<mjloggm ver="2.3"><GO type="169" lobby="0"/><UN n0="%E3%83%88%E3%83%88%E3%83%AA%E5%85%88%E7%94%9F%31%39%E6%AD%B3" n1="%E6%9C%88%E8%A9%A0%E3%81%95%E3%82%93" n2="%E3%83%8F%E3%83%AF%E3%82%A4%E3%82%A2%E3%83%B3" n3="%4B%E3%80%82" dan="18,16,16,17" rate="2282.04,2136.72,2088.70,2117.35" sx="F,F,M,M"/><TAIKYOKU oya="0"/><INIT seed="0,0,0,5,4,99" ten="250,250,250,250" oya="0" hai0="130,14,126,13,26,120,15,135,112,38,39,92,67" hai1="73,124,81,113,55,69,108,2,40,72,90,88,61" hai2="21,102,59,66,97,123,12,41,49,104,10,9,5" hai3="54,128,4,116,118,45,27,20,24,29,79,119,33"/><T121/><D112/><U134/><E113/><V58/><F123/><W95/><G79/><T107/><D107/><U1/><E40/><V115/><F115/><W117/><G128/><T63/><D130/><U109/><E124/><V60/><F21/><W30/><N who="3" m="29696" /><DORA hai="3" /><W64/><G64/><T37/><D126/><U100/><E134/><V131/><F131/><W114/><G114/><T34/><D135/><U56/><E69/><V103/><F103/><W84/><G45/><T110/><D110/><N who="1" m="42603" /><E100/><V82/><F82/><W23/><G54/><T86/><D26/><U6/><E2/><V32/><F32/><W11/><G84/><T25/><D25/><U62/><E62/><V44/><REACH who="2" step="1"/><F10/><REACH who="2" ten="250,250,240,250" step="2"/><W132/><G132/><T47/><D34/><U78/><E73/><V17/><F17/><W129/><G129/><T22/><D22/><U7/><E7/><V53/><F53/><W93/><REACH who="3" step="1"/><G33/><REACH who="3" ten="250,250,240,240" step="2"/><T111/><D111/><U19/><E55/><V106/><F106/><W87/><G87/><T94/><D86/><U48/><E72/><V16/><F16/><W80/><G80/><T43/><D121/><U51/><E19/><V127/><F127/><W74/><G74/><T133/><D120/><U71/><E81/><V76/><F76/><W77/><G77/><T85/><D133/><U35/><E78/><V65/><F65/><W28/><G28/><T0/><D85/><U96/><E35/><V57/><AGARI ba="0,2" hai="5,9,12,41,44,49,57,58,59,60,66,97,102,104" machi="57" ten="20,8000,1" yaku="1,1,0,1,7,1,52,2,53,0" doraHai="99,3" doraHaiUra="83,122" who="2" fromWho="2" sc="250,-40,250,-20,240,100,240,-20" /><INIT seed="1,0,0,4,3,52" ten="210,230,340,220" oya="1" hai0="91,17,23,61,28,57,16,89,30,104,102,41,131" hai1="74,83,34,71,21,125,84,79,43,63,101,85,132" hai2="1,99,96,127,69,112,38,105,39,117,20,118,36" hai3="33,78,9,15,110,97,11,47,100,106,46,113,68"/><U75/><E34/><V77/><F77/><W120/><G113/><T62/><D131/><U114/><E114/><V123/><F20/><W5/><G120/><T4/><D41/><U82/><E43/><V87/><F87/><W93/><G110/><T3/><D3/><U32/><E32/><V13/><F13/><W56/><G68/><T70/><D4/><U45/><E45/><V48/><F1/><W2/><G33/><T50/><D70/><U134/><E21/><V22/><F112/><W115/><G115/><T88/><D102/><U121/><E71/><V109/><F22/><W86/><G78/><T80/><D104/><U59/><E101/><V51/><F127/><W64/><G86/><T7/><D7/><U67/><E121/><V116/><F123/><W53/><G64/><T73/><D17/><U119/><E119/><V25/><F69/><W98/><G98/><N who="2" m="37417" /><F25/><W92/><G106/><T60/><D80/><U128/><E128/><V65/><F105/><W81/><G81/><T95/><D95/><U124/><E75/><V108/><F65/><W72/><G92/><T122/><D73/><U58/><E74/><V37/><N who="2" m="9216" /><DORA hai="66" /><V55/><F55/><W107/><G107/><T24/><D122/><U27/><E27/><V111/><AGARI ba="0,0" hai="48,51,108,109,111,116,117,118" m="9216,37417" machi="111" ten="80,8000,1" yaku="29,2,28,2,14,1" doraHai="52,66" who="2" fromWho="2" sc="210,-20,230,-40,340,80,220,-20" /><INIT seed="2,0,0,4,3,54" ten="190,190,420,200" oya="2" hai0="2,115,80,89,121,57,75,69,103,1,29,62,36" hai1="15,28,76,102,23,49,118,82,32,38,86,55,19" hai2="6,50,122,58,101,79,17,20,30,25,56,96,37" hai3="13,84,116,21,12,135,99,105,16,129,114,0,107"/><V22/><F37/><W64/><G0/><T81/><D115/><U68/><E118/><V110/><F122/><W117/><G114/><T26/><D121/><U95/><E38/><V104/><F79/><W9/><G135/><T127/><D69/><U131/><E68/><V100/><F100/><W66/><G129/><T24/><D36/><U111/><E131/><V119/><F119/><W92/><G116/><T65/><D127/><U128/><E128/><V94/><F6/><W48/><G117/><T130/><D130/><U47/><E111/><V87/><F50/><W33/><G33/><T11/><D26/><U27/><E95/><V59/><F110/><W124/><G124/><T39/><D39/><U73/><E102/><V4/><F4/><W74/><G74/><T85/><D2/><U134/><E134/><V35/><REACH who="2" step="1"/><F17/><REACH who="2" ten="190,190,410,200" step="2"/><W3/><G48/><T98/><D103/><U53/><E73/><V77/><F77/><W60/><G16/><T97/><D75/><U106/><E106/><V72/><F72/><W108/><G107/><T34/><D1/><U51/><E51/><V31/><F31/><W88/><G3/><T120/><D120/><U125/><E125/><V93/><F93/><W43/><G105/><T78/><D78/><U126/><E126/><V90/><AGARI ba="0,1" hai="20,22,25,30,35,56,58,59,87,90,94,96,101,104" machi="90" ten="30,12000,1" yaku="1,1,0,1,52,3,53,0" doraHai="54" doraHaiUra="10" who="2" fromWho="2" sc="190,-40,190,-40,410,130,200,-40" /><INIT seed="2,1,0,3,2,34" ten="150,150,540,160" oya="2" hai0="31,30,39,64,17,3,75,73,112,82,26,33,88" hai1="78,20,16,116,62,109,135,35,104,65,51,10,6" hai2="63,119,57,45,131,48,79,74,42,105,19,118,59" hai3="98,128,37,115,130,56,134,108,124,7,38,100,80"/><V61/><F105/><W29/><G29/><T106/><D112/><U36/><E36/><V122/><F122/><W99/><G108/><T121/><D121/><U12/><E116/><V25/><F131/><W69/><G69/><T125/><D39/><U81/><E104/><V52/><F74/><W9/><G115/><T8/><D106/><U132/><E35/><V133/><F79/><W87/><G56/><T102/><D102/><U55/><E109/><V94/><F133/><W23/><G23/><T54/><D125/><U71/><E51/><V83/><F83/><W95/><G124/><T66/><D31/><U110/><E55/><V85/><F85/><W126/><G126/><T44/><D75/><U101/><E101/><V67/><F94/><W114/><G98/><T1/><D66/><U60/><E60/><V93/><F93/><W18/><G18/><T111/><D64/><U5/><E110/><V129/><F129/><N who="3" m="49771" /><G134/><N who="1" m="51242" /><E20/><V28/><F19/><W41/><G41/><T43/><D43/><U21/><E21/><AGARI ba="1,0" hai="21,25,28,42,45,48,52,57,59,61,63,67,118,119" machi="21" ten="30,2900,0" yaku="7,1,54,1" doraHai="34" who="2" fromWho="1" sc="150,0,150,-32,540,32,160,0" /><INIT seed="2,2,0,4,4,104" ten="150,118,572,160" oya="2" hai0="105,115,118,80,33,111,60,31,102,49,84,55,77" hai1="106,86,63,22,135,124,82,76,4,122,56,41,68" hai2="119,87,45,16,101,88,134,116,113,117,18,83,128" hai3="11,0,23,51,5,50,72,78,44,133,15,126,90"/><V27/><F113/><W2/><G126/><T129/><D115/><U10/><E68/><V24/><F128/><W74/><G133/><T85/><D129/><U57/><E106/><V61/><F134/><W48/><G44/><T89/><D111/><U92/><E135/><V59/><F45/><W37/><G37/><T108/><D108/><U66/><E124/><V130/><F101/><W43/><G43/><T25/><D118/><U9/><E122/><V53/><F130/><W107/><G107/><T12/><D105/><U36/><E36/><V19/><AGARI ba="2,0" hai="16,18,19,24,27,53,59,61,83,87,88,116,117,119" machi="19" ten="40,7800,0" yaku="0,1,54,2" doraHai="104" who="2" fromWho="2" sc="150,-28,118,-28,572,84,160,-28" /><INIT seed="2,3,0,4,4,89" ten="122,90,656,132" oya="2" hai0="105,12,107,23,98,95,42,29,39,20,81,79,109" hai1="100,27,15,54,85,132,69,25,135,66,91,72,131" hai2="88,97,38,37,111,129,22,94,62,80,118,3,8" hai3="45,113,2,76,119,65,115,24,64,128,4,9,103"/><V58/><F118/><W1/><G119/><T77/><D109/><U26/><E72/><V63/><F111/><W114/><G128/><T71/><D71/><U133/><E131/><V35/><F35/><W50/><G2/><T6/><D79/><U46/><E100/><V117/><F117/><W126/><G126/><T123/><D123/><U5/><E66/><V40/><F40/><W17/><G76/><T96/><D96/><U41/><E69/><V125/><F125/><W104/><G104/><T83/><D83/><U121/><E54/><V68/><F80/><W116/><G103/><T55/><D55/><U75/><E75/><V127/><F129/><W90/><G116/><T108/><D108/><U130/><E130/><V0/><F22/><N who="3" m="13391" /><G90/><T34/><D34/><U44/><E121/><V53/><F127/><W74/><G74/><T120/><D120/><U49/><E46/><V57/><F68/><W99/><G99/><T56/><D105/><U134/><N who="1" m="33792" /><DORA hai="32" /><U13/><REACH who="1" step="1"/><E5/><REACH who="1" ten="122,80,656,132" step="2"/><V30/><F53/><AGARI ba="3,1" hai="1,4,9,45,50,53,64,65,113,114,115" m="13391" machi="53" ten="30,2000,0" yaku="11,1,52,1" doraHai="89,32" who="3" fromWho="2" sc="122,0,80,0,656,-29,132,39" /><INIT seed="3,0,0,2,2,50" ten="122,80,627,171" oya="3" hai0="112,119,14,122,82,63,101,23,46,27,41,57,67" hai1="18,99,106,109,134,56,64,77,2,98,12,113,132" hai2="100,20,47,87,44,129,36,105,103,68,61,9,70" hai3="79,93,34,31,117,102,95,121,17,51,76,73,28"/><W127/><G34/><T97/><D112/><U130/><E2/><V111/><F111/><W45/><G73/><T35/><D119/><U24/><E113/><V13/><F20/><W133/><G121/><T60/><D122/><U58/><E109/><V55/><F129/><W10/><G117/><T49/><D35/><U96/><E130/><V43/><F87/><W48/><G127/><T72/><D63/><U78/><E106/><V128/><F105/><W118/><G118/><T92/><D72/><U81/><E24/><V69/><F128/><W22/><G133/><N who="1" m="51306" /><E64/><V40/><F61/><W114/><G10/><T115/><D115/><U5/><E5/><V65/><F65/><W42/><G51/><T59/><D82/><U26/><E26/><V4/><REACH who="2" step="1"/><F55/><REACH who="2" ten="122,80,617,171" step="2"/><W7/><G22/><T124/><D124/><U32/><E32/><V108/><F108/><W110/><G110/><T21/><D60/><U88/><E78/><V30/><F30/><W120/><G31/><N who="0" m="17903" /><D67/><U62/><E62/><V33/><F33/><W71/><G120/><T25/><D25/><U91/><E77/><V29/><F29/><W1/><G28/><T104/><D104/><U8/><E91/><V75/><F75/><W0/><G79/><T19/><AGARI ba="0,1" hai="14,19,23,41,46,49,57,59,92,97,101" m="17903" machi="19" ten="30,1100,0" yaku="8,1" doraHai="50" who="0" fromWho="0" sc="122,21,80,-3,617,-3,171,-5" /><INIT seed="4,0,0,2,0,124" ten="143,77,614,166" oya="0" hai0="25,134,33,112,114,16,7,106,72,2,51,28,125" hai1="92,118,135,18,117,53,107,13,132,42,12,65,115" hai2="110,89,77,127,46,75,71,83,59,38,60,133,101" hai3="73,43,87,76,4,121,81,36,68,58,79,123,126"/><T14/><D72/><U98/><E107/><V113/><F110/><W94/><G68/><T99/><D125/><U70/><E42/><V27/><F71/><W8/><G126/><T63/><D63/><U23/><E115/><N who="0" m="44073" /><D51/><U97/><E65/><V66/><F46/><N who="3" m="23911" /><G58/><T49/><D49/><U52/><E70/><V119/><F133/><W0/><G94/><T129/><D134/><U30/><E30/><V34/><F60/><W96/><G96/><T26/><D99/><U102/><E92/><V22/><F59/><W56/><G56/><T50/><D50/><U69/><E69/><V131/><F38/><W78/><G87/><T45/><D129/><U116/><E116/><V90/><F131/><W32/><G32/><T29/><D45/><U108/><E102/><V3/><F101/><W103/><G103/><T6/><D2/><U61/><E61/><V40/><F3/><W84/><G84/><T19/><D106/><U122/><E98/><V95/><F127/><W37/><G37/><T85/><D85/><U86/><E86/><V11/><F95/><W1/><G1/><T17/><D14/><U80/><E97/><V41/><F113/><W100/><G100/><T91/><D91/><U54/><E135/><V15/><F119/><W88/><G88/><T31/><D31/><U9/><E132/><V48/><F89/><W128/><G128/><T105/><D105/><U62/><E118/><V21/><F90/><W47/><G47/><T74/><D74/><U67/><E117/><V82/><F48/><W111/><G111/><T55/><D55/><U39/><E108/><RYUUKYOKU ba="0,0" sc="143,15,77,-15,614,-15,166,15" hai0="6,7,16,17,19,25,26,28,29,33" hai3="0,4,8,73,76,78,79,81,121,123" /><INIT seed="4,1,0,2,3,43" ten="158,62,599,181" oya="0" hai0="1,109,7,119,65,19,42,18,27,52,48,135,51" hai1="10,122,132,11,123,31,56,41,68,60,37,55,22" hai2="126,82,124,32,49,81,129,45,89,2,35,80,108" hai3="88,14,28,34,26,93,87,112,85,114,50,13,64"/><T117/><D135/><U134/><E68/><V69/><F69/><W110/><G110/><T3/><D109/><U29/><E41/><V130/><F2/><W97/><G64/><T58/><D65/><U92/><E37/><V91/><F108/><W121/><G121/><T127/><D127/><N who="2" m="48682" /><F89/><W20/><G50/><T128/><D128/><N who="2" m="49258" /><F91/><W44/><G44/><T133/><D133/><N who="1" m="51307" /><E92/><V67/><F67/><W54/><G54/><AGARI ba="1,0" hai="32,35,45,49,54,80,81,82" m="49258,48682" machi="54" ten="40,5200,0" yaku="18,1,19,1,52,1" doraHai="43" who="2" fromWho="3" sc="158,0,62,0,599,55,181,-55" /><INIT seed="5,0,0,4,0,83" ten="158,62,654,126" oya="1" hai0="60,9,93,40,82,131,127,37,28,12,63,5,52" hai1="20,69,36,71,122,95,118,11,86,53,19,124,13" hai2="23,57,50,41,132,67,91,99,77,64,111,6,85" hai3="10,0,61,4,45,34,32,108,48,120,33,126,106"/><U2/><E122/><V94/><F111/><W76/><G120/><T16/><D131/><U114/><E118/><V8/><F23/><W3/><G108/><T58/><D127/><U119/><E119/><V56/><F41/><W1/><G106/><T35/><D37/><U38/><E124/><V75/><F75/><W24/><G126/><T15/><D40/><U29/><E114/><V110/><F110/><W31/><G76/><T97/><D82/><U42/><E29/><V129/><F132/><W17/><G61/><N who="0" m="36039" /><D28/><U89/><E53/><V25/><F25/><N who="3" m="18543" /><G48/><T72/><D72/><U44/><REACH who="1" step="1"/><E38/><REACH who="1" ten="158,52,654,126" step="2"/><V102/><F129/><W125/><G125/><T54/><D54/><U22/><E22/><V135/><F135/><W116/><G116/><T43/><D43/><U88/><E88/><V14/><F91/><W78/><G78/><T26/><D35/><N who="3" m="13321" /><G45/><T123/><D123/><U100/><E100/><V39/><F102/><W109/><G109/><T46/><D46/><U103/><E103/><V134/><F39/><W128/><G128/><T81/><D63/><U96/><E96/><V84/><F99/><W92/><G92/><T130/><D60/><U79/><E79/><V51/><F94/><W104/><G104/><T21/><D130/><U112/><E112/><V133/><F77/><W55/><G55/><T87/><D81/><U90/><E90/><V59/><F133/><W70/><G70/><T115/><D115/><U74/><E74/><V27/><F134/><W121/><G121/><T47/><D97/><U98/><E98/><V80/><F80/><W66/><G66/><RYUUKYOKU ba="0,1" sc="158,-15,52,15,654,-15,126,15" hai1="2,11,13,19,20,36,42,44,69,71,86,89,95" hai3="0,1,3,4,10,17,24" /><INIT seed="5,1,1,5,0,104" ten="143,67,639,141" oya="1" hai0="29,94,39,91,15,6,58,22,61,47,109,88,57" hai1="72,62,76,40,42,111,96,2,60,54,34,20,100" hai2="37,36,117,95,92,71,93,75,63,108,26,44,67" hai3="116,85,24,55,90,51,82,102,49,98,89,81,21"/><U14/><E34/><V13/><F75/><W0/><G0/><T80/><D109/><U129/><E2/><V125/><F125/><W52/><G116/><T3/><D3/><U18/><E111/><V25/><F13/><W8/><G8/><N who="0" m="4503" /><D39/><U106/><E129/><V73/><F73/><W115/><G115/><T105/><D105/><U31/><E31/><V4/><F37/><W123/><G123/><T135/><D135/><U113/><E113/><V46/><F46/><N who="3" m="27703" /><G102/><T120/><D120/><U65/><E54/><V112/><F93/><N who="3" m="56631" /><G89/><T78/><D47/><U11/><E11/><V45/><F4/><W133/><G85/><N who="0" m="50215" /><D78/><U69/><REACH who="1" step="1"/><E62/><REACH who="1" ten="143,57,639,141" step="2"/><V33/><F63/><W118/><G118/><T131/><D61/><U99/><E99/><V32/><F117/><W30/><G133/><T74/><D131/><U124/><E124/><V56/><F32/><W126/><G126/><T23/><D29/><U101/><E101/><V97/><F33/><W68/><G68/><T110/><D110/><U130/><E130/><V1/><F97/><W84/><G84/><N who="0" m="52583" /><D74/><U50/><E50/><V107/><F1/><W127/><G127/><T41/><D41/><U5/><E5/><V79/><F112/><W103/><G103/><T17/><D22/><U48/><E48/><V35/><F35/><W53/><G53/><T16/><D23/><U134/><E134/><V86/><F108/><W122/><G122/><T64/><D64/><U12/><E12/><V27/><F67/><W114/><G114/><T128/><D128/><U83/><AGARI ba="1,2" hai="14,18,20,40,42,60,65,69,72,76,83,96,100,106" machi="83" ten="30,11700,0" yaku="1,1,0,1,52,1,53,1" doraHai="104" doraHaiUra="10" who="1" fromWho="1" sc="143,-40,57,140,639,-40,141,-40" /><INIT seed="5,2,0,2,3,59" ten="103,197,599,101" oya="1" hai0="27,131,125,46,123,26,29,54,21,101,49,42,75" hai1="132,1,30,61,38,134,114,127,34,19,24,82,62" hai2="117,65,103,43,86,88,87,41,124,71,96,55,10" hai3="17,11,37,121,57,79,94,122,13,39,102,60,69"/><U0/><E38/><V118/><F124/><W80/><G69/><T90/><D123/><U47/><E127/><V32/><F32/><W23/><G39/><T35/><D125/><U63/><E114/><V83/><F10/><W15/><G37/><T92/><D131/><U130/><E130/><V116/><F55/><W48/><G48/><T133/><D133/><N who="1" m="51307" /><E47/><V20/><F20/><W120/><G102/><T85/><D101/><U73/><E19/><V100/><F86/><W31/><G94/><T53/><REACH who="0" step="1"/><D75/><REACH who="0" ten="93,197,599,101" step="2"/><U28/><E28/><AGARI ba="2,1" hai="21,26,27,28,29,35,42,46,49,53,54,85,90,92" machi="28" ten="30,8000,1" yaku="1,1,2,1,7,1,53,2" doraHai="59" doraHaiUra="22" who="0" fromWho="1" sc="93,96,197,-86,599,0,101,0" /><INIT seed="6,0,0,5,2,130" ten="189,111,599,101" oya="2" hai0="129,107,24,10,89,43,65,51,111,7,116,100,22" hai1="109,81,123,113,99,86,128,131,29,85,63,106,4" hai2="0,125,41,25,101,58,77,3,68,67,37,112,54" hai3="79,96,17,124,45,32,36,126,75,40,74,21,26"/><V132/><F132/><W1/><G1/><T104/><D111/><U56/><E109/><V59/><F77/><W12/><G96/><T64/><D129/><N who="1" m="49739" /><E113/><V18/><F58/><W31/><REACH who="3" step="1"/><G79/><REACH who="3" ten="189,111,599,91" step="2"/><T98/><D98/><U53/><E123/><V44/><F3/><W35/><G35/><T97/><D97/><U33/><E99/><V60/><F0/><W30/><G30/><T16/><D104/><U50/><E106/><V69/><F112/><W57/><G57/><T122/><D107/><U80/><E29/><V28/><F28/><W62/><G62/><T13/><D122/><U42/><E33/><V119/><F60/><W19/><G19/><T71/><D100/><U88/><E4/><V46/><F18/><W39/><G39/><T11/><D16/><U61/><E42/><V47/><F41/><W87/><G87/><T114/><D43/><U76/><AGARI ba="0,1" hai="50,53,56,61,63,76,80,81,85,86,88" m="49739" machi="76" ten="30,2000,0" yaku="19,1,54,1" doraHai="130" who="1" fromWho="1" sc="189,-5,111,30,599,-10,91,-5" /><INIT seed="7,0,0,4,4,33" ten="184,141,589,86" oya="3" hai0="1,68,78,39,75,48,120,66,26,18,135,128,122" hai1="7,10,123,125,54,29,24,89,60,96,127,92,114" hai2="34,90,133,42,115,47,6,65,20,28,70,44,116" hai3="43,5,100,130,46,50,108,2,121,37,99,8,73"/><W21/><G121/><T129/><D39/><U40/><E123/><V52/><F34/><W82/><G130/><N who="0" m="50283" /><D1/><U86/><E114/><V118/><F70/><W103/><G108/><T81/><D135/><U97/><E40/><V111/><F42/><W27/><G50/><T59/><D68/><U109/><E109/><V83/><F65/><W87/><G99/><T9/><D26/><U74/><E74/><V112/><F6/><W126/><G126/><N who="1" m="48138" /><E54/><V15/><F52/><W4/><G4/><T36/><D36/><U69/><E69/><V49/><F49/><W101/><G73/><T107/><D107/><U91/><E91/><V35/><F28/><W38/><G38/><T93/><D93/><U98/><E60/><V95/><F20/><W104/><G104/><T131/><D131/><U67/><E67/><V134/><F15/><W72/><G72/><T30/><D30/><U76/><E76/><V53/><F53/><W3/><G3/><T58/><D48/><U84/><E84/><N who="2" m="52679" /><F83/><W22/><REACH who="3" step="1"/><G27/><REACH who="3" ten="184,141,589,76" step="2"/><T19/><D120/><U124/><E124/><V31/><F111/><W119/><G119/><T13/><D122/><U11/><E7/><V110/><F110/><W57/><G57/><T56/><D66/><U16/><E16/><AGARI ba="0,1" hai="9,13,16,18,19,56,58,59,75,78,81" m="50283" machi="16" ten="30,2000,0" yaku="19,1,54,1" doraHai="33" who="0" fromWho="1" sc="184,30,141,-20,589,0,76,0" owari="214,1.0,121,-28.0,589,69.0,76,-42.0" /></mjloggm>