<mjloggm ver="2.3"><GO type="41" lobby="0"/><UN n0="%E7%A2%BA%E8%AA%8D%E4%BA%8B%E9%A0%85" n1="%E3%83%88%E3%83%88%E3%83%AA%E5%85%88%E7%94%9F%31%39%E6%AD%B3" n2="%E5%BB%83%E4%BA%BA%E9%81%94%E9%9B%86%E5%90%88" n3="%64%6F%6D%75%73%61%6E" dan="15,14,15,13" rate="2027.60,2032.02,2015.38,1830.42" sx="M,F,M,M"/><TAIKYOKU oya="0"/><INIT seed="0,0,0,3,3,7" ten="250,250,250,250" oya="0" hai0="37,9,53,125,40,12,91,107,57,29,51,66,122" hai1="54,70,5,119,128,118,113,73,123,55,49,102,42" hai2="92,129,38,61,64,117,46,121,126,25,22,79,108" hai3="116,104,87,60,78,28,132,32,84,14,106,133,100"/><T101/><D122/><U75/><E123/><V131/><F121/><W89/><G116/><T41/><D125/><U127/><E70/><V4/><F117/><W35/><G78/><T82/><D37/><U85/><E49/><V10/><F126/><W99/><G106/><T24/><D66/><U59/><E5/><V33/><F33/><W74/><G74/><T115/><D115/><U95/><E59/><V39/><F79/><W20/><G60/><T72/><D101/><U130/><E102/><V48/><F92/><W109/><G109/><T11/><D107/><U43/><E95/><V18/><F108/><W114/><G114/><T120/><D120/><U31/><E113/><V124/><F124/><W111/><G111/><T69/><D69/><U56/><E127/><V36/><F61/><W103/><G103/><T80/><D72/><U19/><E56/><V2/><REACH who="2" step="1"/><F64/><REACH who="2" ten="250,250,240,250" step="2"/><W34/><G35/><T6/><D82/><U98/><E119/><V112/><F112/><W110/><G110/><T44/><D80/><U52/><E118/><V134/><F134/><W68/><G34/><T83/><D83/><U16/><E130/><V3/><F3/><W76/><G76/><T135/><D135/><U81/><E128/><V26/><F26/><W8/><G32/><T86/><D24/><U58/><E75/><V71/><F71/><W77/><G68/><T62/><D62/><U97/><E81/><V90/><F90/><W63/><G77/><T21/><D91/><U1/><E1/><V50/><F50/><W105/><G63/><T0/><D0/><U93/><E73/><RYUUKYOKU ba="0,1" sc="250,-10,250,-10,240,30,250,-10" hai2="2,4,10,18,22,25,36,38,39,46,48,129,131" /><INIT seed="1,1,1,1,0,10" ten="240,240,270,240" oya="1" hai0="38,83,121,77,114,98,120,89,43,16,132,44,31" hai1="96,92,110,126,100,29,40,122,109,103,35,5,107" hai2="115,45,135,7,133,116,129,24,68,4,119,81,86" hai3="13,23,79,15,32,21,56,33,0,76,105,134,124"/><U93/><E122/><N who="0" m="47209" /><D31/><U36/><E126/><V90/><F68/><W85/><G56/><T102/><D114/><U64/><E5/><V57/><F115/><W11/><G11/><T130/><D130/><U113/><E113/><V9/><F7/><W1/><G85/><N who="0" m="48367" /><D132/><N who="2" m="50762" /><F129/><W87/><G87/><T28/><D28/><U70/><E40/><V14/><F24/><W82/><G134/><T75/><D75/><U128/><E36/><V67/><F45/><W26/><G26/><T78/><D78/><U51/><E51/><V74/><F74/><W99/><G82/><T61/><D89/><U84/><E128/><V125/><F125/><W66/><G66/><T112/><D112/><U101/><E29/><V118/><F119/><W104/><REACH who="3" step="1"/><G99/><REACH who="3" ten="240,240,270,230" step="2"/><T58/><D98/><N who="1" m="59471" /><E84/><V30/><F30/><W27/><G27/><T63/><D58/><U73/><E73/><V2/><F2/><W25/><G25/><T117/><D117/><U60/><E96/><V80/><F81/><W94/><G94/><T46/><D46/><U20/><E92/><V34/><F118/><W42/><G42/><T39/><D43/><U3/><E3/><V12/><F116/><W8/><G8/><T55/><D44/><U111/><E110/><V88/><F86/><W72/><G72/><T106/><D55/><U54/><E111/><V123/><F123/><W108/><G108/><T69/><D69/><U97/><E109/><V18/><F80/><W131/><G131/><T50/><D106/><U59/><E101/><V71/><F71/><W17/><G17/><T48/><D102/><U52/><E103/><RYUUKYOKU ba="1,2" sc="240,-10,240,-10,270,-10,230,30" hai3="0,1,13,15,21,23,32,33,76,79,104,105,124" /><INIT seed="2,2,2,1,0,13" ten="230,230,260,260" oya="2" hai0="78,135,105,72,59,77,107,96,12,33,124,37,123" hai1="47,15,82,50,92,133,31,131,40,97,43,70,66" hai2="53,28,18,119,9,108,10,89,62,41,94,17,112" hai3="125,55,0,23,58,48,38,35,76,4,2,49,98"/><V1/><F119/><W110/><G110/><T127/><D123/><U46/><E131/><V91/><F108/><W71/><G38/><T52/><D135/><U103/><E133/><V116/><F116/><W73/><G71/><T24/><D37/><U121/><E121/><V122/><F122/><W61/><G35/><T14/><D14/><U80/><E31/><V81/><F28/><W90/><G125/><N who="0" m="48203" /><D33/><U60/><REACH who="1" step="1"/><E15/><REACH who="1" ten="230,220,260,260" step="2"/><V102/><F112/><W7/><G2/><T57/><D12/><U95/><E95/><V8/><F1/><W115/><G0/><T132/><D132/><U130/><E130/><V88/><F81/><W34/><G115/><T65/><D107/><U114/><E114/><V86/><F41/><W111/><G111/><T99/><D105/><U118/><E118/><V11/><F11/><W128/><G128/><T104/><D104/><U44/><E44/><V36/><F36/><AGARI ba="2,3" hai="36,40,43,46,47,50,60,66,70,80,82,92,97,103" machi="36" ten="30,2000,0" yaku="1,1,7,1,53,0" doraHai="13" doraHaiUra="22" who="1" fromWho="2" sc="230,0,220,56,260,-26,260,0" /><INIT seed="3,0,0,5,3,44" ten="230,276,234,260" oya="3" hai0="10,110,72,96,66,31,45,83,24,75,58,15,134" hai1="93,4,73,95,14,129,121,74,37,106,79,87,78" hai2="101,81,13,21,124,64,55,94,102,80,22,112,109" hai3="57,33,71,49,118,17,84,60,107,7,40,114,11"/><W47/><G114/><T126/><D110/><U36/><E14/><V16/><F112/><W5/><G107/><T65/><D126/><U128/><E106/><V88/><F124/><W117/><G33/><T98/><D134/><U18/><E18/><V54/><F109/><W53/><G71/><T19/><D45/><U52/><E87/><V1/><F64/><W103/><G103/><T111/><D111/><U25/><E25/><V51/><F54/><W85/><G85/><T69/><D69/><U2/><E52/><V3/><F3/><W92/><G17/><T99/><D83/><N who="2" m="31818" /><F21/><W28/><G28/><T82/><D82/><U12/><E12/><V0/><F0/><W46/><G46/><T127/><D127/><U86/><E2/><V9/><F9/><W27/><G27/><T130/><D130/><U38/><E121/><V26/><F26/><W108/><G108/><T131/><D131/><N who="1" m="50251" /><E86/><N who="2" m="52503" /><F1/><W76/><G11/><T133/><D24/><U50/><E4/><N who="3" m="1610" /><G92/><T30/><D30/><U32/><E32/><V29/><F29/><W41/><G40/><T35/><D31/><U91/><E37/><V115/><F115/><W62/><G60/><T132/><D35/><U89/><E36/><V100/><F100/><W77/><G77/><T70/><D133/><U120/><E79/><V113/><F113/><W122/><G122/><T8/><D132/><U68/><E120/><V97/><F97/><W39/><G39/><T59/><D10/><U34/><E38/><V42/><F42/><W105/><G105/><T48/><D8/><U116/><E34/><V20/><F20/><RYUUKYOKU ba="0,0" sc="230,-15,276,-15,234,15,260,15" hai2="13,16,22,51,55,101,102" hai3="41,47,49,53,57,62,76,84,117,118" /><INIT seed="3,1,0,1,2,117" ten="215,261,249,275" oya="3" hai0="8,85,47,0,79,109,1,134,123,119,77,36,72" hai1="61,37,126,86,18,97,44,115,69,53,19,102,10" hai2="122,31,50,39,27,116,32,55,2,30,28,57,11" hai3="7,132,118,88,111,48,103,24,58,135,67,78,87"/><W13/><G118/><T49/><D119/><U104/><E115/><V38/><F116/><W84/><G103/><T112/><D72/><U62/><E126/><V125/><F125/><W25/><G78/><T59/><D112/><U46/><E69/><V90/><F90/><W15/><G7/><T45/><D109/><U74/><E74/><V76/><F76/><W54/><G67/><T98/><D98/><U16/><E10/><V113/><F113/><W101/><G101/><T70/><D70/><U65/><E65/><V105/><F105/><W66/><G66/><T114/><D114/><U89/><E37/><V91/><F91/><W110/><G87/><T42/><D59/><U26/><E26/><V34/><F122/><W108/><G24/><T93/><D123/><U131/><E131/><V43/><F27/><W68/><G68/><T82/><D93/><U3/><E3/><V51/><F32/><W33/><G33/><T96/><D96/><U9/><E9/><V120/><F120/><W81/><G25/><T22/><D8/><U63/><REACH who="1" step="1"/><E53/><REACH who="1" ten="215,251,249,275" step="2"/><V128/><F128/><W4/><G4/><T71/><D71/><U60/><N who="1" m="15360" /><DORA hai="100" /><U12/><E12/><AGARI ba="1,1" hai="12,13,15,48,54,58,81,84,88,108,110,111,132,135" machi="12" ten="50,9600,0" yaku="14,1,10,1,54,1" doraHai="117,100" who="3" fromWho="1" sc="215,0,251,-99,249,0,275,109" /><INIT seed="3,2,0,2,1,98" ten="215,152,249,384" oya="3" hai0="51,122,31,27,67,0,46,100,121,15,114,58,37" hai1="2,17,32,30,76,91,61,72,112,119,60,1,50" hai2="25,9,109,59,62,48,113,74,120,82,110,73,124" hai3="133,104,57,77,127,35,42,131,34,6,99,93,116"/><W129/><G116/><T70/><D0/><U21/><E112/><V63/><F113/><W96/><G104/><T40/><D114/><U53/><E119/><V115/><F115/><W28/><G77/><T123/><D15/><U33/><E2/><V132/><F120/><W78/><G78/><T64/><D70/><U55/><E1/><V49/><F82/><W4/><G42/><T90/><D90/><U126/><E126/><V11/><F59/><W118/><G118/><T71/><D71/><U80/><E91/><V130/><F25/><W22/><G57/><T38/><D38/><U83/><E83/><V97/><F97/><W105/><G105/><T14/><D14/><U13/><E53/><V88/><F124/><W36/><G36/><T52/><REACH who="0" step="1"/><D100/><REACH who="0" ten="205,152,249,384" step="2"/><U7/><E13/><V86/><F88/><W111/><G127/><T54/><D54/><U26/><E55/><V29/><F9/><W47/><G129/><T92/><D92/><U19/><E76/><V125/><F11/><W94/><G93/><T81/><D81/><U75/><E80/><V8/><F8/><W3/><G94/><T56/><D56/><U101/><E101/><V84/><F125/><W5/><G131/><T44/><D44/><U39/><E39/><V18/><F130/><W128/><G47/><T135/><D135/><U41/><E41/><V106/><F106/><W16/><G128/><T43/><D43/><U102/><E102/><V10/><F10/><W65/><G133/><T117/><D117/><U89/><E89/><V66/><F132/><W68/><G68/><T23/><AGARI ba="2,1" hai="23,27,31,37,40,46,51,52,58,64,67,121,122,123" machi="23" ten="30,8000,1" yaku="1,1,5,1,0,1,54,1,53,1" doraHai="98" doraHaiUra="20" who="0" fromWho="0" sc="205,96,152,-22,249,-22,384,-42" /><INIT seed="4,0,0,4,0,104" ten="301,130,227,342" oya="0" hai0="132,59,68,96,67,127,71,37,112,123,40,106,9" hai1="107,30,73,91,117,108,20,26,92,2,55,34,58" hai2="94,66,0,12,116,64,45,23,11,48,62,17,27" hai3="99,89,75,72,74,95,19,80,13,39,70,49,35"/><T10/><D123/><U120/><E120/><V7/><F116/><W33/><G70/><T57/><D106/><U109/><E117/><V76/><F76/><W65/><G65/><T41/><D96/><U52/><E107/><V118/><F118/><W111/><G111/><T101/><D101/><U135/><E2/><V82/><F82/><W126/><G126/><T87/><D127/><U38/><E38/><V51/><F51/><W63/><G39/><T1/><D37/><U25/><E135/><V24/><F94/><W129/><G129/><T46/><D67/><U134/><E134/><V100/><F100/><W44/><G63/><T86/><D46/><U113/><E113/><V21/><F0/><W18/><G80/><T121/><D121/><U5/><E5/><V28/><REACH who="2" step="1"/><F62/><REACH who="2" ten="301,130,217,342" step="2"/><W53/><REACH who="3" step="1"/><G18/><REACH who="3" ten="301,130,217,332" step="2"/><T88/><D132/><U50/><E108/><V84/><F84/><W130/><G130/><T125/><D86/><U47/><E109/><V32/><F32/><W81/><G81/><T15/><D87/><U31/><E34/><V54/><AGARI ba="0,2" hai="7,11,12,17,21,23,24,27,28,45,48,54,64,66" machi="54" ten="20,5200,0" yaku="1,1,0,1,7,1,8,1,53,0" doraHai="104" doraHaiUra="105" who="2" fromWho="2" sc="301,-26,130,-13,217,72,332,-13" /><INIT seed="5,0,0,5,1,95" ten="275,117,289,319" oya="1" hai0="45,7,41,1,24,54,21,91,118,62,92,29,107" hai1="4,31,68,52,13,28,129,58,94,79,5,69,32" hai2="104,22,116,26,100,73,64,15,82,20,111,23,105" hai3="46,34,59,14,93,134,123,42,84,27,131,50,133"/><U85/><E129/><V74/><F111/><W128/><G123/><T87/><D107/><U126/><E126/><V72/><F116/><W120/><G120/><T113/><D118/><U132/><E132/><N who="3" m="50794" /><G14/><T61/><D113/><U18/><E68/><V60/><F15/><W3/><G3/><T30/><D1/><U67/><E67/><V103/><F82/><W12/><G12/><T78/><D7/><N who="1" m="2635" /><E69/><V99/><F26/><W10/><G10/><T70/><D70/><U115/><E32/><V2/><F2/><W71/><G71/><T57/><D78/><U110/><E115/><V53/><F53/><W98/><G84/><T90/><D62/><N who="1" m="36167" /><E110/><V108/><F108/><W51/><G59/><T36/><D91/><N who="1" m="53615" /><E79/><V77/><F77/><W49/><G34/><T122/><D122/><U112/><E112/><V33/><F33/><W16/><G128/><T127/><D127/><U86/><E86/><V109/><F109/><W8/><G131/><T44/><D44/><U97/><E97/><V83/><F83/><W56/><G56/><T125/><D125/><U43/><E43/><V37/><F60/><W66/><G66/><T65/><D65/><U75/><E75/><V48/><F64/><W119/><G119/><T89/><D89/><U38/><E38/><V35/><F35/><W106/><G106/><T40/><D40/><U114/><E114/><V121/><F121/><W19/><G8/><AGARI ba="0,0" hai="8,13,18,28,31" m="53615,36167,2635" machi="8" ten="30,2900,0" yaku="8,1,54,1" doraHai="95" who="1" fromWho="3" sc="275,0,117,29,289,0,319,-29" /><INIT seed="5,1,0,0,3,10" ten="275,146,289,290" oya="1" hai0="111,34,26,65,44,27,126,13,77,101,117,19,83" hai1="133,128,50,127,80,38,96,36,119,61,75,82,58" hai2="84,12,115,132,28,20,14,103,15,113,86,74,124" hai3="6,91,54,105,60,118,98,22,108,57,47,71,49"/><U59/><E119/><V5/><F74/><W73/><G73/><T104/><D111/><U0/><E0/><V63/><F132/><W48/><G108/><T30/><D126/><U55/><E127/><V32/><F124/><W87/><G71/><T131/><D131/><U88/><E128/><V95/><F32/><W85/><G6/><T41/><D65/><U81/><E75/><V17/><F28/><W52/><G105/><T92/><D104/><U33/><E33/><V99/><F5/><W66/><G22/><T107/><D107/><U46/><E133/><V106/><F63/><W23/><G23/><T72/><D27/><U134/><E134/><V114/><F86/><W97/><G97/><T70/><D70/><U31/><E31/><V7/><F7/><W102/><G91/><AGARI ba="1,0" hai="12,14,15,17,20,84,91,95,99,103,106,113,114,115" machi="91" ten="40,8000,1" yaku="15,1,11,1,52,3" doraHai="10" who="2" fromWho="3" sc="275,0,146,0,289,83,290,-83" /><INIT seed="6,0,0,4,0,79" ten="275,146,372,207" oya="2" hai0="91,119,29,117,50,131,1,39,64,44,33,70,134" hai1="20,18,132,16,58,102,122,68,95,57,78,109,93" hai2="63,90,96,49,34,92,51,14,129,72,83,35,97" hai3="4,41,9,56,54,111,22,89,126,7,81,31,120"/><V115/><F129/><W12/><G111/><T105/><D105/><U114/><E109/><V25/><F14/><W133/><G120/><T59/><D1/><U45/><E68/><V77/><F115/><W82/><G133/><T98/><D131/><U10/><E114/><V75/><F75/><W99/><G41/><N who="0" m="22591" /><D134/><U84/><E132/><V76/><F76/><W86/><G126/><T38/><D38/><U0/><E122/><V53/><F25/><N who="3" m="16823" /><G7/><T73/><D73/><U55/><E45/><V107/><F51/><N who="3" m="30815" /><G99/><T40/><D70/><U43/><E43/><V118/><F118/><W47/><G47/><T130/><D130/><U36/><E36/><V30/><F30/><W19/><G19/><T116/><D29/><U69/><E69/><V60/><F34/><W110/><G110/><T135/><D33/><U123/><E123/><V26/><F26/><W28/><G28/><T125/><D125/><U124/><E124/><V32/><F32/><W80/><AGARI ba="0,0" hai="4,9,12,80,81,82,86,89" m="30815,16823" machi="80" ten="30,7900,0" yaku="8,1,52,3" doraHai="79" who="3" fromWho="3" sc="275,-20,146,-20,372,-39,207,79" /><INIT seed="7,0,0,0,3,103" ten="255,126,333,286" oya="3" hai0="82,24,15,132,50,6,1,59,87,63,32,98,71" hai1="108,65,128,86,133,26,112,41,83,19,51,3,113" hai2="13,42,20,89,74,134,102,85,36,96,0,111,2" hai3="104,123,77,29,107,9,25,78,130,5,68,73,72"/><W126/><G68/><T97/><D1/><U110/><E3/><V76/><F111/><W55/><G123/><T67/><D132/><U120/><E51/><V135/><F36/><W48/><G130/><T109/><D109/><U127/><E65/><V57/><F42/><W122/><G122/><T11/><D32/><U27/><E41/><V23/><F23/><W64/><G64/><T81/><D24/><U4/><E86/><V79/><F2/><W43/><G43/><T61/><D50/><U62/><E83/><V21/><F21/><W88/><G126/><T7/><D7/><U106/><E62/><V22/><F0/><W40/><G40/><T92/><D92/><U14/><E106/><N who="2" m="63815" /><F57/><W101/><G101/><T84/><D63/><U47/><E47/><V125/><F125/><W95/><G77/><T38/><D71/><U131/><E127/><V46/><F46/><W70/><G70/><T80/><REACH who="0" step="1"/><D38/><REACH who="0" ten="245,126,333,286" step="2"/><U54/><E54/><V129/><F135/><W69/><G69/><T121/><D121/><U116/><E120/><V115/><F134/><W45/><G25/><T56/><D56/><U30/><E133/><V58/><F58/><W18/><G5/><T60/><D60/><U117/><E4/><V16/><F129/><W31/><G31/><T114/><D114/><U44/><E44/><V39/><F115/><W49/><G29/><T34/><D34/><U119/><E119/><V28/><F39/><W66/><G45/><T12/><D12/><U124/><E124/><V93/><F28/><W118/><G118/><T99/><AGARI ba="0,1" hai="6,11,15,59,61,67,80,81,82,84,87,97,98,99" machi="99" ten="30,7900,0" yaku="1,1,0,1,8,1,53,1" doraHai="103" doraHaiUra="10" who="0" fromWho="0" sc="245,89,126,-20,333,-20,286,-39" owari="334,43.0,106,-39.0,313,11.0,247,-15.0" /></mjloggm>