<mjloggm ver="2.3"><GO type="41" lobby="0"/><UN n0="%75%69%6F%70" n1="%E5%B0%B1%E6%B4%BB%E7%94%9F%40%E5%B7%9D%E6%9D%91%E8%BB%8D%E5%9B%A3" n2="%E5%80%89%E6%95%B7%E6%A5%93%E9%A6%99" n3="%E8%A1%80%E7%85%99" dan="16,14,15,14" rate="1996.14,1958.42,1960.43,1979.84" sx="M,M,F,M"/><TAIKYOKU oya="0"/><INIT seed="0,0,0,4,0,77" ten="250,250,250,250" oya="0" hai0="102,21,80,43,6,9,58,88,49,122,117,54,119" hai1="84,1,59,42,18,134,130,63,38,27,116,57,47" hai2="128,71,75,78,15,37,45,8,32,20,12,105,70" hai3="111,52,65,13,79,24,30,41,14,48,114,60,5"/><T56/><D122/><U3/><E116/><V29/><F105/><W7/><G111/><T53/><D43/><U17/><E130/><V101/><F128/><W4/><G114/><T121/><D121/><U50/><E134/><V82/><F32/><W107/><G107/><T35/><D35/><U31/><E3/><V25/><F101/><W118/><G41/><T76/><D102/><U106/><E106/><V46/><F12/><W81/><G118/><T23/><D119/><U36/><E1/><V96/><F96/><W98/><G98/><T108/><D117/><U16/><E57/><V74/><F74/><W89/><G89/><T90/><D108/><U40/><E84/><V135/><F135/><W129/><G129/><T103/><D103/><U10/><E10/><V34/><F34/><W19/><G19/><T11/><D23/><U95/><E95/><V124/><F124/><W110/><G110/><T126/><D21/><U91/><E91/><N who="0" m="34857" /><D126/><U131/><E131/><V127/><F127/><W120/><G120/><T112/><D112/><U86/><E86/><V93/><F93/><W51/><G30/><T72/><D72/><U39/><E40/><V99/><F99/><W28/><G28/><T0/><D11/><U125/><E125/><V69/><F37/><W113/><G113/><T2/><D2/><U33/><REACH who="1" step="1"/><E36/><REACH who="1" ten="250,240,250,250" step="2"/><V97/><F97/><W100/><G100/><T22/><D0/><U115/><E115/><V68/><F68/><W66/><G79/><T133/><D133/><U55/><AGARI ba="0,1" hai="16,17,18,27,31,33,38,39,42,47,50,55,59,63" machi="55" ten="30,4000,0" yaku="1,1,0,1,54,1,53,0" doraHai="77" doraHaiUra="73" who="1" fromWho="1" sc="250,-20,240,50,250,-10,250,-10" /><INIT seed="1,0,0,4,2,127" ten="230,290,240,240" oya="1" hai0="21,74,122,46,24,105,48,98,3,130,126,22,131" hai1="26,102,70,51,27,86,66,33,101,13,43,95,120" hai2="34,118,2,18,134,79,85,40,32,135,90,117,62" hai3="123,94,59,44,55,6,83,47,15,124,12,84,99"/><U23/><E120/><V92/><F2/><W78/><G124/><T10/><D126/><U107/><E107/><V73/><F40/><W63/><G123/><T129/><D74/><U52/><E33/><V11/><F62/><W4/><G15/><T64/><D64/><U0/><E0/><V49/><F49/><W115/><G115/><T68/><D68/><U80/><E43/><V30/><F30/><W82/><G83/><T114/><D114/><U67/><E70/><V108/><F108/><W106/><G106/><T96/><D122/><U128/><E128/><V56/><F56/><W76/><G78/><T38/><D38/><U37/><E37/><V91/><F79/><W35/><G35/><N who="2" m="13353" /><F73/><W41/><G12/><T75/><D75/><U36/><E36/><V7/><F7/><N who="3" m="2603" /><G41/><N who="0" m="24655" /><D105/><U5/><E67/><V103/><F118/><W89/><AGARI ba="0,0" hai="44,47,55,59,63,76,82,84,89,94,99" m="2603" machi="89" ten="30,1100,0" yaku="8,1" doraHai="127" who="3" fromWho="3" sc="230,-3,290,-5,240,-3,240,11" /><INIT seed="2,0,0,1,5,58" ten="227,285,237,251" oya="2" hai0="101,18,26,104,117,38,108,11,56,132,107,128,79" hai1="46,80,115,0,118,75,135,63,62,17,131,39,68" hai2="27,126,130,124,120,97,133,95,44,114,86,77,103" hai3="112,33,99,41,21,67,28,84,49,40,81,91,98"/><V60/><F120/><W51/><G33/><T129/><D108/><U52/><E118/><V94/><F114/><W1/><G1/><T32/><D38/><U55/><E0/><V14/><F130/><N who="0" m="50282" /><D132/><U42/><E115/><V13/><F133/><W19/><G28/><N who="0" m="19479" /><D79/><U96/><E135/><V47/><F27/><W127/><G127/><N who="2" m="48681" /><F60/><N who="1" m="23081" /><E131/><V4/><F4/><W89/><G67/><T71/><D71/><U113/><E113/><V65/><F65/><W9/><G112/><T31/><D31/><U35/><E35/><V57/><F57/><W74/><G74/><T92/><D56/><U34/><E34/><V25/><F25/><W73/><G73/><T16/><D117/><U43/><E68/><V85/><F77/><W22/><G9/><T2/><D2/><U24/><E39/><V5/><F5/><W72/><G72/><T12/><D18/><U119/><E119/><V3/><F3/><W7/><G19/><T70/><D70/><U61/><E75/><V121/><F121/><W66/><G7/><T48/><D48/><N who="1" m="28695" /><E24/><V36/><F36/><W53/><G66/><T37/><D37/><U90/><E17/><V102/><F14/><W64/><G64/><T29/><D29/><U6/><E6/><V93/><F13/><W15/><G15/><T59/><D59/><N who="1" m="35071" /><E80/><V100/><F44/><W23/><G81/><T76/><D107/><U116/><E116/><V87/><F47/><W109/><G23/><T45/><D104/><AGARI ba="0,0" hai="85,86,87,93,94,95,97,100,102,103,104" m="48681" machi="104" ten="40,7700,0" yaku="18,1,34,2" doraHai="58" who="2" fromWho="0" sc="227,-77,285,0,237,77,251,0" /><INIT seed="2,1,0,0,3,87" ten="150,285,314,251" oya="2" hai0="12,111,118,1,62,106,82,96,29,117,93,79,26" hai1="3,102,52,116,75,8,124,63,17,58,48,109,27" hai2="110,19,13,103,76,71,16,101,127,122,78,104,83" hai3="44,89,60,22,38,50,47,32,57,67,66,114,91"/><V85/><F122/><W84/><G32/><T61/><D1/><U88/><E75/><V4/><F71/><W131/><G131/><T59/><D106/><U56/><E116/><V134/><F134/><W6/><G114/><T46/><D46/><U10/><E124/><V92/><F127/><W107/><G107/><T2/><D2/><U98/><E109/><V81/><F104/><W73/><G73/><T72/><D12/><U24/><E3/><V39/><F39/><W34/><G34/><T25/><D111/><U97/><E102/><N who="2" m="38923" /><F110/><W74/><G74/><T23/><D26/><N who="1" m="9771" /><E97/><V100/><F4/><W86/><G38/><T99/><D99/><U20/><E20/><N who="2" m="11279" /><F19/><W65/><G6/><T135/><D135/><U5/><E17/><V51/><F51/><W35/><G35/><T129/><D129/><U95/><E5/><V105/><F105/><W42/><G22/><T18/><D18/><U36/><E36/><V33/><F33/><W80/><G47/><T28/><D28/><U120/><E120/><V128/><F128/><W54/><G42/><T55/><REACH who="0" step="1"/><D61/><REACH who="0" ten="140,285,314,251" step="2"/><U37/><E37/><V11/><F100/><AGARI ba="1,1" hai="23,25,29,55,59,62,72,79,82,93,96,100,117,118" machi="100" ten="40,2600,0" yaku="1,1,2,1,53,0" doraHai="87" doraHaiUra="121" who="0" fromWho="2" sc="140,39,285,0,314,-29,251,0" /><INIT seed="3,0,0,4,2,44" ten="179,285,285,251" oya="3" hai0="114,131,78,111,127,15,32,85,63,64,121,6,67" hai1="79,101,125,17,16,86,132,69,119,8,71,74,13" hai2="107,61,14,40,91,112,68,37,81,87,80,57,24" hai3="66,62,23,120,4,49,117,33,60,41,19,1,58"/><W82/><G33/><T51/><D111/><U29/><E74/><V47/><F112/><W89/><G120/><T56/><D121/><U27/><E119/><V97/><F68/><W88/><G117/><T83/><D32/><U94/><E125/><V43/><F43/><W98/><G1/><T129/><D127/><U104/><E132/><V18/><F24/><W2/><G2/><T53/><D114/><U20/><E104/><V128/><F128/><N who="0" m="49226" /><D63/><U52/><E101/><V5/><F5/><W109/><G109/><T93/><D93/><U0/><E0/><V108/><F108/><W31/><G4/><T39/><D39/><U116/><E116/><V135/><F135/><W42/><G31/><T75/><D75/><U123/><E123/><V25/><F25/><N who="3" m="14591" /><G60/><T122/><D122/><U73/><E73/><V90/><F107/><W38/><G38/><T45/><D45/><U12/><E52/><V55/><F97/><W35/><G35/><T126/><D126/><U124/><E124/><V103/><F103/><W105/><G105/><T21/><D21/><U3/><E3/><V130/><F130/><W11/><G11/><AGARI ba="0,0" hai="6,11,15,51,53,56,64,67,78,83,85" m="49226" machi="11" ten="30,2000,0" yaku="19,1,52,1" doraHai="44" who="0" fromWho="3" sc="179,20,285,0,285,0,251,-20" /><INIT seed="4,0,0,2,3,87" ten="199,285,285,231" oya="0" hai0="9,82,71,29,126,60,42,111,70,36,41,123,23" hai1="130,100,11,45,121,10,83,50,125,37,56,22,117" hai2="99,24,2,39,91,110,120,5,8,102,63,53,85" hai3="106,122,18,133,73,86,49,108,98,79,7,34,28"/><T21/><D123/><U55/><E121/><V14/><F110/><W17/><G108/><T89/><D111/><U124/><E117/><V97/><F39/><W119/><G122/><T30/><D126/><N who="1" m="48747" /><E130/><V47/><F120/><W84/><G119/><T58/><D9/><U40/><E100/><V59/><F2/><W134/><G73/><T43/><D36/><U76/><E22/><N who="0" m="8201" /><D71/><U127/><N who="1" m="48755" /><U19/><DORA hai="132" /><E19/><V25/><F47/><W72/><G7/><T27/><D27/><N who="2" m="10314" /><F102/><W92/><G17/><T3/><D3/><U128/><E128/><V54/><F54/><W46/><G18/><T94/><D82/><AGARI ba="0,0" hai="5,8,14,53,59,63,82,85,91,97,99" m="10314" machi="82" ten="30,2000,0" yaku="8,1,52,1" doraHai="87,132" who="2" fromWho="0" sc="199,-20,285,0,285,20,231,0" /><INIT seed="5,0,0,5,3,26" ten="179,285,305,231" oya="1" hai0="42,32,120,45,23,51,12,92,73,60,0,16,3" hai1="93,54,97,83,34,132,86,116,69,50,77,109,27" hai2="46,134,9,89,126,98,29,52,106,87,124,79,58" hai3="11,118,91,63,107,36,17,41,94,100,6,123,55"/><U104/><E116/><V129/><F134/><W128/><G123/><T4/><D120/><U20/><E34/><V56/><F129/><W75/><G128/><T18/><D73/><U99/><E69/><V62/><F79/><W101/><G75/><T28/><D60/><U30/><E132/><V111/><F111/><W80/><G80/><T14/><D92/><U19/><E109/><V76/><F76/><W95/><G36/><T82/><D82/><U44/><E104/><V105/><F46/><W102/><G41/><T31/><D32/><U72/><E72/><V66/><F9/><W21/><G107/><T70/><D70/><U22/><E93/><V47/><F47/><W39/><G39/><T110/><D110/><U103/><E103/><V125/><F29/><W135/><G135/><T37/><D37/><U81/><E81/><N who="2" m="49391" /><F98/><W24/><G118/><T49/><D49/><AGARI ba="0,0" hai="49,52,56,58,62,66,105,106,124,125,126" m="49391" machi="49" ten="30,2000,0" yaku="18,1,54,1" doraHai="26" who="2" fromWho="0" sc="179,-20,285,0,305,20,231,0" /><INIT seed="6,0,0,1,3,124" ten="159,285,325,231" oya="2" hai0="93,84,85,27,52,89,109,79,9,117,58,135,101" hai1="56,80,99,47,28,97,122,34,73,2,45,38,66" hai2="111,112,25,62,87,107,102,20,127,120,106,116,4" hai3="63,17,133,100,42,68,96,98,114,81,30,108,31"/><V21/><F116/><W69/><G108/><T129/><D109/><U0/><E122/><V43/><F111/><W49/><G133/><T1/><D135/><U83/><E34/><V54/><F120/><W36/><G36/><T5/><D117/><U44/><E38/><V57/><F127/><W55/><G42/><T103/><D129/><U53/><E66/><V118/><F4/><W82/><G63/><T94/><D27/><U51/><E28/><V95/><F21/><W67/><G100/><T126/><D126/><U13/><E73/><V90/><F118/><W72/><G55/><T128/><D128/><U61/><E61/><V59/><F112/><W92/><G92/><T3/><D3/><U134/><E134/><V113/><F113/><W8/><G49/><T91/><REACH who="0" step="1"/><D79/><REACH who="0" ten="149,285,325,231" step="2"/><U23/><E0/><V75/><F25/><W18/><G114/><T24/><D24/><U121/><E2/><V70/><F107/><W6/><G31/><T32/><D32/><U60/><E121/><V41/><F106/><W22/><G30/><T7/><D7/><U105/><E105/><V48/><F20/><W131/><G6/><T110/><D110/><U35/><E35/><V86/><F70/><W64/><G22/><T11/><D11/><U76/><E76/><V88/><F59/><W33/><G33/><T46/><D46/><U40/><E23/><V77/><F57/><W125/><G125/><T26/><D26/><U15/><E45/><V39/><F77/><W65/><G69/><T14/><D14/><N who="1" m="5131" /><E44/><V12/><F12/><W130/><G68/><T50/><AGARI ba="0,1" hai="1,5,9,50,52,58,84,85,89,91,93,94,101,103" machi="50" ten="20,12000,2" yaku="1,1,5,1,0,1,7,1,9,1,54,1,53,0" doraHai="124" doraHaiUra="74" who="0" fromWho="0" sc="149,130,285,-30,325,-60,231,-30" /><INIT seed="7,0,0,5,3,116" ten="279,255,265,201" oya="3" hai0="105,8,132,77,18,130,7,78,69,48,101,119,31" hai1="38,86,40,25,20,56,93,53,87,113,1,109,72" hai2="11,3,45,79,28,125,82,4,128,108,16,81,123" hai3="10,103,6,49,21,39,111,90,27,9,127,83,54"/><W30/><G39/><T94/><D119/><U13/><E72/><V112/><F108/><W5/><G111/><T135/><D105/><U115/><E1/><V17/><F112/><N who="1" m="43081" /><E109/><V32/><F128/><W84/><G127/><T22/><D69/><U61/><E13/><V89/><F125/><W23/><G103/><T50/><D130/><U66/><E66/><V88/><F123/><W52/><G54/><T102/><D31/><N who="1" m="17831" /><E93/><V71/><F71/><W47/><REACH who="3" step="1"/><G23/><REACH who="3" ten="279,255,265,191" step="2"/><T14/><D102/><U121/><E121/><V65/><F32/><W74/><G74/><T92/><D101/><U114/><E114/><V98/><F65/><W85/><G85/><N who="1" m="32266" /><E40/><V96/><F11/><AGARI ba="0,1" hai="5,6,9,10,11,21,27,30,47,49,52,83,84,90" machi="11" ten="40,7700,0" yaku="1,1,8,1,54,1,53,0" doraHai="116" doraHaiUra="33" who="3" fromWho="2" sc="279,0,255,0,265,-77,191,87" /><INIT seed="7,1,0,2,1,66" ten="279,255,188,278" oya="3" hai0="24,75,94,8,120,28,36,69,112,72,93,40,106" hai1="74,30,123,65,76,82,21,134,101,55,32,52,111" hai2="100,91,37,128,67,47,9,104,116,57,61,87,131" hai3="22,56,133,105,41,122,78,48,68,103,29,125,119"/><W99/><G122/><T118/><D118/><U98/><E123/><V86/><F116/><W14/><G119/><T2/><D120/><U34/><E111/><V58/><F104/><W70/><G78/><T113/><D106/><U117/><E117/><V124/><F100/><W53/><G125/><T77/><D93/><U89/><E65/><V5/><F124/><W43/><G133/><T88/><D69/><U79/><E134/><V108/><F108/><W63/><G43/><T64/><D64/><U45/><E79/><V27/><F27/><W96/><G99/><T114/><D77/><U97/><E89/><V129/><F129/><W19/><REACH who="3" step="1"/><G29/><REACH who="3" ten="279,255,188,268" step="2"/><T50/><D40/><U81/><E98/><V44/><F128/><W130/><G130/><T121/><D121/><U90/><E30/><V31/><F131/><W0/><G0/><T107/><D2/><U60/><E97/><V135/><F31/><W26/><G26/><T126/><D24/><U1/><E76/><V59/><F135/><W18/><G18/><T10/><D28/><U35/><E1/><V62/><F37/><W80/><G80/><T38/><D126/><U92/><E81/><V73/><F73/><W12/><G12/><T84/><D38/><U17/><E74/><V109/><F109/><W13/><G13/><T132/><D36/><U25/><E82/><N who="2" m="49623" /><F87/><W33/><G33/><T54/><D132/><U7/><E35/><V11/><F5/><W85/><G85/><T71/><D75/><U83/><E7/><V4/><F4/><W102/><G102/><T3/><D72/><U95/><E32/><RYUUKYOKU ba="1,1" sc="279,-10,255,-10,188,-10,268,30" hai3="14,19,22,41,48,53,56,63,68,70,96,103,105" /><INIT seed="7,2,1,3,2,104" ten="269,245,178,298" oya="3" hai0="77,46,19,21,111,84,95,12,35,78,39,57,127" hai1="65,130,110,45,9,14,70,48,66,31,112,97,55" hai2="83,61,86,109,27,91,121,123,47,99,71,75,44" hai3="25,41,88,107,6,53,92,128,43,134,101,40,29"/><W89/><G134/><T10/><D111/><U74/><E110/><V1/><F1/><W2/><G128/><T34/><D127/><U52/><E130/><V100/><F109/><W73/><G73/><T119/><D119/><U49/><E112/><V106/><F27/><W38/><G38/><T132/><D132/><U115/><E115/><V80/><F71/><W20/><G107/><T85/><D57/><N who="1" m="32903" /><E74/><V72/><F61/><W11/><REACH who="3" step="1"/><G53/><REACH who="3" ten="269,245,178,288" step="2"/><T60/><D39/><U103/><E70/><V28/><F28/><W58/><G58/><T67/><D67/><U50/><E31/><V87/><F44/><W4/><G4/><T133/><D133/><U32/><E66/><V114/><F47/><W79/><G79/><T117/><D77/><U64/><E65/><V54/><F54/><W56/><G56/><T116/><D78/><U125/><E64/><V62/><F62/><W42/><G42/><T90/><D60/><U120/><E55/><V81/><F114/><W18/><G18/><T0/><D46/><U76/><E45/><V122/><REACH who="2" step="1"/><F83/><REACH who="2" ten="269,245,168,288" step="2"/><W15/><G15/><T102/><D12/><U96/><E14/><V68/><F68/><W13/><G13/><T98/><D0/><U126/><E126/><V129/><F129/><W8/><G8/><T36/><D10/><U59/><E9/><V105/><F105/><W24/><G24/><T108/><D108/><U118/><E125/><V63/><F63/><W33/><G33/><T7/><D35/><U131/><E32/><V94/><F94/><W3/><G3/><T23/><D34/><U124/><E131/><RYUUKYOKU ba="2,3" sc="269,-15,245,-15,168,15,288,15" hai2="72,75,80,81,86,87,91,99,100,106,121,122,123" hai3="2,6,11,20,25,29,40,41,43,88,89,92,101" owari="254,5.0,230,-17.0,183,-32.0,333,44.0" /></mjloggm>