<mjloggm ver="2.3"><GO type="169" lobby="0"/><UN n0="%38%39%25" n1="%E5%B0%B1%E6%B4%BB%E7%94%9F%40%E5%B7%9D%E6%9D%91%E8%BB%8D%E5%9B%A3" n2="%E9%96%8B%E9%81%8B%E5%BE%A1%E5%AE%88" n3="%63%68%61%72%68%69%6D%65" dan="16,16,17,16" rate="2060.41,2052.42,2177.77,2034.78" sx="M,M,M,F"/><TAIKYOKU oya="0"/><INIT seed="0,0,0,5,4,131" ten="250,250,250,250" oya="0" hai0="50,83,115,67,109,28,79,106,85,16,58,87,39" hai1="81,122,11,45,78,130,34,123,8,60,24,30,29" hai2="99,0,55,126,107,134,74,33,76,68,12,17,54" hai3="73,111,120,53,49,42,37,44,65,117,22,23,21"/><T101/><D115/><U116/><E130/><V10/><F68/><W63/><G117/><T77/><D39/><U9/><E116/><V132/><F33/><W119/><G119/><T52/><D28/><U80/><E30/><V5/><F126/><W48/><G73/><T51/><D109/><U105/><E105/><V38/><F38/><W3/><G3/><T62/><D101/><U27/><E27/><V110/><F110/><W66/><G111/><T88/><D106/><U61/><E45/><V2/><F2/><W59/><G120/><T1/><D1/><U89/><E89/><V7/><F7/><W112/><G112/><T96/><D96/><U47/><E47/><V75/><F75/><W64/><AGARI ba="0,0" hai="21,22,23,37,42,44,48,49,53,59,63,64,65,66" machi="64" ten="30,1100,0" yaku="0,1" doraHai="131" who="3" fromWho="3" sc="250,-5,250,-3,250,-3,250,11" /><INIT seed="1,0,0,1,2,105" ten="245,247,247,261" oya="1" hai0="84,42,119,58,124,88,80,130,68,122,38,1,36" hai1="22,134,48,35,102,50,126,127,70,118,61,41,60" hai2="89,64,0,74,16,17,112,100,9,33,4,15,69" hai3="79,95,21,123,121,132,19,46,6,40,91,71,110"/><U98/><E35/><V51/><F100/><W114/><G114/><T53/><D130/><U29/><E118/><V31/><F112/><W76/><G71/><T117/><D124/><N who="1" m="47659" /><E134/><V96/><F51/><N who="1" m="19497" /><E41/><V39/><F39/><W106/><G132/><T90/><D42/><U8/><E8/><V86/><F96/><W116/><G116/><T133/><D119/><U55/><E55/><V11/><F69/><W13/><G106/><T32/><D133/><U66/><E60/><V104/><F64/><W23/><G123/><T56/><D122/><U101/><E98/><V81/><F104/><W83/><G121/><T109/><D32/><U120/><E120/><V57/><F57/><W25/><G6/><T77/><D56/><U7/><E7/><V34/><F34/><W20/><G25/><AGARI ba="0,0" hai="22,25,29,61,66,70,101,102" m="19497,47659" machi="25" ten="30,1500,0" yaku="18,1" doraHai="105" who="1" fromWho="3" sc="245,0,247,15,247,0,261,-15" /><INIT seed="1,1,0,0,3,17" ten="245,262,247,246" oya="1" hai0="103,106,52,47,123,92,45,130,81,36,49,33,83" hai1="112,111,55,102,98,97,99,65,16,135,13,63,108" hai2="12,46,80,116,128,22,15,5,50,27,88,31,29" hai3="9,48,24,104,38,82,120,10,59,93,134,127,121"/><U19/><E112/><V32/><F128/><W34/><G104/><T56/><D106/><U89/><E135/><V115/><F116/><W44/><G134/><T30/><D130/><U105/><E55/><V67/><F115/><W87/><G127/><T76/><D123/><U0/><E0/><V131/><F131/><W11/><G93/><T23/><D33/><U57/><E19/><V21/><F67/><W85/><G38/><T101/><D92/><U95/><REACH who="1" step="1"/><E99/><REACH who="1" ten="245,252,247,246" step="2"/><V53/><F5/><W126/><G121/><T7/><D7/><U35/><E35/><V118/><F118/><W51/><G126/><T43/><D47/><U110/><E110/><V69/><F32/><W70/><G34/><T107/><D45/><U42/><E42/><V66/><F31/><W40/><G40/><T8/><D43/><U68/><E68/><V96/><F69/><W91/><G70/><T37/><D52/><U124/><E124/><V78/><F66/><W6/><G44/><T77/><D56/><U25/><E25/><N who="2" m="16567" /><F96/><W60/><G24/><T129/><D129/><U119/><E119/><V2/><F2/><W64/><G120/><T86/><D36/><U100/><E100/><V28/><F78/><N who="3" m="46295" /><G6/><T3/><D37/><U72/><E72/><V74/><F74/><W113/><G113/><T73/><D77/><U26/><E26/><V4/><F4/><W14/><G14/><T41/><D76/><U122/><E122/><V84/><AGARI ba="1,1" hai="12,15,21,27,28,46,50,53,80,84,88" m="16567" machi="84" ten="30,7900,0" yaku="8,1,52,2,54,1" doraHai="17" who="2" fromWho="2" sc="245,-21,252,-40,247,92,246,-21" /><INIT seed="2,0,0,2,0,93" ten="224,212,339,225" oya="2" hai0="38,57,25,110,24,104,100,134,54,39,99,127,61" hai1="102,32,114,4,7,116,20,84,107,37,18,82,22" hai2="92,68,49,113,1,69,80,23,109,48,130,86,43" hai3="105,98,103,122,62,95,88,13,119,12,0,106,78"/><V52/><F113/><W56/><G122/><T17/><D127/><U44/><E32/><V97/><F1/><W74/><G0/><T19/><D134/><U79/><E116/><V21/><F130/><W118/><G106/><T132/><D132/><U117/><E117/><V73/><F73/><W41/><G41/><T10/><D110/><U11/><E114/><V70/><F109/><W9/><G13/><T124/><D124/><U89/><E22/><V33/><F33/><W64/><G78/><T45/><D45/><U15/><E37/><V65/><F43/><W101/><G103/><T30/><D25/><U121/><E121/><V27/><F65/><W53/><G64/><T36/><REACH who="0" step="1"/><D10/><REACH who="0" ten="214,212,339,225" step="2"/><U6/><E44/><V90/><F27/><W115/><G115/><T29/><D29/><U8/><REACH who="1" step="1"/><E79/><REACH who="1" ten="214,202,339,225" step="2"/><V72/><F23/><AGARI ba="0,2" hai="17,19,23,24,30,36,38,39,54,57,61,99,100,104" machi="23" ten="40,2600,0" yaku="1,1,52,1,53,0" doraHai="93" doraHaiUra="67" who="0" fromWho="2" sc="214,46,202,0,339,-26,225,0" /><INIT seed="3,0,0,0,0,17" ten="260,202,313,225" oya="3" hai0="7,91,108,124,96,32,22,73,20,42,6,130,57" hai1="101,105,12,112,121,28,46,66,132,25,89,94,102" hai2="49,78,45,50,54,113,80,11,55,93,116,58,23" hai3="35,92,9,117,2,135,63,114,104,26,123,41,4"/><W34/><G117/><T86/><D32/><U18/><E121/><V81/><F113/><W67/><G114/><T52/><D73/><U85/><E112/><V88/><F116/><W13/><G123/><T70/><D70/><U40/><E132/><V134/><F134/><W19/><G135/><T39/><D39/><U36/><E66/><V60/><F11/><W72/><G41/><T43/><D124/><U82/><E105/><V126/><F126/><W75/><G104/><T118/><D130/><U95/><E102/><V44/><F78/><W127/><G127/><T99/><D108/><U119/><E101/><V125/><F125/><W110/><G92/><N who="0" m="54391" /><D118/><U14/><E14/><V38/><F38/><W1/><G110/><T131/><D131/><U3/><E3/><V79/><F79/><W8/><G1/><T122/><D122/><U30/><E30/><V56/><F23/><N who="0" m="8746" /><D43/><U115/><E115/><V76/><F76/><W27/><G35/><T103/><D42/><U84/><E119/><V33/><F33/><W98/><G34/><T10/><D10/><U68/><E68/><V90/><F93/><W71/><G98/><N who="0" m="37419" /><D103/><U24/><E28/><V21/><F21/><W65/><G75/><T74/><D74/><U15/><E15/><V29/><F29/><W100/><G72/><T83/><D83/><U64/><E12/><V48/><F81/><W0/><G100/><T47/><D47/><N who="2" m="17994" /><F80/><W77/><G2/><T61/><AGARI ba="0,0" hai="6,7,52,57,61" m="37419,8746,54391" machi="61" ten="30,8000,1" yaku="8,1,52,3,54,1" doraHai="17" who="0" fromWho="0" sc="260,80,202,-20,313,-20,225,-40" /><INIT seed="4,0,0,3,0,12" ten="340,182,293,185" oya="0" hai0="92,62,21,106,4,24,105,80,119,73,53,19,97" hai1="63,54,122,29,129,36,75,27,111,38,23,126,8" hai2="57,131,118,45,1,110,18,66,109,68,103,71,52" hai3="108,72,64,51,26,17,40,95,99,134,60,25,41"/><T124/><D119/><U77/><E122/><V98/><F1/><W85/><G108/><T59/><D124/><U3/><E111/><V69/><F118/><W102/><G72/><T83/><D4/><U0/><E126/><V78/><F78/><W56/><G134/><T94/><D94/><U48/><E129/><V22/><F45/><W28/><G85/><T42/><D42/><U47/><E63/><V91/><F91/><W34/><G51/><T15/><D15/><U87/><E75/><V128/><F66/><W39/><G39/><T76/><REACH who="0" step="1"/><D80/><REACH who="0" ten="330,182,293,185" step="2"/><U116/><E116/><V55/><F110/><W9/><G26/><T117/><D117/><U93/><E3/><V125/><F109/><W133/><G133/><T132/><D132/><U30/><E0/><V101/><F125/><W79/><G41/><T6/><D6/><U107/><E107/><V104/><F131/><W33/><G40/><T2/><D2/><U82/><E36/><V130/><F130/><W96/><G95/><T112/><D112/><U121/><E121/><V58/><F128/><W70/><G102/><AGARI ba="0,1" hai="19,21,24,53,59,62,73,76,83,92,97,102,105,106" machi="102" ten="30,5800,0" yaku="1,1,7,1,52,1,53,0" doraHai="12" doraHaiUra="31" who="0" fromWho="3" sc="330,68,182,0,293,0,185,-58" /><INIT seed="4,1,0,1,2,4" ten="398,182,293,127" oya="0" hai0="60,37,69,39,107,95,57,104,12,106,54,93,8" hai1="18,45,42,22,113,133,29,81,40,135,91,75,52" hai2="111,15,101,23,89,86,63,32,80,58,24,5,121" hai3="99,112,31,46,120,43,82,55,87,77,102,94,73"/><T25/><D25/><U85/><E75/><V103/><F111/><W100/><G31/><T78/><D78/><U123/><E123/><V61/><F61/><W83/><G55/><T17/><REACH who="0" step="1"/><D69/><REACH who="0" ten="388,182,293,127" step="2"/><U122/><E122/><V90/><F24/><W132/><G120/><T66/><D66/><U56/><E133/><V84/><F121/><W131/><G132/><T34/><D34/><U134/><E135/><V110/><F32/><W28/><G28/><T35/><D35/><U2/><E29/><V38/><F110/><W115/><G131/><T10/><D10/><U105/><E134/><V30/><F30/><W19/><G115/><T129/><D129/><U125/><E113/><V14/><F23/><W72/><G112/><T27/><D27/><U41/><E125/><V70/><F70/><W21/><G102/><T0/><D0/><U79/><E2/><V13/><F103/><W47/><G72/><T3/><D3/><U118/><E118/><V124/><F101/><W11/><G11/><T119/><D119/><U7/><E105/><V126/><F126/><W128/><G128/><T53/><D53/><U96/><E79/><V64/><F124/><W108/><G108/><T88/><D88/><U117/><E117/><V44/><F90/><W59/><G43/><T36/><AGARI ba="1,1" hai="8,12,17,36,37,39,54,57,60,93,95,104,106,107" machi="36" ten="40,7800,0" yaku="1,1,0,1,52,1,53,0" doraHai="4" doraHaiUra="116" who="0" fromWho="0" sc="388,91,182,-27,293,-27,127,-27" /><INIT seed="4,2,0,0,0,11" ten="479,155,266,100" oya="0" hai0="0,107,123,9,28,110,49,23,131,112,14,2,70" hai1="47,66,129,3,97,122,8,46,59,20,117,57,58" hai2="74,69,56,22,118,68,53,83,36,72,73,95,32" hai3="18,67,133,55,130,132,94,7,101,88,54,45,60"/><T52/><D70/><U135/><E117/><V34/><F36/><W104/><G7/><T37/><D37/><U134/><E122/><V102/><F118/><W103/><G130/><T50/><D50/><U65/><E97/><V40/><F40/><W6/><G6/><T121/><D107/><U90/><E3/><V1/><F1/><W27/><G104/><T15/><D131/><U119/><E8/><V17/><F83/><W78/><G78/><T105/><D110/><U26/><E90/><V100/><F100/><N who="3" m="38475" /><G45/><N who="1" m="16906" /><E119/><V31/><F102/><W99/><G27/><N who="0" m="16511" /><D2/><U51/><E129/><V113/><F113/><W116/><G116/><T30/><D0/><U92/><E92/><V5/><F95/><W71/><G18/><T75/><D75/><U93/><E93/><V89/><F5/><W12/><G12/><N who="0" m="4651" /><D105/><U16/><E51/><V128/><F69/><W4/><G4/><T85/><D85/><U96/><E96/><V29/><F68/><W86/><G86/><T43/><D43/><U39/><E39/><V62/><F128/><W10/><G10/><T125/><D9/><U19/><E19/><V126/><F34/><W91/><G91/><T81/><D81/><U38/><E38/><V33/><F89/><W115/><G115/><T24/><D123/><U82/><E82/><V41/><F33/><W44/><G44/><T120/><D121/><U76/><E76/><V25/><F32/><W127/><G127/><T21/><D125/><U106/><E106/><V109/><F126/><W42/><G42/><T87/><D120/><U84/><E84/><V108/><F41/><RYUUKYOKU ba="2,0" sc="479,-30,155,10,266,10,100,10" hai1="16,20,26,57,58,59,65,66,134,135" hai2="17,22,25,29,31,53,56,62,72,73,74,108,109" hai3="54,55,60,67,71,88,94,99,132,133" /><INIT seed="5,3,0,2,0,78" ten="449,165,276,110" oya="1" hai0="30,25,64,26,32,11,124,65,31,104,99,22,123" hai1="0,119,43,125,132,135,88,87,8,59,60,114,84" hai2="115,95,56,34,79,106,40,10,70,2,105,41,39" hai3="44,42,128,103,77,92,66,98,129,6,80,13,131"/><U72/><E119/><V12/><F34/><W4/><G66/><T111/><D111/><U120/><E72/><V68/><F2/><W113/><G113/><T108/><D108/><U89/><E120/><V1/><F1/><W50/><REACH who="3" step="1"/><G13/><REACH who="3" ten="449,165,276,100" step="2"/><T107/><D64/><N who="1" m="38943" /><E114/><V91/><F115/><W48/><G48/><T121/><D65/><U83/><E125/><V57/><F39/><W45/><G45/><T63/><D124/><U112/><E112/><V67/><F67/><W17/><G17/><T47/><D47/><U93/><E43/><V20/><F41/><W36/><G36/><T24/><D63/><U127/><E127/><V16/><F40/><W33/><G33/><T53/><D32/><U19/><E0/><V46/><F46/><W74/><AGARI ba="3,1" hai="4,6,42,44,50,74,77,80,92,98,103,128,129,131" machi="74" ten="30,7900,0" yaku="1,1,0,1,19,1,52,1,53,0" doraHai="78" doraHaiUra="28" who="3" fromWho="3" sc="449,-23,165,-42,276,-23,100,98" /><INIT seed="6,0,0,0,0,120" ten="426,123,253,198" oya="2" hai0="106,8,118,44,7,10,26,83,75,48,27,5,24" hai1="18,51,112,2,28,90,70,22,82,55,13,103,69" hai2="119,4,117,67,92,128,72,62,12,105,134,100,129" hai3="116,49,89,38,131,130,126,39,52,42,127,85,21"/><V93/><F72/><W97/><G97/><T125/><D106/><U61/><E2/><V108/><F134/><W35/><G35/><T6/><D118/><U56/><E112/><V76/><F76/><W78/><G78/><T45/><D75/><U46/><E28/><V0/><F0/><W3/><G3/><T54/><D125/><N who="3" m="47625" /><G21/><T96/><D96/><U77/><E103/><V41/><F41/><W111/><G111/><T121/><D121/><U101/><E101/><V135/><F135/><W80/><G116/><T123/><D123/><U53/><REACH who="1" step="1"/><E90/><REACH who="1" ten="426,113,253,198" step="2"/><V87/><F119/><W34/><G34/><T102/><D102/><U31/><E31/><V20/><F117/><W29/><G29/><T9/><D83/><U99/><E99/><V50/><F100/><W122/><G122/><T71/><D71/><U14/><E14/><V91/><F12/><W16/><G131/><T98/><D98/><U23/><E23/><V17/><F20/><W37/><G130/><T74/><D74/><AGARI ba="0,1" hai="13,18,22,46,51,53,55,56,61,69,70,74,77,82" machi="74" ten="30,2000,0" yaku="1,1,7,1,53,0" doraHai="120" doraHaiUra="68" who="1" fromWho="0" sc="426,-20,113,30,253,0,198,0" /><INIT seed="7,0,0,5,3,29" ten="406,143,253,198" oya="3" hai0="67,66,97,42,91,98,13,102,40,68,65,101,30" hai1="120,26,79,37,99,7,39,11,22,105,112,16,133" hai2="25,38,116,6,70,76,48,35,24,109,86,1,43" hai3="12,73,126,69,94,122,52,23,107,50,110,5,84"/><W28/><G122/><T2/><D2/><U46/><E120/><V119/><F70/><W89/><G69/><T111/><D68/><U75/><E112/><V127/><F109/><W125/><G107/><T80/><D30/><U92/><E133/><V77/><F38/><W41/><G73/><T85/><D13/><U55/><E105/><V19/><F48/><W113/><G41/><N who="0" m="15979" /><D111/><U54/><E75/><V90/><F127/><N who="3" m="48651" /><G110/><T56/><D56/><U106/><E79/><V61/><F43/><W115/><G28/><T74/><D74/><U36/><E106/><V83/><F119/><W32/><G32/><T59/><D59/><U0/><REACH who="1" step="1"/><E46/><REACH who="1" ten="406,133,253,198" step="2"/><V82/><F116/><W10/><G23/><T58/><D58/><AGARI ba="0,1" hai="5,10,12,50,52,58,84,89,94,113,115" m="48651" machi="58" ten="30,2900,0" yaku="18,1,54,1" doraHai="29" who="3" fromWho="0" sc="406,-29,133,0,253,0,198,39" /><INIT seed="7,1,0,5,5,17" ten="377,133,253,237" oya="3" hai0="70,56,108,96,126,46,6,30,57,27,107,94,101" hai1="115,40,25,87,14,90,118,7,82,67,75,131,71" hai2="104,62,2,106,28,54,125,130,135,121,128,81,122" hai3="63,85,84,134,119,66,4,21,36,41,127,112,92"/><W23/><G119/><T69/><D108/><U11/><E118/><V132/><F2/><W10/><G134/><N who="2" m="51241" /><F28/><W26/><G112/><T1/><D107/><N who="2" m="41002" /><F81/><W5/><G41/><T58/><D6/><N who="3" m="2665" /><G36/><T39/><D1/><U109/><E115/><V19/><F19/><W100/><G26/><T33/><D126/><U13/><E131/><N who="2" m="50219" /><F125/><W86/><G10/><T0/><D0/><U133/><E109/><V48/><F62/><W80/><G80/><T59/><N who="0" m="14336" /><DORA hai="116" /><T103/><D103/><U97/><E133/><V53/><F48/><W61/><G127/><T64/><D101/><U68/><E75/><V34/><F34/><W65/><G100/><T55/><D33/><U98/><E40/><V18/><F18/><W24/><G24/><T45/><D27/><U38/><E38/><V74/><F74/><W99/><G63/><T113/><D30/><U117/><E117/><V76/><F76/><W43/><G61/><T83/><D39/><U20/><E13/><V95/><F95/><W32/><G32/><T110/><D113/><U89/><E67/><N who="3" m="25610" /><G43/><T49/><D64/><U93/><REACH who="1" step="1"/><E98/><REACH who="1" ten="377,123,253,237" step="2"/><V91/><F54/><W79/><G99/><T44/><D55/><U51/><E51/><V105/><F53/><W42/><G42/><T120/><D49/><U8/><E8/><V102/><F122/><W123/><G123/><T16/><D120/><U77/><E77/><V9/><F121/><W31/><G79/><T129/><D96/><U72/><E72/><V50/><F9/><W3/><G3/><T73/><D129/><U52/><E52/><V37/><F50/><RYUUKYOKU ba="1,1" sc="377,-10,123,30,253,-10,237,-10" hai1="7,11,14,20,25,68,71,82,87,89,90,93,97" owari="377,48.0,153,-35.0,243,4.0,227,-17.0" /></mjloggm>