<mjloggm ver="2.3"><GO type="97" lobby="0"/><UN n0="%6B%75%67%66%66%6A" n1="%E5%87%B0%E9%88%B4%E9%9F%B3" n2="%64%61%69%6F" n3="%E5%B0%B1%E6%B4%BB%E7%94%9F%40%E5%B7%9D%E6%9D%91%E8%BB%8D%E5%9B%A3" dan="13,15,15,15" rate="1881.94,2050.82,1946.60,2007.00" sx="M,F,M,M"/><TAIKYOKU oya="0"/><INIT seed="0,0,0,1,2,117" ten="250,250,250,250" oya="0" hai0="47,13,23,4,113,105,17,72,63,135,64,43,36" hai1="79,60,85,123,109,133,116,86,41,19,59,128,98" hai2="3,22,35,126,93,25,65,66,81,99,78,45,52" hai3="111,62,33,101,88,84,68,122,51,44,127,30,100"/><T75/><D113/><U89/><E116/><V18/><F3/><W12/><G33/><T21/><D135/><U69/><E69/><V37/><F35/><W0/><G0/><T10/><D105/><U103/><E133/><V97/><F97/><W119/><G119/><T110/><D110/><U90/><E128/><V28/><F18/><W31/><G111/><T1/><REACH who="0" step="1"/><D23/><REACH who="0" ten="240,250,250,250" step="2"/><U24/><E109/><V58/><F22/><W74/><G127/><T38/><D38/><U29/><E123/><V134/><F37/><W16/><G122/><T124/><D124/><U94/><E41/><V107/><F107/><W77/><G31/><T53/><D53/><U48/><E29/><V83/><F52/><W67/><G30/><T27/><D27/><U121/><E24/><V130/><F25/><W6/><G67/><T55/><D55/><U108/><E121/><V104/><F104/><W112/><G112/><T87/><D87/><U50/><E86/><V95/><F65/><W39/><G84/><T49/><D49/><N who="1" m="19051" /><E108/><V56/><F28/><W61/><G51/><T96/><D96/><U91/><E19/><V125/><F99/><W118/><G16/><T102/><D102/><U131/><E131/><V70/><F130/><W20/><G101/><T120/><D120/><U129/><E129/><V7/><F134/><W82/><G20/><T57/><AGARI ba="0,1" hai="1,4,10,13,17,21,36,43,47,57,63,64,72,75" machi="57" ten="20,3900,0" yaku="1,1,0,1,7,1,53,0" doraHai="117" doraHaiUra="132" who="0" fromWho="0" sc="240,49,250,-13,250,-13,250,-13" /><INIT seed="0,1,0,3,0,72" ten="289,237,237,237" oya="0" hai0="99,113,53,5,115,24,88,14,80,118,85,101,125" hai1="81,74,41,104,127,8,33,20,37,131,57,64,132" hai2="56,12,65,32,36,67,10,71,126,34,96,21,45" hai3="92,3,102,29,60,108,42,90,27,87,111,89,93"/><T22/><D118/><U83/><E57/><V98/><F71/><W23/><G3/><T16/><D125/><U95/><E64/><V94/><F21/><W116/><G116/><T63/><D115/><U48/><E48/><V91/><F126/><W68/><G102/><T15/><D113/><U70/><E20/><V97/><F34/><W31/><G42/><T130/><D130/><U117/><E8/><V47/><F32/><W103/><G103/><T79/><D5/><U26/><E26/><V107/><F67/><W39/><G39/><T106/><D63/><U100/><E41/><V82/><F36/><W86/><G31/><T28/><D53/><U59/><E59/><V129/><F82/><W128/><G128/><T49/><D49/><U73/><E33/><V122/><F122/><W76/><G76/><T133/><D133/><U40/><E40/><V43/><F43/><W66/><AGARI ba="1,0" hai="23,27,29,60,66,68,86,87,89,90,92,93,108,111" machi="66" ten="30,2000,0" yaku="0,1,9,1" doraHai="72" who="3" fromWho="3" sc="289,-11,237,-6,237,-6,237,23" /><INIT seed="1,0,0,5,0,72" ten="278,231,231,260" oya="1" hai0="41,111,127,126,48,99,121,47,8,128,130,131,5" hai1="74,122,106,91,81,87,36,40,98,14,30,23,0" hai2="119,10,95,60,73,125,114,76,24,11,51,70,93" hai3="115,135,132,50,34,97,90,66,53,82,22,21,117"/><U1/><E122/><V78/><F73/><W59/><G34/><T124/><D99/><U94/><E40/><V133/><F119/><W79/><G115/><T120/><REACH who="0" step="1"/><D111/><REACH who="0" ten="268,231,231,260" step="2"/><U18/><E36/><V9/><F114/><W103/><G117/><T83/><D83/><U107/><E30/><V20/><F125/><W67/><G132/><T105/><D105/><U86/><E86/><V49/><F133/><W62/><G135/><T33/><D33/><U55/><E106/><V25/><F70/><W116/><G116/><T92/><D92/><U15/><E107/><V17/><F93/><W61/><G103/><T19/><D19/><U69/><E69/><V12/><F95/><W84/><G97/><T26/><D26/><N who="2" m="10346" /><F60/><N who="3" m="23147" /><G90/><T57/><D57/><U52/><E74/><V31/><F31/><W43/><G43/><T113/><D113/><U35/><E35/><V85/><F85/><W39/><G39/><T134/><D134/><U68/><E68/><V13/><F13/><AGARI ba="0,1" hai="5,8,13,41,47,48,120,121,124,126,127,128,130,131" machi="13" ten="50,8000,1" yaku="1,1,18,1,19,1,53,1" doraHai="72" doraHaiUra="37" who="0" fromWho="2" sc="268,90,231,0,231,-80,260,0" /><INIT seed="2,0,0,5,1,135" ten="358,231,151,260" oya="2" hai0="58,18,35,40,48,59,116,96,67,10,46,2,121" hai1="16,81,19,29,36,15,90,41,14,37,99,5,105" hai2="72,108,57,4,128,66,102,65,54,123,56,120,11" hai3="101,87,55,78,9,39,63,49,7,28,92,124,31"/><V113/><F72/><W12/><G124/><T111/><D121/><U125/><E125/><V107/><F113/><W133/><G39/><T44/><D35/><U51/><E5/><V76/><F76/><W3/><G133/><T24/><D111/><U38/><E29/><V74/><F74/><W61/><G3/><T30/><D30/><N who="3" m="11305" /><G101/><T42/><D116/><U97/><E105/><V130/><F102/><W95/><G78/><T117/><D117/><U62/><E62/><N who="3" m="23562" /><G87/><T86/><D67/><N who="2" m="25610" /><F107/><W70/><G70/><T83/><D96/><U91/><E51/><N who="2" m="30815" /><F108/><W109/><G109/><T0/><D0/><U69/><E41/><V94/><F94/><W25/><G25/><T110/><D110/><U122/><E69/><V103/><F103/><W126/><G126/><T52/><D42/><U129/><E122/><V21/><F21/><W115/><G115/><T98/><D98/><N who="1" m="37387" /><E81/><V45/><F45/><AGARI ba="0,0" hai="7,9,12,45,49,55,92,95" m="23562,11305" machi="45" ten="30,1000,0" yaku="8,1" doraHai="135" who="3" fromWho="2" sc="358,0,231,0,151,-10,260,10" /><INIT seed="3,0,0,2,3,126" ten="358,231,141,270" oya="3" hai0="19,26,80,29,91,37,22,116,67,52,57,43,33" hai1="14,119,105,84,39,60,40,28,2,61,69,54,125" hai2="110,46,77,82,6,107,124,83,13,9,132,108,8" hai3="62,88,71,41,87,51,17,94,101,100,106,10,115"/><W24/><G115/><T111/><D116/><U4/><E105/><V130/><F107/><W117/><G106/><T45/><D111/><U66/><E2/><V73/><F124/><W81/><G117/><T0/><D0/><U92/><E28/><V63/><F132/><W113/><G113/><T74/><D67/><U129/><E92/><V104/><F104/><W118/><G118/><T70/><D70/><U15/><E84/><V133/><F133/><W59/><G71/><T3/><D3/><U97/><E97/><V90/><F63/><W16/><G10/><T38/><D38/><U96/><E96/><V99/><F8/><W36/><G36/><T98/><D98/><U58/><E119/><V12/><F13/><W30/><G51/><T109/><D109/><U122/><E4/><V5/><F5/><W120/><G41/><T7/><D7/><U93/><E93/><V21/><F21/><N who="3" m="15631" /><G120/><T123/><D123/><U103/><E103/><N who="3" m="39498" /><G94/><T86/><D74/><U11/><E11/><V127/><F127/><W53/><AGARI ba="0,0" hai="16,17,53,59,62,81,87,88" m="39498,15631" machi="53" ten="30,6000,0" yaku="8,1,54,2" doraHai="126" who="3" fromWho="3" sc="358,-20,231,-20,141,-20,270,60" /><INIT seed="3,1,0,4,1,47" ten="338,211,121,330" oya="3" hai0="99,48,97,8,14,51,109,124,21,45,94,107,5" hai1="50,34,22,56,3,114,113,84,20,115,126,36,75" hai2="9,93,58,41,83,96,6,118,65,27,7,17,71" hai3="16,73,127,74,81,92,24,53,72,10,98,43,55"/><W77/><G43/><T54/><D109/><U117/><E75/><V66/><F118/><W135/><G135/><T42/><D124/><U23/><E84/><V123/><F123/><W116/><G116/><T33/><D33/><U119/><E36/><V110/><F110/><W29/><G127/><T49/><D107/><U125/><E3/><V111/><F111/><W52/><G10/><T87/><D49/><U95/><E95/><V57/><F6/><W134/><G16/><T62/><D62/><U35/><E23/><V15/><F71/><W19/><G19/><T25/><D87/><U70/><E114/><V13/><F27/><W60/><G60/><T78/><D78/><U61/><E61/><V91/><F83/><W128/><G128/><T44/><D94/><U39/><E39/><V76/><F76/><W67/><G67/><T106/><D106/><U4/><E4/><V129/><F129/><W89/><REACH who="3" step="1"/><G134/><REACH who="3" ten="338,211,121,320" step="2"/><T46/><D46/><U85/><E117/><V100/><F41/><W2/><G2/><T69/><D69/><U86/><E119/><V79/><F65/><W64/><G64/><T102/><D102/><U82/><E70/><V18/><F66/><W88/><G88/><T37/><D37/><U120/><E125/><V122/><F7/><W103/><G103/><T31/><AGARI ba="1,1" hai="5,8,14,21,25,31,42,44,45,48,51,54,97,99" machi="31" ten="20,8000,1" yaku="0,1,7,1,8,1,52,2" doraHai="47" who="0" fromWho="0" sc="338,93,211,-21,121,-21,320,-41" owari="431,53.0,190,-21.0,100,-40.0,279,8.0" /></mjloggm>