<mjloggm ver="2.3"><GO type="97" lobby="0"/><UN n0="%E5%B0%B1%E6%B4%BB%E7%94%9F%40%E5%B7%9D%E6%9D%91%E8%BB%8D%E5%9B%A3" n1="%6D%6F%6D%6F%37%37%2C" n2="%E2%98%85%E3%81%84%E3%81%91%E3%81%A3%E3%81%A1%E2%98%85" n3="%E3%82%AA%E3%82%AF%E3%83%A9%E3%82%B2%E3%83%AD%E6%98%9F%E4%BA%BA" dan="15,15,13,15" rate="2104.37,2032.84,1918.19,2030.51" sx="M,F,F,M"/><TAIKYOKU oya="0"/><INIT seed="0,0,0,0,2,44" ten="250,250,250,250" oya="0" hai0="83,105,130,78,103,59,6,117,53,113,133,90,52" hai1="25,36,10,62,58,68,14,84,79,106,48,40,0" hai2="76,63,1,129,69,100,81,18,96,20,101,111,30" hai3="61,77,125,73,24,34,85,11,38,71,28,97,43"/><T31/><D117/><U55/><E106/><V110/><F1/><W13/><G125/><T39/><D39/><U82/><E0/><V21/><F129/><W12/><G73/><T42/><D42/><U74/><E36/><V126/><F126/><W124/><G124/><T86/><D133/><U92/><E25/><N who="2" m="16687" /><F63/><W17/><G38/><T107/><D130/><U112/><E112/><V116/><F69/><W95/><G43/><T27/><D6/><U2/><E2/><V87/><F96/><W35/><G71/><T9/><D9/><U54/><E40/><V60/><F60/><W15/><G61/><T109/><D109/><N who="2" m="41482" /><F116/><W118/><G35/><T102/><D53/><U72/><E92/><V51/><F51/><W67/><G67/><T29/><D107/><U114/><E114/><V134/><F134/><W70/><G70/><T127/><D127/><U104/><E104/><V94/><F94/><W123/><G123/><T22/><D31/><U57/><REACH who="1" step="1"/><E68/><REACH who="1" ten="250,240,250,250" step="2"/><V23/><F23/><W46/><G118/><T128/><D128/><U120/><E120/><V88/><F76/><W26/><G95/><T80/><D105/><U75/><E75/><V115/><F115/><W32/><G77/><T108/><D108/><U122/><E122/><V7/><F7/><AGARI ba="0,1" hai="7,10,14,48,54,55,57,58,62,72,74,79,82,84" machi="7" ten="30,7700,0" yaku="1,1,7,1,52,1,53,1" doraHai="44" doraHaiUra="47" who="1" fromWho="2" sc="250,0,240,87,250,-77,250,0" /><INIT seed="1,0,0,4,3,44" ten="250,327,173,250" oya="1" hai0="53,133,98,29,73,85,21,10,20,95,106,54,97" hai1="56,36,60,19,42,74,77,18,93,119,59,8,76" hai2="43,107,35,70,5,22,3,94,132,31,91,75,124" hai3="87,92,68,115,88,71,127,23,131,47,13,120,28"/><U58/><E119/><V122/><F91/><W113/><G120/><T123/><D73/><U1/><E36/><V134/><F94/><W17/><G131/><T110/><D110/><U135/><E135/><V39/><F43/><W34/><G127/><T16/><D133/><U40/><E74/><V114/><F22/><N who="0" m="8810" /><D106/><U25/><E25/><V111/><F5/><W9/><G34/><T81/><D29/><U26/><E26/><V50/><F50/><W65/><G28/><T112/><D112/><U66/><E1/><V49/><F49/><W128/><G128/><T64/><D64/><U90/><E40/><V104/><F31/><W121/><G121/><T2/><D2/><U6/><E6/><V84/><F84/><W11/><G68/><T15/><D123/><U63/><E42/><V99/><F99/><N who="0" m="37898" /><D95/><U24/><E24/><V86/><F86/><W80/><G80/><T46/><D46/><U109/><E109/><V103/><F103/><W7/><G9/><T33/><D33/><U14/><E18/><V118/><F132/><W51/><G65/><T126/><D126/><U105/><E105/><V4/><F4/><W78/><G71/><T117/><D117/><U82/><E82/><V83/><F83/><W116/><G116/><T30/><D30/><U125/><E125/><V62/><F62/><N who="1" m="23593" /><E66/><V79/><F79/><AGARI ba="0,0" hai="10,15,16,53,54,79,81,85" m="37898,8810" machi="79" ten="30,2000,0" yaku="8,1,54,1" doraHai="44" who="0" fromWho="2" sc="250,20,327,0,173,-20,250,0" /><INIT seed="2,0,0,2,4,112" ten="270,327,153,250" oya="2" hai0="21,32,25,52,2,26,44,129,122,80,77,4,36" hai1="27,57,75,20,47,127,102,64,56,17,131,134,108" hai2="14,130,98,96,40,42,84,54,3,51,97,28,29" hai3="113,70,8,24,100,39,123,59,118,82,85,69,105"/><V104/><F3/><W38/><G123/><T19/><D129/><U58/><E75/><V41/><F130/><W132/><G132/><T101/><D101/><U43/><E131/><V126/><F126/><W46/><G118/><T68/><D68/><U86/><E134/><V60/><F104/><W67/><G113/><T12/><D36/><U61/><E127/><V81/><F60/><W125/><G100/><T115/><D115/><U10/><E108/><V62/><F62/><W88/><G105/><T121/><D2/><U109/><E109/><V31/><F14/><W119/><G125/><T0/><D0/><U11/><E102/><V73/><F73/><W78/><G119/><T116/><D116/><U53/><E86/><V79/><F51/><W72/><G8/><N who="1" m="3114" /><E43/><V92/><REACH who="2" step="1"/><F54/><REACH who="2" ten="270,327,143,250" step="2"/><W110/><G110/><T99/><D12/><U71/><E71/><V35/><F35/><W22/><G70/><T87/><D32/><U45/><E57/><V89/><AGARI ba="0,1" hai="28,29,31,40,41,42,79,81,84,89,92,96,97,98" machi="89" ten="30,6000,0" yaku="1,1,0,1,8,1,53,0" doraHai="112" doraHaiUra="1" who="2" fromWho="2" sc="270,-20,327,-20,143,70,250,-20" /><INIT seed="2,1,0,1,5,106" ten="250,307,213,230" oya="2" hai0="135,131,67,51,15,90,62,112,39,25,59,100,73" hai1="82,37,28,56,14,12,35,83,5,38,11,49,97" hai2="4,108,88,95,10,45,3,52,92,78,115,46,41" hai3="91,36,107,2,27,63,117,123,9,102,65,130,34"/><V23/><F115/><W33/><G123/><T126/><D39/><U17/><E35/><V103/><F108/><W118/><G36/><T47/><D73/><U31/><E38/><V8/><F78/><W13/><G130/><T85/><D100/><U42/><E37/><V121/><F121/><W61/><G61/><T30/><D135/><U50/><E97/><V48/><F23/><W119/><G91/><T70/><D15/><U86/><E83/><V80/><F10/><W89/><G89/><T26/><D131/><U129/><E129/><V93/><F103/><W87/><G87/><T84/><D126/><U53/><E49/><V0/><F0/><W76/><G76/><T124/><D124/><U57/><E57/><V18/><F18/><W1/><G13/><T22/><D26/><U55/><E55/><V98/><F80/><W94/><G94/><T104/><D104/><U127/><E42/><V54/><F41/><W43/><G43/><T72/><D72/><U44/><E56/><V96/><F98/><N who="3" m="61911" /><G9/><T24/><D24/><U20/><E127/><V116/><F116/><W101/><G101/><T7/><D7/><U113/><E113/><V68/><F68/><N who="3" m="42047" /><G34/><T66/><D112/><U6/><E5/><V32/><F32/><W19/><G19/><T40/><D90/><AGARI ba="1,0" hai="6,11,12,14,17,20,28,31,44,50,53,82,86,90" machi="90" ten="30,2000,0" yaku="7,1,8,1" doraHai="106" who="1" fromWho="0" sc="250,-23,307,23,213,0,230,0" /><INIT seed="3,0,0,2,2,26" ten="227,330,213,230" oya="3" hai0="92,7,47,69,94,123,78,18,89,103,77,74,110" hai1="131,111,93,5,112,11,130,122,82,96,62,58,51" hai2="109,50,129,87,23,119,13,15,124,99,24,68,84" hai3="43,98,49,121,19,22,100,81,59,132,28,39,71"/><W65/><G121/><T61/><D7/><U8/><E122/><V90/><F119/><W20/><G132/><T135/><D110/><U3/><E111/><V95/><F124/><W10/><G71/><T115/><D135/><U75/><E112/><V34/><F129/><N who="1" m="49161" /><E11/><V17/><F109/><W1/><G39/><T91/><D103/><N who="1" m="60815" /><E51/><V25/><F68/><W29/><G1/><T53/><D74/><U118/><E118/><V45/><F15/><N who="3" m="7671" /><G81/><T86/><D69/><U55/><E82/><V64/><F64/><W40/><G100/><T126/><D126/><U52/><E75/><V27/><REACH who="2" step="1"/><F34/><REACH who="2" ten="227,330,203,230" step="2"/><W67/><G67/><AGARI ba="0,1" hai="3,5,8,52,55,58,62,67" m="60815,49161" machi="67" ten="30,2000,0" yaku="19,1,54,1" doraHai="26" who="1" fromWho="3" sc="227,0,330,30,203,0,230,-20" owari="227,3.0,360,46.0,203,-30.0,210,-19.0" /></mjloggm>