<mjloggm ver="2.3"><GO type="97" lobby="0"/><UN n0="%E7%99%BD%E3%81%84%E7%B7%91%E3%81%AE%E8%B5%A4%E3%81%84%E9%BB%92" n1="%E3%83%88%E3%83%88%E3%83%AA%E5%85%88%E7%94%9F%31%39%E6%AD%B3" n2="%E3%81%97%E3%82%85%E3%82%93%E3%81%A6%E3%81%83%E3%83%BC%E3%81%AC" n3="%E7%9C%9F%E9%BE%8D" dan="14,14,14,15" rate="1892.48,2033.97,1955.66,1947.96" sx="M,F,M,F"/><TAIKYOKU oya="0"/><INIT seed="0,0,0,0,0,23" ten="250,250,250,250" oya="0" hai0="87,16,54,113,12,19,86,65,118,125,37,89,63" hai1="102,44,116,45,4,34,18,115,48,68,58,70,24" hai2="66,109,40,93,117,121,122,52,96,111,41,110,81" hai3="25,82,0,69,108,130,104,7,30,46,129,100,67"/><T77/><D113/><U126/><E116/><V72/><F66/><W56/><G56/><N who="0" m="37095" /><D37/><U120/><E120/><N who="2" m="46187" /><F41/><W55/><G55/><T83/><D118/><U22/><E115/><V1/><F1/><W134/><G46/><T92/><D125/><U105/><E126/><V11/><F11/><W99/><G82/><T6/><D54/><U123/><E123/><V49/><F40/><W91/><G91/><T94/><D94/><U85/><E58/><N who="2" m="33039" /><F117/><W28/><G28/><T3/><D3/><U74/><E74/><V14/><F14/><W31/><G31/><T60/><D60/><U29/><E4/><V26/><F26/><W128/><G7/><T2/><D2/><U15/><E45/><V84/><F72/><W43/><G43/><T50/><D50/><U98/><REACH who="1" step="1"/><E85/><REACH who="1" ten="250,240,250,250" step="2"/><V39/><F39/><W9/><G128/><T101/><D6/><U20/><E20/><V124/><F124/><W36/><G129/><T42/><D42/><AGARI ba="0,1" hai="15,18,22,24,29,34,42,44,48,68,70,98,102,105" machi="42" ten="30,7700,0" yaku="1,1,7,1,52,1,53,1" doraHai="23" doraHaiUra="8" who="1" fromWho="0" sc="250,-77,240,87,250,0,250,0" /><INIT seed="1,0,0,1,1,62" ten="173,327,250,250" oya="1" hai0="91,30,33,12,93,110,100,113,3,121,75,127,42" hai1="126,37,120,11,61,13,122,43,18,117,85,133,60" hai2="76,87,129,0,7,47,86,80,54,29,124,65,97" hai3="17,128,101,112,45,102,107,46,67,19,104,73,70"/><U10/><E117/><V59/><F124/><W88/><G112/><T1/><D3/><U82/><E126/><V81/><F129/><W83/><G73/><T118/><D1/><U2/><E133/><V71/><F71/><W98/><G128/><T66/><D118/><U55/><E37/><V50/><F29/><W103/><G83/><T23/><D42/><U131/><E43/><V53/><F97/><W49/><G49/><T41/><D121/><U119/><E119/><V38/><F0/><W109/><G109/><T39/><D110/><U36/><E36/><V25/><F7/><W16/><G104/><T31/><D75/><U95/><E95/><V105/><F105/><W44/><G107/><T26/><D113/><U9/><E131/><V114/><F114/><W27/><G27/><T20/><D100/><U51/><E122/><V134/><F134/><W24/><G24/><N who="0" m="16671" /><D33/><U108/><E108/><V90/><F25/><W115/><G115/><T125/><D12/><U56/><E120/><V94/><F38/><W79/><G79/><T4/><D4/><U130/><E2/><V28/><F28/><W99/><G88/><T78/><D78/><N who="1" m="46295" /><E130/><V74/><F74/><W72/><G72/><T15/><D41/><U64/><E51/><N who="2" m="31167" /><F81/><W77/><G77/><T96/><D39/><U8/><E13/><V32/><F32/><W92/><G92/><T63/><D15/><U58/><N who="1" m="2048" /><DORA hai="52" /><U111/><E111/><V106/><F106/><W21/><G21/><T5/><D5/><U22/><E22/><V57/><F47/><W40/><G40/><T132/><D132/><RYUUKYOKU ba="0,0" sc="173,0,327,0,250,0,250,0" hai0="20,26,31,63,66,91,93,96,125,127" hai1="18,55,56,58,60,61,64" hai2="50,54,57,65,76,80,86,87,90,94" hai3="16,17,19,44,45,46,67,70,98,99,101,102,103" /><INIT seed="1,1,0,5,0,116" ten="173,327,250,250" oya="1" hai0="87,21,74,12,14,44,38,129,107,118,22,62,3" hai1="58,64,65,75,32,89,72,77,27,84,39,4,110" hai2="120,93,11,50,125,67,126,119,85,97,76,102,127" hai3="128,95,7,104,134,59,124,49,66,90,15,24,81"/><U79/><E39/><V112/><F119/><W92/><G104/><T131/><D74/><U51/><E110/><V111/><F111/><W54/><G124/><T37/><D3/><U100/><E4/><V133/><F67/><W69/><G134/><T47/><D118/><U73/><E100/><V113/><F133/><W25/><G128/><N who="0" m="49227" /><D107/><U63/><E65/><V109/><F109/><W41/><G41/><T114/><D62/><U132/><E132/><V106/><F50/><W82/><G69/><T122/><D87/><U83/><E32/><V91/><F11/><N who="3" m="4607" /><G66/><T28/><D114/><U86/><E27/><N who="3" m="10314" /><G92/><T45/><D28/><U56/><E73/><V105/><F105/><W2/><G2/><T103/><D103/><U98/><E75/><V31/><F31/><W135/><G135/><T10/><D10/><U48/><E72/><V29/><F29/><W5/><G5/><T130/><N who="0" m="49235" /><T68/><DORA hai="0" /><D68/><U53/><E64/><V40/><F40/><W6/><G6/><T57/><D57/><U34/><E58/><V18/><F18/><W108/><G108/><T20/><D122/><U42/><E56/><V99/><F120/><W52/><G54/><T94/><D94/><U1/><E1/><V43/><F43/><W26/><G26/><T46/><N who="0" m="11264" /><DORA hai="55" /><T88/><D88/><U19/><E89/><V78/><REACH who="2" step="1"/><F99/><AGARI ba="1,0" hai="49,52,59,81,82,90,95,99" m="10314,4607" machi="99" ten="30,7700,0" yaku="8,1,52,2,54,1" doraHai="116,0,55" who="3" fromWho="2" sc="173,0,327,0,250,-80,250,80" /><INIT seed="2,0,0,2,3,14" ten="173,327,170,330" oya="2" hai0="126,42,64,58,131,33,127,84,106,4,15,93,120" hai1="125,116,25,99,111,13,41,7,103,79,122,135,54" hai2="10,129,9,109,71,34,73,67,81,121,55,87,16" hai3="115,113,22,98,72,101,30,124,18,100,43,27,0"/><V80/><F121/><W24/><G72/><T102/><D33/><U112/><E116/><V52/><F34/><W68/><G68/><T3/><D120/><U108/><E112/><N who="3" m="43082" /><G43/><T62/><D131/><U40/><E122/><V57/><F129/><W65/><G65/><T48/><D3/><U104/><E135/><V76/><F109/><N who="1" m="42057" /><E125/><N who="0" m="47625" /><D106/><U32/><E79/><V60/><F71/><W70/><G70/><T83/><D93/><U35/><E35/><V31/><F31/><W5/><G98/><T56/><D102/><U23/><E54/><V26/><F9/><N who="3" m="2215" /><G124/><T119/><D119/><U50/><E50/><V107/><F107/><W45/><G45/><N who="0" m="25655" /><D56/><U110/><E32/><AGARI ba="0,0" hai="18,22,24,27,30,32,100,101" m="2215,43082" machi="32" ten="30,2000,0" yaku="11,1,52,1" doraHai="14" who="3" fromWho="1" sc="173,0,327,-20,170,0,330,20" /><INIT seed="3,0,0,1,3,35" ten="173,307,170,350" oya="3" hai0="135,113,55,104,3,40,81,112,118,122,46,123,92" hai1="76,77,0,24,72,74,114,48,20,57,78,100,99" hai2="129,87,41,8,115,69,84,45,83,58,94,53,108" hai3="6,103,120,131,124,23,73,86,5,37,54,126,42"/><W44/><G120/><T79/><D104/><U106/><E114/><N who="0" m="44137" /><D135/><U12/><E12/><V116/><F116/><W31/><G73/><N who="0" m="43247" /><D118/><U13/><E13/><V9/><F115/><W47/><G131/><T96/><D55/><U70/><E70/><V107/><F69/><W61/><G103/><N who="0" m="60807" /><D3/><U125/><E125/><N who="3" m="48234" /><G86/><T15/><D15/><U33/><E33/><V10/><F107/><W52/><G54/><T85/><D85/><U49/><E57/><V63/><F129/><W64/><G64/><T43/><D43/><U132/><E132/><V18/><F108/><W105/><G105/><T7/><D7/><U60/><E60/><V28/><F28/><W51/><G61/><T91/><D91/><U39/><E39/><AGARI ba="0,0" hai="39,40,46,122,123" m="60807,43247,44137" machi="39" ten="30,1000,0" yaku="11,1" doraHai="35" who="0" fromWho="1" sc="173,10,307,-10,170,0,350,0" owari="183,-22.0,297,10.0,170,-33.0,350,45.0" /></mjloggm>