<mjloggm ver="2.3"><GO type="225" lobby="0"/><UN n0="%E3%83%88%E3%83%88%E3%83%AA%E5%85%88%E7%94%9F%31%39%E6%AD%B3" n1="%E3%81%8B%E3%81%A3%E3%81%B1%E3%83%BC" n2="%E5%9F%BC%E4%BA%AC%E7%B7%9A" n3="%E3%82%B4%E3%83%9F%E3%82%AF%E3%82%BA%E4%B8%83%E6%AE%B5" dan="17,16,17,16" rate="2128.27,2002.76,2140.19,2062.00" sx="F,M,M,F"/><TAIKYOKU oya="0"/><INIT seed="0,0,0,2,3,4" ten="250,250,250,250" oya="0" hai0="109,100,96,68,10,24,40,36,32,70,21,29,124" hai1="132,91,112,98,62,93,92,120,41,75,65,39,114" hai2="108,53,9,47,69,83,51,107,54,12,97,95,38" hai3="49,84,28,74,61,50,20,90,119,76,129,133,42"/><T1/><D124/><U13/><E120/><V72/><F107/><W27/><G119/><T101/><D101/><U11/><E75/><V117/><F69/><W77/><G129/><T122/><D122/><U118/><E118/><V78/><F38/><W30/><G133/><T134/><D134/><U113/><E132/><V58/><F117/><W0/><G0/><T99/><D99/><U111/><E111/><V26/><F26/><N who="3" m="16455" /><G74/><T66/><D109/><U18/><E92/><V59/><F108/><W82/><G61/><N who="0" m="40015" /><D21/><U102/><E41/><V79/><F79/><N who="3" m="30283" /><G42/><T106/><D40/><U52/><E39/><V63/><F63/><W44/><G44/><T8/><D36/><U34/><E34/><V127/><F54/><W14/><G14/><T110/><D110/><U126/><E126/><V86/><F72/><W3/><G3/><T33/><D1/><U37/><E37/><V2/><F2/><W103/><G103/><T67/><D33/><U19/><E19/><N who="2" m="8591" /><F127/><W6/><G6/><T64/><D70/><N who="1" m="42295" /><E102/><AGARI ba="0,0" hai="47,51,53,58,59,78,83,86,95,97,102" m="8591" machi="102" ten="30,2000,0" yaku="8,1,52,1" doraHai="4" who="2" fromWho="1" sc="250,0,250,-20,250,20,250,0" /><INIT seed="1,0,0,0,1,68" ten="250,230,270,250" oya="1" hai0="60,132,105,29,128,89,45,99,66,114,63,111,42" hai1="113,35,107,109,50,92,19,33,75,48,58,106,31" hai2="26,122,2,30,62,53,134,14,5,11,97,4,108" hai3="13,73,21,32,65,61,96,88,87,103,74,38,82"/><U37/><E75/><V24/><F122/><W64/><G32/><T71/><D114/><U36/><E113/><V55/><F108/><W69/><G64/><T95/><D111/><U86/><E86/><V120/><F120/><W40/><G21/><T0/><D0/><U51/><E109/><V28/><F97/><W72/><G13/><T110/><D110/><U7/><E19/><V22/><F134/><W25/><G25/><T115/><D115/><U104/><E92/><V102/><F102/><W94/><G40/><T112/><D112/><U57/><E7/><V70/><F70/><W76/><REACH who="3" step="1"/><G38/><REACH who="3" ten="250,230,270,240" step="2"/><N who="1" m="14954" /><E31/><V44/><F14/><W20/><G20/><T1/><D29/><U52/><E52/><V125/><F22/><W123/><G123/><T80/><D42/><U67/><E67/><V85/><F30/><W131/><G131/><T46/><D128/><U117/><E117/><V9/><F28/><W77/><AGARI ba="0,1" hai="61,65,69,72,73,74,76,77,82,87,88,94,96,103" machi="77" ten="40,5200,0" yaku="1,1,0,1,54,1,53,0" doraHai="68" doraHaiUra="27" who="3" fromWho="3" sc="250,-13,230,-26,270,-13,240,62" /><INIT seed="2,0,0,3,5,125" ten="237,204,257,302" oya="2" hai0="10,68,106,88,48,6,22,93,18,52,64,36,87" hai1="132,103,15,46,72,1,110,63,128,124,85,97,105" hai2="89,134,77,2,121,104,14,17,31,94,109,102,118" hai3="3,59,91,70,76,30,32,53,24,8,69,50,23"/><V67/><F121/><W120/><G120/><T95/><D106/><U71/><E1/><V27/><F118/><W7/><G76/><T47/><D36/><U130/><E110/><V81/><F2/><W13/><G91/><T4/><D10/><U21/><E124/><V74/><F109/><W58/><G59/><T35/><D35/><U129/><E72/><V49/><F67/><W26/><REACH who="3" step="1"/><G3/><REACH who="3" ten="237,204,257,292" step="2"/><T41/><D68/><U33/><E132/><V42/><F134/><W34/><G34/><T84/><D64/><N who="1" m="41375" /><E33/><V114/><F89/><W101/><G101/><T55/><D84/><U20/><E85/><V83/><F102/><W0/><G0/><T92/><D6/><U108/><E108/><V9/><F77/><W44/><G44/><T12/><D4/><U51/><E15/><V16/><F14/><W43/><G43/><AGARI ba="0,1" hai="20,21,43,46,51,97,103,105,128,129,130" m="41375" machi="43" ten="30,7700,0" yaku="19,1,52,3" doraHai="125" who="1" fromWho="3" sc="237,0,204,87,257,0,292,-77" /><INIT seed="3,0,0,1,3,33" ten="237,291,257,215" oya="3" hai0="130,129,0,23,77,18,16,103,5,50,7,20,38" hai1="85,54,93,39,44,60,12,119,15,63,17,101,69" hai2="68,94,127,109,41,108,2,126,73,96,28,124,78" hai3="46,95,105,55,37,116,64,43,87,107,8,97,53"/><W98/><G116/><T13/><D38/><U70/><E39/><V75/><F68/><W27/><G64/><T117/><D117/><U88/><E119/><V114/><F28/><W132/><G132/><T22/><D103/><U21/><E101/><N who="2" m="60567" /><F41/><W66/><G66/><T74/><D50/><N who="1" m="28999" /><E69/><V84/><F2/><W91/><G27/><T31/><D77/><U104/><E70/><V111/><F114/><W79/><G8/><N who="0" m="2087" /><D74/><U10/><E104/><V11/><F11/><W40/><G40/><T92/><D92/><U122/><E122/><V65/><F65/><W86/><G98/><T123/><D123/><U26/><E15/><V52/><F52/><W90/><G79/><T58/><D58/><U48/><E48/><V67/><F67/><W83/><REACH who="3" step="1"/><G97/><REACH who="3" ten="237,291,257,205" step="2"/><T112/><D112/><U72/><E72/><V81/><AGARI ba="0,1" hai="73,75,78,81,84,108,109,111,124,126,127" m="60567" machi="81" ten="40,8000,1" yaku="14,1,18,1,34,2" doraHai="33" who="2" fromWho="2" sc="237,-20,291,-20,257,90,205,-40" owari="217,-18.0,271,7.0,347,44.0,165,-33.0" /></mjloggm>