<mjloggm ver="2.3"><GO type="97" lobby="0"/><UN n0="%E2%98%85%E3%83%AB%E3%83%AB%E3%83%86%E3%82%A3%E3%82%A2" n1="%42%65%72%6E%61%72%64%6F" n2="%E5%B0%B1%E6%B4%BB%E7%94%9F%40%E5%B7%9D%E6%9D%91%E8%BB%8D%E5%9B%A3" n3="%48%79%64%72%75%73" dan="13,13,15,14" rate="1931.74,1914.47,2033.33,1957.90" sx="M,M,M,M"/><TAIKYOKU oya="0"/><INIT seed="0,0,0,4,3,117" ten="250,250,250,250" oya="0" hai0="78,103,17,61,106,49,6,38,28,58,104,132,74" hai1="41,100,11,23,62,59,112,10,54,93,85,126,21" hai2="63,133,108,83,29,18,12,31,9,25,111,110,90" hai3="5,50,16,109,131,13,40,69,64,99,77,1,115"/><T15/><D38/><U84/><E126/><V128/><F128/><W66/><G109/><T107/><D132/><U32/><E32/><V116/><F116/><W114/><G131/><T135/><D135/><U26/><E41/><V35/><F133/><W92/><G77/><T56/><D28/><U97/><E112/><V76/><F31/><W2/><G2/><T20/><D74/><U42/><E42/><V52/><F90/><W95/><G95/><T3/><D78/><U53/><E53/><V120/><F120/><W75/><G75/><T130/><D130/><U81/><E23/><V47/><F63/><W73/><G73/><T91/><D91/><U72/><E72/><N who="2" m="43399" /><F47/><W33/><G33/><T86/><D86/><U68/><E68/><V124/><F52/><W39/><G50/><T98/><D49/><U46/><E46/><V34/><F34/><W87/><G87/><T37/><D37/><U65/><E54/><V80/><F80/><W51/><G51/><T82/><D82/><U30/><E85/><V67/><F67/><W123/><G40/><T57/><REACH who="0" step="1"/><D61/><REACH who="0" ten="240,250,250,250" step="2"/><U22/><REACH who="1" step="1"/><E21/><REACH who="1" ten="240,240,250,250" step="2"/><V44/><F44/><W24/><G115/><T102/><D102/><U113/><E113/><V4/><F124/><W125/><G125/><T36/><D36/><U27/><E27/><V45/><F45/><W134/><G39/><T88/><D88/><AGARI ba="0,2" hai="10,11,22,26,30,59,62,65,81,84,88,93,97,100" machi="88" ten="30,16000,3" yaku="1,1,7,1,25,2,8,1,54,1,53,2" doraHai="117" doraHaiUra="7" who="1" fromWho="0" sc="240,-160,240,180,250,0,250,0" /><INIT seed="1,0,0,0,0,45" ten="80,420,250,250" oya="1" hai0="7,38,88,8,72,31,33,48,126,51,13,75,76" hai1="130,83,0,53,40,92,30,60,12,110,24,132,120" hai2="10,68,104,41,23,47,4,63,19,15,6,106,71" hai3="49,112,115,95,32,50,22,101,16,2,21,111,73"/><U62/><E120/><V79/><F79/><W82/><G2/><T44/><D126/><U117/><E0/><V123/><F123/><W103/><G111/><T124/><D124/><U28/><E117/><V131/><F131/><W42/><G32/><T107/><D107/><U90/><E40/><V96/><F96/><W122/><G42/><T135/><D38/><U74/><E110/><V118/><F118/><W5/><G5/><T129/><D129/><U125/><E130/><V25/><F6/><W78/><G122/><T67/><D67/><U20/><E132/><V43/><F43/><W81/><G78/><T102/><D135/><U97/><E125/><V35/><F35/><W109/><G109/><T93/><D102/><U105/><E12/><V134/><F134/><W128/><G128/><T14/><D14/><U56/><E62/><V57/><F104/><W85/><G85/><T100/><D100/><U94/><E105/><V54/><REACH who="2" step="1"/><F106/><REACH who="2" ten="80,420,240,250" step="2"/><W87/><G87/><T84/><D76/><U108/><E108/><V11/><F11/><W113/><G73/><T27/><REACH who="0" step="1"/><D44/><REACH who="0" ten="70,420,240,250" step="2"/><U69/><E74/><AGARI ba="0,2" hai="7,8,13,27,31,33,48,51,72,74,75,84,88,93" machi="74" ten="40,12000,2" yaku="1,1,2,1,52,2,54,1,53,1" doraHai="45" doraHaiUra="26" who="0" fromWho="1" sc="70,140,420,-120,240,0,250,0" /><INIT seed="2,0,0,2,1,85" ten="210,300,240,250" oya="2" hai0="92,0,32,6,91,80,5,13,3,36,123,94,135" hai1="78,124,95,29,76,18,75,72,25,121,87,66,130" hai2="100,35,131,114,133,119,45,22,8,56,109,115,52" hai3="88,55,16,15,116,104,64,23,59,86,1,39,93"/><V19/><F35/><W44/><G116/><T110/><D123/><U30/><E121/><V125/><F119/><W102/><G64/><T120/><D120/><U50/><E130/><V26/><F131/><W127/><G127/><T12/><D32/><U4/><E124/><V69/><F125/><W111/><G111/><T101/><D36/><U106/><E4/><V20/><F69/><W33/><G33/><T49/><D110/><U108/><E106/><V103/><F133/><W122/><G122/><T68/><D68/><U31/><E108/><V14/><F109/><W83/><G1/><T126/><D126/><U71/><E18/><N who="2" m="12567" /><F115/><W74/><G74/><T129/><D129/><U98/><E50/><N who="2" m="28751" /><F114/><W58/><G39/><T117/><D117/><U118/><E118/><V11/><F56/><W90/><G104/><T38/><D38/><U63/><E75/><V89/><F89/><W132/><G132/><T79/><D135/><U82/><E78/><V7/><F11/><W73/><G73/><T81/><D79/><U17/><E17/><V134/><F134/><W57/><G102/><N who="2" m="38953" /><F22/><W24/><G44/><T60/><D101/><U27/><REACH who="1" step="1"/><E72/><REACH who="1" ten="210,290,240,250" step="2"/><V53/><F19/><W47/><G47/><T70/><D5/><U65/><E65/><V34/><F34/><W28/><G28/><T67/><D6/><U112/><E112/><V54/><AGARI ba="0,1" hai="7,8,14,53,54" m="38953,28751,12567" machi="54" ten="30,3000,0" yaku="8,1,54,1" doraHai="85" who="2" fromWho="2" sc="210,-10,290,-10,240,40,250,-10" /><INIT seed="2,1,0,2,3,75" ten="200,280,280,240" oya="2" hai0="22,125,84,17,132,57,85,97,2,131,128,10,122" hai1="90,67,105,71,34,26,92,112,50,80,62,72,9" hai2="11,13,123,120,99,6,52,101,35,8,48,103,89" hai3="118,59,16,134,40,96,36,33,7,56,119,46,68"/><V93/><F35/><W31/><G68/><T133/><D122/><U83/><E112/><V44/><F123/><W116/><G134/><N who="0" m="51819" /><D57/><U117/><E117/><V5/><REACH who="2" step="1"/><F120/><REACH who="2" ten="200,280,270,240" step="2"/><W42/><G33/><T45/><D125/><U65/><E67/><V54/><F54/><W77/><G119/><T4/><D128/><U14/><E72/><V12/><AGARI ba="1,1" hai="5,6,8,11,12,13,44,48,52,89,93,99,101,103" machi="12" ten="20,18000,2" yaku="1,1,0,1,7,1,9,1,8,1,54,1,53,0" doraHai="75" doraHaiUra="53" who="2" fromWho="2" sc="200,-61,280,-61,270,193,240,-61" /><INIT seed="2,2,0,5,1,7" ten="139,219,463,179" oya="2" hai0="76,11,71,24,2,110,50,121,29,129,95,108,114" hai1="55,130,32,85,74,128,70,30,52,51,112,125,53" hai2="48,123,57,25,39,60,35,97,31,43,40,66,17" hai3="21,111,116,38,86,10,92,42,73,88,62,72,132"/><V117/><F39/><W126/><G132/><T96/><D121/><U0/><E74/><V49/><F117/><W133/><G133/><T47/><D114/><U3/><E112/><V101/><F123/><W15/><G111/><T22/><D71/><U6/><E125/><V134/><F134/><W135/><G126/><T83/><D129/><U54/><E0/><V58/><F17/><W27/><G116/><T82/><D110/><U16/><E70/><V115/><F115/><W41/><G135/><T5/><D108/><U23/><E85/><V100/><F100/><W28/><G38/><T94/><D96/><U20/><E23/><V124/><F124/><W89/><G89/><T77/><D83/><U36/><E36/><V118/><F118/><W69/><G73/><T78/><REACH who="0" step="1"/><D82/><REACH who="0" ten="129,219,463,179" step="2"/><U90/><E130/><V91/><F97/><W119/><G119/><T1/><D1/><U46/><E128/><V13/><F101/><W65/><REACH who="3" step="1"/><G72/><REACH who="3" ten="129,219,463,169" step="2"/><T102/><D102/><U61/><E90/><V14/><F91/><W4/><AGARI ba="2,2" hai="4,10,15,21,27,28,41,42,62,65,69,86,88,92" machi="4" ten="20,12000,2" yaku="1,1,2,1,0,1,7,1,52,1,54,1,53,0" doraHai="7" doraHaiUra="12" who="3" fromWho="3" sc="129,-32,219,-32,463,-62,169,146" /><INIT seed="3,0,0,1,1,74" ten="97,187,401,315" oya="3" hai0="124,41,93,101,61,19,78,18,31,2,91,16,28" hai1="76,116,77,97,45,111,92,52,48,29,47,44,133" hai2="35,89,81,87,125,33,110,85,130,94,88,54,0" hai3="79,15,50,63,102,66,10,23,69,119,83,108,51"/><W134/><G119/><T131/><D2/><U14/><E116/><V120/><F0/><W4/><G134/><T5/><D5/><U122/><E122/><V3/><F3/><W36/><G36/><T24/><D131/><U30/><E111/><V39/><F39/><W103/><G108/><T114/><D114/><U112/><E112/><V118/><F118/><W7/><G7/><T43/><D124/><U121/><E121/><V59/><F120/><W49/><REACH who="3" step="1"/><G23/><REACH who="3" ten="97,187,401,305" step="2"/><T128/><D128/><U17/><E133/><V100/><F110/><W126/><G126/><T86/><D24/><U8/><E30/><N who="0" m="11305" /><D101/><N who="1" m="60583" /><E29/><V106/><F125/><W38/><G38/><T90/><D61/><U40/><E40/><N who="0" m="15433" /><D93/><U56/><AGARI ba="0,1" hai="8,14,17,44,45,47,48,52,56,76,77" m="60583" machi="56" ten="30,7900,0" yaku="8,1,52,2,54,1" doraHai="74" who="1" fromWho="1" sc="97,-20,187,89,401,-20,305,-39" owari="77,-42.0,276,8.0,381,47.0,266,-13.0" /></mjloggm>