<mjloggm ver="2.3"><GO type="97" lobby="0"/><UN n0="%4B%48%4B%4E" n1="%EF%BC%93%EF%BC%92%EF%BC%96" n2="%E5%B0%B1%E6%B4%BB%E7%94%9F%40%E5%B7%9D%E6%9D%91%E8%BB%8D%E5%9B%A3" n3="%E3%81%84%E3%81%8D%E3%81%97%E3%81%A1" dan="13,13,15,14" rate="1939.43,1866.37,1957.33,1875.51" sx="M,M,M,M"/><TAIKYOKU oya="0"/><INIT seed="0,0,0,0,2,42" ten="250,250,250,250" oya="0" hai0="41,129,11,97,100,23,117,99,114,126,50,115,73" hai1="92,90,119,5,4,72,88,18,67,135,66,27,75" hai2="1,6,103,131,25,28,31,134,58,21,48,80,59" hai3="74,35,111,24,77,101,120,63,116,39,69,130,81"/><T96/><D73/><U47/><E119/><V76/><F131/><W70/><G116/><T85/><D117/><U68/><E68/><N who="3" m="26218" /><G63/><T52/><D41/><U54/><E135/><V22/><F134/><W128/><G120/><T123/><D123/><U61/><E75/><V62/><F103/><W109/><G101/><T86/><D126/><U55/><E72/><V105/><F105/><W36/><G24/><T3/><D129/><N who="3" m="49769" /><G35/><T122/><D122/><U19/><E27/><V121/><F121/><W26/><G26/><T30/><D100/><U125/><E125/><V38/><F38/><AGARI ba="0,0" hai="36,38,39,74,77,81,109,111" m="49769,26218" machi="38" ten="40,2600,0" yaku="19,1,23,1" doraHai="42" who="3" fromWho="2" sc="250,0,250,0,250,-26,250,26" /><INIT seed="1,0,0,0,2,112" ten="250,250,224,276" oya="1" hai0="115,117,5,43,71,118,54,91,111,101,49,74,23" hai1="46,95,109,81,34,37,70,92,51,82,69,102,120" hai2="55,78,135,53,19,62,41,128,21,84,68,33,130" hai3="10,50,107,1,72,17,114,96,103,105,35,42,60"/><U59/><E34/><V76/><F33/><W52/><G114/><T65/><D74/><U106/><E120/><V119/><F41/><W88/><G35/><T40/><D101/><U16/><E109/><V26/><F135/><W2/><G72/><T18/><D5/><U121/><E121/><V11/><F11/><W124/><G124/><T75/><D75/><U104/><E37/><V39/><F39/><W80/><G107/><T3/><D3/><U20/><E104/><V93/><F119/><W28/><G60/><T127/><D115/><U32/><E32/><V89/><F68/><W129/><G28/><T110/><D91/><U122/><E122/><V83/><F76/><W15/><G42/><N who="0" m="15915" /><D18/><U100/><E106/><V94/><F94/><N who="1" m="35881" /><E70/><V0/><F0/><W134/><G134/><T38/><D23/><U85/><E69/><V133/><F133/><W44/><G129/><N who="2" m="49769" /><F62/><W25/><G25/><T108/><D38/><U67/><E67/><V48/><F48/><W131/><G131/><T99/><D99/><AGARI ba="0,0" hai="19,21,26,53,55,78,83,84,89,93,99" m="49769" machi="99" ten="30,1000,0" yaku="19,1" doraHai="112" who="2" fromWho="0" sc="250,-10,250,0,224,10,276,0" /><INIT seed="2,0,0,3,1,95" ten="240,250,234,276" oya="2" hai0="123,97,67,14,66,44,130,6,76,2,96,105,41" hai1="126,42,68,37,18,17,50,106,131,108,22,7,111" hai2="77,132,31,115,13,24,9,133,81,16,11,82,121" hai3="75,120,32,46,34,71,74,80,72,4,129,83,40"/><V0/><F121/><W110/><G120/><T88/><D105/><U113/><E68/><V107/><F107/><W45/><G71/><T10/><D2/><U73/><E73/><V43/><F115/><W114/><G114/><T59/><D123/><U25/><E37/><V116/><F116/><W64/><G64/><T79/><D130/><U60/><E113/><V63/><F43/><W78/><G4/><T98/><D88/><U125/><E131/><V104/><F104/><W127/><G129/><T28/><D28/><N who="1" m="17463" /><E60/><V94/><F94/><W21/><G21/><T15/><D15/><U3/><E106/><V57/><F9/><W29/><G29/><T49/><REACH who="0" step="1"/><D59/><REACH who="0" ten="230,250,234,276" step="2"/><U92/><E3/><V119/><F0/><W101/><G101/><T33/><D33/><N who="3" m="12905" /><G78/><AGARI ba="0,1" hai="6,10,14,41,44,49,66,67,76,78,79,96,97,98" machi="78" ten="40,8000,1" yaku="1,1,8,1,52,3,53,0" doraHai="95" doraHaiUra="65" who="0" fromWho="3" sc="230,90,250,0,234,0,276,-80" /><INIT seed="3,0,0,0,2,16" ten="320,250,234,196" oya="3" hai0="33,17,23,96,76,2,72,126,93,27,12,108,104" hai1="30,11,39,95,99,133,43,57,67,7,29,38,47" hai2="106,0,41,73,87,46,134,105,132,18,70,22,119" hai3="45,121,89,25,15,97,110,125,83,34,107,122,59"/><W84/><G125/><T127/><D104/><U98/><E39/><V6/><F73/><W111/><G45/><T114/><D2/><U19/><E133/><N who="2" m="51307" /><F70/><W135/><G135/><T113/><D76/><U102/><E57/><V14/><F119/><W115/><G15/><T56/><D72/><U78/><E67/><V44/><F44/><W109/><G115/><N who="0" m="44043" /><D108/><U51/><E38/><N who="2" m="21815" /><F87/><W74/><G59/><T42/><D42/><U131/><E131/><V37/><F37/><W53/><G53/><T31/><D56/><U36/><E36/><V5/><F0/><W4/><G4/><AGARI ba="0,0" hai="4,5,6,14,18,22,105,106" m="21815,51307" machi="4" ten="30,2000,0" yaku="20,1,52,1" doraHai="16" who="2" fromWho="3" sc="320,0,250,0,234,20,196,-20" owari="320,42.0,250,-15.0,254,5.0,176,-32.0" /></mjloggm>