<mjloggm ver="2.3"><GO type="97" lobby="0"/><UN n0="%72%74" n1="%E5%B0%B1%E6%B4%BB%E7%94%9F%40%E5%B7%9D%E6%9D%91%E8%BB%8D%E5%9B%A3" n2="%E3%83%89%E3%82%A4%E3%83%84%E3%81%AE%E6%96%A5%E5%80%99" n3="%E3%83%8B%E3%82%B3%E5%87%B8%E5%90%9B" dan="14,15,15,13" rate="1902.12,1952.91,1951.61,1949.06" sx="M,M,M,M"/><TAIKYOKU oya="0"/><INIT seed="0,0,0,4,5,122" ten="250,250,250,250" oya="0" hai0="0,82,79,57,15,13,67,83,40,8,103,97,19" hai1="43,116,71,110,127,26,117,130,120,95,102,28,4" hai2="63,59,62,42,53,39,38,78,81,17,75,107,87" hai3="52,129,47,135,25,131,49,23,24,90,77,72,118"/><T134/><D134/><U3/><E43/><V14/><F107/><W66/><G118/><T1/><D40/><U27/><E102/><V133/><F133/><W119/><G135/><T56/><D15/><U37/><E95/><V50/><F75/><W94/><G119/><T35/><D35/><U99/><E99/><V101/><F101/><W33/><G66/><T123/><D123/><U7/><E71/><V100/><F100/><W114/><G114/><T22/><D83/><U106/><E106/><V55/><F42/><W51/><G33/><T111/><D111/><U18/><E37/><V86/><F86/><W2/><G2/><T93/><D67/><U29/><E120/><V115/><F115/><W132/><G132/><T112/><D112/><U109/><E18/><V44/><REACH who="2" step="1"/><F63/><REACH who="2" ten="250,250,240,250" step="2"/><W92/><G72/><T91/><D103/><U105/><E105/><V70/><F70/><W85/><G85/><N who="0" m="48351" /><D0/><U124/><REACH who="1" step="1"/><E3/><REACH who="1" ten="250,240,240,250" step="2"/><V12/><F12/><W10/><G129/><AGARI ba="0,2" hai="4,7,26,27,28,29,109,110,116,117,124,127,129,130" machi="129" ten="25,16000,3" yaku="1,1,2,1,22,2,34,3,52,2,53,0" doraHai="122" doraHaiUra="65" who="1" fromWho="3" sc="250,0,240,180,240,0,250,-160" /><INIT seed="1,0,0,5,2,79" ten="250,420,240,90" oya="1" hai0="86,92,32,23,16,126,94,20,42,66,46,134,6" hai1="114,124,71,80,11,37,120,21,34,109,133,122,75" hai2="110,115,57,29,102,24,95,31,111,2,100,117,45" hai3="49,69,13,84,63,62,25,18,108,64,74,93,77"/><U9/><RYUUKYOKU type="yao9" ba="0,0" sc="250,0,420,0,240,0,90,0" hai1="9,11,21,34,37,71,75,80,109,114,120,122,124,133" /><INIT seed="1,1,0,4,3,22" ten="250,420,240,90" oya="1" hai0="110,26,1,75,7,41,103,18,122,74,56,6,129" hai1="27,3,125,46,17,32,117,16,64,55,120,12,99" hai2="40,83,112,73,48,10,60,8,105,111,98,72,86" hai3="25,114,70,47,90,24,135,58,121,0,21,65,81"/><U2/><E120/><V51/><F111/><W62/><G121/><T43/><D110/><U89/><E117/><V133/><F133/><W76/><G114/><T66/><D122/><U68/><E125/><V34/><F112/><W79/><G0/><T91/><D129/><U42/><E55/><V78/><F60/><W123/><G123/><T100/><D91/><U131/><E131/><V57/><F34/><W77/><G135/><T31/><D18/><U63/><E17/><V39/><F39/><W108/><G108/><T38/><D75/><U119/><E119/><V20/><F20/><W13/><G70/><T85/><D74/><U93/><E32/><V134/><F134/><W109/><G109/><T116/><D85/><U126/><E126/><V107/><F107/><W94/><G81/><T106/><D116/><U44/><E44/><V88/><F73/><W96/><G47/><T61/><D106/><U29/><E29/><V59/><F59/><W97/><G13/><T127/><D127/><U128/><E128/><V92/><F57/><W69/><G69/><T28/><D1/><U95/><E95/><V35/><F35/><W33/><G33/><N who="0" m="20631" /><D31/><U118/><E118/><V9/><F40/><N who="0" m="15434" /><D38/><U45/><E45/><V49/><F49/><W37/><G37/><T87/><D87/><U82/><E82/><V71/><F71/><W4/><G4/><T80/><D80/><U104/><E104/><V115/><F115/><W130/><G130/><T23/><D23/><U50/><E68/><V36/><F36/><W52/><G21/><T53/><D66/><U30/><E64/><RYUUKYOKU ba="1,0" sc="250,15,420,-15,240,15,90,-15" hai0="6,7,53,56,61,100,103" hai2="8,9,10,48,51,72,78,83,86,88,92,98,105" /><INIT seed="2,2,0,1,4,13" ten="265,405,255,75" oya="2" hai0="33,84,53,47,89,45,68,107,16,72,18,7,19" hai1="95,29,67,76,97,108,17,79,80,105,40,92,2" hai2="106,34,5,132,54,50,52,22,42,3,48,12,36" hai3="1,64,131,38,111,124,69,130,88,120,60,135,4"/><V6/><F106/><W123/><G1/><T122/><D72/><U58/><E2/><V114/><F34/><W31/><G4/><T96/><D122/><N who="3" m="46633" /><G31/><T62/><D33/><U24/><E108/><V73/><F73/><W128/><G88/><T63/><D7/><N who="2" m="2570" /><F3/><W93/><G93/><N who="0" m="56367" /><D68/><U126/><E105/><V116/><F116/><W30/><G30/><T119/><D107/><U125/><E40/><V98/><F98/><W74/><G74/><T46/><D119/><U102/><E92/><V94/><F94/><W71/><G111/><T134/><D134/><U82/><E82/><V129/><F132/><W37/><G135/><T90/><D53/><U87/><E76/><V65/><F54/><W35/><G35/><T91/><D91/><U41/><E41/><V27/><F42/><W51/><G124/><T32/><D32/><U28/><E125/><V49/><F36/><N who="3" m="13931" /><G51/><T44/><N who="0" m="11776" /><DORA hai="57" /><T59/><D59/><AGARI ba="2,0" hai="59,60,64,69,71,128,130,131" m="13931,46633" machi="59" ten="40,8000,1" yaku="19,1,34,2,52,1" doraHai="13,57" who="3" fromWho="0" sc="265,-86,405,0,255,0,75,86" /><INIT seed="3,0,0,4,0,6" ten="179,405,255,161" oya="3" hai0="114,68,0,95,88,49,25,92,5,11,98,96,55" hai1="27,127,2,60,18,75,36,71,52,67,132,38,101" hai2="29,58,129,135,30,133,84,64,99,94,62,13,120" hai3="65,115,4,97,61,34,31,32,12,50,41,46,103"/><W7/><G115/><T20/><D68/><U78/><E2/><V83/><F129/><W104/><G12/><T1/><D114/><U123/><E123/><V109/><F13/><W121/><G121/><T33/><D33/><U134/><E101/><V3/><F3/><W70/><REACH who="3" step="1"/><G34/><REACH who="3" ten="179,405,255,151" step="2"/><T53/><D0/><U118/><E118/><V22/><F120/><W45/><G45/><T56/><D55/><U51/><E127/><V39/><F135/><N who="1" m="51753" /><E75/><V130/><F133/><W17/><G17/><T105/><D105/><U87/><E18/><V63/><F30/><W128/><G128/><T21/><REACH who="0" step="1"/><D25/><AGARI ba="0,1" hai="4,7,25,31,32,41,46,50,61,65,70,97,103,104" machi="25" ten="40,12000,1" yaku="1,1,25,2,53,1" doraHai="6" doraHaiUra="44" who="3" fromWho="0" sc="179,-120,405,0,255,0,151,130" /><INIT seed="3,1,0,0,0,71" ten="59,405,255,281" oya="3" hai0="105,61,5,58,117,2,72,87,119,48,36,86,52" hai1="95,92,84,24,0,115,28,70,25,123,67,96,1" hai2="15,111,44,20,94,125,135,34,69,59,75,97,85" hai3="63,108,109,104,21,38,91,77,42,112,82,56,60"/><W120/><G112/><T68/><D72/><U10/><E115/><V130/><F69/><W107/><G120/><T101/><D5/><U88/><E123/><V90/><F34/><W102/><G91/><T12/><D2/><U30/><E70/><V51/><F111/><N who="3" m="42571" /><G21/><T33/><D12/><U16/><E67/><V19/><F135/><W89/><G89/><T127/><D33/><U39/><E39/><V129/><F125/><W29/><G29/><N who="1" m="11370" /><E1/><V79/><F59/><W50/><G50/><T99/><D127/><U126/><E126/><V55/><F75/><N who="3" m="43327" /><G102/><T73/><D73/><U18/><E0/><V43/><F79/><W132/><G132/><T17/><D36/><U8/><E18/><V23/><F23/><W110/><N who="3" m="42579" /><W7/><DORA hai="100" /><G7/><T35/><D35/><U134/><E134/><V121/><F121/><W74/><G74/><T11/><D117/><U118/><E118/><V53/><REACH who="2" step="1"/><F97/><REACH who="2" ten="59,405,245,281" step="2"/><W37/><G60/><T81/><D119/><U93/><E96/><V122/><F122/><W133/><G133/><T113/><D113/><U54/><E8/><V116/><F116/><W47/><G37/><T40/><D68/><U13/><E84/><V98/><F98/><W83/><G83/><T106/><D81/><U14/><E92/><V66/><F66/><AGARI ba="1,1" hai="38,42,47,56,63,66,104,107" m="43327,42579" machi="66" ten="40,12000,1" yaku="14,1,10,1,52,3" doraHai="71,100" who="3" fromWho="2" sc="59,0,405,0,245,-123,281,133" owari="59,-44.0,405,21.0,122,-28.0,414,51.0" /></mjloggm>