<mjloggm ver="2.3"><GO type="41" lobby="0"/><UN n0="%56%49%50%E3%81%AE%E7%A5%9E" n1="%67%61%6E%79%61%73%6E" n2="%E5%B0%B1%E6%B4%BB%E7%94%9F%40%E5%B7%9D%E6%9D%91%E8%BB%8D%E5%9B%A3" n3="%73%6A%6F%72%2D%72%6F%73" dan="13,13,16,15" rate="1826.02,2007.89,2062.15,1990.20" sx="M,M,M,M"/><TAIKYOKU oya="0"/><INIT seed="0,0,0,0,5,18" ten="250,250,250,250" oya="0" hai0="132,62,110,87,70,81,97,85,86,55,6,119,104" hai1="31,100,66,82,53,94,5,122,64,44,56,50,109" hai2="26,106,83,134,133,60,33,1,95,38,84,12,59" hai3="35,112,127,8,96,68,105,47,0,93,89,46,79"/><T75/><D70/><U49/><E109/><V24/><F106/><W88/><G68/><T113/><D62/><U63/><E82/><V111/><F38/><W23/><G35/><T9/><D55/><U54/><E5/><V21/><F1/><W91/><G112/><T102/><D9/><U3/><E3/><V58/><F33/><W30/><G0/><T74/><D6/><U20/><E122/><V27/><F111/><W107/><G8/><T118/><D110/><U123/><E123/><V14/><F95/><W45/><G79/><T65/><D65/><U121/><E121/><V22/><F12/><W25/><G127/><T42/><D42/><U76/><E76/><V7/><F14/><W37/><REACH who="3" step="1"/><G37/><REACH who="3" ten="250,250,250,240" step="2"/><T120/><D120/><U13/><E13/><V114/><F114/><W99/><G99/><T48/><D113/><U130/><E130/><V28/><F133/><W77/><G77/><T17/><D132/><U69/><E69/><V4/><F134/><W57/><G57/><T16/><D48/><U67/><E50/><V39/><F39/><W80/><G80/><T11/><D11/><U71/><E71/><V116/><F59/><W98/><G98/><T108/><D108/><U115/><E115/><V61/><F116/><N who="0" m="44586" /><D81/><U124/><E124/><V2/><F2/><W72/><G72/><T125/><D125/><U135/><E135/><V117/><F117/><W32/><G32/><T103/><D103/><AGARI ba="0,1" hai="23,25,30,45,46,47,88,89,91,93,96,103,105,107" machi="103" ten="40,12000,2" yaku="1,1,52,1,54,1,53,3" doraHai="18" doraHaiUra="40" who="3" fromWho="0" sc="250,-120,250,0,250,0,240,130" /><INIT seed="1,0,0,2,2,60" ten="130,250,250,370" oya="1" hai0="5,110,39,20,96,15,7,63,41,55,24,40,29" hai1="52,135,78,83,73,31,132,43,56,27,2,107,91" hai2="87,90,67,122,92,46,12,84,59,4,34,86,30" hai3="18,106,11,65,28,134,81,88,97,68,128,21,76"/><U53/><E107/><V66/><F122/><W26/><G134/><N who="1" m="51242" /><E2/><V8/><F46/><W105/><G128/><T114/><D114/><U82/><E43/><V102/><F102/><W37/><G37/><T50/><D39/><U33/><E56/><V123/><F123/><W17/><G106/><T126/><D110/><U32/><E32/><V42/><F42/><W100/><G11/><T113/><D113/><U64/><E64/><N who="2" m="24619" /><F34/><W45/><G45/><T57/><D126/><U14/><E14/><V130/><F130/><W71/><G71/><T116/><D116/><U98/><E83/><V6/><F30/><W69/><G69/><T109/><D109/><U22/><E33/><V38/><F38/><W13/><G13/><T23/><D41/><U16/><E31/><V77/><F77/><W103/><G103/><T48/><D40/><U133/><N who="1" m="51250" /><U72/><DORA hai="93" /><E72/><V89/><F59/><W62/><G88/><N who="2" m="33897" /><F92/><AGARI ba="0,0" hai="16,22,27,52,53,73,78,82,91,92,98" m="51250" machi="92" ten="40,12000,1" yaku="20,1,52,1,54,2" doraHai="60,93" who="1" fromWho="2" sc="130,0,250,120,250,-120,370,0" /><INIT seed="1,1,0,1,1,21" ten="130,370,130,370" oya="1" hai0="29,83,73,103,75,57,116,16,30,93,41,56,109" hai1="122,2,94,82,121,71,131,19,70,4,100,78,10" hai2="127,5,133,120,130,132,49,27,79,118,59,0,17" hai3="135,45,36,14,119,32,39,77,66,113,86,65,125"/><U18/><E131/><V102/><F102/><W54/><G32/><T15/><D116/><U46/><E122/><V115/><F79/><W25/><G25/><T8/><D41/><U74/><E121/><V117/><F59/><W12/><G119/><N who="2" m="45577" /><F49/><W6/><G113/><T51/><D75/><U110/><E110/><V61/><F61/><W80/><G39/><T43/><D73/><U40/><E71/><V81/><F81/><W91/><G135/><N who="2" m="51785" /><F120/><W9/><G36/><T89/><D83/><U87/><E70/><V67/><F67/><W95/><G14/><T90/><D103/><U42/><E42/><V60/><F60/><W24/><G125/><T134/><D134/><U111/><E111/><V33/><F127/><W55/><G55/><T50/><D109/><U31/><E31/><N who="0" m="11785" /><D50/><U28/><E28/><N who="2" m="19615" /><F130/><W38/><G38/><T88/><D93/><U72/><E72/><V129/><F129/><W76/><G76/><T106/><D106/><U112/><E112/><V126/><F126/><W107/><G107/><T3/><D3/><U124/><E124/><V128/><F128/><W105/><G105/><T20/><D43/><U23/><E100/><V34/><F34/><W1/><G54/><N who="0" m="31839" /><D57/><U69/><E69/><V11/><F17/><W22/><G45/><T47/><D47/><U97/><E19/><V104/><F104/><W48/><G48/><T92/><D92/><U84/><E97/><V58/><F58/><W64/><G95/><T53/><D53/><U7/><E94/><V85/><F115/><W44/><G44/><T35/><D35/><U63/><E82/><RYUUKYOKU ba="1,0" sc="130,15,370,-15,130,15,370,-15" hai0="8,15,16,20,88,89,90" hai2="0,5,11,85" /><INIT seed="2,2,0,1,3,82" ten="145,355,145,355" oya="2" hai0="7,44,121,120,71,67,16,100,27,79,60,125,17" hai1="133,75,63,78,48,72,113,12,87,110,36,126,34" hai2="111,64,83,55,52,20,132,86,21,47,108,128,106" hai3="45,14,41,93,25,49,19,4,77,35,116,119,101"/><V66/><F106/><W56/><G77/><T26/><D7/><U81/><E36/><V61/><F128/><W57/><G116/><T91/><D79/><U73/><E34/><V97/><F132/><W88/><G101/><T13/><D100/><U51/><E63/><V22/><F97/><W39/><G39/><T124/><D44/><U135/><E12/><V28/><F28/><W99/><G119/><T114/><D114/><U65/><E48/><N who="2" m="28703" /><F55/><W9/><G35/><T130/><D130/><U76/><E65/><V90/><F61/><W115/><G115/><T37/><D37/><U53/><E53/><V107/><F107/><W50/><G50/><T80/><D80/><U96/><E51/><V42/><F42/><W31/><G31/><T1/><D1/><U129/><E129/><V131/><F131/><W103/><G103/><T38/><D38/><U10/><E10/><V62/><F62/><W23/><AGARI ba="2,0" hai="4,9,14,19,23,25,41,45,49,56,57,88,93,99" machi="23" ten="30,4000,0" yaku="0,1,8,1,54,1" doraHai="82" who="3" fromWho="3" sc="145,-12,355,-12,145,-22,355,46" /><INIT seed="3,0,0,4,4,28" ten="133,343,123,401" oya="3" hai0="78,128,9,44,127,55,117,85,118,60,71,115,1" hai1="49,51,4,18,125,116,124,59,69,21,63,99,39" hai2="112,67,54,119,133,38,36,77,82,74,13,72,126" hai3="50,110,32,87,70,22,10,66,80,52,134,84,11"/><W12/><G70/><T47/><D1/><U121/><E121/><V132/><F74/><W6/><G66/><T107/><D107/><U106/><E39/><V8/><F119/><W130/><G130/><T76/><D9/><U111/><E111/><V53/><F112/><W33/><G134/><N who="2" m="51817" /><F67/><W108/><G22/><T41/><D85/><U88/><E69/><V81/><F81/><W65/><G65/><T27/><D27/><U56/><E4/><N who="2" m="3207" /><F126/><N who="1" m="48745" /><E116/><V105/><F105/><W123/><G123/><T129/><D127/><U93/><E106/><V2/><F2/><W14/><G87/><T113/><D71/><U0/><E0/><V17/><F17/><W25/><G25/><T37/><D78/><U45/><E45/><V15/><F15/><W90/><G14/><T5/><D76/><U109/><E109/><N who="3" m="42090" /><G11/><T131/><D5/><U73/><E73/><V20/><F20/><W62/><G62/><T64/><D64/><N who="1" m="39015" /><E59/><AGARI ba="0,0" hai="6,10,12,32,33,50,52,59,80,84,90" m="42090" machi="59" ten="30,12000,1" yaku="14,1,10,1,52,2,54,1" doraHai="28" who="3" fromWho="1" sc="133,0,343,-120,123,0,401,120" /><INIT seed="3,1,0,3,4,34" ten="133,223,123,521" oya="3" hai0="56,77,125,126,21,30,115,72,44,61,132,13,9" hai1="11,15,39,128,74,6,102,4,69,99,109,107,38" hai2="104,17,8,108,81,95,25,114,118,47,40,41,18" hai3="68,2,76,26,82,33,117,53,12,70,105,131,35"/><W63/><G105/><T120/><D120/><U1/><E109/><V85/><F104/><W127/><G117/><T29/><D44/><U80/><E69/><V101/><F118/><W57/><G12/><T98/><D98/><U10/><E128/><V97/><F108/><W103/><G103/><T55/><D132/><U94/><E94/><V111/><F111/><W64/><G131/><T129/><D129/><U133/><E133/><V7/><F114/><W22/><G70/><T58/><D21/><U93/><E93/><V23/><F18/><W3/><G35/><T90/><D90/><U135/><E135/><V67/><F67/><W123/><G33/><T54/><D115/><U110/><E110/><V50/><F40/><W52/><G53/><T51/><D77/><U92/><E92/><V28/><F28/><W124/><G123/><T121/><D72/><U49/><E49/><V78/><REACH who="2" step="1"/><F8/><REACH who="2" ten="133,223,113,521" step="2"/><W20/><G127/><N who="0" m="48651" /><D121/><U122/><E122/><V75/><F75/><W66/><G124/><T27/><D27/><U71/><E71/><V46/><F46/><W45/><G45/><T0/><D13/><U130/><E130/><V116/><F116/><W43/><G43/><T62/><D30/><U112/><E112/><V48/><F48/><W96/><G66/><T79/><D29/><U86/><E74/><V16/><F16/><W134/><G134/><T106/><D51/><U37/><E37/><V73/><F73/><W89/><G64/><T60/><D106/><U119/><E119/><V32/><F32/><W91/><G26/><T87/><D62/><U88/><AGARI ba="1,1" hai="1,4,6,10,11,15,38,39,80,86,88,99,102,107" machi="88" ten="20,8000,1" yaku="5,1,0,1,7,1,52,1,54,1" doraHai="34" who="1" fromWho="1" sc="133,-21,223,93,113,-21,521,-41" /><INIT seed="4,0,0,5,4,16" ten="112,316,92,480" oya="0" hai0="0,51,123,110,88,85,74,73,40,106,3,28,112" hai1="15,105,7,99,78,50,23,87,55,86,62,70,14" hai2="27,75,131,65,9,101,54,120,124,20,98,82,34" hai3="17,12,71,119,104,115,29,59,134,48,10,97,135"/><T56/><D123/><U25/><E105/><V42/><F34/><W114/><G71/><T80/><D106/><U53/><E99/><V4/><F120/><W19/><G119/><T37/><D37/><U64/><E55/><V47/><F124/><W122/><G122/><T30/><D112/><N who="3" m="43049" /><G29/><T121/><D121/><U22/><E78/><V125/><F125/><W35/><G35/><T126/><D126/><U68/><E68/><V83/><F131/><W11/><G97/><T108/><D40/><U8/><E15/><V24/><F65/><W102/><G102/><T81/><D51/><U44/><REACH who="1" step="1"/><E23/><REACH who="1" ten="112,306,92,480" step="2"/><V96/><F75/><W132/><G104/><T77/><D74/><U72/><E72/><V100/><F96/><W46/><G11/><T13/><D13/><U36/><E36/><V129/><F129/><W57/><G19/><AGARI ba="0,1" hai="7,8,14,19,22,25,44,50,53,62,64,70,86,87" machi="19" ten="30,3900,0" yaku="1,1,7,1,52,1,53,0" doraHai="16" doraHaiUra="133" who="1" fromWho="3" sc="112,0,306,49,92,0,480,-39" /><INIT seed="5,0,0,0,4,54" ten="112,355,92,441" oya="1" hai0="5,128,30,36,24,77,18,85,131,66,127,51,126" hai1="49,69,130,40,113,105,28,62,25,52,91,17,22" hai2="61,42,78,71,93,44,4,125,2,95,119,13,14" hai3="6,121,32,3,103,68,27,99,45,34,31,115,57"/><U83/><E113/><V106/><F119/><W100/><G121/><T46/><D77/><U59/><E105/><V65/><F106/><W60/><G115/><T19/><D85/><U0/><E0/><V72/><F125/><N who="0" m="47626" /><D36/><U117/><E117/><V123/><F123/><W102/><G34/><N who="0" m="20807" /><D66/><U63/><E130/><N who="0" m="49705" /><D51/><U129/><E69/><V74/><F2/><W70/><G3/><T120/><D46/><N who="1" m="25799" /><E129/><V98/><F4/><W50/><G6/><T135/><D120/><U55/><E91/><V39/><F93/><W104/><G70/><T112/><D112/><U96/><E96/><V97/><F97/><W7/><G7/><T64/><D64/><N who="1" m="39007" /><E83/><V122/><F122/><W92/><G92/><T75/><D75/><U29/><E63/><V11/><F11/><W26/><G26/><T23/><D5/><U81/><E81/><V86/><F74/><W101/><G101/><T82/><D82/><U67/><E67/><V1/><F1/><W16/><G68/><T73/><D73/><U88/><E88/><V87/><F72/><W79/><G79/><T47/><D47/><U76/><E76/><V124/><F124/><W38/><G38/><T48/><D48/><U84/><E84/><N who="2" m="32299" /><F78/><W109/><G103/><T133/><D23/><U41/><E41/><V53/><F53/><AGARI ba="0,0" hai="17,22,25,28,29,52,53,55" m="39007,25799" machi="53" ten="30,5800,0" yaku="8,1,52,1,54,1" doraHai="54" who="1" fromWho="2" sc="112,0,355,58,92,-58,441,0" /><INIT seed="5,1,0,2,1,126" ten="112,413,34,441" oya="1" hai0="101,59,64,92,65,114,3,118,130,48,51,135,91" hai1="16,20,67,61,88,80,5,99,58,0,46,23,93" hai2="14,25,68,82,44,34,119,28,13,36,83,97,132" hai3="62,60,45,4,57,31,121,102,71,39,52,123,128"/><U94/><E0/><V74/><F119/><W115/><G102/><T95/><D118/><U37/><E5/><V89/><F68/><W127/><G31/><T12/><D3/><U6/><E6/><V77/><F132/><W85/><G85/><T47/><D101/><N who="1" m="60655" /><E37/><V50/><F36/><W53/><G4/><T124/><D124/><U79/><E79/><V49/><F49/><N who="3" m="28719" /><G127/><T76/><D76/><U90/><E46/><V69/><F69/><W133/><G133/><T96/><D135/><U40/><E40/><V75/><F97/><W56/><G115/><T116/><D116/><U19/><E80/><V30/><F30/><W125/><G125/><T2/><D2/><U35/><E35/><V107/><F107/><W42/><G71/><T27/><D27/><N who="1" m="14727" /><E94/><V1/><F1/><W10/><G10/><T109/><D109/><U38/><E38/><V112/><F112/><W7/><G7/><T54/><D114/><U43/><E43/><V78/><REACH who="2" step="1"/><F89/><REACH who="2" ten="112,413,24,441" step="2"/><W15/><G123/><T33/><D95/><U70/><E70/><V32/><F32/><W100/><G121/><T17/><D33/><U41/><E41/><AGARI ba="1,1" hai="13,14,25,28,34,41,44,50,74,75,77,78,82,83" machi="41" ten="30,8000,1" yaku="1,1,7,1,9,1,53,2" doraHai="126" doraHaiUra="73" who="2" fromWho="1" sc="112,0,413,-83,24,93,441,0" /><INIT seed="6,0,0,2,0,117" ten="112,330,117,441" oya="2" hai0="63,44,92,14,53,95,110,103,73,32,114,17,8" hai1="23,41,113,38,129,119,52,124,109,18,3,121,43" hai2="20,78,25,82,102,134,58,89,131,5,9,35,60" hai3="83,6,86,55,101,123,94,67,112,69,135,26,116"/><V31/><F131/><W19/><G123/><T130/><D110/><U128/><E3/><V97/><F134/><W96/><G116/><T79/><D32/><U2/><E2/><V125/><F125/><W10/><G135/><T56/><D130/><N who="1" m="50283" /><E18/><V64/><F89/><W36/><G36/><T40/><D114/><U0/><E23/><V39/><F39/><W74/><G74/><T34/><D34/><U33/><E0/><V37/><F37/><W12/><G67/><T59/><D59/><U68/><E33/><V15/><F35/><W21/><G69/><T93/><D73/><U22/><E22/><V66/><F66/><W70/><G70/><T85/><D103/><U30/><E30/><V81/><REACH who="2" step="1"/><F78/><REACH who="2" ten="112,330,107,441" step="2"/><W7/><G112/><T108/><D108/><U4/><E109/><V16/><F16/><N who="3" m="12583" /><G55/><T132/><D132/><U71/><E124/><V105/><AGARI ba="0,1" hai="5,9,15,20,25,31,58,60,64,81,82,97,102,105" machi="105" ten="20,12000,1" yaku="1,1,0,1,7,1,53,2" doraHai="117" doraHaiUra="77" who="2" fromWho="2" sc="112,-40,330,-40,107,130,441,-40" /><INIT seed="6,1,0,5,2,75" ten="72,290,237,401" oya="2" hai0="113,99,9,63,81,45,135,36,129,25,109,82,89" hai1="94,117,37,3,14,71,54,57,39,87,80,15,110" hai2="59,56,91,51,11,47,118,0,83,131,69,50,95" hai3="18,98,120,115,67,101,104,74,35,28,112,10,64"/><V116/><F69/><W29/><G120/><T108/><D25/><U72/><E110/><V19/><F131/><W62/><G74/><T76/><D63/><U27/><E3/><V48/><F47/><W132/><G132/><T1/><D1/><U84/><E71/><V20/><F83/><W38/><G38/><T61/><D61/><U119/><E72/><V93/><F11/><W40/><G40/><T68/><D68/><U111/><E111/><V79/><F0/><W23/><G10/><T41/><D9/><U13/><E27/><V124/><F124/><W90/><G90/><T106/><D36/><U52/><E57/><V26/><F79/><W78/><G78/><T32/><D32/><U134/><E134/><V122/><F122/><W34/><G34/><T5/><D5/><U121/><E121/><V96/><REACH who="2" step="1"/><F95/><REACH who="2" ten="72,290,227,401" step="2"/><W105/><G105/><T42/><D45/><U127/><E127/><V70/><F70/><W33/><G104/><T125/><D135/><U73/><E94/><V133/><F133/><W86/><G115/><T77/><D125/><U66/><E119/><AGARI ba="1,1" hai="19,20,26,48,50,51,56,59,91,93,96,116,118,119" machi="119" ten="40,2000,0" yaku="1,1,53,0" doraHai="75" doraHaiUra="24" who="2" fromWho="1" sc="72,0,290,-23,227,33,401,0" /><INIT seed="6,2,0,0,5,53" ten="72,267,260,401" oya="2" hai0="128,108,40,3,99,47,126,46,29,109,101,121,16" hai1="82,5,94,127,52,84,117,67,73,125,120,55,35" hai2="65,43,23,95,19,96,0,32,25,48,51,60,70" hai3="21,87,79,4,114,133,66,80,129,44,132,113,27"/><V30/><F0/><W58/><G4/><T62/><D3/><U10/><E35/><V9/><F9/><W59/><G44/><T2/><D2/><U110/><E110/><V92/><F92/><W106/><G106/><T131/><D29/><U91/><E117/><V81/><F81/><W69/><G69/><T93/><D101/><U118/><E120/><V50/><F43/><W63/><G58/><T20/><D99/><U26/><E118/><V24/><REACH who="2" step="1"/><F51/><REACH who="2" ten="72,267,250,401" step="2"/><W104/><G104/><T85/><D93/><U72/><E94/><V42/><F42/><W7/><G7/><T34/><D40/><U98/><E10/><V39/><F39/><W115/><G129/><T135/><D109/><U61/><E5/><V89/><AGARI ba="2,1" hai="19,23,24,25,30,32,48,50,60,65,70,89,95,96" machi="89" ten="20,3900,0" yaku="1,1,0,1,7,1,53,0" doraHai="53" doraHaiUra="33" who="2" fromWho="2" sc="72,-15,267,-15,250,55,401,-15" /><INIT seed="6,3,0,4,5,19" ten="57,252,305,386" oya="2" hai0="106,112,3,80,23,74,15,24,134,28,11,64,27" hai1="72,13,123,76,29,58,110,121,54,4,10,111,116" hai2="89,63,50,47,59,86,133,70,109,130,126,71,131" hai3="2,51,38,125,105,115,26,6,39,103,67,101,40"/><V8/><F126/><W68/><G125/><T102/><D106/><U66/><E72/><V62/><F133/><W37/><G6/><N who="0" m="1503" /><D102/><U75/><E66/><N who="2" m="39263" /><F109/><N who="1" m="41481" /><E75/><V34/><F34/><W99/><G103/><T30/><D64/><U20/><E76/><V93/><F8/><W44/><G115/><T132/><D74/><U90/><E58/><V21/><F21/><W124/><G124/><T18/><D80/><U49/><E54/><N who="2" m="30047" /><F63/><N who="3" m="40063" /><G51/><T73/><D73/><U60/><E49/><V7/><F7/><W87/><G87/><T135/><D112/><U84/><E60/><V95/><F95/><W129/><G129/><AGARI ba="3,0" hai="70,71,86,89,93,129,130,131" m="30047,39263" machi="129" ten="30,1500,0" yaku="19,1" doraHai="19" who="2" fromWho="3" sc="57,0,252,0,305,24,386,-24" /><INIT seed="6,4,0,0,5,24" ten="57,252,329,362" oya="2" hai0="84,28,1,110,32,86,65,87,35,127,53,20,101" hai1="76,94,105,131,57,126,89,96,79,90,60,130,8" hai2="106,128,123,121,77,27,116,135,120,54,124,49,63" hai3="16,85,25,3,80,31,92,100,19,70,93,66,13"/><V41/><F106/><W5/><G70/><T82/><D110/><U4/><E105/><V83/><F116/><W38/><G38/><T58/><D1/><U40/><E40/><V45/><F124/><W113/><G66/><T29/><D127/><U26/><E26/><V69/><F135/><W74/><G74/><T67/><D101/><U6/><E126/><V78/><F128/><N who="1" m="49193" /><E90/><V12/><F12/><W61/><G61/><T104/><D104/><U107/><E107/><V68/><F27/><W11/><G113/><T46/><D46/><U81/><E81/><V56/><REACH who="2" step="1"/><F78/><REACH who="2" ten="57,252,319,362" step="2"/><N who="1" m="29737" /><E8/><V99/><F99/><W111/><G111/><T43/><D20/><U22/><E22/><V118/><F118/><W97/><G93/><T51/><D82/><U117/><E117/><V88/><F88/><N who="3" m="51239" /><G3/><T62/><D32/><U98/><E96/><V119/><F119/><W7/><G7/><T109/><D35/><U129/><N who="1" m="49201" /><U55/><AGARI ba="4,1" hai="4,6,55,57,60,89,94,98" m="29737,49201" machi="55" ten="40,2700,0" yaku="4,1,19,1" doraHai="24" who="1" fromWho="1" sc="57,-11,252,49,319,-17,362,-11" /><INIT seed="7,0,0,3,2,130" ten="46,301,302,351" oya="3" hai0="104,113,111,86,114,123,34,98,44,77,112,134,51" hai1="92,50,59,79,3,80,56,15,11,60,64,83,49" hai2="31,39,125,128,30,37,19,36,24,119,58,4,75" hai3="32,133,85,40,102,101,26,65,54,43,99,48,109"/><W53/><G109/><T16/><D34/><U76/><E3/><V131/><F119/><W55/><G65/><T18/><D111/><U107/><E107/><V90/><F75/><W14/><G133/><T103/><D123/><U57/><E92/><V29/><F125/><W117/><G117/><T95/><D44/><U127/><E127/><V69/><F69/><W81/><G32/><T2/><D2/><U22/><E22/><N who="2" m="13407" /><F4/><W100/><G26/><T122/><D122/><U89/><E89/><V74/><F74/><W1/><G1/><T33/><D33/><U41/><E41/><N who="3" m="15946" /><G14/><T27/><D51/><N who="1" m="19467" /><E64/><V66/><F90/><N who="3" m="51503" /><G99/><T73/><D27/><U17/><E60/><V93/><F93/><W72/><G72/><T124/><D124/><U91/><E91/><V71/><F71/><W28/><G28/><T121/><D121/><U105/><E105/><V46/><F46/><AGARI ba="0,0" hai="46,48,53,54,55,100,101,102" m="51503,15946" machi="46" ten="30,1500,0" yaku="8,1" doraHai="130" who="3" fromWho="2" sc="46,0,301,0,302,-15,351,15" owari="46,-45.0,301,10.0,287,-11.0,366,46.0" /></mjloggm>