<mjloggm ver="2.3"><GO type="41" lobby="0"/><UN n0="%E3%82%A8%E3%83%A0%E3%82%BA%E3%82%AC%E3%83%BC%E3%83%87%E3%83%B3" n1="%59%6F%75%38%33" n2="%E5%B0%B1%E6%B4%BB%E7%94%9F%40%E5%B7%9D%E6%9D%91%E8%BB%8D%E5%9B%A3" n3="%E4%BC%8A%E8%A1%9B%E9%96%80%28%38%33%E6%89%8D%29" dan="14,13,16,15" rate="1901.74,1901.58,2066.36,1972.78" sx="M,M,M,M"/><TAIKYOKU oya="0"/><INIT seed="0,0,0,4,3,109" ten="250,250,250,250" oya="0" hai0="110,23,68,96,52,16,12,37,91,84,93,132,51" hai1="62,130,14,74,128,66,31,127,108,9,7,61,123" hai2="59,13,89,57,76,94,92,135,82,71,115,119,124" hai3="117,118,40,80,64,48,78,97,90,98,39,72,133"/><T15/><D68/><U129/><E108/><V58/><F71/><W21/><G39/><T77/><D110/><U55/><E127/><V24/><F119/><W11/><G64/><T47/><D37/><U45/><E31/><V122/><F122/><W38/><G38/><T25/><REACH who="0" step="1"/><D132/><REACH who="0" ten="240,250,250,250" step="2"/><U34/><E123/><V54/><F135/><W36/><G133/><T26/><D26/><U106/><E34/><V107/><F124/><W103/><G36/><T28/><D28/><U83/><E66/><V22/><F107/><W6/><G117/><T56/><D56/><U67/><E106/><V8/><F115/><W27/><G118/><T41/><D41/><U87/><E67/><V10/><F54/><W125/><G27/><T99/><D99/><U104/><E104/><V102/><F24/><W81/><G97/><T20/><D20/><U4/><E55/><V53/><F22/><W131/><G98/><T18/><D18/><U5/><E45/><V114/><F114/><W42/><G21/><T70/><D70/><U100/><E100/><V95/><F53/><W49/><G40/><T88/><D88/><N who="1" m="51327" /><E74/><V32/><F102/><W69/><G42/><T113/><D113/><U46/><E46/><V134/><F32/><W60/><G103/><T3/><D3/><U121/><E121/><V86/><F134/><W30/><G72/><T79/><D79/><U75/><E75/><V116/><F116/><W120/><G78/><T105/><D105/><U17/><AGARI ba="0,1" hai="4,5,7,9,14,17,61,62,128,129,130" m="51327" machi="17" ten="40,2700,0" yaku="19,1,54,1" doraHai="109" who="1" fromWho="1" sc="240,-13,250,37,250,-7,250,-7" /><INIT seed="1,0,0,0,4,43" ten="227,287,243,243" oya="1" hai0="72,74,84,32,27,110,69,10,0,45,63,20,52" hai1="2,91,60,102,22,24,1,118,101,4,18,122,107" hai2="87,123,46,98,17,66,31,21,6,116,38,41,129" hai3="85,124,49,103,5,67,58,89,109,64,131,15,62"/><U25/><E118/><V100/><F116/><W13/><G124/><T19/><D110/><U7/><E122/><V26/><F123/><W108/><G131/><T92/><D32/><U95/><E1/><V50/><F129/><W126/><G103/><N who="1" m="39434" /><E107/><V119/><F119/><W14/><G126/><T42/><D0/><U75/><E75/><V16/><F6/><N who="1" m="2089" /><E2/><V90/><F66/><W117/><G64/><T128/><D10/><U105/><E105/><V44/><F98/><W125/><G117/><T8/><D8/><U80/><E80/><V48/><F100/><W120/><G5/><T99/><D84/><N who="1" m="52711" /><E60/><V76/><F76/><W111/><G120/><T135/><D128/><U94/><E94/><N who="2" m="54623" /><F38/><W39/><G125/><T134/><D69/><U61/><E61/><V23/><F23/><W104/><G39/><T96/><D42/><AGARI ba="0,0" hai="16,17,21,26,31,41,42,44,46,48,50" m="54623" machi="42" ten="30,7700,0" yaku="8,1,52,2,54,1" doraHai="43" who="2" fromWho="0" sc="227,-77,287,0,243,77,243,0" /><INIT seed="2,0,0,2,5,44" ten="150,287,320,243" oya="2" hai0="38,1,30,41,96,10,104,107,5,84,118,102,39" hai1="26,9,106,130,11,103,68,91,121,109,7,76,125" hai2="63,40,12,20,83,19,112,131,56,95,33,80,89" hai3="124,77,75,108,52,128,16,48,122,45,62,73,34"/><V78/><F33/><W100/><G34/><T47/><D118/><U71/><E109/><V67/><F112/><W32/><G32/><T23/><D84/><U21/><E130/><V126/><F131/><W53/><G128/><T81/><D81/><U0/><E125/><V55/><F126/><W85/><G124/><T15/><D107/><U101/><E121/><V105/><F105/><W127/><G100/><T25/><REACH who="0" step="1"/><D1/><REACH who="0" ten="140,287,320,243" step="2"/><U134/><E106/><V24/><F78/><W90/><G127/><T6/><D6/><U37/><E0/><V111/><F111/><W94/><G77/><T98/><D98/><U117/><E7/><V110/><F110/><W87/><G108/><T46/><D46/><U35/><E76/><V28/><F80/><W116/><G87/><T61/><D61/><U97/><E97/><V114/><F83/><W129/><G116/><T115/><D115/><U29/><E101/><V92/><F114/><W86/><G129/><T99/><D99/><U120/><E103/><V57/><F89/><W74/><G86/><T69/><D69/><U72/><E91/><V18/><F40/><W51/><G122/><T133/><D133/><U123/><E71/><V36/><F92/><W42/><G62/><T66/><D66/><U3/><E68/><V60/><F95/><W113/><G113/><T31/><D31/><U59/><E29/><V82/><F82/><W2/><G2/><T93/><D93/><U49/><E120/><V22/><F28/><W17/><REACH who="3" step="1"/><G42/><REACH who="3" ten="140,287,320,233" step="2"/><T135/><D135/><U88/><E134/><V58/><F63/><W14/><G14/><RYUUKYOKU ba="0,2" sc="140,15,287,-15,320,-15,233,15" hai0="5,10,15,23,25,30,38,39,41,47,96,102,104" hai3="16,17,45,48,51,52,53,73,74,75,85,90,94" /><INIT seed="3,1,2,5,2,28" ten="155,272,305,248" oya="3" hai0="50,68,52,46,122,44,123,9,130,107,95,69,77" hai1="99,54,115,24,20,113,103,41,74,96,70,121,3" hai2="18,29,128,90,59,106,49,129,87,21,43,110,78" hai3="97,109,45,58,131,83,30,125,53,38,89,71,63"/><W27/><G125/><T85/><D107/><U91/><E121/><V15/><F110/><W111/><G131/><N who="2" m="50249" /><F106/><W56/><G71/><T32/><D130/><U13/><E74/><V98/><F98/><W73/><G58/><T64/><D32/><U119/><E3/><V34/><F78/><N who="3" m="44495" /><G89/><T47/><D9/><U100/><E70/><V10/><F59/><W6/><G6/><T31/><D31/><U5/><E119/><V36/><F36/><W57/><G57/><T84/><D69/><U12/><E91/><V101/><F101/><W92/><G92/><T117/><D117/><U104/><E5/><V67/><F67/><W16/><G97/><T112/><D112/><U66/><E66/><V127/><F127/><W86/><G86/><T22/><D22/><U51/><E104/><V126/><F126/><W133/><G133/><T132/><D132/><U72/><E72/><V65/><F65/><W118/><G118/><T37/><D37/><U82/><E41/><V88/><F87/><W135/><G135/><T114/><D114/><U2/><E2/><V60/><F60/><W79/><G79/><T7/><D7/><U108/><E82/><V48/><F10/><W23/><G38/><T8/><D64/><U76/><E76/><V33/><F48/><W124/><G124/><T120/><D68/><U75/><E75/><V94/><F94/><W25/><G45/><T35/><D122/><U4/><E51/><V39/><F39/><W11/><G11/><T61/><D123/><U80/><E4/><V42/><F49/><W134/><G134/><T1/><D120/><RYUUKYOKU ba="1,2" sc="155,-10,272,-10,305,-10,248,30" hai3="16,23,25,27,30,53,56,63,109,111" /><INIT seed="3,2,2,0,3,50" ten="145,262,295,278" oya="3" hai0="54,27,35,12,127,77,85,70,57,10,23,62,72" hai1="45,5,129,117,11,65,98,34,108,69,6,120,101" hai2="75,63,51,56,134,48,107,89,133,104,111,15,53" hai3="59,32,83,43,7,119,110,9,55,28,80,3,18"/><W61/><G119/><T47/><D72/><U64/><E120/><V103/><F75/><W93/><G110/><T84/><D35/><U38/><E108/><V21/><F111/><W26/><G43/><T92/><D127/><U67/><E34/><V25/><F89/><W95/><G95/><T99/><D70/><U29/><E117/><V39/><F39/><W71/><G71/><T20/><D47/><U123/><E129/><V37/><F15/><W94/><G94/><T73/><D73/><U36/><E29/><N who="2" m="17583" /><F37/><W100/><REACH who="3" step="1"/><G18/><REACH who="3" ten="145,262,295,268" step="2"/><N who="0" m="8471" /><D77/><U44/><E123/><V128/><F128/><W124/><G124/><T0/><D0/><U42/><E69/><V16/><F16/><W4/><G4/><T31/><D23/><U58/><E6/><V22/><F104/><W8/><G8/><T86/><D84/><U46/><E11/><V68/><F22/><W97/><AGARI ba="2,3" hai="3,7,9,26,28,32,55,59,61,80,83,93,97,100" machi="97" ten="30,6000,0" yaku="1,1,0,1,52,1,53,0" doraHai="50" doraHaiUra="41" who="3" fromWho="3" sc="145,-22,262,-22,295,-22,268,96" /><INIT seed="3,3,0,4,4,72" ten="123,240,273,364" oya="3" hai0="40,115,77,73,65,46,14,74,23,121,101,104,82" hai1="122,109,116,108,128,17,91,24,11,71,107,50,39" hai2="6,54,30,3,69,124,37,64,49,20,134,31,129" hai3="25,132,111,19,117,135,78,61,29,86,59,38,89"/><W51/><G38/><T15/><D121/><U60/><E122/><V97/><F37/><W41/><G111/><N who="1" m="42570" /><E107/><V80/><F129/><W35/><G117/><T112/><D65/><N who="1" m="41383" /><E128/><V27/><F124/><W1/><G1/><T105/><D73/><U9/><E39/><V62/><F134/><N who="3" m="51243" /><G19/><T131/><D131/><U126/><E126/><V102/><F31/><W118/><G118/><T120/><D120/><U33/><E116/><V83/><F6/><W114/><G114/><N who="0" m="43563" /><D101/><U67/><E67/><V55/><F3/><W53/><G41/><T92/><D92/><U84/><E50/><V93/><F55/><W16/><G16/><N who="0" m="10647" /><D15/><U12/><E33/><V13/><F13/><W28/><G28/><T70/><D70/><U8/><E24/><V34/><F34/><W57/><G57/><AGARI ba="3,0" hai="20,27,30,49,54,57,62,64,69,80,83,93,97,102" machi="57" ten="30,1000,0" yaku="7,1" doraHai="72" who="2" fromWho="3" sc="123,0,240,0,273,19,364,-19" /><INIT seed="4,0,0,3,0,72" ten="123,240,292,345" oya="0" hai0="65,21,57,131,70,1,114,89,88,111,12,107,124" hai1="134,42,63,119,110,77,85,121,133,101,112,54,40" hai2="71,44,80,3,49,6,31,48,97,59,92,135,102" hai3="15,109,84,7,2,52,29,27,75,127,23,76,9"/><T106/><D1/><U113/><E119/><V108/><F71/><W81/><G109/><T103/><D111/><U118/><E118/><V22/><F108/><W125/><G75/><T66/><D114/><N who="1" m="44139" /><E110/><V10/><F135/><N who="1" m="51721" /><E101/><V87/><F59/><W26/><G26/><T94/><D131/><U35/><E35/><V17/><F31/><W78/><G52/><T62/><D124/><N who="3" m="47689" /><G2/><T14/><D70/><U13/><E121/><V115/><F115/><W60/><G60/><T11/><D66/><U4/><E4/><V82/><F82/><W16/><G7/><T98/><D107/><U18/><E63/><V100/><F100/><W79/><AGARI ba="0,0" hai="9,15,16,23,27,29,76,78,79,81,84" m="47689" machi="79" ten="30,8000,1" yaku="18,1,52,3,54,1" doraHai="72" who="3" fromWho="3" sc="123,-40,240,-20,292,-20,345,80" /><INIT seed="5,0,0,1,0,45" ten="83,220,272,425" oya="1" hai0="97,39,103,109,106,56,116,37,92,0,17,102,80" hai1="73,126,43,133,10,44,30,41,23,74,53,42,124" hai2="118,71,99,64,134,107,112,123,52,14,25,28,21" hai3="81,119,63,1,114,129,122,98,57,49,87,79,95"/><U5/><E133/><V46/><F123/><W101/><G1/><T115/><D109/><U38/><E30/><V4/><F134/><W36/><G36/><T113/><D0/><U94/><E94/><V55/><F118/><W111/><G114/><T125/><D116/><U31/><E31/><V62/><F112/><N who="0" m="43082" /><D17/><U33/><E23/><V6/><F14/><W110/><G129/><T72/><D56/><U47/><E33/><V48/><F55/><W130/><G130/><T68/><D68/><U96/><E96/><V93/><REACH who="2" step="1"/><F93/><REACH who="2" ten="83,220,262,425" step="2"/><W83/><G95/><T2/><D2/><N who="1" m="311" /><E53/><V20/><F20/><W76/><G119/><T82/><D37/><N who="1" m="21551" /><E42/><V50/><F50/><W127/><G49/><T75/><D39/><U88/><E74/><N who="0" m="28201" /><D125/><U86/><E73/><V24/><F24/><W26/><G127/><T66/><D66/><U51/><E51/><V78/><F78/><W85/><G76/><T35/><D35/><U9/><E9/><V61/><F61/><W19/><G79/><T100/><D106/><U67/><E67/><V135/><F135/><W91/><G26/><T34/><D34/><U11/><E11/><V90/><F90/><AGARI ba="0,1" hai="80,82,90,92,97,100,102,103" m="28201,43082" machi="90" ten="40,5200,0" yaku="15,1,34,2" doraHai="45" who="0" fromWho="2" sc="83,62,220,0,262,-52,425,0" /><INIT seed="6,0,0,1,3,63" ten="145,220,210,425" oya="2" hai0="46,69,104,23,128,135,77,54,82,90,6,24,67" hai1="126,1,91,87,102,97,12,27,125,109,20,123,73" hai2="5,78,132,89,79,15,32,22,2,116,33,55,71" hai3="19,68,85,7,38,49,94,62,100,95,72,39,114"/><V9/><F71/><W61/><G72/><T14/><D128/><U21/><E109/><V48/><F116/><W121/><G49/><T40/><D135/><U0/><E73/><V28/><F132/><W17/><G85/><T131/><D104/><U34/><E123/><V60/><F89/><W57/><G57/><T16/><D131/><U65/><E34/><V66/><F32/><W42/><G42/><T118/><D118/><U43/><E43/><V115/><F33/><W127/><G7/><T26/><D54/><U119/><E119/><V93/><F93/><W110/><G114/><T59/><D69/><U8/><E1/><V47/><F115/><W113/><G127/><T3/><D3/><U11/><E0/><V13/><F2/><W122/><G110/><T70/><D70/><U74/><E74/><V112/><F112/><W99/><G99/><T52/><D90/><U111/><E111/><V83/><F83/><W98/><G68/><T86/><D6/><U80/><E65/><V18/><F28/><W30/><G98/><T31/><D67/><U106/><E12/><V133/><F133/><W117/><G113/><T50/><D31/><N who="1" m="17895" /><E21/><V35/><F35/><W107/><G117/><T75/><D75/><U64/><E64/><V120/><F120/><W25/><G107/><T53/><D53/><U130/><E130/><V81/><F81/><W10/><G30/><T56/><D56/><U84/><E84/><V37/><F37/><AGARI ba="0,0" hai="14,16,23,24,26,37,40,46,50,52,59,77,82,86" machi="37" ten="30,3900,0" yaku="7,1,54,2" doraHai="63" who="0" fromWho="2" sc="145,39,220,0,210,-39,425,0" /><INIT seed="7,0,0,1,3,113" ten="184,220,171,425" oya="3" hai0="107,114,42,86,101,60,77,105,24,126,70,57,88" hai1="65,98,133,109,6,63,21,3,112,103,19,0,124" hai2="40,15,96,74,62,94,56,104,25,49,78,132,32" hai3="135,4,83,55,76,29,8,30,106,10,81,91,9"/><W26/><G106/><T134/><D126/><U14/><E109/><V12/><F104/><W41/><G41/><T129/><D70/><U61/><E124/><V13/><F132/><W69/><G69/><T28/><D134/><U84/><E133/><V95/><F74/><W125/><G30/><T85/><D129/><U72/><E72/><V23/><F78/><W16/><G125/><T115/><D42/><U100/><E6/><V38/><F32/><W18/><G4/><T51/><D51/><U53/><E100/><V82/><F38/><W116/><G116/><T71/><D71/><U111/><E111/><V39/><F39/><W11/><G135/><T7/><D7/><U120/><E120/><V46/><F82/><W31/><G31/><T44/><D44/><U97/><E97/><V67/><REACH who="2" step="1"/><F96/><REACH who="2" ten="184,220,161,425" step="2"/><W50/><G81/><T58/><D77/><U110/><E110/><V73/><F73/><W20/><G76/><T122/><D122/><U36/><E36/><V54/><F54/><W66/><G66/><T33/><D86/><U45/><E53/><V22/><F22/><W59/><G11/><T99/><D107/><U1/><E65/><V64/><F64/><W48/><G48/><T131/><D131/><U117/><E0/><V87/><F87/><AGARI ba="0,1" hai="8,9,10,16,18,20,26,29,50,55,59,83,87,91" machi="87" ten="40,3900,0" yaku="8,1,54,1" doraHai="113" who="3" fromWho="2" sc="184,0,220,0,161,-39,425,49" owari="184,-22.0,220,2.0,122,-38.0,474,58.0" /></mjloggm>