<mjloggm ver="2.3"><GO type="97" lobby="0"/><UN n0="%6A%69%6E%6B%61%69" n1="%E5%B0%B1%E6%B4%BB%E7%94%9F%40%E5%B7%9D%E6%9D%91%E8%BB%8D%E5%9B%A3" n2="%E3%82%AA%E3%82%AB%E3%83%87%E3%82%B8%E9%9B%80%E5%A3%AB" n3="%E5%A4%A7%E5%AE%AE%E5%BF%8D%76" dan="14,14,15,14" rate="1963.15,1975.48,1995.68,2118.92" sx="M,M,M,M"/><TAIKYOKU oya="0"/><INIT seed="0,0,0,0,0,129" ten="250,250,250,250" oya="0" hai0="3,39,125,21,76,78,79,91,37,11,93,101,133" hai1="18,80,14,116,68,35,87,95,58,130,90,53,73" hai2="36,96,55,24,43,16,52,98,40,8,61,9,122" hai3="4,19,100,48,25,99,57,85,127,132,123,92,47"/><T105/><D125/><U60/><E130/><V83/><F122/><W112/><G127/><T44/><D133/><U54/><E116/><V69/><F69/><W82/><G132/><T74/><D21/><U128/><E35/><V41/><F36/><W88/><G112/><T110/><D110/><U108/><E108/><V28/><F83/><W27/><G123/><T120/><D120/><U119/><E119/><V94/><F28/><W0/><G57/><T13/><D3/><U104/><E104/><V121/><F121/><W84/><G4/><T70/><D70/><U56/><E68/><V109/><F109/><W29/><G0/><T126/><D74/><U81/><E73/><V15/><F24/><W97/><G29/><T72/><D72/><U32/><E32/><V111/><F111/><W66/><G66/><T34/><D34/><U50/><REACH who="1" step="1"/><E128/><REACH who="1" ten="250,240,250,250" step="2"/><V10/><F96/><W63/><G99/><T22/><D105/><U20/><AGARI ba="0,1" hai="14,18,20,50,53,54,56,58,60,80,81,87,90,95" machi="20" ten="20,12000,2" yaku="1,1,2,1,0,1,7,1,25,2,8,1,53,0" doraHai="129" doraHaiUra="31" who="1" fromWho="1" sc="250,-60,240,130,250,-30,250,-30" /><INIT seed="1,0,0,3,4,41" ten="190,370,220,220" oya="1" hai0="109,58,56,27,100,105,94,68,84,87,40,89,26" hai1="108,48,54,46,77,23,93,29,45,17,90,85,69" hai2="10,107,20,7,2,39,74,32,117,6,1,33,31" hai3="47,55,112,19,49,115,8,61,101,96,66,13,86"/><U73/><E69/><V131/><F39/><W14/><G14/><T18/><D109/><U35/><E35/><V63/><F74/><W72/><G72/><T50/><D68/><U81/><E108/><V16/><F107/><W0/><G0/><T52/><D40/><U37/><E29/><V79/><F79/><W43/><G43/><T122/><D105/><U91/><E37/><V70/><F131/><W51/><G51/><T121/><D100/><U11/><E11/><V22/><F117/><W34/><G34/><T64/><D84/><N who="1" m="52423" /><E73/><V80/><F80/><W25/><G25/><T78/><D78/><U102/><E102/><V24/><F63/><W133/><G133/><T21/><D64/><U118/><E77/><V116/><F70/><W126/><G126/><T103/><D103/><U15/><E118/><V67/><F67/><W4/><G4/><T110/><D110/><U83/><E83/><V88/><F88/><W53/><G53/><T111/><D111/><U5/><E5/><V130/><F130/><W135/><G135/><T59/><REACH who="0" step="1"/><D26/><REACH who="0" ten="180,370,220,220" step="2"/><U129/><E129/><V71/><F71/><W95/><G115/><T38/><D38/><U124/><E124/><V3/><F116/><W113/><G112/><T99/><D99/><U42/><E42/><V12/><F7/><W57/><G113/><T62/><D62/><U76/><E76/><V134/><F134/><W9/><G86/><T106/><D106/><U75/><E75/><V114/><F114/><W104/><G104/><T128/><D128/><U97/><E85/><V60/><F60/><W36/><G36/><RYUUKYOKU ba="0,1" sc="180,10,370,-30,220,10,220,10" hai0="18,21,27,50,52,56,58,59,87,89,94,121,122" hai2="1,2,3,6,10,12,16,20,22,24,31,32,33" hai3="8,9,13,19,47,49,55,57,61,66,95,96,101" /><INIT seed="2,1,1,1,5,52" ten="190,340,230,230" oya="2" hai0="91,18,103,64,55,98,131,78,97,87,5,111,101" hai1="31,10,133,86,60,11,51,72,33,130,50,129,93" hai2="89,39,17,67,117,68,105,134,108,32,38,107,19" hai3="99,118,80,23,90,104,44,114,6,84,14,94,119"/><V66/><F117/><W63/><G104/><N who="2" m="40009" /><F89/><W83/><G118/><T29/><D111/><U25/><E133/><V75/><F108/><W125/><G119/><T102/><D131/><N who="1" m="50187" /><E72/><V59/><F75/><W128/><G125/><T24/><D64/><N who="2" m="24618" /><F59/><W116/><G116/><T53/><D78/><U16/><E60/><V22/><F134/><W13/><G63/><T124/><D124/><U49/><E16/><N who="2" m="6219" /><F32/><W112/><G90/><AGARI ba="1,1" hai="10,11,25,31,33,49,50,51,86,90,93" m="50187" machi="90" ten="30,1000,0" yaku="19,1" doraHai="52" who="1" fromWho="3" sc="190,0,340,23,230,0,230,-13" /><INIT seed="3,0,0,5,5,18" ten="190,363,230,217" oya="3" hai0="131,87,20,69,82,135,9,64,51,76,49,2,26" hai1="118,113,66,96,74,128,13,14,111,67,43,45,100" hai2="78,12,120,104,98,22,90,62,31,72,70,117,91" hai3="102,44,25,33,83,24,55,132,48,37,75,134,10"/><W11/><G102/><T38/><D38/><U8/><E113/><V80/><F117/><W85/><G75/><T61/><D131/><U42/><E74/><V0/><F0/><W23/><G37/><T89/><D135/><N who="3" m="51753" /><G33/><T54/><D54/><U28/><E128/><V116/><F116/><W81/><G25/><T53/><D53/><U107/><E111/><V115/><F115/><W16/><G83/><T127/><D127/><U133/><E133/><V35/><F120/><W123/><G123/><T71/><D71/><U19/><E28/><V56/><F70/><W105/><G105/><T7/><REACH who="0" step="1"/><D76/><AGARI ba="0,0" hai="10,11,16,23,24,44,48,55,76,81,85" m="51753" machi="76" ten="30,5800,0" yaku="20,1,52,1,54,1" doraHai="18" who="3" fromWho="0" sc="190,-58,363,0,230,0,217,58" /><INIT seed="3,1,0,2,3,28" ten="132,363,230,275" oya="3" hai0="16,73,134,122,48,71,51,72,130,31,103,78,29" hai1="80,117,60,111,127,107,2,40,41,116,63,61,90" hai2="110,129,99,82,1,77,75,68,43,104,86,23,52" hai3="39,38,11,105,32,53,65,58,106,67,45,88,62"/><W87/><G32/><T108/><D122/><U101/><E111/><V49/><F1/><W47/><G11/><T100/><D71/><U44/><E2/><V26/><F68/><W118/><G118/><N who="1" m="45674" /><E127/><V98/><F110/><W128/><G128/><T74/><D134/><U102/><E107/><V85/><F129/><W42/><G105/><T19/><D130/><U27/><E27/><V131/><F131/><W83/><REACH who="3" step="1"/><G106/><REACH who="3" ten="132,363,230,265" step="2"/><T33/><D108/><U59/><E59/><V109/><F109/><W93/><G93/><T64/><D64/><U0/><E0/><V50/><F104/><W57/><G57/><T126/><D126/><U6/><E6/><V37/><F75/><W21/><G21/><T15/><D78/><U69/><E69/><V96/><F23/><W92/><G92/><T17/><D15/><U115/><E115/><V81/><F77/><W36/><G36/><T95/><D95/><U8/><E8/><V10/><F37/><W135/><G135/><T18/><N who="0" m="4096" /><DORA hai="25" /><T24/><REACH who="0" step="1"/><D29/><REACH who="0" ten="122,363,230,265" step="2"/><U14/><E14/><V70/><F70/><W94/><G94/><T5/><D5/><U9/><E9/><V123/><F10/><W76/><G76/><T22/><D22/><U54/><E80/><V132/><F82/><W55/><G55/><T119/><D119/><U120/><E54/><V84/><F52/><W91/><G91/><T35/><D35/><U113/><E90/><V46/><F81/><W7/><G7/><T124/><D124/><U133/><E113/><V30/><F132/><W12/><G12/><T125/><D125/><U114/><E133/><RYUUKYOKU ba="1,2" sc="122,15,363,-15,230,-15,265,15" hai0="24,31,33,48,51,72,73,74,100,103" hai3="38,39,42,45,47,53,58,62,65,67,83,87,88" /><INIT seed="3,2,2,2,0,12" ten="137,348,215,280" oya="3" hai0="99,38,88,13,71,54,43,78,105,81,42,33,53" hai1="27,19,1,83,125,126,75,92,100,23,98,41,32" hai2="114,82,112,72,115,89,31,131,129,120,22,91,59" hai3="35,73,101,40,97,0,84,67,108,47,127,26,104"/><W56/><G73/><T77/><D71/><U17/><E1/><V49/><F120/><W45/><G0/><T86/><D33/><U118/><E118/><V10/><F10/><W36/><G127/><N who="1" m="48650" /><E41/><V69/><F69/><W48/><G108/><T28/><D28/><N who="1" m="17535" /><E32/><V119/><F119/><W61/><G84/><T63/><D77/><AGARI ba="2,2" hai="17,19,75,77,83,92,98,100" m="17535,48650" machi="77" ten="30,3900,0" yaku="18,1,52,2" doraHai="12" who="1" fromWho="0" sc="137,-45,348,65,215,0,280,0" owari="92,-41.0,413,51.0,215,-18.0,280,8.0" /></mjloggm>