<mjloggm ver="2.3"><GO type="169" lobby="0"/><UN n0="%E3%82%A6%E3%83%AB%E3%83%88%E3%83%A9%E7%AB%8B%E7%9B%B4" n1="%7A%65%72%6F%52%58" n2="%79%6F%73%68%69%67%69" n3="%E5%A4%A9%E7%A9%BA%73%61%79%61" dan="17,18,16,16" rate="2226.01,2191.34,2131.69,2120.70" sx="M,M,M,M"/><TAIKYOKU oya="0"/><INIT seed="0,0,0,4,1,92" ten="250,250,250,250" oya="0" hai0="70,127,65,118,49,11,62,33,67,105,101,17,89" hai1="114,20,79,135,131,113,82,28,57,27,29,32,132" hai2="52,39,87,23,111,37,10,43,78,40,128,88,45" hai3="56,24,59,112,77,66,1,120,86,84,8,13,25"/><T31/><D118/><U81/><E131/><V126/><F128/><W94/><G112/><N who="1" m="43114" /><E57/><V125/><F111/><W110/><G1/><T19/><D127/><U26/><E81/><V104/><F104/><W96/><G110/><T130/><D130/><U68/><E68/><V3/><F78/><W34/><G120/><T73/><D73/><AGARI ba="0,0" hai="20,26,27,28,29,32,73,79,82,132,135" m="43114" machi="73" ten="30,1000,0" yaku="11,1" doraHai="92" who="1" fromWho="0" sc="250,-10,250,10,250,0,250,0" /><INIT seed="1,0,0,2,1,51" ten="240,260,250,250" oya="1" hai0="73,128,45,86,63,25,53,129,8,108,11,96,57" hai1="114,41,132,126,32,6,18,24,54,1,123,12,71" hai2="95,46,99,117,19,72,62,43,94,101,29,37,85" hai3="109,38,42,120,122,59,44,106,30,31,134,92,78"/><U110/><E71/><V97/><F117/><W118/><G106/><T103/><D73/><U17/><E123/><V113/><F113/><W67/><G118/><T70/><D108/><U83/><E114/><V135/><F135/><W100/><G109/><T27/><D86/><U22/><E41/><V60/><F72/><W28/><G134/><T81/><D81/><U79/><E132/><V68/><F29/><W49/><G78/><T91/><D91/><U75/><E110/><V125/><F125/><W0/><G0/><T5/><D45/><U23/><E126/><V88/><F68/><W90/><G100/><T131/><D70/><U69/><E69/><V82/><REACH who="2" step="1"/><F19/><REACH who="2" ten="240,260,240,250" step="2"/><W52/><REACH who="3" step="1"/><G67/><REACH who="3" ten="240,260,240,240" step="2"/><T84/><D131/><U74/><E74/><V66/><F66/><W36/><G36/><T34/><D129/><U13/><E75/><V55/><F55/><W39/><G39/><T111/><D53/><U2/><E54/><V47/><F47/><W48/><G48/><T121/><D128/><U133/><E133/><V107/><F107/><W80/><G80/><T35/><D111/><U14/><E83/><V115/><F115/><W127/><G127/><T130/><D130/><U105/><E105/><V104/><F104/><W76/><G76/><AGARI ba="0,2" hai="37,43,46,60,62,76,82,85,88,94,95,97,99,101" machi="76" ten="30,3900,0" yaku="1,1,7,1,54,1,53,0" doraHai="51" doraHaiUra="64" who="2" fromWho="3" sc="240,0,260,0,240,59,240,-39" /><INIT seed="2,0,0,5,0,102" ten="240,260,299,201" oya="2" hai0="48,53,111,56,27,93,45,86,84,94,77,71,135" hai1="16,50,89,69,99,127,17,57,126,85,103,55,83" hai2="76,118,25,95,120,110,90,98,15,46,19,105,60" hai3="100,2,109,43,97,117,5,4,0,24,133,32,33"/><V78/><F120/><W108/><G117/><T61/><D111/><N who="3" m="42569" /><G43/><T79/><D135/><U80/><E80/><V81/><F110/><W104/><G133/><T96/><D71/><U82/><E82/><V58/><F118/><W63/><G63/><T36/><D36/><U20/><E69/><V123/><F123/><W115/><G115/><T52/><D27/><U92/><REACH who="1" step="1"/><E17/><REACH who="1" ten="240,250,299,201" step="2"/><V40/><F105/><W41/><G104/><T14/><D94/><U112/><E112/><V128/><F128/><W68/><G68/><T65/><D79/><U66/><E66/><V37/><F81/><W3/><G5/><T72/><D65/><U130/><E130/><V70/><F70/><W47/><G4/><T106/><D106/><U21/><E21/><V7/><F7/><W75/><G32/><T131/><D131/><U8/><E8/><V18/><F19/><W91/><G33/><T38/><D77/><U30/><E30/><V44/><F25/><AGARI ba="0,1" hai="16,20,25,50,55,57,83,85,89,92,99,103,126,127" machi="25" ten="40,8000,1" yaku="1,1,54,1,53,2" doraHai="102" doraHaiUra="132" who="1" fromWho="2" sc="240,0,250,90,299,-80,201,0" /><INIT seed="3,0,0,4,3,21" ten="240,340,219,201" oya="3" hai0="93,116,99,59,122,29,130,52,133,36,10,24,58" hai1="80,28,89,126,2,57,15,79,13,26,131,115,47" hai2="129,43,73,100,121,20,114,128,78,118,34,84,19" hai3="64,67,68,9,95,48,33,17,44,90,18,3,31"/><W65/><G68/><T72/><D122/><U135/><E115/><V83/><F34/><W120/><G120/><T8/><D116/><U112/><E2/><V41/><F121/><W55/><G3/><T75/><D36/><U5/><E112/><V40/><F118/><W113/><G113/><T91/><D130/><U32/><E126/><V16/><F114/><W104/><G104/><T42/><D42/><U124/><E124/><V77/><F100/><W86/><G33/><T98/><D133/><U132/><E89/><V82/><REACH who="2" step="1"/><F19/><REACH who="2" ten="240,340,209,201" step="2"/><N who="3" m="7179" /><G31/><T46/><D75/><U92/><E28/><V60/><F60/><W101/><G101/><T109/><D72/><U30/><E30/><V56/><F56/><W71/><G71/><T85/><D59/><U117/><E57/><V35/><F35/><W66/><G66/><T81/><D46/><U97/><E47/><V107/><F107/><W12/><G67/><T110/><D110/><U45/><E45/><V106/><F106/><W111/><G111/><T63/><D109/><U94/><E32/><V6/><F6/><AGARI ba="0,1" hai="6,9,12,44,48,55,64,65,86,90,95" m="7179" machi="6" ten="30,1500,0" yaku="8,1" doraHai="21" who="3" fromWho="2" sc="240,0,340,0,209,-15,201,25" /><INIT seed="3,1,0,1,3,120" ten="240,340,194,226" oya="3" hai0="15,14,107,113,28,2,106,103,54,19,29,95,13" hai1="114,35,122,48,22,1,43,61,46,42,117,66,49" hai2="24,86,90,47,83,127,100,51,21,31,79,80,101" hai3="109,94,50,135,59,119,25,65,41,132,129,92,111"/><W30/><G119/><T60/><D2/><U85/><E35/><V89/><F127/><W32/><G129/><T78/><D113/><U44/><E1/><V12/><F12/><W9/><G9/><T125/><D125/><U17/><E122/><V3/><F3/><W53/><G65/><T5/><D5/><U97/><E117/><V63/><F63/><W128/><G128/><T10/><D78/><U98/><E85/><V87/><REACH who="2" step="1"/><F79/><REACH who="2" ten="240,340,184,226" step="2"/><W23/><G32/><T11/><D15/><N who="1" m="9535" /><E114/><V118/><F118/><W134/><G41/><AGARI ba="1,1" hai="21,24,31,41,47,51,80,83,86,87,89,90,100,101" machi="41" ten="30,8000,1" yaku="1,1,7,1,9,1,8,1,53,1" doraHai="120" doraHaiUra="45" who="2" fromWho="3" sc="240,0,340,0,184,93,226,-83" /><INIT seed="4,0,0,1,4,45" ten="240,340,277,143" oya="0" hai0="0,26,102,35,2,124,81,1,131,62,11,111,125" hai1="64,100,69,86,22,53,85,83,80,49,112,50,17" hai2="60,47,76,108,89,51,34,42,68,116,107,31,18" hai3="97,23,61,36,132,46,54,73,122,24,135,20,101"/><T55/><D102/><U98/><E69/><V96/><F108/><W105/><G73/><T63/><D111/><U90/><E64/><V110/><F110/><W66/><G122/><T72/><D131/><U21/><E53/><V87/><F116/><W74/><G74/><T82/><D11/><U37/><E37/><V67/><F76/><W56/><G23/><T123/><D123/><U15/><E22/><V127/><F127/><N who="0" m="48714" /><D72/><U27/><E27/><V7/><F7/><W71/><G46/><T134/><D134/><U29/><E29/><V19/><F87/><W93/><G36/><T33/><D26/><U9/><E9/><V13/><F13/><W133/><G105/><T41/><D41/><U99/><E112/><V4/><F4/><W30/><REACH who="3" step="1"/><G54/><REACH who="3" ten="240,340,277,133" step="2"/><T38/><D38/><U120/><E120/><V121/><F121/><W130/><G130/><T28/><D55/><U43/><E43/><V95/><REACH who="2" step="1"/><F107/><REACH who="2" ten="240,340,267,133" step="2"/><W104/><G104/><T91/><D35/><U92/><E99/><V109/><F109/><W103/><G103/><T6/><D33/><U79/><AGARI ba="0,2" hai="15,17,21,49,50,79,80,83,85,86,90,92,98,100" machi="79" ten="20,8000,1" yaku="0,1,7,1,8,1,52,2" doraHai="45" who="1" fromWho="1" sc="240,-40,340,100,267,-20,133,-20" /><INIT seed="5,0,0,4,2,119" ten="200,440,247,113" oya="1" hai0="71,38,118,85,108,78,89,40,115,62,122,83,0" hai1="43,116,107,27,76,57,106,121,74,63,52,65,96" hai2="64,28,8,81,135,73,26,34,109,112,124,102,88" hai3="132,6,31,44,53,120,93,47,24,19,2,32,18"/><U110/><E121/><V101/><F109/><W95/><G132/><T94/><D108/><U134/><E116/><V10/><F135/><W104/><G104/><T1/><D118/><U36/><E134/><V92/><F124/><W84/><G120/><T50/><D38/><U25/><E76/><V72/><F112/><W117/><G117/><T16/><D115/><U133/><E74/><V66/><F10/><W100/><G6/><T23/><D122/><U75/><E75/><V90/><F8/><W130/><G130/><T21/><D21/><U15/><E110/><V51/><F51/><W35/><G2/><T5/><D5/><U29/><E15/><V70/><F81/><W12/><G100/><T129/><D129/><U68/><E96/><V114/><F114/><W99/><G99/><T49/><D49/><N who="1" m="30863" /><E25/><V91/><F92/><N who="3" m="35403" /><G35/><T9/><D9/><U17/><E17/><N who="3" m="6154" /><G12/><T126/><D126/><U79/><E133/><V125/><F125/><W3/><G3/><T20/><D20/><N who="1" m="15591" /><E79/><V111/><F111/><W42/><G84/><T55/><D71/><U30/><E30/><V7/><F7/><W46/><G42/><T82/><D40/><U41/><E41/><V131/><F131/><W22/><G32/><T56/><D0/><U60/><E107/><V86/><F86/><W13/><G13/><N who="0" m="9615" /><D1/><U77/><E43/><V45/><F70/><W39/><G39/><T98/><D83/><U33/><E106/><V97/><F73/><W80/><G80/><T103/><D103/><N who="2" m="39434" /><F72/><W37/><G37/><T127/><D127/><U105/><E36/><V11/><F34/><RYUUKYOKU ba="0,0" sc="200,15,440,-15,247,-15,113,15" hai0="50,55,56,62,78,82,85,89,94,98" hai3="22,24,31,44,46,47,53" /><INIT seed="6,1,0,0,0,117" ten="215,425,232,128" oya="2" hai0="4,27,62,13,104,130,55,76,56,73,45,70,36" hai1="94,39,69,38,53,96,40,95,83,75,2,64,52" hai2="111,46,59,98,32,99,30,66,31,14,106,25,3" hai3="128,93,105,22,115,0,127,23,120,49,41,86,34"/><V17/><F111/><W9/><G105/><T44/><D104/><U37/><E2/><V129/><F129/><W103/><G34/><T112/><D130/><U132/><E40/><V63/><F30/><W5/><G128/><T102/><D102/><U116/><E116/><V101/><F3/><W77/><G127/><T61/><D112/><U88/><E64/><V58/><F46/><W60/><G115/><T108/><D108/><U42/><E42/><V12/><F99/><W84/><G120/><T122/><D122/><U114/><E69/><V8/><REACH who="2" step="1"/><F12/><REACH who="2" ten="215,425,222,128" step="2"/><W81/><G0/><T118/><D13/><U109/><E114/><V97/><F97/><W87/><G41/><T124/><D45/><U134/><E109/><V43/><F43/><W110/><G110/><T121/><D44/><U54/><E96/><V79/><F79/><W135/><G77/><T126/><D76/><U7/><E37/><V57/><AGARI ba="1,1" hai="8,14,17,25,31,32,57,58,59,63,66,98,101,106" machi="57" ten="20,3900,0" yaku="1,1,0,1,7,1,53,0" doraHai="117" doraHaiUra="67" who="2" fromWho="2" sc="215,-14,425,-14,222,52,128,-14" /><INIT seed="6,2,0,4,4,92" ten="201,411,274,114" oya="2" hai0="101,55,126,120,0,40,71,13,130,4,78,28,19" hai1="27,25,44,12,75,22,91,134,32,66,3,103,57" hai2="2,74,21,69,121,16,29,65,31,81,63,112,105" hai3="62,48,17,95,97,98,131,108,82,15,7,102,110"/><V41/><F121/><W42/><G131/><T129/><D120/><U123/><E75/><V30/><F112/><W45/><G7/><T93/><D71/><U72/><E72/><V58/><F2/><W127/><G127/><T104/><D104/><U14/><E3/><V38/><F105/><W53/><G82/><T128/><D126/><U35/><E103/><V60/><F38/><W83/><G83/><T8/><D40/><U64/><E57/><V118/><F118/><W67/><G42/><T59/><D28/><U116/><E123/><V26/><F41/><W132/><G132/><T99/><D78/><U47/><E22/><V111/><F111/><W122/><G122/><T34/><D34/><U107/><E107/><V133/><F133/><W76/><G76/><T85/><D85/><U96/><E91/><V84/><F74/><W89/><G89/><T125/><D125/><U80/><E80/><V24/><F63/><W49/><G98/><T33/><D33/><U6/><E134/><V94/><F94/><W73/><G48/><N who="0" m="31207" /><D0/><U117/><E6/><AGARI ba="2,0" hai="4,6,8,13,19,93,99,101,128,129,130" m="31207" machi="6" ten="30,2000,0" yaku="19,1,52,1" doraHai="92" who="0" fromWho="1" sc="201,26,411,-26,274,0,114,0" /><INIT seed="7,0,0,1,2,96" ten="227,385,274,114" oya="3" hai0="47,123,43,33,19,99,36,89,17,90,126,76,114" hai1="16,22,4,134,121,111,31,69,57,117,54,122,7" hai2="128,133,6,23,105,93,102,49,40,75,37,87,106" hai3="27,70,11,119,73,94,10,71,100,12,28,77,127"/><W8/><G119/><T50/><D123/><U3/><E111/><V103/><F133/><W79/><G127/><T44/><D33/><U120/><E69/><V21/><F128/><W14/><G73/><T101/><D76/><N who="3" m="29257" /><G71/><T113/><D126/><U81/><E31/><V124/><F124/><W55/><G70/><T38/><D50/><U95/><E81/><V115/><F75/><W97/><G55/><T83/><D83/><U9/><E7/><V30/><F37/><W72/><G72/><T45/><D43/><U26/><E95/><V63/><F115/><N who="0" m="44042" /><D38/><U1/><E1/><V86/><F6/><W46/><G46/><T25/><D36/><U98/><E98/><V2/><F2/><W67/><G67/><T80/><D80/><U91/><E134/><V112/><F112/><W68/><G68/><T58/><D58/><U88/><E117/><V29/><F93/><W15/><G28/><T32/><D32/><U0/><E0/><V41/><REACH who="2" step="1"/><F49/><REACH who="2" ten="227,385,264,114" step="2"/><W52/><G52/><T85/><D85/><U82/><E122/><V74/><F74/><W78/><N who="3" m="29265" /><W53/><DORA hai="61" /><G53/><T13/><D47/><U125/><E125/><V129/><F129/><W116/><G116/><T66/><D45/><U39/><E121/><V59/><F59/><W24/><AGARI ba="0,1" hai="8,10,11,12,14,15,24,27,94,97,100" m="29265" machi="24" ten="40,3900,0" yaku="8,1,52,1" doraHai="96,61" who="3" fromWho="3" sc="227,-13,385,-13,264,-13,114,49" /><INIT seed="7,1,0,3,3,76" ten="214,372,251,163" oya="3" hai0="120,92,53,57,14,97,32,104,35,40,70,134,17" hai1="77,41,117,42,123,103,2,22,132,44,80,126,128" hai2="29,18,71,82,109,68,25,15,13,43,69,50,111" hai3="90,52,87,89,47,113,62,72,88,94,130,79,45"/><W101/><G113/><T135/><D70/><U46/><E123/><V30/><F43/><W48/><G130/><T20/><D104/><U59/><E2/><V4/><F50/><N who="3" m="28767" /><G72/><T60/><D120/><U67/><E103/><V38/><F38/><W65/><G101/><T1/><D1/><U121/><E121/><V11/><F29/><W108/><G108/><T122/><D40/><U51/><E126/><V131/><F131/><W107/><G107/><T27/><D122/><U86/><E132/><N who="0" m="50729" /><D14/><U49/><E128/><V39/><F39/><W8/><G8/><T85/><D85/><U66/><E117/><V110/><F30/><W37/><G37/><T133/><N who="0" m="50737" /><T33/><DORA hai="75" /><D33/><U91/><E59/><V73/><F25/><W19/><G19/><T12/><D12/><U58/><E58/><V5/><REACH who="2" step="1"/><F15/><REACH who="2" ten="214,372,241,163" step="2"/><W78/><G90/><AGARI ba="1,1" hai="17,20,27,32,35,53,57,60,90,92,97" m="50737" machi="90" ten="40,2600,0" yaku="25,1,20,1" doraHai="76,75" who="0" fromWho="3" sc="214,39,372,0,241,0,163,-29" owari="253,5.0,372,48.0,241,-16.0,134,-37.0" /></mjloggm>