<mjloggm ver="2.3"><GO type="41" lobby="0"/><UN n0="%E6%AF%94%E5%98%89%E7%A7%80%E4%BB%81" n1="%E9%9D%92%E7%8C%AB" n2="%E9%9B%B7%E7%9B%B4%E6%92%83%E2%98%86%EF%BC%92%E5%9B%9E%E7%9B%AE" n3="%E5%B0%B1%E6%B4%BB%E7%94%9F%40%E5%B7%9D%E6%9D%91%E8%BB%8D%E5%9B%A3" dan="15,14,15,15" rate="1981.58,1980.65,2004.38,1974.73" sx="M,M,M,M"/><TAIKYOKU oya="0"/><INIT seed="0,0,0,3,4,133" ten="250,250,250,250" oya="0" hai0="48,28,128,79,80,21,60,134,30,86,112,123,135" hai1="6,44,11,115,29,89,0,101,10,71,74,98,3" hai2="67,70,77,104,55,87,24,61,38,56,99,23,57" hai3="15,5,63,33,83,117,110,53,102,14,88,92,113"/><T13/><D123/><U27/><E71/><V7/><F38/><W25/><G117/><T31/><D112/><U95/><E74/><V126/><F7/><W43/><G113/><T65/><D128/><U90/><E115/><V130/><F130/><W69/><G110/><T54/><D13/><U132/><E132/><N who="0" m="50729" /><D21/><U124/><E44/><V8/><F8/><W32/><G43/><T131/><D131/><U72/><E72/><V116/><F70/><W40/><G40/><T108/><D108/><U2/><E124/><V82/><F126/><W127/><G127/><T68/><D31/><U91/><REACH who="1" step="1"/><E6/><REACH who="1" ten="250,240,250,250" step="2"/><V111/><F116/><W97/><G5/><T47/><AGARI ba="0,1" hai="28,30,47,48,54,60,65,68,79,80,86" m="50729" machi="47" ten="30,1500,0" yaku="20,1" doraHai="133" who="0" fromWho="0" sc="250,25,240,-5,250,-5,250,-5" /><INIT seed="0,1,0,5,4,1" ten="275,235,245,245" oya="0" hai0="20,117,103,101,70,7,9,88,44,128,63,23,48" hai1="66,102,68,16,106,121,87,4,19,81,51,35,24" hai2="123,34,50,67,94,13,76,45,97,2,80,79,26" hai3="105,29,18,120,118,71,55,60,54,46,131,10,114"/><T52/><D117/><U91/><E121/><V85/><F123/><W65/><G105/><T107/><D128/><U36/><E36/><V133/><F2/><W92/><G118/><T132/><D132/><U86/><E87/><V124/><F133/><W127/><G120/><T28/><D107/><U49/><E49/><V21/><F124/><W134/><G114/><T58/><D70/><U39/><E39/><V77/><F67/><W109/><G109/><T43/><D88/><U22/><E51/><V122/><F34/><W95/><G134/><T59/><D59/><U113/><E113/><V3/><F3/><W47/><G29/><T42/><D42/><U99/><E4/><V31/><F13/><W12/><G131/><T125/><D125/><U115/><E115/><V37/><F37/><W64/><G127/><T116/><D116/><U32/><REACH who="1" step="1"/><E19/><REACH who="1" ten="275,225,245,245" step="2"/><V129/><F122/><W38/><G38/><T15/><D28/><U0/><E0/><V40/><REACH who="2" step="1"/><F129/><REACH who="2" ten="275,225,235,245" step="2"/><W135/><G135/><T6/><REACH who="0" step="1"/><D7/><REACH who="0" ten="265,225,235,245" step="2"/><U62/><AGARI ba="1,3" hai="16,22,24,32,35,62,66,68,81,86,91,99,102,106" machi="62" ten="30,4000,0" yaku="1,1,0,1,54,1,53,0" doraHai="1" doraHaiUra="69" who="1" fromWho="1" sc="265,-21,225,73,235,-11,245,-11" /><INIT seed="1,0,0,1,1,103" ten="244,298,224,234" oya="1" hai0="60,62,94,115,70,77,67,5,56,47,91,133,59" hai1="14,21,26,55,52,28,1,79,126,134,87,131,135" hai2="66,127,34,27,43,20,10,75,83,32,84,120,114" hai3="35,116,48,41,82,49,37,98,15,96,92,85,86"/><U74/><E1/><V33/><F120/><W11/><G35/><T16/><D115/><U17/><E74/><V64/><F114/><W76/><G116/><T106/><D133/><N who="1" m="50699" /><E131/><V61/><F75/><W6/><G37/><T122/><D122/><U42/><E42/><V125/><F43/><W12/><G12/><T109/><D109/><U88/><E79/><V121/><F10/><W90/><REACH who="3" step="1"/><G49/><REACH who="3" ten="244,298,224,224" step="2"/><T93/><D62/><U0/><E0/><V100/><F121/><W129/><G129/><T101/><D60/><U108/><E108/><V73/><F61/><W46/><AGARI ba="0,1" hai="6,11,15,41,46,48,76,82,85,86,90,92,96,98" machi="46" ten="30,8000,1" yaku="1,1,0,1,25,2,8,1,53,0" doraHai="103" doraHaiUra="123" who="3" fromWho="3" sc="244,-20,298,-40,224,-20,224,90" /><INIT seed="2,0,0,2,0,104" ten="224,258,204,314" oya="2" hai0="22,44,133,15,63,10,33,84,26,89,66,123,49" hai1="39,18,88,16,135,108,57,83,30,25,90,131,128" hai2="100,11,50,73,74,3,36,93,105,59,65,94,79" hai3="2,92,5,45,9,19,60,134,55,107,52,53,70"/><V126/><F36/><W115/><G107/><T48/><D123/><U34/><E39/><V82/><F126/><W113/><G134/><T119/><D33/><U103/><E135/><V97/><F74/><W101/><G19/><N who="1" m="7210" /><E103/><V17/><F50/><W54/><G45/><T114/><D114/><N who="3" m="43529" /><G70/><T24/><D119/><U78/><E57/><V76/><F76/><W77/><G77/><T118/><D118/><U56/><E56/><V32/><F32/><W117/><G117/><T29/><D133/><U58/><E58/><V4/><REACH who="2" step="1"/><F17/><REACH who="2" ten="224,258,194,314" step="2"/><W95/><G101/><T47/><D49/><U127/><E127/><V43/><F43/><W6/><G6/><N who="0" m="3543" /><D48/><U42/><E42/><V81/><F81/><W110/><G110/><T106/><D24/><U23/><E108/><V116/><F116/><W120/><G120/><T125/><D125/><U85/><E34/><V121/><F121/><W86/><G60/><AGARI ba="0,1" hai="3,4,11,59,60,65,73,79,82,93,94,97,100,105" machi="60" ten="40,3900,0" yaku="1,1,52,1,53,0" doraHai="104" doraHaiUra="130" who="2" fromWho="3" sc="224,0,258,0,194,49,314,-39" /><INIT seed="2,1,0,5,5,61" ten="224,258,243,275" oya="2" hai0="25,42,108,97,29,65,41,117,134,3,23,114,121" hai1="15,119,12,6,46,48,27,64,33,11,102,8,18" hai2="39,2,44,98,107,47,95,73,51,88,14,56,132" hai3="106,79,92,45,122,55,26,37,40,10,99,113,54"/><V80/><F132/><W103/><G122/><T101/><D108/><U111/><E111/><V93/><F2/><W36/><G36/><T81/><D121/><U115/><E115/><V100/><F39/><W28/><G113/><T58/><D117/><U109/><E109/><V9/><F95/><W77/><G106/><T63/><D134/><U34/><E119/><V20/><F20/><W0/><G0/><T67/><D114/><U70/><E102/><V13/><F13/><W49/><G10/><T62/><D3/><U59/><E70/><V84/><F56/><W1/><G1/><T110/><D81/><U91/><E91/><V72/><F107/><W131/><G131/><T71/><REACH who="0" step="1"/><D110/><REACH who="0" ten="214,258,243,275" step="2"/><U43/><REACH who="1" step="1"/><E27/><REACH who="1" ten="214,248,243,275" step="2"/><V96/><F96/><W126/><G99/><T35/><D35/><U76/><E76/><V133/><F133/><W53/><G77/><T123/><D123/><U32/><E32/><V17/><REACH who="2" step="1"/><F47/><REACH who="2" ten="214,248,233,275" step="2"/><W118/><G45/><T105/><AGARI ba="1,3" hai="23,25,29,41,42,58,62,63,65,67,71,97,101,105" machi="105" ten="20,12000,2" yaku="1,1,0,1,7,1,52,2,53,1" doraHai="61" doraHaiUra="19" who="0" fromWho="0" sc="214,153,248,-31,233,-61,275,-31" /><INIT seed="3,0,0,0,1,79" ten="367,217,172,244" oya="3" hai0="48,133,11,120,132,130,4,95,17,119,49,58,13" hai1="10,104,61,78,32,73,93,82,22,83,45,108,97" hai2="43,70,21,123,115,30,57,80,89,18,101,127,25" hai3="28,103,39,56,42,90,106,2,33,68,105,62,113"/><W76/><G2/><T122/><D119/><U36/><E32/><V53/><F70/><W110/><G113/><T71/><D71/><U55/><E104/><V16/><F115/><W77/><G110/><T87/><D130/><U27/><E108/><V118/><F118/><W19/><G68/><T44/><D58/><U84/><E10/><V37/><F123/><W96/><G106/><T59/><D59/><U60/><E36/><V3/><F3/><W20/><G28/><T88/><D4/><U29/><E45/><V50/><F127/><W100/><G100/><T54/><REACH who="0" step="1"/><D48/><REACH who="0" ten="357,217,172,244" step="2"/><U75/><E61/><N who="2" m="36015" /><F37/><W74/><G39/><T9/><D9/><U51/><E60/><V134/><F134/><AGARI ba="0,1" hai="11,13,17,44,49,54,87,88,95,120,122,132,133,134" machi="134" ten="40,8000,1" yaku="1,1,20,1,54,1,53,2" doraHai="79" doraHaiUra="117" who="0" fromWho="2" sc="357,90,217,0,172,-80,244,0" /><INIT seed="4,0,0,4,2,88" ten="447,217,92,244" oya="0" hai0="66,38,47,82,2,117,56,122,12,75,50,25,41" hai1="57,132,7,135,71,120,51,73,126,63,21,113,134" hai2="32,54,68,55,30,33,72,86,22,36,84,129,96" hai3="40,14,43,119,28,11,34,67,110,130,77,60,121"/><T39/><D122/><U107/><E73/><V99/><F72/><W108/><G119/><T101/><D117/><U81/><E107/><V91/><F68/><W46/><G121/><T85/><D66/><U104/><E104/><V124/><F36/><W16/><G130/><T45/><D45/><U115/><BYE who="0" /><E120/><V19/><F124/><W17/><G77/><T58/><D58/><U37/><E37/><V18/><F129/><W98/><G43/><T100/><D100/><U53/><E7/><V27/><F33/><W90/><G28/><T48/><D48/><U26/><E81/><V93/><F19/><W1/><G1/><T83/><D83/><U95/><E126/><V42/><F42/><W61/><G34/><T15/><D15/><U125/><E125/><V62/><F62/><W5/><G108/><T131/><D131/><U94/><E51/><V79/><F99/><W4/><G4/><T3/><D3/><U89/><E71/><V116/><F116/><W123/><G123/><T111/><D111/><U24/><E24/><V64/><F64/><W49/><G110/><T29/><D29/><N who="1" m="17615" /><E89/><V31/><F31/><W128/><G128/><T59/><D59/><U65/><E65/><V0/><F0/><W8/><G8/><T74/><D74/><U92/><AGARI ba="0,0" hai="53,57,63,92,94,95,113,115,132,134,135" m="17615" machi="92" ten="40,8000,1" yaku="20,1,52,3" doraHai="88" who="1" fromWho="1" sc="447,-40,217,80,92,-20,244,-20" /><INIT seed="5,0,0,2,2,46" ten="407,297,72,224" oya="1" hai0="53,110,128,12,62,1,114,58,78,133,80,93,94" hai1="112,56,11,20,105,4,116,77,33,85,106,81,95" hai2="70,134,14,44,88,55,52,65,50,23,45,126,27" hai3="24,36,82,15,8,69,10,63,49,17,100,32,42"/><U79/><E116/><V127/><F134/><W90/><G36/><T60/><D60/><U118/><E33/><V97/><F70/><W76/><G100/><T96/><D96/><U131/><E118/><V72/><F72/><W9/><G90/><T21/><D21/><U22/><E112/><V75/><F75/><W0/><G0/><T111/><D111/><U30/><E79/><V129/><F129/><W48/><G42/><T2/><D2/><U3/><E131/><V132/><F132/><W19/><G69/><T91/><D91/><U35/><E95/><N who="2" m="56551" /><F65/><W39/><G63/><UN n0="%E6%AF%94%E5%98%89%E7%A7%80%E4%BB%81" /><T89/><D114/><U113/><E113/><V86/><F86/><N who="3" m="48455" /><G39/><T115/><D115/><U57/><E35/><V74/><F74/><W130/><G130/><T6/><D1/><U119/><E119/><V59/><F14/><N who="3" m="7367" /><G32/><T43/><D110/><U29/><E105/><V68/><F68/><W7/><G24/><T64/><D128/><U108/><E106/><V107/><F107/><W84/><G84/><T92/><D133/><U37/><E37/><V18/><F55/><W25/><G9/><N who="0" m="4151" /><D43/><U51/><E108/><V61/><F61/><W122/><G122/><T73/><D73/><U124/><E3/><V26/><F26/><W117/><G117/><T16/><D78/><U66/><E77/><V125/><AGARI ba="0,0" hai="18,23,27,44,45,50,52,59,125,126,127" m="56551" machi="125" ten="30,7900,0" yaku="18,1,52,1,54,2" doraHai="46" who="2" fromWho="2" sc="407,-20,297,-39,72,79,224,-20" /><INIT seed="6,0,0,4,3,38" ten="387,258,151,204" oya="2" hai0="33,10,63,90,125,3,104,105,78,8,93,31,108" hai1="87,64,4,81,48,12,25,107,102,6,51,120,106" hai2="129,130,103,18,80,28,35,37,45,132,83,7,23" hai3="126,135,133,97,77,11,127,52,62,112,95,41,47"/><V24/><F132/><N who="3" m="50763" /><G77/><T118/><D125/><N who="3" m="47625" /><G11/><T82/><D108/><U122/><E64/><V66/><F103/><W99/><G112/><T96/><D118/><U22/><E102/><V27/><F7/><W76/><G76/><T30/><D63/><U5/><E12/><V56/><F66/><W46/><G95/><T13/><D3/><U101/><E101/><V2/><F2/><W131/><G131/><N who="2" m="50185" /><F56/><N who="3" m="35079" /><G47/><T89/><D89/><N who="1" m="51439" /><E106/><V134/><F134/><W70/><G70/><T115/><D115/><U114/><E107/><V85/><F85/><W92/><G92/><T75/><D10/><U68/><E114/><V40/><AGARI ba="0,0" hai="18,23,24,27,28,35,37,40,45,80,83" m="50185" machi="40" ten="30,3000,0" yaku="19,1,52,1" doraHai="38" who="2" fromWho="2" sc="387,-10,258,-10,151,30,204,-10" /><INIT seed="6,1,0,4,0,31" ten="377,248,181,194" oya="2" hai0="51,114,109,12,24,112,91,111,121,83,93,82,85" hai1="63,41,38,32,10,108,131,90,59,44,100,36,103" hai2="39,25,47,13,19,127,96,40,18,6,104,107,70" hai3="68,73,99,0,130,116,89,65,87,88,14,78,17"/><V22/><F127/><W115/><G0/><T35/><D12/><U113/><E108/><N who="0" m="41545" /><D51/><U79/><E38/><V105/><F70/><W118/><G68/><T75/><D24/><U1/><E32/><V129/><F129/><W49/><G65/><T62/><D62/><U69/><E113/><N who="0" m="43625" /><D35/><U86/><E131/><V120/><F120/><W117/><G130/><T81/><D121/><U11/><E69/><V76/><F76/><AGARI ba="1,0" hai="75,76,81,82,83,85,91,93" m="43625,41545" machi="76" ten="30,3900,0" yaku="15,1,34,2" doraHai="31" who="0" fromWho="2" sc="377,42,248,0,181,-42,194,0" /><INIT seed="7,0,0,2,0,44" ten="419,248,139,194" oya="3" hai0="102,0,2,114,109,37,77,91,110,69,56,32,100" hai1="34,7,22,29,28,23,4,66,17,21,76,97,12" hai2="57,129,125,121,53,8,81,87,1,88,86,120,16" hai3="58,135,105,73,115,131,89,39,13,30,122,99,43"/><W14/><G122/><N who="2" m="47209" /><F125/><W117/><G73/><T10/><D56/><U26/><E76/><V107/><F107/><W55/><G117/><T68/><D91/><U27/><E97/><V42/><F42/><W15/><G115/><T52/><D52/><U79/><E66/><V67/><F67/><W48/><G131/><T64/><D10/><U63/><E63/><V112/><F112/><W134/><G30/><T126/><D114/><U78/><E78/><V92/><F1/><W9/><G9/><T108/><D77/><U96/><E96/><V6/><F6/><W132/><G39/><T83/><D83/><U123/><E79/><V49/><F129/><W61/><G43/><T38/><D126/><U35/><E123/><V72/><F72/><W50/><G105/><T119/><D64/><U40/><E40/><V65/><F65/><W85/><G99/><T33/><D110/><U59/><E59/><V47/><F57/><W84/><G84/><T5/><D5/><AGARI ba="0,0" hai="4,5,7,12,17,21,22,23,26,27,28,29,34,35" machi="5" ten="40,12000,2" yaku="9,1,35,6" doraHai="44" who="1" fromWho="0" sc="419,-120,248,120,139,0,194,0" owari="299,10.0,368,47.0,139,-36.0,194,-21.0" /></mjloggm>