<mjloggm ver="2.3"><GO type="169" lobby="0"/><UN n0="%E6%9C%A8%E6%9D%91%E2%98%86%E9%A0%98" n1="%E3%81%8B%E3%81%AB%E3%83%9E%E3%82%B8%E3%83%B3" n2="%E3%82%A6%E3%83%AB%E3%83%88%E3%83%A9%E7%AB%8B%E7%9B%B4" n3="%E3%83%AC%E3%83%9F%E3%83%AA%E3%82%A2%E3%81%AF%E4%BF%BA%E3%81%AE%E5%AB%81" dan="16,17,17,16" rate="2095.36,2221.67,2133.69,2131.63" sx="M,M,M,M"/><TAIKYOKU oya="0"/><INIT seed="0,0,0,1,5,98" ten="250,250,250,250" oya="0" hai0="121,22,68,69,63,42,104,102,103,40,117,82,123" hai1="76,92,108,132,45,126,120,21,35,89,33,107,130" hai2="6,84,64,128,57,61,83,24,131,39,2,99,115" hai3="23,73,13,25,46,54,124,80,74,106,36,41,88"/><T28/><D117/><U38/><E120/><V47/><F115/><W17/><G124/><T10/><D104/><U87/><E126/><V48/><F39/><W58/><G106/><T0/><D0/><U109/><E132/><V53/><F6/><W125/><G125/><T34/><D34/><U5/><E130/><V129/><F2/><W59/><G59/><T127/><D127/><U30/><E107/><V75/><F75/><W122/><G122/><T116/><D116/><U101/><E76/><V18/><F99/><W26/><G74/><T96/><D96/><N who="1" m="59527" /><E5/><V95/><F95/><W9/><G9/><T81/><D10/><U94/><E45/><V20/><REACH who="2" step="1"/><F131/><REACH who="2" ten="250,250,240,250" step="2"/><W50/><G73/><T19/><D28/><U55/><E38/><V71/><F71/><W91/><REACH who="3" step="1"/><G80/><REACH who="3" ten="250,250,240,240" step="2"/><T14/><D121/><U67/><E94/><V32/><F32/><W112/><G112/><T31/><D123/><U8/><E33/><V56/><F56/><W44/><G44/><T7/><D82/><U72/><E35/><V110/><F110/><W62/><G62/><T105/><D81/><U85/><E72/><V78/><AGARI ba="0,2" hai="18,20,24,47,48,53,57,61,64,78,83,84,128,129" machi="78" ten="30,2000,0" yaku="1,1,0,1,53,0" doraHai="98" doraHaiUra="70" who="2" fromWho="2" sc="250,-10,250,-5,240,40,240,-5" /><INIT seed="1,0,0,1,4,86" ten="240,245,280,235" oya="1" hai0="29,12,16,130,25,50,92,133,18,135,71,21,101" hai1="3,22,128,19,58,20,34,100,82,41,84,93,26" hai2="78,56,134,1,52,51,108,14,63,36,127,88,46" hai3="45,7,23,106,131,68,61,27,64,90,47,124,118"/><U98/><E128/><V99/><F1/><W97/><G131/><T76/><D71/><U116/><E3/><V122/><F122/><W35/><G124/><T102/><D76/><U43/><E116/><V117/><F117/><W123/><G123/><T107/><D107/><U73/><E34/><V33/><F33/><W69/><G118/><T103/><D130/><U11/><E11/><V119/><F119/><W67/><G35/><N who="0" m="20911" /><D50/><U66/><E73/><V96/><F78/><W38/><G7/><T44/><D18/><U87/><E20/><V40/><F127/><W15/><G15/><T54/><D54/><U62/><E84/><V70/><F14/><W80/><G106/><T94/><D44/><U17/><E19/><V8/><F8/><W89/><G38/><T72/><D72/><U65/><E65/><N who="2" m="41279" /><F134/><AGARI ba="0,0" hai="12,16,21,92,94,101,102,103,133,134,135" m="20911" machi="134" ten="30,2000,0" yaku="20,1,54,1" doraHai="86" who="0" fromWho="2" sc="240,20,245,0,280,-20,235,0" /><INIT seed="2,0,0,0,3,22" ten="260,245,260,235" oya="2" hai0="85,102,106,89,20,104,109,1,98,133,40,71,125" hai1="5,111,14,53,46,72,48,93,3,127,107,97,49" hai2="39,134,36,130,82,120,123,13,131,94,43,64,47" hai3="54,81,7,30,34,38,88,132,31,73,56,18,121"/><V117/><F117/><W24/><G121/><T69/><D1/><U129/><E72/><V63/><F94/><W124/><G38/><T87/><D40/><U8/><E107/><V70/><F13/><W67/><G7/><T74/><D106/><U44/><E111/><V29/><F82/><W75/><G132/><T27/><D74/><U118/><E118/><V62/><F29/><W52/><G124/><T10/><D109/><U100/><E127/><V57/><F36/><W77/><G75/><T58/><D133/><U2/><REACH who="1" step="1"/><E129/><REACH who="1" ten="260,235,260,235" step="2"/><N who="2" m="49163" /><F134/><W84/><G73/><T135/><D135/><U91/><E91/><V35/><F35/><W37/><G88/><T80/><D125/><U96/><E96/><V61/><F61/><W23/><G34/><T119/><D119/><U92/><E92/><V101/><F101/><W122/><G122/><T17/><D10/><U128/><E128/><V90/><F90/><W95/><G95/><T110/><D110/><U45/><E45/><V42/><F42/><AGARI ba="0,1" hai="2,3,5,8,14,42,44,46,48,49,53,93,97,100" machi="42" ten="30,2000,0" yaku="1,1,7,1,53,0" doraHai="22" doraHaiUra="79" who="1" fromWho="2" sc="260,0,235,30,260,-20,235,0" /><INIT seed="3,0,0,3,4,38" ten="260,265,240,235" oya="3" hai0="123,47,75,55,119,18,96,30,10,89,8,9,20" hai1="37,57,70,21,128,4,98,5,63,79,7,117,104" hai2="122,99,71,112,65,1,103,32,48,62,81,78,23" hai3="45,100,106,115,73,64,111,53,118,88,72,3,109"/><W61/><G118/><T108/><D75/><U15/><E117/><V101/><F1/><W43/><G115/><T67/><D67/><U33/><E33/><V76/><F112/><W124/><G124/><T125/><D119/><U68/><E128/><V27/><F122/><W121/><G3/><T22/><D108/><N who="3" m="41545" /><G121/><T133/><D133/><U56/><E79/><V90/><F78/><W29/><G29/><T52/><D47/><U14/><E37/><V50/><F32/><W12/><G53/><T44/><D30/><U31/><E57/><V83/><F90/><W58/><G12/><T39/><D52/><U95/><E104/><V28/><F103/><W102/><G88/><T35/><D89/><N who="1" m="55663" /><E70/><V16/><F28/><W54/><G64/><T60/><D55/><N who="1" m="34207" /><E68/><V41/><F76/><W134/><G134/><T77/><D77/><U97/><E97/><V110/><F110/><W126/><G126/><T86/><D125/><U36/><E36/><V17/><F71/><W107/><G106/><T131/><D39/><U92/><E92/><N who="2" m="58599" /><F65/><W2/><G2/><T25/><D123/><U74/><E74/><N who="3" m="28778" /><G107/><T69/><D69/><U26/><AGARI ba="0,0" hai="4,5,7,14,15,21,26,31" m="34207,55663" machi="26" ten="30,1100,0" yaku="8,1" doraHai="38" who="1" fromWho="1" sc="260,-3,265,11,240,-3,235,-5" /><INIT seed="4,0,0,4,3,45" ten="257,276,237,230" oya="0" hai0="132,75,123,67,30,100,23,47,79,66,29,71,65" hai1="43,98,129,44,11,6,114,28,26,112,107,37,9" hai2="31,20,68,94,120,88,15,118,41,90,108,52,38" hai3="17,21,93,62,56,77,27,116,85,119,18,1,124"/><T126/><D123/><U19/><E19/><V3/><F3/><W59/><G124/><T39/><D100/><N who="1" m="62871" /><E129/><V13/><F68/><W83/><G1/><T101/><D101/><U12/><E12/><N who="2" m="4683" /><F41/><W61/><G18/><T63/><D126/><U36/><E36/><V69/><F69/><W34/><G34/><T96/><D96/><U35/><E6/><V50/><F38/><W103/><G103/><T4/><D4/><U121/><E121/><V134/><F120/><W2/><G93/><T95/><D95/><U131/><E131/><V110/><F118/><W130/><G2/><T86/><D86/><U97/><E97/><N who="2" m="57543" /><F134/><W16/><G130/><T7/><D7/><U135/><E135/><V89/><F110/><W42/><G42/><N who="0" m="23007" /><D30/><U109/><E109/><V80/><F80/><W58/><REACH who="3" step="1"/><G17/><REACH who="3" ten="257,276,237,220" step="2"/><T105/><D105/><U122/><E122/><V57/><F108/><W125/><G125/><T127/><D127/><U82/><E82/><V46/><F46/><W115/><G115/><AGARI ba="0,1" hai="9,11,26,28,35,37,43,44,112,114,115" m="62871" machi="115" ten="30,2000,0" yaku="15,1,11,1" doraHai="45" who="1" fromWho="3" sc="257,0,276,30,237,0,220,-20" /><INIT seed="5,0,0,1,3,0" ten="257,306,237,200" oya="1" hai0="51,66,122,101,47,92,15,95,117,25,69,65,64" hai1="41,133,75,43,110,128,53,29,26,8,45,121,116" hai2="28,119,14,19,70,38,89,39,44,123,96,99,103" hai3="17,124,93,109,31,83,61,21,74,80,112,135,67"/><U129/><E121/><V37/><F123/><W132/><G109/><T36/><D122/><U106/><E116/><V73/><F73/><W120/><G120/><T127/><D69/><U114/><E110/><V79/><F79/><W27/><G112/><T82/><D36/><U81/><E114/><V68/><F28/><W54/><G124/><T90/><D101/><U115/><E115/><V88/><F44/><W13/><G93/><T62/><D62/><U55/><E106/><V24/><F24/><W131/><G54/><T125/><D117/><U3/><E43/><V126/><F119/><W130/><G74/><T94/><D25/><U77/><E133/><N who="3" m="51274" /><G61/><T5/><D82/><N who="3" m="31273" /><G67/><T34/><D34/><AGARI ba="0,0" hai="13,17,21,27,31,34,130,131" m="31273,51274" machi="34" ten="30,1000,0" yaku="20,1" doraHai="0" who="3" fromWho="0" sc="257,-10,306,0,237,0,200,10" /><INIT seed="6,0,0,1,0,125" ten="247,306,237,210" oya="2" hai0="98,47,96,45,109,32,100,15,55,29,106,71,127" hai1="25,9,73,46,33,119,99,1,60,89,108,7,13" hai2="93,3,12,75,10,123,52,19,11,14,86,35,28" hai3="121,58,80,124,17,4,104,61,44,87,72,34,132"/><V84/><F75/><W134/><G121/><T91/><D71/><U97/><E108/><V78/><F3/><W2/><G124/><T117/><D127/><U79/><E119/><V6/><F123/><W20/><G34/><T105/><D29/><U81/><E89/><V135/><F135/><W26/><G104/><T23/><D32/><U36/><E60/><V43/><F43/><W41/><G72/><T126/><D126/><U118/><E13/><V77/><F28/><W66/><G4/><T116/><D109/><U113/><E113/><V39/><F39/><W64/><G2/><T102/><D91/><U90/><E90/><N who="2" m="53447" /><F35/><W65/><G134/><T22/><D15/><U21/><E33/><V40/><F40/><W63/><G63/><T103/><D103/><U50/><E118/><V54/><F78/><W51/><REACH who="3" step="1"/><G132/><REACH who="3" ten="247,306,237,200" step="2"/><T76/><D106/><U18/><E1/><V122/><F122/><W68/><G68/><T0/><D105/><U62/><E62/><V57/><F57/><W56/><G56/><T24/><D0/><U37/><E7/><V95/><F95/><W130/><G130/><T31/><D116/><U59/><E59/><V92/><F92/><W115/><G115/><T112/><D112/><U49/><E73/><V42/><F42/><W128/><G128/><T70/><D70/><U111/><E111/><V83/><AGARI ba="0,1" hai="6,10,11,12,14,19,52,54,77,83,86" m="53447" machi="83" ten="30,3000,0" yaku="8,1,54,1" doraHai="125" who="2" fromWho="2" sc="247,-10,306,-10,237,40,200,-10" /><INIT seed="6,1,0,4,0,37" ten="237,296,277,190" oya="2" hai0="23,120,112,72,29,96,8,10,1,91,60,82,51" hai1="57,122,4,46,64,48,104,94,86,34,16,45,93" hai2="129,44,87,90,118,36,49,113,50,38,63,66,24" hai3="106,78,61,56,55,83,99,110,117,135,95,15,42"/><V84/><F118/><W2/><G2/><T28/><D1/><U25/><E104/><V67/><F129/><W32/><G110/><T31/><D72/><U68/><E122/><V58/><F113/><W70/><G135/><T75/><D75/><U121/><E121/><V13/><F67/><W7/><G117/><T124/><D120/><U102/><E68/><V6/><F24/><W115/><G115/><T85/><D124/><U107/><E107/><V88/><F49/><W98/><G32/><T81/><D81/><U26/><E4/><V35/><F35/><W105/><G70/><T116/><D60/><N who="1" m="37903" /><E45/><V65/><F65/><W76/><G42/><T97/><D112/><U22/><E34/><V119/><F119/><W41/><G41/><T59/><D23/><N who="1" m="13543" /><E86/><N who="2" m="32811" /><F38/><W62/><G105/><T19/><D116/><U0/><E102/><V43/><F36/><W47/><G47/><T73/><D73/><U125/><E0/><V109/><F109/><W74/><G106/><T52/><REACH who="0" step="1"/><D19/><REACH who="0" ten="227,296,277,190" step="2"/><N who="1" m="12639" /><E125/><V127/><F127/><W40/><G74/><T27/><D27/><U133/><E133/><V89/><F6/><W5/><G83/><T11/><AGARI ba="1,1" hai="8,10,11,28,29,31,51,52,59,82,85,91,96,97" machi="11" ten="30,7900,0" yaku="1,1,0,1,8,1,54,1,53,0" doraHai="37" doraHaiUra="123" who="0" fromWho="0" sc="227,92,296,-21,277,-40,190,-21" /><INIT seed="7,0,0,3,4,45" ten="319,275,237,169" oya="3" hai0="44,126,40,73,12,133,67,88,99,68,0,54,32" hai1="8,92,102,130,81,52,13,124,74,82,84,111,2" hai2="26,11,78,112,135,28,66,129,65,76,71,72,134" hai3="77,127,115,51,119,121,86,46,30,39,42,108,22"/><W27/><G119/><T75/><D0/><U24/><E111/><V33/><F129/><W18/><G121/><T117/><D32/><U80/><E130/><V69/><F11/><W31/><G108/><T59/><D67/><U94/><E2/><V63/><F112/><W95/><G115/><T114/><D68/><U90/><E124/><V62/><F78/><W17/><G127/><T10/><D133/><U113/><E74/><V36/><F36/><W9/><G39/><T1/><D1/><U104/><E104/><V16/><F16/><N who="3" m="6251" /><G9/><T57/><D57/><U122/><E122/><V97/><F97/><W93/><G30/><T55/><D55/><U60/><E24/><V37/><F37/><W19/><N who="3" m="6259" /><W53/><DORA hai="105" /><G42/><T110/><D10/><U118/><E118/><V48/><F48/><W23/><G23/><T70/><D40/><U100/><E113/><V21/><F21/><W61/><G61/><T14/><D70/><U34/><E34/><V20/><F20/><W106/><G106/><T85/><D75/><U64/><E8/><V132/><F132/><W50/><G50/><T5/><D73/><U98/><E13/><V87/><F87/><W41/><G41/><T125/><D14/><U15/><E15/><V89/><F89/><W96/><G96/><T58/><D12/><U49/><E102/><V107/><F107/><W29/><G29/><T131/><D125/><U120/><E120/><V4/><F4/><W79/><G79/><T101/><D5/><U3/><E3/><V116/><F116/><W38/><G38/><T25/><D126/><RYUUKYOKU ba="0,0" sc="319,-15,275,-15,237,15,169,15" hai2="26,28,33,62,63,65,66,69,71,72,76,134,135" hai3="22,27,31,46,51,53,77,86,93,95" /><INIT seed="7,1,0,1,3,17" ten="304,260,252,184" oya="3" hai0="23,16,64,81,47,70,128,9,90,24,36,61,122" hai1="94,105,2,31,27,83,26,60,29,19,69,34,53" hai2="55,15,52,48,28,126,109,43,54,40,102,14,88" hai3="37,39,25,12,33,84,134,112,42,38,96,93,6"/><W114/><G134/><T113/><D122/><U125/><E105/><V123/><F109/><W121/><G121/><T119/><D119/><U75/><E2/><V56/><F102/><N who="3" m="60687" /><G42/><N who="2" m="15913" /><F123/><W18/><G84/><T120/><D36/><U49/><E125/><V59/><F126/><W92/><G92/><T51/><D128/><U72/><E94/><V45/><F28/><N who="3" m="19599" /><G6/><T46/><D113/><N who="3" m="43625" /><G39/><T104/><D104/><U20/><E83/><V35/><F35/><W22/><AGARI ba="1,0" hai="12,18,22,37,38" m="43625,19599,60687" machi="22" ten="30,3000,0" yaku="15,1,52,1" doraHai="17" who="3" fromWho="3" sc="304,-11,260,-11,252,-11,184,33" /><INIT seed="7,2,0,4,1,2" ten="293,249,241,217" oya="3" hai0="78,30,125,21,89,7,6,117,50,102,48,105,76" hai1="52,17,34,10,64,83,37,56,43,9,51,49,3" hai2="28,95,47,100,22,134,70,61,120,67,114,42,69" hai3="116,45,26,90,46,113,133,119,68,20,71,99,1"/><W131/><G1/><T36/><D36/><U96/><E34/><V14/><F134/><W80/><G133/><T123/><D123/><U109/><E109/><V82/><F114/><W103/><G113/><T53/><D105/><U58/><E37/><V11/><F82/><W130/><G80/><T92/><D102/><U63/><E3/><V97/><F120/><W86/><G86/><N who="0" m="52279" /><D50/><U74/><E96/><V66/><F66/><W112/><G112/><T129/><D117/><N who="3" m="45129" /><G90/><T57/><D125/><U40/><E17/><V13/><F70/><N who="3" m="26667" /><G99/><T104/><D129/><N who="3" m="49161" /><G103/><T65/><D104/><U106/><E106/><V41/><F95/><W84/><G84/><T122/><D65/><U16/><E83/><V135/><F97/><W124/><G124/><T98/><D98/><U132/><E132/><V8/><F100/><W24/><G20/><T87/><D87/><U75/><E75/><V59/><F135/><W108/><G108/><T60/><D122/><U111/><E74/><V33/><F22/><W32/><G32/><T39/><D21/><U88/><E88/><V35/><F35/><W15/><G15/><T94/><D78/><U126/><E126/><V19/><F14/><W0/><G0/><T91/><D76/><U93/><E93/><V5/><F33/><W107/><G107/><T72/><D72/><U127/><E111/><V25/><F13/><W115/><G115/><T110/><D110/><U27/><E127/><V62/><F25/><AGARI ba="2,0" hai="24,25,26,45,46" m="49161,26667,45129" machi="25" ten="40,7700,0" yaku="28,2,19,1" doraHai="2" who="3" fromWho="2" sc="293,0,249,0,241,-83,217,83" owari="293,9.0,249,-15.0,158,-34.0,300,40.0" /></mjloggm>