<mjloggm ver="2.3"><GO type="97" lobby="0"/><UN n0="%E3%82%A2%E3%83%AB%E3%83%86%E3%83%9F%E3%82%B9" n1="%E5%B0%B1%E6%B4%BB%E7%94%9F%40%E5%B7%9D%E6%9D%91%E8%BB%8D%E5%9B%A3" n2="%E3%82%86%E3%81%8B%37" n3="%E3%83%AD%E3%83%9C%E3%82%B3%E3%83%97" dan="15,15,14,14" rate="1949.35,1949.31,1888.79,1930.83" sx="M,M,F,M"/><TAIKYOKU oya="0"/><INIT seed="0,0,0,0,2,64" ten="250,250,250,250" oya="0" hai0="8,25,98,105,111,129,114,44,72,26,7,106,82" hai1="48,83,90,71,73,66,57,102,94,0,135,15,34" hai2="118,88,95,47,14,74,32,86,120,112,104,130,2" hai3="79,67,55,63,59,22,107,97,43,36,13,9,40"/><T81/><D114/><U11/><E135/><V16/><F112/><W4/><G79/><T127/><D44/><U45/><E34/><V116/><F120/><W52/><G36/><T110/><D127/><U50/><E0/><V38/><F32/><W100/><G55/><T33/><D129/><U103/><E71/><V28/><F28/><W54/><G54/><T121/><D121/><U78/><E66/><V53/><F130/><W84/><G84/><T56/><D56/><U31/><E31/><V61/><F2/><W89/><G89/><T93/><D33/><U80/><E80/><N who="0" m="30825" /><D105/><U92/><E57/><N who="2" m="34991" /><F74/><W109/><G109/><N who="0" m="41483" /><D106/><U99/><E45/><V133/><F104/><W119/><G119/><N who="2" m="45609" /><F47/><W6/><G6/><T58/><D58/><U29/><E29/><V91/><F38/><W125/><G125/><T126/><D126/><U62/><E62/><V96/><F133/><W60/><G22/><T17/><D17/><U39/><E39/><V132/><F132/><W35/><G35/><T87/><D87/><U108/><E108/><V41/><F41/><W12/><G12/><N who="0" m="5151" /><D72/><U37/><E37/><V27/><F86/><W20/><G20/><T113/><D113/><U5/><E50/><V75/><F75/><W24/><G24/><T128/><D128/><U18/><E48/><V21/><F27/><W30/><G30/><T117/><D117/><U134/><E134/><V69/><F91/><AGARI ba="0,0" hai="25,26,91,93,98" m="5151,41483,30825" machi="91" ten="30,2900,0" yaku="14,1,10,1" doraHai="64" who="0" fromWho="2" sc="250,29,250,0,250,-29,250,0" /><INIT seed="0,1,0,5,5,129" ten="279,250,221,250" oya="0" hai0="15,36,64,51,107,59,55,93,120,132,89,90,26" hai1="113,86,98,16,105,87,102,29,61,76,4,99,2" hai2="3,13,95,48,62,22,27,38,77,9,115,63,73" hai3="44,8,17,134,126,18,43,10,20,34,6,108,21"/><T33/><D107/><U88/><E113/><V40/><F115/><W111/><G34/><T82/><D120/><U35/><E35/><V56/><F3/><W79/><G79/><T52/><D36/><U66/><E29/><V121/><F121/><W103/><G103/><T54/><D64/><U135/><E135/><V58/><F38/><W11/><G126/><T106/><D106/><U69/><E4/><V57/><F95/><W123/><G123/><T109/><D109/><N who="3" m="42057" /><G134/><T19/><D132/><U67/><E67/><V14/><F77/><W24/><G43/><T130/><D130/><U70/><E70/><V81/><F81/><W65/><G44/><T96/><D82/><U117/><E117/><V85/><F85/><W133/><G65/><T127/><D90/><U28/><E28/><N who="2" m="17527" /><F73/><W60/><G60/><N who="2" m="23081" /><F9/><W110/><G133/><T112/><D112/><U75/><E2/><V1/><F1/><N who="3" m="79" /><G110/><T122/><D122/><U71/><E71/><V41/><F41/><W100/><G100/><T114/><D114/><U78/><E75/><V92/><F92/><W46/><G46/><AGARI ba="1,0" hai="13,14,40,46,48,56,57,58" m="23081,17527" machi="46" ten="30,1000,0" yaku="8,1" doraHai="129" who="2" fromWho="3" sc="279,0,250,0,221,13,250,-13" /><INIT seed="1,0,0,0,3,56" ten="279,250,234,237" oya="1" hai0="0,61,81,57,40,41,33,101,39,26,97,115,16" hai1="45,80,30,122,47,135,131,102,114,60,116,22,132" hai2="82,124,55,123,23,58,43,92,87,17,96,66,59" hai3="69,134,27,8,103,100,68,37,72,44,125,91,15"/><U42/><E122/><V76/><F124/><W89/><G72/><T99/><D115/><U79/><E116/><V94/><F123/><W29/><G125/><T108/><D108/><U107/><E114/><V83/><F43/><W34/><G134/><N who="1" m="51242" /><E131/><V77/><F66/><W133/><G133/><T1/><D1/><U62/><E107/><V90/><F83/><W28/><G37/><T109/><D109/><U105/><E105/><V46/><F46/><N who="1" m="17417" /><E42/><V12/><F92/><W127/><G44/><T48/><D0/><U85/><E102/><N who="2" m="60695" /><F58/><W106/><G127/><T71/><D39/><U18/><E30/><V24/><F24/><AGARI ba="0,0" hai="18,22,24,60,62,79,80,85" m="17417,51242" machi="24" ten="30,5800,0" yaku="20,1,52,2" doraHai="56" who="1" fromWho="2" sc="279,0,250,58,234,-58,237,0" /><INIT seed="1,1,0,4,4,61" ten="279,308,176,237" oya="1" hai0="5,13,26,38,89,102,31,129,60,48,47,71,28" hai1="64,76,24,46,34,85,99,36,0,63,14,83,51" hai2="133,94,74,65,103,19,56,111,22,42,66,91,67" hai3="25,118,73,117,112,98,96,123,97,101,23,125,3"/><U1/><E36/><V104/><F74/><W10/><G112/><T106/><D129/><U12/><E34/><V54/><F111/><W72/><G123/><T29/><D38/><U84/><E24/><N who="2" m="14431" /><F104/><W69/><G69/><T128/><D128/><U6/><E99/><N who="3" m="37962" /><G125/><T30/><D102/><U40/><E85/><N who="2" m="52591" /><F103/><W33/><G10/><T53/><D106/><U82/><E82/><V21/><F133/><W55/><G55/><T115/><D115/><U127/><E127/><V8/><F21/><W100/><G33/><T57/><D71/><U9/><REACH who="1" step="1"/><E14/><REACH who="1" ten="279,298,176,237" step="2"/><V15/><F42/><W70/><G25/><T20/><D89/><U120/><E120/><V132/><F132/><W27/><G27/><T18/><N who="0" m="7168" /><DORA hai="44" /><T59/><REACH who="0" step="1"/><D60/><REACH who="0" ten="269,298,176,237" step="2"/><U16/><E16/><N who="2" m="8295" /><F67/><W92/><G100/><T126/><D126/><U43/><E43/><V90/><F90/><W116/><G101/><T113/><D113/><U110/><E110/><V77/><F77/><W108/><G108/><T135/><D135/><U121/><E121/><V130/><F130/><W105/><G117/><T122/><D122/><U4/><E4/><V107/><F107/><W41/><G105/><T50/><D50/><AGARI ba="1,2" hai="50,54,56,65,66" m="8295,52591,14431" machi="50" ten="30,8000,1" yaku="8,1,52,3,54,1" doraHai="61,44" who="2" fromWho="0" sc="269,-83,298,0,176,103,237,0" /><INIT seed="2,0,0,3,0,30" ten="186,298,279,237" oya="2" hai0="46,126,130,41,69,45,76,52,50,86,48,17,87" hai1="94,59,78,92,13,117,128,21,95,40,109,89,37" hai2="3,27,96,1,16,124,9,118,82,43,23,61,83" hai3="53,71,5,80,29,57,97,119,101,106,125,72,62"/><V93/><F118/><W49/><G119/><T51/><D130/><U67/><E117/><V90/><F124/><W104/><G125/><T34/><D126/><U107/><E109/><V75/><F75/><W122/><G122/><T65/><D34/><U6/><E107/><V33/><F43/><W55/><G104/><T31/><D31/><U108/><E108/><V42/><F42/><W68/><G5/><T131/><D131/><U85/><E128/><V44/><F44/><W127/><G127/><T116/><D116/><U47/><E78/><V132/><F132/><W19/><G29/><T15/><D69/><U121/><E121/><V102/><F33/><W4/><G4/><T91/><D65/><U14/><E6/><V36/><F36/><W77/><REACH who="3" step="1"/><G19/><REACH who="3" ten="186,298,279,227" step="2"/><T22/><D76/><U35/><E35/><V24/><F3/><W32/><G32/><T0/><D0/><U7/><E7/><V100/><F1/><W28/><G28/><T74/><D74/><U98/><E98/><V123/><F96/><W112/><G112/><T103/><D103/><U105/><E105/><V60/><F102/><W99/><G99/><T11/><D22/><U110/><E110/><V81/><F100/><W135/><G135/><T56/><REACH who="0" step="1"/><D91/><REACH who="0" ten="176,298,279,227" step="2"/><U25/><E21/><V114/><F114/><W113/><G113/><T10/><D10/><U58/><E89/><V111/><F123/><W12/><G12/><T64/><D64/><U38/><E67/><V66/><F66/><W79/><G79/><T73/><D73/><U20/><E13/><V129/><F129/><W63/><G63/><RYUUKYOKU ba="0,2" sc="176,15,298,-15,279,-15,227,15" hai0="11,15,17,41,45,46,48,50,51,52,56,86,87" hai3="49,53,55,57,62,68,71,72,77,80,97,101,106" /><INIT seed="3,1,2,1,0,135" ten="191,283,264,242" oya="3" hai0="118,92,86,100,57,128,123,116,11,79,10,125,80" hai1="36,108,102,124,87,29,31,130,13,107,89,62,106" hai2="134,0,97,112,35,58,38,21,18,50,127,41,83" hai3="81,90,73,110,131,1,64,43,54,67,56,103,82"/><W75/><G1/><T9/><D123/><U122/><E124/><V132/><F127/><W77/><G131/><T60/><D125/><U78/><E108/><V74/><F35/><W27/><G43/><T34/><D128/><U16/><E130/><V96/><F112/><W115/><G115/><T26/><D34/><U59/><E122/><V63/><F0/><W88/><G110/><T120/><D120/><U39/><E78/><V25/><F38/><W53/><G103/><T30/><D118/><U70/><E70/><V109/><F109/><W101/><G101/><T126/><D126/><U5/><E5/><V117/><F117/><W46/><G27/><T113/><D113/><U32/><E39/><V93/><F83/><W33/><G33/><T55/><D116/><U23/><E36/><V68/><F74/><W44/><G56/><T49/><D49/><U47/><E47/><N who="2" m="25967" /><F68/><W48/><G48/><T22/><REACH who="0" step="1"/><D11/><REACH who="0" ten="181,283,264,242" step="2"/><U66/><E32/><V3/><F134/><W40/><G40/><T61/><D61/><U4/><E106/><V72/><F132/><W20/><G20/><T121/><D121/><U98/><E4/><V14/><F21/><W94/><G77/><T129/><D129/><U91/><E91/><V52/><F63/><W84/><G90/><T69/><D69/><U71/><E71/><V7/><F7/><W95/><G88/><T65/><D65/><U12/><E12/><V2/><F14/><W104/><G104/><T42/><D42/><U85/><E89/><V28/><F2/><W15/><G15/><T19/><D19/><U99/><E16/><RYUUKYOKU ba="1,3" sc="181,15,283,-15,264,-15,242,15" hai0="9,10,22,26,30,55,57,60,79,80,86,92,100" hai3="44,46,53,54,64,67,73,75,81,82,84,94,95" /><INIT seed="3,2,3,1,2,36" ten="196,268,249,257" oya="3" hai0="109,24,8,39,105,112,27,26,80,100,32,72,102" hai1="29,19,94,92,21,132,13,1,97,91,49,56,108" hai2="95,14,131,116,50,85,33,87,42,52,54,119,44" hai3="53,58,74,104,129,15,90,64,25,111,99,45,77"/><W65/><G129/><T4/><D109/><U6/><E132/><V122/><F33/><W46/><G111/><T124/><D32/><U37/><E37/><V23/><F131/><W89/><G74/><T57/><D112/><U20/><E108/><V9/><F122/><W63/><G77/><T110/><D110/><U82/><E1/><V126/><F126/><W75/><G75/><T71/><D124/><U120/><E120/><V59/><F23/><W61/><G15/><T43/><D71/><U16/><E6/><V130/><F130/><W5/><G5/><T101/><D105/><U96/><E29/><V128/><F128/><W17/><G104/><T81/><D57/><U41/><E82/><V35/><F35/><W76/><G76/><T3/><REACH who="0" step="1"/><D72/><REACH who="0" ten="186,268,249,257" step="2"/><U60/><E56/><V127/><F127/><W133/><G133/><T0/><D0/><U135/><E135/><V115/><F115/><W34/><G34/><T11/><D11/><U88/><E60/><N who="2" m="35943" /><F119/><W84/><G63/><T93/><D93/><U134/><E134/><V67/><F116/><W62/><G62/><T10/><D10/><N who="1" m="6199" /><E19/><N who="2" m="8655" /><F67/><W48/><G64/><T106/><D106/><U47/><AGARI ba="2,4" hai="20,21,41,47,49,88,91,92,94,96,97" m="6199" machi="47" ten="30,7900,0" yaku="8,1,52,1,54,2" doraHai="36" who="1" fromWho="1" sc="186,-22,268,125,249,-22,257,-41" owari="164,-34.0,393,49.0,227,3.0,216,-18.0" /></mjloggm>