<mjloggm ver="2.3"><GO type="193" lobby="0"/><UN n0="%E3%83%88%E3%83%88%E3%83%AA%E5%85%88%E7%94%9F%31%39%E6%AD%B3" n1="%E6%8E%A5%5F%E8%BF%91" n2="%74%61%6D%61%73%61%6B%61" n3="%E7%94%B0%E5%9C%92%E7%B7%91" dan="12,12,12,13" rate="1871.32,1803.29,1649.69,1812.31" sx="F,M,M,F"/><TAIKYOKU oya="0"/><INIT seed="0,0,0,5,4,128" ten="250,250,250,250" oya="0" hai0="65,7,34,114,72,101,124,31,83,26,55,115,77" hai1="98,104,24,53,56,57,28,64,32,11,27,82,0" hai2="103,87,129,110,67,43,2,37,93,49,85,44,14" hai3="46,36,135,63,102,35,74,38,73,134,12,6,116"/><T69/><D124/><U4/><E82/><V51/><F2/><W86/><G116/><T58/><D7/><U21/><E64/><V131/><F37/><W68/><G86/><T125/><D125/><U94/><E104/><V90/><F110/><W108/><G102/><T30/><D30/><U8/><E8/><V9/><F51/><W50/><G12/><T123/><D123/><U132/><E132/><N who="3" m="50730" /><G6/><T133/><D133/><U78/><E78/><V89/><F103/><W17/><G17/><T122/><D122/><U22/><E27/><V62/><F62/><W79/><G35/><T96/><D65/><U80/><E80/><V40/><F67/><N who="3" m="41087" /><G108/><T95/><D69/><U126/><E57/><V29/><F29/><W16/><G16/><T66/><D66/><U13/><E126/><V105/><F105/><W59/><G59/><T127/><D127/><U118/><E118/><V48/><F131/><W76/><G76/><T60/><AGARI ba="0,0" hai="26,31,34,55,58,60,72,77,83,95,96,101,114,115" machi="60" ten="20,2100,0" yaku="0,1,7,1" doraHai="128" who="0" fromWho="0" sc="250,21,250,-7,250,-7,250,-7" /><INIT seed="0,1,0,1,0,117" ten="271,243,243,243" oya="0" hai0="133,5,92,79,43,115,106,68,75,17,55,119,121" hai1="4,51,44,7,24,81,32,3,113,94,111,53,108" hai2="131,77,60,37,120,41,109,128,87,104,91,62,6" hai3="118,31,50,23,54,100,83,105,20,40,49,122,30"/><T48/><D115/><U13/><E113/><V36/><F104/><W112/><G118/><T96/><D119/><U28/><E3/><V22/><F77/><W123/><G112/><T126/><D68/><U90/><E13/><V73/><F73/><W70/><G70/><T95/><D133/><U110/><REACH who="1" step="1"/><E81/><REACH who="1" ten="271,233,243,243" step="2"/><V42/><F6/><W58/><G83/><T135/><D5/><U57/><E57/><V65/><F22/><W27/><G23/><T89/><D135/><U98/><AGARI ba="1,1" hai="4,7,24,28,32,44,51,53,90,94,98,108,110,111" machi="98" ten="30,4000,0" yaku="1,1,0,1,14,1,53,0" doraHai="117" doraHaiUra="10" who="1" fromWho="1" sc="271,-21,233,53,243,-11,243,-11" /><INIT seed="1,0,0,2,0,29" ten="250,286,232,232" oya="1" hai0="34,24,27,20,50,117,53,0,90,119,82,81,37" hai1="41,115,118,71,84,93,100,42,65,89,28,72,13" hai2="120,66,21,61,134,69,121,38,85,97,75,47,58" hai3="39,19,56,87,79,32,103,8,92,54,60,9,51"/><U101/><E72/><V88/><F75/><W48/><G39/><T23/><D37/><U112/><E118/><V116/><F116/><W91/><G32/><T4/><D34/><U11/><E115/><V16/><F134/><W36/><G36/><T45/><D0/><U57/><E71/><V106/><F69/><W113/><G113/><T5/><D90/><U122/><E122/><V14/><F106/><W135/><G135/><T102/><D102/><N who="1" m="39531" /><E112/><V2/><F2/><W83/><G103/><T108/><D108/><U55/><E28/><V76/><F76/><W78/><G78/><T62/><D62/><N who="1" m="36159" /><E65/><V105/><F97/><W63/><G63/><T44/><D53/><U96/><E84/><V68/><F105/><W128/><G128/><T22/><D22/><U129/><E129/><V109/><F109/><W133/><G133/><T49/><AGARI ba="0,0" hai="4,5,20,23,24,27,44,45,49,50,81,82,117,119" machi="49" ten="25,3200,0" yaku="0,1,22,2" doraHai="29" who="0" fromWho="0" sc="250,32,286,-16,232,-8,232,-8" /><INIT seed="2,0,0,0,2,59" ten="282,270,224,224" oya="2" hai0="72,127,9,115,69,1,92,128,15,107,23,82,81" hai1="22,67,126,2,68,28,54,21,3,135,71,51,34" hai2="132,100,79,31,56,98,4,10,112,26,99,86,6" hai3="57,111,124,66,38,121,123,73,95,43,36,131,87"/><V30/><F112/><W20/><G73/><T113/><D107/><U37/><E37/><V80/><F132/><W129/><G20/><T97/><D1/><U122/><E122/><V103/><F26/><W74/><G74/><T27/><D69/><U119/><E119/><V35/><F35/><W90/><G111/><T104/><D104/><U120/><E120/><V42/><F42/><W61/><G123/><T65/><D65/><U52/><E135/><V0/><F6/><W14/><G121/><T12/><D128/><U32/><E126/><V110/><F110/><W17/><G124/><T49/><D127/><U45/><E2/><V5/><F5/><W62/><G43/><T39/><D39/><U70/><E3/><V7/><F7/><W11/><G38/><T55/><D72/><U89/><E32/><V130/><F130/><N who="3" m="49675" /><G36/><T40/><D40/><U93/><E34/><V13/><F0/><W83/><G83/><N who="0" m="31755" /><D9/><U102/><E70/><V118/><F56/><W53/><G66/><T24/><D115/><U91/><E71/><V96/><REACH who="2" step="1"/><F118/><REACH who="2" ten="282,270,214,224" step="2"/><W44/><G44/><N who="0" m="28071" /><D27/><U64/><E68/><V18/><F18/><W41/><G41/><T16/><D113/><U46/><E28/><AGARI ba="0,1" hai="4,10,13,28,30,31,79,80,86,96,98,99,100,103" machi="28" ten="40,3900,0" yaku="1,1,8,1,53,0" doraHai="59" doraHaiUra="50" who="2" fromWho="1" sc="282,0,270,-39,214,49,224,0" /><INIT seed="2,1,0,2,1,65" ten="282,231,263,224" oya="2" hai0="92,48,71,110,37,54,63,5,115,116,41,120,88" hai1="38,80,15,73,68,22,25,18,75,42,35,84,6" hai2="34,49,2,53,36,77,113,98,32,108,130,56,114" hai3="124,13,85,99,20,70,11,93,135,95,117,51,59"/><V125/><F36/><W19/><G117/><T123/><D115/><U64/><E35/><V7/><F125/><W126/><G135/><T106/><D106/><U118/><E118/><V100/><F130/><W21/><G70/><T76/><D116/><U121/><E121/><V78/><F108/><W29/><G85/><T101/><D101/><U40/><E73/><V89/><F114/><W134/><G134/><T112/><D112/><U94/><E38/><V1/><F113/><W50/><G95/><T127/><D110/><U86/><E75/><V4/><F89/><W27/><G11/><T16/><D5/><U44/><E68/><V57/><F100/><W67/><G126/><T66/><D76/><U132/><E132/><V47/><F98/><W119/><G119/><T122/><D127/><U28/><E64/><V72/><F72/><W128/><G128/><T107/><D107/><U79/><E6/><N who="2" m="2091" /><F47/><W55/><G67/><T87/><D37/><U97/><E44/><V17/><F17/><W109/><G109/><T58/><D16/><U129/><E129/><V26/><F26/><W23/><G124/><T9/><D123/><U10/><REACH who="1" step="1"/><E86/><REACH who="1" ten="282,221,263,224" step="2"/><V96/><F96/><W91/><REACH who="3" step="1"/><G23/><REACH who="3" ten="282,221,263,214" step="2"/><T133/><D133/><U82/><E82/><V14/><F34/><W33/><G33/><T61/><D9/><U8/><E8/><V74/><F32/><W111/><G111/><T31/><D120/><U39/><E39/><V102/><F74/><W62/><AGARI ba="1,2" hai="13,19,20,21,27,29,50,51,55,59,62,91,93,99" machi="62" ten="20,5200,0" yaku="1,1,0,1,7,1,8,1,53,0" doraHai="65" doraHaiUra="43" who="3" fromWho="3" sc="282,-14,221,-14,263,-27,214,75" /><INIT seed="3,0,0,3,2,117" ten="268,207,236,289" oya="3" hai0="70,60,61,56,84,10,133,135,75,116,78,101,71" hai1="93,2,127,41,134,37,51,55,99,33,43,24,87" hai2="109,92,89,65,86,63,22,79,106,34,28,59,5" hai3="83,14,129,6,90,35,32,30,45,47,82,18,62"/><W76/><G6/><T94/><D75/><U27/><E127/><V36/><F106/><W113/><G113/><T31/><D116/><U67/><E2/><V125/><F36/><W95/><G129/><T123/><D31/><U119/><E119/><V52/><F125/><W16/><G35/><T7/><D78/><U17/><E33/><V12/><F34/><W111/><G111/><T124/><D124/><U53/><E134/><N who="0" m="51209" /><D84/><U88/><E37/><V8/><F109/><W96/><G32/><T23/><D23/><N who="1" m="13423" /><E67/><V38/><F79/><W4/><G30/><T26/><D26/><U54/><E27/><N who="2" m="16503" /><F38/><W44/><G62/><N who="0" m="24171" /><D56/><U64/><E64/><AGARI ba="0,0" hai="5,8,12,52,59,63,64,65,86,89,92" m="16503" machi="64" ten="30,2000,0" yaku="8,1,54,1" doraHai="117" who="2" fromWho="1" sc="268,0,207,-20,236,20,289,0" /><INIT seed="4,0,0,2,0,79" ten="268,187,256,289" oya="0" hai0="135,57,118,110,41,100,54,36,133,5,130,102,58" hai1="131,45,39,126,93,18,71,128,77,3,129,109,24" hai2="116,38,1,62,120,98,56,94,115,32,31,76,61" hai3="26,122,85,46,89,34,53,67,10,33,124,134,48"/><T8/><D118/><U108/><E71/><V125/><F120/><W59/><G134/><N who="0" m="51211" /><D130/><U25/><E3/><V123/><F123/><W35/><G122/><T2/><D110/><N who="1" m="42603" /><E77/><V82/><F115/><W84/><G124/><T47/><D57/><U9/><E93/><V72/><F116/><W80/><G26/><T14/><D2/><U11/><E126/><V95/><F125/><W70/><G85/><T68/><D68/><U13/><E11/><V90/><F38/><W103/><G103/><T81/><D81/><U114/><E114/><V21/><F1/><W132/><G70/><T83/><D83/><U50/><E39/><V86/><F32/><W37/><G132/><T111/><D111/><U44/><E44/><V12/><F62/><AGARI ba="0,0" hai="5,8,14,36,41,47,54,58,62,100,102" m="51211" machi="62" ten="30,1500,0" yaku="20,1" doraHai="79" who="0" fromWho="2" sc="268,15,187,0,256,-15,289,0" /><INIT seed="4,1,0,2,0,79" ten="283,187,241,289" oya="0" hai0="70,126,53,121,69,76,125,97,72,89,74,115,47" hai1="130,88,75,36,10,134,7,102,85,56,46,4,101" hai2="67,66,113,81,27,28,83,32,49,82,48,99,26" hai3="103,24,109,107,114,42,96,104,6,54,11,37,40"/><T90/><D121/><U124/><E75/><N who="0" m="28713" /><D76/><U1/><E124/><N who="0" m="47721" /><D115/><U25/><E134/><V8/><F113/><W12/><G114/><T110/><D110/><U131/><E7/><V43/><F32/><W95/><G109/><T93/><D90/><U78/><E78/><V112/><F112/><W116/><G116/><T120/><D120/><U21/><E56/><V87/><F28/><W33/><G54/><T64/><D64/><N who="2" m="24618" /><F99/><W9/><G33/><T94/><D94/><N who="1" m="54543" /><E46/><N who="2" m="25695" /><F8/><W98/><G37/><T118/><D118/><U91/><E91/><N who="2" m="51695" /><F49/><AGARI ba="1,0" hai="47,49,53,69,70,89,93,97" m="47721,28713" machi="49" ten="30,1500,0" yaku="18,1" doraHai="79" who="0" fromWho="2" sc="283,18,187,0,241,-18,289,0" owari="301,40.0,187,-31.0,223,-18.0,289,9.0" /></mjloggm>