<mjloggm ver="2.3"><GO type="169" lobby="0"/><UN n0="%6B%6F%6B%75%73%68%69%61" n1="%30%30%73%61%69" n2="%E3%82%A6%E3%83%AB%E3%83%88%E3%83%A9%E7%AB%8B%E7%9B%B4" n3="%E3%83%90%E3%83%90%E3%82%A2%E3%81%AE%E6%97%A5%E5%82%98" dan="17,17,17,17" rate="2130.53,2122.01,2126.55,2176.33" sx="M,M,M,F"/><TAIKYOKU oya="0"/><INIT seed="0,0,0,2,4,32" ten="250,250,250,250" oya="0" hai0="67,97,62,79,125,83,85,134,118,80,9,121,19" hai1="44,94,15,120,89,22,48,107,126,101,57,131,49" hai2="68,111,16,87,25,30,117,8,18,43,73,66,93" hai3="21,123,95,69,88,35,127,56,119,86,110,115,34"/><T51/><D121/><U52/><E120/><V37/><F73/><W47/><G69/><T104/><D104/><U26/><BYE who="0" /><E126/><V54/><F117/><W96/><G110/><T3/><D3/><U75/><E75/><V105/><F111/><W124/><G123/><T45/><D45/><U74/><E74/><V39/><F105/><W2/><G115/><T70/><D70/><U14/><E131/><V23/><F39/><W60/><G119/><T122/><D122/><U59/><E101/><V20/><F37/><W114/><G114/><T33/><D33/><U106/><E106/><V7/><F43/><W31/><G47/><T109/><D109/><U42/><E59/><V130/><F130/><W129/><G2/><T0/><D0/><U128/><E107/><V28/><F54/><W36/><G36/><T55/><D55/><U13/><E128/><V41/><F41/><W17/><G31/><T90/><D90/><U6/><E6/><V103/><F66/><N who="3" m="39175" /><G129/><T71/><D71/><U133/><E133/><V10/><F68/><W132/><G96/><T82/><D82/><U27/><REACH who="1" step="1"/><E22/><REACH who="1" ten="250,240,250,250" step="2"/><V102/><F23/><W108/><G132/><T116/><D116/><U100/><E100/><V98/><F20/><W53/><G108/><T135/><D135/><U65/><E65/><V40/><F102/><W12/><G34/><T46/><D46/><U91/><E91/><V99/><F103/><W72/><G35/><UN n0="%6B%6F%6B%75%73%68%69%61" /><T112/><D125/><N who="3" m="48201" /><G72/><T64/><D134/><U92/><E92/><V1/><F93/><W81/><G95/><T84/><D64/><U5/><E5/><RYUUKYOKU ba="0,1" sc="250,-15,240,15,250,-15,250,15" hai1="13,14,15,26,27,42,44,48,49,52,57,89,94" hai3="12,17,21,53,81,86,88" /><INIT seed="1,1,1,5,0,103" ten="235,255,235,265" oya="1" hai0="0,80,86,124,4,23,60,93,2,27,91,12,92" hai1="29,88,10,43,122,98,117,120,109,58,9,112,131" hai2="20,128,52,108,5,134,1,54,111,14,32,71,85" hai3="73,125,123,69,113,37,76,133,64,39,106,11,26"/><U77/><E112/><V48/><F71/><W17/><G17/><T100/><D124/><U19/><E117/><V50/><F32/><W24/><G24/><T114/><D114/><U127/><E127/><V8/><F128/><W130/><G26/><T96/><D60/><U84/><E29/><V31/><F134/><W13/><G13/><T105/><D12/><U15/><E131/><V81/><F31/><W135/><G11/><T42/><D42/><U46/><E77/><V16/><F50/><W66/><G66/><T7/><D7/><U83/><E109/><N who="2" m="42059" /><F48/><W63/><G64/><T110/><D110/><U30/><E30/><V40/><F40/><W61/><G69/><T107/><D92/><U33/><E33/><V3/><F3/><W78/><G130/><T41/><D41/><U38/><E10/><V51/><F51/><W68/><G68/><T119/><D119/><U36/><E38/><V118/><F118/><W79/><G125/><T115/><D115/><U45/><E45/><V97/><F97/><W89/><G113/><T49/><D49/><U62/><REACH who="1" step="1"/><E98/><REACH who="1" ten="235,245,235,265" step="2"/><V65/><F65/><AGARI ba="1,2" hai="9,15,19,36,43,46,58,62,65,83,84,88,120,122" machi="65" ten="30,11600,0" yaku="1,1,2,1,7,1,54,1,53,0" doraHai="103" doraHaiUra="99" who="1" fromWho="2" sc="235,0,245,139,235,-119,265,0" /><INIT seed="1,2,0,0,2,55" ten="235,384,116,265" oya="1" hai0="10,32,99,11,44,131,15,86,90,81,87,47,49" hai1="117,23,126,75,20,79,88,92,12,109,52,120,111" hai2="2,25,118,123,17,3,71,35,106,28,37,115,6" hai3="102,95,132,69,94,21,122,112,45,78,121,96,24"/><U59/><E117/><V70/><F70/><W82/><G69/><T113/><D113/><U26/><E120/><V101/><F101/><W130/><G112/><T54/><D131/><U34/><E126/><V93/><F93/><W30/><G130/><T1/><D32/><U40/><E40/><V107/><F107/><W36/><G132/><T5/><D87/><N who="1" m="52255" /><E79/><V41/><F41/><W77/><G77/><T39/><D99/><U76/><E76/><V119/><F119/><W46/><G94/><T74/><D39/><U60/><E75/><V27/><F37/><W110/><G36/><T14/><D1/><U66/><E12/><V9/><F71/><W68/><G68/><T97/><D97/><U127/><E66/><V33/><F106/><W73/><G121/><T29/><D74/><U85/><E85/><V133/><F118/><W57/><G122/><T91/><D29/><U56/><E56/><V72/><F72/><W43/><G43/><T38/><D38/><U7/><E7/><V84/><F133/><W22/><G57/><N who="0" m="32975" /><D91/><U134/><E134/><V0/><F84/><W42/><G42/><T61/><D61/><U129/><E129/><V104/><F104/><W108/><G45/><T50/><D50/><U105/><E105/><V64/><F64/><W124/><G46/><T19/><AGARI ba="2,0" hai="5,10,11,14,15,19,44,47,81,86,90" m="32975" machi="19" ten="30,2000,0" yaku="8,1,52,1" doraHai="55" who="0" fromWho="0" sc="235,26,384,-12,116,-7,265,-7" /><INIT seed="2,0,0,4,2,99" ten="261,372,109,258" oya="2" hai0="50,100,27,106,5,132,39,10,71,89,23,116,109" hai1="77,120,42,72,54,130,97,62,135,33,111,46,11" hai2="34,82,76,22,61,19,65,117,93,13,108,16,121" hai3="110,18,67,66,128,83,134,0,49,131,107,118,105"/><V94/><F34/><W1/><G110/><T51/><D39/><U133/><E33/><V14/><F108/><W43/><G118/><T40/><D109/><U60/><E72/><V122/><F121/><W69/><G83/><T90/><D71/><U63/><E77/><V20/><F122/><W123/><G123/><T92/><D106/><U3/><E130/><N who="3" m="49706" /><G18/><T35/><D35/><U44/><E97/><V58/><REACH who="2" step="1"/><F117/><REACH who="2" ten="261,372,99,258" step="2"/><W56/><G134/><T30/><D132/><U2/><E111/><V17/><F17/><W115/><G115/><T55/><D116/><U25/><E120/><V32/><F32/><W101/><G69/><T102/><D40/><U95/><E42/><V53/><F53/><W7/><G43/><T87/><D89/><U81/><E133/><V78/><F78/><W86/><G66/><T26/><D26/><U48/><E25/><V38/><F38/><W9/><G67/><T112/><D112/><U15/><E135/><V104/><F104/><W126/><G105/><T57/><REACH who="0" step="1"/><D51/><REACH who="0" ten="251,372,99,258" step="2"/><U21/><E48/><V45/><F45/><W37/><G49/><T98/><D98/><U113/><E46/><V75/><AGARI ba="0,2" hai="13,14,16,19,20,22,58,61,65,75,76,82,93,94" machi="75" ten="20,18000,2" yaku="1,1,0,1,7,1,9,1,54,1,53,2" doraHai="99" doraHaiUra="8" who="2" fromWho="2" sc="251,-60,372,-60,99,200,258,-60" /><INIT seed="2,1,0,4,0,90" ten="191,312,299,198" oya="2" hai0="35,23,86,97,125,26,74,56,80,44,96,37,118" hai1="111,93,117,77,30,5,70,18,84,108,61,12,112" hai2="25,92,27,21,85,1,65,110,62,55,134,59,29" hai3="116,113,28,73,101,126,132,135,33,53,50,32,54"/><V17/><F1/><W47/><G73/><T127/><D74/><U41/><E112/><V16/><F134/><N who="3" m="51243" /><G116/><T131/><D118/><U57/><E70/><V40/><F40/><W8/><G28/><T60/><D35/><U120/><E5/><V81/><F110/><W83/><G101/><T63/><D131/><U115/><E115/><V52/><F92/><W114/><G126/><N who="0" m="48139" /><D44/><U105/><E105/><V88/><F17/><W14/><G83/><T78/><D37/><U6/><E30/><V103/><F103/><W38/><G38/><T99/><D56/><U89/><E117/><V104/><F104/><W39/><G39/><T71/><D71/><U13/><E57/><V68/><F68/><W31/><G54/><T0/><D0/><U87/><E41/><V20/><AGARI ba="1,0" hai="16,20,21,25,27,29,52,55,59,62,65,81,85,88" machi="20" ten="20,18000,2" yaku="0,1,7,1,8,1,54,3" doraHai="90" who="2" fromWho="2" sc="191,-61,312,-61,299,183,198,-61" /><INIT seed="2,2,0,5,3,30" ten="130,251,482,137" oya="2" hai0="112,93,84,131,23,41,75,122,68,117,126,20,116" hai1="59,78,3,36,25,128,113,103,77,101,9,60,7" hai2="130,114,32,56,39,108,67,35,51,123,38,125,43" hai3="37,14,74,69,97,24,95,121,104,19,29,109,79"/><V86/><F123/><W44/><G109/><T21/><D75/><U80/><E113/><V22/><F114/><W111/><G111/><T1/><D1/><U94/><E78/><V70/><F108/><W47/><G104/><T26/><D122/><U72/><E94/><V34/><F130/><W4/><G4/><T64/><D131/><U119/><E119/><V53/><F125/><W18/><G69/><T120/><D120/><U81/><E81/><V50/><F22/><W82/><G121/><T52/><D41/><U132/><E132/><V98/><F98/><W124/><G124/><T83/><D93/><U33/><E36/><V54/><F43/><W40/><G14/><T105/><D105/><U118/><E118/><V135/><F135/><W96/><G47/><T66/><D112/><U45/><E45/><V110/><F110/><W61/><G61/><T76/><D126/><U10/><E10/><V99/><F99/><W90/><REACH who="3" step="1"/><G96/><REACH who="3" ten="130,251,482,127" step="2"/><T28/><D68/><U16/><E128/><V0/><F0/><W85/><G85/><T106/><D106/><U6/><E7/><V49/><F86/><W102/><G102/><T87/><D87/><U62/><E62/><V2/><F2/><W27/><G27/><T115/><D115/><U92/><E103/><V91/><F70/><W17/><G17/><T88/><D117/><U58/><E60/><N who="2" m="38279" /><F91/><W12/><G12/><T89/><D116/><U73/><E101/><V48/><N who="2" m="12288" /><DORA hai="5" /><V129/><F129/><W127/><G127/><T55/><D89/><U15/><E3/><V134/><F134/><W13/><G13/><RYUUKYOKU ba="2,1" sc="130,-15,251,-15,482,15,127,15" hai2="32,34,35,38,39,53,54" hai3="18,19,24,29,37,40,44,74,79,82,90,95,97" /><INIT seed="2,3,1,4,4,8" ten="115,236,497,142" oya="2" hai0="27,121,46,70,99,58,45,84,17,127,108,117,14" hai1="132,131,77,62,0,79,39,135,90,44,68,94,28" hai2="124,16,52,20,83,7,72,22,35,93,31,1,114" hai3="56,130,48,25,29,73,6,133,9,75,106,112,104"/><V92/><F114/><W18/><G18/><T134/><D70/><U71/><E0/><V89/><F124/><W128/><G112/><T97/><D127/><U105/><E105/><N who="3" m="40554" /><G48/><T69/><D69/><N who="1" m="26699" /><E62/><V67/><F67/><W65/><G56/><T3/><D3/><U126/><E28/><V110/><F110/><W54/><G54/><T74/><D108/><U85/><E126/><V103/><F22/><N who="3" m="15543" /><G65/><T123/><D74/><U98/><E98/><V116/><F103/><W42/><G42/><T38/><D38/><U55/><E55/><V41/><F52/><W63/><G63/><T107/><D107/><U36/><E44/><V111/><F41/><W4/><G4/><T120/><D117/><U76/><E36/><V66/><F66/><W86/><G86/><T100/><D84/><U51/><E51/><V91/><F116/><W109/><G109/><T102/><D58/><U10/><E39/><V23/><F23/><W82/><G82/><T15/><D120/><U59/><E59/><V57/><F57/><W50/><G50/><T119/><D119/><U26/><E26/><N who="2" m="18935" /><F111/><W80/><G133/><N who="1" m="51274" /><E10/><N who="2" m="2415" /><F72/><W61/><G61/><T49/><D49/><U11/><E11/><V60/><F60/><W5/><G9/><T43/><D134/><U64/><E64/><V2/><F2/><W125/><G125/><T30/><D43/><U87/><E87/><N who="2" m="50431" /><F91/><W115/><G115/><T118/><D118/><U21/><E21/><V122/><F122/><W96/><G96/><T40/><D40/><U47/><E47/><V95/><F20/><W53/><G53/><T37/><D123/><RYUUKYOKU ba="3,1" sc="115,-15,236,15,497,15,142,-15" hai1="76,77,79,85,90,94,131" hai2="16,92,93,95" /><INIT seed="2,4,1,3,0,7" ten="100,251,512,127" oya="2" hai0="10,116,119,34,3,130,1,123,84,5,129,16,46" hai1="0,115,70,93,112,92,44,73,69,91,61,127,23" hai2="33,103,71,54,13,52,133,22,105,45,118,59,120" hai3="37,107,113,62,98,66,6,72,89,19,132,104,57"/><V12/><F33/><W122/><G122/><T78/><D46/><U74/><E44/><V96/><F71/><W28/><G37/><T42/><D42/><U117/><E0/><V20/><F120/><W65/><G72/><T114/><D78/><U31/><E23/><V29/><F118/><N who="0" m="45098" /><D84/><U110/><E117/><V95/><F105/><W43/><G43/><T83/><D83/><U82/><E31/><V68/><F68/><W18/><G132/><T25/><D123/><U4/><E4/><V53/><F133/><W47/><G47/><T79/><D79/><U131/><E82/><V124/><F124/><W51/><G113/><T76/><D76/><U87/><E127/><V63/><F22/><W48/><G66/><T56/><D56/><U2/><E61/><V111/><F111/><W99/><G65/><T128/><D114/><U100/><E69/><V109/><F109/><W88/><G57/><T24/><D1/><U125/><E2/><V67/><REACH who="2" step="1"/><F45/><REACH who="2" ten="100,251,502,127" step="2"/><W49/><G107/><T8/><D34/><U77/><E70/><V39/><F39/><W106/><G106/><T40/><D40/><U94/><E110/><V108/><F108/><W15/><G104/><T38/><D38/><U60/><E115/><V14/><F14/><AGARI ba="4,2" hai="3,5,8,10,14,16,24,25,128,129,130" m="45098" machi="14" ten="40,12000,2" yaku="19,1,12,1,34,2,52,2,54,1" doraHai="7" who="0" fromWho="2" sc="100,152,251,0,502,-132,127,0" /><INIT seed="3,0,0,5,2,103" ten="252,251,370,127" oya="3" hai0="87,33,53,5,34,65,92,12,71,124,88,94,45" hai1="42,97,119,72,109,100,83,107,114,50,95,89,25" hai2="82,130,31,135,6,52,17,69,106,38,13,128,46" hai3="22,76,49,99,47,10,26,35,117,96,134,27,111"/><W77/><G117/><T131/><D124/><U78/><E114/><V59/><F69/><W113/><G113/><T51/><D131/><N who="2" m="50218" /><F31/><W75/><G134/><T110/><D110/><U121/><E121/><V55/><F106/><W104/><G35/><T120/><D120/><U98/><E109/><V105/><F105/><W86/><G75/><T39/><D39/><U118/><E25/><V70/><F70/><W64/><G111/><T21/><D94/><N who="1" m="56527" /><E50/><N who="2" m="28759" /><F38/><W79/><G64/><T112/><D112/><U68/><E68/><V8/><F82/><W102/><G96/><T93/><D92/><U15/><E42/><V54/><F135/><W43/><G10/><T127/><D127/><U18/><E15/><N who="2" m="5527" /><F59/><W101/><G101/><T0/><D0/><U9/><E9/><AGARI ba="0,0" hai="9,13,17,54,55" m="5527,28759,50218" machi="9" ten="30,2000,0" yaku="19,1,54,1" doraHai="103" who="2" fromWho="1" sc="252,0,251,-20,370,20,127,0" /><INIT seed="4,0,0,5,1,126" ten="252,231,390,127" oya="0" hai0="9,127,69,77,115,76,2,16,11,56,68,70,125" hai1="36,114,48,128,72,109,103,110,46,13,83,98,132" hai2="88,39,94,71,89,116,53,117,55,58,90,33,15" hai3="92,49,40,43,66,108,113,17,63,79,8,111,41"/><T123/><D123/><U134/><E36/><V100/><F33/><W81/><G113/><T1/><D56/><U23/><E114/><V65/><F39/><W135/><G135/><N who="1" m="51754" /><E128/><V86/><F86/><W3/><G92/><T50/><D50/><U10/><E23/><V78/><F78/><N who="0" m="30314" /><D115/><U35/><E35/><V27/><F71/><W133/><G133/><T26/><D26/><U120/><E83/><V87/><F87/><W25/><G49/><T95/><D95/><N who="1" m="58847" /><E72/><V19/><F27/><W57/><G25/><T51/><D51/><U0/><E0/><N who="0" m="105" /><D16/><N who="1" m="8247" /><E120/><V60/><F94/><W21/><G21/><T74/><D74/><U54/><AGARI ba="0,0" hai="46,48,54,109,110" m="8247,58847,51754" machi="54" ten="30,2000,0" yaku="20,1,54,1" doraHai="126" who="1" fromWho="1" sc="252,-10,231,20,390,-5,127,-5" /><INIT seed="5,0,0,3,3,130" ten="242,251,385,122" oya="1" hai0="12,42,67,38,15,11,80,25,94,98,30,35,8" hai1="74,124,29,33,50,73,19,1,21,89,22,31,134" hai2="28,85,84,60,100,119,24,99,64,113,52,115,58" hai3="83,121,39,51,6,91,26,16,86,110,118,114,128"/><U10/><E74/><V43/><F43/><W133/><G110/><T49/><D38/><U116/><E73/><V88/><F64/><W40/><G39/><T13/><D67/><U3/><E89/><V65/><F65/><W108/><G108/><T79/><D42/><U17/><E50/><V57/><F57/><W103/><G121/><T120/><D49/><U135/><E116/><V77/><F77/><W109/><G109/><T72/><REACH who="0" step="1"/><D120/><REACH who="0" ten="232,251,385,122" step="2"/><U0/><E124/><V9/><F119/><W53/><G40/><T5/><D5/><U96/><E33/><V125/><F125/><W23/><G118/><T48/><D48/><U63/><E63/><V78/><F60/><W131/><G6/><T126/><D126/><U122/><E122/><V45/><F115/><W132/><G114/><T106/><D106/><U105/><E105/><V104/><F104/><W59/><REACH who="3" step="1"/><G103/><AGARI ba="0,1" hai="8,11,12,13,15,25,30,35,72,79,80,94,98,103" machi="103" ten="40,2600,0" yaku="1,1,53,1" doraHai="130" doraHaiUra="90" who="0" fromWho="3" sc="232,36,251,0,385,0,122,-26" /><INIT seed="6,0,0,3,4,94" ten="268,251,385,96" oya="2" hai0="43,126,67,88,134,30,47,19,90,46,42,100,118" hai1="62,32,35,71,2,61,103,77,105,83,73,87,104" hai2="20,132,18,44,31,116,131,17,95,111,54,98,123" hai3="59,79,1,113,107,69,108,97,11,27,76,33,89"/><V51/><F123/><W75/><G108/><T119/><D30/><U4/><E62/><V92/><F116/><N who="0" m="44586" /><D67/><N who="1" m="41455" /><E87/><V22/><F132/><W63/><G69/><T120/><D120/><U80/><E80/><V78/><F78/><W0/><G113/><T70/><D70/><U122/><E122/><V128/><F95/><W3/><G11/><T68/><D68/><U9/><E103/><V40/><F40/><N who="0" m="15402" /><D100/><U85/><E85/><V121/><F121/><W129/><G129/><N who="2" m="49737" /><F111/><W26/><G107/><AGARI ba="0,0" hai="2,4,9,32,35,73,77,83,104,105,107" m="41455" machi="107" ten="30,2000,0" yaku="33,2" doraHai="94" who="1" fromWho="3" sc="268,0,251,20,385,0,96,-20" /><INIT seed="7,0,0,5,3,135" ten="268,271,385,76" oya="3" hai0="49,111,67,20,34,129,76,96,16,133,63,43,22" hai1="127,91,14,31,65,70,58,8,60,112,36,98,27" hai2="100,105,7,25,92,88,21,52,114,122,3,48,74" hai3="106,59,12,23,26,10,41,87,40,93,83,99,78"/><W97/><G106/><T82/><D111/><U1/><E1/><V45/><F74/><W124/><G124/><T50/><D34/><U116/><E36/><V90/><F7/><W56/><G99/><T102/><D133/><U17/><E127/><V32/><F90/><W46/><G40/><T110/><D110/><U54/><E112/><V134/><F88/><N who="3" m="55463" /><G41/><T89/><D89/><U126/><E126/><V62/><F92/><W132/><G132/><T37/><D37/><U53/><E70/><V5/><F100/><W4/><G46/><T128/><D43/><U47/><E47/><V94/><F3/><W39/><G39/><T24/><D22/><N who="1" m="15863" /><E116/><V44/><F32/><W2/><G2/><T115/><D115/><U15/><E98/><V79/><F105/><W30/><AGARI ba="0,0" hai="4,10,12,23,26,30,56,59,78,83,87" m="55463" machi="30" ten="30,3000,0" yaku="8,1,54,1" doraHai="135" who="3" fromWho="3" sc="268,-10,271,-10,385,-10,76,30" /><INIT seed="7,1,0,0,1,58" ten="258,261,375,106" oya="3" hai0="35,97,127,72,6,126,122,64,69,29,28,84,125" hai1="16,30,59,92,87,124,53,96,82,5,107,93,32" hai2="20,119,133,98,103,46,89,128,118,106,23,8,95" hai3="52,86,50,116,19,113,4,48,83,90,81,120,134"/><W10/><G113/><T13/><D72/><U63/><E5/><V79/><F8/><W42/><G134/><T22/><D122/><U24/><E124/><V3/><F3/><W73/><G120/><T102/><D35/><U43/><E43/><V47/><F128/><W45/><G116/><T27/><D84/><U94/><E107/><V51/><F47/><W26/><G73/><T111/><D111/><U62/><E62/><V99/><F133/><W49/><G81/><T114/><D114/><U15/><E96/><V0/><F0/><W31/><G42/><T68/><D29/><U80/><E87/><V109/><F109/><W55/><G55/><T65/><D13/><U21/><AGARI ba="1,0" hai="15,16,21,24,30,32,53,59,63,80,82,92,93,94" machi="21" ten="30,4000,0" yaku="0,1,52,1,54,1" doraHai="58" who="1" fromWho="1" sc="258,-11,261,43,375,-11,106,-21" owari="247,-15.0,304,10.0,364,46.0,85,-41.0" /></mjloggm>