<mjloggm ver="2.3"><GO type="97" lobby="0"/><UN n0="%E5%B0%B1%E6%B4%BB%E7%94%9F%40%E5%B7%9D%E6%9D%91%E8%BB%8D%E5%9B%A3" n1="%48%65%61%72%E2%80%A0%73%31%38" n2="%E3%83%AB%E3%82%B7%E3%82%A2%E3%83%B3%E2%98%86" n3="%E2%80%A0%E3%82%82%E3%81%90%E3%82%89%E5%8F%A9%E3%81%8D%E2%80%A0" dan="14,14,14,14" rate="1960.52,1972.02,1967.06,1966.93" sx="M,F,F,M"/><TAIKYOKU oya="0"/><INIT seed="0,0,0,4,3,79" ten="250,250,250,250" oya="0" hai0="5,3,91,30,129,36,73,115,52,124,67,63,78" hai1="120,10,88,135,99,24,81,134,60,2,97,132,75" hai2="7,53,28,94,20,111,42,128,49,37,106,98,14" hai3="59,96,43,16,126,6,95,105,18,87,11,0,76"/><T62/><D115/><U1/><E120/><V77/><F106/><W19/><G126/><T17/><D36/><U117/><E117/><V116/><F111/><W31/><G105/><T107/><D107/><U90/><E24/><V100/><F128/><W65/><G43/><T102/><D102/><U122/><E122/><V114/><F114/><W46/><G31/><T9/><D124/><U25/><E25/><V66/><F66/><W45/><G76/><T68/><D129/><U40/><E40/><V109/><F42/><W27/><G87/><T32/><D91/><N who="1" m="34859" /><E60/><V58/><F109/><W48/><G27/><T4/><D4/><N who="1" m="1295" /><E2/><V130/><F130/><W112/><G112/><T110/><D110/><U33/><E33/><V123/><F123/><W104/><G104/><T35/><D30/><U55/><E55/><V39/><F77/><AGARI ba="0,0" hai="75,77,81,97,99,132,134,135" m="1295,34859" machi="77" ten="40,5200,0" yaku="20,1,52,1,54,1" doraHai="79" who="1" fromWho="2" sc="250,0,250,52,250,-52,250,0" /><INIT seed="1,0,0,3,4,83" ten="250,302,198,250" oya="1" hai0="133,86,14,67,131,42,126,81,94,54,128,112,110" hai1="116,70,39,2,119,87,99,82,100,118,5,18,0" hai2="43,101,16,95,34,37,13,56,59,20,102,12,11" hai3="75,65,46,132,98,22,27,104,124,30,78,29,96"/><U32/><E5/><V134/><F34/><W49/><G124/><T4/><D112/><U115/><E115/><V17/><F134/><W64/><G132/><T61/><D126/><U62/><E39/><V135/><F135/><W44/><G75/><T9/><D133/><U107/><E32/><V73/><F73/><W35/><G35/><T127/><D127/><U55/><E18/><V93/><F43/><W8/><G104/><T57/><D110/><U114/><E114/><V6/><F37/><W68/><G68/><T74/><D42/><U130/><E130/><N who="0" m="49705" /><D74/><U91/><REACH who="1" step="1"/><E55/><REACH who="1" ten="250,292,198,250" step="2"/><V125/><F125/><W31/><G31/><T23/><D23/><U58/><E58/><V103/><F6/><W92/><G30/><T109/><D109/><U45/><E45/><V7/><F7/><W71/><G46/><T88/><D54/><U36/><E36/><V60/><F56/><W89/><G71/><T80/><AGARI ba="0,1" hai="4,9,14,57,61,67,80,81,86,88,94" m="49705" machi="80" ten="30,4000,0" yaku="19,1,52,1,54,1" doraHai="83" who="0" fromWho="0" sc="250,50,292,-20,198,-10,250,-10" /><INIT seed="2,0,0,0,4,78" ten="300,272,188,240" oya="2" hai0="73,9,85,51,32,89,43,97,35,133,2,87,56" hai1="8,34,22,109,31,64,5,17,16,99,18,123,13" hai2="65,44,105,23,93,104,20,121,27,33,70,128,14" hai3="112,116,86,15,90,67,41,83,49,45,127,101,68"/><V72/><F72/><W96/><G116/><T125/><D73/><U132/><E64/><V91/><F121/><W57/><G127/><T131/><D131/><U80/><E123/><V52/><F33/><W119/><G119/><T75/><D75/><U28/><E99/><V130/><F65/><W11/><G112/><T98/><D125/><U24/><E80/><V19/><F70/><W48/><G68/><T36/><D36/><U26/><E109/><V1/><F1/><W94/><G67/><T4/><D133/><AGARI ba="0,0" hai="5,8,13,16,17,18,22,24,26,28,31,34,132,133" machi="133" ten="40,8000,1" yaku="34,3,54,1" doraHai="78" who="1" fromWho="0" sc="300,-80,272,80,188,0,240,0" /><INIT seed="3,0,0,5,5,94" ten="220,352,188,240" oya="3" hai0="134,10,97,70,80,68,78,131,16,56,76,35,66" hai1="19,84,88,112,4,115,129,105,100,83,73,44,91" hai2="21,37,118,99,51,117,127,93,133,14,12,34,26" hai3="81,38,113,62,11,92,120,48,74,90,65,89,110"/><W128/><G113/><T30/><D134/><U103/><E4/><V3/><F37/><W40/><G38/><T13/><D131/><U106/><E44/><V29/><F133/><W43/><G120/><T31/><D35/><U119/><E19/><V50/><F3/><W41/><G128/><T116/><D116/><U9/><E9/><V6/><F127/><W102/><G74/><T2/><D2/><U27/><E27/><V64/><F64/><W98/><G110/><T58/><D70/><U24/><E24/><V7/><F34/><W77/><G11/><T82/><D68/><U125/><E129/><V101/><F118/><W55/><G77/><N who="0" m="29803" /><D97/><N who="1" m="61583" /><E73/><V20/><F117/><W15/><G15/><T54/><D66/><U49/><E49/><V8/><F7/><W132/><G81/><N who="0" m="31339" /><D58/><U86/><E119/><V18/><AGARI ba="0,0" hai="6,8,12,14,18,20,21,26,29,50,51,93,99,101" machi="18" ten="30,4000,0" yaku="0,1,8,1,52,1" doraHai="94" who="2" fromWho="2" sc="220,-10,352,-10,188,40,240,-20" owari="210,-29.0,342,44.0,228,3.0,220,-18.0" /></mjloggm>