<mjloggm ver="2.3"><GO type="169" lobby="0"/><UN n0="%E3%81%A4%E3%81%B0%E3%81%8D%E3%81%A1%30%33" n1="%6B%65%6E%79%61%30%31" n2="%E8%90%BD%E5%90%88" n3="%E5%B0%B1%E6%B4%BB%E7%94%9F%40%E5%B7%9D%E6%9D%91%E8%BB%8D%E5%9B%A3" dan="16,16,17,16" rate="2127.11,2082.45,2155.25,2062.75" sx="M,M,M,M"/><TAIKYOKU oya="0"/><INIT seed="0,0,0,1,2,6" ten="250,250,250,250" oya="0" hai0="61,29,77,133,130,27,14,57,92,34,21,56,109" hai1="120,13,1,119,95,65,114,28,71,55,99,54,129" hai2="87,36,104,96,110,39,59,131,123,112,25,26,46" hai3="94,16,2,48,126,19,40,100,106,70,12,5,53"/><T101/><D130/><U69/><E1/><V9/><F123/><W68/><G106/><T98/><D133/><U62/><E119/><V24/><F112/><W85/><G126/><T115/><D115/><U35/><E120/><V81/><F131/><W41/><G68/><T134/><D134/><U8/><E129/><V20/><F110/><W45/><G70/><T117/><D117/><U125/><E71/><V63/><F20/><W37/><G2/><T93/><D109/><U103/><E125/><V84/><F46/><W122/><G122/><T135/><D135/><U107/><E95/><V127/><F87/><W0/><G0/><T30/><D77/><U76/><E76/><V72/><F72/><W89/><G100/><T58/><D93/><U18/><REACH who="1" step="1"/><E114/><REACH who="1" ten="250,240,250,250" step="2"/><V80/><F127/><W73/><G73/><T32/><D32/><U83/><E83/><V97/><F81/><W44/><REACH who="3" step="1"/><G40/><REACH who="3" ten="250,240,250,240" step="2"/><T60/><D30/><U43/><E43/><V111/><F111/><W91/><G91/><T38/><D38/><U51/><E51/><V102/><F39/><W132/><G132/><T124/><D124/><U49/><E49/><V10/><F36/><W116/><G116/><T11/><REACH who="0" step="1"/><D34/><REACH who="0" ten="240,240,250,240" step="2"/><U17/><E17/><AGARI ba="0,3" hai="11,14,17,21,27,29,56,57,58,60,61,92,98,101" machi="17" ten="40,12000,1" yaku="1,1,2,1,8,1,52,1,53,1" doraHai="6" doraHaiUra="90" who="0" fromWho="1" sc="240,150,240,-120,250,0,240,0" /><INIT seed="0,1,0,3,1,132" ten="390,120,250,240" oya="0" hai0="63,0,116,54,33,30,34,45,42,119,37,124,38" hai1="15,8,16,100,80,97,104,53,84,4,135,125,92" hai2="107,26,67,41,11,12,60,111,69,57,123,113,23" hai3="134,19,48,29,106,122,51,101,28,73,1,9,7"/><T91/><D0/><U78/><E135/><V66/><F113/><W27/><G134/><T18/><D38/><U61/><E104/><V31/><F123/><W88/><G73/><T39/><D39/><U68/><E68/><V121/><F121/><W93/><G122/><T32/><D30/><U94/><E94/><V83/><F111/><W110/><G110/><T79/><D79/><U47/><E125/><V13/><F107/><W6/><G6/><T55/><D124/><U82/><E82/><V43/><F13/><W35/><G28/><T21/><D91/><U127/><E127/><V131/><F131/><W64/><G64/><T128/><D128/><U112/><E112/><V44/><F83/><W36/><G36/><T129/><D129/><U59/><REACH who="1" step="1"/><E47/><REACH who="1" ten="390,110,250,240" step="2"/><V102/><F44/><W95/><G106/><T120/><D120/><U72/><E72/><V130/><F130/><W85/><G101/><T115/><D115/><U17/><AGARI ba="1,1" hai="4,8,15,16,17,53,59,61,78,80,84,92,97,100" machi="17" ten="30,8000,1" yaku="1,1,0,1,8,1,54,1,53,1" doraHai="132" doraHaiUra="77" who="1" fromWho="1" sc="390,-41,110,93,250,-21,240,-21" /><INIT seed="1,0,0,0,5,87" ten="349,203,229,219" oya="1" hai0="113,14,46,13,123,49,97,20,101,92,125,104,105" hai1="99,59,50,16,133,86,94,118,130,55,114,109,19" hai2="119,38,134,77,100,9,27,61,129,70,28,98,60" hai3="117,132,128,32,103,29,54,108,66,91,6,121,68"/><U35/><E118/><V43/><F119/><W122/><G117/><T79/><D113/><U67/><E114/><V42/><F129/><W74/><G74/><T36/><D36/><U120/><E120/><V24/><F134/><W76/><G76/><T107/><D125/><U17/><E130/><V89/><F77/><W4/><G103/><T75/><D123/><U62/><E133/><V126/><F126/><W111/><G66/><T93/><D93/><U131/><E131/><V69/><F100/><W95/><G68/><T33/><D33/><U72/><E72/><V30/><F9/><W65/><G65/><T48/><D48/><U1/><E1/><V0/><F0/><W116/><G116/><T40/><REACH who="0" step="1"/><D20/><REACH who="0" ten="339,203,229,219" step="2"/><U80/><E35/><V23/><F23/><W90/><G95/><T37/><D37/><U26/><E109/><V22/><F22/><W58/><G32/><T81/><AGARI ba="0,1" hai="13,14,40,46,49,75,79,81,92,97,101,104,105,107" machi="81" ten="40,2700,0" yaku="1,1,0,1,53,0" doraHai="87" doraHaiUra="124" who="0" fromWho="0" sc="339,37,203,-13,229,-7,219,-7" /><INIT seed="2,0,0,3,2,47" ten="376,190,222,212" oya="2" hai0="32,56,84,90,115,125,135,103,63,59,33,112,113" hai1="106,70,88,16,73,18,54,21,67,104,130,64,52" hai2="7,99,4,93,116,102,118,15,75,48,108,119,80" hai3="43,42,39,77,37,109,55,58,13,85,61,51,23"/><V129/><F129/><W24/><G109/><T105/><D135/><U65/><E70/><V123/><F123/><W29/><G39/><T121/><D121/><U20/><E73/><V122/><F122/><W26/><G37/><T95/><D125/><U107/><E88/><V86/><F75/><W68/><G24/><T53/><D105/><U1/><E1/><V31/><F31/><W14/><G43/><T10/><D103/><U72/><E72/><V120/><F120/><W69/><G69/><T41/><D41/><U60/><E60/><V76/><F108/><W83/><REACH who="3" step="1"/><G68/><REACH who="3" ten="376,190,222,202" step="2"/><T127/><D127/><U35/><E130/><V50/><REACH who="2" step="1"/><F15/><REACH who="2" ten="376,190,212,202" step="2"/><W25/><G25/><T49/><D115/><U19/><E35/><V11/><F11/><W28/><G28/><T30/><D10/><U27/><E27/><V91/><F91/><W74/><G74/><T134/><D113/><U79/><E79/><V12/><F12/><W96/><G96/><T81/><D112/><U46/><E46/><AGARI ba="0,2" hai="13,14,23,26,29,42,46,51,55,58,61,77,83,85" machi="46" ten="40,8000,1" yaku="1,1,8,1,52,1,53,1" doraHai="47" doraHaiUra="17" who="3" fromWho="1" sc="376,0,190,-80,212,0,202,100" /><INIT seed="3,0,0,5,4,118" ten="376,110,212,302" oya="3" hai0="122,68,106,56,82,88,76,72,107,18,45,101,75" hai1="113,10,38,130,57,60,32,87,135,105,115,4,92" hai2="103,43,86,67,104,95,91,35,66,131,64,48,62" hai3="80,44,90,96,112,61,81,78,17,70,30,89,120"/><W108/><G112/><T15/><D68/><U2/><E105/><V73/><F131/><W119/><G119/><T8/><D72/><U41/><E32/><V26/><F73/><W49/><G30/><T98/><D122/><U33/><E33/><V102/><F43/><W9/><G81/><T3/><D3/><U12/><E135/><V133/><F48/><W51/><G51/><T94/><D56/><U34/><E34/><V36/><F103/><W97/><G120/><T83/><D83/><U114/><E130/><V79/><F79/><W126/><G126/><T37/><D37/><U134/><E134/><V125/><F36/><W24/><G70/><T46/><REACH who="0" step="1"/><D107/><REACH who="0" ten="366,110,212,302" step="2"/><U85/><E2/><V39/><F39/><W121/><G80/><T124/><D124/><U23/><E38/><V123/><F123/><W71/><G121/><T127/><D127/><U59/><E115/><V28/><F133/><W29/><G71/><T63/><D63/><U16/><E114/><V1/><F1/><W50/><G61/><T13/><D13/><U132/><E113/><V20/><F125/><W47/><G50/><T74/><D74/><U65/><E132/><V99/><F62/><W22/><G49/><T31/><D31/><U55/><E41/><V77/><F35/><W11/><G29/><T53/><D53/><U0/><E57/><V100/><F104/><W54/><G54/><T110/><D110/><U58/><E58/><V40/><F40/><W93/><G78/><T27/><D27/><U6/><E55/><V42/><F42/><W111/><G24/><T109/><D109/><RYUUKYOKU ba="0,1" sc="366,15,110,-15,212,15,302,-15" hai0="8,15,18,45,46,75,76,82,88,94,98,101,106" hai2="20,26,28,64,66,67,77,86,91,95,99,100,102" /><INIT seed="4,1,1,2,3,32" ten="381,95,227,287" oya="0" hai0="84,11,80,70,21,78,91,49,3,26,18,113,14" hai1="104,132,120,124,42,62,102,41,13,85,35,0,61" hai2="128,34,9,129,7,64,81,126,106,56,58,109,38" hai3="97,90,135,89,67,59,16,114,121,22,30,74,51"/><T79/><D113/><U46/><E35/><V4/><F106/><W15/><G74/><T82/><D70/><U60/><E120/><V39/><F109/><W33/><G121/><T111/><D111/><U71/><E71/><V27/><F126/><W19/><G114/><T123/><D123/><U96/><E124/><V44/><F7/><W8/><G135/><T116/><D116/><U108/><E108/><V28/><F81/><W95/><G33/><T29/><D3/><U17/><E132/><V2/><F64/><W131/><G30/><T112/><D112/><U76/><E0/><V117/><F117/><W12/><G131/><N who="2" m="50249" /><F44/><W69/><G69/><T92/><D80/><U103/><E103/><V53/><F56/><W68/><G68/><T72/><D72/><U24/><E24/><V127/><F127/><W75/><G75/><T119/><D119/><U47/><E47/><V25/><F27/><W107/><G107/><T105/><D105/><U93/><E46/><V37/><F37/><W66/><G90/><T20/><D82/><N who="1" m="47303" /><E104/><V48/><AGARI ba="1,1" hai="2,4,9,25,28,34,38,39,48,53,58" m="50249" machi="48" ten="30,2000,0" yaku="19,1,52,1" doraHai="32" who="2" fromWho="2" sc="381,-11,95,-6,227,33,287,-6" /><INIT seed="5,0,0,2,3,130" ten="370,89,260,281" oya="1" hai0="24,0,110,49,55,37,2,87,102,39,29,41,46" hai1="51,6,115,35,84,126,120,70,96,95,104,114,52" hai2="83,34,12,119,65,133,80,61,89,131,43,124,135" hai3="31,125,8,33,85,100,44,7,128,74,63,132,3"/><U101/><E120/><V32/><F119/><W45/><G128/><T98/><D87/><U117/><E117/><V40/><F131/><W123/><G74/><T106/><D110/><U78/><E70/><V86/><F83/><W48/><G125/><T15/><D15/><U4/><E35/><N who="2" m="13355" /><F12/><W26/><G123/><T116/><D116/><U97/><E126/><V94/><F94/><W91/><G100/><T36/><REACH who="0" step="1"/><D41/><REACH who="0" ten="360,89,260,281" step="2"/><U109/><E109/><V38/><F124/><W62/><G85/><T57/><D57/><U108/><E108/><V103/><F40/><W9/><G45/><T17/><D17/><U50/><E84/><V20/><F43/><W122/><G44/><T81/><D81/><U1/><E78/><V129/><F129/><W82/><G7/><T121/><D121/><U113/><E1/><V10/><F80/><W67/><G3/><T60/><D60/><U127/><E127/><V19/><F61/><W107/><G63/><T79/><D79/><U30/><E30/><V77/><F19/><W59/><G82/><T93/><D93/><U27/><E27/><V5/><F5/><N who="1" m="2153" /><E52/><V92/><F77/><W28/><G26/><T13/><D13/><U112/><N who="1" m="29184" /><DORA hai="64" /><U69/><E69/><V25/><F92/><W66/><G31/><T21/><AGARI ba="0,1" hai="0,2,21,24,29,36,37,39,46,49,55,98,102,106" machi="21" ten="30,2000,0" yaku="1,1,0,1,53,0" doraHai="130,64" doraHaiUra="14,90" who="0" fromWho="0" sc="360,30,89,-10,260,-5,281,-5" /><INIT seed="6,0,0,5,5,131" ten="390,79,255,276" oya="2" hai0="26,96,11,28,111,6,73,36,113,37,55,133,104" hai1="89,114,84,99,69,120,109,81,48,80,38,129,74" hai2="105,40,132,101,107,51,10,34,135,72,5,92,57" hai3="13,20,123,58,117,3,63,97,27,91,76,53,12"/><V59/><F72/><W50/><G3/><T39/><D111/><U15/><E38/><V88/><F34/><W0/><G0/><T127/><D73/><U93/><E69/><V8/><F101/><W119/><G123/><T68/><D68/><U62/><E109/><V23/><F23/><W64/><G76/><T86/><D86/><U102/><E129/><V115/><F115/><W9/><G97/><T130/><D127/><U98/><E114/><V52/><F40/><W32/><G91/><T103/><D113/><U46/><E120/><V75/><F75/><W110/><G13/><T71/><D55/><U125/><E125/><V66/><F66/><W116/><G32/><N who="0" m="20503" /><D71/><U45/><E62/><V87/><F59/><W44/><G110/><T100/><D100/><U82/><E46/><V95/><F95/><W106/><G106/><N who="2" m="40457" /><F5/><W54/><G64/><T60/><D60/><U128/><E128/><V25/><F25/><W29/><G116/><T14/><D130/><U35/><E35/><V43/><F43/><W122/><G122/><T83/><D83/><U31/><E74/><V61/><F61/><W67/><G67/><T108/><D108/><U94/><E31/><V18/><F18/><AGARI ba="0,0" hai="9,12,18,20,27,29,44,50,53,54,58,63,117,119" machi="18" ten="30,1000,0" yaku="7,1" doraHai="131" who="3" fromWho="2" sc="390,0,79,0,255,-10,276,10" /><INIT seed="7,0,0,5,0,52" ten="390,79,245,286" oya="3" hai0="122,48,87,131,120,97,19,109,0,16,6,132,119" hai1="96,56,94,18,78,59,32,37,106,66,99,61,91" hai2="15,115,5,93,117,83,101,103,133,12,70,71,123" hai3="51,4,116,127,84,98,89,7,57,76,102,53,111"/><W46/><G116/><T23/><D87/><U30/><E37/><V17/><F117/><W55/><G127/><T31/><D119/><U33/><E33/><V81/><F115/><W1/><G111/><T22/><D48/><U112/><E78/><V129/><F129/><W50/><G76/><T41/><D41/><U43/><E112/><V29/><F29/><W74/><G74/><T65/><D65/><U28/><E32/><V58/><F133/><W128/><G1/><T62/><D62/><U3/><E3/><V110/><F123/><N who="0" m="47146" /><D97/><U104/><E18/><N who="0" m="6697" /><D131/><U90/><E43/><V126/><F93/><N who="3" m="58703" /><G128/><T92/><D92/><AGARI ba="0,0" hai="4,7,46,50,51,53,55,57,84,89,92" m="58703" machi="92" ten="30,2900,0" yaku="8,1,52,1" doraHai="52" who="3" fromWho="0" sc="390,-29,79,0,245,0,286,29" /><INIT seed="7,1,0,2,0,66" ten="361,79,245,315" oya="3" hai0="44,19,89,74,68,4,47,69,110,67,36,117,114" hai1="121,8,49,29,71,131,16,25,77,96,123,109,91" hai2="125,80,92,53,81,14,10,113,7,93,78,75,35" hai3="34,57,97,0,88,98,55,105,56,85,72,20,58"/><W112/><G34/><T86/><D74/><U11/><E109/><V28/><F113/><W65/><G72/><T43/><D110/><U3/><E77/><V107/><F125/><W26/><G0/><T60/><D117/><U95/><E49/><V82/><F107/><W1/><G1/><T33/><D114/><U133/><E95/><V79/><F35/><W76/><G112/><T134/><D134/><U130/><E96/><N who="3" m="36970" /><G105/><T64/><D4/><U126/><E91/><V62/><F28/><N who="3" m="17479" /><G76/><N who="2" m="29225" /><F75/><W5/><G5/><T120/><D120/><U27/><E71/><V87/><F87/><W124/><G124/><T18/><D33/><U111/><E111/><V127/><F127/><W32/><G32/><T41/><D68/><U2/><E126/><V63/><F53/><W31/><G31/><T106/><D67/><U40/><E40/><V23/><F23/><W90/><G65/><T45/><D106/><U128/><E128/><V84/><F84/><W115/><G115/><T46/><REACH who="0" step="1"/><D43/><REACH who="0" ten="351,79,245,315" step="2"/><U48/><E48/><V116/><F116/><W99/><G99/><T108/><D108/><U132/><REACH who="1" step="1"/><E29/><REACH who="1" ten="351,69,245,315" step="2"/><V51/><F92/><AGARI ba="1,2" hai="18,19,36,41,44,45,46,47,60,64,69,86,89,92" machi="92" ten="40,2600,0" yaku="1,1,52,1,53,0" doraHai="66" doraHaiUra="22" who="0" fromWho="2" sc="351,49,69,0,245,-29,315,0" owari="400,49.0,69,-43.0,216,-18.0,315,12.0" /></mjloggm>