<mjloggm ver="2.3"><GO type="41" lobby="0"/><UN n0="%E5%B0%B1%E6%B4%BB%E7%94%9F%40%E5%B7%9D%E6%9D%91%E8%BB%8D%E5%9B%A3" n1="%E3%83%95%E3%82%A1%E3%83%AA%E3%83%8A" n2="%73%30%74%61" n3="%E3%82%A2%E3%83%88%E3%83%9F%E3%83%83%E3%82%AF" dan="16,13,13,13" rate="2060.69,1889.92,1877.66,1871.50" sx="M,F,M,M"/><TAIKYOKU oya="0"/><INIT seed="0,0,0,4,3,43" ten="250,250,250,250" oya="0" hai0="103,73,26,119,9,33,76,120,106,10,24,83,6" hai1="14,36,110,56,79,127,3,34,94,117,98,116,22" hai2="74,48,52,13,111,75,35,40,63,59,77,18,96" hai3="1,21,129,95,68,64,80,28,114,11,91,65,107"/><T84/><D119/><U16/><E3/><V113/><F113/><W62/><G107/><T12/><D120/><U44/><E110/><V112/><F112/><W86/><G114/><T42/><D33/><U55/><E127/><V27/><F111/><W88/><G129/><T17/><D73/><U131/><E34/><V108/><F108/><W125/><G125/><T69/><D69/><U32/><E32/><V37/><F77/><W100/><G65/><T2/><D106/><U115/><E115/><V128/><F128/><W70/><G100/><T8/><D103/><U41/><E79/><V90/><F37/><W47/><G1/><T61/><D42/><U132/><E132/><V46/><F27/><W101/><G101/><T25/><D61/><U102/><REACH who="1" step="1"/><E131/><REACH who="1" ten="250,240,250,250" step="2"/><V57/><F35/><W0/><G70/><T109/><D109/><U82/><E82/><V134/><F134/><W123/><G123/><T118/><D118/><U135/><E135/><V20/><F75/><W4/><G28/><T126/><D126/><U15/><E15/><V72/><F74/><W5/><G5/><T89/><D76/><U45/><E45/><V23/><F72/><W31/><G47/><T30/><D30/><U87/><E87/><V99/><F90/><W93/><G91/><T67/><D67/><U105/><E105/><V51/><F96/><W122/><G122/><T66/><D66/><U50/><AGARI ba="0,1" hai="14,16,22,36,41,44,50,55,56,94,98,102,116,117" machi="50" ten="20,8000,1" yaku="1,1,0,1,7,1,52,1,54,1,53,0" doraHai="43" doraHaiUra="85" who="1" fromWho="1" sc="250,-40,240,90,250,-20,250,-20" /><INIT seed="1,0,0,5,4,31" ten="210,330,230,230" oya="1" hai0="63,65,24,0,68,76,29,74,57,33,129,134,52" hai1="3,11,59,96,70,73,18,78,61,89,8,121,43" hai2="98,102,83,56,79,50,104,109,9,49,17,36,64" hai3="100,27,88,93,5,81,123,113,82,106,94,1,54"/><U20/><E121/><V127/><F36/><W122/><G113/><T55/><D0/><U12/><E70/><V25/><F109/><W46/><G1/><T21/><D129/><U66/><E43/><V97/><F127/><W111/><G5/><T4/><D134/><U39/><E39/><V126/><F126/><W95/><G111/><T84/><D74/><U26/><E3/><V60/><F98/><W103/><G27/><T117/><D117/><U72/><E11/><V115/><F115/><W112/><G112/><T92/><D4/><U10/><E10/><V69/><F56/><W13/><G13/><T23/><D55/><U32/><E32/><V90/><F90/><W47/><G54/><T77/><D77/><U44/><E44/><V120/><F120/><N who="3" m="46123" /><G47/><T116/><D116/><U42/><E42/><V124/><F124/><W119/><G46/><T125/><D125/><U45/><E45/><V105/><F104/><W133/><G119/><T87/><D84/><U37/><E37/><V67/><F64/><W30/><G30/><T85/><D87/><U19/><E78/><V71/><F69/><W128/><G133/><T58/><D68/><U101/><REACH who="1" step="1"/><E89/><REACH who="1" ten="210,320,230,230" step="2"/><V34/><F9/><W107/><G88/><N who="0" m="53263" /><D76/><U35/><E35/><V53/><F34/><W7/><G128/><T6/><D6/><U28/><E28/><V16/><F71/><W110/><G7/><T135/><D135/><U80/><E80/><N who="3" m="30826" /><G110/><T99/><D33/><U51/><E51/><V108/><F50/><W14/><G14/><T132/><D132/><U15/><E15/><V22/><F49/><RYUUKYOKU ba="0,1" sc="210,-15,320,15,230,-15,230,15" hai1="8,12,18,19,20,26,59,61,66,72,73,96,101" hai3="93,94,95,100,103,106,107" /><INIT seed="1,1,1,0,2,47" ten="195,335,215,245" oya="1" hai0="110,80,18,106,92,75,45,81,12,111,27,94,129" hai1="60,93,51,105,116,19,58,95,124,118,21,100,128" hai2="73,69,20,53,78,24,38,46,0,31,10,88,131" hai3="36,65,98,64,11,108,28,72,22,32,97,127,71"/><U25/><E124/><V120/><F120/><W103/><G72/><T89/><D27/><U79/><E128/><V126/><F131/><W86/><G36/><T119/><D129/><U8/><E79/><V42/><F126/><W35/><G11/><T91/><D119/><U23/><E8/><V39/><F53/><W15/><G127/><T134/><D134/><U125/><E125/><V132/><F132/><W107/><G108/><N who="0" m="41515" /><D45/><U99/><E23/><V37/><F69/><W30/><G86/><N who="0" m="52279" /><D75/><U16/><E19/><V133/><F133/><W50/><G15/><T117/><D117/><U68/><E116/><V13/><F13/><W57/><G22/><N who="0" m="11591" /><D106/><U135/><E118/><V70/><F70/><W26/><G98/><AGARI ba="1,1" hai="80,81,91,94,98" m="11591,52279,41515" machi="98" ten="30,1000,0" yaku="14,1" doraHai="47" who="0" fromWho="3" sc="195,23,335,0,215,0,245,-13" /><INIT seed="2,0,0,5,3,11" ten="218,335,215,232" oya="2" hai0="37,107,38,100,85,120,110,36,47,86,28,75,46" hai1="68,92,83,6,57,19,109,17,116,50,119,103,79" hai2="14,44,64,26,7,70,18,4,59,71,32,131,5" hai3="60,3,93,25,118,127,95,53,113,62,63,111,40"/><V27/><F32/><W61/><G118/><T133/><D75/><U55/><E68/><V122/><F122/><W34/><G3/><T106/><D120/><U89/><E109/><V129/><F71/><W20/><G111/><T98/><D110/><U23/><E103/><V24/><F70/><W76/><G113/><T132/><D28/><U121/><E121/><V94/><F44/><N who="0" m="16938" /><D100/><U65/><E65/><V13/><F18/><W105/><G105/><N who="0" m="39947" /><D98/><U2/><E2/><V52/><F94/><W124/><G40/><T99/><D99/><U33/><E33/><V97/><F97/><W117/><G117/><T115/><D115/><U42/><E42/><V0/><F0/><W56/><G76/><T96/><D96/><N who="1" m="57359" /><E116/><V87/><F87/><AGARI ba="0,0" hai="36,37,38,85,86,87,132,133" m="39947,16938" machi="87" ten="40,2600,0" yaku="28,2" doraHai="11" who="0" fromWho="2" sc="218,26,335,0,215,-26,232,0" /><INIT seed="3,0,0,4,0,42" ten="244,335,189,232" oya="3" hai0="135,79,75,50,106,52,116,110,21,4,104,102,119" hai1="6,118,121,11,32,45,63,127,103,114,20,88,28" hai2="2,58,69,130,92,123,84,65,78,29,7,80,82" hai3="87,90,19,83,15,115,132,35,107,9,86,8,26"/><W3/><G115/><T1/><D110/><U5/><E114/><V73/><F69/><W13/><G107/><T98/><D135/><U41/><E121/><V122/><F29/><W94/><G132/><T46/><D106/><U22/><E118/><V23/><F92/><W120/><G120/><N who="2" m="46121" /><F23/><W27/><G35/><T133/><D133/><U43/><E103/><V66/><F58/><W96/><G3/><T0/><D0/><U62/><E127/><V44/><F2/><W67/><G67/><T74/><D21/><U48/><E32/><V111/><F7/><N who="1" m="2569" /><E11/><V109/><F130/><W40/><G40/><T134/><D134/><U93/><E41/><V105/><F105/><W47/><G47/><T39/><D39/><U68/><E68/><V89/><F111/><W55/><G55/><T76/><D76/><U14/><E20/><V72/><F72/><W25/><G83/><T30/><D30/><U36/><E36/><V77/><F77/><W54/><REACH who="3" step="1"/><G54/><REACH who="3" ten="244,335,189,222" step="2"/><T131/><D131/><U24/><E14/><V117/><F109/><W113/><G113/><T37/><D37/><U99/><AGARI ba="0,1" hai="22,24,28,43,45,48,62,63,88,93,99" m="2569" machi="99" ten="30,4000,0" yaku="8,1,52,1,54,1" doraHai="42" who="1" fromWho="1" sc="244,-10,335,50,189,-10,222,-20" /><INIT seed="4,0,0,2,3,44" ten="234,385,179,202" oya="0" hai0="118,16,117,131,53,18,111,10,97,55,113,4,0" hai1="47,88,129,134,17,39,85,29,109,34,95,41,56" hai2="122,73,57,50,36,70,21,66,42,71,86,75,101" hai3="67,20,32,59,87,74,120,98,62,96,69,123,23"/><T65/><D111/><U24/><E109/><V43/><F122/><N who="3" m="46635" /><G74/><T7/><D113/><U133/><E129/><V51/><F101/><W121/><G32/><T22/><D131/><U49/><E17/><V94/><F21/><N who="3" m="8267" /><G121/><T11/><D65/><U60/><REACH who="1" step="1"/><E39/><REACH who="1" ten="234,375,179,202" step="2"/><V5/><F36/><W38/><G38/><T1/><D22/><U3/><E3/><V13/><F5/><W58/><G87/><T14/><D14/><U30/><E30/><V116/><F86/><W135/><G135/><T77/><D77/><U12/><E12/><V37/><F37/><W115/><G115/><T100/><D100/><U110/><E110/><V78/><F13/><W89/><G89/><T124/><REACH who="0" step="1"/><D97/><AGARI ba="0,1" hai="58,59,62,67,69,96,97,98" m="8267,46635" machi="97" ten="30,1000,0" yaku="13,1" doraHai="44" who="3" fromWho="0" sc="234,-10,375,0,179,0,202,20" /><INIT seed="5,0,0,1,0,80" ten="224,375,179,222" oya="1" hai0="121,125,117,126,115,77,110,128,27,107,40,78,88" hai1="29,43,7,134,4,65,37,71,53,24,10,135,79" hai2="120,72,44,90,30,89,95,83,104,58,91,112,74" hai3="132,19,13,130,127,31,60,76,21,66,25,68,8"/><U22/><E71/><V96/><F120/><W106/><G106/><T114/><D40/><U23/><E79/><N who="0" m="30217" /><D27/><N who="1" m="16631" /><E65/><V14/><F30/><W124/><G132/><N who="1" m="50730" /><E53/><V116/><F116/><W129/><REACH who="3" step="1"/><G76/><REACH who="3" ten="224,375,179,212" step="2"/><T119/><D107/><U33/><E37/><V64/><F104/><W0/><G0/><T50/><D121/><U16/><E43/><V9/><F74/><W11/><G11/><T86/><D110/><U2/><E7/><V111/><F111/><W57/><G57/><T49/><D128/><AGARI ba="0,1" hai="8,13,19,21,25,31,60,66,68,124,127,128,129,130" machi="128" ten="40,2600,0" yaku="1,1,19,1,53,0" doraHai="80" doraHaiUra="46" who="3" fromWho="0" sc="224,-26,375,0,179,0,212,36" /><INIT seed="6,0,0,2,4,72" ten="198,375,179,248" oya="2" hai0="113,86,85,127,5,87,88,14,51,114,38,39,75" hai1="116,121,27,134,53,50,3,0,110,103,82,78,67" hai2="30,40,97,105,89,2,93,10,4,131,28,94,90" hai3="58,45,132,120,122,42,55,70,117,135,83,18,95"/><V29/><F131/><W57/><G95/><T111/><D111/><U61/><E110/><V91/><REACH who="2" step="1"/><F40/><REACH who="2" ten="198,375,169,248" step="2"/><W98/><G117/><T129/><D129/><U23/><E116/><V84/><F84/><W62/><G98/><T71/><D71/><U106/><E121/><V80/><F80/><W26/><G70/><T112/><D75/><U37/><E37/><N who="0" m="13833" /><D127/><U17/><E82/><V24/><F24/><W102/><G122/><T66/><D66/><U35/><E67/><V12/><F12/><W8/><G120/><T56/><D14/><U48/><E27/><V65/><F65/><W36/><G102/><AGARI ba="0,1" hai="2,4,10,28,29,30,89,90,91,93,94,97,102,105" machi="102" ten="40,2000,0" yaku="1,1,53,0" doraHai="72" doraHaiUra="52" who="2" fromWho="3" sc="198,0,375,0,169,30,248,-20" /><INIT seed="6,1,0,0,0,125" ten="198,375,199,228" oya="2" hai0="129,106,84,82,133,13,44,118,57,77,22,70,16" hai1="101,5,116,123,134,3,15,83,107,20,72,103,132" hai2="8,86,2,33,21,17,114,9,73,12,99,88,79" hai3="54,29,31,112,45,127,87,97,46,51,11,111,74"/><V94/><F114/><W59/><G74/><T25/><D70/><U35/><E116/><V104/><F33/><W58/><G127/><T105/><D118/><U93/><E35/><V65/><F65/><W63/><G111/><T128/><D133/><U56/><E123/><V41/><F41/><W121/><G121/><T32/><D44/><U26/><E3/><V120/><F2/><W50/><G112/><T42/><D42/><U90/><E107/><V52/><F52/><W6/><G97/><T135/><D135/><N who="1" m="51755" /><E56/><V1/><F1/><W92/><G92/><T80/><D57/><U24/><E72/><V55/><F55/><N who="3" m="30159" /><G87/><T126/><D126/><U28/><E83/><N who="2" m="45551" /><F120/><W109/><G59/><T122/><D122/><U48/><E48/><V91/><F91/><W40/><G109/><T95/><D95/><U102/><E90/><V113/><F113/><W19/><G6/><T30/><REACH who="0" step="1"/><D80/><REACH who="0" ten="188,375,199,228" step="2"/><U76/><E93/><V0/><F104/><AGARI ba="1,1" hai="13,16,22,25,30,32,77,82,84,104,105,106,128,129" machi="104" ten="40,8000,1" yaku="1,1,2,1,52,2,54,1,53,0" doraHai="125" doraHaiUra="110" who="0" fromWho="2" sc="188,93,375,0,199,-83,228,0" /><INIT seed="7,0,0,3,0,37" ten="281,375,116,228" oya="3" hai0="29,98,48,30,76,57,125,91,0,60,77,2,124" hai1="105,43,4,115,101,113,122,123,108,134,45,25,52" hai2="84,95,5,104,86,19,64,61,9,39,40,28,107" hai3="67,112,116,75,66,7,12,38,120,44,27,23,109"/><W10/><G120/><T17/><D48/><N who="1" m="28687" /><E134/><V54/><F28/><N who="0" m="10858" /><D91/><U69/><E69/><V72/><F72/><W119/><G75/><T56/><D98/><N who="1" m="61623" /><E108/><V110/><F110/><W130/><G109/><T106/><D106/><U34/><E4/><V82/><F19/><W133/><G133/><T83/><D83/><U129/><E129/><V47/><F54/><W1/><G130/><T93/><D93/><U118/><E118/><V11/><F11/><W103/><G1/><N who="0" m="619" /><D17/><U59/><E43/><V71/><F95/><W3/><G3/><T33/><D33/><U96/><E96/><V22/><F22/><W6/><G119/><T36/><D36/><U35/><E59/><N who="0" m="22601" /><D60/><U41/><E41/><V111/><F111/><W92/><G116/><T74/><D74/><U14/><E122/><V20/><F20/><W26/><G6/><T62/><D62/><U24/><E123/><V102/><F102/><W53/><G38/><T31/><D31/><U128/><E128/><V126/><F126/><AGARI ba="0,0" hai="76,77,124,125,126" m="22601,619,10858" machi="126" ten="40,5200,0" yaku="28,2,18,1" doraHai="37" who="0" fromWho="2" sc="281,52,375,0,116,-52,228,0" owari="333,13.0,375,48.0,64,-44.0,228,-17.0" /></mjloggm>