<mjloggm ver="2.3"><GO type="97" lobby="0"/><UN n0="%E5%B9%B8%E5%AD%90%E3%81%8C%E4%B8%80%E7%95%AA" n1="%EF%BC%88%EF%BC%BE%E2%88%80%EF%BC%BE%EF%BC%89" n2="%E5%B0%B1%E6%B4%BB%E7%94%9F%40%E5%B7%9D%E6%9D%91%E8%BB%8D%E5%9B%A3" n3="%E5%A7%89%E5%B8%AF%E8%B1%8A%E9%9F%B3%40%E5%85%AD%E6%9B%9C" dan="14,15,15,15" rate="1948.85,1970.82,2088.04,1932.41" sx="M,M,M,F"/><TAIKYOKU oya="0"/><INIT seed="0,0,0,4,2,102" ten="250,250,250,250" oya="0" hai0="4,68,109,54,128,3,92,118,19,60,121,49,122" hai1="103,131,119,18,53,48,83,113,46,5,99,80,84" hai2="37,66,104,8,96,36,52,33,85,74,134,64,31" hai3="45,41,82,47,63,1,89,62,51,25,32,9,67"/><T50/><D118/><U56/><E119/><V0/><F74/><W133/><G133/><T73/><D128/><U108/><E131/><V65/><F134/><W86/><G67/><T24/><D73/><U106/><E108/><V10/><F33/><W127/><G127/><T97/><D109/><U115/><E5/><V107/><F31/><W123/><G123/><T43/><D43/><U71/><E71/><V75/><F75/><W29/><G1/><T16/><D50/><U100/><E18/><V111/><F111/><W91/><G9/><N who="2" m="3689" /><F85/><W17/><G17/><T57/><D19/><U55/><E100/><V34/><F34/><W12/><G12/><T124/><D124/><U14/><E14/><V94/><F94/><W72/><G72/><T69/><D4/><U27/><E27/><V30/><F30/><W112/><G112/><T21/><D3/><U78/><REACH who="1" step="1"/><E83/><REACH who="1" ten="250,240,250,250" step="2"/><V98/><F0/><W44/><G25/><T120/><REACH who="0" step="1"/><D49/><AGARI ba="0,1" hai="46,48,49,53,55,56,78,80,84,99,103,106,113,115" machi="49" ten="40,5200,0" yaku="1,1,2,1,52,1,53,0" doraHai="102" doraHaiUra="114" who="1" fromWho="0" sc="250,-52,240,62,250,0,250,0" /><INIT seed="1,0,0,4,0,0" ten="198,302,250,250" oya="1" hai0="27,131,7,41,40,125,82,70,122,85,23,66,124" hai1="65,4,48,78,108,95,77,29,126,71,104,97,99" hai2="16,135,26,87,113,79,91,96,68,105,6,89,60" hai3="74,107,25,8,42,103,35,118,92,75,112,73,10"/><U2/><E126/><N who="0" m="48745" /><D122/><U13/><E2/><V114/><F135/><W15/><G8/><T11/><D131/><U111/><E29/><V36/><F36/><W88/><G112/><N who="2" m="43113" /><F79/><W9/><G118/><T86/><D70/><U44/><E104/><V119/><F119/><W58/><G42/><N who="0" m="16491" /><D66/><U21/><E21/><N who="2" m="13607" /><F6/><W115/><G115/><T90/><D85/><U33/><E33/><V101/><F87/><W43/><G9/><T133/><D133/><U54/><E97/><V3/><F3/><W102/><G107/><T47/><D47/><U63/><E99/><V120/><F120/><W72/><G74/><T17/><D11/><N who="1" m="4327" /><E95/><V52/><F68/><W31/><G43/><T38/><D7/><U123/><E123/><V50/><F60/><W100/><G58/><AGARI ba="0,0" hai="50,52,58,89,91,96,101,105" m="13607,43113" machi="58" ten="30,3900,0" yaku="11,1,54,2" doraHai="0" who="2" fromWho="3" sc="198,0,302,0,250,39,250,-39" /><INIT seed="2,0,0,5,0,86" ten="198,302,289,211" oya="2" hai0="94,111,76,115,107,78,62,89,18,92,17,135,40" hai1="85,126,0,32,108,37,101,52,15,95,57,22,112" hai2="64,31,28,20,68,103,23,125,96,4,51,11,72" hai3="127,35,6,88,104,44,47,26,9,34,58,21,50"/><V73/><F125/><W42/><G104/><T79/><D107/><U84/><E0/><V14/><F68/><W59/><G127/><T10/><D115/><U49/><E32/><V120/><F120/><W82/><G34/><T123/><D135/><U63/><E112/><V29/><F64/><W130/><G35/><T12/><D123/><U81/><E37/><V16/><F51/><W109/><G109/><T2/><D111/><U46/><E126/><V133/><F133/><W83/><G47/><T87/><D2/><U80/><E108/><V33/><F33/><W61/><G130/><T69/><D40/><U91/><E101/><V102/><F102/><W27/><G27/><T60/><D69/><U110/><E110/><V3/><REACH who="2" step="1"/><F23/><REACH who="2" ten="198,302,279,211" step="2"/><W48/><G48/><T128/><D128/><U19/><REACH who="1" step="1"/><E85/><REACH who="1" ten="198,292,279,211" step="2"/><V129/><F129/><W24/><G61/><T71/><D62/><U5/><E5/><V113/><F113/><W116/><G6/><N who="0" m="3159" /><D60/><U39/><E39/><V30/><N who="2" m="7680" /><DORA hai="66" /><V67/><F67/><AGARI ba="0,2" hai="15,19,22,46,49,52,57,63,67,80,81,84,91,95" machi="67" ten="30,12000,2" yaku="1,1,7,1,8,1,52,1,54,1,53,1" doraHai="86,66" doraHaiUra="99,90" who="1" fromWho="2" sc="198,0,292,140,279,-120,211,0" /><INIT seed="3,0,0,5,2,0" ten="198,432,159,211" oya="3" hai0="89,59,39,114,46,4,18,67,69,22,92,127,31" hai1="43,122,58,72,124,1,111,8,11,9,19,126,66" hai2="80,64,40,85,117,132,90,42,57,36,33,56,110" hai3="28,17,50,88,129,120,103,23,60,119,32,10,86"/><W34/><G34/><T68/><D127/><N who="1" m="48683" /><E122/><V6/><F117/><W54/><G120/><T75/><D75/><U16/><E72/><V21/><F33/><W55/><G32/><T78/><D31/><U65/><E1/><V74/><F74/><W62/><G103/><T13/><D4/><U82/><E111/><V101/><F110/><W61/><G129/><T93/><D93/><U52/><E82/><V131/><F132/><W135/><G135/><T112/><D78/><U38/><E43/><V30/><F131/><W7/><G28/><T133/><D133/><U115/><E38/><V47/><F101/><W99/><G99/><N who="0" m="57743" /><D46/><U15/><E115/><N who="0" m="44073" /><D39/><U63/><E19/><V81/><F42/><W83/><G50/><T51/><D51/><U12/><E12/><V130/><F130/><W96/><G96/><T27/><D27/><U84/><E84/><V53/><F80/><W98/><G98/><T14/><D14/><U29/><E29/><V105/><F105/><W95/><G83/><T91/><D91/><U5/><E5/><V70/><F6/><W125/><G125/><T44/><D44/><U100/><E100/><V123/><F123/><W97/><G97/><T71/><D71/><U76/><E76/><V25/><REACH who="2" step="1"/><F53/><REACH who="2" ten="198,432,149,211" step="2"/><N who="3" m="19979" /><G119/><T121/><D121/><U20/><AGARI ba="0,1" hai="8,9,11,15,16,20,52,58,63,65,66" m="48683" machi="20" ten="30,4000,0" yaku="18,1,54,2" doraHai="0" who="1" fromWho="1" sc="198,-10,432,50,149,-10,211,-20" owari="188,-21.0,482,58.0,139,-36.0,191,-1.0" /></mjloggm>