<mjloggm ver="2.3"><GO type="41" lobby="0"/><UN n0="%E3%83%80%E3%83%9E%E3%83%86%E3%83%B3" n1="%E5%8D%8A%E3%82%AA%E3%82%AB%E3%83%AB%E3%83%88" n2="%E5%B0%B1%E6%B4%BB%E7%94%9F%40%E5%B7%9D%E6%9D%91%E8%BB%8D%E5%9B%A3" n3="%63%6C%6F%6F%77%64%6F" dan="14,14,15,15" rate="1918.86,1923.59,1994.18,2061.67" sx="M,M,M,M"/><TAIKYOKU oya="0"/><INIT seed="0,0,0,3,0,14" ten="250,250,250,250" oya="0" hai0="68,108,115,13,117,135,56,65,10,72,98,20,113" hai1="90,124,26,29,34,100,32,118,89,36,57,64,116" hai2="5,84,8,125,58,128,134,43,76,131,95,85,23" hai3="78,37,50,77,130,53,63,126,62,111,127,47,51"/><T42/><D117/><U27/><E36/><V93/><F125/><N who="3" m="47627" /><G78/><T103/><D68/><U119/><E100/><V11/><F134/><W88/><G77/><T109/><D72/><U54/><E64/><V92/><F76/><W49/><G111/><N who="0" m="42571" /><D42/><U33/><E124/><V73/><F73/><W71/><G130/><N who="2" m="49705" /><F43/><N who="3" m="23023" /><G88/><T101/><D20/><U46/><E46/><V22/><F58/><N who="3" m="35151" /><G63/><N who="0" m="38119" /><D135/><U120/><E120/><V132/><F132/><W44/><G71/><T35/><D35/><U3/><E34/><V82/><F11/><W79/><G79/><T1/><D1/><U45/><E3/><N who="2" m="63" /><F82/><W7/><G7/><N who="0" m="3295" /><D101/><U4/><E4/><V97/><F97/><W41/><AGARI ba="0,0" hai="41,44,49,50,51" m="35151,23023,47627" machi="41" ten="30,4000,0" yaku="18,1,34,2" doraHai="14" who="3" fromWho="3" sc="250,-20,250,-10,250,-10,250,40" /><INIT seed="1,0,0,0,5,7" ten="230,240,240,290" oya="1" hai0="9,50,12,132,74,103,54,55,73,98,39,17,10" hai1="126,42,106,21,95,49,44,32,78,117,31,27,43" hai2="38,111,48,75,122,22,62,25,60,29,68,101,130" hai3="110,53,85,86,63,72,37,80,16,40,108,52,91"/><U34/><E106/><V100/><F38/><W15/><G72/><T70/><D39/><U107/><E107/><V135/><F75/><W56/><G37/><T120/><D70/><U24/><E117/><V8/><F122/><W69/><G40/><T0/><D120/><U2/><E2/><V36/><F36/><W4/><G4/><T134/><D73/><U57/><E78/><V82/><F130/><W41/><G41/><T94/><D74/><U51/><E126/><V71/><F135/><N who="0" m="51754" /><D50/><U124/><E124/><V83/><F111/><N who="3" m="42539" /><G69/><T66/><D66/><U89/><E57/><V23/><F48/><W30/><G30/><T109/><D109/><U128/><E128/><V35/><F35/><W1/><G1/><T28/><D28/><U5/><E5/><AGARI ba="0,0" hai="0,5,9,10,12,17,54,55,94,98,103" m="51754" machi="5" ten="30,3900,0" yaku="20,1,52,2" doraHai="7" who="0" fromWho="1" sc="230,39,240,-39,240,0,290,0" /><INIT seed="2,0,0,1,2,106" ten="269,201,240,290" oya="2" hai0="8,114,119,21,121,32,49,64,99,41,51,26,66" hai1="9,103,6,85,36,129,18,108,84,132,28,60,30" hai2="111,101,35,3,57,120,78,77,124,59,69,126,42" hai3="83,16,91,29,48,76,87,55,130,12,65,79,47"/><V75/><F69/><W54/><G130/><T20/><D114/><U37/><E18/><V5/><F35/><W96/><G65/><T123/><D32/><U128/><E103/><V52/><F120/><W70/><G70/><T1/><D99/><U14/><E60/><V4/><F101/><W104/><G29/><N who="1" m="11370" /><E132/><V13/><F42/><W43/><G104/><T118/><D1/><U0/><E14/><V7/><F3/><W74/><G96/><T61/><D61/><U40/><E85/><V53/><F13/><W109/><G109/><T125/><D8/><U56/><E56/><N who="2" m="21579" /><F75/><W122/><G122/><T24/><REACH who="0" step="1"/><D41/><REACH who="0" ten="259,201,240,290" step="2"/><U113/><E40/><V63/><F63/><W117/><G117/><T50/><D50/><U116/><E113/><V105/><F105/><W34/><G34/><T11/><D11/><U92/><E116/><V98/><F98/><W86/><G43/><T10/><D10/><U127/><E108/><V45/><F111/><W39/><G48/><T68/><D68/><U58/><E58/><V90/><F45/><W134/><G47/><T133/><D133/><U62/><E62/><V88/><F124/><AGARI ba="0,1" hai="20,21,24,26,49,51,64,66,118,119,121,123,124,125" machi="124" ten="25,3200,0" yaku="1,1,22,2,53,0" doraHai="106" doraHaiUra="94" who="0" fromWho="2" sc="259,42,201,0,240,-32,290,0" /><INIT seed="3,0,0,4,5,108" ten="301,201,208,290" oya="3" hai0="75,38,7,127,68,124,3,106,8,99,126,83,114" hai1="67,134,71,47,94,0,111,56,36,35,82,64,10" hai2="65,128,37,62,97,5,69,31,43,135,109,51,54" hai3="79,16,19,104,57,80,133,86,117,91,100,121,25"/><W92/><G121/><T33/><D33/><U1/><E71/><V14/><F109/><W81/><G117/><T89/><D68/><U110/><E56/><V115/><F128/><W98/><G133/><T116/><D116/><U85/><E35/><V84/><F135/><W63/><G25/><T122/><D122/><U40/><E94/><V101/><F31/><W50/><G50/><T118/><D118/><U113/><E85/><V88/><F43/><W46/><G46/><T72/><D38/><U12/><E82/><V11/><F37/><W32/><G32/><T13/><D13/><U53/><E36/><V55/><F115/><W70/><G70/><T34/><D34/><U76/><E76/><V112/><F112/><W2/><G2/><T125/><N who="0" m="31744" /><DORA hai="129" /><T60/><D60/><U17/><E17/><V59/><F55/><W96/><REACH who="3" step="1"/><G81/><REACH who="3" ten="301,201,208,280" step="2"/><T74/><D114/><U61/><E113/><V9/><F14/><W49/><G49/><T52/><D83/><U39/><E39/><V66/><F51/><W87/><G87/><T6/><D72/><U123/><E123/><V18/><F84/><W24/><G24/><T102/><D74/><U77/><E110/><V22/><F69/><W120/><G120/><T21/><D75/><U45/><E111/><V58/><F58/><W105/><G105/><T4/><D3/><U28/><E0/><V73/><F59/><W29/><G29/><T23/><D106/><U44/><E1/><V107/><F73/><W26/><G26/><T27/><D27/><U41/><E47/><V15/><F107/><W90/><G90/><RYUUKYOKU ba="0,1" sc="301,-10,201,-10,208,-10,280,30" hai3="16,19,57,63,79,80,86,91,92,96,98,100,104" /><INIT seed="3,1,1,3,1,62" ten="291,191,198,310" oya="3" hai0="43,69,94,97,39,112,0,41,67,71,33,131,114" hai1="91,89,30,13,31,102,9,73,51,25,124,28,109" hai2="36,108,16,113,123,121,1,58,77,126,76,74,111" hai3="81,75,133,72,23,32,38,34,127,65,59,125,128"/><W4/><G38/><T70/><D33/><U86/><E73/><V50/><F36/><W90/><G4/><T82/><D0/><U48/><E102/><V120/><F1/><W46/><G46/><T66/><D82/><U98/><E25/><V45/><F113/><N who="0" m="43626" /><D131/><U122/><E124/><N who="3" m="47690" /><G128/><T5/><D5/><N who="1" m="3247" /><E109/><N who="2" m="42059" /><F126/><W68/><G68/><N who="0" m="17411" /><T64/><DORA hai="37" /><D39/><U87/><E122/><V103/><F103/><AGARI ba="1,1" hai="41,43,64,66,67,94,97,103" m="17411,43626" machi="103" ten="50,12000,2" yaku="11,1,52,5" doraHai="62,37" who="0" fromWho="2" sc="291,133,191,0,198,-123,310,0" /><INIT seed="4,0,0,4,2,50" ten="424,191,75,310" oya="0" hai0="4,26,72,16,106,30,35,109,37,44,66,79,28" hai1="78,21,98,122,22,80,7,33,134,102,11,69,63" hai2="97,100,64,27,2,42,38,54,15,6,46,70,133" hai3="76,9,8,131,55,1,20,13,107,68,43,45,77"/><T101/><D109/><U40/><E33/><V71/><F133/><W0/><G68/><T110/><D110/><U94/><E122/><V18/><F2/><W5/><G107/><T113/><D113/><U86/><E40/><V104/><F6/><W130/><G0/><T118/><D4/><U36/><E36/><V119/><F119/><W87/><G20/><T93/><D118/><U24/><E24/><V89/><F64/><W115/><G115/><T83/><D106/><U74/><E134/><V132/><F132/><W41/><G41/><T91/><D101/><U12/><E69/><V58/><F27/><W116/><G116/><T19/><D66/><U81/><REACH who="1" step="1"/><E63/><REACH who="1" ten="424,181,75,310" step="2"/><V120/><F120/><W10/><G43/><T85/><D30/><U3/><E3/><V39/><F39/><W65/><G1/><T48/><REACH who="0" step="1"/><D37/><REACH who="0" ten="414,181,75,310" step="2"/><U99/><E99/><V127/><F127/><W47/><G131/><T49/><D49/><U135/><E135/><V17/><F17/><W82/><G130/><T56/><D56/><U31/><E31/><V123/><F123/><W124/><G5/><T128/><D128/><U61/><E61/><V29/><F29/><W108/><G108/><T51/><D51/><U52/><E52/><AGARI ba="0,2" hai="16,19,26,28,35,44,48,52,72,79,83,85,91,93" machi="52" ten="30,18000,2" yaku="1,1,7,1,52,1,54,2,53,1" doraHai="50" doraHaiUra="84" who="0" fromWho="1" sc="414,200,181,-180,75,0,310,0" /><INIT seed="4,1,0,2,4,84" ten="614,1,75,310" oya="0" hai0="104,116,45,0,48,92,41,65,26,21,24,125,52" hai1="111,99,89,88,93,133,69,23,98,105,75,82,49" hai2="2,35,68,106,27,101,94,44,113,122,127,22,16" hai3="34,62,76,128,55,90,119,70,115,123,87,7,1"/><T20/><D104/><U47/><E69/><V56/><F106/><W31/><G123/><T37/><D116/><U4/><E111/><V42/><F68/><W108/><G76/><T15/><D0/><U96/><E133/><V40/><F2/><W72/><G72/><T63/><D125/><U67/><E67/><V5/><F5/><W66/><G108/><T77/><D77/><N who="1" m="44351" /><E4/><V64/><F122/><W126/><G55/><T109/><D109/><U46/><E47/><V6/><F6/><W25/><G7/><T81/><D81/><U18/><E18/><V110/><F35/><W10/><G1/><T17/><D20/><U114/><E23/><V57/><F127/><W129/><G66/><T50/><D50/><U13/><E13/><V83/><F83/><W124/><G62/><T19/><D19/><U102/><E46/><V112/><F110/><W32/><G10/><T33/><D33/><U36/><E49/><V14/><F14/><W107/><G25/><T135/><D135/><U60/><E36/><V38/><F42/><W30/><G70/><T80/><D80/><U85/><E60/><V8/><F8/><W12/><G12/><T73/><D73/><U130/><E130/><V95/><F95/><W28/><G129/><T120/><D120/><U91/><E114/><N who="2" m="44139" /><F64/><W3/><G128/><T61/><D61/><U78/><E78/><V100/><F94/><W86/><G115/><T131/><D92/><U79/><E79/><V71/><F71/><W11/><G126/><T39/><D131/><U51/><E51/><V121/><F121/><W74/><G124/><RYUUKYOKU ba="1,0" sc="614,-15,1,15,75,15,310,-15" hai1="85,88,89,91,93,96,98,99,102,105" hai2="16,22,27,38,40,44,56,57,100,101" /><INIT seed="5,2,0,5,3,56" ten="599,16,90,295" oya="1" hai0="90,122,57,50,48,70,101,117,44,54,111,106,59" hai1="10,24,4,82,17,0,49,43,81,99,74,21,77" hai2="135,32,37,41,20,42,91,13,100,45,97,35,62" hai3="1,15,95,113,73,28,58,39,130,80,105,51,115"/><U86/><E99/><V89/><F135/><W34/><G105/><T5/><D106/><U46/><E81/><V103/><F97/><W64/><G1/><T38/><D101/><U55/><E55/><V129/><F129/><W40/><G39/><T127/><D5/><U18/><REACH who="1" step="1"/><E74/><REACH who="1" ten="599,6,90,295" step="2"/><V118/><F103/><W79/><G80/><T29/><D54/><U6/><E6/><V112/><F100/><W132/><G73/><T84/><D84/><U121/><E121/><V67/><F91/><W114/><G113/><T60/><D122/><U2/><E2/><V75/><F89/><W93/><G114/><T22/><D117/><U128/><E128/><V65/><F112/><W19/><G130/><T102/><D102/><U126/><E126/><V69/><F118/><W78/><G115/><T26/><D127/><U110/><E110/><V63/><F75/><W72/><G72/><T8/><D111/><U116/><E116/><V31/><F42/><W83/><G83/><T88/><D90/><U107/><E107/><V66/><F66/><W104/><G40/><T47/><D88/><U119/><E119/><V85/><F85/><W134/><G104/><T124/><D124/><U14/><E14/><V23/><F13/><W27/><G15/><T52/><D52/><U36/><E36/><V131/><F131/><W68/><G64/><T9/><D26/><U61/><E61/><V25/><F32/><W16/><G27/><T3/><D60/><U71/><E71/><AGARI ba="2,1" hai="20,23,25,31,35,37,41,45,62,63,65,67,69,71" machi="71" ten="30,7700,0" yaku="7,1,9,1,52,2" doraHai="56" who="2" fromWho="1" sc="599,0,6,-83,90,93,295,0" owari="599,70.0,-77,-58.0,183,-22.0,295,10.0" /></mjloggm>