<mjloggm ver="2.3"><GO type="97" lobby="0"/><UN n0="%E3%81%84%E3%81%8D%E3%81%97%E3%81%A1" n1="%E4%B8%80%E4%B8%80%E4%B8%80" n2="%E3%83%88%E3%83%88%E3%83%AA%E5%85%88%E7%94%9F%31%39%E6%AD%B3" n3="%E3%81%B3%E3%81%A3%E3%81%8F%E3%82%8B" dan="14,13,15,15" rate="1912.35,1823.25,2030.95,1987.84" sx="M,M,F,F"/><TAIKYOKU oya="0"/><INIT seed="0,0,0,1,4,133" ten="250,250,250,250" oya="0" hai0="89,88,5,134,63,92,105,84,61,67,2,119,79" hai1="9,126,60,98,130,58,3,19,107,76,38,123,104" hai2="30,95,8,14,115,116,57,69,99,24,32,43,26" hai3="17,68,102,35,96,36,41,124,132,52,4,39,72"/><T29/><D119/><U109/><E123/><V10/><F115/><W66/><G35/><T12/><D105/><U31/><E109/><V1/><F69/><W44/><G72/><T114/><D114/><U103/><E130/><V20/><F116/><W59/><G132/><T108/><D108/><U77/><E126/><V86/><F86/><W122/><G124/><T27/><D2/><U83/><E38/><V131/><F131/><W100/><G39/><T75/><D134/><U91/><E31/><V16/><F43/><W6/><G122/><T56/><D63/><U46/><E46/><V15/><F57/><W7/><G17/><T110/><D110/><U80/><E107/><V106/><F106/><W111/><G111/><T47/><D47/><U128/><E128/><V71/><F71/><W28/><G28/><T22/><D75/><U121/><E121/><V37/><F37/><W113/><G113/><T118/><D118/><U81/><E91/><V33/><F95/><W45/><G45/><T11/><D89/><U73/><E76/><AGARI ba="0,0" hai="5,11,12,22,27,29,56,61,67,76,79,84,88,92" machi="76" ten="40,3900,0" yaku="8,1,54,1" doraHai="133" who="0" fromWho="1" sc="250,39,250,-39,250,0,250,0" /><INIT seed="0,1,0,1,0,40" ten="289,211,250,250" oya="0" hai0="5,122,11,28,135,92,110,12,95,13,39,87,2" hai1="93,1,129,59,132,131,108,17,68,61,46,106,117" hai2="91,124,97,44,76,109,99,35,31,32,70,73,105" hai3="8,49,23,57,96,126,20,14,104,50,26,111,37"/><T86/><D122/><U65/><E106/><V47/><F70/><W9/><G37/><T130/><D39/><U113/><E1/><V84/><F109/><W67/><G111/><T66/><D110/><U29/><E29/><V71/><F71/><W85/><G126/><T43/><D43/><U74/><E74/><V81/><F124/><W27/><G104/><T80/><D135/><U78/><E78/><V133/><F133/><W54/><G96/><T120/><D120/><U18/><E93/><N who="2" m="54503" /><F97/><W36/><G36/><T63/><D130/><N who="1" m="49675" /><E108/><V75/><F75/><W118/><G118/><T51/><D28/><U10/><E132/><V72/><F72/><W134/><G134/><T30/><D30/><U112/><E117/><V34/><F31/><W90/><G67/><T58/><D51/><U24/><E24/><V114/><F114/><N who="1" m="44137" /><E10/><V77/><F77/><W21/><G50/><T19/><D2/><U4/><E4/><V69/><F69/><W16/><G8/><N who="0" m="6535" /><D86/><U102/><E102/><AGARI ba="1,0" hai="32,34,35,44,47,73,76,81,99,102,105" m="54503" machi="102" ten="30,3900,0" yaku="24,1,52,2" doraHai="40" who="2" fromWho="1" sc="289,0,211,-42,250,42,250,0" /><INIT seed="1,0,0,3,4,75" ten="289,169,292,250" oya="1" hai0="118,33,77,59,66,25,17,4,47,115,8,32,10" hai1="109,16,88,11,70,111,29,108,122,51,13,76,49" hai2="119,57,102,114,135,134,15,73,69,54,91,121,0" hai3="95,104,126,40,64,68,112,42,78,74,26,12,19"/><U123/><E70/><V96/><F119/><W34/><G104/><T52/><D118/><U99/><E29/><V14/><F121/><N who="1" m="46089" /><E76/><V22/><F69/><W37/><G112/><T2/><D115/><U44/><E44/><V24/><F114/><W127/><G64/><T97/><D97/><U20/><E20/><V48/><F0/><W100/><G68/><T85/><D66/><U53/><E53/><V28/><F91/><W117/><G117/><T93/><D47/><U43/><E43/><V106/><REACH who="2" step="1"/><F73/><REACH who="2" ten="289,169,282,250" step="2"/><W83/><G126/><T41/><D2/><U46/><E46/><V39/><F39/><W98/><G127/><T30/><D41/><U58/><E58/><V116/><F116/><W82/><G37/><T110/><D59/><U21/><E11/><V120/><F120/><W27/><G40/><T129/><D10/><U101/><E101/><V133/><AGARI ba="0,1" hai="14,15,22,24,28,48,54,57,96,102,106,133,134,135" machi="133" ten="30,12000,2" yaku="1,1,0,1,20,1,53,3" doraHai="75" doraHaiUra="131" who="2" fromWho="2" sc="289,-30,169,-60,282,130,250,-30" /><INIT seed="2,0,0,2,0,20" ten="259,109,412,220" oya="2" hai0="111,4,70,88,98,130,123,135,102,125,118,73,6" hai1="78,67,114,15,129,1,37,75,126,87,24,33,134" hai2="3,105,71,122,2,128,49,99,133,25,109,77,82" hai3="59,84,27,10,94,23,80,31,79,47,30,100,32"/><V60/><F122/><W61/><G47/><T5/><D70/><U81/><E67/><N who="2" m="41447" /><F49/><W48/><G48/><T29/><D123/><U21/><E114/><V28/><F128/><W117/><G117/><T107/><D73/><U127/><E37/><V12/><F12/><W108/><G108/><T131/><D118/><U41/><E41/><V124/><F124/><N who="1" m="47657" /><E1/><V85/><F133/><W7/><G32/><T63/><D125/><U52/><E33/><N who="2" m="20623" /><F109/><W74/><G31/><T42/><D111/><U17/><E75/><V19/><F19/><W115/><G115/><T120/><D120/><U83/><E83/><V16/><F16/><W40/><G40/><T65/><D135/><U13/><E134/><V50/><F50/><W45/><G45/><T35/><D42/><U110/><E110/><V9/><F9/><W43/><G43/><T44/><D44/><U97/><E97/><V51/><F51/><W54/><G74/><T101/><D101/><AGARI ba="0,0" hai="2,3,77,82,85,99,101,105" m="20623,41447" machi="101" ten="30,2900,0" yaku="25,1,52,1" doraHai="20" who="2" fromWho="0" sc="259,-29,109,0,412,29,220,0" /><INIT seed="2,1,0,0,4,19" ten="230,109,441,220" oya="2" hai0="20,125,0,91,94,70,124,130,110,31,102,127,65" hai1="48,26,95,27,113,9,132,109,47,73,101,29,99" hai2="44,36,64,98,62,72,15,93,134,117,67,100,83" hai3="11,10,61,40,21,57,25,106,60,105,5,56,51"/><V45/><F117/><W131/><G131/><T49/><D0/><U86/><E109/><V50/><F134/><W79/><G79/><T63/><D102/><U97/><E132/><V121/><F121/><W32/><G32/><T120/><D120/><U75/><E113/><V80/><BYE who="1" /><F72/><W2/><G11/><T116/><D116/><U108/><E108/><V111/><F111/><W71/><G71/><T115/><D110/><U119/><E119/><V59/><F64/><W126/><G126/><T54/><D115/><U33/><E33/><V81/><F36/><W76/><G76/><T12/><D130/><U78/><E78/><V38/><F38/><W90/><G90/><T52/><D49/><U43/><E43/><V68/><F68/><W107/><G40/><T69/><D69/><U7/><E7/><V55/><F44/><W58/><REACH who="3" step="1"/><G51/><REACH who="3" ten="230,109,441,210" step="2"/><T53/><D91/><U37/><E37/><V42/><F42/><W135/><G135/><T28/><D94/><U104/><E104/><V114/><F114/><W66/><G66/><T92/><D92/><U129/><E129/><V82/><F82/><UN n1="%E4%B8%80%E4%B8%80%E4%B8%80" /><W84/><G84/><T3/><D3/><U88/><E99/><V13/><AGARI ba="1,1" hai="13,15,45,50,55,59,62,67,80,81,83,93,98,100" machi="13" ten="30,3000,0" yaku="0,1,8,1" doraHai="19" who="2" fromWho="2" sc="230,-11,109,-11,441,43,210,-11" /><INIT seed="2,2,0,0,0,122" ten="219,98,484,199" oya="2" hai0="32,111,79,73,49,68,123,45,115,31,38,46,78" hai1="50,85,22,107,56,135,55,18,99,121,42,41,133" hai2="77,114,86,84,131,119,105,26,71,83,116,70,61" hai3="80,132,39,103,16,5,102,27,14,62,21,20,91"/><V94/><F114/><W127/><G39/><T66/><D123/><U9/><E121/><V104/><F26/><W8/><G132/><T118/><D118/><N who="2" m="45098" /><F61/><W25/><G127/><T74/><D115/><U125/><E85/><V130/><F70/><W69/><G69/><T34/><D49/><U108/><E9/><V43/><F43/><W96/><G62/><T129/><D68/><U47/><E99/><V90/><F71/><W81/><G91/><T44/><D66/><U57/><E107/><AGARI ba="2,0" hai="77,83,84,86,90,94,104,105,107,130,131" m="45098" machi="107" ten="30,2900,0" yaku="34,2" doraHai="122" who="2" fromWho="1" sc="219,0,98,-35,484,35,199,0" /><INIT seed="2,3,0,3,3,91" ten="219,63,519,199" oya="2" hai0="3,104,39,99,37,102,24,118,12,60,108,133,53" hai1="0,110,25,114,33,127,134,130,34,57,121,135,59" hai2="62,100,119,31,6,63,67,116,32,10,90,77,117" hai3="54,73,75,122,79,55,105,7,2,16,111,125,13"/><V78/><F100/><W98/><G122/><T129/><D118/><U22/><E59/><V45/><F31/><W66/><G7/><T64/><D3/><U1/><E57/><V113/><F32/><N who="1" m="12393" /><E114/><V30/><F30/><W84/><G2/><N who="1" m="1130" /><E121/><V47/><F116/><W97/><G66/><T80/><D80/><U26/><E110/><V92/><F6/><W93/><G111/><T40/><D108/><U109/><E109/><V41/><F90/><W132/><G105/><T17/><D133/><N who="1" m="50699" /><E22/><V89/><F89/><W87/><G132/><T101/><D102/><U83/><E83/><V94/><F67/><W9/><G79/><T18/><D40/><U56/><E56/><V70/><F41/><W68/><G68/><T58/><D129/><U27/><E127/><V120/><F120/><W8/><G125/><T96/><D99/><U81/><E81/><V124/><F124/><W128/><G128/><AGARI ba="3,0" hai="25,26,27,128,130" m="50699,1130,12393" machi="128" ten="40,8000,1" yaku="28,2,20,1,34,2" doraHai="91" who="1" fromWho="3" sc="219,0,63,89,519,0,199,-89" /><INIT seed="3,0,0,4,2,84" ten="219,152,519,110" oya="3" hai0="73,10,107,122,108,13,25,64,69,57,37,80,42" hai1="43,0,123,74,54,15,75,22,27,72,18,40,52" hai2="77,82,20,115,2,97,90,119,36,113,46,29,110" hai3="44,48,92,131,124,128,101,65,85,38,4,105,126"/><W102/><G4/><T53/><D122/><U68/><E123/><V47/><F119/><W125/><G65/><T24/><D107/><U16/><E68/><V66/><F2/><W100/><G38/><T118/><D118/><U30/><E0/><V55/><F110/><W3/><G3/><T7/><D108/><U109/><E109/><V6/><F6/><W127/><N who="3" m="31744" /><DORA hai="86" /><W41/><G105/><T34/><D34/><U133/><E133/><V70/><F55/><W9/><G9/><T51/><D73/><U134/><E134/><V1/><F1/><W67/><G67/><T93/><D80/><U94/><E94/><V49/><F70/><W130/><G85/><T78/><D78/><U58/><E54/><V89/><F66/><W83/><G92/><T79/><D79/><U114/><E114/><V32/><F82/><AGARI ba="0,0" hai="41,44,48,82,83,100,101,102,128,130,131" m="31744" machi="82" ten="80,12000,1" yaku="29,2,19,1,18,1" doraHai="84,86" who="3" fromWho="2" sc="219,0,152,0,519,-120,110,120" /><INIT seed="3,1,0,5,2,125" ten="219,152,399,230" oya="3" hai0="61,47,122,95,134,109,119,88,8,120,13,80,7" hai1="108,100,89,41,128,33,69,58,115,90,113,62,65" hai2="82,17,19,35,84,106,131,44,39,83,54,3,74" hai3="37,126,133,117,1,4,5,6,27,28,68,101,34"/><W63/><G37/><T104/><D119/><U114/><E33/><V99/><F35/><W14/><G101/><T52/><D104/><U79/><E79/><V42/><F3/><W77/><G77/><T93/><D134/><U21/><E21/><V135/><F74/><W57/><G68/><T98/><D109/><U85/><E100/><V36/><F36/><W60/><G117/><T51/><D80/><U92/><E90/><V16/><F135/><W46/><G133/><T81/><D81/><U102/><E102/><V50/><F131/><W110/><G110/><T49/><D49/><U29/><E29/><V25/><F83/><W11/><G126/><T76/><D76/><U15/><E108/><V124/><F124/><W91/><G91/><T70/><REACH who="0" step="1"/><D95/><REACH who="0" ten="209,152,399,230" step="2"/><U43/><E15/><V26/><F106/><W64/><G1/><T127/><D127/><U105/><E105/><V48/><F99/><W94/><G94/><T18/><D18/><U73/><E73/><V40/><F39/><W107/><G107/><T12/><D12/><U96/><E96/><V75/><F75/><W67/><G46/><T20/><D20/><U0/><E0/><V23/><F26/><W9/><G14/><T53/><D53/><U97/><E97/><V45/><F54/><W129/><G64/><AGARI ba="1,1" hai="7,8,13,47,51,52,61,64,70,88,93,98,120,122" machi="64" ten="40,5200,0" yaku="1,1,54,2,53,0" doraHai="125" doraHaiUra="78" who="0" fromWho="3" sc="209,65,152,0,399,0,230,-55" owari="274,7.0,152,-35.0,399,50.0,175,-22.0" /></mjloggm>