<mjloggm ver="2.3"><GO type="169" lobby="0"/><UN n0="%E3%83%92%E3%83%AB%E3%83%99%E3%83%AB%E3%83%88" n1="%E3%83%88%E3%83%88%E3%83%AA%E5%85%88%E7%94%9F%31%39%E6%AD%B3" n2="%E3%82%AB%E3%83%9D%E3%83%8D%E5%9B%A3%E3%81%AE%E5%85%84%E8%B2%B4" n3="%E3%82%B7%E3%83%AB%E3%83%93%E3%82%A3" dan="17,18,17,17" rate="2188.85,2231.77,2143.67,2149.67" sx="M,F,M,F"/><TAIKYOKU oya="0"/><INIT seed="0,0,0,5,2,23" ten="250,250,250,250" oya="0" hai0="134,102,42,17,110,107,69,59,40,44,1,62,86" hai1="63,70,112,87,99,4,53,109,83,68,118,71,27" hai2="12,36,7,82,130,78,128,58,64,33,108,20,117" hai3="113,28,0,94,34,61,31,35,75,45,91,115,37"/><T6/><D134/><U90/><E118/><V135/><F33/><W121/><G0/><T43/><D69/><U129/><E109/><V119/><F36/><W96/><G75/><T105/><D110/><U29/><E129/><N who="2" m="49771" /><F135/><W122/><G34/><T103/><D44/><U25/><E112/><V47/><F47/><W56/><G45/><T10/><D86/><U39/><E39/><V32/><F32/><W76/><G76/><T120/><D120/><N who="3" m="46185" /><G37/><T22/><D107/><U114/><E29/><N who="3" m="11338" /><G35/><T66/><REACH who="0" step="1"/><D105/><REACH who="0" ten="240,250,250,250" step="2"/><U55/><E114/><V116/><F108/><W79/><G79/><T98/><D98/><U38/><E38/><V11/><F117/><W92/><G92/><T131/><D131/><U8/><E99/><V73/><F119/><W48/><G115/><T124/><D124/><U84/><E84/><V18/><F116/><W100/><G113/><T57/><D57/><U21/><E70/><V126/><F58/><W65/><G56/><T50/><D50/><U93/><E71/><V16/><F126/><W13/><G48/><T52/><D52/><N who="1" m="20043" /><E68/><V54/><F54/><W60/><G65/><T125/><D125/><U24/><E63/><V95/><F64/><W2/><G61/><T106/><D106/><U132/><E132/><V49/><F49/><W88/><G60/><T30/><D30/><N who="1" m="17679" /><E93/><V15/><F95/><W72/><G94/><T81/><D81/><U89/><E89/><V5/><AGARI ba="0,1" hai="5,7,11,12,15,16,18,20,73,78,82" m="49771" machi="5" ten="30,2000,0" yaku="19,1,54,1" doraHai="23" who="2" fromWho="2" sc="240,-10,250,-5,250,30,250,-5" /><INIT seed="1,0,0,1,0,10" ten="230,245,280,245" oya="1" hai0="75,16,47,68,55,61,74,120,86,4,117,34,133" hai1="0,45,6,15,81,33,99,73,26,41,101,125,130" hai2="7,70,23,107,24,57,25,85,1,30,8,82,5" hai3="105,123,83,28,39,22,131,44,66,69,113,87,51"/><U78/><E130/><V106/><F70/><W119/><G113/><T72/><D117/><U60/><E125/><V21/><F7/><W3/><G123/><T110/><D34/><U58/><E26/><V79/><REACH who="2" step="1"/><F57/><REACH who="2" ten="230,245,270,245" step="2"/><W27/><G69/><T12/><D68/><U77/><E6/><V104/><F104/><W42/><G105/><T36/><D120/><U135/><E0/><V67/><F67/><W91/><G3/><T103/><D4/><U118/><E118/><V112/><F112/><W115/><G115/><T134/><D133/><U121/><E135/><V128/><F128/><W65/><G131/><T9/><D134/><U32/><E121/><V129/><F129/><W46/><G119/><T116/><D116/><U48/><E78/><V18/><AGARI ba="0,1" hai="1,5,8,18,21,23,24,25,30,79,82,85,106,107" machi="18" ten="20,8000,1" yaku="1,1,0,1,7,1,53,2" doraHai="10" doraHaiUra="102" who="2" fromWho="2" sc="230,-20,245,-40,270,90,245,-20" /><INIT seed="2,0,0,0,0,100" ten="210,205,360,225" oya="2" hai0="108,20,11,131,44,96,90,122,114,124,53,4,52" hai1="67,80,117,95,132,37,26,72,69,2,65,40,55" hai2="31,34,116,63,106,59,13,113,17,21,58,6,101" hai3="19,97,43,94,111,84,10,109,120,78,87,38,86"/><V79/><F79/><W127/><G120/><T98/><D114/><U56/><E117/><V32/><F113/><W35/><G35/><T110/><D122/><U49/><E2/><V128/><F116/><W22/><G10/><T125/><D20/><U105/><E105/><V0/><F128/><W25/><G127/><N who="0" m="48715" /><D131/><U129/><E129/><V61/><F0/><W29/><G29/><T82/><D82/><U102/><E132/><V123/><F6/><W1/><G1/><T93/><D96/><U8/><E8/><V92/><F92/><W112/><G112/><T24/><D24/><U33/><E95/><V60/><F123/><W47/><REACH who="3" step="1"/><G78/><REACH who="3" ten="210,205,360,215" step="2"/><T121/><D121/><U23/><E33/><V68/><F32/><W119/><G119/><T46/><D11/><U14/><E23/><V12/><F34/><W71/><G71/><T9/><D9/><U103/><E69/><V15/><F31/><W48/><G48/><N who="0" m="28679" /><D4/><U36/><E36/><V104/><F68/><W66/><G66/><T50/><AGARI ba="0,1" hai="46,50,53,90,93,98,108,110" m="28679,48715" machi="50" ten="30,2000,0" yaku="18,1,54,1" doraHai="100" who="0" fromWho="0" sc="210,30,205,-5,360,-10,215,-5" /><INIT seed="3,0,0,0,1,112" ten="240,200,350,210" oya="3" hai0="39,67,20,5,131,108,87,21,69,55,100,45,110" hai1="66,12,30,80,107,47,130,26,27,14,52,79,88" hai2="106,22,81,68,40,93,46,129,36,63,90,128,16" hai3="96,18,15,125,111,35,13,82,135,7,127,41,3"/><W133/><G41/><T75/><D75/><U11/><E107/><V116/><F81/><W38/><G38/><T50/><D131/><U118/><E130/><N who="2" m="50283" /><F106/><W98/><G35/><T49/><D100/><U72/><E118/><V64/><F116/><W119/><G119/><T73/><D73/><U44/><E66/><V92/><F90/><W122/><G122/><T124/><D5/><U71/><E71/><V37/><F37/><W83/><G7/><T105/><D105/><U120/><E120/><V76/><F76/><W113/><G111/><N who="0" m="42539" /><D124/><U109/><E109/><V43/><F43/><W103/><G113/><T31/><D39/><U132/><E132/><V70/><F70/><W9/><G9/><T74/><D74/><U94/><E27/><AGARI ba="0,0" hai="16,22,27,36,40,46,63,64,68,92,93" m="50283" machi="27" ten="30,2000,0" yaku="19,1,54,1" doraHai="112" who="2" fromWho="1" sc="240,0,200,-20,350,20,210,0" /><INIT seed="4,0,0,4,2,24" ten="240,180,370,210" oya="0" hai0="105,44,109,70,14,25,115,53,9,72,82,131,76" hai1="111,127,7,66,54,73,30,21,60,97,5,133,12" hai2="83,47,129,32,39,28,23,56,94,10,48,31,128" hai3="15,65,74,95,38,46,112,79,80,110,103,68,93"/><T41/><D105/><U114/><E73/><V78/><F23/><W61/><G110/><T100/><D131/><N who="2" m="50250" /><F32/><W27/><G112/><T118/><D115/><U57/><E111/><V62/><F39/><W113/><G113/><T64/><D109/><U4/><E114/><V51/><F94/><W81/><G15/><T132/><D118/><U98/><E133/><V122/><F10/><W87/><G103/><T0/><D132/><U3/><E3/><V90/><F90/><W117/><G117/><T43/><D100/><U107/><E127/><V50/><F47/><W130/><G130/><T91/><D91/><U67/><E107/><V42/><F42/><W16/><G46/><T75/><D75/><U108/><E108/><V35/><F35/><W77/><G38/><T99/><D99/><N who="1" m="37899" /><E12/><V121/><F83/><W104/><G104/><T6/><D14/><U63/><E60/><V135/><F78/><W13/><REACH who="3" step="1"/><G27/><AGARI ba="0,0" hai="4,5,7,21,27,30,54,57,63,66,67" m="37899" machi="27" ten="30,2000,0" yaku="8,1,52,1" doraHai="24" who="1" fromWho="3" sc="240,0,180,20,370,0,210,-20" /><INIT seed="5,0,0,1,2,27" ten="240,200,370,190" oya="1" hai0="98,86,49,85,47,103,22,79,59,4,77,117,10" hai1="42,102,53,127,19,119,110,89,91,129,26,100,135" hai2="38,87,44,7,5,112,20,16,94,99,11,101,13" hai3="23,39,133,80,96,122,78,72,62,120,28,69,88"/><U55/><E119/><V9/><F112/><W61/><G39/><T34/><D34/><U17/><E129/><V97/><F38/><W45/><G45/><T30/><D117/><U84/><E135/><V24/><F44/><W134/><G69/><T6/><D59/><U114/><E114/><V64/><F64/><W2/><G2/><T33/><D33/><U116/><E116/><V40/><F40/><W90/><G96/><T21/><D98/><U108/><E42/><V131/><F131/><W31/><G23/><T51/><D47/><U128/><E26/><V68/><F68/><W111/><G80/><T70/><D70/><U106/><E84/><V56/><F56/><W95/><G95/><T83/><D10/><U46/><E46/><V43/><F43/><W60/><G60/><T130/><D130/><U36/><E128/><V52/><F52/><W3/><G3/><T71/><D71/><U14/><E14/><N who="2" m="5439" /><F99/><W82/><G82/><T12/><D12/><U18/><E36/><V74/><F74/><W54/><G72/><T57/><D57/><U32/><E106/><V81/><F81/><W58/><G58/><T76/><D83/><U63/><E32/><V73/><F73/><W67/><G67/><T115/><D77/><U132/><E132/><V66/><F66/><W93/><G93/><T35/><D35/><U48/><E48/><V109/><F109/><N who="1" m="42089" /><E63/><V121/><F121/><W8/><G111/><T15/><D115/><U107/><E107/><V92/><F92/><W37/><G37/><T118/><D118/><U29/><E55/><V113/><F113/><RYUUKYOKU ba="0,0" sc="240,-10,200,-10,370,30,190,-10" hai2="5,11,13,16,20,24,87,94,97,101" /><INIT seed="6,1,0,3,3,110" ten="230,190,400,180" oya="2" hai0="78,99,95,105,13,4,30,47,119,41,29,87,63" hai1="59,49,112,56,34,8,1,51,3,115,60,42,98" hai2="133,106,12,84,39,25,103,62,109,20,75,61,79" hai3="80,100,67,102,111,127,120,101,26,104,10,69,7"/><V72/><F39/><W35/><G111/><T83/><D105/><U129/><E34/><V11/><F106/><W125/><G120/><T14/><D119/><U36/><E129/><V114/><F103/><W91/><G104/><T76/><D63/><U73/><E73/><V96/><F96/><W37/><G37/><T126/><D78/><U28/><E28/><V32/><F62/><W54/><G69/><T24/><D126/><N who="3" m="48137" /><G67/><T77/><D77/><U33/><E33/><V45/><F61/><W88/><G54/><T118/><D118/><U116/><E116/><V17/><F45/><W22/><G35/><T70/><D70/><U68/><E98/><V113/><F32/><W71/><G80/><T6/><D30/><U57/><E8/><V44/><F44/><W38/><G38/><T107/><D107/><U123/><E123/><V52/><F52/><W27/><G27/><T5/><D47/><N who="1" m="24007" /><E3/><V9/><F9/><W31/><G71/><T2/><D41/><U48/><E1/><AGARI ba="1,0" hai="1,7,10,22,26,31,88,91,100,101,102" m="48137" machi="1" ten="30,2000,0" yaku="18,1,54,1" doraHai="110" who="3" fromWho="1" sc="230,0,190,-23,400,0,180,23" /><INIT seed="7,0,0,2,2,107" ten="230,167,400,203" oya="3" hai0="41,100,34,125,70,69,97,43,44,112,56,91,25" hai1="93,45,73,104,133,105,63,31,76,98,59,101,13" hai2="119,11,78,88,9,81,108,32,134,57,68,6,85" hai3="61,35,86,46,72,14,24,19,51,12,84,123,115"/><W124/><G123/><T129/><D91/><U21/><E133/><V5/><F68/><W89/><G72/><T65/><D112/><U116/><E116/><V27/><F134/><W109/><G115/><T130/><D56/><U95/><E45/><V96/><F108/><W66/><G124/><T87/><D87/><U71/><E71/><N who="0" m="27145" /><D65/><U110/><E110/><V28/><F57/><N who="3" m="37167" /><G35/><T79/><D79/><U1/><E1/><V67/><F67/><W33/><G33/><T40/><D125/><U18/><E31/><V132/><F119/><W62/><G62/><T20/><D34/><U64/><REACH who="1" step="1"/><E95/><REACH who="1" ten="230,157,400,203" step="2"/><V135/><F132/><W3/><G3/><T55/><D44/><U29/><E29/><V47/><F78/><W2/><G2/><T94/><D94/><U111/><E111/><V106/><F9/><W37/><G109/><T38/><D38/><U117/><E117/><V17/><F135/><W80/><G37/><T114/><D114/><U36/><E36/><V8/><F28/><W42/><G86/><T122/><D122/><U4/><E4/><V127/><F5/><W75/><G75/><T53/><D97/><U23/><E23/><AGARI ba="0,1" hai="12,14,19,23,24,42,46,51,80,84,89" m="37167" machi="23" ten="30,1500,0" yaku="8,1" doraHai="107" who="3" fromWho="1" sc="230,0,157,-15,400,0,203,25" /><INIT seed="7,1,0,0,3,83" ten="230,142,400,228" oya="3" hai0="107,35,88,59,20,126,111,109,116,42,97,56,131" hai1="64,105,24,18,71,66,46,21,114,94,89,30,38" hai2="121,135,101,81,14,65,2,54,57,33,100,79,40" hai3="31,130,3,6,8,19,110,50,4,25,26,119,115"/><W11/><G119/><T134/><D35/><U52/><E114/><V67/><F2/><W122/><G122/><T68/><D68/><U73/><E105/><V103/><F33/><W41/><G115/><T87/><D116/><U1/><E1/><V72/><F40/><W124/><G124/><T76/><D42/><U62/><E73/><V48/><F135/><W39/><G39/><T92/><D20/><U112/><E112/><V95/><F95/><W49/><G130/><T34/><D34/><U27/><E38/><V12/><F121/><W51/><G110/><T104/><D59/><U133/><E133/><V58/><F65/><W61/><G19/><T13/><D56/><U47/><E66/><V102/><F102/><W108/><G108/><T127/><D13/><U36/><E36/><V28/><F28/><W9/><G61/><T132/><D111/><U78/><E78/><V43/><F43/><W99/><G41/><T91/><D131/><U70/><E70/><V63/><AGARI ba="1,0" hai="12,14,48,54,57,58,63,67,72,79,81,100,101,103" machi="63" ten="30,1100,0" yaku="0,1" doraHai="83" who="2" fromWho="2" sc="230,-4,142,-4,400,14,228,-6" owari="226,3.0,138,-36.0,414,51.0,222,-18.0" /></mjloggm>