<mjloggm ver="2.3"><GO type="97" lobby="0"/><UN n0="%E5%B0%B1%E6%B4%BB%E7%94%9F%40%E5%B7%9D%E6%9D%91%E8%BB%8D%E5%9B%A3" n1="%E3%82%BF%E3%82%B3%EF%BC%92%EF%BC%95%EF%BC%92%EF%BC%95" n2="%E3%8C%A7%E3%81%BE" n3="%E2%80%BB%34%33%33%E2%80%BB" dan="14,14,15,15" rate="1942.99,1958.06,1947.85,1999.89" sx="M,M,M,M"/><TAIKYOKU oya="0"/><INIT seed="0,0,0,5,1,108" ten="250,250,250,250" oya="0" hai0="60,76,20,43,114,52,51,35,130,32,104,12,46" hai1="105,133,96,111,63,30,42,27,118,53,36,29,77" hai2="127,80,125,122,99,132,98,75,107,82,72,15,21" hai3="87,34,109,39,13,5,44,25,88,90,41,94,55"/><T40/><D104/><U81/><E111/><V95/><F21/><W28/><G109/><T1/><D1/><U7/><E118/><V117/><F15/><W18/><G55/><T4/><D130/><U116/><E116/><V92/><F117/><W68/><G68/><T2/><D2/><U16/><E7/><V124/><F107/><W101/><G101/><T64/><D114/><U97/><E133/><V83/><F122/><W0/><G0/><T134/><D134/><U79/><E42/><V123/><F123/><W54/><G54/><T67/><D76/><U103/><E36/><V38/><F38/><W73/><G73/><T14/><D67/><U85/><E97/><N who="2" m="36875" /><F132/><W33/><G90/><T121/><D121/><U61/><E61/><V113/><F113/><W59/><G59/><N who="0" m="36895" /><D35/><U56/><E79/><V62/><F62/><W115/><G5/><T57/><D32/><U22/><AGARI ba="0,0" hai="16,22,27,29,30,53,56,63,77,81,85,96,103,105" machi="22" ten="30,2000,0" yaku="0,1,54,1" doraHai="108" who="1" fromWho="1" sc="250,-10,250,20,250,-5,250,-5" /><INIT seed="1,0,0,5,3,108" ten="240,270,245,245" oya="1" hai0="102,122,113,31,121,105,22,40,12,89,2,111,67" hai1="96,123,97,129,81,86,44,107,50,13,59,55,36" hai2="128,87,10,69,39,88,98,45,56,106,76,38,92" hai3="104,131,72,80,64,28,47,5,115,83,4,54,25"/><U11/><E129/><V125/><F69/><W30/><G131/><T57/><D2/><U103/><E123/><N who="0" m="47113" /><D111/><U6/><E97/><V134/><F128/><W32/><G115/><T42/><D113/><U62/><E36/><V20/><F39/><W74/><G104/><T132/><D132/><U70/><E70/><V118/><F118/><W124/><G124/><T7/><D89/><U84/><REACH who="1" step="1"/><E81/><REACH who="1" ten="240,260,245,245" step="2"/><V41/><F134/><W9/><G83/><T68/><D68/><U53/><AGARI ba="0,1" hai="6,11,13,44,50,53,55,59,62,84,86,96,103,107" machi="53" ten="20,7800,0" yaku="1,1,2,1,0,1,7,1,53,0" doraHai="108" doraHaiUra="65" who="1" fromWho="1" sc="240,-26,260,88,245,-26,245,-26" /><INIT seed="1,1,0,2,0,130" ten="214,348,219,219" oya="1" hai0="65,103,132,18,118,45,77,105,126,48,75,117,71" hai1="28,34,98,20,59,26,52,135,58,54,61,40,64" hai2="97,96,93,134,19,35,69,129,112,44,94,67,0" hai3="56,119,84,3,47,25,39,24,107,9,102,27,111"/><U11/><E135/><V101/><F0/><W109/><G119/><T53/><D126/><U108/><E34/><V43/><F35/><W62/><G84/><T21/><D132/><U99/><E108/><N who="3" m="41546" /><G107/><T74/><D105/><U100/><E40/><V42/><F134/><W116/><G102/><T88/><D103/><U60/><E100/><V5/><F5/><N who="3" m="1215" /><G116/><T6/><D6/><U4/><E64/><V80/><F129/><W30/><G47/><T17/><D17/><U57/><E57/><V23/><F112/><W8/><G8/><T131/><D131/><U79/><E79/><V82/><F67/><N who="3" m="39367" /><G39/><T115/><D115/><U46/><E46/><V91/><F69/><W49/><G49/><T76/><D75/><U120/><E120/><V36/><REACH who="2" step="1"/><F43/><REACH who="2" ten="214,348,209,219" step="2"/><W85/><G85/><T72/><D72/><U32/><E32/><AGARI ba="1,1" hai="24,25,27,30,32" m="39367,1215,41546" machi="32" ten="30,1000,0" yaku="14,1" doraHai="130" who="3" fromWho="1" sc="214,0,348,-13,209,0,219,23" /><INIT seed="2,0,0,0,1,125" ten="214,335,209,242" oya="2" hai0="81,100,57,46,28,27,52,75,74,96,16,37,80" hai1="36,0,87,110,32,31,49,20,93,25,18,23,135" hai2="68,129,21,48,19,30,127,2,105,122,124,109,22" hai3="39,97,120,102,98,131,130,128,76,111,99,53,116"/><V54/><F122/><W26/><G116/><T13/><D75/><U15/><E36/><V64/><F105/><W85/><G120/><T14/><D74/><U35/><E0/><V56/><F2/><W4/><G39/><T7/><D37/><U134/><E110/><V59/><F68/><W103/><G111/><T117/><D117/><U104/><E104/><V119/><F119/><W70/><G70/><T89/><D46/><U5/><E5/><V115/><F115/><W114/><G114/><T82/><D7/><U12/><E49/><V91/><F109/><W73/><G4/><T8/><D14/><U107/><E107/><V88/><F30/><W95/><G26/><T17/><D89/><N who="2" m="34378" /><F129/><W11/><G11/><T94/><D17/><N who="1" m="10279" /><E93/><V71/><F19/><W9/><G9/><T83/><N who="0" m="20992" /><DORA hai="79" /><T72/><D72/><U123/><E87/><V45/><F71/><W133/><G73/><T84/><D84/><U33/><E123/><V121/><F121/><W24/><G76/><T62/><D27/><U50/><E50/><V42/><F127/><W66/><G24/><T108/><D108/><U47/><E47/><V112/><F112/><W34/><G34/><AGARI ba="0,0" hai="15,18,23,25,31,32,33,34,35,134,135" m="10279" machi="34" ten="30,2000,0" yaku="34,2" doraHai="125,79" who="1" fromWho="3" sc="214,0,335,20,209,0,242,-20" /><INIT seed="3,0,0,1,3,19" ten="214,355,209,222" oya="3" hai0="26,85,76,119,134,110,118,101,13,29,47,18,45" hai1="38,72,69,99,51,32,135,104,111,96,49,107,66" hai2="2,71,59,75,20,89,116,124,15,61,81,117,7" hai3="58,78,98,4,64,46,1,40,30,48,83,84,62"/><W16/><G30/><T34/><D110/><U12/><E12/><V11/><F71/><W60/><G1/><T90/><D134/><U52/><E52/><V14/><F124/><W88/><G4/><T3/><D3/><U39/><E135/><V21/><F2/><W133/><G133/><T5/><D5/><U112/><E72/><V106/><F106/><W56/><G98/><T94/><D76/><U103/><E32/><V31/><F31/><W122/><G122/><T8/><REACH who="0" step="1"/><D101/><REACH who="0" ten="204,355,209,222" step="2"/><U125/><E103/><V44/><F117/><AGARI ba="0,1" hai="8,13,18,26,29,34,45,47,85,90,94,117,118,119" machi="117" ten="40,2600,0" yaku="1,1,2,1,53,0" doraHai="19" doraHaiUra="108" who="0" fromWho="2" sc="204,36,355,0,209,-26,222,0" owari="240,4.0,355,46.0,183,-32.0,222,-18.0" /></mjloggm>