<mjloggm ver="2.3"><GO type="193" lobby="0"/><UN n0="%E3%83%93%E3%83%BC%E3%83%B3%E3%82%BA%39%32%38" n1="%E3%83%88%E3%83%88%E3%83%AA%E5%85%88%E7%94%9F%31%39%E6%AD%B3" n2="%E6%B8%A9%E6%B3%89%E5%8D%9A%E5%A3%AB" n3="%E5%B1%B1%E7%9C%9F%EF%BC%88%E6%A0%AA%EF%BC%89" dan="11,11,13,11" rate="1739.42,1786.03,1825.55,1705.15" sx="M,F,M,F"/><TAIKYOKU oya="0"/><INIT seed="0,0,0,5,2,56" ten="250,250,250,250" oya="0" hai0="52,75,7,1,53,80,112,51,35,124,84,134,98" hai1="37,33,45,110,131,100,122,70,42,99,2,16,111" hai2="23,86,0,87,96,30,82,104,57,27,54,20,89" hai3="92,19,13,118,15,39,71,8,58,5,93,123,50"/><T130/><D112/><U119/><E119/><V135/><F135/><W43/><G118/><T77/><D134/><U127/><E122/><V113/><F113/><W40/><G123/><T25/><D130/><U81/><E131/><V69/><F69/><W79/><G39/><T74/><D124/><U125/><E2/><V85/><F0/><W65/><G71/><T10/><D53/><U34/><E81/><V46/><F46/><W78/><G78/><T83/><D98/><U95/><E70/><V32/><F104/><W116/><G116/><T41/><D41/><U31/><E16/><V21/><F96/><W66/><G79/><T24/><D35/><N who="1" m="13323" /><E31/><V128/><REACH who="2" step="1"/><F128/><REACH who="2" ten="250,250,240,250" step="2"/><W76/><G43/><T107/><D107/><U11/><E125/><V3/><F3/><W109/><G40/><T48/><D48/><AGARI ba="0,1" hai="20,21,23,27,30,32,48,54,57,82,85,86,87,89" machi="48" ten="40,1300,0" yaku="1,1,53,0" doraHai="56" doraHaiUra="14" who="2" fromWho="0" sc="250,-13,250,0,240,23,250,0" /><INIT seed="1,0,0,0,2,76" ten="237,250,263,250" oya="1" hai0="7,78,9,95,31,53,51,74,11,119,77,62,135" hai1="85,109,38,52,34,26,90,61,123,86,128,30,82" hai2="49,39,117,55,125,44,110,23,100,103,115,89,79" hai3="71,46,0,87,116,124,64,43,15,10,121,21,132"/><U45/><E123/><V72/><F110/><W24/><G0/><T63/><D119/><U48/><E109/><V2/><F117/><W118/><G121/><T33/><D135/><U37/><E128/><V126/><F115/><W80/><G132/><T97/><D11/><U47/><E47/><V120/><F120/><W133/><G124/><T42/><D42/><U19/><E19/><V1/><F39/><W88/><G133/><T93/><D93/><U81/><E61/><V6/><F89/><AGARI ba="0,0" hai="26,30,34,37,38,45,48,52,81,82,85,86,89,90" machi="89" ten="30,12000,1" yaku="7,1,9,1,52,2,54,1" doraHai="76" who="1" fromWho="2" sc="237,0,250,120,263,-120,250,0" /><INIT seed="1,1,0,1,4,36" ten="237,370,143,250" oya="1" hai0="32,78,104,96,18,33,68,105,19,127,47,65,14" hai1="121,101,98,110,114,35,111,81,44,132,91,77,85" hai2="129,66,9,30,21,42,17,48,16,55,74,119,12" hai3="8,83,135,27,93,40,4,58,64,41,54,69,84"/><U5/><E35/><V31/><F119/><W0/><G135/><T51/><D127/><U80/><E5/><V118/><F118/><W97/><G27/><T94/><D18/><U82/><E132/><V107/><F129/><W3/><G3/><T49/><D49/><U103/><E44/><V25/><F107/><W112/><G112/><T15/><D15/><U92/><E114/><V61/><F74/><W79/><G64/><T29/><D105/><N who="1" m="63671" /><E103/><V59/><REACH who="2" step="1"/><F42/><REACH who="2" ten="237,370,133,250" step="2"/><W6/><G69/><AGARI ba="1,1" hai="9,12,16,17,21,25,30,31,48,55,59,61,66,69" machi="69" ten="30,7700,0" yaku="1,1,2,1,7,1,54,1,53,0" doraHai="36" doraHaiUra="115" who="2" fromWho="3" sc="237,0,370,0,133,90,250,-80" /><INIT seed="2,0,0,4,0,96" ten="237,370,223,170" oya="2" hai0="88,123,118,132,78,60,128,105,44,2,97,108,39" hai1="65,19,92,6,30,133,27,58,5,68,131,33,107" hai2="122,32,106,24,35,94,126,74,25,103,93,127,20" hai3="109,16,43,86,1,110,121,69,120,36,50,75,59"/><V55/><F122/><W40/><G75/><T135/><D123/><U0/><E107/><V100/><F74/><W4/><G69/><T48/><D2/><U47/><E68/><V98/><F106/><W77/><G36/><T7/><D7/><U71/><E71/><V116/><F116/><W117/><G117/><T13/><D118/><U125/><E0/><V72/><F72/><W42/><G77/><T81/><D108/><N who="3" m="41577" /><G86/><T21/><D128/><U15/><E133/><N who="0" m="51273" /><D39/><U99/><E125/><N who="2" m="47627" /><F55/><N who="3" m="32247" /><G1/><T14/><D60/><U38/><E131/><V119/><F119/><W70/><G16/><N who="0" m="10383" /><D14/><U17/><E17/><N who="2" m="12303" /><F25/><W129/><G4/><T80/><D105/><U90/><E6/><V28/><F28/><W76/><G76/><T67/><D67/><U41/><E5/><V64/><F64/><W66/><G129/><T52/><D78/><U26/><E26/><V111/><F111/><W61/><AGARI ba="0,0" hai="40,42,43,61,66,70,120,121" m="32247,41577" machi="61" ten="40,5200,0" yaku="14,1,34,2" doraHai="96" who="3" fromWho="3" sc="237,-13,370,-13,223,-26,170,52" /><INIT seed="3,0,0,5,2,57" ten="224,357,197,222" oya="3" hai0="82,51,94,90,124,15,40,80,25,113,72,53,104" hai1="7,35,48,109,110,17,115,8,78,28,18,85,52" hai2="66,32,39,30,131,16,77,61,92,64,106,43,88" hai3="107,65,127,108,5,67,76,56,47,54,2,50,58"/><W84/><G107/><T23/><D124/><U22/><E115/><V97/><F131/><W100/><G100/><T3/><D113/><U70/><E70/><V135/><F135/><W105/><G105/><T62/><D104/><U123/><E123/><V41/><F106/><W130/><G130/><T79/><D3/><N who="1" m="127" /><E78/><V83/><F66/><N who="3" m="25099" /><G2/><T120/><D120/><U75/><E85/><V95/><F39/><W42/><G5/><T55/><D40/><U6/><E75/><V86/><F95/><W4/><G127/><T111/><D111/><N who="1" m="42507" /><E35/><V96/><F96/><W33/><G33/><T37/><D37/><U134/><E6/><V68/><REACH who="2" step="1"/><F16/><REACH who="2" ten="224,357,187,222" step="2"/><W46/><G108/><T13/><D13/><U49/><E134/><V91/><F91/><W24/><G76/><T73/><D15/><U116/><E18/><V12/><F12/><W29/><G4/><T93/><D90/><U71/><E17/><V81/><F81/><W87/><G29/><T119/><D119/><U63/><E116/><V101/><F101/><W99/><G24/><AGARI ba="0,1" hai="24,30,32,41,43,61,64,68,77,83,86,88,92,97" machi="24" ten="40,5200,0" yaku="1,1,52,1,54,1,53,0" doraHai="57" doraHaiUra="69" who="2" fromWho="3" sc="224,0,357,0,187,62,222,-52" owari="224,-18.0,357,46.0,249,5.0,170,-33.0" /></mjloggm>