<mjloggm ver="2.3"><GO type="97" lobby="0"/><UN n0="%E5%B0%B1%E6%B4%BB%E7%94%9F%40%E5%B7%9D%E6%9D%91%E8%BB%8D%E5%9B%A3" n1="%E6%9D%BE%E6%98%8E" n2="%E5%AE%AE%E5%B4%8E%E6%98%9F%E9%9F%B3" n3="%E3%82%82%E3%81%BF%E3%81%82%E3%81%92" dan="15,14,14,13" rate="2048.23,1854.19,1978.90,1962.18" sx="M,M,F,M"/><TAIKYOKU oya="0"/><INIT seed="0,0,0,5,0,41" ten="250,250,250,250" oya="0" hai0="40,50,51,95,135,12,61,77,80,82,44,46,7" hai1="74,3,63,64,131,4,127,70,120,32,129,9,108" hai2="66,15,97,42,85,62,47,29,100,30,16,23,48" hai3="6,117,60,28,113,111,116,115,133,105,109,25,56"/><T79/><D135/><U110/><E120/><V128/><F85/><W96/><G6/><T90/><D61/><U87/><E87/><V59/><REACH who="2" step="1"/><F128/><REACH who="2" ten="250,250,240,250" step="2"/><N who="1" m="49225" /><E127/><V76/><F76/><N who="0" m="29258" /><D12/><U10/><E10/><V67/><F67/><W124/><G124/><T93/><D7/><U88/><E74/><V11/><F11/><W123/><G123/><T130/><D130/><U21/><E21/><V86/><F86/><W53/><G133/><T126/><D126/><U112/><E32/><V83/><F83/><N who="0" m="31786" /><D90/><U17/><E88/><V35/><F35/><W45/><G115/><T22/><D22/><U75/><E75/><V58/><F58/><W20/><G113/><T55/><AGARI ba="0,1" hai="40,44,46,50,51,55,93,95" m="31786,29258" machi="55" ten="30,6000,0" yaku="8,1,52,2" doraHai="41" who="0" fromWho="0" sc="250,70,250,-20,240,-20,250,-20" /><INIT seed="0,1,0,0,2,66" ten="320,230,220,230" oya="0" hai0="34,54,83,91,133,92,79,28,131,41,122,102,39" hai1="51,126,13,44,86,115,2,127,74,35,118,90,109" hai2="107,124,95,97,99,72,10,55,48,11,76,82,62" hai3="12,45,42,111,58,110,19,22,130,52,132,121,0"/><T104/><D122/><U112/><E2/><V46/><F124/><N who="1" m="47657" /><E118/><V14/><F62/><W84/><G130/><T96/><D131/><U100/><E74/><V105/><F10/><W69/><G132/><T49/><D133/><U71/><E35/><V40/><F99/><W26/><G0/><T53/><D34/><U30/><E30/><V27/><F27/><W120/><G84/><T3/><D3/><U25/><E25/><V8/><F8/><W77/><G77/><T24/><D28/><U98/><E109/><N who="3" m="41482" /><G69/><T5/><D24/><U88/><E71/><V65/><F65/><W78/><G78/><T117/><D5/><U70/><E70/><V21/><F21/><W6/><G6/><T108/><D108/><U134/><E134/><V57/><F57/><W129/><G129/><T18/><D117/><U16/><E86/><V123/><F40/><W114/><G114/><N who="1" m="43562" /><E98/><V61/><F61/><N who="3" m="36039" /><G26/><T59/><D18/><U101/><E101/><V125/><F125/><W68/><G68/><T4/><D4/><U94/><E94/><V75/><F72/><W93/><G93/><T135/><D135/><U17/><E100/><V43/><F75/><W23/><G23/><T128/><D128/><U47/><E47/><V64/><F46/><W119/><G119/><T60/><D104/><U7/><E7/><N who="2" m="3455" /><F105/><W38/><AGARI ba="1,0" hai="12,19,22,38,42,45,120,121" m="36039,41482" machi="38" ten="30,2000,0" yaku="14,1,54,1" doraHai="66" who="3" fromWho="3" sc="320,-11,230,-6,220,-6,230,23" /><INIT seed="1,0,0,0,3,26" ten="309,224,214,253" oya="1" hai0="37,98,7,112,94,19,117,10,87,40,58,41,13" hai1="4,65,25,73,90,86,52,33,81,75,8,17,104" hai2="51,83,130,28,111,20,47,24,105,21,16,59,116" hai3="124,107,67,79,131,119,102,1,77,69,2,43,27"/><U55/><E104/><V108/><F105/><W103/><G43/><N who="0" m="16459" /><D37/><U31/><E65/><V96/><F116/><W85/><G107/><T23/><D112/><U61/><E17/><V50/><F130/><W60/><G131/><T45/><D45/><U34/><E34/><V114/><F114/><W71/><G71/><T68/><D68/><U115/><E115/><V70/><F70/><W36/><G36/><T82/><D58/><U32/><E32/><V78/><F96/><W35/><G124/><T14/><D117/><U113/><E113/><V84/><F59/><W6/><G6/><T22/><D22/><U122/><E122/><V39/><F39/><W101/><G85/><T133/><D133/><U135/><E135/><V92/><F92/><W97/><G97/><T127/><D127/><U53/><REACH who="1" step="1"/><E61/><REACH who="1" ten="309,214,214,253" step="2"/><V30/><F50/><W62/><G62/><T91/><D82/><U126/><E126/><V93/><F51/><W11/><G60/><T29/><D29/><U76/><E76/><V121/><F121/><W49/><G79/><T129/><D129/><U125/><E125/><V15/><F78/><W12/><G77/><T80/><D80/><U128/><E128/><V64/><F83/><W99/><G49/><T132/><D132/><U109/><E109/><V110/><F64/><W89/><G67/><T44/><D44/><U95/><E95/><V0/><F28/><W38/><G35/><T118/><D118/><U100/><E100/><V63/><F47/><W3/><G103/><T74/><D74/><U9/><E9/><V134/><F63/><W106/><G11/><RYUUKYOKU ba="0,1" sc="309,15,214,15,214,-15,253,-15" hai0="7,10,13,14,19,23,87,91,94,98" hai1="4,8,25,31,33,52,53,55,73,75,81,86,90" /><INIT seed="1,1,1,0,3,67" ten="324,229,199,238" oya="1" hai0="33,126,45,76,37,107,118,47,110,72,80,130,106" hai1="135,111,26,2,108,49,4,38,54,51,15,50,90" hai2="21,31,9,30,98,115,61,85,40,83,16,43,41" hai3="12,113,36,74,20,105,18,134,59,11,131,100,10"/><U64/><E2/><V25/><F115/><W124/><G113/><T109/><D118/><U63/><E135/><V52/><F98/><W133/><G74/><T104/><D126/><U94/><E38/><V116/><F116/><W132/><G131/><T32/><D130/><U23/><E15/><V121/><F121/><W60/><G124/><T68/><D68/><U22/><E4/><V0/><F0/><W35/><G35/><N who="0" m="13387" /><D37/><U69/><E54/><V125/><F125/><W55/><G36/><T117/><D117/><U122/><E122/><V70/><F9/><N who="3" m="3083" /><G100/><T119/><D119/><U71/><E71/><V87/><F87/><W24/><G105/><T84/><D84/><U66/><E66/><V96/><F96/><W102/><G102/><T79/><D79/><U6/><E6/><V58/><F70/><W82/><G82/><T34/><D34/><U89/><E23/><V101/><F101/><W123/><G123/><T95/><D95/><U19/><REACH who="1" step="1"/><E94/><REACH who="1" ten="324,219,199,238" step="2"/><V48/><REACH who="2" step="1"/><F61/><REACH who="2" ten="324,219,189,238" step="2"/><W78/><G60/><T57/><D107/><U77/><E77/><AGARI ba="1,3" hai="16,21,25,30,31,40,41,43,48,52,58,77,83,85" machi="77" ten="40,8000,1" yaku="1,1,2,1,8,1,54,2,53,0" doraHai="67" doraHaiUra="42" who="2" fromWho="1" sc="324,0,219,-83,189,113,238,0" /><INIT seed="2,0,0,4,1,74" ten="324,136,302,238" oya="2" hai0="91,102,35,129,20,115,54,63,124,84,12,82,125" hai1="40,55,89,58,23,64,112,113,127,97,50,31,45" hai2="119,99,85,7,62,28,68,38,5,17,118,116,18" hai3="108,8,22,78,42,48,4,3,122,133,10,29,61"/><V60/><F38/><W105/><G122/><T88/><D35/><U27/><E127/><N who="0" m="48713" /><D129/><U134/><E134/><V76/><F28/><W47/><G133/><T81/><D115/><U117/><E117/><V100/><F68/><W72/><G108/><T37/><D37/><U132/><E132/><V0/><F0/><W36/><G105/><T98/><D63/><U70/><E70/><V13/><F13/><W21/><G10/><T52/><D82/><U56/><E113/><V34/><F34/><W106/><G106/><N who="0" m="63831" /><D91/><U93/><E112/><V65/><F65/><W104/><G104/><T79/><D79/><U30/><E64/><V121/><F121/><W1/><G1/><T26/><D12/><U92/><E31/><AGARI ba="0,0" hai="20,26,31,52,54,81,84,88" m="63831,48713" machi="31" ten="30,3900,0" yaku="18,1,54,2" doraHai="74" who="0" fromWho="1" sc="324,39,136,-39,302,0,238,0" /><BYE who="2" /><INIT seed="3,0,0,2,0,32" ten="363,97,302,238" oya="3" hai0="13,14,85,121,61,51,56,54,128,29,118,22,129" hai1="86,102,124,126,69,6,104,133,79,49,57,83,71" hai2="18,58,4,48,119,7,127,10,5,76,93,74,101" hai3="116,111,134,9,92,21,38,68,31,114,82,88,94"/><W131/><BYE who="1" /><G116/><UN n2="%E5%AE%AE%E5%B4%8E%E6%98%9F%E9%9F%B3" /><T65/><D118/><U80/><E80/><V40/><F119/><W109/><G114/><T62/><D121/><U107/><E107/><V66/><F127/><W16/><G68/><T23/><D62/><U96/><E96/><V89/><F101/><W112/><G112/><T37/><D37/><U123/><E123/><V15/><F76/><W125/><G38/><T84/><D84/><U39/><E39/><V67/><F74/><W52/><G125/><T59/><D85/><U70/><E70/><V11/><F40/><W3/><G134/><T90/><D90/><U45/><E45/><V78/><F78/><W33/><G131/><N who="0" m="50251" /><D29/><U20/><E20/><AGARI ba="0,0" hai="13,14,20,22,23,51,54,56,59,61,65" m="50251" machi="20" ten="30,1000,0" yaku="19,1" doraHai="32" who="0" fromWho="1" sc="363,10,97,-10,302,0,238,0" owari="373,47.0,87,-41.0,302,10.0,238,-16.0" /></mjloggm>