<mjloggm ver="2.3"><GO type="97" lobby="0"/><UN n0="%E7%99%BD%E5%B9%A1%E5%A4%A9%E5%AE%88%E9%96%A3" n1="%E7%9F%B3%E5%8E%9F%E8%A3%95%E6%AC%A1%E9%83%8E" n2="%6D%6F%74%74%69%35" n3="%E5%B0%B1%E6%B4%BB%E7%94%9F%40%E5%B7%9D%E6%9D%91%E8%BB%8D%E5%9B%A3" dan="15,15,14,15" rate="1937.27,2028.93,2006.97,1950.02" sx="F,F,M,M"/><TAIKYOKU oya="0"/><INIT seed="0,0,0,0,1,9" ten="250,250,250,250" oya="0" hai0="79,5,49,22,18,51,114,129,105,68,60,134,46" hai1="65,50,54,1,81,20,24,66,59,96,35,126,111" hai2="85,72,82,97,0,83,107,27,36,45,125,15,31" hai3="26,90,116,43,93,34,118,8,88,57,122,123,58"/><T4/><D114/><U12/><E111/><V91/><F0/><W101/><G43/><T11/><D4/><U99/><E1/><V76/><F125/><W39/><G39/><T104/><D51/><U42/><E126/><V120/><F120/><N who="3" m="46123" /><G8/><T63/><D63/><U124/><E124/><V17/><F45/><W77/><G77/><T55/><D129/><U56/><E42/><V102/><F36/><W23/><G101/><T16/><D18/><U32/><E81/><V84/><F85/><N who="3" m="52367" /><G90/><T112/><D134/><U33/><E59/><N who="3" m="22538" /><G34/><T94/><D94/><U53/><E53/><V30/><REACH who="2" step="1"/><F27/><REACH who="2" ten="250,250,240,250" step="2"/><W7/><G7/><T69/><D112/><U89/><E89/><V70/><F70/><W28/><AGARI ba="0,1" hai="23,26,28,116,118" m="22538,52367,46123" machi="28" ten="30,2000,0" yaku="13,1,54,1" doraHai="9" who="3" fromWho="3" sc="250,-10,250,-5,240,-5,250,30" /><INIT seed="1,0,0,4,5,6" ten="240,245,235,280" oya="1" hai0="102,134,78,85,2,47,130,64,16,7,91,71,113" hai1="123,4,15,116,17,9,33,93,122,43,8,97,24" hai2="77,32,83,69,75,34,13,68,114,45,5,119,42" hai3="56,35,72,53,103,121,120,50,100,88,96,126,132"/><U28/><E116/><V74/><F119/><W59/><G35/><T23/><D113/><U70/><E70/><V51/><F114/><W95/><G72/><T135/><D78/><U127/><E127/><V86/><F75/><W104/><G126/><T0/><D130/><U62/><E62/><V18/><F74/><W60/><G132/><N who="0" m="50731" /><D47/><U20/><E43/><V52/><F68/><W19/><G19/><T46/><D46/><U115/><E115/><V31/><F31/><W101/><REACH who="3" step="1"/><G104/><REACH who="3" ten="240,245,235,270" step="2"/><T12/><D7/><U131/><E131/><V48/><F5/><W21/><G21/><T94/><D102/><U89/><E33/><V1/><F1/><AGARI ba="0,1" hai="1,4,8,9,15,17,20,24,28,89,93,97,122,123" machi="1" ten="30,5800,0" yaku="7,1,52,2" doraHai="6" who="1" fromWho="2" sc="240,0,245,68,235,-58,270,0" /><INIT seed="1,1,0,2,1,100" ten="240,313,177,270" oya="1" hai0="98,9,105,52,26,21,118,54,124,103,45,30,102" hai1="5,23,96,120,47,34,109,28,83,67,59,18,93" hai2="2,41,14,65,15,8,25,114,91,111,131,88,55" hai3="68,58,17,29,135,1,80,90,70,117,50,106,84"/><U81/><E120/><V69/><F111/><W63/><G1/><T49/><D118/><U112/><E112/><V79/><F79/><W38/><G38/><T31/><D124/><U77/><E5/><V40/><F114/><W130/><G117/><T119/><D119/><U7/><E7/><V82/><F131/><W61/><G29/><T32/><D9/><U42/><E109/><V97/><F55/><W48/><G106/><T129/><D129/><U56/><E34/><V75/><F91/><W43/><G130/><T13/><D102/><U123/><E123/><V104/><F25/><W89/><G135/><T72/><D72/><U27/><E18/><V113/><F113/><W78/><G70/><T74/><D74/><U94/><E94/><V19/><F2/><W3/><G3/><T10/><D31/><U107/><E107/><V64/><F15/><W122/><G68/><T44/><D32/><U33/><E33/><V12/><F12/><W132/><G132/><T20/><D20/><U125/><E125/><V128/><F128/><W46/><G17/><T86/><D86/><U116/><E116/><V24/><F24/><W22/><G22/><T126/><D126/><U76/><E76/><V99/><F104/><W110/><G110/><T73/><D73/><U0/><E0/><V57/><F69/><W35/><G35/><T87/><D87/><N who="1" m="48559" /><E83/><V92/><F75/><W39/><G122/><T53/><REACH who="0" step="1"/><D45/><REACH who="0" ten="230,313,177,270" step="2"/><U66/><E47/><V60/><F8/><W62/><G58/><T11/><D11/><U115/><E59/><V4/><F57/><W134/><G134/><RYUUKYOKU ba="1,1" sc="230,15,313,-15,177,-15,270,15" hai0="10,13,21,26,30,44,49,52,53,54,98,103,105" hai3="39,43,46,48,50,61,62,63,78,80,84,89,90" /><INIT seed="2,2,1,0,3,14" ten="245,298,162,285" oya="2" hai0="20,92,55,8,49,102,110,43,33,58,13,32,87" hai1="15,90,52,40,85,126,46,121,82,111,77,38,59" hai2="106,117,135,47,26,69,39,109,16,112,125,118,0" hai3="31,10,95,89,37,84,123,124,113,115,134,76,4"/><V128/><RYUUKYOKU type="yao9" ba="2,1" sc="245,0,298,0,162,0,285,0" hai2="0,16,26,39,47,69,106,109,112,117,118,125,128,135" /><INIT seed="2,3,1,0,3,122" ten="245,298,162,285" oya="2" hai0="3,75,107,58,64,62,90,65,25,98,71,54,110" hai1="79,44,119,88,129,39,14,113,120,32,91,21,17" hai2="0,6,15,37,5,10,63,100,123,124,131,83,92" hai3="52,116,4,9,47,117,7,56,40,103,135,60,118"/><V87/><F37/><W27/><G135/><T104/><D3/><U67/><E113/><V72/><F123/><W28/><G103/><T19/><D75/><U81/><E120/><V115/><F115/><W55/><G55/><T46/><D46/><U134/><E134/><V130/><F72/><W82/><G82/><T41/><D41/><U13/><E32/><V96/><F124/><W57/><G57/><T111/><D65/><U11/><E119/><V121/><F63/><W114/><G114/><T133/><D133/><U68/><E129/><N who="2" m="49163" /><F0/><W93/><G93/><N who="0" m="56631" /><D19/><U30/><E39/><V26/><F26/><W20/><REACH who="3" step="1"/><G9/><REACH who="3" ten="245,298,162,275" step="2"/><T66/><D66/><U53/><E67/><V132/><F132/><W86/><G86/><T23/><D107/><U29/><E68/><V22/><F121/><W78/><G78/><T2/><D104/><U126/><E126/><V48/><F48/><AGARI ba="3,2" hai="4,7,20,27,28,40,47,48,52,56,60,116,117,118" machi="48" ten="40,2600,0" yaku="1,1,54,1,53,0" doraHai="122" doraHaiUra="125" who="3" fromWho="2" sc="245,0,298,0,162,-35,275,55" /><INIT seed="3,0,0,1,1,36" ten="245,298,127,330" oya="3" hai0="56,121,115,15,29,66,75,127,120,112,135,65,71" hai1="37,99,52,8,31,5,12,68,26,11,57,21,17" hai2="70,73,97,39,27,106,35,2,24,60,46,133,4" hai3="74,83,103,51,62,94,123,50,96,72,98,53,28"/><W1/><G123/><T47/><D75/><U92/><E68/><V126/><F27/><W20/><G1/><T117/><D29/><U125/><E125/><V108/><F126/><W13/><G72/><T87/><D127/><U10/><E37/><V124/><F124/><W19/><G74/><T61/><D87/><U64/><E64/><V38/><F108/><W111/><G111/><T105/><D105/><U101/><REACH who="1" step="1"/><E31/><REACH who="1" ten="245,288,127,330" step="2"/><V131/><F131/><W69/><G28/><T34/><D66/><U89/><E89/><V3/><F133/><W102/><G83/><T82/><D82/><U43/><E43/><V91/><F91/><W80/><G80/><T114/><D135/><U77/><E77/><V42/><F39/><W6/><G6/><T59/><D71/><U30/><E30/><N who="2" m="19911" /><F4/><W79/><G79/><T49/><D120/><U130/><E130/><V90/><F90/><W76/><G76/><T85/><D121/><U134/><E134/><V0/><F73/><W14/><G69/><T9/><D112/><U44/><E44/><V55/><F55/><W58/><G14/><T16/><D114/><U118/><E118/><V45/><F45/><W33/><G33/><T81/><D115/><U93/><E93/><AGARI ba="0,1" hai="13,19,20,50,51,53,58,62,93,94,96,98,102,103" machi="93" ten="30,5800,0" yaku="7,1,9,1,8,1" doraHai="36" who="3" fromWho="1" sc="245,0,288,-58,127,0,330,68" owari="245,5.0,230,-17.0,127,-37.0,398,49.0" /></mjloggm>