<mjloggm ver="2.3"><GO type="41" lobby="0"/><UN n0="%E5%B0%B1%E6%B4%BB%E7%94%9F%40%E5%B7%9D%E6%9D%91%E8%BB%8D%E5%9B%A3" n1="%E3%81%B1%E3%81%B3%E3%82%8D%E3%82%93" n2="%E3%83%AC%E3%82%AA%E3%81%9F%E3%82%93" n3="%E3%83%96%E3%83%AA%E3%83%86%E3%82%A3" dan="15,13,13,15" rate="2002.54,1891.58,1830.72,1988.57" sx="M,M,M,M"/><TAIKYOKU oya="0"/><INIT seed="0,0,0,5,3,91" ten="250,250,250,250" oya="0" hai0="102,61,85,62,80,66,7,88,70,92,106,125,9" hai1="97,90,1,18,42,120,64,0,123,72,15,95,34" hai2="86,84,47,105,65,114,30,127,81,115,128,50,67" hai3="45,60,59,119,3,5,87,113,44,132,112,122,36"/><T12/><D125/><U96/><E34/><V98/><F105/><W104/><G104/><T89/><D106/><U63/><E72/><V77/><F127/><W57/><G5/><T6/><D102/><U43/><E1/><V25/><F128/><W68/><G3/><T55/><D55/><U83/><E0/><V8/><F8/><W32/><G32/><T76/><D89/><U116/><E116/><V111/><F111/><W131/><G87/><T2/><D62/><U28/><E28/><V82/><F98/><W16/><G16/><N who="0" m="8207" /><D70/><U31/><E31/><V48/><F48/><W58/><G119/><T134/><D2/><U11/><E83/><V17/><F17/><W69/><G131/><T41/><D41/><U79/><E79/><V20/><F114/><W10/><G113/><T54/><D66/><U23/><E97/><V37/><F37/><W129/><G129/><T100/><D100/><U19/><E120/><V27/><F27/><W71/><G112/><T26/><D26/><N who="1" m="14711" /><E123/><V75/><F75/><W29/><G122/><T99/><D134/><U130/><E130/><V126/><F126/><W108/><G132/><T35/><D35/><U121/><E121/><V49/><F115/><W110/><G71/><T21/><D21/><U94/><E43/><N who="2" m="24831" /><F50/><W103/><G69/><T107/><D107/><U40/><E42/><V56/><F56/><AGARI ba="0,0" hai="6,7,54,56,61,76,80,85,88,92,99" m="8207" machi="56" ten="30,11600,0" yaku="8,1,52,1,54,2" doraHai="91" who="0" fromWho="2" sc="250,116,250,0,250,-116,250,0" /><INIT seed="0,1,0,5,3,11" ten="366,250,134,250" oya="0" hai0="90,52,111,134,73,22,56,114,76,60,79,34,78" hai1="8,45,16,25,87,92,2,116,36,128,27,71,13" hai2="55,14,48,118,24,75,65,98,96,74,59,44,122" hai3="108,130,117,39,47,69,4,57,5,29,67,81,3"/><T119/><D34/><U17/><E116/><V94/><F122/><W120/><G120/><T106/><D119/><U84/><E71/><V103/><F118/><W30/><G69/><T72/><D114/><U26/><E128/><V15/><F75/><W82/><G117/><T83/><D106/><U6/><E36/><V12/><F74/><W133/><G108/><T54/><D134/><U66/><E66/><V32/><F32/><W107/><G107/><T121/><D121/><U97/><E45/><V46/><F24/><W95/><G3/><T28/><D111/><U129/><E129/><V115/><F115/><W31/><G130/><T68/><D68/><U49/><E49/><V51/><F65/><W124/><G124/><T10/><D10/><U101/><E17/><V19/><F19/><W99/><G133/><T135/><D135/><U42/><E42/><V102/><REACH who="2" step="1"/><F48/><REACH who="2" ten="366,250,124,250" step="2"/><W38/><G39/><T113/><D113/><U132/><REACH who="1" step="1"/><E132/><REACH who="1" ten="366,240,124,250" step="2"/><V64/><F64/><W40/><G67/><N who="0" m="39303" /><D72/><U35/><E35/><V50/><F50/><W43/><G38/><T61/><D73/><U58/><E58/><V125/><F125/><W53/><G57/><T109/><D109/><U1/><E1/><V88/><F88/><W20/><G47/><T89/><D61/><U123/><E123/><V77/><F77/><W62/><G62/><T110/><D110/><U80/><E80/><V23/><F23/><AGARI ba="1,2" hai="2,6,8,13,16,23,25,26,27,84,87,92,97,101" machi="23" ten="40,5200,0" yaku="1,1,52,1,54,1,53,0" doraHai="11" doraHaiUra="104" who="1" fromWho="2" sc="366,0,240,75,124,-55,250,0" /><INIT seed="1,0,0,5,4,28" ten="366,315,69,250" oya="1" hai0="0,75,1,88,90,130,2,60,120,112,5,4,108" hai1="134,70,102,99,23,100,46,72,21,89,67,113,85" hai2="37,82,64,133,43,50,103,74,86,95,51,31,81" hai3="49,40,6,9,65,106,98,11,127,123,96,80,77"/><U110/><E113/><V12/><F133/><W124/><G123/><T97/><D75/><U122/><E122/><V128/><F74/><W84/><G65/><T13/><D120/><U22/><E134/><V15/><F128/><W33/><G33/><T62/><D130/><U26/><E72/><V35/><F35/><W48/><G106/><T135/><D135/><U19/><E70/><V91/><F37/><W57/><G48/><T53/><D53/><U45/><E67/><V58/><F31/><W68/><G68/><T78/><D13/><U79/><E79/><V131/><F131/><W52/><G40/><T18/><D18/><U56/><E56/><V38/><F38/><W118/><G118/><T105/><D78/><U109/><E19/><V115/><F115/><W59/><G59/><T69/><D69/><U10/><E10/><N who="3" m="3594" /><G6/><N who="0" m="2667" /><D97/><U7/><E7/><V14/><F43/><W27/><G27/><T73/><D73/><U93/><E26/><V17/><F17/><W116/><G116/><T55/><D55/><U42/><E42/><V54/><F64/><W25/><G25/><T125/><D112/><U20/><E100/><V61/><F103/><W121/><G121/><T24/><D24/><U16/><E102/><V29/><F29/><W101/><G101/><T111/><D105/><U30/><E30/><V76/><F76/><W39/><G39/><T8/><D8/><U92/><E99/><V117/><F117/><W94/><G98/><T71/><D71/><U119/><E119/><V126/><F126/><W3/><G3/><T87/><D125/><U132/><E132/><RYUUKYOKU ba="0,0" sc="366,-15,315,-15,69,15,250,15" hai2="12,14,15,50,51,54,58,61,81,82,86,91,95" hai3="49,52,57,77,80,84,94,96,124,127" /><INIT seed="2,1,0,1,0,27" ten="351,300,84,265" oya="2" hai0="116,87,54,30,19,76,60,57,35,98,133,38,26" hai1="18,130,40,124,22,97,34,31,24,117,68,29,28" hai2="78,105,91,67,121,71,85,8,90,131,39,70,112" hai3="100,7,10,88,2,16,14,32,107,63,41,9,49"/><V93/><F112/><W123/><G123/><T11/><D133/><U92/><E117/><V95/><F121/><W53/><G32/><T94/><D116/><U89/><E68/><V77/><F39/><W118/><G118/><T135/><D38/><U134/><E134/><V102/><F8/><W5/><G5/><T126/><D126/><U13/><E124/><V62/><F71/><W48/><G41/><T45/><D135/><U125/><E125/><V114/><F114/><W72/><G72/><T82/><D45/><U17/><E130/><V4/><F4/><W66/><G100/><T25/><D25/><U99/><E40/><V101/><F131/><W50/><G107/><T103/><D19/><U1/><E1/><V37/><F37/><W83/><G53/><T55/><D11/><N who="1" m="6335" /><E34/><V56/><F70/><W84/><REACH who="3" step="1"/><G50/><REACH who="3" ten="351,300,84,255" step="2"/><T108/><D108/><U115/><E115/><V119/><F119/><W65/><G65/><AGARI ba="1,1" hai="26,30,35,54,55,57,60,65,76,82,87,94,98,103" machi="65" ten="30,2000,0" yaku="7,1,52,1" doraHai="27" who="0" fromWho="3" sc="351,33,300,0,84,0,255,-23" /><INIT seed="3,0,0,0,1,78" ten="384,300,84,232" oya="3" hai0="101,56,82,50,6,34,128,38,60,86,96,28,106" hai1="125,15,45,98,75,124,135,73,79,27,65,120,21" hai2="13,53,48,32,61,122,41,110,94,129,39,44,121" hai3="9,25,19,57,116,113,24,54,40,35,3,97,1"/><W18/><G113/><T90/><D38/><U5/><E120/><V92/><F32/><W70/><G70/><T108/><D128/><U43/><E135/><V117/><F13/><W115/><G115/><T99/><D108/><U11/><E65/><V47/><F94/><W89/><G116/><T130/><D130/><U127/><E98/><V67/><F92/><N who="3" m="56463" /><G35/><T4/><D50/><N who="1" m="26943" /><E79/><V133/><F117/><W58/><G1/><T26/><REACH who="0" step="1"/><D99/><REACH who="0" ten="374,300,84,232" step="2"/><U49/><E49/><V126/><F129/><W71/><G3/><T7/><D7/><U55/><E5/><V64/><F110/><W22/><G71/><T20/><D20/><U114/><E114/><V109/><F109/><W88/><G9/><T119/><D119/><U91/><E124/><V74/><F126/><W68/><G68/><T103/><D103/><U46/><E125/><V59/><F133/><W62/><G40/><T69/><D69/><U23/><E21/><V131/><F131/><W16/><G22/><T8/><D8/><U17/><E23/><V37/><F74/><W95/><G57/><T104/><D104/><U33/><E73/><V0/><F0/><W63/><G63/><T132/><D132/><U84/><E75/><V30/><F30/><W107/><G107/><T111/><D111/><U76/><E33/><V29/><F29/><W123/><G123/><T134/><D134/><U52/><E127/><V105/><F105/><W118/><G118/><T66/><AGARI ba="0,1" hai="4,6,26,28,34,56,60,66,82,86,90,96,101,106" machi="66" ten="20,5200,0" yaku="1,1,0,1,7,1,52,1,53,0" doraHai="78" doraHaiUra="72" who="0" fromWho="0" sc="374,62,300,-13,84,-13,232,-26" /><INIT seed="4,0,0,5,3,133" ten="436,287,71,206" oya="0" hai0="3,86,128,23,81,31,24,1,61,28,121,83,27" hai1="108,111,47,13,70,37,25,7,135,11,42,40,132" hai2="71,109,50,60,75,66,90,14,62,6,41,80,101" hai3="103,57,39,82,4,20,10,44,15,91,125,33,52"/><T26/><D121/><U22/><E70/><V102/><F109/><W117/><G33/><T105/><D105/><U124/><E42/><V63/><F75/><W77/><G117/><T5/><D128/><U49/><E37/><V79/><F71/><W16/><G103/><T84/><D5/><U46/><E47/><V68/><F68/><W115/><G115/><T36/><D36/><U87/><E87/><V51/><F66/><W65/><G91/><T99/><D99/><U58/><E58/><V94/><F50/><W114/><G114/><T67/><D27/><U32/><E32/><V73/><F101/><W98/><G98/><T9/><D9/><U129/><E129/><V127/><F102/><W104/><G104/><T112/><D112/><U96/><E96/><V95/><F95/><W78/><G65/><T122/><D122/><U131/><E131/><V29/><F29/><W48/><G82/><T12/><D61/><U74/><E74/><V126/><F90/><W116/><G116/><T118/><D83/><U100/><E100/><V130/><F94/><W8/><G8/><T89/><D118/><U119/><E119/><V45/><F130/><W2/><REACH who="3" step="1"/><G125/><REACH who="3" ten="436,287,71,196" step="2"/><N who="2" m="47625" /><F62/><W35/><G35/><T113/><D89/><U120/><E124/><V69/><F69/><W53/><G53/><T97/><D113/><U107/><E107/><V72/><F73/><W0/><G0/><T134/><D3/><U92/><E108/><V85/><F72/><W110/><G110/><T59/><D67/><U88/><E111/><V64/><F64/><W43/><AGARI ba="0,1" hai="2,4,10,15,16,20,39,43,44,48,52,57,77,78" machi="43" ten="30,8000,1" yaku="1,1,0,1,54,2,53,1" doraHai="133" doraHaiUra="34" who="3" fromWho="3" sc="436,-40,287,-20,71,-20,196,90" /><INIT seed="5,0,0,3,0,75" ten="396,267,51,286" oya="1" hai0="79,15,132,101,120,117,65,18,107,29,22,98,112" hai1="81,13,130,39,83,126,27,106,30,90,69,5,21" hai2="84,129,94,89,10,64,108,4,122,66,55,26,67" hai3="82,63,42,54,116,102,46,37,86,0,105,92,34"/><U78/><E69/><V68/><F108/><W135/><G105/><T3/><D117/><U99/><E39/><V9/><F122/><W119/><G34/><T131/><D3/><U95/><E130/><V80/><F129/><W36/><G0/><T104/><D131/><U44/><E126/><V74/><F68/><W59/><G135/><T72/><D120/><U2/><E2/><V111/><F111/><W57/><G36/><T71/><D132/><U45/><E83/><V114/><F114/><W41/><G41/><T103/><D112/><U1/><E1/><V58/><F26/><W48/><G92/><T128/><D128/><U28/><E28/><V20/><F20/><W6/><G102/><T85/><D72/><U77/><E106/><V133/><F133/><W11/><G11/><T16/><D29/><U61/><E61/><V23/><F23/><W118/><G6/><T12/><D65/><U87/><E78/><V115/><F115/><W76/><REACH who="3" step="1"/><G63/><REACH who="3" ten="396,267,51,276" step="2"/><T73/><D103/><U50/><E50/><V123/><F123/><W93/><G93/><T96/><D107/><U127/><E127/><V60/><F4/><W125/><G125/><T14/><D104/><U124/><E124/><V53/><F55/><W38/><G38/><T100/><D101/><U134/><E134/><V17/><F17/><W52/><G52/><T110/><D100/><U47/><E5/><V113/><F113/><W43/><G43/><T33/><D110/><U97/><E97/><V24/><F24/><W70/><G70/><T121/><D98/><U51/><E51/><V40/><F40/><RYUUKYOKU ba="0,1" sc="396,-30,267,10,51,10,276,10" hai1="13,21,27,30,44,45,47,77,81,87,90,95,99" hai2="9,10,53,58,60,64,66,67,74,80,84,89,94" hai3="37,42,46,48,54,57,59,76,82,86,116,118,119" /><INIT seed="5,1,1,5,3,133" ten="366,277,61,286" oya="1" hai0="93,48,16,24,50,97,118,15,108,132,71,79,126" hai1="100,128,110,0,120,11,99,9,32,115,81,135,122" hai2="72,121,67,64,130,134,4,112,116,43,27,74,36" hai3="3,5,31,56,44,90,23,92,101,30,75,2,63"/><U69/><E69/><V46/><F121/><W51/><G75/><T85/><D126/><U53/><E135/><V6/><F116/><W17/><G101/><N who="0" m="60591" /><D71/><U7/><E32/><V123/><F123/><W129/><G129/><T59/><D132/><U131/><E110/><V77/><F130/><N who="1" m="49705" /><E115/><V58/><F134/><W8/><G2/><T73/><D73/><U49/><E81/><V127/><F27/><W28/><G44/><T87/><D108/><U102/><E11/><V124/><F72/><W40/><G40/><T29/><D118/><U68/><E68/><V52/><F77/><W119/><G119/><T35/><D35/><U57/><E100/><V80/><F80/><W34/><G34/><T21/><D79/><U88/><E88/><V103/><F103/><W96/><G51/><N who="0" m="19499" /><D59/><U47/><E57/><V60/><F74/><W98/><G98/><T54/><D54/><U22/><E22/><V117/><F117/><W84/><G84/><N who="0" m="32331" /><D15/><U113/><E113/><V55/><F112/><W78/><G78/><T91/><D91/><U94/><AGARI ba="1,1" hai="0,7,9,47,49,53,94,99,102,120,122" m="49705" machi="94" ten="30,1500,0" yaku="19,1" doraHai="133" who="1" fromWho="1" sc="366,-6,277,28,61,-6,286,-6" /><INIT seed="5,2,0,1,0,63" ten="360,305,55,280" oya="1" hai0="99,87,48,38,84,57,56,12,118,15,6,47,17" hai1="98,93,129,103,121,4,106,28,2,91,75,78,85" hai2="32,46,0,60,51,117,112,21,92,10,120,5,76" hai3="73,36,79,90,54,50,58,105,113,86,39,67,49"/><U132/><E121/><V27/><F117/><W77/><G105/><T64/><D38/><U35/><E132/><V44/><F120/><W23/><G113/><T89/><D118/><U1/><E129/><V107/><F107/><W45/><G23/><N who="0" m="11687" /><D6/><U125/><E125/><V96/><F32/><W128/><G128/><T74/><D74/><U8/><E35/><V26/><F112/><W41/><G67/><T123/><D15/><N who="1" m="5511" /><E28/><V88/><F76/><W94/><REACH who="3" step="1"/><G77/><REACH who="3" ten="360,305,55,270" step="2"/><T25/><D64/><U34/><E34/><V119/><F119/><W97/><G97/><T71/><D71/><U108/><E108/><V42/><F60/><W3/><G3/><T33/><D33/><U68/><E68/><V65/><F65/><W55/><G55/><N who="0" m="30111" /><D25/><U109/><E109/><V24/><REACH who="2" step="1"/><F46/><REACH who="2" ten="360,305,45,270" step="2"/><W59/><G59/><T81/><D57/><U82/><AGARI ba="2,2" hai="1,2,75,78,82,85,91,93,98,103,106" m="5511" machi="82" ten="30,1500,0" yaku="24,1" doraHai="63" who="1" fromWho="1" sc="360,-7,305,41,45,-7,270,-7" /><INIT seed="5,3,0,4,4,101" ten="353,346,38,263" oya="1" hai0="104,16,124,111,89,94,114,82,61,19,25,121,20" hai1="49,44,72,108,0,14,4,122,17,70,102,98,56" hai2="128,130,13,112,113,34,64,60,134,23,6,10,62" hai3="76,79,95,126,105,67,18,47,129,109,69,135,85"/><U119/><E122/><V1/><F64/><W52/><G109/><T37/><D111/><U86/><E70/><V73/><F73/><W117/><G105/><T39/><D121/><U48/><E108/><V106/><F60/><W29/><G29/><T88/><D124/><U11/><E72/><V63/><F62/><W93/><G67/><T110/><D110/><U78/><E56/><V97/><F63/><W33/><G69/><T91/><D114/><N who="2" m="44138" /><F97/><W103/><G33/><T68/><D104/><U123/><E123/><V41/><F41/><W71/><G71/><T24/><D82/><U90/><E78/><V28/><F106/><W107/><G107/><T35/><D94/><U59/><E59/><V66/><F66/><W92/><G135/><T38/><D61/><U15/><E0/><V42/><F42/><W50/><G129/><T22/><D68/><U32/><E98/><V87/><F87/><W116/><G126/><T27/><D35/><U115/><E32/><V51/><F51/><W3/><G3/><T131/><REACH who="0" step="1"/><D131/><REACH who="0" ten="343,346,38,263" step="2"/><N who="2" m="50218" /><F134/><W81/><G81/><T80/><D80/><U84/><E115/><V8/><F34/><W99/><G95/><T40/><D40/><U100/><E100/><V120/><F120/><W21/><G93/><T53/><D53/><U55/><E102/><V46/><F46/><W30/><G47/><T74/><D74/><U36/><E44/><V45/><F45/><W12/><G92/><T65/><D65/><U26/><E55/><V58/><F58/><W127/><G52/><T77/><D77/><U132/><E132/><V125/><F125/><RYUUKYOKU ba="3,1" sc="343,30,346,-10,38,-10,263,-10" hai0="16,19,20,22,24,25,27,37,38,39,88,89,91" /><INIT seed="6,4,1,2,5,38" ten="373,336,28,253" oya="2" hai0="105,72,69,30,39,24,32,46,133,76,95,130,127" hai1="61,112,120,110,104,97,128,21,62,96,102,53,100" hai2="0,34,89,56,20,129,80,73,111,33,117,35,121" hai3="93,88,90,51,68,13,115,92,55,48,81,67,22"/><V12/><F121/><W119/><G119/><T91/><D105/><U103/><E110/><V60/><F117/><W15/><G115/><T132/><D69/><U135/><E112/><V43/><F0/><W134/><G134/><N who="0" m="51819" /><D72/><U40/><E135/><V42/><F111/><W116/><G116/><T27/><D76/><U45/><E120/><V101/><F101/><W124/><G124/><T64/><D64/><U113/><E113/><V8/><F20/><W49/><G81/><T6/><D6/><U70/><E128/><V31/><F31/><W109/><G109/><T94/><D127/><U85/><E85/><V57/><F129/><W16/><G67/><T17/><D130/><U78/><E78/><V10/><F73/><W83/><G68/><T11/><D91/><N who="3" m="34857" /><G83/><T118/><D118/><U107/><E21/><V122/><F122/><W23/><G55/><T79/><D79/><U19/><E19/><AGARI ba="4,1" hai="13,15,16,19,22,23,48,49,51,92,93" m="34857" machi="19" ten="30,3900,0" yaku="8,1,54,2" doraHai="38" who="3" fromWho="1" sc="373,0,336,-51,28,0,253,61" /><INIT seed="7,0,0,3,1,36" ten="373,285,28,314" oya="3" hai0="74,89,17,86,21,78,132,34,55,11,81,66,84" hai1="105,67,5,15,60,24,73,135,41,82,62,3,91" hai2="2,77,57,56,71,16,30,76,46,22,119,79,120" hai3="63,8,10,35,110,37,59,49,90,42,43,95,1"/><W111/><G35/><T50/><D34/><U118/><E3/><V100/><F120/><W28/><G28/><T93/><D132/><U87/><E118/><V69/><F2/><W65/><G37/><T117/><D117/><U13/><E105/><V96/><F30/><W14/><G1/><T128/><D128/><U6/><E135/><V20/><F46/><W44/><G43/><T27/><D66/><U53/><E73/><V48/><F48/><W131/><G131/><T104/><D104/><U72/><E72/><V103/><F96/><W92/><G92/><T39/><D39/><U99/><E99/><V106/><F106/><W80/><G80/><T54/><D11/><U12/><E24/><V25/><F119/><W115/><G115/><T47/><D55/><U122/><E122/><V70/><F16/><W29/><G29/><T58/><D47/><U75/><E75/><V107/><F25/><W51/><G51/><T97/><AGARI ba="0,0" hai="17,21,27,50,54,58,74,78,81,84,86,89,93,97" machi="97" ten="20,1500,0" yaku="0,1,7,1" doraHai="36" who="0" fromWho="0" sc="373,15,285,-4,28,-4,314,-7" owari="388,49.0,281,-12.0,24,-48.0,307,11.0" /></mjloggm>