<mjloggm ver="2.3"><GO type="169" lobby="0"/><UN n0="%E3%83%88%E3%83%88%E3%83%AA%E5%85%88%E7%94%9F%31%39%E6%AD%B3" n1="%6B%65%69%2D%6B%65%69" n2="%E2%80%A0%58%54%45%4E%44%E2%80%A0" n3="%E9%97%98%E5%A3%AB%E2%98%86%E3%81%8D%E3%82%80%E3%82%8A%E3%82%87%E3%83%BC" dan="18,16,17,16" rate="2243.62,2033.39,2164.38,2086.39" sx="F,M,F,M"/><TAIKYOKU oya="0"/><INIT seed="0,0,0,5,5,128" ten="250,250,250,250" oya="0" hai0="20,17,64,41,84,69,125,75,70,105,122,116,46" hai1="37,28,65,85,126,8,19,88,68,55,13,52,62" hai2="115,74,93,34,103,31,7,76,102,15,130,11,118" hai3="77,32,106,25,43,33,107,135,132,6,35,51,36"/><T22/><D75/><U2/><E37/><V4/><F115/><W133/><G36/><T127/><D116/><U114/><E126/><N who="0" m="48137" /><D122/><U21/><E114/><V119/><F130/><W45/><G77/><T129/><D105/><N who="3" m="39945" /><G6/><T49/><D129/><U124/><E124/><V50/><F7/><W112/><G112/><T57/><D22/><U54/><E2/><V90/><F50/><W99/><G99/><T53/><D84/><U38/><E38/><V121/><F121/><W100/><G100/><T23/><D64/><U82/><E28/><AGARI ba="0,0" hai="25,28,32,33,35,43,45,51,132,133,135" m="39945" machi="28" ten="40,8000,1" yaku="20,1,52,3" doraHai="128" who="3" fromWho="1" sc="250,0,250,-80,250,0,250,80" /><INIT seed="1,0,0,2,1,109" ten="250,170,250,330" oya="1" hai0="100,3,15,108,1,39,35,104,65,75,10,96,89" hai1="68,112,105,124,18,45,110,87,81,127,67,29,92" hai2="28,101,91,23,8,117,9,93,69,77,118,71,38" hai3="134,72,42,31,52,95,115,129,94,46,58,54,20"/><U120/><E105/><V11/><F38/><W107/><G72/><T59/><D35/><U13/><E120/><V5/><F5/><W56/><G107/><T135/><D39/><U82/><E29/><V49/><F101/><W14/><G115/><T73/><D108/><U119/><E110/><V84/><F77/><W76/><G76/><T63/><D135/><U111/><E119/><V98/><F98/><W16/><G31/><T17/><REACH who="0" step="1"/><D89/><REACH who="0" ten="240,170,250,330" step="2"/><U0/><E111/><V113/><F117/><W61/><G134/><T97/><D97/><U126/><E124/><V132/><F118/><W12/><G129/><T85/><D85/><U64/><E87/><V2/><F132/><W62/><G14/><T21/><D21/><U37/><E13/><V131/><F131/><W44/><G44/><T6/><D6/><U47/><E37/><AGARI ba="0,1" hai="12,16,20,37,42,46,52,54,56,58,61,62,94,95" machi="37" ten="30,7700,0" yaku="7,1,9,1,54,2" doraHai="109" who="3" fromWho="1" sc="240,0,170,-77,250,0,330,87" /><INIT seed="2,0,0,4,3,126" ten="240,93,250,417" oya="2" hai0="81,110,36,4,128,62,88,42,2,73,50,69,49" hai1="133,48,132,53,86,87,94,43,129,96,28,47,91" hai2="123,76,82,67,19,125,59,120,112,1,20,72,0" hai3="107,95,114,101,100,61,119,55,99,71,121,23,60"/><V13/><F112/><W116/><G121/><T111/><D128/><U17/><E28/><V51/><F125/><W44/><G114/><T68/><D36/><U10/><E129/><V58/><F58/><W16/><G100/><T31/><D31/><U21/><E43/><V8/><F0/><W15/><G107/><T135/><D73/><U115/><E115/><V78/><F78/><W63/><REACH who="3" step="1"/><G71/><REACH who="3" ten="240,93,250,407" step="2"/><T38/><D68/><U117/><E117/><V127/><F127/><W57/><G57/><T84/><D69/><U92/><E10/><V80/><F123/><W37/><G37/><T83/><D38/><U90/><REACH who="1" step="1"/><E96/><REACH who="1" ten="240,83,250,407" step="2"/><V32/><F8/><W131/><G131/><T24/><D111/><U118/><E118/><V34/><F120/><W102/><G102/><T14/><D110/><U64/><E64/><V66/><F66/><W41/><G41/><T65/><D42/><U75/><E75/><V27/><F67/><W40/><G40/><T130/><D65/><U124/><E124/><V6/><F72/><W89/><G89/><T5/><D88/><U12/><AGARI ba="0,2" hai="12,17,21,47,48,53,86,87,90,91,92,94,132,133" machi="12" ten="30,4000,0" yaku="1,1,0,1,9,1,53,0" doraHai="126" doraHaiUra="108" who="1" fromWho="1" sc="240,-10,83,60,250,-20,407,-10" /><INIT seed="3,0,0,5,2,13" ten="230,143,230,397" oya="3" hai0="8,135,104,49,95,124,122,54,75,73,117,102,121" hai1="60,62,123,72,98,59,70,103,41,46,116,36,106" hai2="55,132,29,133,33,48,86,56,100,12,87,108,18" hai3="119,91,44,93,92,30,58,63,2,80,118,38,69"/><W85/><G2/><T27/><D117/><U34/><E116/><V67/><F108/><W113/><G69/><T71/><D71/><U61/><E72/><V101/><F67/><W105/><G105/><T3/><D104/><U17/><E123/><V120/><F120/><W64/><G113/><T15/><D3/><U84/><E34/><V134/><F29/><W11/><G92/><T66/><D66/><U24/><E70/><V131/><F33/><W26/><G11/><T115/><D115/><U88/><E24/><V65/><F65/><W32/><G38/><T82/><D135/><U40/><E41/><V111/><F131/><W52/><REACH who="3" step="1"/><G93/><REACH who="3" ten="230,143,230,387" step="2"/><T51/><D95/><U39/><E36/><V16/><F111/><W14/><G14/><T99/><D15/><U5/><E39/><V127/><F12/><W20/><G20/><T77/><D8/><U112/><E112/><V96/><F127/><W114/><G114/><T31/><D124/><U50/><E106/><N who="2" m="63751" /><F101/><W126/><G126/><T35/><D122/><U76/><E103/><V22/><F22/><W42/><G42/><T110/><D121/><U81/><E40/><V68/><F68/><W37/><G37/><T94/><D110/><U45/><E46/><V4/><F4/><W90/><G90/><T53/><D102/><U129/><E5/><V47/><F47/><W9/><G9/><T107/><D107/><U128/><E45/><V7/><F7/><W57/><G57/><T10/><D10/><U130/><E59/><V83/><F83/><W1/><G1/><T28/><D35/><U6/><E129/><RYUUKYOKU ba="0,1" sc="230,-15,143,-15,230,15,387,15" hai2="16,18,48,55,56,86,87,132,133,134" hai3="26,30,32,44,52,58,63,64,80,85,91,118,119" /><INIT seed="3,1,1,0,2,103" ten="215,128,245,402" oya="3" hai0="73,112,12,123,63,8,25,32,100,28,89,43,24" hai1="104,9,7,57,87,2,72,67,54,51,84,116,101" hai2="38,121,14,80,114,70,75,69,49,48,113,45,13" hai3="34,46,42,111,0,21,52,61,135,96,131,122,83"/><W40/><G34/><T15/><D123/><U18/><E72/><V19/><F121/><W99/><G122/><T79/><D112/><U90/><E116/><V56/><F38/><W33/><G33/><T20/><D43/><U29/><E29/><V53/><F13/><W128/><G0/><T125/><D125/><U66/><E84/><V126/><F126/><W36/><G42/><T31/><D89/><U37/><E37/><V134/><F134/><W77/><G21/><N who="0" m="15407" /><D63/><U10/><E10/><V88/><F114/><W110/><G135/><T58/><D58/><U106/><E18/><V6/><F6/><W92/><G52/><T39/><D100/><U97/><REACH who="1" step="1"/><E106/><REACH who="1" ten="215,118,245,402" step="2"/><V74/><F113/><W115/><G115/><T130/><D73/><U62/><E62/><V132/><F132/><W78/><G61/><T109/><D39/><U11/><E11/><N who="2" m="6623" /><F74/><W133/><G133/><T50/><D8/><U81/><AGARI ba="1,2" hai="2,7,9,51,54,57,66,67,81,87,90,97,101,104" machi="81" ten="20,8000,1" yaku="1,1,0,1,7,1,52,1,53,1" doraHai="103" doraHaiUra="76" who="1" fromWho="1" sc="215,-21,118,103,245,-21,402,-41" /><INIT seed="4,0,0,0,4,97" ten="194,221,224,361" oya="0" hai0="132,12,13,50,26,63,42,83,78,65,6,54,135" hai1="79,129,131,53,69,22,90,57,122,67,21,7,62" hai2="76,81,100,119,106,82,44,33,127,25,123,8,31" hai3="84,59,39,80,2,72,73,107,61,41,32,70,98"/><T101/><D42/><U14/><E122/><V34/><F123/><W74/><G2/><T4/><D26/><U35/><E79/><V11/><F127/><W77/><G32/><T16/><D101/><U117/><E35/><V126/><F126/><W88/><G70/><T128/><D128/><N who="1" m="49227" /><E117/><V27/><F119/><W37/><G41/><T87/><D12/><U121/><E121/><V19/><F44/><W92/><REACH who="3" step="1"/><G107/><REACH who="3" ten="194,221,224,351" step="2"/><T43/><D43/><U134/><E134/><V114/><F34/><W116/><G116/><T55/><D132/><U110/><E110/><V0/><F33/><W1/><G1/><T5/><D135/><U58/><E69/><V40/><F40/><W56/><G56/><N who="0" m="37095" /><D50/><U112/><E58/><V93/><F0/><W102/><G102/><T47/><D47/><U23/><E57/><V108/><F100/><W49/><G49/><T133/><D133/><U18/><E62/><V36/><F106/><W130/><G130/><T9/><AGARI ba="0,1" hai="4,5,6,9,13,16,54,55,78,83,87" m="37095" machi="9" ten="30,3000,0" yaku="8,1,54,1" doraHai="97" who="0" fromWho="0" sc="194,40,221,-10,224,-10,351,-10" /><INIT seed="4,1,0,1,0,100" ten="234,211,214,341" oya="0" hai0="57,74,52,76,122,105,132,55,79,7,13,84,89" hai1="118,101,66,131,2,111,91,130,1,36,81,18,12" hai2="24,22,110,65,109,20,58,80,63,43,21,5,112" hai3="135,15,45,19,108,51,127,114,92,85,47,113,10"/><T129/><D122/><U26/><E36/><V32/><F112/><N who="3" m="43115" /><G108/><T106/><D129/><N who="1" m="49163" /><E111/><V0/><F43/><W59/><G127/><T78/><D132/><U75/><E118/><V8/><REACH who="2" step="1"/><F80/><REACH who="2" ten="234,211,204,341" step="2"/><W125/><G125/><T120/><D120/><U41/><E81/><V50/><F50/><W37/><G37/><T82/><D74/><U60/><E41/><V46/><F46/><W3/><G47/><T73/><D73/><U27/><E75/><V83/><F83/><W126/><G45/><T33/><D33/><U86/><E1/><V28/><AGARI ba="1,1" hai="0,5,8,20,21,22,24,28,32,58,63,65,109,110" machi="28" ten="30,2000,0" yaku="1,1,0,1,53,0" doraHai="100" doraHaiUra="124" who="2" fromWho="2" sc="234,-11,211,-6,204,33,341,-6" /><INIT seed="5,0,0,1,5,14" ten="223,205,237,335" oya="1" hai0="68,39,34,63,99,23,128,111,123,47,60,130,91" hai1="129,1,132,67,119,51,26,134,46,27,2,114,127" hai2="105,90,118,30,77,79,84,18,11,82,71,42,122" hai3="41,50,32,48,120,86,78,92,70,102,13,8,104"/><U44/><E127/><V116/><F122/><W126/><G70/><T73/><D111/><U22/><E119/><V89/><F71/><W57/><G32/><T35/><D73/><U106/><E106/><V108/><F108/><W96/><G120/><T76/><D76/><U87/><E67/><V43/><F105/><W125/><G41/><N who="0" m="22975" /><D123/><U52/><E129/><N who="0" m="49769" /><D99/><U93/><E114/><V3/><F79/><W83/><G104/><T9/><D91/><N who="1" m="53503" /><E44/><V85/><F77/><W74/><G74/><T61/><D68/><U40/><E40/><V75/><F75/><W37/><G37/><T36/><D36/><U80/><E80/><V38/><F38/><W117/><G117/><T97/><D97/><U100/><E100/><V112/><F118/><W31/><G31/><T115/><D115/><U109/><E109/><V124/><F112/><W19/><G57/><T16/><D9/><U98/><E98/><V7/><F30/><W28/><G28/><T59/><D59/><U88/><E88/><V0/><F116/><W15/><G125/><T62/><N who="0" m="15360" /><DORA hai="81" /><T4/><D4/><U20/><E1/><V133/><F0/><W33/><G126/><T131/><N who="0" m="49777" /><T56/><DORA hai="49" /><D56/><U121/><E2/><V69/><F69/><W107/><G107/><T66/><D66/><U58/><E58/><V103/><F124/><W54/><G78/><T55/><D55/><U24/><E121/><V101/><F43/><W21/><G102/><N who="2" m="38921" /><F42/><W45/><G8/><T113/><D113/><U95/><E95/><N who="2" m="54695" /><F3/><W65/><G65/><T110/><D110/><U5/><E5/><RYUUKYOKU ba="0,0" sc="223,15,205,15,237,-15,335,-15" hai0="16,23,34,35" hai1="20,22,24,26,27,46,51,52,132,134" /><INIT seed="5,1,0,5,4,67" ten="238,220,222,320" oya="1" hai0="84,25,128,13,123,78,64,42,23,39,50,66,95" hai1="115,117,127,3,62,30,65,134,104,116,109,1,73" hai2="111,108,43,11,22,44,82,106,75,124,131,91,47" hai3="77,126,16,15,122,113,52,101,119,107,72,2,129"/><U41/><E30/><V31/><F106/><W81/><G2/><T93/><D39/><U96/><E41/><V99/><F131/><W37/><G37/><T20/><D128/><U19/><E19/><V92/><F124/><W135/><G129/><T89/><D123/><U132/><E109/><V48/><F11/><W0/><G0/><N who="1" m="74" /><E127/><V100/><F47/><W98/><G126/><T68/><D78/><U53/><E53/><V63/><F63/><W5/><G122/><T110/><D110/><U59/><E73/><V51/><F51/><W29/><G29/><N who="0" m="17575" /><D68/><N who="1" m="42039" /><E115/><V24/><F75/><W54/><G5/><T14/><D93/><U7/><E59/><V86/><AGARI ba="1,0" hai="22,24,31,43,44,48,82,86,91,92,99,100,108,111" machi="86" ten="30,1100,0" yaku="0,1" doraHai="67" who="2" fromWho="2" sc="238,-4,220,-6,222,14,320,-4" /><INIT seed="6,0,0,3,4,112" ten="234,214,236,316" oya="2" hai0="36,81,11,37,86,49,113,129,107,43,35,77,54" hai1="132,20,119,128,62,6,88,56,29,108,118,52,84" hai2="34,44,31,73,72,16,126,15,94,71,116,26,79" hai3="90,61,74,69,55,125,1,104,66,24,135,22,18"/><V50/><F71/><W75/><G104/><T80/><D107/><U0/><E108/><V95/><F126/><W76/><G1/><T122/><D122/><U4/><E132/><V103/><F116/><W5/><G5/><T68/><D35/><U57/><E128/><V7/><F7/><W21/><G76/><T9/><D68/><U41/><E41/><V82/><F73/><W109/><G109/><T83/><D129/><U106/><E106/><V115/><F103/><W111/><G111/><T23/><D113/><U105/><E105/><V32/><F32/><W102/><G102/><T120/><D120/><U30/><E4/><V47/><F115/><W8/><G8/><N who="0" m="3147" /><D43/><U101/><E101/><V2/><F2/><W17/><G135/><T13/><D37/><U51/><E6/><V28/><F28/><W110/><G110/><T70/><D36/><U67/><E0/><V97/><F97/><W40/><G40/><T127/><D70/><U130/><E130/><V39/><F39/><W64/><G64/><T78/><D78/><U42/><E42/><V114/><F114/><W65/><G65/><T10/><D23/><U46/><E46/><N who="2" m="17451" /><F50/><W38/><G38/><T92/><D127/><U33/><E33/><V60/><F60/><W123/><G125/><T96/><D49/><U59/><E59/><V91/><F91/><W63/><G90/><N who="0" m="55319" /><D54/><U27/><E30/><V99/><F99/><W87/><G123/><T53/><D53/><U3/><E3/><V133/><F133/><W48/><G69/><T58/><D58/><U134/><E134/><V121/><F121/><RYUUKYOKU ba="0,0" sc="234,10,214,10,236,10,316,-30" hai0="10,13,77,80,81,83,86" hai1="20,27,29,51,52,56,57,62,67,84,88,118,119" hai2="15,16,26,31,34,72,79,82,94,95" /><INIT seed="6,1,0,3,2,7" ten="244,224,246,286" oya="2" hai0="53,8,44,49,74,55,50,26,6,76,109,41,129" hai1="123,13,102,96,79,39,73,105,128,100,17,29,93" hai2="71,57,51,46,54,15,107,24,135,31,88,134,113" hai3="104,32,47,95,85,66,78,120,115,43,84,48,1"/><V112/><F71/><W58/><G104/><T22/><D109/><U28/><E39/><V25/><F107/><W14/><G1/><T124/><D129/><U127/><E128/><V36/><F15/><W0/><G0/><T90/><D124/><U125/><E123/><V98/><F36/><W11/><G32/><T75/><D90/><U2/><E2/><V23/><F46/><W91/><G115/><N who="2" m="44105" /><F25/><W83/><G120/><T99/><D99/><N who="1" m="59503" /><E79/><V59/><F59/><W108/><G108/><T122/><D122/><U89/><E73/><V68/><F68/><W103/><G103/><T82/><D75/><U116/><E116/><V12/><F12/><W94/><G58/><T111/><D111/><U117/><E117/><V35/><F35/><W20/><G66/><T81/><D76/><U80/><E89/><V19/><F31/><W133/><G133/><T62/><D74/><U92/><E80/><V65/><F65/><W45/><G45/><N who="0" m="27855" /><D81/><U106/><E105/><V132/><F132/><W5/><G20/><T69/><D69/><U40/><E106/><V10/><F10/><W16/><G94/><AGARI ba="1,0" hai="19,23,24,51,54,57,88,94,98,134,135" m="44105" machi="94" ten="30,2900,0" yaku="15,1,54,1" doraHai="7" who="2" fromWho="3" sc="244,0,224,0,246,32,286,-32" /><INIT seed="6,2,0,0,3,28" ten="244,224,278,254" oya="2" hai0="122,54,119,88,68,71,104,48,21,81,61,120,46" hai1="37,49,69,92,98,133,113,34,125,29,118,3,22" hai2="41,40,116,85,82,62,94,124,97,70,117,128,56" hai3="105,121,76,13,2,26,0,132,17,108,15,45,50"/><V11/><F70/><W111/><G105/><T43/><D104/><U72/><RYUUKYOKU type="yao9" ba="2,0" sc="244,0,224,0,278,0,254,0" hai1="3,22,29,34,37,49,69,72,92,98,113,118,125,133" /><INIT seed="6,3,0,4,5,2" ten="244,224,278,254" oya="2" hai0="132,69,126,105,129,107,88,64,115,16,58,35,0" hai1="24,114,63,90,96,65,13,20,47,74,43,31,68" hai2="56,85,39,33,40,93,101,112,127,82,17,106,55" hai3="11,80,83,119,10,60,37,34,44,94,57,124,3"/><V29/><F106/><W78/><G34/><T4/><D35/><U130/><E74/><V12/><F33/><W1/><G119/><T53/><D115/><U62/><E114/><V66/><F39/><W79/><G124/><T42/><D126/><U59/><E130/><V5/><F112/><W67/><G3/><T128/><D132/><U28/><E13/><V103/><F66/><W32/><G32/><T118/><D118/><U84/><E96/><V23/><F40/><W98/><G44/><T91/><D42/><U46/><E31/><V108/><F108/><W76/><G37/><T21/><D64/><U18/><E28/><V72/><F72/><W102/><REACH who="3" step="1"/><G1/><REACH who="3" ten="244,224,278,244" step="2"/><T113/><D113/><U45/><E43/><V109/><F127/><W71/><G71/><T116/><D69/><U117/><E117/><V38/><F38/><W81/><AGARI ba="3,1" hai="10,11,57,60,67,76,78,79,80,81,83,94,98,102" machi="81" ten="30,4000,0" yaku="1,1,0,1,8,1,53,0" doraHai="2" doraHaiUra="110" who="3" fromWho="3" sc="244,-13,224,-13,278,-23,244,59" /><INIT seed="7,0,0,3,0,33" ten="231,211,255,303" oya="3" hai0="105,17,92,54,41,56,25,81,30,10,31,64,95" hai1="133,128,104,43,63,9,28,117,13,123,14,115,71" hai2="22,44,122,59,19,84,11,74,39,80,132,96,35" hai3="62,129,34,109,110,127,119,114,79,50,4,27,51"/><W37/><G119/><T100/><D64/><U102/><E123/><V91/><F35/><W3/><G37/><T18/><D105/><U47/><E128/><V0/><F74/><W55/><G79/><T93/><D41/><U108/><E108/><V77/><F132/><W5/><G114/><T118/><D118/><U68/><E133/><V29/><F29/><N who="0" m="10762" /><D81/><U85/><E117/><V32/><F32/><W16/><G34/><T65/><D65/><N who="1" m="41023" /><E115/><V107/><F107/><W125/><G129/><T134/><D134/><U88/><E71/><V116/><F39/><W101/><G101/><T46/><D46/><U7/><E14/><V72/><F72/><W26/><G62/><N who="0" m="36119" /><D10/><U53/><E53/><V89/><F11/><W8/><G8/><T121/><D121/><U82/><E47/><V99/><F44/><W6/><G109/><T24/><D100/><U73/><E43/><V103/><F103/><W60/><G110/><T21/><D21/><U15/><E73/><V1/><F122/><W87/><G55/><T20/><D20/><U131/><E131/><V94/><F59/><W98/><G27/><AGARI ba="0,0" hai="17,18,24,25,27,92,93,95" m="36119,10762" machi="27" ten="30,1000,0" yaku="8,1" doraHai="33" who="0" fromWho="3" sc="231,10,211,0,255,0,303,-10" /><INIT seed="8,0,0,2,3,125" ten="241,211,255,293" oya="0" hai0="67,95,52,64,94,56,31,54,122,57,118,83,104" hai1="128,105,29,85,45,135,87,28,13,110,66,51,84" hai2="47,80,116,44,53,103,49,113,129,88,42,30,26" hai3="33,96,106,78,102,27,63,108,50,109,97,114,99"/><T46/><D118/><U48/><E105/><V70/><F113/><W91/><G33/><T90/><D122/><U98/><E110/><V101/><F70/><W3/><G3/><T41/><D104/><U133/><E66/><N who="0" m="25129" /><D31/><N who="1" m="11851" /><E98/><V21/><F116/><W2/><G2/><T39/><D39/><U120/><E120/><V119/><F119/><W10/><G27/><T9/><D41/><U11/><E128/><V16/><F129/><W22/><G22/><T25/><D25/><U15/><E45/><V92/><F30/><W134/><G102/><N who="2" m="38921" /><F80/><W73/><G106/><T82/><D46/><U72/><E72/><V58/><F42/><W1/><G73/><T123/><D9/><U77/><E11/><V131/><F131/><W127/><G10/><T126/><D126/><U76/><E77/><V38/><F38/><W71/><G1/><T89/><D123/><U19/><E19/><V68/><F68/><W100/><G100/><T132/><D132/><N who="1" m="50763" /><E76/><V23/><F23/><W81/><G78/><T124/><D124/><U130/><E130/><V61/><F49/><AGARI ba="0,0" hai="13,15,48,49,51,84,85,87" m="50763,11851" machi="49" ten="40,5200,0" yaku="28,2,20,1" doraHai="125" who="1" fromWho="2" sc="241,0,211,52,255,-52,293,0" /><INIT seed="9,0,0,1,5,99" ten="241,263,203,293" oya="1" hai0="48,40,108,132,29,121,45,19,83,81,90,129,38" hai1="77,5,88,28,26,133,31,49,95,79,0,134,91" hai2="124,12,60,8,62,93,20,36,127,128,120,51,55" hai3="82,3,112,18,24,53,67,69,113,22,59,33,80"/><U110/><E110/><V16/><F120/><W10/><G69/><T34/><D108/><U119/><E119/><V102/><F36/><W115/><G67/><T97/><D121/><U101/><E5/><V98/><F128/><W7/><REACH who="3" step="1"/><G33/><REACH who="3" ten="241,263,203,283" step="2"/><T21/><D34/><U47/><E133/><V84/><F84/><W41/><G41/><T87/><D132/><U44/><E134/><V106/><F106/><W68/><G68/><T89/><D40/><U35/><E35/><V104/><F104/><W15/><G15/><T118/><D87/><U86/><E86/><V76/><F76/><W94/><G94/><T58/><D129/><U92/><E95/><V122/><F122/><W130/><G130/><T42/><D42/><U61/><E92/><V107/><F107/><W100/><G100/><T23/><D118/><U37/><E101/><V6/><F127/><W126/><G126/><T66/><D66/><U103/><E103/><V70/><F70/><W27/><G27/><T114/><D114/><U39/><E26/><N who="2" m="14599" /><F124/><W78/><G78/><T63/><D89/><U75/><E77/><V116/><F116/><W17/><G17/><T56/><D19/><U50/><E79/><V96/><F96/><W74/><G74/><T73/><D97/><U43/><E75/><V117/><F117/><W131/><G131/><T11/><D73/><U4/><E43/><V125/><F125/><W72/><G72/><T85/><D85/><U2/><E4/><V9/><F9/><W46/><G46/><AGARI ba="0,1" hai="6,8,12,46,51,55,60,62,93,98,102" m="14599" machi="46" ten="30,3900,0" yaku="8,1,52,1,54,1" doraHai="99" who="2" fromWho="3" sc="241,0,263,0,203,49,283,-39" /><INIT seed="10,0,0,3,1,71" ten="241,263,252,244" oya="2" hai0="8,100,68,119,58,28,50,87,73,102,42,70,79" hai1="52,127,118,108,0,38,97,24,65,62,80,4,54" hai2="129,92,5,63,13,11,7,93,123,69,19,99,106" hai3="78,10,17,115,2,43,37,94,18,132,111,35,34"/><V66/><F123/><W112/><G111/><T131/><D73/><U21/><E108/><V83/><F129/><W124/><G124/><T91/><D70/><U26/><E38/><V16/><F19/><N who="3" m="7179" /><G94/><T39/><D68/><U90/><E4/><V15/><F83/><W40/><G78/><T67/><D79/><U130/><E0/><V126/><F126/><W41/><G37/><T135/><D39/><U20/><E118/><V81/><F81/><W85/><G85/><T82/><D131/><U29/><E130/><V88/><F106/><W122/><G122/><T114/><D114/><N who="3" m="43561" /><G132/><T3/><D135/><U110/><E110/><V116/><F116/><W51/><G51/><T76/><D76/><U61/><E97/><V105/><F105/><W23/><G23/><T59/><D119/><U86/><E127/><V14/><F93/><W64/><G64/><T12/><D3/><U9/><E9/><V98/><F98/><W60/><G60/><N who="1" m="23146" /><E65/><V128/><F128/><W77/><G77/><T57/><D67/><U30/><AGARI ba="0,0" hai="20,21,24,26,29,30,52,54,80,86,90" m="23146" machi="30" ten="30,2000,0" yaku="8,1,54,1" doraHai="71" who="1" fromWho="1" sc="241,-5,263,20,252,-10,244,-5" /><INIT seed="11,0,0,0,3,118" ten="236,283,242,239" oya="3" hai0="28,75,121,107,47,92,72,80,56,6,130,15,100" hai1="86,12,24,14,103,101,39,116,33,106,76,52,132" hai2="18,129,73,26,108,45,22,44,43,125,134,82,42" hai3="123,78,2,62,84,64,59,11,4,63,128,131,7"/><W70/><G7/><T51/><D121/><U55/><E39/><V79/><F108/><W37/><G37/><T27/><D107/><U99/><E101/><V61/><F129/><N who="3" m="49739" /><G84/><T105/><D105/><U113/><E132/><V133/><F125/><W9/><G9/><N who="0" m="4535" /><D130/><U122/><E122/><V117/><F61/><W109/><G78/><T66/><D75/><U57/><E113/><V90/><F90/><W91/><G91/><T54/><D72/><U21/><E33/><V114/><F117/><W88/><G88/><T46/><D80/><U94/><E55/><V0/><F0/><W97/><G97/><N who="0" m="59431" /><D66/><U38/><E38/><V127/><F127/><W23/><G109/><T98/><D98/><U16/><E116/><V96/><F96/><W32/><G32/><T41/><D41/><U17/><E106/><V67/><F67/><N who="3" m="39391" /><G23/><AGARI ba="0,0" hai="23,27,28,46,47,51,54,56" m="59431,4535" machi="23" ten="30,1000,0" yaku="8,1" doraHai="118" who="0" fromWho="3" sc="236,10,283,0,242,0,239,-10" owari="246,5.0,283,38.0,242,-16.0,229,-27.0" /></mjloggm>