<mjloggm ver="2.3"><GO type="225" lobby="0"/><UN n0="%E3%83%9E%E3%83%84%E3%82%B6%E3%82%AD" n1="%E3%82%A6%E3%83%AB%E3%83%88%E3%83%A9%E7%AB%8B%E7%9B%B4" n2="%70%69%2D%70%6F" n3="%E4%BA%BA%E5%A4%96%6B%69%6C%6C%65%72" dan="17,17,16,16" rate="2118.91,2103.84,2083.89,2066.65" sx="M,M,M,M"/><TAIKYOKU oya="0"/><INIT seed="0,0,0,5,0,64" ten="250,250,250,250" oya="0" hai0="34,135,77,40,87,104,55,95,134,119,31,79,83" hai1="100,73,8,28,99,78,117,43,68,50,18,86,123" hai2="65,36,111,29,25,88,80,92,20,7,71,66,0" hai3="109,121,72,102,32,94,51,113,125,105,89,62,47"/><T84/><D40/><U108/><E73/><V12/><F36/><W33/><G113/><T45/><D119/><U130/><E68/><V122/><F122/><W98/><G109/><T54/><D104/><U69/><E69/><V27/><F111/><W52/><G125/><T103/><D31/><U93/><E130/><V4/><F0/><W49/><G121/><T44/><D34/><U127/><E127/><V97/><F27/><W132/><G132/><N who="0" m="50731" /><D103/><U46/><E108/><V5/><F71/><W129/><G129/><T60/><D95/><U16/><E123/><V101/><F12/><W74/><G62/><T1/><D1/><U81/><E117/><V6/><N who="2" m="1536" /><DORA hai="82" /><V30/><F30/><W67/><G67/><T63/><D55/><U133/><E133/><V15/><F15/><W58/><G33/><T14/><D14/><N who="1" m="7239" /><E28/><V2/><F2/><W128/><G128/><T75/><D75/><U42/><E18/><V90/><F101/><W9/><G32/><T76/><D83/><U124/><E124/><V10/><F10/><W110/><G110/><T96/><D96/><U106/><E106/><V112/><F112/><W70/><G9/><T85/><D54/><AGARI ba="0,0" hai="42,43,46,50,54,78,81,86,93,99,100" m="7239" machi="54" ten="30,3900,0" yaku="8,1,52,1,54,1" doraHai="64,82" who="1" fromWho="0" sc="250,-39,250,39,250,0,250,0" /><INIT seed="1,0,0,1,4,125" ten="211,289,250,250" oya="1" hai0="77,78,0,59,114,2,105,47,34,88,109,6,17" hai1="81,44,52,107,56,79,4,90,19,122,108,66,37" hai2="111,82,117,42,10,131,16,110,30,112,62,5,11" hai3="135,31,133,13,40,15,64,97,94,104,68,127,87"/><U96/><E122/><V61/><F117/><W28/><G40/><T91/><D114/><U58/><E108/><N who="2" m="41515" /><F112/><W93/><G104/><T60/><D109/><U51/><E37/><V70/><F30/><W46/><G46/><T57/><D105/><U76/><E4/><V26/><F42/><W32/><G87/><T38/><D34/><U41/><E41/><V89/><F131/><W74/><G64/><T33/><D33/><U75/><E66/><N who="2" m="41295" /><F62/><W128/><G68/><T3/><D6/><U116/><E116/><V134/><F134/><W106/><G106/><T85/><D38/><U29/><E29/><V73/><F5/><W103/><G103/><T20/><D47/><U118/><E118/><V69/><F69/><W45/><G45/><T50/><D50/><U67/><E67/><V14/><F26/><W65/><G65/><T9/><D57/><U18/><E58/><V120/><F120/><W123/><G123/><T72/><D59/><U25/><E25/><V27/><F27/><W63/><G32/><T55/><D60/><U7/><E7/><V48/><F48/><W83/><G63/><T86/><D55/><U102/><E56/><V43/><F43/><W100/><G135/><T92/><D72/><U71/><E71/><V132/><F132/><W22/><G74/><T95/><REACH who="0" step="1"/><D9/><REACH who="0" ten="201,289,250,250" step="2"/><U21/><E75/><V24/><F73/><W39/><G133/><T99/><D99/><U113/><E113/><V53/><F53/><W36/><G97/><T35/><D35/><U101/><E52/><V129/><F10/><W8/><G8/><T12/><AGARI ba="0,1" hai="0,2,3,12,17,20,77,78,85,86,88,91,92,95" machi="12" ten="30,8000,1" yaku="1,1,5,1,0,1,9,1,54,1,53,0" doraHai="125" doraHaiUra="130" who="0" fromWho="0" sc="201,90,289,-40,250,-20,250,-20" /><INIT seed="2,0,0,0,4,101" ten="291,249,230,230" oya="2" hai0="53,16,66,92,48,3,110,80,116,106,99,33,74" hai1="24,34,42,62,132,96,111,58,57,68,70,124,20" hai2="123,78,90,82,130,46,5,17,19,79,122,84,27" hai3="45,10,54,60,30,91,7,14,134,13,59,63,126"/><V72/><F130/><W77/><G126/><T1/><D33/><U97/><E34/><V51/><F5/><W127/><G127/><T44/><D110/><U56/><E124/><V29/><F19/><W89/><G134/><T115/><D115/><U26/><E62/><V50/><F17/><W109/><G109/><T119/><D66/><U129/><E111/><V52/><F51/><W21/><G77/><N who="0" m="44087" /><D106/><U64/><E64/><V112/><F112/><W36/><G63/><T135/><D135/><U108/><E108/><V88/><F79/><W2/><G2/><T32/><D32/><U125/><E57/><V12/><F12/><W94/><G14/><T23/><D92/><U35/><E35/><V118/><F118/><N who="0" m="45098" /><D99/><U43/><E125/><V120/><REACH who="2" step="1"/><F72/><REACH who="2" ten="291,249,220,230" step="2"/><W25/><G13/><AGARI ba="0,1" hai="1,3,13,16,23,44,48,53" m="45098,44087" machi="13" ten="30,2000,0" yaku="12,1,54,1" doraHai="101" who="0" fromWho="3" sc="291,30,249,0,220,0,230,-20" /><INIT seed="3,0,0,4,5,86" ten="321,249,220,210" oya="3" hai0="65,18,118,122,3,106,37,12,20,67,78,70,127" hai1="16,22,63,97,53,8,11,41,45,131,95,107,19" hai2="27,84,94,51,113,29,2,43,42,5,17,79,112" hai3="81,23,133,117,82,89,129,71,83,30,6,48,40"/><W24/><G117/><T72/><D122/><U98/><E107/><V58/><F17/><W21/><G129/><T7/><D106/><U111/><E98/><V101/><F2/><W75/><G133/><T44/><D72/><U126/><E19/><V121/><F5/><W74/><G71/><T35/><D78/><U34/><E34/><V49/><F121/><W93/><G6/><T56/><D70/><U132/><E126/><V31/><F79/><W54/><G40/><T52/><D44/><U135/><E131/><V14/><F101/><W104/><G23/><T68/><D68/><U85/><E85/><V125/><F58/><W55/><G104/><T26/><D37/><N who="1" m="21679" /><E111/><V4/><F125/><W76/><G55/><T9/><D118/><U128/><E128/><V61/><F42/><W114/><G114/><T92/><D92/><U116/><E116/><V33/><F43/><W59/><REACH who="3" step="1"/><G74/><REACH who="3" ten="321,249,220,200" step="2"/><T57/><D127/><U120/><E135/><V25/><F4/><W124/><G124/><T47/><D52/><U115/><E132/><V96/><F112/><W91/><G91/><T103/><D20/><U100/><E115/><V123/><F113/><W80/><G80/><T99/><D7/><U10/><E120/><V15/><F123/><W69/><G69/><T28/><D67/><U38/><E53/><V134/><F134/><W102/><G102/><T66/><D65/><U105/><E105/><V109/><F33/><W119/><G119/><T64/><D66/><U46/><E22/><V13/><F109/><W87/><AGARI ba="0,1" hai="21,24,30,48,54,59,75,76,81,82,83,87,89,93" machi="87" ten="20,12000,1" yaku="1,1,0,1,7,1,52,1,53,1" doraHai="86" doraHaiUra="90" who="3" fromWho="3" sc="321,-40,249,-40,220,-40,200,130" owari="281,8.0,209,-19.0,180,-32.0,330,43.0" /></mjloggm>