<mjloggm ver="2.3"><GO type="169" lobby="0"/><UN n0="%E3%82%A6%E3%83%AB%E3%83%88%E3%83%A9%E7%AB%8B%E7%9B%B4" n1="%E3%83%98%E3%82%AF%E3%82%B5%E3%83%BC" n2="%E3%81%8F%E3%82%89%E3%81%BE%E3%82%82%E3%82%93" n3="%E3%81%84%E3%81%AA%E3%81%97%E3%82%93%E3%80%82" dan="17,17,16,16" rate="2135.98,2131.67,2061.32,2176.00" sx="M,M,M,F"/><TAIKYOKU oya="0"/><INIT seed="0,0,0,1,4,0" ten="250,250,250,250" oya="0" hai0="27,22,58,133,110,36,79,97,34,86,38,83,92" hai1="9,33,55,62,15,134,5,6,16,1,68,128,115" hai2="120,51,12,21,29,17,10,116,26,54,2,93,91" hai3="57,66,114,108,125,70,65,28,14,47,90,7,82"/><T50/><D34/><U60/><E115/><V102/><F120/><W19/><G114/><T52/><D133/><U80/><E33/><V100/><F116/><W132/><G70/><T69/><D69/><U4/><E134/><V37/><F37/><W35/><G132/><T98/><D98/><U104/><E128/><V63/><F63/><W56/><G108/><T109/><D109/><U127/><E127/><V135/><F2/><W3/><G125/><T11/><D11/><U124/><E124/><V48/><F135/><W88/><G47/><T32/><D32/><U67/><E104/><V25/><F25/><N who="3" m="18831" /><G56/><T53/><D53/><U130/><E130/><V73/><F73/><W74/><G57/><T72/><D72/><U49/><E62/><V64/><F64/><N who="3" m="24683" /><G82/><T95/><D95/><U101/><E80/><V111/><F111/><W123/><G74/><T103/><REACH who="0" step="1"/><D110/><REACH who="0" ten="240,250,250,250" step="2"/><U75/><E75/><V112/><F112/><W89/><G123/><T31/><AGARI ba="0,1" hai="22,27,31,36,38,50,52,58,79,83,86,92,97,103" machi="31" ten="20,12000,1" yaku="1,1,2,1,0,1,7,1,54,1,53,0" doraHai="0" doraHaiUra="107" who="0" fromWho="0" sc="240,130,250,-40,250,-40,250,-40" /><INIT seed="0,1,0,3,3,66" ten="370,210,210,210" oya="0" hai0="123,104,21,32,33,94,55,44,45,62,53,102,89" hai1="133,119,121,72,106,40,134,70,81,124,76,132,12" hai2="78,112,6,97,18,129,91,122,61,90,8,7,69" hai3="103,84,80,2,111,125,135,20,59,85,35,30,96"/><T41/><D123/><U79/><E40/><V113/><F78/><W27/><G111/><T93/><D104/><U99/><E121/><V5/><F122/><W17/><G2/><T65/><D21/><U34/><E34/><V16/><F129/><W116/><G116/><T13/><D13/><U24/><E24/><V109/><F109/><W58/><G135/><T92/><D102/><N who="1" m="62815" /><E12/><V51/><F51/><W37/><G37/><T26/><D89/><U15/><E15/><V36/><F36/><W31/><G125/><T56/><D26/><U117/><E124/><V86/><F97/><W52/><G35/><T57/><D65/><U29/><E29/><V128/><F128/><W3/><G3/><T101/><D33/><U115/><E115/><V22/><F8/><W82/><G85/><T50/><D32/><U64/><E79/><V14/><F18/><W98/><G59/><T100/><REACH who="0" step="1"/><D45/><REACH who="0" ten="360,210,210,210" step="2"/><U126/><E126/><V130/><F130/><W107/><G27/><T23/><D23/><U48/><E48/><AGARI ba="1,1" hai="41,44,48,50,53,55,56,57,62,92,93,94,100,101" machi="48" ten="40,3900,0" yaku="1,1,8,1,53,0" doraHai="66" doraHaiUra="71" who="0" fromWho="1" sc="360,52,210,-42,210,0,210,0" /><INIT seed="0,2,0,4,5,9" ten="412,168,210,210" oya="0" hai0="11,91,123,6,92,96,114,110,48,117,30,80,113" hai1="101,69,124,70,23,37,129,41,89,126,93,94,27" hai2="17,20,107,19,60,58,44,122,62,2,97,115,120" hai3="127,108,16,111,125,74,132,86,76,47,106,32,54"/><T105/><D123/><U85/><E129/><V61/><F115/><W35/><G106/><T51/><D117/><U88/><E101/><V65/><F2/><W43/><G74/><T52/><D110/><N who="3" m="42025" /><G54/><T49/><D105/><U133/><E133/><V14/><F107/><W56/><G56/><T71/><D71/><U42/><E69/><V109/><F109/><W0/><G0/><T81/><D30/><U99/><E70/><V39/><F97/><W83/><G132/><T21/><D21/><U95/><E94/><V104/><F104/><W112/><G112/><T119/><D119/><U22/><E22/><V46/><F61/><W33/><G16/><T38/><D38/><AGARI ba="2,0" hai="32,33,35,38,43,47,76,83,86,125,127" m="42025" machi="38" ten="40,1300,0" yaku="14,1" doraHai="9" who="3" fromWho="0" sc="412,-19,168,0,210,0,210,19" /><INIT seed="1,0,0,2,4,78" ten="393,168,210,229" oya="1" hai0="9,48,108,126,94,84,106,29,90,72,123,101,130" hai1="89,91,75,58,96,68,122,107,31,28,7,44,60" hai2="112,24,73,35,56,82,30,40,103,51,2,12,8" hai3="16,76,74,133,10,116,27,81,1,39,110,135,63"/><U53/><E122/><V54/><F112/><W42/><G110/><T36/><D36/><U52/><E68/><V121/><F121/><W3/><G63/><T105/><D29/><U71/><E71/><V43/><F103/><W86/><G86/><T66/><D66/><U100/><E75/><V65/><F2/><W15/><G27/><T62/><D62/><U47/><E7/><V93/><F93/><W98/><G98/><T120/><D106/><U23/><E44/><V92/><F92/><W55/><G55/><T80/><D108/><U45/><E47/><V87/><F73/><W20/><G116/><T114/><D114/><U119/><E119/><V104/><F65/><W109/><G109/><T99/><D130/><U115/><E115/><V127/><F104/><W59/><G59/><T32/><D32/><U21/><E31/><V67/><F67/><W18/><G42/><T38/><D38/><U6/><E6/><V124/><F124/><W85/><G39/><T102/><D102/><U61/><E28/><V57/><F57/><W13/><REACH who="3" step="1"/><G74/><REACH who="3" ten="393,168,210,219" step="2"/><T0/><D48/><N who="1" m="28687" /><E60/><V49/><F127/><W134/><AGARI ba="0,1" hai="1,3,10,13,15,16,18,20,76,81,85,133,134,135" machi="134" ten="30,12000,2" yaku="1,1,0,1,20,1,52,1,54,1,53,1" doraHai="78" doraHaiUra="77" who="3" fromWho="3" sc="393,-30,168,-60,210,-30,219,130" /><INIT seed="2,0,0,3,5,29" ten="363,108,180,349" oya="2" hai0="6,114,89,120,115,102,39,99,24,56,58,11,130" hai1="96,28,66,31,37,77,49,109,104,67,135,132,134" hai2="129,0,122,52,81,46,47,14,1,50,10,43,111" hai3="80,74,105,55,119,51,61,133,92,123,16,65,68"/><V18/><F122/><W94/><G123/><T70/><D120/><U75/><E37/><V54/><F129/><W36/><G36/><T88/><D70/><U15/><E109/><V5/><F111/><W83/><G105/><T4/><D39/><U71/><E15/><V124/><F124/><W128/><G119/><T91/><D130/><U106/><E49/><V131/><F131/><W40/><G40/><T113/><D24/><U100/><E106/><V27/><F27/><W35/><G35/><T90/><D90/><U118/><E118/><V101/><F101/><W82/><G74/><T86/><D86/><U116/><E116/><V57/><F81/><W26/><G128/><T2/><REACH who="0" step="1"/><D6/><REACH who="0" ten="353,108,180,349" step="2"/><U62/><REACH who="1" step="1"/><E66/><REACH who="1" ten="353,98,180,349" step="2"/><V23/><F5/><W38/><G38/><T93/><AGARI ba="0,2" hai="2,4,11,56,58,88,89,91,93,99,102,113,114,115" machi="93" ten="40,8000,1" yaku="1,1,2,1,0,1,54,1,53,0" doraHai="29" doraHaiUra="63" who="0" fromWho="0" sc="353,100,98,-20,180,-40,349,-20" /><INIT seed="3,0,0,2,2,111" ten="453,78,140,329" oya="3" hai0="39,67,98,126,43,72,109,83,115,27,70,57,12" hai1="52,17,108,59,89,65,112,4,33,118,101,91,50" hai2="92,51,46,100,121,1,66,105,48,38,34,104,85" hai3="81,96,80,93,110,18,64,117,24,36,10,113,9"/><W123/><G123/><T84/><D72/><U3/><E108/><V2/><F34/><W42/><G117/><T134/><D109/><U49/><E118/><V75/><F75/><W130/><G110/><T131/><D98/><U23/><E33/><V102/><F66/><W11/><G130/><T62/><D27/><U37/><E37/><V58/><F58/><W125/><G125/><T14/><D134/><U119/><E119/><V28/><F46/><W20/><G113/><T133/><D133/><U68/><E112/><V61/><F61/><W86/><G64/><T107/><D107/><U26/><E101/><V132/><F132/><W78/><G80/><T120/><D115/><U71/><E50/><V60/><F60/><W0/><G36/><T95/><D95/><U114/><E114/><V74/><F74/><W99/><G42/><T29/><D29/><U103/><E103/><V122/><F38/><W19/><G0/><T55/><D126/><U73/><E73/><V106/><F106/><W124/><G124/><T13/><D131/><U94/><E65/><V47/><F92/><W16/><REACH who="3" step="1"/><G93/><REACH who="3" ten="453,78,140,319" step="2"/><T22/><D43/><U8/><REACH who="1" step="1"/><E91/><REACH who="1" ten="453,68,140,319" step="2"/><V77/><F104/><W21/><G21/><T88/><D39/><U44/><E44/><V135/><F105/><W6/><G6/><T128/><D128/><U82/><E82/><V54/><F47/><W40/><G40/><T31/><D120/><U30/><E30/><AGARI ba="0,2" hai="9,10,11,16,18,19,20,24,30,78,81,86,96,99" machi="30" ten="40,7700,0" yaku="1,1,8,1,54,1,53,0" doraHai="111" doraHaiUra="41" who="3" fromWho="1" sc="453,0,68,-77,140,0,319,97" owari="453,55.0,-9,-51.0,140,-26.0,416,22.0" /></mjloggm>