<mjloggm ver="2.3"><GO type="169" lobby="0"/><UN n0="%E3%82%A6%E3%83%AB%E3%83%88%E3%83%A9%E7%AB%8B%E7%9B%B4" n1="%2D%42%4B%32%30%31%2D" n2="%E3%81%A4%E3%81%8D%E3%81%AE%E3%81%AD%E3%81%93" n3="%E7%A8%B2%E4%BD%9C%E3%83%B4%E3%82%A9%E3%83%AB%E3%82%B1%E3%82%A4%E3%83%8E" dan="17,18,16,18" rate="2207.28,2258.69,2008.78,2189.00" sx="M,M,M,M"/><TAIKYOKU oya="0"/><INIT seed="0,0,0,2,5,84" ten="250,250,250,250" oya="0" hai0="8,107,33,78,18,119,48,118,9,13,73,21,80" hai1="40,124,130,71,28,25,68,64,83,133,112,117,74" hai2="79,132,121,135,108,31,55,134,44,45,99,102,59" hai3="23,100,126,109,128,66,61,81,77,50,24,65,105"/><T104/><D33/><U53/><E117/><V6/><F121/><W43/><G109/><T127/><D127/><U92/><E124/><V123/><F123/><W98/><G126/><T47/><D119/><U41/><E133/><V2/><F108/><W58/><G128/><T82/><D118/><U91/><E130/><V35/><F79/><W56/><G43/><T14/><D82/><U19/><E19/><V38/><F38/><W60/><G50/><T116/><D116/><U111/><E111/><V54/><F6/><W4/><G4/><T114/><D114/><U106/><E106/><V39/><F2/><W95/><G105/><T29/><D9/><U57/><E112/><V115/><F115/><W22/><REACH who="3" step="1"/><G24/><REACH who="3" ten="250,250,250,240" step="2"/><T86/><D107/><U113/><E40/><V30/><F39/><W70/><G70/><T3/><D104/><U131/><E41/><V12/><F134/><W122/><G122/><T93/><D3/><U1/><E1/><V32/><F12/><W129/><G129/><T125/><D125/><U37/><E37/><V36/><F36/><W0/><G0/><T15/><D48/><N who="1" m="30887" /><E113/><V75/><F59/><W10/><G10/><T34/><D47/><U46/><E46/><V101/><F99/><W94/><G94/><T87/><D93/><U97/><E131/><V20/><F132/><W16/><G16/><N who="0" m="10399" /><D14/><U7/><E7/><V76/><F135/><W89/><G89/><T96/><D96/><U51/><E51/><V5/><F5/><W69/><G69/><T17/><D17/><U85/><E97/><V88/><F44/><W72/><AGARI ba="0,1" hai="22,23,56,58,60,61,65,66,72,77,81,95,98,100" machi="72" ten="20,12000,2" yaku="1,1,5,1,0,1,7,1,9,1,53,2" doraHai="84" doraHaiUra="62" who="3" fromWho="3" sc="250,-60,250,-30,250,-30,240,130" /><INIT seed="1,0,0,4,2,4" ten="190,220,220,370" oya="1" hai0="112,122,77,35,64,79,93,29,98,70,63,125,38" hai1="133,7,85,23,40,41,110,75,67,25,73,15,51" hai2="123,94,114,48,58,92,20,18,97,109,45,32,26" hai3="57,27,116,86,49,72,24,117,102,103,118,115,68"/><U22/><E133/><V14/><F123/><W99/><G72/><T78/><D38/><U9/><E110/><V44/><F109/><W52/><G115/><T47/><D112/><U28/><E67/><V30/><F114/><W107/><G68/><T129/><D122/><U120/><E120/><V1/><F1/><W113/><G113/><T59/><D125/><U6/><E6/><V134/><F134/><W81/><REACH who="3" step="1"/><G103/><REACH who="3" ten="190,220,220,360" step="2"/><T56/><D129/><U3/><E73/><V10/><F32/><W83/><G83/><T37/><D35/><U55/><E75/><V126/><F126/><W101/><G101/><T61/><D70/><U53/><E85/><V60/><F97/><W8/><G8/><T74/><D74/><U12/><E3/><V13/><F94/><W2/><G2/><T16/><D93/><U21/><E12/><V36/><F92/><W65/><G65/><T71/><D98/><U11/><E11/><V0/><F14/><W34/><G34/><T54/><D71/><U84/><E84/><V105/><F0/><W19/><G19/><T106/><D16/><U130/><E130/><V91/><F105/><W131/><G131/><T95/><D106/><U87/><E87/><V104/><F104/><W121/><G121/><T31/><D95/><U43/><REACH who="1" step="1"/><E51/><REACH who="1" ten="190,210,220,360" step="2"/><V66/><F36/><W62/><G62/><N who="0" m="37983" /><D37/><U132/><E132/><V108/><F108/><W50/><G50/><N who="0" m="29023" /><D63/><U124/><E124/><V5/><F48/><W88/><AGARI ba="0,2" hai="24,27,49,52,57,81,86,88,99,102,107,116,117,118" machi="88" ten="30,12000,2" yaku="1,1,0,1,12,1,54,2,53,1" doraHai="4" doraHaiUra="46" who="3" fromWho="3" sc="190,-30,210,-60,220,-30,360,140" /><INIT seed="2,0,0,1,3,129" ten="160,150,190,500" oya="2" hai0="16,45,133,59,109,63,55,115,44,70,5,8,18" hai1="135,106,39,82,105,46,73,42,132,10,13,40,83" hai2="19,78,113,77,128,56,23,27,97,68,2,43,123" hai3="122,58,65,100,87,7,32,11,41,30,57,88,86"/><V25/><F68/><W48/><G122/><T107/><D107/><U130/><E40/><V69/><F69/><W98/><G32/><T38/><D115/><U49/><E130/><V96/><F123/><W37/><G30/><T118/><D118/><U119/><E119/><V131/><F2/><W102/><G37/><T103/><D103/><U15/><E39/><V28/><F113/><W79/><G79/><T125/><D125/><U75/><E105/><V127/><F127/><W92/><G100/><T134/><D70/><U17/><E106/><V21/><F128/><W52/><G41/><T111/><D38/><U51/><E51/><V67/><F43/><W101/><G101/><T31/><D31/><U60/><E60/><N who="2" m="38279" /><F131/><W35/><G35/><T9/><D44/><U124/><E124/><V20/><F20/><W33/><G33/><T54/><D54/><U24/><E24/><V90/><F90/><W12/><G102/><T114/><D45/><U34/><E34/><V53/><F53/><N who="3" m="31911" /><G65/><T22/><D114/><U29/><E29/><V36/><F36/><W99/><G87/><T94/><D94/><U0/><E0/><V85/><F85/><W50/><AGARI ba="0,0" hai="7,11,12,50,52,58,86,88,92,98,99" m="31911" machi="50" ten="30,4000,0" yaku="8,1,54,2" doraHai="129" who="3" fromWho="3" sc="160,-10,150,-10,190,-20,500,40" /><INIT seed="3,0,0,3,3,59" ten="150,140,170,540" oya="3" hai0="129,14,119,101,92,111,29,45,66,95,99,31,61" hai1="114,33,71,74,20,5,13,51,52,88,30,9,103" hai2="49,83,6,48,3,82,89,81,86,131,75,77,116" hai3="134,123,90,113,11,122,27,126,78,102,65,67,38"/><W115/><G11/><T0/><D0/><U24/><E74/><V17/><F131/><W39/><G27/><T15/><D119/><U117/><E114/><V54/><F116/><W42/><G78/><T19/><D111/><U76/><E117/><V121/><F121/><W85/><G102/><T69/><D129/><U44/><E76/><V125/><F125/><W43/><G85/><T22/><D45/><U94/><E71/><V64/><F64/><W47/><G90/><T96/><REACH who="0" step="1"/><D15/><REACH who="0" ten="140,140,170,540" step="2"/><U73/><E73/><V57/><F3/><W53/><G47/><T62/><D62/><U25/><E103/><AGARI ba="0,1" hai="14,19,22,29,31,61,66,69,92,95,96,99,101,103" machi="103" ten="30,8000,1" yaku="1,1,7,1,9,1,52,1,53,1" doraHai="59" doraHaiUra="10" who="0" fromWho="1" sc="140,90,140,-80,170,0,540,0" /><INIT seed="4,0,0,3,4,32" ten="230,60,170,540" oya="0" hai0="133,5,18,99,88,3,80,25,76,129,93,22,112" hai1="24,46,69,2,122,50,117,128,105,84,72,65,48" hai2="119,51,78,52,31,19,63,56,41,114,90,7,64" hai3="98,47,20,104,4,132,60,124,74,40,121,17,127"/><T116/><D116/><U33/><E72/><V103/><F114/><W79/><G132/><T39/><D39/><U102/><E122/><V28/><F119/><W55/><G121/><T61/><D129/><U8/><E117/><V59/><F7/><W1/><G79/><T27/><D112/><U12/><E128/><V87/><F78/><W71/><G74/><T126/><D126/><U134/><E134/><V34/><F103/><W9/><G104/><T123/><D123/><U77/><E2/><V120/><F34/><W67/><G98/><T113/><D113/><U16/><E77/><V38/><F120/><W108/><G55/><T15/><D61/><N who="1" m="40111" /><E84/><V49/><F38/><W70/><G108/><T37/><D37/><U115/><E46/><N who="2" m="25807" /><F19/><W107/><G107/><T101/><D133/><U135/><E135/><V109/><F109/><W118/><G118/><T0/><D101/><U85/><E85/><V30/><F87/><W35/><G35/><T125/><D125/><N who="3" m="48201" /><G60/><T100/><D100/><U96/><E115/><V106/><F106/><W81/><G81/><T95/><D95/><U54/><E54/><V91/><AGARI ba="0,0" hai="28,30,31,51,52,56,59,63,64,90,91" m="25807" machi="91" ten="30,2000,0" yaku="8,1,54,1" doraHai="32" who="2" fromWho="2" sc="230,-10,60,-5,170,20,540,-5" /><INIT seed="5,0,0,4,1,32" ten="220,55,190,535" oya="1" hai0="87,71,5,114,25,111,43,20,28,10,51,115,2" hai1="130,85,59,128,41,35,127,58,42,80,65,70,56" hai2="47,76,113,24,34,37,54,53,62,4,29,106,94" hai3="103,39,129,61,119,13,120,97,109,52,104,90,117"/><U22/><E35/><V19/><F106/><W102/><G109/><T81/><D71/><U18/><E127/><V68/><F4/><W133/><G120/><T125/><D111/><U64/><E18/><V3/><F3/><W45/><G103/><T16/><D125/><U66/><E80/><V112/><F19/><W1/><G1/><T91/><D51/><U15/><E15/><V67/><F76/><W7/><G133/><T46/><D46/><U38/><E85/><V135/><F94/><W60/><G13/><N who="0" m="9231" /><D43/><N who="1" m="16395" /><E22/><V122/><F122/><W124/><G90/><T26/><D26/><U101/><E101/><V6/><F6/><W96/><G97/><T108/><D108/><U11/><E11/><V121/><F121/><W86/><G7/><T107/><D107/><U88/><E88/><V123/><F123/><W99/><G86/><T27/><D27/><U49/><E38/><V105/><F105/><W21/><G21/><T55/><D55/><N who="2" m="21002" /><F37/><W98/><G39/><T48/><D25/><U0/><E0/><V36/><F36/><W9/><G96/><T78/><D28/><U50/><E70/><V69/><F47/><W8/><G9/><T110/><D110/><U93/><E93/><V132/><F68/><W92/><G92/><T126/><D126/><U79/><E79/><V134/><AGARI ba="0,0" hai="24,29,34,62,67,69,112,113,132,134,135" m="21002" machi="134" ten="40,1500,0" yaku="20,1" doraHai="32" who="2" fromWho="2" sc="220,-4,55,-7,190,15,535,-4" /><INIT seed="6,0,0,4,4,134" ten="216,48,205,531" oya="2" hai0="55,77,91,8,84,20,104,112,49,41,15,23,47" hai1="135,56,7,123,36,65,101,57,5,30,82,121,130" hai2="52,126,18,111,89,116,114,129,110,38,105,88,46" hai3="9,60,97,81,92,100,74,44,122,21,106,0,3"/><V70/><F105/><W115/><G122/><T133/><D104/><U120/><E36/><V29/><F70/><W93/><G115/><T67/><D67/><U102/><E135/><V4/><F4/><N who="1" m="1609" /><E82/><V25/><F114/><W17/><G9/><T86/><D133/><U85/><E85/><V33/><F129/><W108/><G108/><T61/><D77/><U6/><N who="1" m="1617" /><U50/><DORA hai="109" /><E65/><V113/><F113/><W1/><G60/><T78/><D78/><U124/><E130/><V95/><F89/><W64/><G64/><T40/><D86/><U34/><E50/><V48/><F116/><W28/><G28/><T59/><D112/><U66/><E66/><V62/><F38/><W11/><G11/><T16/><D41/><U63/><E63/><V10/><F62/><W99/><G44/><T22/><D8/><U32/><E30/><V51/><F51/><W45/><G45/><T118/><D118/><U125/><E32/><V35/><F35/><W96/><G81/><AGARI ba="0,0" hai="15,16,20,22,23,40,47,49,55,59,61,81,84,91" machi="81" ten="30,3900,0" yaku="7,1,8,1,54,1" doraHai="134,109" who="0" fromWho="3" sc="216,39,48,0,205,0,531,-39" /><INIT seed="7,0,0,5,1,29" ten="255,48,205,492" oya="3" hai0="7,105,27,56,75,42,124,112,20,129,76,15,40" hai1="47,37,17,84,103,38,19,62,57,89,92,128,43" hai2="118,8,82,52,88,70,64,14,73,119,30,106,72" hai3="49,86,13,116,114,93,69,132,115,11,122,78,63"/><W67/><G116/><T85/><D85/><U5/><E128/><V74/><F106/><W9/><G122/><T104/><D56/><U31/><E37/><V108/><F108/><W95/><G132/><T110/><D20/><U33/><E5/><V53/><F70/><W54/><G78/><T10/><D15/><U21/><E103/><V1/><F1/><W51/><G51/><T66/><D10/><N who="3" m="3593" /><G13/><T100/><D27/><U94/><E92/><V41/><F64/><W96/><G86/><T2/><D66/><U4/><E4/><V45/><F30/><W102/><G96/><T107/><D40/><U127/><E127/><V28/><F28/><W131/><G102/><T23/><D7/><U24/><E21/><V111/><F53/><W68/><G68/><T126/><D23/><U44/><E47/><V80/><F41/><W26/><G26/><T6/><D42/><U25/><E24/><V32/><F80/><W99/><G99/><T3/><D6/><U59/><E59/><V113/><F32/><W121/><G131/><T83/><D129/><U36/><E38/><V61/><F61/><W39/><G39/><T60/><D60/><U90/><E89/><V123/><F113/><N who="3" m="43019" /><G121/><T97/><D112/><U34/><E33/><V71/><F71/><W0/><G0/><N who="0" m="43" /><D110/><U120/><E120/><V22/><F22/><W130/><G130/><T133/><D133/><U58/><E58/><AGARI ba="0,0" hai="49,54,58,63,67,69,93,95" m="43019,3593" machi="58" ten="30,1500,0" yaku="15,1" doraHai="29" who="3" fromWho="1" sc="255,0,48,-15,205,0,492,15" owari="255,6.0,33,-47.0,205,-19.0,507,60.0" /></mjloggm>