<mjloggm ver="2.3"><GO type="41" lobby="0"/><UN n0="%E3%81%82%E3%81%96%E3%81%A8%E3%81%99" n1="%E5%B0%B1%E6%B4%BB%E7%94%9F%40%E5%B7%9D%E6%9D%91%E8%BB%8D%E5%9B%A3" n2="%E5%B9%BB%E3%81%AB%E8%B3%AD%E3%81%91%E3%82%8D" n3="%6E%6F%7A%6F" dan="15,17,14,14" rate="1951.75,2127.51,1956.28,1997.33" sx="M,M,F,F"/><TAIKYOKU oya="0"/><INIT seed="0,0,0,2,5,67" ten="250,250,250,250" oya="0" hai0="94,39,56,41,80,15,129,119,52,14,114,86,2" hai1="57,32,122,103,124,101,102,118,25,99,35,107,46" hai2="117,111,131,31,77,134,0,135,51,73,87,63,91" hai3="70,126,37,120,132,36,10,79,76,61,105,98,28"/><T125/><D114/><U38/><E122/><V23/><F0/><W65/><G120/><T1/><D119/><U85/><E118/><V9/><F9/><W121/><G121/><T81/><D129/><U133/><E124/><V4/><F4/><W88/><G126/><T60/><D125/><U84/><E133/><N who="2" m="50699" /><F63/><W68/><G132/><T20/><D2/><U109/><E109/><V34/><F51/><W22/><G10/><T104/><D104/><U7/><E7/><V97/><F23/><W113/><G113/><T13/><D1/><U24/><E57/><V96/><F31/><W128/><G128/><T95/><D39/><U92/><E107/><V130/><F34/><W30/><G105/><T64/><D41/><U115/><E115/><V43/><F43/><W5/><G5/><T108/><D108/><U90/><E38/><V123/><F123/><W8/><G8/><T112/><D112/><U72/><E72/><V55/><F55/><W12/><G61/><T26/><D64/><U44/><E35/><V75/><F111/><W58/><G22/><T62/><D60/><U33/><E33/><V110/><F117/><W11/><G11/><T19/><REACH who="0" step="1"/><D81/><REACH who="0" ten="240,250,250,250" step="2"/><U21/><E32/><V93/><F110/><W66/><G37/><T3/><D3/><U40/><E40/><V83/><F96/><W116/><G36/><T59/><D59/><U16/><E25/><V29/><F29/><W48/><G116/><T106/><D106/><U47/><AGARI ba="0,1" hai="16,21,24,44,46,47,84,85,90,92,99,101,102,103" machi="47" ten="30,4000,0" yaku="0,1,8,1,54,1" doraHai="67" who="1" fromWho="1" sc="240,-20,250,50,250,-10,250,-10" /><INIT seed="1,0,0,5,2,30" ten="220,300,240,240" oya="1" hai0="84,37,32,97,9,4,17,73,8,130,109,76,28" hai1="33,135,1,53,65,108,78,69,42,92,68,101,20" hai2="93,116,98,128,81,118,60,131,29,27,22,88,10" hai3="7,24,124,18,120,125,3,74,55,40,119,86,112"/><U59/><E1/><V79/><F10/><N who="3" m="2431" /><G74/><T62/><D109/><U72/><E135/><V0/><F0/><W26/><G112/><T106/><D130/><N who="2" m="49706" /><F60/><W115/><G115/><T31/><D73/><AGARI ba="0,0" hai="22,27,29,73,79,81,88,93,98,116,118" m="49706" machi="73" ten="30,2000,0" yaku="19,1,54,1" doraHai="30" who="2" fromWho="0" sc="220,-20,300,0,240,20,240,0" /><INIT seed="2,0,0,3,1,92" ten="200,300,260,240" oya="2" hai0="129,126,88,131,22,74,13,106,87,31,111,110,98" hai1="102,39,116,26,75,54,83,2,115,46,118,125,127" hai2="130,4,119,95,43,50,35,56,81,120,114,85,15" hai3="32,97,64,96,28,47,52,63,77,38,70,78,14"/><V34/><F114/><W29/><G14/><T86/><D74/><U12/><E2/><V133/><F119/><N who="1" m="45609" /><E26/><V36/><F120/><W135/><G135/><T6/><D126/><N who="1" m="48139" /><E12/><V55/><F130/><N who="0" m="49674" /><D31/><U122/><E122/><V80/><F133/><W23/><G32/><T71/><D71/><U48/><E102/><V51/><F36/><W104/><G104/><T25/><D25/><U21/><E21/><V45/><F35/><W8/><G8/><N who="0" m="4247" /><D22/><U68/><E68/><V57/><F34/><W67/><G23/><T134/><D134/><U59/><E83/><V16/><F4/><W42/><G70/><T107/><D107/><U10/><E10/><N who="2" m="6263" /><F56/><W53/><G47/><T17/><D17/><U7/><E7/><V123/><F123/><W94/><G38/><T117/><D117/><U113/><E75/><V93/><F81/><W72/><G72/><T103/><D87/><U9/><E9/><V132/><F132/><W109/><G29/><T30/><D30/><U18/><E18/><V100/><F100/><W65/><G28/><T33/><D33/><U66/><E39/><V101/><F101/><W121/><G121/><T90/><D86/><U89/><E89/><AGARI ba="0,0" hai="43,45,50,51,55,57,80,85,89,93,95" m="6263" machi="89" ten="30,2900,0" yaku="8,1,54,1" doraHai="92" who="2" fromWho="1" sc="200,0,300,-29,260,29,240,0" /><AGARI ba="0,0" hai="88,89,90,98,103,106,110,111" m="4247,49674" machi="89" ten="30,3900,0" yaku="19,1,52,1,54,1" doraHai="92" who="0" fromWho="1" sc="200,39,271,-39,289,0,240,0" /><INIT seed="2,1,0,4,3,82" ten="239,232,289,240" oya="2" hai0="66,132,100,77,7,128,34,57,95,1,124,14,93" hai1="92,24,23,120,127,27,63,109,29,119,104,11,59" hai2="17,38,60,0,21,116,22,49,16,55,18,62,39" hai3="125,10,75,25,84,81,76,3,115,69,54,86,61"/><V51/><F116/><W114/><G125/><T87/><D34/><U73/><E104/><V91/><F0/><W40/><G40/><T135/><D1/><U97/><E73/><V123/><F123/><W118/><G118/><T41/><D41/><U33/><E109/><V80/><F80/><W42/><G25/><T110/><D110/><U43/><E119/><V121/><F121/><W67/><G42/><T47/><D47/><U2/><E120/><V53/><F18/><W37/><G54/><T13/><D124/><U46/><E127/><V79/><F91/><W113/><G37/><T85/><D128/><U31/><E2/><V32/><F32/><W15/><G3/><T111/><D111/><U70/><E11/><V106/><F106/><W71/><G69/><T58/><D100/><U56/><E70/><V6/><F79/><W107/><G107/><T36/><D77/><U68/><E68/><V89/><F89/><W88/><G88/><T48/><D48/><U28/><E28/><V112/><F112/><W65/><G67/><T126/><D126/><U122/><E122/><V50/><F51/><W117/><G117/><T99/><D99/><U90/><REACH who="1" step="1"/><E63/><REACH who="1" ten="239,222,289,240" step="2"/><V134/><F134/><W96/><REACH who="3" step="1"/><G96/><REACH who="3" ten="239,222,289,230" step="2"/><T98/><D98/><U101/><E101/><V4/><AGARI ba="1,2" hai="4,6,16,17,21,22,38,39,49,50,53,55,60,62" machi="4" ten="25,9600,0" yaku="0,1,22,2,54,1" doraHai="82" who="2" fromWho="2" sc="239,-33,222,-33,289,119,230,-33" /><INIT seed="2,2,0,2,0,38" ten="206,189,408,197" oya="2" hai0="28,7,122,3,128,59,112,10,118,119,82,39,13" hai1="73,79,62,130,19,29,108,48,6,31,14,18,27" hai2="126,102,110,55,22,117,115,77,52,89,75,134,41" hai3="8,68,32,133,104,44,125,132,26,54,63,5,120"/><V4/><F117/><W20/><G120/><T64/><D122/><U51/><E73/><V71/><F71/><W50/><G32/><T84/><D112/><U11/><E79/><V72/><F115/><W1/><G104/><T111/><D111/><U46/><E108/><V91/><F110/><W107/><G107/><T124/><D124/><U81/><E130/><V42/><F77/><W0/><G0/><T109/><D109/><U127/><E127/><V114/><F126/><W34/><G34/><T69/><D69/><U90/><E62/><V74/><F114/><W100/><G100/><T92/><D128/><U88/><E48/><V101/><F22/><W93/><G93/><T30/><D92/><U24/><E81/><V61/><F61/><W85/><G85/><T135/><D135/><N who="3" m="51785" /><G125/><T86/><D39/><U98/><E98/><V131/><F134/><W49/><G50/><T123/><D123/><U16/><E27/><V96/><F131/><W33/><G33/><T103/><D103/><N who="2" m="39434" /><F4/><W67/><G20/><T43/><D3/><U35/><REACH who="1" step="1"/><E29/><REACH who="1" ten="206,179,408,197" step="2"/><V95/><F96/><W17/><G26/><T70/><D119/><U80/><E80/><V47/><F95/><W113/><G113/><T37/><D118/><U23/><E23/><V2/><F2/><W121/><G121/><T94/><D94/><U45/><E45/><V9/><F47/><W129/><G129/><T78/><D82/><U56/><E56/><V97/><F97/><W76/><G76/><T66/><D78/><U99/><E99/><V60/><F74/><W65/><G65/><T25/><D25/><RYUUKYOKU ba="2,1" sc="206,-15,179,15,408,-15,197,15" hai1="6,11,14,16,18,19,24,31,35,46,51,88,90" hai3="1,5,8,17,44,49,54,63,67,68" /><INIT seed="3,3,1,4,4,29" ten="191,194,393,212" oya="3" hai0="32,39,75,45,109,126,121,71,35,122,50,22,120" hai1="18,108,12,115,15,8,89,7,132,38,77,10,127" hai2="90,105,34,58,27,79,119,30,102,69,60,78,66" hai3="54,101,67,24,130,19,21,63,44,2,74,40,83"/><W96/><G2/><T70/><D39/><U33/><E38/><V104/><F104/><W65/><G130/><T5/><D75/><U85/><E115/><V26/><F119/><W81/><G54/><T107/><D107/><U31/><E108/><V98/><F90/><W84/><G74/><T37/><D37/><U46/><E127/><V41/><F41/><W43/><G40/><T47/><D109/><U36/><E132/><V64/><F27/><W91/><G63/><AGARI ba="3,1" hai="26,30,34,58,60,63,64,66,69,78,79,98,102,105" machi="63" ten="40,5200,0" yaku="25,2,52,1" doraHai="29" who="2" fromWho="3" sc="191,0,194,0,393,71,212,-61" /><INIT seed="4,0,0,5,0,29" ten="191,194,464,151" oya="0" hai0="93,17,35,33,28,36,113,26,132,10,88,112,53" hai1="133,111,91,56,123,7,34,87,126,38,44,16,15" hai2="79,57,124,118,94,52,1,127,96,42,5,25,81" hai3="68,4,135,80,83,37,121,67,108,106,69,12,60"/><T97/><D132/><U98/><E123/><V24/><F42/><W99/><G108/><T92/><D36/><U102/><E111/><V30/><F118/><W0/><G0/><T107/><D107/><U73/><E73/><V115/><F115/><N who="0" m="44106" /><D53/><U2/><E34/><V84/><F1/><W89/><G135/><T77/><D77/><U63/><E126/><N who="2" m="48171" /><F5/><W119/><G119/><T41/><D41/><U130/><E130/><V13/><F13/><W78/><G37/><T101/><D17/><U64/><E133/><V72/><F72/><W32/><G121/><T66/><D66/><U46/><E2/><V90/><F30/><W49/><G69/><T125/><D125/><U51/><E7/><V85/><F85/><W114/><G114/><T74/><D10/><N who="1" m="6263" /><E38/><V22/><F22/><W54/><G32/><N who="0" m="20503" /><D74/><U47/><E51/><AGARI ba="0,0" hai="24,25,51,52,57,79,81,84,90,94,96" m="48171" machi="51" ten="30,2000,0" yaku="18,1,54,1" doraHai="29" who="2" fromWho="1" sc="191,0,194,-20,464,20,151,0" /><INIT seed="5,0,0,3,2,59" ten="191,174,484,151" oya="1" hai0="130,133,58,77,114,113,52,1,76,28,8,16,107" hai1="25,69,60,36,23,95,44,27,50,92,35,74,125" hai2="26,97,115,119,31,17,88,70,43,132,15,71,0" hai3="55,128,37,33,134,98,122,127,91,7,6,87,129"/><U94/><E74/><V11/><F43/><W108/><G122/><T40/><D107/><U46/><E125/><V121/><F88/><W62/><G108/><T78/><D28/><U56/><E35/><N who="2" m="20983" /><F97/><W39/><G33/><T105/><D105/><U101/><E69/><V63/><F63/><W100/><G134/><T75/><D40/><U84/><E36/><V61/><F61/><W67/><G55/><T21/><D133/><U103/><E84/><V38/><F38/><W22/><G22/><T53/><D130/><N who="3" m="50281" /><G39/><T14/><D75/><U54/><E46/><V3/><F71/><N who="3" m="42487" /><G37/><T29/><D53/><N who="1" m="33807" /><E27/><V82/><F70/><W9/><G9/><T4/><REACH who="0" step="1"/><D29/><AGARI ba="0,0" hai="23,25,29,44,50,54,92,94,95,101,103" m="33807" machi="29" ten="30,2900,0" yaku="8,1,52,1" doraHai="59" who="1" fromWho="0" sc="191,-29,174,29,484,0,151,0" /><INIT seed="5,1,0,2,4,67" ten="162,203,484,151" oya="1" hai0="119,57,130,30,111,10,43,117,133,102,56,49,107" hai1="21,101,89,96,39,19,94,58,27,6,17,18,132" hai2="9,66,105,33,70,126,29,116,60,3,7,109,13" hai3="108,45,69,97,87,59,44,98,124,77,28,63,134"/><U110/><E39/><V4/><F105/><W53/><G108/><T81/><D111/><U84/><E110/><V2/><F70/><W0/><G0/><N who="2" m="41" /><F66/><W92/><G124/><T37/><D37/><U71/><E132/><V61/><F60/><W127/><G134/><T103/><D133/><U123/><E6/><N who="2" m="3255" /><F61/><W50/><G127/><T131/><D30/><U11/><E11/><V122/><F126/><W106/><G106/><T125/><D125/><U14/><E14/><V42/><F42/><W129/><G129/><N who="0" m="49163" /><D10/><U23/><E71/><V99/><F99/><W95/><G28/><T8/><D8/><U85/><E123/><V1/><F116/><N who="0" m="44618" /><D81/><U121/><E121/><V5/><F122/><W65/><G77/><T25/><D25/><U32/><E32/><V91/><F91/><W118/><G87/><T128/><N who="0" m="49171" /><T38/><DORA hai="51" /><D38/><U22/><E58/><N who="0" m="22633" /><D107/><U115/><E85/><V73/><F109/><W15/><G15/><T20/><D20/><N who="1" m="13711" /><E115/><V112/><F112/><W48/><G118/><T54/><D43/><U80/><AGARI ba="1,0" hai="18,19,21,22,23,80,84,89,94,96,101" m="13711" machi="80" ten="30,1500,0" yaku="8,1" doraHai="67,51" who="1" fromWho="1" sc="162,-6,203,18,484,-6,151,-6" /><INIT seed="5,2,0,0,4,2" ten="156,221,478,145" oya="1" hai0="129,91,78,32,25,49,46,93,0,96,23,11,123" hai1="81,127,131,22,14,59,47,19,42,100,90,122,82" hai2="43,99,3,108,87,9,15,132,114,109,121,84,101" hai3="33,124,56,97,64,54,111,30,28,12,18,8,70"/><U20/><E122/><V65/><F43/><W39/><G111/><T75/><D123/><U55/><E131/><V69/><F65/><W76/><G39/><T104/><D129/><U52/><E127/><V51/><F51/><W17/><G33/><T134/><D134/><U72/><E100/><V37/><F37/><W58/><G124/><T63/><D32/><U73/><E22/><V95/><F69/><W57/><G70/><T7/><D104/><U88/><E55/><V68/><F68/><W53/><G64/><T128/><D128/><U105/><E105/><V60/><F101/><W38/><G38/><T66/><D75/><U85/><E81/><V1/><F95/><W126/><G76/><T120/><D120/><U119/><E119/><V80/><F80/><W13/><G97/><T16/><D78/><U26/><E26/><V74/><F109/><W86/><G86/><T106/><D106/><U36/><REACH who="1" step="1"/><E90/><REACH who="1" ten="156,211,478,145" step="2"/><V116/><F108/><W103/><G103/><T27/><D25/><U92/><E92/><V130/><F116/><W50/><G126/><T83/><D83/><U62/><AGARI ba="2,1" hai="14,19,20,36,42,47,52,59,62,72,73,82,85,88" machi="62" ten="20,12000,1" yaku="1,1,0,1,7,1,54,2,53,0" doraHai="2" doraHaiUra="67" who="1" fromWho="1" sc="156,-42,211,136,478,-42,145,-42" /><INIT seed="5,3,0,3,0,74" ten="114,347,436,103" oya="1" hai0="6,73,129,94,133,111,66,102,110,132,46,105,68" hai1="29,30,97,98,88,120,103,59,124,82,104,28,45" hai2="25,18,119,114,109,127,130,70,67,116,117,7,126" hai3="81,21,115,96,91,44,65,57,123,84,85,22,24"/><U56/><E120/><V40/><F40/><W2/><G123/><T58/><D68/><U95/><E124/><N who="2" m="47659" /><F67/><W87/><G2/><T17/><D6/><U4/><E4/><V15/><F70/><W134/><G115/><T80/><D46/><U33/><E33/><V53/><F53/><W122/><G134/><N who="0" m="51819" /><D17/><U72/><REACH who="1" step="1"/><E45/><REACH who="1" ten="114,337,436,103" step="2"/><V51/><F7/><W118/><G122/><T89/><D111/><U1/><E1/><V55/><F109/><W49/><G44/><T62/><D110/><U16/><E16/><V90/><F116/><W34/><G118/><T11/><D11/><U37/><E37/><V76/><F117/><W0/><G34/><T92/><D129/><U135/><E135/><V107/><F130/><W27/><G0/><T83/><D73/><U71/><E71/><V101/><F119/><W38/><G38/><T131/><D131/><U93/><E93/><V100/><F18/><W121/><G121/><T112/><D112/><U63/><E63/><V14/><F114/><W108/><G108/><T10/><D10/><U75/><E75/><V78/><F107/><W47/><G47/><T54/><D105/><U125/><E125/><V50/><F51/><W52/><G81/><T9/><D9/><U8/><E8/><V41/><F50/><W3/><G3/><T20/><D20/><U13/><E13/><V32/><F15/><W99/><G22/><T60/><D60/><U12/><E12/><V42/><F14/><W19/><G21/><T36/><D36/><U48/><E48/><V43/><F32/><W79/><G49/><T113/><D113/><RYUUKYOKU ba="3,1" sc="114,-10,337,30,436,-10,103,-10" hai1="28,29,30,56,59,72,82,88,95,97,98,103,104" /><INIT seed="5,4,1,5,4,81" ten="104,367,426,93" oya="1" hai0="85,91,119,35,4,59,87,110,57,101,3,61,104" hai1="50,11,133,1,100,84,114,8,15,46,99,73,109" hai2="135,97,48,127,23,16,92,69,58,6,40,44,17" hai3="65,83,20,34,102,64,125,38,94,76,2,112,72"/><U131/><E73/><V67/><F69/><W28/><G34/><T53/><D110/><U118/><E118/><V36/><F135/><W78/><G38/><T93/><D119/><U71/><E71/><V111/><F127/><W105/><G2/><T39/><D35/><U42/><E109/><V19/><F111/><W49/><G105/><T103/><D39/><U54/><E114/><V68/><F6/><W86/><G112/><T126/><D126/><U10/><E133/><V63/><F36/><W56/><G125/><T26/><D104/><U113/><E1/><V9/><F9/><W60/><G72/><T77/><D3/><U123/><E123/><V122/><F122/><W134/><G49/><N who="0" m="30895" /><D26/><U0/><E0/><V89/><REACH who="2" step="1"/><F68/><REACH who="2" ten="104,367,416,93" step="2"/><W117/><G134/><T45/><D4/><U21/><E113/><V12/><AGARI ba="4,2" hai="12,16,17,19,23,40,44,48,58,63,67,89,92,97" machi="12" ten="20,12000,2" yaku="1,1,2,1,0,1,7,1,8,1,54,1,53,0" doraHai="81" doraHaiUra="98" who="2" fromWho="2" sc="104,-34,367,-64,416,152,93,-34" /><INIT seed="6,0,0,2,0,37" ten="70,303,568,59" oya="2" hai0="78,89,84,22,74,54,4,122,58,126,98,79,47" hai1="32,103,13,75,53,44,134,27,56,60,63,51,6" hai2="12,121,67,90,105,112,8,100,59,85,24,61,118" hai3="31,2,18,133,10,7,113,117,82,0,65,43,116"/><V93/><F112/><W135/><G65/><T34/><D34/><U124/><E75/><V123/><F118/><N who="3" m="45675" /><G82/><T41/><D122/><U57/><E124/><V29/><F105/><W101/><G43/><T86/><D126/><U11/><E134/><N who="3" m="51210" /><G101/><T19/><D4/><U76/><E76/><V28/><F100/><W64/><G64/><T88/><D98/><U69/><E69/><V115/><F115/><W102/><G102/><T109/><D109/><U20/><E32/><V80/><F29/><W15/><G113/><T14/><D74/><U131/><E131/><V111/><F111/><W70/><G70/><T49/><D84/><U120/><E120/><V46/><F80/><W83/><G83/><N who="0" m="49247" /><D89/><U114/><E114/><V92/><F93/><W52/><G52/><T62/><AGARI ba="0,0" hai="14,19,22,41,47,49,54,58,62,78,79" m="49247" machi="62" ten="30,4000,0" yaku="8,1,52,1,54,1" doraHai="37" who="0" fromWho="0" sc="70,40,303,-10,568,-20,59,-10" /><INIT seed="7,0,0,0,4,40" ten="110,293,548,49" oya="3" hai0="132,102,21,115,79,9,23,64,20,14,134,94,49" hai1="77,34,58,63,4,124,69,57,103,11,114,130,24" hai2="95,82,19,48,100,1,71,42,74,97,50,70,47" hai3="26,68,46,118,106,81,125,55,67,10,52,56,5"/><W85/><G118/><T99/><D115/><U61/><E69/><V75/><F1/><W39/><G106/><T126/><D126/><U96/><E114/><V119/><F74/><W92/><G68/><T29/><D64/><U54/><E124/><V122/><F75/><W131/><G125/><T135/><D79/><U37/><E37/><V127/><F19/><W110/><G110/><T66/><D66/><U117/><E130/><V30/><F95/><W8/><G131/><T28/><D49/><U88/><E77/><V60/><F50/><N who="3" m="28759" /><G39/><T72/><D72/><U133/><E133/><V6/><F48/><N who="3" m="30823" /><G5/><AGARI ba="0,0" hai="5,9,14,20,21,23,28,29,94,99,102,132,134,135" machi="5" ten="50,1600,0" yaku="20,1" doraHai="40" who="0" fromWho="3" sc="110,16,293,0,548,0,49,-16" owari="126,-27.0,293,9.0,548,65.0,33,-47.0" /></mjloggm>