<mjloggm ver="2.3"><GO type="169" lobby="0"/><UN n0="%E3%82%A6%E3%83%AB%E3%83%88%E3%83%A9%E7%AB%8B%E7%9B%B4" n1="%E8%B1%86%E7%89%B9%EF%BC%A0%E6%B2%B3%E6%9D%91%E8%BB%8D%E5%9B%A3" n2="%E2%98%86%6E%61%6F%E2%98%86" n3="%E3%83%AC%E3%83%9F%E3%83%AA%E3%82%A2%E3%81%AF%E4%BF%BA%E3%81%AE%E5%AB%81" dan="17,18,16,16" rate="2211.91,2195.38,2077.70,2045.67" sx="M,M,F,M"/><TAIKYOKU oya="0"/><INIT seed="0,0,0,5,2,74" ten="250,250,250,250" oya="0" hai0="35,60,1,62,102,42,109,125,9,116,78,58,51" hai1="36,80,44,38,17,43,71,124,93,15,92,41,101" hai2="13,0,127,86,45,88,53,72,107,65,31,11,26" hai3="8,22,122,126,59,115,12,24,25,133,2,49,87"/><T90/><D116/><U82/><E71/><V14/><F72/><W128/><G2/><T16/><D35/><U85/><E124/><V67/><F107/><W52/><G115/><T21/><D125/><U54/><E54/><V75/><F14/><W129/><G126/><T104/><D109/><U106/><E106/><V68/><F0/><W77/><G133/><T79/><D102/><U20/><E101/><V23/><F75/><W48/><G48/><T96/><D9/><U114/><E114/><V73/><F73/><W28/><G25/><N who="0" m="14503" /><D1/><U119/><E119/><V57/><F45/><W19/><REACH who="3" step="1"/><G122/><REACH who="3" ten="250,250,250,240" step="2"/><T84/><D62/><U130/><E130/><V55/><F127/><W50/><G50/><T70/><D51/><U134/><E134/><V61/><F68/><W10/><G10/><T131/><D70/><U69/><E69/><V98/><F61/><W56/><G56/><T123/><D123/><U110/><E110/><V6/><F57/><W132/><G132/><T27/><D131/><U81/><E38/><V76/><F67/><W100/><G100/><T29/><D42/><U112/><E112/><V40/><F65/><W4/><G4/><T117/><D117/><U83/><REACH who="1" step="1"/><E43/><REACH who="1" ten="250,240,250,240" step="2"/><V39/><F40/><W46/><G46/><T108/><D108/><U97/><E97/><V18/><F39/><W89/><G89/><AGARI ba="0,2" hai="15,17,20,36,41,44,80,81,82,83,85,89,92,93" machi="89" ten="40,1300,0" yaku="1,1,53,0" doraHai="74" doraHaiUra="32" who="1" fromWho="3" sc="250,0,240,33,250,0,240,-13" /><INIT seed="1,0,0,2,3,97" ten="250,273,250,227" oya="1" hai0="65,132,129,135,54,43,63,22,18,76,115,40,33" hai1="67,128,126,48,100,119,112,122,56,21,110,90,134" hai2="35,37,116,106,36,91,74,120,83,71,23,31,12" hai3="80,94,30,98,9,85,70,47,93,114,111,73,79"/><U42/><E122/><V69/><F120/><W26/><G114/><T123/><D33/><U75/><E112/><V25/><F116/><W7/><G70/><T27/><D115/><U15/><E119/><V14/><F106/><W17/><G111/><T78/><D123/><U49/><E75/><V34/><F69/><W125/><G125/><T104/><D104/><U4/><E126/><V124/><F124/><W45/><G73/><T64/><D129/><U55/><E128/><V8/><F12/><W11/><G17/><T105/><D105/><U46/><E67/><V3/><F71/><W117/><G94/><T102/><D54/><U130/><E130/><V121/><F121/><W10/><G7/><T57/><D65/><U29/><E90/><V53/><F53/><W51/><G51/><T62/><D62/><U101/><E110/><V133/><F133/><N who="0" m="51274" /><D102/><N who="1" m="39531" /><E134/><V127/><F127/><W16/><G11/><T68/><D68/><U96/><E96/><V13/><F37/><W32/><G10/><T2/><D2/><U6/><E29/><V44/><F34/><W92/><G98/><T108/><D108/><U81/><E81/><V41/><F35/><W103/><G103/><T19/><D78/><U131/><E131/><V24/><F91/><W52/><G117/><T5/><D76/><U0/><E0/><V82/><F74/><W20/><G32/><T109/><D109/><U95/><E95/><V50/><F36/><W28/><G28/><T87/><D64/><U118/><E118/><V59/><F3/><W107/><G107/><T60/><D87/><U88/><E88/><RYUUKYOKU ba="0,0" sc="250,-10,273,30,250,-10,227,-10" hai1="4,6,15,21,42,46,48,49,55,56" /><INIT seed="1,1,0,3,3,47" ten="240,303,240,217" oya="1" hai0="13,39,55,102,46,63,28,18,59,51,32,29,95" hai1="26,65,52,37,56,94,21,90,43,105,117,75,17" hai2="133,124,62,91,66,30,87,70,40,107,23,103,126" hai3="99,19,122,27,36,82,44,41,81,38,120,72,135"/><U130/><E105/><V129/><F129/><W24/><G135/><T98/><D32/><U9/><E75/><V61/><F133/><W67/><G38/><T118/><D39/><U57/><E117/><V45/><F62/><W132/><G132/><T48/><D118/><U6/><E130/><V3/><F3/><W110/><G110/><T0/><D0/><U78/><E78/><V125/><F103/><W71/><G71/><T79/><D79/><U10/><E37/><N who="2" m="21647" /><F23/><W7/><G67/><T68/><D68/><U16/><E43/><V64/><F66/><W33/><G33/><T49/><REACH who="0" step="1"/><D46/><REACH who="0" ten="230,303,240,217" step="2"/><U134/><E134/><V54/><F70/><W108/><G36/><T74/><D74/><U85/><E65/><V77/><F77/><W101/><G44/><T112/><D112/><U84/><E57/><N who="2" m="34999" /><F64/><W119/><G119/><T4/><D4/><U58/><E58/><V25/><F125/><W131/><G131/><T115/><D115/><U92/><E6/><V127/><F126/><W111/><G7/><T104/><D104/><U1/><E1/><V123/><F127/><W69/><G69/><T113/><D113/><U88/><E17/><V114/><F124/><W22/><G72/><T121/><D121/><U109/><REACH who="1" step="1"/><E109/><REACH who="1" ten="230,293,240,217" step="2"/><N who="3" m="42058" /><G41/><T83/><D83/><U106/><E106/><V34/><F107/><N who="3" m="63935" /><G81/><T128/><D128/><U97/><E97/><V35/><F114/><W15/><G82/><T96/><D96/><U31/><E31/><V89/><F30/><W14/><G122/><T100/><D100/><U20/><E20/><AGARI ba="1,2" hai="13,18,20,28,29,48,49,51,55,59,63,95,98,102" machi="20" ten="40,8000,1" yaku="1,1,8,1,52,3,53,0" doraHai="47" doraHaiUra="42" who="0" fromWho="1" sc="230,103,293,-83,240,0,217,0" /><INIT seed="2,0,0,5,4,129" ten="333,210,240,217" oya="2" hai0="131,73,35,44,67,87,79,16,1,31,108,30,45" hai1="100,91,134,33,89,23,127,59,8,135,38,101,28" hai2="64,72,96,70,126,62,93,48,107,3,6,118,0" hai3="112,40,39,106,113,52,27,77,115,58,42,55,123"/><V122/><F122/><W97/><G123/><T41/><D131/><U74/><E38/><V124/><F118/><W13/><G77/><T53/><D108/><U109/><E109/><V121/><F121/><W128/><G128/><T132/><D35/><U94/><E74/><V63/><F107/><W49/><G27/><T102/><D73/><U114/><E114/><V57/><F48/><N who="3" m="31079" /><G13/><T34/><D1/><U9/><E33/><V12/><F72/><W60/><G97/><T18/><D34/><U120/><E120/><V117/><F12/><W75/><G106/><T25/><D67/><U69/><E69/><V26/><F26/><W24/><G24/><T47/><D41/><N who="3" m="15977" /><G75/><T15/><D102/><U32/><E32/><V51/><F117/><W14/><G14/><T37/><D87/><U21/><E59/><V66/><F6/><W4/><G4/><T19/><D79/><U81/><E94/><V99/><F99/><W65/><G39/><T95/><D37/><U104/><E104/><V85/><F85/><W110/><G110/><T84/><D95/><U83/><REACH who="1" step="1"/><E28/><REACH who="1" ten="333,200,240,217" step="2"/><V22/><F93/><W119/><G119/><T82/><D31/><U61/><E61/><V54/><F62/><W111/><G111/><T5/><D30/><U29/><E29/><V50/><F63/><W11/><G60/><T86/><D82/><U71/><E71/><V78/><F70/><W2/><G65/><T46/><D19/><U68/><E68/><V98/><F64/><W56/><G115/><T43/><D18/><U92/><E92/><V88/><F66/><W105/><G105/><RYUUKYOKU ba="0,1" sc="333,-15,200,15,240,-15,217,15" hai1="8,9,21,23,81,83,89,91,100,101,127,134,135" hai3="2,11,49,52,56,112,113" /><INIT seed="3,1,1,4,5,48" ten="318,215,225,232" oya="3" hai0="128,0,122,1,121,33,106,56,86,132,77,29,65" hai1="36,42,89,123,103,55,24,14,125,87,130,63,102" hai2="53,57,20,126,88,25,70,118,9,45,135,110,127" hai3="22,82,134,129,78,98,8,6,94,38,79,111,91"/><W21/><G134/><T72/><D86/><U85/><E123/><V35/><F35/><W13/><G129/><T58/><D65/><U62/><E130/><V92/><F70/><W51/><G38/><T95/><D95/><U96/><E125/><N who="2" m="47627" /><F118/><W74/><G111/><T112/><D58/><U3/><E3/><N who="0" m="1097" /><D56/><U61/><E36/><V73/><F45/><W76/><G74/><T99/><D132/><U109/><E109/><V28/><F135/><W37/><G37/><T44/><D44/><U105/><E42/><V83/><F9/><W46/><REACH who="3" step="1"/><G82/><REACH who="3" ten="318,215,225,222" step="2"/><N who="0" m="45351" /><D128/><U60/><E105/><V40/><F110/><W43/><AGARI ba="1,2" hai="6,8,13,21,22,43,46,51,76,78,79,91,94,98" machi="43" ten="30,6000,0" yaku="1,1,0,1,8,1,53,0" doraHai="48" doraHaiUra="115" who="3" fromWho="3" sc="318,-21,215,-21,225,-21,222,83" /><INIT seed="3,2,0,0,1,0" ten="297,194,204,305" oya="3" hai0="118,2,28,32,33,48,18,110,105,49,112,101,109" hai1="86,17,46,134,96,122,35,133,107,24,47,111,132" hai2="38,92,77,5,97,90,20,25,58,22,14,4,123" hai3="82,116,29,76,87,41,75,67,83,36,34,26,84"/><W6/><G116/><T43/><D118/><U57/><E122/><V79/><F123/><W121/><G121/><T127/><D28/><N who="1" m="19847" /><E111/><V52/><F38/><W45/><G67/><T7/><D18/><U31/><E31/><N who="2" m="17831" /><F14/><W131/><G131/><T54/><D43/><U13/><E86/><V73/><F73/><W30/><G30/><T129/><D129/><U44/><E57/><V55/><F55/><W65/><G65/><T12/><D12/><U106/><E96/><V98/><F22/><AGARI ba="2,0" hai="13,17,22,44,46,47,106,107,132,133,134" m="19847" machi="22" ten="40,1300,0" yaku="20,1" doraHai="0" who="1" fromWho="2" sc="297,0,194,19,204,-19,305,0" /><INIT seed="4,0,0,4,2,65" ten="297,213,185,305" oya="0" hai0="45,113,105,38,93,22,20,64,61,36,63,90,114" hai1="103,71,19,92,30,119,67,70,55,127,51,4,100" hai2="135,48,53,56,118,27,115,17,10,54,50,110,83" hai3="72,96,44,73,125,9,31,34,107,32,123,124,41"/><T46/><D105/><U129/><E119/><V120/><F118/><W104/><G9/><T121/><D93/><U33/><E4/><V58/><F120/><W28/><G44/><T78/><D78/><U75/><E75/><N who="3" m="28746" /><G41/><T26/><D90/><U1/><E1/><V40/><F135/><W23/><G23/><T80/><D80/><U49/><E67/><V133/><F133/><W76/><G76/><T42/><D121/><U84/><E19/><V68/><F40/><W7/><G96/><T101/><D101/><U66/><E66/><V97/><F97/><W39/><G7/><T5/><D5/><U82/><E92/><V37/><F110/><W74/><G74/><T62/><D64/><U132/><E84/><V95/><F37/><N who="0" m="14442" /><D42/><U128/><E82/><V106/><F83/><W102/><G102/><T130/><D130/><U117/><E117/><V8/><F106/><W2/><G107/><T79/><D79/><U85/><E85/><V3/><F3/><W52/><G104/><T131/><D131/><U126/><E132/><V0/><F115/><N who="0" m="44042" /><D26/><U57/><E129/><V77/><F95/><W6/><G6/><T87/><D87/><U18/><E128/><V111/><F77/><W108/><G123/><T16/><D16/><U12/><E100/><V13/><F27/><W88/><G88/><T29/><D29/><U47/><E103/><V43/><F43/><W99/><G31/><T59/><D59/><U98/><E98/><V35/><F56/><W122/><G99/><T15/><D15/><U11/><E57/><V69/><F58/><W89/><G122/><RYUUKYOKU ba="0,0" sc="297,30,213,-10,185,-10,305,-10" hai0="20,22,45,46,61,62,63" /><INIT seed="4,1,0,4,5,119" ten="327,203,175,295" oya="0" hai0="134,59,20,52,40,27,25,130,72,68,56,29,15" hai1="76,115,78,81,129,70,33,12,1,61,107,22,51" hai2="93,26,71,77,9,89,6,135,85,106,98,8,50" hai3="118,32,34,108,43,14,17,73,127,18,42,79,90"/><T64/><D72/><U67/><E33/><V54/><F71/><W41/><G108/><T132/><D40/><U39/><E1/><V112/><F112/><W65/><G118/><T44/><D130/><U126/><E39/><V105/><F135/><N who="0" m="51754" /><D15/><U38/><E38/><V36/><F36/><W110/><G110/><T69/><D44/><U37/><E37/><V102/><F26/><W87/><G65/><T30/><D64/><U80/><E107/><V4/><F9/><W114/><G127/><T13/><D13/><U3/><E3/><V88/><F77/><W7/><G7/><T122/><D59/><U100/><E100/><V23/><F23/><W99/><G73/><T128/><D128/><U2/><E2/><V94/><F102/><W58/><G58/><T92/><D92/><U5/><E126/><V91/><F91/><W49/><G114/><T123/><D68/><U16/><E115/><V45/><F6/><W28/><G41/><T75/><D75/><U124/><E5/><V109/><REACH who="2" step="1"/><F109/><REACH who="2" ten="327,203,165,295" step="2"/><W48/><G90/><T84/><D69/><N who="1" m="42223" /><E129/><V62/><F62/><W57/><G79/><N who="1" m="30250" /><E70/><V131/><F131/><W60/><G60/><N who="0" m="35847" /><D84/><U21/><E124/><V66/><F66/><W95/><G87/><T121/><D121/><U10/><E51/><V104/><F104/><W113/><G113/><T120/><D120/><U82/><E10/><V47/><F47/><N who="3" m="25727" /><G34/><AGARI ba="1,1" hai="20,25,27,29,30,34,122,123" m="35847,51754" machi="34" ten="30,11600,0" yaku="20,1,52,2,54,1" doraHai="119" who="0" fromWho="3" sc="327,129,203,0,165,0,295,-119" /><INIT seed="4,2,0,4,3,38" ten="456,203,165,176" oya="0" hai0="62,126,127,135,36,113,37,112,96,43,106,70,71" hai1="124,52,110,133,25,129,111,73,24,15,72,125,95" hai2="130,23,81,102,0,49,27,105,119,30,4,29,104" hai3="45,19,109,14,79,60,7,66,76,40,103,89,101"/><T28/><D28/><U59/><E95/><V69/><F69/><W85/><G109/><T116/><D116/><U88/><E88/><V8/><F119/><W18/><G7/><T98/><D135/><U12/><E133/><V100/><F130/><W3/><G3/><T44/><D62/><U20/><E129/><V65/><F65/><W83/><G101/><T86/><D86/><U54/><E20/><V46/><F81/><W92/><G103/><T67/><D67/><U53/><E53/><V61/><F61/><W42/><G76/><T120/><D120/><U6/><E6/><V57/><F57/><AGARI ba="2,0" hai="12,15,24,25,52,54,57,59,72,73,110,111,124,125" machi="57" ten="25,3200,0" yaku="22,2,54,1" doraHai="38" who="1" fromWho="2" sc="456,0,203,38,165,-38,176,0" /><INIT seed="5,0,0,2,3,98" ten="456,241,127,176" oya="1" hai0="78,64,39,66,33,123,111,126,27,83,60,51,113" hai1="135,2,85,25,118,15,7,101,128,107,74,108,84" hai2="11,9,59,81,73,3,94,65,35,30,69,122,88" hai3="82,99,24,133,97,49,56,87,19,42,54,34,18"/><U28/><E118/><V96/><F122/><W115/><G115/><T95/><D39/><U93/><E74/><V23/><F35/><W17/><G133/><T13/><D123/><U43/><E2/><V6/><F69/><W100/><G42/><T62/><D111/><U71/><E71/><V55/><F65/><W10/><G99/><T12/><D126/><U114/><E107/><V90/><F9/><W77/><G34/><T75/><D95/><U14/><E43/><V58/><F58/><W52/><G54/><T121/><D51/><U63/><E63/><V112/><F112/><W124/><G124/><T26/><D113/><U29/><E114/><V1/><F1/><W104/><REACH who="3" step="1"/><G10/><REACH who="3" ten="456,241,127,166" step="2"/><T86/><D33/><N who="1" m="20623" /><E135/><V72/><F23/><AGARI ba="0,1" hai="17,18,19,23,24,49,52,56,77,82,87,97,100,104" machi="23" ten="40,5200,0" yaku="1,1,52,1,54,1,53,0" doraHai="98" doraHaiUra="105" who="3" fromWho="2" sc="456,0,241,0,127,-52,166,62" /><INIT seed="6,0,0,1,1,123" ten="456,241,75,228" oya="2" hai0="107,61,78,80,33,52,4,129,97,90,77,30,120" hai1="13,125,24,113,115,121,49,42,16,47,103,0,64" hai2="12,81,84,68,86,74,105,79,40,18,124,73,37" hai3="94,91,2,57,25,14,65,27,46,26,11,114,92"/><V102/><F68/><W109/><G109/><T83/><D4/><U51/><E0/><V3/><F3/><W104/><G104/><T98/><D52/><U6/><E121/><V67/><F67/><W58/><G114/><N who="1" m="43530" /><E125/><V35/><F35/><W34/><G2/><T133/><D61/><U44/><E64/><V130/><F124/><W126/><G126/><T119/><D30/><U82/><E103/><V53/><F130/><W134/><G134/><T131/><D90/><U54/><E6/><V59/><F86/><W1/><G1/><T128/><D97/><U72/><E24/><V88/><F79/><W101/><G46/><T20/><D20/><N who="1" m="11279" /><E82/><V116/><F116/><W62/><G34/><T96/><D83/><U66/><E66/><V45/><F102/><W8/><G101/><T43/><D80/><U71/><E71/><V70/><F105/><W50/><G8/><T31/><D107/><U100/><E100/><V69/><F69/><W36/><G91/><T93/><D120/><U75/><AGARI ba="0,0" hai="42,44,47,49,51,54,72,75" m="11279,43530" machi="75" ten="30,2000,0" yaku="15,1,54,1" doraHai="123" who="1" fromWho="1" sc="456,-5,241,20,75,-10,228,-5" /><INIT seed="7,0,0,0,0,11" ten="451,261,65,223" oya="3" hai0="29,93,31,7,85,61,47,83,113,3,42,135,73" hai1="118,12,94,28,76,18,92,4,108,54,64,62,106" hai2="128,10,114,120,129,132,89,75,55,99,107,105,58" hai3="79,103,74,65,119,5,15,100,80,38,86,77,112"/><W59/><G38/><T27/><D135/><U104/><E108/><V127/><F120/><W52/><G119/><T44/><D44/><U111/><E111/><V84/><F75/><W124/><G112/><T30/><D93/><U91/><E94/><V14/><F114/><W131/><G131/><T121/><D121/><U48/><E28/><V122/><F122/><W96/><G124/><T1/><D1/><U78/><E4/><V56/><F127/><W109/><G109/><T25/><D61/><U50/><E104/><V81/><F132/><W98/><G65/><T17/><D17/><U82/><E106/><V69/><F69/><W116/><G116/><T6/><D85/><N who="1" m="52335" /><E118/><V126/><F126/><W72/><G79/><N who="1" m="30250" /><E54/><V20/><F99/><N who="3" m="37931" /><G74/><T71/><D47/><U60/><E82/><V24/><F128/><W97/><G97/><T16/><D27/><U36/><E36/><V33/><F129/><W101/><G101/><T66/><D66/><U88/><E88/><V40/><F33/><W41/><G41/><T49/><D113/><U39/><E39/><V35/><F35/><W9/><G72/><T26/><D73/><U57/><E60/><AGARI ba="0,0" hai="5,9,15,52,59,60,77,80,86,100,103" m="37931" machi="60" ten="30,5800,0" yaku="8,1,52,1,54,1" doraHai="11" who="3" fromWho="1" sc="451,0,261,-58,65,0,223,58" /><INIT seed="7,1,0,4,5,60" ten="451,203,65,281" oya="3" hai0="125,61,7,48,121,77,85,15,71,40,93,52,43" hai1="22,88,67,66,81,118,75,36,26,31,74,90,2" hai2="50,58,119,102,82,65,101,133,16,128,46,29,134" hai3="76,89,131,84,18,109,37,69,117,94,73,122,30"/><W98/><G37/><T97/><D121/><U126/><E36/><V33/><F119/><W115/><G30/><T99/><D125/><U70/><E2/><V114/><F128/><W120/><G69/><T116/><D116/><U135/><E118/><V107/><F114/><W103/><G18/><T111/><D111/><U54/><E126/><V24/><F82/><N who="3" m="45327" /><G117/><T79/><D71/><U62/><E135/><V13/><F101/><W113/><G131/><T68/><D68/><U10/><E10/><V34/><F34/><W130/><G130/><T78/><D61/><U132/><E132/><V56/><F56/><W20/><G20/><T104/><D104/><U39/><E39/><V105/><F102/><W64/><G64/><T123/><D123/><N who="3" m="47145" /><G109/><T59/><D7/><U6/><E6/><V8/><F134/><W129/><G129/><T63/><D15/><U3/><E3/><V47/><F47/><W45/><G45/><N who="0" m="25663" /><D40/><U5/><E5/><V4/><F4/><W11/><G11/><T9/><D9/><U80/><E54/><V108/><F108/><W95/><AGARI ba="1,0" hai="84,89,94,95,98,103,113,115" m="47145,45327" machi="95" ten="30,3000,0" yaku="34,2" doraHai="60" who="3" fromWho="3" sc="451,-11,203,-11,65,-11,281,33" /><INIT seed="7,2,0,5,2,20" ten="440,192,54,314" oya="3" hai0="68,36,71,12,18,49,108,125,15,9,83,116,84" hai1="131,30,128,81,8,110,39,78,97,99,5,59,14" hai2="114,115,58,101,16,19,24,117,75,70,118,6,98" hai3="132,77,100,54,91,90,41,109,88,95,32,42,76"/><W134/><G32/><T33/><D36/><U130/><E39/><V48/><F75/><W72/><G109/><T105/><D116/><U119/><E110/><V103/><F48/><W28/><G28/><T65/><D108/><U3/><E119/><V86/><F86/><W0/><G0/><T31/><D125/><U93/><E3/><V120/><F6/><W22/><G22/><T26/><D105/><U133/><E133/><N who="3" m="51306" /><G54/><T129/><D129/><U121/><E121/><V94/><F94/><W7/><G7/><T123/><D123/><U21/><E59/><V10/><F58/><W27/><G27/><T44/><D65/><U63/><E63/><V102/><F70/><W127/><G127/><T11/><D11/><U67/><E67/><V50/><F50/><W135/><N who="3" m="51314" /><W85/><DORA hai="87" /><G72/><T43/><D15/><U111/><E111/><V34/><F10/><W46/><G85/><T35/><D35/><U37/><E37/><V104/><F102/><W62/><G62/><T47/><D47/><U52/><E8/><V1/><F1/><W60/><G60/><T13/><D13/><U25/><E5/><V73/><F73/><W38/><G42/><T126/><D126/><U40/><E14/><V107/><F34/><W106/><G106/><T61/><D61/><U74/><E40/><V23/><F23/><W112/><G112/><T113/><D113/><U79/><E21/><V53/><F53/><W56/><G56/><T89/><AGARI ba="2,0" hai="9,12,18,26,31,33,43,44,49,68,71,83,84,89" machi="89" ten="20,5200,0" yaku="0,1,7,1,52,2" doraHai="20,87" who="0" fromWho="0" sc="440,58,192,-15,54,-15,314,-28" owari="498,59.0,177,-22.0,39,-46.0,286,9.0" /></mjloggm>