<mjloggm ver="2.3"><GO type="137" lobby="0"/><UN n0="%E3%81%93%E3%81%96%E3%81%B6%E3%82%8D%E3%83%BC" n1="%E5%B0%86%E9%9B%80" n2="%E5%B0%B1%E6%B4%BB%E7%94%9F%40%E5%B7%9D%E6%9D%91%E8%BB%8D%E5%9B%A3" n3="%E9%A6%AC%E4%B8%A6%E3%81%BF" dan="13,12,15,12" rate="1757.07,1696.11,1994.93,1657.27" sx="M,M,M,M"/><TAIKYOKU oya="0"/><INIT seed="0,0,0,0,2,83" ten="250,250,250,250" oya="0" hai0="0,16,100,28,20,133,25,18,126,57,41,106,67" hai1="118,5,59,92,77,110,91,88,81,12,23,87,93" hai2="125,36,54,95,70,68,50,102,89,131,65,42,123" hai3="135,97,105,52,85,15,76,22,11,40,74,4,13"/><T121/><D121/><U30/><E118/><V51/><F123/><W1/><G135/><T94/><D0/><U120/><E120/><V39/><F125/><W129/><G74/><T56/><D126/><U113/><E110/><V90/><F131/><W3/><G129/><T61/><D133/><U96/><E113/><V71/><F102/><W130/><G130/><T84/><D106/><U6/><E59/><V27/><F27/><W79/><G79/><T14/><D41/><U60/><E60/><V99/><F65/><W32/><G32/><T114/><D114/><U128/><E128/><V107/><F107/><W117/><G117/><T43/><D43/><U124/><E124/><V10/><F10/><W72/><G72/><T62/><D14/><U111/><E111/><V29/><F29/><W63/><G40/><T78/><D78/><U86/><E12/><V75/><F75/><W103/><G15/><T44/><D44/><U58/><E58/><V80/><F42/><W82/><G22/><T45/><D45/><U26/><AGARI ba="0,0" hai="5,6,23,26,30,77,81,86,87,88,91,92,93,96" machi="26" ten="30,8000,1" yaku="0,1,8,1,52,2,54,1" doraHai="83" who="1" fromWho="1" sc="250,-40,250,80,250,-20,250,-20" /><INIT seed="1,0,0,3,2,18" ten="210,330,230,230" oya="1" hai0="90,88,11,84,50,68,55,15,73,71,13,123,76" hai1="75,125,67,37,27,124,96,104,110,99,114,31,57" hai2="107,22,65,34,103,36,87,44,62,60,53,95,46" hai3="135,94,14,48,35,97,41,8,78,105,10,42,43"/><U119/><E114/><V134/><F34/><W113/><G135/><T89/><D123/><U117/><E37/><V23/><F134/><W101/><G113/><T0/><D73/><U100/><E75/><V51/><F107/><W130/><G130/><T80/><D0/><U9/><E9/><V25/><F25/><W115/><G35/><T121/><D121/><U82/><E82/><V49/><F36/><W7/><G115/><T70/><REACH who="0" step="1"/><D11/><REACH who="0" ten="200,330,230,230" step="2"/><U111/><E119/><V54/><F62/><W39/><G8/><T1/><D1/><U106/><E117/><V120/><F120/><W40/><G39/><T116/><D116/><U127/><E67/><V83/><F95/><W38/><G38/><T17/><D17/><U72/><E72/><V128/><F128/><W5/><G105/><T108/><D108/><U32/><E57/><AGARI ba="0,1" hai="13,15,50,55,57,68,70,71,76,80,84,88,89,90" machi="57" ten="50,3200,0" yaku="1,1,54,1,53,0" doraHai="18" doraHaiUra="30" who="0" fromWho="1" sc="200,42,330,-32,230,0,230,0" /><INIT seed="2,0,0,2,5,104" ten="242,298,230,230" oya="2" hai0="56,69,63,66,25,93,118,117,14,70,91,9,76" hai1="39,50,126,113,31,52,125,64,114,74,42,85,18" hai2="0,38,71,98,135,48,83,58,23,96,34,4,55" hai3="127,26,2,27,75,111,99,3,87,59,100,21,15"/><V65/><F34/><W53/><G127/><N who="1" m="48650" /><E31/><V49/><F71/><W90/><G111/><T112/><D112/><N who="1" m="43115" /><E18/><V73/><F38/><W80/><G3/><T8/><D76/><U124/><E85/><V22/><F135/><W60/><G2/><T129/><D129/><U123/><E64/><V16/><F65/><W88/><G90/><T41/><D41/><U54/><E123/><V61/><F23/><W51/><G75/><T28/><D8/><U19/><E19/><V24/><F4/><W82/><G60/><T131/><D131/><U94/><E94/><V84/><F73/><W134/><G134/><T40/><D40/><U108/><E108/><V78/><F0/><W86/><G15/><T57/><D57/><N who="1" m="32919" /><E74/><V133/><F133/><W44/><G44/><T107/><D107/><U130/><E130/><V46/><F61/><W121/><G121/><T1/><D1/><U6/><E6/><V95/><F95/><W12/><G87/><T36/><D25/><U102/><E102/><V35/><F35/><W33/><G82/><T106/><D28/><U128/><E128/><V122/><F122/><W119/><G33/><T103/><D106/><U32/><E32/><V13/><REACH who="2" step="1"/><F24/><REACH who="2" ten="242,298,220,230" step="2"/><W37/><G37/><T101/><D93/><U105/><E105/><V92/><F92/><W116/><G27/><T120/><D120/><U7/><E7/><V89/><F89/><W5/><G5/><T45/><D91/><U115/><E115/><V20/><F20/><W47/><G80/><T81/><D81/><U43/><N who="1" m="48658" /><U77/><DORA hai="68" /><E39/><V67/><F67/><RYUUKYOKU ba="0,1" sc="242,-10,298,-10,220,30,230,-10" hai2="13,16,22,46,48,49,55,58,78,83,84,96,98" /><INIT seed="2,1,1,4,1,8" ten="232,288,250,220" oya="2" hai0="90,100,33,134,31,42,104,111,59,99,87,89,52" hai1="114,0,56,50,123,120,75,125,28,105,82,1,60" hai2="10,45,18,22,2,130,78,86,51,129,91,128,96" hai3="121,29,15,40,12,122,46,108,85,54,71,53,101"/><V58/><F78/><W109/><G71/><T118/><D134/><U76/><E114/><V88/><F96/><W62/><G29/><T26/><D111/><N who="3" m="42569" /><G101/><T20/><D118/><U93/><E105/><V19/><F58/><N who="3" m="35151" /><G85/><T47/><D33/><U103/><E28/><V84/><F2/><W106/><G106/><T64/><D64/><U4/><E125/><V116/><F116/><W113/><G54/><T35/><D35/><U44/><E93/><N who="2" m="54407" /><F10/><W9/><G9/><T77/><D77/><U39/><E103/><V127/><F127/><W110/><N who="3" m="42577" /><W83/><DORA hai="14" /><G83/><T25/><D25/><U38/><E0/><V3/><F3/><W32/><G32/><T132/><D132/><U135/><E1/><V66/><F66/><W80/><G80/><T102/><D102/><U27/><E4/><V43/><F22/><W131/><G131/><T115/><D115/><U79/><E135/><V74/><F74/><W67/><G67/><T11/><D11/><U61/><E75/><V117/><F117/><W6/><G6/><T34/><D34/><U126/><E82/><AGARI ba="1,1" hai="18,19,43,45,51,82,86,91,128,129,130" m="54407" machi="82" ten="30,11600,0" yaku="19,1,52,2,54,1" doraHai="8,14" who="2" fromWho="1" sc="232,0,288,-119,250,129,220,0" /><INIT seed="2,2,0,4,3,34" ten="232,169,379,220" oya="2" hai0="8,108,0,71,39,75,112,130,94,134,52,28,100" hai1="114,76,131,57,110,25,115,7,45,97,53,16,83" hai2="91,88,31,12,19,63,23,48,105,20,123,47,93" hai3="111,58,66,64,125,51,78,11,87,32,49,9,119"/><V70/><F105/><W72/><G119/><T101/><D112/><U95/><E110/><V132/><F123/><W10/><G72/><T35/><D71/><U3/><E131/><V42/><F132/><W60/><G32/><T55/><D39/><U116/><E45/><V104/><F104/><W62/><G111/><T127/><D75/><U40/><E40/><V26/><F70/><W99/><G125/><T33/><D108/><U41/><E41/><V135/><F135/><W120/><G120/><T103/><D134/><U92/><E116/><V24/><F63/><W38/><G38/><T14/><D130/><U107/><E107/><V128/><F128/><W69/><REACH who="3" step="1"/><G99/><REACH who="3" ten="232,169,379,210" step="2"/><T86/><D127/><U106/><E115/><V113/><F113/><W29/><G29/><T84/><D35/><U98/><E114/><V85/><F91/><W46/><G46/><T21/><D33/><U89/><E106/><V65/><F65/><W126/><G126/><T67/><D28/><U6/><E3/><V36/><F36/><W96/><G96/><T37/><D0/><U129/><E76/><V133/><F133/><W61/><G61/><T56/><D37/><U80/><E129/><V109/><F109/><W13/><G13/><AGARI ba="2,1" hai="12,13,19,20,23,24,26,31,42,47,48,85,88,93" machi="13" ten="40,3900,0" yaku="8,1,54,1" doraHai="34" who="2" fromWho="3" sc="232,0,169,0,379,55,210,-45" /><INIT seed="2,3,0,0,0,45" ten="232,169,434,165" oya="2" hai0="121,132,11,69,0,30,26,38,37,62,91,75,8" hai1="114,67,113,64,12,32,92,122,74,71,52,73,120" hai2="89,96,118,95,109,119,72,53,81,33,108,93,115" hai3="27,126,15,22,84,42,23,82,130,133,90,103,112"/><V98/><F33/><W1/><G133/><T29/><D121/><U54/><E32/><V44/><F44/><W128/><G130/><T7/><D75/><U65/><E12/><V101/><F53/><N who="1" m="20585" /><E71/><V55/><F55/><W28/><G112/><N who="1" m="43114" /><E92/><V31/><F31/><W94/><G126/><T40/><D132/><U88/><E88/><V47/><F47/><W104/><G128/><T56/><D11/><U35/><E35/><V48/><F48/><W83/><G1/><T60/><D91/><U46/><E46/><V63/><F63/><W107/><G104/><T13/><D62/><U2/><E2/><V58/><F58/><W49/><G107/><T66/><D69/><U77/><E77/><N who="2" m="44199" /><F115/><W5/><G103/><T17/><D40/><U99/><E99/><V6/><F6/><W85/><G5/><T19/><D30/><U76/><E76/><V116/><AGARI ba="3,0" hai="89,93,95,96,98,101,108,109,116,118,119" m="44199" machi="116" ten="40,3900,0" yaku="34,2" doraHai="45" who="2" fromWho="2" sc="232,-16,169,-16,434,48,165,-16" /><INIT seed="2,4,0,3,1,75" ten="216,153,482,149" oya="2" hai0="127,6,80,96,100,61,36,76,9,128,47,24,21" hai1="28,124,71,50,5,74,102,98,133,121,115,12,135" hai2="70,32,94,59,103,119,87,105,86,13,39,85,129" hai3="1,37,77,43,16,10,79,29,93,117,88,60,101"/><V20/><F70/><W73/><G117/><T122/><D122/><U56/><E115/><V62/><F32/><W31/><G1/><T106/><D128/><U67/><E74/><V55/><F39/><W52/><G73/><T123/><D123/><U30/><E121/><V48/><F105/><W58/><G37/><T0/><D127/><U118/><E124/><V34/><F129/><W44/><G43/><T126/><D61/><U78/><E71/><V104/><F34/><W40/><G101/><T27/><D126/><U22/><E118/><V45/><F104/><W69/><G69/><T114/><D21/><U14/><E102/><V26/><F119/><W110/><G110/><T4/><D4/><U112/><E112/><V111/><F13/><N who="3" m="7223" /><G44/><T54/><D114/><U120/><E120/><V35/><F35/><W25/><G40/><T2/><D2/><U23/><E98/><V90/><F111/><W53/><G25/><T130/><D130/><U95/><E5/><V107/><F107/><W64/><G31/><T82/><D82/><U41/><E41/><V19/><REACH who="2" step="1"/><F103/><REACH who="2" ten="216,153,472,149" step="2"/><W91/><G29/><T68/><D68/><U108/><E108/><V109/><F109/><W15/><G91/><T125/><D125/><U131/><E131/><V11/><F11/><W33/><G33/><T99/><D36/><U46/><E30/><V3/><F3/><W97/><G15/><T81/><D0/><U89/><E28/><V65/><AGARI ba="4,1" hai="19,20,26,45,48,55,59,62,65,85,86,87,90,94" machi="65" ten="20,18000,2" yaku="1,1,0,1,7,1,8,1,53,3" doraHai="75" doraHaiUra="83" who="2" fromWho="2" sc="216,-64,153,-64,472,202,149,-64" /><INIT seed="2,5,0,4,5,18" ten="152,89,674,85" oya="2" hai0="127,9,14,108,57,52,77,53,125,67,45,131,65" hai1="32,28,95,111,44,46,64,0,79,124,78,120,98" hai2="105,107,96,15,12,102,37,75,27,59,8,92,5" hai3="117,88,69,109,38,2,13,25,129,60,85,7,35"/><V118/><F75/><W133/><G129/><T31/><D108/><U123/><E111/><V90/><F118/><W49/><G117/><T128/><D77/><U112/><E0/><V83/><F37/><W66/><G109/><T72/><D31/><U63/><E112/><V10/><F27/><W101/><G38/><T113/><D72/><U50/><E28/><V116/><F116/><W93/><G133/><T122/><D113/><U100/><E32/><V97/><F83/><W130/><G130/><N who="0" m="49707" /><D9/><U74/><E124/><N who="0" m="47689" /><D14/><U55/><E44/><V42/><F42/><W1/><G2/><T36/><D122/><N who="1" m="46635" /><E74/><V86/><F59/><AGARI ba="5,0" hai="46,50,55,59,63,64,78,79,95,98,100" m="46635" machi="59" ten="30,1000,0" yaku="13,1" doraHai="18" who="1" fromWho="2" sc="152,0,89,25,674,-25,85,0" /><INIT seed="3,0,0,5,5,79" ten="152,114,649,85" oya="3" hai0="82,59,90,78,107,130,9,13,34,135,114,83,36" hai1="21,102,127,70,39,25,14,128,126,26,88,131,106" hai2="19,32,89,103,86,123,92,40,48,80,50,35,120" hai3="54,45,84,11,58,0,44,31,38,46,47,72,6"/><W22/><G72/><T68/><D68/><U4/><E39/><V75/><F19/><W117/><G38/><T73/><D36/><U77/><E70/><V33/><F40/><W63/><G117/><T5/><D34/><U17/><E102/><V42/><F42/><W112/><G112/><T53/><D107/><U55/><E106/><V97/><REACH who="2" step="1"/><F75/><REACH who="2" ten="152,114,639,85" step="2"/><W110/><G110/><T115/><D135/><U113/><E113/><V8/><F8/><W52/><G31/><T2/><D130/><N who="1" m="49707" /><E77/><V100/><F100/><W109/><G109/><T76/><D2/><U49/><E88/><V3/><F3/><W51/><G22/><T29/><D90/><U30/><E4/><V16/><F16/><W1/><REACH who="3" step="1"/><G84/><REACH who="3" ten="152,114,639,75" step="2"/><T66/><D29/><U81/><E30/><V41/><F41/><W64/><G64/><T28/><D66/><U69/><E69/><V87/><F87/><W118/><G118/><T7/><D28/><U15/><E127/><V111/><F111/><W24/><G24/><T134/><D115/><U18/><E126/><V93/><F93/><W119/><G119/><T94/><D114/><U62/><E26/><V133/><F133/><W57/><G57/><T43/><D134/><U124/><E25/><V12/><F12/><AGARI ba="0,2" hai="0,1,6,11,12,44,45,46,47,51,52,54,58,63" machi="12" ten="40,3900,0" yaku="1,1,54,1,53,0" doraHai="79" doraHaiUra="98" who="3" fromWho="2" sc="152,0,114,0,639,-39,75,59" /><INIT seed="3,1,0,1,3,106" ten="152,114,600,134" oya="3" hai0="2,134,85,38,16,119,3,111,110,76,50,107,55" hai1="135,60,82,47,6,98,0,12,101,114,44,105,65" hai2="116,37,9,57,48,125,83,92,58,78,84,17,56" hai3="115,132,75,13,29,91,97,52,86,127,30,77,90"/><W109/><G127/><T117/><D107/><U87/><E114/><V27/><F37/><W24/><G115/><T19/><D38/><U34/><E0/><V80/><F125/><W26/><G132/><T63/><D134/><U20/><E135/><V95/><F116/><W7/><G97/><T67/><D85/><U54/><E34/><V128/><F128/><W96/><G96/><T49/><D76/><U130/><E130/><V15/><F80/><W94/><G91/><T45/><D50/><U108/><E108/><N who="0" m="41513" /><D119/><U120/><E120/><V133/><F133/><W4/><G109/><T8/><D117/><U39/><E39/><V124/><F124/><W41/><G41/><T121/><D121/><U46/><E6/><V69/><F69/><W79/><G13/><N who="0" m="7207" /><D19/><U40/><E40/><V59/><F27/><W126/><G126/><T5/><D5/><N who="3" m="2121" /><G75/><T53/><D53/><AGARI ba="1,0" hai="9,15,17,48,53,56,57,58,59,78,83,84,92,95" machi="53" ten="40,1300,0" yaku="8,1" doraHai="106" who="2" fromWho="0" sc="152,-16,114,0,600,16,134,0" /><INIT seed="4,0,0,0,0,0" ten="136,114,616,134" oya="0" hai0="96,131,99,42,7,104,61,133,132,130,33,59,64" hai1="39,25,30,73,12,48,109,134,95,20,113,78,31" hai2="35,51,82,87,2,22,38,14,28,50,34,111,101" hai3="105,49,66,18,32,65,83,128,8,27,94,52,86"/><T84/><D33/><U97/><E39/><V46/><F38/><W69/><G105/><T74/><D42/><U88/><E109/><V15/><F2/><W77/><G128/><N who="0" m="49195" /><D74/><U40/><E134/><N who="0" m="51817" /><D84/><U125/><E125/><V80/><F101/><W10/><G69/><T122/><D122/><U72/><E113/><V110/><F22/><W75/><G75/><T127/><D127/><U100/><E31/><V124/><F28/><W4/><G32/><T89/><D104/><U24/><E24/><V129/><F129/><W43/><G43/><T47/><D47/><U92/><E78/><V44/><F87/><W108/><G94/><T85/><D85/><U17/><E48/><V91/><F124/><W107/><G107/><T37/><D37/><U76/><E76/><V54/><F54/><W116/><G108/><T60/><D60/><U16/><E40/><V57/><F57/><W98/><G98/><N who="0" m="37419" /><D89/><AGARI ba="0,0" hai="14,15,34,35,44,46,50,51,80,82,89,91,110,111" machi="89" ten="25,1600,0" yaku="22,2" doraHai="0" who="2" fromWho="0" sc="136,-16,114,0,616,16,134,0" /><INIT seed="5,0,0,1,0,26" ten="120,114,632,134" oya="1" hai0="60,7,2,16,36,87,72,124,134,9,18,116,112" hai1="65,38,92,109,101,50,46,74,24,110,79,61,11" hai2="41,120,27,1,48,77,115,39,128,117,105,99,108" hai3="127,17,121,70,31,131,122,83,51,52,14,4,91"/><U63/><E38/><V0/><F48/><W84/><G70/><T6/><D116/><U97/><E74/><V55/><F27/><W119/><G131/><T62/><D124/><U66/><E79/><V56/><F77/><W43/><G127/><T35/><D35/><U111/><E11/><V96/><F56/><W100/><G100/><T42/><D72/><U13/><E13/><V68/><F55/><W44/><G119/><T8/><D134/><U126/><E126/><V30/><F30/><W85/><G85/><T10/><D112/><U76/><E76/><V33/><F41/><W22/><G43/><T21/><D87/><U64/><E24/><V81/><F81/><W37/><G37/><T107/><D107/><U23/><E23/><V104/><F99/><W98/><G98/><T106/><D106/><U129/><E129/><V94/><F96/><W89/><G89/><T75/><D75/><U114/><E114/><V59/><F59/><W71/><G71/><T3/><D10/><U29/><E29/><V123/><F94/><W88/><G91/><T20/><D36/><U125/><E125/><V49/><F49/><W32/><G4/><T80/><D42/><AGARI ba="0,0" hai="42,46,50,61,63,64,65,66,92,97,101,109,110,111" machi="42" ten="50,2400,0" yaku="10,1" doraHai="26" who="1" fromWho="0" sc="120,-24,114,24,632,0,134,0" /><INIT seed="5,1,0,3,2,86" ten="96,138,632,134" oya="1" hai0="70,35,103,117,125,57,93,42,68,45,62,80,133" hai1="41,15,28,84,113,14,110,3,24,5,31,32,108" hai2="36,56,81,1,7,9,106,40,88,122,39,100,101" hai3="21,18,111,124,135,66,118,12,92,132,104,27,52"/><U83/><E41/><V64/><F122/><W72/><G111/><N who="1" m="42538" /><E113/><V73/><F106/><W65/><G104/><T4/><D117/><U74/><E74/><V109/><F109/><W69/><G72/><T10/><D35/><U8/><E31/><V120/><F120/><W129/><G69/><T25/><D25/><U43/><E43/><V79/><F88/><AGARI ba="1,0" hai="3,5,8,14,15,24,28,32,83,84,88" m="42538" machi="88" ten="30,5800,0" yaku="10,1,52,1,54,1" doraHai="86" who="1" fromWho="2" sc="96,0,138,61,632,-61,134,0" /><INIT seed="5,2,0,4,1,53" ten="96,199,571,134" oya="1" hai0="128,51,121,86,31,82,97,66,88,36,96,21,35" hai1="72,15,106,70,110,37,87,90,52,129,100,68,54" hai2="44,29,130,10,78,45,50,49,101,103,60,19,46" hai3="122,75,76,115,81,132,25,40,1,3,65,118,20"/><U107/><E72/><V83/><F130/><W32/><G122/><T42/><D36/><U92/><E37/><V12/><F29/><W69/><G115/><T48/><D121/><U120/><E129/><V55/><F60/><W77/><G132/><T18/><D128/><U57/><E120/><V30/><F30/><W61/><G118/><T6/><D66/><U93/><E110/><V85/><F45/><W41/><G77/><T4/><D35/><U11/><E54/><AGARI ba="2,0" hai="10,12,19,44,46,49,50,54,55,78,83,85,101,103" machi="54" ten="30,3900,0" yaku="7,1,9,1,8,1" doraHai="53" who="2" fromWho="1" sc="96,0,199,-45,571,45,134,0" /><INIT seed="6,0,0,2,5,15" ten="96,154,616,134" oya="2" hai0="67,5,58,59,107,130,31,13,134,87,120,131,127" hai1="110,73,48,94,64,105,0,6,41,40,128,95,69" hai2="68,79,42,100,83,60,56,61,99,43,21,55,115" hai3="7,121,9,57,11,88,98,96,53,1,50,85,125"/><V8/><F115/><W49/><G125/><T17/><D120/><U29/><E105/><V97/><F68/><W106/><G121/><T37/><D107/><U28/><E110/><V112/><F112/><W24/><G24/><T74/><D37/><U104/><E104/><V22/><F8/><W14/><G106/><T10/><D74/><U119/><E73/><V133/><F133/><W92/><REACH who="3" step="1"/><G49/><REACH who="3" ten="96,154,616,124" step="2"/><T89/><D127/><U113/><E113/><V114/><F114/><W70/><G70/><T36/><D36/><U54/><E119/><V20/><F60/><W118/><G118/><T80/><D134/><U26/><E128/><V27/><F27/><W47/><G47/><T82/><D131/><U72/><E72/><V19/><F61/><W103/><G103/><T123/><D130/><U108/><E108/><V101/><F56/><W76/><G76/><T129/><D129/><U18/><E69/><V90/><F90/><W109/><G109/><T33/><D123/><U135/><E135/><V77/><F77/><W4/><AGARI ba="0,1" hai="1,4,7,9,11,14,50,53,57,85,88,92,96,98" machi="4" ten="20,8000,1" yaku="1,1,0,1,7,1,54,1,53,1" doraHai="15" doraHaiUra="51" who="3" fromWho="3" sc="96,-20,154,-20,616,-40,124,90" /><INIT seed="7,0,0,1,4,97" ten="76,134,576,214" oya="3" hai0="98,93,75,76,48,51,130,70,68,26,36,108,102" hai1="23,21,117,56,104,30,57,110,11,131,81,54,34" hai2="90,105,106,35,124,72,4,39,107,9,61,25,120" hai3="12,31,3,13,20,0,59,125,1,118,82,50,83"/><W60/><G118/><T100/><D108/><U33/><E110/><V80/><F120/><W77/><G125/><T121/><D36/><U63/><E117/><V95/><F124/><W111/><G111/><T113/><D121/><U91/><E131/><V16/><F39/><W96/><G96/><T114/><D130/><U87/><E104/><V132/><F132/><W73/><G50/><T126/><D126/><U28/><E11/><V71/><F71/><W42/><G42/><T135/><D135/><U109/><E109/><V29/><F61/><W49/><G49/><T115/><D26/><U86/><E63/><V19/><F80/><W123/><G123/><T79/><D75/><U88/><E81/><V2/><F2/><W134/><G134/><T40/><D98/><U5/><E5/><V41/><F41/><W44/><G44/><T66/><D93/><U37/><E37/><V43/><F43/><W55/><G83/><T69/><D66/><U101/><E54/><V15/><REACH who="2" step="1"/><F72/><REACH who="2" ten="76,134,566,214" step="2"/><W99/><G82/><T119/><D119/><U78/><E78/><N who="0" m="29737" /><D40/><U74/><E74/><V116/><F116/><W122/><G73/><T84/><D84/><AGARI ba="0,1" hai="4,9,15,16,19,25,29,35,84,90,95,105,106,107" machi="84" ten="40,8000,1" yaku="1,1,54,1,53,2" doraHai="97" doraHaiUra="14" who="2" fromWho="0" sc="76,-80,134,0,566,90,214,0" owari="-4,-50.0,134,-27.0,656,76.0,214,1.0" /></mjloggm>