<mjloggm ver="2.3"><GO type="41" lobby="0"/><UN n0="%75%70%74%6F%79%6F%75" n1="%E5%B0%B1%E6%B4%BB%E7%94%9F%40%E5%B7%9D%E6%9D%91%E8%BB%8D%E5%9B%A3" n2="%E3%81%8B%E3%81%9A%E3%82%8A%E3%82%85%E3%81%86" n3="%E3%82%BF%E3%82%B3%EF%BC%92%EF%BC%95%EF%BC%92%EF%BC%95" dan="13,16,15,14" rate="2045.60,2084.73,1967.33,1976.07" sx="M,M,M,M"/><TAIKYOKU oya="0"/><INIT seed="0,0,0,1,2,34" ten="250,250,250,250" oya="0" hai0="83,135,105,129,46,84,50,21,75,113,44,70,38" hai1="31,121,69,123,36,110,8,133,76,85,97,92,19" hai2="3,55,61,132,122,17,107,53,48,119,78,115,32" hai3="52,65,58,71,63,88,68,14,45,98,74,13,114"/><T66/><D105/><U81/><E69/><V1/><F32/><W131/><G74/><T12/><D75/><U30/><E36/><V125/><F107/><W5/><G114/><T28/><D129/><U0/><E133/><V91/><F122/><W64/><G131/><T62/><D135/><U116/><E116/><V112/><F132/><W94/><G45/><T54/><D113/><U59/><E110/><V35/><F35/><W15/><REACH who="3" step="1"/><G5/><REACH who="3" ten="250,250,250,240" step="2"/><T33/><D46/><U93/><E121/><V126/><F115/><W99/><G99/><T7/><D38/><U124/><E123/><V49/><F112/><W108/><G108/><T79/><D33/><U104/><E124/><V23/><F119/><W111/><G111/><T56/><D7/><U106/><E31/><V20/><F78/><W82/><G82/><T90/><D70/><AGARI ba="0,1" hai="13,14,15,52,58,63,64,65,68,70,71,88,94,98" machi="70" ten="40,5200,0" yaku="1,1,54,2,53,0" doraHai="34" doraHaiUra="96" who="3" fromWho="0" sc="250,-52,250,0,250,0,240,62" /><INIT seed="1,0,0,0,3,66" ten="198,250,250,302" oya="1" hai0="91,76,79,114,98,120,34,97,108,16,24,65,113" hai1="135,109,73,28,57,4,50,105,71,68,22,69,106" hai2="64,93,130,61,112,99,72,31,127,94,44,21,53" hai3="14,52,35,38,101,126,123,13,74,134,26,2,27"/><U29/><E73/><V104/><F72/><W48/><G38/><T8/><D108/><U77/><E109/><V90/><F130/><W84/><G74/><T81/><D120/><U75/><E135/><V118/><F127/><W83/><G126/><T124/><D124/><U117/><E117/><V88/><F118/><W32/><G2/><T5/><D76/><U121/><E121/><V10/><F10/><W78/><G123/><T59/><D97/><U115/><E115/><V9/><F9/><W43/><G43/><T96/><D98/><U56/><E4/><V17/><F104/><W125/><G125/><T86/><D59/><U6/><E6/><V0/><F0/><W20/><G101/><T42/><D65/><U129/><E129/><V119/><F112/><W131/><G27/><T62/><D62/><U95/><E95/><V12/><F31/><W82/><G82/><T3/><D42/><U46/><E56/><V103/><F94/><W18/><G134/><T92/><REACH who="0" step="1"/><D34/><REACH who="0" ten="188,250,250,302" step="2"/><U51/><E57/><N who="2" m="36911" /><F119/><W36/><G35/><T80/><D80/><U54/><E51/><AGARI ba="0,1" hai="12,17,21,44,51,53,88,90,93,99,103" m="36911" machi="51" ten="30,2000,0" yaku="8,1,54,1" doraHai="66" who="2" fromWho="1" sc="188,0,250,-20,250,30,302,0" /><INIT seed="2,0,0,1,5,94" ten="188,230,280,302" oya="2" hai0="11,90,38,123,48,95,34,62,37,117,96,26,66" hai1="79,3,109,40,107,63,87,91,30,50,51,110,21" hai2="56,53,134,71,118,116,103,39,98,60,35,27,9" hai3="54,92,115,6,7,120,28,112,61,75,10,68,46"/><V119/><F39/><W22/><G75/><T108/><D117/><U86/><E107/><V81/><F134/><W106/><G106/><T15/><D108/><N who="1" m="41579" /><E3/><V102/><F81/><W132/><G120/><T13/><D13/><U5/><E5/><V8/><F71/><W16/><G28/><T4/><D123/><U45/><E63/><V58/><F103/><W99/><G132/><T19/><D48/><N who="1" m="26663" /><E79/><V85/><F85/><N who="1" m="32265" /><E91/><V0/><F0/><W125/><G10/><T76/><D76/><U135/><E135/><V31/><REACH who="2" step="1"/><F58/><REACH who="2" ten="188,230,270,302" step="2"/><N who="3" m="35031" /><G68/><T130/><D130/><U72/><E72/><V24/><F24/><AGARI ba="0,1" hai="21,24,30,50,51" m="32265,26663,41579" machi="24" ten="30,1000,0" yaku="14,1" doraHai="94" who="1" fromWho="2" sc="188,0,230,20,270,-10,302,0" /><INIT seed="3,0,0,3,2,6" ten="188,250,260,302" oya="3" hai0="24,73,60,45,89,18,41,35,102,105,130,52,67" hai1="50,25,135,88,27,28,124,48,53,13,96,122,72" hai2="10,94,12,123,104,119,22,132,23,111,83,61,39" hai3="47,16,55,97,106,95,93,82,26,92,14,17,110"/><W86/><G110/><T75/><D130/><U109/><E72/><V0/><F39/><W4/><G106/><T51/><D89/><U112/><E122/><V129/><F104/><W127/><G127/><T20/><D35/><U108/><E112/><V116/><F0/><W118/><G118/><T99/><REACH who="0" step="1"/><D41/><REACH who="0" ten="178,250,260,302" step="2"/><U133/><E124/><V113/><F129/><W98/><G98/><T38/><D38/><U131/><E131/><V32/><F32/><W66/><G97/><T42/><D42/><U84/><E96/><V126/><F126/><W3/><G3/><T58/><AGARI ba="0,1" hai="18,20,24,45,51,52,58,60,67,73,75,99,102,105" machi="58" ten="20,8000,1" yaku="1,1,0,1,7,1,54,1,53,1" doraHai="6" doraHaiUra="54" who="0" fromWho="0" sc="178,90,250,-20,260,-20,302,-40" /><INIT seed="4,0,0,2,5,34" ten="268,230,240,262" oya="0" hai0="42,30,104,35,118,99,96,80,62,121,123,19,61" hai1="10,68,54,89,41,71,58,102,113,63,97,1,120" hai2="114,119,49,7,83,51,86,3,36,128,90,4,66" hai3="135,64,18,95,109,110,74,111,59,65,57,85,44"/><T69/><D42/><U50/><E120/><V26/><F66/><W29/><G74/><T17/><D80/><U39/><E113/><V73/><F26/><W16/><G29/><T98/><D104/><U101/><E39/><V9/><F114/><W100/><G135/><T107/><D107/><U112/><E112/><V103/><F128/><W130/><G130/><T93/><D93/><U0/><E89/><V55/><F103/><W125/><G44/><T14/><D118/><U129/><E129/><V91/><F73/><W38/><G38/><T94/><D94/><U27/><E27/><V92/><F36/><W12/><G125/><T115/><D115/><U43/><E10/><V11/><F55/><W127/><G127/><T33/><D14/><U47/><E41/><V87/><REACH who="2" step="1"/><F119/><REACH who="2" ten="268,230,230,262" step="2"/><W116/><G116/><T20/><D121/><U84/><E102/><V45/><F45/><W24/><G100/><T131/><D131/><U79/><E71/><V8/><F8/><N who="3" m="6151" /><G65/><T15/><D69/><U132/><E132/><V82/><F82/><W23/><G64/><T77/><D123/><U52/><E68/><V2/><AGARI ba="0,1" hai="2,3,4,7,9,11,49,51,83,86,87,90,91,92" machi="2" ten="20,12000,2" yaku="1,1,0,1,7,1,9,1,52,2,53,0" doraHai="34" doraHaiUra="124" who="2" fromWho="2" sc="268,-60,230,-30,230,130,262,-30" /><INIT seed="5,0,0,5,4,44" ten="208,200,360,232" oya="1" hai0="33,78,47,116,127,23,104,9,40,90,59,14,2" hai1="21,68,77,57,70,32,45,18,99,92,56,5,30" hai2="54,6,27,105,41,24,135,8,123,108,117,109,131" hai3="69,67,96,95,48,20,35,118,102,1,94,66,100"/><U17/><E77/><V65/><F105/><W64/><G35/><T25/><D33/><U119/><E119/><V133/><F65/><W91/><G1/><T126/><D78/><U53/><E70/><V36/><F54/><W107/><G118/><T16/><D59/><N who="1" m="22603" /><E68/><V63/><F63/><W31/><G69/><T128/><D2/><U71/><E71/><V29/><F41/><W115/><G115/><T113/><D113/><U122/><E32/><V19/><F36/><W73/><G73/><T55/><D55/><U112/><E112/><V114/><F114/><W124/><G124/><T83/><D104/><U110/><E110/><V37/><F37/><W80/><G102/><T3/><D3/><U28/><E5/><V50/><F123/><W101/><G101/><T82/><D90/><N who="1" m="55703" /><E122/><V26/><F6/><W11/><G80/><T121/><D121/><U10/><E10/><V62/><F8/><W85/><G11/><T125/><D116/><U103/><E103/><V49/><F117/><W81/><G20/><T89/><D89/><U74/><E74/><V22/><F22/><W106/><G31/><N who="1" m="11818" /><E21/><V60/><F109/><W132/><G107/><T72/><D72/><U12/><E12/><V134/><F108/><W93/><G132/><T88/><D88/><U38/><E38/><V75/><F135/><W97/><REACH who="3" step="1"/><G96/><REACH who="3" ten="208,200,360,222" step="2"/><T4/><D128/><U42/><E42/><V86/><F134/><W34/><G34/><T120/><D120/><U111/><E111/><V43/><F133/><W84/><G84/><T46/><D40/><U13/><E13/><V15/><F15/><RYUUKYOKU ba="0,1" sc="208,10,200,10,360,-30,222,10" hai0="4,9,14,16,23,25,46,47,82,83,125,126,127" hai1="17,18,45,53" hai3="48,64,66,67,81,85,91,93,94,95,97,100,106" /><INIT seed="5,1,1,0,2,2" ten="218,210,330,232" oya="1" hai0="18,45,21,101,75,95,132,22,5,113,25,135,27" hai1="36,124,52,71,49,86,43,111,39,76,0,116,119" hai2="125,88,35,90,133,91,115,67,83,23,79,44,74" hai3="123,112,122,60,68,46,38,41,87,10,42,50,13"/><U20/><E71/><V81/><F35/><W47/><G87/><T69/><D75/><U110/><E0/><V120/><F67/><W97/><G97/><T94/><D69/><U62/><E76/><V107/><F120/><W134/><G112/><T57/><D113/><U109/><E86/><V65/><F65/><N who="3" m="40999" /><G13/><T84/><D101/><U59/><E20/><V131/><F131/><W15/><G15/><T54/><D45/><N who="1" m="25791" /><E124/><V37/><F133/><N who="0" m="51274" /><D84/><U30/><E30/><V105/><F125/><W93/><G93/><T106/><D106/><U114/><E114/><V64/><F115/><W85/><G85/><T17/><D5/><U53/><E53/><V130/><F130/><W78/><G10/><T100/><D100/><U98/><E98/><V103/><F103/><W92/><G92/><T72/><D72/><U16/><E16/><V77/><F107/><W80/><G80/><T128/><D128/><U70/><E70/><V6/><F105/><W48/><G78/><T117/><D117/><AGARI ba="1,1" hai="36,39,52,59,62,109,110,111,116,117,119" m="25791" machi="117" ten="40,12000,1" yaku="10,1,34,2,54,1" doraHai="2" who="1" fromWho="0" sc="218,-123,210,133,330,0,232,0" /><INIT seed="5,2,0,3,5,89" ten="95,343,330,232" oya="1" hai0="65,79,18,112,135,3,28,93,71,8,117,123,105" hai1="106,67,34,87,29,124,7,4,80,15,120,97,12" hai2="63,92,126,31,44,121,111,82,11,76,115,85,39" hai3="131,45,84,17,22,95,35,119,51,46,37,26,23"/><U74/><E120/><V86/><F111/><W73/><G131/><T130/><D79/><U77/><E124/><V9/><F126/><W104/><G73/><T30/><D65/><U113/><E113/><V19/><F31/><W42/><G104/><T116/><D30/><U62/><E74/><V91/><F121/><W78/><G119/><T40/><D28/><U133/><E133/><V24/><F63/><W21/><G35/><T64/><D64/><U53/><E53/><V54/><F115/><W61/><G61/><T110/><D40/><U10/><E34/><V98/><F39/><W101/><G78/><T52/><D93/><U50/><E29/><V32/><F32/><W49/><G37/><T69/><D52/><U129/><E50/><V83/><F44/><W100/><G101/><T122/><D18/><U103/><E129/><V68/><F68/><W134/><G134/><T88/><D88/><U94/><E106/><V56/><F56/><W90/><G100/><T36/><D8/><U55/><E55/><AGARI ba="2,0" hai="17,21,22,23,26,42,45,46,49,51,55,84,90,95" machi="55" ten="30,3900,0" yaku="7,1,8,1,52,1" doraHai="89" who="3" fromWho="1" sc="95,0,343,-45,330,0,232,45" /><INIT seed="6,0,0,5,4,103" ten="95,298,330,277" oya="2" hai0="50,49,102,106,38,118,134,2,18,17,129,45,100" hai1="9,21,73,122,78,108,63,61,4,101,67,119,94" hai2="60,64,20,25,12,65,41,80,32,31,56,116,24" hai3="99,120,112,54,59,69,66,5,89,1,95,15,13"/><V55/><F116/><W79/><G1/><T44/><D2/><U62/><E119/><V115/><F115/><W53/><G69/><T6/><D129/><U97/><E122/><V30/><F41/><W8/><G112/><T33/><D33/><U42/><E108/><V117/><F117/><W34/><G34/><T3/><D3/><U83/><E42/><V109/><F109/><W39/><G39/><T0/><D0/><U35/><E35/><V28/><F28/><W11/><G120/><T52/><D118/><U125/><E125/><V82/><F12/><W105/><G79/><T81/><D81/><U47/><E47/><V7/><F7/><W107/><G66/><T98/><D38/><U88/><E21/><V10/><F10/><W19/><G54/><T22/><D6/><U96/><E9/><V87/><REACH who="2" step="1"/><F82/><REACH who="2" ten="95,298,320,277" step="2"/><W40/><REACH who="3" step="1"/><G40/><REACH who="3" ten="95,298,320,267" step="2"/><T16/><D134/><U133/><E133/><V135/><F135/><W75/><G75/><T36/><D36/><U37/><E37/><V57/><F57/><W110/><G110/><T128/><D128/><U113/><E113/><V91/><AGARI ba="0,2" hai="20,24,25,30,31,32,55,56,60,64,65,80,87,91" machi="91" ten="20,7800,0" yaku="1,1,0,1,7,1,53,1" doraHai="103" doraHaiUra="76" who="2" fromWho="2" sc="95,-26,298,-26,320,98,267,-26" /><INIT seed="6,1,0,5,4,26" ten="69,272,418,241" oya="2" hai0="103,113,33,54,34,5,72,111,36,6,115,50,57" hai1="25,88,32,96,7,37,92,94,12,117,4,19,38" hai2="95,8,81,62,127,100,51,14,28,11,82,63,41" hai3="64,47,15,60,3,87,126,93,112,56,75,42,23"/><V78/><F127/><W40/><G75/><T76/><D36/><U109/><E117/><V133/><F133/><W132/><G3/><T21/><D103/><U43/><E109/><V67/><F8/><W20/><G112/><T80/><D111/><U84/><E32/><V48/><F63/><W104/><G104/><T135/><D135/><U13/><E25/><V10/><F10/><W121/><G132/><T125/><D125/><U128/><E128/><V66/><F66/><W83/><G126/><T85/><D72/><U22/><E43/><N who="3" m="16426" /><G47/><T16/><D34/><U90/><E38/><V122/><F82/><W30/><G121/><T17/><D33/><U24/><E37/><V35/><F122/><W71/><G71/><T53/><D53/><U130/><E130/><V124/><F124/><W1/><G1/><T45/><D45/><U98/><E84/><V106/><F106/><W65/><G93/><T99/><D99/><U29/><E19/><V69/><F95/><W107/><G107/><T59/><D59/><U49/><E49/><V73/><F100/><W120/><G120/><T105/><D105/><U86/><E86/><V91/><F91/><N who="3" m="51711" /><G30/><T39/><D39/><U101/><E101/><V118/><F118/><W74/><G74/><T61/><D61/><U119/><E119/><V131/><F41/><W89/><G89/><T68/><D68/><U52/><E52/><V116/><F131/><W27/><G27/><N who="0" m="14759" /><D17/><U102/><E102/><V44/><F116/><W9/><G64/><T31/><D31/><U55/><E55/><V108/><F73/><W0/><G0/><RYUUKYOKU ba="1,0" sc="69,10,272,10,418,-30,241,10" hai0="5,6,50,54,57,76,80,85,113,115" hai1="4,7,12,13,22,24,29,88,90,92,94,96,98" hai3="9,15,20,23,56,60,65" /><INIT seed="7,2,0,4,0,122" ten="79,282,388,251" oya="3" hai0="131,110,100,70,52,38,16,1,89,115,103,24,34" hai1="11,61,74,72,112,116,37,10,88,97,42,14,49" hai2="41,126,4,30,87,2,60,99,62,23,35,127,33" hai3="102,78,21,65,128,43,96,134,27,93,119,83,58"/><W123/><G123/><T18/><D38/><U53/><E116/><V76/><F41/><W48/><G119/><T50/><D1/><U105/><E112/><V125/><F99/><W106/><G134/><T28/><D70/><U45/><E11/><V8/><F23/><W26/><G128/><T135/><D131/><U46/><E61/><N who="2" m="23659" /><F30/><W132/><G132/><T82/><D135/><U98/><E98/><V55/><F55/><W80/><G106/><T130/><D130/><U101/><E88/><V54/><F54/><N who="3" m="32071" /><G65/><T84/><D115/><U124/><E124/><V129/><F129/><W73/><G43/><T120/><D120/><U66/><E66/><V59/><F59/><W32/><G32/><T36/><D36/><U3/><E3/><V86/><F76/><W56/><G56/><T29/><D29/><U91/><E91/><V107/><F107/><W117/><G117/><T114/><D114/><U113/><E113/><V121/><F121/><W108/><G27/><T104/><D104/><U17/><AGARI ba="2,0" hai="10,14,17,37,42,45,46,49,53,72,74,97,101,105" machi="17" ten="20,1500,0" yaku="0,1,7,1" doraHai="122" who="1" fromWho="1" sc="79,-6,282,21,388,-6,251,-9" owari="73,-43.0,303,10.0,382,49.0,242,-16.0" /></mjloggm>