<mjloggm ver="2.3"><GO type="193" lobby="0"/><UN n0="%E4%B8%89%E7%99%BD%E7%9C%BC" n1="%E3%82%B0%E3%83%9F%EF%BC%A0%E5%B7%9D%E6%9D%91%E8%BB%8D%E5%9B%A3" n2="%35%30%46%43%32%37%34%35" n3="%E3%83%88%E3%83%88%E3%83%AA%E5%85%88%E7%94%9F%31%39%E6%AD%B3" dan="10,13,12,12" rate="1533.24,1767.46,1819.90,1928.34" sx="M,M,M,F"/><TAIKYOKU oya="0"/><INIT seed="0,0,0,5,2,18" ten="250,250,250,250" oya="0" hai0="65,1,26,73,43,83,131,33,69,19,82,121,108" hai1="94,79,66,122,103,125,74,63,4,116,39,106,90" hai2="112,47,14,134,98,38,0,41,101,37,62,105,127" hai3="52,20,34,46,8,53,114,123,21,49,42,5,9"/><T102/><D121/><U85/><E122/><V135/><F112/><W24/><G123/><T13/><D102/><U111/><E116/><V64/><F127/><W54/><G114/><T84/><D1/><U40/><E125/><V128/><F128/><W68/><G68/><T10/><D73/><U67/><E111/><V99/><F99/><W27/><G34/><T87/><D43/><U97/><E4/><V77/><F77/><W92/><G92/><T86/><D131/><U75/><E75/><V28/><F14/><N who="3" m="5391" /><G9/><T118/><D118/><U31/><E31/><V70/><F38/><W107/><G107/><T32/><D108/><U61/><E61/><V48/><F0/><W72/><G72/><T124/><D124/><U78/><E78/><V133/><F48/><W2/><G2/><T3/><D3/><U45/><REACH who="1" step="1"/><E63/><REACH who="1" ten="250,240,250,250" step="2"/><V113/><F113/><W55/><N who="3" m="13312" /><DORA hai="23" /><W11/><G11/><T120/><D120/><U58/><E58/><V51/><F51/><W16/><G16/><T126/><D126/><U44/><E44/><V59/><F28/><W7/><G7/><T95/><D69/><AGARI ba="0,1" hai="37,41,47,59,62,64,69,70,98,101,105,133,134,135" machi="69" ten="40,1300,0" yaku="20,1" doraHai="18,23" who="2" fromWho="0" sc="250,-13,240,0,250,23,250,0" /><INIT seed="1,0,0,2,3,49" ten="237,240,273,250" oya="1" hai0="15,30,67,2,110,21,59,43,28,79,12,40,3" hai1="89,18,22,94,101,60,133,72,10,68,65,42,135" hai2="75,120,78,118,93,100,19,45,115,104,131,76,63" hai3="69,6,26,130,47,77,44,125,62,119,36,24,124"/><U114/><E114/><V109/><F63/><W17/><G130/><T23/><D110/><U92/><E72/><V84/><F45/><N who="3" m="17483" /><G36/><T39/><D79/><U70/><E10/><V127/><F19/><W87/><G6/><T16/><D39/><U108/><E108/><V88/><F109/><W134/><G17/><T57/><REACH who="0" step="1"/><D67/><REACH who="0" ten="227,240,273,250" step="2"/><U20/><E65/><V14/><F131/><W126/><G77/><T55/><D55/><U96/><E42/><V98/><F120/><W107/><G126/><T1/><D1/><U27/><E135/><V74/><F118/><W29/><G119/><T90/><D90/><U123/><E123/><V58/><F127/><W52/><G134/><T66/><D66/><U128/><E133/><V48/><F115/><W25/><G52/><T61/><D61/><U35/><E128/><V41/><F48/><W82/><G62/><T73/><D73/><N who="2" m="27658" /><F41/><W129/><G129/><T103/><D103/><U122/><E60/><V99/><F58/><W50/><G50/><T13/><D13/><U111/><E111/><V117/><F117/><W113/><G113/><T95/><D95/><U116/><E116/><V31/><F14/><W106/><G125/><T102/><D102/><U91/><E122/><V81/><F31/><W105/><G124/><T132/><D132/><U121/><E121/><V0/><F0/><W8/><G29/><T54/><D54/><U38/><E38/><V64/><F64/><W5/><G26/><T97/><D97/><N who="1" m="57487" /><E101/><AGARI ba="0,1" hai="76,78,81,84,88,93,98,99,100,101,104" m="27658" machi="101" ten="30,12000,2" yaku="35,5,54,1" doraHai="49" who="2" fromWho="1" sc="227,0,240,-120,273,130,250,0" /><INIT seed="2,0,0,1,2,119" ten="227,120,403,250" oya="2" hai0="21,2,81,48,123,40,50,57,6,9,83,71,90" hai1="94,35,84,74,122,91,36,33,112,30,43,132,13" hai2="25,12,110,95,133,49,16,8,76,28,19,55,69" hai3="117,78,45,70,3,66,34,52,38,82,135,111,113"/><V131/><F69/><W44/><G117/><T1/><D71/><U88/><E112/><V121/><F133/><W79/><G3/><T0/><D21/><U98/><E132/><V63/><F121/><W104/><G34/><T89/><D123/><U93/><E74/><V102/><F131/><W105/><G135/><T107/><D107/><U108/><E108/><V37/><F37/><W68/><G111/><T127/><D2/><U51/><E36/><V53/><F76/><W101/><G38/><T116/><D116/><U59/><E122/><V61/><F110/><W99/><G113/><T39/><D39/><U4/><E30/><V115/><F115/><W73/><G105/><T97/><D97/><U62/><E43/><V96/><F55/><W42/><G70/><T7/><D40/><U14/><E14/><V106/><F106/><W67/><G42/><T125/><REACH who="0" step="1"/><D57/><REACH who="0" ten="217,120,403,250" step="2"/><U75/><E75/><V17/><F25/><W134/><G134/><T124/><D124/><U72/><E72/><V87/><F28/><W80/><G68/><T65/><D65/><U126/><E126/><V20/><F20/><W103/><G73/><T22/><D22/><U92/><E92/><V86/><F87/><W27/><G104/><T24/><D24/><U10/><REACH who="1" step="1"/><E51/><REACH who="1" ten="217,110,403,250" step="2"/><V5/><REACH who="2" step="1"/><F86/><REACH who="2" ten="217,110,393,250" step="2"/><W130/><G27/><T54/><D54/><AGARI ba="0,3" hai="4,10,13,33,35,54,59,62,84,88,91,93,94,98" machi="54" ten="30,8000,1" yaku="1,1,2,1,7,1,54,1,53,1" doraHai="119" doraHaiUra="58" who="1" fromWho="0" sc="217,-80,110,110,393,0,250,0" /><INIT seed="3,0,0,4,4,40" ten="137,220,393,250" oya="3" hai0="74,21,100,33,68,71,77,119,95,26,96,22,115" hai1="41,70,34,130,52,66,113,82,4,110,25,131,28" hai2="108,72,48,8,109,128,16,89,86,85,61,43,104" hai3="76,31,135,64,93,127,92,75,78,42,99,23,122"/><W79/><G122/><T14/><D119/><U112/><E110/><V105/><F128/><N who="1" m="49193" /><E4/><V6/><F72/><W133/><G127/><T73/><D77/><U57/><E82/><V24/><F61/><W67/><G75/><T91/><D115/><U80/><E80/><V36/><F109/><W50/><G23/><T9/><D33/><U126/><E126/><V59/><F108/><W60/><G31/><T17/><D71/><U27/><E27/><V83/><F36/><W63/><G42/><T132/><D68/><U7/><E7/><V62/><F86/><W29/><G50/><T94/><D74/><U12/><E12/><V32/><F32/><W46/><G29/><T47/><D73/><U54/><E41/><V111/><F111/><W81/><G81/><T13/><D132/><U134/><E134/><V44/><F24/><W98/><G79/><T90/><D100/><U37/><E37/><V107/><F6/><W49/><G49/><T5/><D21/><U123/><E123/><V51/><F51/><W30/><G30/><T103/><D103/><U2/><E2/><V129/><F129/><W56/><G56/><T35/><D35/><U3/><E3/><V55/><F107/><W87/><G87/><T102/><D102/><U15/><E15/><N who="2" m="7271" /><F105/><W53/><G53/><N who="1" m="20586" /><E70/><V45/><F104/><W69/><G69/><T114/><D114/><U97/><E97/><V0/><F0/><W19/><G19/><T116/><D116/><U124/><E124/><V20/><F20/><W121/><G121/><T101/><D101/><U65/><E57/><V106/><F106/><RYUUKYOKU ba="0,0" sc="137,-30,220,10,393,10,250,10" hai1="25,28,34,65,66,112,113" hai2="43,44,45,48,55,59,62,83,85,89" hai3="46,60,63,64,67,76,78,92,93,98,99,133,135" /><INIT seed="3,1,0,4,0,82" ten="107,230,403,260" oya="3" hai0="17,47,57,42,83,81,34,10,75,24,2,77,134" hai1="30,76,117,74,102,15,122,128,60,41,44,118,104" hai2="111,69,114,129,119,4,132,0,72,50,18,115,62" hai3="84,29,63,9,96,25,124,38,101,105,1,133,80"/><W20/><G133/><T46/><D2/><U56/><E122/><V51/><F18/><W11/><G38/><T5/><D34/><U66/><E128/><V23/><F23/><W3/><G124/><T27/><D75/><U116/><E15/><V78/><F51/><W55/><G11/><T21/><D24/><U70/><E30/><V135/><F50/><W16/><G55/><T98/><D98/><U110/><E110/><V12/><F12/><W32/><G63/><T125/><D125/><U61/><E61/><V106/><F78/><W79/><REACH who="3" step="1"/><G9/><REACH who="3" ten="107,230,403,250" step="2"/><T35/><D10/><U40/><E40/><V6/><F62/><W54/><G54/><T103/><D42/><U109/><E109/><V28/><F135/><W14/><AGARI ba="1,1" hai="1,3,14,16,20,25,29,32,79,80,84,96,101,105" machi="14" ten="20,12000,1" yaku="1,1,0,1,7,1,52,1,54,1,53,0" doraHai="82" doraHaiUra="126" who="3" fromWho="3" sc="107,-41,230,-41,403,-41,250,133" owari="66,-43.0,189,-21.0,362,16.0,383,48.0" /></mjloggm>