<mjloggm ver="2.3"><GO type="97" lobby="0"/><UN n0="%E5%B0%B1%E6%B4%BB%E7%94%9F%40%E5%B7%9D%E6%9D%91%E8%BB%8D%E5%9B%A3" n1="%70%6F%70%75%72%61" n2="%6B%6C%71%6B%6C%71" n3="%74%61%69%68%65%69" dan="15,13,15,13" rate="2052.96,1839.78,2014.50,1855.29" sx="M,M,M,M"/><TAIKYOKU oya="0"/><INIT seed="0,0,0,0,1,40" ten="250,250,250,250" oya="0" hai0="59,44,84,52,109,87,71,31,36,74,83,130,61" hai1="67,34,80,62,82,5,9,92,65,37,15,66,8" hai2="76,110,81,41,106,53,29,49,114,104,86,20,116" hai3="113,51,1,55,127,133,19,58,75,11,0,134,2"/><T18/><D74/><U48/><E34/><V3/><F114/><W45/><G113/><T85/><D130/><U46/><E37/><V101/><F3/><W94/><G75/><T73/><D73/><U13/><E92/><V79/><F116/><W68/><G68/><T72/><D72/><U77/><E77/><V7/><F110/><W95/><G127/><T93/><D109/><U120/><E120/><V27/><F7/><W23/><G11/><T56/><D71/><U96/><E96/><V10/><F10/><W54/><G95/><T105/><D105/><U17/><REACH who="1" step="1"/><E62/><REACH who="1" ten="250,240,250,250" step="2"/><V38/><F38/><W115/><G94/><T24/><D93/><U69/><E69/><V16/><F104/><W108/><G115/><T128/><D83/><U125/><E125/><V4/><F81/><W132/><G108/><T119/><D119/><U107/><E107/><V98/><F106/><W42/><G58/><N who="0" m="35015" /><D36/><U33/><E33/><V103/><F79/><W100/><G100/><T78/><D78/><U12/><E12/><AGARI ba="0,1" hai="0,1,2,12,19,23,42,45,51,54,55,132,133,134" machi="12" ten="50,3200,0" yaku="20,1,52,1" doraHai="40" who="3" fromWho="1" sc="250,0,240,-32,250,0,250,42" /><INIT seed="1,0,0,1,5,80" ten="250,208,250,292" oya="1" hai0="50,47,95,10,101,100,63,70,8,105,16,61,110" hai1="83,25,5,26,54,88,43,93,109,123,131,86,14" hai2="27,46,57,85,62,120,21,125,12,69,94,28,84" hai3="119,75,113,68,56,11,77,99,19,96,89,92,29"/><U103/><E123/><V134/><F69/><W48/><G68/><T129/><D105/><U87/><E131/><V30/><F120/><W108/><G119/><T51/><D129/><U38/><E38/><V44/><F134/><W39/><G39/><T124/><D124/><U32/><E32/><V0/><F0/><W78/><G75/><T76/><D76/><U128/><E128/><V112/><F125/><W23/><G113/><T118/><D118/><U55/><E43/><V7/><F112/><W127/><G127/><T40/><D110/><U60/><E109/><V15/><F30/><W2/><G99/><N who="0" m="59519" /><D70/><U66/><E103/><V41/><F94/><W79/><G108/><T97/><D51/><U45/><E45/><N who="2" m="17515" /><F41/><W20/><G29/><T114/><D114/><U106/><E106/><V35/><F35/><W49/><G2/><T64/><D64/><U117/><E117/><V67/><F7/><W115/><G115/><T81/><D81/><U107/><E107/><V126/><F126/><W53/><G48/><T111/><D111/><U122/><E122/><V121/><F121/><W58/><G58/><T52/><D40/><U6/><E6/><V116/><F116/><W31/><G31/><T133/><D133/><U42/><E42/><V130/><F130/><W104/><G104/><T18/><D97/><U24/><E66/><V3/><F3/><W102/><G102/><T90/><D90/><N who="1" m="51551" /><E60/><N who="0" m="23113" /><D101/><U59/><E59/><V4/><F4/><W1/><G1/><T65/><D65/><U98/><E98/><V82/><F82/><W9/><G9/><AGARI ba="0,0" hai="8,9,10,16,18,47,50,52" m="23113,59519" machi="9" ten="30,3900,0" yaku="8,1,54,2" doraHai="80" who="0" fromWho="3" sc="250,39,208,0,250,0,292,-39" /><AGARI ba="0,0" hai="5,9,14,24,25,26,54,55,87,88,93" m="51551" machi="9" ten="30,11600,0" yaku="8,1,52,2,54,1" doraHai="80" who="1" fromWho="3" sc="289,0,208,116,250,0,253,-116" /><INIT seed="1,1,0,4,5,102" ten="289,324,250,137" oya="1" hai0="69,96,124,16,33,107,28,122,76,114,58,85,39" hai1="84,92,2,26,13,45,131,81,32,119,129,36,127" hai2="43,73,70,37,105,20,125,134,50,110,21,89,79" hai3="109,10,74,9,118,11,82,87,23,53,42,86,77"/><U7/><E119/><V14/><F105/><W66/><G118/><T94/><D69/><U44/><E2/><V91/><F70/><W101/><G109/><T5/><D39/><U49/><E92/><V18/><F37/><W1/><G1/><T57/><D114/><U29/><E36/><V34/><F34/><W88/><G42/><T65/><D5/><U51/><E127/><V113/><F110/><W30/><G66/><T128/><D128/><U112/><E112/><V40/><F113/><W41/><G41/><T83/><D124/><U93/><E93/><V99/><F125/><W0/><G101/><N who="0" m="60567" /><D107/><U3/><E3/><V24/><F134/><W56/><G0/><T98/><D28/><U126/><E126/><V80/><F99/><W63/><G74/><T46/><D33/><U62/><E62/><V31/><F43/><W6/><G6/><T27/><D98/><U90/><E49/><V47/><AGARI ba="1,0" hai="14,18,20,21,24,31,40,47,50,73,79,80,89,91" machi="47" ten="30,1100,0" yaku="0,1" doraHai="102" who="2" fromWho="2" sc="289,-4,324,-6,250,14,137,-4" /><INIT seed="2,0,0,1,2,90" ten="285,318,264,133" oya="2" hai0="38,62,9,76,74,58,61,124,131,32,89,22,8" hai1="67,75,36,15,125,104,126,39,3,84,16,5,130" hai2="85,108,82,122,53,119,93,29,20,37,96,46,60" hai3="120,109,68,112,43,81,91,77,56,97,80,12,134"/><V133/><F119/><W70/><G120/><T135/><D38/><U40/><E104/><V65/><F122/><W71/><G112/><T79/><D32/><U78/><E67/><V4/><F4/><W83/><G43/><T86/><D131/><U129/><E84/><V66/><F133/><W114/><G114/><T73/><D124/><N who="1" m="47723" /><E3/><V102/><F108/><W31/><G134/><T47/><D74/><U45/><E5/><V13/><F37/><W7/><G31/><T17/><D73/><U28/><E28/><V44/><F65/><W41/><G41/><T72/><D72/><U105/><E105/><V113/><F113/><W95/><G109/><T110/><D47/><U123/><E123/><V24/><F13/><W52/><G12/><N who="0" m="9511" /><D61/><U132/><E132/><V127/><F53/><W30/><G7/><T23/><D23/><N who="1" m="11679" /><E36/><V2/><F2/><W33/><G30/><T50/><D110/><U6/><E6/><V118/><F118/><W128/><G33/><T48/><D135/><U57/><E57/><N who="2" m="37135" /><F127/><W1/><G1/><T94/><D9/><U106/><E106/><V25/><F25/><W51/><REACH who="3" step="1"/><G128/><REACH who="3" ten="285,318,264,123" step="2"/><T64/><D8/><U49/><E39/><V18/><F29/><W10/><G10/><T54/><D64/><U117/><E117/><V107/><F107/><W100/><G100/><T42/><D42/><U26/><E130/><V92/><F24/><W88/><G88/><T121/><D121/><U34/><E129/><V59/><F18/><W115/><G115/><T116/><D116/><U99/><E26/><V21/><F102/><W69/><G69/><RYUUKYOKU ba="0,1" sc="285,15,318,-15,264,-15,123,15" hai0="48,50,54,58,62,76,79,86,89,94" hai3="51,52,56,68,70,71,77,80,81,83,91,95,97" /><INIT seed="3,1,1,5,1,101" ten="300,303,249,138" oya="3" hai0="9,28,18,113,86,128,42,106,2,56,13,88,98" hai1="0,91,70,15,115,111,65,80,134,103,92,125,27" hai2="43,130,11,99,5,53,77,50,104,73,62,40,30" hai3="33,32,52,7,24,122,39,109,8,47,22,83,100"/><W46/><G122/><T108/><D128/><U117/><E115/><V51/><F130/><W126/><G33/><T41/><D108/><U127/><E0/><V93/><F30/><W124/><G32/><T44/><D113/><U58/><E70/><V49/><F73/><W114/><G114/><T112/><D112/><U3/><E3/><V19/><F77/><W67/><G67/><T74/><D74/><U48/><E117/><V16/><F62/><W135/><G109/><T123/><D123/><U60/><E111/><V10/><F53/><W71/><G71/><T34/><D2/><U37/><E37/><V133/><F133/><W21/><G135/><T102/><D56/><U35/><E134/><V59/><F59/><W23/><G100/><T129/><D129/><U110/><E110/><V36/><F36/><W95/><G95/><T94/><D44/><N who="3" m="16937" /><G39/><T96/><D96/><N who="1" m="59783" /><E35/><V45/><F104/><W116/><G83/><T118/><D118/><U72/><E15/><V55/><F55/><W79/><G52/><T17/><D17/><N who="2" m="6730" /><F45/><W57/><G57/><T68/><D68/><U81/><E72/><V121/><F121/><W64/><G64/><T4/><D4/><U12/><E12/><N who="2" m="5199" /><F11/><W66/><G66/><T63/><D63/><U31/><E48/><V76/><F76/><W132/><G79/><T54/><D54/><U1/><E1/><V97/><F97/><W89/><G116/><T120/><D120/><U87/><E81/><V20/><F20/><W38/><G132/><T84/><D84/><U131/><E131/><V25/><F25/><W69/><G24/><RYUUKYOKU ba="1,1" sc="300,10,303,10,249,10,138,-30" hai0="9,13,18,28,34,41,42,86,88,94,98,102,106" hai1="27,31,58,60,65,80,87,91,125,127" hai2="40,43,49,50,51,93,99" owari="310,11.0,323,42.0,259,-14.0,108,-39.0" /></mjloggm>