<mjloggm ver="2.3"><GO type="41" lobby="0"/><UN n0="%E3%81%8B%E3%81%BC%E3%81%A1%E3%82%83%E3%81%BC" n1="%E5%B0%B1%E6%B4%BB%E7%94%9F%40%E5%B7%9D%E6%9D%91%E8%BB%8D%E5%9B%A3" n2="%6D%6D%6F%6F%6C%61%75%71" n3="%76%61%6E%69%6C%6C%65" dan="14,16,13,15" rate="1904.48,2072.39,1878.09,1955.92" sx="M,M,M,M"/><TAIKYOKU oya="0"/><INIT seed="0,0,0,0,5,70" ten="250,250,250,250" oya="0" hai0="83,77,51,18,0,105,11,72,104,108,57,78,35" hai1="66,65,129,12,59,61,42,16,49,134,28,118,1" hai2="29,9,67,62,8,109,107,43,30,80,98,5,97" hai3="90,56,113,76,117,94,54,135,37,23,110,111,84"/><T25/><D108/><N who="3" m="41513" /><G37/><T69/><D78/><U36/><E1/><V60/><F109/><W31/><G117/><T50/><D69/><U38/><E118/><V122/><F122/><W79/><G113/><T133/><D133/><U131/><E28/><V3/><F43/><W21/><G135/><T96/><D57/><U73/><E73/><V24/><F107/><W46/><G46/><T22/><D35/><U81/><E81/><V40/><F40/><W114/><G114/><T4/><REACH who="0" step="1"/><D105/><REACH who="0" ten="240,250,250,250" step="2"/><U58/><E134/><V27/><F62/><N who="3" m="36119" /><G31/><T101/><AGARI ba="0,1" hai="0,4,11,18,22,25,50,51,72,77,83,96,101,104" machi="101" ten="30,11700,0" yaku="1,1,0,1,53,2" doraHai="70" doraHaiUra="47" who="0" fromWho="0" sc="240,127,250,-39,250,-39,250,-39" /><INIT seed="0,1,0,3,1,123" ten="367,211,211,211" oya="0" hai0="133,72,78,65,75,7,60,103,5,41,100,67,51" hai1="44,106,71,109,96,3,94,117,64,108,33,131,126" hai2="16,4,114,12,80,83,101,49,87,111,11,10,61" hai3="120,19,17,81,37,128,13,24,74,129,118,130,53"/><T15/><D133/><U42/><E106/><V98/><F114/><W50/><G37/><T18/><D72/><U46/><E33/><V105/><F61/><W21/><G118/><T20/><D75/><U124/><E3/><V31/><F31/><W43/><G43/><T29/><D78/><U39/><E117/><V135/><F135/><W73/><G120/><T110/><D110/><N who="1" m="42603" /><E131/><V59/><F111/><W104/><G81/><T9/><D29/><U8/><E8/><V82/><F59/><N who="3" m="33207" /><G104/><T58/><D65/><U132/><E132/><V112/><F49/><W66/><G66/><T93/><D93/><U6/><E6/><N who="0" m="2057" /><D9/><AGARI ba="1,0" hai="9,13,17,19,21,24,73,74,128,129,130" m="33207" machi="9" ten="30,1000,0" yaku="19,1" doraHai="123" who="3" fromWho="0" sc="367,-13,211,0,211,0,211,13" /><INIT seed="1,0,0,0,0,0" ten="354,211,211,224" oya="1" hai0="64,86,48,14,99,33,54,39,60,107,35,11,118" hai1="30,12,125,101,25,70,44,130,104,129,96,41,57" hai2="51,65,82,77,131,122,78,84,42,83,49,75,52" hai3="21,110,116,9,98,62,85,87,92,43,38,123,112"/><U135/><E70/><V88/><F122/><W95/><G112/><T76/><D118/><U45/><E125/><V26/><F131/><W102/><G123/><T15/><D39/><U1/><E1/><V119/><F119/><W7/><G116/><T68/><D14/><U55/><E135/><V103/><F103/><W59/><G110/><T81/><D99/><U29/><E12/><V27/><F65/><W10/><G10/><T93/><D93/><U56/><E56/><V115/><F115/><W73/><G73/><T100/><D100/><U5/><E5/><V94/><F51/><W18/><G43/><T58/><REACH who="0" step="1"/><D107/><REACH who="0" ten="344,211,211,224" step="2"/><U3/><E3/><V91/><F91/><W128/><G92/><T80/><D80/><U106/><E106/><V46/><REACH who="2" step="1"/><F42/><REACH who="2" ten="344,211,201,224" step="2"/><W74/><G38/><T71/><D71/><U47/><E41/><V126/><F126/><W22/><G102/><T90/><D90/><U111/><E111/><V120/><F120/><W31/><G98/><AGARI ba="0,2" hai="26,27,46,49,52,75,77,78,82,83,84,88,94,98" machi="98" ten="30,7700,0" yaku="1,1,7,1,54,2,53,0" doraHai="0" doraHaiUra="34" who="2" fromWho="3" sc="344,0,211,0,201,97,224,-77" /><INIT seed="2,0,0,4,5,18" ten="344,211,298,147" oya="2" hai0="97,49,90,129,13,102,106,112,84,54,5,65,20" hai1="110,105,124,23,22,101,15,104,66,113,74,28,131" hai2="41,64,103,83,95,67,43,99,121,31,26,88,59" hai3="111,57,109,30,116,75,72,51,34,94,85,122,76"/><V40/><F121/><W86/><G116/><T125/><D112/><U107/><E113/><V70/><F70/><W33/><G122/><T60/><D129/><U135/><E74/><V100/><F59/><W17/><G34/><T21/><D125/><U44/><E110/><V78/><F103/><W29/><G33/><T7/><D7/><U93/><E124/><V69/><F69/><W11/><G75/><T56/><D5/><U120/><E120/><V92/><F83/><W127/><G72/><T48/><D13/><U81/><E135/><V126/><F78/><W118/><G118/><T53/><D48/><U108/><E108/><N who="3" m="41546" /><G127/><T123/><D123/><U115/><E115/><V32/><REACH who="2" step="1"/><F126/><REACH who="2" ten="344,211,288,147" step="2"/><W82/><G76/><T24/><D24/><U12/><E131/><V89/><F89/><W9/><G82/><T132/><D132/><U3/><E101/><V63/><F63/><W79/><G79/><T50/><D50/><U62/><E62/><V130/><F130/><W16/><G51/><T73/><D73/><U96/><E66/><V0/><F0/><W36/><G57/><T87/><D87/><AGARI ba="0,1" hai="26,31,32,40,41,43,64,67,87,88,92,95,99,100" machi="87" ten="40,3900,0" yaku="1,1,54,1,53,0" doraHai="18" doraHaiUra="52" who="2" fromWho="0" sc="344,-39,211,0,288,49,147,0" /><INIT seed="2,1,0,4,5,95" ten="305,211,337,147" oya="2" hai0="101,74,121,53,90,78,104,64,36,4,125,75,88" hai1="87,33,56,111,123,2,5,21,115,58,84,57,127" hai2="60,126,39,44,124,16,27,6,122,92,73,134,18" hai3="51,20,76,40,132,63,106,98,43,12,81,8,28"/><V0/><F122/><W67/><G132/><T80/><D121/><U19/><E33/><V120/><F120/><W110/><G110/><T99/><D125/><N who="2" m="48234" /><F73/><W116/><G116/><T62/><D74/><U45/><E123/><V128/><F134/><W48/><G43/><T69/><D36/><U129/><E115/><V79/><F128/><W86/><G51/><T11/><REACH who="0" step="1"/><D53/><REACH who="0" ten="295,211,337,147" step="2"/><U71/><E127/><V50/><F39/><W49/><G40/><T26/><D26/><U46/><E129/><V55/><F27/><N who="3" m="16487" /><G67/><T118/><D118/><U34/><E111/><V100/><F60/><W105/><G63/><T107/><D107/><U22/><E71/><V108/><F108/><W23/><G106/><T93/><D93/><U15/><E34/><V41/><F55/><W10/><G105/><T82/><D82/><U14/><E2/><AGARI ba="1,1" hai="2,4,11,62,64,69,75,78,80,88,90,99,101,104" machi="2" ten="30,7700,0" yaku="1,1,7,1,52,1,54,1,53,0" doraHai="95" doraHaiUra="119" who="0" fromWho="1" sc="295,90,211,-80,337,0,147,0" /><INIT seed="3,0,0,4,1,81" ten="385,131,337,147" oya="3" hai0="38,111,1,113,0,95,103,118,21,54,58,72,88" hai1="41,53,82,104,63,97,132,130,78,61,36,18,10" hai2="46,124,22,67,122,134,12,94,6,33,47,15,65" hai3="105,16,73,128,135,44,121,107,45,85,100,59,127"/><W3/><G121/><T49/><D118/><U13/><E130/><V43/><F33/><W30/><G3/><T42/><D72/><U87/><E132/><V80/><F122/><W83/><G73/><T79/><D79/><U90/><E36/><V126/><F134/><W27/><G135/><T32/><D32/><U70/><E41/><V86/><F94/><W24/><G127/><N who="2" m="48681" /><F6/><W133/><G133/><T28/><D103/><U8/><E63/><V98/><F98/><W75/><G75/><T125/><D125/><U110/><E110/><V2/><F2/><W115/><G115/><T57/><D57/><N who="1" m="34991" /><E104/><V31/><F31/><W119/><G107/><T112/><D111/><U55/><E70/><V11/><F22/><N who="3" m="15639" /><G105/><T93/><D93/><N who="1" m="56503" /><E55/><V92/><F92/><W114/><G114/><N who="0" m="44139" /><D42/><U76/><E76/><N who="2" m="46343" /><F47/><W131/><G119/><T48/><D38/><U120/><E120/><V9/><F67/><W5/><G131/><T77/><D77/><U68/><E68/><V117/><F65/><W23/><G128/><T99/><D49/><U51/><E51/><N who="2" m="27103" /><F117/><W84/><G59/><T96/><D96/><U20/><AGARI ba="0,0" hai="8,10,13,18,20,78,82,87" m="56503,34991" machi="20" ten="30,2000,0" yaku="8,1,52,1" doraHai="81" who="1" fromWho="1" sc="385,-5,131,20,337,-5,147,-10" /><INIT seed="4,0,0,3,1,125" ten="380,151,332,137" oya="0" hai0="37,1,47,16,114,53,80,19,46,13,57,43,41" hai1="48,21,130,107,123,124,117,75,26,9,70,17,0" hai2="128,77,79,108,35,20,29,71,94,133,65,88,113" hai3="85,68,106,56,14,86,6,100,52,64,97,111,115"/><T120/><D120/><U40/><E75/><V58/><F108/><W99/><G111/><T39/><D114/><U22/><E107/><V118/><F113/><W96/><G115/><T66/><D66/><U34/><E70/><V7/><F118/><W8/><G68/><T102/><D1/><U18/><E40/><V28/><F71/><W11/><G64/><T95/><D80/><U129/><E48/><V112/><F112/><W54/><G54/><T12/><D12/><N who="1" m="7311" /><E124/><V101/><F133/><W109/><G109/><T87/><D13/><N who="1" m="9423" /><E123/><V23/><F128/><N who="1" m="49257" /><E0/><V5/><F101/><W121/><G121/><T116/><D116/><U4/><E4/><V10/><F35/><W51/><G106/><T104/><D104/><U103/><E103/><V32/><F32/><W67/><G100/><T69/><D69/><U63/><E63/><V83/><F5/><W50/><G50/><T59/><D102/><U84/><E84/><V27/><F7/><W44/><G11/><T15/><D15/><U126/><E126/><V25/><F10/><W89/><G89/><T122/><D122/><U42/><E42/><V72/><F72/><W92/><G92/><T45/><D95/><U62/><E62/><AGARI ba="0,0" hai="6,8,14,44,51,52,56,62,67,85,86,96,97,99" machi="62" ten="40,2600,0" yaku="8,1,54,1" doraHai="125" who="3" fromWho="1" sc="380,0,151,-26,332,0,137,26" /><INIT seed="5,0,0,1,2,54" ten="380,125,332,163" oya="1" hai0="59,72,112,132,76,93,74,18,126,2,29,26,36" hai1="9,130,45,8,50,123,58,116,92,60,122,3,12" hai2="61,95,16,68,75,99,46,30,15,34,135,32,111" hai3="107,56,98,40,33,129,114,121,24,131,104,21,113"/><U91/><E116/><V39/><F75/><W106/><G33/><T128/><D2/><U35/><E35/><V97/><F111/><W27/><G40/><T119/><D36/><U62/><E130/><N who="3" m="49674" /><G121/><T124/><D72/><U86/><E3/><V20/><F135/><W23/><G98/><T78/><D74/><U51/><E9/><V41/><F30/><W87/><G87/><T85/><D119/><U44/><E123/><V89/><F99/><W19/><G56/><T22/><D132/><U100/><E100/><V14/><REACH who="2" step="1"/><F15/><REACH who="2" ten="380,125,322,163" step="2"/><W52/><G52/><T5/><D128/><U118/><E122/><V67/><AGARI ba="0,1" hai="14,16,20,32,34,39,41,46,61,67,68,89,95,97" machi="67" ten="30,7900,0" yaku="1,1,2,1,0,1,54,1,53,0" doraHai="54" doraHaiUra="48" who="2" fromWho="2" sc="380,-20,125,-39,322,89,163,-20" /><INIT seed="6,0,0,3,2,100" ten="360,86,411,143" oya="2" hai0="63,60,44,71,80,114,33,78,11,83,75,21,104" hai1="129,110,61,123,72,8,32,50,124,62,42,77,99" hai2="96,52,94,120,105,127,118,111,115,14,112,102,98" hai3="117,84,39,25,58,67,54,108,45,66,35,116,69"/><V93/><F120/><W9/><G9/><T128/><D114/><U40/><E32/><V59/><F118/><W132/><G84/><T101/><D128/><U29/><E29/><V55/><F111/><W16/><G35/><T18/><D80/><U70/><E72/><V49/><F127/><W12/><G25/><T113/><D113/><N who="2" m="43594" /><F96/><W88/><G108/><T121/><D121/><U109/><E77/><V53/><F14/><W43/><G132/><T135/><D135/><U97/><E124/><V20/><F20/><W131/><G131/><T37/><D11/><U133/><E123/><V76/><F76/><W47/><G47/><T91/><D33/><U126/><E126/><V24/><F24/><W68/><G69/><T2/><D2/><U79/><E79/><V119/><F119/><W3/><G3/><T7/><D7/><U51/><E8/><V28/><F28/><W65/><G117/><T27/><D71/><U46/><E133/><V15/><F15/><W0/><G0/><T95/><D101/><U86/><E129/><V85/><F85/><W87/><G116/><T82/><D78/><U31/><E86/><V13/><F13/><W1/><G1/><T19/><D75/><U4/><E31/><V73/><F73/><W92/><G68/><T106/><D18/><U90/><E70/><V134/><F134/><W56/><G12/><T74/><D74/><U5/><REACH who="1" step="1"/><E90/><REACH who="1" ten="360,76,411,143" step="2"/><V130/><F130/><W26/><G87/><T64/><D91/><U122/><E122/><V17/><F17/><W6/><G16/><T89/><D19/><U57/><E57/><RYUUKYOKU ba="0,1" sc="360,-15,76,15,411,15,143,-15" hai1="4,5,40,42,46,50,51,61,62,97,99,109,110" hai2="49,52,53,55,59,93,94,98,102,105" /><INIT seed="6,1,1,0,4,28" ten="345,91,426,128" oya="2" hai0="104,6,21,99,33,76,20,51,87,80,31,74,58" hai1="84,57,15,71,108,131,105,81,124,85,32,101,98" hai2="14,16,126,55,69,93,125,5,62,53,88,120,44" hai3="2,111,89,13,38,52,0,83,78,43,90,7,67"/><V46/><F120/><W26/><G111/><T86/><D6/><U119/><E108/><V59/><F5/><W132/><G67/><T12/><D33/><U94/><E119/><V65/><F46/><N who="3" m="23927" /><G26/><N who="0" m="16839" /><D74/><U82/><E124/><N who="2" m="47723" /><F44/><W41/><G41/><T107/><D107/><U123/><E131/><V22/><F69/><W61/><G0/><T25/><D104/><U19/><E71/><V109/><F109/><W50/><G61/><T129/><D129/><U47/><E32/><V122/><F122/><W70/><G13/><T128/><D128/><U92/><E123/><V48/><F48/><W40/><G40/><T97/><D87/><AGARI ba="1,1" hai="14,16,22,53,55,59,62,65,87,88,93" m="47723" machi="87" ten="30,5800,0" yaku="18,1,54,2" doraHai="28" who="2" fromWho="0" sc="345,-61,91,0,426,71,128,0" /><INIT seed="6,2,0,4,1,59" ten="284,91,497,128" oya="2" hai0="22,114,61,3,86,55,26,46,113,131,43,122,74" hai1="29,63,18,8,107,54,95,60,45,91,77,65,51" hai2="102,48,130,39,72,100,80,56,109,110,14,93,123" hai3="118,112,68,133,81,57,98,69,64,37,75,117,19"/><V35/><F123/><W38/><G75/><T79/><D74/><U52/><E107/><V27/><F39/><N who="3" m="14859" /><G81/><T24/><D131/><U21/><E77/><V99/><F130/><W127/><G98/><T92/><D122/><U88/><E65/><V78/><F102/><W120/><G19/><T71/><D3/><U40/><E29/><V135/><F135/><W32/><G32/><T104/><D104/><U82/><E8/><V66/><F14/><W47/><G120/><T96/><D26/><N who="1" m="14647" /><E82/><V53/><REACH who="2" step="1"/><F66/><REACH who="2" ten="284,91,487,128" step="2"/><W115/><G133/><T25/><D113/><N who="3" m="43593" /><G127/><T0/><D114/><U30/><E30/><AGARI ba="2,1" hai="27,30,35,48,53,56,72,78,80,93,99,100,109,110" machi="30" ten="40,3900,0" yaku="1,1,53,1" doraHai="59" doraHaiUra="31" who="2" fromWho="1" sc="284,0,91,-45,487,55,128,0" /><INIT seed="6,3,0,5,0,98" ten="284,46,542,128" oya="2" hai0="23,15,53,82,43,40,96,79,84,20,87,24,103" hai1="22,110,111,66,118,101,83,104,45,62,133,41,70" hai2="51,132,5,9,7,63,115,13,36,88,46,16,25" hai3="0,108,107,67,49,58,90,30,134,92,124,100,122"/><V94/><F132/><W81/><G0/><T131/><D131/><U127/><E118/><V120/><F120/><W26/><G108/><T59/><D87/><U6/><E127/><V112/><F36/><W27/><G124/><T39/><D39/><U4/><E133/><V8/><F63/><W95/><G134/><T69/><D69/><U105/><E22/><V68/><F68/><W48/><G107/><T37/><D37/><U42/><E83/><V113/><F25/><N who="3" m="9227" /><G30/><T61/><D15/><U126/><E126/><V130/><F130/><W123/><G81/><T93/><REACH who="0" step="1"/><D20/><REACH who="0" ten="274,46,542,128" step="2"/><U12/><E12/><V10/><F5/><W50/><G123/><T60/><D60/><U80/><E6/><V2/><F7/><W38/><G38/><T47/><D47/><U64/><E4/><V125/><F2/><W119/><G122/><T86/><D86/><U57/><E70/><V89/><F125/><W109/><G109/><T76/><D76/><U78/><E110/><V33/><F33/><W34/><G34/><T19/><AGARI ba="3,1" hai="19,23,24,40,43,53,59,61,79,82,84,93,96,103" machi="19" ten="20,12000,2" yaku="1,1,0,1,7,1,8,1,52,1,53,1" doraHai="98" doraHaiUra="74" who="0" fromWho="0" sc="274,139,46,-33,542,-63,128,-33" /><INIT seed="7,0,0,0,4,24" ten="413,13,479,95" oya="3" hai0="102,128,84,28,21,32,59,60,40,110,90,45,127" hai1="94,100,38,85,124,41,15,130,83,120,51,92,122" hai2="62,5,1,72,96,6,0,58,42,19,70,11,66" hai3="101,52,132,7,103,91,73,109,64,25,10,57,111"/><W47/><G73/><T99/><D110/><N who="3" m="41993" /><G64/><T49/><D128/><U89/><E38/><V76/><F42/><W107/><G47/><T133/><D133/><U104/><E41/><V4/><F72/><W61/><G107/><T71/><D127/><U114/><E51/><V69/><F76/><W8/><G132/><T81/><D32/><U80/><E15/><V20/><F96/><W50/><G91/><T79/><D71/><U112/><E124/><V16/><F19/><W88/><G10/><T34/><D34/><U65/><E65/><V9/><F6/><W3/><G25/><AGARI ba="0,0" hai="0,1,4,5,9,11,16,20,25,58,62,66,69,70" machi="25" ten="30,3900,0" yaku="7,1,9,1,54,1" doraHai="24" who="2" fromWho="3" sc="413,0,13,0,479,39,95,-39" owari="413,21.0,13,-49.0,518,62.0,56,-34.0" /></mjloggm>