<mjloggm ver="2.3"><GO type="97" lobby="0"/><UN n0="%E6%8E%A5%E7%82%B9%40%51%42" n1="%E3%81%88%E3%82%8B%E3%81%9F%E3%81%9D" n2="%52%41%4C%50%48" n3="%E5%B0%B1%E6%B4%BB%E7%94%9F%40%E5%B7%9D%E6%9D%91%E8%BB%8D%E5%9B%A3" dan="13,15,15,15" rate="1813.74,1978.82,2051.30,1955.21" sx="F,F,M,M"/><TAIKYOKU oya="0"/><INIT seed="0,0,0,5,0,96" ten="250,250,250,250" oya="0" hai0="49,14,39,27,81,125,47,116,30,120,60,92,31" hai1="110,25,111,129,68,34,86,106,19,105,102,55,5" hai2="9,95,36,29,118,91,112,23,127,108,71,63,56" hai3="38,1,98,122,59,52,54,3,121,72,103,79,114"/><T82/><D116/><U8/><E68/><V124/><F112/><W50/><G38/><T28/><D120/><N who="3" m="46185" /><G114/><T84/><D39/><U33/><E129/><V94/><F108/><N who="1" m="41513" /><E55/><V42/><F118/><W88/><G54/><N who="0" m="30015" /><D125/><N who="2" m="48202" /><F71/><W7/><G7/><T100/><D60/><U2/><E86/><V115/><F115/><W45/><G45/><T40/><D40/><U134/><E134/><V18/><F29/><N who="0" m="11370" /><D14/><U10/><E102/><V20/><F42/><W24/><G24/><T32/><D84/><U135/><E135/><V133/><F36/><W41/><G41/><T83/><D32/><N who="1" m="12395" /><E10/><V70/><F133/><W76/><G72/><T101/><N who="0" m="11378" /><T75/><DORA hai="85" /><D75/><U117/><E117/><V66/><F70/><W22/><G22/><AGARI ba="0,0" hai="2,5,8,19,22,25,105,106" m="12395,41513" machi="22" ten="30,1000,0" yaku="14,1" doraHai="96,85" who="1" fromWho="3" sc="250,0,250,10,250,0,250,-10" /><INIT seed="1,0,0,0,4,102" ten="250,260,250,240" oya="1" hai0="62,131,33,92,54,120,20,67,26,14,22,7,30" hai1="125,107,15,78,50,69,41,61,4,3,39,2,87" hai2="72,127,76,65,43,66,27,101,106,77,86,100,35" hai3="82,55,37,124,115,97,117,134,104,44,122,18,51"/><U96/><E125/><V71/><F43/><W91/><G122/><T31/><D131/><U40/><E39/><V6/><F127/><W80/><G115/><T48/><D120/><U59/><E69/><V10/><F86/><W111/><G124/><T36/><D36/><U19/><E4/><V24/><F24/><W99/><G117/><T135/><D135/><U74/><E74/><V64/><F71/><W28/><G134/><T118/><D118/><U29/><E29/><V119/><F119/><W88/><G28/><T32/><D92/><U89/><E78/><V90/><F90/><N who="3" m="34347" /><G37/><T70/><D30/><U128/><E128/><V60/><F60/><W46/><G104/><T116/><D116/><U0/><E50/><V38/><F38/><W114/><G114/><T105/><D105/><U132/><E132/><V1/><F72/><W79/><G79/><T84/><D84/><U129/><E129/><V11/><F11/><W17/><G46/><T63/><D63/><U49/><E49/><V25/><F25/><W103/><G103/><T109/><D109/><U113/><E113/><V34/><F27/><W93/><G93/><T9/><REACH who="0" step="1"/><D32/><REACH who="0" ten="240,260,250,240" step="2"/><U75/><E75/><V21/><F35/><W123/><G123/><T23/><D23/><N who="1" m="11775" /><E107/><V58/><F34/><W13/><G111/><T45/><AGARI ba="0,1" hai="7,9,14,20,22,26,31,33,45,48,54,62,67,70" machi="45" ten="20,2700,0" yaku="1,1,0,1,7,1,53,0" doraHai="102" doraHaiUra="112" who="0" fromWho="0" sc="240,37,260,-13,250,-7,240,-7" /><INIT seed="2,0,0,4,5,60" ten="277,247,243,233" oya="2" hai0="112,114,4,93,113,87,89,124,61,129,94,75,78" hai1="11,46,85,55,39,95,36,47,57,44,104,13,14" hai2="54,86,56,108,18,102,2,16,65,74,116,53,5" hai3="105,123,71,30,72,92,76,41,82,135,128,20,132"/><V130/><F116/><W109/><G123/><T97/><D4/><U125/><E104/><V34/><F74/><W6/><G105/><T25/><D25/><U45/><E125/><V77/><F34/><W134/><G71/><T110/><D61/><U98/><E85/><V91/><F130/><W43/><G109/><T121/><D121/><U127/><E127/><V33/><F33/><W23/><G128/><T9/><D9/><U35/><E35/><V69/><F102/><W106/><G106/><T107/><D124/><U122/><E122/><V88/><F108/><W10/><G92/><N who="0" m="54335" /><D129/><U111/><E111/><V67/><F69/><W90/><G90/><N who="2" m="34345" /><F5/><W38/><G30/><T27/><D27/><U81/><E81/><N who="2" m="47407" /><F2/><N who="3" m="343" /><G43/><T63/><D63/><U22/><E39/><V58/><F53/><W80/><G80/><N who="0" m="45151" /><D110/><U51/><E36/><V131/><F131/><W101/><G101/><AGARI ba="0,0" hai="93,94,97,101,107,112,113,114" m="45151,54335" machi="101" ten="30,3900,0" yaku="24,1,34,2" doraHai="60" who="0" fromWho="3" sc="277,39,247,0,243,0,233,-39" /><INIT seed="3,0,0,1,5,32" ten="316,247,243,194" oya="3" hai0="80,31,98,79,88,5,85,100,61,18,101,108,25" hai1="64,19,43,77,9,99,29,2,27,21,54,10,78" hai2="121,40,60,48,103,22,12,34,51,41,135,123,71" hai3="38,35,72,116,125,83,42,124,95,63,1,86,15"/><W112/><G35/><T28/><D108/><U39/><E39/><V66/><F34/><W46/><G116/><T13/><D5/><U4/><E43/><V8/><F135/><W49/><G112/><T59/><D25/><U33/><E64/><V113/><F113/><W110/><G72/><T102/><D98/><U115/><E115/><V134/><F134/><W128/><G128/><T36/><D36/><U105/><E10/><V6/><F103/><W37/><G110/><T58/><D79/><U104/><E54/><V20/><F20/><W65/><G95/><T106/><D106/><N who="1" m="41067" /><E99/><V117/><F117/><W62/><G1/><T55/><D59/><U109/><E109/><V0/><F22/><AGARI ba="0,0" hai="13,18,22,28,31,55,58,61,80,85,88,100,101,102" machi="22" ten="40,2600,0" yaku="8,1,54,1" doraHai="32" who="0" fromWho="2" sc="316,26,247,0,243,-26,194,0" owari="342,44.0,247,5.0,217,-18.0,194,-31.0" /></mjloggm>