<mjloggm ver="2.3"><GO type="41" lobby="0"/><UN n0="%E3%82%AD%E3%83%A5%E3%82%A6%E3%82%B3%E3%83%B3" n1="%E7%9C%A0%E3%82%8C%E3%82%8B%E7%8D%85%E5%AD%90%E4%B8%B8" n2="%36%31%34%36%42" n3="%E5%B0%B1%E6%B4%BB%E7%94%9F%40%E5%B7%9D%E6%9D%91%E8%BB%8D%E5%9B%A3" dan="14,13,14,15" rate="1874.96,1949.37,1888.43,1985.35" sx="M,M,M,M"/><TAIKYOKU oya="0"/><INIT seed="0,0,0,5,3,113" ten="250,250,250,250" oya="0" hai0="49,63,10,116,14,43,122,78,130,95,86,55,98" hai1="133,90,112,66,125,109,36,45,88,65,119,118,134" hai2="121,72,13,123,120,28,30,7,105,32,19,103,102" hai3="117,16,58,2,100,46,39,59,76,92,60,127,15"/><T99/><D122/><U81/><E36/><V87/><F7/><W67/><G2/><T35/><D35/><U41/><E41/><V29/><F32/><W11/><G117/><N who="1" m="44554" /><E45/><V75/><F87/><W71/><G127/><T104/><D116/><U47/><E47/><V135/><F105/><W37/><G76/><T70/><D43/><U84/><E125/><V54/><F54/><W31/><G31/><T124/><D130/><U93/><E66/><V27/><F27/><W34/><G34/><T42/><D42/><U5/><E65/><V26/><F26/><W25/><G25/><T52/><D124/><U69/><E69/><V22/><REACH who="2" step="1"/><F135/><REACH who="2" ten="250,250,240,250" step="2"/><N who="1" m="51721" /><E5/><V40/><F40/><W50/><G39/><T9/><D55/><U132/><E132/><V33/><F33/><W21/><G37/><T131/><D52/><U4/><E4/><V115/><F115/><W1/><G67/><T82/><D70/><U73/><E73/><AGARI ba="0,1" hai="13,19,22,28,29,30,72,73,75,102,103,120,121,123" machi="73" ten="50,3200,0" yaku="1,1,53,1" doraHai="113" doraHaiUra="17" who="2" fromWho="1" sc="250,0,250,-32,240,42,250,0" /><INIT seed="1,0,0,0,3,37" ten="250,218,282,250" oya="1" hai0="128,121,112,94,67,57,132,78,64,29,76,86,113" hai1="61,105,43,18,17,116,53,35,70,65,123,42,59" hai2="2,33,97,100,66,127,48,95,89,114,133,103,55" hai3="85,62,54,26,21,39,99,79,92,102,72,47,77"/><U34/><E123/><V11/><F33/><W60/><G72/><T122/><D128/><U84/><E116/><V82/><F114/><W27/><G27/><T6/><D6/><U32/><E105/><V30/><F133/><W93/><G77/><T19/><D29/><U111/><E84/><V25/><F127/><W68/><G68/><T13/><D132/><U87/><E87/><V38/><F38/><W104/><G104/><T69/><D69/><U80/><E80/><V88/><F66/><W63/><G39/><T106/><D106/><U51/><E111/><V23/><F2/><W101/><G79/><T115/><D94/><U126/><E126/><V119/><F11/><W73/><G73/><T75/><D75/><U15/><REACH who="1" step="1"/><E18/><REACH who="1" ten="250,208,282,250" step="2"/><V124/><F124/><W117/><G117/><T120/><D86/><U135/><E135/><V50/><F119/><W40/><G85/><T125/><D125/><U96/><E96/><V7/><F82/><W83/><G83/><T24/><D76/><U110/><E110/><V74/><F74/><W3/><G93/><T5/><D78/><U130/><E130/><V16/><F30/><W108/><G92/><T9/><REACH who="0" step="1"/><D57/><REACH who="0" ten="240,208,282,250" step="2"/><U22/><AGARI ba="0,2" hai="15,17,22,32,34,35,42,43,51,53,59,61,65,70" machi="22" ten="30,11700,0" yaku="1,1,0,1,52,2,53,0" doraHai="37" doraHaiUra="81" who="1" fromWho="1" sc="240,-39,208,137,282,-39,250,-39" /><INIT seed="1,1,0,2,0,87" ten="201,345,243,211" oya="1" hai0="26,22,72,90,68,15,77,129,12,133,74,34,18" hai1="76,55,111,56,67,44,132,100,41,35,99,53,109" hai2="42,98,89,24,96,104,65,31,4,69,84,21,38" hai3="118,127,43,48,19,13,110,25,9,51,63,2,134"/><U57/><E35/><V61/><F4/><W128/><G110/><N who="1" m="41994" /><E76/><V116/><F116/><W124/><G2/><T66/><D133/><U102/><E132/><V92/><REACH who="2" step="1"/><F104/><REACH who="2" ten="201,345,233,211" step="2"/><W39/><G118/><T37/><D129/><U114/><E114/><V14/><F14/><W80/><G13/><T126/><D15/><U27/><E27/><V40/><F40/><W0/><G43/><T125/><D37/><N who="1" m="21551" /><E67/><V115/><F115/><W45/><G39/><T11/><D66/><U117/><E117/><V52/><F52/><N who="1" m="20041" /><E102/><V123/><F123/><W93/><G134/><T78/><D26/><U64/><E64/><V119/><F119/><W3/><G25/><T130/><D130/><U101/><E101/><V105/><F105/><AGARI ba="1,1" hai="56,57,99,100,105" m="20041,21551,41994" machi="105" ten="30,5800,0" yaku="14,1,10,1,54,1" doraHai="87" who="1" fromWho="2" sc="201,0,345,71,233,-61,211,0" /><INIT seed="1,2,0,2,3,122" ten="201,416,172,211" oya="1" hai0="29,33,78,2,115,38,10,107,117,49,110,25,6" hai1="114,68,52,21,131,40,22,135,98,55,106,66,31" hai2="60,50,126,53,27,104,43,90,88,71,116,23,47" hai3="13,112,41,97,67,94,100,19,119,9,39,42,129"/><U56/><E114/><V96/><F126/><W12/><G112/><T118/><D115/><U127/><E127/><V7/><F116/><W92/><G119/><T28/><D78/><U11/><E40/><V75/><F75/><W45/><G129/><T16/><D38/><U85/><E131/><V134/><F134/><W46/><G67/><T128/><D128/><U30/><E135/><V79/><F79/><W35/><G35/><T124/><D124/><U44/><E68/><V74/><F74/><W1/><G1/><T14/><D107/><U95/><E106/><V109/><F109/><W123/><G123/><T73/><D73/><U5/><E85/><V84/><F7/><W54/><G54/><N who="1" m="20522" /><E44/><V63/><F71/><W51/><G13/><T32/><D110/><U111/><E111/><V59/><F104/><AGARI ba="2,0" hai="9,12,19,39,41,42,45,46,51,92,94,97,100,104" machi="104" ten="30,1000,0" yaku="7,1" doraHai="122" who="3" fromWho="2" sc="201,0,416,0,172,-16,211,16" /><INIT seed="2,0,0,2,5,17" ten="201,416,156,227" oya="2" hai0="83,9,36,89,113,111,135,124,93,86,98,66,120" hai1="27,7,64,59,60,53,130,22,75,90,42,122,6" hai2="123,109,80,131,72,26,94,78,77,84,2,61,71" hai3="48,73,63,34,67,40,1,32,35,101,25,88,33"/><V125/><F2/><W0/><G73/><T51/><D113/><U96/><E75/><V49/><F123/><W117/><G117/><T31/><D36/><U107/><E122/><V28/><F131/><W85/><G101/><T99/><D120/><U79/><E79/><V20/><F125/><W16/><G48/><T87/><D124/><U3/><E3/><V127/><F127/><W116/><G40/><T126/><D126/><U68/><E42/><V100/><F109/><W104/><G104/><T108/><D135/><U128/><E107/><V21/><F49/><W13/><G25/><T102/><D66/><U54/><E54/><V106/><F78/><W132/><G132/><T29/><D9/><U56/><E68/><V52/><F71/><W112/><G112/><T50/><D108/><U81/><E81/><V92/><F72/><W91/><G116/><T41/><D111/><U58/><E58/><N who="2" m="35015" /><F106/><W55/><G55/><T76/><D98/><U129/><E96/><N who="2" m="59399" /><F20/><W10/><G91/><T115/><D115/><U46/><E90/><V69/><F69/><W97/><G97/><T133/><D133/><U18/><E46/><V11/><F11/><W134/><G134/><T12/><D12/><U23/><REACH who="1" step="1"/><E22/><REACH who="1" ten="201,406,156,227" step="2"/><V24/><F24/><W4/><G0/><T43/><D41/><U82/><E82/><V105/><F105/><W57/><G1/><T15/><D43/><U114/><E114/><V44/><F44/><W19/><N who="3" m="8704" /><DORA hai="62" /><W103/><REACH who="3" step="1"/><G103/><REACH who="3" ten="201,406,156,217" step="2"/><T30/><D15/><U110/><E110/><V5/><F94/><AGARI ba="0,2" hai="4,10,13,16,19,57,63,67,85,88,94" m="8704" machi="94" ten="70,8000,1" yaku="1,1,2,1,52,1,54,2,53,0" doraHai="17,62" doraHaiUra="38,47" who="3" fromWho="2" sc="201,0,406,0,156,-80,217,100" /><AGARI ba="0,0" hai="29,30,31,50,51,76,83,86,87,89,93,94,99,102" machi="94" ten="40,1300,0" yaku="8,1" doraHai="17,62" who="0" fromWho="2" sc="201,13,406,0,76,-13,317,0" /><INIT seed="3,0,0,3,3,3" ten="214,406,63,317" oya="3" hai0="18,16,81,50,110,85,104,25,38,24,14,132,127" hai1="1,43,106,122,82,62,10,66,97,109,118,37,107" hai2="29,23,83,48,123,5,0,80,113,105,39,79,91" hai3="55,8,6,95,130,31,57,21,65,42,78,46,135"/><W101/><G130/><T64/><D104/><U63/><E122/><V93/><F39/><W124/><G135/><T121/><D38/><U71/><E109/><V128/><F113/><W90/><G124/><T15/><D121/><U108/><E108/><V74/><F105/><W103/><G65/><T41/><D127/><U60/><E118/><V34/><F34/><W87/><G78/><T19/><D132/><U53/><E97/><V125/><F125/><W73/><G21/><T9/><D64/><U11/><E11/><V40/><F128/><W26/><G26/><T88/><D110/><U61/><E82/><V96/><F123/><W59/><G31/><T116/><D116/><U44/><E53/><V2/><F83/><W102/><G55/><T131/><D131/><U47/><REACH who="1" step="1"/><E44/><REACH who="1" ten="214,396,63,317" step="2"/><V30/><F0/><W49/><REACH who="3" step="1"/><G73/><REACH who="3" ten="214,396,63,307" step="2"/><T126/><D126/><U56/><E56/><V86/><F23/><W12/><AGARI ba="0,2" hai="6,8,12,42,46,49,57,59,87,90,95,101,102,103" machi="12" ten="30,12000,1" yaku="1,1,2,1,0,1,8,1,52,1,53,0" doraHai="3" doraHaiUra="75" who="3" fromWho="3" sc="214,-40,396,-40,63,-40,307,140" /><INIT seed="3,1,0,3,3,17" ten="174,356,23,447" oya="3" hai0="20,113,119,0,83,58,88,110,71,69,30,34,135" hai1="1,121,66,62,31,107,25,33,4,80,28,5,112" hai2="44,94,120,116,133,82,87,13,48,75,35,85,38" hai3="122,72,32,18,51,109,97,27,24,12,129,29,47"/><W108/><G72/><T61/><D119/><U117/><E117/><V127/><F133/><W6/><G122/><T79/><D0/><U50/><E121/><V124/><F116/><W60/><G129/><T98/><D113/><U106/><E112/><V115/><F115/><W104/><G6/><T19/><D135/><U101/><E50/><V2/><F2/><W70/><G27/><T92/><D110/><N who="3" m="42601" /><G97/><T9/><D9/><N who="1" m="2191" /><E5/><V114/><F114/><W41/><G104/><T45/><D30/><U89/><E89/><V10/><F35/><W103/><G103/><T118/><D45/><U23/><E31/><V64/><F38/><W93/><G93/><T99/><D98/><N who="1" m="61751" /><E80/><V86/><F64/><N who="3" m="41223" /><G18/><T3/><D3/><U78/><E78/><V15/><F94/><W26/><G26/><T73/><D34/><U102/><E102/><V36/><F36/><W134/><G12/><T43/><D43/><U37/><E37/><V126/><F120/><W100/><G100/><T123/><D118/><U14/><E107/><V52/><REACH who="2" step="1"/><F10/><REACH who="2" ten="174,356,13,447" step="2"/><W40/><G134/><T130/><D123/><U91/><E33/><V22/><F22/><W131/><G131/><T54/><D130/><U39/><E23/><V53/><F53/><AGARI ba="1,1" hai="24,29,32,40,41,47,51,53" m="41223,42601" machi="53" ten="30,2900,0" yaku="14,1,10,1" doraHai="17" who="3" fromWho="2" sc="174,0,356,0,13,-32,447,42" owari="174,-23.0,356,16.0,-19,-52.0,489,59.0" /></mjloggm>