<mjloggm ver="2.3"><GO type="97" lobby="0"/><UN n0="%E5%B0%B1%E6%B4%BB%E7%94%9F%40%E5%B7%9D%E6%9D%91%E8%BB%8D%E5%9B%A3" n1="%6F%74%74%6F%30%35%30%38" n2="%E6%97%A5%E6%9C%AC%E8%AA%9E%E9%9B%A3%E3%81%97%E3%81%84" n3="%E3%81%BE%E3%81%8D%E3%81%BE%E3%83%BC" dan="15,14,13,14" rate="1938.96,1957.95,1948.59,1982.45" sx="M,M,M,F"/><TAIKYOKU oya="0"/><INIT seed="0,0,0,3,2,18" ten="250,250,250,250" oya="0" hai0="111,105,108,2,53,92,28,113,31,91,103,58,41" hai1="115,110,6,83,97,124,59,61,118,76,12,101,126" hai2="69,104,106,60,45,54,57,4,32,71,68,13,11" hai3="52,77,99,7,56,123,67,47,116,86,135,3,125"/><T25/><D2/><U107/><E118/><V9/><F32/><W65/><G116/><T49/><D113/><U127/><E6/><V121/><F121/><W133/><G123/><T75/><D75/><U109/><E12/><V46/><REACH who="2" step="1"/><F11/><REACH who="2" ten="250,250,240,250" step="2"/><N who="3" m="2559" /><G125/><T132/><D132/><N who="3" m="50761" /><G47/><AGARI ba="0,1" hai="4,9,13,45,46,47,54,57,60,68,69,71,104,106" machi="47" ten="40,2600,0" yaku="1,1,53,1" doraHai="18" doraHaiUra="51" who="2" fromWho="3" sc="250,0,250,0,240,36,250,-26" /><INIT seed="1,0,0,4,3,31" ten="250,250,276,224" oya="1" hai0="11,34,108,67,3,75,8,76,56,42,89,82,63" hai1="105,124,6,118,48,71,130,23,53,62,111,32,126" hai2="90,65,22,55,30,122,134,92,102,121,97,35,36" hai3="80,88,94,47,16,54,103,99,69,78,64,73,100"/><U131/><E105/><V120/><F134/><W125/><G125/><N who="1" m="48234" /><E6/><V15/><F36/><W72/><G72/><T68/><D108/><U60/><E23/><V93/><F65/><W59/><G47/><T83/><D83/><U70/><E32/><V98/><F55/><W66/><G69/><N who="1" m="26122" /><E118/><V43/><F43/><W85/><G100/><T19/><D42/><U79/><E79/><V0/><F0/><W20/><G54/><T104/><D104/><U74/><E74/><V13/><REACH who="2" step="1"/><F22/><REACH who="2" ten="250,250,266,224" step="2"/><W57/><G64/><T41/><D41/><U123/><E111/><V81/><F81/><W132/><G66/><T95/><D3/><U135/><E135/><V91/><F91/><W87/><G132/><T109/><D109/><U28/><E123/><V133/><F133/><W27/><G73/><T45/><D68/><U17/><E28/><V129/><F129/><N who="1" m="49161" /><E17/><V38/><F38/><W114/><G114/><T86/><D34/><U119/><E119/><V26/><AGARI ba="0,1" hai="13,15,26,30,35,90,92,93,97,98,102,120,121,122" machi="26" ten="40,5200,0" yaku="1,1,0,1,52,1,53,0" doraHai="31" doraHaiUra="52" who="2" fromWho="2" sc="250,-13,250,-26,266,62,224,-13" /><INIT seed="2,0,0,0,0,30" ten="237,224,328,211" oya="2" hai0="18,107,24,42,97,128,71,94,129,84,48,120,46" hai1="67,63,110,23,75,77,43,12,76,122,111,91,20" hai2="127,131,64,72,92,100,62,25,52,70,50,19,116" hai3="37,5,109,83,95,28,0,90,2,104,118,87,86"/><V15/><F116/><W134/><G118/><T119/><D71/><U57/><E122/><V85/><F72/><W93/><G104/><T125/><D120/><U81/><E76/><V11/><F131/><N who="0" m="50250" /><D119/><U101/><E101/><V60/><F127/><W89/><G37/><T32/><D125/><U105/><E105/><V117/><F117/><W39/><G39/><T22/><D107/><U135/><E135/><V96/><F85/><W98/><G134/><T61/><D61/><U49/><E91/><V53/><F62/><W56/><G109/><N who="1" m="41482" /><E12/><V108/><F108/><W16/><G28/><N who="0" m="19463" /><D84/><U40/><E40/><V102/><F102/><W133/><G56/><T6/><D6/><U106/><E106/><V65/><F65/><W17/><G133/><T26/><D94/><U10/><E10/><V33/><REACH who="2" step="1"/><F50/><REACH who="2" ten="237,224,318,211" step="2"/><W132/><G132/><T7/><D97/><U8/><E49/><V29/><AGARI ba="0,1" hai="11,15,19,25,29,33,52,53,60,64,70,92,96,100" machi="29" ten="30,18000,2" yaku="1,1,2,1,0,1,52,1,54,1,53,1" doraHai="30" doraHaiUra="31" who="2" fromWho="2" sc="237,-60,224,-60,318,190,211,-60" /><INIT seed="2,1,0,2,2,131" ten="177,164,508,151" oya="2" hai0="127,96,3,55,112,111,133,78,134,126,17,52,92" hai1="22,87,106,81,50,60,63,123,53,105,93,20,70" hai2="110,43,91,57,68,59,26,83,72,89,90,58,119" hai3="108,76,41,75,132,12,101,120,2,122,129,117,94"/><V95/><F119/><W35/><G117/><T14/><D3/><U115/><E115/><V37/><F68/><W7/><G35/><T67/><D111/><U6/><E6/><V21/><F110/><W130/><G108/><T124/><D67/><U71/><E93/><V65/><F37/><W49/><G2/><T107/><D78/><U23/><E123/><V8/><F43/><W88/><G101/><N who="0" m="60551" /><D107/><U103/><E71/><V44/><F44/><N who="3" m="25743" /><G132/><N who="0" m="50795" /><D112/><U113/><E113/><V5/><F72/><W85/><G76/><T74/><D74/><U54/><E70/><V61/><F83/><W84/><G75/><T0/><D0/><U18/><E18/><N who="2" m="12599" /><F95/><W116/><G116/><T25/><D25/><U34/><E34/><V135/><F135/><W15/><G7/><T10/><AGARI ba="1,0" hai="10,14,17,52,55,124,126,127" m="50795,60551" machi="10" ten="40,12000,2" yaku="18,1,20,1,52,3,54,1" doraHai="131" who="0" fromWho="0" sc="177,123,164,-31,508,-61,151,-31" /><INIT seed="3,0,0,0,1,1" ten="300,133,447,120" oya="3" hai0="59,35,70,79,95,11,128,40,102,118,24,48,91" hai1="112,74,7,51,18,25,4,82,10,119,80,111,115" hai2="2,88,46,12,97,16,60,8,20,34,127,39,72" hai3="116,50,78,26,75,33,84,6,23,13,3,123,41"/><W105/><G123/><T125/><D70/><U92/><E111/><V45/><F72/><W124/><G116/><T121/><D118/><U37/><E37/><V44/><F127/><W81/><G124/><T62/><D121/><U117/><E74/><V132/><F132/><W109/><G109/><T131/><D125/><U104/><E104/><V76/><F76/><W93/><G105/><T126/><D126/><U17/><E51/><V120/><F120/><W103/><G3/><T89/><D79/><U0/><E92/><N who="2" m="56455" /><F39/><W15/><G33/><T77/><D77/><U73/><E73/><V122/><F34/><W61/><G61/><T43/><D102/><U47/><E0/><V71/><F2/><W38/><G38/><T49/><D11/><U69/><E69/><V63/><F71/><W135/><G135/><T133/><D24/><U14/><E25/><N who="2" m="14471" /><F122/><W68/><G68/><T107/><D107/><U66/><E66/><V96/><F96/><N who="3" m="59791" /><G6/><AGARI ba="0,0" hai="6,8,12,44,45,46,60,63" m="14471,56455" machi="6" ten="30,7700,0" yaku="8,1,52,1,54,2" doraHai="1" who="2" fromWho="3" sc="300,0,133,0,447,77,120,-77" owari="300,10.0,133,-27.0,524,63.0,43,-46.0" /></mjloggm>