<mjloggm ver="2.3"><GO type="97" lobby="0"/><UN n0="%61%6B%61%6E%7A%6F" n1="%73%61%69%73%73%37%37%37" n2="%E5%B0%B1%E6%B4%BB%E7%94%9F%40%E5%B7%9D%E6%9D%91%E8%BB%8D%E5%9B%A3" n3="%E5%AE%97%E3%81%98%E3%81%84%E3%81%95%E3%82%93" dan="13,15,16,15" rate="1844.31,1964.97,2102.66,2058.69" sx="M,M,M,F"/><TAIKYOKU oya="0"/><INIT seed="0,0,0,3,5,85" ten="250,250,250,250" oya="0" hai0="108,134,78,35,32,34,97,42,39,110,69,8,89" hai1="63,94,122,52,0,111,88,127,115,82,62,86,81" hai2="10,29,84,25,6,101,9,12,54,71,49,21,76" hai3="87,59,130,30,121,70,50,44,28,65,95,23,15"/><T106/><D69/><U112/><E122/><V105/><F71/><W26/><G70/><T98/><D39/><U103/><E0/><V132/><F132/><W5/><G121/><T114/><D42/><U92/><E111/><N who="0" m="42537" /><D78/><U133/><E127/><V126/><F126/><W2/><G130/><T99/><D134/><U40/><E40/><V104/><F101/><W22/><G2/><T118/><D106/><U57/><E133/><V116/><F116/><W43/><G30/><T27/><D118/><U109/><E63/><V51/><F51/><W80/><G95/><T48/><D114/><N who="1" m="43563" /><E109/><V16/><F84/><W3/><G3/><T24/><D48/><U17/><E17/><V31/><F76/><W83/><G83/><T53/><D53/><U77/><E77/><V7/><F31/><W1/><G1/><T79/><D79/><U64/><E64/><V124/><F124/><W68/><G68/><T38/><D38/><U60/><E60/><V96/><F9/><N who="3" m="4527" /><G23/><T46/><D8/><U13/><E13/><V4/><REACH who="2" step="1"/><F96/><AGARI ba="0,0" hai="52,57,62,81,82,86,88,92,94,96,103" m="43563" machi="96" ten="30,7700,0" yaku="11,1,52,1,54,2" doraHai="85" who="1" fromWho="2" sc="250,0,250,77,250,-77,250,0" /><INIT seed="1,0,0,1,5,133" ten="250,327,173,250" oya="1" hai0="44,92,60,52,82,28,10,53,89,23,105,76,81" hai1="135,1,66,20,78,97,122,49,32,84,36,63,41" hai2="54,34,86,25,29,40,26,107,50,120,30,87,95" hai3="91,127,21,48,74,71,62,116,115,88,96,6,121"/><U57/><E122/><V35/><F120/><W113/><G121/><T33/><D105/><U43/><E135/><V73/><F107/><W15/><G74/><T79/><D33/><U45/><E32/><V38/><F73/><W126/><G116/><T119/><D119/><U13/><E1/><V90/><F38/><W134/><G134/><T103/><D103/><U114/><E114/><N who="3" m="43530" /><G48/><T31/><D10/><U51/><E97/><V46/><REACH who="2" step="1"/><F40/><REACH who="2" ten="250,327,163,250" step="2"/><W4/><G4/><T131/><BYE who="3" /><D131/><UN n3="%E5%AE%97%E3%81%98%E3%81%84%E3%81%95%E3%82%93" /><U8/><E36/><V65/><F65/><N who="3" m="41399" /><G6/><T0/><D0/><U106/><E106/><V124/><F124/><N who="3" m="47659" /><G96/><AGARI ba="0,1" hai="25,26,29,30,34,35,46,50,54,86,87,90,95,96" machi="96" ten="30,7700,0" yaku="1,1,7,1,9,1,53,1" doraHai="133" doraHaiUra="42" who="2" fromWho="3" sc="250,0,327,0,163,87,250,-77" /><INIT seed="2,0,0,0,0,34" ten="250,327,250,173" oya="2" hai0="111,82,35,89,133,69,62,113,79,112,8,104,49" hai1="26,44,58,38,39,48,9,25,92,14,118,94,68" hai2="29,131,50,0,107,97,22,109,135,119,100,120,10" hai3="7,108,41,125,103,43,127,78,59,63,16,21,19"/><V129/><F119/><W13/><G108/><T12/><D104/><U32/><E68/><V115/><F120/><W27/><G103/><T51/><D35/><U80/><E118/><V45/><F115/><W61/><G78/><T42/><D111/><U90/><E38/><V121/><F109/><W31/><G7/><T93/><D133/><U1/><E39/><V2/><F121/><W53/><G63/><T105/><D105/><U123/><E1/><V64/><F64/><W4/><G127/><T71/><D62/><U96/><E32/><V132/><F10/><W74/><G125/><T106/><D106/><U28/><E28/><V67/><F67/><W117/><G74/><T130/><D130/><N who="2" m="49674" /><F22/><W114/><G117/><T55/><D112/><U110/><E110/><V99/><F99/><W126/><G126/><T116/><D113/><U6/><E123/><V37/><F29/><W20/><G114/><T5/><D116/><U36/><E36/><V101/><F101/><W73/><G73/><T102/><D102/><N who="1" m="60679" /><E58/><V47/><F47/><W124/><G124/><T134/><D71/><U87/><E80/><V91/><F91/><W84/><G4/><T128/><D69/><U56/><E56/><V60/><F60/><W3/><G3/><N who="2" m="1065" /><F37/><W122/><G122/><T46/><D128/><U57/><E57/><V33/><F33/><W17/><REACH who="3" step="1"/><G84/><REACH who="3" ten="250,327,250,163" step="2"/><T81/><D79/><U75/><E75/><V66/><F66/><W54/><G54/><AGARI ba="0,1" hai="6,9,14,25,26,44,48,54,87,90,94" m="60679" machi="54" ten="30,1000,0" yaku="8,1" doraHai="34" who="1" fromWho="3" sc="250,0,327,20,250,0,163,-10" /><AGARI ba="0,0" hai="45,50,54,97,100,107,132,135" m="1065,49674" machi="54" ten="30,11600,0" yaku="19,1,52,3" doraHai="34" who="2" fromWho="3" sc="250,0,347,0,250,116,153,-116" /><INIT seed="2,1,0,0,3,109" ten="250,347,366,37" oya="2" hai0="18,115,67,30,82,74,34,123,16,129,88,80,44" hai1="35,100,42,41,130,96,17,12,86,11,21,104,68" hai2="75,126,73,117,20,39,0,111,78,40,116,124,98" hai3="19,5,23,6,103,125,106,95,84,105,112,13,27"/><V10/><F0/><W1/><G105/><T71/><D123/><U79/><E130/><V93/><F10/><N who="3" m="2351" /><G106/><T91/><D129/><U3/><E68/><V22/><F111/><W32/><G103/><T36/><D115/><U110/><E110/><V60/><F60/><W77/><G84/><T76/><D76/><U54/><BYE who="0" /><E35/><V8/><F8/><N who="3" m="4247" /><G95/><T94/><D94/><U7/><E54/><V28/><F40/><W133/><G77/><T31/><D31/><U119/><E119/><V90/><F39/><W55/><G55/><T45/><D45/><U83/><AGARI ba="1,0" hai="3,7,11,12,17,21,41,42,79,83,86,96,100,104" machi="83" ten="30,1100,0" yaku="0,1" doraHai="109" who="1" fromWho="1" sc="250,-4,347,14,366,-6,37,-4" /><INIT seed="3,0,0,1,2,6" ten="246,361,360,33" oya="3" hai0="52,11,64,37,115,57,53,92,117,81,87,13,63" hai1="119,16,10,18,27,120,131,66,111,45,20,22,121" hai2="36,31,103,58,126,62,127,113,73,49,1,84,94" hai3="89,59,86,83,118,38,60,12,112,91,71,79,5"/><W132/><G118/><T76/><D76/><U130/><E66/><V99/><F73/><W68/><G38/><T42/><D42/><U104/><E104/><V106/><F1/><W8/><G112/><T25/><D25/><N who="1" m="14471" /><E45/><V29/><F36/><W123/><G123/><N who="1" m="47178" /><E111/><V34/><F49/><W108/><G132/><T69/><D69/><UN n0="%61%6B%61%6E%7A%6F" /><U96/><E96/><N who="2" m="61799" /><F84/><W101/><G108/><T15/><D117/><U80/><E80/><V56/><F56/><W14/><G101/><T28/><D115/><U33/><E33/><V47/><F47/><W19/><G71/><T9/><D37/><U4/><E119/><V74/><F34/><W30/><G30/><T124/><D28/><U23/><E23/><V129/><F74/><W88/><G68/><T107/><D92/><U21/><E21/><V35/><F35/><W109/><G109/><T40/><D40/><U32/><E32/><V122/><F122/><W114/><G114/><T98/><D107/><U41/><E41/><V90/><F113/><W82/><G82/><T70/><D98/><U67/><E67/><N who="2" m="39383" /><F129/><W85/><G85/><T135/><D70/><U72/><E72/><V97/><F97/><W105/><G105/><T44/><D44/><U2/><AGARI ba="0,0" hai="2,4,10,18,22,27,130,131" m="47178,14471" machi="2" ten="30,7900,0" yaku="34,2,52,1,54,1" doraHai="6" who="1" fromWho="1" sc="246,-20,361,79,360,-20,33,-39" owari="226,-17.0,440,54.0,340,14.0,-6,-51.0" /></mjloggm>