<mjloggm ver="2.3"><GO type="97" lobby="0"/><UN n0="%62%61%6B%75%30%30%33%38" n1="%E5%B0%B1%E6%B4%BB%E7%94%9F%40%E5%B7%9D%E6%9D%91%E8%BB%8D%E5%9B%A3" n2="%EF%BC%A0%E3%81%99%E3%81%9A" n3="%E5%9B%A3%E9%95%B7%EF%BC%A0%E5%B7%9D%E6%9D%91%E8%BB%8D%E5%9B%A3" dan="13,14,15,15" rate="1859.26,1994.10,2022.07,1969.92" sx="M,M,M,M"/><TAIKYOKU oya="0"/><INIT seed="0,0,0,4,4,102" ten="250,250,250,250" oya="0" hai0="101,0,8,104,62,33,26,42,25,90,83,91,86" hai1="71,121,65,109,97,30,34,55,52,80,48,125,116" hai2="82,14,99,120,134,21,40,106,7,32,54,89,119" hai3="53,111,130,72,5,4,27,11,56,1,38,93,79"/><T24/><D33/><U98/><E116/><V135/><F120/><W78/><G111/><T132/><D132/><N who="2" m="50730" /><F119/><W77/><G130/><T124/><D124/><U15/><E121/><V95/><F40/><W51/><G38/><T87/><D42/><U9/><E109/><V88/><F32/><W2/><G72/><T47/><D47/><U110/><E110/><V69/><F69/><W73/><G73/><T41/><D41/><U105/><E125/><V64/><F64/><W127/><G127/><T39/><D39/><U84/><E71/><V10/><F21/><W67/><G67/><T3/><D62/><U68/><E68/><V35/><F35/><W60/><G93/><T133/><D133/><U44/><E44/><V96/><F54/><W112/><G112/><T37/><D8/><U107/><E65/><V126/><F126/><W76/><N who="3" m="19456" /><DORA hai="59" /><W18/><G60/><T108/><D37/><U6/><E34/><V28/><F28/><W117/><G117/><T23/><D23/><U85/><E30/><V100/><F82/><W20/><REACH who="3" step="1"/><G5/><REACH who="3" ten="250,250,250,240" step="2"/><T131/><D108/><U123/><E123/><V46/><F46/><W92/><G92/><T12/><D131/><U16/><E97/><V114/><F114/><W115/><G115/><T57/><D57/><U31/><E6/><V36/><F36/><W66/><G66/><T81/><REACH who="0" step="1"/><D12/><AGARI ba="0,1" hai="1,2,4,11,12,18,20,27,51,53,56" m="19456" machi="12" ten="50,3200,0" yaku="1,1,53,1" doraHai="102,59" doraHaiUra="17,29" who="3" fromWho="0" sc="250,-32,250,0,250,0,240,42" /><INIT seed="1,0,0,3,4,105" ten="218,250,250,282" oya="1" hai0="23,110,62,129,31,132,33,122,78,116,107,114,67" hai1="32,30,75,88,0,2,6,112,84,106,35,92,79" hai2="72,51,102,98,25,109,96,71,103,134,111,69,10" hai3="42,83,76,59,11,68,123,117,52,127,94,60,16"/><U36/><E112/><V19/><F134/><W121/><G123/><T26/><D122/><U70/><E70/><V90/><F90/><W28/><G68/><T55/><D114/><U58/><E106/><V37/><F37/><W85/><G121/><T80/><D116/><U22/><E36/><V61/><F51/><W104/><G104/><T7/><D107/><U91/><E91/><V14/><F25/><W65/><G117/><T34/><D110/><U101/><E101/><V89/><F89/><N who="3" m="53551" /><G42/><T125/><D132/><U66/><E22/><V87/><F87/><N who="3" m="48615" /><G28/><T119/><D119/><U115/><E115/><V97/><F61/><N who="3" m="38079" /><G127/><T120/><D125/><U54/><E66/><V39/><F39/><W17/><G11/><T93/><D120/><U44/><E44/><V1/><F1/><W18/><G60/><T49/><D93/><U63/><E30/><V5/><F5/><W130/><G130/><T56/><D7/><U81/><REACH who="1" step="1"/><E6/><REACH who="1" ten="218,240,250,282" step="2"/><V74/><F69/><W46/><G46/><T64/><D64/><U21/><E21/><V13/><F71/><W135/><G135/><T15/><D129/><U40/><E40/><V131/><F131/><W128/><G128/><T86/><REACH who="0" step="1"/><D15/><REACH who="0" ten="208,240,250,282" step="2"/><U108/><E108/><N who="2" m="41547" /><F14/><W8/><G8/><T113/><D113/><U82/><E82/><V73/><AGARI ba="0,2" hai="10,13,19,72,73,74,96,97,98,102,103" m="41547" machi="73" ten="40,8000,1" yaku="14,1,52,3" doraHai="105" who="2" fromWho="2" sc="208,-20,240,-40,250,100,282,-20" /><INIT seed="2,0,0,0,1,22" ten="188,200,350,262" oya="2" hai0="111,10,27,134,53,96,14,127,24,124,65,26,109" hai1="51,30,45,4,123,63,73,17,38,16,101,60,129" hai2="116,114,47,29,81,0,48,6,33,41,18,106,74" hai3="34,49,97,43,82,85,72,71,64,110,35,76,42"/><V69/><F106/><W87/><G110/><N who="0" m="41995" /><D65/><U103/><E38/><N who="2" m="21943" /><F18/><N who="1" m="7273" /><E73/><V54/><F114/><W122/><G97/><T83/><D134/><U3/><E3/><V21/><F21/><W39/><G49/><T112/><D112/><U125/><E123/><V68/><F116/><W2/><G82/><T80/><D53/><N who="1" m="29935" /><E129/><V78/><F54/><W89/><G76/><T50/><D50/><U12/><E125/><N who="0" m="48201" /><D96/><U5/><E30/><V75/><F75/><W70/><G72/><T108/><N who="0" m="42003" /><T25/><N who="0" m="6656" /><DORA hai="95" /><DORA hai="66" /><T44/><D44/><U92/><E92/><V37/><F48/><W58/><G39/><T99/><D99/><U19/><N who="1" m="7281" /><AGARI ba="0,0" hai="10,14,19,80,83" m="6656,48201,42003" machi="19" ten="60,12000,2" yaku="3,1,14,1,18,1,52,4" doraHai="22,95,66" who="0" fromWho="1" sc="188,120,200,-120,350,0,262,0" /><INIT seed="3,0,0,5,3,65" ten="308,80,350,262" oya="3" hai0="115,39,18,23,66,97,82,24,0,79,108,40,22" hai1="37,45,124,123,84,35,99,64,47,77,26,95,126" hai2="130,36,38,80,6,14,78,118,68,91,105,75,83" hai3="52,120,46,60,85,4,94,103,104,134,20,11,125"/><W51/><G125/><T16/><D108/><U44/><E37/><V54/><F68/><W42/><G134/><T81/><D0/><U43/><E43/><V73/><F105/><W21/><G120/><T13/><D115/><U63/><E35/><V57/><F130/><W117/><G117/><T1/><D1/><U116/><E123/><V10/><F118/><W87/><G104/><T76/><D66/><U131/><E131/><V59/><F59/><N who="3" m="34919" /><G103/><T132/><D132/><U53/><E26/><V88/><F91/><N who="3" m="53615" /><G87/><T109/><D109/><U56/><E116/><V15/><F15/><AGARI ba="0,0" hai="4,11,15,20,21,42,46,51" m="53615,34919" machi="15" ten="30,2900,0" yaku="8,1,54,1" doraHai="65" who="3" fromWho="2" sc="308,0,80,0,350,-29,262,29" /><INIT seed="3,1,0,4,2,58" ten="308,80,321,291" oya="3" hai0="63,22,101,45,25,7,133,122,39,95,116,17,31" hai1="88,20,10,103,48,134,40,4,110,62,93,131,75" hai2="77,129,21,57,119,49,8,104,118,14,6,67,32" hai3="98,24,91,92,72,56,97,41,37,61,60,65,96"/><W102/><G72/><T112/><D122/><U52/><E75/><V109/><F104/><W69/><G24/><T107/><D116/><U5/><E110/><V11/><F32/><W42/><G37/><T121/><D121/><U53/><E131/><V35/><F35/><W83/><G83/><T100/><D107/><U76/><E134/><V50/><F109/><W105/><REACH who="3" step="1"/><G98/><REACH who="3" ten="308,80,321,281" step="2"/><T115/><D133/><U78/><E103/><V111/><F111/><W99/><G99/><T70/><D95/><U125/><E125/><V123/><F123/><W55/><AGARI ba="1,1" hai="41,42,55,56,60,61,65,69,91,92,96,97,102,105" machi="55" ten="20,18000,2" yaku="1,1,0,1,7,1,52,2,53,1" doraHai="58" doraHaiUra="51" who="3" fromWho="3" sc="308,-61,80,-61,321,-61,281,193" owari="247,-15.0,19,-48.0,260,6.0,474,57.0" /></mjloggm>