<mjloggm ver="2.3"><GO type="169" lobby="0"/><UN n0="%69%6E%66%6F%31%32%33" n1="%E3%82%A6%E3%83%AB%E3%83%88%E3%83%A9%E7%AB%8B%E7%9B%B4" n2="%6B%69%79%6F%64%61%69" n3="%6B%77%5F%67%69%66%75" dan="16,17,18,16" rate="2029.41,2158.75,2189.25,2052.25" sx="M,M,M,M"/><TAIKYOKU oya="0"/><INIT seed="0,0,0,0,1,37" ten="250,250,250,250" oya="0" hai0="8,91,66,75,123,106,86,108,49,67,84,88,57" hai1="85,113,15,17,10,109,87,129,101,105,134,102,44" hai2="100,27,43,77,72,65,115,76,69,95,74,53,26" hai3="1,79,55,56,48,22,124,30,98,71,116,3,118"/><T107/><D75/><U133/><E109/><V33/><F53/><W40/><G71/><T51/><D8/><U38/><E129/><V14/><F14/><W90/><G79/><T46/><D108/><U62/><E62/><V21/><F21/><W82/><G124/><T60/><D123/><U4/><E113/><V19/><F19/><W45/><G3/><T59/><D60/><U73/><E73/><V120/><F95/><W36/><G1/><T131/><REACH who="0" step="1"/><D46/><REACH who="0" ten="240,250,250,250" step="2"/><U64/><E44/><V41/><F120/><W32/><G116/><T81/><D81/><U12/><E10/><V125/><F115/><W39/><G118/><T23/><D23/><U126/><E126/><V103/><F125/><W25/><G22/><T50/><D50/><U61/><E61/><V16/><F33/><W20/><G32/><T135/><D135/><U111/><E111/><V132/><F132/><W83/><G39/><T6/><D6/><U68/><E4/><V128/><F74/><W89/><G83/><T119/><D119/><U11/><E38/><V130/><F72/><W28/><G82/><T5/><D5/><U104/><E11/><V29/><F130/><AGARI ba="0,1" hai="49,51,57,59,66,67,84,86,88,91,106,107,130,131" machi="130" ten="25,9600,0" yaku="1,1,22,2,54,1,53,0" doraHai="37" doraHaiUra="9" who="0" fromWho="2" sc="240,106,250,0,250,-96,250,0" /><INIT seed="0,1,0,2,3,10" ten="346,250,154,250" oya="0" hai0="0,25,59,130,12,96,74,39,128,54,3,106,119" hai1="16,121,97,114,28,36,78,118,81,47,52,26,109" hai2="131,17,40,2,125,124,41,9,33,87,27,70,103" hai3="82,72,5,83,76,46,64,126,57,91,24,29,67"/><T58/><D74/><U90/><E121/><V53/><F70/><W104/><G126/><T66/><D39/><U11/><E118/><V113/><F113/><W23/><G104/><T101/><D119/><U42/><E109/><V84/><F103/><W49/><G5/><T62/><D25/><U108/><E108/><V98/><F98/><W31/><G29/><T89/><D89/><U120/><E120/><V105/><F105/><W102/><G102/><T122/><D122/><U85/><E114/><V51/><F131/><N who="0" m="50218" /><D12/><N who="1" m="7199" /><E36/><V99/><F27/><W56/><G67/><T65/><D65/><U132/><E132/><V1/><F1/><W75/><G72/><T15/><D15/><U115/><E115/><V135/><F135/><W133/><G133/><T35/><D35/><U88/><E97/><V7/><F33/><W60/><G75/><T112/><D112/><U32/><E32/><V4/><F2/><W68/><G64/><T8/><D8/><U69/><E42/><V55/><F9/><W79/><G68/><T93/><D106/><U92/><E69/><V21/><F21/><W34/><G34/><T100/><D100/><U134/><E134/><V38/><F38/><W95/><G23/><T111/><D111/><U117/><E117/><V6/><F125/><W94/><G76/><T13/><D13/><U123/><E123/><V116/><F116/><W86/><G79/><T43/><D43/><U61/><E92/><V110/><F124/><W20/><G94/><T30/><D30/><U45/><E28/><V14/><F110/><W48/><G95/><T63/><AGARI ba="1,0" hai="0,3,54,58,59,62,63,66,93,96,101" m="50218" machi="63" ten="30,3000,0" yaku="5,1,19,1" doraHai="10" who="0" fromWho="0" sc="346,33,250,-11,154,-11,250,-11" /><INIT seed="0,2,0,0,5,110" ten="379,239,143,239" oya="0" hai0="98,71,85,29,96,115,106,36,62,15,41,6,48" hai1="133,3,128,118,113,73,135,54,13,19,100,47,74" hai2="66,77,23,134,21,28,105,117,90,51,76,122,60" hai3="56,2,55,26,31,123,127,24,86,42,58,91,59"/><T120/><D120/><U119/><E100/><V34/><F105/><W94/><G2/><T82/><D36/><U126/><E3/><V9/><F122/><W129/><G127/><T40/><D29/><U20/><E126/><V8/><F34/><W89/><G129/><T125/><D125/><U69/><E69/><V81/><F134/><N who="1" m="51209" /><E128/><V83/><F117/><N who="1" m="44553" /><E113/><V130/><F130/><W97/><G42/><T78/><D115/><U131/><E131/><V79/><F51/><AGARI ba="2,0" hai="13,19,20,47,51,54,73,74" m="44553,51209" machi="51" ten="30,1000,0" yaku="20,1" doraHai="110" who="1" fromWho="2" sc="379,0,239,16,143,-16,239,0" /><INIT seed="1,0,0,1,0,52" ten="379,255,127,239" oya="1" hai0="17,5,32,127,65,105,49,133,16,100,56,130,47" hai1="2,46,122,26,103,119,72,48,115,86,13,106,50" hai2="109,57,66,116,117,132,76,8,83,62,107,24,120" hai3="70,43,108,23,41,3,59,31,55,87,99,79,68"/><U75/><E2/><V94/><F107/><W58/><G3/><T89/><D32/><U85/><E122/><V129/><F120/><W29/><G108/><T101/><D105/><U69/><E115/><V53/><F109/><W36/><G70/><T21/><D133/><U14/><E69/><V92/><F132/><W10/><G68/><T30/><D130/><U82/><E106/><V6/><F129/><W125/><G125/><T77/><D77/><U34/><E34/><V102/><F116/><W114/><G114/><T111/><D5/><U90/><E103/><N who="0" m="39497" /><D127/><U112/><E112/><V33/><F102/><W124/><G99/><T131/><D131/><U126/><E126/><V37/><F37/><W12/><G124/><T19/><D111/><U22/><E75/><V113/><F117/><W18/><G36/><T44/><D89/><N who="1" m="51383" /><E72/><V25/><F66/><W54/><G87/><T104/><D104/><U88/><E90/><V67/><F67/><W73/><G79/><T134/><D134/><U98/><E98/><V27/><F33/><W9/><G73/><T4/><D4/><U60/><E60/><V38/><F38/><W74/><G74/><T81/><D81/><N who="1" m="49231" /><E119/><V39/><F39/><W91/><G91/><T118/><D118/><U20/><E50/><V71/><F71/><W97/><G97/><T121/><D121/><U128/><E128/><V135/><F135/><W0/><G0/><T80/><D80/><U11/><E11/><V45/><F113/><W63/><G9/><T28/><D49/><U110/><E110/><V1/><F45/><N who="0" m="17482" /><D21/><N who="1" m="8299" /><E26/><V15/><F1/><RYUUKYOKU ba="0,0" sc="379,10,255,10,127,10,239,-30" hai0="16,17,19,28,30,56,65" hai1="13,14,46,48" hai2="6,8,15,24,25,27,53,57,62,76,83,92,94" /><INIT seed="1,1,0,1,4,47" ten="389,265,137,209" oya="1" hai0="109,45,129,61,52,115,123,65,124,16,79,78,127" hai1="14,107,85,25,104,23,35,87,110,5,90,50,27" hai2="120,6,111,100,51,102,19,60,134,54,91,113,40" hai3="64,29,30,83,121,46,99,38,22,2,122,67,37"/><U24/><E35/><V95/><F120/><W133/><G2/><T92/><D115/><U12/><E110/><V59/><F113/><W77/><G133/><T106/><D106/><U86/><E90/><V44/><F111/><W105/><G38/><T21/><D109/><U15/><E23/><V66/><F134/><W3/><G3/><T62/><D123/><U116/><E5/><V76/><F76/><W82/><G82/><T94/><D129/><U58/><E116/><V1/><F6/><W114/><G114/><T97/><D127/><U128/><E128/><V71/><F19/><W84/><G64/><T0/><D0/><U32/><E32/><V103/><F1/><W49/><G37/><T81/><D124/><U125/><E125/><V31/><F31/><W130/><G67/><T98/><D98/><U36/><E36/><V74/><F74/><W4/><G4/><T11/><D11/><U10/><E10/><V26/><F26/><W18/><G130/><T34/><D34/><U73/><E73/><V55/><REACH who="2" step="1"/><F71/><REACH who="2" ten="389,265,127,209" step="2"/><W56/><G30/><T72/><D79/><U101/><E101/><V132/><F132/><W89/><G29/><T57/><D78/><U112/><E112/><V17/><F17/><W88/><G121/><T108/><D16/><U41/><E58/><V53/><F53/><W42/><G122/><T68/><D57/><U33/><E33/><V93/><F93/><W80/><G56/><T8/><D72/><U117/><E117/><V119/><F119/><W43/><G43/><T70/><D108/><U131/><E131/><V7/><F7/><RYUUKYOKU ba="1,1" sc="389,-15,265,15,127,15,209,-15" hai1="12,14,15,24,25,27,41,50,85,86,87,104,107" hai2="40,44,51,54,55,59,60,66,91,95,100,102,103" /><INIT seed="1,2,1,5,3,64" ten="374,280,142,194" oya="1" hai0="3,132,96,104,11,26,133,117,5,14,94,23,32" hai1="115,49,24,67,48,100,119,33,13,126,30,102,73" hai2="16,90,110,12,9,107,60,77,101,103,61,55,87" hai3="121,134,56,105,0,21,36,4,92,81,72,31,135"/><U66/><E119/><V114/><F110/><W28/><G105/><T58/><D104/><U76/><E115/><V38/><F38/><W112/><G36/><T97/><D117/><U59/><E126/><V1/><F1/><W129/><G92/><T35/><D3/><U70/><E70/><V125/><F77/><W46/><G46/><T127/><D127/><U53/><E49/><V25/><F114/><W74/><G56/><T29/><D58/><U43/><E43/><V124/><F25/><N who="3" m="16431" /><G81/><T39/><D39/><U54/><E54/><V109/><F109/><W20/><G72/><T27/><D97/><U88/><E88/><V108/><F108/><W69/><G69/><T128/><D128/><U17/><E67/><V98/><F103/><W78/><G78/><T65/><D65/><U84/><E84/><V106/><F106/><W42/><G42/><T10/><D10/><U7/><E66/><V80/><F61/><W111/><G20/><T83/><D83/><U79/><E79/><V37/><F37/><W44/><G44/><T50/><D50/><U8/><E76/><V116/><F116/><W113/><G113/><T130/><D130/><U34/><E73/><V85/><F85/><W41/><G41/><T47/><D47/><U75/><E75/><V62/><F62/><W40/><G40/><T71/><D71/><U82/><E82/><V93/><F107/><W2/><G129/><T51/><D51/><U22/><E34/><V86/><F87/><W89/><G112/><T91/><D35/><U6/><E33/><V122/><F122/><W45/><G111/><RYUUKYOKU ba="2,1" sc="374,10,280,10,142,10,194,-30" hai0="5,11,14,23,26,27,29,32,91,94,96,132,133" hai1="6,7,8,13,17,22,24,30,48,53,59,100,102" hai2="9,12,16,55,60,80,86,90,93,98,101,124,125" /><INIT seed="1,3,1,1,5,78" ten="384,290,152,164" oya="1" hai0="127,85,99,84,114,64,100,22,86,32,5,33,18" hai1="66,92,23,67,50,129,15,11,112,72,109,44,75" hai2="131,54,125,27,40,88,38,42,25,97,116,52,39" hai3="36,3,65,73,41,13,20,0,81,24,134,37,59"/><U60/><E112/><V71/><F116/><W17/><G134/><T9/><D114/><U16/><E129/><V130/><F71/><W96/><G96/><T53/><D64/><U12/><E109/><V10/><F97/><W70/><G70/><T6/><D53/><U45/><E45/><V29/><F10/><W49/><G37/><T111/><D111/><U80/><E92/><V83/><F29/><W30/><G36/><T69/><D69/><U56/><E67/><V58/><F58/><W57/><G57/><T102/><D102/><U7/><REACH who="1" step="1"/><E80/><REACH who="1" ten="384,280,152,164" step="2"/><V120/><F83/><W61/><G81/><T113/><D113/><U133/><E133/><V77/><F77/><W1/><G73/><T14/><D127/><U26/><E26/><V47/><F47/><W63/><G65/><T94/><REACH who="0" step="1"/><D5/><REACH who="0" ten="374,280,152,164" step="2"/><U117/><E117/><V103/><F125/><W68/><G68/><T2/><AGARI ba="3,3" hai="2,6,9,14,18,22,32,33,84,85,86,94,99,100" machi="2" ten="30,4000,0" yaku="1,1,2,1,0,1,53,0" doraHai="78" doraHaiUra="43" who="0" fromWho="0" sc="374,79,280,-23,152,-13,164,-13" /><INIT seed="2,0,0,2,4,114" ten="453,257,139,151" oya="2" hai0="9,63,75,81,35,6,85,130,50,51,30,131,42" hai1="120,15,129,45,19,62,43,77,102,38,69,64,80" hai2="26,55,71,90,41,20,87,48,18,5,123,98,23" hai3="22,54,56,58,97,11,113,34,57,76,7,116,94"/><V37/><F71/><W105/><G34/><T104/><D104/><U121/><E102/><V89/><F37/><W112/><G105/><T13/><D75/><U109/><E109/><V14/><F123/><N who="1" m="47177" /><E129/><N who="0" m="49161" /><D42/><U115/><E115/><N who="3" m="44106" /><G116/><T49/><D63/><U111/><E111/><V99/><F41/><W134/><G76/><N who="0" m="46247" /><D30/><U72/><E15/><V2/><F2/><N who="3" m="503" /><G22/><T40/><D40/><U10/><E10/><N who="2" m="4431" /><F23/><W53/><G134/><T39/><D39/><U33/><E19/><V79/><F79/><W0/><G0/><T46/><D46/><U8/><E8/><V59/><F90/><AGARI ba="0,0" hai="53,54,56,57,58,90,94,97" m="503,44106" machi="90" ten="30,1000,0" yaku="11,1" doraHai="114" who="3" fromWho="2" sc="453,0,257,0,139,-10,151,10" /><INIT seed="3,0,0,2,5,14" ten="453,257,129,161" oya="3" hai0="67,8,46,47,102,35,45,107,99,26,68,16,82" hai1="134,32,115,20,48,110,59,97,22,84,124,92,0" hai2="55,118,19,91,70,39,73,109,94,75,120,96,106" hai3="6,64,50,105,52,135,1,33,86,98,44,4,130"/><W76/><G33/><T24/><D82/><U58/><E0/><V121/><F39/><W127/><G127/><T122/><D122/><N who="2" m="47210" /><F70/><W29/><G29/><N who="0" m="19879" /><D46/><U38/><E115/><V111/><F55/><W62/><G135/><T66/><D66/><U54/><E110/><N who="2" m="41995" /><F19/><W17/><G130/><T34/><D34/><U36/><E32/><V5/><F5/><W77/><G1/><T85/><D85/><U95/><E38/><V89/><F118/><W31/><G31/><T90/><D90/><N who="2" m="34314" /><F106/><W11/><G105/><T72/><D72/><U13/><E54/><V87/><F87/><W60/><G86/><T18/><D18/><U56/><E58/><V93/><F96/><W28/><G98/><T108/><D108/><U69/><E56/><V2/><F2/><W112/><G28/><T15/><D26/><U116/><E59/><V132/><F132/><W30/><G30/><T128/><D128/><U88/><E134/><V133/><F133/><W65/><G17/><T129/><D129/><U3/><E3/><V25/><F25/><W100/><G6/><T41/><D41/><U57/><E57/><V101/><F101/><W119/><G4/><T80/><D80/><U78/><E97/><V61/><F61/><AGARI ba="0,0" hai="8,15,16,45,47,61,67,68,99,102,107" m="19879" machi="61" ten="30,3900,0" yaku="25,1,52,1,54,1" doraHai="14" who="0" fromWho="2" sc="453,39,257,0,129,-39,161,0" /><INIT seed="4,0,0,3,0,12" ten="492,257,90,161" oya="0" hai0="124,103,10,19,128,116,40,2,1,107,88,99,108" hai1="39,109,132,129,89,121,98,20,92,33,31,4,26" hai2="49,84,104,59,34,134,3,120,66,105,0,79,117" hai3="135,101,14,41,81,91,95,18,21,53,6,60,90"/><T8/><D116/><U112/><E39/><V22/><F34/><W63/><G135/><T13/><D124/><U100/><E109/><V69/><F69/><W61/><G41/><T27/><D128/><U123/><E132/><V57/><F120/><W77/><G101/><T73/><D73/><U68/><E129/><V35/><F35/><W115/><G6/><T71/><D71/><U28/><E112/><V65/><F134/><W118/><G115/><T46/><D108/><U76/><E76/><V70/><F22/><W114/><G118/><T87/><D27/><U106/><E31/><V56/><F117/><W75/><G114/><T50/><REACH who="0" step="1"/><D8/><REACH who="0" ten="482,257,90,161" step="2"/><U11/><E68/><V131/><F70/><W58/><REACH who="3" step="1"/><G91/><REACH who="3" ten="482,257,90,151" step="2"/><T52/><D52/><U82/><E89/><V48/><F131/><W43/><G43/><T30/><D30/><U17/><E28/><V62/><F66/><W94/><G94/><AGARI ba="0,2" hai="1,2,10,13,19,40,46,50,87,88,94,99,103,107" machi="94" ten="30,11600,0" yaku="1,1,7,1,52,1,54,1,53,0" doraHai="12" doraHaiUra="29" who="0" fromWho="3" sc="482,136,257,0,90,0,151,-116" /><INIT seed="4,1,0,2,5,135" ten="618,257,90,35" oya="0" hai0="26,117,108,2,29,103,32,113,16,127,130,70,25" hai1="40,86,112,126,110,69,94,71,28,6,43,119,7" hai2="133,67,87,8,52,5,46,51,91,18,36,90,97" hai3="45,85,134,72,109,24,35,98,84,59,93,42,37"/><T58/><D70/><U75/><E75/><V31/><F133/><W57/><G109/><T15/><D103/><U38/><E28/><V53/><F36/><W14/><G72/><T19/><D58/><U1/><E86/><V12/><F67/><W124/><G124/><T23/><D117/><U41/><E41/><V21/><F31/><W80/><G134/><T82/><D82/><U4/><E4/><V34/><F34/><W61/><G14/><T78/><D78/><U83/><E94/><V125/><F125/><W11/><G11/><T13/><D127/><U68/><E68/><V121/><F121/><W128/><G128/><T106/><D106/><U50/><E50/><V118/><F97/><W60/><G60/><T92/><D92/><U48/><E48/><V9/><F9/><W89/><G61/><T66/><D66/><U33/><E110/><V88/><F118/><W104/><G35/><T10/><D108/><U22/><E33/><V77/><F77/><W95/><G24/><N who="0" m="18471" /><D113/><U111/><E112/><V129/><F129/><W116/><G104/><T115/><D115/><U62/><E111/><V96/><F96/><W74/><G116/><T100/><D100/><U114/><E114/><V132/><F132/><W3/><G74/><T122/><D122/><U79/><E119/><V120/><F120/><W123/><G123/><T76/><D76/><U47/><E79/><V65/><F65/><W101/><REACH who="3" step="1"/><G3/><REACH who="3" ten="618,257,90,25" step="2"/><T30/><D130/><U105/><E105/><V73/><F73/><W63/><G63/><T64/><D2/><U81/><E1/><N who="2" m="47" /><F87/><W54/><G54/><AGARI ba="1,1" hai="12,18,21,46,51,52,53,54,88,90,91" m="47" machi="54" ten="30,3900,0" yaku="6,1,54,2" doraHai="135" who="2" fromWho="3" sc="618,0,257,0,90,52,25,-42" owari="618,72.0,257,6.0,142,-26.0,-17,-52.0" /></mjloggm>