<mjloggm ver="2.3"><GO type="41" lobby="0"/><UN n0="%61%70%6F%6C%6C%6F" n1="%E3%82%AA%E3%83%AD%E3%83%8A%E3%82%A4%E3%83%B3%43" n2="%73%77%61%6E%62%6F%61%74" n3="%E5%B0%B1%E6%B4%BB%E7%94%9F%40%E5%B7%9D%E6%9D%91%E8%BB%8D%E5%9B%A3" dan="13,14,14,15" rate="1839.08,1895.69,1880.36,1983.10" sx="M,M,M,M"/><TAIKYOKU oya="0"/><INIT seed="0,0,0,3,4,66" ten="250,250,250,250" oya="0" hai0="44,68,93,38,34,16,135,103,25,102,72,122,61" hai1="77,55,134,30,57,10,54,47,69,14,53,43,65" hai2="67,121,13,27,74,1,101,7,71,59,89,56,64" hai3="19,48,79,85,126,84,113,133,94,98,105,21,15"/><T88/><BYE who="2" /><D72/><U95/><E77/><UN n2="%73%77%61%6E%62%6F%61%74" /><V128/><F74/><W50/><G113/><T80/><D122/><U60/><E30/><V33/><F121/><W39/><G39/><T52/><D135/><U125/><E134/><V90/><F128/><W73/><G126/><T127/><D127/><U70/><E95/><V76/><F76/><W2/><G2/><T9/><D80/><U17/><REACH who="1" step="1"/><E125/><REACH who="1" ten="250,240,250,250" step="2"/><V8/><F101/><W106/><G79/><T119/><D119/><U58/><E58/><V116/><F116/><W23/><G105/><T131/><D131/><U96/><E96/><V115/><F115/><W108/><G106/><T3/><D68/><U62/><E62/><V32/><F67/><W91/><G73/><T129/><D129/><U24/><E24/><V11/><F71/><W45/><G133/><T86/><D34/><U114/><E114/><V110/><F33/><W40/><G108/><T46/><D38/><AGARI ba="0,1" hai="10,14,17,38,43,47,53,54,55,57,60,65,69,70" machi="38" ten="40,8000,1" yaku="1,1,52,2,53,1" doraHai="66" doraHaiUra="42" who="1" fromWho="0" sc="250,-80,240,90,250,0,250,0" /><INIT seed="1,0,0,0,3,90" ten="170,330,250,250" oya="1" hai0="35,28,26,101,94,23,98,85,122,13,127,3,83" hai1="125,107,29,41,47,68,4,33,77,123,40,10,1" hai2="86,11,45,67,76,49,99,15,128,57,22,130,8" hai3="64,60,87,62,44,120,134,91,18,19,78,104,116"/><U55/><E123/><V121/><F121/><W69/><G120/><T96/><D3/><U126/><E68/><V105/><F22/><W79/><G116/><T71/><D122/><U66/><E66/><V9/><F76/><W39/><G104/><T50/><D71/><U135/><E107/><V72/><F72/><W27/><G134/><T117/><D117/><U12/><E135/><V37/><F37/><W102/><G102/><T14/><D35/><U92/><E77/><V88/><F99/><W109/><G109/><T115/><D115/><U110/><E110/><V81/><F105/><W80/><G62/><T65/><D65/><U58/><E41/><V34/><F34/><W56/><G69/><T6/><D127/><U70/><E70/><V53/><F67/><W20/><G39/><T112/><D112/><U17/><E47/><V46/><REACH who="2" step="1"/><F15/><REACH who="2" ten="170,330,240,250" step="2"/><W118/><G118/><T129/><D96/><U111/><E111/><V61/><F61/><W89/><G79/><N who="0" m="46335" /><D129/><AGARI ba="0,1" hai="8,9,11,45,46,49,53,57,81,86,88,128,129,130" machi="129" ten="40,8000,1" yaku="1,1,19,1,54,1,53,1" doraHai="90" doraHaiUra="54" who="2" fromWho="0" sc="170,-80,330,0,240,90,250,0" /><INIT seed="2,0,0,3,4,42" ten="90,330,330,250" oya="2" hai0="60,120,77,134,19,17,97,73,111,100,81,135,59" hai1="9,113,129,7,118,13,123,8,57,125,70,47,85" hai2="39,44,26,30,80,127,109,93,130,53,76,98,66" hai3="33,36,124,92,87,28,45,14,55,16,126,94,75"/><V21/><F130/><W119/><G75/><T25/><D120/><U103/><E118/><V112/><F112/><W18/><G119/><T96/><D111/><U34/><E113/><V64/><F127/><N who="3" m="48683" /><G33/><T83/><D81/><U51/><E125/><V133/><F133/><N who="0" m="50698" /><D25/><U102/><E34/><V11/><F109/><W84/><G28/><T32/><D32/><U46/><E70/><V43/><F53/><W10/><G18/><N who="0" m="6667" /><D100/><U117/><E117/><V101/><REACH who="2" step="1"/><F11/><REACH who="2" ten="90,330,320,250" step="2"/><W40/><G55/><AGARI ba="0,1" hai="55,59,60,73,77,83,96,97" m="6667,50698" machi="55" ten="30,1000,0" yaku="20,1" doraHai="42" who="0" fromWho="3" sc="90,20,330,0,320,0,250,-10" /><INIT seed="3,0,0,2,2,65" ten="110,330,320,240" oya="3" hai0="56,97,122,76,88,24,33,62,19,18,57,45,90" hai1="5,91,119,51,121,94,134,22,16,46,117,31,108" hai2="93,0,92,101,37,116,132,32,74,113,115,42,131" hai3="40,80,54,105,82,34,89,25,99,87,12,3,67"/><W95/><G3/><T102/><D122/><U86/><E121/><V127/><F101/><W133/><G133/><T4/><D4/><U124/><E124/><V20/><F20/><W68/><G40/><T63/><D76/><U85/><E134/><V15/><F15/><W17/><G54/><T98/><D45/><U72/><E72/><V107/><F42/><W36/><G36/><T96/><D102/><U103/><E103/><V70/><F93/><W47/><G47/><T43/><D43/><U2/><E108/><V64/><F92/><W29/><G105/><T104/><D104/><U10/><E31/><V49/><F49/><W59/><G59/><N who="0" m="22603" /><D24/><U114/><E114/><V100/><F64/><W112/><G112/><T75/><D33/><U78/><E78/><V8/><F8/><W23/><REACH who="3" step="1"/><G99/><REACH who="3" ten="110,330,320,230" step="2"/><T53/><D53/><U118/><E46/><V28/><F100/><W106/><G106/><T50/><D50/><U129/><E51/><V27/><F28/><W48/><G48/><T11/><D75/><U109/><E109/><V60/><F60/><AGARI ba="0,1" hai="12,17,23,25,29,34,60,67,68,80,82,87,89,95" machi="60" ten="40,3900,0" yaku="1,1,52,1,53,0" doraHai="65" doraHaiUra="35" who="3" fromWho="2" sc="110,0,330,0,320,-39,230,49" /><INIT seed="3,1,0,5,3,49" ten="110,330,281,279" oya="3" hai0="19,6,112,134,60,100,56,113,97,93,84,81,2" hai1="114,11,96,102,16,131,38,109,22,27,3,33,104" hai2="132,72,37,71,118,23,106,59,130,83,26,52,79" hai3="105,85,21,15,69,67,110,78,34,42,46,61,12"/><W25/><G34/><T40/><D40/><U53/><E114/><N who="0" m="44137" /><D134/><U32/><E38/><V47/><F118/><W98/><G110/><T127/><D127/><U54/><E131/><V107/><F132/><W39/><G105/><T80/><D19/><U120/><E120/><V64/><F130/><W82/><REACH who="3" step="1"/><G98/><REACH who="3" ten="110,330,281,269" step="2"/><T129/><D129/><U90/><E109/><V125/><F107/><W119/><G119/><T87/><D84/><U101/><E33/><V44/><F106/><W124/><G124/><T18/><D87/><U76/><E32/><V68/><F125/><W66/><G66/><T14/><D80/><U108/><E108/><V70/><F64/><W28/><AGARI ba="1,1" hai="12,15,21,25,28,39,42,46,61,67,69,78,82,85" machi="28" ten="20,12000,1" yaku="1,1,0,1,7,1,53,2" doraHai="49" doraHaiUra="9" who="3" fromWho="3" sc="110,-41,330,-41,281,-41,269,133" /><INIT seed="3,2,0,2,0,121" ten="69,289,240,402" oya="3" hai0="37,60,105,49,16,133,130,1,65,76,93,43,99" hai1="26,122,96,64,46,66,56,78,21,3,39,90,97" hai2="87,34,63,100,67,103,11,77,9,0,84,23,111" hai3="68,80,59,128,71,129,2,53,45,12,81,104,61"/><W94/><G104/><T29/><D1/><U127/><E122/><V75/><F34/><W72/><G2/><T85/><D105/><U25/><E3/><V117/><F117/><W55/><G94/><T69/><D29/><U98/><E78/><V27/><F75/><W108/><G12/><T120/><D120/><U24/><E127/><V58/><F0/><W15/><G15/><T114/><D114/><U116/><E116/><V32/><F32/><W31/><G31/><T28/><D28/><U106/><E106/><V10/><F111/><W13/><G13/><T82/><D133/><U109/><E39/><V62/><F62/><W38/><G72/><T17/><D130/><N who="3" m="50281" /><G81/><T22/><D37/><U30/><E46/><V88/><F77/><W54/><G80/><T18/><D43/><U118/><E118/><V91/><F87/><W74/><G74/><T101/><REACH who="0" step="1"/><D49/><REACH who="0" ten="59,289,240,402" step="2"/><U41/><E41/><V35/><F35/><W20/><G38/><T134/><D134/><U110/><E56/><V132/><F132/><W52/><G71/><T7/><D7/><U47/><E47/><V70/><F70/><W124/><G68/><T113/><D113/><U107/><E107/><V73/><F73/><W57/><G45/><T92/><D92/><U125/><E125/><V86/><F103/><W131/><G131/><T79/><D79/><U89/><E30/><N who="2" m="17791" /><F100/><W83/><G124/><T135/><D135/><U14/><E109/><V8/><F8/><W115/><G115/><T42/><D42/><U6/><E110/><V44/><F44/><W4/><G4/><T102/><D102/><RYUUKYOKU ba="2,1" sc="59,15,289,-15,240,15,402,-15" hai0="16,17,18,22,60,65,69,76,82,85,93,99,101" hai2="9,10,11,58,63,67,84,86,88,91" /><INIT seed="4,3,1,3,0,41" ten="74,274,255,387" oya="0" hai0="25,119,27,56,83,57,67,48,96,37,44,120,14" hai1="39,98,29,85,129,6,20,127,59,13,84,123,61" hai2="108,43,100,105,122,50,103,72,131,40,49,101,31" hai3="34,17,42,10,46,30,2,97,62,87,26,106,33"/><T36/><D119/><U24/><E123/><V35/><F72/><W116/><G116/><T121/><D83/><U15/><E39/><N who="0" m="14921" /><D96/><U128/><E127/><V74/><F74/><W78/><G34/><T28/><D14/><U133/><E133/><V70/><F70/><W90/><G78/><T94/><D94/><U77/><E77/><V5/><F105/><W9/><G2/><T66/><D28/><U0/><E0/><V118/><F122/><N who="0" m="47210" /><D25/><U64/><E13/><V69/><F5/><W92/><G17/><T19/><D19/><U75/><E75/><V76/><F76/><W51/><G106/><T125/><D27/><U53/><E98/><V11/><F11/><W52/><G97/><T23/><D23/><U107/><E107/><V45/><F118/><W113/><G113/><T3/><D3/><U86/><E6/><V89/><F31/><W134/><G134/><T91/><D91/><U79/><E79/><V16/><F35/><W88/><G90/><T4/><D4/><U117/><E15/><V63/><F16/><W126/><G126/><T112/><D125/><U109/><E117/><V1/><F1/><W8/><G62/><T55/><D112/><U80/><E80/><V95/><F89/><W68/><G68/><T102/><D102/><U99/><E99/><V124/><F124/><W22/><G33/><T135/><D135/><U60/><E86/><V71/><F63/><W21/><G21/><T18/><D18/><U73/><E73/><V110/><F95/><W58/><G8/><T38/><N who="0" m="14929" /><T115/><DORA hai="104" /><D115/><U93/><E93/><RYUUKYOKU ba="3,1" sc="74,15,274,-15,255,-15,387,15" hai0="44,48,55,56,57,66,67" hai3="9,10,22,26,30,42,46,51,52,58,87,88,92" /><INIT seed="4,4,1,2,5,4" ten="89,259,240,402" oya="0" hai0="69,32,78,99,58,19,62,91,24,126,86,114,20" hai1="89,50,56,73,61,96,75,135,80,128,42,49,127" hai2="5,87,57,85,117,53,12,72,37,115,52,55,47" hai3="102,125,116,1,111,18,133,131,124,7,134,74,10"/><T36/><D114/><U79/><E128/><V25/><F72/><W8/><G74/><T67/><D36/><U2/><E135/><N who="3" m="51722" /><G102/><T29/><D126/><N who="3" m="48745" /><G116/><T41/><D41/><U103/><E127/><V95/><F115/><W88/><G88/><T15/><D78/><U16/><E2/><V92/><F117/><W109/><G131/><T107/><D99/><U82/><E42/><V132/><F132/><W110/><G18/><T83/><REACH who="0" step="1"/><D107/><REACH who="0" ten="79,259,240,402" step="2"/><U64/><E75/><V65/><F37/><W39/><G39/><T3/><D3/><U26/><E96/><V13/><F85/><W23/><G1/><T27/><D27/><U120/><E120/><V66/><F25/><W71/><G111/><T6/><D6/><U98/><E98/><V81/><F5/><W94/><G7/><T34/><D34/><U44/><E26/><V100/><F100/><W0/><G0/><T21/><D21/><U51/><E73/><V9/><F87/><W121/><G23/><T113/><D113/><U28/><E79/><V43/><F43/><W35/><G121/><T97/><D97/><U45/><E103/><V54/><F47/><W38/><G38/><T30/><D30/><U112/><E112/><V22/><F22/><W48/><G35/><T76/><D76/><U104/><E28/><V46/><F46/><W84/><G110/><T11/><D11/><U119/><E45/><V108/><F108/><W60/><G109/><T122/><D122/><U31/><E44/><V123/><F123/><W70/><G8/><T101/><D101/><U59/><E31/><V129/><F9/><RYUUKYOKU ba="4,2" sc="79,30,259,-10,240,-10,402,-10" hai0="15,19,20,24,29,32,58,62,67,69,83,86,91" /><INIT seed="4,5,2,2,4,25" ten="109,249,230,392" oya="0" hai0="74,33,92,28,101,3,111,6,42,99,83,57,15" hai1="56,30,72,36,120,73,7,85,118,50,64,75,70" hai2="135,62,67,27,80,125,41,38,51,112,55,86,123" hai3="0,13,117,58,119,2,11,121,133,23,71,98,94"/><T44/><D3/><U81/><E120/><V113/><F123/><W126/><G71/><T78/><D33/><U26/><E118/><V45/><F27/><W35/><G35/><T128/><D128/><U90/><E36/><V39/><F135/><W93/><G121/><T61/><D28/><U116/><E116/><V34/><F34/><W53/><G133/><T43/><D111/><U47/><E7/><V31/><F31/><W54/><G126/><T88/><D101/><U66/><E70/><V82/><F125/><W24/><G2/><T84/><D74/><U132/><E132/><V17/><F17/><W65/><G0/><T52/><D44/><U79/><E79/><V60/><F82/><W40/><G40/><T129/><D129/><U97/><E97/><V114/><F80/><W107/><G107/><T32/><D32/><U48/><E48/><V95/><F95/><W76/><G76/><T63/><D61/><U46/><E46/><V127/><F86/><W110/><G110/><T106/><D106/><U59/><E59/><N who="2" m="34943" /><F127/><W108/><G108/><T21/><REACH who="0" step="1"/><D21/><REACH who="0" ten="99,249,230,392" step="2"/><U100/><E100/><V16/><F39/><W18/><G119/><T130/><D130/><U19/><E30/><V77/><F38/><W4/><G117/><T29/><D29/><U22/><E75/><V103/><F103/><W1/><G1/><T8/><AGARI ba="5,3" hai="6,8,15,42,43,52,57,63,78,83,84,88,92,99" machi="8" ten="30,12000,1" yaku="1,1,0,1,8,1,54,2,53,0" doraHai="25" doraHaiUra="134" who="0" fromWho="0" sc="99,165,249,-45,230,-45,392,-45" /><INIT seed="4,6,0,0,2,90" ten="264,204,185,347" oya="0" hai0="95,87,107,70,61,9,51,91,60,28,67,30,126" hai1="123,0,59,117,112,50,131,34,20,19,35,76,3" hai2="119,78,56,66,97,22,36,2,16,11,12,54,100" hai3="110,130,5,77,83,42,114,73,125,65,32,14,38"/><T94/><D126/><U44/><E123/><V96/><F36/><W17/><G110/><T13/><D107/><U18/><E117/><V82/><F119/><W39/><G32/><T116/><D116/><U31/><E76/><V133/><F66/><W104/><G104/><T128/><D128/><U106/><E106/><V84/><F133/><W108/><G108/><T33/><D33/><U98/><E98/><V41/><F41/><W15/><G114/><T132/><D132/><U68/><E68/><V118/><F118/><W129/><G125/><T74/><D74/><U4/><E112/><V7/><REACH who="2" step="1"/><F100/><REACH who="2" ten="264,204,175,347" step="2"/><W21/><G65/><T86/><D67/><U55/><E131/><V6/><F6/><W92/><G42/><T29/><D70/><U25/><E4/><V64/><F64/><W43/><G43/><T99/><D51/><AGARI ba="6,1" hai="2,7,11,12,16,22,51,54,56,78,82,84,96,97" machi="51" ten="30,3900,0" yaku="1,1,7,1,54,1,53,0" doraHai="90" doraHaiUra="62" who="2" fromWho="0" sc="264,-57,204,0,175,67,347,0" /><INIT seed="5,0,0,4,2,27" ten="207,204,242,347" oya="1" hai0="100,115,60,9,126,107,93,24,104,21,76,46,37" hai1="66,26,110,73,105,25,67,91,123,109,122,95,86" hai2="85,29,132,119,34,10,88,70,84,106,90,133,55" hai3="2,11,97,83,14,116,114,13,1,44,53,89,130"/><U103/><E73/><V48/><F106/><W127/><G116/><T36/><D126/><U7/><E7/><V68/><F119/><W112/><G127/><T3/><D76/><U8/><E8/><V101/><F101/><W50/><G130/><T41/><D115/><N who="3" m="44073" /><G14/><T32/><D32/><U118/><E118/><V28/><F10/><W111/><G111/><N who="1" m="42506" /><E105/><V134/><F34/><W30/><G30/><N who="2" m="11881" /><F85/><N who="3" m="50367" /><G97/><T35/><D35/><U80/><E25/><V82/><F90/><W18/><AGARI ba="0,0" hai="1,2,11,13,18,44,50,53" m="50367,44073" machi="18" ten="30,2000,0" yaku="25,1,15,1" doraHai="27" who="3" fromWho="3" sc="207,-5,204,-10,242,-5,347,20" /><INIT seed="6,0,0,2,5,116" ten="202,194,237,367" oya="2" hai0="87,48,100,10,32,39,45,84,61,127,36,106,95" hai1="53,68,69,67,62,65,120,19,24,117,34,96,0" hai2="74,81,55,66,130,111,40,115,123,113,41,90,64" hai3="31,82,3,131,63,129,76,97,56,135,51,107,9"/><V103/><F130/><N who="3" m="49675" /><G31/><T99/><D32/><U37/><E0/><V79/><F103/><N who="3" m="62959" /><G51/><T77/><D127/><U72/><E72/><V46/><F111/><W15/><G3/><T112/><D112/><N who="2" m="43082" /><F123/><W38/><G38/><T119/><D119/><U52/><E37/><V133/><F133/><W118/><G118/><T58/><D10/><U108/><E117/><V16/><F90/><W50/><G50/><T47/><D84/><U94/><E108/><V8/><F55/><W26/><G26/><T21/><D21/><U49/><E120/><V105/><F105/><W75/><G135/><T121/><D121/><U1/><E1/><V17/><F41/><W20/><G20/><T110/><D110/><U57/><E34/><V44/><F44/><W101/><G101/><T13/><D13/><U30/><E30/><V134/><F134/><W98/><G98/><T42/><D47/><N who="1" m="27711" /><E69/><V71/><F71/><W89/><G89/><T80/><REACH who="0" step="1"/><D106/><REACH who="0" ten="192,194,237,367" step="2"/><U28/><E68/><V126/><F126/><W92/><G15/><T35/><D35/><U132/><E132/><V33/><F33/><W109/><G9/><T5/><D5/><U54/><E28/><V122/><F122/><W11/><G11/><T60/><D60/><U6/><E6/><V2/><F2/><W4/><G4/><T114/><D114/><U91/><E67/><AGARI ba="0,1" hai="36,39,42,45,48,58,61,67,77,80,87,95,99,100" machi="67" ten="30,2000,0" yaku="1,1,7,1,53,0" doraHai="116" doraHaiUra="29" who="0" fromWho="1" sc="192,30,194,-20,237,0,367,0" /><INIT seed="7,0,0,3,2,22" ten="222,174,237,367" oya="3" hai0="121,9,133,37,18,111,92,60,129,97,69,20,82" hai1="101,14,99,53,23,73,66,134,25,103,71,109,7" hai2="65,46,85,70,58,122,68,81,108,110,72,94,34" hai3="113,123,50,78,29,114,83,4,80,32,120,10,102"/><W89/><G102/><T55/><D111/><U17/><E109/><V31/><F122/><W59/><G89/><T15/><D121/><U21/><E73/><V62/><F72/><W38/><G38/><T125/><D37/><U51/><E134/><V42/><F94/><W77/><G29/><T88/><D133/><U95/><E71/><V43/><F43/><W56/><G32/><T5/><D125/><U35/><E66/><V39/><F70/><W61/><G50/><T105/><D129/><U49/><E7/><V96/><F96/><W16/><G16/><T112/><D112/><U128/><E128/><V106/><F106/><W13/><G59/><N who="0" m="34943" /><D69/><U115/><E115/><N who="3" m="44042" /><G80/><T93/><D105/><U2/><E2/><V84/><F84/><N who="3" m="48239" /><G78/><T41/><D41/><U64/><E64/><AGARI ba="0,0" hai="4,10,13,56,61,64,120,123" m="48239,44042" machi="64" ten="30,1500,0" yaku="15,1" doraHai="22" who="3" fromWho="1" sc="222,0,174,-15,237,0,367,15" owari="222,-18.0,159,-34.0,237,4.0,382,48.0" /></mjloggm>