<mjloggm ver="2.3"><GO type="169" lobby="0"/><UN n0="%EF%BC%9D%E4%BC%8A%E8%97%A4%E3%81%8B%E3%81%AA%E6%81%B5%EF%BC%9D" n1="%E3%82%A6%E3%83%AB%E3%83%88%E3%83%A9%E7%AB%8B%E7%9B%B4" n2="%4B%E3%80%82" n3="%E3%83%97%E3%83%AD%E3%83%86%E3%82%A4%E3%83%B3%E5%BE%97%E7%9B%9B" dan="17,16,17,17" rate="2141.88,2104.78,2120.45,2120.92" sx="F,M,M,M"/><TAIKYOKU oya="0"/><INIT seed="0,0,0,4,0,36" ten="250,250,250,250" oya="0" hai0="58,84,71,31,77,74,73,1,80,23,40,17,107" hai1="100,75,20,34,95,68,66,72,26,57,116,33,29" hai2="52,104,60,105,134,64,11,130,8,128,12,15,32" hai3="44,93,27,117,102,106,120,78,4,98,91,25,19"/><T123/><D123/><U61/><E116/><V67/><F32/><N who="1" m="12393" /><E68/><V103/><F103/><W99/><G117/><T37/><D71/><U28/><E28/><V24/><F24/><W13/><G4/><T108/><D31/><U76/><E76/><V42/><F60/><W89/><G78/><T14/><D108/><U81/><E81/><V9/><F9/><W133/><G133/><T113/><D113/><U129/><E129/><V125/><F125/><W30/><G120/><T51/><D107/><U22/><E22/><V35/><F35/><W88/><G44/><T10/><D37/><U65/><E65/><V18/><F18/><W122/><G122/><T50/><D50/><U112/><E112/><V110/><F110/><W115/><G115/><T94/><D94/><U63/><E63/><V49/><F49/><W41/><G41/><T114/><D114/><U55/><E55/><V124/><F124/><W90/><REACH who="3" step="1"/><G30/><REACH who="3" ten="250,250,250,240" step="2"/><T132/><D132/><U54/><E75/><V83/><F134/><W0/><G0/><T135/><D135/><U127/><E72/><V38/><F42/><W48/><G48/><T97/><D40/><U119/><E127/><V62/><F38/><W70/><G70/><T79/><D79/><U43/><E43/><V2/><F2/><W92/><G92/><T111/><D111/><U47/><E47/><V39/><F39/><W87/><G87/><T16/><D1/><U121/><E121/><V59/><F105/><W6/><G6/><T118/><D118/><U53/><E119/><V46/><F104/><W85/><G85/><T69/><D84/><RYUUKYOKU ba="0,1" sc="250,-15,250,15,250,-15,240,15" hai1="20,26,29,53,54,57,61,66,95,100" hai3="13,19,25,27,88,89,90,91,93,98,99,102,106" /><INIT seed="1,1,1,1,3,27" ten="235,265,235,255" oya="1" hai0="120,64,25,30,20,31,32,19,105,118,127,58,12" hai1="84,85,44,16,28,33,106,40,96,35,79,53,21" hai2="102,59,135,74,119,110,109,128,2,18,124,34,22" hai3="65,98,55,88,90,15,129,9,116,62,86,29,117"/><U121/><E121/><V14/><F102/><W60/><G129/><T8/><D105/><U48/><E35/><V46/><F59/><N who="3" m="34943" /><G98/><T125/><D120/><U56/><E79/><V57/><F57/><N who="3" m="37071" /><G86/><T83/><D64/><U72/><E72/><V100/><F100/><W13/><G13/><T43/><D58/><U131/><E131/><V115/><F46/><W108/><G108/><T6/><D43/><U47/><E47/><V99/><F99/><W101/><G101/><T67/><D67/><U82/><E82/><V42/><F42/><W70/><G29/><N who="0" m="19503" /><D83/><U49/><E96/><V39/><F14/><W41/><G70/><T91/><D91/><U63/><E106/><V52/><F18/><N who="3" m="8559" /><G41/><T95/><D95/><U38/><E38/><V5/><F5/><W114/><G114/><T133/><D118/><AGARI ba="1,1" hai="88,90,116,117,118" m="8559,37071,34943" machi="118" ten="30,2000,0" yaku="12,1,54,1" doraHai="27" who="3" fromWho="0" sc="235,-23,265,0,235,0,255,33" /><INIT seed="2,0,0,1,3,100" ten="212,265,235,288" oya="2" hai0="65,25,22,102,86,70,96,110,23,133,51,99,10" hai1="2,118,28,62,88,38,134,82,124,74,19,56,48" hai2="21,113,12,0,93,130,55,67,37,85,60,26,73" hai3="27,132,33,45,34,43,40,11,29,125,59,80,98"/><V117/><F73/><W54/><G125/><T75/><D110/><U106/><E38/><V87/><F0/><W50/><G132/><T131/><D75/><U79/><E2/><V101/><F37/><W126/><G126/><T57/><D133/><U112/><E124/><V61/><F117/><W8/><G33/><T15/><D131/><U105/><E118/><V13/><F113/><W120/><G120/><T84/><D70/><U116/><E112/><V114/><F114/><W16/><G43/><T41/><D41/><U69/><E116/><V128/><F55/><W122/><G122/><T135/><D135/><U89/><E134/><V58/><F61/><W66/><G66/><T3/><D3/><U104/><E28/><N who="2" m="17487" /><F87/><N who="0" m="33322" /><D102/><U18/><E69/><V119/><F119/><W129/><G129/><N who="2" m="49769" /><F85/><W53/><G80/><T111/><D23/><U35/><E48/><V108/><F108/><W32/><G32/><T9/><D111/><U49/><E49/><V20/><F20/><W107/><G40/><T121/><D121/><U97/><E35/><V63/><F63/><W24/><G34/><T31/><D10/><U1/><E1/><V72/><F72/><W64/><G11/><T109/><D109/><U123/><E123/><V127/><F127/><W5/><G8/><T95/><D95/><U17/><REACH who="1" step="1"/><E97/><AGARI ba="0,0" hai="12,13,58,60,67,93,97,101" m="49769,17487" machi="97" ten="30,2900,0" yaku="25,1,19,1" doraHai="100" who="2" fromWho="1" sc="212,0,265,-29,235,29,288,0" /><INIT seed="2,1,0,5,4,8" ten="212,236,264,288" oya="2" hai0="59,66,69,14,28,86,11,33,89,20,83,4,64" hai1="79,50,113,104,80,100,58,77,126,74,101,22,92" hai2="29,125,118,127,12,43,119,71,63,114,135,18,85" hai3="42,117,96,36,133,25,129,105,37,32,110,98,49"/><V56/><F114/><W124/><G49/><T3/><D69/><U51/><E113/><V21/><F71/><W7/><G7/><T35/><D59/><U108/><E126/><N who="2" m="48139" /><F135/><W61/><G61/><T5/><D5/><U62/><E108/><V16/><F29/><W82/><G82/><T19/><REACH who="0" step="1"/><D35/><REACH who="0" ten="202,236,264,288" step="2"/><U60/><E58/><V134/><F134/><W128/><G32/><T103/><D103/><U6/><E6/><V81/><F119/><W132/><G124/><T70/><D70/><U84/><E100/><V120/><F118/><W53/><G117/><T55/><D55/><U54/><E54/><V44/><F120/><W45/><G53/><T34/><D34/><U112/><E101/><V17/><F56/><W30/><G133/><T9/><D9/><U88/><E112/><V57/><F57/><W15/><G132/><T107/><D107/><U97/><E104/><V10/><F63/><W131/><G105/><T46/><D46/><U40/><E62/><V123/><F123/><W13/><G45/><T52/><D52/><U27/><E60/><V94/><F10/><W111/><G111/><T1/><D1/><U122/><E122/><V67/><F67/><W93/><G110/><T102/><D102/><U31/><E40/><V116/><F116/><W65/><G65/><T130/><D130/><U26/><E26/><AGARI ba="1,1" hai="3,4,11,14,19,20,26,28,33,64,66,83,86,89" machi="26" ten="40,8000,1" yaku="1,1,24,2,52,1,53,0" doraHai="8" doraHaiUra="95" who="0" fromWho="1" sc="202,93,236,-83,264,0,288,0" /><INIT seed="3,0,0,0,2,45" ten="295,153,264,288" oya="3" hai0="33,133,22,82,12,37,39,66,87,79,65,122,88" hai1="8,52,120,107,1,38,130,93,48,121,134,28,15" hai2="73,47,111,9,59,127,5,89,62,131,63,119,27" hai3="36,85,57,113,86,7,55,70,129,69,35,81,72"/><W14/><G35/><T56/><D122/><U42/><E107/><V104/><F119/><W71/><G36/><T51/><D33/><U105/><E105/><V103/><F73/><W49/><G113/><T94/><D133/><U123/><E134/><V124/><F111/><W20/><G129/><T114/><D114/><U21/><E130/><V50/><F131/><W99/><G99/><N who="0" m="57799" /><D39/><U95/><E42/><V60/><F27/><W101/><G101/><T30/><D37/><U43/><E43/><V83/><F103/><W68/><G68/><T110/><D110/><U32/><E38/><V34/><F34/><W98/><G98/><T84/><D87/><U78/><E32/><V75/><F104/><W80/><G80/><T25/><D12/><U77/><E77/><V29/><F75/><W2/><G2/><T13/><D13/><U100/><E78/><V18/><F83/><W4/><G72/><T23/><D23/><U44/><E100/><V31/><F89/><W112/><G112/><T26/><D26/><U109/><E109/><V16/><F124/><W54/><G54/><AGARI ba="0,0" hai="22,25,30,51,54,56,65,66,79,82,84" m="57799" machi="54" ten="30,3900,0" yaku="8,1,52,1,54,1" doraHai="45" who="0" fromWho="3" sc="295,39,153,0,264,0,288,-39" /><INIT seed="4,0,0,3,3,30" ten="334,153,264,249" oya="0" hai0="64,1,90,19,118,130,62,46,40,102,60,79,47" hai1="29,28,101,114,33,21,82,103,45,107,105,74,54" hai2="14,77,125,5,31,12,113,50,109,104,76,48,87" hai3="98,51,135,43,42,80,83,123,69,35,89,120,18"/><T11/><D118/><U0/><E0/><V72/><F72/><W93/><G69/><T126/><D126/><U7/><E7/><V121/><F104/><W106/><G106/><T112/><D102/><U15/><E114/><V116/><F109/><W27/><G135/><T119/><D119/><U8/><E107/><V16/><F121/><N who="3" m="46667" /><G18/><T22/><D112/><U122/><E122/><V49/><F31/><N who="3" m="19967" /><G51/><T61/><D130/><U13/><E105/><V96/><F125/><W57/><G57/><T63/><D79/><U59/><E45/><V84/><F77/><W99/><G99/><T65/><D47/><U81/><E59/><V24/><F116/><W6/><G6/><T85/><D1/><U58/><E58/><V70/><F70/><W86/><G83/><T67/><D11/><U17/><E82/><V117/><F117/><W131/><G131/><T10/><D10/><U115/><E81/><V39/><F96/><W26/><G26/><T124/><D124/><U92/><E115/><V4/><F76/><AGARI ba="0,0" hai="42,43,76,80,86,89,93,98" m="19967,46667" machi="76" ten="30,2000,0" yaku="13,1,52,1" doraHai="30" who="3" fromWho="2" sc="334,0,153,0,264,-20,249,20" /><INIT seed="5,0,0,0,1,84" ten="334,153,244,269" oya="1" hai0="74,25,11,79,43,14,71,12,6,4,34,124,45" hai1="96,103,26,52,131,86,28,100,55,129,80,62,101" hai2="63,33,36,132,112,133,23,77,88,111,57,46,37" hai3="0,82,118,98,93,9,3,20,108,2,41,60,125"/><U15/><E15/><V122/><F33/><W72/><G118/><T32/><D71/><U128/><E96/><V10/><F111/><W58/><G108/><T73/><D124/><U121/><E62/><V65/><F77/><W66/><G125/><T27/><D79/><U135/><E135/><V104/><F104/><W59/><G41/><T116/><D43/><U48/><E48/><V7/><F122/><W50/><G72/><T87/><D87/><U21/><REACH who="1" step="1"/><E121/><REACH who="1" ten="334,143,244,269" step="2"/><V44/><F132/><W134/><G134/><T31/><D12/><U117/><E117/><V127/><F133/><W53/><G9/><T81/><D14/><U18/><E18/><V47/><F127/><W94/><G2/><T64/><D11/><U97/><E97/><V92/><F37/><W22/><G3/><T8/><D8/><U24/><E24/><V109/><F36/><W107/><G0/><T95/><D27/><U19/><E19/><V120/><F10/><W1/><G1/><T30/><D25/><U16/><E16/><V40/><F120/><W61/><G50/><T35/><D116/><U39/><E39/><V42/><F109/><W5/><G5/><T89/><D4/><U130/><N who="1" m="32768" /><DORA hai="110" /><U13/><E13/><V90/><F7/><W105/><G98/><T49/><D6/><U76/><AGARI ba="0,1" hai="21,26,28,52,55,76,80,86,100,101,103" m="32768" machi="76" ten="60,18000,2" yaku="1,1,0,1,19,1,54,1,53,3" doraHai="84,110" doraHaiUra="67,99" who="1" fromWho="1" sc="334,-60,143,190,244,-60,269,-60" /><INIT seed="5,1,0,2,5,37" ten="274,333,184,209" oya="1" hai0="0,134,114,47,7,52,46,103,89,26,16,116,34" hai1="90,133,27,38,121,63,49,85,64,105,31,35,117" hai2="126,96,1,128,107,112,4,106,115,6,73,2,70" hai3="11,32,113,98,51,10,56,94,40,44,12,20,19"/><U99/><E38/><V124/><F73/><W88/><G113/><N who="2" m="43593" /><F70/><W48/><G32/><T86/><D114/><U79/><E121/><V132/><F132/><W118/><G118/><T61/><D116/><U15/><E133/><V72/><F72/><W122/><G122/><T57/><D134/><U95/><E15/><V127/><F128/><W59/><G51/><T43/><D103/><U18/><E18/><V78/><F78/><W119/><G119/><T55/><D0/><N who="2" m="106" /><F96/><W123/><G123/><T101/><D7/><AGARI ba="1,0" hai="4,6,7,106,107,124,126,127" m="106,43593" machi="7" ten="40,8000,1" yaku="28,2,18,1,15,1,11,1" doraHai="37" who="2" fromWho="0" sc="274,-83,333,0,184,83,209,0" /><INIT seed="6,0,0,5,5,1" ten="191,333,267,209" oya="2" hai0="97,60,73,104,64,107,84,58,79,31,124,111,4" hai1="2,100,119,66,115,132,9,14,13,30,134,135,20" hai2="71,109,17,91,19,130,38,108,55,18,78,46,106" hai3="49,87,127,82,39,29,101,96,95,113,16,59,65"/><V42/><F106/><W24/><G39/><T110/><D73/><U47/><E119/><V12/><F71/><W85/><G127/><T3/><D124/><U44/><E115/><V25/><F130/><W43/><G113/><T33/><D33/><U15/><E66/><V105/><F105/><W75/><G75/><T93/><D31/><U21/><E100/><V27/><F78/><W89/><G29/><T114/><D114/><U54/><E54/><V121/><F121/><W112/><G112/><T45/><D107/><U34/><E47/><V99/><F55/><N who="3" m="32239" /><G65/><T92/><D104/><U41/><E2/><V68/><F68/><W103/><G43/><T23/><D23/><N who="1" m="8779" /><E30/><V48/><F38/><W67/><G67/><T98/><D45/><U69/><E34/><V88/><F12/><W62/><G62/><T123/><D123/><U129/><E69/><V94/><REACH who="2" step="1"/><F91/><REACH who="2" ten="191,333,257,209" step="2"/><W11/><G24/><AGARI ba="0,1" hai="17,18,19,24,25,27,42,46,48,88,94,99,108,109" machi="24" ten="40,7700,0" yaku="1,1,2,1,54,1,53,0" doraHai="1" doraHaiUra="118" who="2" fromWho="3" sc="191,0,333,0,257,87,209,-77" /><INIT seed="6,1,0,5,0,79" ten="191,333,344,132" oya="2" hai0="124,103,39,131,0,101,94,84,73,1,5,26,50" hai1="54,2,64,97,31,118,43,134,42,33,87,59,22" hai2="4,135,16,133,28,53,19,81,102,132,119,98,58" hai3="104,67,72,113,65,17,99,115,112,121,130,66,30"/><V25/><F119/><W93/><G72/><T108/><D39/><U3/><E33/><N who="2" m="20623" /><F4/><W45/><G121/><T122/><D73/><U21/><E3/><V47/><F47/><W57/><G104/><T69/><D69/><U100/><E2/><V71/><F71/><W89/><G30/><T70/><D70/><U11/><E11/><V88/><F102/><W20/><G130/><T35/><D108/><U63/><E118/><V12/><F12/><N who="3" m="9255" /><G45/><T15/><D124/><U110/><E110/><V126/><F126/><W24/><G24/><T40/><D131/><U107/><E134/><V51/><F98/><W18/><G18/><T29/><D15/><U48/><E31/><V106/><F106/><W125/><G125/><T111/><D1/><U38/><E43/><V128/><F128/><W86/><G99/><T109/><D122/><U49/><E42/><V80/><F19/><W6/><G6/><T10/><D109/><U129/><E38/><V82/><F16/><W8/><G8/><T92/><D111/><U56/><E129/><V27/><F27/><W23/><G23/><T9/><D9/><U44/><E22/><V95/><F95/><W41/><G41/><T78/><D94/><U105/><E21/><V68/><F68/><W75/><G75/><T85/><D92/><U34/><E34/><V32/><F32/><W60/><AGARI ba="1,0" hai="57,60,65,66,67,86,89,93,112,113,115" m="9255" machi="60" ten="40,2700,0" yaku="15,1,11,1" doraHai="79" who="3" fromWho="3" sc="191,-8,333,-8,344,-14,132,30" /><INIT seed="7,0,0,2,5,114" ten="183,325,330,162" oya="3" hai0="19,41,133,90,116,38,70,9,13,10,87,20,57" hai1="98,1,50,40,85,97,54,14,44,15,119,79,45" hai2="64,77,84,86,103,88,102,5,55,39,100,26,56" hai3="112,96,113,30,58,101,120,69,132,42,29,35,0"/><W81/><G69/><T7/><D116/><U59/><E1/><V22/><F39/><W53/><G120/><T51/><D70/><U25/><E119/><V32/><F32/><W105/><G0/><T18/><D133/><U78/><E25/><V83/><F5/><W49/><G132/><T99/><D38/><U123/><E123/><V6/><F6/><W134/><G134/><T47/><D99/><N who="1" m="37899" /><E45/><V94/><F64/><W71/><G71/><T91/><D57/><U52/><E40/><V27/><F22/><W93/><G42/><T67/><D67/><U60/><E85/><V126/><F126/><W62/><G105/><T89/><D19/><U37/><E37/><V121/><F121/><W130/><G130/><T127/><D127/><U43/><E43/><V117/><F117/><W23/><G35/><T125/><D125/><U108/><E108/><V24/><F27/><N who="3" m="16639" /><G81/><N who="0" m="49391" /><D9/><U63/><E63/><AGARI ba="0,0" hai="24,26,55,56,63,77,83,84,86,88,94,100,102,103" machi="63" ten="40,2600,0" yaku="8,1,54,1" doraHai="114" who="2" fromWho="1" sc="183,0,325,-26,330,26,162,0" owari="183,-22.0,299,10.0,356,46.0,162,-34.0" /></mjloggm>