<mjloggm ver="2.3"><GO type="169" lobby="0"/><UN n0="%4A%65%66%66" n1="%6B%6F%6B%75%73%68%69%61" n2="%7A%65%61%6C%E2%88%AB" n3="%E5%B0%B1%E6%B4%BB%E7%94%9F%40%E5%B7%9D%E6%9D%91%E8%BB%8D%E5%9B%A3" dan="16,16,17,16" rate="2046.79,2087.22,2179.80,2134.03" sx="M,M,M,M"/><TAIKYOKU oya="0"/><INIT seed="0,0,0,1,1,32" ten="250,250,250,250" oya="0" hai0="7,70,81,33,60,37,110,83,11,92,21,105,128" hai1="90,55,130,129,98,89,35,66,96,123,84,43,26" hai2="95,126,20,112,119,6,34,54,0,79,12,107,69" hai3="19,22,29,82,56,38,23,62,133,40,68,114,44"/><T109/><D105/><U15/><E123/><V47/><F112/><W67/><G114/><T10/><D33/><U86/><E43/><V53/><F107/><W124/><G124/><T99/><D37/><U85/><E66/><V46/><F34/><W103/><G133/><T45/><D128/><N who="1" m="49259" /><E55/><V122/><F69/><W4/><G4/><T39/><D21/><U106/><E15/><V127/><F79/><W73/><G103/><T78/><D70/><U9/><E9/><N who="0" m="3081" /><D7/><U13/><E13/><V113/><F12/><W100/><G100/><N who="0" m="60519" /><D60/><U104/><E35/><V28/><F6/><W88/><G29/><T52/><D39/><U80/><E26/><V14/><F14/><W51/><G19/><T8/><D8/><U18/><E18/><V5/><F5/><W61/><G73/><T65/><D65/><U121/><E121/><V116/><F122/><W42/><G62/><T77/><D110/><U2/><E2/><V134/><F0/><W16/><G68/><T25/><D25/><U30/><E30/><V111/><F28/><W132/><G132/><T63/><D109/><U31/><E31/><V97/><F111/><W3/><G38/><T72/><D72/><U49/><E106/><V94/><F134/><W117/><G3/><T58/><D45/><U64/><E104/><V27/><F27/><N who="3" m="14791" /><G23/><T125/><D125/><U24/><E24/><V131/><F20/><W108/><G108/><T101/><D101/><U57/><E64/><V102/><F131/><W76/><G67/><T93/><D93/><U59/><E49/><V71/><F126/><W50/><G51/><RYUUKYOKU ba="0,0" sc="250,30,250,-10,250,-10,250,-10" hai0="52,58,63,77,78,81,83" /><INIT seed="0,1,0,0,4,106" ten="280,240,240,240" oya="0" hai0="7,68,112,21,129,8,108,49,115,91,85,23,109" hai1="73,130,22,41,114,74,100,70,36,84,98,27,57" hai2="4,34,1,12,66,0,93,89,126,119,105,43,132" hai3="116,17,124,111,11,96,127,133,18,14,118,78,86"/><T29/><D68/><U135/><E70/><V3/><F34/><W67/><G67/><T61/><D61/><U20/><E135/><V120/><F120/><W97/><G78/><T45/><D129/><U83/><E130/><V59/><F105/><W103/><G86/><T46/><D29/><U32/><E32/><V50/><F132/><W102/><G133/><T48/><D85/><U24/><E114/><N who="0" m="43561" /><D91/><U79/><E36/><V128/><F89/><W60/><G60/><T81/><D81/><U15/><E41/><V5/><F43/><W82/><G82/><T10/><D7/><U76/><E15/><V56/><F12/><W134/><G134/><T104/><D104/><U125/><E125/><V47/><F126/><W117/><G117/><T75/><D75/><U53/><E76/><V16/><F119/><W87/><G14/><T122/><D122/><U44/><E44/><N who="0" m="17001" /><D23/><U121/><E121/><V107/><F5/><W110/><G87/><T99/><D99/><U39/><E39/><V95/><F4/><W26/><G11/><N who="0" m="4139" /><D21/><U6/><E6/><V65/><F107/><W55/><G55/><T80/><D80/><U62/><E20/><V42/><F128/><W94/><G94/><N who="2" m="35849" /><F1/><W30/><G30/><T77/><D77/><U38/><E38/><V64/><F3/><W28/><G28/><T72/><D72/><N who="1" m="27755" /><E22/><V33/><F0/><W113/><G113/><T25/><D25/><AGARI ba="1,0" hai="17,18,25,26,96,97,102,103,110,111,116,118,124,127" machi="25" ten="25,1600,0" yaku="22,2" doraHai="106" who="3" fromWho="0" sc="280,-19,240,0,240,0,240,19" /><INIT seed="1,0,0,0,5,127" ten="261,240,240,259" oya="1" hai0="129,59,13,25,77,21,110,76,26,73,62,3,10" hai1="55,61,85,40,72,17,39,133,119,92,124,57,19" hai2="58,60,104,65,90,75,79,51,113,52,96,49,0" hai3="63,28,107,98,132,16,115,50,121,109,70,9,106"/><U78/><E72/><V91/><F0/><W87/><G115/><T4/><D110/><U88/><E119/><V102/><F113/><W82/><G121/><T31/><D73/><U32/><E32/><V83/><REACH who="2" step="1"/><F51/><REACH who="2" ten="261,240,230,259" step="2"/><W68/><G50/><T53/><D3/><U64/><E124/><V47/><AGARI ba="0,1" hai="47,49,52,58,60,65,75,79,83,90,91,96,102,104" machi="47" ten="20,8000,1" yaku="1,1,2,1,0,1,7,1,54,1,53,0" doraHai="127" doraHaiUra="23" who="2" fromWho="2" sc="261,-20,240,-40,230,90,259,-20" /><INIT seed="2,0,0,5,5,60" ten="241,200,320,239" oya="2" hai0="44,114,68,117,62,81,30,92,50,90,79,116,29" hai1="13,107,35,38,63,130,67,119,133,72,37,1,135" hai2="12,111,110,0,36,102,16,11,100,104,48,97,32" hai3="4,69,77,47,10,108,76,56,46,57,85,74,83"/><V82/><F36/><W84/><G108/><N who="2" m="41513" /><F32/><W5/><G69/><T101/><D101/><U98/><E1/><V3/><F102/><W39/><G39/><T59/><D68/><N who="1" m="42111" /><E119/><V42/><F82/><N who="3" m="47175" /><G74/><T134/><D114/><U129/><E98/><V9/><F9/><W28/><G28/><T7/><D7/><N who="3" m="2633" /><G10/><T94/><D116/><U70/><E72/><V113/><F113/><W51/><G47/><AGARI ba="0,0" hai="0,3,11,12,16,42,47,48,97,100,104" m="41513" machi="47" ten="30,5800,0" yaku="14,1,10,1,54,1" doraHai="60" who="2" fromWho="3" sc="241,0,200,0,320,58,239,-58" /><INIT seed="2,1,0,3,4,80" ten="241,200,378,181" oya="2" hai0="64,4,129,67,108,47,72,22,58,122,66,105,62" hai1="36,8,32,134,29,90,65,99,23,34,52,44,103" hai2="73,48,116,93,7,86,56,119,124,6,71,135,115" hai3="94,25,24,97,118,42,128,59,3,107,84,106,46"/><V91/><F115/><W85/><G3/><T68/><D122/><U74/><E74/><V5/><F71/><W33/><G118/><T51/><D72/><U2/><E134/><V19/><F73/><W130/><G59/><T54/><D105/><N who="3" m="39945" /><G33/><T69/><D4/><U82/><E65/><N who="0" m="25193" /><D22/><U1/><E23/><V13/><F124/><W26/><G46/><T92/><D92/><U127/><E127/><V15/><F135/><W78/><G42/><N who="0" m="25079" /><D129/><N who="3" m="49769" /><G78/><T96/><D96/><U30/><E34/><V43/><F43/><W100/><AGARI ba="1,0" hai="24,25,26,84,85,94,97,100" m="49769,39945" machi="100" ten="40,5200,0" yaku="19,1,52,2" doraHai="80" who="3" fromWho="3" sc="241,-14,200,-14,378,-27,181,55" /><INIT seed="3,0,0,0,0,88" ten="227,186,351,236" oya="3" hai0="15,36,70,68,126,13,102,39,4,129,5,32,121" hai1="49,89,132,64,99,100,98,108,66,123,40,93,29" hai2="22,37,61,117,48,72,14,44,76,18,131,24,116" hai3="80,2,43,71,45,26,17,41,101,85,56,34,83"/><W130/><G2/><T20/><D20/><U96/><E108/><V94/><F131/><W84/><G71/><T53/><D129/><U78/><E123/><V86/><F37/><W73/><G73/><T27/><D27/><U120/><E120/><V28/><F72/><W59/><G130/><T52/><D121/><U12/><E132/><V7/><F7/><W103/><G34/><T58/><D58/><U31/><E78/><V6/><F6/><W122/><G122/><T125/><REACH who="0" step="1"/><D102/><REACH who="0" ten="217,186,351,236" step="2"/><U111/><E111/><V110/><F22/><W8/><G26/><T133/><D133/><U95/><E100/><V124/><F24/><W62/><G45/><T92/><D92/><N who="1" m="35403" /><E89/><V113/><F94/><W21/><G21/><T9/><D9/><U107/><E107/><V23/><F44/><W10/><G62/><T127/><D127/><U60/><E12/><V109/><F14/><W46/><G46/><T1/><D1/><U134/><E134/><V114/><F124/><W105/><G105/><T97/><D97/><U0/><E0/><V77/><F110/><W38/><G38/><T75/><D75/><U25/><E25/><V135/><F109/><W16/><AGARI ba="0,1" hai="8,10,16,17,41,43,56,59,80,83,84,85,101,103" machi="16" ten="25,12000,1" yaku="0,1,22,2,8,1,54,1" doraHai="88" who="3" fromWho="3" sc="217,-40,186,-40,351,-40,236,130" /><INIT seed="3,1,0,5,2,24" ten="177,146,311,366" oya="3" hai0="31,2,128,110,36,47,92,101,65,16,131,37,135" hai1="48,111,61,96,13,21,120,5,53,87,109,56,78" hai2="18,90,95,39,44,127,79,6,114,50,94,134,46" hai3="32,77,72,97,20,121,126,112,57,51,58,88,34"/><W38/><G38/><T33/><D2/><U29/><E120/><V66/><F114/><W129/><G121/><T9/><D110/><N who="1" m="41995" /><E96/><V74/><F127/><W60/><G112/><T102/><D135/><U83/><E5/><V76/><F134/><W123/><G123/><T89/><D65/><U117/><E117/><V71/><F74/><W27/><G126/><T3/><D3/><U130/><E130/><N who="0" m="49705" /><D47/><U30/><E61/><V62/><F6/><W41/><G129/><T118/><D118/><U84/><E84/><V115/><F115/><W19/><G72/><T59/><D59/><U7/><E21/><V124/><F46/><W11/><G77/><T15/><D37/><U45/><E45/><V108/><F39/><W40/><G34/><T8/><D8/><AGARI ba="1,0" hai="7,8,13,29,30,48,53,56,78,83,87" m="41995" machi="8" ten="30,3900,0" yaku="14,1,52,2" doraHai="24" who="1" fromWho="0" sc="177,-42,146,42,311,0,366,0" /><INIT seed="4,0,0,1,5,94" ten="135,188,311,366" oya="0" hai0="7,86,129,40,89,18,128,54,51,20,106,45,132" hai1="11,83,15,32,123,85,88,6,42,111,29,4,113" hai2="119,28,36,95,56,122,115,120,112,90,35,74,131" hai3="46,17,0,2,101,114,67,73,50,41,68,57,105"/><T118/><D118/><U135/><E123/><V108/><F36/><W102/><G73/><T75/><D75/><U10/><E111/><V110/><F74/><W124/><G124/><T82/><D7/><U130/><E130/><V92/><F131/><W64/><G114/><N who="2" m="43561" /><F56/><W76/><G76/><T104/><D132/><U69/><E135/><V91/><F28/><W98/><G68/><T78/><D78/><U43/><E113/><V127/><F35/><W26/><G102/><T13/><D129/><U72/><E69/><V9/><F9/><W21/><REACH who="3" step="1"/><G57/><REACH who="3" ten="135,188,311,356" step="2"/><T49/><REACH who="0" step="1"/><D128/><REACH who="0" ten="125,188,311,356" step="2"/><U133/><E72/><V99/><F119/><W62/><G62/><T77/><D77/><U14/><REACH who="1" step="1"/><E133/><REACH who="1" ten="125,178,311,356" step="2"/><V103/><F108/><W19/><G19/><T37/><D37/><U60/><E60/><V1/><F110/><W109/><G109/><T126/><D126/><U71/><E71/><V39/><F127/><W81/><G81/><T22/><D22/><U16/><E16/><V34/><F39/><W33/><G33/><T87/><D87/><U5/><E5/><V55/><F34/><W93/><G93/><T58/><AGARI ba="0,3" hai="13,18,20,40,45,49,51,54,58,82,86,89,104,106" machi="58" ten="20,3900,0" yaku="1,1,0,1,7,1,53,0" doraHai="94" doraHaiUra="96" who="0" fromWho="0" sc="125,69,178,-13,311,-13,356,-13" /><INIT seed="4,1,0,0,1,63" ten="194,165,298,343" oya="0" hai0="51,23,107,55,8,56,1,69,79,35,26,58,59" hai1="34,9,10,3,17,38,95,44,47,30,7,27,106" hai2="21,43,32,16,11,24,71,12,122,121,62,60,116" hai3="19,28,117,4,128,90,76,2,41,25,72,50,98"/><T49/><D69/><U113/><E106/><V133/><F43/><W97/><G117/><T52/><D107/><U40/><E113/><V73/><F73/><W75/><G19/><T57/><D35/><U111/><E111/><V100/><F100/><W14/><G2/><T36/><D36/><U123/><E123/><V131/><F131/><W103/><G90/><T77/><D1/><U96/><E47/><V82/><F32/><W22/><G128/><T85/><D8/><U39/><E10/><V65/><F133/><W42/><G97/><T87/><D85/><U29/><E29/><V110/><F110/><W53/><G76/><T105/><D105/><U68/><E68/><V31/><F116/><W74/><G14/><T86/><D86/><U80/><E80/><V99/><F99/><W13/><G13/><T89/><D77/><U84/><E84/><V125/><F125/><W102/><G4/><T70/><D70/><U112/><E112/><V101/><F101/><W15/><G15/><T91/><D79/><U83/><E83/><V54/><F82/><W134/><G134/><T18/><D91/><U20/><E38/><V130/><F130/><W33/><G33/><T48/><N who="0" m="14336" /><DORA hai="108" /><T119/><REACH who="0" step="1"/><D119/><REACH who="0" ten="184,165,298,343" step="2"/><U92/><REACH who="1" step="1"/><E96/><REACH who="1" ten="184,155,298,343" step="2"/><V109/><F109/><W94/><G103/><T67/><D67/><U61/><E61/><V66/><F66/><W0/><G0/><T88/><D88/><U124/><E124/><V6/><F71/><W115/><G115/><T37/><D37/><U127/><E127/><V129/><F65/><W114/><G114/><T93/><AGARI ba="1,2" hai="18,23,26,48,49,51,52,55,87,89,93" m="14336" machi="93" ten="50,24000,3" yaku="1,1,5,1,0,1,8,1,54,1,53,3" doraHai="63,108" doraHaiUra="46,120" who="0" fromWho="0" sc="184,263,155,-81,298,-81,343,-81" /><INIT seed="4,2,0,4,0,21" ten="447,74,217,262" oya="0" hai0="78,99,32,120,10,68,106,30,119,44,84,114,52" hai1="61,5,132,2,25,16,90,60,123,26,126,43,86" hai2="116,133,46,1,33,20,81,15,112,117,122,63,69" hai3="105,109,13,4,113,37,35,100,134,75,77,28,8"/><T101/><D120/><U24/><E123/><V98/><F122/><W131/><G109/><T70/><D119/><N who="2" m="45642" /><F1/><W45/><G113/><T58/><D44/><U103/><E2/><V76/><F33/><W51/><G131/><T48/><D10/><U36/><E36/><V130/><F130/><W127/><G134/><T7/><D7/><U40/><E132/><V29/><F133/><W110/><G127/><T104/><D114/><U89/><E126/><V97/><F46/><W18/><G37/><T31/><D106/><U135/><E135/><V9/><F112/><W54/><G110/><T6/><D6/><U12/><E5/><N who="2" m="3503" /><F20/><W80/><G35/><T74/><D74/><U73/><E73/><N who="2" m="43151" /><F29/><W56/><G28/><T96/><D31/><U42/><E103/><V17/><F17/><W55/><G105/><T91/><D78/><U57/><E86/><V11/><F11/><W34/><G100/><T85/><D99/><U22/><REACH who="1" step="1"/><E61/><REACH who="1" ten="447,64,217,262" step="2"/><V64/><AGARI ba="2,1" hai="63,64,69,97,98" m="43151,3503,45642" machi="64" ten="30,1100,0" yaku="12,1" doraHai="21" who="2" fromWho="2" sc="447,-7,64,-5,217,27,262,-5" /><INIT seed="5,0,0,0,4,60" ten="440,59,244,257" oya="1" hai0="64,81,39,116,40,95,90,28,67,86,13,35,6" hai1="58,87,57,85,0,107,73,91,34,111,43,93,108" hai2="99,122,70,129,8,126,128,72,29,89,135,2,48" hai3="77,101,71,45,53,118,4,83,69,65,130,79,59"/><U68/><E68/><V120/><F72/><W49/><G118/><T109/><D109/><N who="1" m="42059" /><E73/><V18/><F126/><W32/><G32/><T7/><D39/><U24/><E107/><V3/><F135/><W104/><G130/><N who="2" m="50281" /><F70/><W133/><G4/><N who="0" m="1579" /><D40/><U25/><E0/><N who="2" m="43" /><F48/><W96/><G133/><T121/><D35/><U119/><E119/><V30/><F89/><W33/><G33/><T62/><D62/><U92/><E43/><V21/><F8/><W12/><G12/><T88/><D121/><N who="2" m="46698" /><F99/><W38/><G79/><T47/><D47/><U19/><E19/><V78/><F78/><W124/><G124/><T75/><D28/><N who="1" m="19719" /><E25/><AGARI ba="0,0" hai="18,21,25,29,30" m="46698,43,50281" machi="25" ten="40,5200,0" yaku="19,1,34,2" doraHai="60" who="2" fromWho="1" sc="440,0,59,-52,244,52,257,0" /><INIT seed="6,0,0,5,0,99" ten="440,7,296,257" oya="2" hai0="72,9,109,67,22,20,2,15,123,18,49,131,122" hai1="10,129,112,58,121,5,128,81,63,57,77,105,83" hai2="62,75,13,3,114,117,51,35,134,50,94,115,28" hai3="87,21,133,29,85,19,32,70,41,25,39,45,102"/><V27/><F3/><W64/><G133/><T0/><D72/><U88/><E105/><V92/><F117/><W11/><G70/><T98/><D98/><U34/><E34/><V135/><F75/><W16/><G64/><T116/><D67/><U44/><E121/><N who="0" m="46089" /><D49/><N who="2" m="18442" /><F13/><W23/><G11/><T14/><D116/><U95/><E112/><N who="2" m="43051" /><F62/><W90/><G102/><T66/><D66/><U108/><E108/><V107/><F107/><W86/><G32/><T89/><D109/><U56/><E63/><V17/><F17/><W101/><G101/><T60/><D60/><U24/><E24/><V106/><F106/><W71/><G71/><T127/><D15/><N who="1" m="5583" /><E44/><V31/><F31/><W120/><G120/><T40/><D22/><U6/><E6/><V84/><F84/><W33/><G33/><T8/><D9/><U47/><E47/><V80/><F80/><N who="1" m="30793" /><E77/><V1/><F1/><W126/><G126/><T110/><D127/><U53/><E53/><V69/><F69/><W52/><G29/><T103/><D110/><U46/><E46/><V100/><F100/><W38/><G38/><T59/><D2/><U118/><E118/><V48/><F48/><W76/><G76/><T43/><D0/><U36/><E36/><V73/><F73/><W55/><REACH who="3" step="1"/><G90/><REACH who="3" ten="440,7,296,247" step="2"/><T125/><D89/><U68/><E68/><V104/><F104/><W96/><G96/><T130/><D103/><U26/><E26/><AGARI ba="0,1" hai="16,19,21,23,25,26,39,41,45,52,55,85,86,87" machi="26" ten="40,8000,1" yaku="1,1,9,1,54,2,53,0" doraHai="99" doraHaiUra="65" who="3" fromWho="1" sc="440,0,7,-80,296,0,247,90" owari="440,53.0,-73,-57.0,296,-10.0,337,14.0" /></mjloggm>