<mjloggm ver="2.3"><GO type="169" lobby="0"/><UN n0="%E6%B0%91%E8%8A%B8" n1="%E5%A4%A7%E6%AD%A3%E7%BE%A9%E9%87%8E%E7%90%83%E5%A8%98" n2="%E3%82%A6%E3%83%AB%E3%83%88%E3%83%A9%E7%AB%8B%E7%9B%B4" n3="%6B%69%79%6F%64%61%69" dan="16,16,17,17" rate="2111.62,2173.25,2223.54,2172.94" sx="M,F,M,M"/><TAIKYOKU oya="0"/><INIT seed="0,0,0,2,5,51" ten="250,250,250,250" oya="0" hai0="40,59,46,99,72,92,0,85,113,129,28,53,5" hai1="101,19,4,8,58,33,25,21,86,30,54,93,37" hai2="106,74,127,91,77,82,97,116,7,26,35,57,45" hai3="14,98,39,15,13,135,65,95,6,90,47,36,20"/><T117/><D72/><U83/><E37/><V105/><F127/><W103/><G135/><T134/><D113/><U70/><E70/><V118/><F7/><W128/><G128/><T48/><D117/><N who="2" m="45162" /><F45/><W76/><G76/><T56/><D129/><U115/><E115/><V61/><F91/><W64/><G6/><T79/><D134/><U110/><E110/><V124/><F97/><W9/><G9/><T75/><D75/><U50/><E101/><V32/><F124/><W16/><G39/><T55/><D28/><U114/><E93/><V60/><F60/><W78/><G78/><T104/><D5/><U123/><E114/><V107/><F26/><N who="3" m="14599" /><G36/><T10/><D0/><U125/><E125/><V100/><F100/><W71/><G71/><T102/><D10/><U43/><E43/><V29/><F29/><W132/><G132/><T131/><D131/><U27/><E123/><V3/><F3/><W89/><G47/><T31/><D31/><U94/><E94/><V41/><F41/><W120/><G120/><T24/><D24/><N who="1" m="14399" /><E33/><V66/><AGARI ba="0,0" hai="32,35,57,61,66,74,77,82,105,106,107" m="45162" machi="66" ten="40,1500,0" yaku="12,1" doraHai="51" who="2" fromWho="2" sc="250,-7,250,-4,250,15,250,-4" /><INIT seed="1,0,0,3,3,72" ten="243,246,265,246" oya="1" hai0="118,124,103,132,20,24,67,119,99,81,28,47,122" hai1="125,121,86,12,113,1,50,109,38,57,78,33,74" hai2="14,69,30,29,6,32,64,97,90,79,42,108,77" hai3="8,75,61,59,92,5,65,91,51,26,94,73,127"/><U126/><E121/><V116/><F116/><W15/><G127/><N who="1" m="48650" /><E1/><V49/><F108/><W76/><G94/><T55/><D124/><U19/><E38/><V120/><F120/><W93/><G92/><T23/><D122/><U16/><E33/><V2/><F2/><W107/><G107/><T104/><D132/><U66/><E113/><V95/><F32/><W98/><G26/><T0/><D0/><U70/><E74/><V62/><F30/><W112/><G112/><T35/><D20/><U117/><E117/><V31/><F29/><W36/><G36/><T37/><D23/><U82/><E109/><V34/><F31/><W43/><G43/><N who="0" m="23023" /><D55/><N who="1" m="31991" /><E12/><V22/><F34/><W17/><G51/><T123/><D123/><U88/><E88/><V60/><F60/><AGARI ba="0,0" hai="16,19,60,66,70,78,82,86" m="31991,48650" machi="60" ten="30,5800,0" yaku="18,1,52,1,54,1" doraHai="72" who="1" fromWho="2" sc="243,0,246,58,265,-58,246,0" /><INIT seed="1,1,0,3,1,5" ten="243,304,207,246" oya="1" hai0="135,125,41,63,55,110,64,60,32,102,7,111,118" hai1="21,121,84,3,28,49,122,89,112,62,129,93,2" hai2="90,25,82,29,115,14,100,133,8,31,65,33,1" hai3="15,34,70,44,120,130,53,58,73,79,132,36,4"/><U43/><E112/><V80/><F115/><W69/><G34/><T103/><D32/><U45/><E129/><V56/><F133/><W126/><G120/><T104/><D118/><U83/><E62/><V24/><F1/><W105/><G105/><T101/><D41/><U86/><E2/><V116/><F116/><W20/><G130/><T40/><D40/><U131/><E3/><V119/><F119/><W17/><G36/><T30/><D30/><U124/><E131/><V46/><F100/><W12/><G44/><T48/><D7/><U26/><REACH who="1" step="1"/><E124/><REACH who="1" ten="243,294,207,246" step="2"/><V23/><F65/><W10/><G126/><T42/><D125/><U51/><E51/><V57/><F56/><W114/><G114/><T85/><D63/><U113/><E113/><V81/><F57/><W37/><G37/><T91/><D60/><U106/><E106/><V6/><REACH who="2" step="1"/><F46/><REACH who="2" ten="243,294,197,246" step="2"/><W97/><G58/><T22/><D104/><U47/><E47/><V67/><F67/><W88/><G69/><T117/><D64/><U38/><E38/><V96/><F96/><W11/><G97/><T95/><D117/><U52/><E52/><V134/><F134/><W109/><G53/><T123/><D135/><U94/><E94/><V68/><F68/><W16/><G70/><T77/><D55/><U78/><AGARI ba="1,2" hai="21,26,28,43,45,49,78,83,84,86,89,93,121,122" machi="78" ten="20,3900,0" yaku="1,1,0,1,7,1,53,0" doraHai="5" doraHaiUra="61" who="1" fromWho="1" sc="243,-14,294,62,197,-14,246,-14" /><INIT seed="1,2,0,1,5,107" ten="229,356,183,232" oya="1" hai0="19,49,55,118,34,89,59,7,45,10,101,113,60" hai1="53,88,42,135,70,131,128,13,110,87,25,63,33" hai2="46,106,105,124,83,2,80,40,50,57,84,111,121" hai3="74,23,15,68,77,78,93,114,47,39,82,67,17"/><U115/><E115/><V21/><F121/><W24/><G77/><T56/><D113/><U32/><E42/><V18/><F2/><W37/><G114/><T98/><D118/><U4/><E135/><V91/><F124/><W122/><G122/><T112/><D112/><U116/><E116/><V29/><F111/><W9/><G47/><T66/><D34/><U104/><E104/><V12/><F29/><W65/><G93/><T103/><D19/><U119/><E119/><V117/><F117/><W69/><G67/><T44/><D89/><U5/><E110/><V30/><F30/><W62/><REACH who="3" step="1"/><G68/><REACH who="3" ten="229,356,183,222" step="2"/><T129/><D45/><U130/><E70/><V48/><F106/><W81/><G81/><T58/><D44/><U79/><E79/><V28/><F105/><W41/><G41/><T27/><D58/><N who="1" m="35279" /><E33/><V72/><F80/><W108/><G108/><T102/><D56/><U126/><E32/><V16/><F57/><W14/><G14/><T132/><D66/><U97/><E126/><V35/><F35/><W36/><G36/><T51/><D60/><U0/><E13/><V133/><F12/><W95/><G95/><T61/><D61/><U94/><E0/><V11/><F40/><W76/><G76/><T90/><D51/><U54/><E25/><V26/><F48/><W52/><G52/><T3/><D27/><U100/><E54/><V20/><F50/><W123/><G123/><T8/><D55/><U120/><E120/><V96/><F46/><W73/><G73/><T6/><D49/><U64/><E64/><V1/><F72/><W75/><G75/><RYUUKYOKU ba="2,1" sc="229,-15,356,15,183,-15,222,15" hai1="4,5,87,88,94,97,100,128,130,131" hai3="9,15,17,23,24,37,39,62,65,69,74,78,82" /><INIT seed="1,3,1,3,3,117" ten="214,371,168,237" oya="1" hai0="51,110,44,42,11,20,36,81,18,55,90,106,47" hai1="70,14,27,45,104,8,101,6,33,88,94,75,112" hai2="3,40,80,73,13,66,57,77,54,37,74,118,64" hai3="0,1,102,32,46,76,127,130,132,16,92,21,116"/><U129/><E112/><V121/><F118/><W131/><G32/><T41/><D106/><U61/><E75/><V67/><F3/><W79/><G116/><T25/><D110/><U2/><E104/><V87/><F37/><W126/><G46/><T85/><REACH who="0" step="1"/><D11/><REACH who="0" ten="204,371,168,237" step="2"/><U125/><E8/><V71/><F71/><W113/><G113/><T96/><D96/><U122/><E70/><V95/><F74/><W93/><G127/><T105/><D105/><U98/><E125/><V34/><F73/><W100/><G126/><T43/><AGARI ba="3,2" hai="18,20,25,36,41,42,43,44,47,51,55,81,85,90" machi="43" ten="30,4000,0" yaku="1,1,0,1,53,1" doraHai="117" doraHaiUra="50" who="0" fromWho="0" sc="204,69,371,-23,168,-13,237,-13" /><INIT seed="2,0,0,0,0,97" ten="273,348,155,224" oya="2" hai0="69,88,50,76,110,71,112,81,102,96,30,100,117" hai1="107,116,103,109,57,91,114,17,60,16,113,2,40" hai2="48,56,13,29,14,75,0,124,111,86,99,79,65" hai3="133,28,34,98,77,104,22,80,31,43,94,126,135"/><V87/><F0/><W64/><G34/><T23/><D112/><U55/><E116/><V52/><F124/><W3/><G3/><T128/><D117/><U70/><E2/><V73/><F73/><W120/><G104/><T9/><D110/><U27/><E70/><V54/><F111/><W26/><G120/><T20/><D9/><U44/><E109/><V62/><F75/><W7/><G7/><T78/><D128/><U115/><E27/><V39/><F39/><W8/><G8/><T24/><D69/><U21/><E21/><V63/><F29/><N who="3" m="17623" /><G64/><T67/><D67/><U118/><E118/><V12/><F79/><N who="0" m="30250" /><D71/><U5/><E5/><V83/><F83/><W66/><G43/><T90/><D20/><U106/><E91/><N who="0" m="34857" /><D81/><U45/><E45/><N who="2" m="27663" /><F99/><W132/><G66/><T33/><D96/><N who="1" m="61799" /><E107/><V85/><F65/><W15/><G15/><N who="2" m="3841" /><V4/><DORA hai="19" /><F4/><W38/><G38/><T41/><D33/><U61/><E115/><V131/><F131/><W72/><G126/><T1/><D1/><U74/><E114/><V37/><F37/><W122/><G122/><T11/><D11/><U58/><E113/><V18/><F18/><W6/><G6/><T92/><D92/><U134/><E74/><V32/><F32/><W46/><G46/><AGARI ba="0,0" hai="23,24,30,41,46,50,100,102" m="34857,30250" machi="46" ten="30,8000,1" yaku="8,1,52,3,54,1" doraHai="97,19" who="0" fromWho="3" sc="273,80,348,0,155,0,224,-80" /><INIT seed="3,0,0,5,1,30" ten="353,348,155,144" oya="3" hai0="21,16,80,105,14,70,56,3,92,13,67,108,79" hai1="50,94,40,118,35,106,132,27,4,134,83,24,64" hai2="1,125,18,12,90,119,120,85,111,58,44,9,55" hai3="130,121,89,11,97,71,61,32,22,25,103,31,66"/><W8/><G121/><T99/><D3/><U62/><E106/><V65/><F119/><W100/><G130/><T124/><D70/><U107/><E107/><V39/><F111/><W84/><G103/><T115/><D105/><U112/><E112/><V51/><F125/><W17/><G97/><T38/><D38/><U110/><E4/><V68/><F120/><W23/><G100/><T36/><D36/><U2/><E2/><V53/><F1/><W47/><G47/><T95/><D108/><U48/><E110/><V46/><F39/><W7/><G7/><T123/><D123/><U116/><E94/><V34/><F34/><W26/><REACH who="3" step="1"/><G23/><REACH who="3" ten="353,348,155,134" step="2"/><T43/><D99/><U20/><E20/><V104/><F46/><W6/><G6/><T49/><D21/><U45/><E45/><V73/><F104/><W86/><G86/><T133/><D124/><U77/><E118/><V28/><F73/><W60/><G60/><T63/><D63/><U78/><E116/><V131/><F131/><W42/><G42/><T74/><D43/><U91/><E40/><V126/><F126/><W93/><AGARI ba="0,1" hai="8,11,17,22,25,26,31,32,61,66,71,84,89,93" machi="93" ten="20,7800,0" yaku="1,1,0,1,7,1,52,1,53,0" doraHai="30" doraHaiUra="113" who="3" fromWho="3" sc="353,-26,348,-26,155,-26,134,88" /><INIT seed="3,1,0,3,4,47" ten="327,322,129,222" oya="3" hai0="51,57,49,41,77,38,55,34,6,107,22,108,88" hai1="9,45,8,93,0,59,44,5,105,133,14,85,129" hai2="74,134,122,13,56,58,36,32,101,111,120,19,87" hai3="27,104,81,65,25,114,96,12,117,71,63,99,132"/><W53/><G114/><T60/><D34/><U84/><E105/><V106/><F74/><W95/><G117/><T23/><D107/><U4/><E129/><V100/><F36/><W90/><G132/><T43/><D77/><U123/><E123/><N who="2" m="47147" /><F106/><W10/><G81/><T15/><D38/><U91/><E133/><V17/><F32/><W118/><G118/><T3/><D3/><U103/><E103/><N who="2" m="39499" /><F134/><W61/><G99/><T42/><D108/><U28/><E28/><V68/><F68/><W79/><G79/><T11/><D88/><U29/><E29/><V125/><F13/><W66/><G53/><N who="0" m="31919" /><D60/><U130/><E130/><V72/><F72/><W35/><G35/><T112/><D112/><U64/><E64/><V20/><F20/><W121/><G121/><T102/><D102/><U48/><REACH who="1" step="1"/><E85/><REACH who="1" ten="327,312,129,222" step="2"/><V126/><F87/><W89/><G104/><T110/><D110/><U24/><E24/><V31/><F31/><W67/><G67/><T75/><D75/><U86/><E86/><V83/><F111/><W128/><G128/><T33/><D33/><U116/><E116/><V2/><F2/><W98/><G98/><T54/><D51/><U62/><E62/><V131/><F131/><W50/><G27/><T80/><D80/><U115/><E115/><V135/><F83/><W37/><G25/><T78/><D78/><U127/><E127/><N who="2" m="48651" /><F135/><W39/><G96/><T46/><D15/><U97/><E97/><V52/><F52/><AGARI ba="1,1" hai="0,4,5,8,9,14,44,45,48,52,59,84,91,93" machi="52" ten="40,5200,0" yaku="1,1,52,1,54,1,53,0" doraHai="47" doraHaiUra="113" who="1" fromWho="2" sc="327,0,312,65,129,-55,222,0" /><INIT seed="4,0,0,1,4,11" ten="327,377,74,222" oya="0" hai0="62,100,9,56,54,79,72,36,86,32,102,77,7" hai1="125,107,94,111,67,68,81,37,127,12,16,6,133" hai2="80,96,43,48,22,52,99,66,119,115,103,106,44" hai3="123,29,31,113,4,14,71,33,5,116,110,25,78"/><T109/><D36/><U120/><E111/><V70/><F115/><W13/><G71/><T55/><D32/><U84/><E107/><V91/><F119/><W30/><G78/><T24/><D72/><U63/><E37/><V17/><F70/><W15/><G110/><T42/><D42/><U83/><E120/><V76/><F66/><W89/><G89/><T18/><D109/><U112/><E6/><N who="3" m="2666" /><G113/><T2/><D55/><U51/><E112/><V108/><F108/><W126/><G126/><N who="1" m="48138" /><E133/><V132/><F132/><W40/><G40/><T131/><D131/><U74/><E74/><V130/><F130/><W93/><G93/><T135/><D135/><U69/><E69/><V73/><F91/><W92/><G92/><T46/><D46/><U118/><E118/><V23/><F96/><W61/><G61/><T38/><D38/><U75/><E75/><V82/><F82/><W35/><G116/><T101/><D86/><U59/><E94/><V21/><REACH who="2" step="1"/><F43/><REACH who="2" ten="327,377,64,222" step="2"/><W87/><G123/><T0/><D2/><U47/><E68/><V88/><F88/><W117/><G117/><T104/><D104/><U134/><E134/><V105/><F105/><W98/><G98/><T39/><D77/><U60/><E84/><V1/><F1/><W57/><G87/><T90/><D90/><U27/><E83/><V49/><F49/><W19/><G57/><T20/><D39/><U64/><E81/><V41/><F41/><W128/><G128/><T114/><D114/><U28/><E59/><V85/><F85/><W124/><G124/><T8/><D79/><U45/><E51/><RYUUKYOKU ba="0,1" sc="327,10,377,-30,64,10,222,10" hai0="0,7,8,9,18,20,24,54,56,62,100,101,102" hai2="17,21,22,23,44,48,52,73,76,80,99,103,106" hai3="13,14,15,19,25,29,30,31,33,35" /><INIT seed="4,1,1,5,2,24" ten="337,347,74,232" oya="0" hai0="63,111,101,28,8,60,128,113,96,26,123,20,25" hai1="45,5,33,89,43,56,12,103,59,118,115,53,105" hai2="39,133,100,54,22,94,120,129,67,47,119,87,71" hai3="117,44,77,112,4,80,125,50,66,32,0,48,51"/><T132/><D123/><U49/><E33/><V1/><F120/><W114/><G32/><T10/><D113/><U107/><E118/><V102/><F119/><W91/><G117/><T82/><D128/><U55/><E115/><N who="3" m="44074" /><G91/><T131/><D131/><U72/><E72/><V41/><F129/><W64/><G125/><T110/><D132/><U73/><E73/><V76/><F133/><W36/><G4/><T126/><D126/><U40/><E103/><V88/><F1/><W92/><G92/><T3/><D82/><U11/><E89/><V2/><F2/><W134/><G0/><T68/><D25/><U18/><E40/><V109/><F109/><N who="0" m="41482" /><D68/><U23/><E56/><V70/><F70/><W79/><G134/><T97/><D97/><U127/><E55/><V135/><F135/><W58/><G58/><T6/><D10/><U78/><E78/><N who="3" m="29706" /><G80/><T9/><D8/><U75/><E75/><V62/><F76/><W35/><G35/><T93/><AGARI ba="1,1" hai="3,6,9,20,26,28,60,63,93,96,101" m="41482" machi="93" ten="30,3000,0" yaku="10,1,52,1" doraHai="24" who="0" fromWho="0" sc="337,43,347,-11,74,-11,232,-11" /><INIT seed="4,2,0,3,3,98" ten="380,336,63,221" oya="0" hai0="69,21,39,0,76,20,49,108,106,54,32,115,25" hai1="81,52,72,77,87,129,36,100,16,130,5,124,63" hai2="102,12,120,55,107,27,94,123,103,3,116,6,14" hai3="97,13,38,117,19,101,37,34,121,41,84,23,88"/><T134/><D39/><U11/><E36/><V59/><F107/><W30/><G117/><T57/><D0/><U89/><E124/><V50/><F116/><W99/><G99/><T53/><D69/><U82/><E100/><V4/><F3/><W58/><G41/><T51/><D106/><U60/><E16/><V48/><F94/><W91/><G91/><T93/><D115/><U71/><E71/><V92/><F92/><W17/><G17/><T61/><D134/><U65/><E65/><V135/><F135/><W46/><G46/><T119/><D119/><U56/><REACH who="1" step="1"/><E63/><REACH who="1" ten="380,326,63,221" step="2"/><V109/><F27/><W44/><G38/><T126/><D61/><U47/><E47/><V118/><F118/><W80/><G44/><T35/><D126/><U40/><E40/><V128/><F59/><W73/><G37/><T43/><D43/><U74/><E74/><V26/><F26/><W10/><G73/><T127/><D25/><U18/><E18/><V24/><F24/><W66/><G34/><T131/><D57/><U125/><E125/><V64/><F64/><W29/><G23/><T112/><D127/><U104/><E104/><V62/><F62/><N who="3" m="38231" /><G121/><T8/><D20/><U85/><E85/><V9/><F55/><W75/><G75/><T133/><D21/><U122/><E122/><V111/><REACH who="2" step="1"/><F9/><REACH who="2" ten="380,326,53,221" step="2"/><W79/><G10/><T90/><D8/><U114/><E114/><V96/><F96/><W95/><G30/><T86/><D112/><U31/><E31/><V113/><F113/><W83/><G29/><T22/><D53/><U7/><E7/><V1/><F1/><AGARI ba="2,2" hai="1,5,11,52,56,60,72,77,81,82,87,89,129,130" machi="1" ten="40,8000,1" yaku="1,1,6,1,54,1,53,2" doraHai="98" doraHaiUra="78" who="1" fromWho="2" sc="380,0,326,106,53,-86,221,0" owari="380,18.0,432,53.0,-33,-53.0,221,-18.0" /></mjloggm>