<mjloggm ver="2.3"><GO type="97" lobby="0"/><UN n0="%41%49%4E%45" n1="%6D%72%6B%6F%6A%69" n2="%E5%B0%B1%E6%B4%BB%E7%94%9F%40%E5%B7%9D%E6%9D%91%E8%BB%8D%E5%9B%A3" n3="%E5%B2%A9%E9%AF%89" dan="14,13,14,13" rate="1964.07,1817.41,1939.60,1897.41" sx="F,M,M,M"/><TAIKYOKU oya="0"/><INIT seed="0,0,0,4,4,20" ten="250,250,250,250" oya="0" hai0="60,24,42,90,69,124,28,7,54,99,115,74,123" hai1="10,68,0,108,127,19,87,59,57,109,107,102,113" hai2="1,2,31,29,134,18,3,50,11,56,35,30,78" hai3="70,27,84,130,8,89,15,65,34,100,125,43,132"/><T79/><D123/><U66/><E113/><V61/><F78/><W62/><G130/><T73/><D115/><U86/><E68/><V46/><F134/><W98/><G132/><T133/><D133/><U135/><E135/><V75/><F75/><W26/><G125/><T48/><D42/><U22/><E127/><V76/><F76/><W63/><G43/><T85/><D7/><U4/><E107/><V52/><F35/><W96/><G34/><T58/><D79/><U95/><E59/><V41/><REACH who="2" step="1"/><F18/><REACH who="2" ten="250,250,240,250" step="2"/><W119/><G119/><T64/><D124/><U12/><E108/><V88/><F88/><W51/><G89/><T116/><D116/><U40/><E109/><V33/><F33/><W9/><G84/><T53/><D99/><U103/><E86/><V39/><F39/><W16/><G98/><T131/><D131/><U55/><E87/><V32/><F32/><W67/><G96/><T47/><D74/><U49/><E102/><V128/><F128/><W13/><G100/><T44/><D73/><U21/><E103/><V118/><F118/><W81/><G81/><T104/><D104/><U101/><E101/><V37/><F37/><W23/><G51/><T14/><D90/><U122/><E49/><V97/><F97/><W114/><G114/><T82/><D85/><U36/><E36/><V25/><F25/><N who="3" m="9227" /><G13/><T38/><D82/><U111/><E111/><V93/><F93/><W5/><G5/><AGARI ba="0,1" hai="1,2,3,5,11,29,30,31,41,46,50,52,56,61" machi="5" ten="40,2600,0" yaku="1,1,54,1,53,0" doraHai="20" doraHaiUra="105" who="2" fromWho="3" sc="250,0,250,0,240,36,250,-26" /><INIT seed="1,0,0,5,2,128" ten="250,250,276,224" oya="1" hai0="50,77,115,33,111,103,73,45,10,15,130,84,52" hai1="108,119,125,76,29,13,117,16,94,109,71,60,35" hai2="127,89,39,51,43,37,4,0,82,114,101,90,31" hai3="1,38,85,25,122,6,14,34,80,74,21,8,126"/><U88/><E76/><V63/><F114/><W93/><G122/><T133/><D115/><U20/><E71/><V75/><F127/><W17/><G126/><T129/><D111/><N who="1" m="42571" /><E60/><V91/><F101/><W53/><G38/><T2/><D2/><U86/><E125/><V40/><F31/><W110/><G110/><T48/><D33/><U54/><E54/><V28/><F28/><W113/><G113/><T9/><D73/><U116/><E29/><V7/><F63/><W26/><G34/><AGARI ba="0,0" hai="13,16,20,34,35,86,88,94,116,117,119" m="42571" machi="34" ten="40,12000,1" yaku="14,1,10,1,54,2" doraHai="128" who="1" fromWho="3" sc="250,0,250,120,276,0,224,-120" /><INIT seed="1,1,0,0,0,34" ten="250,370,276,104" oya="1" hai0="48,15,7,110,119,96,51,43,9,62,92,64,70" hai1="16,63,104,80,126,86,50,97,114,11,103,27,36" hai2="66,90,135,116,3,17,18,47,12,124,32,21,65" hai3="72,115,69,122,111,125,84,134,128,120,108,105,60"/><U46/><E36/><V19/><F116/><W91/><RYUUKYOKU type="yao9" ba="1,0" sc="250,0,370,0,276,0,104,0" hai3="60,69,72,84,91,105,108,111,115,120,122,125,128,134" /><INIT seed="1,2,0,0,3,117" ten="250,370,276,104" oya="1" hai0="54,90,102,95,38,103,59,11,14,63,83,43,62" hai1="22,131,2,0,18,122,132,116,5,31,21,124,46" hai2="47,96,91,85,133,27,64,111,86,89,13,25,123" hai3="110,29,52,121,118,50,76,98,66,39,80,82,42"/><U58/><E46/><V134/><F111/><W119/><G110/><T125/><D125/><U10/><E58/><V16/><F64/><W92/><G29/><T24/><D43/><U1/><E116/><N who="3" m="44586" /><G66/><T8/><D38/><U56/><E56/><V20/><F96/><W74/><G80/><T114/><D114/><U15/><E124/><V106/><F106/><W51/><G39/><T100/><D83/><U69/><E69/><V41/><F123/><W7/><G7/><T40/><D40/><U45/><E45/><V68/><F68/><W127/><G127/><T19/><D63/><U3/><E131/><V112/><F112/><W48/><G42/><T78/><D78/><U126/><E126/><V53/><F53/><W130/><G130/><T65/><D65/><U93/><E93/><V37/><F86/><W99/><G99/><N who="0" m="57847" /><D24/><N who="1" m="16783" /><E132/><N who="2" m="50795" /><F91/><N who="3" m="55583" /><G121/><AGARI ba="2,0" hai="0,1,2,3,5,10,15,18,22,121,122" m="16783" machi="121" ten="30,11600,0" yaku="34,2,52,2" doraHai="117" who="1" fromWho="3" sc="250,0,370,122,276,0,104,-122" owari="250,-15.0,492,59.0,276,8.0,-18,-52.0" /></mjloggm>