<mjloggm ver="2.3"><GO type="97" lobby="0"/><UN n0="%73%61%67%61" n1="%E5%94%AF%E4%BA%95%E3%81%B5%E3%81%9F%E3%81%BF" n2="%E9%8A%80%E7%B8%81%E3%80%82" n3="%E5%B0%B1%E6%B4%BB%E7%94%9F%40%E5%B7%9D%E6%9D%91%E8%BB%8D%E5%9B%A3" dan="13,15,14,14" rate="1879.89,2027.85,1842.34,1979.14" sx="M,F,M,M"/><TAIKYOKU oya="0"/><INIT seed="0,0,0,0,4,117" ten="250,250,250,250" oya="0" hai0="63,72,95,60,87,16,62,48,88,4,44,89,129" hai1="97,101,102,8,79,61,52,18,10,37,67,112,86" hai2="27,21,12,118,125,73,50,135,123,36,11,39,92" hai3="64,81,70,24,84,35,56,80,31,46,34,99,91"/><T105/><D105/><U111/><E37/><V114/><F114/><W71/><G35/><T115/><D72/><U59/><E111/><V57/><F118/><W90/><G46/><T94/><D129/><U110/><E110/><V51/><F73/><W53/><G64/><T134/><D134/><U58/><E112/><V19/><F135/><W17/><G17/><T20/><D115/><U120/><E120/><V113/><F113/><W124/><G124/><T22/><D4/><U29/><E29/><V82/><F125/><W15/><G15/><T100/><D100/><U25/><E79/><V103/><F82/><W33/><G33/><T23/><D16/><U7/><E86/><V5/><F123/><W109/><G109/><T122/><D122/><U121/><E121/><V116/><F116/><W93/><REACH who="3" step="1"/><G80/><REACH who="3" ten="250,250,250,240" step="2"/><T132/><D132/><U2/><E18/><V1/><F12/><W26/><G26/><T45/><REACH who="0" step="1"/><D48/><AGARI ba="0,1" hai="24,31,34,48,53,56,70,71,81,84,90,91,93,99" machi="48" ten="30,7700,0" yaku="1,1,7,1,53,2" doraHai="117" doraHaiUra="65" who="3" fromWho="0" sc="250,-77,250,0,250,0,240,87" /><INIT seed="1,0,0,1,1,114" ten="173,250,250,327" oya="1" hai0="57,14,90,31,85,34,132,5,92,130,103,101,76" hai1="87,65,84,75,41,106,121,100,44,61,109,35,19" hai2="68,131,6,119,78,108,11,94,91,63,120,24,127" hai3="71,113,1,25,37,129,98,39,80,116,51,124,52"/><U93/><E75/><V8/><F119/><W23/><G113/><T54/><D34/><U81/><E35/><V70/><F120/><W15/><G1/><T126/><D31/><U3/><E3/><V105/><F105/><W17/><G71/><T74/><D126/><U33/><E33/><V18/><F131/><W55/><G116/><T96/><D130/><U26/><E106/><V64/><F127/><W10/><G129/><T110/><D110/><U42/><E121/><V118/><F118/><W83/><G124/><T89/><D5/><U40/><E109/><V73/><F108/><W21/><G98/><T104/><D14/><U133/><E133/><V77/><F70/><W32/><G32/><T115/><D115/><U28/><E28/><V122/><F122/><W102/><G102/><T2/><D2/><U60/><E44/><V48/><F48/><W4/><G55/><T123/><D123/><U134/><E65/><V27/><F73/><W97/><G97/><N who="0" m="61551" /><D57/><U86/><E81/><V66/><F66/><W112/><G112/><T56/><D56/><U20/><E134/><V36/><F36/><W67/><G67/><T50/><D50/><U53/><E53/><V59/><F68/><W95/><G95/><N who="0" m="58527" /><D54/><U7/><E7/><V13/><F77/><W99/><G37/><T117/><D132/><U135/><E135/><V49/><F78/><W22/><G39/><T47/><D47/><U46/><E46/><V30/><F49/><W9/><G51/><T12/><D12/><U72/><E72/><V0/><F30/><W45/><G45/><T111/><D111/><RYUUKYOKU ba="0,0" sc="173,-15,250,15,250,15,327,-15" hai1="19,20,26,40,41,42,60,61,84,86,87,93,100" hai2="0,6,8,11,13,18,24,27,59,63,64,91,94" /><INIT seed="1,1,0,2,4,75" ten="158,265,265,312" oya="1" hai0="2,83,3,125,32,122,42,109,86,88,12,62,105" hai1="46,97,44,76,48,106,100,130,104,123,126,64,103" hai2="90,71,33,113,11,40,21,77,134,115,31,17,47" hai3="51,118,37,16,4,87,56,78,29,24,36,65,131"/><U14/><E123/><V28/><F71/><W116/><G4/><T96/><D122/><U58/><E130/><V49/><F134/><W8/><G131/><T43/><D32/><U20/><E126/><V74/><F11/><W121/><G121/><T15/><D125/><U22/><E14/><V41/><F41/><W108/><G108/><T38/><D38/><U1/><E1/><V94/><F33/><W0/><G0/><T91/><D109/><U98/><E76/><V27/><F77/><W25/><G25/><T79/><D62/><U55/><REACH who="1" step="1"/><E64/><REACH who="1" ten="158,255,265,312" step="2"/><V133/><F133/><W10/><G65/><T117/><D2/><U72/><E72/><V114/><REACH who="2" step="1"/><F74/><REACH who="2" ten="158,255,255,312" step="2"/><W95/><G118/><T99/><D117/><U102/><E102/><V63/><F63/><W67/><G116/><T120/><D120/><U57/><E57/><V69/><F69/><W34/><G56/><T54/><D3/><U81/><E81/><V19/><F19/><W129/><G16/><T112/><D112/><U89/><E89/><V135/><F135/><W119/><G119/><T101/><D91/><U52/><E52/><V132/><F132/><W6/><G78/><T128/><D128/><U73/><E73/><V50/><F50/><W18/><G51/><T45/><D54/><U59/><E59/><V39/><F39/><W107/><G37/><T5/><D42/><U124/><E124/><V9/><F9/><W111/><G36/><T93/><D5/><U61/><E61/><V30/><F30/><N who="3" m="19783" /><G6/><T84/><D84/><AGARI ba="1,2" hai="17,21,27,28,31,40,47,49,84,90,94,113,114,115" machi="84" ten="40,5200,0" yaku="1,1,11,1,53,1" doraHai="75" doraHaiUra="80" who="2" fromWho="0" sc="158,-55,255,0,255,75,312,0" /><INIT seed="2,0,0,0,0,71" ten="103,255,330,312" oya="2" hai0="34,85,19,8,16,90,109,18,25,66,58,122,1" hai1="75,103,93,40,121,26,15,48,47,27,38,98,128" hai2="62,56,12,82,106,107,42,94,32,134,20,131,111" hai3="24,45,119,57,7,10,4,55,36,114,70,96,23"/><V72/><F131/><W104/><G119/><T64/><D122/><U115/><E115/><V28/><F134/><W99/><G70/><T120/><D120/><U135/><E121/><V53/><F111/><W74/><G74/><T52/><D109/><U105/><E75/><V17/><F42/><W126/><G126/><T89/><D34/><U81/><E128/><V50/><F94/><W54/><G114/><T92/><D1/><U101/><E135/><V0/><F0/><W80/><G80/><T33/><D33/><U31/><E81/><V37/><F37/><W100/><G96/><T68/><D68/><U116/><E116/><V59/><F82/><W127/><G127/><T73/><D73/><U11/><E48/><V13/><F72/><W112/><G112/><T44/><D44/><U108/><E108/><V49/><F49/><W63/><G10/><T77/><D8/><U6/><E31/><V21/><F32/><W2/><G2/><T110/><D25/><U43/><E43/><V117/><F117/><W86/><G86/><T79/><D110/><U130/><E130/><V118/><F118/><W123/><G123/><T84/><D64/><U3/><E3/><V69/><F69/><W5/><G5/><T97/><D66/><U91/><REACH who="1" step="1"/><E103/><REACH who="1" ten="103,245,330,312" step="2"/><V14/><F106/><W51/><G36/><T67/><D67/><U76/><E76/><V30/><F107/><W29/><AGARI ba="0,1" hai="4,7,23,24,29,45,51,54,55,57,63,99,100,104" machi="29" ten="20,1500,0" yaku="0,1,7,1" doraHai="71" who="3" fromWho="3" sc="103,-4,245,-4,330,-7,312,25" /><INIT seed="3,0,0,3,2,55" ten="99,241,323,337" oya="3" hai0="58,131,31,57,2,84,65,122,35,5,111,89,16" hai1="133,105,107,81,120,56,70,49,29,88,9,102,36" hai2="123,42,77,59,14,73,109,132,118,38,62,7,17" hai3="100,117,44,69,6,96,20,1,71,108,119,27,95"/><W124/><G124/><T115/><D122/><U83/><E120/><V54/><F118/><W104/><G108/><T76/><D65/><U66/><E36/><V13/><F123/><W8/><G44/><T121/><D121/><U114/><E114/><V127/><F127/><W28/><REACH who="3" step="1"/><G104/><REACH who="3" ten="99,241,323,327" step="2"/><T129/><D111/><U21/><E107/><V91/><F109/><W25/><G25/><T61/><D115/><U10/><E133/><V126/><F132/><W40/><G40/><T34/><D31/><U53/><E102/><V134/><F134/><W12/><G12/><T106/><D106/><U47/><E105/><V97/><F126/><W78/><G78/><T52/><D76/><U50/><E70/><AGARI ba="0,1" hai="1,6,8,20,27,28,69,70,71,95,96,100,117,119" machi="70" ten="40,2000,0" yaku="1,1,53,0" doraHai="55" doraHaiUra="116" who="3" fromWho="1" sc="99,0,241,-20,323,0,327,30" owari="99,-40.0,221,-18.0,323,12.0,357,46.0" /></mjloggm>