<mjloggm ver="2.3"><GO type="169" lobby="0"/><UN n0="%E4%B8%AD%E6%9D%91%E8%B1%AA" n1="%E3%82%86%E3%81%86%E5%A0%95%E5%A4%A9%E4%BD%BF" n2="%E5%B0%B1%E6%B4%BB%E7%94%9F%40%E5%B7%9D%E6%9D%91%E8%BB%8D%E5%9B%A3" n3="%E3%82%86%E3%81%A3%E3%81%8F%E3%82%8A%E5%A6%96%E5%A4%A2" dan="16,16,16,16" rate="2155.05,2105.01,2067.47,2124.14" sx="M,F,M,M"/><TAIKYOKU oya="0"/><INIT seed="0,0,0,0,5,38" ten="250,250,250,250" oya="0" hai0="53,84,36,82,42,28,68,65,66,118,31,4,7" hai1="48,110,23,37,99,13,20,123,47,73,104,100,50" hai2="35,14,30,59,111,77,112,70,120,86,90,45,108" hai3="58,22,33,79,67,128,16,103,3,62,109,61,101"/><T72/><D118/><U41/><E123/><V54/><F54/><W87/><G33/><T0/><D72/><U116/><E116/><V135/><F70/><W71/><G3/><T24/><D53/><U121/><E121/><V125/><F59/><W6/><G109/><T5/><D0/><U34/><E110/><V106/><F45/><W8/><G128/><T51/><D36/><U115/><E115/><V44/><F44/><W55/><G6/><T113/><D113/><U105/><E105/><V93/><F14/><W126/><G8/><T27/><D68/><U97/><E97/><V60/><F30/><N who="0" m="11306" /><D51/><U94/><E104/><V49/><F60/><W91/><G79/><N who="0" m="46175" /><D42/><U88/><E73/><V12/><F49/><W56/><G126/><T32/><D32/><U15/><E34/><V46/><F35/><W133/><G133/><T78/><D78/><U18/><REACH who="1" step="1"/><E100/><REACH who="1" ten="250,240,250,250" step="2"/><V10/><F106/><W129/><G129/><T102/><D102/><U52/><E52/><V17/><F111/><W117/><G117/><T96/><D96/><U130/><E130/><V9/><F108/><W134/><G134/><T131/><D131/><U76/><E76/><V119/><F135/><W57/><G103/><T107/><D107/><U89/><E89/><V19/><F77/><W2/><G101/><T64/><AGARI ba="0,1" hai="4,5,7,24,27,64,65,66" m="46175,11306" machi="64" ten="40,2100,0" yaku="8,1" doraHai="38" who="0" fromWho="0" sc="250,31,240,-7,250,-7,250,-7" /><INIT seed="0,1,0,5,1,79" ten="281,233,243,243" oya="0" hai0="6,37,111,9,55,48,29,20,54,113,49,62,105" hai1="63,100,16,75,125,128,24,64,8,91,131,38,78" hai2="34,39,71,36,104,103,96,3,53,127,60,84,46" hai3="22,18,116,134,7,110,83,93,15,88,133,56,81"/><T47/><D105/><U52/><E38/><V61/><F127/><W101/><G116/><T120/><D113/><U28/><E100/><V122/><F122/><W44/><G110/><T40/><D120/><U129/><E125/><V45/><F3/><W14/><G101/><T31/><D62/><U5/><E91/><V97/><F34/><W1/><G1/><T130/><D130/><U12/><E5/><V51/><F96/><N who="3" m="57383" /><G44/><T41/><D111/><U4/><E4/><V30/><F30/><W65/><G65/><T89/><D89/><U57/><E64/><V70/><F84/><W92/><G92/><T115/><D115/><U126/><E126/><V95/><F104/><W58/><G134/><T90/><D90/><U72/><REACH who="1" step="1"/><E78/><REACH who="1" ten="281,223,243,243" step="2"/><V107/><F107/><W43/><G133/><T68/><D37/><N who="2" m="14410" /><F103/><W74/><G74/><T118/><D6/><U0/><E0/><V21/><F97/><W87/><G87/><T124/><D124/><U50/><E50/><N who="2" m="28879" /><F95/><W82/><G43/><T85/><D40/><U135/><E135/><V121/><F121/><W26/><G7/><T73/><D41/><U98/><E98/><V119/><F119/><W106/><G106/><T32/><D118/><U2/><E2/><V76/><F76/><W19/><G26/><T27/><D27/><U117/><E117/><V132/><F132/><W66/><G66/><T59/><D49/><U17/><E17/><V77/><F77/><W114/><G114/><T109/><D48/><U67/><E67/><V11/><F70/><W10/><AGARI ba="1,1" hai="10,14,15,18,19,22,56,58,81,82,83" m="57383" machi="10" ten="30,8000,1" yaku="8,1,52,3,54,1" doraHai="79" who="3" fromWho="3" sc="281,-41,223,-21,243,-21,243,93" /><INIT seed="1,0,0,0,4,12" ten="240,202,222,336" oya="1" hai0="114,96,55,5,126,83,7,82,78,49,123,42,59" hai1="64,130,132,117,61,92,122,106,41,120,43,95,133" hai2="102,10,57,22,94,54,50,6,45,2,127,91,1" hai3="108,16,52,13,14,68,21,119,19,98,121,116,28"/><U101/><E117/><N who="3" m="45130" /><G68/><T90/><D114/><U97/><E130/><V65/><F127/><W85/><G121/><T60/><D123/><U0/><E0/><V77/><F77/><W47/><G108/><T113/><D113/><U79/><E79/><V8/><F102/><W73/><G73/><T23/><D126/><U39/><E120/><V35/><F35/><W15/><G98/><T66/><D42/><N who="1" m="15883" /><E122/><V134/><F134/><N who="1" m="51817" /><E39/><V115/><F115/><W36/><G85/><T86/><D23/><U84/><E84/><V74/><F74/><W32/><G32/><T58/><REACH who="0" step="1"/><D96/><REACH who="0" ten="230,202,222,336" step="2"/><U17/><E17/><N who="3" m="6730" /><G36/><T34/><D34/><U99/><E99/><V109/><F109/><W111/><G111/><T70/><D70/><AGARI ba="0,1" hai="61,64,70,92,95,97,101,106" m="51817,15883" machi="70" ten="30,1500,0" yaku="20,1" doraHai="12" who="1" fromWho="0" sc="230,-15,202,25,222,0,336,0" /><INIT seed="1,1,0,0,3,24" ten="215,227,222,336" oya="1" hai0="58,103,17,26,135,50,56,64,4,25,15,49,104" hai1="31,87,6,65,88,29,53,84,61,55,95,107,67" hai2="48,94,46,127,76,27,85,41,52,54,13,35,121" hai3="101,98,116,2,38,36,77,63,110,37,51,3,14"/><U74/><E107/><V131/><F121/><W59/><G110/><T70/><D4/><U73/><E6/><V28/><F131/><W102/><G116/><T16/><D70/><U18/><E18/><N who="0" m="7273" /><D103/><U126/><E126/><V122/><F122/><W7/><G77/><T100/><D100/><U111/><E111/><V8/><F127/><W117/><G51/><N who="0" m="19467" /><D104/><U99/><E73/><V75/><F75/><W114/><G114/><T125/><D135/><U91/><E74/><V0/><F0/><W66/><G117/><T134/><D134/><U133/><E133/><V72/><F72/><W106/><G102/><T5/><D125/><U108/><E108/><V81/><REACH who="2" step="1"/><F94/><REACH who="2" ten="215,227,212,336" step="2"/><W118/><G118/><T119/><D119/><U47/><E95/><V30/><F30/><W32/><G3/><T42/><D42/><U120/><E120/><V60/><F60/><W71/><G2/><T11/><D58/><U96/><E61/><AGARI ba="1,1" hai="5,11,15,25,26,56,61,64" m="19467,7273" machi="61" ten="30,2000,0" yaku="8,1,54,1" doraHai="24" who="0" fromWho="1" sc="215,33,227,-23,212,0,336,0" /><INIT seed="2,0,0,2,0,62" ten="248,204,212,336" oya="2" hai0="64,84,36,57,38,85,8,107,42,126,66,21,17" hai1="56,120,119,67,43,44,125,27,45,32,79,65,102" hai2="127,133,23,28,34,25,103,95,59,69,77,92,72" hai3="39,71,9,3,110,130,94,10,12,7,89,112,48"/><V115/><F69/><W117/><G39/><T116/><D107/><U128/><E119/><V101/><F115/><W30/><G110/><T74/><D74/><U11/><E102/><V6/><F127/><W104/><G104/><T73/><D73/><U113/><E125/><V52/><F133/><W26/><G117/><T1/><D126/><U51/><E79/><V55/><F34/><W96/><G130/><T41/><D116/><U134/><E113/><V123/><F123/><W46/><G71/><T0/><D57/><U80/><E80/><V29/><F6/><W135/><G135/><T60/><D60/><U82/><E134/><V78/><F72/><W54/><G112/><T122/><D21/><U111/><E82/><V37/><F37/><W15/><REACH who="3" step="1"/><G9/><REACH who="3" ten="248,204,212,326" step="2"/><T93/><D8/><U53/><E11/><V75/><F75/><W76/><G76/><N who="2" m="29289" /><F29/><W124/><G124/><T47/><D122/><U31/><E128/><V24/><F24/><W68/><G68/><T108/><D108/><U106/><E120/><V114/><F114/><W19/><G19/><T97/><D17/><U13/><E111/><V14/><F14/><W118/><G118/><T5/><D5/><U33/><E106/><V35/><F35/><AGARI ba="0,1" hai="3,7,10,12,15,26,30,35,46,48,54,89,94,96" machi="35" ten="30,3900,0" yaku="1,1,7,1,53,1" doraHai="62" doraHaiUra="86" who="3" fromWho="2" sc="248,0,204,0,212,-39,326,49" /><INIT seed="3,0,0,3,5,94" ten="248,204,173,375" oya="3" hai0="114,41,108,135,95,22,10,55,83,90,46,111,53" hai1="2,51,123,130,103,127,12,54,81,134,109,113,38" hai2="86,133,74,6,8,49,28,21,59,62,118,24,93" hai3="119,65,17,96,70,61,99,120,131,80,92,76,125"/><W20/><G120/><T40/><D135/><U18/><E113/><V105/><F74/><W9/><G119/><T26/><D83/><U44/><E123/><V66/><F133/><W106/><G131/><T64/><D64/><U72/><E130/><V104/><F118/><W112/><G112/><T132/><D10/><U85/><E2/><V13/><F86/><W126/><G9/><T36/><D41/><U42/><E134/><V71/><F71/><W87/><G106/><T29/><D114/><U35/><E35/><V129/><F129/><W43/><G43/><T15/><D15/><U101/><E72/><V14/><F49/><W91/><REACH who="3" step="1"/><G99/><REACH who="3" ten="248,204,173,365" step="2"/><N who="0" m="57847" /><D132/><U32/><E42/><V57/><F105/><W124/><G124/><T56/><D40/><U110/><E127/><V39/><F104/><W1/><G1/><T50/><D108/><U45/><E109/><V67/><F39/><W0/><G0/><T52/><D111/><U116/><E110/><V63/><F14/><AGARI ba="0,1" hai="14,17,20,61,65,70,76,80,87,91,92,96,125,126" machi="14" ten="40,3900,0" yaku="1,1,52,1,53,0" doraHai="94" doraHaiUra="4" who="3" fromWho="2" sc="248,0,204,0,173,-39,365,49" /><INIT seed="3,1,0,4,3,122" ten="248,204,134,414" oya="3" hai0="124,3,61,38,69,104,88,128,42,0,34,44,72" hai1="32,95,100,91,125,98,10,135,47,84,58,51,31" hai2="28,20,27,96,107,15,93,55,101,64,127,92,80" hai3="40,99,11,71,102,45,37,133,56,18,105,23,120"/><W116/><G120/><T50/><D104/><U97/><E125/><V126/><F64/><W81/><G116/><T89/><D34/><U131/><E135/><V109/><F109/><W78/><G71/><T68/><D72/><U21/><E131/><V75/><F55/><W52/><G133/><T2/><D128/><U110/><E32/><V112/><F112/><W41/><G11/><T16/><D124/><N who="2" m="47658" /><F15/><W29/><G29/><T35/><D35/><U26/><E110/><V118/><F118/><W83/><G41/><T46/><D16/><U113/><E113/><V59/><F59/><W54/><G78/><AGARI ba="1,0" hai="20,27,28,75,78,80,92,93,96,101,107" m="47658" machi="78" ten="30,1000,0" yaku="18,1" doraHai="122" who="2" fromWho="3" sc="248,0,204,0,134,13,414,-13" /><INIT seed="4,0,0,2,2,130" ten="248,204,147,401" oya="0" hai0="18,43,112,27,48,118,102,1,134,16,99,129,45" hai1="23,117,107,133,74,2,0,78,110,67,6,69,119" hai2="56,68,95,47,39,94,24,33,124,4,132,40,60" hai3="82,28,66,80,79,100,135,61,113,34,22,115,32"/><T92/><D1/><U55/><E55/><V97/><F124/><W93/><G135/><T51/><D118/><U83/><E23/><V57/><F4/><W54/><G54/><T46/><D129/><U90/><E90/><V125/><F125/><W85/><G82/><T63/><D112/><N who="3" m="43081" /><G100/><T8/><D134/><U65/><E65/><V121/><F121/><W96/><G22/><T50/><D63/><N who="1" m="40191" /><E110/><V31/><F132/><W10/><G28/><T86/><D86/><U81/><E81/><V41/><F41/><W19/><G10/><T29/><D8/><N who="1" m="2119" /><E133/><V105/><F95/><W73/><G19/><T37/><REACH who="0" step="1"/><D46/><REACH who="0" ten="238,204,147,401" step="2"/><U114/><E114/><V13/><F47/><W127/><G127/><T17/><D17/><U126/><E126/><V11/><F60/><W5/><G85/><T59/><D59/><U58/><E58/><V87/><F68/><N who="3" m="42063" /><G5/><T108/><D108/><U42/><E119/><V35/><F57/><W52/><G73/><T26/><D26/><U70/><E70/><V84/><F56/><W98/><G96/><T49/><N who="0" m="12288" /><DORA hai="15" /><T53/><D53/><U77/><E117/><V88/><F24/><W91/><G52/><T122/><D122/><U109/><E109/><V71/><F97/><W64/><G64/><T38/><D38/><U12/><E2/><V76/><F71/><W103/><G98/><T20/><AGARI ba="0,1" hai="16,18,20,27,29,37,43,45,92,99,102" m="12288" machi="20" ten="40,12000,1" yaku="1,1,0,1,52,2,54,1,53,0" doraHai="130,15" doraHaiUra="101,131" who="0" fromWho="0" sc="238,130,204,-40,147,-40,401,-40" /><INIT seed="4,1,0,2,1,94" ten="368,164,107,361" oya="0" hai0="43,9,53,29,48,38,119,101,88,82,31,56,110" hai1="12,131,74,51,100,13,73,102,125,24,22,59,21" hai2="26,41,46,2,3,132,84,129,79,128,75,44,72" hai3="116,11,35,109,60,90,106,113,76,81,36,62,130"/><T104/><D119/><U49/><E59/><V134/><F84/><W120/><G90/><T28/><D110/><U115/><E24/><V67/><F67/><W6/><G81/><T27/><D9/><U105/><E105/><V83/><F26/><W0/><G76/><T8/><D8/><U45/><E45/><V37/><F46/><W127/><G62/><T30/><D43/><U5/><E5/><V52/><F75/><W99/><G60/><T66/><D38/><U34/><E34/><V96/><F96/><W78/><G99/><T63/><D101/><U32/><E32/><V39/><F39/><W69/><G78/><T42/><D42/><U68/><E68/><V77/><F77/><W14/><G14/><T61/><D104/><U25/><E25/><V57/><F2/><W98/><G98/><T89/><D82/><U123/><E123/><V7/><F7/><W40/><G40/><T15/><D15/><U121/><E121/><V16/><F16/><W92/><G92/><T97/><D97/><U71/><E71/><V108/><F3/><W86/><G86/><T50/><D63/><U10/><E10/><V91/><F91/><N who="0" m="34890" /><D66/><U95/><E74/><V70/><F108/><W19/><G11/><T65/><D65/><U64/><E64/><V20/><F20/><AGARI ba="1,0" hai="20,27,28,29,30,31,48,50,53,56,61" m="34890" machi="20" ten="30,2900,0" yaku="8,1,54,1" doraHai="94" who="0" fromWho="2" sc="368,32,164,0,107,-32,361,0" /><INIT seed="4,2,0,0,4,135" ten="400,164,75,361" oya="0" hai0="12,30,127,41,90,97,40,128,23,94,107,31,46" hai1="99,49,83,14,32,130,113,67,81,56,105,123,17" hai2="125,76,115,13,11,95,131,22,75,62,50,129,78" hai3="8,16,124,87,121,43,96,89,106,42,60,132,65"/><T9/><D128/><N who="2" m="49226" /><F62/><W53/><G132/><T84/><D127/><U51/><E32/><V103/><F22/><W29/><G121/><T77/><D23/><U93/><E123/><V10/><F115/><W28/><G124/><T116/><D116/><U122/><E122/><V19/><F125/><W72/><G72/><T2/><D2/><U98/><E130/><V5/><F50/><W110/><G110/><T79/><D40/><N who="3" m="15401" /><G106/><T109/><D109/><U91/><E56/><V119/><F75/><W1/><G96/><T101/><D79/><N who="2" m="30250" /><F119/><W66/><G1/><T114/><D77/><U48/><E67/><N who="3" m="25610" /><G53/><T118/><D114/><U7/><E113/><V6/><F10/><W25/><G60/><T112/><D118/><U70/><E49/><V24/><F24/><W3/><G3/><T39/><REACH who="0" step="1"/><D112/><REACH who="0" ten="390,164,75,361" step="2"/><U120/><E120/><V47/><F47/><W36/><G36/><T69/><D69/><U20/><E70/><V68/><F68/><W35/><G35/><T57/><D57/><U117/><E117/><V0/><F0/><W33/><G33/><T27/><D27/><U111/><E111/><V21/><F21/><N who="3" m="13479" /><G8/><T37/><D37/><U52/><E20/><V73/><F73/><W82/><AGARI ba="2,1" hai="28,29,82,87,89" m="13479,25610,15401" machi="82" ten="30,2000,0" yaku="8,1,54,1" doraHai="135" who="3" fromWho="3" sc="390,-12,164,-7,75,-7,361,36" /><INIT seed="5,0,0,4,3,33" ten="378,157,68,397" oya="1" hai0="13,55,83,11,113,124,45,66,62,108,110,116,19" hai1="63,8,77,104,32,80,76,87,15,96,56,17,121" hai2="74,50,65,29,134,81,99,53,67,31,79,49,42" hai3="103,36,132,122,112,119,98,92,78,40,26,135,130"/><U68/><E121/><V1/><F134/><N who="3" m="51243" /><G122/><T39/><D116/><U91/><E32/><V51/><F42/><W70/><G70/><T38/><D113/><U58/><E68/><V27/><F31/><W57/><G119/><T82/><D124/><U133/><E133/><V3/><F53/><W44/><G112/><T118/><D118/><U48/><E48/><V2/><REACH who="2" step="1"/><F99/><REACH who="2" ten="378,157,58,397" step="2"/><W21/><G98/><T127/><D55/><U129/><E96/><V71/><F71/><W24/><G40/><T90/><D110/><U115/><E115/><V18/><F18/><W106/><G36/><T75/><D19/><U7/><E17/><V43/><F43/><W95/><G106/><T5/><D38/><U6/><E104/><V4/><F4/><W88/><G103/><T109/><D39/><U0/><E6/><V52/><F52/><W114/><G114/><T14/><D5/><U101/><E101/><V72/><F72/><W22/><G95/><T35/><D75/><U16/><E7/><V120/><F120/><W10/><G92/><T9/><D109/><U59/><E16/><V47/><F47/><W105/><G44/><T126/><D45/><U93/><E93/><V102/><F102/><W20/><G105/><T89/><D108/><U84/><E59/><V64/><F64/><W30/><G57/><T86/><D66/><U123/><E56/><V117/><F117/><W25/><G30/><T46/><D46/><U41/><E58/><V73/><F73/><W37/><G37/><T34/><D62/><U107/><E123/><V97/><F97/><W100/><G100/><RYUUKYOKU ba="0,1" sc="378,15,157,-15,58,15,397,-15" hai0="9,11,13,14,34,35,82,83,86,89,90,126,127" hai2="1,2,3,27,29,49,50,51,65,67,74,79,81" /><INIT seed="6,1,1,5,2,62" ten="393,142,73,382" oya="2" hai0="117,9,30,50,66,122,8,40,12,5,7,72,92" hai1="38,112,59,10,129,39,80,65,56,63,43,107,94" hai2="106,74,90,31,110,113,132,14,99,68,49,130,126" hai3="83,114,37,61,79,58,108,15,69,11,81,95,34"/><V103/><F110/><W115/><G108/><T51/><D72/><U135/><E107/><V111/><F111/><W89/><G69/><T116/><D122/><U35/><E94/><V134/><F74/><W27/><G37/><T53/><D30/><U84/><E35/><V54/><F68/><W13/><G27/><T25/><D25/><U22/><E22/><V52/><F31/><W87/><G34/><T1/><D92/><U75/><E75/><V118/><F118/><N who="0" m="45674" /><D40/><U20/><E20/><V2/><F2/><W98/><G83/><T100/><D100/><U6/><E43/><V85/><F113/><N who="3" m="43019" /><G11/><T86/><D86/><U4/><E112/><V127/><F130/><W60/><G60/><T101/><D101/><U67/><E10/><V16/><F90/><W0/><G0/><T24/><D24/><U119/><E129/><V19/><F85/><W18/><G18/><N who="2" m="6697" /><F14/><W71/><G71/><T57/><D50/><U77/><E119/><V3/><F3/><W104/><G104/><T124/><D124/><N who="2" m="47658" /><F49/><W45/><G45/><T102/><D102/><U82/><E84/><V17/><N who="2" m="6705" /><V73/><DORA hai="21" /><F73/><W47/><G47/><T23/><D23/><U36/><E36/><V133/><AGARI ba="1,1" hai="52,54,99,103,106,132,133,134" m="47658,6705" machi="133" ten="50,12000,1" yaku="20,1,18,1,54,2" doraHai="62,21" who="2" fromWho="2" sc="393,-41,142,-41,73,133,382,-41" /><INIT seed="6,2,0,1,0,28" ten="352,101,206,341" oya="2" hai0="15,49,39,126,18,51,40,4,128,26,60,25,71" hai1="118,45,50,68,42,10,73,31,47,91,44,76,82" hai2="85,134,1,43,9,20,23,109,6,59,94,67,3" hai3="98,37,54,58,133,61,135,14,75,46,117,57,24"/><V56/><F109/><W114/><G117/><T34/><D4/><U127/><E118/><V77/><F134/><N who="3" m="51211" /><G75/><T86/><D128/><U106/><E106/><V116/><F116/><W84/><G114/><T8/><D126/><U12/><E127/><V132/><F132/><W19/><G98/><T129/><D129/><U104/><E104/><V87/><F43/><N who="3" m="22895" /><G58/><T30/><D26/><U123/><E68/><V130/><F130/><W120/><G24/><T131/><D131/><U27/><E91/><V96/><F1/><W80/><G120/><T41/><D86/><U2/><E2/><V32/><F32/><W52/><G54/><T16/><D18/><U81/><E81/><V74/><F74/><W112/><G112/><T119/><D119/><U108/><E108/><V13/><F59/><W5/><G5/><T65/><REACH who="0" step="1"/><D41/><REACH who="0" ten="342,101,206,341" step="2"/><U66/><E123/><V48/><F85/><W90/><G19/><T107/><D107/><U55/><E42/><V95/><F87/><W103/><G14/><T115/><D115/><U17/><REACH who="1" step="1"/><E66/><REACH who="1" ten="342,91,206,341" step="2"/><V35/><F67/><W101/><AGARI ba="2,2" hai="52,57,61,80,84,90,101,103" m="22895,51211" machi="101" ten="30,2000,0" yaku="20,1,54,1" doraHai="28" who="3" fromWho="3" sc="342,-7,91,-7,206,-12,341,46" /><INIT seed="7,0,0,0,2,114" ten="335,84,194,387" oya="3" hai0="89,111,49,20,117,31,1,119,35,29,76,93,15" hai1="4,60,130,22,21,58,128,66,123,44,69,19,30" hai2="113,122,132,124,24,13,98,92,79,25,87,70,103" hai3="80,9,61,118,127,102,17,99,86,2,7,5,135"/><W14/><G118/><N who="0" m="45067" /><D49/><U50/><E123/><V11/><F70/><W57/><G135/><T40/><D40/><U126/><E4/><V71/><F71/><W56/><G127/><T82/><D111/><U97/><E97/><V43/><F87/><W37/><G37/><T74/><D15/><U81/><E81/><V72/><F92/><N who="3" m="58727" /><G2/><T110/><D20/><U104/><E104/><V38/><F24/><W67/><G57/><T16/><D16/><U51/><E126/><V75/><F43/><W77/><AGARI ba="0,0" hai="5,7,9,14,17,56,61,67,77,80,86" m="58727" machi="77" ten="30,1500,0" yaku="8,1" doraHai="114" who="3" fromWho="3" sc="335,-5,84,-5,194,-5,387,15" owari="330,13.0,79,-42.0,189,-21.0,402,50.0" /></mjloggm>