<mjloggm ver="2.3"><GO type="225" lobby="0"/><UN n0="%E3%83%88%E3%83%88%E3%83%AA%E5%85%88%E7%94%9F%31%39%E6%AD%B3" n1="%4D%61%6D%65%2D%79%61" n2="%6D%61%74%69%6F%73%61%6E" n3="%E7%B6%BE%E7%80%AC%E5%A5%88%E9%83%BD%E5%B8%8C" dan="18,17,16,16" rate="2285.43,2182.49,2095.97,2184.77" sx="F,M,M,F"/><TAIKYOKU oya="0"/><INIT seed="0,0,0,0,3,40" ten="250,250,250,250" oya="0" hai0="114,30,35,82,11,15,86,54,75,101,44,42,81" hai1="50,32,4,85,21,5,43,17,20,90,128,55,34" hai2="98,47,111,59,129,64,37,72,53,113,130,16,10" hai3="61,126,62,65,48,97,70,57,3,125,13,120,135"/><T52/><D114/><U77/><E128/><N who="2" m="49259" /><F72/><W46/><G3/><T121/><D121/><U131/><E131/><V105/><F113/><W103/><G120/><T27/><D101/><U39/><E32/><V95/><F105/><W56/><G13/><T83/><D86/><U124/><E34/><V134/><F64/><W127/><G135/><T108/><D75/><U76/><E124/><V119/><F119/><W84/><G84/><T26/><D26/><U60/><E60/><N who="2" m="35951" /><F134/><W31/><G31/><T132/><D108/><U110/><E110/><V89/><F111/><W69/><G97/><T33/><D33/><U6/><E39/><V74/><F74/><W91/><G103/><T28/><D28/><U9/><E43/><N who="2" m="23023" /><F10/><W87/><G87/><T99/><D99/><U7/><E9/><V73/><F73/><W45/><G91/><T112/><D112/><U67/><E67/><V18/><AGARI ba="0,0" hai="16,18,89,95,98" m="23023,35951,49259" machi="18" ten="30,4000,0" yaku="19,1,52,1,54,1" doraHai="40" who="2" fromWho="2" sc="250,-20,250,-10,250,40,250,-10" /><INIT seed="1,0,0,2,0,25" ten="230,240,290,240" oya="1" hai0="10,39,109,70,24,112,132,49,37,23,15,40,45" hai1="67,133,53,50,77,22,90,64,47,36,7,99,66" hai2="20,84,8,82,56,131,9,119,6,58,116,1,104" hai3="121,115,120,113,62,30,44,117,43,17,130,59,80"/><U107/><E107/><V96/><F131/><W102/><G102/><T118/><D112/><N who="3" m="43081" /><G80/><T92/><D118/><U35/><E35/><V129/><F129/><W83/><G83/><T128/><D70/><U125/><E77/><V105/><F82/><W101/><G101/><T41/><D128/><U98/><E133/><V0/><F20/><W26/><G130/><T21/><D132/><U12/><E125/><V110/><F84/><W123/><G17/><T78/><D109/><U51/><E36/><V46/><F110/><W54/><G30/><T60/><D78/><U111/><E111/><V65/><F65/><W86/><G26/><T88/><D60/><U68/><E68/><V134/><F134/><W28/><G28/><N who="0" m="17423" /><D39/><U95/><E51/><V13/><F96/><W38/><G86/><N who="0" m="52247" /><D23/><U42/><E42/><V127/><F127/><W135/><G117/><T16/><D37/><U48/><E48/><V108/><F108/><W75/><G75/><T87/><D87/><N who="1" m="52703" /><E22/><V103/><F103/><W124/><G135/><T11/><D11/><AGARI ba="0,0" hai="7,11,12,47,50,53,64,66,67,98,99" m="52703" machi="11" ten="30,1500,0" yaku="8,1" doraHai="25" who="1" fromWho="0" sc="230,-15,240,15,290,0,240,0" /><INIT seed="1,1,0,2,4,24" ten="215,255,290,240" oya="1" hai0="50,45,111,131,127,17,53,94,72,65,32,37,29" hai1="27,135,95,7,90,99,88,81,113,51,13,80,112" hai2="40,46,122,125,108,115,55,129,63,75,97,120,71" hai3="36,48,79,14,110,124,130,25,89,87,104,19,2"/><U128/><E128/><V96/><F75/><W31/><G36/><T85/><D72/><U60/><E135/><V134/><F134/><W1/><G104/><T68/><D131/><U26/><E113/><V12/><F129/><W86/><G130/><T106/><D106/><U78/><E112/><V76/><F115/><W3/><G110/><T52/><D111/><U23/><E78/><V119/><F108/><W8/><G124/><T107/><D107/><U100/><E27/><V44/><F119/><W5/><G79/><T83/><D127/><U61/><E51/><V117/><F117/><W82/><G86/><T59/><D94/><U20/><E100/><V21/><F125/><W28/><REACH who="3" step="1"/><G48/><REACH who="3" ten="215,255,290,230" step="2"/><T67/><D37/><U84/><E81/><V43/><F76/><W57/><G57/><T118/><D118/><U58/><E58/><V66/><F122/><W98/><G98/><T109/><D109/><U39/><E39/><V92/><F120/><W42/><G42/><T123/><D123/><U64/><E80/><V116/><F40/><W114/><G114/><T41/><D41/><U62/><E84/><V70/><F43/><W22/><AGARI ba="1,1" hai="1,2,3,5,8,14,19,22,25,28,31,82,87,89" machi="22" ten="40,12000,2" yaku="1,1,0,1,52,2,53,3" doraHai="24" doraHaiUra="35" who="3" fromWho="3" sc="215,-31,255,-61,290,-31,230,133" /><INIT seed="2,0,0,1,1,2" ten="184,194,259,363" oya="2" hai0="74,119,126,55,7,134,99,117,22,122,24,104,76" hai1="75,49,135,34,72,54,125,121,133,38,94,56,90" hai2="98,10,53,110,27,95,89,84,61,4,69,81,113" hai3="67,132,116,57,45,130,127,123,131,68,115,88,80"/><V112/><F110/><W106/><G106/><T15/><D122/><U20/><E34/><V8/><F8/><W43/><G123/><T17/><D134/><N who="1" m="51211" /><E121/><V19/><F19/><W26/><G132/><T83/><D126/><U118/><E118/><N who="0" m="45065" /><D55/><U105/><E125/><V102/><F27/><W71/><G26/><T14/><D7/><U87/><E105/><V60/><F60/><N who="3" m="38287" /><G115/><T65/><D65/><U36/><E20/><V35/><F35/><W77/><G88/><T11/><D11/><U6/><E6/><V33/><F33/><W18/><G18/><T97/><D104/><U85/><E85/><V66/><REACH who="2" step="1"/><F53/><REACH who="2" ten="184,194,249,363" step="2"/><W96/><G116/><T46/><D24/><U92/><E92/><V25/><F25/><W42/><G127/><T3/><D3/><AGARI ba="0,1" hai="3,4,10,61,66,69,81,84,89,95,98,102,112,113" machi="3" ten="30,11600,0" yaku="1,1,7,1,52,1,53,1" doraHai="2" doraHaiUra="86" who="2" fromWho="0" sc="184,-116,194,0,249,126,363,0" /><INIT seed="2,1,0,3,0,16" ten="68,194,375,363" oya="2" hai0="76,60,51,30,98,87,41,99,45,85,121,129,65" hai1="52,13,104,55,124,103,62,86,56,78,72,134,43" hai2="39,20,9,57,122,119,63,11,66,28,96,58,34" hai3="35,33,94,91,89,4,131,17,37,115,128,8,70"/><V126/><F39/><W71/><G37/><T67/><D121/><U83/><E134/><V0/><F122/><W95/><G17/><T3/><D3/><U24/><E124/><V19/><F119/><W82/><G82/><T130/><D76/><U42/><E13/><V69/><F126/><W49/><G49/><T50/><D30/><U23/><E55/><V120/><F120/><W6/><REACH who="3" step="1"/><G8/><REACH who="3" ten="68,194,375,353" step="2"/><T64/><D60/><U10/><E10/><V38/><F38/><W123/><G123/><T22/><D51/><U93/><E72/><V73/><F73/><W108/><G108/><T5/><D5/><U125/><E125/><V92/><F11/><W29/><G29/><T117/><D117/><U80/><E80/><V12/><F0/><W61/><G61/><T133/><D133/><U114/><E114/><AGARI ba="1,1" hai="4,6,33,35,70,71,89,91,94,95,114,115,128,131" machi="114" ten="25,3200,0" yaku="1,1,22,2,53,0" doraHai="16" doraHaiUra="105" who="3" fromWho="1" sc="68,0,194,-35,375,0,353,45" /><INIT seed="3,0,0,2,1,71" ten="68,159,375,398" oya="3" hai0="68,49,133,7,36,92,91,106,85,104,119,134,14" hai1="4,73,47,121,60,33,120,35,17,16,107,78,97" hai2="118,122,30,123,70,41,55,115,114,8,5,39,12" hai3="2,62,51,9,64,3,108,31,54,135,65,56,109"/><W25/><G135/><T23/><D119/><U112/><E60/><V130/><F70/><W111/><G9/><T81/><D68/><U117/><E47/><N who="2" m="23999" /><F118/><W125/><G125/><T127/><D7/><U61/><E61/><V101/><F101/><W83/><G83/><T40/><D127/><U13/><E78/><V74/><F74/><W48/><G48/><T79/><D49/><U89/><E97/><V42/><F42/><W67/><G51/><T26/><D14/><U88/><E107/><V93/><F130/><W132/><G132/><T1/><D1/><U116/><E73/><V82/><F82/><W50/><G50/><T29/><D134/><U38/><E38/><V66/><F66/><W99/><G99/><T128/><D128/><U52/><E52/><V84/><F30/><W72/><G72/><T76/><D133/><U6/><E13/><V53/><F93/><W103/><G103/><T22/><D22/><AGARI ba="0,0" hai="2,3,22,25,31,54,56,62,64,65,67,108,109,111" machi="22" ten="50,4800,0" yaku="14,1,10,1" doraHai="71" who="3" fromWho="0" sc="68,-48,159,0,375,0,398,48" owari="20,-48.0,159,-24.0,375,18.0,446,54.0" /></mjloggm>