<mjloggm ver="2.3"><GO type="169" lobby="0"/><UN n0="%E7%89%8C%E5%BB%83%E4%BA%BA" n1="%E3%82%A6%E3%83%AB%E3%83%88%E3%83%A9%E7%AB%8B%E7%9B%B4" n2="%E3%83%89%E3%83%A9%EF%BC%91%EF%BC%92%EF%BC%90%EF%BC%85" n3="%56%69%56%49" dan="17,16,16,16" rate="2239.96,2141.47,2087.89,2119.64" sx="M,M,M,M"/><TAIKYOKU oya="0"/><INIT seed="0,0,0,3,5,50" ten="250,250,250,250" oya="0" hai0="79,34,55,53,128,100,108,114,5,52,94,15,23" hai1="97,126,106,22,1,16,127,57,60,81,54,71,119" hai2="19,42,83,17,78,9,32,40,129,69,82,12,77" hai3="18,2,41,45,85,63,133,105,8,132,104,96,20"/><T107/><D114/><U101/><E119/><V37/><F69/><W61/><G85/><T95/><D34/><U65/><E1/><V110/><F32/><W76/><G76/><T120/><D120/><U103/><E103/><V118/><F118/><W84/><G84/><T59/><D107/><U115/><E81/><V13/><F37/><W56/><G63/><N who="0" m="36327" /><D128/><U27/><REACH who="1" step="1"/><E115/><REACH who="1" ten="250,240,250,250" step="2"/><V135/><F129/><W10/><G2/><T24/><D100/><U46/><E46/><V33/><F83/><W11/><G45/><T75/><D75/><U36/><E36/><V123/><F82/><W4/><G133/><T3/><D3/><U67/><E67/><V0/><F0/><W21/><G132/><T28/><D79/><U93/><E93/><N who="0" m="35337" /><D108/><U72/><E72/><V91/><F78/><W98/><G105/><T130/><D130/><U86/><E86/><V6/><F77/><W102/><G104/><T116/><D116/><U121/><E121/><V74/><F74/><W89/><G102/><T113/><D113/><U35/><E35/><V92/><F33/><W134/><G134/><T58/><D58/><U25/><E25/><V64/><F110/><W125/><G98/><T112/><D112/><U31/><E31/><V26/><F123/><W131/><G96/><T87/><D87/><U48/><AGARI ba="0,1" hai="16,22,27,48,54,57,60,65,71,97,101,106,126,127" machi="48" ten="30,7900,0" yaku="1,1,0,1,52,1,54,1,53,0" doraHai="50" doraHaiUra="29" who="1" fromWho="1" sc="250,-39,240,89,250,-20,250,-20" /><INIT seed="1,0,0,5,3,40" ten="211,329,230,230" oya="1" hai0="56,7,130,72,33,100,60,38,48,92,124,75,134" hai1="133,20,89,55,44,112,19,52,43,79,0,9,101" hai2="30,15,69,135,61,73,123,70,76,68,16,116,37" hai3="127,80,82,27,117,41,22,111,106,96,6,42,81"/><U102/><E112/><V108/><F116/><W86/><G117/><T23/><D33/><U17/><E133/><V29/><F123/><W88/><G127/><T126/><D38/><U71/><E71/><V11/><F108/><W132/><G111/><T78/><D134/><U35/><E35/><V121/><F121/><W4/><G106/><T65/><D130/><U109/><E109/><V10/><F135/><W110/><G96/><N who="0" m="59399" /><D7/><N who="3" m="2601" /><G110/><T98/><D78/><U51/><E79/><V91/><F37/><W118/><G118/><T24/><D98/><U1/><E1/><V26/><F11/><W64/><G64/><T97/><D48/><U113/><E113/><V3/><F3/><W28/><G132/><T59/><D59/><U105/><E105/><V21/><F91/><W31/><G31/><N who="0" m="17823" /><D97/><U95/><E0/><V32/><F32/><W129/><G129/><T54/><D54/><N who="1" m="20523" /><E9/><V36/><F36/><W83/><AGARI ba="0,0" hai="22,27,28,41,42,80,81,82,83,86,88" m="2601" machi="83" ten="30,2000,0" yaku="8,1,54,1" doraHai="40" who="3" fromWho="3" sc="211,-5,329,-10,230,-5,230,20" /><INIT seed="2,0,0,5,4,64" ten="206,319,225,250" oya="2" hai0="75,69,28,111,66,51,81,0,9,106,41,128,108" hai1="104,74,96,126,135,85,54,132,98,13,25,105,95" hai2="67,10,3,18,52,118,6,46,19,34,133,76,8" hai3="49,30,122,32,121,102,7,14,110,68,93,40,88"/><V62/><F118/><W65/><G110/><N who="0" m="42027" /><D106/><U113/><E13/><V92/><F133/><W127/><G102/><T83/><D75/><U20/><E74/><V59/><F34/><W36/><G36/><T125/><D28/><U16/><E113/><V97/><F76/><W61/><G127/><T21/><D21/><U109/><E109/><V1/><F46/><W11/><G40/><T29/><D29/><U87/><E54/><V17/><F67/><W90/><G49/><T82/><D128/><U56/><E56/><V53/><F53/><W70/><G90/><T89/><D125/><U99/><E126/><V134/><F134/><N who="1" m="51241" /><E95/><V45/><F45/><W12/><G12/><T55/><D41/><U39/><E39/><V103/><REACH who="2" step="1"/><F19/><REACH who="2" ten="206,319,215,250" step="2"/><W100/><G122/><T2/><D55/><U114/><E114/><V71/><F71/><W47/><G121/><T120/><D120/><U43/><E43/><V38/><F38/><W44/><G70/><T24/><D66/><U130/><E130/><V57/><F57/><W37/><G37/><T27/><D69/><U4/><E105/><V63/><F63/><W77/><G77/><T58/><D58/><U26/><E104/><V86/><F86/><W50/><G50/><T35/><D51/><U15/><E87/><V131/><F131/><W117/><G117/><T31/><D35/><U22/><E85/><V91/><F91/><W129/><G129/><T94/><D89/><U5/><E15/><V79/><F79/><W23/><G32/><T73/><D73/><U119/><E119/><V123/><F123/><W112/><G88/><RYUUKYOKU ba="0,1" sc="206,-15,319,15,215,15,250,-15" hai1="4,5,16,20,22,25,26,96,98,99" hai2="1,3,6,8,10,17,18,52,59,62,92,97,103" /><INIT seed="2,1,1,1,1,82" ten="191,334,230,235" oya="2" hai0="79,5,67,0,56,40,102,121,32,57,51,58,2" hai1="68,117,80,14,29,50,74,104,112,123,1,21,61" hai2="133,42,134,26,19,124,73,54,72,71,9,110,103" hai3="66,24,48,91,118,99,11,15,77,4,89,60,10"/><V83/><F71/><W88/><G118/><T52/><D121/><U25/><E117/><V7/><F124/><W37/><G37/><T105/><D32/><U116/><E116/><V130/><F130/><W12/><G77/><T101/><D105/><U92/><E104/><V86/><F42/><W95/><G48/><T94/><D40/><U35/><E112/><V108/><F103/><N who="0" m="39434" /><D2/><U47/><E1/><N who="2" m="239" /><F54/><W70/><REACH who="3" step="1"/><G24/><REACH who="3" ten="191,334,230,225" step="2"/><T120/><D79/><U97/><E50/><V30/><F73/><W38/><G38/><T131/><D120/><U85/><E25/><V49/><F49/><W63/><G63/><T98/><D51/><U125/><E61/><V41/><F72/><W31/><G31/><T115/><D131/><U64/><E29/><V16/><F30/><W44/><G44/><T62/><D62/><U28/><E47/><V36/><F36/><W129/><G129/><T43/><D43/><U87/><E28/><V45/><F45/><W6/><AGARI ba="1,2" hai="4,6,10,11,12,15,60,66,70,88,89,91,95,99" machi="6" ten="20,8000,1" yaku="1,1,0,1,7,1,9,1,54,1,53,0" doraHai="82" doraHaiUra="39" who="3" fromWho="3" sc="191,-21,334,-21,230,-41,225,103" /><INIT seed="3,0,0,5,3,81" ten="170,313,189,328" oya="3" hai0="90,43,101,71,41,109,16,88,32,93,21,120,134" hai1="11,132,14,77,26,127,115,87,46,40,48,135,76" hai2="47,133,94,73,121,24,131,1,15,95,49,55,99" hai3="30,89,84,104,3,123,82,45,17,125,27,12,70"/><W80/><G3/><T28/><D120/><U35/><E127/><V38/><F1/><W36/><G104/><T62/><D32/><U68/><E68/><V25/><F73/><W2/><G2/><T107/><D107/><U96/><E96/><V37/><F121/><W6/><G70/><T61/><D28/><N who="1" m="19863" /><E115/><V98/><F133/><N who="1" m="51273" /><E87/><V128/><F15/><W8/><G123/><T103/><D134/><U116/><E116/><V110/><F38/><W86/><G125/><T111/><D71/><U119/><E119/><V106/><F37/><W112/><G112/><T33/><D33/><U64/><E64/><V10/><F106/><W126/><G126/><T69/><D69/><U42/><E42/><V67/><F67/><W53/><G36/><T0/><D0/><U75/><E75/><V100/><F55/><W59/><G45/><T5/><D93/><U60/><E60/><V4/><F47/><W114/><G114/><T52/><D5/><AGARI ba="0,0" hai="5,11,14,40,46,48,76,77" m="51273,19863" machi="5" ten="30,1000,0" yaku="20,1" doraHai="81" who="1" fromWho="0" sc="170,-10,313,10,189,0,328,0" /><INIT seed="4,0,0,1,4,104" ten="160,323,189,328" oya="0" hai0="91,73,6,117,28,59,75,74,15,26,30,53,118" hai1="130,135,81,3,111,106,50,123,84,129,58,36,99" hai2="25,38,4,67,107,133,54,134,98,8,63,9,66" hai3="33,61,114,7,57,32,16,13,64,60,48,93,34"/><T21/><D30/><U18/><E36/><V44/><F25/><W41/><G114/><T11/><REACH who="0" step="1"/><D91/><REACH who="0" ten="150,323,189,328" step="2"/><U68/><E123/><V132/><F132/><W112/><G112/><T40/><D40/><U22/><E135/><V0/><F134/><W70/><G34/><T82/><D82/><U43/><E43/><V55/><F133/><W120/><G33/><T96/><D96/><U121/><E99/><V77/><F98/><W56/><G32/><T124/><D124/><U127/><E127/><V46/><F107/><W1/><G120/><T101/><D101/><U72/><E106/><V35/><F35/><W37/><G41/><T47/><D47/><U100/><E100/><V105/><F105/><W109/><G37/><T71/><D71/><U108/><E81/><V90/><F90/><W113/><G70/><T78/><D78/><U110/><E68/><V45/><F77/><W92/><G113/><T62/><AGARI ba="0,1" hai="6,11,15,21,26,28,53,59,62,73,74,75,117,118" machi="62" ten="30,12000,1" yaku="1,1,0,1,52,3,53,0" doraHai="104" doraHaiUra="12" who="0" fromWho="0" sc="150,130,323,-40,189,-40,328,-40" /><INIT seed="4,1,0,2,1,41" ten="280,283,149,288" oya="0" hai0="110,113,118,8,82,130,91,89,2,127,86,104,129" hai1="7,128,74,55,23,15,87,59,66,101,36,1,19" hai2="18,61,88,25,12,123,33,83,27,28,135,117,78" hai3="134,100,52,84,70,29,58,6,90,67,42,26,47"/><T119/><D2/><U53/><E74/><V111/><F123/><W21/><G134/><T24/><D8/><U40/><E128/><N who="0" m="49257" /><D24/><U16/><E7/><V3/><F135/><W124/><G124/><T49/><D127/><U45/><E1/><V62/><F3/><W65/><G70/><T44/><D104/><U107/><E87/><V32/><F111/><W114/><G100/><T64/><D110/><U14/><E66/><V92/><F117/><N who="0" m="44554" /><D64/><U69/><E69/><V68/><F68/><W106/><G106/><T13/><D13/><U35/><E35/><V99/><F27/><W76/><G114/><T39/><D39/><U122/><E122/><V132/><F33/><W109/><G109/><T115/><D91/><U51/><E55/><AGARI ba="1,0" hai="44,49,55,82,86,89,113,115" m="44554,49257" machi="55" ten="30,2900,0" yaku="19,1,52,1" doraHai="41" who="0" fromWho="1" sc="280,32,283,-32,149,0,288,0" /><INIT seed="4,2,0,1,4,33" ten="312,251,149,288" oya="0" hai0="73,97,72,16,88,75,54,123,63,121,61,19,103" hai1="118,124,126,120,8,48,109,43,132,46,107,38,106" hai2="125,119,99,90,65,4,0,89,5,27,24,49,37" hai3="71,10,55,77,6,117,53,110,62,70,95,116,3"/><T127/><D127/><N who="1" m="48683" /><E120/><V28/><F37/><W84/><G110/><T56/><D63/><U69/><E109/><V47/><F125/><W58/><G55/><T25/><D19/><U66/><E118/><V21/><F119/><W94/><G117/><T79/><D79/><U78/><E132/><V15/><F65/><W80/><G116/><T22/><REACH who="0" step="1"/><D88/><REACH who="0" ten="302,251,149,288" step="2"/><U115/><E78/><V39/><F90/><W57/><REACH who="3" step="1"/><G57/><REACH who="3" ten="302,251,149,278" step="2"/><T51/><D51/><U50/><E48/><V9/><F49/><W111/><G111/><T122/><D122/><U96/><E50/><V67/><F39/><W52/><G52/><T81/><D81/><U11/><E66/><V128/><F67/><W114/><G114/><T36/><D36/><U13/><E115/><V2/><F128/><W104/><G104/><AGARI ba="2,2" hai="16,22,25,54,56,61,72,73,75,97,103,104,121,123" machi="104" ten="40,3900,0" yaku="1,1,54,1,53,0" doraHai="33" doraHaiUra="60" who="0" fromWho="3" sc="302,65,251,0,149,0,278,-45" /><INIT seed="4,3,0,4,3,34" ten="367,251,149,233" oya="0" hai0="112,73,8,126,131,33,108,0,107,121,56,91,49" hai1="64,6,40,20,86,98,2,16,114,39,104,109,123" hai2="128,110,59,74,31,41,69,96,130,129,37,62,61" hai3="3,13,9,124,76,87,92,101,105,80,26,4,51"/><T42/><RYUUKYOKU type="yao9" ba="3,0" sc="367,0,251,0,149,0,233,0" hai0="0,8,33,42,49,56,73,91,107,108,112,121,126,131" /><INIT seed="4,4,0,1,3,0" ten="367,251,149,233" oya="0" hai0="116,122,33,52,117,21,9,100,19,83,121,55,102" hai1="110,73,111,40,47,2,14,86,97,50,71,35,115" hai2="133,81,26,135,124,63,7,67,56,127,4,37,107" hai3="12,65,38,80,101,54,131,104,87,42,128,103,45"/><T13/><D83/><U16/><E73/><V28/><F107/><W64/><G54/><T58/><D55/><U130/><E35/><N who="2" m="20887" /><F37/><W123/><G123/><N who="0" m="47115" /><D100/><N who="3" m="38473" /><G104/><T78/><D78/><U85/><E2/><V34/><F34/><W60/><G60/><T70/><D58/><U32/><E32/><V98/><F98/><W129/><G12/><N who="0" m="9447" /><D52/><U109/><E71/><V90/><F90/><AGARI ba="4,0" hai="38,42,45,64,65,80,87,90,128,129,131" m="38473" machi="90" ten="30,1000,0" yaku="19,1" doraHai="0" who="3" fromWho="2" sc="367,0,251,0,149,-22,233,22" /><INIT seed="5,0,0,5,2,80" ten="367,251,127,255" oya="1" hai0="56,111,132,29,107,41,50,96,44,13,89,77,33" hai1="23,2,72,103,87,104,126,24,98,61,1,46,119" hai2="36,30,115,28,8,11,4,88,15,54,25,39,113" hai3="114,52,19,16,31,85,124,32,91,99,14,133,22"/><U40/><E72/><V83/><F54/><W102/><G133/><T118/><D111/><U57/><E126/><V43/><F43/><W86/><G124/><T63/><D118/><U130/><E130/><V68/><F68/><W122/><G114/><N who="2" m="43529" /><F11/><W67/><G67/><T62/><D107/><U76/><E119/><V58/><F58/><W6/><G122/><T34/><D34/><U47/><E47/><V90/><F30/><W45/><G102/><T51/><D33/><U20/><E23/><N who="2" m="15423" /><F90/><W95/><G32/><T97/><D29/><U100/><E20/><V38/><F38/><W66/><G66/><T127/><D132/><U71/><E71/><V10/><F10/><N who="3" m="4439" /><G31/><T12/><D127/><U21/><E21/><V125/><F125/><W128/><G128/><T106/><D89/><U105/><E24/><V55/><F55/><W131/><G131/><T82/><D41/><U112/><E112/><V48/><F48/><N who="3" m="28687" /><G16/><T26/><D26/><AGARI ba="0,0" hai="19,22,26,85,86,91,95,99" m="28687,4439" machi="26" ten="30,7700,0" yaku="8,1,52,2,54,1" doraHai="80" who="3" fromWho="0" sc="367,-77,251,0,127,0,255,77" /><INIT seed="6,0,0,2,1,129" ten="290,251,127,332" oya="2" hai0="85,100,59,115,4,72,65,45,1,5,102,83,84" hai1="42,96,71,8,55,21,44,97,64,12,135,122,90" hai2="95,87,130,66,33,128,6,11,7,43,57,20,69" hai3="111,88,24,52,105,18,15,58,119,41,23,109,30"/><V121/><F33/><W110/><G105/><T91/><D72/><U103/><E21/><V104/><F104/><W2/><G2/><T3/><D3/><U126/><E55/><V77/><F69/><W131/><G41/><T107/><D1/><U49/><E90/><N who="2" m="53727" /><F77/><W16/><G131/><N who="2" m="50217" /><F121/><W106/><G106/><T56/><D107/><U40/><E126/><V93/><F43/><W32/><G119/><T125/><D115/><U51/><E122/><V29/><F93/><W37/><G37/><T54/><D125/><U80/><E80/><V9/><F29/><W48/><G18/><T14/><D84/><U31/><E31/><V27/><F27/><W118/><G118/><T99/><D99/><U108/><E71/><V75/><F75/><W60/><G88/><T35/><D35/><U78/><E78/><V17/><F20/><W34/><G34/><T132/><D83/><U117/><E117/><V123/><F123/><W116/><G116/><T19/><D91/><U0/><E42/><V67/><F67/><W112/><G112/><T76/><D65/><U63/><E64/><V50/><F50/><W39/><G39/><T28/><D28/><U101/><E51/><V124/><F124/><W89/><G89/><T62/><D76/><U120/><E49/><V133/><F133/><W61/><AGARI ba="0,0" hai="15,16,23,24,30,32,48,52,58,60,61,109,110,111" machi="61" ten="40,5200,0" yaku="0,1,54,2" doraHai="129" who="3" fromWho="3" sc="290,-13,251,-13,127,-26,332,52" /><INIT seed="7,0,0,5,3,56" ten="277,238,101,384" oya="3" hai0="28,78,50,30,71,124,102,125,24,11,43,60,3" hai1="23,13,70,109,6,83,115,4,101,120,17,59,127" hai2="73,103,89,85,63,75,61,44,100,128,35,25,47" hai3="41,14,77,67,116,96,38,2,86,5,22,129,10"/><W12/><G116/><T21/><D78/><U54/><E70/><V57/><F57/><W20/><G129/><T108/><D108/><U133/><E109/><V117/><F85/><W106/><G67/><N who="0" m="41447" /><D102/><U94/><E127/><N who="0" m="48713" /><D43/><U88/><E133/><V134/><F25/><W87/><G106/><T121/><D121/><U33/><E115/><V119/><F35/><W39/><G96/><T104/><D104/><U69/><E69/><V66/><F66/><W110/><G110/><T53/><D11/><U76/><E120/><V82/><F82/><W58/><G41/><T19/><D3/><U0/><E0/><V81/><F81/><W16/><G58/><AGARI ba="0,0" hai="19,21,24,28,30,50,53,58" m="48713,41447" machi="58" ten="30,2000,0" yaku="18,1,52,1" doraHai="56" who="0" fromWho="3" sc="277,20,238,0,101,0,384,-20" owari="297,10.0,238,-16.0,101,-40.0,364,46.0" /></mjloggm>