<mjloggm ver="2.3"><GO type="169" lobby="0"/><UN n0="%E3%82%AB%E3%83%96%E3%83%88" n1="%61%72%6F%65%35%2E" n2="%E3%83%AD%E3%83%83%E3%83%86%E9%9B%80%E7%90%83" n3="%E3%82%A6%E3%83%AB%E3%83%88%E3%83%A9%E7%AB%8B%E7%9B%B4" dan="17,16,17,17" rate="2151.36,2077.27,2160.63,2161.12" sx="M,M,M,M"/><TAIKYOKU oya="0"/><INIT seed="0,0,0,2,3,84" ten="250,250,250,250" oya="0" hai0="92,11,33,116,112,14,83,70,5,74,98,63,110" hai1="76,79,68,73,109,10,89,51,15,82,31,22,65" hai2="99,46,29,71,9,97,47,80,56,60,134,95,107" hai3="6,96,133,1,131,2,94,43,26,81,16,40,37"/><T64/><D116/><U90/><E109/><V113/><F113/><W59/><G131/><T21/><D33/><U4/><E79/><V42/><F134/><W61/><G133/><T18/><D112/><U8/><E8/><V86/><F71/><W54/><G2/><T125/><D125/><U7/><E7/><V0/><F107/><W48/><G37/><T27/><D110/><U91/><E68/><V120/><F120/><W20/><G81/><T111/><D111/><U28/><E65/><V57/><F29/><W128/><G128/><T130/><D130/><U121/><E121/><V104/><F104/><W103/><G6/><T13/><D83/><U127/><E127/><V129/><F129/><W75/><G75/><T100/><REACH who="0" step="1"/><D74/><REACH who="0" ten="240,250,250,250" step="2"/><U38/><E38/><V52/><F80/><W23/><G1/><AGARI ba="0,1" hai="1,5,11,13,14,18,21,27,63,64,70,92,98,100" machi="1" ten="30,5800,0" yaku="1,1,2,1,7,1,53,0" doraHai="84" doraHaiUra="36" who="0" fromWho="3" sc="240,68,250,0,250,0,250,-58" /><INIT seed="0,1,0,3,3,60" ten="308,250,250,192" oya="0" hai0="122,78,22,14,48,118,27,92,80,100,87,108,114" hai1="75,32,116,93,19,107,130,1,10,3,69,91,101" hai2="89,23,16,42,67,99,51,104,112,133,8,34,123" hai3="85,71,126,110,59,63,86,35,4,98,43,105,70"/><T26/><D118/><U40/><E116/><V7/><F112/><W106/><G126/><T72/><D114/><U13/><E75/><V128/><F123/><W73/><G73/><T39/><D39/><U129/><E32/><V88/><F34/><W124/><G124/><T21/><D122/><U57/><E69/><V96/><F133/><W37/><G110/><T53/><D108/><U17/><E40/><V41/><F128/><N who="1" m="49257" /><E101/><V52/><F67/><W62/><G35/><T36/><D36/><U119/><E107/><V54/><F104/><W46/><G4/><T120/><D120/><U5/><E119/><V49/><F7/><W44/><G37/><T81/><D100/><U84/><E57/><N who="2" m="32911" /><F8/><W38/><G59/><T28/><D92/><U66/><E66/><V117/><F117/><W56/><G56/><T76/><D14/><N who="1" m="5455" /><E17/><V90/><F42/><W82/><G38/><T2/><D2/><U68/><E68/><V20/><F41/><W11/><G43/><T12/><D12/><U131/><N who="1" m="49265" /><U83/><DORA hai="121" /><E93/><V0/><F0/><W111/><G111/><T61/><D61/><U109/><E109/><V65/><F65/><W30/><G63/><T25/><REACH who="0" step="1"/><D22/><AGARI ba="1,0" hai="1,3,13,19,22,83,84,91" m="5455,49265" machi="22" ten="40,1300,0" yaku="19,1" doraHai="60,121" who="1" fromWho="0" sc="308,-16,250,16,250,0,192,0" /><INIT seed="1,0,0,2,0,131" ten="292,266,250,192" oya="1" hai0="112,46,122,19,34,58,10,82,97,84,104,127,94" hai1="119,47,53,124,120,29,30,27,75,62,37,123,57" hai2="121,92,88,59,16,44,5,26,60,68,11,129,31" hai3="17,105,89,71,22,109,126,15,95,111,65,49,7"/><U12/><E119/><V66/><F129/><W91/><G105/><T86/><D112/><U81/><E124/><V14/><F121/><W4/><G126/><T107/><D127/><U63/><E63/><V100/><F100/><W69/><G49/><T41/><D34/><U101/><E101/><V39/><F68/><W118/><G118/><T76/><D86/><U93/><E93/><V96/><F5/><W3/><G91/><T24/><D58/><U114/><E114/><V99/><F99/><W45/><G45/><T18/><D122/><U13/><E30/><V51/><F39/><W23/><G23/><T74/><D74/><U130/><E130/><V80/><F80/><W61/><G71/><T43/><D43/><U133/><E120/><V67/><F67/><W1/><G7/><T90/><D19/><U25/><E25/><V116/><F116/><W0/><REACH who="3" step="1"/><G4/><REACH who="3" ten="292,266,250,182" step="2"/><T55/><D41/><U72/><E47/><V77/><F77/><W54/><G54/><T64/><D55/><U35/><E53/><V106/><F106/><W8/><G8/><T134/><D46/><U6/><E6/><V40/><F26/><W73/><G73/><T2/><D24/><U103/><E27/><V85/><F85/><AGARI ba="0,1" hai="0,1,3,15,17,22,61,65,69,85,89,95,109,111" machi="85" ten="40,1300,0" yaku="1,1,53,0" doraHai="131" doraHaiUra="42" who="3" fromWho="2" sc="292,0,266,0,250,-13,182,23" /><INIT seed="2,0,0,2,5,93" ten="292,266,237,205" oya="2" hai0="86,130,48,61,70,46,75,127,83,114,121,103,76" hai1="0,44,9,6,96,132,7,30,77,38,66,32,123" hai2="101,47,95,74,68,67,133,111,25,8,52,104,79" hai3="88,100,98,65,26,63,89,91,56,22,135,85,119"/><V50/><F133/><W37/><G37/><T20/><D121/><U71/><E132/><V18/><F111/><W13/><G119/><T69/><D114/><U2/><E123/><V54/><F104/><W129/><G135/><T11/><D130/><U131/><E131/><V113/><F113/><W120/><G120/><T1/><D127/><U117/><E117/><V35/><F54/><W40/><G40/><T112/><D112/><U14/><E77/><V118/><F118/><W24/><G129/><T62/><D20/><U87/><E87/><V10/><F68/><W78/><G13/><T16/><D103/><U106/><E44/><V58/><F74/><W19/><G26/><T39/><D39/><U107/><E38/><V17/><F79/><W28/><G19/><N who="2" m="7177" /><F25/><W115/><G115/><T29/><D29/><U72/><E72/><V109/><F35/><W53/><G53/><T125/><D125/><U97/><E30/><V128/><F109/><W57/><G57/><T94/><D1/><U31/><E31/><V102/><F128/><W84/><REACH who="3" step="1"/><G78/><REACH who="3" ten="292,266,237,195" step="2"/><T82/><D70/><U108/><E71/><V12/><F12/><W33/><G33/><T124/><D69/><U3/><E32/><V43/><F43/><W49/><G49/><T134/><D124/><U110/><E0/><V42/><F42/><W27/><G27/><T4/><D134/><U15/><E9/><N who="2" m="3691" /><F58/><W59/><G59/><T122/><D76/><U55/><E55/><V81/><F52/><W45/><G45/><T36/><D46/><U64/><AGARI ba="0,1" hai="2,3,6,7,14,15,64,66,96,97,106,107,108,110" machi="64" ten="25,8000,1" yaku="0,1,22,2,52,2" doraHai="93" who="1" fromWho="1" sc="292,-20,266,90,237,-40,195,-20" /><INIT seed="3,0,0,3,5,88" ten="272,356,197,175" oya="3" hai0="17,68,40,127,126,70,31,84,63,53,36,107,120" hai1="3,26,2,64,125,94,80,130,83,75,9,50,20" hai2="45,16,62,106,7,5,61,66,42,89,96,92,73" hai3="76,118,102,98,131,13,133,103,27,43,37,132,14"/><W19/><G118/><T86/><D120/><U67/><E125/><N who="0" m="47625" /><D107/><U24/><E50/><V112/><F112/><W52/><G131/><T54/><D31/><U6/><E130/><V49/><F73/><W77/><G43/><T18/><D40/><U32/><E32/><V30/><F30/><W115/><G37/><T123/><D123/><U38/><E38/><V128/><F128/><W11/><G115/><T82/><D36/><U90/><E3/><V39/><F39/><W97/><G27/><T81/><D63/><U85/><E26/><V72/><F72/><W79/><G52/><N who="0" m="20075" /><D18/><U95/><E75/><V111/><F111/><W59/><G59/><T78/><D17/><U114/><E114/><V99/><F62/><W4/><G19/><T121/><D121/><U110/><E110/><V15/><F99/><W56/><G56/><T108/><D108/><U122/><E122/><V93/><F93/><W29/><G29/><T23/><D23/><U1/><E1/><V22/><REACH who="2" step="1"/><F106/><REACH who="2" ten="272,356,187,175" step="2"/><W116/><G98/><T74/><D74/><U134/><E94/><V41/><F41/><W10/><G97/><T55/><D55/><U8/><E95/><V0/><F0/><W117/><REACH who="3" step="1"/><G77/><AGARI ba="0,1" hai="68,70,77,78,81,82,84,86" m="20075,47625" machi="77" ten="30,2000,0" yaku="18,1,54,1" doraHai="88" who="0" fromWho="3" sc="272,30,356,0,187,0,175,-20" /><INIT seed="4,0,0,5,4,84" ten="302,356,187,155" oya="0" hai0="78,9,30,43,101,18,26,73,125,91,27,5,118" hai1="61,21,17,81,130,121,135,93,83,31,44,122,132" hai2="55,47,103,72,10,124,6,25,107,8,42,57,95" hai3="48,1,80,134,90,22,23,19,97,3,46,117,99"/><T60/><D118/><U109/><E109/><V32/><F124/><W110/><G117/><T106/><D125/><U66/><E130/><V79/><F107/><W7/><G110/><T40/><D18/><U104/><E104/><V127/><F127/><W86/><G134/><N who="1" m="51242" /><E31/><V36/><F79/><W88/><G7/><T128/><D128/><U35/><E35/><V89/><F72/><W74/><G74/><T126/><D126/><U12/><E44/><V133/><F133/><W65/><G65/><T59/><D101/><U37/><E37/><V64/><F103/><W63/><G63/><T116/><D106/><U51/><E51/><V120/><F64/><W11/><G3/><T68/><D68/><N who="1" m="42063" /><E93/><V45/><F45/><W62/><G62/><T58/><D116/><U15/><E12/><V69/><F69/><W111/><G111/><T53/><D59/><U94/><E94/><V34/><F120/><AGARI ba="0,0" hai="15,17,21,81,83,120,121,122" m="42063,51242" machi="120" ten="30,1000,0" yaku="20,1" doraHai="84" who="1" fromWho="2" sc="302,0,356,10,187,-10,155,0" /><INIT seed="5,0,0,5,3,108" ten="302,366,177,155" oya="1" hai0="114,40,26,81,27,125,17,76,128,106,123,95,69" hai1="87,0,109,133,112,50,75,90,131,48,54,29,79" hai2="94,42,53,101,100,39,14,86,21,28,38,52,35" hai3="59,62,111,2,6,115,121,5,130,71,77,80,135"/><U113/><E0/><V9/><F35/><W67/><G111/><T19/><D106/><U65/><E109/><V43/><F38/><W7/><G121/><T1/><D69/><U24/><E133/><V72/><F72/><W11/><G135/><T8/><D123/><U82/><E65/><V34/><F34/><W99/><G130/><T132/><D132/><U119/><E119/><V68/><F68/><W98/><G115/><N who="1" m="44106" /><E54/><N who="2" m="21099" /><F39/><W22/><G59/><T30/><D125/><U41/><E41/><N who="2" m="15371" /><F21/><W60/><G60/><T124/><D124/><U32/><E131/><V45/><F28/><W85/><G22/><T122/><D40/><U117/><E117/><V33/><F33/><W104/><G104/><T105/><D105/><U49/><E49/><V20/><F20/><W74/><G2/><T118/><D118/><U10/><E10/><V13/><F45/><W91/><REACH who="3" step="1"/><G11/><REACH who="3" ten="302,366,177,145" step="2"/><T88/><D8/><U83/><AGARI ba="0,1" hai="24,29,32,48,50,75,79,82,83,87,90" m="44106" machi="83" ten="30,11700,0" yaku="15,1,52,3" doraHai="108" who="1" fromWho="1" sc="302,-39,366,127,177,-39,145,-39" /><INIT seed="5,1,0,4,5,65" ten="263,493,138,106" oya="1" hai0="133,29,46,14,109,118,55,85,75,103,76,72,30" hai1="36,23,74,5,84,12,117,54,64,20,135,31,26" hai2="2,82,102,34,70,131,108,71,40,105,78,113,79" hai3="124,32,68,121,112,88,107,58,126,80,52,106,13"/><U38/><E117/><V9/><F79/><W99/><G121/><T28/><D118/><U18/><E74/><N who="2" m="43351" /><F108/><W96/><G32/><T90/><D109/><U24/><E135/><V11/><F11/><W100/><G13/><T19/><D133/><U56/><E64/><V95/><F95/><N who="3" m="56423" /><G80/><T45/><D103/><U97/><E97/><N who="2" m="61647" /><F131/><W91/><G91/><T43/><D76/><U10/><REACH who="1" step="1"/><E84/><REACH who="1" ten="263,483,138,106" step="2"/><V44/><F113/><W132/><G132/><T33/><D72/><U39/><E39/><N who="2" m="21535" /><F34/><W42/><G112/><T98/><D75/><U21/><E21/><V66/><F66/><W81/><G99/><T62/><D33/><U27/><E27/><V83/><F83/><W89/><G81/><T127/><D85/><U119/><E119/><V93/><F93/><W16/><G106/><T49/><D98/><U110/><E110/><V86/><F86/><W7/><G107/><T120/><D120/><U53/><E53/><V69/><F69/><W41/><G52/><T35/><D35/><U101/><E101/><V48/><F48/><AGARI ba="1,1" hai="5,10,12,18,20,23,24,26,31,36,38,48,54,56" machi="48" ten="30,5800,0" yaku="1,1,7,1,53,1" doraHai="65" doraHaiUra="25" who="1" fromWho="2" sc="263,0,483,71,138,-61,106,0" /><INIT seed="5,2,0,0,0,41" ten="263,554,77,106" oya="1" hai0="52,131,15,69,65,94,63,59,127,76,53,84,120" hai1="103,58,71,43,56,106,105,51,40,12,45,29,39" hai2="118,4,10,18,21,104,72,135,16,13,24,80,38" hai3="48,30,49,90,95,87,134,50,126,42,88,129,107"/><U3/><E71/><V7/><F104/><W79/><G107/><T28/><D120/><U2/><E29/><V97/><F38/><W68/><G68/><T78/><D131/><U6/><E12/><V19/><F97/><N who="3" m="57575" /><G129/><T124/><D28/><U25/><E25/><V77/><F118/><W26/><G126/><N who="0" m="48171" /><D15/><U108/><E108/><V123/><F123/><W66/><G134/><T125/><D125/><U20/><E20/><V47/><F135/><W44/><G66/><T119/><D119/><U34/><E34/><V133/><F133/><W70/><G70/><T115/><D115/><U1/><E6/><V11/><REACH who="2" step="1"/><F47/><REACH who="2" ten="263,554,67,106" step="2"/><W110/><G110/><T100/><D100/><U89/><E39/><V130/><F130/><W122/><G122/><T46/><D46/><U73/><E45/><V60/><F60/><W83/><G79/><T109/><D109/><U128/><E103/><V54/><F54/><W102/><G102/><T31/><D53/><U37/><E128/><V61/><F61/><W14/><G44/><T67/><D67/><U98/><E37/><V92/><F92/><W0/><G42/><T85/><D94/><U57/><E40/><V32/><F32/><W82/><G50/><T64/><D64/><U22/><E51/><V27/><F27/><W81/><G49/><T112/><D65/><U116/><E43/><V101/><F101/><W86/><G48/><T132/><D132/><U114/><E106/><V99/><F99/><W23/><G90/><T8/><D63/><U17/><E105/><V33/><F33/><N who="3" m="20695" /><G0/><AGARI ba="2,1" hai="0,4,7,10,11,13,16,18,19,21,24,72,77,80" machi="0" ten="30,3900,0" yaku="1,1,7,1,54,1,53,0" doraHai="41" doraHaiUra="91" who="2" fromWho="3" sc="263,0,554,0,67,55,106,-45" /><INIT seed="6,0,0,4,1,93" ten="263,554,122,61" oya="2" hai0="117,28,91,72,116,130,88,135,109,5,81,8,108" hai1="113,61,43,133,47,30,77,119,95,52,3,12,20" hai2="49,59,69,132,53,51,134,4,34,24,55,118,115" hai3="78,70,67,129,42,68,37,11,126,84,66,9,48"/><V75/><F115/><W25/><G84/><T65/><D28/><U110/><E110/><V44/><F118/><N who="0" m="45674" /><D65/><N who="3" m="24585" /><G78/><N who="0" m="44231" /><D135/><N who="2" m="51754" /><F75/><W26/><G37/><T31/><D31/><U74/><E3/><V111/><F111/><N who="0" m="42570" /><D130/><U29/><E29/><N who="2" m="19751" /><F4/><W92/><G92/><T103/><D103/><U99/><E30/><V114/><F114/><W102/><G102/><T79/><D79/><U105/><E77/><V19/><F19/><W40/><G48/><T36/><D36/><U101/><E74/><V104/><F104/><W22/><G22/><T100/><D100/><U97/><E105/><V85/><F85/><W1/><G1/><AGARI ba="0,0" hai="1,5,8,88,91" m="42570,44231,45674" machi="1" ten="30,2000,0" yaku="12,1,54,1" doraHai="93" who="0" fromWho="3" sc="263,20,554,0,122,0,61,-20" /><INIT seed="7,0,0,0,0,111" ten="283,554,122,41" oya="3" hai0="92,3,37,54,110,27,30,99,0,53,22,131,69" hai1="104,101,61,47,62,9,40,11,123,126,103,68,113" hai2="58,135,125,84,112,21,52,108,57,96,45,132,105" hai3="51,83,115,74,2,88,32,76,127,122,134,19,55"/><W60/><G122/><T86/><D110/><U67/><E123/><V121/><F112/><W35/><G115/><T128/><D69/><U100/><E113/><V119/><F108/><W64/><G127/><T73/><D73/><U80/><E126/><V28/><F121/><W102/><G134/><N who="2" m="51241" /><F119/><W98/><G2/><T130/><D86/><U71/><E104/><V42/><F125/><W129/><G129/><T4/><D37/><U17/><E80/><V106/><F84/><W93/><G19/><T124/><D124/><U31/><E31/><V82/><F82/><W44/><REACH who="3" step="1"/><G102/><REACH who="3" ten="283,554,122,31" step="2"/><N who="0" m="60775" /><D3/><U34/><E17/><V72/><F28/><W5/><G5/><T120/><D120/><U10/><E103/><V33/><F106/><W16/><G16/><T38/><D0/><U6/><E6/><V65/><F105/><W77/><G77/><T66/><D4/><U109/><E100/><V24/><F33/><W114/><G114/><T107/><D107/><U14/><E34/><V36/><F21/><W25/><G25/><T12/><D27/><U50/><E109/><V7/><F24/><W116/><G116/><T29/><D22/><U23/><E101/><V118/><F7/><W48/><G48/><T91/><D130/><U78/><E78/><V46/><F118/><W70/><AGARI ba="0,1" hai="32,35,44,51,55,60,64,70,74,76,83,88,93,98" machi="70" ten="20,12000,1" yaku="1,1,0,1,7,1,54,1,53,1" doraHai="111" doraHaiUra="75" who="3" fromWho="3" sc="283,-40,554,-40,122,-40,31,130" /><INIT seed="7,1,0,4,2,99" ten="243,514,82,161" oya="3" hai0="121,39,85,3,30,13,124,105,98,10,110,56,27" hai1="86,61,59,65,16,91,108,95,87,90,106,7,119" hai2="47,96,55,120,50,25,49,57,0,79,89,37,19" hai3="107,81,116,63,62,100,133,66,112,2,80,9,127"/><W83/><G116/><T76/><D110/><U20/><E108/><V132/><F0/><W23/><G107/><T32/><D121/><U72/><E119/><V15/><F132/><W53/><G9/><T17/><D39/><U77/><E72/><V52/><F120/><W125/><G112/><T24/><D124/><U41/><E106/><V44/><F37/><W122/><G2/><T113/><D113/><U11/><E41/><V118/><F118/><W109/><G109/><T31/><D56/><U117/><E77/><V129/><F129/><W70/><G23/><T28/><D3/><U54/><E117/><V71/><F71/><W21/><G21/><T84/><D76/><U46/><E7/><V111/><F111/><W82/><G82/><T18/><D18/><U103/><E103/><V1/><F1/><W45/><G100/><T4/><D4/><U114/><E114/><V88/><F79/><W60/><G122/><T34/><D30/><U64/><E46/><V69/><F69/><W67/><G133/><T14/><D14/><N who="1" m="9239" /><E11/><V78/><F78/><W115/><G115/><T42/><D42/><U104/><E104/><V94/><F25/><W38/><G38/><T6/><D6/><U29/><E29/><V51/><F51/><N who="3" m="28911" /><G70/><T22/><D22/><U26/><E26/><V97/><F57/><W36/><G36/><T8/><D8/><U130/><E130/><V102/><F96/><W128/><G128/><T126/><D126/><AGARI ba="1,0" hai="60,62,63,66,67,80,81,83,125,126,127" m="28911" machi="126" ten="40,2000,0" yaku="18,1" doraHai="99" who="3" fromWho="0" sc="243,-23,514,0,82,0,161,23" /><INIT seed="7,2,0,1,2,44" ten="220,514,82,184" oya="3" hai0="130,113,36,23,24,29,114,20,109,64,76,41,135" hai1="86,131,49,56,2,52,111,38,34,7,1,46,27" hai2="21,85,112,116,118,90,53,93,115,8,58,121,97" hai3="9,25,61,42,103,74,87,19,84,126,26,96,104"/><W91/><G74/><T83/><D109/><U65/><E111/><V22/><F8/><W4/><G126/><T133/><D130/><U16/><E131/><V11/><F11/><W51/><G61/><T107/><D107/><U55/><E65/><V40/><F40/><W37/><G37/><T122/><D122/><U39/><E39/><V98/><F121/><W33/><G87/><N who="0" m="48615" /><D64/><U134/><E134/><N who="0" m="51209" /><D23/><U105/><E105/><V73/><F73/><W68/><G68/><T57/><D57/><U31/><E7/><V69/><F69/><W15/><G33/><T10/><D10/><U59/><E59/><V62/><F21/><W0/><G0/><T72/><D72/><U129/><E129/><V50/><F22/><W71/><G71/><T12/><D12/><U89/><E16/><V79/><F62/><W101/><G101/><T80/><D80/><U17/><E17/><V88/><F79/><W82/><REACH who="3" step="1"/><G4/><REACH who="3" ten="220,514,82,174" step="2"/><T81/><D81/><U125/><E125/><V100/><F85/><W94/><G94/><T18/><D29/><U132/><E132/><V117/><REACH who="2" step="1"/><F90/><REACH who="2" ten="220,514,72,174" step="2"/><W30/><G30/><T48/><D36/><U99/><E38/><V14/><F14/><W32/><G32/><T110/><D110/><U106/><E106/><V70/><F70/><W45/><AGARI ba="2,2" hai="9,15,19,25,26,42,45,51,82,84,91,96,103,104" machi="45" ten="30,11700,0" yaku="1,1,0,1,52,1,53,1" doraHai="44" doraHaiUra="43" who="3" fromWho="3" sc="220,-41,514,-41,72,-41,174,143" /><INIT seed="7,3,0,4,4,70" ten="179,473,31,317" oya="3" hai0="62,33,92,65,43,118,2,67,99,11,7,86,89" hai1="49,75,42,26,78,20,50,30,21,5,38,106,72" hai2="105,108,47,102,116,63,31,134,84,24,18,56,69" hai3="115,103,16,23,52,121,132,98,19,9,35,93,104"/><W128/><G121/><T25/><D118/><U13/><E106/><V68/><F108/><W59/><G35/><T8/><D43/><U37/><E50/><V48/><F116/><W77/><G128/><T130/><D130/><U66/><E66/><V117/><F117/><W109/><G115/><T34/><D11/><U51/><E51/><V10/><F134/><W96/><G132/><T125/><D125/><U120/><E120/><V129/><F129/><W61/><G109/><T95/><D25/><U4/><E49/><V55/><F84/><W87/><G77/><T80/><D95/><U53/><E53/><V17/><F10/><W57/><G87/><T36/><D36/><U111/><E111/><V110/><F110/><W27/><G59/><T64/><REACH who="0" step="1"/><D62/><REACH who="0" ten="169,473,31,317" step="2"/><U97/><E97/><V124/><F124/><W58/><G98/><T85/><D85/><U91/><E91/><AGARI ba="3,1" hai="2,7,8,33,34,64,65,67,80,86,89,91,92,99" machi="91" ten="40,2600,0" yaku="1,1,53,1" doraHai="70" doraHaiUra="1" who="0" fromWho="1" sc="169,45,473,-35,31,0,317,0" owari="214,-19.0,438,54.0,31,-47.0,317,12.0" /></mjloggm>