<mjloggm ver="2.3"><GO type="41" lobby="0"/><UN n0="%64%6F%6B" n1="%E5%B0%B1%E6%B4%BB%E7%94%9F%40%E5%B7%9D%E6%9D%91%E8%BB%8D%E5%9B%A3" n2="%E3%81%97%E3%82%8D%E3%83%AF%E3%83%83%E3%82%B5%E3%83%B3" n3="%56%69%74%74%6F" dan="14,15,15,13" rate="2015.49,1966.41,1973.74,1832.30" sx="M,M,M,M"/><TAIKYOKU oya="0"/><INIT seed="0,0,0,5,1,97" ten="250,250,250,250" oya="0" hai0="111,107,120,52,40,130,78,82,29,28,121,43,15" hai1="126,31,99,92,1,2,0,59,34,39,8,125,14" hai2="36,108,48,131,69,85,75,5,22,11,13,123,50" hai3="122,18,128,26,113,89,71,60,10,25,79,4,103"/><T86/><D107/><U16/><E39/><V73/><F108/><W46/><G113/><T91/><D111/><U33/><E59/><V41/><F36/><W54/><G79/><T119/><D119/><U90/><REACH who="1" step="1"/><E31/><REACH who="1" ten="250,240,250,250" step="2"/><V72/><F69/><W24/><G71/><T32/><D29/><U112/><E112/><V84/><F123/><W9/><G122/><T105/><D28/><U74/><E74/><V66/><F75/><W81/><G128/><T88/><D130/><U47/><E47/><V124/><F73/><W116/><G46/><T132/><D121/><U96/><E96/><V27/><F72/><W95/><G116/><T23/><D120/><U12/><E12/><V20/><F131/><W118/><G118/><T94/><D15/><U3/><N who="1" m="512" /><DORA hai="93" /><U42/><E42/><V37/><F41/><W133/><G26/><T114/><D43/><U70/><E70/><V106/><F27/><W101/><G25/><T67/><D40/><U53/><E53/><V65/><F37/><W17/><G54/><T63/><D52/><U135/><E135/><V58/><F58/><W134/><G24/><T110/><D132/><U19/><E19/><V68/><F68/><W49/><G134/><T117/><D114/><U87/><E87/><V21/><F85/><W62/><G133/><T109/><D86/><U30/><E30/><V100/><F84/><W7/><G81/><T127/><D110/><U56/><E56/><V45/><F45/><W38/><G38/><T44/><D109/><U80/><E80/><V104/><F13/><W77/><G4/><T61/><D117/><RYUUKYOKU ba="0,1" sc="250,-10,240,30,250,-10,250,-10" hai1="8,14,16,33,34,90,92,99,125,126" /><INIT seed="1,1,1,4,2,52" ten="240,270,240,240" oya="1" hai0="1,31,87,23,50,108,34,112,81,47,103,4,57" hai1="97,121,100,105,18,37,131,15,104,10,83,38,46" hai2="75,35,80,109,49,90,123,62,55,44,30,126,48" hai3="63,59,45,13,2,107,127,132,42,79,6,120,64"/><U71/><E121/><V54/><F109/><W119/><G120/><T3/><D112/><U28/><E105/><V110/><F110/><W40/><G2/><T8/><D108/><U39/><E71/><V82/><F62/><W66/><G107/><T11/><D103/><U114/><E114/><V94/><F126/><W26/><G127/><T68/><D68/><U29/><E131/><V72/><F35/><W58/><G26/><T135/><D34/><U133/><E133/><V122/><F30/><W116/><G132/><T86/><D135/><U98/><E98/><V20/><F20/><W73/><G73/><T12/><D57/><N who="3" m="21513" /><G79/><T84/><D1/><U77/><REACH who="1" step="1"/><E46/><REACH who="1" ten="240,260,240,240" step="2"/><V25/><F44/><W111/><G111/><T99/><D47/><U117/><E117/><N who="3" m="45130" /><G45/><T91/><D99/><U85/><AGARI ba="1,2" hai="10,15,18,28,29,37,38,39,77,83,85,97,100,104" machi="85" ten="30,6000,0" yaku="1,1,0,1,53,1" doraHai="52" doraHaiUra="76" who="1" fromWho="1" sc="240,-21,260,83,240,-21,240,-21" /><INIT seed="1,2,0,2,0,57" ten="219,343,219,219" oya="1" hai0="51,117,84,31,130,85,77,64,20,1,106,67,96" hai1="120,118,79,58,3,105,43,33,7,62,121,111,100" hai2="39,92,122,17,48,131,109,11,28,13,102,49,55" hai3="123,45,68,24,19,75,103,52,22,83,30,94,66"/><U133/><E33/><V25/><F109/><W53/><G123/><T6/><D117/><U113/><E118/><V104/><F104/><W135/><G135/><T36/><D36/><U76/><E113/><V16/><F39/><W90/><G75/><T18/><D31/><U21/><E43/><V35/><F131/><W8/><G83/><T99/><D130/><U119/><E119/><V2/><F122/><W32/><G45/><T107/><D6/><U127/><E127/><V56/><F2/><W116/><G116/><T69/><D1/><U80/><E111/><V10/><F102/><W112/><G112/><T82/><D84/><U70/><E70/><V47/><F92/><W91/><G103/><T9/><D9/><U63/><E133/><V15/><F47/><W128/><G128/><T40/><D96/><U73/><E79/><V132/><F132/><W86/><G66/><T134/><D134/><U46/><E46/><V34/><F34/><W126/><G68/><T27/><D99/><U65/><E21/><V81/><F81/><W12/><G126/><T124/><D124/><U38/><E38/><V97/><F97/><W93/><REACH who="3" step="1"/><G8/><REACH who="3" ten="219,343,219,209" step="2"/><T0/><D69/><U78/><E100/><V89/><REACH who="2" step="1"/><F89/><REACH who="2" ten="219,343,209,209" step="2"/><W95/><G95/><T61/><D107/><U125/><E105/><V98/><F98/><AGARI ba="2,2" hai="12,19,22,24,30,32,52,53,86,90,91,93,94,98" machi="98" ten="30,7700,0" yaku="1,1,7,1,54,1,53,1" doraHai="57" doraHaiUra="26" who="3" fromWho="2" sc="219,0,343,0,209,-83,209,103" /><INIT seed="2,0,0,0,5,109" ten="219,343,126,312" oya="2" hai0="60,38,29,23,36,110,131,64,12,68,120,30,31" hai1="59,18,125,73,103,79,62,113,93,129,53,75,57" hai2="84,50,96,1,111,91,37,127,107,94,15,99,58" hai3="2,69,76,55,65,101,116,114,108,128,33,45,119"/><V85/><F37/><W24/><G2/><T5/><D120/><U0/><E113/><V4/><F1/><W46/><G108/><T61/><D110/><U124/><E0/><V42/><F111/><W41/><G76/><T106/><D106/><U43/><E43/><V67/><F127/><N who="1" m="48713" /><E129/><V39/><F39/><W92/><G128/><T89/><D131/><U134/><E134/><V54/><F67/><W35/><G69/><T77/><D77/><U21/><E79/><V135/><F135/><W90/><G65/><T86/><D61/><N who="1" m="36015" /><E93/><V25/><F42/><W56/><G101/><T9/><REACH who="0" step="1"/><D23/><REACH who="0" ten="209,343,126,312" step="2"/><U11/><E21/><V32/><F107/><W132/><G132/><T80/><AGARI ba="0,1" hai="5,9,12,29,30,31,36,38,60,64,68,80,86,89" machi="80" ten="30,4000,0" yaku="1,1,2,1,0,1,53,0" doraHai="109" doraHaiUra="72" who="0" fromWho="0" sc="209,50,343,-10,126,-20,312,-10" /><INIT seed="3,0,0,4,1,47" ten="259,333,106,302" oya="3" hai0="6,100,12,61,43,49,38,3,63,26,132,68,126" hai1="104,79,110,130,24,52,33,1,50,108,105,4,76" hai2="83,25,96,124,55,135,2,75,31,94,62,118,14" hai3="0,121,73,37,18,53,128,93,123,40,34,22,54"/><W90/><G34/><T134/><D126/><U20/><E33/><V44/><F2/><W117/><G0/><T27/><D3/><U19/><E1/><V106/><F106/><N who="1" m="41065" /><E4/><V71/><F124/><W59/><G117/><T107/><D38/><U23/><E23/><V92/><F118/><W122/><G73/><T57/><D68/><U113/><E113/><V21/><F135/><N who="0" m="51754" /><D100/><U5/><E5/><V114/><F114/><W86/><G128/><T32/><D107/><U129/><E79/><V29/><F14/><W98/><G40/><T125/><D125/><U97/><E97/><V70/><F31/><W56/><G37/><T65/><D61/><U30/><E76/><V78/><F94/><W112/><G112/><T13/><D6/><U16/><E19/><V51/><REACH who="2" step="1"/><F62/><REACH who="2" ten="259,333,96,302" step="2"/><W8/><G123/><T60/><D12/><U39/><E30/><V48/><F48/><W115/><G122/><T66/><D49/><U109/><E39/><V111/><F111/><W119/><G121/><T10/><D13/><U7/><E7/><V81/><F81/><W15/><G119/><T11/><D63/><U85/><E85/><V41/><F41/><W72/><G86/><T82/><D43/><U46/><AGARI ba="0,1" hai="16,20,24,46,50,52,108,109,110,129,130" m="41065" machi="46" ten="40,8000,1" yaku="14,1,52,1,54,2" doraHai="47" who="1" fromWho="1" sc="259,-20,333,90,96,-20,302,-40" /><INIT seed="4,0,0,5,2,96" ten="239,423,76,262" oya="0" hai0="98,33,47,91,80,57,87,11,48,107,6,89,126" hai1="62,100,114,4,35,27,123,72,69,31,51,44,134" hai2="42,26,106,129,102,122,37,112,52,135,63,117,13" hai3="36,86,7,93,3,74,82,115,58,29,70,59,9"/><T121/><D121/><U113/><E123/><V16/><F122/><W23/><G70/><T2/><D33/><U53/><E72/><V83/><F42/><W40/><G115/><N who="1" m="44042" /><E134/><V24/><F37/><W77/><G29/><T84/><D126/><U12/><E100/><V128/><F112/><W43/><G43/><T71/><D57/><U99/><E99/><N who="2" m="61791" /><F83/><W60/><G23/><T32/><D32/><U94/><E94/><V88/><F117/><W92/><G86/><T61/><D61/><U68/><E62/><V20/><F88/><W132/><G132/><T81/><D71/><U105/><E105/><V131/><F135/><W64/><REACH who="3" step="1"/><G58/><AGARI ba="0,0" hai="13,16,20,24,26,52,58,63,128,129,131" m="61791" machi="58" ten="30,7700,0" yaku="19,1,52,1,54,2" doraHai="96" who="2" fromWho="3" sc="239,0,423,0,76,77,262,-77" /><INIT seed="5,0,0,0,4,12" ten="239,423,153,185" oya="1" hai0="81,36,122,117,68,10,125,127,19,121,96,8,124" hai1="40,23,3,64,66,100,7,112,11,9,131,31,30" hai2="133,45,72,43,83,97,50,20,76,110,114,86,93" hai3="47,63,57,52,49,4,80,104,59,62,56,95,33"/><U113/><E100/><V46/><F110/><W90/><G104/><T75/><D68/><U26/><E40/><V116/><F116/><W92/><G33/><T51/><D117/><U27/><E131/><V2/><F2/><W87/><G4/><T74/><D36/><U32/><E66/><V119/><F119/><W126/><G126/><T14/><D96/><U28/><E64/><V38/><F133/><W107/><G107/><T118/><D118/><U101/><E101/><V132/><F132/><W89/><REACH who="3" step="1"/><G80/><REACH who="3" ten="239,423,153,175" step="2"/><T21/><D81/><U54/><E32/><V130/><F130/><W15/><G15/><T25/><D122/><U105/><E105/><V98/><F114/><W79/><G79/><T0/><D121/><U69/><E7/><V24/><F93/><W1/><G1/><T39/><D0/><U128/><E3/><V88/><F76/><W44/><G44/><T22/><D14/><U18/><E128/><V102/><F72/><W106/><G106/><T42/><D75/><U99/><E113/><V115/><F115/><W53/><G53/><T58/><D74/><U111/><E54/><V17/><F102/><W60/><G60/><T6/><D6/><U94/><E112/><V91/><F91/><W37/><G37/><T84/><D39/><U123/><E94/><V120/><F120/><W78/><G78/><T73/><D73/><U67/><E123/><V103/><F103/><W70/><G70/><T109/><D125/><U108/><E69/><V35/><F35/><W13/><G13/><T71/><D124/><U29/><N who="1" m="7680" /><DORA hai="34" /><U135/><E135/><RYUUKYOKU ba="0,1" sc="239,-15,423,-15,153,15,175,15" hai2="17,20,24,38,43,45,46,50,83,86,88,97,98" hai3="47,49,52,56,57,59,62,63,87,89,90,92,95" /><INIT seed="6,1,1,4,2,17" ten="224,408,168,190" oya="2" hai0="4,125,84,104,126,43,110,82,26,127,20,49,21" hai1="9,6,63,123,3,133,116,103,132,72,86,129,74" hai2="85,108,52,91,109,31,77,47,64,50,83,88,22" hai3="61,38,12,98,36,97,111,39,80,16,33,37,35"/><V128/><F128/><W94/><G111/><N who="2" m="42569" /><F64/><W55/><G80/><T2/><D110/><U68/><E129/><V24/><AGARI ba="1,1" hai="22,24,31,47,50,52,77,83,85,88,91" m="42569" machi="24" ten="30,11700,0" yaku="10,1,52,1,54,2" doraHai="17" who="2" fromWho="2" sc="224,-40,408,-40,168,130,190,-40" /><INIT seed="6,2,0,2,3,131" ten="184,368,298,150" oya="2" hai0="66,12,57,8,28,68,51,88,119,75,41,25,124" hai1="42,120,55,73,125,16,0,9,24,97,39,86,71" hai2="126,34,115,61,53,105,101,72,83,110,23,62,128" hai3="43,47,35,14,116,82,44,102,132,78,40,54,10"/><V98/><F34/><W15/><G116/><T59/><D119/><U90/><E73/><V1/><F1/><W111/><G111/><T38/><D75/><U69/><E120/><V46/><F110/><W79/><G35/><T31/><D124/><U26/><E125/><V99/><F126/><W30/><G30/><T92/><D38/><U117/><E117/><V33/><F33/><W70/><G70/><T4/><D68/><U95/><E71/><V3/><F3/><W118/><G118/><T20/><D31/><U94/><E69/><V7/><F7/><W133/><G82/><T107/><D107/><U27/><E39/><V60/><F128/><W134/><G102/><T85/><D66/><U2/><E42/><N who="3" m="15914" /><G54/><T74/><REACH who="0" step="1"/><D74/><REACH who="0" ten="174,368,298,150" step="2"/><U63/><E2/><V89/><F72/><W50/><G50/><T17/><D17/><U67/><E0/><V108/><F105/><W135/><G135/><T19/><D19/><U121/><E67/><V80/><F108/><W52/><G52/><T56/><D56/><N who="1" m="35231" /><E121/><V100/><F53/><W129/><G129/><T32/><D32/><U11/><E16/><V65/><F65/><W113/><G113/><T45/><AGARI ba="2,1" hai="4,8,12,20,25,28,41,45,51,57,59,85,88,92" machi="45" ten="30,7900,0" yaku="1,1,0,1,8,1,54,1,53,0" doraHai="131" doraHaiUra="58" who="0" fromWho="0" sc="174,95,368,-22,298,-41,150,-22" /><INIT seed="7,0,0,4,0,74" ten="269,346,257,128" oya="3" hai0="96,59,14,135,72,71,3,70,56,99,66,118,37" hai1="61,122,127,79,32,128,67,107,34,47,113,48,100" hai2="17,41,124,106,115,9,123,8,44,75,131,42,126" hai3="46,60,116,38,51,28,89,86,101,54,50,120,130"/><W69/><G120/><T11/><D118/><U16/><E122/><V111/><F111/><W87/><G116/><T80/><D3/><U114/><E127/><V78/><F123/><W21/><G130/><T33/><D37/><U95/><E128/><V104/><F131/><W129/><G129/><T64/><D33/><U20/><E107/><V119/><F119/><W12/><G101/><T36/><D135/><U125/><E125/><N who="2" m="48235" /><F115/><N who="1" m="44041" /><E79/><V19/><F78/><W4/><G69/><T91/><D72/><U6/><E6/><V81/><F81/><W53/><G38/><T109/><D109/><U18/><E95/><V23/><F75/><W62/><G86/><N who="0" m="50631" /><D36/><U76/><E76/><V77/><F77/><W93/><G28/><T29/><D29/><U0/><E0/><V82/><F82/><W35/><G35/><N who="1" m="13354" /><E20/><V31/><F23/><W40/><G40/><N who="2" m="15465" /><F31/><W22/><G22/><T52/><D71/><N who="1" m="42479" /><E100/><V68/><F68/><W5/><G5/><N who="0" m="3439" /><D70/><U26/><E26/><V57/><F106/><W55/><G55/><AGARI ba="0,0" hai="16,18,47,48,55" m="42479,13354,44041" machi="55" ten="30,2000,0" yaku="15,1,54,1" doraHai="74" who="1" fromWho="3" sc="269,0,346,20,257,0,128,-20" owari="269,7.0,366,46.0,257,-14.0,108,-39.0" /></mjloggm>