<mjloggm ver="2.3"><GO type="41" lobby="0"/><UN n0="%E5%B0%B1%E6%B4%BB%E7%94%9F%40%E5%B7%9D%E6%9D%91%E8%BB%8D%E5%9B%A3" n1="%E5%B9%B3%E5%9D%87%E5%BE%97%E7%82%B9%E3%81%AE%E9%AC%BC" n2="%E6%96%AC%E9%AC%BC%E9%83%8E" n3="%E3%82%A8%E3%82%B3%E3%81%BF%E3%83%BC" dan="17,16,13,15" rate="2133.73,2005.85,1878.38,1969.53" sx="M,M,M,M"/><TAIKYOKU oya="0"/><INIT seed="0,0,0,4,3,65" ten="250,250,250,250" oya="0" hai0="47,76,43,88,28,21,9,40,45,111,11,98,97" hai1="73,62,22,119,75,81,118,48,55,50,46,117,42" hai2="51,16,39,110,20,74,33,56,126,69,30,83,66" hai3="32,60,105,57,35,36,123,86,7,125,135,1,49"/><T90/><D76/><U130/><E130/><V26/><F126/><W13/><G36/><T37/><D21/><U59/><E81/><V5/><F39/><W120/><G125/><T71/><D37/><U124/><E124/><V12/><F110/><W122/><G135/><T54/><D54/><U127/><E127/><V129/><F129/><W25/><G1/><T100/><D28/><U0/><E0/><V68/><F74/><W41/><G105/><T61/><D61/><U18/><REACH who="1" step="1"/><E62/><REACH who="1" ten="250,240,250,250" step="2"/><V77/><F83/><W121/><G60/><T85/><D111/><U10/><E10/><V99/><F77/><W87/><G123/><T78/><D78/><U93/><E93/><V134/><F134/><W80/><G80/><T102/><REACH who="0" step="1"/><D85/><REACH who="0" ten="240,240,250,250" step="2"/><U70/><E70/><AGARI ba="0,2" hai="9,11,40,43,45,47,70,71,88,90,97,98,100,102" machi="70" ten="25,18000,2" yaku="1,1,2,1,22,2,52,2,54,1,53,0" doraHai="65" doraHaiUra="116" who="0" fromWho="1" sc="240,200,240,-180,250,0,250,0" /><INIT seed="0,1,0,1,0,86" ten="440,60,250,250" oya="0" hai0="14,21,4,85,31,52,131,15,135,122,36,116,28" hai1="118,39,107,37,10,53,32,12,92,0,109,49,82" hai2="129,134,123,60,56,108,97,115,81,87,112,113,13" hai3="101,99,79,65,30,72,98,63,126,66,64,23,16"/><T100/><D36/><U22/><E107/><V73/><F13/><W111/><G111/><T128/><D122/><U95/><E118/><V29/><F29/><W8/><G126/><T90/><D116/><U94/><E32/><V125/><F56/><W3/><G30/><T93/><D135/><U121/><E121/><V80/><F60/><W83/><G99/><T45/><D100/><U43/><E109/><V127/><F123/><W78/><G78/><T17/><D4/><U69/><E69/><V2/><F2/><W38/><G38/><T42/><D15/><U71/><E71/><V59/><F59/><W130/><G130/><N who="0" m="49707" /><D42/><U27/><E43/><V84/><F129/><W114/><G114/><T47/><D47/><U54/><E0/><V1/><F1/><W76/><G76/><T104/><D104/><U124/><E124/><N who="2" m="47691" /><F108/><W74/><G72/><T5/><D5/><U102/><E53/><V48/><F48/><AGARI ba="1,0" hai="14,17,21,28,31,45,48,52,85,90,93" m="49707" machi="48" ten="30,5800,0" yaku="19,1,52,1,54,1" doraHai="86" who="0" fromWho="2" sc="440,61,60,0,250,-61,250,0" /><INIT seed="0,2,0,0,4,70" ten="501,60,189,250" oya="0" hai0="13,33,17,28,89,15,121,129,32,36,110,52,115" hai1="56,130,37,40,65,122,14,73,83,97,27,105,49" hai2="131,47,102,62,78,3,94,26,84,22,101,99,72" hai3="119,29,67,109,9,69,4,66,87,92,44,38,135"/><T7/><D115/><U128/><E122/><V116/><F3/><W0/><G119/><T54/><D121/><U134/><E134/><V90/><F131/><W58/><G69/><T123/><D123/><U60/><E14/><V1/><F116/><W108/><G135/><T68/><D68/><U64/><E27/><V46/><F1/><W20/><G58/><T117/><D117/><U34/><E34/><V77/><F72/><W124/><G124/><T74/><D74/><U85/><E73/><V61/><F101/><W50/><G38/><T39/><D129/><N who="1" m="49771" /><E49/><V6/><F6/><W57/><G57/><T113/><D113/><U19/><E19/><V51/><F47/><W118/><G118/><T100/><D100/><N who="1" m="62607" /><E65/><V30/><F61/><W120/><G20/><T12/><D110/><N who="3" m="42601" /><G29/><T126/><D126/><U91/><E40/><V23/><F23/><W10/><G10/><T5/><D89/><U71/><E71/><V111/><F111/><W104/><G104/><T41/><D41/><U103/><E103/><V53/><REACH who="2" step="1"/><F62/><REACH who="2" ten="501,60,179,250" step="2"/><W42/><G120/><T35/><D7/><U106/><E106/><AGARI ba="2,1" hai="22,26,30,46,51,53,77,78,84,90,94,99,102,106" machi="106" ten="30,3900,0" yaku="1,1,2,1,7,1,53,0" doraHai="70" doraHaiUra="132" who="2" fromWho="1" sc="501,0,60,-45,179,55,250,0" /><INIT seed="1,0,0,4,0,57" ten="501,15,234,250" oya="1" hai0="44,56,34,12,92,22,76,4,31,86,81,95,107" hai1="60,25,123,78,24,75,7,10,51,90,52,26,38" hai2="124,116,5,29,46,98,77,109,36,127,23,18,41" hai3="70,131,83,125,119,108,53,101,96,1,35,58,73"/><U33/><E38/><V61/><F116/><W28/><G70/><T134/><D107/><U40/><E123/><V14/><F109/><W20/><G125/><T110/><D110/><U94/><E75/><V120/><F120/><W85/><G131/><T47/><D134/><U42/><E78/><V122/><F122/><W9/><G35/><T104/><D104/><U66/><E33/><V112/><F112/><W3/><G73/><T71/><D71/><U59/><E10/><V130/><F130/><W88/><G119/><T121/><D121/><U132/><E7/><V82/><F98/><W89/><G89/><T37/><D37/><U17/><E132/><V6/><F29/><W84/><G84/><T62/><D34/><U91/><E17/><V21/><F21/><W54/><G54/><N who="0" m="34071" /><D4/><U55/><E55/><V97/><F97/><W105/><G9/><T50/><D44/><U30/><E30/><V48/><F36/><W113/><G113/><T8/><D8/><U100/><E100/><V103/><F103/><W114/><G114/><T126/><D126/><N who="2" m="48170" /><F61/><W111/><G111/><T99/><D99/><U15/><E15/><V68/><F68/><W115/><G108/><T87/><D87/><AGARI ba="0,0" hai="5,6,14,18,23,41,46,48,77,82,87" m="48170" machi="87" ten="30,1000,0" yaku="18,1" doraHai="57" who="2" fromWho="0" sc="501,-10,15,0,234,10,250,0" /><INIT seed="2,0,0,4,4,120" ten="491,15,244,250" oya="2" hai0="26,25,53,77,46,5,70,28,121,6,38,22,78" hai1="45,112,48,35,111,10,129,74,18,73,109,32,40" hai2="54,122,130,102,117,21,85,71,2,84,133,1,134" hai3="76,89,55,15,80,83,56,19,97,125,62,30,42"/><V51/><F71/><W49/><G125/><T44/><D70/><U8/><E112/><V58/><F122/><W92/><G30/><T107/><D107/><U9/><E18/><V31/><F117/><W66/><G76/><N who="0" m="29291" /><D121/><U64/><E64/><V0/><F130/><W90/><G42/><T57/><D38/><U17/><E17/><V14/><F102/><W114/><G90/><T88/><D26/><U11/><N who="1" m="2560" /><DORA hai="128" /><U39/><E129/><V131/><F131/><W29/><G29/><T96/><D57/><U12/><E12/><V91/><F91/><W104/><G104/><T43/><D43/><U116/><E116/><V67/><F67/><W65/><G65/><T127/><D127/><U75/><REACH who="1" step="1"/><E39/><REACH who="1" ten="491,5,244,250" step="2"/><V95/><F14/><W33/><G114/><T7/><D53/><U132/><E132/><N who="2" m="50795" /><F95/><AGARI ba="0,1" hai="5,6,7,22,25,28,44,46,88,95,96" m="29291" machi="95" ten="30,2000,0" yaku="8,1,54,1" doraHai="120,128" who="0" fromWho="2" sc="491,30,5,0,244,-20,250,0" /><INIT seed="3,0,0,2,4,18" ten="521,5,224,250" oya="3" hai0="87,115,116,10,96,105,29,66,126,111,101,81,90" hai1="19,45,93,2,34,63,20,67,12,104,131,1,0" hai2="124,112,15,59,78,26,100,134,71,54,50,130,119" hai3="123,57,55,86,27,49,92,6,110,79,120,108,129"/><W85/><G129/><T94/><D111/><N who="3" m="42537" /><G6/><T132/><D132/><U68/><E104/><V32/><F130/><W76/><G27/><T69/><D116/><U64/><E131/><V36/><F134/><W14/><G14/><T23/><D115/><U73/><E73/><V95/><F119/><W38/><G38/><T41/><D126/><U13/><E34/><V102/><F112/><W4/><G4/><T99/><D41/><U109/><E109/><V46/><F124/><W107/><G107/><T53/><D66/><U75/><E75/><V7/><F71/><W60/><G49/><T128/><D69/><U22/><E67/><V74/><F7/><W24/><G24/><T28/><D128/><U122/><E122/><N who="3" m="46634" /><G92/><T39/><D39/><U82/><E82/><V83/><F15/><W121/><G121/><T113/><D113/><U117/><E117/><V21/><F32/><W43/><G43/><T88/><D10/><U35/><E35/><V56/><F95/><W98/><G98/><T51/><D23/><U72/><E72/><V5/><F5/><W80/><G80/><T97/><D97/><U17/><E93/><V9/><F9/><W8/><G8/><T42/><D42/><U103/><E103/><V91/><F91/><W133/><G133/><T31/><D31/><U125/><E125/><V47/><F36/><W37/><G37/><T65/><D65/><U89/><E89/><V106/><F106/><W52/><G55/><T135/><D135/><U11/><E11/><V48/><F50/><W70/><G70/><T127/><D127/><U61/><E61/><RYUUKYOKU ba="0,0" sc="521,10,5,10,224,-30,250,10" hai0="28,29,51,53,81,87,88,90,94,96,99,101,105" hai1="0,1,2,12,13,17,19,20,22,45,63,64,68" hai3="52,57,60,76,79,85,86" /><INIT seed="3,1,0,3,5,23" ten="531,15,194,260" oya="3" hai0="76,5,116,85,79,81,118,49,78,72,93,25,83" hai1="43,124,126,34,108,94,51,46,54,37,98,113,71" hai2="28,106,120,66,127,22,121,21,39,134,123,73,36" hai3="60,11,92,15,74,40,0,103,1,68,20,24,133"/><W95/><G74/><T50/><D5/><U86/><E113/><V38/><F73/><W7/><G133/><T35/><D79/><U99/><E108/><V42/><F42/><W9/><G40/><T10/><D10/><U6/><E71/><V30/><F134/><W84/><G103/><T110/><D110/><U96/><E34/><V55/><F55/><W65/><G84/><T75/><D93/><U32/><E32/><V101/><F66/><W53/><G53/><T130/><D85/><U63/><E63/><V90/><F90/><W44/><G44/><T128/><D35/><U41/><E6/><V16/><F127/><W70/><G70/><T89/><D89/><U17/><E17/><V122/><N who="2" m="30720" /><DORA hai="102" /><V29/><F106/><W57/><G68/><T48/><D48/><U59/><E43/><V69/><F101/><W131/><G131/><T2/><D2/><U33/><E33/><V132/><F132/><W125/><G125/><T61/><D61/><U62/><REACH who="1" step="1"/><E37/><REACH who="1" ten="531,5,194,260" step="2"/><V18/><REACH who="2" step="1"/><F69/><REACH who="2" ten="531,5,184,260" step="2"/><W87/><G60/><T27/><AGARI ba="1,2" hai="25,27,49,50,72,75,76,78,81,83,116,118,128,130" machi="27" ten="25,8000,1" yaku="0,1,22,2,52,2" doraHai="23,102" who="0" fromWho="0" sc="531,103,5,-21,184,-21,260,-41" owari="634,74.0,-16,-52.0,163,-24.0,219,2.0" /></mjloggm>