<mjloggm ver="2.3"><GO type="41" lobby="0"/><UN n0="%E5%B0%B1%E6%B4%BB%E7%94%9F%40%E5%B7%9D%E6%9D%91%E8%BB%8D%E5%9B%A3" n1="%5E%48%62%5E" n2="%E9%BB%92%E7%8A%AC%40%E3%81%A6%E3%82%93%E3%81%BB%E3%83%BC" n3="%70%69%6E%70%69%6E%36" dan="16,15,15,14" rate="2074.99,2011.33,2019.26,1885.45" sx="M,M,F,M"/><TAIKYOKU oya="0"/><INIT seed="0,0,0,0,3,42" ten="250,250,250,250" oya="0" hai0="8,31,64,15,4,79,78,44,87,62,12,2,29" hai1="84,13,74,33,7,22,24,99,19,71,77,96,20" hai2="45,52,104,0,51,65,95,76,48,93,49,94,101" hai3="1,98,82,5,109,110,88,55,119,11,113,16,92"/><T91/><D2/><U53/><E71/><V89/><F0/><W27/><G113/><T81/><D15/><U135/><E135/><V80/><F65/><W122/><G122/><T50/><D79/><U106/><E33/><V46/><F104/><W125/><G125/><T72/><D72/><U73/><E106/><V9/><F101/><W3/><G119/><T36/><D36/><U83/><E74/><V105/><F105/><W14/><G27/><T121/><D91/><U23/><E73/><V25/><F9/><W38/><G38/><T117/><D117/><U85/><E85/><N who="2" m="48263" /><F25/><W21/><G82/><T47/><D121/><U17/><E22/><V66/><F66/><W35/><G35/><T40/><REACH who="0" step="1"/><D47/><REACH who="0" ten="240,250,250,250" step="2"/><N who="2" m="17930" /><F89/><W57/><REACH who="3" step="1"/><G1/><REACH who="3" ten="240,250,250,240" step="2"/><T37/><D37/><U86/><E7/><V124/><F124/><W58/><G58/><AGARI ba="0,2" hai="4,8,12,29,31,40,44,50,58,62,64,78,81,87" machi="58" ten="30,18000,2" yaku="1,1,7,1,25,2,8,1,52,1,53,0" doraHai="42" doraHaiUra="115" who="0" fromWho="3" sc="240,200,250,0,250,0,240,-180" /><AGARI ba="0,0" hai="48,49,51,52,58,93,94,95" m="17930,48263" machi="58" ten="30,8000,1" yaku="8,1,52,3,54,1" doraHai="42" who="2" fromWho="3" sc="440,0,250,0,250,80,60,-80" owari="440,54.0,250,-15.0,330,13.0,-20,-52.0" /></mjloggm>