<mjloggm ver="2.3"><GO type="97" lobby="0"/><UN n0="%E5%B0%B1%E6%B4%BB%E7%94%9F%40%E5%B7%9D%E6%9D%91%E8%BB%8D%E5%9B%A3" n1="%E6%B0%B4%E7%84%A1%E7%80%AC%E6%B5%81%E5%8D%97" n2="%E3%82%AF%E3%83%AC%E3%82%A4%E3%82%B8%E3%83%BC%E3%81%AE%E9%8A%83" n3="%E5%A4%A2%E8%A6%8B%E3%82%8B%E9%9B%80%E5%A3%AB" dan="14,13,13,15" rate="1944.81,1896.82,1920.29,2025.51" sx="M,M,M,M"/><TAIKYOKU oya="0"/><INIT seed="0,0,0,2,0,65" ten="250,250,250,250" oya="0" hai0="97,58,81,96,1,21,72,93,109,64,130,66,135" hai1="128,124,53,10,42,100,56,105,48,32,91,55,28" hai2="101,49,70,44,63,41,119,120,5,94,34,27,8" hai3="61,50,22,24,118,134,37,132,7,2,71,95,43"/><T127/><D1/><U74/><E128/><V60/><F120/><W62/><G118/><T110/><D130/><U115/><E74/><V77/><F119/><W20/><G37/><T12/><D127/><U54/><E124/><V129/><F129/><W40/><G2/><T79/><D135/><N who="3" m="51753" /><G7/><T6/><D96/><U39/><E115/><V17/><F77/><W107/><G107/><T112/><D112/><U98/><E10/><V45/><F101/><W123/><G123/><T90/><D58/><U106/><E106/><V92/><F34/><W18/><G95/><T99/><D99/><U16/><E91/><V85/><F85/><W125/><G125/><T126/><D126/><U87/><E87/><V116/><F116/><W83/><G83/><T103/><D103/><U59/><E39/><V51/><F70/><W0/><G0/><T73/><D73/><U9/><E32/><V31/><F31/><W133/><G133/><T113/><D113/><U47/><REACH who="1" step="1"/><E28/><REACH who="1" ten="250,240,250,250" step="2"/><V122/><F122/><W102/><G102/><T26/><D6/><U88/><E88/><V69/><F8/><W38/><G38/><T89/><D89/><U11/><E11/><V111/><F5/><W29/><G29/><N who="0" m="17615" /><D12/><AGARI ba="0,1" hai="9,12,16,42,47,48,53,54,55,56,59,98,100,105" machi="12" ten="40,2600,0" yaku="1,1,54,1,53,0" doraHai="65" doraHaiUra="3" who="1" fromWho="0" sc="250,-26,240,36,250,0,250,0" /><INIT seed="1,0,0,2,1,4" ten="224,276,250,250" oya="1" hai0="32,19,78,36,34,38,60,27,72,131,11,48,56" hai1="94,17,29,23,26,111,13,103,130,40,75,67,91" hai2="39,93,42,71,121,63,6,84,106,43,132,74,90" hai3="22,133,102,86,55,65,99,81,2,53,45,52,113"/><U134/><E75/><V112/><F121/><W96/><G113/><T16/><D131/><U128/><E134/><V64/><F106/><W59/><G133/><T69/><D72/><U20/><E103/><V33/><F74/><W46/><G2/><T120/><D120/><U108/><E67/><V76/><F132/><W92/><G99/><T41/><D78/><U95/><E40/><V107/><F112/><W0/><G0/><T118/><D118/><U116/><E116/><V47/><F107/><W73/><G73/><T101/><D101/><U25/><E94/><V28/><F76/><W37/><G37/><T83/><D83/><U70/><E70/><V24/><F42/><W54/><G22/><T30/><D34/><N who="1" m="20783" /><E91/><V49/><REACH who="2" step="1"/><F6/><REACH who="2" ten="224,276,240,250" step="2"/><W97/><G102/><T105/><D105/><U114/><E114/><V85/><F85/><W109/><G97/><T62/><D41/><U115/><E115/><V44/><F44/><W88/><G45/><T57/><D38/><AGARI ba="0,1" hai="24,28,33,38,39,43,47,49,63,64,71,84,90,93" machi="38" ten="40,1300,0" yaku="1,1,53,0" doraHai="4" doraHaiUra="8" who="2" fromWho="0" sc="224,-13,276,0,240,23,250,0" /><INIT seed="2,0,0,2,4,61" ten="211,276,263,250" oya="2" hai0="10,102,37,100,103,42,26,87,78,8,31,107,135" hai1="20,45,123,88,58,17,57,132,36,29,5,69,108" hai2="99,89,83,53,64,51,2,81,16,13,114,21,97" hai3="38,35,122,59,4,119,7,105,125,110,55,91,54"/><V92/><F114/><W11/><G119/><T65/><D135/><U121/><E69/><V120/><F2/><W46/><G122/><N who="1" m="46602" /><E5/><V115/><F115/><W52/><G105/><T49/><D37/><U101/><E132/><V84/><F120/><W126/><G35/><T82/><D107/><U129/><E101/><V109/><F109/><W18/><G110/><T60/><D49/><U12/><E29/><V93/><F64/><W127/><G91/><T40/><D40/><N who="1" m="22663" /><E108/><V47/><REACH who="2" step="1"/><F84/><REACH who="2" ten="211,276,253,250" step="2"/><W14/><G59/><N who="0" m="37023" /><D42/><AGARI ba="0,1" hai="4,7,11,14,18,38,42,46,52,54,55,125,126,127" machi="42" ten="50,3200,0" yaku="18,1,54,1" doraHai="61" who="3" fromWho="0" sc="211,-32,276,0,253,0,250,42" /><INIT seed="3,0,0,3,0,132" ten="179,276,253,292" oya="3" hai0="68,23,24,36,58,30,60,65,103,95,1,69,17" hai1="55,123,33,89,37,135,77,34,12,97,83,19,53" hai2="91,71,22,112,26,121,15,117,82,14,73,42,44" hai3="27,96,49,93,21,25,100,105,108,50,29,52,56"/><W5/><G108/><T94/><D1/><U74/><E123/><V134/><F117/><W113/><G113/><T116/><D116/><U32/><E37/><V8/><F112/><W119/><G119/><T20/><D36/><U45/><E135/><V122/><F121/><W109/><G109/><T54/><D95/><U114/><E114/><V111/><F122/><W10/><G27/><T13/><REACH who="0" step="1"/><D54/><REACH who="0" ten="169,276,253,292" step="2"/><U9/><E53/><V86/><F111/><W115/><G115/><T57/><D57/><U46/><E55/><V0/><F134/><W51/><G105/><T28/><D28/><U84/><REACH who="1" step="1"/><E97/><AGARI ba="0,1" hai="13,17,20,23,24,30,58,60,65,68,69,94,97,103" machi="97" ten="40,8000,1" yaku="1,1,25,2,53,1" doraHai="132" doraHaiUra="59" who="0" fromWho="1" sc="169,90,276,-80,253,0,292,0" /><INIT seed="4,0,0,0,1,72" ten="259,196,253,292" oya="0" hai0="76,10,22,1,69,83,56,46,54,125,21,23,133" hai1="29,119,122,87,61,116,14,70,106,88,68,73,47" hai2="3,117,60,26,36,65,81,25,16,5,30,118,66" hai3="86,11,127,107,96,43,53,112,100,58,84,74,121"/><T52/><D69/><U62/><E122/><V50/><F36/><W19/><G74/><T94/><D125/><U110/><E106/><V91/><F118/><W18/><G43/><T31/><D133/><U78/><E29/><V59/><F117/><W85/><G127/><T28/><D46/><U130/><E110/><V123/><F123/><W115/><G121/><T102/><D1/><U44/><E130/><V126/><F126/><W111/><G111/><T4/><D4/><U98/><E98/><V7/><F3/><W128/><G128/><T93/><D10/><U37/><E37/><V12/><F66/><W131/><G131/><T55/><D56/><U51/><E14/><V92/><F81/><W90/><G90/><T9/><D9/><U6/><E6/><V105/><F105/><W40/><G40/><T38/><D38/><U48/><E73/><V75/><F75/><W113/><G11/><T24/><D102/><U39/><E39/><V77/><F77/><W41/><G41/><T17/><D17/><U71/><E78/><V34/><F50/><AGARI ba="0,0" hai="18,19,50,53,58,84,85,86,96,100,107,112,113,115" machi="50" ten="50,1600,0" yaku="15,1" doraHai="72" who="3" fromWho="2" sc="259,0,196,0,253,-16,292,16" owari="259,6.0,196,-30.0,237,-16.0,308,40.0" /></mjloggm>