<mjloggm ver="2.3"><GO type="169" lobby="0"/><UN n0="%E3%82%A6%E3%83%AB%E3%83%88%E3%83%A9%E7%AB%8B%E7%9B%B4" n1="%47%E3%83%A8%E9%BE%8D%E9%96%80" n2="%E3%82%AE%E3%82%AC%E3%83%9E%E3%82%A4%E3%83%B3" n3="%E3%81%82%E3%82%8B%E3%81%A1%E3%82%83%E3%82%93" dan="17,17,16,16" rate="2151.41,2139.99,2116.76,2026.11" sx="M,M,M,M"/><TAIKYOKU oya="0"/><INIT seed="0,0,0,0,3,77" ten="250,250,250,250" oya="0" hai0="119,94,29,76,38,82,43,49,80,115,72,42,62" hai1="59,5,108,63,104,73,84,3,37,41,34,44,114" hai2="6,132,130,93,100,78,15,127,134,98,61,87,116" hai3="97,35,40,21,126,79,19,99,11,28,89,70,113"/><T1/><D119/><U24/><E108/><V9/><F116/><W22/><G113/><T46/><D115/><U95/><E114/><V45/><F127/><W85/><G70/><T121/><D121/><U102/><E73/><V23/><F130/><W0/><G126/><T117/><D117/><U64/><E104/><V118/><F118/><W12/><G40/><T14/><D1/><U129/><E129/><V109/><F109/><W81/><G35/><T131/><D131/><U90/><E102/><V128/><F128/><W30/><G0/><T52/><D29/><N who="3" m="11369" /><G79/><T123/><D123/><U36/><E34/><V106/><F23/><AGARI ba="0,0" hai="11,12,19,21,22,23,81,85,89,97,99" m="11369" machi="23" ten="30,2000,0" yaku="8,1,52,1" doraHai="77" who="3" fromWho="2" sc="250,0,250,0,250,-20,250,20" /><INIT seed="1,0,0,1,0,126" ten="250,250,230,270" oya="1" hai0="108,6,50,60,95,44,48,41,13,85,99,88,80" hai1="33,134,2,66,45,101,87,38,78,128,23,39,70" hai2="100,56,34,123,68,79,94,127,105,103,4,7,121" hai3="51,120,110,74,59,61,22,29,118,69,32,19,124"/><U17/><E33/><V97/><F68/><W24/><G120/><T53/><D108/><U58/><E2/><V91/><F34/><W52/><G74/><T3/><D3/><U122/><E122/><V112/><F127/><W21/><G124/><T98/><D60/><U129/><E70/><V93/><F112/><W30/><G110/><T89/><D99/><U96/><E134/><V12/><F79/><W65/><G118/><T76/><D6/><N who="2" m="2090" /><F105/><W27/><REACH who="3" step="1"/><G32/><REACH who="3" ten="250,250,230,260" step="2"/><T8/><D8/><U49/><E87/><N who="2" m="52479" /><F123/><W54/><G54/><T116/><D116/><U84/><E84/><V92/><F121/><W42/><G42/><T15/><REACH who="0" step="1"/><D76/><REACH who="0" ten="240,250,230,260" step="2"/><U72/><E78/><V9/><F97/><W14/><G14/><T113/><D113/><U75/><E96/><V86/><F12/><W132/><G132/><T131/><D131/><N who="1" m="50251" /><E101/><V1/><F103/><W107/><G107/><T57/><AGARI ba="0,2" hai="13,15,41,44,48,50,53,57,80,85,88,89,95,98" machi="57" ten="20,8000,1" yaku="1,1,0,1,7,1,8,1,54,1,53,0" doraHai="126" doraHaiUra="28" who="0" fromWho="0" sc="240,100,250,-40,230,-20,260,-20" /><INIT seed="2,0,0,1,4,34" ten="340,210,210,240" oya="2" hai0="106,22,33,69,107,83,16,109,11,133,105,116,44" hai1="119,39,125,27,80,41,88,135,55,32,132,29,6" hai2="89,70,127,99,0,5,123,84,62,90,97,17,40" hai3="126,87,124,25,72,54,7,98,100,3,78,19,113"/><V24/><F123/><W28/><G72/><T103/><D33/><N who="1" m="20671" /><E119/><V48/><F127/><N who="3" m="48683" /><G113/><T134/><D69/><U71/><E32/><V12/><F70/><W37/><G37/><T18/><D109/><U91/><E125/><V51/><F62/><W14/><G54/><T59/><D59/><U117/><E117/><V76/><F76/><W2/><G7/><T120/><D120/><U31/><E31/><V108/><F108/><W21/><G87/><T43/><D83/><U13/><E71/><V112/><F112/><W61/><G61/><T45/><D103/><U85/><E55/><V10/><F24/><W52/><G52/><T82/><D82/><N who="1" m="49207" /><E41/><V131/><F40/><W47/><G47/><T110/><D110/><U35/><E39/><V57/><F48/><W64/><G64/><T102/><D102/><U77/><E35/><V101/><F51/><W114/><G78/><T53/><D53/><U50/><E50/><V79/><F57/><W56/><G56/><T8/><D43/><U96/><E77/><V122/><F79/><W36/><G36/><T66/><D66/><U73/><E73/><V60/><F122/><W15/><G114/><T38/><D38/><U26/><E80/><N who="2" m="49287" /><F60/><W68/><G68/><T75/><D75/><U65/><E65/><V23/><F99/><W121/><G121/><T118/><D107/><U104/><E104/><N who="2" m="63535" /><F90/><W115/><G115/><T74/><D74/><U92/><E26/><V63/><F63/><W129/><G25/><T130/><D22/><U111/><E111/><V95/><F95/><W67/><G21/><T9/><D9/><AGARI ba="0,0" hai="6,9,13,91,92,96,132,135" m="49207,20671" machi="9" ten="30,2000,0" yaku="6,1,54,1" doraHai="34" who="1" fromWho="0" sc="340,-20,210,20,210,0,240,0" /><INIT seed="3,0,0,5,2,72" ten="320,230,210,240" oya="3" hai0="40,79,129,64,83,34,107,113,105,27,106,121,84" hai1="88,92,44,115,91,43,114,101,133,111,2,125,20" hai2="104,22,5,103,56,65,47,109,68,77,37,73,119" hai3="100,120,124,6,1,18,102,49,25,130,14,50,58"/><W89/><G120/><T9/><D121/><U87/><E111/><V13/><F119/><W60/><G1/><T90/><D129/><U46/><E133/><V24/><F68/><W71/><G71/><T54/><D113/><U75/><E125/><V8/><F109/><W134/><G130/><T21/><D64/><U110/><E110/><V28/><F104/><W16/><G134/><T57/><D40/><U70/><E70/><V45/><F103/><N who="3" m="39467" /><G124/><T48/><D9/><U94/><E2/><V122/><F122/><W118/><G118/><T41/><D41/><U117/><E117/><V98/><F98/><W82/><G6/><T36/><D36/><U19/><E101/><V11/><F37/><W59/><G25/><T131/><D131/><U127/><E75/><V67/><F11/><N who="3" m="6239" /><G18/><T99/><D34/><U61/><E127/><V69/><F69/><W7/><G7/><T63/><D48/><N who="3" m="18537" /><G60/><T23/><REACH who="0" step="1"/><D27/><REACH who="0" ten="310,230,210,240" step="2"/><U76/><E115/><V93/><F24/><W0/><G0/><T31/><D31/><U52/><E114/><V97/><F28/><W95/><G82/><T38/><D38/><U53/><E43/><V30/><F30/><W128/><G128/><T4/><D4/><U74/><E61/><V10/><F5/><W35/><G35/><T112/><D112/><U51/><E51/><V85/><F10/><W96/><AGARI ba="0,1" hai="58,59,89,95,96" m="18537,6239,39467" machi="96" ten="30,3000,0" yaku="8,1,54,1" doraHai="72" who="3" fromWho="3" sc="310,-10,230,-10,210,-10,240,40" /><INIT seed="3,1,0,0,3,31" ten="300,220,200,280" oya="3" hai0="122,71,100,74,22,7,35,3,66,30,59,69,18" hai1="92,58,45,23,131,15,17,5,79,57,13,106,8" hai2="88,70,54,64,1,113,38,33,36,86,0,40,78" hai3="84,47,119,132,76,108,11,123,62,109,32,102,4"/><W12/><G123/><T50/><D74/><U89/><E131/><V2/><F33/><W133/><G119/><T135/><D122/><U103/><E106/><V63/><F113/><W107/><G62/><T116/><D100/><U118/><E103/><V43/><F78/><W126/><G126/><T87/><D87/><U72/><E118/><V112/><F112/><W93/><G47/><T94/><D94/><U27/><E72/><V124/><F124/><W134/><G32/><T67/><D135/><U99/><E79/><V127/><F127/><W82/><REACH who="3" step="1"/><G93/><REACH who="3" ten="300,220,200,270" step="2"/><T111/><D116/><U9/><REACH who="1" step="1"/><E45/><REACH who="1" ten="300,210,200,270" step="2"/><V14/><F63/><W125/><G125/><T96/><D71/><U77/><E77/><V130/><F130/><W121/><G121/><T105/><D69/><U21/><E21/><V61/><F70/><W104/><G104/><T115/><D22/><U34/><E34/><V56/><F61/><W81/><G81/><T24/><D35/><U29/><AGARI ba="1,2" hai="5,8,9,13,15,17,23,27,29,57,58,89,92,99" machi="29" ten="20,5200,0" yaku="1,1,0,1,7,1,8,1,53,0" doraHai="31" doraHaiUra="114" who="1" fromWho="1" sc="300,-14,210,75,200,-14,270,-27" /><INIT seed="4,0,0,2,5,8" ten="286,285,186,243" oya="0" hai0="49,83,25,31,48,104,130,111,134,43,105,121,58" hai1="87,37,120,33,63,68,19,20,102,61,24,84,3" hai2="10,106,23,64,70,88,135,79,129,36,67,116,30" hai3="17,81,6,115,96,18,29,54,77,85,22,72,128"/><T27/><D121/><U32/><E120/><V62/><F106/><W5/><G115/><T1/><D1/><U80/><E37/><V75/><F36/><W35/><G35/><T110/><D130/><U55/><E3/><V7/><F129/><W11/><G128/><T74/><D134/><U14/><E102/><V71/><F135/><W131/><G131/><T42/><D83/><U126/><E126/><V76/><F116/><W53/><G96/><T38/><D38/><U91/><E84/><V39/><F39/><W113/><G72/><T41/><D74/><U112/><E112/><V89/><F30/><W109/><G109/><N who="0" m="41483" /><D58/><U51/><E68/><V16/><F67/><W118/><G118/><T2/><D2/><U98/><E98/><V73/><F71/><W15/><G29/><T60/><D60/><U0/><E0/><V82/><F76/><W13/><REACH who="3" step="1"/><G113/><REACH who="3" ten="286,285,186,233" step="2"/><T95/><D31/><N who="1" m="17799" /><E32/><V21/><F73/><W97/><G97/><T123/><D123/><U66/><E33/><V28/><F28/><W117/><G117/><T45/><D105/><U26/><E66/><V47/><F64/><W114/><G114/><T46/><D104/><U94/><E26/><N who="0" m="9737" /><D95/><U69/><E94/><V86/><F75/><W125/><G125/><T122/><D122/><U107/><E107/><V132/><F132/><W56/><G56/><T93/><D93/><U99/><E69/><V50/><F70/><W40/><G40/><AGARI ba="0,1" hai="40,41,42,43,45,46,48,49" m="9737,41483" machi="40" ten="30,1500,0" yaku="10,1" doraHai="8" who="0" fromWho="3" sc="286,25,285,0,186,0,233,-15" /><INIT seed="4,1,0,3,5,40" ten="311,285,186,218" oya="0" hai0="107,11,103,90,61,4,88,59,0,89,97,47,9" hai1="65,10,124,135,5,123,119,77,134,64,14,53,17" hai2="101,1,41,128,85,38,45,78,126,116,15,69,39" hai3="102,49,96,3,74,75,46,82,94,109,13,129,111"/><T106/><D11/><U12/><E123/><V36/><F1/><W63/><G3/><T125/><D125/><U34/><E124/><V73/><F69/><W25/><G129/><T71/><D71/><U2/><E119/><V37/><F73/><W76/><G75/><T70/><D70/><U18/><E77/><V95/><F126/><W33/><G63/><T50/><D107/><U98/><E98/><V93/><F128/><W83/><G83/><T84/><D59/><U67/><E53/><V60/><F116/><W115/><G115/><T31/><D31/><U32/><E2/><V27/><F60/><W7/><G7/><T26/><D26/><U24/><E5/><V48/><N who="2" m="9216" /><DORA hai="42" /><V117/><F117/><W29/><REACH who="3" step="1"/><G13/><REACH who="3" ten="311,285,186,208" step="2"/><T62/><REACH who="0" step="1"/><D84/><REACH who="0" ten="301,285,186,208" step="2"/><U105/><E12/><V20/><F15/><W54/><AGARI ba="1,2" hai="25,29,33,46,49,54,74,76,82,94,96,102,109,111" machi="54" ten="20,16000,3" yaku="1,1,2,1,0,1,7,1,52,2,53,2" doraHai="40,42" doraHaiUra="120,87" who="3" fromWho="3" sc="301,-81,285,-41,186,-41,208,183" /><INIT seed="5,0,0,1,1,3" ten="220,244,145,391" oya="1" hai0="42,125,29,35,7,105,46,13,117,91,131,43,97" hai1="77,111,41,67,57,12,24,116,49,88,92,107,54" hai2="9,99,122,74,60,133,95,114,0,62,8,126,69" hai3="25,85,47,75,40,22,129,89,113,38,103,98,53"/><U83/><E116/><V44/><F74/><W23/><G75/><T102/><D117/><U26/><E107/><V115/><F122/><W90/><G129/><T21/><D131/><U101/><E111/><V132/><F44/><W45/><G113/><N who="2" m="43017" /><F126/><W135/><G135/><N who="2" m="51785" /><F69/><W19/><G53/><T2/><D91/><U51/><E101/><N who="2" m="60671" /><F9/><W118/><G47/><T6/><D46/><N who="1" m="25807" /><E67/><V96/><F96/><W14/><G98/><T56/><D125/><U27/><E77/><V16/><F0/><W36/><G45/><T121/><D121/><U112/><E112/><V72/><F72/><W18/><G23/><T104/><D43/><U119/><E119/><V31/><F31/><W1/><G22/><T100/><D42/><U84/><E83/><V109/><F109/><W48/><G40/><T130/><D2/><U78/><E78/><V65/><F65/><W70/><G1/><T30/><D97/><U87/><E84/><V32/><F32/><W10/><G85/><T55/><D35/><U123/><E123/><V68/><F68/><W59/><G70/><T127/><D127/><U15/><AGARI ba="0,0" hai="12,15,24,26,27,51,54,57,87,88,92" m="25807" machi="15" ten="30,3000,0" yaku="8,1,54,1" doraHai="3" who="1" fromWho="1" sc="220,-10,244,30,145,-10,391,-10" /><INIT seed="5,1,0,1,1,18" ten="210,274,135,381" oya="1" hai0="123,113,36,95,38,116,126,119,125,8,20,78,124" hai1="42,70,1,72,66,104,51,131,89,31,63,19,84" hai2="39,49,15,105,120,54,82,103,101,48,13,92,56" hai3="111,128,121,76,25,129,87,109,75,73,27,12,46"/><U67/><E131/><N who="3" m="50250" /><G121/><T97/><D8/><U93/><E72/><N who="3" m="27722" /><G46/><T71/><D78/><U6/><E104/><V52/><F39/><N who="0" m="14890" /><D71/><U86/><E31/><V68/><F105/><W29/><G12/><N who="2" m="4681" /><F68/><W9/><G9/><T99/><D113/><U127/><E127/><V50/><F120/><W3/><G3/><T98/><D123/><U55/><E1/><V33/><F33/><N who="3" m="20655" /><G27/><T26/><D95/><U60/><E6/><V5/><F5/><W77/><G87/><T16/><AGARI ba="1,0" hai="16,20,26,97,98,99,116,119,124,125,126" m="14890" machi="16" ten="40,5200,0" yaku="18,1,52,1,54,1" doraHai="18" who="0" fromWho="0" sc="210,55,274,-27,135,-14,381,-14" /><INIT seed="6,0,0,3,3,1" ten="265,247,121,367" oya="2" hai0="133,7,60,21,23,112,54,95,31,85,43,62,44" hai1="16,79,45,74,15,68,91,134,92,18,30,40,82" hai2="49,50,8,117,83,9,55,121,86,104,53,75,72" hai3="110,101,0,38,32,27,57,127,3,71,87,52,131"/><V69/><F104/><W47/><G71/><T128/><D112/><U41/><E134/><V114/><F69/><W81/><G110/><T25/><D128/><U65/><E30/><V66/><F66/><W22/><G101/><T13/><D54/><U14/><E68/><V35/><F35/><W107/><G32/><T132/><D95/><U28/><E28/><V119/><F86/><W64/><G107/><T20/><D85/><U97/><E65/><V122/><REACH who="2" step="1"/><F83/><REACH who="2" ten="265,247,111,367" step="2"/><W106/><G64/><T19/><D133/><U78/><E82/><V4/><F4/><W48/><G81/><T84/><D84/><U100/><E74/><V129/><F129/><W113/><G87/><T88/><D7/><U96/><E78/><V2/><F2/><W124/><G106/><T24/><D132/><U80/><E79/><V37/><F37/><W34/><G34/><T26/><D31/><U126/><E80/><V51/><F51/><W105/><G48/><N who="0" m="26655" /><D62/><U108/><E97/><V99/><F99/><W42/><G38/><T93/><D60/><U29/><E29/><V116/><F116/><W115/><G105/><T89/><D93/><U58/><E92/><V61/><F61/><W130/><G3/><T102/><D19/><U98/><E16/><V10/><F10/><W109/><G0/><T125/><D23/><U6/><E18/><V118/><F118/><W90/><G131/><T120/><D21/><U56/><E6/><V76/><F76/><W77/><G130/><T12/><D20/><U111/><E96/><V11/><F11/><W39/><G22/><T17/><D17/><RYUUKYOKU ba="0,1" sc="265,-10,247,-10,111,30,367,-10" hai2="8,9,49,50,53,55,72,75,114,117,119,121,122" /><INIT seed="6,1,1,0,0,120" ten="255,237,141,357" oya="2" hai0="117,75,25,78,128,46,80,16,56,39,15,104,5" hai1="96,126,71,50,112,125,108,14,111,131,82,0,9" hai2="124,92,2,43,122,19,28,53,32,51,97,93,87" hai3="41,106,74,23,59,24,66,44,18,47,90,114,61"/><V79/><F122/><W132/><G106/><T37/><D104/><U17/><E71/><V8/><F124/><N who="1" m="47721" /><E112/><V52/><F32/><W45/><G74/><T134/><D128/><U72/><E131/><V6/><F28/><W76/><G76/><T21/><D134/><U130/><E130/><V33/><F33/><W135/><G114/><T94/><D56/><U99/><E50/><V103/><F19/><W38/><G90/><T110/><D110/><N who="1" m="42027" /><E0/><V12/><F2/><W101/><G101/><T60/><D60/><U27/><E27/><V118/><F118/><W31/><G31/><T100/><D46/><U4/><E4/><V34/><F34/><W88/><G88/><T48/><D48/><U62/><E62/><V127/><F127/><W26/><G26/><T109/><D117/><U29/><E29/><V40/><F92/><W107/><G107/><T85/><D5/><U54/><E54/><N who="2" m="21099" /><F51/><W115/><G115/><T63/><D63/><U102/><E102/><V129/><F129/><W49/><G49/><T133/><D25/><U58/><E58/><V30/><F30/><W68/><G68/><T123/><D100/><U10/><E10/><V121/><F121/><W36/><G24/><T98/><D123/><U42/><E42/><V13/><F13/><N who="3" m="9679" /><G41/><T81/><D109/><U105/><E105/><V83/><AGARI ba="1,1" hai="6,8,12,40,43,79,83,87,93,97,103" m="21099" machi="83" ten="30,3000,0" yaku="8,1,54,1" doraHai="120" who="2" fromWho="2" sc="255,-11,237,-11,141,43,357,-11" /><INIT seed="6,2,0,4,0,103" ten="244,226,184,346" oya="2" hai0="67,23,121,6,56,107,66,57,112,106,46,73,64" hai1="63,35,94,31,129,30,55,37,24,105,130,82,16" hai2="114,84,60,120,28,108,54,42,25,65,18,134,119" hai3="3,122,47,86,93,39,27,49,92,81,36,85,104"/><V48/><F119/><W83/><G122/><T22/><D73/><U0/><E37/><V59/><F120/><W40/><G3/><T123/><D46/><U51/><E63/><V127/><F114/><W99/><G104/><N who="0" m="39979" /><D6/><U115/><E115/><V32/><F127/><W124/><G124/><T58/><D112/><U109/><E109/><V1/><F134/><W110/><G110/><T8/><D8/><U13/><E105/><V79/><F108/><W29/><G39/><T117/><D117/><U69/><E69/><V61/><F1/><W20/><G36/><T80/><D80/><N who="3" m="30793" /><G93/><T101/><D101/><AGARI ba="2,0" hai="20,27,29,40,47,49,85,86,92,99,101" m="30793" machi="101" ten="30,1000,0" yaku="8,1" doraHai="103" who="3" fromWho="0" sc="244,-16,226,0,184,0,346,16" /><INIT seed="7,0,0,3,2,5" ten="228,226,184,362" oya="3" hai0="68,123,35,63,50,57,110,4,89,27,20,26,30" hai1="132,6,13,79,1,134,100,92,17,114,87,53,112" hai2="96,135,0,99,98,41,51,22,83,36,94,15,55" hai3="103,115,39,42,77,101,131,91,19,48,38,106,85"/><W29/><G77/><T80/><D68/><U75/><E75/><V62/><F0/><W44/><G29/><T32/><D50/><U8/><E53/><V46/><F135/><N who="1" m="51753" /><E100/><V88/><F83/><W34/><G34/><T117/><D35/><U40/><E40/><V76/><F76/><W24/><G24/><T129/><D27/><U54/><E54/><V130/><F130/><W56/><G56/><T60/><D32/><U65/><E65/><V23/><F36/><W113/><G19/><T90/><D63/><U95/><E79/><V102/><F102/><W73/><G42/><T37/><D37/><U86/><E95/><V122/><F122/><W97/><G73/><T104/><D104/><U64/><E64/><V70/><F70/><W71/><G71/><T128/><D123/><U78/><E92/><V16/><F23/><W108/><G103/><T126/><D110/><U18/><E18/><V45/><F45/><W3/><G44/><T61/><D57/><AGARI ba="0,0" hai="15,16,22,41,46,51,55,57,62,88,94,96,98,99" machi="57" ten="40,5200,0" yaku="8,1,54,2" doraHai="5" who="2" fromWho="0" sc="228,-52,226,0,184,52,362,0" owari="176,-32.0,226,-17.0,236,4.0,362,45.0" /></mjloggm>