<mjloggm ver="2.3"><GO type="41" lobby="0"/><UN n0="%78%E3%83%AB%E3%83%AB%78" n1="%E5%B0%B1%E6%B4%BB%E7%94%9F%40%E5%B7%9D%E6%9D%91%E8%BB%8D%E5%9B%A3" n2="%4B%65%6E%74%61%72%6F%75" n3="%E3%81%9D%E3%81%86%E3%81%99%E3%81%91%EF%BC%A0%E3%82%B7%E3%82%B2" dan="15,16,14,13" rate="2014.01,2135.31,1902.92,1872.42" sx="M,M,M,M"/><TAIKYOKU oya="0"/><INIT seed="0,0,0,4,5,34" ten="250,250,250,250" oya="0" hai0="91,16,110,55,99,65,119,60,22,95,6,115,54" hai1="28,131,78,32,118,56,1,26,126,73,80,124,35" hai2="20,107,12,25,121,125,44,109,23,120,31,18,47" hai3="79,135,9,57,117,89,106,76,83,63,71,64,0"/><T13/><D119/><U94/><E118/><V93/><F107/><W36/><G117/><T129/><D115/><U108/><E108/><V87/><F125/><W30/><G106/><T112/><D112/><U90/><E131/><V37/><F109/><W17/><G135/><T103/><D129/><U50/><E32/><V116/><F116/><W19/><G36/><T70/><D110/><U33/><E33/><V8/><F37/><W27/><G71/><T10/><REACH who="0" step="1"/><D103/><REACH who="0" ten="240,250,250,250" step="2"/><U14/><E124/><V48/><F121/><W61/><G89/><T82/><D82/><U45/><E126/><V128/><F120/><W2/><G79/><T96/><D96/><U98/><E80/><V113/><F113/><W104/><G104/><T67/><D67/><U92/><E78/><V130/><F130/><W97/><G97/><T43/><D43/><U11/><E98/><V52/><F128/><W24/><G76/><T66/><D66/><U5/><E92/><V105/><F105/><W134/><G83/><T15/><AGARI ba="0,1" hai="6,10,13,15,16,22,54,55,60,65,70,91,95,99" machi="15" ten="20,7800,0" yaku="1,1,0,1,7,1,54,1,53,0" doraHai="34" doraHaiUra="46" who="0" fromWho="0" sc="240,88,250,-26,250,-26,250,-26" /><INIT seed="0,1,0,4,0,5" ten="328,224,224,224" oya="0" hai0="0,102,4,70,78,114,29,17,124,38,110,75,64" hai1="37,24,32,119,100,65,58,61,28,16,42,125,94" hai2="121,41,23,126,98,122,107,54,15,111,48,59,99" hai3="9,22,39,82,93,1,128,115,7,87,127,67,43"/><T66/><D114/><U52/><E119/><V47/><F111/><W60/><G115/><T36/><D124/><U109/><E125/><V103/><F126/><W35/><G35/><T31/><D102/><U56/><E109/><V112/><F112/><W123/><G127/><T40/><D110/><U130/><E130/><V116/><F99/><W96/><G128/><T81/><D17/><U34/><E34/><V74/><F74/><W20/><G123/><T33/><D36/><U105/><E105/><V97/><F97/><W12/><G1/><T27/><D31/><U53/><E56/><V14/><F116/><W104/><G104/><T30/><D30/><U68/><E68/><V44/><F44/><W131/><G131/><T21/><D21/><U113/><E113/><V73/><F73/><W120/><G120/><T26/><D26/><U19/><E37/><V134/><F15/><W84/><G43/><T86/><D86/><U10/><E42/><V129/><F129/><W133/><G84/><T95/><D95/><U72/><E72/><V62/><F134/><W63/><G133/><T11/><D70/><U118/><E118/><V90/><F90/><N who="3" m="55351" /><G67/><T25/><D25/><U132/><E132/><V8/><F23/><N who="3" m="8747" /><G39/><T2/><D2/><U18/><E94/><V76/><REACH who="2" step="1"/><F76/><AGARI ba="1,0" hai="7,9,12,60,63,76,82,87" m="8747,55351" machi="76" ten="30,2000,0" yaku="8,1,52,1" doraHai="5" who="3" fromWho="2" sc="328,0,224,0,224,-23,224,23" /><INIT seed="1,0,0,0,4,85" ten="328,224,201,247" oya="1" hai0="11,109,18,60,98,4,84,41,86,65,8,46,133" hai1="44,101,16,108,1,74,100,88,29,64,38,0,81" hai2="92,62,127,54,128,112,48,105,33,9,129,28,10" hai3="135,122,121,75,123,59,78,7,124,120,91,23,79"/><U37/><E29/><V50/><F105/><W69/><G75/><T17/><D133/><U115/><E115/><V24/><F112/><W89/><G135/><T113/><D109/><U39/><E108/><V111/><F111/><W55/><G69/><T80/><D98/><U83/><E64/><V103/><F62/><W131/><N who="3" m="31232" /><DORA hai="5" /><W110/><G110/><T73/><D73/><U99/><E44/><N who="2" m="27911" /><F50/><W43/><G43/><T30/><D30/><U15/><E81/><V27/><F27/><W52/><G59/><T66/><D86/><U106/><E100/><V58/><F58/><W126/><G23/><T116/><D116/><U53/><E53/><N who="3" m="20554" /><G7/><T32/><D32/><U118/><E118/><V117/><F117/><W107/><G131/><N who="2" m="50249" /><F127/><N who="3" m="48683" /><G107/><T132/><D4/><U25/><E25/><V104/><F104/><W72/><G72/><T130/><D132/><U77/><E1/><V42/><F42/><W51/><G51/><T26/><D41/><U40/><E0/><V95/><F103/><W20/><G20/><T45/><D113/><U12/><E40/><V49/><F49/><W31/><G31/><T68/><D68/><U21/><E15/><V2/><F2/><W93/><G93/><AGARI ba="0,0" hai="9,10,24,28,33,92,93,95" m="50249,27911" machi="93" ten="30,3900,0" yaku="19,1,52,2" doraHai="85,5" who="2" fromWho="3" sc="328,0,224,0,201,39,247,-39" /><INIT seed="2,0,0,2,4,19" ten="328,224,240,208" oya="2" hai0="26,23,54,77,44,3,31,86,57,121,4,128,13" hai1="27,58,91,92,24,60,101,37,97,95,134,135,85" hai2="83,53,41,90,30,43,29,120,76,103,5,133,40" hai3="67,111,93,87,59,82,73,89,84,52,105,28,51"/><V18/><F120/><W125/><G105/><T66/><D121/><U45/><E37/><V122/><F122/><W108/><G73/><T110/><D3/><U22/><E45/><V6/><F133/><W21/><G67/><T119/><D110/><N who="3" m="42025" /><G125/><T68/><D128/><U102/><E102/><V100/><F90/><N who="3" m="51479" /><G28/><T78/><D66/><U72/><E72/><V7/><F53/><W20/><AGARI ba="0,0" hai="20,21,51,52,59,87,89,93" m="51479,42025" machi="20" ten="30,7900,0" yaku="14,1,52,2,54,1" doraHai="19" who="3" fromWho="3" sc="328,-20,224,-20,240,-39,208,79" /><INIT seed="3,0,0,3,3,113" ten="308,204,201,287" oya="3" hai0="2,53,102,10,64,63,116,78,119,44,97,8,40" hai1="132,107,60,51,24,56,35,27,125,99,48,71,72" hai2="23,37,14,81,122,101,100,1,70,74,85,103,25" hai3="124,41,109,128,0,133,4,19,117,88,5,43,131"/><W54/><G117/><T15/><D78/><U118/><E72/><V80/><F70/><W11/><G124/><T6/><D53/><U73/><E73/><V31/><F1/><W93/><G133/><T17/><D63/><U57/><E118/><V39/><F74/><W67/><G67/><T28/><D28/><U123/><E132/><V115/><F115/><W134/><G134/><T58/><D58/><U55/><E123/><V21/><F122/><W16/><G5/><T82/><D82/><U77/><E125/><V36/><F85/><N who="3" m="52367" /><G54/><T79/><D79/><U104/><E77/><V46/><REACH who="2" step="1"/><F46/><REACH who="2" ten="308,204,191,287" step="2"/><W108/><G43/><T29/><D29/><U95/><E71/><V96/><F96/><W34/><G41/><T110/><D64/><U45/><E104/><V3/><F3/><W13/><G34/><T112/><D112/><U66/><E107/><V33/><F33/><W91/><G91/><T127/><D127/><U76/><E76/><V90/><F90/><W83/><G83/><T129/><D2/><U65/><E35/><V47/><F47/><W30/><G30/><T114/><D114/><U7/><E7/><V126/><F126/><W42/><G42/><T121/><D6/><U22/><E99/><V87/><F87/><W32/><G32/><T92/><D97/><U135/><E66/><V98/><F98/><W106/><G106/><T89/><D40/><U18/><E135/><V75/><F75/><W105/><G105/><T12/><D116/><U26/><E95/><V94/><F94/><W20/><G19/><AGARI ba="0,1" hai="14,19,21,23,25,31,36,37,39,80,81,100,101,103" machi="19" ten="50,1600,0" yaku="1,1,53,0" doraHai="113" doraHaiUra="120" who="2" fromWho="3" sc="308,0,204,0,191,26,287,-16" /><INIT seed="4,0,0,5,5,60" ten="308,204,217,271" oya="0" hai0="48,0,121,20,116,107,24,109,85,23,84,32,19" hai1="112,134,111,43,21,99,122,29,61,104,45,44,51" hai2="110,35,27,3,129,118,2,37,18,40,1,10,106" hai3="93,50,13,79,54,66,117,135,22,83,98,127,8"/><T126/><D107/><U68/><E122/><V38/><F110/><W125/><G117/><T30/><D116/><U77/><E111/><V92/><F106/><W130/><G22/><T17/><D121/><U16/><E134/><V62/><F118/><W52/><G66/><T67/><D126/><N who="3" m="48137" /><G50/><T97/><D97/><U115/><E29/><V103/><F129/><W47/><G47/><T11/><D48/><U57/><E77/><V25/><F35/><W14/><G130/><T101/><D101/><N who="1" m="62527" /><E68/><V33/><F33/><W108/><G108/><T119/><D119/><U114/><E51/><V71/><F40/><W132/><G83/><T49/><D49/><U80/><E80/><V94/><F38/><W113/><G79/><T46/><D46/><U15/><E43/><V26/><F37/><W105/><G105/><T75/><D75/><U4/><E4/><V73/><F73/><W36/><G36/><T90/><D67/><AGARI ba="0,0" hai="15,16,21,44,45,57,61,67,112,114,115" m="62527" machi="67" ten="30,7700,0" yaku="15,1,11,1,52,1,54,1" doraHai="60" who="1" fromWho="0" sc="308,-77,204,77,217,0,271,0" /><INIT seed="5,0,0,5,5,15" ten="231,281,217,271" oya="1" hai0="18,51,35,12,40,75,119,69,99,6,112,58,132" hai1="2,56,76,17,14,30,134,0,13,16,62,46,85" hai2="100,68,73,106,79,31,72,32,98,83,42,125,59" hai3="110,3,21,38,116,118,91,94,43,53,20,39,24"/><U33/><E134/><V5/><F125/><W126/><G3/><T133/><D75/><U4/><E33/><V124/><F124/><W19/><G126/><T92/><D35/><U41/><E30/><V127/><F127/><W101/><G101/><N who="0" m="60647" /><D69/><U90/><E76/><V36/><F59/><W93/><G43/><T135/><D119/><N who="3" m="45609" /><G53/><N who="0" m="32063" /><D112/><U63/><E4/><V1/><F68/><W26/><G110/><T9/><D40/><U111/><E111/><V102/><F102/><W78/><G78/><T64/><D64/><U67/><E62/><V65/><F65/><W95/><G91/><T48/><D48/><N who="1" m="26703" /><E2/><V25/><F73/><W107/><G107/><T105/><D105/><U61/><E0/><V113/><F113/><W57/><G57/><T66/><D66/><U115/><E115/><V88/><F88/><W120/><G120/><T28/><D28/><AGARI ba="0,0" hai="19,20,21,24,26,28,38,39,93,94,95" m="45609" machi="28" ten="30,2000,0" yaku="12,1,52,1" doraHai="15" who="3" fromWho="0" sc="231,-20,281,0,217,0,271,20" /><INIT seed="6,0,0,1,4,32" ten="211,281,217,291" oya="2" hai0="90,42,73,100,111,112,129,132,16,126,104,67,124" hai1="6,83,72,84,9,95,4,96,127,43,81,36,35" hai2="118,41,52,40,10,33,117,70,133,86,105,45,115" hai3="37,114,53,75,102,56,57,19,5,21,78,77,107"/><V68/><F33/><W94/><G107/><T85/><D73/><U44/><E35/><V91/><F105/><W0/><G37/><T79/><D111/><U131/><E131/><V76/><F76/><W46/><G75/><T98/><D79/><N who="1" m="44263" /><E127/><N who="0" m="48681" /><D132/><U34/><E34/><V18/><F133/><W13/><G114/><T88/><D129/><U49/><E4/><V99/><F99/><N who="3" m="59767" /><G0/><T69/><D42/><U29/><E29/><V130/><F115/><W103/><G103/><T55/><D55/><U80/><E84/><V22/><F10/><N who="3" m="4303" /><G77/><T101/><D101/><N who="1" m="60575" /><E49/><V119/><F130/><W63/><G78/><T59/><D69/><U62/><E62/><V30/><F30/><W61/><G46/><T93/><D90/><U50/><E50/><V38/><F52/><N who="3" m="33927" /><G21/><T24/><D112/><U60/><E60/><V12/><REACH who="2" step="1"/><F41/><REACH who="2" ten="211,281,207,291" step="2"/><W74/><G74/><T97/><D104/><U82/><E43/><V134/><F134/><W3/><G3/><T31/><D100/><U65/><E9/><V1/><F1/><W106/><G106/><T64/><D31/><U8/><E65/><V87/><F87/><W11/><G11/><T47/><D67/><U110/><E8/><V92/><AGARI ba="0,1" hai="12,18,22,38,40,45,68,70,86,91,92,117,118,119" machi="92" ten="30,3000,0" yaku="1,1,0,1,53,0" doraHai="32" doraHaiUra="125" who="2" fromWho="2" sc="211,-10,281,-10,207,40,291,-10" /><INIT seed="6,1,0,2,2,51" ten="201,271,247,281" oya="2" hai0="55,16,112,125,57,39,78,65,73,13,131,15,118" hai1="50,99,7,23,53,35,64,60,96,58,0,36,20" hai2="121,52,122,44,24,12,132,45,6,40,92,10,105" hai3="114,2,87,130,46,82,108,70,30,116,66,86,103"/><V133/><F105/><W91/><G116/><T104/><D39/><U107/><E35/><V90/><F24/><W67/><G108/><T22/><D104/><U18/><E36/><V8/><F8/><W127/><G2/><T101/><D101/><U32/><E32/><V54/><F122/><W135/><G30/><T3/><D3/><U43/><E43/><V69/><F69/><W97/><G70/><T21/><D118/><U128/><E128/><V124/><F121/><W88/><G130/><T27/><D131/><U26/><E107/><V126/><F45/><W76/><G114/><T106/><D106/><U29/><E7/><V19/><F6/><W84/><G127/><N who="2" m="48681" /><F40/><W9/><G135/><N who="2" m="51785" /><F44/><W37/><G9/><T120/><D125/><U110/><E0/><V1/><F1/><W93/><G46/><T25/><D120/><U49/><E110/><V31/><F31/><W77/><G37/><T62/><D112/><U89/><E89/><N who="3" m="34378" /><G66/><T81/><D65/><U72/><E72/><V33/><F33/><W115/><G67/><T28/><AGARI ba="1,0" hai="13,15,16,21,22,25,27,28,55,57,62,73,78,81" machi="28" ten="20,5200,0" yaku="0,1,7,1,52,1,54,1" doraHai="51" who="0" fromWho="0" sc="201,55,271,-14,247,-27,281,-14" /><INIT seed="7,0,0,2,4,51" ten="256,257,220,267" oya="3" hai0="91,128,59,21,20,129,6,131,77,4,123,127,38" hai1="80,97,43,48,82,32,16,93,106,25,58,103,65" hai2="26,85,72,135,99,24,101,14,55,57,114,122,15" hai3="40,9,49,13,63,17,11,39,105,22,64,113,90"/><W31/><G105/><T69/><D38/><U81/><E32/><V111/><F72/><W10/><G39/><T29/><D69/><U54/><E43/><V12/><F111/><W107/><G107/><T74/><D123/><U3/><E3/><V76/><F122/><W109/><G109/><T125/><D91/><U117/><E117/><V66/><F66/><W92/><G113/><T18/><D77/><U56/><E106/><V118/><F118/><W88/><G92/><T115/><D59/><N who="1" m="33223" /><E65/><V36/><F36/><W98/><G98/><T73/><D74/><U78/><E78/><V132/><F114/><W53/><G31/><T7/><D73/><U130/><E130/><V60/><F85/><W34/><G34/><T120/><D115/><U133/><E133/><N who="2" m="51275" /><F76/><W23/><G22/><AGARI ba="0,0" hai="16,22,25,56,58,80,81,82,93,97,103" m="33223" machi="22" ten="30,3900,0" yaku="8,1,52,1,54,1" doraHai="51" who="1" fromWho="3" sc="256,0,257,39,220,0,267,-39" /><INIT seed="8,0,0,5,2,47" ten="256,296,220,228" oya="0" hai0="73,46,121,72,67,54,71,122,84,33,108,6,105" hai1="112,125,103,58,17,40,62,134,36,15,9,14,51" hai2="124,48,65,93,39,98,2,101,44,18,59,132,25" hai3="102,22,91,0,97,88,70,130,34,20,79,43,7"/><T89/><D105/><U77/><E36/><V12/><F2/><W90/><G34/><T29/><D108/><U11/><E125/><V119/><F39/><W38/><G70/><T19/><D6/><N who="1" m="3383" /><E134/><V100/><F132/><W96/><G130/><T41/><D19/><U104/><E104/><V30/><F124/><W92/><G79/><T53/><D29/><U75/><E75/><V86/><F119/><W50/><G38/><T60/><D33/><U69/><E112/><V76/><F101/><W3/><G3/><T115/><D115/><U128/><E69/><V57/><F65/><W118/><G118/><T123/><D72/><U61/><E128/><V107/><F30/><W8/><REACH who="3" step="1"/><G97/><REACH who="3" ten="256,296,220,218" step="2"/><T42/><D73/><U1/><E1/><V49/><F76/><W74/><G74/><T26/><D122/><U129/><E129/><V95/><F86/><W31/><G31/><T87/><D123/><U16/><E77/><V37/><F37/><W114/><G114/><T113/><D113/><U117/><E117/><V135/><F135/><W126/><G126/><T120/><D120/><U21/><E103/><V66/><F107/><W109/><G109/><T116/><D71/><U24/><E40/><N who="2" m="24583" /><F25/><W45/><AGARI ba="0,1" hai="0,7,8,20,22,43,45,50,88,90,91,92,96,102" machi="45" ten="30,7900,0" yaku="1,1,0,1,52,1,54,1,53,0" doraHai="47" doraHaiUra="63" who="3" fromWho="3" sc="256,-39,296,-20,220,-20,218,89" owari="217,-18.0,276,8.0,200,-30.0,307,40.0" /></mjloggm>