<mjloggm ver="2.3"><GO type="97" lobby="0"/><UN n0="%E3%83%88%E3%83%88%E3%83%AA%E5%85%88%E7%94%9F%31%39%E6%AD%B3" n1="%E3%83%84%E3%83%8E%E3%82%AB%E3%83%8E%E2%85%A3" n2="%33%E3%82%B3%E3%83%AD" n3="%61%63%75%74%65" dan="15,13,14,15" rate="2043.66,1823.59,1915.27,2051.93" sx="F,F,M,M"/><TAIKYOKU oya="0"/><INIT seed="0,0,0,0,5,17" ten="250,250,250,250" oya="0" hai0="50,128,85,82,100,20,114,90,101,103,125,73,117" hai1="1,42,107,51,102,126,127,86,2,78,18,25,52" hai2="22,30,89,46,67,110,43,129,6,53,39,109,88" hai3="36,15,134,122,118,111,106,71,61,3,32,10,33"/><T21/><D114/><U113/><E113/><V28/><F67/><W12/><RYUUKYOKU type="yao9" ba="0,0" sc="250,0,250,0,250,0,250,0" hai3="3,10,12,15,32,33,36,61,71,106,111,118,122,134" /><INIT seed="0,1,0,3,1,125" ten="250,250,250,250" oya="0" hai0="62,78,11,91,94,27,38,98,119,14,105,123,135" hai1="43,34,49,48,74,37,22,72,55,47,109,26,7" hai2="95,40,92,9,107,83,16,30,111,80,84,93,87" hai3="122,5,29,132,73,56,110,89,79,108,76,51,70"/><T46/><D119/><U77/><E109/><N who="3" m="42090" /><G70/><T120/><D135/><U52/><E34/><V64/><F107/><W25/><G132/><T103/><D78/><U17/><E7/><V106/><F106/><W65/><G122/><T19/><D38/><U4/><E4/><V99/><F111/><W61/><G5/><T126/><D126/><U0/><E0/><V54/><F30/><W32/><G89/><T66/><D46/><U12/><E26/><V115/><F115/><W134/><G134/><T71/><REACH who="0" step="1"/><D27/><REACH who="0" ten="240,250,250,250" step="2"/><U97/><E77/><N who="3" m="29770" /><G73/><T44/><D44/><U121/><E37/><V113/><F113/><W21/><G51/><T75/><D75/><U15/><E47/><V28/><F99/><AGARI ba="1,1" hai="11,14,19,62,66,71,91,94,98,99,103,105,120,123" machi="99" ten="30,2900,0" yaku="1,1,7,1,53,0" doraHai="125" doraHaiUra="128" who="0" fromWho="2" sc="240,42,250,0,250,-32,250,0" /><INIT seed="0,2,0,4,0,56" ten="282,250,218,250" oya="0" hai0="101,65,52,37,19,54,55,76,60,36,118,3,120" hai1="69,17,49,23,133,121,68,45,58,63,0,50,21" hai2="119,105,10,29,89,91,42,109,78,83,40,77,116" hai3="113,93,24,20,74,33,95,112,117,7,114,122,14"/><T48/><D118/><N who="2" m="45098" /><F105/><W11/><G74/><T90/><D3/><U130/><E121/><V99/><F29/><N who="3" m="19623" /><G117/><T32/><D32/><U102/><E130/><V25/><F25/><W2/><G93/><T124/><D120/><U59/><E133/><V94/><F109/><W81/><G95/><T8/><D124/><U131/><E131/><V73/><F10/><N who="3" m="2423" /><G81/><T84/><D101/><U75/><E102/><V16/><F77/><W13/><G122/><T87/><D76/><U100/><E100/><V41/><F89/><W30/><G30/><T129/><D129/><U9/><E75/><V98/><F16/><N who="3" m="10255" /><G114/><T125/><D87/><AGARI ba="2,0" hai="40,41,42,73,78,83,87,91,94,98,99" m="45098" machi="87" ten="30,1000,0" yaku="12,1" doraHai="56" who="2" fromWho="0" sc="282,-16,250,0,218,16,250,0" /><INIT seed="1,0,0,1,0,114" ten="266,250,234,250" oya="1" hai0="39,126,89,115,0,118,20,65,7,36,88,12,116" hai1="51,110,83,63,29,78,125,94,9,64,4,128,123" hai2="100,112,105,121,21,106,66,23,48,42,32,131,119" hai3="77,70,134,60,75,129,26,28,68,58,37,80,56"/><U132/><E123/><V57/><F32/><W59/><G37/><T85/><D115/><U17/><E125/><V8/><F112/><W97/><G134/><T90/><D126/><U135/><E128/><V50/><F121/><W82/><G129/><T108/><D0/><U33/><E17/><V41/><F8/><W15/><G15/><T24/><D108/><U10/><E51/><V34/><F34/><W1/><G1/><T103/><D85/><U84/><E94/><V107/><F100/><W25/><G97/><T61/><D103/><U113/><E113/><V22/><F131/><W45/><G82/><T53/><D53/><U69/><E110/><V40/><F119/><W35/><G25/><T13/><D39/><U46/><E46/><V2/><F2/><W16/><G45/><T87/><D87/><U31/><E33/><V122/><F122/><W104/><G104/><T93/><D36/><U124/><E124/><V19/><F19/><W54/><G16/><T43/><D43/><U99/><E99/><V67/><F57/><W49/><REACH who="3" step="1"/><G58/><REACH who="3" ten="266,250,234,240" step="2"/><N who="0" m="37047" /><D93/><U27/><E27/><V101/><F101/><W3/><G3/><T76/><D12/><N who="1" m="5159" /><E10/><V133/><F133/><AGARI ba="0,1" hai="29,31,63,64,69,78,83,84,132,133,135" m="5159" machi="133" ten="30,1500,0" yaku="20,1" doraHai="114" who="1" fromWho="2" sc="266,0,250,25,234,-15,240,0" /><INIT seed="1,1,0,0,2,50" ten="266,275,219,240" oya="1" hai0="114,124,89,132,126,54,5,49,116,80,12,16,37" hai1="123,104,115,38,11,8,74,112,22,63,3,48,23" hai2="94,27,58,36,44,31,25,26,10,59,106,9,70" hai3="53,75,4,101,61,35,52,97,43,102,13,20,15"/><U62/><E123/><V2/><F70/><W121/><G121/><T29/><D114/><U78/><E48/><V88/><F106/><W18/><G35/><T96/><D116/><U57/><E104/><V110/><F110/><W134/><G75/><T130/><D37/><U100/><E38/><V83/><F83/><W98/><G134/><T51/><D132/><U32/><E32/><V85/><F31/><W82/><G43/><T92/><D130/><U79/><E74/><V21/><F21/><W87/><G61/><T69/><D51/><U34/><E34/><V111/><F111/><W67/><G67/><T95/><D69/><U127/><E57/><V120/><F120/><W119/><G119/><T125/><D29/><U90/><E100/><N who="3" m="38506" /><G4/><T6/><D92/><U64/><E64/><V71/><F71/><W129/><G13/><T93/><D93/><U24/><E24/><V108/><F108/><W105/><G105/><T17/><D80/><U103/><E103/><V84/><F2/><W122/><G129/><T41/><D41/><U77/><E77/><V30/><F30/><W60/><G122/><T66/><D66/><U113/><E113/><V39/><F36/><W46/><G46/><N who="0" m="27959" /><D17/><U55/><E3/><V68/><F68/><W47/><G47/><T76/><D76/><U131/><E131/><V56/><REACH who="2" step="1"/><F85/><REACH who="2" ten="266,275,209,240" step="2"/><W81/><G81/><T19/><D12/><U65/><E115/><V42/><AGARI ba="1,1" hai="9,10,25,26,27,39,42,44,56,58,59,84,88,94" machi="42" ten="40,8000,1" yaku="1,1,2,1,0,1,54,1,53,0" doraHai="50" doraHaiUra="45" who="2" fromWho="2" sc="266,-21,275,-41,209,93,240,-21" /><INIT seed="2,0,0,4,2,134" ten="245,234,302,219" oya="2" hai0="55,2,95,16,113,85,43,3,72,74,30,116,91" hai1="99,40,104,41,64,63,22,60,87,11,117,9,65" hai2="79,57,75,110,31,5,49,38,50,15,135,0,70" hai3="10,114,67,66,131,112,35,120,96,80,119,108,23"/><V36/><F70/><W7/><G35/><T71/><D113/><N who="3" m="43625" /><G119/><T52/><D71/><U97/><E22/><V4/><F0/><W21/><G120/><T46/><D116/><U118/><REACH who="1" step="1"/><E87/><REACH who="1" ten="245,224,302,219" step="2"/><V115/><F115/><W90/><G131/><T106/><D74/><U44/><E44/><V100/><F75/><W29/><G108/><T17/><D72/><U59/><E59/><V42/><F57/><W37/><G37/><T101/><D46/><U77/><E77/><V48/><F79/><W73/><G29/><T26/><D85/><U84/><E84/><V34/><F31/><W133/><G23/><T93/><D30/><U6/><E6/><V78/><F34/><W13/><G21/><T89/><D17/><U123/><E123/><V24/><F78/><N who="3" m="44111" /><G133/><T25/><D16/><U1/><E1/><V125/><F135/><W82/><G82/><T132/><D132/><U88/><E88/><V126/><F110/><W109/><G109/><T103/><D3/><U45/><E45/><V53/><F100/><W107/><G90/><T20/><D2/><U122/><E122/><V62/><F4/><W102/><AGARI ba="0,1" hai="7,10,13,66,67,96,102,107" m="44111,43625" machi="102" ten="30,1100,0" yaku="11,1" doraHai="134" who="3" fromWho="3" sc="245,-3,224,-3,302,-5,219,21" /><INIT seed="3,0,0,3,1,48" ten="242,221,297,240" oya="3" hai0="77,6,109,31,15,11,75,114,90,102,119,100,35" hai1="33,44,86,111,37,133,106,60,24,12,69,82,80" hai2="117,17,50,38,9,123,63,3,8,83,87,103,135" hai3="66,74,126,64,4,45,27,92,121,105,2,39,107"/><W18/><G74/><T84/><D119/><U30/><E111/><V95/><F3/><W14/><G121/><T71/><D71/><U20/><E133/><V134/><F38/><W65/><G126/><T28/><D109/><U88/><E106/><V91/><F117/><W36/><G27/><T42/><D114/><U49/><E37/><V116/><F116/><W10/><G92/><T129/><D129/><U128/><E128/><V47/><F63/><W46/><G39/><T101/><D35/><U76/><E76/><N who="2" m="46567" /><F103/><W7/><G7/><T25/><D42/><U32/><E12/><V23/><F123/><W22/><REACH who="3" step="1"/><G46/><REACH who="3" ten="242,221,297,230" step="2"/><T78/><D75/><U43/><REACH who="1" step="1"/><E80/><REACH who="1" ten="242,211,297,230" step="2"/><V127/><F134/><W115/><G115/><T41/><D25/><U34/><E34/><V131/><F135/><W81/><G81/><T54/><D15/><U125/><E125/><V85/><F127/><W112/><G112/><T124/><D124/><U72/><E72/><V16/><F131/><W67/><N who="3" m="16896" /><DORA hai="96" /><W61/><G61/><T21/><D6/><U29/><E29/><V19/><F23/><W118/><G118/><T94/><D21/><U97/><E97/><V13/><F13/><W89/><G89/><T108/><D108/><U5/><E5/><V110/><F110/><W122/><G122/><T51/><D31/><U99/><E99/><V104/><F104/><W58/><G58/><N who="0" m="33119" /><D28/><U0/><E0/><V53/><AGARI ba="0,2" hai="8,9,16,17,19,47,50,53,85,91,95" m="46567" machi="53" ten="30,4000,0" yaku="8,1,52,1,54,1" doraHai="48,96" who="2" fromWho="2" sc="242,-10,211,-10,297,60,230,-20" owari="232,3.0,201,-30.0,357,46.0,210,-19.0" /></mjloggm>