<mjloggm ver="2.3"><GO type="225" lobby="0"/><UN n0="%6B%69%74%70%6F%77%35" n1="%E3%83%89%E3%83%A9%E3%83%AD%E3%83%B3%E3%83%80%E3%82%A4%E3%83%B4" n2="%E3%83%88%E3%83%88%E3%83%AA%E5%85%88%E7%94%9F%31%39%E6%AD%B3" n3="%E3%82%BF%E3%82%B3%EF%BC%92%EF%BC%95%EF%BC%92%EF%BC%95" dan="16,17,16,16" rate="2060.29,2134.38,2158.24,2107.62" sx="M,M,F,M"/><TAIKYOKU oya="0"/><INIT seed="0,0,0,3,4,9" ten="250,250,250,250" oya="0" hai0="81,133,18,70,48,113,49,91,63,40,120,8,112" hai1="58,126,92,65,95,110,99,2,69,26,6,88,86" hai2="57,64,74,72,19,87,55,116,78,13,15,12,127" hai3="124,53,46,71,16,85,20,100,62,93,50,54,1"/><T128/><D120/><U35/><E69/><V10/><F127/><W41/><G124/><T79/><D133/><U80/><E126/><V115/><F115/><W17/><G1/><T39/><D128/><U61/><E110/><V52/><F116/><W75/><G75/><T89/><D39/><U73/><E73/><V125/><F125/><W84/><G17/><T28/><D28/><U27/><E35/><V56/><F72/><W51/><G71/><T34/><D34/><U107/><E107/><V83/><F64/><W60/><G41/><T59/><D70/><U123/><E123/><V45/><F45/><W119/><G119/><T132/><D132/><U131/><E131/><V30/><F74/><W0/><G0/><T135/><D135/><U43/><E43/><V7/><F30/><W82/><G100/><T117/><D117/><U118/><E118/><V111/><F111/><W108/><G108/><T44/><D49/><U31/><E31/><V11/><F15/><N who="3" m="9247" /><G93/><T47/><D113/><U101/><REACH who="1" step="1"/><E80/><REACH who="1" ten="250,240,250,250" step="2"/><V129/><F129/><W3/><G82/><T67/><D112/><U96/><E96/><V23/><F23/><W122/><G122/><T25/><D81/><U90/><E90/><V121/><F121/><W103/><G103/><T106/><D106/><U76/><E76/><V104/><F104/><W68/><G68/><T66/><D91/><U105/><E105/><V24/><F24/><W38/><G84/><T97/><D89/><U134/><E134/><V102/><F102/><W94/><G85/><T33/><D79/><U29/><E29/><V114/><F114/><RYUUKYOKU ba="0,1" sc="250,-15,240,15,250,15,250,-15" hai1="2,6,26,27,58,61,65,86,88,92,95,99,101" hai2="7,10,11,12,13,19,52,55,56,57,78,83,87" /><INIT seed="1,1,1,4,5,110" ten="235,255,265,235" oya="1" hai0="109,121,46,101,119,82,80,130,131,16,73,83,60" hai1="91,98,14,17,102,24,64,7,85,115,51,28,112" hai2="12,35,8,59,65,78,129,117,10,76,47,40,68" hai3="133,106,96,31,58,39,95,126,88,99,50,55,67"/><U21/><E7/><V42/><F35/><W32/><G39/><T62/><D109/><U103/><E64/><V18/><F117/><W61/><G126/><T79/><D119/><U69/><E69/><V81/><F68/><W45/><G133/><T104/><D121/><U120/><E120/><V37/><F129/><N who="0" m="49162" /><D101/><U108/><E108/><V111/><F111/><W4/><G4/><T124/><D104/><U71/><E71/><V114/><F114/><W70/><G106/><T56/><D124/><U33/><E51/><N who="2" m="27111" /><F42/><W89/><G32/><T0/><D0/><U44/><E44/><V113/><F113/><W52/><G31/><T48/><D16/><U23/><E33/><V54/><F65/><W84/><G89/><T134/><D134/><U93/><E103/><V105/><F37/><W107/><REACH who="3" step="1"/><G107/><AGARI ba="1,1" hai="14,17,21,23,24,28,85,91,93,98,102,107,112,115" machi="107" ten="30,5800,0" yaku="7,1,52,2" doraHai="110" who="1" fromWho="3" sc="235,0,255,71,265,0,235,-61" /><INIT seed="1,2,0,2,3,19" ten="235,326,265,174" oya="1" hai0="50,76,107,92,23,119,120,46,121,115,103,54,134" hai1="63,117,27,114,113,39,116,130,40,109,29,1,84" hai2="66,132,129,123,128,131,25,105,26,102,47,96,60" hai3="118,87,12,34,68,90,73,74,59,69,57,41,0"/><U101/><E1/><V124/><F123/><W86/><G34/><T100/><D119/><U18/><E130/><V82/><F124/><W64/><G118/><T48/><D107/><U37/><E117/><V62/><F132/><W55/><G0/><T4/><D134/><U75/><E75/><V8/><F8/><W44/><G12/><T38/><D38/><U80/><E116/><V28/><F25/><W112/><G112/><T127/><D127/><U89/><E109/><V85/><F47/><W45/><G41/><T52/><D76/><U125/><E125/><V2/><F2/><W15/><G15/><T9/><D115/><U56/><E37/><V11/><F11/><W3/><G3/><T53/><D9/><U99/><E18/><V122/><F122/><N who="0" m="47210" /><D4/><U94/><E40/><V61/><F85/><W111/><G111/><T110/><D110/><U6/><E6/><V35/><REACH who="2" step="1"/><F82/><REACH who="2" ten="235,326,255,174" step="2"/><W22/><G22/><T88/><D46/><U133/><E133/><V49/><F49/><N who="0" m="19050" /><D23/><U5/><E39/><V13/><F13/><W70/><G86/><AGARI ba="2,1" hai="52,53,54,86,88,92,100,103" m="19050,47210" machi="86" ten="30,3900,0" yaku="13,1,54,2" doraHai="19" who="0" fromWho="3" sc="235,55,326,0,255,0,174,-45" /><INIT seed="2,0,0,1,4,47" ten="290,326,255,129" oya="2" hai0="2,55,50,54,9,134,94,34,128,98,88,112,5" hai1="15,14,89,62,6,82,43,110,132,8,26,90,105" hai2="27,44,46,67,99,83,40,131,75,60,71,21,125" hai3="17,58,85,68,42,126,116,104,57,80,52,20,133"/><V61/><F131/><W13/><G104/><T122/><D34/><U41/><E105/><V115/><F115/><W119/><G68/><T53/><D128/><U93/><E110/><V107/><F125/><W35/><G126/><T73/><D112/><U22/><E132/><V127/><F127/><W118/><G133/><T87/><D73/><U51/><E15/><V1/><F1/><W3/><G35/><T81/><D134/><U30/><E62/><V79/><F61/><W16/><G3/><T135/><D135/><U63/><E63/><V59/><F71/><W117/><N who="3" m="29696" /><DORA hai="84" /><W39/><G17/><T49/><REACH who="0" step="1"/><D122/><REACH who="0" ten="280,326,255,129" step="2"/><U97/><E51/><V37/><F37/><W129/><G129/><T65/><D65/><U123/><E123/><V24/><F40/><N who="1" m="15433" /><E82/><V45/><REACH who="2" step="1"/><F21/><REACH who="2" ten="280,326,245,129" step="2"/><W70/><G42/><T130/><D130/><U66/><E66/><V28/><F28/><W4/><G39/><T29/><D29/><U108/><E108/><V86/><F86/><W100/><G85/><T114/><D114/><U48/><E48/><V78/><F78/><AGARI ba="0,2" hai="2,5,9,49,50,53,54,55,78,81,87,88,94,98" machi="78" ten="40,12000,2" yaku="1,1,52,3,54,1,53,2" doraHai="47,84" doraHaiUra="76,74" who="0" fromWho="2" sc="280,140,326,0,245,-120,129,0" /><INIT seed="3,0,0,1,3,30" ten="420,326,125,129" oya="3" hai0="120,27,78,47,106,107,128,93,104,62,58,130,129" hai1="80,57,82,9,31,52,6,72,119,73,111,109,22" hai2="60,117,133,131,19,61,48,63,24,76,17,113,96" hai3="125,43,100,114,112,16,34,25,74,97,83,11,55"/><W135/><G43/><T36/><D120/><U26/><E119/><V79/><F117/><W86/><G74/><T124/><D124/><U95/><E95/><V44/><F113/><W10/><G125/><T85/><D27/><U98/><E98/><V77/><F131/><W132/><G55/><N who="0" m="34143" /><D36/><U127/><E127/><V123/><F133/><N who="3" m="51275" /><G34/><T116/><D116/><U64/><E64/><V2/><F2/><W67/><G67/><T103/><D47/><U75/><E80/><V102/><F123/><W49/><G49/><T121/><D121/><U126/><E126/><V1/><F1/><W28/><G16/><N who="2" m="6217" /><F24/><W88/><G28/><T105/><D105/><U20/><E20/><V56/><F56/><W71/><G25/><T13/><D13/><U68/><E68/><V15/><F15/><W134/><N who="3" m="51283" /><W4/><DORA hai="94" /><G71/><T32/><D32/><U81/><E81/><V110/><F110/><W89/><G89/><N who="0" m="53423" /><D78/><N who="2" m="19970" /><V84/><DORA hai="50" /><F84/><W108/><G108/><T122/><D122/><U54/><E82/><V35/><F35/><W53/><G10/><T45/><D45/><U118/><E118/><V69/><F69/><W29/><G29/><T66/><D66/><U42/><E42/><N who="2" m="24599" /><F96/><AGARI ba="0,0" hai="96,103,104,106,107,128,129,130" m="53423,34143" machi="96" ten="30,3900,0" yaku="19,1,52,2" doraHai="30,94,50" who="0" fromWho="2" sc="420,39,326,0,125,-39,129,0" owari="459,55.0,326,13.0,86,-41.0,129,-27.0" /></mjloggm>