<mjloggm ver="2.3"><GO type="169" lobby="0"/><UN n0="%3A%44%75%63%61%3A" n1="%74%6F%72%69%30%36%31%32" n2="%E5%B0%B1%E6%B4%BB%E7%94%9F%40%E5%B7%9D%E6%9D%91%E8%BB%8D%E5%9B%A3" n3="%CE%BC%E3%81%97%E3%82%82%E3%81%A7" dan="16,17,17,17" rate="2146.82,2144.62,2187.62,2148.42" sx="M,M,M,M"/><TAIKYOKU oya="0"/><INIT seed="0,0,0,2,5,71" ten="250,250,250,250" oya="0" hai0="69,121,97,135,100,115,5,105,57,114,66,25,39" hai1="67,60,73,31,61,54,112,92,1,42,132,8,64" hai2="15,43,68,111,90,26,76,7,80,23,88,36,77" hai3="108,50,101,13,81,44,126,113,21,20,78,98,37"/><T106/><D121/><U72/><E132/><V12/><F68/><W33/><G33/><T117/><D117/><U28/><E92/><V128/><F128/><W53/><G113/><T133/><D5/><U4/><E54/><V70/><F70/><W94/><G126/><T122/><D122/><U109/><E42/><V118/><F111/><W107/><G108/><T16/><D69/><U84/><E84/><V74/><F77/><W102/><G13/><T104/><D39/><U24/><E109/><V59/><F59/><W27/><G37/><T9/><D114/><U86/><E86/><V14/><F7/><W130/><G130/><T17/><D115/><U123/><E123/><V29/><REACH who="2" step="1"/><F118/><REACH who="2" ten="250,250,240,250" step="2"/><W103/><G107/><T131/><D131/><U3/><E4/><V41/><F41/><W6/><G6/><T30/><D57/><U87/><E112/><V82/><F82/><W49/><G81/><T18/><D66/><U47/><E3/><V99/><F99/><W63/><G78/><T48/><D105/><U110/><E1/><V127/><F127/><W22/><G98/><T96/><D96/><U75/><E110/><V34/><F34/><W11/><G94/><T2/><D106/><U116/><E116/><V38/><F38/><W95/><G95/><T85/><D2/><U0/><E0/><V51/><F51/><W55/><G63/><T19/><D48/><U124/><E61/><V32/><F32/><W65/><G50/><T62/><D62/><U119/><E60/><V89/><F89/><W125/><G49/><T91/><D91/><U46/><E124/><RYUUKYOKU ba="0,1" sc="250,-10,250,-10,240,30,250,-10" hai2="12,14,15,23,26,29,36,43,74,76,80,88,90" /><INIT seed="1,1,1,3,1,59" ten="240,240,270,240" oya="1" hai0="96,33,0,104,50,47,121,3,76,23,41,29,56" hai1="18,108,5,126,63,85,40,43,15,4,111,79,64" hai2="9,97,48,103,107,101,35,90,27,125,8,105,87" hai3="44,55,100,115,42,46,112,82,93,128,36,19,132"/><U73/><E73/><V113/><F125/><W133/><G82/><T7/><D121/><U92/><E126/><V75/><F75/><W110/><G19/><T17/><D76/><U54/><E54/><V94/><F113/><W34/><G93/><T118/><D118/><U52/><E43/><V53/><F35/><W66/><G100/><T129/><D129/><U77/><E40/><V109/><F109/><N who="1" m="42057" /><E79/><V28/><F28/><W91/><G91/><T60/><D33/><U134/><E134/><N who="3" m="51818" /><G34/><T89/><D29/><U135/><E52/><V16/><F105/><W68/><G110/><T114/><D114/><U119/><E119/><V13/><F27/><W102/><G102/><T70/><D70/><N who="1" m="42271" /><E135/><V99/><F99/><W88/><G128/><T106/><D106/><U65/><E65/><V51/><F51/><N who="3" m="29159" /><G66/><T2/><D104/><U95/><E95/><V131/><F103/><W30/><G68/><T24/><D89/><N who="1" m="53295" /><E77/><V1/><F131/><W26/><G88/><T57/><D96/><U124/><E124/><V72/><F72/><W127/><G127/><T67/><REACH who="0" step="1"/><D57/><REACH who="0" ten="230,240,270,240" step="2"/><U98/><E98/><V116/><F116/><W69/><G69/><T58/><D58/><U81/><E81/><V32/><F32/><N who="3" m="20567" /><G115/><T22/><D22/><AGARI ba="1,2" hai="4,5,15,18,22" m="53295,42271,42057" machi="22" ten="30,5800,0" yaku="14,1,10,1,52,1" doraHai="59" who="1" fromWho="0" sc="230,-61,240,81,270,0,240,0" /><INIT seed="1,2,0,3,5,16" ten="169,321,270,240" oya="1" hai0="99,78,50,7,3,100,87,18,129,124,37,71,22" hai1="86,4,8,25,60,89,84,46,114,44,11,49,93" hai2="30,107,2,79,77,106,36,26,56,27,104,69,6" hai3="123,59,72,130,97,117,83,73,133,81,1,58,131"/><U80/><E114/><V135/><F69/><W42/><G1/><T10/><D37/><U127/><E127/><V32/><F135/><W112/><G112/><T51/><D124/><U76/><E60/><V132/><F132/><W128/><G133/><T24/><D129/><U96/><E25/><V98/><F36/><W116/><G42/><T70/><D51/><U55/><E46/><V57/><F27/><W75/><G97/><T110/><D110/><U113/><E113/><V34/><F34/><W19/><G19/><T101/><D50/><U67/><E67/><V0/><F98/><W118/><REACH who="3" step="1"/><G123/><REACH who="3" ten="169,321,270,230" step="2"/><T103/><REACH who="0" step="1"/><D99/><REACH who="0" ten="159,321,270,230" step="2"/><U20/><E96/><V43/><F106/><W102/><G102/><T82/><AGARI ba="2,2" hai="3,7,10,18,22,24,70,71,78,82,87,100,101,103" machi="82" ten="30,7900,0" yaku="1,1,2,1,0,1,52,1,53,0" doraHai="16" doraHaiUra="39" who="0" fromWho="0" sc="159,105,321,-41,270,-22,230,-22" /><INIT seed="2,0,0,0,0,70" ten="264,280,248,208" oya="2" hai0="75,40,124,104,80,89,53,103,14,31,108,115,110" hai1="26,29,47,35,50,27,109,71,72,87,6,76,30" hai2="33,126,1,51,66,7,13,46,12,129,74,132,22" hai3="63,19,125,67,25,4,85,41,122,78,42,107,18"/><V100/><F33/><W55/><G122/><T92/><D115/><U94/><E71/><V90/><F74/><W86/><G107/><T121/><D121/><U128/><E128/><V116/><F116/><W123/><G123/><T38/><D31/><U5/><E72/><V49/><F129/><W34/><G125/><T96/><D124/><U99/><E109/><N who="0" m="42089" /><D14/><U95/><E87/><V119/><F119/><W44/><G4/><T8/><D8/><U98/><E76/><V134/><F66/><W93/><G34/><T118/><D118/><U24/><E94/><V97/><F126/><W83/><G55/><T62/><D62/><U105/><E98/><V58/><F1/><W117/><G117/><T113/><D53/><N who="1" m="29919" /><E105/><V23/><F90/><W39/><G41/><T21/><D21/><U15/><E35/><V37/><F7/><N who="1" m="2569" /><E15/><V131/><F131/><W68/><G25/><N who="1" m="6402" /><U88/><AGARI ba="0,0" hai="29,30,88,95,99" m="6402,2569,29919" machi="88" ten="40,5200,0" yaku="4,1,8,1,54,1" doraHai="70" who="1" fromWho="1" sc="264,-13,280,52,248,-26,208,-13" /><INIT seed="3,0,0,1,0,25" ten="251,332,222,195" oya="3" hai0="101,129,52,2,76,99,103,28,23,81,110,55,61" hai1="37,1,27,58,0,17,57,56,4,63,75,91,30" hai2="124,79,8,116,26,84,35,94,70,62,38,121,100" hai3="11,44,74,68,105,125,106,130,54,21,87,135,126"/><W73/><G11/><T32/><D110/><U69/><E37/><V41/><F116/><W108/><G21/><T46/><D2/><U34/><E75/><N who="3" m="28682" /><G54/><T29/><D129/><U96/><E17/><V134/><F8/><W118/><G44/><T127/><D32/><U6/><E91/><V97/><F41/><W60/><G87/><N who="0" m="48551" /><D127/><N who="3" m="48649" /><G118/><T7/><D7/><U90/><E1/><V67/><F38/><W33/><G33/><T20/><D61/><U98/><E0/><V24/><F121/><W36/><G36/><T12/><D55/><U128/><E128/><V80/><F124/><W3/><G3/><T45/><D45/><U50/><E50/><V39/><F39/><W42/><G42/><T89/><D89/><U131/><E131/><V120/><F120/><W71/><G130/><T66/><D66/><U59/><E69/><N who="3" m="26698" /><G60/><T65/><D65/><U133/><E6/><V14/><F14/><W113/><G113/><T31/><D12/><U83/><E4/><V93/><F35/><W18/><G18/><T40/><D40/><U88/><E63/><V19/><F19/><W43/><G43/><T53/><D53/><U109/><E34/><V86/><F24/><W13/><G13/><T107/><D52/><U117/><E59/><V64/><F26/><W119/><G119/><T10/><D46/><U48/><E57/><V5/><F64/><W47/><G47/><T85/><D10/><U49/><E56/><V9/><F9/><W78/><G108/><T132/><D23/><N who="1" m="15743" /><E58/><V77/><F70/><W104/><G78/><T15/><D15/><U112/><E109/><RYUUKYOKU ba="0,0" sc="251,-10,332,-10,222,-10,195,30" hai3="104,105,106,135" /><INIT seed="3,1,0,1,1,81" ten="241,322,212,225" oya="3" hai0="131,64,118,128,90,30,120,28,78,71,12,48,37" hai1="31,22,60,45,9,106,79,123,6,62,55,135,80" hai2="73,23,34,53,96,111,59,1,58,0,112,24,42" hai3="49,133,105,102,27,35,18,70,13,89,41,124,87"/><W66/><G133/><T16/><D118/><U91/><E106/><V56/><F73/><W61/><G124/><T101/><D120/><U65/><E123/><V126/><F112/><W92/><G105/><T85/><D37/><U21/><E91/><V76/><F34/><W29/><G102/><T10/><D101/><U84/><E135/><V25/><F126/><W47/><G13/><T121/><D78/><U14/><E31/><V26/><F111/><W88/><G89/><T114/><D114/><U113/><E113/><V51/><F42/><W38/><REACH who="3" step="1"/><G18/><REACH who="3" ten="241,322,212,215" step="2"/><T99/><D121/><U129/><E129/><N who="0" m="49737" /><D99/><U108/><E108/><V98/><F76/><W107/><G107/><T2/><D2/><U44/><E14/><V57/><F1/><W46/><G46/><T63/><D48/><AGARI ba="1,1" hai="27,29,35,38,41,47,48,49,61,66,70,87,88,92" machi="48" ten="40,12000,1" yaku="1,1,52,1,54,1,53,1" doraHai="81" doraHaiUra="69" who="3" fromWho="0" sc="241,-123,322,0,212,0,215,133" /><INIT seed="3,2,0,3,4,116" ten="118,322,212,348" oya="3" hai0="8,77,115,24,69,119,78,19,61,105,100,39,7" hai1="71,55,86,107,125,13,21,82,70,64,30,12,111" hai2="50,133,81,58,124,18,38,27,76,87,33,79,45" hai3="80,65,9,123,74,90,42,94,85,29,5,96,36"/><W31/><G65/><T129/><D119/><U16/><E107/><V98/><F124/><W48/><G74/><T32/><D129/><U97/><E125/><V114/><F114/><W26/><G36/><T130/><D130/><U75/><E75/><V103/><F133/><W1/><G42/><T37/><D115/><U104/><E30/><V68/><F68/><W109/><G109/><T6/><D19/><U2/><E2/><V49/><F76/><W15/><G48/><T91/><D91/><U10/><E55/><V54/><F38/><W44/><G44/><T62/><D78/><U113/><E111/><V51/><F58/><W57/><G57/><T117/><D77/><U73/><E73/><V63/><F63/><W52/><G52/><T25/><D117/><U60/><E71/><V59/><F59/><W89/><G1/><T40/><D40/><U43/><E43/><V23/><REACH who="2" step="1"/><F33/><REACH who="2" ten="118,322,202,348" step="2"/><W92/><G80/><T132/><D32/><U4/><E113/><V127/><F127/><W46/><G46/><T22/><D132/><U95/><E82/><V135/><F135/><W11/><G11/><T53/><D69/><U17/><E70/><V121/><F121/><W3/><G123/><T120/><D8/><U72/><E60/><V47/><F47/><W131/><G131/><T84/><D62/><U88/><E64/><V41/><F41/><W101/><G9/><T0/><D61/><U56/><E56/><V14/><F14/><W28/><G15/><T102/><D0/><U118/><E118/><V35/><F35/><W110/><G110/><T112/><D39/><RYUUKYOKU ba="2,1" sc="118,-10,322,-10,202,30,348,-10" hai2="18,23,27,45,49,50,51,54,79,81,87,98,103" /><INIT seed="4,3,1,5,1,47" ten="108,312,232,338" oya="0" hai0="4,11,101,0,7,115,104,15,65,95,38,105,31" hai1="16,45,73,89,99,78,54,6,133,50,10,75,14" hai2="13,134,114,91,68,39,57,59,35,44,88,74,61" hai3="24,92,41,55,37,29,12,8,113,110,1,131,72"/><T93/><D115/><U120/><E120/><V77/><F35/><W82/><G110/><T123/><D123/><U90/><E133/><V116/><F114/><W84/><G113/><T128/><D38/><U21/><E78/><V76/><F134/><W109/><G109/><T53/><D128/><U132/><E132/><V30/><F116/><W111/><G111/><T125/><D125/><U60/><E60/><V86/><F68/><W67/><G1/><T107/><D65/><U23/><E23/><V52/><F74/><W66/><G72/><T80/><D31/><U27/><E90/><V69/><F69/><W62/><G131/><T122/><D122/><U103/><E89/><V42/><F91/><W71/><G92/><AGARI ba="3,1" hai="6,10,14,16,21,27,45,50,54,73,75,92,99,103" machi="92" ten="30,3900,0" yaku="7,1,52,1,54,1" doraHai="47" who="1" fromWho="3" sc="108,0,312,58,232,0,338,-48" /><INIT seed="5,0,0,4,3,85" ten="108,370,232,290" oya="1" hai0="130,26,88,135,104,3,77,24,93,21,67,69,121" hai1="110,118,73,122,43,49,40,28,42,59,109,78,79" hai2="134,120,50,11,131,90,15,27,129,29,70,102,76" hai3="23,14,13,63,30,10,86,2,116,0,45,113,34"/><U54/><E122/><V75/><F70/><W53/><G116/><T119/><D119/><U98/><E118/><V5/><F120/><W16/><G113/><T44/><D135/><U81/><E78/><V1/><F134/><W66/><G34/><T108/><D108/><N who="1" m="41579" /><E98/><V65/><F65/><W61/><G30/><AGARI ba="0,0" hai="28,30,40,42,43,49,54,59,73,79,81" m="41579" machi="30" ten="30,1500,0" yaku="10,1" doraHai="85" who="1" fromWho="3" sc="108,0,370,15,232,0,290,-15" /><INIT seed="5,1,0,2,1,51" ten="108,385,232,275" oya="1" hai0="57,38,56,117,24,34,112,119,89,14,67,37,65" hai1="133,1,73,54,23,127,132,27,85,123,40,130,9" hai2="135,16,109,53,31,33,46,88,96,108,15,50,25" hai3="45,83,4,44,95,114,116,55,68,106,124,6,48"/><U84/><E73/><V39/><F135/><N who="1" m="51785" /><E123/><V59/><F39/><N who="0" m="14858" /><D34/><U12/><E40/><V71/><F71/><W36/><G106/><T100/><D100/><U2/><E54/><V134/><F134/><W72/><G68/><T131/><D24/><U10/><E127/><V93/><REACH who="2" step="1"/><F46/><REACH who="2" ten="108,385,222,275" step="2"/><N who="3" m="28055" /><G124/><T69/><D112/><U64/><E130/><V28/><F28/><W113/><G45/><T13/><D131/><U7/><E64/><N who="0" m="24649" /><D69/><U80/><E80/><V120/><F120/><W30/><G30/><T102/><D102/><U77/><E77/><V107/><F107/><W58/><G95/><T98/><D89/><U18/><E2/><V26/><F26/><W81/><G81/><T105/><D105/><U35/><E35/><V103/><F103/><W82/><G82/><T122/><D122/><U110/><E110/><V52/><F52/><W74/><G83/><T8/><D13/><U42/><E42/><V101/><F101/><W17/><G74/><T99/><D14/><U75/><E75/><V22/><AGARI ba="1,1" hai="15,16,22,25,31,33,50,53,59,88,93,96,108,109" machi="22" ten="20,12000,2" yaku="1,1,0,1,7,1,52,1,54,2,53,0" doraHai="51" doraHaiUra="78" who="2" fromWho="2" sc="108,-31,385,-61,222,133,275,-31" /><INIT seed="6,0,0,1,0,111" ten="77,324,355,244" oya="2" hai0="24,67,122,88,42,130,0,129,132,32,126,118,128" hai1="27,95,64,124,79,112,114,108,29,97,26,61,25" hai2="115,51,74,94,117,119,60,63,54,102,11,58,68" hai3="87,50,34,104,103,49,71,13,96,43,35,38,39"/><V123/><F74/><W57/><G71/><T14/><D0/><U106/><E108/><V93/><F123/><W23/><G35/><T86/><D122/><U10/><E106/><V28/><F115/><N who="1" m="44073" /><E79/><V133/><F133/><W40/><G34/><T120/><D120/><U82/><E82/><V100/><F68/><W89/><G49/><T77/><D67/><U52/><E52/><V18/><F28/><W17/><G40/><T59/><D118/><U69/><E10/><V46/><F117/><W15/><G15/><T20/><D77/><U65/><E65/><N who="2" m="39063" /><F63/><W99/><G99/><T127/><D42/><U76/><E76/><V30/><F30/><W92/><G43/><T125/><D59/><U105/><E105/><V31/><F31/><W56/><G56/><T90/><D32/><N who="1" m="20527" /><E124/><N who="0" m="31745" /><T53/><DORA hai="84" /><D53/><AGARI ba="0,0" hai="13,17,23,38,39,50,53,57,87,89,92,96,103,104" machi="53" ten="40,5200,0" yaku="25,2,52,1" doraHai="111,84" who="3" fromWho="0" sc="77,-52,324,0,355,0,244,52" /><INIT seed="7,0,0,3,4,98" ten="25,324,355,296" oya="3" hai0="84,64,26,43,74,104,13,7,22,68,78,61,41" hai1="18,9,49,73,106,124,54,17,62,31,121,110,53" hai2="105,28,2,128,92,69,20,97,48,27,67,77,55" hai3="88,83,87,65,72,6,24,46,113,51,79,14,116"/><W107/><G116/><T76/><D104/><U120/><E73/><V123/><F2/><W40/><G113/><T11/><D74/><U130/><E31/><V32/><F123/><W37/><G107/><T0/><D0/><U25/><E110/><V99/><F128/><W56/><G24/><T75/><D75/><U57/><E130/><V36/><F36/><W126/><G126/><T44/><D84/><U90/><E124/><V1/><F1/><W82/><G65/><T132/><D132/><U131/><E131/><V15/><F77/><W59/><REACH who="3" step="1"/><G37/><REACH who="3" ten="25,324,355,286" step="2"/><T50/><REACH who="0" step="1"/><D43/><REACH who="0" ten="15,324,355,286" step="2"/><U45/><E106/><V111/><F105/><W119/><G119/><T96/><D96/><U5/><E120/><V52/><F99/><W122/><G122/><T129/><D129/><U10/><E121/><V93/><F97/><W134/><G134/><T12/><D12/><U58/><E25/><V21/><F15/><W70/><G70/><T3/><D3/><U115/><E115/><V30/><F27/><W102/><G102/><T118/><D118/><U112/><E112/><V86/><F111/><W47/><G47/><T135/><D135/><U100/><E100/><V4/><F69/><W127/><G127/><T108/><D108/><U85/><E45/><V109/><F109/><W38/><G38/><T95/><D95/><U63/><E58/><V42/><F92/><W66/><G66/><T117/><D117/><U133/><E57/><V89/><F67/><W19/><G19/><T33/><D33/><U101/><E133/><V23/><F32/><W29/><G29/><N who="2" m="11369" /><F4/><W91/><G91/><RYUUKYOKU ba="0,2" sc="15,10,324,-30,355,10,286,10" hai0="7,11,13,22,26,41,44,50,61,64,68,76,78" hai2="20,21,23,42,48,52,55,86,89,93" hai3="6,14,40,46,51,56,59,72,79,82,83,87,88" /><INIT seed="7,1,2,0,3,10" ten="25,294,365,296" oya="3" hai0="24,35,104,93,57,125,69,82,31,21,134,113,3" hai1="79,81,54,45,18,116,60,5,53,88,108,118,103" hai2="66,133,86,80,127,17,6,26,76,51,73,4,30" hai3="50,61,87,23,77,130,64,106,16,111,85,96,48"/><W122/><G122/><T14/><D69/><U22/><E108/><V56/><F133/><W43/><G111/><T89/><D104/><U63/><E103/><V0/><F127/><W107/><G130/><T121/><D121/><U41/><E5/><V13/><F73/><W84/><G77/><T110/><D110/><U112/><E112/><V75/><F75/><W36/><G36/><T123/><D123/><U65/><E79/><V1/><F1/><W74/><G74/><T67/><D134/><U109/><E109/><V94/><F0/><W28/><G28/><T131/><D125/><U11/><E11/><V97/><F26/><W12/><G43/><T102/><D131/><U95/><E81/><V78/><F30/><W72/><G72/><T33/><D113/><U99/><E118/><V100/><F78/><W37/><G37/><T105/><D3/><U7/><E7/><V52/><F66/><W98/><G107/><T126/><D126/><U2/><E2/><V117/><F117/><W55/><G106/><T34/><D105/><U70/><E63/><V32/><F32/><W90/><G90/><T27/><D27/><U58/><E70/><V20/><AGARI ba="1,2" hai="4,6,13,17,20,51,52,56,76,80,86,94,97,100" machi="20" ten="20,8000,1" yaku="0,1,7,1,8,1,52,1,54,1" doraHai="10" who="2" fromWho="2" sc="25,-21,294,-21,365,103,296,-41" owari="4,-50.0,273,7.0,468,57.0,255,-14.0" /></mjloggm>