<mjloggm ver="2.3"><GO type="169" lobby="0"/><UN n0="%2D%42%4B%32%30%31%2D" n1="%E3%83%81%E3%83%93%E3%82%BF%E3%83%99%E3%83%83%E3%82%AD%E3%82%AA" n2="%E3%82%A6%E3%83%AB%E3%83%88%E3%83%A9%E7%AB%8B%E7%9B%B4" n3="%E3%82%A8%E3%82%B9%E3%83%86%E3%83%BC" dan="17,16,17,17" rate="2184.17,2045.53,2156.44,2104.68" sx="M,M,M,M"/><TAIKYOKU oya="0"/><INIT seed="0,0,0,1,1,52" ten="250,250,250,250" oya="0" hai0="109,73,55,80,60,100,134,69,27,111,37,29,68" hai1="127,20,48,49,10,130,67,54,34,104,128,135,72" hai2="31,85,70,43,113,56,121,89,90,38,11,92,71" hai3="36,110,45,21,75,9,28,129,5,59,63,50,13"/><T25/><D37/><U6/><E34/><V84/><F121/><W87/><G75/><T7/><D100/><U108/><E104/><V1/><F113/><W107/><G107/><T124/><D7/><U79/><E67/><V132/><F132/><W94/><G110/><N who="0" m="41995" /><D134/><U91/><E49/><V18/><F31/><W106/><G106/><T14/><D14/><U33/><E33/><V61/><F43/><W39/><G129/><T82/><D124/><U102/><E108/><V96/><F38/><W103/><G21/><N who="0" m="15535" /><D27/><U8/><E102/><V78/><F78/><W76/><G28/><T112/><D112/><U98/><E79/><V118/><F118/><W74/><G103/><T133/><D133/><U97/><E6/><V114/><F114/><W123/><G123/><T19/><D19/><U83/><E127/><V86/><F90/><W117/><G117/><T116/><D116/><U46/><E91/><V95/><F92/><W4/><G4/><T51/><D73/><U3/><E72/><V120/><F120/><W0/><G0/><T101/><D101/><U62/><E3/><V44/><F1/><W41/><G74/><T66/><D69/><U26/><E135/><V131/><F71/><W115/><G115/><T12/><D12/><U2/><E26/><V125/><F70/><W15/><G15/><T77/><D77/><U47/><E2/><V22/><F125/><W64/><REACH who="3" step="1"/><G94/><REACH who="3" ten="250,250,250,240" step="2"/><T122/><D122/><U57/><E130/><V32/><F95/><W30/><G30/><T93/><D93/><U81/><E128/><V119/><F131/><W53/><G53/><RYUUKYOKU ba="0,1" sc="250,15,250,-15,250,-15,240,15" hai0="51,55,60,66,68,80,82" hai3="5,9,13,36,39,41,45,50,59,63,64,76,87" /><INIT seed="0,1,1,2,2,65" ten="265,235,235,255" oya="0" hai0="28,37,13,90,45,131,26,109,9,1,124,121,60" hai1="82,17,134,18,62,46,2,114,93,38,5,78,133" hai2="23,29,123,58,79,33,61,48,11,6,80,20,56" hai3="74,135,125,83,68,92,107,117,108,105,128,96,99"/><T59/><D121/><U132/><E114/><V66/><F123/><W102/><G68/><T42/><D1/><U24/><E93/><V7/><F33/><W53/><G53/><T69/><D124/><U100/><E100/><V77/><F29/><W57/><G57/><T32/><D131/><U97/><E97/><V112/><F112/><W34/><G34/><T104/><D104/><N who="3" m="40009" /><G117/><T16/><D109/><U76/><E78/><V30/><F30/><W116/><G116/><T31/><D31/><U40/><E24/><V19/><F11/><W85/><G125/><T73/><D73/><N who="1" m="43279" /><E62/><V88/><F7/><W14/><G14/><T0/><D0/><U22/><E22/><V70/><F6/><W86/><G135/><T64/><REACH who="0" step="1"/><D90/><REACH who="0" ten="255,235,235,255" step="2"/><U67/><E2/><V12/><F88/><N who="3" m="55303" /><G128/><T119/><D119/><U106/><E134/><V44/><F12/><W84/><G108/><T103/><D103/><U87/><E133/><V35/><F35/><W72/><G83/><T71/><AGARI ba="1,2" hai="9,13,16,26,28,32,37,42,45,59,60,64,69,71" machi="71" ten="30,12000,1" yaku="1,1,0,1,52,2,54,1,53,0" doraHai="65" doraHaiUra="130" who="0" fromWho="0" sc="255,143,235,-41,235,-41,255,-41" /><INIT seed="0,2,0,0,2,26" ten="398,194,194,214" oya="0" hai0="43,29,71,56,63,74,46,119,61,13,94,113,39" hai1="4,91,77,45,55,96,69,19,80,116,47,100,110" hai2="40,129,70,23,64,78,97,98,88,133,84,105,30" hai3="134,128,48,44,0,114,3,57,49,108,103,66,58"/><T34/><D74/><U83/><E69/><V33/><F129/><W131/><G114/><T24/><D113/><U111/><E4/><V107/><F133/><W86/><G134/><T31/><D119/><U59/><E116/><V10/><F40/><W124/><G108/><T1/><D1/><U115/><E115/><V106/><F78/><W11/><G124/><T54/><D94/><U109/><E19/><V60/><F23/><W41/><G103/><T95/><D95/><U102/><E91/><V132/><F132/><W22/><G86/><T93/><D93/><U125/><E125/><V112/><F10/><W65/><G22/><T118/><D118/><U126/><E126/><V25/><REACH who="2" step="1"/><F112/><REACH who="2" ten="398,194,184,214" step="2"/><W75/><G11/><T73/><D43/><U135/><E135/><V35/><F35/><W121/><G41/><T101/><D34/><U21/><E21/><V62/><F62/><W20/><G20/><T12/><D63/><U67/><E77/><V81/><AGARI ba="2,1" hai="25,30,33,60,64,70,81,84,88,97,98,105,106,107" machi="81" ten="30,7900,0" yaku="1,1,0,1,52,1,54,1,53,0" doraHai="26" doraHaiUra="122" who="2" fromWho="2" sc="398,-41,194,-22,184,95,214,-22" /><INIT seed="1,0,0,1,1,6" ten="357,172,279,192" oya="1" hai0="10,91,34,110,50,106,90,16,119,15,78,99,25" hai1="43,71,102,113,124,24,42,56,84,109,129,35,79" hai2="125,41,130,89,77,105,121,37,61,76,1,4,81" hai3="126,11,96,21,63,30,27,20,70,39,51,17,36"/><U3/><E71/><V133/><F121/><W112/><G112/><T57/><D119/><U60/><E113/><V123/><F123/><W115/><G115/><T40/><D78/><U86/><E102/><V101/><F77/><W118/><G118/><T66/><D110/><U8/><E109/><V26/><F89/><W68/><G126/><T46/><D106/><U122/><E122/><V33/><F61/><W120/><G120/><T87/><D99/><U14/><E3/><V55/><F55/><W88/><G51/><T58/><D66/><U117/><E124/><V92/><F92/><W19/><G30/><T64/><D64/><U44/><E43/><V22/><F33/><W128/><G128/><T72/><D72/><U100/><E100/><V53/><F53/><W62/><G27/><T95/><REACH who="0" step="1"/><D90/><REACH who="0" ten="347,172,279,192" step="2"/><U116/><E79/><V48/><F76/><W80/><G88/><T97/><D97/><U73/><E73/><V52/><F105/><W49/><G96/><T131/><D131/><U0/><E129/><V65/><F130/><W29/><G70/><T132/><D132/><U31/><E117/><V28/><F133/><W103/><G68/><T127/><D127/><U13/><E116/><V32/><F125/><W114/><G114/><T74/><D74/><U111/><E111/><V135/><F65/><W54/><G103/><T45/><D45/><U9/><E44/><V69/><F101/><W47/><G47/><T75/><D75/><U12/><E56/><V94/><F135/><W18/><G80/><T107/><D107/><U5/><E86/><V59/><F59/><RYUUKYOKU ba="0,1" sc="347,30,172,-10,279,-10,192,-10" hai0="10,15,16,25,34,40,46,50,57,58,87,91,95" /><INIT seed="2,1,1,5,0,72" ten="377,162,269,182" oya="2" hai0="134,47,33,44,70,111,122,46,2,116,112,89,10" hai1="48,67,74,88,66,64,71,26,120,97,17,62,93" hai2="39,118,125,69,113,82,115,37,117,19,40,65,13" hai3="21,68,56,63,132,124,84,123,41,80,126,86,51"/><V91/><F91/><W79/><G123/><T60/><D89/><U4/><E120/><V52/><F82/><W20/><G132/><T81/><D81/><U5/><E5/><V76/><F13/><W92/><G92/><T43/><D10/><U73/><E4/><V8/><F19/><W7/><G86/><T100/><D100/><U0/><E0/><V50/><F8/><W105/><G105/><T106/><D43/><U11/><E74/><V109/><F76/><W24/><G7/><T6/><D60/><U3/><E3/><V54/><F125/><N who="3" m="48235" /><G68/><T87/><D87/><U94/><E73/><V130/><F130/><W42/><G51/><T36/><D6/><U102/><E48/><V25/><F25/><W107/><G107/><T90/><D90/><U35/><E35/><V14/><F14/><W18/><G21/><T108/><D44/><U9/><E62/><V55/><F109/><W98/><G98/><T61/><D46/><U32/><E71/><V38/><F50/><W57/><G63/><T1/><D47/><U53/><E32/><V59/><F69/><W23/><G23/><T58/><D61/><U101/><E17/><V27/><F27/><W110/><G110/><T28/><D111/><U121/><E26/><V22/><F22/><W31/><G31/><T45/><D122/><U99/><E121/><V131/><F131/><W34/><G34/><T104/><D70/><U119/><E102/><V129/><F129/><W15/><G24/><T103/><D33/><U75/><E75/><V127/><F127/><W29/><G29/><T77/><D108/><RYUUKYOKU ba="1,1" sc="377,-10,162,-10,269,-10,182,30" hai3="15,18,20,41,42,56,57,79,80,84" /><INIT seed="3,2,1,5,2,22" ten="367,152,259,212" oya="3" hai0="10,3,42,64,31,8,11,50,131,87,41,86,80" hai1="54,12,21,91,9,33,104,101,127,85,58,63,69" hai2="16,61,134,40,20,38,119,121,66,79,103,70,51" hai3="102,30,62,35,65,108,52,39,98,57,77,132,45"/><W18/><G132/><T19/><D3/><U93/><E33/><V2/><F119/><W53/><G77/><T26/><D131/><U4/><E127/><V125/><F134/><W81/><G81/><T117/><D117/><U76/><E69/><V107/><F125/><W74/><G74/><T49/><D64/><U130/><E130/><V71/><F121/><W116/><G116/><T73/><D73/><U112/><E112/><V15/><F38/><W48/><G108/><T46/><D19/><U75/><E104/><V94/><F2/><W97/><G39/><T118/><D118/><U23/><REACH who="1" step="1"/><E101/><REACH who="1" ten="367,142,259,212" step="2"/><V82/><F71/><W28/><G35/><T106/><D106/><U32/><E32/><V133/><F107/><W72/><G72/><T84/><D80/><AGARI ba="2,2" hai="4,9,12,21,23,54,58,63,75,76,80,85,91,93" machi="80" ten="40,1300,0" yaku="1,1,53,0" doraHai="22" doraHaiUra="27" who="1" fromWho="0" sc="367,-19,142,39,259,0,212,0" /><INIT seed="4,0,0,3,5,78" ten="348,181,259,212" oya="0" hai0="9,94,30,114,113,12,19,84,15,57,112,118,60" hai1="116,129,69,41,1,101,75,8,16,104,44,89,122" hai2="58,10,87,73,45,20,105,110,90,28,80,21,85" hai3="135,111,109,63,26,11,29,120,27,14,47,49,92"/><T6/><D118/><U34/><E34/><V4/><F110/><W5/><G135/><T35/><D35/><U70/><E116/><V0/><F105/><W13/><G120/><T125/><D30/><U98/><E122/><V74/><F58/><W121/><G121/><T128/><D125/><U31/><E31/><V66/><F66/><W38/><G38/><T59/><D128/><U100/><E100/><V51/><F87/><W126/><G126/><T61/><D94/><U37/><E129/><V68/><F68/><W42/><G14/><T67/><D84/><U55/><E55/><V76/><F28/><W134/><G134/><T25/><D25/><U132/><E132/><V103/><F103/><W48/><G63/><T130/><D130/><U17/><E89/><V62/><F62/><W96/><G49/><T24/><D24/><U81/><E17/><V77/><F77/><W93/><G27/><T39/><D39/><U50/><E50/><V131/><F131/><W115/><G115/><T83/><D83/><U123/><E123/><V71/><F71/><W124/><G124/><T7/><REACH who="0" step="1"/><D12/><REACH who="0" ten="338,181,259,212" step="2"/><U23/><E1/><V117/><F117/><W86/><G86/><T64/><AGARI ba="0,1" hai="6,7,9,15,19,57,59,60,61,64,67,112,113,114" machi="64" ten="30,18000,2" yaku="1,1,2,1,0,1,9,1,15,1,53,2" doraHai="78" doraHaiUra="53" who="0" fromWho="0" sc="338,190,181,-60,259,-60,212,-60" /><INIT seed="4,1,0,2,5,85" ten="528,121,199,152" oya="0" hai0="23,133,16,119,110,82,55,105,69,51,134,30,14" hai1="95,123,62,12,35,112,22,102,4,98,50,28,49" hai2="122,124,64,75,8,59,56,103,57,52,117,100,31" hai3="87,81,109,5,65,34,11,78,84,92,125,67,89"/><T113/><D69/><U86/><E123/><V130/><F122/><W93/><G109/><T0/><D0/><U72/><E72/><V54/><F75/><W115/><G115/><T66/><D105/><U91/><E35/><V106/><F106/><W36/><G125/><T18/><D66/><U24/><E112/><V128/><F124/><W43/><G34/><T99/><D113/><U21/><E62/><V25/><F8/><W46/><REACH who="3" step="1"/><G93/><REACH who="3" ten="528,121,199,142" step="2"/><T40/><D110/><U126/><E126/><V80/><F117/><W20/><G20/><T107/><D23/><U15/><E22/><V9/><F128/><W88/><G88/><T41/><D119/><U47/><E4/><V108/><F130/><W132/><G132/><T111/><D111/><U33/><E33/><V94/><F108/><W135/><G135/><T77/><D134/><U79/><E79/><V7/><F94/><W42/><G42/><T3/><D40/><U45/><E91/><V96/><F7/><W19/><G19/><T120/><D18/><U70/><E21/><V114/><F31/><W74/><G74/><T63/><D30/><U10/><E28/><V53/><F114/><W6/><G6/><T131/><D131/><U32/><E32/><V104/><F25/><W97/><G97/><T44/><D99/><U1/><E24/><V48/><F96/><W17/><G17/><T58/><D16/><U37/><E98/><V129/><F104/><W38/><G38/><T90/><D90/><U116/><E37/><V101/><F129/><W27/><G27/><T127/><D133/><U29/><E116/><RYUUKYOKU ba="1,1" sc="528,-10,121,-10,199,-10,142,30" hai3="5,11,36,43,46,65,67,78,81,84,87,89,92" /><INIT seed="5,2,1,3,0,88" ten="518,111,189,172" oya="1" hai0="20,53,124,7,23,35,60,100,79,90,66,77,68" hai1="46,111,70,116,106,16,10,93,69,129,64,125,14" hai2="87,101,41,1,26,18,31,71,28,130,113,102,17" hai3="120,21,34,109,2,134,8,83,107,95,27,49,56"/><U84/><E116/><V121/><F71/><W45/><G109/><T92/><D35/><U3/><E106/><V97/><F1/><W55/><G107/><T123/><D7/><U85/><E3/><V122/><F130/><W4/><G120/><T81/><D123/><U114/><E129/><V127/><F127/><W110/><G110/><T38/><D38/><U65/><E111/><V33/><F113/><W0/><G134/><T94/><D124/><U75/><E75/><V52/><F41/><W119/><G119/><T25/><D53/><U9/><E125/><V36/><F36/><W74/><G34/><T72/><D77/><U80/><E70/><V103/><F31/><W104/><G104/><T48/><D48/><U29/><E69/><V108/><F108/><W40/><G2/><T67/><D67/><N who="1" m="25675" /><E29/><V59/><F122/><W105/><G105/><T22/><D100/><U117/><E46/><V96/><F121/><W51/><G74/><T73/><D73/><U126/><E114/><V62/><REACH who="2" step="1"/><F87/><REACH who="2" ten="518,111,179,172" step="2"/><W61/><G0/><T13/><D68/><U78/><E126/><V5/><F5/><W128/><G4/><T135/><D135/><U112/><E112/><V6/><F6/><W42/><G128/><T19/><D72/><U131/><E131/><V63/><F63/><W99/><G61/><T58/><D60/><U76/><E117/><V133/><F133/><W12/><G42/><T24/><D66/><U82/><E10/><V91/><F91/><N who="3" m="55807" /><G8/><N who="0" m="6567" /><D90/><N who="1" m="53447" /><E85/><V30/><F30/><N who="3" m="17775" /><G83/><AGARI ba="2,2" hai="9,14,16,76,78,80,82,83" m="53447,25675" machi="83" ten="30,5800,0" yaku="8,1,52,1,54,1" doraHai="88" who="1" fromWho="3" sc="518,0,111,84,179,0,172,-64" /><INIT seed="5,3,0,2,2,107" ten="518,195,179,108" oya="1" hai0="131,50,117,44,46,14,26,113,115,124,92,106,82" hai1="86,48,41,24,91,35,89,27,134,62,60,9,13" hai2="97,36,6,58,122,69,125,39,116,111,38,79,109" hai3="94,103,15,51,75,129,52,74,19,16,12,126,95"/><U34/><E134/><V104/><F6/><W90/><G129/><T68/><D106/><U78/><E78/><V4/><F4/><W29/><G29/><T47/><D68/><U42/><E48/><V96/><F96/><W63/><G126/><T55/><D117/><U65/><E13/><V3/><F3/><W1/><G1/><T110/><D110/><N who="2" m="41994" /><F58/><N who="3" m="33055" /><G63/><T2/><D2/><U61/><E9/><V33/><F116/><W22/><G103/><T66/><D66/><U128/><E65/><V31/><F122/><W53/><G53/><T118/><D118/><U108/><E108/><V76/><F76/><W10/><G95/><T72/><D124/><U93/><E93/><V71/><F79/><W105/><G105/><T120/><D92/><U100/><E100/><N who="2" m="62479" /><F125/><W59/><G59/><T43/><D131/><U119/><E128/><V67/><F67/><W98/><G98/><T85/><D120/><U32/><E119/><V8/><F8/><W83/><G83/><T102/><D82/><U112/><E86/><V17/><F17/><W18/><G18/><T5/><D85/><U130/><E130/><V0/><F0/><W127/><G127/><T81/><D81/><U28/><E28/><V57/><F57/><W7/><G7/><T23/><D5/><U40/><E112/><V20/><F20/><W70/><G70/><N who="2" m="26633" /><F31/><W45/><G45/><T121/><D115/><U84/><E84/><V77/><F33/><W37/><G37/><T114/><D113/><U73/><E34/><V133/><F77/><W87/><AGARI ba="3,0" hai="10,12,15,16,19,22,74,75,87,90,94" m="33055" machi="87" ten="30,8000,1" yaku="25,1,52,2,54,2" doraHai="107" who="3" fromWho="3" sc="518,-23,195,-43,179,-23,108,89" /><INIT seed="6,0,0,1,1,37" ten="495,152,156,197" oya="2" hai0="43,21,106,103,32,38,101,107,58,63,75,24,67" hai1="100,85,94,59,129,5,22,110,90,70,114,78,76" hai2="36,44,108,27,117,133,124,96,72,91,122,73,47" hai3="50,26,0,35,119,105,71,1,7,98,132,28,112"/><V99/><F122/><W41/><G119/><T66/><D75/><U118/><E70/><V89/><F117/><W2/><G132/><T54/><D32/><U120/><E118/><V77/><F133/><W49/><G7/><T12/><D12/><U18/><E5/><V104/><F27/><W126/><G126/><T88/><D88/><N who="2" m="33866" /><F77/><W83/><G83/><T9/><D9/><U19/><E120/><V4/><F4/><W8/><G8/><T97/><D38/><U65/><E129/><V51/><F36/><W111/><G111/><T102/><D43/><U64/><E100/><V60/><F60/><W45/><G112/><T86/><D86/><U69/><E69/><V92/><F124/><W23/><G71/><T55/><D67/><N who="1" m="25675" /><E114/><V125/><F125/><W127/><G127/><T95/><D107/><U131/><E131/><V79/><F79/><W109/><G109/><T87/><D87/><U62/><E110/><V39/><F39/><W48/><G35/><T53/><REACH who="0" step="1"/><D106/><REACH who="0" ten="485,152,156,197" step="2"/><U40/><E85/><V68/><F104/><W25/><G25/><T31/><AGARI ba="0,1" hai="21,24,31,53,54,55,58,63,66,95,97,101,102,103" machi="31" ten="30,12000,2" yaku="1,1,2,1,0,1,25,2,8,1,53,0" doraHai="37" doraHaiUra="121" who="0" fromWho="0" sc="485,130,152,-30,156,-60,197,-30" /><INIT seed="7,0,0,1,2,11" ten="615,122,96,167" oya="3" hai0="66,26,82,39,122,5,87,135,18,41,34,89,21" hai1="42,83,12,38,88,92,108,123,70,133,32,30,55" hai2="52,37,125,100,19,73,98,14,112,130,114,62,69" hai3="75,63,28,78,4,54,47,29,48,110,72,96,35"/><W132/><G132/><T31/><D122/><U95/><E123/><V3/><F3/><W120/><G120/><T97/><D135/><U109/><E70/><V85/><F73/><W46/><G78/><T22/><D66/><U79/><E133/><V33/><F37/><W16/><G4/><T81/><D5/><U1/><E1/><V9/><F33/><W127/><G127/><T13/><D97/><U67/><E67/><V36/><F36/><W102/><G47/><T86/><D39/><U105/><E105/><N who="2" m="63639" /><F69/><W99/><G35/><T15/><D41/><U10/><E38/><V103/><F103/><W50/><G102/><T58/><D58/><U24/><E42/><V104/><F104/><W76/><G72/><T111/><D111/><U91/><E55/><V6/><F85/><W84/><G54/><T25/><D34/><U53/><E53/><V59/><F6/><W71/><G75/><T61/><D61/><U49/><E49/><V27/><F27/><W0/><G63/><T45/><D45/><U128/><E109/><V40/><F40/><W129/><G46/><T17/><REACH who="0" step="1"/><D31/><REACH who="0" ten="605,122,96,167" step="2"/><U134/><E134/><V113/><F125/><W117/><G110/><T126/><D126/><U68/><E108/><V51/><F130/><W94/><G129/><T124/><D124/><U90/><E128/><V2/><F2/><W23/><G29/><T101/><D101/><U60/><E68/><V93/><F62/><W7/><G0/><T44/><D44/><U116/><E60/><V118/><F118/><W20/><G117/><T107/><D107/><U64/><E116/><RYUUKYOKU ba="0,1" sc="605,15,122,-15,96,15,167,-15" hai0="13,15,17,18,21,22,25,26,81,82,86,87,89" hai2="9,14,19,51,52,59,93,112,113,114" owari="630,73.0,107,-39.0,111,-29.0,152,-5.0" /></mjloggm>