<mjloggm ver="2.3"><GO type="41" lobby="0"/><UN n0="%4C%75%63%6B%79%2E%53" n1="%E6%89%93%E5%80%92%EF%BC%81%E9%81%8B%E5%96%B6%E3%81%A1%E3%82%83%E3%82%93" n2="%41%4B%42%35%30" n3="%E5%B0%B1%E6%B4%BB%E7%94%9F%40%E5%B7%9D%E6%9D%91%E8%BB%8D%E5%9B%A3" dan="13,13,14,16" rate="1877.87,1848.87,1846.23,2122.93" sx="M,M,M,M"/><TAIKYOKU oya="0"/><INIT seed="0,0,0,5,2,86" ten="250,250,250,250" oya="0" hai0="127,11,88,7,53,52,85,131,80,120,26,42,115" hai1="117,13,99,22,29,133,128,64,17,109,57,78,112" hai2="84,94,113,114,37,102,83,63,121,54,20,44,105" hai3="12,68,40,95,87,82,101,91,45,27,30,8,119"/><T73/><D120/><U93/><E117/><V123/><F20/><W50/><G68/><T90/><D115/><N who="2" m="44042" /><F63/><W59/><G119/><T70/><D70/><U38/><E112/><V130/><F54/><N who="0" m="21098" /><D131/><U69/><E38/><V49/><F44/><W28/><G59/><T104/><D104/><U24/><E69/><V4/><F49/><W122/><G122/><N who="2" m="46601" /><F4/><W67/><G67/><T106/><D106/><U100/><E64/><V39/><F37/><W65/><G65/><T0/><D73/><U16/><E128/><V15/><F39/><W34/><G30/><T47/><D127/><U14/><E57/><V135/><F15/><W116/><G116/><T111/><D111/><U51/><E51/><V62/><F62/><W110/><G110/><T33/><D33/><U6/><E109/><V108/><F108/><W125/><G125/><T107/><D107/><U55/><E55/><V58/><F58/><W103/><REACH who="3" step="1"/><G82/><REACH who="3" ten="250,250,250,240" step="2"/><T3/><D80/><U46/><E6/><AGARI ba="0,1" hai="6,8,12,27,28,34,40,45,50,87,91,95,101,103" machi="6" ten="30,8000,1" yaku="1,1,2,1,7,1,52,1,53,1" doraHai="86" doraHaiUra="1" who="3" fromWho="1" sc="250,0,250,-80,250,0,240,90" /><INIT seed="1,0,0,0,5,112" ten="250,170,250,330" oya="1" hai0="62,51,7,17,63,103,123,29,94,74,133,20,37" hai1="82,30,134,96,36,38,55,125,88,32,14,10,117" hai2="97,78,64,35,54,28,24,85,106,18,70,107,46" hai3="105,68,102,84,122,21,119,121,9,118,110,60,73"/><U45/><E117/><N who="3" m="44554" /><G73/><T95/><D37/><U109/><E32/><V19/><F107/><W25/><G110/><T23/><D123/><U61/><E109/><V120/><F120/><W44/><G9/><T101/><D133/><U16/><E30/><V93/><F54/><W100/><G44/><T99/><D74/><U4/><E134/><V130/><F46/><W52/><G84/><T31/><D7/><U26/><E125/><V72/><F130/><W0/><G0/><T135/><D135/><U127/><E127/><V132/><F72/><W1/><G1/><T43/><D99/><U86/><E26/><V34/><F34/><W124/><G124/><T69/><D43/><U41/><E4/><V126/><F132/><W47/><G68/><T116/><D116/><U58/><E96/><V57/><F57/><N who="3" m="34855" /><G47/><T90/><D69/><U81/><REACH who="1" step="1"/><E82/><REACH who="1" ten="250,160,250,330" step="2"/><N who="2" m="47319" /><F126/><W2/><G2/><T42/><D17/><U87/><E87/><V3/><F3/><W108/><G108/><T5/><D5/><U65/><E65/><V113/><F113/><W80/><G80/><T131/><D131/><U77/><E77/><V22/><F93/><W98/><G102/><T104/><D103/><U33/><E33/><V15/><F35/><W76/><G76/><T75/><D101/><U27/><E27/><V50/><F106/><W40/><G40/><T67/><D104/><U12/><E12/><V49/><F97/><W13/><G13/><T111/><D111/><U83/><E83/><V66/><F64/><W53/><G53/><T56/><D67/><U48/><AGARI ba="0,1" hai="10,14,16,36,38,41,45,48,55,58,61,81,86,88" machi="48" ten="20,18000,2" yaku="1,1,0,1,7,1,54,2,53,2" doraHai="112" doraHaiUra="71" who="1" fromWho="1" sc="250,-60,160,190,250,-60,330,-60" /><INIT seed="1,1,0,0,4,12" ten="190,350,190,270" oya="1" hai0="117,99,124,17,44,74,50,71,84,13,70,83,3" hai1="110,4,67,43,15,27,31,113,65,78,28,106,127" hai2="20,112,80,22,41,93,5,1,76,109,32,55,63" hai3="0,130,11,118,36,77,122,6,18,85,34,2,21"/><U42/><E106/><V72/><F109/><W135/><G36/><T37/><D117/><U19/><E113/><V92/><F32/><W120/><G77/><T66/><D124/><U101/><E110/><V97/><F112/><W103/><G103/><T30/><D3/><U64/><E78/><V133/><F133/><W59/><G59/><T114/><D114/><U86/><E127/><V56/><F41/><W16/><G85/><T24/><D37/><U95/><E4/><V126/><F126/><W129/><G34/><T87/><D99/><N who="1" m="59647" /><E86/><V123/><F123/><N who="3" m="47147" /><G135/><T29/><D66/><U104/><E104/><V51/><F51/><W131/><G118/><T116/><D116/><U134/><E134/><V53/><F53/><W102/><G102/><T90/><D74/><U23/><E31/><V45/><F45/><W98/><G98/><T33/><D30/><U25/><E25/><V125/><F125/><W54/><G54/><T9/><REACH who="0" step="1"/><D87/><REACH who="0" ten="180,350,190,270" step="2"/><U10/><AGARI ba="1,1" hai="10,15,19,23,27,28,42,43,64,65,67" m="59647" machi="10" ten="30,3000,0" yaku="8,1,52,1" doraHai="12" who="1" fromWho="1" sc="180,-11,350,43,190,-11,270,-11" /><INIT seed="1,2,0,3,3,11" ten="169,393,179,259" oya="1" hai0="116,9,80,58,43,109,40,113,114,83,46,120,16" hai1="131,94,103,108,34,75,117,74,28,39,98,78,45" hai2="63,88,48,23,111,65,50,60,6,104,87,90,71" hai3="134,99,49,135,12,115,67,14,81,62,47,102,125"/><U1/><E117/><V33/><F111/><W96/><G115/><T97/><D116/><U118/><E118/><V100/><F33/><W51/><G125/><T85/><D109/><U37/><E1/><V15/><F63/><W129/><G129/><T61/><D120/><U77/><E131/><V92/><F90/><W105/><G96/><T52/><D114/><U24/><E108/><V27/><F100/><W10/><G81/><T0/><D113/><U72/><E45/><V26/><F104/><W44/><G44/><T121/><D121/><U76/><AGARI ba="2,0" hai="24,28,34,37,39,72,74,75,76,77,78,94,98,103" machi="76" ten="40,2100,0" yaku="0,1" doraHai="11" who="1" fromWho="1" sc="169,-9,393,27,179,-9,259,-9" /><INIT seed="1,3,0,2,0,55" ten="160,420,170,250" oya="1" hai0="83,8,15,128,72,112,46,54,7,129,99,27,5" hai1="134,114,56,111,131,91,50,40,73,32,12,10,89" hai2="19,30,60,104,2,42,64,78,74,48,36,28,41" hai3="16,93,125,20,85,65,52,69,100,9,107,61,127"/><U82/><E32/><V113/><F104/><W70/><G107/><T44/><D112/><U92/><E114/><V80/><F42/><W4/><G69/><T43/><D99/><U67/><E134/><V88/><F48/><W17/><G20/><T62/><D27/><U13/><E131/><N who="0" m="50249" /><D5/><U126/><E126/><N who="3" m="48138" /><G52/><T97/><D97/><U81/><E73/><V108/><F113/><W11/><G100/><T58/><D43/><U118/><E118/><V106/><F108/><W79/><G9/><T76/><AGARI ba="3,0" hai="7,8,15,44,46,54,58,62,72,76,83" m="50249" machi="76" ten="30,2000,0" yaku="19,1,52,1" doraHai="55" who="0" fromWho="0" sc="160,29,420,-13,170,-8,250,-8" /><INIT seed="2,0,0,4,4,76" ten="189,407,162,242" oya="2" hai0="33,98,2,57,48,115,81,22,107,90,67,16,65" hai1="47,14,108,39,113,26,99,75,66,118,85,7,13" hai2="78,28,49,101,42,121,100,5,96,111,124,128,130" hai3="92,71,19,44,132,123,23,117,125,36,18,86,55"/><V43/><F121/><W20/><G123/><T82/><D33/><U10/><E118/><V50/><F111/><W116/><G71/><T25/><D115/><U32/><E75/><V46/><F124/><W58/><G125/><T134/><D2/><U8/><E113/><V79/><F28/><W34/><G34/><T95/><D134/><U3/><E108/><V12/><F5/><W91/><G132/><T120/><D107/><U109/><E109/><V114/><F12/><W93/><G44/><T17/><D17/><U87/><E99/><V94/><F114/><W56/><G36/><T63/><D120/><U15/><E66/><V119/><F119/><W70/><G70/><T102/><D102/><U27/><E39/><V59/><F101/><W52/><G86/><T45/><REACH who="0" step="1"/><D67/><REACH who="0" ten="179,407,162,242" step="2"/><U53/><E3/><V9/><F9/><N who="1" m="3689" /><E85/><V4/><F4/><W131/><REACH who="3" step="1"/><G91/><REACH who="3" ten="179,407,162,232" step="2"/><T40/><AGARI ba="0,2" hai="16,22,25,40,45,48,57,63,65,81,82,90,95,98" machi="40" ten="20,16000,3" yaku="1,1,0,1,7,1,8,1,52,2,54,1,53,1" doraHai="76" doraHaiUra="54" who="0" fromWho="0" sc="179,180,407,-40,162,-80,232,-40" /><INIT seed="3,0,0,0,1,46" ten="359,367,82,192" oya="3" hai0="8,114,69,87,104,81,118,47,22,67,124,54,108" hai1="29,91,44,115,40,63,66,33,77,59,98,90,68" hai2="133,92,84,53,3,57,20,34,37,128,86,127,116" hai3="10,95,100,126,119,23,52,28,18,45,11,16,130"/><W88/><G119/><T112/><D124/><U80/><E115/><V75/><F116/><W62/><G126/><T5/><D118/><U65/><E68/><V13/><F127/><W1/><G130/><T79/><D104/><U41/><E41/><V103/><F37/><W15/><G100/><T97/><D97/><U6/><E6/><V64/><F34/><W122/><G122/><T30/><D108/><U70/><E70/><V117/><F75/><W135/><G135/><T99/><D99/><U106/><E66/><V9/><F3/><W32/><G1/><T129/><D129/><U58/><E58/><V131/><F117/><W89/><G32/><T25/><D67/><U125/><E125/><V38/><F64/><W109/><G28/><T4/><D69/><U76/><E76/><V19/><F38/><W39/><G39/><T24/><D24/><U123/><E123/><V134/><F9/><N who="3" m="6255" /><G109/><T111/><D111/><U61/><E29/><V85/><F103/><W49/><G62/><T74/><D74/><U83/><E33/><V101/><F101/><W42/><G42/><T72/><D72/><U93/><E106/><V12/><F13/><N who="3" m="9679" /><G88/><T96/><D96/><AGARI ba="0,0" hai="10,11,45,49,52,89,95,96" m="9679,6255" machi="96" ten="30,11600,0" yaku="8,1,52,1,54,2" doraHai="46" who="3" fromWho="0" sc="359,-116,367,0,82,0,192,116" /><INIT seed="3,1,0,2,4,34" ten="243,367,82,308" oya="3" hai0="95,76,71,26,126,111,64,98,51,118,119,29,120" hai1="65,28,92,59,103,60,62,68,19,30,27,122,91" hai2="8,69,74,44,93,54,121,89,0,135,52,72,63" hai3="14,101,67,35,90,50,129,32,112,86,48,79,53"/><W39/><G39/><T132/><D120/><U10/><E122/><V124/><F121/><W110/><G112/><T40/><D126/><U24/><E103/><V128/><F124/><W55/><G67/><T73/><D132/><U45/><E45/><V18/><F135/><W70/><G70/><T107/><D107/><U3/><E3/><V77/><F128/><W6/><G101/><T108/><D76/><U116/><E116/><N who="0" m="44585" /><D73/><U94/><E94/><V127/><F127/><W25/><G79/><T4/><D4/><U117/><E117/><V75/><F77/><W42/><G42/><T31/><D40/><U5/><E5/><V33/><F33/><W46/><G129/><T81/><D51/><U99/><E24/><V38/><F38/><W106/><G106/><T123/><D123/><U17/><E10/><V115/><F115/><W22/><G110/><N who="0" m="42027" /><D81/><U7/><E7/><V36/><F36/><W97/><G97/><T43/><D43/><U84/><E84/><V49/><F18/><W20/><G32/><T105/><D105/><U100/><E19/><V104/><F104/><W16/><G35/><N who="0" m="20919" /><D31/><U9/><E9/><V47/><F69/><W96/><G96/><T134/><D134/><U58/><E68/><V113/><F113/><W66/><G66/><T85/><D85/><U13/><E13/><V12/><F63/><W130/><G6/><T114/><D114/><U23/><E100/><V88/><F0/><W11/><G130/><T80/><D80/><U61/><E61/><V78/><F78/><W57/><G25/><T87/><D87/><U15/><E15/><RYUUKYOKU ba="1,0" sc="243,-15,367,15,82,-15,308,15" hai1="17,23,27,28,30,58,59,60,62,65,91,92,99" hai3="11,14,16,20,22,46,48,50,53,55,57,86,90" /><INIT seed="3,2,0,5,0,52" ten="228,382,67,323" oya="3" hai0="91,32,42,88,103,7,71,105,74,10,57,45,79" hai1="17,134,24,55,82,50,125,6,108,104,113,25,107" hai2="115,67,1,135,112,102,83,18,9,39,64,14,89" hai3="23,2,38,12,119,72,56,93,22,90,19,127,26"/><W46/><G119/><T111/><D71/><U109/><E113/><V48/><F39/><W73/><G2/><N who="0" m="375" /><D32/><U30/><E6/><V122/><F122/><W76/><G127/><T80/><D111/><U20/><E125/><V114/><F1/><W97/><G76/><T69/><D69/><U116/><E82/><V51/><F135/><W35/><G35/><T49/><D103/><U40/><E40/><V128/><F128/><W44/><G38/><N who="0" m="21719" /><D105/><U118/><E134/><V70/><F102/><W78/><G78/><T98/><D98/><U34/><E107/><V81/><F70/><W58/><G73/><T133/><D133/><U43/><E43/><V29/><F29/><N who="3" m="17623" /><G72/><T13/><D13/><U15/><E15/><V130/><F130/><W92/><G92/><T110/><D110/><N who="1" m="42603" /><E104/><V94/><F83/><W3/><G3/><T4/><D4/><U16/><E17/><V106/><F106/><W60/><G60/><T86/><D86/><U61/><E61/><V0/><F81/><W95/><G95/><T8/><D8/><U68/><E68/><V21/><F0/><W117/><G117/><T5/><D5/><U99/><E99/><V63/><F9/><W129/><G129/><T47/><D47/><AGARI ba="2,0" hai="16,20,24,25,30,34,47,50,55,116,118" m="42603" machi="47" ten="30,2000,0" yaku="14,1,54,1" doraHai="52" who="1" fromWho="0" sc="228,-26,382,26,67,0,323,0" /><AGARI ba="2,0" hai="12,19,23,44,46,47,56,58,90,93,97" m="17623" machi="47" ten="30,5800,0" yaku="8,1,52,2" doraHai="52" who="3" fromWho="0" sc="202,-58,408,0,67,0,323,58" /><INIT seed="3,3,0,4,2,5" ten="144,408,67,381" oya="3" hai0="108,122,57,97,40,54,34,44,58,48,14,126,21" hai1="94,112,41,19,88,130,123,46,128,20,52,49,23" hai2="55,102,109,118,18,2,6,30,62,38,63,115,79" hai3="114,110,120,98,60,7,135,68,29,56,119,67,132"/><W117/><G29/><T72/><D34/><U45/><E112/><V87/><F115/><W4/><G114/><T11/><D122/><U71/><E71/><V101/><F109/><W1/><G120/><T36/><D108/><U75/><E75/><V0/><F118/><W96/><G110/><T85/><D72/><U131/><E123/><V116/><F38/><W51/><G96/><T76/><D126/><U53/><E53/><V22/><F116/><N who="3" m="44619" /><G98/><T33/><D33/><U17/><E23/><V47/><F30/><W99/><G99/><T64/><D21/><U105/><E105/><V74/><F74/><W42/><G1/><T127/><D127/><U13/><E17/><V16/><F2/><W43/><G7/><T9/><D14/><U61/><E61/><V32/><F32/><W69/><G4/><T125/><D125/><U90/><E94/><V24/><F18/><W111/><G111/><T93/><D36/><AGARI ba="3,0" hai="13,19,20,36,41,45,46,49,52,88,90,128,130,131" machi="36" ten="40,5200,0" yaku="19,1,54,2" doraHai="5" who="1" fromWho="0" sc="144,-61,408,61,67,0,381,0" /><INIT seed="4,0,0,5,2,40" ten="83,469,67,381" oya="0" hai0="94,98,31,84,45,21,57,26,119,68,124,16,14" hai1="30,128,34,42,25,97,88,66,115,87,3,4,41" hai2="0,64,106,123,67,112,70,18,17,65,22,120,23" hai3="2,91,60,134,71,100,117,47,90,121,93,82,122"/><T8/><D119/><U133/><E3/><V32/><F0/><W118/><G2/><T92/><D68/><U54/><E4/><V104/><F32/><W38/><G134/><T1/><D124/><U135/><E66/><V24/><F112/><W125/><G125/><T52/><D1/><U85/><E115/><V131/><F70/><W76/><G71/><T99/><D84/><U89/><E128/><V59/><F59/><W103/><G60/><T80/><D80/><U75/><E75/><V46/><F46/><W33/><G33/><T110/><D110/><U37/><E54/><V55/><F55/><W6/><G6/><T127/><D127/><U35/><E35/><V39/><F131/><W36/><G47/><T48/><REACH who="0" step="1"/><D57/><REACH who="0" ten="73,469,67,381" step="2"/><U63/><E135/><V108/><F108/><W61/><G82/><T62/><D62/><U78/><E63/><V13/><REACH who="2" step="1"/><F39/><REACH who="2" ten="73,469,57,381" step="2"/><W43/><G43/><T132/><D132/><U10/><E42/><V12/><F12/><W129/><G38/><T79/><D79/><U130/><E41/><V20/><F20/><W96/><G36/><T102/><D102/><U53/><E130/><V116/><F116/><W9/><G76/><T5/><D5/><U81/><E37/><V114/><F114/><W51/><G103/><T72/><D72/><U28/><E133/><V19/><F19/><W11/><G129/><T101/><D101/><U107/><E28/><V15/><F15/><W58/><G118/><T86/><D86/><U49/><E30/><V95/><F95/><AGARI ba="0,2" hai="8,14,16,21,26,31,45,48,52,92,94,95,98,99" machi="95" ten="40,18000,2" yaku="1,1,8,1,52,1,54,2,53,1" doraHai="40" doraHaiUra="50" who="0" fromWho="2" sc="73,200,469,0,57,-180,381,0" owari="273,-13.0,469,57.0,-123,-62.0,381,18.0" /></mjloggm>