<mjloggm ver="2.3"><GO type="41" lobby="0"/><UN n0="%57%65%62%63%6F%6D" n1="%4A%2E%63%6F%6D%40%4B%31" n2="%E3%81%99%E3%81%94%E3%81%99%E3%81%94" n3="%E5%B0%B1%E6%B4%BB%E7%94%9F%40%E5%B7%9D%E6%9D%91%E8%BB%8D%E5%9B%A3" dan="14,14,15,15" rate="1948.29,1910.27,2001.55,2010.32" sx="M,F,M,M"/><TAIKYOKU oya="0"/><INIT seed="0,0,0,5,1,24" ten="250,250,250,250" oya="0" hai0="15,42,128,107,72,57,96,94,43,17,5,8,7" hai1="119,19,109,92,80,39,29,16,61,68,54,63,28" hai2="51,114,117,14,133,84,21,127,91,112,50,38,18" hai3="6,12,123,33,106,111,66,60,120,23,36,64,2"/><T67/><D72/><U41/><E119/><V89/><F127/><W75/><G75/><T129/><D107/><U48/><E39/><V87/><F133/><W83/><G106/><T44/><D43/><U125/><E109/><V45/><F38/><W59/><G111/><T118/><D118/><U30/><E125/><V132/><F132/><W71/><G36/><T49/><D67/><U130/><E130/><N who="0" m="50281" /><D57/><N who="1" m="34999" /><E68/><V86/><F117/><W56/><G33/><T78/><D78/><U9/><E63/><V116/><F116/><W37/><G37/><T113/><D113/><U103/><E80/><V95/><F86/><W40/><G40/><T108/><D108/><U126/><E126/><V20/><F20/><W70/><G2/><T101/><AGARI ba="0,0" hai="5,7,8,15,17,42,44,49,94,96,101" m="50281" machi="101" ten="30,1500,0" yaku="19,1" doraHai="24" who="0" fromWho="0" sc="250,15,250,-5,250,-5,250,-5" /><INIT seed="0,1,0,1,0,15" ten="265,245,245,245" oya="0" hai0="115,65,81,76,45,85,109,12,100,41,127,67,77" hai1="52,47,7,101,112,118,89,125,98,8,106,91,110" hai2="80,51,107,102,79,135,54,3,69,38,60,58,2" hai3="37,21,96,130,57,23,16,86,25,105,11,56,104"/><T123/><D123/><U44/><E118/><V94/><F107/><W84/><G37/><T43/><D115/><U132/><E110/><V128/><F128/><W4/><G130/><T114/><D114/><U48/><E112/><V120/><F120/><W39/><G39/><T18/><D109/><U95/><E132/><V33/><F33/><W126/><G126/><T53/><D127/><U46/><E125/><V133/><F38/><W17/><G96/><T59/><D100/><U50/><E106/><V34/><F34/><W113/><G113/><T72/><D77/><U63/><E63/><V124/><F124/><W97/><G97/><T74/><D74/><U117/><E117/><V28/><F28/><W99/><G99/><T62/><D72/><U14/><REACH who="1" step="1"/><E47/><REACH who="1" ten="265,235,245,245" step="2"/><V93/><F60/><W92/><G105/><T10/><D45/><U29/><E29/><V26/><F133/><W0/><G104/><T103/><D103/><U78/><E78/><V13/><F102/><W116/><G116/><T66/><AGARI ba="1,1" hai="10,12,18,41,43,53,59,62,65,66,67,76,81,85" machi="66" ten="30,6000,0" yaku="0,1,8,1,52,1" doraHai="15" who="0" fromWho="0" sc="265,73,235,-21,245,-21,245,-21" /><INIT seed="0,2,0,3,5,12" ten="338,214,224,224" oya="0" hai0="124,133,71,110,3,50,62,132,84,80,97,120,36" hai1="26,25,112,98,21,104,106,102,69,91,95,57,105" hai2="6,67,103,123,18,24,1,17,23,56,92,87,45" hai3="109,30,52,9,94,37,81,4,93,28,115,68,121"/><T34/><D36/><U74/><E69/><V128/><F128/><W22/><G109/><T89/><D34/><U54/><E74/><V90/><F123/><W131/><G121/><T51/><D3/><U0/><E0/><V83/><F1/><W100/><G115/><T63/><D120/><U10/><E10/><V79/><F6/><W96/><G131/><T27/><D124/><U38/><E38/><V2/><F2/><W33/><G68/><T8/><D110/><U65/><E65/><V78/><F45/><W59/><G37/><T7/><D8/><U64/><E64/><V118/><F118/><W49/><G33/><T5/><D71/><U55/><E112/><V31/><F79/><W130/><G130/><T122/><D27/><U43/><E43/><V47/><F47/><W111/><G111/><T32/><D32/><U40/><E40/><V15/><F15/><W107/><G81/><T44/><D51/><U125/><E125/><V77/><F77/><W39/><G39/><T13/><D13/><U11/><E11/><V73/><REACH who="2" step="1"/><F103/><REACH who="2" ten="338,214,214,224" step="2"/><W129/><G129/><T86/><D122/><U29/><E102/><V60/><AGARI ba="2,1" hai="17,18,23,24,31,56,60,67,73,78,83,87,90,92" machi="60" ten="30,8000,1" yaku="1,1,2,1,0,1,52,2,53,0" doraHai="12" doraHaiUra="66" who="2" fromWho="2" sc="338,-42,214,-22,214,96,224,-22" /><INIT seed="1,0,0,2,4,18" ten="296,192,310,202" oya="1" hai0="51,130,19,52,73,62,121,116,107,75,6,49,4" hai1="23,102,127,129,33,3,45,43,24,69,30,7,85" hai2="100,54,58,15,123,17,92,135,95,65,47,91,36" hai3="81,50,77,97,126,27,29,14,82,67,122,105,60"/><U74/><E69/><V113/><F135/><W61/><G122/><T8/><D107/><U94/><E74/><V1/><F1/><W108/><G126/><T53/><D116/><U90/><E127/><V21/><F123/><W5/><G108/><T68/><D121/><U20/><E129/><V124/><F124/><W106/><G60/><T125/><D125/><U115/><E115/><V44/><F36/><W70/><G50/><T111/><D111/><U63/><E102/><V132/><F132/><W40/><G40/><T79/><D79/><U48/><REACH who="1" step="1"/><E63/><REACH who="1" ten="296,182,310,202" step="2"/><V87/><F113/><W98/><G105/><T41/><D75/><U96/><E96/><N who="2" m="59423" /><F65/><W119/><G119/><T57/><D68/><U128/><E128/><V134/><F134/><W72/><G106/><T118/><D73/><U42/><E42/><V86/><F86/><W22/><G72/><T56/><D41/><U76/><E76/><V32/><F32/><W99/><REACH who="3" step="1"/><G77/><REACH who="3" ten="296,182,310,192" step="2"/><T11/><D62/><AGARI ba="0,2" hai="15,17,21,44,47,54,58,62,87,91,92" m="59423" machi="62" ten="30,2000,0" yaku="8,1,52,1" doraHai="18" who="2" fromWho="0" sc="296,-20,182,0,310,40,192,0" /><INIT seed="2,0,0,4,1,63" ten="276,182,350,192" oya="2" hai0="115,87,46,22,3,128,53,60,70,126,43,99,108" hai1="48,62,132,105,93,83,73,51,59,135,125,16,25" hai2="100,116,34,81,30,90,118,88,133,134,57,23,4" hai3="95,92,17,15,77,47,12,33,44,96,114,110,7"/><V20/><F100/><W9/><G33/><T55/><D3/><U127/><E105/><V124/><F124/><N who="1" m="47689" /><E93/><V5/><F81/><W56/><G110/><T84/><D108/><U94/><E94/><V42/><F42/><W69/><G114/><T27/><D115/><U79/><E25/><V8/><F8/><W37/><G69/><T131/><D126/><U78/><E78/><V98/><F98/><W86/><G37/><T28/><D99/><U117/><E117/><V106/><F57/><W26/><G56/><T1/><D55/><N who="1" m="34175" /><E16/><V130/><F34/><W97/><G26/><T31/><D31/><U10/><E10/><V111/><F111/><W38/><G38/><T32/><D1/><U0/><E0/><V24/><F24/><W11/><G97/><T80/><D32/><U18/><E18/><V74/><F74/><W21/><G21/><T35/><D35/><U107/><E107/><V123/><F106/><W122/><G122/><T121/><D121/><U66/><E66/><V129/><F30/><W40/><G40/><T72/><D72/><U75/><E75/><V119/><F118/><W113/><G113/><T85/><D80/><U102/><E102/><V64/><F64/><W112/><G112/><T13/><D13/><U103/><E103/><V61/><F123/><W71/><G95/><T67/><D53/><U76/><E76/><V36/><F36/><W54/><G86/><T49/><AGARI ba="0,0" hai="22,27,28,43,46,49,60,67,70,84,85,87,128,131" machi="49" ten="30,2000,0" yaku="0,1,52,1" doraHai="63" who="0" fromWho="0" sc="276,20,182,-5,350,-10,192,-5" /><INIT seed="3,0,0,2,0,93" ten="296,177,340,187" oya="3" hai0="20,89,10,4,119,21,91,99,17,106,56,102,111" hai1="133,97,123,98,62,84,9,79,50,6,107,19,117" hai2="105,13,115,109,75,104,118,66,125,39,74,80,88" hai3="126,3,53,1,16,96,43,54,30,61,45,34,116"/><W132/><G116/><T47/><D119/><U120/><E117/><V38/><F118/><RYUUKYOKU type="kaze4" ba="0,0" sc="296,0,177,0,340,0,187,0" /><INIT seed="3,1,0,5,4,56" ten="296,177,340,187" oya="3" hai0="114,121,100,2,113,117,26,38,20,83,15,104,17" hai1="55,24,132,10,81,41,7,45,123,119,57,91,6" hai2="48,54,110,46,5,12,134,101,3,37,103,75,120" hai3="130,128,9,126,86,33,80,118,49,112,108,98,67"/><W106/><G33/><T82/><D38/><U72/><E123/><V43/><F75/><W127/><G67/><T52/><D2/><U84/><E72/><V85/><F110/><W18/><G18/><T92/><D104/><U73/><E73/><V96/><F3/><W79/><G9/><T65/><D65/><U90/><E132/><V4/><F134/><W1/><G1/><T47/><D121/><U19/><E119/><V94/><F103/><N who="3" m="62839" /><G49/><N who="0" m="28735" /><D117/><U66/><E90/><V32/><F32/><W68/><G68/><T111/><D111/><U133/><E133/><V69/><F69/><W116/><G108/><T28/><D92/><U23/><E66/><V31/><F31/><W125/><G112/><N who="0" m="43115" /><D100/><U16/><E19/><V13/><F85/><W30/><G30/><T70/><D70/><U8/><E6/><V131/><F131/><AGARI ba="1,0" hai="79,80,86,116,118,125,126,127,128,130,131" m="62839" machi="131" ten="40,12000,1" yaku="18,1,19,1,34,2" doraHai="56" who="3" fromWho="2" sc="296,0,177,0,340,-123,187,123" /><INIT seed="3,2,0,0,1,80" ten="296,177,217,310" oya="3" hai0="29,87,114,134,97,127,58,47,53,101,14,79,4" hai1="111,131,57,67,76,52,25,115,15,31,27,128,69" hai2="116,85,123,81,98,104,68,39,100,38,89,56,6" hai3="9,55,43,109,49,61,65,13,132,122,91,77,64"/><W124/><G122/><T71/><D71/><U103/><E111/><V72/><F116/><W54/><G109/><T118/><D118/><U110/><E110/><V84/><F68/><W41/><G132/><T108/><D108/><U86/><E115/><V107/><F123/><W133/><G133/><T126/><D134/><U5/><E103/><V26/><F6/><W88/><G124/><N who="0" m="47659" /><D29/><U12/><E67/><N who="3" m="25674" /><G77/><T129/><D129/><N who="1" m="49739" /><E69/><V34/><F104/><W45/><G61/><T102/><D47/><U113/><E113/><V59/><F72/><W37/><G37/><T1/><D1/><U17/><E5/><V92/><F56/><W51/><G51/><T130/><D97/><U93/><E17/><V35/><F59/><W90/><G43/><T24/><D24/><N who="1" m="9291" /><E31/><V106/><F106/><W121/><G121/><T19/><D4/><AGARI ba="2,0" hai="4,9,13,41,45,49,54,55,88,90,91" m="25674" machi="4" ten="30,2900,0" yaku="8,1,54,1" doraHai="80" who="3" fromWho="0" sc="296,-35,177,0,217,0,310,35" /><INIT seed="3,3,0,4,3,105" ten="261,177,217,345" oya="3" hai0="38,76,90,132,74,61,46,53,37,33,56,122,89" hai1="47,99,112,81,101,114,62,125,69,77,126,117,111" hai2="7,35,48,113,9,75,34,82,64,118,5,50,40" hai3="94,44,83,91,123,128,85,73,6,121,36,102,127"/><W0/><G128/><T98/><D33/><U124/><E111/><V67/><F113/><N who="1" m="43625" /><E47/><V54/><F40/><N who="3" m="22535" /><G127/><T17/><D122/><U29/><E29/><V104/><F104/><W84/><G102/><T71/><D71/><U97/><E117/><V27/><F50/><W116/><G85/><T65/><D132/><U134/><E134/><V20/><F7/><W24/><G24/><T3/><D3/><U115/><N who="1" m="43633" /><U68/><DORA hai="96" /><E62/><V19/><F118/><W42/><G42/><T109/><D109/><U55/><E55/><V28/><F35/><W106/><G106/><T63/><D90/><U107/><E97/><V10/><F10/><N who="3" m="2375" /><G116/><T22/><D63/><U13/><E13/><V49/><F49/><W58/><G58/><T41/><D38/><U66/><E66/><V26/><F9/><W8/><G8/><T100/><D65/><U129/><E129/><V43/><F43/><W86/><G86/><AGARI ba="3,0" hai="68,69,77,81,86,99,101,107,124,125,126" m="43633" machi="86" ten="50,3200,0" yaku="18,1,52,1" doraHai="105,96" who="1" fromWho="3" sc="261,0,177,41,217,0,345,-41" /><INIT seed="4,0,0,2,5,7" ten="261,218,217,304" oya="0" hai0="129,135,35,14,94,53,102,79,61,31,77,109,38" hai1="68,62,111,60,0,22,101,105,132,66,114,4,15" hai2="88,58,16,48,113,27,56,67,29,59,115,126,36" hai3="17,100,64,30,96,118,110,72,57,70,8,46,74"/><T39/><D135/><U104/><E0/><V50/><F36/><W108/><G118/><T76/><D129/><U124/><E111/><V2/><F2/><W25/><G46/><T130/><D130/><U90/><E124/><V93/><F126/><W91/><G91/><T121/><D121/><U107/><E132/><V21/><F67/><W1/><G57/><T34/><D31/><U122/><E122/><V112/><REACH who="2" step="1"/><F29/><REACH who="2" ten="261,218,207,304" step="2"/><W11/><G1/><T10/><D39/><U9/><E114/><V71/><F71/><W3/><G64/><T119/><D38/><U23/><E66/><V81/><F81/><W80/><G70/><T75/><D75/><U54/><E68/><V87/><AGARI ba="0,1" hai="16,21,27,48,50,56,58,59,87,88,93,112,113,115" machi="87" ten="40,8000,1" yaku="1,1,0,1,15,1,54,2,53,0" doraHai="7" doraHaiUra="5" who="2" fromWho="2" sc="261,-40,218,-20,207,90,304,-20" /><INIT seed="5,0,0,4,0,78" ten="221,198,297,284" oya="1" hai0="133,16,100,96,95,7,81,34,43,125,21,4,38" hai1="39,68,0,15,79,3,11,99,63,32,47,9,26" hai2="74,1,51,29,53,61,117,20,120,76,80,124,98" hai3="40,36,130,118,119,121,102,10,28,49,41,60,83"/><U48/><E39/><V105/><F117/><N who="3" m="44555" /><G36/><T6/><D34/><U129/><E129/><V128/><F128/><W64/><G121/><T91/><D125/><U2/><E99/><V93/><F124/><W134/><G134/><T8/><D133/><U86/><E68/><V127/><F127/><W109/><G109/><T18/><D38/><U114/><E63/><V58/><F1/><W135/><G135/><T66/><D43/><U45/><E114/><V92/><F120/><W73/><G102/><T19/><D66/><U30/><E15/><V17/><F29/><W104/><G104/><T111/><D111/><U123/><E123/><V13/><F105/><W33/><G49/><T101/><D101/><U107/><E107/><V110/><F110/><W112/><G112/><T115/><D115/><U22/><E32/><V113/><F113/><W54/><G54/><T77/><D100/><U87/><E47/><V94/><REACH who="2" step="1"/><F61/><REACH who="2" ten="221,198,287,284" step="2"/><W67/><G130/><T108/><D108/><U25/><E0/><V69/><F69/><W122/><G60/><T35/><D35/><U70/><E70/><V82/><F82/><W37/><G28/><T44/><D8/><U50/><E2/><V56/><F56/><W85/><G33/><T75/><REACH who="0" step="1"/><D44/><REACH who="0" ten="211,198,287,284" step="2"/><U126/><E45/><V57/><F57/><W31/><G10/><T55/><D55/><U89/><E126/><V84/><F84/><W106/><G85/><T14/><AGARI ba="0,2" hai="4,6,7,14,16,18,19,21,75,77,81,91,95,96" machi="14" ten="30,7900,0" yaku="1,1,0,1,52,1,54,1,53,0" doraHai="78" doraHaiUra="42" who="0" fromWho="0" sc="211,99,198,-39,287,-20,284,-20" /><INIT seed="6,0,0,4,0,28" ten="310,159,267,264" oya="2" hai0="50,4,64,89,47,9,114,132,55,104,61,95,59" hai1="13,34,65,22,102,36,135,53,72,119,128,11,15" hai2="90,35,70,103,123,127,94,32,5,29,33,73,60" hai3="71,99,10,88,85,110,105,86,18,106,117,12,21"/><V98/><F123/><W134/><G110/><T8/><D104/><U6/><E72/><V54/><F73/><W62/><G117/><T17/><D114/><U113/><E119/><V109/><F127/><W41/><G134/><T78/><D132/><U45/><E135/><V75/><F75/><W82/><G41/><T38/><D78/><U93/><E113/><V1/><F109/><W97/><G86/><T56/><D38/><U31/><E65/><N who="2" m="41255" /><F54/><W25/><G105/><T122/><D17/><U51/><E128/><V44/><F44/><W24/><G24/><T14/><D9/><U20/><E36/><V120/><F120/><W131/><G131/><T76/><D76/><U74/><E74/><V129/><F129/><W100/><G99/><T3/><D122/><U58/><E45/><V79/><F79/><W116/><G116/><T83/><D83/><U37/><E37/><V40/><F40/><W52/><G71/><T2/><D47/><U121/><E121/><V66/><F66/><W101/><G97/><AGARI ba="0,0" hai="2,3,4,8,14,50,55,56,59,61,64,89,95,97" machi="97" ten="30,1000,0" yaku="7,1" doraHai="28" who="0" fromWho="3" sc="310,10,159,0,267,0,264,-10" /><INIT seed="7,0,0,0,1,72" ten="320,159,267,254" oya="3" hai0="134,133,50,124,122,13,70,88,90,97,5,113,98" hai1="119,22,94,131,111,80,62,87,106,53,49,101,36" hai2="121,110,109,74,51,30,123,2,55,25,76,35,20" hai3="104,127,79,102,130,42,63,9,117,32,116,95,21"/><W11/><G32/><T58/><D70/><U27/><E111/><V56/><F2/><W33/><G104/><T105/><D122/><U81/><E131/><V31/><F31/><W59/><G33/><T24/><D124/><U129/><E129/><V10/><F35/><W125/><G130/><T16/><D24/><U3/><E3/><V100/><F100/><W44/><G21/><T52/><D5/><U15/><E119/><V84/><F74/><W93/><G117/><T126/><D126/><N who="3" m="48137" /><G116/><T45/><D113/><U6/><E36/><V82/><REACH who="2" step="1"/><F10/><REACH who="2" ten="320,159,257,254" step="2"/><N who="3" m="3595" /><G102/><T114/><D114/><U67/><E106/><V120/><AGARI ba="0,1" hai="20,25,30,51,55,56,76,82,84,109,110,120,121,123" machi="120" ten="30,8000,1" yaku="1,1,0,1,13,1,52,1,53,1" doraHai="72" doraHaiUra="46" who="2" fromWho="2" sc="320,-20,159,-20,257,90,254,-40" owari="300,10.0,139,-36.0,347,45.0,214,-19.0" /></mjloggm>