<mjloggm ver="2.3"><GO type="169" lobby="0"/><UN n0="%E3%81%8D%E3%81%BF%E3%81%9F%E3%81%BE%E3%81%94" n1="%E3%82%A6%E3%83%AB%E3%83%88%E3%83%A9%E7%AB%8B%E7%9B%B4" n2="%E3%82%AB%E3%83%A9%E3%82%B9%E3%81%AE%E5%AD%90" n3="%E5%8D%97%E5%9B%BD%E9%9B%80" dan="16,17,19,17" rate="2066.44,2108.00,2245.50,2133.61" sx="M,M,M,M"/><TAIKYOKU oya="0"/><INIT seed="0,0,0,2,1,80" ten="250,250,250,250" oya="0" hai0="105,26,76,60,125,77,108,3,22,102,2,7,55" hai1="117,118,96,107,43,78,29,132,8,71,82,101,21" hai2="94,10,54,66,44,133,128,32,23,121,51,130,120" hai3="81,79,75,104,68,92,12,84,36,113,1,13,61"/><T5/><D125/><U116/><E71/><V135/><F32/><W4/><G113/><T9/><D108/><U88/><E8/><V122/><F23/><W89/><G36/><T111/><D111/><U16/><E43/><V109/><F10/><W0/><G104/><T99/><D5/><U31/><E132/><N who="2" m="50763" /><F94/><W93/><G93/><T30/><REACH who="0" step="1"/><D3/><REACH who="0" ten="240,250,250,250" step="2"/><U56/><E118/><V85/><F109/><W15/><REACH who="3" step="1"/><G4/><REACH who="3" ten="240,250,250,240" step="2"/><T67/><D67/><AGARI ba="0,2" hai="0,1,12,13,15,61,67,68,75,79,81,84,89,92" machi="67" ten="40,8000,1" yaku="1,1,2,1,52,1,53,1" doraHai="80" doraHaiUra="65" who="3" fromWho="0" sc="240,-80,250,0,250,0,240,100" /><INIT seed="1,0,0,5,5,22" ten="160,250,250,340" oya="1" hai0="69,54,40,0,109,23,68,46,131,117,6,43,7" hai1="9,114,86,77,134,12,111,32,57,98,33,37,93" hai2="74,36,80,89,121,3,84,61,129,123,10,58,27" hai3="122,106,20,26,4,90,120,79,102,73,55,135,94"/><U108/><E37/><V125/><F36/><W28/><G135/><T71/><D117/><U13/><E114/><V104/><F129/><W21/><G4/><T44/><D109/><N who="1" m="42059" /><E134/><V88/><F125/><W92/><G92/><T48/><D131/><U17/><E57/><V50/><F104/><W49/><G102/><T24/><D0/><U112/><E112/><V70/><F74/><W45/><G106/><T105/><D105/><U18/><E86/><V124/><F124/><W118/><G118/><T107/><D107/><U81/><E81/><V41/><F70/><W100/><G100/><T53/><D43/><U97/><E77/><V115/><F115/><W59/><G21/><T85/><D85/><U8/><E97/><V14/><F3/><W66/><G79/><T87/><D87/><U39/><E39/><V76/><F123/><W30/><G73/><T1/><D46/><U47/><E47/><N who="2" m="25967" /><F121/><W91/><G120/><T95/><D95/><U130/><E130/><V51/><F27/><N who="3" m="16487" /><G122/><T103/><D103/><AGARI ba="0,0" hai="8,9,12,13,17,18,32,33,93,98,103" m="42059" machi="103" ten="30,2900,0" yaku="14,1,10,1" doraHai="22" who="1" fromWho="0" sc="160,-29,250,29,250,0,340,0" /><INIT seed="1,1,0,2,2,26" ten="131,279,250,340" oya="1" hai0="100,70,73,15,84,49,104,8,79,123,23,99,35" hai1="51,30,135,78,83,96,85,95,25,97,69,16,28" hai2="61,63,74,89,12,27,81,120,94,98,103,59,9" hai3="130,110,55,67,92,24,115,6,134,18,106,46,65"/><U52/><E69/><V71/><F120/><W129/><G106/><T5/><D35/><U4/><E4/><V19/><F71/><W132/><G115/><T31/><D70/><U124/><E124/><V66/><F63/><W64/><G6/><T41/><D73/><U112/><E135/><N who="3" m="51754" /><G92/><T91/><D79/><U58/><E112/><V33/><F74/><W40/><G110/><T102/><D123/><U82/><E82/><V117/><F117/><W119/><G119/><T107/><D107/><U37/><E37/><V36/><F36/><N who="3" m="21767" /><G55/><T22/><D100/><N who="1" m="60447" /><E97/><V1/><F1/><W62/><G18/><T75/><D75/><U93/><E93/><V116/><F116/><W126/><G24/><T47/><REACH who="0" step="1"/><D31/><REACH who="0" ten="121,279,250,340" step="2"/><U11/><E25/><V43/><F103/><W118/><G118/><T125/><D125/><U45/><E58/><V32/><F27/><W10/><G126/><T108/><D108/><U39/><E39/><V50/><F59/><N who="3" m="36959" /><G10/><T90/><D90/><U17/><E11/><V121/><F9/><W128/><AGARI ba="1,1" hai="65,67,128,129,130" m="36959,21767,51754" machi="128" ten="40,8000,1" yaku="19,1,20,1,34,2" doraHai="26" who="3" fromWho="3" sc="121,-21,279,-41,250,-21,340,93" /><INIT seed="2,0,0,4,0,55" ten="100,238,229,433" oya="2" hai0="105,104,7,75,100,68,110,118,16,86,133,96,19" hai1="112,51,46,124,130,35,43,79,131,115,36,114,58" hai2="76,134,53,72,95,3,82,85,57,60,121,78,18" hai3="80,123,42,73,11,65,109,27,0,125,4,44,93"/><V8/><F121/><W22/><G123/><T10/><D75/><U33/><E79/><V49/><F134/><W66/><G109/><T108/><D68/><U63/><E124/><V88/><F76/><N who="3" m="44047" /><G93/><T126/><D105/><U21/><E21/><V132/><F132/><W116/><G116/><T122/><D133/><U117/><E117/><V84/><F72/><W25/><G25/><T45/><D122/><U23/><E23/><V9/><F3/><W102/><G102/><T29/><D29/><U41/><E35/><V34/><F34/><W31/><G125/><T91/><D45/><N who="1" m="26031" /><E33/><V111/><F111/><N who="0" m="42538" /><D118/><U99/><E99/><V74/><F74/><W38/><AGARI ba="0,0" hai="0,4,11,22,27,31,38,42,44,65,66" m="44047" machi="38" ten="30,1100,0" yaku="25,1" doraHai="55" who="3" fromWho="3" sc="100,-3,238,-3,229,-5,433,11" /><INIT seed="3,0,0,2,5,76" ten="97,235,224,444" oya="3" hai0="64,78,58,54,56,24,70,135,50,45,123,28,74" hai1="95,39,94,86,19,67,15,87,1,68,17,102,111" hai2="27,71,60,105,21,130,121,97,44,126,14,127,69" hai3="119,63,124,77,3,57,96,25,116,31,114,53,101"/><W98/><G114/><T18/><D135/><U85/><E39/><V41/><F130/><W61/><G3/><T82/><D123/><U49/><E1/><V22/><F121/><W112/><G112/><T42/><D18/><U110/><E67/><V5/><F5/><W75/><G124/><N who="2" m="47657" /><F14/><W2/><G2/><T90/><D90/><U104/><E68/><N who="2" m="26187" /><F60/><W66/><G66/><T52/><D70/><U89/><E104/><V20/><F97/><W32/><G63/><T16/><D28/><U23/><E19/><N who="2" m="12703" /><F105/><W129/><G129/><T47/><D64/><U36/><E36/><AGARI ba="0,0" hai="21,22,36,41,44" m="12703,26187,47657" machi="36" ten="30,1000,0" yaku="18,1" doraHai="76" who="2" fromWho="1" sc="97,0,235,-10,224,10,444,0" /><INIT seed="4,0,0,1,2,50" ten="97,225,234,444" oya="0" hai0="5,72,0,10,14,84,118,61,94,79,125,23,113" hai1="33,48,95,126,134,38,32,62,131,1,56,91,107" hai2="124,20,83,52,88,44,120,119,104,68,58,85,45" hai3="76,27,19,42,128,101,112,66,132,4,69,71,65"/><T54/><D118/><U121/><E107/><V9/><F120/><W7/><G101/><T31/><D125/><U51/><E38/><V43/><F124/><W64/><G42/><T2/><D113/><U8/><E48/><N who="2" m="30983" /><F68/><W73/><G112/><T103/><D72/><U114/><E51/><N who="2" m="27039" /><F104/><W26/><G128/><T63/><D2/><U15/><E56/><V30/><F119/><W35/><G132/><T86/><D0/><U135/><E62/><V18/><F45/><W59/><G59/><N who="0" m="35063" /><D63/><U89/><E1/><V116/><F116/><W87/><G73/><T105/><D105/><U24/><E126/><V40/><F40/><W29/><G71/><T41/><D41/><U98/><E33/><V3/><F3/><W100/><G69/><T75/><D75/><U57/><E114/><V92/><F9/><W49/><G49/><T37/><D37/><U12/><E57/><V111/><F111/><W110/><G110/><T127/><D127/><U78/><E121/><V96/><F30/><W70/><G70/><T117/><D117/><U93/><E32/><V108/><F108/><W133/><G35/><T115/><D115/><U55/><E134/><V16/><F20/><W77/><G133/><T123/><D123/><U81/><E135/><V80/><F80/><W39/><G39/><T28/><D23/><U13/><E81/><V74/><F74/><W25/><G65/><T53/><D53/><U130/><E55/><V22/><F22/><W21/><G66/><T6/><D6/><N who="1" m="3095" /><E131/><V67/><F67/><W47/><G64/><T97/><D79/><AGARI ba="0,0" hai="16,18,79,83,85,88,92,96" m="27039,30983" machi="79" ten="30,8000,1" yaku="8,1,52,1,54,3" doraHai="50" who="2" fromWho="0" sc="97,-80,225,0,234,80,444,0" /><INIT seed="5,0,0,5,4,15" ten="17,225,314,444" oya="1" hai0="99,35,2,87,53,40,28,129,62,123,113,44,0" hai1="50,109,76,6,78,49,81,58,93,90,10,134,42" hai2="56,57,117,75,24,119,105,96,33,97,116,77,132" hai3="100,5,39,52,65,120,73,72,115,63,12,4,91"/><U19/><E134/><V25/><F132/><W3/><G120/><T94/><D113/><U125/><E125/><V37/><F37/><W122/><G122/><T66/><D123/><U74/><E78/><V67/><F67/><W34/><G34/><T16/><D129/><U88/><E90/><V98/><F105/><W68/><G39/><T45/><D87/><U86/><E109/><V18/><F33/><W41/><G41/><T38/><D28/><U43/><E43/><V111/><F111/><W55/><G3/><T79/><D35/><U108/><E108/><V9/><F77/><W80/><G100/><T54/><D79/><U102/><E102/><V130/><F75/><W60/><G115/><T106/><D106/><U26/><E58/><V118/><F130/><W126/><G126/><T69/><D2/><U128/><E42/><V8/><N who="2" m="30208" /><DORA hai="70" /><V124/><F124/><W131/><G131/><T48/><D0/><U92/><E92/><V21/><REACH who="2" step="1"/><F25/><REACH who="2" ten="17,225,304,444" step="2"/><W17/><G72/><T135/><D135/><U127/><E127/><V14/><F14/><W36/><G36/><T83/><D83/><U61/><E128/><V30/><F30/><W84/><G73/><T112/><D112/><U89/><E76/><V29/><F29/><W95/><G80/><T114/><D114/><U31/><E74/><V51/><F51/><W22/><G63/><T104/><D104/><U23/><E61/><V101/><F101/><W47/><G60/><T13/><D38/><U107/><E107/><V27/><F27/><W46/><G65/><T11/><D45/><U32/><E32/><RYUUKYOKU ba="0,1" sc="17,15,225,-15,304,15,444,-15" hai0="11,13,16,40,44,48,53,54,62,66,69,94,99" hai2="8,9,18,21,24,56,57,96,97,98" /><INIT seed="6,1,1,5,0,89" ten="32,210,319,429" oya="2" hai0="29,113,74,38,123,37,31,87,101,116,133,126,107" hai1="90,19,34,27,26,58,23,105,30,7,109,57,135" hai2="72,42,17,49,121,84,63,77,61,98,68,41,115" hai3="99,112,9,28,91,114,13,111,15,1,67,33,59"/><V125/><F121/><W12/><G111/><T22/><D74/><U8/><E105/><V108/><F72/><W47/><G47/><T93/><D123/><U52/><E135/><V24/><F108/><W103/><G91/><T82/><D116/><U106/><E106/><V18/><F115/><N who="3" m="44075" /><G1/><T5/><D126/><U80/><E109/><V100/><F125/><W79/><G79/><T32/><D133/><U44/><E80/><N who="2" m="47119" /><F68/><W46/><G46/><T131/><D131/><U71/><E71/><V16/><F24/><N who="3" m="18567" /><G59/><T95/><D32/><U45/><E90/><V20/><F20/><W122/><G67/><T92/><D113/><U21/><E34/><V62/><F49/><W119/><G119/><T64/><D64/><U85/><E57/><V132/><F132/><W117/><G117/><T120/><D120/><U25/><E25/><V51/><F51/><W14/><G14/><T94/><N who="0" m="24064" /><DORA hai="73" /><T127/><D127/><U134/><E85/><V88/><F100/><W53/><G122/><T55/><D55/><U96/><E96/><V65/><F65/><W118/><G53/><T48/><D48/><U50/><E134/><V4/><F4/><N who="3" m="3111" /><G118/><T54/><D54/><U81/><E81/><V129/><F129/><W75/><G75/><T35/><D5/><U124/><E124/><V69/><F69/><W2/><G2/><AGARI ba="1,1" hai="2,7,8,19,21,23,26,27,30,44,45,50,52,58" machi="2" ten="30,2000,0" yaku="7,1,54,1" doraHai="89,73" who="1" fromWho="3" sc="32,0,210,33,319,0,429,-23" /><INIT seed="7,0,0,4,1,2" ten="32,243,319,406" oya="3" hai0="78,73,108,75,11,110,119,43,54,95,45,26,85" hai1="97,15,113,103,44,22,19,71,67,93,3,70,30" hai2="38,66,83,7,116,57,96,82,84,76,81,58,36" hai3="69,79,118,121,49,53,39,68,134,106,23,135,6"/><W104/><G121/><T37/><D119/><U16/><E113/><V20/><F116/><W131/><G39/><T31/><D54/><U90/><E3/><V105/><F38/><W5/><G118/><T80/><D95/><U24/><E67/><V62/><F36/><W12/><G79/><T8/><D75/><U13/><E44/><V1/><F58/><W111/><G111/><T92/><D11/><U47/><E47/><V132/><F132/><N who="3" m="50731" /><G23/><T10/><D8/><U4/><E4/><N who="3" m="1642" /><G12/><T101/><D101/><U51/><E51/><V52/><F20/><W35/><G35/><T48/><D92/><U29/><E29/><V114/><F114/><W18/><G18/><T55/><D10/><U74/><E74/><V63/><F1/><W59/><G131/><T86/><D108/><U128/><E128/><V107/><F7/><W65/><G65/><T28/><D110/><U124/><E124/><V91/><F76/><W125/><G125/><T126/><D126/><U129/><E129/><V117/><F117/><W64/><G64/><T46/><D28/><U88/><E70/><AGARI ba="0,0" hai="49,53,59,68,69,70,104,106" m="1642,50731" machi="70" ten="30,11600,0" yaku="20,1,52,3" doraHai="2" who="3" fromWho="1" sc="32,0,243,-116,319,0,406,116" owari="32,-47.0,127,-27.0,319,12.0,522,62.0" /></mjloggm>