<mjloggm ver="2.3"><GO type="97" lobby="0"/><UN n0="%E3%83%95%E3%82%A7%E3%83%8D%E3%83%83%E3%82%AF" n1="%E5%B0%B1%E6%B4%BB%E7%94%9F%40%E5%B7%9D%E6%9D%91%E8%BB%8D%E5%9B%A3" n2="%E3%82%AC%E3%83%A9%E3%82%AF%E3%82%BF%E5%B8%9D%E7%8E%8B" n3="%6B%61%6E%64%6F%72%61%6F" dan="16,14,15,14" rate="1972.03,1960.35,2029.77,1853.16" sx="M,M,M,M"/><TAIKYOKU oya="0"/><INIT seed="0,0,0,1,2,54" ten="250,250,250,250" oya="0" hai0="13,44,98,110,34,48,8,15,70,86,69,128,84" hai1="60,29,92,95,23,93,122,125,26,71,3,113,47" hai2="45,133,27,10,117,6,62,111,2,88,39,21,102" hai3="85,30,40,35,11,94,106,64,61,1,22,28,18"/><T108/><D34/><U20/><E122/><V118/><F111/><N who="0" m="42538" /><D98/><U129/><E3/><V4/><F133/><W91/><G106/><T66/><D128/><U78/><E129/><V57/><F102/><W43/><G30/><T67/><D48/><U16/><E113/><V120/><F120/><W52/><G28/><T103/><D103/><U49/><E125/><V126/><F126/><W82/><G35/><T75/><D44/><U56/><E71/><N who="0" m="27145" /><D75/><U19/><E78/><V87/><F6/><W81/><G1/><T32/><D32/><U104/><E104/><V107/><F107/><W38/><G11/><T12/><D8/><U0/><E0/><V89/><F87/><AGARI ba="0,0" hai="12,13,15,66,67,84,86,87" m="27145,42538" machi="87" ten="40,12000,1" yaku="28,2,14,1,10,1" doraHai="54" who="0" fromWho="2" sc="250,120,250,0,250,-120,250,0" /><INIT seed="0,1,0,2,4,47" ten="370,250,130,250" oya="0" hai0="11,121,53,42,104,23,37,131,10,72,135,95,130" hai1="100,75,34,134,105,125,43,56,1,57,54,101,22" hai2="123,108,46,122,116,129,87,89,93,111,68,13,106" hai3="50,27,102,124,39,115,51,44,113,77,5,76,63"/><T80/><D104/><U25/><E75/><V62/><F106/><W28/><G102/><T120/><D95/><U81/><E1/><V12/><F129/><N who="0" m="49162" /><D53/><U30/><E105/><V19/><F116/><W32/><G5/><T7/><D23/><U133/><E125/><V8/><F13/><W36/><G124/><T114/><D114/><U60/><E43/><V107/><F107/><W112/><G63/><T61/><D61/><U66/><E34/><V86/><F86/><W9/><G9/><T73/><D11/><U70/><E70/><V78/><F78/><W94/><G94/><T35/><D35/><U48/><REACH who="1" step="1"/><E81/><REACH who="1" ten="370,240,130,250" step="2"/><V24/><F24/><W83/><G115/><T64/><D80/><U90/><E90/><V33/><F33/><W117/><G117/><T127/><D127/><U49/><E49/><V99/><F122/><N who="0" m="47210" /><D135/><AGARI ba="1,1" hai="22,25,30,48,54,56,57,60,66,100,101,133,134,135" machi="135" ten="40,8000,1" yaku="1,1,20,1,52,1,53,1" doraHai="47" doraHaiUra="45" who="1" fromWho="0" sc="370,-83,240,93,130,0,250,0" /><INIT seed="1,0,0,3,5,110" ten="287,333,130,250" oya="1" hai0="119,36,55,58,32,96,90,16,22,135,53,47,76" hai1="29,124,105,84,38,120,112,57,52,69,129,11,65" hai2="75,77,104,97,109,130,34,98,95,100,7,73,70" hai3="134,81,72,113,74,121,127,116,18,41,14,33,66"/><U15/><E120/><V118/><F70/><W99/><G121/><T50/><D32/><U6/><E38/><V61/><F34/><W9/><G33/><T25/><D119/><U93/><E105/><V4/><F118/><W46/><G116/><T87/><D135/><U26/><E112/><V23/><F109/><W71/><G134/><T12/><D36/><U128/><E124/><V30/><F130/><N who="1" m="50281" /><E69/><V108/><F108/><W8/><G127/><T2/><D2/><U62/><E93/><V114/><F114/><W63/><G99/><T68/><D68/><U82/><E29/><V37/><F37/><W19/><G113/><T133/><D133/><U28/><E28/><V102/><F75/><W101/><G101/><T89/><D76/><N who="1" m="46151" /><E26/><V42/><F42/><W49/><REACH who="3" step="1"/><G81/><REACH who="3" ten="287,333,130,240" step="2"/><T40/><D96/><U3/><E3/><V67/><F73/><W132/><G132/><T126/><D126/><U59/><E59/><N who="2" m="37311" /><F77/><W88/><G88/><T125/><D90/><U10/><E10/><V94/><F104/><W117/><G117/><T56/><D125/><U13/><E13/><AGARI ba="0,1" hai="8,9,13,14,18,19,41,46,49,63,66,71,72,74" machi="13" ten="40,2600,0" yaku="1,1,9,1,53,0" doraHai="110" doraHaiUra="123" who="3" fromWho="1" sc="287,0,333,-26,130,0,240,36" /><INIT seed="2,0,0,5,1,99" ten="287,307,130,276" oya="2" hai0="89,37,87,83,74,72,102,94,108,70,90,80,16" hai1="131,67,121,114,52,24,64,23,56,92,117,78,119" hai2="54,0,129,69,6,73,45,60,49,43,133,50,132" hai3="62,51,105,77,93,30,1,34,118,41,86,82,128"/><V3/><F73/><N who="0" m="28266" /><D70/><U27/><E114/><V96/><F6/><W25/><G118/><T44/><D37/><U36/><E36/><V13/><F13/><W110/><G1/><T97/><D44/><U101/><E121/><V5/><F5/><W20/><G105/><N who="0" m="63695" /><D16/><N who="1" m="12391" /><E131/><V46/><F129/><W29/><G110/><T98/><D108/><U39/><E39/><V112/><F112/><W75/><G128/><T104/><D104/><U76/><E119/><V31/><F31/><W125/><G125/><T111/><D111/><U11/><E11/><V116/><F116/><W35/><G62/><T26/><D26/><U40/><E40/><V33/><F33/><W7/><G7/><T130/><D130/><U61/><E27/><V10/><F10/><W103/><G35/><T134/><D134/><N who="2" m="51818" /><F96/><W123/><G30/><T48/><D48/><U59/><E117/><V106/><F106/><W4/><G4/><T18/><D18/><U88/><E101/><V17/><F17/><W63/><G63/><T91/><D83/><U15/><E15/><V12/><F12/><W81/><G34/><T122/><D122/><U47/><E47/><V9/><F9/><W113/><G123/><T8/><D8/><U84/><E67/><AGARI ba="0,0" hai="0,3,43,45,46,49,50,54,60,67,69" m="51818" machi="67" ten="30,1500,0" yaku="20,1" doraHai="99" who="2" fromWho="1" sc="287,0,307,-15,130,15,276,0" /><INIT seed="2,1,0,2,1,52" ten="287,292,145,276" oya="2" hai0="38,28,21,109,5,135,27,134,76,26,120,86,87" hai1="105,92,82,51,84,6,60,121,98,37,2,11,61" hai2="50,33,106,119,43,48,65,35,59,55,41,31,110" hai3="129,133,127,89,0,42,90,126,39,62,19,18,116"/><V94/><F119/><W75/><G75/><T104/><D38/><U4/><E37/><V72/><F106/><W10/><G116/><T80/><D104/><U12/><E105/><V7/><F72/><W123/><G123/><T1/><D120/><U63/><E121/><V47/><F65/><W97/><G42/><T132/><D109/><U91/><E51/><V25/><F110/><W79/><G39/><T44/><D44/><U45/><E45/><V77/><F7/><W8/><G79/><T40/><D40/><U69/><E69/><V128/><F128/><W29/><G29/><T22/><D5/><N who="1" m="3183" /><E2/><V102/><F43/><W34/><G34/><T57/><D57/><U88/><AGARI ba="1,0" hai="4,6,60,61,63,82,84,88,91,92,98" m="3183" machi="88" ten="30,2000,0" yaku="8,1,54,1" doraHai="52" who="1" fromWho="1" sc="287,-6,292,23,145,-11,276,-6" /><INIT seed="3,0,0,3,0,82" ten="281,315,134,270" oya="3" hai0="71,19,21,50,128,46,66,15,37,88,4,5,52" hai1="112,36,45,106,28,41,129,35,39,63,114,89,8" hai2="51,119,6,91,92,87,64,73,3,70,110,125,53" hai3="49,94,102,97,58,111,61,25,72,98,85,55,10"/><W135/><G72/><T113/><D113/><U18/><E106/><V34/><F110/><W16/><G111/><T131/><D37/><U101/><E101/><V27/><F119/><W108/><G108/><T17/><D17/><U23/><E129/><N who="0" m="49737" /><D66/><U74/><E74/><V81/><F125/><W130/><G130/><T48/><D71/><U13/><E39/><V80/><F3/><W133/><G98/><T24/><D24/><U11/><E35/><V57/><F6/><W67/><G85/><T54/><D88/><U115/><E28/><V118/><F118/><W29/><G10/><T78/><D78/><U22/><E22/><V47/><F70/><W68/><REACH who="3" step="1"/><G16/><REACH who="3" ten="281,315,134,260" step="2"/><T14/><D14/><U93/><E11/><V31/><REACH who="2" step="1"/><F73/><REACH who="2" ten="281,315,124,260" step="2"/><W26/><G26/><T99/><D4/><U104/><E112/><V38/><F38/><W95/><G95/><T116/><D5/><U42/><E114/><V56/><F56/><W65/><G65/><T132/><D116/><U75/><E115/><V12/><F12/><W40/><G40/><T76/><D15/><U83/><E42/><V105/><F105/><W1/><G1/><T62/><D54/><U7/><E104/><V107/><F107/><W20/><AGARI ba="0,2" hai="20,25,29,49,55,58,61,67,68,94,97,102,133,135" machi="20" ten="30,6000,0" yaku="1,1,0,1,53,1" doraHai="82" doraHaiUra="59" who="3" fromWho="3" sc="281,-20,315,-20,124,-20,260,80" owari="261,-14.0,295,10.0,104,-40.0,340,44.0" /></mjloggm>