<mjloggm ver="2.3"><GO type="41" lobby="0"/><UN n0="%EF%BC%8F%EF%BC%88%E3%83%BB%EF%BD%98%E3%83%BB%EF%BC%89%EF%BC%BC" n1="%E9%B9%BF%E7%80%AC%E5%B7%B4" n2="%E3%81%AF%E3%81%8F%E3%81%AE%E3%81%99%E3%81%91" n3="%E5%B0%B1%E6%B4%BB%E7%94%9F%40%E5%B7%9D%E6%9D%91%E8%BB%8D%E5%9B%A3" dan="15,14,15,15" rate="1947.14,1914.62,1992.57,2030.56" sx="F,F,M,M"/><TAIKYOKU oya="0"/><INIT seed="0,0,0,1,1,87" ten="250,250,250,250" oya="0" hai0="16,15,99,14,100,130,59,9,60,118,66,125,25" hai1="103,6,19,84,115,48,39,91,110,1,117,89,35" hai2="124,85,101,113,109,75,82,105,32,72,102,54,23" hai3="61,92,80,13,81,52,33,47,50,97,56,71,26"/><T36/><D118/><U123/><E117/><V4/><F32/><W17/><G71/><T122/><D122/><U46/><E39/><V112/><F4/><W12/><G33/><T49/><D36/><U93/><E123/><V18/><F124/><W70/><G70/><T24/><D125/><U55/><E35/><V0/><F0/><W38/><G38/><T64/><D130/><U27/><E110/><V96/><F101/><W86/><G26/><T133/><D133/><U69/><E69/><V7/><F7/><W34/><G34/><T68/><D49/><U42/><E115/><V73/><F54/><W29/><G29/><T10/><D66/><U126/><E126/><V77/><F23/><W134/><G13/><T63/><D63/><U20/><E103/><V111/><REACH who="2" step="1"/><F18/><REACH who="2" ten="250,250,240,250" step="2"/><W108/><G108/><AGARI ba="0,1" hai="72,73,75,77,82,85,96,102,105,108,109,111,112,113" machi="108" ten="50,12000,2" yaku="1,1,2,1,14,1,34,3,53,0" doraHai="87" doraHaiUra="31" who="2" fromWho="3" sc="250,0,250,0,240,130,250,-120" /><INIT seed="1,0,0,2,2,115" ten="250,250,370,130" oya="1" hai0="13,82,74,27,25,49,114,31,12,104,17,119,90" hai1="86,54,84,112,80,97,41,60,79,95,65,7,103" hai2="62,111,67,1,130,70,105,93,15,57,43,126,129" hai3="89,72,107,78,122,59,117,134,2,6,77,53,91"/><U16/><E112/><V121/><F1/><W113/><G122/><T58/><D114/><U39/><E7/><V124/><F105/><W83/><G113/><T36/><D36/><U10/><E39/><V102/><F121/><W32/><G32/><T45/><D104/><U98/><E41/><V3/><F3/><W101/><G134/><T47/><D119/><U133/><E133/><V55/><F15/><W14/><G2/><T0/><D0/><U50/><E97/><V64/><F102/><W118/><G78/><T100/><D100/><U123/><E123/><V71/><F111/><W5/><G101/><T30/><D58/><N who="1" m="37015" /><E79/><V21/><F21/><W66/><G66/><N who="2" m="25129" /><F43/><W73/><G73/><T18/><D74/><U22/><E10/><V135/><F135/><W11/><G5/><T61/><D61/><U37/><E80/><V46/><F93/><W20/><G20/><T75/><D75/><U68/><E37/><V29/><F46/><W127/><G127/><N who="2" m="48681" /><F29/><W76/><G76/><T19/><D82/><U35/><E68/><AGARI ba="0,0" hai="55,57,62,68,70,71,129,130" m="48681,25129" machi="68" ten="40,5200,0" yaku="18,1,34,2" doraHai="115" who="2" fromWho="1" sc="250,0,250,-52,370,52,130,0" /><INIT seed="2,0,0,1,4,128" ten="250,198,422,130" oya="2" hai0="89,25,78,2,57,91,31,76,69,48,1,16,80" hai1="30,59,113,135,131,55,33,14,117,62,95,47,34" hai2="5,84,29,104,11,123,19,71,13,108,88,54,120" hai3="53,24,43,56,85,3,61,129,124,18,110,52,20"/><V79/><F104/><W100/><G129/><T46/><D69/><U23/><E113/><V82/><F71/><W37/><G110/><T64/><D2/><U75/><E131/><V58/><F29/><W119/><G119/><T83/><D1/><U49/><E117/><V77/><F108/><W98/><G124/><T51/><D31/><U22/><E75/><V97/><F97/><W67/><G3/><T36/><D36/><U81/><E81/><V112/><F112/><W109/><G109/><T66/><D25/><U94/><E33/><V0/><F123/><W86/><G37/><T133/><D57/><U8/><E34/><V122/><F122/><W111/><G43/><T12/><D12/><U134/><E95/><V73/><F73/><W70/><G111/><T105/><D105/><U74/><E74/><V10/><F120/><W118/><G118/><T114/><D114/><U44/><E94/><V35/><F35/><W132/><G132/><N who="1" m="50730" /><E30/><V101/><F101/><W42/><G42/><T4/><D133/><U106/><E106/><V107/><F107/><W21/><G98/><T127/><D127/><U103/><E103/><V92/><F92/><W68/><G100/><T26/><D80/><U9/><E47/><V96/><F96/><W15/><G70/><T32/><D46/><U17/><E8/><V39/><F39/><W50/><REACH who="3" step="1"/><G53/><AGARI ba="0,0" hai="9,14,17,22,23,44,49,53,55,59,62" m="50730" machi="53" ten="30,7700,0" yaku="20,1,52,3" doraHai="128" who="1" fromWho="3" sc="250,0,198,77,422,0,130,-77" /><INIT seed="3,0,0,3,5,97" ten="250,275,422,53" oya="3" hai0="42,54,25,18,6,119,24,79,62,78,102,108,116" hai1="23,20,96,12,118,82,72,41,128,7,76,134,13" hai2="132,37,5,122,58,52,127,33,61,73,48,100,83" hai3="110,124,36,123,26,71,46,14,30,85,93,56,90"/><W50/><G123/><T92/><D108/><U112/><E118/><V31/><F122/><W94/><G110/><T4/><D42/><U11/><E112/><V39/><F132/><W109/><G71/><T113/><D113/><U98/><E134/><V70/><F5/><N who="0" m="2154" /><D119/><U81/><E128/><V55/><F127/><W91/><G124/><T80/><D116/><U111/><E111/><V2/><F2/><W32/><G109/><T74/><D74/><U22/><E41/><V65/><F31/><W60/><G36/><T106/><D106/><U86/><REACH who="1" step="1"/><E13/><REACH who="1" ten="250,265,422,53" step="2"/><V84/><F39/><W16/><G56/><N who="0" m="35095" /><D80/><U69/><E69/><V34/><F37/><W3/><G3/><T87/><D24/><U95/><E95/><V45/><F83/><W57/><G57/><T67/><D25/><U8/><E8/><V40/><F70/><W9/><G60/><T0/><D92/><U10/><E10/><V77/><F58/><W51/><REACH who="3" step="1"/><G46/><REACH who="3" ten="250,265,422,43" step="2"/><T53/><D0/><U29/><E29/><V114/><F45/><W75/><G75/><T125/><D125/><U126/><E126/><V120/><F73/><W68/><G68/><T43/><D67/><U64/><E64/><V115/><F65/><W135/><G135/><T47/><D47/><U63/><E63/><V131/><F61/><W88/><G88/><AGARI ba="0,2" hai="7,11,12,20,22,23,72,76,81,82,86,88,96,98" machi="88" ten="40,2600,0" yaku="1,1,54,1,53,0" doraHai="97" doraHaiUra="99" who="1" fromWho="3" sc="250,0,265,46,422,0,43,-26" /><INIT seed="4,0,0,2,4,100" ten="250,311,422,17" oya="0" hai0="108,70,58,3,118,25,8,102,92,93,6,99,23" hai1="112,83,74,72,121,109,123,56,62,105,117,52,41" hai2="27,42,84,129,13,17,130,63,55,22,85,69,43" hai3="38,46,65,1,128,94,45,133,90,14,111,44,80"/><T134/><D70/><U113/><E105/><V19/><F69/><W120/><G111/><T30/><D118/><U32/><E117/><V20/><F63/><W122/><G1/><T35/><D108/><U125/><E32/><V50/><F43/><W47/><G38/><T48/><D134/><U71/><E125/><V61/><F61/><W39/><G39/><T81/><D81/><U67/><E41/><V64/><F64/><W79/><G133/><T110/><D110/><U78/><E72/><V96/><F42/><W106/><G128/><N who="2" m="49257" /><F96/><W132/><G65/><T29/><D29/><U21/><E21/><V115/><F115/><N who="1" m="44105" /><E109/><V34/><F34/><W16/><G132/><T73/><D73/><U15/><E15/><V0/><F0/><W33/><G33/><T7/><D7/><U126/><E126/><V2/><F2/><W82/><G106/><T89/><D35/><U119/><E119/><V5/><F5/><W98/><N who="3" m="11776" /><DORA hai="9" /><W10/><REACH who="3" step="1"/><G79/><REACH who="3" ten="250,311,422,7" step="2"/><T57/><REACH who="0" step="1"/><D48/><AGARI ba="0,1" hai="48,52,56,62,67,71,74,78,83,121,123" m="44105" machi="48" ten="30,3900,0" yaku="15,1,11,1,54,1" doraHai="100,9" who="1" fromWho="0" sc="250,-39,311,49,422,0,7,0" /><INIT seed="5,0,0,3,4,113" ten="211,360,422,7" oya="1" hai0="105,68,110,82,109,107,73,118,80,69,50,83,128" hai1="59,30,85,76,12,34,20,62,18,122,22,27,120" hai2="58,77,16,23,28,1,119,55,134,48,75,92,25" hai3="133,11,112,116,15,81,24,87,19,36,32,2,115"/><U5/><E5/><V21/><F1/><W3/><G36/><T103/><D73/><U72/><E72/><V66/><F134/><W98/><G98/><T14/><D128/><U26/><E76/><V47/><F92/><W127/><G87/><T56/><D14/><U63/><E85/><V38/><F38/><W0/><G81/><T131/><D131/><U71/><E71/><V52/><F75/><W17/><G133/><T44/><D56/><U39/><E39/><V94/><F94/><W117/><G127/><T79/><D79/><U41/><E41/><V46/><F77/><W64/><G64/><T125/><D125/><U100/><E100/><V90/><F90/><W70/><G70/><T101/><D50/><U91/><E91/><V108/><F108/><W104/><G104/><T86/><D82/><U61/><REACH who="1" step="1"/><E59/><REACH who="1" ten="211,350,422,7" step="2"/><V88/><F88/><W97/><G97/><T60/><D86/><U8/><E8/><V124/><F124/><W54/><G54/><T65/><D101/><U45/><E45/><V35/><F55/><W7/><G112/><T102/><D103/><U93/><E93/><V42/><F47/><W10/><G115/><T49/><D102/><U106/><E106/><V130/><F42/><W132/><G132/><T33/><D69/><U40/><E40/><V129/><F58/><W53/><G53/><T51/><D105/><U123/><E123/><V126/><F126/><W13/><G7/><T96/><D107/><U37/><E37/><V31/><F130/><W6/><G6/><T9/><D68/><U74/><E74/><V78/><F78/><RYUUKYOKU ba="0,1" sc="211,-15,350,15,422,-15,7,15" hai1="12,18,20,22,26,27,30,34,61,62,63,120,122" hai3="0,2,3,10,11,13,15,17,19,24,32,116,117" /><INIT seed="5,1,1,0,4,80" ten="196,365,407,22" oya="1" hai0="18,110,31,33,106,21,40,134,71,38,67,74,129" hai1="28,78,123,87,24,114,39,79,135,60,20,19,133" hai2="42,47,25,14,94,26,17,44,49,43,35,130,27" hai3="13,81,85,116,1,125,15,9,52,126,69,51,16"/><U32/><E39/><V73/><F73/><W89/><G69/><T93/><D93/><U128/><E123/><V82/><F130/><W92/><G1/><T127/><D18/><U97/><E128/><V95/><F82/><W29/><G116/><T62/><D21/><U30/><E114/><V104/><F35/><W119/><G119/><T90/><D90/><U8/><E97/><V112/><F104/><W120/><G120/><T65/><D65/><U70/><E70/><V66/><F66/><W102/><G29/><T50/><D50/><U113/><E113/><V3/><F3/><W11/><G102/><T59/><D59/><U88/><E60/><V41/><F112/><W58/><REACH who="3" step="1"/><G81/><REACH who="3" ten="196,365,407,12" step="2"/><T10/><D71/><U56/><E28/><V5/><F43/><W115/><G115/><T91/><D31/><U22/><E135/><V105/><F41/><W6/><AGARI ba="1,2" hai="6,9,11,13,15,16,51,52,58,85,89,92,125,126" machi="6" ten="30,12000,2" yaku="1,1,0,1,52,1,54,2,53,1" doraHai="80" doraHaiUra="86" who="3" fromWho="3" sc="196,-31,365,-61,407,-31,12,143" /><INIT seed="6,0,0,5,5,129" ten="165,304,376,155" oya="2" hai0="10,111,17,127,3,128,79,9,29,23,90,60,97" hai1="38,49,115,47,99,40,124,110,70,35,107,106,4" hai2="2,36,123,91,87,102,100,74,92,42,54,8,134" hai3="118,37,33,77,132,11,6,15,52,64,117,59,55"/><V80/><F123/><W119/><G37/><T58/><D111/><U43/><E110/><V5/><F54/><W0/><G33/><T48/><D128/><U95/><E115/><V88/><F74/><W20/><G77/><T126/><D29/><U105/><E124/><N who="0" m="47657" /><D48/><U50/><E70/><V27/><F27/><W122/><G122/><T75/><D3/><U98/><E35/><V46/><F134/><W85/><G132/><T31/><D31/><U22/><E40/><V26/><REACH who="2" step="1"/><F26/><REACH who="2" ten="165,304,366,155" step="2"/><W112/><G112/><T83/><D90/><U130/><E130/><V76/><F76/><W56/><G64/><N who="0" m="38935" /><D97/><AGARI ba="0,1" hai="2,5,8,36,42,46,80,87,88,91,92,97,100,102" machi="97" ten="30,11600,0" yaku="1,1,7,1,54,1,53,1" doraHai="129" doraHaiUra="1" who="2" fromWho="0" sc="165,-116,304,0,366,126,155,0" /><INIT seed="6,1,0,4,5,48" ten="49,304,492,155" oya="2" hai0="54,109,95,118,117,101,134,62,121,131,21,70,74" hai1="50,90,11,110,52,51,18,7,107,66,123,133,40" hai2="102,94,29,126,63,46,76,14,96,1,42,83,19" hai3="58,69,57,119,30,32,71,72,2,80,34,33,16"/><V38/><BYE who="1" /><F1/><W4/><G119/><T108/><D74/><U103/><E103/><UN n1="%E9%B9%BF%E7%80%AC%E5%B7%B4" /><V132/><BYE who="1" /><F126/><W75/><G30/><T113/><D121/><U13/><E13/><V47/><F132/><UN n1="%E9%B9%BF%E7%80%AC%E5%B7%B4" /><W61/><BYE who="1" /><G4/><T6/><D6/><U84/><E84/><UN n1="%E9%B9%BF%E7%80%AC%E5%B7%B4" /><V77/><BYE who="1" /><F63/><W10/><G2/><T98/><D134/><UN n1="%E9%B9%BF%E7%80%AC%E5%B7%B4" /><U79/><E79/><BYE who="1" /><V3/><F3/><W93/><G93/><T9/><D9/><U31/><E31/><V20/><F29/><W111/><G111/><T56/><D70/><U73/><E73/><V89/><F47/><W91/><G58/><T105/><D113/><U44/><E44/><V22/><F22/><W43/><G43/><T26/><D105/><U135/><E135/><V116/><F116/><N who="0" m="44650" /><D131/><U39/><E39/><V100/><F102/><W129/><G129/><T15/><D15/><U35/><E35/><V104/><F83/><W41/><G71/><T36/><D36/><U5/><E5/><V0/><F0/><W53/><G69/><T59/><D59/><U24/><E24/><V106/><F106/><W115/><G115/><T97/><D97/><AGARI ba="1,0" hai="14,19,20,38,42,46,76,77,89,94,96,97,100,104" machi="97" ten="30,1500,0" yaku="7,1" doraHai="48" who="2" fromWho="0" sc="49,-18,304,0,492,18,155,0" /><INIT seed="6,2,0,5,4,93" ten="31,304,510,155" oya="2" hai0="30,127,81,94,39,86,34,49,120,79,3,119,63" hai1="84,57,52,74,32,60,106,58,115,102,55,40,53" hai2="42,35,122,99,8,103,118,112,4,131,114,65,43" hai3="108,68,23,73,92,22,76,85,82,61,1,67,128"/><V20/><F122/><W46/><G108/><T47/><D120/><U36/><E36/><V133/><F118/><W98/><G128/><T9/><D119/><U29/><E29/><V12/><F35/><W13/><G1/><T45/><D127/><U18/><E18/><V51/><F131/><W104/><G46/><T89/><D39/><U41/><E41/><V17/><F65/><W135/><G135/><T56/><D30/><U21/><E21/><V105/><F133/><W107/><G73/><T110/><D34/><U95/><E95/><V14/><REACH who="2" step="1"/><F51/><REACH who="2" ten="31,304,500,155" step="2"/><W69/><G67/><T88/><D110/><U33/><E33/><V87/><F87/><W16/><G85/><T123/><D123/><U71/><E71/><V0/><F0/><W129/><G69/><T83/><D49/><U91/><E91/><V11/><F11/><W97/><G68/><T25/><D9/><U126/><E126/><V26/><F26/><W124/><G23/><T109/><D3/><U66/><E66/><V31/><F31/><W38/><G38/><T62/><D25/><U54/><E54/><V28/><F28/><W130/><G129/><T6/><D109/><U27/><E27/><V72/><F72/><W134/><G134/><T70/><D70/><U113/><E113/><AGARI ba="2,1" hai="4,8,12,14,17,20,42,43,99,103,105,112,113,114" machi="113" ten="40,7700,0" yaku="1,1,15,1,52,1,53,0" doraHai="93" doraHaiUra="77" who="2" fromWho="1" sc="31,0,304,-83,500,93,155,0" /><INIT seed="6,3,0,4,5,50" ten="31,221,593,155" oya="2" hai0="115,16,121,83,42,73,70,127,97,78,88,17,85" hai1="8,65,44,134,56,38,114,82,110,4,58,81,113" hai2="45,135,19,28,96,80,112,103,24,69,128,29,68" hai3="94,131,30,25,62,100,41,126,119,89,98,106,51"/><V86/><F135/><W60/><G119/><T108/><D121/><U124/><E124/><V34/><F128/><W67/><G131/><T63/><D108/><U74/><E74/><V77/><F112/><W117/><G117/><T35/><D115/><U95/><E95/><V125/><F125/><W20/><G126/><T102/><D127/><U10/><E10/><V39/><F29/><W53/><G41/><T61/><D35/><U43/><E43/><V79/><F19/><W31/><G31/><T120/><D120/><U47/><E47/><V123/><F77/><W72/><G72/><T12/><D42/><U93/><E93/><V27/><F27/><W49/><G49/><T36/><D36/><U22/><E22/><V54/><F39/><W109/><G109/><T7/><D7/><U64/><E64/><V14/><F14/><W66/><G66/><T129/><D129/><U75/><E75/><V76/><F76/><W37/><G37/><T107/><D70/><U21/><E21/><V55/><F45/><W9/><G9/><T87/><D87/><U1/><E1/><V48/><F48/><W104/><G67/><T52/><D63/><U15/><E15/><V6/><F6/><W99/><REACH who="3" step="1"/><G106/><REACH who="3" ten="31,221,593,145" step="2"/><T105/><D105/><U133/><E133/><V11/><F123/><W59/><AGARI ba="3,1" hai="20,25,30,51,53,59,60,62,89,94,98,99,100,104" machi="59" ten="20,8000,1" yaku="1,1,2,1,0,1,7,1,52,1,53,0" doraHai="50" doraHaiUra="122" who="3" fromWho="3" sc="31,-23,221,-23,593,-43,145,99" /><INIT seed="7,0,0,3,2,42" ten="8,198,550,244" oya="3" hai0="69,128,45,59,112,23,115,106,89,98,55,5,75" hai1="82,109,46,81,27,1,105,21,2,119,88,15,100" hai2="32,107,96,51,92,58,28,71,79,62,48,14,76" hai3="91,93,37,99,25,95,26,97,85,103,74,12,87"/><W66/><G37/><T53/><D89/><U65/><E65/><V49/><F107/><W133/><G133/><T80/><D59/><U29/><E29/><V16/><F71/><W125/><G125/><T117/><D80/><U84/><E84/><V116/><F28/><W102/><G66/><T36/><D98/><U127/><E127/><V63/><F32/><W73/><G12/><T18/><D23/><U56/><E56/><V64/><F62/><W41/><G41/><T118/><D5/><U132/><E132/><V67/><F67/><W110/><G110/><T129/><D106/><U124/><E124/><V83/><F116/><W104/><G26/><T108/><D108/><U77/><E77/><V30/><F30/><W17/><G17/><T38/><D18/><U131/><E131/><V10/><F83/><W86/><G25/><T72/><D69/><U34/><E34/><V111/><F111/><W122/><G122/><T9/><D9/><U94/><E94/><V126/><F126/><W6/><G6/><T13/><D13/><U7/><E7/><V50/><N who="2" m="12800" /><DORA hai="40" /><V78/><F78/><W19/><REACH who="3" step="1"/><G19/><REACH who="3" ten="8,198,550,234" step="2"/><T24/><D24/><U60/><E60/><V135/><F135/><W4/><G4/><T68/><D68/><U52/><E52/><V0/><F0/><W47/><G47/><AGARI ba="0,1" hai="36,38,45,47,53,55,72,75,112,115,117,118,128,129" machi="47" ten="25,12000,2" yaku="22,2,52,4" doraHai="42,40" who="0" fromWho="3" sc="8,130,198,0,550,0,234,-120" owari="138,-26.0,198,0.0,550,65.0,114,-39.0" /></mjloggm>