<mjloggm ver="2.3"><GO type="225" lobby="0"/><UN n0="%E3%81%8D%E3%81%A6%E3%81%83%E2%98%86%E3%81%B1%E3%81%84" n1="%73%61%72%61%6B" n2="%E9%87%98%E5%AE%AE%E7%97%85%E6%82%A3%E8%80%85" n3="%E3%83%88%E3%83%88%E3%83%AA%E5%85%88%E7%94%9F%31%39%E6%AD%B3" dan="16,16,16,18" rate="2094.53,2082.37,2199.82,2267.02" sx="F,M,F,F"/><TAIKYOKU oya="0"/><INIT seed="0,0,0,1,3,1" ten="250,250,250,250" oya="0" hai0="107,70,25,4,2,97,39,129,10,82,134,123,89" hai1="17,63,102,13,95,83,104,135,22,31,67,76,53" hai2="101,99,93,121,119,132,29,112,24,94,27,41,127" hai3="45,35,46,18,79,49,52,61,50,117,5,60,72"/><T32/><D123/><U91/><E135/><V65/><F121/><W69/><G117/><T40/><D134/><U122/><E122/><V120/><F120/><W8/><G35/><T128/><D89/><U114/><E114/><V87/><F132/><W124/><G124/><T21/><D82/><U80/><E31/><V42/><F127/><W86/><G72/><T103/><D21/><U64/><E104/><V110/><F112/><W33/><G33/><T105/><D105/><U28/><E102/><V54/><F65/><N who="1" m="25161" /><E28/><V0/><F0/><W81/><G18/><T111/><D70/><U9/><E22/><V7/><F119/><W106/><G106/><T85/><D85/><N who="1" m="52719" /><E76/><V131/><F131/><N who="0" m="50250" /><D25/><N who="2" m="9802" /><F29/><W36/><G36/><T55/><D55/><U130/><E130/><V48/><F110/><W77/><G77/><T14/><D111/><U68/><E68/><V44/><F87/><W6/><G69/><T37/><D32/><U118/><E118/><V43/><F94/><W133/><G133/><T116/><D116/><U30/><E30/><V58/><F58/><AGARI ba="0,0" hai="9,13,17,53,58,63,80,83" m="52719,25161" machi="58" ten="30,1000,0" yaku="8,1" doraHai="1" who="1" fromWho="2" sc="250,0,250,10,250,-10,250,0" /><INIT seed="1,0,0,4,4,70" ten="250,260,240,250" oya="1" hai0="36,40,88,29,44,60,47,37,92,68,42,95,128" hai1="52,30,33,59,103,131,74,49,132,106,126,48,130" hai2="56,90,8,72,2,123,101,23,38,111,45,120,5" hai3="97,28,11,98,64,75,93,51,31,134,100,66,9"/><U124/><E74/><V87/><F111/><W99/><G75/><T94/><D29/><N who="3" m="11337" /><G134/><T82/><D128/><N who="1" m="49195" /><E103/><V10/><F101/><W118/><G118/><T0/><D0/><U25/><E106/><V39/><F72/><W86/><G100/><T46/><D46/><U54/><E132/><V18/><F56/><AGARI ba="0,0" hai="25,30,33,48,49,52,54,56,59,124,126" m="49195" machi="56" ten="30,2900,0" yaku="19,1,54,1" doraHai="70" who="1" fromWho="2" sc="250,0,260,29,240,-29,250,0" /><INIT seed="1,1,0,2,3,135" ten="250,289,211,250" oya="1" hai0="7,91,61,115,120,102,119,33,74,10,30,64,109" hai1="125,104,67,124,12,57,50,60,117,100,107,9,116" hai2="68,122,56,2,21,4,128,59,126,3,80,62,65" hai3="13,101,108,16,82,52,48,78,19,47,15,34,26"/><U92/><E92/><V111/><F122/><W106/><G108/><T41/><D115/><U29/><E29/><V24/><F111/><W37/><G37/><T25/><D74/><U49/><E49/><V123/><F123/><W66/><G66/><T97/><D109/><U127/><E50/><V83/><F128/><W98/><G34/><T132/><D91/><U129/><E129/><V95/><F95/><W53/><G53/><T77/><D120/><U58/><E58/><V46/><F46/><W31/><G31/><T85/><D132/><U27/><E27/><V54/><F126/><W72/><REACH who="3" step="1"/><G19/><REACH who="3" ten="250,289,211,240" step="2"/><T130/><D130/><U99/><E107/><V32/><F32/><W8/><G8/><T76/><D41/><U23/><E23/><AGARI ba="1,1" hai="13,15,16,23,26,47,48,52,72,78,82,98,101,106" machi="23" ten="40,8000,1" yaku="1,1,54,2,53,1" doraHai="135" doraHaiUra="42" who="3" fromWho="1" sc="250,0,289,-83,211,0,240,93" /><INIT seed="2,0,0,5,4,116" ten="250,206,211,333" oya="2" hai0="107,18,10,120,124,45,74,126,132,110,83,103,27" hai1="3,111,29,55,51,135,20,31,118,127,39,87,34" hai2="77,114,79,49,121,61,47,15,19,53,1,123,54" hai3="37,108,122,38,70,40,129,67,26,131,105,128,16"/><V78/><F1/><W100/><G122/><T44/><D107/><U91/><E39/><N who="3" m="14858" /><G40/><T89/><D103/><U72/><E72/><V119/><F119/><W106/><G108/><T82/><D110/><U99/><E34/><V125/><F125/><N who="0" m="48234" /><D132/><U62/><E3/><V69/><F114/><W9/><G100/><T28/><D120/><U59/><E111/><V41/><F41/><W22/><G9/><T93/><D18/><U56/><E135/><V134/><F134/><W80/><G80/><N who="0" m="30763" /><D10/><U113/><E127/><V48/><F61/><AGARI ba="0,0" hai="16,22,26,61,67,70,105,106,128,129,131" m="14858" machi="61" ten="40,2600,0" yaku="19,1,54,1" doraHai="116" who="3" fromWho="2" sc="250,0,206,0,211,-26,333,26" /><INIT seed="3,0,0,2,5,84" ten="250,206,185,359" oya="3" hai0="109,121,44,64,72,79,53,9,49,58,17,39,61" hai1="135,93,19,104,10,28,65,83,22,62,91,26,107" hai2="50,134,33,90,54,85,129,51,52,40,29,126,115" hai3="106,4,31,74,98,111,123,8,120,95,131,32,102"/><W63/><G74/><T89/><D121/><U68/><E135/><V41/><F115/><W133/><G133/><T42/><D109/><U76/><E10/><V18/><F134/><W108/><G131/><T77/><D72/><U122/><E122/><V127/><F129/><W16/><G106/><T116/><D116/><U110/><E110/><N who="3" m="42026" /><G16/><T82/><D17/><U73/><E19/><V132/><F132/><W43/><G43/><N who="2" m="16457" /><F18/><W15/><G63/><T1/><D1/><U97/><AGARI ba="0,0" hai="22,26,28,62,65,68,73,76,83,91,93,97,104,107" machi="97" ten="20,2700,0" yaku="0,1,7,1,52,1" doraHai="84" who="1" fromWho="1" sc="250,-7,206,27,185,-7,359,-13" owari="243,4.0,233,-17.0,178,-32.0,346,45.0" /></mjloggm>