<mjloggm ver="2.3"><GO type="169" lobby="0"/><UN n0="%74%68%69%73%69%73%69%74" n1="%74%6E%66%73%68%32%30%34" n2="%E3%82%A6%E3%83%AB%E3%83%88%E3%83%A9%E7%AB%8B%E7%9B%B4" n3="%72%79%6F%E2%80%A6%31%35" dan="17,17,18,17" rate="2161.22,2197.03,2207.21,2173.93" sx="M,M,M,M"/><TAIKYOKU oya="0"/><INIT seed="0,0,0,3,0,23" ten="250,250,250,250" oya="0" hai0="62,63,3,57,107,54,59,52,122,29,17,108,32" hai1="95,24,81,41,88,9,61,74,50,8,86,111,101" hai2="115,19,20,2,34,80,38,90,77,12,76,47,14" hai3="69,72,112,36,42,58,114,28,89,123,55,39,33"/><T70/><D122/><U53/><E111/><V100/><F2/><W67/><G72/><T92/><D107/><U71/><E41/><V1/><F1/><W87/><G28/><T125/><D108/><U126/><E126/><V51/><F34/><W132/><G33/><T106/><D125/><U22/><E71/><V119/><F115/><W4/><G4/><T16/><D106/><U79/><E61/><V127/><F38/><W96/><G123/><T64/><D3/><U11/><E101/><V129/><F129/><W21/><G96/><T91/><D32/><U93/><E79/><V83/><F100/><W73/><G73/><T44/><D29/><N who="1" m="17559" /><E74/><V78/><F119/><W18/><G132/><T30/><D30/><U6/><E6/><V43/><F127/><W104/><G104/><T99/><D44/><AGARI ba="0,0" hai="8,9,11,44,50,53,81,86,88,93,95" m="17559" machi="44" ten="30,3900,0" yaku="8,1,52,1,54,1" doraHai="23" who="1" fromWho="0" sc="250,-39,250,39,250,0,250,0" /><INIT seed="1,0,0,2,2,29" ten="211,289,250,250" oya="1" hai0="3,80,37,76,75,19,72,116,74,86,94,35,104" hai1="17,64,93,52,59,130,46,49,53,22,133,16,51" hai2="90,27,25,68,89,125,41,73,119,38,122,1,83" hai3="18,97,31,50,108,79,92,131,14,85,106,39,21"/><U61/><E130/><V30/><F122/><W82/><G108/><T45/><D116/><U123/><E123/><V132/><F119/><W66/><G39/><T57/><D104/><U0/><E0/><V121/><F121/><W48/><G131/><T128/><D128/><U34/><E133/><V87/><F73/><W63/><G31/><T99/><D3/><U58/><E34/><V2/><F68/><W98/><G106/><T127/><D127/><U71/><E93/><V78/><F125/><W120/><G120/><T6/><D6/><U11/><E11/><V43/><F132/><W8/><G8/><T9/><D57/><U47/><E17/><V84/><F78/><W115/><G115/><T13/><D35/><U134/><E134/><V95/><F38/><W20/><G20/><T42/><REACH who="0" step="1"/><D75/><REACH who="0" ten="201,289,250,250" step="2"/><U101/><REACH who="1" step="1"/><E101/><AGARI ba="0,1" hai="9,13,19,37,42,45,72,74,76,80,86,94,99,101" machi="101" ten="30,3900,0" yaku="1,1,2,1,7,1,53,0" doraHai="29" doraHaiUra="103" who="0" fromWho="1" sc="201,49,289,-39,250,0,250,0" /><INIT seed="2,0,0,4,0,74" ten="250,250,250,250" oya="2" hai0="78,34,56,26,84,4,87,2,100,50,115,1,129" hai1="134,65,117,135,114,104,32,102,23,20,19,96,127" hai2="113,58,30,124,132,80,49,57,53,107,54,40,33" hai3="111,14,52,3,110,91,44,63,126,18,41,95,61"/><V38/><F113/><W25/><G3/><T67/><D115/><U86/><E114/><V76/><F107/><W98/><G126/><T48/><D129/><U51/><E117/><V101/><F124/><W122/><G122/><T131/><D131/><U121/><E32/><V70/><F132/><N who="1" m="50729" /><E127/><V39/><F101/><W45/><G25/><T120/><D120/><U99/><E121/><V17/><F70/><W46/><G41/><T11/><D100/><U12/><E96/><V133/><F133/><W42/><G42/><T109/><D1/><U21/><E65/><V9/><F40/><W75/><G75/><T89/><D109/><N who="3" m="41481" /><G52/><T93/><D67/><U55/><E86/><V82/><F30/><W106/><G106/><T47/><D56/><AGARI ba="0,0" hai="12,19,20,21,23,51,55,56,99,102,104" m="50729" machi="56" ten="30,1000,0" yaku="20,1" doraHai="74" who="1" fromWho="0" sc="250,-10,250,10,250,0,250,0" /><INIT seed="3,0,0,2,3,81" ten="240,260,250,250" oya="3" hai0="30,124,115,29,74,12,98,116,64,61,10,25,122" hai1="92,111,46,76,93,75,40,85,89,37,95,28,113" hai2="107,108,101,32,16,23,56,36,34,71,53,103,106" hai3="62,43,22,0,55,132,35,123,109,7,26,127,63"/><W52/><G35/><T14/><D116/><U129/><E113/><V41/><F71/><W49/><G123/><T86/><D122/><U24/><E129/><V88/><F108/><W57/><G109/><T66/><D74/><U15/><E111/><V79/><F79/><W102/><G132/><T38/><D115/><U3/><E3/><V18/><F41/><W134/><G134/><T19/><D38/><U67/><E67/><V27/><F36/><W45/><G127/><T131/><D124/><U87/><E15/><V119/><F119/><W97/><G7/><T99/><D131/><U51/><E75/><V6/><F6/><W84/><G0/><T126/><D126/><U17/><E17/><V117/><F117/><W82/><G55/><T114/><D114/><U8/><E8/><V9/><F106/><W68/><G68/><T69/><D66/><U121/><E121/><V125/><F107/><W50/><G97/><T4/><D86/><N who="1" m="32779" /><E37/><V2/><F32/><W59/><G59/><T135/><D135/><U78/><E89/><V47/><F34/><W83/><G102/><T13/><D30/><U104/><E104/><V48/><F2/><W133/><G82/><T91/><D91/><U42/><E42/><N who="2" m="24695" /><F88/><N who="3" m="51231" /><G133/><T39/><D39/><U54/><E40/><V58/><F125/><W11/><G11/><T5/><D5/><U21/><AGARI ba="0,0" hai="21,24,28,46,51,54,76,78,92,93,95" m="32779" machi="21" ten="30,7900,0" yaku="8,1,52,3" doraHai="81" who="1" fromWho="1" sc="240,-20,260,79,250,-20,250,-39" /><INIT seed="4,0,0,3,3,84" ten="220,339,230,211" oya="0" hai0="103,135,55,36,88,60,62,49,105,83,59,99,101" hai1="43,109,19,21,25,9,128,20,24,113,118,31,12" hai2="94,76,86,133,27,134,40,66,67,92,61,42,63" hai3="22,50,4,87,119,127,41,73,34,11,79,64,110"/><T93/><D135/><U98/><E118/><V104/><F27/><W51/><G34/><T90/><D36/><U23/><E109/><V13/><F13/><N who="3" m="5351" /><G110/><T7/><D7/><U0/><E43/><V17/><F17/><W18/><G73/><T111/><D111/><U45/><E45/><V56/><F104/><W10/><G10/><T129/><D129/><U6/><E128/><V108/><F108/><W70/><G70/><T125/><D125/><U33/><E98/><V81/><F40/><W2/><G2/><T85/><D105/><U65/><E65/><V78/><F42/><W74/><G74/><T95/><D83/><U117/><E117/><V115/><F115/><W89/><G64/><T5/><D5/><U32/><E113/><V3/><F3/><W124/><G119/><T97/><D85/><U122/><E122/><V29/><F29/><AGARI ba="0,0" hai="0,6,9,12,19,20,21,23,24,25,29,31,32,33" machi="29" ten="40,16000,3" yaku="9,1,24,2,35,6" doraHai="84" who="1" fromWho="2" sc="220,0,339,160,230,-160,211,0" /><INIT seed="5,0,0,1,2,27" ten="220,499,70,211" oya="1" hai0="18,120,5,133,135,3,4,129,68,104,42,91,78" hai1="75,24,52,41,102,54,64,84,85,15,30,126,86" hai2="114,100,105,36,73,61,28,77,74,45,90,66,110" hai3="14,65,118,62,116,88,124,108,72,40,17,57,69"/><U106/><E75/><V83/><F110/><W76/><G108/><T93/><D104/><U132/><E132/><N who="0" m="50761" /><D68/><U113/><E113/><V128/><F128/><W7/><G7/><T70/><D70/><U43/><E64/><V33/><F114/><W10/><G124/><T109/><D109/><U101/><E126/><V99/><F90/><W11/><G40/><N who="1" m="15434" /><E15/><V22/><F22/><W112/><G112/><T60/><D129/><U51/><E106/><V20/><F20/><N who="3" m="11319" /><G76/><T134/><D134/><U103/><E51/><V8/><F8/><W29/><G72/><T131/><D131/><U92/><E92/><V97/><F97/><W121/><G121/><T59/><D120/><U127/><E127/><V44/><F74/><W87/><G69/><T98/><D42/><U48/><E48/><V115/><F115/><W107/><G107/><T23/><D3/><U117/><E117/><V12/><F12/><W79/><G79/><T82/><D78/><U122/><E122/><V130/><F130/><W89/><G89/><T6/><D82/><U67/><E67/><V16/><F36/><W55/><G65/><N who="0" m="39071" /><D4/><U119/><E119/><V96/><F66/><W2/><G2/><T56/><D5/><U13/><E13/><V0/><F0/><W50/><G118/><T9/><D6/><U38/><E38/><V95/><F105/><W71/><G116/><T47/><D9/><N who="3" m="3081" /><G71/><T21/><D21/><AGARI ba="0,0" hai="21,24,30,52,54,84,85,86,101,102,103" m="15434" machi="21" ten="30,5800,0" yaku="8,1,52,1,54,1" doraHai="27" who="1" fromWho="0" sc="220,-58,499,58,70,0,211,0" /><INIT seed="5,1,0,0,2,20" ten="162,557,70,211" oya="1" hai0="1,86,96,43,57,35,41,65,22,79,14,97,48" hai1="126,67,44,54,75,66,133,127,119,24,106,74,70" hai2="85,52,29,116,131,59,50,94,28,117,7,135,13" hai3="121,49,132,71,91,63,31,45,77,110,16,84,18"/><U128/><E119/><V134/><F131/><W26/><G110/><T51/><D1/><U69/><E106/><V100/><F116/><W62/><G77/><T101/><D35/><U95/><E95/><V113/><F117/><W5/><G5/><T104/><D96/><U130/><E44/><V108/><F108/><W81/><G132/><N who="2" m="50729" /><F113/><W32/><G121/><T103/><D103/><U68/><E133/><V102/><F100/><W42/><REACH who="3" step="1"/><G71/><REACH who="3" ten="162,557,70,201" step="2"/><T98/><D79/><U6/><E6/><V72/><F72/><W39/><G39/><T61/><D86/><U12/><E75/><V105/><F105/><W64/><G64/><T82/><D97/><U123/><E74/><V58/><F85/><W93/><G93/><T33/><D82/><U60/><E67/><V92/><F92/><W124/><G124/><T23/><D33/><U11/><E123/><V25/><F94/><W2/><G2/><T129/><D129/><U112/><E130/><V36/><F36/><W78/><G78/><T80/><D80/><U37/><E128/><V56/><F102/><W111/><G111/><T4/><D104/><U89/><E37/><V83/><F83/><W10/><G10/><N who="0" m="4423" /><D98/><U115/><E127/><V17/><F7/><W53/><G53/><T120/><D101/><U90/><E54/><V109/><F109/><W19/><AGARI ba="1,1" hai="16,18,19,26,31,32,42,45,49,62,63,81,84,91" machi="19" ten="30,12000,2" yaku="1,1,0,1,52,1,54,1,53,3" doraHai="20" doraHaiUra="15" who="3" fromWho="3" sc="162,-31,557,-61,70,-31,201,133" /><INIT seed="6,0,0,0,0,38" ten="131,496,39,334" oya="2" hai0="72,65,22,118,24,16,61,82,47,46,66,73,123" hai1="34,19,32,44,93,96,58,92,71,49,99,132,115" hai2="80,23,29,131,88,3,107,4,11,135,30,113,9" hai3="13,102,121,52,37,95,133,122,39,21,50,12,56"/><V120/><F120/><W67/><G133/><T85/><D123/><U90/><E71/><V91/><F135/><W94/><G67/><T27/><D118/><U51/><E132/><V5/><F113/><W129/><G129/><T69/><D66/><U64/><E115/><V42/><F131/><W76/><G76/><T104/><D104/><U134/><E134/><V60/><F107/><W103/><G21/><T110/><D110/><U7/><E7/><V1/><F60/><W98/><G98/><T35/><D72/><U74/><E74/><V28/><F80/><W83/><G50/><T18/><D73/><U125/><E19/><V20/><REACH who="2" step="1"/><F30/><REACH who="2" ten="131,496,29,334" step="2"/><W26/><G83/><T70/><D70/><U117/><E117/><V124/><F124/><W112/><G112/><T126/><D126/><U111/><E125/><V31/><F31/><W6/><G121/><T86/><D35/><U48/><E34/><V57/><F57/><W100/><G56/><N who="0" m="37031" /><D82/><U36/><E32/><V8/><F8/><W41/><G122/><T2/><D69/><U130/><E130/><V119/><F119/><W127/><G127/><T108/><D108/><U0/><E111/><V114/><F114/><W79/><G95/><T78/><D78/><U116/><E116/><V109/><F109/><W55/><G94/><T68/><D68/><U14/><E93/><V63/><F63/><W62/><G62/><T15/><D47/><U105/><E92/><V59/><F59/><W128/><G79/><T33/><D46/><U43/><E105/><V106/><F106/><W84/><G128/><T97/><D33/><RYUUKYOKU ba="0,1" sc="131,-10,496,-10,29,30,334,-10" hai2="1,3,4,5,9,11,20,23,28,29,42,88,91" /><INIT seed="6,1,1,4,3,99" ten="121,486,59,324" oya="2" hai0="89,87,35,20,52,74,3,124,25,132,41,49,86" hai1="34,51,32,42,40,134,94,31,10,66,27,126,95" hai2="121,14,62,16,9,63,68,77,6,96,83,113,28" hai3="61,82,37,116,43,22,85,88,102,46,93,1,30"/><V118/><F121/><W56/><G1/><T97/><D74/><U45/><E134/><V70/><F118/><W117/><G30/><N who="0" m="17703" /><D35/><U4/><E126/><V128/><F113/><W123/><G22/><T131/><D3/><U36/><E34/><V135/><F128/><W106/><G106/><T112/><D131/><U78/><E78/><V72/><F135/><W5/><G5/><T92/><D132/><U98/><E66/><V12/><F28/><W59/><G59/><N who="0" m="33167" /><D124/><U19/><E19/><V47/><F47/><W13/><G13/><T64/><D112/><U114/><E114/><V2/><F96/><W54/><G123/><T107/><D107/><U15/><E36/><V125/><F125/><W26/><G26/><T115/><D115/><U130/><E130/><V39/><F39/><W79/><G116/><T120/><D120/><U55/><E95/><V58/><F2/><W17/><G17/><T8/><D64/><U24/><E24/><V21/><REACH who="2" step="1"/><F58/><REACH who="2" ten="121,486,49,324" step="2"/><W108/><G117/><T53/><D41/><U73/><E42/><V69/><AGARI ba="1,2" hai="6,9,12,14,16,21,62,63,68,69,70,72,77,83" machi="69" ten="30,12000,1" yaku="1,1,2,1,0,1,54,1,53,1" doraHai="99" doraHaiUra="75" who="2" fromWho="2" sc="121,-41,486,-41,49,143,324,-41" /><INIT seed="6,2,0,0,5,47" ten="80,445,192,283" oya="2" hai0="132,49,96,39,106,77,26,29,90,76,44,99,9" hai1="107,79,15,89,86,95,17,38,131,91,6,130,12" hai2="83,40,113,110,16,80,31,34,74,32,22,3,117" hai3="42,114,82,109,4,85,88,94,61,63,14,43,75"/><V64/><F117/><W20/><G109/><T54/><D132/><U52/><E107/><V97/><F3/><W13/><G114/><T72/><D39/><U112/><E38/><V67/><F113/><W35/><G35/><T127/><D127/><U27/><E112/><V129/><F129/><N who="1" m="49161" /><E79/><V78/><F34/><W28/><G75/><T103/><D72/><U120/><E120/><V118/><F118/><W46/><G28/><T119/><D119/><U104/><E104/><V18/><F31/><W37/><G43/><T100/><D9/><N who="1" m="4151" /><E91/><V51/><F32/><W56/><G4/><T65/><D90/><U0/><E52/><V122/><F122/><W48/><G37/><T93/><REACH who="0" step="1"/><D65/><REACH who="0" ten="70,445,192,283" step="2"/><U102/><E89/><V125/><F125/><W92/><G88/><T1/><D1/><U5/><E86/><V59/><F67/><W124/><G85/><T21/><AGARI ba="2,1" hai="21,26,29,44,49,54,76,77,93,96,99,100,103,106" machi="21" ten="20,8000,1" yaku="1,1,0,1,7,1,52,1,53,1" doraHai="47" doraHaiUra="50" who="0" fromWho="0" sc="70,96,445,-22,192,-42,283,-22" /><INIT seed="7,0,0,0,0,59" ten="166,423,150,261" oya="3" hai0="64,118,49,101,100,10,48,117,135,99,87,11,93" hai1="124,21,38,18,109,79,102,90,34,74,67,54,31" hai2="61,6,83,103,98,119,1,68,70,116,84,71,114" hai3="0,66,76,40,22,51,89,81,41,2,30,77,13"/><W52/><G66/><T56/><D135/><U17/><E109/><V43/><F43/><W134/><G2/><T115/><D115/><U47/><E102/><N who="0" m="39529" /><D118/><U44/><E67/><N who="2" m="41071" /><F84/><N who="3" m="50319" /><G0/><T33/><D33/><U82/><E124/><V91/><F91/><W15/><G30/><T12/><D117/><N who="2" m="45130" /><F83/><W63/><G134/><T105/><D105/><U111/><E34/><V94/><F94/><W123/><G123/><T25/><D25/><U69/><E31/><V128/><F114/><W80/><G80/><T125/><D125/><U32/><E69/><V19/><F19/><W95/><G95/><T8/><D87/><U97/><E32/><V57/><F57/><N who="3" m="35239" /><G22/><T16/><D93/><U112/><E21/><V5/><F128/><W46/><G41/><T29/><D99/><U85/><E112/><V55/><F55/><W126/><G126/><T78/><D29/><U7/><E97/><V37/><F37/><W14/><AGARI ba="0,0" hai="13,14,15,40,46,51,76,77" m="35239,50319" machi="14" ten="30,6000,0" yaku="8,1,52,1,54,1" doraHai="59" who="3" fromWho="3" sc="166,-20,423,-20,150,-20,261,60" /><INIT seed="7,1,0,5,4,87" ten="146,403,130,321" oya="3" hai0="101,44,108,134,93,65,10,91,120,38,83,21,95" hai1="14,125,104,98,89,26,71,113,11,90,58,130,97" hai2="99,106,48,18,110,4,16,37,15,67,27,123,61" hai3="23,128,31,84,2,9,127,81,36,126,119,73,28"/><W54/><G119/><T5/><D120/><U70/><E125/><N who="3" m="47626" /><G73/><T32/><D108/><U59/><E130/><V51/><F37/><W129/><G36/><T49/><D134/><U109/><E109/><V46/><F110/><W25/><G54/><N who="0" m="29991" /><D32/><U42/><E42/><V94/><F106/><W74/><G74/><T53/><D38/><U0/><E0/><V33/><F123/><W111/><G111/><T85/><D65/><U132/><E132/><V88/><F33/><W30/><G9/><T116/><D116/><U63/><E104/><V20/><F4/><W114/><G114/><T57/><D21/><U24/><E113/><V77/><F77/><N who="3" m="46127" /><G2/><T7/><D10/><U41/><E41/><V43/><F51/><W117/><G117/><T124/><D124/><U82/><E82/><V72/><F72/><W135/><G135/><T17/><D83/><U122/><E122/><V103/><F103/><W47/><G47/><T22/><D101/><U52/><E70/><V1/><F1/><W3/><G3/><T105/><D105/><U64/><E71/><V60/><F67/><W34/><G34/><T75/><D75/><U131/><E131/><AGARI ba="1,0" hai="23,25,28,30,31,128,129,131" m="46127,47626" machi="131" ten="30,2900,0" yaku="19,1,18,1" doraHai="87" who="3" fromWho="1" sc="146,0,403,-32,130,0,321,32" /><INIT seed="7,2,0,1,0,70" ten="146,371,130,353" oya="3" hai0="16,31,117,15,126,54,80,56,27,110,84,68,25" hai1="82,26,73,119,6,100,64,53,102,49,104,65,1" hai2="45,35,111,121,109,85,133,127,20,69,99,11,115" hai3="62,87,14,114,83,105,88,81,129,17,0,34,30"/><W43/><G0/><T116/><D68/><U118/><E26/><V7/><F35/><W46/><G105/><T107/><D110/><U9/><E82/><V67/><F115/><W124/><G114/><T61/><D107/><U101/><E73/><V19/><F127/><W134/><G124/><T37/><D37/><U95/><E95/><V10/><F133/><W86/><G134/><T21/><D126/><U77/><E77/><V123/><F99/><W135/><G135/><T23/><D27/><U48/><E104/><V131/><F131/><W51/><G129/><T22/><D22/><U57/><E49/><V24/><F45/><W112/><G112/><T108/><D108/><N who="2" m="41546" /><F85/><W93/><G34/><T128/><D128/><U52/><E53/><V28/><F67/><W71/><G30/><T76/><AGARI ba="2,0" hai="15,16,21,23,25,31,54,56,61,76,80,84,116,117" machi="76" ten="20,2700,0" yaku="0,1,7,1,54,1" doraHai="70" who="0" fromWho="0" sc="146,33,371,-9,130,-9,353,-15" owari="179,-22.0,362,46.0,121,-38.0,338,14.0" /></mjloggm>