<mjloggm ver="2.3"><GO type="225" lobby="0"/><UN n0="%E5%B0%B1%E6%B4%BB%E7%94%9F%40%E5%B7%9D%E6%9D%91%E8%BB%8D%E5%9B%A3" n1="%74%74%6F%68%6F%6B%75" n2="%E3%81%AA%E3%81%A3%E3%81%8D%E3%82%8A" n3="%E3%81%AC%E3%82%8B%E3%82%8A%E3%82%93%E3%81%93" dan="17,16,16,16" rate="2095.75,2074.63,2050.15,2062.50" sx="M,M,M,M"/><TAIKYOKU oya="0"/><INIT seed="0,0,0,1,5,117" ten="250,250,250,250" oya="0" hai0="133,40,85,95,12,51,42,76,52,6,61,120,53" hai1="16,124,126,23,37,114,59,78,112,62,19,65,43" hai2="70,83,90,27,93,47,113,30,122,8,119,4,18" hai3="46,41,66,21,99,22,84,94,107,100,104,103,106"/><T5/><D133/><U57/><E78/><V116/><F70/><W32/><G32/><T56/><D120/><U73/><E73/><V1/><F113/><N who="1" m="43625" /><E57/><V91/><F122/><W35/><G35/><T105/><D105/><U98/><E98/><V20/><F47/><W131/><G131/><T128/><D128/><U64/><E64/><V82/><F30/><W25/><G66/><T87/><D87/><U10/><E43/><V45/><F45/><W2/><G2/><T79/><D79/><U15/><E37/><V58/><F58/><W134/><G134/><T77/><D77/><U115/><N who="1" m="43633" /><U86/><DORA hai="38" /><E86/><V125/><F125/><N who="1" m="48233" /><E19/><V0/><F83/><W48/><G84/><T118/><D118/><N who="2" m="45098" /><F82/><W121/><G121/><T92/><D92/><U68/><E68/><V132/><F132/><W9/><G103/><T89/><D76/><U11/><AGARI ba="0,0" hai="10,11,15,16,23,59,62,65" m="48233,43633" machi="11" ten="50,6400,0" yaku="11,1,18,1,54,1" doraHai="117,38" who="1" fromWho="1" sc="250,-32,250,64,250,-16,250,-16" /><INIT seed="1,0,0,2,3,119" ten="218,314,234,234" oya="1" hai0="16,108,94,120,63,92,32,5,39,82,20,46,17" hai1="12,98,105,60,96,64,38,4,69,21,88,27,103" hai2="101,71,55,50,67,116,14,1,114,54,35,15,107" hai3="30,102,113,24,124,29,31,3,106,93,8,129,57"/><U109/><E38/><V10/><F116/><W48/><G113/><T49/><D32/><U135/><E135/><V13/><F35/><W45/><G124/><T37/><D108/><U91/><E109/><V99/><F114/><W132/><G129/><T79/><D5/><U80/><E80/><V104/><F104/><W117/><G117/><T87/><D120/><U47/><E47/><V52/><F1/><W122/><G106/><T41/><D17/><U112/><E112/><V90/><F90/><W51/><G132/><T22/><D22/><U33/><E33/><V19/><REACH who="2" step="1"/><F50/><REACH who="2" ten="218,314,224,234" step="2"/><W74/><G48/><T75/><D37/><U6/><E105/><V53/><N who="2" m="13312" /><DORA hai="65" /><V77/><F77/><W83/><G51/><T70/><D39/><U81/><E103/><V28/><F28/><W0/><G30/><T40/><D40/><U26/><E60/><AGARI ba="0,1" hai="10,13,14,15,19,60,67,71,99,101,107" m="13312" machi="60" ten="50,6400,0" yaku="1,1,52,1,54,1,53,0" doraHai="119,65" doraHaiUra="127,2" who="2" fromWho="1" sc="218,0,314,-64,224,74,234,0" /><INIT seed="2,0,0,0,2,98" ten="218,250,298,234" oya="2" hai0="115,45,73,71,43,68,33,82,101,37,30,61,18" hai1="110,54,32,24,13,21,19,26,66,80,28,22,120" hai2="78,4,23,87,52,74,134,117,1,105,107,135,93" hai3="64,16,122,75,88,130,106,48,2,20,86,10,99"/><V15/><F117/><W85/><G122/><T46/><D115/><U59/><E110/><V55/><F1/><W81/><G130/><T36/><D18/><U118/><E118/><V76/><F74/><W133/><G133/><N who="2" m="50697" /><F93/><W51/><G64/><T56/><D101/><U34/><E66/><V70/><F70/><N who="0" m="26666" /><D30/><U12/><E120/><V60/><F60/><W123/><G123/><T77/><D33/><U38/><E38/><N who="0" m="14953" /><D82/><U5/><E80/><N who="2" m="47495" /><F78/><W40/><G75/><T89/><D89/><U8/><REACH who="1" step="1"/><E26/><REACH who="1" ten="218,240,298,234" step="2"/><V132/><F132/><W79/><G81/><T108/><D108/><U129/><E129/><V95/><F55/><W69/><G69/><T121/><D73/><U35/><E35/><V42/><F52/><W72/><G72/><T27/><D27/><U119/><E119/><V67/><F67/><W124/><G79/><T29/><D77/><U109/><E109/><V50/><F42/><W25/><G40/><T83/><D83/><U17/><E17/><V128/><F128/><W39/><G16/><T113/><D113/><U127/><E127/><V84/><F4/><W11/><G124/><T58/><D121/><U49/><AGARI ba="0,1" hai="5,8,12,13,19,21,22,24,28,32,34,49,54,59" machi="49" ten="20,5200,0" yaku="1,1,0,1,7,1,53,1" doraHai="98" doraHaiUra="6" who="1" fromWho="1" sc="218,-13,240,62,298,-26,234,-13" /><INIT seed="3,0,0,4,1,47" ten="205,302,272,221" oya="3" hai0="33,78,119,103,109,16,133,80,63,15,123,9,132" hai1="36,84,2,37,95,21,129,92,14,54,44,110,24" hai2="42,89,125,1,13,5,58,113,10,128,23,70,77" hai3="3,38,74,59,98,55,8,66,41,99,117,57,108"/><W126/><G117/><T39/><D39/><U48/><E2/><V18/><F70/><W34/><G74/><T60/><D33/><U67/><E36/><V75/><F113/><W0/><G34/><T65/><D119/><U51/><E37/><V43/><F125/><W131/><G126/><T46/><D123/><U116/><E110/><V82/><F128/><W7/><G131/><T35/><D35/><U101/><E129/><V20/><F20/><W107/><G108/><T27/><D109/><U17/><E67/><V91/><F58/><W6/><G38/><T61/><D103/><U68/><E68/><V26/><F91/><W127/><G127/><T124/><D124/><U52/><E101/><V73/><F73/><W111/><G111/><T130/><D130/><U83/><E24/><V88/><F89/><W62/><G41/><T100/><D100/><U53/><E116/><V22/><REACH who="2" step="1"/><F88/><REACH who="2" ten="205,302,262,221" step="2"/><W49/><G59/><T85/><D27/><U32/><E32/><V93/><F93/><N who="1" m="35913" /><E44/><V86/><F86/><W112/><G112/><T64/><REACH who="0" step="1"/><D46/><REACH who="0" ten="195,302,262,221" step="2"/><U135/><E135/><AGARI ba="0,2" hai="9,15,16,60,61,63,64,65,78,80,85,132,133,135" machi="135" ten="40,8000,1" yaku="1,1,2,1,20,1,54,1,53,0" doraHai="47" doraHaiUra="121" who="0" fromWho="1" sc="195,100,302,-80,262,0,221,0" /><INIT seed="4,0,0,5,4,132" ten="295,222,262,221" oya="0" hai0="3,17,104,116,93,30,124,56,123,99,76,44,83" hai1="52,33,109,86,55,120,8,100,39,49,84,9,130" hai2="37,5,58,122,74,59,117,92,16,101,61,21,80" hai3="34,26,108,131,62,0,41,66,31,129,36,65,94"/><T50/><D124/><U29/><E39/><V107/><F37/><W53/><G108/><T82/><D3/><U73/><E73/><V110/><F122/><W20/><G0/><T79/><D104/><U48/><E109/><V134/><F110/><W95/><G34/><T98/><D123/><U127/><E120/><V19/><F134/><W70/><G65/><T7/><D7/><U2/><E127/><V105/><F5/><W12/><G12/><T22/><D30/><U75/><E75/><V51/><F117/><W42/><G53/><N who="0" m="31799" /><D44/><U89/><E2/><V63/><F51/><W10/><G10/><T115/><D115/><U25/><E100/><V24/><F74/><W78/><G78/><N who="0" m="29739" /><D116/><U13/><E130/><N who="3" m="49674" /><G36/><T6/><D6/><U14/><E29/><V103/><F105/><W88/><G94/><T112/><D112/><U133/><E33/><V40/><F107/><W121/><G121/><T97/><D93/><U85/><E133/><V128/><F128/><W43/><G43/><T106/><D106/><U102/><E13/><AGARI ba="0,0" hai="13,17,22,82,83,97,98,99" m="29739,31799" machi="13" ten="30,1500,0" yaku="8,1" doraHai="132" who="0" fromWho="1" sc="295,15,222,-15,262,0,221,0" owari="310,41.0,207,-29.0,262,6.0,221,-18.0" /></mjloggm>