<mjloggm ver="2.3"><GO type="169" lobby="0"/><UN n0="%46%75%6E%54%69%6D%65" n1="%28%E3%80%8C%E3%83%BB%60%CF%89%E3%83%BB%29%E3%80%8C" n2="%E3%82%A6%E3%83%AB%E3%83%88%E3%83%A9%E7%AB%8B%E7%9B%B4" n3="%E7%9C%9F%E7%A9%BA%E3%83%95%E3%82%A7%E3%82%B9%E3%82%BF" dan="16,18,17,16" rate="2028.61,2181.50,2194.28,2111.97" sx="M,M,M,M"/><TAIKYOKU oya="0"/><INIT seed="0,0,0,0,1,106" ten="250,250,250,250" oya="0" hai0="65,83,67,26,87,74,3,15,42,81,48,1,7" hai1="104,130,110,70,61,36,123,28,18,24,76,79,128" hai2="129,34,59,58,89,5,9,19,11,121,21,53,131" hai3="54,68,17,122,127,6,8,124,109,30,94,44,101"/><T98/><D98/><U71/><E123/><V135/><F34/><W112/><G122/><T118/><D118/><U20/><E104/><V38/><F121/><W4/><G68/><T52/><D42/><U84/><E110/><V55/><F38/><W133/><G30/><T119/><D119/><U49/><E36/><V47/><F47/><W73/><G112/><T115/><D115/><U14/><E49/><V116/><F116/><W10/><G109/><T29/><D15/><U57/><E76/><V78/><F78/><W107/><G107/><T51/><D87/><U108/><E108/><V134/><F21/><W56/><G44/><T88/><D7/><U105/><E105/><V95/><F19/><W113/><G113/><T99/><D99/><U75/><E84/><V132/><F95/><W66/><G66/><N who="0" m="25099" /><D74/><U111/><E111/><V85/><F85/><W46/><G46/><N who="0" m="27671" /><D51/><U50/><E50/><V92/><F92/><W125/><G73/><T60/><D60/><U91/><E75/><V63/><F89/><W41/><G41/><T31/><D88/><U80/><E91/><V43/><F43/><W102/><G133/><T126/><D126/><U40/><E40/><V33/><F33/><W62/><G94/><T22/><D31/><U37/><E37/><V25/><F25/><W96/><G96/><T27/><D27/><U117/><E117/><V69/><F69/><N who="1" m="26121" /><E79/><V64/><F64/><W39/><G39/><T114/><D114/><U2/><E24/><V97/><F97/><W103/><G17/><T45/><D45/><U0/><E18/><V72/><F134/><RYUUKYOKU ba="0,0" sc="250,15,250,-15,250,-15,250,15" hai0="1,3,22,26,29,81,83" hai3="4,6,8,10,54,56,62,101,102,103,124,125,127" /><INIT seed="0,1,0,3,1,0" ten="265,235,235,265" oya="0" hai0="61,81,99,68,31,5,58,95,55,126,116,124,91" hai1="65,119,94,32,12,113,90,39,3,6,98,40,114" hai2="9,80,16,92,133,36,44,8,23,118,104,82,60" hai3="121,22,53,49,43,110,96,41,37,17,1,85,108"/><T105/><D116/><U135/><E119/><V69/><F104/><W120/><G1/><T125/><D31/><U28/><E3/><V21/><F118/><W100/><G85/><T130/><D130/><U132/><E65/><V50/><F36/><W33/><G33/><T134/><D134/><N who="1" m="51243" /><E28/><V70/><F133/><W63/><G96/><T35/><D35/><U102/><E32/><V11/><F92/><W93/><G93/><T19/><D68/><U15/><E6/><V62/><F70/><W101/><G17/><T78/><D19/><U48/><E39/><V56/><F69/><W129/><G22/><N who="2" m="8201" /><F16/><W74/><G74/><N who="0" m="43223" /><D105/><U30/><E30/><V117/><F117/><W2/><G2/><T111/><D111/><N who="3" m="42537" /><G129/><T14/><D14/><N who="1" m="5163" /><E102/><N who="3" m="39530" /><G63/><T10/><D10/><U131/><E131/><V123/><F62/><W97/><G97/><T73/><D73/><U87/><E98/><V79/><F123/><N who="3" m="47179" /><G37/><T52/><D5/><U67/><E67/><AGARI ba="1,0" hai="52,55,58,61,67,91,95,99,124,125,126" m="43223" machi="67" ten="30,2900,0" yaku="18,1,54,1" doraHai="0" who="0" fromWho="1" sc="265,32,235,-32,235,0,265,0" /><INIT seed="0,2,0,3,3,84" ten="297,203,235,265" oya="0" hai0="35,6,124,63,40,73,88,86,45,107,28,112,71" hai1="119,15,65,80,38,14,58,13,79,0,97,9,128" hai2="114,93,103,60,106,92,118,33,22,76,34,110,61" hai3="44,105,31,66,26,77,69,24,32,101,27,43,36"/><T99/><D112/><U20/><E119/><V29/><F22/><W55/><G77/><T17/><D73/><U59/><E38/><V70/><F76/><W25/><G55/><T46/><D124/><U115/><E115/><V47/><F47/><W133/><G133/><T30/><D6/><U94/><E128/><V52/><F103/><W90/><G24/><T50/><D35/><U132/><E132/><V123/><F29/><W121/><G121/><T49/><D17/><U42/><E42/><V131/><F70/><W10/><G10/><T125/><D125/><U23/><E0/><V5/><F106/><W120/><G120/><T82/><D71/><U4/><E20/><V75/><F75/><W54/><G54/><N who="0" m="29999" /><D107/><U11/><E23/><V83/><F5/><W48/><G48/><T102/><D63/><N who="1" m="38135" /><E59/><V113/><F123/><W12/><G12/><T104/><D104/><U85/><E4/><V78/><F118/><W21/><G21/><T127/><D127/><U1/><E1/><V108/><F52/><W111/><G111/><T53/><D40/><U56/><E56/><V16/><F78/><W64/><G64/><T109/><D109/><U3/><E3/><V100/><F16/><W91/><G25/><T134/><D134/><U98/><E9/><V126/><F126/><W67/><G26/><T122/><D122/><U7/><E11/><V96/><F114/><W130/><G66/><T37/><D37/><U87/><E7/><V81/><F113/><W39/><G39/><T72/><D72/><U18/><E18/><V116/><F116/><W57/><G69/><RYUUKYOKU ba="2,0" sc="297,15,203,15,235,-15,265,-15" hai0="28,30,46,50,53,82,86,88,99,102" hai1="13,14,15,79,80,85,87,94,97,98" /><INIT seed="0,3,0,1,5,56" ten="312,218,220,250" oya="0" hai0="91,60,24,132,134,25,36,133,59,5,61,87,21" hai1="104,65,79,116,10,122,31,112,67,125,49,90,119" hai2="80,63,33,26,123,6,19,35,128,64,129,74,99" hai3="98,40,12,9,85,17,76,94,30,77,38,28,84"/><T37/><D5/><U89/><E122/><V131/><F123/><W69/><G69/><T45/><D25/><U100/><E79/><N who="2" m="44151" /><F6/><W2/><G2/><T20/><D20/><U34/><E10/><V111/><F111/><W50/><G38/><N who="0" m="14955" /><D59/><U14/><E14/><V44/><F44/><N who="3" m="25863" /><G76/><T52/><D52/><U109/><E109/><V66/><F66/><W113/><G113/><T23/><D45/><U7/><E7/><V42/><F42/><W103/><G84/><T39/><N who="0" m="14963" /><T101/><DORA hai="32" /><D101/><U97/><E100/><V48/><F48/><W8/><G8/><T127/><D127/><U130/><E49/><V107/><F19/><W73/><G73/><T81/><D23/><U120/><E120/><V13/><F13/><W86/><G85/><T58/><D58/><U53/><E125/><V82/><F26/><W41/><G41/><T55/><D55/><U102/><E102/><N who="2" m="62943" /><F82/><AGARI ba="3,0" hai="9,12,17,28,30,77,82,86,94,98,103" m="25863" machi="82" ten="30,1000,0" yaku="8,1" doraHai="56,32" who="3" fromWho="2" sc="312,0,218,0,220,-19,250,19" /><INIT seed="1,0,0,5,5,7" ten="312,218,201,269" oya="1" hai0="109,52,105,59,32,3,125,67,69,27,132,96,0" hai1="123,80,1,15,30,87,12,56,13,48,92,103,95" hai2="112,104,75,14,18,38,127,100,71,17,114,124,21" hai3="119,24,74,51,20,85,77,46,44,35,102,82,62"/><U91/><E123/><V101/><F75/><W93/><G35/><T16/><D69/><U61/><E1/><V121/><F71/><W33/><G33/><T37/><D37/><U86/><E30/><V128/><F38/><W64/><G119/><T90/><D67/><U73/><E73/><V53/><F53/><W94/><G74/><T84/><D125/><N who="2" m="48202" /><F104/><W28/><G93/><T72/><D72/><U4/><E48/><V70/><F70/><W5/><G5/><T122/><D122/><U97/><E4/><V98/><F121/><W81/><G81/><T34/><D34/><U9/><E9/><N who="2" m="6351" /><F128/><W129/><G129/><T6/><D132/><U88/><REACH who="1" step="1"/><E12/><REACH who="1" ten="312,208,201,269" step="2"/><N who="2" m="9415" /><F98/><N who="3" m="59735" /><G51/><T45/><D96/><U19/><E19/><V66/><F66/><AGARI ba="0,1" hai="13,15,56,61,66,80,86,87,88,91,92,95,97,103" machi="66" ten="30,12000,1" yaku="1,1,7,1,8,1,54,1,53,1" doraHai="7" doraHaiUra="78" who="1" fromWho="2" sc="312,0,208,130,201,-120,269,0" /><INIT seed="1,1,0,3,4,23" ten="312,338,81,269" oya="1" hai0="39,101,96,30,22,92,67,114,24,73,12,54,94" hai1="4,128,5,135,62,34,38,126,1,134,115,85,71" hai2="95,70,6,65,45,90,98,49,104,89,50,107,47" hai3="56,129,11,3,103,82,53,21,25,2,87,58,51"/><U64/><E115/><V17/><F6/><W57/><G129/><T124/><D114/><U13/><E128/><V110/><F110/><W66/><G103/><T40/><D73/><U61/><E1/><V68/><F65/><W100/><G100/><T93/><D124/><U75/><E75/><V74/><F74/><W36/><G36/><T118/><D118/><U31/><E126/><V106/><F17/><W120/><G120/><T79/><D79/><U105/><E38/><V0/><F0/><W44/><G66/><T14/><D67/><N who="1" m="41455" /><E105/><V60/><F60/><W15/><G2/><T20/><D40/><U32/><E85/><V81/><F81/><W41/><G3/><T35/><D39/><U18/><E31/><V77/><F77/><W46/><G41/><T78/><D78/><U123/><E123/><V9/><F9/><W52/><G11/><T102/><D35/><U7/><E18/><V99/><F95/><N who="0" m="36426" /><D102/><U29/><E13/><N who="0" m="5225" /><D22/><U111/><E32/><V122/><REACH who="2" step="1"/><F104/><REACH who="2" ten="312,338,71,269" step="2"/><W116/><G116/><T16/><D16/><U112/><E112/><V80/><F80/><W76/><G15/><T125/><D125/><U37/><E64/><V97/><F97/><W113/><G113/><T117/><D117/><U27/><E4/><V91/><F91/><W84/><G84/><T131/><D131/><U69/><E5/><V133/><F133/><N who="1" m="50697" /><E7/><V127/><F127/><W109/><G87/><T63/><D63/><U8/><E8/><V26/><F26/><W119/><G119/><T10/><D10/><U33/><E27/><V130/><F130/><W48/><G25/><RYUUKYOKU ba="1,1" sc="312,15,338,-15,71,15,269,-15" hai0="20,24,30,54,94,96,101" hai2="45,47,49,50,68,70,89,90,98,99,106,107,122" /><INIT seed="2,2,1,4,4,97" ten="327,323,86,254" oya="2" hai0="55,100,56,51,57,9,62,44,76,66,101,22,107" hai1="26,63,2,8,73,28,116,77,92,29,41,89,109" hai2="7,118,31,127,50,84,114,131,133,47,72,124,20" hai3="70,135,64,79,74,99,132,52,19,60,102,58,43"/><V23/><F72/><W98/><G79/><T75/><D107/><U53/><E116/><V11/><F118/><W91/><G74/><T81/><D22/><N who="2" m="8234" /><F84/><W122/><G122/><T120/><D120/><U25/><E41/><V5/><F114/><W61/><G43/><T46/><D46/><U129/><E109/><V113/><F113/><W103/><G19/><T49/><REACH who="0" step="1"/><D9/><REACH who="0" ten="317,323,86,254" step="2"/><U83/><E8/><V34/><F11/><W126/><G126/><N who="2" m="48169" /><F131/><W121/><G121/><T0/><D0/><U115/><E2/><V94/><F133/><N who="3" m="51275" /><G91/><T27/><D27/><U21/><E115/><V67/><F34/><W4/><G4/><N who="2" m="1609" /><F31/><W35/><G35/><T15/><D15/><U42/><E29/><V106/><F106/><W104/><G104/><T16/><D16/><U108/><E28/><V30/><F30/><W80/><G80/><T88/><D88/><U38/><E89/><V59/><F94/><W71/><G71/><T96/><D96/><AGARI ba="2,2" hai="52,58,60,61,64,70,96,98,99,102,103" m="51275" machi="96" ten="30,7700,0" yaku="20,1,52,2,54,1" doraHai="97" who="3" fromWho="0" sc="317,-83,323,0,86,0,254,103" /><INIT seed="3,0,0,3,1,101" ten="234,323,86,357" oya="3" hai0="26,81,31,29,47,6,39,100,120,46,95,67,4" hai1="52,73,48,119,27,92,49,62,110,54,116,133,0" hai2="90,115,91,59,34,104,85,74,56,36,103,127,43" hai3="24,63,65,124,18,33,61,40,126,69,8,94,122"/><W7/><G122/><T98/><D120/><U55/><E110/><V82/><F34/><W5/><G40/><T135/><D135/><U117/><E133/><V38/><F43/><W109/><G109/><T11/><D67/><U37/><E0/><V30/><F30/><W13/><G61/><T2/><D6/><U20/><E73/><V1/><F1/><W107/><G94/><T102/><D102/><U78/><E78/><V77/><F127/><W57/><G57/><T79/><D39/><U128/><E37/><V130/><F130/><W89/><G89/><T32/><REACH who="0" step="1"/><D31/><REACH who="0" ten="224,323,86,357" step="2"/><N who="1" m="17895" /><E128/><V16/><F103/><W106/><G5/><T51/><D51/><U68/><E62/><V53/><F38/><W125/><G7/><T131/><D131/><U88/><E68/><V83/><F36/><W123/><G123/><T58/><D58/><U35/><E35/><V41/><F56/><W70/><G70/><T15/><D15/><U9/><E9/><V60/><F59/><W134/><G134/><T23/><D23/><U86/><AGARI ba="0,1" hai="48,49,52,54,55,86,88,92,116,117,119" m="17895" machi="86" ten="40,5200,0" yaku="12,1,54,2" doraHai="101" who="1" fromWho="1" sc="224,-13,323,62,86,-13,357,-26" /><INIT seed="4,0,0,1,2,133" ten="211,385,73,331" oya="0" hai0="0,85,10,9,98,112,73,38,104,93,126,52,91" hai1="61,25,105,123,13,95,44,15,86,18,56,42,36" hai2="16,110,106,30,128,83,75,118,115,46,116,14,125" hai3="84,130,66,21,108,32,4,62,22,90,74,33,2"/><T69/><D69/><U114/><E105/><V119/><F106/><W71/><G74/><T113/><D73/><U77/><E123/><V88/><F110/><W40/><G108/><T70/><D70/><U100/><E114/><N who="0" m="44137" /><D38/><U92/><E25/><V82/><F115/><W132/><G40/><T29/><D126/><U6/><E100/><V39/><F75/><W103/><G132/><T35/><D0/><U94/><E6/><V53/><F30/><W67/><G67/><T111/><D111/><U107/><E107/><V57/><F128/><W96/><G130/><T49/><D35/><U43/><E43/><V24/><F24/><W131/><G131/><T41/><D29/><U17/><E13/><V134/><F134/><W7/><G32/><T68/><D68/><U78/><E86/><V28/><F28/><W20/><G33/><T109/><D41/><U3/><E3/><V117/><N who="2" m="29696" /><DORA hai="101" /><V48/><F125/><W27/><G27/><T64/><D64/><U60/><E42/><N who="2" m="22879" /><F88/><W23/><N who="3" m="5632" /><DORA hai="87" /><W102/><G2/><T31/><D31/><U127/><E127/><V76/><F76/><W120/><G120/><T121/><D121/><U34/><E77/><V8/><AGARI ba="0,0" hai="8,14,16,48,53,57,82,83" m="22879,29696" machi="8" ten="60,4000,0" yaku="12,1,54,1" doraHai="133,101,87" who="2" fromWho="2" sc="211,-20,385,-10,73,40,331,-10" /><INIT seed="5,0,0,4,3,113" ten="191,375,113,321" oya="1" hai0="58,50,49,120,28,61,7,12,8,108,116,40,22" hai1="88,129,130,9,25,10,3,92,64,93,75,67,55" hai2="100,13,118,101,37,60,5,71,90,20,110,52,56" hai3="33,135,94,51,62,107,70,125,114,39,82,78,48"/><U36/><E75/><V122/><F122/><W86/><G39/><T126/><D108/><U83/><E36/><V76/><F110/><W35/><G114/><T57/><D126/><U119/><E119/><V1/><F118/><W34/><G125/><T97/><D116/><U63/><E83/><V30/><F37/><W41/><G107/><T89/><D120/><U74/><E74/><V54/><F76/><W104/><G104/><T24/><D40/><U66/><E3/><V105/><F71/><W127/><G127/><T59/><REACH who="0" step="1"/><D61/><REACH who="0" ten="181,375,113,321" step="2"/><U17/><E63/><V38/><F38/><W65/><G41/><T32/><D32/><U117/><E117/><V6/><F105/><W4/><G135/><T131/><D131/><U46/><E129/><V87/><F1/><W45/><G4/><T11/><D11/><U53/><E130/><V23/><F5/><W29/><G29/><T77/><D77/><U106/><E106/><V16/><F6/><W102/><G45/><T81/><D81/><U2/><E46/><V95/><F54/><W91/><REACH who="3" step="1"/><G102/><REACH who="3" ten="181,375,113,311" step="2"/><T79/><D79/><U42/><E42/><V44/><F44/><W85/><AGARI ba="0,2" hai="33,34,35,48,51,62,65,70,78,82,85,86,91,94" machi="85" ten="30,4000,0" yaku="1,1,2,1,0,1,53,0" doraHai="113" doraHaiUra="111" who="3" fromWho="3" sc="181,-10,375,-20,113,-10,311,60" /><INIT seed="6,0,0,1,2,113" ten="171,355,103,371" oya="2" hai0="88,25,29,97,72,2,90,26,135,17,99,96,61" hai1="75,49,129,128,100,81,11,101,86,57,36,133,125" hai2="94,103,56,3,19,9,10,119,87,118,62,76,131" hai3="22,12,59,126,79,108,92,41,120,71,115,50,64"/><V82/><F131/><N who="1" m="50249" /><E36/><V1/><F10/><W7/><G108/><T134/><D2/><U66/><E75/><V89/><F103/><W52/><G120/><T20/><D72/><U39/><E39/><V13/><F3/><W60/><G115/><T67/><D135/><U37/><E37/><V127/><F1/><W116/><G116/><T16/><D134/><U15/><E133/><V104/><F104/><W132/><G132/><T6/><D6/><N who="1" m="3575" /><E125/><V106/><F106/><W48/><G126/><T91/><REACH who="0" step="1"/><D26/><REACH who="0" ten="161,355,103,371" step="2"/><U40/><E100/><V109/><F127/><W114/><G114/><T45/><D45/><U31/><E101/><V0/><F0/><W110/><G110/><T30/><D30/><U117/><E31/><V74/><REACH who="2" step="1"/><F109/><REACH who="2" ten="161,355,93,371" step="2"/><W4/><G4/><T85/><D85/><U130/><E130/><V78/><F78/><W46/><G79/><T47/><D47/><U122/><E86/><V35/><F35/><W124/><G124/><T32/><D32/><U43/><E122/><V121/><F121/><W23/><G7/><T102/><D102/><U68/><E40/><V58/><F58/><AGARI ba="0,2" hai="16,17,20,25,29,58,61,67,88,90,91,96,97,99" machi="58" ten="40,8000,1" yaku="1,1,8,1,54,2,53,0" doraHai="113" doraHaiUra="28" who="0" fromWho="2" sc="161,100,355,0,93,-80,371,0" /><INIT seed="7,0,0,0,3,33" ten="261,355,13,371" oya="3" hai0="106,24,17,73,64,71,78,25,58,131,74,133,23" hai1="91,67,4,57,128,56,107,129,60,76,130,110,75" hai2="50,53,105,45,94,72,126,112,51,79,70,85,66" hai3="16,20,31,89,82,118,14,32,35,22,38,15,95"/><W46/><BYE who="2" /><G118/><T49/><D106/><U111/><E107/><V43/><F43/><W13/><G82/><T28/><D133/><U92/><E76/><V135/><F135/><W19/><G38/><T97/><D131/><N who="1" m="33539" /><U11/><DORA hai="93" /><E75/><V63/><F63/><W123/><G123/><T48/><D71/><N who="1" m="42471" /><E92/><V42/><F42/><W40/><G40/><T62/><D74/><U37/><E91/><V36/><F36/><W65/><G46/><T120/><D120/><U98/><E98/><V116/><F116/><W39/><G39/><T3/><D3/><N who="1" m="415" /><E37/><V88/><F88/><W83/><G83/><T8/><D73/><U117/><E117/><V77/><F77/><W7/><G65/><T9/><D78/><U121/><E121/><V59/><F59/><AGARI ba="0,0" hai="56,57,59,110,111" m="415,42471,33539" machi="59" ten="40,2600,0" yaku="19,1,52,1" doraHai="33,93" who="1" fromWho="2" sc="261,0,355,26,13,-26,371,0" owari="261,-14.0,381,48.0,-13,-51.0,371,17.0" /></mjloggm>