<mjloggm ver="2.3"><GO type="97" lobby="0"/><UN n0="%E6%84%9B%E5%AE%95%E6%B4%8B%E6%A6%8E%E3%81%AE%E5%BC%9F%E5%AD%90" n1="%63%68%6F%6B%75%6A%75" n2="%65%62%61%6E" n3="%E5%B0%B1%E6%B4%BB%E7%94%9F%40%E5%B7%9D%E6%9D%91%E8%BB%8D%E5%9B%A3" dan="13,14,13,15" rate="1963.90,1855.68,1853.20,1991.45" sx="M,M,M,M"/><TAIKYOKU oya="0"/><INIT seed="0,0,0,1,5,25" ten="250,250,250,250" oya="0" hai0="41,51,86,53,30,38,66,90,88,82,32,24,102" hai1="64,39,128,76,54,18,72,36,33,97,99,95,42" hai2="31,16,0,69,113,20,89,45,109,83,74,47,96" hai3="40,71,111,55,10,15,104,62,59,92,19,103,67"/><T112/><D102/><U44/><E128/><V121/><F113/><W110/><G40/><T118/><D118/><U85/><E33/><V122/><F69/><W27/><G104/><T130/><D112/><U26/><E72/><V129/><F0/><W93/><G27/><T116/><D116/><U101/><E36/><V133/><F129/><W3/><G3/><T84/><D130/><U81/><E64/><V13/><F74/><W124/><G124/><T115/><D38/><U79/><E54/><V37/><F122/><W43/><G43/><T9/><D115/><U57/><E57/><V23/><F37/><W135/><G135/><T94/><D66/><U2/><E2/><V8/><F121/><W60/><REACH who="3" step="1"/><G103/><REACH who="3" ten="250,250,250,240" step="2"/><T68/><D41/><U119/><E119/><V117/><F133/><W105/><G105/><T107/><D107/><U52/><E99/><V21/><F117/><W65/><G65/><T50/><D53/><U14/><E26/><V108/><F96/><W123/><G123/><T126/><D126/><U4/><E52/><V28/><F109/><AGARI ba="0,1" hai="10,15,19,55,59,60,62,67,71,92,93,109,110,111" machi="109" ten="40,2600,0" yaku="1,1,14,1,53,0" doraHai="25" doraHaiUra="77" who="3" fromWho="2" sc="250,0,250,0,250,-26,240,36" /><INIT seed="1,0,0,5,3,24" ten="250,250,224,276" oya="1" hai0="0,46,55,77,96,34,131,19,58,74,37,21,95" hai1="86,117,88,90,75,97,49,132,76,105,107,110,130" hai2="94,122,31,38,17,81,84,43,12,85,23,123,113" hai3="56,47,133,92,41,103,109,5,106,2,100,4,125"/><U11/><E117/><V9/><F113/><W126/><G106/><N who="1" m="40458" /><E11/><V69/><F69/><W32/><G32/><T52/><D34/><U26/><E26/><N who="2" m="16863" /><F38/><W60/><G109/><T67/><D0/><U82/><E49/><V48/><F123/><W134/><G92/><T59/><D77/><U87/><E110/><V93/><F122/><W27/><G27/><T63/><D74/><U33/><E33/><V118/><F118/><W22/><G22/><T39/><D131/><U45/><E132/><N who="3" m="50794" /><G2/><T104/><D104/><U25/><E25/><V99/><F81/><W50/><G4/><T101/><D46/><U72/><E45/><N who="2" m="25663" /><F93/><W28/><G28/><T98/><D39/><U7/><E7/><V108/><F108/><W124/><G5/><T16/><D37/><U8/><E8/><V29/><F29/><W61/><G61/><T15/><D19/><U70/><E70/><V112/><F112/><W121/><G121/><T71/><REACH who="0" step="1"/><D98/><REACH who="0" ten="240,250,224,276" step="2"/><U102/><E130/><V114/><F114/><W30/><G30/><T13/><D13/><U68/><E68/><V3/><F3/><W20/><G20/><T35/><D35/><U40/><E40/><V89/><AGARI ba="0,1" hai="9,12,17,84,85,89,94,99" m="25663,16863" machi="89" ten="30,2000,0" yaku="8,1,52,1" doraHai="24" who="2" fromWho="2" sc="240,-5,250,-10,224,30,276,-5" /><INIT seed="2,0,0,0,5,8" ten="235,240,254,271" oya="2" hai0="108,87,18,7,16,39,53,114,118,3,117,48,22" hai1="106,102,21,33,37,127,90,62,110,119,35,1,116" hai2="50,44,42,135,5,28,13,95,129,88,122,0,100" hai3="121,24,23,105,31,63,27,38,82,109,124,30,128"/><V101/><F0/><W46/><G121/><T14/><D114/><U71/><E127/><V43/><F122/><W57/><G105/><T12/><D39/><U51/><E62/><V79/><F79/><W75/><G124/><T45/><D108/><U99/><E90/><V89/><F129/><W97/><G128/><T34/><D34/><U123/><E51/><V93/><F135/><W130/><G130/><T76/><D3/><U60/><E21/><V32/><F28/><W58/><G109/><T61/><D61/><U132/><E99/><N who="2" m="57767" /><F32/><W52/><G97/><T20/><D7/><U2/><E102/><V40/><F13/><W69/><G69/><T74/><D74/><U66/><E106/><V125/><F5/><W111/><G111/><T103/><D103/><N who="2" m="39498" /><F125/><W59/><G75/><T85/><D76/><U80/><E110/><V64/><F64/><W36/><G82/><T112/><D112/><U131/><E131/><V78/><F78/><W19/><G30/><T11/><D11/><U104/><E80/><V92/><F92/><W6/><G6/><T55/><D55/><U67/><E67/><V86/><AGARI ba="0,0" hai="40,42,43,44,50,86,89,95" m="39498,57767" machi="86" ten="30,3000,0" yaku="8,1,54,1" doraHai="8" who="2" fromWho="2" sc="235,-10,240,-10,254,30,271,-10" /><INIT seed="2,1,0,0,1,71" ten="225,230,284,261" oya="2" hai0="49,0,95,83,31,93,63,56,108,74,50,3,19" hai1="110,127,51,86,61,75,9,65,11,92,18,114,112" hai2="32,133,70,40,109,129,116,128,79,24,90,10,45" hai3="58,103,57,64,87,20,54,37,6,30,123,15,135"/><V77/><F116/><W126/><G37/><T66/><D31/><U42/><E127/><V68/><F10/><N who="3" m="4567" /><G126/><T72/><D108/><U4/><E110/><V130/><F109/><W117/><G135/><T82/><D19/><U101/><E75/><V55/><F55/><W76/><G123/><T105/><D105/><U43/><E114/><V107/><F90/><W113/><G113/><T91/><D91/><U7/><E18/><V62/><F107/><W125/><G125/><T27/><D56/><N who="1" m="37031" /><E112/><V2/><F2/><W111/><G111/><T16/><D16/><U48/><E86/><V81/><F133/><W38/><G38/><T85/><D85/><U106/><E106/><V26/><F62/><N who="3" m="37967" /><G103/><T97/><D97/><N who="1" m="59559" /><E11/><V59/><F59/><W120/><G120/><T53/><D74/><U52/><E48/><N who="2" m="26663" /><F81/><N who="3" m="47527" /><G117/><T134/><D72/><U121/><E121/><V29/><F26/><N who="3" m="16711" /><G58/><T102/><D134/><U12/><E7/><V89/><F89/><W13/><G13/><T132/><D132/><U88/><E88/><V34/><F34/><W67/><G54/><T46/><D0/><U23/><E23/><V104/><F104/><W41/><G41/><T118/><D3/><U36/><E36/><V17/><F17/><W14/><G14/><T119/><D119/><U100/><E100/><V39/><F39/><W44/><G44/><AGARI ba="1,0" hai="4,9,12,42,43,44,51,52" m="59559,37031" machi="44" ten="30,2000,0" yaku="8,1,54,1" doraHai="71" who="1" fromWho="3" sc="225,0,230,23,284,0,261,-23" /><INIT seed="3,0,0,2,2,4" ten="225,253,284,238" oya="3" hai0="108,57,71,118,127,52,119,113,16,99,24,82,110" hai1="13,14,72,121,115,80,73,37,36,53,40,34,33" hai2="10,38,27,0,51,15,55,68,125,117,62,30,31" hai3="41,9,23,130,17,85,59,89,1,129,67,18,116"/><W131/><G116/><T43/><D71/><U48/><E121/><V8/><F0/><W49/><G67/><T124/><D43/><U7/><E80/><V56/><F38/><N who="1" m="14953" /><E40/><V69/><F117/><N who="0" m="44554" /><D113/><U81/><E115/><V101/><F69/><W6/><G23/><N who="0" m="13415" /><D82/><U26/><E81/><V3/><F68/><W86/><G86/><T126/><D99/><U133/><E133/><V58/><F3/><W47/><REACH who="3" step="1"/><G59/><REACH who="3" ten="225,253,284,228" step="2"/><T114/><D114/><U61/><E73/><V123/><F58/><W105/><G105/><T28/><D28/><U134/><E72/><V88/><F31/><W64/><G64/><T104/><D104/><U50/><E134/><V12/><F123/><W78/><G78/><T93/><D93/><AGARI ba="0,1" hai="1,6,9,17,18,41,47,49,85,89,93,129,130,131" machi="93" ten="40,12000,1" yaku="1,1,19,1,52,1,53,1" doraHai="4" doraHaiUra="84" who="3" fromWho="0" sc="225,-120,253,0,284,0,228,130" owari="105,-39.0,253,-15.0,284,8.0,358,46.0" /></mjloggm>