<mjloggm ver="2.3"><GO type="169" lobby="0"/><UN n0="%4D%E5%B8%9D%E2%85%A2" n1="%E7%A9%B6%E6%A5%B5%41%49" n2="%E5%B0%B1%E6%B4%BB%E7%94%9F%40%E5%B7%9D%E6%9D%91%E8%BB%8D%E5%9B%A3" n3="%E6%9C%88%E8%A9%A0%E3%81%95%E3%82%93" dan="16,16,16,16" rate="2126.98,2082.39,2181.49,2112.06" sx="M,M,M,F"/><TAIKYOKU oya="0"/><INIT seed="0,0,0,5,0,54" ten="250,250,250,250" oya="0" hai0="62,26,39,12,75,80,118,99,128,0,18,34,110" hai1="58,125,73,116,90,85,74,50,43,121,96,107,78" hai2="66,61,79,45,109,69,28,67,105,22,82,42,38" hai3="17,41,119,57,130,95,102,108,100,98,101,81,44"/><T56/><D39/><U112/><E121/><V134/><F109/><W89/><G119/><T126/><D0/><U33/><E116/><V40/><F105/><W20/><G108/><T131/><D110/><U60/><E33/><V52/><F134/><W87/><G130/><T11/><D118/><U127/><E112/><V10/><F10/><W6/><G6/><T49/><D49/><U106/><E50/><V4/><F4/><W104/><G104/><N who="1" m="39978" /><E96/><V120/><F42/><W1/><G1/><T115/><D115/><U86/><E78/><V97/><F97/><W65/><G65/><T24/><D99/><U21/><E21/><V111/><F111/><W93/><G93/><T2/><D2/><U88/><E43/><V70/><F70/><W31/><G31/><T68/><D68/><U114/><E114/><V63/><F120/><W122/><G57/><T55/><D34/><U129/><E129/><N who="0" m="49737" /><D126/><N who="1" m="48139" /><E86/><V32/><F32/><W27/><REACH who="3" step="1"/><G122/><REACH who="3" ten="250,250,250,240" step="2"/><T9/><D9/><U47/><E47/><V83/><F45/><W76/><G76/><AGARI ba="0,1" hai="11,12,18,24,26,55,56,62,75,76,80" m="49737" machi="76" ten="30,2900,0" yaku="19,1,52,1" doraHai="54" who="0" fromWho="3" sc="250,39,250,0,250,0,240,-29" /><INIT seed="0,1,0,1,3,18" ten="289,250,250,211" oya="0" hai0="65,28,6,126,81,22,32,117,67,112,129,3,2" hai1="56,61,58,91,102,69,119,79,87,135,114,20,104" hai2="105,103,60,88,46,54,62,49,90,89,86,44,77" hai3="38,106,40,24,131,35,99,7,85,55,74,127,115"/><T48/><D112/><U13/><E119/><V10/><F44/><W42/><G115/><T123/><D32/><U118/><E118/><V122/><F122/><W25/><G74/><T66/><D123/><U0/><E114/><V80/><REACH who="2" step="1"/><F10/><REACH who="2" ten="289,250,240,211" step="2"/><W50/><G38/><T107/><D117/><U8/><E135/><V36/><F36/><W111/><G40/><T47/><D67/><U71/><E0/><V12/><F12/><W98/><G42/><T100/><D66/><U72/><E71/><V63/><F63/><W75/><G55/><T128/><D65/><U120/><E69/><V19/><F19/><W9/><G7/><T34/><D6/><U83/><E8/><V101/><F101/><W96/><G9/><T132/><D132/><U30/><E120/><V95/><F95/><W73/><G106/><T57/><D3/><U82/><E102/><V45/><F45/><W84/><G131/><T53/><D2/><U5/><E104/><V78/><F78/><W130/><G130/><T70/><D70/><U92/><E5/><V121/><F121/><W4/><G4/><T33/><D100/><U133/><E133/><V17/><F17/><W23/><G127/><T59/><D107/><U1/><E1/><V97/><AGARI ba="1,1" hai="46,49,54,60,62,77,80,86,88,89,90,97,103,105" machi="97" ten="30,7900,0" yaku="1,1,0,1,54,1,53,1" doraHai="18" doraHaiUra="94" who="2" fromWho="2" sc="289,-40,250,-21,240,92,211,-21" /><INIT seed="1,0,0,2,1,117" ten="249,229,332,190" oya="1" hai0="17,24,109,55,113,65,103,130,16,69,84,132,135" hai1="67,126,57,89,79,111,58,34,83,71,107,1,87" hai2="10,40,82,60,102,5,2,53,127,20,11,23,50" hai3="0,13,31,122,47,14,9,114,77,36,43,105,85"/><U41/><E1/><V131/><F127/><W100/><G114/><T118/><D118/><U88/><E34/><V19/><F131/><W123/><G0/><T128/><D113/><U120/><E71/><V27/><F102/><W22/><G105/><T29/><D103/><U21/><E107/><V30/><F40/><W74/><G100/><T6/><D84/><U110/><E126/><V119/><F119/><W8/><G74/><T116/><D116/><U18/><E41/><V63/><F82/><W72/><G72/><T56/><D65/><U61/><E58/><V68/><F11/><W35/><G35/><T64/><D64/><U75/><E120/><V93/><F93/><W4/><G22/><T104/><D69/><U39/><E39/><V70/><F60/><W45/><G31/><T33/><D6/><U101/><E101/><V25/><F63/><W37/><G47/><AGARI ba="0,0" hai="2,5,10,19,20,23,25,27,30,47,50,53,68,70" machi="47" ten="30,1000,0" yaku="7,1" doraHai="117" who="2" fromWho="3" sc="249,0,229,0,332,10,190,-10" /><INIT seed="2,0,0,5,0,73" ten="249,229,342,180" oya="2" hai0="115,1,30,78,21,23,5,77,42,85,0,116,57" hai1="110,28,61,41,95,84,20,9,118,37,2,49,3" hai2="68,60,67,94,91,44,129,33,102,34,104,108,11" hai3="35,93,7,119,65,10,31,113,38,8,128,82,126"/><V32/><F129/><W13/><G119/><T75/><D115/><U107/><E118/><V52/><F108/><W72/><G113/><T112/><D112/><U92/><E107/><V47/><F104/><W90/><G128/><T96/><D116/><U40/><E37/><V127/><F102/><W25/><G126/><T51/><D5/><U109/><E61/><V55/><F11/><W17/><G38/><T101/><D75/><U59/><E59/><V58/><F127/><W54/><G65/><T15/><D21/><U86/><E20/><V46/><REACH who="2" step="1"/><F68/><REACH who="2" ten="249,229,332,180" step="2"/><W83/><G10/><T134/><D1/><U19/><E9/><V87/><AGARI ba="0,1" hai="32,33,34,44,46,47,52,55,58,60,67,87,91,94" machi="87" ten="40,12000,1" yaku="1,1,2,1,0,1,54,1,53,0" doraHai="73" doraHaiUra="4" who="2" fromWho="2" sc="249,-40,229,-40,332,130,180,-40" /><INIT seed="2,1,0,2,2,75" ten="209,189,462,140" oya="2" hai0="16,124,76,103,73,25,31,33,91,0,69,87,126" hai1="46,66,15,79,26,49,134,65,56,57,84,20,104" hai2="36,51,29,18,45,122,98,99,23,2,6,50,24" hai3="82,100,114,128,92,86,112,40,130,5,32,96,64"/><V17/><F36/><W121/><G32/><T62/><D0/><U123/><E104/><V11/><F122/><W102/><G5/><T77/><D103/><U74/><E74/><V133/><F133/><W59/><G40/><T135/><D73/><U47/><E15/><V71/><F71/><W113/><G64/><N who="1" m="24682" /><E134/><V94/><F50/><W55/><G59/><N who="1" m="22602" /><E123/><V111/><F111/><W22/><G55/><T72/><D62/><U48/><E48/><V110/><F110/><W35/><G22/><T19/><D69/><U67/><E67/><V115/><F115/><W116/><G35/><T132/><D72/><U21/><E26/><V39/><F39/><W90/><G121/><T105/><D105/><U80/><E47/><V63/><F63/><W117/><G102/><T85/><D25/><U106/><E106/><V13/><F94/><W43/><G43/><AGARI ba="1,0" hai="20,21,43,46,49,79,80,84" m="22602,24682" machi="43" ten="30,2000,0" yaku="8,1,52,1" doraHai="75" who="1" fromWho="3" sc="209,0,189,23,462,0,140,-23" /><INIT seed="3,0,0,2,1,96" ten="209,212,462,117" oya="3" hai0="39,43,29,2,10,47,51,45,22,56,67,105,129" hai1="117,38,104,18,95,46,68,13,42,109,107,6,40" hai2="126,58,57,25,27,70,124,88,60,33,86,72,122" hai3="34,20,17,52,79,48,69,120,106,113,103,131,125"/><W62/><G120/><T132/><D105/><U12/><E68/><V32/><F72/><W87/><G113/><T3/><D10/><U128/><E109/><V121/><F70/><W99/><G34/><N who="2" m="13417" /><F25/><W130/><G125/><N who="2" m="48233" /><F27/><W123/><G123/><N who="2" m="47113" /><F60/><W77/><G62/><T0/><D29/><U63/><E63/><V49/><F49/><W81/><G69/><T118/><D22/><U53/><E38/><V8/><F8/><W44/><REACH who="3" step="1"/><G77/><REACH who="3" ten="209,212,462,107" step="2"/><T14/><D0/><U89/><E117/><V31/><F31/><W115/><G115/><T4/><D3/><U15/><E128/><V50/><F50/><W85/><G85/><T26/><D51/><U76/><E76/><V37/><F37/><W135/><G135/><T23/><D132/><U127/><E127/><V111/><F111/><W110/><G110/><T9/><D129/><U59/><E6/><V114/><F114/><W73/><G73/><T11/><D39/><U5/><E5/><V41/><F41/><W84/><G84/><T64/><D43/><U119/><E42/><V108/><F108/><W83/><G83/><AGARI ba="0,1" hai="57,58,83,86,88" m="47113,48233,13417" machi="83" ten="40,5200,0" yaku="18,1,13,1,54,1" doraHai="96" who="2" fromWho="3" sc="209,0,212,0,462,62,107,-52" /><INIT seed="4,0,0,3,0,41" ten="209,212,524,55" oya="0" hai0="33,35,94,50,13,14,122,135,128,55,57,87,46" hai1="31,39,65,131,114,38,20,91,7,108,119,36,88" hai2="4,93,113,66,62,89,82,22,125,47,67,40,30" hai3="134,112,60,132,83,90,117,34,3,104,44,15,84"/><T45/><D122/><U32/><E108/><V16/><F113/><W19/><G3/><T95/><D135/><U64/><E119/><V61/><F125/><W126/><G34/><T130/><D87/><U98/><E32/><V52/><F30/><W100/><G117/><T42/><D35/><U129/><E7/><V17/><F4/><W24/><G24/><T133/><D33/><U74/><E74/><V76/><F82/><W102/><G112/><T103/><D133/><N who="3" m="51305" /><G104/><T69/><D69/><U63/><E114/><V26/><F17/><W123/><G123/><T48/><D57/><U127/><E127/><V78/><F78/><W121/><G121/><T25/><D25/><N who="1" m="16807" /><E98/><N who="2" m="57647" /><F76/><W70/><G126/><T1/><D1/><U43/><E43/><V110/><F110/><W75/><G75/><T59/><D59/><N who="1" m="36991" /><E65/><N who="2" m="24587" /><F40/><W0/><G0/><T106/><D106/><U12/><E12/><N who="0" m="4713" /><D103/><U72/><E72/><V111/><F111/><W116/><G116/><T49/><D130/><AGARI ba="0,0" hai="36,38,39,88,91,129,130,131" m="36991,16807" machi="130" ten="40,2600,0" yaku="19,1,54,1" doraHai="41" who="1" fromWho="0" sc="209,-26,212,26,524,0,55,0" /><INIT seed="5,0,0,3,0,7" ten="183,238,524,55" oya="1" hai0="116,55,31,8,118,67,18,132,26,99,42,93,38" hai1="50,74,19,56,84,120,44,108,30,85,89,11,110" hai2="33,95,69,79,25,41,36,12,123,16,27,98,66" hai3="112,109,10,62,40,101,94,133,121,129,88,80,64"/><U70/><E70/><V59/><F69/><W77/><G121/><T104/><D104/><U22/><E74/><V102/><F123/><W29/><G109/><N who="1" m="42090" /><E120/><V134/><F134/><W60/><G133/><T114/><D67/><U72/><E72/><V105/><F105/><W6/><G112/><T124/><D124/><U117/><E117/><V49/><F33/><W127/><G127/><T35/><D55/><U45/><E30/><V24/><F79/><W92/><G129/><T1/><D114/><U122/><E122/><V20/><F36/><W96/><G40/><T107/><D107/><U5/><E56/><V75/><F75/><W3/><G29/><T65/><D65/><U73/><E73/><V58/><F66/><W37/><G37/><T15/><D132/><U0/><E50/><V28/><F28/><W21/><G21/><T111/><D111/><U76/><E76/><V14/><F14/><W115/><G115/><T103/><REACH who="0" step="1"/><D1/><REACH who="0" ten="173,238,524,55" step="2"/><U87/><E45/><AGARI ba="0,1" hai="12,16,20,24,25,27,41,45,49,58,59,95,98,102" machi="45" ten="40,2600,0" yaku="8,1,54,1" doraHai="7" who="2" fromWho="1" sc="173,0,238,-26,524,36,55,0" /><BYE who="0" /><INIT seed="6,0,0,2,3,48" ten="173,212,560,55" oya="2" hai0="43,45,89,2,113,17,53,60,37,31,38,95,24" hai1="34,122,97,78,124,25,51,71,65,130,30,8,108" hai2="109,126,86,93,73,134,132,11,117,46,96,55,61" hai3="36,58,64,99,116,80,14,114,100,101,9,56,70"/><V27/><F73/><W22/><G116/><T12/><D12/><U18/><E108/><V4/><F109/><W76/><G36/><T112/><D112/><U133/><E124/><V15/><F126/><W50/><G114/><UN n0="%4D%E5%B8%9D%E2%85%A2" /><T106/><D106/><U127/><E127/><V115/><F115/><W49/><G70/><T111/><D2/><U123/><E133/><V103/><F117/><W44/><G22/><T57/><D111/><U110/><E110/><V52/><F61/><W6/><G50/><T104/><D104/><U135/><E135/><N who="2" m="51755" /><F46/><W87/><G64/><T125/><D125/><U13/><E130/><V26/><F86/><W59/><REACH who="3" step="1"/><G99/><REACH who="3" ten="173,212,560,45" step="2"/><T1/><D113/><U7/><E65/><V84/><F84/><W0/><G0/><T20/><D1/><N who="1" m="111" /><E71/><V40/><F40/><AGARI ba="0,1" hai="6,9,14,40,44,49,56,58,59,76,80,87,100,101" machi="40" ten="40,8000,1" yaku="1,1,25,2,8,1,53,0" doraHai="48" doraHaiUra="16" who="3" fromWho="2" sc="173,0,212,0,560,-80,45,90" /><INIT seed="7,0,0,5,0,74" ten="173,212,480,135" oya="3" hai0="121,76,23,131,40,91,15,8,73,54,43,112,86" hai1="50,105,100,67,114,107,1,58,45,37,104,32,48" hai2="69,3,110,28,21,27,95,38,4,126,130,90,30" hai3="11,42,87,123,9,46,57,55,102,25,10,98,82"/><W33/><G123/><T132/><D121/><U31/><E1/><V26/><F69/><W29/><G42/><T75/><D23/><U115/><E100/><V68/><F68/><W116/><G116/><T134/><D54/><N who="1" m="32087" /><E67/><V36/><F110/><W80/><G46/><T71/><D71/><U81/><E37/><V47/><F126/><W117/><G117/><T62/><D62/><U51/><E81/><V64/><F64/><W60/><REACH who="3" step="1"/><G87/><REACH who="3" ten="173,212,480,125" step="2"/><T85/><D86/><U122/><E45/><V96/><F47/><W83/><G83/><N who="0" m="45471" /><D73/><U70/><E122/><V92/><F130/><W77/><G77/><T52/><D131/><U16/><E115/><V7/><F38/><W6/><G6/><T19/><D112/><U59/><E114/><V109/><F36/><W66/><G66/><T5/><D5/><U99/><E99/><V119/><F109/><W84/><G84/><T24/><D85/><U53/><E53/><V129/><F129/><W94/><AGARI ba="0,1" hai="9,10,11,25,29,33,55,57,60,80,82,94,98,102" machi="94" ten="30,3000,0" yaku="1,1,0,1,53,0" doraHai="74" doraHaiUra="103" who="3" fromWho="3" sc="173,-10,212,-10,480,-10,125,40" /><INIT seed="7,1,0,0,2,40" ten="163,202,470,165" oya="3" hai0="64,9,123,11,6,129,54,130,62,87,119,101,94" hai1="12,128,105,77,110,1,50,99,81,109,53,4,15" hai2="76,66,30,114,59,48,24,132,106,131,107,125,33" hai3="61,51,83,14,133,69,112,134,113,95,32,84,20"/><W5/><G32/><T126/><D119/><U52/><E1/><V91/><F114/><N who="3" m="44139" /><G95/><T93/><D123/><U0/><E0/><V111/><F111/><W65/><G51/><T118/><D54/><U10/><E15/><V79/><F131/><N who="0" m="50186" /><D118/><U127/><E128/><V55/><F132/><N who="3" m="50795" /><G5/><T89/><D126/><U58/><E127/><V70/><F125/><W124/><G124/><T60/><D64/><U21/><E21/><V63/><F106/><W72/><G72/><T36/><D36/><U57/><E99/><V88/><F107/><W98/><G98/><N who="0" m="59607" /><D11/><U37/><E105/><V78/><AGARI ba="1,0" hai="24,30,33,48,55,59,63,66,70,76,78,79,88,91" machi="78" ten="30,2000,0" yaku="0,1,54,1" doraHai="40" who="2" fromWho="2" sc="163,-6,202,-6,470,23,165,-11" owari="157,-24.0,196,0.0,493,59.0,154,-35.0" /></mjloggm>