<mjloggm ver="2.3"><GO type="41" lobby="0"/><UN n0="%E5%B0%B1%E6%B4%BB%E7%94%9F%40%E5%B7%9D%E6%9D%91%E8%BB%8D%E5%9B%A3" n1="%E9%81%8A%E4%B8%80" n2="%44%4D%54" n3="%E3%82%A4%E3%83%8B%E3%82%B7%E3%82%A8" dan="15,14,14,14" rate="1997.21,1981.42,1941.90,1830.34" sx="M,M,M,M"/><TAIKYOKU oya="0"/><INIT seed="0,0,0,0,0,115" ten="250,250,250,250" oya="0" hai0="67,2,1,125,113,41,50,8,66,47,92,44,72" hai1="109,22,71,26,55,46,42,82,81,48,90,27,87" hai2="84,89,111,129,33,34,9,20,132,59,12,32,130" hai3="127,79,77,112,119,123,118,7,13,38,53,85,25"/><T78/><D113/><U4/><E109/><V68/><F111/><W51/><G38/><T60/><D125/><U31/><E71/><V58/><F68/><W43/><G112/><T24/><D24/><U23/><E4/><V96/><F96/><W98/><G25/><T62/><D92/><U69/><E69/><V88/><F20/><W6/><G98/><T107/><D107/><U54/><REACH who="1" step="1"/><E82/><REACH who="1" ten="250,240,250,250" step="2"/><V15/><F132/><W101/><G127/><T65/><D1/><U14/><E14/><V35/><F15/><W121/><G13/><T93/><D2/><U3/><E3/><V86/><F130/><W39/><G39/><T5/><D5/><N who="3" m="1545" /><G43/><T106/><D8/><U131/><E131/><V83/><F129/><W105/><G105/><T18/><D106/><U40/><E40/><V57/><N who="2" m="8704" /><DORA hai="17" /><V74/><F74/><W100/><G85/><T52/><D72/><U80/><E80/><V21/><F9/><W126/><G126/><T61/><D93/><U120/><E120/><N who="3" m="46154" /><G77/><T124/><D78/><U37/><E37/><V19/><REACH who="2" step="1"/><F84/><REACH who="2" ten="250,240,240,250" step="2"/><W110/><G110/><T16/><REACH who="0" step="1"/><D124/><REACH who="0" ten="240,240,240,250" step="2"/><U116/><E116/><N who="3" m="44586" /><G79/><AGARI ba="0,3" hai="12,19,21,57,58,59,79,83,86,88,89" m="8704" machi="79" ten="70,8000,1" yaku="1,1,52,1,54,1,53,0" doraHai="115,17" doraHaiUra="45,117" who="2" fromWho="3" sc="240,0,240,0,240,110,250,-80" /><INIT seed="1,0,0,5,4,89" ten="240,240,350,170" oya="1" hai0="117,94,95,135,124,91,75,38,126,21,116,96,47" hai1="107,132,49,110,85,42,63,32,73,93,88,134,97" hai2="61,10,67,54,34,50,17,115,106,76,31,102,55" hai3="65,51,66,119,59,52,4,33,83,18,113,46,133"/><U105/><E32/><V131/><F115/><W104/><G119/><N who="0" m="45643" /><D38/><U44/><E73/><V16/><F131/><W112/><G104/><T123/><D47/><U71/><E110/><V0/><F55/><W64/><G33/><T53/><D53/><U30/><E30/><V82/><F10/><W15/><G133/><N who="1" m="51306" /><E97/><V84/><F0/><W20/><G4/><T92/><D135/><U130/><E130/><V79/><F79/><W122/><G122/><T99/><D21/><U72/><E72/><V22/><F34/><W77/><REACH who="3" step="1"/><G46/><REACH who="3" ten="240,240,350,160" step="2"/><T11/><D123/><U36/><E107/><V103/><F106/><W26/><G26/><T6/><D75/><AGARI ba="0,1" hai="15,18,20,51,52,59,64,65,66,75,77,83,112,113" machi="75" ten="40,2600,0" yaku="1,1,54,1,53,0" doraHai="89" doraHaiUra="2" who="3" fromWho="0" sc="240,-26,240,0,350,0,160,36" /><INIT seed="2,0,0,0,3,49" ten="214,240,350,196" oya="2" hai0="92,44,103,21,89,101,105,57,106,99,77,93,78" hai1="81,117,10,88,83,115,27,62,107,58,97,32,133" hai2="19,113,94,90,15,114,134,24,0,52,65,70,119" hai3="26,4,12,20,40,9,74,30,6,51,129,87,54"/><V43/><F0/><W69/><G74/><T16/><D44/><U126/><E117/><V18/><F119/><W2/><G69/><T46/><D46/><U110/><E115/><V82/><F134/><W8/><G40/><T39/><D39/><U120/><E133/><V63/><F43/><W75/><G75/><T112/><D112/><U131/><E107/><N who="0" m="40969" /><D57/><U31/><E120/><V125/><F82/><W48/><G129/><T45/><D45/><U79/><E131/><V11/><F125/><W14/><G54/><T86/><D16/><U66/><E126/><V96/><F52/><W102/><G2/><T72/><D21/><U91/><E10/><V123/><F123/><W67/><G102/><N who="0" m="38923" /><D72/><U35/><E35/><V53/><F53/><W95/><REACH who="3" step="1"/><G67/><REACH who="3" ten="214,240,350,186" step="2"/><T29/><D29/><U84/><E66/><V13/><REACH who="2" step="1"/><F24/><REACH who="2" ten="214,240,340,186" step="2"/><W116/><G116/><T118/><D118/><U100/><E27/><V37/><F37/><W135/><G135/><T108/><D108/><U5/><E110/><V34/><F34/><W23/><G23/><AGARI ba="0,2" hai="11,13,15,18,19,23,63,65,70,90,94,96,113,114" machi="23" ten="30,2900,0" yaku="1,1,7,1,53,0" doraHai="49" doraHaiUra="3" who="2" fromWho="3" sc="214,0,240,0,340,49,186,-29" /><INIT seed="2,1,0,1,1,51" ten="214,240,389,157" oya="2" hai0="102,123,24,72,37,98,26,96,57,16,50,11,0" hai1="27,115,22,30,59,74,46,28,128,45,122,6,17" hai2="90,54,89,55,23,35,86,48,8,3,130,133,42" hai3="114,78,84,9,120,124,60,87,85,12,79,56,25"/><V40/><F35/><W113/><G120/><T112/><D37/><U2/><E122/><V61/><F133/><W111/><G124/><T91/><D72/><U38/><E115/><N who="3" m="44042" /><G25/><T77/><D77/><U20/><E74/><V97/><F130/><W75/><G75/><T34/><D123/><U127/><E128/><V1/><F23/><W10/><G111/><T65/><D112/><U106/><E127/><V39/><F39/><W52/><G10/><T105/><D34/><U99/><E38/><V64/><F8/><W117/><G117/><T82/><D0/><U73/><E73/><V5/><F5/><AGARI ba="1,0" hai="5,9,12,52,56,60,78,79,84,85,87" m="44042" machi="5" ten="30,3900,0" yaku="11,1,52,1,54,1" doraHai="51" who="3" fromWho="2" sc="214,0,240,0,389,-42,157,42" /><INIT seed="3,0,0,0,2,48" ten="214,240,347,199" oya="3" hai0="2,63,99,134,67,58,62,125,93,77,83,117,123" hai1="68,17,28,0,34,3,98,60,52,4,109,112,114" hai2="21,27,90,79,19,31,50,35,45,124,88,44,56" hai3="107,14,81,118,64,97,11,115,111,37,47,65,12"/><W102/><G118/><T33/><D123/><U57/><E68/><V9/><F9/><W74/><G115/><T1/><D117/><U126/><E126/><V61/><F124/><W39/><G14/><T72/><D134/><U110/><E98/><V16/><F79/><W43/><G39/><T95/><D125/><U121/><E121/><V66/><F45/><W29/><G29/><T108/><D33/><U113/><E17/><V78/><F78/><W122/><G122/><T130/><D130/><U10/><E3/><V86/><F35/><W76/><REACH who="3" step="1"/><G111/><REACH who="3" ten="214,240,347,189" step="2"/><T103/><D108/><U133/><E110/><V82/><REACH who="2" step="1"/><F90/><REACH who="2" ten="214,240,337,189" step="2"/><W7/><AGARI ba="0,2" hai="7,11,12,37,43,47,64,65,74,76,81,97,102,107" machi="7" ten="20,7800,0" yaku="1,1,2,1,0,1,7,1,53,0" doraHai="48" doraHaiUra="25" who="3" fromWho="3" sc="214,-26,240,-26,337,-26,189,98" /><INIT seed="3,1,0,2,0,111" ten="188,214,311,287" oya="3" hai0="28,58,122,21,19,135,50,120,132,11,89,8,7" hai1="3,15,17,46,53,88,128,107,59,22,104,1,108" hai2="101,96,64,69,25,115,98,131,97,35,76,18,77" hai3="118,54,5,113,134,65,60,90,75,87,95,72,41"/><W84/><G118/><T85/><D58/><U109/><E46/><V94/><F131/><W110/><G113/><T129/><D50/><N who="1" m="31159" /><E128/><V2/><F115/><W39/><G110/><N who="1" m="42602" /><E88/><V124/><F2/><AGARI ba="1,0" hai="1,2,3,15,17,22,104,107" m="42602,31159" machi="2" ten="30,1000,0" yaku="14,1" doraHai="111" who="1" fromWho="2" sc="188,0,214,13,311,-13,287,0" /><INIT seed="4,0,0,2,3,68" ten="188,227,298,287" oya="0" hai0="89,128,0,49,8,83,31,66,11,67,98,22,129" hai1="105,5,134,9,90,12,30,103,56,35,52,20,130" hai2="18,43,48,100,25,110,117,1,121,29,58,106,69" hai3="24,71,15,32,125,115,97,36,132,111,64,16,133"/><T21/><D49/><U107/><E134/><V45/><F69/><W50/><G111/><T7/><D98/><U76/><E130/><N who="0" m="50281" /><D89/><U112/><E112/><V40/><F1/><W86/><G125/><T63/><D83/><U109/><E35/><V70/><F70/><W84/><G97/><T92/><D92/><U19/><E30/><V37/><F121/><W108/><G115/><T4/><D63/><U80/><E90/><V91/><F117/><W23/><G108/><T81/><D81/><U26/><E103/><V127/><F110/><W118/><G71/><T42/><D42/><U33/><E33/><V2/><F2/><W54/><G64/><N who="0" m="24619" /><D31/><U93/><E93/><V62/><F91/><W101/><G101/><T82/><D82/><U85/><E109/><V114/><F114/><W131/><G131/><T51/><D51/><AGARI ba="0,0" hai="5,9,12,19,20,26,51,52,56,76,80,85,105,107" machi="51" ten="30,2000,0" yaku="7,1,54,1" doraHai="68" who="1" fromWho="0" sc="188,-20,227,20,298,0,287,0" /><INIT seed="5,0,0,1,5,13" ten="168,247,298,287" oya="1" hai0="75,120,64,134,74,57,25,126,97,85,19,56,87" hai1="32,98,54,103,39,70,128,129,102,41,18,55,30" hai2="44,111,51,132,50,9,109,59,106,81,48,21,7" hai3="43,94,130,135,28,89,40,77,61,84,6,58,36"/><U90/><E70/><V83/><F106/><W76/><G130/><N who="1" m="50282" /><E90/><V65/><F132/><W52/><G135/><T4/><D120/><U96/><E18/><V127/><F127/><W107/><G107/><T2/><D134/><U73/><E73/><V26/><F109/><W37/><G36/><T45/><D126/><U72/><E72/><V1/><F111/><W124/><G124/><T12/><D75/><U34/><E41/><N who="3" m="15946" /><G37/><T3/><D74/><U11/><E11/><V93/><F93/><W88/><G28/><T115/><D115/><U69/><E69/><V27/><F44/><W104/><G104/><T23/><D97/><N who="1" m="37483" /><E39/><V121/><F121/><W86/><G6/><T118/><D118/><U79/><E79/><V14/><F1/><W10/><G10/><T113/><D113/><U68/><E30/><V131/><F131/><W117/><G117/><T49/><D3/><U31/><E31/><V95/><F95/><AGARI ba="0,0" hai="52,58,61,76,77,84,86,88,89,94,95" m="15946" machi="95" ten="30,3900,0" yaku="8,1,54,2" doraHai="13" who="3" fromWho="2" sc="168,0,247,0,298,-39,287,39" /><INIT seed="6,0,0,2,1,127" ten="168,247,259,326" oya="2" hai0="28,37,52,34,92,102,121,56,135,62,98,72,15" hai1="43,10,63,130,70,83,126,35,13,74,41,118,113" hai2="71,3,109,106,16,119,85,84,105,58,99,132,100" hai3="48,80,117,107,103,49,9,110,19,75,20,133,55"/><V125/><F71/><W57/><G117/><T22/><D121/><U87/><E74/><V60/><F3/><W65/><G133/><T51/><D135/><U29/><E118/><V114/><F132/><W64/><G107/><T96/><D37/><U81/><E81/><V18/><F106/><W131/><G103/><T53/><D72/><U33/><E126/><V78/><F119/><W123/><G123/><T12/><D34/><U7/><E35/><V66/><F125/><W31/><G110/><T86/><D86/><U30/><E30/><V101/><F101/><W79/><G31/><T112/><D112/><U32/><E32/><V24/><F109/><W39/><G9/><T93/><D22/><U54/><E113/><V11/><F114/><W104/><G39/><T115/><D28/><U36/><E36/><V94/><F105/><W23/><G23/><T120/><D120/><U25/><E70/><V111/><F111/><W42/><G49/><T21/><D21/><U1/><E1/><V47/><F78/><W108/><G42/><T88/><D115/><U67/><E54/><V26/><F47/><AGARI ba="0,0" hai="12,15,47,51,52,53,56,62,88,92,93,96,98,102" machi="47" ten="30,7700,0" yaku="7,1,8,1,54,2" doraHai="127" who="0" fromWho="2" sc="168,77,247,0,259,-77,326,0" /><INIT seed="7,0,0,1,3,29" ten="245,247,182,326" oya="3" hai0="38,115,79,110,12,66,101,130,108,53,41,65,7" hai1="118,55,103,67,96,122,18,85,90,82,113,11,25" hai2="123,71,44,135,91,127,16,10,95,50,80,56,58" hai3="68,104,54,22,132,59,129,133,105,83,39,70,109"/><W64/><G39/><T107/><D130/><U34/><E122/><V86/><F71/><N who="3" m="27179" /><G129/><T74/><D115/><U23/><E113/><V128/><F128/><W9/><G109/><T114/><D114/><U112/><E112/><V93/><F123/><W63/><G83/><T31/><D31/><U77/><E118/><V111/><F111/><W8/><G22/><T126/><D126/><U51/><E67/><V69/><F69/><W4/><G4/><T1/><D53/><U47/><E11/><N who="3" m="4170" /><G64/><T49/><D12/><U84/><E34/><V37/><F37/><W43/><G43/><T124/><D49/><U46/><E46/><V88/><F127/><W120/><G120/><T27/><D41/><U131/><E131/><V121/><F121/><W87/><G87/><T14/><D38/><U32/><E85/><V33/><F33/><W99/><G99/><T81/><D7/><U72/><E32/><V61/><F135/><AGARI ba="0,0" hai="54,59,63,104,105,132,133,135" m="4170,27179" machi="135" ten="30,1500,0" yaku="20,1" doraHai="29" who="3" fromWho="2" sc="245,0,247,0,182,-15,326,15" owari="245,-15.0,247,5.0,167,-33.0,341,43.0" /></mjloggm>