<mjloggm ver="2.3"><GO type="169" lobby="0"/><UN n0="%E3%82%A6%E3%83%AB%E3%83%88%E3%83%A9%E7%AB%8B%E7%9B%B4" n1="%E3%81%91%E3%82%93%31%39%37%30" n2="%E3%83%AA%E3%83%BC%E3%83%81%EF%BC%91" n3="%E3%82%84%E3%81%BE%E3%83%BC%E3%82%93" dan="17,16,18,16" rate="2163.36,2087.49,2266.07,2119.02" sx="M,M,M,M"/><TAIKYOKU oya="0"/><INIT seed="0,0,0,2,1,27" ten="250,250,250,250" oya="0" hai0="5,46,86,8,131,45,22,89,25,33,30,64,17" hai1="57,116,123,51,87,0,18,106,124,85,10,117,55" hai2="24,42,128,40,29,60,81,113,118,108,90,111,110" hai3="79,132,71,125,4,48,75,31,109,56,88,11,76"/><T16/><D131/><U1/><E123/><V107/><F128/><W133/><G71/><T100/><D100/><U129/><E106/><V120/><F120/><W66/><G109/><T35/><D64/><U37/><E37/><V80/><F107/><W98/><G125/><T135/><D135/><N who="3" m="51785" /><G31/><T134/><D134/><U20/><E129/><V13/><F113/><W103/><G48/><T93/><D35/><U15/><E124/><V72/><F60/><N who="3" m="38151" /><G75/><T112/><D112/><U95/><E87/><N who="2" m="50535" /><F118/><W44/><G44/><T78/><D78/><U92/><E92/><V58/><F58/><W74/><G74/><T26/><REACH who="0" step="1"/><D17/><REACH who="0" ten="240,250,250,250" step="2"/><U83/><E117/><V39/><F111/><W101/><G79/><T104/><D104/><U99/><E116/><V67/><F67/><W102/><G76/><T12/><AGARI ba="0,1" hai="5,8,12,16,22,25,26,30,33,45,46,86,89,93" machi="12" ten="20,18000,2" yaku="1,1,0,1,7,1,52,1,54,1,53,1" doraHai="27" doraHaiUra="19" who="0" fromWho="0" sc="240,190,250,-60,250,-60,250,-60" /><INIT seed="0,1,0,2,2,21" ten="430,190,190,190" oya="0" hai0="45,82,9,101,70,10,40,115,112,117,67,60,0" hai1="65,105,97,89,8,75,49,95,128,13,63,109,53" hai2="121,102,3,127,99,85,1,59,114,2,122,125,135" hai3="116,107,87,64,42,119,12,36,78,88,91,44,106"/><T37/><D117/><U68/><E75/><V74/><F85/><W100/><G64/><T79/><D101/><U22/><E128/><V62/><F74/><W81/><G12/><T14/><D9/><U51/><E109/><V17/><F17/><W90/><REACH who="3" step="1"/><G100/><REACH who="3" ten="430,190,190,180" step="2"/><T48/><D0/><U56/><E105/><AGARI ba="1,1" hai="36,42,44,78,81,87,88,90,91,105,106,107,116,119" machi="105" ten="40,8000,1" yaku="1,1,2,1,54,1,53,1" doraHai="21" doraHaiUra="39" who="3" fromWho="1" sc="430,0,190,-83,190,0,180,93" /><INIT seed="1,0,0,2,3,118" ten="430,107,190,273" oya="1" hai0="70,78,74,50,95,96,69,112,12,26,52,40,5" hai1="119,77,134,28,29,128,123,49,107,101,102,65,86" hai2="114,38,4,126,2,42,10,61,20,117,133,71,33" hai3="46,23,32,111,135,125,44,104,85,108,72,16,35"/><U91/><E65/><V75/><RYUUKYOKU type="yao9" ba="0,0" sc="430,0,107,0,190,0,273,0" hai2="2,4,10,20,33,38,42,61,71,75,114,117,126,133" /><INIT seed="1,1,0,2,5,107" ten="430,107,190,273" oya="1" hai0="132,91,89,96,6,3,94,56,34,78,58,42,44" hai1="110,112,80,97,131,25,75,16,106,59,9,124,26" hai2="60,119,0,115,105,123,79,77,8,23,90,48,21" hai3="4,31,63,130,86,74,71,41,11,32,108,38,66"/><U102/><E112/><V65/><F119/><W33/><G108/><T27/><D132/><U57/><E131/><V10/><F123/><W20/><G86/><T109/><D109/><U68/><E68/><V72/><F105/><W50/><G20/><T88/><D78/><U62/><E110/><V128/><F115/><W29/><G50/><N who="0" m="26903" /><D3/><U39/><E39/><V127/><F127/><W82/><G29/><T135/><D34/><U5/><E124/><V64/><F128/><W22/><G22/><T7/><D27/><U73/><E80/><V92/><F0/><N who="3" m="391" /><G31/><T69/><D69/><U76/><E76/><V84/><F48/><W114/><G114/><T85/><D135/><U125/><E125/><V28/><F28/><W113/><G113/><T35/><D35/><U1/><E59/><N who="0" m="22569" /><D89/><U121/><E121/><V104/><F104/><W47/><G130/><T67/><D67/><U87/><E87/><V99/><F84/><W93/><G93/><AGARI ba="1,0" hai="6,7,85,88,91,93,94,96" m="22569,26903" machi="93" ten="30,2000,0" yaku="8,1,54,1" doraHai="107" who="0" fromWho="3" sc="430,23,107,0,190,0,273,-23" /><INIT seed="2,0,0,4,2,5" ten="453,107,190,250" oya="2" hai0="0,92,68,58,43,82,81,32,17,69,11,80,42" hai1="52,128,134,8,113,29,98,46,126,15,125,116,18" hai2="103,102,111,112,19,41,124,20,10,3,16,96,86" hai3="34,109,62,127,53,106,63,6,59,71,99,35,114"/><V133/><F112/><W94/><G109/><T12/><D32/><U48/><E116/><V115/><F115/><W108/><G108/><T67/><D0/><U44/><E113/><V135/><F111/><W60/><G127/><T39/><D39/><U75/><E75/><V95/><F41/><W117/><G106/><T7/><D69/><U89/><E29/><V14/><F124/><N who="1" m="47721" /><E128/><V36/><F36/><W22/><G117/><T64/><D68/><U31/><E31/><V54/><F54/><W130/><G130/><T122/><D122/><U74/><E74/><V55/><F55/><W28/><G6/><T24/><D92/><N who="1" m="56591" /><E134/><N who="2" m="51211" /><F86/><W9/><G71/><T66/><D58/><AGARI ba="0,0" hai="8,15,18,44,46,48,52,58" m="56591,47721" machi="58" ten="30,3900,0" yaku="18,1,52,1,54,1" doraHai="5" who="1" fromWho="0" sc="453,-39,107,39,190,0,250,0" /><INIT seed="3,0,0,2,4,111" ten="414,146,190,250" oya="3" hai0="112,51,124,84,31,88,7,4,128,29,117,70,47" hai1="129,98,106,17,87,53,122,28,73,110,8,2,19" hai2="75,95,89,107,41,43,36,20,0,83,86,65,130" hai3="109,94,91,123,39,114,38,9,3,67,133,82,60"/><W120/><G114/><T18/><D70/><U102/><E110/><V57/><F107/><W96/><G109/><T76/><D117/><U35/><E122/><V56/><F0/><W85/><G133/><T1/><D1/><U134/><E73/><V131/><F36/><W78/><G123/><T125/><D76/><U119/><E129/><N who="2" m="49163" /><F20/><W6/><REACH who="3" step="1"/><G120/><REACH who="3" ten="414,146,190,240" step="2"/><T55/><D112/><U16/><E134/><V44/><F65/><W127/><G127/><T100/><D128/><U80/><E119/><V27/><F27/><W121/><G121/><T108/><D108/><U22/><E35/><V68/><F68/><AGARI ba="0,1" hai="3,6,9,38,39,60,67,68,78,82,85,91,94,96" machi="68" ten="30,2900,0" yaku="1,1,7,1,53,0" doraHai="111" doraHaiUra="45" who="3" fromWho="2" sc="414,0,146,0,190,-29,240,39" /><INIT seed="3,1,0,4,3,62" ten="414,146,161,279" oya="3" hai0="101,1,84,65,82,124,42,83,123,50,118,120,32" hai1="41,54,3,125,104,89,66,73,67,134,88,57,43" hai2="85,81,109,18,127,76,44,26,102,30,60,115,63" hai3="106,27,132,105,70,28,100,103,97,34,10,121,15"/><W119/><G121/><T13/><D1/><U111/><E3/><V38/><F109/><W61/><G119/><T2/><D2/><U25/><E104/><V59/><F127/><W117/><G117/><T47/><D118/><U36/><E73/><V77/><F115/><W135/><G103/><T23/><D32/><U87/><E111/><V131/><F131/><W133/><G105/><T122/><D124/><U35/><E125/><V93/><F76/><W49/><G49/><T7/><D101/><U114/><E114/><V94/><F60/><W92/><G92/><T95/><D95/><N who="1" m="54687" /><E35/><V116/><F116/><W69/><REACH who="3" step="1"/><G61/><REACH who="3" ten="414,146,161,269" step="2"/><T21/><D122/><U74/><E36/><V24/><F102/><W53/><G53/><T91/><D123/><U6/><E54/><V75/><F38/><W130/><G130/><T22/><D120/><U90/><E43/><V14/><F93/><W96/><G96/><T126/><D126/><U31/><E41/><V20/><F94/><W64/><G64/><T79/><D65/><U40/><E40/><V16/><F63/><W107/><G107/><T12/><D50/><U29/><E66/><V72/><F44/><W37/><G37/><T0/><D47/><U113/><E67/><V48/><F48/><W33/><G33/><T128/><D42/><U45/><E45/><V55/><F55/><W80/><G80/><T71/><D128/><U51/><E51/><V78/><F81/><W5/><AGARI ba="1,1" hai="5,10,15,27,28,34,69,70,97,100,106,132,133,135" machi="5" ten="30,11700,0" yaku="1,1,0,1,20,1,53,1" doraHai="62" doraHaiUra="4" who="3" fromWho="3" sc="414,-40,146,-40,161,-40,269,130" /><INIT seed="3,2,0,4,3,34" ten="374,106,121,399" oya="3" hai0="99,78,13,25,70,65,131,73,6,80,38,48,72" hai1="93,116,40,108,44,50,95,11,90,109,97,87,55" hai2="1,0,10,28,91,52,130,117,27,102,75,100,135" hai3="5,74,66,4,118,86,115,63,7,23,49,41,129"/><W26/><G115/><T14/><D38/><U121/><E121/><V17/><F117/><W94/><G118/><T114/><D114/><U45/><E116/><V128/><F75/><W112/><G74/><T71/><D131/><N who="2" m="50218" /><F135/><W57/><G129/><T19/><D72/><U56/><E45/><V39/><F39/><W134/><G134/><T96/><D25/><U88/><REACH who="1" step="1"/><E11/><REACH who="1" ten="374,96,121,399" step="2"/><V120/><F120/><W60/><G112/><T12/><D6/><U46/><E46/><V110/><F110/><W31/><G5/><T24/><D71/><U76/><E76/><V133/><F133/><W106/><G4/><T79/><D79/><U51/><AGARI ba="2,1" hai="40,44,50,51,55,56,87,88,90,93,95,97,108,109" machi="51" ten="30,4000,0" yaku="1,1,0,1,54,1,53,0" doraHai="34" doraHaiUra="22" who="1" fromWho="1" sc="374,-12,96,56,121,-12,399,-22" /><INIT seed="4,0,0,0,2,80" ten="362,152,109,377" oya="0" hai0="81,133,120,94,6,125,14,33,127,35,101,8,93" hai1="76,10,128,118,134,49,124,24,58,116,41,27,36" hai2="74,130,43,100,61,38,23,126,55,15,53,86,13" hai3="88,104,129,22,37,17,57,113,115,52,30,119,11"/><T71/><D71/><U98/><E76/><V32/><F74/><W26/><G119/><T84/><D120/><U5/><E128/><V21/><F32/><W20/><G129/><T1/><D1/><U42/><E134/><V69/><F130/><W89/><G104/><T123/><D123/><U87/><E124/><N who="0" m="47689" /><D133/><U99/><E36/><V2/><F2/><W66/><G66/><T72/><D72/><U19/><E19/><V95/><F126/><W62/><G11/><T25/><D101/><U75/><E75/><V77/><F69/><W54/><G54/><T96/><D96/><U85/><E58/><V108/><F108/><W28/><G37/><T4/><D4/><U70/><E70/><V107/><F38/><W131/><G131/><T79/><D25/><U31/><E49/><V60/><F43/><W40/><G40/><T92/><AGARI ba="0,0" hai="6,8,14,33,35,79,81,84,92,93,94" m="47689" machi="92" ten="30,3000,0" yaku="18,1,52,1" doraHai="80" who="0" fromWho="0" sc="362,30,152,-10,109,-10,377,-10" /><INIT seed="4,1,0,2,5,15" ten="392,142,99,367" oya="0" hai0="8,54,9,56,39,121,126,2,23,46,90,107,92" hai1="48,110,17,68,1,67,132,111,88,113,45,82,33" hai2="114,97,77,128,25,134,22,51,112,71,26,31,122" hai3="70,24,78,29,99,14,19,87,41,69,76,73,118"/><T34/><D34/><U16/><E1/><V65/><F122/><W21/><G73/><T52/><D107/><U10/><E33/><V103/><F77/><W37/><G118/><T58/><D121/><U105/><E105/><V133/><F128/><W98/><G37/><T35/><D35/><U81/><E68/><V125/><F125/><W7/><G7/><T20/><D126/><U119/><E119/><V93/><F51/><W62/><G41/><T63/><D46/><U4/><E67/><V13/><F13/><W96/><G62/><N who="0" m="36103" /><D39/><U135/><E113/><N who="2" m="43627" /><F26/><W47/><G47/><T129/><D2/><N who="1" m="279" /><E82/><V18/><F31/><W49/><G49/><T53/><D53/><N who="1" m="29839" /><E111/><V95/><F95/><W79/><REACH who="3" step="1"/><G87/><REACH who="3" ten="392,142,99,357" step="2"/><N who="0" m="52319" /><D129/><U127/><E110/><V86/><F86/><W36/><G36/><T101/><D101/><U109/><E109/><V104/><F104/><W130/><G130/><T5/><D5/><U38/><E38/><V91/><F103/><W50/><G50/><T40/><D40/><U30/><E127/><V94/><F71/><W85/><G85/><T43/><D43/><U0/><E0/><V3/><F3/><W42/><G42/><T64/><D54/><U124/><E124/><V12/><F97/><W102/><G102/><T108/><D108/><U57/><E57/><V28/><F65/><W120/><G120/><T83/><D83/><U89/><E81/><V55/><F55/><W6/><G6/><T61/><D61/><U27/><E135/><V59/><F134/><W131/><G131/><T116/><D116/><U75/><E132/><V106/><F133/><RYUUKYOKU ba="1,1" sc="392,15,142,-15,99,-15,357,15" hai0="8,9,20,23,58,63,64" hai3="14,19,21,24,29,69,70,76,78,79,96,98,99" /><INIT seed="4,2,1,4,1,122" ten="407,127,84,372" oya="0" hai0="111,71,87,9,128,16,102,56,13,66,58,27,101" hai1="110,95,23,70,19,103,49,100,1,0,82,84,6" hai2="25,126,112,65,81,40,31,18,5,39,78,47,127" hai3="28,77,130,17,22,107,89,74,104,57,120,90,98"/><T34/><D128/><U3/><E70/><V43/><F43/><W129/><G28/><T83/><D111/><U63/><E6/><V72/><F18/><W62/><G120/><T114/><D114/><U86/><E63/><V21/><F65/><W109/><G109/><T54/><D71/><U75/><E110/><V133/><F112/><W85/><G89/><T131/><D131/><U80/><E75/><V41/><F41/><W91/><G91/><T36/><D36/><U68/><E68/><V24/><F24/><W134/><G134/><T94/><D94/><U2/><E49/><V29/><F29/><W8/><G8/><T108/><D108/><U12/><N who="1" m="0" /><DORA hai="115" /><U105/><E95/><V51/><F5/><W50/><G50/><N who="0" m="30807" /><D27/><U10/><E105/><V124/><REACH who="2" step="1"/><F133/><REACH who="2" ten="407,127,74,372" step="2"/><W4/><G129/><T135/><D135/><U32/><E32/><V20/><F20/><W93/><G22/><T53/><D34/><U59/><E23/><V88/><F88/><W73/><G90/><N who="0" m="51583" /><D66/><U48/><E82/><V117/><F117/><W14/><G130/><T60/><AGARI ba="2,2" hai="9,13,16,53,58,60,101,102" m="51583,30807" machi="60" ten="30,3000,0" yaku="8,1,54,1" doraHai="122,115" who="0" fromWho="0" sc="407,56,127,-12,74,-12,372,-12" /><INIT seed="4,3,0,2,5,52" ten="463,115,62,360" oya="0" hai0="91,21,20,85,23,11,24,113,50,54,18,63,133" hai1="61,104,58,37,122,68,135,5,88,87,127,78,95" hai2="109,53,82,81,35,107,71,77,34,76,99,33,7" hai3="36,28,134,79,40,43,44,102,17,1,98,128,93"/><T19/><D133/><U123/><E37/><V25/><F109/><W115/><G134/><T125/><D125/><U65/><E135/><V39/><F39/><W121/><G121/><T22/><D113/><U2/><E127/><V47/><F71/><W89/><G115/><T101/><D101/><U75/><E104/><V111/><F111/><W131/><G1/><T120/><D63/><U32/><E32/><V29/><F7/><W48/><G79/><T30/><D11/><U70/><E70/><V6/><F6/><W49/><G28/><T73/><D73/><U60/><E78/><V0/><F0/><W92/><G17/><T116/><D116/><U26/><E26/><V83/><F99/><W41/><G36/><T108/><D108/><U80/><E75/><V129/><F107/><W62/><G62/><T106/><D106/><U130/><E80/><V86/><F129/><N who="3" m="49739" /><G44/><T67/><D67/><U132/><E132/><V97/><F82/><W8/><G8/><T119/><D119/><U3/><E130/><V74/><F97/><AGARI ba="3,0" hai="40,41,43,48,49,89,92,93,97,98,102" m="49739" machi="97" ten="30,1000,0" yaku="19,1" doraHai="52" who="3" fromWho="2" sc="463,0,115,0,62,-19,360,19" /><INIT seed="5,0,0,5,0,89" ten="463,115,43,379" oya="1" hai0="59,4,131,133,74,94,36,84,43,16,22,26,62" hai1="69,125,5,19,24,38,80,134,98,1,124,40,87" hai2="104,47,39,95,49,45,81,34,50,88,90,93,23" hai3="82,11,102,17,35,83,51,129,2,78,130,126,114"/><U55/><E69/><V13/><F34/><W123/><G123/><T135/><D74/><U75/><E134/><N who="0" m="51209" /><D131/><U52/><E75/><V44/><F104/><W66/><G35/><T33/><D4/><U29/><E19/><N who="2" m="10735" /><F81/><W58/><G102/><T118/><D118/><U9/><E98/><N who="2" m="57639" /><F39/><W121/><G121/><T68/><D33/><N who="1" m="20647" /><E38/><V132/><F132/><W3/><G2/><T92/><D68/><U15/><E1/><V113/><F113/><W108/><G114/><T111/><D84/><AGARI ba="0,0" hai="44,45,47,49,50,84,90,95" m="57639,10735" machi="84" ten="30,7700,0" yaku="8,1,52,2,54,1" doraHai="89" who="2" fromWho="0" sc="463,-77,115,0,43,77,379,0" /><INIT seed="6,0,0,4,0,5" ten="386,115,120,379" oya="2" hai0="13,122,97,86,48,113,59,38,27,133,89,37,49" hai1="61,101,128,28,62,2,6,104,7,34,44,102,103" hai2="131,30,16,63,135,80,108,114,20,56,132,40,41" hai3="94,29,4,93,99,35,107,18,110,67,88,68,14"/><V119/><F119/><W11/><G110/><T25/><D122/><U57/><E128/><V12/><F108/><W33/><G29/><T1/><D1/><U26/><E104/><V72/><F131/><W76/><G76/><T47/><D133/><N who="2" m="51274" /><F114/><W71/><G107/><T126/><D113/><U95/><E62/><V65/><F30/><W130/><G130/><T78/><D126/><U54/><E95/><V98/><F98/><W21/><G67/><T115/><D97/><U69/><E69/><V109/><F109/><W24/><REACH who="3" step="1"/><G94/><REACH who="3" ten="386,115,120,369" step="2"/><N who="0" m="54583" /><D78/><AGARI ba="0,1" hai="12,16,20,40,41,56,63,65,72,78,80" m="51274" machi="78" ten="30,2900,0" yaku="20,1,54,1" doraHai="5" who="2" fromWho="0" sc="386,-29,115,0,120,39,369,0" /><INIT seed="6,1,0,4,3,40" ten="357,115,159,369" oya="2" hai0="35,72,73,110,134,49,12,14,106,98,27,91,108" hai1="70,114,120,130,44,1,2,30,112,128,86,78,85" hai2="97,124,32,111,84,26,69,105,71,65,121,101,51" hai3="118,31,93,53,68,127,76,55,41,38,96,39,89"/><V8/><F121/><W13/><G118/><T15/><D134/><U34/><E70/><V132/><F111/><W24/><G68/><T42/><D73/><U131/><E120/><V56/><F132/><W81/><G13/><T20/><D72/><U18/><E18/><V57/><F124/><W64/><G64/><T133/><D35/><U6/><E6/><V50/><F8/><W33/><G127/><T67/><D133/><U58/><E58/><N who="2" m="22635" /><F84/><N who="1" m="32361" /><E78/><V90/><F90/><W115/><G115/><N who="1" m="44074" /><E44/><V129/><F71/><W63/><G63/><T119/><D119/><U103/><E103/><V100/><F100/><W62/><G62/><T36/><D110/><U25/><AGARI ba="1,0" hai="1,2,25,30,34,128,130,131" m="44074,32361" machi="25" ten="40,2700,0" yaku="19,1,15,1" doraHai="40" who="1" fromWho="1" sc="357,-8,115,30,159,-14,369,-8" /><INIT seed="7,0,0,0,3,85" ten="349,145,145,361" oya="3" hai0="58,105,117,21,1,135,3,5,46,43,82,11,7" hai1="17,86,72,103,63,16,59,22,34,80,13,66,30" hai2="48,4,88,26,36,94,2,121,133,52,25,125,109" hai3="115,110,19,132,102,81,55,112,45,89,64,124,61"/><W120/><G120/><T62/><D105/><U40/><E72/><V113/><F109/><W54/><G110/><T116/><D135/><U84/><E34/><V31/><F36/><W126/><G132/><T51/><D21/><N who="1" m="11407" /><E30/><V83/><F133/><W24/><G102/><T47/><D82/><U12/><E40/><V8/><F121/><W92/><G81/><T95/><D95/><U39/><E39/><V118/><F118/><W71/><G19/><T28/><D28/><U106/><E106/><V74/><F125/><N who="3" m="48235" /><G24/><T10/><D47/><U128/><E128/><V87/><F113/><N who="3" m="43595" /><G45/><T90/><D90/><N who="1" m="51463" /><E86/><AGARI ba="0,0" hai="54,55,61,64,71,86,89,92" m="43595,48235" machi="86" ten="30,5800,0" yaku="18,1,15,1,52,1" doraHai="85" who="3" fromWho="1" sc="349,0,145,-58,145,0,361,58" owari="349,15.0,87,-41.0,145,-25.0,419,51.0" /></mjloggm>