<mjloggm ver="2.3"><GO type="97" lobby="0"/><UN n0="%E3%81%AD%E3%81%93%E3%81%BE%E3%81%9F%E3%81%8E" n1="%67%6C%69%65%73%65%35%35" n2="%E4%B8%87%E7%82%B9%E5%9D%8A" n3="%E5%B0%B1%E6%B4%BB%E7%94%9F%40%E5%B7%9D%E6%9D%91%E8%BB%8D%E5%9B%A3" dan="13,13,13,15" rate="1908.97,1865.25,1863.52,2005.18" sx="M,M,M,M"/><TAIKYOKU oya="0"/><INIT seed="0,0,0,5,3,94" ten="250,250,250,250" oya="0" hai0="132,85,43,120,131,86,32,35,75,109,46,68,134" hai1="119,117,71,104,30,80,36,111,97,123,95,77,56" hai2="67,24,76,101,84,98,2,102,93,13,121,57,33" hai3="52,100,37,112,79,6,74,28,66,82,31,105,42"/><T130/><D120/><U18/><E71/><V14/><F2/><W65/><G112/><T50/><D68/><U58/><E123/><V89/><F121/><W107/><G6/><T135/><D75/><U53/><E36/><V78/><F33/><N who="0" m="12874" /><D109/><U15/><E104/><V23/><F102/><W1/><G1/><T69/><D69/><U59/><E53/><V90/><F90/><W61/><G37/><T92/><D92/><U87/><E111/><V99/><F78/><W47/><G42/><T115/><D115/><U128/><E128/><AGARI ba="0,0" hai="43,46,50,85,86,128,130,131,132,134,135" m="12874" machi="128" ten="40,3900,0" yaku="19,1,20,1" doraHai="94" who="0" fromWho="1" sc="250,39,250,-39,250,0,250,0" /><INIT seed="0,1,0,1,5,96" ten="289,211,250,250" oya="0" hai0="122,48,12,45,70,29,86,110,65,24,9,56,81" hai1="1,46,61,78,77,135,93,127,125,16,87,107,53" hai2="113,128,132,134,104,59,97,23,27,124,50,75,7" hai3="133,84,117,105,49,64,30,34,68,3,52,92,111"/><T99/><D122/><U108/><E108/><V33/><F113/><W100/><G3/><T76/><D110/><U19/><E107/><V20/><F75/><W63/><G111/><T26/><D70/><U10/><E78/><V103/><F7/><W83/><G117/><T71/><D71/><U58/><E135/><N who="2" m="51755" /><F128/><W0/><G0/><T118/><D118/><U114/><E114/><V106/><F124/><W57/><G133/><T98/><D56/><U74/><E74/><V17/><F106/><W40/><G40/><T79/><D65/><U44/><E77/><V6/><F6/><W4/><G4/><N who="0" m="3111" /><D76/><U120/><E120/><V8/><F8/><W41/><G41/><N who="0" m="24623" /><D26/><U54/><E1/><V66/><F17/><W2/><G2/><T116/><D116/><U36/><E19/><V22/><F66/><W11/><G11/><T115/><D115/><U129/><E36/><V82/><F59/><W38/><G38/><T39/><D39/><U101/><E129/><V102/><F50/><W112/><G112/><T89/><D89/><U51/><E46/><V55/><F55/><W42/><G42/><T130/><D130/><U18/><E87/><V25/><F33/><AGARI ba="1,0" hai="24,29,33,79,81,86,98,99" m="24623,3111" machi="33" ten="30,1500,0" yaku="25,1" doraHai="96" who="0" fromWho="2" sc="289,18,211,0,250,-18,250,0" /><INIT seed="0,2,0,2,3,57" ten="307,211,232,250" oya="0" hai0="92,106,81,102,19,129,9,20,40,120,4,66,3" hai1="134,112,95,73,89,10,105,43,22,77,125,82,69" hai2="30,48,18,63,104,85,113,56,47,131,94,13,124" hai3="53,88,108,17,34,117,128,116,61,51,75,39,72"/><T62/><D120/><U31/><E22/><V96/><F113/><W58/><G39/><T110/><D129/><U84/><E31/><V15/><F131/><W132/><G34/><T23/><D106/><U42/><E10/><V36/><F36/><W80/><G128/><T99/><D110/><U27/><E27/><V126/><F104/><W79/><G108/><T7/><D7/><U127/><E69/><V101/><F30/><W1/><G132/><T109/><D109/><U37/><E112/><V93/><F93/><W86/><G1/><T29/><D29/><U2/><E134/><V25/><F85/><W114/><G114/><T46/><D81/><U130/><E130/><V97/><F97/><W91/><G17/><T71/><D19/><U5/><E105/><V76/><F76/><W59/><G75/><T33/><D33/><U107/><E107/><V35/><F35/><W8/><G8/><T65/><D65/><U60/><E2/><V41/><F126/><W6/><G6/><T133/><D133/><U16/><E5/><V90/><F101/><W123/><G123/><T68/><D71/><U28/><E16/><V14/><F124/><W26/><G26/><T54/><D54/><U49/><E28/><V45/><F45/><W0/><G0/><T103/><D102/><U24/><E24/><V121/><F121/><W74/><G74/><T100/><D103/><U38/><E127/><V78/><F25/><W12/><G12/><T21/><D23/><U11/><E125/><V67/><F78/><W115/><G115/><T98/><D99/><U70/><E77/><RYUUKYOKU ba="2,0" sc="307,15,211,-15,232,15,250,-15" hai0="3,4,9,20,21,40,46,62,66,68,92,98,100" hai2="13,14,15,18,41,47,48,56,63,67,90,94,96" /><INIT seed="0,3,0,5,2,42" ten="322,196,247,235" oya="0" hai0="16,122,107,102,4,3,121,5,95,55,28,24,124" hai1="112,123,39,49,36,48,30,11,134,15,80,84,87" hai2="17,27,45,130,117,108,60,73,43,97,52,35,22" hai3="12,40,131,53,2,62,96,32,68,71,18,6,77"/><T57/><D124/><U44/><E123/><V76/><F35/><W9/><G131/><T8/><D107/><U0/><E0/><V81/><F130/><W70/><G32/><T127/><D127/><U91/><E112/><V133/><F108/><W111/><G111/><T72/><D72/><U103/><E30/><V37/><F133/><W120/><G120/><T88/><D102/><U31/><E134/><V10/><F117/><W34/><G34/><T19/><D5/><U1/><E31/><V51/><F60/><W67/><G40/><T125/><D125/><U132/><E132/><V21/><F97/><W90/><G77/><T114/><D114/><U7/><E103/><V113/><F113/><W115/><G115/><T69/><D69/><U129/><E129/><V50/><F10/><W38/><G38/><T79/><D79/><U59/><E84/><V104/><F104/><W100/><G90/><T46/><D46/><U14/><E39/><V106/><F106/><W74/><G74/><T94/><D94/><U85/><E36/><V25/><REACH who="2" step="1"/><F52/><REACH who="2" ten="322,196,237,235" step="2"/><W78/><G53/><T110/><D110/><U89/><E48/><V105/><F105/><W66/><G66/><T126/><D126/><U119/><E119/><V128/><F128/><W56/><G2/><T47/><D122/><U20/><E59/><V92/><F92/><N who="3" m="58375" /><G6/><T58/><D121/><U33/><E33/><V65/><F65/><W118/><G118/><T23/><D58/><U93/><REACH who="1" step="1"/><E20/><REACH who="1" ten="322,186,237,235" step="2"/><V61/><F61/><W109/><G109/><T26/><D57/><U64/><E64/><V41/><F41/><AGARI ba="3,2" hai="1,7,11,14,15,41,44,49,80,85,87,89,91,93" machi="41" ten="30,7700,0" yaku="1,1,6,1,7,1,52,1,53,0" doraHai="42" doraHaiUra="135" who="1" fromWho="2" sc="322,0,186,106,237,-86,235,0" /><INIT seed="1,0,0,4,1,48" ten="322,292,151,235" oya="1" hai0="41,130,98,32,74,112,102,23,88,67,82,76,18" hai1="14,75,85,34,4,117,113,2,121,19,122,87,35" hai2="9,116,90,109,37,17,72,26,93,129,81,106,28" hai3="96,89,11,21,31,95,110,49,58,99,115,78,3"/><U38/><E117/><V6/><F106/><W30/><G115/><T92/><D112/><U63/><E113/><V24/><F37/><W59/><G110/><T36/><D130/><U40/><E75/><V10/><F109/><W71/><G71/><T68/><D32/><U7/><E38/><V133/><F72/><W126/><G78/><T86/><D36/><U52/><E40/><V73/><F73/><W104/><G126/><T70/><D67/><U54/><E19/><V45/><F81/><W135/><G135/><T83/><D41/><U53/><E14/><AGARI ba="0,0" hai="14,18,23,68,70,74,76,82,83,86,88,92,98,102" machi="14" ten="30,2000,0" yaku="7,1,54,1" doraHai="48" who="0" fromWho="1" sc="322,20,292,-20,151,0,235,0" /><INIT seed="2,0,0,3,4,34" ten="342,272,151,235" oya="2" hai0="41,80,70,33,51,91,11,134,121,30,17,122,115" hai1="87,106,129,72,45,85,102,112,54,99,67,43,2" hai2="126,49,110,135,93,66,27,52,6,74,71,1,127" hai3="57,48,123,105,94,50,100,77,4,75,119,113,18"/><V7/><F74/><W82/><G105/><T111/><D115/><U14/><E112/><V12/><F27/><W58/><G113/><T108/><D70/><U60/><E72/><V116/><F116/><W68/><G68/><T124/><D41/><U92/><E129/><V32/><F32/><W20/><G4/><T40/><D40/><U88/><E54/><V56/><F135/><W8/><G8/><T73/><D51/><U61/><E14/><V132/><F132/><W63/><G119/><T101/><D134/><U29/><E85/><V76/><F76/><W78/><G78/><T59/><D59/><U19/><E19/><V36/><F36/><W53/><G58/><T23/><D101/><U24/><E67/><V38/><F38/><W44/><G44/><T79/><D33/><U47/><E2/><V31/><F31/><W125/><G125/><N who="2" m="47625" /><F110/><N who="0" m="42026" /><D124/><U62/><REACH who="1" step="1"/><E43/><REACH who="1" ten="342,262,151,235" step="2"/><V89/><F12/><W103/><G75/><T90/><D30/><U81/><E81/><V64/><F1/><W21/><G82/><T130/><D130/><U10/><E10/><V16/><F16/><W5/><G18/><T22/><D11/><U46/><E46/><V104/><F104/><W42/><G42/><T128/><D128/><U83/><E83/><V98/><F71/><W95/><G77/><T15/><D23/><AGARI ba="0,1" hai="23,24,29,45,47,60,61,62,87,88,92,99,102,106" machi="23" ten="40,2600,0" yaku="1,1,54,1,53,0" doraHai="34" doraHaiUra="109" who="1" fromWho="0" sc="342,-26,262,36,151,0,235,0" /><INIT seed="3,0,0,1,0,56" ten="316,298,151,235" oya="3" hai0="78,72,50,49,51,46,24,18,108,128,103,85,65" hai1="94,68,135,45,57,90,101,34,84,110,86,47,9" hai2="122,118,82,124,95,20,112,2,64,63,48,93,133" hai3="113,80,4,117,3,125,107,67,14,129,42,40,12"/><W92/><G107/><T60/><D72/><U89/><E68/><V106/><F106/><W58/><G117/><T79/><D128/><U88/><E34/><V39/><F39/><W1/><G113/><T123/><D108/><U75/><E75/><V73/><F2/><W19/><G125/><T43/><D123/><U13/><E110/><V76/><F112/><W52/><G129/><T121/><D103/><U26/><E26/><V61/><F118/><W120/><G120/><T44/><D121/><U6/><E135/><V99/><F122/><W35/><G35/><T5/><D5/><U132/><E132/><V41/><F133/><W98/><G67/><T134/><D134/><U96/><E57/><V33/><F33/><W32/><G32/><T115/><D115/><U22/><E22/><V36/><F36/><W53/><G80/><T7/><D7/><U21/><E21/><V109/><F109/><W87/><G87/><AGARI ba="0,0" hai="6,9,13,45,47,84,86,87,88,89,90,94,96,101" machi="87" ten="40,2600,0" yaku="8,1,54,1" doraHai="56" who="1" fromWho="3" sc="316,0,298,26,151,0,235,-26" owari="316,12.0,324,42.0,151,-35.0,209,-19.0" /></mjloggm>