<mjloggm ver="2.3"><GO type="97" lobby="0"/><UN n0="%6B%69%6E%6E%74%79%6F%75" n1="%E5%B0%B1%E6%B4%BB%E7%94%9F%40%E5%B7%9D%E6%9D%91%E8%BB%8D%E5%9B%A3" n2="%E3%81%84%E3%81%8A%E3%82%8A%E3%83%BC" n3="%73%68%6F%6B%6F%6C%61%32" dan="14,14,13,15" rate="1938.17,1966.65,1870.00,1965.83" sx="M,M,M,M"/><TAIKYOKU oya="0"/><INIT seed="0,0,0,0,5,102" ten="250,250,250,250" oya="0" hai0="112,52,56,88,109,3,16,114,1,74,9,27,95" hai1="111,73,79,35,13,72,90,126,20,69,57,37,125" hai2="0,22,30,68,54,80,5,103,24,134,53,121,33" hai3="87,17,93,34,43,14,32,106,71,123,89,117,70"/><T118/><D118/><U107/><E69/><V99/><F121/><W59/><G123/><T58/><D74/><U76/><E35/><V11/><F80/><W8/><G117/><T6/><D109/><U7/><E37/><V44/><F134/><W45/><G59/><T86/><D58/><U96/><E111/><V91/><F91/><W12/><G106/><T25/><D1/><U92/><E57/><V46/><F68/><W15/><G34/><T48/><REACH who="0" step="1"/><D16/><REACH who="0" ten="240,250,250,250" step="2"/><N who="1" m="10255" /><E7/><V116/><F116/><W132/><G71/><T41/><D41/><U61/><E72/><V127/><F127/><N who="1" m="48649" /><E73/><V66/><F66/><W18/><G70/><T10/><D10/><U2/><E2/><V105/><REACH who="2" step="1"/><F22/><REACH who="2" ten="240,250,240,250" step="2"/><W77/><G132/><T28/><D28/><U67/><E67/><V108/><F108/><W23/><G32/><T50/><D50/><U110/><E110/><V75/><F75/><W31/><G23/><T82/><D82/><U104/><E61/><V62/><F62/><W55/><G8/><T130/><D130/><U81/><E81/><V29/><F29/><W128/><G31/><T60/><D60/><U26/><E26/><AGARI ba="0,2" hai="3,6,9,25,26,27,48,52,56,86,88,95,112,114" machi="26" ten="40,7700,0" yaku="1,1,54,2,53,0" doraHai="102" doraHaiUra="129" who="0" fromWho="1" sc="240,97,250,-77,240,0,250,0" /><INIT seed="0,1,0,2,2,48" ten="337,173,240,250" oya="0" hai0="126,99,23,47,120,119,98,13,79,63,132,52,57" hai1="128,19,97,4,82,112,100,2,56,72,9,27,29" hai2="51,101,94,125,60,86,96,114,75,36,85,87,124" hai3="39,43,67,88,121,46,135,64,55,18,104,74,92"/><T22/><D119/><U54/><E112/><V131/><F36/><W107/><G74/><T93/><D120/><U66/><E128/><V69/><F114/><W24/><G135/><T58/><D132/><U91/><E66/><V115/><F115/><W16/><G121/><T42/><D126/><N who="2" m="48746" /><F69/><W78/><G78/><T40/><D79/><U53/><E19/><V134/><F60/><W15/><G24/><T61/><D13/><U49/><E72/><V45/><F75/><W84/><G55/><N who="0" m="33983" /><D47/><U21/><E82/><V44/><F131/><W89/><G89/><N who="0" m="55599" /><D99/><U109/><E109/><V41/><F45/><W33/><G33/><T38/><D38/><U1/><E91/><N who="2" m="53615" /><F134/><W50/><G50/><T83/><D83/><U31/><E54/><V90/><F90/><W34/><G34/><T5/><D5/><U35/><E35/><V95/><AGARI ba="1,0" hai="41,44,51,86,87,95,96,101" m="53615,48746" machi="95" ten="30,1100,0" yaku="18,1" doraHai="48" who="2" fromWho="2" sc="337,-6,173,-4,240,14,250,-4" /><INIT seed="1,0,0,5,1,41" ten="331,169,254,246" oya="1" hai0="89,129,115,10,56,11,76,134,15,28,26,118,109" hai1="30,21,8,58,16,106,57,130,99,73,12,70,27" hai2="133,63,7,117,67,74,128,52,39,34,91,9,125" hai3="5,105,83,49,14,87,25,104,123,98,102,6,44"/><U119/><E70/><V31/><F117/><W112/><G112/><T36/><D115/><U42/><E119/><V113/><F39/><W80/><G123/><T24/><D36/><U103/><E73/><V88/><F113/><W86/><G105/><T20/><D118/><U50/><REACH who="1" step="1"/><E130/><REACH who="1" ten="331,159,254,246" step="2"/><V18/><F74/><W97/><G25/><N who="0" m="16423" /><D129/><U95/><E95/><V126/><F128/><W78/><G14/><T72/><D72/><U68/><E68/><V127/><F133/><W108/><G108/><T33/><D109/><U38/><E38/><V1/><F34/><W121/><G121/><T124/><D33/><U40/><E40/><V54/><F31/><W60/><G60/><T94/><D134/><U2/><E2/><V116/><F116/><W48/><G98/><T61/><D26/><U120/><E120/><V51/><F18/><W107/><G107/><T29/><D24/><U35/><E35/><V17/><F17/><W0/><G0/><T81/><D29/><U82/><E82/><V19/><F19/><W111/><G111/><T45/><D15/><U13/><E13/><V22/><F22/><W114/><G114/><T53/><D81/><U84/><E84/><V92/><F92/><W3/><G3/><T96/><D96/><U4/><E4/><V79/><F1/><W66/><G83/><T93/><D93/><U132/><E132/><V47/><F7/><W64/><G5/><T37/><D37/><U32/><E32/><V43/><F9/><W23/><G6/><T110/><D11/><U85/><E85/><N who="3" m="32266" /><G80/><T101/><D10/><U71/><E71/><RYUUKYOKU ba="0,1" sc="331,-10,159,30,254,-10,246,-10" hai1="8,12,16,21,27,30,42,50,57,58,99,103,106" /><INIT seed="1,1,1,4,1,105" ten="321,189,244,236" oya="1" hai0="0,121,20,126,18,2,125,77,73,131,55,61,134" hai1="88,106,35,44,111,56,110,15,79,38,30,115,9" hai2="113,70,82,11,13,103,6,36,27,62,120,4,69" hai3="87,76,57,91,80,119,39,53,133,26,41,66,116"/><U107/><E115/><V104/><F113/><W90/><G133/><T92/><D134/><U25/><E79/><V37/><F120/><W50/><G66/><T72/><D121/><U108/><E56/><V135/><F6/><W17/><G41/><T14/><D77/><U68/><E68/><V54/><F135/><W123/><G39/><T19/><D92/><U43/><REACH who="1" step="1"/><E88/><REACH who="1" ten="321,179,244,236" step="2"/><V101/><F82/><W1/><G123/><T51/><D61/><U10/><E10/><V117/><F70/><W45/><G119/><T97/><D97/><U24/><E24/><V96/><F117/><W112/><G116/><T16/><D131/><U29/><E29/><V49/><F103/><W78/><G112/><T67/><D67/><U81/><E81/><V21/><F69/><W7/><G78/><T83/><D83/><U86/><E86/><V40/><F62/><W59/><G91/><T100/><D100/><U42/><E42/><V47/><F40/><W98/><G59/><N who="0" m="33279" /><D20/><U109/><N who="1" m="28160" /><DORA hai="63" /><U84/><E84/><V128/><REACH who="2" step="1"/><F128/><REACH who="2" ten="321,179,234,236" step="2"/><W94/><G80/><T99/><D99/><U127/><E127/><N who="0" m="48649" /><D14/><U22/><E22/><V71/><F71/><W64/><G98/><T34/><D34/><U12/><E12/><V32/><F32/><W95/><G26/><T124/><D124/><U85/><E85/><V3/><F3/><AGARI ba="1,3" hai="0,2,3,16,18,19,72,73" m="48649,33279" machi="3" ten="40,8000,1" yaku="18,1,52,2,54,1" doraHai="105,63" who="0" fromWho="2" sc="321,113,179,0,234,-83,236,0" /><INIT seed="2,0,0,0,5,131" ten="434,179,151,236" oya="2" hai0="123,44,100,1,71,135,130,104,116,6,41,42,16" hai1="10,86,79,96,7,40,77,32,31,88,4,5,73" hai2="134,74,128,99,98,109,122,25,91,37,118,14,26" hai3="80,33,48,22,58,111,43,60,133,23,68,117,56"/><V90/><F74/><W21/><G33/><T51/><D71/><U94/><E73/><V87/><F37/><W125/><G117/><T0/><D123/><U81/><E40/><V114/><F14/><W24/><G111/><T19/><D130/><U53/><E32/><V83/><F25/><W63/><G68/><T119/><D6/><U84/><E31/><V20/><F122/><W38/><G38/><T103/><D104/><U18/><E53/><V11/><F11/><W46/><G125/><T54/><D54/><U67/><E67/><V85/><F118/><N who="0" m="45098" /><D135/><U36/><E36/><V52/><F134/><W105/><G105/><T97/><D42/><U65/><E65/><V61/><F128/><W82/><G133/><T66/><D66/><U127/><E127/><V124/><F114/><W93/><G24/><T95/><D103/><U12/><REACH who="1" step="1"/><E86/><REACH who="1" ten="434,169,151,236" step="2"/><V107/><F124/><W27/><G27/><T129/><D129/><U55/><E55/><V45/><F109/><W132/><G132/><T126/><D126/><U50/><E50/><N who="2" m="28751" /><F61/><W110/><G110/><T28/><D28/><U92/><E92/><N who="2" m="54351" /><F107/><W49/><G93/><T115/><D115/><U13/><E13/><V101/><F101/><AGARI ba="0,1" hai="4,5,7,10,12,18,77,79,81,84,88,94,96,101" machi="101" ten="40,5200,0" yaku="1,1,8,1,54,1,53,0" doraHai="131" doraHaiUra="62" who="1" fromWho="2" sc="434,0,169,62,151,-52,236,0" /><INIT seed="3,0,0,5,0,23" ten="434,231,99,236" oya="3" hai0="95,109,59,49,110,21,37,116,26,30,129,115,34" hai1="83,54,96,132,97,58,5,119,62,94,48,133,55" hai2="68,45,64,79,130,87,125,11,84,44,3,41,67" hai3="93,114,24,70,111,53,81,32,127,85,74,25,128"/><W4/><G114/><T8/><D116/><U86/><E119/><V76/><F130/><W105/><G105/><T15/><D37/><U122/><E5/><V126/><F11/><W31/><G70/><T99/><D129/><U50/><E122/><V52/><F3/><W33/><G128/><T56/><D34/><U0/><E0/><V19/><F68/><W57/><G127/><T17/><D115/><U120/><E120/><V12/><F12/><W10/><G111/><N who="0" m="42507" /><D49/><N who="1" m="19051" /><E94/><V131/><F131/><W71/><G71/><T75/><D75/><U51/><E132/><V38/><F38/><W7/><G74/><T40/><D40/><U65/><E133/><V89/><F89/><AGARI ba="0,0" hai="8,15,17,21,26,30,56,59,89,95,99" m="42507" machi="89" ten="30,2000,0" yaku="14,1,52,1" doraHai="23" who="0" fromWho="2" sc="434,20,231,0,99,-20,236,0" owari="454,55.0,231,-17.0,79,-42.0,236,4.0" /></mjloggm>