<mjloggm ver="2.3"><GO type="225" lobby="0"/><UN n0="%E3%83%88%E3%83%88%E3%83%AA%E5%85%88%E7%94%9F%31%39%E6%AD%B3" n1="%E6%9D%89%E6%B5%A6%E7%B6%BE%E4%B9%83%76" n2="%E3%81%AA%E3%81%A3%E3%81%8D%E3%82%8A" n3="%E6%A9%8B%E6%9C%AC%E5%8D%83%E5%85%89%E5%B9%B4" dan="17,16,16,16" rate="2128.41,2151.37,2058.02,2121.09" sx="F,M,M,M"/><TAIKYOKU oya="0"/><INIT seed="0,0,0,1,4,38" ten="250,250,250,250" oya="0" hai0="66,5,129,94,74,65,24,64,98,135,96,67,6" hai1="37,125,15,1,12,99,95,25,60,130,19,128,114" hai2="86,112,0,122,8,71,70,104,9,54,20,28,33" hai3="91,124,27,83,40,57,58,111,39,46,47,85,61"/><T62/><D74/><U11/><E1/><V133/><F54/><W55/><G111/><T53/><D129/><N who="1" m="49771" /><E125/><V17/><F86/><W35/><G124/><T30/><D135/><U100/><E114/><V59/><F59/><W115/><G115/><T92/><D53/><U93/><E37/><V34/><F104/><W88/><G58/><T63/><D63/><U3/><E3/><V131/><F131/><W120/><G120/><T43/><D43/><U132/><E132/><V126/><F133/><W50/><G27/><T56/><D94/><N who="1" m="58487" /><E60/><V45/><F0/><W87/><G35/><T127/><D127/><U21/><E15/><V69/><F70/><W42/><G87/><T118/><D118/><U117/><E117/><V51/><F71/><W41/><G42/><T107/><D107/><U89/><E89/><AGARI ba="0,0" hai="39,40,41,46,47,50,55,57,61,83,85,88,89,91" machi="89" ten="30,7700,0" yaku="7,1,52,2,54,1" doraHai="38" who="3" fromWho="1" sc="250,0,250,-77,250,0,250,77" /><INIT seed="1,0,0,5,2,56" ten="250,173,250,327" oya="1" hai0="77,123,78,22,110,120,125,104,59,124,13,99,75" hai1="83,61,45,15,90,35,72,5,24,48,135,58,25" hai2="43,57,81,134,30,127,71,67,88,19,111,93,47" hai3="4,121,0,54,52,40,20,132,64,51,102,108,115"/><U113/><E113/><V91/><F111/><W129/><G102/><N who="0" m="62559" /><D110/><U42/><E135/><V53/><F127/><N who="0" m="48714" /><D59/><U107/><E107/><V80/><F30/><W66/><G4/><T82/><D22/><U94/><E35/><V3/><F3/><W14/><G0/><T85/><D13/><U44/><E44/><V117/><F117/><W101/><G20/><T55/><D55/><N who="1" m="34015" /><E83/><AGARI ba="0,0" hai="75,77,78,82,83,85,120,123" m="48714,62559" machi="83" ten="30,3900,0" yaku="18,1,34,2" doraHai="56" who="0" fromWho="1" sc="250,39,173,-39,250,0,327,0" /><INIT seed="2,0,0,3,5,58" ten="289,134,250,327" oya="2" hai0="14,126,34,66,10,85,62,117,65,57,19,91,102" hai1="90,93,47,110,130,38,37,100,28,41,49,21,123" hai2="88,35,20,113,71,74,116,122,120,99,61,67,40" hai3="27,94,1,56,133,36,124,84,60,17,39,26,0"/><V68/><F116/><W55/><G133/><T103/><D117/><U6/><E110/><V106/><F113/><W9/><G124/><T121/><D121/><U32/><E32/><V115/><F115/><W134/><G134/><T53/><D34/><U46/><E130/><V25/><F74/><W22/><G1/><T13/><D126/><U119/><E119/><V73/><F73/><W15/><G0/><T131/><D131/><U81/><E123/><V23/><F40/><W43/><G43/><T127/><D127/><U104/><E104/><V72/><F72/><W97/><G84/><T98/><D13/><U132/><E132/><V112/><F112/><W63/><G27/><T87/><D87/><U128/><E128/><V3/><F3/><W12/><G12/><T50/><D98/><U45/><E38/><V77/><F77/><W59/><G59/><N who="0" m="37087" /><D66/><U86/><E37/><V82/><F71/><W135/><G63/><T129/><D129/><U83/><E6/><V2/><F2/><W111/><G111/><T109/><D109/><U11/><E11/><V64/><F64/><W118/><G118/><T89/><D89/><U96/><REACH who="1" step="1"/><E83/><AGARI ba="0,0" hai="10,14,19,50,53,57,83,85,91,102,103" m="37087" machi="83" ten="30,2000,0" yaku="8,1,52,1" doraHai="58" who="0" fromWho="1" sc="289,20,134,-20,250,0,327,0" /><INIT seed="3,0,0,5,0,90" ten="309,114,250,327" oya="3" hai0="54,31,134,63,94,88,3,111,76,115,135,43,104" hai1="20,44,101,6,118,73,79,96,37,98,117,119,99" hai2="53,120,68,82,83,24,16,91,12,1,10,60,49" hai3="69,18,113,62,46,41,22,38,103,7,9,23,15"/><W48/><G113/><T33/><D115/><U122/><E6/><V0/><F120/><W36/><G103/><T77/><D3/><U21/><E44/><V27/><F1/><W32/><G32/><T129/><D104/><U132/><E37/><V14/><F0/><W126/><G126/><T74/><D111/><U70/><E70/><V34/><F34/><W61/><G23/><T71/><D129/><U19/><E19/><V67/><F12/><W75/><G75/><T35/><D43/><U131/><E122/><V11/><F83/><W110/><G110/><T4/><D4/><U2/><E2/><V128/><F11/><W64/><G62/><T57/><D71/><U56/><E56/><V93/><F82/><W87/><G87/><N who="0" m="52511" /><D74/><U130/><E101/><V116/><F116/><W109/><G109/><T78/><D31/><U59/><E59/><V107/><F128/><N who="1" m="49193" /><E73/><V92/><F68/><W86/><G86/><T80/><D80/><U52/><E79/><V112/><F60/><W40/><G40/><T85/><D85/><U114/><E114/><V42/><F112/><W108/><G108/><T25/><D25/><AGARI ba="0,0" hai="7,9,15,18,22,25,36,38,41,46,48,61,64,69" machi="25" ten="30,1500,0" yaku="7,1" doraHai="90" who="3" fromWho="0" sc="309,-15,114,0,250,0,327,15" owari="294,9.0,114,-39.0,250,-15.0,342,45.0" /></mjloggm>