<mjloggm ver="2.3"><GO type="169" lobby="0"/><UN n0="%49%53%53%4F%4E%34" n1="%E3%82%A6%E3%83%AB%E3%83%88%E3%83%A9%E7%AB%8B%E7%9B%B4" n2="%E6%AD%A6%E8%A3%85%E5%95%86%E8%88%B9%E5%9B%A3" n3="%E5%A3%87%E2%98%86%E8%9C%9C" dan="17,17,17,16" rate="2196.22,2226.72,2248.00,2146.90" sx="M,M,M,M"/><TAIKYOKU oya="0"/><INIT seed="0,0,0,3,4,4" ten="250,250,250,250" oya="0" hai0="18,132,33,12,100,78,37,38,46,120,123,97,74" hai1="66,51,6,109,71,49,99,85,90,130,76,24,88" hai2="20,110,1,83,52,65,80,13,62,114,7,98,69" hai3="118,119,27,103,113,84,105,106,77,50,92,35,87"/><T2/><D2/><U104/><E109/><V128/><F114/><W23/><G35/><T3/><D3/><U95/><E130/><V34/><F128/><W102/><G50/><T28/><D132/><U117/><E117/><N who="3" m="44554" /><G23/><T93/><D74/><U81/><E6/><V25/><F110/><W29/><G27/><T73/><D73/><U68/><E104/><N who="3" m="40042" /><G29/><T26/><D78/><U30/><E76/><V122/><F122/><W63/><G63/><T133/><D133/><U94/><E81/><V129/><F129/><W127/><G113/><T53/><D53/><U21/><E66/><V11/><F98/><W86/><G127/><T59/><D59/><U89/><REACH who="1" step="1"/><E90/><REACH who="1" ten="250,240,250,250" step="2"/><V15/><F1/><W19/><G77/><T125/><D125/><U115/><E115/><V44/><F65/><W70/><G70/><AGARI ba="0,1" hai="21,24,30,49,51,68,70,71,85,88,89,94,95,99" machi="70" ten="40,2600,0" yaku="1,1,54,1,53,0" doraHai="4" doraHaiUra="8" who="1" fromWho="3" sc="250,0,240,36,250,0,250,-26" /><INIT seed="1,0,0,4,2,0" ten="250,276,250,224" oya="1" hai0="44,73,72,42,41,10,130,26,92,95,39,135,68" hai1="112,18,37,120,28,113,80,49,32,47,7,96,127" hai2="5,117,55,102,97,36,118,64,109,115,43,103,29" hai3="121,129,53,23,16,52,9,85,56,82,38,62,76"/><U134/><E120/><V108/><F115/><W61/><G38/><T91/><D68/><U107/><E37/><V51/><F64/><W33/><G33/><T105/><D105/><U58/><E127/><V25/><F36/><W83/><G129/><T67/><D67/><U30/><E134/><V40/><F5/><W114/><G114/><T106/><D106/><U46/><E7/><V131/><F131/><W79/><G9/><T101/><D42/><N who="2" m="15914" /><F25/><W93/><G93/><T45/><D26/><U19/><E32/><V99/><F29/><N who="1" m="11369" /><E107/><V2/><F2/><W20/><G121/><T6/><D130/><U86/><E96/><N who="2" m="36939" /><F51/><W84/><G16/><N who="1" m="6186" /><E113/><V54/><F54/><W132/><G132/><T3/><D135/><U13/><E13/><V22/><F55/><W126/><G126/><T65/><D39/><U35/><E35/><V59/><F59/><AGARI ba="0,0" hai="20,23,52,53,56,59,61,62,76,79,82,83,84,85" machi="59" ten="40,8000,1" yaku="32,3,8,1,54,1" doraHai="0" who="3" fromWho="2" sc="250,0,276,0,250,-80,224,80" /><INIT seed="2,0,0,4,5,112" ten="250,276,170,304" oya="2" hai0="125,8,37,129,106,3,96,99,118,39,120,86,88" hai1="40,38,102,53,135,98,134,93,44,48,33,89,122" hai2="12,42,23,19,115,72,75,27,46,61,2,5,55" hai3="36,74,113,82,34,18,32,117,59,15,68,21,80"/><V73/><F115/><W67/><G36/><T114/><D114/><U108/><E33/><V110/><F110/><W16/><G113/><T56/><D120/><U94/><E108/><V100/><F100/><W124/><G68/><T119/><D125/><U121/><E38/><N who="0" m="14345" /><D129/><U109/><E40/><V20/><F42/><W77/><G124/><T127/><D127/><U0/><E0/><V90/><F90/><W1/><G1/><T31/><D31/><U25/><E25/><V66/><F2/><W116/><G80/><T95/><D56/><U91/><E109/><V57/><F5/><W78/><G78/><T92/><D95/><U30/><E30/><V43/><F43/><W65/><G18/><T126/><D106/><U128/><E128/><V28/><REACH who="2" step="1"/><F46/><REACH who="2" ten="250,276,160,304" step="2"/><W70/><G70/><T130/><D126/><U22/><E102/><V62/><F62/><W29/><G59/><T11/><D130/><U84/><E122/><V133/><F133/><W50/><G50/><T52/><D3/><U13/><E121/><V64/><AGARI ba="0,1" hai="12,19,20,23,27,28,55,57,61,64,66,72,73,75" machi="64" ten="40,3900,0" yaku="1,1,0,1,53,0" doraHai="112" doraHaiUra="97" who="2" fromWho="2" sc="250,-13,276,-13,160,49,304,-13" /><INIT seed="2,1,0,1,3,84" ten="237,263,209,291" oya="2" hai0="50,92,19,78,105,85,87,90,38,131,115,74,122" hai1="41,126,91,88,25,18,10,79,14,104,121,81,1" hai2="108,117,86,13,32,75,67,118,23,95,83,5,54" hai3="116,0,132,64,58,29,103,66,106,69,17,24,49"/><V40/><F32/><W120/><G0/><T93/><D38/><U21/><E104/><V68/><F108/><W11/><G120/><T36/><D36/><U134/><E121/><V71/><F40/><W102/><G69/><T34/><D34/><U16/><E126/><V135/><F135/><W8/><G116/><T113/><D122/><U119/><E119/><V99/><F75/><W82/><G106/><T70/><D70/><U51/><E1/><V129/><F129/><W77/><G103/><T20/><D105/><U15/><E134/><V100/><F68/><W76/><G102/><T30/><D30/><U59/><E25/><V61/><F54/><W112/><G112/><T6/><D131/><U98/><E98/><V46/><F46/><W133/><G133/><T45/><D6/><U125/><E125/><V4/><F4/><W12/><G8/><T60/><D74/><U43/><E43/><V114/><F114/><W65/><G82/><T124/><D124/><U73/><REACH who="1" step="1"/><E59/><REACH who="1" ten="237,253,209,291" step="2"/><V47/><F47/><AGARI ba="1,1" hai="10,14,15,16,18,21,41,47,51,73,79,81,88,91" machi="47" ten="40,12000,2" yaku="1,1,2,1,52,2,54,2,53,1" doraHai="84" doraHaiUra="7" who="1" fromWho="2" sc="237,0,253,133,209,-123,291,0" /><INIT seed="3,0,0,2,1,88" ten="237,386,86,291" oya="3" hai0="69,29,78,25,76,61,12,133,135,53,43,74,118" hai1="70,52,71,134,119,37,55,91,47,101,110,106,105" hai2="64,33,3,1,8,49,36,23,22,63,20,86,11" hai3="107,51,95,26,116,120,117,57,16,17,130,104,6"/><W2/><G120/><T40/><D118/><U98/><E106/><V97/><F36/><W9/><G107/><T128/><D12/><U80/><E119/><V126/><F126/><W67/><G104/><T45/><D128/><U68/><E110/><V59/><F33/><W94/><G130/><T65/><D53/><U122/><E122/><V32/><F32/><W13/><G116/><T10/><D10/><U41/><REACH who="1" step="1"/><E134/><REACH who="1" ten="237,376,86,291" step="2"/><V132/><F132/><W38/><G117/><T44/><D133/><U124/><E124/><V87/><F97/><W115/><G115/><T72/><D135/><U4/><E4/><V93/><F1/><W39/><G6/><T73/><D73/><U34/><E34/><V111/><F111/><W83/><G39/><T92/><D74/><U125/><E125/><V81/><F3/><W109/><G38/><T90/><D72/><U30/><E30/><V100/><F86/><AGARI ba="0,1" hai="37,41,47,52,55,68,70,71,80,86,91,98,101,105" machi="86" ten="40,2600,0" yaku="1,1,54,1,53,0" doraHai="88" doraHaiUra="131" who="1" fromWho="2" sc="237,0,376,36,86,-26,291,0" /><INIT seed="4,0,0,1,5,80" ten="237,412,60,291" oya="0" hai0="93,26,8,126,95,91,49,79,38,1,81,55,31" hai1="133,33,67,34,121,65,105,37,22,9,15,30,53" hai2="104,70,107,78,18,125,16,69,7,71,117,42,118" hai3="102,35,66,47,39,128,120,63,57,110,92,86,100"/><T44/><D126/><U75/><E75/><V135/><F78/><W10/><G35/><T114/><D114/><U20/><E105/><N who="2" m="40523" /><F125/><W46/><G110/><T59/><D91/><U28/><E37/><V23/><F7/><W89/><G128/><T0/><D0/><U115/><E133/><V98/><F135/><W109/><G109/><T54/><D8/><U21/><E53/><V61/><F61/><W12/><G120/><T50/><D1/><U134/><E134/><V132/><F132/><W112/><G112/><T131/><D131/><U19/><E115/><V48/><F98/><W60/><G60/><T122/><D38/><U103/><E103/><N who="3" m="39466" /><G39/><T73/><REACH who="0" step="1"/><D122/><REACH who="0" ten="227,412,60,291" step="2"/><U113/><E121/><V36/><F36/><W51/><G51/><T43/><D43/><U116/><E113/><V88/><F88/><W56/><G10/><T29/><D29/><U13/><E28/><V87/><F42/><W84/><G89/><T62/><D62/><U124/><E30/><V97/><F48/><W83/><G63/><T119/><D119/><N who="2" m="45578" /><F97/><W85/><G66/><T40/><D40/><U27/><E67/><V68/><N who="2" m="17408" /><DORA hai="123" /><V111/><F111/><W58/><G83/><T64/><D64/><U17/><E65/><V14/><F18/><W76/><G76/><T74/><D74/><U96/><E96/><V82/><F82/><W94/><G94/><T24/><D24/><U25/><E116/><V45/><F45/><W32/><G92/><T5/><D5/><U77/><E124/><V52/><F52/><W2/><G46/><T72/><D72/><U106/><E77/><RYUUKYOKU ba="0,1" sc="227,15,412,-15,60,15,291,-15" hai0="26,31,44,49,50,54,55,59,73,79,81,93,95" hai2="14,16,23,87" /><INIT seed="4,1,1,1,4,109" ten="242,397,75,276" oya="0" hai0="47,82,67,21,99,69,126,111,18,68,92,94,23" hai1="91,29,22,24,95,90,120,81,125,44,103,80,57" hai2="61,17,13,96,37,85,107,70,26,75,19,51,28" hai3="77,58,7,33,1,132,63,48,0,124,53,117,40"/><T118/><D118/><U135/><E120/><V108/><F108/><W110/><G110/><T112/><D111/><U79/><E125/><V14/><F75/><W113/><G33/><T32/><D32/><U62/><E135/><V20/><F37/><W54/><G117/><T115/><D126/><U71/><E71/><N who="0" m="27209" /><D67/><U38/><E38/><V83/><F70/><W49/><G132/><T127/><D127/><U74/><E44/><V35/><F61/><W114/><G40/><T129/><D129/><U41/><E41/><V121/><F121/><W78/><G124/><T52/><D82/><U65/><E81/><V11/><F51/><W87/><G87/><T30/><D30/><U101/><E91/><V8/><F107/><W15/><G63/><T100/><D92/><U73/><E73/><V12/><F96/><AGARI ba="1,1" hai="22,24,29,57,62,65,74,79,80,90,95,96,101,103" machi="96" ten="30,1000,0" yaku="7,1" doraHai="109" who="1" fromWho="2" sc="242,0,397,23,75,-13,276,0" /><INIT seed="5,0,0,2,5,99" ten="242,420,62,276" oya="1" hai0="101,72,120,80,98,118,106,68,51,65,71,0,60" hai1="24,133,128,125,135,90,85,88,6,116,31,77,131" hai2="39,13,10,134,115,96,2,70,73,79,113,18,129" hai3="56,126,74,48,114,124,16,42,110,36,30,53,103"/><U46/><E116/><V109/><F109/><W15/><G74/><T81/><D118/><U91/><E6/><V111/><F111/><W132/><G110/><T9/><D51/><U58/><E58/><V64/><F134/><N who="1" m="51209" /><E46/><V130/><F39/><W12/><G30/><T76/><D81/><N who="1" m="47279" /><E125/><V108/><F108/><W25/><G114/><N who="2" m="43529" /><F2/><W14/><G132/><T123/><REACH who="0" step="1"/><D71/><REACH who="0" ten="232,420,62,276" step="2"/><U35/><AGARI ba="0,1" hai="24,31,35,88,90,91,128,131" m="47279,51209" machi="35" ten="40,3900,0" yaku="20,1,54,1" doraHai="99" who="1" fromWho="1" sc="232,-13,420,49,62,-13,276,-13" /><INIT seed="5,1,0,1,4,62" ten="219,469,49,263" oya="1" hai0="33,63,56,42,128,41,119,59,130,97,135,112,110" hai1="14,8,123,83,57,100,9,120,54,77,79,40,58" hai2="31,34,7,48,11,117,114,15,36,92,93,43,35" hai3="16,55,94,133,1,121,2,52,86,24,131,45,134"/><U106/><E40/><N who="0" m="15465" /><D33/><U82/><E100/><V74/><F117/><W109/><G109/><T70/><D97/><U85/><E106/><V103/><F36/><W102/><G121/><T67/><D110/><U18/><E9/><V75/><F114/><W4/><G131/><N who="0" m="50219" /><D119/><U10/><E10/><V53/><F43/><W65/><G4/><T26/><D26/><U105/><E105/><V49/><F49/><W60/><G1/><T126/><D112/><U89/><E89/><V88/><F103/><W87/><G2/><T98/><D98/><U90/><E90/><V30/><F35/><W22/><G45/><T104/><D104/><U17/><E17/><V68/><F68/><N who="3" m="42023" /><G102/><T107/><D107/><U19/><E19/><V71/><F71/><W12/><G24/><T21/><D21/><U6/><E18/><V111/><F111/><W13/><G13/><T118/><D118/><U29/><E29/><V23/><F34/><W122/><G122/><T69/><D135/><N who="3" m="51721" /><G94/><T28/><D28/><U95/><E95/><V76/><F93/><W61/><G61/><N who="0" m="38335" /><D126/><U115/><E123/><V47/><F23/><W20/><G20/><T0/><D0/><U108/><E120/><V38/><F38/><W91/><G91/><T129/><N who="0" m="50227" /><T27/><DORA hai="84" /><D27/><U25/><E25/><V113/><F113/><W101/><G101/><T73/><D73/><N who="2" m="27658" /><F76/><W99/><G99/><T125/><D125/><U80/><E115/><V96/><F30/><W72/><G72/><T81/><D81/><N who="1" m="31339" /><E108/><V116/><F31/><W127/><G127/><T46/><D46/><U78/><E78/><RYUUKYOKU ba="1,0" sc="219,10,469,-30,49,10,263,10" hai0="56,63,69,70" hai2="7,11,15,47,48,53,88,92,96,116" hai3="12,16,22,52,55,86,87" /><INIT seed="6,2,0,5,0,36" ten="229,439,59,273" oya="2" hai0="21,79,112,100,30,101,125,61,27,8,18,63,54" hai1="13,26,12,107,25,114,103,49,106,83,121,82,42" hai2="110,35,4,130,56,95,118,14,74,134,131,15,23" hai3="109,96,75,58,122,70,104,113,48,53,2,31,29"/><V115/><F118/><W93/><G75/><T120/><D120/><U66/><E49/><V77/><F35/><W50/><G2/><T60/><D112/><U102/><E66/><V16/><F115/><W34/><G70/><T85/><D125/><U129/><E114/><V123/><F123/><W80/><G104/><T89/><D79/><U47/><E121/><V44/><F134/><W108/><G122/><T76/><D76/><U92/><E92/><V17/><F110/><W7/><G113/><T111/><D111/><U38/><E47/><V97/><F4/><W39/><G39/><T51/><D30/><U40/><E38/><V65/><F44/><W117/><G117/><T86/><D8/><U68/><E68/><V3/><F3/><W67/><G7/><T24/><D24/><U69/><E69/><V10/><F77/><W73/><G67/><T119/><D119/><U135/><E135/><V41/><F74/><W94/><G94/><T57/><REACH who="0" step="1"/><D85/><REACH who="0" ten="219,439,59,273" step="2"/><U5/><E5/><V62/><REACH who="2" step="1"/><F41/><REACH who="2" ten="219,439,49,273" step="2"/><W55/><G109/><T87/><D87/><U116/><E116/><V71/><F71/><W91/><G108/><T132/><D132/><U37/><E42/><V99/><F99/><W126/><G34/><T22/><D22/><U28/><E40/><V20/><F20/><W32/><G32/><T88/><D88/><AGARI ba="2,2" hai="10,14,15,16,17,23,56,62,65,88,95,97,130,131" machi="88" ten="40,12000,1" yaku="1,1,54,2,53,1" doraHai="36" doraHaiUra="90" who="2" fromWho="0" sc="219,-126,439,0,49,146,273,0" /><INIT seed="6,3,0,4,0,26" ten="93,439,195,273" oya="2" hai0="15,22,128,90,103,6,121,27,113,28,110,126,129" hai1="62,122,20,99,67,66,108,125,46,88,76,55,18" hai2="94,41,49,42,16,38,83,29,84,119,70,36,112" hai3="56,58,8,37,101,80,47,65,75,52,59,30,132"/><V34/><F119/><W35/><G101/><T91/><D103/><U13/><E108/><V72/><F112/><W51/><G132/><T44/><D110/><U12/><E125/><V133/><F133/><W105/><G105/><T9/><D126/><U7/><E76/><V21/><F70/><W69/><G8/><T131/><D121/><U68/><E68/><V1/><F72/><W82/><G75/><T14/><D113/><U40/><E40/><V39/><F1/><W60/><REACH who="3" step="1"/><G37/><REACH who="3" ten="93,439,195,263" step="2"/><T77/><D77/><U74/><E74/><V104/><F104/><W85/><G85/><T109/><D109/><U53/><E122/><V98/><F84/><W124/><G124/><T116/><D116/><U48/><E99/><V102/><F39/><W78/><G78/><T63/><D91/><U107/><E88/><V73/><F73/><W19/><G19/><T130/><D90/><U5/><E107/><V57/><F36/><W115/><G115/><T24/><D44/><U71/><E5/><V127/><F38/><W95/><G95/><T61/><N who="0" m="32768" /><DORA hai="32" /><T33/><REACH who="0" step="1"/><D27/><AGARI ba="3,1" hai="27,30,35,47,51,52,56,58,59,60,65,69,80,82" machi="27" ten="40,8000,1" yaku="1,1,52,1,54,1,53,2" doraHai="26,32" doraHaiUra="79,87" who="3" fromWho="0" sc="93,-89,439,0,195,0,263,99" /><INIT seed="7,0,0,3,4,21" ten="4,439,195,362" oya="3" hai0="85,17,132,125,24,129,81,25,54,0,4,75,93" hai1="11,30,77,3,38,89,22,110,106,26,79,83,66" hai2="135,45,53,68,74,115,59,103,1,123,118,65,98" hai3="80,57,84,67,87,33,86,121,14,42,78,15,51"/><W101/><G121/><T111/><D75/><U39/><E106/><V18/><F18/><W108/><G33/><T44/><D111/><U127/><E110/><V116/><F98/><W29/><G29/><T35/><D93/><U119/><E127/><V128/><F103/><W10/><G101/><T9/><D125/><U82/><E119/><V90/><F90/><W16/><G108/><T130/><D132/><U91/><E66/><V58/><F74/><W131/><G131/><T70/><D70/><U64/><E39/><V133/><F1/><W71/><G71/><T46/><D46/><U36/><E38/><V55/><F68/><W105/><G105/><T102/><D102/><U107/><E36/><V2/><F2/><W56/><G14/><T27/><D35/><U60/><E107/><V62/><F123/><W96/><G96/><T120/><D120/><U134/><E134/><V73/><F73/><W31/><G31/><T34/><D34/><U112/><E112/><V19/><F19/><W88/><G67/><T104/><D104/><U32/><E32/><V50/><F115/><W95/><G86/><T99/><D99/><U72/><E11/><V8/><F8/><W40/><G51/><N who="0" m="29031" /><D17/><U113/><E3/><V13/><F13/><W92/><G92/><T97/><D97/><U76/><E113/><V122/><F122/><W12/><G12/><T94/><D94/><U20/><E20/><V124/><F124/><W69/><G69/><T5/><D5/><U49/><E49/><N who="2" m="28847" /><F128/><W41/><AGARI ba="0,0" hai="10,15,16,40,41,42,56,57,78,80,84,87,88,95" machi="41" ten="30,11700,0" yaku="0,1,8,1,54,2" doraHai="21" who="3" fromWho="3" sc="4,-39,439,-39,195,-39,362,117" owari="-35,-54.0,400,20.0,156,-24.0,479,58.0" /></mjloggm>