<mjloggm ver="2.3"><GO type="97" lobby="0"/><UN n0="%E9%BB%92%E5%B8%AF%E3%83%89%E3%83%A9%E3%82%B4%E3%83%B3" n1="%6E%6F%69%67%79" n2="%E5%B0%B1%E6%B4%BB%E7%94%9F%40%E5%B7%9D%E6%9D%91%E8%BB%8D%E5%9B%A3" n3="%52%45%49%74%6F%64%61%79" dan="14,13,15,14" rate="1933.88,1932.70,1973.76,1888.20" sx="M,M,M,F"/><TAIKYOKU oya="0"/><INIT seed="0,0,0,4,2,36" ten="250,250,250,250" oya="0" hai0="41,34,79,120,59,44,76,130,35,20,64,77,28" hai1="13,32,30,61,56,111,74,84,52,87,29,109,39" hai2="9,114,75,42,58,105,51,128,92,86,37,116,106" hai3="72,135,1,95,22,67,3,88,55,110,6,46,26"/><T27/><D120/><U0/><E0/><V23/><F75/><W33/><G72/><T38/><REACH who="0" step="1"/><D130/><REACH who="0" ten="240,250,250,250" step="2"/><U17/><E74/><V21/><F116/><W65/><G135/><T43/><D43/><U113/><E113/><V129/><F128/><W2/><G2/><T40/><D40/><U11/><E39/><V5/><F129/><W119/><G3/><T50/><D50/><U73/><E73/><V16/><F37/><W10/><G119/><T12/><D12/><U132/><E132/><V99/><F42/><W54/><G1/><T123/><D123/><U104/><E104/><V60/><F51/><W14/><G14/><T124/><D124/><U62/><E62/><AGARI ba="0,1" hai="20,27,28,34,35,38,41,44,59,62,64,76,77,79" machi="62" ten="40,3900,0" yaku="1,1,52,1,53,0" doraHai="36" doraHaiUra="125" who="0" fromWho="1" sc="240,49,250,-39,250,0,250,0" /><INIT seed="0,1,0,3,2,79" ten="289,211,250,250" oya="0" hai0="134,46,84,123,33,66,34,67,14,41,89,39,54" hai1="78,38,82,116,42,19,13,44,71,15,45,126,47" hai2="12,51,133,53,92,62,99,86,72,25,23,103,1" hai3="26,91,130,104,102,90,127,3,114,0,69,70,61"/><T131/><D123/><U118/><E71/><V37/><F37/><W35/><G114/><T88/><D131/><U94/><E126/><V48/><F72/><W77/><G91/><T24/><D134/><U4/><E4/><V96/><F1/><W40/><G90/><T8/><D89/><U49/><E94/><V63/><F133/><W109/><G127/><T117/><D117/><U58/><E58/><V76/><F96/><W9/><G130/><T29/><D54/><U113/><E113/><V75/><F75/><W97/><G109/><T124/><D33/><U6/><E6/><V22/><F12/><W85/><G85/><T100/><D100/><U122/><E122/><V107/><F23/><W93/><G93/><T110/><D110/><U56/><E56/><N who="2" m="35087" /><F63/><W120/><G120/><T128/><D128/><U98/><E98/><V74/><F74/><W111/><G111/><T5/><D124/><U60/><E60/><V65/><F65/><W20/><G20/><T2/><D2/><U57/><E57/><V7/><F7/><W132/><G132/><T32/><D32/><U87/><E45/><V16/><F107/><W135/><G135/><T125/><D125/><U95/><E95/><AGARI ba="1,0" hai="5,8,14,24,29,34,39,41,46,66,67,84,88,95" machi="95" ten="30,2900,0" yaku="7,1,54,1" doraHai="79" who="0" fromWho="1" sc="289,32,211,-32,250,0,250,0" /><INIT seed="0,2,0,5,1,120" ten="321,179,250,250" oya="0" hai0="78,84,98,53,132,9,89,88,30,92,110,1,5" hai1="86,111,10,80,91,58,40,29,19,96,33,108,104" hai2="90,66,130,32,133,65,123,4,20,105,113,62,76" hai3="135,82,36,21,134,34,95,52,125,28,73,94,79"/><T54/><D132/><N who="3" m="50729" /><G36/><T50/><D30/><U71/><E71/><V64/><F32/><W23/><G125/><T8/><D78/><U3/><E40/><V114/><F123/><W107/><G107/><T112/><D112/><U13/><E3/><V126/><F133/><W75/><G34/><T35/><D35/><U83/><E58/><V101/><F126/><W81/><G28/><T42/><D8/><U48/><E48/><V38/><F130/><W44/><G23/><T103/><D42/><U129/><E129/><V68/><F38/><W99/><G21/><T63/><D63/><U0/><E0/><V45/><F76/><N who="3" m="44175" /><G44/><T109/><D54/><U93/><E29/><V12/><F45/><W124/><G52/><T102/><D53/><U115/><E33/><V77/><F77/><W100/><G124/><T117/><D117/><U55/><E55/><V25/><F101/><W106/><AGARI ba="2,0" hai="75,79,82,94,95,99,100,106" m="44175,50729" machi="106" ten="30,4000,0" yaku="20,1,34,2" doraHai="120" who="3" fromWho="3" sc="321,-22,179,-12,250,-12,250,46" /><INIT seed="1,0,0,4,4,104" ten="299,167,238,296" oya="1" hai0="13,49,75,78,10,85,33,92,5,52,90,91,25" hai1="8,81,0,4,14,121,98,36,19,54,134,59,40" hai2="41,110,28,95,62,45,100,76,16,2,68,34,99" hai3="77,47,129,103,20,38,6,15,124,42,132,69,65"/><U26/><E121/><V80/><F2/><W119/><G119/><T120/><D120/><U23/><E134/><V7/><F110/><W72/><G132/><T73/><D78/><U126/><E126/><V122/><F122/><W88/><G124/><T93/><D25/><U61/><E81/><V31/><F7/><W114/><G114/><T12/><D33/><U1/><E98/><V21/><F34/><W58/><G69/><T118/><D13/><U3/><E40/><V135/><F68/><W117/><G103/><T32/><D32/><U106/><E106/><V44/><F62/><W66/><G117/><T55/><D118/><U37/><AGARI ba="0,0" hai="0,1,3,4,8,14,19,23,26,36,37,54,59,61" machi="37" ten="40,2100,0" yaku="0,1" doraHai="104" who="1" fromWho="1" sc="299,-7,167,21,238,-7,296,-7" /><INIT seed="1,1,0,3,4,64" ten="292,188,231,289" oya="1" hai0="102,91,27,104,67,34,77,51,32,116,54,103,59" hai1="57,4,129,92,107,1,19,96,71,117,46,69,16" hai2="110,29,8,123,62,112,39,52,99,134,60,86,20" hai3="76,82,88,9,111,53,79,37,2,41,0,43,48"/><U70/><E117/><V93/><F123/><W15/><G111/><T66/><D116/><U124/><E124/><V17/><F52/><W125/><G0/><T30/><D34/><U7/><E129/><V63/><F39/><W47/><G2/><T115/><D115/><U78/><E78/><V56/><F112/><W21/><G125/><T85/><D77/><U28/><E107/><V122/><F122/><W130/><G130/><T106/><D106/><U44/><E28/><V120/><F110/><W114/><G114/><T90/><D104/><U101/><E57/><V87/><F134/><W100/><G100/><T118/><D91/><U18/><REACH who="1" step="1"/><E1/><REACH who="1" ten="292,178,231,289" step="2"/><V89/><F56/><W14/><G76/><T133/><D118/><U121/><E121/><V81/><F120/><W49/><G79/><T94/><REACH who="0" step="1"/><D133/><REACH who="0" ten="282,178,231,289" step="2"/><U23/><E23/><V45/><F20/><W68/><G21/><T12/><D12/><U75/><E75/><V95/><F8/><W135/><G15/><T97/><D97/><U25/><E25/><V13/><F99/><W65/><G14/><T55/><D55/><U98/><E98/><V128/><F13/><W42/><G9/><T40/><D40/><U61/><E61/><V119/><F62/><W109/><G135/><T105/><D105/><U132/><E132/><V74/><F63/><W127/><G42/><T22/><D22/><U35/><E35/><V113/><F60/><W58/><G43/><T3/><D3/><U38/><E38/><V5/><F128/><W131/><G37/><T6/><D6/><AGARI ba="1,2" hai="4,6,7,16,18,19,44,46,69,70,71,92,96,101" machi="6" ten="50,12000,1" yaku="1,1,52,3,54,1,53,0" doraHai="64" doraHaiUra="26" who="1" fromWho="0" sc="282,-123,178,143,231,0,289,0" /><INIT seed="1,2,0,5,2,72" ten="159,321,231,289" oya="1" hai0="6,52,5,83,130,80,76,78,48,55,101,17,11" hai1="117,112,100,18,102,22,128,15,34,123,97,37,49" hai2="77,53,42,16,28,3,24,82,87,40,70,51,2" hai3="111,57,81,26,32,56,63,133,67,89,114,109,91"/><U120/><E117/><V35/><F70/><W88/><G114/><T0/><D130/><U33/><E37/><V47/><F40/><W44/><G133/><T1/><D101/><U4/><E112/><V84/><F84/><W54/><G44/><T116/><D116/><U132/><E128/><V124/><F124/><W85/><G32/><T14/><D1/><U58/><E132/><V122/><F122/><W103/><G103/><T65/><D65/><U9/><E120/><V8/><REACH who="2" step="1"/><F42/><REACH who="2" ten="159,321,221,289" step="2"/><W30/><G111/><T104/><D104/><U69/><E123/><V126/><F126/><W39/><G109/><T64/><D64/><U95/><E69/><V74/><F74/><W73/><G73/><T115/><D115/><U41/><E102/><V118/><F118/><W7/><G85/><N who="0" m="48263" /><D0/><U125/><E125/><V129/><F129/><W98/><G67/><T121/><D121/><U25/><E41/><V29/><F29/><W46/><G30/><T93/><D93/><U110/><E110/><V62/><F62/><W90/><G63/><T21/><D55/><U45/><E45/><V61/><F61/><W66/><G54/><T94/><D94/><U13/><E49/><V12/><AGARI ba="2,1" hai="2,3,8,12,16,24,28,35,47,51,53,77,82,87" machi="12" ten="30,7900,0" yaku="1,1,0,1,52,1,54,1,53,0" doraHai="72" doraHaiUra="131" who="2" fromWho="2" sc="159,-22,321,-41,221,95,289,-22" /><INIT seed="2,0,0,1,0,25" ten="137,280,316,267" oya="2" hai0="32,42,116,62,72,24,65,127,14,35,33,43,89" hai1="48,110,9,1,34,5,108,60,11,21,31,129,47" hai2="7,75,6,26,97,87,70,103,106,18,54,109,125" hai3="85,30,118,66,15,77,55,134,120,113,23,91,83"/><V29/><F75/><W36/><G120/><T28/><D72/><U128/><E60/><V82/><F125/><W68/><G118/><T39/><D116/><U100/><E100/><V49/><F70/><W16/><G36/><T131/><D127/><U107/><E107/><V90/><F18/><W133/><G113/><T44/><D131/><N who="1" m="50251" /><E48/><V88/><F90/><W80/><G55/><T81/><D43/><U56/><E56/><V22/><REACH who="2" step="1"/><F109/><REACH who="2" ten="137,280,306,267" step="2"/><N who="1" m="42089" /><E47/><AGARI ba="0,1" hai="6,7,22,26,29,47,49,54,82,87,88,97,103,106" machi="47" ten="30,11600,0" yaku="1,1,7,1,52,1,54,1,53,0" doraHai="25" doraHaiUra="8" who="2" fromWho="1" sc="137,0,280,-116,306,126,267,0" /><INIT seed="2,1,0,2,2,116" ten="137,164,432,267" oya="2" hai0="102,76,43,54,48,83,90,123,111,106,129,22,8" hai1="88,69,41,2,35,3,103,5,71,19,7,40,81" hai2="101,10,87,85,118,55,34,52,65,24,63,0,15" hai3="74,122,32,57,20,39,70,28,94,108,38,97,131"/><V30/><F0/><W50/><G74/><T27/><D111/><U127/><E127/><V86/><F101/><W17/><G70/><T77/><D129/><U60/><E103/><V128/><F128/><W33/><G131/><T109/><D109/><U82/><E60/><V92/><F92/><W67/><G108/><T37/><D43/><U62/><E62/><V99/><F99/><W58/><G33/><T16/><D37/><U96/><E96/><V113/><F113/><W66/><G32/><T107/><D8/><U133/><E35/><V9/><F9/><W49/><G28/><T13/><D90/><U112/><E112/><V64/><F118/><W12/><G38/><T98/><D107/><U79/><E79/><V117/><F117/><W110/><G39/><T121/><D27/><U115/><E115/><V126/><F126/><W25/><G110/><T130/><D130/><U75/><E19/><V47/><F47/><W120/><G67/><T135/><D135/><U14/><E14/><V6/><REACH who="2" step="1"/><F65/><REACH who="2" ten="137,164,422,267" step="2"/><W89/><G66/><T119/><D119/><U53/><E133/><V114/><F114/><W72/><G72/><T51/><D51/><U56/><E75/><V134/><F134/><W18/><G50/><T31/><D31/><U1/><E1/><V100/><F100/><W84/><G49/><T42/><D42/><U91/><E53/><V23/><F23/><W125/><G125/><T36/><D36/><U104/><E104/><V80/><F80/><W4/><G97/><T11/><D11/><U44/><E44/><V93/><F93/><W26/><G20/><RYUUKYOKU ba="1,1" sc="137,-15,164,15,422,15,267,-15" hai1="2,3,5,7,40,41,56,69,71,81,82,88,91" hai2="6,10,15,24,30,34,52,55,63,64,85,86,87" /><INIT seed="2,2,1,2,1,34" ten="122,179,437,252" oya="2" hai0="47,45,101,10,30,1,64,56,134,122,15,58,74" hai1="46,28,96,92,131,91,94,67,65,118,51,111,26" hai2="7,23,54,32,130,53,116,12,49,38,115,127,4" hai3="93,95,75,43,6,128,113,0,100,29,8,85,52"/><V13/><F38/><W57/><G75/><T69/><D122/><U126/><E118/><V81/><F32/><W31/><G113/><T44/><D74/><U41/><E126/><V121/><F116/><W82/><G128/><T16/><D134/><U9/><E131/><V124/><F121/><W120/><G120/><T84/><D101/><U62/><E111/><V133/><F133/><W110/><G110/><T33/><D84/><U129/><E129/><V36/><F36/><W135/><G135/><T39/><D39/><U99/><E9/><V60/><F115/><W40/><G95/><T119/><D119/><U27/><E27/><V14/><F130/><W104/><G104/><T70/><D1/><U89/><REACH who="1" step="1"/><E62/><REACH who="1" ten="122,169,437,252" step="2"/><V107/><F124/><W117/><G117/><T98/><D98/><U37/><E37/><V18/><F127/><W5/><G8/><T71/><REACH who="0" step="1"/><D64/><REACH who="0" ten="112,169,437,252" step="2"/><U86/><E86/><V97/><F97/><W66/><G85/><T25/><AGARI ba="2,3" hai="10,15,16,25,30,33,44,45,47,56,58,69,70,71" machi="25" ten="40,8000,1" yaku="1,1,2,1,0,1,54,1,53,1" doraHai="34" doraHaiUra="24" who="0" fromWho="0" sc="112,116,169,-22,437,-42,252,-22" /><INIT seed="3,0,0,1,1,31" ten="228,147,395,230" oya="3" hai0="119,128,56,45,109,126,23,112,42,34,69,80,8" hai1="4,78,54,73,10,22,124,1,33,5,9,98,51" hai2="26,121,59,101,72,96,27,25,21,118,133,67,86" hai3="116,99,130,32,48,83,63,38,29,41,20,75,84"/><W11/><G75/><T37/><D119/><U66/><E124/><V7/><F72/><W0/><G116/><T77/><D112/><U111/><E111/><V6/><F118/><W92/><G38/><T13/><D126/><U123/><E123/><V2/><F2/><W76/><G32/><T28/><D34/><U113/><E113/><V100/><F121/><W107/><G107/><T50/><D69/><U114/><E114/><V97/><F133/><W43/><G130/><T36/><D128/><U87/><E33/><V15/><F86/><W40/><G0/><T127/><D109/><U125/><E125/><V117/><F117/><W68/><G11/><T105/><D105/><U95/><E66/><V17/><F59/><W49/><G68/><T3/><D127/><U14/><E73/><V46/><F46/><W122/><G63/><T18/><D56/><U91/><E78/><V93/><REACH who="2" step="1"/><F67/><REACH who="2" ten="228,147,385,230" step="2"/><W79/><G122/><T103/><D3/><U16/><E98/><V108/><F108/><W134/><G134/><T81/><D45/><U55/><REACH who="1" step="1"/><E51/><REACH who="1" ten="228,137,385,230" step="2"/><V135/><F135/><W60/><G79/><T110/><D77/><U88/><E88/><V19/><F19/><W120/><G120/><T30/><D18/><U61/><E61/><V131/><F131/><W35/><G60/><T52/><D50/><U82/><E82/><V65/><F65/><W89/><REACH who="3" step="1"/><G35/><REACH who="3" ten="228,137,385,220" step="2"/><T44/><D37/><U102/><E102/><V71/><F71/><W129/><G129/><T90/><D103/><U85/><E85/><V115/><F115/><W57/><G57/><T94/><D36/><RYUUKYOKU ba="0,3" sc="228,-30,137,10,385,10,220,10" hai1="1,4,5,9,10,14,16,22,54,55,87,91,95" hai2="6,7,15,17,21,25,26,27,93,96,97,100,101" hai3="20,29,40,41,43,48,49,76,83,84,89,92,99" /><INIT seed="3,1,3,5,3,9" ten="198,147,395,230" oya="3" hai0="98,110,76,23,85,71,48,70,44,4,99,122,31" hai1="90,84,50,2,18,127,21,29,12,22,106,79,42" hai2="10,81,121,52,83,53,6,15,91,0,126,131,111" hai3="117,14,61,80,114,133,37,89,123,124,45,115,108"/><W67/><G117/><T69/><D122/><U104/><E127/><V92/><F121/><W130/><G123/><T56/><D110/><U57/><E2/><V96/><F111/><W74/><G108/><T107/><D4/><U55/><E42/><V19/><F126/><W27/><G124/><T3/><D3/><U77/><E104/><V38/><F38/><W5/><G89/><T13/><D56/><U75/><E75/><V1/><F131/><W134/><G27/><T8/><D107/><U128/><E128/><V40/><F40/><N who="3" m="22671" /><G130/><T100/><D100/><U63/><E63/><V120/><F120/><W68/><G14/><T88/><D76/><U73/><E73/><V129/><F129/><W20/><G20/><T64/><D64/><U32/><E32/><V135/><F135/><N who="3" m="51723" /><G5/><T95/><D23/><U34/><E34/><V24/><F1/><W36/><G36/><T43/><D31/><U118/><E118/><V72/><F72/><W62/><G62/><T25/><D25/><N who="1" m="16567" /><E106/><V65/><F65/><W26/><G26/><T109/><D109/><U132/><E132/><V47/><F24/><W82/><G82/><AGARI ba="1,3" hai="12,18,21,50,55,57,77,79,82,84,90" m="16567" machi="82" ten="30,2000,0" yaku="8,1,52,1" doraHai="9" who="1" fromWho="3" sc="198,0,147,53,395,0,230,-23" owari="198,-30.0,200,-20.0,395,49.0,207,1.0" /></mjloggm>