<mjloggm ver="2.3"><GO type="97" lobby="0"/><UN n0="%E3%83%88%E3%83%88%E3%83%AA%E5%85%88%E7%94%9F%31%39%E6%AD%B3" n1="%6D%61%73%61%31%30%31%33" n2="%E3%83%8F%E3%83%A2%E5%B8%AB%E5%8C%A0" n3="%E5%9F%8E%E5%8F%A3" dan="13,15,14,13" rate="1964.86,2117.22,1945.19,1884.21" sx="F,M,M,M"/><TAIKYOKU oya="0"/><INIT seed="0,0,0,4,4,36" ten="250,250,250,250" oya="0" hai0="132,123,101,103,17,43,52,12,102,10,8,29,126" hai1="104,118,39,63,112,127,11,72,79,60,7,24,30" hai2="96,135,130,25,93,75,134,21,27,97,86,125,87" hai3="33,42,122,89,100,74,9,15,51,41,37,83,20"/><T53/><D123/><U56/><E104/><V0/><F75/><W66/><G37/><T113/><D113/><U40/><E118/><V69/><F0/><W16/><G33/><T49/><D132/><N who="2" m="50730" /><F69/><W67/><G122/><T48/><D126/><U90/><E112/><V57/><F125/><W47/><G100/><T109/><D109/><U2/><E127/><V121/><F121/><W108/><G108/><T73/><D73/><U5/><E5/><V68/><F68/><W59/><G74/><T77/><D77/><U65/><E90/><N who="2" m="53463" /><F130/><W91/><G91/><T131/><D29/><U44/><E63/><V14/><F14/><N who="3" m="9239" /><G59/><N who="0" m="33159" /><D131/><U114/><E114/><V22/><F57/><W105/><G105/><T46/><D10/><U6/><E6/><V18/><F87/><N who="3" m="50431" /><G67/><T50/><D50/><U119/><E119/><V115/><F115/><W81/><G81/><T71/><D71/><U1/><E1/><V76/><F76/><W58/><G58/><T78/><D78/><U70/><E56/><V116/><F116/><W120/><G120/><T62/><D62/><U80/><E24/><V129/><F129/><W13/><G66/><T106/><D106/><U111/><REACH who="1" step="1"/><E30/><AGARI ba="0,0" hai="18,21,22,25,27,30,96,97" m="53463,50730" machi="30" ten="30,1000,0" yaku="20,1" doraHai="36" who="2" fromWho="1" sc="250,0,250,-10,250,10,250,0" /><INIT seed="1,0,0,3,3,109" ten="250,240,260,250" oya="1" hai0="133,27,83,58,93,114,15,90,33,74,1,48,55" hai1="44,66,10,11,36,96,98,63,2,85,124,34,132" hai2="49,129,117,56,106,128,42,60,24,46,67,65,131" hai3="120,97,135,122,76,125,72,13,57,52,103,100,47"/><U22/><E34/><V79/><F106/><W17/><G135/><T126/><D1/><U108/><E132/><V94/><F79/><W64/><G125/><T62/><D126/><U113/><E124/><V12/><F24/><W26/><G64/><N who="2" m="24649" /><F12/><W88/><G47/><T69/><D114/><U16/><E108/><V61/><F94/><W53/><G26/><T110/><D110/><U51/><E36/><N who="2" m="21831" /><F117/><W107/><G103/><T25/><D133/><U9/><E2/><V84/><F84/><W21/><G57/><T45/><D69/><U32/><E32/><V87/><F87/><W39/><G39/><T92/><D33/><U35/><E85/><V105/><F105/><W121/><REACH who="3" step="1"/><G88/><REACH who="3" ten="250,240,260,240" step="2"/><T130/><D27/><U134/><E134/><V5/><F5/><W86/><G86/><N who="0" m="50527" /><D25/><U82/><E35/><V115/><F115/><W4/><G4/><T70/><D74/><U54/><E113/><V116/><F116/><W50/><G50/><T59/><D92/><U104/><E104/><V6/><F6/><W41/><G41/><T37/><D93/><U89/><E89/><V28/><F28/><W38/><G38/><T14/><D37/><U81/><E82/><AGARI ba="0,1" hai="13,17,21,52,53,72,76,82,97,100,107,120,121,122" machi="82" ten="40,2600,0" yaku="1,1,54,1,53,0" doraHai="109" doraHaiUra="31" who="3" fromWho="1" sc="250,0,240,-26,260,0,240,36" /><INIT seed="2,0,0,0,5,69" ten="250,214,260,276" oya="2" hai0="28,48,2,0,84,125,130,97,95,39,123,133,96" hai1="122,18,13,78,4,55,17,75,115,88,99,87,31" hai2="43,124,62,36,118,70,111,90,42,47,58,82,51" hai3="57,109,24,76,127,80,135,9,106,6,79,21,93"/><V50/><F118/><W66/><G106/><T110/><D123/><U30/><E122/><V81/><F124/><W68/><G68/><T128/><D125/><U29/><E115/><V102/><F102/><W22/><G127/><T1/><D110/><U113/><E113/><V53/><F111/><W85/><G109/><T65/><D133/><U105/><E75/><V72/><F72/><W94/><G135/><T107/><D28/><U20/><E4/><V83/><F43/><W56/><G6/><T126/><D126/><U23/><E78/><N who="3" m="29738" /><G9/><T11/><D65/><U98/><E55/><V71/><REACH who="2" step="1"/><F90/><REACH who="2" ten="250,214,250,276" step="2"/><N who="3" m="51495" /><G22/><T35/><D128/><U61/><E105/><V52/><F52/><W38/><G21/><T101/><D130/><U44/><E23/><V15/><F15/><W121/><G121/><T77/><D1/><U26/><E20/><V12/><F12/><W129/><G129/><T33/><D2/><U73/><E13/><V59/><F59/><W63/><G57/><T108/><D108/><U3/><E3/><V49/><AGARI ba="0,1" hai="36,42,47,49,50,51,53,58,62,70,71,81,82,83" machi="49" ten="30,6000,0" yaku="1,1,0,1,52,1,53,0" doraHai="69" doraHaiUra="131" who="2" fromWho="2" sc="250,-20,214,-20,250,70,276,-20" /><INIT seed="2,1,0,1,5,109" ten="230,194,320,256" oya="2" hai0="3,102,130,47,70,49,73,1,18,127,40,126,27" hai1="9,6,122,112,87,113,14,37,42,77,135,88,76" hai2="41,101,118,75,100,33,94,64,50,48,59,79,62" hai3="24,134,10,53,115,8,80,5,13,92,7,71,46"/><V65/><F118/><W78/><G71/><T16/><D73/><U66/><E122/><V90/><F33/><W69/><G69/><T105/><D70/><U129/><E129/><V44/><F64/><W85/><G134/><T4/><D130/><U96/><E135/><V67/><F67/><W98/><G24/><T35/><D105/><U131/><E131/><V114/><F114/><W57/><G46/><T11/><D102/><U15/><E66/><V132/><F132/><W61/><G115/><T89/><D3/><U56/><E96/><V110/><F110/><W99/><REACH who="3" step="1"/><G92/><REACH who="3" ten="230,194,320,246" step="2"/><T123/><D123/><U117/><E113/><V38/><F94/><W95/><G95/><T93/><D35/><U86/><E117/><V21/><F44/><W19/><G19/><T72/><D27/><U124/><E112/><V108/><F108/><W97/><G97/><T17/><REACH who="0" step="1"/><D72/><REACH who="0" ten="220,194,320,246" step="2"/><U25/><E25/><V54/><F75/><W63/><G63/><T68/><D68/><U32/><E15/><AGARI ba="1,2" hai="5,7,8,10,13,15,53,57,61,78,80,85,98,99" machi="15" ten="30,7700,0" yaku="1,1,7,1,9,1,8,1,53,0" doraHai="109" doraHaiUra="31" who="3" fromWho="1" sc="220,0,194,-80,320,0,246,100" /><INIT seed="3,0,0,1,2,95" ten="220,114,320,346" oya="3" hai0="22,49,93,29,38,36,10,20,84,70,6,32,69" hai1="119,9,103,24,130,18,109,133,15,129,44,104,131" hai2="116,39,96,28,117,71,124,102,82,52,11,66,47" hai3="34,30,2,63,77,76,128,89,87,98,88,0,123"/><W33/><G123/><T85/><D32/><U100/><E109/><V112/><F112/><W55/><G128/><T74/><D93/><U110/><E110/><V68/><F68/><W62/><G98/><T1/><D49/><U41/><E119/><V107/><F124/><W12/><G12/><T91/><D91/><U72/><E72/><V94/><F82/><W92/><G92/><T78/><D29/><U40/><E133/><V122/><F122/><W106/><G30/><T58/><D58/><U7/><E104/><V132/><F132/><W46/><G46/><T59/><D59/><U134/><E134/><V48/><F39/><W23/><G55/><T37/><D74/><U45/><E24/><V135/><F94/><W19/><G87/><T105/><D105/><U43/><REACH who="1" step="1"/><E7/><REACH who="1" ten="220,104,320,346" step="2"/><V4/><F135/><W51/><G106/><T61/><D6/><U8/><E8/><V121/><F121/><W114/><G114/><T67/><D10/><U86/><E86/><V108/><F108/><W26/><G26/><T73/><D84/><U35/><E35/><V64/><F64/><W118/><G118/><T80/><D85/><U31/><E31/><V99/><F99/><W50/><G23/><T13/><D22/><U120/><E120/><V75/><F75/><W14/><G19/><T65/><D20/><U21/><E21/><V42/><F42/><W56/><G14/><T16/><D13/><U54/><E54/><V83/><F28/><W53/><G53/><T115/><D73/><U113/><E113/><V25/><F25/><W90/><G34/><T111/><D115/><RYUUKYOKU ba="0,1" sc="220,-10,104,30,320,-10,346,-10" hai1="9,15,18,40,41,43,44,45,100,103,129,130,131" owari="210,-19.0,134,-37.0,310,11.0,346,45.0" /></mjloggm>