<mjloggm ver="2.3"><GO type="97" lobby="0"/><UN n0="%E3%83%91%E3%83%81%E3%83%A3%E3%83%94" n1="%E9%88%B4%E6%9C%A8%E3%81%82%E3%81%8A%E3%81%84" n2="%E3%83%88%E3%83%88%E3%83%AA%E5%85%88%E7%94%9F%31%39%E6%AD%B3" n3="%E3%83%91%E3%83%91%E3%82%B9%EF%BC%A0%E5%B7%9D%E6%9D%91%E8%BB%8D%E5%9B%A3" dan="14,14,16,15" rate="1966.62,1949.37,2192.70,2040.66" sx="M,M,F,M"/><TAIKYOKU oya="0"/><INIT seed="0,0,0,0,1,84" ten="250,250,250,250" oya="0" hai0="125,115,42,53,93,127,51,65,47,22,110,7,132" hai1="73,63,135,64,35,134,25,56,28,77,122,133,107" hai2="3,79,126,72,18,121,12,29,8,39,78,70,124" hai3="75,68,74,82,60,5,119,15,14,54,23,88,30"/><T57/><D115/><U120/><REACH who="1" step="1"/><E107/><REACH who="1" ten="250,240,250,250" step="2"/><V49/><F124/><W50/><G119/><T101/><D127/><U27/><E27/><V105/><F126/><W6/><G74/><T95/><D125/><U97/><E97/><V92/><F105/><W1/><G75/><T112/><D112/><U46/><E46/><V38/><F72/><W109/><G109/><T34/><D110/><U52/><E52/><V104/><F104/><W106/><G106/><T83/><D53/><U114/><E114/><V9/><F121/><W31/><G54/><T19/><D47/><U91/><E91/><V90/><F90/><W33/><G88/><T13/><D101/><U100/><E100/><V36/><F78/><W66/><G66/><T17/><D65/><U89/><E89/><V130/><F79/><W94/><G94/><T2/><D95/><U131/><E131/><V26/><F92/><W48/><G82/><AGARI ba="0,1" hai="25,28,35,56,63,64,73,77,82,120,122,133,134,135" machi="82" ten="40,5200,0" yaku="21,2,20,1,53,0" doraHai="84" doraHaiUra="0" who="1" fromWho="3" sc="250,0,240,62,250,0,250,-52" /><INIT seed="1,0,0,3,4,103" ten="250,302,250,198" oya="1" hai0="57,34,104,100,33,120,94,83,37,51,52,108,72" hai1="44,16,109,26,70,107,41,77,12,114,0,98,45" hai2="97,99,67,123,84,24,36,55,135,15,113,30,132" hai3="17,126,102,88,56,28,124,54,75,59,10,53,105"/><U85/><E114/><V14/><F123/><W92/><G75/><T129/><D37/><U61/><E0/><V29/><F36/><W8/><G28/><T13/><D120/><U66/><E26/><V7/><F113/><W89/><G102/><T130/><D108/><U86/><E45/><V78/><F30/><W32/><G32/><T122/><D122/><U40/><E40/><V60/><F55/><N who="3" m="21003" /><G105/><T38/><D38/><U68/><E68/><V128/><F128/><N who="0" m="49258" /><D94/><U76/><E76/><V25/><F25/><W93/><G17/><T63/><D13/><N who="2" m="4618" /><F78/><W3/><G3/><T31/><D31/><U71/><E71/><N who="2" m="42471" /><F84/><W58/><G92/><T42/><D83/><U96/><E96/><V111/><F7/><W101/><G101/><T127/><D72/><U116/><E77/><V134/><F111/><W48/><G48/><T39/><D39/><U133/><E109/><V80/><F80/><W125/><G93/><T91/><D91/><AGARI ba="0,0" hai="8,10,56,58,59,88,89,91,124,125,126" m="21003" machi="91" ten="40,8000,1" yaku="28,2,18,1,54,1" doraHai="103" who="3" fromWho="0" sc="250,-80,302,0,250,0,198,80" /><INIT seed="2,0,0,5,4,38" ten="170,302,250,278" oya="2" hai0="25,9,78,31,107,120,2,10,37,40,62,18,14" hai1="49,95,130,108,86,99,121,6,81,20,105,101,123" hai2="51,125,45,134,13,3,47,1,92,90,32,66,7" hai3="17,103,98,0,113,41,53,4,93,84,72,57,42"/><V60/><F32/><W82/><G72/><T29/><D107/><U76/><E6/><V68/><F134/><W74/><G74/><T63/><D120/><U109/><E20/><V8/><F125/><W129/><G129/><T36/><D36/><U88/><E49/><V69/><F69/><W56/><G113/><T55/><D78/><U54/><E54/><V128/><F128/><W35/><G35/><T110/><D110/><N who="1" m="42603" /><E130/><V132/><F132/><W23/><G4/><T26/><D2/><U100/><E100/><V43/><REACH who="2" step="1"/><F47/><REACH who="2" ten="170,302,240,278" step="2"/><W67/><G0/><T28/><D10/><U64/><E64/><V117/><F117/><W112/><G67/><T85/><D85/><AGARI ba="0,1" hai="76,81,85,86,88,95,99,101,105,121,123" m="42603" machi="85" ten="30,7700,0" yaku="14,1,34,2,54,1" doraHai="38" who="1" fromWho="0" sc="170,-77,302,87,240,0,278,0" /><AGARI ba="0,0" hai="1,3,7,8,13,43,45,51,60,66,68,85,90,92" machi="85" ten="30,5800,0" yaku="1,1,7,1,52,1,53,0" doraHai="38" doraHaiUra="75" who="2" fromWho="0" sc="93,-58,389,0,240,58,278,0" /><INIT seed="2,1,0,1,0,84" ten="35,389,298,278" oya="2" hai0="79,119,102,97,95,128,64,80,116,112,86,125,115" hai1="50,71,91,61,70,117,37,92,51,58,42,72,45" hai2="59,107,0,3,98,135,77,20,89,48,75,85,34" hai3="123,111,52,29,100,19,69,60,39,57,96,109,94"/><V108/><F34/><W44/><G123/><T25/><D64/><U28/><E72/><V46/><F135/><W130/><G130/><T38/><D38/><U81/><E117/><N who="0" m="45129" /><D25/><U47/><E81/><N who="2" m="45247" /><F59/><W56/><G29/><T65/><D65/><U127/><E127/><V74/><F20/><W90/><G69/><T99/><D125/><U32/><E37/><V73/><F3/><W103/><G19/><T35/><D35/><U43/><E28/><V6/><F6/><W26/><G26/><T68/><D68/><U78/><E32/><V76/><F76/><W62/><G44/><T40/><D40/><U22/><E78/><V83/><F0/><W16/><G39/><T105/><D128/><U31/><E31/><V41/><F83/><W129/><G129/><T8/><D8/><U82/><E82/><V131/><F131/><W133/><G133/><T134/><D134/><U114/><E22/><V63/><F63/><W87/><G16/><T18/><D18/><U120/><E120/><V10/><F10/><W126/><G126/><T93/><D105/><U17/><E17/><V113/><F107/><W24/><G24/><T13/><D13/><U55/><E114/><V101/><F113/><W53/><G100/><T67/><D67/><U1/><E1/><V66/><F66/><W14/><G14/><T33/><D33/><U110/><E70/><V49/><F101/><W12/><G12/><T23/><D23/><U121/><E121/><V7/><F7/><W124/><G124/><T118/><N who="0" m="45137" /><T27/><DORA hai="2" /><D27/><U15/><E71/><V30/><F30/><RYUUKYOKU ba="1,0" sc="35,15,389,-15,298,-15,278,15" hai0="79,80,86,93,95,97,99,102,112,115" hai3="52,53,56,57,60,62,87,90,94,96,103,109,111" /><INIT seed="3,2,0,4,0,100" ten="50,374,283,293" oya="3" hai0="3,31,129,114,68,102,69,11,0,133,93,103,21" hai1="25,29,23,73,39,33,78,91,53,12,26,16,70" hai2="5,113,34,119,127,10,13,81,51,67,112,18,32" hai3="116,88,80,66,124,72,121,54,107,46,55,49,60"/><W85/><G121/><T90/><D114/><N who="2" m="44138" /><F51/><W62/><G124/><T30/><D93/><U28/><E39/><V95/><F95/><W4/><G116/><T41/><D133/><U57/><E70/><V82/><F67/><W134/><G134/><T52/><D129/><U59/><E91/><V115/><F81/><W44/><G107/><T27/><D41/><U43/><E43/><V58/><F58/><N who="3" m="37207" /><G72/><T36/><D36/><U84/><E73/><V89/><F89/><W7/><G60/><T35/><D21/><U86/><E78/><V61/><F82/><W64/><G64/><T87/><D87/><U37/><E37/><V111/><F61/><W135/><G135/><T19/><D90/><U128/><E59/><V75/><F75/><W40/><G44/><T2/><D11/><U117/><E117/><V74/><F74/><W63/><G63/><T17/><D27/><U6/><E128/><V126/><F115/><W101/><G101/><T20/><D20/><U71/><E71/><V109/><F119/><W110/><G110/><N who="2" m="41993" /><F5/><AGARI ba="2,0" hai="4,5,7,40,46,49,54,55,80,85,88" m="37207" machi="5" ten="30,2900,0" yaku="8,1,54,1" doraHai="100" who="3" fromWho="2" sc="50,0,374,0,283,-35,293,35" /><INIT seed="3,3,0,5,5,44" ten="50,374,248,328" oya="3" hai0="67,4,119,80,93,90,112,31,14,95,68,83,104" hai1="39,121,120,109,43,125,13,59,117,73,132,107,79" hai2="53,29,75,76,3,74,94,85,36,87,1,20,84" hai3="99,86,71,70,55,130,89,45,27,97,17,129,88"/><W32/><G45/><T48/><D68/><N who="3" m="26153" /><G55/><T69/><D69/><U100/><E59/><V102/><F29/><N who="3" m="19519" /><G17/><T49/><D104/><U72/><E117/><V34/><F20/><W122/><G122/><T62/><D119/><U81/><E72/><N who="2" m="27691" /><F76/><W30/><G30/><T82/><D112/><U50/><E50/><V41/><F53/><W116/><G116/><T65/><D31/><U98/><E13/><V127/><F41/><W60/><G60/><T103/><D14/><U10/><E10/><V19/><F19/><W38/><G38/><T133/><D133/><U25/><E132/><V37/><F94/><N who="3" m="54551" /><G89/><T23/><D23/><U108/><E25/><V26/><F26/><W54/><G54/><T63/><D4/><U96/><E96/><V77/><F77/><W7/><G7/><T56/><D103/><U115/><E115/><V118/><F102/><W114/><G114/><T92/><D90/><U21/><E21/><V42/><F42/><W6/><G6/><T105/><D105/><U78/><E78/><V110/><F34/><W8/><G8/><T12/><D12/><U128/><E43/><V18/><F18/><W123/><G123/><T111/><D111/><N who="1" m="42571" /><E39/><N who="2" m="14923" /><F110/><W46/><G46/><T11/><D11/><U57/><E121/><V22/><F118/><W40/><G40/><T61/><REACH who="0" step="1"/><D56/><REACH who="0" ten="40,374,248,328" step="2"/><U2/><E57/><V101/><F22/><W135/><G135/><T0/><D0/><N who="2" m="74" /><F101/><W134/><G134/><T131/><D131/><AGARI ba="3,1" hai="97,99,129,130,131" m="54551,19519,26153" machi="131" ten="30,2900,0" yaku="19,1,54,1" doraHai="44" who="3" fromWho="0" sc="40,-38,374,0,248,0,328,48" owari="2,-50.0,374,17.0,248,-15.0,376,48.0" /></mjloggm>