<mjloggm ver="2.3"><GO type="97" lobby="0"/><UN n0="%E9%9B%B6%E8%90%BD%E6%98%9F%E5%A5%88" n1="%62%6C%61%75%38%38" n2="%E3%83%88%E3%83%88%E3%83%AA%E5%85%88%E7%94%9F%31%39%E6%AD%B3" n3="%62%75%6E%63%68%6F%75" dan="13,14,14,13" rate="1850.13,1929.23,2044.25,1827.04" sx="F,M,F,M"/><TAIKYOKU oya="0"/><INIT seed="0,0,0,1,2,84" ten="250,250,250,250" oya="0" hai0="22,115,12,95,129,35,109,56,2,55,53,128,92" hai1="63,65,40,19,124,34,78,122,8,60,15,75,44" hai2="121,68,14,77,43,52,90,49,72,42,102,26,110" hai3="105,48,107,46,17,16,123,104,23,1,0,127,79"/><T82/><D35/><U27/><E122/><V67/><F121/><W39/><G123/><T106/><D2/><U132/><E124/><V70/><F110/><W3/><G127/><T88/><D106/><U117/><E132/><V4/><F102/><W125/><G125/><T133/><D115/><U57/><E117/><V120/><F120/><W108/><G108/><T71/><D71/><U131/><E131/><N who="0" m="50249" /><D109/><U66/><E78/><V29/><F77/><W45/><G79/><T25/><D12/><U47/><E75/><V114/><F72/><W13/><G39/><T30/><D133/><U9/><E40/><V18/><F4/><W100/><G100/><T69/><D69/><U74/><E74/><V64/><F114/><W76/><G76/><T24/><D24/><U54/><E27/><V118/><F70/><W97/><G97/><T96/><D82/><U31/><E34/><V50/><F118/><W111/><G111/><T11/><D11/><U38/><E38/><V51/><F68/><W134/><G134/><T20/><D20/><U61/><E8/><N who="2" m="6471" /><F26/><W103/><G103/><N who="0" m="60807" /><D56/><U98/><E98/><AGARI ba="0,0" hai="22,25,30,53,55,88,95,98" m="60807,50249" machi="98" ten="30,5800,0" yaku="19,1,52,1,54,1" doraHai="84" who="0" fromWho="1" sc="250,58,250,-58,250,0,250,0" /><INIT seed="0,1,0,3,0,93" ten="308,192,250,250" oya="0" hai0="130,95,69,112,19,98,28,121,34,1,13,62,85" hai1="100,127,55,33,90,111,4,26,104,57,48,37,122" hai2="35,11,53,99,102,63,30,20,80,92,66,21,44" hai3="67,27,116,22,17,9,113,2,60,103,56,119,6"/><T43/><D1/><U5/><E122/><V50/><F35/><W109/><G109/><T71/><D121/><U8/><E37/><V68/><F30/><W97/><REACH who="3" step="1"/><G113/><REACH who="3" ten="308,192,250,240" step="2"/><T132/><D112/><U107/><E111/><V123/><F123/><W32/><G32/><T87/><D34/><U39/><E39/><V75/><REACH who="2" step="1"/><F11/><REACH who="2" ten="308,192,240,240" step="2"/><W3/><G3/><T110/><D110/><U94/><E8/><V10/><F10/><W65/><G65/><T61/><D28/><U105/><E33/><V126/><F126/><W25/><G25/><T23/><D23/><U83/><E26/><V14/><F14/><W106/><AGARI ba="1,2" hai="2,6,9,17,22,27,56,60,67,97,103,106,116,119" machi="106" ten="20,5200,0" yaku="1,1,0,1,7,1,52,1,53,0" doraHai="93" doraHaiUra="70" who="3" fromWho="3" sc="308,-27,192,-14,240,-14,240,75" /><INIT seed="1,0,0,2,1,71" ten="281,178,226,315" oya="1" hai0="72,4,85,37,24,50,44,117,16,45,100,9,74" hai1="94,91,83,73,67,20,92,129,26,38,22,96,57" hai2="1,88,120,47,33,112,135,21,79,101,81,130,86" hai3="35,52,12,89,29,122,18,28,98,105,6,134,13"/><U70/><E129/><V14/><F120/><W99/><G122/><T62/><D117/><U109/><E70/><V102/><F33/><W108/><G134/><T46/><D62/><U55/><E22/><V131/><F1/><W42/><G108/><T107/><D85/><U51/><E109/><V10/><F135/><W95/><G105/><T65/><D65/><U68/><E68/><V77/><F112/><W110/><G110/><T31/><D37/><U114/><E114/><V60/><F21/><W27/><G29/><T5/><D50/><U90/><E67/><V75/><F60/><W104/><G104/><T93/><D107/><U23/><E38/><V123/><F123/><W3/><G3/><T15/><D24/><U126/><E126/><V111/><F111/><W82/><G82/><T54/><D31/><U2/><E2/><V32/><F32/><W58/><G42/><T115/><D54/><U127/><E127/><V36/><F101/><W63/><G6/><T133/><D115/><U19/><E73/><V121/><F102/><W43/><G43/><T116/><D133/><U76/><E23/><V34/><F34/><W61/><G61/><T118/><D116/><U66/><E66/><V103/><F103/><W39/><G39/><T80/><D118/><U8/><E8/><V128/><F75/><N who="0" m="28714" /><D80/><U87/><E92/><V84/><F121/><W56/><G56/><T7/><D93/><U41/><E41/><N who="2" m="22951" /><F84/><W53/><G53/><T69/><D69/><U30/><E30/><V59/><F59/><W124/><G124/><T64/><D100/><AGARI ba="0,0" hai="19,20,26,51,55,57,76,83,87,90,91,94,96,100" machi="100" ten="30,2900,0" yaku="7,1,8,1" doraHai="71" who="1" fromWho="0" sc="281,-29,178,29,226,0,315,0" /><INIT seed="1,1,0,4,4,128" ten="252,207,226,315" oya="1" hai0="23,58,93,50,52,48,10,105,13,4,97,2,124" hai1="22,49,121,16,69,130,92,60,62,75,76,132,104" hai2="42,125,98,38,68,19,87,9,21,123,119,53,103" hai3="94,129,101,80,0,61,116,111,122,102,79,1,88"/><U67/><E104/><V34/><F119/><W106/><G116/><T59/><D105/><U65/><E130/><V15/><F123/><W3/><G122/><T14/><D124/><U12/><E121/><V32/><F68/><W110/><G129/><T41/><D23/><U27/><E76/><V5/><F125/><W20/><G20/><T72/><D72/><U45/><E75/><V11/><F11/><W126/><G126/><T131/><D131/><U17/><E92/><V84/><F53/><W114/><G114/><T83/><D83/><U73/><E73/><V43/><F87/><W99/><G61/><T31/><D31/><U112/><E112/><V44/><F84/><W81/><G79/><T77/><D77/><U95/><E95/><V30/><F30/><W90/><G106/><T35/><D35/><U28/><E132/><V26/><F43/><W18/><G18/><T118/><D118/><U127/><E127/><V82/><F82/><N who="3" m="31851" /><G94/><AGARI ba="1,0" hai="5,9,15,19,21,26,32,34,38,42,44,94,98,103" machi="94" ten="30,1000,0" yaku="7,1" doraHai="128" who="2" fromWho="3" sc="252,0,207,0,226,13,315,-13" /><INIT seed="2,0,0,4,0,52" ten="252,207,239,302" oya="2" hai0="68,98,26,8,65,107,70,13,57,63,16,56,33" hai1="39,84,54,114,18,131,83,0,72,62,97,106,100" hai2="93,47,130,61,134,99,113,10,31,24,103,135,91" hai3="128,121,53,3,123,125,59,75,11,82,86,122,42"/><V7/><F113/><W119/><G119/><T115/><D115/><U32/><E32/><V38/><F130/><W120/><G75/><T69/><D69/><U35/><E35/><V105/><F61/><W44/><G128/><T95/><D70/><U74/><E39/><V6/><F47/><W19/><N who="3" m="31232" /><DORA hai="17" /><W55/><G125/><T67/><D67/><U29/><E29/><V76/><F76/><W111/><G111/><T1/><D1/><U15/><E0/><V71/><F38/><W109/><G109/><T64/><D64/><U30/><E30/><V66/><F66/><W58/><G3/><T110/><D110/><U88/><E131/><V78/><F78/><W102/><G102/><N who="0" m="62935" /><D95/><U36/><E36/><V14/><F7/><W117/><G117/><T37/><D37/><U129/><E114/><V77/><F77/><W25/><G11/><T2/><D2/><U23/><REACH who="1" step="1"/><E129/><REACH who="1" ten="252,197,239,302" step="2"/><V127/><F127/><W104/><G25/><T4/><D33/><U116/><E116/><V28/><F71/><W96/><G104/><T87/><D26/><U101/><E101/><V20/><REACH who="2" step="1"/><F28/><REACH who="2" ten="252,197,229,302" step="2"/><W90/><G19/><T85/><D16/><U27/><E27/><V118/><F118/><W43/><G90/><T48/><D68/><U94/><E94/><V9/><F9/><W21/><G82/><T79/><D79/><U73/><E73/><V81/><F81/><W34/><G34/><T89/><D89/><U5/><E5/><V92/><F92/><W108/><G108/><T51/><D8/><U112/><E112/><V132/><F132/><W124/><G124/><RYUUKYOKU ba="0,2" sc="252,-15,197,15,229,15,302,-15" hai1="15,18,23,54,62,72,74,83,84,88,97,100,106" hai2="6,10,14,20,24,31,91,93,99,103,105,134,135" /><INIT seed="2,1,2,3,1,43" ten="237,212,244,287" oya="2" hai0="74,15,34,75,62,56,22,111,5,69,9,51,3" hai1="132,61,109,54,92,79,65,18,8,58,19,119,113" hai2="31,107,2,32,33,116,11,46,24,0,106,73,78" hai3="133,39,44,135,48,37,134,27,127,4,71,97,89"/><V94/><F94/><BYE who="2" /><N who="3" m="56527" /><G71/><T36/><D111/><U63/><E109/><V1/><F1/><W10/><G27/><T7/><D34/><U125/><E119/><V70/><F70/><W123/><G123/><T59/><D36/><U90/><E113/><V50/><F50/><W117/><G117/><T88/><D69/><U16/><E132/><N who="3" m="33794" /><W104/><DORA hai="49" /><G104/><T110/><D110/><U76/><E125/><V126/><F126/><W67/><G127/><T103/><D103/><U6/><E6/><V128/><F128/><W45/><G67/><T80/><D7/><U35/><E35/><V30/><F30/><W28/><G28/><T25/><D3/><U124/><E124/><V85/><F85/><W93/><G93/><T84/><D51/><U115/><E115/><V52/><F52/><N who="3" m="29703" /><G45/><T68/><D68/><U23/><E65/><V81/><F81/><W95/><G95/><T114/><D114/><U47/><E47/><V105/><F105/><W131/><G131/><T42/><D59/><U91/><E63/><V55/><F55/><W13/><AGARI ba="1,2" hai="4,10,13,37,39" m="29703,33794,56527" machi="13" ten="40,8000,1" yaku="20,1,52,2,54,1" doraHai="43,49" who="3" fromWho="3" sc="237,-21,212,-21,244,-41,287,103" /><INIT seed="3,0,0,2,5,82" ten="216,191,203,390" oya="3" hai0="42,53,73,99,41,109,40,114,66,52,90,70,24" hai1="38,129,22,28,65,117,35,34,118,80,7,75,107" hai2="63,104,31,2,50,43,124,12,97,77,10,18,83" hai3="15,112,62,108,4,96,48,94,60,122,95,127,45"/><W110/><G122/><T36/><D73/><U76/><E38/><V98/><F98/><W17/><G112/><T27/><D114/><U106/><E65/><V57/><F57/><W46/><G127/><T131/><D36/><U56/><E22/><V5/><F5/><W116/><G116/><N who="1" m="44650" /><E7/><V69/><F69/><W81/><G4/><T89/><D109/><N who="3" m="42089" /><G81/><T88/><D131/><U16/><E56/><V6/><F6/><W128/><G128/><T23/><D99/><U47/><E47/><N who="3" m="17930" /><G48/><T105/><D105/><N who="1" m="39947" /><E129/><V11/><F11/><N who="3" m="6399" /><G95/><T123/><D123/><U71/><E71/><V101/><F101/><AGARI ba="0,0" hai="60,62,94,96,101" m="6399,17930,42089" machi="101" ten="30,2900,0" yaku="14,1,10,1" doraHai="82" who="3" fromWho="2" sc="216,0,191,0,203,-29,390,29" owari="216,2.0,191,-21.0,174,-33.0,419,52.0" /></mjloggm>