<mjloggm ver="2.3"><GO type="225" lobby="0"/><UN n0="%6B%61%6D%6F%73%75%6B%65" n1="%E3%83%8F%E3%83%8D%E3%83%A0%E3%83%BC%E3%83%B3%E2%98%85%E6%B2%B3%E7%AB%A5" n2="%E4%BC%9D%E8%AA%AC%E3%81%AE%E3%81%B2%E3%82%88%E3%81%93" n3="%E3%83%88%E3%83%88%E3%83%AA%E5%85%88%E7%94%9F%31%39%E6%AD%B3" dan="17,16,16,17" rate="2237.23,2152.90,2145.05,2194.99" sx="M,M,F,F"/><TAIKYOKU oya="0"/><INIT seed="0,0,0,2,0,116" ten="250,250,250,250" oya="0" hai0="9,34,94,31,56,128,52,59,112,76,44,106,122" hai1="79,11,95,6,40,120,107,105,13,18,97,86,4" hai2="15,74,64,77,0,91,2,99,3,126,17,7,109" hai3="75,46,60,42,85,33,69,102,78,132,82,54,130"/><T66/><D106/><U101/><E40/><V28/><F64/><W24/><G130/><T117/><D112/><U111/><E111/><V134/><F28/><W133/><G102/><T83/><D117/><U61/><E120/><V55/><F109/><W81/><G24/><T73/><D128/><U16/><E18/><V25/><F25/><W39/><G33/><T10/><D34/><U51/><E51/><V1/><F134/><N who="3" m="51819" /><G54/><T12/><D10/><U129/><E129/><V92/><F126/><W29/><G29/><T135/><D31/><U20/><E6/><V103/><F55/><W58/><G58/><T98/><D135/><U89/><E61/><V88/><F7/><W50/><G60/><T70/><D66/><U108/><E108/><V71/><F71/><W131/><G69/><T84/><D122/><U115/><E115/><V67/><F67/><W26/><G26/><T21/><D73/><U22/><E79/><V5/><F5/><W49/><G131/><T124/><D21/><U118/><E118/><V63/><F63/><W104/><G104/><T36/><D124/><U72/><E72/><V14/><F74/><W47/><G47/><T125/><D125/><U37/><E37/><V65/><F65/><W8/><G8/><T110/><D70/><U32/><E32/><V68/><F68/><W38/><G38/><T62/><D110/><U100/><E4/><V113/><F113/><W93/><G81/><T53/><D36/><U114/><E114/><V57/><F77/><W127/><G127/><T23/><D76/><U35/><E35/><V43/><F43/><RYUUKYOKU ba="0,0" sc="250,-15,250,15,250,-15,250,15" hai1="11,13,16,20,22,86,89,95,97,100,101,105,107" hai3="39,42,46,49,50,75,78,82,85,93" /><INIT seed="1,1,0,4,3,103" ten="235,265,235,265" oya="1" hai0="82,46,83,1,125,8,36,34,79,112,123,38,5" hai1="28,67,2,44,23,53,85,76,118,115,59,43,14" hai2="108,11,127,113,32,87,22,24,17,73,111,29,72" hai3="55,16,80,121,128,66,92,25,10,70,102,7,126"/><U89/><E2/><V104/><F127/><W88/><G121/><T68/><D82/><U117/><E115/><V98/><F113/><W62/><G126/><T63/><D112/><U61/><E76/><V95/><F11/><W15/><G128/><T4/><D4/><U9/><E67/><V50/><F50/><W110/><G110/><N who="2" m="42025" /><F87/><W101/><G80/><T77/><D77/><U64/><E64/><V124/><F124/><W119/><G119/><T27/><D125/><U135/><E135/><V60/><F60/><W33/><G55/><T75/><D123/><U109/><E109/><V31/><F104/><W93/><G93/><T99/><D99/><U91/><E85/><V3/><F3/><W84/><G33/><T21/><D21/><U54/><E54/><V39/><F39/><W45/><G45/><T40/><D38/><U52/><E53/><V47/><F47/><W65/><G65/><N who="0" m="41023" /><D27/><N who="1" m="16511" /><E117/><V81/><F32/><AGARI ba="1,0" hai="1,5,8,32,34,36,40,46,75,79,83" m="41023" machi="32" ten="30,3900,0" yaku="25,1,33,2" doraHai="103" who="0" fromWho="2" sc="235,42,265,0,235,-42,265,0" /><INIT seed="2,0,0,4,4,110" ten="277,265,193,265" oya="2" hai0="39,19,44,65,58,2,17,121,56,62,92,67,24" hai1="42,135,101,104,35,109,29,114,3,57,96,116,132" hai2="12,118,10,79,94,87,53,129,106,54,41,43,100" hai3="51,32,45,20,122,126,11,128,70,89,1,119,14"/><V5/><F106/><W99/><G70/><T46/><D2/><U112/><E116/><V30/><F118/><W7/><G119/><T98/><D121/><U97/><E3/><V81/><F129/><W26/><G122/><T4/><D4/><U75/><E42/><V25/><F43/><W74/><G74/><T103/><D39/><U83/><E57/><V40/><F41/><W34/><G128/><T105/><D105/><U133/><E109/><V77/><F77/><W71/><G71/><T9/><D9/><U18/><E18/><V85/><F40/><W13/><G126/><T78/><D78/><N who="1" m="44511" /><E96/><V37/><F37/><W127/><G127/><T63/><D19/><U31/><E31/><V113/><F113/><W50/><G45/><T52/><D67/><U107/><E107/><V102/><F87/><W55/><G55/><N who="2" m="21001" /><F94/><N who="3" m="56783" /><G34/><T47/><D47/><U66/><E66/><V21/><AGARI ba="0,0" hai="5,10,12,21,25,30,79,81,85,100,102" m="21001" machi="21" ten="30,1500,0" yaku="8,1" doraHai="110" who="2" fromWho="2" sc="277,-5,265,-5,193,15,265,-5" /><INIT seed="2,1,0,3,3,37" ten="272,260,208,260" oya="2" hai0="82,52,26,28,81,18,64,113,29,87,4,96,32" hai1="58,60,117,109,97,57,121,66,22,93,53,98,118" hai2="38,12,86,21,107,54,120,40,95,49,14,72,9" hai3="68,33,83,130,127,124,111,114,105,7,123,6,99"/><V78/><F120/><W19/><G123/><T59/><D113/><U100/><E121/><V15/><F107/><W108/><G68/><T10/><D18/><U129/><E129/><V80/><F38/><W5/><G33/><T17/><D17/><U94/><E109/><N who="3" m="42058" /><G130/><T76/><D29/><U104/><E22/><V39/><F39/><W56/><G114/><T67/><D96/><U1/><E1/><V8/><F21/><W70/><G70/><T24/><D82/><U125/><E125/><BYE who="1" /><N who="3" m="48202" /><G19/><T92/><D26/><U27/><E27/><V30/><F30/><W2/><G56/><T3/><D92/><U77/><E77/><V36/><F36/><W128/><G128/><T115/><D115/><U71/><E71/><V44/><REACH who="2" step="1"/><F54/><REACH who="2" ten="272,260,198,260" step="2"/><W51/><G105/><T62/><AGARI ba="1,1" hai="3,4,10,24,28,32,52,59,62,64,67,76,81,87" machi="62" ten="20,2700,0" yaku="0,1,7,1,54,1" doraHai="37" who="0" fromWho="0" sc="272,40,260,-8,198,-14,260,-8" /><INIT seed="3,0,0,1,5,120" ten="312,252,184,252" oya="3" hai0="126,22,58,85,131,84,52,121,98,122,18,132,111" hai1="13,88,0,101,74,50,109,37,5,108,23,135,65" hai2="53,127,96,80,42,110,73,82,87,77,78,34,15" hai3="83,47,62,92,29,59,3,72,124,60,90,64,20"/><W21/><G3/><T112/><D131/><U11/><E11/><V76/><F34/><W94/><G124/><T129/><D129/><U97/><E97/><V81/><F42/><W46/><G72/><T106/><D111/><U28/><E28/><V32/><F32/><W113/><G113/><T66/><D66/><U61/><E61/><V14/><F127/><W19/><G83/><T35/><D35/><U107/><E107/><V40/><F40/><W7/><G7/><T93/><D106/><U16/><E16/><V49/><F110/><W55/><G29/><T57/><D57/><U114/><E114/><V103/><F73/><W100/><G100/><T48/><D132/><U51/><E51/><V125/><F125/><W54/><G21/><T75/><D75/><U86/><E86/><V31/><F31/><W8/><G8/><T79/><D112/><U6/><E6/><V41/><F41/><W102/><G102/><T45/><D45/><N who="3" m="16905" /><G62/><T4/><D4/><U118/><E118/><V39/><F39/><W1/><G1/><T130/><D130/><U117/><E117/><V68/><F68/><W56/><G56/><T25/><D126/><U134/><E134/><V105/><F87/><N who="0" m="33354" /><D122/><U123/><E123/><V95/><REACH who="2" step="1"/><F105/><REACH who="2" ten="312,252,174,252" step="2"/><W89/><G94/><T10/><D121/><U91/><E91/><N who="3" m="34826" /><G92/><T36/><D36/><U9/><E9/><V38/><F38/><W44/><G20/><T69/><D69/><U24/><E24/><V30/><F30/><W128/><G128/><T26/><D22/><U115/><E115/><V17/><F17/><W67/><G19/><RYUUKYOKU ba="0,1" sc="312,-15,252,-15,174,15,252,15" hai2="14,15,49,53,76,77,78,80,81,82,95,96,103" hai3="44,54,55,59,60,64,67" /><INIT seed="3,1,1,2,3,40" ten="297,237,189,267" oya="3" hai0="22,80,26,46,95,125,117,132,58,69,13,24,64" hai1="135,84,35,15,0,134,28,57,124,27,128,83,71" hai2="73,36,111,103,77,81,41,74,49,105,17,89,53" hai3="6,59,56,129,106,86,72,107,29,87,96,88,52"/><W113/><G113/><T75/><D69/><U54/><E54/><V99/><F111/><W61/><G72/><T100/><D75/><U48/><E48/><V55/><F74/><W14/><G129/><T68/><D68/><U76/><E76/><V120/><F120/><W43/><G43/><T1/><D1/><U39/><E39/><V66/><F66/><N who="3" m="39207" /><G107/><T131/><D132/><UN n1="%E3%83%8F%E3%83%8D%E3%83%A0%E3%83%BC%E3%83%B3%E2%98%85%E6%B2%B3%E7%AB%A5" /><U34/><E71/><V121/><F121/><W42/><G42/><T25/><D80/><U51/><E0/><V115/><F115/><W92/><G106/><T16/><D125/><U101/><E101/><V82/><F36/><W79/><G29/><T30/><D117/><U108/><E108/><V9/><F9/><N who="3" m="4407" /><G79/><T32/><D131/><U98/><E128/><V112/><F112/><W37/><G37/><T62/><D32/><U44/><E124/><V7/><F7/><W45/><G45/><T65/><D46/><U11/><E35/><V5/><F5/><W109/><G109/><T133/><D133/><U104/><E57/><V91/><F17/><W119/><G119/><T94/><D65/><U93/><E104/><V122/><F122/><W70/><G70/><T33/><D100/><N who="1" m="60495" /><E44/><N who="2" m="25743" /><F82/><W19/><G19/><T50/><D33/><U97/><E134/><V85/><F91/><W60/><AGARI ba="1,1" hai="52,59,60,86,87,88,92,96" m="4407,39207" machi="60" ten="30,6000,0" yaku="8,1,54,2" doraHai="40" who="3" fromWho="3" sc="297,-21,237,-21,189,-21,267,73" owari="276,8.0,216,-18.0,168,-33.0,340,43.0" /></mjloggm>