<mjloggm ver="2.3"><GO type="97" lobby="0"/><UN n0="%E5%B0%B1%E6%B4%BB%E7%94%9F%40%E5%B7%9D%E6%9D%91%E8%BB%8D%E5%9B%A3" n1="%6A%75%72%69%65%73%75" n2="%72%6F%6F%6B%69%65%61%6E" n3="%63%6F%6E%75%6C%61" dan="14,14,14,14" rate="1931.22,1901.90,1950.47,1910.25" sx="M,M,M,M"/><TAIKYOKU oya="0"/><INIT seed="0,0,0,2,5,11" ten="250,250,250,250" oya="0" hai0="37,90,69,123,98,63,117,38,105,7,101,55,13" hai1="65,96,39,82,66,109,67,53,43,87,114,52,99" hai2="16,110,122,19,34,116,84,49,50,91,12,68,9" hai3="112,83,3,36,124,45,8,4,54,41,60,23,74"/><T57/><D117/><U95/><E109/><V18/><F122/><W40/><G41/><T0/><D123/><U22/><E114/><V120/><F68/><W1/><G112/><T81/><D69/><U77/><E96/><V17/><F120/><W107/><G107/><T26/><D0/><U130/><E130/><V25/><F110/><W32/><G32/><T44/><D44/><U104/><E104/><V56/><F116/><W72/><G124/><T118/><D118/><U35/><E35/><V128/><F128/><W102/><G102/><T135/><D135/><U131/><E131/><V125/><F125/><W2/><G23/><T27/><D38/><U88/><REACH who="1" step="1"/><E22/><REACH who="1" ten="250,240,250,250" step="2"/><N who="2" m="13511" /><F34/><W100/><G100/><T33/><D33/><U21/><E21/><V75/><F75/><W62/><G74/><T46/><D98/><U119/><E119/><V113/><F113/><W97/><G97/><T64/><D105/><U5/><E5/><N who="2" m="3119" /><F56/><N who="3" m="34839" /><G62/><T30/><D101/><U79/><E79/><AGARI ba="0,1" hai="1,2,3,4,8,36,40,45,72,79,83" m="34839" machi="79" ten="30,1000,0" yaku="25,1" doraHai="11" who="3" fromWho="1" sc="250,0,240,-10,250,0,250,20" /><INIT seed="1,0,0,0,3,114" ten="250,230,250,270" oya="1" hai0="7,112,37,126,107,15,87,56,115,36,21,73,74" hai1="79,18,69,91,116,127,65,67,49,95,132,70,89" hai2="51,105,22,43,122,59,121,123,39,57,64,113,135" hai3="94,40,6,82,108,109,101,5,77,133,32,31,29"/><U11/><E79/><V71/><F105/><W130/><G40/><T38/><D107/><U96/><E49/><V10/><F10/><W81/><G133/><T76/><D126/><U23/><E11/><V17/><F113/><W124/><G124/><T44/><D44/><U118/><E127/><V86/><F86/><W106/><G106/><T16/><D7/><N who="3" m="2569" /><G130/><T24/><D24/><U110/><E23/><V98/><F98/><N who="3" m="59607" /><G32/><T13/><D13/><U19/><E95/><V12/><F135/><W52/><G52/><T120/><D120/><U0/><E132/><V66/><F71/><W46/><G46/><T25/><D25/><U117/><E96/><V30/><F30/><N who="3" m="11275" /><G77/><T119/><D119/><U20/><E0/><V63/><F39/><W62/><G62/><T100/><D112/><U50/><E50/><V90/><F90/><N who="1" m="34313" /><E110/><AGARI ba="0,0" hai="81,82,108,109,110" m="11275,59607,2569" machi="110" ten="30,1000,0" yaku="14,1" doraHai="114" who="3" fromWho="1" sc="250,0,230,-10,250,0,270,10" /><INIT seed="2,0,0,1,1,68" ten="250,220,250,280" oya="2" hai0="44,81,75,72,76,128,96,106,114,111,80,42,14" hai1="30,66,63,67,110,22,125,0,119,3,118,69,86" hai2="48,132,33,56,102,27,107,134,21,88,95,89,31" hai3="117,84,99,97,53,51,130,10,5,32,41,109,123"/><V129/><F129/><W57/><G32/><T94/><D114/><U124/><E86/><V71/><F71/><W7/><G117/><T8/><D128/><U90/><E90/><V120/><F120/><W55/><G123/><T79/><D106/><U23/><E110/><V98/><F33/><W4/><G109/><T2/><D111/><U54/><E54/><N who="2" m="31815" /><F107/><W58/><G41/><T47/><D2/><U1/><E30/><V116/><F116/><N who="1" m="44585" /><E67/><V105/><F105/><W115/><G115/><T15/><D8/><U127/><AGARI ba="0,0" hai="0,1,3,22,23,63,66,69,124,125,127" m="44585" machi="127" ten="50,1600,0" yaku="18,1" doraHai="68" who="1" fromWho="1" sc="250,-4,220,16,250,-8,280,-4" /><INIT seed="3,0,0,0,1,47" ten="246,236,242,276" oya="3" hai0="116,28,6,100,26,38,103,7,52,53,36,110,85" hai1="131,35,130,73,107,134,49,60,44,90,84,75,105" hai2="17,89,112,40,86,97,125,70,117,64,128,120,34" hai3="8,67,88,87,33,71,104,65,16,127,119,12,58"/><W123/><G104/><T32/><D116/><U135/><E35/><V30/><F117/><W83/><G119/><T2/><D110/><U111/><E60/><V94/><F112/><W99/><G123/><T114/><D114/><U76/><E76/><V68/><F120/><W55/><G33/><T79/><D38/><U121/><E121/><V132/><F40/><W41/><G41/><T59/><D36/><U91/><E111/><V82/><F132/><N who="1" m="50729" /><E105/><V27/><F128/><N who="1" m="49193" /><E107/><V57/><F125/><W98/><G127/><T56/><D2/><U23/><E23/><V93/><F93/><W37/><G37/><T80/><D100/><U109/><E109/><V50/><F17/><W77/><G71/><T118/><D103/><U66/><E66/><N who="3" m="25098" /><G77/><T19/><D19/><U74/><E84/><V4/><F4/><W45/><G45/><T11/><D118/><U13/><E13/><V24/><F64/><W62/><AGARI ba="0,0" hai="8,12,16,55,58,62,83,87,88,98,99" m="25098" machi="62" ten="30,6000,0" yaku="8,1,54,2" doraHai="47" who="3" fromWho="3" sc="246,-20,236,-20,242,-20,276,60" owari="226,3.0,216,-28.0,222,-18.0,336,43.0" /></mjloggm>