<mjloggm ver="2.3"><GO type="169" lobby="0"/><UN n0="%E5%81%BD%E5%96%84%E8%80%85%E9%AB%98%E6%A9%8B%E3%81%BF%E3%81%AA%E3%81%BF" n1="%E3%81%B1%E3%83%BC%E3%81%9D%E3%82%93" n2="%E3%82%A6%E3%83%AB%E3%83%88%E3%83%A9%E7%AB%8B%E7%9B%B4" n3="%E6%B0%B7%E6%B2%B3%E9%A2%A8" dan="16,16,17,17" rate="2078.07,2079.73,2141.94,2135.75" sx="F,M,M,M"/><TAIKYOKU oya="0"/><INIT seed="0,0,0,5,1,103" ten="250,250,250,250" oya="0" hai0="43,28,10,112,0,81,124,85,91,125,89,60,40" hai1="96,8,133,52,84,12,1,30,63,90,27,18,22" hai2="53,31,35,88,129,72,61,3,123,106,111,62,2" hai3="71,33,38,46,109,45,73,11,23,78,20,26,14"/><T51/><D112/><U98/><E133/><V41/><F72/><W34/><G71/><T48/><D28/><U134/><E134/><V107/><F41/><N who="0" m="15946" /><D60/><N who="2" m="23146" /><F31/><W13/><G73/><T49/><D0/><N who="2" m="42" /><F53/><W130/><G78/><N who="0" m="46263" /><D10/><U36/><E36/><V115/><F35/><W132/><G132/><T83/><D83/><N who="1" m="49439" /><E1/><V54/><F54/><W82/><G82/><T39/><D39/><U135/><E135/><V122/><F88/><W93/><G11/><T102/><D102/><U116/><E116/><V24/><F24/><W92/><G38/><T59/><D59/><AGARI ba="0,0" hai="8,12,18,22,27,30,52,59,63,96,98" m="49439" machi="59" ten="30,2000,0" yaku="8,1,54,1" doraHai="103" who="1" fromWho="0" sc="250,-20,250,20,250,0,250,0" /><INIT seed="1,0,0,3,5,98" ten="230,270,250,250" oya="1" hai0="57,18,55,62,128,124,68,58,16,28,10,106,116" hai1="22,45,54,26,107,122,117,4,38,133,51,60,120" hai2="12,78,31,95,91,52,93,19,81,83,115,92,118" hai3="24,76,129,50,110,56,25,119,125,101,102,47,109"/><U66/><E117/><V2/><F2/><W69/><G69/><T112/><D116/><U53/><E133/><V49/><F31/><W46/><G119/><T23/><D112/><U111/><E4/><V97/><F115/><W1/><G1/><T100/><D68/><U0/><E0/><V131/><F131/><W11/><G11/><T132/><D132/><U21/><E107/><V99/><F118/><W8/><G8/><T73/><D73/><U3/><E3/><V13/><F13/><W127/><G76/><T94/><D106/><U67/><E38/><V35/><F35/><W40/><G56/><T17/><D128/><U84/><E111/><N who="3" m="42506" /><G47/><T20/><D124/><N who="3" m="47689" /><G129/><T82/><D82/><U104/><E122/><V5/><F5/><W9/><G9/><T80/><D80/><U87/><E120/><V59/><F78/><W96/><G96/><N who="0" m="59415" /><D10/><U88/><E53/><V27/><F93/><W90/><G90/><T41/><D41/><U103/><E66/><V74/><F74/><W15/><G15/><N who="0" m="9247" /><D57/><U135/><E135/><V65/><F12/><W105/><G105/><T14/><D14/><U48/><E104/><V130/><F130/><W108/><G108/><T89/><D89/><U42/><E88/><N who="2" m="55431" /><F83/><W43/><G43/><T134/><D134/><U34/><E42/><V113/><F81/><W77/><G77/><T63/><D63/><U30/><E60/><V39/><F113/><W70/><G70/><T79/><D79/><U32/><E45/><V72/><F72/><W85/><G85/><T86/><D86/><U36/><E87/><V61/><F61/><RYUUKYOKU ba="0,0" sc="230,15,270,-15,250,-15,250,15" hai0="17,18,23,28,55,58,62" hai3="24,25,40,46,50,101,102" /><INIT seed="2,1,0,0,1,60" ten="245,255,235,265" oya="2" hai0="37,65,51,45,33,105,77,84,81,4,117,19,73" hai1="54,38,125,76,48,23,56,106,103,53,26,124,115" hai2="1,32,80,96,79,2,15,55,25,16,39,92,127" hai3="20,5,12,42,66,6,120,44,99,107,10,49,133"/><V83/><F39/><W110/><G120/><T67/><D37/><U41/><E115/><V132/><F127/><N who="1" m="48713" /><E76/><V95/><F132/><W18/><G110/><T74/><D105/><U93/><E106/><V0/><F55/><W108/><G108/><T27/><D117/><U111/><E111/><V63/><F63/><W57/><G133/><T98/><D4/><U112/><E112/><V22/><F92/><W14/><G107/><T62/><D98/><N who="1" m="59855" /><E38/><V90/><REACH who="2" step="1"/><F79/><REACH who="2" ten="245,255,225,265" step="2"/><W89/><G42/><T94/><D62/><U7/><E53/><V50/><F50/><W119/><G44/><T61/><D94/><U109/><E41/><V101/><F101/><W97/><G49/><T114/><D114/><U13/><E109/><V64/><F64/><W85/><G119/><T71/><D67/><U123/><E48/><V72/><F72/><W11/><G66/><T126/><D126/><U58/><E54/><V21/><F21/><W30/><G20/><T69/><D69/><U131/><E23/><V122/><F122/><W70/><G70/><T28/><D73/><U82/><E123/><V75/><F75/><W47/><G47/><T87/><D74/><U88/><E58/><V40/><F40/><W116/><G57/><T31/><D87/><U52/><E56/><V24/><F24/><W118/><G118/><T17/><D51/><U91/><E26/><V35/><F35/><W29/><G116/><T113/><D45/><U104/><E52/><V34/><F34/><W86/><G89/><T59/><D113/><U3/><E104/><V130/><F130/><W121/><G121/><RYUUKYOKU ba="1,1" sc="245,-15,255,-15,225,15,265,15" hai2="0,1,2,15,16,22,25,32,80,83,90,95,96" hai3="5,6,10,11,12,14,18,29,30,85,86,97,99" /><INIT seed="2,2,1,2,1,76" ten="230,240,240,280" oya="2" hai0="88,22,114,7,59,87,36,115,86,15,49,91,90" hai1="121,46,44,26,8,127,117,32,80,65,104,77,45" hai2="105,16,60,55,9,71,119,132,126,81,50,62,35" hai3="13,124,23,107,89,61,72,17,34,14,64,27,24"/><V125/><F105/><W29/><G124/><N who="2" m="47721" /><F35/><W33/><G33/><T2/><D36/><U111/><E104/><V102/><F102/><W48/><G72/><T120/><D120/><U12/><E117/><V20/><F119/><W113/><G113/><T95/><D2/><U122/><E127/><V47/><F132/><W99/><G48/><T98/><D114/><U40/><E65/><V73/><F9/><W78/><G78/><T42/><D115/><U74/><E111/><V69/><F73/><W131/><G131/><T93/><D7/><U4/><REACH who="1" step="1"/><E40/><REACH who="1" ten="230,230,240,280" step="2"/><V133/><F133/><W106/><G106/><T10/><D42/><U110/><E110/><V68/><F81/><W41/><G41/><T3/><D93/><U63/><E63/><V112/><F112/><W100/><REACH who="3" step="1"/><G89/><REACH who="3" ten="230,230,240,270" step="2"/><T21/><D91/><U57/><E57/><AGARI ba="2,3" hai="13,14,17,23,24,27,29,34,57,61,64,99,100,107" machi="57" ten="30,7700,0" yaku="1,1,2,1,7,1,53,1" doraHai="76" doraHaiUra="52" who="3" fromWho="1" sc="230,0,230,-83,240,0,270,113" /><INIT seed="3,0,0,5,2,52" ten="230,147,240,383" oya="3" hai0="57,19,62,8,84,86,34,71,7,82,60,122,35" hai1="48,13,20,16,70,128,101,43,30,50,27,90,10" hai2="38,12,87,126,26,67,118,58,59,115,14,69,24" hai3="120,97,125,88,39,111,18,9,64,106,56,11,61"/><W112/><G120/><T135/><D122/><U110/><E70/><V121/><F38/><W23/><G39/><T119/><D119/><U47/><E128/><V44/><F115/><W2/><G2/><T93/><D135/><U55/><E110/><V25/><F118/><W46/><G112/><T3/><D19/><U116/><E116/><V89/><F121/><W66/><G125/><T80/><D93/><U78/><E78/><V100/><F100/><W1/><G1/><T75/><D75/><U133/><E133/><V40/><F67/><W114/><G114/><T0/><D0/><U17/><E101/><V72/><F69/><W109/><G46/><T83/><D62/><U102/><E102/><V41/><F72/><W77/><G77/><T132/><D71/><U92/><E17/><V96/><F96/><W63/><G106/><T54/><REACH who="0" step="1"/><D132/><REACH who="0" ten="220,147,240,383" step="2"/><U104/><E104/><V94/><F126/><W130/><G130/><T22/><D22/><U124/><E124/><V98/><F98/><W53/><G63/><T76/><D76/><U37/><REACH who="1" step="1"/><E55/><REACH who="1" ten="220,137,240,383" step="2"/><V95/><F89/><W131/><G131/><T6/><D6/><U91/><E91/><V32/><F40/><W99/><G88/><T113/><D113/><U73/><E73/><V49/><F41/><W51/><G111/><T68/><D68/><U65/><E65/><V123/><F123/><W4/><G109/><T31/><D31/><U134/><E134/><V28/><F28/><W108/><G108/><T81/><N who="0" m="20480" /><DORA hai="21" /><T79/><D79/><U129/><E129/><V127/><F127/><W74/><G74/><RYUUKYOKU ba="0,2" sc="220,15,137,15,240,-15,383,-15" hai0="3,7,8,34,35,54,57,60,84,86" hai1="10,13,16,20,27,30,37,43,47,48,50,90,92" /><INIT seed="4,1,2,3,3,39" ten="235,152,225,368" oya="0" hai0="41,62,67,58,53,57,28,123,72,61,35,7,29" hai1="129,54,113,15,91,25,101,17,88,80,13,96,70" hai2="131,133,44,21,130,111,82,46,59,106,116,100,79" hai3="108,24,86,34,66,98,50,64,102,16,118,9,76"/><T52/><D72/><U105/><E70/><V11/><F111/><W73/><G73/><T27/><D123/><U122/><E122/><V127/><F127/><W63/><G108/><T132/><D132/><U90/><E129/><N who="2" m="49163" /><F133/><W8/><G118/><T95/><D7/><U124/><E124/><V4/><F59/><W22/><G34/><T78/><D78/><U6/><E113/><V18/><F100/><W75/><G75/><T74/><D74/><U5/><E80/><V12/><F106/><W125/><G125/><T84/><D29/><U114/><E114/><V20/><F20/><W68/><G64/><T65/><REACH who="0" step="1"/><D41/><REACH who="0" ten="225,152,225,368" step="2"/><U36/><E5/><V60/><F79/><W31/><G31/><T126/><D126/><U128/><E6/><V121/><F121/><W134/><G134/><T19/><D19/><U51/><E128/><V26/><F116/><W3/><G76/><T107/><D107/><U47/><E36/><V135/><F135/><W92/><G16/><T117/><D117/><U77/><E77/><V42/><F42/><W87/><G3/><T120/><D120/><U89/><N who="1" m="22528" /><DORA hai="33" /><U109/><E109/><V40/><F40/><W23/><G86/><T103/><D103/><U119/><E119/><V93/><F93/><W43/><G87/><T49/><D49/><U115/><E115/><V83/><F82/><W110/><G110/><T37/><D37/><U48/><E51/><V81/><F83/><W30/><G50/><T32/><D32/><U71/><E17/><V14/><F81/><W104/><G104/><T45/><D45/><N who="2" m="17514" /><F14/><N who="1" m="5129" /><E25/><V85/><F85/><RYUUKYOKU ba="1,3" sc="225,10,152,10,225,10,368,-30" hai0="27,28,35,52,53,57,58,61,62,65,67,84,95" hai1="47,48,54,71,96,101,105" hai2="4,11,12,18,21,26,60" /><INIT seed="4,2,3,0,2,83" ten="235,162,235,338" oya="0" hai0="132,126,66,135,68,8,23,58,65,62,87,84,22" hai1="113,92,131,85,72,75,50,35,129,122,29,44,14" hai2="67,125,1,16,18,105,124,121,80,111,47,77,93" hai3="108,123,6,30,27,60,79,94,78,64,74,90,56"/><T76/><D126/><N who="2" m="48746" /><F105/><W110/><G123/><T43/><D43/><U112/><E122/><V103/><F1/><W40/><G40/><T99/><D8/><U133/><E14/><V9/><F9/><W115/><G6/><T54/><D99/><U0/><E0/><V88/><F103/><W130/><G115/><N who="1" m="44106" /><E133/><N who="0" m="51273" /><D65/><U51/><E29/><V91/><F111/><W107/><G107/><T5/><D5/><U89/><E35/><V19/><F121/><W36/><G36/><T73/><D73/><N who="1" m="28235" /><E50/><V41/><F67/><W3/><G3/><T100/><D100/><U102/><E102/><V31/><F31/><W39/><G39/><T127/><D127/><U38/><E38/><N who="2" m="21943" /><F93/><W106/><G106/><T37/><D37/><U116/><E116/><V12/><F12/><W59/><G108/><T7/><D7/><U55/><AGARI ba="2,3" hai="44,51,55,85,89,92,129,131" m="28235,44106" machi="55" ten="40,5200,0" yaku="15,1,11,1,52,1" doraHai="83" who="1" fromWho="1" sc="235,-28,162,88,235,-15,338,-15" /><INIT seed="5,0,0,1,2,7" ten="207,250,220,323" oya="1" hai0="58,127,16,86,65,121,87,11,30,113,93,96,132" hai1="114,64,67,13,47,44,31,133,52,117,66,111,14" hai2="68,23,129,92,89,80,135,54,46,126,108,84,123" hai3="29,122,56,77,128,50,75,91,28,95,112,10,36"/><U131/><E117/><V97/><F68/><W40/><G122/><T110/><D110/><U62/><E111/><V59/><F108/><W103/><G103/><T74/><D74/><U57/><E133/><V41/><F135/><W3/><G112/><T6/><D132/><U33/><E131/><V72/><F72/><W26/><G26/><T5/><D113/><U102/><E102/><V25/><F126/><W12/><G3/><T115/><D115/><U61/><E114/><V120/><F129/><W27/><G27/><T78/><D127/><U49/><E31/><V38/><F54/><N who="3" m="31831" /><G36/><T83/><D30/><U20/><E33/><V42/><F59/><W37/><G37/><T118/><D118/><U15/><REACH who="1" step="1"/><E20/><REACH who="1" ten="207,240,220,323" step="2"/><V69/><F23/><W82/><G29/><T79/><D121/><U125/><E125/><V39/><F123/><W60/><G28/><T134/><D134/><U109/><E109/><V53/><F120/><W45/><G128/><T35/><D35/><U19/><E19/><V34/><F34/><W71/><G71/><T94/><D16/><U119/><E119/><V100/><F69/><W70/><G70/><T48/><D11/><U73/><E73/><V24/><F25/><W63/><G10/><T4/><D4/><U21/><E21/><V104/><F24/><W17/><G17/><T43/><D5/><U101/><E101/><V55/><F104/><W22/><G22/><T9/><D6/><U99/><E99/><V8/><F8/><W106/><G106/><T130/><D9/><U116/><E116/><V105/><F105/><W81/><G75/><RYUUKYOKU ba="0,1" sc="207,-15,240,15,220,15,323,-15" hai1="13,14,15,44,47,49,52,57,61,62,64,66,67" hai2="38,39,41,42,46,53,55,80,84,89,92,97,100" /><INIT seed="5,1,1,3,1,28" ten="192,255,235,308" oya="1" hai0="106,121,61,26,10,24,47,48,79,2,63,74,22" hai1="33,57,77,46,50,135,80,119,93,53,20,75,54" hai2="29,41,13,114,94,105,58,42,19,49,125,62,86" hai3="30,11,8,12,90,6,82,67,99,1,4,31,83"/><U3/><E3/><V17/><F105/><W39/><G39/><T21/><D106/><U14/><E33/><V98/><F29/><W115/><G115/><T97/><D121/><U7/><E119/><V15/><F86/><W129/><G129/><T69/><D97/><U32/><E32/><V66/><F125/><W56/><G82/><T107/><D107/><U88/><E135/><V51/><F114/><W37/><G37/><T16/><D69/><U60/><E7/><V96/><F96/><W101/><G90/><T23/><D74/><U27/><E14/><V40/><F15/><W102/><G83/><T133/><D79/><U71/><E71/><V132/><F132/><W131/><G131/><T128/><D133/><U65/><E65/><V116/><F116/><W81/><G81/><T5/><D128/><U78/><E80/><V120/><F120/><W52/><G67/><T127/><D127/><U104/><E104/><V85/><F85/><W18/><G4/><T118/><D118/><U103/><E103/><N who="2" m="60887" /><F19/><W70/><G70/><T36/><D36/><U109/><E75/><V43/><F43/><W91/><G102/><T113/><D113/><U59/><E109/><V122/><F122/><W111/><G111/><T68/><D68/><U87/><E46/><V34/><F34/><W130/><G130/><T123/><D123/><U117/><E117/><V0/><F0/><W126/><G101/><T134/><D134/><U92/><E92/><V73/><F73/><W84/><G126/><T89/><D89/><U110/><E110/><V25/><F25/><N who="0" m="9834" /><D16/><AGARI ba="1,1" hai="16,20,27,50,53,54,57,59,60,77,78,87,88,93" machi="16" ten="30,11600,0" yaku="7,1,8,1,54,2" doraHai="28" who="1" fromWho="0" sc="192,-119,255,129,235,0,308,0" /><INIT seed="5,2,0,2,3,128" ten="73,384,235,308" oya="1" hai0="86,34,132,57,123,61,89,84,114,67,117,110,53" hai1="95,19,40,48,44,25,102,1,83,14,82,90,99" hai2="75,92,97,98,27,135,21,129,133,0,80,30,24" hai3="54,78,4,77,96,47,119,111,8,29,108,71,72"/><U125/><E1/><V13/><F0/><W107/><G71/><T59/><D110/><U134/><E134/><N who="2" m="51211" /><F129/><W63/><G29/><T122/><D132/><U87/><E125/><V56/><F56/><W2/><G119/><T43/><D34/><U18/><E25/><N who="2" m="16687" /><F13/><W130/><G130/><T120/><D117/><U36/><E36/><V127/><F127/><W51/><G63/><T101/><D43/><U55/><E40/><V105/><F105/><W88/><G107/><T100/><D114/><U91/><E14/><V20/><F20/><W6/><G6/><T15/><D15/><U118/><E118/><V103/><F98/><W11/><G11/><T58/><D86/><AGARI ba="2,0" hai="18,19,44,48,55,82,83,86,87,90,91,95,99,102" machi="86" ten="40,3900,0" yaku="9,1,8,1" doraHai="128" who="1" fromWho="0" sc="73,-45,384,45,235,0,308,0" /><INIT seed="5,3,0,1,5,49" ten="28,429,235,308" oya="1" hai0="41,4,90,60,20,47,81,24,83,12,1,14,88" hai1="36,45,25,13,98,108,116,74,32,38,118,106,61" hai2="59,58,48,22,111,8,77,30,133,0,53,50,10" hai3="105,129,28,82,131,21,51,92,87,72,126,3,26"/><U93/><E74/><V124/><F111/><W120/><G120/><T7/><D60/><U54/><E106/><V80/><F0/><W110/><G110/><T132/><D132/><U43/><E108/><V121/><F121/><W68/><G105/><T91/><D1/><U34/><E38/><V94/><F94/><W73/><G126/><T27/><D47/><U71/><E13/><V127/><F133/><W44/><G68/><T6/><D41/><U39/><E39/><V104/><F104/><W31/><G31/><T86/><D20/><U85/><E85/><V11/><F22/><W55/><G92/><T100/><D100/><U79/><E79/><V2/><F30/><W23/><G23/><T15/><REACH who="0" step="1"/><D86/><REACH who="0" ten="18,429,235,308" step="2"/><U67/><E34/><V96/><F2/><W123/><G3/><T76/><D76/><U117/><E61/><V107/><F124/><W18/><G123/><T5/><N who="0" m="1024" /><DORA hai="97" /><T95/><D95/><U52/><E93/><V29/><F127/><W16/><G73/><T109/><D109/><U17/><E45/><V134/><F134/><W46/><G46/><T84/><D84/><U42/><E43/><V112/><F107/><W65/><G72/><T19/><D19/><U66/><E42/><V89/><F96/><W103/><G103/><T64/><D64/><U115/><E98/><V125/><F125/><W119/><G65/><T128/><D128/><U35/><E67/><V69/><F77/><N who="3" m="46543" /><G129/><T63/><D63/><U33/><E66/><V62/><F62/><W102/><G102/><T122/><D122/><U56/><E32/><V101/><F101/><RYUUKYOKU ba="3,1" sc="18,30,429,-10,235,-10,308,-10" hai0="12,14,15,24,27,81,83,88,90,91" /><INIT seed="6,4,1,1,3,40" ten="48,419,225,298" oya="2" hai0="113,77,52,34,57,118,36,85,122,35,38,65,117" hai1="76,61,18,37,66,123,80,95,93,19,116,70,107" hai2="104,73,2,81,69,87,6,10,88,44,62,46,49" hai3="78,20,9,83,55,115,4,59,130,67,79,14,96"/><V119/><F104/><W27/><G130/><T5/><D122/><U16/><E107/><V100/><F100/><W71/><G115/><T94/><D65/><U33/><E37/><V91/><F119/><W32/><G32/><T39/><D113/><U133/><E123/><V41/><F73/><W75/><G78/><T43/><D5/><U31/><E116/><N who="0" m="44649" /><D43/><U22/><E133/><V99/><F99/><W134/><G134/><T3/><D3/><U111/><E111/><V112/><F112/><W42/><G42/><T45/><D57/><U90/><E33/><V125/><F125/><W51/><G96/><T17/><D17/><U124/><E124/><V84/><F49/><W121/><G121/><T108/><D108/><U86/><E31/><V11/><F41/><W48/><G67/><T103/><D103/><U28/><E28/><V97/><F97/><W23/><G71/><T56/><D56/><U132/><E132/><V50/><F50/><W72/><G75/><T58/><D58/><U12/><E95/><V127/><F127/><W131/><G131/><T60/><D60/><U68/><E68/><V54/><F54/><W135/><G135/><T98/><D98/><AGARI ba="4,1" hai="12,16,18,19,22,61,66,70,76,80,86,90,93,98" machi="98" ten="30,2000,0" yaku="7,1,54,1" doraHai="40" who="1" fromWho="0" sc="48,-32,419,42,225,0,298,0" /><INIT seed="7,0,0,2,3,5" ten="16,461,225,298" oya="3" hai0="134,26,66,41,93,19,74,78,82,135,23,117,129" hai1="63,9,37,131,107,62,51,69,14,30,115,73,28" hai2="90,114,67,42,64,116,81,12,34,43,32,38,49" hai3="94,22,97,109,96,33,47,122,99,44,101,83,103"/><W132/><G33/><T1/><D117/><U123/><E37/><V10/><F114/><W108/><G122/><T31/><D1/><U86/><E107/><V61/><F38/><W54/><G132/><N who="0" m="50731" /><D129/><U58/><E73/><V4/><F116/><W29/><G83/><T0/><D0/><U121/><E115/><V106/><F106/><W7/><G7/><T72/><D41/><U119/><E119/><V89/><F67/><W40/><G54/><T20/><D66/><U39/><E39/><V120/><F120/><W118/><G118/><T92/><D72/><U15/><E15/><AGARI ba="0,0" hai="15,19,20,23,26,31,74,78,82,92,93" m="50731" machi="15" ten="30,1000,0" yaku="20,1" doraHai="5" who="0" fromWho="1" sc="16,10,461,-10,225,0,298,0" owari="26,-47.0,451,54.0,225,-17.0,298,10.0" /></mjloggm>