<mjloggm ver="2.3"><GO type="169" lobby="0"/><UN n0="%52%6F%62%69%4E" n1="%73%69%62%69%79%61" n2="%E3%83%88%E3%83%88%E3%83%AA%E5%85%88%E7%94%9F%31%39%E6%AD%B3" n3="%E3%81%A8%E3%82%8C%E3%82%82%E3%82%8D" dan="17,16,18,17" rate="2150.11,2114.96,2171.50,2162.30" sx="M,M,F,M"/><TAIKYOKU oya="0"/><INIT seed="0,0,0,4,3,103" ten="250,250,250,250" oya="0" hai0="54,73,63,101,52,36,112,68,64,75,55,116,107" hai1="109,67,88,43,61,45,37,34,48,51,50,74,76" hai2="4,114,27,78,29,106,10,8,100,119,96,84,91" hai3="31,6,1,92,32,20,59,12,118,30,105,19,42"/><T122/><D112/><U15/><E34/><V129/><F114/><W66/><G118/><T79/><D116/><U33/><E33/><V80/><F119/><W70/><G70/><T56/><D122/><U89/><E74/><V9/><F129/><W77/><G77/><T53/><D36/><U83/><E109/><V126/><F126/><W24/><G42/><T131/><D131/><U62/><E15/><V58/><F58/><W18/><G105/><T3/><D3/><U65/><E83/><V120/><F120/><W69/><G69/><T72/><D79/><U97/><E76/><V108/><F108/><W85/><G1/><T110/><D110/><U28/><E28/><V13/><REACH who="2" step="1"/><F78/><REACH who="2" ten="250,250,240,250" step="2"/><W41/><G59/><T117/><D117/><U104/><E65/><V57/><F57/><W81/><G66/><T60/><REACH who="0" step="1"/><D72/><REACH who="0" ten="240,250,240,250" step="2"/><U123/><E123/><V39/><F39/><W99/><G32/><AGARI ba="0,2" hai="4,8,9,10,13,27,29,32,80,84,91,96,100,106" machi="32" ten="30,3900,0" yaku="1,1,7,1,52,1,53,0" doraHai="103" doraHaiUra="124" who="2" fromWho="3" sc="240,0,250,0,240,59,250,-39" /><INIT seed="1,0,0,3,3,87" ten="240,250,299,211" oya="1" hai0="55,84,70,38,11,35,25,41,29,45,120,32,59" hai1="66,2,26,133,23,33,95,103,58,91,36,68,18" hai2="121,28,21,63,82,116,127,106,126,56,94,100,111" hai3="85,74,46,86,39,7,115,30,67,72,113,6,129"/><U75/><E75/><V44/><F116/><W8/><G67/><T93/><D70/><U24/><E2/><V4/><F121/><W102/><G102/><T52/><D120/><U57/><E36/><V97/><F111/><W80/><G30/><T42/><D42/><U90/><E68/><V15/><F44/><W96/><G96/><T22/><D11/><U69/><E69/><V109/><F109/><W98/><G98/><T128/><D128/><U114/><E114/><V119/><F119/><W61/><G61/><T130/><D130/><U104/><E104/><V47/><F47/><W60/><G60/><T83/><D93/><U43/><E43/><V81/><F106/><W12/><G129/><T27/><D27/><U50/><E103/><V89/><F100/><W122/><G122/><T1/><D1/><U79/><E79/><V76/><F4/><W62/><G62/><T20/><D20/><U108/><E108/><V49/><F49/><W73/><G85/><T105/><D105/><U17/><E95/><V134/><F134/><W19/><G46/><T54/><REACH who="0" step="1"/><D59/><REACH who="0" ten="230,250,299,211" step="2"/><U135/><E23/><V78/><F15/><W37/><G115/><T40/><D40/><U101/><E135/><V51/><F21/><W64/><G113/><T88/><AGARI ba="0,1" hai="22,25,29,32,35,38,41,45,52,54,55,83,84,88" machi="88" ten="30,8000,1" yaku="1,1,0,1,52,1,54,2,53,0" doraHai="87" doraHaiUra="107" who="0" fromWho="0" sc="230,90,250,-40,299,-20,211,-20" /><INIT seed="2,0,0,4,1,81" ten="320,210,279,191" oya="2" hai0="105,2,75,68,1,133,85,114,132,127,41,121,84" hai1="108,23,11,60,44,130,106,76,35,36,118,110,43" hai2="25,120,107,30,122,51,55,32,92,26,63,62,77" hai3="12,53,21,42,52,17,47,14,38,56,4,58,3"/><V115/><F107/><W5/><G3/><N who="0" m="1035" /><D114/><U116/><E35/><V101/><F115/><W61/><REACH who="3" step="1"/><G12/><REACH who="3" ten="320,210,279,181" step="2"/><T45/><D121/><U102/><E116/><V72/><F122/><W28/><G28/><T0/><D0/><U86/><E118/><V67/><F120/><W99/><G99/><T8/><D132/><U13/><E13/><V104/><F30/><W9/><G9/><T98/><D8/><U70/><E11/><V119/><F119/><W126/><G126/><T80/><D127/><U131/><E110/><V59/><F26/><W124/><G124/><T33/><D133/><U82/><E108/><V94/><F25/><W83/><G83/><T78/><D80/><U103/><E82/><V7/><F72/><W19/><G19/><T29/><D75/><U49/><E130/><V117/><F117/><W93/><G93/><T46/><D29/><U50/><E131/><V89/><F92/><W22/><G22/><T91/><D78/><U100/><E23/><V10/><F10/><W16/><G16/><T113/><D98/><U31/><E106/><V34/><F32/><W123/><G123/><T39/><D105/><U66/><E31/><V128/><F34/><W64/><G64/><T135/><D33/><U73/><E73/><V88/><F67/><W97/><G97/><T37/><D135/><U20/><E20/><V6/><F128/><W96/><G96/><T111/><D111/><U74/><E74/><V79/><F104/><W40/><G40/><T109/><D41/><U95/><E76/><N who="2" m="29259" /><F94/><W48/><AGARI ba="0,1" hai="4,5,14,17,21,38,42,47,48,52,53,56,58,61" machi="48" ten="20,8000,1" yaku="1,1,0,1,7,1,54,1,53,1" doraHai="81" doraHaiUra="57" who="3" fromWho="3" sc="320,-20,210,-20,279,-40,181,90" /><INIT seed="3,0,0,1,0,49" ten="300,190,239,271" oya="3" hai0="126,54,99,55,123,89,66,36,43,37,65,133,9" hai1="40,13,44,18,46,128,85,20,7,116,38,98,93" hai2="104,63,69,19,105,35,22,84,78,127,2,121,114" hai3="62,75,56,87,60,28,124,25,29,33,122,51,70"/><W91/><G122/><T5/><D123/><U82/><E128/><V1/><F121/><W100/><G75/><T108/><D108/><U94/><E116/><V74/><F114/><W131/><G124/><T57/><D126/><U31/><E98/><V53/><F127/><W79/><G79/><T15/><D133/><U112/><E112/><V52/><F74/><W42/><G100/><T32/><D32/><U95/><E7/><V21/><F35/><W10/><G29/><T76/><D76/><U12/><E44/><V109/><F109/><W80/><G131/><T14/><D37/><U90/><REACH who="1" step="1"/><E31/><REACH who="1" ten="300,180,239,271" step="2"/><V24/><F104/><W58/><G28/><T73/><D99/><U101/><E101/><V39/><F105/><W23/><G33/><T120/><D5/><U6/><E6/><V11/><F1/><W45/><G45/><T86/><D120/><U27/><AGARI ba="0,1" hai="12,13,18,20,27,38,40,46,82,85,90,93,94,95" machi="27" ten="30,4000,0" yaku="1,1,0,1,53,1" doraHai="49" doraHaiUra="68" who="1" fromWho="1" sc="300,-10,180,50,239,-10,271,-20" /><INIT seed="4,0,0,1,5,3" ten="290,230,229,251" oya="0" hai0="40,26,83,107,25,20,116,12,121,78,33,68,119" hai1="86,87,79,21,69,104,112,32,117,128,127,80,75" hai2="16,62,50,8,14,71,28,39,74,64,111,48,38" hai3="1,15,22,92,133,58,23,35,67,70,5,29,0"/><T101/><D121/><U27/><E32/><V108/><F74/><W53/><G133/><T100/><D68/><U9/><E69/><V72/><F72/><W106/><G106/><T59/><D40/><U126/><E9/><V122/><F122/><W132/><G132/><T110/><D33/><U47/><E117/><V41/><F28/><W88/><G67/><T96/><D100/><U34/><E34/><V120/><F120/><W89/><G89/><T82/><D110/><U93/><E47/><V31/><F31/><W36/><G36/><T63/><D12/><U102/><E21/><V10/><F39/><W49/><G70/><T18/><D26/><U37/><E27/><V19/><F38/><W13/><G35/><T65/><REACH who="0" step="1"/><D83/><REACH who="0" ten="280,230,229,251" step="2"/><U103/><E80/><V130/><F41/><W45/><G0/><T57/><D57/><U6/><E102/><V81/><F81/><W129/><G1/><T24/><D24/><U77/><E103/><V115/><F111/><W55/><G13/><T51/><D51/><U30/><E37/><V52/><F50/><W90/><G49/><T98/><D98/><U61/><E127/><V131/><F108/><W42/><G15/><T46/><D46/><U85/><E126/><V109/><F109/><W95/><G58/><T7/><D7/><U54/><E6/><V123/><F123/><W125/><G5/><T56/><D56/><U114/><E61/><V134/><F134/><W124/><G125/><T97/><D97/><U105/><E54/><V113/><F52/><W60/><G124/><T73/><AGARI ba="0,1" hai="18,20,25,59,63,65,73,78,82,96,101,107,116,119" machi="73" ten="20,3900,0" yaku="1,1,0,1,7,1,53,0" doraHai="3" doraHaiUra="4" who="0" fromWho="0" sc="280,49,230,-13,229,-13,251,-13" /><INIT seed="4,1,0,2,0,13" ten="329,217,216,238" oya="0" hai0="39,10,55,114,57,100,27,123,71,102,99,35,30" hai1="23,135,68,33,34,84,90,104,17,113,43,46,83" hai2="82,75,81,1,86,109,5,14,56,125,49,0,59" hai3="127,79,25,73,118,108,60,134,89,64,106,124,129"/><T22/><D123/><U132/><E104/><V63/><F109/><W19/><G108/><T112/><D71/><U51/><E68/><V111/><F111/><W2/><G118/><T74/><D39/><U93/><E83/><V38/><F38/><W128/><G2/><T45/><D45/><U101/><E101/><V54/><F125/><N who="3" m="48203" /><G106/><T36/><D36/><U72/><E72/><V95/><F95/><W26/><G89/><T20/><D74/><U78/><E78/><V31/><F31/><W133/><G79/><T130/><D10/><U44/><E44/><V15/><F75/><W66/><G73/><T69/><D69/><U37/><E37/><V52/><F81/><W96/><G96/><T40/><D40/><U91/><E91/><V28/><F28/><W62/><G19/><T98/><D130/><N who="3" m="50281" /><G25/><T70/><D98/><U53/><E43/><V92/><F92/><W16/><G62/><T131/><D131/><U18/><E18/><V12/><REACH who="2" step="1"/><F5/><REACH who="2" ten="329,217,206,238" step="2"/><W7/><G7/><T80/><D80/><U42/><E93/><V94/><F94/><W29/><G29/><T4/><D30/><U119/><E119/><V126/><F126/><W61/><G61/><T85/><D4/><U97/><E97/><V11/><F11/><W41/><G41/><T121/><D99/><U58/><E42/><V32/><F32/><W77/><G77/><AGARI ba="1,1" hai="0,1,12,14,15,49,52,54,56,59,63,77,82,86" machi="77" ten="40,8000,1" yaku="1,1,54,1,53,3" doraHai="13" doraHaiUra="8" who="2" fromWho="3" sc="329,0,217,0,206,93,238,-83" /><INIT seed="5,0,0,2,1,123" ten="329,217,299,155" oya="1" hai0="69,11,54,7,112,87,121,95,27,102,15,120,66" hai1="32,104,89,105,119,19,98,1,5,25,80,126,33" hai2="71,75,23,108,99,100,50,72,132,61,51,85,18" hai3="76,0,49,47,115,86,46,81,67,133,53,116,107"/><U109/><E119/><V90/><F108/><W96/><G0/><T22/><D112/><U130/><E1/><V44/><F132/><W8/><G133/><T55/><D66/><U43/><E5/><V122/><F122/><N who="0" m="47210" /><D69/><U14/><E43/><V70/><F70/><W134/><G134/><T135/><D135/><U103/><E105/><V31/><F31/><W48/><G115/><T125/><D125/><U127/><E130/><V82/><F51/><W20/><G67/><T38/><D38/><U29/><E33/><V17/><F61/><W16/><G8/><T6/><D6/><U128/><E128/><V4/><F71/><W21/><G116/><T92/><D102/><U3/><E3/><V39/><F39/><W101/><REACH who="3" step="1"/><G16/><REACH who="3" ten="329,217,299,145" step="2"/><T42/><D11/><U131/><E127/><V63/><F18/><W74/><G74/><T24/><D7/><U40/><E126/><V73/><F4/><W36/><G36/><T12/><D15/><U59/><E14/><N who="2" m="9655" /><F73/><W88/><G88/><T62/><D12/><U52/><E89/><V110/><F75/><W118/><G118/><T56/><D24/><U97/><E25/><V35/><F72/><W129/><G129/><T13/><D27/><U94/><E131/><V65/><F65/><W68/><G68/><T10/><D13/><U124/><E124/><V9/><F9/><W2/><G2/><T26/><D10/><U57/><E103/><V93/><F100/><W79/><G79/><T28/><D26/><U113/><E113/><V60/><F90/><W117/><G117/><T45/><D22/><U78/><E29/><RYUUKYOKU ba="0,1" sc="329,-10,217,-10,299,-10,145,30" hai3="20,21,46,47,48,49,53,76,81,86,96,101,107" /><INIT seed="6,1,1,4,2,72" ten="319,207,289,175" oya="2" hai0="125,50,127,67,99,126,130,84,18,61,118,106,68" hai1="93,116,16,54,134,23,9,87,13,7,53,88,89" hai2="78,75,105,122,70,86,80,110,5,20,92,15,111" hai3="37,101,46,49,4,114,133,98,56,30,96,31,57"/><V104/><F70/><W112/><G37/><T39/><D39/><U2/><E134/><V79/><F122/><W82/><G4/><T21/><D130/><U62/><E116/><V22/><F5/><W59/><G133/><T124/><D118/><U43/><E43/><V109/><F15/><W66/><G66/><T19/><D124/><U71/><E71/><V121/><F121/><W42/><G82/><T60/><D61/><U69/><E69/><V29/><F29/><W58/><N who="3" m="14848" /><DORA hai="3" /><W12/><G12/><T100/><D21/><N who="2" m="8298" /><F92/><W47/><G47/><T52/><D84/><U120/><E62/><V119/><F119/><W90/><G90/><T115/><D115/><N who="3" m="44073" /><G96/><T36/><D36/><U91/><E120/><V103/><F103/><W113/><N who="3" m="44081" /><W55/><DORA hai="102" /><G42/><T25/><D25/><N who="1" m="14567" /><E2/><V32/><F32/><W35/><G35/><T135/><D135/><U24/><E24/><V85/><F78/><W132/><G132/><T10/><D10/><U40/><E40/><V77/><F79/><W108/><G108/><T27/><D27/><U6/><E6/><V14/><F14/><W76/><G76/><T107/><D125/><U34/><E34/><V94/><F85/><W83/><G83/><T73/><D126/><U38/><E38/><V128/><F128/><W48/><G49/><T123/><D127/><U11/><E11/><V17/><F17/><W81/><G81/><T65/><D19/><U51/><E51/><V74/><F74/><W44/><G44/><T117/><D50/><U63/><E63/><V41/><F41/><W28/><G28/><RYUUKYOKU ba="1,1" sc="319,-30,207,10,289,10,175,10" hai1="7,9,13,53,54,87,88,89,91,93" hai2="75,77,80,86,94,104,105,109,110,111" hai3="30,31,46,48,55,98,101" /><INIT seed="6,2,1,5,2,119" ten="289,217,299,185" oya="2" hai0="18,117,5,8,0,121,126,82,93,59,111,6,16" hai1="31,116,72,122,23,76,130,89,83,79,37,44,109" hai2="80,87,64,98,43,13,15,29,134,27,100,49,57" hai3="34,66,125,61,54,124,36,62,60,70,78,133,3"/><V91/><F134/><W2/><G34/><T53/><D111/><U63/><E116/><V12/><F43/><W81/><G36/><T17/><D121/><U69/><E109/><V77/><F77/><W129/><G133/><T48/><D117/><U68/><E89/><V40/><F40/><W110/><G110/><T55/><D126/><N who="3" m="48745" /><G129/><T7/><D82/><U127/><E127/><V88/><F91/><W10/><G10/><T30/><D30/><U105/><E79/><V94/><F49/><W14/><G14/><T90/><REACH who="0" step="1"/><D55/><REACH who="0" ten="279,217,299,185" step="2"/><U28/><E83/><V104/><F80/><W128/><G128/><T56/><D56/><U135/><E28/><V67/><REACH who="2" step="1"/><F57/><REACH who="2" ten="279,217,289,185" step="2"/><N who="3" m="34871" /><G61/><T71/><D71/><U86/><E68/><V42/><F42/><W33/><G33/><AGARI ba="2,3" hai="12,13,15,27,29,33,64,67,87,88,94,98,100,104" machi="33" ten="40,3900,0" yaku="1,1,54,1,53,0" doraHai="119" doraHaiUra="52" who="2" fromWho="3" sc="279,0,217,0,289,75,185,-45" /><INIT seed="6,3,0,0,0,128" ten="279,217,364,140" oya="2" hai0="119,19,64,5,52,73,122,92,18,91,51,13,45" hai1="58,30,26,76,80,11,29,36,133,66,78,33,87" hai2="3,98,71,46,110,61,82,111,75,89,120,114,112" hai3="31,94,7,81,125,79,6,93,23,109,53,39,97"/><V49/><F120/><W83/><G109/><N who="2" m="41481" /><F3/><W57/><G125/><T17/><D73/><U113/><E36/><V105/><F105/><W100/><G39/><T129/><D129/><U116/><E116/><V56/><F71/><W2/><G2/><T95/><D122/><U24/><E113/><N who="2" m="43627" /><F98/><W134/><G94/><T72/><D119/><U130/><E133/><V124/><F124/><W41/><G41/><T86/><D72/><U65/><E130/><V54/><F89/><W14/><G83/><N who="0" m="49631" /><D64/><U115/><E115/><V90/><F90/><W15/><G134/><T37/><D37/><U126/><E126/><V69/><F82/><W20/><G81/><T8/><AGARI ba="3,0" hai="5,8,13,17,18,19,45,51,52,92,95" m="49631" machi="8" ten="30,2000,0" yaku="8,1,54,1" doraHai="128" who="0" fromWho="0" sc="279,29,217,-8,364,-13,140,-8" /><INIT seed="7,0,0,2,5,73" ten="308,209,351,132" oya="3" hai0="131,93,7,134,117,116,87,57,111,64,50,119,81" hai1="41,24,31,72,15,127,22,16,53,2,40,27,89" hai2="37,120,5,8,47,75,126,59,108,58,84,90,49" hai3="36,79,32,97,112,43,48,6,101,99,10,20,86"/><W26/><G36/><T103/><D111/><U70/><E70/><V125/><F108/><W21/><G32/><T38/><D38/><U35/><E72/><V45/><F75/><W88/><G112/><T62/><D7/><U71/><E71/><V19/><F37/><W63/><G63/><T85/><D131/><U46/><E127/><N who="2" m="48651" /><F19/><W100/><G43/><T33/><D33/><U102/><E102/><N who="3" m="39530" /><G48/><T133/><D50/><U51/><E2/><N who="2" m="55" /><F120/><W23/><G26/><T92/><D62/><U128/><E128/><V107/><F107/><W67/><G67/><T65/><D65/><U82/><E27/><V106/><F106/><W115/><G115/><T77/><D64/><U55/><E55/><N who="2" m="30127" /><F47/><W96/><G6/><T105/><D57/><U34/><E34/><V61/><F61/><W39/><G39/><T1/><D1/><U129/><E129/><V12/><F12/><W124/><G124/><T17/><D17/><U132/><E132/><N who="0" m="50793" /><D105/><U135/><E135/><V109/><F109/><W68/><G68/><T66/><D66/><U121/><E121/><V78/><F78/><W118/><G118/><T76/><D103/><U28/><E28/><V44/><F44/><W69/><G69/><T52/><D52/><U95/><REACH who="1" step="1"/><E82/><AGARI ba="0,0" hai="58,59,82,84,90" m="30127,55,48651" machi="82" ten="30,1000,0" yaku="18,1" doraHai="73" who="2" fromWho="1" sc="308,0,209,-10,351,10,132,0" /><AGARI ba="0,0" hai="76,77,81,82,85,87,92,93,116,117,119" m="50793" machi="82" ten="40,8000,1" yaku="20,1,34,2,52,2" doraHai="73" who="0" fromWho="1" sc="308,80,199,-80,361,0,132,0" owari="388,49.0,119,-38.0,361,16.0,132,-27.0" /></mjloggm>