<mjloggm ver="2.3"><GO type="169" lobby="0"/><UN n0="%E3%82%A8%E3%83%AB%E3%82%AF" n1="%68%65%61%6C%74%68%79%37" n2="%E3%82%A6%E3%83%AB%E3%83%88%E3%83%A9%E7%AB%8B%E7%9B%B4" n3="%E3%81%8A%E3%81%A7%E3%82%93%E3%81%A4%E3%81%8F%E3%82%8D%EF%BC%81" dan="16,16,17,16" rate="2016.66,2079.17,2148.59,2035.74" sx="M,M,M,M"/><TAIKYOKU oya="0"/><INIT seed="0,0,0,0,2,121" ten="250,250,250,250" oya="0" hai0="90,122,54,52,99,114,51,76,56,106,39,28,59" hai1="126,45,84,19,27,73,33,118,17,110,117,20,134" hai2="5,1,29,55,47,9,71,11,80,112,69,124,34" hai3="32,68,113,38,104,135,97,125,77,102,64,23,24"/><T91/><D122/><U93/><E73/><V31/><F112/><W111/><G23/><T74/><D114/><U133/><E45/><V61/><F124/><W75/><G125/><T107/><D39/><U6/><E126/><V44/><F80/><N who="3" m="45119" /><G113/><T2/><D2/><U119/><E93/><V95/><F95/><W78/><G78/><T123/><D123/><U57/><E57/><V65/><F34/><W10/><G10/><T82/><D28/><N who="1" m="17511" /><E33/><V98/><F98/><W115/><G115/><T49/><REACH who="0" step="1"/><D99/><REACH who="0" ten="240,250,250,250" step="2"/><U94/><E118/><V116/><F116/><W63/><G38/><T62/><D62/><U103/><E119/><V26/><F31/><N who="3" m="19559" /><G135/><T8/><D8/><U3/><E117/><V35/><F11/><W109/><AGARI ba="0,1" hai="63,64,68,97,102,104,109,111" m="19559,45119" machi="109" ten="30,7900,0" yaku="25,1,23,1,52,2" doraHai="121" who="3" fromWho="3" sc="240,-39,250,-20,250,-20,250,89" /><INIT seed="1,0,0,4,5,9" ten="201,230,230,339" oya="1" hai0="57,12,7,18,52,2,3,11,77,110,111,117,22" hai1="31,86,53,34,135,131,82,61,85,21,55,102,98" hai2="81,84,127,41,119,15,0,91,105,8,87,112,56" hai3="114,29,16,67,25,76,14,26,74,39,99,90,5"/><U122/><E122/><V116/><F112/><W108/><G39/><T121/><D117/><U68/><E135/><V80/><F127/><W106/><G5/><T59/><D77/><U128/><E34/><V95/><F105/><W107/><G114/><T69/><D69/><U43/><E43/><V89/><F0/><W17/><G74/><T42/><D42/><U37/><E37/><V6/><F41/><W103/><G76/><T72/><D72/><U66/><E31/><V78/><REACH who="2" step="1"/><F56/><REACH who="2" ten="201,230,220,339" step="2"/><W123/><G106/><T71/><D71/><U97/><E68/><V79/><F79/><W93/><G107/><T125/><D125/><U88/><E131/><V32/><F32/><W54/><G123/><T115/><D115/><U36/><E128/><V49/><F49/><W28/><G108/><N who="0" m="41515" /><D121/><U45/><E36/><V38/><F38/><W133/><G133/><T58/><D3/><U62/><E45/><V27/><F27/><W4/><G26/><T120/><D120/><U63/><E63/><AGARI ba="0,1" hai="2,7,11,12,18,22,52,57,58,59,63" m="41515" machi="63" ten="30,3900,0" yaku="14,1,52,1,54,1" doraHai="9" who="0" fromWho="1" sc="201,49,230,-39,220,0,339,0" /><INIT seed="2,0,0,1,1,19" ten="250,191,220,339" oya="2" hai0="6,98,21,72,39,64,111,3,42,131,69,9,107" hai1="73,5,38,47,96,115,10,68,75,83,22,94,28" hai2="118,70,20,134,35,113,132,26,77,16,97,74,103" hai3="12,92,37,52,24,116,14,95,89,11,99,7,46"/><V104/><F118/><W110/><G116/><T126/><D72/><U78/><E115/><V48/><F113/><W71/><G110/><T125/><D111/><U8/><E68/><V23/><F70/><W13/><G71/><T29/><D131/><U25/><E73/><V18/><F35/><W112/><G112/><T54/><D54/><U133/><E133/><N who="2" m="51307" /><F48/><N who="3" m="28695" /><G37/><T119/><D119/><U91/><REACH who="1" step="1"/><E5/><REACH who="1" ten="250,181,220,339" step="2"/><V81/><F26/><W59/><G24/><T128/><D6/><U117/><E117/><V106/><F106/><W127/><G127/><T67/><D107/><U31/><E31/><V84/><F74/><W17/><G7/><T66/><D29/><U58/><E58/><V120/><F120/><W50/><G59/><T122/><D122/><U0/><E0/><V90/><F77/><W30/><G30/><T40/><D3/><U2/><E2/><V105/><F105/><W88/><G17/><AGARI ba="0,1" hai="16,17,18,20,23,81,84,90,97,103,104" m="51307" machi="17" ten="30,11600,0" yaku="20,1,52,2,54,1" doraHai="19" who="2" fromWho="3" sc="250,0,181,0,220,126,339,-116" /><INIT seed="2,1,0,3,5,123" ten="250,181,346,223" oya="2" hai0="29,66,25,40,33,91,77,6,54,75,24,56,106" hai1="124,42,73,35,37,95,115,27,1,81,126,86,90" hai2="78,41,14,85,43,119,64,134,93,102,58,50,22" hai3="4,84,88,34,109,108,80,117,10,62,100,104,61"/><V65/><F119/><W118/><G34/><T39/><D106/><U99/><E1/><V11/><F134/><W132/><G132/><T76/><D75/><U116/><E37/><V107/><F107/><W94/><G104/><T8/><D66/><U51/><E35/><V3/><F3/><W19/><G19/><T110/><D110/><N who="3" m="42601" /><G100/><T122/><D25/><U112/><E27/><V127/><F22/><W36/><G36/><T46/><D91/><U26/><E26/><V133/><F133/><W114/><G114/><N who="1" m="43562" /><E51/><V9/><F50/><W5/><G5/><T21/><D122/><U67/><E67/><V89/><F102/><W131/><G131/><T38/><D39/><U32/><E42/><V17/><F17/><W71/><G71/><T128/><D128/><U98/><E32/><V83/><F43/><W60/><G80/><T48/><D33/><U15/><E116/><V53/><F41/><W45/><G45/><T28/><D28/><U92/><E15/><AGARI ba="1,0" hai="4,10,15,60,61,62,84,88,94,117,118" m="42601" machi="15" ten="30,8000,1" yaku="14,1,52,3,54,1" doraHai="123" who="3" fromWho="1" sc="250,0,181,-83,346,0,223,83" /><AGARI ba="1,0" hai="6,8,15,21,24,29,38,40,46,48,54,56,76,77" machi="15" ten="30,1000,0" yaku="7,1" doraHai="123" who="0" fromWho="1" sc="250,10,98,-10,346,0,306,0" /><INIT seed="3,0,0,3,2,122" ten="260,88,346,306" oya="3" hai0="44,68,36,126,46,56,119,69,79,18,120,101,103" hai1="16,73,38,54,93,125,75,134,43,37,64,80,105" hai2="35,40,5,86,45,71,124,104,48,82,20,102,99" hai3="63,21,4,52,110,31,76,58,60,57,23,62,98"/><W42/><G42/><T15/><D119/><U66/><E105/><V49/><F35/><W95/><G76/><T96/><D120/><U127/><E93/><V94/><F71/><W65/><G110/><T47/><D36/><N who="1" m="13931" /><E80/><V112/><F124/><N who="1" m="47689" /><E16/><V77/><F112/><W53/><G4/><T116/><D79/><U135/><E43/><V123/><F123/><W97/><G31/><T107/><D116/><U30/><E30/><V8/><F20/><W84/><G84/><T25/><D25/><U13/><E13/><N who="2" m="5263" /><F49/><W6/><G6/><T29/><D29/><U0/><E0/><V85/><F85/><W41/><G41/><T132/><D132/><N who="1" m="50731" /><E54/><V115/><F115/><W50/><G53/><T11/><D103/><U111/><E111/><V92/><AGARI ba="0,0" hai="40,45,48,77,82,86,92,94,99,102,104" m="5263" machi="92" ten="30,1100,0" yaku="25,1" doraHai="122" who="2" fromWho="2" sc="260,-3,88,-3,346,11,306,-5" /><INIT seed="4,0,0,2,1,19" ten="257,85,357,301" oya="0" hai0="123,84,66,114,59,5,20,109,52,28,100,47,22" hai1="58,51,86,103,115,61,64,6,78,23,27,93,41" hai2="2,24,133,80,94,104,102,131,77,70,15,125,18" hai3="42,75,81,26,48,53,91,50,65,74,130,0,116"/><T119/><D119/><U10/><E115/><V110/><F110/><W92/><G116/><T89/><D123/><U132/><E132/><V113/><F125/><W68/><G0/><T57/><D114/><U95/><E103/><V17/><F131/><W124/><G124/><T63/><D109/><U13/><E78/><V46/><F70/><W34/><G42/><T83/><D100/><U106/><E106/><V134/><F46/><W101/><G101/><T135/><D135/><U40/><E51/><V35/><F94/><W127/><G48/><N who="0" m="28703" /><D5/><U117/><E117/><V33/><F2/><W44/><G127/><T25/><D57/><U128/><E128/><V62/><F113/><W36/><G36/><T108/><D108/><U45/><E45/><V76/><F102/><W43/><G43/><T69/><D69/><U118/><E118/><V31/><F104/><W79/><G75/><T7/><D7/><U71/><E71/><V32/><F35/><W8/><G68/><T126/><D126/><U85/><E85/><V105/><F33/><W49/><G34/><T4/><D4/><U37/><E37/><V56/><F105/><W99/><G74/><T90/><D22/><U9/><E9/><N who="2" m="6383" /><F32/><W16/><G8/><T98/><D98/><U11/><E11/><V87/><F134/><W72/><G130/><T1/><D1/><U12/><E12/><V121/><F121/><W54/><G99/><T21/><D21/><U129/><E129/><V55/><F133/><W73/><G73/><T97/><D97/><U29/><E86/><V30/><F77/><AGARI ba="0,0" hai="20,25,28,59,63,66,77,83,84,89,90" m="28703" machi="77" ten="30,5800,0" yaku="8,1,52,1,54,1" doraHai="19" who="0" fromWho="2" sc="257,58,85,0,357,-58,301,0" /><INIT seed="4,1,0,0,5,134" ten="315,85,299,301" oya="0" hai0="2,14,101,1,63,37,52,89,102,77,84,4,0" hai1="100,123,94,126,28,109,124,38,48,116,96,10,119" hai2="69,58,112,62,95,64,42,99,120,7,91,114,49" hai3="83,111,115,80,117,108,21,118,55,45,97,31,76"/><T127/><D37/><U51/><E123/><V85/><F120/><W122/><G97/><T104/><D104/><U43/><E28/><V5/><F85/><N who="3" m="48263" /><G83/><T129/><D77/><U33/><E33/><V68/><F42/><W40/><G55/><T53/><D129/><U15/><E109/><N who="3" m="42058" /><G21/><T61/><D52/><U46/><E51/><V8/><F49/><W57/><G57/><T73/><D53/><U29/><E29/><V86/><F99/><W66/><G66/><T26/><D73/><U103/><E38/><V24/><F24/><W9/><G9/><T11/><D26/><U92/><E92/><V20/><F20/><W59/><G59/><T23/><D23/><U6/><REACH who="1" step="1"/><E103/><REACH who="1" ten="315,75,299,301" step="2"/><V3/><F95/><W56/><G31/><T72/><D101/><U70/><E70/><V17/><F69/><W121/><G121/><T13/><D102/><U12/><E12/><V88/><F68/><W27/><G122/><T35/><D14/><U130/><E130/><V82/><F62/><W110/><G110/><T98/><D35/><U19/><E19/><V128/><F17/><W131/><G131/><T18/><D61/><U16/><E16/><V135/><F128/><W113/><G27/><T74/><D18/><U60/><E60/><V47/><F58/><W105/><G56/><T93/><D63/><U39/><E39/><V44/><F47/><W106/><G45/><T65/><D93/><U36/><E36/><V34/><F44/><W71/><G71/><T67/><D13/><U22/><E22/><V87/><F34/><W75/><G105/><T41/><D1/><RYUUKYOKU ba="1,1" sc="315,-10,75,30,299,-10,301,-10" hai1="6,10,15,43,46,48,94,96,100,116,119,124,126" /><INIT seed="5,2,1,4,5,22" ten="305,105,289,291" oya="1" hai0="93,11,86,73,17,40,69,23,130,46,107,30,57" hai1="44,71,97,83,109,36,16,27,7,14,48,37,52" hai2="120,125,21,132,98,24,55,105,118,68,1,58,81" hai3="9,51,5,4,129,38,20,70,95,113,131,84,53"/><U103/><E109/><V12/><F120/><W124/><BYE who="2" /><G38/><T72/><D69/><UN n2="%E3%82%A6%E3%83%AB%E3%83%88%E3%83%A9%E7%AB%8B%E7%9B%B4" /><U108/><E71/><V87/><F1/><W127/><BYE who="2" /><G70/><T28/><D107/><U33/><E108/><UN n2="%E3%82%A6%E3%83%AB%E3%83%88%E3%83%A9%E7%AB%8B%E7%9B%B4" /><V32/><F32/><W117/><G113/><T79/><D11/><U19/><E83/><V6/><F68/><W18/><G117/><T100/><D57/><U35/><E7/><N who="3" m="2634" /><G9/><T92/><D73/><U10/><E35/><V15/><F125/><N who="3" m="48203" /><G95/><N who="0" m="36427" /><D72/><U126/><E126/><V61/><F132/><W96/><G96/><T85/><D130/><U50/><E50/><V99/><F118/><W80/><G53/><T60/><D60/><U65/><E65/><V59/><F59/><W114/><G51/><N who="0" m="27079" /><D100/><U49/><E49/><V66/><F66/><W8/><G8/><T56/><D56/><U74/><E74/><V90/><F6/><W2/><G2/><T76/><D86/><U128/><E128/><V123/><F123/><W82/><G114/><T42/><D42/><U101/><E101/><V94/><F105/><W119/><G119/><T110/><D110/><U122/><E122/><V62/><F62/><W25/><G82/><N who="0" m="47303" /><D79/><AGARI ba="2,1" hai="18,20,25,79,80,84,129,131" m="48203,2634" machi="79" ten="30,2000,0" yaku="18,1,52,1" doraHai="22" who="3" fromWho="0" sc="305,-26,105,0,289,0,291,36" /><INIT seed="6,0,0,0,4,25" ten="279,105,289,327" oya="2" hai0="124,109,20,3,63,54,28,42,13,50,121,9,22" hai1="96,119,29,36,51,8,70,126,83,39,122,68,131" hai2="102,77,61,110,108,120,134,85,112,5,65,104,0" hai3="38,84,24,59,94,6,98,88,17,52,62,2,11"/><V103/><F120/><W117/><G38/><T14/><D109/><N who="2" m="42090" /><F112/><W16/><G117/><T97/><D3/><U129/><E96/><V106/><F5/><W79/><G79/><T56/><D121/><U93/><E93/><V18/><F0/><W1/><G1/><T118/><D124/><U7/><E83/><N who="2" m="47343" /><F18/><W44/><G44/><N who="0" m="25879" /><D118/><U10/><E7/><V87/><F134/><W15/><G2/><T74/><D74/><U132/><E132/><V95/><F61/><W101/><REACH who="3" step="1"/><G24/><REACH who="3" ten="279,105,289,317" step="2"/><N who="0" m="16391" /><D9/><U71/><E122/><V35/><F35/><W26/><G26/><T113/><D113/><U114/><E114/><V57/><F57/><W67/><G67/><T86/><D22/><U49/><E126/><V12/><F65/><W116/><G116/><T47/><D47/><U80/><E119/><V48/><F12/><W64/><G64/><T130/><D130/><U66/><E66/><V31/><F31/><W53/><G53/><T55/><D54/><U76/><E29/><V40/><F40/><W135/><G135/><T89/><D97/><U123/><E123/><V58/><F58/><W19/><G19/><T32/><D32/><U27/><E27/><V46/><F46/><W127/><G127/><T100/><D100/><N who="2" m="38442" /><F48/><W33/><G33/><T133/><D133/><U45/><E45/><V105/><F105/><AGARI ba="0,1" hai="6,11,15,16,17,52,59,62,84,88,94,98,101,105" machi="105" ten="30,8000,1" yaku="1,1,7,1,54,3,53,0" doraHai="25" doraHaiUra="21" who="3" fromWho="2" sc="279,0,105,0,289,-80,317,90" /><INIT seed="7,0,0,3,3,87" ten="279,105,209,407" oya="3" hai0="58,44,12,2,117,6,68,80,76,26,108,13,56" hai1="62,14,125,8,102,24,21,41,55,10,27,15,132" hai2="40,93,9,31,35,135,19,30,61,73,42,133,112" hai3="129,103,121,79,113,39,63,50,120,48,109,37,74"/><W32/><G32/><T81/><D68/><U131/><E41/><V72/><F61/><W75/><G103/><T52/><D2/><U11/><E102/><V105/><F93/><W124/><G124/><T33/><D33/><U1/><E125/><V20/><F9/><N who="1" m="3689" /><E62/><V84/><F84/><W130/><G63/><T94/><D117/><U22/><E55/><V65/><F35/><W38/><G113/><T59/><D6/><U51/><E51/><N who="3" m="19498" /><G109/><T60/><D44/><U116/><E116/><V4/><F112/><W86/><G86/><N who="0" m="48391" /><D81/><U85/><E85/><V97/><F65/><W54/><G54/><N who="0" m="33815" /><D58/><U99/><E99/><V78/><F97/><W100/><G100/><T127/><D127/><U23/><E131/><N who="3" m="50186" /><G79/><T5/><D5/><U0/><N who="1" m="3697" /><U114/><DORA hai="82" /><E114/><V45/><F78/><W106/><G106/><T128/><D128/><U104/><E104/><V126/><F105/><W89/><G75/><T28/><D94/><U91/><E91/><V29/><F126/><W101/><G74/><T92/><D92/><U134/><E132/><V43/><F73/><W98/><G101/><T34/><D108/><U17/><E134/><V64/><F72/><W69/><G69/><T110/><D110/><U36/><E36/><V66/><F135/><W18/><G37/><T107/><D107/><U71/><E71/><V119/><F133/><W83/><G38/><T115/><D115/><U46/><E46/><V3/><F45/><W88/><G39/><T7/><D52/><U95/><E95/><V96/><F119/><W77/><G121/><T118/><D118/><RYUUKYOKU ba="0,0" sc="279,0,105,0,209,0,407,0" owari="279,8.0,105,-39.0,209,-19.0,407,50.0" /></mjloggm>