<mjloggm ver="2.3"><GO type="97" lobby="0"/><UN n0="%E6%A4%8E%E5%90%8D%E5%BF%83%E5%AE%9F" n1="%E5%B0%B1%E6%B4%BB%E7%94%9F%40%E5%B7%9D%E6%9D%91%E8%BB%8D%E5%9B%A3" n2="%46%52%50" n3="%E7%8B%AD%E5%B1%B1%E3%81%AE%E8%8C%B6" dan="13,14,13,14" rate="1925.85,1962.60,1867.39,1985.92" sx="F,M,M,M"/><TAIKYOKU oya="0"/><INIT seed="0,0,0,5,4,45" ten="250,250,250,250" oya="0" hai0="48,29,111,51,4,75,23,24,79,33,13,100,83" hai1="27,68,39,22,69,116,10,129,8,110,47,106,121" hai2="56,91,108,95,70,123,134,50,30,1,84,16,31" hai3="115,88,34,17,73,49,59,44,94,35,11,101,60"/><T92/><D111/><U104/><E116/><V98/><F70/><W131/><G73/><T72/><D72/><U102/><E121/><V118/><F1/><W114/><G131/><T57/><D57/><U20/><E129/><V80/><F123/><W43/><G101/><T67/><D67/><U82/><E110/><V85/><F108/><W90/><G11/><T9/><REACH who="0" step="1"/><D33/><REACH who="0" ten="240,250,250,250" step="2"/><U38/><E69/><V117/><F118/><W89/><G35/><T122/><D122/><U26/><E68/><V86/><F117/><W36/><G34/><T61/><D61/><U112/><E112/><V103/><F134/><W32/><G32/><T37/><D37/><U46/><E39/><V96/><F31/><W64/><G115/><T12/><D12/><U127/><E38/><V93/><F30/><W55/><G114/><T28/><D28/><U2/><E2/><V54/><F54/><W53/><G53/><T66/><D66/><U77/><E127/><V135/><F135/><W119/><G119/><T58/><D58/><U81/><E77/><V130/><F130/><W126/><G126/><T40/><D40/><U7/><E7/><V71/><F71/><W109/><G109/><T128/><D128/><U15/><E15/><V74/><F74/><W25/><G36/><T19/><D19/><U113/><E113/><V132/><F132/><W41/><G41/><T97/><AGARI ba="0,1" hai="4,9,13,23,24,29,48,51,75,79,83,92,97,100" machi="97" ten="30,11700,0" yaku="1,1,0,1,52,2,53,0" doraHai="45" doraHaiUra="124" who="0" fromWho="0" sc="240,127,250,-39,250,-39,250,-39" /><INIT seed="0,1,0,2,1,123" ten="367,211,211,211" oya="0" hai0="120,124,93,18,11,1,5,53,7,75,46,95,57" hai1="67,33,127,34,60,38,40,130,66,43,2,113,117" hai2="114,3,83,65,88,71,35,132,111,98,58,0,62" hai3="48,52,109,63,134,64,108,54,30,135,90,24,55"/><T104/><D120/><U9/><E117/><V92/><F114/><W103/><G103/><T129/><D75/><U36/><E113/><V12/><F132/><N who="3" m="50731" /><G90/><T125/><D104/><U100/><E100/><V10/><F35/><N who="3" m="20935" /><G48/><T17/><D129/><U42/><E130/><V76/><F111/><N who="3" m="42571" /><G55/><T49/><D46/><U131/><E131/><V61/><F83/><W133/><N who="3" m="50739" /><W81/><DORA hai="16" /><G81/><T89/><D5/><U118/><E118/><V87/><F87/><W70/><AGARI ba="1,0" hai="52,54,63,64,70" m="42571,20935,50739" machi="70" ten="50,12000,2" yaku="20,1,14,1,52,3,54,1" doraHai="123,16" who="3" fromWho="3" sc="367,-61,211,-31,211,-31,211,123" /><INIT seed="1,0,0,4,3,87" ten="306,180,180,334" oya="1" hai0="24,82,95,46,81,100,34,27,120,31,6,74,68" hai1="36,89,21,16,8,1,108,133,84,41,20,47,15" hai2="76,98,63,86,55,126,92,65,75,90,129,70,134" hai3="66,3,49,33,10,5,64,91,71,26,78,119,103"/><U128/><E133/><V43/><F129/><W93/><G119/><T32/><D68/><U23/><E128/><V94/><F134/><W61/><G103/><T56/><D120/><U104/><E104/><V62/><F126/><W110/><G78/><T12/><D74/><U122/><E122/><V88/><F43/><W59/><G110/><T83/><D46/><U38/><E108/><V135/><F135/><W107/><G107/><T106/><D106/><U118/><E118/><V67/><F55/><W57/><G49/><T40/><D40/><U121/><E121/><V35/><F35/><W96/><REACH who="3" step="1"/><G66/><REACH who="3" ten="306,180,180,324" step="2"/><T29/><D56/><U2/><REACH who="1" step="1"/><E36/><REACH who="1" ten="306,170,180,324" step="2"/><V30/><F76/><W85/><G85/><T14/><REACH who="0" step="1"/><D6/><REACH who="0" ten="296,170,180,324" step="2"/><U112/><E112/><V60/><F75/><W114/><G114/><T115/><D115/><U123/><E123/><V111/><F111/><W37/><G37/><T105/><D105/><U101/><E101/><V0/><F0/><W132/><G132/><T124/><D124/><U97/><E97/><AGARI ba="0,3" hai="12,14,24,27,29,31,32,34,81,82,83,95,97,100" machi="97" ten="40,2600,0" yaku="1,1,9,1,53,0" doraHai="87" doraHaiUra="130" who="0" fromWho="1" sc="296,56,170,-26,180,0,324,0" /><INIT seed="2,0,0,4,2,121" ten="352,144,180,324" oya="2" hai0="56,29,90,54,26,111,126,16,80,97,100,32,122" hai1="123,2,14,24,130,15,31,114,39,113,96,9,4" hai2="95,101,61,8,104,116,18,28,132,55,49,119,25" hai3="57,41,0,117,47,27,22,77,65,30,82,134,133"/><V17/><F17/><BYE who="2" /><W72/><G0/><T88/><D122/><U68/><E39/><V12/><F12/><N who="1" m="4649" /><E68/><V63/><F63/><W120/><G120/><T53/><D126/><U13/><E96/><V79/><F79/><W102/><G102/><T45/><D111/><U99/><E99/><V44/><F44/><W50/><G117/><T37/><D80/><U5/><E123/><V20/><F20/><W76/><G76/><T135/><D135/><N who="3" m="51721" /><G65/><T86/><D86/><U1/><E130/><V94/><F94/><W66/><G66/><T92/><D37/><U112/><E5/><V42/><F42/><W33/><G57/><T106/><D106/><U115/><N who="1" m="29184" /><DORA hai="129" /><U58/><E58/><V46/><F46/><W60/><G60/><T108/><D108/><U87/><E87/><V110/><F110/><W3/><G3/><T59/><D45/><U131/><E131/><V51/><F51/><W105/><G105/><T40/><D40/><U78/><E78/><V124/><F124/><W10/><G10/><T93/><D93/><U118/><E118/><V48/><F48/><W89/><G89/><T70/><D70/><U43/><E43/><V127/><F127/><W75/><G75/><T71/><D71/><U128/><E128/><V6/><F6/><W21/><AGARI ba="0,0" hai="21,22,27,30,33,41,47,50,72,77,82" m="51721" machi="21" ten="30,7900,0" yaku="20,1,52,3" doraHai="121,129" who="3" fromWho="3" sc="352,-20,144,-20,180,-39,324,79" /><INIT seed="3,0,0,3,0,54" ten="332,124,141,403" oya="3" hai0="25,0,23,128,103,46,29,2,3,104,35,89,15" hai1="99,39,97,45,53,1,73,116,60,84,75,131,79" hai2="115,33,93,47,87,61,36,110,20,120,24,6,92" hai3="34,28,57,19,83,129,65,95,76,17,96,127,9"/><W91/><G129/><T7/><D89/><U113/><E1/><V64/><F64/><W5/><G127/><T121/><D46/><U77/><E113/><V69/><F69/><W4/><G34/><T71/><D71/><U105/><E116/><V48/><F48/><W94/><G94/><T98/><D128/><U32/><E131/><V27/><F27/><W78/><G28/><T70/><D70/><U42/><E32/><UN n2="%46%52%50" /><V8/><F120/><W59/><G65/><T125/><D125/><U88/><E75/><V49/><F110/><W100/><G100/><T106/><D106/><U102/><E73/><V135/><F36/><W80/><G5/><T81/><D81/><N who="3" m="31305" /><G4/><T26/><D121/><U85/><E99/><V21/><F33/><W130/><G130/><T117/><D117/><U56/><REACH who="1" step="1"/><E85/><REACH who="1" ten="332,114,141,403" step="2"/><V16/><F115/><W111/><G111/><T109/><D109/><U62/><E62/><V55/><F135/><W66/><G66/><T30/><REACH who="0" step="1"/><D15/><REACH who="0" ten="322,114,141,403" step="2"/><U44/><E44/><V13/><F87/><W18/><G96/><T52/><D52/><U126/><E126/><V22/><F61/><W67/><G67/><T118/><D118/><U43/><E43/><V122/><F122/><W38/><G38/><T40/><D40/><U63/><E63/><V112/><F112/><W14/><G91/><T50/><D50/><U31/><E31/><V119/><F119/><W68/><G68/><T74/><D74/><U108/><E108/><V114/><F114/><W51/><G51/><T133/><D133/><U58/><E58/><V37/><F37/><W132/><G57/><RYUUKYOKU ba="0,2" sc="322,10,114,10,141,10,403,-30" hai0="0,2,3,7,23,25,26,29,30,35,98,103,104" hai1="39,42,45,53,56,60,77,79,84,88,97,102,105" hai2="6,8,13,16,20,21,22,24,47,49,55,92,93" owari="332,13.0,124,-38.0,151,-25.0,393,50.0" /></mjloggm>