<mjloggm ver="2.3"><GO type="97" lobby="0"/><UN n0="%E8%8A%B8%E8%A1%93%E7%82%B9%E9%87%8D%E8%A6%96" n1="%E4%BC%8A%E5%8E%9F%E6%91%A9%E8%80%B6%E8%8A%B1" n2="%E3%83%88%E3%83%88%E3%83%AA%E5%85%88%E7%94%9F%31%39%E6%AD%B3" n3="%6E%6F%2D%30%39%31%38" dan="14,15,14,13" rate="1928.73,2002.10,2030.48,1949.96" sx="M,F,F,M"/><TAIKYOKU oya="0"/><INIT seed="0,0,0,1,0,9" ten="250,250,250,250" oya="0" hai0="21,121,93,115,133,74,55,72,86,123,50,95,77" hai1="132,1,127,67,80,36,78,89,131,106,110,12,57" hai2="70,100,18,119,16,88,65,120,128,58,103,101,49" hai3="83,37,27,33,75,91,46,32,102,10,34,94,85"/><T42/><D115/><U71/><E1/><V7/><F120/><W31/><G37/><T113/><D113/><U134/><E71/><V64/><F70/><W126/><G126/><T47/><D133/><U39/><E127/><V2/><F128/><W69/><G69/><T68/><D68/><U13/><E106/><V104/><F104/><W124/><G124/><T15/><D123/><U44/><E89/><V79/><F119/><W41/><G41/><T118/><D121/><U51/><E131/><V130/><F130/><W97/><G46/><T6/><D118/><U96/><E96/><V109/><F109/><W5/><REACH who="3" step="1"/><G75/><REACH who="3" ten="250,250,250,240" step="2"/><T54/><D72/><N who="1" m="43079" /><E39/><V112/><F112/><W56/><G56/><T117/><D74/><U99/><E36/><V82/><F58/><W24/><G24/><T125/><D117/><U20/><E134/><V23/><F101/><W25/><G25/><T108/><D125/><U61/><E132/><V19/><F103/><W22/><G22/><T59/><D21/><U129/><E20/><V90/><F100/><W45/><G45/><T116/><D116/><U8/><E129/><V43/><F23/><W30/><G30/><T84/><D42/><U63/><E44/><V105/><F43/><W48/><G48/><T81/><D59/><U92/><E51/><V107/><F49/><W62/><G62/><T76/><D55/><U66/><E110/><V38/><F38/><W135/><G135/><T28/><D28/><U52/><E63/><V17/><F65/><N who="1" m="24585" /><E8/><N who="2" m="2167" /><F64/><W26/><G26/><T73/><D108/><U29/><E29/><V11/><F11/><RYUUKYOKU ba="0,1" sc="250,-15,250,15,250,-15,240,15" hai1="12,13,52,57,61,92,99" hai3="5,10,27,31,32,33,34,83,85,91,94,97,102" /><INIT seed="1,1,1,1,5,106" ten="235,265,235,255" oya="1" hai0="104,121,43,18,52,50,66,12,13,68,84,48,47" hai1="42,59,35,77,73,67,95,93,122,107,22,64,46" hai2="5,115,63,38,81,98,103,21,6,129,119,61,3" hai3="23,88,57,39,25,123,40,24,127,76,11,20,112"/><U97/><E122/><V128/><F119/><W45/><G123/><T118/><D104/><U135/><E35/><V79/><F38/><W0/><G112/><T27/><D121/><U133/><E107/><N who="2" m="63991" /><F21/><W69/><G69/><T70/><D118/><U37/><E95/><V17/><F17/><W1/><G76/><T75/><D75/><U109/><E109/><V99/><F99/><W56/><G127/><T124/><D124/><U120/><E120/><V10/><F6/><W65/><G11/><T4/><D84/><U80/><E22/><V9/><F9/><W89/><G39/><T101/><D101/><U100/><REACH who="1" step="1"/><E59/><REACH who="1" ten="235,255,235,255" step="2"/><V116/><F116/><W49/><G65/><AGARI ba="1,2" hai="37,42,46,64,65,67,73,77,80,93,97,100,133,135" machi="65" ten="40,7700,0" yaku="1,1,2,1,52,1,53,0" doraHai="106" doraHaiUra="125" who="1" fromWho="3" sc="235,0,255,100,235,0,255,-80" /><INIT seed="1,2,0,1,5,73" ten="235,355,235,175" oya="1" hai0="50,118,109,95,123,116,79,117,114,62,132,125,43" hai1="7,46,74,107,13,45,29,52,77,124,3,98,37" hai2="11,112,60,17,87,108,102,70,121,22,1,2,14" hai3="51,9,26,97,38,15,33,81,28,90,18,36,106"/><U111/><E3/><V35/><F35/><W63/><G51/><T130/><D114/><U40/><E29/><V88/><F121/><W100/><G90/><T4/><D123/><U32/><E32/><V53/><F112/><W84/><G84/><T5/><D109/><U61/><E111/><V129/><F108/><W55/><G81/><T20/><D125/><U122/><E122/><V115/><F115/><W76/><G76/><T120/><D120/><U127/><E7/><V133/><F129/><W16/><G55/><T99/><D130/><U94/><E107/><V67/><F133/><W54/><G54/><T57/><D132/><U19/><E74/><V92/><F102/><W93/><G93/><T83/><D20/><U82/><E82/><V24/><REACH who="2" step="1"/><F53/><REACH who="2" ten="235,355,225,175" step="2"/><W85/><G18/><AGARI ba="2,1" hai="1,2,11,14,17,18,22,24,60,67,70,87,88,92" machi="18" ten="30,7700,0" yaku="1,1,2,1,7,1,54,1,53,0" doraHai="73" doraHaiUra="47" who="2" fromWho="3" sc="235,0,355,0,225,93,175,-83" /><INIT seed="2,0,0,4,0,24" ten="235,355,318,92" oya="2" hai0="134,35,67,73,88,112,109,52,102,39,30,23,92" hai1="68,125,44,3,121,100,45,122,55,4,76,131,111" hai2="62,33,25,113,86,29,22,56,128,133,58,84,107" hai3="85,115,50,87,91,89,32,40,132,31,37,64,16"/><V90/><F107/><W2/><G37/><T10/><D112/><U80/><E68/><V129/><F113/><W43/><G2/><T118/><D109/><U18/><E111/><V59/><F133/><W83/><G115/><T6/><D134/><U69/><E69/><V60/><F33/><W61/><G132/><T74/><D35/><U130/><E100/><V63/><REACH who="2" step="1"/><F90/><REACH who="2" ten="235,355,308,92" step="2"/><W105/><G105/><T57/><D88/><U95/><E122/><V72/><F72/><W7/><G7/><T124/><D74/><U93/><E121/><V103/><F103/><W110/><G110/><T81/><D73/><U120/><E120/><V101/><F101/><W119/><G119/><T11/><D102/><U66/><E4/><V42/><F42/><W34/><G34/><T51/><D6/><U99/><E131/><AGARI ba="0,1" hai="22,25,29,56,58,59,60,62,63,84,86,128,129,131" machi="131" ten="50,9600,0" yaku="1,1,19,1,52,1,53,0" doraHai="24" doraHaiUra="1" who="2" fromWho="1" sc="235,0,355,-96,308,106,92,0" /><INIT seed="2,1,0,0,2,84" ten="235,259,414,92" oya="2" hai0="127,80,6,27,69,0,55,33,11,15,14,28,71" hai1="34,109,73,102,132,1,57,4,94,36,103,89,100" hai2="20,121,129,92,47,126,115,81,105,112,131,125,45" hai3="32,24,52,72,90,65,134,42,122,66,98,135,30"/><V2/><F2/><W53/><G72/><T68/><D127/><N who="2" m="48650" /><F105/><W43/><G122/><T99/><D80/><U39/><E34/><V83/><F121/><W70/><G42/><T17/><D55/><N who="3" m="21065" /><G43/><T82/><D82/><N who="2" m="31242" /><F20/><W91/><G98/><T8/><REACH who="0" step="1"/><D99/><REACH who="0" ten="225,259,414,92" step="2"/><U7/><E73/><V54/><F54/><W49/><G49/><T78/><D78/><U62/><E39/><V48/><F48/><W118/><G118/><T67/><D67/><N who="3" m="25609" /><G70/><T75/><D75/><U95/><E36/><V88/><F47/><W12/><G12/><AGARI ba="1,1" hai="0,6,8,11,12,14,15,17,27,28,33,68,69,71" machi="12" ten="40,1300,0" yaku="1,1,53,0" doraHai="84" doraHaiUra="85" who="0" fromWho="3" sc="225,26,259,0,414,0,92,-16" /><INIT seed="3,0,0,4,2,47" ten="251,259,414,76" oya="3" hai0="114,51,87,70,26,21,112,25,88,97,62,77,113" hai1="120,2,50,78,123,134,106,92,109,54,122,7,6" hai2="61,49,53,86,69,13,83,52,31,14,18,28,19" hai3="85,90,116,98,100,44,117,108,55,132,129,38,57"/><W104/><G129/><T68/><D77/><U72/><E106/><V95/><F95/><W58/><G132/><T130/><D130/><U3/><E134/><V12/><F69/><N who="0" m="26730" /><D62/><U105/><E105/><V133/><F133/><W46/><G108/><T8/><D97/><U131/><E131/><V82/><F61/><W80/><G57/><T67/><D67/><U124/><E109/><V4/><F4/><W45/><REACH who="3" step="1"/><G38/><REACH who="3" ten="251,259,414,66" step="2"/><T32/><D114/><U75/><E123/><V103/><F49/><AGARI ba="0,1" hai="44,45,46,49,55,58,80,85,90,98,100,104,116,117" machi="49" ten="40,7700,0" yaku="1,1,2,1,52,1,53,0" doraHai="47" doraHaiUra="16" who="3" fromWho="2" sc="251,0,259,0,414,-77,66,87" /><INIT seed="3,1,0,0,3,67" ten="251,259,337,153" oya="3" hai0="69,43,87,11,120,32,28,124,2,3,44,75,116" hai1="95,98,128,4,38,62,18,56,122,52,27,121,81" hai2="54,107,61,83,9,47,21,5,45,40,51,77,86" hai3="72,115,131,135,85,12,30,134,111,70,53,57,82"/><W49/><G72/><T118/><D75/><U132/><E38/><V93/><F107/><W26/><G115/><T88/><D120/><U58/><E132/><N who="3" m="50730" /><G131/><T78/><D69/><U29/><E128/><V31/><F93/><W60/><G12/><T1/><D124/><U42/><E42/><V97/><F97/><W133/><N who="3" m="50738" /><W24/><DORA hai="99" /><G111/><T112/><D112/><U19/><E4/><V14/><F61/><W108/><G108/><T119/><D78/><U6/><E6/><V123/><F123/><W39/><G39/><T126/><D126/><U79/><E58/><N who="2" m="33119" /><F40/><W34/><G26/><AGARI ba="1,0" hai="5,9,14,21,26,31,45,47,77,83,86" m="33119" machi="26" ten="30,1000,0" yaku="8,1" doraHai="67,99" who="2" fromWho="3" sc="251,0,259,0,337,13,153,-13" owari="251,-15.0,259,6.0,350,45.0,140,-36.0" /></mjloggm>