<mjloggm ver="2.3"><GO type="97" lobby="0"/><UN n0="%68%74%67%79%61%6E" n1="%E5%A5%B3%E5%9B%9A%E3%81%95%E3%81%9D%E3%82%8A" n2="%E5%B0%B1%E6%B4%BB%E7%94%9F%40%E5%B7%9D%E6%9D%91%E8%BB%8D%E5%9B%A3" n3="%E5%86%86%E7%AD%92" dan="14,15,14,15" rate="1971.66,2018.01,1969.82,1967.13" sx="M,F,M,M"/><TAIKYOKU oya="0"/><INIT seed="0,0,0,4,0,87" ten="250,250,250,250" oya="0" hai0="2,123,19,79,27,39,122,75,121,106,60,70,112" hai1="21,98,93,116,1,34,65,6,4,30,118,17,126" hai2="81,64,68,71,41,124,36,7,94,22,119,13,72" hai3="23,109,29,48,125,67,99,18,24,105,89,127,69"/><T130/><D19/><U115/><E126/><V110/><F119/><W86/><G109/><T129/><D27/><U56/><E115/><V102/><F124/><N who="3" m="47691" /><G48/><T107/><D2/><U82/><E82/><V40/><F110/><W26/><G67/><N who="0" m="41319" /><D112/><U76/><E76/><V10/><F72/><W132/><G69/><T104/><D39/><U45/><E45/><V135/><F135/><W133/><G29/><T77/><D77/><U113/><E113/><V54/><F81/><AGARI ba="0,0" hai="75,79,81,104,106,107,121,122,123,129,130" m="41319" machi="81" ten="40,2000,0" yaku="23,1" doraHai="87" who="0" fromWho="2" sc="250,20,250,0,250,-20,250,0" /><INIT seed="0,1,0,3,2,39" ten="270,250,230,250" oya="0" hai0="78,130,105,132,54,64,100,21,131,36,30,103,121" hai1="63,115,125,101,11,8,90,93,43,57,77,20,31" hai2="134,51,29,124,40,102,82,58,5,88,14,27,41" hai3="112,85,7,81,89,24,80,65,76,126,91,25,22"/><T70/><D121/><U84/><E125/><V6/><F124/><W1/><G126/><T35/><D78/><U47/><E115/><V129/><F134/><W9/><G112/><T69/><D132/><U48/><E77/><V109/><F129/><N who="0" m="49162" /><D35/><U53/><REACH who="1" step="1"/><E101/><REACH who="1" ten="270,240,230,250" step="2"/><N who="0" m="38985" /><D105/><U66/><E66/><V111/><F111/><W10/><G65/><T62/><D36/><U116/><E116/><V106/><F109/><W33/><G76/><T73/><D73/><U49/><E49/><V104/><F102/><W110/><G110/><T97/><D97/><U3/><E3/><V32/><F106/><W95/><G1/><T67/><D54/><U92/><E92/><V44/><F104/><W123/><G95/><T38/><D38/><U34/><E34/><V117/><F117/><W50/><G33/><T28/><D21/><U2/><E2/><V114/><F114/><W122/><G22/><T16/><D16/><U45/><E45/><V71/><F44/><W15/><G123/><T119/><D119/><U87/><E87/><V94/><F94/><W127/><G85/><T98/><D98/><U12/><E12/><V83/><F14/><W42/><G15/><T60/><AGARI ba="1,1" hai="28,30,60,62,64,67,69,70" m="38985,49162" machi="60" ten="30,1500,0" yaku="19,1" doraHai="39" who="0" fromWho="0" sc="270,28,240,-6,230,-6,250,-6" /><INIT seed="0,2,0,2,2,83" ten="298,234,224,244" oya="0" hai0="48,6,107,16,81,10,58,44,5,27,88,2,106" hai1="70,123,103,114,20,113,77,110,40,94,61,54,25" hai2="121,67,89,132,133,102,73,32,126,109,64,41,22" hai3="97,59,18,35,68,0,76,29,112,26,85,105,80"/><T36/><D36/><U51/><E123/><V13/><F32/><W12/><G112/><N who="1" m="43114" /><E77/><V57/><F73/><W120/><G120/><T117/><D117/><U37/><E37/><V14/><F121/><W86/><G0/><T63/><D107/><U30/><E40/><V15/><F102/><W115/><G68/><T101/><D106/><U52/><E110/><V1/><F1/><W87/><G115/><T78/><D101/><U46/><E70/><V74/><F74/><W118/><G118/><T127/><D127/><U23/><E23/><V72/><F72/><W119/><G119/><T9/><D78/><U100/><E94/><V28/><F126/><W122/><G122/><T17/><D27/><U55/><E55/><V93/><F41/><W42/><G42/><N who="0" m="24599" /><D2/><U43/><E54/><V134/><F109/><W38/><G38/><T8/><D5/><U53/><E53/><V84/><F57/><AGARI ba="2,0" hai="20,25,30,43,46,51,52,57,61,100,103" m="43114" machi="57" ten="30,2000,0" yaku="11,1,54,1" doraHai="83" who="1" fromWho="2" sc="298,0,234,26,224,-26,244,0" /><INIT seed="1,0,0,5,0,69" ten="298,260,198,244" oya="1" hai0="120,125,11,39,61,28,0,34,44,95,2,71,109" hai1="119,14,64,50,42,114,80,96,133,62,41,103,112" hai2="45,35,110,129,40,29,54,116,8,58,92,25,59" hai3="85,105,20,22,107,99,60,72,26,128,38,130,90"/><U19/><E119/><V55/><F116/><W121/><G121/><T131/><D95/><U73/><E133/><V57/><F129/><N who="3" m="49771" /><G72/><T98/><D131/><U82/><E112/><V135/><F135/><W53/><G38/><T56/><D56/><U106/><E114/><V113/><F113/><W33/><G33/><T134/><D134/><U24/><E24/><V79/><F110/><W10/><G10/><T13/><D109/><U30/><E30/><V118/><F118/><W36/><G36/><T78/><D120/><U93/><E106/><V18/><F79/><W101/><G107/><T124/><D78/><U70/><E73/><V23/><F92/><N who="3" m="54351" /><G26/><N who="0" m="18711" /><D98/><U127/><E127/><N who="0" m="48713" /><D71/><U83/><REACH who="1" step="1"/><E50/><REACH who="1" ten="298,250,198,244" step="2"/><V77/><F77/><W89/><G105/><T12/><D61/><U6/><E6/><V49/><REACH who="2" step="1"/><F8/><AGARI ba="0,1" hai="8,14,19,41,42,62,64,70,80,82,83,93,96,103" machi="8" ten="40,3900,0" yaku="1,1,53,1" doraHai="69" doraHaiUra="7" who="1" fromWho="2" sc="298,0,250,49,198,-39,244,0" /><INIT seed="1,1,0,2,1,83" ten="298,299,159,244" oya="1" hai0="16,6,108,19,103,36,21,86,18,74,27,54,125" hai1="120,110,75,70,65,52,102,88,85,76,82,92,0" hai2="81,117,53,94,111,105,33,97,35,44,80,71,93" hai3="84,43,126,8,89,28,32,101,14,47,73,60,41"/><U11/><E120/><V95/><F71/><W113/><G113/><T13/><D74/><U10/><E0/><V9/><F117/><W7/><G73/><T135/><D36/><U122/><E122/><V66/><F111/><W48/><G126/><T128/><D108/><U5/><E5/><V23/><F66/><W67/><G101/><T34/><D125/><U62/><E110/><V91/><F35/><W63/><G28/><N who="0" m="17519" /><D34/><U61/><REACH who="1" step="1"/><E102/><REACH who="1" ten="298,289,159,244" step="2"/><V90/><F33/><W15/><G32/><T29/><D103/><U37/><E37/><V50/><F105/><W45/><G15/><T124/><D124/><U107/><E107/><V57/><F9/><W12/><G12/><T58/><D135/><U118/><E118/><V64/><F23/><W123/><G123/><T134/><D134/><U119/><E119/><V42/><F64/><W46/><G67/><T115/><D115/><U104/><E104/><V68/><F68/><W109/><G109/><T56/><D128/><U31/><E31/><V114/><F114/><W1/><G1/><T20/><D29/><U99/><E99/><V132/><F132/><W129/><G129/><T106/><D106/><U77/><E77/><V116/><F116/><W121/><G121/><T55/><D6/><U24/><E24/><V25/><F25/><W96/><G96/><T98/><D98/><U133/><E133/><V4/><F4/><W131/><G131/><T112/><D112/><U17/><E17/><N who="0" m="6761" /><D86/><U51/><E51/><N who="2" m="27031" /><F97/><W69/><G69/><T49/><D20/><U40/><E40/><N who="3" m="15434" /><G48/><N who="0" m="30791" /><D19/><U59/><AGARI ba="1,1" hai="10,11,52,59,61,62,65,70,75,76,82,85,88,92" machi="59" ten="30,12000,1" yaku="1,1,0,1,52,1,54,2,53,0" doraHai="83" doraHaiUra="127" who="1" fromWho="1" sc="298,-41,289,133,159,-41,244,-41" /><INIT seed="1,2,0,0,0,101" ten="257,422,118,203" oya="1" hai0="104,22,89,117,54,51,74,116,103,52,66,115,14" hai1="94,100,25,67,7,102,127,9,36,130,108,68,79" hai2="133,113,50,27,33,76,45,120,135,3,107,88,48" hai3="82,84,90,34,96,112,32,4,73,134,93,39,18"/><U42/><E127/><V29/><F3/><W98/><G112/><T92/><D115/><U2/><E130/><V56/><F120/><W1/><G39/><T40/><D74/><U91/><E79/><V26/><F113/><W97/><G134/><N who="2" m="51209" /><F76/><W132/><G132/><T95/><D66/><U80/><E80/><V75/><F75/><W24/><G73/><T131/><D131/><U17/><E42/><V125/><F125/><W37/><G37/><T13/><D40/><U43/><E43/><V46/><F27/><W35/><G18/><N who="0" m="10575" /><D54/><U5/><E36/><V41/><F56/><W16/><G4/><T58/><D92/><U109/><E7/><V111/><F111/><N who="1" m="42569" /><E67/><V86/><F107/><W87/><G1/><T126/><D126/><U78/><E78/><V62/><F62/><W83/><REACH who="3" step="1"/><G84/><REACH who="3" ten="257,422,118,193" step="2"/><N who="0" m="52647" /><D14/><U6/><E2/><V57/><F57/><W124/><G124/><T65/><D65/><U44/><E5/><V121/><F121/><W70/><G70/><T118/><D117/><U64/><E6/><V114/><F114/><W0/><G0/><T69/><D69/><U30/><E64/><V55/><F55/><W15/><G15/><T106/><D106/><U53/><E68/><V47/><F41/><W49/><G49/><T99/><AGARI ba="2,1" hai="51,52,58,99,103,104,116,118" m="52647,10575" machi="99" ten="30,4000,0" yaku="25,1,52,1,54,1" doraHai="101" who="0" fromWho="0" sc="257,56,422,-22,118,-12,193,-12" /><INIT seed="2,0,0,1,5,4" ten="313,400,106,181" oya="2" hai0="16,47,54,19,22,90,72,116,61,91,34,112,14" hai1="33,86,88,25,127,104,77,103,134,80,75,31,27" hai2="128,7,2,105,130,66,53,67,107,129,109,113,97" hai3="24,38,32,37,101,18,79,133,115,131,9,51,78"/><V5/><F113/><W17/><G115/><T110/><D72/><U15/><E134/><V125/><F125/><W46/><G133/><T111/><D34/><U6/><E127/><V29/><F29/><W60/><G131/><T49/><D112/><U92/><E27/><V42/><F42/><W0/><G101/><T123/><D123/><U87/><E87/><V48/><F109/><N who="0" m="41482" /><D116/><U108/><E108/><V99/><F53/><W1/><G60/><T13/><D61/><U84/><E84/><V114/><F48/><W69/><G69/><T65/><D65/><N who="2" m="24586" /><F2/><W40/><G0/><T55/><D55/><U121/><E121/><V11/><F114/><W70/><G70/><T56/><D47/><U45/><E45/><V20/><F20/><AGARI ba="0,0" hai="13,14,16,19,20,22,49,54,56,90,91" m="41482" machi="20" ten="30,2000,0" yaku="14,1,54,1" doraHai="4" who="0" fromWho="2" sc="313,20,400,0,106,-20,181,0" /><INIT seed="3,0,0,3,2,7" ten="333,400,86,181" oya="3" hai0="79,115,80,31,114,132,42,89,33,56,126,128,129" hai1="70,83,29,130,46,102,127,41,58,95,123,20,57" hai2="9,24,111,71,105,1,5,90,92,97,30,78,110" hai3="69,45,65,13,84,50,22,121,49,40,108,68,15"/><W26/><G121/><T94/><D42/><U25/><E70/><V67/><F78/><W18/><G108/><T35/><D56/><N who="1" m="21611" /><E123/><V48/><F105/><W88/><G69/><T124/><D31/><U87/><E127/><N who="0" m="48681" /><D33/><U54/><E41/><V72/><F72/><W47/><G65/><T85/><D35/><U16/><E130/><N who="0" m="50281" /><D132/><U59/><E46/><V74/><F74/><AGARI ba="0,0" hai="74,79,80,85,89,94,114,115" m="50281,48681" machi="74" ten="30,7700,0" yaku="18,1,19,1,34,2" doraHai="7" who="0" fromWho="2" sc="333,77,400,0,86,-77,181,0" owari="410,51.0,400,20.0,9,-49.0,181,-22.0" /></mjloggm>