<mjloggm ver="2.3"><GO type="97" lobby="0"/><UN n0="%E5%B0%B1%E6%B4%BB%E7%94%9F%40%E5%B7%9D%E6%9D%91%E8%BB%8D%E5%9B%A3" n1="%E3%83%AB%E3%83%BC%E3%83%AB%E3%82%8F%E3%81%8B%E3%82%93%E3%81%AA%E3%81%84" n2="%E3%81%99%E3%81%94%E3%81%99%E3%81%94" n3="%E3%82%BB%E3%82%A4%E3%83%A8%E3%82%A6%E3%83%AA%E3%83%B3%E3%82%B4" dan="15,16,14,14" rate="1962.44,2022.15,1995.86,1949.65" sx="M,M,M,M"/><TAIKYOKU oya="0"/><INIT seed="0,0,0,2,5,33" ten="250,250,250,250" oya="0" hai0="31,112,135,110,11,62,60,0,38,96,127,68,74" hai1="52,50,37,118,54,39,73,27,115,104,133,49,101" hai2="100,89,9,29,94,91,123,40,45,103,44,61,95" hai3="114,43,116,131,8,111,88,120,55,79,12,124,15"/><T134/><D112/><U106/><E73/><V70/><F123/><W97/><G114/><T14/><D38/><U51/><E115/><V64/><F29/><W23/><G116/><T19/><D96/><U57/><E118/><V30/><F30/><W77/><G111/><T129/><D74/><U128/><E101/><V67/><F9/><W42/><G131/><T63/><D68/><U80/><E80/><V84/><F67/><W36/><G124/><T41/><D41/><N who="3" m="15369" /><G36/><N who="1" m="13898" /><E57/><V130/><F130/><W122/><G55/><N who="1" m="21034" /><E128/><V126/><F126/><W71/><G71/><T48/><D110/><U76/><E76/><N who="3" m="29258" /><G23/><T132/><D129/><U32/><E32/><V18/><F18/><W81/><G8/><T125/><D48/><U99/><E99/><V7/><F45/><W59/><G59/><T46/><D46/><U13/><E13/><V82/><F82/><W86/><G97/><T72/><D72/><U109/><E109/><V17/><F7/><W34/><G34/><T83/><D83/><U75/><E75/><V35/><F35/><W5/><G5/><N who="0" m="1447" /><D31/><U1/><E1/><V16/><F103/><W4/><G4/><T93/><D93/><U22/><E22/><AGARI ba="0,0" hai="14,19,22,60,62,63,125,127,132,134,135" m="1447" machi="22" ten="40,3900,0" yaku="20,1,52,1" doraHai="33" who="0" fromWho="1" sc="250,39,250,-39,250,0,250,0" /><INIT seed="0,1,0,0,3,104" ten="289,211,250,250" oya="0" hai0="109,39,112,65,118,75,4,46,23,0,11,13,69" hai1="57,92,79,67,34,37,132,62,48,72,122,127,74" hai2="8,7,68,91,61,98,85,55,63,18,134,128,83" hai3="108,10,64,110,80,89,17,56,73,101,88,87,26"/><T30/><D118/><U53/><E122/><V99/><F128/><W14/><G101/><T121/><D112/><U31/><E127/><V47/><F134/><W84/><G26/><T42/><D121/><U90/><E132/><V133/><F133/><W103/><G103/><T59/><D69/><U27/><E79/><V71/><F71/><W113/><G113/><T111/><D75/><U82/><E82/><V33/><F33/><W93/><G73/><T35/><D35/><U81/><E81/><V5/><F68/><W58/><REACH who="3" step="1"/><G64/><REACH who="3" ten="289,211,250,240" step="2"/><T117/><D117/><U95/><E37/><V25/><F25/><W43/><G43/><T21/><D30/><U12/><E12/><V77/><F55/><W45/><G45/><T78/><D0/><U6/><E6/><V3/><F47/><W115/><G115/><T66/><D78/><U44/><E95/><V51/><F7/><W100/><G100/><T135/><D135/><U116/><E116/><V1/><F77/><W50/><G50/><T54/><D66/><U126/><E126/><V130/><F51/><W9/><G9/><T102/><D102/><U19/><E19/><V41/><F41/><W107/><G107/><T120/><D65/><U124/><E124/><V119/><F18/><W40/><G40/><T24/><D120/><U22/><E22/><V76/><F76/><W97/><G97/><AGARI ba="1,1" hai="27,31,34,44,48,53,57,62,67,72,74,90,92,97" machi="97" ten="30,3900,0" yaku="7,1,52,2" doraHai="104" who="1" fromWho="3" sc="289,0,211,52,250,0,240,-42" /><INIT seed="1,0,0,3,1,47" ten="289,263,250,198" oya="1" hai0="46,112,119,113,79,132,31,75,116,56,36,88,18" hai1="13,39,96,129,123,99,98,80,108,68,118,94,57" hai2="127,19,133,17,66,50,90,85,73,38,109,16,32" hai3="53,120,92,77,81,8,23,101,87,78,83,105,130"/><U110/><E68/><V55/><F38/><W114/><G114/><T69/><D69/><U93/><E39/><V6/><F32/><W104/><G8/><T44/><D31/><U135/><E118/><V126/><F73/><W100/><G23/><T59/><D36/><U7/><E123/><V30/><F30/><W89/><G53/><T131/><D18/><U1/><E1/><V97/><F109/><N who="1" m="42089" /><E129/><V3/><F66/><W12/><G12/><T49/><D75/><U20/><E135/><V115/><F115/><W15/><G15/><T4/><D4/><U29/><E80/><N who="3" m="30794" /><G130/><T48/><D131/><U122/><E122/><V134/><F97/><N who="1" m="24833" /><U27/><DORA hai="9" /><E57/><N who="2" m="33015" /><F6/><W103/><G120/><T25/><D132/><N who="2" m="50794" /><F3/><W42/><G42/><T124/><D79/><AGARI ba="0,0" hai="77,78,79,87,89,92,100,101,103,104,105" m="30794" machi="79" ten="30,8000,1" yaku="35,5" doraHai="47,9" who="3" fromWho="0" sc="289,-80,263,0,250,0,198,80" /><INIT seed="2,0,0,0,2,51" ten="209,263,250,278" oya="2" hai0="85,77,84,93,120,57,114,87,23,126,36,52,135" hai1="39,19,59,76,129,102,109,81,119,106,92,8,73" hai2="50,47,46,42,26,99,115,65,69,21,97,48,55" hai3="44,121,4,132,98,110,71,54,90,113,88,2,35"/><V83/><F115/><W134/><G110/><T11/><D120/><U124/><E119/><V111/><F111/><W80/><G121/><T58/><D114/><U131/><E109/><V96/><F83/><W49/><G71/><T78/><D36/><U94/><E39/><V104/><F69/><W107/><G35/><T43/><D135/><N who="3" m="51753" /><G80/><T122/><D126/><U67/><E124/><V116/><F116/><W105/><G113/><T33/><D122/><U100/><E19/><V32/><F32/><W1/><G4/><T79/><D33/><U31/><E31/><N who="2" m="17871" /><F104/><N who="3" m="40011" /><G98/><T128/><D43/><U18/><E106/><V9/><F9/><W89/><AGARI ba="0,0" hai="1,2,44,49,54,88,89,90" m="40011,51753" machi="89" ten="40,5200,0" yaku="20,1,52,1,54,1" doraHai="51" who="3" fromWho="3" sc="209,-13,263,-13,250,-26,278,52" /><INIT seed="3,0,0,0,2,70" ten="196,250,224,330" oya="3" hai0="25,90,88,56,79,39,81,36,116,98,22,85,127" hai1="117,78,12,26,86,43,50,84,110,48,30,128,89" hai2="9,105,41,103,23,68,1,131,119,77,132,82,73" hai3="54,53,4,109,10,76,44,59,134,32,11,45,8"/><W31/><G134/><T113/><D116/><U95/><E117/><V83/><F132/><W62/><G109/><T133/><D133/><U75/><E110/><V29/><F68/><W115/><G115/><T46/><D113/><U94/><E128/><V52/><F119/><W18/><G4/><T97/><D127/><U101/><E75/><V71/><F71/><W87/><G32/><T64/><D46/><N who="3" m="18025" /><G53/><T80/><D56/><U58/><E43/><V24/><F83/><N who="3" m="47591" /><G31/><T96/><D64/><U47/><E58/><V93/><F131/><W7/><G7/><T108/><D108/><U74/><E74/><V35/><F41/><W40/><G40/><T61/><D61/><U37/><E37/><V102/><F105/><W49/><G62/><T122/><D122/><U121/><E121/><V63/><F35/><W69/><G69/><T17/><REACH who="0" step="1"/><D90/><REACH who="0" ten="186,250,224,330" step="2"/><U51/><E89/><V100/><F63/><W118/><G118/><T129/><D129/><U27/><E47/><V120/><F120/><W66/><G66/><T14/><D14/><AGARI ba="0,1" hai="8,10,11,14,18,49,54,59" m="47591,18025" machi="14" ten="30,1500,0" yaku="8,1" doraHai="70" who="3" fromWho="0" sc="186,-15,250,0,224,0,330,25" owari="171,-33.0,250,5.0,224,-18.0,355,46.0" /></mjloggm>