<mjloggm ver="2.3"><GO type="225" lobby="0"/><UN n0="%45%53%54%69" n1="%E4%B8%87%E8%83%BD%E3%81%AD%E3%81%8E" n2="%E8%BF%A6%E9%99%B5%E9%A0%BB%E4%BC%BD" n3="%E3%83%88%E3%83%88%E3%83%AA%E5%85%88%E7%94%9F%31%39%E6%AD%B3" dan="17,16,17,16" rate="2069.59,2067.61,2136.74,2142.33" sx="M,M,F,F"/><TAIKYOKU oya="0"/><INIT seed="0,0,0,3,3,45" ten="250,250,250,250" oya="0" hai0="78,85,64,62,100,76,49,121,0,9,51,70,98" hai1="66,18,29,8,50,114,58,11,88,22,109,39,115" hai2="40,104,52,63,124,13,56,105,37,72,14,32,10" hai3="30,53,92,43,54,61,126,93,26,42,112,46,95"/><T75/><D121/><U48/><E39/><V84/><F72/><W25/><G112/><N who="1" m="43050" /><E29/><V106/><F32/><W73/><G73/><T127/><D75/><U6/><E109/><V113/><F113/><W21/><G126/><T134/><D127/><U81/><E58/><V77/><F124/><W80/><G80/><T36/><D36/><U96/><E66/><V116/><F116/><W102/><G102/><T119/><D119/><U129/><E129/><V131/><F131/><W103/><G103/><T125/><D125/><U65/><E65/><V17/><F77/><W7/><G7/><T122/><D122/><U135/><E135/><V133/><F84/><W41/><G46/><T38/><D38/><U60/><E60/><V5/><F133/><W110/><G110/><T3/><D78/><U123/><E123/><V67/><F37/><W120/><G120/><T57/><D134/><U31/><E31/><V55/><REACH who="2" step="1"/><F40/><REACH who="2" ten="250,250,240,250" step="2"/><W74/><G74/><T99/><D76/><U117/><E117/><V82/><F82/><W1/><G42/><T24/><D85/><N who="1" m="50223" /><E96/><V111/><F111/><W128/><G128/><T83/><D99/><U89/><E89/><V2/><F2/><W12/><G1/><T90/><D0/><N who="1" m="71" /><E11/><AGARI ba="0,1" hai="5,10,11,13,14,17,52,55,56,63,67,104,105,106" machi="11" ten="40,2600,0" yaku="1,1,54,1,53,0" doraHai="45" doraHaiUra="68" who="2" fromWho="1" sc="250,0,250,-26,240,36,250,0" /><INIT seed="1,0,0,0,5,59" ten="250,224,276,250" oya="1" hai0="90,54,108,89,17,18,116,32,60,113,103,37,41" hai1="3,39,51,70,112,57,6,114,27,33,15,21,61" hai2="0,13,66,55,85,28,132,63,130,72,133,124,14" hai3="7,78,128,110,134,120,125,45,105,87,20,102,82"/><U56/><E39/><V109/><F109/><W97/><G120/><T1/><D1/><U104/><E104/><V22/><F72/><W16/><G110/><T101/><D32/><U11/><E70/><V46/><F0/><W127/><G7/><T121/><D41/><U86/><E33/><V31/><F124/><N who="3" m="47691" /><G128/><T94/><D37/><U36/><E36/><V79/><F130/><W135/><G45/><T123/><D113/><U50/><E3/><V119/><F119/><W98/><G98/><T74/><D74/><U64/><E57/><N who="2" m="37231" /><F79/><W53/><G53/><T83/><D116/><U91/><E114/><V92/><F92/><W52/><G52/><T2/><D2/><U8/><E8/><V65/><F65/><W77/><G77/><T117/><D117/><U19/><REACH who="1" step="1"/><E112/><REACH who="1" ten="250,214,276,250" step="2"/><V30/><F22/><W40/><G105/><T58/><D123/><U10/><E10/><V80/><F133/><W9/><G9/><T71/><D121/><U38/><E38/><V12/><F132/><W62/><G134/><T76/><D108/><U29/><E29/><V34/><F34/><W115/><G135/><T95/><D71/><U84/><E84/><V69/><F69/><W111/><G115/><T5/><D58/><U42/><E42/><V23/><F23/><W24/><G40/><T96/><D96/><U118/><E118/><V106/><F106/><N who="3" m="63823" /><G111/><T122/><D122/><U25/><E25/><V81/><F85/><W35/><G35/><T100/><D18/><U107/><E107/><V131/><F131/><W93/><G93/><AGARI ba="0,1" hai="6,11,15,19,21,27,50,51,56,61,64,86,91,93" machi="93" ten="30,18000,2" yaku="1,1,7,1,8,1,52,1,53,2" doraHai="59" doraHaiUra="47" who="1" fromWho="3" sc="250,0,214,190,276,0,250,-180" /><INIT seed="1,1,0,3,2,53" ten="250,404,276,70" oya="1" hai0="60,55,0,45,101,120,104,66,95,1,122,17,16" hai1="83,113,57,105,100,108,14,103,133,126,37,85,26" hai2="41,25,107,78,111,130,8,49,118,18,70,10,131" hai3="20,72,35,40,129,71,94,28,12,134,54,42,32"/><U23/><E37/><V92/><F111/><W116/><G72/><T38/><D104/><U74/><E74/><V50/><F70/><W63/><G129/><T106/><D106/><U31/><E108/><V110/><F107/><W6/><G134/><T90/><D101/><U52/><E133/><V68/><F68/><W44/><G116/><T96/><D55/><U127/><E14/><V69/><F92/><W5/><G35/><T46/><D0/><U9/><E9/><V132/><F25/><W124/><G32/><T98/><D98/><U81/><E81/><V47/><F18/><N who="0" m="7274" /><D38/><U3/><E3/><V33/><F69/><W2/><G2/><T30/><D30/><U4/><E4/><V48/><F33/><W11/><G71/><T93/><D93/><U65/><E65/><V76/><F118/><W62/><G5/><T77/><D77/><N who="2" m="29802" /><F132/><W58/><G63/><T13/><D13/><U73/><E73/><V67/><F67/><W84/><G44/><T97/><D1/><U80/><E105/><V99/><F99/><W86/><G124/><T79/><D97/><U56/><E127/><V119/><F119/><W121/><G121/><N who="0" m="46699" /><D45/><U15/><E31/><V88/><F110/><W112/><G112/><T123/><D46/><U61/><E113/><V128/><F88/><W27/><REACH who="3" step="1"/><G94/><REACH who="3" ten="250,404,276,60" step="2"/><T36/><D123/><U19/><E126/><V22/><F47/><W7/><G7/><T117/><D117/><U21/><E61/><V91/><F131/><W75/><G75/><T115/><D36/><U125/><E125/><V135/><F130/><W87/><AGARI ba="1,1" hai="6,11,12,20,27,28,40,42,54,58,62,84,86,87" machi="87" ten="30,8000,1" yaku="1,1,5,1,0,1,8,1,52,1,53,0" doraHai="53" doraHaiUra="109" who="3" fromWho="3" sc="250,-21,404,-41,276,-21,60,93" /><INIT seed="2,0,0,2,3,80" ten="229,363,255,153" oya="2" hai0="51,43,18,12,10,124,74,29,15,8,93,126,135" hai1="79,49,60,133,28,129,134,122,23,44,89,103,127" hai2="73,114,83,116,99,48,35,47,94,75,6,67,54" hai3="26,77,39,40,1,128,19,45,107,91,55,95,20"/><V33/><F114/><W13/><G128/><T62/><D74/><U109/><E109/><V70/><F116/><W24/><G107/><T56/><D135/><N who="1" m="51723" /><E129/><V46/><F6/><W21/><G21/><BYE who="3" /><T58/><D29/><U64/><E127/><N who="0" m="48681" /><D93/><U36/><E36/><V52/><F70/><W106/><G106/><T66/><D43/><N who="1" m="24735" /><E103/><V121/><F67/><W14/><G14/><T115/><D115/><U86/><E79/><UN n3="%E3%83%88%E3%83%88%E3%83%AA%E5%85%88%E7%94%9F%31%39%E6%AD%B3" /><V63/><F121/><W22/><G1/><T11/><D15/><U125/><E125/><V50/><F63/><W92/><G92/><T118/><D118/><U130/><E122/><V25/><F25/><W61/><G77/><T57/><D51/><U0/><E0/><V38/><F38/><W85/><G13/><T9/><AGARI ba="0,0" hai="8,9,10,11,12,18,56,57,58,62,66" m="48681" machi="9" ten="30,1100,0" yaku="18,1" doraHai="80" who="0" fromWho="0" sc="229,11,363,-3,255,-5,153,-3" /><INIT seed="3,0,0,3,3,33" ten="240,360,250,150" oya="3" hai0="84,78,5,135,23,64,44,46,12,79,100,24,69" hai1="47,129,42,1,107,122,67,99,98,102,113,81,92" hai2="6,124,108,62,105,134,117,27,38,89,68,58,36" hai3="90,7,61,94,118,51,114,50,88,86,82,49,71"/><W121/><G114/><T32/><D32/><U110/><E110/><V48/><F89/><W65/><G118/><T30/><D135/><U10/><E129/><V106/><F48/><W76/><G121/><T125/><D125/><U70/><E113/><V96/><F108/><W9/><REACH who="3" step="1"/><G94/><REACH who="3" ten="240,360,250,140" step="2"/><T43/><D69/><U74/><E92/><V35/><F68/><W111/><G111/><T14/><D64/><U25/><E67/><V104/><F117/><W126/><G126/><T41/><D41/><U8/><E70/><V112/><F124/><W72/><G72/><T37/><D43/><U63/><E74/><V75/><F75/><W11/><G11/><T4/><D37/><U109/><E8/><V95/><F112/><W80/><G80/><T18/><D4/><U3/><E81/><V56/><F6/><W40/><G40/><T128/><D5/><U60/><E10/><V116/><F116/><W123/><G123/><T13/><D128/><U0/><E109/><V132/><F38/><W19/><G19/><T87/><D18/><U2/><E122/><V130/><F36/><W97/><G97/><T17/><D17/><U15/><E98/><V119/><F119/><W57/><G57/><T29/><D29/><U39/><E99/><V120/><F58/><W115/><G115/><T55/><D30/><U101/><E42/><V16/><F130/><W83/><G83/><T22/><D44/><U45/><E45/><V26/><F120/><W31/><G31/><T127/><D46/><U133/><E47/><V131/><F131/><W59/><G59/><T20/><D127/><RYUUKYOKU ba="0,1" sc="240,-10,360,-10,250,-10,140,30" hai3="7,9,49,50,51,61,65,71,76,82,86,88,90" /><INIT seed="3,1,1,3,2,103" ten="230,350,240,170" oya="3" hai0="88,24,52,97,61,54,38,48,130,73,86,35,66" hai1="70,111,132,23,96,26,12,20,98,85,10,51,32" hai2="16,14,135,59,19,71,76,105,67,36,39,11,122" hai3="129,47,49,15,120,40,87,53,94,108,104,90,18"/><W109/><G120/><T77/><D38/><U7/><E132/><V131/><F71/><W75/><G75/><T29/><D130/><U80/><E111/><N who="3" m="42570" /><G129/><T133/><D133/><U62/><E23/><V134/><F131/><W60/><G60/><T101/><D48/><U115/><E115/><V99/><F67/><W22/><G40/><T27/><D27/><U50/><E32/><V119/><F119/><W102/><G102/><T37/><D37/><U123/><E70/><V113/><F113/><W117/><G117/><T5/><D5/><U28/><E62/><V124/><F124/><W2/><G2/><T127/><D127/><U3/><E3/><V82/><F122/><W83/><G83/><N who="0" m="45487" /><D66/><U9/><E9/><V44/><F82/><W6/><G6/><T30/><D30/><U34/><E34/><V79/><F135/><W42/><G42/><T116/><D116/><U69/><E69/><V100/><F100/><W118/><G118/><T31/><D31/><U45/><E123/><V4/><F4/><W107/><AGARI ba="1,1" hai="15,18,22,47,49,53,87,90,94,104,107" m="42570" machi="107" ten="30,11700,0" yaku="14,1,10,1,52,2" doraHai="103" who="3" fromWho="3" sc="230,-40,350,-40,240,-40,170,130" /><INIT seed="3,2,0,5,4,126" ten="190,310,200,300" oya="3" hai0="11,121,105,118,57,100,31,124,74,89,50,80,64" hai1="98,94,48,45,86,113,92,21,12,82,28,107,38" hai2="132,96,47,133,60,68,91,87,66,114,90,63,111" hai3="33,46,108,41,2,25,37,51,19,52,18,99,71"/><W84/><G71/><T56/><D118/><U59/><E38/><V109/><F114/><W40/><G2/><T130/><D121/><U85/><E107/><V120/><F120/><W14/><G108/><N who="2" m="41545" /><F47/><W9/><G37/><T4/><D124/><U88/><E59/><V78/><F78/><W6/><G33/><T117/><D117/><U93/><E113/><V36/><F36/><W13/><G99/><T35/><D130/><U110/><E110/><V27/><F27/><W102/><G102/><T67/><D105/><U32/><E32/><V134/><F96/><W24/><G84/><N who="0" m="50311" /><D74/><U23/><E23/><V5/><F5/><W97/><G97/><T119/><D119/><U54/><E98/><V62/><F91/><W127/><G127/><T44/><D35/><U10/><E21/><V77/><F77/><W70/><G70/><T129/><D129/><U131/><E131/><V0/><F0/><W34/><G34/><T76/><D76/><N who="1" m="46279" /><E28/><V106/><F106/><W104/><G104/><T22/><D100/><U49/><E49/><V135/><N who="2" m="33792" /><DORA hai="7" /><V112/><F112/><W72/><G72/><T20/><D57/><U73/><E73/><V29/><F29/><W69/><G69/><T81/><D56/><U43/><E43/><N who="3" m="16458" /><G6/><AGARI ba="2,0" hai="6,10,12,45,48,54,86,88,92,93,94" m="46279" machi="6" ten="30,3900,0" yaku="8,1,52,1,54,1" doraHai="126,7" who="1" fromWho="3" sc="190,0,310,45,200,0,300,-45" owari="190,-31.0,355,45.0,200,-20.0,255,6.0" /></mjloggm>