<mjloggm ver="2.3"><GO type="169" lobby="0"/><UN n0="%E9%87%8E%E8%8F%9C%E3%81%98%E3%82%83%E3%81%AA%E3%81%84%E3%82%88" n1="%7A%65%6C%64%65%6E" n2="%E3%82%A6%E3%83%AB%E3%83%88%E3%83%A9%E7%AB%8B%E7%9B%B4" n3="%79%6F%6A%6F" dan="16,17,17,17" rate="2084.69,2164.19,2165.66,2168.04" sx="F,M,M,F"/><TAIKYOKU oya="0"/><INIT seed="0,0,0,0,5,78" ten="250,250,250,250" oya="0" hai0="101,105,29,37,57,22,9,40,85,68,26,51,115" hai1="124,27,49,94,30,108,102,53,10,87,6,77,111" hai2="42,70,74,117,47,103,39,0,79,112,91,90,63" hai3="133,25,113,19,86,59,36,35,126,118,48,52,32"/><T98/><D68/><U16/><E124/><V119/><F112/><W131/><G118/><N who="2" m="45065" /><F103/><W1/><G113/><T43/><D115/><U95/><E102/><V132/><F132/><W125/><G1/><T122/><D37/><U128/><E128/><V82/><F0/><W12/><G36/><T67/><D122/><U92/><E77/><V15/><F15/><W106/><G106/><T114/><D114/><U75/><E75/><V83/><F82/><W127/><G131/><T41/><D9/><U72/><E72/><V110/><F110/><N who="1" m="42025" /><E87/><V100/><F100/><W129/><G129/><T33/><D85/><U54/><E49/><V20/><F20/><N who="3" m="11367" /><G133/><T2/><D2/><N who="1" m="343" /><E16/><V60/><F60/><W69/><G69/><T3/><D3/><U21/><AGARI ba="0,0" hai="21,27,30,53,54,92,94,95" m="343,42025" machi="21" ten="30,1100,0" yaku="14,1" doraHai="78" who="1" fromWho="1" sc="250,-5,250,11,250,-3,250,-3" /><INIT seed="1,0,0,1,0,57" ten="245,261,247,247" oya="1" hai0="16,63,99,108,118,111,29,45,79,81,110,58,32" hai1="115,62,6,84,130,31,72,11,88,93,43,15,54" hai2="78,47,104,127,59,97,96,19,26,128,20,33,64" hai3="14,49,28,9,77,10,101,51,40,133,24,98,66"/><U4/><E115/><V50/><F127/><W67/><G133/><T90/><D118/><U8/><E72/><V70/><F128/><W7/><G77/><T68/><D45/><U38/><E130/><V48/><F70/><W2/><G51/><T13/><D68/><U103/><E103/><V22/><F33/><W23/><G49/><T116/><D116/><U27/><E38/><V131/><F131/><W102/><G40/><T76/><D29/><U114/><E114/><V69/><F69/><W109/><G102/><T100/><D32/><U121/><E43/><N who="2" m="24703" /><F104/><W83/><G83/><T0/><D0/><U36/><E121/><V120/><F78/><W132/><G132/><T21/><D90/><U71/><E36/><V113/><F120/><W18/><REACH who="3" step="1"/><G109/><REACH who="3" ten="245,261,247,237" step="2"/><T1/><D81/><U44/><E44/><V5/><F50/><W112/><G112/><T82/><D82/><U65/><E54/><V92/><F113/><W35/><G35/><T80/><D80/><U12/><E31/><N who="2" m="17863" /><F92/><AGARI ba="0,1" hai="2,7,9,10,14,18,23,24,28,66,67,92,98,101" machi="92" ten="30,2000,0" yaku="1,1,7,1,53,0" doraHai="57" doraHaiUra="30" who="3" fromWho="2" sc="245,0,261,0,247,-20,237,30" /><INIT seed="2,0,0,5,1,106" ten="245,261,227,267" oya="2" hai0="19,6,135,59,70,74,80,34,2,18,85,29,103" hai1="16,108,97,128,68,28,9,17,81,107,118,14,47" hai2="127,105,61,111,42,44,129,11,65,35,45,99,75" hai3="64,115,100,134,13,20,25,43,51,84,113,79,73"/><V86/><F127/><W62/><G100/><T36/><D36/><U22/><E118/><V123/><F123/><W30/><G134/><T0/><D85/><U71/><E108/><V121/><F121/><W23/><G43/><T50/><D103/><U92/><E107/><V38/><F111/><W78/><G51/><T67/><D70/><U63/><E128/><V82/><F129/><W10/><G84/><T49/><D67/><U3/><E28/><V122/><F122/><W95/><G95/><T117/><D59/><U90/><E3/><N who="0" m="1065" /><D80/><U27/><E63/><V60/><F60/><W125/><G125/><T91/><D91/><U39/><REACH who="1" step="1"/><E81/><REACH who="1" ten="245,251,227,267" step="2"/><V31/><F61/><W114/><G62/><T7/><D29/><U83/><E83/><V104/><F104/><W120/><G120/><T66/><D117/><U37/><E37/><V57/><F105/><W1/><G30/><T32/><D135/><U101/><E101/><V89/><F31/><W8/><G64/><T87/><D66/><U48/><E48/><V58/><F65/><W54/><G115/><T15/><D49/><U40/><AGARI ba="0,1" hai="9,14,16,17,22,27,39,40,47,68,71,90,92,97" machi="40" ten="30,7900,0" yaku="1,1,0,1,54,1,53,1" doraHai="106" doraHaiUra="88" who="1" fromWho="1" sc="245,-20,251,89,227,-39,267,-20" /><INIT seed="3,0,0,3,0,25" ten="225,340,188,247" oya="3" hai0="114,0,120,104,29,96,42,85,94,22,107,30,5" hai1="7,57,65,6,40,105,56,67,3,132,36,41,100" hai2="88,68,111,32,135,19,46,75,50,23,124,106,92" hai3="121,52,53,90,33,128,45,73,118,20,4,1,109"/><W101/><G33/><T112/><D120/><U28/><E132/><V89/><F106/><W98/><G121/><T58/><D42/><U48/><E36/><V61/><F75/><W15/><G118/><T131/><D131/><U18/><E105/><N who="0" m="40521" /><D85/><U47/><E100/><V13/><F135/><W80/><G1/><T117/><D117/><U62/><E3/><V60/><F68/><W78/><G128/><T110/><D110/><U16/><E28/><N who="0" m="10857" /><D22/><U34/><E34/><V63/><F111/><W14/><G109/><T39/><D39/><U44/><E48/><V74/><F74/><W83/><G83/><T113/><D58/><U24/><E24/><V93/><F32/><W127/><G90/><N who="2" m="34921" /><F124/><W87/><G127/><T72/><D72/><U69/><E69/><V8/><F23/><W27/><G73/><T12/><D0/><U43/><E43/><AGARI ba="0,0" hai="8,13,19,43,46,50,60,61,63,92,93" m="34921" machi="43" ten="30,2000,0" yaku="8,1,54,1" doraHai="25" who="2" fromWho="1" sc="225,0,340,-20,188,20,247,0" /><INIT seed="4,0,0,0,4,87" ten="225,320,208,247" oya="0" hai0="65,15,61,53,112,105,3,81,60,73,36,30,20" hai1="54,39,115,128,6,78,126,68,108,92,4,80,49" hai2="124,79,89,8,28,83,122,48,24,103,14,59,58" hai3="125,100,18,94,37,110,99,17,127,72,64,42,91"/><T123/><D3/><U120/><E108/><V101/><F122/><W43/><G72/><T135/><D123/><U121/><E39/><V44/><F124/><N who="3" m="47691" /><G110/><T130/><D112/><U0/><E68/><V50/><F79/><W107/><G64/><T11/><D105/><U111/><E111/><V19/><F103/><W56/><G56/><T10/><D130/><U117/><E117/><V134/><F101/><W77/><G77/><T97/><D135/><U133/><E128/><V23/><F134/><W33/><G33/><T63/><D65/><U75/><E115/><V29/><F29/><W57/><G57/><N who="2" m="21513" /><F44/><N who="3" m="23631" /><G43/><T116/><D116/><U118/><E118/><V85/><AGARI ba="0,0" hai="8,14,19,23,24,28,48,50,83,85,89" m="21513" machi="85" ten="30,2000,0" yaku="8,1,52,1" doraHai="87" who="2" fromWho="2" sc="225,-10,320,-5,208,20,247,-5" /><INIT seed="5,0,0,1,0,32" ten="215,315,228,242" oya="1" hai0="18,25,72,41,61,132,20,71,69,102,33,91,1" hai1="52,85,43,116,31,79,95,13,130,8,67,53,6" hai2="56,92,27,45,73,77,97,48,74,58,63,10,17" hai3="96,87,101,121,107,50,28,86,42,122,40,94,84"/><U37/><E116/><V81/><F73/><W3/><G3/><T2/><D72/><U23/><E130/><V100/><F63/><W70/><G70/><T30/><D41/><U68/><E68/><V49/><F48/><W109/><G109/><T60/><D132/><U38/><E67/><V129/><F129/><W93/><G28/><T5/><D5/><U36/><E43/><V90/><F27/><W105/><G40/><T99/><D91/><U9/><E9/><V104/><F17/><W26/><G26/><T135/><D135/><U0/><E31/><V89/><F89/><W88/><G50/><T11/><D11/><U65/><E65/><V14/><F14/><W57/><G57/><T55/><D61/><U75/><E75/><V83/><F83/><W21/><G21/><T111/><D111/><U4/><E4/><V64/><F64/><W108/><G42/><T128/><D128/><U19/><REACH who="1" step="1"/><E95/><REACH who="1" ten="215,305,228,242" step="2"/><V126/><F92/><W44/><G108/><T16/><D69/><U119/><E119/><V103/><F10/><W66/><G66/><N who="0" m="41415" /><D55/><U59/><E59/><V34/><F58/><W113/><G44/><T76/><D18/><U51/><E51/><V12/><F49/><W134/><G134/><T114/><D16/><U54/><E54/><V7/><F56/><W80/><G94/><T117/><D117/><U62/><E62/><V82/><F45/><W35/><G93/><T22/><D30/><U24/><E24/><V47/><F47/><W124/><G35/><T118/><D33/><U133/><E133/><V110/><F34/><W125/><G105/><RYUUKYOKU ba="0,1" sc="215,-10,305,30,228,-10,242,-10" hai1="0,6,8,13,19,23,36,37,38,52,53,79,85" /><INIT seed="5,1,1,2,4,62" ten="205,335,218,232" oya="1" hai0="27,16,33,110,22,116,25,78,83,98,131,99,41" hai1="133,75,106,11,64,68,91,134,47,10,135,84,53" hai2="46,95,129,14,43,93,119,66,109,48,97,9,90" hai3="117,70,122,73,1,107,37,128,127,59,92,54,49"/><U21/><E75/><V5/><F109/><W82/><RYUUKYOKU type="yao9" ba="1,1" sc="205,0,335,0,218,0,232,0" hai3="1,37,49,54,59,70,73,82,92,107,117,122,127,128" /><INIT seed="5,2,1,3,2,124" ten="205,335,218,232" oya="1" hai0="110,98,24,20,133,97,44,109,132,102,17,80,73" hai1="1,30,79,83,122,19,105,36,90,41,2,115,85" hai2="68,32,69,43,61,93,126,63,65,23,52,28,46" hai3="111,56,131,22,16,96,11,50,34,64,39,121,18"/><U128/><E122/><V12/><F126/><W120/><G34/><T129/><D44/><U113/><E128/><V62/><F32/><W130/><G39/><T91/><D129/><N who="3" m="49161" /><G111/><T33/><D33/><U26/><E105/><V13/><F28/><W77/><G77/><N who="0" m="44079" /><D91/><U75/><E19/><V72/><F23/><W59/><G96/><N who="0" m="36971" /><D102/><U70/><E70/><V125/><F125/><W82/><G82/><T51/><D51/><U25/><E41/><V45/><F72/><W94/><G94/><T108/><D17/><U4/><E36/><V123/><F93/><W100/><G100/><T53/><D53/><U38/><E38/><V99/><F99/><W29/><G50/><T101/><D20/><U92/><E92/><V21/><F21/><W9/><G29/><T104/><D24/><U114/><E26/><V67/><F123/><N who="3" m="47179" /><G18/><T84/><D84/><U76/><E76/><V58/><F45/><W7/><G7/><T60/><D101/><U103/><E103/><V5/><F5/><W47/><G47/><T3/><D104/><U35/><E4/><V42/><F43/><W15/><G59/><T74/><D110/><U54/><E79/><V88/><F88/><W135/><G135/><T87/><D109/><U107/><E107/><V127/><F127/><W40/><G40/><T106/><D108/><U118/><E90/><V37/><AGARI ba="2,1" hai="12,13,37,42,46,52,58,61,62,63,65,67,68,69" machi="37" ten="20,5200,0" yaku="0,1,7,1,9,1,54,1" doraHai="124" who="2" fromWho="2" sc="205,-15,335,-28,218,68,232,-15" /><INIT seed="6,0,0,3,4,95" ten="190,307,286,217" oya="2" hai0="22,43,26,103,13,135,60,11,91,90,89,88,5" hai1="62,133,66,106,8,75,18,1,84,119,53,56,92" hai2="117,59,15,124,45,42,97,4,68,96,36,122,32" hai3="65,52,81,100,57,131,110,113,25,98,21,73,47"/><V17/><F68/><W48/><G110/><T28/><D135/><U14/><E119/><V82/><F32/><W80/><G131/><T3/><D43/><U108/><E108/><V111/><F122/><W125/><G125/><T83/><D103/><U58/><E133/><V105/><F105/><W0/><G0/><T64/><N who="0" m="22528" /><DORA hai="74" /><T85/><D85/><U54/><E75/><V7/><F36/><W24/><G113/><T35/><D83/><U128/><E106/><V129/><F82/><W132/><G132/><T23/><REACH who="0" step="1"/><D13/><REACH who="0" ten="180,307,286,217" step="2"/><U19/><E14/><V104/><F15/><W76/><G80/><T51/><D51/><U41/><E41/><V127/><F42/><W87/><G87/><T102/><D102/><U38/><E84/><V49/><F49/><W134/><G134/><T99/><D99/><U50/><E50/><V37/><F97/><W86/><G73/><T79/><D79/><U6/><E38/><V16/><F96/><W40/><G40/><T61/><D61/><U44/><E62/><V69/><F37/><W10/><G98/><T121/><D121/><U9/><E1/><V55/><F127/><W109/><G100/><T2/><D2/><U67/><E92/><V123/><F124/><W29/><G109/><T31/><D31/><U101/><E101/><V126/><F123/><W71/><G86/><T114/><D114/><U72/><E72/><V118/><F126/><W12/><G81/><T70/><AGARI ba="0,1" hai="3,5,11,22,23,26,28,35,60,64,70" m="22528" machi="70" ten="40,8000,1" yaku="1,1,0,1,54,1,53,1" doraHai="95,74" doraHaiUra="34,120" who="0" fromWho="0" sc="180,90,307,-20,286,-40,217,-20" /><INIT seed="7,0,0,3,5,98" ten="270,287,246,197" oya="3" hai0="32,118,107,115,5,63,68,72,11,64,114,28,4" hai1="109,49,25,30,128,86,97,55,84,104,105,124,14" hai2="38,31,135,93,50,44,130,8,45,22,78,73,18" hai3="89,39,88,101,117,57,1,6,69,113,2,80,111"/><W129/><G69/><T12/><D118/><U83/><E109/><V134/><F130/><W16/><G117/><T7/><D72/><U23/><E128/><V95/><F78/><W108/><G39/><T112/><REACH who="0" step="1"/><D107/><REACH who="0" ten="260,287,246,197" step="2"/><U46/><E124/><V99/><F73/><W125/><G129/><T35/><D35/><U40/><E104/><V53/><F135/><W121/><G125/><T26/><AGARI ba="0,1" hai="4,5,7,11,12,26,28,32,63,64,68,112,114,115" machi="26" ten="40,8000,1" yaku="1,1,0,1,15,1,11,1,53,0" doraHai="98" doraHaiUra="13" who="0" fromWho="0" sc="260,90,287,-20,246,-20,197,-40" owari="350,44.0,267,7.0,226,-17.0,157,-34.0" /></mjloggm>