<mjloggm ver="2.3"><GO type="97" lobby="0"/><UN n0="%6D%61%6E%5F%6B%6F" n1="%E9%B7%B9%E6%9C%88%E3%82%B1%E3%82%A4" n2="%E3%81%99%E3%81%BF%E3%83%9A" n3="%E5%B0%B1%E6%B4%BB%E7%94%9F%40%E5%B7%9D%E6%9D%91%E8%BB%8D%E5%9B%A3" dan="15,13,13,14" rate="1962.39,1864.57,1895.32,1986.17" sx="M,M,M,M"/><TAIKYOKU oya="0"/><INIT seed="0,0,0,3,3,134" ten="250,250,250,250" oya="0" hai0="65,8,110,82,46,10,96,115,22,66,109,58,1" hai1="32,60,42,71,38,56,126,81,55,5,37,90,84" hai2="93,94,113,20,21,103,12,70,33,9,43,119,76" hai3="98,88,30,80,124,59,79,16,17,133,47,2,104"/><T127/><D115/><U122/><E122/><V63/><F33/><W54/><G133/><T26/><D46/><U78/><E32/><V50/><F113/><W7/><G30/><N who="0" m="17751" /><D82/><U45/><E5/><V49/><F119/><W4/><G47/><T97/><D127/><U35/><E35/><V131/><F131/><W100/><G124/><T121/><D121/><U77/><E126/><V92/><F70/><W117/><G117/><T107/><D107/><U89/><E38/><V85/><F63/><W24/><G2/><T118/><D118/><U73/><E73/><V125/><F125/><W87/><G79/><T13/><D1/><U128/><E128/><V129/><F129/><W132/><G132/><T123/><D123/><U108/><E108/><N who="0" m="41577" /><D8/><U18/><E71/><V34/><F34/><W64/><G64/><N who="0" m="24683" /><D58/><U112/><E112/><V86/><F76/><W53/><G53/><T72/><D72/><U57/><E57/><V39/><F39/><W28/><G4/><AGARI ba="0,0" hai="4,10,13,96,97" m="24683,41577,17751" machi="4" ten="30,2900,0" yaku="14,1,10,1" doraHai="134" who="0" fromWho="3" sc="250,29,250,0,250,0,250,-29" /><INIT seed="0,1,0,3,4,105" ten="279,250,250,221" oya="0" hai0="124,5,34,75,45,120,11,19,54,4,132,78,70" hai1="100,96,118,39,128,0,26,67,42,123,79,69,129" hai2="91,89,117,110,108,134,24,13,2,84,14,121,40" hai3="46,103,61,10,94,33,65,29,88,113,7,41,101"/><T107/><D120/><U112/><E123/><V44/><F121/><W109/><G109/><T6/><D107/><U74/><E118/><V72/><F2/><W85/><G29/><T126/><D70/><U90/><E90/><V133/><F24/><W58/><G33/><T16/><D34/><U122/><E122/><V9/><F117/><W131/><G131/><T115/><D11/><U68/><E0/><V116/><F9/><W130/><G130/><N who="1" m="50282" /><E67/><V63/><F63/><W3/><REACH who="3" step="1"/><G113/><REACH who="3" ten="279,250,250,211" step="2"/><T49/><D115/><U104/><E112/><V48/><F116/><W111/><G111/><T27/><D132/><U38/><E26/><V50/><F134/><W99/><G99/><T76/><D27/><U28/><E28/><V73/><F133/><W36/><AGARI ba="1,1" hai="3,7,10,36,41,46,58,61,65,85,88,94,101,103" machi="36" ten="20,8000,1" yaku="1,1,0,1,7,1,54,1,53,1" doraHai="105" doraHaiUra="35" who="3" fromWho="3" sc="279,-41,250,-21,250,-21,211,93" /><INIT seed="1,0,0,2,2,11" ten="238,229,229,304" oya="1" hai0="132,49,8,130,43,22,40,18,125,23,46,134,115" hai1="1,13,55,4,10,120,88,112,52,39,117,87,127" hai2="6,28,85,21,24,119,70,27,69,42,60,83,126" hai3="80,75,97,5,111,100,65,104,124,116,64,77,16"/><U63/><E112/><V41/><F119/><W32/><G32/><T106/><D115/><U73/><E117/><V17/><F126/><W14/><G116/><T31/><D125/><U15/><E127/><V44/><F6/><W114/><G124/><T76/><D106/><U3/><E120/><V94/><F94/><W50/><G114/><T102/><D102/><U26/><E73/><V53/><F41/><W101/><G111/><T135/><D130/><U86/><E39/><V62/><F70/><W67/><G101/><T35/><D76/><U89/><E26/><V45/><F69/><W113/><G113/><T29/><D40/><U84/><E3/><V118/><F118/><W36/><G36/><T25/><D31/><U93/><E84/><V58/><F62/><W91/><G91/><T9/><D23/><U56/><E55/><V92/><F92/><AGARI ba="0,0" hai="1,4,10,13,15,52,56,63,86,87,88,89,92,93" machi="92" ten="30,18000,2" yaku="7,1,9,1,52,2,54,2" doraHai="11" who="1" fromWho="2" sc="238,0,229,180,229,-180,304,0" /><BYE who="2" /><INIT seed="1,1,0,0,2,17" ten="238,409,49,304" oya="1" hai0="60,2,67,104,63,98,118,87,18,91,69,11,115" hai1="95,135,15,14,21,122,94,55,65,85,132,9,113" hai2="31,27,38,93,56,77,0,131,116,12,100,53,88" hai3="105,109,68,16,5,33,86,130,54,123,75,62,101"/><U64/><E113/><V13/><F13/><W78/><G33/><T42/><D115/><U134/><E122/><V43/><F43/><W127/><G123/><T110/><D110/><U80/><E55/><V102/><F102/><W72/><G5/><T119/><D60/><U96/><E15/><V24/><F24/><W66/><G109/><T19/><D42/><U59/><E59/><V79/><F79/><W84/><G127/><T82/><D18/><N who="1" m="10455" /><E9/><V22/><F22/><W124/><G124/><T10/><D10/><U51/><E51/><V106/><F106/><W52/><G130/><T81/><D81/><U30/><E30/><V26/><F26/><W57/><G105/><T97/><D104/><U25/><E25/><V49/><F49/><W83/><G101/><T114/><D114/><U4/><E4/><V8/><F8/><W41/><G41/><T3/><D119/><U23/><E23/><V6/><F6/><W45/><G75/><T7/><D118/><U99/><E95/><V46/><F46/><W40/><G16/><T90/><D19/><U32/><E32/><V74/><F74/><W111/><G111/><T121/><D121/><U120/><E120/><V37/><F37/><N who="3" m="21647" /><G54/><T34/><D34/><U48/><E48/><AGARI ba="1,0" hai="48,52,57,62,66,68,72,78,83,84,86" m="21647" machi="48" ten="30,2000,0" yaku="24,1,54,1" doraHai="17" who="3" fromWho="1" sc="238,0,409,-23,49,0,304,23" /><INIT seed="2,0,0,0,1,114" ten="238,386,49,327" oya="2" hai0="108,67,97,84,1,126,12,4,21,132,27,89,58" hai1="9,40,15,122,116,88,33,80,38,25,46,90,65" hai2="43,110,103,69,36,70,55,99,51,109,75,10,3" hai3="135,111,66,121,14,8,61,93,107,31,129,71,20"/><V128/><F128/><W42/><G121/><T79/><D108/><U106/><E122/><V118/><F118/><W37/><G107/><T32/><D126/><U73/><E106/><V91/><F91/><W86/><G129/><T120/><D120/><U18/><E116/><V35/><F35/><W62/><G111/><T130/><D130/><U28/><E65/><V56/><F56/><W134/><G62/><T98/><D132/><N who="3" m="50729" /><G42/><T115/><D115/><U78/><AGARI ba="0,0" hai="9,15,18,25,28,33,38,40,46,73,78,80,88,90" machi="78" ten="30,2000,0" yaku="0,1,54,1" doraHai="114" who="1" fromWho="1" sc="238,-5,386,20,49,-10,327,-5" /><INIT seed="3,0,0,0,1,76" ten="233,406,39,322" oya="3" hai0="58,22,92,31,109,25,9,3,134,13,10,108,48" hai1="70,66,127,116,77,35,24,72,63,107,15,65,105" hai2="120,87,79,67,95,115,74,85,30,99,94,100,71" hai3="54,49,123,135,20,80,56,122,1,75,7,36,2"/><W5/><G36/><T61/><D48/><U41/><E127/><V47/><F47/><W26/><G135/><T96/><D134/><U125/><E125/><V86/><F86/><W128/><G128/><T21/><D3/><U129/><E129/><V84/><F84/><W130/><G130/><T114/><D114/><U126/><E126/><V73/><F73/><W117/><G117/><T52/><D109/><U16/><E41/><V27/><F27/><W118/><G118/><T55/><D55/><U18/><E66/><V98/><F98/><W111/><G111/><T83/><D83/><U121/><E121/><V103/><F103/><W64/><G64/><T101/><D108/><U78/><E116/><V37/><F37/><W43/><G43/><T50/><D50/><U53/><E53/><V14/><F14/><W29/><G1/><T119/><D119/><U113/><E113/><V62/><F62/><W17/><G29/><T104/><D104/><U19/><E15/><V44/><F44/><W91/><G2/><T0/><D0/><U112/><E112/><V69/><F69/><W6/><REACH who="3" step="1"/><G91/><REACH who="3" ten="233,406,39,312" step="2"/><T97/><REACH who="0" step="1"/><D97/><REACH who="0" ten="223,406,39,312" step="2"/><U12/><E65/><V46/><F46/><W39/><G39/><T68/><D68/><U131/><E70/><V106/><F106/><W11/><G11/><T32/><D32/><U51/><E35/><V89/><F89/><W102/><G102/><T33/><D33/><U90/><E105/><V110/><F110/><W8/><G8/><UN n2="%E3%81%99%E3%81%BF%E3%83%9A" /><T88/><BYE who="2" /><D88/><U34/><E90/><V133/><F133/><W4/><N who="3" m="1536" /><DORA hai="132" /><W60/><G60/><RYUUKYOKU ba="0,2" sc="223,15,406,-15,39,-15,312,15" hai0="9,10,13,21,22,25,31,52,58,61,92,96,101" hai3="17,20,26,49,54,56,75,80,122,123" /><INIT seed="3,1,2,1,0,52" ten="238,391,24,327" oya="3" hai0="75,92,12,35,128,7,74,127,85,76,122,72,59" hai1="86,100,14,40,24,112,48,44,130,5,13,135,113" hai2="108,23,30,105,1,67,26,15,88,84,64,65,95" hai3="57,9,120,6,87,53,109,37,69,115,63,0,124"/><W60/><G120/><T10/><D122/><U117/><E100/><V89/><F89/><W133/><G115/><T116/><D116/><U17/><E117/><V16/><F16/><W73/><G73/><T102/><D127/><U41/><E130/><V18/><F18/><W49/><G124/><T3/><D128/><U121/><E121/><V93/><F93/><W36/><G133/><T21/><D35/><U97/><E135/><V96/><F96/><W103/><G109/><T126/><D126/><U32/><E97/><V46/><F46/><W22/><G103/><T31/><D102/><U8/><E41/><V19/><F19/><W42/><G22/><T54/><D75/><U94/><E94/><UN n2="%E3%81%99%E3%81%BF%E3%83%9A" /><V71/><F71/><W78/><BYE who="2" /><G42/><T62/><D92/><U45/><E45/><V70/><F70/><W131/><G131/><T123/><D123/><U33/><E86/><V111/><F111/><W4/><G4/><T66/><D12/><U50/><E50/><V91/><F91/><W39/><REACH who="3" step="1"/><G69/><REACH who="3" ten="238,391,24,317" step="2"/><T20/><D20/><U90/><E32/><V38/><F38/><W68/><G68/><T11/><D11/><U79/><E112/><V25/><F25/><W77/><G77/><T99/><D21/><U110/><E113/><V129/><F129/><W125/><G125/><T83/><D31/><U56/><E79/><V34/><F34/><W29/><G29/><T55/><D99/><U119/><E33/><V101/><F101/><W61/><G61/><T58/><REACH who="0" step="1"/><D66/><REACH who="0" ten="228,391,24,317" step="2"/><U51/><E8/><V98/><F98/><W107/><G107/><T132/><D132/><RYUUKYOKU ba="1,4" sc="228,15,391,-15,24,-15,317,15" hai0="3,7,10,54,55,58,59,62,72,74,76,83,85" hai3="0,6,9,36,37,39,49,53,57,60,63,78,87" /><INIT seed="3,2,4,2,3,107" ten="243,376,9,332" oya="3" hai0="100,63,46,56,88,68,23,127,44,0,21,65,106" hai1="131,33,57,59,108,25,73,103,93,37,69,32,72" hai2="28,134,4,29,48,53,99,41,39,92,42,36,27" hai3="112,61,126,64,30,47,58,125,124,83,95,105,122"/><W14/><G105/><T130/><D130/><U8/><E69/><V38/><F38/><W132/><G122/><T31/><D127/><U54/><E37/><V19/><F19/><W116/><G116/><T71/><D0/><U5/><E59/><V22/><F22/><W34/><G112/><T20/><D31/><U82/><E131/><V89/><F89/><W70/><G132/><T104/><D100/><U76/><E73/><V86/><F86/><W55/><G83/><T123/><D123/><U12/><E108/><V133/><F133/><W87/><G47/><T102/><D104/><U66/><E66/><V84/><F84/><W77/><G77/><T97/><D68/><U50/><REACH who="1" step="1"/><E25/><REACH who="1" ten="243,366,9,332" step="2"/><V111/><F111/><W98/><G70/><T10/><D10/><U45/><E45/><V74/><F74/><W78/><G64/><T11/><D11/><U128/><E128/><V110/><F110/><W119/><G119/><T35/><D35/><U117/><E117/><V2/><F2/><W115/><G115/><T80/><REACH who="0" step="1"/><D71/><REACH who="0" ten="233,366,9,332" step="2"/><U40/><E40/><V18/><F18/><W114/><G114/><T7/><D7/><U96/><AGARI ba="2,6" hai="5,8,12,32,33,50,54,57,72,76,82,93,96,103" machi="96" ten="30,7900,0" yaku="1,1,0,1,52,1,53,1" doraHai="107" doraHaiUra="90" who="1" fromWho="1" sc="233,-22,366,145,9,-22,332,-41" owari="211,-19.0,511,61.0,-13,-51.0,291,9.0" /></mjloggm>