<mjloggm ver="2.3"><GO type="97" lobby="0"/><UN n0="%79%75%6B%69%6E%6F%36" n1="%72%65%65%66" n2="%E5%B0%B1%E6%B4%BB%E7%94%9F%40%E5%B7%9D%E6%9D%91%E8%BB%8D%E5%9B%A3" n3="%E9%9B%80%E8%8D%98%E3%81%AE%E5%BC%A5%E4%B8%89" dan="14,15,16,14" rate="2036.25,2010.68,2081.19,1907.95" sx="M,M,M,M"/><TAIKYOKU oya="0"/><INIT seed="0,0,0,1,2,39" ten="250,250,250,250" oya="0" hai0="85,97,119,43,118,14,69,24,110,113,125,117,40" hai1="23,50,66,56,29,123,19,52,131,5,115,104,121" hai2="51,48,114,83,55,65,103,21,78,13,45,64,132" hai3="126,33,75,80,77,67,94,73,17,4,91,60,44"/><T122/><D85/><U100/><E131/><V59/><F114/><W130/><G33/><T127/><D97/><U2/><E115/><V71/><F132/><W32/><G32/><T30/><D113/><U86/><E29/><V61/><F103/><W3/><G130/><T102/><D102/><U95/><E66/><V96/><F96/><W47/><G126/><N who="0" m="48139" /><D122/><U128/><E128/><V42/><F64/><W11/><G75/><T98/><D98/><U70/><E70/><V81/><REACH who="2" step="1"/><F78/><REACH who="2" ten="250,250,240,250" step="2"/><W107/><G107/><T112/><D112/><U34/><E100/><V31/><F31/><W10/><G91/><T20/><D69/><U53/><E104/><V38/><F38/><W63/><G94/><T93/><D93/><U41/><E95/><V26/><F26/><W57/><REACH who="3" step="1"/><G63/><REACH who="3" ten="250,250,240,240" step="2"/><T1/><D1/><U54/><E2/><V18/><AGARI ba="0,2" hai="13,18,21,42,45,48,51,55,59,61,65,71,81,83" machi="18" ten="30,4000,0" yaku="1,1,0,1,52,1,53,0" doraHai="39" doraHaiUra="6" who="2" fromWho="2" sc="250,-20,250,-10,240,60,240,-10" /><INIT seed="1,0,0,0,1,56" ten="230,240,300,230" oya="1" hai0="86,42,15,120,44,30,108,48,33,47,106,97,46" hai1="135,66,91,50,1,53,21,132,9,78,40,67,111" hai2="70,63,49,69,131,126,124,28,7,117,0,121,130" hai3="18,65,75,125,110,13,27,58,61,115,94,109,51"/><U35/><E35/><V116/><F28/><W22/><G115/><T52/><D120/><U98/><E40/><V20/><F20/><W14/><G75/><T36/><D108/><N who="3" m="41577" /><G125/><N who="2" m="48233" /><F0/><W101/><G51/><T102/><D15/><U105/><E111/><V77/><F7/><W68/><G68/><N who="2" m="26217" /><F77/><W16/><G18/><T23/><D23/><U39/><E78/><V89/><F89/><W10/><G10/><T5/><D5/><N who="1" m="1199" /><E39/><V29/><F29/><W134/><G134/><N who="1" m="51242" /><E21/><V93/><F93/><W81/><G81/><T83/><D46/><N who="1" m="27863" /><E91/><V4/><F4/><W26/><G27/><T41/><D41/><U34/><E34/><V84/><F84/><W59/><G101/><AGARI ba="0,0" hai="66,67,98,101,105" m="27863,51242,1199" machi="101" ten="30,1500,0" yaku="20,1" doraHai="56" who="1" fromWho="3" sc="230,0,240,15,300,0,230,-15" /><INIT seed="1,1,0,2,0,43" ten="230,255,300,215" oya="1" hai0="17,89,104,45,117,64,107,33,124,62,63,25,3" hai1="93,131,23,16,67,91,30,76,110,77,2,115,125" hai2="69,85,123,127,56,94,135,57,114,39,22,51,134" hai3="20,28,72,55,78,130,105,5,79,9,103,37,95"/><U7/><E115/><V46/><F69/><W84/><G37/><T49/><D3/><U21/><E125/><V13/><F39/><W87/><G130/><T58/><D124/><U32/><E131/><V90/><F123/><W31/><G72/><T126/><D126/><U44/><E32/><V35/><F35/><W71/><G71/><T19/><D117/><U118/><E118/><V15/><F127/><W112/><G112/><T54/><D104/><U65/><E2/><V98/><F98/><W70/><G70/><T4/><D107/><U14/><E7/><V96/><F96/><W26/><G105/><T113/><D113/><U86/><E110/><V68/><F68/><W18/><G103/><T111/><D111/><U74/><E44/><V6/><F6/><W41/><G41/><T80/><D4/><U0/><E0/><V92/><F92/><W100/><G100/><T109/><D109/><U52/><E52/><N who="2" m="29815" /><F114/><W60/><G95/><T119/><D119/><U108/><E108/><V10/><F22/><W53/><G5/><T122/><D122/><U38/><E38/><V8/><F15/><W128/><G9/><N who="2" m="3689" /><F13/><W36/><G36/><T11/><D11/><U81/><E23/><V133/><AGARI ba="1,0" hai="56,57,85,90,94,133,134,135" m="3689,29815" machi="133" ten="40,5200,0" yaku="20,1,52,1,54,1" doraHai="43" who="2" fromWho="2" sc="230,-14,255,-27,300,55,215,-14" /><INIT seed="2,0,0,0,1,39" ten="216,228,355,201" oya="2" hai0="109,67,55,99,98,53,2,124,129,33,8,106,12" hai1="66,76,52,107,97,86,46,111,69,43,5,68,34" hai2="27,87,28,25,24,38,58,40,19,82,42,91,74" hai3="9,108,45,134,15,73,93,102,81,47,83,21,110"/><V77/><F28/><W120/><G120/><T20/><D2/><U10/><E34/><V85/><F38/><W57/><G134/><T121/><D33/><U89/><E76/><V3/><F3/><W16/><G73/><T84/><D106/><U37/><E111/><N who="3" m="42538" /><G57/><T122/><D109/><U61/><E69/><V32/><F32/><W4/><G102/><T65/><D124/><U63/><E97/><V75/><F75/><W118/><G93/><T56/><D129/><U6/><E107/><V105/><F105/><W101/><G101/><T64/><D84/><U70/><E10/><V119/><F119/><W95/><G95/><T128/><D128/><U88/><E89/><V35/><F35/><W113/><G118/><T123/><D20/><U125/><E125/><V115/><F115/><W80/><G113/><T112/><D112/><U1/><E1/><AGARI ba="0,0" hai="1,4,9,15,16,21,45,47,80,81,83" m="42538" machi="1" ten="30,2000,0" yaku="14,1,54,1" doraHai="39" who="3" fromWho="1" sc="216,0,228,-20,355,0,201,20" /><INIT seed="3,0,0,0,2,90" ten="216,208,355,221" oya="3" hai0="10,24,31,92,45,4,39,98,73,38,11,15,113" hai1="103,3,14,17,78,118,106,46,96,126,77,69,79" hai2="100,72,9,62,52,135,102,129,53,63,26,12,28" hai3="6,25,7,19,107,70,127,35,82,61,95,104,23"/><W101/><G127/><T71/><D73/><U8/><E126/><V0/><F72/><W91/><G70/><T32/><D71/><U97/><E118/><V128/><F0/><W108/><G35/><T114/><D113/><U57/><E69/><V120/><F135/><W48/><G107/><T124/><D114/><U66/><E3/><V27/><F120/><W87/><G61/><N who="2" m="23049" /><F128/><W54/><G108/><T81/><D124/><U43/><E97/><V36/><F36/><W105/><G104/><T30/><D81/><U44/><E44/><V94/><F129/><W89/><G105/><T50/><D30/><U123/><E123/><V21/><F27/><W74/><G101/><N who="2" m="39017" /><F94/><W93/><G74/><T55/><D11/><U16/><E57/><V34/><F34/><W112/><G112/><T49/><D49/><U68/><E68/><V117/><F117/><W134/><G134/><T47/><D47/><U51/><REACH who="1" step="1"/><E17/><AGARI ba="0,0" hai="9,12,17,21,26,28,52,53" m="39017,23049" machi="17" ten="30,2000,0" yaku="8,1,54,1" doraHai="90" who="2" fromWho="1" sc="216,0,208,-20,355,20,221,0" owari="216,-18.0,188,-31.0,375,47.0,221,2.0" /></mjloggm>