<mjloggm ver="2.3"><GO type="97" lobby="0"/><UN n0="%61%78%65%6C%33" n1="%E5%8D%97%E6%B5%A6%40%E6%9D%8F%E6%9D%8F%E8%BB%8D%E5%9C%98" n2="%E7%94%9F%E5%BE%92%E4%BC%9A%E9%95%B7" n3="%E5%B0%B1%E6%B4%BB%E7%94%9F%40%E5%B7%9D%E6%9D%91%E8%BB%8D%E5%9B%A3" dan="15,13,13,14" rate="1988.33,1869.36,1860.23,1991.90" sx="M,F,M,M"/><TAIKYOKU oya="0"/><INIT seed="0,0,0,0,1,108" ten="250,250,250,250" oya="0" hai0="112,88,52,21,69,99,83,123,53,68,115,15,66" hai1="23,9,100,118,79,98,122,134,25,8,56,7,40" hai2="33,128,60,3,97,55,24,105,93,87,107,78,75" hai3="47,13,94,89,133,61,116,110,20,35,101,30,102"/><T131/><D123/><U50/><E122/><V12/><F3/><W1/><G1/><T81/><D66/><U45/><E118/><V126/><F107/><W34/><G110/><T119/><D15/><U11/><E79/><V54/><F12/><W77/><G116/><T37/><D21/><U63/><E134/><V90/><F60/><W103/><G133/><T57/><D119/><U58/><E7/><V59/><F59/><W125/><G125/><T29/><D29/><U65/><E56/><V106/><F106/><W135/><G77/><T70/><D57/><U95/><REACH who="1" step="1"/><E8/><REACH who="1" ten="250,240,250,250" step="2"/><V38/><F126/><W92/><G135/><T120/><D120/><U6/><E6/><V36/><F78/><W39/><G61/><T51/><D131/><U113/><E113/><V124/><F128/><W26/><G47/><T114/><D37/><U31/><AGARI ba="0,1" hai="9,11,23,25,31,40,45,50,58,63,65,95,98,100" machi="31" ten="20,12000,2" yaku="1,1,0,1,7,1,25,2,8,1,53,1" doraHai="108" doraHaiUra="27" who="1" fromWho="1" sc="250,-60,240,130,250,-30,250,-30" /><INIT seed="1,0,0,5,2,135" ten="190,370,220,220" oya="1" hai0="99,1,78,4,121,55,89,98,104,119,25,50,17" hai1="96,88,0,53,106,107,7,37,94,69,101,102,8" hai2="24,115,77,63,110,30,66,2,56,34,68,41,9" hai3="14,49,128,3,133,123,59,33,86,60,39,43,15"/><U5/><E69/><V117/><F117/><W92/><G39/><T95/><D119/><U76/><E37/><V134/><F115/><W97/><G3/><T61/><D121/><U120/><E120/><V124/><F134/><W45/><G33/><T48/><D1/><U54/><E7/><N who="2" m="1271" /><F56/><W75/><G123/><T116/><D4/><U82/><E102/><V127/><F41/><W122/><G75/><T47/><D78/><U26/><E26/><V40/><F40/><W84/><G122/><T32/><D32/><U103/><E103/><V71/><F68/><W91/><G128/><T46/><D116/><U74/><E107/><V52/><F52/><N who="3" m="33895" /><G133/><T23/><D104/><U114/><E114/><V79/><F79/><W64/><G64/><T51/><D98/><AGARI ba="0,0" hai="0,5,8,53,54,74,76,82,88,94,96,98,101,106" machi="98" ten="30,2900,0" yaku="7,1,54,1" doraHai="135" who="1" fromWho="0" sc="190,-29,370,29,220,0,220,0" /><INIT seed="1,1,0,2,3,24" ten="161,399,220,220" oya="1" hai0="50,133,52,100,14,27,111,94,129,69,93,83,71" hai1="80,42,125,19,39,22,26,117,15,45,134,20,85" hai2="107,90,108,47,75,97,96,115,56,127,38,12,64" hai3="116,57,62,73,11,105,23,10,32,130,37,0,2"/><U63/><E117/><V106/><F75/><W112/><G105/><T119/><D119/><U5/><E134/><V95/><F64/><W135/><G37/><T113/><D113/><U87/><E125/><V65/><F127/><W126/><G73/><T61/><D133/><U109/><E109/><V16/><F97/><W34/><G112/><T81/><D111/><U77/><E63/><V59/><F59/><W40/><G40/><T118/><D118/><U72/><REACH who="1" step="1"/><E5/><REACH who="1" ten="161,389,220,220" step="2"/><V41/><F115/><W132/><G126/><T101/><D61/><U67/><E67/><V3/><F108/><W18/><G62/><T60/><D60/><U86/><E86/><V53/><F65/><W29/><G116/><T114/><D114/><U128/><E128/><V131/><F131/><W30/><G130/><T92/><D129/><U8/><E8/><V51/><F3/><W4/><G132/><T122/><D71/><U79/><E79/><V70/><F70/><W49/><G135/><T68/><D69/><U7/><E7/><V13/><F107/><W88/><G11/><T31/><D68/><U48/><E48/><V54/><F106/><W102/><G2/><T82/><D122/><U120/><E120/><V17/><F38/><W44/><G10/><T84/><D84/><U28/><AGARI ba="1,1" hai="15,19,20,22,26,28,39,42,45,72,77,80,85,87" machi="28" ten="20,7800,0" yaku="1,1,0,1,7,1,52,1,53,0" doraHai="24" doraHaiUra="6" who="1" fromWho="1" sc="161,-27,389,91,220,-27,220,-27" /><INIT seed="1,2,0,4,0,31" ten="134,480,193,193" oya="1" hai0="86,61,80,25,11,70,95,135,37,12,1,15,92" hai1="45,119,77,64,74,27,23,36,50,117,71,100,24" hai2="63,76,126,102,121,132,90,43,21,26,35,55,116" hai3="108,103,87,82,17,134,123,58,14,120,97,54,7"/><U127/><E127/><V122/><F76/><W98/><G108/><T51/><D37/><U129/><E129/><V106/><F43/><W94/><G7/><T38/><D38/><U73/><E100/><V0/><F0/><W59/><G134/><T67/><D135/><U18/><E36/><V9/><F102/><W42/><G42/><T6/><D25/><U32/><E27/><V84/><F106/><W66/><G66/><T75/><D75/><U115/><E32/><V110/><F116/><W19/><G97/><T125/><D125/><U44/><E115/><V3/><F110/><W49/><G59/><T109/><D109/><U34/><E34/><V57/><F132/><W107/><G107/><T8/><D1/><U78/><E119/><V93/><F35/><W114/><G114/><T28/><D28/><U118/><E117/><V33/><F33/><W41/><G41/><T2/><D2/><U88/><E88/><V111/><F111/><W81/><G19/><T62/><D51/><U99/><E50/><V85/><F85/><W46/><G58/><T22/><D22/><U113/><E118/><V101/><F101/><W128/><G128/><T104/><D104/><U79/><E99/><V52/><F55/><W56/><G56/><T130/><D62/><U10/><E113/><V39/><F39/><W112/><G112/><T72/><D72/><U5/><E73/><V13/><F3/><W89/><G81/><T65/><D130/><U20/><E74/><V91/><F126/><W60/><G60/><T68/><D70/><U69/><E69/><V29/><F91/><RYUUKYOKU ba="2,0" sc="134,-15,480,-15,193,15,193,15" hai2="9,13,21,26,29,52,57,63,84,90,93,121,122" hai3="14,17,46,49,54,82,87,89,94,98,103,120,123" /><INIT seed="2,3,0,5,1,78" ten="119,465,208,208" oya="2" hai0="9,98,111,16,100,74,33,126,21,7,36,109,75" hai1="130,13,43,119,125,10,69,0,95,133,99,79,41" hai2="96,94,23,44,18,129,32,86,34,57,1,77,92" hai3="124,72,51,61,103,42,66,54,11,116,76,112,106"/><V19/><F1/><W31/><G116/><T22/><D33/><U80/><E119/><V60/><F44/><W71/><G112/><T59/><D36/><U45/><E69/><V122/><F122/><W55/><G124/><T52/><D126/><U37/><E125/><V110/><F18/><W104/><G31/><T107/><D22/><U118/><E118/><V65/><F129/><W30/><G30/><T101/><D100/><U68/><E68/><V15/><F110/><N who="0" m="41994" /><D9/><U105/><E105/><V85/><F85/><W113/><G113/><T128/><D7/><U26/><E37/><V3/><F3/><W17/><G103/><T49/><D128/><U127/><E130/><V134/><F134/><W12/><G42/><T40/><D40/><U117/><E41/><V108/><F108/><W4/><G4/><T63/><D49/><U5/><E43/><V56/><F56/><W64/><G64/><T82/><D82/><U58/><E80/><N who="2" m="47375" /><F34/><W20/><G20/><T47/><D47/><U35/><E35/><V24/><F32/><W123/><G123/><T28/><D28/><U70/><E127/><V115/><F115/><W131/><G55/><T114/><D114/><U83/><E10/><N who="2" m="6647" /><F96/><W50/><G50/><T132/><D132/><U90/><E133/><V39/><F39/><W89/><G131/><T73/><D73/><U81/><E0/><V135/><F135/><W6/><G6/><T8/><D8/><U120/><E120/><V48/><F48/><W87/><G72/><T14/><AGARI ba="3,0" hai="14,16,21,52,59,63,74,75,98,101,107" m="41994" machi="14" ten="30,4000,0" yaku="14,1,54,2" doraHai="78" who="0" fromWho="0" sc="119,49,465,-13,208,-23,208,-13" /><INIT seed="3,0,0,5,3,122" ten="168,452,185,195" oya="3" hai0="66,99,62,107,118,36,33,92,55,97,121,78,49" hai1="108,30,28,56,73,94,4,110,67,75,41,29,57" hai2="43,8,12,106,16,37,101,21,31,27,11,127,2" hai3="104,35,42,54,134,132,86,123,81,68,74,103,10"/><W0/><G35/><T111/><D36/><U80/><E4/><V124/><F101/><W18/><G68/><T64/><D118/><U79/><E41/><V65/><F65/><W45/><G74/><T125/><D121/><U52/><E67/><V88/><F106/><W61/><G123/><T91/><D33/><U51/><E94/><V77/><F77/><W105/><G103/><T130/><D78/><U76/><E76/><V131/><F131/><W71/><G71/><T113/><D130/><U19/><E19/><N who="2" m="8583" /><F88/><N who="3" m="51279" /><G61/><T38/><D38/><U69/><E69/><V40/><F37/><W1/><G1/><T17/><D113/><U129/><E129/><V95/><F95/><W85/><G85/><T20/><D62/><U89/><E89/><V9/><F43/><W47/><G47/><T98/><D107/><U58/><E73/><V126/><F40/><W25/><G25/><T15/><D125/><U46/><AGARI ba="0,0" hai="28,29,30,46,51,52,56,57,58,75,79,80,108,110" machi="46" ten="40,8000,1" yaku="0,1,52,2,54,1" doraHai="122" who="1" fromWho="1" sc="168,-20,452,80,185,-20,195,-40" owari="148,-35.0,532,62.0,165,-3.0,155,-24.0" /></mjloggm>