<mjloggm ver="2.3"><GO type="41" lobby="0"/><UN n0="%6B%77%5F%67%69%66%75" n1="%E5%B0%B1%E6%B4%BB%E7%94%9F%40%E5%B7%9D%E6%9D%91%E8%BB%8D%E5%9B%A3" n2="%E6%A1%83%E3%82%84%E3%82%93" n3="%7A%71%73%63%65" dan="16,15,15,15" rate="1957.38,2002.59,1975.24,1966.73" sx="M,M,M,M"/><TAIKYOKU oya="0"/><INIT seed="0,0,0,0,3,102" ten="250,250,250,250" oya="0" hai0="50,99,17,25,110,12,85,34,11,78,27,42,61" hai1="60,64,87,125,30,95,79,77,47,23,33,39,134" hai2="113,129,123,111,14,112,86,116,38,56,63,2,24" hai3="54,7,92,59,41,119,71,16,124,115,70,73,8"/><T131/><D131/><U75/><E33/><V55/><F2/><W132/><G73/><T127/><D127/><U118/><E118/><V80/><F38/><W5/><G115/><T58/><D110/><U120/><E120/><V103/><F123/><W97/><G119/><T37/><D37/><U20/><E75/><V18/><F116/><W15/><G124/><T126/><D126/><U69/><E125/><V45/><F129/><W72/><G72/><T105/><D34/><U26/><E134/><V10/><F111/><W62/><G132/><T35/><D35/><U130/><E130/><V100/><F113/><W43/><G71/><T107/><D50/><U88/><REACH who="1" step="1"/><E23/><REACH who="1" ten="250,240,250,250" step="2"/><V28/><F112/><W49/><G70/><T48/><D42/><AGARI ba="0,1" hai="20,26,30,39,42,47,60,64,69,77,79,87,88,95" machi="42" ten="40,5200,0" yaku="1,1,2,1,54,1,53,0" doraHai="102" doraHaiUra="46" who="1" fromWho="0" sc="250,-52,240,62,250,0,250,0" /><INIT seed="1,0,0,2,1,12" ten="198,302,250,250" oya="1" hai0="84,9,113,86,31,129,44,1,46,117,25,71,91" hai1="85,40,105,83,127,36,68,77,107,38,60,43,74" hai2="14,13,19,50,55,121,118,10,24,30,49,15,47" hai3="100,109,116,135,52,42,45,93,122,87,28,131,21"/><U90/><E127/><V23/><F121/><W101/><G122/><T59/><D71/><U27/><E38/><V79/><F118/><W97/><G109/><T66/><D113/><U5/><E5/><V81/><REACH who="2" step="1"/><F50/><REACH who="2" ten="198,302,240,250" step="2"/><W58/><G116/><T94/><D117/><U29/><E36/><V2/><F2/><W115/><G115/><T61/><D129/><U6/><E107/><V125/><F125/><W92/><G131/><T110/><D110/><U11/><E105/><V56/><F56/><W120/><G120/><T132/><D132/><U34/><E68/><V89/><F89/><W22/><G135/><T63/><D63/><U102/><E102/><V39/><F39/><W67/><G101/><T35/><D1/><U62/><E62/><V65/><F65/><W8/><G67/><T26/><D46/><U82/><E60/><V69/><F69/><W78/><G58/><T64/><D44/><U20/><E34/><V72/><AGARI ba="0,1" hai="10,13,14,15,19,23,24,30,47,49,55,72,79,81" machi="72" ten="20,5200,0" yaku="1,1,0,1,7,1,52,1,53,0" doraHai="12" doraHaiUra="134" who="2" fromWho="2" sc="198,-13,302,-26,240,62,250,-13" /><INIT seed="2,0,0,1,0,7" ten="185,276,302,237" oya="2" hai0="64,61,97,107,28,88,90,78,127,126,15,48,6" hai1="68,52,80,98,70,91,124,33,17,42,21,47,131" hai2="20,35,103,83,82,72,99,100,40,85,133,19,114" hai3="79,101,1,111,53,93,116,37,95,25,123,69,2"/><V122/><F114/><W16/><G37/><T115/><D115/><U56/><E33/><V67/><F35/><W22/><G69/><T55/><D78/><U60/><E124/><N who="0" m="47657" /><D28/><U102/><E131/><V59/><F122/><W65/><G116/><T84/><D107/><U30/><E30/><V41/><F133/><W76/><G65/><T36/><D36/><U39/><E80/><V43/><F72/><W13/><G111/><T50/><D97/><U11/><E11/><V8/><F8/><W54/><G123/><T109/><D109/><U125/><E125/><V14/><F83/><W9/><G2/><T81/><D90/><U75/><E75/><V106/><F99/><N who="3" m="59631" /><G95/><T3/><D3/><U92/><REACH who="1" step="1"/><E102/><REACH who="1" ten="185,266,302,237" step="2"/><V128/><F128/><W58/><G1/><T66/><D6/><U4/><E4/><V108/><F106/><W71/><G79/><T23/><D23/><U77/><E77/><N who="2" m="46287" /><F108/><W26/><G76/><T94/><D81/><U73/><E73/><V120/><F120/><W105/><G105/><T44/><D94/><U113/><E113/><V118/><F118/><W27/><G22/><T89/><D89/><U132/><E132/><V31/><F31/><W104/><G104/><T86/><D88/><U110/><E110/><V63/><AGARI ba="0,1" hai="14,19,20,40,41,43,59,63,67,100,103" m="46287" machi="63" ten="30,1500,0" yaku="8,1" doraHai="7" who="2" fromWho="2" sc="185,-5,266,-5,302,25,237,-5" /><INIT seed="2,1,0,2,4,112" ten="180,261,327,232" oya="2" hai0="8,117,78,29,30,127,6,67,106,92,44,91,57" hai1="63,62,130,132,51,83,41,23,54,122,119,24,81" hai2="84,46,116,105,56,19,50,37,7,58,133,10,35" hai3="11,22,17,15,0,16,13,34,98,131,48,135,111"/><V77/><F105/><W69/><G69/><T93/><D106/><U108/><E122/><V96/><F35/><W68/><G68/><T123/><D123/><U4/><E119/><V65/><F37/><W95/><G111/><T109/><D109/><U126/><E108/><V59/><F133/><W104/><G104/><T21/><D127/><U103/><E130/><V26/><F96/><W2/><G131/><T110/><D110/><U73/><E73/><V38/><F38/><W27/><G135/><T32/><D32/><U45/><E132/><V28/><F19/><W43/><G34/><T20/><D78/><U115/><E115/><V70/><F70/><W114/><G114/><T60/><D117/><U113/><E4/><V120/><F120/><W25/><G0/><T42/><D21/><U5/><E5/><V100/><F100/><W125/><G2/><T53/><D67/><U82/><E126/><V66/><F84/><W121/><G121/><T88/><D91/><U129/><E129/><V1/><F77/><W39/><G39/><T31/><D20/><U118/><E118/><V99/><F99/><W72/><G72/><T94/><D44/><U87/><E103/><V40/><REACH who="2" step="1"/><F116/><REACH who="2" ten="180,261,317,232" step="2"/><W75/><G75/><T71/><D71/><U80/><E113/><V102/><F102/><W36/><G36/><T14/><REACH who="0" step="1"/><D42/><REACH who="0" ten="170,261,317,232" step="2"/><U33/><E33/><V90/><F90/><N who="3" m="55671" /><G125/><T107/><D107/><U9/><E41/><V47/><F47/><AGARI ba="1,2" hai="11,13,15,16,17,22,25,27,43,47,48" m="55671" machi="47" ten="30,2000,0" yaku="8,1,54,1" doraHai="112" who="3" fromWho="2" sc="170,0,261,0,317,-23,232,43" /><INIT seed="3,0,0,5,5,17" ten="170,261,294,275" oya="3" hai0="112,117,13,0,38,9,27,6,24,12,79,130,94" hai1="22,80,55,96,3,66,120,68,46,91,113,134,73" hai2="118,1,108,123,28,82,110,106,105,111,59,39,30" hai3="34,26,33,53,41,78,32,65,119,14,133,47,40"/><W89/><G119/><T62/><D38/><U56/><E120/><V49/><F39/><W100/><G133/><T60/><D117/><U67/><E113/><V102/><F1/><W25/><G100/><T36/><D36/><U5/><E134/><V54/><F118/><W128/><G78/><T103/><D112/><U99/><E68/><V35/><F123/><W97/><G65/><T87/><D130/><U121/><E3/><V76/><F35/><W8/><G128/><T61/><D103/><U92/><E5/><V95/><F95/><W19/><G53/><T44/><D44/><U64/><E121/><V122/><F122/><W127/><G127/><T21/><D27/><U129/><E46/><V77/><F77/><W126/><G126/><T16/><REACH who="0" step="1"/><D94/><REACH who="0" ten="160,261,294,275" step="2"/><U23/><E129/><V85/><REACH who="2" step="1"/><F102/><REACH who="2" ten="160,261,284,275" step="2"/><W70/><G34/><T20/><D20/><U31/><E22/><V63/><F63/><W58/><G33/><T42/><D42/><U84/><E23/><V104/><AGARI ba="0,2" hai="28,30,49,54,59,76,82,85,104,105,106,108,110,111" machi="104" ten="40,8000,1" yaku="1,1,0,1,14,1,53,1" doraHai="17" doraHaiUra="74" who="2" fromWho="2" sc="160,-20,261,-20,284,100,275,-40" /><INIT seed="4,0,0,2,1,134" ten="140,241,384,235" oya="0" hai0="88,12,39,116,59,117,78,1,86,125,7,2,19" hai1="91,10,115,92,43,34,114,121,113,61,65,72,18" hai2="38,101,129,74,81,118,24,32,27,76,21,45,41" hai3="132,94,130,66,49,51,79,96,89,85,104,128,127"/><T4/><D39/><U17/><E121/><V16/><F129/><N who="3" m="49771" /><G66/><T122/><D122/><U77/><E34/><V0/><F118/><W135/><G49/><T29/><D78/><U13/><E43/><V102/><F32/><W84/><G51/><T56/><D125/><U123/><E123/><V8/><F24/><W64/><G64/><T57/><D29/><U23/><E77/><V110/><F110/><W106/><G127/><T109/><D109/><U44/><E44/><V60/><F60/><W70/><G70/><T9/><D4/><AGARI ba="0,0" hai="0,4,8,16,21,27,38,41,45,74,76,81,101,102" machi="4" ten="40,5200,0" yaku="25,2,54,1" doraHai="134" who="2" fromWho="0" sc="140,-52,241,0,384,52,235,0" /><INIT seed="5,0,0,5,2,134" ten="88,241,436,235" oya="1" hai0="70,87,117,131,4,14,64,123,88,59,13,21,68" hai1="69,56,18,121,23,15,103,44,75,46,122,1,48" hai2="109,98,17,8,80,20,52,85,112,83,3,7,132" hai3="125,19,129,91,79,104,60,47,84,33,37,130,63"/><U107/><E1/><V2/><F109/><W24/><G104/><T53/><D117/><U43/><E69/><V34/><F34/><W99/><G99/><T105/><D131/><N who="3" m="50185" /><G79/><T67/><D105/><U25/><E75/><V95/><F132/><W93/><G33/><T124/><D123/><U49/><E56/><V11/><F112/><W31/><G19/><T78/><D78/><U111/><E111/><V90/><F11/><W89/><G89/><T55/><D55/><U128/><E128/><V45/><F83/><W73/><G73/><T32/><D32/><U28/><E103/><V119/><F119/><W127/><G37/><T27/><D70/><U5/><E107/><V22/><F3/><W29/><G47/><T10/><D68/><U9/><REACH who="1" step="1"/><E28/><REACH who="1" ten="88,231,436,235" step="2"/><V39/><F45/><W97/><G31/><T0/><D124/><N who="3" m="47689" /><G29/><T40/><D0/><U92/><E92/><V50/><F17/><W76/><G24/><T66/><D40/><AGARI ba="0,1" hai="5,9,15,18,23,25,40,43,44,46,48,49,121,122" machi="40" ten="30,5800,0" yaku="1,1,7,1,9,1,53,0" doraHai="134" doraHaiUra="51" who="1" fromWho="0" sc="88,-58,231,68,436,0,235,0" /><INIT seed="5,1,0,0,5,50" ten="30,299,436,235" oya="1" hai0="7,87,97,124,40,132,24,14,125,61,112,102,65" hai1="58,100,35,2,116,66,84,22,108,76,109,86,52" hai2="73,56,128,3,135,123,41,43,88,85,27,62,45" hai3="44,127,4,42,82,70,47,104,33,119,26,8,48"/><U16/><E35/><V63/><F73/><W113/><G113/><T11/><D112/><U54/><E116/><V106/><F3/><W32/><G70/><T131/><D40/><U68/><E2/><V23/><F106/><W93/><G104/><T110/><D110/><N who="1" m="42603" /><E68/><V130/><F123/><W12/><G127/><T60/><D24/><N who="1" m="14407" /><E100/><V18/><F135/><W15/><G119/><T114/><D114/><U115/><E115/><V5/><F5/><W30/><G93/><T122/><D122/><U9/><E9/><V77/><F77/><W99/><G99/><T25/><D131/><N who="2" m="50218" /><F62/><W69/><G69/><T94/><D132/><U59/><E66/><N who="2" m="39271" /><F45/><W6/><G82/><AGARI ba="1,0" hai="18,23,27,41,43,82,85,88" m="39271,50218" machi="82" ten="30,2000,0" yaku="19,1,54,1" doraHai="50" who="2" fromWho="3" sc="30,0,299,0,436,23,235,-23" /><INIT seed="6,0,0,4,3,53" ten="30,299,459,212" oya="2" hai0="121,43,20,6,29,116,37,94,17,13,54,119,12" hai1="80,117,45,38,44,31,91,132,10,99,21,72,128" hai2="82,68,89,27,15,113,125,73,83,120,75,115,40" hai3="34,101,122,3,102,78,97,118,107,76,62,131,100"/><V50/><F68/><W129/><G34/><T33/><D43/><U79/><E117/><N who="0" m="45129" /><D54/><U23/><E128/><N who="3" m="49226" /><G3/><T124/><D37/><U65/><E65/><V24/><F120/><W1/><G62/><T58/><D121/><U61/><E61/><V135/><F15/><W106/><G1/><T8/><D94/><U49/><E38/><V9/><F9/><W69/><G69/><T56/><D124/><U5/><E132/><V123/><F123/><W60/><G60/><T0/><D12/><U108/><E108/><V95/><F135/><W19/><G122/><T26/><AGARI ba="0,0" hai="0,6,8,13,17,20,26,29,33,56,58" m="45129" machi="26" ten="30,7900,0" yaku="24,1,12,1,52,2" doraHai="53" who="0" fromWho="0" sc="30,79,299,-20,459,-39,212,-20" /><INIT seed="7,0,0,5,1,85" ten="109,279,420,192" oya="3" hai0="59,42,2,69,24,47,64,88,17,28,13,14,58" hai1="38,9,27,72,18,112,41,76,46,56,75,15,52" hai2="80,11,131,37,104,50,96,100,128,20,119,22,21" hai3="110,118,84,1,29,7,71,53,73,19,81,101,82"/><W117/><G71/><T97/><D2/><U90/><E112/><V125/><F37/><W105/><G29/><T23/><D69/><U3/><E3/><V132/><F125/><W86/><G73/><T77/><D77/><U25/><E90/><V111/><F119/><W74/><G74/><T91/><D97/><U93/><E93/><V5/><F111/><W4/><G19/><T30/><D14/><U48/><E76/><V79/><F50/><W63/><G63/><N who="0" m="38007" /><D59/><U55/><E27/><V135/><F80/><W33/><G53/><T32/><D32/><U35/><E35/><V92/><F104/><W121/><G1/><T61/><D61/><U49/><E25/><V83/><F83/><W99/><G33/><T129/><D129/><N who="2" m="49738" /><F79/><N who="3" m="46143" /><G4/><T95/><D95/><U124/><E124/><V114/><F114/><W70/><G7/><T113/><D113/><U0/><E0/><AGARI ba="0,0" hai="0,5,11,20,21,22,92,96,100,132,135" m="49738" machi="0" ten="30,1000,0" yaku="19,1" doraHai="85" who="2" fromWho="1" sc="109,0,279,-10,420,10,192,0" owari="109,-39.0,269,7.0,430,53.0,192,-21.0" /></mjloggm>