<mjloggm ver="2.3"><GO type="97" lobby="0"/><UN n0="%E4%BD%90%E5%B9%B3%E6%AC%A1" n1="%E9%BA%BB%E9%9B%80%E7%89%87%E6%83%B3%E3%81%84" n2="%E5%B0%B1%E6%B4%BB%E7%94%9F%40%E5%B7%9D%E6%9D%91%E8%BB%8D%E5%9B%A3" n3="%77%65" dan="14,14,14,15" rate="1898.26,1997.06,1980.11,1993.29" sx="M,M,M,M"/><TAIKYOKU oya="0"/><INIT seed="0,0,0,2,3,45" ten="250,250,250,250" oya="0" hai0="25,3,24,54,117,50,20,66,1,118,61,21,48" hai1="91,43,7,38,72,18,59,108,36,44,46,128,26" hai2="135,37,129,97,68,83,67,81,5,14,11,2,99" hai3="131,69,76,64,22,124,116,70,114,9,126,82,49"/><T134/><D134/><U34/><E108/><V84/><F37/><W92/><G116/><T106/><D106/><U132/><E132/><V115/><F115/><W94/><G114/><T51/><D54/><U42/><E128/><V10/><F135/><W6/><G131/><T89/><D89/><U0/><E72/><V103/><F129/><W17/><G92/><T104/><D104/><U73/><E73/><V53/><F103/><W119/><G94/><T33/><D33/><U101/><E101/><V65/><F53/><W55/><G119/><N who="0" m="45579" /><D61/><U100/><E100/><V85/><F14/><N who="3" m="5431" /><G82/><T111/><D66/><U80/><E0/><N who="0" m="73" /><D111/><U133/><E133/><V19/><F2/><W56/><G76/><T12/><D12/><U23/><E7/><V27/><F5/><W78/><G78/><T107/><D107/><U52/><E34/><V87/><F87/><W123/><G123/><T79/><D79/><U31/><E91/><V47/><F68/><W86/><G86/><T58/><D58/><U112/><E80/><V88/><F88/><W127/><G64/><T77/><D77/><U93/><E112/><V125/><F97/><W96/><G96/><T63/><D63/><U57/><E93/><V121/><F99/><W102/><G102/><T90/><D90/><U71/><E71/><V28/><F67/><W98/><G98/><T39/><D39/><U13/><E52/><V130/><F65/><W35/><G35/><T4/><D4/><U110/><E110/><V105/><F130/><W75/><G75/><T8/><D8/><U29/><E13/><AGARI ba="0,0" hai="13,17,22,49,55,56,69,70,124,126,127" m="5431" machi="13" ten="30,2000,0" yaku="18,1,52,1" doraHai="45" who="3" fromWho="1" sc="250,0,250,-20,250,0,250,20" /><INIT seed="1,0,0,4,3,53" ten="250,230,250,270" oya="1" hai0="118,95,24,22,135,4,38,45,67,66,32,117,134" hai1="0,84,70,55,6,81,59,86,23,121,18,102,29" hai2="21,114,120,107,46,37,48,16,68,20,82,51,44" hai3="89,11,133,3,7,35,99,39,131,47,129,108,74"/><U115/><E121/><V105/><F120/><W2/><G89/><T111/><D4/><U78/><E70/><V97/><F68/><W113/><G99/><T96/><D32/><U125/><E125/><V98/><F82/><W100/><G113/><T14/><D14/><U88/><E115/><V50/><F50/><W31/><G100/><T19/><D111/><U132/><E102/><V8/><F114/><W34/><G74/><T65/><D45/><U62/><E132/><N who="0" m="50729" /><D38/><U10/><E29/><V90/><F90/><AGARI ba="0,0" hai="19,22,24,65,66,67,90,95,96,117,118" m="50729" machi="90" ten="30,1000,0" yaku="20,1" doraHai="53" who="0" fromWho="2" sc="250,10,230,0,250,-10,270,0" /><INIT seed="2,0,0,3,1,115" ten="260,230,240,270" oya="2" hai0="31,87,111,17,66,1,113,67,47,117,34,131,97" hai1="130,8,124,43,48,49,37,10,84,61,101,90,5" hai2="70,60,58,35,86,99,15,32,122,127,52,42,132" hai3="63,54,100,74,0,118,119,62,36,30,26,77,96"/><V41/><F122/><W95/><G0/><T78/><D113/><U85/><E124/><V76/><F127/><W22/><G36/><T50/><D1/><U104/><E130/><V116/><F116/><W11/><G11/><T18/><D111/><U14/><E84/><V109/><F70/><W2/><G2/><T12/><D131/><U89/><E89/><V46/><F132/><W88/><G63/><T123/><D123/><U128/><E128/><V56/><F109/><W92/><G74/><T98/><D34/><U121/><E101/><V20/><F99/><W29/><G77/><T16/><D31/><U33/><E104/><V28/><F58/><W13/><G13/><T112/><D112/><U120/><E33/><V59/><F59/><N who="3" m="35191" /><G95/><T71/><D71/><U6/><E37/><V53/><F53/><W83/><G83/><N who="0" m="47607" /><D117/><N who="3" m="44553" /><G100/><T129/><D129/><U73/><E73/><V134/><F134/><W65/><G65/><N who="0" m="24587" /><D12/><N who="1" m="5135" /><E61/><V64/><F64/><W44/><G44/><T38/><D38/><U106/><E106/><V45/><F35/><W51/><G51/><N who="1" m="19530" /><E43/><AGARI ba="0,0" hai="16,17,18,43,47,50,97,98" m="24587,47607" machi="43" ten="30,2000,0" yaku="8,1,54,1" doraHai="115" who="0" fromWho="1" sc="260,20,230,-20,240,0,270,0" /><INIT seed="3,0,0,4,3,107" ten="280,210,240,270" oya="3" hai0="43,118,44,65,97,115,34,124,53,64,2,120,77" hai1="80,69,51,61,89,36,121,116,48,63,25,0,101" hai2="67,35,1,76,31,41,72,102,8,49,117,55,19" hai3="22,73,119,66,133,79,32,83,78,45,94,23,20"/><W123/><G119/><T27/><D118/><U110/><E36/><V54/><F117/><W40/><G123/><T108/><D120/><U125/><E0/><V81/><F67/><W24/><G133/><T26/><D2/><U11/><E116/><V10/><F102/><W74/><G66/><T87/><D53/><U131/><E121/><V135/><F135/><W126/><G94/><T15/><D15/><U75/><E69/><V92/><F92/><W60/><G60/><N who="1" m="23114" /><E75/><V5/><F41/><W4/><G4/><T86/><D97/><U14/><E110/><V13/><REACH who="2" step="1"/><F49/><REACH who="2" ten="280,210,230,270" step="2"/><N who="1" m="19017" /><E101/><V95/><F95/><W28/><G126/><T93/><D93/><U16/><E125/><V100/><F100/><W42/><G45/><T71/><D124/><U104/><E104/><V21/><F21/><W130/><G130/><T106/><D65/><U114/><E131/><V37/><F37/><W46/><G46/><T128/><D64/><U18/><E114/><V17/><F17/><W33/><G33/><T12/><D115/><U29/><E29/><V82/><F82/><AGARI ba="0,1" hai="20,22,23,24,28,32,40,42,73,74,78,79,82,83" machi="82" ten="40,7700,0" yaku="9,1,52,2" doraHai="107" who="3" fromWho="2" sc="280,0,210,0,230,-77,270,87" owari="280,8.0,210,-19.0,153,-35.0,357,46.0" /></mjloggm>