<mjloggm ver="2.3"><GO type="193" lobby="0"/><UN n0="%77%69%6E%67%31%34" n1="%EF%BC%93%E5%8C%B9%E3%81%AE%E5%AD%90%E7%8C%AB" n2="%E3%83%88%E3%83%88%E3%83%AA%E5%85%88%E7%94%9F%31%39%E6%AD%B3" n3="%41%35%31%33%31%33%30" dan="13,12,12,12" rate="1759.55,1635.38,1946.62,1864.99" sx="M,M,F,M"/><TAIKYOKU oya="0"/><INIT seed="0,0,0,3,5,65" ten="250,250,250,250" oya="0" hai0="126,120,55,77,41,2,107,60,86,115,87,21,96" hai1="67,82,108,84,35,45,132,36,20,25,101,24,79" hai2="57,118,74,123,56,64,54,72,43,40,28,17,63" hai3="3,10,93,1,81,92,103,58,30,85,105,110,13"/><T39/><D115/><U95/><E108/><V16/><F123/><W62/><G110/><T131/><D120/><U124/><E132/><V9/><F118/><W102/><G30/><T133/><D2/><U19/><E124/><V127/><F127/><W33/><G33/><T31/><D126/><U121/><E121/><V59/><F28/><W50/><G50/><T78/><D39/><U6/><E6/><V128/><F128/><W73/><G73/><T47/><D131/><U109/><E109/><V88/><F72/><W23/><G23/><T37/><D133/><U51/><E36/><V89/><F74/><W90/><G105/><T135/><D107/><U29/><E67/><V53/><F59/><W52/><G3/><T117/><D96/><U98/><E51/><V122/><F122/><W26/><G26/><T18/><D31/><U130/><REACH who="1" step="1"/><E45/><REACH who="1" ten="250,240,250,250" step="2"/><V125/><F64/><W15/><G1/><T44/><D135/><U14/><E14/><N who="2" m="7247" /><F125/><W129/><G15/><N who="0" m="9439" /><D117/><U8/><E8/><V119/><F119/><W97/><G129/><AGARI ba="0,1" hai="19,20,24,25,29,35,79,82,84,95,98,101,129,130" machi="129" ten="40,1300,0" yaku="1,1,53,0" doraHai="65" doraHaiUra="32" who="1" fromWho="3" sc="250,0,240,23,250,0,250,-13" /><INIT seed="1,0,0,5,0,47" ten="250,263,250,237" oya="1" hai0="88,82,106,129,28,25,124,80,20,78,133,92,34" hai1="76,71,108,113,111,77,53,17,81,114,23,90,26" hai2="99,135,131,95,32,58,10,105,86,35,61,44,103" hai3="84,70,64,62,134,112,0,63,27,43,54,102,40"/><U30/><E71/><V16/><F131/><W109/><G0/><T87/><D129/><U91/><E53/><V3/><F135/><W5/><G5/><T126/><D106/><U85/><E17/><V57/><F57/><N who="3" m="35127" /><G102/><T8/><D133/><U132/><E132/><V119/><F119/><W55/><G84/><T66/><D66/><U42/><E42/><V37/><F3/><W121/><G27/><T36/><D36/><U22/><E30/><V107/><F107/><W120/><G134/><T73/><D34/><U29/><E29/><V98/><F86/><W48/><G112/><N who="1" m="43114" /><E26/><V59/><F35/><W60/><G60/><T31/><D31/><U110/><E85/><V38/><F32/><W65/><G65/><T123/><D123/><N who="3" m="47177" /><G109/><T100/><D8/><U15/><E15/><V39/><F61/><W104/><G104/><T75/><D100/><U12/><E12/><V4/><F4/><W46/><AGARI ba="0,0" hai="40,43,46,48,55,63,64,70" m="47177,35127" machi="46" ten="30,4000,0" yaku="34,2,52,1" doraHai="47" who="3" fromWho="3" sc="250,-10,263,-20,250,-10,237,40" /><INIT seed="2,0,0,3,2,79" ten="240,243,240,277" oya="2" hai0="116,3,119,20,78,43,71,5,41,103,132,106,25" hai1="91,45,9,34,127,101,15,114,133,4,42,54,118" hai2="97,86,0,83,69,48,36,110,67,62,65,89,26" hai3="104,53,13,49,92,98,60,18,125,80,2,77,112"/><V1/><F36/><W52/><G2/><T84/><D71/><U11/><E127/><V16/><F110/><W111/><G104/><T134/><D3/><U73/><E133/><N who="0" m="51305" /><D5/><U44/><E114/><V51/><F51/><W31/><G31/><T124/><D106/><U33/><E118/><N who="0" m="45097" /><D103/><U21/><E73/><V70/><F48/><W126/><G112/><T38/><D38/><U64/><E64/><V40/><F40/><W82/><G111/><T10/><D10/><U81/><E101/><V59/><F59/><N who="3" m="34919" /><G77/><T96/><D96/><U27/><E54/><V57/><F57/><N who="3" m="32943" /><G126/><T29/><D124/><U117/><E117/><V90/><F67/><W105/><G105/><T76/><D76/><U75/><E11/><V113/><F70/><W55/><G55/><T6/><D6/><U135/><E135/><V85/><F97/><W88/><G125/><T94/><D94/><U128/><E128/><V122/><F113/><W109/><G109/><T95/><D95/><U100/><E100/><V17/><F122/><W102/><G102/><T58/><D78/><U8/><E8/><AGARI ba="0,0" hai="8,13,18,80,82,88,92,98" m="32943,34919" machi="8" ten="30,8000,1" yaku="8,1,52,2,54,2" doraHai="79" who="3" fromWho="1" sc="240,0,243,-80,240,0,277,80" /><INIT seed="3,0,0,5,2,105" ten="240,163,240,357" oya="3" hai0="78,64,3,22,57,53,77,110,40,74,131,71,52" hai1="63,109,86,51,84,81,82,33,14,120,130,2,6" hai2="39,135,62,44,114,42,68,76,100,38,88,7,94" hai3="111,1,118,119,98,28,97,69,20,58,41,36,59"/><W15/><G1/><T65/><D3/><U79/><E109/><V72/><F114/><W0/><G0/><T102/><D102/><U101/><E130/><V50/><F135/><W75/><G69/><T96/><D96/><U73/><E120/><V93/><F7/><W32/><G32/><T99/><D131/><U55/><E2/><V85/><F93/><W21/><G111/><T23/><D110/><U17/><E33/><V37/><F100/><W16/><G75/><T31/><D99/><U60/><E6/><V127/><F127/><W83/><G83/><T133/><D133/><U12/><E101/><V91/><F91/><W107/><G28/><T29/><D31/><U66/><E66/><V90/><F90/><W34/><G34/><T134/><D40/><U87/><E82/><V67/><F76/><W18/><G107/><T106/><D29/><U112/><E112/><V46/><REACH who="2" step="1"/><F72/><REACH who="2" ten="240,163,230,357" step="2"/><W26/><G118/><T10/><D134/><U70/><E70/><V45/><AGARI ba="0,1" hai="37,38,39,42,44,45,46,50,62,67,68,85,88,94" machi="45" ten="40,8000,1" yaku="1,1,2,1,0,1,54,1,53,0" doraHai="105" doraHaiUra="8" who="2" fromWho="2" sc="240,-20,163,-20,230,90,357,-40" owari="220,-18.0,143,-36.0,320,42.0,317,12.0" /></mjloggm>