<mjloggm ver="2.3"><GO type="169" lobby="0"/><UN n0="%4B%E3%80%82" n1="%E3%81%9C%E3%82%8D%E3%82%81%E3%81%90" n2="%E3%82%A6%E3%83%AB%E3%83%88%E3%83%A9%E7%AB%8B%E7%9B%B4" n3="%E3%81%8A%E3%81%98%E3%81%95%E3%82%93" dan="17,17,17,18" rate="2099.91,2079.80,2137.38,2285.91" sx="M,F,M,M"/><TAIKYOKU oya="0"/><INIT seed="0,0,0,0,5,104" ten="250,250,250,250" oya="0" hai0="100,98,127,75,40,121,107,119,123,22,126,4,1" hai1="109,79,99,42,50,71,134,16,88,108,39,26,101" hai2="106,62,80,83,96,111,51,73,44,18,3,7,63" hai3="103,131,60,84,87,12,82,64,113,86,25,115,41"/><T31/><D119/><U57/><E71/><V32/><F111/><N who="1" m="42569" /><E134/><V10/><F32/><W90/><G131/><T117/><D117/><U47/><E79/><V91/><F18/><W102/><G41/><T30/><D40/><U114/><E114/><V35/><F35/><W24/><G115/><T55/><D55/><N who="1" m="31991" /><E88/><V6/><F6/><W68/><G113/><T133/><D133/><U70/><E70/><V85/><F106/><W74/><G12/><T132/><D132/><U38/><E38/><V29/><F29/><W37/><G37/><T27/><D31/><U124/><E124/><N who="0" m="47657" /><D75/><U11/><E11/><AGARI ba="0,0" hai="1,4,11,22,27,30,98,100,107,121,123" m="47657" machi="11" ten="30,1500,0" yaku="18,1" doraHai="104" who="0" fromWho="1" sc="250,15,250,-15,250,0,250,0" /><INIT seed="0,1,0,1,0,86" ten="265,235,250,250" oya="0" hai0="118,1,106,11,8,26,111,99,94,35,132,95,65" hai1="93,46,96,76,92,123,74,113,101,12,109,66,129" hai2="43,117,71,63,78,68,17,125,103,62,82,89,48" hai3="72,27,31,77,33,53,34,28,39,107,38,6,128"/><T108/><D118/><U56/><E123/><V58/><F125/><W121/><G53/><T73/><D73/><U88/><E109/><N who="0" m="42057" /><D65/><U134/><E134/><V122/><F122/><W21/><G21/><T49/><D132/><U7/><E129/><V55/><F117/><W85/><G85/><T25/><D49/><U54/><E113/><V116/><F116/><W70/><G6/><N who="0" m="1103" /><D11/><N who="1" m="4223" /><E74/><V32/><F32/><W29/><G121/><T105/><D95/><U83/><E66/><V9/><F9/><W2/><G128/><T19/><D19/><U13/><E13/><V0/><F48/><W40/><G72/><T44/><D44/><U10/><E10/><V30/><F71/><W84/><G70/><T14/><D14/><U57/><E46/><V42/><F68/><W51/><G51/><T135/><D135/><U41/><E41/><V87/><F43/><W110/><G110/><T67/><D67/><U15/><E15/><V131/><F42/><W64/><G64/><T100/><D25/><U114/><E114/><V98/><F63/><W52/><G27/><T37/><D37/><U120/><E120/><V133/><F62/><W80/><G39/><T115/><D115/><U3/><E3/><V5/><F0/><W36/><G2/><T50/><D50/><U81/><E54/><V130/><F133/><W90/><G52/><T59/><D59/><N who="1" m="22603" /><E76/><V91/><F78/><W23/><G36/><T112/><D112/><U119/><E119/><V61/><F131/><W97/><G38/><T79/><D79/><U126/><E126/><V24/><F130/><W75/><G77/><RYUUKYOKU ba="1,0" sc="265,15,235,15,250,-15,250,-15" hai0="26,35,94,99,100,105,106" hai1="81,83,88,92,93,96,101" /><INIT seed="0,2,0,5,0,102" ten="280,250,235,235" oya="0" hai0="49,114,74,61,118,44,25,129,42,28,115,14,23" hai1="5,53,111,81,31,52,112,24,1,64,122,121,7" hai2="69,94,43,72,70,92,50,0,20,11,37,16,125" hai3="26,8,117,33,65,98,2,100,83,39,87,116,120"/><T68/><D118/><U124/><E111/><V17/><F37/><W3/><G120/><T77/><D129/><U60/><E124/><V73/><F125/><W130/><G130/><T34/><D74/><U113/><E81/><V126/><F126/><W27/><G39/><T99/><D77/><U105/><E105/><V110/><F50/><W22/><G65/><T48/><D48/><U71/><E122/><V104/><F20/><W35/><G8/><T13/><D23/><U80/><E80/><V36/><F36/><W29/><G35/><T109/><D109/><U41/><E41/><V107/><F11/><W32/><G32/><T119/><D119/><U45/><E1/><V58/><F58/><W86/><G2/><T84/><D84/><U79/><E79/><V57/><F57/><W54/><G3/><T19/><D19/><U18/><E18/><V40/><REACH who="2" step="1"/><F0/><REACH who="2" ten="280,250,225,235" step="2"/><W67/><G117/><T62/><D34/><N who="1" m="20839" /><E121/><V15/><F15/><W21/><G116/><T101/><D13/><U6/><E45/><V135/><F135/><W131/><G33/><T63/><D14/><U90/><E113/><V56/><F56/><W9/><G131/><T123/><D123/><U88/><E112/><V38/><F38/><W75/><G21/><N who="0" m="15407" /><D115/><U93/><E71/><V91/><F91/><W106/><G22/><T97/><D114/><U59/><E90/><V46/><F46/><W10/><G10/><T103/><D68/><U51/><E51/><V96/><F96/><AGARI ba="2,1" hai="42,44,49,61,62,63,96,97,99,101,103" m="15407" machi="96" ten="30,1500,0" yaku="8,1" doraHai="102" who="0" fromWho="2" sc="280,31,250,0,225,-21,235,0" /><INIT seed="0,3,0,1,0,46" ten="311,250,204,235" oya="0" hai0="67,68,59,116,82,86,43,39,13,57,15,23,117" hai1="128,118,66,97,96,94,81,51,119,122,14,4,134" hai2="40,7,29,49,18,100,111,65,28,109,72,75,11" hai3="35,45,52,90,104,12,102,113,9,10,24,74,127"/><T95/><D68/><U78/><E122/><V73/><F65/><W112/><G74/><T3/><D3/><U48/><E134/><V56/><F100/><W98/><G127/><T6/><D39/><U41/><E128/><V55/><F40/><W5/><G90/><T20/><D43/><U125/><E125/><V26/><F18/><W115/><G10/><T106/><D106/><U124/><E124/><V130/><F130/><W83/><G83/><T61/><D116/><U69/><E97/><V108/><REACH who="2" step="1"/><F26/><REACH who="2" ten="311,250,194,235" step="2"/><W42/><G52/><T33/><D67/><U62/><E41/><V101/><F101/><W87/><G87/><T63/><D86/><U17/><E17/><V80/><F80/><W44/><G42/><T85/><D82/><U8/><E119/><V114/><F114/><W50/><G115/><T120/><D85/><U84/><E118/><V79/><F79/><W135/><G113/><T38/><D117/><U110/><E110/><V107/><F107/><W105/><G112/><T121/><D120/><U77/><E78/><V126/><F126/><W16/><G105/><T32/><D121/><U22/><E22/><V37/><F37/><W54/><G16/><T31/><D38/><U0/><E0/><AGARI ba="3,1" hai="0,7,11,28,29,49,55,56,72,73,75,108,109,111" machi="0" ten="50,6400,0" yaku="1,1,14,1,52,1,53,0" doraHai="46" doraHaiUra="91" who="2" fromWho="1" sc="311,0,250,-73,194,83,235,0" /><INIT seed="1,0,0,2,2,74" ten="311,177,277,235" oya="1" hai0="5,6,28,117,64,25,119,122,86,128,79,53,58" hai1="11,52,50,113,15,87,54,12,8,27,22,135,90" hai2="108,107,116,85,114,73,71,129,29,125,75,40,92" hai3="94,63,47,134,96,126,14,130,56,45,33,101,35"/><U95/><E135/><V102/><F40/><W3/><G134/><T48/><D128/><U32/><E32/><V9/><F9/><W67/><G130/><T36/><D122/><U106/><E106/><V18/><F18/><W70/><G3/><T89/><D36/><U78/><E113/><V4/><F4/><W19/><G126/><T76/><D64/><U30/><E78/><N who="0" m="29737" /><D119/><U49/><E49/><V61/><F29/><W127/><G127/><T69/><D69/><U68/><E68/><V10/><F61/><W99/><G70/><T20/><D117/><U72/><E72/><V93/><F75/><W42/><G99/><T77/><N who="0" m="29745" /><T57/><DORA hai="62" /><D57/><N who="1" m="32919" /><E54/><V16/><F73/><W39/><REACH who="3" step="1"/><G47/><REACH who="3" ten="311,177,277,225" step="2"/><T7/><D7/><U104/><E104/><V26/><F107/><W133/><G133/><T132/><D132/><U83/><E83/><AGARI ba="0,1" hai="5,6,20,25,28,48,53,58,83,86,89" m="29745" machi="83" ten="30,8000,1" yaku="8,1,52,4" doraHai="74,62" who="0" fromWho="1" sc="311,90,177,-80,277,0,225,0" /><INIT seed="2,0,0,2,4,116" ten="401,97,277,225" oya="2" hai0="9,66,76,29,32,134,69,70,107,60,105,131,127" hai1="101,67,95,34,114,17,43,102,8,26,120,65,3" hai2="18,103,20,104,73,39,59,23,89,24,2,115,106" hai3="21,82,54,130,33,5,85,71,99,113,30,19,79"/><V52/><F39/><W96/><G71/><T42/><D76/><U123/><E114/><V16/><F115/><W118/><G118/><T77/><D77/><U78/><E78/><V80/><F2/><W86/><G130/><T45/><D70/><U6/><E43/><V48/><F73/><W46/><G5/><T110/><D110/><U93/><E93/><V63/><F103/><N who="1" m="39433" /><E95/><V135/><F135/><W68/><G68/><T56/><D127/><U44/><E44/><V129/><F129/><W109/><G109/><T53/><D9/><U51/><E51/><V75/><F75/><W35/><G113/><T58/><D58/><U36/><E36/><V88/><F106/><W124/><G124/><T22/><D22/><N who="1" m="13647" /><E34/><V61/><F104/><W50/><G35/><T100/><D100/><U121/><AGARI ba="0,0" hai="3,6,8,65,67,120,121,123" m="13647,39433" machi="121" ten="40,8000,1" yaku="13,1,52,3" doraHai="116" who="1" fromWho="1" sc="401,-20,97,80,277,-40,225,-20" /><INIT seed="3,0,0,2,1,46" ten="381,177,237,205" oya="3" hai0="5,10,83,88,40,38,36,106,22,130,66,123,3" hai1="118,76,104,117,132,81,99,82,71,116,51,63,134" hai2="125,28,93,72,47,73,90,87,105,52,114,128,2" hai3="91,15,9,133,75,21,101,98,85,131,27,1,0"/><W58/><G75/><T70/><D106/><U7/><E7/><V29/><F2/><W79/><G79/><T84/><D123/><U121/><E51/><N who="2" m="28799" /><F105/><W24/><G131/><T120/><D120/><U17/><E17/><V11/><F114/><W26/><G133/><N who="1" m="51306" /><E121/><V32/><F32/><W61/><G21/><T65/><D130/><U19/><E19/><V56/><F73/><W62/><G0/><T68/><D40/><U119/><E119/><V48/><F72/><W92/><G1/><T102/><D102/><N who="1" m="62559" /><E76/><V111/><F125/><W115/><G115/><T13/><D22/><U30/><E30/><N who="2" m="11883" /><F111/><W41/><G41/><T135/><D3/><U77/><E77/><V8/><F128/><W57/><G62/><T67/><D135/><U4/><E4/><V97/><F97/><W20/><G20/><T124/><D124/><U50/><E50/><V23/><F23/><W110/><G110/><T122/><D122/><U45/><E45/><V96/><F96/><W35/><G35/><T108/><D108/><U64/><AGARI ba="0,0" hai="63,64,71,81,82,116,117,118" m="62559,51306" machi="64" ten="40,2700,0" yaku="12,1,20,1" doraHai="46" who="1" fromWho="1" sc="381,-7,177,27,237,-7,205,-13" /><INIT seed="4,0,0,2,4,116" ten="374,204,230,192" oya="0" hai0="128,134,60,40,16,81,129,102,35,56,71,80,72" hai1="21,0,127,91,112,124,36,14,6,9,28,19,64" hai2="33,25,126,110,24,97,106,74,15,131,87,79,94" hai3="130,46,34,52,29,51,50,68,23,105,117,38,11"/><T17/><D71/><U123/><E36/><V82/><F110/><W132/><G68/><T120/><D120/><U78/><E78/><V26/><F126/><N who="1" m="48169" /><E64/><V49/><F131/><W48/><G105/><T41/><D35/><U37/><E37/><V22/><F33/><W27/><G130/><T100/><D134/><U67/><E67/><V65/><F65/><W32/><G132/><T109/><D109/><U69/><E91/><N who="2" m="53631" /><F15/><W13/><G117/><T4/><D4/><U118/><E69/><V10/><F10/><W55/><G38/><T12/><D72/><U90/><E90/><V44/><F49/><W119/><G48/><T62/><D12/><U3/><E118/><V101/><F44/><W61/><G61/><T85/><D85/><U133/><E133/><V115/><F115/><W43/><G43/><T31/><D31/><AGARI ba="0,0" hai="22,24,25,26,31,74,79,82,97,101,106" m="53631" machi="31" ten="30,1000,0" yaku="24,1" doraHai="116" who="2" fromWho="0" sc="374,-10,204,0,230,10,192,0" /><INIT seed="5,0,0,2,4,111" ten="364,204,240,192" oya="1" hai0="25,87,31,45,60,76,92,36,131,119,135,125,80" hai1="118,63,43,128,47,112,74,48,46,26,35,110,37" hai2="29,20,100,98,117,105,95,86,129,113,68,13,27" hai3="84,69,49,126,116,99,17,70,90,72,133,9,104"/><U109/><E74/><V44/><F117/><W24/><G72/><T21/><D119/><U102/><E118/><V1/><F1/><W123/><G116/><T94/><D125/><U132/><E102/><V32/><F129/><W56/><G126/><T83/><D135/><U134/><E26/><V5/><F68/><W55/><G133/><N who="1" m="51306" /><E35/><V11/><F44/><W61/><G123/><T122/><D131/><U51/><E128/><V107/><F113/><W81/><G104/><T6/><D6/><U65/><E112/><V15/><F86/><W16/><G99/><T40/><D122/><U30/><E30/><V130/><F130/><W124/><G124/><T53/><D80/><U79/><E79/><V12/><F12/><N who="3" m="7183" /><G70/><T42/><D42/><N who="1" m="24695" /><E37/><V66/><F15/><W108/><G69/><AGARI ba="0,0" hai="43,46,51,63,65,69,109,110" m="24695,51306" machi="69" ten="30,5800,0" yaku="20,1,34,2" doraHai="111" who="1" fromWho="3" sc="364,0,204,58,240,0,192,-58" /><INIT seed="5,1,0,1,3,102" ten="364,262,240,134" oya="1" hai0="82,115,19,73,43,124,128,120,119,130,101,52,55" hai1="50,98,46,111,33,14,77,31,61,0,7,123,68" hai2="15,56,122,12,110,16,87,70,96,104,54,114,100" hai3="93,9,25,24,59,105,85,36,39,29,40,95,53"/><U79/><E123/><V30/><F70/><W41/><G39/><T48/><D119/><U125/><E0/><V90/><F110/><W11/><G36/><T132/><D115/><U60/><E111/><V78/><F122/><W63/><G105/><T57/><D120/><U80/><E125/><V58/><F30/><W99/><G85/><T74/><D124/><U91/><E31/><V67/><F114/><W129/><G129/><T28/><D28/><U116/><E33/><V64/><F78/><W71/><G71/><T108/><D43/><U83/><E68/><V45/><F45/><W75/><G75/><T37/><D37/><U76/><E116/><V8/><F15/><W20/><G25/><T88/><D108/><U109/><E109/><V72/><F72/><W131/><G131/><T134/><D101/><U106/><E106/><V27/><F27/><W81/><G81/><T117/><D117/><U18/><E7/><V5/><F5/><W97/><G41/><T118/><D118/><U121/><E121/><V126/><F126/><W66/><G53/><T23/><D73/><U127/><E127/><V69/><F69/><W49/><G40/><T22/><D55/><N who="1" m="30167" /><E83/><V86/><F58/><W32/><G32/><T4/><D4/><U34/><E34/><V133/><F133/><N who="0" m="51306" /><D74/><U2/><E2/><V92/><REACH who="2" step="1"/><F86/><REACH who="2" ten="364,262,230,134" step="2"/><W6/><G6/><T1/><D1/><U65/><E79/><V107/><F107/><W35/><G59/><T13/><D130/><U94/><E77/><V112/><F112/><W89/><G29/><T62/><D128/><U84/><E76/><RYUUKYOKU ba="1,1" sc="364,-10,262,-10,230,30,134,-10" hai2="8,12,16,54,56,64,67,87,90,92,96,100,104" /><INIT seed="6,2,1,4,1,94" ten="354,252,260,124" oya="2" hai0="102,84,114,120,87,96,18,123,131,128,34,3,51" hai1="66,95,118,119,122,40,48,20,78,91,15,31,60" hai2="0,97,64,16,105,8,23,9,103,1,113,121,25" hai3="104,117,41,59,80,108,61,68,126,74,47,76,22"/><V11/><F121/><W98/><G108/><T55/><D3/><U70/><E122/><N who="0" m="46633" /><D34/><U93/><E78/><V90/><F113/><W50/><G126/><T2/><D2/><U58/><E95/><V115/><F115/><W35/><G35/><T85/><D18/><U112/><E112/><V130/><F130/><N who="0" m="49706" /><D114/><U127/><E127/><V29/><F64/><W44/><G117/><T77/><D77/><U4/><E4/><V99/><F29/><W37/><G22/><T72/><D72/><U79/><E79/><V135/><F135/><W46/><G68/><T111/><D111/><U88/><E31/><V106/><F90/><W14/><G14/><T134/><D134/><U28/><E91/><V24/><F24/><W75/><G75/><T13/><D13/><U36/><E28/><V30/><F30/><W54/><REACH who="3" step="1"/><G37/><REACH who="3" ten="354,252,260,114" step="2"/><T125/><D125/><U86/><E15/><V27/><F27/><W110/><G110/><T33/><D33/><U42/><E20/><V53/><F0/><W89/><G89/><T62/><D87/><U83/><E119/><V101/><F1/><W17/><G17/><T43/><D85/><U21/><E118/><V19/><F19/><W109/><G109/><T71/><D84/><U100/><E21/><V63/><F9/><W38/><G38/><T39/><D39/><U124/><E36/><V45/><F8/><W129/><G129/><T133/><D71/><U32/><E32/><V73/><F11/><W7/><G7/><T5/><D5/><U57/><E124/><V69/><F73/><W26/><G26/><T107/><D133/><RYUUKYOKU ba="2,2" sc="354,-10,252,-10,260,-10,114,30" hai3="41,44,46,47,50,54,59,61,74,76,80,98,104" /><INIT seed="7,3,2,2,2,85" ten="344,242,250,144" oya="3" hai0="96,28,24,81,19,97,108,128,35,61,1,37,116" hai1="36,23,6,89,98,27,68,95,39,106,103,16,132" hai2="93,78,133,91,41,60,40,84,20,5,48,135,114" hai3="13,102,69,33,117,58,76,11,57,0,51,59,26"/><W2/><G69/><T90/><D37/><U71/><E71/><V22/><F114/><W107/><G117/><T7/><D108/><U31/><E68/><V125/><F125/><W122/><G122/><T14/><D61/><U75/><E75/><V47/><F5/><W80/><G51/><T111/><D128/><U105/><E105/><V32/><F32/><W100/><G33/><T21/><D111/><U50/><E132/><N who="2" m="50763" /><F78/><W34/><G34/><T99/><D116/><U115/><E115/><V66/><F41/><W52/><G26/><T45/><D45/><U25/><E6/><V73/><F73/><W44/><G44/><T77/><D90/><U30/><E50/><V82/><F82/><W29/><G29/><T12/><D12/><U88/><E31/><V94/><F94/><W17/><G52/><T126/><D126/><U104/><E104/><V43/><F43/><W64/><G64/><T112/><D112/><U109/><E109/><V62/><F62/><W56/><N who="3" m="14336" /><DORA hai="113" /><W70/><G70/><AGARI ba="3,2" hai="20,22,40,47,48,60,66,70,84,91,93" m="50763" machi="70" ten="30,2000,0" yaku="20,1,52,1" doraHai="85,113" who="2" fromWho="3" sc="344,0,242,0,250,49,144,-29" owari="344,44.0,242,-16.0,299,10.0,115,-38.0" /></mjloggm>