<mjloggm ver="2.3"><GO type="169" lobby="0"/><UN n0="%53%47%59%4D%48%52%4B%31" n1="%E7%84%A1%E6%AF%9B%E7%8C%AB%EF%BC%A0%E5%B7%9D%E6%9D%91%E8%BB%8D%E5%9B%A3" n2="%E3%82%A6%E3%83%AB%E3%83%88%E3%83%A9%E7%AB%8B%E7%9B%B4" n3="%74%61%72%6F%33%39%30%30" dan="16,16,17,18" rate="2130.29,2099.23,2193.35,2203.43" sx="M,F,M,M"/><TAIKYOKU oya="0"/><INIT seed="0,0,0,2,2,80" ten="250,250,250,250" oya="0" hai0="89,109,2,65,27,60,103,135,132,131,20,129,45" hai1="46,0,26,117,19,44,88,22,37,83,94,32,105" hai2="14,55,106,78,42,125,84,90,62,124,133,39,61" hai3="24,10,95,30,91,28,21,77,112,40,108,118,130"/><T9/><D103/><U7/><E105/><V128/><F106/><W70/><G112/><T11/><D89/><U8/><E117/><V74/><F39/><W6/><G118/><T53/><D45/><U93/><E37/><V47/><F74/><W3/><G108/><T116/><D53/><U64/><E64/><V110/><F78/><W13/><G130/><N who="0" m="49675" /><D116/><U12/><E83/><V86/><F110/><W16/><G70/><T76/><D76/><U100/><E100/><V23/><F128/><W72/><G40/><T29/><D109/><U51/><E51/><V4/><F42/><W96/><G72/><T54/><D54/><U87/><E93/><V102/><F90/><W43/><G43/><T120/><D120/><U69/><E69/><V49/><F102/><W57/><G77/><T101/><D101/><U59/><E59/><V98/><F98/><W107/><G107/><T122/><D122/><U5/><E5/><V56/><F47/><W50/><G3/><T17/><D2/><U114/><E114/><V58/><F49/><W75/><G75/><T18/><D60/><U104/><E104/><V68/><F55/><AGARI ba="0,0" hai="6,10,13,16,21,24,28,30,50,55,57,91,95,96" machi="55" ten="40,2600,0" yaku="8,1,54,1" doraHai="80" who="3" fromWho="2" sc="250,0,250,0,250,-26,250,26" /><INIT seed="1,0,0,5,3,35" ten="250,250,224,276" oya="1" hai0="45,55,127,69,60,75,121,40,120,78,11,128,87" hai1="5,119,3,24,92,39,81,102,8,21,54,58,67" hai2="4,33,76,31,30,7,86,22,94,90,6,104,122" hai3="1,50,126,130,47,62,123,64,46,66,111,101,106"/><U103/><E39/><V74/><F122/><N who="0" m="47210" /><D75/><U110/><E119/><V71/><F71/><W32/><G123/><T28/><D28/><U117/><E117/><V77/><F104/><W17/><G32/><T88/><D78/><U36/><E36/><V115/><F115/><W73/><G73/><T114/><D114/><U38/><E38/><V53/><F33/><W15/><G111/><T70/><D128/><U116/><E116/><V97/><F74/><W89/><G130/><T109/><D109/><U23/><E67/><V80/><F76/><W29/><G29/><T113/><D113/><U18/><E110/><V56/><REACH who="2" step="1"/><F22/><REACH who="2" ten="250,250,214,276" step="2"/><W93/><G106/><T52/><D70/><U49/><E23/><V108/><F108/><W83/><G126/><T51/><D127/><U42/><E42/><V2/><F2/><W68/><G1/><T13/><D69/><U135/><E135/><V84/><F84/><W0/><G0/><T118/><D118/><U57/><E81/><V63/><AGARI ba="0,1" hai="4,6,7,30,31,53,56,63,77,80,86,90,94,97" machi="63" ten="30,4000,0" yaku="1,1,0,1,8,1,53,0" doraHai="35" doraHaiUra="96" who="2" fromWho="2" sc="250,-10,250,-20,214,50,276,-10" /><INIT seed="2,0,0,3,5,69" ten="240,230,264,266" oya="2" hai0="95,41,35,60,58,122,76,80,81,131,120,96,124" hai1="94,73,29,33,101,70,117,65,75,68,114,105,38" hai2="9,126,128,16,6,123,92,129,98,5,77,22,7" hai3="13,10,102,28,18,104,2,82,12,40,135,64,108"/><V34/><F34/><W20/><G108/><T54/><D35/><U63/><E94/><V112/><F123/><W21/><G135/><T55/><D131/><N who="2" m="50250" /><F77/><W121/><G121/><T106/><D106/><U119/><E70/><V74/><F74/><N who="1" m="28169" /><E114/><V93/><F112/><W45/><G64/><T52/><D124/><U24/><E38/><V56/><F126/><W39/><G82/><N who="0" m="31851" /><D122/><U46/><E46/><V59/><F9/><W53/><G2/><T107/><D107/><U84/><E84/><V103/><F93/><W23/><G28/><T111/><D111/><U113/><E113/><V97/><F97/><AGARI ba="0,0" hai="24,29,33,63,65,68,97,101,105,117,119" m="28169" machi="97" ten="30,2000,0" yaku="25,1,23,1" doraHai="69" who="1" fromWho="2" sc="240,0,230,20,264,-20,266,0" /><INIT seed="3,0,0,5,5,122" ten="240,250,244,266" oya="3" hai0="6,8,59,48,4,101,92,108,5,124,95,13,67" hai1="57,96,117,60,91,131,72,105,21,1,58,114,9" hai2="25,35,133,121,7,113,37,123,66,45,17,104,86" hai3="110,18,36,130,40,98,22,88,46,70,93,0,64"/><W100/><G130/><T14/><D124/><U68/><E72/><V112/><F104/><W44/><G0/><T99/><D108/><U102/><E114/><N who="2" m="44139" /><F86/><W33/><G110/><T62/><D14/><U53/><E131/><V34/><F66/><W84/><G33/><N who="2" m="12297" /><F45/><W39/><G70/><T61/><D48/><U76/><E76/><V103/><F103/><W41/><G64/><T94/><REACH who="0" step="1"/><D62/><REACH who="0" ten="230,250,244,266" step="2"/><U12/><E60/><V63/><F63/><W97/><G100/><T3/><D3/><U126/><E1/><V125/><F37/><W69/><G69/><T54/><D54/><U29/><E53/><V2/><F125/><W77/><G77/><T120/><D120/><N who="2" m="46154" /><F133/><W74/><REACH who="3" step="1"/><G74/><REACH who="3" ten="230,250,244,256" step="2"/><T42/><D42/><U49/><E126/><V50/><F2/><W80/><G80/><T78/><D78/><U52/><E68/><V19/><F50/><W11/><G11/><T71/><D71/><U75/><E75/><V109/><F109/><W90/><G90/><T28/><D28/><U55/><E91/><V111/><F111/><W27/><AGARI ba="0,2" hai="18,22,27,36,39,40,41,44,46,84,88,93,97,98" machi="27" ten="20,12000,1" yaku="1,1,0,1,7,1,9,1,54,1,53,0" doraHai="122" doraHaiUra="127" who="3" fromWho="3" sc="230,-40,250,-40,244,-40,256,140" /><INIT seed="3,1,0,0,2,80" ten="190,210,204,396" oya="3" hai0="132,121,29,84,88,9,32,107,113,66,50,89,33" hai1="42,27,36,69,96,102,112,63,127,8,49,43,122" hai2="54,19,59,40,128,92,53,68,26,81,91,1,12" hai3="61,103,109,130,85,10,98,116,44,13,77,5,78"/><W48/><G116/><T57/><D121/><U37/><E37/><V23/><F68/><W4/><G130/><T16/><D107/><U41/><E36/><V110/><F1/><W58/><G109/><T20/><D132/><U47/><E112/><V55/><F110/><W71/><G71/><T129/><D129/><U6/><E122/><V126/><F126/><W56/><G4/><T60/><D113/><U51/><E127/><V74/><F128/><W104/><G77/><T86/><D33/><U31/><E51/><V111/><F111/><W21/><G61/><T125/><D125/><U90/><E90/><N who="0" m="34921" /><D32/><U73/><E73/><V99/><F40/><N who="3" m="24583" /><G21/><T18/><D50/><U11/><E11/><V64/><F64/><W46/><G46/><T120/><D120/><U7/><E7/><V35/><F35/><W101/><G101/><T134/><D134/><U25/><E25/><V82/><F74/><W105/><G105/><T123/><D123/><U39/><E39/><V15/><F59/><W45/><G45/><T106/><D106/><U2/><E63/><V17/><REACH who="2" step="1"/><F26/><REACH who="2" ten="190,210,194,396" step="2"/><W79/><G56/><T38/><D38/><U34/><E69/><V94/><F94/><AGARI ba="1,1" hai="2,6,8,27,31,34,41,42,43,47,49,94,96,102" machi="94" ten="30,1000,0" yaku="7,1" doraHai="80" who="1" fromWho="2" sc="190,0,210,23,194,-13,396,0" /><INIT seed="4,0,0,2,3,88" ten="190,233,181,396" oya="0" hai0="40,38,23,17,8,124,47,102,104,45,77,97,107" hai1="26,5,20,22,57,54,53,125,69,71,92,84,111" hai2="62,56,117,46,64,2,95,133,127,28,91,74,66" hai3="129,87,59,43,76,14,81,61,135,37,31,35,70"/><T42/><D124/><U134/><E111/><V121/><F121/><W6/><G70/><T79/><D8/><U50/><E125/><V110/><F127/><W132/><G129/><T12/><REACH who="0" step="1"/><D107/><REACH who="0" ten="180,233,181,396" step="2"/><U34/><E134/><V3/><F133/><W113/><G135/><T118/><D118/><U94/><E34/><V75/><F117/><W30/><G35/><T32/><D32/><U10/><E22/><V36/><F110/><W120/><G132/><T65/><D65/><U44/><E69/><V7/><F66/><W109/><G109/><T21/><D21/><U63/><E71/><V18/><F64/><W9/><G120/><T55/><D55/><U52/><E54/><V24/><F2/><W58/><G9/><T101/><D101/><U83/><E10/><V89/><F3/><W85/><G43/><T130/><D130/><U15/><E5/><V33/><F7/><W19/><G6/><T16/><D16/><N who="1" m="10271" /><E26/><V25/><F25/><W115/><G19/><T112/><D112/><U96/><E96/><N who="2" m="57455" /><F18/><W13/><G115/><T48/><AGARI ba="0,1" hai="12,17,23,38,40,42,45,47,48,77,79,97,102,104" machi="48" ten="20,7800,0" yaku="1,1,0,1,7,1,53,1" doraHai="88" doraHaiUra="93" who="0" fromWho="0" sc="180,88,233,-26,181,-26,396,-26" /><INIT seed="4,1,0,0,1,38" ten="268,207,155,370" oya="0" hai0="49,37,91,81,127,65,30,0,89,55,93,118,123" hai1="115,22,54,8,125,76,117,10,50,48,133,78,24" hai2="132,103,124,3,11,134,80,51,96,60,72,52,6" hai3="83,101,79,74,1,7,27,106,94,36,128,19,119"/><T98/><D0/><U59/><E117/><V42/><F124/><W21/><G119/><T95/><D118/><U35/><E35/><V61/><F72/><W29/><G128/><T120/><D37/><U121/><E121/><V113/><F80/><W41/><G106/><T58/><D127/><U71/><E71/><V77/><F77/><N who="1" m="29801" /><E125/><V108/><F108/><W131/><G131/><T82/><D30/><N who="1" m="17687" /><E133/><N who="2" m="51307" /><F113/><W4/><G1/><T130/><D130/><U126/><E115/><V53/><F42/><W2/><G2/><T20/><D65/><U105/><E105/><N who="2" m="63719" /><F53/><W25/><G101/><T99/><REACH who="0" step="1"/><D20/><REACH who="0" ten="258,207,155,370" step="2"/><U40/><E126/><V86/><F86/><W57/><G29/><T33/><D33/><U75/><E75/><V14/><F3/><W135/><G135/><T87/><D87/><U18/><E10/><V47/><AGARI ba="1,1" hai="6,11,14,47,51,52,60,61" m="63719,51307" machi="47" ten="30,2000,0" yaku="20,1,54,1" doraHai="38" who="2" fromWho="2" sc="258,-11,207,-6,155,33,370,-6" /><INIT seed="5,0,0,5,0,3" ten="247,201,188,364" oya="1" hai0="71,12,82,44,15,58,117,21,87,20,94,10,26" hai1="107,123,124,51,13,50,84,111,70,5,85,24,8" hai2="63,30,127,41,43,90,89,29,49,110,60,6,46" hai3="25,19,35,2,93,108,55,31,106,77,103,113,74"/><U72/><E72/><V36/><F110/><W18/><G108/><T98/><D71/><U114/><E70/><V104/><F104/><W100/><G106/><T39/><D117/><U131/><E107/><V22/><F127/><W128/><G113/><T59/><D15/><U32/><E123/><V133/><F133/><W120/><G120/><T73/><D73/><U86/><E111/><V130/><F130/><W97/><G103/><T57/><D44/><U88/><E114/><V16/><F36/><W9/><G128/><T52/><D39/><U132/><E131/><V62/><F41/><W76/><G76/><N who="0" m="46535" /><D21/><U4/><E132/><V99/><F6/><W64/><G64/><T134/><D134/><U96/><E124/><V105/><F105/><W28/><G28/><N who="2" m="10857" /><F99/><W101/><G101/><N who="0" m="60631" /><D20/><U81/><E32/><V11/><F11/><W79/><G74/><T125/><D26/><AGARI ba="0,0" hai="16,22,26,43,46,49,60,62,63,89,90" m="10857" machi="26" ten="30,2000,0" yaku="8,1,54,1" doraHai="3" who="2" fromWho="0" sc="247,-20,201,0,188,20,364,0" /><INIT seed="6,0,0,4,1,13" ten="227,201,208,364" oya="2" hai0="14,79,126,104,121,42,5,101,103,44,115,49,91" hai1="6,71,130,64,63,58,84,3,66,116,135,10,46" hai2="109,54,31,69,4,96,122,1,34,125,16,32,18" hai3="59,8,45,99,35,78,60,50,133,26,55,43,40"/><V15/><F69/><W94/><G133/><T65/><D121/><U128/><E116/><V80/><F122/><W19/><G78/><T52/><D115/><U134/><E46/><V20/><F125/><W118/><G118/><T92/><D126/><U24/><E84/><V93/><F109/><W73/><G73/><T30/><D65/><U90/><E90/><N who="2" m="55351" /><F1/><W29/><G29/><T105/><D30/><U70/><E24/><N who="2" m="16775" /><F32/><W86/><G86/><N who="0" m="52343" /><D105/><U98/><E98/><V77/><F34/><W21/><G8/><N who="0" m="4367" /><D104/><U56/><E71/><V132/><F132/><N who="1" m="50729" /><E66/><V117/><F117/><W72/><G72/><T9/><D79/><U57/><AGARI ba="0,0" hai="3,6,10,56,57,58,63,64,70,128,130" m="50729" machi="57" ten="40,1500,0" yaku="20,1" doraHai="13" who="1" fromWho="1" sc="227,-4,201,15,208,-7,364,-4" /><INIT seed="7,0,0,0,1,88" ten="223,216,201,360" oya="3" hai0="127,101,53,24,128,43,30,3,84,63,93,95,134" hai1="51,96,74,99,123,125,133,11,27,130,108,114,67" hai2="15,26,131,10,23,12,76,58,65,109,120,2,98" hai3="48,64,104,135,119,113,73,61,66,56,82,92,20"/><W106/><G119/><T77/><D3/><U80/><E108/><V33/><F109/><W22/><G113/><T18/><D134/><U89/><E123/><V90/><F120/><W72/><G48/><T126/><D43/><U57/><E114/><V68/><F68/><W14/><G82/><N who="0" m="47183" /><D101/><U103/><E133/><V132/><F33/><W110/><G56/><N who="0" m="35215" /><D128/><U4/><E130/><V50/><F2/><W118/><G14/><N who="2" m="5161" /><F131/><W75/><G22/><N who="0" m="13399" /><D30/><U40/><E67/><V45/><F132/><W7/><G64/><T107/><D107/><U87/><E74/><V117/><F117/><W38/><G66/><T116/><D116/><U62/><E40/><N who="2" m="24871" /><F76/><W39/><G73/><T124/><AGARI ba="0,0" hai="93,95,124,126,127" m="13399,35215,47183" machi="124" ten="30,4000,0" yaku="18,1,52,2" doraHai="88" who="0" fromWho="0" sc="223,40,216,-10,201,-10,360,-20" owari="263,6.0,206,-19.0,191,-31.0,340,44.0" /></mjloggm>