<mjloggm ver="2.3"><GO type="41" lobby="0"/><UN n0="%67%65%6E%6B%69" n1="%E6%AF%92%E9%A4%85" n2="%E5%B0%B1%E6%B4%BB%E7%94%9F%40%E5%B7%9D%E6%9D%91%E8%BB%8D%E5%9B%A3" n3="%E3%82%B9%E3%83%88%E3%83%BC%E3%82%AF%E3%82%B7%E3%83%86%E3%82%A3" dan="13,15,17,13" rate="1812.38,1936.64,2153.68,1853.29" sx="M,F,M,M"/><TAIKYOKU oya="0"/><INIT seed="0,0,0,3,0,122" ten="250,250,250,250" oya="0" hai0="115,21,82,86,5,114,105,54,128,78,81,125,47" hai1="92,14,129,48,104,96,41,72,36,22,84,67,106" hai2="103,124,44,15,70,80,39,13,109,52,133,58,134" hai3="32,16,33,28,117,56,69,10,46,11,26,131,101"/><T121/><D121/><U113/><E36/><V116/><F70/><W102/><G69/><T119/><D119/><U18/><E129/><V51/><F116/><W108/><G131/><T23/><D128/><U27/><E113/><V50/><F39/><W34/><G117/><T61/><D105/><U24/><E72/><V63/><F124/><W45/><G56/><T79/><D125/><U94/><E67/><V132/><F103/><W71/><G71/><T91/><D5/><U2/><E2/><V110/><F80/><W64/><G64/><T100/><D100/><N who="1" m="60439" /><E104/><V43/><F15/><W85/><G85/><T95/><D115/><U1/><E1/><V83/><F83/><W88/><G88/><T68/><D114/><U111/><E106/><V7/><F63/><W38/><G38/><T53/><D68/><U0/><E0/><V97/><F97/><W55/><G55/><N who="0" m="21003" /><D61/><U30/><E48/><V74/><F74/><W9/><G28/><T120/><D47/><U123/><E123/><V60/><F60/><W42/><G42/><T49/><D49/><U65/><E41/><V59/><F59/><W130/><G130/><T25/><D120/><U107/><E107/><V57/><F57/><W76/><G76/><N who="0" m="29227" /><D21/><U8/><E65/><V19/><F7/><W66/><G66/><T3/><D3/><U93/><E22/><AGARI ba="0,0" hai="13,19,22,43,44,50,51,52,58,109,110,132,133,134" machi="22" ten="40,8000,1" yaku="20,1,52,2,54,1" doraHai="122" who="2" fromWho="1" sc="250,0,250,-80,250,80,250,0" /><INIT seed="1,0,0,3,0,60" ten="250,170,330,250" oya="1" hai0="55,127,62,7,23,114,34,42,87,97,51,22,35" hai1="8,5,111,133,45,128,104,86,109,93,13,96,4" hai2="121,18,46,76,91,85,82,69,52,70,29,27,0" hai3="99,28,59,26,41,6,38,10,83,90,95,67,107"/><U117/><E128/><V64/><F121/><W89/><G107/><T125/><D114/><U122/><E133/><V50/><F0/><W113/><G113/><T24/><D7/><U72/><E72/><V131/><F131/><W20/><G38/><T124/><D97/><U33/><E122/><V135/><F135/><W9/><G41/><T61/><D42/><U105/><E117/><V130/><F130/><W100/><G10/><T77/><D77/><U65/><E33/><V84/><F18/><W132/><G83/><T92/><D92/><U36/><E4/><V3/><F3/><W78/><G78/><T19/><D87/><U47/><E86/><V101/><F101/><W48/><G132/><T25/><D35/><U94/><E104/><V21/><REACH who="2" step="1"/><F64/><REACH who="2" ten="250,170,320,250" step="2"/><W53/><REACH who="3" step="1"/><G67/><REACH who="3" ten="250,170,320,240" step="2"/><T119/><D119/><U1/><E65/><V57/><F57/><W106/><G106/><T43/><D43/><N who="1" m="22759" /><E105/><V2/><F2/><AGARI ba="0,2" hai="2,6,9,20,26,28,48,53,59,89,90,95,99,100" machi="2" ten="30,2000,0" yaku="1,1,7,1,53,0" doraHai="60" doraHaiUra="112" who="3" fromWho="2" sc="250,0,170,0,320,-20,240,40" /><INIT seed="2,0,0,0,3,101" ten="250,170,300,280" oya="2" hai0="22,85,14,36,125,96,38,120,134,2,127,37,72" hai1="114,130,133,27,94,128,16,55,12,131,123,53,132" hai2="117,64,59,69,109,19,50,107,97,52,31,48,28" hai3="70,43,66,104,98,106,126,63,124,81,91,26,112"/><V67/><F117/><W90/><G112/><T73/><D2/><U6/><E123/><V20/><F109/><W41/><G26/><T68/><D120/><U3/><E114/><V88/><F50/><W39/><G91/><T5/><D68/><U44/><E27/><N who="2" m="14751" /><F107/><N who="3" m="41003" /><G39/><T135/><D96/><U62/><E62/><V40/><F69/><W42/><G98/><T61/><D61/><U1/><E94/><N who="2" m="56519" /><F40/><N who="3" m="10243" /><W83/><DORA hai="29" /><G90/><T30/><D85/><U57/><E44/><V45/><F45/><W89/><G89/><T129/><D5/><U122/><E122/><V58/><F58/><W17/><G17/><N who="0" m="10551" /><D30/><AGARI ba="0,0" hai="28,30,31,48,52,59,64,67" m="56519,14751" machi="30" ten="30,5800,0" yaku="8,1,54,2" doraHai="101,29" who="2" fromWho="0" sc="250,-58,170,0,300,58,280,0" /><INIT seed="2,1,0,3,4,115" ten="192,170,358,280" oya="2" hai0="93,41,70,82,46,29,21,107,23,4,99,78,120" hai1="6,98,87,61,71,111,11,73,89,64,15,48,129" hai2="116,74,20,128,52,88,27,76,80,63,22,2,96" hai3="59,102,57,118,18,108,97,13,91,0,12,45,72"/><V90/><F2/><W8/><G72/><T56/><D120/><U3/><E111/><V119/><F128/><W60/><G0/><T50/><D70/><U92/><E129/><V127/><F127/><W44/><G108/><T38/><D107/><U130/><E130/><V106/><F22/><W122/><G122/><T75/><D4/><U26/><E73/><V67/><F106/><W69/><G69/><T123/><D29/><U117/><E117/><V77/><F77/><W39/><G39/><T114/><D123/><U125/><E125/><V31/><F52/><W49/><G13/><T28/><D114/><U65/><E65/><V105/><F90/><W58/><G118/><T54/><REACH who="0" step="1"/><D28/><REACH who="0" ten="182,170,358,280" step="2"/><U5/><E5/><V17/><F31/><W10/><G60/><T24/><D24/><U47/><E26/><V55/><F105/><W53/><G8/><T68/><D68/><U33/><E3/><V109/><F109/><W110/><G110/><T103/><AGARI ba="1,1" hai="21,23,38,41,46,50,54,56,75,78,82,93,99,103" machi="103" ten="20,2700,0" yaku="1,1,0,1,7,1,53,0" doraHai="115" doraHaiUra="30" who="0" fromWho="0" sc="182,40,170,-8,358,-14,280,-8" /><INIT seed="3,0,0,1,2,50" ten="222,162,344,272" oya="3" hai0="99,23,28,114,12,66,47,101,63,77,14,18,135" hai1="61,48,125,110,60,40,45,96,42,54,29,57,122" hai2="104,55,17,7,87,111,112,134,3,8,127,80,133" hai3="0,103,76,33,44,27,52,75,88,78,93,100,10"/><W83/><G76/><T35/><D135/><N who="2" m="51722" /><F111/><W67/><G67/><T97/><D114/><U59/><E110/><V132/><F112/><W124/><G124/><T65/><D77/><U105/><E125/><V1/><F104/><W126/><G126/><T81/><D81/><U30/><E105/><V109/><F127/><W56/><G44/><T91/><D35/><U120/><E96/><V74/><F109/><W73/><G73/><T34/><D34/><U129/><E129/><V5/><F74/><W117/><G117/><T37/><D28/><U115/><E115/><V85/><F55/><W68/><G68/><T13/><D65/><N who="1" m="39055" /><E30/><V41/><F41/><N who="1" m="15977" /><E29/><V116/><F116/><W46/><G27/><T62/><D62/><U118/><E118/><V43/><F43/><AGARI ba="0,0" hai="43,45,48,54,59,61,120,122" m="15977,39055" machi="43" ten="30,3900,0" yaku="34,2,52,1" doraHai="50" who="1" fromWho="2" sc="222,0,162,39,344,-39,272,0" /><INIT seed="4,0,0,3,1,57" ten="222,201,305,272" oya="0" hai0="36,9,127,52,120,39,5,105,25,131,30,63,18" hai1="75,21,24,6,44,108,124,66,31,100,126,76,109" hai2="59,133,70,82,91,103,64,26,97,43,13,56,129" hai3="37,53,38,3,128,89,40,78,80,29,68,73,71"/><T119/><D120/><U118/><E118/><V27/><F70/><W83/><G128/><T125/><D119/><U69/><E100/><V87/><F129/><W41/><G29/><T96/><D131/><U15/><E44/><V84/><F133/><W58/><G38/><T104/><D18/><U20/><E76/><V102/><F43/><W112/><G40/><T54/><D54/><U122/><E75/><V22/><F87/><W111/><G112/><T8/><D96/><U65/><E122/><V14/><F27/><W19/><G19/><T101/><D101/><N who="2" m="38410" /><F97/><W34/><G34/><T45/><D105/><U85/><E85/><V72/><F72/><W88/><G83/><T35/><D104/><U95/><E95/><V42/><F42/><W1/><G1/><T116/><D116/><U90/><E90/><V51/><F59/><W28/><G28/><T48/><D63/><N who="1" m="40127" /><E66/><V106/><F106/><W16/><G71/><T11/><REACH who="0" step="1"/><D5/><REACH who="0" ten="212,201,305,272" step="2"/><U32/><E6/><V47/><F64/><W94/><G16/><T12/><D12/><U114/><E15/><V110/><F14/><W10/><G3/><T123/><D123/><U62/><E62/><V2/><F13/><W81/><G41/><T4/><D4/><U0/><E0/><V98/><F2/><W50/><G37/><AGARI ba="0,1" hai="8,9,11,25,30,35,36,37,39,45,48,52,125,127" machi="37" ten="40,3900,0" yaku="1,1,54,1,53,0" doraHai="57" doraHaiUra="86" who="0" fromWho="3" sc="212,49,201,0,305,0,272,-39" /><INIT seed="4,1,0,3,2,95" ten="261,201,305,233" oya="0" hai0="55,52,43,70,97,46,98,119,32,14,25,77,105" hai1="129,19,26,71,115,127,66,78,61,47,134,65,6" hai2="99,82,108,11,88,79,3,132,128,81,30,120,114" hai3="42,72,33,50,122,131,38,62,9,96,83,15,100"/><T125/><D119/><U91/><E66/><V7/><F108/><W36/><G131/><T45/><D70/><U29/><E129/><V1/><F128/><W124/><G33/><T89/><D125/><U57/><E127/><V121/><F3/><W86/><G122/><T48/><D77/><U2/><E78/><V110/><F110/><W21/><G72/><T63/><D105/><U94/><E19/><V101/><F132/><W106/><G62/><T8/><D32/><U73/><E134/><V4/><F4/><W44/><G21/><T16/><D25/><U87/><E73/><V53/><F114/><W54/><G124/><T84/><D63/><U40/><E115/><V18/><F30/><W58/><G58/><T39/><D55/><U93/><E6/><V27/><F53/><W5/><REACH who="3" step="1"/><G54/><REACH who="3" ten="261,201,305,223" step="2"/><T20/><D20/><N who="1" m="15559" /><E71/><V126/><F126/><W37/><G37/><T67/><D67/><U109/><E109/><V56/><F56/><W85/><G85/><T76/><D76/><AGARI ba="1,1" hai="5,9,15,36,38,42,44,50,76,83,86,96,100,106" machi="76" ten="30,8000,1" yaku="1,1,7,1,25,2,52,1,53,0" doraHai="95" doraHaiUra="135" who="3" fromWho="0" sc="261,-83,201,0,305,0,223,93" /><INIT seed="5,0,0,0,0,123" ten="178,201,305,316" oya="1" hai0="11,110,134,122,88,12,16,13,108,67,102,15,133" hai1="124,135,128,20,25,62,91,114,70,127,38,8,35" hai2="115,84,24,59,52,4,87,0,118,5,75,65,131" hai3="112,9,60,18,77,130,99,44,132,47,48,104,126"/><U36/><E114/><V41/><F75/><W34/><G34/><T61/><D122/><U31/><E135/><N who="0" m="51721" /><D102/><U17/><E128/><V26/><F118/><W23/><G9/><T83/><D83/><U109/><E70/><V105/><F105/><W66/><G77/><T63/><D88/><U10/><E62/><N who="0" m="23561" /><D67/><U76/><E76/><V81/><F65/><W7/><G7/><N who="2" m="2633" /><F0/><W37/><G37/><T27/><D27/><N who="2" m="10282" /><F131/><W21/><G130/><T42/><D42/><U58/><E38/><V93/><F41/><W54/><G104/><T29/><D29/><U49/><E36/><V1/><F1/><W117/><G112/><T120/><D120/><U55/><E91/><N who="2" m="53479" /><F115/><W80/><G117/><T69/><D69/><U113/><E113/><V28/><F28/><W39/><G39/><T98/><D98/><U100/><E100/><V79/><F79/><W51/><G99/><T78/><D78/><U90/><E90/><V68/><F68/><W74/><G74/><T111/><AGARI ba="0,0" hai="11,12,13,15,16,108,110,111" m="23561,51721" machi="111" ten="40,8000,1" yaku="20,1,52,3,54,1" doraHai="123" who="0" fromWho="0" sc="178,80,201,-40,305,-20,316,-20" /><INIT seed="6,0,0,5,1,54" ten="258,161,285,296" oya="2" hai0="56,92,62,48,77,61,49,55,94,0,93,75,24" hai1="133,113,53,52,105,47,124,104,69,17,131,9,117" hai2="65,58,100,29,20,42,35,76,50,71,27,28,70" hai3="72,127,19,74,30,122,11,23,121,10,7,34,57"/><V64/><F76/><W107/><G107/><T18/><D0/><U129/><E117/><V8/><F70/><W31/><G127/><T41/><D75/><U97/><E124/><V51/><F71/><W32/><G23/><N who="0" m="13431" /><D77/><U115/><E69/><V128/><F35/><W67/><G67/><N who="2" m="25673" /><F128/><N who="1" m="49225" /><E133/><V68/><F68/><W114/><G19/><T80/><D80/><U89/><E89/><V118/><F100/><W36/><G114/><N who="1" m="43530" /><E97/><V101/><F8/><W110/><G110/><T33/><D33/><U6/><E17/><N who="2" m="12687" /><F101/><W130/><G130/><T63/><D41/><U14/><E47/><N who="2" m="25975" /><F118/><W38/><G7/><T99/><D48/><U16/><E6/><V135/><F135/><W125/><G125/><T81/><D81/><U87/><E87/><V116/><F116/><W5/><G5/><T132/><D132/><U86/><E86/><V102/><F102/><AGARI ba="0,0" hai="49,55,56,61,62,63,92,93,94,99,102" m="13431" machi="102" ten="30,2000,0" yaku="8,1,52,1" doraHai="54" who="0" fromWho="2" sc="258,20,161,0,285,-20,296,0" /><INIT seed="7,0,0,3,3,87" ten="278,161,265,296" oya="3" hai0="30,17,48,26,104,113,58,46,5,93,38,111,73" hai1="88,82,75,134,56,96,21,7,81,92,37,36,1" hai2="34,99,100,102,80,6,18,2,55,76,25,42,33" hai3="78,74,105,60,45,125,131,12,114,94,85,97,0"/><W68/><G45/><T63/><D111/><U124/><E134/><V119/><F119/><W84/><G12/><T23/><D73/><U50/><E124/><V4/><F34/><W28/><G60/><T57/><D104/><U116/><E116/><V3/><F42/><W91/><G28/><T35/><D38/><U61/><E50/><V77/><F55/><W108/><G68/><T49/><D5/><U106/><E106/><V90/><F3/><W13/><G13/><T130/><D130/><U16/><E7/><N who="2" m="2603" /><F33/><W19/><G19/><T59/><D113/><U22/><E22/><N who="2" m="13527" /><F2/><W109/><G114/><T101/><D63/><U14/><E1/><V71/><F71/><W51/><G51/><T89/><D101/><N who="2" m="39018" /><F99/><N who="3" m="57823" /><G131/><T41/><D49/><U20/><E20/><V107/><F107/><W123/><G123/><T126/><D126/><U64/><REACH who="1" step="1"/><E75/><REACH who="1" ten="278,151,265,296" step="2"/><V129/><F129/><W27/><G0/><T118/><D118/><U53/><E53/><V31/><F31/><W43/><G125/><T52/><D35/><U29/><E29/><V133/><F133/><W115/><G115/><T54/><D30/><U117/><E117/><V69/><F69/><W95/><G105/><T24/><D24/><U47/><E47/><V127/><F127/><W103/><G43/><T67/><D67/><U10/><E10/><V62/><F62/><W121/><G121/><T135/><D135/><U110/><E110/><N who="3" m="42602" /><G74/><T8/><D8/><U65/><E65/><V9/><F9/><W128/><G128/><T66/><D66/><U122/><E122/><V83/><F83/><AGARI ba="0,1" hai="14,16,21,36,37,56,61,64,81,82,83,88,92,96" machi="83" ten="40,8000,1" yaku="1,1,52,1,54,2,53,0" doraHai="87" doraHaiUra="72" who="1" fromWho="2" sc="278,0,151,90,265,-80,296,0" /><INIT seed="8,0,0,2,3,79" ten="278,241,185,296" oya="0" hai0="88,63,98,30,6,67,82,111,8,9,101,120,72" hai1="70,90,15,11,14,123,76,38,112,109,93,56,4" hai2="3,108,37,68,122,74,80,35,36,87,41,128,81" hai3="55,126,54,130,124,129,22,32,49,5,34,92,62"/><T118/><D120/><U66/><E109/><V77/><F108/><W19/><G5/><T94/><D111/><U7/><E70/><V40/><F122/><W83/><G92/><T73/><D118/><U103/><E123/><V10/><F68/><W33/><G83/><T24/><D9/><N who="1" m="4391" /><E38/><V52/><F128/><N who="3" m="49259" /><G62/><T12/><D82/><U134/><E134/><V48/><F35/><W25/><G55/><T75/><D101/><U46/><E76/><V115/><F115/><W125/><G33/><T106/><D106/><U135/><E112/><V104/><F104/><W65/><G65/><T42/><D42/><U89/><E135/><V86/><F74/><W51/><G51/><T17/><D6/><U21/><E66/><V23/><F23/><W121/><G121/><T132/><D132/><U71/><E71/><V110/><F110/><W57/><AGARI ba="0,0" hai="19,22,25,32,34,49,54,57,124,125,126" m="49259" machi="57" ten="40,2700,0" yaku="18,1,19,1" doraHai="79" who="3" fromWho="3" sc="278,-13,241,-7,185,-7,296,27" owari="265,7.0,234,-17.0,178,-32.0,323,42.0" /></mjloggm>