<mjloggm ver="2.3"><GO type="193" lobby="0"/><UN n0="%6B%75%74%74%69%5F" n1="%E3%83%88%E3%83%88%E3%83%AA%E5%85%88%E7%94%9F%31%39%E6%AD%B3" n2="%E3%81%8B%E3%81%A4%E3%81%AE%E3%82%8A%E3%82%B5%E3%83%A9%E3%83%80" n3="%E3%81%96%E3%82%8B%E7%8C%AB" dan="13,9,13,13" rate="1771.05,1855.41,1757.39,1759.44" sx="M,F,M,M"/><TAIKYOKU oya="0"/><INIT seed="0,0,0,5,4,48" ten="250,250,250,250" oya="0" hai0="134,46,74,18,15,12,80,99,70,43,17,102,16" hai1="118,11,107,90,94,9,105,33,61,27,98,5,113" hai2="76,57,40,37,81,132,114,2,110,75,53,84,59" hai3="122,112,14,38,119,4,123,121,85,82,104,20,63"/><T93/><D70/><U128/><E118/><V50/><F2/><W100/><G112/><T56/><D134/><U28/><E113/><V64/><F114/><W32/><G119/><T44/><D74/><U23/><E128/><V92/><F110/><W87/><G38/><T1/><D1/><U77/><E77/><V89/><F132/><W6/><G32/><T54/><D80/><U29/><E11/><V97/><F75/><W135/><G135/><T65/><D65/><U13/><E29/><V36/><REACH who="2" step="1"/><F40/><REACH who="2" ten="250,250,240,250" step="2"/><W125/><G121/><T106/><D43/><U22/><E105/><V78/><F78/><W0/><G104/><T72/><D106/><U67/><REACH who="1" step="1"/><E107/><REACH who="1" ten="250,240,240,250" step="2"/><V39/><F39/><W31/><G122/><T117/><D117/><U111/><E111/><V129/><F129/><W25/><G123/><T66/><D72/><U69/><AGARI ba="0,2" hai="5,9,13,22,23,27,28,33,61,67,69,90,94,98" machi="69" ten="20,5200,0" yaku="1,1,0,1,7,1,53,1" doraHai="48" doraHaiUra="60" who="1" fromWho="1" sc="250,-26,240,72,240,-13,250,-13" /><INIT seed="1,0,0,3,2,54" ten="224,312,227,237" oya="1" hai0="28,29,127,132,23,80,62,102,38,87,42,57,44" hai1="69,17,123,27,7,131,76,85,111,109,25,14,77" hai2="89,35,30,16,74,116,58,68,11,61,53,0,20" hai3="84,51,97,3,4,8,31,59,55,91,50,34,22"/><U5/><E123/><V19/><F74/><W130/><G34/><T75/><D75/><U108/><E69/><V71/><F116/><W63/><G130/><T98/><D132/><U82/><E77/><V64/><F19/><W134/><G134/><T110/><D110/><U72/><E72/><V1/><F35/><W104/><G104/><T39/><D127/><U65/><E65/><V129/><F30/><W78/><G78/><T88/><D38/><U114/><E114/><V124/><F129/><W107/><G107/><T118/><D118/><U73/><E73/><V86/><F124/><W120/><G120/><T56/><D23/><N who="1" m="11703" /><E131/><V92/><F11/><W79/><G79/><T133/><D133/><U12/><E12/><V47/><F47/><W101/><G97/><T81/><D81/><U18/><E18/><V36/><F36/><W103/><G101/><T52/><REACH who="0" step="1"/><D56/><REACH who="0" ten="214,312,227,237" step="2"/><U122/><E122/><V83/><F83/><W33/><G103/><T37/><D37/><U99/><E111/><V105/><F105/><AGARI ba="0,1" hai="28,29,39,42,44,52,57,62,80,87,88,98,102,105" machi="105" ten="30,8000,1" yaku="1,1,7,1,52,1,54,2,53,0" doraHai="54" doraHaiUra="2" who="0" fromWho="2" sc="214,90,312,0,227,-80,237,0" /><INIT seed="2,0,0,4,5,130" ten="304,312,147,237" oya="2" hai0="61,100,75,81,6,56,99,72,132,39,34,105,43" hai1="63,8,59,135,2,73,131,53,57,16,25,93,32" hai2="124,31,22,46,10,78,120,14,70,123,20,95,86" hai3="1,51,101,109,97,102,27,9,68,42,122,18,52"/><V88/><F70/><W40/><G68/><T24/><D6/><U103/><E73/><V96/><F124/><W108/><G122/><T30/><D39/><U26/><E131/><V114/><F114/><W110/><G101/><T104/><D43/><U38/><E38/><V21/><F31/><W71/><G71/><T117/><D117/><U11/><E135/><V15/><F46/><W37/><G37/><T79/><D132/><U133/><E133/><V33/><F33/><W54/><G54/><T62/><D72/><U65/><E2/><V90/><F123/><W29/><G1/><T44/><D44/><U125/><E125/><V64/><F120/><W66/><G66/><T92/><REACH who="0" step="1"/><D62/><REACH who="0" ten="294,312,147,237" step="2"/><U134/><E134/><V49/><F78/><W7/><G7/><T23/><D23/><N who="1" m="13543" /><E32/><V12/><F64/><AGARI ba="0,1" hai="24,30,34,56,61,64,75,79,81,92,99,100,104,105" machi="64" ten="30,2000,0" yaku="1,1,7,1,53,0" doraHai="130" doraHaiUra="35" who="0" fromWho="2" sc="294,30,312,0,147,-20,237,0" /><INIT seed="3,0,0,3,2,100" ten="324,312,127,237" oya="3" hai0="105,61,13,57,104,72,18,79,36,42,86,91,2" hai1="51,54,11,10,38,25,64,20,70,24,75,65,49" hai2="102,21,131,74,106,122,1,53,27,7,132,107,80" hai3="88,50,134,58,84,109,8,112,55,60,95,120,73"/><W6/><G112/><T4/><D2/><U123/><E123/><V90/><F7/><W113/><G134/><T45/><D4/><U130/><E75/><V34/><F1/><W110/><G113/><T62/><D72/><U46/><E130/><V78/><F53/><W119/><G73/><T23/><D79/><U9/><E38/><V94/><F34/><W135/><G119/><T52/><REACH who="0" step="1"/><D62/><REACH who="0" ten="314,312,127,237" step="2"/><U121/><E121/><V117/><F21/><W17/><G120/><T127/><D127/><U47/><E70/><V26/><F27/><N who="1" m="10313" /><E20/><V71/><F26/><W41/><G135/><T16/><D16/><U129/><E129/><V108/><F71/><W116/><G17/><T114/><D114/><U133/><E133/><V30/><F30/><W125/><G116/><T126/><D126/><U28/><E28/><V97/><F131/><W43/><G125/><T93/><AGARI ba="0,1" hai="13,18,23,36,42,45,52,57,61,86,91,93,104,105" machi="93" ten="20,12000,2" yaku="1,1,0,1,7,1,52,2,54,1,53,0" doraHai="100" doraHaiUra="76" who="0" fromWho="0" sc="314,130,312,-30,127,-30,237,-60" owari="444,54.0,282,8.0,97,-40.0,177,-22.0" /></mjloggm>