<mjloggm ver="2.3"><GO type="225" lobby="0"/><UN n0="%73%2E%63%65%6C%74%79" n1="%E3%81%94%E3%82%93%E3%81%96%E3%81%B6%E3%82%8D%E3%83%BC" n2="%E6%A1%9C%E8%8A%B1%E9%96%83%E3%80%85" n3="%E3%83%88%E3%83%88%E3%83%AA%E5%85%88%E7%94%9F%31%39%E6%AD%B3" dan="17,17,17,17" rate="2180.68,2121.80,2214.35,2232.44" sx="F,M,M,F"/><TAIKYOKU oya="0"/><INIT seed="0,0,0,1,5,99" ten="250,250,250,250" oya="0" hai0="79,75,56,6,84,3,71,21,77,127,63,49,23" hai1="62,112,133,105,26,116,104,36,32,118,68,108,20" hai2="30,58,125,43,80,90,51,34,96,115,45,83,57" hai3="18,134,19,38,59,73,48,39,12,95,29,11,60"/><T126/><D75/><U50/><E50/><V72/><F115/><W10/><G73/><T31/><D71/><U135/><E20/><V8/><F125/><N who="0" m="47626" /><D49/><U13/><E13/><V44/><F44/><W4/><G134/><N who="1" m="51210" /><E112/><V117/><F117/><N who="1" m="45161" /><E36/><V86/><F8/><W74/><G74/><T65/><D84/><U61/><E108/><V129/><F34/><W40/><G29/><T24/><D23/><U52/><E52/><V82/><F30/><W42/><G39/><T100/><D100/><U78/><E78/><V33/><F33/><W131/><G38/><T89/><D89/><U103/><E103/><V97/><F72/><W88/><G48/><T122/><D122/><U107/><E68/><V35/><F35/><W14/><G42/><T110/><D110/><U76/><E76/><V37/><F37/><W27/><G40/><T16/><D31/><AGARI ba="0,0" hai="26,31,32,61,62,104,105,107" m="45161,51210" machi="31" ten="40,1300,0" yaku="20,1" doraHai="99" who="1" fromWho="0" sc="250,-13,250,13,250,0,250,0" /><INIT seed="1,0,0,3,0,28" ten="237,263,250,250" oya="1" hai0="123,6,130,1,99,94,64,17,72,77,34,75,48" hai1="69,16,131,52,87,66,119,96,126,8,2,14,81" hai2="25,112,95,111,22,5,19,50,83,101,118,116,82" hai3="61,45,65,70,102,24,43,38,133,23,54,124,33"/><U60/><E119/><V135/><F111/><W29/><G133/><T103/><D130/><U57/><E131/><V15/><F135/><W125/><G102/><T108/><D108/><U74/><E126/><N who="3" m="48746" /><G54/><T120/><D64/><U68/><E74/><V21/><F112/><W20/><AGARI ba="0,0" hai="20,23,24,29,33,38,43,45,61,65,70" m="48746" machi="20" ten="30,2000,0" yaku="18,1,52,1" doraHai="28" who="3" fromWho="3" sc="237,-5,263,-10,250,-5,250,20" /><INIT seed="2,0,0,0,0,79" ten="232,253,245,270" oya="2" hai0="3,35,83,40,85,135,7,102,38,55,12,108,122" hai1="42,31,105,81,80,25,127,62,126,96,18,131,71" hai2="116,99,63,117,11,57,104,65,59,28,88,49,23" hai3="53,100,69,72,37,92,98,90,91,50,15,133,13"/><V60/><F49/><W10/><G72/><T24/><D122/><U20/><E42/><V32/><F11/><W124/><G69/><T48/><D3/><U58/><E71/><V70/><F23/><W22/><G37/><T120/><D120/><U130/><E18/><V97/><F59/><W0/><G133/><T110/><D102/><N who="1" m="62663" /><E58/><V114/><F114/><W4/><G124/><N who="1" m="47658" /><E62/><V129/><F129/><AGARI ba="0,0" hai="20,25,31,80,81,129,130,131" m="47658,62663" machi="129" ten="30,7700,0" yaku="19,1,18,1,52,2" doraHai="79" who="1" fromWho="2" sc="232,0,253,77,245,-77,270,0" /><INIT seed="3,0,0,2,3,30" ten="232,330,168,270" oya="3" hai0="80,85,126,98,41,73,106,128,100,75,109,96,17" hai1="76,105,74,36,15,89,77,129,53,55,107,81,54" hai2="0,95,1,24,47,68,119,114,46,12,117,32,59" hai3="123,40,13,27,48,64,37,71,10,110,5,92,39"/><W61/><G123/><T120/><D120/><U14/><E129/><V108/><F68/><W16/><G110/><T2/><D2/><N who="2" m="1130" /><F59/><W34/><G92/><T11/><D109/><U133/><E133/><V130/><F95/><W118/><G118/><N who="2" m="45065" /><F108/><W78/><G78/><T8/><D128/><U121/><E121/><V43/><F43/><W88/><G88/><T87/><D126/><U134/><E36/><V132/><F130/><W104/><G104/><T66/><D66/><U122/><E14/><V28/><F47/><W60/><G60/><T38/><D98/><U29/><E29/><V125/><F46/><W4/><G48/><T58/><D87/><U25/><E25/><N who="2" m="18447" /><F132/><W7/><G40/><T31/><D58/><U79/><E89/><V45/><F45/><W63/><G63/><T62/><D80/><U26/><E81/><V83/><F83/><W103/><G103/><T65/><D85/><U115/><E134/><V101/><F101/><W21/><G39/><T91/><D91/><U49/><E107/><V72/><F72/><N who="0" m="27722" /><D41/><U99/><E74/><V44/><F44/><W90/><G37/><T94/><D38/><U9/><E105/><V124/><F114/><W52/><G90/><T23/><D106/><U33/><E77/><V116/><N who="2" m="45073" /><V131/><DORA hai="19" /><F131/><W86/><G86/><T69/><D62/><U70/><E76/><V84/><F84/><W18/><G64/><T3/><D65/><U127/><E79/><V57/><F57/><N who="3" m="34983" /><G71/><T42/><D69/><U22/><E70/><V35/><F12/><W97/><G97/><T67/><D42/><RYUUKYOKU ba="0,0" sc="232,-15,330,-15,168,15,270,15" hai2="24,35,124,125" hai3="4,5,7,10,13,16,18,21,27,34" /><INIT seed="3,1,0,0,4,37" ten="217,315,183,285" oya="3" hai0="64,131,53,80,18,48,33,15,97,129,78,40,75" hai1="114,10,108,102,19,113,99,17,35,26,125,116,94" hai2="98,81,22,7,87,39,88,77,118,43,103,69,21" hai3="5,25,9,85,115,122,57,92,44,117,76,46,106"/><W105/><G115/><T60/><D33/><U86/><E108/><V101/><F118/><W45/><G117/><T96/><D40/><U127/><E116/><V59/><F69/><W52/><G122/><T0/><D0/><U58/><E86/><N who="2" m="48431" /><F39/><W47/><G25/><T112/><D112/><N who="1" m="43115" /><E58/><V73/><F73/><W27/><G27/><T16/><D53/><U38/><E10/><V56/><F7/><W1/><G46/><T30/><D30/><N who="1" m="19927" /><E38/><V110/><F110/><W67/><G67/><T100/><D48/><U6/><E6/><V79/><F79/><W123/><G123/><T4/><D4/><U31/><E31/><V20/><F98/><N who="0" m="37994" /><D15/><U66/><E66/><V91/><F91/><W84/><G76/><T93/><D100/><N who="2" m="38474" /><F43/><W120/><G120/><T14/><D93/><AGARI ba="1,0" hai="20,21,22,56,59,87,88,93" m="38474,48431" machi="93" ten="30,2000,0" yaku="8,1,54,1" doraHai="37" who="2" fromWho="0" sc="217,-23,315,0,183,23,285,0" owari="194,-31.0,315,41.0,206,-19.0,285,9.0" /></mjloggm>