<mjloggm ver="2.3"><GO type="97" lobby="0"/><UN n0="%E7%99%BD%E9%B9%BF%E6%84%9B%E8%8E%89" n1="%E3%82%89%E3%82%8A%E3%81%8F%E3%81%BE" n2="%E5%B0%B1%E6%B4%BB%E7%94%9F%40%E5%B7%9D%E6%9D%91%E8%BB%8D%E5%9B%A3" n3="%EF%BC%BA%EF%BC%A5%EF%BC%B2%EF%BC%AF%EF%BC%8D%EF%BC%AD%EF%BC%A1%EF%BC%B8" dan="13,14,15,15" rate="1950.78,1925.20,1960.89,1961.96" sx="F,M,M,M"/><TAIKYOKU oya="0"/><INIT seed="0,0,0,4,2,33" ten="250,250,250,250" oya="0" hai0="99,79,105,52,29,86,47,111,115,76,14,92,24" hai1="132,37,16,6,9,27,31,28,125,93,51,133,77" hai2="26,78,64,70,83,114,50,126,11,135,127,60,4" hai3="131,72,104,36,22,110,94,45,91,128,3,23,43"/><T7/><D115/><U20/><E37/><V117/><F114/><W108/><G104/><T48/><D105/><U49/><E77/><V65/><F65/><W113/><G72/><T15/><D111/><N who="3" m="42537" /><G3/><T120/><D120/><U85/><E125/><N who="2" m="47627" /><F50/><N who="1" m="18953" /><E85/><N who="2" m="48375" /><F26/><W106/><G106/><T39/><D39/><U57/><E93/><V130/><F130/><N who="3" m="49707" /><G113/><T107/><D107/><U5/><E57/><V0/><F135/><N who="1" m="51785" /><E6/><V67/><F67/><W75/><G75/><T87/><D79/><U116/><E116/><AGARI ba="0,0" hai="0,4,11,60,64,70,116,117" m="48375,47627" machi="116" ten="30,2000,0" yaku="18,1,52,1" doraHai="33" who="2" fromWho="1" sc="250,0,250,-20,250,20,250,0" /><INIT seed="1,0,0,0,5,79" ten="250,230,270,250" oya="1" hai0="12,115,108,63,11,4,91,47,123,13,36,49,20" hai1="10,60,101,100,28,77,44,126,18,24,67,111,128" hai2="43,6,116,119,74,106,98,121,17,1,70,51,90" hai3="104,52,134,42,117,61,78,133,82,33,65,2,92"/><U7/><E126/><V64/><F74/><W5/><G117/><T102/><D115/><U110/><E77/><V25/><F121/><W94/><G104/><T72/><D36/><U23/><E128/><V120/><F120/><W88/><G33/><T14/><D123/><U96/><E44/><V109/><F109/><N who="1" m="41481" /><E96/><V135/><F135/><N who="3" m="51723" /><G42/><T34/><D108/><U39/><E39/><V105/><F6/><W118/><G118/><T8/><D34/><U22/><E22/><V99/><F1/><W132/><G132/><T112/><D72/><U30/><E30/><V58/><F70/><W89/><G78/><T26/><D112/><U37/><E37/><V31/><F43/><W93/><G65/><T27/><D102/><U45/><E45/><V57/><F64/><W131/><G131/><T127/><D127/><U85/><E85/><V15/><F31/><W32/><G32/><T40/><D63/><U113/><E28/><V95/><F25/><N who="0" m="9226" /><D20/><U73/><E73/><V29/><F29/><W129/><G129/><T54/><D11/><U46/><E46/><V80/><F80/><W19/><G82/><T130/><D130/><U21/><E21/><V114/><F114/><W35/><G35/><T56/><D91/><U86/><E113/><V50/><F50/><W59/><G19/><T66/><D40/><U53/><E67/><V9/><F51/><W0/><G5/><T76/><D76/><U122/><E122/><V107/><F99/><W68/><G68/><T81/><D81/><U55/><E86/><V69/><F69/><W125/><G125/><T71/><D71/><RYUUKYOKU ba="0,0" sc="250,10,230,-30,270,10,250,10" hai0="4,8,12,13,14,47,49,54,56,66" hai2="9,15,17,57,58,90,95,98,105,106,107,116,119" hai3="0,2,52,59,61,88,89,92,93,94" /><INIT seed="2,1,0,5,5,124" ten="260,200,280,260" oya="2" hai0="41,73,127,125,24,85,100,3,90,113,60,8,82" hai1="107,69,109,129,106,133,130,78,7,56,80,131,115" hai2="132,88,103,119,20,38,105,34,86,79,64,48,92" hai3="4,27,14,32,96,39,74,77,120,0,40,18,101"/><V66/><F38/><W123/><G39/><T63/><D113/><U15/><E69/><V134/><F34/><W2/><G40/><T44/><D100/><U117/><E117/><V84/><F119/><W76/><G2/><T110/><D110/><U61/><E109/><V29/><F105/><N who="3" m="63655" /><G77/><N who="0" m="44335" /><D24/><U28/><E28/><V33/><F33/><W47/><G47/><T46/><D46/><U102/><E102/><V53/><F103/><W104/><G104/><T43/><D43/><U5/><E115/><V111/><F111/><W97/><G97/><T22/><D22/><U121/><E121/><V16/><F29/><N who="3" m="19519" /><G14/><T118/><D118/><U49/><E49/><V10/><F10/><N who="3" m="2311" /><G18/><T42/><D42/><U30/><E30/><V36/><F36/><W135/><G135/><N who="2" m="51753" /><F79/><W128/><G128/><N who="1" m="32770" /><U54/><DORA hai="31" /><E133/><V99/><F84/><W11/><G11/><T94/><D8/><N who="1" m="4495" /><E7/><V83/><F99/><W6/><G6/><T95/><D3/><U91/><E91/><V13/><F83/><AGARI ba="1,0" hai="74,76,83,120,123" m="2311,19519,63655" machi="83" ten="30,2000,0" yaku="23,1,52,1" doraHai="124,31" who="3" fromWho="2" sc="260,0,200,0,280,-23,260,23" /><INIT seed="3,0,0,0,2,28" ten="260,200,257,283" oya="3" hai0="89,121,111,55,76,63,114,5,33,99,14,40,96" hai1="97,84,66,131,57,85,77,134,68,17,41,69,78" hai2="86,31,7,93,110,29,92,30,90,61,75,123,26" hai3="48,65,0,37,107,24,87,20,51,38,12,103,67"/><W43/><G0/><T116/><D121/><U42/><E57/><V49/><F123/><W45/><G12/><T58/><D116/><U117/><E97/><V79/><F110/><W62/><G38/><T15/><D33/><U73/><E131/><V19/><F7/><W39/><G39/><T46/><D114/><U59/><E59/><V83/><F61/><W34/><G67/><T100/><D111/><U6/><E134/><V91/><F49/><W53/><G87/><T106/><D76/><U128/><E128/><V71/><F71/><N who="3" m="42423" /><G20/><T125/><D125/><U22/><E66/><V9/><F9/><W94/><G94/><T127/><D127/><U21/><E6/><V23/><REACH who="2" step="1"/><F31/><REACH who="2" ten="260,200,247,283" step="2"/><W13/><G51/><T101/><D5/><U18/><REACH who="1" step="1"/><E73/><REACH who="1" ten="260,190,247,283" step="2"/><V3/><F3/><W64/><G45/><T109/><D46/><U108/><E108/><V8/><F8/><W133/><G133/><T132/><D109/><U129/><E129/><V36/><F36/><W56/><G37/><T104/><D132/><U119/><AGARI ba="0,2" hai="17,18,21,22,41,42,68,69,77,78,84,85,117,119" machi="119" ten="25,6400,0" yaku="1,1,0,1,22,2,53,0" doraHai="28" doraHaiUra="32" who="1" fromWho="1" sc="260,-16,190,84,247,-16,283,-32" /><INIT seed="4,0,0,5,4,25" ten="244,274,231,251" oya="0" hai0="63,97,3,80,66,39,101,109,43,35,102,57,6" hai1="103,93,132,108,118,44,76,88,20,5,71,98,70" hai2="85,74,99,54,2,89,38,24,73,104,133,34,0" hai3="17,19,13,56,22,47,62,23,131,117,61,58,11"/><T128/><D128/><U51/><E108/><V107/><F133/><W52/><G131/><T86/><D35/><U79/><E132/><V29/><F38/><W45/><G117/><T59/><D109/><U114/><E118/><V31/><F54/><W67/><REACH who="3" step="1"/><G11/><REACH who="3" ten="244,274,231,241" step="2"/><T95/><D3/><U110/><E110/><V134/><F134/><W135/><G135/><T10/><D10/><U18/><E70/><V12/><F2/><W92/><G92/><T82/><D80/><U106/><E71/><V119/><F0/><W32/><G32/><T87/><D82/><U75/><E75/><V112/><F119/><W105/><G105/><T115/><D95/><U28/><E114/><V96/><F74/><W15/><AGARI ba="0,1" hai="13,15,17,19,22,23,45,47,52,56,58,61,62,67" machi="15" ten="20,12000,2" yaku="1,1,0,1,7,1,9,1,8,1,54,1,53,0" doraHai="25" doraHaiUra="36" who="3" fromWho="3" sc="244,-60,274,-30,231,-30,241,130" owari="184,-32.0,244,4.0,201,-20.0,371,48.0" /></mjloggm>