<mjloggm ver="2.3"><GO type="97" lobby="0"/><UN n0="%E3%83%95%E3%82%A7%E3%83%AB%E3%83%AA%E3%82%A2" n1="%E5%8F%A4%E6%B2%B3%E6%B8%9A%40%E6%9D%8F%E6%9D%8F%E8%BB%8D%E5%9C%98" n2="%E5%B0%B1%E6%B4%BB%E7%94%9F%40%E5%B7%9D%E6%9D%91%E8%BB%8D%E5%9B%A3" n3="%E8%B5%A4%E8%9B%99" dan="14,13,15,13" rate="1998.97,1914.33,1964.31,2037.92" sx="M,M,M,M"/><TAIKYOKU oya="0"/><INIT seed="0,0,0,2,2,35" ten="250,250,250,250" oya="0" hai0="66,132,92,97,123,9,116,40,6,112,76,128,94" hai1="118,61,131,71,47,54,86,108,65,119,105,72,23" hai2="104,73,78,46,11,59,79,98,60,19,18,84,8" hai3="114,29,125,58,69,53,75,129,1,33,28,45,120"/><T26/><D123/><U42/><E72/><V56/><F73/><W127/><G75/><T102/><D116/><U96/><E131/><V34/><F34/><W115/><G69/><T0/><D76/><N who="2" m="29226" /><F104/><W133/><G120/><T37/><D128/><U62/><E108/><V15/><F98/><W2/><G129/><T14/><D112/><N who="3" m="43049" /><G45/><T5/><D66/><N who="1" m="41423" /><E86/><V25/><F46/><W44/><G44/><T135/><D40/><U22/><E23/><N who="2" m="13559" /><F84/><W109/><G109/><T122/><D37/><N who="1" m="21967" /><E22/><N who="2" m="11647" /><F56/><W117/><G117/><N who="1" m="44554" /><E96/><V55/><AGARI ba="0,0" hai="8,11,55,59,60" m="11647,13559,29226" machi="55" ten="30,1100,0" yaku="8,1" doraHai="35" who="2" fromWho="2" sc="250,-5,250,-3,250,11,250,-3" /><INIT seed="1,0,0,2,4,51" ten="245,247,261,247" oya="1" hai0="20,101,123,17,33,23,63,29,28,135,35,124,96" hai1="22,119,60,68,9,114,134,38,88,57,106,56,11" hai2="117,118,90,31,91,14,44,107,102,100,41,21,54" hai3="93,130,111,103,116,7,42,48,129,0,5,83,1"/><U133/><E114/><V131/><F131/><N who="3" m="50187" /><G111/><T66/><D123/><U55/><E119/><V59/><F118/><W16/><G116/><T71/><D124/><U94/><E106/><V39/><F117/><W113/><G113/><T127/><D135/><N who="1" m="51723" /><E38/><V65/><F65/><W49/><G83/><T46/><D46/><U115/><E68/><V78/><F78/><W8/><G42/><T36/><D36/><U24/><E57/><V86/><F107/><W87/><G103/><T77/><D77/><U73/><E73/><V34/><F34/><W15/><G1/><T18/><D127/><U47/><E47/><V122/><F122/><W89/><G5/><T128/><D128/><U10/><E115/><V82/><F91/><W74/><G74/><T76/><D76/><U70/><E70/><V81/><F81/><W30/><G30/><T120/><D120/><U13/><E24/><V58/><F58/><W62/><G62/><T45/><D45/><U50/><E50/><V40/><F40/><W98/><G98/><T32/><D29/><U85/><E22/><AGARI ba="0,0" hai="0,7,8,15,16,22,48,49,87,89,93" m="50187" machi="22" ten="30,2000,0" yaku="19,1,54,1" doraHai="51" who="3" fromWho="1" sc="245,0,247,-20,261,0,247,20" /><INIT seed="2,0,0,2,3,135" ten="245,227,261,267" oya="2" hai0="91,47,9,46,89,28,54,130,68,22,30,38,4" hai1="7,95,13,112,34,87,23,3,80,56,64,117,11" hai2="92,0,86,114,105,132,44,124,63,37,78,17,5" hai3="8,43,111,41,108,127,109,100,10,93,57,70,33"/><V69/><F105/><W49/><G70/><T75/><D68/><U120/><E117/><V45/><F132/><W14/><G33/><T88/><D75/><U133/><E112/><V48/><F114/><W29/><G29/><T79/><D79/><U35/><E133/><V61/><F37/><W85/><G8/><T19/><D130/><U82/><E120/><V113/><F113/><W12/><G12/><T104/><D104/><U106/><E106/><V84/><F0/><W121/><G121/><T40/><D47/><U83/><E3/><V52/><F5/><W60/><G49/><T24/><REACH who="0" step="1"/><D54/><REACH who="0" ten="235,227,261,267" step="2"/><U119/><E119/><V131/><F69/><W129/><G129/><T50/><D50/><U90/><REACH who="1" step="1"/><E23/><REACH who="1" ten="235,217,261,267" step="2"/><V42/><F131/><W96/><G108/><T18/><D18/><U72/><E72/><V98/><F17/><W102/><G109/><T94/><D94/><U2/><E2/><AGARI ba="0,2" hai="2,4,9,19,22,24,28,30,38,40,46,88,89,91" machi="2" ten="40,2600,0" yaku="1,1,54,1,53,0" doraHai="135" doraHaiUra="107" who="0" fromWho="1" sc="235,46,217,-26,261,0,267,0" /><INIT seed="3,0,0,0,5,45" ten="281,191,261,267" oya="3" hai0="5,13,56,79,97,82,86,71,43,53,131,52,70" hai1="119,113,65,66,109,57,114,31,11,93,78,96,60" hai2="123,62,0,87,121,129,102,18,91,3,124,127,133" hai3="64,122,72,95,94,28,19,132,59,21,7,47,30"/><W44/><G122/><N who="2" m="46601" /><F129/><W29/><G72/><T107/><D131/><U105/><E119/><V8/><F102/><W24/><G7/><T41/><D71/><U55/><E105/><V35/><F35/><W101/><G132/><T4/><D70/><U39/><E109/><V111/><F111/><W85/><G101/><T118/><D97/><U130/><E130/><V92/><F133/><W50/><G85/><T20/><D107/><U90/><E39/><V9/><F62/><N who="3" m="37983" /><G47/><T69/><D69/><U80/><E31/><V15/><F8/><W104/><G104/><T100/><D53/><AGARI ba="0,0" hai="19,21,24,28,29,30,44,50,53,94,95" m="37983" machi="53" ten="30,2900,0" yaku="8,1,52,1" doraHai="45" who="3" fromWho="0" sc="281,-29,191,0,261,0,267,29" /><INIT seed="3,1,0,0,4,42" ten="252,191,261,296" oya="3" hai0="91,23,96,81,135,54,109,64,2,131,5,17,62" hai1="40,97,121,10,72,127,8,110,75,65,103,120,78" hai2="48,99,25,47,33,102,108,74,59,13,45,105,100" hai3="104,80,128,125,113,11,32,119,44,87,70,107,60"/><W69/><G113/><T14/><D135/><U106/><E127/><V63/><F74/><W36/><G32/><T133/><D109/><U77/><E65/><V67/><F108/><W79/><G119/><T112/><D133/><U50/><E110/><V20/><F102/><W38/><G128/><T39/><D131/><U129/><E129/><V58/><F33/><W115/><G115/><T66/><D112/><U118/><E118/><V7/><F59/><W46/><G11/><T4/><D39/><U0/><E50/><V55/><F13/><W95/><G125/><T126/><D2/><U61/><E61/><V71/><F7/><N who="0" m="2634" /><D126/><U85/><E40/><V19/><AGARI ba="1,0" hai="19,20,25,45,47,48,55,58,63,67,71,99,100,105" machi="19" ten="20,5200,0" yaku="0,1,7,1,52,2" doraHai="42" who="2" fromWho="2" sc="252,-14,191,-14,261,55,296,-27" owari="238,-16.0,177,-32.0,316,41.0,269,7.0" /></mjloggm>