<mjloggm ver="2.3"><GO type="41" lobby="0"/><UN n0="%E3%81%A4%E3%81%AA%5F" n1="%6B%6F%6E%65%6B%6F%6E%65" n2="%E5%B0%B1%E6%B4%BB%E7%94%9F%40%E5%B7%9D%E6%9D%91%E8%BB%8D%E5%9B%A3" n3="%55%74%61" dan="13,14,16,13" rate="1805.71,1892.06,2071.92,1869.53" sx="M,M,M,M"/><TAIKYOKU oya="0"/><INIT seed="0,0,0,0,1,20" ten="250,250,250,250" oya="0" hai0="36,107,72,64,60,112,67,63,70,54,14,91,17" hai1="47,81,62,38,88,50,32,82,75,74,71,18,6" hai2="53,130,78,126,87,56,21,0,135,113,125,83,133" hai3="1,129,92,118,124,35,89,115,119,61,10,80,29"/><T49/><D112/><U31/><E38/><V59/><F0/><W76/><G115/><T24/><D72/><N who="1" m="27691" /><E31/><V8/><F8/><W122/><G124/><N who="2" m="47721" /><F113/><W42/><G129/><T39/><D107/><U108/><E18/><V7/><F7/><W68/><G122/><T37/><D91/><U93/><E6/><V15/><F15/><W16/><G42/><T85/><D85/><N who="1" m="52367" /><E32/><V58/><F21/><W86/><G61/><T100/><D100/><U121/><E62/><V97/><F97/><W117/><G68/><T11/><D24/><U5/><E5/><V13/><F13/><W111/><G111/><T12/><D12/><U95/><E71/><V105/><F105/><W23/><G29/><T55/><REACH who="0" step="1"/><D49/><REACH who="0" ten="240,250,250,250" step="2"/><U131/><E50/><N who="2" m="30775" /><F130/><W69/><G118/><T94/><D94/><U114/><E95/><V26/><F26/><W51/><G92/><T66/><D66/><U40/><E131/><V127/><F127/><W96/><G119/><T123/><D123/><U43/><E121/><V77/><F77/><W9/><G76/><T48/><D48/><U101/><E114/><V132/><AGARI ba="0,1" hai="58,59,78,83,87,132,133,135" m="30775,47721" machi="132" ten="40,2700,0" yaku="20,1,18,1" doraHai="20" who="2" fromWho="2" sc="240,-13,250,-7,250,37,250,-7" /><INIT seed="1,0,0,2,1,42" ten="227,243,287,243" oya="1" hai0="99,44,77,46,135,27,97,101,9,74,68,16,2" hai1="95,118,98,126,67,6,8,104,12,65,130,17,108" hai2="124,22,39,14,45,83,94,41,102,13,0,58,86" hai3="29,120,55,50,109,47,107,54,31,81,72,56,121"/><U114/><E104/><V103/><F0/><W78/><G109/><T87/><D68/><U32/><E32/><V5/><F124/><W35/><G107/><T93/><D74/><U53/><E126/><V73/><F73/><W100/><G100/><T21/><D135/><U105/><E105/><V123/><F123/><W91/><G35/><T125/><D125/><U7/><E130/><V132/><F132/><W70/><G70/><T66/><D66/><N who="1" m="25099" /><E108/><V89/><F5/><W112/><G112/><T106/><D2/><U117/><E114/><V28/><F58/><W48/><REACH who="3" step="1"/><G91/><REACH who="3" ten="227,243,287,233" step="2"/><T82/><REACH who="0" step="1"/><D9/><REACH who="0" ten="217,243,287,233" step="2"/><U96/><E118/><V1/><F102/><AGARI ba="0,2" hai="16,21,27,44,46,77,82,87,93,97,99,101,102,106" machi="102" ten="30,12000,2" yaku="1,1,2,1,7,1,52,2,54,1,53,1" doraHai="42" doraHaiUra="23" who="0" fromWho="2" sc="217,140,243,0,287,-120,233,0" /><INIT seed="2,0,0,1,2,103" ten="357,243,167,233" oya="2" hai0="4,28,70,83,6,53,133,27,23,66,38,26,39" hai1="51,2,112,116,81,118,63,31,127,15,65,69,67" hai2="21,123,111,115,44,80,32,129,13,47,19,61,90" hai3="105,52,124,76,126,121,107,54,135,18,64,25,41"/><V98/><F32/><W79/><G121/><T10/><D133/><U30/><E2/><V74/><F123/><W37/><G135/><T96/><D70/><U95/><E15/><V46/><F115/><W62/><G37/><T3/><D66/><U57/><E81/><V117/><F117/><W101/><G41/><T5/><D83/><U43/><E95/><V78/><F129/><W106/><G101/><T134/><D53/><N who="3" m="20585" /><G18/><T77/><D77/><U130/><E69/><V82/><F111/><W49/><G49/><T40/><D96/><U132/><E51/><V84/><F61/><W86/><G86/><T0/><D40/><U45/><E43/><V55/><F55/><W102/><G102/><T108/><D39/><U71/><E71/><V110/><F110/><W128/><G128/><T88/><D88/><U85/><E130/><V36/><F36/><W94/><G94/><T89/><D89/><U33/><E132/><V8/><REACH who="2" step="1"/><F98/><REACH who="2" ten="357,243,157,233" step="2"/><W24/><G62/><T56/><D38/><U125/><E63/><V97/><F97/><W16/><G64/><T104/><D108/><U7/><E33/><V29/><F29/><W100/><G100/><T120/><D134/><U109/><E109/><V12/><F12/><W99/><G99/><T60/><D120/><U119/><E112/><V114/><F114/><W131/><G131/><T72/><D60/><U9/><E116/><V35/><F35/><W58/><G58/><T50/><D56/><U75/><E57/><V22/><AGARI ba="0,1" hai="8,13,19,21,22,44,46,47,74,78,80,82,84,90" machi="22" ten="30,3000,0" yaku="1,1,0,1,53,0" doraHai="103" doraHaiUra="1" who="2" fromWho="2" sc="357,-10,243,-10,157,40,233,-10" /><INIT seed="2,1,0,5,3,83" ten="347,233,197,223" oya="2" hai0="67,112,6,87,104,119,22,15,111,18,1,39,130" hai1="93,34,108,37,25,33,31,59,14,60,105,53,7" hai2="45,24,44,43,91,76,132,48,99,58,57,52,62" hai3="70,89,28,117,120,35,73,125,106,135,114,42,118"/><V86/><F132/><W124/><RYUUKYOKU type="yao9" ba="1,0" sc="347,0,233,0,197,0,223,0" hai3="28,35,42,70,73,89,106,114,117,118,120,124,125,135" /><INIT seed="2,2,0,5,5,116" ten="347,233,197,223" oya="2" hai0="42,106,101,24,124,82,61,62,113,70,49,133,27" hai1="21,5,53,115,130,75,93,30,17,129,68,127,64" hai2="74,112,55,131,10,14,81,2,89,98,4,102,96" hai3="122,26,76,39,43,40,54,29,95,51,67,8,16"/><V78/><F112/><W58/><G122/><T0/><D133/><U117/><E117/><V86/><F131/><N who="1" m="50185" /><E75/><V84/><F2/><W94/><G39/><T118/><D124/><U71/><E5/><V47/><F102/><W77/><G67/><T114/><D113/><U100/><E30/><V99/><REACH who="2" step="1"/><F89/><REACH who="2" ten="347,233,187,223" step="2"/><W72/><G76/><T7/><D101/><U56/><E115/><V20/><F20/><W46/><G77/><T9/><D118/><U80/><E127/><V32/><F32/><W33/><G33/><T65/><D114/><U107/><E100/><V108/><F108/><W11/><G11/><T104/><D9/><U103/><E103/><V34/><F34/><W22/><G8/><T128/><D0/><U97/><E21/><V90/><F90/><W31/><G29/><T52/><D128/><U134/><E134/><V109/><F109/><W88/><G31/><T13/><D106/><U35/><E107/><V79/><F79/><W12/><G22/><T125/><D104/><U119/><E35/><V60/><F60/><W110/><G110/><T50/><D125/><U3/><E3/><V44/><F44/><W36/><G46/><T25/><D62/><U38/><E119/><V126/><F126/><W105/><G105/><T120/><D61/><U18/><E18/><V59/><F59/><W92/><G58/><T28/><D7/><U15/><E17/><V111/><F111/><W123/><G16/><T73/><D28/><U37/><E56/><V57/><F57/><W83/><G88/><T69/><D70/><U45/><E68/><V87/><F87/><RYUUKYOKU ba="2,1" sc="347,-10,233,-10,187,30,223,-10" hai2="4,10,14,47,55,74,78,81,84,86,96,98,99" /><INIT seed="2,3,1,4,0,4" ten="337,223,217,213" oya="2" hai0="5,135,34,77,93,49,54,58,94,112,0,64,71" hai1="124,105,85,66,25,68,28,35,36,119,56,98,14" hai2="104,107,109,113,15,95,63,45,57,132,89,127,108" hai3="62,90,21,12,123,61,22,40,26,131,121,11,110"/><V30/><F113/><W41/><G110/><N who="2" m="42601" /><F30/><W81/><G131/><T13/><D112/><U19/><E119/><V31/><F31/><N who="3" m="17871" /><G121/><T92/><D34/><U20/><E36/><V47/><F127/><W78/><G123/><T100/><D135/><U96/><E124/><V39/><F132/><W6/><G78/><T73/><D0/><U130/><E130/><V60/><F60/><N who="3" m="23147" /><G22/><T27/><D71/><U118/><E118/><V67/><F15/><W133/><G133/><T74/><D64/><U126/><E126/><V37/><F37/><W24/><G24/><T97/><D27/><U82/><E68/><V65/><F65/><W10/><G10/><N who="0" m="4303" /><D74/><U59/><E66/><V87/><F39/><W116/><G116/><T55/><D73/><U84/><E105/><AGARI ba="3,1" hai="45,47,57,63,67,87,89,95,104,105,107" m="42601" machi="105" ten="30,2900,0" yaku="14,1,10,1" doraHai="4" who="2" fromWho="1" sc="337,0,223,-38,217,48,213,0" /><INIT seed="2,4,0,3,4,87" ten="337,185,265,213" oya="2" hai0="73,99,129,113,21,43,37,17,95,114,79,107,77" hai1="88,58,91,62,84,69,41,27,78,85,57,47,45" hai2="54,66,51,125,128,72,5,20,118,0,11,98,102" hai3="38,81,126,36,18,67,90,1,96,135,15,89,33"/><V3/><F118/><W7/><G33/><T44/><D107/><U115/><E115/><V119/><F72/><W48/><G126/><T132/><D129/><U122/><E122/><V106/><F119/><W59/><G135/><T103/><D132/><U68/><E78/><V82/><F125/><W100/><G1/><T9/><D9/><U116/><E116/><V16/><F128/><W65/><G7/><T53/><D53/><U2/><E27/><V4/><F66/><N who="3" m="25099" /><G36/><T61/><D61/><U124/><E62/><V80/><F4/><W28/><G28/><T121/><D121/><U111/><E124/><V13/><REACH who="2" step="1"/><F0/><REACH who="2" ten="337,185,255,213" step="2"/><W63/><G38/><T76/><REACH who="0" step="1"/><D73/><REACH who="0" ten="327,185,255,213" step="2"/><U83/><E2/><V29/><F29/><W10/><G63/><T70/><D70/><U26/><E26/><AGARI ba="4,2" hai="17,21,26,37,43,44,76,77,79,95,99,103,113,114" machi="26" ten="40,1300,0" yaku="1,1,53,0" doraHai="87" doraHaiUra="127" who="0" fromWho="1" sc="327,45,185,-25,255,0,213,0" /><INIT seed="3,0,0,2,0,68" ten="372,160,255,213" oya="3" hai0="62,98,21,12,115,24,44,103,33,61,59,35,45" hai1="133,74,69,1,17,109,120,76,95,82,108,23,121" hai2="65,88,29,47,78,36,26,60,77,8,70,127,42" hai3="38,132,67,97,79,135,40,31,107,75,52,16,128"/><W9/><G128/><T91/><D115/><U72/><E69/><V25/><F127/><W34/><G67/><T43/><D91/><U0/><E95/><V56/><F25/><N who="3" m="18799" /><G75/><T85/><D85/><U86/><E23/><V64/><F8/><W6/><G79/><T118/><D118/><U124/><E86/><V10/><F10/><W89/><G6/><T30/><D12/><U116/><E17/><V49/><F65/><W32/><G32/><T19/><D45/><U22/><E22/><V102/><F102/><N who="3" m="62927" /><G89/><T131/><D131/><U7/><E7/><V105/><F105/><W66/><G66/><T113/><D113/><U122/><E116/><V39/><F88/><W73/><G73/><N who="1" m="28266" /><E76/><V93/><F93/><W11/><G52/><T90/><D90/><U83/><E133/><N who="3" m="51274" /><G16/><T27/><D35/><U87/><E87/><V101/><F101/><W51/><G51/><T71/><D59/><U55/><E55/><N who="2" m="31855" /><F78/><W123/><G123/><T63/><D71/><U41/><E41/><V126/><F77/><W99/><G99/><T125/><D125/><U134/><E124/><V54/><F126/><W2/><G2/><N who="1" m="1130" /><E134/><V14/><F54/><W28/><G28/><T106/><D63/><U112/><E112/><V104/><F104/><W92/><G92/><T18/><D18/><U5/><E5/><V3/><F3/><W15/><G15/><T84/><D84/><U50/><E50/><AGARI ba="0,0" hai="19,21,24,27,30,33,43,44,50,61,62,98,103,106" machi="50" ten="30,1000,0" yaku="7,1" doraHai="68" who="0" fromWho="1" sc="372,10,160,-10,255,0,213,0" /><INIT seed="4,0,0,4,5,45" ten="382,150,255,213" oya="0" hai0="41,52,86,68,32,43,7,15,48,97,44,5,26" hai1="66,30,28,22,94,88,59,16,23,84,10,96,62" hai2="70,89,71,106,127,108,54,126,37,64,56,76,83" hai3="103,121,74,109,100,27,65,13,77,0,128,50,49"/><T20/><D68/><U81/><E10/><V85/><F106/><W36/><G36/><T9/><D32/><U61/><E61/><V19/><F37/><W87/><G109/><T17/><D97/><U55/><E66/><V123/><F123/><W46/><G0/><T12/><D86/><U8/><E8/><AGARI ba="0,0" hai="5,7,8,9,12,15,17,20,26,41,43,44,48,52" machi="8" ten="40,12000,1" yaku="9,1,8,1,52,1,54,1" doraHai="45" who="0" fromWho="1" sc="382,120,150,-120,255,0,213,0" /><INIT seed="4,1,0,0,0,32" ten="502,30,255,213" oya="0" hai0="19,54,85,79,135,48,112,126,55,95,26,93,113" hai1="16,71,105,91,44,15,57,111,125,74,47,63,60" hai2="17,53,132,72,118,75,84,42,34,10,61,100,36" hai3="133,40,130,106,77,52,109,38,70,22,76,20,0"/><T14/><D135/><U122/><E111/><V30/><F100/><W86/><G109/><T83/><D126/><U41/><E122/><V110/><F110/><W114/><G133/><T28/><D26/><U127/><E105/><V7/><F118/><W58/><G130/><T104/><D28/><U131/><E74/><V59/><F132/><W88/><G106/><T37/><D37/><N who="1" m="21551" /><E131/><V46/><F17/><W25/><G70/><T97/><D104/><U82/><E91/><V43/><F43/><W119/><G119/><T27/><D27/><U117/><E82/><V23/><F34/><W24/><G114/><T50/><D50/><U64/><E117/><V56/><F56/><W45/><G0/><T68/><D68/><U9/><E47/><V92/><F23/><W39/><G39/><T35/><D35/><U129/><E129/><V128/><F30/><W6/><G6/><T8/><D95/><U11/><E63/><V107/><F107/><W89/><G89/><T90/><REACH who="0" step="1"/><D48/><REACH who="0" ten="492,30,255,213" step="2"/><U121/><E121/><V96/><F128/><W67/><G25/><T33/><D33/><U81/><E81/><V65/><F92/><N who="3" m="54295" /><G24/><T3/><D3/><U103/><E71/><V78/><F36/><W31/><G31/><T5/><D5/><U66/><E66/><V62/><F7/><W13/><G67/><T108/><D108/><U73/><E73/><V124/><F65/><W94/><G94/><T18/><D18/><U69/><E69/><V4/><F75/><W2/><G2/><T12/><D12/><U99/><E11/><V1/><F72/><W29/><G13/><RYUUKYOKU ba="1,1" sc="492,15,30,15,255,-15,213,-15" hai0="8,14,19,54,55,79,83,85,90,93,97,112,113" hai1="9,15,16,57,60,64,99,103,125,127" /><INIT seed="4,2,1,3,0,24" ten="507,45,240,198" oya="0" hai0="40,78,34,92,125,97,114,75,58,133,85,120,19" hai1="67,53,101,130,18,95,105,118,51,66,22,59,74" hai2="41,98,124,111,20,123,122,0,121,62,81,6,43" hai3="102,129,103,80,47,56,42,31,76,52,54,2,7"/><T63/><D120/><U13/><E118/><V10/><F111/><W109/><G109/><T126/><D40/><U84/><E130/><V45/><F124/><W39/><G129/><T93/><D34/><U68/><E74/><V99/><F62/><W61/><G2/><T131/><D19/><U104/><E68/><V17/><F81/><W23/><G7/><T127/><D58/><U117/><E117/><V37/><REACH who="2" step="1"/><F41/><REACH who="2" ten="507,45,230,198" step="2"/><W65/><G54/><T4/><D63/><U100/><E104/><V110/><F110/><W116/><G116/><T79/><D4/><U32/><E105/><V128/><F128/><W46/><G65/><N who="1" m="24586" /><E32/><V96/><F96/><W3/><G42/><T26/><D131/><U50/><E50/><V108/><F108/><W107/><G39/><T77/><D114/><U72/><E72/><V83/><F83/><W113/><G113/><T115/><D115/><U16/><E18/><V8/><F8/><W15/><G107/><T36/><D36/><U132/><E132/><V70/><F70/><W30/><G61/><T119/><D119/><U5/><E5/><V94/><F94/><W44/><G80/><T25/><D133/><U135/><E135/><V86/><F86/><W38/><G38/><T88/><D75/><U106/><E106/><V55/><F55/><W29/><G52/><T14/><REACH who="0" step="1"/><D14/><AGARI ba="2,2" hai="0,6,10,14,17,20,37,43,45,98,99,121,122,123" machi="14" ten="40,2600,0" yaku="1,1,53,1" doraHai="24" doraHaiUra="71" who="2" fromWho="0" sc="507,-32,45,0,230,52,198,0" /><INIT seed="5,0,0,4,1,30" ten="475,45,282,198" oya="1" hai0="104,35,31,25,48,66,83,47,67,80,113,18,42" hai1="96,23,60,43,72,19,121,71,88,119,9,94,51" hai2="49,99,87,109,34,26,103,65,59,36,82,90,32" hai3="41,102,44,92,8,14,129,63,110,131,128,79,53"/><U56/><E72/><V16/><F36/><N who="3" m="21543" /><G110/><T12/><D104/><U3/><E121/><V1/><F1/><W127/><G127/><T120/><D120/><U54/><E119/><V123/><F123/><W29/><G79/><T46/><D113/><U118/><E118/><V58/><F109/><W98/><G29/><T70/><D70/><U33/><E33/><V84/><F84/><W64/><G53/><T7/><D7/><U112/><E112/><V77/><F77/><W95/><G63/><T117/><D117/><U39/><E9/><V21/><F59/><W133/><G133/><T17/><D17/><U52/><E3/><V114/><F114/><W22/><G22/><T93/><D93/><U106/><E106/><V91/><F91/><W24/><G24/><T6/><D6/><U124/><E124/><V75/><F75/><W101/><G64/><T69/><D69/><U122/><E122/><V76/><F76/><W62/><G62/><T37/><D83/><U28/><E28/><V55/><REACH who="2" step="1"/><F65/><REACH who="2" ten="475,45,272,198" step="2"/><W105/><G101/><T125/><D125/><U97/><E97/><V134/><F134/><W27/><G98/><T132/><D132/><U20/><E54/><V85/><F85/><W107/><G102/><T13/><D80/><U57/><E57/><V2/><F2/><W11/><G128/><T0/><D0/><U68/><E68/><V115/><F115/><W100/><G131/><T38/><D67/><N who="1" m="41447" /><E19/><V74/><F74/><W4/><G129/><T10/><D66/><U40/><E39/><N who="0" m="14857" /><D46/><U130/><E130/><V135/><F135/><W86/><G86/><RYUUKYOKU ba="0,1" sc="475,10,45,10,272,10,198,-30" hai0="10,12,13,18,25,31,35,42,47,48" hai1="20,23,40,43,51,52,56,88,94,96" hai2="16,21,26,32,34,49,55,58,82,87,90,99,103" /><INIT seed="5,1,1,5,5,73" ten="485,55,282,168" oya="1" hai0="133,119,34,102,59,127,50,10,128,62,83,60,114" hai1="63,71,56,112,70,89,11,53,85,135,55,110,22" hai2="126,41,66,120,25,88,111,92,28,84,31,16,107" hai3="18,1,109,95,51,130,58,24,134,82,105,106,43"/><U52/><E110/><V64/><F107/><W65/><G109/><T81/><D102/><U49/><E135/><V93/><F111/><W15/><G1/><T57/><D10/><U29/><E112/><V108/><F120/><W26/><G134/><T104/><D50/><U20/><E11/><V122/><F122/><W21/><G130/><T61/><D104/><U8/><E8/><V67/><F126/><W115/><G115/><T68/><D34/><U54/><E70/><V101/><F108/><W6/><G105/><T87/><D87/><U14/><E71/><V74/><F74/><W0/><G106/><T23/><D23/><U46/><E14/><V42/><F101/><W94/><G0/><T75/><D75/><U30/><E22/><N who="2" m="13511" /><F92/><N who="3" m="35371" /><G82/><T39/><D39/><U97/><E97/><V69/><F69/><W77/><G77/><T35/><D35/><U90/><E20/><V96/><F96/><W40/><G6/><T19/><D68/><U2/><E2/><V45/><F45/><N who="3" m="26023" /><G43/><AGARI ba="1,1" hai="28,31,41,42,43,64,66,67,84,88,93" m="13511" machi="43" ten="30,3900,0" yaku="8,1,54,2" doraHai="73" who="2" fromWho="3" sc="485,0,55,0,282,52,168,-42" /><INIT seed="6,0,0,5,3,65" ten="485,55,334,126" oya="2" hai0="91,10,0,38,5,123,95,108,116,30,119,27,40" hai1="101,54,86,78,42,19,49,18,32,80,50,56,88" hai2="102,48,16,129,87,135,36,128,72,97,125,6,22" hai3="93,106,122,8,60,17,39,23,81,62,96,34,114"/><V100/><F36/><W82/><G114/><T110/><D91/><U118/><E32/><V103/><F72/><W115/><G115/><T3/><D95/><U74/><E118/><N who="0" m="45097" /><D40/><U7/><E101/><V113/><F6/><W83/><G122/><T77/><D38/><U89/><E7/><V130/><F113/><W11/><G34/><N who="0" m="20831" /><D77/><U76/><E89/><V13/><F125/><W92/><G106/><T46/><D46/><U120/><E120/><V53/><F135/><W98/><G39/><T134/><D123/><U107/><E107/><V15/><F87/><W85/><G85/><T1/><D134/><U2/><E2/><AGARI ba="0,0" hai="0,1,2,3,5,10,108,110" m="20831,45097" machi="2" ten="40,8000,1" yaku="12,1,23,1,34,2" doraHai="65" who="0" fromWho="1" sc="485,80,55,-80,334,0,126,0" owari="565,67.0,-25,-53.0,334,13.0,126,-27.0" /></mjloggm>