<mjloggm ver="2.3"><GO type="97" lobby="0"/><UN n0="%72%69%6E%39%36%39%31" n1="%49%4E%54%45%52%31%31" n2="%E3%83%88%E3%83%88%E3%83%AA%E5%85%88%E7%94%9F%31%39%E6%AD%B3" n3="%6B%6B%6B%31%34%31%32%78" dan="14,13,13,13" rate="1996.19,1847.97,2036.30,1820.09" sx="M,M,F,M"/><TAIKYOKU oya="0"/><INIT seed="0,0,0,0,1,135" ten="250,250,250,250" oya="0" hai0="18,57,2,54,132,16,62,38,100,67,88,15,111" hai1="106,39,128,19,7,85,105,58,122,45,32,8,104" hai2="108,1,5,90,61,26,56,121,129,110,102,65,126" hai3="117,76,12,75,96,34,60,94,47,49,25,48,23"/><T131/><D2/><U123/><E32/><V0/><F121/><W112/><G34/><T53/><D38/><U127/><E128/><V69/><F129/><W78/><G117/><T55/><D131/><U13/><E123/><V79/><F102/><W89/><G112/><T81/><D132/><U40/><E122/><V84/><F79/><W119/><G119/><T115/><D115/><U73/><E73/><V43/><F43/><W114/><G114/><T6/><D100/><U99/><E99/><V113/><F113/><W80/><G60/><T98/><D111/><N who="2" m="42538" /><F26/><W9/><G78/><T30/><D30/><U116/><E116/><V93/><F126/><W97/><G97/><T59/><D59/><U70/><E70/><V103/><F103/><W124/><G124/><T3/><D3/><N who="2" m="1098" /><F5/><W28/><REACH who="3" step="1"/><G47/><REACH who="3" ten="250,250,250,240" step="2"/><T41/><D98/><U68/><E127/><V31/><F69/><W20/><G20/><T118/><D118/><U17/><E106/><V92/><F31/><W21/><G21/><T63/><D63/><U50/><E105/><V74/><F74/><W107/><G107/><T134/><D134/><U72/><E104/><V24/><F24/><W37/><G37/><T82/><D62/><U14/><E72/><V44/><F44/><W29/><G29/><T22/><D22/><U46/><E39/><V36/><F36/><W120/><G120/><T51/><D67/><U86/><E46/><V125/><F125/><W64/><G64/><T10/><D57/><U130/><E130/><V101/><F101/><W95/><G95/><AGARI ba="0,1" hai="56,61,65,84,90,92,93,95" m="1098,42538" machi="95" ten="30,1000,0" yaku="14,1" doraHai="135" who="2" fromWho="3" sc="250,0,250,0,250,20,240,-10" /><INIT seed="1,0,0,1,4,35" ten="250,250,270,230" oya="1" hai0="60,64,29,133,15,13,116,121,113,130,87,41,83" hai1="80,61,110,79,67,74,23,68,18,75,118,81,31" hai2="97,109,98,37,24,9,53,82,86,135,100,122,12" hai3="107,28,48,71,134,111,14,5,69,42,34,127,66"/><U102/><E118/><V44/><F122/><W119/><G107/><T65/><D116/><U54/><E31/><V105/><F109/><W85/><G119/><T49/><D121/><U120/><E120/><V78/><F135/><W70/><G134/><T91/><D113/><U112/><E112/><V125/><F125/><W132/><G132/><T77/><D133/><U50/><E102/><V21/><F97/><W62/><G111/><T36/><D36/><U93/><E93/><V124/><F124/><W55/><G127/><T30/><D130/><U45/><E110/><V73/><F37/><W27/><G85/><T131/><D91/><U115/><E115/><V89/><F53/><W108/><G108/><T0/><D0/><U128/><E128/><V46/><F21/><W92/><G92/><T90/><D90/><U101/><E101/><V51/><F51/><W106/><G106/><T96/><D96/><U56/><E81/><V19/><F24/><W6/><G42/><T95/><D95/><AGARI ba="0,0" hai="9,12,19,44,46,73,78,82,86,89,95,98,100,105" machi="95" ten="30,3900,0" yaku="7,1,24,2" doraHai="35" who="2" fromWho="0" sc="250,-39,250,0,270,39,230,0" /><INIT seed="2,0,0,5,4,30" ten="211,250,309,230" oya="2" hai0="135,47,118,68,29,27,0,48,131,121,101,88,119" hai1="39,134,74,16,6,132,92,3,126,110,56,117,32" hai2="123,14,28,40,69,133,77,31,108,12,114,78,128" hai3="20,53,4,5,67,115,100,104,120,89,79,8,112"/><V25/><F114/><W85/><G120/><T87/><D68/><U62/><E117/><N who="0" m="44553" /><D121/><U34/><E39/><V42/><F123/><W82/><G67/><T93/><D0/><U61/><E74/><V41/><F69/><W111/><G111/><T13/><D13/><N who="2" m="5226" /><F128/><W1/><G5/><T49/><D131/><U23/><E110/><V7/><F108/><W52/><G20/><T26/><D26/><N who="1" m="14695" /><E126/><V60/><F133/><N who="1" m="51305" /><E92/><V98/><F7/><W125/><G125/><T51/><D101/><U107/><E107/><V80/><F25/><W45/><G45/><T91/><D91/><U2/><E62/><V58/><F98/><W81/><G104/><T44/><D135/><U24/><E24/><V86/><F78/><W57/><G100/><T54/><D47/><U19/><E19/><V65/><AGARI ba="0,0" hai="28,31,40,41,42,58,60,65,77,80,86" m="5226" machi="65" ten="30,1500,0" yaku="8,1" doraHai="30" who="2" fromWho="2" sc="211,-5,250,-5,309,15,230,-5" /><INIT seed="2,1,0,4,2,131" ten="206,245,324,225" oya="2" hai0="74,8,53,135,7,92,115,2,12,100,82,120,30" hai1="110,67,38,114,107,14,116,72,81,83,64,66,113" hai2="43,63,34,28,105,32,22,86,57,17,117,10,58" hai3="124,41,103,56,15,96,79,11,70,29,51,40,44"/><V37/><F117/><W20/><G70/><T93/><D120/><U88/><E116/><V119/><F119/><W80/><G124/><T6/><D115/><U94/><E107/><V5/><F105/><W16/><G56/><T78/><D30/><U65/><E38/><V54/><F28/><W95/><G29/><T23/><D100/><U126/><E126/><V106/><F106/><W35/><G35/><T121/><D121/><U3/><E3/><V47/><F86/><W77/><G41/><T129/><D129/><U85/><E72/><V31/><F31/><W1/><REACH who="3" step="1"/><G80/><REACH who="3" ten="206,245,324,215" step="2"/><T97/><D2/><U69/><E69/><V46/><F58/><W4/><AGARI ba="1,1" hai="1,4,11,15,16,20,40,44,51,77,79,95,96,103" machi="4" ten="30,7900,0" yaku="1,1,2,1,0,1,54,1,53,0" doraHai="131" doraHaiUra="50" who="3" fromWho="3" sc="206,-21,245,-21,324,-40,215,92" /><INIT seed="3,0,0,5,3,75" ten="185,224,284,307" oya="3" hai0="34,101,46,53,126,70,88,81,4,30,86,74,48" hai1="89,105,100,39,84,94,69,109,73,131,102,23,123" hai2="135,22,119,26,129,59,95,37,5,8,58,134,29" hai3="133,2,110,3,51,71,52,63,47,111,96,61,25"/><W0/><G133/><N who="2" m="50697" /><F119/><W35/><G71/><T120/><D70/><U77/><E39/><V16/><F37/><W44/><G96/><T124/><D120/><U68/><E123/><V36/><F36/><W99/><G99/><T54/><D101/><U97/><E131/><V127/><F129/><W91/><G91/><T83/><D4/><U82/><E100/><V122/><F122/><W14/><G14/><T92/><D30/><U128/><E128/><V112/><F112/><W132/><G47/><T90/><D34/><U114/><E114/><V31/><F95/><W57/><G132/><T41/><D90/><U79/><E79/><V56/><F127/><N who="0" m="48682" /><D83/><U65/><E109/><N who="3" m="41482" /><G57/><N who="2" m="14593" /><V98/><DORA hai="130" /><F98/><W45/><G45/><T11/><D11/><U9/><E65/><V66/><F66/><W33/><G25/><T118/><D118/><U87/><E87/><V55/><F55/><W85/><G85/><T24/><D24/><U115/><E115/><V7/><F7/><W60/><AGARI ba="0,0" hai="0,2,3,33,35,44,51,52,60,61,63" m="41482" machi="60" ten="40,7800,0" yaku="14,1,10,1,54,1" doraHai="75,130" who="3" fromWho="3" sc="185,-26,224,-26,284,-26,307,78" owari="159,-34.0,198,-20.0,258,6.0,385,48.0" /></mjloggm>