<mjloggm ver="2.3"><GO type="41" lobby="0"/><UN n0="%E5%B0%B1%E6%B4%BB%E7%94%9F%40%E5%B7%9D%E6%9D%91%E8%BB%8D%E5%9B%A3" n1="%E3%83%AD%E3%83%81%E3%82%B3" n2="%E5%B7%9D%E6%9D%91%EF%BC%A0%41%56%E8%A6%B3%E8%B3%9E%E4%B8%AD" n3="%64%61%69%64%61%6F%72%65" dan="17,13,15,14" rate="2142.19,1887.45,1967.00,1889.26" sx="M,F,M,M"/><TAIKYOKU oya="0"/><INIT seed="0,0,0,3,4,76" ten="250,250,250,250" oya="0" hai0="113,121,87,99,85,10,37,53,79,125,18,65,44" hai1="89,6,83,73,130,135,34,48,120,0,67,21,58" hai2="31,132,91,112,119,88,77,68,16,22,11,117,104" hai3="69,45,123,17,57,54,40,60,128,5,127,24,131"/><T15/><D113/><U94/><E34/><V42/><F112/><W62/><G127/><T14/><D121/><U102/><E120/><V56/><F68/><W84/><G5/><T70/><D125/><U36/><E36/><V126/><F126/><W101/><G101/><T47/><D99/><U96/><E135/><V59/><F104/><W103/><G103/><T55/><D70/><U97/><E130/><N who="3" m="49706" /><G123/><T106/><D106/><U9/><E21/><V71/><F71/><W105/><G105/><T114/><D65/><U107/><E67/><V25/><F132/><W100/><G100/><T122/><D122/><U124/><E124/><V2/><F42/><W95/><G62/><T35/><D35/><U19/><E19/><V46/><F46/><N who="0" m="17450" /><D37/><U1/><E48/><V27/><F77/><W78/><G69/><T115/><D115/><U8/><E58/><N who="2" m="22059" /><F2/><W41/><G45/><T90/><D114/><U92/><E107/><V13/><F27/><W116/><G116/><AGARI ba="0,0" hai="11,13,16,22,25,31,88,91,116,117,119" m="22059" machi="116" ten="30,3900,0" yaku="12,1,54,2" doraHai="76" who="2" fromWho="3" sc="250,0,250,0,250,39,250,-39" /><INIT seed="1,0,0,0,1,104" ten="250,250,289,211" oya="1" hai0="19,74,22,58,128,31,71,34,6,20,123,100,23" hai1="9,75,95,11,52,132,126,116,42,127,129,25,133" hai2="121,98,68,5,54,107,109,43,110,14,27,12,40" hai3="2,135,21,79,83,28,101,122,112,89,61,76,26"/><U0/><E42/><V108/><F121/><W56/><G122/><T111/><D71/><U53/><E116/><V96/><F68/><W125/><G112/><T65/><D123/><U105/><E105/><V106/><F27/><W37/><G135/><N who="1" m="51786" /><E95/><V38/><F54/><N who="1" m="21097" /><E129/><V87/><F87/><W24/><G101/><T80/><D100/><U120/><E120/><V91/><F106/><W94/><G2/><T59/><D111/><U117/><E117/><V4/><F107/><W57/><G37/><T17/><D128/><U60/><E60/><V82/><F38/><W47/><G61/><T16/><D65/><U130/><E130/><V70/><F70/><W35/><G83/><T131/><D131/><U114/><E114/><V134/><F134/><W119/><G119/><T81/><D81/><U73/><E25/><V77/><F82/><W49/><G94/><T13/><D34/><U85/><E85/><V97/><F43/><W63/><G63/><T7/><D31/><U48/><E48/><V93/><F40/><W55/><G26/><T33/><D33/><U29/><E29/><V41/><F41/><W72/><G35/><T44/><D44/><U45/><E45/><V113/><F113/><W118/><G118/><T92/><D92/><U124/><E0/><V32/><F93/><W90/><G28/><T50/><D50/><U10/><AGARI ba="0,0" hai="9,10,11,73,75,124,126,127" m="21097,51786" machi="10" ten="40,18000,2" yaku="28,2,18,1,20,1,52,2,54,1" doraHai="104" who="1" fromWho="1" sc="250,-60,250,180,289,-60,211,-60" /><INIT seed="1,1,0,4,4,28" ten="190,430,229,151" oya="1" hai0="13,106,77,99,71,29,102,38,11,51,75,7,62" hai1="1,57,36,2,82,107,83,81,95,132,15,25,34" hai2="104,48,8,73,123,105,6,87,128,54,55,35,98" hai3="27,31,49,122,103,121,3,43,24,109,20,60,130"/><U61/><E36/><V117/><F117/><W18/><G109/><T37/><D51/><U14/><E107/><V125/><F73/><W40/><G130/><T115/><D115/><U79/><E132/><V12/><F123/><W22/><G3/><T58/><D71/><U16/><E79/><V19/><F128/><W52/><G103/><T84/><D75/><U69/><E69/><V30/><F125/><W42/><REACH who="3" step="1"/><G60/><REACH who="3" ten="190,430,229,141" step="2"/><T53/><D38/><U94/><E2/><V85/><F104/><W101/><G101/><T74/><D37/><U50/><E1/><V80/><F105/><W110/><G110/><T33/><D74/><U114/><E114/><V41/><F48/><W113/><G113/><T135/><D135/><U17/><E50/><V23/><F41/><W120/><G120/><T39/><D39/><U91/><E61/><V66/><F98/><W68/><G68/><T97/><D99/><U89/><E57/><AGARI ba="1,1" hai="18,20,22,24,27,31,40,42,43,49,52,57,121,122" machi="57" ten="40,2600,0" yaku="1,1,54,1,53,0" doraHai="28" doraHaiUra="134" who="3" fromWho="1" sc="190,0,430,-29,229,0,141,39" /><INIT seed="2,0,0,0,1,98" ten="190,401,229,180" oya="2" hai0="58,47,3,63,113,36,122,31,18,88,116,74,85" hai1="69,67,93,84,37,45,1,114,95,118,5,78,91" hai2="94,56,33,131,26,71,6,81,132,2,19,124,130" hai3="52,38,119,80,15,48,65,83,90,79,49,12,14"/><V101/><F71/><W107/><G38/><T44/><D74/><U117/><E114/><V20/><F132/><W22/><G119/><T134/><D113/><U125/><E78/><V97/><F124/><W106/><G65/><T100/><D122/><U121/><E67/><V129/><F81/><W68/><G68/><T70/><D70/><U120/><E69/><V76/><F76/><W41/><G41/><T43/><D3/><U115/><E5/><V104/><F104/><W32/><G32/><T105/><D134/><U102/><E1/><V46/><F46/><W11/><G22/><T60/><D116/><N who="1" m="44651" /><E37/><V127/><F127/><W82/><G11/><T62/><D31/><U72/><E72/><V128/><F128/><W111/><G111/><T28/><D28/><U39/><E39/><V133/><F133/><W64/><G64/><T25/><D47/><U57/><E57/><V73/><F73/><W99/><G79/><T50/><D36/><U54/><E125/><V123/><F123/><W55/><G48/><T103/><D105/><U8/><E45/><V7/><F56/><W16/><G55/><T75/><D75/><U126/><E126/><V51/><F51/><W17/><G107/><T0/><D0/><U59/><E59/><V24/><F2/><W112/><G112/><T109/><D58/><U9/><E54/><V89/><F33/><W77/><G52/><T29/><D109/><U135/><E115/><V42/><F42/><W21/><G49/><T87/><D29/><U10/><E135/><V27/><F7/><W13/><G77/><T4/><D4/><RYUUKYOKU ba="0,0" sc="190,-10,401,30,229,-10,180,-10" hai1="8,9,10,84,91,93,95,102,120,121" /><INIT seed="3,1,0,3,0,64" ten="180,431,219,170" oya="3" hai0="79,65,55,14,75,104,29,10,134,0,54,98,2" hai1="16,31,94,115,109,57,72,83,122,73,49,26,76" hai2="80,5,12,93,91,23,68,3,131,56,96,118,71" hai3="27,113,95,43,45,108,88,37,46,106,61,7,9"/><W18/><G113/><T78/><D29/><U17/><E115/><V97/><F118/><W22/><G106/><T119/><D119/><U85/><E109/><V28/><F3/><W62/><G46/><T34/><D34/><U41/><E73/><V117/><F117/><W48/><G37/><T87/><D75/><U20/><E122/><V125/><F125/><W19/><G19/><T111/><D65/><U101/><E72/><V11/><F131/><W92/><G92/><T133/><D111/><U25/><E25/><V105/><F56/><W59/><G59/><T67/><D67/><U84/><E57/><V30/><F105/><W130/><G130/><T114/><D114/><U6/><E6/><V1/><F80/><W35/><G35/><T24/><D24/><U33/><E33/><V77/><F77/><W21/><G21/><T127/><D127/><U74/><E74/><V129/><F129/><W38/><G38/><T50/><D98/><N who="1" m="59607" /><E85/><V100/><F1/><W53/><G43/><T89/><D104/><U60/><E60/><V126/><F126/><W69/><G69/><T107/><D107/><U36/><E36/><V124/><F124/><W47/><G47/><AGARI ba="1,0" hai="16,17,20,26,31,41,47,49,76,83,84" m="59607" machi="47" ten="30,2000,0" yaku="8,1,54,1" doraHai="64" who="1" fromWho="3" sc="180,0,431,23,219,0,170,-23" /><INIT seed="4,0,0,1,1,1" ten="180,454,219,147" oya="0" hai0="64,56,16,52,115,15,39,20,10,78,72,83,6" hai1="8,5,110,59,99,2,62,4,18,135,46,98,118" hai2="97,47,57,12,66,42,101,108,38,106,17,122,29" hai3="84,127,92,125,35,130,44,60,21,102,13,124,96"/><T19/><D39/><U117/><E110/><V86/><F108/><W105/><G130/><T22/><D115/><U69/><E69/><V51/><F122/><W45/><G35/><T128/><D128/><U132/><E5/><V104/><F29/><W93/><G60/><T49/><D64/><U74/><E74/><V121/><F121/><W70/><G70/><T85/><D72/><U61/><E18/><AGARI ba="0,0" hai="6,10,15,16,18,19,20,22,49,52,56,78,83,85" machi="18" ten="40,12000,1" yaku="8,1,52,1,54,2" doraHai="1" who="0" fromWho="1" sc="180,120,454,-120,219,0,147,0" /><INIT seed="4,1,0,3,4,23" ten="300,334,219,147" oya="0" hai0="54,133,122,67,88,31,52,47,8,109,79,98,41" hai1="29,19,61,87,100,111,119,58,1,130,123,26,69" hai2="42,64,49,6,72,118,0,127,91,10,33,105,56" hai3="108,135,9,89,16,3,114,101,48,46,51,117,73"/><T39/><D122/><U27/><E123/><V110/><F110/><W132/><G108/><T5/><D79/><U85/><E111/><V38/><F127/><W82/><G117/><T84/><D133/><N who="3" m="51273" /><G101/><T66/><D109/><U18/><E69/><V95/><F105/><W7/><G114/><T107/><D31/><U25/><E1/><V103/><F103/><W68/><G68/><T80/><D107/><U32/><E100/><V131/><F72/><W76/><G46/><T30/><D30/><U43/><E130/><V116/><F131/><W44/><G44/><T50/><D98/><U70/><E70/><V45/><F33/><W94/><G16/><N who="1" m="6186" /><E32/><V63/><REACH who="2" step="1"/><F38/><REACH who="2" ten="300,334,209,147" step="2"/><W65/><G73/><T75/><D75/><U126/><E126/><V112/><F112/><W134/><G134/><T115/><D115/><U121/><E121/><V62/><F62/><W128/><G128/><T40/><D39/><U22/><E119/><V129/><F129/><W11/><G7/><T74/><D74/><U77/><E85/><AGARI ba="1,1" hai="0,6,10,42,45,49,56,63,64,85,91,95,116,118" machi="85" ten="40,1300,0" yaku="1,1,53,0" doraHai="23" doraHaiUra="17" who="2" fromWho="1" sc="300,0,334,-16,209,26,147,0" /><INIT seed="5,0,0,3,3,123" ten="300,318,235,147" oya="1" hai0="34,91,90,118,134,59,111,15,65,39,75,28,27" hai1="135,32,93,52,55,17,86,94,72,44,24,73,110" hai2="25,79,67,1,35,104,121,16,116,102,130,129,68" hai3="9,83,40,58,45,13,113,4,53,19,127,84,97"/><U122/><E122/><V41/><F121/><W133/><G113/><T74/><D39/><U63/><E135/><V108/><F116/><W14/><G133/><T109/><D134/><U48/><E110/><V49/><F1/><W124/><G97/><T131/><D118/><U6/><E6/><V103/><F79/><W101/><G101/><T11/><D131/><N who="2" m="50186" /><F108/><W8/><G40/><T10/><D75/><U36/><E36/><V46/><F104/><W60/><G127/><T0/><D74/><U92/><E63/><N who="2" m="40063" /><F35/><W89/><G124/><T82/><D0/><U114/><E114/><V120/><F120/><W81/><REACH who="3" step="1"/><G45/><REACH who="3" ten="300,318,235,137" step="2"/><T100/><D100/><U95/><E32/><V76/><F103/><W98/><G98/><T37/><D37/><U22/><E72/><V3/><F102/><W23/><G23/><T57/><D34/><U31/><E73/><V96/><F96/><W47/><G47/><T43/><D43/><N who="1" m="24607" /><E31/><V12/><F46/><W64/><G64/><T56/><D28/><U132/><E132/><V128/><F41/><W71/><G71/><T18/><D65/><U115/><E115/><V38/><F128/><W77/><G77/><T51/><D109/><U29/><E29/><V33/><F76/><W20/><G20/><N who="0" m="13719" /><D111/><U62/><E22/><V2/><F33/><W85/><G85/><N who="0" m="50487" /><D11/><U7/><E86/><V117/><F117/><W50/><G50/><T30/><D91/><U78/><E78/><V106/><F38/><W21/><G21/><T26/><D51/><U54/><E62/><V119/><F119/><W69/><G69/><T125/><D125/><RYUUKYOKU ba="0,1" sc="300,-10,318,-10,235,-10,137,30" hai3="4,8,9,13,14,19,53,58,60,81,83,84,89" /><INIT seed="6,1,1,0,4,34" ten="290,308,225,167" oya="2" hai0="75,61,117,27,73,101,20,85,10,84,112,39,128" hai1="35,13,126,88,21,47,100,133,36,19,74,11,121" hai2="89,98,109,115,58,44,53,63,91,7,93,134,29" hai3="69,129,72,107,83,67,96,108,48,114,40,110,15"/><V132/><F115/><W70/><G129/><T41/><D128/><U87/><E74/><V82/><F109/><W38/><G38/><T16/><D112/><U102/><E35/><V12/><F29/><W62/><G114/><T113/><D113/><U118/><E118/><V119/><F119/><W122/><G122/><T86/><D117/><U66/><E66/><V131/><F131/><W45/><G70/><T99/><D61/><U105/><E105/><V120/><F120/><W106/><G15/><T77/><D77/><U97/><E121/><V8/><F44/><W42/><G42/><T60/><D60/><U104/><E100/><V124/><F124/><W65/><G65/><T95/><REACH who="0" step="1"/><D10/><REACH who="0" ten="280,308,225,167" step="2"/><U59/><E126/><V23/><F134/><W43/><G62/><T30/><D30/><U4/><E133/><V111/><F132/><W0/><G110/><T127/><D127/><U94/><E47/><AGARI ba="1,2" hai="16,20,27,39,41,47,73,75,84,85,86,95,99,101" machi="47" ten="40,2600,0" yaku="1,1,54,1,53,0" doraHai="34" doraHaiUra="79" who="0" fromWho="1" sc="280,49,308,-29,225,0,167,0" /><INIT seed="7,0,0,0,3,105" ten="329,279,225,167" oya="3" hai0="26,33,122,71,108,111,4,116,60,93,35,97,50" hai1="58,59,89,117,107,21,86,3,79,45,130,72,28" hai2="126,31,69,112,22,23,5,67,74,77,53,100,46" hai3="101,7,92,36,106,73,131,98,27,64,52,81,16"/><W78/><G131/><T80/><D122/><U123/><E3/><V68/><F5/><W56/><G36/><T29/><D116/><U85/><E123/><V96/><F112/><W104/><G7/><T118/><D118/><U8/><E117/><V109/><F109/><W37/><G64/><T41/><D35/><U84/><E130/><V134/><F126/><W113/><G37/><T12/><D71/><U38/><E8/><V48/><F134/><W128/><G113/><T63/><D80/><U120/><E120/><V121/><F121/><W10/><G128/><T102/><D60/><U82/><E107/><V110/><F110/><W54/><G54/><T18/><D4/><U57/><E38/><V127/><F127/><W9/><G9/><T11/><D63/><U133/><E45/><V88/><F67/><W115/><G115/><T6/><D41/><U124/><E124/><V40/><F40/><W47/><G47/><T51/><D108/><U114/><E133/><V90/><F23/><W91/><G101/><T39/><D39/><U30/><E114/><V34/><F34/><W70/><G70/><T14/><D111/><U19/><REACH who="1" step="1"/><E89/><REACH who="1" ten="329,269,225,167" step="2"/><V99/><F90/><W65/><G65/><T49/><D49/><U24/><AGARI ba="0,1" hai="19,21,24,28,30,57,58,59,72,79,82,84,85,86" machi="24" ten="30,7900,0" yaku="1,1,2,1,0,1,52,1,53,0" doraHai="105" doraHaiUra="87" who="1" fromWho="1" sc="329,-20,269,89,225,-20,167,-39" owari="309,11.0,358,45.0,205,-19.0,128,-37.0" /></mjloggm>