<mjloggm ver="2.3"><GO type="41" lobby="0"/><UN n0="%E3%82%AA%E3%83%81%E3%83%A3%E3%83%83%E3%82%AD%E3%83%BC" n1="%E5%B0%B1%E6%B4%BB%E7%94%9F%40%E5%B7%9D%E6%9D%91%E8%BB%8D%E5%9B%A3" n2="%52%6F%6D%6F%39%39%39%39" n3="%E3%82%8F%E3%81%9F%E5%9D%8A" dan="14,15,14,16" rate="1944.40,2085.92,1914.81,2049.89" sx="M,M,M,M"/><TAIKYOKU oya="0"/><INIT seed="0,0,0,5,3,57" ten="250,250,250,250" oya="0" hai0="48,113,38,55,130,20,95,16,29,65,71,62,82" hai1="83,104,128,132,123,98,87,96,118,111,85,12,89" hai2="117,47,79,108,127,61,99,3,9,63,31,112,119" hai3="114,7,49,30,88,43,76,8,22,74,1,25,125"/><T15/><D113/><U94/><E123/><V69/><F112/><W122/><G114/><T84/><D38/><U11/><E118/><N who="2" m="45067" /><F69/><W13/><G122/><T4/><D130/><U50/><E128/><V6/><F79/><W135/><G135/><T19/><D29/><U80/><E132/><V5/><F108/><W44/><G125/><T35/><D35/><U37/><E37/><V64/><F64/><W77/><G74/><T17/><D4/><U129/><E111/><V134/><F127/><W33/><REACH who="3" step="1"/><G88/><REACH who="3" ten="250,250,250,240" step="2"/><T45/><REACH who="0" step="1"/><D95/><REACH who="0" ten="240,250,250,240" step="2"/><U105/><E94/><V106/><F134/><W0/><G0/><T66/><D66/><U110/><E110/><V97/><F106/><W26/><G26/><T115/><D115/><U124/><E105/><V78/><F6/><W103/><G103/><T73/><D73/><U14/><E104/><V120/><F120/><W52/><G52/><T34/><D34/><U18/><E124/><V51/><F31/><W91/><G91/><AGARI ba="0,2" hai="15,16,17,19,20,45,48,55,62,65,71,82,84,91" machi="91" ten="30,11600,0" yaku="1,1,7,1,52,1,54,1,53,0" doraHai="57" doraHaiUra="116" who="0" fromWho="3" sc="240,136,250,0,250,0,240,-116" /><INIT seed="0,1,0,2,5,5" ten="376,250,250,124" oya="0" hai0="30,19,17,58,18,29,124,126,59,25,114,8,125" hai1="45,88,86,50,14,111,61,116,36,42,113,87,122" hai2="63,134,46,2,47,65,10,52,40,91,3,62,103" hai3="76,78,60,24,121,100,97,32,37,110,28,132,70"/><T85/><D114/><U48/><E116/><V117/><F103/><W115/><G110/><T127/><D85/><U129/><E111/><V39/><F117/><W54/><G115/><T7/><N who="0" m="32256" /><DORA hai="123" /><T105/><D105/><U64/><E122/><V120/><F120/><W35/><G121/><T21/><REACH who="0" step="1"/><D30/><REACH who="0" ten="366,250,250,124" step="2"/><U15/><E87/><V75/><F75/><W95/><G28/><T72/><D72/><U106/><E106/><V67/><F134/><W102/><G132/><T128/><D128/><U49/><E129/><V57/><F91/><W26/><G100/><T31/><D31/><U51/><N who="1" m="12800" /><DORA hai="83" /><U13/><E113/><V66/><F46/><W84/><G102/><T74/><D74/><U107/><E107/><V89/><F89/><W108/><G84/><T69/><D69/><U79/><E79/><V96/><F96/><W94/><G70/><T11/><D11/><U55/><E88/><V20/><F10/><W71/><G97/><T0/><AGARI ba="1,1" hai="0,7,8,17,18,19,21,25,29,58,59" m="32256" machi="0" ten="60,24000,3" yaku="1,1,0,1,18,1,52,1,53,5" doraHai="5,123,83" doraHaiUra="34,133,112" who="0" fromWho="0" sc="366,253,250,-81,250,-81,124,-81" /><INIT seed="0,2,0,1,3,128" ten="619,169,169,43" oya="0" hai0="107,91,53,46,48,111,30,131,57,103,135,97,55" hai1="88,64,102,59,33,98,23,94,120,118,20,106,132" hai2="89,80,75,72,123,58,101,42,121,68,6,52,13" hai3="125,104,134,127,8,114,113,11,85,79,86,78,74"/><T3/><D3/><U60/><E120/><V16/><F68/><W12/><G104/><T44/><D131/><U4/><E33/><V36/><F101/><W38/><G38/><T119/><D119/><U108/><E118/><V61/><F6/><W51/><G51/><T130/><D130/><U66/><E108/><V14/><F14/><W47/><G47/><T73/><D73/><U65/><E4/><V93/><F42/><W54/><G54/><T2/><D2/><U95/><E132/><V81/><F36/><W69/><G69/><T35/><D135/><U110/><E110/><V39/><F39/><W49/><G49/><T115/><D115/><U62/><E106/><V18/><F18/><W90/><G12/><T96/><D111/><U50/><E50/><V37/><F37/><W83/><G11/><T15/><D35/><U41/><E41/><V84/><F81/><N who="3" m="45271" /><G8/><T32/><D32/><U109/><E109/><V92/><F123/><W45/><G45/><T28/><D107/><U100/><E100/><V63/><F121/><W17/><G17/><T26/><D48/><U29/><E29/><V10/><F61/><N who="1" m="23657" /><E59/><V21/><F10/><W0/><G0/><T124/><D103/><U22/><E22/><V19/><F19/><W129/><G129/><T24/><D57/><U99/><AGARI ba="2,0" hai="20,23,64,65,66,88,94,95,98,99,102" m="23657" machi="99" ten="30,2000,0" yaku="8,1,54,1" doraHai="128" who="1" fromWho="1" sc="619,-12,169,26,169,-7,43,-7" /><INIT seed="1,0,0,3,0,118" ten="607,195,162,36" oya="1" hai0="35,125,123,74,107,85,132,21,16,73,10,52,64" hai1="120,94,32,78,117,103,40,54,114,49,18,43,3" hai2="58,25,102,88,39,95,98,56,48,29,60,63,87" hai3="68,17,45,27,127,69,75,124,83,115,23,128,44"/><U113/><E117/><V7/><F39/><W41/><G115/><T4/><D35/><U92/><E32/><V109/><F7/><W36/><G128/><T116/><D107/><U8/><E78/><V42/><F109/><W70/><REACH who="3" step="1"/><G45/><REACH who="3" ten="607,195,162,26" step="2"/><T119/><D116/><U13/><E113/><V14/><F42/><W97/><G97/><T122/><D119/><U26/><E114/><V129/><F129/><W110/><G110/><T84/><D73/><U53/><E43/><V133/><F133/><W61/><G61/><T22/><D74/><U79/><E40/><V101/><F60/><W104/><G104/><T37/><D132/><U38/><E38/><V100/><F98/><W0/><G0/><T77/><D37/><U126/><E49/><V67/><F48/><W99/><G99/><T72/><D72/><U47/><E47/><V55/><F63/><W96/><G96/><T46/><D46/><U134/><E3/><V80/><F102/><W31/><G31/><T65/><D84/><U76/><E103/><V6/><F29/><W2/><G2/><T105/><D85/><U51/><E51/><V24/><F101/><W20/><G20/><T71/><D22/><U28/><E28/><V9/><F100/><W66/><G66/><T108/><D21/><U59/><E134/><V135/><F67/><W82/><G82/><T12/><D65/><U112/><E112/><V106/><F135/><W93/><G93/><T1/><D105/><U34/><E92/><V57/><F106/><W121/><G121/><T33/><D122/><U19/><E94/><V81/><F55/><RYUUKYOKU ba="0,1" sc="607,-15,195,-15,162,15,26,15" hai2="6,9,14,24,25,56,57,58,80,81,87,88,95" hai3="17,23,27,36,41,44,68,69,70,75,83,124,127" /><INIT seed="2,1,1,1,4,120" ten="592,180,177,41" oya="2" hai0="74,128,4,63,10,89,51,57,26,24,8,69,47" hai1="73,25,100,134,116,110,3,103,102,45,124,61,88" hai2="31,76,94,60,92,65,111,118,32,115,114,75,52" hai3="104,56,119,41,7,98,117,12,55,59,54,122,53"/><V71/><F118/><W15/><G122/><T125/><D74/><U90/><E116/><V93/><F31/><W109/><G41/><T130/><D125/><U66/><E73/><V22/><F32/><W42/><G42/><T40/><D69/><U37/><E3/><V85/><F22/><W43/><G43/><T20/><D10/><U99/><E37/><V27/><F27/><W34/><G34/><T84/><D4/><U126/><E45/><V5/><F5/><W19/><G117/><T1/><D1/><U39/><E39/><V133/><F75/><W72/><G72/><T86/><D8/><U97/><E25/><V127/><F127/><N who="1" m="48681" /><E110/><V91/><F133/><W108/><G119/><T6/><D6/><U82/><E134/><V46/><F111/><N who="3" m="42571" /><G7/><T33/><D33/><U29/><E29/><V129/><F129/><N who="0" m="49770" /><D20/><U68/><E82/><V106/><F106/><W121/><G121/><T49/><D49/><U87/><E87/><N who="0" m="33321" /><D89/><AGARI ba="1,1" hai="61,66,68,88,89,90,97,99,100,102,103" m="48681" machi="89" ten="30,2000,0" yaku="18,1,54,1" doraHai="120" who="1" fromWho="0" sc="592,-23,180,33,177,0,41,0" /><INIT seed="3,0,0,5,2,106" ten="569,213,177,41" oya="3" hai0="29,30,66,64,76,122,100,113,31,33,13,61,115" hai1="70,114,35,47,104,111,49,7,53,135,42,105,131" hai2="86,36,54,87,60,23,89,112,97,80,84,1,62" hai3="28,79,130,6,72,8,10,88,26,46,24,127,17"/><W38/><G127/><T73/><D122/><U91/><E35/><V129/><F1/><N who="3" m="79" /><G130/><T125/><D125/><U117/><E114/><V56/><F112/><W71/><G71/><T9/><D33/><U98/><E70/><V67/><F36/><W22/><G10/><T5/><D66/><U25/><E131/><V118/><F118/><W124/><G124/><T37/><D37/><U81/><E7/><V82/><F129/><W103/><G103/><T41/><D41/><U90/><E25/><V94/><REACH who="2" step="1"/><F23/><REACH who="2" ten="569,213,167,41" step="2"/><W77/><G22/><T59/><D115/><U128/><E117/><V40/><F40/><W119/><G38/><T15/><D113/><U93/><E128/><V108/><F108/><W121/><G119/><T95/><D9/><U92/><E111/><V78/><F78/><W21/><G79/><T14/><D76/><U4/><E42/><V85/><N who="2" m="22016" /><DORA hai="74" /><V48/><F48/><W102/><G77/><T99/><REACH who="0" step="1"/><D5/><REACH who="0" ten="559,213,167,41" step="2"/><U134/><E4/><V55/><F55/><W57/><G121/><T43/><D43/><U65/><E53/><V2/><F2/><W83/><G72/><AGARI ba="0,2" hai="13,14,15,29,30,31,59,61,64,72,73,95,99,100" machi="72" ten="40,5200,0" yaku="1,1,52,2,53,0" doraHai="106,74" doraHaiUra="123,110" who="0" fromWho="3" sc="559,72,213,0,167,0,41,-52" owari="631,73.0,213,1.0,167,-23.0,-11,-51.0" /></mjloggm>