<mjloggm ver="2.3"><GO type="169" lobby="0"/><UN n0="%E3%82%A6%E3%83%AB%E3%83%88%E3%83%A9%E7%AB%8B%E7%9B%B4" n1="%E3%81%B3%E3%82%8A%E3%81%B3%E3%82%8A%E2%98%86%E3%83%93%E3%83%AA%E3%83%BC" n2="%E3%83%A4%E3%82%AD%E3%83%B3" n3="%E3%82%89%E3%81%84%E3%81%B5%E3%81%8C%E3%83%BC%E3%81%A9%E3%81%99%E3%81%8D" dan="17,18,17,17" rate="2122.18,2234.44,2148.13,2149.59" sx="M,M,M,M"/><TAIKYOKU oya="0"/><INIT seed="0,0,0,0,4,22" ten="250,250,250,250" oya="0" hai0="74,7,39,97,131,82,20,53,98,54,40,93,90" hai1="12,41,99,71,59,35,125,50,55,133,24,5,1" hai2="65,68,132,94,25,88,37,48,42,0,81,4,86" hai3="130,9,116,28,8,122,102,129,44,58,109,119,49"/><T101/><D131/><N who="3" m="50185" /><G109/><T14/><D39/><U72/><E71/><V45/><F132/><W112/><G112/><T118/><D118/><U69/><E69/><V124/><F124/><W27/><G102/><T79/><D40/><U84/><E72/><V57/><F4/><W123/><G58/><T78/><D78/><U30/><E1/><V19/><F0/><W87/><G87/><T83/><D83/><U10/><E133/><V15/><F68/><W96/><G96/><T32/><D32/><U73/><E73/><V106/><F106/><W108/><G108/><T67/><D67/><U31/><E125/><V38/><F81/><W76/><G76/><T103/><D90/><U111/><E111/><V36/><F25/><W121/><G49/><T85/><D74/><U2/><E2/><V107/><F107/><W51/><G51/><T23/><D53/><U114/><E55/><N who="2" m="31975" /><F65/><W18/><G44/><T127/><D54/><U64/><E64/><V34/><F34/><N who="3" m="20767" /><G18/><T52/><D52/><U21/><E41/><V56/><F56/><W60/><G60/><T62/><D62/><U33/><E59/><V110/><F110/><W17/><G17/><T16/><D127/><U47/><E47/><V29/><F29/><W26/><G26/><T89/><D79/><U120/><E31/><V11/><F38/><W135/><G135/><T46/><D46/><U95/><E30/><V104/><F104/><W126/><G126/><T117/><D82/><U77/><E35/><V80/><F37/><W75/><G75/><T63/><D63/><U134/><E33/><V70/><F70/><RYUUKYOKU ba="0,0" sc="250,-15,250,-15,250,15,250,15" hai2="11,15,19,36,42,45,80,86,88,94" hai3="8,9,116,119,121,122,123" /><INIT seed="1,1,0,0,3,86" ten="235,235,265,265" oya="1" hai0="128,95,131,124,35,24,5,133,68,118,98,63,51" hai1="0,26,127,121,126,6,132,108,22,105,52,42,74" hai2="100,81,47,33,39,75,65,31,1,44,3,50,80" hai3="56,115,91,28,10,41,15,123,32,96,103,14,117"/><U78/><E121/><V88/><F100/><W57/><G115/><T93/><D118/><U113/><E113/><V62/><F39/><W77/><G77/><T102/><D5/><U114/><E114/><V64/><F75/><W109/><G123/><T2/><D2/><U48/><E105/><V110/><F31/><W101/><G101/><T79/><D79/><U58/><E132/><V11/><F33/><W53/><G41/><T8/><D8/><U49/><E0/><V120/><F120/><W38/><G38/><T13/><D13/><U72/><E6/><V55/><F11/><W69/><G69/><T34/><D51/><U94/><E78/><V84/><F110/><W92/><G109/><T30/><D35/><U119/><E119/><V66/><F47/><W87/><G117/><T82/><D82/><U70/><E70/><V129/><F129/><N who="0" m="49738" /><D124/><N who="1" m="47659" /><E108/><V40/><REACH who="2" step="1"/><F81/><REACH who="2" ten="235,235,255,265" step="2"/><W12/><G32/><T23/><D34/><U36/><E36/><V134/><F134/><W29/><G10/><T130/><D133/><U67/><E72/><V4/><F4/><W46/><G46/><T116/><D130/><U60/><E74/><V16/><F16/><W135/><G135/><T45/><D116/><U27/><E22/><V76/><F76/><W18/><G18/><T83/><D83/><U99/><E42/><V43/><F43/><W59/><REACH who="3" step="1"/><G53/><REACH who="3" ten="235,235,255,255" step="2"/><T20/><D45/><U106/><E52/><V85/><F85/><W9/><G9/><T104/><D20/><U73/><E73/><V37/><F37/><W107/><AGARI ba="1,2" hai="12,14,15,28,29,56,57,59,87,91,92,96,103,107" machi="107" ten="30,4000,0" yaku="1,1,0,1,52,1,53,0" doraHai="86" doraHaiUra="71" who="3" fromWho="3" sc="235,-11,235,-21,255,-11,255,63" /><INIT seed="2,0,0,0,1,22" ten="224,214,244,318" oya="2" hai0="17,41,119,88,121,118,20,7,58,82,18,109,67" hai1="129,40,79,104,101,42,106,68,75,76,84,78,28" hai2="48,36,38,122,56,127,96,115,110,120,44,63,105" hai3="19,24,13,86,4,107,89,45,25,55,23,27,111"/><V50/><F105/><W85/><G107/><T39/><D121/><N who="2" m="46698" /><F96/><W126/><G126/><T9/><D41/><U47/><E68/><V117/><F115/><W59/><G111/><T12/><D109/><U37/><E75/><V131/><F110/><W113/><G45/><T5/><D39/><N who="2" m="14890" /><F117/><N who="0" m="44554" /><D58/><U34/><E42/><N who="2" m="24599" /><F127/><W3/><G113/><T11/><D67/><U46/><E106/><V114/><F114/><W135/><G135/><T49/><D49/><U116/><E104/><V53/><F131/><W74/><G74/><T32/><D32/><U26/><E129/><V77/><F77/><W61/><G3/><N who="0" m="191" /><D20/><U31/><E116/><V10/><F10/><N who="3" m="4295" /><G86/><AGARI ba="0,0" hai="7,11,12,17,18,82,86,88" m="191,44554" machi="86" ten="30,2000,0" yaku="12,1,54,1" doraHai="22" who="0" fromWho="3" sc="224,20,214,0,244,0,318,-20" /><INIT seed="3,0,0,3,5,60" ten="244,214,244,298" oya="3" hai0="70,5,20,95,8,112,99,117,21,100,77,44,83" hai1="51,24,13,47,6,116,82,105,4,74,56,122,31" hai2="57,27,55,11,28,111,16,38,104,73,7,86,50" hai3="88,15,48,127,85,40,94,52,80,71,133,46,128"/><W17/><G127/><T75/><D117/><U49/><E122/><V106/><F73/><W102/><G128/><T32/><D32/><U96/><E116/><V62/><F38/><W35/><G133/><T45/><D70/><U87/><E74/><V23/><F111/><W63/><G35/><T98/><D112/><U14/><E96/><V72/><F72/><W134/><G134/><T109/><D109/><U121/><E105/><V84/><F106/><W64/><G102/><T9/><D99/><U124/><E124/><V12/><F104/><W129/><G129/><T81/><D81/><U58/><E121/><V66/><REACH who="2" step="1"/><F28/><REACH who="2" ten="244,214,234,298" step="2"/><W101/><G101/><T26/><D75/><U34/><E31/><V91/><F91/><W54/><G80/><T123/><D83/><U42/><E82/><V30/><F30/><W78/><G78/><T61/><D77/><U119/><E119/><V68/><AGARI ba="0,1" hai="7,11,12,16,23,27,50,55,57,62,66,68,84,86" machi="68" ten="20,12000,2" yaku="1,1,0,1,7,1,52,1,54,1,53,1" doraHai="60" doraHaiUra="0" who="2" fromWho="2" sc="244,-30,214,-30,234,130,298,-60" /><INIT seed="4,0,0,1,0,123" ten="214,184,364,238" oya="0" hai0="6,59,122,111,130,69,58,83,98,23,56,84,104" hai1="16,125,10,53,11,94,79,126,31,64,43,21,5" hai2="57,65,34,49,105,121,75,17,117,40,32,37,1" hai3="133,19,78,46,101,18,116,50,66,77,61,45,68"/><T99/><D122/><U25/><E43/><V74/><F105/><W80/><G116/><T42/><D69/><U70/><E79/><V35/><F1/><W9/><G133/><T118/><D118/><U30/><E53/><V86/><F37/><W93/><G78/><T44/><D130/><U4/><E94/><V107/><F107/><W91/><G101/><T28/><D104/><U62/><E10/><V38/><F38/><W115/><G115/><T128/><D128/><U8/><E8/><V51/><F117/><W47/><G9/><T114/><D6/><U129/><E5/><V76/><F65/><W132/><G132/><T41/><D111/><U20/><E129/><V36/><F57/><W85/><REACH who="3" step="1"/><G50/><REACH who="3" ten="214,184,364,228" step="2"/><N who="0" m="26895" /><D114/><U27/><REACH who="1" step="1"/><E31/><REACH who="1" ten="214,174,364,228" step="2"/><V88/><F76/><W112/><G112/><T106/><D106/><U2/><AGARI ba="0,2" hai="2,4,11,16,20,21,25,27,30,62,64,70,125,126" machi="2" ten="30,7900,0" yaku="1,1,2,1,0,1,54,1,53,0" doraHai="123" doraHaiUra="39" who="1" fromWho="1" sc="214,-39,174,99,364,-20,228,-20" /><INIT seed="5,0,0,5,5,7" ten="175,273,344,208" oya="1" hai0="2,59,32,85,124,70,13,91,24,74,57,48,116" hai1="78,108,126,106,30,16,19,98,17,83,49,113,102" hai2="81,123,46,77,39,34,53,1,135,61,80,27,43" hai3="69,100,54,26,35,64,92,104,112,95,4,86,67"/><U15/><E113/><V88/><F123/><W18/><G112/><T47/><D70/><U127/><E108/><V121/><F121/><W110/><G110/><T71/><D71/><U117/><E117/><V93/><F1/><W29/><G67/><T115/><D2/><U82/><E30/><V132/><F27/><W42/><G42/><T23/><D74/><U79/><E49/><V56/><F34/><W97/><G4/><T75/><D75/><U94/><E106/><V72/><REACH who="2" step="1"/><F81/><REACH who="2" ten="175,273,334,208" step="2"/><N who="1" m="30729" /><E15/><V51/><F51/><W33/><G35/><T130/><D32/><U128/><E128/><V11/><F11/><W120/><G120/><T129/><D13/><U41/><E127/><V90/><F90/><W12/><G33/><T109/><D124/><U58/><E126/><V37/><F37/><W119/><G12/><T50/><D50/><U87/><E79/><V52/><F52/><W20/><G54/><T96/><D115/><U8/><E41/><V103/><F103/><W5/><G100/><T65/><D130/><U14/><E78/><V101/><F101/><W118/><G118/><T107/><D129/><U45/><E8/><V66/><F66/><W38/><G64/><T9/><D65/><U89/><E14/><V84/><AGARI ba="0,1" hai="39,43,46,53,56,61,72,77,80,84,88,93,132,135" machi="84" ten="30,7900,0" yaku="1,1,0,1,54,1,53,1" doraHai="7" doraHaiUra="76" who="2" fromWho="2" sc="175,-20,273,-39,334,89,208,-20" /><INIT seed="6,0,0,3,0,20" ten="155,234,423,188" oya="2" hai0="126,65,69,63,39,134,66,130,71,92,30,59,22" hai1="64,112,24,97,52,11,49,76,40,116,37,62,98" hai2="73,7,84,48,114,18,117,51,0,115,131,119,72" hai3="85,80,6,110,77,70,74,122,60,127,5,41,102"/><V36/><F36/><W31/><G122/><T87/><D39/><U107/><E116/><V44/><F7/><W4/><G110/><T17/><D126/><U89/><E76/><V19/><F44/><W33/><G127/><T111/><D111/><U50/><E50/><V125/><F125/><W58/><G70/><T27/><D130/><U109/><E109/><V75/><F131/><W99/><G41/><T55/><D134/><U108/><E108/><V129/><F129/><W56/><G74/><T23/><D69/><U94/><E11/><V101/><F101/><W106/><REACH who="3" step="1"/><G60/><REACH who="3" ten="155,234,423,178" step="2"/><T93/><D71/><U2/><E62/><V21/><F75/><W47/><G47/><T103/><D103/><U10/><E40/><V53/><F73/><W68/><G68/><T13/><REACH who="0" step="1"/><D87/><REACH who="0" ten="145,234,423,178" step="2"/><U118/><E118/><V78/><F72/><W135/><G135/><T121/><D121/><U133/><E133/><V82/><F119/><W67/><G67/><AGARI ba="0,2" hai="13,17,22,23,27,30,55,59,63,65,66,67,92,93" machi="67" ten="40,5200,0" yaku="1,1,8,1,52,1,53,0" doraHai="20" doraHaiUra="123" who="0" fromWho="3" sc="145,72,234,0,423,0,178,-52" /><INIT seed="7,0,0,1,4,94" ten="217,234,423,126" oya="3" hai0="102,41,28,49,109,15,38,93,24,129,106,111,34" hai1="22,64,88,127,115,130,51,63,125,19,53,12,26" hai2="89,110,27,30,66,95,99,112,14,54,117,10,81" hai3="82,44,67,86,46,18,0,47,114,134,133,78,52"/><W13/><G0/><T40/><D49/><U17/><E115/><V25/><F112/><W108/><G114/><T121/><D93/><U128/><E88/><V84/><F66/><W120/><G120/><T33/><D15/><U62/><E53/><V96/><F110/><W37/><G108/><T7/><D41/><U20/><E51/><V56/><F117/><W77/><G67/><T42/><D42/><U68/><E63/><N who="2" m="36247" /><F30/><W23/><G37/><T104/><D104/><U75/><E75/><V132/><F132/><W118/><G118/><T85/><D85/><U87/><E87/><V4/><F99/><W43/><G43/><T100/><D100/><AGARI ba="0,0" hai="4,10,14,25,27,81,84,89,95,96,100" m="36247" machi="100" ten="30,2000,0" yaku="8,1,52,1" doraHai="94" who="2" fromWho="0" sc="217,-20,234,0,423,20,126,0" owari="197,-20.0,234,3.0,443,54.0,126,-37.0" /></mjloggm>