<mjloggm ver="2.3"><GO type="41" lobby="0"/><UN n0="%E3%83%A2%E3%83%BC%E5%A8%98%E3%80%82%E3%82%AA%E3%82%BF" n1="%E5%B7%9D%E4%B9%8B%E6%B1%9F%E3%81%A1%E3%82%86%E3%81%8D" n2="%E3%83%80%E3%83%8B%E3%83%BC%31%E5%8F%B7" n3="%E5%B0%B1%E6%B4%BB%E7%94%9F%40%E5%B7%9D%E6%9D%91%E8%BB%8D%E5%9B%A3" dan="14,13,15,14" rate="1951.64,1891.57,2023.65,1954.87" sx="M,M,M,M"/><TAIKYOKU oya="0"/><INIT seed="0,0,0,2,1,39" ten="250,250,250,250" oya="0" hai0="85,75,127,20,9,69,96,79,89,3,91,86,28" hai1="60,62,21,119,51,115,36,22,134,10,125,106,92" hai2="113,48,63,78,118,25,93,116,17,45,32,67,90" hai3="5,73,133,33,76,68,65,13,64,31,108,122,103"/><T80/><D69/><U46/><E119/><N who="2" m="45611" /><F78/><W135/><G108/><T38/><D127/><U72/><E36/><V131/><F113/><W128/><G128/><T0/><D38/><U61/><E106/><V14/><F131/><W50/><G103/><T98/><D9/><U56/><E125/><V71/><F25/><W7/><G68/><T4/><D4/><U124/><E124/><V109/><F32/><W19/><G122/><T16/><D28/><U77/><E134/><V114/><F109/><W70/><G70/><T15/><D0/><U40/><E115/><V81/><F81/><W58/><G76/><T94/><REACH who="0" step="1"/><D3/><REACH who="0" ten="240,250,250,250" step="2"/><U88/><E10/><V23/><F114/><W121/><G31/><T55/><D55/><U120/><E120/><V53/><F71/><W101/><G121/><T97/><D97/><N who="1" m="57479" /><E72/><V102/><F53/><W66/><G73/><T34/><D34/><U87/><E77/><V130/><F130/><W2/><G33/><T35/><D35/><U43/><E87/><V107/><F67/><W74/><G2/><T132/><D132/><U30/><E30/><V129/><F129/><W29/><G74/><T104/><D104/><U8/><E8/><V1/><F1/><W83/><G133/><T110/><D110/><U59/><E22/><V47/><F107/><W49/><G29/><T44/><D44/><N who="1" m="26015" /><E21/><V112/><F23/><W100/><G7/><T18/><D18/><U24/><E24/><V82/><F17/><W105/><G5/><T84/><D84/><U111/><E111/><V117/><F117/><W42/><G135/><T52/><D52/><RYUUKYOKU ba="0,1" sc="240,15,250,15,250,-15,250,-15" hai0="15,16,20,75,79,80,85,86,89,91,94,96,98" hai1="40,46,56,59,60,61,62" /><INIT seed="0,1,1,1,1,38" ten="255,265,235,235" oya="0" hai0="43,36,60,116,8,131,97,12,109,15,123,73,115" hai1="25,40,126,129,101,58,72,13,113,87,22,37,83" hai2="6,124,122,93,23,54,47,14,128,49,135,50,33" hai3="55,0,59,94,68,88,9,79,103,7,110,76,95"/><T35/><D15/><U90/><E126/><V39/><F33/><W24/><G68/><T69/><D97/><U77/><E129/><V130/><F39/><W1/><G1/><T111/><D60/><U85/><E113/><V32/><F32/><W81/><G110/><T2/><D12/><U132/><E132/><V3/><F122/><W30/><G103/><T102/><D8/><U99/><E13/><V112/><F112/><W121/><G121/><T21/><D43/><U53/><E40/><V44/><F135/><W106/><G106/><T29/><D102/><U61/><E37/><V19/><F124/><W67/><G67/><T108/><D21/><U66/><E53/><V28/><F28/><W98/><G81/><T27/><D27/><U96/><E96/><V134/><F134/><W45/><G45/><T20/><D20/><U75/><E75/><V86/><F3/><W105/><G105/><T42/><D29/><U52/><E66/><V104/><F104/><W4/><G4/><T34/><D42/><U78/><E78/><V62/><F62/><W10/><G10/><T48/><D48/><U125/><E125/><V65/><F6/><W51/><REACH who="3" step="1"/><G94/><REACH who="3" ten="255,265,235,225" step="2"/><T114/><D111/><U5/><E5/><V82/><F65/><W56/><G56/><T100/><D100/><U119/><E101/><V127/><F93/><W89/><G89/><T107/><D109/><U84/><E90/><N who="2" m="51543" /><F127/><W63/><G63/><T71/><D71/><U17/><E99/><V31/><F47/><W91/><G91/><T92/><D115/><U80/><E80/><V74/><F44/><RYUUKYOKU ba="1,2" sc="255,-15,265,15,235,-15,225,15" hai1="17,22,25,52,58,61,72,77,83,84,85,87,119" hai3="0,7,9,24,30,51,55,59,76,79,88,95,98" /><INIT seed="1,2,2,0,3,53" ten="240,280,220,240" oya="1" hai0="8,108,75,77,4,135,80,72,21,43,32,55,59" hai1="122,101,81,40,28,41,25,112,94,113,104,130,50" hai2="26,3,52,74,93,35,39,111,42,7,131,125,116" hai3="115,88,0,6,132,126,118,105,84,49,57,106,34"/><U83/><E122/><V82/><F111/><W127/><G115/><T97/><D32/><U44/><E130/><V19/><F116/><W102/><G34/><T69/><D69/><U78/><E104/><V100/><F93/><W29/><G29/><T48/><D108/><U67/><E67/><V119/><F100/><W123/><G123/><T37/><D72/><U87/><E41/><V121/><F119/><W22/><G102/><T16/><D97/><U45/><E45/><V114/><F121/><W86/><G86/><T65/><D65/><U89/><E101/><V134/><F19/><W30/><G118/><T5/><D135/><U96/><REACH who="1" step="1"/><E83/><REACH who="1" ten="240,270,220,240" step="2"/><V70/><F131/><W61/><G132/><T110/><D110/><U15/><E15/><V124/><F134/><W18/><G106/><T58/><D43/><U62/><E62/><V109/><F109/><W54/><G105/><T33/><D37/><U10/><E10/><V117/><F117/><W60/><G60/><T98/><D8/><U64/><E64/><V76/><F42/><W23/><G61/><T90/><D48/><U31/><E31/><V103/><F103/><W1/><G30/><T91/><D55/><U92/><E92/><V56/><F39/><W66/><G66/><T24/><D80/><U38/><E38/><V129/><F129/><W46/><G46/><T12/><D12/><U13/><E13/><V20/><F82/><W36/><G36/><T133/><D133/><U95/><E95/><V128/><F128/><W107/><G107/><T71/><D24/><U2/><E2/><V120/><F3/><RYUUKYOKU ba="2,3" sc="240,-10,270,30,220,-10,240,-10" hai1="25,28,40,44,50,78,81,87,89,94,96,112,113" /><INIT seed="1,3,3,1,0,48" ten="230,300,210,230" oya="1" hai0="132,135,102,104,53,10,24,49,34,27,107,1,18" hai1="15,21,17,109,25,46,3,47,58,52,131,0,41" hai2="22,71,36,87,11,60,80,86,133,114,12,97,62" hai3="13,4,14,79,42,57,67,66,96,81,44,7,111"/><U30/><E131/><V93/><F36/><W105/><G111/><T39/><D39/><U65/><E109/><V72/><F133/><N who="0" m="51274" /><D102/><U55/><E65/><N who="3" m="24586" /><G105/><N who="0" m="40523" /><D34/><U119/><E119/><V75/><F114/><W9/><G96/><T78/><D78/><U121/><E121/><V88/><F71/><W106/><G106/><T28/><D28/><U85/><E85/><N who="2" m="50215" /><F75/><W54/><G42/><T29/><D29/><U118/><E118/><V69/><F22/><W76/><G44/><N who="0" m="27815" /><D18/><U73/><E73/><V19/><F72/><W84/><G76/><T124/><D124/><U16/><E17/><V128/><F128/><W61/><G13/><T112/><D112/><U101/><E101/><N who="2" m="60591" /><F69/><W117/><G117/><T35/><D35/><U6/><E6/><AGARI ba="3,3" hai="4,6,7,9,14,54,57,61,79,81,84" m="24586" machi="6" ten="30,2000,0" yaku="8,1,52,1" doraHai="48" who="3" fromWho="1" sc="230,0,300,-29,210,0,230,59" /><AGARI ba="3,0" hai="1,6,10,24,27" m="27815,40523,51274" machi="6" ten="30,2000,0" yaku="20,1,52,1" doraHai="48" who="0" fromWho="1" sc="230,20,271,-20,210,0,289,0" /><INIT seed="2,0,0,1,0,47" ten="250,251,210,289" oya="2" hai0="99,123,33,29,104,69,117,43,110,62,84,44,97" hai1="53,23,9,38,126,71,119,25,133,0,135,77,57" hai2="111,89,18,100,101,4,17,30,92,8,42,27,105" hai3="107,86,15,78,20,48,63,118,68,87,12,108,73"/><V22/><F105/><W24/><G107/><T5/><D123/><U45/><E119/><V83/><F111/><W13/><G118/><T98/><D117/><U80/><E71/><V2/><F42/><W88/><G108/><T3/><D110/><U41/><E126/><V129/><F83/><N who="3" m="47479" /><G68/><T46/><D46/><U50/><E0/><V19/><REACH who="2" step="1"/><F129/><REACH who="2" ten="250,251,200,289" step="2"/><W79/><G73/><T36/><D104/><U102/><E9/><V114/><F114/><W130/><G130/><T70/><D43/><U6/><E6/><V34/><F34/><W16/><G79/><T74/><D33/><U10/><E10/><V52/><F52/><W56/><G63/><T128/><D62/><U75/><REACH who="1" step="1"/><E102/><REACH who="1" ten="250,241,200,289" step="2"/><V115/><F115/><W124/><G124/><T125/><D5/><U7/><E7/><V64/><F64/><W81/><G24/><T91/><D125/><U51/><E51/><V31/><F31/><AGARI ba="0,2" hai="23,25,31,38,41,45,50,53,57,75,77,80,133,135" machi="31" ten="40,2600,0" yaku="1,1,52,1,53,0" doraHai="47" doraHaiUra="103" who="1" fromWho="2" sc="250,0,241,46,200,-26,289,0" /><INIT seed="3,0,0,5,0,26" ten="250,287,174,289" oya="3" hai0="93,79,23,70,119,4,113,123,69,66,54,96,115" hai1="112,14,98,75,81,45,110,76,21,68,95,130,103" hai2="48,38,72,58,71,11,3,43,16,41,36,62,34" hai3="108,15,134,49,121,32,117,44,132,40,8,60,80"/><W1/><G1/><T97/><D123/><U57/><E110/><V127/><F72/><W128/><G32/><T82/><D119/><U135/><E112/><N who="0" m="43081" /><D66/><U65/><E135/><N who="3" m="51754" /><G117/><T50/><D4/><U118/><E130/><V84/><F127/><W88/><G121/><T89/><D23/><U6/><E118/><V2/><F71/><N who="0" m="27146" /><D97/><U61/><E45/><V9/><F34/><W37/><G128/><T22/><D22/><U90/><E103/><V59/><F84/><N who="3" m="50183" /><G60/><T85/><D50/><U18/><REACH who="1" step="1"/><E6/><REACH who="1" ten="250,277,174,289" step="2"/><V124/><F38/><W131/><G131/><T78/><D54/><U114/><E114/><V25/><F36/><W99/><G108/><T31/><D31/><U29/><E29/><V102/><F102/><AGARI ba="0,1" hai="78,79,82,85,89,93,96,102" m="27146,43081" machi="102" ten="30,1000,0" yaku="11,1" doraHai="26" who="0" fromWho="2" sc="250,20,277,0,174,-10,289,0" /><INIT seed="4,0,0,2,5,88" ten="270,277,164,289" oya="0" hai0="86,134,20,64,65,102,67,26,89,14,32,10,112" hai1="1,74,99,25,83,55,76,110,51,43,129,101,34" hai2="107,104,97,96,98,4,57,70,2,71,54,82,72" hai3="42,69,80,52,56,44,84,17,41,9,33,24,117"/><T108/><D32/><U106/><E110/><V85/><F72/><W0/><G69/><T49/><D108/><U3/><E43/><V87/><F4/><W105/><G105/><T90/><D102/><U58/><REACH who="1" step="1"/><E129/><REACH who="1" ten="270,267,164,289" step="2"/><V30/><F104/><W114/><G42/><T36/><D134/><U66/><E66/><V6/><F107/><W5/><G117/><T125/><D125/><U11/><E11/><V130/><F130/><W111/><G111/><T45/><D112/><U22/><E22/><V12/><F70/><W118/><G114/><T29/><D36/><U59/><E59/><V116/><F71/><W28/><G118/><T48/><D48/><U31/><AGARI ba="0,1" hai="1,3,25,31,34,51,55,58,74,76,83,99,101,106" machi="31" ten="30,2000,0" yaku="1,1,0,1,53,0" doraHai="88" doraHaiUra="133" who="1" fromWho="1" sc="270,-10,267,30,164,-5,289,-5" /><INIT seed="5,0,0,4,2,61" ten="260,297,159,284" oya="1" hai0="17,18,108,89,106,69,116,68,42,60,52,14,93" hai1="133,81,27,105,132,122,127,9,91,118,87,55,64" hai2="75,82,77,131,19,119,49,94,135,7,107,123,41" hai3="88,40,110,117,95,11,10,130,113,125,47,15,53"/><U102/><E122/><V0/><F123/><W3/><G110/><T56/><D106/><U36/><E118/><V126/><F107/><W76/><G3/><T45/><D108/><U129/><E36/><V85/><F119/><W57/><G117/><T80/><D80/><U86/><E64/><V67/><F131/><W34/><G34/><T121/><D121/><U90/><E9/><V65/><F135/><N who="1" m="51785" /><E27/><V66/><F126/><W23/><G76/><T6/><D6/><U100/><E55/><V70/><F70/><W2/><G2/><T16/><D116/><U20/><E127/><V99/><F75/><W43/><G130/><T37/><REACH who="0" step="1"/><D14/><REACH who="0" ten="250,297,159,284" step="2"/><U54/><E129/><V83/><F83/><W4/><G125/><T115/><D115/><U104/><E81/><V39/><F0/><W25/><G113/><T21/><D21/><U44/><E20/><V74/><F7/><W124/><G124/><T51/><D51/><N who="1" m="29031" /><E105/><V128/><F128/><W92/><G11/><T134/><D134/><U24/><E104/><V84/><F39/><W97/><G92/><T1/><D1/><U31/><E24/><V62/><F62/><N who="3" m="36143" /><G23/><T59/><D59/><U8/><E8/><V28/><F49/><N who="3" m="26855" /><G25/><T38/><D38/><U109/><E109/><V48/><F74/><W50/><G50/><T79/><D79/><U32/><E32/><V29/><F19/><W35/><G35/><T72/><D72/><U5/><E5/><V112/><F112/><W71/><G71/><T22/><D22/><U63/><E31/><V111/><F111/><W101/><G43/><T73/><D73/><RYUUKYOKU ba="0,1" sc="250,15,297,-15,159,-15,284,15" hai0="16,17,18,37,42,45,52,56,60,68,69,89,93" hai3="4,10,15,88,95,97,101" /><INIT seed="6,1,1,2,5,35" ten="265,282,144,299" oya="2" hai0="53,7,43,73,96,126,58,113,98,74,62,50,42" hai1="69,9,120,132,46,59,3,15,13,11,24,29,19" hai2="93,85,75,52,94,103,82,131,54,33,101,20,26" hai3="40,31,16,1,34,48,76,111,107,83,37,72,95"/><V119/><F33/><W135/><G111/><T134/><D113/><U81/><E132/><V117/><F75/><W64/><G107/><T5/><D134/><U32/><E69/><V49/><F131/><W127/><G135/><T125/><D62/><U100/><E120/><V128/><F128/><W36/><G127/><T112/><D112/><U91/><E46/><N who="2" m="27703" /><F119/><W14/><G64/><T90/><D90/><U87/><E100/><N who="2" m="38475" /><F54/><W108/><G108/><T122/><D53/><U115/><E3/><V71/><F71/><W23/><G1/><T86/><D58/><U27/><E115/><V105/><F105/><W68/><G68/><T55/><D55/><U121/><E121/><V118/><F118/><W51/><G34/><T8/><D122/><U2/><E2/><V57/><F57/><W124/><G31/><T18/><D50/><U22/><REACH who="1" step="1"/><E59/><REACH who="1" ten="265,272,144,299" step="2"/><V80/><F117/><W99/><G37/><T10/><D18/><U89/><E89/><N who="2" m="51367" /><F82/><W66/><G36/><T44/><D44/><U106/><E106/><V21/><F21/><W56/><G23/><T79/><D79/><U28/><E28/><AGARI ba="1,2" hai="20,26,28,93,94" m="51367,38475,27703" machi="28" ten="30,2900,0" yaku="8,1,54,1" doraHai="35" who="2" fromWho="1" sc="265,0,272,-32,144,52,299,0" /><INIT seed="6,2,0,3,1,115" ten="265,240,196,299" oya="2" hai0="27,38,102,19,109,47,36,45,44,41,5,2,108" hai1="72,79,133,60,20,97,52,32,63,134,95,131,120" hai2="132,123,78,11,104,111,93,4,22,46,135,42,101" hai3="43,29,8,67,68,126,82,35,16,6,84,58,117"/><V96/><F123/><W54/><G117/><T28/><D102/><N who="1" m="60735" /><E32/><V121/><F121/><W1/><G126/><T71/><D19/><U76/><E120/><V110/><F22/><W65/><G43/><N who="0" m="22631" /><D5/><U86/><E131/><V116/><F116/><W112/><G112/><T107/><D2/><U69/><E72/><V94/><F78/><W83/><G68/><T113/><D113/><U25/><E86/><V50/><F93/><W80/><G84/><T100/><D47/><U55/><E63/><V37/><F50/><W0/><G0/><T24/><D24/><U3/><E3/><N who="2" m="415" /><F94/><W87/><G87/><T128/><D128/><U66/><E79/><V21/><F21/><W70/><G70/><T26/><D26/><U91/><E91/><V59/><F59/><W103/><G103/><T98/><D71/><U49/><E49/><V31/><F31/><W14/><G29/><T90/><D90/><U75/><E76/><V30/><F30/><W127/><G35/><AGARI ba="2,0" hai="27,28,35,38,41,45,98,100,107,108,109" m="22631" machi="35" ten="30,1000,0" yaku="23,1" doraHai="115" who="0" fromWho="3" sc="265,16,240,0,196,0,299,-16" /><INIT seed="7,0,0,4,1,33" ten="281,240,196,283" oya="3" hai0="101,61,73,78,2,21,54,124,74,49,22,7,105" hai1="81,126,79,92,72,41,94,118,88,3,60,27,97" hai2="55,48,71,46,24,66,121,36,70,26,82,95,75" hai3="39,114,44,107,43,47,4,69,108,34,63,120,135"/><W62/><G120/><T113/><D124/><U59/><E126/><V6/><F121/><W90/><G34/><T1/><D7/><U134/><E134/><V19/><F95/><W29/><G107/><T116/><D116/><U56/><E41/><N who="2" m="22823" /><F19/><W104/><G104/><T103/><D61/><U37/><E3/><N who="0" m="1033" /><D54/><U52/><E118/><V99/><F6/><W87/><G135/><T89/><D105/><U85/><E37/><V117/><F99/><W15/><G114/><T100/><D49/><U110/><E110/><V115/><F115/><W51/><G69/><T65/><D113/><U132/><E132/><V20/><F117/><W38/><G38/><T30/><D89/><U0/><E0/><V42/><F42/><W10/><G108/><T13/><D13/><U102/><REACH who="1" step="1"/><E59/><REACH who="1" ten="281,230,196,283" step="2"/><N who="2" m="33255" /><F71/><W53/><G29/><T106/><D106/><U8/><E8/><V93/><F93/><AGARI ba="0,1" hai="4,10,15,39,43,44,47,51,53,62,63,87,90,93" machi="93" ten="30,1500,0" yaku="7,1" doraHai="33" who="3" fromWho="2" sc="281,0,230,0,196,-15,283,25" owari="281,8.0,230,-17.0,181,-32.0,308,41.0" /></mjloggm>