<mjloggm ver="2.3"><GO type="169" lobby="0"/><UN n0="%E3%82%A6%E3%83%AB%E3%83%88%E3%83%A9%E7%AB%8B%E7%9B%B4" n1="%E6%93%AC%E4%BC%BC%E9%80%A3%E5%AE%9D%E7%87%88%E7%BE%8E" n2="%E6%A4%8D%E9%87%8E" n3="%E8%B1%86%E7%89%B9%EF%BC%A0%E6%B2%B3%E6%9D%91%E8%BB%8D%E5%9B%A3" dan="17,17,17,16" rate="2126.30,2157.16,2152.70,2069.98" sx="M,M,M,M"/><TAIKYOKU oya="0"/><INIT seed="0,0,0,5,1,92" ten="250,250,250,250" oya="0" hai0="45,124,68,89,38,134,34,19,8,7,59,47,133" hai1="122,10,80,127,52,85,109,25,36,118,27,74,1" hai2="23,29,11,17,111,116,119,37,108,73,66,48,4" hai3="46,54,41,115,75,15,55,102,132,58,61,112,113"/><T9/><D68/><U71/><E118/><N who="2" m="45099" /><F37/><N who="3" m="21807" /><G102/><T12/><D34/><U20/><E122/><V121/><F73/><W84/><G84/><T64/><D124/><U86/><E109/><N who="2" m="42059" /><F66/><N who="3" m="39223" /><G75/><T96/><D59/><U24/><E36/><V6/><F48/><W123/><G15/><N who="0" m="7663" /><D64/><U128/><E71/><V126/><F121/><W120/><G132/><N who="0" m="50795" /><D38/><U99/><E127/><V33/><F126/><W131/><G131/><T103/><D89/><U51/><E128/><V0/><F6/><W114/><G114/><T69/><D69/><U135/><E135/><V117/><N who="2" m="45107" /><V40/><DORA hai="76" /><F40/><W22/><G123/><T53/><D53/><U63/><E52/><V43/><F43/><W79/><G120/><T97/><D97/><U44/><E99/><V83/><F83/><W70/><G55/><T18/><D18/><U95/><E80/><V129/><F129/><W98/><G54/><T110/><D110/><U26/><E51/><V130/><F130/><W104/><G70/><T107/><AGARI ba="0,0" hai="7,8,12,45,47,96,103,107" m="50795,7663" machi="107" ten="30,3000,0" yaku="20,1,52,1" doraHai="92,76" who="0" fromWho="0" sc="250,30,250,-10,250,-10,250,-10" /><INIT seed="0,1,0,0,1,114" ten="280,240,240,240" oya="0" hai0="21,109,47,29,44,49,110,124,32,129,81,34,26" hai1="76,63,0,96,13,35,85,104,72,108,75,119,15" hai2="8,106,82,123,30,16,117,135,88,95,54,94,10" hai3="60,101,107,41,92,42,59,112,113,7,132,22,73"/><T121/><D121/><U130/><E0/><V57/><F106/><W46/><G73/><T33/><D124/><U115/><E35/><V18/><F30/><W37/><G107/><T80/><D129/><U120/><E63/><N who="2" m="36279" /><F123/><W89/><G101/><T99/><D99/><U23/><E23/><V77/><F135/><W66/><G132/><T28/><D28/><U126/><E15/><V27/><F117/><W50/><G7/><T91/><D91/><U83/><E13/><N who="2" m="7207" /><F77/><W56/><G22/><T127/><D127/><U84/><E126/><V67/><F67/><W3/><G3/><T68/><D68/><U36/><E36/><V93/><F82/><W14/><G14/><T102/><D102/><U64/><E64/><V62/><F62/><W78/><G78/><T71/><D71/><U103/><E115/><V65/><F65/><W111/><G113/><T39/><D39/><U125/><E125/><V43/><F43/><W90/><G112/><T4/><D4/><U128/><E120/><V118/><F118/><W122/><G122/><T53/><REACH who="0" step="1"/><D47/><REACH who="0" ten="270,240,240,240" step="2"/><U51/><E130/><V45/><F45/><N who="3" m="25911" /><G37/><T105/><D105/><U12/><E128/><V58/><F88/><W98/><G90/><T6/><D6/><U74/><E104/><V52/><F18/><W134/><G89/><T2/><D2/><U55/><E103/><V133/><F133/><W86/><G134/><T70/><D70/><U69/><E69/><V97/><F97/><W1/><G98/><T87/><D87/><N who="1" m="33355" /><E74/><V25/><F10/><W79/><G1/><T24/><D24/><U9/><E96/><RYUUKYOKU ba="1,1" sc="270,15,240,-15,240,15,240,-15" hai0="21,26,29,32,33,34,44,49,53,80,81,109,110" hai2="25,27,52,58,93,94,95" /><INIT seed="0,2,1,1,2,95" ten="285,225,255,225" oya="0" hai0="83,20,106,102,84,24,18,2,27,117,90,94,46" hai1="87,89,93,108,64,92,69,114,80,124,115,53,128" hai2="97,35,127,79,86,107,113,116,62,135,32,3,19" hai3="133,58,82,65,130,125,104,74,70,51,78,9,59"/><T25/><D2/><U123/><E123/><V77/><F113/><N who="1" m="43017" /><E53/><V131/><F3/><W66/><G104/><T13/><D117/><U103/><E64/><V85/><F62/><W16/><G125/><T81/><REACH who="0" step="1"/><D46/><REACH who="0" ten="275,225,255,225" step="2"/><U49/><E124/><V55/><F116/><W120/><G120/><T91/><D91/><U52/><E89/><V72/><F127/><W10/><G78/><T40/><D40/><U12/><E128/><V26/><F131/><W132/><G130/><T101/><D101/><U119/><E103/><V37/><F79/><W11/><G132/><T112/><D112/><U38/><E119/><V96/><F135/><W29/><G133/><T0/><D0/><U99/><E108/><V42/><F42/><W129/><G129/><T4/><D4/><U5/><E5/><V67/><F77/><W76/><G76/><T30/><D30/><U118/><E118/><V31/><F31/><W22/><G29/><T61/><D61/><U105/><E87/><V43/><F86/><W109/><G109/><T1/><D1/><U6/><E6/><V48/><F85/><W15/><G74/><T63/><D63/><U47/><E47/><V28/><F72/><W21/><G70/><T41/><D41/><U17/><E69/><V44/><F43/><W73/><G73/><T126/><D126/><U39/><E39/><V110/><F37/><W23/><G65/><T54/><D54/><U98/><E52/><V134/><F67/><W14/><G66/><T71/><D71/><U75/><E38/><V8/><F110/><W57/><G57/><T33/><D33/><RYUUKYOKU ba="2,2" sc="275,30,225,-10,255,-10,225,-10" hai0="13,18,20,24,25,27,81,83,84,90,94,102,106" /><INIT seed="0,3,2,3,1,129" ten="305,215,245,215" oya="0" hai0="78,91,112,130,97,70,107,0,83,89,33,45,18" hai1="80,1,31,101,52,84,39,17,132,134,13,10,102" hai2="124,123,21,23,118,94,115,72,92,2,63,131,127" hai3="22,117,60,53,37,77,40,11,81,34,35,27,98"/><T100/><D112/><U8/><E39/><V3/><F123/><W5/><G117/><T103/><D130/><U32/><E52/><V44/><F131/><W12/><G98/><N who="0" m="61847" /><D0/><U116/><E116/><V19/><F118/><W36/><G36/><T121/><D18/><U30/><E102/><V20/><F72/><W57/><G40/><T48/><D48/><U133/><E101/><V111/><F115/><W110/><G110/><T99/><D70/><U29/><E32/><V49/><F111/><W6/><G6/><T14/><D14/><U104/><E104/><V90/><F63/><W9/><G9/><T67/><D33/><U47/><E47/><V126/><F19/><W28/><REACH who="3" step="1"/><G37/><REACH who="3" ten="305,215,245,205" step="2"/><T56/><D121/><U120/><E120/><V64/><F127/><W24/><G24/><T75/><D45/><U41/><E41/><V76/><F126/><W15/><G15/><T51/><D56/><U62/><E62/><V96/><F124/><W82/><G82/><T58/><D58/><U93/><E93/><V125/><F94/><W65/><G65/><T74/><D51/><U87/><E80/><V114/><F125/><W42/><G42/><T88/><D67/><U85/><E1/><V109/><F64/><W122/><G122/><T106/><D97/><U95/><E95/><V71/><F109/><W16/><G16/><T26/><D26/><U61/><E61/><V86/><F3/><W7/><G7/><T66/><D66/><U68/><E68/><V50/><F2/><W69/><G69/><T119/><D119/><U105/><E10/><V25/><F71/><RYUUKYOKU ba="3,3" sc="305,10,215,10,245,-30,205,10" hai0="74,75,78,83,88,89,91,99,103,106" hai1="8,13,17,29,30,31,84,85,87,105,132,133,134" hai3="5,11,12,22,27,28,34,35,53,57,60,77,81" /><INIT seed="0,4,3,0,3,26" ten="315,225,215,215" oya="0" hai0="75,107,7,33,67,77,47,96,40,110,35,100,22" hai1="6,84,28,65,89,91,13,129,2,115,105,97,134" hai2="125,103,51,52,24,41,113,46,102,4,117,38,128" hai3="15,25,27,68,53,111,66,9,69,56,72,104,92"/><T31/><D7/><U95/><E2/><V112/><F128/><W8/><G104/><T99/><D110/><U98/><E129/><V114/><F125/><W14/><G72/><T126/><D126/><U119/><E119/><V87/><F117/><W101/><G111/><T29/><D96/><U121/><E121/><V17/><F4/><W62/><G101/><T120/><D120/><U58/><E134/><V18/><F87/><W116/><G92/><T20/><D67/><U86/><E115/><V30/><F103/><W55/><G116/><T59/><D59/><U44/><E44/><V130/><F102/><W79/><G79/><T16/><D22/><U63/><E28/><N who="0" m="10825" /><D77/><U57/><E57/><V19/><F130/><W23/><G23/><T54/><D54/><N who="3" m="20489" /><G69/><T106/><D107/><U42/><E105/><V74/><F74/><W109/><G68/><T88/><D88/><U94/><E42/><V21/><REACH who="2" step="1"/><F52/><REACH who="2" ten="315,225,205,215" step="2"/><W85/><G85/><T12/><D75/><U71/><E71/><V122/><F122/><W60/><G109/><T135/><D135/><U131/><E131/><V93/><F93/><W90/><G90/><T64/><D64/><U124/><E124/><V45/><F45/><W3/><G66/><T133/><D133/><U48/><E86/><V83/><F83/><W43/><G56/><T10/><D47/><U5/><E84/><V118/><F118/><W81/><G81/><T36/><D40/><U80/><E80/><V0/><F0/><W73/><G3/><T78/><D78/><U82/><E82/><V1/><F1/><W50/><G43/><RYUUKYOKU ba="4,4" sc="315,-10,225,-10,205,30,215,-10" hai2="17,18,19,21,24,30,38,41,46,51,112,113,114" /><INIT seed="1,5,4,2,5,55" ten="305,215,235,205" oya="1" hai0="61,1,8,65,109,71,111,69,95,115,59,16,112" hai1="17,44,119,84,51,89,35,3,27,39,107,113,11" hai2="31,104,91,131,108,132,92,72,0,24,12,82,48" hai3="18,118,121,63,125,133,135,126,114,33,46,75,64"/><U40/><E113/><N who="0" m="43593" /><D95/><U101/><E119/><V74/><F104/><W76/><G114/><T134/><D16/><U129/><E129/><V77/><F0/><W81/><G121/><T47/><D134/><N who="3" m="51209" /><G118/><T105/><D105/><U83/><E39/><V52/><F132/><W58/><G33/><T2/><D2/><U120/><E120/><V34/><F108/><N who="0" m="41546" /><D47/><U38/><E107/><V26/><F131/><W25/><G46/><T68/><D68/><U93/><E35/><V88/><F26/><W19/><G25/><T22/><D22/><U90/><E101/><V128/><F128/><W7/><G7/><AGARI ba="5,4" hai="1,7,8,59,61,65,69,71" m="41546,43593" machi="7" ten="30,2000,0" yaku="14,1,52,1" doraHai="55" who="0" fromWho="3" sc="305,75,215,0,235,0,205,-35" /><INIT seed="2,0,0,1,3,132" ten="380,215,235,170" oya="2" hai0="30,61,114,97,25,56,15,103,75,39,86,36,100" hai1="96,84,95,28,102,81,99,42,108,50,85,6,7" hai2="129,80,73,27,118,47,122,32,79,98,110,66,44" hai3="0,117,101,33,93,94,2,78,115,69,12,88,20"/><V18/><F118/><W35/><G117/><T72/><D103/><U70/><E70/><V8/><F122/><W57/><G69/><T67/><D75/><U107/><E108/><V130/><F110/><W9/><G115/><T14/><D72/><U134/><E134/><V131/><F66/><W1/><G78/><T106/><D86/><U104/><E28/><N who="2" m="19487" /><F98/><W53/><G20/><T58/><D58/><U65/><E65/><V112/><F112/><W90/><G101/><T89/><D89/><U55/><E42/><V68/><F68/><W10/><G35/><T52/><D52/><U37/><E37/><V71/><F71/><W46/><G33/><T13/><D114/><U121/><E121/><V48/><F48/><W92/><G46/><T126/><D39/><U125/><E50/><V128/><F128/><W123/><G123/><T23/><D36/><U113/><E113/><V40/><F40/><W34/><G34/><T31/><D31/><U60/><E55/><V133/><F133/><W19/><REACH who="3" step="1"/><G10/><REACH who="3" ten="380,215,235,160" step="2"/><T54/><D100/><U135/><E102/><V62/><F47/><W38/><G38/><T76/><D23/><U17/><E135/><V16/><F8/><W43/><G43/><T51/><D56/><U11/><E11/><V91/><F44/><W45/><G45/><T111/><D111/><U5/><E104/><V124/><F129/><W82/><G82/><T120/><D76/><U49/><E81/><V119/><F119/><W41/><G41/><T4/><D106/><U116/><E116/><V64/><F131/><W59/><G59/><T24/><D120/><RYUUKYOKU ba="0,1" sc="380,-10,215,-10,235,-10,160,30" hai3="0,1,2,9,12,19,53,57,88,90,92,93,94" /><INIT seed="3,1,1,2,5,62" ten="370,205,225,190" oya="3" hai0="94,118,76,27,2,7,26,17,83,39,129,77,22" hai1="23,125,15,135,31,122,40,5,46,58,29,86,42" hai2="50,115,116,98,109,85,48,100,36,20,33,18,61" hai3="78,30,44,41,97,90,123,127,38,80,67,3,89"/><W11/><G123/><T121/><D77/><U16/><E122/><V70/><F115/><W133/><G133/><T75/><D118/><U128/><E135/><V117/><F33/><W43/><G127/><T120/><D27/><U9/><E125/><V45/><F36/><W28/><G43/><T59/><D59/><U10/><E128/><V88/><F109/><W130/><G130/><T49/><D49/><U21/><E58/><V34/><F50/><W91/><G97/><T24/><D24/><U96/><E96/><V107/><F34/><W93/><G93/><T92/><D94/><U57/><E57/><V73/><F73/><N who="3" m="43087" /><G67/><T8/><D129/><U112/><E112/><V79/><F79/><W101/><G101/><T84/><D39/><U13/><E86/><V25/><F70/><W0/><G0/><T32/><D32/><U104/><E104/><V53/><REACH who="2" step="1"/><F61/><REACH who="2" ten="370,205,215,190" step="2"/><W72/><G72/><T69/><D69/><U60/><E60/><V124/><F124/><W56/><G56/><T134/><D134/><U65/><E46/><V64/><F64/><W131/><G131/><T108/><D121/><U81/><E65/><V105/><F105/><W106/><G106/><T111/><D120/><U1/><E42/><V113/><F113/><W119/><G119/><T87/><D75/><U54/><E40/><V68/><F68/><W35/><G35/><T110/><D111/><U19/><E54/><V99/><F99/><W95/><G95/><AGARI ba="1,2" hai="18,20,25,45,48,53,85,88,95,98,100,107,116,117" machi="95" ten="30,3900,0" yaku="1,1,7,1,54,1,53,0" doraHai="62" doraHaiUra="4" who="2" fromWho="3" sc="370,0,205,0,215,62,190,-42" /><INIT seed="4,0,0,1,5,82" ten="370,205,277,148" oya="0" hai0="78,58,119,98,62,1,65,91,54,92,77,122,9" hai1="22,20,53,107,94,80,113,103,81,112,36,114,59" hai2="32,44,74,12,61,73,106,56,68,23,99,102,86" hai3="30,39,45,7,121,125,66,132,29,48,85,117,128"/><T133/><D122/><U34/><E34/><V97/><F32/><W89/><G117/><T84/><D119/><U71/><E71/><V4/><F68/><W126/><G39/><T120/><D120/><U88/><E36/><V100/><F44/><W76/><G121/><T101/><D133/><U67/><E67/><V57/><F86/><W19/><G132/><T10/><D65/><U31/><E107/><V134/><F134/><W118/><G118/><T2/><D2/><U83/><E103/><V110/><F110/><W111/><G111/><T38/><D38/><U90/><E31/><V69/><F69/><W96/><G66/><T127/><D127/><N who="3" m="48649" /><G7/><T17/><D9/><U41/><E41/><V129/><F129/><W6/><G6/><T0/><D0/><U64/><E64/><V35/><F35/><W79/><G96/><T55/><D55/><U104/><E104/><V51/><F4/><W43/><G19/><T93/><D1/><U8/><E8/><V47/><F99/><W115/><G128/><T116/><D116/><U27/><E27/><V28/><F102/><W11/><G11/><T131/><D131/><U40/><E40/><V50/><F12/><AGARI ba="0,0" hai="10,12,17,54,58,62,77,78,84,91,92,93,98,101" machi="12" ten="40,3900,0" yaku="8,1,52,1" doraHai="82" who="0" fromWho="2" sc="370,39,205,0,277,-39,148,0" /><INIT seed="4,1,0,2,1,108" ten="409,205,238,148" oya="0" hai0="76,119,25,18,80,79,0,120,16,135,4,129,59" hai1="122,113,101,60,103,68,14,66,116,71,131,75,98" hai2="3,53,2,83,42,130,102,32,35,61,27,115,118" hai3="45,31,132,81,52,86,26,39,11,97,73,91,38"/><T93/><D120/><U34/><E122/><V107/><F115/><W126/><G126/><T84/><D119/><U23/><E75/><V44/><F130/><W114/><G114/><T7/><D0/><U17/><E116/><V99/><F118/><W78/><G132/><T92/><D135/><U112/><E131/><V37/><F83/><W43/><G97/><T62/><D76/><U123/><E123/><V88/><F53/><W87/><G11/><T8/><D18/><U110/><E110/><V15/><F15/><W40/><G91/><T70/><D70/><U67/><E34/><V63/><F63/><W54/><G86/><T55/><D129/><U127/><E127/><V9/><F88/><W21/><REACH who="3" step="1"/><G73/><REACH who="3" ten="409,205,238,138" step="2"/><T121/><D121/><U69/><E103/><V51/><F9/><W106/><G106/><T82/><D8/><U65/><REACH who="1" step="1"/><E60/><REACH who="1" ten="409,195,238,138" step="2"/><V104/><F61/><W24/><G24/><T49/><D62/><U20/><E20/><V13/><F27/><W117/><G117/><T128/><D128/><U47/><E47/><AGARI ba="1,2" hai="21,26,31,38,39,40,43,45,47,52,54,78,81,87" machi="47" ten="40,8000,1" yaku="1,1,9,1,54,1,53,2" doraHai="108" doraHaiUra="36" who="3" fromWho="1" sc="409,0,195,-83,238,0,138,103" /><INIT seed="5,0,0,5,0,62" ten="409,112,238,241" oya="1" hai0="83,49,26,95,119,98,24,91,75,64,4,11,13" hai1="0,97,60,54,56,74,71,113,9,47,114,130,92" hai2="2,121,16,129,128,101,135,20,14,52,123,7,42" hai3="6,99,76,132,96,78,46,133,45,81,19,5,88"/><U118/><E118/><V120/><F42/><W109/><G109/><T1/><D1/><U126/><E126/><V90/><F101/><W37/><G19/><T33/><D33/><U85/><E74/><V105/><F105/><W107/><G107/><T86/><D75/><U32/><E32/><V17/><F90/><W43/><G88/><N who="0" m="55655" /><D119/><U55/><E130/><N who="2" m="50283" /><F135/><W117/><G117/><T131/><D131/><U93/><E71/><V66/><F66/><W94/><G94/><T70/><D64/><U15/><E0/><V35/><F35/><W58/><G43/><T72/><D70/><U79/><E47/><V89/><F89/><W36/><REACH who="3" step="1"/><G58/><REACH who="3" ten="409,112,238,231" step="2"/><T124/><D124/><U80/><E55/><V23/><F52/><W57/><G57/><T112/><D112/><N who="1" m="43115" /><E97/><V115/><F115/><W63/><G63/><T122/><D122/><U77/><E77/><V110/><F110/><W34/><G34/><T73/><D73/><U10/><E10/><N who="2" m="2423" /><F123/><W67/><G67/><T50/><D72/><U108/><E108/><V82/><F82/><AGARI ba="0,1" hai="5,6,36,37,45,46,76,78,81,82,96,99,132,133" machi="82" ten="25,3200,0" yaku="1,1,22,2,53,0" doraHai="62" doraHaiUra="39" who="3" fromWho="2" sc="409,0,112,0,238,-32,231,42" /><INIT seed="6,0,0,5,4,32" ten="409,112,206,273" oya="2" hai0="127,94,101,107,103,68,86,96,14,47,119,0,128" hai1="123,91,115,77,95,111,65,130,16,70,53,30,33" hai2="69,124,126,21,82,56,60,129,59,117,35,3,48" hai3="24,50,74,110,54,34,84,10,63,43,73,28,23"/><V85/><F35/><W40/><G110/><T45/><D0/><U31/><E111/><V75/><F117/><W42/><G63/><T97/><D68/><U15/><E115/><V83/><F3/><W122/><G122/><T99/><D127/><U118/><E118/><V98/><F129/><W100/><G34/><T12/><D128/><U106/><E130/><V26/><F98/><W44/><G100/><N who="0" m="38475" /><D107/><U131/><E131/><V76/><F48/><W104/><G104/><T51/><D119/><U7/><E106/><V58/><F69/><W102/><G102/><T25/><D25/><U108/><E108/><V38/><F38/><W2/><G84/><T6/><D6/><U17/><E7/><V92/><F92/><W20/><G20/><T41/><D47/><U112/><E112/><V46/><F46/><W79/><G79/><T109/><D109/><U89/><E77/><V62/><F83/><W22/><G22/><T61/><D61/><U4/><E33/><V8/><F8/><W9/><REACH who="3" step="1"/><G9/><REACH who="3" ten="409,112,206,263" step="2"/><T49/><D86/><U133/><E123/><V134/><F85/><W52/><G52/><T55/><D97/><U13/><E53/><V71/><F71/><W36/><G36/><T27/><D99/><U93/><E70/><V114/><F62/><W125/><G125/><T113/><D96/><U132/><REACH who="1" step="1"/><E4/><AGARI ba="0,1" hai="2,4,10,23,24,28,40,42,43,44,50,54,73,74" machi="4" ten="40,5200,0" yaku="1,1,52,1,53,1" doraHai="32" doraHaiUra="1" who="3" fromWho="1" sc="409,0,112,-52,206,0,263,62" /><INIT seed="7,0,0,5,1,82" ten="409,60,206,325" oya="3" hai0="35,125,55,112,23,87,81,68,3,36,74,129,94" hai1="16,134,103,15,127,75,100,52,61,89,121,48,97" hai2="73,40,92,14,78,67,51,93,38,7,8,110,27" hai3="119,13,45,31,34,22,108,117,12,9,10,25,79"/><W30/><G79/><T105/><RYUUKYOKU type="yao9" ba="0,0" sc="409,0,60,0,206,0,325,0" hai0="3,23,35,36,55,68,74,81,87,94,105,112,125,129" /><INIT seed="7,1,0,1,1,118" ten="409,60,206,325" oya="3" hai0="26,44,80,82,89,27,52,95,56,110,122,119,116" hai1="30,112,72,69,117,61,87,28,66,57,2,21,132" hai2="47,43,123,92,102,49,41,96,36,23,1,33,70" hai3="108,65,40,51,7,83,3,130,76,37,35,14,109"/><W134/><G35/><T18/><D122/><U50/><E72/><V5/><F70/><W99/><G130/><T100/><D110/><N who="3" m="42601" /><G134/><T135/><D135/><U115/><E87/><V107/><F123/><W20/><G37/><T94/><D119/><U113/><E2/><V97/><F33/><W15/><G65/><T62/><D116/><U79/><E79/><V46/><F23/><W13/><G99/><N who="0" m="59519" /><D44/><U98/><E98/><V11/><F97/><W104/><G104/><T42/><D42/><U31/><E117/><V120/><F120/><W86/><G20/><N who="0" m="13591" /><D27/><U55/><REACH who="1" step="1"/><E132/><REACH who="1" ten="409,50,206,325" step="2"/><V103/><F1/><W93/><G93/><T75/><D75/><U105/><E105/><V22/><F107/><W63/><G63/><T84/><AGARI ba="1,1" hai="52,56,62,80,82,84,89,94" m="13591,59519" machi="84" ten="30,2000,0" yaku="8,1,54,1" doraHai="118" who="0" fromWho="0" sc="409,33,50,-6,206,-6,325,-11" owari="442,55.0,44,-46.0,200,-20.0,314,11.0" /></mjloggm>