<mjloggm ver="2.3"><GO type="169" lobby="0"/><UN n0="%E3%82%A6%E3%83%AB%E3%83%88%E3%83%A9%E7%AB%8B%E7%9B%B4" n1="%73%68%61%6F" n2="%E3%83%AA%E3%83%B3%E3%82%AC%E3%83%B3%E3%82%BF%E3%83%AB%E3%83%91%E3%82%BA" n3="%67%6F%75%73%69" dan="17,17,16,18" rate="2119.38,2148.94,2094.98,2254.11" sx="M,M,M,M"/><TAIKYOKU oya="0"/><INIT seed="0,0,0,2,3,28" ten="250,250,250,250" oya="0" hai0="81,131,44,86,11,52,127,109,101,31,1,42,126" hai1="51,132,110,75,105,83,43,77,50,71,94,90,34" hai2="84,59,62,35,119,45,26,33,53,54,61,111,12" hai3="29,66,103,9,55,39,25,118,122,100,128,112,3"/><T92/><D131/><U20/><E105/><V130/><F130/><W48/><G39/><T65/><D65/><U107/><E107/><V22/><F119/><W117/><G128/><T121/><D121/><U19/><E71/><V79/><F111/><W47/><G122/><T49/><D31/><U73/><E73/><V67/><F12/><W15/><G3/><T104/><D104/><U64/><E110/><V27/><F45/><W40/><G112/><T134/><D109/><U82/><E64/><V106/><F106/><W72/><G72/><T129/><D129/><U24/><E132/><V116/><F116/><W74/><G74/><T102/><D134/><U2/><E2/><V85/><F67/><W133/><G133/><T16/><D42/><U5/><E5/><V98/><F98/><W96/><G66/><T69/><D69/><U91/><E43/><V63/><F22/><W38/><G100/><T30/><D30/><U7/><E7/><V120/><F120/><W6/><G96/><T17/><D1/><U108/><E108/><V4/><F4/><W99/><G99/><N who="0" m="59623" /><D102/><U56/><E34/><V70/><F70/><W123/><G103/><T76/><D11/><U87/><REACH who="1" step="1"/><E56/><REACH who="1" ten="250,240,250,250" step="2"/><V89/><F59/><W10/><G123/><T8/><D8/><U80/><E80/><V21/><F35/><W18/><G10/><T124/><AGARI ba="0,1" hai="16,17,44,49,52,76,81,86,124,126,127" m="59623" machi="124" ten="30,6000,0" yaku="18,1,54,2" doraHai="28" who="0" fromWho="0" sc="250,70,240,-20,250,-20,250,-20" /><INIT seed="0,1,0,5,1,116" ten="320,220,230,230" oya="0" hai0="132,119,68,133,88,16,15,21,11,48,129,23,8" hai1="104,51,107,122,86,78,35,84,69,117,34,130,60" hai2="96,83,14,113,123,53,31,95,3,55,7,17,76" hai3="38,105,41,100,27,47,44,37,87,66,39,45,46"/><T102/><D68/><U81/><E117/><V72/><F113/><W13/><G105/><T85/><D102/><U98/><E130/><V40/><F123/><W28/><G100/><T112/><D112/><U77/><E122/><V0/><F31/><W91/><G13/><T109/><D119/><U24/><E51/><V30/><F30/><W1/><G66/><T103/><D103/><N who="1" m="62583" /><E107/><V94/><F40/><W114/><G1/><T89/><D129/><U65/><E35/><V22/><F95/><W108/><G108/><T20/><D109/><U70/><E70/><V71/><F71/><W32/><REACH who="3" step="1"/><G114/><REACH who="3" ten="320,220,230,220" step="2"/><T49/><D133/><U124/><E124/><V57/><F7/><W101/><G101/><T90/><D132/><U131/><E131/><V127/><F127/><W42/><G42/><T2/><D2/><U64/><E65/><V97/><F55/><W10/><G10/><T50/><REACH who="0" step="1"/><D11/><REACH who="0" ten="310,220,230,220" step="2"/><U26/><E69/><V75/><F3/><W67/><G67/><T73/><D73/><U43/><E64/><V59/><F0/><W54/><G54/><T79/><D79/><U62/><E78/><V80/><F53/><W128/><G128/><T58/><D58/><U110/><E77/><V61/><F59/><W125/><G125/><T25/><D25/><U92/><E26/><V6/><F57/><W99/><G99/><T63/><D63/><U135/><E110/><V120/><F61/><W134/><G134/><T121/><D121/><U29/><E135/><V106/><F76/><W36/><G36/><T56/><D56/><U93/><E62/><V126/><F75/><RYUUKYOKU ba="1,2" sc="310,15,220,-15,230,-15,220,15" hai0="8,15,16,20,21,23,48,49,50,85,88,89,90" hai3="27,28,32,37,38,39,41,44,45,46,47,87,91" /><INIT seed="0,2,2,5,4,92" ten="325,205,215,235" oya="0" hai0="74,97,129,112,64,125,111,29,51,10,36,42,83" hai1="117,134,41,93,88,71,28,101,75,76,100,19,12" hai2="21,70,45,52,25,26,69,39,86,17,34,8,57" hai3="18,79,33,94,61,82,1,13,22,23,15,2,127"/><T27/><D112/><U9/><E117/><V121/><F121/><W109/><G33/><T90/><D36/><U32/><E71/><V58/><F8/><W118/><G118/><T7/><D64/><U38/><E134/><V20/><F34/><W24/><G127/><T107/><D125/><U120/><E120/><V98/><F86/><W16/><G109/><T132/><D132/><U89/><E89/><V130/><F130/><W78/><G24/><T85/><D74/><U14/><E76/><V47/><F98/><W115/><G115/><T104/><D129/><U108/><E75/><V119/><F119/><W55/><G94/><N who="0" m="56535" /><D111/><U128/><E128/><V96/><F96/><W77/><G82/><T114/><D114/><U87/><E108/><V133/><F133/><W40/><G40/><T4/><D104/><U0/><E0/><V81/><F81/><W105/><G105/><T44/><D10/><U91/><E91/><V53/><F39/><W37/><G37/><T49/><D49/><U54/><E54/><V43/><F43/><W72/><G72/><T102/><D102/><U124/><E124/><V35/><F35/><W135/><G135/><T11/><D11/><U5/><E38/><V31/><F17/><W113/><G113/><T99/><D99/><U95/><E41/><V60/><F60/><W116/><G116/><T110/><D110/><U123/><E123/><V59/><F59/><AGARI ba="2,2" hai="1,2,13,15,16,18,22,23,55,59,61,77,78,79" machi="59" ten="40,2600,0" yaku="9,1,54,1" doraHai="92" who="3" fromWho="2" sc="325,0,205,0,215,-32,235,52" /><INIT seed="1,0,0,2,0,80" ten="325,205,183,287" oya="1" hai0="73,16,70,92,34,13,86,54,122,15,88,87,21" hai1="102,46,130,71,134,100,107,49,10,27,76,98,121" hai2="2,78,64,91,33,132,19,44,6,108,61,106,20" hai3="109,117,77,57,129,82,23,89,67,4,113,126,97"/><U94/><E121/><V60/><F33/><W65/><G113/><T3/><D34/><U79/><E71/><V14/><F132/><W32/><G32/><T135/><D73/><U48/><E134/><V5/><F108/><W11/><G126/><T123/><D3/><U120/><E120/><N who="0" m="46121" /><D135/><U111/><E111/><V38/><F106/><W84/><G117/><T119/><D119/><U74/><E130/><V56/><F78/><W45/><G129/><T47/><D70/><U66/><E66/><V128/><F128/><W43/><G57/><T39/><D13/><U37/><E37/><V1/><F61/><W12/><G23/><T42/><D54/><U8/><E49/><V127/><F127/><W36/><G109/><T118/><D118/><U75/><E75/><V24/><F91/><W53/><G53/><T112/><D112/><U7/><E27/><V131/><F131/><W26/><G26/><T115/><D115/><U0/><E10/><V55/><F24/><W63/><G63/><T90/><D90/><U104/><E74/><V25/><F25/><W51/><G36/><T99/><AGARI ba="0,0" hai="15,16,21,39,42,47,86,87,88,92,99" m="46121" machi="99" ten="30,8000,1" yaku="13,1,52,2,54,2" doraHai="80" who="0" fromWho="0" sc="325,80,205,-40,183,-20,287,-20" /><INIT seed="2,0,0,0,0,110" ten="405,165,163,267" oya="2" hai0="24,94,106,41,133,80,90,14,113,0,72,30,64" hai1="51,128,81,53,57,95,71,88,78,26,61,18,70" hai2="4,62,101,19,93,32,108,75,49,122,31,76,118" hai3="63,79,68,48,98,99,119,47,131,114,45,115,69"/><V20/><F108/><W86/><G119/><T2/><D106/><U107/><E107/><V43/><F118/><W1/><G1/><T120/><D113/><N who="3" m="43017" /><G131/><T34/><D64/><U117/><E117/><V10/><F122/><W5/><G5/><T55/><D41/><U60/><E128/><V83/><F62/><W135/><G135/><T126/><D55/><U15/><E26/><V3/><F32/><W97/><G63/><T130/><D14/><U125/><E125/><V116/><F116/><W22/><G22/><T52/><D24/><U67/><E71/><N who="3" m="27210" /><G48/><T74/><D34/><U102/><E61/><V7/><F7/><W85/><G79/><T91/><D0/><U105/><E70/><V37/><F49/><W36/><G36/><T87/><D2/><U73/><E51/><V42/><F31/><W13/><G13/><T38/><D30/><U92/><E15/><V21/><F19/><W123/><G123/><T8/><D38/><U9/><E18/><V82/><F82/><W66/><G66/><T111/><D80/><U112/><E112/><V6/><F6/><W121/><G121/><T44/><D120/><U109/><E67/><V89/><F101/><W103/><G103/><T58/><D130/><U77/><E102/><V46/><REACH who="2" step="1"/><F43/><REACH who="2" ten="405,165,153,267" step="2"/><W132/><G132/><T124/><D133/><U29/><E81/><V54/><F54/><W56/><G56/><T84/><D52/><U25/><E53/><V39/><F39/><W16/><G16/><T96/><D58/><U27/><E57/><V127/><F127/><W50/><G50/><T129/><D124/><RYUUKYOKU ba="0,1" sc="405,-15,165,-15,153,15,267,15" hai2="3,4,10,20,21,37,42,46,75,76,83,89,93" hai3="45,47,85,86,97,98,99" /><INIT seed="2,1,1,3,2,39" ten="390,150,168,282" oya="2" hai0="71,64,112,32,8,100,4,67,135,103,132,61,44" hai1="56,15,50,29,11,76,104,62,37,102,18,52,98" hai2="43,81,134,40,117,114,49,128,7,41,35,14,38" hai3="126,127,12,33,53,131,85,125,36,34,107,111,94"/><V116/><F38/><W97/><G111/><T93/><D32/><U105/><E37/><V82/><F35/><W95/><G107/><T84/><D112/><U113/><E113/><V3/><F114/><W68/><G68/><T83/><D67/><U115/><E115/><V28/><F3/><W66/><G66/><T91/><D44/><U6/><E29/><V121/><F121/><W86/><G131/><T19/><D19/><U130/><E130/><V51/><F128/><W77/><G36/><T120/><D120/><U2/><E76/><V92/><F134/><N who="0" m="51242" /><D93/><U109/><E109/><V58/><F28/><W88/><G12/><AGARI ba="1,1" hai="4,8,12,61,64,71,83,84,91,100,103" m="51242" machi="12" ten="30,1000,0" yaku="20,1" doraHai="39" who="0" fromWho="3" sc="390,23,150,0,168,0,282,-13" /><INIT seed="3,0,0,4,4,29" ten="413,150,168,269" oya="3" hai0="99,20,8,53,23,102,118,131,42,71,83,98,89" hai1="87,21,124,133,93,48,46,82,5,63,24,14,18" hai2="15,62,65,17,59,34,101,3,45,26,114,81,41" hai3="72,19,30,96,31,47,129,76,74,66,36,10,85"/><W92/><G129/><T86/><D71/><U35/><E124/><V109/><F3/><W128/><G128/><T4/><D118/><U79/><E133/><V69/><F114/><W56/><G36/><T104/><D42/><U38/><E38/><V75/><F109/><W78/><G47/><T132/><D132/><U95/><E63/><V0/><F0/><W13/><G74/><T119/><D119/><U44/><E44/><V110/><F110/><W117/><G72/><T73/><D73/><U103/><E103/><V1/><F1/><W9/><G9/><T32/><D32/><U50/><E50/><V84/><F75/><W113/><G113/><T68/><D68/><U25/><E35/><V120/><F120/><W108/><G108/><T135/><D135/><U57/><E57/><V49/><F101/><W107/><G107/><T126/><D126/><U123/><E123/><V58/><F26/><N who="1" m="10345" /><E5/><V51/><F51/><W52/><G66/><T39/><D39/><U28/><E28/><N who="3" m="10794" /><G85/><T40/><D131/><U105/><E105/><V116/><F116/><W111/><G111/><T94/><D40/><AGARI ba="0,0" hai="14,18,21,40,46,48,79,82,87,93,95" m="10345" machi="40" ten="30,1000,0" yaku="8,1" doraHai="29" who="1" fromWho="0" sc="413,-10,150,10,168,0,269,0" /><INIT seed="4,0,0,5,3,121" ten="403,160,168,269" oya="0" hai0="130,45,4,128,59,129,98,120,108,7,48,40,55" hai1="12,58,122,80,52,27,111,83,70,123,9,103,46" hai2="113,10,31,16,99,8,106,77,107,133,91,78,35" hai3="53,49,85,109,5,22,95,125,82,1,74,63,30"/><T89/><D120/><U20/><E70/><V71/><F71/><W90/><G63/><T68/><D68/><U94/><E46/><V126/><F31/><W65/><G65/><T41/><D108/><U33/><E33/><V127/><F35/><W51/><G51/><T110/><D110/><U28/><E111/><V119/><F91/><W132/><G132/><T17/><D17/><U135/><E135/><V124/><F133/><W105/><G105/><N who="2" m="39945" /><F119/><W93/><G125/><T3/><D3/><U92/><E122/><V75/><F113/><W47/><G109/><T43/><REACH who="0" step="1"/><D59/><REACH who="0" ten="393,160,168,269" step="2"/><U14/><E123/><V29/><F29/><W42/><G1/><T84/><D84/><U60/><E14/><V96/><F16/><W44/><G5/><T13/><D13/><U67/><E12/><V61/><F75/><W0/><G74/><T62/><D62/><U50/><E9/><N who="2" m="3691" /><F61/><W88/><G0/><T23/><D23/><U115/><E60/><V72/><F72/><W100/><G22/><T32/><D32/><U101/><E20/><V56/><F56/><W21/><G21/><T39/><D39/><U116/><E58/><V18/><F18/><W6/><G6/><T24/><D24/><U25/><E27/><V76/><AGARI ba="0,1" hai="76,77,78,96,99,124,126,127" m="3691,39945" machi="76" ten="40,5200,0" yaku="28,2,18,1" doraHai="121" who="2" fromWho="2" sc="393,-26,160,-13,168,62,269,-13" /><INIT seed="5,0,0,2,4,77" ten="367,147,230,256" oya="1" hai0="57,19,111,47,10,15,103,79,87,65,72,116,86" hai1="35,44,38,73,31,49,56,97,81,92,121,96,50" hai2="100,70,17,14,74,115,4,110,34,52,126,130,105" hai3="88,25,7,67,64,119,114,3,26,80,84,125,43"/><U8/><E121/><V135/><RYUUKYOKU type="yao9" ba="0,0" sc="367,0,147,0,230,0,256,0" hai2="4,14,17,34,52,70,74,100,105,110,115,126,130,135" /><INIT seed="5,1,0,0,5,69" ten="367,147,230,256" oya="1" hai0="64,65,4,135,91,93,19,20,41,6,133,121,81" hai1="99,33,3,53,97,56,86,39,98,75,26,13,28" hai2="22,101,107,68,112,88,103,127,49,38,10,1,46" hai3="24,60,72,129,132,48,108,47,100,125,90,52,42"/><U23/><E75/><V126/><F68/><W82/><G108/><T102/><D41/><U77/><E3/><V30/><F112/><W104/><G104/><T128/><D81/><U54/><E39/><V111/><F111/><W17/><G129/><T84/><D102/><U58/><E33/><V118/><F118/><W67/><G100/><T0/><D128/><U113/><E113/><V124/><F38/><W21/><G132/><N who="0" m="50763" /><D121/><U40/><E40/><N who="2" m="24775" /><F107/><W122/><G125/><T105/><D105/><U9/><E58/><V43/><F43/><W73/><G122/><T123/><D123/><U55/><E56/><V12/><F1/><W131/><G131/><T83/><D83/><N who="1" m="47471" /><E55/><V59/><F59/><W32/><G32/><T25/><D0/><U7/><AGARI ba="1,0" hai="7,9,13,23,26,28,53,54,97,98,99" m="47471" machi="7" ten="30,1500,0" yaku="8,1" doraHai="69" who="1" fromWho="1" sc="367,-6,147,18,230,-6,256,-6" /><INIT seed="5,2,0,5,1,26" ten="361,165,224,250" oya="1" hai0="89,23,126,114,116,45,2,33,28,105,9,22,42" hai1="77,21,110,73,58,47,56,125,14,69,131,8,129" hai2="7,49,91,98,70,50,44,36,64,67,6,121,120" hai3="100,134,43,72,99,109,88,104,81,38,16,53,24"/><U65/><E110/><V117/><F36/><W17/><G109/><T48/><D105/><U71/><E125/><V54/><F117/><W80/><G43/><T76/><D76/><U124/><E124/><V83/><F70/><W61/><G38/><T20/><D116/><U130/><E47/><V30/><F98/><W111/><G134/><T4/><D114/><U93/><E21/><V27/><F121/><W41/><G41/><T115/><D115/><U97/><E77/><V13/><F120/><W84/><G111/><T34/><D126/><U46/><E46/><V35/><F50/><W86/><G72/><T29/><D89/><N who="1" m="55471" /><E73/><V66/><REACH who="2" step="1"/><F13/><REACH who="2" ten="361,165,214,250" step="2"/><W10/><G99/><T52/><REACH who="0" step="1"/><D42/><REACH who="0" ten="351,165,214,250" step="2"/><U40/><E40/><V113/><F113/><W31/><G104/><T5/><D5/><N who="1" m="3343" /><E71/><V118/><F118/><W79/><G79/><T60/><D60/><AGARI ba="2,2" hai="56,58,60,65,69,129,130,131" m="3343,55471" machi="60" ten="30,1500,0" yaku="19,1" doraHai="26" who="1" fromWho="0" sc="351,-21,165,41,214,0,250,0" /><INIT seed="5,3,0,5,2,29" ten="330,206,214,250" oya="1" hai0="127,56,28,43,115,70,57,125,10,27,60,4,66" hai1="79,45,99,47,91,2,6,67,121,31,62,59,3" hai2="49,75,34,73,78,104,13,87,128,54,89,48,126" hai3="8,50,82,61,83,102,23,81,134,109,116,93,11"/><U39/><E121/><V98/><F128/><W129/><G109/><T95/><D43/><U52/><E79/><V103/><F126/><N who="0" m="48138" /><D95/><U117/><E117/><V21/><F34/><W16/><G129/><T113/><D57/><U135/><E135/><V35/><F35/><W41/><G134/><T36/><D56/><U118/><E118/><V96/><F96/><N who="3" m="59663" /><G61/><T44/><D44/><U133/><E133/><V130/><F130/><W19/><G116/><T15/><D36/><U111/><E111/><V9/><F21/><AGARI ba="3,0" hai="4,10,15,21,27,28,60,66,70,113,115" m="48138" machi="21" ten="30,1000,0" yaku="18,1" doraHai="29" who="0" fromWho="2" sc="330,19,206,0,214,-19,250,0" /><INIT seed="6,0,0,5,4,36" ten="349,206,195,250" oya="2" hai0="9,67,84,90,8,10,28,43,61,102,100,116,105" hai1="60,78,70,98,22,127,104,128,64,129,96,40,31" hai2="82,99,95,63,17,7,44,87,71,106,101,68,26" hai3="131,34,97,112,132,73,92,33,41,113,3,24,1"/><V130/><F130/><N who="1" m="50281" /><E127/><V14/><F7/><W15/><G131/><T27/><D43/><U39/><E78/><V86/><F26/><W77/><G77/><T0/><D0/><U35/><E35/><V62/><F106/><W72/><G15/><T6/><D6/><U2/><E2/><V5/><F5/><W30/><G34/><T94/><D105/><U83/><E83/><V48/><F71/><W126/><G126/><T50/><D50/><U80/><E80/><V110/><F110/><W23/><G33/><T54/><D54/><U135/><E135/><V18/><F68/><W49/><G132/><T114/><D114/><N who="3" m="44137" /><G72/><T37/><D37/><U20/><E104/><V55/><F18/><W45/><G73/><T42/><D42/><U51/><E39/><V69/><F69/><W47/><G47/><T66/><D116/><U11/><E11/><N who="2" m="6367" /><F86/><W107/><G107/><T124/><D124/><U115/><E115/><V52/><F55/><W125/><G125/><T53/><D53/><U134/><E134/><V65/><F65/><W109/><G109/><T91/><D66/><U122/><E122/><V76/><AGARI ba="0,0" hai="44,48,52,62,63,76,82,87,95,99,101" m="6367" machi="76" ten="30,3000,0" yaku="8,1,54,1" doraHai="36" who="2" fromWho="2" sc="349,-10,206,-10,195,30,250,-10" /><INIT seed="6,1,0,5,2,111" ten="339,196,225,240" oya="2" hai0="3,64,104,29,76,132,1,120,46,82,118,4,10" hai1="45,92,35,94,49,13,87,99,20,51,6,50,126" hai2="97,73,109,134,70,28,117,44,23,43,38,41,36" hai3="130,42,113,19,59,135,63,61,77,122,127,25,65"/><V131/><F109/><W128/><G77/><T108/><D104/><U33/><E126/><V107/><F117/><W74/><G74/><T67/><D3/><U86/><E35/><V54/><F134/><W75/><G75/><T18/><D120/><U47/><E33/><V62/><F131/><W85/><G85/><T115/><D29/><U66/><E66/><V22/><F73/><W12/><G122/><T83/><D18/><U57/><E57/><V96/><F54/><W40/><G25/><T84/><D46/><U123/><E123/><V58/><F70/><W5/><G5/><T119/><D132/><U121/><E121/><V100/><F97/><W16/><G135/><T114/><D83/><U79/><E94/><V112/><F112/><N who="0" m="43050" /><D108/><U101/><E79/><V72/><F72/><W98/><G113/><T129/><D129/><U14/><E47/><V48/><F43/><W125/><G12/><T53/><D53/><U8/><E45/><V102/><F102/><W78/><G128/><T27/><D27/><U93/><E92/><V7/><F7/><W68/><G130/><T37/><D37/><U88/><E101/><V110/><F110/><W55/><G55/><T60/><D67/><U106/><E106/><V103/><F103/><W34/><G65/><T32/><D32/><U90/><E90/><V17/><F28/><W91/><G34/><T71/><AGARI ba="1,0" hai="1,4,10,60,64,71,76,82,84,118,119" m="43050" machi="71" ten="30,7900,0" yaku="15,1,52,3" doraHai="111" who="0" fromWho="0" sc="339,82,196,-21,225,-40,240,-21" /><INIT seed="7,0,0,1,4,20" ten="421,175,185,219" oya="3" hai0="118,114,115,95,61,51,66,37,127,67,57,100,19" hai1="34,133,7,64,48,62,17,28,112,134,106,123,130" hai2="25,70,54,63,97,89,72,105,75,91,13,129,3" hai3="16,116,81,65,109,132,50,41,23,1,47,128,108"/><W8/><G116/><T131/><D37/><U126/><E123/><V85/><F3/><W4/><G65/><T42/><D118/><U45/><E106/><V86/><F129/><W36/><G132/><N who="1" m="50794" /><E130/><V33/><F13/><W10/><G10/><T9/><D127/><U104/><E104/><V122/><F122/><W71/><G71/><T6/><D19/><U110/><E126/><V2/><F2/><W117/><G117/><T55/><D131/><U103/><E103/><V73/><F105/><W24/><G128/><T119/><D119/><U78/><E110/><N who="3" m="42602" /><G81/><T40/><D67/><U21/><E112/><N who="0" m="43049" /><D100/><U83/><E7/><V22/><F33/><W99/><G99/><T15/><D95/><U94/><E94/><V107/><F107/><W29/><G29/><T102/><D102/><U39/><E39/><AGARI ba="0,0" hai="1,4,8,16,23,24,36,39,41,47,50" m="42602" machi="39" ten="30,5800,0" yaku="10,1,52,1,54,1" doraHai="20" who="3" fromWho="1" sc="421,0,175,-58,185,0,219,58" /><INIT seed="7,1,0,0,2,112" ten="421,117,185,277" oya="3" hai0="70,46,13,55,41,133,117,4,119,100,45,91,87" hai1="29,93,74,66,104,68,79,53,56,58,72,10,127" hai2="51,18,84,67,24,33,37,116,103,9,120,83,129" hai3="47,95,121,82,101,52,44,89,107,40,105,69,131"/><W99/><G69/><T22/><D70/><U109/><E104/><V20/><F37/><W21/><G121/><T73/><D73/><U5/><E109/><V61/><F120/><W25/><G82/><T34/><D34/><U19/><E127/><V42/><F129/><W111/><G131/><T2/><D100/><U135/><E135/><V128/><F128/><W134/><G134/><T113/><D133/><U43/><E68/><V124/><F124/><W59/><G111/><T132/><D132/><U38/><E29/><V102/><F33/><W16/><G101/><T60/><D113/><U27/><E93/><V106/><F103/><W80/><G80/><T35/><D35/><U0/><E66/><V28/><F102/><W14/><G14/><T12/><D2/><U118/><E74/><V3/><F106/><W31/><G47/><T110/><D110/><U1/><E1/><V11/><F11/><W97/><G97/><T98/><D119/><U76/><E76/><V36/><F36/><W63/><G31/><T39/><D117/><U77/><E77/><V62/><F116/><W6/><G6/><T114/><D114/><U123/><E123/><V96/><F96/><W17/><G17/><T92/><D98/><U108/><E118/><V65/><F3/><W75/><G75/><T7/><D13/><U130/><E108/><V115/><F115/><W64/><G64/><N who="2" m="24649" /><F28/><W15/><G15/><T94/><D94/><U125/><E125/><V122/><F122/><W81/><G81/><T57/><D46/><N who="1" m="23927" /><E130/><V26/><F26/><W50/><AGARI ba="1,0" hai="16,21,25,40,44,50,52,59,63,89,95,99,105,107" machi="50" ten="20,18000,2" yaku="0,1,7,1,25,2,54,2" doraHai="112" who="3" fromWho="3" sc="421,-61,117,-61,185,-61,277,183" owari="360,16.0,56,-44.0,124,-28.0,460,56.0" /></mjloggm>