<mjloggm ver="2.3"><GO type="169" lobby="0"/><UN n0="%E3%83%89%E3%83%BC%E3%83%B3%E3%83%89" n1="%61%31%33%31%38%34%38" n2="%E3%82%A6%E3%83%AB%E3%83%88%E3%83%A9%E7%AB%8B%E7%9B%B4" n3="%E3%83%A0%E3%83%A1%E3%82%A4" dan="16,16,17,16" rate="2038.66,2120.70,2150.38,2065.60" sx="M,M,M,M"/><TAIKYOKU oya="0"/><INIT seed="0,0,0,2,4,21" ten="250,250,250,250" oya="0" hai0="37,61,83,134,55,42,126,106,120,19,96,27,121" hai1="14,1,23,50,60,118,135,7,109,107,39,104,52" hai2="59,113,71,2,77,122,133,47,40,68,89,66,131" hai3="114,64,74,3,8,81,30,31,94,84,78,65,115"/><T51/><D126/><U38/><E118/><V112/><F2/><W73/><G73/><T116/><D116/><U15/><E109/><V26/><F77/><W12/><G3/><T36/><D61/><U95/><E135/><V46/><F89/><W41/><G41/><T85/><D134/><U79/><E1/><V75/><F75/><W44/><G44/><T70/><D70/><U127/><E127/><V67/><F133/><W33/><G115/><T69/><D69/><U58/><E79/><V16/><F16/><W0/><G0/><T34/><D106/><U90/><E107/><V99/><F99/><W93/><G114/><T119/><D96/><U111/><E104/><V128/><F26/><W20/><G33/><T130/><D119/><U18/><E111/><V53/><F40/><W54/><G74/><T117/><D117/><U87/><E60/><V25/><F25/><N who="3" m="16679" /><G31/><N who="0" m="19839" /><D42/><U97/><E97/><V103/><F103/><W102/><G102/><T100/><D19/><U49/><E49/><V101/><F101/><W4/><G94/><T29/><D29/><U48/><E48/><V35/><F35/><W132/><G93/><T9/><D100/><U45/><E45/><V88/><F88/><W123/><G132/><T108/><D108/><U91/><E90/><V110/><F110/><W17/><G17/><T13/><D120/><U124/><E124/><V56/><F53/><W63/><G123/><AGARI ba="0,0" hai="46,47,56,59,66,67,68,71,112,113,122,123,128,131" machi="123" ten="25,8000,1" yaku="22,2,34,3" doraHai="21" who="2" fromWho="3" sc="250,0,250,0,250,80,250,-80" /><INIT seed="1,0,0,3,5,50" ten="250,250,330,170" oya="1" hai0="84,25,31,32,79,29,125,124,65,75,17,92,1" hai1="99,22,28,81,94,27,117,42,55,48,54,18,63" hai2="51,107,98,62,76,70,122,129,10,14,96,77,133" hai3="66,43,49,69,121,47,90,74,111,82,24,72,67"/><U100/><E117/><V0/><F0/><W80/><G121/><T87/><D1/><U52/><E81/><V30/><F122/><W39/><G111/><T45/><D75/><U3/><E3/><V97/><F107/><W38/><G38/><T5/><D5/><U56/><E28/><V132/><F30/><W15/><G24/><T128/><D65/><N who="1" m="39143" /><E42/><V12/><F129/><W71/><G71/><T44/><D128/><U89/><E100/><V86/><F62/><W60/><G67/><T61/><D61/><U73/><E73/><V88/><F70/><W116/><G116/><T53/><D32/><U19/><E18/><V57/><F133/><W9/><G39/><T95/><D17/><U33/><E33/><V83/><F132/><W104/><G104/><T64/><D64/><U8/><E8/><V13/><F10/><W11/><G11/><T106/><D106/><U37/><E37/><V58/><REACH who="2" step="1"/><F51/><AGARI ba="0,0" hai="19,22,27,48,51,52,54,55,89,94,99" m="39143" machi="51" ten="30,12000,1" yaku="8,1,52,3,54,1" doraHai="50" who="1" fromWho="2" sc="250,0,250,120,330,-120,170,0" /><INIT seed="1,1,0,2,0,125" ten="250,370,210,170" oya="1" hai0="50,75,92,36,26,81,114,130,74,54,70,126,0" hai1="1,24,30,103,65,15,49,82,127,131,123,135,132" hai2="14,73,57,102,86,113,128,116,47,25,58,18,68" hai3="17,120,89,4,94,80,121,63,9,106,129,76,33"/><U99/><E123/><V110/><F73/><W78/><G106/><T101/><D36/><U105/><E1/><V52/><F68/><W59/><G33/><T41/><D70/><U37/><E37/><V134/><F116/><W83/><G129/><T100/><D130/><U42/><E131/><V43/><F128/><W48/><G48/><T51/><D41/><U55/><E127/><V53/><F25/><W95/><G17/><T133/><D0/><U35/><E42/><V104/><F134/><N who="1" m="51241" /><E65/><V31/><F31/><W122/><G89/><T20/><D114/><U3/><E3/><V5/><F5/><W7/><G59/><T8/><D126/><U90/><E15/><V79/><F110/><W10/><REACH who="3" step="1"/><G122/><REACH who="3" ten="250,370,210,160" step="2"/><T64/><D51/><U71/><E71/><V27/><F58/><W119/><G119/><T84/><D50/><U16/><E16/><V46/><F57/><W72/><G72/><T28/><D75/><U85/><E49/><V67/><F18/><W61/><AGARI ba="1,1" hai="4,7,9,10,61,63,76,78,80,83,94,95,120,121" machi="61" ten="25,6400,0" yaku="1,1,0,1,22,2,53,0" doraHai="125" doraHaiUra="115" who="3" fromWho="3" sc="250,-17,370,-33,210,-17,160,77" /><INIT seed="2,0,0,2,4,76" ten="233,337,193,237" oya="2" hai0="112,133,33,126,4,94,114,66,40,0,119,69,72" hai1="89,34,63,122,49,48,68,99,11,92,38,123,132" hai2="70,25,9,2,39,129,113,75,36,105,8,73,80" hai3="98,102,116,71,28,14,23,1,10,37,107,77,47"/><V111/><F9/><W96/><G116/><T118/><D94/><U88/><E132/><V59/><F59/><W41/><G71/><T79/><D40/><U53/><E38/><V57/><F57/><W95/><G77/><T20/><D20/><U17/><E34/><V26/><F26/><W86/><G86/><T16/><D16/><U85/><E11/><V74/><F80/><W130/><G130/><T7/><D66/><N who="1" m="41055" /><E17/><V13/><F13/><W78/><G78/><T120/><D79/><U61/><E61/><V30/><F113/><W83/><G1/><T32/><D72/><U91/><E53/><V6/><F129/><W3/><G3/><T54/><D54/><U18/><E18/><V117/><F117/><W55/><G55/><T5/><D69/><U50/><E99/><V52/><F52/><W64/><G64/><T24/><D7/><U27/><E27/><V125/><F70/><W124/><G124/><T43/><D24/><U131/><E131/><V109/><F105/><W67/><G67/><T31/><D43/><U58/><E58/><V97/><F97/><W51/><G37/><N who="2" m="14409" /><F125/><W127/><G127/><T62/><D126/><U44/><E44/><V108/><F75/><W87/><G28/><T82/><D119/><U60/><E60/><V84/><F84/><W81/><G23/><AGARI ba="0,0" hai="2,6,8,23,25,30,73,74,108,109,111" m="14409" machi="23" ten="40,3900,0" yaku="14,1,10,1" doraHai="76" who="2" fromWho="3" sc="233,0,337,0,193,39,237,-39" /><INIT seed="2,1,0,5,2,5" ten="233,337,232,198" oya="2" hai0="130,81,24,119,18,101,88,22,36,100,31,61,131" hai1="122,123,59,27,20,9,98,13,3,74,52,56,83" hai2="55,91,25,32,58,73,49,75,65,124,42,45,80" hai3="10,94,54,135,62,68,71,108,90,112,72,102,107"/><V66/><F124/><W44/><G72/><T40/><D119/><U110/><E110/><V134/><F134/><W15/><G108/><T76/><D61/><U114/><E114/><V106/><F106/><W104/><G135/><T46/><D88/><U78/><E3/><V129/><F129/><N who="0" m="49162" /><D18/><N who="1" m="8495" /><E98/><V67/><F32/><W82/><G112/><T69/><D69/><U0/><E0/><V7/><F25/><W70/><G82/><T1/><D1/><U113/><E52/><V16/><F16/><W77/><G77/><T29/><D31/><N who="1" m="17895" /><E113/><V37/><REACH who="2" step="1"/><F7/><REACH who="2" ten="233,337,222,198" step="2"/><W39/><G104/><T17/><D17/><U117/><E117/><V79/><F79/><W118/><G118/><T109/><D109/><U105/><E105/><V96/><F96/><W126/><G126/><T115/><D115/><U41/><E78/><V38/><F38/><W128/><G39/><T47/><D36/><U8/><E122/><V33/><F33/><W93/><G128/><T4/><D4/><U121/><E123/><V89/><F89/><W30/><G107/><T111/><D111/><U23/><E121/><V86/><AGARI ba="1,1" hai="37,42,45,49,55,58,65,66,67,73,75,80,86,91" machi="86" ten="30,6000,0" yaku="1,1,0,1,53,1" doraHai="5" doraHaiUra="48" who="2" fromWho="2" sc="233,-21,337,-21,222,73,198,-21" /><INIT seed="2,2,0,0,3,66" ten="212,316,295,177" oya="2" hai0="96,33,68,60,19,12,86,97,44,47,88,110,130" hai1="2,13,87,17,104,3,113,98,125,111,48,49,30" hai2="25,23,55,29,109,67,103,65,42,24,126,57,35" hai3="124,50,8,122,7,99,72,26,45,59,127,63,82"/><V28/><F126/><N who="3" m="48171" /><G122/><T132/><D33/><U34/><E113/><V75/><F75/><W84/><G26/><T38/><D110/><U107/><E125/><V61/><F109/><W90/><G72/><T58/><D132/><U27/><E111/><V71/><F42/><N who="3" m="24887" /><G99/><T46/><D130/><U81/><E2/><V70/><F103/><W1/><G59/><T14/><D38/><U54/><E3/><V39/><REACH who="2" step="1"/><F39/><REACH who="2" ten="212,316,285,177" step="2"/><W74/><G74/><T52/><D68/><AGARI ba="2,1" hai="23,24,25,28,29,35,55,57,61,65,67,68,70,71" machi="68" ten="40,12000,1" yaku="1,1,2,1,52,3,53,0" doraHai="66" doraHaiUra="101" who="2" fromWho="0" sc="212,-126,316,0,285,136,177,0" /><INIT seed="2,3,0,0,3,7" ten="86,316,421,177" oya="2" hai0="115,103,86,99,67,107,108,35,63,5,3,100,106" hai1="58,101,12,41,56,20,32,95,45,112,116,72,37" hai2="132,104,69,57,4,127,102,22,81,135,123,90,68" hai3="121,89,70,98,48,124,47,42,91,50,9,1,55"/><V92/><F104/><W76/><G121/><T94/><D115/><U39/><E112/><V21/><F123/><W44/><G70/><T40/><D40/><U65/><E116/><V29/><F102/><W134/><G134/><N who="2" m="51241" /><F81/><W109/><G109/><T93/><D35/><U75/><E32/><V52/><F4/><W46/><G124/><T60/><D108/><U85/><E37/><V38/><F38/><W25/><G76/><T27/><D27/><U80/><E95/><V77/><F77/><W125/><G125/><T33/><D33/><U49/><E101/><V34/><F34/><W54/><G25/><T23/><D23/><N who="2" m="8714" /><F29/><W24/><G24/><T118/><D118/><U110/><E110/><V129/><F129/><W79/><G79/><T17/><D17/><U83/><E83/><V119/><F119/><W2/><G46/><T6/><D6/><U0/><E39/><V114/><F127/><W73/><G73/><T113/><D113/><U8/><E75/><V13/><F13/><W74/><G74/><T15/><D15/><U88/><E72/><V96/><F114/><W18/><G42/><T128/><D128/><U14/><E0/><V111/><F111/><W126/><G126/><T26/><D26/><U59/><E14/><V64/><F64/><W53/><G53/><T87/><D67/><U97/><E20/><V10/><F10/><W30/><G30/><T120/><D120/><U16/><E65/><V130/><F130/><W62/><G2/><T82/><D3/><U43/><E43/><V133/><N who="2" m="51249" /><V28/><DORA hai="78" /><F28/><W84/><G1/><RYUUKYOKU ba="3,0" sc="86,-15,316,15,421,15,177,-15" hai1="8,12,16,41,45,49,56,58,59,80,85,88,97" hai2="52,57,68,69,90,92,96" /><INIT seed="2,4,0,3,3,53" ten="71,331,436,162" oya="2" hai0="112,11,121,59,19,98,49,110,24,102,107,78,80" hai1="14,90,74,124,92,125,33,63,99,0,89,76,84" hai2="40,113,133,130,23,6,69,122,103,48,128,123,83" hai3="62,46,26,85,67,45,5,50,109,87,21,73,39"/><V56/><F6/><W66/><G73/><T10/><D112/><U79/><E0/><V96/><F69/><W95/><G109/><T72/><D121/><U120/><E33/><V12/><F83/><W97/><G5/><T9/><D110/><U25/><E25/><V82/><F82/><W38/><G38/><T94/><D24/><U42/><E42/><V65/><F113/><W17/><G39/><T86/><D19/><U93/><E120/><V3/><F3/><W28/><G17/><T132/><D132/><U118/><E118/><V129/><F133/><W1/><G1/><T115/><D115/><U135/><E135/><V57/><F65/><W52/><G45/><T15/><D15/><U7/><E63/><V88/><F122/><W22/><G22/><T68/><D68/><U134/><E134/><V71/><F71/><W47/><G47/><T60/><D49/><U70/><E70/><V30/><F123/><W31/><G31/><T116/><D116/><U91/><E74/><V34/><F34/><W2/><G2/><T114/><D114/><U100/><E14/><V101/><F88/><N who="1" m="33833" /><E7/><V43/><F43/><W20/><G20/><T111/><D111/><U44/><E44/><N who="2" m="25607" /><F30/><W81/><G81/><T127/><D127/><AGARI ba="4,0" hai="76,79,84,89,92,93,99,100,124,125,127" m="33833" machi="127" ten="30,7700,0" yaku="18,1,34,2,54,1" doraHai="53" who="1" fromWho="0" sc="71,-89,331,89,436,0,162,0" owari="-18,-52.0,420,22.0,436,54.0,162,-24.0" /></mjloggm>