<mjloggm ver="2.3"><GO type="97" lobby="0"/><UN n0="%E5%B0%B1%E6%B4%BB%E7%94%9F%40%E5%B7%9D%E6%9D%91%E8%BB%8D%E5%9B%A3" n1="%6B%79%6F%73%65%6E" n2="%E3%81%94%E3%82%93%E3%81%96%E3%81%B6%E3%82%8D%E3%83%BC" n3="%72%6F%6F%6B%69%65%61%6E" dan="14,15,14,13" rate="1976.52,2050.38,1959.50,1871.06" sx="M,M,M,F"/><TAIKYOKU oya="0"/><INIT seed="0,0,0,4,1,73" ten="250,250,250,250" oya="0" hai0="129,65,114,109,25,53,118,86,60,64,101,88,4" hai1="106,18,12,23,38,124,89,104,112,82,2,34,119" hai2="44,46,83,107,43,14,67,116,42,62,19,99,47" hai3="123,52,40,117,72,15,115,22,49,74,50,39,70"/><T97/><D118/><U3/><E119/><V126/><F126/><W102/><G117/><T93/><D114/><U135/><E38/><V8/><F116/><W92/><G115/><T111/><D129/><U69/><E69/><V24/><F24/><W13/><G123/><T33/><D4/><U29/><E112/><V81/><F107/><W36/><G70/><T61/><D33/><U131/><E131/><V30/><F30/><W76/><G102/><T122/><D25/><U55/><E2/><V94/><F62/><N who="0" m="24170" /><D53/><U7/><E124/><V96/><F67/><W35/><G35/><T130/><D130/><U58/><E135/><V21/><F21/><W41/><G92/><N who="0" m="58535" /><D122/><U84/><E34/><V113/><F113/><W27/><G27/><T87/><D86/><U80/><E3/><V5/><F5/><W78/><G22/><T37/><D37/><U20/><E106/><V77/><F99/><W54/><AGARI ba="0,0" hai="13,15,36,39,40,41,49,50,52,54,72,74,76,78" machi="54" ten="25,12000,2" yaku="0,1,22,2,52,2,54,1" doraHai="73" who="3" fromWho="3" sc="250,-60,250,-30,250,-30,250,120" /><INIT seed="1,0,0,5,5,9" ten="190,220,220,370" oya="1" hai0="16,47,12,116,75,78,105,134,20,66,54,24,25" hai1="108,112,38,61,123,119,4,73,14,30,104,18,64" hai2="35,67,103,32,70,5,85,95,1,125,107,87,21" hai3="13,124,58,15,122,7,86,77,130,90,62,63,19"/><U53/><E104/><V37/><F21/><N who="3" m="11503" /><G122/><T3/><D105/><U10/><E38/><V17/><F17/><W117/><G117/><T115/><D3/><U55/><E73/><V31/><F95/><N who="3" m="54743" /><G124/><T100/><D115/><U79/><E119/><V120/><F87/><W26/><G130/><T49/><D116/><U40/><E123/><V0/><F85/><W84/><G26/><T65/><D134/><U126/><E112/><V36/><F1/><W81/><G58/><T110/><D110/><U97/><E108/><V46/><F46/><W22/><G22/><T29/><D100/><U72/><E72/><V101/><F101/><W2/><G2/><T23/><REACH who="0" step="1"/><D25/><REACH who="0" ten="180,220,220,370" step="2"/><U60/><E126/><V118/><F103/><W128/><G128/><T91/><D91/><U34/><E79/><V74/><F107/><W39/><G77/><T71/><D71/><U8/><E97/><V76/><F118/><W50/><G84/><T94/><D94/><U27/><E27/><V28/><F125/><W51/><G81/><AGARI ba="0,1" hai="12,16,20,23,24,29,47,49,54,65,66,75,78,81" machi="81" ten="40,5200,0" yaku="1,1,52,1,54,1,53,0" doraHai="9" doraHaiUra="33" who="0" fromWho="3" sc="180,62,220,0,220,0,370,-52" /><INIT seed="2,0,0,1,2,135" ten="242,220,220,318" oya="2" hai0="33,106,74,119,10,55,59,134,67,96,36,118,60" hai1="53,69,19,133,20,11,84,121,108,111,98,120,50" hai2="70,29,66,9,43,109,7,100,41,1,4,115,17" hai3="18,75,105,132,77,123,122,83,2,52,16,92,56"/><V40/><F115/><W54/><G105/><T110/><D74/><U125/><E69/><V93/><F109/><N who="1" m="42057" /><E133/><V24/><F7/><W48/><G132/><T62/><D110/><U68/><E68/><V13/><F66/><W131/><G2/><T85/><D134/><U23/><E125/><V6/><F70/><W89/><G131/><T79/><D33/><U129/><E129/><V124/><F124/><W112/><G112/><T45/><D10/><U65/><E65/><V128/><F128/><W86/><REACH who="3" step="1"/><G54/><REACH who="3" ten="242,220,220,308" step="2"/><T114/><D106/><U101/><E121/><AGARI ba="0,1" hai="16,18,48,52,56,75,77,83,86,89,92,121,122,123" machi="121" ten="40,8000,1" yaku="1,1,2,1,54,2,53,1" doraHai="135" doraHaiUra="73" who="3" fromWho="1" sc="242,0,220,-80,220,0,308,90" /><INIT seed="3,0,0,2,1,44" ten="242,140,220,398" oya="3" hai0="48,58,123,75,90,60,119,77,94,81,19,80,65" hai1="116,126,120,76,100,2,41,42,107,6,68,12,39" hai2="27,87,110,83,64,121,117,114,7,67,15,35,108" hai3="34,5,62,8,93,22,28,99,17,89,55,52,33"/><W49/><G62/><T14/><D123/><U115/><E12/><V131/><F114/><W130/><G55/><T98/><D119/><U11/><E42/><V72/><F72/><W1/><G28/><T112/><D112/><U96/><E115/><V78/><F131/><W30/><G30/><T63/><D63/><U74/><E116/><V36/><F36/><W24/><G130/><T69/><D69/><U32/><E120/><V57/><F121/><W40/><G40/><T13/><D81/><U70/><E126/><V59/><F35/><W3/><G3/><T105/><D105/><U18/><E18/><V113/><F27/><W111/><G111/><N who="2" m="42537" /><F113/><W37/><G37/><T25/><D48/><U21/><E21/><V135/><F135/><W38/><G38/><T23/><AGARI ba="0,0" hai="13,14,19,23,25,58,60,65,75,77,80,90,94,98" machi="23" ten="30,1100,0" yaku="0,1" doraHai="44" who="0" fromWho="0" sc="242,11,140,-3,220,-3,398,-5" owari="253,5.0,137,-36.0,217,-18.0,393,49.0" /></mjloggm>