<mjloggm ver="2.3"><GO type="225" lobby="0"/><UN n0="%E5%B0%B1%E6%B4%BB%E7%94%9F%40%E5%B7%9D%E6%9D%91%E8%BB%8D%E5%9B%A3" n1="%E4%B8%96%E5%A4%A2" n2="%E7%BE%A4%E9%9D%92%E6%97%A5%E5%92%8C%EF%BC%A0" n3="%E7%99%BE%E5%BC%8F%E8%A6%B3%E9%9F%B3" dan="17,17,16,17" rate="2081.38,2140.14,2087.41,2185.21" sx="M,F,F,M"/><TAIKYOKU oya="0"/><INIT seed="0,0,0,5,0,17" ten="250,250,250,250" oya="0" hai0="74,101,119,21,124,68,116,41,90,117,63,16,102" hai1="34,22,0,70,32,82,94,45,129,18,48,2,54" hai2="57,118,1,27,122,23,37,121,69,71,77,132,108" hai3="20,51,8,31,76,12,114,115,105,64,61,66,113"/><T126/><D74/><U46/><E70/><V110/><F1/><W67/><G105/><T13/><D41/><U125/><E125/><N who="0" m="48233" /><D90/><U75/><E129/><V28/><F37/><W79/><G61/><T112/><D112/><U128/><E128/><V123/><F132/><W44/><G31/><T92/><D92/><U52/><E0/><V59/><F77/><W81/><G81/><T58/><D68/><N who="2" m="26186" /><F118/><N who="0" m="30210" /><T87/><DORA hai="99" /><D87/><U15/><E2/><V133/><F133/><W3/><G3/><T47/><D47/><U73/><E94/><V134/><F134/><W24/><G44/><T83/><D83/><U30/><E82/><V33/><F33/><W50/><G76/><T40/><D40/><U53/><E46/><V120/><N who="2" m="30720" /><DORA hai="104" /><V9/><F9/><W93/><G79/><T43/><D43/><U109/><E45/><V25/><F25/><W97/><G115/><T42/><D42/><U49/><E75/><V130/><F130/><W36/><G114/><T65/><AGARI ba="0,0" hai="13,16,21,58,63,65,101,102" m="30210,48233" machi="65" ten="50,12000,1" yaku="18,1,52,3,54,1" doraHai="17,99,104" who="0" fromWho="0" sc="250,120,250,-40,250,-40,250,-40" /><INIT seed="0,1,0,1,4,83" ten="370,210,210,210" oya="0" hai0="25,114,12,90,18,43,58,57,85,38,121,88,30" hai1="11,14,10,62,3,96,23,91,75,34,122,73,47" hai2="26,49,115,54,107,36,70,94,123,93,71,78,53" hai3="13,4,98,128,111,72,55,103,86,99,65,106,125"/><T116/><D121/><U112/><E34/><V100/><F115/><W132/><G72/><T28/><D114/><U16/><E122/><V68/><F36/><W32/><G32/><T79/><D38/><U82/><E112/><V108/><F123/><W27/><G111/><T5/><D43/><U22/><E47/><V8/><F78/><W77/><G65/><T133/><D5/><U31/><E3/><V110/><F8/><N who="3" m="4231" /><G125/><T101/><D101/><U130/><E130/><V1/><F1/><W29/><G132/><T59/><D133/><U35/><E35/><V42/><F26/><W69/><G69/><T102/><D102/><U9/><E62/><V39/><F39/><W15/><G106/><T20/><D116/><U117/><E117/><V37/><F37/><W66/><G128/><T124/><D124/><U64/><E64/><V19/><F19/><W89/><G66/><T126/><D126/><U120/><E120/><V67/><F67/><W21/><G77/><T24/><D79/><U48/><E73/><V105/><F105/><W45/><G15/><T95/><D90/><U52/><E75/><V2/><F2/><W104/><G103/><T63/><D63/><U119/><E119/><V76/><F76/><W17/><G104/><T56/><N who="0" m="14848" /><DORA hai="51" /><T0/><D0/><U61/><E61/><V81/><F107/><W44/><G29/><AGARI ba="1,0" hai="12,18,20,24,25,28,29,30,85,88,95" m="14848" machi="29" ten="50,9600,0" yaku="8,1,52,1,54,1" doraHai="83,51" who="0" fromWho="3" sc="370,99,210,0,210,0,210,-99" /><INIT seed="0,2,0,0,5,26" ten="469,210,210,111" oya="0" hai0="65,126,101,67,7,36,75,38,82,45,99,34,33" hai1="69,72,40,47,46,24,107,89,78,32,54,49,128" hai2="48,23,71,134,31,77,70,11,85,53,16,92,104" hai3="84,95,100,8,122,116,55,103,110,109,14,102,41"/><T2/><D126/><U108/><E69/><V87/><F104/><W130/><G116/><T1/><D82/><U79/><E107/><V129/><F129/><W86/><G41/><T124/><D45/><U37/><E128/><V6/><F134/><W96/><G55/><T50/><D50/><U74/><E108/><N who="3" m="41578" /><G14/><T52/><D7/><U131/><E131/><V64/><F64/><W22/><G22/><T39/><D75/><U62/><E62/><V98/><F31/><W4/><G8/><T91/><D124/><U76/><REACH who="1" step="1"/><E89/><REACH who="1" ten="469,200,210,111" step="2"/><N who="2" m="55567" /><F71/><W43/><G130/><T28/><D91/><U125/><E125/><V35/><F70/><W29/><G43/><T59/><D67/><U121/><E121/><V120/><F120/><W94/><G29/><AGARI ba="2,1" hai="24,29,32,37,40,46,47,49,54,72,74,76,78,79" machi="29" ten="40,8000,1" yaku="1,1,52,1,53,2" doraHai="26" doraHaiUra="105" who="1" fromWho="3" sc="469,0,200,96,210,0,111,-86" /><INIT seed="1,0,0,0,4,33" ten="469,296,210,25" oya="1" hai0="78,25,120,109,105,65,63,83,39,101,61,112,23" hai1="64,86,0,38,93,104,98,55,80,68,75,103,100" hai2="16,113,5,47,73,59,110,27,51,126,34,117,77" hai3="123,62,82,91,96,87,121,6,14,17,114,15,8"/><U40/><E0/><V67/><F117/><W20/><G114/><T84/><D112/><U119/><E119/><V122/><F122/><W1/><G1/><T99/><D120/><U95/><E75/><V118/><F118/><W44/><G44/><T70/><D39/><U127/><E127/><V4/><F113/><W28/><G28/><T43/><D43/><U45/><E100/><V131/><F131/><W115/><G115/><T3/><D3/><U85/><E85/><V130/><F130/><W9/><G9/><T58/><D109/><U10/><E10/><V128/><F128/><W24/><G24/><T72/><D72/><U19/><E19/><V29/><F110/><W42/><G42/><T26/><D23/><U69/><E69/><V134/><F134/><W56/><REACH who="3" step="1"/><G96/><REACH who="3" ten="469,296,210,15" step="2"/><T111/><D111/><U133/><E98/><V54/><F27/><W60/><G60/><T116/><D116/><U30/><E40/><V7/><F29/><W41/><G41/><T13/><D13/><U31/><E45/><V32/><F47/><W102/><G102/><T35/><D35/><U11/><E103/><V46/><F34/><W135/><G135/><T52/><AGARI ba="0,1" hai="25,26,52,58,61,63,65,70,78,83,84,99,101,105" machi="52" ten="20,2700,0" yaku="0,1,7,1,54,1" doraHai="33" who="0" fromWho="0" sc="469,37,296,-13,210,-7,15,-7" /><INIT seed="2,0,0,0,0,26" ten="506,283,203,8" oya="2" hai0="20,89,88,92,60,135,119,12,106,34,68,79,30" hai1="95,49,57,8,124,84,9,113,85,32,75,126,36" hai2="100,82,104,53,62,41,2,97,6,90,123,0,44" hai3="78,122,108,52,14,81,31,43,112,115,23,61,39"/><V73/><F123/><W15/><G122/><T1/><D106/><U18/><E36/><V13/><F13/><W99/><G108/><T133/><D1/><U69/><E69/><V117/><F117/><W94/><G43/><T96/><D79/><U111/><E75/><V33/><F33/><W105/><G39/><T121/><D121/><U38/><E38/><V110/><F110/><W103/><G105/><T11/><D119/><U7/><E32/><V65/><F53/><W102/><G102/><T64/><D34/><U77/><E111/><V46/><F46/><W5/><G5/><T129/><D129/><U70/><E70/><V4/><F4/><W3/><G3/><T67/><D67/><U35/><E35/><V74/><F90/><W37/><G37/><T22/><D89/><U25/><E113/><N who="3" m="43594" /><G31/><T55/><D30/><U51/><E126/><V127/><F127/><W42/><G42/><T63/><D63/><U125/><E125/><V47/><F6/><W45/><G23/><T58/><D68/><U54/><E7/><V131/><F41/><W107/><G107/><T17/><D64/><U40/><E124/><V134/><F0/><W91/><G103/><T10/><D22/><N who="1" m="13527" /><E40/><V59/><F2/><W29/><G29/><T21/><D21/><U120/><E120/><V87/><F100/><W116/><G116/><T128/><D128/><U71/><E71/><V109/><F104/><W86/><G61/><T114/><D114/><U130/><E130/><V16/><F109/><W72/><G72/><T27/><D12/><U56/><E56/><V66/><F131/><RYUUKYOKU ba="0,0" sc="506,15,283,-15,203,-15,8,15" hai0="10,11,17,20,27,55,58,60,88,92,96,133,135" hai3="14,15,45,52,78,81,86,91,94,99" /><INIT seed="3,1,0,4,0,52" ten="521,268,188,23" oya="3" hai0="109,78,104,107,7,93,46,54,118,72,71,94,10" hai1="80,38,59,48,102,70,31,6,56,86,77,60,106" hai2="4,90,3,113,114,85,123,117,121,53,9,50,88" hai3="37,21,28,32,12,44,33,81,99,67,91,55,35"/><W13/><G67/><T134/><D71/><U133/><E38/><V79/><F79/><W97/><G97/><T116/><D46/><U110/><E106/><N who="0" m="40489" /><D54/><N who="1" m="31815" /><E70/><V75/><F75/><W24/><G99/><T25/><D25/><U92/><E6/><V66/><F114/><W68/><G68/><T63/><D63/><U2/><E2/><V61/><F117/><N who="0" m="45162" /><D10/><U17/><E133/><V87/><F61/><W89/><G89/><T101/><D7/><U1/><E1/><V18/><F88/><W130/><G130/><T42/><D42/><U43/><E43/><V14/><F90/><W0/><G0/><T126/><D126/><U95/><E102/><V45/><F66/><W103/><G103/><T26/><D26/><U57/><E31/><V129/><F129/><W39/><G39/><T125/><D125/><U120/><E17/><V100/><F100/><W34/><N who="3" m="8192" /><DORA hai="40" /><W124/><G124/><T62/><D62/><U51/><E51/><V16/><F85/><W73/><G55/><T36/><D72/><U108/><E60/><V119/><F87/><W58/><G58/><N who="1" m="22026" /><E120/><V115/><F119/><W131/><G131/><T49/><D94/><U19/><E19/><V135/><F135/><W15/><G15/><T111/><D78/><U127/><E127/><V65/><F65/><W64/><G64/><T74/><D134/><U5/><E95/><V76/><F76/><N who="3" m="44175" /><G91/><T8/><D36/><U27/><E92/><V11/><F18/><W22/><G22/><T84/><D8/><U105/><E105/><V20/><F20/><W128/><G128/><T23/><D23/><RYUUKYOKU ba="1,0" sc="521,-15,268,-15,188,15,23,15" hai2="3,4,9,11,14,16,45,50,53,113,115,121,123" hai3="12,13,21,24,28,37,44" /><INIT seed="3,2,0,0,0,25" ten="506,253,203,38" oya="3" hai0="128,123,13,105,47,124,40,28,38,72,24,70,68" hai1="112,46,77,45,35,115,20,81,34,31,53,36,85" hai2="95,90,60,78,74,133,63,114,59,3,120,39,10" hai3="48,67,30,127,125,79,12,2,61,135,103,16,58"/><W9/><G2/><T111/><D111/><U121/><E121/><V37/><F114/><W109/><G109/><T83/><D123/><U27/><E36/><V8/><F63/><W41/><G135/><T11/><D124/><N who="3" m="47689" /><G103/><T101/><D128/><U118/><E118/><V66/><F74/><W92/><G92/><T113/><D113/><U64/><E64/><V129/><F78/><W119/><G119/><T17/><D101/><U18/><E35/><V14/><F3/><W73/><G73/><T5/><D105/><U110/><E110/><V126/><F133/><W89/><G89/><T23/><D72/><U52/><E115/><V62/><F126/><W93/><G93/><T4/><D83/><U91/><E112/><V130/><F120/><W19/><G79/><T117/><D117/><U86/><E45/><V32/><F90/><W97/><G97/><T82/><D82/><U1/><E46/><V75/><F75/><W44/><G19/><T55/><D55/><U21/><E1/><V87/><F87/><W80/><G80/><T100/><D100/><U134/><E134/><V6/><F95/><W65/><G65/><T50/><D38/><U94/><E53/><N who="2" m="33903" /><F32/><W42/><G42/><T0/><D5/><U69/><E69/><N who="2" m="42199" /><F10/><AGARI ba="2,0" hai="0,4,10,11,13,17,23,24,28,40,47,50,68,70" machi="10" ten="30,2000,0" yaku="7,1,52,1" doraHai="25" who="0" fromWho="2" sc="506,26,253,0,203,-26,38,0" owari="532,63.0,253,5.0,177,-22.0,38,-46.0" /></mjloggm>