<mjloggm ver="2.3"><GO type="169" lobby="0"/><UN n0="%E9%BE%8D%E9%96%80%E6%B8%95%E9%80%8F%E8%8A%B1" n1="%E3%82%A6%E3%83%AB%E3%83%88%E3%83%A9%E7%AB%8B%E7%9B%B4" n2="%E3%81%8B%E3%81%8D" n3="%E3%81%A8%E3%82%82%E3%81%8D%E3%82%85%E3%82%93%E2%99%AA" dan="17,17,16,16" rate="2203.47,2158.93,2052.37,2042.65" sx="M,M,M,F"/><TAIKYOKU oya="0"/><INIT seed="0,0,0,2,1,106" ten="250,250,250,250" oya="0" hai0="81,87,115,44,21,27,111,29,129,120,93,108,88" hai1="6,25,43,130,4,17,69,16,22,56,99,48,82" hai2="3,110,9,92,84,104,74,7,101,100,37,126,70" hai3="39,15,63,58,33,91,34,131,85,57,135,2,38"/><T1/><D115/><U119/><E69/><V49/><F110/><N who="0" m="42026" /><D120/><U134/><E130/><V123/><F123/><W26/><G2/><T128/><D1/><U97/><E134/><V78/><F37/><W112/><G112/><T77/><D44/><N who="1" m="25631" /><E119/><V118/><F70/><W24/><G15/><T55/><D55/><U67/><E82/><V72/><F118/><W79/><G131/><T23/><D21/><N who="1" m="13479" /><E56/><V31/><F104/><W133/><G34/><T10/><D10/><U50/><E50/><V66/><F49/><W80/><G38/><T13/><D13/><N who="1" m="9519" /><E67/><V35/><F66/><W94/><G39/><T61/><D61/><U11/><E11/><V45/><F9/><W71/><G33/><T116/><D116/><U46/><E46/><V107/><F45/><W36/><G71/><T12/><D12/><U52/><E52/><V96/><F3/><W95/><G36/><T30/><D30/><U113/><E113/><V53/><F31/><W65/><G58/><T14/><D14/><U89/><E89/><V19/><F35/><W122/><G122/><T51/><D51/><U98/><AGARI ba="0,0" hai="4,6,97,98,99" m="9519,13479,25631" machi="98" ten="30,2000,0" yaku="8,1,54,1" doraHai="106" who="1" fromWho="1" sc="250,-10,250,20,250,-5,250,-5" /><INIT seed="1,0,0,4,1,19" ten="240,270,245,245" oya="1" hai0="33,130,115,102,79,94,110,124,7,8,123,31,92" hai1="88,49,61,52,13,58,68,5,32,30,119,114,83" hai2="122,89,131,9,11,55,1,95,23,56,28,116,91" hai3="98,10,46,2,104,97,126,74,108,48,45,17,3"/><U34/><E119/><V76/><F116/><W103/><G108/><T20/><D115/><U60/><E114/><V57/><F122/><W132/><G126/><T63/><D33/><U129/><E129/><V127/><F127/><W37/><G132/><T106/><D124/><U42/><E68/><V27/><F131/><W44/><G74/><T96/><D130/><U84/><E34/><V47/><F1/><W66/><G66/><T41/><D110/><U25/><REACH who="1" step="1"/><E42/><REACH who="1" ten="240,260,245,245" step="2"/><V53/><F76/><W54/><G2/><T15/><D41/><U29/><E29/><V134/><F134/><W50/><G3/><T112/><D112/><U39/><E39/><V0/><F0/><W125/><G37/><T40/><D40/><U90/><E90/><V4/><F91/><W22/><G125/><T6/><D79/><U71/><E71/><V120/><F28/><W113/><G113/><T109/><D109/><U65/><E65/><V87/><F89/><W70/><G70/><T85/><D31/><U12/><E12/><V64/><F64/><W72/><G72/><T73/><D73/><U75/><E75/><V51/><F120/><W62/><G54/><T21/><D123/><U128/><E128/><V67/><F55/><W133/><G133/><T81/><D15/><U38/><E38/><V26/><F67/><W86/><G103/><T93/><D102/><U16/><E16/><V24/><F53/><W69/><G17/><T77/><D77/><U43/><E43/><V118/><F118/><W14/><G69/><T100/><D100/><U117/><E117/><V111/><F111/><RYUUKYOKU ba="0,1" sc="240,-10,260,30,245,-10,245,-10" hai1="5,13,25,30,32,49,52,58,60,61,83,84,88" /><INIT seed="1,1,1,3,2,70" ten="230,290,235,235" oya="1" hai0="122,91,56,125,90,17,74,80,47,112,5,124,46" hai1="20,78,113,88,120,103,50,26,127,77,62,55,10" hai2="83,106,44,84,7,66,109,67,129,25,118,23,133" hai3="89,52,119,42,128,59,111,41,29,21,71,123,3"/><U134/><E127/><N who="0" m="48713" /><D112/><U93/><E134/><V110/><F118/><W51/><G123/><T19/><D122/><U2/><E120/><V76/><F106/><W104/><G111/><N who="2" m="42505" /><F129/><W24/><G128/><T75/><D5/><U114/><E113/><V1/><F133/><W81/><G119/><T18/><D56/><U82/><E62/><V79/><F79/><W108/><G108/><T135/><D135/><U97/><E114/><V126/><F126/><W116/><G116/><T14/><D14/><U34/><E34/><V31/><F44/><N who="0" m="16938" /><D80/><U92/><E82/><V54/><F54/><W99/><G3/><T39/><D39/><U96/><E2/><V8/><AGARI ba="1,1" hai="1,7,8,23,25,31,66,67,76,83,84" m="42505" machi="8" ten="30,1100,0" yaku="14,1" doraHai="70" who="2" fromWho="2" sc="230,-4,290,-6,235,24,235,-4" /><INIT seed="2,0,0,4,1,100" ten="226,284,259,231" oya="2" hai0="88,3,81,64,5,37,38,112,70,22,97,16,103" hai1="9,118,17,119,15,72,76,28,85,125,90,57,71" hai2="46,50,26,53,10,102,109,128,34,83,60,122,73" hai3="36,56,41,21,0,66,108,8,52,58,69,54,51"/><V61/><F122/><W62/><G21/><T47/><D112/><U48/><E71/><V106/><F128/><W78/><G8/><T113/><D113/><U55/><E125/><V23/><F34/><W131/><G0/><T2/><D64/><U96/><E28/><V124/><F124/><W20/><G20/><T86/><D70/><U4/><E72/><V67/><F109/><W115/><G108/><T104/><D5/><U130/><E130/><V59/><F10/><W101/><G131/><T127/><D127/><U29/><E29/><V107/><F102/><W105/><G101/><T114/><D114/><U30/><E30/><V13/><F13/><W75/><G105/><T116/><D116/><U18/><E119/><V68/><F83/><W111/><G111/><T99/><D99/><U25/><E25/><V35/><F73/><W19/><G19/><T27/><REACH who="0" step="1"/><D38/><REACH who="0" ten="216,284,259,231" step="2"/><U1/><E118/><V121/><F121/><W6/><G6/><T45/><D45/><U31/><E96/><V110/><F110/><W33/><G115/><T87/><D87/><U49/><E85/><V24/><F35/><W120/><G33/><T82/><D82/><U79/><E4/><V133/><F133/><W84/><G75/><T94/><D94/><U7/><E7/><V32/><F32/><W44/><G120/><T65/><D65/><U11/><E1/><V98/><F98/><W74/><G74/><T91/><D91/><U14/><E90/><V134/><F134/><W93/><G93/><T126/><D126/><U89/><E89/><V63/><F68/><W117/><G117/><RYUUKYOKU ba="0,1" sc="216,30,284,-10,259,-10,231,-10" hai0="2,3,16,22,27,37,47,81,86,88,97,103,104" /><INIT seed="3,1,1,1,0,52" ten="246,274,249,221" oya="3" hai0="34,120,27,48,103,7,44,80,78,32,26,113,133" hai1="91,31,96,124,45,21,10,106,19,130,53,70,8" hai2="20,41,23,98,43,131,105,99,71,58,5,65,111" hai3="116,0,122,81,68,2,36,35,49,92,6,60,93"/><W95/><G36/><T76/><D120/><U114/><E114/><V17/><F71/><W16/><G122/><T87/><D113/><U37/><E70/><V56/><F111/><W121/><G121/><T129/><D129/><U77/><E130/><V102/><F131/><W126/><G116/><T11/><D133/><U3/><E3/><V108/><F108/><W128/><G128/><T38/><D38/><U119/><E106/><V79/><F79/><W39/><G39/><T97/><D78/><U24/><E124/><V100/><F5/><W86/><G35/><T61/><D61/><U14/><E77/><V90/><F90/><W29/><G126/><T123/><D34/><U135/><E135/><V85/><F85/><W30/><G0/><T69/><D32/><U104/><E104/><V84/><F84/><W94/><G2/><T115/><D69/><U74/><E74/><V12/><F65/><W46/><G68/><T59/><D59/><N who="2" m="22570" /><F20/><W18/><G6/><T88/><D76/><U47/><E37/><V50/><F105/><W110/><G60/><T55/><D115/><U25/><E119/><V9/><F23/><W72/><G72/><T63/><D63/><U66/><E66/><V118/><F118/><W132/><G132/><T75/><D75/><U73/><E73/><V15/><F15/><W42/><N who="3" m="23552" /><DORA hai="62" /><W125/><G125/><T89/><D123/><U51/><E14/><V1/><F1/><W107/><G110/><T112/><D112/><U109/><E109/><V83/><F83/><W28/><G107/><N who="0" m="63983" /><D89/><AGARI ba="1,1" hai="16,18,28,29,30,42,46,49,81,86,89" m="23552" machi="89" ten="50,4800,0" yaku="8,1,54,1" doraHai="52,62" who="3" fromWho="0" sc="246,-51,274,0,249,0,221,61" /><INIT seed="3,2,0,3,1,41" ten="195,274,249,282" oya="3" hai0="3,100,23,135,66,33,78,48,72,85,24,102,113" hai1="45,127,14,60,2,18,67,17,98,94,92,44,65" hai2="108,103,34,43,42,21,109,32,9,46,89,28,27" hai3="53,71,101,51,107,122,132,63,58,11,91,68,117"/><W124/><G122/><T106/><D33/><U81/><E2/><V64/><F103/><W25/><G117/><T130/><D3/><U40/><E127/><V116/><F116/><W84/><G124/><T96/><D72/><U7/><E7/><V129/><F129/><W87/><G132/><T8/><D130/><U29/><E29/><V59/><F42/><W114/><G114/><T6/><D135/><U15/><E81/><V50/><F9/><W93/><G107/><T31/><D113/><U75/><E40/><V105/><F105/><W1/><G101/><T12/><D102/><U26/><E26/><V55/><F64/><N who="1" m="24649" /><E60/><V4/><F4/><W77/><G25/><T73/><D73/><U56/><E56/><V16/><F89/><W13/><G1/><T5/><D66/><U0/><E75/><V125/><F125/><W47/><G77/><T119/><D119/><U82/><E82/><V70/><F70/><W123/><G84/><T36/><D36/><U131/><E131/><V54/><F54/><W104/><G104/><T37/><D37/><U90/><E94/><V110/><REACH who="2" step="1"/><F28/><REACH who="2" ten="195,274,239,282" step="2"/><W22/><G123/><T74/><D6/><U80/><E0/><V121/><F121/><W10/><G68/><T20/><D5/><U128/><E128/><V39/><AGARI ba="2,1" hai="16,21,27,32,34,39,43,46,50,55,59,108,109,110" machi="39" ten="30,12000,2" yaku="1,1,0,1,14,1,52,1,54,1,53,1" doraHai="41" doraHaiUra="49" who="2" fromWho="2" sc="195,-32,274,-32,239,136,282,-62" /><INIT seed="4,0,0,1,0,41" ten="163,242,375,220" oya="0" hai0="20,123,4,110,74,11,55,14,52,47,85,32,48" hai1="135,121,95,134,130,106,58,56,31,73,116,24,103" hai2="100,77,5,84,33,104,10,107,63,132,54,93,68" hai3="90,75,81,96,120,18,108,70,42,28,49,27,50"/><T88/><D123/><U21/><E116/><V45/><F33/><W131/><G108/><T35/><D74/><U98/><E121/><V80/><F132/><N who="1" m="50729" /><E130/><V76/><F76/><W1/><G70/><T126/><D110/><U124/><E124/><V66/><F93/><N who="3" m="56375" /><G18/><T67/><D126/><U6/><E6/><V111/><F111/><W102/><G102/><T16/><D67/><U82/><E106/><V112/><F112/><W64/><G64/><T37/><D37/><U117/><E117/><V39/><F100/><W92/><G92/><T125/><D55/><U118/><E118/><V89/><F89/><W44/><G1/><T109/><D109/><U71/><E71/><V40/><REACH who="2" step="1"/><F54/><REACH who="2" ten="163,242,365,220" step="2"/><W15/><G120/><T22/><D125/><U26/><E82/><V133/><F133/><W0/><G81/><N who="0" m="49199" /><D4/><U53/><E53/><V8/><F8/><W79/><G79/><T72/><D72/><U94/><E73/><V128/><F128/><W3/><G75/><T69/><D69/><U115/><E115/><V23/><F23/><AGARI ba="0,1" hai="11,14,16,20,22,23,32,35,47,48,52" m="49199" machi="23" ten="30,12000,1" yaku="25,1,52,1,54,3" doraHai="41" who="0" fromWho="2" sc="163,130,242,0,365,-120,220,0" /><INIT seed="4,1,0,3,0,4" ten="293,242,245,220" oya="0" hai0="88,67,87,85,115,60,108,31,2,97,45,83,10" hai1="106,19,8,49,89,101,73,65,23,55,104,56,117" hai2="58,128,1,105,53,96,64,66,75,18,91,90,86" hai3="62,33,20,72,125,100,52,80,69,16,42,57,107"/><T76/><D115/><U77/><E117/><V94/><F128/><W110/><G110/><T36/><D108/><U5/><E77/><V59/><F75/><W0/><G125/><T79/><D31/><U71/><E73/><V134/><F134/><W46/><G33/><T92/><D36/><U22/><E101/><V98/><F1/><W17/><G0/><T126/><D126/><U51/><E23/><V24/><F105/><W68/><G107/><T111/><D45/><U122/><E122/><V3/><F3/><W25/><G100/><T129/><D129/><U48/><E65/><N who="2" m="25195" /><F58/><W82/><G17/><T50/><D50/><U14/><E71/><V41/><F41/><W40/><G40/><T102/><D111/><U28/><E28/><V47/><F47/><W15/><G15/><T135/><D135/><U37/><E37/><V32/><F32/><W121/><G121/><T133/><D85/><U78/><E106/><V29/><F29/><W120/><G120/><T93/><D83/><U21/><E104/><V131/><F131/><W27/><G27/><T118/><D118/><U30/><E78/><V124/><F124/><W26/><G26/><T34/><D34/><U119/><E119/><V81/><F98/><W113/><G72/><T95/><D133/><U43/><E43/><V103/><F103/><W99/><G99/><T109/><D109/><U116/><E116/><V132/><F132/><W11/><G69/><N who="0" m="42215" /><D95/><U9/><E30/><V54/><F59/><W12/><G68/><T130/><D130/><U123/><E56/><V44/><F44/><W61/><G46/><RYUUKYOKU ba="1,0" sc="293,15,242,-15,245,15,220,-15" hai0="2,10,76,79,87,88,92,93,97,102" hai2="18,24,53,54,81,86,90,91,94,96" /><INIT seed="4,2,0,4,5,78" ten="308,227,260,205" oya="0" hai0="58,67,62,29,6,83,28,125,60,52,7,93,117" hai1="34,66,99,90,23,120,68,107,11,92,126,113,124" hai2="59,80,116,13,31,101,105,27,53,15,25,9,79" hai3="30,81,16,114,41,127,131,54,45,51,55,108,74"/><T19/><D117/><U26/><E120/><V128/><F116/><W118/><G118/><T40/><D125/><N who="1" m="48235" /><E34/><V94/><F105/><W135/><G108/><T130/><D130/><U63/><E11/><V111/><F111/><W49/><G127/><T71/><D40/><U43/><E43/><V119/><F128/><W103/><G131/><T42/><D42/><U109/><E109/><V3/><F3/><W122/><G122/><T37/><D37/><U20/><E113/><V56/><F119/><W5/><G114/><T8/><D19/><U47/><E47/><V133/><F133/><W95/><G135/><T104/><D104/><U100/><E26/><V86/><F56/><W129/><G30/><T38/><D38/><U97/><AGARI ba="2,0" hai="20,23,63,66,68,90,92,97,99,100,107" m="48235" machi="97" ten="30,1100,0" yaku="18,1" doraHai="78" who="1" fromWho="1" sc="308,-7,227,17,260,-5,205,-5" /><INIT seed="5,0,0,4,5,72" ten="301,244,255,200" oya="1" hai0="33,6,55,89,113,120,26,57,105,53,117,43,119" hai1="25,125,27,85,69,133,20,12,47,93,124,130,44" hai2="54,65,11,70,95,76,22,75,15,13,36,74,128" hai3="17,92,107,14,19,98,3,40,82,87,79,131,91"/><U99/><E69/><V100/><F36/><W67/><G131/><T132/><D105/><U71/><E71/><V88/><F100/><W4/><G3/><T1/><D43/><U56/><E130/><V10/><F128/><W34/><G34/><T35/><D55/><U2/><E2/><V30/><F70/><W46/><G67/><T81/><D113/><U49/><E133/><V115/><F65/><W39/><G4/><T31/><D35/><U111/><E111/><V29/><F115/><W112/><G112/><T121/><D132/><U97/><E56/><V59/><F75/><W68/><G68/><T80/><D6/><U7/><E85/><N who="2" m="52623" /><F74/><W110/><G110/><T0/><D0/><U21/><E7/><N who="2" m="3295" /><F22/><W48/><G39/><T66/><D66/><U16/><E12/><V58/><F76/><W109/><G109/><T50/><D1/><U83/><E83/><N who="0" m="31817" /><D89/><U104/><E104/><V94/><F94/><W51/><G51/><T127/><D127/><N who="1" m="48715" /><E49/><N who="2" m="31055" /><F59/><W96/><REACH who="3" step="1"/><G14/><REACH who="3" ten="301,244,255,190" step="2"/><T28/><D117/><U61/><E61/><V9/><F9/><W118/><G118/><T41/><D119/><U8/><E8/><V106/><F106/><W38/><G38/><T62/><D62/><U123/><E123/><V116/><F116/><W18/><G18/><AGARI ba="0,1" hai="11,15,18,29,30" m="31055,3295,52623" machi="18" ten="30,2000,0" yaku="8,1,54,1" doraHai="72" who="2" fromWho="3" sc="301,0,244,0,255,30,190,-20" /><INIT seed="6,0,0,4,3,39" ten="301,244,285,170" oya="2" hai0="95,67,123,25,68,88,131,110,50,72,55,24,73" hai1="78,114,9,130,119,3,5,2,89,100,15,112,60" hai2="80,99,86,84,111,81,124,7,65,96,45,17,133" hai3="126,90,42,128,61,62,47,121,21,79,30,26,76"/><V105/><F7/><W64/><G121/><T13/><D110/><U115/><E100/><V34/><F34/><W113/><G126/><T104/><D104/><U135/><E78/><N who="2" m="46103" /><F65/><W108/><G108/><T127/><D123/><U32/><E89/><N who="2" m="51407" /><F111/><W129/><G113/><T97/><D127/><U20/><E60/><V1/><F1/><N who="1" m="9" /><E119/><V10/><F124/><W83/><G90/><T49/><D67/><U125/><E125/><V75/><F75/><W14/><G14/><T35/><D68/><U19/><E32/><V12/><F105/><W56/><G62/><T54/><D35/><U102/><E102/><V93/><F133/><W37/><REACH who="3" step="1"/><G83/><REACH who="3" ten="301,244,285,160" step="2"/><T22/><D88/><U82/><E82/><V74/><F74/><W59/><G59/><T116/><D73/><U57/><E57/><V51/><F93/><W48/><G48/><T117/><D72/><U33/><E135/><V101/><F101/><W70/><G70/><T63/><D95/><U31/><E130/><AGARI ba="0,1" hai="21,26,30,37,42,47,56,61,64,76,79,128,129,130" machi="130" ten="40,5200,0" yaku="1,1,19,1,52,1,53,0" doraHai="39" doraHaiUra="85" who="3" fromWho="1" sc="301,0,244,-52,285,0,160,62" /><INIT seed="7,0,0,1,0,3" ten="301,192,285,222" oya="3" hai0="21,120,4,26,77,52,117,2,39,16,133,110,27" hai1="11,36,86,41,108,135,79,31,121,56,58,98,55" hai2="106,112,35,17,70,94,90,51,100,126,30,82,13" hai3="93,91,53,104,85,102,15,115,73,49,129,109,0"/><W59/><G0/><T40/><D117/><U84/><E121/><V14/><F70/><W23/><G115/><T61/><D110/><U28/><E108/><V89/><F106/><W45/><G129/><T46/><D120/><U123/><E123/><V42/><F112/><W65/><G73/><T66/><D133/><U101/><E135/><V76/><F126/><W10/><G109/><T124/><D124/><U103/><E41/><V68/><F68/><W67/><G104/><T81/><D52/><U8/><E36/><V72/><F30/><N who="1" m="11305" /><E98/><V97/><F35/><W83/><G23/><T71/><D4/><U37/><E37/><V95/><F13/><W34/><G34/><T96/><D96/><U118/><E118/><V57/><F95/><W105/><G105/><T125/><D125/><U7/><E79/><V111/><F111/><W119/><G119/><T25/><D2/><U122/><E122/><V43/><F43/><W64/><G102/><N who="1" m="38922" /><E7/><V9/><F42/><W50/><G93/><T130/><D130/><U20/><E20/><V19/><F19/><N who="3" m="8695" /><G49/><T92/><D92/><U134/><E134/><V24/><F24/><W80/><G80/><T29/><D29/><U1/><E1/><V38/><F38/><W107/><G107/><T127/><D127/><U114/><E114/><V5/><F17/><W22/><G22/><T32/><D32/><U18/><E18/><V6/><F6/><W113/><G113/><T48/><D39/><U131/><E131/><V54/><AGARI ba="0,0" hai="5,9,14,51,54,57,72,76,82,89,90,94,97,100" machi="54" ten="30,2000,0" yaku="0,1,52,1" doraHai="3" who="2" fromWho="2" sc="301,-5,192,-5,285,20,222,-10" owari="296,10.0,187,-31.0,305,40.0,212,-19.0" /></mjloggm>