<mjloggm ver="2.3"><GO type="97" lobby="0"/><UN n0="%E5%A6%B9%6B%6F%6E" n1="%E5%A7%89%E5%B8%AF%E8%B1%8A%E9%9F%B3%40%E5%85%AD%E6%9B%9C" n2="%E3%81%8D%E3%81%BF%E3%81%9F%E3%81%BE%E3%81%94" n3="%E5%B0%B1%E6%B4%BB%E7%94%9F%40%E5%B7%9D%E6%9D%91%E8%BB%8D%E5%9B%A3" dan="15,15,15,14" rate="1970.30,1954.74,2044.11,1974.99" sx="M,F,M,M"/><TAIKYOKU oya="0"/><INIT seed="0,0,0,0,5,12" ten="250,250,250,250" oya="0" hai0="36,133,107,50,102,74,100,99,132,124,80,44,63" hai1="30,89,2,129,114,5,7,47,24,22,112,121,61" hai2="119,106,84,51,8,18,97,79,69,77,35,122,126" hai3="28,125,131,96,64,49,104,128,73,83,120,123,70"/><T33/><D33/><U46/><E121/><N who="3" m="46666" /><G125/><T98/><D124/><U88/><E129/><N who="3" m="49738" /><G28/><T1/><D1/><U10/><E5/><V39/><F39/><W95/><G70/><T67/><D36/><U134/><E134/><V65/><F122/><W135/><G64/><T110/><D110/><U68/><E61/><V0/><F35/><W53/><G135/><T9/><D9/><U31/><E31/><V6/><F126/><W48/><G104/><T101/><D101/><U27/><E27/><V91/><F119/><W17/><G53/><T43/><D80/><U127/><E68/><V58/><F69/><W52/><G73/><T81/><D81/><U66/><E66/><V40/><F106/><W45/><G49/><T26/><D26/><U87/><E127/><V21/><F97/><W130/><G83/><T62/><D74/><U57/><E57/><V29/><F29/><W76/><G76/><T118/><D118/><U71/><E71/><V19/><F65/><W41/><G41/><T15/><D67/><U90/><REACH who="1" step="1"/><E87/><REACH who="1" ten="250,240,250,250" step="2"/><V103/><F84/><W54/><G130/><T59/><D63/><U116/><E116/><V117/><F58/><W3/><G3/><T111/><D62/><U115/><AGARI ba="0,1" hai="2,7,10,22,24,30,46,47,88,89,90,112,114,115" machi="115" ten="40,8000,1" yaku="1,1,0,1,11,1,54,1,53,0" doraHai="12" doraHaiUra="38" who="1" fromWho="1" sc="250,-40,240,90,250,-20,250,-20" /><INIT seed="1,0,0,1,3,66" ten="210,330,230,230" oya="1" hai0="43,68,77,132,102,106,94,111,11,80,54,73,8" hai1="24,34,72,107,2,135,99,93,26,105,27,64,79" hai2="100,36,95,67,84,33,45,113,22,40,59,42,123" hai3="91,37,124,38,92,53,133,61,81,1,44,56,15"/><U28/><E2/><V46/><F33/><W122/><G1/><T117/><D117/><U76/><E72/><V119/><F123/><W23/><G122/><T125/><D132/><U62/><E135/><V87/><F119/><W69/><G124/><T32/><D125/><U112/><E112/><V88/><F100/><W128/><G128/><T16/><D111/><U55/><E55/><V19/><F113/><W127/><G127/><T4/><D32/><U120/><E120/><V29/><F29/><W3/><G3/><T49/><D43/><U115/><E115/><V60/><F87/><W5/><G133/><T41/><D41/><N who="2" m="15978" /><F36/><W75/><G69/><T30/><D30/><U52/><E107/><V31/><F31/><W101/><G101/><T85/><D106/><U20/><E34/><V50/><F50/><W39/><G44/><T74/><D68/><U6/><E105/><V0/><F0/><W104/><G104/><T48/><D48/><U65/><E6/><V108/><F108/><W118/><G118/><T97/><D8/><U114/><E114/><V83/><F83/><W78/><G5/><T57/><REACH who="0" step="1"/><D4/><REACH who="0" ten="200,330,230,230" step="2"/><U90/><E28/><V70/><F70/><W21/><REACH who="3" step="1"/><G15/><AGARI ba="0,1" hai="11,15,16,49,54,57,73,74,77,80,85,94,97,102" machi="15" ten="40,5200,0" yaku="1,1,2,1,54,1,53,0" doraHai="66" doraHaiUra="131" who="0" fromWho="3" sc="200,62,330,0,230,0,230,-52" /><AGARI ba="0,0" hai="15,19,22,45,46,59,60,67,84,88,95" m="15978" machi="15" ten="30,2000,0" yaku="8,1,54,1" doraHai="66" who="2" fromWho="3" sc="262,0,330,0,230,20,178,-20" /><INIT seed="2,0,0,5,0,87" ten="262,330,250,158" oya="2" hai0="0,99,19,108,7,56,27,35,41,32,1,67,75" hai1="79,131,116,123,45,127,83,55,39,86,88,31,70" hai2="3,72,44,85,91,98,11,93,82,77,105,47,6" hai3="126,96,4,94,9,50,48,53,23,101,22,100,57"/><V118/><REACH who="2" step="1"/><F118/><REACH who="2" ten="262,330,240,158" step="2"/><W25/><G126/><T128/><D128/><U80/><E131/><V52/><F52/><W38/><G38/><T78/><D41/><U8/><E127/><V63/><F63/><W66/><G66/><T132/><D67/><U58/><E116/><V124/><F124/><W42/><G101/><AGARI ba="0,1" hai="3,6,11,44,47,72,77,82,85,91,93,98,101,105" machi="101" ten="40,12000,1" yaku="21,2,24,2,52,1,53,0" doraHai="87" doraHaiUra="18" who="2" fromWho="3" sc="262,0,330,0,240,130,158,-120" /><INIT seed="2,1,0,5,5,38" ten="262,330,370,38" oya="2" hai0="76,84,49,34,8,40,129,50,91,32,3,116,57" hai1="85,63,112,7,110,134,13,95,47,10,41,6,65" hai2="29,30,88,59,66,61,28,11,126,135,4,119,90" hai3="21,14,71,131,123,89,117,19,9,92,2,17,39"/><V122/><F119/><W74/><G71/><T45/><D116/><U102/><E112/><V60/><F122/><W51/><G39/><T104/><D129/><U93/><E134/><V127/><F135/><W100/><G74/><T27/><D27/><U81/><E110/><V22/><F61/><W78/><G123/><T79/><D104/><U109/><E109/><V132/><F132/><W0/><G117/><T120/><D120/><U99/><E93/><V64/><F64/><W113/><G113/><T53/><D34/><U73/><E73/><V55/><F55/><W94/><G131/><T12/><D3/><U98/><E98/><V62/><F62/><W103/><G78/><T87/><D32/><U83/><E6/><V48/><F48/><W31/><G31/><T80/><REACH who="0" step="1"/><D84/><REACH who="0" ten="252,330,370,38" step="2"/><U75/><E85/><V121/><F121/><W33/><G33/><T37/><D37/><U86/><E86/><V70/><F70/><W42/><G2/><T18/><AGARI ba="1,1" hai="8,12,18,40,45,49,50,53,57,76,79,80,87,91" machi="18" ten="20,8000,1" yaku="1,1,0,1,7,1,8,1,52,1,53,0" doraHai="38" doraHaiUra="115" who="0" fromWho="0" sc="252,93,330,-21,370,-41,38,-21" /><INIT seed="3,0,0,5,4,89" ten="345,309,329,17" oya="3" hai0="86,93,106,88,75,66,20,117,76,110,105,53,122" hai1="131,103,0,127,60,43,9,70,98,11,16,59,69" hai2="28,52,79,74,78,10,94,83,63,37,35,39,42" hai3="118,26,38,109,36,90,18,22,107,13,50,58,57"/><W128/><G118/><T111/><D122/><U49/><E127/><V4/><F78/><W29/><G107/><T113/><D117/><U21/><E131/><V61/><F35/><W19/><G128/><T121/><D121/><U129/><E129/><V51/><F28/><W72/><G72/><T6/><D113/><U126/><E126/><V82/><F82/><W135/><G135/><T132/><D132/><U116/><E116/><V134/><F134/><W33/><G109/><N who="0" m="41483" /><D66/><U95/><E69/><V104/><F104/><W30/><G30/><T108/><D108/><U25/><E70/><V96/><F39/><W8/><G90/><T7/><D20/><U14/><E0/><N who="2" m="263" /><F51/><W125/><G125/><T40/><D40/><U1/><E1/><V112/><F52/><W27/><REACH who="3" step="1"/><G50/><REACH who="3" ten="345,309,329,7" step="2"/><T80/><D106/><U81/><E49/><V124/><F124/><W17/><G17/><T48/><D105/><U85/><E16/><V65/><F112/><W133/><G133/><T99/><D75/><U3/><E103/><N who="2" m="60823" /><F65/><W47/><G47/><AGARI ba="0,1" hai="6,7,47,48,53,76,80,86,88,93,99" m="41483" machi="47" ten="30,3900,0" yaku="14,1,52,1,54,1" doraHai="89" who="0" fromWho="3" sc="345,49,309,0,329,0,7,-39" /><AGARI ba="0,0" hai="37,42,47,61,63,74,79,83" m="60823,263" machi="47" ten="30,2000,0" yaku="25,1,52,1" doraHai="89" who="2" fromWho="3" sc="394,0,309,0,329,20,-32,-20" owari="394,49.0,309,-9.0,349,15.0,-52,-55.0" /></mjloggm>