<mjloggm ver="2.3"><GO type="41" lobby="0"/><UN n0="%E5%B0%B1%E6%B4%BB%E7%94%9F%40%E5%B7%9D%E6%9D%91%E8%BB%8D%E5%9B%A3" n1="%E7%9F%B3%E4%BA%95%E3%82%AF%E3%83%B3%E3%83%84%E6%98%8C%E5%AD%90" n2="%4D%61%6F%30%37" n3="%46%75%72%75%68%61%74%61" dan="14,15,15,13" rate="1972.46,2020.07,1964.74,1801.49" sx="M,M,F,M"/><TAIKYOKU oya="0"/><INIT seed="0,0,0,4,4,38" ten="250,250,250,250" oya="0" hai0="63,119,103,110,117,132,17,51,23,68,3,20,100" hai1="74,83,64,82,12,127,131,52,85,48,105,86,122" hai2="46,77,56,125,41,113,26,116,21,81,75,133,57" hai3="104,54,76,80,24,50,128,15,58,118,30,28,69"/><T49/><D3/><U73/><E122/><V111/><F113/><W7/><G118/><T10/><D132/><U112/><E112/><V43/><F133/><W67/><G128/><T35/><D35/><U102/><E131/><V0/><F0/><W93/><G104/><T78/><D78/><U47/><E127/><V53/><F125/><W130/><G130/><T55/><D110/><U114/><E114/><V62/><F111/><W13/><G93/><T72/><D72/><U4/><E64/><V31/><F116/><W66/><G69/><T22/><D68/><U120/><E120/><V91/><F46/><W99/><G99/><T2/><D63/><U71/><E71/><V45/><F45/><W39/><G39/><T134/><D134/><U11/><E102/><V109/><F109/><W87/><G7/><T107/><D51/><U96/><E96/><V14/><F14/><N who="3" m="5131" /><G24/><T135/><D135/><U37/><E105/><V18/><F31/><AGARI ba="0,0" hai="28,30,31,50,54,58,66,67,76,80,87" m="5131" machi="31" ten="30,1000,0" yaku="8,1" doraHai="38" who="3" fromWho="2" sc="250,0,250,0,250,-10,250,10" /><INIT seed="1,0,0,0,4,19" ten="250,250,240,260" oya="1" hai0="115,5,52,64,97,48,123,76,125,83,14,0,62" hai1="106,61,91,68,80,29,119,113,96,92,28,18,74" hai2="45,127,22,107,42,135,8,101,36,55,9,47,38" hai3="54,110,132,122,75,35,6,89,114,10,84,34,85"/><U78/><E119/><V102/><F135/><W23/><G132/><T133/><D123/><U104/><E113/><V7/><F127/><W71/><G71/><T99/><D133/><U44/><E106/><V67/><F67/><W131/><G75/><T116/><D116/><U13/><E44/><V32/><F32/><W129/><G110/><T57/><D115/><U60/><E104/><V40/><F55/><W70/><G70/><T43/><D0/><U128/><E128/><N who="3" m="49226" /><G85/><T39/><D125/><U51/><E51/><V46/><F46/><W126/><G126/><T124/><D124/><U25/><E68/><V27/><F107/><W37/><G37/><T12/><D43/><U81/><E81/><V87/><F87/><W20/><G114/><T108/><D39/><U49/><E49/><V88/><F88/><W16/><G54/><T86/><D108/><U15/><E15/><N who="0" m="5673" /><D5/><U17/><E17/><V109/><F109/><W63/><G16/><T120/><D120/><U21/><REACH who="1" step="1"/><E29/><REACH who="1" ten="250,240,240,260" step="2"/><V82/><F82/><W31/><G122/><T65/><D48/><U24/><E24/><V94/><F36/><W77/><G31/><T26/><D26/><U103/><E103/><V121/><F27/><W98/><G63/><T4/><D4/><U93/><E93/><V2/><F7/><W118/><G6/><T90/><D76/><U11/><AGARI ba="0,1" hai="11,13,18,21,25,28,60,61,74,78,80,91,92,96" machi="11" ten="20,7800,0" yaku="1,1,0,1,7,1,52,1,53,0" doraHai="19" doraHaiUra="130" who="1" fromWho="1" sc="250,-26,240,88,240,-26,260,-26" /><INIT seed="1,1,0,0,5,55" ten="224,328,214,234" oya="1" hai0="101,0,89,2,52,63,125,47,76,27,59,96,69" hai1="102,77,6,22,17,20,16,119,43,107,10,19,50" hai2="58,25,23,46,53,109,75,84,115,131,41,39,95" hai3="9,38,134,48,44,114,56,12,8,111,127,135,117"/><U82/><E119/><V35/><F75/><W83/><G117/><T42/><D125/><U31/><E107/><V103/><F35/><W13/><G127/><T21/><D69/><U85/><E102/><V62/><F109/><W132/><G114/><T87/><D76/><U66/><E66/><V3/><F3/><W86/><G111/><T118/><D118/><U54/><E31/><V129/><F115/><W120/><G38/><T45/><D2/><U80/><E80/><V7/><F7/><W51/><G120/><T73/><D73/><U81/><E81/><V105/><F105/><W106/><G106/><T68/><D68/><U33/><E33/><V60/><F60/><W29/><G29/><T78/><D78/><U40/><E40/><V92/><F103/><W49/><G44/><T4/><D4/><U1/><REACH who="1" step="1"/><E43/><REACH who="1" ten="224,318,214,234" step="2"/><V37/><F95/><W112/><G112/><T28/><D42/><U67/><E67/><V57/><F41/><W30/><G30/><T65/><D65/><U71/><E71/><V108/><F39/><W61/><G83/><N who="0" m="49407" /><D0/><U90/><E90/><V11/><F37/><W34/><G34/><T100/><D100/><U5/><E5/><V99/><F92/><AGARI ba="1,1" hai="21,27,28,45,47,52,59,63,92,96,101" m="49407" machi="92" ten="30,3900,0" yaku="8,1,52,1,54,1" doraHai="55" who="0" fromWho="2" sc="224,52,318,0,214,-42,234,0" /><INIT seed="2,0,0,0,3,0" ten="276,318,172,234" oya="2" hai0="6,56,113,49,126,73,47,63,97,116,87,15,46" hai1="41,39,7,114,67,123,29,76,48,70,85,102,101" hai2="33,45,128,107,135,131,64,106,132,75,37,119,3" hai3="38,80,34,18,24,104,2,86,19,111,134,100,16"/><V122/><F119/><W25/><G2/><T84/><D73/><U127/><E114/><V121/><F3/><W58/><G38/><T105/><D116/><U88/><E39/><V98/><F33/><W4/><G134/><N who="2" m="51241" /><F64/><W110/><G34/><T55/><D126/><U94/><E127/><V10/><F10/><W52/><G100/><T26/><D113/><U93/><E29/><V42/><F75/><W54/><G4/><T133/><D133/><U82/><E123/><N who="2" m="47115" /><F98/><W40/><G104/><AGARI ba="0,0" hai="37,42,45,104,106,107,128,131" m="47115,51241" machi="104" ten="40,3900,0" yaku="20,1,23,1" doraHai="0" who="2" fromWho="3" sc="276,0,318,0,172,39,234,-39" /><INIT seed="2,1,0,4,3,35" ten="276,318,211,195" oya="2" hai0="19,12,83,130,115,134,97,43,42,93,29,76,8" hai1="21,126,106,80,66,3,103,13,82,46,6,40,84" hai2="10,92,2,125,50,77,69,11,71,9,64,60,67" hai3="63,5,26,90,74,58,57,22,114,108,91,23,87"/><V132/><F125/><W112/><G108/><T37/><D115/><N who="3" m="44073" /><G74/><T85/><D130/><U52/><E126/><V44/><F132/><W81/><G5/><T0/><D134/><U104/><E66/><V124/><F124/><W34/><G34/><T49/><D37/><U55/><E80/><V61/><F77/><N who="3" m="46511" /><G57/><T33/><D0/><U36/><E3/><V111/><F111/><W131/><G131/><T105/><D105/><U113/><E113/><V14/><F92/><W123/><G123/><T121/><D121/><U59/><E103/><V45/><F45/><W48/><G48/><T31/><D33/><U20/><E6/><V107/><F107/><W135/><G135/><T118/><D118/><U41/><E41/><N who="0" m="15369" /><D49/><U101/><E101/><AGARI ba="1,0" hai="8,12,19,29,31,76,83,85,93,97,101" m="15369" machi="101" ten="30,1000,0" yaku="8,1" doraHai="35" who="0" fromWho="1" sc="276,13,318,-13,211,0,195,0" /><INIT seed="3,0,0,3,5,99" ten="289,305,211,195" oya="3" hai0="36,15,19,33,7,18,88,64,53,80,28,111,102" hai1="22,8,132,81,78,48,54,44,117,55,4,120,41" hai2="133,59,116,112,95,100,118,65,114,85,24,21,52" hai3="43,83,50,35,135,9,96,31,39,17,101,129,115"/><W3/><G115/><T68/><D36/><U86/><E120/><V57/><F65/><W10/><G129/><T107/><D111/><U49/><E132/><V89/><F133/><W30/><G135/><T56/><D7/><U27/><E117/><V14/><F59/><W67/><G3/><T45/><D45/><U61/><E61/><V51/><F100/><W76/><G67/><T23/><D68/><U126/><E49/><V90/><F90/><W98/><G96/><T110/><D64/><U84/><E84/><V106/><F106/><W77/><G39/><T70/><D70/><U91/><E91/><V73/><F73/><W113/><G113/><T72/><D110/><U38/><E38/><V42/><F42/><W29/><G35/><T121/><D121/><U134/><E126/><V63/><F114/><W13/><G10/><T25/><D72/><U109/><E109/><V130/><F112/><W79/><G83/><T62/><D19/><U94/><E94/><V119/><F130/><W69/><G69/><T92/><D80/><U82/><E82/><V122/><F122/><W103/><G98/><T6/><D6/><U104/><E134/><V37/><F37/><W125/><G125/><T58/><D58/><U40/><E40/><V75/><F75/><W0/><G0/><T127/><D127/><U108/><E108/><V123/><F123/><W20/><G9/><N who="0" m="6511" /><D33/><U97/><E97/><V131/><F131/><W26/><G26/><T93/><D88/><U16/><E104/><V34/><F119/><W1/><G1/><AGARI ba="0,0" hai="1,4,8,16,22,27,41,44,48,54,55,78,81,86" machi="1" ten="30,2000,0" yaku="7,1,54,1" doraHai="99" who="1" fromWho="3" sc="289,0,305,20,211,0,195,-20" /><INIT seed="4,0,0,0,1,112" ten="289,325,211,175" oya="0" hai0="92,19,41,34,42,110,101,122,98,1,26,117,5" hai1="9,8,70,130,86,116,3,95,108,16,87,45,131" hai2="85,47,114,31,127,91,88,35,103,25,14,7,54" hai3="57,129,11,48,50,123,51,65,59,58,53,77,90"/><T17/><D117/><U43/><E108/><V124/><F114/><W82/><G11/><T135/><D110/><U29/><E70/><V55/><F103/><W126/><G126/><T30/><D122/><U134/><E134/><V104/><F104/><W111/><G123/><T96/><D135/><U84/><E116/><V18/><F7/><W83/><G111/><T121/><D121/><U61/><E61/><V128/><F47/><N who="3" m="27807" /><G129/><N who="1" m="49162" /><E29/><V89/><F85/><W118/><G118/><T6/><D1/><U22/><E95/><V0/><F0/><W79/><G90/><T119/><D119/><U99/><E99/><V21/><REACH who="2" step="1"/><F128/><REACH who="2" ten="289,325,201,175" step="2"/><W38/><G77/><T107/><D6/><U44/><E3/><V133/><F133/><W36/><G79/><T93/><D5/><U75/><E44/><V100/><F100/><W20/><G82/><T15/><D107/><U37/><E75/><V52/><AGARI ba="0,1" hai="14,18,21,25,31,35,52,54,55,88,89,91,124,127" machi="52" ten="40,8000,1" yaku="1,1,0,1,54,2,53,1" doraHai="112" doraHaiUra="24" who="2" fromWho="2" sc="289,-40,325,-20,201,90,175,-20" /><INIT seed="5,0,0,2,3,64" ten="249,305,291,155" oya="1" hai0="105,117,71,77,29,135,94,127,39,91,37,11,123" hai1="70,12,34,60,38,22,109,0,122,19,25,73,114" hai2="110,68,125,134,82,2,28,1,21,107,69,31,45" hai3="119,35,6,133,75,48,9,83,72,54,90,120,86"/><U116/><RYUUKYOKU type="yao9" ba="0,0" sc="249,0,305,0,291,0,155,0" hai1="0,12,19,22,25,34,38,60,70,73,109,114,116,122" /><INIT seed="5,1,0,3,0,10" ten="249,305,291,155" oya="1" hai0="72,111,87,54,132,76,34,107,71,123,55,78,126" hai1="58,0,77,122,47,48,43,70,135,65,25,105,23" hai2="50,116,37,98,75,108,39,109,102,115,84,32,90" hai3="82,30,120,127,118,31,52,51,46,60,131,16,53"/><U21/><E122/><V40/><F116/><W20/><G120/><T99/><D111/><U112/><E0/><V26/><F75/><W73/><G118/><T59/><D123/><U61/><E105/><V117/><F117/><W2/><G2/><T1/><D1/><U64/><E112/><V44/><F115/><W27/><G131/><T22/><D34/><U66/><E135/><V125/><F125/><W119/><G127/><T68/><D72/><U100/><E77/><V28/><F109/><W79/><REACH who="3" step="1"/><G119/><REACH who="3" ten="249,305,291,145" step="2"/><T101/><D126/><U42/><E70/><V41/><F108/><W94/><G94/><T62/><D132/><U13/><E65/><V91/><F40/><W15/><G15/><T80/><D71/><U33/><E66/><V57/><F39/><W49/><G49/><T96/><D68/><U45/><E13/><V86/><F37/><W69/><G69/><T129/><D129/><U110/><E110/><V63/><F41/><W38/><G38/><T114/><D114/><U133/><E133/><V29/><F50/><W67/><G67/><T97/><D55/><U36/><E43/><V4/><F26/><W103/><G103/><T35/><D35/><U56/><E100/><V9/><F102/><W3/><G3/><T93/><D107/><U113/><E113/><V19/><F32/><W92/><G92/><T81/><D22/><U104/><E104/><V6/><F9/><W106/><G106/><T11/><D11/><U124/><E124/><V74/><F6/><W12/><G12/><T128/><D128/><U5/><E5/><V24/><F4/><RYUUKYOKU ba="1,1" sc="249,15,305,-15,291,-15,145,15" hai0="54,59,62,76,78,80,81,87,93,96,97,99,101" hai3="16,20,27,30,31,46,51,52,53,60,73,79,82" /><INIT seed="6,2,1,1,5,54" ten="264,290,276,160" oya="2" hai0="22,102,30,107,21,44,63,45,114,89,12,108,4" hai1="7,64,51,73,111,72,93,55,69,66,19,5,26" hai2="105,61,48,121,106,83,133,86,0,43,120,11,131" hai3="95,84,33,130,103,90,79,49,65,14,16,62,36"/><V113/><F113/><W58/><G130/><T128/><D108/><U99/><E111/><V41/><F131/><W9/><G33/><T116/><D114/><U109/><E109/><V91/><F133/><W17/><G36/><T126/><D128/><U25/><E69/><V57/><F105/><W117/><G117/><T125/><D116/><U24/><E19/><V34/><F34/><W6/><G103/><T23/><D30/><U122/><E122/><V27/><F106/><W74/><G74/><T52/><D89/><N who="1" m="55727" /><E73/><V98/><F98/><W38/><G38/><T82/><D82/><U124/><E72/><V119/><F119/><W88/><G79/><T39/><D102/><U78/><E78/><V81/><F27/><W97/><REACH who="3" step="1"/><G49/><REACH who="3" ten="264,290,276,150" step="2"/><T104/><D39/><U29/><E29/><V47/><F121/><W18/><G18/><T37/><D37/><U96/><E7/><V127/><F120/><W132/><G132/><T28/><D28/><U46/><E5/><V112/><F112/><W115/><G115/><T92/><D107/><U123/><E123/><V59/><F48/><W71/><G71/><T42/><D104/><U15/><E51/><V53/><F43/><W87/><G87/><T110/><D42/><U31/><E31/><V135/><F86/><W1/><G1/><T60/><D110/><U20/><E96/><V85/><F85/><W32/><G32/><T40/><D40/><U13/><E124/><V56/><F127/><W68/><G68/><T3/><D125/><U35/><E35/><V50/><F135/><W77/><G77/><T118/><D126/><RYUUKYOKU ba="2,2" sc="264,-10,290,-10,276,-10,150,30" hai3="6,9,14,16,17,58,62,65,84,88,90,95,97" /><INIT seed="7,3,2,4,1,68" ten="254,280,266,180" oya="3" hai0="133,84,75,15,52,20,1,111,24,43,28,35,88" hai1="87,54,97,112,131,6,64,125,57,113,80,99,130" hai2="114,26,73,103,110,12,71,21,39,33,100,23,11" hai3="19,126,34,127,118,17,16,46,66,108,104,106,45"/><W90/><G34/><T86/><D111/><U0/><E64/><V50/><F110/><W38/><G108/><T109/><D109/><U78/><E125/><N who="3" m="47626" /><G118/><T30/><D75/><U4/><E0/><V128/><F71/><W94/><G66/><T18/><D133/><U13/><E13/><V25/><F33/><W79/><G79/><T53/><D1/><U135/><E135/><V129/><F73/><W74/><G74/><T91/><D43/><U29/><E29/><N who="0" m="11369" /><D35/><U102/><E6/><V122/><F122/><W119/><G119/><T120/><D24/><U134/><E4/><V49/><F26/><W59/><G59/><T121/><D121/><U51/><E134/><V61/><F25/><W60/><G60/><T98/><D98/><N who="1" m="37387" /><E102/><V81/><F61/><W58/><G58/><T116/><D116/><U56/><E56/><V31/><F103/><W82/><G82/><N who="0" m="49175" /><D120/><U36/><E36/><V55/><F100/><W27/><G38/><T67/><D67/><U37/><E37/><V10/><F39/><W96/><G27/><T76/><D76/><U132/><E132/><V62/><F62/><W40/><G40/><T72/><D72/><U8/><E8/><V47/><F11/><W44/><AGARI ba="3,2" hai="16,17,19,44,45,46,90,94,96,104,106" m="47626" machi="44" ten="40,3900,0" yaku="18,1,54,1" doraHai="68" who="3" fromWho="3" sc="254,-16,280,-16,266,-16,180,68" /><INIT seed="7,4,0,4,4,98" ten="238,264,250,248" oya="3" hai0="43,117,55,76,51,35,47,41,14,115,126,59,24" hai1="28,96,69,83,106,57,80,36,18,54,128,66,122" hai2="11,135,131,20,45,49,116,19,31,130,73,56,129" hai3="101,113,67,72,132,107,108,50,79,94,97,6,124"/><W61/><G124/><T32/><D117/><U25/><E122/><V123/><F116/><W58/><G132/><T78/><D126/><U26/><E36/><V87/><F73/><W46/><G113/><T53/><D115/><U89/><E128/><V29/><F135/><W13/><G108/><T10/><D32/><U71/><E18/><V84/><F123/><W62/><G79/><N who="0" m="30251" /><D35/><U34/><E26/><V133/><F133/><W4/><G72/><T17/><D24/><U65/><E65/><V48/><F56/><N who="3" m="37287" /><G107/><T102/><D102/><N who="1" m="62791" /><E89/><V125/><F125/><W30/><G13/><T114/><D114/><U44/><E44/><V52/><F49/><AGARI ba="4,0" hai="10,14,17,41,43,47,49,51,53,55,59" m="30251" machi="49" ten="30,1000,0" yaku="8,1" doraHai="98" who="0" fromWho="2" sc="238,22,264,0,250,-22,248,0" /><INIT seed="8,0,0,4,3,39" ten="260,264,228,248" oya="0" hai0="102,32,2,111,47,66,84,91,95,20,104,80,48" hai1="119,16,52,37,28,59,9,100,87,58,0,71,86" hai2="27,51,34,35,6,107,26,11,118,110,122,17,130" hai3="31,89,124,33,54,53,24,129,97,41,90,126,67"/><T112/><D32/><U81/><E119/><V121/><F107/><W115/><G115/><T70/><D2/><U101/><E71/><V132/><F110/><W50/><G67/><T57/><D111/><U62/><E37/><V12/><F51/><W1/><G1/><T3/><D3/><U125/><E125/><N who="3" m="48234" /><G129/><T22/><D70/><U5/><E28/><N who="2" m="19735" /><F130/><W120/><G120/><N who="2" m="46185" /><F118/><W44/><G97/><N who="0" m="59711" /><D104/><U77/><E87/><V43/><F43/><W40/><G89/><T14/><D112/><U93/><E93/><V4/><F132/><W29/><G90/><T25/><D14/><U10/><REACH who="1" step="1"/><E59/><REACH who="1" ten="260,254,228,248" step="2"/><V38/><F38/><N who="3" m="21527" /><G31/><AGARI ba="0,1" hai="4,6,11,12,17,27,31,35" m="46185,19735" machi="31" ten="30,2000,0" yaku="34,2" doraHai="39" who="2" fromWho="3" sc="260,0,254,0,228,30,248,-20" /><INIT seed="9,0,0,4,5,82" ten="260,254,258,228" oya="1" hai0="60,86,103,127,65,110,56,78,16,10,93,85,84" hai1="76,122,12,63,119,108,104,133,90,41,39,116,29" hai2="61,94,9,8,42,40,99,5,20,32,91,95,28" hai3="24,124,101,23,102,73,118,117,11,1,75,79,21"/><U55/><E122/><V48/><F32/><W51/><G124/><T89/><D110/><U126/><E108/><V109/><F109/><W64/><G64/><T97/><D127/><U132/><E126/><V57/><F48/><W35/><G35/><T37/><D37/><U131/><E104/><V100/><F9/><W7/><G79/><T66/><D78/><U120/><E120/><V15/><F20/><N who="3" m="7755" /><G51/><T113/><D113/><U128/><E76/><V31/><F31/><W14/><G24/><T98/><D66/><U81/><E29/><V59/><F28/><W36/><G36/><T58/><D58/><N who="2" m="22026" /><F61/><W30/><G30/><T83/><D98/><AGARI ba="0,0" hai="5,8,15,40,42,91,94,95,98,99,100" m="22026" machi="98" ten="30,1000,0" yaku="8,1" doraHai="82" who="2" fromWho="0" sc="260,-10,254,0,258,10,228,0" /><INIT seed="10,0,0,3,2,72" ten="250,254,268,228" oya="2" hai0="15,93,132,116,118,105,21,35,16,75,133,82,53" hai1="13,36,90,109,131,111,40,61,19,60,134,24,96" hai2="42,66,124,88,102,44,129,51,67,10,28,91,103" hai3="1,9,48,99,14,86,50,95,6,18,71,126,123"/><V7/><F124/><W23/><G126/><T63/><D105/><U119/><E119/><N who="0" m="45609" /><D35/><U20/><E131/><V30/><F129/><W120/><G71/><T27/><D93/><U70/><E134/><N who="0" m="51817" /><D75/><U49/><E36/><V52/><F42/><W39/><G39/><T89/><D89/><N who="2" m="34378" /><F10/><W98/><G95/><T79/><D82/><U76/><E76/><V57/><F7/><W127/><G86/><T41/><D41/><U130/><E130/><V100/><F44/><W104/><G127/><T97/><D97/><U108/><E96/><V37/><F37/><W26/><G104/><T0/><D0/><U33/><E90/><V31/><AGARI ba="0,0" hai="28,30,31,51,52,57,66,67,100,102,103" m="34378" machi="31" ten="40,7800,0" yaku="8,1,54,2" doraHai="72" who="2" fromWho="2" sc="250,-26,254,-26,268,78,228,-26" owari="224,-18.0,228,3.0,346,45.0,202,-30.0" /></mjloggm>