<mjloggm ver="2.3"><GO type="169" lobby="0"/><UN n0="%E6%9D%BE%E5%AE%9F%E7%8E%84%E3%81%98%E3%82%83%E3%81%AA%E3%81%84" n1="%E4%B8%89%E8%89%B2%E5%90%8C%E5%88%BB%E2%98%86" n2="%7A%6B%75%72%74" n3="%E3%82%A6%E3%83%AB%E3%83%88%E3%83%A9%E7%AB%8B%E7%9B%B4" dan="16,17,18,17" rate="2093.98,2158.38,2193.35,2217.91" sx="F,M,M,M"/><TAIKYOKU oya="0"/><INIT seed="0,0,0,1,4,74" ten="250,250,250,250" oya="0" hai0="87,34,121,105,135,120,22,70,55,20,108,52,23" hai1="42,17,96,100,72,39,30,7,60,114,98,25,59" hai2="107,56,28,63,40,125,36,131,80,124,46,68,62" hai3="117,123,37,32,3,1,85,50,31,5,119,21,101"/><T130/><D105/><U94/><E114/><V24/><F107/><W91/><G37/><T111/><D34/><U47/><E72/><V128/><F80/><W97/><G32/><T76/><D70/><U71/><E71/><V82/><F82/><W90/><G50/><T44/><D135/><U33/><E98/><V18/><F18/><W14/><G5/><T19/><D19/><U127/><E127/><N who="2" m="48715" /><F24/><W81/><G123/><N who="0" m="47179" /><D44/><U73/><E73/><V126/><F28/><W58/><G58/><T89/><D130/><N who="2" m="49706" /><F126/><W6/><G81/><N who="0" m="47527" /><D89/><U115/><E17/><V133/><F68/><W13/><G91/><T118/><D118/><U106/><E106/><V129/><F129/><W45/><G90/><T86/><D86/><U65/><E7/><V27/><F27/><W109/><G85/><T49/><D49/><U8/><E115/><V48/><F133/><W38/><G6/><T16/><D16/><U67/><E8/><V41/><F41/><W116/><G116/><T26/><D26/><U95/><E95/><V4/><F4/><W29/><G119/><T132/><D132/><U102/><E102/><V134/><F134/><W112/><G117/><T122/><D122/><U88/><E100/><V75/><F75/><W93/><G31/><T9/><D9/><U104/><E104/><V11/><F11/><W53/><G29/><T2/><D2/><U64/><AGARI ba="0,0" hai="25,30,33,39,42,47,59,60,64,65,67,88,94,96" machi="64" ten="20,2700,0" yaku="0,1,7,1,54,1" doraHai="74" who="1" fromWho="1" sc="250,-13,250,27,250,-7,250,-7" /><INIT seed="1,0,0,2,0,108" ten="237,277,243,243" oya="1" hai0="26,87,103,115,70,93,90,27,52,128,4,83,133" hai1="21,98,3,64,5,135,58,100,40,49,88,126,45" hai2="53,123,47,14,104,80,12,97,82,25,30,17,60" hai3="110,9,117,66,72,55,86,46,1,106,121,99,54"/><U2/><E135/><V57/><F123/><W62/><G72/><T112/><D70/><U15/><E126/><V116/><F116/><W39/><G121/><T75/><D133/><U130/><E130/><V76/><F47/><W56/><G110/><T37/><D37/><U48/><E88/><V78/><F104/><W107/><G107/><T41/><D41/><U101/><E101/><V31/><F97/><W124/><G124/><T24/><D128/><U74/><E74/><V22/><F31/><W94/><G117/><T51/><D4/><U111/><E111/><V131/><F131/><W91/><G1/><T125/><D125/><U127/><E127/><V79/><REACH who="2" step="1"/><F12/><REACH who="2" ten="237,277,233,243" step="2"/><W68/><G46/><T36/><D36/><U67/><E2/><V105/><F105/><W96/><G39/><T16/><D103/><U132/><E3/><V10/><AGARI ba="0,1" hai="10,14,17,22,25,30,53,57,60,76,78,79,80,82" machi="10" ten="30,4000,0" yaku="1,1,0,1,8,1,53,0" doraHai="108" doraHaiUra="35" who="2" fromWho="2" sc="237,-10,277,-20,233,50,243,-10" /><INIT seed="2,0,0,2,0,7" ten="227,257,283,233" oya="2" hai0="54,105,109,15,5,79,66,72,24,43,52,112,78" hai1="106,90,82,60,9,102,107,28,84,37,103,41,32" hai2="1,21,4,2,61,110,113,132,98,33,118,48,64" hai3="13,88,42,86,128,68,97,31,135,108,77,80,81"/><V67/><F118/><W19/><G68/><T35/><D112/><U62/><E103/><V87/><F33/><W27/><G108/><T45/><D105/><U83/><E83/><V76/><F113/><W111/><G111/><T124/><D109/><U17/><E37/><V51/><F110/><W133/><G42/><T34/><D66/><U30/><E41/><V39/><F39/><W101/><G128/><T92/><D72/><U134/><E134/><N who="3" m="51210" /><G27/><T130/><D124/><U10/><E17/><V91/><F132/><W114/><G31/><T0/><D0/><U94/><E32/><V75/><F98/><W73/><G114/><T55/><D24/><U69/><E107/><V36/><F36/><W122/><G122/><T23/><D130/><U59/><E69/><V57/><F67/><W131/><G131/><T119/><D119/><U89/><E102/><V18/><F76/><W44/><G44/><T99/><D34/><U65/><E62/><V125/><F75/><W16/><G13/><T14/><D14/><U127/><E106/><AGARI ba="0,0" hai="16,19,73,77,80,81,86,88,97,101,106" m="51210" machi="106" ten="30,3900,0" yaku="20,1,54,2" doraHai="7" who="3" fromWho="1" sc="227,0,257,-39,283,0,233,39" /><INIT seed="3,0,0,5,0,133" ten="227,218,283,272" oya="3" hai0="4,1,107,119,69,68,74,18,112,90,124,115,95" hai1="102,98,51,104,42,84,122,110,17,85,97,54,31" hai2="50,66,103,7,48,92,88,35,117,111,125,75,64" hai3="60,87,47,12,55,9,43,82,27,33,30,46,121"/><W99/><G121/><T127/><D107/><U62/><E122/><V132/><F35/><W21/><G33/><T8/><D119/><U5/><E31/><V37/><F37/><W118/><G118/><T34/><D34/><U6/><E42/><V16/><F75/><W45/><G99/><N who="0" m="57847" /><D74/><U2/><E110/><V39/><F39/><W36/><G60/><T134/><D18/><U38/><E38/><V3/><F117/><W13/><G55/><T109/><D109/><U63/><E17/><V26/><F103/><W0/><G0/><T53/><D53/><U83/><E98/><V78/><F78/><W29/><G29/><T14/><D1/><U81/><E63/><V106/><F106/><W57/><G57/><T86/><D86/><U101/><E62/><V28/><F132/><W114/><G114/><N who="0" m="43563" /><D134/><U72/><E102/><V10/><F111/><W91/><G12/><T32/><D32/><U58/><E72/><V22/><F28/><W73/><G73/><T123/><D123/><U52/><E2/><V67/><REACH who="2" step="1"/><F125/><AGARI ba="0,0" hai="4,8,14,68,69,124,125,127" m="43563,57847" machi="125" ten="30,8000,1" yaku="18,1,11,1,52,3" doraHai="133" who="0" fromWho="2" sc="227,80,218,0,283,-80,272,0" /><INIT seed="4,0,0,5,2,14" ten="307,218,203,272" oya="0" hai0="79,62,125,6,57,115,13,61,33,98,77,22,102" hai1="60,104,133,74,93,118,114,20,28,121,131,92,96" hai2="129,90,4,54,135,78,39,86,46,65,75,11,72" hai3="36,53,15,2,119,21,34,3,12,82,58,47,31"/><T126/><D33/><U109/><E20/><V24/><F129/><W132/><G119/><T38/><D38/><U106/><E28/><V43/><F135/><W123/><G34/><T101/><D115/><U134/><E60/><V56/><F65/><W70/><G70/><T91/><D91/><N who="1" m="55327" /><E118/><V35/><F78/><W1/><G132/><N who="1" m="50794" /><E109/><V127/><F35/><W16/><G31/><T18/><D6/><U69/><E69/><V116/><F24/><W32/><G32/><T88/><D62/><U8/><E8/><V124/><F116/><W80/><G123/><T26/><D26/><U23/><E23/><V52/><F54/><W84/><G84/><T111/><D111/><U27/><E27/><V45/><F45/><W112/><G112/><T10/><D10/><U97/><E114/><V120/><F120/><W40/><REACH who="3" step="1"/><G15/><REACH who="3" ten="307,218,203,262" step="2"/><T50/><D13/><U41/><E121/><V85/><F85/><W37/><G37/><T107/><D125/><U76/><E131/><V64/><F124/><W99/><G99/><T130/><D98/><U49/><E74/><V108/><F127/><W81/><G81/><T42/><D130/><U44/><E76/><V19/><F75/><W55/><G55/><T29/><D126/><U67/><E67/><V51/><F72/><W113/><G113/><T63/><D79/><U117/><E117/><V68/><F64/><W87/><G87/><T0/><D77/><U30/><E30/><V122/><F68/><W110/><G110/><T48/><D29/><U25/><E25/><V73/><F73/><W17/><G17/><T95/><D18/><RYUUKYOKU ba="0,1" sc="307,-15,218,15,203,-15,262,15" hai1="41,44,49,93,97,104,106" hai3="1,2,3,12,16,21,36,40,47,53,58,80,82" /><INIT seed="5,1,1,4,3,31" ten="292,233,188,277" oya="1" hai0="133,44,15,73,85,81,92,56,132,4,93,134,48" hai1="72,25,40,110,105,77,19,117,98,135,106,114,129" hai2="60,111,59,125,102,10,27,23,78,66,82,123,5" hai3="51,131,17,28,126,116,61,101,104,14,62,43,7"/><U57/><E117/><V16/><F123/><W8/><G116/><T3/><D3/><U94/><E40/><V49/><F125/><W115/><G126/><T96/><D73/><U35/><E114/><V24/><F111/><W0/><G115/><T32/><D32/><U120/><E120/><V52/><F102/><W12/><G0/><T63/><D96/><U119/><E119/><V53/><F27/><W38/><G38/><T79/><D4/><U55/><E129/><V99/><F99/><W1/><G1/><T128/><D15/><U36/><E36/><V75/><REACH who="2" step="1"/><F49/><REACH who="2" ten="292,233,178,277" step="2"/><W70/><G51/><T130/><D130/><U109/><E109/><V76/><F76/><W103/><G101/><T18/><D128/><U74/><E77/><V88/><F88/><W69/><G103/><T58/><D48/><N who="1" m="30951" /><E110/><V39/><F39/><W22/><G131/><T71/><D79/><U113/><E113/><V20/><F20/><W54/><G22/><T46/><D133/><U83/><E135/><V41/><F41/><W91/><G43/><T118/><D118/><U65/><E25/><V34/><F34/><W13/><G91/><T95/><D134/><U107/><E35/><V108/><F108/><W122/><G122/><T64/><D132/><U45/><E98/><V50/><F50/><W21/><G21/><T80/><D85/><U121/><E121/><V84/><F84/><W100/><G100/><T47/><D93/><U87/><E94/><V30/><F30/><W112/><G28/><T37/><D95/><U90/><E90/><V9/><F9/><W33/><G8/><RYUUKYOKU ba="1,2" sc="292,-10,233,-10,178,30,277,-10" hai2="5,10,16,23,24,52,53,59,60,66,75,78,82" /><INIT seed="6,2,2,2,1,114" ten="282,223,208,267" oya="2" hai0="72,53,6,61,17,47,110,14,55,15,91,128,129" hai1="120,58,96,85,36,39,119,88,59,87,69,126,9" hai2="24,132,50,67,76,1,0,118,3,71,52,54,51" hai3="101,102,33,70,90,42,82,100,81,12,94,127,80"/><V97/><F132/><W49/><G33/><T135/><D110/><U106/><E69/><V19/><F118/><W122/><G70/><T99/><D72/><U65/><E119/><V13/><F76/><W73/><G73/><T41/><D135/><U18/><E126/><V35/><F97/><W46/><G122/><T134/><D134/><U78/><E78/><V16/><F71/><W104/><G127/><T123/><D123/><U115/><E115/><V130/><F67/><W22/><G104/><T112/><D112/><U131/><E131/><V23/><F130/><N who="0" m="50282" /><D6/><U28/><E28/><V48/><REACH who="2" step="1"/><F35/><REACH who="2" ten="282,223,198,267" step="2"/><W116/><G116/><T44/><D99/><U26/><E65/><V68/><F68/><W86/><G102/><T32/><D32/><U89/><E96/><V98/><F98/><W107/><G107/><T111/><D111/><U34/><E106/><V57/><F57/><W92/><G101/><T4/><D47/><U66/><E120/><V63/><F63/><W79/><G100/><T11/><D61/><U74/><E66/><V84/><F84/><W109/><G79/><T60/><D60/><U56/><E74/><V93/><F93/><N who="3" m="54487" /><G109/><T30/><D44/><U125/><E125/><V43/><F43/><W8/><G94/><T108/><D41/><U103/><E103/><V5/><F5/><N who="3" m="3087" /><G92/><T133/><D108/><U64/><E64/><V83/><F83/><W77/><G77/><T25/><D133/><U45/><E45/><V2/><N who="2" m="0" /><DORA hai="113" /><V40/><F40/><W21/><AGARI ba="2,3" hai="21,22,42,46,49,80,81,82" m="3087,54487" machi="21" ten="30,1100,0" yaku="8,1" doraHai="114,113" who="3" fromWho="3" sc="282,-5,223,-5,198,-7,267,47" /><INIT seed="7,0,0,2,3,51" ten="277,218,191,314" oya="3" hai0="1,105,21,56,61,81,88,75,72,29,90,135,34" hai1="5,74,36,122,115,65,49,6,79,4,111,3,99" hai2="66,0,87,126,132,93,8,55,71,67,70,9,64" hai3="13,39,128,116,113,37,124,108,68,48,42,63,78"/><W102/><G102/><T110/><D34/><U27/><E122/><V84/><F126/><W133/><G78/><T117/><D110/><U15/><E36/><V43/><F43/><W101/><G101/><T18/><D29/><U54/><E3/><V92/><F0/><W52/><G13/><T85/><D105/><U30/><E65/><V91/><F132/><W123/><G128/><T45/><D117/><U47/><E115/><V73/><F73/><W35/><G35/><T131/><D1/><U89/><E79/><V76/><F76/><W33/><G33/><T119/><D119/><U80/><E74/><V57/><F71/><W69/><G69/><T94/><D45/><U100/><E100/><V12/><F70/><W32/><G32/><T112/><D131/><U31/><E31/><V17/><F8/><W83/><G68/><T58/><D58/><U59/><E59/><V98/><REACH who="2" step="1"/><F93/><REACH who="2" ten="277,218,181,314" step="2"/><W11/><G124/><T109/><D135/><U24/><E111/><V129/><F129/><W121/><G133/><T82/><D109/><U107/><E107/><V120/><F120/><W2/><G123/><T44/><D94/><N who="1" m="56783" /><E80/><V25/><F25/><N who="1" m="9801" /><E30/><V96/><F96/><W46/><G121/><T7/><D82/><U38/><E38/><N who="3" m="14346" /><G2/><T40/><D75/><U53/><E15/><V60/><AGARI ba="0,1" hai="9,12,17,55,57,60,64,66,67,84,87,91,92,98" machi="60" ten="30,7900,0" yaku="1,1,0,1,8,1,52,1,53,0" doraHai="51" doraHaiUra="103" who="2" fromWho="2" sc="277,-20,218,-20,181,89,314,-39" /><INIT seed="8,0,0,4,3,113" ten="257,198,270,275" oya="0" hai0="14,37,107,70,5,134,54,62,34,78,81,44,100" hai1="128,116,114,86,4,24,119,129,27,127,3,0,84" hai2="12,46,29,135,93,66,85,94,36,57,49,75,77" hai3="47,121,65,68,96,79,73,52,109,98,91,130,9"/><T41/><D134/><U42/><E42/><V101/><F75/><W55/><G109/><T8/><D34/><U117/><E127/><V103/><F36/><W21/><G79/><T38/><D38/><U58/><E58/><V87/><F29/><W132/><G73/><T17/><D100/><U102/><E102/><V71/><F71/><W30/><G65/><T99/><D99/><U105/><E105/><V90/><F135/><W61/><G68/><T23/><D107/><U32/><E114/><V118/><F12/><W120/><G9/><T25/><D54/><U19/><E19/><V6/><F6/><W50/><G132/><T53/><D53/><U88/><E4/><V97/><F103/><W82/><G130/><N who="1" m="50282" /><E86/><V35/><F35/><W67/><G67/><T111/><D111/><U7/><E7/><V106/><F77/><W112/><G112/><T83/><REACH who="0" step="1"/><D78/><REACH who="0" ten="247,198,270,275" step="2"/><U131/><N who="1" m="50290" /><U104/><DORA hai="133" /><E104/><V59/><F106/><W11/><G98/><T126/><D126/><U125/><E125/><V1/><F97/><W15/><G96/><T89/><D89/><U122/><E122/><V63/><F101/><W13/><G91/><T18/><D18/><U31/><E27/><V40/><F90/><W92/><G121/><T22/><D22/><U45/><E45/><V110/><F46/><W33/><G47/><T43/><D43/><U28/><E28/><V20/><F40/><W123/><G30/><T80/><D80/><AGARI ba="0,1" hai="0,3,24,31,32,80,84,88,116,117,119" m="50290" machi="80" ten="50,12000,2" yaku="16,1,19,1,52,3,54,1" doraHai="113,133" who="1" fromWho="0" sc="247,-120,198,130,270,0,275,0" owari="127,-37.0,328,42.0,270,-13.0,275,8.0" /></mjloggm>