<mjloggm ver="2.3"><GO type="97" lobby="0"/><UN n0="%EF%BC%93%E3%82%A2%E3%83%B3%E3%82%B3" n1="%E5%B0%B1%E6%B4%BB%E7%94%9F%40%E5%B7%9D%E6%9D%91%E8%BB%8D%E5%9B%A3" n2="%E5%B0%8F%E5%B7%9D%2E%63%6F%6D" n3="%E3%81%B2%E3%81%8E%E3%81%83" dan="13,15,15,13" rate="1848.45,1971.81,1997.80,1826.61" sx="M,M,M,M"/><TAIKYOKU oya="0"/><INIT seed="0,0,0,3,3,68" ten="250,250,250,250" oya="0" hai0="76,128,114,59,21,56,63,66,95,61,50,37,20" hai1="22,99,89,3,79,64,81,24,30,91,9,38,102" hai2="116,111,42,69,47,31,130,41,11,133,6,115,109" hai3="44,127,82,90,123,97,106,77,101,103,83,28,46"/><T93/><D114/><U108/><E38/><N who="2" m="21943" /><F115/><W131/><G28/><T54/><D128/><U60/><E108/><N who="2" m="41547" /><F130/><W29/><G29/><T48/><D37/><U10/><E3/><N who="2" m="479" /><F69/><W45/><G45/><T104/><D104/><U84/><E9/><V43/><F116/><W32/><G131/><T98/><D76/><U100/><E10/><V17/><F31/><W119/><G77/><T96/><D54/><U92/><REACH who="1" step="1"/><E102/><REACH who="1" ten="250,240,250,250" step="2"/><V78/><F133/><W126/><G103/><T88/><REACH who="0" step="1"/><D66/><REACH who="0" ten="240,240,250,250" step="2"/><U87/><E87/><V14/><F78/><W57/><G127/><T5/><D5/><U12/><E12/><V135/><F135/><W124/><G126/><T2/><D2/><U118/><E118/><V27/><F27/><W73/><G124/><T8/><D8/><AGARI ba="0,2" hai="8,14,17,42,43" m="479,41547,21943" machi="8" ten="30,2000,0" yaku="14,1,52,1" doraHai="68" who="2" fromWho="0" sc="240,-20,240,0,250,40,250,0" /><INIT seed="1,0,0,4,0,57" ten="220,240,290,250" oya="1" hai0="132,50,106,3,122,64,87,130,107,94,109,92,19" hai1="116,119,104,7,80,15,11,33,86,37,42,32,46" hai2="115,91,113,40,17,0,68,65,10,39,97,118,112" hai3="72,29,54,38,55,125,47,49,85,53,48,103,124"/><U62/><E104/><V2/><F118/><W28/><G72/><T4/><D109/><U73/><E73/><V22/><F39/><W88/><G103/><T44/><D130/><U134/><E134/><V90/><F40/><W63/><G38/><T133/><D122/><U36/><E36/><V74/><F74/><W76/><G76/><T5/><D64/><U41/><E41/><V95/><F90/><W9/><G9/><T99/><D19/><U35/><REACH who="1" step="1"/><E62/><REACH who="1" ten="220,230,290,250" step="2"/><N who="2" m="39991" /><F10/><W21/><G63/><T18/><D107/><U81/><E81/><V24/><AGARI ba="0,1" hai="0,2,17,22,24,91,95,97,112,113,115" m="39991" machi="24" ten="30,2000,0" yaku="11,1,52,1" doraHai="57" who="2" fromWho="2" sc="220,-5,230,-10,290,30,250,-5" /><INIT seed="2,0,0,3,2,46" ten="215,220,320,245" oya="2" hai0="13,135,93,96,128,55,81,49,60,25,124,94,76" hai1="129,20,75,83,39,63,10,130,70,19,37,0,51" hai2="58,22,41,44,134,132,100,45,72,48,78,30,109" hai3="12,15,61,131,101,125,65,21,40,119,87,116,74"/><V56/><F109/><W38/><G74/><T53/><D124/><U17/><E75/><V18/><F30/><W98/><G125/><T89/><D128/><N who="1" m="49259" /><E83/><V91/><F100/><W104/><G131/><T126/><D126/><U111/><E111/><V62/><F72/><W88/><G40/><T54/><D135/><N who="2" m="51754" /><F78/><W127/><G38/><N who="1" m="14346" /><E51/><N who="2" m="27023" /><F91/><W3/><G101/><T121/><D60/><U29/><E29/><V42/><F62/><W86/><G61/><T7/><D121/><U5/><E20/><V36/><F36/><W107/><G21/><T28/><D7/><U99/><E99/><V95/><F95/><W4/><G98/><N who="0" m="57647" /><D13/><AGARI ba="0,0" hai="13,18,22,42,45,48,56,58" m="27023,51754" machi="13" ten="30,5800,0" yaku="20,1,52,2" doraHai="46" who="2" fromWho="0" sc="215,-58,220,0,320,58,245,0" /><INIT seed="2,1,0,4,4,55" ten="157,220,378,245" oya="2" hai0="14,105,12,49,13,112,128,130,134,3,51,93,94" hai1="133,9,78,75,48,66,65,16,76,56,36,26,129" hai2="132,52,84,135,8,1,27,103,70,124,95,28,6" hai3="72,91,98,5,59,120,62,108,69,85,53,92,79"/><V117/><F117/><W21/><G120/><T97/><D112/><U22/><E36/><V34/><F124/><W96/><G108/><T54/><D3/><U4/><E75/><V123/><F123/><W109/><G109/><T19/><D19/><U64/><E129/><N who="0" m="49769" /><D54/><N who="1" m="31815" /><E133/><V50/><F70/><W114/><G114/><T107/><D97/><U7/><E9/><V17/><F17/><W35/><G35/><T37/><D37/><U77/><AGARI ba="1,0" hai="4,7,16,22,26,64,65,66,76,77,78" m="31815" machi="77" ten="30,4000,0" yaku="8,1,52,1,54,1" doraHai="55" who="1" fromWho="1" sc="157,-11,220,43,378,-21,245,-11" /><INIT seed="3,0,0,3,3,94" ten="146,263,357,234" oya="3" hai0="50,52,88,64,79,20,82,19,116,86,1,30,104" hai1="103,122,127,109,46,114,13,32,119,107,63,80,73" hai2="44,8,102,55,128,35,38,56,123,130,125,70,18" hai3="65,92,132,47,115,5,9,24,58,37,42,75,91"/><W113/><G75/><T106/><D116/><U131/><RYUUKYOKU type="yao9" ba="0,0" sc="146,0,263,0,357,0,234,0" hai1="13,32,46,63,73,80,103,107,109,114,119,122,127,131" /><INIT seed="3,1,0,2,2,78" ten="146,263,357,234" oya="3" hai0="76,54,66,80,18,130,71,5,3,14,17,0,47" hai1="87,122,107,88,91,75,132,21,38,32,127,35,69" hai2="26,98,72,57,8,85,111,95,92,4,77,135,64" hai3="48,113,41,105,2,112,22,43,117,62,103,42,12"/><W34/><G117/><T129/><D130/><U11/><E75/><V1/><F111/><W51/><G2/><T116/><D129/><U119/><E107/><V115/><F115/><W49/><G34/><T74/><D116/><U29/><E122/><V59/><F72/><W99/><REACH who="3" step="1"/><G62/><REACH who="3" ten="146,263,357,224" step="2"/><T52/><D5/><U60/><E32/><V61/><F1/><W25/><G25/><T67/><D18/><AGARI ba="1,1" hai="12,18,22,41,42,43,48,49,51,99,103,105,112,113" machi="18" ten="40,2000,0" yaku="1,1,53,0" doraHai="78" doraHaiUra="50" who="3" fromWho="0" sc="146,-23,263,0,357,0,224,33" /><INIT seed="3,2,0,0,4,43" ten="123,263,357,257" oya="3" hai0="99,45,65,106,70,7,87,32,121,33,111,66,104" hai1="48,115,2,135,8,6,100,23,55,15,44,50,36" hai2="34,31,61,22,54,89,68,134,24,47,58,53,63" hai3="96,69,78,83,119,129,103,116,46,128,112,73,117"/><W18/><G69/><T130/><D111/><U14/><E115/><V27/><F134/><W41/><G18/><T60/><D130/><N who="3" m="50281" /><G112/><T38/><D121/><U84/><E135/><V122/><F122/><W4/><G4/><T40/><D87/><U0/><E36/><V98/><F68/><W67/><G67/><T90/><D90/><U110/><E110/><V64/><F64/><W19/><G19/><T123/><D123/><U29/><E100/><V108/><F108/><W16/><G16/><T109/><D109/><U95/><E50/><V76/><F24/><W12/><G12/><T82/><D66/><U49/><E49/><V80/><F34/><W30/><G30/><T26/><D82/><U97/><E97/><V91/><F98/><W74/><G74/><T124/><D124/><U81/><E95/><V118/><F118/><W52/><G52/><T85/><D85/><U59/><E59/><V114/><F114/><W107/><G117/><T75/><D104/><U25/><E0/><V72/><F31/><W37/><AGARI ba="2,0" hai="37,41,46,73,78,83,96,103,107,116,119" m="50281" machi="37" ten="30,6000,0" yaku="19,1,23,1,52,1" doraHai="43" who="3" fromWho="3" sc="123,-22,263,-22,357,-22,257,66" /><INIT seed="3,3,0,4,0,33" ten="101,241,335,323" oya="3" hai0="62,50,60,108,115,78,99,130,131,30,18,27,90" hai1="71,79,114,134,72,3,83,74,54,84,16,7,44" hai2="100,118,1,67,96,111,75,42,45,110,81,11,24" hai3="20,128,125,121,12,10,127,39,52,37,98,73,135"/><W4/><G121/><T107/><D90/><U87/><E71/><V91/><F118/><W23/><G128/><T26/><D50/><U43/><E114/><V14/><F1/><N who="3" m="271" /><G73/><T88/><D108/><N who="2" m="41514" /><F67/><W19/><G135/><T38/><D115/><U6/><E134/><V47/><F24/><W55/><G98/><T8/><D130/><U92/><E72/><V32/><F32/><W132/><G23/><T49/><D131/><U113/><E113/><V116/><F116/><W101/><G101/><T129/><D49/><U35/><E35/><V85/><F75/><W56/><G132/><T76/><D129/><U61/><E3/><V15/><F42/><W48/><G55/><T112/><D112/><U58/><E74/><V46/><F11/><W66/><G66/><T119/><D119/><U17/><E7/><V103/><F103/><W22/><G22/><T21/><D21/><U123/><E6/><V120/><F120/><W9/><G9/><T80/><D8/><U95/><E123/><V126/><F126/><AGARI ba="3,0" hai="12,19,20,37,39,48,52,56,125,126,127" m="271" machi="126" ten="30,5800,0" yaku="18,1,52,1,54,1" doraHai="33" who="3" fromWho="2" sc="101,0,241,0,335,-67,323,67" owari="101,-40.0,241,-16.0,268,7.0,390,49.0" /></mjloggm>