<mjloggm ver="2.3"><GO type="97" lobby="0"/><UN n0="%6D%6F%6D%69%61%67%65%30" n1="%E5%B0%B1%E6%B4%BB%E7%94%9F%40%E5%B7%9D%E6%9D%91%E8%BB%8D%E5%9B%A3" n2="%E3%83%AD%E3%83%9C%E3%82%B3%E3%83%97" n3="%74%72%34%37%38%79%75%75" dan="15,14,14,13" rate="2000.60,2028.00,1920.28,1903.20" sx="M,M,M,M"/><TAIKYOKU oya="0"/><INIT seed="0,0,0,1,0,74" ten="250,250,250,250" oya="0" hai0="62,52,17,38,133,1,129,108,70,23,90,33,106" hai1="58,83,99,64,69,72,10,125,36,92,8,47,9" hai2="113,4,22,41,73,127,101,88,21,104,112,16,61" hai3="107,57,95,132,75,105,126,63,18,65,35,94,68"/><T103/><D33/><U31/><E125/><V85/><F73/><W39/><G39/><T19/><D1/><U80/><E69/><V84/><F127/><W76/><G126/><T45/><D133/><U32/><E32/><V71/><F85/><W109/><G35/><T120/><D129/><U81/><E31/><V54/><F21/><W7/><G132/><T20/><D38/><U121/><E121/><V11/><F41/><W55/><G7/><T48/><D106/><U100/><E47/><V122/><F122/><W117/><G117/><T91/><D103/><U96/><E96/><V98/><F71/><W86/><G109/><T46/><D108/><U102/><E36/><V0/><F61/><W3/><G3/><T13/><D46/><U44/><E44/><V42/><F54/><W28/><G28/><T56/><D70/><U25/><E25/><V34/><F42/><W131/><G131/><T67/><D120/><U2/><E2/><V128/><F34/><W43/><G43/><T50/><D50/><U110/><E110/><V119/><F128/><W135/><G135/><T123/><D123/><U97/><E72/><V40/><F40/><W79/><G18/><T89/><D89/><U114/><E114/><V27/><F119/><W29/><G29/><T66/><D66/><U130/><E130/><V6/><F6/><W118/><G118/><T116/><D116/><U26/><E26/><AGARI ba="0,0" hai="13,17,19,20,23,26,45,48,52,56,62,67,90,91" machi="26" ten="30,5800,0" yaku="7,1,8,1,54,1" doraHai="74" who="0" fromWho="1" sc="250,58,250,-58,250,0,250,0" /><INIT seed="0,1,0,5,0,30" ten="308,192,250,250" oya="0" hai0="103,14,97,9,84,111,118,10,78,101,11,88,19" hai1="106,4,128,55,132,79,12,48,22,28,129,119,71" hai2="110,112,53,1,62,37,70,74,23,85,2,133,43" hai3="126,115,58,81,59,107,80,121,44,76,42,25,46"/><T21/><D118/><U99/><E119/><V36/><F112/><W60/><G115/><T86/><D111/><U108/><E71/><V91/><F74/><W66/><G107/><T6/><D78/><U33/><E79/><V38/><F43/><W83/><G126/><T35/><D35/><U63/><E63/><V45/><F110/><W56/><G121/><T16/><D97/><U98/><E108/><V5/><F5/><W24/><G76/><T89/><D6/><U95/><E132/><V52/><F133/><W135/><G135/><T51/><D51/><U50/><E4/><V102/><F102/><N who="0" m="38922" /><D19/><N who="1" m="10599" /><E106/><V120/><F120/><W130/><G130/><N who="1" m="50282" /><E95/><V13/><F1/><W82/><N who="3" m="20992" /><DORA hai="49" /><W127/><G127/><T134/><D134/><U39/><E39/><V18/><F2/><W65/><G42/><T54/><D54/><U73/><E73/><V68/><F53/><W0/><G0/><T72/><D72/><U34/><E50/><V124/><F124/><W113/><G113/><T104/><D104/><U20/><E20/><V93/><REACH who="2" step="1"/><F45/><REACH who="2" ten="308,192,240,250" step="2"/><N who="3" m="17515" /><G60/><T131/><D131/><U77/><E77/><V31/><F31/><W69/><G69/><T61/><D61/><U125/><E125/><V117/><F117/><W8/><G8/><T114/><D114/><U57/><E28/><V15/><F15/><W109/><G109/><T40/><D40/><U75/><E75/><V47/><F47/><W32/><G32/><AGARI ba="1,1" hai="32,33,34,48,55,57,98,99" m="50282,10599" machi="32" ten="30,8000,1" yaku="19,1,52,4" doraHai="30,49" who="1" fromWho="3" sc="308,0,192,93,240,0,250,-83" /><INIT seed="1,0,0,4,3,75" ten="308,285,240,167" oya="1" hai0="45,56,109,97,2,24,73,122,132,96,33,15,58" hai1="54,48,81,6,78,38,88,72,37,80,83,13,4" hai2="113,74,125,123,1,11,17,7,117,130,20,108,124" hai3="62,103,21,47,119,59,29,128,66,61,101,69,98"/><U86/><E80/><V67/><F74/><W55/><G128/><T91/><D109/><U8/><REACH who="1" step="1"/><E4/><REACH who="1" ten="308,275,240,167" step="2"/><V129/><F108/><W51/><G119/><T50/><D122/><U49/><E49/><V100/><F117/><W71/><G71/><T131/><D50/><U39/><E39/><V99/><F123/><W111/><G111/><T3/><D131/><U110/><E110/><V76/><F129/><W46/><G46/><AGARI ba="0,1" hai="6,8,13,37,38,46,48,54,72,78,81,83,86,88" machi="46" ten="30,11600,0" yaku="1,1,7,1,52,1,54,1,53,0" doraHai="75" doraHaiUra="57" who="1" fromWho="3" sc="308,0,275,126,240,0,167,-116" /><INIT seed="1,1,0,0,1,123" ten="308,401,240,51" oya="1" hai0="64,65,67,122,54,49,85,10,109,90,121,36,26" hai1="133,38,128,113,31,110,37,106,42,89,134,1,115" hai2="120,124,29,101,92,93,111,62,7,14,126,21,44" hai3="68,9,107,43,88,87,95,33,32,20,135,119,91"/><U22/><E106/><V98/><F120/><N who="0" m="46186" /><D109/><U59/><E1/><V114/><F114/><N who="1" m="43529" /><E89/><V28/><F111/><W56/><G68/><T70/><D36/><N who="1" m="13931" /><E110/><V52/><F93/><W48/><G107/><T82/><D26/><U39/><E22/><V53/><F62/><W35/><G135/><N who="1" m="51722" /><E31/><V16/><F7/><W34/><N who="3" m="8704" /><DORA hai="99" /><W132/><G132/><T30/><D30/><U41/><E128/><V47/><F28/><W8/><G119/><T5/><D70/><U19/><E19/><V79/><F79/><W58/><G20/><T13/><D67/><U3/><E3/><V97/><F29/><W83/><G9/><T51/><D51/><U63/><N who="1" m="13939" /><U108/><DORA hai="4" /><E108/><V55/><REACH who="2" step="1"/><F98/><REACH who="2" ten="308,401,230,51" step="2"/><W112/><G112/><T18/><D5/><U25/><E25/><V72/><F72/><W78/><G78/><T45/><AGARI ba="1,1" hai="10,13,18,45,49,54,64,65,82,85,90" m="46186" machi="45" ten="30,4000,0" yaku="25,1,13,1,52,1" doraHai="123,99,4" who="0" fromWho="0" sc="308,53,401,-21,230,-11,51,-11" /><INIT seed="2,0,0,3,1,77" ten="361,380,219,40" oya="2" hai0="133,126,101,121,80,61,40,117,20,10,18,64,44" hai1="131,113,123,110,4,38,129,114,54,32,36,41,34" hai2="135,15,116,111,88,9,118,81,5,134,57,90,31" hai3="93,79,108,0,50,127,27,29,52,3,86,70,53"/><V102/><F102/><W122/><G122/><T46/><D126/><U92/><E123/><V62/><F111/><W106/><G108/><T112/><D133/><N who="2" m="50698" /><F31/><W89/><G106/><T83/><D112/><N who="1" m="43115" /><E110/><V45/><F45/><W59/><G70/><T63/><D101/><U2/><E54/><N who="2" m="34103" /><F81/><N who="0" m="31306" /><D117/><AGARI ba="0,0" hai="5,9,15,88,90,116,117,118" m="34103,50698" machi="117" ten="30,2900,0" yaku="20,1,54,1" doraHai="77" who="2" fromWho="0" sc="361,-29,380,0,219,29,40,0" /><INIT seed="2,1,0,3,5,94" ten="332,380,248,40" oya="2" hai0="30,24,82,122,97,108,67,1,23,73,35,70,102" hai1="92,46,81,98,72,93,44,31,128,41,60,62,121" hai2="129,111,15,69,53,26,64,61,13,105,54,45,101" hai3="21,19,103,0,110,130,4,63,43,11,100,80,12"/><V56/><F129/><W5/><G130/><T32/><D1/><U34/><E121/><V118/><F118/><W29/><G110/><T88/><D108/><U132/><E128/><V135/><F111/><W16/><G43/><T83/><D122/><U22/><E132/><V7/><F135/><W126/><G80/><T50/><D70/><U58/><E34/><V48/><F26/><W133/><G133/><T17/><D67/><U119/><E72/><V68/><F7/><W49/><G126/><T71/><D71/><U96/><E81/><V76/><F76/><W6/><G49/><T3/><D3/><U78/><E78/><V52/><F101/><W86/><G86/><T125/><D125/><U106/><E106/><V25/><F105/><W33/><G63/><N who="1" m="24106" /><E58/><V127/><F127/><W91/><G91/><T85/><D50/><N who="1" m="26895" /><E46/><V9/><F25/><N who="3" m="18607" /><G103/><T107/><D73/><U87/><E119/><V42/><F9/><N who="3" m="6159" /><G100/><T66/><D82/><U57/><E57/><V55/><F13/><AGARI ba="1,0" hai="0,4,5,6,11,13,19,21" m="6159,18607" machi="13" ten="30,12000,2" yaku="24,1,35,5,54,1" doraHai="94" who="3" fromWho="2" sc="332,0,380,0,248,-123,40,123" /><INIT seed="3,0,0,2,5,40" ten="332,380,125,163" oya="3" hai0="58,110,5,4,42,43,73,91,60,114,0,49,120" hai1="45,11,56,46,21,20,86,1,10,127,32,130,132" hai2="3,6,74,33,57,16,131,85,113,123,115,44,84" hai3="96,71,81,126,64,108,24,77,116,87,106,70,94"/><W104/><G116/><T59/><D110/><U13/><E32/><V112/><F74/><W99/><G126/><T69/><D73/><U75/><E75/><V135/><F123/><W35/><G108/><T88/><D0/><U37/><E37/><V124/><F124/><W125/><G125/><T54/><D69/><U27/><E1/><V18/><F131/><W109/><G109/><T128/><D128/><U72/><E72/><V62/><F135/><W38/><G38/><T30/><D30/><N who="1" m="17767" /><E130/><V53/><F33/><W118/><G118/><T107/><D107/><U39/><E39/><V34/><F34/><W48/><G99/><T119/><D114/><U76/><E56/><V15/><F3/><W19/><G70/><T93/><D120/><U121/><E132/><V28/><F28/><W90/><G71/><T22/><D22/><U50/><E127/><V2/><F2/><W111/><G111/><T105/><D105/><U89/><E76/><V82/><F6/><N who="0" m="2666" /><D119/><U80/><E121/><V95/><F95/><W7/><G7/><T117/><D117/><U122/><E122/><V25/><F25/><W17/><G64/><N who="0" m="38943" /><D91/><U102/><E102/><V78/><F85/><AGARI ba="0,0" hai="42,43,49,54,58,85,88,93" m="38943,2666" machi="85" ten="30,2000,0" yaku="8,1,54,1" doraHai="40" who="0" fromWho="2" sc="332,20,380,0,125,-20,163,0" owari="352,15.0,380,48.0,105,-39.0,163,-24.0" /></mjloggm>