<mjloggm ver="2.3"><GO type="97" lobby="0"/><UN n0="%67%65%6D" n1="%E5%B0%B1%E6%B4%BB%E7%94%9F%40%E5%B7%9D%E6%9D%91%E8%BB%8D%E5%9B%A3" n2="%61%2D%79%6F" n3="%E3%82%B8%E3%82%A7%E3%83%AD%E3%81%A9%E3%82%93" dan="15,15,13,14" rate="1926.63,2079.20,1898.90,1956.17" sx="F,M,M,M"/><TAIKYOKU oya="0"/><INIT seed="0,0,0,3,1,6" ten="250,250,250,250" oya="0" hai0="117,99,43,104,83,36,110,123,127,12,10,4,98" hai1="40,11,34,108,32,45,66,132,42,65,1,44,31" hai2="89,51,63,102,53,90,3,21,64,46,77,82,97" hai3="135,74,88,35,28,2,126,92,101,122,76,96,121"/><T27/><D123/><N who="3" m="47113" /><G28/><T128/><D117/><U94/><E108/><V52/><F3/><W0/><G35/><T106/><D110/><U55/><E132/><V115/><F115/><W13/><G135/><T49/><D36/><U119/><E119/><V38/><F38/><W86/><G126/><T93/><D127/><U114/><E114/><V24/><F53/><W54/><G54/><T134/><D134/><U81/><E55/><V59/><F77/><W37/><G37/><T133/><D133/><U25/><E81/><V56/><F82/><N who="3" m="45335" /><G13/><T20/><D128/><U129/><E94/><AGARI ba="0,0" hai="0,2,86,88,92,94,96,101" m="45335,47113" machi="94" ten="30,2000,0" yaku="13,1,54,1" doraHai="6" who="3" fromWho="1" sc="250,0,250,-20,250,0,250,20" /><INIT seed="1,0,0,0,3,111" ten="250,230,250,270" oya="1" hai0="110,28,23,122,84,94,97,100,45,64,83,21,39" hai1="106,103,129,51,92,89,62,118,9,59,40,25,41" hai2="73,130,128,15,87,2,44,3,90,34,108,88,82" hai3="125,38,20,120,131,119,63,17,109,31,42,116,107"/><U121/><E118/><N who="3" m="45098" /><G107/><T47/><D122/><U69/><E121/><V68/><F73/><W49/><G120/><T46/><D39/><U133/><E129/><N who="2" m="49771" /><F34/><W13/><G38/><T67/><D110/><U14/><E133/><V102/><F108/><W85/><G109/><T37/><D37/><U70/><E106/><V115/><F44/><N who="3" m="25751" /><G85/><T78/><REACH who="0" step="1"/><D23/><REACH who="0" ten="240,230,250,270" step="2"/><U57/><E103/><V11/><F102/><W48/><G131/><T123/><D123/><U112/><E112/><V24/><F115/><W1/><G1/><T16/><D16/><N who="1" m="8271" /><E69/><V80/><F68/><W55/><G31/><T33/><D33/><U74/><E70/><V60/><F2/><W54/><G125/><T56/><D56/><N who="1" m="21579" /><E74/><V27/><F3/><W12/><G63/><T0/><D0/><U96/><E62/><V113/><F113/><W132/><G132/><T75/><D75/><U8/><E51/><V61/><F60/><W35/><G35/><T71/><D71/><U76/><E76/><V126/><F61/><W105/><G48/><T52/><D52/><N who="3" m="20009" /><G105/><T53/><D53/><U32/><E32/><V65/><F126/><W81/><G81/><T99/><D99/><U86/><E8/><V30/><F30/><W19/><G19/><T79/><D79/><U26/><E96/><V7/><F65/><W77/><G77/><T6/><D6/><U72/><E72/><V58/><F58/><W22/><G22/><T29/><D29/><U93/><E93/><N who="2" m="54431" /><F90/><W10/><G10/><T95/><D95/><U5/><E5/><V117/><F117/><W98/><G98/><T134/><D134/><RYUUKYOKU ba="0,1" sc="240,0,230,0,250,0,270,0" hai0="21,28,45,46,47,64,67,78,83,84,94,97,100" hai1="25,26,40,41,86,89,92" hai2="7,11,15,24,27,80,82" hai3="12,13,17,20" /><INIT seed="1,1,1,3,5,79" ten="240,230,250,270" oya="1" hai0="3,44,81,51,71,130,61,40,47,127,33,118,135" hai1="114,128,12,93,5,26,15,53,60,85,38,59,78" hai2="107,14,20,19,50,76,42,124,13,131,24,111,55" hai3="100,29,129,101,45,72,115,109,21,1,97,34,82"/><U66/><E114/><V125/><F107/><W17/><G1/><T123/><D3/><U113/><E38/><V126/><F42/><W52/><G115/><T69/><D33/><U86/><E113/><V105/><F105/><W67/><G67/><T133/><D118/><U32/><E128/><V112/><F111/><W104/><G109/><T18/><D18/><U106/><E106/><V102/><F112/><W57/><G129/><T116/><D116/><U56/><E32/><V46/><F131/><W120/><G101/><T99/><D99/><U49/><E26/><V2/><F102/><W75/><G29/><T80/><D130/><U37/><E37/><V23/><F2/><W103/><G34/><T95/><D95/><U96/><E5/><V4/><F76/><W83/><G103/><T119/><D119/><U122/><E122/><V39/><F39/><W134/><G45/><N who="0" m="26023" /><D127/><U110/><E110/><V16/><F4/><W90/><G134/><N who="0" m="51211" /><D123/><U70/><E70/><N who="0" m="26633" /><D61/><U54/><E66/><V10/><F10/><W25/><G120/><T28/><D28/><U35/><E35/><V88/><F88/><W31/><G31/><T68/><N who="0" m="26641" /><T77/><DORA hai="8" /><D77/><U6/><E6/><V43/><F43/><W121/><G121/><T30/><D30/><U65/><E65/><V108/><F108/><W36/><G90/><T41/><D41/><U132/><E132/><V22/><F22/><W87/><G97/><T27/><D27/><AGARI ba="1,1" hai="13,14,16,19,20,23,24,27,46,50,55,124,125,126" machi="27" ten="40,8000,1" yaku="9,1,18,1,52,2,54,1" doraHai="79,8" who="2" fromWho="0" sc="240,-83,230,0,250,93,270,0" /><INIT seed="2,0,0,2,4,46" ten="157,230,343,270" oya="2" hai0="122,12,76,16,108,22,58,99,125,134,31,117,48" hai1="32,67,71,113,87,47,104,86,42,88,127,74,0" hai2="78,128,13,65,18,51,126,107,64,36,70,68,115" hai3="116,15,77,124,83,56,80,103,11,38,66,33,54"/><V84/><F107/><W82/><G33/><T118/><D122/><U63/><E74/><V94/><F36/><W114/><G38/><T105/><D76/><U102/><E113/><V73/><F73/><W75/><G114/><T50/><D125/><U40/><E127/><V4/><F115/><W91/><G124/><T59/><D134/><U23/><E32/><V131/><F4/><W79/><G116/><N who="0" m="44651" /><D31/><U29/><E0/><V98/><F51/><N who="0" m="19498" /><D108/><U39/><E42/><V130/><F84/><W27/><G27/><T21/><D21/><U20/><E87/><V10/><F78/><W129/><G77/><T96/><D105/><U9/><E9/><V61/><F126/><W34/><G79/><T8/><D8/><U90/><E29/><V111/><F111/><W53/><G75/><T85/><D85/><U28/><E28/><V97/><F94/><W43/><G83/><T25/><D25/><U123/><E123/><V132/><REACH who="2" step="1"/><F132/><REACH who="2" ten="157,230,333,270" step="2"/><W119/><G119/><T26/><D26/><U69/><E86/><V5/><F5/><W120/><G120/><T24/><D24/><U45/><E104/><V30/><F30/><W55/><G82/><T2/><D2/><U133/><E133/><V109/><F109/><W95/><G80/><T135/><D135/><U81/><E81/><V121/><F121/><W44/><G95/><T112/><D112/><U89/><E39/><V49/><F49/><W93/><G43/><T17/><D17/><U62/><E47/><V6/><F6/><W57/><G44/><T3/><D3/><U60/><E45/><V106/><F106/><RYUUKYOKU ba="0,1" sc="157,15,230,-15,333,15,270,-15" hai0="12,16,22,58,59,96,99" hai2="10,13,18,61,64,65,68,70,97,98,128,130,131" /><INIT seed="2,1,1,5,5,66" ten="172,215,348,255" oya="2" hai0="105,93,52,35,101,73,107,71,68,9,0,34,31" hai1="128,41,96,67,82,117,42,65,17,69,88,87,120" hai2="110,36,38,13,12,116,124,57,78,21,118,58,74" hai3="112,54,102,61,131,130,108,119,84,46,114,62,109"/><V59/><F78/><W89/><G102/><T2/><D73/><U33/><E117/><V7/><F74/><W75/><G75/><T111/><D111/><N who="3" m="42569" /><G84/><T100/><D93/><N who="1" m="56359" /><E69/><N who="0" m="26697" /><D9/><U5/><E128/><N who="3" m="49194" /><G89/><T1/><D31/><U113/><E113/><N who="3" m="43626" /><G119/><T15/><D15/><U43/><E33/><N who="0" m="12297" /><D52/><U99/><E5/><V39/><F124/><W47/><G54/><T90/><D90/><N who="1" m="51575" /><E120/><V37/><F110/><W14/><G14/><T126/><D126/><U55/><E55/><V85/><F85/><W79/><G79/><T63/><D63/><AGARI ba="1,1" hai="46,47,61,62,63" m="43626,49194,42569" machi="63" ten="40,12000,2" yaku="28,2,14,1,19,1,11,1,34,2" doraHai="66" who="3" fromWho="0" sc="172,-123,215,0,348,0,255,133" /><INIT seed="3,0,0,0,3,61" ten="49,215,348,388" oya="3" hai0="78,11,65,96,111,115,114,37,72,6,44,26,20" hai1="90,110,82,67,17,48,77,131,125,5,99,28,41" hai2="43,133,76,103,132,40,39,124,134,79,0,16,32" hai3="2,35,81,53,100,13,74,97,29,73,113,4,102"/><W21/><G113/><T87/><D96/><U98/><E110/><V121/><F0/><W105/><G100/><T83/><D111/><U106/><E125/><V63/><F32/><W107/><G105/><T62/><D87/><U42/><E131/><V95/><F39/><W66/><G53/><T75/><D26/><U14/><E106/><V51/><F124/><W47/><G47/><T1/><D20/><U68/><E5/><V80/><F121/><W109/><G109/><T86/><D86/><U127/><E127/><V10/><F80/><W116/><G116/><T56/><D75/><U60/><E28/><V50/><F63/><W36/><G36/><T120/><D120/><U12/><E12/><N who="2" m="7191" /><F95/><W112/><G112/><T129/><D129/><U126/><E126/><V119/><F103/><W58/><G35/><T91/><D91/><U23/><E48/><N who="2" m="18475" /><F119/><W84/><G2/><T122/><D122/><U55/><E55/><V27/><F27/><W59/><G74/><T54/><D54/><U8/><E8/><V9/><F9/><W30/><G73/><T19/><D19/><U135/><E135/><N who="2" m="34563" /><V24/><DORA hai="128" /><F24/><W31/><G107/><T93/><D93/><U85/><E98/><V64/><F64/><W49/><G66/><T7/><D7/><U101/><E101/><V46/><F46/><W117/><G102/><T118/><D118/><U22/><E22/><V123/><F123/><W34/><G97/><T71/><REACH who="0" step="1"/><D56/><REACH who="0" ten="39,215,348,388" step="2"/><N who="1" m="37255" /><E85/><V52/><F52/><W38/><G117/><T70/><D70/><U94/><E90/><V88/><F88/><W104/><G104/><RYUUKYOKU ba="0,1" sc="39,15,215,-15,348,15,388,-15" hai0="1,6,11,37,44,62,65,71,72,78,83,114,115" hai2="40,43,76,79" owari="54,-45.0,200,-20.0,363,16.0,383,49.0" /></mjloggm>