<mjloggm ver="2.3"><GO type="225" lobby="0"/><UN n0="%63%6F%61" n1="%E9%9B%B2%E5%B1%B1" n2="%E3%83%88%E3%83%88%E3%83%AA%E5%85%88%E7%94%9F%31%39%E6%AD%B3" n3="%67%61%72%75%63%69%61" dan="16,16,17,16" rate="2146.11,2027.11,2221.53,2135.27" sx="M,F,F,M"/><TAIKYOKU oya="0"/><INIT seed="0,0,0,1,4,41" ten="250,250,250,250" oya="0" hai0="85,76,125,16,50,18,127,106,7,114,82,27,40" hai1="74,51,135,35,80,15,107,119,32,17,71,1,88" hai2="96,68,100,25,77,8,78,43,13,131,84,6,29" hai3="31,2,132,54,3,109,46,24,92,86,39,121,124"/><T79/><D106/><U99/><E119/><V101/><F68/><W89/><G109/><T63/><D114/><U34/><E1/><V30/><F131/><W126/><G132/><T134/><D134/><U73/><E71/><V64/><F64/><W91/><G121/><T57/><D7/><U94/><E135/><V47/><F84/><W59/><G91/><T60/><D79/><U69/><E69/><V33/><F30/><W65/><G65/><T61/><D27/><U67/><E67/><V90/><F90/><W20/><G59/><T48/><D57/><U102/><E51/><N who="0" m="19497" /><D40/><U5/><E5/><V28/><F28/><W23/><G23/><T122/><D122/><U70/><E70/><V112/><F112/><W26/><G54/><T38/><D38/><U44/><E80/><V55/><F55/><W108/><G26/><T53/><D53/><U133/><E133/><V45/><F101/><W66/><G66/><T22/><D22/><U19/><E74/><V14/><F14/><W36/><G36/><T117/><D117/><U56/><E56/><V105/><REACH who="2" step="1"/><F43/><REACH who="2" ten="250,250,240,250" step="2"/><N who="3" m="22911" /><G108/><T49/><D49/><U103/><E103/><V120/><F120/><W129/><G129/><T37/><D37/><U110/><E110/><V0/><F0/><W9/><G9/><T116/><D116/><U93/><E102/><V111/><F111/><W97/><G86/><T58/><D58/><U83/><E15/><V21/><F21/><W118/><G118/><T87/><D85/><U62/><E34/><V95/><F95/><W104/><G104/><T52/><D52/><U12/><E35/><RYUUKYOKU ba="0,1" sc="250,10,250,-30,240,10,250,10" hai0="16,18,60,61,63,76,82,87,125,127" hai2="6,8,13,25,29,33,45,47,77,78,96,100,105" hai3="2,3,20,24,31,89,92,97,124,126" /><INIT seed="0,1,1,4,4,111" ten="260,220,250,260" oya="0" hai0="117,134,77,72,64,45,29,76,30,18,65,35,48" hai1="135,62,122,32,3,80,17,93,94,49,131,44,7" hai2="55,38,127,125,107,89,121,133,67,8,36,33,52" hai3="105,95,15,54,79,5,108,19,92,1,106,74,26"/><T23/><D117/><U97/><E122/><V82/><F121/><W12/><G1/><T6/><D134/><U112/><E135/><V126/><F33/><W70/><G70/><T4/><D72/><U27/><E131/><V58/><F58/><W114/><G108/><T85/><D35/><U87/><E62/><V40/><F133/><W0/><G0/><T61/><D61/><U100/><E3/><V71/><F107/><W88/><G95/><T11/><D11/><U20/><E7/><V22/><F8/><W109/><G109/><T2/><D2/><U119/><E32/><V57/><F71/><W16/><G5/><N who="0" m="2155" /><D29/><U101/><E119/><V69/><F69/><W63/><G26/><N who="0" m="14711" /><D30/><U37/><E37/><V120/><F120/><W28/><G28/><T83/><D77/><N who="1" m="46479" /><E112/><V73/><F38/><W129/><G114/><T41/><AGARI ba="1,1" hai="41,45,48,64,65,76,83,85" m="14711,2155" machi="41" ten="30,1500,0" yaku="8,1" doraHai="111" who="0" fromWho="0" sc="260,28,220,-6,250,-6,260,-6" /><INIT seed="0,2,0,1,3,29" ten="288,214,244,254" oya="0" hai0="4,133,116,125,103,106,85,50,112,36,17,73,24" hai1="8,6,110,42,123,115,129,11,26,102,41,108,57" hai2="22,67,92,82,62,27,69,104,30,15,83,31,34" hai3="94,5,40,121,71,20,119,107,16,12,13,53,49"/><T132/><D73/><U9/><E123/><V80/><F104/><W38/><G107/><T37/><D112/><U88/><E115/><V14/><F31/><W128/><G119/><T25/><D116/><U86/><E129/><V65/><F22/><W44/><G71/><T52/><D4/><U60/><E102/><V46/><F65/><W2/><G2/><T84/><D125/><U0/><E26/><N who="0" m="10345" /><D17/><U76/><E76/><V122/><F122/><W54/><G128/><T126/><D126/><U134/><E134/><N who="0" m="51817" /><D103/><U74/><E74/><V78/><F78/><W28/><G121/><T87/><D106/><U90/><E6/><V43/><REACH who="2" step="1"/><F92/><REACH who="2" ten="288,214,234,254" step="2"/><W130/><G130/><T48/><D52/><N who="1" m="33831" /><E0/><V21/><F21/><W18/><G28/><T23/><D23/><U79/><E110/><V77/><F77/><W109/><G109/><T124/><D124/><U131/><E108/><V10/><F10/><N who="3" m="6199" /><G5/><T55/><D55/><U64/><E64/><V75/><F75/><W33/><G33/><T117/><D117/><U118/><E118/><V101/><F101/><W59/><G94/><T58/><D58/><U98/><E131/><V95/><F95/><W96/><G54/><T47/><D47/><U89/><E98/><V99/><F99/><W19/><G96/><T91/><D91/><N who="1" m="34891" /><E79/><V72/><F72/><W7/><G7/><T32/><D32/><U113/><E113/><V93/><F93/><AGARI ba="2,1" hai="8,9,11,41,42,86,90,93" m="34891,33831" machi="93" ten="30,3900,0" yaku="8,1,54,2" doraHai="29" who="1" fromWho="2" sc="288,0,214,55,234,-45,254,0" /><INIT seed="1,0,0,0,3,118" ten="288,269,189,254" oya="1" hai0="38,42,53,27,52,65,105,62,121,64,108,55,82" hai1="34,119,123,41,6,94,26,48,106,73,100,89,109" hai2="23,122,66,15,19,51,84,3,134,96,56,124,68" hai3="110,128,2,130,59,75,11,107,81,91,86,112,45"/><U113/><E119/><V10/><F134/><W30/><G112/><T70/><D105/><U13/><E113/><V103/><F124/><W120/><G120/><T14/><D14/><U97/><E73/><V0/><F122/><W28/><G107/><T17/><D17/><U1/><E1/><V98/><F68/><W49/><G75/><T114/><D27/><U85/><E123/><V35/><F35/><W37/><G110/><T60/><D82/><U87/><E109/><V126/><F126/><W74/><G74/><T129/><D108/><U44/><E85/><V135/><F135/><W40/><G37/><T4/><D4/><U71/><E71/><V131/><F131/><N who="3" m="50219" /><G59/><N who="0" m="36895" /><D114/><U99/><E99/><V47/><F84/><W117/><G117/><T116/><D116/><U93/><E106/><V36/><F36/><W5/><AGARI ba="0,0" hai="2,5,11,28,30,40,45,49,81,86,91" m="50219" machi="5" ten="30,1100,0" yaku="19,1" doraHai="118" who="3" fromWho="3" sc="288,-3,269,-5,189,-3,254,11" /><INIT seed="2,0,0,1,1,100" ten="285,264,186,265" oya="2" hai0="31,133,34,40,118,6,125,90,16,91,24,29,64" hai1="79,109,48,121,80,53,14,39,47,111,66,23,4" hai2="129,62,105,114,9,104,124,98,78,56,55,41,103" hai3="13,123,85,113,68,3,60,11,73,86,122,116,43"/><V112/><F129/><W83/><G116/><T88/><D6/><U38/><E121/><V107/><F124/><W61/><G3/><T0/><D0/><U1/><E1/><V132/><F132/><W8/><G73/><T72/><D72/><U134/><E134/><V71/><F71/><W17/><G43/><T87/><D133/><U69/><E69/><V52/><F78/><W81/><G68/><T126/><D118/><U128/><E66/><V65/><F9/><W7/><G7/><T63/><D40/><U45/><E128/><V99/><F41/><W135/><G135/><T131/><D131/><U36/><E23/><V21/><F99/><W89/><G113/><T70/><D31/><U30/><E30/><V75/><F75/><W28/><G28/><T120/><D120/><U97/><E97/><V33/><F33/><W42/><G42/><T35/><D35/><U82/><E47/><V2/><F21/><W50/><G50/><T27/><D126/><U59/><E45/><V127/><F127/><W18/><G13/><T76/><D125/><U5/><E14/><V106/><REACH who="2" step="1"/><F2/><REACH who="2" ten="285,264,176,265" step="2"/><W58/><G123/><T96/><D34/><U74/><E74/><V102/><F102/><W15/><G122/><T67/><D70/><U44/><E79/><V51/><F51/><W54/><G8/><T32/><D32/><U110/><E44/><V84/><F84/><W46/><G61/><T49/><D63/><U93/><E48/><V77/><F77/><N who="3" m="46255" /><G46/><T117/><D49/><U10/><E10/><V26/><F26/><W92/><G18/><T22/><D16/><RYUUKYOKU ba="0,1" sc="285,-15,264,-15,176,15,265,15" hai2="52,55,56,62,65,98,103,104,105,106,107,112,114" hai3="11,15,17,54,58,60,83,86,89,92" /><INIT seed="2,1,1,4,1,108" ten="270,249,191,280" oya="2" hai0="26,30,28,104,73,72,25,76,78,91,128,38,31" hai1="34,105,57,118,49,81,101,95,62,124,70,116,0" hai2="74,27,102,18,64,42,5,4,8,55,6,112,93" hai3="14,109,54,106,89,50,19,126,129,59,113,69,2"/><V24/><F74/><W115/><G2/><T20/><D38/><U99/><E0/><V114/><F42/><W121/><G121/><T94/><D104/><U68/><E124/><V110/><F110/><W41/><G109/><T10/><D128/><U7/><E7/><V88/><F102/><W39/><G129/><T133/><D133/><U12/><E12/><V87/><F64/><W52/><G106/><T58/><D10/><U35/><E49/><V61/><F8/><W29/><G69/><T90/><D58/><U97/><E81/><V13/><F13/><W119/><G119/><T134/><D134/><U51/><E51/><V33/><F33/><W32/><G126/><T98/><D91/><U43/><E43/><V71/><F27/><N who="3" m="18495" /><G89/><T47/><D73/><U107/><E101/><V21/><REACH who="2" step="1"/><F71/><REACH who="2" ten="270,249,181,280" step="2"/><W56/><G41/><T75/><D75/><U132/><E35/><V36/><F36/><W77/><G39/><T46/><D72/><U44/><E34/><V127/><F127/><W9/><G54/><T86/><D26/><U123/><E70/><V48/><F48/><W82/><G50/><T84/><D25/><U120/><E68/><V3/><F3/><W65/><G65/><T66/><D66/><U67/><E67/><V122/><F122/><W135/><G52/><T1/><D1/><U17/><E120/><V103/><F103/><W15/><G135/><T23/><D23/><U37/><E132/><V96/><F96/><W130/><G15/><T92/><D20/><U85/><E123/><V40/><F40/><W100/><G100/><N who="0" m="60487" /><D86/><U131/><E85/><RYUUKYOKU ba="1,2" sc="270,15,249,-15,181,15,280,-15" hai0="28,30,31,46,47,76,78,84,90,94" hai2="4,5,6,18,21,24,55,61,87,88,93,112,114" /><INIT seed="2,2,2,5,5,85" ten="285,234,196,265" oya="2" hai0="112,44,32,16,89,0,81,132,31,37,19,130,45" hai1="18,120,115,93,58,59,99,24,95,13,36,91,75" hai2="90,113,123,2,110,21,106,71,25,119,131,52,28" hai3="122,4,41,76,27,42,96,23,101,116,63,43,22"/><V67/><F113/><W40/><G122/><T109/><D112/><U66/><E36/><V82/><F123/><W84/><G116/><T124/><D0/><U35/><E75/><V87/><F119/><W92/><G4/><T108/><D124/><U38/><E38/><V127/><F2/><W26/><N who="3" m="10240" /><DORA hai="7" /><W83/><REACH who="3" step="1"/><G63/><REACH who="3" ten="285,234,196,255" step="2"/><T80/><D37/><U102/><E120/><V135/><F127/><W17/><G17/><T70/><D19/><U74/><E115/><V49/><F135/><W6/><G6/><T9/><D16/><U77/><E18/><V20/><F131/><W78/><G78/><T111/><D130/><U79/><E79/><V47/><F110/><W64/><G64/><T57/><D132/><U1/><E66/><V48/><F106/><W86/><G86/><T121/><D121/><U68/><E77/><V107/><F107/><W118/><G118/><T73/><D111/><U134/><E134/><V126/><F126/><W125/><G125/><T105/><D105/><U97/><E74/><V5/><F5/><W56/><G56/><T46/><D57/><U10/><E59/><V8/><F48/><W65/><G65/><T29/><D73/><U12/><E58/><V133/><F133/><W100/><G100/><T114/><D109/><U60/><E60/><N who="2" m="40423" /><F8/><W72/><G72/><T94/><D9/><U128/><E128/><V33/><F49/><W11/><G11/><T88/><D108/><U117/><E117/><V53/><F53/><W3/><G3/><T104/><D114/><U15/><E1/><V55/><F55/><W69/><G69/><RYUUKYOKU ba="2,3" sc="285,-15,234,-15,196,15,255,15" hai2="20,21,25,28,33,47,52,82,87,90" hai3="22,23,26,27,76,83,84,92,96,101" /><INIT seed="2,3,3,4,5,103" ten="270,219,211,270" oya="2" hai0="31,9,13,35,121,47,104,93,17,60,117,99,15" hai1="58,48,11,119,70,54,124,91,32,134,101,130,133" hai2="56,112,116,111,127,12,125,96,53,29,68,66,46" hai3="4,90,79,7,38,22,92,65,26,80,77,45,131"/><V14/><F112/><W108/><G108/><T100/><D121/><U71/><E119/><V81/><F116/><W85/><G131/><T20/><D117/><U2/><E130/><V73/><F111/><W74/><G77/><T62/><D35/><U72/><E72/><V43/><F29/><W75/><G75/><T102/><D102/><U21/><E32/><V69/><F96/><W110/><G110/><T107/><D47/><U1/><E124/><N who="2" m="47691" /><F81/><W115/><G115/><T63/><REACH who="0" step="1"/><D31/><REACH who="0" ten="260,219,211,270" step="2"/><U5/><E101/><V57/><F73/><W106/><G45/><T19/><AGARI ba="3,4" hai="9,13,15,17,19,20,60,62,63,93,99,100,104,107" machi="19" ten="30,8000,1" yaku="1,1,2,1,0,1,52,2,53,0" doraHai="103" doraHaiUra="50" who="0" fromWho="0" sc="260,129,219,-23,211,-43,270,-23" /><INIT seed="3,0,0,0,3,119" ten="389,196,168,247" oya="3" hai0="5,129,131,105,25,62,26,21,74,24,34,14,83" hai1="96,81,31,117,48,19,104,124,11,64,80,22,0" hai2="60,78,120,76,70,50,10,35,38,93,116,56,58" hai3="20,99,85,75,134,53,9,69,67,89,112,17,49"/><W82/><G112/><T65/><D105/><U86/><E117/><V92/><F116/><W108/><G134/><T40/><D40/><U18/><E124/><V102/><F38/><W1/><G108/><T110/><D110/><U113/><E113/><V4/><F35/><W101/><G75/><T54/><D54/><U51/><E0/><V45/><F70/><W63/><G1/><T97/><D97/><U118/><E118/><V2/><F120/><W107/><G9/><N who="0" m="4399" /><D34/><U23/><E104/><V30/><F30/><W132/><G132/><T121/><D121/><U72/><E72/><V87/><F58/><W109/><G109/><T94/><D94/><U12/><E64/><V115/><F115/><W71/><G71/><N who="0" m="42423" /><D83/><N who="1" m="31819" /><E86/><V33/><F33/><W55/><REACH who="3" step="1"/><G49/><REACH who="3" ten="389,196,168,237" step="2"/><T59/><D74/><U27/><E96/><V6/><F87/><W66/><G66/><T7/><D7/><U126/><E126/><V16/><F4/><W79/><G79/><T91/><D91/><U111/><E111/><V13/><F78/><W73/><G73/><T103/><D103/><U44/><E51/><V130/><F76/><W125/><G125/><T114/><D114/><U47/><E48/><V29/><F102/><W8/><G8/><T15/><D131/><U84/><E11/><N who="2" m="2519" /><F130/><W46/><G46/><T68/><D129/><U127/><E127/><V57/><F57/><W98/><G98/><T37/><D68/><U88/><E31/><V61/><F61/><W42/><G42/><T3/><D3/><U52/><E47/><V100/><F100/><W32/><G32/><T95/><D59/><RYUUKYOKU ba="0,1" sc="389,-10,196,-10,168,-10,237,30" hai3="17,20,53,55,63,67,69,82,85,89,99,101,107" /><INIT seed="3,1,1,5,0,83" ten="379,186,158,267" oya="3" hai0="93,94,92,107,12,32,8,4,99,117,5,68,57" hai1="63,28,124,20,86,81,43,102,54,96,74,49,120" hai2="75,129,42,130,105,41,116,46,126,70,7,90,18" hai3="36,24,118,45,87,85,91,95,61,1,114,59,84"/><W72/><G118/><T111/><D117/><U132/><E120/><V23/><F116/><W133/><G114/><T100/><D68/><U48/><E74/><V62/><F105/><W134/><G72/><T80/><D32/><U33/><E33/><V50/><F75/><W127/><G1/><T89/><D111/><U11/><E132/><N who="3" m="50794" /><G127/><T10/><D57/><N who="1" m="35255" /><E124/><V40/><F126/><W109/><G109/><T56/><D56/><U13/><E43/><V55/><F7/><W38/><G24/><T53/><D53/><U88/><E96/><V22/><F90/><W51/><G51/><T82/><REACH who="0" step="1"/><D89/><REACH who="0" ten="369,186,158,267" step="2"/><U125/><E125/><V26/><REACH who="2" step="1"/><F23/><REACH who="2" ten="369,186,148,267" step="2"/><W15/><G15/><AGARI ba="1,3" hai="4,5,8,10,12,15,80,82,92,93,94,99,100,107" machi="15" ten="40,5200,0" yaku="1,1,2,1,9,1,53,0" doraHai="83" doraHaiUra="135" who="0" fromWho="3" sc="369,85,186,0,148,0,267,-55" owari="454,55.0,186,-21.0,148,-35.0,212,1.0" /></mjloggm>