<mjloggm ver="2.3"><GO type="97" lobby="0"/><UN n0="%E6%98%8E%E6%B2%BB%E3%81%AE%E9%9D%A9%E5%91%BD%E5%85%90" n1="%E5%B0%B1%E6%B4%BB%E7%94%9F%40%E5%B7%9D%E6%9D%91%E8%BB%8D%E5%9B%A3" n2="%EF%BC%98%EF%BC%99%EF%BC%91%EF%BC%90" n3="%E8%8C%82%E5%8E%9F%E6%9C%80%E5%BC%B7" dan="15,15,15,13" rate="2019.52,1976.02,1996.83,1805.71" sx="F,M,M,M"/><TAIKYOKU oya="0"/><INIT seed="0,0,0,3,4,127" ten="250,250,250,250" oya="0" hai0="117,118,36,86,29,14,112,135,108,87,25,54,134" hai1="30,44,82,100,130,11,4,6,15,81,61,31,13" hai2="69,103,132,37,111,115,53,12,113,16,75,0,55" hai3="72,92,39,80,119,78,48,126,28,116,74,40,89"/><T51/><D36/><U60/><E130/><V95/><F0/><W128/><G126/><T66/><D112/><U62/><E100/><V96/><F75/><W133/><G133/><N who="0" m="50699" /><D66/><U22/><E44/><V110/><F132/><W114/><G114/><N who="2" m="43529" /><F37/><W38/><G38/><T9/><D108/><N who="2" m="41514" /><F69/><W8/><G8/><AGARI ba="0,0" hai="8,12,16,53,55,95,96,103" m="41514,43529" machi="8" ten="30,2000,0" yaku="14,1,54,1" doraHai="127" who="2" fromWho="3" sc="250,0,250,0,250,20,250,-20" /><INIT seed="1,0,0,2,1,13" ten="250,250,270,230" oya="1" hai0="34,62,51,40,99,66,80,85,5,9,108,45,89" hai1="59,11,104,90,55,77,68,128,53,106,6,116,22" hai2="124,36,18,83,135,131,117,97,105,25,100,4,84" hai3="133,107,14,103,12,1,115,95,26,92,102,129,82"/><U32/><E68/><V52/><F117/><W19/><G1/><T21/><D34/><U7/><E32/><V134/><F36/><W61/><G115/><T73/><D108/><U46/><E116/><V132/><F124/><W37/><G37/><T23/><D73/><U114/><E114/><V31/><F131/><W38/><G38/><T126/><D126/><U120/><E120/><V96/><F4/><W2/><G2/><T28/><D99/><U15/><E77/><V76/><F97/><W58/><G107/><T130/><D130/><U24/><E128/><V93/><F105/><W64/><G133/><T75/><D75/><U127/><E127/><V125/><F125/><W72/><G129/><T3/><REACH who="0" step="1"/><D28/><REACH who="0" ten="240,250,270,230" step="2"/><N who="1" m="17431" /><E106/><V57/><F31/><W119/><G119/><T49/><D49/><N who="1" m="28855" /><E104/><V91/><F135/><W87/><G72/><T48/><D48/><N who="1" m="31207" /><E90/><V86/><F134/><W47/><G103/><T81/><D81/><U10/><E10/><V94/><F132/><W71/><G102/><T78/><D78/><U70/><E70/><AGARI ba="0,1" hai="3,5,9,21,23,40,45,51,62,66,70,80,85,89" machi="70" ten="30,2000,0" yaku="1,1,7,1,53,0" doraHai="13" doraHaiUra="30" who="0" fromWho="1" sc="240,30,250,-20,270,0,230,0" /><INIT seed="2,0,0,0,0,31" ten="270,230,270,230" oya="2" hai0="110,30,115,69,101,86,19,40,133,91,2,26,107" hai1="99,45,94,97,131,21,109,6,51,9,87,128,22" hai2="15,113,96,46,44,129,1,20,132,36,111,25,100" hai3="59,93,104,24,48,124,10,95,27,90,82,68,32"/><V112/><F1/><W65/><G104/><T78/><D115/><U75/><E75/><V122/><F122/><W81/><G124/><T130/><D110/><U57/><E109/><V127/><F111/><W18/><G68/><T114/><D114/><U123/><E123/><V49/><F132/><W63/><G48/><T29/><D133/><U56/><E131/><V103/><F129/><W53/><G65/><T66/><D130/><U55/><E128/><V0/><F0/><W92/><G32/><N who="0" m="20535" /><D2/><U54/><E87/><V47/><F127/><W3/><G3/><T72/><D30/><U108/><E108/><V77/><F77/><W84/><G82/><N who="0" m="45383" /><D40/><U61/><E45/><V17/><F103/><W76/><G76/><T14/><D14/><AGARI ba="0,0" hai="10,14,18,24,27,53,59,63,81,84,90,92,93,95" machi="14" ten="40,1300,0" yaku="8,1" doraHai="31" who="3" fromWho="0" sc="270,-13,230,0,270,0,230,13" /><INIT seed="3,0,0,4,4,75" ten="257,230,270,243" oya="3" hai0="60,62,25,85,35,69,10,52,115,105,82,123,5" hai1="71,73,96,27,13,24,77,21,18,93,55,125,102" hai2="113,90,95,0,79,32,43,83,53,103,86,76,31" hai3="107,45,51,100,108,38,50,63,22,59,134,120,84"/><W97/><G120/><T29/><D123/><U44/><E71/><V33/><F0/><W119/><G119/><T46/><D105/><U68/><E68/><V39/><F113/><W48/><G134/><T106/><D106/><U117/><E117/><V12/><F33/><W67/><G108/><T65/><D115/><U74/><E125/><V130/><F130/><W112/><G112/><T34/><D34/><U101/><E74/><V16/><F53/><W58/><G58/><T111/><D111/><U20/><E73/><V26/><F43/><W14/><G38/><T132/><D132/><U133/><E133/><V89/><F39/><W72/><G72/><T66/><D66/><U54/><E77/><V121/><F103/><W40/><G14/><T11/><D5/><U23/><E102/><V6/><F6/><W3/><G3/><T47/><D47/><U81/><E81/><V124/><F124/><W64/><G64/><T61/><D61/><U131/><E131/><V87/><F121/><W2/><G2/><T98/><D98/><U7/><E7/><V127/><F127/><W135/><G135/><T17/><D17/><U129/><E129/><V116/><F116/><W9/><G9/><AGARI ba="0,0" hai="9,12,16,26,31,32,76,79,83,86,87,89,90,95" machi="9" ten="30,7700,0" yaku="7,1,52,2,54,1" doraHai="75" who="2" fromWho="3" sc="257,0,230,0,270,77,243,-77" owari="257,6.0,230,-17.0,347,44.0,166,-33.0" /></mjloggm>