<mjloggm ver="2.3"><GO type="225" lobby="0"/><UN n0="%E3%81%A8%E3%81%86%E3%81%8D%E3%82%82%E3%82%93" n1="%E4%B8%96%E5%A4%A2" n2="%E3%80%93%E9%B3%A9%E9%BA%A6%E7%8E%84%E7%B1%B3%E3%80%93" n3="%E3%82%A6%E3%83%AB%E3%83%88%E3%83%A9%E7%AB%8B%E7%9B%B4" dan="16,17,17,17" rate="2048.02,2146.10,2234.98,2149.37" sx="M,F,M,M"/><TAIKYOKU oya="0"/><INIT seed="0,0,0,5,0,128" ten="250,250,250,250" oya="0" hai0="53,99,65,54,79,35,134,86,10,36,46,111,93" hai1="125,78,62,129,24,103,87,130,17,92,109,113,73" hai2="2,7,120,76,119,51,108,95,107,57,38,29,43" hai3="55,63,25,81,115,133,97,71,11,132,105,102,16"/><T82/><D35/><U15/><E109/><V40/><F107/><W37/><G37/><T98/><D111/><U30/><E125/><V89/><F38/><W114/><G81/><T32/><D32/><U4/><E4/><V64/><F120/><W60/><G60/><T58/><D134/><N who="3" m="51817" /><G55/><T44/><D65/><U59/><E73/><V13/><F64/><N who="3" m="41375" /><G25/><T88/><D10/><U39/><E39/><V124/><F108/><W52/><G52/><N who="0" m="20075" /><D36/><U66/><E130/><V50/><F50/><W28/><G28/><T19/><D58/><U110/><E110/><V104/><F57/><W117/><G117/><T68/><D68/><U22/><E59/><V75/><F51/><W106/><G106/><T77/><D77/><U90/><E78/><V126/><F104/><W47/><G47/><N who="0" m="17963" /><D19/><U5/><E17/><V21/><F119/><W61/><G61/><T23/><D23/><U135/><E62/><V34/><F76/><W74/><G74/><T131/><D131/><U116/><E129/><V6/><F75/><W127/><G127/><T122/><D122/><U0/><E135/><V118/><F126/><W41/><G41/><T12/><D79/><U100/><E116/><V31/><F118/><W101/><G101/><T45/><N who="0" m="17971" /><T49/><DORA hai="9" /><D49/><U8/><E103/><V27/><F124/><W20/><G20/><T72/><D72/><U85/><E100/><V80/><F43/><W67/><G67/><T1/><D82/><U70/><E66/><V42/><F80/><W69/><G69/><T112/><D93/><U14/><E70/><V123/><F123/><RYUUKYOKU ba="0,0" sc="250,-10,250,-10,250,-10,250,30" hai3="11,16,97,102,105,114,115" /><INIT seed="1,1,0,5,4,30" ten="240,240,240,280" oya="1" hai0="129,91,34,35,96,86,65,14,125,81,23,41,32" hai1="70,1,74,84,67,110,59,3,11,132,7,20,25" hai2="22,115,126,15,18,53,89,50,60,93,111,37,51" hai3="75,83,26,100,29,4,80,8,16,0,107,58,124"/><U113/><E74/><V87/><F37/><W103/><G124/><T120/><D125/><U116/><E116/><V105/><F126/><W85/><G107/><T47/><D129/><U40/><E113/><V95/><F105/><W42/><G42/><T77/><D120/><U106/><E106/><V112/><F111/><W5/><G5/><T90/><D65/><U109/><E132/><V73/><F73/><W99/><G99/><T82/><D96/><U133/><E133/><V76/><F76/><W27/><G58/><T12/><D23/><U56/><E40/><V101/><F115/><W97/><G97/><T36/><REACH who="0" step="1"/><D91/><REACH who="0" ten="230,240,240,280" step="2"/><U117/><E117/><V94/><F112/><W130/><G130/><T78/><D78/><U9/><E67/><V102/><F102/><W13/><G103/><T33/><N who="0" m="8192" /><DORA hai="19" /><T45/><D45/><U92/><E109/><V52/><F101/><W68/><G100/><T121/><D121/><U118/><E110/><V17/><F89/><W48/><G68/><T2/><D2/><U122/><E122/><V46/><F46/><W61/><G0/><T69/><D69/><U6/><E70/><V63/><F22/><W31/><G29/><T123/><D123/><U108/><E108/><V114/><F114/><W98/><G31/><T57/><D57/><U131/><E131/><V135/><F135/><W62/><G98/><T55/><D55/><U10/><E59/><V38/><F53/><W28/><G28/><T119/><D119/><U24/><E56/><V134/><F52/><W39/><G62/><T79/><D79/><U127/><E127/><RYUUKYOKU ba="1,1" sc="230,30,240,-10,240,-10,280,-10" hai0="12,14,36,41,47,77,81,82,86,90" /><INIT seed="2,2,1,4,0,74" ten="260,230,230,270" oya="2" hai0="18,108,16,133,49,35,120,40,68,112,100,121,114" hai1="73,72,80,3,70,98,45,103,42,124,52,71,115" hai2="94,76,116,33,127,109,86,117,69,51,102,41,4" hai3="15,30,48,93,91,84,5,96,24,25,82,44,26"/><V101/><F33/><W19/><G30/><T54/><D68/><U11/><E115/><N who="0" m="44073" /><D100/><N who="2" m="38506" /><F69/><W0/><G0/><T47/><D35/><U131/><E131/><V55/><F41/><N who="3" m="24591" /><G5/><T62/><D18/><U14/><E124/><V46/><F127/><W110/><G110/><T65/><D16/><U123/><E123/><N who="0" m="47177" /><D108/><U39/><E52/><V113/><F113/><W6/><G6/><T78/><D78/><N who="1" m="44103" /><E73/><V134/><F109/><W122/><G122/><T57/><D133/><U130/><E14/><V64/><F134/><W81/><G84/><T17/><D17/><U129/><E129/><V92/><F4/><W36/><G36/><T23/><D23/><AGARI ba="2,1" hai="15,19,23,24,25,26,81,82,91,93,96" m="24591" machi="23" ten="30,1000,0" yaku="8,1" doraHai="74" who="3" fromWho="0" sc="260,-16,230,0,230,0,270,26" /><INIT seed="3,0,0,0,0,73" ten="244,230,230,296" oya="3" hai0="113,130,57,51,111,104,21,86,38,78,115,14,128" hai1="122,25,134,68,85,107,50,90,3,28,93,44,49" hai2="6,129,91,82,59,60,23,8,61,18,63,33,2" hai3="109,40,114,105,125,29,47,48,19,127,43,123,12"/><W39/><G105/><T80/><D104/><U53/><E3/><V101/><F129/><N who="0" m="49770" /><D38/><U5/><E122/><V17/><F33/><W126/><G123/><T56/><D111/><U66/><E107/><V106/><F59/><N who="0" m="22602" /><D51/><U71/><E5/><V103/><F106/><W13/><G109/><T98/><D98/><U99/><E134/><V96/><F18/><AGARI ba="0,0" hai="14,18,21,78,80,86,113,115" m="22602,49770" machi="18" ten="30,2000,0" yaku="19,1,52,1" doraHai="73" who="0" fromWho="2" sc="244,20,230,0,230,-20,296,0" /><INIT seed="4,0,0,3,4,42" ten="264,230,210,296" oya="0" hai0="106,10,51,91,30,118,123,98,52,81,11,43,22" hai1="45,31,124,14,79,15,25,111,108,60,100,74,35" hai2="135,72,3,9,13,107,84,57,64,90,36,53,109" hai3="19,104,122,114,66,21,127,78,126,20,7,102,129"/><T119/><D123/><U133/><E100/><V18/><F72/><W8/><G114/><T132/><D132/><U26/><E26/><V49/><F109/><W37/><G37/><T65/><D65/><U80/><E133/><V130/><F130/><W93/><G129/><T99/><D106/><U82/><E82/><V87/><F36/><W112/><G112/><T115/><D115/><U73/><E73/><V96/><F3/><W17/><G78/><T105/><D105/><U113/><E113/><V69/><F135/><W103/><G66/><T46/><D118/><U120/><E120/><V92/><REACH who="2" step="1"/><F107/><REACH who="2" ten="264,230,200,296" step="2"/><W61/><G104/><T41/><D119/><U67/><E111/><V0/><F0/><W48/><G122/><T59/><D99/><U33/><E108/><V23/><F23/><W71/><G21/><T44/><D98/><U24/><E35/><V131/><F131/><W101/><G20/><T88/><D22/><U83/><E25/><V97/><F97/><W77/><G126/><T1/><D1/><U55/><E124/><V50/><F50/><W75/><G48/><N who="0" m="26655" /><D30/><U85/><E31/><V38/><F38/><W94/><G127/><T40/><D40/><U39/><E33/><V62/><AGARI ba="0,1" hai="9,13,18,49,53,57,62,64,69,84,87,90,92,96" machi="62" ten="30,2000,0" yaku="1,1,0,1,53,0" doraHai="42" doraHaiUra="32" who="2" fromWho="2" sc="264,-10,230,-5,200,30,296,-5" /><INIT seed="5,0,0,1,0,5" ten="254,225,230,291" oya="1" hai0="78,33,48,85,98,132,92,99,51,134,16,62,107" hai1="116,106,128,129,25,86,101,121,47,90,29,103,125" hai2="124,22,82,72,59,115,27,30,113,67,97,65,1" hai3="63,39,24,100,120,11,70,58,26,10,122,79,109"/><U119/><E121/><V40/><F124/><W84/><G70/><T20/><D33/><N who="1" m="20655" /><E47/><V104/><F40/><W91/><G39/><T49/><D107/><U80/><E125/><V127/><F127/><W60/><G100/><N who="1" m="38474" /><E106/><V52/><F97/><W75/><G79/><T6/><D6/><U38/><E38/><V118/><F104/><W111/><G75/><T41/><D62/><U102/><N who="1" m="38482" /><U2/><DORA hai="19" /><E2/><V81/><F118/><W18/><G18/><T35/><D35/><U56/><E56/><V71/><F1/><W77/><G58/><T45/><D45/><U21/><E21/><V28/><F28/><W123/><G122/><T54/><D41/><U34/><E34/><V83/><F72/><W12/><G77/><T105/><D105/><U69/><E69/><V114/><F71/><W130/><G84/><T23/><D54/><U112/><E112/><V66/><F66/><W89/><G12/><N who="0" m="9223" /><D23/><U50/><E50/><AGARI ba="0,0" hai="22,27,30,50,52,59,65,67,81,82,83,113,114,115" machi="50" ten="50,8000,1" yaku="15,1,11,1,52,1,54,1" doraHai="5,19" who="2" fromWho="1" sc="254,0,225,-80,230,80,291,0" owari="254,-15.0,145,-35.0,310,41.0,291,9.0" /></mjloggm>