<mjloggm ver="2.3"><GO type="169" lobby="0"/><UN n0="%54%2E%54%2E%38" n1="%E3%82%A6%E3%83%AB%E3%83%88%E3%83%A9%E7%AB%8B%E7%9B%B4" n2="%63%68%61%72%68%69%6D%65" n3="%E6%AD%A6%E8%A3%85%E5%95%86%E8%88%B9%E5%9B%A3" dan="16,17,16,17" rate="2092.06,2134.46,2081.27,2217.20" sx="M,M,F,M"/><TAIKYOKU oya="0"/><INIT seed="0,0,0,3,0,17" ten="250,250,250,250" oya="0" hai0="70,14,56,30,111,58,97,114,107,28,130,6,80" hai1="23,133,135,20,99,32,76,71,92,55,91,120,101" hai2="42,7,53,57,24,40,69,44,35,124,90,65,4" hai3="50,49,82,89,125,0,62,119,1,86,74,117,79"/><T131/><D114/><U134/><E32/><V61/><F124/><W60/><G125/><T121/><D70/><U45/><E120/><V127/><F127/><W100/><G100/><T72/><D121/><U116/><E116/><V123/><F123/><W33/><G33/><T8/><D111/><U105/><E76/><V46/><F35/><W126/><G126/><T129/><D97/><N who="1" m="57503" /><E71/><V39/><F24/><W132/><G132/><T38/><D107/><U73/><E73/><V98/><F90/><W88/><G79/><N who="0" m="44135" /><D38/><U31/><E31/><AGARI ba="0,0" hai="6,8,14,28,30,31,56,58,129,130,131" m="44135" machi="31" ten="30,1500,0" yaku="19,1" doraHai="17" who="0" fromWho="1" sc="250,15,250,-15,250,0,250,0" /><INIT seed="0,1,0,3,1,41" ten="265,235,250,250" oya="0" hai0="93,21,104,36,26,106,33,27,102,0,49,134,77" hai1="79,124,46,23,87,43,117,103,94,18,108,132,123" hai2="40,65,125,48,95,112,59,56,17,60,71,76,122" hai3="99,111,70,57,91,128,86,63,20,39,121,100,7"/><T88/><D36/><U85/><E123/><V84/><F122/><W28/><G121/><T9/><D77/><U96/><E117/><V8/><F112/><W12/><G70/><T118/><D118/><U81/><E108/><V42/><F125/><W131/><G111/><T97/><D134/><U92/><E132/><V31/><F31/><W16/><G39/><T119/><D119/><U3/><E3/><V66/><F71/><W10/><G28/><T82/><D82/><U32/><E32/><V113/><F113/><W74/><G74/><T120/><D120/><U52/><E124/><V58/><F58/><W61/><G86/><T110/><D110/><U37/><E52/><N who="2" m="31751" /><F66/><W15/><G91/><T38/><D38/><U83/><E83/><N who="2" m="47207" /><F95/><W29/><G29/><T50/><D33/><U133/><E133/><V30/><F30/><W45/><G45/><T129/><D106/><U13/><REACH who="1" step="1"/><E94/><REACH who="1" ten="265,225,250,250" step="2"/><V14/><AGARI ba="1,1" hai="8,14,17,40,42,59,60,65" m="47207,31751" machi="14" ten="30,2000,0" yaku="8,1,54,1" doraHai="41" who="2" fromWho="2" sc="265,-11,225,-6,250,33,250,-6" /><INIT seed="1,0,0,2,5,122" ten="254,219,283,244" oya="1" hai0="33,135,118,70,84,52,133,28,65,100,81,10,128" hai1="126,55,4,68,19,41,30,99,132,106,22,92,90" hai2="75,18,111,66,39,6,107,44,7,31,62,17,57" hai3="114,35,5,88,85,24,109,121,80,23,82,134,78"/><U86/><E68/><V102/><F75/><W49/><G121/><T21/><D118/><U117/><E117/><V40/><F31/><W54/><G114/><T79/><D33/><U131/><E106/><V59/><F111/><W14/><G134/><N who="0" m="51211" /><D128/><U45/><E132/><V11/><F57/><W113/><G113/><T77/><D100/><N who="1" m="60519" /><E126/><V94/><F107/><W56/><G35/><T119/><D10/><U53/><E4/><V9/><F9/><N who="3" m="4399" /><G109/><T20/><D79/><U87/><E30/><V116/><F7/><W110/><G110/><T93/><D28/><U89/><E131/><V8/><F8/><W76/><G80/><T47/><D93/><N who="1" m="54455" /><E41/><V25/><F116/><W16/><AGARI ba="0,0" hai="16,23,24,49,54,56,76,78,82,85,88" m="4399" machi="16" ten="30,4000,0" yaku="8,1,54,2" doraHai="122" who="3" fromWho="3" sc="254,-10,219,-20,283,-10,244,40" /><INIT seed="2,0,0,0,3,100" ten="244,199,273,284" oya="2" hai0="111,123,16,32,52,59,102,54,89,65,15,72,103" hai1="87,113,27,68,88,73,37,24,120,6,86,75,114" hai2="96,118,119,70,5,42,49,38,128,95,66,117,46" hai3="125,44,93,21,76,107,91,60,122,83,18,56,57"/><V8/><F128/><W116/><G116/><T33/><D123/><U22/><E22/><V39/><F66/><W7/><G122/><T124/><D72/><U71/><E120/><V74/><F70/><W67/><G125/><T62/><D124/><U23/><E23/><V36/><F74/><W84/><G107/><T108/><D89/><U131/><E6/><V97/><REACH who="2" step="1"/><F95/><REACH who="2" ten="244,199,263,284" step="2"/><W29/><G67/><T26/><D65/><U43/><E131/><V3/><AGARI ba="0,1" hai="3,5,8,36,38,39,42,46,49,96,97,117,118,119" machi="3" ten="40,12000,1" yaku="1,1,2,1,0,1,53,1" doraHai="100" doraHaiUra="35" who="2" fromWho="2" sc="244,-40,199,-40,263,130,284,-40" /><INIT seed="2,1,0,5,0,7" ten="204,159,393,244" oya="2" hai0="19,74,49,78,130,80,81,98,133,94,2,30,18" hai1="55,111,75,119,17,28,47,109,5,134,51,101,87" hai2="21,131,50,102,104,54,84,92,61,10,66,64,125" hai3="38,83,15,110,124,36,112,11,71,107,44,105,23"/><V65/><F131/><W29/><G110/><N who="1" m="41994" /><E75/><V128/><F128/><W85/><G124/><T67/><D2/><U100/><E119/><V32/><F32/><W95/><G112/><T88/><D130/><U62/><E134/><V69/><F104/><W27/><G71/><T122/><D133/><U129/><E129/><V26/><F125/><W9/><G95/><T22/><D122/><U103/><E28/><V42/><F42/><W20/><G20/><T0/><D0/><U132/><E132/><V86/><F10/><W46/><G38/><T24/><D67/><U25/><E87/><V82/><F92/><W48/><G36/><T31/><D81/><U114/><E114/><V93/><F93/><W34/><G34/><T13/><REACH who="0" step="1"/><D49/><REACH who="0" ten="194,159,393,244" step="2"/><U96/><E62/><V14/><F82/><W73/><G48/><T97/><D97/><U76/><E76/><V115/><F61/><W35/><G83/><T90/><D90/><U118/><E118/><V121/><F121/><W59/><G73/><T70/><D70/><U68/><E68/><V1/><F69/><W72/><G72/><T57/><D57/><U113/><E113/><V116/><F50/><W58/><G58/><T99/><D99/><U60/><E60/><V53/><F115/><W63/><G59/><T43/><D43/><U117/><E117/><V135/><F116/><W3/><G63/><T41/><D41/><U16/><E96/><V6/><F135/><W89/><G89/><T120/><D120/><U77/><E77/><V126/><F1/><W45/><G3/><T123/><D123/><U39/><E51/><RYUUKYOKU ba="1,1" sc="194,30,159,-10,393,-10,244,-10" hai0="13,18,19,22,24,30,31,74,78,80,88,94,98" /><INIT seed="3,2,1,3,2,121" ten="224,149,383,234" oya="3" hai0="96,77,65,52,80,73,2,70,58,1,54,117,75" hai1="127,16,79,25,7,123,120,126,119,9,118,22,88" hai2="104,101,64,68,87,131,106,51,91,107,103,8,12" hai3="81,125,115,67,46,23,32,34,39,35,60,108,33"/><W13/><G115/><T130/><D117/><N who="1" m="44555" /><E88/><V109/><F131/><W59/><G125/><N who="1" m="47626" /><E79/><V5/><F51/><W105/><N who="3" m="8192" /><DORA hai="26" /><W42/><G108/><T44/><D75/><U19/><E19/><V98/><F109/><W122/><G122/><T61/><D130/><U78/><E78/><V74/><F74/><W14/><G105/><T21/><D21/><U99/><E99/><V132/><F132/><W37/><G37/><T83/><D80/><U84/><E84/><V29/><F29/><W41/><G41/><T93/><D44/><U18/><E16/><V28/><F28/><W0/><G0/><AGARI ba="2,1" hai="0,7,9,18,22,25,120,123" m="47626,44555" machi="0" ten="30,7700,0" yaku="12,1,18,1,34,2" doraHai="121,26" who="1" fromWho="3" sc="224,0,149,93,383,0,234,-83" /><INIT seed="4,0,0,5,2,30" ten="224,242,383,151" oya="0" hai0="76,3,49,60,116,109,38,23,1,129,74,0,39" hai1="125,120,86,132,61,106,128,48,67,59,56,28,134" hai2="123,118,88,57,99,104,95,112,13,11,63,115,41" hai3="122,18,68,105,22,54,29,12,36,26,19,17,42"/><T94/><D116/><U98/><E120/><V103/><F123/><W108/><G122/><T131/><D109/><U70/><E86/><V126/><F118/><W92/><G105/><T46/><D60/><U55/><E28/><V90/><F41/><W117/><G117/><T79/><D23/><U20/><E20/><V45/><F45/><W130/><G108/><T34/><D94/><U81/><E81/><V10/><F126/><W84/><G130/><N who="0" m="49675" /><D74/><U107/><E128/><V7/><F11/><W72/><G72/><T97/><D97/><U35/><E35/><V5/><F5/><W31/><G68/><T85/><D34/><U89/><E125/><V80/><F80/><W6/><G36/><N who="0" m="13867" /><D85/><U83/><E106/><V16/><F7/><W37/><G31/><T124/><D124/><U69/><E107/><V58/><F104/><W110/><G110/><T135/><D135/><N who="1" m="51755" /><E83/><V62/><F103/><W71/><G71/><T44/><D49/><U87/><E87/><V14/><F63/><W102/><G102/><T24/><D24/><U113/><E113/><V91/><F62/><W100/><G100/><T8/><D8/><U15/><E98/><V111/><F111/><W114/><G114/><T40/><D40/><U2/><E70/><V96/><F115/><W21/><G42/><T78/><AGARI ba="0,0" hai="0,1,3,44,46,76,78,79" m="13867,49675" machi="78" ten="50,9600,0" yaku="28,2,19,1" doraHai="30" who="0" fromWho="0" sc="224,96,242,-32,383,-32,151,-32" /><INIT seed="4,1,0,3,1,71" ten="320,210,351,119" oya="0" hai0="66,5,54,97,92,110,14,135,19,3,68,88,118" hai1="98,50,89,128,95,9,22,87,43,132,2,7,73" hai2="21,69,24,104,134,56,0,70,57,83,82,13,15" hai3="36,48,90,20,37,114,130,78,1,28,105,40,23"/><T30/><D118/><U96/><E73/><V52/><F0/><W80/><G130/><T62/><D110/><U16/><E132/><V39/><F104/><W67/><G114/><T26/><D135/><U131/><E43/><V129/><F134/><W133/><G133/><T77/><D77/><U33/><E33/><V121/><F129/><N who="1" m="49737" /><E50/><V115/><F115/><W122/><G122/><T47/><D5/><U127/><E127/><V93/><F121/><W76/><G1/><T125/><D3/><U112/><E112/><V12/><F39/><W124/><G124/><T51/><D125/><U65/><E65/><V111/><F93/><W60/><G105/><T55/><D55/><U107/><E107/><V120/><F120/><W61/><G48/><T117/><D117/><U53/><E53/><V116/><F111/><W91/><G40/><T58/><D68/><U34/><E34/><V35/><F35/><W108/><G108/><T18/><REACH who="0" step="1"/><D14/><AGARI ba="1,0" hai="2,7,9,14,16,22,87,89,95,96,98" m="49737" machi="14" ten="30,2000,0" yaku="19,1,54,1" doraHai="71" who="1" fromWho="0" sc="320,-23,210,23,351,0,119,0" /><INIT seed="5,0,0,3,4,125" ten="297,233,351,119" oya="1" hai0="114,9,102,99,45,38,111,110,59,134,11,101,76" hai1="62,14,21,124,58,74,26,116,36,54,13,37,61" hai2="90,56,129,69,0,25,118,100,23,73,48,63,121" hai3="86,85,95,39,16,32,71,10,130,35,3,131,46"/><U128/><E74/><V92/><F121/><W98/><G71/><T24/><D76/><U49/><E116/><V42/><F118/><W40/><G35/><T123/><D123/><U126/><E128/><N who="3" m="49194" /><G32/><T1/><D114/><U87/><E87/><V135/><F69/><W51/><G39/><N who="1" m="14922" /><E13/><V89/><F135/><W53/><G40/><T7/><D134/><U78/><E14/><V72/><F42/><W57/><G46/><T108/><D45/><U83/><E83/><V65/><F48/><W96/><G16/><T132/><D38/><U30/><E78/><V70/><F70/><W88/><G85/><T122/><D132/><U79/><E79/><V52/><F0/><W6/><AGARI ba="0,0" hai="3,6,10,51,53,57,86,88,95,96,98" m="49194" machi="6" ten="30,8000,1" yaku="19,1,52,3,54,1" doraHai="125" who="3" fromWho="3" sc="297,-20,233,-40,351,-20,119,80" /><INIT seed="6,0,0,4,1,79" ten="277,193,331,199" oya="2" hai0="77,30,21,34,66,122,41,46,107,72,127,63,38" hai1="100,74,135,118,112,119,36,68,13,124,103,96,47" hai2="10,85,111,14,113,69,104,31,24,64,29,99,9" hai3="134,8,2,125,67,35,49,117,7,11,76,105,32"/><V84/><F111/><W22/><G117/><N who="1" m="44554" /><E68/><V131/><F113/><W95/><G105/><T88/><D107/><N who="1" m="63879" /><E13/><V42/><F42/><W61/><G134/><T55/><D122/><U129/><E103/><N who="2" m="62591" /><F31/><W110/><G110/><T123/><D127/><U53/><E53/><V130/><F64/><W98/><G125/><T16/><D123/><U26/><E26/><V120/><F69/><W93/><G22/><T33/><D55/><U81/><E124/><V89/><F85/><W28/><G76/><T54/><D30/><U60/><E60/><V75/><F75/><W101/><G93/><T97/><D54/><U94/><E94/><N who="2" m="54567" /><F14/><W73/><G73/><T71/><D72/><U102/><E112/><V108/><F120/><W50/><G8/><T43/><D43/><N who="1" m="23015" /><E102/><V92/><F92/><W86/><G86/><T132/><D66/><U126/><E126/><V70/><F70/><W19/><G19/><T25/><D71/><U91/><E135/><V82/><F108/><W115/><G115/><T0/><D132/><U52/><E52/><V3/><F24/><W109/><G109/><T39/><D25/><U51/><E51/><V57/><F57/><W44/><G67/><T114/><D41/><U80/><E129/><N who="2" m="49163" /><F29/><W133/><G28/><T48/><D114/><U45/><E74/><V18/><F18/><W17/><G17/><T15/><D16/><U1/><E1/><V59/><F3/><W23/><G2/><T121/><D0/><U4/><E4/><V83/><F59/><W128/><G7/><T87/><D15/><U20/><E20/><V6/><F6/><RYUUKYOKU ba="0,0" sc="277,-10,193,-10,331,30,199,-10" hai2="9,10,82,83" /><INIT seed="6,1,0,5,5,45" ten="267,183,361,189" oya="2" hai0="10,132,27,9,112,127,85,94,76,81,11,62,14" hai1="28,38,35,116,19,12,64,48,63,56,114,47,71" hai2="87,89,104,1,42,108,53,50,128,22,21,131,107" hai3="99,3,43,78,44,105,15,129,24,98,83,74,32"/><V120/><F120/><W125/><G3/><T54/><D132/><U30/><E116/><V18/><F1/><W84/><G129/><N who="2" m="49737" /><F42/><W7/><G125/><T39/><D127/><U117/><E114/><V82/><F108/><W57/><G57/><N who="0" m="35127" /><D39/><U17/><E35/><V113/><F113/><W90/><G32/><T37/><D37/><U111/><E111/><V20/><F18/><N who="1" m="6665" /><E38/><V34/><F34/><W36/><G24/><T2/><D2/><U5/><E71/><V52/><F53/><W31/><G31/><N who="1" m="11818" /><E117/><V93/><F82/><W91/><G105/><T41/><D112/><U69/><E69/><V133/><F133/><W23/><G23/><T61/><D27/><U77/><E77/><V51/><F107/><W16/><G7/><T67/><D41/><N who="1" m="24687" /><E5/><V49/><F104/><W13/><G13/><AGARI ba="1,0" hai="12,13,56,63,64" m="24687,11818,6665" machi="13" ten="30,2000,0" yaku="8,1,52,1" doraHai="45" who="1" fromWho="3" sc="267,0,183,23,361,0,189,-23" /><INIT seed="7,0,0,2,0,32" ten="267,206,361,166" oya="3" hai0="114,100,108,120,89,40,58,91,1,33,117,6,5" hai1="25,82,27,90,24,111,23,115,125,62,14,0,75" hai2="78,127,55,113,28,45,88,77,96,44,123,130,95" hai3="16,52,42,76,124,41,9,49,17,122,35,129,106"/><W116/><G116/><T4/><D91/><U15/><E0/><V54/><F130/><W104/><G122/><T135/><D40/><U36/><E36/><V94/><F123/><W19/><G129/><T121/><D100/><U61/><E111/><V43/><F28/><W26/><G124/><T51/><D58/><U109/><E109/><V126/><F113/><W119/><G119/><T87/><D51/><U72/><E72/><V64/><F64/><W12/><G76/><T105/><D105/><U110/><E75/><V102/><F45/><W66/><G66/><T65/><D65/><U134/><E134/><V59/><F44/><W46/><G106/><T29/><D117/><U101/><E125/><N who="2" m="47627" /><F55/><W63/><G104/><T67/><D114/><U11/><E101/><V13/><F13/><N who="1" m="4617" /><E11/><V31/><F31/><W71/><G71/><T83/><D29/><N who="1" m="17567" /><E110/><V73/><F43/><N who="3" m="16395" /><G35/><T7/><D83/><U132/><E132/><V48/><F73/><W70/><G70/><T30/><D30/><U81/><E115/><V112/><F112/><W79/><G63/><N who="1" m="24074" /><E81/><V84/><AGARI ba="0,0" hai="48,54,59,77,78,84,88,94,95,96,102" m="47627" machi="84" ten="30,2000,0" yaku="18,1,54,1" doraHai="32" who="2" fromWho="2" sc="267,-5,206,-5,361,20,166,-10" owari="262,6.0,201,-20.0,381,48.0,156,-34.0" /></mjloggm>