<mjloggm ver="2.3"><GO type="41" lobby="0"/><UN n0="%E3%83%9F%E3%82%B9%E3%82%BF%E3%83%BC%58" n1="%E5%B0%B1%E6%B4%BB%E7%94%9F%40%E5%B7%9D%E6%9D%91%E8%BB%8D%E5%9B%A3" n2="%6C%69%6C%69%7A" n3="%49%73%65%6E" dan="15,17,13,14" rate="1998.03,2132.00,1881.88,1945.88" sx="M,M,M,M"/><TAIKYOKU oya="0"/><INIT seed="0,0,0,5,0,13" ten="250,250,250,250" oya="0" hai0="62,30,91,53,14,28,43,9,68,37,112,100,90" hai1="113,72,4,65,82,0,22,27,21,99,107,118,74" hai2="31,83,108,63,8,51,71,120,98,44,115,88,54" hai3="10,114,116,70,29,95,60,69,109,126,121,75,92"/><T11/><D112/><U78/><E113/><V124/><F115/><W48/><G114/><RYUUKYOKU type="kaze4" ba="0,0" sc="250,0,250,0,250,0,250,0" /><INIT seed="0,1,0,3,4,3" ten="250,250,250,250" oya="0" hai0="12,67,27,26,80,132,28,55,59,63,106,51,74" hai1="117,38,114,30,31,35,109,118,96,72,53,99,32" hai2="135,20,128,17,11,68,66,43,83,46,71,104,87" hai3="49,58,19,8,124,60,10,15,121,70,69,116,107"/><T127/><D106/><U52/><E109/><V25/><F104/><W76/><G116/><T86/><D74/><U36/><REACH who="1" step="1"/><E72/><REACH who="1" ten="250,240,250,250" step="2"/><V1/><F128/><W90/><G121/><T4/><D132/><U79/><E79/><V119/><F135/><W62/><G76/><T105/><D127/><U131/><E131/><V134/><F134/><W5/><G124/><T95/><D105/><U120/><E120/><V103/><F119/><W75/><G107/><T2/><D2/><U102/><E102/><V41/><F103/><W130/><G75/><T89/><D28/><U39/><E39/><V93/><F66/><W129/><G129/><T77/><D77/><U123/><E123/><V78/><F93/><W84/><G130/><T85/><D95/><U57/><E57/><V56/><F56/><W47/><G70/><T54/><D85/><U126/><E126/><V61/><F61/><W44/><G69/><T125/><D125/><U100/><E100/><V108/><F108/><W42/><G47/><N who="0" m="28031" /><D67/><U37/><E37/><V34/><F68/><W98/><G98/><T94/><D94/><U133/><E133/><V18/><F71/><W50/><G62/><T88/><D89/><U73/><E73/><V91/><F91/><W40/><G60/><T45/><D45/><U111/><E111/><V0/><F46/><W24/><G58/><T65/><D65/><U122/><E122/><V9/><F78/><W112/><G44/><T16/><D4/><U92/><E92/><V7/><F7/><N who="3" m="3487" /><G90/><T81/><D81/><U14/><E14/><V115/><F83/><W22/><G84/><RYUUKYOKU ba="1,1" sc="250,15,240,15,250,-15,250,-15" hai0="12,16,26,27,55,59,63,80,86,88" hai1="30,31,32,35,36,38,52,53,96,99,114,117,118" /><INIT seed="0,2,1,2,4,95" ten="265,255,235,235" oya="0" hai0="128,89,83,28,93,59,54,63,118,115,64,101,110" hai1="78,11,107,135,10,51,82,0,39,40,45,79,44" hai2="94,41,120,17,7,61,114,60,71,42,133,91,70" hai3="65,113,30,121,122,125,15,104,68,2,47,18,35"/><T16/><D118/><U31/><E107/><V85/><F7/><W126/><G2/><T129/><D115/><U105/><E105/><V123/><F114/><W87/><G113/><T62/><D28/><U119/><E119/><V88/><F85/><W9/><G104/><T19/><D101/><U58/><E135/><V25/><F94/><W97/><G97/><N who="0" m="57519" /><D83/><U8/><E31/><V24/><REACH who="2" step="1"/><F17/><REACH who="2" ten="265,255,225,235" step="2"/><N who="3" m="8431" /><G87/><T32/><D110/><U20/><E0/><V74/><F74/><W33/><G18/><T69/><D32/><N who="3" m="12361" /><G30/><T55/><D55/><U43/><E82/><V117/><F117/><W26/><G26/><T29/><D29/><U108/><E108/><V80/><F80/><W96/><G96/><T98/><D98/><U21/><E79/><V38/><F38/><W4/><G4/><T86/><D86/><U49/><E78/><V73/><F73/><W130/><G130/><AGARI ba="2,2" hai="16,19,54,59,62,63,64,69,128,129,130" m="57519" machi="130" ten="30,5800,0" yaku="19,1,52,1,54,1" doraHai="95" who="0" fromWho="3" sc="265,84,255,0,225,0,235,-64" /><INIT seed="0,3,0,0,2,28" ten="349,255,225,171" oya="0" hai0="60,111,11,114,61,84,44,97,72,95,39,6,48" hai1="122,99,31,50,56,91,24,88,40,51,52,73,76" hai2="47,9,69,41,118,5,1,90,85,35,33,16,7" hai3="128,10,123,96,77,102,81,34,135,98,109,53,86"/><T130/><D72/><U94/><E122/><V80/><F69/><W65/><G34/><T108/><D114/><U129/><E129/><V46/><F118/><W71/><G128/><T49/><D84/><U78/><E73/><V92/><F47/><W8/><G123/><T110/><D130/><U12/><E91/><V89/><F7/><W68/><G98/><T22/><D22/><U45/><REACH who="1" step="1"/><E12/><REACH who="1" ten="349,245,225,171" step="2"/><V2/><F1/><W132/><G109/><T15/><D39/><U26/><E26/><V93/><F80/><W82/><G81/><T120/><D120/><U83/><E83/><V59/><F90/><W13/><G86/><T23/><D44/><U14/><E14/><V126/><F92/><W21/><G82/><T134/><D134/><U125/><E125/><V38/><F126/><W117/><G77/><T29/><D95/><U116/><E116/><V107/><F107/><W58/><G117/><T104/><D104/><U70/><E70/><V37/><F37/><W74/><G71/><T105/><D105/><U113/><E113/><V100/><F100/><W115/><G74/><T133/><D133/><U66/><E66/><V42/><F41/><W63/><G115/><T124/><D124/><U0/><E0/><V17/><REACH who="2" step="1"/><F59/><REACH who="2" ten="349,245,215,171" step="2"/><N who="3" m="37119" /><G135/><T62/><D97/><U64/><E64/><V36/><F36/><W27/><G132/><T101/><D101/><U127/><E127/><V79/><F79/><W57/><G57/><T54/><D54/><U3/><E3/><V19/><AGARI ba="3,2" hai="2,5,9,16,17,19,33,35,38,42,46,85,89,93" machi="19" ten="30,8000,1" yaku="1,1,0,1,52,2,54,1,53,0" doraHai="28" doraHaiUra="121" who="2" fromWho="2" sc="349,-43,245,-23,215,109,171,-23" /><INIT seed="1,0,0,4,2,107" ten="306,222,324,148" oya="1" hai0="31,108,121,78,62,115,11,36,28,100,9,99,94" hai1="61,129,51,91,2,117,116,89,14,81,122,38,96" hai2="21,103,42,111,82,8,13,49,25,53,98,16,124" hai3="19,84,55,48,52,64,125,22,26,58,4,37,120"/><U80/><E38/><V15/><F42/><W41/><G125/><T34/><D115/><U83/><E2/><V5/><F124/><W133/><G120/><T132/><D36/><U46/><E122/><V50/><F50/><W90/><G133/><T92/><D121/><U63/><E129/><V67/><F67/><W79/><G4/><T32/><D132/><U93/><E116/><V12/><F111/><W43/><G37/><T44/><D108/><U27/><E117/><V6/><F6/><W54/><G79/><T30/><D44/><U74/><E74/><V66/><F66/><W114/><G114/><T109/><D109/><U113/><E113/><V40/><F40/><N who="3" m="15435" /><G64/><T29/><D62/><N who="1" m="23563" /><E14/><V56/><REACH who="2" step="1"/><F82/><AGARI ba="0,0" hai="19,22,26,48,52,54,55,58,82,84,90" m="15435" machi="82" ten="30,2000,0" yaku="8,1,54,1" doraHai="107" who="3" fromWho="2" sc="306,0,222,0,324,-20,148,20" /><INIT seed="2,0,0,4,4,109" ten="306,222,304,168" oya="2" hai0="40,18,59,69,91,16,43,112,104,31,4,47,126" hai1="7,99,2,20,78,75,123,30,115,134,90,111,19" hai2="39,67,98,41,128,103,27,10,114,5,51,130,68" hai3="49,100,82,135,9,125,121,96,36,32,1,60,25"/><V108/><F39/><W83/><G125/><T72/><D69/><U42/><E111/><V35/><F108/><W73/><G36/><T33/><D104/><U84/><E123/><V116/><F51/><W118/><G73/><T132/><D72/><U86/><E134/><V89/><F41/><W124/><G124/><T13/><D126/><U55/><E75/><V74/><F89/><W38/><G38/><T6/><D132/><U79/><E30/><N who="2" m="19935" /><F74/><W17/><G135/><T61/><D33/><U37/><E37/><V122/><F116/><W57/><G49/><T129/><D31/><U8/><E115/><V46/><F46/><W81/><G32/><T64/><D112/><U113/><E113/><V28/><F28/><W77/><G121/><T65/><D129/><N who="2" m="49770" /><F114/><W71/><G71/><T97/><D65/><U56/><E42/><V92/><F122/><W127/><G77/><T15/><D47/><U23/><E79/><V14/><F68/><W45/><G45/><T70/><D70/><U76/><E76/><V66/><AGARI ba="0,0" hai="5,10,14,66,67,92,98,103" m="49770,19935" machi="66" ten="30,1500,0" yaku="19,1" doraHai="109" who="2" fromWho="2" sc="306,-5,222,-5,304,15,168,-5" /><INIT seed="2,1,0,1,4,42" ten="301,217,319,163" oya="2" hai0="90,49,100,31,44,46,53,132,105,14,0,19,115" hai1="55,61,16,86,95,107,12,117,9,68,80,133,62" hai2="39,36,92,56,124,23,20,130,97,72,37,101,102" hai3="128,108,41,47,8,65,35,59,99,122,88,26,116"/><V125/><F72/><W113/><G108/><T4/><D115/><U81/><E107/><V91/><F130/><W121/><G116/><T78/><D78/><U67/><E117/><V32/><F32/><W77/><G128/><T89/><D31/><U71/><E133/><V28/><F56/><W33/><G77/><T15/><D0/><U64/><REACH who="1" step="1"/><E55/><REACH who="1" ten="301,207,319,163" step="2"/><V5/><F5/><W3/><G113/><T96/><D132/><U27/><E27/><V69/><F69/><W10/><G26/><T129/><D129/><U21/><E21/><V43/><F23/><W85/><G35/><T79/><D4/><U126/><E126/><N who="2" m="48747" /><F20/><W38/><G33/><T83/><D15/><U73/><E73/><V22/><F22/><W63/><G10/><T119/><D119/><U118/><E118/><V17/><F28/><W123/><G8/><T1/><D1/><U127/><E127/><V66/><F66/><W82/><G3/><T50/><D14/><U60/><E60/><V52/><F52/><W58/><G123/><T112/><D112/><U109/><E109/><V30/><F30/><W94/><G122/><T51/><D19/><U70/><E70/><V48/><F17/><W13/><G121/><T131/><D131/><U18/><E18/><V75/><F75/><W25/><G25/><T74/><D51/><U120/><E120/><V106/><F106/><W34/><G34/><T87/><D74/><U103/><E103/><N who="2" m="39435" /><F48/><W135/><G13/><T110/><D110/><U76/><E76/><V29/><F29/><W6/><G6/><T40/><AGARI ba="1,1" hai="40,44,46,49,50,53,79,83,87,89,90,96,100,105" machi="40" ten="20,5200,0" yaku="0,1,7,1,52,2" doraHai="42" who="0" fromWho="0" sc="301,65,207,-14,319,-27,163,-14" /><INIT seed="3,0,0,0,2,23" ten="366,193,292,149" oya="3" hai0="27,0,134,53,67,83,96,132,106,7,104,39,94" hai1="113,52,118,128,10,93,65,36,109,105,13,16,86" hai2="103,71,44,114,91,29,45,117,56,46,26,131,87" hai3="54,110,32,20,5,22,49,129,119,3,33,18,9"/><W95/><G119/><T100/><D39/><U89/><E105/><V115/><F71/><W80/><G129/><T64/><D0/><U122/><E128/><V6/><F131/><W4/><G110/><T63/><D7/><U72/><E122/><V43/><F117/><W85/><G22/><T102/><D83/><U84/><E36/><V101/><F43/><W15/><G5/><T21/><D53/><U73/><E113/><V50/><F6/><W58/><REACH who="3" step="1"/><G95/><REACH who="3" ten="366,193,292,139" step="2"/><T75/><D94/><U31/><E109/><V60/><F114/><W25/><G25/><T69/><D106/><U59/><E118/><V47/><F115/><W17/><G17/><T70/><D102/><U12/><E31/><V130/><F101/><W125/><G125/><T124/><D124/><U112/><E112/><V14/><F103/><W99/><G99/><T74/><D134/><U62/><E13/><V90/><F130/><W30/><G30/><T81/><D132/><U135/><E135/><V66/><F14/><W82/><G82/><T133/><D81/><U61/><REACH who="1" step="1"/><E86/><REACH who="1" ten="366,183,292,139" step="2"/><V79/><F87/><W92/><G92/><T77/><D133/><U97/><E97/><V126/><F126/><W107/><G107/><T127/><D127/><U123/><E123/><V37/><F37/><W78/><AGARI ba="0,2" hai="3,4,9,15,18,20,32,33,49,54,58,78,80,85" machi="78" ten="20,7800,0" yaku="1,1,0,1,7,1,53,1" doraHai="23" doraHaiUra="11" who="3" fromWho="3" sc="366,-26,183,-26,292,-26,139,98" /><INIT seed="3,1,0,3,0,115" ten="340,157,266,237" oya="3" hai0="14,61,65,86,13,25,108,135,119,102,73,90,126" hai1="124,123,31,77,59,68,107,50,19,118,47,69,113" hai2="32,99,78,18,42,98,43,33,11,45,35,29,17" hai3="63,94,125,91,79,105,96,26,20,104,64,37,112"/><W2/><G125/><T21/><D73/><U44/><E107/><V12/><F29/><W71/><G112/><T30/><D126/><U46/><E123/><V75/><F43/><W88/><G37/><T40/><D108/><U8/><E113/><V103/><F98/><W1/><G79/><T106/><D135/><U27/><E124/><V66/><F66/><W38/><G38/><T114/><D40/><U70/><E77/><V101/><F103/><W72/><G72/><T49/><D49/><U9/><E19/><V132/><F132/><W15/><G15/><T131/><D114/><U130/><E130/><V56/><F56/><W122/><G122/><T54/><D54/><U6/><E118/><V95/><F78/><W81/><G81/><T24/><D119/><U34/><E9/><V4/><REACH who="2" step="1"/><F75/><REACH who="2" ten="340,157,256,237" step="2"/><W89/><G105/><T57/><D131/><U116/><E116/><V62/><F62/><W85/><G104/><T97/><D25/><U129/><E129/><V121/><F121/><W39/><G39/><AGARI ba="1,1" hai="4,11,12,17,18,32,33,35,39,42,45,95,99,101" machi="39" ten="40,2600,0" yaku="1,1,53,1" doraHai="115" doraHaiUra="10" who="2" fromWho="3" sc="340,0,157,0,256,39,237,-29" /><INIT seed="4,0,0,4,5,34" ten="340,157,295,208" oya="0" hai0="135,0,81,111,18,55,115,100,6,40,32,130,65" hai1="37,50,103,10,108,127,87,101,59,95,67,98,133" hai2="49,47,46,118,14,60,112,97,134,53,124,48,71" hai3="39,92,9,90,31,75,21,26,12,86,41,119,30"/><T106/><D32/><U70/><E37/><V99/><F14/><W123/><G119/><T77/><D65/><U128/><E108/><V121/><F99/><W52/><G123/><T27/><D40/><U125/><E70/><V83/><F97/><W109/><G109/><T64/><D64/><U126/><E128/><V25/><F25/><W132/><G132/><T44/><D111/><U11/><E133/><V94/><F94/><W122/><G122/><T2/><D6/><U16/><E103/><V5/><F83/><N who="3" m="49503" /><G41/><T58/><D44/><U78/><E78/><V15/><F121/><W105/><G39/><T4/><D4/><U20/><E87/><V56/><F134/><W35/><G105/><T61/><D135/><U88/><E101/><V43/><F118/><W68/><G75/><T129/><D115/><U19/><E19/><V82/><F112/><W69/><G68/><T33/><D100/><U8/><E67/><V73/><F71/><W120/><G69/><T116/><D106/><U79/><E79/><V84/><F73/><W110/><G120/><T36/><D36/><U62/><E62/><V13/><F5/><N who="3" m="3119" /><G35/><T23/><D33/><U7/><E59/><V107/><F107/><W57/><G92/><T91/><D91/><U102/><E50/><V3/><F3/><W51/><G110/><T72/><REACH who="0" step="1"/><D116/><REACH who="0" ten="330,157,295,208" step="2"/><U24/><REACH who="1" step="1"/><E102/><REACH who="1" ten="330,147,295,208" step="2"/><V85/><F43/><W96/><G57/><T113/><D113/><U38/><E38/><V45/><F56/><W131/><G52/><T89/><D89/><U104/><E104/><V63/><F53/><W93/><G131/><AGARI ba="0,2" hai="0,2,18,23,27,55,58,61,72,77,81,129,130,131" machi="131" ten="40,12000,1" yaku="1,1,6,1,19,1,52,2,53,0" doraHai="34" doraHaiUra="80" who="0" fromWho="3" sc="330,140,147,0,295,0,208,-120" /><INIT seed="4,1,0,3,4,81" ten="470,147,295,88" oya="0" hai0="119,15,103,123,112,83,72,27,94,54,45,25,82" hai1="129,0,59,88,64,71,113,41,92,93,3,5,49" hai2="58,121,135,33,127,95,39,107,132,106,52,38,1" hai3="32,128,4,96,76,56,53,12,57,48,116,68,17"/><T10/><D123/><U24/><E129/><V42/><F33/><W6/><G68/><T89/><D119/><U65/><E113/><V86/><F1/><W20/><G32/><T98/><D112/><U90/><E71/><V14/><F121/><W102/><G128/><T115/><D115/><U110/><E110/><V109/><F109/><W77/><G116/><T91/><D72/><U74/><E74/><V101/><F42/><W104/><REACH who="3" step="1"/><G57/><REACH who="3" ten="470,147,295,78" step="2"/><T51/><D82/><U23/><E59/><V80/><F58/><W43/><G43/><T87/><REACH who="0" step="1"/><D103/><REACH who="0" ten="460,147,295,78" step="2"/><U105/><E41/><V120/><F101/><W28/><G28/><T125/><D125/><U2/><E2/><V18/><F127/><W22/><G22/><T16/><AGARI ba="1,2" hai="10,15,16,25,27,45,51,54,83,87,89,91,94,98" machi="16" ten="20,24000,3" yaku="1,1,0,1,7,1,25,2,8,1,52,1,54,1,53,0" doraHai="81" doraHaiUra="30" who="0" fromWho="0" sc="460,263,147,-81,295,-81,78,-81" owari="723,82.0,66,-33.0,214,1.0,-3,-50.0" /></mjloggm>