<mjloggm ver="2.3"><GO type="169" lobby="0"/><UN n0="%63%68%72%6F%75%73%61" n1="%41%4D%4B%52" n2="%E3%82%A6%E3%83%AB%E3%83%88%E3%83%A9%E7%AB%8B%E7%9B%B4" n3="%E8%B5%A4%E6%9C%A8%E3%81%97%E3%81%92%E3%82%8C" dan="16,16,16,16" rate="2141.45,2031.68,2086.81,2100.87" sx="M,M,M,M"/><TAIKYOKU oya="0"/><INIT seed="0,0,0,3,4,78" ten="250,250,250,250" oya="0" hai0="112,81,105,64,37,113,129,109,13,93,31,106,111" hai1="131,21,74,128,80,15,66,122,134,135,44,95,34" hai2="39,19,101,96,38,121,9,69,65,79,43,50,35" hai3="63,94,33,14,72,52,51,108,53,123,29,28,49"/><T10/><D37/><U6/><E122/><V27/><F121/><W98/><G72/><T125/><D31/><N who="3" m="11849" /><G108/><N who="0" m="41547" /><D64/><U40/><E34/><V2/><F35/><W110/><G110/><T82/><D125/><U67/><E95/><V104/><F65/><N who="1" m="24585" /><E6/><V85/><F69/><W17/><G33/><T89/><D129/><N who="1" m="49739" /><E15/><V41/><F27/><W70/><G70/><T25/><D25/><U24/><E80/><N who="0" m="30825" /><D13/><U90/><E90/><V23/><F2/><W130/><G130/><T126/><D126/><U77/><E74/><V84/><F79/><W22/><G123/><T103/><D10/><U115/><E77/><V46/><F9/><W32/><G32/><T61/><D61/><U16/><E115/><N who="0" m="44105" /><D103/><U117/><E117/><V36/><F36/><AGARI ba="0,0" hai="16,21,24,36,40,44,134,135" m="49739,24585" machi="36" ten="30,2000,0" yaku="19,1,54,1" doraHai="78" who="1" fromWho="2" sc="250,0,250,20,250,-20,250,0" /><INIT seed="1,0,0,2,2,115" ten="250,270,230,250" oya="1" hai0="99,31,117,20,59,111,71,23,121,12,27,38,69" hai1="54,10,131,107,113,120,108,48,126,3,44,15,88" hai2="79,101,100,1,109,45,65,114,70,36,87,110,17" hai3="95,19,56,119,13,106,18,0,30,130,22,103,90"/><U66/><E113/><V89/><F1/><W26/><G0/><T11/><D111/><N who="2" m="42506" /><F114/><W49/><G130/><T32/><D38/><U33/><E120/><V67/><F79/><W68/><G68/><T43/><D20/><U102/><E33/><V8/><F45/><W97/><G119/><T84/><D43/><U127/><E66/><N who="2" m="25099" /><F36/><W134/><G134/><T74/><D84/><U37/><E37/><V9/><F70/><W63/><G49/><T51/><D51/><U28/><E28/><V96/><F17/><W133/><G133/><T77/><D77/><U105/><E3/><V91/><F91/><W124/><G124/><N who="1" m="47658" /><E131/><V122/><F122/><W2/><G2/><T4/><D31/><U94/><E102/><N who="2" m="39531" /><F96/><W123/><G123/><T81/><D99/><N who="1" m="57799" /><E108/><V25/><F25/><W6/><G26/><T47/><D27/><U62/><E62/><V60/><F60/><W42/><G63/><T112/><D121/><U98/><E98/><V21/><F21/><W128/><G22/><T83/><D23/><U53/><E53/><V92/><AGARI ba="0,0" hai="8,9,87,89,92" m="39531,25099,42506" machi="92" ten="30,1100,0" yaku="14,1" doraHai="115" who="2" fromWho="2" sc="250,-3,270,-5,230,11,250,-3" /><INIT seed="2,0,0,5,3,102" ten="247,265,241,247" oya="2" hai0="130,131,92,86,91,23,3,6,87,19,101,124,84" hai1="27,77,8,100,59,109,75,74,78,72,12,105,81" hai2="120,127,60,104,34,116,106,5,20,73,68,135,61" hai3="14,128,2,42,93,97,54,37,49,45,62,44,57"/><V125/><F120/><W0/><G128/><N who="0" m="49195" /><D124/><N who="2" m="47690" /><F34/><W110/><G14/><N who="0" m="9719" /><D101/><U7/><E109/><V89/><F73/><W118/><G118/><T41/><D41/><U1/><E27/><V55/><F116/><W126/><G126/><T35/><D35/><U36/><E36/><V52/><F135/><W115/><G110/><T50/><D50/><U113/><E113/><V28/><F5/><W48/><G37/><T11/><AGARI ba="0,0" hai="3,6,11,84,86,87,91,92" m="9719,49195" machi="11" ten="30,1100,0" yaku="19,1" doraHai="102" who="0" fromWho="0" sc="247,11,265,-3,241,-5,247,-3" /><INIT seed="3,0,0,5,0,89" ten="258,262,236,244" oya="3" hai0="10,95,55,27,124,21,18,105,43,121,9,112,47" hai1="56,2,14,35,96,100,114,25,22,82,119,127,64" hai2="113,72,62,90,79,67,32,41,61,78,39,13,51" hai3="99,20,12,130,4,126,102,37,77,110,59,48,45"/><W101/><G126/><T19/><D105/><U44/><E127/><V84/><F113/><W134/><G130/><T30/><D121/><U85/><E119/><V104/><F104/><W118/><G118/><T74/><D74/><U98/><E2/><V29/><F39/><W128/><G128/><T42/><D124/><U16/><E114/><V81/><F29/><W6/><G134/><T1/><D1/><U133/><E133/><V106/><F32/><W49/><G37/><T34/><D18/><U58/><E44/><V33/><F33/><W76/><G110/><T88/><D55/><U54/><E64/><V24/><F24/><W117/><G117/><T123/><D123/><U97/><E100/><N who="3" m="38506" /><G99/><T7/><D112/><U28/><REACH who="1" step="1"/><E54/><REACH who="1" ten="258,252,236,244" step="2"/><V115/><F67/><W86/><G45/><T17/><D47/><U129/><E129/><V116/><F116/><W5/><G59/><T94/><D43/><U103/><E103/><V132/><F41/><W50/><G86/><T109/><D42/><U31/><E31/><V8/><F84/><W91/><G91/><AGARI ba="0,1" hai="14,16,22,25,28,35,56,58,82,85,91,96,97,98" machi="91" ten="40,5200,0" yaku="1,1,54,1,53,1" doraHai="89" doraHaiUra="83" who="1" fromWho="3" sc="258,0,252,62,236,0,244,-52" /><INIT seed="4,0,0,1,0,2" ten="258,314,236,192" oya="0" hai0="4,14,46,130,63,88,113,34,110,81,108,92,15" hai1="0,22,133,74,128,60,56,28,59,65,42,38,98" hai2="123,53,19,78,97,61,21,36,114,135,93,52,25" hai3="80,68,12,129,11,82,119,35,126,109,75,95,79"/><T96/><D34/><U51/><E74/><V125/><F123/><W103/><G68/><T9/><D113/><U54/><E0/><V111/><F111/><N who="0" m="42538" /><D130/><U20/><E98/><V66/><F114/><W120/><G35/><T124/><D124/><U50/><E22/><V39/><F125/><W99/><G109/><T40/><D63/><N who="1" m="38143" /><E20/><V71/><F135/><W29/><G126/><T83/><D15/><U3/><E28/><V32/><F32/><W30/><G119/><T16/><D16/><U101/><E101/><V87/><F87/><W37/><G37/><AGARI ba="0,0" hai="4,9,14,37,40,46,81,83,88,92,96" m="42538" machi="37" ten="30,5800,0" yaku="10,1,52,1,54,1" doraHai="2" who="0" fromWho="3" sc="258,58,314,0,236,0,192,-58" /><INIT seed="4,1,0,1,4,59" ten="316,314,236,134" oya="0" hai0="25,111,105,12,47,125,4,31,73,23,69,84,88" hai1="8,15,27,16,56,20,103,114,130,131,62,132,109" hai2="6,75,70,123,0,118,82,11,85,122,76,48,120" hai3="115,91,97,128,135,10,106,68,50,100,77,52,96"/><T94/><D69/><U79/><E109/><V37/><F118/><W87/><G115/><T60/><D105/><U133/><E114/><V63/><F48/><W71/><G128/><N who="1" m="49194" /><E79/><V89/><F37/><W32/><G32/><T121/><D73/><U66/><E103/><V113/><F113/><W134/><G77/><T43/><D125/><U107/><E107/><V35/><F35/><W33/><G97/><T112/><D121/><U3/><E3/><V126/><F126/><W42/><G42/><T9/><D112/><U54/><E54/><V41/><F41/><W1/><G33/><T51/><D111/><U28/><AGARI ba="1,0" hai="8,15,16,20,27,28,56,62,66,132,133" m="49194" machi="28" ten="30,4000,0" yaku="19,1,52,1,54,1" doraHai="59" who="1" fromWho="1" sc="316,-21,314,43,236,-11,134,-11" /><INIT seed="5,0,0,0,2,95" ten="295,357,225,123" oya="1" hai0="117,113,21,134,29,131,50,38,9,39,80,33,102" hai1="133,17,22,43,36,3,106,116,90,28,64,122,55" hai2="101,59,123,124,114,69,51,7,126,89,87,94,120" hai3="44,66,62,104,56,4,111,60,48,74,93,10,42"/><U49/><E3/><V15/><F69/><W78/><G104/><T11/><D80/><U45/><E28/><V63/><F51/><W109/><G74/><T30/><D21/><U2/><E2/><V128/><F101/><W72/><G72/><T53/><D33/><U13/><E106/><V85/><F85/><W92/><G78/><T77/><D102/><U98/><E64/><V47/><F47/><W46/><G92/><T119/><D77/><U132/><E116/><V121/><F128/><W96/><G62/><T8/><D8/><U79/><E79/><V91/><F91/><W16/><G46/><T68/><D68/><U118/><E122/><V82/><F82/><W86/><G86/><T130/><D50/><U88/><E118/><V37/><F37/><W27/><G27/><T71/><D71/><U100/><E100/><V65/><F114/><W54/><G66/><T18/><D18/><U129/><E129/><V1/><REACH who="2" step="1"/><F1/><REACH who="2" ten="295,357,215,123" step="2"/><W52/><G16/><T112/><D39/><U135/><E45/><V40/><F40/><W58/><G42/><T70/><D38/><U0/><E49/><V31/><F31/><W83/><G83/><T20/><D70/><U67/><E43/><V41/><F41/><W26/><G44/><T110/><D113/><U19/><E17/><V6/><F6/><W5/><G5/><T76/><D112/><U115/><E19/><V14/><F14/><N who="3" m="5447" /><G26/><T34/><D130/><U75/><E13/><V23/><F23/><W12/><G12/><T97/><D131/><U25/><E0/><V35/><F35/><W81/><G81/><RYUUKYOKU ba="0,1" sc="295,-15,357,-15,215,15,123,15" hai2="7,15,59,63,65,87,89,94,120,121,123,124,126" hai3="48,52,54,56,58,60,93,96,109,111" /><INIT seed="6,1,1,3,0,57" ten="280,342,230,138" oya="2" hai0="103,130,110,27,84,56,120,9,123,2,29,133,49" hai1="53,50,69,107,112,101,35,87,38,19,10,44,6" hai2="125,85,80,8,63,90,51,77,1,106,62,99,65" hai3="64,132,92,7,129,97,96,20,23,83,34,16,4"/><V104/><F125/><W93/><G34/><T78/><D110/><U81/><E69/><V15/><F1/><W42/><G129/><T37/><D37/><U82/><E35/><V22/><F22/><W11/><G132/><T71/><D71/><U119/><E119/><V0/><F0/><W14/><G42/><T124/><D103/><U67/><E67/><V121/><F121/><W12/><G64/><T52/><D130/><U13/><E38/><V109/><F109/><W55/><G83/><T54/><D133/><U24/><E107/><V17/><F51/><W117/><G117/><T73/><D73/><U40/><E101/><V68/><REACH who="2" step="1"/><F63/><REACH who="2" ten="280,342,220,138" step="2"/><W113/><G113/><T18/><D49/><U41/><E112/><V75/><F75/><W58/><G23/><T88/><D2/><U70/><E50/><V32/><F32/><W45/><G45/><T135/><D124/><U76/><E44/><V30/><F30/><W86/><G20/><T47/><D29/><U111/><E111/><V116/><F116/><W26/><G26/><T102/><D47/><U79/><E24/><V72/><F72/><W61/><G61/><T39/><D27/><U48/><E48/><V28/><F28/><W91/><G14/><T114/><D123/><U74/><E13/><V134/><F134/><W31/><G31/><T36/><D135/><U25/><E25/><V115/><F115/><W89/><G12/><T5/><D114/><U95/><E74/><V94/><AGARI ba="1,2" hai="8,15,17,62,65,68,77,80,85,90,94,99,104,106" machi="94" ten="30,6000,0" yaku="1,1,0,1,52,1,53,0" doraHai="57" doraHaiUra="46" who="2" fromWho="2" sc="280,-21,342,-21,220,83,138,-21" /><INIT seed="6,2,0,0,4,47" ten="259,321,303,117" oya="2" hai0="104,77,73,8,0,40,85,98,101,113,88,107,130" hai1="89,64,67,134,127,106,102,72,71,115,7,57,66" hai2="95,35,83,125,63,131,79,11,86,29,22,128,10" hai3="60,75,76,9,103,50,33,32,52,93,110,41,28"/><V135/><F35/><W116/><G116/><T51/><D113/><U117/><E72/><V111/><F111/><W59/><G110/><T45/><D130/><N who="2" m="49706" /><F125/><W42/><G9/><N who="2" m="3081" /><F135/><W105/><G105/><T54/><D73/><U61/><E7/><V58/><F95/><W80/><G33/><T122/><D77/><U99/><E115/><V20/><F29/><W2/><G2/><T133/><D133/><U70/><E117/><V53/><AGARI ba="2,0" hai="20,22,53,58,63,79,83,86" m="3081,49706" machi="53" ten="30,1500,0" yaku="19,1" doraHai="47" who="2" fromWho="2" sc="259,-7,321,-7,303,21,117,-7" /><INIT seed="6,3,0,3,0,66" ten="252,314,324,110" oya="2" hai0="74,13,46,7,16,129,64,100,26,50,123,58,99" hai1="114,52,76,126,121,40,3,42,111,9,112,81,127" hai2="132,110,15,23,43,0,84,41,105,8,48,83,65" hai3="61,33,21,19,36,4,89,73,72,35,55,27,119"/><V92/><F105/><W70/><G119/><T29/><D123/><U31/><E111/><V130/><F0/><W53/><G36/><T115/><D74/><N who="1" m="43159" /><E121/><V103/><F110/><W60/><G4/><T47/><D115/><N who="1" m="44075" /><E31/><V32/><F32/><W133/><G133/><T59/><D129/><U102/><E102/><V6/><F132/><W30/><G89/><T25/><D7/><N who="1" m="1279" /><E52/><V62/><F23/><W107/><G107/><T37/><D37/><U44/><E44/><V128/><F92/><W104/><G104/><T122/><D46/><U101/><E101/><V78/><F103/><W2/><G2/><T85/><D47/><U91/><E91/><V69/><REACH who="2" step="1"/><F48/><REACH who="2" ten="252,314,314,110" step="2"/><W54/><G35/><T87/><D50/><U134/><E134/><V88/><F88/><W71/><G60/><T108/><D100/><U80/><E80/><V131/><AGARI ba="3,1" hai="6,8,15,41,43,62,65,69,78,83,84,128,130,131" machi="131" ten="30,11700,0" yaku="1,1,0,1,19,1,52,1,53,0" doraHai="66" doraHaiUra="135" who="2" fromWho="2" sc="252,-42,314,-42,314,136,110,-42" /><INIT seed="6,4,0,4,1,88" ten="210,272,450,68" oya="2" hai0="82,12,123,134,3,37,87,5,11,17,13,33,114" hai1="128,71,29,34,77,65,91,21,124,129,1,56,40" hai2="92,64,108,78,43,120,122,105,14,39,132,135,104" hai3="48,110,109,18,25,41,76,0,125,57,35,102,100"/><V52/><F64/><W55/><G0/><T90/><D123/><U27/><E71/><V59/><F43/><W101/><G125/><T95/><D114/><U70/><E70/><V45/><F45/><W6/><G6/><T22/><D37/><U86/><E1/><V4/><F39/><W9/><G76/><T69/><D69/><U81/><E40/><V2/><F78/><W60/><G9/><T30/><D134/><N who="2" m="51242" /><F2/><W15/><G15/><T7/><D7/><U38/><E38/><V121/><F108/><W98/><G18/><T44/><D44/><U83/><E124/><V67/><F67/><W115/><G115/><T66/><D66/><U46/><E46/><V20/><F92/><W58/><G41/><T47/><D47/><U68/><E68/><V63/><F20/><W54/><G109/><T10/><D33/><U74/><E34/><V97/><F97/><W89/><G110/><T28/><D3/><U85/><E74/><V93/><F93/><N who="3" m="56623" /><G35/><T116/><D10/><AGARI ba="4,0" hai="4,10,14,52,59,63,104,105,120,121,122" m="51242" machi="10" ten="40,3900,0" yaku="20,1,54,1" doraHai="88" who="2" fromWho="0" sc="210,-51,272,0,450,51,68,0" /><INIT seed="6,5,0,2,5,85" ten="159,272,501,68" oya="2" hai0="55,2,100,11,28,24,39,53,70,22,63,51,124" hai1="79,69,26,41,43,14,127,111,87,62,114,86,105" hai2="20,108,8,77,101,102,27,32,76,84,90,35,121" hai3="0,30,89,18,48,112,119,5,93,130,96,45,99"/><V15/><F121/><W58/><G119/><T118/><D39/><U42/><E105/><V95/><F35/><W67/><G30/><T60/><D124/><U66/><E111/><V40/><F32/><W33/><G33/><T97/><D70/><U12/><E127/><V1/><F1/><W128/><G5/><T106/><D118/><U113/><E26/><V47/><F108/><W78/><G0/><T21/><D21/><U110/><E110/><V83/><F20/><W109/><G109/><T135/><D135/><U3/><E3/><V57/><F57/><W82/><G18/><T61/><D51/><U17/><E79/><V120/><F27/><W75/><G99/><T81/><D81/><U123/><E17/><V104/><F104/><W23/><G23/><T50/><D50/><U37/><E37/><V94/><F120/><W16/><G16/><T36/><D36/><U134/><E134/><V72/><F95/><W68/><G68/><T6/><AGARI ba="5,0" hai="2,6,11,22,24,28,53,55,60,61,63,97,100,106" machi="6" ten="30,1100,0" yaku="0,1" doraHai="85" who="0" fromWho="0" sc="159,26,272,-8,501,-10,68,-8" /><INIT seed="7,0,0,1,1,24" ten="185,264,491,60" oya="3" hai0="36,100,89,35,93,120,25,29,73,1,47,30,130" hai1="66,12,42,60,119,84,21,105,90,23,69,59,74" hai2="134,79,53,5,129,8,11,43,17,104,133,41,64" hai3="22,26,38,125,32,20,88,45,28,108,103,128,13"/><W95/><G128/><T83/><D120/><U98/><E74/><V48/><F104/><W70/><G125/><T123/><D123/><U68/><E42/><V97/><F64/><W55/><G70/><T4/><D130/><U37/><E37/><V46/><F129/><W99/><G108/><T18/><D100/><U34/><E34/><V117/><F117/><W31/><G38/><T77/><D18/><U51/><E51/><V127/><F79/><W49/><G13/><T50/><D50/><U124/><E124/><V40/><F97/><W92/><REACH who="3" step="1"/><G31/><REACH who="3" ten="185,264,491,50" step="2"/><T61/><D30/><U109/><E12/><V131/><F131/><W107/><G107/><T9/><D29/><U132/><E68/><V106/><F106/><W56/><G56/><T115/><D36/><U19/><E59/><V2/><F127/><W135/><G135/><T3/><D3/><U111/><E132/><V63/><F134/><W14/><G14/><T116/><D1/><U6/><E111/><V86/><F133/><W78/><G78/><T54/><D77/><U118/><E109/><V39/><F39/><W71/><G71/><T75/><D116/><U44/><E105/><V114/><F2/><W80/><G80/><T7/><D83/><U33/><E69/><V16/><F114/><W126/><G126/><T87/><D47/><U72/><E44/><V57/><F46/><W10/><G10/><T113/><D9/><U0/><E0/><V81/><F8/><W15/><G15/><T76/><D115/><U101/><E118/><V121/><F11/><W58/><G58/><T85/><D113/><RYUUKYOKU ba="0,1" sc="185,-10,264,-10,491,-10,50,30" hai3="20,22,26,28,32,45,49,55,88,92,95,99,103" /><INIT seed="7,1,1,5,4,37" ten="175,254,481,80" oya="3" hai0="42,36,118,65,8,72,4,64,97,73,74,39,71" hai1="105,51,78,34,10,131,98,88,21,12,133,15,128" hai2="94,25,134,1,49,114,55,109,60,43,20,29,135" hai3="121,89,82,86,108,68,103,101,122,23,24,66,112"/><W104/><G112/><T22/><D118/><U81/><E34/><V125/><F1/><W47/><G108/><T77/><D22/><U115/><E115/><V129/><F109/><W130/><G130/><T32/><D32/><U126/><E126/><V13/><F125/><W123/><G104/><T99/><D77/><U46/><E21/><V28/><F114/><W16/><REACH who="3" step="1"/><G47/><REACH who="3" ten="175,254,481,70" step="2"/><T45/><D36/><U92/><E105/><V93/><F129/><W67/><G67/><T56/><D64/><U27/><E46/><V9/><F134/><W26/><G26/><T95/><D71/><U58/><E27/><V119/><F135/><W100/><G100/><T116/><D116/><U113/><E113/><V62/><F119/><W83/><G83/><T111/><D111/><U18/><E133/><V69/><F25/><W50/><G50/><T52/><D65/><U5/><E51/><V6/><F49/><W7/><G7/><T80/><D80/><U85/><E131/><V75/><F6/><W90/><G90/><T132/><D132/><U33/><E128/><V0/><F94/><W91/><G91/><T79/><D95/><U17/><E88/><V41/><F93/><W30/><G30/><T117/><D117/><U110/><E92/><V63/><F29/><W11/><G11/><T70/><D70/><U19/><E10/><V35/><F28/><W48/><G48/><N who="0" m="30727" /><D79/><U120/><E78/><V102/><F102/><W96/><G96/><T3/><D99/><U106/><E106/><V31/><F31/><W84/><G84/><T124/><D97/><U38/><E98/><RYUUKYOKU ba="1,2" sc="175,15,254,-15,481,-15,70,15" hai0="3,4,8,39,42,45,72,73,74,124" hai3="16,23,24,66,68,82,86,89,101,103,121,122,123" /><INIT seed="7,2,2,2,3,61" ten="190,239,466,85" oya="3" hai0="15,120,122,105,118,81,53,76,26,25,14,55,102" hai1="5,63,84,101,16,123,31,47,80,43,0,116,3" hai2="99,11,69,70,2,79,94,35,125,68,82,77,74" hai3="109,50,44,57,42,7,124,24,92,23,51,39,119"/><W32/><G119/><T28/><D118/><U95/><E116/><V40/><F79/><W96/><G124/><T108/><D108/><U56/><E31/><V20/><F20/><W98/><G32/><T33/><D25/><U36/><E123/><V104/><F94/><W12/><G109/><T67/><D55/><U134/><E134/><V111/><F40/><W27/><G98/><N who="0" m="61655" /><D53/><U130/><E130/><V91/><F91/><W113/><G113/><T18/><D14/><U88/><E16/><V19/><F19/><W86/><G86/><T106/><D18/><U75/><E5/><N who="2" m="1463" /><F125/><W52/><G39/><T71/><D15/><U83/><E83/><V72/><F111/><W38/><G38/><T59/><D59/><U121/><E121/><V110/><F110/><W135/><G135/><T127/><D106/><U97/><E75/><N who="2" m="43327" /><F35/><W48/><G48/><T46/><D46/><U64/><AGARI ba="2,2" hai="0,3,36,43,47,56,63,64,80,84,88,95,97,101" machi="64" ten="20,5200,0" yaku="0,1,7,1,52,1,54,1" doraHai="61" who="1" fromWho="1" sc="190,-15,239,78,466,-15,85,-28" owari="175,-22.0,317,12.0,451,54.0,57,-44.0" /></mjloggm>