<mjloggm ver="2.3"><GO type="225" lobby="0"/><UN n0="%73%6F%75%6D%69%6C%6F%6E" n1="%E3%81%93%E3%81%86%E3%82%89%E3%82%93%E3%80%82" n2="%73%69%72%75%6E%65%6B%6F" n3="%E3%83%88%E3%83%88%E3%83%AA%E5%85%88%E7%94%9F%31%39%E6%AD%B3" dan="16,16,16,18" rate="2026.17,2095.99,2074.56,2271.02" sx="F,M,M,F"/><TAIKYOKU oya="0"/><INIT seed="0,0,0,5,0,66" ten="250,250,250,250" oya="0" hai0="107,70,17,15,10,61,92,1,41,37,93,53,12" hai1="36,119,49,114,52,22,43,126,128,60,97,88,34" hai2="91,31,87,110,109,86,46,94,135,96,62,64,0" hai3="120,83,72,23,133,84,56,129,104,42,44,117,99"/><T68/><D107/><U30/><E119/><V48/><F0/><W40/><G117/><T78/><D1/><U63/><E128/><V35/><F135/><W65/><G72/><T81/><D37/><U122/><E34/><V55/><F31/><W90/><G129/><T25/><D25/><N who="1" m="16695" /><E36/><V54/><F35/><W19/><G133/><T111/><D41/><U18/><E122/><V89/><F55/><W3/><G3/><T80/><D111/><N who="2" m="42506" /><F91/><W26/><G120/><T29/><D29/><U8/><E43/><V14/><F14/><W59/><G104/><T112/><D112/><U118/><E126/><V127/><F127/><W79/><G65/><T9/><D53/><U130/><E130/><V16/><F16/><W71/><G42/><T7/><D17/><U113/><E118/><V28/><F28/><W74/><G19/><T51/><D7/><U67/><E67/><V131/><F131/><W125/><G125/><T5/><D5/><U75/><E75/><V33/><F33/><W11/><G74/><T116/><D116/><U115/><E8/><V69/><AGARI ba="0,0" hai="46,48,54,62,64,69,86,87,89,94,96" m="42506" machi="69" ten="30,2000,0" yaku="14,1,52,1" doraHai="66" who="2" fromWho="2" sc="250,-10,250,-5,250,20,250,-5" /><INIT seed="1,0,0,5,2,41" ten="240,245,270,245" oya="1" hai0="99,79,74,24,27,71,110,131,91,39,81,109,112" hai1="52,134,38,122,61,85,16,78,94,116,15,31,96" hai2="55,21,56,59,114,76,58,107,128,127,124,54,51" hai3="118,32,92,43,26,88,84,90,18,60,44,133,98"/><U100/><E122/><V119/><F107/><W113/><G113/><T130/><D71/><U123/><E123/><V102/><F102/><W95/><G133/><T104/><D39/><U47/><E134/><V6/><F119/><W63/><G118/><T111/><D112/><U42/><E116/><V66/><F114/><W75/><G75/><T17/><D17/><U126/><E31/><V70/><F76/><W80/><G80/><T62/><D62/><U28/><E28/><V68/><F21/><N who="3" m="13623" /><G32/><T97/><D24/><U37/><E126/><N who="2" m="48171" /><F6/><W53/><G43/><T20/><D104/><U9/><E37/><V101/><F101/><W34/><G34/><T12/><D12/><U8/><E78/><V2/><F2/><W89/><G89/><T93/><D27/><U48/><E85/><V30/><F30/><W129/><G129/><N who="0" m="49163" /><D20/><N who="1" m="11295" /><E38/><V64/><F128/><W7/><G7/><T25/><D25/><U49/><E61/><N who="2" m="38207" /><F64/><W19/><G19/><T45/><D45/><AGARI ba="0,0" hai="8,9,42,45,47,48,49,52,94,96,100" m="11295" machi="45" ten="30,12000,1" yaku="8,1,52,2,54,2" doraHai="41" who="1" fromWho="0" sc="240,-120,245,120,270,0,245,0" /><INIT seed="1,1,0,3,1,28" ten="120,365,270,245" oya="1" hai0="32,33,30,122,109,83,22,74,129,82,55,13,93" hai1="2,99,101,87,1,124,134,118,135,80,106,17,25" hai2="4,38,11,94,47,54,12,119,78,100,71,57,127" hai3="131,39,76,18,115,117,89,24,84,61,7,75,116"/><U88/><E118/><N who="3" m="45674" /><G115/><T68/><D68/><U64/><E64/><V105/><F119/><W15/><G39/><T20/><D122/><U123/><E123/><V63/><F127/><W111/><G111/><T96/><D109/><U8/><E124/><V45/><F105/><W43/><G43/><T37/><D37/><U69/><E69/><V126/><F126/><W128/><G7/><T90/><D129/><N who="3" m="49737" /><G24/><T125/><D125/><U36/><E36/><V86/><F71/><W40/><G40/><T85/><D74/><U97/><E25/><V120/><F120/><W58/><G76/><T60/><D82/><U44/><E44/><V42/><F42/><W107/><G107/><T62/><D22/><U66/><E66/><V70/><F70/><W53/><G75/><T112/><D112/><U10/><E17/><V51/><F63/><W31/><G31/><T67/><D60/><U130/><E130/><V108/><F108/><W110/><G110/><T95/><D95/><U19/><E19/><V21/><F38/><W77/><G77/><T27/><D13/><U46/><E106/><V0/><F78/><W14/><G18/><T92/><D92/><AGARI ba="1,0" hai="14,15,53,58,61,84,89,92" m="49737,45674" machi="92" ten="30,2000,0" yaku="12,1,19,1" doraHai="28" who="3" fromWho="0" sc="120,-23,365,0,270,0,245,23" /><INIT seed="2,0,0,1,3,10" ten="97,365,270,268" oya="2" hai0="131,17,13,119,47,128,90,29,5,104,88,80,109" hai1="36,126,132,9,54,96,0,87,102,50,117,113,41" hai2="27,58,125,19,100,51,46,16,61,81,63,91,95" hai3="24,6,86,78,97,38,116,84,14,64,133,4,101"/><V18/><F125/><W33/><G116/><T77/><D104/><U134/><E113/><V15/><F27/><W122/><G122/><T26/><D109/><U22/><E117/><V130/><F130/><N who="0" m="49706" /><D5/><U111/><E126/><V66/><F63/><W21/><G38/><T107/><D107/><U112/><E112/><V39/><F100/><W92/><G133/><T110/><D47/><U73/><E73/><V120/><F39/><W28/><G64/><T93/><D93/><U124/><E124/><V74/><F120/><W114/><G114/><T35/><D119/><U76/><E36/><V11/><F74/><W3/><G78/><T20/><D110/><U62/><E0/><V121/><F121/><W42/><G42/><T44/><D44/><U7/><E41/><N who="2" m="25039" /><F81/><W30/><G30/><T59/><D59/><U105/><E111/><V135/><F135/><W82/><G82/><T49/><D49/><U34/><E50/><V68/><F68/><W89/><G101/><T67/><D67/><U72/><E102/><V94/><F94/><W118/><G118/><T53/><D53/><U115/><E54/><V57/><F58/><W69/><G69/><T123/><D123/><U98/><E134/><V83/><F83/><W70/><G70/><T129/><N who="0" m="49714" /><T32/><DORA hai="23" /><D32/><U103/><E34/><V31/><F31/><W99/><G3/><T127/><D127/><U75/><E132/><V60/><F60/><W1/><G1/><T79/><D79/><U48/><E62/><V37/><F37/><W56/><G56/><T12/><D12/><U8/><E76/><RYUUKYOKU ba="0,0" sc="97,15,365,-15,270,15,268,-15" hai0="13,17,20,26,29,35,77,80,88,90" hai2="11,15,16,18,19,57,61,66,91,95" /><INIT seed="2,1,0,4,1,113" ten="112,350,285,253" oya="2" hai0="50,67,35,98,96,15,79,17,5,57,111,124,110" hai1="53,7,102,10,69,80,112,13,9,88,6,133,106" hai2="48,64,49,126,92,86,0,104,97,103,87,16,128" hai3="77,34,33,22,44,63,40,100,4,72,116,108,27"/><V46/><F0/><W2/><G116/><T32/><D79/><U120/><E69/><V38/><F128/><W99/><G108/><T42/><D124/><U89/><E133/><V41/><F126/><W68/><G63/><T132/><D5/><U122/><E112/><V8/><F64/><W119/><G119/><T25/><D132/><U129/><E129/><V47/><F104/><W51/><G68/><T60/><D25/><U66/><E66/><V74/><F74/><W14/><G2/><T109/><D32/><U73/><E73/><V12/><F38/><W121/><G121/><N who="1" m="46698" /><E53/><AGARI ba="1,0" hai="8,12,16,41,46,47,48,49,53,86,87,92,97,103" machi="53" ten="30,5800,0" yaku="7,1,8,1,54,1" doraHai="113" who="2" fromWho="1" sc="112,0,350,-61,285,61,253,0" /><INIT seed="2,2,0,0,2,90" ten="112,289,346,253" oya="2" hai0="91,47,21,43,128,100,7,78,71,79,42,83,37" hai1="30,87,115,112,82,4,22,117,105,1,124,3,32" hai2="102,34,18,8,103,129,44,6,104,73,12,33,50" hai3="40,41,70,89,36,51,16,61,133,98,9,58,38"/><V106/><F73/><W56/><G133/><T131/><D71/><U85/><E117/><V95/><F106/><W84/><G70/><T125/><D125/><U46/><E105/><V55/><F104/><W10/><G98/><T132/><D7/><U65/><E124/><V99/><F129/><W23/><G38/><T107/><D132/><U113/><E65/><V86/><F103/><W101/><G101/><T49/><D42/><N who="3" m="16489" /><G36/><T17/><D37/><U39/><E32/><V53/><F53/><N who="3" m="32063" /><G56/><T111/><D111/><U93/><E1/><V2/><F86/><W127/><G61/><T57/><D57/><U69/><E69/><V62/><REACH who="2" step="1"/><F62/><REACH who="2" ten="112,289,336,253" step="2"/><W28/><G127/><T108/><D108/><U80/><E87/><V14/><F14/><N who="3" m="9623" /><G28/><T54/><D100/><U66/><E30/><V24/><F24/><W20/><G20/><AGARI ba="2,1" hai="2,6,8,12,18,20,33,34,44,50,55,95,99,102" machi="20" ten="30,5800,0" yaku="1,1,7,1,52,1,53,0" doraHai="90" doraHaiUra="26" who="2" fromWho="3" sc="112,0,289,0,336,74,253,-64" /><INIT seed="2,3,0,4,0,69" ten="112,289,410,189" oya="2" hai0="49,0,51,55,23,39,54,86,101,128,135,93,119" hai1="41,53,4,75,124,71,43,7,10,73,96,102,26" hai2="85,78,77,14,67,19,87,11,94,83,64,17,129" hai3="108,65,125,91,109,58,99,130,131,35,32,111,120"/><V9/><F129/><N who="3" m="49163" /><G120/><T36/><D0/><U21/><E124/><V27/><F94/><N who="3" m="56799" /><G125/><T63/><D119/><U106/><E71/><V56/><F56/><W122/><G122/><T133/><D23/><U90/><E7/><V62/><F62/><AGARI ba="3,0" hai="32,35,58,62,65,108,109,111" m="56799,49163" machi="62" ten="40,2600,0" yaku="14,1,19,1" doraHai="69" who="3" fromWho="2" sc="112,0,289,0,410,-35,189,35" /><INIT seed="3,0,0,3,0,132" ten="112,289,375,224" oya="3" hai0="53,122,130,14,37,104,105,36,134,48,86,61,92" hai1="30,135,98,34,129,64,72,16,11,45,74,133,85" hai2="73,107,6,56,13,22,25,102,127,83,114,101,96" hai3="21,70,100,111,44,113,112,62,82,110,31,68,32"/><W94/><G32/><T115/><D134/><N who="1" m="51211" /><E129/><V75/><F114/><W20/><G82/><T76/><D115/><N who="3" m="44105" /><G44/><T24/><D130/><U40/><E64/><V88/><F83/><W2/><G2/><T117/><D117/><U51/><E98/><V123/><F75/><W77/><G77/><T5/><D122/><U43/><E43/><V15/><F123/><W118/><G118/><T59/><D104/><U87/><E34/><V108/><F73/><N who="1" m="28265" /><E30/><V99/><F107/><W80/><G80/><T33/><D105/><U46/><E46/><V63/><F102/><W65/><G31/><T78/><D33/><U95/><E95/><V42/><F42/><W18/><G70/><T131/><D131/><U29/><E29/><V55/><F101/><W106/><G106/><T58/><D24/><U67/><E67/><V54/><F56/><W66/><G66/><T41/><D41/><U120/><E120/><V19/><F15/><AGARI ba="0,0" hai="11,15,16,40,45,51,85,87" m="28265,51211" machi="15" ten="30,2000,0" yaku="20,1,54,1" doraHai="132" who="1" fromWho="2" sc="112,0,289,20,375,-20,224,0" owari="112,-39.0,309,11.0,355,46.0,224,-18.0" /></mjloggm>