<mjloggm ver="2.3"><GO type="169" lobby="0"/><UN n0="%73%75%6E%63%68%69%6C%64" n1="%48%6F%6C%64%65%6E" n2="%E3%82%A6%E3%83%AB%E3%83%88%E3%83%A9%E7%AB%8B%E7%9B%B4" n3="%EF%BC%A4%EF%BD%85%EF%BD%93%EF%BD%94%EF%BD%89%EF%BD%8E%EF%BD%99" dan="16,16,17,16" rate="2065.50,2095.37,2155.49,2058.53" sx="M,M,M,M"/><TAIKYOKU oya="0"/><INIT seed="0,0,0,0,3,7" ten="250,250,250,250" oya="0" hai0="100,104,27,103,23,47,94,78,97,17,111,114,93" hai1="8,20,44,55,45,62,33,13,106,28,99,75,126" hai2="37,87,2,124,32,40,12,30,108,60,73,92,70" hai3="61,121,1,132,123,128,101,64,18,14,35,119,46"/><T80/><D114/><U25/><E75/><V109/><F2/><W105/><G1/><T110/><D47/><U131/><E131/><V133/><F73/><W65/><G119/><T107/><D107/><U48/><E126/><V118/><F124/><W21/><G128/><T49/><D49/><U120/><E120/><N who="3" m="46154" /><G35/><T22/><D23/><U83/><E33/><V66/><F118/><W74/><G74/><T71/><D71/><U59/><E83/><V115/><F115/><W36/><G132/><T76/><D103/><U54/><E99/><V52/><F133/><W117/><G117/><T51/><D51/><U135/><E106/><V63/><F32/><W125/><G125/><T26/><D26/><U84/><E84/><V96/><F87/><W91/><G91/><T57/><D57/><N who="1" m="32967" /><E135/><V77/><F12/><W82/><G82/><T4/><D80/><U3/><E3/><V58/><F77/><N who="0" m="29802" /><D4/><AGARI ba="0,0" hai="4,8,13,20,25,28,44,45,55,59,62" m="32967" machi="4" ten="30,2000,0" yaku="8,1,52,1" doraHai="7" who="1" fromWho="0" sc="250,-20,250,20,250,0,250,0" /><INIT seed="1,0,0,0,4,101" ten="230,270,250,250" oya="1" hai0="66,82,29,124,116,44,96,37,18,88,115,11,28" hai1="33,83,131,134,80,74,21,34,32,15,12,111,113" hai2="50,73,53,100,58,51,26,42,55,16,94,20,125" hai3="6,77,76,67,61,7,99,120,85,75,24,1,9"/><U107/><E113/><V19/><F125/><W27/><G120/><T30/><D116/><U72/><E134/><V127/><F127/><W31/><G7/><T112/><D124/><U17/><E131/><V39/><F73/><W130/><G130/><T62/><D37/><U114/><E114/><V36/><F42/><W93/><G75/><T135/><D44/><U98/><E111/><V81/><F81/><W132/><G132/><T104/><D135/><U106/><E15/><V2/><F2/><W90/><G24/><T52/><D66/><U47/><E47/><V103/><F39/><W84/><G77/><T43/><D43/><U119/><E119/><V8/><F36/><W89/><G76/><T13/><D104/><U56/><E98/><V41/><F41/><W110/><G90/><T35/><D35/><U108/><E108/><V105/><F105/><W102/><G89/><T129/><D129/><U5/><E5/><V92/><F8/><W69/><REACH who="3" step="1"/><G110/><REACH who="3" ten="230,270,250,240" step="2"/><T122/><D122/><U91/><E72/><V25/><F20/><AGARI ba="0,1" hai="1,6,9,20,27,31,61,67,69,84,85,93,99,102" machi="20" ten="30,7700,0" yaku="1,1,2,1,7,1,53,1" doraHai="101" doraHaiUra="0" who="3" fromWho="2" sc="230,0,270,0,250,-77,240,87" /><INIT seed="2,0,0,3,0,93" ten="230,270,173,327" oya="2" hai0="49,14,43,42,67,10,63,54,98,130,28,27,12" hai1="17,126,119,121,24,115,41,51,60,92,57,23,44" hai2="73,7,70,16,122,71,61,38,80,48,31,118,113" hai3="96,105,133,21,79,55,127,20,13,35,45,66,83"/><V52/><F122/><W32/><G133/><T4/><D130/><U40/><E115/><V131/><F118/><W68/><G127/><T0/><D0/><U123/><E119/><V9/><F113/><W114/><G114/><T39/><D12/><U99/><E126/><V22/><F131/><W106/><G66/><T3/><D3/><U5/><E5/><V87/><F38/><W101/><G68/><T97/><D39/><U59/><E40/><V47/><F73/><W112/><G106/><T89/><D89/><N who="1" m="55695" /><E60/><V25/><F61/><W46/><G112/><T8/><D8/><U94/><E94/><V37/><F37/><W75/><G21/><N who="0" m="15471" /><D63/><U69/><E69/><V77/><REACH who="2" step="1"/><F31/><REACH who="2" ten="230,270,163,327" step="2"/><W18/><REACH who="3" step="1"/><G55/><REACH who="3" ten="230,270,163,317" step="2"/><T76/><D67/><U86/><E121/><V11/><F11/><W1/><G1/><AGARI ba="0,2" hai="1,7,9,16,22,25,47,48,52,70,71,77,80,87" machi="1" ten="30,11600,0" yaku="1,1,7,1,54,2,53,0" doraHai="93" doraHaiUra="30" who="2" fromWho="3" sc="230,0,270,0,163,136,317,-116" /><INIT seed="2,1,0,2,0,122" ten="230,270,299,201" oya="2" hai0="14,69,39,38,11,80,9,124,64,42,5,110,49" hai1="16,129,95,83,44,7,62,116,45,22,56,43,6" hai2="32,115,85,36,58,2,74,108,134,24,106,96,114" hai3="99,104,126,26,21,57,66,73,100,18,91,93,133"/><V4/><F58/><W59/><G133/><T12/><D124/><U1/><E116/><V127/><F85/><W109/><G126/><T28/><D28/><U13/><E129/><V41/><F74/><W72/><G72/><T84/><D69/><U130/><E130/><V118/><F118/><W60/><G73/><T97/><D64/><U17/><E83/><V94/><F94/><W37/><G37/><T67/><D67/><U15/><E1/><V135/><F127/><W101/><G109/><T71/><D71/><U51/><E95/><V34/><F41/><W123/><G123/><T128/><D110/><U53/><REACH who="1" step="1"/><E44/><REACH who="1" ten="230,260,299,201" step="2"/><V33/><F2/><W48/><G104/><T50/><D80/><U120/><E120/><V10/><F135/><W81/><G81/><T117/><D128/><U86/><E86/><V52/><F134/><W78/><G78/><T90/><D84/><U113/><E113/><V29/><F114/><W70/><G70/><T98/><D117/><U92/><E92/><V63/><F115/><W35/><G35/><T8/><D97/><U40/><E40/><V23/><F96/><W79/><G79/><T77/><D42/><U55/><E55/><AGARI ba="1,1" hai="18,21,26,48,55,57,59,60,66,91,93,99,100,101" machi="55" ten="40,1300,0" yaku="8,1" doraHai="122" who="3" fromWho="1" sc="230,0,260,-16,299,0,201,26" /><INIT seed="3,0,0,5,2,134" ten="230,244,299,227" oya="3" hai0="62,52,17,32,67,84,59,104,14,112,92,121,63" hai1="54,16,60,8,40,101,47,91,74,10,48,124,111" hai2="33,11,109,2,0,89,18,43,98,70,99,42,80" hai3="25,34,57,1,132,24,129,64,21,125,50,127,46"/><W37/><G132/><T118/><D104/><U120/><E74/><V69/><F33/><W106/><G106/><T78/><D112/><U41/><E120/><V4/><F80/><W96/><G1/><T15/><D118/><U73/><E73/><V72/><F72/><W7/><G7/><T5/><D32/><U97/><E111/><V39/><F89/><W19/><G37/><T133/><D121/><U87/><E124/><N who="3" m="47690" /><G129/><T113/><D113/><U82/><E60/><V53/><F4/><W105/><G57/><N who="0" m="35111" /><D5/><U122/><E122/><V3/><F3/><W35/><G64/><T49/><D49/><U27/><E8/><V81/><F39/><W115/><G115/><T94/><D133/><U90/><E90/><V75/><F2/><W126/><N who="3" m="47698" /><W108/><DORA hai="135" /><G108/><T130/><D130/><U79/><E79/><V30/><F0/><W65/><G65/><T102/><D102/><U6/><E6/><V107/><F107/><W31/><G96/><T71/><D71/><U23/><REACH who="1" step="1"/><E10/><REACH who="1" ten="230,234,299,227" step="2"/><V12/><F109/><W28/><G105/><AGARI ba="0,1" hai="16,23,27,40,41,47,48,54,82,87,91,97,101,105" machi="105" ten="30,12000,2" yaku="1,1,2,1,7,1,54,1,53,2" doraHai="134,135" doraHaiUra="86,77" who="1" fromWho="3" sc="230,0,234,130,299,0,227,-120" /><INIT seed="4,0,0,0,4,35" ten="230,364,299,107" oya="0" hai0="120,57,14,74,20,90,71,122,112,37,41,69,30" hai1="84,2,68,56,15,119,29,70,118,102,12,98,32" hai2="27,64,0,134,107,61,43,55,46,13,105,85,44" hai3="133,79,65,75,125,110,88,109,100,106,99,28,8"/><T89/><D74/><U121/><E121/><V115/><F27/><W72/><G65/><T113/><D30/><U127/><E84/><V114/><F13/><W135/><G28/><T80/><D20/><U21/><E56/><V83/><F55/><W16/><G79/><T108/><D14/><U123/><E123/><N who="0" m="47145" /><D80/><U96/><E21/><V116/><F116/><W60/><G60/><T129/><D89/><U95/><E29/><V67/><F61/><W26/><G26/><T76/><D90/><U36/><E36/><V3/><F43/><W7/><G7/><T31/><D76/><U53/><E32/><V130/><F83/><W38/><G16/><T49/><D31/><U17/><E17/><V40/><F40/><W87/><G8/><T51/><D129/><U5/><E5/><V132/><F85/><W19/><G19/><T128/><D108/><N who="3" m="41577" /><G38/><T24/><D24/><U117/><E15/><V50/><F50/><N who="0" m="18954" /><D128/><AGARI ba="0,0" hai="0,3,44,46,64,67,105,107,114,115,128,130,132,134" machi="128" ten="25,6400,0" yaku="22,2,52,2" doraHai="35" who="2" fromWho="0" sc="230,-64,364,0,299,64,107,0" /><INIT seed="5,0,0,3,5,79" ten="166,364,363,107" oya="1" hai0="34,53,84,131,39,1,74,97,64,127,88,72,30" hai1="101,119,87,21,32,38,68,70,29,103,95,78,57" hai2="0,133,41,94,28,10,102,14,122,105,120,85,121" hai3="4,73,81,69,20,104,130,96,3,63,47,115,50"/><U55/><E32/><V86/><F0/><W19/><G115/><T33/><D1/><U62/><E38/><V17/><F133/><W108/><G108/><T107/><D127/><U44/><E119/><V16/><F28/><W49/><G130/><T43/><D64/><U61/><E68/><V42/><F105/><W112/><G112/><T109/><D109/><U58/><E70/><V51/><F17/><W129/><G129/><T83/><D131/><U113/><E44/><V65/><F65/><W18/><G4/><T36/><D53/><U26/><E113/><V99/><REACH who="2" step="1"/><F51/><REACH who="2" ten="166,364,353,107" step="2"/><W2/><G3/><T125/><D125/><U76/><E101/><V15/><F15/><W5/><G2/><T77/><D30/><U8/><E8/><V67/><F67/><W92/><G19/><T135/><D135/><U35/><E35/><V45/><F45/><W126/><G18/><T123/><D34/><U117/><E117/><V23/><F23/><W111/><G47/><T124/><D33/><U40/><E103/><V13/><F13/><W27/><G104/><T89/><D36/><U100/><E100/><V132/><F132/><W11/><G126/><T134/><D124/><U48/><E29/><V37/><F37/><W82/><G20/><T31/><D31/><U12/><E12/><V106/><F106/><W71/><G11/><T22/><D22/><U93/><E21/><V98/><F98/><W6/><G96/><T46/><D134/><U60/><E48/><V7/><F7/><W66/><G6/><T114/><D107/><U52/><E26/><V90/><F90/><RYUUKYOKU ba="0,1" sc="166,-10,364,-10,353,30,107,-10" hai2="10,14,16,41,42,85,86,94,99,102,120,121,122" /><INIT seed="6,1,1,2,2,31" ten="156,354,383,97" oya="2" hai0="92,121,9,65,73,79,20,21,19,77,7,112,93" hai1="101,10,53,0,71,113,34,27,100,8,18,57,119" hai2="132,82,124,95,32,24,131,78,86,14,43,45,68" hai3="23,115,111,62,52,96,1,5,90,13,26,91,50"/><V44/><F68/><W59/><G111/><T135/><D121/><U39/><E71/><V87/><F124/><W94/><G1/><T134/><D65/><U114/><E39/><V89/><F131/><W37/><G37/><T17/><D112/><N who="1" m="43115" /><E119/><V25/><F132/><N who="0" m="50730" /><D20/><N who="1" m="13719" /><E34/><V108/><F108/><W55/><G115/><T102/><D102/><N who="1" m="39531" /><E0/><V109/><F109/><W42/><G42/><T99/><D99/><U110/><E110/><V83/><F32/><W46/><G13/><N who="0" m="5311" /><D19/><U103/><N who="1" m="39539" /><U54/><DORA hai="6" /><E54/><V29/><F29/><W117/><G117/><T30/><D30/><U125/><E125/><V58/><F14/><W35/><G35/><T122/><D122/><U4/><E4/><V123/><F123/><W67/><G90/><T120/><D120/><U47/><E47/><V38/><F45/><W70/><G5/><T130/><D130/><U75/><E75/><V41/><F41/><W69/><REACH who="3" step="1"/><G67/><REACH who="3" ten="156,354,383,87" step="2"/><T72/><D77/><U116/><E116/><V66/><F66/><W12/><G12/><N who="0" m="9383" /><D79/><U40/><E40/><V33/><F33/><W2/><G2/><T60/><D72/><U16/><E16/><AGARI ba="1,2" hai="16,23,26,46,50,52,55,59,62,69,70,91,94,96" machi="16" ten="30,12000,2" yaku="1,1,7,1,25,2,54,2,53,1" doraHai="31,6" doraHaiUra="22,97" who="3" fromWho="1" sc="156,0,354,-123,383,0,87,143" /><INIT seed="7,0,0,3,2,8" ten="156,231,383,230" oya="3" hai0="16,102,37,95,118,111,41,28,61,123,55,2,20" hai1="21,32,112,94,12,75,88,38,18,98,89,46,92" hai2="48,71,68,76,79,26,47,99,52,7,119,51,85" hai3="103,17,19,57,120,101,90,70,63,134,115,22,110"/><W49/><G120/><T104/><D123/><U124/><E75/><V106/><F7/><W69/><G115/><T66/><D111/><U82/><E32/><V78/><F85/><W30/><G70/><T105/><D118/><U27/><E112/><V77/><F77/><W127/><G110/><T53/><D2/><U132/><E132/><V97/><F97/><W43/><G134/><T39/><D28/><N who="1" m="17519" /><E38/><V131/><F119/><W86/><G69/><T25/><D104/><U24/><E124/><V36/><F36/><W64/><G127/><T87/><D105/><U67/><E67/><V74/><F74/><W114/><G114/><T35/><D35/><U56/><E24/><V135/><F135/><W133/><G133/><T117/><D117/><U80/><E56/><V4/><F106/><W72/><G72/><T23/><D23/><N who="1" m="11719" /><E46/><V126/><F126/><W113/><G113/><T129/><D129/><U3/><E3/><V45/><F131/><W116/><G116/><T54/><D41/><U10/><E10/><V73/><F73/><W122/><G122/><T109/><D109/><U5/><E5/><V130/><F79/><W0/><G0/><T44/><D44/><U33/><E33/><V62/><F99/><AGARI ba="0,0" hai="80,82,88,89,92,94,98,99" m="11719,17519" machi="99" ten="30,3900,0" yaku="8,1,52,1,54,1" doraHai="8" who="1" fromWho="2" sc="156,0,231,39,383,-39,230,0" owari="156,-34.0,270,7.0,344,44.0,230,-17.0" /></mjloggm>