<mjloggm ver="2.3"><GO type="169" lobby="0"/><UN n0="%E3%83%88%E3%82%B7%E3%83%95%E3%83%BC%E3%83%8B" n1="%E3%82%A6%E3%83%AB%E3%83%88%E3%83%A9%E7%AB%8B%E7%9B%B4" n2="%E3%81%97%E3%81%8A%E3%81%BE%E3%81%AD%E3%81%8D" n3="%E9%97%87%E3%82%B5%E3%83%88%E3%82%B7" dan="18,17,17,16" rate="2257.39,2175.93,2117.67,2072.12" sx="M,M,M,F"/><TAIKYOKU oya="0"/><INIT seed="0,0,0,1,5,85" ten="250,250,250,250" oya="0" hai0="129,132,124,71,101,113,63,14,5,21,83,91,94" hai1="119,51,62,107,111,1,56,102,67,125,110,114,53" hai2="35,130,87,106,60,34,112,105,108,41,43,122,134" hai3="80,42,25,33,3,29,97,103,11,49,36,24,22"/><T120/><D113/><U23/><E1/><V45/><F108/><N who="1" m="41513" /><E102/><V78/><F134/><W131/><G131/><T39/><D120/><U68/><E107/><V7/><F130/><W82/><G36/><T30/><D39/><U31/><E119/><V79/><F122/><W4/><G49/><T74/><D129/><U28/><E114/><V92/><F112/><W26/><G42/><T46/><D132/><U44/><E125/><V55/><F7/><W10/><G10/><T52/><D124/><U127/><E127/><V57/><F105/><W65/><G65/><T50/><D71/><U59/><E28/><V37/><F106/><W2/><G2/><T66/><D74/><U20/><E23/><V98/><F43/><W99/><G26/><AGARI ba="0,0" hai="20,26,31,44,51,53,56,59,62,67,68" m="41513" machi="26" ten="30,1000,0" yaku="14,1" doraHai="85" who="1" fromWho="3" sc="250,0,250,10,250,0,250,-10" /><INIT seed="1,0,0,1,2,16" ten="250,260,250,240" oya="1" hai0="39,62,31,99,10,51,104,45,97,100,91,72,89" hai1="44,33,21,107,42,130,79,116,134,57,53,67,77" hai2="123,52,75,102,112,64,74,119,18,19,92,22,37" hai3="70,109,15,8,96,87,68,58,9,32,55,90,54"/><U46/><E33/><V88/><F123/><W131/><G32/><T25/><D72/><U127/><E107/><V103/><F119/><W12/><G109/><T80/><D39/><U28/><E116/><V1/><F112/><W132/><G132/><T110/><D110/><U17/><E134/><V59/><F1/><W48/><G131/><T115/><D115/><U66/><E130/><V3/><F3/><W95/><G12/><T125/><D125/><U49/><E28/><V93/><F37/><W35/><G9/><T81/><D10/><U94/><E94/><V76/><F64/><N who="1" m="24617" /><E127/><V26/><F18/><W43/><G43/><T13/><D13/><N who="1" m="9391" /><E44/><V11/><F76/><W124/><G35/><T63/><D80/><U71/><E71/><V86/><F11/><W20/><G124/><T2/><D2/><U121/><E121/><V84/><F75/><W135/><G135/><T117/><D117/><U60/><AGARI ba="0,0" hai="42,46,49,53,57,60,77,79" m="9391,24617" machi="60" ten="30,3000,0" yaku="8,1,52,1" doraHai="16" who="1" fromWho="1" sc="250,-10,260,30,250,-10,240,-10" /><INIT seed="1,1,0,2,1,47" ten="240,290,240,230" oya="1" hai0="53,74,109,24,127,31,82,99,66,61,75,129,111" hai1="124,2,119,132,114,33,105,120,32,43,26,65,46" hai2="8,67,71,34,36,76,48,86,25,106,93,17,85" hai3="13,125,118,4,79,97,110,6,7,20,0,22,23"/><U100/><E65/><V19/><F106/><W29/><G79/><T50/><D129/><U16/><E100/><V115/><F36/><W55/><G110/><N who="0" m="41995" /><D127/><U102/><E120/><V121/><F121/><W60/><G125/><T101/><D82/><U27/><E124/><V59/><F71/><W116/><G0/><T126/><D126/><U117/><E102/><V56/><F34/><N who="1" m="13417" /><E105/><V63/><F115/><W10/><G97/><T35/><D61/><U11/><E46/><V123/><F123/><W84/><G84/><T45/><D66/><U41/><E43/><V91/><F25/><N who="1" m="9225" /><E41/><V113/><F8/><W131/><G60/><T108/><N who="0" m="42003" /><T122/><DORA hai="62" /><D122/><U58/><E58/><V30/><F30/><W37/><G37/><T103/><D103/><U70/><E70/><V57/><F57/><W54/><G131/><T89/><D89/><U83/><E83/><N who="2" m="47335" /><F113/><W1/><G1/><T39/><D39/><U9/><E114/><V52/><AGARI ba="1,0" hai="17,19,48,52,56,59,63,67,86,91,93" m="47335" machi="52" ten="30,7900,0" yaku="8,1,52,2,54,1" doraHai="47,62" who="2" fromWho="2" sc="240,-21,290,-40,240,82,230,-21" /><INIT seed="2,0,0,0,1,53" ten="219,250,322,209" oya="2" hai0="108,29,115,122,97,119,66,91,52,42,14,70,103" hai1="124,128,19,74,86,89,12,3,15,114,56,58,23" hai2="36,35,79,116,82,6,28,67,81,44,68,65,120" hai3="51,96,83,87,41,17,20,45,61,132,135,8,60"/><V133/><F120/><W10/><G96/><T50/><D122/><U59/><E114/><V110/><F116/><W134/><G61/><T39/><D119/><U101/><E3/><V98/><F133/><W104/><G104/><T18/><D115/><U64/><E74/><V129/><F129/><W47/><G47/><T37/><D42/><U127/><E128/><V78/><F110/><W30/><G30/><T72/><D72/><U54/><E101/><V125/><F125/><N who="1" m="48201" /><E64/><V107/><F6/><W112/><G60/><T26/><D108/><U100/><E100/><V69/><F44/><W63/><G63/><T85/><D66/><U77/><E77/><V88/><F36/><W90/><REACH who="3" step="1"/><G112/><REACH who="3" ten="219,250,322,199" step="2"/><T117/><D117/><U126/><E126/><V93/><F107/><W38/><G38/><T9/><D70/><U75/><E75/><V92/><F28/><W7/><G7/><T94/><D39/><U4/><E54/><V131/><F131/><W76/><G76/><T22/><D37/><U111/><E111/><V43/><F98/><W109/><G109/><T118/><D118/><U31/><E31/><V80/><F69/><W62/><G62/><T21/><D103/><U46/><E46/><V24/><F68/><W73/><G73/><T2/><D97/><U49/><E49/><V130/><F130/><W95/><G95/><N who="2" m="36425" /><F67/><W102/><G102/><T123/><D123/><U113/><E113/><V99/><F65/><W33/><G33/><T1/><REACH who="0" step="1"/><D9/><REACH who="0" ten="209,250,322,199" step="2"/><N who="1" m="4135" /><E86/><V11/><F99/><W27/><AGARI ba="0,2" hai="8,10,17,20,27,41,45,51,83,87,90,132,134,135" machi="27" ten="30,4000,0" yaku="1,1,0,1,20,1,53,0" doraHai="53" doraHaiUra="105" who="3" fromWho="3" sc="209,-10,250,-10,322,-20,199,60" /><INIT seed="3,0,0,1,1,7" ten="199,240,302,259" oya="3" hai0="57,115,69,91,28,75,95,33,129,81,48,133,3" hai1="70,24,126,80,65,45,71,77,25,64,107,101,85" hai2="39,102,97,90,83,1,76,61,37,131,22,58,124" hai3="123,36,14,66,50,54,121,112,30,55,44,20,92"/><W78/><G112/><T134/><D69/><U62/><E126/><V96/><F131/><W122/><G66/><T53/><D129/><U46/><E101/><V108/><F124/><W130/><G130/><T9/><D115/><U52/><E107/><V38/><F108/><W93/><G78/><T5/><D28/><U51/><REACH who="1" step="1"/><E46/><REACH who="1" ten="199,230,302,259" step="2"/><V68/><F102/><W4/><G44/><T104/><D104/><U128/><E128/><V84/><F68/><W86/><G122/><T67/><D33/><U12/><E12/><V60/><F1/><W135/><G14/><T34/><D34/><U89/><E89/><V2/><F2/><W11/><G121/><T114/><D114/><U27/><E27/><V29/><F90/><W111/><G123/><T31/><D134/><U15/><E15/><V23/><F58/><W32/><G135/><T103/><D133/><U43/><E43/><V106/><F106/><W99/><G32/><T94/><D103/><U118/><E118/><V98/><REACH who="2" step="1"/><F29/><REACH who="2" ten="199,230,292,259" step="2"/><W88/><G30/><T132/><D31/><U110/><E110/><V116/><F116/><W26/><G111/><T8/><D132/><U17/><E17/><V125/><F125/><W16/><G16/><T13/><D91/><U113/><E113/><V74/><F74/><W41/><G88/><T40/><D40/><U49/><E49/><V79/><F79/><W47/><G41/><T117/><D117/><U59/><E59/><V18/><F18/><W120/><G50/><T105/><D105/><U127/><E127/><V109/><F109/><W10/><G120/><T82/><D48/><RYUUKYOKU ba="0,2" sc="199,-15,230,15,292,15,259,-15" hai1="24,25,45,51,52,62,64,65,70,71,77,80,85" hai2="22,23,37,38,39,60,61,76,83,84,96,97,98" /><INIT seed="4,1,2,5,3,0" ten="184,245,307,244" oya="0" hai0="35,61,95,64,21,8,20,121,7,39,126,99,113" hai1="55,47,92,49,38,104,76,122,65,59,69,72,63" hai2="6,86,70,43,87,124,56,18,119,88,91,84,79" hai3="77,107,50,1,82,15,57,103,17,4,97,33,22"/><T34/><D39/><U112/><E104/><V117/><F70/><W48/><G33/><T37/><D37/><U78/><E122/><V58/><F43/><W73/><REACH who="3" step="1"/><G57/><REACH who="3" ten="184,245,307,234" step="2"/><N who="0" m="36911" /><D34/><U98/><E112/><V60/><F58/><W32/><G32/><T118/><D35/><U68/><E68/><V108/><F119/><W123/><G123/><T66/><D118/><U80/><E69/><V27/><F117/><W89/><G89/><N who="0" m="55791" /><D121/><U85/><E76/><V36/><F79/><W45/><G45/><T12/><D113/><U24/><E47/><V42/><F108/><W101/><G101/><T133/><D133/><U116/><E116/><V13/><F91/><W53/><G53/><T130/><D130/><U41/><E55/><V52/><F88/><W40/><G40/><T2/><D2/><U23/><E41/><V106/><F42/><W135/><G135/><T93/><D126/><U111/><E111/><V29/><F36/><W110/><G110/><T105/><D105/><U81/><E38/><V67/><F106/><W132/><G132/><T120/><D120/><U74/><E78/><V134/><F124/><W94/><G94/><T3/><D3/><U109/><E92/><V25/><F134/><W14/><G14/><T100/><D66/><U131/><E65/><V102/><F67/><W62/><G62/><T9/><D93/><U16/><E63/><V46/><F46/><W44/><G44/><T75/><D100/><U5/><E109/><V31/><F102/><W54/><G54/><T28/><D12/><N who="1" m="9607" /><E131/><V30/><F6/><W19/><G19/><T90/><D7/><RYUUKYOKU ba="1,3" sc="184,-15,245,-15,307,15,234,15" hai2="13,18,25,27,29,30,31,52,56,60,84,86,87" hai3="1,4,15,17,22,48,50,73,77,82,97,103,107" /><INIT seed="5,2,3,5,4,64" ten="169,230,322,249" oya="1" hai0="112,46,126,63,88,51,26,80,15,76,73,110,69" hai1="54,33,87,116,86,43,133,75,70,22,59,128,89" hai2="10,30,16,131,32,61,13,115,24,0,111,4,109" hai3="85,127,25,14,79,117,123,78,90,29,108,8,50"/><U58/><E33/><V83/><F83/><W99/><G123/><T107/><D110/><N who="2" m="41994" /><F61/><W132/><G127/><T17/><D107/><U49/><E75/><V45/><F45/><W56/><G132/><T125/><D112/><U121/><E70/><V82/><F82/><W3/><G3/><T71/><D26/><U74/><E74/><V91/><F91/><W38/><G38/><T96/><D63/><U12/><E133/><V34/><F131/><W6/><G99/><T77/><D77/><U106/><E106/><V129/><F129/><W81/><G117/><T122/><D122/><U39/><E116/><V119/><F119/><W84/><G84/><T5/><D5/><U18/><E121/><V55/><F55/><N who="3" m="31863" /><G108/><T130/><D130/><U72/><E72/><V94/><F94/><W48/><G48/><T101/><D101/><U11/><E86/><V114/><F34/><W2/><G2/><T7/><D7/><N who="1" m="3199" /><E39/><V124/><F124/><N who="0" m="47722" /><D96/><U19/><E43/><V42/><F42/><W9/><G9/><AGARI ba="2,3" hai="0,4,9,10,13,16,24,30,32,114,115" m="41994" machi="9" ten="30,3900,0" yaku="34,2,54,1" doraHai="64" who="2" fromWho="3" sc="169,0,230,0,322,75,249,-45" /><INIT seed="6,0,0,2,0,73" ten="169,230,397,204" oya="2" hai0="117,89,76,112,75,28,68,59,82,111,92,52,0" hai1="123,36,129,35,109,47,85,42,66,108,11,6,16" hai2="65,61,38,100,60,93,1,34,133,78,121,101,80" hai3="70,55,67,50,29,44,102,96,94,74,51,107,84"/><V132/><F34/><W31/><G74/><T8/><D111/><U95/><E35/><V103/><F38/><W110/><G110/><T128/><D68/><U86/><E129/><V125/><F1/><W17/><G17/><T2/><D128/><U118/><E118/><V46/><F121/><W115/><G115/><T14/><D117/><U88/><E123/><V20/><F46/><W114/><G114/><T37/><D37/><U71/><E66/><V5/><F5/><W10/><G10/><T7/><D28/><U41/><E71/><N who="2" m="42407" /><F61/><W22/><G22/><T18/><D112/><U72/><E42/><V124/><F20/><W62/><G107/><T3/><D7/><U53/><E53/><V98/><F93/><W48/><G84/><T131/><D131/><U21/><E72/><N who="2" m="43079" /><F98/><W63/><G63/><T27/><D27/><U40/><E40/><V4/><F4/><W91/><G91/><T45/><D45/><U81/><E11/><V58/><F58/><W64/><G64/><T104/><D104/><U127/><E6/><V30/><F30/><W39/><G39/><T113/><D113/><U33/><E33/><V119/><F119/><W130/><G130/><T69/><D69/><U57/><E57/><V32/><F32/><W24/><G24/><T87/><D0/><U122/><E122/><V105/><F105/><W12/><G12/><T15/><D15/><N who="1" m="9375" /><E109/><V19/><F19/><W99/><G99/><T97/><D97/><N who="1" m="57575" /><E108/><V26/><F26/><W25/><G25/><T54/><D59/><U116/><E116/><V77/><F77/><W23/><G29/><RYUUKYOKU ba="0,0" sc="169,10,230,-30,397,10,204,10" hai0="2,3,8,14,18,52,54,75,76,82,87,89,92" hai2="100,101,103,124,125,132,133" hai3="23,31,44,48,50,51,55,62,67,70,94,96,102" /><INIT seed="6,1,0,1,1,2" ten="179,200,407,214" oya="2" hai0="22,3,25,95,6,78,62,84,44,34,114,104,100" hai1="55,50,76,116,11,33,129,82,85,127,135,24,59" hai2="56,96,123,93,90,74,134,113,30,51,26,27,66" hai3="88,39,107,102,19,49,14,89,43,18,77,117,21"/><V79/><F134/><W132/><G117/><T9/><D34/><U1/><E116/><V45/><F123/><W86/><G39/><T47/><D114/><U98/><E135/><V48/><F113/><W128/><G128/><T108/><D108/><U38/><E38/><V111/><F111/><W23/><G107/><T42/><D104/><U81/><E129/><V67/><F79/><W103/><G77/><T115/><D115/><U106/><E127/><V17/><F74/><W29/><G29/><T75/><D75/><U52/><E82/><V94/><F17/><W60/><G89/><T28/><D78/><U91/><E55/><V69/><F69/><W46/><G60/><T125/><D125/><U63/><E50/><V133/><F133/><W119/><G119/><T0/><D0/><U68/><E68/><V5/><F45/><W118/><G132/><T124/><D124/><U58/><E58/><V83/><F83/><N who="3" m="49247" /><G118/><T35/><D42/><U57/><E57/><V16/><F90/><W70/><G70/><T20/><D62/><U36/><E36/><V110/><F110/><W4/><G4/><T15/><D22/><U71/><E71/><V32/><F16/><W130/><G130/><T122/><D122/><U73/><E73/><V12/><F32/><W64/><G64/><T99/><D84/><U92/><E106/><V80/><F67/><W41/><G41/><T109/><D109/><U126/><E126/><V31/><F66/><W101/><G101/><T53/><D53/><U61/><E61/><V121/><F121/><W8/><G21/><T37/><D37/><RYUUKYOKU ba="1,0" sc="179,15,200,-15,407,-15,214,15" hai0="3,6,9,15,20,25,28,35,44,47,95,99,100" hai3="8,14,18,19,23,43,46,49,102,103" /><INIT seed="7,2,0,4,3,44" ten="194,185,392,229" oya="3" hai0="61,70,36,20,49,84,102,124,112,93,111,79,85" hai1="126,39,100,28,21,119,65,86,77,130,106,46,98" hai2="135,122,42,81,43,110,57,97,0,1,30,27,32" hai3="125,54,31,104,131,3,55,34,16,99,29,121,69"/><W23/><G34/><T123/><D111/><U68/><E126/><V19/><F135/><W59/><G69/><T83/><D36/><U95/><E130/><V133/><F133/><W9/><G54/><T37/><D37/><U47/><E119/><V38/><F122/><W132/><G9/><T26/><D123/><U87/><E106/><V8/><F110/><W105/><G3/><T41/><D124/><U96/><E39/><V52/><F97/><W11/><G11/><T127/><D127/><U33/><E33/><V62/><F81/><W53/><G99/><N who="0" m="59759" /><D70/><U58/><E68/><V25/><F42/><W78/><G55/><T129/><D129/><U118/><E96/><V64/><F43/><W4/><G53/><T60/><D112/><U56/><E118/><V90/><F38/><W22/><G105/><T17/><D85/><N who="1" m="32267" /><E77/><V109/><F90/><W76/><G78/><T14/><D26/><N who="1" m="16463" /><E58/><V88/><F1/><W24/><G59/><T51/><D41/><U63/><AGARI ba="2,0" hai="46,47,56,63,65,95,98,100" m="16463,32267" machi="63" ten="30,2000,0" yaku="25,1,8,1" doraHai="44" who="1" fromWho="1" sc="194,-7,185,26,392,-7,229,-12" owari="187,-31.0,211,-19.0,385,48.0,217,2.0" /></mjloggm>