<mjloggm ver="2.3"><GO type="41" lobby="0"/><UN n0="%31%34%32%31" n1="%E3%83%90%E3%83%B3%E3%83%96%E3%83%BC%E3%83%A1%E3%83%A2%E3%83%AA%E3%83%BC" n2="%E5%B0%B1%E6%B4%BB%E7%94%9F%40%E5%B7%9D%E6%9D%91%E8%BB%8D%E5%9B%A3" n3="%E8%B5%A4%E3%81%AE%E6%B4%9E%E7%AA%9F" dan="14,14,15,15" rate="1985.34,1934.96,2064.38,2037.68" sx="M,M,M,M"/><TAIKYOKU oya="0"/><INIT seed="0,0,0,0,3,51" ten="250,250,250,250" oya="0" hai0="89,49,48,65,102,0,68,59,107,83,109,101,93" hai1="104,86,74,135,17,34,36,58,134,94,133,84,85" hai2="37,10,20,71,22,106,75,32,21,112,76,5,130" hai3="24,42,113,57,105,30,60,40,88,123,38,96,27"/><T70/><D0/><U28/><E36/><V4/><F112/><W29/><G113/><T41/><D107/><U53/><E104/><V81/><F130/><W31/><G123/><T62/><D68/><U23/><E74/><V61/><F106/><W7/><G38/><T132/><D132/><U13/><E28/><V103/><F32/><W67/><G7/><T35/><D35/><U43/><E43/><N who="3" m="16426" /><G105/><T98/><D109/><U129/><E129/><V6/><F37/><W78/><G78/><T64/><D64/><U46/><E46/><V115/><F115/><W26/><G31/><T3/><D3/><U19/><E19/><V73/><F103/><W72/><G72/><T126/><D126/><U90/><REACH who="1" step="1"/><E34/><REACH who="1" ten="250,240,250,250" step="2"/><V69/><F75/><W45/><G45/><T116/><D41/><U91/><E91/><V110/><F110/><W117/><G117/><T127/><D127/><U50/><AGARI ba="0,1" hai="13,17,23,50,53,58,84,85,86,90,94,133,134,135" machi="50" ten="30,12000,2" yaku="1,1,0,1,25,2,20,1,52,1,53,0" doraHai="51" doraHaiUra="119" who="1" fromWho="1" sc="250,-60,240,130,250,-30,250,-30" /><INIT seed="1,0,0,4,2,98" ten="190,370,220,220" oya="1" hai0="78,129,81,35,29,5,63,135,54,126,70,117,41" hai1="86,13,87,109,130,59,66,103,6,77,67,132,62" hai2="56,84,85,23,1,105,82,125,25,112,133,10,118" hai3="60,19,16,99,50,51,102,92,42,101,53,114,113"/><U89/><E132/><V131/><F118/><W14/><G114/><T15/><D129/><U40/><E130/><V110/><F105/><W45/><G113/><T128/><D128/><U18/><E6/><V17/><F110/><W36/><G36/><T93/><D29/><U80/><E109/><V44/><F112/><W64/><G101/><T104/><D35/><U121/><E121/><V31/><F133/><W107/><G107/><T120/><D104/><U47/><E103/><V95/><F125/><W65/><G60/><T124/><D41/><U88/><E67/><V61/><F44/><W127/><G127/><T108/><D117/><U30/><E30/><V96/><F131/><W134/><G134/><T46/><D70/><U73/><E73/><V22/><F82/><W2/><G2/><T24/><D93/><U74/><E87/><V43/><F43/><W52/><G42/><T55/><D108/><U48/><REACH who="1" step="1"/><E74/><REACH who="1" ten="190,360,220,220" step="2"/><V49/><F84/><W4/><G4/><T122/><D135/><U27/><E27/><V91/><F85/><W75/><G75/><N who="0" m="43231" /><D24/><U94/><E94/><V9/><F1/><W32/><G32/><T100/><D100/><U28/><E28/><V3/><F3/><W26/><G26/><T111/><D111/><U71/><E71/><V34/><F34/><W68/><G68/><T119/><D119/><U79/><E79/><V38/><F31/><W58/><G19/><T97/><D126/><U8/><AGARI ba="0,1" hai="8,13,18,40,47,48,59,62,66,77,80,86,88,89" machi="8" ten="20,18000,2" yaku="1,1,0,1,7,1,8,1,54,1,53,1" doraHai="98" doraHaiUra="37" who="1" fromWho="1" sc="190,-60,360,190,220,-60,220,-60" /><INIT seed="1,1,0,0,1,60" ten="130,550,160,160" oya="1" hai0="130,38,96,42,49,134,88,61,30,12,68,93,83" hai1="59,84,90,46,62,114,129,57,87,33,22,8,111" hai2="54,13,64,6,50,86,43,4,124,56,79,24,118" hai3="107,82,89,9,39,29,73,66,44,11,26,106,132"/><U91/><E114/><V71/><F118/><W78/><G132/><T76/><D130/><U41/><E129/><V0/><F0/><W21/><G89/><T2/><D2/><U65/><E111/><V97/><F124/><W103/><G66/><T113/><D134/><U92/><E33/><V120/><F120/><W67/><G67/><T101/><D38/><U75/><E75/><V95/><F43/><W27/><G103/><T119/><D30/><U48/><E8/><V109/><F109/><W126/><G126/><T55/><D119/><U34/><E34/><V123/><F24/><W36/><G36/><T16/><D113/><U18/><E62/><N who="2" m="37959" /><F13/><W28/><G44/><T69/><D61/><U31/><E31/><V17/><F17/><W3/><G39/><T32/><D32/><U80/><REACH who="1" step="1"/><E65/><REACH who="1" ten="130,540,160,160" step="2"/><V15/><F123/><W85/><G73/><T72/><D68/><U121/><E121/><V98/><F71/><W115/><G115/><T77/><D69/><U117/><E117/><V51/><F4/><W110/><G110/><T1/><D72/><U53/><E53/><V125/><F54/><W105/><G3/><T102/><D1/><U133/><E133/><V127/><F127/><W5/><G5/><T112/><D112/><U70/><E70/><V58/><F6/><W108/><G108/><T99/><D55/><U23/><E23/><AGARI ba="1,1" hai="9,11,21,23,26,27,28,29,78,82,85,105,106,107" machi="23" ten="40,1300,0" yaku="9,1" doraHai="60" who="3" fromWho="1" sc="130,0,540,-16,160,0,160,26" /><INIT seed="2,0,0,2,4,110" ten="130,524,160,186" oya="2" hai0="80,7,128,45,13,126,115,64,20,129,103,93,109" hai1="127,133,88,132,119,111,38,17,23,67,48,19,130" hai2="47,68,54,122,123,55,34,76,12,3,58,63,60" hai3="84,28,125,92,25,105,101,24,73,59,37,53,56"/><V104/><F3/><W11/><G73/><T131/><D109/><U91/><E111/><V87/><F34/><W31/><G37/><T134/><D64/><U117/><E127/><V4/><F104/><W42/><G125/><T22/><D126/><U33/><E38/><V30/><F30/><W98/><G42/><T15/><D134/><N who="1" m="51819" /><E130/><V108/><F108/><W74/><G74/><T77/><D45/><U0/><E0/><V51/><F76/><W16/><G84/><T9/><D15/><N who="1" m="9663" /><E33/><V100/><F100/><W83/><G83/><T96/><D115/><U5/><E5/><V81/><F81/><W135/><G135/><T112/><REACH who="0" step="1"/><D112/><REACH who="0" ten="120,524,160,186" step="2"/><U116/><E67/><N who="2" m="41063" /><F12/><N who="3" m="7199" /><G25/><T102/><D102/><U36/><E36/><V32/><F4/><W40/><G24/><T90/><D90/><N who="1" m="34347" /><E48/><N who="2" m="28959" /><F32/><W107/><G101/><T85/><AGARI ba="0,1" hai="7,9,13,20,22,77,80,85,93,96,103,128,129,131" machi="85" ten="30,4000,0" yaku="1,1,0,1,19,1,53,0" doraHai="110" doraHaiUra="50" who="0" fromWho="0" sc="120,50,524,-10,160,-20,186,-10" /><INIT seed="3,0,0,4,4,90" ten="170,514,140,176" oya="3" hai0="126,22,89,94,130,68,123,34,82,77,119,1,109" hai1="83,17,108,96,24,49,116,112,51,30,13,122,23" hai2="32,52,121,18,43,78,124,12,71,55,110,105,135" hai3="16,129,93,39,46,38,61,28,95,6,58,64,91"/><W100/><G129/><T80/><D34/><U66/><E112/><V54/><F32/><W128/><G128/><T25/><D1/><U3/><E122/><V0/><F0/><W133/><G133/><T40/><D68/><U125/><E108/><V98/><F110/><W5/><G28/><T104/><D104/><U107/><E125/><V44/><F124/><W86/><G38/><T79/><D130/><U87/><E116/><V20/><F135/><W42/><REACH who="3" step="1"/><G16/><REACH who="3" ten="170,514,140,166" step="2"/><T97/><D126/><U56/><E17/><V59/><F121/><W53/><G53/><T99/><D109/><U65/><E65/><V73/><F71/><W11/><G11/><T7/><D123/><U63/><E66/><V57/><F73/><W88/><G88/><T120/><D120/><U114/><E114/><V101/><REACH who="2" step="1"/><F78/><REACH who="2" ten="170,514,130,166" step="2"/><W48/><G48/><AGARI ba="0,2" hai="12,18,20,43,44,48,52,54,55,57,59,98,101,105" machi="48" ten="40,5200,0" yaku="1,1,2,1,54,1,53,0" doraHai="90" doraHaiUra="69" who="2" fromWho="3" sc="170,0,514,0,130,72,166,-52" /><INIT seed="4,0,0,4,1,93" ten="170,514,202,114" oya="0" hai0="54,121,111,106,68,112,57,128,113,100,132,1,47" hai1="118,22,79,127,30,124,43,36,51,16,125,92,31" hai2="24,5,102,25,95,70,6,52,103,26,91,107,60" hai3="69,126,80,37,44,58,64,109,17,105,78,74,131"/><T14/><D1/><U8/><E118/><V21/><F70/><W19/><G109/><T2/><D2/><U48/><E79/><V35/><F35/><W86/><G131/><T83/><D121/><U59/><E8/><V133/><F133/><W23/><G126/><T40/><D68/><U71/><E71/><V81/><F81/><W18/><G105/><T38/><D132/><U84/><E36/><V41/><F41/><W15/><G69/><T122/><D122/><U20/><E43/><V27/><F107/><W45/><G74/><T73/><D128/><U116/><E116/><V39/><F39/><W34/><G34/><T0/><D0/><U110/><E110/><V97/><F6/><W76/><G76/><T119/><D14/><N who="1" m="9239" /><E22/><V65/><F5/><W49/><G37/><T72/><D119/><U123/><E123/><V85/><F65/><W42/><REACH who="3" step="1"/><G45/><REACH who="3" ten="170,514,202,104" step="2"/><T28/><D73/><U129/><E129/><V55/><F60/><AGARI ba="0,1" hai="15,17,18,19,23,42,44,49,58,60,64,78,80,86" machi="60" ten="40,8000,1" yaku="1,1,2,1,8,1,53,1" doraHai="93" doraHaiUra="61" who="3" fromWho="2" sc="170,0,514,0,202,-80,104,90" /><INIT seed="5,0,0,3,0,117" ten="170,514,122,194" oya="1" hai0="105,108,76,74,14,106,35,130,3,56,97,123,65" hai1="70,0,115,39,62,99,113,114,111,126,88,78,40" hai2="66,127,41,9,36,4,131,31,13,94,82,22,79" hai3="37,87,85,75,27,86,18,116,112,103,69,63,102"/><U104/><E111/><V134/><F127/><W100/><G37/><T10/><D35/><U96/><E126/><V64/><F131/><W46/><G75/><T132/><D130/><U7/><E78/><V53/><F134/><W23/><G112/><T73/><D132/><U47/><E104/><V109/><F109/><W59/><G69/><T2/><D65/><U61/><E70/><V25/><F94/><W8/><G116/><T52/><D108/><U43/><E43/><V91/><F91/><W45/><REACH who="3" step="1"/><G8/><REACH who="3" ten="170,514,122,184" step="2"/><T57/><D10/><U107/><E39/><V44/><REACH who="2" step="1"/><F53/><AGARI ba="0,1" hai="18,23,27,45,46,53,59,63,85,86,87,100,102,103" machi="53" ten="40,5200,0" yaku="1,1,2,1,8,1,53,0" doraHai="117" doraHaiUra="120" who="3" fromWho="2" sc="170,0,514,0,122,-52,184,62" /><INIT seed="6,0,0,2,1,130" ten="170,514,70,246" oya="2" hai0="34,67,109,0,102,48,71,127,45,66,115,86,113" hai1="47,108,111,65,1,25,32,82,11,87,5,31,23" hai2="24,55,61,13,36,16,112,103,78,106,81,122,72" hai3="51,9,18,27,33,96,70,20,7,30,91,124,116"/><V85/><F122/><W17/><G70/><T59/><D0/><U107/><E107/><V41/><F112/><N who="0" m="43082" /><D34/><U73/><E73/><V93/><F24/><W69/><G51/><T26/><D109/><U22/><E65/><N who="0" m="24585" /><D102/><U120/><E120/><V84/><F36/><W114/><G91/><T10/><D10/><U64/><E64/><V126/><F41/><W95/><G95/><T110/><D110/><U119/><E119/><V62/><F126/><W135/><G96/><T49/><D26/><U89/><E47/><V58/><F106/><W53/><G53/><N who="0" m="32167" /><D86/><U56/><E56/><V128/><F128/><W19/><G69/><T6/><D6/><U90/><E89/><V117/><F117/><W131/><G131/><T80/><D80/><U83/><E83/><V37/><F37/><W38/><G38/><T21/><D21/><U105/><E105/><V132/><F132/><W77/><G135/><T123/><D71/><U15/><E23/><N who="2" m="11663" /><F72/><W35/><G35/><T134/><D123/><U52/><E32/><V100/><F61/><W3/><G3/><T121/><D121/><U92/><E82/><N who="2" m="47191" /><F93/><W133/><G27/><T63/><D63/><U129/><E129/><V40/><F40/><W101/><G33/><T14/><D14/><U12/><E1/><V88/><AGARI ba="0,0" hai="55,58,62,81,85,88,100,103" m="47191,11663" machi="88" ten="30,6000,0" yaku="8,1,54,2" doraHai="130" who="2" fromWho="2" sc="170,-20,514,-20,70,60,246,-20" /><INIT seed="6,1,0,0,1,71" ten="150,494,130,226" oya="2" hai0="43,87,99,114,98,7,132,133,31,60,102,23,10" hai1="39,61,89,75,35,44,101,125,49,126,123,45,47" hai2="83,21,67,4,95,56,127,68,134,52,2,57,128" hai3="120,8,90,11,6,42,58,129,34,92,124,16,109"/><V117/><F117/><W53/><G34/><T17/><D31/><U88/><E35/><V118/><F118/><W32/><G32/><T81/><D43/><U30/><E123/><V28/><F68/><W105/><G109/><T1/><D114/><U65/><E75/><V74/><F127/><N who="1" m="48649" /><E101/><V12/><F2/><W66/><G105/><T3/><D3/><U115/><E115/><V135/><F128/><W24/><G42/><T33/><D60/><U107/><E107/><V108/><F108/><W20/><G66/><T62/><D62/><U5/><E5/><V113/><F113/><W55/><G55/><T25/><D33/><U64/><E30/><V41/><F41/><W116/><G116/><T122/><D122/><U77/><E77/><N who="2" m="44471" /><F95/><W111/><G129/><T0/><D0/><U121/><E121/><V79/><F79/><W26/><G111/><T112/><D112/><U19/><E19/><N who="2" m="10471" /><F28/><W38/><G120/><T27/><D27/><U18/><E18/><V100/><F100/><W80/><G16/><T96/><REACH who="0" step="1"/><D102/><REACH who="0" ten="140,494,130,226" step="2"/><U94/><E61/><N who="2" m="38311" /><F134/><W76/><G124/><T15/><D15/><U86/><E49/><N who="2" m="30863" /><F135/><W91/><G26/><T63/><D63/><U50/><E50/><V70/><F70/><W48/><G24/><T51/><D51/><U13/><E13/><V78/><F78/><AGARI ba="1,1" hai="1,7,10,17,23,25,78,81,87,96,98,99,132,133" machi="78" ten="40,1300,0" yaku="1,1,53,0" doraHai="71" doraHaiUra="9" who="0" fromWho="2" sc="140,26,494,0,130,-16,226,0" /><INIT seed="7,0,0,4,3,11" ten="166,494,114,226" oya="3" hai0="130,102,107,105,58,71,56,33,36,108,132,100,69" hai1="31,93,17,18,2,4,113,14,48,120,103,129,70" hai2="86,109,22,65,99,20,131,121,49,28,68,62,8" hai3="34,47,72,79,45,12,76,91,127,9,119,92,50"/><W111/><G34/><T37/><D33/><U6/><E120/><V80/><F109/><W101/><G92/><T134/><REACH who="0" step="1"/><D130/><REACH who="0" ten="156,494,114,226" step="2"/><U41/><E129/><V25/><F131/><W54/><G111/><AGARI ba="0,1" hai="36,37,56,58,69,71,100,102,105,107,108,111,132,134" machi="111" ten="25,6400,0" yaku="1,1,2,1,22,2,53,0" doraHai="11" doraHaiUra="106" who="0" fromWho="3" sc="156,74,494,0,114,0,226,-64" owari="230,3.0,494,60.0,114,-39.0,162,-24.0" /></mjloggm>