<mjloggm ver="2.3"><GO type="97" lobby="0"/><UN n0="%E5%B0%8F%E9%98%AA%E3%81%A1%E3%81%B2%E3%82%8D" n1="%E3%83%88%E3%83%8B%E3%83%BC%E2%98%86%E5%BD%A1" n2="%E9%87%8C%E4%B8%AD%E4%BA%9C%E7%9F%A2%E5%AD%90" n3="%E5%B0%B1%E6%B4%BB%E7%94%9F%40%E5%B7%9D%E6%9D%91%E8%BB%8D%E5%9B%A3" dan="14,15,14,15" rate="1922.40,2009.56,1937.09,1979.97" sx="F,M,F,M"/><TAIKYOKU oya="0"/><INIT seed="0,0,0,0,0,118" ten="250,250,250,250" oya="0" hai0="12,107,26,25,71,72,126,0,104,73,127,64,68" hai1="85,31,22,89,58,93,45,11,43,99,133,56,28" hai2="119,24,34,125,51,84,21,112,5,90,7,97,4" hai3="91,50,37,61,1,88,10,8,30,124,52,116,121"/><T38/><D64/><U95/><E133/><V54/><F34/><W18/><G37/><T36/><REACH who="0" step="1"/><D12/><REACH who="0" ten="240,250,250,250" step="2"/><U120/><E120/><V14/><F119/><W103/><G121/><T23/><D23/><U122/><E122/><V79/><F112/><W74/><G116/><T132/><D132/><U19/><E11/><V94/><F14/><W47/><G8/><T67/><D67/><U81/><E31/><V86/><F125/><W66/><G30/><T60/><D60/><U83/><E28/><V44/><F79/><W40/><G124/><T117/><D117/><U130/><E130/><V75/><F75/><W33/><G33/><T102/><D102/><U13/><E81/><V32/><F32/><W2/><G103/><T129/><D129/><U3/><E3/><AGARI ba="0,1" hai="0,3,25,26,36,38,68,71,72,73,104,107,126,127" machi="3" ten="25,4800,0" yaku="1,1,22,2,53,0" doraHai="118" doraHaiUra="49" who="0" fromWho="1" sc="240,58,250,-48,250,0,250,0" /><INIT seed="0,1,0,3,4,30" ten="298,202,250,250" oya="0" hai0="132,1,113,68,119,82,49,101,0,39,95,117,98" hai1="6,66,118,85,127,78,91,55,70,83,115,123,61" hai2="50,74,107,124,131,112,16,80,92,72,121,90,53" hai3="129,76,103,94,122,44,33,27,18,34,52,105,135"/><T14/><D39/><U19/><E123/><V81/><F121/><W26/><G105/><T15/><D68/><U58/><E118/><V20/><F107/><W43/><G122/><T2/><D113/><U59/><E127/><V116/><F112/><W130/><G76/><T88/><D132/><U67/><E115/><V36/><F36/><W25/><G18/><T21/><D49/><U106/><E106/><V108/><F108/><W47/><G47/><T13/><REACH who="0" step="1"/><D21/><REACH who="0" ten="288,202,250,250" step="2"/><U62/><E70/><V128/><F116/><W32/><G135/><T10/><D10/><U24/><E6/><V87/><F124/><W125/><G125/><T65/><D65/><U37/><E37/><V46/><F131/><N who="3" m="50187" /><G43/><T93/><D93/><U109/><E109/><V84/><F128/><W35/><N who="3" m="8704" /><DORA hai="64" /><W31/><G31/><T11/><D11/><U22/><E55/><V17/><F92/><W89/><G103/><T38/><D38/><U12/><REACH who="1" step="1"/><E24/><REACH who="1" ten="288,192,250,250" step="2"/><V126/><F126/><W63/><G26/><T134/><D134/><U86/><E86/><AGARI ba="1,2" hai="0,1,2,13,14,15,82,86,88,95,98,101,117,119" machi="86" ten="50,4800,0" yaku="1,1,54,1,53,0" doraHai="30,64" doraHaiUra="69,100" who="0" fromWho="1" sc="288,71,192,-51,250,0,250,0" /><INIT seed="0,2,0,2,4,14" ten="359,141,250,250" oya="0" hai0="17,87,105,99,5,94,28,107,106,74,34,117,121" hai1="6,11,133,39,1,32,75,80,89,102,22,96,10" hai2="12,66,3,2,84,104,120,26,58,46,103,45,86" hai3="9,44,130,76,27,50,128,36,60,125,71,70,129"/><T13/><D74/><U92/><E133/><V124/><F120/><W37/><G76/><T51/><D121/><U83/><E32/><V79/><F124/><W122/><G122/><T41/><D117/><U97/><E39/><N who="3" m="14922" /><G27/><T115/><D115/><U29/><E75/><V91/><F26/><W55/><G9/><T47/><D5/><U40/><E40/><V111/><F79/><W134/><G134/><T135/><D135/><U25/><REACH who="1" step="1"/><E10/><REACH who="1" ten="359,131,250,250" step="2"/><V110/><F110/><W57/><G125/><T0/><D34/><U68/><E68/><V8/><F111/><W21/><G21/><T7/><D41/><AGARI ba="2,1" hai="41,44,50,55,57,60,70,71,128,129,130" m="14922" machi="41" ten="40,5200,0" yaku="19,1,34,2" doraHai="14" who="3" fromWho="0" sc="359,-58,131,0,250,0,250,68" /><INIT seed="1,0,0,5,3,40" ten="301,131,250,318" oya="1" hai0="11,105,49,91,68,38,93,124,54,135,47,117,29" hai1="109,27,96,66,71,0,43,84,42,34,35,22,3" hai2="95,102,111,39,30,94,106,114,16,65,59,4,118" hai3="6,78,74,24,9,99,75,57,128,73,41,15,23"/><U98/><E71/><V125/><F118/><W101/><G128/><T126/><D117/><U87/><E66/><V7/><F39/><W134/><G134/><T103/><D68/><U107/><E22/><V26/><F114/><W58/><G78/><T100/><D29/><U85/><E27/><V130/><F106/><W5/><G5/><T64/><D64/><U56/><E56/><V44/><F44/><W67/><G67/><T72/><D72/><U32/><E107/><V116/><F102/><W108/><G41/><N who="1" m="15370" /><E109/><V120/><F111/><W81/><G81/><T45/><D38/><U129/><E129/><V115/><F115/><W83/><G83/><T80/><D80/><U25/><E25/><V112/><F112/><W13/><G13/><T97/><D135/><U110/><E110/><V127/><F116/><W10/><G10/><T86/><D11/><U36/><E36/><V31/><F130/><W88/><G108/><T51/><D103/><U82/><E82/><V131/><F131/><W12/><G12/><T119/><D119/><U33/><N who="1" m="8192" /><DORA hai="50" /><U70/><E70/><V90/><F65/><W14/><G14/><T21/><D21/><U53/><E53/><AGARI ba="0,0" hai="45,47,49,51,53,54,86,91,93,97,100,105,124,126" machi="53" ten="40,8000,1" yaku="9,1,52,4" doraHai="40,50" who="0" fromWho="1" sc="301,80,131,-80,250,0,318,0" /><INIT seed="2,0,0,3,0,99" ten="381,51,250,318" oya="2" hai0="121,7,23,105,25,10,21,67,32,85,9,42,72" hai1="107,91,60,0,71,30,47,48,92,26,2,80,33" hai2="126,69,57,58,5,108,90,28,103,11,59,74,131" hai3="106,35,29,78,65,93,34,96,50,68,70,101,117"/><V110/><F69/><W63/><G117/><T75/><D105/><U6/><E107/><V116/><F116/><W12/><G70/><T120/><D42/><U37/><E37/><V8/><F28/><W133/><G133/><T20/><D67/><U118/><E118/><V119/><F119/><W123/><G123/><N who="0" m="47179" /><D85/><U125/><E125/><V22/><F131/><W52/><G78/><T41/><D41/><U15/><E80/><V122/><F74/><W14/><G93/><T44/><D44/><U128/><E128/><V115/><F122/><W130/><G130/><T113/><D72/><U51/><E51/><V46/><F115/><W94/><G94/><T102/><D75/><U98/><E60/><V3/><F126/><W13/><REACH who="3" step="1"/><G29/><REACH who="3" ten="381,51,250,308" step="2"/><N who="0" m="19503" /><D113/><U97/><E71/><V4/><F110/><W39/><G39/><T55/><D55/><U54/><E98/><V27/><F108/><W114/><G114/><T129/><D129/><U89/><E89/><V134/><F90/><W87/><G87/><T77/><D77/><U49/><E91/><V61/><F134/><W24/><G24/><T104/><D104/><U124/><E97/><V73/><F27/><W95/><G95/><T16/><D102/><U19/><E92/><V18/><F103/><W100/><G100/><T40/><D40/><U127/><E30/><V132/><F132/><W45/><AGARI ba="0,1" hai="12,13,14,34,35,45,50,52,63,65,68,96,101,106" machi="45" ten="30,7900,0" yaku="1,1,0,1,52,1,54,1,53,0" doraHai="99" doraHaiUra="111" who="3" fromWho="3" sc="381,-20,51,-20,250,-39,308,89" /><INIT seed="3,0,0,5,1,126" ten="361,31,211,397" oya="3" hai0="9,117,114,70,41,104,61,115,0,36,128,62,65" hai1="8,12,131,7,75,98,133,23,96,47,25,102,32" hai2="57,24,93,19,59,94,106,44,39,60,74,76,22" hai3="95,82,48,20,28,99,132,29,122,89,103,64,130"/><W50/><G130/><T21/><D104/><U124/><E75/><V53/><F106/><W80/><G122/><T105/><D105/><U125/><E47/><V56/><F39/><W71/><G132/><T86/><D86/><U84/><E84/><V63/><F44/><W1/><G1/><T2/><D21/><U77/><E77/><V88/><F94/><N who="3" m="58871" /><G71/><T109/><D9/><U91/><E91/><V30/><F30/><N who="3" m="11883" /><G20/><T92/><D92/><U83/><E83/><N who="3" m="31786" /><G64/><N who="0" m="41231" /><D2/><U31/><E98/><AGARI ba="0,0" hai="48,50,89,95,98" m="31786,11883,58871" machi="98" ten="30,1500,0" yaku="8,1" doraHai="126" who="3" fromWho="1" sc="361,0,31,-15,211,0,397,15" owari="361,16.0,16,-48.0,211,-19.0,412,51.0" /></mjloggm>