<mjloggm ver="2.3"><GO type="169" lobby="0"/><UN n0="%E3%83%94%E3%83%A8%E3%83%AA%67" n1="%E9%A2%A8%E8%BB%8A%E3%81%AE%E7%B5%B5%E7%90%86%E5%AD%90" n2="%E6%96%B0%E4%B8%96%E7%95%8C%E3%81%AE%E7%B4%99" n3="%E3%82%A6%E3%83%AB%E3%83%88%E3%83%A9%E7%AB%8B%E7%9B%B4" dan="16,16,17,17" rate="2048.72,2126.80,2147.18,2143.92" sx="M,F,M,M"/><TAIKYOKU oya="0"/><INIT seed="0,0,0,3,4,37" ten="250,250,250,250" oya="0" hai0="36,34,134,35,44,115,107,32,112,43,66,17,57" hai1="69,84,98,88,78,19,93,130,104,20,92,118,26" hai2="22,11,63,109,8,55,110,31,94,91,90,4,58" hai3="62,25,128,129,28,123,72,64,85,52,10,45,56"/><T16/><D107/><U70/><E104/><V135/><F135/><W46/><G72/><T13/><D134/><U100/><E118/><V68/><F68/><W0/><G123/><T121/><D121/><U127/><E130/><N who="3" m="50282" /><G85/><T77/><D77/><U6/><E127/><V80/><F80/><W126/><G126/><T49/><D49/><U18/><E6/><V133/><F133/><W122/><G122/><T114/><REACH who="0" step="1"/><D13/><REACH who="0" ten="240,250,250,250" step="2"/><U82/><REACH who="1" step="1"/><E19/><REACH who="1" ten="240,240,250,250" step="2"/><V38/><F4/><N who="3" m="1287" /><G64/><T12/><D12/><U59/><E59/><V24/><F58/><W60/><G60/><AGARI ba="0,2" hai="16,17,32,34,35,36,43,44,57,60,66,112,114,115" machi="60" ten="50,9600,0" yaku="1,1,52,1,54,1,53,0" doraHai="37" doraHaiUra="106" who="0" fromWho="3" sc="240,116,240,0,250,0,250,-96" /><INIT seed="0,1,0,4,0,111" ten="356,240,250,154" oya="0" hai0="68,101,95,93,61,41,12,132,102,22,88,33,45" hai1="54,32,66,17,127,0,18,105,110,107,27,2,38" hai2="115,131,72,130,120,83,108,94,58,57,24,35,129" hai3="84,44,106,49,65,125,87,104,1,126,80,8,70"/><T103/><D33/><U34/><E38/><V5/><F120/><W60/><G84/><T122/><D122/><U92/><E66/><V20/><F35/><W11/><G106/><T37/><D132/><U121/><E121/><V74/><F108/><W19/><G104/><T23/><D12/><U81/><E110/><V13/><F94/><W62/><G62/><T30/><D30/><U7/><E92/><V97/><F97/><W50/><G50/><T67/><REACH who="0" step="1"/><D95/><REACH who="0" ten="346,240,250,154" step="2"/><U76/><E34/><V109/><F109/><W114/><G1/><T99/><AGARI ba="1,1" hai="22,23,37,41,45,61,67,68,88,93,99,101,102,103" machi="99" ten="30,12000,1" yaku="1,1,2,1,0,1,54,1,53,1" doraHai="111" doraHaiUra="56" who="0" fromWho="0" sc="346,133,240,-41,250,-41,154,-41" /><BYE who="3" /><UN n3="%E3%82%A6%E3%83%AB%E3%83%88%E3%83%A9%E7%AB%8B%E7%9B%B4" /><INIT seed="0,2,0,3,1,105" ten="479,199,209,113" oya="0" hai0="64,129,54,72,21,6,114,50,38,55,16,108,131" hai1="112,123,22,78,66,134,89,76,36,28,86,23,106" hai2="42,120,99,91,13,0,69,19,2,46,8,24,75" hai3="67,11,81,30,53,87,43,40,97,113,125,47,103"/><T48/><D72/><U29/><E36/><V20/><F69/><W127/><G113/><T56/><D6/><U45/><E106/><V107/><F120/><W130/><G130/><N who="0" m="49675" /><D114/><U15/><E123/><V61/><F61/><W79/><G67/><T71/><D108/><U117/><E112/><V111/><F111/><W39/><G30/><T121/><D121/><U70/><E117/><V135/><F135/><W115/><G115/><T52/><D38/><U73/><E134/><V4/><F75/><W122/><G122/><T7/><D7/><U1/><E1/><V9/><F9/><W44/><G11/><T96/><D96/><U80/><E70/><V82/><F107/><W31/><G31/><T98/><D98/><U92/><E66/><V49/><REACH who="2" step="1"/><F99/><REACH who="2" ten="479,199,199,113" step="2"/><W65/><G65/><T101/><D71/><U116/><E116/><V33/><F33/><W93/><REACH who="3" step="1"/><G53/><REACH who="3" ten="479,199,199,103" step="2"/><T77/><D64/><U102/><E23/><V60/><F60/><W85/><G85/><AGARI ba="2,2" hai="0,2,4,8,13,19,20,24,42,46,49,82,85,91" machi="85" ten="40,2600,0" yaku="1,1,53,1" doraHai="105" doraHaiUra="37" who="2" fromWho="3" sc="479,0,199,0,199,52,103,-32" /><INIT seed="1,0,0,0,3,126" ten="479,199,251,71" oya="1" hai0="111,76,38,114,7,46,39,18,92,66,0,26,113" hai1="27,101,58,34,9,50,102,40,21,78,80,112,94" hai2="35,13,110,68,22,63,118,108,57,19,54,14,88" hai3="87,125,124,83,32,96,45,99,86,105,51,47,10"/><U97/><E112/><V134/><F118/><W15/><G32/><T16/><D111/><N who="2" m="42538" /><F35/><W117/><G117/><T135/><D76/><U103/><E34/><V121/><F121/><W123/><G123/><T93/><D46/><U29/><E9/><V109/><N who="2" m="42546" /><V59/><DORA hai="36" /><F134/><W65/><G65/><T20/><D66/><U129/><E129/><V131/><F131/><W70/><G70/><T55/><D135/><U116/><E116/><V120/><F120/><W104/><G10/><T1/><D20/><U72/><REACH who="1" step="1"/><E58/><REACH who="1" ten="479,189,251,71" step="2"/><N who="2" m="35287" /><F68/><W107/><G125/><T71/><D71/><U42/><E42/><V91/><F59/><W44/><G124/><T2/><D114/><U74/><E74/><V132/><F132/><W95/><G15/><T5/><D1/><U53/><E53/><V69/><F69/><W31/><G31/><T6/><D55/><U3/><E3/><V85/><F57/><W133/><G133/><T82/><D2/><U52/><E52/><V77/><F14/><W81/><G51/><T84/><D0/><U127/><E127/><V17/><F17/><W90/><REACH who="3" step="1"/><G83/><AGARI ba="0,1" hai="13,19,22,77,83,85,88,91" m="35287,42546" machi="83" ten="40,2600,0" yaku="14,1,54,1" doraHai="126,36" who="2" fromWho="3" sc="479,0,189,0,251,36,71,-26" /><INIT seed="2,0,0,5,4,41" ten="479,189,287,45" oya="2" hai0="66,48,93,117,42,103,124,129,106,62,11,60,128" hai1="17,26,22,12,135,9,61,7,107,99,120,86,45" hai2="69,59,67,102,20,123,46,34,24,105,71,121,19" hai3="35,16,112,133,85,2,119,31,134,21,43,33,130"/><V64/><F34/><N who="3" m="12811" /><G85/><T122/><D106/><U53/><E135/><N who="3" m="51722" /><G43/><T72/><D11/><U90/><E120/><V51/><F121/><W95/><G95/><T108/><D124/><U125/><E125/><V1/><F123/><W101/><G101/><T52/><D108/><U87/><E107/><V10/><F105/><W115/><G119/><T80/><D122/><U44/><E87/><V47/><F102/><W28/><G2/><T50/><D72/><U82/><E99/><V13/><F1/><W74/><G74/><T94/><D80/><U36/><E36/><V132/><F132/><W5/><G5/><T18/><D117/><U15/><E26/><V14/><F69/><W75/><G75/><T126/><D94/><U92/><E82/><V84/><F71/><W83/><G83/><T110/><D126/><U131/><E131/><V54/><F84/><W91/><G91/><T6/><D6/><U38/><E38/><V88/><F88/><W96/><G96/><T104/><D93/><U65/><REACH who="1" step="1"/><E53/><REACH who="1" ten="479,179,287,45" step="2"/><V97/><F97/><W114/><G130/><T70/><D52/><U116/><E116/><V127/><F127/><W109/><G109/><T81/><D81/><U113/><E113/><V49/><F24/><AGARI ba="0,1" hai="16,21,24,28,31,112,114,115" m="51722,12811" machi="24" ten="40,8000,1" yaku="11,1,20,1,34,2,54,1" doraHai="41" who="3" fromWho="2" sc="479,0,179,0,287,-80,45,90" /><INIT seed="3,0,0,1,2,83" ten="479,179,207,135" oya="3" hai0="33,15,68,89,39,104,45,42,110,133,106,28,25" hai1="0,49,6,118,3,66,72,44,92,17,124,123,53" hai2="59,47,14,1,126,112,41,74,27,81,51,5,43" hai3="98,103,80,97,121,109,85,119,37,60,88,132,26"/><W113/><G121/><T135/><D110/><U56/><E72/><V78/><F112/><W22/><G113/><T90/><D15/><U105/><E105/><N who="0" m="40553" /><D68/><U107/><E107/><V57/><F1/><W71/><G119/><T52/><D52/><U131/><E123/><V38/><F126/><W86/><G37/><T31/><D31/><U127/><E131/><V82/><F27/><W36/><G36/><T48/><D48/><U108/><E108/><V46/><REACH who="2" step="1"/><F81/><REACH who="2" ten="479,179,197,135" step="2"/><N who="3" m="49231" /><G109/><T84/><D25/><U7/><E3/><V125/><F125/><W58/><G71/><T62/><D135/><U128/><E0/><V134/><F134/><W12/><G132/><T35/><D133/><U21/><E127/><V20/><F20/><W11/><G103/><T91/><D35/><U30/><E124/><V87/><F87/><W19/><G22/><T9/><D84/><U95/><E21/><V77/><F77/><N who="3" m="46223" /><G26/><T16/><D33/><U54/><E128/><V101/><F101/><W130/><G130/><T23/><D23/><U61/><E30/><V79/><F79/><W24/><G24/><T8/><D28/><U115/><E115/><V29/><F29/><W122/><G122/><T76/><D76/><U64/><E118/><V2/><F2/><W55/><AGARI ba="0,1" hai="11,12,19,55,58,60,97,98" m="46223,49231" machi="55" ten="30,11700,0" yaku="8,1,52,2,54,1" doraHai="83" who="3" fromWho="3" sc="479,-39,179,-39,197,-39,135,127" /><INIT seed="3,1,0,0,2,94" ten="440,140,158,262" oya="3" hai0="68,99,127,74,76,92,44,117,34,18,103,23,115" hai1="60,22,55,25,39,51,131,56,3,81,125,21,49" hai2="37,50,54,128,35,83,1,104,24,95,41,97,12" hai3="9,111,26,105,27,16,69,124,42,75,85,20,78"/><W90/><G124/><T33/><D68/><U6/><E39/><V77/><F1/><W113/><G113/><T62/><D117/><U132/><E131/><V53/><F104/><W79/><G69/><T109/><D127/><U122/><E125/><V134/><F128/><W107/><G111/><T66/><D115/><U72/><E122/><V13/><F134/><W14/><G42/><T57/><D109/><U87/><E72/><V10/><F37/><W29/><G75/><T80/><REACH who="0" step="1"/><D44/><REACH who="0" ten="430,140,158,262" step="2"/><U108/><E108/><V102/><F41/><W118/><G118/><T59/><D59/><U58/><E58/><V101/><F54/><W0/><G0/><T126/><D126/><U64/><E132/><V65/><F65/><W100/><G78/><T93/><D93/><U119/><E119/><V120/><F95/><W19/><G79/><T98/><D98/><U30/><E64/><V112/><F97/><W123/><G123/><T133/><D133/><U110/><E110/><V114/><F120/><W45/><G45/><T32/><D32/><U2/><E2/><V28/><F114/><W40/><G107/><T31/><D31/><U86/><E3/><V52/><F112/><W63/><G105/><T4/><D4/><U5/><E6/><N who="2" m="3159" /><F53/><W8/><G29/><T135/><D135/><U47/><E5/><V70/><F70/><W67/><G67/><T17/><D17/><U88/><E47/><V129/><F129/><W46/><G19/><T106/><D106/><U7/><E7/><V73/><F52/><W96/><G46/><T121/><D121/><U38/><E55/><RYUUKYOKU ba="1,1" sc="430,30,140,-10,158,-10,262,-10" hai0="18,23,33,34,57,62,66,74,76,80,92,99,103" /><INIT seed="4,2,1,1,1,104" ten="460,130,148,252" oya="0" hai0="94,3,106,79,60,54,49,58,13,76,126,124,77" hai1="17,135,32,4,28,97,81,110,119,75,48,62,15" hai2="64,16,44,112,5,63,111,52,71,18,21,46,132" hai3="43,38,127,123,100,47,134,93,0,129,30,82,25"/><T92/><D106/><U12/><E110/><V86/><F111/><W74/><G127/><N who="0" m="48683" /><D3/><U34/><E119/><V70/><F70/><W53/><G129/><T24/><D13/><U69/><E135/><V133/><F5/><W10/><G134/><N who="2" m="51817" /><F112/><W1/><G123/><T131/><D131/><U59/><E69/><V68/><F68/><W14/><G53/><N who="0" m="33871" /><D24/><U73/><E15/><N who="2" m="9375" /><F18/><W85/><G93/><T72/><D72/><U57/><E4/><V11/><F11/><W29/><G100/><T118/><D118/><U20/><E28/><V96/><F86/><W116/><G30/><T27/><D27/><U89/><E97/><V130/><F130/><W33/><G116/><T37/><D37/><U84/><E32/><V107/><F96/><W35/><G35/><T91/><D91/><U9/><E34/><V103/><F103/><W23/><G33/><T95/><D76/><U105/><E105/><V115/><F107/><W114/><G114/><T6/><D6/><U78/><E78/><V109/><F115/><W113/><G113/><T7/><D7/><U61/><E9/><V117/><F117/><W88/><G74/><T36/><D36/><U102/><E102/><V65/><F109/><W22/><G22/><T66/><D66/><N who="2" m="25706" /><F71/><W40/><G14/><T39/><D39/><U2/><E2/><N who="3" m="1130" /><G10/><T31/><D31/><U19/><E19/><V80/><F80/><W121/><G121/><T87/><D87/><U26/><E12/><V108/><F108/><W8/><G8/><T51/><D51/><U67/><E48/><V50/><F50/><N who="3" m="26983" /><G43/><T41/><D41/><RYUUKYOKU ba="2,1" sc="460,0,130,0,148,0,252,0" hai0="49,54,77,79,92,94,95" hai1="17,20,26,57,59,61,62,67,73,75,81,84,89" hai2="44,46,52,63" hai3="23,25,29,38,82,85,88" /><INIT seed="4,3,1,2,3,62" ten="460,130,148,252" oya="0" hai0="117,84,63,114,22,3,94,73,70,116,112,115,25" hai1="13,12,135,109,52,69,42,72,4,123,35,55,82" hai2="60,88,10,20,26,56,83,68,17,110,86,9,15" hai3="48,99,5,87,41,24,49,34,100,2,74,0,127"/><T8/><D73/><U90/><E35/><V108/><F68/><W28/><G74/><T111/><D111/><U96/><E109/><V19/><REACH who="2" step="1"/><F10/><REACH who="2" ten="460,130,138,252" step="2"/><W129/><G127/><T102/><D117/><U85/><E69/><V16/><F16/><W38/><G129/><T93/><D116/><U39/><E123/><V30/><F30/><W43/><G5/><T58/><D8/><U6/><E6/><V23/><F23/><W133/><G133/><T59/><D22/><U98/><E135/><V77/><F77/><W130/><G130/><T126/><D114/><U125/><E125/><V51/><F51/><W71/><G71/><T89/><D126/><U91/><E4/><V33/><F33/><W122/><G122/><T95/><D115/><U31/><E31/><V36/><F36/><W118/><G38/><T32/><D112/><U104/><E39/><V120/><F120/><W14/><G49/><T107/><D32/><U106/><E72/><V97/><F97/><W80/><G48/><T37/><D37/><U44/><E85/><V27/><F27/><W45/><G118/><T21/><D70/><U11/><E11/><V1/><F1/><W7/><G0/><T46/><D3/><U47/><E82/><V105/><F105/><W40/><G2/><T57/><D107/><U54/><REACH who="1" step="1"/><E54/><AGARI ba="3,2" hai="9,15,17,19,20,26,54,56,60,83,86,88,108,110" machi="54" ten="30,3900,0" yaku="1,1,7,1,54,1,53,0" doraHai="62" doraHaiUra="67" who="2" fromWho="1" sc="460,0,130,-48,138,68,252,0" /><INIT seed="5,0,0,2,4,123" ten="460,82,206,252" oya="1" hai0="67,32,65,79,134,104,111,20,49,64,70,51,34" hai1="58,6,9,97,132,110,5,76,21,8,55,95,24" hai2="72,133,125,93,37,112,102,113,71,54,19,85,130" hai3="12,119,36,98,16,10,94,47,61,122,41,117,83"/><U4/><E76/><V127/><F72/><W7/><G122/><T52/><D111/><U87/><E87/><V73/><F73/><W129/><G129/><T14/><D104/><U92/><E132/><V106/><F130/><W22/><G61/><T88/><D70/><U30/><E110/><V23/><F71/><W13/><REACH who="3" step="1"/><G83/><REACH who="3" ten="460,82,206,242" step="2"/><T86/><D134/><U90/><REACH who="1" step="1"/><E95/><REACH who="1" ten="460,72,206,242" step="2"/><V28/><F133/><W29/><G29/><T42/><D79/><U116/><E116/><V53/><F28/><W59/><G59/><T11/><D86/><U78/><E78/><V2/><F93/><W101/><AGARI ba="0,2" hai="7,10,12,13,16,22,36,41,47,94,98,101,117,119" machi="101" ten="30,4000,0" yaku="1,1,0,1,54,1,53,0" doraHai="123" doraHaiUra="121" who="3" fromWho="3" sc="460,-10,72,-20,206,-10,242,60" /><INIT seed="6,0,0,0,2,62" ten="450,52,196,302" oya="2" hai0="20,112,118,24,38,109,51,103,65,8,23,49,22" hai1="46,37,113,13,33,68,131,11,78,80,25,76,93" hai2="52,64,29,70,30,73,1,88,60,110,91,53,115" hai3="111,105,66,59,21,39,104,135,17,3,67,43,122"/><V57/><F115/><W48/><G3/><T7/><D109/><U4/><E68/><V132/><F110/><W2/><G2/><T119/><D38/><U44/><E113/><V133/><F73/><W31/><G111/><T84/><D112/><U98/><E131/><V32/><F1/><W120/><G31/><N who="2" m="11785" /><F32/><W108/><G108/><T14/><D103/><U61/><E33/><V117/><F117/><N who="0" m="44554" /><D84/><U55/><E37/><V82/><F82/><W95/><G39/><T77/><D77/><U92/><E92/><V50/><F53/><N who="3" m="32167" /><G104/><T40/><D40/><U123/><E123/><V79/><F79/><W47/><G105/><T97/><D97/><U36/><E36/><V6/><F6/><W126/><G135/><AGARI ba="0,0" hai="50,52,57,60,64,70,88,91,132,133,135" m="11785" machi="135" ten="30,11600,0" yaku="20,1,52,1,54,2" doraHai="62" who="2" fromWho="3" sc="450,0,52,0,196,116,302,-116" /><INIT seed="6,1,0,0,3,9" ten="450,52,312,186" oya="2" hai0="102,67,89,125,73,120,123,117,126,59,118,71,91" hai1="124,113,111,41,13,48,101,49,97,40,15,87,95" hai2="12,55,103,39,129,88,127,132,77,62,108,72,61" hai3="110,43,130,79,14,135,93,74,3,116,22,107,47"/><V57/><F39/><W36/><G107/><T2/><D2/><U98/><E111/><V90/><F108/><W128/><G110/><T45/><D73/><U134/><E113/><V114/><F114/><W64/><G3/><T78/><D78/><U26/><E134/><V50/><F132/><W115/><G116/><N who="0" m="44651" /><D102/><U53/><E124/><N who="0" m="47721" /><D71/><U99/><E26/><V94/><F127/><W27/><G64/><T96/><D45/><U42/><E101/><V60/><F77/><W83/><G93/><N who="0" m="56367" /><D91/><N who="2" m="34858" /><F72/><W75/><G75/><T86/><D86/><U19/><E87/><V82/><F82/><W21/><G115/><T37/><D37/><U34/><E95/><V104/><F104/><W70/><G70/><T65/><D59/><U52/><E34/><V31/><F129/><W106/><G106/><T51/><D51/><N who="1" m="19531" /><E19/><V119/><F119/><W76/><G76/><T17/><D17/><U4/><E4/><V133/><F133/><W1/><G1/><T122/><AGARI ba="1,0" hai="65,67,120,122,123" m="56367,47721,44651" machi="122" ten="40,2700,0" yaku="12,1,18,1" doraHai="9" who="0" fromWho="0" sc="450,30,52,-8,312,-14,186,-8" /><INIT seed="7,0,0,2,2,133" ten="480,44,298,178" oya="3" hai0="22,113,20,80,118,24,40,37,27,43,11,31,51" hai1="100,110,53,17,54,96,50,94,87,82,131,105,28" hai2="21,104,99,107,1,115,47,57,126,3,44,112,70" hai3="125,67,102,4,59,68,124,55,6,15,46,114,128"/><W26/><G102/><T132/><D37/><U19/><E110/><V88/><F126/><N who="3" m="48747" /><G114/><N who="2" m="43561" /><F70/><W7/><G128/><T48/><D132/><U5/><E131/><V8/><F21/><W66/><G68/><T89/><D113/><U45/><E28/><V61/><F8/><N who="3" m="4511" /><G26/><T109/><D109/><U93/><E5/><N who="3" m="2154" /><G46/><N who="2" m="17449" /><F107/><W74/><G74/><T86/><D118/><U29/><E29/><V127/><F127/><W2/><G2/><T76/><D27/><U52/><E105/><V16/><F104/><W98/><G98/><T75/><D75/><U36/><E36/><V38/><F38/><W64/><G64/><T103/><D103/><U23/><E94/><N who="2" m="56775" /><F16/><W79/><G79/><T111/><D76/><U72/><E19/><V10/><F10/><W129/><G129/><T65/><D65/><AGARI ba="0,0" hai="1,3,57,61,65" m="56775,17449,43561" machi="65" ten="30,2000,0" yaku="15,1,54,1" doraHai="133" who="2" fromWho="0" sc="480,-20,44,0,298,20,178,0" owari="460,56.0,44,-46.0,318,12.0,178,-22.0" /></mjloggm>