<mjloggm ver="2.3"><GO type="41" lobby="0"/><UN n0="%61%75%6E" n1="%E6%A5%95%E5%86%86%E8%BB%8C%E9%81%93" n2="%E8%B2%A0%E3%81%91%E7%8A%AC%E3%81%98%E3%82%85%E3%82%93" n3="%E5%B0%B1%E6%B4%BB%E7%94%9F%40%E5%B7%9D%E6%9D%91%E8%BB%8D%E5%9B%A3" dan="15,14,15,14" rate="1990.94,1960.79,1942.71,1942.53" sx="M,M,M,M"/><TAIKYOKU oya="0"/><INIT seed="0,0,0,0,3,28" ten="250,250,250,250" oya="0" hai0="72,118,42,123,103,90,13,99,125,53,24,41,100" hai1="49,105,63,22,101,57,33,4,121,84,98,70,71" hai2="55,94,17,51,25,88,62,5,60,95,10,52,12" hai3="19,120,11,26,64,16,77,65,126,68,109,135,75"/><T48/><D118/><U86/><E121/><V116/><F116/><W76/><G120/><T59/><D123/><U20/><E4/><V108/><F108/><W111/><G126/><T115/><D115/><U81/><E86/><V61/><F25/><W31/><G135/><T32/><D72/><U74/><E74/><V93/><F5/><W45/><G45/><T92/><D125/><U39/><E39/><V34/><F34/><N who="3" m="20855" /><G68/><T132/><D132/><U73/><E73/><V14/><F14/><N who="3" m="7263" /><G75/><T40/><D32/><U66/><E71/><V50/><F50/><W35/><G76/><T124/><D124/><U107/><E107/><V134/><F134/><W128/><G77/><T78/><D24/><U106/><E106/><V21/><F10/><W114/><G114/><T0/><D0/><U83/><E83/><V9/><F9/><W87/><G87/><T58/><D78/><U2/><E2/><V6/><F6/><W23/><G128/><T56/><D13/><U44/><E33/><V89/><F55/><W127/><G127/><T7/><REACH who="0" step="1"/><D7/><REACH who="0" ten="240,250,250,250" step="2"/><U43/><E70/><V104/><F104/><W119/><G119/><T130/><D130/><U3/><E3/><V15/><F15/><N who="3" m="9727" /><G35/><T36/><D36/><U37/><E37/><V112/><F112/><W38/><G38/><T91/><D91/><AGARI ba="0,1" hai="20,22,43,44,49,57,63,66,81,84,91,98,101,105" machi="91" ten="30,1000,0" yaku="7,1" doraHai="28" who="1" fromWho="0" sc="240,-10,250,20,250,0,250,0" /><INIT seed="1,0,0,1,5,108" ten="230,270,250,250" oya="1" hai0="37,29,40,16,63,124,33,26,59,39,107,93,100" hai1="14,34,15,60,36,96,115,61,80,76,7,27,30" hai2="35,95,44,65,55,81,135,72,42,83,77,0,127" hai3="23,17,82,41,4,130,58,51,54,78,12,112,24"/><U79/><E36/><V122/><F122/><W31/><G130/><T32/><D124/><U109/><E79/><V19/><F127/><W5/><G41/><T134/><D134/><U28/><E28/><V132/><F65/><W57/><G57/><T116/><D116/><U6/><E109/><V103/><F35/><W53/><G53/><T64/><D107/><U52/><E115/><V71/><F71/><W38/><G38/><T3/><D3/><U62/><E96/><V91/><F55/><W133/><G133/><T45/><D39/><U43/><E43/><V69/><F69/><W131/><G131/><T128/><D128/><U120/><E120/><V105/><F0/><W66/><G66/><T2/><D2/><U110/><E110/><V99/><F19/><W21/><REACH who="3" step="1"/><G112/><REACH who="3" ten="230,270,250,240" step="2"/><T129/><D129/><U85/><REACH who="1" step="1"/><E52/><REACH who="1" ten="230,260,250,240" step="2"/><V13/><F132/><W68/><G68/><T73/><D40/><U9/><E9/><V114/><F114/><W74/><AGARI ba="0,2" hai="4,5,12,17,21,23,24,31,51,54,58,74,78,82" machi="74" ten="20,5200,0" yaku="1,1,0,1,7,1,53,1" doraHai="108" doraHaiUra="104" who="3" fromWho="3" sc="230,-13,260,-26,250,-13,240,72" /><INIT seed="2,0,0,4,3,85" ten="217,234,237,312" oya="2" hai0="65,35,73,43,84,6,72,87,8,127,75,63,37" hai1="132,123,52,126,124,66,51,119,89,90,3,33,49" hai2="69,1,110,55,61,71,70,25,12,47,64,59,4" hai3="112,113,107,68,11,111,101,131,80,45,5,134,7"/><V76/><F1/><W42/><G131/><T78/><D127/><N who="1" m="48683" /><E3/><V103/><F103/><W105/><G134/><T29/><D87/><U24/><E119/><V129/><F25/><W128/><G128/><T94/><D94/><U82/><E132/><V115/><F76/><W120/><G120/><T60/><D84/><U48/><E123/><V50/><F129/><W14/><G111/><T0/><D63/><U99/><E66/><V98/><F98/><N who="3" m="61623" /><G80/><N who="0" m="45127" /><D60/><U41/><E41/><V57/><F12/><W109/><G109/><T102/><D102/><U114/><E114/><N who="3" m="44138" /><G68/><T56/><D56/><N who="1" m="32775" /><E82/><V54/><F4/><N who="3" m="3431" /><G107/><T36/><D65/><U2/><E2/><V91/><F91/><N who="1" m="34825" /><E99/><V117/><F115/><W77/><G77/><T97/><D97/><U26/><E26/><V67/><F117/><W34/><G34/><T62/><D62/><U18/><E33/><V23/><F110/><W108/><G108/><T92/><D92/><U40/><E40/><V32/><F32/><W81/><G81/><T86/><D43/><U31/><E31/><V53/><F23/><AGARI ba="0,0" hai="18,23,24,49,51" m="34825,32775,48683" machi="23" ten="30,8000,1" yaku="18,1,52,3,54,1" doraHai="85" who="1" fromWho="2" sc="217,0,234,80,237,-80,312,0" /><INIT seed="3,0,0,1,0,0" ten="217,314,157,312" oya="3" hai0="127,83,44,43,53,4,55,90,79,10,125,101,78" hai1="68,104,23,47,110,86,42,12,120,77,6,97,99" hai2="123,67,19,133,63,129,85,5,13,36,48,107,8" hai3="88,89,72,66,82,7,109,60,56,59,62,28,51"/><W103/><G28/><T122/><D122/><U84/><E68/><V113/><F123/><W80/><G103/><T117/><D117/><U114/><E120/><V30/><F36/><W16/><G72/><T118/><D118/><U58/><E114/><V108/><F113/><W115/><G115/><T121/><D121/><U87/><E110/><V102/><F108/><W57/><G109/><T128/><D128/><U130/><E130/><V91/><F129/><W52/><G7/><T132/><D132/><U3/><E77/><V50/><F30/><W81/><REACH who="3" step="1"/><G16/><REACH who="3" ten="217,314,157,302" step="2"/><T24/><D101/><U18/><E104/><V37/><F133/><W40/><G40/><T96/><D43/><U106/><E106/><V38/><F102/><W64/><AGARI ba="0,1" hai="51,52,56,57,59,60,62,64,66,80,81,82,88,89" machi="64" ten="30,18000,2" yaku="1,1,0,1,9,1,8,1,54,2,53,0" doraHai="0" doraHaiUra="73" who="3" fromWho="3" sc="217,-60,314,-60,157,-60,302,190" /><INIT seed="3,1,0,5,0,42" ten="157,254,97,492" oya="3" hai0="109,39,22,66,12,105,93,77,50,121,36,91,68" hai1="14,46,57,55,65,116,130,53,0,49,60,100,112" hai2="34,73,85,11,69,37,7,84,89,102,110,56,74" hai3="21,78,18,54,10,127,79,52,27,134,126,5,64"/><W35/><G64/><T15/><D109/><U114/><E0/><V6/><F69/><W67/><G67/><T104/><D121/><U124/><E100/><V95/><F102/><W19/><G35/><T76/><D68/><U117/><E14/><V106/><F106/><W63/><G19/><T80/><D66/><U26/><E26/><V83/><F34/><W70/><G134/><T3/><D3/><U90/><E90/><V133/><F37/><W61/><G70/><T88/><D50/><U47/><E124/><N who="3" m="47658" /><G63/><T8/><D22/><U2/><E2/><V123/><F123/><W71/><G71/><T94/><REACH who="0" step="1"/><D80/><REACH who="0" ten="147,254,97,492" step="2"/><U32/><E32/><V111/><F133/><W45/><G61/><T96/><D96/><U28/><E130/><V58/><F111/><W24/><G24/><T86/><D86/><U13/><E116/><V97/><F110/><W4/><G54/><T59/><D59/><U44/><E117/><V115/><F84/><W92/><G92/><T43/><D43/><U23/><E112/><V107/><F115/><W125/><G125/><T103/><D103/><U129/><E114/><V17/><F107/><W72/><G72/><T1/><D1/><U113/><E113/><V48/><F74/><W40/><G40/><T30/><D30/><U132/><E28/><V135/><F73/><W9/><G9/><AGARI ba="1,1" hai="8,9,12,15,36,39,76,77,88,91,93,94,104,105" machi="9" ten="25,6400,0" yaku="1,1,22,2,54,1,53,0" doraHai="42" doraHaiUra="99" who="0" fromWho="3" sc="147,77,254,0,97,0,492,-67" /><INIT seed="4,0,0,5,4,117" ten="224,254,97,425" oya="0" hai0="17,4,122,22,119,91,88,81,0,102,104,135,7" hai1="23,96,15,74,105,126,73,51,61,9,84,35,75" hai2="39,86,106,103,58,48,5,18,125,59,45,60,71" hai3="65,67,79,50,31,114,49,111,124,66,6,21,85"/><T76/><D119/><U77/><E35/><V38/><F125/><W64/><G114/><T120/><D0/><U121/><E126/><V29/><F29/><W130/><G124/><T46/><D135/><U56/><E121/><V68/><F5/><W83/><G111/><T57/><D46/><U94/><E105/><V63/><F86/><W24/><G130/><T90/><D57/><N who="2" m="21514" /><F18/><W100/><G100/><T132/><D132/><U13/><E23/><V27/><F27/><W55/><G6/><T115/><D115/><U70/><E70/><N who="2" m="26667" /><F103/><W82/><N who="3" m="16896" /><DORA hai="92" /><W118/><G118/><T54/><D54/><U69/><E69/><V112/><F106/><W123/><G123/><T116/><D116/><U2/><E2/><V52/><F112/><W80/><G50/><T72/><D4/><U89/><E15/><V109/><F109/><W53/><REACH who="3" step="1"/><G55/><REACH who="3" ten="224,254,97,415" step="2"/><T97/><REACH who="0" step="1"/><D7/><REACH who="0" ten="214,254,97,415" step="2"/><U101/><E51/><V33/><F33/><W127/><G127/><T99/><D99/><U129/><E96/><V1/><F1/><W78/><G78/><T16/><D16/><U36/><E77/><V98/><F98/><W12/><G12/><AGARI ba="0,2" hai="12,17,22,72,76,81,88,90,91,97,102,104,120,122" machi="12" ten="40,18000,2" yaku="1,1,52,3,54,1,53,1" doraHai="117,92" doraHaiUra="26,11" who="0" fromWho="3" sc="214,200,254,0,97,0,415,-180" /><INIT seed="4,1,0,1,4,19" ten="414,254,97,235" oya="0" hai0="125,46,134,56,114,79,54,81,28,106,104,3,29" hai1="7,14,96,0,90,121,127,4,102,38,78,103,85" hai2="31,120,98,37,107,10,112,83,87,9,110,76,58" hai3="2,6,43,88,93,32,105,66,5,59,53,68,92"/><T124/><D3/><U99/><E38/><V118/><F112/><W100/><G32/><T129/><D114/><U36/><E36/><V60/><F118/><W22/><G105/><T27/><D129/><U24/><E0/><V115/><F115/><W41/><G68/><T70/><D70/><U57/><E121/><V39/><F120/><W40/><G2/><T132/><D46/><U128/><E128/><V50/><F110/><W26/><G66/><T86/><D29/><U51/><E78/><V65/><F31/><N who="3" m="17879" /><G100/><T35/><D106/><U20/><E127/><N who="0" m="48713" /><D104/><U21/><E24/><V15/><F50/><AGARI ba="1,0" hai="27,28,35,50,54,56,79,81,86,132,134" m="48713" machi="50" ten="30,1500,0" yaku="18,1" doraHai="19" who="0" fromWho="2" sc="414,18,254,0,97,-18,235,0" /><INIT seed="4,2,0,2,5,16" ten="432,254,79,235" oya="0" hai0="99,123,0,12,38,84,61,69,48,46,11,133,134" hai1="98,53,67,22,77,10,41,101,75,51,118,40,65" hai2="102,108,66,89,1,125,23,21,88,18,35,60,28" hai3="70,80,105,5,90,135,55,72,111,103,117,86,92"/><T49/><D0/><U95/><E118/><V2/><F108/><W82/><G117/><T64/><D123/><U62/><E75/><V43/><F43/><W3/><G111/><T85/><D99/><U127/><E77/><V131/><F102/><W115/><G70/><T121/><D121/><U25/><E127/><V83/><F83/><W78/><G3/><T109/><D109/><U110/><E10/><V116/><F116/><W7/><G115/><T24/><D24/><U4/><E4/><V26/><F125/><W114/><G114/><T81/><D85/><U107/><E107/><V126/><F126/><W79/><G135/><N who="0" m="51723" /><D38/><U44/><E67/><V39/><F39/><W19/><G19/><N who="0" m="8607" /><D46/><U113/><E113/><V47/><F47/><W13/><G13/><T112/><D112/><U8/><E8/><V15/><F2/><W42/><G105/><T33/><D33/><U63/><E110/><V58/><F1/><W71/><G103/><T122/><D122/><U36/><E36/><V59/><F131/><W96/><G5/><T54/><D54/><U14/><E14/><V73/><F73/><W104/><G7/><T30/><D30/><U120/><E120/><V9/><F59/><W94/><G55/><T129/><D129/><U50/><E65/><V124/><F124/><W128/><G128/><T74/><D74/><U29/><E41/><V45/><F45/><AGARI ba="2,0" hai="22,25,29,40,44,45,50,51,53,62,63,95,98,101" machi="45" ten="30,3900,0" yaku="7,1,8,1,52,1" doraHai="16" who="1" fromWho="2" sc="432,0,254,45,79,-45,235,0" /><INIT seed="5,0,0,1,0,68" ten="432,299,34,235" oya="1" hai0="21,4,48,9,77,101,111,133,50,128,74,94,121" hai1="23,103,117,38,73,100,10,56,102,89,45,105,41" hai2="72,13,6,57,59,120,124,20,106,67,65,22,61" hai3="12,110,44,130,37,42,108,64,129,8,119,11,17"/><U29/><E117/><V14/><F106/><W54/><G64/><T131/><D111/><U134/><E73/><V19/><F72/><W70/><G70/><T24/><D133/><U109/><E134/><V33/><F33/><W104/><G104/><T112/><D112/><U5/><E109/><V84/><F120/><W81/><G119/><T39/><D39/><U28/><E105/><V127/><F84/><W113/><G113/><T63/><D63/><U34/><E34/><V53/><F6/><W82/><G54/><T123/><D94/><U43/><E43/><V107/><F107/><W66/><G66/><T126/><D101/><U78/><E78/><V114/><F53/><W26/><G26/><T35/><D126/><U1/><E23/><V92/><F92/><W125/><G125/><T85/><D74/><U132/><E132/><V2/><F2/><W69/><G69/><T71/><D71/><U99/><E56/><V16/><F114/><W87/><G82/><N who="0" m="47311" /><D35/><U88/><REACH who="1" step="1"/><E99/><REACH who="1" ten="432,289,34,235" step="2"/><V93/><REACH who="2" step="1"/><F93/><REACH who="2" ten="432,289,24,235" step="2"/><W55/><G110/><T25/><D123/><U58/><E58/><V51/><F51/><W90/><G108/><T3/><D121/><U49/><E49/><V7/><F7/><W83/><G55/><T75/><D75/><U91/><AGARI ba="0,2" hai="1,5,10,28,29,38,41,45,88,89,91,100,102,103" machi="91" ten="30,11700,0" yaku="1,1,0,1,52,1,54,1,53,0" doraHai="68" doraHaiUra="47" who="1" fromWho="1" sc="432,-39,289,137,24,-39,235,-39" owari="393,19.0,426,53.0,-15,-52.0,196,-20.0" /></mjloggm>