<mjloggm ver="2.3"><GO type="41" lobby="0"/><UN n0="%E4%BB%B2%E6%9D%91%E3%81%95%E3%82%93" n1="%73%68%65%76%61%30%37" n2="%E5%B0%B1%E6%B4%BB%E7%94%9F%40%E5%B7%9D%E6%9D%91%E8%BB%8D%E5%9B%A3" n3="%E3%81%B2%E3%81%A4%E3%81%98%52" dan="14,13,15,14" rate="1933.02,1888.05,1950.30,1948.42" sx="M,M,M,M"/><TAIKYOKU oya="0"/><INIT seed="0,0,0,3,3,81" ten="250,250,250,250" oya="0" hai0="56,127,12,48,26,79,96,73,0,31,72,117,51" hai1="29,99,116,88,130,85,126,37,17,32,98,92,6" hai2="100,24,10,106,4,123,49,89,80,41,28,121,91" hai3="74,86,22,18,109,95,122,46,20,30,68,57,78"/><T53/><D117/><U70/><E116/><V62/><F106/><W23/><G109/><T58/><D0/><U21/><E37/><V76/><F100/><W61/><G68/><T128/><D128/><U52/><E130/><V105/><F105/><W101/><G74/><T112/><D112/><U9/><E126/><V40/><F62/><W54/><G30/><T133/><D127/><U93/><E70/><V45/><F40/><W65/><G122/><T103/><D133/><U16/><E85/><V131/><F131/><W34/><G34/><T113/><D113/><U90/><E32/><V3/><F91/><N who="3" m="53751" /><G78/><T59/><D12/><N who="1" m="5175" /><E29/><V94/><F89/><N who="1" m="34409" /><E21/><V69/><F94/><N who="1" m="36457" /><E52/><V114/><F69/><W44/><G101/><T13/><D13/><U75/><E75/><V104/><F104/><W5/><G5/><T82/><D73/><U102/><E102/><V107/><F107/><W7/><G7/><T42/><D42/><U1/><E1/><V35/><F114/><W125/><G125/><T132/><D132/><U11/><E11/><V14/><REACH who="2" step="1"/><F3/><REACH who="2" ten="250,250,240,250" step="2"/><W38/><G38/><T71/><D71/><U39/><E39/><V36/><F36/><W15/><G65/><T87/><D51/><U77/><E77/><V43/><F43/><W2/><G2/><T60/><D48/><U120/><E120/><V129/><F129/><W64/><G64/><T110/><D79/><U27/><E27/><V63/><F63/><W8/><AGARI ba="0,1" hai="8,15,18,20,22,23,44,46,54,57,61" m="53751" machi="8" ten="30,2000,0" yaku="8,1,52,1" doraHai="81" who="3" fromWho="3" sc="250,-10,250,-5,240,-5,250,30" /><INIT seed="1,0,0,4,3,39" ten="240,245,235,280" oya="1" hai0="28,120,67,0,1,82,114,46,18,34,3,35,96" hai1="44,85,37,75,11,74,51,124,24,73,97,103,95" hai2="83,78,17,63,110,111,101,90,77,68,53,2,33" hai3="8,105,58,40,31,116,86,133,36,64,27,66,42"/><U14/><E124/><V25/><F2/><W52/><G105/><T76/><D114/><U115/><E115/><V20/><F33/><W38/><G133/><T89/><D67/><N who="3" m="25641" /><G8/><T100/><D120/><U45/><E37/><N who="3" m="14442" /><G31/><T128/><D89/><U92/><E24/><V129/><F129/><W106/><G106/><T21/><D128/><U69/><E69/><V109/><F101/><W104/><G104/><T12/><D46/><U112/><E112/><V54/><F68/><W15/><G15/><T119/><D119/><U56/><E85/><N who="2" m="50495" /><F63/><N who="3" m="36295" /><G86/><T132/><D132/><U117/><E117/><V60/><F78/><W47/><G27/><T87/><D28/><U71/><E71/><V135/><F77/><W79/><G79/><T19/><D19/><U50/><E95/><V93/><F93/><W6/><G6/><T91/><D76/><U59/><E11/><V107/><F107/><W62/><G62/><T43/><D34/><U57/><REACH who="1" step="1"/><E14/><REACH who="1" ten="240,235,235,280" step="2"/><V26/><F25/><W113/><G113/><T49/><D12/><U10/><E10/><V4/><F26/><W7/><G7/><T121/><D0/><U23/><E23/><V88/><F135/><W123/><G123/><T65/><D121/><U55/><E55/><V22/><F54/><W108/><G116/><T32/><D1/><U70/><E70/><V126/><F53/><W5/><G5/><T48/><D3/><U41/><E41/><N who="3" m="15978" /><G47/><AGARI ba="0,1" hai="44,45,47,50,51,56,57,59,73,74,75,92,97,103" machi="47" ten="50,2400,0" yaku="1,1,53,0" doraHai="39" doraHaiUra="13" who="1" fromWho="3" sc="240,0,235,34,235,0,280,-24" /><INIT seed="1,1,0,0,0,110" ten="240,269,235,256" oya="1" hai0="131,24,55,66,37,103,50,76,67,102,81,17,77" hai1="120,45,90,78,38,85,96,34,14,0,100,72,82" hai2="20,74,125,109,129,25,62,107,4,130,127,5,126" hai3="52,99,84,2,64,104,31,83,135,10,73,42,91"/><U28/><E120/><V79/><F107/><W36/><G135/><T93/><D37/><U105/><E0/><V15/><F74/><W61/><G31/><T121/><D121/><U87/><E87/><V8/><F79/><N who="0" m="30282" /><D81/><U111/><E111/><V27/><F62/><W106/><G73/><T22/><D131/><N who="2" m="50186" /><F109/><W57/><G2/><T118/><D118/><U70/><E70/><V9/><F20/><W39/><G10/><T92/><D92/><N who="1" m="54351" /><E14/><AGARI ba="1,0" hai="4,5,8,9,14,15,25,27,125,126,127" m="50186" machi="14" ten="40,8000,1" yaku="18,1,19,1,34,2" doraHai="110" who="2" fromWho="1" sc="240,0,269,-83,235,83,256,0" /><INIT seed="2,0,0,5,2,52" ten="240,186,318,256" oya="2" hai0="56,88,101,66,82,83,89,62,67,127,118,37,32" hai1="93,87,6,108,84,135,76,72,53,100,47,74,70" hai2="81,60,98,99,25,61,103,51,114,19,119,115,111" hai3="16,113,97,107,124,85,36,39,134,73,38,4,35"/><V12/><F119/><W133/><G35/><T105/><D32/><U90/><E70/><V80/><F25/><W94/><G4/><T77/><D37/><U15/><E135/><N who="3" m="51722" /><G73/><T28/><D118/><U86/><E108/><V11/><F111/><W125/><G107/><T48/><D28/><U95/><E6/><V1/><F1/><W123/><G123/><T106/><D127/><N who="3" m="48713" /><G85/><T9/><D67/><U18/><E100/><V22/><F114/><W96/><G113/><T58/><D9/><U129/><E129/><V116/><F116/><W7/><G7/><T40/><D101/><U45/><E45/><V33/><F33/><W69/><G69/><T121/><D105/><U109/><E109/><V10/><F115/><W43/><G43/><T41/><D106/><U112/><E112/><V92/><F98/><N who="3" m="37995" /><G16/><T71/><D121/><U30/><E30/><V3/><F3/><W2/><G2/><T13/><D71/><U34/><E34/><V65/><F10/><W120/><G120/><T131/><D41/><U64/><E74/><V130/><F11/><W42/><G42/><T49/><D40/><U79/><E72/><V27/><F27/><W126/><N who="3" m="48721" /><W78/><DORA hai="31" /><G78/><T24/><D24/><U102/><E79/><V46/><F81/><W44/><G44/><T117/><D77/><U104/><E47/><V75/><F80/><W54/><G54/><T29/><D117/><U14/><E53/><N who="2" m="29943" /><F75/><W57/><G57/><T8/><D58/><U50/><E76/><V68/><F61/><W59/><G59/><T23/><D56/><U122/><E122/><RYUUKYOKU ba="0,0" sc="240,-15,186,-15,318,15,256,15" hai2="12,19,22,60,65,68,92,99,103,130" hai3="36,38,39,94" /><INIT seed="2,1,0,5,4,92" ten="225,171,333,271" oya="2" hai0="124,21,101,117,59,54,128,56,10,112,39,66,133" hai1="30,3,76,13,83,36,96,69,129,31,74,16,109" hai2="57,46,113,24,84,81,88,79,51,33,89,100,95" hai3="18,26,45,121,22,99,6,58,119,1,93,71,9"/><V15/><F113/><W43/><G121/><T70/><D112/><U86/><E36/><V130/><F130/><W34/><G119/><T105/><D128/><U110/><E3/><V75/><F57/><W63/><G71/><T50/><D117/><U32/><E69/><V90/><F15/><W53/><G43/><T29/><D39/><U125/><E129/><V48/><F48/><W108/><G108/><N who="1" m="41578" /><E74/><V135/><F135/><W20/><G20/><T23/><D133/><U85/><E32/><V131/><F131/><W118/><G118/><T122/><D122/><U35/><E35/><V120/><F120/><W28/><G45/><T0/><D124/><U80/><E125/><V25/><F33/><W5/><G5/><T40/><D70/><U114/><E114/><V82/><F100/><W38/><G38/><T104/><D40/><U107/><E107/><V98/><REACH who="2" step="1"/><F90/><REACH who="2" ten="225,171,323,271" step="2"/><W127/><G127/><T97/><D59/><U49/><E49/><V132/><F132/><W102/><G34/><T91/><D91/><N who="1" m="51623" /><E96/><V2/><F2/><W17/><AGARI ba="1,1" hai="1,6,9,17,18,22,26,28,53,58,63,93,99,102" machi="17" ten="30,2000,0" yaku="0,1,52,1" doraHai="92" who="3" fromWho="3" sc="225,-6,171,-6,323,-11,271,33" /><INIT seed="3,0,0,0,5,22" ten="219,165,312,304" oya="3" hai0="73,109,60,13,112,67,111,77,21,5,97,78,117" hai1="123,2,90,26,20,0,56,87,120,35,23,43,82" hai2="65,89,11,121,61,70,94,52,40,83,103,6,29" hai3="49,92,1,74,51,37,81,58,101,17,44,50,9"/><W85/><G74/><T130/><D117/><U68/><E68/><V8/><F121/><W106/><G106/><T34/><D34/><U59/><E43/><V45/><F103/><W108/><G37/><T132/><D132/><U30/><E0/><V3/><F11/><W36/><G36/><T129/><D112/><U99/><E2/><V10/><F10/><W96/><G1/><T54/><D54/><U33/><E33/><V84/><F29/><W76/><G58/><N who="0" m="37271" /><D97/><U119/><E119/><V135/><F135/><W32/><G32/><T55/><D55/><U72/><E72/><V116/><F116/><W53/><G108/><N who="0" m="41547" /><D73/><U15/><E15/><AGARI ba="0,0" hai="9,15,17,44,49,50,51,53,76,81,85,92,96,101" machi="15" ten="40,2000,0" yaku="8,1" doraHai="22" who="3" fromWho="1" sc="219,0,165,-20,312,0,304,20" /><INIT seed="3,1,0,4,2,50" ten="219,145,312,324" oya="3" hai0="124,3,7,86,57,47,113,48,9,104,61,80,11" hai1="128,22,2,37,42,5,83,33,63,118,121,24,69" hai2="29,49,130,105,79,52,15,84,8,1,125,38,78" hai3="66,27,54,67,35,131,44,53,89,77,126,106,120"/><W134/><G120/><T23/><D104/><U98/><E121/><V26/><F1/><W45/><G106/><T14/><D124/><U72/><E33/><V32/><F38/><W41/><G77/><T16/><D113/><U101/><E128/><V43/><F105/><W132/><G126/><T117/><D117/><U39/><E118/><V60/><F125/><W93/><G131/><T92/><D92/><U51/><E5/><V127/><F127/><W123/><G123/><T81/><D23/><U68/><E2/><V34/><F130/><W55/><G35/><T129/><D129/><U122/><E122/><V85/><F34/><W100/><G100/><T82/><D86/><U25/><E25/><V18/><F43/><W133/><G27/><T115/><D115/><U75/><E75/><V102/><F102/><W28/><G28/><T99/><D99/><U119/><E119/><V58/><F85/><N who="3" m="52399" /><G44/><T73/><D73/><U56/><E69/><V13/><F84/><W94/><G94/><T109/><D109/><U116/><E68/><V87/><F87/><W95/><G95/><T74/><D74/><U90/><E116/><V10/><REACH who="2" step="1"/><F60/><REACH who="2" ten="219,145,302,324" step="2"/><W19/><G19/><AGARI ba="1,1" hai="8,10,13,15,18,19,26,29,32,49,52,58,78,79" machi="19" ten="30,12000,2" yaku="1,1,2,1,7,1,9,1,52,1,54,1,53,0" doraHai="50" doraHaiUra="65" who="2" fromWho="3" sc="219,0,145,0,302,133,324,-123" /><INIT seed="4,0,0,0,4,59" ten="219,145,435,201" oya="0" hai0="17,64,91,125,47,2,112,117,82,6,69,134,79" hai1="7,95,23,89,99,44,90,130,97,102,133,70,135" hai2="115,66,9,88,116,28,85,15,32,100,41,20,124" hai3="1,58,72,34,111,63,126,54,127,0,60,78,106"/><T74/><D117/><U10/><E70/><V56/><F32/><W22/><G111/><T62/><D112/><U122/><E122/><V65/><F100/><W38/><G106/><T18/><D134/><N who="1" m="51211" /><E44/><V42/><F124/><N who="3" m="47659" /><G34/><T120/><D125/><U26/><E130/><V84/><F84/><W87/><G38/><T118/><D118/><U45/><E45/><V76/><F76/><W55/><G72/><T4/><D120/><U92/><E102/><V29/><F115/><W68/><G22/><T8/><D4/><U27/><E23/><V81/><F116/><W36/><G36/><T33/><D33/><U11/><E11/><V21/><F21/><W108/><G108/><T25/><D25/><U107/><E107/><V3/><F3/><AGARI ba="0,0" hai="3,7,10,26,27,89,90,92,95,97,99" m="51211" machi="3" ten="30,1000,0" yaku="20,1" doraHai="59" who="1" fromWho="2" sc="219,0,145,10,435,-10,201,0" /><INIT seed="5,0,0,0,0,100" ten="219,155,425,201" oya="1" hai0="4,57,1,120,34,90,107,117,8,60,71,89,58" hai1="73,126,56,92,125,114,10,123,26,63,75,2,106" hai2="41,96,131,129,111,51,109,132,53,76,5,14,33" hai3="104,43,86,22,31,122,72,77,103,62,37,101,61"/><U93/><E123/><V66/><F33/><W17/><G122/><T65/><D120/><U18/><E114/><V88/><F76/><W91/><G31/><T38/><D117/><U55/><E106/><V21/><F41/><W128/><G128/><N who="2" m="49225" /><F66/><W112/><G112/><T12/><D38/><U11/><E2/><V102/><F132/><W28/><G28/><T133/><D133/><U118/><E118/><V3/><F3/><W42/><G72/><T39/><D39/><U9/><E26/><V121/><F121/><W82/><G37/><T85/><D34/><U67/><E18/><N who="2" m="10455" /><F5/><W79/><G17/><T45/><D1/><U97/><E67/><V7/><F88/><W35/><G91/><T70/><D89/><U36/><E36/><V87/><F87/><W25/><G25/><T13/><D90/><U127/><REACH who="1" step="1"/><E97/><REACH who="1" ten="219,145,425,201" step="2"/><V50/><F7/><W83/><G104/><T113/><D4/><U40/><E40/><V95/><F53/><W27/><G27/><T98/><D65/><U105/><E105/><V54/><F54/><W124/><G42/><T23/><D107/><U46/><E46/><V134/><F134/><W108/><G43/><T15/><D45/><U84/><E84/><V30/><F30/><W135/><G86/><T20/><D85/><U119/><E119/><V110/><AGARI ba="0,1" hai="50,51,95,96,102,109,110,111" m="10455,49225" machi="110" ten="40,1500,0" yaku="19,1" doraHai="100" who="2" fromWho="2" sc="219,-4,145,-7,425,25,201,-4" /><INIT seed="6,0,0,3,4,64" ten="215,138,450,197" oya="2" hai0="112,98,55,109,17,80,59,129,29,33,62,108,27" hai1="132,24,63,34,100,42,11,58,31,61,22,3,57" hai2="7,79,85,30,110,114,23,39,125,19,87,115,94" hai3="0,104,134,43,91,56,116,99,71,21,48,49,1"/><V73/><F39/><W54/><G116/><T14/><D112/><U60/><E132/><V76/><F30/><W95/><G104/><T84/><D129/><U119/><E119/><V75/><F7/><W128/><G128/><T106/><D106/><U68/><E42/><V45/><F45/><W69/><G134/><T120/><D98/><U77/><E77/><V47/><F47/><W111/><G111/><T96/><D96/><U90/><E34/><V118/><F23/><W121/><G121/><T6/><D6/><U103/><E90/><V13/><F13/><W35/><G35/><T81/><D120/><U16/><E3/><V74/><F19/><W20/><G20/><T8/><D81/><U9/><E31/><V122/><F118/><W131/><G131/><T97/><D97/><U70/><E24/><V83/><F125/><W4/><G4/><T44/><D44/><U67/><E22/><V2/><F2/><W124/><G124/><T18/><D18/><U25/><E25/><V117/><F117/><W53/><G43/><T66/><D66/><U10/><E16/><V89/><F122/><W41/><G41/><T36/><D36/><U130/><E130/><V26/><F26/><W135/><G135/><T126/><D126/><U15/><E15/><V32/><F32/><W123/><G123/><T92/><D92/><U38/><E38/><V40/><F40/><W78/><G78/><AGARI ba="0,0" hai="8,14,17,27,29,33,55,59,62,78,80,84,108,109" machi="78" ten="30,1000,0" yaku="7,1" doraHai="64" who="0" fromWho="3" sc="215,10,138,0,450,0,197,-10" /><INIT seed="7,0,0,4,1,121" ten="225,138,450,187" oya="3" hai0="131,99,10,66,54,77,12,134,117,33,68,125,56" hai1="45,24,73,39,96,82,63,64,46,91,19,57,4" hai2="34,116,114,127,103,110,37,0,93,87,8,11,89" hai3="22,1,119,85,14,59,58,7,30,78,124,20,135"/><W47/><G119/><T44/><D117/><U21/><E4/><V62/><F110/><W75/><G75/><T27/><D77/><U41/><E46/><V115/><F34/><W35/><G135/><T61/><D134/><U15/><E15/><V84/><F37/><W120/><G120/><T118/><D118/><U101/><E73/><V74/><F74/><W112/><G112/><T128/><D125/><U92/><E82/><V25/><F103/><W72/><G72/><T106/><D44/><U88/><E91/><V26/><F62/><W69/><G69/><T65/><D106/><U2/><REACH who="1" step="1"/><E101/><REACH who="1" ten="225,128,450,187" step="2"/><V79/><F89/><W109/><G109/><T107/><D12/><U3/><AGARI ba="0,1" hai="2,3,19,21,24,39,41,45,57,63,64,88,92,96" machi="3" ten="30,8000,1" yaku="1,1,2,1,0,1,54,1,53,1" doraHai="121" doraHaiUra="90" who="1" fromWho="1" sc="225,-20,128,90,450,-20,187,-40" owari="205,-19.0,218,2.0,430,52.0,147,-35.0" /></mjloggm>