<mjloggm ver="2.3"><GO type="169" lobby="0"/><UN n0="%E9%A7%84%E5%A6%B9" n1="%54%2E%54%2E%38" n2="%E3%81%82%E3%81%B2%E3%82%8B%E3%81%95%E3%82%93" n3="%E5%B0%B1%E6%B4%BB%E7%94%9F%40%E5%B7%9D%E6%9D%91%E8%BB%8D%E5%9B%A3" dan="16,16,16,17" rate="2067.61,2071.19,2065.59,2145.27" sx="F,M,M,M"/><TAIKYOKU oya="0"/><INIT seed="0,0,0,4,3,129" ten="250,250,250,250" oya="0" hai0="1,31,100,95,60,83,122,117,24,59,98,7,90" hai1="79,45,10,40,42,130,89,52,66,71,135,126,123" hai2="62,19,69,34,25,27,68,81,99,26,4,36,115" hai3="106,5,116,77,37,124,55,48,43,111,119,13,73"/><T33/><D117/><U97/><E123/><V50/><F115/><W51/><G106/><T23/><D122/><U44/><E130/><V84/><F36/><W18/><G5/><T56/><D1/><U103/><E79/><V28/><F4/><W92/><G124/><T49/><D7/><U75/><E126/><V107/><F69/><W125/><G37/><T63/><D33/><U109/><E75/><V14/><F50/><W74/><G43/><T29/><D29/><U17/><E89/><V121/><F121/><W134/><G51/><T101/><D49/><U22/><E10/><V72/><F72/><W12/><G12/><T15/><D15/><U16/><E109/><V6/><F6/><W20/><G111/><T32/><D32/><U9/><E66/><V82/><F82/><W41/><G41/><T0/><D0/><U85/><E71/><V58/><F68/><W114/><G114/><T78/><D59/><U3/><E9/><V93/><F107/><W61/><G61/><T96/><D96/><U53/><E3/><V2/><F2/><W65/><G48/><T132/><D63/><U127/><E97/><V64/><F14/><W88/><G13/><T104/><D104/><U128/><E127/><V39/><F39/><W38/><G38/><T86/><REACH who="0" step="1"/><D132/><REACH who="0" ten="240,250,250,250" step="2"/><U91/><E135/><V120/><F120/><W57/><G134/><T133/><D133/><U70/><E70/><V54/><F34/><W35/><G125/><T30/><D30/><U87/><E128/><V94/><F28/><W102/><G119/><T108/><D108/><U112/><E17/><RYUUKYOKU ba="0,1" sc="240,30,250,-10,250,-10,250,-10" hai0="23,24,31,56,60,78,83,86,90,95,98,100,101" /><INIT seed="0,1,1,1,0,111" ten="270,240,240,240" oya="0" hai0="31,30,77,1,118,15,37,116,120,89,121,7,84" hai1="0,45,88,123,86,124,18,97,52,26,98,79,65" hai2="125,34,91,17,46,32,44,119,95,4,134,16,64" hai3="71,57,14,56,108,69,61,130,107,92,93,60,63"/><T68/><D68/><U9/><E0/><V74/><F74/><W75/><G75/><T109/><D37/><U59/><E123/><V100/><F134/><W3/><G3/><T62/><D77/><U40/><E79/><V29/><F125/><W38/><G107/><T23/><D62/><U43/><E124/><V13/><F119/><N who="0" m="45610" /><D89/><U24/><E65/><V117/><F117/><W35/><G35/><T113/><D84/><U99/><E9/><V114/><F64/><W48/><G38/><T82/><D82/><N who="1" m="49239" /><E18/><V67/><F67/><W21/><G48/><T66/><D66/><U11/><E11/><V28/><F91/><W5/><G63/><T25/><D1/><U47/><E26/><V132/><F132/><W112/><G61/><T70/><D70/><U96/><E24/><V135/><F135/><W50/><G60/><T58/><D109/><U53/><N who="1" m="24576" /><DORA hai="49" /><U6/><E6/><V115/><F4/><W94/><G71/><T110/><D110/><U103/><E103/><V80/><F100/><W128/><G69/><T73/><D7/><U72/><E72/><V90/><F90/><W127/><G5/><T12/><D25/><U126/><E126/><V55/><F13/><W22/><G127/><T2/><D2/><U39/><E59/><V20/><F80/><W81/><G108/><T122/><D58/><U133/><E133/><V19/><F19/><W83/><G92/><T102/><D120/><U41/><E39/><V106/><F95/><W36/><G36/><T78/><D121/><U54/><AGARI ba="1,1" hai="40,41,43,45,47,52,53,54" m="24576,49239" machi="54" ten="50,16000,3" yaku="29,2,8,1,52,3,54,2" doraHai="111,49" who="1" fromWho="1" sc="270,-81,240,173,240,-41,240,-41" /><INIT seed="1,0,0,3,4,23" ten="189,413,199,199" oya="1" hai0="102,10,133,33,76,14,88,98,43,121,113,39,27" hai1="9,120,72,115,117,90,80,96,99,69,0,57,109" hai2="26,97,50,49,42,132,119,101,62,5,54,24,92" hai3="67,105,64,48,111,82,114,41,13,104,3,66,55"/><U25/><E69/><V127/><F119/><W75/><G3/><T56/><D113/><U103/><E120/><V59/><F132/><W68/><G114/><T47/><D133/><U17/><E115/><V61/><F127/><W36/><G68/><T15/><D76/><U52/><E117/><V112/><F112/><W84/><G75/><T30/><D121/><U106/><E109/><V29/><F29/><W4/><G36/><T53/><D88/><U134/><E134/><V95/><F5/><W70/><G70/><T31/><D31/><U19/><E72/><V40/><F95/><W126/><G126/><T74/><D10/><U129/><E129/><V85/><F85/><W122/><G122/><T45/><D45/><U93/><E80/><V135/><F135/><W81/><G81/><T46/><D46/><U38/><E38/><V100/><F101/><W37/><G37/><T131/><D131/><U16/><E0/><V108/><F108/><W107/><G41/><N who="2" m="15977" /><F49/><W35/><G35/><T63/><REACH who="0" step="1"/><D74/><REACH who="0" ten="179,413,199,199" step="2"/><U6/><E9/><V58/><F50/><W110/><G111/><T73/><D73/><U34/><E6/><V78/><F78/><W32/><G110/><T7/><D7/><U44/><E44/><V87/><F87/><W12/><G4/><T1/><D1/><U116/><E116/><V2/><F2/><W124/><G124/><T128/><D128/><U8/><E8/><V20/><F20/><W79/><G32/><T83/><D83/><U86/><E34/><V28/><F28/><W71/><G71/><T11/><D11/><U91/><E86/><RYUUKYOKU ba="0,1" sc="179,10,413,-30,199,10,199,10" hai0="14,15,27,30,33,39,43,47,53,56,63,98,102" hai2="24,26,54,58,59,61,62,92,97,100" hai3="12,13,48,55,64,66,67,79,82,84,104,105,107" /><INIT seed="2,1,1,4,0,24" ten="189,383,209,209" oya="2" hai0="131,32,2,3,30,19,91,46,112,22,106,103,115" hai1="10,88,55,135,35,94,43,125,121,48,50,62,129" hai2="25,29,132,111,13,70,60,44,100,63,73,41,59" hai3="101,83,68,12,114,109,85,113,15,23,81,77,0"/><V51/><F73/><W118/><G109/><T17/><D131/><U86/><E129/><V67/><F132/><W124/><G0/><T105/><D91/><U116/><E135/><V36/><F111/><W31/><G68/><T5/><D22/><U52/><E116/><V37/><F100/><W119/><G101/><T126/><D103/><U82/><E121/><V90/><F13/><N who="3" m="5195" /><G83/><T98/><D98/><N who="1" m="57671" /><E35/><V123/><F90/><W95/><G95/><T69/><D46/><N who="1" m="25695" /><E125/><V1/><F1/><W49/><G49/><T61/><D69/><U64/><E10/><V80/><F80/><W57/><G57/><T75/><D75/><U33/><E33/><V8/><F8/><W134/><G134/><T130/><D32/><U16/><E62/><V127/><F127/><W102/><G102/><T54/><D61/><U92/><E64/><V76/><F123/><W20/><G20/><T39/><D126/><U28/><E92/><V78/><F37/><W99/><G99/><T4/><D39/><U96/><E96/><V72/><F72/><W11/><G11/><T27/><D130/><U56/><E55/><N who="2" m="32255" /><F63/><W58/><G58/><T71/><D71/><U117/><E117/><V93/><F93/><W74/><G74/><T45/><D54/><U26/><E82/><V97/><F97/><W40/><G40/><T42/><D42/><U107/><E107/><V110/><F110/><W89/><G77/><T79/><D79/><U84/><E28/><V34/><AGARI ba="1,1" hai="25,29,34,36,41,44,60,67,70,76,78" m="32255" machi="34" ten="30,3000,0" yaku="24,1,52,1" doraHai="24" who="2" fromWho="2" sc="189,-11,383,-11,209,43,209,-11" /><INIT seed="2,2,0,0,3,115" ten="178,372,252,198" oya="2" hai0="113,101,98,34,75,121,12,58,10,87,60,32,20" hai1="19,81,83,119,122,88,129,118,18,100,39,62,109" hai2="105,6,91,27,112,5,94,24,103,114,110,51,37" hai3="78,71,82,126,102,22,56,123,33,125,73,130,26"/><V79/><F37/><W47/><G71/><T89/><D75/><U14/><E39/><V132/><F79/><W29/><G123/><T25/><D121/><U7/><E122/><V59/><F114/><W65/><G130/><T135/><D135/><U93/><E129/><V104/><F112/><W52/><G102/><T85/><D113/><U72/><E100/><V41/><F132/><W50/><REACH who="3" step="1"/><G33/><REACH who="3" ten="178,372,252,188" step="2"/><T74/><D32/><U64/><E109/><V46/><F110/><W86/><G86/><T45/><D34/><U107/><E72/><V13/><F103/><W43/><G43/><T80/><D74/><U15/><E107/><V16/><F105/><W0/><G0/><T1/><D85/><U4/><E93/><V30/><F104/><W131/><G131/><T44/><D101/><U61/><REACH who="1" step="1"/><E64/><REACH who="1" ten="178,362,252,188" step="2"/><V90/><F94/><W66/><G66/><N who="0" m="39191" /><D98/><U134/><E134/><V117/><F90/><AGARI ba="2,2" hai="4,7,14,15,18,19,61,62,81,83,88,90,118,119" machi="90" ten="25,12000,2" yaku="1,1,22,2,52,2,54,1,53,0" doraHai="115" doraHaiUra="67" who="1" fromWho="2" sc="178,0,362,146,252,-126,188,0" /><INIT seed="3,0,0,4,3,67" ten="178,508,126,188" oya="3" hai0="29,89,2,20,59,82,70,34,5,16,35,28,100" hai1="128,84,134,135,4,25,24,44,46,43,120,90,124" hai2="88,112,117,7,6,57,126,65,68,32,36,74,69" hai3="48,0,99,11,22,130,21,98,133,110,9,61,73"/><W119/><G73/><T1/><D70/><U47/><E120/><V77/><F36/><W3/><G119/><T78/><D100/><U8/><E124/><V104/><F104/><W27/><G61/><T102/><D102/><U79/><E79/><V64/><F32/><N who="0" m="12330" /><D89/><U14/><E128/><V66/><F112/><W31/><G48/><T30/><D59/><U85/><E43/><V51/><F117/><W10/><G130/><T12/><D82/><U92/><E84/><V127/><F77/><W121/><G121/><T58/><D58/><U55/><REACH who="1" step="1"/><E55/><REACH who="1" ten="178,498,126,188" step="2"/><V41/><F74/><W115/><G115/><T62/><D78/><U106/><E106/><V54/><F41/><W23/><G133/><AGARI ba="0,1" hai="4,8,14,24,25,44,46,47,85,90,92,133,134,135" machi="133" ten="40,2600,0" yaku="1,1,20,1,53,0" doraHai="67" doraHaiUra="101" who="1" fromWho="3" sc="178,0,498,36,126,0,188,-26" /><INIT seed="4,0,0,4,0,68" ten="178,534,126,162" oya="0" hai0="112,104,120,32,108,115,3,42,121,57,2,39,51" hai1="9,20,54,118,94,128,79,34,1,86,83,90,125" hai2="7,70,114,8,88,97,98,11,126,35,102,95,30" hai3="66,105,93,19,116,63,132,23,78,56,123,10,5"/><T22/><D104/><U49/><E118/><V44/><F70/><W106/><G116/><T55/><D32/><U84/><E34/><V0/><F114/><N who="0" m="43562" /><D22/><U131/><E125/><V72/><F72/><W64/><G123/><N who="0" m="47179" /><D108/><U53/><E20/><V17/><F126/><W26/><G132/><T122/><N who="0" m="47187" /><T127/><DORA hai="58" /><D127/><U101/><E101/><V50/><F30/><W67/><G78/><T24/><D24/><U92/><E94/><V40/><F35/><W135/><G135/><T117/><D117/><U59/><E54/><V6/><F17/><W87/><G106/><T47/><AGARI ba="0,0" hai="2,3,39,42,47,51,55,57" m="47187,43562" machi="47" ten="50,4800,0" yaku="15,1,52,1" doraHai="68,58" who="0" fromWho="0" sc="178,48,534,-16,126,-16,162,-16" /><INIT seed="4,1,0,2,5,12" ten="226,518,110,146" oya="0" hai0="111,51,66,129,97,72,76,84,13,41,101,27,42" hai1="28,103,114,40,17,78,107,116,130,90,94,10,127" hai2="81,39,102,79,133,23,37,92,47,64,99,123,120" hai3="33,89,58,22,55,59,106,65,68,61,77,135,122"/><T11/><D72/><U121/><E116/><V112/><F112/><W56/><G33/><T1/><D1/><U50/><E121/><V34/><F34/><W85/><G135/><T131/><D66/><U80/><E114/><V36/><F133/><W75/><G122/><T8/><D111/><U115/><E115/><V119/><F119/><W20/><G106/><T60/><D60/><U5/><E28/><V29/><F64/><W62/><G75/><T2/><D27/><U126/><E130/><N who="0" m="49673" /><D2/><U6/><E103/><V16/><F29/><W113/><G77/><T57/><D57/><U109/><E107/><V26/><REACH who="2" step="1"/><F47/><REACH who="2" ten="226,518,100,146" step="2"/><W19/><G113/><T125/><D125/><U83/><E109/><V18/><F18/><W45/><G45/><N who="0" m="26031" /><D42/><U9/><E127/><V110/><F110/><W15/><REACH who="3" step="1"/><G20/><REACH who="3" ten="226,518,100,136" step="2"/><T104/><D8/><U86/><E126/><V118/><F118/><W117/><G117/><T82/><D11/><U124/><E9/><V87/><AGARI ba="1,2" hai="16,23,26,36,37,39,79,81,87,92,99,102,120,123" machi="87" ten="30,8000,1" yaku="1,1,0,1,52,1,54,1,53,1" doraHai="12" doraHaiUra="21" who="2" fromWho="2" sc="226,-41,518,-21,100,103,136,-21" /><INIT seed="5,0,0,2,2,51" ten="185,497,203,115" oya="1" hai0="43,40,122,10,20,109,68,133,67,57,0,106,117" hai1="18,44,38,71,126,15,88,28,102,95,132,104,17" hai2="49,36,130,96,86,23,82,98,30,9,94,135,119" hai3="123,24,99,47,87,69,1,100,77,112,134,116,65"/><U90/><E71/><V108/><F119/><W115/><G1/><T59/><D106/><U128/><E104/><V33/><F36/><W5/><G5/><T32/><D32/><U34/><E128/><V48/><F108/><W78/><G69/><T76/><D117/><U63/><E132/><V26/><F130/><W53/><G65/><T42/><D109/><U121/><E126/><V72/><F72/><W125/><G123/><T21/><D133/><U22/><E121/><V27/><F135/><W37/><G116/><T11/><D76/><U110/><E110/><V97/><F9/><N who="0" m="3082" /><D68/><U84/><E102/><V29/><REACH who="2" step="1"/><F94/><REACH who="2" ten="185,497,193,115" step="2"/><W129/><G37/><T4/><D122/><U2/><E38/><V124/><F124/><W54/><G134/><T62/><D0/><U56/><E95/><V101/><F101/><W50/><G125/><T70/><D70/><U81/><E2/><V31/><F31/><W105/><G129/><T66/><D4/><U3/><E28/><V58/><F58/><N who="0" m="22026" /><D62/><U7/><E3/><V85/><F85/><W13/><G87/><T8/><D8/><U83/><E84/><V75/><F75/><W25/><G112/><T14/><D14/><U46/><E63/><V16/><F16/><W60/><G13/><T89/><D89/><AGARI ba="0,1" hai="23,26,27,29,30,33,48,49,82,86,89,96,97,98" machi="89" ten="40,1300,0" yaku="1,1,53,0" doraHai="51" doraHaiUra="41" who="2" fromWho="0" sc="185,-13,497,0,193,23,115,0" /><INIT seed="6,0,0,2,0,92" ten="172,497,216,115" oya="2" hai0="56,49,46,84,40,0,135,31,115,44,61,134,78" hai1="128,51,50,127,14,109,28,35,88,97,82,75,59" hai2="63,64,3,95,13,21,111,106,17,7,23,69,125" hai3="60,116,45,77,15,12,114,87,18,133,71,57,1"/><V4/><F106/><W19/><G1/><T33/><D0/><U93/><E128/><V117/><F117/><W86/><G116/><T108/><D108/><U100/><E109/><V79/><F111/><W55/><G133/><T104/><D104/><U24/><E127/><V121/><F121/><W10/><G114/><T83/><D115/><U122/><E122/><V85/><F125/><W96/><G77/><T70/><D70/><U99/><E14/><V37/><F37/><W73/><G73/><T123/><D123/><U52/><E82/><V2/><F2/><W129/><G45/><T72/><D72/><U36/><E75/><V110/><F3/><W101/><G71/><T11/><D31/><U48/><E36/><V107/><F107/><AGARI ba="0,0" hai="24,28,35,48,50,51,52,59,88,93,97,99,100,107" machi="107" ten="30,8000,1" yaku="7,1,52,2,54,2" doraHai="92" who="1" fromWho="2" sc="172,0,497,80,216,-80,115,0" /><INIT seed="7,0,0,3,3,32" ten="172,577,136,115" oya="3" hai0="57,26,70,58,93,117,25,33,61,52,64,49,96" hai1="75,27,37,62,100,9,113,7,128,68,18,73,111" hai2="126,91,129,81,71,108,42,50,16,21,135,10,106" hai3="76,45,28,133,74,131,134,34,36,60,65,124,20"/><W92/><G124/><T23/><D117/><U80/><E37/><V98/><F108/><W54/><G131/><T24/><D33/><U118/><E62/><V6/><F71/><W51/><G34/><T94/><D70/><U5/><E18/><V88/><F135/><N who="3" m="51723" /><G74/><T14/><D14/><U22/><E9/><V102/><F126/><W72/><G72/><T101/><D93/><U11/><E80/><V59/><F129/><W53/><G76/><T90/><D101/><U55/><E128/><V66/><F81/><W47/><G92/><T123/><D123/><U109/><E118/><V82/><F82/><W79/><G79/><T15/><D15/><U8/><E100/><V17/><F91/><W2/><G2/><T95/><D95/><U13/><E75/><V87/><F21/><AGARI ba="0,0" hai="21,23,24,25,26,49,52,57,58,61,64,90,94,96" machi="21" ten="40,2600,0" yaku="8,1,54,1" doraHai="32" who="0" fromWho="2" sc="172,26,577,0,136,-26,115,0" owari="198,0.0,577,67.0,110,-39.0,115,-28.0" /></mjloggm>