<mjloggm ver="2.3"><GO type="169" lobby="0"/><UN n0="%7A%6B%75%72%74" n1="%E3%82%A6%E3%83%AB%E3%83%88%E3%83%A9%E7%AB%8B%E7%9B%B4" n2="%E9%9B%AA%E4%B9%83%E7%80%AC%E9%BA%97" n3="%E6%B4%BE%E9%81%A3%E3%81%AE%E3%82%B8%E3%83%A3%E3%83%83%E3%82%AF" dan="18,17,16,17" rate="2211.10,2140.04,2114.00,2111.94" sx="M,M,M,M"/><TAIKYOKU oya="0"/><INIT seed="0,0,0,3,0,28" ten="250,250,250,250" oya="0" hai0="42,30,96,117,11,116,123,110,99,9,10,122,81" hai1="80,6,19,90,133,45,5,68,114,1,36,44,92" hai2="135,126,24,75,128,89,119,4,105,2,38,13,103" hai3="95,35,54,106,12,70,112,91,15,0,57,101,63"/><T62/><D42/><U102/><E68/><V71/><RYUUKYOKU type="yao9" ba="0,0" sc="250,0,250,0,250,0,250,0" hai2="2,4,13,24,38,71,75,89,103,105,119,126,128,135" /><INIT seed="0,1,0,0,1,112" ten="250,250,250,250" oya="0" hai0="65,33,67,105,13,86,52,53,97,51,15,29,119" hai1="7,49,115,45,5,11,104,18,84,30,121,88,68" hai2="21,116,44,38,19,14,24,43,55,12,93,99,20" hai3="73,102,123,23,89,81,129,85,34,41,135,106,110"/><T107/><D119/><U64/><E104/><V109/><F109/><W25/><G34/><T127/><D127/><U10/><E30/><V122/><F122/><W47/><G123/><T16/><D86/><U56/><E68/><V58/><F116/><W8/><G110/><T80/><D80/><U90/><E121/><V118/><F21/><W63/><G135/><T31/><D51/><U87/><E56/><V69/><F118/><W126/><G129/><T91/><D91/><U48/><E64/><V120/><F69/><W42/><G126/><T59/><D59/><U3/><E18/><V131/><F131/><W95/><G63/><T17/><D97/><U61/><E61/><V82/><F82/><W36/><G41/><T98/><D98/><U124/><E124/><V78/><F78/><W75/><G106/><T9/><D9/><U114/><REACH who="1" step="1"/><E3/><REACH who="1" ten="250,240,250,250" step="2"/><V94/><F120/><W100/><G8/><T39/><D33/><U37/><E37/><AGARI ba="1,1" hai="13,15,16,17,29,31,37,39,52,53,65,67,105,107" machi="37" ten="25,9600,0" yaku="22,2,54,2" doraHai="112" who="0" fromWho="1" sc="250,109,240,-99,250,0,250,0" /><INIT seed="0,2,0,5,5,112" ten="359,141,250,250" oya="0" hai0="13,22,74,52,100,73,123,75,51,111,12,86,105" hai1="3,107,5,91,99,122,38,118,113,103,30,16,15" hai2="95,27,120,131,21,43,125,55,60,64,128,119,104" hai3="76,33,77,8,124,57,92,47,65,82,117,2,1"/><T14/><D123/><U78/><E38/><V53/><F104/><W35/><G124/><T127/><D127/><U50/><E122/><V62/><F120/><W90/><G47/><T26/><D111/><U32/><E78/><V20/><F125/><W36/><G36/><T67/><D67/><U94/><E50/><V31/><F43/><W0/><G8/><T7/><D7/><U96/><E113/><V110/><F110/><W108/><G108/><T49/><D86/><U11/><E30/><V17/><F119/><W132/><G132/><T23/><D26/><U25/><E32/><V129/><F95/><W134/><G134/><T121/><D121/><U59/><E59/><V115/><F115/><W66/><G117/><T101/><D105/><U6/><E118/><V40/><F40/><W89/><G57/><T84/><D84/><U87/><E25/><N who="2" m="14479" /><F62/><W71/><G71/><AGARI ba="2,0" hai="21,27,31,53,55,60,64,71,128,129,131" m="14479" machi="71" ten="30,1000,0" yaku="19,1" doraHai="112" who="2" fromWho="3" sc="359,0,141,0,250,16,250,-16" /><INIT seed="1,0,0,3,0,30" ten="359,141,266,234" oya="1" hai0="58,124,77,114,5,88,31,49,94,68,120,79,96" hai1="10,23,75,128,74,112,26,55,7,18,95,52,93" hai2="0,41,134,110,123,51,90,133,45,4,56,103,84" hai3="40,80,115,65,107,16,42,91,131,104,44,6,43"/><U47/><E128/><V50/><F110/><W119/><G115/><T46/><D68/><U8/><E112/><V38/><F123/><W86/><G131/><T53/><D114/><U12/><E75/><V100/><F4/><W22/><G6/><T76/><D124/><U85/><E74/><V35/><F35/><W63/><G119/><T29/><D120/><U21/><E47/><V97/><F0/><W99/><G99/><T126/><D126/><U66/><E66/><V121/><F121/><W36/><G104/><T33/><D33/><U82/><E21/><V101/><F97/><W106/><G106/><T102/><D5/><U3/><E93/><V54/><REACH who="2" step="1"/><F38/><REACH who="2" ten="359,141,256,234" step="2"/><W2/><G2/><T70/><D102/><U64/><E3/><V130/><F130/><W17/><G107/><T105/><D105/><U39/><E39/><V98/><F98/><W72/><G36/><T15/><D70/><U122/><E122/><V67/><F67/><W135/><G135/><T83/><D96/><U14/><E64/><V116/><F116/><W129/><G129/><T87/><D87/><U73/><E73/><V92/><AGARI ba="0,1" hai="41,45,50,51,54,56,84,90,92,100,101,103,133,134" machi="92" ten="30,2000,0" yaku="1,1,0,1,53,0" doraHai="30" doraHaiUra="13" who="2" fromWho="2" sc="359,-5,141,-10,256,30,234,-5" /><INIT seed="2,0,0,5,0,6" ten="354,131,286,229" oya="2" hai0="22,29,17,34,64,85,40,113,117,65,25,51,101" hai1="128,27,54,38,43,126,124,106,70,1,68,119,95" hai2="45,60,9,116,5,67,71,58,134,105,80,2,107" hai3="121,50,104,8,89,24,73,63,77,97,88,33,82"/><V11/><F116/><W108/><G121/><T109/><D113/><U62/><E106/><V56/><F134/><W15/><G108/><T120/><D120/><U37/><E95/><V123/><F123/><W55/><G63/><T12/><D117/><U10/><E27/><V125/><F125/><N who="1" m="48233" /><E1/><V78/><F45/><W92/><G104/><T118/><D118/><U46/><E10/><V132/><F132/><W135/><G135/><T59/><D101/><U20/><E20/><V30/><F30/><W3/><G3/><T112/><D112/><U76/><E76/><V41/><F41/><W39/><G39/><N who="1" m="14858" /><E119/><V49/><F11/><W57/><G89/><T110/><D85/><U102/><E102/><V26/><F26/><W93/><G93/><T91/><D91/><U13/><E13/><V94/><F58/><W66/><G66/><T42/><D65/><U74/><E74/><V0/><F0/><W21/><G33/><T90/><D90/><U129/><E43/><V18/><F18/><W114/><G114/><T48/><D42/><U133/><E133/><V47/><F94/><W36/><G36/><T130/><D40/><U4/><E4/><V69/><F107/><W111/><G24/><T32/><D32/><U96/><E96/><V52/><F105/><W23/><G111/><T35/><D35/><U86/><E86/><AGARI ba="0,0" hai="2,5,9,47,49,52,56,60,67,69,71,78,80,86" machi="86" ten="30,5800,0" yaku="7,1,52,1,54,1" doraHai="6" who="2" fromWho="1" sc="354,0,131,-58,286,58,229,0" /><INIT seed="2,1,0,2,0,81" ten="354,73,344,229" oya="2" hai0="35,86,14,1,42,69,106,45,85,34,87,36,111" hai1="122,43,19,33,101,25,88,48,2,24,103,119,37" hai2="89,94,10,58,29,52,18,72,62,120,38,104,84" hai3="21,125,5,17,55,109,130,68,99,134,3,31,98"/><V41/><F120/><W74/><G74/><T102/><D1/><U77/><E2/><V93/><F72/><W44/><G68/><T60/><D111/><U9/><E37/><V28/><F104/><W22/><G109/><T26/><D14/><N who="1" m="7631" /><E33/><V96/><F41/><W53/><G134/><T0/><D0/><U121/><E77/><V47/><F38/><W107/><G130/><T128/><D128/><U12/><E12/><N who="2" m="7447" /><F47/><W8/><G125/><T76/><D76/><U82/><E119/><V114/><F114/><W113/><G113/><T116/><D116/><U20/><E122/><V132/><F132/><W7/><G7/><T23/><D102/><AGARI ba="1,0" hai="28,29,52,58,62,84,89,93,94,96,102" m="7447" machi="102" ten="30,5800,0" yaku="8,1,52,1,54,1" doraHai="81" who="2" fromWho="0" sc="354,-61,73,0,344,61,229,0" /><INIT seed="2,2,0,4,4,59" ten="293,73,405,229" oya="2" hai0="28,105,129,68,66,63,109,73,10,64,69,122,13" hai1="133,56,43,17,33,30,98,86,134,85,44,0,42" hai2="101,89,84,120,45,47,110,36,117,88,132,93,113" hai3="51,24,5,125,70,97,22,65,46,116,135,48,34"/><V35/><F35/><W74/><G116/><T20/><D122/><U11/><E30/><V91/><F117/><W40/><G74/><T112/><D112/><U41/><E33/><V77/><F120/><W15/><G125/><T92/><D105/><U29/><E29/><V3/><F3/><W87/><G135/><N who="1" m="51722" /><E98/><N who="2" m="59599" /><F36/><W4/><G34/><T130/><D73/><U114/><E114/><V16/><F113/><W27/><G97/><T67/><D109/><U61/><E44/><N who="2" m="16971" /><F110/><W18/><G87/><T126/><D126/><U53/><E0/><V75/><F75/><W57/><G70/><T121/><D121/><U104/><E104/><V50/><F50/><W131/><G131/><N who="0" m="50187" /><D69/><U39/><E39/><V6/><F6/><N who="3" m="2667" /><G48/><T82/><D82/><U124/><E124/><V54/><F54/><W52/><G40/><T32/><D32/><U108/><E108/><V2/><F2/><W107/><G107/><T26/><D92/><U38/><E38/><V58/><F58/><W95/><G95/><T14/><D14/><AGARI ba="2,0" hai="11,14,17,41,42,43,53,56,61,85,86" m="51722" machi="14" ten="30,2000,0" yaku="20,1,52,1" doraHai="59" who="1" fromWho="0" sc="293,-26,73,26,405,0,229,0" /><INIT seed="3,0,0,0,5,119" ten="267,99,405,229" oya="3" hai0="125,57,89,75,59,86,117,114,132,72,121,29,35" hai1="25,16,96,101,77,92,116,107,27,3,8,128,66" hai2="130,67,124,39,64,108,2,7,98,12,70,134,13" hai3="40,100,30,73,84,87,120,94,53,45,115,103,58"/><W1/><G115/><T43/><D121/><U33/><E116/><V61/><F108/><W6/><G73/><T93/><D117/><U0/><E128/><V18/><F39/><W78/><G120/><T14/><D43/><U102/><E77/><V123/><F134/><W28/><G1/><T17/><D132/><U23/><E8/><V42/><F42/><W49/><G6/><T21/><D125/><U68/><E92/><V122/><F2/><W11/><G11/><T112/><D29/><N who="3" m="11369" /><G78/><T26/><D35/><U135/><E102/><N who="3" m="38954" /><G94/><T131/><D131/><U50/><E135/><V88/><F130/><W19/><G19/><T48/><D26/><U10/><E10/><V4/><F124/><W126/><G126/><T97/><D97/><U62/><E27/><V127/><F127/><W44/><G44/><T90/><D90/><U110/><E33/><V82/><F98/><W118/><G118/><T24/><D24/><U15/><E25/><V34/><F34/><W55/><G40/><T47/><D75/><U38/><E38/><V105/><F18/><W41/><G41/><N who="0" m="24687" /><D72/><U9/><E0/><V54/><F123/><W5/><G5/><T22/><D22/><U56/><E23/><V81/><F122/><W51/><AGARI ba="0,0" hai="45,49,51,53,55,58,84,87" m="38954,11369" machi="51" ten="30,1500,0" yaku="8,1" doraHai="119" who="3" fromWho="3" sc="267,-5,99,-5,405,-5,229,15" /><INIT seed="3,1,0,5,5,23" ten="262,94,400,244" oya="3" hai0="41,40,66,95,86,70,17,130,1,50,64,91,43" hai1="21,92,16,109,127,6,26,51,117,49,63,39,20" hai2="133,35,44,28,115,3,106,33,34,52,45,2,29" hai3="19,77,83,73,24,60,67,71,132,12,10,38,114"/><W134/><G38/><T56/><D130/><U14/><E39/><V87/><F106/><W75/><G114/><T135/><D135/><N who="3" m="51753" /><G75/><T36/><D1/><U120/><E120/><V101/><F133/><W98/><G98/><T31/><D36/><U90/><E117/><V4/><F115/><W122/><G122/><T62/><D31/><N who="1" m="17871" /><E127/><V58/><F101/><W103/><G103/><T61/><REACH who="0" step="1"/><D17/><REACH who="0" ten="252,94,400,244" step="2"/><U85/><E109/><V25/><F3/><W105/><G105/><T79/><D79/><U27/><E63/><V94/><F2/><W99/><G99/><T32/><D32/><U54/><E54/><V9/><F33/><W48/><G48/><AGARI ba="1,1" hai="40,41,43,48,50,56,61,62,64,66,70,86,91,95" machi="48" ten="40,2600,0" yaku="1,1,53,1" doraHai="23" doraHaiUra="53" who="0" fromWho="3" sc="252,39,94,0,400,0,244,-29" /><INIT seed="4,0,0,2,2,77" ten="291,94,400,215" oya="0" hai0="129,20,50,32,88,46,23,48,101,122,12,98,94" hai1="111,90,22,67,82,24,37,18,91,19,60,97,56" hai2="26,49,128,27,135,52,66,39,99,25,134,51,70" hai3="16,109,4,121,6,3,89,118,38,102,8,113,130"/><T21/><D32/><U53/><E37/><V76/><F39/><W85/><G118/><T72/><D122/><U74/><E111/><V64/><F128/><W103/><G109/><T119/><D119/><U1/><E1/><V2/><F2/><W79/><G38/><T45/><D129/><U80/><E74/><V40/><F70/><W115/><G79/><T123/><D123/><U5/><E5/><V127/><F127/><W58/><G130/><T73/><D12/><U105/><E105/><V13/><F76/><W54/><G121/><T43/><REACH who="0" step="1"/><D101/><REACH who="0" ten="281,94,400,215" step="2"/><U42/><E42/><AGARI ba="0,1" hai="20,21,23,42,43,45,46,48,50,72,73,88,94,98" machi="42" ten="40,12000,1" yaku="1,1,2,1,9,1,54,1,53,1" doraHai="77" doraHaiUra="92" who="0" fromWho="1" sc="281,130,94,-120,400,0,215,0" owari="411,51.0,-26,-53.0,400,20.0,215,-18.0" /></mjloggm>