<mjloggm ver="2.3"><GO type="97" lobby="0"/><UN n0="%E2%98%86%E9%9A%BC%E2%98%86" n1="%E3%83%88%E3%83%88%E3%83%AA%E5%85%88%E7%94%9F%31%39%E6%AD%B3" n2="%E6%B2%88%E5%A4%A2" n3="%E5%85%AD%E6%9D%A1%E3%81%AE%E5%BE%A1%E6%81%AF%E6%89%80" dan="15,15,14,14" rate="1981.33,2036.49,1917.99,1910.71" sx="M,F,M,F"/><TAIKYOKU oya="0"/><INIT seed="0,0,0,5,3,47" ten="250,250,250,250" oya="0" hai0="18,101,125,86,108,96,106,111,38,25,127,55,10" hai1="29,32,48,89,116,24,0,91,78,51,79,7,20" hai2="6,109,11,104,49,90,134,9,21,71,69,16,42" hai3="73,77,124,102,70,22,94,117,72,54,82,2,133"/><T56/><D38/><U129/><E116/><V81/><F104/><W59/><G117/><T83/><D10/><U19/><E129/><V66/><F134/><W27/><G70/><T118/><D118/><U122/><E122/><V41/><F71/><W23/><G2/><T26/><D18/><U57/><E57/><V63/><F109/><N who="0" m="42058" /><D56/><U113/><E113/><V135/><F6/><W28/><G133/><T60/><D55/><U65/><E65/><V85/><F135/><W58/><G124/><N who="0" m="47691" /><D60/><U17/><E17/><V1/><F1/><W107/><G59/><T98/><D98/><U3/><E3/><V100/><F100/><W15/><G107/><T64/><D64/><U39/><E39/><V88/><F90/><AGARI ba="0,0" hai="25,26,83,86,90,96,101,106" m="47691,42058" machi="90" ten="30,5800,0" yaku="14,1,10,1,18,1" doraHai="47" who="0" fromWho="2" sc="250,58,250,0,250,-58,250,0" /><INIT seed="0,1,0,5,4,77" ten="308,250,192,250" oya="0" hai0="121,57,30,128,129,40,61,75,87,42,90,91,114" hai1="41,51,59,48,95,19,32,115,54,84,46,52,96" hai2="133,97,117,36,20,113,29,49,119,43,79,94,5" hai3="44,83,21,126,103,2,82,6,123,78,109,13,7"/><T34/><D75/><U100/><E32/><V110/><F113/><W86/><G2/><T63/><D114/><U125/><E115/><V25/><F110/><W56/><G109/><T81/><D121/><U85/><E125/><V98/><F5/><W69/><G69/><T92/><D30/><U130/><E130/><N who="0" m="50281" /><D34/><U122/><E122/><V22/><F36/><W3/><G3/><T73/><D73/><U132/><E132/><V124/><F124/><W0/><G0/><T131/><D131/><U37/><REACH who="1" step="1"/><E19/><REACH who="1" ten="308,240,192,250" step="2"/><V102/><F133/><W35/><G123/><T111/><D111/><U135/><E135/><V112/><F112/><W72/><G35/><T47/><D47/><AGARI ba="1,1" hai="37,41,46,47,48,51,52,54,59,84,85,95,96,100" machi="47" ten="30,3900,0" yaku="1,1,7,1,54,1,53,0" doraHai="77" doraHaiUra="4" who="1" fromWho="0" sc="308,-42,240,52,192,0,250,0" /><INIT seed="1,0,0,1,5,81" ten="266,292,192,250" oya="1" hai0="91,43,107,22,58,30,133,20,79,86,74,1,122" hai1="7,85,0,9,130,67,35,64,73,77,13,78,125" hai2="126,118,134,124,31,21,56,39,116,89,52,10,18" hai3="63,41,135,120,55,28,46,88,27,75,123,17,90"/><U49/><E35/><V15/><F39/><W34/><G75/><T111/><D107/><U70/><E73/><V47/><F47/><W99/><G135/><T94/><D1/><U36/><E36/><V16/><F89/><W69/><G90/><T101/><D122/><U72/><E72/><V60/><F31/><W84/><G99/><T95/><D111/><U121/><E121/><V132/><F18/><W40/><G41/><T29/><D133/><N who="2" m="51306" /><F21/><W80/><G17/><T62/><D43/><U57/><E77/><V114/><F114/><W54/><G54/><N who="0" m="34135" /><D79/><U6/><E78/><V82/><F82/><W24/><G24/><T100/><D74/><U97/><E7/><V102/><F102/><N who="0" m="39530" /><D95/><U109/><E109/><V76/><F76/><W96/><G96/><T93/><D93/><U48/><E97/><V106/><F106/><W103/><G103/><T104/><D104/><U61/><E6/><V11/><F11/><W112/><G112/><T38/><D38/><U32/><E9/><V44/><F44/><W131/><G123/><T5/><D5/><U117/><E32/><V92/><F92/><W110/><G120/><T51/><D29/><U4/><E4/><V26/><F26/><W2/><G110/><T3/><D30/><U45/><E45/><V119/><AGARI ba="0,0" hai="10,15,16,52,56,60,116,118,119,124,126" m="51306" machi="119" ten="40,5200,0" yaku="20,1,54,2" doraHai="81" who="2" fromWho="2" sc="266,-13,292,-26,192,52,250,-13" /><INIT seed="2,0,0,5,4,16" ten="253,266,244,237" oya="2" hai0="47,131,7,101,30,123,112,110,124,12,91,59,89" hai1="95,78,118,40,73,105,93,32,117,13,6,128,120" hai2="57,54,52,85,41,63,2,58,67,60,127,116,132" hai3="21,71,20,103,51,86,100,135,77,88,130,62,18"/><V33/><F33/><W45/><G130/><T53/><D123/><U17/><E32/><V90/><F2/><W11/><G135/><T68/><D112/><U98/><E120/><V4/><F4/><W61/><G77/><T19/><D68/><U109/><E128/><V24/><F116/><W15/><G71/><T66/><D110/><U50/><E105/><V76/><F132/><W111/><G111/><T48/><D131/><U35/><E35/><V99/><F127/><W129/><G129/><T5/><D30/><U122/><E122/><V43/><F24/><W87/><G87/><T134/><D101/><N who="3" m="38985" /><G62/><N who="0" m="38239" /><D124/><U81/><E6/><N who="0" m="2057" /><D134/><U65/><E109/><V42/><F67/><W22/><G61/><T80/><D80/><U107/><E107/><V79/><REACH who="2" step="1"/><F99/><REACH who="2" ten="253,266,234,237" step="2"/><W37/><G37/><T69/><D69/><U115/><E98/><V28/><F28/><W55/><G11/><AGARI ba="0,1" hai="11,12,19,47,48,53,89,91" m="2057,38239" machi="11" ten="30,1000,0" yaku="8,1" doraHai="16" who="0" fromWho="3" sc="253,20,266,0,234,0,237,-10" /><INIT seed="3,0,0,2,1,72" ten="273,266,234,227" oya="3" hai0="71,77,32,131,51,97,88,21,65,50,110,73,4" hai1="105,22,3,98,62,40,92,0,94,114,15,58,18" hai2="103,46,9,80,78,127,25,104,39,119,7,84,28" hai3="24,113,116,118,12,10,79,23,86,37,27,63,128"/><W41/><G113/><T67/><D131/><U66/><E114/><V36/><F119/><W6/><G128/><T29/><D110/><U17/><E105/><V102/><F127/><W43/><G118/><T68/><D32/><U35/><E35/><V60/><F60/><W132/><G116/><T42/><D4/><U31/><E92/><V87/><F46/><W91/><G132/><T55/><D71/><U133/><E133/><V56/><F56/><W135/><G37/><T13/><D68/><U125/><E125/><V47/><F47/><W14/><G135/><T111/><D111/><U8/><E40/><N who="3" m="15434" /><G63/><T1/><D1/><U38/><E38/><V76/><F36/><W34/><G34/><T16/><D29/><U117/><E117/><V115/><F115/><W99/><G99/><T11/><D11/><U90/><REACH who="1" step="1"/><E31/><REACH who="1" ten="273,256,234,227" step="2"/><V2/><F39/><W49/><G49/><T106/><D50/><U74/><E74/><V129/><F129/><W121/><G121/><T123/><D51/><U93/><E93/><V112/><F112/><W109/><G109/><T59/><D42/><U44/><E44/><V83/><F104/><W57/><G57/><T20/><D59/><U53/><E53/><V89/><F89/><W95/><G79/><T5/><D77/><U64/><E64/><V101/><F101/><W54/><G54/><T85/><D55/><U134/><E134/><V100/><F100/><W70/><G70/><T107/><D73/><U52/><E52/><V61/><F61/><W124/><G124/><T48/><D106/><U19/><E19/><AGARI ba="0,1" hai="6,10,12,14,19,23,24,27,86,91,95" m="15434" machi="19" ten="30,1500,0" yaku="8,1" doraHai="72" who="3" fromWho="1" sc="273,0,256,-15,234,0,227,25" /><INIT seed="3,1,0,2,0,104" ten="273,241,234,252" oya="3" hai0="5,70,23,129,8,46,108,66,126,41,97,42,29" hai1="85,14,114,73,132,72,89,112,63,57,12,134,43" hai2="127,90,124,60,48,100,128,82,69,64,78,11,102" hai3="32,130,79,25,119,101,109,135,49,51,99,24,36"/><W67/><G36/><T116/><D116/><U71/><E71/><V111/><F111/><W30/><G119/><T21/><D108/><U19/><E43/><V45/><F90/><W96/><G109/><T80/><D126/><N who="2" m="48170" /><F128/><W93/><G130/><T118/><D118/><U58/><E89/><V75/><F11/><W77/><G135/><N who="1" m="51754" /><E85/><V2/><F2/><W37/><G37/><T105/><D129/><U59/><E63/><V94/><F94/><W18/><G67/><T28/><D66/><U50/><E50/><V76/><F76/><W40/><G79/><T39/><D39/><U121/><E121/><V115/><F115/><N who="1" m="44073" /><E12/><V13/><F13/><W26/><G77/><T84/><D97/><U10/><AGARI ba="1,0" hai="10,14,19,57,58,59,72,73" m="44073,51754" machi="10" ten="40,5200,0" yaku="20,1,52,2" doraHai="104" who="1" fromWho="1" sc="273,-14,241,55,234,-14,252,-27" /><INIT seed="4,0,0,5,2,38" ten="259,296,220,225" oya="0" hai0="6,30,50,76,122,49,23,75,9,11,113,36,32" hai1="132,58,20,72,43,110,112,89,1,13,29,66,111" hai2="101,7,21,107,16,115,47,81,121,8,53,117,37" hai3="65,10,83,46,70,17,62,61,52,82,130,18,95"/><T68/><D122/><U103/><E1/><V92/><F107/><W12/><G130/><T127/><D68/><U25/><E72/><V67/><F67/><W22/><G95/><T2/><D32/><U105/><E132/><V39/><F121/><W5/><G18/><T3/><D127/><U69/><E112/><V98/><F115/><W116/><G116/><T87/><D75/><U42/><E58/><V134/><F134/><W93/><G93/><T94/><D36/><U99/><E89/><V106/><F106/><W35/><G35/><T80/><D113/><U63/><E13/><V27/><F81/><W129/><G129/><T109/><D109/><U126/><E126/><V104/><F104/><W28/><G28/><T51/><D94/><U135/><E135/><V40/><F117/><W133/><G133/><T57/><D2/><U85/><E85/><V19/><F37/><W34/><G34/><T79/><D11/><U14/><E14/><V73/><F73/><W64/><G64/><T120/><D120/><U125/><E125/><V4/><F53/><W31/><G31/><T88/><REACH who="0" step="1"/><D57/><REACH who="0" ten="249,296,220,225" step="2"/><U0/><E0/><V45/><REACH who="2" step="1"/><F47/><REACH who="2" ten="249,296,210,225" step="2"/><W118/><G46/><T15/><D15/><AGARI ba="0,2" hai="4,7,8,15,16,19,21,27,39,40,45,92,98,101" machi="15" ten="40,8000,1" yaku="1,1,2,1,52,1,54,1,53,0" doraHai="38" doraHaiUra="86" who="2" fromWho="0" sc="249,-80,296,0,210,100,225,0" owari="169,-33.0,296,10.0,310,40.0,225,-17.0" /></mjloggm>