<mjloggm ver="2.3"><GO type="169" lobby="0"/><UN n0="%E3%82%A6%E3%83%AB%E3%83%88%E3%83%A9%E7%AB%8B%E7%9B%B4" n1="%E6%9D%BE%E5%B1%8B%E3%81%8A%E3%81%98%E3%81%95%E3%82%93" n2="%E3%81%8A%E7%9F%A5%E3%82%89%E3%81%9B" n3="%E7%99%BD%E9%BB%92%E7%A5%9E" dan="17,18,17,16" rate="2156.28,2178.57,2136.11,2106.91" sx="M,M,M,F"/><TAIKYOKU oya="0"/><INIT seed="0,0,0,2,3,130" ten="250,250,250,250" oya="0" hai0="72,79,66,5,93,54,90,118,34,12,85,99,19" hai1="4,119,89,88,63,41,95,39,64,73,49,87,2" hai2="48,6,24,69,113,52,98,127,78,8,75,13,17" hai3="21,114,42,58,35,31,135,107,92,37,116,30,76"/><T67/><D34/><U122/><E73/><V16/><F113/><W132/><G114/><T86/><D118/><U125/><E119/><V36/><F36/><W128/><G107/><T121/><D121/><U61/><E39/><V112/><F112/><W100/><G116/><T129/><D5/><U60/><E122/><V105/><F127/><W133/><G128/><T82/><D129/><U40/><E125/><V23/><F69/><W96/><G76/><T9/><D72/><U104/><E104/><V84/><F75/><W83/><G83/><T43/><D43/><U102/><E102/><V101/><F84/><W32/><G58/><T55/><REACH who="0" step="1"/><D99/><REACH who="0" ten="240,250,250,250" step="2"/><N who="1" m="57831" /><E4/><V81/><F78/><W109/><G109/><T65/><AGARI ba="0,1" hai="9,12,19,54,55,65,66,67,79,82,85,86,90,93" machi="65" ten="30,6000,0" yaku="1,1,0,1,8,1,53,0" doraHai="130" doraHaiUra="0" who="0" fromWho="0" sc="240,70,250,-20,250,-20,250,-20" /><INIT seed="0,1,0,2,3,83" ten="310,230,230,230" oya="0" hai0="62,40,128,57,91,31,69,33,85,15,66,44,38" hai1="16,132,43,4,35,94,130,27,122,46,13,24,41" hai2="64,120,117,74,7,1,103,2,113,52,63,25,82" hai3="102,47,118,89,73,112,84,30,55,86,34,104,50"/><T21/><D128/><U98/><E122/><V58/><F120/><W61/><G112/><T121/><D121/><U37/><E130/><V54/><F113/><W119/><G73/><T92/><D33/><U96/><E4/><V23/><F117/><W109/><G109/><T76/><D76/><U125/><E41/><V111/><F111/><W114/><G114/><T45/><D45/><U127/><E132/><V14/><F103/><W20/><G34/><T39/><D39/><U6/><E6/><V28/><F14/><W42/><G89/><T3/><D3/><U19/><E96/><V135/><F135/><W105/><G119/><T110/><D110/><U29/><E27/><V72/><F1/><W10/><G10/><T100/><D100/><U97/><E97/><V67/><F54/><W107/><G102/><T95/><D69/><U81/><E81/><V133/><F133/><W87/><G118/><T9/><D31/><U11/><REACH who="1" step="1"/><E19/><REACH who="1" ten="310,220,230,230" step="2"/><V53/><F82/><W0/><G0/><T131/><D131/><U80/><E80/><V77/><F7/><W106/><G107/><T18/><REACH who="0" step="1"/><D95/><REACH who="0" ten="300,220,230,230" step="2"/><U51/><E51/><V78/><F2/><W108/><G108/><T65/><D65/><U116/><E116/><V48/><F64/><W99/><G99/><T60/><D60/><U88/><AGARI ba="1,2" hai="11,13,16,24,29,35,37,43,46,88,94,98,125,127" machi="88" ten="30,8000,1" yaku="1,1,0,1,54,2,53,1" doraHai="83" doraHaiUra="12" who="1" fromWho="1" sc="300,-41,220,103,230,-21,230,-21" /><INIT seed="1,0,0,0,1,58" ten="259,323,209,209" oya="1" hai0="117,36,81,133,25,45,78,82,8,29,105,123,33" hai1="101,4,54,107,11,73,87,7,114,127,35,109,9" hai2="32,49,48,15,120,70,104,64,50,131,66,55,106" hai3="31,63,37,94,39,74,20,121,61,116,86,96,126"/><U44/><E73/><V22/><F32/><W124/><G74/><N who="0" m="43223" /><D82/><U76/><E35/><V47/><F22/><W128/><G121/><T130/><D117/><U34/><E34/><V0/><F15/><W53/><G116/><T13/><D13/><U135/><E101/><V26/><F26/><W42/><G128/><T52/><D8/><U67/><E107/><V72/><F0/><W5/><G5/><T56/><D105/><U12/><E67/><V51/><F72/><W112/><G86/><T115/><D115/><U2/><E87/><V17/><F17/><W77/><G77/><T24/><D45/><U10/><E44/><V16/><F16/><W14/><G53/><T98/><D98/><U92/><E54/><V129/><F106/><W69/><G69/><T65/><D65/><N who="2" m="25194" /><F104/><W68/><G68/><T46/><D25/><U119/><E92/><V85/><F85/><W111/><G112/><T75/><D24/><U91/><E76/><V90/><F90/><N who="3" m="55383" /><G111/><T41/><D33/><U6/><E91/><V122/><F70/><W113/><G113/><T23/><D75/><U93/><E93/><V80/><F80/><W59/><G42/><T57/><D41/><U89/><E89/><V118/><F118/><W125/><G59/><T62/><D57/><U1/><E114/><V40/><F40/><W3/><G3/><T108/><D56/><U30/><E119/><V28/><F28/><W43/><G43/><T110/><D29/><U83/><E30/><V97/><F97/><W100/><G100/><T18/><D18/><U79/><E1/><V27/><F27/><RYUUKYOKU ba="0,0" sc="259,-10,323,-10,209,30,209,-10" hai2="47,48,49,50,51,55,120,122,129,131" /><INIT seed="2,1,0,2,2,11" ten="249,313,239,199" oya="2" hai0="66,135,42,10,133,96,44,111,121,46,99,54,85" hai1="75,12,18,81,14,41,97,62,77,57,65,101,114" hai2="82,105,72,24,5,86,70,104,94,53,55,58,80" hai3="107,32,17,49,35,8,67,26,29,102,59,116,95"/><V78/><F70/><W6/><G107/><T76/><D66/><U48/><E114/><V2/><F94/><W118/><G35/><T127/><D121/><U16/><E41/><V123/><F123/><W87/><G17/><T108/><D85/><U88/><E48/><V64/><F64/><W39/><G39/><N who="0" m="21599" /><D76/><U9/><E88/><V112/><F112/><W19/><G19/><T129/><D99/><U15/><E18/><V25/><F55/><W125/><G125/><T3/><D96/><U92/><AGARI ba="1,0" hai="9,12,14,15,16,57,62,65,75,77,81,92,97,101" machi="92" ten="20,12000,2" yaku="0,1,7,1,52,3,54,1" doraHai="11" who="1" fromWho="1" sc="249,-31,313,123,239,-61,199,-31" /><INIT seed="3,0,0,2,1,10" ten="218,436,178,168" oya="3" hai0="6,131,8,112,118,26,98,100,72,81,106,87,23" hai1="73,67,96,7,34,102,3,82,113,12,33,84,36" hai2="90,125,62,92,9,68,89,20,51,54,1,53,49" hai3="129,122,114,134,21,126,43,44,46,110,128,22,52"/><W88/><G122/><T25/><D118/><U124/><E36/><V94/><F125/><W75/><G114/><T103/><D131/><N who="3" m="50249" /><G75/><T63/><D112/><U42/><E42/><V65/><F20/><W27/><G126/><T108/><D108/><U55/><E3/><V111/><F111/><W127/><G127/><T132/><D132/><U135/><E67/><V41/><F41/><W45/><G110/><T109/><D109/><U19/><E7/><V78/><F78/><W11/><G134/><T116/><D72/><U57/><E73/><V50/><F9/><W64/><G64/><T80/><D26/><U24/><E24/><V37/><F37/><W71/><G71/><T35/><D35/><U5/><E5/><V77/><F77/><W117/><G11/><T18/><D116/><U39/><E39/><V38/><F38/><W70/><G70/><T119/><D119/><U79/><E113/><V2/><F53/><W47/><G117/><T48/><D8/><U15/><E34/><V56/><F1/><W4/><G4/><T130/><D6/><U61/><E33/><V29/><F2/><W120/><G120/><T66/><D130/><U69/><E69/><V104/><F68/><W97/><G43/><T40/><D40/><U0/><E0/><V133/><F65/><W123/><G123/><T59/><D66/><U105/><E124/><V93/><F133/><W16/><G22/><T101/><D23/><N who="1" m="11751" /><E135/><V28/><F104/><W14/><G27/><T17/><D25/><U115/><E115/><V60/><F60/><W91/><G97/><T121/><D98/><RYUUKYOKU ba="0,0" sc="218,-30,436,10,178,10,168,10" hai1="15,55,57,61,79,82,84,96,102,105" hai2="28,29,49,50,51,54,56,62,89,90,92,93,94" hai3="14,16,21,44,45,46,47,52,88,91" /><INIT seed="3,1,0,0,2,118" ten="188,446,188,178" oya="3" hai0="29,67,30,100,21,99,9,26,66,87,45,55,92" hai1="106,31,85,49,114,132,32,80,64,4,42,120,0" hai2="119,88,93,40,104,2,123,59,17,23,39,15,72" hai3="116,48,86,11,115,83,38,18,113,127,98,112,91"/><W78/><G116/><T95/><D30/><U12/><E0/><V24/><F104/><W73/><G38/><T131/><D131/><U33/><E106/><V101/><F2/><W111/><G127/><T22/><D22/><U81/><E64/><V37/><F101/><W82/><G111/><T129/><D129/><U3/><E3/><V52/><F72/><W35/><G35/><T14/><D45/><U10/><E120/><V47/><F123/><W79/><G48/><T28/><D28/><U130/><E114/><V121/><F121/><W134/><G134/><T65/><D55/><U53/><E132/><V61/><F119/><W105/><G18/><T122/><D122/><U6/><E6/><V117/><F117/><W25/><G11/><T1/><D1/><U41/><E81/><V90/><F39/><W128/><G25/><T109/><D109/><U125/><E125/><V34/><F34/><W60/><G60/><T71/><D71/><U63/><E63/><V51/><F37/><W97/><G128/><T126/><D126/><U108/><E108/><V135/><F135/><W70/><G70/><T27/><D27/><U36/><E36/><V19/><F93/><N who="3" m="54519" /><G105/><T5/><D92/><U56/><E130/><V103/><F103/><W110/><G110/><T76/><D87/><AGARI ba="1,0" hai="73,78,79,82,83,87,97,98,112,113,115" m="54519" machi="87" ten="30,2900,0" yaku="34,2" doraHai="118" who="3" fromWho="0" sc="188,-32,446,0,188,0,178,32" /><INIT seed="3,2,0,5,0,7" ten="156,446,188,210" oya="3" hai0="10,9,49,50,36,86,78,38,133,17,106,123,77" hai1="20,110,54,135,44,48,84,93,24,60,1,111,79" hai2="120,26,125,102,95,80,43,40,34,2,117,114,72" hai3="128,92,33,122,132,105,57,124,63,100,104,127,14"/><W129/><G33/><T46/><D106/><U19/><E1/><V81/><F2/><W8/><G122/><T83/><D123/><U126/><E126/><N who="3" m="48170" /><G92/><T61/><D133/><U94/><E135/><V91/><F34/><W47/><G47/><T3/><D3/><U12/><E60/><V130/><F95/><W116/><G116/><T87/><D61/><U112/><E112/><V5/><F81/><W115/><G115/><T108/><D17/><U103/><E103/><V13/><F80/><W31/><G31/><T131/><D83/><N who="1" m="47231" /><E24/><V35/><F117/><W118/><G118/><T88/><D46/><U18/><E18/><V53/><F125/><W41/><G41/><T51/><D51/><U119/><E119/><V89/><F40/><W16/><G132/><T6/><D6/><U62/><E62/><V22/><F43/><W66/><G100/><T64/><D64/><U23/><E23/><V37/><F102/><W121/><G121/><T73/><D73/><U21/><E21/><V27/><F35/><W67/><G66/><T74/><D74/><U76/><E76/><V4/><F114/><W52/><G67/><T39/><D39/><U65/><E65/><V30/><F120/><W56/><G56/><T75/><D75/><U0/><E0/><V68/><F37/><W55/><G55/><T96/><D88/><U98/><E94/><V15/><F89/><W25/><G25/><T90/><D90/><N who="1" m="55607" /><E110/><V70/><F91/><W59/><G59/><T42/><D108/><U85/><E111/><V82/><F27/><W134/><G134/><T113/><D113/><RYUUKYOKU ba="2,0" sc="156,-15,446,15,188,-15,210,15" hai1="12,19,20,44,48,54,85" hai3="8,14,16,52,57,63,104,105,128,129" /><INIT seed="3,3,0,1,2,2" ten="141,461,173,225" oya="3" hai0="19,12,130,8,5,94,123,110,42,106,92,62,41" hai1="101,40,67,74,63,4,61,76,82,108,134,119,6" hai2="116,51,26,20,99,90,9,17,38,98,0,125,18" hai3="73,66,54,52,71,29,13,122,60,27,16,105,83"/><W100/><G122/><T23/><D106/><U25/><E101/><V109/><F38/><W33/><G83/><T24/><D123/><U14/><E40/><V58/><F116/><W88/><G73/><T10/><D110/><U128/><E108/><V56/><F125/><W86/><G86/><T78/><D78/><U57/><E134/><V77/><F77/><W111/><G111/><T39/><D130/><U35/><E128/><V53/><F109/><W44/><G88/><T131/><D131/><U15/><E119/><V95/><F0/><W121/><G44/><T46/><D42/><U132/><E132/><V89/><F9/><N who="3" m="6191" /><G121/><T69/><D69/><U72/><E72/><V118/><F118/><W11/><G11/><T3/><REACH who="0" step="1"/><D62/><REACH who="0" ten="131,461,173,225" step="2"/><U114/><E63/><V21/><F56/><W96/><AGARI ba="3,1" hai="27,29,33,52,54,60,66,71,96,100,105" m="6191" machi="96" ten="30,6000,0" yaku="25,1,54,2" doraHai="2" who="3" fromWho="3" sc="131,-23,461,-23,173,-23,225,79" /><INIT seed="3,4,0,0,4,106" ten="108,438,150,304" oya="3" hai0="132,75,77,85,111,67,115,130,100,26,104,29,120" hai1="6,0,74,68,114,101,116,41,122,37,109,43,129" hai2="110,39,88,22,58,5,79,94,127,113,71,49,50" hai3="53,78,15,83,55,119,24,112,46,35,89,105,62"/><W30/><G105/><T25/><D25/><U90/><RYUUKYOKU type="yao9" ba="4,0" sc="108,0,438,0,150,0,304,0" hai1="0,6,37,41,43,68,74,90,101,109,114,116,122,129" /><INIT seed="3,5,0,5,2,1" ten="108,438,150,304" oya="3" hai0="131,110,8,89,106,18,33,26,117,71,3,98,105" hai1="28,133,44,126,13,22,62,127,15,88,30,63,130" hai2="91,80,47,123,2,29,100,116,61,124,122,64,54" hai3="66,9,76,65,51,24,101,85,107,39,77,16,40"/><W19/><G39/><T17/><D89/><U32/><E32/><V14/><F2/><W97/><G24/><T55/><D55/><U23/><E88/><V125/><F100/><W70/><G70/><T52/><D52/><U45/><E133/><V25/><F14/><W94/><G107/><T56/><D56/><U53/><E53/><V11/><F11/><W57/><G85/><T67/><D18/><N who="3" m="6697" /><G9/><T34/><D17/><U108/><E108/><V120/><F116/><W46/><G57/><T58/><D58/><U6/><REACH who="1" step="1"/><E130/><REACH who="1" ten="108,428,150,304" step="2"/><V79/><F91/><W12/><G12/><T111/><D131/><U115/><E115/><V135/><F135/><W132/><G132/><T75/><D34/><U112/><E112/><V49/><F122/><W84/><G84/><T43/><D33/><U95/><E95/><V109/><F123/><W92/><G94/><T102/><D105/><U10/><E10/><V68/><F120/><W20/><G20/><T74/><D8/><U35/><E35/><V87/><F109/><W42/><G40/><T38/><D110/><U4/><AGARI ba="5,1" hai="4,6,13,15,22,23,28,30,44,45,62,63,126,127" machi="4" ten="25,12000,2" yaku="1,1,0,1,22,2,52,2,53,0" doraHai="1" doraHaiUra="99" who="1" fromWho="1" sc="108,-35,428,145,150,-35,304,-65" /><INIT seed="4,0,0,4,5,0" ten="73,573,115,239" oya="0" hai0="118,93,108,98,10,99,9,49,75,55,54,27,124" hai1="103,17,52,89,116,84,47,76,44,28,69,90,32" hai2="64,73,67,114,56,29,14,71,15,88,11,33,131" hai3="127,19,6,68,110,3,37,34,95,72,1,18,23"/><T106/><D75/><U119/><E69/><V51/><F73/><W8/><G95/><T38/><D38/><U135/><E103/><V53/><F71/><W120/><G68/><T134/><D118/><U63/><E28/><V91/><F33/><W40/><G40/><T115/><D106/><U83/><E32/><V26/><F114/><W20/><G37/><T60/><D115/><U125/><E116/><V130/><F15/><N who="3" m="9343" /><G72/><T50/><D124/><U100/><E100/><V82/><F26/><N who="3" m="14711" /><G110/><T113/><D113/><U121/><E121/><V87/><F29/><W61/><G61/><T12/><D134/><U70/><E70/><V102/><F102/><W65/><G65/><T86/><D27/><U31/><E31/><V107/><F107/><W79/><G79/><T48/><D108/><U97/><E17/><N who="2" m="8415" /><F91/><W2/><G127/><T128/><D128/><AGARI ba="0,0" hai="51,53,56,64,67,82,87,88,128,130,131" m="8415" machi="128" ten="30,2000,0" yaku="19,1,54,1" doraHai="0" who="2" fromWho="0" sc="73,-20,573,0,115,20,239,0" /><INIT seed="5,0,0,4,2,81" ten="53,573,135,239" oya="1" hai0="97,50,123,71,18,133,27,46,107,72,88,132,24" hai1="17,67,106,21,47,51,82,13,1,102,68,43,79" hai2="5,6,35,63,126,114,91,70,117,44,103,104,49" hai3="11,85,20,55,101,95,127,134,52,57,28,16,29"/><U96/><E1/><V77/><F35/><W37/><G37/><T42/><D72/><U78/><E78/><V54/><F77/><W76/><G134/><N who="0" m="51819" /><D71/><U58/><E68/><V59/><F70/><W86/><G127/><T120/><D107/><U129/><E129/><V12/><F114/><W53/><G11/><T115/><D18/><U93/><E67/><V36/><F36/><W8/><G8/><T100/><D100/><U87/><REACH who="1" step="1"/><E58/><REACH who="1" ten="53,563,135,239" step="2"/><V105/><F59/><W66/><G76/><T83/><D115/><U89/><E89/><V130/><F91/><W45/><G66/><T33/><D33/><U9/><E9/><V2/><F2/><W65/><G65/><T99/><D99/><U69/><E69/><V39/><F130/><W4/><G57/><T26/><D97/><U41/><E41/><V98/><F98/><N who="3" m="59615" /><G45/><T75/><D75/><U131/><E131/><V135/><F44/><W125/><G125/><T112/><D112/><U60/><E60/><V25/><F63/><W0/><G0/><T128/><D128/><U109/><E109/><V40/><F126/><W3/><G3/><T30/><D30/><N who="3" m="11881" /><G4/><T118/><D118/><U92/><AGARI ba="0,1" hai="13,17,21,43,47,51,79,82,87,92,93,96,102,106" machi="92" ten="30,6000,0" yaku="1,1,0,1,52,1,53,0" doraHai="81" doraHaiUra="121" who="1" fromWho="1" sc="53,-20,563,70,135,-20,239,-20" /><INIT seed="5,1,0,0,3,7" ten="33,633,115,219" oya="1" hai0="14,81,111,16,58,97,6,72,67,68,104,22,79" hai1="40,27,76,70,38,8,32,15,132,125,63,124,53" hai2="108,131,99,73,94,129,30,88,49,117,90,57,74" hai3="127,41,21,64,135,102,5,4,65,44,11,34,42"/><U18/><E76/><V101/><F30/><W78/><G34/><T1/><D111/><U0/><E40/><V103/><F49/><W85/><G135/><T77/><D77/><U33/><E38/><V105/><F57/><W109/><G109/><T100/><D68/><U45/><E45/><V10/><F10/><W25/><G102/><T130/><D130/><N who="2" m="49674" /><F108/><W107/><G127/><N who="1" m="48714" /><E63/><V46/><F46/><W116/><G107/><T112/><D112/><U47/><E53/><V106/><F117/><W119/><G116/><T23/><D58/><U92/><E92/><N who="2" m="56727" /><F101/><W121/><G121/><T87/><D67/><U91/><E47/><V86/><F103/><W52/><G119/><T82/><D23/><N who="1" m="13815" /><E70/><V61/><F61/><W83/><G5/><T98/><D98/><U2/><E132/><V84/><F84/><W114/><G114/><T17/><D17/><N who="1" m="8423" /><E91/><V122/><F122/><W60/><G65/><T71/><D71/><U24/><E24/><V66/><F66/><W55/><G64/><T110/><D110/><U39/><E39/><V113/><F113/><W20/><G25/><T89/><REACH who="0" step="1"/><D6/><REACH who="0" ten="23,633,115,219" step="2"/><U120/><E120/><V75/><AGARI ba="1,1" hai="73,74,75,86,88,94,105,106" m="56727,49674" machi="75" ten="40,8000,1" yaku="19,1,34,2,54,1" doraHai="7" who="2" fromWho="2" sc="23,-21,633,-41,115,93,219,-21" /><INIT seed="6,0,0,4,5,56" ten="2,592,208,198" oya="2" hai0="8,65,127,12,24,26,83,95,43,67,124,129,68" hai1="110,76,7,132,19,133,32,10,84,122,25,54,100" hai2="103,78,30,125,107,39,64,3,113,106,108,13,60" hai3="15,1,18,6,17,131,49,72,112,104,69,53,89"/><V111/><F3/><W97/><G72/><T94/><D43/><U50/><E100/><V51/><F39/><W128/><G69/><T66/><D83/><U20/><E76/><V62/><F78/><W73/><G73/><T90/><D68/><U14/><E84/><V85/><F30/><W16/><G112/><T88/><D12/><U118/><E118/><V21/><F62/><W55/><G1/><T81/><D8/><U98/><E98/><V41/><F103/><N who="3" m="62575" /><G89/><N who="0" m="34411" /><D81/><U75/><E75/><V52/><F41/><W58/><G53/><T123/><D123/><U23/><E110/><N who="2" m="42027" /><F85/><W29/><G6/><T99/><D99/><U93/><E122/><V115/><F125/><N who="0" m="48202" /><D129/><N who="3" m="49737" /><G29/><T82/><D82/><U2/><E2/><V48/><F113/><W102/><G102/><T117/><D117/><U96/><E96/><V101/><F101/><W35/><G35/><T4/><D4/><U11/><E32/><V77/><F115/><W91/><G91/><T44/><D44/><U61/><E7/><V134/><F106/><W87/><G87/><T135/><D135/><U109/><E133/><V34/><F107/><W36/><G36/><T92/><AGARI ba="0,0" hai="24,26,65,66,67,92,94,95" m="48202,34411" machi="92" ten="40,8000,1" yaku="28,2,18,1,54,1" doraHai="56" who="0" fromWho="0" sc="2,80,592,-20,208,-40,198,-20" /><INIT seed="7,0,0,0,2,65" ten="82,572,168,178" oya="3" hai0="113,124,55,125,119,121,7,38,101,90,71,33,44" hai1="105,40,102,62,74,89,109,130,111,86,57,17,87" hai2="45,96,100,26,91,67,0,110,56,127,18,116,78" hai3="66,73,60,30,39,120,114,79,70,82,134,133,81"/><W15/><G120/><T48/><D33/><U8/><E74/><V84/><F0/><W128/><G39/><T58/><D101/><U107/><E40/><V5/><F5/><W25/><G82/><T108/><D90/><U118/><E118/><V23/><F110/><W28/><G114/><T19/><D19/><U112/><E17/><V77/><F45/><W21/><G128/><T98/><D98/><U131/><E8/><V92/><F127/><N who="0" m="48714" /><D7/><U2/><E2/><V117/><F117/><W106/><G106/><T115/><D108/><U3/><E3/><V68/><F68/><W63/><G30/><T37/><D119/><U54/><E112/><N who="0" m="43081" /><D121/><U64/><E64/><V24/><F116/><W52/><REACH who="3" step="1"/><G15/><REACH who="3" ten="82,572,168,168" step="2"/><T51/><D71/><U6/><E107/><V35/><F24/><W132/><G132/><T123/><D123/><U47/><E105/><V53/><F26/><W95/><G95/><T32/><D32/><U29/><E131/><V99/><F35/><W122/><G122/><T43/><AGARI ba="0,1" hai="37,38,43,44,48,51,55,58" m="43081,48714" machi="43" ten="30,8000,1" yaku="18,1,15,1,11,1,34,2" doraHai="65" who="0" fromWho="0" sc="82,90,572,-20,168,-20,168,-40" owari="172,-3.0,552,65.0,148,-25.0,128,-37.0" /></mjloggm>