<mjloggm ver="2.3"><GO type="41" lobby="0"/><UN n0="%68%61%6A%69%6D%65%74%79" n1="%68%61%67%65%72%75" n2="%E5%8D%B1%E8%84%B3%E4%B8%B8" n3="%E5%B0%B1%E6%B4%BB%E7%94%9F%40%E5%B7%9D%E6%9D%91%E8%BB%8D%E5%9B%A3" dan="14,13,13,15" rate="1930.35,1868.09,1940.32,1982.96" sx="M,M,M,M"/><TAIKYOKU oya="0"/><INIT seed="0,0,0,3,4,90" ten="250,250,250,250" oya="0" hai0="106,108,110,84,119,5,60,18,59,133,73,131,87" hai1="11,40,111,0,25,70,53,4,83,42,80,71,66" hai2="126,37,3,112,50,96,27,103,92,36,64,123,12" hai3="132,115,58,104,134,91,46,69,85,67,65,130,122"/><T7/><D73/><U109/><E25/><V100/><F3/><W113/><G104/><T107/><D119/><U29/><E29/><V14/><F112/><W105/><G105/><T121/><D121/><U39/><E40/><V1/><F1/><W93/><G69/><T97/><D133/><N who="3" m="51305" /><G122/><T128/><D97/><U99/><E53/><V51/><F96/><W88/><G130/><N who="0" m="49707" /><D18/><U127/><E127/><V48/><F123/><W116/><G116/><T35/><D35/><U28/><E28/><V57/><F27/><W135/><N who="3" m="51313" /><W41/><DORA hai="10" /><G91/><T61/><D106/><U117/><E117/><V82/><F82/><W30/><G30/><T44/><D44/><U17/><E17/><V101/><F126/><W55/><G67/><N who="0" m="39327" /><D61/><U26/><E26/><V23/><F23/><W43/><G65/><T95/><D107/><U81/><E99/><V9/><F9/><W63/><G43/><T8/><D87/><U6/><E6/><N who="0" m="2057" /><D8/><U47/><REACH who="1" step="1"/><E66/><REACH who="1" ten="250,240,250,250" step="2"/><V129/><F129/><W86/><G85/><T94/><D84/><U24/><E24/><V79/><F64/><W16/><G16/><T125/><D125/><U34/><E34/><V68/><F68/><AGARI ba="0,1" hai="0,4,11,39,42,47,68,70,71,80,81,83,109,111" machi="68" ten="40,8000,1" yaku="1,1,53,3" doraHai="90,10" doraHaiUra="89,78" who="1" fromWho="2" sc="250,0,240,90,250,-80,250,0" /><INIT seed="1,0,0,3,0,28" ten="250,330,170,250" oya="1" hai0="30,94,92,93,91,125,38,36,132,101,47,40,120" hai1="123,87,18,86,62,130,60,50,31,37,113,3,100" hai2="20,124,122,69,117,88,68,10,32,107,22,1,8" hai3="95,108,83,16,127,23,104,70,14,27,115,35,67"/><U55/><E113/><V71/><F107/><W81/><G104/><T72/><D72/><U121/><E3/><V49/><F122/><W119/><G115/><T135/><D120/><U129/><E100/><V6/><F117/><W57/><G119/><T24/><D101/><U59/><E18/><V126/><F49/><W105/><G105/><T78/><D78/><U61/><E86/><V11/><F6/><W89/><G70/><T17/><D17/><U96/><E87/><V80/><F1/><W39/><G39/><T82/><D36/><U90/><E90/><V29/><F29/><W102/><G102/><T13/><D13/><U134/><E96/><V128/><F128/><N who="1" m="49257" /><E134/><N who="0" m="51241" /><D125/><N who="2" m="48234" /><F32/><W85/><G108/><T9/><D9/><U19/><E19/><V133/><F133/><W15/><G127/><T75/><D75/><U110/><E31/><V0/><F0/><W64/><G15/><T12/><D12/><U109/><E37/><V98/><F80/><W5/><G81/><T103/><D82/><U118/><E118/><V51/><F51/><W131/><G131/><T99/><D103/><U116/><E116/><V74/><F74/><W84/><G57/><T7/><D7/><U41/><E41/><V106/><F106/><W63/><G63/><N who="1" m="16130" /><U66/><DORA hai="26" /><E66/><V73/><F73/><W111/><G111/><AGARI ba="0,0" hai="50,55,59,109,110,111,121,123" m="16130,49257" machi="111" ten="40,12000,1" yaku="14,1,10,1,19,1,34,2" doraHai="28,26" who="1" fromWho="3" sc="250,0,330,120,170,0,250,-120" /><INIT seed="1,1,0,0,4,44" ten="250,450,170,130" oya="1" hai0="36,24,64,94,92,23,0,39,111,72,51,123,107" hai1="21,38,17,37,18,68,42,11,125,110,48,52,97" hai2="87,104,76,26,40,33,113,16,30,3,63,28,106" hai3="4,69,22,12,83,32,54,61,31,67,120,126,19"/><U10/><E68/><V85/><F3/><W88/><G120/><T90/><D72/><U93/><E125/><V78/><F113/><W121/><G121/><T84/><D107/><U114/><E114/><V130/><F130/><W13/><G126/><T8/><D123/><U75/><E75/><V95/><F63/><W20/><G32/><T62/><D111/><U43/><E110/><V124/><F124/><W77/><G31/><T27/><D27/><U58/><E37/><V74/><F74/><W100/><G100/><T71/><D8/><N who="1" m="3115" /><E38/><V1/><F1/><W103/><G103/><T65/><D65/><U117/><E117/><V98/><F40/><N who="1" m="15401" /><E21/><V57/><F33/><W99/><G4/><T80/><D0/><U115/><E115/><V34/><F34/><W133/><G133/><T91/><D39/><U47/><E47/><V128/><F128/><W129/><G129/><T73/><D36/><U119/><E119/><V2/><F2/><W35/><G35/><T101/><D73/><U41/><N who="1" m="15409" /><U79/><DORA hai="105" /><E79/><V55/><F26/><W15/><G22/><T127/><D101/><AGARI ba="1,0" hai="17,18,48,52,58,93,97,101" m="15409,3115" machi="101" ten="30,5800,0" yaku="8,1,52,1,54,1" doraHai="44,105" who="1" fromWho="0" sc="250,-61,450,61,170,0,130,0" /><INIT seed="1,2,0,3,5,15" ten="189,511,170,130" oya="1" hai0="91,39,54,17,106,11,27,21,62,7,51,86,78" hai1="68,22,77,126,76,56,26,37,70,0,103,48,32" hai2="60,119,74,96,8,9,12,50,29,34,130,88,61" hai3="28,64,120,13,84,23,123,40,19,92,24,124,63"/><U104/><E0/><V71/><F74/><W83/><G124/><T94/><D106/><U97/><E37/><V30/><F119/><W107/><G107/><T35/><D39/><U72/><E126/><V114/><F130/><W44/><G92/><T55/><D78/><U66/><E76/><V122/><F122/><W69/><G44/><T89/><D35/><U95/><E32/><V110/><F110/><W75/><G75/><T14/><D62/><N who="2" m="24170" /><F34/><W16/><G40/><T36/><D36/><U46/><E104/><V43/><F71/><W117/><G117/><T116/><D116/><U128/><E128/><V45/><F114/><W47/><G47/><T79/><D79/><U65/><E72/><V20/><F20/><W129/><G129/><T99/><D51/><U131/><E77/><V6/><F9/><W101/><G101/><T111/><REACH who="0" step="1"/><D111/><REACH who="0" ten="179,511,170,130" step="2"/><U53/><E131/><V1/><F1/><W49/><G49/><T90/><D90/><U5/><E70/><V125/><F125/><W133/><G133/><T93/><AGARI ba="2,1" hai="7,11,14,17,21,27,54,55,86,89,91,93,94,99" machi="93" ten="20,8000,1" yaku="1,1,0,1,7,1,8,1,52,1,53,0" doraHai="15" doraHaiUra="73" who="0" fromWho="0" sc="179,96,511,-42,170,-22,130,-22" /><INIT seed="2,0,0,1,1,8" ten="275,469,148,108" oya="2" hai0="29,73,81,59,93,92,6,51,19,15,16,7,56" hai1="67,72,116,89,95,17,80,69,1,27,117,35,49" hai2="58,65,107,133,62,103,106,70,115,39,46,111,105" hai3="100,90,4,84,86,87,2,119,79,50,11,47,26"/><V128/><F115/><W53/><G119/><T12/><D73/><U32/><E1/><V21/><F133/><W54/><G79/><T18/><D81/><U94/><E69/><V97/><F128/><W36/><G36/><T43/><D29/><U63/><E63/><V102/><F102/><W37/><G37/><T96/><D92/><U52/><E67/><V71/><F111/><W22/><G100/><N who="0" m="60431" /><D43/><U129/><E129/><V98/><F98/><W118/><BYE who="2" /><G118/><UN n2="%E5%8D%B1%E8%84%B3%E4%B8%B8" /><T14/><D51/><U28/><E35/><V45/><F21/><W66/><G66/><T108/><D108/><U125/><E125/><V76/><F76/><W123/><G123/><T44/><D44/><U64/><E64/><V99/><F99/><W74/><G74/><T109/><D109/><U31/><E31/><V24/><F24/><W134/><G54/><T48/><D48/><U78/><E17/><N who="0" m="6761" /><D7/><U121/><E121/><V0/><F0/><W30/><REACH who="3" step="1"/><G134/><REACH who="3" ten="275,469,148,98" step="2"/><T68/><D68/><U91/><E117/><V20/><F39/><W112/><G112/><T41/><D41/><U55/><E116/><V120/><F120/><W10/><G10/><N who="0" m="6551" /><D6/><U130/><E130/><V3/><F71/><W83/><AGARI ba="0,1" hai="2,4,11,22,26,30,47,50,53,83,84,86,87,90" machi="83" ten="20,2700,0" yaku="1,1,0,1,7,1,53,0" doraHai="8" doraHaiUra="114" who="3" fromWho="3" sc="275,-7,469,-7,148,-13,98,37" /><INIT seed="3,0,0,2,3,12" ten="268,462,135,135" oya="3" hai0="107,91,127,80,62,44,135,41,50,57,87,125,73" hai1="106,35,8,30,82,115,70,111,130,108,77,88,110" hai2="117,47,29,124,97,11,120,67,51,123,36,20,33" hai3="69,46,0,38,63,78,94,90,84,55,128,28,13"/><W134/><G0/><T96/><D73/><U45/><E115/><V119/><F97/><W15/><G128/><T60/><D135/><U61/><E130/><V16/><F36/><W112/><G112/><T31/><D31/><U14/><E106/><V101/><F101/><W93/><G134/><T81/><D107/><U2/><E2/><V114/><F67/><W103/><G78/><T5/><D5/><U42/><E70/><V102/><F102/><W40/><G28/><T49/><D96/><U89/><E61/><V95/><F95/><W10/><G10/><T131/><D81/><U27/><E82/><V122/><F114/><W132/><G132/><T76/><D76/><U83/><E83/><V24/><F124/><N who="0" m="47690" /><D131/><U25/><E77/><V68/><F68/><W59/><REACH who="3" step="1"/><G69/><REACH who="3" ten="268,462,135,125" step="2"/><T37/><D62/><U92/><E25/><N who="2" m="14471" /><F11/><W3/><G3/><T6/><D6/><N who="1" m="3351" /><E92/><V105/><F105/><W116/><G116/><T118/><D118/><U75/><E75/><V32/><F32/><W9/><G9/><T129/><D129/><U43/><E43/><AGARI ba="0,1" hai="24,29,33,43,47,51,117,119,120,122,123" m="14471" machi="43" ten="30,3900,0" yaku="13,1,52,1,54,1" doraHai="12" who="2" fromWho="1" sc="268,0,462,-39,135,49,125,0" /><INIT seed="4,0,0,3,0,115" ten="268,423,184,125" oya="0" hai0="30,118,122,133,14,27,99,134,125,68,131,59,1" hai1="57,93,123,90,69,10,102,44,49,64,128,28,88" hai2="13,67,16,21,85,76,95,82,62,127,5,7,32" hai3="104,89,25,41,66,33,110,121,0,106,81,87,4"/><T94/><D68/><U24/><E69/><V12/><F32/><W51/><G110/><T53/><D1/><U84/><E128/><V72/><F127/><W132/><G132/><T129/><D122/><U97/><E123/><V52/><F13/><W135/><G135/><N who="0" m="51723" /><D14/><U37/><E37/><V112/><F112/><W3/><G121/><T40/><D40/><U45/><E10/><V22/><F22/><W92/><G104/><T75/><D75/><U6/><E6/><V26/><F12/><W100/><G106/><T35/><D94/><U78/><E78/><V101/><F67/><W56/><G4/><T105/><D99/><U79/><E79/><V124/><F124/><W98/><G41/><T46/><D46/><U48/><E48/><V20/><F20/><W70/><G70/><T9/><D9/><U96/><E64/><V60/><F60/><W50/><G3/><T108/><D105/><U120/><E120/><V74/><F74/><W61/><G0/><T113/><D125/><U126/><E126/><V91/><REACH who="2" step="1"/><F101/><REACH who="2" ten="268,423,174,125" step="2"/><W107/><G33/><T15/><D113/><U55/><E24/><V47/><F47/><W17/><G107/><T116/><D15/><U42/><E28/><V109/><F109/><W71/><REACH who="3" step="1"/><G71/><REACH who="3" ten="268,423,174,115" step="2"/><T38/><D108/><U83/><E42/><V39/><F39/><W31/><G31/><T65/><D38/><U119/><E102/><V19/><F19/><W18/><G18/><T34/><D34/><U11/><E11/><V130/><F130/><N who="0" m="49674" /><D65/><U43/><E43/><V80/><F80/><W54/><G54/><T103/><D103/><RYUUKYOKU ba="0,2" sc="268,10,423,-30,174,10,115,10" hai0="27,30,35,53,59,116,118" hai2="5,7,16,21,26,52,62,72,76,82,85,91,95" hai3="17,25,50,51,56,61,66,81,87,89,92,98,100" /><INIT seed="4,1,2,1,2,7" ten="278,393,184,125" oya="0" hai0="36,115,44,85,121,25,104,56,123,55,120,77,59" hai1="118,110,0,11,129,96,103,1,111,67,30,119,53" hai2="61,94,37,21,2,6,112,88,26,89,58,4,17" hai3="100,130,116,57,18,107,91,38,81,63,5,22,73"/><T71/><D104/><U127/><E67/><V135/><F37/><W43/><G116/><T132/><D25/><U93/><E53/><N who="2" m="33999" /><F2/><W126/><G130/><T10/><D10/><U134/><E103/><V50/><F135/><W97/><G126/><T12/><D12/><U76/><E76/><V72/><F72/><W102/><G5/><N who="2" m="2153" /><F112/><W75/><G100/><T99/><D71/><U128/><E93/><V3/><F3/><N who="1" m="1097" /><E96/><V51/><F89/><W23/><G23/><T87/><D115/><U40/><E40/><V24/><F24/><W108/><G108/><N who="1" m="41514" /><E30/><V109/><F109/><W82/><G43/><T131/><D132/><U124/><E11/><V9/><F9/><W92/><G38/><T133/><D133/><U101/><E101/><V117/><F117/><N who="1" m="44553" /><E134/><V78/><F78/><W52/><G73/><T60/><D77/><U83/><E83/><V48/><F48/><W46/><G46/><T98/><D36/><U86/><E86/><AGARI ba="1,2" hai="17,21,26,50,51,86,88,94" m="2153,33999" machi="86" ten="30,2000,0" yaku="8,1,54,1" doraHai="7" who="2" fromWho="1" sc="278,0,393,-23,184,43,125,0" /><INIT seed="5,0,0,1,2,81" ten="278,370,227,125" oya="1" hai0="94,134,51,40,101,128,115,14,93,76,11,80,9" hai1="71,82,2,75,49,50,100,5,47,20,58,28,53" hai2="73,22,30,69,48,16,103,132,36,25,107,120,126" hai3="87,26,54,19,7,97,110,39,10,125,96,0,130"/><U114/><E71/><V34/><F36/><W52/><G39/><T68/><D68/><U98/><E2/><V21/><F73/><W1/><G125/><T105/><D105/><U72/><E114/><V63/><F120/><W31/><G110/><T119/><D119/><U38/><E38/><V15/><F126/><W118/><G118/><T90/><D115/><U60/><E5/><V57/><F132/><W65/><G130/><T123/><D134/><U84/><E20/><V42/><F69/><W62/><G1/><T77/><D123/><U8/><E8/><V59/><F103/><W91/><G19/><T67/><D67/><U74/><E28/><V124/><F107/><W78/><G78/><N who="0" m="30315" /><D101/><U32/><E32/><V3/><F3/><W133/><G133/><T23/><D23/><U127/><E127/><V129/><F129/><W61/><G96/><T33/><D33/><U135/><E135/><V109/><F109/><W106/><G106/><T117/><D9/><U66/><E49/><V29/><F30/><W83/><G97/><T64/><D64/><U37/><E37/><V95/><F34/><W27/><G62/><T92/><D128/><U116/><E116/><V70/><F124/><W56/><REACH who="3" step="1"/><G27/><REACH who="3" ten="278,370,227,115" step="2"/><T89/><D117/><U85/><REACH who="1" step="1"/><E82/><REACH who="1" ten="278,360,227,115" step="2"/><V45/><F70/><W55/><G55/><T122/><D122/><U108/><E108/><V41/><F63/><W111/><G111/><T99/><D80/><U121/><E121/><V102/><F42/><W6/><G6/><N who="0" m="3447" /><D99/><AGARI ba="0,2" hai="15,16,21,22,25,29,41,45,48,57,59,95,99,102" machi="99" ten="40,2600,0" yaku="8,1,54,1" doraHai="81" who="2" fromWho="0" sc="278,-26,360,0,227,46,115,0" /><INIT seed="6,0,0,5,0,69" ten="252,360,273,115" oya="2" hai0="90,104,22,16,5,126,100,44,118,0,1,109,98" hai1="10,93,122,62,23,38,82,99,17,124,68,50,35" hai2="15,8,61,128,72,46,114,123,91,85,41,113,112" hai3="96,55,88,19,13,110,18,116,97,71,115,86,56"/><V79/><F123/><W57/><G71/><T60/><D109/><U12/><E122/><V73/><F61/><W66/><G110/><T52/><D126/><U40/><E38/><N who="2" m="21815" /><F79/><W59/><G116/><T6/><D118/><U42/><E35/><V130/><F91/><W34/><G34/><T28/><D28/><U131/><E131/><N who="2" m="50219" /><F85/><W45/><G115/><T75/><D75/><U81/><E124/><V105/><F105/><W32/><G32/><T26/><D90/><N who="1" m="55735" /><E68/><V9/><F9/><W21/><G66/><T4/><REACH who="0" step="1"/><D60/><REACH who="0" ten="242,360,273,115" step="2"/><U95/><E62/><V30/><F30/><W125/><G125/><T103/><D103/><U25/><E95/><V107/><F107/><W78/><G78/><T70/><D70/><U37/><E50/><AGARI ba="0,1" hai="0,1,4,5,6,16,22,26,44,50,52,98,100,104" machi="50" ten="40,5200,0" yaku="1,1,54,2,53,0" doraHai="69" doraHaiUra="87" who="0" fromWho="1" sc="242,62,360,-52,273,0,115,0" /><INIT seed="7,0,0,5,1,55" ten="304,308,273,115" oya="3" hai0="43,33,130,27,7,31,53,129,36,109,10,65,134" hai1="88,12,9,42,87,63,54,126,39,52,106,74,89" hai2="120,59,32,24,128,135,122,2,95,115,76,72,62" hai3="102,121,105,20,17,23,18,97,118,104,117,28,64"/><W110/><G121/><N who="2" m="46697" /><F2/><W85/><G110/><T71/><D109/><U69/><E106/><V50/><F135/><W119/><G64/><T133/><D53/><U57/><E74/><V94/><F128/><N who="0" m="49258" /><D43/><U127/><E69/><V123/><N who="2" m="46705" /><V124/><DORA hai="111" /><F124/><N who="1" m="47657" /><E39/><V92/><F50/><W46/><G28/><T78/><D78/><U81/><E42/><V68/><F68/><W26/><G46/><T58/><D71/><U82/><E54/><N who="2" m="34167" /><F76/><W61/><G61/><N who="0" m="38071" /><D36/><U38/><E38/><V91/><F72/><W35/><G35/><T5/><D5/><N who="1" m="3119" /><E89/><V96/><F115/><W93/><REACH who="3" step="1"/><G85/><REACH who="3" ten="304,308,273,105" step="2"/><T83/><D83/><AGARI ba="0,1" hai="52,57,63,81,82,83,87,88" m="3119,47657" machi="83" ten="30,7700,0" yaku="18,1,52,1,54,2" doraHai="55,111" who="1" fromWho="0" sc="304,-77,308,87,273,0,105,0" owari="227,-17.0,395,49.0,273,7.0,105,-39.0" /></mjloggm>