<mjloggm ver="2.3"><GO type="97" lobby="0"/><UN n0="%E3%83%81%E3%83%BC%E3%83%91%E3%82%AA%E2%99%AA" n1="%E3%83%91%E3%83%91%E3%82%B9%EF%BC%A0%E5%B7%9D%E6%9D%91%E8%BB%8D%E5%9B%A3" n2="%E3%82%AA%E3%83%AA%E3%83%B3%E3%83%94%E3%82%B3" n3="%E5%B0%B1%E6%B4%BB%E7%94%9F%40%E5%B7%9D%E6%9D%91%E8%BB%8D%E5%9B%A3" dan="15,13,14,14" rate="1896.92,1950.57,1856.39,1981.41" sx="M,M,M,M"/><TAIKYOKU oya="0"/><INIT seed="0,0,0,4,1,129" ten="250,250,250,250" oya="0" hai0="0,16,57,72,15,127,45,84,128,86,64,98,39" hai1="105,101,53,37,114,119,117,87,118,77,96,25,62" hai2="69,61,48,80,33,3,104,55,92,133,38,134,122" hai3="51,70,76,71,88,12,83,42,36,13,90,135,18"/><T6/><D72/><U10/><E37/><V56/><F104/><W126/><G36/><T20/><D128/><U108/><E114/><V102/><F122/><W44/><G126/><T9/><D127/><U5/><E108/><V23/><F33/><W95/><G135/><N who="2" m="51721" /><F38/><W32/><G32/><T120/><D120/><U112/><E112/><V73/><F3/><W14/><G18/><T2/><D2/><U107/><E107/><V66/><F23/><W31/><G31/><T68/><D68/><U106/><E105/><V40/><F40/><W46/><G46/><T78/><D78/><U103/><E106/><V93/><F102/><W21/><G21/><T27/><D98/><U7/><E101/><V123/><F123/><W79/><G79/><AGARI ba="0,0" hai="48,55,56,61,66,69,73,79,80,92,93" m="51721" machi="79" ten="30,7700,0" yaku="20,1,52,3" doraHai="129" who="2" fromWho="3" sc="250,0,250,0,250,77,250,-77" /><INIT seed="1,0,0,5,2,120" ten="250,250,327,173" oya="1" hai0="129,100,88,130,5,7,41,29,73,58,77,20,48" hai1="89,84,63,12,11,1,8,49,96,80,107,110,59" hai2="82,121,134,46,60,40,79,94,18,24,2,105,54" hai3="101,87,92,36,123,133,57,131,25,27,124,50,103"/><U69/><E69/><V16/><F105/><W56/><G36/><T32/><D32/><U97/><E110/><V74/><F2/><W104/><G123/><T35/><D35/><U42/><E1/><V111/><F111/><W127/><G104/><T17/><D100/><N who="3" m="38473" /><G131/><N who="0" m="50187" /><D29/><U91/><E107/><V93/><F134/><W52/><G133/><T128/><D77/><U71/><E71/><V62/><F62/><W109/><G109/><T126/><D73/><U116/><E116/><V26/><F60/><W30/><G30/><T99/><D126/><N who="3" m="48169" /><G57/><T37/><D37/><U45/><E89/><AGARI ba="0,0" hai="25,27,50,52,56,87,89,92" m="48169,38473" machi="89" ten="30,2000,0" yaku="18,1,54,1" doraHai="120" who="3" fromWho="1" sc="250,0,250,-20,327,0,173,20" /><INIT seed="2,0,0,1,3,130" ten="250,230,327,193" oya="2" hai0="35,3,7,88,123,107,21,34,67,47,103,84,24" hai1="40,128,131,36,75,108,114,74,66,70,96,8,80" hai2="51,13,109,87,111,57,116,112,105,129,54,94,32" hai3="82,127,26,85,69,121,97,132,31,100,73,91,126"/><V39/><F112/><W43/><G121/><T19/><D123/><U124/><E114/><V72/><F116/><W0/><G0/><T52/><D67/><U65/><E124/><N who="3" m="47658" /><G69/><T68/><D68/><U2/><E108/><V25/><F105/><N who="3" m="63631" /><G43/><T60/><D7/><N who="1" m="1143" /><E96/><V71/><F72/><W27/><G73/><T56/><D3/><U45/><E74/><V133/><F129/><N who="1" m="49737" /><E70/><V46/><F71/><W10/><G10/><T81/><D107/><U6/><E6/><V58/><F109/><W63/><G63/><T77/><D103/><U41/><E41/><V1/><F1/><W33/><G27/><T93/><REACH who="0" step="1"/><D47/><REACH who="0" ten="240,230,327,193" step="2"/><U120/><E120/><V44/><F46/><W23/><G33/><T15/><D15/><U53/><E53/><V98/><F13/><W76/><G76/><AGARI ba="0,1" hai="36,40,45,65,66,75,76,80" m="49737,1143" machi="76" ten="30,2000,0" yaku="25,1,19,1" doraHai="130" who="1" fromWho="3" sc="240,0,230,30,327,0,193,-20" /><INIT seed="3,0,0,2,5,45" ten="240,260,327,173" oya="3" hai0="115,112,18,101,94,87,78,2,5,99,127,10,81" hai1="32,65,123,1,67,82,63,98,130,7,100,52,17" hai2="24,56,39,33,61,13,129,3,38,35,133,46,12" hai3="64,83,26,89,69,0,43,66,111,74,51,31,114"/><W15/><G0/><T48/><D127/><U117/><E123/><V118/><F3/><W6/><G114/><T124/><D124/><U109/><E130/><V30/><F118/><W4/><G69/><T11/><D11/><U106/><E32/><V79/><F79/><W107/><G107/><T59/><D18/><U135/><E117/><V108/><F133/><W120/><G120/><T110/><D110/><U28/><E109/><V27/><F129/><W95/><G111/><T93/><D93/><U53/><E135/><V57/><F46/><N who="3" m="26079" /><G74/><T60/><D60/><U76/><E28/><V25/><F108/><W80/><G31/><T103/><D103/><U128/><E128/><V96/><F30/><W119/><G26/><T34/><D34/><U104/><E104/><V42/><F24/><W19/><G119/><T90/><D101/><U50/><E1/><V44/><F35/><W14/><G83/><T97/><D97/><U131/><E131/><V47/><F96/><N who="3" m="57455" /><G80/><T85/><D99/><U77/><E98/><V58/><F33/><W22/><G14/><T84/><D84/><U86/><E86/><V102/><F27/><W75/><G75/><T91/><D78/><U73/><E77/><V113/><F25/><W16/><G19/><T71/><D71/><U20/><E76/><V55/><F12/><W134/><G134/><T132/><D132/><U122/><E106/><V105/><F13/><W126/><G126/><T125/><D125/><U37/><E122/><V88/><F105/><W68/><G68/><T29/><D29/><U41/><E73/><V40/><F113/><RYUUKYOKU ba="0,0" sc="240,15,260,-15,327,-15,173,15" hai0="2,5,10,48,59,81,85,87,90,91,94,112,115" hai3="4,6,15,16,22,64,66" /><INIT seed="3,1,0,5,1,61" ten="255,245,312,188" oya="3" hai0="14,41,99,49,110,31,70,44,60,84,51,85,46" hai1="5,35,32,90,129,127,103,100,97,82,52,68,80" hai2="105,18,116,4,21,59,65,27,9,63,36,120,54" hai3="131,8,11,58,30,71,135,74,128,104,122,76,87"/><W39/><G122/><T114/><D110/><U106/><E68/><V102/><F120/><W23/><G71/><T92/><D31/><U78/><E127/><V72/><F72/><W55/><G39/><T13/><D114/><U42/><E42/><V98/><F36/><W115/><G74/><T25/><D25/><U134/><E134/><V117/><F54/><W57/><G104/><T26/><D26/><U16/><E129/><N who="3" m="49738" /><G135/><T3/><D3/><AGARI ba="1,0" hai="3,4,9,18,21,27,59,63,65,98,102,105,116,117" machi="3" ten="30,2000,0" yaku="7,1,52,1" doraHai="61" who="2" fromWho="0" sc="255,-23,245,0,312,23,188,0" owari="232,-17.0,245,5.0,335,43.0,188,-31.0" /></mjloggm>