<mjloggm ver="2.3"><GO type="169" lobby="0"/><UN n0="%6E%65%6F%40%75%6E%69" n1="%E3%81%82%E3%81%B2%E3%82%8B%E3%81%95%E3%82%93" n2="%E5%B0%B1%E6%B4%BB%E7%94%9F%40%E5%B7%9D%E6%9D%91%E8%BB%8D%E5%9B%A3" n3="%E3%83%90%E3%82%B9%E3%82%BF%E3%83%BC%E5%90%9B" dan="18,16,16,16" rate="2235.16,2109.27,2044.19,2115.88" sx="M,M,M,M"/><TAIKYOKU oya="0"/><INIT seed="0,0,0,4,5,20" ten="250,250,250,250" oya="0" hai0="105,113,60,46,55,119,37,72,110,56,47,45,74" hai1="65,10,134,8,71,73,86,54,125,49,77,52,76" hai2="0,68,31,14,133,100,3,106,115,99,94,123,83" hai3="6,67,109,16,36,97,34,88,118,81,130,116,4"/><T127/><D119/><U32/><E73/><V18/><F123/><W128/><G36/><T91/><D113/><U89/><E134/><V112/><F133/><W9/><G67/><T117/><D117/><U90/><E32/><V21/><F68/><W93/><G34/><T102/><D37/><U30/><E71/><V104/><F83/><W24/><G109/><T25/><D110/><U114/><E65/><V111/><F111/><W27/><G81/><T62/><D62/><U85/><E30/><V51/><F31/><W28/><G28/><T80/><D25/><N who="3" m="9801" /><G116/><T57/><D57/><U26/><E26/><V11/><F106/><W42/><G118/><T13/><D13/><U120/><E120/><V108/><F104/><W53/><G42/><T84/><REACH who="0" step="1"/><D127/><REACH who="0" ten="240,250,250,250" step="2"/><U44/><E125/><V17/><F108/><W39/><G39/><T129/><D129/><N who="3" m="49769" /><G53/><T23/><D23/><U66/><E66/><V64/><F21/><W5/><G16/><T101/><D101/><U7/><E54/><V59/><F64/><W61/><G61/><T69/><D69/><U29/><E29/><V135/><F18/><W50/><G50/><T124/><D124/><U82/><E49/><V70/><F70/><W98/><G98/><AGARI ba="0,1" hai="45,46,47,55,56,60,72,74,80,84,91,98,102,105" machi="98" ten="40,2000,0" yaku="1,1,53,0" doraHai="20" doraHaiUra="131" who="0" fromWho="3" sc="240,30,250,0,250,0,250,-20" /><INIT seed="0,1,0,3,0,43" ten="270,250,250,230" oya="0" hai0="104,135,107,38,116,52,26,40,34,16,103,94,47" hai1="63,82,17,86,45,42,3,49,126,77,70,23,124" hai2="91,51,120,122,92,33,121,123,105,9,65,71,56" hai3="75,96,11,29,101,20,4,25,37,78,90,134,67"/><T18/><D116/><U84/><E3/><V109/><F105/><W127/><G134/><T44/><D135/><U88/><E70/><V130/><F130/><W6/><G127/><T125/><D125/><U12/><REACH who="1" step="1"/><E63/><REACH who="1" ten="270,240,250,230" step="2"/><V118/><F118/><W0/><G67/><T117/><D117/><U87/><E87/><V66/><F120/><W31/><G0/><T74/><D74/><U13/><E13/><V59/><F121/><W133/><G133/><T7/><D7/><U50/><E50/><V36/><F122/><W81/><G4/><T68/><D68/><U24/><E24/><V61/><F123/><W108/><G37/><T2/><D2/><U30/><E30/><V60/><F36/><W119/><G119/><T53/><D26/><U93/><AGARI ba="1,1" hai="12,17,23,42,45,49,77,82,84,86,88,93,124,126" machi="93" ten="30,7900,0" yaku="1,1,0,1,52,1,54,1,53,0" doraHai="43" doraHaiUra="99" who="1" fromWho="1" sc="270,-40,240,92,250,-21,230,-21" /><INIT seed="1,0,0,1,3,56" ten="230,332,229,209" oya="1" hai0="114,70,102,14,25,89,2,43,67,111,27,36,30" hai1="58,132,42,34,33,22,63,38,130,18,78,66,9" hai2="53,108,93,68,131,47,29,107,73,85,117,109,90" hai3="12,82,118,81,91,76,79,10,100,135,15,101,88"/><U75/><E130/><V35/><F107/><W122/><G122/><T52/><D2/><U103/><E132/><V99/><F68/><W80/><G118/><T60/><D114/><U96/><E9/><V105/><F73/><W46/><G46/><T32/><D111/><N who="2" m="42570" /><F131/><W83/><G135/><T16/><D27/><U23/><E23/><V134/><F134/><W133/><G133/><T61/><D102/><N who="3" m="39529" /><G81/><T72/><D72/><U116/><E116/><V13/><F105/><W5/><G15/><T57/><D89/><AGARI ba="0,0" hai="5,10,12,76,79,80,82,83,88,89,91" m="39529" machi="89" ten="30,2000,0" yaku="8,1,54,1" doraHai="56" who="3" fromWho="0" sc="230,-20,332,0,229,0,209,20" /><INIT seed="2,0,0,0,2,32" ten="210,332,229,229" oya="2" hai0="57,24,69,89,8,54,51,79,19,84,81,39,59" hai1="125,26,28,4,131,9,25,115,12,90,21,22,36" hai2="64,46,122,104,87,18,43,3,58,60,23,53,74" hai3="92,121,112,117,96,123,76,83,97,95,10,17,15"/><V44/><F122/><W86/><G117/><T2/><D69/><U120/><E36/><V50/><F74/><W7/><G112/><T37/><D59/><U72/><E72/><V127/><F127/><W78/><G78/><T128/><D128/><U5/><E115/><V109/><F104/><W102/><REACH who="3" step="1"/><G7/><REACH who="3" ten="210,332,229,219" step="2"/><T62/><D79/><U20/><E120/><V107/><F107/><W75/><G75/><T16/><D39/><U42/><E4/><V55/><F109/><W88/><AGARI ba="0,1" hai="10,15,17,76,83,86,88,92,95,96,97,102,121,123" machi="88" ten="20,5200,0" yaku="1,1,0,1,7,1,54,1,53,0" doraHai="32" doraHaiUra="33" who="3" fromWho="3" sc="210,-13,332,-13,229,-26,219,62" /><INIT seed="3,0,0,3,0,131" ten="197,319,203,281" oya="3" hai0="103,0,75,13,95,34,30,70,129,88,98,6,84" hai1="107,94,133,89,2,31,36,47,41,104,50,5,19" hai2="113,126,99,11,86,71,40,115,42,7,101,39,77" hai3="73,125,110,37,106,15,17,33,119,25,53,127,52"/><W57/><G119/><T9/><D129/><U134/><E31/><V55/><F71/><W58/><G73/><T118/><D75/><U12/><E5/><V79/><F126/><N who="3" m="48139" /><G106/><T109/><D109/><U28/><E2/><V48/><F39/><W43/><G110/><T92/><D70/><U116/><E116/><V8/><F115/><W114/><G114/><T63/><D118/><U14/><E28/><V66/><F66/><W45/><G25/><T51/><D63/><U10/><E14/><V27/><F113/><W65/><G33/><T96/><D51/><U123/><E123/><V59/><F27/><W100/><G100/><T102/><D34/><U32/><E32/><V69/><F69/><W91/><G91/><T82/><REACH who="0" step="1"/><D30/><REACH who="0" ten="187,319,203,281" step="2"/><U16/><E50/><V64/><F64/><W24/><G65/><T3/><AGARI ba="0,1" hai="0,3,6,9,13,82,84,88,92,95,96,98,102,103" machi="3" ten="30,8000,1" yaku="1,1,2,1,0,1,9,1,54,1,53,0" doraHai="131" doraHaiUra="128" who="0" fromWho="0" sc="187,90,319,-20,203,-20,281,-40" /><INIT seed="4,0,0,0,1,74" ten="277,299,183,241" oya="0" hai0="24,122,48,9,66,81,80,16,77,31,41,70,8" hai1="22,90,53,94,40,109,112,55,126,17,85,58,19" hai2="86,117,76,114,45,56,133,100,1,30,39,59,115" hai3="113,104,14,134,95,83,0,64,6,67,89,21,5"/><T72/><D122/><U130/><E109/><V69/><F69/><W34/><G104/><T4/><D66/><U96/><E130/><V51/><F1/><W125/><G34/><T49/><D70/><U107/><E126/><V124/><F30/><W46/><G0/><T106/><D106/><U47/><E19/><V37/><F100/><W129/><G129/><T23/><D41/><U43/><E112/><V68/><F124/><W88/><G125/><T93/><D93/><U120/><E120/><V25/><F25/><W121/><G121/><T28/><D81/><U98/><E107/><V44/><F68/><W108/><G108/><T63/><D63/><U119/><E119/><V103/><F103/><W3/><G3/><T84/><D72/><U35/><E35/><V87/><F117/><W132/><G46/><T118/><D118/><U36/><E43/><V79/><REACH who="2" step="1"/><F51/><REACH who="2" ten="277,299,173,241" step="2"/><N who="0" m="19530" /><D4/><U15/><E55/><V7/><F7/><W101/><G5/><T12/><D31/><U18/><E17/><V111/><F111/><W32/><G6/><T91/><D8/><U97/><E97/><V73/><F73/><W50/><G113/><T123/><D123/><U54/><E53/><V42/><F42/><W52/><G52/><T26/><D24/><U99/><E98/><V71/><F71/><W92/><G50/><AGARI ba="0,1" hai="15,18,22,36,40,47,50,54,58,85,90,94,96,99" machi="50" ten="30,3900,0" yaku="7,1,25,2" doraHai="74" who="1" fromWho="3" sc="277,0,299,49,173,0,241,-39" /><INIT seed="5,0,0,3,0,50" ten="277,348,173,202" oya="1" hai0="24,91,116,76,18,9,2,66,126,128,58,43,101" hai1="1,17,3,133,96,117,121,60,57,48,71,69,22" hai2="14,15,47,78,94,86,20,92,123,13,72,120,44" hai3="74,0,132,134,41,114,98,95,89,53,42,12,106"/><U23/><E117/><V54/><F72/><W125/><G0/><T8/><D116/><U129/><E121/><V122/><F20/><W119/><G119/><T127/><D76/><U64/><E129/><V61/><F78/><W105/><G74/><T7/><D101/><U21/><E133/><N who="3" m="51306" /><G125/><T51/><D128/><U10/><E71/><V99/><F86/><W130/><G130/><T82/><D66/><U135/><E135/><V37/><F94/><W110/><G110/><T62/><D62/><U90/><E96/><V131/><F131/><W38/><G114/><T31/><D18/><U79/><E79/><V108/><F108/><W109/><G109/><T34/><D9/><U4/><E90/><V75/><F75/><W65/><G105/><T68/><D68/><U40/><E1/><V63/><F37/><W59/><G38/><T56/><D91/><U28/><E28/><V100/><REACH who="2" step="1"/><F63/><REACH who="2" ten="277,348,163,202" step="2"/><N who="3" m="36335" /><G106/><T84/><D127/><U73/><E73/><V39/><F39/><W27/><G95/><T49/><D126/><U104/><E104/><V111/><F111/><W124/><G124/><T113/><D113/><U83/><E83/><V80/><F80/><W88/><G98/><T32/><D82/><U102/><E22/><V45/><F45/><W26/><G89/><T30/><D84/><U46/><E23/><V93/><F93/><W103/><G88/><T33/><D33/><U81/><E81/><V6/><F6/><W67/><G103/><T77/><D77/><U19/><E21/><V11/><F11/><W118/><G118/><T70/><D34/><U29/><E10/><RYUUKYOKU ba="0,1" sc="277,-10,348,-10,163,30,202,-10" hai2="13,14,15,44,47,54,61,92,99,100,120,122,123" /><INIT seed="6,1,1,1,0,88" ten="267,338,193,192" oya="2" hai0="102,4,9,91,16,103,60,130,1,34,80,101,31" hai1="75,43,65,107,68,47,56,10,49,53,63,32,36" hai2="0,115,92,120,13,127,104,76,124,109,33,71,105" hai3="81,40,24,21,122,119,55,38,66,78,70,129,96"/><V46/><F0/><W6/><G122/><T15/><D130/><U97/><E32/><V73/><F33/><W79/><G119/><T54/><D31/><U74/><E107/><N who="2" m="41035" /><F71/><W77/><G129/><T58/><D34/><U94/><E10/><V39/><F39/><W116/><G116/><T85/><D1/><U50/><E49/><V45/><F13/><W113/><G113/><T112/><D112/><U27/><E27/><V126/><F115/><W131/><G131/><T42/><REACH who="0" step="1"/><D42/><REACH who="0" ten="257,338,193,192" step="2"/><U17/><REACH who="1" step="1"/><E17/><AGARI ba="1,2" hai="4,9,15,16,17,54,58,60,80,85,91,101,102,103" machi="17" ten="40,8000,1" yaku="1,1,2,1,8,1,54,1,53,1" doraHai="88" doraHaiUra="59" who="0" fromWho="1" sc="257,103,338,-83,193,0,192,0" /><INIT seed="7,0,0,2,1,64" ten="360,255,193,192" oya="3" hai0="57,71,55,85,101,120,45,130,60,38,79,96,32" hai1="4,100,107,112,13,73,54,41,61,110,46,35,115" hai2="65,109,8,63,24,102,122,124,94,119,43,98,26" hai3="18,6,83,127,58,25,66,31,12,42,37,117,72"/><W99/><G117/><T48/><D120/><U16/><E110/><V133/><F119/><W114/><G127/><T59/><D32/><U132/><E73/><V134/><F122/><W49/><G37/><T53/><D130/><U104/><E35/><V111/><F43/><W2/><G114/><N who="1" m="43562" /><E132/><N who="2" m="50795" /><F8/><W121/><G121/><T135/><D71/><U9/><E100/><V78/><F78/><W20/><G99/><T86/><D135/><U47/><E4/><V3/><F3/><W91/><G6/><T70/><D70/><U34/><E34/><V10/><F10/><N who="3" m="6423" /><G2/><T0/><D0/><U50/><E61/><V108/><F124/><W33/><G33/><T77/><D45/><U7/><E7/><V113/><F113/><W17/><G72/><T22/><D38/><AGARI ba="0,0" hai="9,13,16,38,41,46,47,50,54,104,107" m="43562" machi="38" ten="30,2000,0" yaku="15,1,54,1" doraHai="64" who="1" fromWho="0" sc="360,-20,255,20,193,0,192,0" owari="340,44.0,275,8.0,193,-21.0,192,-31.0" /></mjloggm>