<mjloggm ver="2.3"><GO type="225" lobby="0"/><UN n0="%E9%8A%80%E3%81%B0%E3%81%95%E3%81%BF" n1="%E5%A4%A9%E7%A9%BA%73%61%79%61" n2="%E8%BF%A6%E9%99%B5%E9%A0%BB%E4%BC%BD" n3="%E3%83%88%E3%83%88%E3%83%AA%E5%85%88%E7%94%9F%31%39%E6%AD%B3" dan="18,16,17,16" rate="2231.50,2066.78,2135.37,2146.84" sx="M,M,F,F"/><TAIKYOKU oya="0"/><INIT seed="0,0,0,4,0,1" ten="250,250,250,250" oya="0" hai0="55,95,7,126,111,92,82,20,90,79,8,86,130" hai1="58,29,22,9,31,91,129,100,19,62,71,21,114" hai2="24,18,51,5,74,76,37,44,85,13,16,33,131" hai3="60,36,12,133,70,88,122,47,135,98,68,35,78"/><T61/><D126/><U119/><E119/><V49/><F74/><W17/><G35/><T83/><D130/><U94/><E71/><V25/><F37/><W23/><G122/><T113/><D113/><U53/><E100/><V28/><F131/><W109/><G109/><T14/><D111/><U63/><E129/><V75/><F75/><W96/><G78/><T27/><D61/><U26/><E114/><V81/><F51/><W72/><G72/><T123/><D123/><U124/><E124/><V105/><F105/><W43/><G98/><T89/><D55/><U118/><E118/><V6/><F18/><W132/><REACH who="3" step="1"/><G60/><REACH who="3" ten="250,250,250,240" step="2"/><T93/><REACH who="0" step="1"/><D83/><REACH who="0" ten="240,250,250,240" step="2"/><U101/><E63/><V125/><F125/><W121/><G121/><T87/><D87/><U134/><E62/><V107/><F85/><W99/><G99/><T57/><D57/><U102/><E58/><V110/><F81/><W115/><G115/><T106/><D106/><U112/><E112/><V116/><F107/><W46/><G46/><T77/><D77/><U64/><E94/><AGARI ba="0,2" hai="12,17,23,36,43,47,68,70,88,94,96,132,133,135" machi="94" ten="40,8000,1" yaku="1,1,20,1,54,1,53,2" doraHai="1" doraHaiUra="67" who="3" fromWho="1" sc="240,0,250,-80,250,0,240,100" /><INIT seed="1,0,0,1,0,20" ten="240,170,250,340" oya="1" hai0="38,29,89,102,73,57,79,15,105,122,111,17,129" hai1="101,13,16,35,87,135,116,62,100,104,0,68,37" hai2="77,50,114,108,91,115,48,21,34,58,3,60,56" hai3="123,8,28,36,59,81,92,126,97,75,49,70,47"/><U96/><E0/><V39/><F108/><W119/><G123/><T83/><D38/><U78/><E116/><V113/><F34/><W26/><G70/><T107/><D111/><U66/><E35/><V82/><F39/><W72/><G119/><T40/><D40/><U120/><E120/><V43/><F3/><W85/><G36/><T33/><D122/><U117/><E117/><V64/><F43/><W4/><G59/><T52/><D129/><U65/><E135/><V80/><F91/><W25/><G28/><T5/><D5/><U124/><E124/><V63/><F21/><W1/><G126/><T24/><D89/><U131/><E131/><V11/><F11/><W14/><G1/><T12/><D102/><U98/><E37/><V46/><F46/><W67/><G67/><T112/><D112/><U19/><E66/><N who="2" m="39175" /><F82/><W53/><G75/><AGARI ba="0,0" hai="48,50,58,63,64,75,77,80,113,114,115" m="39175" machi="75" ten="30,1000,0" yaku="11,1" doraHai="20" who="2" fromWho="3" sc="240,0,170,0,250,10,340,-10" /><INIT seed="2,0,0,4,5,66" ten="240,170,260,330" oya="2" hai0="11,112,117,98,13,28,101,26,47,107,113,10,50" hai1="116,14,78,74,32,29,91,0,118,135,81,131,87" hai2="99,12,93,104,100,39,119,73,89,27,60,15,95" hai3="8,69,44,51,2,88,97,49,125,75,58,83,62"/><V19/><F119/><W121/><G121/><T53/><D11/><U7/><E0/><V106/><F39/><W35/><G35/><T41/><D117/><U110/><E110/><V80/><F27/><W1/><G69/><T79/><D79/><U130/><E135/><V36/><F36/><W24/><G125/><T124/><D41/><U114/><E114/><V82/><F60/><W103/><G24/><T105/><D105/><N who="2" m="40554" /><F12/><W115/><G115/><T37/><D37/><U132/><E91/><V71/><F15/><W25/><G25/><T84/><D84/><U45/><E87/><N who="2" m="52415" /><F19/><W9/><G51/><T5/><REACH who="0" step="1"/><D124/><REACH who="0" ten="230,170,260,330" step="2"/><U133/><E78/><N who="2" m="44111" /><F71/><W127/><G8/><T122/><D122/><U61/><E133/><V63/><F63/><W126/><G9/><T123/><D123/><U111/><E132/><V56/><F56/><W129/><G58/><T4/><D4/><U108/><E61/><V48/><F48/><W94/><G62/><T23/><AGARI ba="0,1" hai="5,10,13,23,26,28,47,50,53,98,101,107,112,113" machi="23" ten="20,2700,0" yaku="1,1,0,1,7,1,53,0" doraHai="66" doraHaiUra="68" who="0" fromWho="0" sc="230,37,170,-7,260,-13,330,-7" /><INIT seed="3,0,0,3,3,130" ten="267,163,247,323" oya="3" hai0="108,32,17,47,113,29,3,128,27,74,79,105,70" hai1="134,69,51,120,129,28,131,58,118,50,85,84,31" hai2="93,90,4,40,104,52,81,60,20,78,24,124,46" hai3="66,135,16,48,30,95,15,121,103,53,10,114,119"/><W55/><G114/><T1/><D113/><U126/><E69/><V94/><F104/><W59/><G119/><T64/><D128/><U86/><E118/><V18/><F124/><W34/><G30/><T54/><D108/><U122/><E86/><V133/><F133/><W75/><G135/><T49/><D17/><U115/><E115/><V25/><F4/><W99/><G75/><T63/><D79/><U6/><E6/><V21/><F60/><N who="3" m="38175" /><G34/><T62/><D74/><U67/><E58/><V88/><F52/><N who="3" m="20043" /><G121/><T12/><D12/><U43/><E67/><V117/><F117/><W101/><G48/><T100/><REACH who="0" step="1"/><D63/><REACH who="0" ten="257,163,247,323" step="2"/><U9/><E43/><V107/><F107/><W57/><G57/><T2/><D2/><U7/><E7/><V71/><F71/><W68/><G68/><T61/><D61/><U42/><E42/><V87/><F94/><W102/><AGARI ba="0,1" hai="10,15,16,95,99,101,102,103" m="20043,38175" machi="102" ten="30,6000,0" yaku="8,1,54,2" doraHai="130" who="3" fromWho="3" sc="257,-20,163,-20,247,-20,323,70" owari="237,4.0,143,-36.0,227,-17.0,393,49.0" /></mjloggm>