<mjloggm ver="2.3"><GO type="97" lobby="0"/><UN n0="%E3%83%9F%E3%82%BF%E3%83%A2%E3%83%B3" n1="%E3%81%BE%E3%81%BB%E3%81%BE%E3%81%BB" n2="%E5%B0%B1%E6%B4%BB%E7%94%9F%40%E5%B7%9D%E6%9D%91%E8%BB%8D%E5%9B%A3" n3="%E3%81%A9%E3%81%86%E3%81%9E%E3%81%94%E8%87%AA%E7%94%B1%E3%81%AB" dan="14,14,15,16" rate="1860.40,1965.85,2032.32,2014.31" sx="M,F,M,F"/><TAIKYOKU oya="0"/><INIT seed="0,0,0,4,0,44" ten="250,250,250,250" oya="0" hai0="8,124,22,102,65,135,133,50,9,74,80,97,39" hai1="17,31,111,7,98,20,71,24,18,23,72,126,75" hai2="63,113,51,16,38,61,33,101,90,32,125,11,53" hai3="12,122,37,29,119,62,3,134,26,112,43,55,82"/><T95/><D39/><U25/><E71/><V48/><F38/><W49/><G3/><T30/><D124/><U40/><E126/><V92/><F113/><W132/><G112/><T36/><D36/><U34/><E40/><V66/><F101/><W28/><G119/><T105/><D65/><U46/><E46/><V4/><F61/><W78/><G122/><T106/><D30/><U108/><E98/><V15/><F125/><W56/><G37/><T131/><D22/><U68/><E68/><V130/><F130/><W129/><G129/><T81/><D131/><U6/><E75/><V76/><F76/><W121/><G121/><T54/><D9/><U52/><E52/><V128/><F128/><W41/><G41/><T70/><D8/><U21/><E72/><V99/><F4/><N who="1" m="1577" /><E25/><V127/><F51/><W42/><G42/><T83/><D70/><U116/><E116/><V103/><F127/><W59/><G26/><T67/><D67/><U120/><E120/><V100/><F33/><W60/><G43/><T89/><D74/><U19/><AGARI ba="0,0" hai="17,18,19,20,21,23,24,31,34,108,111" m="1577" machi="19" ten="40,2700,0" yaku="34,2" doraHai="44" who="1" fromWho="1" sc="250,-13,250,27,250,-7,250,-7" /><INIT seed="1,0,0,3,3,128" ten="237,277,243,243" oya="1" hai0="60,133,64,57,36,42,70,123,63,5,86,24,61" hai1="93,87,95,94,120,118,72,2,101,129,80,68,82" hai2="109,69,103,85,117,92,111,32,52,88,100,75,48" hai3="90,124,122,134,55,3,65,17,27,34,71,81,113"/><U135/><E68/><V16/><F32/><W30/><G122/><T107/><D107/><U130/><E2/><V14/><F69/><W67/><G113/><T116/><D5/><U126/><E120/><V11/><F75/><W110/><G110/><N who="2" m="41993" /><F117/><W8/><G124/><T28/><D123/><U41/><E41/><V15/><F15/><W12/><G71/><T99/><D99/><N who="1" m="59631" /><E126/><V53/><F53/><W79/><G134/><T0/><D0/><U112/><E118/><V49/><F48/><W45/><G3/><T78/><D116/><U18/><E18/><V96/><F85/><N who="3" m="50479" /><G79/><T40/><D36/><U13/><E13/><V43/><F43/><W58/><G58/><AGARI ba="0,0" hai="11,14,16,49,52,58,88,92,96,100,103" m="41993" machi="58" ten="30,7700,0" yaku="14,1,54,3" doraHai="128" who="2" fromWho="3" sc="237,0,277,0,243,77,243,-77" /><INIT seed="2,0,0,0,3,111" ten="237,277,320,166" oya="2" hai0="129,30,112,75,116,15,100,74,73,113,127,10,28" hai1="101,51,109,119,62,68,105,66,14,115,41,64,19" hai2="35,42,27,82,89,29,45,132,54,121,17,26,38" hai3="52,128,20,70,57,23,46,94,87,36,78,37,31"/><V90/><F121/><W53/><G128/><T88/><D116/><U18/><E109/><V81/><F132/><W125/><G125/><T123/><D123/><U63/><E119/><V9/><F54/><W107/><G107/><T32/><D32/><U126/><E126/><V40/><F9/><W6/><G70/><T95/><D127/><U84/><E84/><V79/><F42/><W47/><G37/><T5/><D129/><U122/><E122/><V69/><F69/><W13/><G36/><T103/><D30/><U110/><E110/><V118/><F118/><W65/><G65/><T2/><D28/><U72/><E72/><V48/><F38/><W102/><G31/><T12/><D12/><U104/><E115/><V71/><F71/><W55/><G57/><T11/><D103/><U114/><E114/><V50/><F50/><W0/><G0/><T43/><D100/><U85/><E101/><V80/><F79/><W97/><G47/><T131/><D43/><U39/><E14/><V83/><N who="2" m="20480" /><DORA hai="134" /><V96/><REACH who="2" step="1"/><F96/><REACH who="2" ten="237,277,310,166" step="2"/><W86/><G46/><T76/><D76/><U106/><E39/><V99/><F99/><W93/><G78/><T60/><D131/><U130/><E41/><V4/><F4/><W25/><G6/><T92/><D60/><U117/><E51/><V61/><F61/><W135/><G135/><T133/><D133/><U44/><E44/><V98/><F98/><W91/><G102/><T22/><D22/><AGARI ba="0,1" hai="17,22,26,27,29,35,40,45,48,89,90" m="20480" machi="22" ten="50,2400,0" yaku="1,1,53,0" doraHai="111,134" doraHaiUra="7,56" who="2" fromWho="0" sc="237,-24,277,0,310,34,166,0" /><INIT seed="2,1,0,0,1,29" ten="213,277,344,166" oya="2" hai0="76,109,119,105,64,133,32,3,78,98,132,51,88" hai1="37,116,39,97,120,84,28,21,6,113,31,0,35" hai2="15,63,22,5,42,85,90,11,10,46,100,107,67" hai3="104,4,99,60,41,71,26,14,106,69,1,87,66"/><V70/><F107/><W24/><G1/><T102/><D3/><U80/><E116/><V55/><F100/><W62/><G41/><T127/><D119/><U40/><E113/><V61/><F22/><W124/><G124/><T17/><D127/><U72/><E72/><V112/><F112/><W101/><G106/><T59/><D64/><U18/><E97/><V111/><F111/><W54/><G87/><T126/><D109/><U125/><E125/><V92/><F61/><W73/><G73/><T82/><D126/><U117/><E117/><V65/><F11/><W12/><G4/><T47/><D59/><U122/><E6/><V93/><F55/><W91/><G91/><T128/><D128/><U20/><E0/><V110/><F65/><W89/><G89/><T23/><D32/><U123/><E40/><V45/><F110/><W130/><G130/><T103/><D103/><U9/><E9/><V75/><F75/><W108/><G108/><T79/><D88/><N who="1" m="51207" /><E35/><V95/><REACH who="2" step="1"/><F46/><REACH who="2" ten="213,277,334,166" step="2"/><W53/><G54/><T2/><D47/><U115/><E115/><V13/><F13/><N who="3" m="5227" /><G53/><T44/><D44/><U43/><E43/><V38/><AGARI ba="1,1" hai="5,10,15,38,42,45,63,67,70,85,90,92,93,95" machi="38" ten="20,3900,0" yaku="1,1,0,1,7,1,53,0" doraHai="29" doraHaiUra="30" who="2" fromWho="2" sc="213,-14,277,-14,334,52,166,-14" /><INIT seed="2,2,0,5,4,65" ten="199,263,386,152" oya="2" hai0="54,7,68,47,52,33,88,2,10,61,77,0,127" hai1="58,114,117,55,12,75,112,44,17,108,39,99,113" hai2="102,63,133,15,32,110,23,66,28,107,74,3,121" hai3="76,87,51,134,31,38,118,119,86,115,27,79,5"/><V131/><F3/><W92/><G115/><T103/><D33/><U126/><E75/><V36/><F36/><W35/><G134/><T34/><D34/><U80/><E117/><V25/><F74/><W129/><G38/><T116/><D77/><U104/><E108/><V19/><F110/><W90/><G129/><T96/><D2/><U57/><E80/><V106/><F131/><W84/><G5/><T122/><D122/><U16/><E126/><V26/><F121/><W40/><G79/><T4/><D4/><U41/><E17/><V46/><F133/><W1/><G1/><T45/><D127/><U83/><E83/><V24/><F46/><W43/><G76/><T94/><D116/><U71/><E71/><V132/><F132/><W29/><G31/><T59/><D103/><U130/><E130/><V9/><F102/><W135/><G135/><T49/><REACH who="0" step="1"/><D68/><REACH who="0" ten="189,263,386,152" step="2"/><U109/><E109/><V105/><REACH who="2" step="1"/><F32/><REACH who="2" ten="189,263,376,152" step="2"/><W42/><G119/><T67/><D67/><U48/><E113/><V85/><F85/><W22/><G118/><T123/><D123/><U8/><E114/><V89/><F89/><W97/><G35/><T64/><D64/><U98/><E112/><V111/><F111/><W62/><G87/><T95/><D95/><U30/><E104/><V70/><AGARI ba="2,2" hai="9,15,19,23,24,25,26,28,63,66,70,105,106,107" machi="70" ten="30,6000,0" yaku="1,1,0,1,52,1,53,0" doraHai="65" doraHaiUra="73" who="2" fromWho="2" sc="189,-22,263,-22,376,86,152,-22" /><INIT seed="2,3,0,3,4,6" ten="167,241,462,130" oya="2" hai0="53,77,69,109,93,135,7,82,70,67,4,94,31" hai1="125,130,59,44,34,83,72,124,97,26,120,92,0" hai2="117,52,58,32,81,86,17,101,119,90,5,23,88" hai3="118,100,3,87,110,54,103,115,80,98,65,74,112"/><V43/><F32/><W28/><G118/><T11/><D109/><U133/><E0/><V106/><F43/><W78/><G110/><T102/><D4/><U84/><E72/><V128/><F5/><W61/><G3/><T96/><D135/><U68/><E68/><V121/><F121/><W57/><G28/><T105/><D70/><U30/><E133/><V12/><F128/><W1/><G1/><T107/><D107/><U131/><E120/><V38/><F38/><W33/><G33/><T27/><D53/><U113/><E113/><N who="3" m="43594" /><G74/><T51/><D51/><U48/><E59/><V40/><F40/><W24/><G24/><T79/><D67/><U8/><E8/><V85/><F101/><N who="3" m="38987" /><G98/><T47/><D69/><U10/><E10/><V16/><F17/><W29/><G29/><T66/><D66/><AGARI ba="3,0" hai="54,57,61,65,66,78,80,87" m="38987,43594" machi="66" ten="30,1000,0" yaku="11,1" doraHai="6" who="3" fromWho="0" sc="167,-19,241,0,462,0,130,19" /><INIT seed="3,0,0,3,3,71" ten="148,241,462,149" oya="3" hai0="127,13,29,19,132,93,108,23,36,38,61,86,55" hai1="43,31,34,39,123,84,60,4,22,134,40,109,47" hai2="18,92,117,90,131,115,107,57,75,58,11,65,81" hai3="41,42,56,74,48,7,103,52,14,46,135,49,28"/><W62/><G135/><T63/><D132/><U53/><E34/><V114/><F107/><W33/><G74/><T99/><D127/><U17/><E134/><V37/><F117/><W45/><G103/><T119/><D119/><U95/><E109/><V100/><F131/><W64/><G33/><T67/><D108/><U30/><E39/><V68/><F68/><W66/><REACH who="3" step="1"/><G28/><REACH who="3" ten="148,241,462,139" step="2"/><T105/><D29/><U76/><E31/><V27/><F100/><W1/><G1/><T69/><D105/><U130/><E30/><V10/><F75/><W35/><G35/><T88/><D99/><U94/><E123/><V101/><F101/><W32/><G32/><T111/><D111/><U6/><E130/><V8/><F114/><W97/><G97/><T25/><D25/><U126/><E126/><V85/><F27/><W9/><AGARI ba="0,1" hai="7,9,14,41,42,45,46,48,49,52,56,62,64,66" machi="9" ten="30,12000,1" yaku="1,1,0,1,9,1,8,1,54,1,53,0" doraHai="71" doraHaiUra="20" who="3" fromWho="3" sc="148,-40,241,-40,462,-40,139,130" /><INIT seed="3,1,0,2,2,24" ten="108,201,422,269" oya="3" hai0="52,64,116,7,87,73,126,29,34,88,123,70,38" hai1="5,94,53,19,32,3,127,28,133,98,9,47,4" hai2="85,27,25,50,128,35,111,82,42,45,114,17,79" hai3="77,119,93,37,71,106,124,84,109,8,90,61,51"/><W36/><G119/><T20/><D123/><U75/><E75/><V44/><F114/><W60/><G124/><T118/><D73/><U115/><E115/><V18/><F128/><W76/><G109/><T33/><D126/><U12/><E127/><V62/><F111/><W15/><G106/><T104/><D104/><U102/><E133/><V91/><F35/><W74/><G37/><T39/><D118/><U43/><E53/><V46/><F62/><W113/><G36/><T40/><D116/><U83/><E83/><V55/><F79/><W81/><G113/><T31/><D7/><U10/><E10/><V63/><F63/><W26/><G71/><T67/><D70/><U65/><E65/><V30/><F30/><W2/><G2/><T108/><D108/><U48/><REACH who="1" step="1"/><E3/><REACH who="1" ten="108,191,422,269" step="2"/><V122/><F122/><W41/><G76/><T23/><D40/><U96/><E96/><V121/><F121/><W107/><G107/><T105/><D105/><U134/><E134/><V125/><F125/><W97/><G74/><T14/><D14/><U68/><E68/><V21/><F55/><W58/><G26/><AGARI ba="1,1" hai="4,5,9,12,19,26,28,32,43,47,48,94,98,102" machi="26" ten="40,2600,0" yaku="1,1,52,1,53,0" doraHai="24" doraHaiUra="72" who="1" fromWho="3" sc="108,0,191,39,422,0,269,-29" owari="108,-39.0,230,-17.0,422,52.0,240,4.0" /></mjloggm>