<mjloggm ver="2.3"><GO type="97" lobby="0"/><UN n0="%E5%B0%B1%E6%B4%BB%E7%94%9F%40%E5%B7%9D%E6%9D%91%E8%BB%8D%E5%9B%A3" n1="%E3%83%9E%E3%83%BC%E3%83%9C%E3%82%A6" n2="%6B%6F%2D%73%68%69%72%6F" n3="%E9%BE%8D%E9%82%A6" dan="14,14,15,14" rate="1985.94,1912.66,2013.95,1892.88" sx="M,M,M,M"/><TAIKYOKU oya="0"/><INIT seed="0,0,0,2,3,72" ten="250,250,250,250" oya="0" hai0="133,45,62,115,32,10,60,17,102,59,113,64,134" hai1="57,42,38,27,111,36,109,55,98,50,112,81,88" hai2="118,48,23,68,77,67,0,104,1,18,19,95,39" hai3="131,12,4,124,25,70,21,90,30,87,22,35,52"/><T125/><D32/><U40/><E112/><N who="0" m="43081" /><D102/><U15/><E27/><V84/><F104/><W82/><G70/><N who="0" m="42247" /><D10/><U8/><E40/><V123/><F123/><W100/><G131/><T106/><D106/><U97/><E97/><V74/><F39/><W11/><G124/><T91/><D91/><U132/><E132/><N who="0" m="50793" /><D17/><N who="1" m="8423" /><E42/><V56/><F118/><W126/><G100/><T101/><D101/><U37/><E98/><V41/><F74/><W71/><G126/><T94/><D94/><U9/><E9/><V65/><F19/><W122/><G122/><T108/><D125/><U105/><E105/><V63/><F1/><W3/><G71/><T73/><D73/><U46/><E57/><V53/><F0/><W6/><G6/><T76/><D76/><U116/><E116/><V114/><F114/><W26/><G26/><T28/><D28/><U51/><E51/><V75/><F75/><W129/><G129/><T29/><D29/><U83/><E83/><N who="2" m="47215" /><F68/><W31/><G31/><T93/><D93/><U127/><E127/><V13/><F95/><W58/><G3/><T103/><D103/><U2/><E2/><V79/><F79/><W130/><G130/><T16/><D16/><U96/><E96/><V47/><AGARI ba="0,0" hai="13,18,23,41,47,48,53,56,63,65,67" m="47215" machi="47" ten="30,2000,0" yaku="8,1,52,1" doraHai="72" who="2" fromWho="2" sc="250,-10,250,-5,250,20,250,-5" /><INIT seed="1,0,0,2,4,116" ten="240,245,270,245" oya="1" hai0="118,101,29,111,113,43,52,5,103,69,35,109,64" hai1="28,39,97,77,30,65,106,31,117,48,70,78,126" hai2="36,128,89,41,12,130,108,33,133,13,115,34,50" hai3="86,131,14,82,8,45,85,22,6,120,15,81,96"/><U127/><E39/><V53/><F115/><W18/><G131/><N who="2" m="50217" /><F133/><W73/><G73/><T105/><D118/><U114/><E114/><V1/><F1/><W38/><G38/><T59/><D113/><U25/><E117/><V21/><F108/><N who="0" m="41546" /><D43/><U79/><E48/><V95/><F36/><W100/><G45/><T3/><D105/><U16/><E65/><V63/><F41/><W72/><G72/><T10/><D64/><U67/><E67/><V88/><F63/><W9/><G120/><T107/><D107/><U132/><E70/><V90/><F95/><W98/><G22/><T49/><D69/><U19/><E132/><V134/><F134/><W124/><G124/><N who="1" m="47658" /><E25/><AGARI ba="0,0" hai="3,5,10,25,29,35,49,52,59,101,103" m="41546" machi="25" ten="30,2000,0" yaku="14,1,54,1" doraHai="116" who="0" fromWho="1" sc="240,20,245,-20,270,0,245,0" /><INIT seed="2,0,0,2,1,128" ten="260,225,270,245" oya="2" hai0="72,132,96,70,55,31,64,24,81,20,85,101,12" hai1="11,80,27,29,33,26,50,107,67,15,123,108,116" hai2="83,45,105,73,34,43,68,98,28,13,39,5,30" hai3="0,99,86,51,35,25,9,125,97,19,111,1,71"/><V121/><F121/><W49/><G71/><T120/><D120/><U104/><E123/><V82/><F68/><W84/><G125/><T41/><D72/><U66/><E116/><V113/><F113/><W79/><G111/><T122/><D122/><U75/><E108/><V8/><F34/><W42/><G79/><T76/><D41/><U127/><E127/><V100/><F73/><W52/><G42/><T115/><D115/><U4/><E27/><V89/><F83/><W69/><G69/><T78/><D78/><U135/><E50/><V130/><F130/><W14/><G35/><T62/><D55/><U134/><E75/><V17/><F82/><W77/><G25/><T21/><D132/><N who="1" m="50731" /><E80/><V95/><REACH who="2" step="1"/><F5/><REACH who="2" ten="260,225,260,245" step="2"/><W10/><G77/><T109/><D109/><U54/><E54/><V90/><F90/><W60/><G52/><T22/><REACH who="0" step="1"/><D12/><REACH who="0" ten="250,225,260,245" step="2"/><U44/><E44/><V59/><F59/><W88/><G14/><T91/><D91/><U87/><E87/><AGARI ba="0,2" hai="8,13,17,28,30,39,43,45,87,89,95,98,100,105" machi="87" ten="30,2900,0" yaku="1,1,7,1,53,0" doraHai="128" doraHaiUra="3" who="2" fromWho="1" sc="250,0,225,-29,260,49,245,0" /><INIT seed="2,1,0,0,4,44" ten="250,196,309,245" oya="2" hai0="107,92,105,103,99,61,36,110,131,62,81,108,84" hai1="34,37,31,40,127,18,26,128,3,125,65,135,133" hai2="50,9,120,86,51,11,16,90,118,63,116,70,126" hai3="4,74,83,23,2,28,7,5,117,123,79,102,96"/><V112/><F120/><W56/><G123/><T24/><D36/><U10/><E65/><V94/><F112/><W89/><G117/><T29/><D131/><U91/><E91/><V20/><F126/><N who="1" m="48137" /><E40/><V52/><F118/><W68/><G68/><T73/><D73/><U42/><E42/><V53/><F116/><W58/><G89/><T15/><D15/><N who="1" m="7543" /><E37/><V101/><F101/><W121/><G121/><T27/><D62/><U98/><E98/><V19/><F70/><W82/><G2/><T17/><D61/><U57/><E57/><N who="2" m="32919" /><F63/><W35/><G83/><T60/><D60/><U124/><N who="1" m="48145" /><U93/><DORA hai="77" /><E93/><V64/><F64/><W46/><G35/><T32/><D105/><U22/><E128/><V80/><F80/><W85/><G74/><T106/><D106/><U109/><E109/><V6/><F6/><W8/><G8/><N who="2" m="3145" /><F20/><W21/><G28/><T47/><D47/><AGARI ba="1,0" hai="16,19,47,51,53,86,90,94" m="3145,32919" machi="47" ten="30,12000,1" yaku="8,1,52,2,54,2" doraHai="44,77" who="2" fromWho="0" sc="250,-123,196,0,309,123,245,0" /><INIT seed="2,2,0,0,1,43" ten="127,196,432,245" oya="2" hai0="21,93,86,51,20,78,115,41,132,48,97,113,108" hai1="101,72,5,114,123,82,50,59,34,7,17,75,126" hai2="2,87,63,31,61,81,77,122,52,89,22,96,79" hai3="53,49,130,99,106,125,58,62,84,66,9,76,80"/><V36/><F122/><W98/><G106/><T57/><D108/><U105/><E34/><V6/><F36/><W39/><G130/><T73/><D132/><U55/><E114/><V35/><F35/><W133/><G39/><T11/><D73/><U40/><E40/><V28/><F2/><W12/><G133/><T111/><D111/><U134/><E134/><V4/><F96/><W23/><G23/><T47/><D113/><U69/><E69/><V95/><F79/><W65/><G65/><T0/><D115/><U64/><E64/><V1/><F1/><W107/><G107/><T104/><D104/><U33/><E33/><V3/><F3/><W15/><G125/><T30/><D0/><U90/><E17/><V71/><F71/><W42/><G15/><T127/><D127/><U54/><E126/><V37/><F37/><W131/><G131/><T103/><D30/><N who="2" m="11306" /><F22/><W19/><G42/><T118/><D118/><U129/><E129/><V24/><F24/><W110/><REACH who="3" step="1"/><G110/><REACH who="3" ten="127,196,432,235" step="2"/><T70/><D70/><AGARI ba="2,1" hai="9,12,19,49,53,58,62,66,70,76,80,84,98,99" machi="70" ten="30,3900,0" yaku="1,1,2,1,7,1,53,0" doraHai="43" doraHaiUra="128" who="3" fromWho="0" sc="127,-45,196,0,432,0,235,55" /><INIT seed="3,0,0,0,5,85" ten="82,196,432,290" oya="3" hai0="22,101,26,89,98,97,67,14,103,131,104,106,87" hai1="33,52,44,94,113,8,77,36,47,88,64,125,65" hai2="40,42,1,46,133,79,70,105,96,83,84,5,35" hai3="108,130,61,55,3,95,129,54,91,37,2,24,25"/><W63/><G37/><T21/><D131/><N who="3" m="50185" /><G108/><T126/><D126/><U122/><E122/><V124/><F70/><W114/><G114/><T117/><D117/><U62/><E113/><V30/><F124/><W109/><G109/><T127/><D127/><U71/><E33/><V27/><F133/><W75/><G75/><T57/><D14/><U50/><E77/><V116/><F116/><W72/><G72/><T100/><D57/><N who="1" m="32919" /><E65/><V23/><F35/><W132/><G132/><T69/><D69/><U15/><E125/><V59/><F1/><N who="3" m="11" /><G95/><T32/><D67/><U102/><E102/><V86/><F5/><W123/><G123/><T43/><D43/><N who="1" m="22631" /><E47/><V41/><F105/><W28/><G28/><T135/><D135/><U45/><E45/><V112/><F112/><W118/><G118/><T29/><REACH who="0" step="1"/><D103/><REACH who="0" ten="72,196,432,290" step="2"/><U6/><E15/><V11/><F59/><W18/><G25/><T48/><D48/><U39/><E39/><V111/><F111/><W74/><G24/><T134/><D134/><U38/><E38/><V60/><F60/><N who="3" m="23115" /><G18/><T53/><D53/><N who="3" m="19977" /><G74/><T0/><D0/><U20/><E20/><V56/><F56/><W49/><G49/><T73/><D73/><U51/><E51/><V13/><F46/><W80/><G80/><AGARI ba="0,1" hai="21,22,26,29,32,80,87,89,97,98,100,101,104,106" machi="80" ten="30,12000,2" yaku="1,1,7,1,9,1,52,1,53,2" doraHai="85" doraHaiUra="16" who="0" fromWho="3" sc="72,130,196,0,432,0,290,-120" owari="202,0.0,196,-20.0,432,53.0,170,-33.0" /></mjloggm>