<mjloggm ver="2.3"><GO type="97" lobby="0"/><UN n0="%E5%85%A8%E3%83%84%E5%85%A8%E9%B3%B4%E3%81%8D%E3%81%AE%E7%A5%9E" n1="%E5%85%AB%E7%8F%8D%E8%B1%86%E8%85%90" n2="%79%75%72%75%72%75%6E" n3="%E5%B0%B1%E6%B4%BB%E7%94%9F%40%E5%B7%9D%E6%9D%91%E8%BB%8D%E5%9B%A3" dan="15,13,13,14" rate="2024.77,1836.64,1818.09,2012.42" sx="M,M,M,M"/><TAIKYOKU oya="0"/><INIT seed="0,0,0,1,5,45" ten="250,250,250,250" oya="0" hai0="35,50,1,21,38,5,8,73,135,112,27,6,86" hai1="37,83,17,95,96,20,13,14,121,0,108,106,26" hai2="32,44,67,132,49,40,113,128,122,82,18,56,71" hai3="90,94,36,84,66,51,75,88,11,115,54,47,124"/><T41/><D112/><U133/><E121/><V59/><F113/><W87/><G115/><T28/><D135/><U16/><E106/><V52/><F122/><W127/><G75/><T118/><D118/><U79/><E133/><V43/><F32/><W29/><G29/><T65/><D65/><U78/><E108/><V7/><F132/><W4/><G66/><T58/><D6/><U130/><E130/><V109/><F109/><W15/><REACH who="3" step="1"/><G36/><REACH who="3" ten="250,250,250,240" step="2"/><T100/><D73/><U111/><E37/><V64/><F128/><W93/><AGARI ba="0,1" hai="4,11,15,47,51,54,84,87,88,90,93,94,124,127" machi="93" ten="30,12000,2" yaku="1,1,2,1,0,1,9,1,52,1,54,1,53,0" doraHai="45" doraHaiUra="12" who="3" fromWho="3" sc="250,-60,250,-30,250,-30,240,130" /><INIT seed="1,0,0,1,1,129" ten="190,220,220,370" oya="1" hai0="15,4,99,42,63,23,124,54,87,105,52,71,41" hai1="0,69,19,108,131,85,91,20,110,6,9,83,34" hai2="57,114,1,18,115,51,62,81,76,22,31,46,98" hai3="117,123,106,36,74,103,101,104,33,127,118,111,72"/><U116/><E116/><N who="3" m="44650" /><G36/><T53/><D124/><U13/><E69/><V58/><F1/><W86/><G33/><T60/><D71/><U27/><REACH who="1" step="1"/><E131/><REACH who="1" ten="190,210,220,370" step="2"/><V113/><F31/><AGARI ba="0,1" hai="0,6,9,13,19,20,27,31,34,83,85,91,108,110" machi="31" ten="40,12000,1" yaku="1,1,2,1,24,2,53,1" doraHai="129" doraHaiUra="28" who="1" fromWho="2" sc="190,0,210,130,220,-120,370,0" /><INIT seed="1,1,0,4,5,60" ten="190,340,100,370" oya="1" hai0="115,31,61,113,36,33,9,41,50,114,117,40,23" hai1="73,78,55,12,92,49,88,90,76,69,4,26,48" hai2="87,70,6,68,122,128,98,16,28,77,19,107,116" hai3="108,85,93,95,64,103,46,57,13,29,1,25,112"/><U110/><E69/><V86/><F122/><W56/><G1/><T80/><D117/><U131/><E131/><V52/><F128/><W118/><G112/><T63/><D33/><U24/><E110/><V123/><F123/><W44/><G118/><T82/><D36/><U133/><E133/><V11/><F28/><W96/><G108/><T30/><D9/><N who="1" m="4135" /><E73/><V18/><F116/><W7/><G7/><T21/><D115/><U94/><E94/><V79/><F107/><W135/><G13/><T120/><D50/><N who="1" m="19563" /><E55/><V124/><F98/><W34/><G135/><T97/><D97/><N who="1" m="57479" /><E90/><V105/><F105/><W126/><G126/><T45/><D45/><U104/><E104/><V51/><F124/><W72/><G72/><T101/><D101/><U121/><E121/><AGARI ba="1,0" hai="21,23,30,31,40,41,61,63,80,82,113,114,120,121" machi="121" ten="25,1600,0" yaku="22,2" doraHai="60" who="0" fromWho="1" sc="190,19,340,-19,100,0,370,0" /><INIT seed="2,0,0,3,4,62" ten="209,321,100,370" oya="2" hai0="93,132,15,124,48,10,88,58,24,45,110,37,61" hai1="13,34,123,113,56,33,44,66,31,53,135,102,69" hai2="8,109,106,84,81,94,96,114,73,49,22,12,89" hai3="5,57,104,11,43,27,20,51,25,3,63,7,35"/><V26/><F114/><W54/><G104/><T21/><D132/><U47/><E123/><V117/><F117/><W111/><G111/><T74/><D74/><U70/><E113/><V55/><F109/><W30/><G7/><N who="0" m="3551" /><D37/><U32/><E135/><V46/><F73/><W128/><G128/><T99/><D124/><U38/><E31/><V40/><F106/><W120/><G120/><T130/><D130/><U133/><E133/><V6/><F26/><W122/><G122/><T19/><D110/><U23/><E102/><V76/><REACH who="2" step="1"/><F22/><REACH who="2" ten="209,321,90,370" step="2"/><W92/><G27/><T36/><D24/><U116/><E116/><V72/><F72/><W42/><G35/><T134/><D134/><U80/><E23/><V107/><F107/><W103/><G20/><T9/><D21/><U59/><E33/><V41/><AGARI ba="0,1" hai="6,8,12,40,41,46,49,55,76,81,84,89,94,96" machi="41" ten="30,11700,0" yaku="1,1,0,1,8,1,53,1" doraHai="62" doraHaiUra="1" who="2" fromWho="2" sc="209,-39,321,-39,90,127,370,-39" /><INIT seed="2,1,0,3,4,117" ten="170,282,217,331" oya="2" hai0="36,131,57,108,24,2,125,69,105,121,55,13,37" hai1="42,100,78,72,77,93,110,89,6,44,106,88,52" hai2="86,114,61,90,21,17,5,32,4,75,1,29,134" hai3="65,30,3,11,111,53,130,82,10,50,118,120,38"/><V56/><F75/><W81/><G118/><T20/><D105/><U49/><E110/><V26/><F1/><W47/><G120/><T15/><D69/><U60/><E106/><V39/><F39/><W116/><G116/><T0/><D121/><U48/><E60/><V97/><F97/><W85/><G130/><T74/><D74/><U122/><E122/><V22/><F32/><W34/><G111/><T127/><D108/><U63/><E63/><V128/><F128/><W92/><G38/><T25/><D131/><U83/><E78/><V40/><F40/><W43/><G65/><T87/><D87/><U98/><REACH who="1" step="1"/><E6/><REACH who="1" ten="170,272,217,331" step="2"/><V64/><F114/><W70/><G70/><T94/><D127/><U113/><E113/><V79/><F79/><W71/><G71/><T95/><D125/><U66/><E66/><V99/><F134/><W133/><G133/><T14/><D20/><U27/><E27/><N who="2" m="14767" /><F99/><W54/><G34/><T33/><D33/><U23/><E23/><V91/><F91/><W18/><G3/><T51/><D0/><U31/><E31/><V103/><F103/><W123/><G123/><T119/><D2/><U129/><E129/><V107/><F107/><W68/><G68/><T101/><D119/><U9/><E9/><V102/><F102/><W135/><G135/><T16/><D101/><U12/><E12/><V19/><F29/><W96/><G30/><T41/><D25/><U80/><E80/><AGARI ba="1,1" hai="4,5,19,22,26,56,61,64,80,86,90" m="14767" machi="80" ten="30,1500,0" yaku="8,1" doraHai="117" who="2" fromWho="1" sc="170,0,272,-18,217,28,331,0" /><INIT seed="2,2,0,1,3,54" ten="170,254,245,331" oya="2" hai0="122,60,131,81,58,98,115,103,128,121,77,28,67" hai1="57,102,37,42,63,130,93,76,35,80,82,114,127" hai2="36,135,13,50,17,70,123,46,132,19,71,11,33" hai3="87,10,59,101,8,20,119,97,4,52,24,9,96"/><V94/><F33/><W107/><G119/><T91/><D115/><U134/><E114/><V56/><F123/><W44/><G44/><T89/><D28/><U23/><E35/><V3/><F3/><W110/><G110/><T95/><D121/><U108/><E108/><V2/><F2/><W72/><G72/><T49/><D49/><U120/><E120/><V51/><F36/><W55/><G96/><T73/><REACH who="0" step="1"/><D122/><REACH who="0" ten="160,254,245,331" step="2"/><U0/><E37/><V84/><F19/><W7/><G7/><T45/><D45/><U99/><E134/><N who="2" m="51243" /><F46/><W29/><G4/><T47/><D47/><U117/><E117/><V12/><F50/><W21/><G29/><T85/><D85/><U41/><E130/><AGARI ba="2,1" hai="58,60,67,73,77,81,89,91,95,98,103,128,130,131" machi="130" ten="40,8000,1" yaku="1,1,19,1,52,1,53,1" doraHai="54" doraHaiUra="74" who="0" fromWho="1" sc="160,96,254,-86,245,0,331,0" /><INIT seed="3,0,0,1,0,1" ten="256,168,245,331" oya="3" hai0="47,118,92,90,84,105,13,93,31,16,75,104,8" hai1="2,68,42,116,91,3,63,95,73,55,99,123,83" hai2="130,98,19,108,111,9,126,60,50,100,4,82,17" hai3="33,70,59,14,64,27,54,114,22,122,10,124,79"/><W134/><G33/><T103/><D118/><U53/><E123/><V120/><F120/><W86/><G122/><T94/><D75/><U115/><E115/><V128/><F82/><N who="3" m="47455" /><G70/><T41/><D31/><U87/><E116/><V0/><F126/><W28/><G114/><T36/><REACH who="0" step="1"/><D103/><REACH who="0" ten="246,168,245,331" step="2"/><U5/><E73/><V89/><F89/><W117/><G117/><T127/><D127/><U131/><E131/><N who="2" m="50219" /><F60/><N who="3" m="37919" /><G124/><T121/><D121/><U32/><E32/><V129/><F129/><W25/><G134/><T78/><D78/><U96/><E42/><V66/><F50/><W43/><G43/><T34/><D34/><U88/><E2/><V135/><F135/><W38/><G38/><T12/><D12/><U15/><E3/><V51/><F51/><W44/><G28/><T21/><D21/><U132/><E132/><V58/><F66/><W65/><G22/><T26/><D26/><U45/><E45/><V80/><F58/><W97/><G65/><T76/><D76/><U85/><E68/><V77/><F19/><N who="3" m="8663" /><G25/><T11/><D11/><N who="1" m="4591" /><E63/><V49/><F17/><W109/><G27/><T35/><D35/><U113/><E113/><V29/><F29/><W46/><G46/><T61/><D61/><U133/><E133/><V125/><F49/><W6/><G44/><T74/><D74/><U20/><E20/><V69/><F125/><W18/><G18/><T67/><D67/><U48/><E48/><V24/><F69/><W106/><G54/><AGARI ba="0,1" hai="53,54,55,83,85,87,88,91,95,96,99" m="4591" machi="54" ten="30,3900,0" yaku="8,1,52,1,54,1" doraHai="1" who="1" fromWho="3" sc="246,0,168,49,245,0,331,-39" /><INIT seed="4,0,0,0,4,118" ten="246,217,245,292" oya="0" hai0="26,92,8,35,125,14,2,114,112,115,76,48,34" hai1="22,43,108,83,3,97,53,89,29,67,129,113,20" hai2="10,116,130,82,37,95,91,64,78,27,21,72,4" hai3="98,28,119,33,124,58,6,109,25,99,121,59,74"/><T47/><D2/><U38/><E3/><V100/><F116/><W132/><G109/><T12/><D125/><U11/><E108/><V54/><F100/><W69/><G119/><T106/><D106/><U79/><E129/><V70/><F37/><W127/><G69/><T18/><D76/><U1/><E67/><V19/><F130/><W7/><G74/><T44/><D26/><U110/><E110/><V86/><F54/><W80/><G121/><T122/><D122/><U15/><E1/><V107/><F107/><W51/><G80/><T39/><D39/><U134/><E134/><V41/><F70/><W85/><G85/><T62/><D62/><U96/><E113/><V101/><F101/><W105/><G132/><T73/><D73/><U17/><E53/><V128/><F128/><W123/><G123/><T46/><D92/><U40/><E38/><V120/><F64/><W5/><G51/><T88/><D88/><U87/><E97/><N who="3" m="36874" /><G105/><T65/><D65/><U93/><E29/><V42/><F120/><W68/><G68/><T13/><D48/><U63/><E63/><V84/><REACH who="2" step="1"/><F72/><REACH who="2" ten="246,217,235,292" step="2"/><W52/><G52/><T16/><D8/><U56/><E56/><V0/><AGARI ba="0,1" hai="0,4,10,19,21,27,41,42,78,82,84,86,91,95" machi="0" ten="20,12000,2" yaku="1,1,2,1,0,1,7,1,53,2" doraHai="118" doraHaiUra="36" who="2" fromWho="2" sc="246,-60,217,-30,235,130,292,-30" owari="186,-31.0,187,-21.0,365,46.0,262,6.0" /></mjloggm>