<mjloggm ver="2.3"><GO type="169" lobby="0"/><UN n0="%E7%BD%AE%E5%82%98" n1="%E3%82%A6%E3%83%AB%E3%83%88%E3%83%A9%E7%AB%8B%E7%9B%B4" n2="%E3%82%89%E3%81%84%E3%81%A1%E3%82%87%E3%81%86" n3="%E3%81%8A%E7%9F%A5%E3%82%89%E3%81%9B" dan="17,16,17,16" rate="2166.11,2130.85,2153.95,2080.39" sx="M,M,M,M"/><TAIKYOKU oya="0"/><INIT seed="0,0,0,4,2,92" ten="250,250,250,250" oya="0" hai0="38,0,18,61,120,84,125,14,118,101,21,86,109" hai1="93,30,50,73,13,131,104,22,74,129,116,36,115" hai2="11,41,128,9,27,5,130,31,53,94,98,122,43" hai3="54,51,75,6,32,81,88,85,123,57,99,97,83"/><T134/><D118/><U33/><E104/><V40/><F122/><W70/><G123/><T72/><D120/><U58/><E36/><V119/><F53/><W110/><G70/><T59/><D72/><U78/><E33/><V46/><F46/><N who="3" m="28023" /><G32/><T62/><D38/><U42/><E116/><V63/><F63/><W7/><G75/><T66/><D134/><U111/><E78/><V90/><F119/><W39/><G39/><T1/><D125/><U121/><E121/><V37/><F37/><W28/><G28/><T124/><D124/><U117/><E117/><V68/><F68/><W82/><G57/><T107/><D109/><U108/><E115/><V95/><F95/><N who="3" m="54671" /><G110/><N who="1" m="42026" /><E74/><V105/><F105/><W20/><G20/><T113/><D113/><U80/><E80/><V114/><F114/><W2/><G2/><T35/><D35/><U135/><E73/><V87/><F87/><W103/><G103/><T16/><D0/><U79/><E135/><V133/><F133/><W106/><G106/><T65/><D1/><U45/><E58/><V102/><F102/><W23/><G23/><T34/><D34/><U100/><E79/><V77/><F77/><W10/><G10/><T64/><D107/><U96/><E30/><V127/><F127/><W49/><G49/><T29/><D29/><U26/><E26/><V69/><F69/><W15/><G15/><T67/><D101/><U25/><E25/><V4/><F11/><W12/><G12/><N who="0" m="9351" /><D62/><U126/><E126/><V112/><F112/><W56/><G56/><T76/><D76/><U91/><E100/><V8/><F31/><RYUUKYOKU ba="0,0" sc="250,10,250,10,250,-30,250,10" hai0="14,18,59,61,64,65,66,67,84,86" hai1="13,22,42,45,50,91,93,96,129,131" hai3="6,7,81,82,83,97,99" /><INIT seed="0,1,0,2,0,58" ten="260,260,220,260" oya="0" hai0="17,83,125,46,36,93,67,1,82,42,49,16,129" hai1="60,61,111,13,92,31,18,89,131,50,135,84,32" hai2="88,102,56,33,69,25,99,0,86,128,30,112,28" hai3="98,78,48,121,104,81,122,130,126,22,76,134,97"/><T11/><D129/><U72/><E131/><V105/><F128/><W66/><G130/><T90/><D125/><U24/><E111/><V116/><F112/><W120/><G126/><T119/><D119/><U100/><E135/><V40/><F116/><W45/><G134/><T8/><D36/><U15/><E72/><V101/><F0/><W26/><G66/><T59/><D1/><U47/><E100/><V57/><F102/><N who="3" m="62543" /><G98/><N who="0" m="57655" /><D11/><U109/><E109/><V29/><F40/><N who="3" m="24615" /><G81/><N who="0" m="30731" /><D8/><U124/><E124/><V44/><F69/><W85/><G85/><T127/><D127/><U96/><E96/><V53/><F44/><W103/><G103/><T3/><D3/><U10/><REACH who="1" step="1"/><E15/><REACH who="1" ten="260,250,220,260" step="2"/><V106/><F106/><W62/><G122/><T133/><D133/><U5/><E5/><V74/><F74/><W9/><G121/><T110/><D110/><U94/><E94/><V123/><F123/><W54/><G120/><T115/><D115/><U117/><E117/><V51/><F57/><W2/><G2/><T108/><D108/><U77/><E77/><V12/><F12/><W113/><G78/><T91/><D91/><U95/><E95/><AGARI ba="1,1" hai="25,28,29,30,33,51,53,56,86,88,95,99,101,105" machi="95" ten="30,2000,0" yaku="7,1,54,1" doraHai="58" who="2" fromWho="1" sc="260,0,250,-23,220,33,260,0" /><INIT seed="1,0,0,5,1,113" ten="260,227,253,260" oya="1" hai0="58,45,42,106,47,101,107,62,22,56,11,79,54" hai1="14,57,91,120,103,84,99,29,28,60,122,121,35" hai2="37,59,44,105,8,109,41,68,25,64,38,94,71" hai3="77,53,33,32,75,116,49,80,46,13,129,65,98"/><U119/><E14/><V61/><F105/><W23/><G129/><T15/><D79/><U83/><E35/><V17/><F109/><W104/><G116/><T126/><D126/><U128/><E128/><V12/><F38/><W26/><G13/><T43/><D22/><U110/><E110/><V131/><F131/><W66/><G66/><T85/><D85/><U74/><E74/><V88/><REACH who="2" step="1"/><F25/><REACH who="2" ten="260,227,243,260" step="2"/><W81/><G65/><N who="0" m="39111" /><D107/><U124/><E124/><V3/><F3/><W92/><G104/><T21/><D106/><U27/><E27/><V96/><AGARI ba="0,1" hai="8,12,17,37,41,44,59,61,64,68,71,88,94,96" machi="96" ten="20,5200,0" yaku="1,1,0,1,7,1,54,1,53,0" doraHai="113" doraHaiUra="48" who="2" fromWho="2" sc="260,-13,227,-26,243,62,260,-13" /><INIT seed="2,0,0,5,5,27" ten="247,201,305,247" oya="2" hai0="113,88,79,135,102,50,110,10,95,32,0,104,3" hai1="59,66,76,99,65,57,38,29,82,69,53,71,90" hai2="92,100,86,101,7,43,16,97,52,15,81,106,112" hai3="8,132,122,62,134,33,4,109,64,131,2,111,124"/><V61/><F112/><W18/><G122/><T117/><D113/><U51/><E90/><N who="2" m="55447" /><F106/><W35/><G124/><T17/><D117/><U72/><E99/><V125/><F43/><W94/><G94/><T119/><D79/><U93/><E93/><V14/><F7/><W25/><G131/><T126/><D126/><U58/><E29/><V85/><F125/><W133/><G62/><T98/><D119/><U55/><E82/><V75/><F14/><W127/><G64/><N who="1" m="24682" /><E76/><N who="2" m="46247" /><F86/><W87/><G87/><T80/><D32/><N who="3" m="12361" /><G134/><T45/><D80/><U77/><E77/><V123/><F75/><W30/><G127/><T19/><D135/><N who="3" m="51785" /><G18/><T121/><D121/><U91/><E91/><V60/><F123/><W49/><G49/><T70/><D70/><N who="1" m="26635" /><E72/><V34/><F34/><AGARI ba="0,0" hai="2,4,8,25,30,34,109,111" m="51785,12361" machi="34" ten="30,8000,1" yaku="20,1,23,1,34,2,52,1" doraHai="27" who="3" fromWho="2" sc="247,0,201,0,305,-80,247,80" /><INIT seed="3,0,0,4,2,8" ten="247,201,225,327" oya="3" hai0="23,80,99,105,11,35,110,129,103,100,54,41,59" hai1="51,5,52,102,97,86,79,89,88,122,37,48,53" hai2="65,104,22,14,96,128,108,132,98,32,95,12,64" hai3="63,113,124,44,33,87,130,7,17,116,77,56,21"/><W3/><G116/><T120/><D35/><U68/><E37/><V58/><F32/><W74/><G33/><T15/><D120/><U94/><E68/><V92/><F104/><W1/><G74/><T62/><D129/><U10/><E122/><V135/><F22/><W49/><G130/><T112/><D112/><U107/><E79/><V25/><F128/><W27/><G124/><T78/><D110/><U4/><E89/><V31/><F58/><W76/><G113/><T57/><D103/><U121/><E121/><V24/><REACH who="2" step="1"/><F31/><REACH who="2" ten="247,201,215,327" step="2"/><W2/><G21/><T106/><D23/><U26/><E26/><V13/><F13/><W101/><G27/><T109/><D59/><U75/><E107/><V81/><F81/><W39/><G56/><T82/><D109/><AGARI ba="0,1" hai="12,14,24,25,64,65,92,95,96,98,108,109,132,135" machi="109" ten="25,8000,1" yaku="1,1,22,2,52,2,53,0" doraHai="8" doraHaiUra="84" who="2" fromWho="0" sc="247,-80,201,0,215,90,327,0" /><INIT seed="4,0,0,5,0,92" ten="167,201,305,327" oya="0" hai0="78,85,30,83,126,6,91,26,62,51,99,65,69" hai1="17,71,135,119,31,74,24,87,29,25,102,131,32" hai2="57,53,80,68,15,88,113,40,22,21,45,124,114" hai3="132,72,16,67,111,43,93,49,105,116,106,54,63"/><T96/><D126/><U47/><E74/><V81/><F68/><W14/><G116/><T10/><D51/><U84/><E119/><V56/><F124/><W130/><G72/><T115/><D78/><U60/><E131/><V101/><F101/><W27/><G130/><T35/><REACH who="0" step="1"/><D115/><REACH who="0" ten="157,201,305,327" step="2"/><U5/><E135/><V100/><F114/><W3/><G132/><T123/><D123/><U77/><E77/><V120/><F113/><W121/><G121/><T86/><D86/><U110/><E84/><V9/><F120/><W125/><G125/><T94/><D94/><U128/><E87/><V38/><F38/><W107/><G49/><T104/><D104/><U95/><E95/><V36/><F36/><W76/><G93/><T61/><D61/><U37/><E60/><V55/><F80/><W42/><G76/><T28/><D28/><U90/><E29/><V48/><F81/><W108/><G106/><T82/><D82/><U59/><E31/><V52/><F100/><W4/><G105/><T33/><D33/><U19/><E32/><V0/><F88/><W109/><G107/><T89/><D89/><U122/><E90/><V97/><F48/><W133/><G63/><T11/><D11/><U44/><E102/><V1/><F9/><W46/><G109/><T13/><AGARI ba="0,1" hai="6,10,13,26,30,35,62,65,69,83,85,91,96,99" machi="13" ten="20,18000,2" yaku="1,1,0,1,7,1,52,2,53,1" doraHai="92" doraHaiUra="66" who="0" fromWho="0" sc="157,190,201,-60,305,-60,327,-60" /><INIT seed="4,1,0,4,3,60" ten="347,141,245,267" oya="0" hai0="130,27,54,43,37,114,42,93,36,50,15,0,110" hai1="81,106,70,87,25,74,124,58,55,107,23,6,7" hai2="63,133,53,64,126,75,44,38,122,35,4,73,65" hai3="39,16,118,76,57,31,84,8,18,120,68,103,32"/><T116/><D0/><U51/><E74/><V14/><F35/><W79/><G68/><T82/><D116/><U85/><E124/><V62/><F122/><W33/><G39/><T45/><D114/><U59/><E70/><N who="2" m="42263" /><F4/><W66/><G118/><T89/><D130/><U11/><E107/><V125/><F14/><W24/><G120/><T100/><D110/><U129/><E106/><V117/><F117/><W105/><G32/><T10/><D37/><U88/><E129/><V52/><F75/><W41/><G41/><T102/><D27/><U48/><E11/><V40/><F73/><W67/><G57/><T111/><D111/><U12/><E12/><V134/><F126/><W29/><G105/><T19/><D43/><U99/><E99/><V86/><F86/><W135/><G103/><T131/><D131/><U91/><E51/><V22/><F22/><N who="3" m="13383" /><G29/><T26/><D26/><U92/><REACH who="1" step="1"/><E59/><REACH who="1" ten="347,131,245,267" step="2"/><N who="2" m="37119" /><F125/><W119/><G8/><T2/><D2/><U21/><E21/><V47/><F47/><W5/><G33/><T127/><D127/><U28/><AGARI ba="1,1" hai="6,7,23,25,28,48,55,58,81,85,87,88,91,92" machi="28" ten="20,12000,2" yaku="1,1,0,1,7,1,8,1,54,1,53,1" doraHai="60" doraHaiUra="77" who="1" fromWho="1" sc="347,-61,131,133,245,-31,267,-31" /><INIT seed="5,0,0,5,2,21" ten="286,264,214,236" oya="1" hai0="82,95,71,76,26,6,51,53,88,11,115,60,43" hai1="86,12,135,23,24,32,52,113,62,84,99,13,29" hai2="75,91,96,104,134,64,42,59,18,111,77,3,38" hai3="27,10,92,79,45,133,101,103,85,69,98,58,106"/><U102/><E113/><V19/><F111/><W34/><G133/><T87/><D115/><U54/><E135/><V93/><F134/><W47/><G69/><T66/><D43/><U22/><E32/><V112/><F112/><W55/><G10/><T63/><D26/><N who="1" m="16599" /><E99/><V40/><F3/><W31/><G103/><T129/><D129/><U114/><E102/><V126/><F126/><W48/><REACH who="3" step="1"/><G92/><REACH who="3" ten="286,264,214,226" step="2"/><T132/><D132/><U20/><E114/><V7/><F93/><W74/><G74/><T128/><D128/><U0/><E0/><V94/><F75/><W28/><G28/><T124/><D124/><U5/><E5/><V2/><F7/><W36/><G36/><T130/><D130/><U117/><E117/><V25/><F2/><W73/><G73/><T122/><D71/><U8/><E8/><V123/><F38/><W1/><G1/><T15/><D122/><U131/><E131/><V68/><F68/><W9/><G9/><T44/><D66/><U83/><E12/><V121/><F64/><W67/><G67/><T4/><D6/><U127/><E127/><V14/><F123/><W97/><G97/><AGARI ba="0,1" hai="4,11,15,44,51,53,60,63,76,82,87,88,95,97" machi="97" ten="30,3900,0" yaku="7,1,8,1,54,1" doraHai="21" who="0" fromWho="3" sc="286,49,264,0,214,0,226,-39" /><INIT seed="6,0,0,0,4,60" ten="335,264,214,187" oya="2" hai0="109,126,49,119,104,58,48,44,12,83,117,39,36" hai1="16,53,132,82,65,7,73,43,131,130,118,99,93" hai2="127,29,50,80,106,30,27,111,11,66,55,23,33" hai3="34,70,72,97,4,121,22,113,40,59,57,56,17"/><V88/><F106/><W110/><G34/><T78/><D104/><U94/><E7/><V21/><F127/><W31/><G70/><T64/><D109/><U45/><E53/><V134/><F111/><W47/><G110/><T38/><D12/><U77/><E16/><N who="2" m="12711" /><F33/><W3/><G72/><T125/><D83/><U91/><E118/><N who="0" m="45065" /><D78/><U135/><E94/><V89/><F134/><N who="1" m="51241" /><E65/><V92/><F11/><W28/><G121/><T75/><D75/><U9/><E9/><V107/><F107/><W115/><G97/><T86/><D86/><U62/><E62/><V18/><F66/><W87/><G87/><T10/><D10/><U90/><E90/><N who="2" m="34923" /><F80/><W96/><G96/><T103/><D103/><U105/><E105/><V24/><F92/><W128/><G3/><T26/><D64/><U122/><E122/><V129/><F129/><W63/><G4/><T25/><D125/><U74/><E74/><V98/><F98/><W5/><G128/><T102/><D102/><U35/><E35/><V133/><F133/><W13/><G5/><T114/><D126/><U46/><E131/><V37/><F37/><W81/><G81/><T2/><D2/><U120/><E130/><V85/><F85/><W79/><G79/><T8/><D8/><U42/><E120/><V68/><F68/><W112/><REACH who="3" step="1"/><G63/><REACH who="3" ten="335,264,214,177" step="2"/><T123/><D123/><U116/><E116/><V100/><F100/><W71/><G71/><T67/><D38/><AGARI ba="0,1" hai="13,17,22,28,31,38,40,47,56,57,59,112,113,115" machi="38" ten="50,8000,1" yaku="1,1,15,1,11,1,53,1" doraHai="60" doraHaiUra="41" who="3" fromWho="0" sc="335,-80,264,0,214,0,177,90" /><INIT seed="7,0,0,0,3,67" ten="255,264,214,267" oya="3" hai0="105,35,117,134,132,92,14,31,76,121,42,49,91" hai1="82,16,77,27,1,6,36,44,84,129,106,10,130" hai2="127,110,41,88,135,115,26,2,68,107,98,95,33" hai3="122,57,96,97,99,43,47,39,0,133,104,21,15"/><W23/><G122/><T118/><D105/><U94/><E106/><V63/><F110/><W74/><G74/><T50/><D76/><U125/><E94/><V93/><F2/><W46/><G0/><T73/><D73/><U116/><E125/><V51/><F127/><W45/><G133/><N who="0" m="51307" /><D121/><U18/><E116/><N who="0" m="44649" /><D14/><U38/><E27/><V80/><F115/><W124/><G124/><T34/><D31/><U55/><E55/><V65/><F135/><W37/><G104/><T30/><D30/><U101/><E101/><N who="2" m="62903" /><F51/><N who="0" m="19466" /><D42/><N who="1" m="22599" /><E38/><V29/><F41/><W17/><G43/><T71/><D71/><U9/><E9/><V75/><F75/><W53/><REACH who="3" step="1"/><G23/><REACH who="3" ten="255,264,214,257" step="2"/><T4/><D4/><U58/><E6/><V123/><F123/><W113/><G113/><T56/><D56/><U66/><E58/><V11/><F11/><W24/><G24/><T86/><AGARI ba="0,1" hai="34,35,86,91,92" m="19466,44649,51307" machi="86" ten="40,1500,0" yaku="20,1" doraHai="67" who="0" fromWho="0" sc="255,25,264,-4,214,-4,257,-7" /><INIT seed="8,0,0,3,1,58" ten="280,260,210,250" oya="0" hai0="100,59,115,16,72,86,1,97,54,123,106,47,109" hai1="122,32,23,131,36,110,84,129,46,18,82,76,67" hai2="57,53,51,62,22,71,74,113,93,31,11,90,19" hai3="27,34,117,13,85,75,94,119,81,17,127,52,15"/><T128/><D123/><U50/><E32/><V114/><F74/><W134/><G134/><T92/><D115/><U6/><E6/><V125/><F125/><W135/><G135/><T3/><D128/><U10/><E10/><V2/><F31/><W61/><G127/><T104/><D104/><U98/><E36/><V112/><F2/><W60/><G75/><T116/><D47/><U33/><E33/><V40/><F11/><W88/><G52/><T126/><D116/><N who="3" m="44617" /><G94/><T20/><D72/><U99/><E122/><V4/><F4/><W70/><G70/><T91/><D109/><U5/><E5/><V133/><F133/><W65/><G65/><T121/><D121/><U12/><E110/><V79/><F79/><W25/><G13/><N who="0" m="9231" /><D126/><U49/><E67/><V21/><F19/><W24/><G34/><T80/><D80/><U45/><E129/><V120/><F120/><W130/><G130/><T105/><D105/><U87/><E131/><V78/><F78/><W96/><G96/><T95/><D106/><U108/><E84/><V111/><F111/><W101/><G101/><T8/><D8/><AGARI ba="0,0" hai="8,15,17,24,25,27,60,61,81,85,88" m="44617" machi="8" ten="30,7700,0" yaku="16,1,52,2,54,1" doraHai="58" who="3" fromWho="0" sc="280,-77,260,0,210,0,250,77" owari="203,-30.0,260,6.0,210,-19.0,327,43.0" /></mjloggm>