<mjloggm ver="2.3"><GO type="97" lobby="0"/><UN n0="%E5%B0%B1%E6%B4%BB%E7%94%9F%40%E5%B7%9D%E6%9D%91%E8%BB%8D%E5%9B%A3" n1="%52%69%2D%4D%6F%2D" n2="%73%40%73%61%74%61%6B%65" n3="%E3%83%95%E3%83%AA%E3%83%BC%E3%82%B8%E3%82%A2" dan="15,15,15,14" rate="2013.51,1995.69,1992.39,1930.64" sx="M,M,M,M"/><TAIKYOKU oya="0"/><INIT seed="0,0,0,2,4,62" ten="250,250,250,250" oya="0" hai0="87,50,119,86,58,93,67,4,108,32,89,45,97" hai1="75,77,15,73,27,92,103,20,24,16,134,118,47" hai2="91,72,83,104,127,76,26,56,30,8,124,120,98" hai3="19,21,64,126,14,90,51,25,13,85,71,68,131"/><T106/><D119/><U29/><E118/><V117/><F117/><W101/><G126/><N who="2" m="48169" /><F120/><W31/><G131/><T129/><D129/><U46/><E134/><V122/><F122/><W84/><G101/><T80/><D32/><U23/><E75/><V94/><F8/><W125/><G125/><T121/><D121/><U65/><E65/><V11/><F11/><W6/><G84/><T114/><D106/><U111/><E111/><V74/><F56/><W39/><G39/><T116/><D114/><U3/><E3/><V12/><F12/><W78/><G78/><T42/><D116/><U70/><E70/><V57/><F57/><W115/><G115/><T41/><D108/><U81/><REACH who="1" step="1"/><E15/><REACH who="1" ten="250,240,250,250" step="2"/><V5/><F74/><W44/><G64/><T10/><D42/><U61/><E61/><V55/><F72/><W28/><G68/><T110/><D110/><U48/><E48/><V43/><F43/><W2/><G71/><T18/><D67/><U34/><E34/><V102/><F55/><W53/><G2/><T59/><D50/><U52/><E52/><V128/><F128/><W82/><G14/><T132/><D41/><U37/><E37/><V36/><F36/><W49/><G51/><T79/><D132/><U22/><E22/><V7/><F26/><W113/><G113/><T109/><D109/><U63/><E63/><V112/><F112/><W123/><G123/><T33/><D33/><U135/><E135/><V9/><F9/><AGARI ba="0,1" hai="6,9,13,19,21,25,28,31,44,49,53,82,85,90" machi="9" ten="40,1300,0" yaku="8,1" doraHai="62" who="3" fromWho="2" sc="250,0,240,0,250,-13,250,23" /><INIT seed="1,0,0,4,3,59" ten="250,240,237,273" oya="1" hai0="22,4,53,38,35,24,68,0,66,90,48,50,127" hai1="69,111,100,88,54,73,129,84,63,107,133,20,10" hai2="135,94,43,49,108,113,71,65,27,6,62,86,15" hai3="120,89,29,83,1,46,52,99,45,116,106,60,81"/><U121/><E121/><V130/><F108/><W2/><G120/><T13/><D38/><U34/><E73/><V104/><F104/><W78/><G1/><T97/><D127/><U119/><E119/><V112/><F135/><W44/><G2/><T61/><D35/><U51/><E133/><V30/><F43/><W87/><G116/><T55/><D0/><U105/><E111/><V11/><F49/><W7/><G106/><T93/><D48/><U109/><E109/><V91/><REACH who="2" step="1"/><F130/><REACH who="2" ten="250,240,227,273" step="2"/><W37/><G37/><T47/><D50/><U103/><E51/><V21/><AGARI ba="0,1" hai="6,11,15,21,27,30,62,65,71,86,91,94,112,113" machi="21" ten="30,7900,0" yaku="1,1,2,1,0,1,52,1,53,0" doraHai="59" doraHaiUra="132" who="2" fromWho="2" sc="250,-20,240,-39,227,89,273,-20" /><INIT seed="2,0,0,1,0,113" ten="230,201,316,253" oya="2" hai0="32,80,126,40,81,27,77,16,22,121,65,53,19" hai1="33,86,109,68,24,88,0,75,89,39,71,129,7" hai2="84,47,95,44,38,107,97,30,51,29,116,43,45" hai3="78,59,18,46,103,108,56,125,5,8,50,133,2"/><V54/><F107/><W25/><G108/><T87/><D121/><U79/><E109/><V91/><F116/><W128/><G125/><T23/><D126/><U20/><E33/><V120/><F120/><W122/><G122/><T13/><D65/><U124/><E124/><V114/><F114/><W85/><G133/><T31/><D40/><U110/><E110/><V66/><F66/><W9/><G128/><T17/><D32/><U118/><E129/><V111/><F111/><W41/><G103/><T62/><D81/><U119/><E39/><V42/><REACH who="2" step="1"/><F97/><REACH who="2" ten="230,201,306,253" step="2"/><W104/><G104/><T127/><D127/><U73/><E118/><V93/><F93/><W35/><G2/><T12/><D12/><U105/><E119/><V10/><F10/><W96/><G8/><T1/><D1/><U64/><E105/><V123/><F123/><W26/><G9/><T101/><D101/><U130/><E130/><V63/><F63/><W90/><G96/><T72/><D72/><U21/><E64/><V135/><F135/><W52/><G85/><T11/><D11/><N who="1" m="2535" /><E73/><V99/><F99/><W115/><G115/><T48/><D62/><U15/><E75/><V92/><F92/><W57/><G25/><T98/><D98/><U34/><E15/><V3/><F3/><W74/><G26/><T76/><REACH who="0" step="1"/><D77/><REACH who="0" ten="220,201,306,253" step="2"/><U58/><E79/><V36/><AGARI ba="0,2" hai="29,30,36,38,42,43,44,45,47,51,54,84,91,95" machi="36" ten="20,7800,0" yaku="1,1,0,1,7,1,9,1,53,0" doraHai="113" doraHaiUra="14" who="2" fromWho="2" sc="220,-26,201,-26,306,98,253,-26" /><INIT seed="2,1,0,4,1,1" ten="194,175,404,227" oya="2" hai0="53,31,80,70,115,69,91,65,34,43,94,83,56" hai1="7,96,104,19,45,57,122,46,18,9,102,106,105" hai2="51,14,126,52,5,48,113,47,100,50,66,93,59" hai3="97,8,30,120,23,132,0,12,41,119,81,79,11"/><V10/><F113/><W89/><G119/><T39/><D115/><U28/><E122/><V99/><F126/><W77/><G120/><T87/><D34/><U84/><E28/><V67/><F50/><W103/><G132/><T88/><D31/><U135/><E135/><V44/><F59/><W63/><G41/><AGARI ba="1,0" hai="5,10,14,41,44,47,48,51,52,66,67,93,99,100" machi="41" ten="30,11600,0" yaku="7,1,8,1,52,1,54,1" doraHai="1" who="2" fromWho="3" sc="194,0,175,0,404,119,227,-119" /><INIT seed="2,2,0,0,5,64" ten="194,175,523,108" oya="2" hai0="84,31,53,130,23,62,57,14,106,112,121,6,71" hai1="131,8,29,99,94,33,4,68,132,50,22,124,19" hai2="79,127,45,56,116,91,73,108,105,26,77,36,18" hai3="89,63,11,5,110,47,37,126,69,114,133,120,115"/><V128/><F105/><W54/><G120/><T104/><D121/><U100/><E124/><V88/><F116/><W38/><G126/><T66/><D112/><N who="3" m="43049" /><G110/><T113/><D130/><U117/><E117/><V28/><F127/><W92/><G133/><T10/><D113/><U111/><E111/><V59/><F18/><W96/><G47/><T65/><D65/><U90/><E132/><V134/><F134/><W39/><G54/><T95/><D23/><U41/><E131/><V1/><F1/><N who="3" m="431" /><G63/><T86/><D31/><U43/><E29/><V122/><F122/><W83/><G83/><T42/><D42/><U35/><E41/><V101/><F101/><W70/><AGARI ba="2,0" hai="37,38,39,69,70,89,92,96" m="431,43049" machi="70" ten="40,5200,0" yaku="11,1,52,2" doraHai="64" who="3" fromWho="3" sc="194,-15,175,-15,523,-28,108,58" /><INIT seed="3,0,0,3,5,111" ten="179,160,495,166" oya="3" hai0="10,41,103,89,21,109,94,31,62,80,58,110,51" hai1="12,76,124,71,70,61,20,104,83,59,36,26,75" hai2="22,27,19,50,85,23,3,123,132,7,92,53,38" hai3="56,43,17,105,47,25,119,33,63,28,40,67,101"/><W45/><G119/><T86/><D10/><U72/><E104/><V55/><F38/><W16/><G101/><T133/><D133/><U52/><E124/><V24/><F132/><W13/><G105/><T130/><D130/><U99/><E36/><V114/><F114/><W46/><REACH who="3" step="1"/><G17/><REACH who="3" ten="179,160,495,156" step="2"/><T100/><D100/><U69/><E72/><V131/><F131/><W106/><G106/><T96/><D109/><U115/><E115/><V54/><F19/><W102/><G102/><T30/><D110/><U8/><E99/><V135/><F135/><W1/><G1/><T107/><D107/><U120/><E120/><V42/><F3/><W95/><G95/><T125/><D125/><U9/><REACH who="1" step="1"/><E12/><REACH who="1" ten="179,150,495,156" step="2"/><V87/><F123/><W78/><G78/><T60/><D96/><U68/><N who="1" m="17408" /><DORA hai="73" /><U121/><E121/><V112/><F92/><W81/><G81/><T29/><D80/><U0/><E0/><V108/><F108/><W82/><G82/><T15/><D15/><U113/><E113/><V2/><F112/><W117/><G117/><T32/><D94/><U18/><AGARI ba="0,2" hai="8,9,18,20,26,52,59,61,75,76,83" m="17408" machi="18" ten="60,8000,1" yaku="1,1,0,1,52,1,54,1,53,1" doraHai="111,73" doraHaiUra="74,127" who="1" fromWho="1" sc="179,-20,150,100,495,-20,156,-40" owari="159,-24.0,250,5.0,475,57.0,116,-38.0" /></mjloggm>