<mjloggm ver="2.3"><GO type="41" lobby="0"/><UN n0="%E5%B0%B1%E6%B4%BB%E7%94%9F%40%E5%B7%9D%E6%9D%91%E8%BB%8D%E5%9B%A3" n1="%E7%83%8F%E9%BE%8D%E8%8C%B6%28%E5%9B%BD%E7%94%A3%29" n2="%E9%9B%80%E3%81%AE%E8%A8%BC%E6%98%8E" n3="%74%69%77%61%6B%61%77%61" dan="15,16,13,13" rate="1995.44,2066.52,1906.51,1867.97" sx="M,M,M,M"/><TAIKYOKU oya="0"/><INIT seed="0,0,0,2,1,54" ten="250,250,250,250" oya="0" hai0="53,2,11,44,124,99,31,123,109,65,59,119,112" hai1="84,55,3,85,46,57,19,62,83,22,126,23,52" hai2="32,12,97,134,115,118,77,1,64,128,88,25,50" hai3="37,72,34,68,6,29,9,28,42,101,5,93,47"/><T16/><D119/><U103/><E3/><V90/><F1/><W38/><G68/><T61/><D123/><U4/><E126/><V114/><F118/><W63/><G72/><T125/><D112/><U94/><E4/><V135/><F77/><W76/><G76/><T13/><D31/><U21/><E103/><V75/><F75/><W8/><G63/><T86/><D109/><U82/><E94/><V27/><F12/><W71/><G71/><T107/><D2/><U80/><E19/><V91/><F128/><W120/><G93/><T24/><D24/><N who="2" m="9290" /><F50/><AGARI ba="0,0" hai="21,22,23,46,50,52,55,57,62,80,82,83,84,85" machi="50" ten="40,5200,0" yaku="8,1,52,1,54,1" doraHai="54" who="1" fromWho="2" sc="250,0,250,52,250,-52,250,0" /><INIT seed="1,0,0,4,1,118" ten="250,302,198,250" oya="1" hai0="25,35,106,49,74,89,0,65,116,70,133,134,100" hai1="57,23,85,132,32,126,87,33,6,53,68,92,7" hai2="29,59,66,103,38,113,61,56,69,47,67,117,79" hai3="51,60,9,27,10,21,99,73,44,124,104,41,127"/><U24/><E68/><V120/><F29/><W37/><G73/><T83/><D0/><U94/><E132/><V55/><F103/><N who="3" m="62591" /><G60/><T128/><D116/><U121/><E121/><V78/><F78/><W98/><G98/><T108/><D70/><U80/><E126/><N who="3" m="48170" /><G37/><T130/><D65/><U88/><E32/><V12/><F12/><W75/><G75/><T77/><D49/><N who="1" m="30895" /><E33/><V17/><F17/><AGARI ba="0,0" hai="9,10,17,21,27,41,44,51" m="48170,62591" machi="17" ten="30,1000,0" yaku="18,1" doraHai="118" who="3" fromWho="2" sc="250,0,302,0,198,-10,250,10" /><INIT seed="2,0,0,3,0,65" ten="250,302,188,260" oya="2" hai0="37,21,95,11,83,101,94,125,13,123,10,15,102" hai1="4,119,132,110,41,34,118,98,17,59,38,68,82" hai2="116,1,24,0,57,109,63,114,2,71,133,96,93" hai3="111,55,126,120,54,88,49,19,25,45,48,104,27"/><V76/><F114/><W105/><G120/><T30/><D37/><U124/><E98/><V91/><F116/><W79/><G79/><T99/><D123/><U81/><E59/><V60/><F133/><W5/><G5/><T86/><D125/><U56/><E56/><V84/><F109/><W47/><G126/><T89/><D30/><U3/><E41/><V58/><F24/><W9/><G111/><T46/><D21/><U127/><E38/><V61/><REACH who="2" step="1"/><F71/><REACH who="2" ten="250,302,178,260" step="2"/><W53/><G53/><T39/><D39/><U23/><E132/><V115/><F115/><W50/><G50/><T87/><D46/><U92/><E110/><V103/><F103/><W51/><G51/><T26/><D26/><U43/><E124/><V6/><F6/><W122/><G122/><T64/><D64/><U62/><E4/><V129/><F129/><W80/><G27/><T35/><D35/><U12/><E34/><V90/><F90/><W73/><G25/><T70/><D70/><U29/><E68/><V131/><F131/><W42/><G42/><T44/><D44/><U28/><E43/><V121/><F121/><W74/><G88/><N who="0" m="51295" /><D102/><U67/><E127/><V100/><F100/><W135/><G135/><T33/><D33/><U52/><E67/><V66/><F66/><W72/><G47/><T31/><D31/><U32/><E28/><V77/><F77/><W69/><G69/><T128/><D128/><U18/><E29/><V36/><F36/><W113/><G113/><T22/><D15/><U117/><E12/><V78/><F78/><W20/><G45/><T130/><D130/><RYUUKYOKU ba="0,1" sc="250,15,302,-15,178,15,260,-15" hai0="10,11,13,22,87,89,94,95,99,101" hai2="0,1,2,57,58,60,61,63,76,84,91,93,96" /><INIT seed="2,1,1,5,5,87" ten="265,287,193,245" oya="2" hai0="19,34,59,86,117,3,71,124,2,30,53,29,113" hai1="130,12,119,33,126,102,94,24,52,11,13,129,54" hai2="122,133,118,134,99,32,74,20,40,83,111,21,1" hai3="17,41,62,38,46,26,15,89,68,28,5,69,127"/><V36/><F122/><W78/><G127/><T112/><D71/><U22/><E119/><V8/><F118/><W132/><G132/><N who="2" m="50793" /><F32/><W16/><G78/><T9/><D117/><U120/><E33/><V49/><F49/><W10/><G62/><T73/><D73/><U23/><E126/><V96/><F111/><W107/><G107/><T76/><D124/><U114/><E114/><V106/><F83/><W64/><G64/><T103/><D103/><U85/><E120/><V0/><F74/><W7/><G17/><T77/><D34/><U131/><E22/><N who="2" m="8811" /><F106/><W95/><G28/><T39/><D39/><U44/><E44/><N who="2" m="23559" /><F8/><W57/><G57/><T110/><D9/><U37/><E37/><V98/><AGARI ba="1,1" hai="0,1,96,98,99" m="23559,8811,50793" machi="98" ten="40,2100,0" yaku="20,1" doraHai="87" who="2" fromWho="2" sc="265,-8,287,-8,193,34,245,-8" /><INIT seed="2,2,0,1,1,114" ten="257,279,227,237" oya="2" hai0="104,121,39,102,103,133,99,111,22,84,31,50,12" hai1="135,3,14,27,5,131,23,11,74,52,4,66,119" hai2="77,10,18,91,17,1,134,100,98,54,8,47,106" hai3="24,123,60,53,62,78,35,95,80,57,13,75,76"/><V28/><F134/><W56/><G123/><T7/><D39/><U72/><E66/><V82/><F91/><W113/><G113/><T20/><D133/><U0/><E135/><V40/><F54/><W48/><G13/><T105/><D121/><U86/><E5/><V116/><F28/><W115/><G115/><T25/><D111/><U71/><E71/><V101/><F101/><W68/><G68/><T15/><D84/><U83/><E119/><V124/><F124/><W65/><G78/><T120/><D120/><U46/><E131/><V112/><F112/><W79/><G79/><T122/><D122/><U130/><E130/><V89/><F89/><W93/><REACH who="3" step="1"/><G62/><REACH who="3" ten="257,279,227,227" step="2"/><T85/><D15/><U49/><E3/><V51/><F116/><W126/><G126/><T127/><D127/><U41/><E0/><V107/><F107/><W87/><G87/><T81/><D12/><U58/><E72/><V45/><F1/><W16/><G16/><T90/><D7/><U64/><E74/><V34/><F17/><W37/><G37/><T110/><D110/><U9/><E9/><V129/><F18/><W94/><G94/><T128/><D128/><U6/><E6/><V42/><F129/><W29/><AGARI ba="2,1" hai="24,29,35,48,53,56,57,60,65,75,76,80,93,95" machi="29" ten="30,2000,0" yaku="1,1,0,1,53,0" doraHai="114" doraHaiUra="2" who="3" fromWho="3" sc="257,-7,279,-7,227,-12,227,36" /><INIT seed="3,0,0,1,5,104" ten="250,272,215,263" oya="3" hai0="115,84,68,18,128,60,46,92,129,62,109,102,81" hai1="69,59,117,114,130,33,77,89,54,39,97,79,135" hai2="111,108,74,107,72,76,11,119,10,122,78,3,4" hai3="86,17,51,55,42,53,20,14,131,127,50,66,1"/><W35/><G35/><T27/><D68/><U73/><E69/><V101/><F119/><W63/><G1/><T6/><D6/><U106/><E114/><V15/><F122/><W100/><G127/><T64/><D115/><U38/><E33/><V52/><F101/><W40/><G131/><T45/><D109/><N who="2" m="42058" /><F107/><W85/><G100/><T32/><D102/><U87/><E130/><N who="0" m="50281" /><D92/><U99/><E135/><V103/><F103/><W16/><G66/><T12/><D27/><U82/><E106/><V26/><F26/><N who="3" m="14599" /><G63/><N who="0" m="24107" /><D64/><U75/><E117/><V95/><F95/><W9/><G53/><T70/><D70/><U90/><E54/><V48/><F76/><W71/><G71/><T110/><D110/><U44/><E87/><N who="3" m="33290" /><G50/><T49/><D49/><U8/><E39/><V21/><F78/><W126/><G126/><T61/><D61/><U112/><E38/><V13/><F21/><W25/><G25/><T124/><D32/><U36/><E36/><V65/><F65/><W5/><G5/><T125/><D125/><U91/><E112/><V134/><F134/><W93/><G93/><T94/><D94/><U67/><E67/><V29/><F29/><W23/><G23/><N who="0" m="11719" /><D124/><U113/><E113/><V2/><F2/><W34/><G34/><T133/><D133/><U37/><E37/><V47/><F3/><W121/><G121/><T19/><D19/><AGARI ba="0,0" hai="4,10,11,13,15,19,47,48,52,72,74" m="42058" machi="19" ten="30,7700,0" yaku="14,1,52,2,54,1" doraHai="104" who="2" fromWho="0" sc="250,-77,272,0,215,77,263,0" /><INIT seed="4,0,0,0,3,104" ten="173,272,292,263" oya="0" hai0="62,21,1,113,6,69,63,79,81,8,80,88,47" hai1="72,127,19,119,121,33,123,116,84,96,115,36,64" hai2="16,101,66,125,55,86,5,56,4,48,61,59,75" hai3="105,100,90,18,38,22,87,135,67,50,10,35,133"/><T54/><D113/><U82/><E36/><V0/><F125/><W9/><G35/><T89/><D21/><U25/><E64/><V52/><F101/><W131/><G38/><T106/><D106/><U120/><E33/><V13/><F75/><W27/><G131/><T24/><D24/><U93/><E19/><V7/><F86/><W30/><G67/><T103/><D103/><N who="1" m="60815" /><E25/><V110/><F110/><W124/><G124/><T43/><D80/><U51/><E51/><V108/><F108/><W99/><G50/><T94/><D69/><U42/><E42/><V57/><F0/><W70/><G70/><T114/><D114/><U91/><E127/><V107/><F107/><W49/><G49/><T34/><D34/><U129/><E115/><V74/><F74/><W65/><G65/><T73/><D54/><N who="2" m="20522" /><F48/><W83/><REACH who="3" step="1"/><G30/><REACH who="3" ten="173,272,292,253" step="2"/><T53/><D53/><U132/><E129/><V98/><F66/><W76/><G76/><T77/><D79/><N who="1" m="44391" /><E132/><AGARI ba="0,1" hai="9,10,18,22,27,83,87,90,99,100,105,132,133,135" machi="132" ten="40,5200,0" yaku="1,1,20,1,53,1" doraHai="104" doraHaiUra="95" who="3" fromWho="1" sc="173,0,272,-52,292,0,253,62" /><INIT seed="5,0,0,0,3,0" ten="173,220,292,315" oya="1" hai0="76,51,52,30,80,94,12,11,110,91,54,75,13" hai1="28,33,48,127,72,25,15,104,38,16,1,26,115" hai2="89,113,93,125,70,101,8,103,17,50,82,81,57" hai3="10,32,124,77,6,131,61,34,79,56,111,108,59"/><U49/><E38/><V20/><F70/><W132/><G124/><T114/><D110/><U62/><E72/><V40/><F125/><W95/><G131/><T119/><D119/><U135/><E127/><V121/><F121/><W39/><G39/><T55/><D114/><U9/><E104/><V73/><F113/><W58/><G61/><T86/><D30/><U84/><E115/><V66/><F8/><W64/><G64/><T99/><D13/><U5/><E135/><V69/><F69/><W109/><G95/><T19/><REACH who="0" step="1"/><D75/><REACH who="0" ten="163,220,292,315" step="2"/><U120/><E120/><V43/><F73/><W126/><G126/><T71/><D71/><U18/><E25/><V96/><F101/><W35/><REACH who="3" step="1"/><G132/><REACH who="3" ten="163,220,292,305" step="2"/><T87/><D87/><U105/><E84/><V85/><F85/><W112/><G112/><T78/><D78/><U65/><E105/><V90/><F96/><W63/><G63/><T21/><D21/><N who="1" m="11423" /><E18/><V2/><F17/><W83/><G83/><T97/><D97/><U67/><E62/><V44/><F82/><W24/><G24/><T122/><D122/><U46/><E48/><AGARI ba="0,2" hai="11,12,19,48,51,52,54,55,76,80,86,91,94,99" machi="48" ten="40,5200,0" yaku="1,1,8,1,54,1,53,0" doraHai="0" doraHaiUra="106" who="0" fromWho="1" sc="163,72,220,-52,292,0,305,0" /><INIT seed="6,0,0,0,1,59" ten="235,168,292,305" oya="2" hai0="93,115,31,13,51,80,133,119,21,120,78,88,57" hai1="74,110,101,66,79,81,73,36,107,113,111,22,77" hai2="32,64,62,129,39,132,63,3,121,109,0,103,68" hai3="56,15,125,85,124,33,105,97,27,116,49,4,108"/><V71/><F121/><W98/><G116/><T28/><D120/><U72/><E36/><V86/><F39/><W16/><G4/><T104/><D104/><U48/><E22/><V14/><F132/><W26/><G85/><N who="0" m="48279" /><D133/><U9/><E9/><V99/><F129/><W52/><G108/><T18/><D115/><U23/><E23/><V83/><F109/><N who="1" m="41481" /><E48/><V84/><F32/><W130/><G130/><T76/><D76/><N who="1" m="29259" /><E66/><V94/><F68/><W6/><G6/><T69/><D69/><U61/><E61/><V41/><F41/><W90/><G90/><T112/><D112/><U46/><E46/><V17/><F63/><W95/><G95/><T53/><D119/><U44/><E44/><V91/><REACH who="2" step="1"/><F86/><AGARI ba="0,0" hai="13,18,21,28,31,51,53,57,86,88,93" m="48279" machi="86" ten="30,3900,0" yaku="25,1,8,1,54,1" doraHai="59" who="0" fromWho="2" sc="235,39,168,0,292,-39,305,0" /><INIT seed="7,0,0,5,3,22" ten="274,168,253,305" oya="3" hai0="95,3,61,25,72,36,74,132,42,79,126,1,55" hai1="59,57,31,118,78,8,41,63,120,2,102,83,28" hai2="127,15,91,80,128,0,64,75,20,70,135,49,24" hai3="6,108,21,115,65,97,46,17,112,119,11,94,18"/><W13/><G119/><T48/><D126/><U85/><E118/><V87/><F0/><W39/><G108/><T56/><D132/><U111/><E111/><V43/><F127/><W9/><G65/><T100/><D36/><U76/><E120/><V35/><F135/><W33/><G33/><T37/><D37/><U101/><E2/><V96/><F128/><W93/><G18/><T92/><D74/><U30/><E41/><V104/><F35/><W47/><G11/><T10/><D72/><U86/><E8/><V52/><F43/><N who="3" m="22911" /><G97/><T130/><D79/><U116/><E116/><V77/><F15/><N who="3" m="9407" /><G47/><T40/><D130/><U51/><E51/><V7/><F7/><W53/><G53/><T125/><D125/><U109/><E109/><V114/><F114/><AGARI ba="0,0" hai="6,9,13,93,94,112,114,115" m="9407,22911" machi="114" ten="30,1500,0" yaku="15,1" doraHai="22" who="3" fromWho="2" sc="274,0,168,0,253,-15,305,15" owari="274,7.0,168,-33.0,238,-16.0,320,42.0" /></mjloggm>