<mjloggm ver="2.3"><GO type="225" lobby="0"/><UN n0="%E3%83%88%E3%83%88%E3%83%AA%E5%85%88%E7%94%9F%31%39%E6%AD%B3" n1="%E6%9C%B4%E9%BE%8D%E5%AE%88" n2="%E7%82%8E%E3%81%AE%E3%82%B7%E3%83%A5%E3%83%AC%E3%83%B3" n3="%E3%81%BF%E3%81%A3%E3%81%A4%E3%81%83%EF%BD%9E" dan="17,16,17,18" rate="2133.78,2088.11,2163.07,2233.96" sx="F,M,M,F"/><TAIKYOKU oya="0"/><INIT seed="0,0,0,0,4,86" ten="250,250,250,250" oya="0" hai0="78,82,116,65,4,75,110,74,18,66,2,6,20" hai1="107,35,42,21,130,97,60,38,24,28,12,39,131" hai2="34,33,85,49,1,128,76,22,3,44,132,5,72" hai3="46,129,27,62,100,13,84,111,45,61,7,56,119"/><T48/><D116/><U9/><E35/><V32/><F72/><W122/><G119/><T108/><D74/><U53/><E107/><V73/><F73/><W67/><G111/><N who="0" m="42539" /><D48/><U115/><E97/><V47/><F128/><N who="1" m="49193" /><E115/><V106/><F106/><W104/><G129/><T41/><D41/><U120/><E42/><V92/><F132/><W40/><G122/><T133/><D133/><U81/><E81/><V102/><F102/><W19/><G104/><T14/><D2/><U77/><E77/><V71/><F71/><W59/><G100/><T50/><D50/><U68/><E120/><V8/><F1/><W58/><G27/><T36/><D36/><U64/><E53/><V25/><F76/><W103/><G7/><AGARI ba="0,0" hai="4,6,7,14,18,20,65,66,75,78,82" m="42539" machi="7" ten="30,2900,0" yaku="14,1,10,1" doraHai="86" who="0" fromWho="3" sc="250,29,250,0,250,0,250,-29" /><AGARI ba="0,0" hai="7,9,12,21,24,28,38,39,60,64,68" m="49193" machi="7" ten="30,1000,0" yaku="19,1" doraHai="86" who="1" fromWho="3" sc="279,0,250,10,250,0,221,-10" /><INIT seed="0,1,0,4,1,67" ten="279,260,250,211" oya="0" hai0="56,69,96,115,90,51,91,121,1,28,103,95,17" hai1="80,0,135,83,61,127,36,18,78,39,77,65,14" hai2="74,119,53,63,7,102,71,129,117,37,109,6,130" hai3="44,38,35,30,21,134,60,120,111,88,105,132,10"/><T122/><D115/><U76/><E0/><V49/><F109/><W62/><G105/><T108/><D1/><U59/><E135/><N who="3" m="51754" /><G35/><T40/><D69/><U45/><E127/><V9/><F74/><W19/><G111/><T133/><D108/><U41/><REACH who="1" step="1"/><E39/><REACH who="1" ten="279,250,250,211" step="2"/><V8/><F37/><W55/><G38/><T24/><D133/><U104/><E104/><V87/><F117/><W84/><G120/><T3/><D3/><U100/><E100/><V23/><F102/><W32/><G32/><T26/><D121/><U101/><E101/><V118/><F118/><W57/><G44/><T99/><D122/><U58/><E58/><V86/><F119/><W64/><G30/><T94/><D103/><U70/><E70/><V73/><F71/><W72/><G10/><AGARI ba="1,1" hai="10,14,18,36,41,45,59,61,65,76,77,78,80,83" machi="10" ten="40,1300,0" yaku="1,1,53,0" doraHai="67" doraHaiUra="97" who="1" fromWho="3" sc="279,0,250,26,250,0,211,-16" /><INIT seed="1,0,0,3,0,9" ten="279,276,250,195" oya="1" hai0="38,43,5,65,15,54,77,19,36,56,110,96,99" hai1="95,132,130,47,124,22,13,32,18,129,101,107,6" hai2="63,104,74,87,88,50,125,61,37,12,86,11,117" hai3="73,64,69,14,39,0,59,53,118,62,81,46,42"/><U94/><E32/><V26/><F74/><W27/><G0/><T106/><D110/><U122/><E122/><V102/><F37/><W97/><G118/><T126/><D126/><U34/><E34/><V89/><F117/><W55/><G27/><T78/><D65/><U83/><E124/><V16/><F125/><W2/><G2/><T79/><D5/><U109/><E132/><V25/><F104/><W76/><G97/><T52/><D54/><U112/><E112/><V105/><F102/><W134/><G134/><T40/><D38/><U75/><E6/><V7/><F105/><W70/><G55/><T49/><D106/><U121/><E121/><V114/><F114/><W1/><G1/><T10/><D36/><U31/><E31/><V92/><F50/><N who="3" m="31159" /><G69/><T57/><D57/><U24/><E24/><N who="2" m="9323" /><F7/><W60/><G62/><T8/><D8/><U33/><E33/><V23/><F11/><W41/><G42/><AGARI ba="0,0" hai="10,15,19,40,42,43,49,52,56,77,78,79,96,99" machi="42" ten="40,5200,0" yaku="8,1,52,1,54,1" doraHai="9" who="0" fromWho="3" sc="279,52,276,0,250,0,195,-52" /><INIT seed="2,0,0,5,3,96" ten="331,276,250,143" oya="2" hai0="95,33,78,44,116,88,56,5,121,90,21,19,129" hai1="53,66,54,131,125,98,84,60,124,13,69,45,18" hai2="82,118,79,130,39,35,76,63,47,65,103,4,126" hai3="133,3,64,134,16,73,67,0,91,99,15,62,17"/><V117/><F130/><W108/><G73/><T85/><D121/><U8/><E131/><V41/><F126/><N who="1" m="48745" /><E45/><V74/><F35/><W24/><G24/><T7/><D33/><U80/><E98/><V81/><F4/><W20/><G17/><T26/><D129/><U37/><E37/><V49/><F49/><W59/><G67/><T83/><D44/><U104/><E104/><V114/><F114/><W102/><G91/><AGARI ba="0,0" hai="8,13,18,53,54,60,66,69,80,84,91" m="48745" machi="91" ten="30,1000,0" yaku="18,1" doraHai="96" who="1" fromWho="3" sc="331,0,276,10,250,0,143,-10" /><INIT seed="3,0,0,5,2,37" ten="331,286,250,133" oya="3" hai0="67,34,66,5,102,20,72,65,57,96,59,70,29" hai1="78,9,98,123,88,16,95,74,31,105,90,64,7" hai2="2,0,124,114,36,55,115,94,77,82,121,18,109" hai3="41,113,68,127,58,48,80,15,63,118,76,60,61"/><W93/><G113/><T47/><D72/><U56/><E123/><V101/><F121/><W35/><G118/><T128/><D70/><U10/><E105/><V1/><F36/><W11/><G35/><T53/><D34/><U107/><E107/><V106/><F106/><W30/><G68/><T28/><D128/><U99/><E31/><N who="0" m="11849" /><D5/><U17/><E78/><V120/><F120/><W110/><G30/><T46/><D20/><U19/><E74/><V38/><F38/><W86/><G127/><T81/><D81/><U39/><E39/><V14/><F124/><W97/><G110/><T62/><D57/><U26/><E26/><V27/><F109/><W104/><G104/><T8/><D8/><U87/><E7/><V32/><F55/><W79/><G79/><T108/><D108/><U43/><E43/><V73/><F27/><W33/><G33/><T49/><D47/><U24/><E24/><V51/><F32/><W3/><G3/><T129/><D129/><U45/><E45/><V52/><F94/><AGARI ba="0,0" hai="46,49,53,59,62,65,66,67,94,96,102" m="11849" machi="94" ten="30,1000,0" yaku="8,1" doraHai="37" who="0" fromWho="2" sc="331,10,286,0,250,-10,133,0" owari="341,44.0,286,9.0,240,-16.0,133,-37.0" /></mjloggm>