<mjloggm ver="2.3"><GO type="97" lobby="0"/><UN n0="%E5%B0%B1%E6%B4%BB%E7%94%9F%40%E5%B7%9D%E6%9D%91%E8%BB%8D%E5%9B%A3" n1="%52%61%69%61%6E%2E" n2="%E5%A4%A2%E8%A6%8B%E3%82%8B%E9%9B%80%E5%A3%AB" n3="%E3%82%8F%E3%81%A3%E3%81%91" dan="15,14,15,14" rate="1990.22,1939.70,2035.73,1931.93" sx="M,M,M,M"/><TAIKYOKU oya="0"/><INIT seed="0,0,0,2,2,14" ten="250,250,250,250" oya="0" hai0="118,7,46,26,15,116,21,82,112,62,127,95,97" hai1="32,31,93,5,57,131,9,130,50,81,24,33,51" hai2="89,98,115,80,12,10,1,128,60,36,67,117,90" hai3="11,42,77,61,49,25,134,73,28,105,101,34,83"/><T4/><D112/><U120/><E120/><V125/><F115/><W113/><G113/><T37/><D127/><U86/><E33/><V135/><F1/><W72/><G134/><T132/><D132/><U79/><E93/><V48/><F135/><W3/><G61/><T110/><D110/><U69/><E69/><V94/><F36/><W18/><G105/><T121/><D121/><U55/><REACH who="1" step="1"/><E50/><REACH who="1" ten="250,240,250,250" step="2"/><V111/><F117/><W96/><G72/><T124/><D116/><U41/><E41/><V19/><F111/><W99/><G49/><T27/><D118/><U108/><E108/><V16/><F125/><W119/><G42/><T35/><D95/><U13/><AGARI ba="0,1" hai="5,9,13,24,31,32,51,55,57,79,81,86,130,131" machi="13" ten="30,2000,0" yaku="1,1,0,1,53,0" doraHai="14" doraHaiUra="65" who="1" fromWho="1" sc="250,-10,240,30,250,-5,250,-5" /><INIT seed="1,0,0,4,5,20" ten="240,270,245,245" oya="1" hai0="33,107,31,65,37,74,102,59,82,129,19,45,47" hai1="34,120,100,109,49,6,99,12,113,4,22,125,105" hai2="67,97,53,43,17,18,96,95,70,94,50,15,32" hai3="2,21,132,8,111,54,26,130,80,5,38,117,13"/><U11/><E120/><V9/><F32/><W108/><G117/><T0/><D0/><U24/><E34/><V110/><F43/><W115/><G38/><T62/><D129/><U63/><E113/><V42/><F42/><W103/><G103/><T44/><D37/><U52/><E125/><V40/><F40/><W56/><G115/><T16/><D107/><U83/><E109/><N who="3" m="42058" /><G132/><T135/><D135/><U127/><E127/><V1/><F1/><W71/><G71/><T114/><D114/><U51/><E4/><V35/><F35/><W87/><G130/><T72/><D102/><U92/><E105/><V76/><F76/><N who="3" m="46471" /><G2/><T134/><D134/><U30/><E83/><V28/><F28/><N who="3" m="17487" /><G56/><AGARI ba="0,0" hai="6,11,12,22,24,30,49,51,52,56,63,92,99,100" machi="56" ten="40,7700,0" yaku="8,1,52,1,54,1" doraHai="20" who="1" fromWho="3" sc="240,0,270,77,245,0,245,-77" /><INIT seed="1,1,0,5,0,123" ten="240,347,245,168" oya="1" hai0="7,37,32,112,114,28,124,73,23,0,88,63,58" hai1="60,53,13,24,92,11,29,121,14,127,21,67,84" hai2="91,96,126,64,117,40,93,72,71,33,119,75,47" hai3="46,4,70,26,80,100,133,30,105,45,83,95,109"/><U77/><E121/><V90/><F33/><W65/><G133/><T61/><D73/><U31/><E127/><V82/><F126/><W49/><G105/><T104/><D37/><U79/><E31/><V125/><F125/><W22/><G4/><T68/><D104/><U27/><E53/><V120/><F120/><W115/><G115/><T39/><D39/><U43/><E27/><V97/><F71/><W59/><G70/><T57/><D124/><U42/><E77/><V12/><F64/><W9/><G9/><T51/><D32/><U101/><E79/><V18/><F75/><W10/><G10/><T44/><D68/><U86/><E86/><V62/><F62/><N who="3" m="38111" /><G109/><T78/><D78/><U116/><E14/><V102/><F72/><W94/><G46/><T35/><D35/><U69/><E116/><V52/><F40/><N who="3" m="24743" /><G100/><T113/><D0/><U81/><E101/><V98/><F119/><W89/><G95/><T118/><D7/><U3/><E92/><V122/><F122/><W38/><G38/><T54/><D118/><U66/><E66/><V132/><F132/><W50/><G50/><T85/><D28/><U41/><E3/><V19/><F117/><W135/><G135/><T5/><D5/><U99/><E99/><AGARI ba="1,0" hai="22,26,30,80,83,89,94,99" m="24743,38111" machi="99" ten="30,1000,0" yaku="8,1" doraHai="123" who="3" fromWho="1" sc="240,0,347,-13,245,0,168,13" /><INIT seed="2,0,0,2,2,95" ten="240,334,245,181" oya="2" hai0="103,32,131,1,128,135,74,111,116,30,34,16,119" hai1="26,37,115,113,4,92,60,40,100,96,109,19,112" hai2="68,105,15,82,99,87,86,6,10,17,62,102,107" hai3="83,70,132,98,134,48,85,24,43,71,58,59,52"/><V65/><F87/><W127/><G127/><T29/><D74/><U56/><E4/><V0/><F107/><W54/><G24/><T93/><D111/><U36/><E40/><V38/><F38/><W42/><G83/><T73/><D73/><U13/><E26/><V55/><F55/><W57/><G85/><T120/><D120/><U8/><REACH who="1" step="1"/><E109/><REACH who="1" ten="240,324,245,181" step="2"/><V18/><REACH who="2" step="1"/><F0/><REACH who="2" ten="240,324,235,181" step="2"/><W121/><G121/><T23/><D1/><U35/><E35/><V12/><F12/><W5/><G5/><T97/><D34/><U45/><E45/><V88/><AGARI ba="0,2" hai="6,10,15,17,18,62,65,68,82,86,88,99,102,105" machi="88" ten="20,18000,2" yaku="1,1,0,1,7,1,52,1,54,1,53,1" doraHai="95" doraHaiUra="94" who="2" fromWho="2" sc="240,-60,324,-60,235,200,181,-60" /><INIT seed="2,1,0,0,3,59" ten="180,264,435,121" oya="2" hai0="34,0,92,109,52,18,116,124,85,15,51,90,121" hai1="49,79,83,47,94,25,13,5,35,80,54,55,36" hai2="31,58,84,135,17,113,122,22,114,28,45,100,111" hai3="63,76,67,72,89,29,108,91,37,65,3,62,106"/><V57/><F122/><W131/><G37/><T23/><D121/><U98/><E80/><V41/><F100/><W12/><G106/><T56/><D116/><U126/><E126/><V16/><F135/><W48/><G3/><T27/><D124/><U64/><E64/><N who="3" m="24650" /><G72/><T118/><D118/><U104/><E104/><V133/><F133/><W26/><G131/><T68/><D109/><U21/><E35/><V129/><F129/><W82/><G108/><T2/><D68/><U101/><E36/><V77/><F111/><W86/><G48/><T127/><D127/><U53/><E13/><V95/><F114/><W70/><G70/><T73/><D73/><U11/><E11/><V134/><F134/><W117/><G117/><T7/><D7/><U44/><E44/><V103/><F17/><W24/><G12/><T66/><D66/><U1/><E5/><V87/><F113/><W81/><G81/><T33/><D33/><U128/><E1/><V6/><F6/><W50/><G50/><T97/><D97/><U74/><E128/><V42/><F45/><W46/><G46/><T130/><D130/><U4/><E4/><V88/><F103/><W96/><G96/><T112/><D112/><U20/><E47/><V107/><F107/><W69/><G69/><T39/><D39/><U105/><E49/><V60/><F58/><W119/><G119/><T14/><D14/><U61/><E61/><N who="3" m="23050" /><G29/><AGARI ba="1,0" hai="0,2,15,18,23,27,29,34,51,52,56,85,90,92" machi="29" ten="40,5200,0" yaku="25,2,54,1" doraHai="59" who="0" fromWho="3" sc="180,55,264,0,435,0,121,-55" /><INIT seed="3,0,0,5,3,101" ten="235,264,435,66" oya="3" hai0="129,100,59,99,13,0,14,68,102,3,116,109,77" hai1="87,72,94,57,18,22,132,122,27,54,51,91,63" hai2="46,123,111,2,47,104,113,119,40,82,127,70,73" hai3="117,34,86,16,49,15,134,12,131,65,107,98,44"/><W45/><G131/><T9/><D116/><U52/><E72/><V88/><RYUUKYOKU type="yao9" ba="0,0" sc="235,0,264,0,435,0,66,0" hai2="2,40,46,47,70,73,82,88,104,111,113,119,123,127" /><INIT seed="3,1,0,2,3,101" ten="235,264,435,66" oya="3" hai0="4,8,91,20,23,35,46,112,88,85,31,113,48" hai1="55,124,86,104,93,135,87,42,70,28,30,37,105" hai2="80,58,24,60,68,18,43,62,56,89,66,19,130" hai3="71,90,26,47,94,39,22,54,11,76,126,34,95"/><W96/><G126/><T32/><D48/><U97/><E70/><V110/><F43/><W75/><G71/><T92/><D46/><U7/><E7/><V118/><F118/><W61/><G34/><N who="0" m="12843" /><D31/><U27/><E28/><V67/><F68/><W134/><G134/><T83/><D4/><U128/><E128/><V52/><F130/><W57/><G11/><T65/><D8/><U121/><E121/><V98/><F110/><W111/><G111/><T36/><D65/><U40/><E135/><V12/><F24/><W119/><G119/><T79/><D36/><U1/><E1/><V107/><F107/><W102/><G75/><N who="0" m="43519" /><D91/><U5/><E5/><V13/><F67/><W33/><G33/><T15/><D15/><N who="2" m="5706" /><F98/><W74/><G74/><T125/><D125/><U51/><E97/><V16/><F89/><W123/><G123/><T72/><D72/><U84/><E93/><V29/><F29/><N who="3" m="17623" /><G39/><T120/><D120/><U82/><E124/><V127/><F127/><W45/><G76/><T81/><D81/><AGARI ba="1,0" hai="16,18,19,52,56,58,60,62,66,80,81" m="5706" machi="81" ten="30,3900,0" yaku="8,1,54,2" doraHai="101" who="2" fromWho="0" sc="235,-42,264,0,435,42,66,0" owari="193,-21.0,264,6.0,477,58.0,66,-43.0" /></mjloggm>