<mjloggm ver="2.3"><GO type="169" lobby="0"/><UN n0="%E3%82%A6%E3%83%AB%E3%83%88%E3%83%A9%E7%AB%8B%E7%9B%B4" n1="%E5%81%A5%E5%85%A8%E7%90%86%E7%B3%BB%E7%94%B7%E5%85%90" n2="%74%61%6E%61%4B%61" n3="%EF%BC%A4%EF%BC%B2%EF%BC%AF%EF%BC%B0" dan="16,16,16,16" rate="2122.80,2087.07,2106.80,2096.47" sx="M,M,M,M"/><TAIKYOKU oya="0"/><INIT seed="0,0,0,1,0,49" ten="250,250,250,250" oya="0" hai0="17,78,91,46,74,35,98,135,73,12,122,38,50" hai1="131,120,103,10,119,123,70,39,106,48,65,129,22" hai2="33,1,71,118,3,26,128,89,84,32,9,53,111" hai3="43,92,31,57,107,15,47,34,37,21,62,8,64"/><T27/><D122/><U41/><E39/><V20/><F71/><W87/><G107/><T59/><D135/><U29/><E119/><V117/><F111/><W28/><G34/><N who="2" m="13417" /><F53/><W85/><G21/><T93/><D78/><U114/><E114/><V23/><F89/><W109/><G109/><T110/><D110/><U102/><E70/><V54/><F54/><W44/><G47/><T75/><D59/><U61/><E65/><V95/><F95/><W51/><G37/><T134/><D38/><U80/><E61/><V24/><F84/><N who="3" m="32331" /><G92/><T40/><D134/><U121/><E80/><V66/><F66/><W16/><AGARI ba="0,0" hai="8,15,16,28,31,43,44,51,57,62,64" m="32331" machi="16" ten="30,2000,0" yaku="8,1,54,1" doraHai="49" who="3" fromWho="3" sc="250,-10,250,-5,250,-5,250,20" /><INIT seed="1,0,0,0,4,18" ten="240,245,245,270" oya="1" hai0="58,46,45,110,35,100,37,98,83,15,5,21,59" hai1="20,111,66,106,0,53,7,126,116,122,51,96,130" hai2="10,104,112,132,82,101,93,85,48,134,120,70,117" hai3="92,9,14,29,16,73,64,133,32,39,125,118,69"/><U99/><E116/><V89/><F70/><W107/><G107/><T11/><D35/><U84/><E122/><V128/><F10/><W44/><G73/><T131/><D110/><U63/><E111/><V47/><F120/><W17/><G118/><T114/><D114/><U1/><E126/><V12/><F117/><W113/><G113/><T119/><D119/><U87/><E130/><V95/><F128/><W81/><G125/><T23/><D131/><U42/><E42/><N who="2" m="24695" /><F12/><W52/><G81/><T6/><D83/><U90/><E1/><V31/><F31/><W103/><G133/><N who="2" m="51305" /><F112/><W67/><G69/><T97/><D37/><U28/><E0/><V33/><F33/><W109/><G109/><T50/><D100/><U57/><E7/><V102/><F104/><W80/><G17/><T75/><D75/><U115/><E115/><V36/><F36/><W22/><G32/><T49/><D15/><U65/><E65/><V88/><F82/><W38/><G80/><T91/><D11/><U25/><E106/><V60/><F60/><W127/><G127/><T74/><D74/><U62/><E62/><V79/><F79/><W123/><G123/><T72/><D72/><U86/><REACH who="1" step="1"/><E90/><AGARI ba="0,0" hai="5,6,21,23,45,46,49,50,58,59,90,91,97,98" machi="90" ten="25,8000,1" yaku="22,2,8,1,52,2" doraHai="18" who="0" fromWho="1" sc="240,80,245,-80,245,0,270,0" /><INIT seed="2,0,0,3,3,18" ten="320,165,245,270" oya="2" hai0="70,8,83,1,93,107,132,99,61,34,94,65,40" hai1="29,116,78,3,33,103,23,98,39,49,24,128,96" hai2="14,38,81,11,59,44,30,120,121,32,71,50,95" hai3="131,111,9,53,118,77,60,2,112,85,74,123,42"/><V67/><F71/><W36/><G85/><T126/><D94/><U75/><E39/><V35/><F38/><W43/><G77/><T7/><D93/><U122/><E116/><V15/><F95/><W115/><G9/><T22/><D22/><U5/><E128/><V27/><F35/><W45/><G74/><T72/><D40/><U64/><E122/><V114/><F114/><N who="3" m="43563" /><G2/><T86/><D86/><U4/><E64/><V87/><F59/><N who="3" m="34927" /><G111/><T73/><D126/><U41/><E3/><V105/><F67/><W52/><G43/><T55/><D83/><U57/><E33/><V109/><F105/><W28/><G28/><T108/><D108/><U62/><E78/><V135/><F109/><W68/><G68/><T119/><D119/><U129/><E75/><V90/><F135/><W46/><G118/><T88/><D132/><U66/><E129/><V102/><F102/><W16/><G16/><T97/><D34/><U6/><REACH who="1" step="1"/><E103/><REACH who="1" ten="320,155,245,270" step="2"/><V89/><F90/><W92/><G131/><T130/><D73/><U125/><E125/><V104/><F121/><W17/><G123/><T133/><D72/><U110/><E110/><V25/><F120/><W13/><G36/><T100/><D130/><U106/><E106/><V101/><F104/><W12/><G12/><T91/><D133/><U69/><E69/><V58/><F15/><W80/><G13/><T26/><D100/><U20/><E20/><V31/><F101/><W134/><G134/><T37/><D37/><U54/><E54/><N who="2" m="32087" /><F14/><W10/><G52/><T124/><D55/><U79/><E79/><V19/><F32/><RYUUKYOKU ba="0,1" sc="320,-10,155,30,245,-10,270,-10" hai1="4,5,6,23,24,29,41,49,57,62,66,96,98" /><INIT seed="3,1,1,3,5,13" ten="310,185,235,260" oya="3" hai0="25,58,100,16,22,131,66,8,133,15,59,111,45" hai1="124,135,89,132,21,92,56,49,14,2,108,126,85" hai2="36,81,5,117,72,75,17,118,96,55,3,24,46" hai3="74,37,11,95,107,9,128,79,32,54,41,40,35"/><W78/><G107/><T93/><D111/><U70/><E70/><V120/><F120/><W33/><G95/><T119/><D119/><U4/><E2/><V105/><F105/><W20/><G20/><T98/><D131/><U116/><E116/><V53/><F96/><W115/><G54/><T84/><D133/><N who="1" m="51275" /><E108/><V7/><F36/><W39/><G74/><T87/><D45/><U42/><E42/><N who="3" m="16490" /><G115/><T76/><D76/><N who="3" m="29225" /><G128/><T50/><D50/><U106/><E106/><V102/><F24/><W94/><G94/><T12/><D12/><U57/><E4/><V129/><F129/><W67/><G67/><T52/><D66/><U83/><E83/><V34/><F34/><W23/><G23/><T121/><D121/><U63/><E49/><V1/><F81/><W0/><G0/><T113/><D113/><U86/><E86/><N who="0" m="32809" /><D52/><N who="1" m="34183" /><E57/><V27/><F27/><W60/><G60/><T26/><D26/><U69/><E69/><V6/><F6/><AGARI ba="1,1" hai="6,8,15,16,22,25,58,59,93,98,100" m="32809" machi="6" ten="30,3900,0" yaku="8,1,52,1,54,1" doraHai="13" who="0" fromWho="2" sc="310,52,185,0,235,-42,260,0" /><INIT seed="4,0,0,2,2,78" ten="362,185,193,260" oya="0" hai0="0,90,65,67,45,38,98,81,39,1,48,20,56" hai1="69,80,32,55,131,33,100,61,82,43,23,93,34" hai2="5,58,120,117,18,127,86,53,94,133,91,19,59" hai3="51,47,21,118,128,87,46,74,9,83,40,15,22"/><T113/><D113/><U111/><E111/><V4/><F120/><W125/><G74/><T49/><D1/><U41/><E131/><V54/><F127/><W37/><G118/><T13/><D0/><U64/><E55/><V134/><F117/><W63/><G63/><T28/><D39/><U112/><E112/><V108/><F108/><W135/><G135/><T11/><D38/><U35/><N who="1" m="8192" /><DORA hai="30" /><U44/><E23/><V72/><F72/><W8/><G125/><T26/><D56/><U84/><E43/><V130/><F130/><W79/><G8/><T66/><D45/><U77/><E82/><V6/><F133/><W12/><G12/><T16/><D98/><U42/><REACH who="1" step="1"/><E44/><REACH who="1" ten="362,175,193,260" step="2"/><V60/><REACH who="2" step="1"/><F134/><REACH who="2" ten="362,175,183,260" step="2"/><W50/><G128/><T103/><D20/><U102/><E102/><V109/><F109/><W107/><G37/><T121/><D103/><U24/><E24/><V75/><F75/><W29/><G22/><N who="0" m="15447" /><D121/><U95/><E95/><V104/><F104/><W114/><G107/><T31/><D31/><U124/><E124/><V132/><F132/><W92/><G114/><T7/><D81/><U25/><E25/><V76/><F76/><W101/><G29/><T122/><D122/><U110/><E110/><V115/><F115/><W97/><G21/><T3/><D90/><U105/><E105/><V85/><F85/><W2/><G101/><T116/><D116/><U68/><E68/><V96/><F96/><AGARI ba="0,2" hai="41,42,61,64,69,77,80,84,93,96,100" m="8192" machi="96" ten="70,12000,2" yaku="1,1,52,5,53,1" doraHai="78,30" doraHaiUra="89,123" who="1" fromWho="2" sc="362,0,175,140,183,-120,260,0" /><INIT seed="5,0,0,4,1,132" ten="362,315,63,260" oya="1" hai0="103,122,31,89,43,90,68,130,70,47,57,116,123" hai1="50,84,33,13,61,111,73,77,27,45,98,79,28" hai2="26,48,94,35,40,95,59,105,46,109,125,72,17" hai3="62,51,120,18,63,4,5,56,20,119,101,52,60"/><U112/><E73/><V58/><F109/><W69/><G120/><N who="0" m="46123" /><D130/><U25/><E111/><V15/><F105/><W124/><G69/><N who="0" m="26731" /><D116/><U108/><E108/><V110/><F110/><W88/><G101/><T75/><D75/><U19/><E27/><V32/><F72/><W76/><G76/><T133/><D133/><U29/><E29/><V2/><F2/><W134/><G134/><T16/><D57/><U93/><E112/><V118/><F118/><W129/><G129/><T97/><D16/><U127/><E61/><V83/><F125/><W106/><G124/><T21/><D21/><U121/><E127/><V102/><F35/><W91/><G106/><N who="0" m="63855" /><D31/><U55/><E84/><V115/><F115/><W3/><G119/><T67/><D67/><U7/><E121/><V66/><F83/><W131/><G131/><T99/><D99/><U100/><REACH who="1" step="1"/><E7/><REACH who="1" ten="362,305,63,260" step="2"/><V49/><F59/><W87/><G87/><T53/><D53/><U37/><E37/><AGARI ba="0,1" hai="37,43,47,89,90" m="63855,26731,46123" machi="37" ten="30,1000,0" yaku="13,1" doraHai="132" who="0" fromWho="1" sc="362,20,305,-10,63,0,260,0" /><INIT seed="6,0,0,2,4,99" ten="382,295,63,260" oya="2" hai0="30,82,103,45,72,55,65,131,92,3,10,59,125" hai1="60,13,77,31,8,54,127,87,83,119,4,135,93" hai2="89,58,43,48,101,86,100,11,114,37,102,36,24" hai3="90,84,7,39,52,63,22,106,81,16,35,18,42"/><V94/><F114/><W98/><G35/><T33/><D30/><U71/><E119/><V107/><F107/><W56/><G7/><T123/><D33/><U51/><E127/><V122/><F122/><W20/><G39/><T26/><D123/><U25/><E135/><V9/><F24/><W14/><G42/><T105/><D26/><U88/><E71/><V95/><F36/><W134/><G134/><T91/><D65/><U78/><E60/><V41/><F95/><W66/><G66/><T73/><D45/><U113/><E113/><V126/><F126/><W17/><G106/><T115/><D125/><U38/><E38/><V75/><F75/><W116/><G116/><T61/><D115/><U69/><E69/><V117/><F117/><W29/><G98/><N who="0" m="61687" /><D10/><N who="2" m="3594" /><F37/><W129/><G29/><T12/><D12/><U34/><REACH who="1" step="1"/><E93/><REACH who="1" ten="382,285,63,260" step="2"/><V124/><F124/><W133/><G133/><T15/><D61/><U130/><E130/><V47/><F58/><AGARI ba="0,1" hai="4,8,13,25,31,34,51,54,58,77,78,83,87,88" machi="58" ten="30,3900,0" yaku="1,1,7,1,54,1,53,0" doraHai="99" doraHaiUra="32" who="1" fromWho="2" sc="382,0,285,49,63,-39,260,0" /><INIT seed="7,0,0,1,0,80" ten="382,334,24,260" oya="3" hai0="97,58,128,92,23,102,3,105,126,60,118,133,127" hai1="22,8,77,125,113,1,51,100,54,70,30,117,0" hai2="49,29,124,107,130,119,15,26,44,134,86,50,98" hai3="111,74,110,69,52,36,42,62,96,7,6,33,5"/><W31/><G74/><T123/><D118/><U68/><E117/><V88/><F15/><W103/><G42/><T101/><D3/><U91/><E113/><V122/><F26/><W87/><G36/><T19/><D123/><U12/><E125/><N who="0" m="47625" /><D128/><U11/><E100/><V104/><F29/><W4/><N who="3" m="1024" /><DORA hai="114" /><W27/><G87/><T67/><D133/><U63/><E77/><V93/><F44/><W106/><REACH who="3" step="1"/><G52/><REACH who="3" ten="382,334,24,250" step="2"/><T73/><D73/><U121/><E121/><V38/><F122/><W115/><G115/><T95/><D102/><U116/><E116/><V108/><F124/><W9/><G9/><T35/><D35/><U10/><E1/><V94/><F108/><W59/><G59/><T16/><D23/><U53/><E0/><V18/><F130/><W99/><G99/><T24/><D58/><N who="1" m="35287" /><E68/><V131/><F131/><W120/><G120/><T65/><D60/><U32/><E70/><V17/><F134/><W28/><G28/><T14/><D67/><AGARI ba="0,1" hai="27,31,33,62,67,69,96,103,106,110,111" m="1024" machi="67" ten="50,9600,0" yaku="1,1,25,2,53,0" doraHai="80,114" doraHaiUra="40,39" who="3" fromWho="0" sc="382,-96,334,0,24,0,250,106" owari="286,-11.0,334,13.0,24,-48.0,356,46.0" /></mjloggm>