<mjloggm ver="2.3"><GO type="169" lobby="0"/><UN n0="%E3%82%AF%E3%83%AD%E3%83%8E%E3%82%B9%40" n1="%79%6F%6A%6F" n2="%E3%83%AC%E3%83%9F%E3%83%AA%E3%82%A2%E3%81%AF%E4%BF%BA%E3%81%AE%E5%AB%81" n3="%E3%82%A6%E3%83%AB%E3%83%88%E3%83%A9%E7%AB%8B%E7%9B%B4" dan="17,16,16,17" rate="2187.97,2192.80,2039.40,2152.44" sx="M,F,M,M"/><TAIKYOKU oya="0"/><INIT seed="0,0,0,0,4,68" ten="250,250,250,250" oya="0" hai0="49,45,43,23,51,0,44,14,133,101,79,61,3" hai1="25,97,129,53,83,71,82,96,127,35,73,106,64" hai2="57,30,126,110,124,122,17,7,60,48,5,42,34" hai3="19,21,11,112,58,66,108,78,134,10,115,77,63"/><T33/><D33/><U4/><E4/><V85/><F122/><W119/><G119/><T67/><D133/><U13/><E13/><V100/><F110/><W89/><G108/><T91/><D101/><N who="1" m="62759" /><E53/><V20/><F100/><W84/><G134/><T39/><D79/><N who="3" m="30217" /><G115/><T92/><D23/><U99/><E129/><V103/><F103/><W111/><G112/><T56/><D14/><U9/><E9/><V46/><F85/><W29/><G29/><T28/><D28/><N who="1" m="19855" /><E83/><V74/><F30/><W41/><G111/><T22/><D22/><U16/><E16/><V121/><F34/><W6/><G6/><T27/><D27/><U12/><E12/><V130/><F130/><W32/><G32/><T131/><D131/><U54/><E54/><V109/><F109/><W76/><G76/><T75/><D75/><U102/><E102/><V31/><F31/><W1/><G1/><T55/><REACH who="0" step="1"/><D49/><REACH who="0" ten="240,250,250,250" step="2"/><U118/><E73/><V135/><F74/><W69/><G21/><T26/><D26/><U24/><E24/><N who="2" m="14351" /><F135/><W38/><G11/><T132/><D132/><U117/><E117/><V52/><F121/><W105/><G10/><T36/><D36/><U80/><E118/><V116/><F116/><W128/><G38/><T81/><D81/><U47/><E80/><V72/><F72/><W18/><G128/><T114/><D114/><U123/><E82/><V70/><F7/><W62/><G18/><T107/><D107/><U50/><E123/><V120/><F5/><W40/><G19/><T94/><D94/><U37/><E37/><N who="2" m="21839" /><F120/><W2/><G105/><T90/><D90/><RYUUKYOKU ba="0,1" sc="240,15,250,-15,250,15,250,-15" hai0="0,3,39,43,44,45,51,55,56,61,67,91,92" hai2="48,52,57,60,70,124,126" /><INIT seed="0,1,1,1,5,24" ten="255,235,265,235" oya="0" hai0="4,124,113,9,72,17,105,41,16,44,11,49,60" hai1="91,79,23,53,64,6,119,81,10,59,122,118,108" hai2="80,134,130,70,114,62,84,106,56,45,73,54,98" hai3="20,128,89,66,29,55,125,12,26,50,35,68,47"/><T76/><D113/><U13/><E122/><V94/><F114/><W100/><G125/><T101/><D124/><U15/><E64/><V115/><F115/><W71/><G128/><T43/><D43/><U99/><E108/><V133/><F130/><W51/><G100/><T3/><D60/><U52/><E53/><V28/><F73/><W127/><G127/><T102/><D105/><U129/><E129/><V5/><F5/><W109/><G109/><T116/><D116/><U30/><E99/><V96/><F106/><W111/><G111/><T103/><REACH who="0" step="1"/><D9/><REACH who="0" ten="245,235,265,235" step="2"/><U42/><E42/><V1/><F62/><W123/><G123/><T0/><D0/><U69/><E119/><V58/><F1/><W87/><G51/><T46/><D46/><U67/><E118/><V121/><F121/><W25/><G66/><T22/><D22/><U104/><E104/><V112/><F112/><W93/><REACH who="3" step="1"/><G12/><REACH who="3" ten="245,235,265,225" step="2"/><T39/><D39/><U38/><E15/><V40/><F40/><W77/><G77/><T36/><D36/><U126/><E38/><V61/><F61/><W85/><G85/><T74/><D74/><U120/><E79/><V63/><F84/><W2/><G2/><T90/><D90/><U97/><E91/><V117/><F63/><W88/><G88/><T78/><D78/><U75/><E75/><V95/><F117/><W14/><G14/><T31/><D31/><AGARI ba="1,3" hai="20,25,26,29,31,35,47,50,55,68,71,87,89,93" machi="31" ten="30,7700,0" yaku="1,1,7,1,52,2,53,0" doraHai="24" doraHaiUra="34" who="3" fromWho="0" sc="245,-80,235,0,265,0,225,110" /><INIT seed="1,0,0,5,2,134" ten="165,235,265,335" oya="1" hai0="48,60,62,41,108,129,86,23,120,52,122,1,107" hai1="83,85,51,36,111,76,115,64,37,20,59,119,94" hai2="19,91,22,109,71,65,39,18,17,112,87,72,9" hai3="55,15,131,3,100,56,28,101,77,118,57,125,110"/><U93/><E119/><V121/><F121/><N who="0" m="46698" /><D107/><U45/><E115/><V21/><F39/><W26/><G3/><T126/><D1/><U105/><E105/><V74/><F109/><W69/><G69/><T50/><D23/><U127/><E20/><V47/><F112/><W114/><G57/><N who="0" m="32903" /><D108/><U46/><E37/><V96/><F47/><W75/><G15/><T106/><D106/><U73/><E36/><V53/><F53/><W25/><G77/><T16/><D129/><U29/><E45/><V70/><F21/><W4/><G75/><T104/><D104/><U27/><E73/><V54/><F22/><W84/><G4/><T102/><D102/><U79/><E79/><V81/><F72/><W33/><G26/><T8/><D86/><U103/><E103/><V97/><F9/><W5/><G25/><T11/><D11/><U31/><E27/><V40/><F74/><W58/><G110/><T90/><D90/><U6/><E6/><V14/><F91/><W10/><G5/><T123/><N who="0" m="46706" /><T35/><DORA hai="95" /><D35/><U116/><E76/><V7/><F87/><W49/><G84/><T61/><D126/><U132/><E127/><V34/><F34/><W13/><G125/><T30/><D30/><N who="1" m="11275" /><E111/><V78/><F78/><W66/><G33/><T128/><D128/><U124/><E124/><V67/><F7/><W92/><G131/><T32/><D32/><U24/><E85/><V12/><F12/><W135/><G13/><N who="0" m="7207" /><D41/><U0/><E0/><V80/><F40/><W117/><G101/><T42/><D42/><U43/><E43/><V82/><F14/><RYUUKYOKU ba="0,0" sc="165,30,235,-10,265,-10,335,-10" hai0="50,60,61,62" /><INIT seed="2,1,0,1,3,91" ten="195,225,255,325" oya="2" hai0="111,122,116,75,130,67,20,50,5,41,127,110,109" hai1="19,106,102,57,113,99,123,86,8,76,28,3,48" hai2="9,101,69,2,120,15,105,81,14,83,125,126,124" hai3="42,72,24,85,68,135,89,71,58,12,93,25,35"/><V96/><F120/><W0/><G0/><T51/><D122/><U88/><E123/><V17/><F69/><W103/><G72/><T66/><D75/><U119/><E119/><V78/><F2/><W121/><G121/><T26/><D116/><U118/><E118/><V74/><F74/><W73/><G73/><T34/><D34/><U87/><E28/><V52/><F78/><W49/><G135/><T13/><D130/><U22/><E113/><V133/><F133/><W70/><G35/><T38/><D38/><U97/><E8/><V1/><F1/><W61/><G103/><T134/><D134/><U132/><E3/><V60/><REACH who="2" step="1"/><F15/><REACH who="2" ten="195,225,245,325" step="2"/><W82/><G12/><T40/><D127/><U98/><E76/><V59/><AGARI ba="1,1" hai="9,14,17,52,59,60,81,83,96,101,105,124,125,126" machi="59" ten="40,12000,1" yaku="1,1,2,1,0,1,18,1,54,1,53,0" doraHai="91" doraHaiUra="27" who="2" fromWho="2" sc="195,-41,225,-41,245,133,325,-41" /><INIT seed="2,2,0,1,3,17" ten="154,184,378,284" oya="2" hai0="111,124,23,109,98,65,77,87,112,14,6,118,90" hai1="37,31,0,2,84,116,122,135,59,71,86,97,101" hai2="12,74,28,125,25,61,1,119,114,54,10,49,134" hai3="107,21,63,27,110,42,102,64,108,7,35,62,51"/><V121/><F121/><W50/><G7/><T123/><D123/><U55/><E71/><V43/><F119/><W13/><G13/><T32/><D32/><U40/><E122/><V41/><F114/><W36/><G35/><T79/><D112/><U72/><E72/><V126/><F1/><W91/><G36/><T46/><D118/><U89/><E84/><V52/><F134/><W67/><G91/><T117/><D117/><U129/><E135/><V30/><F74/><W82/><G82/><T56/><D124/><N who="2" m="47722" /><F61/><W20/><G27/><T133/><D133/><U29/><E2/><V47/><F54/><W95/><G95/><T78/><D98/><U48/><E0/><V70/><F70/><W45/><G42/><N who="2" m="15881" /><F25/><W99/><G45/><T18/><D46/><U100/><E40/><V106/><F106/><W39/><G39/><T33/><D109/><N who="3" m="42089" /><G51/><T58/><D111/><U68/><E68/><V96/><F96/><W73/><G50/><T132/><D132/><U16/><E37/><V15/><F15/><W88/><G63/><T8/><D65/><U44/><E44/><V115/><F115/><W76/><G62/><T103/><D14/><U34/><E116/><V94/><F94/><W93/><G67/><T83/><D83/><U69/><E69/><V22/><F22/><N who="3" m="8811" /><G64/><T60/><D60/><U57/><E34/><V24/><F24/><W66/><G66/><T130/><D33/><U5/><E48/><V128/><F49/><W4/><G107/><T92/><D92/><U9/><E97/><V38/><F38/><W11/><G99/><T104/><D104/><RYUUKYOKU ba="2,0" sc="154,0,184,0,378,0,284,0" /><INIT seed="3,3,0,3,1,135" ten="154,184,378,284" oya="3" hai0="64,113,120,78,35,106,79,55,81,44,109,48,111" hai1="24,18,17,89,97,87,80,88,82,115,58,66,129" hai2="46,22,96,101,50,131,1,102,52,76,10,100,2" hai3="32,61,70,38,62,75,59,51,134,108,118,63,125"/><W21/><G32/><T41/><D35/><U112/><E129/><V94/><F131/><W47/><G75/><T37/><D120/><U0/><E0/><V68/><F68/><W86/><G86/><T92/><D106/><U103/><E112/><V119/><F119/><W122/><G21/><T126/><D113/><U128/><E128/><V117/><F117/><W54/><G118/><T127/><D64/><U98/><E115/><V34/><F34/><W12/><G12/><T49/><D92/><N who="1" m="58791" /><E98/><V6/><F2/><W72/><G72/><N who="0" m="43207" /><D79/><U8/><E24/><V3/><F3/><W4/><G4/><T130/><D130/><U69/><E69/><V20/><F76/><W31/><G31/><T95/><D95/><U23/><E8/><V114/><F114/><W67/><G122/><T116/><D116/><U90/><E23/><V60/><F22/><W9/><G9/><T30/><D30/><U133/><E133/><V40/><F20/><W25/><G25/><T107/><D107/><U28/><E28/><V53/><F60/><N who="3" m="23147" /><G134/><T14/><D14/><U16/><E87/><V36/><REACH who="2" step="1"/><F53/><REACH who="2" ten="154,184,368,284" step="2"/><W56/><G70/><T83/><D55/><U104/><E104/><V33/><F33/><W91/><G108/><N who="0" m="41547" /><D83/><U11/><E11/><V7/><F7/><W29/><G29/><T39/><D49/><U45/><E17/><V77/><F77/><W65/><G51/><T84/><D84/><U43/><E18/><V19/><F19/><W27/><G54/><T71/><D71/><U124/><E16/><V5/><F5/><W57/><G63/><T99/><D99/><RYUUKYOKU ba="3,1" sc="154,15,184,-15,368,15,284,-15" hai0="37,39,41,44,48,126,127" hai2="1,6,10,36,40,46,50,52,94,96,100,101,102" /><INIT seed="4,4,1,2,2,97" ten="169,169,383,269" oya="0" hai0="7,19,102,93,120,1,53,58,20,16,81,48,118" hai1="8,100,5,18,106,9,121,62,21,112,98,108,15" hai2="75,73,116,134,78,13,87,39,41,109,85,49,55" hai3="14,57,26,124,28,10,68,38,130,123,29,91,114"/><T64/><D118/><U24/><E121/><V3/><F109/><W128/><G68/><T65/><D120/><U63/><E108/><V56/><F75/><W88/><G38/><T99/><D81/><U104/><E104/><V17/><F3/><W127/><G57/><T96/><D19/><U11/><E112/><V45/><F134/><W92/><G114/><T66/><D99/><U113/><E113/><V61/><F116/><W69/><G69/><T135/><D135/><U125/><E125/><V129/><F129/><N who="3" m="49771" /><G123/><T94/><D1/><U71/><E71/><V32/><F32/><N who="3" m="20503" /><G29/><T34/><D34/><U27/><E27/><V4/><F4/><N who="3" m="3399" /><G91/><T76/><D7/><U60/><AGARI ba="4,1" hai="5,8,9,11,15,18,21,24,60,62,63,98,100,106" machi="60" ten="30,2000,0" yaku="0,1,52,1" doraHai="97" who="1" fromWho="1" sc="169,-14,169,42,383,-9,269,-9" /><INIT seed="5,0,0,1,2,68" ten="155,211,374,260" oya="1" hai0="31,30,92,3,12,39,123,114,130,49,40,95,96" hai1="35,38,10,115,109,85,72,21,69,78,45,97,106" hai2="56,57,132,134,58,93,19,117,52,79,64,46,8" hai3="62,120,108,104,111,89,70,28,27,4,15,126,0"/><U44/><E21/><V107/><F107/><W103/><G89/><T100/><D3/><U59/><E10/><V71/><F79/><W43/><G15/><T80/><D114/><U36/><E35/><V50/><F117/><W127/><G120/><T99/><D130/><U48/><E85/><V112/><F112/><W124/><G43/><T26/><D123/><U25/><E25/><V66/><F93/><W94/><G94/><T83/><D39/><N who="1" m="14891" /><E78/><V119/><F119/><W54/><G4/><T16/><D40/><N who="1" m="24583" /><E72/><V42/><F71/><W17/><G17/><T23/><D49/><U88/><E88/><V51/><F51/><W61/><G0/><T9/><REACH who="0" step="1"/><D30/><REACH who="0" ten="145,211,374,260" step="2"/><U75/><E115/><V113/><F113/><W128/><G28/><T118/><D118/><U7/><E109/><V13/><F42/><W37/><G111/><T84/><D84/><U105/><E75/><V121/><F121/><W86/><G108/><T65/><D65/><U122/><E122/><V11/><F66/><W102/><G86/><T82/><D82/><U77/><E97/><V76/><F64/><W24/><G37/><T18/><D18/><U22/><E45/><V131/><F46/><W47/><G47/><T135/><D135/><U5/><E5/><V98/><F98/><W60/><G126/><T133/><D133/><U20/><E7/><V6/><F134/><W110/><G127/><T73/><D73/><U91/><E69/><V90/><F132/><W55/><G70/><T67/><D67/><U33/><E77/><V74/><F76/><W32/><G124/><T129/><D129/><RYUUKYOKU ba="0,1" sc="145,30,211,-10,374,-10,260,-10" hai0="9,12,16,23,26,31,80,83,92,95,96,99,100" /><INIT seed="6,1,1,0,1,44" ten="175,201,364,250" oya="2" hai0="106,51,113,9,133,108,14,71,2,85,55,31,23" hai1="129,66,58,26,135,33,50,123,90,29,132,102,43" hai2="111,89,27,61,130,121,80,105,68,16,12,124,25" hai3="87,131,3,118,0,112,6,97,116,20,110,125,35"/><V107/><F121/><W1/><G87/><T60/><D108/><U115/><E102/><V40/><F40/><W46/><G97/><T10/><D106/><U98/><E123/><V5/><F5/><W21/><G46/><T122/><D122/><U28/><E28/><V57/><F68/><W52/><G52/><T38/><D38/><U15/><E115/><V62/><F62/><W37/><G37/><T109/><D109/><U91/><E15/><V11/><F130/><W99/><G99/><T65/><D113/><U59/><E129/><V93/><F80/><W134/><G112/><T81/><D133/><N who="1" m="51275" /><E98/><V119/><F119/><W103/><G103/><T56/><D2/><U47/><E59/><V18/><F111/><W24/><G134/><T104/><D104/><U79/><E79/><V128/><F128/><W48/><G131/><T78/><REACH who="0" step="1"/><D14/><REACH who="0" ten="165,201,364,250" step="2"/><U94/><E94/><V64/><F105/><W36/><G1/><T53/><D53/><N who="1" m="32055" /><E66/><V70/><F107/><W32/><G0/><T120/><D120/><U63/><E63/><V42/><F12/><W127/><G3/><T13/><D13/><U74/><E74/><V4/><F61/><W54/><G110/><T39/><D39/><AGARI ba="1,2" hai="26,29,33,39,43,47,90,91" m="32055,51275" machi="39" ten="30,2000,0" yaku="20,1,52,1" doraHai="44" who="1" fromWho="0" sc="165,-23,201,43,364,0,250,0" /><INIT seed="7,0,0,3,2,14" ten="142,244,364,250" oya="3" hai0="41,8,114,46,84,81,90,129,98,19,118,24,116" hai1="110,112,87,15,54,58,40,115,56,16,128,63,106" hai2="7,12,60,101,117,73,113,61,52,59,72,42,82" hai3="45,51,36,119,127,89,55,13,69,80,71,104,5"/><W132/><G104/><T25/><D129/><U79/><E106/><V92/><F117/><W111/><G119/><T67/><D116/><U135/><E110/><V83/><F73/><W76/><G127/><T48/><D118/><U4/><E4/><V64/><F42/><W65/><G65/><T94/><D114/><N who="1" m="43563" /><E128/><V30/><F30/><W124/><G132/><T120/><D67/><N who="1" m="39399" /><E40/><V38/><F72/><W108/><G36/><T86/><D120/><U68/><E68/><V3/><F3/><W6/><G89/><T43/><D43/><U0/><E0/><V99/><F38/><W93/><G93/><T109/><D109/><U50/><E135/><V26/><F26/><W131/><G124/><T47/><D47/><U31/><E31/><V105/><F105/><W27/><G5/><T96/><D25/><U18/><E15/><V39/><F39/><W9/><G131/><T134/><D134/><U100/><E100/><V10/><F113/><W107/><G107/><T66/><D66/><U78/><E78/><V125/><F125/><W97/><G27/><T122/><D122/><U49/><E49/><V44/><F44/><W37/><G37/><T33/><D33/><U32/><E32/><V85/><F85/><N who="3" m="48263" /><G71/><AGARI ba="0,0" hai="7,10,12,52,59,60,61,64,71,82,83,92,99,101" machi="71" ten="30,2000,0" yaku="7,1,54,1" doraHai="14" who="2" fromWho="3" sc="142,0,244,0,364,20,250,-20" owari="142,-36.0,244,4.0,384,49.0,230,-17.0" /></mjloggm>