<mjloggm ver="2.3"><GO type="97" lobby="0"/><UN n0="%E5%B0%B1%E6%B4%BB%E7%94%9F%40%E5%B7%9D%E6%9D%91%E8%BB%8D%E5%9B%A3" n1="%73%6F%75%72%69%72%65" n2="%E3%82%AF%E3%83%AC%E3%82%A4%E3%82%B8%E3%83%BC%E3%81%AE%E9%8A%83" n3="%E3%82%B7%E3%83%BC%E3%82%B7%E3%83%A3" dan="15,14,13,15" rate="1953.56,1847.10,1907.36,2033.13" sx="M,M,M,M"/><TAIKYOKU oya="0"/><INIT seed="0,0,0,2,2,97" ten="250,250,250,250" oya="0" hai0="124,0,132,88,45,127,102,48,52,27,120,134,4" hai1="126,66,121,68,47,105,2,75,129,24,65,29,111" hai2="115,135,16,78,51,21,9,112,93,106,122,133,103" hai3="101,79,104,6,11,3,82,15,20,17,57,59,109"/><T38/><D120/><U92/><E121/><V58/><F122/><W14/><G109/><T5/><D38/><U31/><E2/><V62/><F106/><W42/><G42/><T35/><D102/><U119/><E75/><V36/><F36/><W84/><REACH who="3" step="1"/><G3/><REACH who="3" ten="250,250,250,240" step="2"/><T83/><D0/><U1/><E111/><V49/><F115/><W25/><G25/><T107/><D107/><U44/><E1/><V53/><F112/><W67/><G67/><T12/><D27/><U118/><E105/><V70/><F70/><W87/><G87/><N who="0" m="50303" /><D35/><U131/><E68/><V80/><F135/><N who="0" m="51754" /><D12/><U76/><E24/><V100/><F133/><W95/><G95/><T91/><D91/><U23/><E92/><V74/><F103/><W96/><AGARI ba="0,1" hai="6,11,14,15,17,20,57,59,79,82,84,96,101,104" machi="96" ten="30,4000,0" yaku="1,1,0,1,52,1,53,0" doraHai="97" doraHaiUra="125" who="3" fromWho="3" sc="250,-20,250,-10,250,-10,240,50" /><INIT seed="1,0,0,3,0,9" ten="230,240,240,290" oya="1" hai0="31,102,70,59,10,67,111,56,135,39,34,26,62" hai1="92,103,120,77,15,118,132,22,71,7,13,29,107" hai2="19,100,30,68,37,0,128,5,58,124,130,117,94" hai3="57,84,60,44,35,114,24,54,76,43,61,101,104"/><U131/><E120/><V40/><F117/><W48/><G114/><T46/><D111/><U11/><E118/><V85/><F68/><W90/><G76/><T63/><D135/><U27/><E132/><V80/><F124/><W127/><G127/><T45/><D39/><U49/><E71/><V2/><F30/><W47/><G104/><T129/><D129/><N who="2" m="49770" /><F37/><W14/><G101/><T50/><D102/><U28/><E131/><V25/><F40/><W112/><G112/><T83/><D83/><U79/><E107/><V109/><F109/><W75/><G75/><T55/><REACH who="0" step="1"/><D10/><REACH who="0" ten="220,240,240,290" step="2"/><U18/><E103/><V119/><F100/><W99/><G99/><T20/><D20/><U81/><E92/><V134/><F119/><W96/><G96/><T64/><AGARI ba="0,1" hai="26,31,34,45,46,50,55,56,59,62,63,64,67,70" machi="64" ten="20,2700,0" yaku="1,1,0,1,7,1,53,0" doraHai="9" doraHaiUra="122" who="0" fromWho="0" sc="220,37,240,-13,240,-7,290,-7" /><INIT seed="2,0,0,0,1,128" ten="257,227,233,283" oya="2" hai0="100,111,99,24,22,130,120,21,87,91,2,6,7" hai1="60,32,97,76,44,23,16,114,59,103,46,70,18" hai2="31,9,86,1,84,10,77,28,47,35,61,37,39" hai3="5,89,101,69,66,83,119,118,104,68,115,125,129"/><V93/><F35/><W131/><G5/><T96/><D130/><N who="3" m="49673" /><G66/><T40/><D120/><U3/><E3/><V11/><F1/><W19/><G19/><T25/><D111/><U132/><E70/><V38/><F61/><W134/><G68/><T49/><D2/><U54/><E114/><V105/><F47/><W45/><G69/><T41/><D49/><U107/><E32/><V67/><F93/><W62/><G62/><T81/><D100/><U42/><E76/><V90/><F67/><W98/><G45/><T48/><D48/><U72/><E72/><V65/><F65/><W123/><G123/><T94/><D94/><U15/><E132/><V92/><REACH who="2" step="1"/><F105/><REACH who="2" ten="257,227,223,283" step="2"/><W33/><G33/><T12/><D81/><AGARI ba="0,1" hai="9,10,11,28,31,37,38,39,77,81,84,86,90,92" machi="81" ten="50,4800,0" yaku="1,1,2,1,53,0" doraHai="128" doraHaiUra="43" who="2" fromWho="0" sc="257,-48,227,0,223,58,283,0" /><INIT seed="2,1,0,0,1,14" ten="209,227,281,283" oya="2" hai0="49,131,55,8,95,113,11,70,114,32,7,53,67" hai1="16,122,126,85,44,52,132,50,101,40,39,10,111" hai2="129,3,76,71,25,56,28,12,22,106,1,125,72" hai3="119,96,13,66,46,65,81,58,68,112,124,36,33"/><V69/><F129/><W9/><G119/><T37/><D32/><U102/><E85/><V29/><F125/><W6/><G33/><T90/><D131/><U20/><E126/><V75/><F106/><W77/><G124/><T18/><D37/><U47/><E122/><V45/><F76/><W120/><G68/><T63/><D53/><U128/><E128/><V27/><F45/><W93/><G120/><T21/><D113/><U121/><E121/><V30/><F12/><W80/><G58/><T4/><D114/><U94/><E94/><V88/><F56/><W110/><G81/><T41/><D41/><U91/><E91/><V38/><F38/><W0/><G13/><T17/><D8/><U105/><E10/><V34/><F30/><W116/><G116/><T60/><D21/><U61/><E105/><V100/><F22/><W42/><G110/><T134/><D134/><U62/><E111/><V104/><F34/><W130/><G112/><T133/><D133/><U86/><E132/><V82/><F104/><W35/><G35/><T108/><D108/><U117/><E86/><V78/><F100/><W118/><G118/><T103/><D103/><U83/><E83/><V24/><F82/><W43/><G43/><T87/><D63/><N who="1" m="24075" /><E117/><V92/><F78/><W26/><G130/><T107/><D107/><U48/><E39/><V19/><F25/><AGARI ba="1,0" hai="16,20,25,40,44,47,48,50,52,101,102" m="24075" machi="25" ten="30,7700,0" yaku="8,1,52,1,54,2" doraHai="14" who="1" fromWho="2" sc="209,0,227,80,281,-80,283,0" /><INIT seed="3,0,0,0,1,87" ten="209,307,201,283" oya="3" hai0="35,105,9,13,37,57,56,40,41,84,5,69,65" hai1="16,128,67,95,81,120,112,99,109,53,15,132,121" hai2="73,98,123,39,94,51,30,58,2,18,28,23,62" hai3="36,59,97,74,8,45,61,76,92,55,12,32,26"/><W100/><G74/><T6/><D105/><U43/><E112/><V115/><F73/><W25/><G76/><T126/><D35/><U47/><E109/><V89/><F115/><W63/><G32/><T50/><D69/><U122/><E132/><V108/><F123/><W96/><G63/><N who="0" m="38119" /><D37/><U127/><E67/><V14/><F108/><W52/><G97/><T88/><D6/><U24/><E24/><V48/><F39/><W64/><G64/><T117/><D126/><U135/><E127/><V44/><F2/><W10/><G10/><T113/><D113/><U70/><E135/><V27/><F14/><W1/><G1/><T79/><D79/><U22/><E70/><V21/><F21/><W68/><G68/><T91/><D84/><U93/><E53/><N who="2" m="34127" /><F51/><N who="3" m="28783" /><G36/><T111/><D111/><U7/><E128/><V42/><AGARI ba="0,0" hai="18,23,27,28,30,42,44,48,89,94,98" m="34127" machi="42" ten="30,4000,0" yaku="25,1,8,1,52,1" doraHai="87" who="2" fromWho="2" sc="209,-10,307,-10,201,40,283,-20" /><INIT seed="4,0,0,1,1,44" ten="199,297,241,263" oya="0" hai0="13,14,55,125,49,92,119,63,85,112,114,37,12" hai1="71,83,32,8,48,129,87,70,52,33,97,15,62" hai2="67,124,4,28,47,41,96,103,25,109,118,128,91" hai3="82,115,3,57,51,130,39,30,34,102,68,127,65"/><T84/><D37/><U100/><E129/><V132/><F109/><W17/><G39/><T54/><D119/><U106/><E33/><V0/><F118/><W69/><G3/><T64/><D125/><U78/><E32/><V88/><F132/><W10/><G102/><T89/><D84/><U113/><E113/><V36/><F128/><W56/><G30/><T93/><D93/><U95/><E106/><V9/><F124/><W101/><G34/><T110/><D110/><U121/><E121/><V7/><F67/><W50/><G101/><T46/><REACH who="0" step="1"/><D55/><REACH who="0" ten="189,297,241,263" step="2"/><U66/><E66/><V133/><F133/><W86/><G127/><T131/><D131/><U45/><E62/><V126/><F126/><W27/><G130/><T111/><D111/><U74/><E74/><V76/><F76/><W99/><G65/><T43/><D43/><U24/><E24/><V108/><F108/><W81/><G27/><T18/><D18/><AGARI ba="0,1" hai="8,15,18,45,48,52,70,71,78,83,87,95,97,100" machi="18" ten="30,3900,0" yaku="7,1,52,1,54,1" doraHai="44" who="1" fromWho="0" sc="189,-39,297,49,241,0,263,0" owari="150,-35.0,346,45.0,241,-16.0,263,6.0" /></mjloggm>