<mjloggm ver="2.3"><GO type="225" lobby="0"/><UN n0="%E5%A4%A9%E7%A9%BA%73%61%79%61" n1="%73%65%6E%75%72%6C" n2="%E3%82%81%E3%81%8C%EF%BC%93" n3="%E5%B0%B1%E6%B4%BB%E7%94%9F%40%E5%B7%9D%E6%9D%91%E8%BB%8D%E5%9B%A3" dan="16,17,16,17" rate="2151.60,2179.45,2147.84,2086.03" sx="M,F,M,M"/><TAIKYOKU oya="0"/><INIT seed="0,0,0,5,2,50" ten="250,250,250,250" oya="0" hai0="56,135,70,36,21,100,63,6,1,105,71,101,64" hai1="26,68,65,60,3,80,96,18,84,52,69,7,32" hai2="119,15,61,62,133,14,118,123,42,66,117,48,54" hai3="104,33,0,38,46,92,75,98,29,103,94,106,102"/><T40/><D135/><U25/><E69/><V2/><F2/><W125/><G75/><T91/><D6/><U93/><E32/><V83/><F133/><W35/><G0/><T9/><D9/><U127/><E127/><V124/><F124/><W79/><G125/><T113/><D1/><U76/><E18/><V34/><F34/><W82/><G38/><T19/><D113/><U109/><E109/><V22/><F123/><W28/><G46/><T44/><D91/><U132/><E132/><V126/><F126/><W115/><G115/><T27/><REACH who="0" step="1"/><D105/><REACH who="0" ten="240,250,250,250" step="2"/><U59/><E7/><V8/><F8/><W77/><G98/><T131/><D131/><U31/><E3/><V53/><F117/><W30/><G30/><T107/><D107/><U23/><E26/><V78/><F119/><W111/><G82/><T86/><D86/><U72/><E72/><V4/><F118/><W39/><G39/><T5/><D5/><U128/><E128/><V24/><F4/><W17/><G17/><T87/><D87/><U37/><E37/><V121/><F121/><W58/><G111/><T74/><D74/><U90/><REACH who="1" step="1"/><E68/><AGARI ba="0,1" hai="19,21,27,36,40,44,56,63,64,68,70,71,100,101" machi="68" ten="40,3900,0" yaku="1,1,53,1" doraHai="50" doraHaiUra="20" who="0" fromWho="1" sc="240,49,250,-39,250,0,250,0" /><INIT seed="0,1,0,2,5,117" ten="289,211,250,250" oya="0" hai0="62,64,132,89,115,93,28,48,30,116,56,10,9" hai1="100,51,27,37,21,39,63,111,18,65,35,44,76" hai2="87,81,127,120,131,71,92,119,78,114,60,7,31" hai3="55,101,75,58,59,72,68,109,70,74,126,1,29"/><T95/><D116/><U83/><E111/><V50/><F119/><W73/><G1/><T105/><D105/><U12/><E100/><V23/><F114/><W98/><G126/><T94/><D115/><U88/><E35/><V103/><F127/><W36/><G109/><T129/><D129/><U26/><E39/><V22/><F131/><W49/><G36/><T133/><D89/><U38/><E37/><V33/><F7/><W118/><G118/><T77/><D77/><U3/><E3/><V14/><F33/><W82/><G29/><T104/><D104/><U121/><E38/><V24/><F50/><W16/><N who="3" m="18944" /><DORA hai="0" /><W134/><G134/><N who="0" m="51819" /><D48/><U17/><E121/><V5/><F71/><W47/><G82/><T8/><AGARI ba="1,0" hai="8,9,10,28,30,56,62,64,93,94,95" m="51819" machi="8" ten="40,2100,0" yaku="20,1" doraHai="117,0" who="0" fromWho="0" sc="289,24,211,-8,250,-8,250,-8" /><INIT seed="0,2,0,3,4,26" ten="313,203,242,242" oya="0" hai0="127,47,49,135,25,41,69,122,51,104,117,94,64" hai1="31,89,11,91,38,5,27,124,42,17,76,96,24" hai2="86,20,119,108,99,71,60,126,23,116,68,70,74" hai3="132,125,43,131,84,114,80,28,21,123,0,115,111"/><T34/><D122/><U110/><E110/><V30/><F108/><W15/><G0/><T87/><D117/><N who="2" m="45130" /><F126/><W7/><G111/><T44/><D104/><U103/><E124/><V63/><F74/><W14/><G123/><T88/><D127/><U59/><E76/><V1/><F1/><W77/><G125/><T97/><D135/><U72/><E72/><V4/><F4/><W19/><G132/><T56/><D69/><N who="2" m="26730" /><F99/><W37/><G131/><T12/><D12/><U82/><E59/><V109/><F109/><W53/><G53/><N who="0" m="29887" /><D34/><U134/><E134/><V130/><F130/><W52/><G52/><N who="0" m="29799" /><D25/><U32/><E27/><N who="2" m="16743" /><F71/><W101/><G7/><T6/><D6/><U79/><E5/><V90/><F23/><W100/><G114/><T98/><D41/><U105/><E42/><V2/><F2/><W39/><G115/><T10/><D10/><U16/><E38/><V50/><F50/><W113/><G113/><T75/><D75/><U106/><E11/><V95/><AGARI ba="2,0" hai="60,63,86,90,95" m="16743,26730,45130" machi="95" ten="30,2000,0" yaku="12,1,52,1" doraHai="26" who="2" fromWho="2" sc="313,-12,203,-7,242,26,242,-7" /><INIT seed="1,0,0,2,5,93" ten="301,196,268,235" oya="1" hai0="46,105,62,74,72,43,55,94,70,50,76,128,98" hai1="27,88,6,29,57,69,0,83,117,125,31,2,78" hai2="49,79,109,95,44,8,14,59,91,22,90,96,65" hai3="116,7,131,4,133,30,121,99,126,53,81,112,119"/><U86/><E117/><N who="3" m="45130" /><G121/><T32/><D105/><U36/><E69/><V113/><F109/><W71/><G71/><T73/><D32/><U15/><E36/><V122/><F122/><W60/><G126/><T3/><D3/><U132/><E125/><V9/><F113/><W58/><G112/><T68/><D128/><U85/><E132/><V26/><F79/><W25/><G131/><T63/><D76/><U39/><E39/><V23/><F90/><W28/><G133/><T66/><D70/><U67/><E2/><V114/><F114/><W134/><G134/><T101/><REACH who="0" step="1"/><D62/><REACH who="0" ten="291,196,268,235" step="2"/><N who="1" m="38351" /><E0/><V40/><F65/><W41/><G41/><AGARI ba="0,1" hai="41,43,46,50,55,63,66,68,72,73,74,94,98,101" machi="41" ten="40,8000,1" yaku="1,1,52,1,53,3" doraHai="93" doraHaiUra="104" who="0" fromWho="3" sc="291,90,196,0,268,0,235,-80" /><INIT seed="2,0,0,3,0,109" ten="381,196,268,155" oya="2" hai0="87,56,21,126,16,26,128,111,101,106,12,69,70" hai1="19,103,44,132,13,49,63,105,125,123,0,54,82" hai2="39,57,41,32,15,2,93,67,86,98,97,62,66" hai3="11,80,133,130,35,95,47,51,34,7,99,5,14"/><V64/><F32/><W33/><G130/><T85/><D111/><U37/><E0/><V131/><F131/><W24/><G133/><T50/><D70/><U119/><E119/><V78/><F2/><W115/><G115/><T76/><D69/><U68/><E132/><V94/><F41/><W40/><G7/><T107/><D107/><U4/><E125/><V28/><F39/><W55/><G80/><T1/><D1/><U53/><E123/><V90/><F28/><W52/><REACH who="3" step="1"/><G24/><REACH who="3" ten="381,196,268,145" step="2"/><T29/><D26/><U58/><E4/><V113/><F113/><W42/><G42/><T89/><D128/><U102/><E37/><V27/><F27/><W88/><AGARI ba="0,1" hai="5,11,14,33,34,35,40,47,51,52,55,88,95,99" machi="88" ten="30,8000,1" yaku="1,1,0,1,54,2,53,1" doraHai="109" doraHaiUra="84" who="3" fromWho="3" sc="381,-20,196,-20,268,-40,145,90" /><INIT seed="3,0,0,4,4,6" ten="361,176,228,235" oya="3" hai0="41,5,116,134,17,72,110,52,99,121,69,92,50" hai1="57,94,31,88,7,4,120,3,27,19,2,33,34" hai2="114,51,65,39,32,38,44,105,133,89,95,76,30" hai3="60,54,86,100,77,73,21,81,70,125,96,83,101"/><W42/><G125/><T11/><D110/><U8/><E120/><V20/><F105/><W80/><G42/><T127/><D72/><U123/><E123/><V102/><F114/><W87/><G21/><T18/><D121/><U59/><E34/><V24/><F133/><W10/><G70/><T13/><D69/><U68/><E68/><V36/><F65/><W23/><G23/><T71/><D71/><U119/><E119/><V49/><F76/><N who="3" m="44047" /><G60/><T46/><D116/><U113/><E113/><V126/><F126/><W28/><G10/><T78/><D78/><U43/><E43/><V67/><F67/><W111/><G54/><T103/><D134/><U130/><E130/><V62/><F62/><W14/><G14/><T79/><D79/><U115/><E115/><V16/><F102/><N who="3" m="39531" /><G28/><T12/><D127/><U47/><E47/><V93/><F44/><W112/><G112/><T98/><D5/><U58/><E19/><V0/><F0/><W117/><G117/><T135/><D135/><U128/><E128/><V63/><F63/><W85/><G111/><T107/><D41/><U48/><E7/><V132/><F132/><W15/><G15/><N who="0" m="5707" /><D11/><U35/><E3/><V45/><F45/><W75/><G96/><T108/><D108/><U56/><E35/><V66/><F66/><W22/><G22/><T118/><D118/><U84/><REACH who="1" step="1"/><E58/><REACH who="1" ten="361,166,228,235" step="2"/><V124/><F32/><W109/><G109/><T129/><D129/><U29/><E29/><V25/><F124/><W9/><G75/><T40/><D40/><U122/><E122/><V97/><F30/><W91/><G77/><RYUUKYOKU ba="0,1" sc="361,15,166,15,228,-15,235,-15" hai0="17,18,46,50,52,92,98,99,103,107" hai1="2,4,8,27,31,33,48,56,57,59,84,88,94" owari="386,49.0,181,-32.0,213,-19.0,220,2.0" /></mjloggm>