<mjloggm ver="2.3"><GO type="41" lobby="0"/><UN n0="%E5%B0%B1%E6%B4%BB%E7%94%9F%40%E5%B7%9D%E6%9D%91%E8%BB%8D%E5%9B%A3" n1="%70%69%6E%6F%6B%69%6E%6F" n2="%79%61%73%65%61%6B%61%73" n3="%E5%A4%A9%E6%B0%97%E8%AA%AD%E3%81%BF" dan="14,13,14,15" rate="1949.16,1937.81,2061.99,1957.55" sx="M,M,M,F"/><TAIKYOKU oya="0"/><INIT seed="0,0,0,2,1,122" ten="250,250,250,250" oya="0" hai0="126,57,41,43,92,116,34,111,127,67,28,135,55" hai1="14,100,38,124,40,27,101,123,59,47,134,104,99" hai2="17,18,15,132,19,88,114,115,23,36,58,33,89" hai3="121,106,56,60,95,70,90,74,85,21,81,82,118"/><T11/><D116/><U46/><E123/><V52/><F36/><W130/><G121/><T42/><D135/><U133/><E100/><V62/><F132/><W77/><G130/><T51/><D67/><U96/><E96/><V6/><F33/><W110/><G118/><T5/><D92/><U120/><E120/><V39/><F39/><W32/><G32/><T66/><D66/><U8/><E47/><V109/><F109/><W98/><G70/><T37/><D37/><U119/><E119/><V13/><F115/><W30/><G110/><T79/><D79/><U61/><E124/><N who="0" m="47657" /><D111/><U107/><E27/><N who="2" m="14831" /><F114/><W129/><G129/><T31/><D34/><U80/><E80/><V93/><F89/><W24/><G106/><T10/><D10/><U16/><REACH who="1" step="1"/><E107/><REACH who="1" ten="250,240,250,250" step="2"/><V35/><F35/><W91/><G56/><T44/><D44/><U1/><E1/><AGARI ba="0,1" hai="1,5,11,28,31,41,42,43,51,55,57" m="47657" machi="1" ten="30,1500,0" yaku="18,1" doraHai="122" who="0" fromWho="1" sc="250,25,240,-15,250,0,250,0" /><INIT seed="0,1,0,3,5,1" ten="275,225,250,250" oya="0" hai0="68,12,127,44,38,73,135,47,13,33,62,10,88" hai1="16,124,57,4,86,76,69,118,112,27,48,103,37" hai2="66,78,3,31,121,0,29,43,75,102,46,104,71" hai3="42,122,40,132,6,100,108,59,92,106,2,99,26"/><T5/><D73/><U105/><E118/><V74/><F121/><W7/><G108/><T9/><D33/><U11/><E69/><V22/><F31/><W82/><G132/><T111/><D135/><U91/><E37/><N who="2" m="21871" /><F22/><W41/><G122/><T18/><D127/><U87/><E124/><V52/><F52/><W134/><G2/><T98/><D111/><U96/><E112/><V83/><F74/><W72/><G134/><T101/><D38/><U90/><E76/><V45/><F45/><W56/><G106/><T32/><D32/><U50/><E57/><V130/><F29/><W51/><G26/><T53/><D68/><U119/><E119/><V60/><F130/><W110/><G110/><T14/><D14/><U65/><E65/><V107/><F102/><W25/><G25/><T94/><D101/><U64/><E64/><V30/><F30/><W17/><G17/><T35/><D35/><U81/><E27/><V70/><F71/><W20/><G20/><T120/><D120/><U8/><E16/><V116/><F116/><W80/><G59/><AGARI ba="1,0" hai="5,9,10,12,13,18,44,47,53,59,62,88,94,98" machi="59" ten="40,7700,0" yaku="8,1,52,1,54,1" doraHai="1" who="0" fromWho="3" sc="275,80,225,0,250,0,250,-80" /><INIT seed="0,2,0,5,3,15" ten="355,225,250,170" oya="0" hai0="93,30,66,125,124,100,77,54,17,9,19,3,128" hai1="35,11,130,45,32,16,81,14,37,119,79,108,47" hai2="89,74,2,40,97,0,27,26,133,88,8,110,7" hai3="22,120,116,106,123,61,6,94,31,67,41,80,64"/><T62/><D128/><U5/><E119/><V92/><F110/><W98/><G106/><T134/><D134/><U121/><E121/><V113/><F133/><W104/><G104/><T99/><D77/><U24/><E130/><V57/><F113/><W60/><G116/><T122/><D122/><U87/><E108/><V46/><F74/><W101/><G123/><T49/><D30/><U114/><E114/><V127/><F127/><N who="0" m="48714" /><D9/><U102/><E102/><V4/><F57/><W29/><G120/><T68/><D3/><U48/><E37/><V70/><F70/><W63/><G6/><T83/><D83/><U21/><E47/><AGARI ba="2,0" hai="17,19,47,49,54,62,66,68,93,99,100" m="48714" machi="47" ten="30,5800,0" yaku="18,1,52,2" doraHai="15" who="0" fromWho="1" sc="355,64,225,-64,250,0,170,0" /><INIT seed="0,3,0,3,2,39" ten="419,161,250,170" oya="0" hai0="93,25,95,117,105,55,132,42,134,34,90,118,31" hai1="107,69,86,121,87,57,38,78,13,9,4,94,21" hai2="135,63,24,97,84,22,14,51,7,56,54,71,8" hai3="81,103,80,15,6,66,130,115,116,33,119,113,83"/><T29/><D105/><U114/><E69/><V110/><F110/><W44/><G33/><T131/><D131/><U73/><E121/><V26/><F135/><W52/><G66/><T120/><D120/><U124/><E38/><V79/><F97/><W91/><G130/><T49/><D31/><U85/><E124/><V123/><F123/><W16/><G6/><T112/><D112/><U64/><E114/><V62/><F71/><W99/><G91/><T109/><D109/><U104/><E104/><V72/><F72/><W128/><G128/><T82/><D82/><U65/><E107/><V41/><F26/><W20/><G115/><T122/><D122/><U5/><E73/><V3/><F3/><W106/><REACH who="3" step="1"/><G113/><REACH who="3" ten="419,161,250,160" step="2"/><T36/><D90/><U0/><E78/><V89/><F79/><W35/><G35/><T45/><D117/><U127/><E4/><V58/><F7/><W77/><G77/><T37/><D118/><U98/><E127/><V108/><F108/><W46/><G46/><T102/><D102/><U53/><E0/><V61/><F89/><W43/><G43/><T96/><D42/><U10/><E65/><V50/><F41/><W60/><G60/><T88/><D132/><U19/><E64/><N who="2" m="38951" /><F62/><W68/><G68/><T101/><D134/><U133/><E5/><N who="2" m="3343" /><F84/><AGARI ba="3,1" hai="25,29,34,36,37,45,49,55,84,88,93,95,96,101" machi="84" ten="30,2900,0" yaku="7,1,54,1" doraHai="39" who="0" fromWho="2" sc="419,48,161,0,250,-38,160,0" /><INIT seed="0,4,0,1,2,97" ten="467,161,212,160" oya="0" hai0="48,57,81,101,6,35,133,85,94,61,64,84,132" hai1="75,89,91,70,28,62,25,40,29,120,107,37,115" hai2="82,24,112,42,74,80,78,123,17,45,83,8,22" hai3="5,47,71,7,106,9,10,65,88,118,58,69,13"/><T98/><D35/><U4/><E120/><V113/><F123/><W36/><G118/><T130/><D130/><U63/><E75/><V52/><F113/><W67/><G106/><T68/><D6/><U126/><E107/><V104/><F112/><W79/><G79/><T39/><D39/><U51/><E115/><V114/><F114/><W0/><G67/><T86/><D68/><U66/><E37/><V27/><F104/><W44/><G44/><T100/><D48/><U18/><E4/><V21/><F8/><W38/><G38/><T43/><D43/><U111/><E111/><V53/><F42/><W20/><G20/><T122/><D122/><U32/><E29/><V55/><REACH who="2" step="1"/><F45/><REACH who="2" ten="467,161,202,160" step="2"/><W54/><G47/><T31/><D132/><U102/><E40/><V119/><F119/><W30/><G9/><T87/><D133/><U135/><E135/><V96/><F96/><W59/><G10/><T105/><D105/><U1/><E1/><V46/><F46/><W49/><G36/><T129/><D129/><U124/><E124/><V33/><F33/><W3/><G3/><T134/><D134/><U95/><E126/><V26/><F26/><W77/><G0/><T125/><D125/><U41/><E32/><V109/><F109/><W116/><G116/><T60/><D81/><U99/><E25/><V110/><F110/><W11/><G5/><T19/><D98/><U117/><E117/><V90/><F90/><W16/><G88/><T15/><D15/><U93/><E89/><V2/><F2/><W131/><G131/><T92/><N who="0" m="22016" /><DORA hai="56" /><T14/><D14/><RYUUKYOKU ba="4,1" sc="467,-10,161,-10,202,30,160,-10" hai2="17,21,22,24,27,52,53,55,74,78,80,82,83" /><INIT seed="1,5,1,1,3,31" ten="457,151,232,150" oya="1" hai0="129,91,22,1,72,101,114,132,40,134,6,54,61" hai1="7,97,95,121,125,11,30,9,83,21,43,102,85" hai2="77,93,36,45,16,57,76,18,25,128,69,28,135" hai3="74,53,81,89,68,96,26,117,65,35,32,99,8"/><U82/><E121/><V120/><F69/><W86/><G117/><T75/><D114/><U50/><E125/><V80/><F120/><W112/><G112/><T33/><D33/><U29/><E21/><V0/><F0/><W70/><G74/><T38/><D129/><U44/><E83/><V52/><F128/><W127/><G127/><T133/><D101/><U130/><E130/><V111/><F111/><W10/><G26/><T46/><D1/><U78/><E11/><V104/><F104/><W20/><G20/><T63/><D6/><U124/><E124/><V115/><F135/><W66/><G81/><T105/><D105/><U3/><REACH who="1" step="1"/><E3/><REACH who="1" ten="457,141,232,150" step="2"/><V14/><F80/><W27/><G8/><T100/><D22/><U2/><AGARI ba="5,2" hai="2,7,9,29,30,43,44,50,78,82,85,95,97,102" machi="2" ten="20,7800,0" yaku="1,1,2,1,0,1,7,1,53,0" doraHai="31" doraHaiUra="122" who="1" fromWho="1" sc="457,-31,141,113,232,-31,150,-31" /><INIT seed="1,6,0,5,1,130" ten="426,254,201,119" oya="1" hai0="3,36,106,92,20,2,91,69,21,85,54,28,131" hai1="23,0,117,30,119,76,57,78,108,124,7,33,4" hai2="29,125,113,107,82,79,14,34,6,44,70,114,42" hai3="18,129,89,73,109,19,121,56,22,67,72,111,59"/><U9/><E108/><N who="3" m="41546" /><G121/><T16/><D106/><U122/><E57/><N who="3" m="22090" /><G129/><T25/><D69/><U11/><E76/><V58/><F70/><W24/><G89/><T41/><D131/><U17/><E78/><V118/><F125/><W115/><G115/><T105/><D105/><U50/><E50/><V8/><F118/><W38/><G38/><T32/><D32/><U35/><E124/><V93/><F93/><W46/><G46/><T12/><D36/><U48/><E48/><V81/><F107/><W116/><G116/><N who="1" m="44618" /><E30/><V39/><F81/><W104/><G104/><T101/><D41/><U87/><E87/><V135/><F29/><W80/><G67/><T65/><D65/><U83/><E83/><V27/><F34/><W1/><G1/><T74/><D74/><N who="3" m="28777" /><G80/><T128/><D128/><U71/><E71/><V61/><F113/><W52/><G52/><T37/><D37/><U63/><E122/><V55/><F114/><W62/><G19/><T134/><D101/><U51/><E51/><V98/><F79/><W102/><G102/><T40/><D40/><U123/><E123/><V31/><F82/><W26/><G26/><T95/><D54/><U110/><E110/><V64/><F55/><W86/><G86/><T103/><D3/><N who="1" m="159" /><E63/><AGARI ba="6,0" hai="18,22,24,62,63" m="28777,22090,41546" machi="63" ten="40,1300,0" yaku="14,1" doraHai="130" who="3" fromWho="1" sc="426,0,254,-31,201,0,119,31" /><INIT seed="2,0,0,2,4,57" ten="426,223,201,150" oya="2" hai0="127,118,4,63,124,66,11,88,89,73,48,116,111" hai1="13,60,77,59,99,90,8,33,122,49,62,87,6" hai2="128,94,98,105,42,81,107,15,113,92,106,109,22" hai3="5,110,28,44,27,3,40,69,21,29,65,121,1"/><V64/><F113/><W103/><G121/><T108/><D73/><U41/><E33/><V10/><F128/><W100/><G110/><N who="0" m="42027" /><D48/><U18/><E122/><V126/><F126/><N who="0" m="48170" /><D11/><U20/><E77/><V25/><F109/><W119/><G119/><N who="0" m="45611" /><D4/><U52/><E99/><V75/><F42/><W125/><G125/><T30/><D30/><U132/><E41/><V131/><F131/><W35/><G28/><T67/><D67/><U39/><E39/><V78/><F98/><W72/><G72/><T123/><D123/><U50/><E50/><V74/><F74/><W14/><G5/><T12/><D12/><N who="1" m="5143" /><E132/><V120/><F120/><W117/><G117/><T135/><D135/><U114/><E114/><V17/><REACH who="2" step="1"/><F64/><REACH who="2" ten="426,223,191,150" step="2"/><W85/><G65/><T79/><D79/><U45/><E45/><V32/><F32/><W31/><G35/><T0/><D0/><U115/><E115/><V2/><F2/><W68/><G1/><T9/><D9/><U97/><E97/><V96/><F96/><W7/><G3/><T54/><D54/><U76/><E76/><V34/><F34/><W53/><G53/><T104/><D104/><U71/><E71/><AGARI ba="0,1" hai="63,66,71,88,89" m="45611,48170,42027" machi="71" ten="40,8000,1" yaku="14,1,18,1,12,1,52,1,54,1" doraHai="57" who="0" fromWho="1" sc="426,90,223,-80,191,0,150,0" /><INIT seed="3,0,0,4,2,133" ten="516,143,191,150" oya="3" hai0="79,113,26,19,125,20,88,123,71,46,60,65,12" hai1="51,18,120,89,56,21,25,115,104,40,31,63,97" hai2="54,109,48,24,81,128,67,49,82,38,13,84,10" hai3="42,112,92,5,22,108,4,107,44,69,96,83,23"/><W2/><G112/><T87/><D123/><U86/><E115/><V132/><F109/><W34/><G34/><T58/><D113/><U11/><E120/><V127/><F132/><W114/><G114/><T135/><D135/><U76/><E76/><V55/><F38/><W27/><G107/><T99/><D79/><U14/><E104/><V103/><F128/><W85/><G69/><T131/><D131/><U98/><E51/><V124/><F67/><W6/><G108/><T118/><D118/><U68/><E68/><V43/><F24/><W102/><G2/><T110/><D110/><U61/><E61/><V39/><F103/><W15/><G15/><T52/><D99/><U74/><E74/><V126/><F39/><W130/><G27/><T77/><D77/><U105/><E105/><V8/><F43/><W62/><G62/><T95/><D125/><U32/><E40/><V28/><F28/><W16/><G130/><T134/><D134/><U78/><E78/><N who="2" m="46135" /><F82/><W93/><G16/><T94/><D94/><U50/><E50/><N who="2" m="19563" /><F8/><W73/><G93/><T116/><D116/><U66/><E32/><V29/><F29/><W111/><G73/><T59/><D46/><U33/><E33/><V7/><AGARI ba="0,0" hai="7,10,13,54,55,124,126,127" m="19563,46135" machi="7" ten="40,8000,1" yaku="18,1,52,3" doraHai="133" who="2" fromWho="2" sc="516,-20,143,-20,191,80,150,-40" /><INIT seed="4,0,0,0,2,126" ten="496,123,271,110" oya="0" hai0="35,107,80,72,122,1,13,130,19,120,75,91,94" hai1="71,57,115,79,104,124,118,49,8,70,15,38,55" hai2="103,117,119,77,42,106,37,5,69,98,28,85,59" hai3="128,64,65,81,73,33,43,125,7,11,127,3,25"/><T62/><D35/><U53/><E124/><N who="3" m="47690" /><G43/><T109/><D1/><U2/><E2/><V87/><F69/><W24/><G24/><T10/><D107/><U51/><E118/><N who="2" m="45067" /><F77/><N who="3" m="44207" /><G128/><T66/><D130/><U99/><E79/><V129/><F129/><W97/><G97/><T60/><D60/><U16/><E115/><V9/><F28/><AGARI ba="0,0" hai="3,7,11,25,28,33,64,65" m="44207,47690" machi="28" ten="30,1000,0" yaku="18,1" doraHai="126" who="3" fromWho="2" sc="496,0,123,0,271,-10,110,10" /><INIT seed="5,0,0,2,5,8" ten="496,123,261,120" oya="1" hai0="15,0,131,5,129,26,21,102,85,90,37,23,87" hai1="82,113,134,101,118,34,17,9,123,33,89,49,43" hai2="45,78,104,73,7,64,50,51,99,35,95,124,91" hai3="42,83,130,61,92,1,122,106,109,70,105,25,68"/><U62/><E123/><V38/><F124/><W119/><G92/><T29/><D37/><U39/><E118/><V100/><F35/><W13/><G13/><T59/><D102/><U36/><E134/><V111/><F111/><W77/><G25/><T128/><D0/><U80/><E113/><V4/><F38/><W114/><G42/><T55/><D90/><U117/><E117/><V81/><F64/><W133/><G109/><T16/><D5/><U27/><E101/><V11/><F45/><W75/><G114/><T86/><D86/><U121/><E121/><V112/><F7/><W41/><G41/><T58/><D58/><U10/><E62/><AGARI ba="0,0" hai="15,16,21,23,26,29,55,59,62,85,87,128,129,131" machi="62" ten="40,5200,0" yaku="19,1,52,1,54,1" doraHai="8" who="0" fromWho="1" sc="496,52,123,-52,261,0,120,0" /><INIT seed="6,0,0,5,2,112" ten="548,71,261,120" oya="2" hai0="133,43,24,30,96,101,13,69,68,85,134,100,45" hai1="129,28,116,33,81,2,123,104,117,10,122,5,94" hai2="55,107,16,83,49,44,111,12,110,63,91,90,84" hai3="75,86,11,97,9,46,88,76,61,51,56,74,47"/><V128/><F128/><W105/><G76/><T66/><D13/><U57/><E129/><V1/><F1/><W80/><G75/><T87/><D87/><U60/><E104/><V115/><F115/><W73/><G73/><T32/><D85/><U29/><E94/><V132/><F132/><N who="0" m="50794" /><D66/><N who="1" m="39183" /><E81/><V8/><F107/><W114/><G74/><T3/><D3/><U70/><E70/><N who="0" m="27241" /><D96/><U37/><E37/><AGARI ba="0,0" hai="24,30,32,37,43,45,100,101" m="27241,50794" machi="37" ten="30,1000,0" yaku="20,1" doraHai="112" who="0" fromWho="1" sc="548,10,71,-10,261,0,120,0" /><INIT seed="7,0,0,3,1,26" ten="558,61,261,120" oya="3" hai0="88,41,39,89,72,87,6,75,31,53,84,105,94" hai1="71,73,128,108,119,13,60,5,40,62,124,45,96" hai2="25,36,100,59,79,54,90,123,43,2,81,133,50" hai3="65,107,33,1,131,63,112,97,91,27,21,0,114"/><W68/><G131/><T102/><D6/><U29/><E73/><V86/><F2/><W20/><G20/><T132/><D132/><U38/><E128/><V116/><F116/><W24/><G24/><T95/><D31/><U44/><E119/><V16/><F133/><W61/><G61/><T22/><D22/><U8/><E108/><V77/><F100/><W99/><G99/><N who="0" m="61663" /><D53/><U129/><E129/><V57/><F123/><W11/><G11/><T93/><D41/><U34/><E71/><V98/><F36/><W70/><G70/><T82/><D39/><U80/><E44/><V109/><F43/><W35/><G35/><T28/><D28/><U103/><E124/><V23/><F109/><W130/><G130/><T32/><D32/><U67/><E67/><V120/><F120/><W69/><G69/><T127/><D127/><U10/><E10/><V74/><F74/><AGARI ba="0,0" hai="72,74,75,82,84,87,88,89,93,94,95" m="61663" machi="74" ten="30,12000,2" yaku="35,5,54,1" doraHai="26" who="0" fromWho="2" sc="558,120,61,0,261,-120,120,0" owari="678,78.0,61,-44.0,141,-6.0,120,-28.0" /></mjloggm>