<mjloggm ver="2.3"><GO type="169" lobby="0"/><UN n0="%E3%82%A6%E3%83%AB%E3%83%88%E3%83%A9%E7%AB%8B%E7%9B%B4" n1="%E6%96%B0%E6%BD%9F%E3%83%89%E3%83%A9%E3%82%B4%E3%83%B3" n2="%E3%81%86%E3%81%83%E3%83%BC%E3%81%A1%E3%82%83%E3%82%93" n3="%74%61%72%6F%33%39%30%30" dan="18,16,16,17" rate="2191.65,2137.89,2176.35,2139.12" sx="M,M,M,M"/><TAIKYOKU oya="0"/><INIT seed="0,0,0,1,2,12" ten="250,250,250,250" oya="0" hai0="122,124,65,29,46,61,125,42,57,50,123,15,8" hai1="132,129,18,131,96,135,106,0,32,87,34,45,97" hai2="3,67,52,55,38,115,68,113,105,71,40,93,53" hai3="109,111,49,79,92,7,80,134,102,30,84,117,118"/><T37/><D29/><U4/><E45/><V98/><F105/><W69/><G69/><T119/><D119/><U25/><E87/><V74/><F3/><W33/><G7/><T62/><D62/><U19/><E106/><V5/><F5/><W100/><G49/><T90/><D90/><U13/><E0/><V44/><F74/><W81/><G30/><T73/><D73/><U95/><E95/><V82/><F82/><W70/><G70/><T11/><D11/><N who="1" m="4327" /><E96/><V54/><N who="2" m="13312" /><DORA hai="78" /><V39/><F39/><W103/><G33/><N who="1" m="12906" /><E97/><V120/><F120/><W112/><G112/><T72/><D72/><U14/><E25/><V6/><F6/><W108/><G134/><N who="1" m="51242" /><E19/><V36/><F36/><W26/><G26/><T116/><D37/><U63/><E63/><V16/><F16/><W21/><G92/><T10/><D116/><N who="3" m="44649" /><G80/><T110/><D122/><U56/><E56/><V104/><F104/><W130/><G102/><T101/><D123/><U60/><E60/><V59/><F71/><W17/><G103/><T1/><D101/><U20/><AGARI ba="0,0" hai="14,18,20,129,131" m="51242,12906,4327" machi="20" ten="40,8000,1" yaku="20,1,34,2,52,1" doraHai="12,78" who="1" fromWho="1" sc="250,-40,250,80,250,-20,250,-20" /><INIT seed="1,0,0,2,4,58" ten="210,330,230,230" oya="1" hai0="26,82,120,99,74,43,119,123,57,9,33,129,8" hai1="134,64,63,122,84,51,42,71,67,96,133,29,132" hai2="3,56,5,111,47,81,30,116,49,31,113,35,79" hai3="68,72,89,65,94,110,2,103,85,102,69,128,27"/><U52/><E29/><V24/><F116/><W53/><G110/><T1/><D119/><U13/><E122/><N who="0" m="46633" /><D129/><U104/><E84/><V4/><F113/><W34/><G128/><T20/><D1/><U22/><E42/><V127/><F127/><W121/><G121/><T80/><D33/><U7/><E67/><V21/><F111/><W75/><G2/><T107/><D43/><U98/><E104/><V61/><F3/><W100/><G53/><T44/><D44/><N who="1" m="27751" /><E22/><V36/><F36/><W76/><G76/><T131/><D131/><U48/><E48/><V12/><F31/><W92/><G92/><T59/><D80/><U118/><E118/><V125/><F125/><W41/><G41/><T62/><D82/><U0/><E0/><V18/><F49/><W11/><G11/><AGARI ba="0,0" hai="7,11,13,63,64,71,96,98,132,133,134" m="27751" machi="11" ten="30,5800,0" yaku="20,1,52,1,54,1" doraHai="58" who="1" fromWho="3" sc="210,0,330,58,230,0,230,-58" /><INIT seed="1,1,0,1,1,2" ten="210,388,230,172" oya="1" hai0="107,60,96,52,67,38,133,132,65,92,109,108,103" hai1="77,69,116,39,113,8,100,59,56,72,55,22,122" hai2="95,44,35,71,1,117,78,70,57,104,27,134,34" hai3="36,50,23,131,81,87,101,98,12,32,13,54,7"/><U126/><E116/><V33/><F78/><W74/><G32/><T21/><D38/><U112/><E122/><V37/><F104/><W51/><G36/><T102/><D21/><U128/><E69/><V115/><F117/><W18/><G74/><T45/><D67/><U49/><E39/><V31/><F115/><W68/><G68/><T41/><D41/><U28/><E100/><V29/><F134/><N who="0" m="51818" /><D65/><U40/><E40/><V19/><F1/><W94/><G131/><T30/><D30/><U129/><E126/><V11/><F95/><W20/><G54/><T6/><D107/><U88/><E56/><V121/><F57/><W63/><G63/><T106/><D106/><U46/><E59/><V3/><F121/><W91/><G23/><T118/><D118/><U53/><E53/><V130/><F44/><W120/><G120/><T82/><D82/><N who="1" m="45351" /><E8/><AGARI ba="1,0" hai="7,8,12,13,18,20,50,51,81,87,91,94,98,101" machi="8" ten="40,2600,0" yaku="8,1,52,1" doraHai="2" who="3" fromWho="1" sc="210,0,388,-29,230,0,172,29" /><INIT seed="2,0,0,0,3,95" ten="210,359,230,201" oya="2" hai0="65,112,35,133,15,16,134,115,54,67,42,60,76" hai1="104,49,45,30,130,114,84,17,107,111,20,92,18" hai2="2,129,69,3,27,80,96,82,93,77,75,70,9" hai3="51,66,25,90,52,10,113,116,50,7,102,62,85"/><V110/><F129/><W97/><G116/><T103/><D35/><U40/><E114/><V118/><F118/><W108/><G108/><T39/><D76/><U63/><E111/><V68/><F110/><W21/><G113/><T61/><D54/><U135/><E135/><N who="0" m="51721" /><D103/><U6/><E6/><V89/><F9/><W47/><G50/><T120/><D120/><U78/><E107/><V101/><REACH who="2" step="1"/><F27/><REACH who="2" ten="210,359,220,201" step="2"/><W59/><G10/><T56/><D112/><U132/><E130/><V64/><F64/><W121/><G121/><T8/><D115/><U128/><E128/><V119/><F119/><W5/><G25/><T44/><D67/><U83/><E132/><V29/><F29/><W124/><G124/><T11/><D11/><U28/><E30/><V22/><F22/><W127/><G21/><T125/><D125/><U106/><E28/><V36/><F36/><W26/><G26/><T94/><D65/><U131/><E131/><V31/><F31/><W14/><G127/><T34/><D34/><U100/><E20/><V41/><F41/><W43/><G43/><T57/><D42/><U23/><E23/><V109/><F109/><W91/><G14/><T74/><D39/><U72/><E40/><V99/><F99/><W88/><REACH who="3" step="1"/><G85/><AGARI ba="0,1" hai="2,3,68,69,70,75,77,80,82,85,89,93,96,101" machi="85" ten="40,3900,0" yaku="1,1,52,1,53,0" doraHai="95" doraHaiUra="122" who="2" fromWho="3" sc="210,0,359,0,220,49,201,-39" /><INIT seed="2,1,0,0,2,16" ten="210,359,269,162" oya="2" hai0="129,117,82,112,4,50,55,75,43,66,69,68,92" hai1="132,77,47,113,10,40,70,62,126,15,2,98,71" hai2="123,45,130,65,23,109,124,85,81,73,42,49,133" hai3="93,18,58,135,53,51,125,28,88,101,33,111,44"/><V97/><F123/><W57/><G111/><T46/><D112/><U38/><E113/><V102/><F109/><W39/><G135/><T11/><D129/><U87/><E126/><V86/><F124/><W115/><G125/><T122/><D122/><U17/><E132/><V83/><F133/><W5/><G115/><T96/><D117/><U63/><E2/><V6/><F130/><W79/><G101/><T54/><D68/><U14/><E71/><V64/><F6/><W91/><G5/><T24/><D66/><U90/><E70/><V0/><F0/><W1/><G1/><T100/><D69/><U89/><E77/><V31/><F73/><W7/><G7/><T41/><D41/><U21/><E98/><V128/><F128/><W107/><G107/><T72/><D24/><U134/><E90/><V61/><F64/><W30/><G79/><T114/><D114/><U60/><E134/><V52/><F42/><W20/><G33/><T22/><D75/><U48/><E38/><V94/><F83/><W59/><G39/><T99/><D99/><U35/><E35/><V67/><F61/><W106/><G106/><T104/><D104/><U78/><E78/><N who="2" m="46263" /><F86/><N who="3" m="52375" /><G91/><T80/><D72/><U26/><E10/><V118/><F118/><W9/><G9/><T29/><D80/><AGARI ba="1,0" hai="14,15,17,21,26,40,47,48,60,62,63,80,87,89" machi="80" ten="40,2600,0" yaku="8,1,52,1" doraHai="16" who="1" fromWho="0" sc="210,-29,359,29,269,0,162,0" /><INIT seed="3,0,0,1,2,121" ten="181,388,269,162" oya="3" hai0="103,115,28,21,30,133,77,31,7,10,57,8,131" hai1="78,106,126,89,38,104,76,14,34,90,132,49,16" hai2="58,36,59,130,9,99,94,26,105,70,46,12,45" hai3="114,80,56,51,13,65,18,96,5,48,86,109,73"/><W25/><G114/><T53/><D115/><U41/><E38/><V123/><F105/><W75/><G5/><T95/><D131/><U92/><E34/><V27/><F123/><W11/><G25/><T2/><D133/><U110/><E106/><V55/><F70/><W98/><G73/><T69/><D69/><U119/><E104/><V83/><F130/><W29/><G29/><T61/><D77/><U79/><E132/><V60/><F83/><W113/><G75/><T129/><D129/><U37/><E37/><V67/><F36/><W20/><G20/><T127/><D127/><U74/><E74/><V44/><F59/><W19/><G19/><T128/><D128/><U0/><E0/><V32/><F67/><W15/><G15/><T54/><D10/><N who="1" m="6231" /><E119/><V4/><REACH who="2" step="1"/><F32/><REACH who="2" ten="181,388,259,162" step="2"/><W64/><G113/><T111/><D57/><U40/><E126/><V100/><AGARI ba="0,1" hai="4,9,12,26,27,44,45,46,55,58,60,94,99,100" machi="100" ten="30,7900,0" yaku="1,1,2,1,0,1,8,1,53,0" doraHai="121" doraHaiUra="17" who="2" fromWho="2" sc="181,-20,388,-20,259,89,162,-39" /><INIT seed="4,0,0,0,1,39" ten="161,368,348,123" oya="0" hai0="27,25,41,74,71,20,32,106,127,22,45,119,116" hai1="33,102,93,121,47,97,126,17,28,90,135,82,43" hai2="107,12,62,58,115,131,44,23,63,59,6,48,98" hai3="15,129,14,36,65,70,40,109,134,38,35,75,84"/><T13/><D106/><U49/><E121/><V30/><F131/><W128/><G75/><T103/><D74/><U46/><E135/><V125/><F125/><W19/><G109/><T72/><D72/><U95/><E126/><V81/><F115/><W100/><G35/><T34/><D103/><U55/><E17/><V16/><F107/><W66/><G100/><T42/><D127/><U133/><E133/><V105/><F105/><W76/><G134/><T77/><D77/><U110/><E110/><V51/><F98/><W88/><G76/><T52/><D13/><U83/><E28/><V111/><F111/><W64/><G70/><T57/><D71/><U60/><E33/><V18/><F6/><W80/><G14/><T78/><D78/><U85/><REACH who="1" step="1"/><E60/><REACH who="1" ten="161,358,348,123" step="2"/><V124/><F124/><W130/><REACH who="3" step="1"/><G40/><REACH who="3" ten="161,358,348,113" step="2"/><N who="0" m="15467" /><D34/><U87/><E87/><V10/><F30/><W3/><G3/><T21/><D32/><U56/><E56/><V113/><F59/><W118/><G118/><T61/><D119/><U68/><E68/><V92/><F58/><W11/><AGARI ba="0,2" hai="11,15,19,36,38,64,65,66,80,84,88,128,129,130" machi="11" ten="40,8000,1" yaku="1,1,0,1,19,1,54,1,53,0" doraHai="39" doraHaiUra="91" who="3" fromWho="3" sc="161,-40,358,-20,348,-20,113,100" /><INIT seed="5,0,0,5,0,61" ten="121,338,328,213" oya="1" hai0="27,115,14,38,87,24,97,84,53,49,22,67,104" hai1="117,100,98,52,74,45,96,19,21,86,108,26,34" hai2="93,10,2,35,80,133,11,125,85,109,68,127,54" hai3="63,134,91,75,39,18,135,6,118,66,25,119,65"/><U132/><E74/><V128/><F68/><W64/><G39/><T92/><D38/><U4/><E117/><N who="3" m="44554" /><G75/><T31/><D104/><U17/><E132/><N who="3" m="50730" /><G6/><T82/><D115/><U20/><E34/><V56/><F128/><W50/><G50/><T79/><D87/><U8/><E86/><V46/><F85/><W29/><G91/><T123/><D123/><U107/><E108/><V116/><F109/><W88/><G88/><T129/><D129/><U99/><E45/><V57/><F46/><W110/><G110/><T81/><D81/><U59/><E4/><V95/><F80/><W102/><G102/><T76/><D76/><U37/><E37/><V5/><F116/><W15/><G15/><T105/><D105/><U130/><E8/><V9/><F9/><W83/><G83/><T36/><D36/><U30/><E130/><V16/><F5/><W90/><G90/><T33/><D14/><U131/><E131/><V106/><F106/><W42/><G42/><T121/><D121/><U112/><E112/><V77/><F77/><W55/><G18/><N who="0" m="12375" /><D92/><U51/><REACH who="1" step="1"/><E19/><REACH who="1" ten="121,328,328,213" step="2"/><V89/><F16/><W40/><G40/><T7/><D7/><U72/><E72/><V113/><F133/><W122/><G122/><T48/><D84/><U62/><E62/><V23/><F113/><W73/><G73/><T58/><D49/><U12/><AGARI ba="0,1" hai="12,17,20,21,26,30,51,52,59,96,98,99,100,107" machi="12" ten="20,7800,0" yaku="1,1,0,1,7,1,54,1,53,0" doraHai="61" doraHaiUra="78" who="1" fromWho="1" sc="121,-26,328,88,328,-26,213,-26" /><INIT seed="5,1,0,1,2,106" ten="95,416,302,187" oya="1" hai0="49,99,35,127,63,115,112,78,36,55,9,114,42" hai1="72,2,111,128,22,101,25,43,45,18,40,15,90" hai2="14,67,76,62,109,82,88,39,71,97,3,132,116" hai3="93,28,7,86,81,54,89,48,103,135,87,83,47"/><U96/><E2/><V79/><F132/><W124/><G135/><T68/><D35/><U74/><E128/><V26/><F3/><W61/><G124/><T113/><N who="0" m="28672" /><DORA hai="126" /><T121/><D127/><U21/><E90/><V56/><F39/><W129/><G129/><T8/><D121/><U46/><E46/><V131/><F109/><W57/><G28/><T12/><D78/><U11/><E22/><V123/><F131/><W70/><G70/><T102/><D36/><U41/><E45/><V37/><F37/><W117/><G117/><T1/><D1/><U4/><REACH who="1" step="1"/><E111/><REACH who="1" ten="95,406,302,187" step="2"/><V92/><F116/><W34/><G34/><T30/><D42/><U29/><E29/><V27/><F123/><W60/><G47/><T120/><D30/><U80/><E80/><V13/><F82/><W33/><G33/><T38/><D38/><U100/><E100/><V59/><F79/><W31/><G31/><T69/><D120/><U107/><AGARI ba="1,1" hai="4,11,15,18,21,25,40,41,43,72,74,96,101,107" machi="107" ten="30,18000,2" yaku="1,1,0,1,52,2,53,3" doraHai="106,126" doraHaiUra="0,104" who="1" fromWho="1" sc="95,-61,406,193,302,-61,187,-61" /><INIT seed="5,2,0,5,0,130" ten="34,599,241,126" oya="1" hai0="117,26,83,0,16,135,55,6,72,108,8,109,80" hai1="128,123,116,133,131,99,43,70,1,113,15,25,20" hai2="134,30,103,67,61,75,34,17,112,42,44,111,121" hai3="77,48,18,102,94,126,129,104,46,63,119,125,31"/><U39/><E1/><V28/><F75/><W76/><G129/><T36/><D55/><U12/><E70/><V97/><F111/><N who="0" m="42570" /><D36/><U64/><E64/><V74/><F74/><W38/><G119/><T27/><D83/><U51/><E39/><V90/><F90/><W81/><G104/><T127/><D80/><U50/><E113/><V120/><F112/><W66/><G38/><T29/><D72/><U107/><E123/><V85/><F85/><W52/><G94/><T98/><D98/><U92/><E133/><V89/><F134/><W53/><G102/><T86/><D86/><U13/><E107/><V79/><F103/><W88/><G53/><T73/><D73/><U41/><E41/><V32/><F42/><W33/><G77/><T9/><D117/><U10/><E10/><V106/><F79/><W132/><G132/><T84/><D84/><U58/><E116/><V11/><F120/><W19/><G76/><T45/><D45/><U93/><E43/><V78/><F78/><W82/><G82/><T110/><N who="0" m="42578" /><T114/><DORA hai="101" /><D135/><U24/><E99/><V22/><F97/><W115/><G115/><T71/><D71/><U59/><E12/><V100/><F100/><W40/><G40/><T118/><D118/><U23/><AGARI ba="2,0" hai="13,15,20,23,24,25,50,51,58,59,92,93,128,131" machi="23" ten="25,4800,0" yaku="0,1,22,2" doraHai="130,101" who="1" fromWho="1" sc="34,-18,599,54,241,-18,126,-18" /><INIT seed="5,3,0,2,4,49" ten="16,653,223,108" oya="1" hai0="95,94,98,134,76,123,110,121,19,89,41,45,119" hai1="44,24,116,14,51,77,58,38,5,36,13,88,100" hai2="16,57,135,9,63,107,32,28,126,125,33,120,87" hai3="71,122,96,111,50,133,43,25,27,67,70,56,72"/><U55/><E100/><V104/><F87/><W26/><G111/><T128/><D110/><U102/><E102/><V129/><F120/><N who="0" m="46154" /><D119/><U124/><E77/><V131/><F28/><W61/><G122/><T81/><D19/><U106/><E106/><V130/><F107/><W18/><G72/><N who="0" m="43143" /><D128/><U29/><E88/><V1/><F104/><W20/><G133/><T42/><D134/><U37/><E5/><V79/><F79/><W109/><G109/><T7/><D7/><U74/><E74/><V31/><F31/><W66/><G96/><N who="0" m="57423" /><D45/><U118/><E124/><N who="2" m="47723" /><F1/><W23/><G67/><T93/><D93/><U132/><E132/><V54/><F135/><W85/><G70/><T117/><D117/><U68/><E118/><V108/><F108/><W73/><G73/><T22/><D22/><U59/><E116/><V48/><F63/><W113/><G23/><T15/><D15/><AGARI ba="3,0" hai="9,15,16,32,33,48,54,57,129,130,131" m="47723" machi="15" ten="40,8000,1" yaku="19,1,18,1,52,1,54,1" doraHai="49" who="2" fromWho="0" sc="16,-89,653,0,223,89,108,0" owari="-73,-57.0,653,75.0,312,11.0,108,-29.0" /></mjloggm>