<mjloggm ver="2.3"><GO type="169" lobby="0"/><UN n0="%E3%82%A6%E3%83%AB%E3%83%88%E3%83%A9%E7%AB%8B%E7%9B%B4" n1="%6B%69%79%6F%64%61%69" n2="%E3%81%B5%E3%81%86%E3%81%8C%E2%99%AA" n3="%E3%83%95%E3%82%A7%E3%83%AB%E3%83%A1%E3%83%BC%E3%83%AB" dan="17,18,16,16" rate="2152.19,2207.62,2058.35,2161.29" sx="M,M,M,M"/><TAIKYOKU oya="0"/><INIT seed="0,0,0,5,0,23" ten="250,250,250,250" oya="0" hai0="13,111,32,27,132,84,25,18,49,131,3,11,52" hai1="26,117,80,61,16,81,74,116,6,93,135,14,100" hai2="62,64,77,121,4,15,105,109,8,128,113,63,67" hai3="99,5,36,91,71,35,66,133,59,88,122,20,106"/><T17/><D32/><U86/><E74/><V12/><F121/><W22/><G35/><T57/><D131/><U46/><E135/><V107/><F113/><W53/><G36/><T7/><D132/><U38/><E6/><V21/><F109/><W82/><G133/><T30/><D111/><U37/><E37/><V127/><F77/><W19/><G5/><T126/><D126/><U130/><E130/><V33/><F33/><W101/><G122/><T58/><D30/><U65/><E81/><V115/><F127/><W118/><G118/><T76/><D58/><U24/><E117/><V75/><F115/><W124/><G124/><T29/><D3/><U79/><E116/><V45/><F45/><W42/><G42/><T102/><D102/><U50/><E38/><V90/><F90/><W56/><G22/><N who="0" m="15607" /><D25/><U31/><E31/><V103/><F75/><W94/><G82/><AGARI ba="0,0" hai="7,11,13,17,18,49,52,57,76,82,84" m="15607" machi="82" ten="30,5800,0" yaku="8,1,52,1,54,1" doraHai="23" who="0" fromWho="3" sc="250,58,250,0,250,0,250,-58" /><INIT seed="0,1,0,1,3,121" ten="308,250,250,192" oya="0" hai0="119,82,92,68,17,5,16,99,14,108,64,44,127" hai1="103,111,13,19,3,89,132,81,22,120,35,56,59" hai2="124,94,75,8,18,106,53,65,43,100,130,72,32" hai3="21,36,112,29,78,38,113,115,84,55,61,98,125"/><T77/><D119/><U47/><E35/><V73/><F106/><W91/><G78/><T85/><D127/><U60/><E3/><V133/><F130/><W26/><G125/><T54/><D68/><U10/><E120/><V31/><F124/><W46/><G98/><T23/><D64/><U39/><E103/><V1/><F43/><W7/><G7/><T114/><D114/><U80/><E59/><V70/><F31/><W9/><G9/><N who="0" m="4399" /><D108/><U62/><E62/><V25/><F32/><W11/><G11/><T76/><D76/><U24/><E111/><V107/><F107/><W88/><G91/><N who="0" m="55711" /><D23/><U128/><E128/><V2/><F65/><W96/><G96/><T57/><D44/><U117/><E117/><V52/><F70/><W90/><G90/><T116/><D116/><U95/><E47/><V71/><F71/><W135/><G135/><T122/><D122/><U104/><E104/><V4/><F133/><W109/><G109/><T131/><D131/><U74/><E39/><V67/><F67/><W28/><G28/><T63/><AGARI ba="1,0" hai="16,17,54,57,63,77,82,85" m="55711,4399" machi="63" ten="30,3000,0" yaku="8,1,54,1" doraHai="121" who="0" fromWho="0" sc="308,33,250,-11,250,-11,192,-11" /><INIT seed="0,2,0,2,3,47" ten="341,239,239,181" oya="0" hai0="130,122,79,48,28,98,103,88,56,87,24,3,12" hai1="104,38,61,25,102,80,9,101,29,74,100,8,78" hai2="119,2,57,134,0,116,66,43,64,85,11,40,132" hai3="110,131,6,75,128,16,17,20,33,51,41,68,76"/><T97/><D3/><U19/><E38/><V55/><F85/><W42/><G68/><T120/><D130/><N who="3" m="49705" /><G33/><T45/><D79/><U105/><E61/><N who="2" m="36031" /><F11/><W91/><G6/><T96/><D12/><U117/><E117/><N who="2" m="45131" /><F0/><W108/><G76/><T60/><D103/><U69/><E69/><V7/><F7/><W21/><G75/><T107/><D107/><U109/><E109/><N who="3" m="42090" /><G91/><T63/><D120/><U23/><E105/><V111/><F2/><W92/><G92/><N who="0" m="54303" /><D122/><U81/><E104/><V4/><F4/><W114/><G114/><T31/><D24/><U113/><E113/><V22/><F22/><N who="3" m="8811" /><G51/><T44/><D63/><U127/><E78/><V32/><F32/><W93/><G93/><T83/><D83/><U65/><E74/><V99/><F111/><W53/><G53/><N who="0" m="29839" /><D44/><U73/><E73/><V59/><F59/><W37/><G37/><T35/><D35/><U5/><E81/><V10/><F99/><W39/><G39/><T115/><D115/><U124/><E80/><V123/><F123/><W34/><G34/><T106/><D106/><U84/><E100/><V52/><F40/><AGARI ba="2,0" hai="16,17,40,41,42" m="8811,42090,49705" machi="40" ten="40,8000,1" yaku="28,2,19,1,14,1,54,1" doraHai="47" who="3" fromWho="2" sc="341,0,239,0,239,-86,181,86" /><INIT seed="1,0,0,5,5,33" ten="341,239,153,267" oya="1" hai0="134,8,14,46,56,43,22,25,81,114,16,125,77" hai1="63,42,45,64,21,119,107,113,118,37,9,27,103" hai2="126,17,112,24,88,2,92,36,79,35,47,40,123" hai3="117,50,65,55,91,106,7,110,122,48,73,83,78"/><U34/><E113/><V20/><F123/><W60/><G122/><T128/><D114/><U13/><E34/><V100/><F112/><W54/><G106/><T72/><D125/><U111/><E111/><V74/><F126/><W71/><G110/><T102/><D128/><U75/><E75/><V31/><F2/><W87/><G117/><T1/><D134/><U80/><E80/><V18/><F100/><W12/><G50/><T101/><D56/><U85/><E85/><V108/><F108/><W3/><G12/><T76/><D76/><U70/><E103/><V132/><F132/><W41/><G41/><T66/><D66/><U129/><E107/><V127/><F127/><W130/><G130/><T62/><D62/><U57/><E129/><V69/><F69/><W53/><G48/><T121/><D121/><U93/><E93/><V26/><F79/><W6/><REACH who="3" step="1"/><G3/><REACH who="3" ten="341,239,153,257" step="2"/><T11/><D1/><U52/><E13/><V104/><F104/><W98/><G98/><T0/><D0/><U90/><E119/><V39/><F36/><W124/><G124/><T120/><D120/><U61/><E118/><V32/><F39/><W59/><G59/><T5/><D11/><U95/><E9/><V133/><F40/><W99/><G99/><T135/><D135/><U58/><E58/><V30/><F133/><W96/><G96/><T23/><D43/><U67/><E64/><V29/><F47/><W105/><G105/><T97/><D46/><U131/><E131/><V109/><F109/><W82/><AGARI ba="0,1" hai="6,7,53,54,55,60,65,71,73,78,82,83,87,91" machi="82" ten="30,8000,1" yaku="1,1,0,1,53,3" doraHai="33" doraHaiUra="51" who="3" fromWho="3" sc="341,-20,239,-40,153,-20,257,90" /><INIT seed="2,0,0,4,4,3" ten="321,199,133,347" oya="2" hai0="101,76,59,11,54,13,27,47,120,44,81,28,92" hai1="113,67,95,130,106,62,104,52,63,17,125,26,133" hai2="109,2,0,5,8,40,66,20,134,64,132,85,116" hai3="121,89,61,90,42,24,25,94,50,115,79,73,98"/><V53/><F116/><W58/><G121/><T1/><D1/><U48/><E113/><V69/><F40/><W51/><G115/><T84/><D120/><U83/><E125/><V127/><F127/><W12/><G79/><T103/><D47/><U10/><E130/><V119/><F119/><W77/><G77/><T9/><D44/><U70/><E63/><V38/><F38/><W29/><G73/><T23/><D92/><U71/><E71/><V97/><F0/><W60/><G42/><T82/><D82/><U30/><E83/><V112/><F112/><W122/><G122/><T78/><D78/><U21/><E133/><N who="2" m="51307" /><F69/><W102/><G12/><T129/><D129/><U86/><E86/><V117/><F117/><W108/><G108/><T91/><D76/><U35/><E95/><V135/><N who="2" m="51315" /><V46/><DORA hai="68" /><F85/><W110/><G110/><T74/><D74/><U57/><REACH who="1" step="1"/><E10/><REACH who="1" ten="321,189,133,347" step="2"/><V111/><F97/><W49/><G98/><T4/><D9/><U18/><E18/><V34/><F111/><W15/><G94/><T123/><D123/><U87/><E87/><V93/><F109/><W114/><G114/><T99/><D99/><U75/><E75/><V88/><F34/><W19/><G61/><AGARI ba="0,1" hai="4,11,13,23,27,28,54,59,61,81,84,91,101,103" machi="61" ten="30,3900,0" yaku="7,1,8,1,52,1" doraHai="3,68" who="0" fromWho="3" sc="321,49,189,0,133,0,347,-39" /><INIT seed="3,0,0,2,2,78" ten="370,189,133,308" oya="3" hai0="114,69,105,110,46,62,65,57,26,6,74,42,90" hai1="122,123,34,102,84,80,75,7,14,19,53,33,100" hai2="31,38,132,61,112,109,23,131,72,96,128,81,134" hai3="12,95,117,40,27,115,17,30,10,44,48,15,58"/><W66/><G115/><T0/><D110/><U89/><E75/><V104/><F38/><W116/><G15/><T32/><D114/><U107/><E7/><V45/><F112/><W73/><G73/><T93/><D105/><U108/><E108/><V63/><F45/><W92/><G116/><T101/><D101/><U97/><E102/><N who="2" m="62535" /><F109/><W39/><G117/><T22/><D74/><U124/><E124/><V2/><F2/><W130/><G130/><N who="2" m="49705" /><F31/><W20/><REACH who="3" step="1"/><G48/><REACH who="3" ten="370,189,133,298" step="2"/><T77/><D0/><U24/><E24/><V118/><F118/><W135/><G135/><N who="2" m="51753" /><F23/><W106/><G106/><T41/><D22/><U125/><E125/><V120/><F120/><W8/><G8/><T85/><D26/><U9/><REACH who="1" step="1"/><E53/><REACH who="1" ten="370,179,133,298" step="2"/><V28/><F28/><W3/><G3/><T59/><D32/><AGARI ba="0,2" hai="9,14,19,32,33,34,80,84,89,97,100,107,122,123" machi="32" ten="40,5200,0" yaku="1,1,2,1,52,1,53,0" doraHai="78" doraHaiUra="37" who="1" fromWho="0" sc="370,-52,179,72,133,0,298,0" /><INIT seed="4,0,0,3,1,39" ten="318,251,133,298" oya="0" hai0="81,20,51,74,11,87,22,45,97,99,96,108,84" hai1="31,122,41,67,76,100,133,49,4,128,73,126,6" hai2="118,52,69,5,30,77,15,88,2,56,103,121,72" hai3="34,37,48,110,57,47,65,89,117,116,13,125,78"/><T106/><D106/><U94/><E122/><V135/><F121/><W0/><G110/><T10/><D74/><U90/><E100/><V7/><F135/><W26/><G0/><T25/><D108/><U23/><E133/><V3/><F69/><W123/><G123/><T8/><D81/><U112/><E67/><V12/><F103/><W19/><G78/><T85/><D25/><N who="1" m="16831" /><E73/><V62/><F118/><W17/><G37/><T36/><REACH who="0" step="1"/><D36/><REACH who="0" ten="308,251,133,298" step="2"/><U101/><E126/><V105/><F105/><W107/><G107/><T104/><D104/><U42/><E128/><V33/><F33/><W55/><G125/><T91/><D91/><U70/><E76/><V43/><F88/><W18/><G34/><T127/><D127/><U93/><E90/><V83/><F30/><W44/><G26/><T79/><D79/><U38/><E101/><V109/><F109/><W64/><G89/><T71/><D71/><U114/><E70/><V119/><F119/><W21/><G116/><T80/><D80/><U58/><E38/><V54/><F83/><W131/><G117/><T132/><D132/><U60/><E94/><V115/><F77/><W134/><G131/><T16/><D16/><N who="3" m="6249" /><G134/><T14/><D14/><U98/><E93/><V27/><F72/><W82/><G82/><T120/><D120/><U1/><E1/><V32/><F27/><W29/><G29/><T9/><N who="0" m="2048" /><DORA hai="35" /><T28/><D28/><U24/><E24/><V61/><F32/><W124/><G124/><T86/><N who="0" m="21504" /><DORA hai="95" /><T130/><D130/><U50/><E98/><V102/><F102/><W92/><G92/><RYUUKYOKU ba="0,1" sc="308,15,251,-15,133,-15,298,15" hai0="20,22,45,51,96,97,99" hai3="13,19,21,44,47,48,55,57,64,65" /><INIT seed="4,1,1,3,1,71" ten="323,236,118,313" oya="0" hai0="29,63,8,101,74,135,98,22,58,34,28,6,57" hai1="20,134,48,102,117,72,46,44,42,81,86,95,121" hai2="91,37,5,39,14,47,17,75,111,60,32,18,133" hai3="64,41,53,66,122,19,114,61,43,15,49,108,36"/><T23/><D74/><U11/><E117/><V87/><F111/><W78/><G108/><T70/><D135/><U4/><E121/><V16/><F75/><W97/><G122/><T35/><D70/><U104/><E104/><V113/><F32/><W77/><G66/><T62/><D8/><U56/><E72/><V94/><F133/><W110/><G114/><T1/><D6/><U123/><E123/><V25/><F113/><W112/><G112/><T132/><D132/><U96/><E20/><V129/><F25/><W83/><G97/><T21/><D98/><U100/><E100/><V92/><F129/><W24/><G24/><T76/><D76/><U130/><E130/><V0/><F0/><W116/><G116/><T80/><D80/><U38/><E56/><N who="0" m="21609" /><D101/><U40/><E134/><V125/><F125/><W120/><G120/><T67/><D67/><U106/><E106/><V9/><F60/><N who="0" m="23082" /><D1/><U55/><E11/><V119/><F119/><W26/><G64/><T27/><D27/><U103/><E103/><V131/><F131/><W88/><G61/><T85/><D85/><U126/><E4/><V93/><REACH who="2" step="1"/><F47/><REACH who="2" ten="323,236,108,313" step="2"/><N who="3" m="27839" /><G110/><T128/><D128/><U51/><E126/><V54/><F54/><W45/><G26/><T73/><D73/><U82/><E55/><V65/><F65/><W90/><G45/><T12/><D12/><U50/><E46/><V31/><F31/><AGARI ba="1,2" hai="21,22,23,28,29,31,34,35" m="23082,21609" machi="31" ten="30,2900,0" yaku="28,2" doraHai="71" who="0" fromWho="2" sc="323,52,236,0,108,-32,313,0" /><INIT seed="4,2,0,3,3,54" ten="375,236,76,313" oya="0" hai0="27,20,115,104,12,129,55,28,116,30,56,108,21" hai1="23,42,37,110,101,113,64,83,130,77,94,133,29" hai2="68,60,122,74,34,132,39,88,109,87,6,126,71" hai3="44,79,61,57,10,11,82,81,97,0,13,69,52"/><T7/><D116/><U111/><E110/><V75/><F109/><W47/><G69/><T41/><D108/><U5/><E64/><V50/><F122/><W33/><G33/><T127/><D127/><U9/><E130/><V3/><F132/><W120/><G120/><T131/><D115/><U76/><E133/><V112/><F112/><W134/><G134/><T53/><D104/><U14/><E77/><V100/><F39/><W67/><G81/><T18/><D41/><U2/><E113/><V102/><F126/><W95/><G0/><T124/><D124/><U85/><E111/><V17/><F34/><W119/><G11/><T36/><D36/><U89/><E101/><V15/><F102/><W90/><G67/><T65/><D7/><U128/><E128/><N who="0" m="49225" /><D30/><U32/><E32/><V84/><F100/><W43/><G43/><T24/><D24/><U106/><E106/><V63/><F50/><W73/><REACH who="3" step="1"/><G119/><REACH who="3" ten="375,236,76,303" step="2"/><T103/><D65/><U59/><E42/><V62/><F3/><W107/><G107/><T70/><D70/><U26/><E2/><V78/><F71/><W105/><G105/><T45/><D53/><U40/><E40/><V31/><F68/><W35/><G35/><T80/><D80/><U19/><E37/><V72/><F72/><W121/><G121/><T8/><D8/><U46/><E83/><V114/><F74/><W123/><G123/><T22/><D55/><U48/><E9/><V92/><F114/><W1/><G1/><T99/><D22/><U16/><E23/><V58/><F75/><W118/><G118/><T117/><D117/><RYUUKYOKU ba="2,1" sc="375,-10,236,-10,76,-10,303,30" hai3="10,13,44,47,52,57,61,73,79,82,90,95,97" /><INIT seed="5,3,1,3,1,130" ten="365,226,66,333" oya="1" hai0="47,108,83,50,82,113,32,98,97,17,1,115,105" hai1="3,22,84,55,43,106,66,53,123,9,57,23,96" hai2="128,6,117,21,72,44,104,90,33,80,40,88,42" hai3="51,5,75,120,58,28,89,4,26,124,67,79,133"/><U109/><E123/><V0/><F33/><W60/><G120/><T18/><D1/><U56/><E66/><V134/><F117/><W12/><G124/><T132/><D32/><U8/><E43/><V24/><F128/><W103/><G103/><N who="0" m="62703" /><D98/><U41/><E41/><V45/><F104/><W86/><G79/><T54/><D108/><U91/><E96/><V10/><F134/><W125/><G133/><T46/><D132/><U127/><E106/><V64/><F64/><W118/><G75/><T76/><D46/><U119/><E119/><V2/><F2/><W68/><G125/><T131/><D131/><U35/><E35/><V95/><F95/><W11/><G51/><T62/><D62/><N who="1" m="36111" /><E3/><V81/><F72/><W126/><G118/><T14/><D76/><U78/><E78/><V31/><F80/><N who="0" m="30762" /><D14/><U100/><E100/><V7/><F81/><N who="3" m="49359" /><G68/><T71/><D71/><U36/><E36/><V15/><F0/><W65/><G126/><T38/><D38/><U135/><E135/><V73/><F73/><W59/><G59/><T63/><D63/><N who="1" m="36287" /><E109/><V48/><REACH who="2" step="1"/><F7/><REACH who="2" ten="365,226,56,333" step="2"/><N who="3" m="3199" /><G67/><T121/><D121/><U129/><E127/><V114/><F114/><AGARI ba="3,2" hai="17,18,47,50,54,113,114,115" m="30762,62703" machi="114" ten="30,1000,0" yaku="15,1" doraHai="130" who="0" fromWho="2" sc="365,39,226,0,56,-19,333,0" /><INIT seed="6,0,0,0,4,51" ten="404,226,37,333" oya="2" hai0="53,64,98,71,130,18,41,27,127,2,13,44,126" hai1="79,74,59,128,107,17,12,68,134,58,131,133,57" hai2="31,121,132,82,52,81,38,99,50,49,22,21,77" hai3="19,86,5,88,135,14,101,32,87,129,110,56,4"/><V120/><F38/><W94/><G32/><T108/><D2/><U25/><E107/><V102/><F132/><N who="1" m="50793" /><E68/><V114/><F114/><W54/><G110/><T0/><D0/><U35/><E79/><V90/><F90/><N who="3" m="53591" /><G101/><T93/><D27/><U105/><E74/><V115/><F115/><W122/><G122/><T26/><D26/><U61/><E105/><V123/><F49/><N who="3" m="30799" /><G135/><T63/><D130/><N who="1" m="49707" /><E25/><V103/><F103/><W92/><G129/><T112/><D93/><U106/><E106/><V91/><F91/><W10/><AGARI ba="0,0" hai="4,5,10,14,19,87,88,92" m="30799,53591" machi="10" ten="30,4000,0" yaku="8,1,52,1,54,1" doraHai="51" who="3" fromWho="3" sc="404,-10,226,-10,37,-20,333,40" /><INIT seed="7,0,0,2,2,83" ten="394,216,17,373" oya="3" hai0="84,26,78,111,76,69,65,8,126,3,81,35,44" hai1="85,127,46,47,96,132,28,73,104,30,31,130,24" hai2="108,66,33,91,59,77,41,118,123,6,133,125,121" hai3="113,117,70,122,94,21,89,49,15,18,51,38,42"/><W36/><G117/><T55/><D111/><U4/><E73/><V115/><F77/><N who="0" m="29802" /><D69/><U95/><E104/><V112/><F91/><W119/><G70/><T48/><D35/><U57/><E127/><V87/><F87/><W63/><G119/><T97/><D3/><U68/><E68/><V99/><F99/><W53/><G122/><T0/><D0/><U93/><E130/><V105/><F6/><W29/><G113/><T56/><D126/><U25/><E132/><V134/><F41/><W116/><G116/><T19/><D97/><U39/><E39/><V80/><F80/><W102/><G102/><T72/><D72/><U109/><E109/><V88/><F88/><W60/><G29/><T114/><D114/><U67/><E4/><V40/><F40/><W54/><G42/><N who="0" m="24599" /><D65/><U98/><E67/><V101/><F101/><W131/><G131/><T61/><D26/><U13/><E30/><V64/><F64/><W2/><G2/><T86/><D81/><U71/><E71/><V110/><F66/><W9/><G38/><T11/><D11/><U32/><E32/><V74/><F59/><N who="3" m="33215" /><G9/><T103/><D103/><U58/><REACH who="1" step="1"/><E13/><AGARI ba="0,0" hai="8,13,19,55,56,61,84,86" m="24599,29802" machi="13" ten="30,3900,0" yaku="8,1,52,2" doraHai="83" who="0" fromWho="1" sc="394,39,216,-39,17,0,373,0" owari="433,53.0,177,-22.0,17,-48.0,373,17.0" /></mjloggm>