<mjloggm ver="2.3"><GO type="225" lobby="0"/><UN n0="%E4%BC%8F%E8%99%8E" n1="%76%69%62%72%61%74%65" n2="%E3%83%88%E3%83%88%E3%83%AA%E5%85%88%E7%94%9F%31%39%E6%AD%B3" n3="%E3%81%BF%E3%81%BF%E3%81%9A" dan="16,16,18,16" rate="2107.51,2042.10,2264.17,2105.21" sx="M,M,F,M"/><TAIKYOKU oya="0"/><INIT seed="0,0,0,3,4,123" ten="250,250,250,250" oya="0" hai0="96,55,17,14,100,132,65,9,68,80,43,130,109" hai1="31,107,112,61,0,44,21,41,30,46,59,98,105" hai2="88,106,133,56,49,114,60,47,6,10,36,110,35" hai3="78,34,94,90,124,95,13,27,74,42,29,121,111"/><T76/><D132/><U70/><E70/><V25/><F106/><W2/><G121/><T23/><D130/><U131/><E0/><V53/><F133/><W104/><G104/><T45/><D55/><U108/><E98/><V81/><F36/><W99/><G124/><T37/><D68/><U84/><E46/><V129/><F129/><W127/><G127/><T16/><D65/><U120/><E120/><V69/><F69/><W52/><G2/><T79/><D80/><U77/><E77/><V115/><F110/><W18/><G42/><T73/><D73/><U85/><E108/><V33/><F25/><W1/><G1/><T116/><D116/><U92/><E112/><V28/><F28/><W7/><G7/><T66/><D66/><U20/><E31/><V50/><F50/><W83/><G95/><T40/><D40/><U54/><E30/><V64/><F35/><W128/><G128/><T62/><D62/><U89/><E107/><V26/><F26/><W3/><G3/><T135/><D109/><U11/><E105/><V72/><F33/><W126/><G126/><T5/><D135/><U22/><E131/><V118/><F118/><W48/><G111/><T101/><D17/><U58/><E58/><V97/><F72/><W117/><G117/><T12/><D100/><U15/><E84/><N who="2" m="50191" /><F97/><W102/><G102/><T67/><D67/><U122/><E122/><V39/><F39/><W24/><G29/><T93/><AGARI ba="0,0" hai="5,9,12,14,16,23,37,43,45,76,79,93,96,101" machi="93" ten="20,3900,0" yaku="0,1,7,1,54,1" doraHai="123" who="0" fromWho="0" sc="250,39,250,-13,250,-13,250,-13" /><INIT seed="0,1,0,0,2,41" ten="289,237,237,237" oya="0" hai0="102,62,123,126,3,133,114,129,55,101,83,14,100" hai1="36,49,30,116,77,72,112,127,84,96,51,132,104" hai2="135,52,50,99,97,95,120,75,38,65,111,89,90" hai3="57,122,48,42,20,4,124,58,110,134,125,61,66"/><T71/><D3/><U109/><E36/><V80/><F120/><W9/><G122/><T78/><D123/><U115/><E72/><V34/><F38/><W117/><G117/><T23/><D114/><U60/><E116/><V107/><F34/><W45/><G110/><T56/><D129/><U88/><E109/><V7/><F111/><W44/><G20/><T12/><D126/><N who="3" m="48745" /><G134/><T32/><D32/><U108/><E77/><V25/><F135/><W29/><G29/><T17/><D133/><U70/><E108/><V1/><F25/><W5/><G9/><T18/><D71/><U24/><E30/><V86/><F75/><W128/><G128/><T53/><D53/><U68/><E24/><V130/><F130/><W98/><G98/><T82/><REACH who="0" step="1"/><D78/><REACH who="0" ten="279,237,237,237" step="2"/><U26/><E70/><V63/><F1/><W93/><G5/><T87/><D87/><U10/><E127/><V2/><F7/><W73/><G4/><T6/><D6/><U47/><E132/><V28/><F2/><W8/><G73/><T131/><D131/><U121/><E84/><V15/><F86/><W67/><G8/><AGARI ba="1,1" hai="8,12,14,17,18,23,55,56,62,82,83,100,101,102" machi="8" ten="40,7700,0" yaku="1,1,8,1,53,1" doraHai="41" doraHaiUra="59" who="0" fromWho="3" sc="279,90,237,0,237,0,237,-80" /><INIT seed="0,2,0,1,2,111" ten="369,237,237,157" oya="0" hai0="90,30,19,91,13,114,134,48,35,1,86,11,27" hai1="33,14,67,109,15,117,12,128,38,119,21,59,112" hai2="62,37,135,18,23,58,100,68,9,64,20,40,3" hai3="47,115,32,84,43,78,131,88,50,69,42,122,6"/><T25/><D134/><U105/><E105/><V4/><F135/><W96/><G69/><T49/><D90/><U127/><E38/><V34/><F34/><W56/><G32/><T83/><D27/><U66/><E33/><V102/><F23/><W98/><G131/><T80/><D80/><U101/><E101/><V129/><F129/><W107/><G122/><T110/><D110/><U99/><E99/><V118/><F118/><W120/><G120/><T65/><D65/><U106/><E67/><V95/><F68/><W31/><G31/><T97/><D97/><U124/><E106/><V73/><F73/><W89/><G115/><T94/><D94/><U36/><E36/><V130/><F130/><W7/><G107/><T92/><D92/><U61/><E112/><V76/><F76/><W126/><G126/><N who="1" m="48170" /><E109/><V81/><F81/><N who="3" m="47159" /><G43/><T45/><D114/><U8/><E128/><V28/><F28/><W79/><G79/><T85/><D85/><U133/><E133/><V123/><F123/><W116/><G116/><T51/><REACH who="0" step="1"/><D1/><REACH who="0" ten="359,237,237,157" step="2"/><U104/><E104/><V29/><F95/><N who="3" m="56423" /><G98/><T41/><AGARI ba="2,1" hai="11,13,19,25,30,35,41,45,48,49,51,83,86,91" machi="41" ten="20,3900,0" yaku="1,1,0,1,7,1,53,0" doraHai="111" doraHaiUra="121" who="0" fromWho="0" sc="359,55,237,-15,237,-15,157,-15" /><INIT seed="0,3,0,0,5,15" ten="414,222,222,142" oya="0" hai0="135,125,121,85,90,12,53,95,49,96,23,1,7" hai1="16,127,98,8,81,47,29,22,26,68,59,2,17" hai2="117,48,105,120,109,24,50,67,42,9,32,66,119" hai3="46,10,19,128,30,69,74,116,126,73,130,21,41"/><T39/><D121/><U113/><E68/><V61/><F120/><W63/><G116/><T79/><D39/><U93/><E127/><V106/><F109/><W88/><G30/><T36/><D36/><U60/><E113/><V84/><F32/><W62/><G10/><T99/><D125/><U25/><E47/><V92/><F24/><N who="3" m="14399" /><G126/><T97/><D135/><U34/><E81/><V107/><F9/><W132/><G132/><T33/><D33/><U72/><E72/><N who="3" m="27754" /><G69/><T77/><D1/><U104/><E104/><V3/><F3/><W11/><G11/><N who="0" m="4223" /><D23/><U54/><E2/><V27/><F27/><W31/><G31/><T129/><D129/><N who="3" m="49769" /><G88/><T40/><D40/><U64/><E26/><V45/><F119/><W43/><G43/><T114/><D114/><U38/><E8/><V124/><F117/><W6/><G6/><T35/><D35/><U44/><E34/><V101/><F124/><W56/><G56/><AGARI ba="3,0" hai="49,53,56,77,79,85,90,95,96,97,99" m="4223" machi="56" ten="30,1500,0" yaku="8,1" doraHai="15" who="0" fromWho="3" sc="414,24,222,0,222,0,142,-24" /><INIT seed="0,4,0,2,4,49" ten="438,222,222,118" oya="0" hai0="117,18,98,68,12,90,5,54,9,24,64,73,97" hai1="80,133,0,88,15,119,6,26,118,94,72,8,126" hai2="70,79,56,76,101,27,29,57,47,115,131,10,96" hai3="46,129,62,41,65,45,38,95,116,105,34,39,35"/><T61/><D117/><U74/><E126/><V104/><F115/><W78/><G116/><T89/><D73/><U69/><E133/><V60/><F131/><W110/><G129/><T14/><D24/><U102/><E69/><V63/><F10/><W40/><G110/><T16/><D5/><U132/><E132/><V125/><F125/><W87/><G105/><T42/><D42/><U30/><E102/><V112/><F112/><W75/><G87/><T82/><D54/><U13/><E72/><V4/><F4/><W44/><G95/><T50/><D50/><U127/><E127/><V55/><F47/><W91/><G91/><T134/><D134/><U85/><E13/><V120/><F120/><W66/><G45/><T123/><D123/><U113/><E0/><V33/><REACH who="2" step="1"/><F70/><REACH who="2" ten="438,222,212,118" step="2"/><W20/><G20/><T3/><D3/><U114/><E113/><V25/><F25/><W107/><G107/><T67/><D68/><U84/><E114/><V11/><F11/><W59/><REACH who="3" step="1"/><G66/><AGARI ba="4,1" hai="27,29,33,55,56,57,60,63,66,76,79,96,101,104" machi="66" ten="30,3900,0" yaku="1,1,7,1,52,1,53,0" doraHai="49" doraHaiUra="2" who="2" fromWho="3" sc="438,0,222,0,212,61,118,-51" /><INIT seed="1,0,0,0,3,53" ten="438,222,273,67" oya="1" hai0="32,131,12,51,69,91,132,107,76,115,70,101,29" hai1="37,105,19,80,86,16,106,134,24,100,44,68,117" hai2="112,48,63,72,99,28,5,126,114,102,111,38,120" hai3="30,41,15,64,129,27,36,13,82,96,52,79,130"/><U104/><E117/><V31/><F120/><W118/><G64/><T9/><D115/><N who="2" m="44074" /><F38/><W17/><G118/><T66/><D76/><U77/><E134/><V33/><F72/><W119/><G119/><T14/><D91/><U4/><E68/><V43/><F33/><W65/><G65/><T88/><D101/><U18/><E4/><V40/><F111/><W121/><G121/><T50/><D107/><U21/><REACH who="1" step="1"/><E100/><REACH who="1" ten="438,212,273,67" step="2"/><V98/><F5/><W49/><G130/><T23/><D131/><U92/><E92/><V87/><F102/><W26/><G129/><T46/><D70/><U67/><E67/><V45/><F126/><W127/><G127/><T125/><D125/><U7/><E7/><V57/><F99/><W3/><G96/><T122/><D69/><U58/><E58/><V116/><F98/><W124/><G124/><T54/><D66/><U113/><E113/><V75/><F57/><W11/><G3/><T83/><D132/><U59/><E59/><V8/><F116/><W128/><G128/><T78/><D122/><U103/><E103/><V123/><F123/><W133/><G133/><T95/><D95/><U135/><E135/><V90/><F45/><W10/><G82/><T60/><D46/><U39/><E39/><V84/><F75/><W81/><G36/><T0/><D83/><U71/><E71/><V34/><F84/><W108/><G81/><T109/><D0/><U85/><E85/><V89/><F87/><W42/><G108/><T25/><D109/><U110/><E110/><V55/><F89/><W35/><G79/><T2/><D78/><RYUUKYOKU ba="0,1" sc="438,-10,212,30,273,-10,67,-10" hai1="16,18,19,21,24,37,44,77,80,86,104,105,106" /><INIT seed="1,1,1,1,1,135" ten="428,242,263,57" oya="1" hai0="128,104,126,69,112,2,53,9,117,22,75,0,116" hai1="81,134,119,76,102,50,83,64,98,20,13,28,55" hai2="85,5,70,43,66,62,131,38,3,77,45,72,97" hai3="7,132,86,40,100,65,93,49,57,101,94,89,32"/><U67/><E119/><V96/><F85/><W58/><G132/><T15/><D104/><U51/><E51/><V71/><F131/><W36/><G32/><T35/><D75/><U88/><E134/><V19/><F19/><W63/><G36/><T107/><D107/><U21/><E102/><V56/><F56/><W25/><G7/><T42/><D69/><U44/><E21/><V122/><F71/><W114/><G114/><T17/><D42/><U68/><E68/><V113/><F122/><W34/><G34/><T120/><D53/><U99/><E99/><V23/><F23/><W26/><G93/><T106/><D106/><U110/><E110/><V18/><F18/><W61/><G100/><T11/><D112/><U8/><E20/><V52/><F52/><W47/><REACH who="3" step="1"/><G101/><REACH who="3" ten="428,242,263,47" step="2"/><T78/><D35/><U123/><E123/><V31/><F113/><W10/><G10/><T33/><D33/><U73/><E28/><V60/><F31/><W37/><G37/><T87/><D120/><U84/><E98/><V41/><F96/><W91/><G91/><T115/><D115/><U92/><E92/><V90/><F90/><W80/><G80/><T133/><D133/><U6/><AGARI ba="1,2" hai="6,8,13,44,50,55,64,67,73,76,81,83,84,88" machi="6" ten="20,3900,0" yaku="0,1,7,1,54,1" doraHai="135" who="1" fromWho="1" sc="428,-14,242,62,263,-14,47,-14" /><INIT seed="1,2,0,5,0,70" ten="414,304,249,33" oya="1" hai0="102,37,28,24,11,16,43,118,54,32,88,30,109" hai1="100,114,134,117,124,133,123,64,6,95,108,17,127" hai2="85,22,46,107,72,25,13,119,1,71,12,40,121" hai3="116,55,19,49,130,131,18,128,93,20,90,99,68"/><U103/><E123/><V3/><F119/><W110/><G110/><T112/><D118/><U87/><E117/><V115/><F121/><W67/><G116/><T2/><D112/><U65/><E114/><V89/><F115/><W75/><G75/><T4/><D102/><N who="1" m="38955" /><E6/><V76/><F71/><W60/><REACH who="3" step="1"/><G20/><REACH who="3" ten="414,304,249,23" step="2"/><T74/><D74/><U47/><E108/><V97/><F22/><W59/><AGARI ba="2,1" hai="18,19,49,55,59,60,67,68,90,93,99,128,130,131" machi="59" ten="30,7900,0" yaku="1,1,2,1,0,1,19,1,53,0" doraHai="70" doraHaiUra="79" who="3" fromWho="3" sc="414,-22,304,-41,249,-22,23,95" /><INIT seed="2,0,0,4,1,128" ten="392,263,227,118" oya="2" hai0="105,62,7,3,113,134,77,47,25,130,73,38,16" hai1="86,5,131,104,41,28,98,123,125,44,71,39,22" hai2="61,2,13,101,80,133,100,67,49,45,56,96,30" hai3="0,53,87,102,92,51,19,15,112,76,79,29,64"/><V78/><F2/><W31/><G112/><T14/><D113/><U115/><E71/><V54/><F133/><W4/><G0/><T122/><D122/><U114/><E125/><V107/><F101/><W63/><G64/><T40/><D105/><U57/><E131/><V118/><F118/><W36/><G63/><T89/><D130/><U82/><E5/><V23/><F30/><W59/><G4/><T52/><D25/><U24/><E57/><V72/><F23/><W108/><G36/><T8/><D89/><U9/><E9/><V85/><REACH who="2" step="1"/><F13/><REACH who="2" ten="392,263,217,118" step="2"/><W90/><G108/><T66/><D134/><U34/><E115/><V103/><F103/><W42/><G102/><T35/><D3/><U127/><E114/><V83/><F83/><W10/><REACH who="3" step="1"/><G42/><REACH who="3" ten="392,263,217,108" step="2"/><T50/><D40/><U116/><E41/><V58/><F58/><W60/><G60/><T27/><D62/><U93/><E123/><V55/><F55/><W97/><G97/><T65/><D65/><U81/><E98/><V18/><F18/><W43/><G43/><T11/><D66/><U95/><E104/><V21/><F21/><W74/><G74/><AGARI ba="0,2" hai="45,49,54,56,61,67,72,74,78,80,85,96,100,107" machi="74" ten="40,2000,0" yaku="1,1,53,0" doraHai="128" doraHaiUra="70" who="2" fromWho="3" sc="392,0,263,0,217,40,108,-20" /><INIT seed="2,1,0,4,0,48" ten="392,263,257,88" oya="2" hai0="15,107,4,127,103,16,132,93,7,3,39,62,110" hai1="33,133,17,63,43,57,32,102,123,30,97,73,34" hai2="106,68,98,119,84,80,56,99,41,27,135,10,60" hai3="105,71,130,51,79,131,125,65,11,96,100,72,114"/><V67/><F119/><W42/><G125/><T35/><D35/><U124/><E124/><V21/><F135/><W52/><G114/><T31/><D127/><U70/><E123/><V77/><F106/><W74/><G42/><T109/><D31/><U23/><E133/><V58/><F41/><W64/><G11/><T115/><D115/><U38/><E73/><V120/><F120/><W126/><G126/><T116/><D39/><U55/><E70/><V36/><F36/><W12/><G12/><T129/><D132/><U81/><E81/><V25/><F25/><W59/><G79/><T76/><D3/><U46/><E30/><V111/><F111/><N who="0" m="42506" /><D107/><U83/><E83/><V47/><F47/><W20/><G20/><T112/><D112/><U69/><E69/><V6/><F58/><W2/><G2/><T94/><D76/><U54/><E97/><V87/><F87/><W101/><G101/><T66/><D129/><N who="3" m="49161" /><G71/><N who="0" m="42455" /><D116/><U113/><E102/><V5/><F68/><W122/><G122/><T82/><D82/><U19/><E113/><V90/><F77/><W26/><G26/><T29/><D29/><U8/><E8/><V92/><F80/><W134/><G134/><T95/><D103/><U28/><E28/><N who="2" m="17519" /><F10/><AGARI ba="1,0" hai="4,7,10,15,16,93,94,95" m="42455,42506" machi="10" ten="30,2000,0" yaku="14,1,54,1" doraHai="48" who="0" fromWho="2" sc="392,23,263,0,257,-23,88,0" /><INIT seed="3,0,0,5,0,37" ten="415,263,234,88" oya="3" hai0="127,87,112,60,22,116,106,39,47,49,34,78,24" hai1="88,43,15,35,25,72,36,68,29,111,38,83,119" hai2="76,45,10,55,66,135,132,74,67,100,115,113,53" hai3="73,86,57,3,96,131,20,46,8,40,42,2,133"/><W9/><G73/><T21/><D116/><U71/><E119/><V82/><F100/><W114/><G114/><N who="2" m="43529" /><F10/><N who="3" m="4203" /><G96/><T89/><D112/><U31/><E15/><V101/><F101/><W134/><G57/><T13/><D106/><U32/><E88/><V23/><F23/><W52/><G86/><T75/><D75/><U65/><E65/><N who="2" m="24587" /><F45/><W79/><G79/><T4/><D78/><N who="1" m="44487" /><E36/><V26/><F55/><W27/><G131/><T28/><D39/><U1/><E1/><N who="3" m="10" /><G46/><T130/><D130/><U109/><E68/><V14/><F53/><W0/><N who="3" m="18" /><W90/><DORA hai="56" /><G90/><T97/><D89/><U105/><E71/><V16/><F82/><W48/><G48/><T61/><D97/><U85/><E85/><V117/><F76/><W93/><G93/><T110/><D87/><U77/><E77/><V41/><F41/><N who="3" m="15979" /><G52/><T103/><D49/><U62/><E105/><V102/><F102/><W51/><G51/><T108/><D103/><U5/><E43/><V121/><F74/><W95/><G95/><T107/><D47/><U124/><E38/><V6/><F117/><W59/><G59/><T70/><D107/><U17/><E31/><V33/><F14/><W126/><G126/><T128/><D127/><U84/><E124/><V98/><F98/><W12/><G12/><T94/><D128/><U54/><E84/><V19/><F19/><W122/><G122/><T123/><D123/><U129/><E17/><V69/><F121/><W92/><G92/><T44/><D94/><U11/><E129/><V64/><N who="2" m="24595" /><V125/><DORA hai="50" /><F125/><W104/><G104/><RYUUKYOKU ba="0,0" sc="415,-10,263,-10,234,-10,88,30" hai3="20,27,133,134" /><INIT seed="3,1,0,3,2,29" ten="405,253,224,118" oya="3" hai0="5,122,86,62,120,66,69,12,113,73,130,13,63" hai1="40,57,67,7,38,39,2,42,85,23,115,17,82" hai2="131,79,15,93,9,96,126,134,84,90,105,26,37" hai3="98,16,50,18,117,19,107,6,119,77,116,123,135"/><W11/><G123/><T0/><D73/><U112/><E40/><V28/><F37/><W51/><G77/><T94/><D0/><U121/><E121/><V41/><F41/><W55/><G135/><T87/><D130/><U81/><E2/><V124/><F134/><W74/><G74/><T31/><D31/><U78/><E7/><V75/><F131/><W27/><G27/><T14/><D5/><U30/><E30/><V43/><F43/><W10/><G55/><T68/><D113/><U80/><E80/><N who="2" m="45183" /><F15/><W95/><G107/><T61/><D94/><U21/><E81/><V72/><F9/><W92/><G6/><T32/><D62/><U45/><E38/><V47/><F47/><W111/><G111/><T89/><D13/><U24/><E23/><N who="2" m="15455" /><F72/><W8/><REACH who="3" step="1"/><G95/><REACH who="3" ten="405,253,224,108" step="2"/><T106/><D106/><U58/><E115/><V118/><F118/><W110/><G110/><T129/><D129/><U76/><E76/><V60/><F105/><W104/><G104/><T83/><D120/><U132/><E112/><V91/><F124/><W44/><G44/><T36/><D122/><U56/><E132/><V100/><F126/><W3/><G3/><T54/><D54/><U109/><E109/><V53/><F53/><W125/><G125/><T97/><D66/><U46/><E46/><V35/><F93/><W114/><G114/><T48/><D12/><U133/><E133/><V71/><F60/><W88/><AGARI ba="1,1" hai="8,10,11,16,18,19,50,51,88,92,98,116,117,119" machi="88" ten="40,18000,2" yaku="1,1,0,1,29,2,54,2,53,0" doraHai="29" doraHaiUra="59" who="3" fromWho="3" sc="405,-61,253,-61,224,-61,108,193" /><INIT seed="3,2,0,2,2,100" ten="344,192,163,301" oya="3" hai0="88,33,109,126,117,122,76,81,111,31,8,102,93" hai1="131,53,104,125,92,47,16,121,97,74,49,23,46" hai2="120,113,98,54,123,11,73,116,59,1,50,80,114" hai3="101,72,0,12,48,135,99,105,67,18,106,103,60"/><W124/><G0/><T108/><D117/><U87/><E121/><N who="2" m="46667" /><F116/><W51/><G72/><T89/><D122/><U40/><E74/><V118/><F118/><W82/><G82/><T64/><D126/><U44/><E125/><V10/><F73/><W5/><G5/><T57/><D33/><U68/><E68/><V130/><F80/><W112/><G112/><N who="2" m="43113" /><F1/><W107/><G124/><T7/><D31/><U14/><E104/><V78/><F78/><W21/><G135/><T62/><D102/><N who="1" m="60711" /><E131/><V69/><F69/><W32/><G32/><T13/><D93/><U70/><E70/><V55/><F55/><W96/><G107/><T39/><D39/><U20/><E40/><V79/><F79/><W134/><G134/><T119/><D119/><U71/><E71/><AGARI ba="2,0" hai="12,18,21,48,51,60,67,71,96,99,101,103,105,106" machi="71" ten="30,11600,0" yaku="7,1,9,1,52,2" doraHai="100" who="3" fromWho="1" sc="344,0,192,-122,163,0,301,122" owari="344,14.0,70,-43.0,163,-24.0,423,53.0" /></mjloggm>