<mjloggm ver="2.3"><GO type="97" lobby="0"/><UN n0="%E3%83%AF%E3%83%B3%E3%83%AF%E3%83%B3" n1="%74%6F%6F%73%68%69%72%6F" n2="%E5%B0%B1%E6%B4%BB%E7%94%9F%40%E5%B7%9D%E6%9D%91%E8%BB%8D%E5%9B%A3" n3="%E9%89%84%E4%B8%B8" dan="13,14,14,14" rate="1814.67,1892.55,1976.75,1897.23" sx="M,M,M,M"/><TAIKYOKU oya="0"/><INIT seed="0,0,0,4,3,120" ten="250,250,250,250" oya="0" hai0="13,117,16,125,51,25,87,32,36,106,63,1,94" hai1="46,48,83,113,60,109,133,62,85,126,40,3,111" hai2="17,53,66,0,102,110,54,99,26,127,123,27,41" hai3="42,80,65,79,81,129,52,18,118,15,101,59,37"/><T114/><D36/><U56/><E3/><V112/><F0/><W119/><G101/><T39/><D114/><U24/><E113/><V131/><F112/><W43/><G129/><T76/><D117/><U98/><E133/><V44/><F123/><W4/><G4/><T134/><D106/><U70/><E126/><V47/><F131/><W5/><G5/><T64/><D39/><U23/><E98/><V77/><F77/><W121/><G121/><T135/><D1/><U49/><E49/><V95/><F127/><W128/><G128/><T10/><D125/><U31/><E70/><V104/><F104/><W33/><G33/><T73/><D73/><U20/><E20/><V103/><F66/><W50/><G65/><T74/><D74/><U105/><E105/><V132/><F132/><N who="0" m="50730" /><D51/><U8/><E8/><V86/><F103/><W97/><G37/><T68/><D32/><U19/><E31/><V115/><F115/><W88/><G119/><T91/><D76/><N who="1" m="46311" /><E56/><V72/><F72/><W7/><G118/><T29/><D29/><U61/><E61/><V11/><F44/><W45/><G45/><T93/><D25/><U55/><E62/><V14/><F27/><W30/><G30/><T67/><D67/><U92/><E92/><AGARI ba="0,0" hai="10,13,16,63,64,68,87,91,92,93,94" m="50730" machi="92" ten="30,2900,0" yaku="20,1,54,1" doraHai="120" who="0" fromWho="1" sc="250,29,250,-29,250,0,250,0" /><INIT seed="0,1,0,5,2,57" ten="279,221,250,250" oya="0" hai0="23,124,65,0,135,15,5,116,130,108,85,4,51" hai1="113,16,84,24,47,6,2,42,76,109,45,120,69" hai2="10,52,107,68,91,54,21,36,3,41,39,121,75" hai3="125,83,17,88,74,98,11,32,49,97,86,89,78"/><T43/><D116/><U13/><E69/><V95/><F121/><W104/><G32/><T56/><D0/><U112/><E120/><V9/><F107/><W66/><G66/><T96/><D130/><U101/><E109/><V67/><F75/><W132/><G132/><T19/><D135/><U119/><E119/><V82/><F82/><W8/><G125/><T122/><D124/><U62/><E101/><V129/><F129/><W90/><G49/><T63/><D122/><U29/><E62/><V80/><F80/><N who="3" m="45143" /><G17/><T59/><D108/><U25/><E2/><V126/><F126/><W27/><G27/><T72/><D72/><U12/><E6/><V64/><F21/><W61/><G61/><T73/><D73/><U77/><E84/><V40/><F3/><W92/><G11/><N who="2" m="4105" /><F68/><W87/><G8/><T28/><D28/><U44/><E29/><V22/><F22/><W38/><G38/><N who="2" m="14377" /><F95/><N who="3" m="56567" /><G104/><T131/><D131/><U106/><E106/><V118/><F91/><W111/><G111/><T50/><D51/><U100/><E100/><V103/><F103/><W46/><G46/><N who="0" m="25951" /><D56/><U53/><E53/><N who="2" m="20587" /><F118/><W26/><G26/><T133/><D133/><U18/><E47/><V94/><F94/><W128/><G128/><T117/><D117/><U81/><E42/><AGARI ba="1,0" hai="40,41,42,64,67" m="20587,14377,4105" machi="42" ten="30,3900,0" yaku="28,2,54,1" doraHai="57" who="2" fromWho="1" sc="279,0,221,-42,250,42,250,0" /><INIT seed="1,0,0,4,2,26" ten="279,179,292,250" oya="1" hai0="42,15,84,76,96,95,85,31,46,111,120,128,92" hai1="13,52,67,83,99,23,55,29,53,38,0,82,123" hai2="64,97,113,39,70,6,49,19,93,101,107,129,116" hai3="106,72,90,125,127,18,89,87,135,50,20,130,100"/><U51/><E38/><V119/><F39/><W56/><G72/><T66/><D111/><U124/><E0/><V74/><F74/><W108/><G108/><T114/><D114/><U80/><E123/><V16/><F113/><W79/><G79/><T118/><D118/><U4/><E67/><V115/><F115/><W131/><G106/><T134/><D66/><U121/><E121/><V14/><F129/><N who="3" m="49163" /><G100/><T57/><D134/><U98/><E51/><V91/><F6/><W117/><G117/><T8/><D128/><U60/><E60/><V109/><F109/><W94/><G90/><T81/><D120/><U21/><E124/><N who="3" m="47690" /><G56/><T44/><D57/><U32/><E32/><V33/><F33/><W34/><G34/><T133/><D133/><U54/><N who="1" m="13824" /><DORA hai="58" /><U28/><E4/><V17/><F49/><W41/><G41/><T25/><D85/><U75/><E75/><V77/><F77/><W88/><G89/><T12/><D12/><U110/><E13/><V62/><REACH who="2" step="1"/><F14/><REACH who="2" ten="279,179,282,250" step="2"/><N who="3" m="9303" /><G50/><N who="0" m="26903" /><D46/><U7/><E7/><V47/><F47/><W36/><G36/><T86/><D76/><U27/><E110/><V73/><F73/><W122/><G122/><T1/><D1/><U35/><E35/><V63/><F63/><W69/><G135/><T10/><D15/><U24/><AGARI ba="0,1" hai="21,23,24,27,28,29,80,82,83,98,99" m="13824" machi="24" ten="50,18000,2" yaku="0,1,9,1,8,1,52,2,54,1" doraHai="26,58" who="1" fromWho="1" sc="279,-60,179,190,282,-60,250,-60" /><INIT seed="1,1,0,3,3,35" ten="219,369,222,190" oya="1" hai0="61,33,101,34,121,40,14,88,51,82,10,123,90" hai1="41,57,30,48,37,102,118,73,11,83,8,25,36" hai2="85,1,56,126,72,13,80,45,95,42,76,60,79" hai3="77,65,7,64,20,58,19,99,62,74,31,122,100"/><U109/><E118/><V0/><F126/><W6/><G122/><N who="0" m="46603" /><D101/><U22/><E102/><V52/><F13/><W98/><G31/><T93/><D61/><U44/><E109/><V17/><F17/><W23/><G65/><T106/><D106/><U120/><E120/><V38/><REACH who="2" step="1"/><F95/><REACH who="2" ten="219,369,212,190" step="2"/><W81/><G99/><T129/><D129/><U132/><E132/><V18/><F18/><W12/><REACH who="3" step="1"/><G23/><REACH who="3" ten="219,369,212,180" step="2"/><T86/><D34/><U54/><E54/><V103/><F103/><W108/><G108/><T5/><D33/><U49/><E22/><V125/><F125/><W63/><G63/><T50/><D40/><U104/><E41/><V78/><F78/><W89/><G89/><T117/><D117/><U24/><E36/><V124/><F124/><W112/><G112/><T107/><D107/><AGARI ba="1,2" hai="6,7,12,19,20,58,62,64,74,77,81,98,100,107" machi="107" ten="30,2000,0" yaku="1,1,7,1,53,0" doraHai="35" doraHaiUra="39" who="3" fromWho="0" sc="219,-23,369,0,212,0,180,43" /><INIT seed="2,0,0,4,0,51" ten="196,369,212,223" oya="2" hai0="49,29,3,110,14,65,35,24,84,19,128,21,71" hai1="113,46,30,80,91,72,53,93,34,107,103,95,5" hai2="54,37,120,63,17,73,105,38,32,97,132,39,117" hai3="22,70,23,33,130,9,127,76,116,64,82,101,13"/><V124/><F117/><W7/><G116/><T106/><D106/><U18/><E113/><V123/><F73/><W87/><G33/><T111/><D128/><U15/><E5/><V112/><F112/><W118/><G118/><T55/><D84/><U41/><E34/><V11/><F124/><W121/><G121/><T135/><D135/><U61/><E30/><V78/><F132/><W83/><G130/><T108/><D65/><U40/><E107/><V20/><F32/><W109/><G109/><T68/><REACH who="0" step="1"/><D3/><REACH who="0" ten="186,369,212,223" step="2"/><U92/><E72/><V129/><F78/><W102/><G127/><T133/><D133/><U2/><E2/><V12/><F129/><W77/><G64/><T125/><D125/><U26/><E103/><V31/><F105/><W59/><G102/><T47/><AGARI ba="0,1" hai="14,19,21,24,29,35,47,49,55,68,71,108,110,111" machi="47" ten="30,8000,1" yaku="1,1,0,1,14,1,52,1,53,1" doraHai="51" doraHaiUra="25" who="0" fromWho="0" sc="186,90,369,-20,212,-40,223,-20" /><INIT seed="3,0,0,3,1,83" ten="276,349,172,203" oya="3" hai0="90,29,21,31,117,118,109,37,68,0,103,52,93" hai1="119,16,9,18,121,2,42,57,105,4,34,88,73" hai2="66,59,67,51,12,101,81,86,7,134,22,17,130" hai3="76,99,6,114,33,46,35,132,62,135,20,125,54"/><W15/><G114/><T14/><D0/><U5/><E73/><V116/><F116/><W133/><G125/><T75/><D75/><U24/><E105/><V129/><F134/><W98/><G76/><T80/><D68/><U69/><E69/><V27/><F101/><W23/><G6/><T78/><D37/><U72/><E72/><V87/><F81/><W48/><G62/><T111/><D103/><U3/><E42/><V100/><F100/><W115/><G115/><T112/><D112/><U49/><E121/><V124/><F124/><W95/><G15/><T60/><D78/><U107/><E107/><V74/><F74/><W39/><G39/><T36/><D80/><U102/><E102/><V110/><F110/><N who="0" m="41994" /><D36/><U43/><E5/><V30/><F7/><W25/><G95/><T97/><D14/><U108/><E2/><V64/><F51/><W10/><G10/><T40/><D40/><U84/><E43/><V19/><F59/><W11/><G11/><T94/><D94/><U61/><E49/><V122/><F122/><W50/><G50/><T77/><D77/><U123/><E123/><V92/><F92/><W8/><G8/><T13/><D13/><U44/><E108/><V104/><F104/><W70/><G70/><T45/><D21/><N who="3" m="8265" /><G25/><T65/><D65/><U82/><E3/><V58/><F58/><W79/><G79/><T55/><D55/><U120/><E120/><V56/><F56/><W131/><G131/><N who="2" m="50185" /><F12/><W32/><AGARI ba="0,0" hai="32,33,35,46,48,54,98,99,132,133,135" m="8265" machi="32" ten="40,2100,0" yaku="20,1" doraHai="83" who="3" fromWho="3" sc="276,-7,349,-7,172,-7,203,21" /><INIT seed="3,1,0,1,1,50" ten="269,342,165,224" oya="3" hai0="34,116,82,81,134,38,57,41,58,61,17,64,91" hai1="37,106,28,96,43,79,90,53,128,74,75,77,4" hai2="40,19,55,87,120,111,121,108,32,8,10,133,51" hai3="84,135,2,95,94,30,131,15,109,67,42,11,44"/><W72/><G72/><T48/><D34/><U97/><E43/><V59/><F32/><W26/><G2/><T99/><D116/><U100/><E37/><V125/><F125/><W13/><G131/><T29/><D29/><U83/><E28/><V62/><F133/><W85/><G135/><T60/><D134/><U78/><E4/><V25/><F87/><W101/><G67/><T21/><D38/><U92/><E53/><N who="2" m="34159" /><F25/><W23/><G109/><N who="2" m="42057" /><F19/><W46/><G13/><T115/><D115/><U14/><E14/><V119/><F40/><W127/><G127/><T86/><D99/><U9/><E9/><V117/><F10/><W39/><G46/><T65/><D48/><U89/><E128/><V54/><F8/><W105/><G105/><T104/><D104/><U66/><E66/><V6/><F6/><W132/><G132/><T63/><D41/><U1/><E1/><V107/><F107/><W12/><G12/><T35/><D63/><U80/><E77/><V126/><F126/><W76/><G76/><T118/><D118/><N who="2" m="45066" /><F51/><W31/><G31/><T88/><D35/><U36/><E36/><V0/><F0/><W47/><G85/><T113/><D113/><U7/><E7/><V114/><F114/><W123/><G84/><N who="0" m="50191" /><D17/><U24/><E24/><V98/><F98/><W102/><G42/><T122/><D21/><U130/><E130/><V68/><F68/><W5/><G39/><T73/><D73/><U18/><E18/><V52/><AGARI ba="1,0" hai="52,54,55,120,121" m="45066,42057,34159" machi="52" ten="40,16000,3" yaku="14,1,34,2,52,4,54,1" doraHai="50" who="2" fromWho="2" sc="269,-41,342,-41,165,163,224,-81" owari="228,-17.0,301,10.0,328,43.0,143,-36.0" /></mjloggm>