<mjloggm ver="2.3"><GO type="225" lobby="0"/><UN n0="%E3%83%88%E3%83%88%E3%83%AA%E5%85%88%E7%94%9F%31%39%E6%AD%B3" n1="%E3%81%86%E3%81%A9%E3%82%93%E5%B1%8B" n2="%E3%81%BF%E3%81%A3%E3%81%A4%E3%81%83%EF%BD%9E" n3="%E7%8E%A9%E5%80%8B%4A%42" dan="17,17,18,16" rate="2221.74,2154.11,2178.69,2108.91" sx="F,M,F,M"/><TAIKYOKU oya="0"/><INIT seed="0,0,0,1,4,28" ten="250,250,250,250" oya="0" hai0="0,46,123,70,97,2,84,102,134,56,110,125,75" hai1="93,129,52,95,88,115,128,69,87,92,6,91,99" hai2="66,103,53,121,114,83,80,39,68,47,65,62,32" hai3="55,81,79,78,135,76,89,18,85,23,26,64,21"/><T72/><D123/><U36/><E36/><V63/><F114/><W126/><G126/><T24/><D70/><U45/><E69/><V105/><F121/><W31/><G135/><T43/><D134/><U74/><E115/><V42/><F53/><W58/><G64/><T30/><D125/><U109/><E74/><V61/><F61/><W107/><G107/><T60/><D84/><U104/><E109/><V27/><F63/><W12/><REACH who="3" step="1"/><G79/><REACH who="3" ten="250,250,250,240" step="2"/><T101/><D110/><U40/><E104/><V113/><F66/><W96/><G96/><T13/><D97/><U19/><E99/><N who="2" m="61695" /><F113/><W122/><G122/><T37/><D101/><U77/><E77/><V49/><F39/><W54/><G54/><T10/><D102/><U108/><E108/><V127/><F127/><W29/><G29/><AGARI ba="0,1" hai="27,29,32,42,47,49,62,65,68,80,83" m="61695" machi="29" ten="30,2000,0" yaku="25,1,52,1" doraHai="28" who="2" fromWho="3" sc="250,0,250,0,250,30,240,-20" /><INIT seed="1,0,0,0,3,57" ten="250,250,280,220" oya="1" hai0="39,30,84,7,91,74,125,40,24,96,52,98,76" hai1="36,25,46,11,31,109,81,126,2,122,105,37,134" hai2="107,45,97,82,35,20,102,6,60,77,5,121,28" hai3="51,32,114,78,80,103,67,118,58,9,33,94,18"/><U56/><E122/><V41/><F121/><W17/><G114/><T90/><D125/><U62/><E105/><V100/><F35/><W3/><G118/><T129/><D129/><U75/><E126/><V22/><F102/><W73/><G18/><T44/><D74/><U86/><E134/><V23/><F28/><W120/><G120/><T124/><D124/><U19/><E75/><V127/><F127/><W116/><G116/><T79/><D7/><U117/><E109/><V47/><F47/><W64/><G64/><T12/><D12/><U106/><E106/><V131/><F60/><W66/><G66/><T111/><D111/><U27/><E117/><V85/><REACH who="2" step="1"/><F131/><REACH who="2" ten="250,250,270,220" step="2"/><W123/><G123/><T93/><D30/><U14/><E31/><V15/><F15/><W38/><G33/><T8/><D24/><U13/><E25/><V71/><F71/><W55/><G32/><T128/><D128/><U99/><E27/><V53/><F53/><W16/><G3/><T115/><D52/><N who="1" m="34055" /><E2/><V87/><F87/><W70/><G70/><T0/><D96/><U68/><E68/><V89/><F89/><W101/><G101/><T112/><D112/><U69/><E69/><V63/><F63/><W72/><G72/><T34/><D115/><U135/><E99/><V113/><F113/><W95/><G103/><T65/><D34/><U119/><E119/><V61/><F61/><W132/><G73/><T49/><D65/><U10/><E46/><V21/><N who="2" m="5120" /><DORA hai="133" /><V54/><F54/><W108/><G67/><T130/><D130/><U59/><E14/><V48/><AGARI ba="0,1" hai="5,6,41,45,48,77,82,85,97,100,107" m="5120" machi="48" ten="40,8000,1" yaku="1,1,5,1,0,1,53,1" doraHai="57,133" doraHaiUra="42,50" who="2" fromWho="2" sc="250,-20,250,-40,270,90,220,-20" /><INIT seed="2,0,0,1,5,25" ten="230,210,360,200" oya="2" hai0="70,127,63,22,49,9,62,18,57,68,58,97,93" hai1="98,14,128,12,40,29,80,103,23,59,131,82,88" hai2="16,81,30,28,79,44,118,64,73,111,116,126,65" hai3="26,39,106,10,120,87,45,107,117,20,90,37,31"/><V8/><F126/><W105/><G117/><T47/><D127/><U74/><E40/><V46/><F111/><W124/><G124/><T101/><D9/><U33/><E33/><V92/><F92/><W56/><G120/><T99/><D99/><U35/><E35/><V69/><F69/><W17/><G56/><N who="0" m="21611" /><D70/><U72/><E59/><V132/><F132/><W95/><REACH who="3" step="1"/><G45/><REACH who="3" ten="230,210,360,190" step="2"/><T52/><D68/><U55/><E131/><V36/><F46/><W0/><G0/><T86/><D62/><U48/><E128/><V110/><F44/><W75/><G75/><T125/><D63/><U114/><E74/><V7/><F73/><W50/><G50/><T54/><D125/><U66/><E72/><V71/><F118/><W119/><G119/><T96/><D49/><U102/><E48/><V13/><F116/><W89/><G89/><N who="0" m="53431" /><D47/><U11/><E88/><V77/><F36/><W3/><G3/><T108/><D108/><U1/><E1/><V60/><F110/><W91/><G91/><T83/><D54/><U135/><E55/><V41/><F60/><W51/><G51/><T134/><D52/><U121/><E121/><V4/><F79/><W123/><G123/><T78/><D134/><U104/><E135/><V19/><F77/><W21/><G21/><T27/><D101/><U43/><E103/><V84/><F71/><W130/><G130/><T34/><D34/><U5/><E102/><V100/><F100/><W67/><G67/><T15/><D78/><U113/><E66/><V53/><F65/><W112/><G112/><T129/><D129/><U32/><E113/><RYUUKYOKU ba="0,1" sc="230,-10,210,-10,360,-10,190,30" hai3="10,17,20,26,31,37,39,87,90,95,105,106,107" /><INIT seed="3,1,1,2,3,87" ten="220,200,350,220" oya="3" hai0="121,49,56,8,94,127,3,120,112,34,97,73,35" hai1="101,67,38,57,31,104,30,20,111,77,10,118,17" hai2="124,76,91,55,128,103,80,27,63,50,39,110,15" hai3="69,107,122,83,123,53,126,72,106,6,125,46,96"/><W16/><G69/><T52/><D73/><U48/><E38/><V82/><F39/><W105/><G6/><T42/><D127/><N who="3" m="48649" /><G96/><T9/><D112/><U33/><E33/><V119/><F110/><W93/><G93/><T85/><D85/><U68/><E111/><V47/><F128/><W133/><G133/><T64/><D42/><U54/><E118/><V92/><F119/><W7/><G7/><T45/><D3/><U26/><E77/><V135/><F135/><W61/><G61/><T108/><D108/><U13/><E31/><V1/><F1/><W62/><G62/><T44/><D35/><U81/><E81/><V19/><F103/><W100/><G100/><T109/><D34/><U21/><E10/><N who="2" m="6647" /><F124/><W43/><G53/><T78/><D109/><U32/><E32/><V116/><F63/><W102/><G102/><T59/><D120/><U86/><E68/><V25/><F116/><W79/><G16/><T0/><D121/><U74/><E67/><V11/><F11/><W71/><G71/><T40/><D64/><U114/><E101/><V98/><F80/><W28/><G28/><T84/><D8/><U95/><E104/><N who="3" m="26626" /><W113/><DORA hai="5" /><G113/><T131/><D9/><U99/><E114/><V36/><F82/><W89/><G89/><N who="0" m="55503" /><D0/><U24/><E99/><V65/><F65/><W14/><G14/><T115/><D115/><U134/><E134/><V2/><F2/><W22/><G22/><T4/><D4/><U90/><E24/><V60/><F60/><W41/><G41/><N who="0" m="24719" /><D131/><U37/><E74/><V130/><F130/><W18/><G18/><RYUUKYOKU ba="1,1" sc="220,-15,200,15,350,-15,220,15" hai1="13,17,20,21,26,30,37,48,54,57,86,90,95" hai3="43,46,72,79,83,122,123" /><INIT seed="3,2,1,5,5,53" ten="205,215,335,235" oya="3" hai0="44,84,3,54,111,48,78,83,87,110,125,69,126" hai1="59,15,113,134,17,85,88,105,5,31,114,132,32" hai2="24,106,39,117,91,95,66,67,128,27,18,58,62" hai3="94,100,115,33,118,2,12,99,122,103,119,97,14"/><W7/><G122/><T72/><D69/><U35/><E105/><V8/><F117/><W57/><G115/><N who="1" m="44042" /><E59/><V76/><F128/><W51/><G33/><T135/><D3/><U68/><E68/><V82/><F39/><W101/><G2/><T26/><D26/><N who="2" m="9770" /><F106/><W112/><G112/><T79/><D135/><N who="1" m="51755" /><E5/><V107/><F107/><W23/><G119/><T123/><D123/><U40/><E40/><V28/><F82/><W127/><G118/><T46/><D46/><U116/><E31/><V75/><F76/><N who="0" m="29226" /><D72/><U102/><E102/><V43/><F75/><W9/><G127/><N who="0" m="48651" /><D83/><N who="1" m="49215" /><E116/><V86/><F43/><W1/><G1/><T36/><D36/><U22/><AGARI ba="2,1" hai="15,17,22,32,35" m="49215,51755,44042" machi="22" ten="30,2000,0" yaku="20,1,54,1" doraHai="53" who="1" fromWho="1" sc="205,-7,215,36,335,-7,235,-12" owari="198,-30.0,251,5.0,328,43.0,223,-18.0" /></mjloggm>