<mjloggm ver="2.3"><GO type="41" lobby="0"/><UN n0="%52%69%6F%31%30%30%31" n1="%6B%2D%73%69" n2="%6E%69%61%6F" n3="%E5%B0%B1%E6%B4%BB%E7%94%9F%40%E5%B7%9D%E6%9D%91%E8%BB%8D%E5%9B%A3" dan="15,15,13,16" rate="2003.44,1995.18,1827.20,2075.06" sx="M,M,M,M"/><TAIKYOKU oya="0"/><INIT seed="0,0,0,3,0,45" ten="250,250,250,250" oya="0" hai0="10,118,36,88,101,117,94,100,37,81,43,79,24" hai1="18,103,99,19,89,127,120,53,46,93,128,57,67" hai2="35,40,115,34,108,78,52,39,110,87,20,9,1" hai3="113,41,65,56,74,22,30,4,11,133,60,106,69"/><T54/><D43/><U42/><E120/><V134/><F115/><W85/><G74/><T91/><D24/><U50/><E67/><V111/><F134/><W0/><G113/><T32/><D32/><U129/><E127/><V73/><F73/><W48/><G133/><T3/><D3/><U125/><E125/><V116/><F116/><N who="0" m="44650" /><D10/><U62/><REACH who="1" step="1"/><E103/><REACH who="1" ten="250,240,250,250" step="2"/><N who="0" m="39497" /><D54/><U49/><E49/><V123/><F52/><W58/><G69/><T61/><D61/><U15/><E15/><V132/><F123/><W5/><G65/><T83/><D37/><U28/><E28/><V130/><F132/><W80/><G48/><T75/><D36/><U14/><E14/><V77/><F39/><W114/><G60/><T25/><D25/><U31/><E31/><V121/><F40/><W23/><G30/><T102/><D81/><U16/><AGARI ba="0,1" hai="16,18,19,42,46,50,53,57,62,89,93,99,128,129" machi="16" ten="30,8000,1" yaku="1,1,0,1,52,1,54,1,53,1" doraHai="45" doraHaiUra="59" who="1" fromWho="1" sc="250,-40,240,90,250,-20,250,-20" /><INIT seed="1,0,0,3,4,93" ten="210,330,230,230" oya="1" hai0="126,95,84,39,42,75,49,25,37,124,32,104,29" hai1="114,61,98,128,47,17,80,102,18,56,2,115,45" hai2="63,68,1,133,4,111,89,35,97,116,70,10,135" hai3="26,127,33,5,27,94,87,19,119,132,66,6,82"/><U129/><E2/><V43/><F116/><W76/><G119/><T11/><D104/><U13/><E80/><V109/><F35/><W23/><G127/><T71/><D71/><U52/><E45/><V78/><F43/><W58/><G132/><N who="2" m="50761" /><F70/><W38/><G38/><T125/><D75/><U101/><E102/><V123/><F78/><W106/><G106/><T50/><D11/><U130/><E47/><V122/><F63/><W77/><G77/><T48/><D42/><U88/><E88/><AGARI ba="0,0" hai="25,29,32,37,39,48,49,50,84,88,95,124,125,126" machi="88" ten="50,3200,0" yaku="18,1,54,1" doraHai="93" who="0" fromWho="1" sc="210,32,330,-32,230,0,230,0" /><INIT seed="2,0,0,0,1,99" ten="242,298,230,230" oya="2" hai0="98,50,58,57,24,33,54,34,36,94,101,119,21" hai1="41,28,9,95,130,120,79,127,43,23,71,109,102" hai2="85,15,44,70,26,132,118,113,10,121,25,125,18" hai3="72,107,20,88,68,91,2,80,90,30,100,49,77"/><V19/><F121/><W61/><G2/><T42/><D119/><U135/><E71/><V122/><F118/><W12/><G68/><T82/><D82/><U75/><E75/><V93/><F122/><W97/><G61/><T126/><D126/><U51/><E127/><V46/><F125/><W74/><G74/><T60/><D36/><U106/><E106/><V116/><F116/><W123/><G123/><T89/><D89/><U104/><E104/><V5/><F113/><W16/><G30/><T1/><D1/><U38/><E79/><V114/><F114/><W40/><G40/><T11/><D11/><U76/><E76/><V86/><F70/><W69/><G69/><T32/><D42/><U87/><E9/><V14/><F132/><W4/><G4/><T67/><REACH who="0" step="1"/><D34/><REACH who="0" ten="232,298,230,230" step="2"/><U128/><E120/><V62/><F10/><W129/><G129/><T81/><D81/><U6/><E38/><V29/><F5/><W115/><G115/><T37/><D37/><U73/><E128/><V55/><F93/><W112/><G112/><T92/><D92/><U63/><E95/><V22/><F22/><W108/><G108/><T52/><D52/><U131/><E23/><V103/><F55/><W53/><REACH who="3" step="1"/><G91/><REACH who="3" ten="232,298,230,220" step="2"/><T124/><D124/><U78/><E109/><V59/><F29/><AGARI ba="0,2" hai="21,24,29,32,33,50,54,57,58,60,67,94,98,101" machi="29" ten="30,8000,1" yaku="1,1,7,1,25,2,52,1,53,0" doraHai="99" doraHaiUra="111" who="0" fromWho="2" sc="232,100,298,0,230,-80,220,0" /><INIT seed="3,0,0,3,3,56" ten="332,298,150,220" oya="3" hai0="76,2,135,123,14,74,47,133,10,87,83,1,127" hai1="50,109,42,12,73,52,91,28,95,79,41,126,78" hai2="86,99,113,16,43,38,98,45,22,117,30,90,88" hai3="48,29,24,121,97,114,57,27,5,71,70,20,80"/><W7/><G121/><T11/><D123/><U23/><E109/><V110/><F117/><W31/><G114/><T51/><D11/><U54/><E73/><V40/><F113/><W124/><G124/><T25/><D25/><N who="1" m="16447" /><E54/><V132/><F110/><W46/><G70/><T67/><D67/><U81/><E126/><V116/><F132/><N who="0" m="50762" /><D127/><U94/><E95/><V84/><F116/><W3/><G71/><T101/><D101/><U44/><E12/><V61/><F30/><W102/><G80/><T26/><D26/><U69/><E69/><V53/><F38/><W104/><G3/><T13/><D74/><U68/><E68/><V93/><F45/><W32/><REACH who="3" step="1"/><G57/><REACH who="3" ten="332,298,150,210" step="2"/><T65/><D2/><U58/><E81/><V131/><F131/><W37/><G37/><T34/><D1/><U33/><E58/><N who="2" m="35023" /><F43/><AGARI ba="0,1" hai="5,7,20,24,27,29,31,32,43,46,48,97,102,104" machi="43" ten="30,11600,0" yaku="1,1,7,1,53,2" doraHai="56" doraHaiUra="21" who="3" fromWho="2" sc="332,0,298,0,150,-116,210,126" /><INIT seed="3,1,0,2,1,48" ten="332,298,34,336" oya="3" hai0="8,121,1,86,111,12,133,15,18,130,27,33,10" hai1="56,24,39,117,2,32,134,112,44,3,34,100,72" hai2="11,35,41,82,123,38,81,70,26,52,103,5,13" hai3="0,116,45,14,42,91,84,63,96,22,74,105,113"/><W67/><G74/><T101/><D101/><U59/><E112/><V95/><F70/><W77/><G0/><T30/><D86/><U64/><E72/><V80/><F123/><W58/><G113/><T106/><D106/><U126/><E117/><V57/><F38/><W89/><G116/><T87/><D87/><U107/><E126/><V49/><F41/><W119/><G119/><T61/><D121/><U54/><E134/><V4/><F35/><W75/><G75/><T51/><D133/><U62/><E107/><V37/><F37/><W124/><G124/><T122/><D122/><U132/><E132/><V50/><F26/><W71/><G71/><T90/><D90/><U88/><E32/><V102/><F95/><W69/><G69/><T17/><D61/><U25/><E34/><V19/><REACH who="2" step="1"/><F50/><REACH who="2" ten="332,298,24,336" step="2"/><W115/><G115/><T76/><D51/><N who="1" m="29031" /><E39/><V43/><F43/><W83/><G105/><T78/><D130/><U131/><E131/><V93/><F93/><W20/><G96/><T7/><D111/><U98/><E3/><V6/><AGARI ba="1,1" hai="4,5,6,11,13,19,49,52,57,80,81,82,102,103" machi="6" ten="30,8000,1" yaku="1,1,0,1,8,1,52,1,54,1,53,0" doraHai="48" doraHaiUra="120" who="2" fromWho="2" sc="332,-21,298,-21,24,93,336,-41" /><INIT seed="4,0,0,3,0,77" ten="311,277,117,295" oya="0" hai0="98,135,110,56,22,61,67,99,133,1,46,94,63" hai1="112,8,21,104,69,53,106,75,132,50,27,81,35" hai2="2,40,109,0,130,117,87,18,79,26,120,29,17" hai3="107,78,44,34,32,90,93,31,58,97,119,127,95"/><T19/><D1/><U124/><E69/><V125/><F120/><W88/><G107/><T80/><D110/><U52/><E112/><V128/><F109/><W129/><G119/><T74/><D46/><U126/><E35/><V42/><F117/><W118/><G118/><T108/><D108/><U14/><E53/><V102/><F102/><W115/><G115/><T100/><D99/><U111/><E132/><V7/><F125/><N who="1" m="48233" /><E111/><V47/><F79/><W13/><G127/><T10/><D10/><U122/><E122/><V66/><F66/><W85/><G129/><N who="2" m="49769" /><F87/><W96/><G31/><T121/><D121/><U45/><E75/><V134/><F134/><W73/><G73/><T101/><D101/><U37/><E37/><V70/><F70/><W20/><G44/><T9/><D9/><U51/><E51/><V54/><F54/><W16/><G58/><T57/><D74/><U4/><E81/><AGARI ba="0,0" hai="13,16,20,32,34,78,81,85,88,90,93,95,96,97" machi="81" ten="40,8000,1" yaku="9,1,52,1,54,2" doraHai="77" who="3" fromWho="1" sc="311,0,277,-80,117,0,295,80" /><INIT seed="5,0,0,5,4,37" ten="311,197,117,375" oya="1" hai0="122,123,41,121,70,80,89,109,107,125,74,58,84" hai1="108,6,60,15,98,126,12,81,17,19,135,99,61" hai2="86,96,94,43,127,83,62,131,26,76,93,11,114" hai3="13,106,130,110,65,9,46,21,116,115,92,30,23"/><U39/><E39/><V113/><F131/><W25/><G106/><T73/><D70/><U32/><E32/><V129/><F129/><W54/><G110/><T128/><D58/><U117/><E117/><V57/><F127/><W28/><G116/><T53/><D128/><U82/><E126/><V124/><F124/><W105/><G105/><T119/><D119/><U34/><E34/><V101/><F11/><W59/><G130/><T71/><D71/><U14/><E6/><V22/><F93/><W33/><G115/><N who="2" m="44041" /><F57/><W55/><G30/><T85/><D125/><U16/><E108/><V3/><F62/><N who="1" m="24169" /><E135/><V36/><F3/><W78/><G78/><T51/><D109/><U66/><E66/><V7/><F7/><W133/><G133/><T42/><D107/><U132/><E132/><V8/><F8/><W100/><G23/><T72/><D84/><U75/><E75/><V44/><F22/><W35/><G65/><T111/><D111/><U24/><E24/><AGARI ba="0,0" hai="24,26,36,43,44,76,83,86,94,96,101" m="44041" machi="24" ten="30,3900,0" yaku="15,1,11,1,52,1" doraHai="37" who="2" fromWho="1" sc="311,0,197,-39,117,39,375,0" /><INIT seed="6,0,0,5,0,25" ten="311,158,156,375" oya="2" hai0="126,60,56,63,104,3,50,19,33,28,71,46,41" hai1="49,127,52,129,92,68,78,86,53,30,94,97,40" hai2="91,76,22,51,24,26,43,18,65,85,59,67,14" hai3="116,36,44,31,9,118,72,103,11,62,47,54,82"/><V107/><F107/><W12/><G103/><T39/><D104/><U133/><E68/><V69/><F76/><W131/><G131/><T132/><D3/><U64/><E129/><V109/><F69/><W20/><G36/><T113/><D113/><U58/><E127/><V32/><F109/><W17/><G47/><T99/><D99/><U37/><E37/><V35/><F35/><W74/><G74/><T10/><D126/><U101/><E133/><V105/><F105/><W122/><G122/><T61/><D19/><U70/><E70/><V108/><F108/><W130/><G130/><T73/><D10/><U135/><E135/><V106/><F106/><W4/><G11/><T15/><D15/><U120/><E120/><V66/><F32/><W93/><G93/><T119/><D119/><U0/><E0/><V96/><F96/><W121/><G121/><T55/><D73/><U100/><E78/><V38/><F38/><W29/><G72/><T125/><D132/><U90/><E100/><V27/><F43/><W88/><G116/><T111/><D111/><U98/><E86/><V57/><REACH who="2" step="1"/><F51/><REACH who="2" ten="311,158,146,375" step="2"/><N who="3" m="29031" /><G62/><T79/><D79/><U75/><E40/><V115/><F115/><W134/><G134/><T128/><D128/><U5/><E49/><V23/><F23/><W87/><G118/><T34/><D34/><U112/><E112/><V110/><F110/><W84/><G84/><T45/><D125/><U6/><E75/><V77/><F77/><W13/><AGARI ba="0,1" hai="4,9,12,13,17,20,29,31,82,87,88" m="29031" machi="13" ten="30,7900,0" yaku="8,1,52,2,54,1" doraHai="25" who="3" fromWho="3" sc="311,-20,158,-20,146,-39,375,89" /><INIT seed="7,0,0,4,5,117" ten="291,138,107,464" oya="3" hai0="46,2,40,80,101,41,76,22,113,88,0,60,11" hai1="36,26,109,73,72,53,10,24,43,56,16,134,69" hai2="114,64,127,25,13,63,103,83,39,49,50,129,84" hai3="65,116,44,111,66,95,48,91,124,75,123,34,59"/><W119/><G34/><T112/><BYE who="2" /><D101/><U20/><E69/><V23/><F23/><W85/><G75/><T133/><D60/><U38/><E109/><V28/><F28/><W33/><G123/><T54/><D22/><U30/><E134/><V131/><F131/><W110/><G33/><T105/><D105/><U27/><E10/><V81/><F81/><W121/><G121/><T29/><D29/><U118/><E118/><V7/><F7/><W37/><G37/><T62/><D133/><U92/><E92/><V87/><F87/><W77/><G77/><T1/><D11/><U58/><E43/><V82/><F82/><W21/><G124/><T55/><D62/><U68/><E68/><V89/><F89/><W9/><G9/><T125/><D125/><U132/><E132/><V97/><F97/><W4/><G4/><T108/><D108/><N who="3" m="41513" /><G21/><T70/><D70/><U6/><E6/><V52/><F52/><N who="0" m="20010" /><D46/><U98/><E38/><V31/><F31/><W47/><G47/><T93/><D80/><U120/><E36/><V102/><F102/><W94/><G94/><T5/><D5/><U100/><E120/><V8/><F8/><W78/><G78/><T96/><D76/><U42/><E30/><V115/><F115/><W14/><G14/><T15/><D15/><U3/><E72/><V71/><F71/><W19/><G19/><T99/><D99/><U90/><E73/><V51/><F51/><W122/><G122/><T135/><D135/><U104/><E98/><V45/><F45/><W67/><G44/><T35/><D35/><U32/><E32/><RYUUKYOKU ba="0,0" sc="291,15,138,-15,107,-15,464,15" hai0="0,1,2,40,41,88,93,96,112,113" hai3="48,59,65,66,67,85,91,95,116,119" owari="306,11.0,123,-28.0,92,-41.0,479,58.0" /></mjloggm>