<mjloggm ver="2.3"><GO type="193" lobby="0"/><UN n0="%E3%81%BC%E3%81%AB%E3%81%B4%E3%82%93" n1="%4E%4F%42%E3%81%9F%E3%82%93" n2="%E7%9F%B3%E7%AB%9C%E5%AD%90%E3%81%AE%E4%B8%83%E5%AE%9D" n3="%E3%83%88%E3%83%88%E3%83%AA%E5%85%88%E7%94%9F%31%39%E6%AD%B3" dan="11,9,13,10" rate="1823.69,1830.56,1759.60,1755.51" sx="F,M,M,F"/><TAIKYOKU oya="0"/><INIT seed="0,0,0,2,0,43" ten="250,250,250,250" oya="0" hai0="124,25,119,23,116,24,111,78,106,107,89,28,81" hai1="66,110,46,67,26,34,122,31,21,0,129,61,82" hai2="115,99,100,134,10,90,91,74,12,30,18,16,93" hai3="113,11,41,118,135,7,48,9,17,131,2,96,5"/><T126/><D89/><U33/><E122/><V98/><F74/><W77/><G113/><T44/><D111/><U22/><E0/><V132/><F115/><W15/><G118/><T52/><D116/><U62/><E110/><V125/><F125/><N who="0" m="48234" /><D119/><U54/><E129/><V19/><F30/><W4/><G131/><T20/><D81/><U130/><E130/><V50/><F50/><W6/><G135/><N who="2" m="51753" /><F90/><W68/><G68/><T79/><D79/><U13/><E82/><V87/><F99/><W120/><G120/><T3/><D3/><U95/><E34/><V101/><F101/><W69/><G69/><T64/><D64/><N who="1" m="24619" /><E33/><V103/><F103/><W65/><G65/><T92/><D92/><AGARI ba="0,0" hai="10,12,16,18,19,87,91,92,93,98,100" m="51753" machi="92" ten="30,2000,0" yaku="20,1,54,1" doraHai="43" who="2" fromWho="0" sc="250,-20,250,0,250,20,250,0" /><INIT seed="1,0,0,2,1,89" ten="230,250,270,250" oya="1" hai0="67,101,47,72,135,46,108,94,19,14,103,91,16" hai1="90,79,42,4,41,5,124,32,3,64,99,65,48" hai2="122,97,76,110,131,20,7,80,60,74,82,34,52" hai3="6,15,11,120,13,81,126,83,121,23,36,37,106"/><U113/><E113/><V45/><F34/><W10/><G106/><T127/><D108/><U105/><E32/><V98/><F122/><W30/><G23/><T77/><D67/><N who="1" m="25675" /><E3/><V112/><F112/><W119/><G6/><N who="1" m="2666" /><E105/><V1/><F131/><W27/><G27/><T55/><D135/><U69/><E69/><V117/><F117/><W33/><G33/><T29/><D29/><U59/><E79/><V50/><F110/><W2/><G2/><T130/><D127/><U8/><E8/><V86/><F1/><W87/><G87/><N who="0" m="52607" /><D77/><U70/><E70/><V54/><F7/><W100/><G30/><T71/><D130/><U44/><E59/><V128/><F20/><W35/><G35/><T111/><D111/><U92/><E124/><V96/><F128/><W22/><G22/><N who="0" m="11543" /><D72/><U26/><E26/><V17/><F17/><W40/><G126/><T134/><D134/><U18/><E18/><V114/><F114/><W63/><G119/><T129/><D129/><U78/><E78/><V73/><REACH who="2" step="1"/><F82/><REACH who="2" ten="230,250,260,250" step="2"/><W109/><G109/><T43/><D19/><U49/><E49/><V104/><F104/><W123/><G123/><T95/><D43/><AGARI ba="0,1" hai="41,42,43,44,48,90,92,99" m="2666,25675" machi="43" ten="30,2900,0" yaku="8,1,52,1" doraHai="89" who="1" fromWho="0" sc="230,-29,250,39,260,0,250,0" /><INIT seed="1,1,0,3,4,55" ten="201,289,260,250" oya="1" hai0="0,72,73,7,75,102,100,39,49,127,92,1,16" hai1="15,90,83,131,36,53,18,28,79,23,56,5,132" hai2="103,70,64,78,98,88,112,31,25,111,122,106,47" hai3="118,58,109,119,71,104,135,107,110,91,59,67,82"/><U128/><E36/><V27/><F122/><W44/><G135/><T63/><D39/><U19/><E132/><V45/><F112/><W94/><G82/><T87/><D127/><U93/><E28/><V54/><F111/><N who="3" m="42507" /><G44/><T35/><D35/><U41/><E41/><V40/><F78/><W120/><G120/><T57/><D49/><U60/><E5/><V68/><F25/><W34/><G34/><T115/><D115/><U46/><E46/><V129/><F129/><N who="1" m="49737" /><E19/><V22/><F64/><W133/><G133/><T37/><D37/><U10/><E10/><V30/><F30/><W51/><G51/><T13/><D7/><U125/><E125/><V21/><F21/><W95/><G95/><T99/><D87/><N who="1" m="52447" /><E83/><V48/><REACH who="2" step="1"/><F88/><REACH who="2" ten="201,289,250,250" step="2"/><W8/><G67/><T114/><D102/><U65/><E79/><V76/><F76/><W113/><G113/><T2/><D114/><U124/><E124/><V62/><F62/><W52/><G118/><T3/><N who="0" m="512" /><DORA hai="96" /><T121/><D121/><U43/><E65/><V12/><F12/><W11/><G119/><T32/><D32/><U61/><E61/><V50/><AGARI ba="1,1" hai="22,27,31,40,45,47,48,50,54,68,70,98,103,106" machi="50" ten="20,8000,1" yaku="1,1,0,1,7,1,52,1,53,1" doraHai="55,96" doraHaiUra="26,108" who="2" fromWho="2" sc="201,-21,289,-41,250,93,250,-21" /><INIT seed="2,0,0,5,2,22" ten="180,248,343,229" oya="2" hai0="125,102,50,27,71,109,26,19,133,118,69,1,10" hai1="95,81,0,45,86,91,120,55,54,101,42,64,18" hai2="39,41,104,134,79,2,6,129,21,46,48,14,119" hai3="56,88,90,36,3,77,70,63,62,131,94,66,96"/><V84/><F119/><W59/><G131/><T78/><D118/><U121/><E0/><V5/><F104/><W116/><G116/><T35/><D35/><U9/><E64/><V28/><F129/><W115/><G115/><T8/><D133/><U92/><E42/><V126/><F134/><W100/><G3/><T97/><D78/><U37/><E37/><V85/><F126/><W60/><G36/><T13/><D125/><U7/><E7/><V105/><F105/><W65/><REACH who="3" step="1"/><G77/><REACH who="3" ten="180,248,343,219" step="2"/><T112/><D112/><U130/><E130/><V113/><F113/><W40/><G40/><T49/><D109/><U87/><E121/><V17/><F79/><W31/><G31/><T82/><D1/><U51/><E120/><V38/><F2/><W47/><G47/><T58/><D71/><U108/><E108/><V73/><F28/><W34/><G34/><T122/><D69/><U52/><E101/><V107/><F39/><W11/><G11/><N who="0" m="4139" /><D58/><U29/><E29/><V123/><F38/><W4/><G4/><T67/><D122/><U76/><E9/><V20/><F6/><W83/><G83/><T72/><D82/><N who="1" m="47431" /><E18/><V124/><F5/><W32/><G32/><T127/><D127/><U74/><E74/><V110/><F17/><W12/><G12/><T44/><D72/><U99/><E45/><V114/><F124/><W80/><G80/><T132/><D132/><U68/><E68/><V23/><F123/><W106/><G106/><N who="0" m="63823" /><D44/><N who="1" m="27751" /><E81/><V117/><F114/><W89/><G89/><T135/><D135/><U53/><E91/><V61/><F46/><W24/><G24/><RYUUKYOKU ba="0,1" sc="180,-10,248,-10,343,-10,219,30" hai3="56,59,60,62,63,65,66,70,88,90,94,96,100" /><INIT seed="3,1,1,1,5,129" ten="170,238,333,249" oya="3" hai0="1,37,93,90,70,82,27,29,56,64,21,72,128" hai1="133,39,106,112,76,115,122,0,4,61,35,95,60" hai2="86,121,6,87,119,53,116,19,118,2,45,73,24" hai3="89,96,126,66,83,68,100,8,16,38,62,20,31"/><W124/><G38/><T135/><D128/><U132/><E39/><V109/><F121/><W105/><G31/><T99/><D37/><U13/><E106/><V40/><F73/><W28/><G28/><T22/><D1/><U32/><E122/><V17/><F2/><W120/><G120/><T84/><D70/><U48/><E0/><V3/><F6/><W9/><G89/><T92/><D92/><U49/><E95/><V44/><F3/><W80/><G80/><T63/><D72/><U46/><E76/><V14/><F109/><W57/><G83/><T111/><D111/><U51/><E46/><V75/><F75/><W52/><G124/><T79/><D22/><U7/><E51/><V54/><F24/><W88/><G88/><T130/><D130/><U36/><E36/><V15/><F119/><W113/><G113/><T50/><D50/><U101/><E13/><V103/><F103/><AGARI ba="1,1" hai="4,7,32,35,48,49,60,61,101,103,112,115,132,133" machi="103" ten="25,6400,0" yaku="22,2,52,2" doraHai="129" who="1" fromWho="2" sc="170,0,238,77,333,-67,249,0" owari="170,-33.0,315,41.0,266,7.0,249,-15.0" /></mjloggm>