<mjloggm ver="2.3"><GO type="169" lobby="0"/><UN n0="%E7%9F%A2%E7%94%B0%E3%81%8F%E3%82%93" n1="%E3%82%A6%E3%83%AB%E3%83%88%E3%83%A9%E7%AB%8B%E7%9B%B4" n2="%E3%81%8D%E3%81%8F%E3%81%A6%E3%81%83%E3%81%99%E2%98%86" n3="%E8%90%BD%E5%90%88" dan="16,16,17,17" rate="2125.51,2139.50,2099.46,2182.75" sx="M,M,M,M"/><TAIKYOKU oya="0"/><INIT seed="0,0,0,3,3,52" ten="250,250,250,250" oya="0" hai0="40,23,96,28,123,3,97,61,26,39,127,87,124" hai1="116,9,125,57,113,111,98,79,33,10,71,4,91" hai2="77,72,21,93,80,8,29,63,133,129,51,99,131" hai3="35,0,85,38,60,130,73,58,14,103,75,118,114"/><T53/><D3/><U30/><E71/><V74/><F133/><W81/><G0/><T69/><D123/><U17/><E116/><V104/><F104/><W134/><G114/><T5/><D5/><U70/><E70/><V107/><F107/><W108/><G118/><T120/><D120/><U25/><E125/><N who="0" m="48201" /><D87/><U94/><E111/><V43/><F74/><W7/><G35/><T22/><D22/><U82/><E113/><V31/><F8/><W41/><G130/><N who="2" m="49673" /><F21/><W126/><G75/><T117/><D117/><U50/><E17/><V106/><F106/><W84/><G73/><T119/><D119/><U45/><E4/><V20/><F20/><W105/><G134/><T49/><D40/><U36/><E36/><V76/><F76/><W86/><G38/><T135/><D39/><U1/><E1/><V56/><F51/><W62/><G41/><T90/><D135/><U16/><E10/><V109/><F43/><W121/><G121/><T92/><D97/><U66/><E9/><V88/><F109/><W115/><G108/><T32/><D32/><U44/><E16/><V13/><F13/><W122/><G14/><T11/><D11/><U64/><E79/><V132/><F132/><W2/><G7/><T27/><D27/><U102/><E25/><V18/><F18/><W34/><G2/><T67/><D49/><U15/><E33/><V89/><F89/><W128/><G34/><T42/><D42/><U37/><E37/><V6/><F6/><W55/><G128/><T101/><D90/><U54/><E91/><V65/><AGARI ba="0,0" hai="29,31,56,63,65,72,77,80,88,93,99" m="49673" machi="65" ten="30,4000,0" yaku="19,1,52,1,54,1" doraHai="52" who="2" fromWho="2" sc="250,-20,250,-10,250,40,250,-10" /><INIT seed="1,0,0,1,1,65" ten="230,240,290,240" oya="1" hai0="106,107,79,30,2,84,63,21,62,22,67,76,13" hai1="15,6,56,60,99,111,19,47,129,108,33,71,124" hai2="9,54,44,10,83,100,0,18,122,74,39,26,105" hai3="91,120,70,36,132,118,119,32,64,27,113,78,133"/><U38/><E33/><V110/><F122/><W59/><G120/><T55/><D2/><U29/><E29/><V115/><F110/><N who="1" m="42025" /><E124/><V127/><F127/><W28/><G113/><T116/><D116/><N who="3" m="44585" /><G36/><T43/><D43/><N who="1" m="23031" /><E129/><V117/><F117/><W24/><G78/><T94/><D106/><U121/><E121/><V20/><F115/><W48/><G91/><N who="0" m="53607" /><D107/><U89/><E6/><V41/><F105/><W96/><G96/><T11/><D67/><N who="1" m="41447" /><E56/><V114/><F114/><W123/><G123/><T37/><D30/><U31/><E31/><V16/><F18/><W73/><G28/><T88/><D37/><U7/><E7/><V66/><F39/><W50/><G59/><N who="0" m="35199" /><D63/><U82/><E82/><V131/><F83/><W53/><G32/><T1/><D1/><U97/><E89/><V12/><F0/><W130/><G130/><T8/><D88/><U5/><E5/><V101/><F131/><W35/><G35/><T98/><D79/><U45/><E45/><V90/><F44/><W25/><G132/><T4/><D76/><U126/><E126/><V109/><F90/><W14/><G133/><T61/><D61/><U52/><E52/><V42/><F109/><W57/><G53/><T34/><D34/><U103/><E103/><V49/><F54/><W86/><G57/><T17/><D98/><U128/><E128/><V135/><F101/><W46/><G46/><T72/><D72/><U58/><E58/><V85/><F74/><W104/><G73/><T87/><D87/><U80/><E80/><V75/><F85/><W69/><G86/><T134/><D134/><RYUUKYOKU ba="0,0" sc="230,15,240,15,290,-15,240,-15" hai0="4,8,11,13,17,21,22" hai1="15,19,97,99" /><INIT seed="1,1,0,4,5,74" ten="245,255,275,225" oya="1" hai0="88,97,107,82,99,21,75,132,11,130,38,49,89" hai1="80,135,91,128,33,25,58,62,76,46,42,18,20" hai2="52,70,59,29,60,114,50,73,54,124,96,6,110" hai3="61,129,103,51,93,35,118,47,109,77,8,69,102"/><U87/><E128/><V119/><F119/><W3/><G129/><T2/><D38/><U134/><E33/><V101/><F110/><W126/><G35/><T7/><D130/><U113/><E113/><V40/><F114/><W24/><G109/><T32/><D32/><U1/><E1/><V98/><F124/><W56/><G69/><T27/><D132/><U41/><E91/><V63/><F73/><W104/><G104/><T94/><D49/><U127/><E127/><V123/><F123/><W116/><G24/><T14/><D2/><U23/><E23/><V55/><F29/><W4/><G126/><T95/><D107/><U85/><E87/><V15/><F98/><W12/><G3/><T17/><D75/><U34/><E34/><V57/><F70/><W92/><G102/><T72/><D72/><U90/><E90/><V112/><F112/><W83/><G103/><T5/><D82/><U0/><E0/><V45/><F6/><AGARI ba="1,0" hai="5,6,7,11,14,17,21,27,88,89,94,95,97,99" machi="6" ten="30,7700,0" yaku="7,1,9,1,8,1,54,1" doraHai="74" who="0" fromWho="2" sc="245,80,255,0,275,-80,225,0" /><INIT seed="2,0,0,1,2,38" ten="325,255,195,225" oya="2" hai0="27,116,130,40,128,65,106,64,24,42,72,98,57" hai1="50,92,49,6,123,60,94,82,132,9,17,83,112" hai2="19,111,100,62,41,44,16,95,52,134,18,15,43" hai3="59,58,25,118,69,71,121,8,135,12,28,105,55"/><V80/><F134/><W2/><G121/><T22/><D72/><U26/><E112/><V76/><F111/><W75/><G118/><T125/><D116/><U99/><E132/><V88/><F100/><W85/><G75/><T119/><D119/><U1/><E123/><V124/><F124/><W45/><G105/><T122/><D122/><U113/><E113/><V61/><F61/><W131/><G2/><T120/><D120/><U10/><E60/><V74/><F15/><W11/><G131/><N who="0" m="50219" /><D125/><U32/><E32/><V114/><F114/><W48/><G71/><T107/><D57/><U29/><E29/><V70/><F44/><W117/><G69/><T54/><D54/><U66/><E66/><N who="0" m="25705" /><D24/><U7/><E26/><V133/><F133/><W53/><G135/><T21/><D21/><U51/><E17/><V73/><F73/><W104/><G25/><T109/><D109/><U4/><E1/><V96/><REACH who="2" step="1"/><F70/><REACH who="2" ten="325,255,185,225" step="2"/><W47/><G117/><T110/><D110/><U5/><E5/><V81/><F81/><W78/><G12/><T37/><D37/><U77/><E83/><V30/><F30/><W103/><G59/><AGARI ba="0,1" hai="16,18,19,41,43,52,59,62,74,76,80,88,95,96" machi="59" ten="40,18000,2" yaku="1,1,52,2,54,3,53,0" doraHai="38" doraHaiUra="115" who="2" fromWho="3" sc="325,0,255,0,185,190,225,-180" /><INIT seed="2,1,0,2,4,59" ten="325,255,375,45" oya="2" hai0="38,6,58,52,4,28,72,2,121,37,63,98,109" hai1="55,96,0,26,76,80,115,93,36,29,18,45,89" hai2="44,24,16,39,50,88,22,94,69,56,11,48,34" hai3="27,43,42,122,66,124,74,10,32,73,100,132,110"/><V134/><F69/><W1/><G122/><T20/><D121/><U40/><E115/><V30/><F134/><W64/><G132/><T95/><D72/><U127/><E0/><V126/><F126/><W70/><G124/><T129/><D129/><U116/><E116/><V112/><F112/><W47/><G110/><T130/><D130/><U68/><E127/><V104/><F104/><W13/><G66/><T23/><D109/><U25/><E68/><V106/><F106/><W61/><G43/><T5/><D2/><U19/><E55/><N who="2" m="31863" /><F34/><W84/><G100/><T33/><D33/><U15/><E29/><V101/><F39/><W41/><G41/><T82/><D82/><U92/><E93/><V119/><F119/><W60/><G60/><T75/><D75/><U128/><E128/><V71/><F71/><W17/><G84/><T97/><D97/><U8/><E19/><V77/><F77/><W114/><G1/><T103/><REACH who="0" step="1"/><D20/><REACH who="0" ten="315,255,375,45" step="2"/><U120/><E120/><V35/><F35/><W78/><G114/><T21/><D21/><U51/><REACH who="1" step="1"/><E36/><REACH who="1" ten="315,245,375,45" step="2"/><V53/><F101/><W90/><G32/><T113/><D113/><U108/><E108/><V57/><F30/><W62/><G74/><AGARI ba="1,2" hai="8,15,18,25,26,40,45,51,74,76,80,89,92,96" machi="74" ten="30,2000,0" yaku="1,1,7,1,53,0" doraHai="59" doraHaiUra="99" who="1" fromWho="3" sc="315,0,245,43,375,0,45,-23" /><INIT seed="3,0,0,5,3,3" ten="315,288,375,22" oya="3" hai0="107,34,85,118,76,42,58,78,63,57,48,21,74" hai1="75,72,87,69,46,108,32,104,61,133,1,15,56" hai2="80,41,33,17,116,39,98,24,119,40,121,105,117" hai3="29,111,101,103,113,16,66,10,120,7,51,84,93"/><W38/><G38/><T13/><D34/><U54/><E1/><V86/><F121/><W99/><G113/><T127/><D74/><U129/><E69/><V132/><F39/><W47/><G120/><T71/><D107/><U53/><E32/><V20/><F132/><W95/><G29/><T70/><D118/><U5/><E104/><V2/><F33/><W112/><G112/><T82/><D127/><U89/><E133/><V64/><F64/><W67/><G111/><T91/><D70/><U123/><E123/><V96/><F2/><W50/><G50/><T49/><D71/><U55/><E129/><V36/><F36/><W65/><G84/><N who="0" m="48215" /><D76/><U73/><E108/><V28/><F28/><W77/><G77/><T52/><D42/><U23/><E46/><V60/><F105/><W45/><G45/><T68/><D68/><U19/><E5/><V94/><F119/><W59/><G59/><T12/><D21/><U27/><E27/><V0/><F24/><W11/><G51/><N who="0" m="19531" /><D58/><U4/><E4/><V6/><F0/><W37/><G47/><T131/><D131/><U22/><REACH who="1" step="1"/><E23/><REACH who="1" ten="315,278,375,22" step="2"/><V43/><F20/><W35/><G35/><T62/><D13/><U26/><E26/><V134/><F117/><W14/><G37/><T30/><D12/><U102/><E102/><V31/><F134/><W124/><G124/><T122/><D122/><U25/><E25/><V125/><F116/><W79/><G79/><T130/><D130/><U128/><E128/><V18/><F125/><W100/><G99/><T106/><D106/><U110/><E110/><V97/><F98/><RYUUKYOKU ba="0,1" sc="315,-15,278,15,375,-15,22,15" hai1="15,19,22,53,54,55,56,61,72,73,75,87,89" hai3="7,10,11,14,16,65,66,67,93,95,100,101,103" /><INIT seed="3,1,1,3,4,78" ten="300,293,360,37" oya="3" hai0="5,57,108,77,11,110,23,2,85,71,8,45,62" hai1="111,81,56,114,28,0,115,112,117,121,93,63,119" hai2="65,82,58,18,1,24,43,131,107,91,129,61,130" hai3="73,60,102,42,99,79,39,103,84,109,133,74,125"/><W26/><G39/><T94/><D71/><U120/><E0/><V86/><F107/><N who="3" m="63967" /><G42/><T7/><D45/><U127/><E28/><V67/><F1/><W100/><G60/><T46/><D46/><U44/><E44/><V59/><F43/><W19/><G19/><T49/><D49/><U48/><E48/><V3/><F3/><W116/><G26/><T135/><D135/><U14/><E93/><V75/><F75/><N who="3" m="28683" /><G133/><T40/><D40/><U33/><E33/><V16/><F24/><W98/><G116/><N who="1" m="44618" /><E14/><V87/><F86/><W41/><G41/><T92/><D23/><U37/><E37/><V76/><F76/><W66/><G66/><N who="0" m="39247" /><D11/><U113/><E113/><V13/><F13/><W90/><G125/><T101/><D7/><U30/><E30/><V54/><F67/><W80/><G109/><T64/><D64/><N who="1" m="39015" /><E127/><V122/><F122/><N who="1" m="47209" /><E81/><V96/><F65/><W95/><AGARI ba="1,1" hai="79,80,84,90,95,98,100,103" m="28683,63967" machi="95" ten="30,18000,2" yaku="35,5,52,1" doraHai="78" who="3" fromWho="3" sc="300,-61,293,-61,360,-61,37,193" /><INIT seed="3,2,0,3,2,124" ten="239,232,299,230" oya="3" hai0="10,50,27,67,35,132,17,100,104,109,28,73,134" hai1="41,48,7,99,5,69,51,42,31,53,101,98,77" hai2="127,72,33,107,81,115,80,56,64,88,60,58,39" hai3="24,29,119,90,106,122,36,75,87,71,63,21,82"/><W46/><G122/><T0/><D109/><U79/><E69/><V110/><F115/><W78/><G119/><T74/><D67/><U113/><E31/><V65/><F33/><W13/><G106/><T96/><D50/><U68/><E68/><V12/><F39/><W135/><G135/><N who="0" m="51755" /><D17/><U49/><E101/><V45/><F107/><W123/><G123/><T20/><D20/><U26/><E26/><V102/><F110/><W14/><G71/><T43/><D43/><N who="1" m="16395" /><E53/><V93/><F102/><W108/><G108/><T18/><D18/><U9/><E9/><V105/><F105/><W130/><G36/><T129/><D129/><U133/><E133/><V3/><F3/><W111/><G130/><T52/><D52/><U92/><E92/><V2/><F2/><W120/><G120/><T54/><D54/><U59/><E59/><V83/><F45/><W84/><G46/><T66/><D66/><U118/><E118/><V103/><F103/><W57/><G111/><T62/><D62/><U97/><E113/><V55/><F127/><W85/><G57/><T95/><D95/><U128/><E128/><V6/><F65/><W8/><G63/><T116/><D116/><U44/><E44/><V114/><F114/><W117/><G117/><T37/><D37/><U94/><E94/><V1/><F1/><W30/><G30/><T91/><D91/><U4/><AGARI ba="2,0" hai="4,5,7,48,49,51,77,79,97,98,99" m="16395" machi="4" ten="40,8000,1" yaku="29,2,28,2,8,1" doraHai="124" who="1" fromWho="1" sc="239,-22,232,86,299,-22,230,-42" /><INIT seed="4,0,0,1,5,121" ten="217,318,277,188" oya="0" hai0="17,104,37,132,74,96,68,72,58,5,110,50,83" hai1="92,131,77,21,39,102,119,97,115,94,28,11,44" hai2="123,75,135,23,108,114,111,26,112,47,0,107,20" hai3="61,15,100,93,46,87,7,12,124,134,73,53,48"/><T33/><D37/><U85/><E119/><V31/><F75/><W54/><G73/><T38/><D38/><U69/><E69/><V128/><F107/><W41/><G124/><T64/><D33/><U32/><E32/><V127/><F47/><W45/><G134/><T125/><D125/><U76/><E131/><V34/><F127/><W24/><G24/><T118/><D118/><U91/><E115/><N who="2" m="44075" /><F128/><W6/><G100/><N who="0" m="62471" /><D5/><U84/><E11/><V62/><F135/><W113/><G113/><T49/><D132/><U106/><E39/><V133/><F133/><W65/><G7/><T117/><D117/><U86/><E44/><V4/><F123/><W43/><G6/><T13/><D68/><U109/><E21/><N who="2" m="8267" /><F62/><W42/><G46/><T90/><D72/><U89/><E28/><V130/><F130/><W78/><G45/><T22/><D74/><U18/><E18/><V79/><F79/><N who="1" m="30281" /><E109/><N who="2" m="42059" /><F4/><W55/><G61/><N who="0" m="37943" /><D110/><U19/><E19/><V40/><F40/><W126/><G43/><T116/><D116/><U2/><E2/><AGARI ba="0,0" hai="0,2,26,31,34" m="42059,8267,44075" machi="2" ten="40,12000,2" yaku="15,1,34,2,52,3" doraHai="121" who="2" fromWho="1" sc="217,0,318,-120,277,120,188,0" /><INIT seed="5,0,0,5,2,67" ten="217,198,397,188" oya="1" hai0="45,16,28,9,49,122,33,60,121,110,94,118,54" hai1="3,85,126,32,27,134,96,14,18,36,20,128,68" hai2="42,22,17,104,80,51,56,102,35,61,23,31,34" hai3="114,0,41,11,37,44,101,69,65,38,70,88,71"/><U50/><E36/><V83/><F104/><W30/><G101/><T97/><D118/><U5/><E126/><V24/><F35/><W89/><G38/><T103/><D110/><U25/><E128/><V119/><F102/><W135/><G65/><T84/><D84/><U73/><E73/><V95/><F95/><W107/><G107/><T64/><D33/><U79/><E134/><V13/><F34/><W43/><G43/><T59/><REACH who="0" step="1"/><D28/><REACH who="0" ten="207,198,397,188" step="2"/><U78/><E32/><V123/><F119/><W21/><G30/><T131/><D131/><U6/><E85/><V63/><F123/><W15/><G135/><T52/><D52/><U108/><E108/><V82/><F42/><W86/><G86/><T8/><D8/><U40/><E96/><V72/><F72/><W90/><G114/><T133/><D133/><U48/><E79/><V106/><F106/><W127/><G127/><T99/><D99/><U62/><E78/><V130/><F130/><W55/><G55/><AGARI ba="0,1" hai="13,17,22,23,24,31,51,55,56,61,63,80,82,83" machi="55" ten="40,1300,0" yaku="8,1" doraHai="67" who="2" fromWho="3" sc="207,0,198,0,397,23,188,-13" /><INIT seed="6,0,0,0,4,9" ten="207,198,420,175" oya="2" hai0="92,99,126,110,39,1,109,124,80,65,115,74,40" hai1="82,10,61,96,66,114,113,68,94,127,42,86,17" hai2="105,59,60,130,95,87,83,20,29,11,30,41,13" hai3="16,26,102,15,133,116,21,90,58,44,47,93,123"/><V67/><F105/><W88/><G123/><T108/><D1/><U35/><E35/><V49/><F130/><W135/><G116/><T118/><D65/><U72/><E72/><V34/><F95/><W89/><G58/><T24/><D24/><U28/><E28/><V19/><F34/><W129/><G129/><T85/><D40/><U53/><E127/><N who="0" m="48681" /><D39/><U32/><E32/><V75/><F75/><W55/><G55/><T100/><D74/><U69/><E42/><V97/><F97/><N who="3" m="59695" /><G26/><T81/><D118/><U0/><E53/><V50/><F20/><W52/><G52/><T56/><D56/><U18/><E69/><V71/><F71/><W23/><G23/><T134/><D134/><AGARI ba="0,0" hai="15,16,21,44,47,88,89,90,133,134,135" m="59695" machi="134" ten="30,7700,0" yaku="20,1,52,1,54,2" doraHai="9" who="3" fromWho="0" sc="207,-77,198,0,420,0,175,77" /><INIT seed="7,0,0,4,1,10" ten="130,198,420,252" oya="3" hai0="4,36,6,88,45,114,99,110,81,68,26,21,2" hai1="77,76,27,119,115,128,92,87,90,62,39,16,97" hai2="70,22,94,71,122,133,113,56,134,74,125,112,91" hai3="124,65,106,109,47,5,60,44,80,46,121,66,55"/><W111/><G106/><T38/><D110/><N who="3" m="41993" /><G5/><T17/><D68/><U29/><E39/><V34/><F122/><W135/><G80/><T104/><D114/><N who="2" m="44138" /><F34/><W9/><G121/><T107/><D107/><U37/><E37/><V85/><F74/><W83/><G9/><T100/><D2/><U131/><E119/><V95/><F125/><W102/><G83/><T118/><D118/><U41/><E41/><V63/><F22/><W23/><G23/><T20/><D20/><U15/><E62/><V50/><F95/><W48/><G102/><T130/><D130/><N who="1" m="49707" /><E115/><V58/><F134/><W11/><G11/><T3/><D3/><U49/><E49/><V127/><F133/><W52/><G135/><T67/><D67/><N who="3" m="25609" /><G124/><T101/><D101/><U73/><E73/><V96/><F94/><W1/><G1/><T93/><D81/><U72/><E72/><V12/><F91/><W28/><G28/><T98/><REACH who="0" step="1"/><D38/><REACH who="0" ten="120,198,420,252" step="2"/><U108/><E108/><V32/><F127/><W86/><G86/><T89/><D89/><U64/><E87/><V129/><F85/><W120/><G120/><T31/><D31/><U79/><E29/><V84/><F32/><W0/><G0/><T75/><D75/><U13/><E64/><V54/><F84/><W7/><G7/><T24/><D24/><U116/><E116/><V69/><F129/><W82/><G82/><T117/><D117/><U57/><E27/><V103/><F103/><W126/><G126/><T42/><AGARI ba="0,1" hai="4,6,17,21,26,36,42,45,88,93,98,99,100,104" machi="42" ten="30,4000,0" yaku="1,1,0,1,54,1,53,0" doraHai="10" doraHaiUra="61" who="0" fromWho="0" sc="120,50,198,-10,420,-10,252,-20" owari="170,-33.0,188,-21.0,410,51.0,232,3.0" /></mjloggm>