<mjloggm ver="2.3"><GO type="41" lobby="0"/><UN n0="%E3%83%8F%E3%83%9E%E3%83%8E%E3%83%96%E3%83%AB%E3%82%AF" n1="%31%36%36%31" n2="%E5%B0%B1%E6%B4%BB%E7%94%9F%40%E5%B7%9D%E6%9D%91%E8%BB%8D%E5%9B%A3" n3="%E3%81%B5%E3%81%81%E3%83%BC%E3%82%81%E3%82%8A" dan="13,14,15,15" rate="1805.47,1936.87,2026.95,2006.79" sx="M,M,M,M"/><TAIKYOKU oya="0"/><INIT seed="0,0,0,3,2,44" ten="250,250,250,250" oya="0" hai0="80,61,9,76,130,90,69,112,37,11,92,40,20" hai1="99,73,66,48,129,84,91,56,78,33,88,28,22" hai2="83,96,116,79,7,4,8,17,127,107,72,30,16" hai3="21,3,50,119,104,68,1,125,51,117,109,46,95"/><T71/><D112/><U58/><E129/><V102/><F116/><W124/><G68/><T2/><D130/><U101/><E33/><V41/><F127/><N who="3" m="48715" /><G104/><T123/><D123/><U120/><E120/><V43/><F30/><W42/><G109/><T54/><D11/><U133/><E133/><V86/><F7/><W98/><G21/><T59/><D20/><U128/><E128/><V110/><F110/><W27/><G27/><T103/><D103/><U74/><E58/><V31/><F31/><W26/><G26/><T63/><D37/><U93/><E78/><V12/><REACH who="2" step="1"/><F72/><REACH who="2" ten="250,250,240,250" step="2"/><W53/><G119/><T24/><D2/><U75/><E28/><V64/><F64/><W100/><G117/><T38/><D69/><U6/><E6/><V39/><F39/><W65/><G65/><T5/><D71/><U67/><E22/><V29/><F29/><W52/><G42/><AGARI ba="0,1" hai="4,8,12,16,17,41,42,43,79,83,86,96,102,107" machi="42" ten="40,2600,0" yaku="1,1,54,1,53,0" doraHai="44" doraHaiUra="45" who="2" fromWho="3" sc="250,0,250,0,240,36,250,-26" /><INIT seed="1,0,0,2,2,93" ten="250,250,276,224" oya="1" hai0="47,74,44,113,110,90,105,71,108,123,9,60,2" hai1="17,87,23,0,29,96,6,131,35,38,31,127,129" hai2="116,62,124,69,120,101,88,80,50,117,121,11,26" hai3="56,125,95,130,40,61,76,53,28,91,45,135,82"/><U63/><E38/><V42/><F101/><W7/><G125/><T70/><D113/><U81/><E127/><V86/><F124/><W79/><G130/><T107/><D74/><U67/><E6/><V49/><F26/><W100/><G135/><T111/><D123/><U59/><E0/><V58/><F69/><N who="0" m="26122" /><D60/><U78/><E35/><V36/><F36/><W43/><G28/><T66/><D66/><U115/><E115/><V128/><F128/><N who="1" m="49225" /><E96/><V39/><F39/><W30/><G100/><T97/><D2/><U109/><E109/><V20/><F20/><W55/><G30/><T98/><D9/><U57/><E59/><V10/><F121/><W25/><G7/><T85/><D47/><U132/><E132/><V3/><F120/><W22/><G45/><T83/><D44/><U54/><E67/><V32/><F32/><W94/><G22/><T27/><D27/><AGARI ba="0,0" hai="17,23,27,29,31,54,57,63,78,81,87" m="49225" machi="27" ten="30,1500,0" yaku="19,1" doraHai="93" who="1" fromWho="0" sc="250,-15,250,15,276,0,224,0" /><INIT seed="1,1,0,3,4,12" ten="235,265,276,224" oya="1" hai0="129,75,20,38,115,111,104,9,72,133,108,76,106" hai1="100,42,101,90,32,14,65,52,48,78,92,64,67" hai2="122,26,44,39,30,73,2,80,82,96,66,132,81" hai3="61,18,88,29,85,54,89,8,134,98,119,128,131"/><U105/><E32/><V4/><F122/><W110/><G119/><T41/><D115/><U5/><E78/><V125/><F125/><W36/><G36/><T79/><D38/><U112/><E42/><V35/><F132/><W70/><G134/><T94/><D133/><U10/><E105/><N who="0" m="40553" /><D41/><U17/><E5/><V51/><F39/><W107/><G29/><T69/><D69/><U77/><E77/><N who="0" m="29769" /><D9/><U25/><E25/><V116/><F116/><W13/><G110/><N who="0" m="42027" /><D20/><U21/><E10/><V1/><F73/><W121/><G121/><T22/><D22/><U126/><E112/><V0/><F66/><W40/><G40/><T130/><D94/><U33/><E33/><V59/><F59/><W24/><G24/><T109/><D109/><U113/><E113/><V114/><F114/><W49/><G70/><T31/><D31/><U135/><E135/><V23/><F4/><W74/><G61/><T55/><D55/><U6/><E6/><V62/><F62/><W87/><G54/><T60/><D60/><U83/><E126/><V97/><F35/><W58/><G58/><T86/><D86/><N who="1" m="52311" /><E83/><V102/><F80/><W47/><G47/><AGARI ba="1,0" hai="14,17,21,47,48,52,64,65,67,100,101" m="52311" machi="47" ten="30,5800,0" yaku="8,1,52,1,54,1" doraHai="12" who="1" fromWho="3" sc="235,0,265,61,276,0,224,-61" /><INIT seed="1,2,0,5,3,34" ten="235,326,276,163" oya="1" hai0="99,37,98,54,77,5,20,113,60,135,19,7,3" hai1="42,127,97,101,12,117,88,133,72,16,53,104,18" hai2="33,95,46,59,120,126,11,57,9,96,32,40,49" hai3="128,110,87,75,56,17,73,2,102,38,86,65,28"/><U118/><E72/><V123/><F126/><W23/><G38/><T21/><D113/><U48/><E127/><V4/><F33/><W47/><G28/><T109/><D37/><U52/><E133/><V0/><F32/><W90/><G47/><T26/><D135/><U44/><E18/><V125/><F125/><W22/><G102/><T121/><D77/><U134/><E134/><V81/><F81/><W103/><G103/><T112/><D109/><U66/><E66/><V130/><F130/><W55/><G65/><T115/><D121/><U111/><E111/><V79/><F79/><W41/><G41/><T67/><D54/><U114/><E114/><V35/><F35/><W94/><G110/><T119/><D119/><U84/><E118/><V24/><F24/><W29/><G2/><T82/><D82/><U51/><E117/><V105/><F105/><W10/><G128/><T78/><D78/><U131/><E51/><V31/><F31/><W36/><G36/><T132/><D132/><U116/><E131/><V15/><F123/><W71/><G71/><T76/><D76/><U27/><E27/><V100/><REACH who="2" step="1"/><F120/><REACH who="2" ten="235,326,266,163" step="2"/><W108/><G108/><T124/><D26/><U80/><REACH who="1" step="1"/><E116/><REACH who="1" ten="235,316,266,163" step="2"/><V107/><F107/><W89/><G75/><T61/><D124/><U1/><E1/><V58/><F58/><W70/><G73/><T30/><D3/><U8/><AGARI ba="2,2" hai="8,12,16,42,44,48,52,53,80,84,88,97,101,104" machi="8" ten="20,18000,2" yaku="1,1,0,1,7,1,54,3,53,1" doraHai="34" doraHaiUra="13" who="1" fromWho="1" sc="235,-62,316,206,266,-62,163,-62" /><INIT seed="1,3,0,3,0,59" ten="173,522,204,101" oya="1" hai0="117,32,107,34,71,1,102,13,122,42,72,7,124" hai1="33,121,67,112,58,24,105,66,109,73,84,6,114" hai2="48,16,2,93,106,55,92,28,132,20,99,126,79" hai3="116,108,0,49,30,98,23,54,83,88,115,131,4"/><U9/><E73/><V12/><F2/><W3/><G115/><T52/><D117/><U43/><E105/><V35/><F132/><W50/><G116/><T64/><D72/><U85/><E121/><V56/><F126/><W46/><G108/><T21/><D1/><U135/><E135/><V45/><F79/><W15/><G131/><T63/><D42/><U44/><E109/><V68/><F68/><W81/><G3/><T60/><D124/><U10/><E33/><V74/><F74/><W8/><G49/><T70/><D122/><U120/><E24/><V19/><F35/><W61/><G0/><T40/><D40/><U39/><E120/><V119/><F28/><W14/><G61/><T86/><D86/><U76/><E66/><V29/><F29/><W11/><G23/><T103/><D34/><U75/><E10/><N who="2" m="6167" /><F106/><W129/><G30/><T25/><D32/><U26/><E114/><V113/><F113/><W87/><G98/><T38/><D38/><U65/><E76/><V110/><F110/><W47/><G129/><T77/><D77/><U91/><E75/><V125/><F125/><W51/><G51/><T69/><D107/><U101/><E39/><V133/><F133/><W134/><G134/><T37/><D70/><U22/><E112/><V94/><F119/><W27/><G27/><T41/><D71/><U95/><E26/><N who="2" m="14623" /><F45/><N who="3" m="27983" /><G81/><T62/><D37/><U128/><E44/><V96/><AGARI ba="3,0" hai="48,55,56,92,93,94,96,99" m="14623,6167" machi="96" ten="30,2000,0" yaku="8,1,54,1" doraHai="59" who="2" fromWho="2" sc="173,-8,522,-13,204,29,101,-8" /><INIT seed="2,0,0,4,2,130" ten="165,509,233,93" oya="2" hai0="16,67,114,118,80,84,44,4,100,105,2,124,133" hai1="15,97,115,90,121,37,73,71,135,35,78,24,132" hai2="77,95,82,101,122,51,59,30,116,54,6,22,86" hai3="106,92,112,91,62,25,55,18,131,50,14,27,111"/><V48/><F122/><W88/><G106/><T64/><D114/><U61/><E121/><V45/><F116/><W36/><G36/><T96/><D118/><U125/><E37/><V72/><F6/><W127/><G112/><T123/><D123/><U81/><E115/><V134/><F134/><N who="1" m="51241" /><E125/><V21/><F30/><W34/><G127/><T20/><D124/><U76/><E15/><V32/><F32/><W9/><G131/><T126/><D133/><U117/><E117/><V10/><F10/><W29/><G111/><T5/><D44/><U104/><E78/><V94/><F72/><W107/><G107/><T58/><D126/><U1/><E1/><V28/><F28/><W40/><G25/><T103/><D100/><N who="1" m="62479" /><E90/><V39/><F39/><W56/><G92/><N who="2" m="35369" /><F101/><W109/><REACH who="3" step="1"/><G109/><REACH who="3" ten="165,509,233,83" step="2"/><T98/><D105/><U12/><E24/><V53/><AGARI ba="0,1" hai="21,22,45,48,51,53,54,59,77,82,86" m="35369" machi="53" ten="30,1500,0" yaku="8,1" doraHai="130" who="2" fromWho="2" sc="165,-5,509,-5,233,25,83,-5" /><INIT seed="2,1,0,5,3,109" ten="160,504,258,78" oya="2" hai0="124,37,99,92,93,50,116,46,52,30,63,18,65" hai1="101,82,34,62,91,44,77,24,59,81,122,120,16" hai2="28,131,78,106,55,89,51,8,58,123,128,84,113" hai3="47,61,6,132,94,90,75,88,111,31,121,68,10"/><V130/><F106/><W127/><G75/><T32/><D124/><U54/><E101/><V117/><F117/><W83/><G127/><T79/><D116/><U29/><E44/><V41/><F123/><W19/><G111/><T70/><D79/><U86/><REACH who="1" step="1"/><E16/><REACH who="1" ten="160,494,258,78" step="2"/><V5/><F28/><W103/><G19/><T66/><D18/><U126/><E126/><V1/><F41/><W20/><G31/><T67/><D30/><U15/><E15/><V71/><F71/><W48/><G103/><T107/><D32/><U2/><E2/><V118/><F118/><W134/><G20/><T17/><D17/><U42/><E42/><V85/><F78/><W119/><G119/><T69/><D107/><U97/><E97/><V22/><F22/><W3/><G121/><T40/><D99/><U112/><E112/><V115/><REACH who="2" step="1"/><F85/><AGARI ba="1,1" hai="24,29,34,54,59,62,77,81,82,85,86,91,120,122" machi="85" ten="40,1300,0" yaku="1,1,53,0" doraHai="109" doraHaiUra="11" who="1" fromWho="2" sc="160,0,494,26,258,-16,78,0" /><INIT seed="3,0,0,1,4,39" ten="160,520,242,78" oya="3" hai0="88,5,29,60,47,93,81,0,16,33,46,85,71" hai1="84,68,87,117,77,128,101,59,118,129,45,63,9" hai2="34,12,69,126,56,27,114,90,50,97,65,32,127" hai3="125,30,135,10,38,96,91,70,120,121,28,43,20"/><W31/><G70/><T42/><D47/><U109/><E45/><V11/><F69/><W122/><G10/><T25/><D0/><U134/><E68/><V95/><F114/><W99/><G125/><N who="2" m="47625" /><F27/><W22/><G135/><T19/><D5/><U2/><E134/><V130/><F130/><W37/><G91/><T74/><D74/><U123/><E123/><V48/><F65/><W80/><G80/><T64/><D81/><U51/><E51/><AGARI ba="0,0" hai="16,19,25,29,33,42,46,51,60,64,71,85,88,93" machi="51" ten="30,7700,0" yaku="7,1,52,1,54,2" doraHai="39" who="0" fromWho="1" sc="160,77,520,-77,242,0,78,0" /><INIT seed="4,0,0,4,0,131" ten="237,443,242,78" oya="0" hai0="57,121,15,125,46,127,113,61,9,89,67,108,20" hai1="18,122,84,16,77,68,71,59,106,37,76,23,78" hai2="69,70,48,134,6,83,81,116,114,43,30,21,91" hai3="123,130,56,34,5,90,101,38,27,13,60,117,103"/><T62/><D121/><U1/><E37/><V35/><F35/><W2/><G38/><T17/><D113/><U63/><E1/><V128/><F116/><W4/><G117/><T25/><D108/><U36/><E36/><V94/><F114/><W11/><G123/><T45/><D125/><U66/><E106/><V105/><F128/><W102/><G130/><T28/><D127/><U8/><E122/><V44/><F105/><W112/><G112/><T0/><D89/><U115/><E115/><V92/><F6/><W99/><G90/><T97/><D97/><U50/><E84/><V54/><F70/><W93/><G4/><T73/><D73/><U10/><E50/><V26/><F69/><W126/><G126/><T19/><D0/><U95/><E95/><V135/><F92/><W49/><G49/><T39/><D39/><U3/><E3/><V7/><F7/><W14/><G14/><T88/><D88/><U133/><E68/><V100/><F100/><W87/><G87/><T64/><D28/><U104/><E71/><AGARI ba="0,0" hai="9,15,17,19,20,25,45,46,57,61,62,64,67,71" machi="71" ten="30,1500,0" yaku="7,1" doraHai="131" who="0" fromWho="1" sc="237,15,443,-15,242,0,78,0" /><INIT seed="4,1,0,1,2,25" ten="252,428,242,78" oya="0" hai0="89,103,121,129,26,38,79,116,112,77,59,123,88" hai1="48,1,125,91,51,2,10,36,120,106,39,131,96" hai2="15,40,12,110,74,35,33,100,87,20,5,34,66" hai3="68,58,73,126,119,117,47,118,16,98,45,56,65"/><T83/><D38/><U41/><E120/><N who="0" m="46153" /><D116/><U57/><E131/><V30/><F74/><W92/><G73/><T49/><D103/><U124/><E106/><V11/><F110/><W69/><G126/><T102/><D102/><U111/><E111/><V62/><F40/><W81/><G81/><T85/><D26/><U97/><E10/><V130/><F130/><W7/><G7/><T32/><D129/><U109/><E91/><N who="0" m="34889" /><D32/><U54/><E109/><V43/><F43/><W64/><G16/><T55/><D77/><U4/><E4/><V46/><F46/><N who="3" m="17419" /><G92/><T31/><D59/><N who="3" m="22569" /><G98/><T19/><D19/><U67/><E41/><V27/><F100/><W29/><G29/><T135/><D31/><U82/><E82/><V133/><F133/><W3/><G3/><T132/><D83/><U104/><E1/><V13/><REACH who="2" step="1"/><F87/><REACH who="2" ten="252,428,232,78" step="2"/><W80/><G80/><T60/><D85/><U114/><E125/><V21/><F21/><W63/><G63/><T50/><D60/><U61/><E61/><V113/><F113/><W99/><G99/><T37/><D112/><U17/><E97/><V94/><F94/><W53/><G53/><T108/><D55/><U76/><E54/><V42/><F42/><W14/><G65/><T23/><D23/><U93/><E114/><V105/><F105/><W122/><G64/><T78/><D108/><U24/><E124/><V101/><F101/><W70/><G122/><T8/><D37/><U115/><E39/><V44/><F44/><W72/><G72/><T71/><D135/><U84/><E115/><V107/><F107/><W52/><G52/><RYUUKYOKU ba="1,1" sc="252,-15,428,-15,232,15,78,15" hai2="5,11,12,13,15,20,27,30,33,34,35,62,66" hai3="14,68,69,70,117,118,119" /><INIT seed="5,2,1,5,5,85" ten="237,413,247,93" oya="1" hai0="55,99,122,126,15,97,43,16,124,131,100,109,107" hai1="8,6,106,26,101,88,12,104,111,77,53,91,73" hai2="115,121,81,67,134,120,90,125,35,71,58,57,89" hai3="130,82,76,118,45,117,66,23,80,29,114,18,19"/><U119/><E119/><N who="3" m="45578" /><G66/><T127/><D109/><U50/><E111/><V98/><F35/><W78/><G45/><T36/><D131/><U61/><E61/><N who="2" m="38319" /><F71/><W13/><G130/><T31/><D31/><U49/><E26/><V37/><F37/><W83/><G114/><T40/><D122/><U95/><E50/><V3/><F3/><W59/><G59/><T133/><D133/><U41/><E41/><V135/><F125/><W96/><G96/><T56/><D36/><U79/><E73/><V44/><F44/><W64/><G64/><T72/><D72/><U63/><E63/><V116/><F116/><W94/><G94/><T46/><D99/><N who="1" m="59647" /><E104/><V22/><F115/><W54/><G54/><T74/><D74/><U10/><E10/><V32/><F32/><W60/><G60/><N who="0" m="35871" /><D46/><N who="1" m="27831" /><E106/><V108/><F108/><W69/><G69/><T4/><D4/><U113/><E113/><V38/><F38/><W28/><G76/><AGARI ba="2,1" hai="6,8,12,76,77,79,88,91" m="27831,59647" machi="76" ten="30,11600,0" yaku="8,1,52,2,54,1" doraHai="85" who="1" fromWho="3" sc="237,0,413,132,247,0,93,-122" owari="237,-16.0,545,64.0,247,5.0,-29,-53.0" /></mjloggm>