<mjloggm ver="2.3"><GO type="169" lobby="0"/><UN n0="%E3%82%A6%E3%83%AB%E3%83%88%E3%83%A9%E7%AB%8B%E7%9B%B4" n1="%41%79%65%73%68%61" n2="%E3%81%BE%E3%81%93%E3%81%95%E3%81%A8%76%65%72%32" n3="%E7%AB%8B%E8%8F%AF%E5%A5%8F" dan="16,16,16,17" rate="2118.13,2103.00,2128.89,2210.10" sx="M,M,M,F"/><TAIKYOKU oya="0"/><INIT seed="0,0,0,0,3,107" ten="250,250,250,250" oya="0" hai0="40,113,94,126,99,87,19,82,43,54,66,56,28" hai1="92,69,12,131,72,44,98,93,1,118,15,25,27" hai2="63,97,24,67,76,33,8,47,6,3,101,91,128" hai3="89,29,123,17,129,37,42,106,49,18,130,75,111"/><T79/><D126/><U135/><E1/><V70/><F128/><N who="3" m="49259" /><G111/><T20/><D113/><U83/><E131/><V117/><F91/><W119/><G119/><T7/><D7/><U77/><E69/><V127/><F127/><W81/><G106/><T100/><D28/><U51/><E118/><V133/><F133/><W105/><G105/><T31/><D31/><U90/><E93/><V34/><F117/><W26/><G37/><T36/><D66/><U114/><E114/><V86/><F47/><N who="3" m="25847" /><G123/><T10/><D10/><U46/><E46/><V4/><F4/><W35/><G89/><T11/><D11/><U39/><E39/><V53/><F24/><W13/><G13/><T5/><D5/><U84/><E135/><V96/><F76/><AGARI ba="0,0" hai="17,18,26,29,35,75,76,81" m="25847,49259" machi="76" ten="30,2000,0" yaku="19,1,52,1" doraHai="107" who="3" fromWho="2" sc="250,0,250,0,250,-20,250,20" /><INIT seed="1,0,0,1,3,11" ten="250,250,230,270" oya="1" hai0="41,65,114,70,22,50,62,14,34,134,131,115,78" hai1="54,79,32,94,113,18,85,89,103,52,47,38,87" hai2="3,105,129,117,37,110,128,83,122,39,80,23,44" hai3="31,8,56,99,51,135,81,28,67,91,25,48,4"/><U108/><E113/><V53/><F105/><W20/><G135/><T124/><D124/><U119/><E32/><V21/><F3/><W97/><G28/><T107/><D134/><U57/><E119/><V88/><F122/><W86/><G51/><T82/><D131/><N who="2" m="50250" /><F117/><W61/><REACH who="3" step="1"/><G48/><REACH who="3" ten="250,250,230,260" step="2"/><T72/><D34/><U17/><E38/><V121/><F121/><W123/><G123/><T112/><D50/><N who="1" m="28767" /><E108/><V33/><F33/><W92/><G92/><T43/><D107/><U35/><E35/><V5/><F110/><W29/><G29/><T19/><AGARI ba="0,1" hai="14,19,22,41,43,62,65,70,72,78,82,112,114,115" machi="19" ten="40,2700,0" yaku="0,1,52,1" doraHai="11" who="0" fromWho="0" sc="250,37,250,-13,230,-7,260,-7" /><INIT seed="2,0,0,2,2,126" ten="287,237,223,253" oya="2" hai0="21,79,23,78,133,95,98,12,68,8,13,53,112" hai1="39,44,28,15,57,71,92,75,119,123,36,5,26" hai2="80,132,134,30,89,22,76,135,77,58,65,25,1" hai3="60,69,100,63,83,59,70,2,97,51,6,55,108"/><V56/><F1/><W81/><G108/><T18/><D68/><U88/><E71/><V10/><F10/><W64/><G2/><T102/><D112/><U34/><E75/><V109/><F109/><W62/><G6/><T90/><D133/><U128/><E128/><V124/><F124/><W93/><REACH who="3" step="1"/><G60/><REACH who="3" ten="287,237,223,243" step="2"/><T72/><D72/><U41/><E123/><V9/><F9/><W116/><G116/><T87/><D53/><U113/><E119/><V118/><F118/><W106/><G106/><T7/><REACH who="0" step="1"/><D21/><REACH who="0" ten="277,237,223,243" step="2"/><U47/><E113/><V125/><F125/><W42/><G42/><T120/><D120/><U17/><E41/><V20/><F20/><W73/><G73/><T107/><AGARI ba="0,2" hai="7,8,12,13,18,23,78,79,87,90,95,98,102,107" machi="107" ten="20,2700,0" yaku="1,1,0,1,7,1,53,0" doraHai="126" doraHaiUra="67" who="0" fromWho="0" sc="277,47,237,-7,223,-13,243,-7" /><INIT seed="3,0,0,1,5,39" ten="324,230,210,236" oya="3" hai0="113,126,95,66,22,128,105,73,92,109,108,93,19" hai1="50,45,53,102,84,132,48,124,77,56,122,135,37" hai2="91,15,13,9,65,130,25,61,33,80,107,41,81" hai3="82,69,24,68,43,90,6,12,5,8,4,44,78"/><W134/><G134/><N who="1" m="51242" /><E122/><V74/><F107/><W89/><G24/><T121/><D121/><U23/><E102/><V131/><F74/><W64/><G64/><T17/><D113/><U129/><E129/><V97/><F33/><W58/><G58/><T94/><D105/><U38/><E23/><V49/><F25/><W123/><G123/><T79/><D128/><U21/><E21/><V104/><F104/><W70/><G4/><T2/><D2/><U35/><E35/><V112/><F112/><W118/><G5/><T72/><D66/><U110/><E124/><V47/><F130/><W55/><G55/><T96/><D126/><U29/><E29/><V26/><F26/><W1/><G118/><T31/><D31/><U27/><E27/><V101/><F101/><W57/><G57/><T52/><D52/><N who="1" m="29711" /><E110/><V18/><F131/><W30/><G30/><T127/><D22/><U34/><E34/><V115/><F115/><W63/><G63/><T14/><D127/><U46/><E77/><V125/><F125/><W100/><G100/><T103/><D79/><U20/><E20/><V88/><F15/><W98/><G98/><T7/><D109/><U86/><E37/><V16/><F18/><N who="0" m="6666" /><D108/><U114/><E114/><V40/><F40/><AGARI ba="0,0" hai="38,40,46,50,53,56,84,86" m="29711,51242" machi="40" ten="30,3900,0" yaku="20,1,52,1,54,1" doraHai="39" who="1" fromWho="2" sc="324,0,230,39,210,-39,236,0" /><INIT seed="4,0,0,4,2,108" ten="324,269,171,236" oya="0" hai0="60,47,84,119,63,43,59,129,91,65,94,24,29" hai1="35,3,1,99,98,134,111,97,90,33,106,40,7" hai2="45,112,83,104,105,115,130,55,10,41,54,71,121" hai3="6,78,80,5,87,131,14,75,124,89,125,66,57"/><T101/><D129/><U25/><E111/><V62/><F121/><W120/><G131/><T76/><D119/><U9/><E134/><V44/><F130/><W127/><G120/><T49/><D76/><U13/><E40/><V42/><F10/><W11/><G66/><T31/><D101/><U100/><E25/><V85/><F85/><W18/><REACH who="3" step="1"/><G57/><REACH who="3" ten="324,269,171,226" step="2"/><N who="0" m="37103" /><D24/><U36/><E106/><V20/><F83/><AGARI ba="0,1" hai="5,6,11,14,18,75,78,80,83,87,89,124,125,127" machi="83" ten="40,2600,0" yaku="1,1,18,1,53,0" doraHai="108" doraHaiUra="113" who="3" fromWho="2" sc="324,0,269,0,171,-26,226,36" /><INIT seed="5,0,0,4,3,2" ten="324,269,145,262" oya="1" hai0="131,84,124,24,14,116,9,32,78,107,33,47,114" hai1="28,79,122,102,99,88,46,112,42,109,101,11,17" hai2="74,95,127,115,50,92,90,117,134,21,91,29,130" hai3="45,35,18,85,106,59,34,60,31,123,83,54,103"/><U121/><E112/><V13/><F117/><W94/><G123/><T12/><D107/><U80/><E109/><V125/><F29/><W63/><G106/><T20/><D116/><U58/><E28/><V38/><F38/><W41/><G31/><T44/><D32/><U26/><E58/><V6/><F74/><W120/><G120/><T7/><D33/><U86/><E102/><V73/><F73/><W27/><G60/><T56/><D124/><U10/><E121/><V110/><F110/><W61/><G61/><T52/><D14/><U30/><E122/><V16/><F134/><W75/><G75/><T133/><D131/><U51/><E17/><V104/><F104/><W1/><G1/><T111/><D133/><U43/><E43/><V3/><F130/><W69/><G69/><T132/><D114/><U93/><REACH who="1" step="1"/><E79/><REACH who="1" ten="324,259,145,262" step="2"/><V97/><F115/><W113/><G113/><T4/><D111/><U19/><E19/><V105/><F105/><W100/><G100/><T8/><D132/><U57/><E57/><V70/><F70/><W89/><G18/><N who="0" m="12311" /><D47/><U119/><E119/><V55/><F127/><W67/><G103/><T36/><D44/><U72/><E72/><V48/><F125/><W108/><G108/><T15/><D78/><U53/><E53/><V0/><F55/><W22/><G54/><T68/><D68/><U76/><E76/><V98/><F0/><W23/><G45/><T87/><D36/><U37/><E37/><V65/><F65/><W77/><G41/><T62/><AGARI ba="0,1" hai="4,7,8,9,12,15,52,56,62,84,87" m="12311" machi="62" ten="30,7900,0" yaku="8,1,52,2,54,1" doraHai="2" who="0" fromWho="0" sc="324,89,259,-39,145,-20,262,-20" /><INIT seed="6,0,0,4,1,66" ten="413,220,125,242" oya="2" hai0="92,87,60,107,89,62,98,105,16,77,63,30,5" hai1="11,134,101,126,1,91,81,80,115,57,39,36,114" hai2="13,0,90,27,43,55,12,85,97,64,125,119,120" hai3="109,8,44,56,14,129,76,86,23,110,58,122,37"/><V31/><F0/><W42/><G122/><T113/><D113/><N who="1" m="43019" /><E101/><V67/><F120/><W71/><G129/><T4/><D30/><U131/><E131/><V9/><F119/><W35/><G35/><T3/><D3/><U2/><E126/><V69/><F43/><W121/><G121/><T102/><D107/><U127/><E127/><V106/><F125/><W40/><G23/><T73/><D16/><U128/><E128/><V59/><F97/><W28/><G28/><T108/><D108/><U33/><E33/><V135/><F106/><W20/><G20/><T54/><D54/><U19/><E57/><V21/><F135/><W111/><G42/><T93/><D93/><U7/><E134/><V41/><F41/><W79/><G71/><T10/><D10/><U24/><E1/><V123/><F123/><W88/><G58/><T70/><D70/><U22/><E80/><AGARI ba="0,0" hai="4,5,60,62,63,73,77,80,87,89,92,98,102,105" machi="80" ten="40,2600,0" yaku="24,2" doraHai="66" who="0" fromWho="1" sc="413,26,220,-26,125,0,242,0" /><INIT seed="7,0,0,4,1,30" ten="439,194,125,242" oya="3" hai0="125,40,53,3,39,43,121,66,16,84,20,127,93" hai1="82,14,110,80,111,92,98,12,105,118,26,33,115" hai2="78,4,19,86,29,32,70,0,128,81,68,5,76" hai3="103,74,97,123,56,129,75,65,63,50,90,130,57"/><W28/><G123/><T24/><D121/><U87/><E118/><V1/><F128/><N who="3" m="49259" /><G90/><N who="0" m="53447" /><D39/><U99/><E115/><V42/><F42/><W77/><G77/><T34/><D3/><U116/><E116/><V100/><F100/><W60/><G50/><T31/><D53/><U124/><E124/><N who="0" m="47689" /><D66/><U59/><E110/><V10/><F19/><W112/><G112/><T18/><D18/><U6/><E111/><V73/><F86/><W71/><G28/><T72/><D72/><N who="3" m="27689" /><G60/><T35/><D35/><U120/><E33/><V2/><F78/><W122/><G122/><T114/><D114/><U11/><E120/><V48/><F48/><W9/><G9/><T101/><D101/><U131/><E131/><V108/><F108/><W104/><AGARI ba="0,0" hai="56,57,63,65,71,97,103,104" m="27689,49259" machi="104" ten="30,1500,0" yaku="19,1" doraHai="30" who="3" fromWho="3" sc="439,-5,194,-5,125,-5,242,15" /><INIT seed="7,1,0,5,2,4" ten="434,189,120,257" oya="3" hai0="88,27,96,101,54,67,66,92,6,81,53,113,9" hai1="51,133,46,57,89,123,58,99,31,124,119,102,69" hai2="10,0,49,25,121,114,8,110,122,22,105,44,115" hai3="11,62,26,35,45,30,109,19,106,61,107,64,20"/><W56/><G109/><T76/><D113/><N who="2" m="43018" /><F105/><W78/><G78/><T129/><D129/><U33/><E123/><N who="2" m="47115" /><F0/><W117/><G117/><T29/><D88/><U83/><E119/><V91/><F91/><W73/><G73/><T37/><D37/><U59/><E69/><V86/><F86/><W38/><G61/><T2/><D54/><N who="1" m="30071" /><E33/><V103/><F103/><W97/><G97/><T13/><D53/><U68/><E68/><V23/><F110/><W3/><G45/><T42/><D42/><U41/><E133/><V125/><F125/><W93/><G38/><T131/><D2/><U17/><E124/><V77/><F77/><W85/><G85/><N who="0" m="48295" /><D131/><U16/><E31/><N who="2" m="17847" /><F23/><AGARI ba="1,0" hai="6,9,13,23,27,29,66,67,92,96,101" m="48295" machi="23" ten="30,2000,0" yaku="8,1,52,1" doraHai="4" who="0" fromWho="2" sc="434,23,189,0,120,-23,257,0" owari="457,55.0,189,-21.0,97,-40.0,257,6.0" /></mjloggm>