<mjloggm ver="2.3"><GO type="169" lobby="0"/><UN n0="%E3%82%A6%E3%83%AB%E3%83%88%E3%83%A9%E7%AB%8B%E7%9B%B4" n1="%E3%81%8A%E3%81%98%E3%81%95%E3%82%93" n2="%72%69%6F%75%63%68%61%6E" n3="%35%79%61" dan="17,18,16,16" rate="2155.55,2185.54,2090.61,2115.02" sx="M,M,M,M"/><TAIKYOKU oya="0"/><INIT seed="0,0,0,0,2,107" ten="250,250,250,250" oya="0" hai0="105,130,88,79,18,5,24,111,123,1,44,121,109" hai1="135,21,132,96,17,95,127,75,77,30,60,36,110" hai2="78,118,104,28,46,27,14,82,63,99,33,42,115" hai3="90,12,57,54,98,70,39,38,125,68,97,83,26"/><T34/><D105/><U41/><E110/><N who="0" m="41993" /><D79/><U133/><E127/><V93/><F115/><W129/><G125/><T23/><D44/><N who="1" m="23591" /><E30/><V134/><F134/><N who="1" m="34305" /><U50/><DORA hai="10" /><E50/><V8/><F118/><W22/><G129/><T92/><D34/><U65/><E77/><V62/><F104/><W37/><G12/><T103/><D103/><N who="1" m="60831" /><E75/><V35/><F33/><W69/><G83/><T87/><D130/><U113/><E113/><V119/><F119/><W56/><G90/><T9/><AGARI ba="0,0" hai="1,5,9,18,23,24,87,88,92,121,123" m="41993" machi="9" ten="30,6000,0" yaku="14,1,10,1,54,1" doraHai="107,10" who="0" fromWho="0" sc="250,60,250,-20,250,-20,250,-20" /><INIT seed="0,1,0,2,4,131" ten="310,230,230,230" oya="0" hai0="23,96,111,59,109,52,9,119,77,69,54,28,125" hai1="99,13,130,132,84,116,58,118,62,67,31,126,74" hai2="32,78,90,128,20,93,7,95,30,1,94,53,35" hai3="104,101,63,64,110,76,57,15,133,25,124,73,12"/><T80/><D69/><U39/><E130/><V129/><F78/><W98/><G110/><T68/><D68/><U86/><E74/><V14/><F90/><W19/><G124/><T40/><D119/><U49/><E39/><V88/><F88/><W115/><G115/><T34/><D34/><U81/><E126/><V102/><F102/><W107/><G104/><T26/><D125/><U43/><E31/><V46/><F32/><W112/><G112/><T66/><D40/><U45/><E132/><V3/><F1/><W71/><G133/><T24/><D26/><U17/><E86/><V61/><F3/><W51/><G51/><T6/><D96/><U16/><E99/><V21/><F35/><W0/><G0/><T47/><D47/><U50/><E50/><N who="2" m="28887" /><F129/><W79/><G71/><T5/><D9/><U97/><E97/><V127/><F128/><W18/><G73/><T121/><D6/><U42/><E42/><V4/><F61/><W36/><G36/><T106/><D5/><N who="2" m="2122" /><F30/><W55/><G64/><T100/><D100/><U89/><REACH who="1" step="1"/><E17/><REACH who="1" ten="310,220,230,230" step="2"/><V114/><F114/><W65/><G19/><T27/><D28/><U48/><E48/><V113/><F113/><W60/><G18/><T56/><D111/><U120/><E120/><V29/><F127/><W103/><G98/><T44/><D109/><U37/><E37/><V41/><F29/><W123/><G123/><T135/><D121/><U22/><AGARI ba="1,1" hai="13,16,22,43,45,49,58,62,67,81,84,89,116,118" machi="22" ten="20,5200,0" yaku="1,1,0,1,7,1,54,1,53,0" doraHai="131" doraHaiUra="72" who="1" fromWho="1" sc="310,-27,220,65,230,-14,230,-14" /><INIT seed="1,0,0,0,5,111" ten="283,285,216,216" oya="1" hai0="112,25,70,50,62,128,20,8,52,22,40,43,64" hai1="93,31,127,82,5,23,1,108,65,106,131,95,18" hai2="21,48,114,92,77,51,49,80,105,19,14,130,79" hai3="113,3,46,102,47,68,96,63,27,32,10,90,123"/><U42/><E106/><V0/><F105/><W59/><G123/><T124/><D128/><U115/><E131/><V38/><F130/><W13/><G68/><T99/><D124/><U4/><E127/><V84/><F0/><W26/><G3/><T54/><D112/><U17/><E108/><V39/><F114/><W28/><G113/><T29/><D8/><U78/><E115/><V97/><REACH who="2" step="1"/><F79/><REACH who="2" ten="283,285,206,216" step="2"/><W72/><G90/><AGARI ba="0,1" hai="14,19,21,38,39,48,49,51,77,80,84,90,92,97" machi="90" ten="40,2600,0" yaku="1,1,2,1,53,0" doraHai="111" doraHaiUra="132" who="2" fromWho="3" sc="283,0,285,0,206,36,216,-26" /><INIT seed="2,0,0,5,3,6" ten="283,285,242,190" oya="2" hai0="124,131,108,64,65,88,91,8,128,3,111,39,83" hai1="46,27,93,55,58,117,130,123,129,28,132,47,22" hai2="84,18,89,49,120,79,103,26,16,45,20,37,52" hai3="106,85,41,13,125,63,121,70,71,113,17,98,4"/><V21/><F120/><W133/><G121/><T97/><D39/><U60/><E123/><V51/><F103/><W86/><G133/><T33/><D33/><U29/><E117/><V87/><F37/><W69/><G125/><T119/><D119/><U61/><E132/><V68/><F68/><W96/><G113/><T95/><D124/><U67/><E29/><V31/><F49/><W53/><G41/><T36/><D36/><U80/><E80/><N who="2" m="47135" /><F21/><W77/><G4/><N who="0" m="1055" /><D91/><U15/><E93/><AGARI ba="0,0" hai="16,18,20,26,31,45,51,52,87,89,93" m="47135" machi="93" ten="30,5800,0" yaku="8,1,54,2" doraHai="6" who="2" fromWho="1" sc="283,0,285,-58,242,58,190,0" /><INIT seed="2,1,0,5,5,125" ten="283,227,300,190" oya="2" hai0="92,27,62,127,68,131,105,97,54,26,28,0,83" hai1="18,100,41,76,104,75,55,52,84,118,43,13,101" hai2="82,111,46,78,112,93,57,61,59,12,29,33,63" hai3="88,36,2,108,109,6,7,19,42,74,91,124,20"/><V48/><F112/><W128/><G124/><T51/><D0/><U22/><E75/><V9/><F111/><N who="3" m="42571" /><G74/><T135/><D127/><U130/><E118/><V133/><F133/><W17/><G128/><T120/><D120/><U132/><E132/><V122/><F122/><W21/><G36/><T126/><D26/><U114/><E114/><V67/><F93/><W53/><G53/><N who="1" m="20554" /><E104/><V73/><F29/><W116/><G42/><N who="1" m="15882" /><E130/><V34/><F48/><W8/><G116/><T4/><D51/><U11/><E11/><V94/><F46/><W99/><G99/><T71/><D97/><U45/><E45/><V16/><REACH who="2" step="1"/><F94/><REACH who="2" ten="283,227,290,190" step="2"/><W89/><G7/><T81/><D4/><U64/><E64/><AGARI ba="1,1" hai="9,12,16,33,34,57,59,61,63,64,67,73,78,82" machi="64" ten="30,12000,1" yaku="1,1,2,1,7,1,9,1,54,1,53,0" doraHai="125" doraHaiUra="134" who="2" fromWho="1" sc="283,0,227,-123,290,133,190,0" /><INIT seed="2,2,0,4,4,127" ten="283,104,423,190" oya="2" hai0="81,131,51,98,129,77,4,84,28,11,102,120,104" hai1="80,5,60,69,100,53,15,52,124,62,128,50,68" hai2="66,93,14,115,17,105,3,94,58,103,72,2,47" hai3="54,117,25,70,90,21,133,36,86,38,116,134,7"/><V48/><F115/><W119/><G70/><N who="1" m="27242" /><E15/><V74/><F105/><W132/><G7/><T16/><D28/><U61/><E80/><V82/><F2/><W71/><G71/><T75/><D51/><U89/><E89/><V76/><F3/><W32/><G32/><T99/><D99/><U10/><E100/><V39/><F72/><W30/><REACH who="3" step="1"/><G54/><REACH who="3" ten="283,104,423,180" step="2"/><T24/><D4/><U1/><E5/><V111/><F66/><W41/><G41/><T97/><D120/><U121/><E121/><V95/><F111/><W19/><G19/><T18/><D18/><U22/><E1/><V85/><F17/><W29/><G29/><T73/><D16/><U49/><E10/><V87/><F14/><W46/><G46/><T37/><D11/><U78/><E22/><V56/><F47/><W125/><G125/><T45/><D45/><N who="1" m="27695" /><E124/><V40/><F40/><W92/><AGARI ba="2,1" hai="21,25,30,36,38,86,90,92,116,117,119,132,133,134" machi="92" ten="40,5200,0" yaku="1,1,0,1,20,1,53,0" doraHai="127" doraHaiUra="44" who="3" fromWho="3" sc="283,-15,104,-15,423,-28,180,68" /><INIT seed="3,0,0,5,1,6" ten="268,89,395,248" oya="3" hai0="130,15,128,111,109,18,105,97,66,44,53,129,41" hai1="118,55,110,127,76,98,29,26,115,39,25,112,5" hai2="7,126,133,51,71,42,16,95,89,92,36,48,73" hai3="77,3,32,134,67,8,56,40,124,59,80,54,33"/><W83/><G134/><T45/><D66/><U24/><E118/><V82/><F71/><W11/><G124/><T106/><D53/><U87/><E127/><V62/><F126/><W57/><G3/><T1/><D1/><U4/><E39/><V94/><F133/><W10/><G67/><T34/><D34/><N who="3" m="13417" /><G54/><T63/><D63/><U84/><E55/><V20/><F7/><N who="1" m="2633" /><E98/><V81/><F62/><W22/><G22/><T125/><D125/><U96/><E96/><V23/><F36/><W117/><G117/><T13/><D13/><U108/><E76/><V78/><F78/><W119/><BYE who="2" /><G119/><T70/><D70/><U100/><E100/><V43/><F43/><W91/><G77/><T35/><D35/><U46/><E46/><N who="0" m="18025" /><D41/><U38/><E38/><V121/><F121/><W47/><G47/><T88/><D105/><U27/><E84/><V74/><F74/><W114/><G114/><N who="1" m="43562" /><E87/><V79/><F79/><W135/><G135/><UN n2="%72%69%6F%75%63%68%61%6E" /><T65/><D65/><U50/><E50/><N who="2" m="18987" /><F73/><W28/><G40/><T0/><D106/><U69/><E69/><V58/><F42/><W68/><G68/><T123/><D0/><U116/><E116/><V101/><F101/><W120/><G120/><T30/><D123/><U17/><E17/><V107/><F107/><W99/><G28/><T104/><D30/><U113/><N who="1" m="43570" /><U37/><DORA hai="85" /><E37/><V49/><F16/><W93/><G99/><T132/><D104/><U31/><N who="1" m="6144" /><DORA hai="103" /><U21/><E21/><V131/><F20/><W19/><G19/><T61/><D132/><U72/><E72/><V14/><F23/><RYUUKYOKU ba="0,0" sc="268,-15,89,15,395,-15,248,15" hai1="29,31,108,110" hai3="8,10,11,56,57,59,80,83,91,93" /><INIT seed="3,1,0,3,3,12" ten="253,104,380,263" oya="3" hai0="27,34,23,119,6,0,47,70,67,110,79,71,78" hai1="53,90,13,31,98,7,118,24,60,102,40,66,87" hai2="4,133,28,89,62,117,58,106,44,100,122,8,46" hai3="80,14,32,51,42,26,92,114,16,129,69,25,134"/><W18/><G114/><T35/><D119/><U81/><E118/><V105/><F117/><W94/><G69/><T75/><D110/><U111/><E111/><V57/><F28/><W103/><G129/><T21/><D47/><U1/><E1/><V59/><F133/><W49/><G134/><T63/><D70/><U3/><E3/><V9/><F122/><W30/><G26/><T91/><D23/><U113/><E113/><V123/><F123/><W112/><G112/><T68/><D68/><U36/><E53/><V86/><F100/><W127/><G127/><T45/><D45/><N who="2" m="17514" /><F106/><W121/><G121/><T39/><D39/><U135/><E40/><V104/><F105/><W130/><G130/><T77/><D75/><U108/><E36/><V61/><F104/><W109/><G42/><T11/><REACH who="0" step="1"/><D91/><REACH who="0" ten="243,104,380,263" step="2"/><U37/><E108/><V132/><F132/><W76/><G109/><T52/><D52/><U128/><E37/><V72/><F72/><W15/><G32/><T125/><D125/><U101/><E128/><V97/><F89/><W73/><G73/><T5/><D5/><U84/><E135/><V22/><F4/><W85/><G103/><T93/><D93/><U99/><E101/><V56/><F22/><N who="3" m="15671" /><G94/><T88/><D88/><U82/><E102/><V131/><F131/><W43/><G43/><T65/><D65/><U83/><E66/><V17/><F62/><W2/><G92/><T50/><D50/><N who="3" m="18953" /><G2/><T107/><D107/><U120/><E120/><V29/><F61/><W33/><G33/><T124/><D124/><U116/><E60/><V55/><F55/><RYUUKYOKU ba="1,1" sc="243,15,104,-15,380,-15,263,15" hai0="0,6,11,21,27,34,35,63,67,71,77,78,79" hai3="14,15,16,18,76,80,85" /><INIT seed="3,2,1,0,1,89" ten="258,89,365,278" oya="3" hai0="135,43,121,26,90,78,91,105,113,63,2,22,71" hai1="17,14,111,44,88,130,115,106,40,76,1,64,15" hai2="133,129,94,33,11,85,109,16,13,10,19,61,101" hai3="102,25,3,134,116,51,60,55,67,45,81,52,92"/><W24/><G116/><T41/><D121/><U93/><E1/><V54/><F33/><W68/><G3/><T107/><D2/><U5/><E106/><V132/><F109/><W59/><G134/><N who="2" m="51817" /><F129/><W80/><G80/><T128/><D135/><U47/><E130/><V0/><F0/><W21/><G81/><T96/><D128/><U124/><E124/><V82/><F101/><W8/><G8/><N who="2" m="3113" /><F94/><W50/><REACH who="3" step="1"/><G21/><REACH who="3" ten="258,89,365,268" step="2"/><T65/><D22/><N who="1" m="11575" /><E111/><V46/><F82/><W23/><G23/><T79/><D113/><U37/><E115/><V103/><F19/><W87/><G87/><T32/><D32/><U38/><E76/><V39/><F85/><W74/><G74/><T108/><D79/><U57/><E5/><V119/><F16/><W30/><G30/><T18/><D18/><U66/><E15/><V27/><F119/><W9/><G9/><T7/><D78/><U117/><E117/><V56/><F13/><W100/><G100/><T127/><D7/><U95/><E88/><V97/><F27/><W75/><G75/><T20/><D91/><U42/><E38/><V6/><F6/><W29/><G29/><T62/><D108/><U69/><E37/><V125/><F39/><W4/><G4/><T77/><D26/><U126/><E126/><V98/><F125/><W28/><G28/><T70/><D127/><U104/><E104/><N who="0" m="40009" /><D77/><U99/><E95/><N who="2" m="58815" /><F98/><AGARI ba="2,2" hai="24,25,45,50,51,52,55,59,60,67,68,92,98,102" machi="98" ten="40,12000,1" yaku="1,1,52,1,54,1,53,1" doraHai="89" doraHaiUra="53" who="3" fromWho="2" sc="258,0,89,0,365,-126,268,146" /><INIT seed="3,3,0,5,0,131" ten="258,89,239,414" oya="3" hai0="98,64,94,72,96,110,8,39,42,26,15,93,49" hai1="108,114,67,76,20,14,60,134,28,87,69,106,120" hai2="107,2,31,56,92,103,112,62,21,57,102,79,85" hai3="41,111,70,104,133,12,58,97,3,95,59,82,122"/><W11/><G122/><T78/><D110/><U84/><E120/><V10/><F112/><W80/><G70/><T24/><D39/><U115/><E108/><V88/><F107/><W129/><G104/><T132/><D64/><U130/><E106/><V32/><F32/><W38/><G111/><T16/><D72/><U27/><E130/><V51/><F79/><W9/><G129/><T128/><D78/><U116/><E116/><V44/><F2/><W90/><G3/><T77/><D77/><U35/><E35/><V48/><F10/><W55/><G133/><T54/><D42/><U71/><E71/><V124/><F124/><W127/><G127/><T53/><D132/><U37/><E37/><V4/><F4/><W61/><G59/><N who="2" m="22601" /><F62/><W43/><G11/><T123/><D123/><U30/><E134/><V46/><F48/><W65/><G65/><T52/><D49/><U75/><E75/><V126/><F126/><W50/><G38/><T40/><D40/><N who="3" m="15433" /><G50/><T34/><D128/><U68/><E68/><V66/><F66/><BYE who="2" /><W118/><G118/><T33/><D33/><U83/><E115/><V73/><F73/><W121/><G121/><T81/><D81/><U25/><E114/><V13/><F13/><W45/><G45/><T0/><D0/><U19/><REACH who="1" step="1"/><E84/><REACH who="1" ten="258,79,239,414" step="2"/><V23/><F23/><W36/><G36/><T91/><D34/><U74/><E74/><V47/><F47/><W109/><G109/><T117/><D117/><U119/><E119/><V22/><F22/><W135/><G135/><T29/><D29/><AGARI ba="3,1" hai="14,19,20,25,27,28,29,30,60,67,69,76,83,87" machi="29" ten="40,1300,0" yaku="1,1,53,0" doraHai="131" doraHaiUra="1" who="1" fromWho="0" sc="258,-22,79,32,239,0,414,0" /><UN n2="%72%69%6F%75%63%68%61%6E" /><INIT seed="4,0,0,5,1,69" ten="236,111,239,414" oya="0" hai0="89,87,63,15,121,60,50,36,59,28,129,100,5" hai1="37,52,131,25,13,76,111,134,113,18,73,24,86" hai2="70,53,97,61,116,47,49,91,12,14,7,133,128" hai3="6,35,119,98,3,27,39,114,68,80,94,11,92"/><T34/><D129/><U135/><E111/><V17/><F128/><W118/><G119/><T9/><D121/><U29/><E131/><V64/><F133/><N who="1" m="50697" /><E73/><V101/><F116/><W102/><G68/><T72/><D72/><U107/><E107/><V31/><F31/><W20/><G118/><T125/><D36/><U55/><E113/><V30/><F30/><W32/><G114/><T38/><D38/><U43/><E86/><V23/><F91/><W95/><G39/><T41/><D125/><U66/><E76/><V62/><F62/><W26/><G80/><T0/><D0/><U19/><E66/><V8/><F97/><W79/><G79/><T112/><D112/><U110/><E110/><V1/><REACH who="2" step="1"/><F101/><REACH who="2" ten="236,111,229,414" step="2"/><W57/><G98/><T82/><D100/><U45/><E25/><AGARI ba="0,1" hai="1,7,8,12,14,17,23,25,47,49,53,61,64,70" machi="25" ten="30,3900,0" yaku="1,1,2,1,7,1,53,0" doraHai="69" doraHaiUra="93" who="2" fromWho="1" sc="236,0,111,-39,229,49,414,0" /><INIT seed="5,0,0,4,5,28" ten="236,72,278,414" oya="1" hai0="56,45,94,17,23,15,1,123,61,95,21,68,62" hai1="127,2,46,106,7,49,107,71,113,82,89,73,64" hai2="130,52,87,33,58,110,63,135,4,24,105,48,42" hai3="101,25,117,22,75,97,35,103,8,115,122,55,20"/><U31/><E127/><V128/><F110/><W78/><G122/><T93/><D1/><U40/><E113/><V118/><F118/><W124/><G115/><T39/><D123/><U59/><E31/><N who="2" m="19687" /><F105/><W72/><G124/><T32/><D32/><U85/><E73/><V79/><F4/><W76/><G117/><T29/><D68/><U34/><E34/><V114/><F114/><W36/><G35/><T19/><D29/><U60/><REACH who="1" step="1"/><E71/><REACH who="1" ten="236,62,278,414" step="2"/><V133/><F130/><W83/><G75/><T57/><D39/><U90/><E90/><V6/><F128/><W11/><G72/><T98/><D45/><U5/><E5/><V9/><F6/><W38/><G38/><T53/><D57/><U131/><E131/><V41/><F79/><W109/><G36/><T51/><D98/><U65/><E65/><N who="2" m="39159" /><F87/><W47/><G97/><T120/><D120/><U119/><E119/><V30/><F133/><W104/><G76/><T125/><D125/><U0/><E0/><V81/><F30/><W66/><G78/><T27/><AGARI ba="0,1" hai="15,17,19,21,23,27,51,53,56,61,62,93,94,95" machi="27" ten="30,2000,0" yaku="0,1,8,1" doraHai="28" who="0" fromWho="0" sc="236,30,62,-10,278,-5,414,-5" /><INIT seed="6,0,0,5,2,111" ten="266,52,273,409" oya="2" hai0="100,30,20,70,26,33,130,21,102,85,3,74,68" hai1="39,52,22,49,14,64,115,54,132,17,119,90,89" hai2="86,51,101,84,125,27,91,66,62,99,79,46,109" hai3="57,9,110,126,47,50,10,56,94,34,98,12,37"/><V58/><F125/><W63/><G34/><T123/><D74/><U103/><E132/><V114/><F114/><W65/><G126/><T6/><D123/><U72/><E119/><V116/><F109/><W93/><G37/><T45/><D130/><U80/><E39/><V69/><F116/><W0/><G0/><T43/><D33/><U133/><E133/><V31/><F79/><W117/><G117/><T71/><D85/><U38/><E38/><V73/><F73/><W97/><G110/><T95/><D95/><N who="3" m="36361" /><G57/><T35/><D6/><U124/><E124/><V128/><F128/><W104/><G104/><T40/><D3/><U18/><E64/><V120/><F120/><W32/><G32/><T118/><D118/><U11/><E103/><V67/><F69/><W106/><G106/><T16/><D35/><U48/><E115/><V41/><F67/><W108/><G108/><T4/><D45/><U81/><E72/><V77/><F77/><W42/><G10/><T78/><D78/><U15/><REACH who="1" step="1"/><E22/><REACH who="1" ten="266,42,273,409" step="2"/><N who="2" m="15863" /><F101/><W61/><G65/><T25/><D100/><U129/><E129/><V88/><F99/><W1/><G97/><T131/><D102/><U107/><E107/><V55/><F66/><W60/><G98/><T76/><D131/><U113/><E113/><V59/><F86/><W112/><G112/><T134/><D134/><U87/><E87/><V8/><F84/><W5/><G1/><T44/><D70/><U24/><E24/><V96/><F96/><W28/><G56/><N who="2" m="21545" /><F8/><AGARI ba="0,1" hai="8,11,14,15,17,18,48,49,52,54,80,81,89,90" machi="8" ten="25,8000,1" yaku="1,1,22,2,8,1,54,1,53,0" doraHai="111" doraHaiUra="36" who="1" fromWho="2" sc="266,0,42,90,273,-80,409,0" /><INIT seed="7,0,0,0,0,83" ten="266,132,193,409" oya="3" hai0="125,85,65,133,123,71,23,26,131,59,79,47,50" hai1="127,119,89,106,19,10,107,51,110,87,46,95,5" hai2="77,53,18,16,41,93,132,92,22,33,60,55,114" hai3="96,70,2,130,32,135,15,111,113,86,54,8,42"/><W44/><G86/><T6/><D85/><U76/><E110/><V3/><F33/><W28/><G54/><N who="2" m="20489" /><F3/><W120/><G113/><T62/><D65/><U52/><E119/><V49/><F132/><W30/><G120/><T58/><D59/><U29/><E127/><V126/><F126/><W100/><G130/><T69/><D23/><U121/><E121/><V81/><F114/><W73/><G44/><T75/><D47/><U117/><E117/><V11/><F60/><W57/><G42/><T101/><D62/><U39/><E29/><V31/><F77/><W115/><G30/><T56/><D79/><U122/><E122/><V1/><F81/><W82/><G28/><T118/><D71/><U38/><E76/><V98/><F1/><W91/><G82/><T109/><D69/><U84/><E84/><V78/><F78/><W45/><G2/><T13/><D75/><U34/><E34/><V36/><F36/><W72/><G70/><T112/><D125/><U104/><REACH who="1" step="1"/><E19/><REACH who="1" ten="266,122,193,409" step="2"/><V97/><F18/><W68/><G32/><T80/><D109/><U90/><E90/><V94/><F16/><W64/><G135/><T20/><D133/><U48/><E48/><V37/><F49/><W14/><G115/><T0/><D112/><U4/><E4/><V43/><F31/><W7/><G91/><T128/><D6/><U103/><E103/><V105/><F98/><W12/><G100/><T129/><D123/><U134/><E134/><V63/><F97/><W88/><G96/><T124/><D118/><U40/><E40/><V35/><F41/><W67/><G111/><RYUUKYOKU ba="0,1" sc="266,-10,122,30,193,-10,409,-10" hai1="5,10,38,39,46,51,52,87,89,95,104,106,107" owari="256,6.0,152,-35.0,183,-22.0,409,51.0" /></mjloggm>