<mjloggm ver="2.3"><GO type="169" lobby="0"/><UN n0="%E3%82%A6%E3%83%AB%E3%83%88%E3%83%A9%E7%AB%8B%E7%9B%B4" n1="%E8%AA%B2%E9%95%B7%E8%A6%96%E9%87%8E%E7%8B%AD%E7%AA%84" n2="%E9%BA%BB%E7%94%9F%E9%9B%80%E5%AD%90" n3="%E3%82%B5%E3%83%9C" dan="18,16,17,17" rate="2168.75,2089.26,2157.02,2177.61" sx="M,M,F,M"/><TAIKYOKU oya="0"/><INIT seed="0,0,0,0,1,46" ten="250,250,250,250" oya="0" hai0="54,57,94,52,47,42,90,81,106,107,127,89,67" hai1="113,31,87,23,110,84,12,98,58,68,96,18,102" hai2="40,4,7,123,131,24,100,6,122,39,125,32,63" hai3="66,35,124,76,116,25,64,43,28,45,59,14,79"/><T85/><D127/><U103/><E68/><V51/><F125/><W128/><G116/><T133/><D133/><U129/><E110/><V74/><F39/><W118/><G118/><T36/><D67/><U114/><E31/><V29/><F74/><W104/><G104/><T49/><REACH who="0" step="1"/><D54/><REACH who="0" ten="240,250,250,250" step="2"/><U11/><E114/><V121/><F131/><W38/><G128/><T80/><D80/><U134/><E113/><V132/><F132/><W93/><G124/><T97/><AGARI ba="0,1" hai="36,42,47,49,52,57,81,85,89,90,94,97,106,107" machi="97" ten="20,18000,2" yaku="1,1,0,1,7,1,52,1,54,1,53,2" doraHai="46" doraHaiUra="101" who="0" fromWho="0" sc="240,190,250,-60,250,-60,250,-60" /><INIT seed="0,1,0,4,3,62" ten="430,190,190,190" oya="0" hai0="53,39,134,2,110,99,86,10,64,80,90,113,61" hai1="89,15,76,27,117,125,14,131,51,98,72,25,122" hai2="103,74,42,57,69,29,35,135,7,93,111,47,82" hai3="11,87,105,127,3,75,31,46,92,58,68,119,43"/><T1/><D113/><U128/><E117/><V60/><F69/><W107/><G75/><T4/><D134/><U88/><E122/><V36/><F135/><W50/><G68/><T109/><D39/><U21/><E125/><V71/><F71/><W118/><G127/><T73/><D73/><U13/><E51/><V37/><F7/><W114/><G114/><T56/><D1/><U78/><E72/><V28/><F35/><W120/><G120/><T18/><D18/><U45/><E45/><V24/><F111/><N who="0" m="42506" /><D99/><U34/><E34/><V0/><F0/><W48/><G31/><T101/><D101/><U130/><E98/><V96/><F24/><N who="1" m="9289" /><E21/><V49/><F36/><W129/><G11/><T38/><D38/><U20/><E20/><V83/><F37/><W123/><G3/><T65/><AGARI ba="1,0" hai="2,4,10,53,56,61,64,65,80,86,90" m="42506" machi="65" ten="30,11700,0" yaku="14,1,10,1,52,2" doraHai="62" who="0" fromWho="0" sc="430,120,190,-40,190,-40,190,-40" /><INIT seed="0,2,0,2,3,7" ten="550,150,150,150" oya="0" hai0="101,105,58,122,91,3,17,23,109,26,82,66,49" hai1="123,22,78,120,111,41,11,86,81,70,20,113,119" hai2="135,47,57,90,9,114,100,46,124,121,74,24,130" hai3="16,25,15,117,96,110,12,29,94,55,56,77,33"/><T93/><D122/><U104/><E70/><V134/><F74/><W40/><G117/><T107/><D109/><U108/><E41/><V37/><F114/><W14/><G110/><N who="1" m="42026" /><E104/><V27/><F100/><W48/><G77/><T8/><D82/><U51/><E51/><V60/><F121/><N who="1" m="46665" /><E119/><V34/><F130/><W2/><G2/><T63/><D101/><U102/><E102/><V84/><F124/><W5/><G5/><T42/><D49/><U80/><E113/><V52/><F37/><W118/><G118/><T67/><D42/><U132/><E132/><N who="2" m="50731" /><F9/><W31/><G31/><T53/><D105/><U129/><E129/><V39/><F34/><W43/><G43/><T128/><D107/><U127/><E127/><V131/><F39/><W85/><G40/><T126/><D126/><U21/><E11/><V64/><F131/><W65/><G65/><T112/><D112/><U115/><E115/><V6/><F64/><W0/><G0/><T1/><D128/><U89/><E22/><V61/><F61/><W79/><G33/><T73/><D1/><U50/><E50/><V88/><F90/><W28/><G48/><T45/><D45/><N who="2" m="16906" /><F6/><W95/><G79/><T125/><D125/><U69/><E69/><V18/><F18/><W83/><G16/><T38/><D38/><U68/><E68/><V32/><F32/><N who="3" m="20495" /><G29/><T19/><D3/><U62/><E62/><V106/><F106/><W87/><G96/><N who="0" m="57407" /><D73/><AGARI ba="2,0" hai="20,21,73,78,80,81,86,89" m="46665,42026" machi="73" ten="30,1000,0" yaku="14,1" doraHai="7" who="1" fromWho="0" sc="550,-16,150,16,150,0,150,0" /><INIT seed="1,0,0,5,2,68" ten="534,166,150,150" oya="1" hai0="34,74,58,39,69,95,78,88,132,83,28,77,130" hai1="9,115,15,0,110,91,105,86,125,47,4,54,31" hai2="51,97,2,112,37,122,121,71,6,128,116,57,44" hai3="117,10,89,76,90,21,109,46,101,20,124,96,113"/><U63/><E105/><V127/><F71/><W100/><G113/><T65/><D69/><U73/><E73/><V118/><F128/><W85/><G109/><T123/><D78/><U102/><E115/><V129/><F129/><W40/><G124/><T106/><D39/><U80/><E102/><V79/><F79/><W18/><G117/><N who="2" m="45161" /><F97/><W8/><G76/><T70/><D132/><U135/><E31/><V92/><F112/><W53/><G53/><T98/><D58/><U55/><E135/><V66/><F92/><W19/><G96/><T133/><D65/><U14/><E125/><V52/><F6/><W1/><G1/><T93/><D70/><U108/><E55/><V134/><F134/><W114/><G114/><T13/><D106/><U72/><E72/><V50/><F2/><W103/><G46/><T12/><D133/><U33/><E33/><V62/><F127/><W30/><G30/><T27/><D130/><U38/><E63/><V82/><F82/><W43/><G100/><T64/><D64/><U42/><REACH who="1" step="1"/><E54/><REACH who="1" ten="534,156,150,150" step="2"/><N who="2" m="30055" /><F66/><W5/><G85/><T84/><D123/><U22/><E22/><V126/><F126/><W45/><G21/><T16/><D28/><U35/><E35/><V81/><F62/><W60/><G60/><T99/><D34/><U131/><E131/><V24/><F121/><W11/><G20/><N who="0" m="13703" /><D74/><U3/><E3/><V29/><F122/><W94/><G101/><AGARI ba="0,1" hai="12,13,77,83,84,88,93,95,98,99,101" m="13703" machi="101" ten="30,3900,0" yaku="8,1,54,2" doraHai="68" who="0" fromWho="3" sc="534,49,156,0,150,0,150,-39" /><INIT seed="2,0,0,2,0,59" ten="583,156,150,111" oya="2" hai0="65,73,70,1,110,7,98,113,102,35,77,14,11" hai1="22,135,81,21,46,43,49,82,24,107,128,99,85" hai2="20,33,76,122,42,68,117,123,78,84,37,63,129" hai3="19,90,124,92,112,50,79,93,131,48,54,38,32"/><V106/><F33/><W127/><G38/><T60/><D14/><U64/><E135/><V125/><F106/><W41/><G32/><T118/><D35/><U120/><E128/><V29/><F117/><W111/><G131/><T44/><D44/><U119/><E119/><V28/><F129/><W5/><G111/><T17/><D17/><U53/><E64/><V95/><F125/><N who="3" m="48203" /><G112/><T8/><D8/><U52/><E120/><V97/><F42/><W3/><G79/><T91/><D91/><U74/><E74/><V96/><F37/><W51/><G41/><T18/><D18/><U133/><E133/><V87/><F68/><W57/><G19/><T23/><D23/><U108/><E108/><V88/><F20/><W10/><G90/><T9/><D9/><U13/><E13/><V4/><F88/><W83/><G83/><N who="0" m="45487" /><D110/><U31/><E21/><V66/><F66/><W45/><G45/><T89/><D89/><U132/><E132/><V62/><REACH who="2" step="1"/><F4/><REACH who="2" ten="583,156,140,111" step="2"/><W100/><G100/><T103/><D103/><U55/><E107/><V6/><F6/><W30/><G30/><T121/><D118/><U80/><E99/><V69/><F69/><W47/><G47/><T0/><D121/><U130/><E130/><V15/><F15/><W126/><G126/><T56/><D70/><U134/><E134/><V39/><F39/><W34/><G34/><T36/><D36/><U104/><E104/><V71/><F71/><W109/><G109/><T101/><D101/><U114/><E114/><V40/><F40/><W86/><G93/><AGARI ba="0,1" hai="28,29,62,63,76,78,84,87,93,95,96,97,122,123" machi="93" ten="25,12000,1" yaku="1,1,22,2,52,2,53,0" doraHai="59" doraHaiUra="12" who="2" fromWho="3" sc="583,0,156,0,140,130,111,-120" owari="583,68.0,156,-24.0,270,7.0,-9,-51.0" /></mjloggm>