<mjloggm ver="2.3"><GO type="41" lobby="0"/><UN n0="%E3%82%84%E3%81%99%2D%59%61%73%75%2D" n1="%E5%A5%BD%E5%BD%A2%E5%85%88%E7%94%9F" n2="%E5%B0%B1%E6%B4%BB%E7%94%9F%40%E5%B7%9D%E6%9D%91%E8%BB%8D%E5%9B%A3" n3="%6D%75%63%68%E2%98%86" dan="14,15,15,14" rate="1880.49,1971.61,1959.76,1945.78" sx="M,M,M,M"/><TAIKYOKU oya="0"/><INIT seed="0,0,0,5,3,100" ten="250,250,250,250" oya="0" hai0="97,134,19,79,52,23,10,132,125,27,66,42,80" hai1="109,31,44,117,43,30,88,112,13,123,64,67,24" hai2="135,119,37,129,45,17,62,5,39,60,111,121,105" hai3="108,11,25,82,36,76,8,84,103,51,4,120,3"/><T54/><D42/><U15/><E117/><V116/><F105/><W130/><G36/><N who="2" m="13897" /><F5/><W29/><G120/><T72/><D66/><U16/><E123/><V22/><F121/><W9/><G130/><T47/><D125/><U55/><E109/><V1/><F1/><W75/><G103/><T127/><D127/><U99/><E112/><V53/><F22/><W89/><G108/><T21/><D10/><U133/><E133/><N who="0" m="51305" /><D47/><U57/><E15/><V28/><F17/><W90/><G51/><T110/><D110/><U12/><E13/><V94/><F28/><N who="1" m="10793" /><E24/><V59/><F94/><W124/><G124/><T98/><D21/><N who="1" m="11399" /><E44/><V78/><F111/><W65/><G65/><T131/><D131/><U118/><E43/><V41/><F129/><W40/><G40/><T71/><D71/><U95/><E118/><N who="2" m="45099" /><F78/><W70/><G70/><T96/><AGARI ba="0,0" hai="19,23,27,52,54,72,79,80,96,97,98" m="51305" machi="96" ten="30,3000,0" yaku="20,1,54,1" doraHai="100" who="0" fromWho="0" sc="250,30,250,-10,250,-10,250,-10" /><INIT seed="0,1,0,4,2,97" ten="280,240,240,240" oya="0" hai0="91,44,66,135,86,12,108,90,68,45,42,102,22" hai1="113,77,92,69,130,120,111,46,16,7,104,48,35" hai2="59,49,114,95,107,9,70,133,3,74,119,127,28" hai3="103,0,2,117,121,126,14,18,134,39,83,10,43"/><T29/><D135/><U124/><E69/><V109/><RYUUKYOKU type="yao9" ba="1,0" sc="280,0,240,0,240,0,240,0" hai2="3,9,28,49,59,70,74,95,107,109,114,119,127,133" /><INIT seed="0,2,0,1,2,44" ten="280,240,240,240" oya="0" hai0="84,77,68,11,134,113,74,29,6,40,90,106,23" hai1="1,129,46,61,12,33,66,102,79,13,37,25,115" hai2="76,86,112,111,15,39,105,17,60,62,101,97,41" hai3="7,28,133,99,42,107,58,131,18,20,24,80,100"/><T36/><D113/><U98/><E115/><V47/><F111/><W27/><G7/><T82/><D106/><U38/><E1/><V127/><F112/><W121/><G121/><T10/><D68/><U135/><E79/><V35/><F35/><W78/><G131/><T2/><D11/><U73/><E73/><V43/><F127/><W51/><G133/><T116/><D116/><U75/><E75/><V109/><F41/><W72/><G42/><T48/><D134/><U130/><E135/><V52/><F109/><W69/><G69/><T67/><D67/><U70/><E46/><V3/><F3/><W26/><G28/><T120/><D120/><U57/><E57/><V126/><F126/><W65/><G65/><T81/><D23/><U16/><E38/><V21/><F76/><W54/><AGARI ba="2,0" hai="18,20,24,26,27,51,54,58,72,78,80,99,100,107" machi="54" ten="30,2000,0" yaku="0,1,52,1" doraHai="44" who="3" fromWho="3" sc="280,-12,240,-7,240,-7,240,26" /><INIT seed="1,0,0,3,4,131" ten="268,233,233,266" oya="1" hai0="41,8,125,0,9,62,94,106,32,39,30,14,72" hai1="11,34,44,36,102,58,50,76,104,108,105,90,16" hai2="117,95,53,111,10,26,77,97,103,2,114,70,100" hai3="15,132,75,74,98,83,80,28,134,22,12,56,29"/><U118/><E118/><V45/><F70/><W81/><G98/><T133/><D106/><U119/><E119/><V6/><F111/><W69/><G69/><T63/><D72/><U82/><E108/><V31/><F117/><W130/><G130/><T60/><D0/><U57/><E36/><V126/><F114/><W99/><G99/><T88/><D39/><U79/><E34/><V91/><F77/><N who="1" m="29769" /><E105/><V68/><F68/><W115/><G115/><T46/><D125/><U116/><E102/><V127/><F45/><W89/><G56/><T49/><D30/><U107/><E116/><V128/><F53/><W38/><G38/><T71/><D32/><U25/><E107/><V20/><REACH who="2" step="1"/><F128/><REACH who="2" ten="268,233,223,266" step="2"/><W13/><G75/><T112/><D71/><U65/><E44/><V42/><F42/><W19/><G74/><T54/><D112/><U84/><E65/><V96/><F96/><W27/><G89/><T129/><D41/><U93/><E90/><V121/><F121/><W3/><G3/><T33/><D129/><U24/><E84/><V48/><F48/><W66/><G66/><T135/><D88/><U113/><E50/><V7/><F7/><W59/><G59/><T109/><D49/><U120/><E58/><V123/><F123/><W87/><G87/><T51/><D109/><U5/><E57/><V43/><F43/><W17/><G29/><T73/><D51/><U35/><E113/><V67/><F67/><W85/><G85/><T78/><D46/><U61/><E120/><V47/><F47/><W37/><G37/><T110/><D54/><U23/><E5/><RYUUKYOKU ba="0,1" sc="268,-15,233,-15,223,15,266,15" hai2="2,6,10,20,26,31,91,95,97,100,103,126,127" hai3="12,13,15,17,19,22,27,28,80,81,83,132,134" /><INIT seed="2,1,1,3,5,135" ten="253,218,238,281" oya="2" hai0="81,8,71,93,101,90,67,127,50,24,63,92,38" hai1="36,25,18,43,96,110,124,125,11,44,116,69,42" hai2="126,104,54,47,76,40,112,56,37,27,17,26,55" hai3="3,70,59,73,1,123,57,119,12,6,62,132,87"/><V98/><F112/><W78/><G70/><T106/><D38/><U48/><E116/><V108/><F108/><W19/><G119/><T2/><D106/><U107/><E110/><V49/><F76/><W130/><G123/><T45/><D127/><N who="1" m="48715" /><E69/><V21/><F126/><W65/><G73/><T51/><D24/><U52/><E36/><V22/><F104/><W14/><G130/><T28/><D81/><U66/><E66/><V58/><F98/><W4/><G132/><T91/><D28/><U118/><E118/><V72/><F72/><W61/><G78/><T75/><D75/><U79/><E79/><V68/><F68/><W83/><G83/><T82/><D82/><U35/><E35/><V77/><F77/><W33/><G33/><T5/><D101/><N who="1" m="62887" /><E25/><V46/><REACH who="2" step="1"/><F54/><REACH who="2" ten="253,218,228,281" step="2"/><W30/><G87/><T120/><D71/><U41/><E43/><V111/><F111/><W89/><G89/><T53/><D91/><U31/><E31/><AGARI ba="1,2" hai="17,21,22,26,27,31,37,40,46,47,49,55,56,58" machi="31" ten="30,2900,0" yaku="1,1,7,1,53,0" doraHai="135" doraHaiUra="133" who="2" fromWho="1" sc="253,0,218,-32,228,52,281,0" /><INIT seed="2,2,0,2,0,55" ten="253,186,280,281" oya="2" hai0="14,134,1,72,31,90,18,30,41,23,54,105,5" hai1="40,108,97,131,87,67,0,66,3,28,63,127,74" hai2="59,107,129,50,92,104,13,34,96,94,39,10,85" hai3="46,135,15,32,113,84,115,120,37,43,81,45,75"/><V20/><F39/><W52/><G120/><T111/><D105/><U22/><E74/><V42/><F34/><W8/><G75/><T21/><D72/><U77/><E108/><V58/><F129/><W62/><G32/><T114/><D114/><U86/><E131/><V121/><F121/><W6/><G135/><T76/><D111/><U12/><E127/><V93/><F20/><W64/><G46/><T116/><D41/><U124/><E124/><V27/><F27/><W53/><G115/><T68/><D68/><U17/><E66/><V88/><F107/><W83/><G81/><T25/><D76/><U110/><E110/><V119/><F104/><W51/><G37/><T69/><D90/><U118/><E118/><V24/><F24/><W78/><G113/><T61/><D69/><AGARI ba="2,0" hai="6,8,15,43,45,51,52,53,62,64,69,78,83,84" machi="69" ten="30,7700,0" yaku="7,1,25,2,54,1" doraHai="55" who="3" fromWho="0" sc="253,-83,186,0,280,0,281,83" /><INIT seed="3,0,0,5,3,36" ten="170,186,280,364" oya="3" hai0="94,73,57,64,34,135,45,95,49,79,131,56,7" hai1="39,24,129,55,126,44,20,46,84,118,69,75,85" hai2="117,109,88,5,65,0,25,76,77,3,40,68,92" hai3="123,101,19,107,110,60,38,58,21,132,111,114,97"/><W134/><G123/><T125/><D34/><U59/><E69/><V112/><F117/><W33/><G33/><T11/><D135/><U66/><E118/><V50/><F112/><W62/><G38/><T8/><D131/><U122/><E122/><V47/><F109/><N who="3" m="41483" /><G114/><T119/><D119/><U26/><E75/><V70/><F25/><N who="3" m="14527" /><G62/><T42/><D125/><U29/><E126/><V78/><F65/><AGARI ba="0,0" hai="58,60,65,97,101,107,132,134" m="14527,41483" machi="65" ten="30,2900,0" yaku="14,1,10,1" doraHai="36" who="3" fromWho="2" sc="170,0,186,0,280,-29,364,29" /><INIT seed="3,1,0,0,1,101" ten="170,186,251,393" oya="3" hai0="63,78,16,110,60,53,127,117,34,129,27,89,22" hai1="66,67,92,48,131,86,100,17,83,118,74,115,120" hai2="73,6,88,51,15,108,37,13,84,52,128,111,135" hai3="90,3,42,112,31,8,96,30,87,113,59,94,14"/><W38/><G3/><T76/><D117/><U36/><E118/><V124/><F73/><W105/><G31/><T25/><D129/><U71/><E36/><V47/><F128/><W5/><G30/><T57/><D110/><N who="2" m="42026" /><F124/><W45/><G59/><N who="0" m="34927" /><D34/><U122/><E131/><V7/><F135/><W9/><REACH who="3" step="1"/><G8/><REACH who="3" ten="170,186,251,383" step="2"/><T56/><D127/><U99/><E120/><V69/><F69/><W85/><G85/><T106/><D57/><U21/><E86/><V19/><F37/><W134/><G134/><T24/><D56/><U28/><E28/><V49/><F49/><W126/><G126/><T107/><D63/><U32/><E48/><V95/><F15/><W102/><AGARI ba="1,1" hai="5,9,14,38,42,45,87,90,94,96,102,105,112,113" machi="102" ten="30,11700,0" yaku="1,1,0,1,52,1,53,1" doraHai="101" doraHaiUra="103" who="3" fromWho="3" sc="170,-40,186,-40,251,-40,383,130" /><INIT seed="3,2,0,3,1,29" ten="130,146,211,513" oya="3" hai0="63,127,103,94,74,122,89,45,52,24,10,8,119" hai1="91,106,13,17,33,31,104,117,32,38,7,55,72" hai2="111,96,1,4,87,88,78,11,67,134,133,47,79" hai3="93,101,23,116,19,126,50,37,68,132,54,16,77"/><W109/><G37/><T6/><D119/><U56/><E117/><V118/><F118/><W128/><G68/><T51/><D122/><U3/><E72/><V95/><F111/><W82/><G116/><T130/><D74/><U99/><E38/><V80/><F67/><W15/><G109/><T27/><D130/><U86/><E31/><V108/><F108/><W60/><G126/><T59/><D127/><U30/><E30/><V76/><REACH who="2" step="1"/><F47/><REACH who="2" ten="130,146,201,513" step="2"/><W131/><G128/><T28/><D28/><U115/><E115/><V22/><F22/><W14/><G131/><T90/><D8/><U35/><E106/><V9/><F9/><W75/><G60/><T25/><D10/><U107/><E104/><V69/><F69/><W121/><G121/><T58/><D6/><U102/><E7/><V85/><F85/><W12/><G23/><T66/><D59/><U20/><E3/><V43/><F43/><W114/><G114/><T62/><D62/><U110/><E110/><V97/><F97/><AGARI ba="2,1" hai="24,25,27,45,51,52,58,63,66,89,90,94,97,103" machi="97" ten="40,2600,0" yaku="8,1,54,1" doraHai="29" who="0" fromWho="2" sc="130,42,146,0,201,-32,513,0" /><INIT seed="4,0,0,1,0,114" ten="172,146,169,513" oya="0" hai0="96,28,47,133,123,63,87,14,62,115,55,100,8" hai1="110,90,35,93,39,69,79,50,58,80,10,85,104" hai2="75,30,64,76,60,17,106,38,34,112,23,52,113" hai3="54,48,107,94,73,124,12,59,27,111,108,13,0"/><T42/><D115/><N who="2" m="44106" /><F106/><W128/><G0/><T121/><D133/><U18/><E110/><V132/><F38/><W21/><G73/><T82/><D28/><U122/><E122/><V92/><F132/><W70/><G107/><T95/><D123/><U101/><E69/><V134/><F134/><W53/><G70/><T1/><D1/><U5/><E39/><V37/><F37/><W81/><G128/><T109/><D109/><U51/><E35/><V29/><F34/><W127/><G81/><T71/><D71/><U103/><E18/><V78/><F92/><W26/><G26/><T117/><D117/><U16/><E58/><N who="2" m="34887" /><F64/><W33/><G33/><T97/><D121/><U49/><E104/><V24/><F75/><W15/><G94/><T40/><D97/><N who="1" m="57527" /><E5/><V25/><F30/><N who="3" m="17775" /><G54/><T118/><D118/><U22/><E10/><V91/><F91/><W89/><G89/><N who="0" m="51447" /><D55/><U126/><E126/><AGARI ba="0,0" hai="12,13,15,48,53,59,108,111,124,126,127" m="17775" machi="126" ten="30,1000,0" yaku="18,1" doraHai="114" who="3" fromWho="1" sc="172,0,146,-10,169,0,513,10" /><INIT seed="5,0,0,3,5,135" ten="172,136,169,523" oya="1" hai0="130,39,77,75,105,111,79,71,101,86,48,37,118" hai1="34,6,87,102,132,25,19,38,70,50,10,78,5" hai2="81,41,65,54,61,123,26,131,98,106,47,125,31" hai3="88,83,85,110,18,113,60,51,49,42,17,133,30"/><U121/><E38/><N who="2" m="21943" /><F54/><W116/><G110/><T8/><D71/><U76/><E70/><N who="2" m="42287" /><F123/><W29/><G116/><T89/><D48/><U44/><E121/><V80/><F131/><W36/><G133/><T2/><D39/><U4/><E132/><V64/><F64/><W40/><G60/><T92/><D37/><U12/><E102/><N who="2" m="62807" /><F125/><W114/><G36/><T73/><D130/><U134/><E134/><V112/><F112/><W32/><G32/><AGARI ba="0,0" hai="26,31,32,80,81" m="62807,42287,21943" machi="32" ten="30,1000,0" yaku="25,1" doraHai="135" who="2" fromWho="3" sc="172,0,136,0,169,10,523,-10" /><INIT seed="6,0,0,4,1,53" ten="172,136,179,513" oya="2" hai0="2,107,7,100,27,126,4,91,6,79,97,24,10" hai1="103,46,32,45,98,67,37,76,127,84,120,39,38" hai2="43,28,70,11,12,90,117,111,19,131,25,13,34" hai3="135,108,102,57,0,63,8,9,18,47,104,78,69"/><V66/><F111/><W51/><G69/><T31/><D79/><U35/><E127/><V87/><F117/><W82/><G108/><T21/><D91/><U17/><E120/><V54/><F131/><W59/><G135/><T14/><D126/><U123/><E123/><V125/><F125/><W89/><G89/><T52/><D2/><U118/><E118/><V134/><F134/><W50/><G102/><T61/><REACH who="0" step="1"/><D24/><REACH who="0" ten="162,136,179,513" step="2"/><U99/><E76/><V42/><F13/><W130/><G0/><T72/><D72/><U20/><E103/><V71/><F90/><W22/><G130/><T64/><D64/><U119/><E67/><V3/><F3/><W105/><G78/><T15/><D15/><U62/><E119/><V23/><F66/><W83/><G9/><T94/><D94/><U122/><E122/><V41/><F71/><W55/><G8/><T29/><D29/><U96/><E84/><V81/><F70/><W95/><G95/><T86/><D86/><U68/><E68/><V56/><F87/><W58/><G105/><T77/><D77/><U40/><E99/><V44/><F81/><W110/><G104/><T85/><D85/><U30/><E98/><V112/><F112/><W115/><G115/><T92/><D92/><U101/><E62/><V73/><F73/><W48/><G110/><T36/><D36/><N who="1" m="13931" /><E30/><V121/><F121/><W65/><G83/><T133/><D133/><U129/><E129/><V16/><F34/><W49/><G82/><T116/><D116/><U109/><E109/><V124/><F124/><W60/><G65/><T33/><D33/><RYUUKYOKU ba="0,1" sc="162,15,136,-15,179,-15,513,15" hai0="4,6,7,10,14,21,27,31,52,61,97,100,107" hai3="18,22,47,48,49,50,51,55,57,58,59,60,63" /><INIT seed="7,1,1,0,4,88" ten="177,121,164,528" oya="3" hai0="3,45,25,117,41,85,77,120,119,67,12,82,14" hai1="26,135,7,37,6,118,0,13,71,24,64,103,100" hai2="94,106,111,42,51,108,84,8,127,4,16,32,101" hai3="31,19,115,22,129,47,15,48,57,97,76,73,80"/><W20/><G129/><T74/><D120/><U58/><E71/><V128/><F32/><W102/><G115/><T34/><D67/><U54/><E118/><V46/><F106/><W17/><G31/><T66/><D66/><U121/><E0/><V98/><F128/><W75/><G57/><T125/><D3/><U130/><E130/><V104/><F127/><W112/><G112/><T95/><D125/><U56/><E37/><V11/><F11/><W27/><G75/><T2/><D2/><U126/><E126/><V92/><F16/><W29/><G29/><T96/><D74/><U44/><E121/><V86/><F86/><W99/><G102/><N who="1" m="38954" /><E135/><V69/><F69/><W23/><G23/><T133/><D34/><U36/><E36/><V43/><F43/><AGARI ba="1,1" hai="15,17,19,20,22,27,43,47,48,73,76,80,97,99" machi="43" ten="30,1500,0" yaku="7,1" doraHai="88" who="3" fromWho="2" sc="177,0,121,0,164,-18,528,28" owari="177,-2.0,121,-38.0,146,-25.0,556,65.0" /></mjloggm>