<mjloggm ver="2.3"><GO type="97" lobby="0"/><UN n0="%68%69%6D%75%72%6F%33%39" n1="%67%65%6D%73" n2="%E5%B0%B1%E6%B4%BB%E7%94%9F%40%E5%B7%9D%E6%9D%91%E8%BB%8D%E5%9B%A3" n3="%E3%81%AF%E3%81%AA%E3%81%BE%E3%82%8B%E3%81%8D" dan="13,14,14,13" rate="1828.50,1937.57,1993.32,1856.87" sx="M,F,M,M"/><TAIKYOKU oya="0"/><INIT seed="0,0,0,4,5,36" ten="250,250,250,250" oya="0" hai0="19,53,119,115,10,9,31,97,80,110,111,102,14" hai1="75,126,23,116,121,56,79,130,96,27,26,74,91" hai2="95,90,48,41,67,38,32,3,77,6,104,129,47" hai3="69,93,21,72,16,113,4,70,132,108,87,62,94"/><T63/><D115/><U118/><E121/><V99/><F129/><W88/><G113/><T5/><D119/><U89/><E130/><V71/><F32/><W112/><G112/><T131/><D131/><U58/><E126/><V65/><F71/><W120/><G120/><T135/><D135/><U11/><E23/><V8/><F104/><W114/><G114/><T98/><D80/><U15/><E79/><V81/><REACH who="2" step="1"/><F48/><REACH who="2" ten="250,250,240,250" step="2"/><W125/><G132/><T24/><D102/><U103/><E103/><V13/><F13/><W35/><G35/><N who="0" m="20967" /><D53/><U45/><E118/><V1/><F1/><W57/><G70/><T44/><D63/><U61/><E116/><V134/><F134/><W50/><G69/><T78/><D44/><U124/><E124/><V25/><F25/><W73/><G50/><T92/><D78/><U66/><E27/><V18/><F18/><W17/><G4/><T59/><D59/><U117/><E26/><V109/><F109/><N who="0" m="41482" /><D92/><U85/><E117/><V86/><AGARI ba="0,1" hai="3,6,8,38,41,47,65,67,77,81,86,90,95,99" machi="86" ten="20,8000,1" yaku="1,1,0,1,7,1,52,1,53,1" doraHai="36" doraHaiUra="68" who="2" fromWho="2" sc="250,-40,250,-20,240,90,250,-20" /><INIT seed="1,0,0,3,4,115" ten="210,230,330,230" oya="1" hai0="30,36,100,98,12,31,1,83,84,119,64,8,94" hai1="0,57,97,23,132,93,131,25,113,87,16,9,39" hai2="59,86,47,6,17,62,56,21,10,26,112,128,11" hai3="85,22,89,15,41,133,54,96,5,95,111,28,135"/><U109/><E39/><V124/><F112/><W106/><G41/><T73/><D1/><U33/><E113/><V130/><F124/><W77/><G111/><T110/><D36/><U82/><E109/><V76/><F47/><W108/><G108/><T68/><D73/><U74/><E74/><V69/><F69/><W52/><G77/><T126/><D126/><U4/><E132/><N who="3" m="50762" /><G28/><T37/><D37/><U116/><E131/><N who="2" m="50219" /><F62/><W32/><G32/><T14/><D119/><U118/><E57/><N who="2" m="22091" /><F6/><W120/><G120/><T55/><D110/><U104/><E104/><V60/><F60/><W71/><G71/><T44/><D64/><U81/><E33/><V123/><F123/><W53/><G106/><T125/><D68/><U45/><E45/><V75/><F75/><W117/><G117/><T107/><D107/><U35/><E35/><V38/><F38/><W3/><G3/><T121/><D121/><U99/><E99/><V79/><F79/><W42/><G42/><T127/><D127/><U7/><E7/><V27/><F27/><W50/><G5/><T70/><D70/><U13/><E0/><V103/><F103/><N who="3" m="60831" /><G22/><T90/><D125/><U101/><E82/><AGARI ba="0,0" hai="10,11,17,21,26,76,82,86" m="22091,50219" machi="82" ten="30,1000,0" yaku="19,1" doraHai="115" who="2" fromWho="1" sc="210,0,230,-10,330,10,230,0" /><INIT seed="2,0,0,3,2,107" ten="210,220,340,230" oya="2" hai0="11,53,128,92,95,99,63,83,135,82,58,76,52" hai1="105,70,134,5,129,20,88,32,132,133,114,89,75" hai2="54,17,93,110,61,78,38,12,113,1,57,14,62" hai3="30,102,84,0,8,9,79,120,72,59,71,65,18"/><V41/><F1/><W94/><G120/><T127/><D135/><U130/><E70/><V24/><F113/><W21/><G30/><T67/><D128/><N who="1" m="49259" /><E32/><V36/><F110/><W23/><G71/><T104/><D127/><U96/><E5/><V7/><F7/><W85/><G23/><T77/><D104/><U80/><E20/><V37/><F78/><W42/><G42/><T116/><D116/><U44/><E44/><V28/><F28/><W60/><G0/><T55/><D11/><U98/><E114/><V25/><F93/><W27/><G72/><T123/><D123/><U39/><E39/><V111/><F111/><W125/><G125/><T117/><D117/><U66/><E66/><V46/><F62/><W35/><G35/><T91/><D95/><U16/><E16/><V74/><F74/><W49/><G49/><T29/><D29/><U86/><E75/><V90/><F90/><N who="1" m="34921" /><E105/><V4/><F4/><W87/><G79/><AGARI ba="0,0" hai="52,53,55,58,63,67,76,77,79,82,83,91,92,99" machi="79" ten="40,2600,0" yaku="8,1,54,1" doraHai="107" who="0" fromWho="3" sc="210,26,220,0,340,0,230,-26" /><AGARI ba="0,0" hai="79,80,86,96,98,132,133,134" m="34921,49259" machi="79" ten="40,8000,1" yaku="20,1,19,1,34,2,54,1" doraHai="107" who="1" fromWho="3" sc="236,0,220,80,340,0,204,-80" /><INIT seed="3,0,0,2,5,6" ten="236,300,340,124" oya="3" hai0="7,37,99,94,57,83,117,55,61,12,1,30,93" hai1="20,58,128,13,85,92,2,3,63,50,80,113,19" hai2="132,130,53,22,115,105,123,45,133,54,126,100,24" hai3="16,114,89,66,76,10,41,15,25,75,121,11,101"/><W103/><G121/><T91/><D1/><U106/><E113/><V46/><F123/><W9/><G114/><T4/><D37/><U49/><E106/><V81/><F115/><W102/><G75/><T116/><D117/><U82/><E128/><V109/><F126/><W8/><G76/><T104/><D116/><U0/><E92/><V112/><F130/><W26/><G41/><T28/><D104/><U17/><E82/><V107/><F112/><W44/><G44/><N who="2" m="17001" /><F109/><W48/><G48/><T124/><D124/><U129/><E129/><V120/><F120/><W84/><REACH who="3" step="1"/><G66/><REACH who="3" ten="236,300,340,114" step="2"/><T69/><D83/><AGARI ba="0,1" hai="8,9,10,11,15,16,25,26,83,84,89,101,102,103" machi="83" ten="40,36000,4" yaku="1,1,2,1,8,1,52,4,54,1,53,4" doraHai="6" doraHaiUra="5" who="3" fromWho="0" sc="236,-360,300,0,340,0,114,370" owari="-124,-62.0,300,-10.0,340,14.0,484,58.0" /></mjloggm>