<mjloggm ver="2.3"><GO type="169" lobby="0"/><UN n0="%2D%42%4B%32%30%31%2D" n1="%6B%6C%62%73%74%38%38" n2="%E8%B5%A4%E6%9C%A8%E3%81%97%E3%81%92%E3%82%8C" n3="%E3%82%A6%E3%83%AB%E3%83%88%E3%83%A9%E7%AB%8B%E7%9B%B4" dan="16,16,17,17" rate="2129.45,2161.99,2192.83,2129.71" sx="M,M,M,M"/><TAIKYOKU oya="0"/><INIT seed="0,0,0,0,1,132" ten="250,250,250,250" oya="0" hai0="113,87,84,27,51,71,103,116,117,105,122,54,4" hai1="90,41,89,74,2,38,114,86,69,59,34,83,18" hai2="135,123,99,0,45,22,17,124,3,98,97,8,36" hai3="127,14,23,115,68,93,26,133,16,47,44,21,50"/><T28/><D122/><U119/><E59/><V64/><F123/><W20/><G68/><T106/><D113/><U63/><E63/><V33/><F33/><W15/><G115/><T29/><D71/><U5/><E18/><V82/><F135/><W65/><G133/><T130/><D4/><U48/><E48/><V67/><F82/><W13/><G65/><T78/><D130/><U12/><E12/><V80/><F80/><W39/><G127/><T62/><D62/><U81/><E41/><V126/><F64/><W60/><G60/><T37/><D37/><U101/><E5/><V92/><F92/><W121/><G121/><T76/><D27/><U77/><E34/><V102/><F102/><W104/><G104/><T43/><D51/><U85/><E2/><V79/><F79/><W72/><G72/><T56/><D56/><U111/><E38/><V55/><F67/><W94/><G39/><T30/><D54/><U110/><E69/><V52/><F36/><W10/><G44/><T46/><D46/><U112/><E101/><V1/><F8/><W11/><G26/><T88/><D103/><U108/><E119/><N who="0" m="45641" /><D43/><U66/><E66/><V128/><F128/><W91/><G11/><T75/><D75/><U31/><E31/><V6/><F6/><W32/><G32/><T9/><D9/><U57/><E57/><V70/><F70/><W125/><G10/><T42/><D42/><U109/><N who="1" m="27648" /><DORA hai="49" /><U25/><E25/><N who="2" m="14543" /><F45/><W129/><G47/><T58/><D58/><U100/><E100/><V7/><F7/><W19/><G129/><T107/><D88/><RYUUKYOKU ba="0,0" sc="250,10,250,10,250,10,250,-30" hai0="28,29,30,76,78,84,87,105,106,107" hai1="74,77,81,83,85,86,89,90,112,114" hai2="0,1,3,52,55,97,98,99,124,126" /><INIT seed="0,1,0,1,1,1" ten="260,260,260,220" oya="0" hai0="71,95,80,39,21,8,64,81,78,109,100,90,70" hai1="107,46,83,122,16,34,5,43,50,36,11,130,93" hai2="126,113,87,77,26,30,40,117,18,133,58,67,85" hai3="105,27,49,7,94,10,112,66,108,103,42,61,132"/><T25/><D39/><U104/><E122/><V119/><F113/><W32/><G112/><T91/><D100/><U123/><E123/><V110/><F110/><W129/><G129/><T76/><D109/><U55/><E34/><V127/><F18/><W98/><G108/><T116/><D116/><N who="2" m="44618" /><F40/><W57/><G132/><T99/><D8/><U79/><E93/><V45/><F45/><W54/><G42/><T121/><D121/><U23/><E130/><V63/><F133/><W88/><G32/><T118/><D118/><U68/><E68/><V101/><F101/><W28/><G28/><T3/><D3/><N who="1" m="447" /><E55/><V114/><F114/><W51/><G27/><T13/><D13/><N who="1" m="9615" /><E50/><V41/><F41/><W134/><G134/><T44/><D44/><U102/><E102/><V33/><F77/><W14/><REACH who="3" step="1"/><G54/><REACH who="3" ten="260,260,260,210" step="2"/><T59/><D25/><U106/><E106/><V97/><F33/><W19/><G19/><T15/><D76/><U111/><E111/><V24/><F24/><W60/><G60/><T89/><D78/><U86/><E104/><V65/><F26/><W17/><G17/><T31/><D31/><U22/><E107/><V0/><F30/><W12/><G12/><T92/><D15/><U82/><E22/><V56/><F63/><W37/><G37/><T52/><D21/><U35/><E35/><V72/><F126/><W96/><AGARI ba="1,1" hai="7,10,14,49,51,57,61,66,88,94,96,98,103,105" machi="96" ten="20,8000,1" yaku="1,1,0,1,7,1,52,1,54,1,53,0" doraHai="1" doraHaiUra="135" who="3" fromWho="3" sc="260,-41,260,-21,260,-21,210,93" /><INIT seed="1,0,0,4,0,91" ten="219,239,239,303" oya="1" hai0="123,48,100,66,35,109,110,24,79,38,98,44,1" hai1="3,122,25,111,90,6,97,33,83,76,36,134,59" hai2="81,15,63,60,94,95,113,64,128,104,10,13,129" hai3="69,120,70,72,132,135,107,39,37,96,11,34,5"/><U86/><E122/><V58/><F104/><W45/><G34/><T73/><D1/><U74/><E134/><N who="3" m="51242" /><G72/><T40/><D123/><U17/><E36/><V9/><F81/><W68/><G45/><T41/><D66/><U54/><E111/><N who="0" m="42505" /><D40/><U80/><E97/><V7/><F113/><W84/><G84/><T8/><D8/><U131/><E131/><N who="2" m="50251" /><F63/><W121/><G120/><T99/><D38/><U43/><E43/><V22/><F22/><W103/><G121/><T12/><D12/><AGARI ba="0,0" hai="5,11,12,37,39,68,69,70,96,103,107" m="51242" machi="12" ten="40,1300,0" yaku="20,1" doraHai="91" who="3" fromWho="0" sc="219,-13,239,0,239,0,303,13" /><INIT seed="2,0,0,5,4,3" ten="206,239,239,316" oya="2" hai0="43,29,131,67,36,12,56,92,95,84,99,26,129" hai1="109,44,1,110,6,10,68,31,58,93,70,47,54" hai2="49,62,126,8,46,82,18,81,135,4,76,53,59" hai3="45,5,94,71,115,60,100,48,65,38,37,16,19"/><V114/><F114/><W90/><G100/><T7/><D36/><U27/><E93/><V111/><F126/><W24/><G115/><T105/><D43/><U11/><E11/><V21/><F135/><W51/><G51/><T104/><D84/><U34/><E47/><V40/><F111/><N who="1" m="42505" /><E44/><V72/><F72/><W22/><G19/><T86/><D86/><U2/><E2/><V15/><REACH who="2" step="1"/><F76/><REACH who="2" ten="206,239,229,316" step="2"/><W80/><G38/><T125/><D125/><U61/><AGARI ba="0,1" hai="1,6,10,27,31,34,54,58,61,68,70" m="42505" machi="61" ten="30,2000,0" yaku="14,1,52,1" doraHai="3" who="1" fromWho="1" sc="206,-5,239,30,229,-10,316,-5" /><INIT seed="3,0,0,0,1,105" ten="201,269,219,311" oya="3" hai0="124,14,102,18,53,27,129,35,98,91,132,38,89" hai1="44,52,97,90,134,133,40,26,43,117,108,93,122" hai2="17,96,68,121,114,131,126,76,107,11,87,83,42" hai3="79,103,118,12,45,80,63,5,81,59,99,19,25"/><W36/><G118/><T92/><D38/><U60/><E122/><V30/><F114/><W7/><G25/><T71/><D71/><U55/><E117/><V3/><F68/><W29/><G29/><T130/><D35/><U58/><E108/><V72/><F121/><W127/><G127/><T37/><D37/><U100/><E100/><V101/><F126/><W28/><G28/><T51/><D124/><U20/><E55/><V61/><F131/><N who="0" m="50186" /><D27/><U125/><E125/><V120/><F120/><W69/><G69/><T135/><D14/><U2/><E2/><V8/><F30/><W82/><G45/><T112/><D18/><N who="1" m="12567" /><E44/><V85/><F42/><AGARI ba="0,0" hai="40,42,43,52,58,60,90,93,97,133,134" m="12567" machi="42" ten="30,2000,0" yaku="25,1,54,1" doraHai="105" who="1" fromWho="2" sc="201,0,269,20,219,-20,311,0" /><INIT seed="4,0,0,3,1,48" ten="201,289,199,311" oya="0" hai0="18,87,69,99,47,133,58,83,1,10,35,42,92" hai1="110,36,85,131,24,97,118,26,106,29,113,14,51" hai2="56,102,78,128,100,61,112,53,114,104,59,135,21" hai3="41,84,49,77,122,25,127,132,108,3,115,31,46"/><T22/><D69/><U37/><E51/><N who="2" m="30783" /><F135/><W9/><G115/><N who="2" m="44073" /><F128/><W2/><G127/><T4/><D35/><U134/><E14/><V105/><F78/><W116/><G108/><T15/><D58/><U20/><E85/><V63/><F21/><W19/><G116/><T11/><D133/><U28/><E97/><V75/><F75/><W80/><G122/><T30/><D30/><U101/><E20/><V76/><F76/><W50/><G50/><N who="0" m="26999" /><D1/><U95/><E28/><V65/><F63/><W52/><G132/><T129/><D129/><U103/><E29/><V57/><F57/><W81/><G2/><T72/><D72/><U70/><E131/><V43/><F43/><W124/><G3/><T13/><D22/><U7/><E134/><V74/><F74/><W96/><G41/><T17/><D99/><U89/><E113/><V5/><F5/><W45/><G96/><T54/><D4/><U68/><E7/><V86/><F86/><W60/><G84/><T38/><D38/><U55/><E36/><V130/><F130/><W121/><G31/><T6/><D6/><U62/><E37/><V27/><F27/><W120/><G25/><T94/><D54/><U44/><E55/><V39/><F39/><W90/><G52/><T34/><D34/><U12/><E70/><V111/><F111/><W98/><G121/><T126/><D126/><U71/><E68/><V82/><F82/><N who="3" m="31851" /><G124/><T64/><D64/><U125/><E110/><V23/><F23/><W107/><G120/><T33/><D33/><U67/><E125/><V0/><F0/><W79/><G98/><RYUUKYOKU ba="0,0" sc="201,15,289,-15,199,15,311,-15" hai0="10,11,13,15,17,18,83,87,92,94" hai2="59,61,65,100,102,104,105" /><INIT seed="4,1,0,3,0,74" ten="216,274,214,296" oya="0" hai0="18,38,79,7,52,83,71,26,97,86,10,42,132" hai1="44,113,55,120,110,118,72,39,9,125,1,112,13" hai2="84,29,104,91,20,102,68,47,36,2,54,24,94" hai3="92,93,63,119,15,129,6,73,66,109,121,22,49"/><T48/><D71/><U77/><E120/><V133/><F68/><W128/><G73/><T124/><D124/><U33/><E118/><V98/><F2/><W82/><G109/><T34/><D132/><U61/><E110/><V8/><F133/><W126/><G126/><T16/><D97/><U85/><E85/><V89/><F8/><W67/><G67/><T80/><D38/><U101/><E101/><V58/><F91/><W23/><G49/><T35/><D42/><N who="1" m="22623" /><E13/><V122/><F122/><W111/><G82/><T17/><D26/><U115/><E125/><V56/><REACH who="2" step="1"/><F54/><REACH who="2" ten="216,274,204,296" step="2"/><W75/><G121/><T32/><D80/><N who="1" m="45095" /><E55/><V114/><F114/><W19/><G111/><T130/><D130/><U131/><E131/><V87/><F87/><W50/><G75/><T78/><D86/><U14/><E1/><V62/><F62/><W127/><G63/><T3/><REACH who="0" step="1"/><D83/><REACH who="0" ten="206,274,204,296" step="2"/><U103/><E112/><V28/><F28/><W11/><G129/><T117/><D117/><U57/><E113/><V105/><F105/><W135/><G128/><T65/><D65/><U69/><E69/><V43/><AGARI ba="1,2" hai="20,24,29,36,43,47,56,58,84,89,94,98,102,104" machi="43" ten="30,2000,0" yaku="1,1,0,1,53,0" doraHai="74" doraHaiUra="51" who="2" fromWho="2" sc="206,-11,274,-6,204,43,296,-6" /><INIT seed="5,0,0,2,3,14" ten="195,268,247,290" oya="1" hai0="95,112,35,110,3,71,30,64,57,94,114,84,122" hai1="101,66,91,67,73,89,29,124,50,8,56,130,33" hai2="26,85,63,105,12,132,2,51,86,21,106,78,24" hai3="125,104,11,55,72,37,53,4,97,31,9,5,75"/><U98/><E73/><V23/><F2/><W17/><G31/><T62/><D110/><U28/><E130/><V68/><F51/><W54/><G37/><T58/><D3/><U39/><E39/><V25/><F132/><W40/><G40/><T79/><D122/><U77/><E77/><V90/><F78/><W82/><G82/><N who="0" m="47199" /><D35/><U80/><E8/><V27/><F27/><W76/><G76/><T120/><D30/><U65/><E33/><V83/><F85/><W38/><G54/><T108/><D108/><U44/><E56/><N who="0" m="21609" /><D120/><U42/><E124/><V117/><F117/><W133/><G104/><T116/><D116/><U34/><E34/><V41/><F41/><W103/><G125/><T128/><D128/><U32/><E32/><V22/><REACH who="2" step="1"/><F12/><REACH who="2" ten="195,268,237,290" step="2"/><W18/><G133/><T59/><N who="0" m="21617" /><T107/><DORA hai="6" /><D107/><U113/><E42/><V60/><F60/><W99/><G38/><T127/><D127/><U48/><E66/><AGARI ba="0,1" hai="21,22,23,24,25,26,63,66,68,83,86,90,105,106" machi="66" ten="40,1300,0" yaku="1,1,53,0" doraHai="14,6" doraHaiUra="92,134" who="2" fromWho="1" sc="195,0,268,-13,237,23,290,0" /><INIT seed="6,0,0,3,5,82" ten="195,255,260,290" oya="2" hai0="126,128,88,52,68,13,100,18,86,5,45,27,24" hai1="21,62,2,104,107,109,110,119,59,105,63,92,131" hai2="98,34,129,84,65,33,81,19,133,0,51,26,36" hai3="29,38,48,44,74,3,121,95,132,85,47,135,25"/><V60/><F36/><W90/><G121/><T40/><D68/><U125/><E2/><V108/><F0/><W16/><G74/><T117/><D5/><U43/><E119/><V111/><F133/><N who="3" m="51275" /><G38/><T122/><D122/><U83/><E92/><V28/><F129/><W61/><G61/><T130/><D117/><U79/><E131/><N who="0" m="50217" /><D100/><U75/><E125/><V89/><F19/><W67/><G67/><T94/><D126/><U112/><E112/><V87/><F98/><W31/><G47/><T56/><D40/><U1/><E1/><V77/><F51/><W12/><G25/><T8/><D45/><U115/><E115/><V73/><F34/><W46/><G46/><T57/><D57/><U70/><E43/><V50/><F50/><AGARI ba="0,0" hai="8,13,18,24,27,50,52,56,86,88,94" m="50217" machi="50" ten="30,7700,0" yaku="19,1,52,1,54,2" doraHai="82" who="0" fromWho="2" sc="195,77,255,0,260,-77,290,0" /><INIT seed="7,0,0,4,4,106" ten="272,255,183,290" oya="3" hai0="95,34,8,81,130,115,111,62,76,2,53,10,67" hai1="66,97,64,89,127,108,11,49,78,41,124,87,5" hai2="128,36,91,119,0,121,104,48,23,117,46,60,85" hai3="26,30,43,13,58,74,18,109,47,6,82,19,123"/><W126/><G126/><N who="1" m="48170" /><E108/><V132/><F0/><W61/><G6/><T65/><D34/><U103/><E78/><V3/><F3/><W68/><G68/><T113/><D111/><U107/><E41/><V100/><F36/><W52/><G13/><T96/><D130/><U114/><E114/><N who="0" m="43529" /><D53/><U69/><E69/><V28/><F128/><W57/><G57/><N who="0" m="37071" /><D67/><U99/><E99/><V39/><F39/><W15/><G15/><T14/><D2/><N who="1" m="439" /><E49/><V21/><F132/><W131/><G131/><T55/><D55/><U77/><E77/><V4/><F4/><W129/><G129/><T71/><D71/><U29/><E29/><V72/><F72/><W116/><G74/><N who="0" m="43159" /><D14/><U118/><E118/><V56/><F121/><W125/><G123/><T105/><D105/><U17/><E64/><V101/><F117/><W59/><G116/><T25/><D25/><U73/><E66/><N who="2" m="39175" /><F104/><W80/><G109/><T86/><D86/><U75/><E17/><V84/><F119/><W12/><G19/><T22/><D22/><N who="2" m="8202" /><F28/><W94/><G30/><T92/><D92/><AGARI ba="0,0" hai="73,75,87,89,92,97,103,107" m="439,48170" machi="92" ten="30,3900,0" yaku="18,1,52,2" doraHai="106" who="1" fromWho="0" sc="272,-39,255,39,183,0,290,0" /><INIT seed="8,0,0,2,4,129" ten="233,294,183,290" oya="0" hai0="43,26,128,58,118,93,120,35,66,2,73,6,17" hai1="53,41,59,109,32,31,130,27,94,34,124,70,24" hai2="121,79,106,116,74,127,8,99,60,38,81,113,28" hai3="37,100,89,63,135,18,64,36,114,125,86,110,47"/><T65/><D120/><U69/><E109/><V13/><F121/><W91/><G114/><T123/><D123/><U42/><E130/><V22/><F113/><W119/><G110/><T104/><D104/><U48/><E124/><V134/><F38/><W117/><G125/><T21/><D73/><U80/><E94/><V77/><F127/><W0/><G0/><T96/><D128/><U23/><E80/><V3/><F3/><W20/><G100/><T61/><D118/><N who="3" m="45065" /><G135/><T16/><D35/><U50/><E34/><V88/><F116/><W111/><G47/><T92/><D43/><U132/><E132/><V78/><F134/><W68/><G89/><T126/><D126/><U71/><REACH who="1" step="1"/><E50/><REACH who="1" ten="233,284,183,290" step="2"/><V83/><F106/><W82/><G111/><T75/><D92/><U107/><E107/><V19/><F60/><W44/><G44/><T39/><D39/><U33/><E33/><V4/><F28/><AGARI ba="0,1" hai="23,24,27,28,31,32,41,42,48,53,59,69,70,71" machi="28" ten="40,2600,0" yaku="1,1,53,1" doraHai="129" doraHaiUra="45" who="1" fromWho="2" sc="233,0,284,36,183,-26,290,0" owari="233,-17.0,320,42.0,157,-34.0,290,9.0" /></mjloggm>