<mjloggm ver="2.3"><GO type="97" lobby="0"/><UN n0="%E3%83%88%E3%83%88%E3%83%AA%E5%85%88%E7%94%9F%31%39%E6%AD%B3" n1="%61%74%6F%72%6E%65" n2="%4E%6F%5F%52%61%74%65" n3="%47%2D%6E%65%74" dan="15,14,15,14" rate="2041.94,2007.60,1981.60,1906.51" sx="F,M,F,M"/><TAIKYOKU oya="0"/><INIT seed="0,0,0,4,4,78" ten="250,250,250,250" oya="0" hai0="4,34,9,132,124,55,104,115,33,53,41,30,66" hai1="125,123,97,113,73,119,75,1,32,70,72,87,101" hai2="11,118,14,50,91,98,54,68,57,44,99,65,60" hai3="89,64,20,18,80,19,28,0,39,3,79,109,62"/><T110/><D115/><U42/><E42/><V108/><F108/><W38/><G109/><T94/><D104/><U25/><E123/><V130/><F130/><W8/><G89/><T95/><D110/><U120/><E120/><V47/><F118/><W69/><G28/><T61/><D132/><U2/><E32/><V127/><F127/><W107/><G107/><T126/><D41/><U112/><E25/><V17/><F68/><W131/><G131/><T15/><D30/><U77/><E70/><V116/><F116/><W121/><G121/><T100/><D33/><U114/><E119/><V102/><F102/><W48/><G48/><T29/><D29/><U45/><E45/><V5/><F5/><W13/><G3/><T82/><D34/><U111/><E111/><V128/><F128/><W96/><G96/><N who="0" m="59415" /><D95/><U36/><E36/><V12/><F12/><W135/><G135/><T49/><D49/><U103/><E103/><V27/><F27/><W93/><G93/><T35/><D35/><U6/><E2/><V26/><F26/><W81/><G81/><T56/><D82/><N who="1" m="47567" /><E1/><V85/><F47/><W122/><G122/><T43/><D43/><U106/><E6/><V86/><F86/><W21/><G0/><T63/><D63/><U76/><E76/><V46/><F46/><W59/><G69/><T133/><D133/><U90/><E90/><V10/><F10/><W134/><G134/><T40/><D40/><U51/><E51/><V22/><F22/><N who="3" m="8811" /><G18/><T31/><D31/><U105/><E106/><V129/><F129/><W7/><G7/><T16/><D4/><RYUUKYOKU ba="0,0" sc="250,0,250,0,250,0,250,0" hai0="9,15,16,53,55,56,61,66,124,126" hai1="72,73,75,97,101,105,112,113,114,125" hai2="11,14,17,44,50,54,57,60,65,85,91,98,99" hai3="8,13,19,38,39,59,62,64,79,80" /><INIT seed="0,1,0,1,3,81" ten="250,250,250,250" oya="0" hai0="119,109,103,25,76,68,61,89,72,124,29,98,127" hai1="110,123,60,22,100,35,91,74,15,126,130,73,3" hai2="7,11,80,50,67,1,54,44,19,83,37,26,118" hai3="77,34,31,95,39,133,32,87,122,6,63,53,47"/><T106/><D119/><U121/><E60/><V129/><F129/><W23/><G133/><T135/><D135/><U117/><E22/><V113/><F113/><W85/><G122/><T58/><D58/><U64/><E15/><V65/><F118/><W52/><G6/><T84/><D109/><U43/><E43/><V46/><F37/><W38/><G38/><T70/><D76/><U12/><E12/><V57/><F26/><N who="3" m="16863" /><G32/><N who="0" m="20527" /><D72/><U78/><E78/><V69/><F19/><W41/><G39/><T112/><D112/><U71/><E64/><V93/><F67/><W27/><G34/><T24/><D24/><U107/><E91/><V132/><F132/><W51/><G27/><T28/><D28/><U86/><E100/><V20/><F20/><W131/><G131/><T92/><D68/><U125/><E130/><V49/><F65/><AGARI ba="1,0" hai="61,65,70,84,89,92,98,103,106,124,127" m="20527" machi="65" ten="30,2900,0" yaku="25,1,52,1" doraHai="81" who="0" fromWho="2" sc="250,32,250,0,250,-32,250,0" /><INIT seed="0,2,0,4,5,59" ten="282,250,218,250" oya="0" hai0="132,80,37,119,129,47,46,27,74,1,103,95,131" hai1="39,52,13,24,3,99,77,83,67,111,113,86,121" hai2="23,104,68,34,82,88,50,69,20,122,110,79,112" hai3="21,93,135,89,33,62,26,42,55,56,91,98,58"/><T100/><D119/><U125/><E3/><V16/><F34/><W38/><G135/><T116/><D116/><U124/><E39/><V28/><F122/><W123/><G123/><T117/><D117/><U51/><E111/><V9/><F112/><W11/><G33/><T57/><D1/><U115/><E24/><V10/><F104/><W43/><G11/><T105/><D105/><U32/><E32/><V65/><F110/><W64/><G89/><T107/><D107/><U118/><E121/><V128/><F128/><W19/><REACH who="3" step="1"/><G38/><REACH who="3" ten="282,250,218,240" step="2"/><T85/><D37/><U106/><E118/><V41/><F88/><W94/><G94/><T127/><D132/><U78/><E106/><V22/><F9/><W7/><G7/><T90/><D131/><U14/><E115/><V66/><F10/><W72/><G72/><T15/><D74/><U96/><E113/><V134/><F134/><W35/><G35/><T71/><D129/><U4/><E4/><V97/><F23/><W54/><G54/><T101/><D95/><U31/><E78/><V75/><F22/><W2/><G2/><T45/><D100/><U30/><E99/><V12/><F97/><W18/><G18/><T133/><D133/><U25/><E96/><V8/><F8/><W6/><G6/><T76/><D101/><U102/><E102/><V126/><F28/><W53/><G53/><T109/><D103/><U61/><E31/><V120/><F120/><W44/><G44/><T5/><D76/><U130/><E77/><V63/><F79/><W0/><G0/><T40/><D90/><U73/><E130/><RYUUKYOKU ba="2,1" sc="282,-10,250,-10,218,-10,240,30" hai3="19,21,26,42,43,55,56,58,62,64,91,93,98" /><INIT seed="1,3,1,1,5,130" ten="272,240,208,270" oya="1" hai0="115,38,122,5,95,110,74,19,123,49,113,36,117" hai1="70,4,45,14,107,44,8,97,119,26,124,76,126" hai2="22,55,60,69,71,120,101,54,132,11,9,23,34" hai3="90,29,42,10,48,77,13,114,46,28,80,79,93"/><U128/><E128/><V50/><F34/><W108/><G108/><T116/><D74/><U30/><E119/><N who="0" m="45641" /><D5/><U63/><E76/><V112/><F120/><N who="0" m="46122" /><D19/><U59/><E70/><V135/><F112/><N who="0" m="43082" /><D95/><U83/><E83/><V2/><F2/><W121/><G114/><T16/><D16/><U57/><E97/><V31/><F31/><W86/><G121/><T68/><D68/><U134/><E107/><V37/><F101/><W56/><G56/><T91/><D91/><U12/><E59/><V18/><F18/><W99/><G77/><T73/><D73/><U111/><E57/><V52/><F37/><W92/><G92/><T87/><D87/><U129/><E4/><AGARI ba="3,1" hai="4,10,13,28,29,42,46,48,79,80,86,90,93,99" machi="4" ten="30,7700,0" yaku="7,1,25,2,8,1" doraHai="130" who="3" fromWho="1" sc="272,0,240,-86,208,0,270,96" /><INIT seed="2,0,0,5,0,19" ten="272,154,208,366" oya="2" hai0="29,81,18,101,16,106,62,23,46,72,3,88,97" hai1="31,17,115,13,42,61,33,105,52,123,56,126,14" hai2="93,49,75,58,74,59,90,6,84,38,37,109,120" hai3="78,39,71,53,7,48,34,116,64,111,125,82,10"/><V76/><F120/><W119/><G111/><T113/><D113/><U122/><E105/><V43/><F109/><W12/><G39/><T70/><D3/><U11/><E115/><V35/><F35/><W98/><G34/><T68/><D29/><U21/><E42/><V87/><F6/><W45/><G98/><T51/><D18/><U54/><E126/><V5/><F5/><W130/><G130/><T121/><D121/><N who="1" m="46091" /><E33/><V107/><F107/><W104/><G104/><T92/><D62/><U86/><E86/><V20/><F43/><W132/><G132/><T128/><D128/><U99/><E99/><V77/><F49/><W67/><G125/><T134/><D134/><U47/><E31/><V27/><F93/><W89/><G71/><T40/><D106/><U28/><E28/><V57/><F90/><W100/><G89/><T114/><D114/><U50/><E14/><V4/><F4/><W129/><G12/><T79/><D101/><U44/><E44/><V95/><F95/><W63/><G100/><T110/><D110/><U24/><E24/><AGARI ba="0,0" hai="16,23,24,40,46,51,68,70,72,79,81,88,92,97" machi="24" ten="30,7700,0" yaku="7,1,52,1,54,2" doraHai="19" who="0" fromWho="1" sc="272,77,154,-77,208,0,366,0" /><INIT seed="3,0,0,0,2,10" ten="349,77,208,366" oya="3" hai0="121,11,107,59,74,5,117,114,72,39,125,126,91" hai1="110,95,15,19,122,131,90,64,94,120,13,1,52" hai2="104,69,71,35,124,127,3,68,30,86,116,7,45" hai3="20,96,84,123,67,82,17,12,93,2,21,34,56"/><W57/><G123/><T101/><D121/><U100/><E64/><V25/><F86/><W65/><G2/><T80/><D117/><U73/><E1/><V128/><F116/><W27/><G34/><T111/><D39/><U9/><E73/><V46/><F128/><W38/><G38/><T99/><D111/><U40/><E40/><V55/><F104/><W85/><G56/><T29/><D114/><U75/><E75/><V81/><F81/><W18/><G57/><T133/><D133/><U134/><E100/><V97/><F97/><W23/><G23/><T33/><D33/><U62/><E110/><V98/><F98/><W4/><G4/><T105/><D29/><U88/><E134/><V135/><F135/><W70/><G70/><T63/><D105/><U48/><E62/><V60/><F60/><W0/><G0/><T31/><D31/><U132/><E132/><V6/><F55/><W53/><G53/><N who="0" m="34287" /><D91/><U22/><E131/><V28/><F28/><W87/><G82/><T42/><D42/><U118/><E118/><V77/><F77/><W43/><G43/><T113/><D80/><U58/><E122/><V24/><F24/><W50/><G50/><T129/><D113/><U44/><E120/><V54/><F3/><W115/><G115/><T49/><D49/><U36/><E36/><V32/><F32/><W76/><G76/><T102/><D129/><U92/><E44/><V108/><F45/><W66/><G66/><T14/><D102/><AGARI ba="0,0" hai="12,17,18,20,21,27,65,67,84,85,87,93,96,102" machi="102" ten="40,3900,0" yaku="8,1,52,1" doraHai="10" who="3" fromWho="0" sc="349,-39,77,0,208,0,366,39" owari="310,11.0,77,-42.0,208,-19.0,405,50.0" /></mjloggm>