<mjloggm ver="2.3"><GO type="225" lobby="0"/><UN n0="%E9%A7%84%E5%A6%B9" n1="%E3%82%B7%E3%83%AB%E3%83%90%E3%83%BC%2F%E9%8A%80" n2="%E3%83%88%E3%83%88%E3%83%AA%E5%85%88%E7%94%9F%31%39%E6%AD%B3" n3="%E3%82%A6%E3%82%A3%E3%83%83%E3%83%81" dan="16,16,16,16" rate="2138.77,2105.42,2159.94,2131.18" sx="F,M,F,F"/><TAIKYOKU oya="0"/><INIT seed="0,0,0,0,4,10" ten="250,250,250,250" oya="0" hai0="75,20,35,25,135,79,115,38,0,128,66,88,104" hai1="22,92,83,62,91,28,60,47,122,7,68,43,125" hai2="90,45,110,23,29,8,107,82,118,4,133,87,42" hai3="114,69,123,129,13,12,15,134,14,54,48,102,111"/><T72/><D115/><U126/><E122/><V40/><F107/><W86/><G114/><T96/><D0/><U49/><E7/><V76/><F110/><W97/><G111/><T37/><D35/><U50/><E83/><V95/><F133/><W127/><G69/><T93/><D135/><U17/><E28/><V89/><F118/><W26/><G134/><T77/><D128/><U120/><E120/><V61/><F61/><W24/><G129/><T3/><D3/><U5/><E5/><V131/><F131/><W63/><G63/><T85/><D66/><U103/><E103/><V101/><F101/><W71/><G71/><T9/><D9/><U53/><E62/><V33/><F33/><W116/><G116/><T34/><D34/><U44/><E60/><V58/><F58/><W6/><G123/><T132/><D132/><U41/><E53/><V130/><F130/><W94/><G86/><T16/><D77/><U117/><E68/><V39/><F42/><W32/><G32/><T2/><D2/><U80/><E80/><V21/><F29/><W121/><G121/><T67/><D67/><U112/><E112/><V78/><F89/><W1/><G1/><T59/><D59/><U124/><E117/><V84/><F78/><W55/><G127/><T57/><D57/><U51/><E91/><V65/><F65/><W30/><G30/><T100/><D72/><U36/><E92/><V46/><F46/><N who="3" m="27927" /><G55/><T81/><AGARI ba="0,0" hai="16,20,25,37,38,75,79,81,85,88,93,96,100,104" machi="81" ten="30,12000,1" yaku="0,1,24,2,54,2" doraHai="10" who="0" fromWho="0" sc="250,120,250,-40,250,-40,250,-40" /><INIT seed="0,1,0,0,5,14" ten="370,210,210,210" oya="0" hai0="122,1,89,65,75,62,60,37,9,98,129,95,76" hai1="96,29,7,117,63,28,84,4,90,113,49,125,58" hai2="54,108,25,128,107,77,55,56,32,80,130,46,22" hai3="5,15,71,83,111,135,92,45,33,0,86,50,66"/><T116/><D116/><U8/><E117/><V2/><F107/><W70/><G33/><T104/><D122/><U133/><E125/><V120/><F2/><W61/><G0/><T23/><D37/><U11/><E133/><V52/><F120/><W110/><G135/><T43/><D43/><U112/><E96/><V121/><F121/><W30/><G30/><T3/><D104/><U20/><E49/><V109/><F32/><W127/><G92/><T106/><D106/><U114/><E84/><N who="2" m="48143" /><F56/><W42/><G127/><T19/><D62/><U105/><E105/><V44/><F44/><W100/><G100/><T78/><D129/><N who="2" m="49770" /><F46/><W51/><G71/><T124/><D124/><U6/><E90/><V101/><F101/><W97/><G51/><T69/><D75/><U13/><E58/><V34/><F34/><W48/><G48/><T115/><D1/><U102/><E102/><V73/><F73/><W21/><G97/><T27/><D115/><U79/><E79/><V18/><AGARI ba="1,0" hai="18,22,25,52,54,55,108,109" m="49770,48143" machi="18" ten="40,5200,0" yaku="19,1,52,1,54,1" doraHai="14" who="2" fromWho="2" sc="370,-27,210,-14,210,55,210,-14" /><INIT seed="1,0,0,1,1,22" ten="343,196,265,196" oya="1" hai0="55,81,5,118,2,93,73,106,59,38,71,46,105" hai1="57,116,8,109,72,123,90,79,111,47,33,95,60" hai2="122,50,107,18,65,77,119,19,30,135,96,36,82" hai3="80,84,88,21,42,24,68,39,43,31,13,1,83"/><U87/><E33/><V125/><F119/><W51/><G1/><T25/><D118/><U133/><E123/><V3/><F122/><W113/><G113/><T66/><D71/><U53/><E116/><V9/><F36/><W64/><G39/><T52/><D93/><U86/><E133/><V97/><F135/><W98/><G80/><T58/><D66/><U27/><E8/><V102/><F125/><W78/><G51/><T7/><D25/><U124/><E124/><V126/><F126/><W40/><G13/><T44/><D2/><U49/><E72/><V132/><F132/><W104/><G104/><T134/><D38/><U6/><E6/><V110/><F110/><N who="1" m="41993" /><E79/><V67/><F3/><W15/><G15/><T11/><D11/><U91/><E27/><V12/><F30/><W69/><REACH who="3" step="1"/><G64/><REACH who="3" ten="343,196,265,186" step="2"/><T131/><D134/><U10/><E10/><V45/><F65/><W127/><G127/><T99/><D81/><N who="1" m="49487" /><E60/><V112/><F12/><W128/><G128/><T101/><D131/><U56/><AGARI ba="0,1" hai="47,49,53,56,57,87,91,95" m="49487,41993" machi="56" ten="30,3000,0" yaku="14,1,10,1" doraHai="22" who="1" fromWho="1" sc="343,-10,196,40,265,-10,186,-10" /><INIT seed="1,1,0,0,3,127" ten="333,236,255,176" oya="1" hai0="40,125,128,105,126,24,107,1,8,14,71,99,77" hai1="61,48,7,132,113,118,65,86,11,121,70,123,18" hai2="58,57,110,10,62,30,131,37,55,59,19,31,16" hai3="28,88,135,9,129,93,45,52,133,5,21,104,119"/><U124/><E113/><V98/><F37/><W12/><G104/><T33/><D1/><U102/><E118/><V80/><F110/><W83/><G83/><T53/><D71/><U87/><E124/><N who="0" m="47721" /><D40/><U67/><E132/><N who="3" m="50762" /><G119/><T130/><D77/><U90/><E102/><V54/><F131/><N who="0" m="50218" /><D99/><U36/><E36/><V22/><F80/><W6/><G129/><T66/><D66/><U114/><E114/><V25/><F98/><N who="3" m="57639" /><G6/><N who="0" m="3351" /><D53/><U96/><E65/><V20/><F10/><W84/><G84/><T75/><D75/><U38/><E86/><V2/><F2/><W120/><G120/><T60/><D60/><U82/><E96/><V49/><F62/><W109/><G109/><T50/><D50/><U122/><E48/><V112/><F112/><W94/><G5/><T35/><D35/><U89/><E38/><V44/><F55/><W76/><G76/><T15/><D15/><AGARI ba="1,0" hai="15,16,19,20,22,25,30,31,44,49,54,57,58,59" machi="15" ten="40,2600,0" yaku="8,1,54,1" doraHai="127" who="2" fromWho="0" sc="333,-29,236,0,255,29,176,0" /><INIT seed="2,0,0,4,3,107" ten="304,236,284,176" oya="2" hai0="129,93,134,38,117,72,29,18,39,108,25,115,46" hai1="120,24,106,41,103,22,118,57,110,74,0,68,47" hai2="40,53,5,48,32,60,10,75,81,64,15,51,122" hai3="132,131,124,102,77,45,44,21,87,98,37,105,7"/><V43/><F122/><W99/><G7/><T89/><D115/><U66/><E118/><V125/><F32/><W59/><G124/><T11/><D72/><U65/><E0/><V135/><F125/><W70/><G70/><T88/><D117/><U91/><E110/><V12/><F135/><W78/><G132/><T58/><D134/><U23/><E68/><V92/><F48/><W96/><G131/><T97/><D129/><U20/><E74/><V42/><F92/><W27/><G59/><T67/><D46/><U54/><E24/><V95/><F95/><W127/><G127/><T133/><D89/><U101/><E91/><V123/><F123/><W111/><G45/><T82/><D82/><U14/><E14/><V121/><F121/><W3/><G3/><T100/><D100/><U35/><E35/><V90/><F12/><W17/><G111/><T1/><D108/><U2/><E2/><V76/><F90/><W114/><G114/><T4/><D18/><U50/><E120/><V19/><F5/><W33/><G33/><T109/><D109/><U62/><E106/><V8/><F8/><W28/><G17/><T36/><D133/><U113/><E113/><V26/><F26/><W13/><G13/><T69/><D69/><U71/><REACH who="1" step="1"/><E66/><REACH who="1" ten="304,226,284,176" step="2"/><V31/><F64/><W126/><G126/><T30/><D25/><U112/><E112/><V85/><F75/><W119/><G119/><T116/><D116/><U128/><E128/><V94/><F15/><W6/><G6/><T63/><AGARI ba="0,1" hai="1,4,11,29,30,36,38,39,58,63,67,88,93,97" machi="63" ten="40,2700,0" yaku="0,1,54,1" doraHai="107" who="0" fromWho="0" sc="304,37,226,-7,284,-13,176,-7" /><INIT seed="3,0,0,5,4,32" ten="341,219,271,169" oya="3" hai0="47,31,93,3,30,21,122,13,126,7,40,37,57" hai1="118,103,45,90,42,97,77,65,116,63,2,55,86" hai2="34,102,53,91,100,119,127,98,27,111,8,125,120" hai3="129,83,5,1,61,26,69,130,131,112,14,66,60"/><W33/><G112/><T18/><D122/><U35/><E35/><V92/><F119/><N who="1" m="45609" /><E77/><V133/><F111/><W16/><G83/><T134/><D126/><N who="2" m="48138" /><F120/><W75/><G75/><T84/><D134/><U9/><E86/><V12/><F133/><W46/><G46/><T110/><D110/><U38/><E90/><V123/><F123/><W117/><G117/><T71/><D71/><N who="1" m="42431" /><E9/><V113/><F113/><W87/><G61/><T73/><D57/><U76/><E76/><V114/><F53/><W20/><G87/><T49/><D37/><U6/><E6/><N who="2" m="3095" /><F114/><W96/><G96/><T95/><D73/><U11/><E11/><V50/><F50/><W72/><G72/><T0/><D93/><U56/><E97/><V74/><F74/><W44/><G44/><T17/><D7/><U19/><E19/><V41/><F41/><W70/><G70/><T24/><D31/><AGARI ba="0,0" hai="27,31,34,91,92,98,100,102" m="3095,48138" machi="31" ten="30,1000,0" yaku="18,1" doraHai="32" who="2" fromWho="0" sc="341,-10,219,0,271,10,169,0" owari="331,43.0,219,-18.0,281,8.0,169,-33.0" /></mjloggm>