<mjloggm ver="2.3"><GO type="97" lobby="0"/><UN n0="%E5%B0%B1%E6%B4%BB%E7%94%9F%40%E5%B7%9D%E6%9D%91%E8%BB%8D%E5%9B%A3" n1="%E3%81%9F%E3%81%93%E3%82%84%E3%81%8D%EF%BC%98%E3%81%A1%E3%82%83%E3%82%93" n2="%E9%89%84%E4%B8%B8" n3="%6F%75%6D%61%31%32%31%32" dan="15,14,14,14" rate="2048.61,1924.85,1881.11,1815.31" sx="M,M,M,M"/><TAIKYOKU oya="0"/><INIT seed="0,0,0,0,5,99" ten="250,250,250,250" oya="0" hai0="31,123,118,9,78,132,87,124,93,0,10,49,32" hai1="101,113,134,5,57,119,89,50,105,84,114,109,30" hai2="69,125,27,90,33,100,21,91,62,48,14,88,129" hai3="47,116,44,54,112,117,53,64,71,45,42,121,20"/><T18/><D118/><U97/><E119/><N who="3" m="45642" /><G20/><T111/><D123/><U127/><E134/><V79/><F33/><W107/><G107/><T120/><D120/><U96/><E127/><V104/><F129/><W108/><G112/><N who="1" m="43114" /><E97/><V25/><F125/><W39/><G108/><T6/><D124/><U8/><E30/><V51/><F79/><W43/><G121/><T128/><D128/><U61/><E50/><V34/><F14/><W95/><G95/><T24/><D111/><U83/><E109/><V67/><F27/><W11/><G11/><T3/><D132/><U102/><E96/><N who="2" m="61447" /><F21/><W68/><G64/><T15/><D49/><U75/><E75/><V76/><F76/><W2/><G2/><T110/><D110/><U58/><E105/><V55/><F55/><N who="3" m="21003" /><G39/><T12/><REACH who="0" step="1"/><D93/><REACH who="0" ten="240,250,250,250" step="2"/><U4/><E61/><V70/><F70/><AGARI ba="0,1" hai="42,43,44,45,47,68,70,71" m="21003,45642" machi="70" ten="40,8000,1" yaku="28,2,34,2" doraHai="99" who="3" fromWho="2" sc="240,0,250,0,250,-80,250,90" /><INIT seed="1,0,0,5,2,8" ten="240,250,170,340" oya="1" hai0="66,49,11,73,45,55,77,101,26,91,57,3,24" hai1="89,34,70,29,33,51,74,52,97,102,59,76,107" hai2="128,14,37,116,72,20,68,126,133,108,46,123,5" hai3="58,43,42,16,53,75,85,103,134,129,65,10,115"/><U106/><E70/><V0/><F46/><W121/><G115/><T81/><D101/><U113/><E113/><V78/><F78/><W111/><G121/><T135/><D135/><U80/><E107/><V119/><F20/><W117/><G134/><T90/><D26/><U114/><E114/><V125/><F14/><W122/><G122/><T18/><D3/><U19/><E29/><V82/><F82/><W124/><G129/><T25/><D25/><U99/><E99/><V48/><F48/><W109/><G124/><T105/><D105/><U17/><REACH who="1" step="1"/><E89/><REACH who="1" ten="240,240,170,340" step="2"/><V63/><F68/><W7/><G117/><T86/><D91/><U2/><E2/><V93/><F119/><W71/><G71/><T54/><D90/><U6/><E6/><V88/><F5/><W104/><G104/><T131/><D131/><U44/><E44/><V98/><F0/><W21/><G75/><T39/><D73/><U67/><E67/><V32/><F98/><W9/><G111/><T30/><D66/><U87/><E87/><V83/><F88/><W61/><G109/><T31/><D39/><U56/><E56/><V4/><F37/><W130/><G130/><T100/><D100/><U41/><E41/><V120/><F128/><W60/><G103/><T127/><D127/><U118/><E118/><V38/><F116/><W132/><G85/><T36/><D36/><U1/><E1/><V92/><F38/><W35/><G132/><T27/><D31/><U15/><E15/><V64/><F133/><W112/><G35/><AGARI ba="0,1" hai="17,19,33,34,35,51,52,59,74,76,80,97,102,106" machi="35" ten="40,7700,0" yaku="1,1,54,1,53,1" doraHai="8" doraHaiUra="50" who="1" fromWho="3" sc="240,0,240,87,170,0,340,-77" /><INIT seed="1,1,0,4,3,34" ten="240,327,170,263" oya="1" hai0="20,99,24,70,97,44,126,114,18,31,96,14,17" hai1="25,43,105,35,109,29,57,73,121,49,13,91,122" hai2="108,116,130,129,58,27,30,3,22,132,50,63,90" hai3="56,52,42,124,86,53,107,127,0,74,85,110,55"/><U40/><E105/><V119/><F108/><W71/><G107/><T28/><D70/><U32/><E73/><V101/><F132/><W19/><G74/><T117/><D114/><U51/><E35/><V33/><F101/><W98/><G71/><T80/><D117/><U133/><E133/><V120/><F120/><W47/><G98/><T8/><D126/><N who="3" m="48169" /><G19/><T64/><D64/><U125/><E125/><V118/><F90/><W68/><G68/><T135/><D135/><U16/><E109/><V84/><F84/><N who="3" m="32363" /><G110/><T66/><D66/><U1/><E91/><V62/><F50/><N who="3" m="26999" /><G56/><T23/><D80/><U75/><E75/><V131/><F58/><W92/><G92/><T61/><D61/><N who="2" m="23050" /><F33/><W6/><G6/><T36/><D36/><U48/><E57/><V112/><F112/><W77/><G77/><T82/><D82/><U102/><E102/><V115/><F115/><W72/><G72/><T123/><D123/><U46/><E122/><V4/><F4/><W59/><G59/><T87/><D87/><U89/><E121/><V60/><N who="2" m="23058" /><V134/><DORA hai="41" /><F134/><W83/><G83/><T93/><D93/><U54/><E89/><V95/><F95/><W10/><G10/><T100/><D100/><U67/><E67/><V104/><F104/><W11/><G11/><T26/><D44/><U37/><E43/><V76/><F76/><W65/><G65/><T79/><D79/><U81/><E81/><V94/><F94/><W103/><G103/><T78/><D78/><U111/><E111/><V128/><N who="2" m="32768" /><DORA hai="2" /><V21/><F21/><W45/><G45/><RYUUKYOKU ba="1,0" sc="240,10,327,-30,170,10,263,10" hai0="8,14,17,18,20,23,24,26,28,31,96,97,99" hai2="3,22,27,30,116,118,119" hai3="0,52,53,55" /><INIT seed="2,2,0,4,4,64" ten="250,297,180,273" oya="2" hai0="63,131,89,93,37,0,29,8,38,79,39,124,133" hai1="81,126,108,34,23,128,16,68,114,84,18,59,87" hai2="129,72,56,46,1,43,40,73,9,78,71,58,106" hai3="3,12,54,51,122,109,120,62,70,66,53,4,41"/><V118/><F118/><W11/><G109/><T88/><D124/><U36/><E114/><V49/><F106/><W65/><G3/><T102/><D131/><U52/><E34/><V2/><F129/><W113/><G113/><T14/><D133/><U119/><E128/><V26/><F26/><W10/><G10/><T101/><D0/><U91/><E126/><V30/><F30/><W112/><G112/><T61/><D29/><U90/><E108/><V42/><F71/><W97/><G97/><T130/><D79/><U103/><E36/><N who="2" m="21767" /><F72/><W123/><G66/><T94/><D130/><U127/><E127/><V21/><F21/><W48/><G41/><N who="2" m="15369" /><F49/><W83/><G83/><T7/><D63/><U28/><E68/><V86/><F86/><W45/><REACH who="3" step="1"/><G123/><REACH who="3" ten="250,297,180,263" step="2"/><T85/><REACH who="0" step="1"/><D61/><REACH who="0" ten="240,297,180,263" step="2"/><N who="1" m="36071" /><E119/><V60/><F60/><W25/><G25/><T27/><D27/><N who="1" m="16511" /><E103/><V82/><F2/><W22/><G22/><T117/><D117/><U76/><E76/><V47/><F47/><AGARI ba="2,2" hai="4,11,12,45,47,48,51,53,54,62,65,70,120,122" machi="47" ten="30,12000,2" yaku="1,1,7,1,9,1,52,1,53,2" doraHai="64" doraHaiUra="44" who="3" fromWho="2" sc="240,0,297,0,180,-126,263,146" /><INIT seed="3,0,0,1,2,38" ten="240,297,54,409" oya="3" hai0="23,84,61,58,89,28,29,36,88,110,14,51,133" hai1="92,108,2,15,107,131,126,125,7,22,5,104,102" hai2="70,82,81,37,71,127,123,78,105,20,74,21,64" hai3="39,72,10,93,53,95,33,49,87,114,132,56,1"/><W11/><G33/><T3/><D36/><U19/><E108/><V100/><F100/><W66/><G39/><T9/><D3/><U44/><E131/><V12/><F12/><W112/><G66/><T57/><D110/><U41/><E92/><V129/><F64/><W43/><G43/><T8/><D133/><U121/><E121/><V134/><F82/><W18/><G18/><T99/><D99/><U0/><E0/><V111/><F21/><W97/><G132/><T103/><D103/><U73/><E73/><V117/><F20/><W6/><G11/><T54/><D23/><U91/><E91/><V35/><F81/><W118/><G72/><T67/><D9/><N who="1" m="2231" /><E102/><V76/><F76/><W52/><G118/><T50/><D50/><N who="1" m="26895" /><E7/><V31/><F31/><W30/><G30/><T94/><REACH who="0" step="1"/><D89/><REACH who="0" ten="230,297,54,409" step="2"/><U47/><E22/><V25/><F78/><W46/><G46/><T135/><D135/><U34/><E47/><V65/><F25/><W120/><G120/><T27/><D27/><U101/><E101/><V116/><F116/><W124/><G97/><T122/><D122/><U17/><E34/><V63/><F63/><W32/><G32/><T24/><D24/><U45/><E45/><V62/><F62/><W26/><G26/><T106/><D106/><U60/><E60/><V48/><F48/><W80/><G49/><T115/><D115/><U113/><E113/><V77/><F77/><W69/><G114/><T119/><D119/><U40/><E107/><V109/><F109/><W16/><G112/><T4/><AGARI ba="0,1" hai="4,8,14,28,29,51,54,57,58,61,67,84,88,94" machi="4" ten="20,8000,1" yaku="1,1,0,1,7,1,8,1,54,1,53,0" doraHai="38" doraHaiUra="79" who="0" fromWho="0" sc="230,90,297,-20,54,-20,409,-40" owari="320,12.0,277,-12.0,34,-47.0,369,47.0" /></mjloggm>