<mjloggm ver="2.3"><GO type="225" lobby="0"/><UN n0="%E3%81%AE%E3%81%A1%E3%82%86%E3%82%93" n1="%72%79%6F%E2%80%A6%31%35" n2="%E9%88%B4%E4%BE%8D" n3="%E3%83%88%E3%83%88%E3%83%AA%E5%85%88%E7%94%9F%31%39%E6%AD%B3" dan="16,18,17,17" rate="2127.70,2219.96,2186.54,2188.22" sx="M,M,M,F"/><TAIKYOKU oya="0"/><INIT seed="0,0,0,4,2,36" ten="250,250,250,250" oya="0" hai0="125,64,119,97,114,32,71,67,59,61,111,88,53" hai1="130,6,89,60,90,79,31,109,72,13,23,104,25" hai2="0,49,4,35,27,121,22,110,34,78,76,73,108" hai3="129,51,9,74,11,113,47,46,45,37,98,26,19"/><T63/><D119/><U134/><E104/><V24/><F121/><W58/><G113/><T120/><D114/><U16/><E109/><V117/><F117/><W29/><G74/><T99/><D120/><U135/><E130/><V21/><F49/><W122/><G122/><T115/><D115/><U131/><E131/><V18/><F4/><W2/><G129/><T126/><D32/><U10/><E60/><V43/><F0/><W91/><G37/><T1/><D1/><N who="1" m="335" /><E79/><V17/><F73/><W54/><G19/><T118/><D118/><U38/><E72/><V86/><F86/><W84/><G98/><T83/><D67/><U80/><E38/><V102/><F102/><W33/><REACH who="3" step="1"/><G2/><REACH who="3" ten="250,250,250,240" step="2"/><T103/><D111/><U42/><E135/><V68/><F68/><W40/><G40/><AGARI ba="0,1" hai="17,18,21,22,24,27,34,35,40,43,76,78,108,110" machi="40" ten="25,6400,0" yaku="22,2,52,2" doraHai="36" who="2" fromWho="3" sc="250,0,250,0,250,74,240,-64" /><INIT seed="1,0,0,5,5,1" ten="250,250,324,176" oya="1" hai0="106,110,23,121,90,15,36,34,12,80,134,81,59" hai1="73,108,3,104,61,130,72,66,43,77,95,93,82" hai2="126,54,127,46,7,13,88,68,28,119,123,55,103" hai3="8,5,112,101,63,37,69,24,113,18,105,53,42"/><U79/><E3/><V67/><F123/><W35/><G53/><T26/><D34/><U109/><E43/><V45/><F28/><N who="3" m="19847" /><G18/><T10/><D36/><U44/><E44/><V131/><F103/><W9/><G9/><T124/><D106/><U52/><E104/><V33/><F33/><W102/><G102/><T57/><D121/><U4/><E4/><V71/><F119/><W135/><G42/><T100/><D100/><U60/><E130/><V31/><F131/><W17/><G17/><T51/><D134/><U58/><E79/><V107/><F107/><W89/><G89/><T115/><D115/><U125/><E73/><V41/><F31/><W29/><G29/><T86/><D124/><U91/><E125/><V117/><F117/><W116/><G116/><T94/><D110/><N who="1" m="42603" /><E91/><V133/><F88/><W92/><G92/><T99/><D80/><U97/><E97/><V74/><F74/><W118/><G118/><T76/><D51/><U122/><E122/><V64/><F41/><W38/><G135/><T129/><D129/><U85/><E72/><V2/><F133/><W70/><G112/><T128/><D128/><U75/><E75/><V65/><F126/><W16/><G113/><T111/><D111/><U19/><E19/><V25/><F127/><W87/><G16/><N who="0" m="12647" /><D10/><U47/><E47/><N who="2" m="17931" /><F2/><N who="3" m="55" /><G38/><T50/><D57/><AGARI ba="0,0" hai="52,57,58,60,61,66,77,82,85,93,95" m="42603" machi="57" ten="30,5800,0" yaku="14,1,10,1,54,1" doraHai="1" who="1" fromWho="0" sc="250,-58,250,58,324,0,176,0" /><INIT seed="1,1,0,5,0,97" ten="192,308,324,176" oya="1" hai0="21,105,57,59,32,46,82,42,47,128,4,70,45" hai1="84,129,75,35,63,86,134,71,69,112,109,106,103" hai2="19,7,74,34,121,68,83,50,81,110,62,28,96" hai3="26,52,130,18,131,40,30,80,20,104,33,91,87"/><U25/><E112/><V38/><F121/><W36/><G104/><T5/><D32/><U114/><E114/><V94/><F38/><W10/><G40/><T133/><D70/><U95/><E75/><V1/><F74/><W119/><G36/><T79/><D105/><U17/><E134/><V99/><F99/><W117/><G10/><T98/><D133/><U11/><E106/><V90/><F50/><W101/><G101/><T64/><D42/><U3/><E3/><V120/><F120/><W89/><G89/><T72/><D128/><U23/><E129/><N who="3" m="49162" /><G52/><T85/><D72/><U116/><E116/><V123/><F19/><W60/><G60/><N who="0" m="37903" /><D98/><U54/><E63/><V43/><F43/><W93/><G93/><T12/><D59/><U8/><E71/><V31/><F62/><W13/><AGARI ba="1,0" hai="13,18,20,26,30,33,80,87,91,117,119" m="49162" machi="13" ten="30,1100,0" yaku="19,1" doraHai="97" who="3" fromWho="3" sc="192,-4,308,-6,324,-4,176,14" /><INIT seed="2,0,0,5,0,96" ten="188,302,320,190" oya="2" hai0="65,38,124,22,53,102,126,133,23,99,36,78,87" hai1="49,50,115,58,57,68,130,4,18,107,3,56,82" hai2="61,0,106,59,35,109,34,33,112,55,67,75,39" hai3="10,51,98,26,79,52,134,42,40,17,45,43,81"/><V120/><F112/><W14/><G134/><T63/><D53/><U12/><E115/><V9/><F120/><W104/><G26/><T127/><D133/><U19/><E107/><V62/><F75/><W113/><G113/><T89/><D78/><U8/><E68/><V2/><F39/><N who="0" m="14890" /><D87/><U135/><E135/><V48/><F109/><W32/><G32/><T128/><D89/><U31/><E31/><V111/><F111/><W108/><G108/><T77/><D77/><U103/><E103/><V76/><F76/><W73/><G104/><N who="0" m="63583" /><D128/><U110/><E130/><V64/><F106/><W100/><G98/><T15/><D15/><U70/><E3/><V16/><F62/><W88/><G100/><T1/><D1/><U71/><E110/><V24/><F67/><W7/><REACH who="3" step="1"/><G88/><REACH who="3" ten="188,302,320,180" step="2"/><T11/><D11/><U29/><E8/><V30/><F9/><W91/><G91/><T28/><D28/><U117/><E29/><V105/><F105/><W54/><G54/><T37/><N who="0" m="14898" /><T84/><DORA hai="93" /><D84/><U132/><E132/><V5/><F30/><W41/><N who="3" m="10240" /><DORA hai="21" /><W121/><G121/><T46/><D46/><U69/><E82/><V72/><F55/><W122/><G122/><T92/><D92/><U97/><E97/><V114/><F24/><W44/><G44/><T13/><D13/><U85/><E12/><V20/><F2/><W74/><G74/><T90/><D90/><U94/><E85/><V101/><F72/><W125/><G125/><T60/><D65/><U123/><E94/><V25/><F64/><W27/><G27/><T47/><D47/><RYUUKYOKU ba="0,1" sc="188,15,302,-15,320,-15,180,15" hai0="22,23,60,63,124,126,127" hai3="7,10,14,17,45,51,52,73,79,81" /><INIT seed="3,1,1,5,0,60" ten="203,287,305,195" oya="3" hai0="4,133,93,27,87,14,103,37,9,122,123,58,49" hai1="75,132,91,73,11,52,42,12,59,23,2,113,85" hai2="25,127,53,51,22,44,90,81,57,79,43,3,62" hai3="110,95,118,47,29,125,92,34,1,134,66,45,84"/><W61/><G118/><T21/><D37/><U0/><E113/><V48/><F127/><W55/><G1/><T13/><D13/><U54/><E42/><V31/><F3/><W130/><G125/><T121/><D133/><U89/><E23/><V99/><F99/><W70/><G134/><T40/><D103/><U46/><E132/><V7/><F7/><W76/><G130/><T77/><D40/><U35/><E35/><V135/><F135/><W28/><G110/><T78/><D93/><U131/><E131/><V24/><F24/><W65/><G34/><T111/><D111/><U112/><E112/><V16/><F90/><N who="3" m="53319" /><G70/><T124/><D124/><U129/><E129/><V26/><F26/><W116/><G76/><T109/><D109/><U128/><E128/><V97/><F97/><W15/><G116/><T83/><D78/><U10/><E12/><V68/><F68/><W117/><G117/><T74/><D74/><U72/><E72/><V20/><F31/><N who="3" m="11851" /><G95/><T69/><D69/><U64/><E85/><N who="2" m="48319" /><F20/><W104/><G104/><T41/><D21/><U114/><E114/><V82/><F82/><W56/><G15/><T119/><D119/><U32/><E32/><V71/><F71/><W120/><G120/><T8/><D27/><U86/><E86/><V17/><F17/><W80/><G80/><T96/><D96/><U102/><E75/><V94/><F94/><W5/><G5/><T38/><D38/><U100/><E73/><V108/><F108/><W33/><G33/><T98/><D98/><U67/><E46/><AGARI ba="1,1" hai="45,46,47,55,56,61,65,66" m="11851,53319" machi="46" ten="30,5800,0" yaku="8,1,52,2" doraHai="60" who="3" fromWho="1" sc="203,0,287,-61,305,0,195,71" /><INIT seed="3,2,0,0,5,81" ten="203,226,305,266" oya="3" hai0="84,6,118,29,17,119,51,48,32,20,72,70,37" hai1="21,99,113,18,16,135,64,89,71,11,129,3,102" hai2="59,57,53,33,49,122,117,34,65,96,28,23,68" hai3="50,131,54,133,120,42,80,69,86,91,127,115,60"/><W130/><G115/><T13/><D72/><U12/><E113/><V125/><F117/><W88/><G120/><T105/><D37/><U41/><E41/><V78/><F122/><W87/><G133/><T123/><D123/><U124/><E135/><V19/><F125/><W112/><G112/><T22/><D70/><U94/><E124/><V46/><F78/><W132/><G132/><T8/><D105/><U134/><E134/><V104/><F34/><W58/><G127/><T39/><D39/><U97/><E129/><N who="3" m="49162" /><G42/><T114/><D114/><U15/><E3/><V100/><F23/><W92/><G69/><T25/><D22/><U82/><E82/><V47/><F19/><W0/><G0/><T116/><REACH who="0" step="1"/><D84/><REACH who="0" ten="193,226,305,266" step="2"/><U73/><E73/><V63/><F68/><W66/><G50/><T79/><D79/><U106/><E71/><V10/><F10/><W56/><G56/><T1/><AGARI ba="2,1" hai="1,6,8,13,17,20,25,29,32,48,51,116,118,119" machi="1" ten="30,12000,2" yaku="1,1,0,1,24,2,53,2" doraHai="81" doraHaiUra="45" who="0" fromWho="0" sc="193,136,226,-32,305,-32,266,-62" owari="329,44.0,194,-31.0,273,7.0,204,-20.0" /></mjloggm>