<mjloggm ver="2.3"><GO type="97" lobby="0"/><UN n0="%79%6F%64%61%6B%61" n1="%E5%A4%A9%E9%97%87%E4%BD%8D" n2="%E5%B0%B1%E6%B4%BB%E7%94%9F%40%E5%B7%9D%E6%9D%91%E8%BB%8D%E5%9B%A3" n3="%79%6F%6D%65%37%37%37" dan="13,15,15,14" rate="1820.46,2008.82,2042.21,1927.48" sx="M,M,M,F"/><TAIKYOKU oya="0"/><INIT seed="0,0,0,4,0,2" ten="250,250,250,250" oya="0" hai0="74,68,125,122,97,114,99,19,84,51,16,127,20" hai1="96,28,133,24,18,54,23,43,62,83,38,131,57" hai2="9,42,56,59,4,22,123,11,12,37,102,49,35" hai3="8,91,64,109,124,75,130,113,116,81,92,86,118"/><T25/><D74/><U70/><E131/><V111/><F123/><W40/><G40/><T95/><D68/><U105/><E133/><V100/><F35/><W108/><G64/><T36/><D36/><U26/><E83/><V44/><F111/><N who="3" m="42571" /><G113/><T46/><D114/><U128/><E128/><V61/><F11/><W13/><G130/><T66/><D66/><U15/><E70/><V1/><F37/><W17/><G124/><N who="0" m="47691" /><D122/><U134/><E134/><V117/><F117/><N who="3" m="45163" /><G75/><T87/><D19/><U45/><E105/><V85/><F59/><W55/><G55/><N who="0" m="30199" /><D99/><U50/><E96/><V10/><F85/><W33/><G33/><T0/><D0/><U67/><REACH who="1" step="1"/><E28/><REACH who="1" ten="250,240,250,250" step="2"/><V79/><F79/><W129/><G129/><T78/><D78/><U72/><E72/><V135/><F135/><W126/><G126/><T119/><D119/><U65/><E65/><V88/><F102/><AGARI ba="0,1" hai="16,20,25,84,87,95,97,102" m="30199,47691" machi="102" ten="30,2900,0" yaku="18,1,54,1" doraHai="2" who="0" fromWho="2" sc="250,39,240,0,250,-29,250,0" /><INIT seed="0,1,0,4,3,8" ten="289,240,221,250" oya="0" hai0="29,36,26,113,3,126,31,111,32,11,115,71,46" hai1="67,114,85,119,12,96,15,21,69,103,27,51,98" hai2="73,62,128,112,132,66,58,45,50,99,2,54,84" hai3="105,135,64,41,55,20,42,61,13,22,116,77,100"/><T44/><D71/><U63/><E119/><V19/><F73/><W110/><G116/><T133/><D46/><U83/><E114/><V80/><F112/><W4/><G135/><T1/><D133/><U79/><E51/><V134/><F2/><W33/><G33/><T72/><D126/><U122/><E122/><V24/><F128/><W39/><G39/><T82/><D1/><U107/><REACH who="1" step="1"/><E98/><REACH who="1" ten="289,230,221,250" step="2"/><V6/><F99/><W17/><G110/><T65/><D111/><U34/><E34/><V0/><F0/><W86/><G42/><N who="0" m="22599" /><D65/><U88/><E88/><V87/><F87/><W28/><G41/><T131/><D131/><U106/><E106/><V90/><F6/><W52/><G105/><T109/><D109/><U81/><E81/><V43/><F43/><W70/><G100/><T108/><D108/><U120/><E120/><V30/><REACH who="2" step="1"/><F19/><AGARI ba="1,1" hai="12,15,19,21,27,63,67,69,79,83,85,96,103,107" machi="19" ten="30,8000,1" yaku="1,1,7,1,52,2,53,1" doraHai="8" doraHaiUra="97" who="1" fromWho="2" sc="289,0,230,93,221,-83,250,0" /><INIT seed="1,0,0,4,3,13" ten="289,323,138,250" oya="1" hai0="71,72,50,44,58,101,4,110,97,28,85,126,33" hai1="122,48,116,18,17,81,95,19,105,98,83,43,15" hai2="78,70,8,67,22,106,84,131,39,118,134,127,24" hai3="27,96,54,63,60,113,55,120,37,6,124,0,135"/><U47/><E116/><V77/><F39/><W10/><G37/><T12/><D71/><U41/><E105/><V73/><F73/><W92/><G120/><T90/><D72/><U94/><E122/><V42/><F106/><W93/><G113/><T2/><D2/><U121/><E121/><V1/><F118/><W99/><G124/><T80/><D58/><U112/><E112/><V125/><F42/><N who="1" m="15881" /><E15/><V30/><F131/><W40/><G135/><T23/><D33/><U34/><E34/><V49/><F134/><W65/><G40/><T29/><D126/><N who="2" m="48138" /><F49/><W119/><G119/><T51/><D51/><U45/><E95/><V74/><F74/><W61/><G65/><T25/><D110/><U35/><E35/><V100/><F100/><W20/><G93/><N who="0" m="58543" /><D12/><U104/><E104/><V75/><F75/><W111/><G111/><T5/><D28/><U57/><E57/><V64/><F84/><W109/><G109/><T31/><D31/><U130/><E130/><V87/><F87/><W123/><G123/><T107/><D107/><U62/><E62/><N who="2" m="40215" /><F67/><W36/><G36/><T11/><D11/><U52/><E47/><V103/><F103/><AGARI ba="0,0" hai="17,18,19,45,48,52,81,83,94,98,103" m="15881" machi="103" ten="30,12000,1" yaku="8,1,52,3,54,1" doraHai="13" who="1" fromWho="2" sc="289,0,323,120,138,-120,250,0" /><INIT seed="1,1,0,0,1,5" ten="289,443,18,250" oya="1" hai0="103,68,72,49,25,86,57,123,92,62,96,41,79" hai1="35,27,130,50,40,106,18,75,39,129,85,125,3" hai2="70,30,42,33,99,17,91,132,46,122,13,32,21" hai3="120,133,134,112,34,20,14,6,102,54,95,65,8"/><U131/><E75/><V31/><F70/><W64/><G120/><T55/><D123/><U116/><E116/><V88/><F122/><W52/><G112/><T36/><D72/><U89/><E106/><V28/><F132/><N who="3" m="50795" /><G34/><T58/><D79/><U100/><E100/><V124/><F124/><W23/><G102/><T16/><D86/><U101/><E101/><V77/><F77/><W104/><G104/><T10/><D68/><U93/><E125/><V44/><F99/><W73/><G73/><T81/><D81/><U51/><E3/><V121/><F121/><W45/><G95/><T119/><D119/><U69/><E69/><V9/><F9/><W11/><G45/><T127/><D127/><U135/><E135/><V87/><F46/><W0/><G65/><N who="0" m="39119" /><D36/><U38/><E35/><V113/><F113/><W82/><G64/><T105/><D105/><U43/><E43/><V24/><F33/><W60/><G82/><T110/><D110/><U22/><E40/><V66/><F66/><W109/><G109/><T63/><D41/><U12/><E27/><V108/><F108/><W114/><G114/><T67/><D25/><U4/><E4/><V61/><F61/><W7/><G60/><T98/><D98/><U56/><E56/><V115/><F115/><W26/><G26/><T76/><D76/><U1/><E1/><V74/><F74/><W47/><G54/><T117/><D117/><U128/><N who="1" m="33280" /><DORA hai="37" /><U15/><E15/><V84/><F44/><W111/><G111/><T97/><D97/><U118/><E118/><V78/><F42/><W80/><G80/><RYUUKYOKU ba="1,0" sc="289,-15,443,15,18,-15,250,15" hai1="12,18,22,38,39,50,51,85,89,93" hai3="0,6,7,8,11,14,20,23,47,52" /><INIT seed="1,2,0,5,4,71" ten="274,458,3,265" oya="1" hai0="63,103,19,42,21,126,30,37,106,51,76,107,85" hai1="99,56,116,113,34,65,50,62,41,98,88,79,17" hai2="54,81,38,69,72,27,86,133,97,87,8,84,29" hai3="68,77,75,39,118,53,121,43,92,73,93,117,102"/><U4/><E116/><N who="3" m="44650" /><G68/><T119/><D30/><U5/><E113/><V78/><F69/><W59/><G121/><T135/><D119/><U129/><E129/><V24/><F133/><W47/><G77/><T94/><D135/><U9/><E34/><V45/><F8/><W112/><G112/><T11/><D11/><U95/><E79/><V57/><F97/><N who="3" m="59687" /><G93/><T89/><D76/><U49/><E99/><V101/><F101/><W120/><G120/><T80/><D126/><U48/><E41/><V15/><F15/><AGARI ba="2,0" hai="4,5,9,15,17,48,49,50,56,62,65,88,95,98" machi="15" ten="40,3900,0" yaku="8,1,54,1" doraHai="71" who="1" fromWho="2" sc="274,0,458,45,3,-45,265,0" owari="274,7.0,503,60.0,-42,-54.0,265,-13.0" /></mjloggm>