<mjloggm ver="2.3"><GO type="169" lobby="0"/><UN n0="%E7%8B%AC%E6%AD%A9" n1="%E3%82%A6%E3%83%AB%E3%83%88%E3%83%A9%E7%AB%8B%E7%9B%B4" n2="%E6%9C%AB%E5%BA%83%E6%97%A5%E8%8F%9C%E5%AD%90" n3="%6D%61%2D%62%6F%33%35" dan="20,17,16,17" rate="2154.50,2161.91,2092.89,2140.13" sx="M,M,F,M"/><TAIKYOKU oya="0"/><INIT seed="0,0,0,0,5,79" ten="250,250,250,250" oya="0" hai0="92,56,33,24,127,27,97,2,93,89,113,84,95" hai1="109,37,106,82,132,12,100,38,111,7,23,1,60" hai2="20,14,128,129,71,110,66,121,30,67,45,85,88" hai3="124,40,69,17,102,130,118,6,99,77,18,62,135"/><T103/><D2/><U107/><E1/><V0/><F0/><W117/><G135/><T34/><D113/><U43/><E60/><V64/><F121/><W50/><G130/><N who="2" m="50281" /><F110/><N who="1" m="41993" /><E100/><V3/><F3/><W86/><G124/><T63/><D127/><U108/><E43/><V80/><F45/><W21/><G6/><T39/><D39/><N who="1" m="14859" /><E108/><V25/><F14/><W133/><G69/><AGARI ba="0,0" hai="20,25,30,64,66,67,69,71,80,85,88" m="50281" machi="69" ten="30,3900,0" yaku="19,1,52,1,54,1" doraHai="79" who="2" fromWho="3" sc="250,0,250,0,250,39,250,-39" /><INIT seed="1,0,0,1,4,57" ten="250,250,289,211" oya="1" hai0="69,86,7,131,42,43,129,109,50,104,81,118,44" hai1="113,26,84,52,127,125,19,75,106,36,70,2,22" hai2="92,122,6,76,103,51,85,31,66,40,111,34,35" hai3="20,9,48,49,90,55,32,99,29,46,77,126,68"/><U12/><E75/><V39/><F39/><W96/><G126/><N who="1" m="48138" /><E36/><V133/><F111/><W16/><G68/><T58/><D104/><U23/><E106/><V64/><F133/><W0/><G77/><T54/><D69/><U93/><E70/><V89/><F122/><W107/><G107/><T21/><D109/><U79/><E2/><V8/><F103/><W112/><G112/><T17/><D7/><U15/><E113/><V80/><F34/><W24/><G90/><T88/><D118/><U11/><E93/><V114/><F31/><W38/><G38/><T95/><D81/><N who="1" m="47167" /><E52/><V105/><F105/><W120/><G120/><T124/><D124/><U121/><E121/><V61/><F114/><W132/><G132/><T78/><D78/><U94/><E94/><V123/><F123/><W108/><G108/><T65/><D65/><U115/><E115/><V97/><F66/><W110/><G110/><T117/><D117/><U73/><E73/><V116/><F116/><W102/><G102/><T134/><D134/><U30/><E15/><V53/><F40/><W47/><G0/><T18/><D43/><U62/><E62/><V56/><F35/><AGARI ba="0,0" hai="11,12,19,22,23,26,30,35" m="47167,48138" machi="35" ten="30,1500,0" yaku="18,1" doraHai="57" who="1" fromWho="2" sc="250,0,250,15,289,-15,211,0" /><INIT seed="1,1,0,5,3,88" ten="250,265,274,211" oya="1" hai0="95,83,116,78,115,60,62,25,4,49,65,105,16" hai1="11,35,1,24,106,90,6,46,64,113,39,59,85" hai2="93,69,73,89,5,112,17,75,9,13,38,10,3" hai3="134,47,54,53,12,119,135,15,100,126,31,7,51"/><U20/><E106/><V61/><F38/><W107/><G126/><T8/><D105/><U48/><E113/><V103/><F103/><W2/><G119/><T92/><D115/><U22/><E39/><V34/><F34/><W80/><G31/><T29/><D49/><U43/><E35/><V36/><F36/><W77/><G53/><T23/><D29/><U127/><E127/><V84/><REACH who="2" step="1"/><F112/><REACH who="2" ten="250,265,264,211" step="2"/><W58/><G100/><T82/><D116/><U87/><E87/><V68/><F68/><W52/><G107/><T66/><D66/><AGARI ba="1,1" hai="3,5,9,10,13,17,61,66,69,73,75,84,89,93" machi="66" ten="40,5200,0" yaku="1,1,52,1,53,1" doraHai="88" doraHaiUra="56" who="2" fromWho="0" sc="250,-55,265,0,264,65,211,0" /><INIT seed="2,0,0,5,2,112" ten="195,265,329,211" oya="2" hai0="134,8,95,60,68,130,63,13,96,36,106,74,120" hai1="29,72,9,71,99,103,104,25,126,127,80,5,50" hai2="46,24,61,90,133,47,66,108,75,51,22,122,125" hai3="70,41,52,77,21,2,69,116,83,19,100,23,124"/><V98/><F122/><W121/><G121/><T3/><D36/><U78/><E50/><V123/><F123/><W45/><G2/><T0/><D74/><U73/><E73/><V1/><F1/><W93/><G124/><T119/><D106/><U67/><E9/><V135/><F125/><W107/><G107/><T18/><D120/><U6/><E6/><V64/><F75/><W56/><G116/><T85/><D130/><U7/><E7/><V76/><F76/><W91/><G100/><T87/><D134/><N who="2" m="51210" /><F108/><W81/><G23/><T27/><D119/><U131/><E5/><V105/><F61/><W79/><G70/><T114/><D114/><U57/><E57/><V109/><F109/><W48/><G69/><T94/><D3/><U32/><REACH who="1" step="1"/><E131/><REACH who="1" ten="195,255,329,211" step="2"/><V65/><F51/><W58/><G56/><T49/><D0/><U132/><E132/><V55/><F55/><W42/><G42/><T14/><D49/><U40/><E40/><V62/><F62/><AGARI ba="0,1" hai="25,29,32,62,67,71,72,78,80,99,103,104,126,127" machi="62" ten="40,8000,1" yaku="1,1,25,2,23,2,53,0" doraHai="112" doraHaiUra="10" who="1" fromWho="2" sc="195,0,255,90,329,-80,211,0" /><INIT seed="3,0,0,2,1,116" ten="195,345,249,211" oya="3" hai0="132,101,73,85,107,41,91,119,44,77,48,57,86" hai1="3,11,2,129,20,50,134,106,60,52,105,81,51" hai2="84,58,46,14,32,29,65,26,108,55,104,1,63" hai3="92,39,9,113,37,56,22,103,121,80,6,27,7"/><W67/><G113/><T33/><D33/><U25/><E51/><V43/><F1/><W19/><G121/><T89/><D119/><U96/><E60/><V13/><F108/><W125/><G125/><T133/><D57/><U24/><E24/><V117/><F104/><W61/><G80/><N who="0" m="45103" /><D48/><U31/><E134/><N who="0" m="51817" /><D44/><U0/><E129/><V99/><F99/><N who="3" m="59879" /><G37/><T21/><D21/><U62/><E62/><V45/><F117/><W42/><G39/><T130/><D41/><U34/><E34/><V69/><F84/><N who="0" m="32362" /><D130/><U131/><E11/><V111/><F45/><W47/><G42/><T112/><D112/><U18/><E2/><V128/><F128/><W28/><G47/><T71/><D71/><U38/><E38/><N who="2" m="21879" /><F111/><W88/><G9/><T124/><D124/><U64/><E0/><V94/><F13/><W54/><G28/><T49/><D49/><U8/><E50/><N who="2" m="31095" /><F14/><W12/><G12/><T110/><D110/><U59/><E3/><V36/><F36/><W74/><G54/><T72/><D72/><U68/><E52/><V122/><F26/><W76/><G7/><T70/><D70/><U75/><E68/><V109/><F29/><W17/><G6/><T53/><D53/><U40/><E25/><V118/><F32/><W102/><G27/><T127/><D127/><U83/><E31/><V23/><F109/><W126/><G22/><T4/><D4/><U78/><E20/><V5/><F23/><W115/><G126/><T135/><N who="0" m="51825" /><T97/><AGARI ba="0,0" hai="89,91,97,101,107" m="32362,51825,45103" machi="97" ten="50,8000,1" yaku="4,1,20,1,34,2" doraHai="116" who="0" fromWho="0" sc="195,80,345,-20,249,-20,211,-40" /><INIT seed="4,0,0,0,1,106" ten="275,325,229,171" oya="0" hai0="25,122,100,37,73,98,22,89,107,35,17,33,19" hai1="84,31,123,97,45,94,105,14,120,135,51,82,109" hai2="80,60,77,88,104,56,15,63,67,8,95,30,53" hai3="121,18,43,42,7,40,128,9,96,16,74,127,118"/><T1/><D37/><U61/><E105/><V27/><F104/><W133/><G118/><T111/><D122/><U57/><E109/><V21/><F21/><W130/><BYE who="2" /><G121/><T10/><D111/><U36/><E36/><V101/><F101/><W85/><G127/><T129/><D129/><N who="3" m="49769" /><G133/><T125/><D125/><U38/><E38/><V41/><F41/><W20/><G96/><T26/><D89/><UN n2="%E6%9C%AB%E5%BA%83%E6%97%A5%E8%8F%9C%E5%AD%90" /><U81/><E81/><V34/><F67/><W11/><G85/><T54/><D54/><U91/><E135/><V47/><F47/><W32/><G32/><T114/><D114/><U24/><E14/><V132/><F132/><W86/><G86/><T87/><D87/><U58/><E45/><V66/><F66/><W6/><G74/><T68/><D73/><U103/><E51/><V44/><F44/><W50/><G50/><T3/><D68/><U70/><E58/><V83/><F63/><W134/><G134/><T62/><D62/><U39/><E70/><V29/><F29/><W65/><G65/><T4/><D3/><U48/><E48/><V49/><F49/><W46/><G20/><AGARI ba="0,0" hai="1,4,10,17,19,20,22,25,26,33,35,98,100,107" machi="20" ten="40,2000,0" yaku="9,1" doraHai="106" who="0" fromWho="3" sc="275,20,325,0,229,0,171,-20" /><INIT seed="4,1,0,0,3,131" ten="295,325,229,151" oya="0" hai0="19,18,32,104,34,110,79,82,91,103,46,119,59" hai1="21,42,120,15,3,67,100,33,57,77,97,7,53" hai2="78,38,2,39,24,90,13,23,83,60,101,58,105" hai3="109,74,41,111,118,69,37,70,75,44,129,112,10"/><T133/><D119/><U35/><E120/><V68/><F2/><W122/><G118/><T92/><D46/><U113/><E67/><V99/><F68/><N who="3" m="26219" /><G129/><T132/><D59/><U108/><E108/><N who="3" m="41546" /><G10/><T71/><D71/><U6/><E57/><V80/><F90/><W54/><G54/><T107/><D110/><U102/><E53/><V63/><F13/><W84/><G84/><N who="0" m="52327" /><D19/><U134/><E15/><V16/><F80/><W26/><G26/><T49/><D49/><U12/><E12/><V29/><F29/><W45/><G122/><T130/><D18/><U87/><E42/><V55/><F55/><W86/><BYE who="2" /><G86/><N who="0" m="48479" /><D130/><U48/><E6/><V1/><F1/><W116/><G44/><T125/><D34/><U40/><E7/><V20/><F20/><W93/><G116/><T14/><D14/><U73/><E21/><V117/><F117/><W89/><G45/><T115/><D32/><U106/><E33/><V27/><F27/><W126/><G74/><T94/><D94/><U8/><E73/><V65/><F65/><W121/><G75/><T43/><D43/><U127/><E40/><V4/><F4/><W31/><G41/><T17/><D17/><U11/><E35/><V47/><F47/><W36/><G37/><T52/><D52/><U135/><E3/><V51/><F51/><W66/><G93/><UN n2="%E6%9C%AB%E5%BA%83%E6%97%A5%E8%8F%9C%E5%AD%90" /><T128/><D128/><U114/><E48/><V62/><REACH who="2" step="1"/><F58/><REACH who="2" ten="295,325,219,151" step="2"/><W76/><G66/><T25/><D25/><U85/><E8/><V5/><F5/><W96/><G36/><T30/><D30/><U124/><E11/><V22/><F22/><RYUUKYOKU ba="1,1" sc="295,-10,325,-10,219,30,151,-10" hai2="16,23,24,38,39,60,62,63,78,83,99,101,105" /><INIT seed="5,2,1,5,0,108" ten="285,315,249,141" oya="1" hai0="107,8,43,115,75,133,64,55,41,1,37,10,92" hai1="129,31,26,33,90,111,59,23,98,70,94,114,7" hai2="65,60,106,48,69,89,12,6,122,50,130,132,76" hai3="28,57,82,102,86,3,120,78,11,38,95,15,29"/><U36/><E70/><V101/><F122/><W127/><G120/><T34/><D34/><U20/><E36/><V91/><F130/><W123/><G123/><T16/><D107/><U49/><E129/><V22/><F132/><W24/><G127/><T0/><D75/><U39/><E39/><V80/><F101/><W40/><G3/><T112/><D64/><U104/><E104/><V27/><F106/><W5/><G24/><T21/><D92/><U97/><E97/><V105/><F105/><W13/><G38/><T66/><D55/><U100/><E100/><V117/><F117/><W32/><G32/><T96/><D66/><U119/><E119/><V30/><F12/><W68/><G68/><T84/><D84/><U35/><E35/><V56/><F6/><W14/><G57/><T18/><D96/><U61/><E7/><V83/><F83/><W128/><G40/><T77/><D37/><U110/><E49/><V81/><F81/><W116/><G128/><T46/><D77/><U67/><E23/><V45/><F50/><W113/><G116/><T25/><D46/><U4/><E4/><V44/><F44/><W19/><G5/><T131/><D131/><U47/><E47/><V121/><F69/><W17/><G11/><N who="0" m="4139" /><D133/><U74/><E74/><V62/><F62/><W88/><G102/><T9/><D43/><U71/><E33/><V93/><F93/><W87/><G95/><T73/><D41/><U63/><E63/><V72/><F121/><W79/><G82/><T42/><D42/><AGARI ba="2,1" hai="22,27,30,42,45,48,56,60,65,72,76,80,89,91" machi="42" ten="30,1000,0" yaku="7,1" doraHai="108" who="2" fromWho="0" sc="285,-16,315,0,249,26,141,0" /><INIT seed="6,0,0,0,0,33" ten="269,315,275,141" oya="2" hai0="89,34,3,107,119,23,63,76,2,58,57,24,101" hai1="69,95,37,86,29,92,4,121,118,100,125,18,1" hai2="122,108,104,21,22,81,128,120,41,70,43,98,105" hai3="11,52,49,66,135,80,112,115,36,94,25,87,126"/><V42/><F70/><W56/><G126/><T47/><D34/><U14/><E37/><V79/><F128/><W65/><G135/><T67/><D76/><U30/><E118/><V78/><F108/><W44/><G25/><T84/><D119/><U7/><E69/><V38/><F38/><W71/><G94/><T10/><D10/><U39/><E39/><V17/><F17/><W129/><BYE who="2" /><G129/><T131/><D47/><U61/><E1/><V32/><F32/><W72/><G72/><T12/><D12/><U20/><E61/><UN n2="%E6%9C%AB%E5%BA%83%E6%97%A5%E8%8F%9C%E5%AD%90" /><V68/><F68/><W6/><G71/><T88/><D58/><U91/><E125/><V111/><F111/><W83/><G83/><T60/><D60/><U124/><E124/><V93/><F81/><W31/><G31/><N who="1" m="11786" /><E121/><V13/><F13/><W8/><G8/><T132/><D132/><U130/><E130/><V133/><F133/><W46/><G36/><T48/><D48/><U9/><E9/><V90/><F105/><W103/><G103/><T97/><D131/><U53/><E53/><V16/><F104/><W134/><G66/><T51/><D51/><U55/><E55/><V5/><F5/><W45/><G65/><T73/><D73/><U27/><E14/><N who="2" m="9367" /><F122/><W77/><REACH who="3" step="1"/><G134/><REACH who="3" ten="269,315,275,131" step="2"/><T0/><REACH who="0" step="1"/><D84/><REACH who="0" ten="259,315,275,131" step="2"/><U85/><E86/><N who="2" m="52439" /><F120/><W75/><G75/><T15/><D15/><AGARI ba="0,2" hai="6,11,15,44,45,46,49,52,56,77,80,87,112,115" machi="15" ten="40,2600,0" yaku="1,1,54,1,53,0" doraHai="33" doraHaiUra="127" who="3" fromWho="0" sc="259,-26,315,0,275,0,131,46" /><INIT seed="7,0,0,0,5,62" ten="233,315,275,177" oya="3" hai0="56,34,132,84,43,90,100,14,111,66,22,53,32" hai1="10,74,135,86,52,97,61,99,45,95,37,18,107" hai2="130,21,98,3,35,29,12,59,47,16,127,93,87" hai3="88,76,48,75,36,33,80,91,13,8,57,108,39"/><W49/><G33/><T122/><D111/><U11/><E74/><V117/><F127/><W123/><G123/><T42/><D122/><U20/><E107/><V54/><F130/><W31/><G31/><T64/><D100/><U27/><E37/><V4/><F87/><W82/><G108/><T131/><D131/><U69/><E69/><V23/><F47/><W73/><G57/><T128/><D132/><U1/><E1/><V0/><F117/><W68/><G68/><T126/><D126/><U41/><E41/><N who="0" m="15369" /><D34/><U110/><E99/><V55/><F35/><W118/><G118/><T112/><D112/><U65/><E86/><V109/><F4/><W2/><G2/><T121/><D32/><U129/><E129/><V113/><F113/><W72/><G76/><T19/><D121/><U105/><E105/><V30/><F55/><W81/><G13/><T70/><D70/><U46/><E46/><V44/><F44/><W26/><G8/><T114/><D114/><U102/><E135/><V116/><F116/><W85/><G26/><T77/><D77/><U106/><E106/><V17/><F3/><W94/><REACH who="3" step="1"/><G91/><REACH who="3" ten="233,315,275,167" step="2"/><T25/><D25/><U58/><E110/><V96/><F0/><W119/><G119/><T67/><D128/><U101/><E10/><V120/><F109/><W83/><N who="3" m="20480" /><DORA hai="71" /><W28/><G28/><T9/><D9/><U133/><E11/><V7/><F120/><W51/><AGARI ba="0,1" hai="36,39,48,49,51,72,73,75,85,88,94" m="20480" machi="51" ten="50,36000,4" yaku="1,1,0,1,29,2,52,2,54,1,53,4" doraHai="62,71" doraHaiUra="124,78" who="3" fromWho="3" sc="233,-120,315,-120,275,-120,167,370" owari="113,-39.0,195,0.0,155,-24.0,537,63.0" /></mjloggm>