<mjloggm ver="2.3"><GO type="41" lobby="0"/><UN n0="%79%6F%75%70%72" n1="%6E%75%6B%6F%6E%75%63%6F" n2="%E5%B0%B1%E6%B4%BB%E7%94%9F%40%E5%B7%9D%E6%9D%91%E8%BB%8D%E5%9B%A3" n3="%E3%81%93%E3%81%98%E3%82%85%E3%81%93%E3%81%98%E3%82%85%EF%BC%92" dan="13,15,14,13" rate="1900.55,1995.89,1968.19,1919.72" sx="M,M,M,M"/><TAIKYOKU oya="0"/><INIT seed="0,0,0,4,1,63" ten="250,250,250,250" oya="0" hai0="41,128,76,115,88,119,129,106,105,16,13,26,48" hai1="20,56,43,50,29,103,100,2,64,79,3,32,92" hai2="33,77,44,1,69,109,113,135,112,4,47,75,30" hai3="131,70,98,39,37,24,62,25,96,67,101,123,35"/><T132/><D119/><U89/><E32/><V5/><F69/><W86/><G131/><N who="0" m="50251" /><D115/><U108/><E108/><V40/><F135/><W116/><G116/><T61/><D132/><U72/><E79/><V80/><F109/><W111/><G111/><T10/><D76/><U94/><E72/><V28/><F47/><W51/><G51/><T42/><D26/><U59/><E43/><N who="0" m="16393" /><D48/><U90/><E50/><V120/><F120/><W81/><G123/><T107/><D61/><U55/><E20/><V12/><F12/><W126/><G126/><T31/><D31/><U97/><E29/><V117/><F117/><W110/><G110/><T84/><D107/><U121/><E121/><V18/><F18/><W134/><G134/><T95/><AGARI ba="0,0" hai="10,13,16,84,88,95,105,106" m="16393,50251" machi="95" ten="30,6000,0" yaku="19,1,54,2" doraHai="63" who="0" fromWho="0" sc="250,60,250,-20,250,-20,250,-20" /><INIT seed="0,1,0,1,4,19" ten="310,230,230,230" oya="0" hai0="40,53,4,0,10,66,50,36,47,70,82,115,98" hai1="26,102,15,127,88,41,118,62,22,52,7,24,89" hai2="120,55,32,30,121,107,119,31,124,75,114,128,83" hai3="35,117,20,37,58,51,79,90,43,57,85,64,28"/><T18/><D115/><U27/><E127/><V38/><RYUUKYOKU type="yao9" ba="1,0" sc="310,0,230,0,230,0,230,0" hai2="30,31,32,38,55,75,83,107,114,119,120,121,124,128" /><INIT seed="0,2,0,2,0,43" ten="310,230,230,230" oya="0" hai0="30,83,77,73,50,36,126,49,114,16,82,84,28" hai1="18,9,20,11,94,29,31,34,57,93,123,45,42" hai2="113,24,67,110,98,128,133,135,4,89,25,2,91" hai3="52,44,105,132,69,7,13,70,23,32,80,8,27"/><T53/><D114/><U68/><E123/><V118/><F113/><W119/><G119/><T60/><D126/><U88/><E68/><V65/><F118/><W3/><G105/><T10/><D36/><U58/><E94/><V79/><F79/><W100/><G100/><T117/><D117/><U6/><E34/><V112/><F112/><W121/><G121/><T48/><D60/><U95/><E95/><V56/><F56/><N who="1" m="21609" /><E6/><V107/><F107/><W14/><G132/><T41/><D41/><U21/><E21/><V19/><F19/><W131/><G131/><T127/><D127/><U104/><E104/><V75/><F75/><W71/><G80/><T38/><D38/><U124/><E124/><V85/><F4/><W115/><G32/><T76/><REACH who="0" step="1"/><D53/><REACH who="0" ten="300,230,230,230" step="2"/><U78/><E42/><V102/><F133/><W17/><REACH who="3" step="1"/><G115/><REACH who="3" ten="300,230,230,220" step="2"/><T46/><D46/><U63/><E45/><V116/><F135/><W40/><G40/><T39/><D39/><U55/><E63/><V74/><F116/><W47/><G47/><T99/><D99/><U125/><E125/><V37/><F98/><W72/><G72/><T90/><D90/><U26/><E88/><V66/><F91/><W59/><G59/><T22/><D22/><U111/><E20/><V54/><F89/><W96/><G96/><T87/><D87/><U0/><E78/><V1/><F85/><W122/><G122/><T62/><D62/><U92/><E55/><V120/><F74/><W64/><G64/><T130/><D130/><U134/><E134/><V101/><F128/><W5/><G5/><T103/><D103/><RYUUKYOKU ba="2,2" sc="300,15,230,-15,230,-15,220,15" hai0="10,16,28,30,48,49,50,73,76,77,82,83,84" hai3="3,7,8,13,14,17,23,27,44,52,69,70,71" /><INIT seed="0,3,2,0,2,101" ten="315,215,215,235" oya="0" hai0="61,30,130,85,5,20,10,54,131,91,125,66,22" hai1="65,94,39,79,122,12,55,78,81,97,62,43,27" hai2="127,60,72,33,104,49,64,63,53,15,75,74,135" hai3="18,102,34,108,96,121,116,82,90,38,95,13,68"/><T3/><D54/><U83/><E122/><V120/><F120/><W129/><G121/><T69/><D125/><U134/><E134/><V70/><F135/><W51/><G38/><T113/><D113/><U31/><E43/><V41/><F127/><W36/><G36/><T105/><D105/><U111/><E111/><V14/><F33/><W106/><G116/><T133/><D133/><U0/><E0/><V2/><F2/><W80/><G108/><T88/><D91/><U89/><E55/><V98/><F41/><W28/><G68/><T93/><REACH who="0" step="1"/><D30/><REACH who="0" ten="305,215,215,235" step="2"/><U118/><E118/><V17/><F104/><W46/><G129/><AGARI ba="3,3" hai="3,5,10,20,22,61,66,69,85,88,93,129,130,131" machi="129" ten="40,18000,2" yaku="1,1,2,1,19,1,54,1,53,2" doraHai="101" doraHaiUra="16" who="0" fromWho="3" sc="305,219,215,0,215,0,235,-189" /><INIT seed="0,4,0,4,2,75" ten="524,215,215,46" oya="0" hai0="64,18,13,44,84,111,132,65,53,45,40,107,85" hai1="118,76,109,33,71,120,80,20,63,25,69,7,125" hai2="82,46,21,9,89,126,24,77,83,39,87,35,10" hai3="114,8,93,115,128,98,14,23,52,2,22,47,124"/><T70/><D107/><U3/><E120/><V104/><F35/><W26/><G2/><T55/><D132/><U5/><E118/><V16/><F104/><W113/><G128/><T96/><D111/><U59/><E109/><V54/><F126/><W72/><G124/><T0/><D0/><U11/><E7/><V19/><F19/><W34/><G72/><T129/><D129/><U29/><E125/><V102/><F102/><W60/><G34/><T66/><D70/><U94/><E94/><V43/><REACH who="2" step="1"/><F54/><REACH who="2" ten="524,215,205,46" step="2"/><W121/><G121/><T131/><D131/><U67/><REACH who="1" step="1"/><E33/><REACH who="1" ten="524,205,205,46" step="2"/><V32/><F32/><W112/><N who="3" m="29184" /><DORA hai="17" /><W61/><G22/><T28/><D40/><U36/><E36/><V6/><F6/><W42/><G42/><T1/><D66/><U56/><E56/><V133/><F133/><W12/><G47/><T62/><D45/><U78/><E78/><V134/><F134/><W110/><G110/><T130/><D64/><U58/><E58/><V100/><F100/><W49/><G61/><T90/><D62/><U48/><E48/><V31/><F31/><W105/><G60/><T38/><D65/><U68/><E68/><V106/><F106/><W51/><G105/><T15/><D44/><U74/><AGARI ba="4,2" hai="3,5,11,20,25,29,59,63,67,69,71,74,76,80" machi="74" ten="20,8000,1" yaku="1,1,0,1,7,1,52,2,53,0" doraHai="75,17" doraHaiUra="119,99" who="1" fromWho="1" sc="524,-44,205,112,205,-24,46,-24" /><INIT seed="1,0,0,0,2,78" ten="480,317,181,22" oya="1" hai0="111,123,134,93,43,17,10,21,33,28,57,90,7" hai1="107,86,60,4,44,14,3,18,6,104,64,0,1" hai2="48,55,133,58,125,100,2,79,88,42,22,29,115" hai3="99,23,34,50,37,91,106,81,126,32,47,102,87"/><U101/><E86/><V75/><F2/><W129/><G129/><T15/><D43/><U63/><E101/><V92/><F115/><W39/><G126/><T25/><D57/><U68/><E60/><V70/><F70/><W67/><G67/><T128/><D111/><U117/><E117/><V24/><F125/><W82/><G23/><T13/><D123/><U16/><E44/><V53/><F133/><W121/><G121/><T114/><D128/><U72/><E72/><V119/><F119/><W122/><G122/><T89/><D134/><U49/><E49/><V96/><F42/><W94/><G37/><T8/><D114/><U30/><E30/><V84/><F55/><W59/><G59/><T109/><D109/><U130/><E130/><V20/><F75/><W135/><G39/><T95/><D95/><U65/><E64/><V103/><F22/><W118/><G135/><T5/><REACH who="0" step="1"/><D93/><REACH who="0" ten="470,317,181,22" step="2"/><U120/><E120/><V45/><F58/><W26/><G118/><T61/><D61/><U9/><E104/><V113/><F113/><W27/><G34/><T73/><D73/><U12/><REACH who="1" step="1"/><E107/><REACH who="1" ten="470,307,181,22" step="2"/><V97/><F100/><W54/><REACH who="3" step="1"/><G32/><REACH who="3" ten="470,307,181,12" step="2"/><T71/><D71/><U46/><E46/><V116/><F45/><W38/><G38/><T35/><D35/><U131/><E131/><V62/><F62/><W127/><G127/><T74/><D74/><U98/><E98/><V85/><F97/><W80/><AGARI ba="0,3" hai="26,27,47,50,54,80,81,82,87,91,94,99,102,106" machi="80" ten="30,8000,1" yaku="1,1,0,1,52,3,53,0" doraHai="78" doraHaiUra="66" who="3" fromWho="3" sc="470,-20,307,-40,181,-20,12,110" /><INIT seed="2,0,0,3,4,60" ten="450,267,161,122" oya="2" hai0="7,43,100,4,72,93,31,24,115,84,52,106,35" hai1="122,50,30,82,127,103,76,49,68,18,54,121,114" hai2="101,134,3,59,118,13,41,15,94,130,11,67,61" hai3="75,111,104,5,78,83,21,27,85,42,8,45,33"/><V128/><F118/><W98/><G111/><T97/><D72/><U112/><E103/><V9/><F134/><W1/><G33/><T132/><D132/><U0/><E0/><V26/><F41/><W89/><G104/><T51/><D43/><U48/><E30/><V6/><F26/><W25/><G98/><T20/><D115/><U58/><E18/><V65/><F3/><W71/><G71/><T95/><D95/><U23/><E23/><V135/><F135/><W129/><G21/><T64/><D64/><U10/><E10/><V120/><F120/><N who="1" m="46185" /><E68/><V110/><F110/><W37/><REACH who="3" step="1"/><G129/><REACH who="3" ten="450,267,161,112" step="2"/><N who="2" m="49769" /><F101/><W133/><G133/><T107/><D35/><U14/><E112/><V73/><F73/><W92/><AGARI ba="0,1" hai="1,5,8,25,27,37,42,45,75,78,83,85,89,92" machi="92" ten="20,8000,1" yaku="1,1,0,1,7,1,25,2,53,0" doraHai="60" doraHaiUra="17" who="3" fromWho="3" sc="450,-20,267,-20,161,-40,112,90" /><INIT seed="3,0,0,4,3,41" ten="430,247,121,202" oya="3" hai0="9,16,64,100,70,25,28,122,45,50,80,33,0" hai1="39,115,2,94,119,74,116,88,99,92,126,95,63" hai2="87,69,15,118,66,114,101,132,8,127,7,32,42" hai3="76,123,46,38,128,62,103,106,81,36,93,109,53"/><W5/><G123/><T40/><D80/><U82/><E39/><V57/><F118/><N who="1" m="45097" /><E2/><V54/><F114/><W4/><G106/><T72/><D72/><U11/><E11/><V17/><F32/><W73/><G128/><T47/><D122/><U10/><E10/><V113/><F113/><W51/><G109/><T131/><D131/><U49/><E49/><V105/><F127/><W91/><G103/><T71/><D100/><U134/><E63/><V6/><F132/><W48/><G62/><T117/><D117/><U22/><E22/><V89/><F42/><W18/><G18/><T110/><D110/><U68/><E68/><V55/><F69/><W90/><G51/><T29/><D29/><U24/><E24/><V102/><F66/><W1/><G91/><T79/><D79/><N who="1" m="44407" /><E134/><V34/><F34/><W133/><G133/><T121/><D121/><U85/><E115/><V60/><F55/><W23/><G23/><T12/><D0/><U86/><E126/><V58/><F58/><W77/><G77/><T96/><D64/><U61/><E61/><V13/><F105/><W27/><G27/><T83/><D83/><N who="1" m="49215" /><E86/><V130/><F130/><W44/><G1/><T120/><D120/><U20/><E20/><N who="2" m="11311" /><F6/><N who="3" m="2667" /><G44/><T67/><D67/><U97/><AGARI ba="0,0" hai="92,94,95,97,99" m="49215,44407,45097" machi="97" ten="40,8000,1" yaku="12,1,34,2,54,1" doraHai="41" who="1" fromWho="1" sc="430,-20,247,80,121,-20,202,-40" /><INIT seed="4,0,0,4,1,103" ten="410,327,101,162" oya="0" hai0="35,19,88,59,45,52,11,49,121,50,93,65,20" hai1="58,14,48,75,73,101,96,21,30,95,0,29,117" hai2="79,9,10,127,47,37,82,89,46,66,51,36,74" hai3="67,16,135,112,39,12,130,102,92,2,105,122,64"/><T53/><D121/><U31/><E0/><V62/><F127/><W116/><G116/><T71/><D35/><U133/><E133/><V42/><F89/><W57/><G2/><T87/><D11/><U91/><E117/><V118/><F118/><W68/><G39/><T134/><D134/><U106/><E14/><V60/><F60/><W114/><G68/><T22/><D71/><U5/><E5/><V25/><F25/><W97/><G135/><T128/><D128/><U124/><E124/><V41/><REACH who="2" step="1"/><F51/><REACH who="2" ten="410,327,91,162" step="2"/><W86/><G130/><T61/><REACH who="0" step="1"/><D19/><REACH who="0" ten="400,327,91,162" step="2"/><U85/><E31/><V99/><F99/><W104/><G122/><T72/><D72/><U100/><E30/><V33/><F33/><W18/><G86/><T17/><D17/><N who="3" m="6761" /><G12/><T15/><D15/><U113/><E73/><V129/><F129/><W7/><G7/><T23/><D23/><U55/><E75/><V84/><F84/><W78/><G67/><T63/><D63/><U27/><E21/><V120/><F120/><W131/><G131/><T76/><D76/><U54/><E29/><V110/><F110/><W6/><G78/><T1/><D1/><U40/><E27/><V56/><AGARI ba="0,2" hai="9,10,36,37,41,42,46,47,56,62,66,74,79,82" machi="56" ten="20,8000,1" yaku="1,1,0,1,7,1,9,1,53,1" doraHai="103" doraHaiUra="77" who="2" fromWho="2" sc="400,-40,327,-20,91,100,162,-20" /><INIT seed="5,0,0,0,0,17" ten="360,307,191,142" oya="1" hai0="90,76,91,97,50,113,12,127,61,88,75,108,28" hai1="66,16,65,94,78,8,114,0,103,27,125,14,77" hai2="48,122,25,51,86,4,126,19,46,120,112,111,1" hai3="39,30,100,71,34,116,107,99,80,32,67,64,62"/><U57/><E125/><V104/><F111/><W26/><G116/><T124/><D61/><U79/><E114/><V18/><F104/><W10/><G64/><T70/><D50/><U102/><E0/><V105/><F105/><W131/><G131/><T59/><D12/><U29/><E94/><V5/><F126/><N who="0" m="48170" /><D59/><U36/><E36/><V31/><F86/><W47/><G80/><N who="0" m="45087" /><D28/><U7/><E7/><V54/><F112/><W134/><G134/><T83/><D70/><U20/><E66/><V23/><F1/><W135/><G10/><T72/><D108/><U130/><E130/><V96/><F96/><W69/><G135/><T109/><D109/><U92/><E92/><V60/><F60/><AGARI ba="0,0" hai="8,14,16,20,27,29,57,60,65,77,78,79,102,103" machi="60" ten="40,7700,0" yaku="8,1,52,1,54,1" doraHai="17" who="1" fromWho="2" sc="360,0,307,77,191,-77,142,0" /><INIT seed="5,1,0,5,1,45" ten="360,384,114,142" oya="1" hai0="18,21,11,14,106,68,27,13,47,101,73,84,8" hai1="30,116,102,16,92,56,121,131,52,26,5,130,37" hai2="40,2,95,118,86,31,0,23,110,75,59,10,107" hai3="117,60,51,17,100,42,81,7,99,83,55,103,15"/><U67/><E121/><V58/><F107/><W98/><G117/><T19/><D68/><U128/><E37/><V127/><F75/><W35/><G35/><T69/><D69/><U72/><E72/><V43/><F110/><W12/><G7/><T85/><D73/><U48/><E116/><V77/><F118/><W22/><G42/><T3/><D3/><U57/><E5/><V122/><F122/><W6/><G60/><T25/><D106/><U126/><E126/><V114/><F127/><W115/><G115/><T1/><D1/><U135/><E135/><V49/><F114/><W133/><G133/><T90/><D101/><N who="3" m="38985" /><G6/><T62/><D62/><N who="1" m="38343" /><E92/><V119/><F119/><W34/><G34/><T109/><D109/><U71/><E71/><V38/><F38/><W44/><G12/><T97/><D97/><AGARI ba="1,0" hai="15,17,22,44,51,55,81,83,97,98,99" m="38985" machi="97" ten="30,2000,0" yaku="8,1,52,1" doraHai="45" who="3" fromWho="0" sc="360,-23,384,0,114,0,142,23" /><INIT seed="6,0,0,4,5,9" ten="337,384,114,165" oya="2" hai0="27,5,16,69,70,55,124,22,35,78,39,79,17" hai1="53,14,101,110,83,99,60,29,46,80,21,112,33" hai2="1,115,54,50,32,42,108,44,89,18,131,100,88" hai3="37,28,85,92,111,43,13,74,3,49,91,4,130"/><V57/><F1/><W105/><G111/><T61/><D39/><U34/><E110/><V15/><F108/><W77/><G105/><T126/><D35/><U103/><E112/><V133/><F115/><W121/><G121/><T8/><D17/><U45/><E34/><V0/><F0/><W58/><G28/><T30/><D30/><U75/><E33/><V52/><F32/><W119/><G119/><T128/><D128/><U135/><E135/><V113/><F113/><W56/><G130/><T6/><D6/><U117/><E117/><V82/><F131/><W94/><G94/><T47/><D47/><N who="1" m="17931" /><E75/><V67/><F133/><W26/><G26/><T96/><D96/><U24/><E14/><V48/><F100/><N who="1" m="38473" /><E99/><V41/><F82/><N who="3" m="47311" /><G74/><T31/><D31/><U25/><E25/><V102/><F102/><W81/><G81/><T59/><D70/><U72/><E72/><V11/><F67/><W132/><G37/><T64/><D64/><U90/><E90/><AGARI ba="0,0" hai="11,15,18,41,42,44,48,50,52,54,57,88,89,90" machi="90" ten="40,12000,1" yaku="8,1,52,1,54,2" doraHai="9" who="2" fromWho="1" sc="337,0,384,-120,114,120,165,0" /><INIT seed="6,1,0,4,0,122" ten="337,264,234,165" oya="2" hai0="110,128,48,13,119,59,71,42,43,57,55,68,26" hai1="53,45,106,73,52,115,65,30,134,11,99,92,23" hai2="8,125,25,1,85,66,77,19,83,130,18,82,44" hai3="111,0,118,70,79,90,61,34,86,22,75,117,58"/><V76/><F125/><W50/><G34/><T20/><D13/><U46/><E106/><V88/><F130/><W123/><G123/><T14/><D14/><U17/><E73/><V103/><F103/><W102/><G102/><T105/><D20/><U113/><E134/><V81/><F66/><W5/><G70/><N who="0" m="26667" /><D26/><N who="1" m="14703" /><E11/><V95/><F44/><N who="1" m="17001" /><E30/><V2/><F25/><W120/><G120/><T112/><D105/><U40/><E40/><N who="0" m="15401" /><D112/><N who="1" m="43083" /><E65/><V24/><F24/><W114/><G111/><T62/><D128/><U29/><E29/><V101/><F101/><AGARI ba="1,0" hai="52,53,92,99,101" m="43083,17001,14703" machi="101" ten="30,2000,0" yaku="15,1,54,1" doraHai="122" who="1" fromWho="2" sc="337,0,264,23,234,-23,165,0" /><INIT seed="7,0,0,4,5,112" ten="337,287,211,165" oya="3" hai0="71,109,122,133,64,118,62,95,117,132,73,82,14" hai1="70,53,129,38,17,23,92,44,49,102,74,39,34" hai2="116,98,24,99,84,134,20,76,124,4,72,90,105" hai3="111,25,66,43,128,16,121,29,2,54,119,19,125"/><W21/><G121/><T80/><D14/><U68/><E34/><V88/><F4/><W11/><G66/><T100/><D109/><U59/><E74/><V101/><F116/><N who="0" m="44650" /><D122/><U32/><E32/><V60/><F124/><W7/><G119/><T91/><D100/><U48/><E129/><V52/><F134/><N who="0" m="51818" /><D73/><U15/><E68/><V1/><F1/><W36/><G125/><T61/><D62/><U6/><E6/><V41/><F72/><W65/><G65/><T58/><D71/><U77/><E70/><V28/><F41/><W108/><G128/><T30/><D30/><U83/><E92/><V106/><F106/><W51/><G36/><T120/><D120/><U35/><E35/><V67/><F67/><W97/><G97/><AGARI ba="0,0" hai="58,61,64,80,82,91,95,97" m="51818,44650" machi="97" ten="30,7700,0" yaku="20,1,52,3" doraHai="112" who="0" fromWho="3" sc="337,77,287,0,211,0,165,-77" owari="414,51.0,287,9.0,211,-19.0,88,-41.0" /></mjloggm>