<mjloggm ver="2.3"><GO type="193" lobby="0"/><UN n0="%E3%83%88%E3%83%88%E3%83%AA%E5%85%88%E7%94%9F%31%39%E6%AD%B3" n1="%73%65%69%73%69" n2="%E3%83%8B%E3%82%BB%E6%B5%A6%E9%83%A8" n3="%54%41%4B%45%53%48%49%4E" dan="8,12,12,12" rate="1823.28,1657.30,1719.45,1764.07" sx="F,M,M,M"/><TAIKYOKU oya="0"/><INIT seed="0,0,0,1,0,93" ten="250,250,250,250" oya="0" hai0="64,89,128,88,26,68,11,81,110,51,109,49,60" hai1="30,113,108,65,24,17,53,104,61,86,10,124,103" hai2="22,130,132,14,21,34,96,16,1,122,135,46,25" hai3="78,63,116,52,119,5,75,84,47,31,70,4,28"/><T59/><D128/><U2/><E86/><V8/><F122/><W102/><G102/><T112/><D112/><U106/><E53/><V83/><F83/><W134/><G134/><T85/><D26/><U66/><E113/><V7/><F46/><W19/><G75/><T69/><D11/><U115/><E115/><V62/><F62/><W92/><G70/><T41/><D89/><U40/><E17/><V50/><F50/><N who="0" m="18954" /><D41/><U33/><E40/><V100/><F130/><W54/><G63/><T80/><D80/><U72/><E108/><AGARI ba="0,0" hai="59,60,64,68,69,81,85,88,108,109,110" m="18954" machi="108" ten="30,5800,0" yaku="14,1,10,1,54,1" doraHai="93" who="0" fromWho="1" sc="250,58,250,-58,250,0,250,0" /><INIT seed="0,1,0,4,1,44" ten="308,192,250,250" oya="0" hai0="88,112,8,4,96,133,73,60,52,123,13,81,91" hai1="71,20,115,26,107,119,29,82,126,49,121,33,15" hai2="5,57,77,79,42,109,56,102,89,11,125,40,28" hai3="131,70,129,21,38,118,74,19,6,72,78,65,43"/><T97/><D112/><U83/><E119/><V54/><F28/><W46/><G118/><T16/><D123/><U17/><E121/><V127/><F102/><W135/><G135/><T86/><D133/><U67/><E115/><V106/><F106/><W66/><G70/><T114/><D114/><U47/><E126/><V85/><F109/><W27/><G6/><T23/><D73/><U45/><E45/><V1/><F57/><W132/><G132/><T87/><D60/><U104/><E107/><V30/><F30/><W69/><G69/><T84/><D52/><U117/><E117/><V116/><F116/><W110/><G110/><T111/><D111/><U90/><E90/><V48/><F127/><W62/><G62/><T53/><D53/><U0/><E104/><V80/><F125/><W120/><G120/><T41/><D41/><U39/><E39/><V124/><F124/><W7/><G7/><T61/><D61/><U32/><E32/><V64/><F64/><W3/><G3/><T9/><D9/><U25/><E25/><V92/><REACH who="2" step="1"/><F79/><REACH who="2" ten="308,192,240,250" step="2"/><W18/><G78/><T108/><D108/><U35/><E67/><V63/><F63/><W76/><G76/><T101/><D101/><U68/><E71/><V134/><F134/><W128/><G66/><T51/><D91/><U55/><E68/><V10/><F10/><W36/><G65/><T22/><D22/><U24/><E0/><V130/><F130/><W34/><G131/><T59/><D88/><U105/><E105/><V93/><F93/><W94/><G129/><T50/><D8/><U98/><E98/><AGARI ba="1,1" hai="1,5,11,40,42,48,54,56,77,80,85,89,92,98" machi="98" ten="30,7700,0" yaku="1,1,6,1,7,1,52,1,53,0" doraHai="44" doraHaiUra="58" who="2" fromWho="1" sc="308,0,192,-80,240,90,250,0" /><INIT seed="1,0,0,1,2,75" ten="308,112,330,250" oya="1" hai0="88,97,54,111,59,90,91,67,65,38,51,74,68" hai1="125,77,123,89,49,95,26,70,115,39,71,80,78" hai2="11,10,23,103,134,0,5,72,121,98,84,13,18" hai3="63,46,50,126,119,124,132,15,122,85,55,62,61"/><U45/><E39/><V69/><F72/><W9/><G122/><T108/><D38/><U94/><E123/><V22/><F69/><W101/><G119/><T114/><D114/><U27/><E115/><V79/><F121/><W21/><G101/><T105/><D74/><U53/><E125/><N who="3" m="48234" /><G132/><T57/><D68/><U34/><E70/><V12/><F134/><W58/><G21/><T1/><D1/><U92/><E71/><V8/><F84/><W6/><G85/><T99/><D105/><U44/><E34/><V16/><REACH who="2" step="1"/><F79/><REACH who="2" ten="308,112,320,250" step="2"/><N who="1" m="30217" /><E80/><V64/><F64/><AGARI ba="0,1" hai="6,9,15,46,50,55,58,61,62,63,64" m="48234" machi="64" ten="30,1000,0" yaku="18,1" doraHai="75" who="3" fromWho="2" sc="308,0,112,0,320,-10,250,20" /><INIT seed="2,0,0,3,3,12" ten="308,112,310,270" oya="2" hai0="131,35,72,119,21,63,101,121,77,132,16,98,66" hai1="106,84,86,49,56,114,70,17,6,61,68,105,64" hai2="71,48,31,75,130,3,88,57,102,46,7,13,109" hai3="36,45,91,30,128,11,58,24,43,110,104,39,9"/><V108/><F3/><W79/><G104/><T117/><D121/><U0/><E114/><V51/><F75/><W126/><G126/><T59/><D35/><U122/><E122/><V53/><F31/><W103/><G128/><T10/><D131/><U135/><E135/><V8/><F71/><W111/><G103/><T81/><D10/><U82/><E49/><V26/><F130/><W44/><G79/><T1/><D1/><U2/><E6/><V14/><F102/><W34/><G91/><T97/><D132/><U116/><E116/><N who="0" m="44617" /><D101/><U23/><E2/><V92/><F26/><AGARI ba="0,0" hai="16,21,26,59,63,66,72,77,81,97,98" m="44617" machi="26" ten="30,3900,0" yaku="12,1,52,1,54,1" doraHai="12" who="0" fromWho="2" sc="308,39,112,0,310,-39,270,0" /><INIT seed="3,0,0,1,2,57" ten="347,112,271,270" oya="3" hai0="15,70,62,110,113,88,24,134,75,99,12,86,103" hai1="18,111,23,118,25,120,69,67,46,53,135,35,21" hai2="93,11,58,101,63,56,95,16,98,100,1,130,115" hai3="29,72,112,92,26,127,33,39,64,116,54,132,114"/><W80/><G116/><T89/><D75/><U122/><E53/><V97/><F115/><W91/><G72/><T9/><D113/><N who="3" m="43625" /><G39/><T31/><D110/><U119/><E46/><V43/><F43/><W124/><G64/><N who="0" m="41239" /><D134/><U121/><E67/><V4/><F130/><W19/><G80/><N who="0" m="49223" /><D89/><U73/><E69/><V41/><F41/><W8/><G132/><T126/><D9/><U76/><E76/><V85/><F85/><N who="3" m="52335" /><G54/><T10/><D10/><U32/><E73/><V108/><F108/><W45/><G45/><T131/><D126/><N who="3" m="48169" /><G8/><T3/><D131/><U125/><E125/><V109/><F109/><W36/><G36/><T66/><D66/><U48/><E48/><V106/><F106/><W47/><G47/><T94/><D94/><U83/><E83/><V27/><REACH who="2" step="1"/><F63/><REACH who="2" ten="347,112,261,270" step="2"/><W42/><G42/><T49/><D49/><U117/><E111/><V2/><F2/><W5/><G5/><T84/><D3/><U78/><E135/><V102/><F102/><W50/><G50/><T61/><D61/><U65/><E78/><V104/><F104/><W82/><G82/><T123/><D103/><U90/><E90/><V37/><F37/><W79/><G79/><T129/><D129/><U20/><E65/><V0/><F0/><W7/><G7/><T133/><D133/><U38/><E38/><V107/><F107/><W51/><G51/><T34/><D84/><U55/><E55/><V52/><F52/><W14/><G14/><N who="0" m="5163" /><D99/><U81/><REACH who="1" step="1"/><E81/><REACH who="1" ten="347,102,261,270" step="2"/><V6/><F6/><W71/><G71/><T128/><D128/><U68/><E68/><V30/><F30/><RYUUKYOKU ba="0,2" sc="347,0,102,0,261,0,270,0" hai0="24,31,34,123" hai1="18,20,21,23,25,32,35,117,118,119,120,121,122" hai2="1,4,11,16,27,56,58,93,95,97,98,100,101" hai3="19,26,29,33" /><INIT seed="3,1,2,0,0,54" ten="347,102,261,270" oya="3" hai0="14,4,103,57,9,8,31,43,71,117,83,23,79" hai1="104,56,108,134,92,52,118,10,30,80,20,44,28" hai2="78,33,76,68,121,35,3,22,34,5,70,126,62" hai3="124,114,26,89,120,129,77,55,17,69,73,128,106"/><W1/><G120/><T60/><D117/><U37/><E118/><V61/><F121/><W53/><G106/><T49/><D71/><U18/><E104/><V125/><F3/><W13/><G69/><T132/><D132/><U15/><E134/><V32/><N who="2" m="8704" /><DORA hai="95" /><V21/><F5/><W40/><G114/><T99/><D9/><U11/><E108/><V47/><F47/><W72/><G1/><T110/><D110/><U87/><E37/><V94/><F94/><W51/><G26/><N who="0" m="16863" /><D99/><U123/><E123/><V131/><F131/><N who="3" m="50251" /><G40/><T0/><D0/><U93/><E44/><V86/><F86/><W119/><G119/><T24/><D24/><U127/><E127/><N who="2" m="48651" /><F70/><W100/><G124/><T45/><D103/><U112/><E112/><V36/><F36/><W7/><G100/><T122/><D122/><U19/><E30/><V82/><F82/><W48/><G7/><T63/><D57/><U29/><E28/><V88/><F68/><W50/><G89/><T109/><D109/><U133/><E133/><V105/><F105/><W67/><G67/><T130/><D130/><U16/><E29/><V75/><F88/><W97/><G77/><N who="2" m="29801" /><F75/><N who="3" m="28747" /><G97/><T98/><D98/><U64/><E64/><V25/><F25/><W59/><G59/><T65/><D65/><U135/><E135/><V46/><F46/><W66/><G66/><T81/><D81/><U2/><E2/><V6/><F6/><W113/><G113/><T42/><D42/><U74/><E74/><V101/><F101/><W91/><G91/><T58/><D58/><U107/><E107/><V39/><F39/><RYUUKYOKU ba="1,2" sc="347,10,102,-30,261,10,270,10" hai0="4,8,14,43,45,49,60,63,79,83" hai2="21,22,61,62" hai3="13,17,48,50,51,53,55" /><INIT seed="3,2,2,0,5,57" ten="357,72,271,280" oya="3" hai0="79,41,133,117,132,76,108,75,26,71,38,113,49" hai1="1,11,66,101,52,12,56,123,28,13,103,65,33" hai2="55,48,21,24,131,29,85,119,115,125,60,27,91" hai3="90,36,20,128,34,95,86,5,16,45,62,130,44"/><W42/><G34/><T100/><D117/><U134/><E123/><V2/><F119/><W81/><G5/><T87/><D71/><U4/><E134/><N who="0" m="51817" /><D108/><U129/><E129/><V102/><F131/><N who="3" m="50219" /><G45/><N who="0" m="23735" /><D75/><U120/><E120/><V99/><F115/><W96/><G96/><T118/><D118/><U25/><E1/><V92/><F2/><W72/><G72/><T97/><D113/><U74/><E74/><V77/><F77/><W31/><G31/><T109/><D109/><U104/><E104/><V6/><F125/><W17/><G20/><T51/><D26/><U64/><E33/><V122/><F122/><W63/><G81/><N who="0" m="47527" /><D79/><U112/><E112/><V98/><F27/><W61/><AGARI ba="2,2" hai="16,17,36,42,44,61,62,63,86,90,95" m="50219" machi="61" ten="30,12000,1" yaku="19,1,52,3,54,1" doraHai="57" who="3" fromWho="3" sc="357,-42,72,-42,271,-42,280,146" owari="315,12.0,30,-47.0,229,-17.0,426,52.0" /></mjloggm>