<mjloggm ver="2.3"><GO type="41" lobby="0"/><UN n0="%E5%A5%87%E5%AD%90" n1="%E5%B0%B1%E6%B4%BB%E7%94%9F%40%E5%B7%9D%E6%9D%91%E8%BB%8D%E5%9B%A3" n2="%62%61%6E%74%65%31" n3="%E3%81%AA%E3%81%8F%E3%81%AB%E3%82%83%E3%82%93" dan="14,15,14,13" rate="1842.86,2044.89,1956.06,1908.29" sx="F,M,M,M"/><TAIKYOKU oya="0"/><INIT seed="0,0,0,5,3,15" ten="250,250,250,250" oya="0" hai0="115,11,9,26,24,66,46,111,88,18,35,77,13" hai1="127,112,39,130,71,104,109,105,91,50,36,1,8" hai2="56,6,108,10,59,48,22,69,47,4,122,121,119" hai3="81,17,55,95,128,125,113,123,19,84,70,74,78"/><T61/><D115/><U31/><E91/><V98/><F69/><W52/><G70/><T89/><D111/><U124/><E31/><V76/><F108/><W27/><G113/><T53/><D77/><U3/><E8/><V20/><F119/><W87/><G27/><N who="0" m="10283" /><D35/><U43/><E50/><V134/><F134/><W129/><G125/><T94/><D66/><U68/><E43/><N who="2" m="24703" /><F122/><W118/><G74/><T83/><D83/><U120/><E112/><V41/><F121/><W12/><G12/><N who="0" m="7439" /><D94/><U44/><E44/><V0/><F0/><W73/><G118/><T33/><D33/><U21/><E21/><N who="2" m="8299" /><F41/><W62/><G123/><T107/><D107/><U45/><E45/><V116/><F116/><W132/><G132/><T64/><D64/><U2/><E120/><V37/><F37/><W133/><G133/><T110/><D110/><U102/><E3/><V106/><F106/><W72/><G72/><T57/><D46/><U7/><E109/><V16/><F76/><W38/><G38/><T40/><D40/><U117/><E117/><V23/><F98/><W29/><G29/><T86/><D86/><N who="3" m="32809" /><G95/><T92/><D92/><U79/><E79/><V42/><F42/><W93/><G93/><T14/><D14/><U51/><E39/><V63/><F10/><W5/><G5/><AGARI ba="0,0" hai="5,11,13,53,57,61,88,89" m="7439,10283" machi="5" ten="30,5800,0" yaku="8,1,52,1,54,1" doraHai="15" who="0" fromWho="3" sc="250,58,250,0,250,0,250,-58" /><INIT seed="0,1,0,2,3,116" ten="308,250,250,192" oya="0" hai0="88,24,45,34,1,115,87,63,15,132,94,55,102" hai1="62,40,21,5,81,114,31,82,70,4,90,65,113" hai2="104,112,131,9,106,22,89,51,110,26,35,128,93" hai3="29,129,0,98,33,123,126,76,3,39,117,74,37"/><T105/><D115/><U27/><E40/><V75/><F75/><W12/><G12/><T54/><D1/><U2/><E2/><N who="3" m="554" /><G117/><T48/><D132/><U52/><E82/><V135/><F35/><W130/><G126/><T64/><D105/><U11/><E11/><V84/><F135/><W97/><G98/><T14/><D102/><U50/><E90/><V79/><F112/><N who="1" m="43113" /><E81/><N who="2" m="47167" /><F51/><W127/><G97/><T10/><D55/><U68/><E68/><V134/><F9/><W100/><G100/><T72/><D72/><U80/><E80/><V23/><F110/><W86/><G86/><T118/><D118/><U13/><E13/><V121/><F22/><W71/><G127/><T38/><D38/><N who="3" m="14345" /><G71/><T120/><D120/><U124/><E124/><V111/><F121/><W42/><G42/><T36/><D36/><U92/><E92/><V91/><F111/><W85/><G85/><T69/><REACH who="0" step="1"/><D10/><REACH who="0" ten="298,250,250,192" step="2"/><U19/><E31/><AGARI ba="1,1" hai="14,15,24,31,34,45,48,54,63,64,69,87,88,94" machi="31" ten="40,12000,1" yaku="1,1,2,1,54,1,53,1" doraHai="116" doraHaiUra="28" who="0" fromWho="1" sc="298,133,250,-123,250,0,192,0" /><INIT seed="0,2,0,1,4,118" ten="431,127,250,192" oya="0" hai0="45,49,133,42,43,59,82,1,12,73,121,97,40" hai1="84,15,99,65,124,67,104,33,29,24,30,75,72" hai2="60,25,68,102,80,3,122,39,81,74,85,101,5" hai3="54,13,95,61,77,26,115,19,112,63,44,41,96"/><T89/><D1/><U0/><E0/><V134/><F39/><W70/><G26/><T86/><D73/><U107/><E15/><V98/><F122/><W36/><G77/><T62/><D133/><U92/><E84/><V32/><F134/><W90/><G63/><T128/><D128/><U129/><E92/><V8/><F74/><W6/><G6/><T125/><D125/><U79/><E79/><V87/><F102/><W91/><G91/><N who="0" m="51671" /><D121/><U57/><E57/><V117/><F68/><W38/><G38/><T21/><D97/><U47/><E47/><V11/><F11/><W35/><G35/><T2/><D2/><U123/><E24/><V105/><F60/><W100/><G100/><T7/><D89/><U10/><E10/><V22/><F32/><W110/><G110/><T106/><D106/><U119/><E33/><V120/><F120/><W55/><G55/><N who="0" m="34175" /><D7/><U93/><E123/><V56/><F56/><W109/><G109/><T113/><D113/><U103/><E93/><V52/><F52/><W27/><G54/><T76/><D76/><U64/><E119/><V31/><F117/><W114/><G27/><T83/><D83/><U4/><E4/><V50/><F50/><W14/><G14/><T37/><D37/><U53/><E124/><V108/><F108/><W126/><G126/><T34/><D34/><U111/><E111/><V88/><F87/><W66/><G114/><T127/><D127/><U46/><E129/><V132/><F132/><W23/><AGARI ba="2,0" hai="13,19,23,36,41,44,61,66,70,90,95,96,112,115" machi="23" ten="20,1500,0" yaku="0,1,7,1" doraHai="118" who="3" fromWho="3" sc="431,-9,127,-6,250,-6,192,21" /><INIT seed="1,0,0,4,1,47" ten="422,121,244,213" oya="1" hai0="64,76,106,54,86,28,74,53,75,109,128,20,100" hai1="21,42,125,49,123,40,2,77,38,116,27,18,119" hai2="114,9,37,55,135,104,15,63,70,25,117,112,8" hai3="68,88,94,22,97,134,33,111,126,79,29,89,120"/><U59/><E2/><V46/><F104/><W91/><G120/><T81/><D109/><U45/><E123/><V72/><F117/><W14/><G111/><T3/><D3/><U48/><E125/><V44/><F72/><W0/><G0/><T65/><D128/><U98/><E77/><V108/><F108/><W99/><G126/><T92/><D106/><U131/><E131/><V130/><F130/><W105/><G68/><T6/><D6/><U101/><E38/><V31/><F135/><W17/><G134/><T1/><D1/><U121/><E121/><V23/><F8/><W51/><G79/><T133/><D133/><U57/><E57/><N who="2" m="35263" /><F37/><W19/><G105/><T85/><D75/><U95/><REACH who="1" step="1"/><E40/><REACH who="1" ten="422,111,244,213" step="2"/><V82/><F70/><W110/><G110/><T13/><D76/><U34/><E34/><V43/><F43/><W69/><G33/><T60/><D74/><U24/><E24/><V5/><F82/><W61/><G29/><T58/><D28/><U41/><E41/><V113/><AGARI ba="0,1" hai="5,9,15,23,25,31,44,46,112,113,114" m="35263" machi="113" ten="30,1100,0" yaku="11,1" doraHai="47" who="2" fromWho="2" sc="422,-3,111,-5,244,21,213,-3" /><INIT seed="2,0,0,4,0,132" ten="419,106,265,210" oya="2" hai0="126,38,57,103,52,130,31,8,48,104,128,70,15" hai1="73,86,83,115,122,94,101,56,66,134,91,2,54" hai2="123,90,58,0,116,106,120,78,44,131,109,62,135" hai3="49,34,63,72,112,4,85,22,81,92,24,80,117"/><V16/><F116/><W10/><G117/><T88/><D70/><U76/><E2/><V89/><F135/><W51/><G34/><T84/><D38/><U118/><E134/><V11/><F106/><W26/><G72/><T37/><D37/><U61/><E118/><V69/><F69/><W98/><G63/><T71/><D71/><U23/><E115/><V9/><F78/><W1/><G26/><T96/><D31/><U21/><E122/><V74/><F74/><W5/><G5/><T14/><D126/><U32/><E32/><V47/><F131/><N who="0" m="50218" /><D8/><N who="2" m="3146" /><F109/><W79/><G81/><AGARI ba="0,0" hai="14,15,48,52,57,81,84,88,96,103,104" m="50218" machi="81" ten="30,3900,0" yaku="19,1,54,2" doraHai="132" who="0" fromWho="3" sc="419,39,106,0,265,0,210,-39" /><INIT seed="3,0,0,0,0,40" ten="458,106,265,171" oya="3" hai0="55,67,10,122,58,88,19,127,69,26,114,25,68" hai1="94,78,64,42,75,27,18,23,66,74,7,83,111" hai2="97,93,103,128,116,109,43,82,90,37,117,77,0" hai3="87,95,13,76,30,1,80,17,11,49,79,71,36"/><W34/><G36/><T98/><D122/><U120/><E120/><V73/><F0/><W21/><G71/><T39/><D39/><U47/><E111/><V132/><F43/><W92/><G76/><T5/><D67/><U8/><E75/><V29/><F29/><W57/><G57/><T12/><D127/><U52/><E94/><N who="2" m="58807" /><F37/><W9/><G9/><T62/><D114/><U119/><E119/><N who="2" m="45643" /><F109/><W32/><G32/><T131/><D131/><U125/><E125/><V81/><F128/><W133/><G49/><T44/><D44/><U50/><REACH who="1" step="1"/><E42/><REACH who="1" ten="458,96,265,171" step="2"/><V70/><F132/><W89/><G133/><T86/><D69/><U85/><E85/><N who="2" m="50487" /><F70/><W3/><G3/><AGARI ba="0,1" hai="3,7,8,18,23,27,47,50,52,64,66,74,78,83" machi="3" ten="30,12000,2" yaku="1,1,7,1,52,1,54,1,53,2" doraHai="40" doraHaiUra="60" who="1" fromWho="3" sc="458,0,96,130,265,0,171,-120" /><INIT seed="4,0,0,0,1,68" ten="458,226,265,51" oya="0" hai0="133,115,34,26,45,1,4,71,48,117,128,113,0" hai1="10,108,131,30,16,5,125,84,7,51,28,100,97" hai2="49,135,39,56,93,36,32,6,53,42,118,105,17" hai3="72,132,62,88,59,47,95,14,70,12,46,29,109"/><T103/><D117/><U80/><E108/><V60/><F105/><W102/><G109/><T67/><D128/><U120/><E120/><V11/><F32/><W54/><G72/><T112/><D133/><U44/><E131/><V19/><F135/><W27/><G132/><T64/><D103/><U121/><E125/><V106/><F106/><W96/><G70/><T22/><D34/><U2/><E121/><V24/><F118/><W98/><G47/><T94/><D94/><N who="1" m="58423" /><E2/><N who="0" m="1129" /><D4/><N who="1" m="1611" /><E10/><V127/><F127/><W25/><G25/><T104/><D71/><U126/><E16/><V15/><F93/><W63/><G63/><T86/><D86/><U61/><E61/><V9/><F24/><W74/><G74/><T79/><D79/><N who="1" m="46111" /><E126/><V83/><F83/><W52/><G54/><AGARI ba="0,0" hai="28,30,44,51,54" m="46111,1611,58423" machi="54" ten="30,1000,0" yaku="8,1" doraHai="68" who="1" fromWho="3" sc="458,0,226,10,265,0,51,-10" /><INIT seed="5,0,0,3,3,91" ten="458,236,265,41" oya="1" hai0="95,75,70,65,100,19,64,113,98,54,1,12,87" hai1="55,66,16,124,110,134,131,42,109,43,32,120,88" hai2="21,8,82,58,5,18,106,10,119,59,15,14,76" hai3="111,69,84,57,35,26,81,114,17,37,22,123,126"/><U4/><E32/><V108/><F108/><N who="1" m="41577" /><E120/><V23/><F106/><W86/><G123/><T31/><D1/><U61/><E4/><V115/><F119/><W105/><G111/><T24/><D75/><U72/><E72/><V127/><F127/><W40/><G69/><T3/><D3/><U11/><E124/><V45/><F115/><W27/><G126/><T47/><D113/><U71/><E131/><V2/><F2/><W38/><G114/><T85/><D70/><U36/><E55/><V101/><F101/><W121/><G105/><T20/><D87/><U53/><E53/><V28/><F45/><W56/><G40/><T6/><D6/><U99/><E36/><V52/><F28/><W112/><G112/><T41/><D85/><U94/><E134/><V79/><F79/><W130/><G121/><T74/><D54/><U117/><E117/><V78/><F78/><W39/><G130/><T44/><D74/><U0/><E0/><V96/><F96/><W102/><G102/><T51/><REACH who="0" step="1"/><D47/><REACH who="0" ten="448,236,265,41" step="2"/><U77/><E77/><V73/><REACH who="2" step="1"/><F59/><REACH who="2" ten="448,236,255,41" step="2"/><W107/><G57/><T13/><D13/><AGARI ba="0,2" hai="11,13,16,42,43,61,66,71,88,94,99" m="41577" machi="13" ten="30,11600,0" yaku="10,1,52,1,54,2" doraHai="91" who="1" fromWho="0" sc="448,-116,236,136,255,0,41,0" /><INIT seed="5,1,0,2,4,131" ten="332,372,255,41" oya="1" hai0="31,17,96,128,30,63,47,0,7,3,43,37,65" hai1="129,97,61,38,8,32,28,102,114,42,86,2,50" hai2="45,101,18,115,94,56,108,76,120,75,119,21,25" hai3="64,14,134,59,44,52,104,34,106,69,127,121,48"/><U95/><E129/><V109/><F120/><W73/><G34/><T87/><D128/><U118/><E118/><V36/><F119/><W12/><G73/><T4/><D4/><U46/><E114/><V132/><F115/><W13/><G121/><T83/><D7/><U20/><E32/><V23/><F36/><W24/><G24/><T93/><D17/><U105/><E61/><V77/><F45/><W100/><G127/><T110/><D110/><U54/><E2/><V112/><F112/><W85/><G85/><T78/><D3/><U80/><E105/><V16/><F56/><W89/><G89/><T58/><REACH who="0" step="1"/><D0/><REACH who="0" ten="322,372,255,41" step="2"/><U15/><E28/><V55/><F18/><W35/><G35/><T51/><D51/><U70/><E50/><V116/><F116/><W82/><G12/><T72/><D72/><U99/><E38/><V9/><F75/><W111/><G13/><T22/><D22/><U60/><E20/><V133/><F23/><W1/><G14/><T66/><D66/><U41/><E60/><V39/><F9/><W126/><G1/><T5/><D5/><U62/><E15/><V103/><F39/><W122/><G64/><T11/><D11/><U68/><E8/><V91/><F109/><W33/><G48/><T29/><D29/><U125/><E62/><V117/><F108/><W79/><G111/><T84/><D84/><U124/><E86/><N who="2" m="52599" /><F117/><W135/><G33/><T88/><AGARI ba="1,1" hai="30,31,37,43,47,58,63,65,78,83,87,88,93,96" machi="88" ten="20,8000,1" yaku="1,1,0,1,7,1,54,1,53,1" doraHai="131" doraHaiUra="74" who="0" fromWho="0" sc="322,93,372,-41,255,-21,41,-21" /><INIT seed="6,0,0,5,3,5" ten="415,331,234,20" oya="2" hai0="115,48,99,31,1,30,14,58,34,26,83,125,68" hai1="90,107,36,108,46,95,61,62,111,43,104,121,120" hai2="35,29,17,89,94,18,123,54,3,70,128,84,4" hai3="127,86,44,63,126,37,15,59,100,93,28,110,50"/><V7/><F123/><N who="1" m="47177" /><E62/><V55/><F70/><W133/><G37/><T19/><D68/><U11/><E11/><V75/><F75/><W65/><G28/><T64/><D1/><U51/><E61/><V71/><F71/><W82/><G110/><N who="1" m="42026" /><E36/><V131/><F35/><W88/><G133/><T24/><D115/><U106/><E106/><V113/><F29/><W39/><G39/><T122/><D122/><U32/><E32/><V57/><F113/><W69/><G69/><T72/><D125/><N who="3" m="47625" /><G15/><T12/><D99/><AGARI ba="0,0" hai="43,46,51,90,95,99,104,107" m="42026,47177" machi="99" ten="30,1000,0" yaku="13,1" doraHai="5" who="1" fromWho="0" sc="415,-10,331,10,234,0,20,0" /><INIT seed="7,0,0,1,0,1" ten="405,341,234,20" oya="3" hai0="78,93,72,51,6,117,102,47,95,75,57,126,45" hai1="29,80,0,41,123,133,85,35,49,50,129,70,69" hai2="32,30,127,109,46,58,5,3,22,38,36,73,112" hai3="79,99,16,77,56,4,101,55,7,119,33,28,10"/><W128/><G119/><T31/><D117/><U24/><E123/><V74/><F109/><W66/><G28/><T90/><D126/><U107/><E107/><V108/><F22/><W103/><G66/><T11/><D102/><N who="3" m="38921" /><G33/><T17/><D31/><U15/><E0/><V8/><F58/><W2/><G2/><T135/><D135/><U67/><E129/><V82/><F108/><W27/><G99/><T134/><D134/><U63/><E133/><V110/><F110/><W34/><G34/><T76/><D17/><U68/><E15/><V20/><F20/><N who="3" m="13703" /><G10/><T92/><D90/><U61/><E41/><V100/><F100/><W115/><G128/><T62/><D47/><U91/><E70/><V25/><F127/><W23/><G23/><T40/><D75/><N who="2" m="28682" /><F112/><W98/><G115/><T89/><D89/><U116/><E116/><V42/><F82/><W60/><G98/><T96/><D96/><U48/><E68/><V26/><F26/><W81/><G81/><T64/><REACH who="0" step="1"/><D72/><REACH who="0" ten="395,341,234,20" step="2"/><U12/><E35/><V104/><F104/><W19/><G19/><T118/><D118/><U54/><E29/><V124/><F124/><W65/><G65/><T113/><D113/><U121/><E67/><V39/><AGARI ba="0,1" hai="3,5,8,25,30,32,36,38,39,42,46" m="28682" machi="39" ten="30,4000,0" yaku="33,2,52,1" doraHai="1" who="2" fromWho="2" sc="395,-10,341,-10,234,50,20,-20" owari="385,49.0,331,13.0,284,-12.0,0,-50.0" /></mjloggm>