<mjloggm ver="2.3"><GO type="169" lobby="0"/><UN n0="%E3%82%A6%E3%83%AB%E3%83%88%E3%83%A9%E7%AB%8B%E7%9B%B4" n1="%E2%98%86%E3%82%B7%E3%83%A3%E3%83%81%E3%83%8F%E3%82%B2%CE%B2%E2%98%86" n2="%E3%81%84%E3%81%84%E7%AC%91%E9%A1%94" n3="%4E%57%43" dan="16,16,16,16" rate="2113.05,2046.08,2122.61,2088.74" sx="M,M,F,M"/><TAIKYOKU oya="0"/><INIT seed="0,0,0,5,3,45" ten="250,250,250,250" oya="0" hai0="105,59,65,116,69,114,42,100,109,90,26,25,83" hai1="67,10,102,79,0,50,121,55,135,71,110,2,40" hai2="68,44,125,4,127,23,72,98,134,86,34,70,99" hai3="20,95,48,7,84,9,35,36,11,14,107,104,94"/><T46/><D116/><U41/><E121/><V112/><F72/><W24/><G36/><T19/><D114/><U119/><E119/><V74/><F74/><W82/><G35/><T16/><D69/><N who="2" m="26730" /><F34/><W53/><G104/><T47/><D100/><U123/><E123/><V103/><F112/><W33/><G33/><T31/><D105/><U51/><E71/><V122/><F122/><W113/><G11/><T89/><D109/><U85/><E67/><V6/><F86/><W126/><G107/><T133/><D133/><U66/><E66/><V93/><F23/><W38/><G38/><T1/><D1/><U61/><E135/><V43/><F99/><W56/><G113/><T17/><D83/><U118/><E118/><V3/><F134/><W80/><G80/><T49/><D46/><U32/><E32/><V101/><F101/><W21/><G21/><N who="0" m="15823" /><D25/><U12/><E102/><V18/><F18/><N who="3" m="12311" /><G126/><N who="2" m="48137" /><F3/><W62/><G62/><AGARI ba="0,0" hai="16,17,19,42,47,49,59,62,65,89,90" m="15823" machi="62" ten="30,5800,0" yaku="8,1,52,1,54,1" doraHai="45" who="0" fromWho="3" sc="250,58,250,0,250,0,250,-58" /><INIT seed="0,1,0,5,2,85" ten="308,250,250,192" oya="0" hai0="116,21,25,71,65,113,47,133,107,120,43,19,54" hai1="128,134,83,132,44,75,64,0,56,110,99,98,126" hai2="104,30,131,18,26,48,67,123,50,11,118,72,105" hai3="27,81,111,87,112,49,8,37,100,40,115,93,90"/><T92/><D107/><U46/><E0/><V127/><F123/><W22/><G37/><T52/><D120/><U108/><E75/><V55/><F72/><W135/><G111/><N who="1" m="42538" /><E83/><V13/><F127/><W122/><G122/><T10/><D116/><U41/><E99/><V57/><F131/><W17/><G135/><N who="1" m="51754" /><E98/><V78/><F118/><W62/><G62/><T59/><D133/><U2/><E2/><V45/><F78/><W102/><G8/><T28/><D113/><U125/><E128/><V97/><F97/><W74/><G102/><T96/><D71/><U31/><E31/><V58/><F58/><W70/><G70/><T88/><D10/><U7/><E7/><V42/><REACH who="2" step="1"/><F67/><REACH who="2" ten="308,250,240,192" step="2"/><W29/><G74/><T117/><D117/><U9/><E9/><V124/><F124/><N who="1" m="47721" /><E41/><V101/><F101/><W24/><G40/><T86/><D96/><U91/><E91/><V15/><F15/><W95/><G100/><T130/><D130/><U23/><E23/><AGARI ba="1,1" hai="11,13,18,23,26,30,42,45,48,50,55,57,104,105" machi="23" ten="30,3900,0" yaku="1,1,7,1,53,1" doraHai="85" doraHaiUra="12" who="2" fromWho="1" sc="308,0,250,-42,240,52,192,0" /><INIT seed="1,0,0,4,4,75" ten="308,208,292,192" oya="1" hai0="52,16,135,104,132,126,77,37,116,94,93,72,87" hai1="119,9,103,134,113,13,1,67,50,110,109,11,25" hai2="133,114,112,129,111,95,28,84,12,131,53,57,45" hai3="3,61,58,118,105,34,98,38,22,120,125,40,35"/><U21/><E119/><V89/><F28/><W17/><G120/><T78/><D37/><U8/><E113/><N who="2" m="43627" /><F45/><W26/><G3/><T41/><D41/><U71/><E71/><V59/><F111/><N who="1" m="42505" /><E67/><V70/><F70/><W49/><G38/><T20/><D104/><U55/><E103/><V5/><F133/><N who="0" m="51274" /><D116/><U39/><E39/><V42/><F42/><W48/><G118/><T32/><D126/><U15/><E134/><V36/><F36/><W66/><G125/><T96/><D32/><U60/><E60/><N who="2" m="35887" /><F59/><W123/><G123/><T91/><D52/><U47/><E1/><V10/><AGARI ba="0,0" hai="5,10,12,84,89,95,129,131" m="35887,43627" machi="10" ten="30,1100,0" yaku="11,1" doraHai="75" who="2" fromWho="2" sc="308,-3,208,-5,292,11,192,-3" /><INIT seed="2,0,0,1,3,24" ten="305,203,303,189" oya="2" hai0="48,23,0,123,9,15,34,56,93,84,79,54,26" hai1="116,121,55,57,29,11,6,135,127,32,64,115,38" hai2="114,58,50,110,59,70,101,3,52,103,96,69,122" hai3="112,22,28,65,18,130,126,33,60,125,87,31,5"/><V16/><F114/><W131/><G87/><T85/><D123/><U107/><E107/><V129/><F122/><W128/><G33/><T61/><D0/><U124/><E121/><V106/><F3/><W91/><G91/><T89/><D34/><U90/><E115/><V47/><F103/><W13/><G112/><T97/><D79/><U20/><E32/><V73/><F73/><W92/><G92/><T133/><D133/><U63/><E135/><V111/><F129/><W40/><G40/><T72/><D72/><U67/><E38/><V12/><F69/><W21/><G5/><N who="0" m="3503" /><D48/><U36/><E36/><V10/><F70/><W8/><G60/><T113/><D113/><U134/><E134/><V42/><REACH who="2" step="1"/><F59/><REACH who="2" ten="305,203,293,189" step="2"/><W30/><REACH who="3" step="1"/><G65/><REACH who="3" ten="305,203,293,179" step="2"/><T51/><D61/><AGARI ba="0,2" hai="10,12,16,42,47,50,52,58,61,96,101,106,110,111" machi="61" ten="40,12000,1" yaku="1,1,2,1,54,2,53,0" doraHai="24" doraHaiUra="117" who="2" fromWho="0" sc="305,-120,203,0,293,140,179,0" /><INIT seed="2,1,0,3,0,11" ten="185,203,433,179" oya="2" hai0="76,24,4,68,48,121,70,6,134,14,38,84,90" hai1="44,110,98,47,96,57,27,89,46,123,12,32,114" hai2="5,17,31,100,62,50,92,124,71,104,66,83,111" hai3="130,72,56,94,52,132,122,26,67,87,51,9,131"/><V81/><F124/><W35/><G122/><T55/><D38/><U129/><E114/><V1/><F104/><W108/><G72/><T37/><D37/><U10/><E123/><V49/><F31/><N who="3" m="19959" /><G67/><T40/><D121/><U101/><E129/><N who="3" m="49162" /><G9/><T69/><D134/><U60/><E110/><V36/><F36/><W91/><G132/><T126/><D24/><U99/><E27/><V63/><F111/><AGARI ba="1,0" hai="51,52,56,87,91,94,108,111" m="49162,19959" machi="111" ten="30,2000,0" yaku="19,1,54,1" doraHai="11" who="3" fromWho="2" sc="185,0,203,0,433,-23,179,23" /><INIT seed="3,0,0,2,1,115" ten="185,203,410,202" oya="3" hai0="17,118,41,47,68,73,33,104,24,130,74,22,56" hai1="13,83,2,18,64,60,135,62,31,23,133,4,32" hai2="14,98,82,132,128,117,63,76,8,40,110,30,100" hai3="65,61,126,111,105,38,0,29,36,27,16,119,10"/><W67/><G105/><T125/><D68/><U87/><E62/><V70/><F110/><W102/><G111/><T131/><D104/><U7/><E2/><V112/><F128/><N who="0" m="49194" /><D33/><U93/><E93/><V78/><F132/><N who="1" m="50761" /><E31/><V96/><F112/><W92/><G126/><T121/><D121/><U99/><E99/><V3/><F3/><W81/><G67/><T59/><D125/><U58/><E32/><V43/><F30/><W114/><G114/><T86/><D86/><U84/><E84/><V94/><F98/><W77/><G102/><T9/><D9/><U88/><AGARI ba="0,0" hai="4,7,13,18,23,58,60,64,83,87,88" m="50761" machi="88" ten="30,2000,0" yaku="20,1,54,1" doraHai="115" who="1" fromWho="1" sc="185,-5,203,20,410,-5,202,-10" /><INIT seed="4,0,0,1,0,33" ten="180,223,405,192" oya="0" hai0="112,36,64,14,1,85,106,111,17,46,115,69,5" hai1="103,70,90,98,75,29,86,35,13,113,104,126,121" hai2="54,57,43,61,83,66,26,88,2,10,7,89,128" hai3="65,107,3,125,119,21,117,16,53,71,34,37,51"/><T118/><D106/><U68/><E121/><V20/><F128/><W48/><G125/><T99/><D118/><U25/><E126/><V24/><F43/><W6/><G37/><T123/><D123/><U28/><E113/><N who="0" m="43593" /><D111/><U84/><E84/><V100/><F100/><W18/><G34/><T38/><D99/><U102/><E102/><V129/><F129/><W63/><G107/><T120/><D120/><U30/><E13/><V78/><F54/><W8/><G51/><T62/><D85/><U134/><E134/><V47/><F47/><W40/><G40/><T73/><D73/><U97/><E97/><V127/><F127/><W42/><G42/><T55/><D55/><U122/><E122/><V22/><F22/><W72/><G72/><T135/><D135/><U133/><E133/><V52/><F66/><W41/><G41/><T110/><D110/><U31/><REACH who="1" step="1"/><E75/><REACH who="1" ten="180,213,405,192" step="2"/><V59/><F24/><W4/><G4/><T132/><D132/><U94/><AGARI ba="0,1" hai="25,28,29,30,31,35,68,70,86,90,94,98,103,104" machi="94" ten="30,4000,0" yaku="1,1,2,1,0,1,53,0" doraHai="33" doraHaiUra="79" who="1" fromWho="1" sc="180,-20,213,50,405,-10,192,-10" /><INIT seed="5,0,0,0,5,25" ten="160,263,395,182" oya="1" hai0="47,84,60,69,32,26,90,74,72,131,37,119,78" hai1="22,105,65,46,88,117,63,104,73,6,13,64,50" hai2="71,108,23,77,44,39,54,128,14,123,94,36,56" hai3="21,120,4,85,3,61,34,111,51,121,48,58,35"/><U109/><E73/><V93/><F108/><W29/><G111/><T16/><D119/><U115/><E109/><V52/><F123/><W126/><G126/><T102/><D131/><U11/><E117/><V125/><F71/><W87/><G4/><T55/><D102/><U8/><E115/><V10/><F77/><W7/><G7/><T95/><D78/><U33/><E33/><V40/><F39/><W101/><G101/><T99/><D84/><U68/><E11/><V86/><F128/><W30/><G21/><T116/><D116/><U106/><E65/><V81/><F125/><W112/><G58/><T124/><D124/><U31/><E88/><V0/><F23/><W100/><G100/><T12/><D69/><U127/><E127/><V57/><F0/><W76/><G76/><T75/><D37/><U113/><E113/><V132/><F132/><W98/><G112/><T134/><D134/><U45/><REACH who="1" step="1"/><E50/><REACH who="1" ten="160,253,395,182" step="2"/><V70/><F10/><W38/><G38/><T96/><D74/><U1/><E1/><V28/><F36/><W83/><G61/><T43/><D75/><U118/><E118/><V15/><F86/><W18/><G3/><T103/><D72/><U9/><E9/><V2/><F2/><W62/><G62/><T130/><D130/><U114/><E114/><V129/><F129/><W42/><G98/><T5/><D99/><U59/><E59/><V107/><F57/><W110/><G110/><T53/><D60/><U91/><E91/><V49/><F56/><W89/><G89/><T92/><D90/><U97/><E97/><V82/><F49/><RYUUKYOKU ba="0,1" sc="160,-10,253,30,395,-10,182,-10" hai1="6,8,13,22,31,45,46,63,64,68,104,105,106" /><INIT seed="5,1,1,3,5,9" ten="150,283,385,172" oya="1" hai0="120,133,44,51,4,49,96,104,0,70,130,22,48" hai1="89,111,24,56,41,46,115,14,72,134,6,32,103" hai2="30,8,59,29,21,121,128,45,118,80,66,10,100" hai3="95,97,101,20,123,34,117,108,109,98,112,71,131"/><U82/><E111/><V42/><F118/><W135/><G20/><T75/><D75/><U1/><E1/><V107/><F121/><W63/><G63/><T53/><D120/><U5/><E5/><V93/><F107/><W18/><G18/><T65/><D130/><U78/><E103/><V52/><F128/><W102/><G71/><T85/><D133/><U99/><E134/><V61/><F80/><W26/><G26/><T122/><D122/><U13/><E6/><V92/><F92/><W37/><G34/><T47/><D85/><U124/><E124/><V15/><F66/><W12/><G12/><T132/><D132/><U54/><E115/><V69/><F69/><W33/><G33/><T125/><D125/><U31/><E89/><V35/><F35/><W17/><G17/><T76/><D76/><U57/><E57/><V38/><F21/><W3/><G3/><T106/><D22/><U43/><E43/><V68/><F10/><W27/><G37/><T67/><D51/><U88/><E88/><V110/><F110/><W83/><G123/><T74/><D74/><U2/><E99/><V113/><F113/><W64/><G112/><T114/><D114/><U39/><E2/><V91/><F100/><W94/><G117/><T11/><D96/><U62/><AGARI ba="1,1" hai="13,14,24,31,32,39,41,46,54,56,62,72,78,82" machi="62" ten="20,7800,0" yaku="0,1,7,1,52,2" doraHai="9" who="1" fromWho="1" sc="150,-27,283,91,385,-27,172,-27" /><INIT seed="5,2,0,2,0,28" ten="123,374,358,145" oya="1" hai0="130,19,22,11,82,125,14,52,38,31,98,108,128" hai1="56,53,93,113,126,81,4,59,50,6,118,84,62" hai2="16,36,29,85,123,121,35,27,87,127,135,66,47" hai3="10,120,54,32,124,131,97,89,42,64,80,40,48"/><U34/><E118/><V115/><F66/><W71/><G120/><T17/><D38/><U102/><E34/><V134/><F127/><W5/><G124/><T83/><D125/><U88/><E126/><V101/><F101/><W13/><G131/><N who="0" m="50219" /><D108/><U12/><E113/><V30/><F115/><W77/><G32/><T18/><D98/><N who="1" m="59727" /><E12/><V44/><F36/><W43/><G64/><AGARI ba="2,0" hai="4,6,50,53,56,59,62,64,81,84,88" m="59727" machi="64" ten="30,2900,0" yaku="8,1,54,1" doraHai="28" who="1" fromWho="3" sc="123,0,374,35,358,0,145,-35" /><INIT seed="5,3,0,1,5,84" ten="123,409,358,110" oya="1" hai0="98,104,129,5,56,87,109,49,22,115,83,127,66" hai1="90,89,73,105,14,23,64,117,82,131,54,38,100" hai2="69,25,95,97,128,121,40,70,20,92,81,96,19" hai3="8,124,78,31,36,102,134,71,76,106,17,53,29"/><U58/><E64/><V27/><F128/><W0/><G134/><T112/><D109/><U125/><E131/><V111/><F111/><W110/><G110/><T120/><D129/><U7/><E38/><V60/><F121/><W45/><G124/><T55/><D127/><U103/><E125/><V52/><F40/><W21/><G71/><T101/><D120/><U88/><E117/><V93/><F81/><W68/><G68/><T72/><D5/><U35/><E35/><V18/><F69/><W34/><G106/><T77/><D66/><U30/><E105/><V113/><F113/><W122/><G122/><T41/><D41/><U114/><E114/><V61/><F70/><W11/><G102/><N who="1" m="38954" /><E73/><V80/><F80/><W85/><G31/><T4/><D4/><U75/><E75/><V62/><F52/><W47/><G11/><T2/><D2/><U79/><E79/><V74/><F74/><W91/><G36/><T116/><D116/><U133/><E133/><V130/><F130/><W126/><G126/><T46/><D22/><AGARI ba="3,0" hai="18,19,20,22,25,27,60,61,62,92,93,95,96,97" machi="22" ten="40,2600,0" yaku="9,1,8,1" doraHai="84" who="2" fromWho="0" sc="123,-35,409,0,358,35,110,0" /><INIT seed="6,0,0,3,4,5" ten="88,409,393,110" oya="2" hai0="24,35,78,117,37,32,67,106,23,8,88,77,70" hai1="52,108,107,82,50,116,127,84,0,102,89,65,18" hai2="124,44,100,71,66,83,76,40,54,134,133,2,57" hai3="63,105,29,91,94,74,79,21,41,59,7,1,125"/><V28/><F100/><W132/><G105/><T22/><D106/><U81/><E116/><V135/><F28/><W86/><G132/><T115/><D37/><U80/><E108/><V69/><F2/><W27/><G125/><T130/><D70/><U26/><E127/><V75/><F66/><W39/><G39/><T51/><D67/><U68/><E0/><V16/><F124/><W93/><G41/><T42/><D117/><U53/><E65/><V58/><F16/><W128/><G128/><T104/><D104/><U119/><E119/><V61/><REACH who="2" step="1"/><F58/><REACH who="2" ten="88,409,383,110" step="2"/><W98/><G1/><T33/><D24/><U34/><E68/><V120/><F120/><W55/><G7/><T36/><D130/><U123/><E123/><V73/><F73/><W118/><G118/><T112/><D112/><U110/><E107/><V122/><F122/><W96/><G74/><T30/><D30/><U13/><E102/><V95/><F95/><W4/><G4/><T129/><D115/><U97/><E34/><V31/><F31/><W15/><G94/><T49/><D129/><U46/><E26/><V3/><F3/><W131/><G131/><T121/><D121/><U87/><E18/><V48/><AGARI ba="0,1" hai="40,44,48,54,57,61,69,71,75,76,83,133,134,135" machi="48" ten="30,11700,0" yaku="1,1,0,1,20,1,53,1" doraHai="5" doraHaiUra="45" who="2" fromWho="2" sc="88,-39,409,-39,383,127,110,-39" /><INIT seed="6,1,0,5,0,82" ten="49,370,510,71" oya="2" hai0="23,103,70,128,87,96,38,124,18,115,15,26,62" hai1="41,126,88,74,53,5,63,113,34,61,45,2,77" hai2="102,1,65,133,89,51,127,76,11,16,99,122,75" hai3="8,3,30,0,67,27,94,98,24,85,56,9,31"/><V52/><F122/><W47/><G47/><T64/><D38/><U33/><E113/><V37/><F37/><W107/><G67/><T114/><D124/><U35/><E126/><V20/><F127/><W4/><G56/><T44/><D128/><U14/><E14/><V50/><F50/><W97/><G94/><T58/><D44/><U112/><E112/><V111/><F65/><W84/><REACH who="3" step="1"/><G4/><REACH who="3" ten="49,370,510,61" step="2"/><T130/><D130/><U135/><E5/><V6/><F6/><W106/><AGARI ba="1,1" hai="0,3,8,9,24,27,30,31,84,85,97,98,106,107" machi="106" ten="25,16000,3" yaku="1,1,2,1,0,1,22,2,52,2,53,2" doraHai="82" doraHaiUra="81" who="3" fromWho="3" sc="49,-41,370,-41,510,-81,61,173" /><INIT seed="7,0,0,5,5,23" ten="8,329,429,234" oya="3" hai0="16,12,76,6,134,118,55,128,78,104,124,103,135" hai1="10,59,85,98,112,97,46,51,93,67,47,65,110" hai2="123,11,101,69,70,7,94,130,17,84,2,30,87" hai3="99,62,108,126,116,49,38,43,109,8,58,119,120"/><W5/><G99/><T91/><D55/><U40/><E110/><N who="3" m="42602" /><G8/><N who="0" m="4119" /><D91/><N who="1" m="53487" /><E112/><V0/><F11/><W15/><G15/><T50/><D50/><N who="1" m="26951" /><E10/><V71/><F7/><W52/><G5/><T34/><D103/><U111/><E111/><V86/><F101/><W96/><G96/><N who="1" m="36970" /><E59/><V26/><F70/><W133/><G120/><T20/><D78/><U127/><E127/><V131/><F71/><W125/><G133/><N who="0" m="50699" /><D76/><U21/><E21/><V95/><F69/><W18/><G18/><T29/><D104/><U113/><E113/><V102/><F17/><W13/><G13/><T33/><D118/><N who="3" m="45097" /><G38/><T41/><D41/><AGARI ba="0,0" hai="41,47,51,65,67" m="36970,26951,53487" machi="41" ten="30,1000,0" yaku="8,1" doraHai="23" who="1" fromWho="0" sc="8,-10,329,10,429,0,234,0" owari="-2,-50.0,339,14.0,429,53.0,234,-17.0" /></mjloggm>