<mjloggm ver="2.3"><GO type="169" lobby="0"/><UN n0="%E4%B8%A6%E3%81%BF%E3%81%AE%E7%AB%9C" n1="%E3%82%A6%E3%83%AB%E3%83%88%E3%83%A9%E7%AB%8B%E7%9B%B4" n2="%E3%81%A1%E3%81%B3%E3%81%B2%E3%82%88" n3="%58%E7%8C%AB" dan="17,17,16,16" rate="2131.76,2217.15,2074.27,2104.30" sx="M,M,M,M"/><TAIKYOKU oya="0"/><INIT seed="0,0,0,4,3,91" ten="250,250,250,250" oya="0" hai0="126,78,83,0,122,118,114,12,45,10,82,134,23" hai1="40,26,67,81,112,119,41,6,72,115,132,116,37" hai2="57,36,60,39,129,113,5,90,18,28,11,4,1" hai3="128,89,98,94,33,43,127,133,104,95,106,32,44"/><T101/><D122/><U100/><E6/><V96/><F129/><W55/><G55/><T84/><D114/><U29/><E67/><V88/><F113/><N who="1" m="43593" /><E100/><V15/><F28/><W79/><G79/><T38/><D118/><U3/><E3/><V85/><F5/><W24/><G128/><T17/><D134/><U52/><E52/><V13/><F96/><W25/><G133/><T19/><D126/><U73/><E41/><V16/><F1/><W125/><G44/><T109/><D109/><U53/><E53/><V59/><F4/><W30/><G43/><T76/><D101/><U103/><E103/><V117/><F117/><W22/><G22/><T130/><D130/><U7/><E7/><V50/><F50/><W121/><G121/><T135/><D135/><U75/><E81/><V108/><F108/><W70/><G70/><T68/><D68/><U124/><E124/><V14/><F60/><W66/><G66/><T63/><D63/><U42/><E42/><V47/><F47/><W20/><G20/><T46/><D38/><U93/><E40/><V86/><F15/><W48/><G48/><T71/><D71/><U9/><E37/><V2/><REACH who="2" step="1"/><F2/><REACH who="2" ten="250,250,240,250" step="2"/><W58/><G30/><T62/><D62/><U87/><E132/><V51/><F51/><W31/><G31/><T61/><D61/><U80/><E116/><V120/><F120/><W65/><G65/><T69/><D0/><U56/><E29/><V35/><F35/><W97/><G58/><T111/><D111/><U27/><E56/><V54/><F54/><W107/><G107/><T92/><D69/><RYUUKYOKU ba="0,1" sc="250,-15,250,-15,240,15,250,15" hai2="11,13,14,16,18,36,39,57,59,85,86,88,90" hai3="24,25,32,33,89,94,95,97,98,104,106,125,127" /><INIT seed="1,1,1,0,3,52" ten="235,235,255,265" oya="1" hai0="102,89,0,45,55,8,110,86,22,18,113,31,5" hai1="91,7,63,95,92,10,1,69,6,56,59,36,97" hai2="120,27,62,24,9,35,76,2,15,48,42,94,14" hai3="67,12,127,135,33,58,117,34,25,51,98,83,84"/><U32/><E32/><V119/><F76/><W20/><G117/><T11/><D110/><U60/><E36/><V26/><F119/><W129/><G12/><T4/><D113/><U61/><E69/><V13/><F120/><W103/><G135/><T85/><D102/><U46/><E46/><V43/><F35/><W74/><G74/><T80/><D31/><U19/><E7/><N who="0" m="2633" /><D0/><U79/><E79/><V126/><F2/><W16/><G129/><T88/><D45/><U17/><REACH who="1" step="1"/><E95/><REACH who="1" ten="235,225,255,265" step="2"/><V29/><F94/><N who="3" m="58839" /><G33/><T118/><D118/><U41/><E41/><V107/><F43/><W90/><G34/><T64/><D86/><U81/><E81/><V105/><F42/><W108/><G108/><T53/><D85/><U116/><E116/><V54/><F107/><W124/><G127/><T37/><D80/><U111/><E111/><V40/><F105/><W121/><G124/><T123/><D37/><U134/><E134/><V71/><F126/><W133/><G133/><T77/><D77/><U87/><E87/><V131/><F71/><W104/><G104/><T109/><D109/><U30/><E30/><V78/><F29/><W115/><G121/><T72/><D123/><U100/><E100/><V112/><F78/><W125/><G125/><T44/><D44/><U70/><E70/><V75/><F40/><W57/><G115/><T132/><D132/><U114/><E114/><V96/><F112/><W66/><G51/><T128/><D89/><U38/><E38/><V93/><F48/><W130/><G130/><T65/><D88/><U99/><E99/><V49/><F131/><RYUUKYOKU ba="1,2" sc="235,-15,225,15,255,-15,265,15" hai1="1,6,10,17,19,56,59,60,61,63,91,92,97" hai3="16,20,25,57,58,66,67,83,84,90" /><INIT seed="1,2,2,2,0,27" ten="220,240,240,280" oya="1" hai0="119,6,114,95,25,23,89,37,58,56,102,40,48" hai1="91,62,3,14,28,44,129,15,26,2,59,72,10" hai2="79,47,12,105,41,101,109,84,108,42,92,1,52" hai3="75,36,93,111,134,19,125,66,54,83,50,121,107"/><U122/><E122/><V38/><F1/><W61/><G121/><T98/><D37/><U85/><E72/><V30/><F105/><W94/><G107/><T87/><D114/><U29/><E129/><V8/><F42/><W4/><G36/><T35/><D35/><U78/><E78/><V53/><F30/><N who="1" m="11881" /><E3/><V70/><F70/><W22/><G4/><T76/><D76/><U9/><E26/><V51/><F101/><W7/><G7/><T117/><D6/><U90/><E44/><V96/><F96/><W99/><G99/><T43/><D117/><U55/><E2/><V57/><F79/><W104/><G104/><T110/><D119/><U116/><E116/><V31/><F31/><W124/><G75/><T115/><D115/><U106/><E106/><V0/><F0/><W86/><G124/><T60/><D25/><U32/><E32/><V71/><F71/><W21/><G125/><T64/><D43/><U67/><E67/><V5/><F53/><W73/><G54/><T24/><D40/><U69/><E69/><V45/><F47/><W100/><G66/><T123/><D123/><U97/><E97/><V20/><F45/><W120/><G73/><T77/><D77/><U88/><E85/><V80/><F41/><W82/><G86/><T128/><D128/><U132/><E132/><V131/><F131/><W103/><G134/><T33/><D33/><U46/><E46/><V17/><F38/><W65/><G65/><T11/><D87/><U74/><E74/><V81/><F84/><W112/><G120/><T130/><D130/><U39/><E39/><RYUUKYOKU ba="2,2" sc="220,-10,240,30,240,-10,280,-10" hai1="9,10,14,15,55,59,62,88,90,91" /><INIT seed="1,3,2,2,3,123" ten="210,270,230,270" oya="1" hai0="23,81,116,126,66,29,43,108,79,109,51,15,111" hai1="84,19,92,62,98,31,74,128,16,96,105,125,25" hai2="76,27,78,41,6,68,39,3,48,64,112,91,120" hai3="77,101,11,110,18,57,26,72,80,127,131,107,124"/><U33/><E74/><V89/><F120/><W52/><G131/><T86/><D116/><U56/><E128/><V34/><F39/><W88/><G110/><T4/><D66/><U73/><E73/><V14/><F3/><W21/><G11/><N who="0" m="4583" /><D126/><U102/><E84/><V46/><F68/><W114/><G114/><T70/><D70/><U121/><E125/><N who="3" m="48202" /><G101/><T87/><D87/><U63/><E121/><V53/><F64/><W103/><G103/><T90/><D23/><U44/><E44/><V32/><F32/><W54/><G107/><T69/><D29/><U10/><E10/><N who="2" m="4439" /><F34/><W59/><G88/><N who="2" m="33865" /><F27/><W0/><G0/><T58/><D69/><U47/><E47/><N who="2" m="25711" /><F112/><W93/><G93/><T95/><D58/><AGARI ba="3,2" hai="18,21,26,52,54,57,58,59,72,77,80" m="48202" machi="58" ten="30,2000,0" yaku="18,1,54,1" doraHai="123" who="3" fromWho="0" sc="210,-29,270,0,230,0,270,49" /><INIT seed="2,0,0,4,3,41" ten="181,270,230,319" oya="2" hai0="73,9,61,1,2,67,5,126,3,51,52,60,21" hai1="54,74,133,4,116,125,16,31,85,25,11,45,72" hai2="26,71,19,100,12,122,104,38,59,48,94,78,75" hai3="36,15,42,128,68,95,62,70,29,39,22,130,0"/><V111/><F38/><W99/><G0/><T102/><D73/><U30/><E116/><V127/><F71/><W58/><G68/><T134/><D126/><U89/><E133/><V120/><F127/><W113/><G70/><T69/><D134/><U80/><E125/><V129/><F104/><W23/><G23/><T43/><D43/><U64/><E64/><V131/><F111/><W79/><G79/><T32/><D32/><U37/><E37/><V65/><F26/><N who="3" m="16599" /><G15/><T40/><D102/><U117/><E117/><V135/><F135/><W81/><G81/><T121/><D121/><U118/><E118/><V55/><F78/><W7/><G7/><T84/><D60/><U124/><E124/><V17/><F75/><W20/><G20/><T88/><D40/><U91/><E4/><V44/><F120/><W35/><G35/><T6/><D21/><N who="1" m="13479" /><E11/><V103/><F122/><W63/><G63/><T96/><D96/><U106/><E106/><V53/><F12/><W112/><G42/><T56/><REACH who="0" step="1"/><D5/><REACH who="0" ten="171,270,230,319" step="2"/><U97/><E74/><V119/><F119/><W66/><G36/><T109/><D109/><U13/><E72/><V33/><F33/><W8/><G39/><T92/><AGARI ba="0,1" hai="1,2,3,6,9,51,52,56,61,67,69,84,88,92" machi="92" ten="20,8000,1" yaku="1,1,0,1,7,1,54,2,53,0" doraHai="41" doraHaiUra="28" who="0" fromWho="0" sc="171,90,270,-20,230,-40,319,-20" /><INIT seed="3,0,0,4,0,105" ten="261,250,190,299" oya="3" hai0="97,24,68,2,110,10,103,13,40,30,130,61,18" hai1="126,100,8,11,19,5,31,43,115,49,22,133,132" hai2="17,78,88,121,128,55,12,116,47,59,125,89,108" hai3="6,122,127,93,23,71,111,84,112,16,91,35,38"/><W114/><G122/><T90/><D110/><U82/><E100/><V67/><F116/><W69/><G38/><T48/><D130/><U104/><E104/><V131/><F108/><W124/><G35/><T120/><D120/><U41/><E31/><V96/><F121/><W62/><G6/><T57/><D2/><U72/><E49/><V113/><F113/><W74/><G74/><T14/><D14/><U3/><E11/><V44/><F67/><N who="3" m="41207" /><G71/><T129/><D90/><N who="2" m="34922" /><F78/><W26/><G111/><T32/><D129/><N who="2" m="49738" /><F96/><W101/><G101/><T63/><D68/><U46/><E115/><V86/><F86/><W50/><G50/><T34/><D34/><U20/><E20/><N who="2" m="11303" /><F125/><AGARI ba="0,0" hai="16,23,26,84,91,93,112,114,124,125,127" m="41207" machi="125" ten="30,2900,0" yaku="18,1,54,1" doraHai="105" who="3" fromWho="2" sc="261,0,250,0,190,-29,299,29" /><INIT seed="3,1,0,2,1,116" ten="261,250,161,328" oya="3" hai0="12,89,11,18,102,96,52,42,35,19,13,53,99" hai1="56,81,113,130,5,108,47,85,58,125,50,71,133" hai2="22,4,49,80,1,103,119,15,93,126,25,34,57" hai3="128,131,94,76,70,62,59,88,30,39,65,69,79"/><W46/><G30/><T84/><D35/><U54/><E71/><V27/><F119/><W98/><G70/><T105/><D42/><U127/><E113/><V86/><F126/><N who="1" m="48137" /><E108/><V100/><F1/><W115/><G115/><T51/><D105/><U26/><E130/><N who="3" m="49706" /><G69/><T63/><D63/><U117/><E133/><V16/><F34/><W32/><G32/><T90/><D102/><U24/><E5/><V41/><F93/><W135/><G135/><T78/><D78/><N who="1" m="46263" /><E117/><V106/><F106/><W14/><G14/><T111/><D111/><U38/><E38/><V67/><F4/><W9/><G9/><N who="0" m="6415" /><D90/><U20/><E26/><V61/><F27/><W134/><G134/><T123/><D123/><U40/><E40/><AGARI ba="1,0" hai="39,40,46,59,62,65,76,79,88,94,98" m="49706" machi="40" ten="30,2900,0" yaku="19,1,54,1" doraHai="116" who="3" fromWho="1" sc="261,0,250,-32,161,0,328,32" /><INIT seed="3,2,0,1,4,105" ten="261,218,161,360" oya="3" hai0="71,28,72,4,26,60,67,135,117,108,79,19,31" hai1="89,88,2,68,61,8,74,76,15,55,77,132,37" hai2="66,25,41,82,34,75,64,73,113,80,94,5,13" hai3="59,103,24,133,42,0,78,22,126,3,16,99,57"/><W17/><G42/><T43/><D108/><U124/><E2/><V110/><F113/><W121/><G121/><T58/><D117/><U112/><E112/><V6/><F41/><W29/><G78/><T93/><D135/><U14/><E37/><V115/><F115/><W84/><G84/><T95/><D43/><U119/><E124/><V9/><F110/><W107/><G59/><T51/><D4/><U40/><E40/><V120/><F120/><W98/><G126/><T104/><D104/><U111/><E111/><V21/><F34/><W48/><G98/><T134/><D19/><U90/><E74/><V27/><F21/><W85/><G17/><T1/><D1/><U50/><E132/><V97/><F13/><W39/><G39/><T45/><D31/><U18/><E119/><V106/><F106/><W35/><G85/><T54/><D58/><U46/><REACH who="1" step="1"/><E14/><REACH who="1" ten="261,208,161,360" step="2"/><V127/><F127/><W114/><G114/><T87/><D72/><U69/><E69/><V83/><F73/><W62/><G133/><T36/><D36/><U11/><E11/><V49/><F9/><W86/><G0/><T56/><D71/><U65/><AGARI ba="2,1" hai="8,15,18,46,50,55,61,65,68,76,77,88,89,90" machi="65" ten="30,4000,0" yaku="1,1,0,1,54,1,53,0" doraHai="105" doraHaiUra="96" who="1" fromWho="1" sc="261,-12,208,56,161,-12,360,-22" /><INIT seed="4,0,0,5,3,75" ten="249,264,149,338" oya="0" hai0="127,92,120,131,9,90,44,64,45,97,23,62,8" hai1="76,57,102,12,109,110,61,29,49,129,79,16,41" hai2="30,94,100,121,68,99,47,19,25,39,65,128,112" hai3="18,124,50,37,78,80,83,3,22,13,6,113,53"/><T135/><D120/><U15/><E29/><V55/><F121/><W91/><G37/><T46/><D135/><U126/><E126/><V73/><F73/><W132/><G83/><T115/><D115/><U77/><E129/><V51/><F128/><W17/><G17/><T5/><D127/><U31/><E31/><V70/><F112/><W123/><G91/><T111/><D111/><U20/><E102/><V96/><F39/><W133/><G113/><T125/><D125/><U48/><E110/><V88/><F19/><W105/><G105/><T98/><D131/><U40/><E12/><V107/><REACH who="2" step="1"/><F65/><REACH who="2" ten="249,264,139,338" step="2"/><W56/><G123/><T28/><D5/><U104/><E109/><V27/><F27/><W58/><G124/><T63/><D64/><N who="1" m="38959" /><E104/><V69/><F69/><W66/><G66/><T26/><D8/><U38/><E38/><V116/><F116/><W33/><G132/><T108/><D9/><U10/><E10/><V2/><F2/><W117/><G133/><T14/><D108/><U82/><E82/><V84/><F84/><W60/><G3/><T86/><D14/><U59/><E59/><V32/><AGARI ba="0,1" hai="25,30,32,47,51,55,68,70,88,94,96,99,100,107" machi="32" ten="20,5200,0" yaku="1,1,0,1,7,1,54,1,53,0" doraHai="75" doraHaiUra="71" who="2" fromWho="2" sc="249,-26,264,-13,139,62,338,-13" /><INIT seed="5,0,0,3,5,11" ten="223,251,201,325" oya="1" hai0="112,2,110,27,70,48,121,29,87,34,96,15,63" hai1="4,41,19,127,90,8,117,66,82,114,17,130,98" hai2="9,91,25,47,33,93,104,131,128,62,115,28,5" hai3="23,109,88,84,26,79,3,105,21,73,78,20,22"/><U49/><E117/><V85/><F104/><W97/><G73/><T69/><D110/><U119/><E119/><V46/><F115/><W108/><G3/><T89/><D2/><U100/><E66/><V125/><F125/><W72/><G72/><T102/><D112/><U116/><E130/><N who="2" m="49707" /><F62/><W52/><G97/><T75/><D75/><U123/><E127/><V67/><F67/><W55/><G105/><T32/><D32/><U56/><E123/><V51/><F51/><W0/><G0/><AGARI ba="0,0" hai="0,5,9,25,28,33,46,47,85,91,93" m="49707" machi="0" ten="30,1000,0" yaku="19,1" doraHai="11" who="2" fromWho="3" sc="223,0,251,0,201,10,325,-10" /><INIT seed="6,0,0,1,4,4" ten="223,251,211,315" oya="2" hai0="87,66,124,93,34,106,15,45,98,101,75,14,62" hai1="28,123,41,3,27,97,63,118,96,33,60,130,113" hai2="18,108,1,134,59,12,44,88,40,46,29,42,53" hai3="23,9,19,30,43,94,22,129,36,5,25,120,79"/><V126/><F126/><W48/><G36/><T81/><D124/><U100/><E118/><V49/><F1/><W39/><G39/><T91/><D34/><U6/><E41/><N who="2" m="15979" /><F134/><W76/><G94/><T24/><D24/><U2/><E2/><V128/><F128/><W0/><G129/><T73/><D45/><U47/><E47/><V57/><F108/><W115/><G120/><T78/><REACH who="0" step="1"/><D73/><REACH who="0" ten="213,251,211,315" step="2"/><U51/><E27/><V68/><F29/><W104/><G25/><T109/><D109/><U85/><E28/><V105/><F46/><W16/><G30/><T82/><D82/><U80/><E80/><V70/><F70/><AGARI ba="0,1" hai="14,15,62,66,70,75,78,81,87,91,93,98,101,106" machi="70" ten="30,8000,1" yaku="1,1,7,1,24,2,53,1" doraHai="4" doraHaiUra="65" who="0" fromWho="2" sc="213,90,251,0,211,-80,315,0" /><INIT seed="7,0,0,4,4,25" ten="303,251,131,315" oya="3" hai0="12,71,23,96,1,108,104,116,43,55,10,37,107" hai1="99,126,53,7,121,112,98,115,67,16,132,48,103" hai2="56,24,122,120,94,17,70,4,129,62,31,42,89" hai3="49,32,91,47,14,40,52,118,78,106,5,82,85"/><W46/><G118/><T79/><D108/><U66/><E7/><V19/><F70/><W0/><G106/><T27/><D116/><U90/><E121/><V51/><F4/><W18/><G32/><T83/><D71/><U28/><E90/><V73/><F73/><W61/><G0/><T44/><D96/><U8/><E126/><V119/><F129/><W45/><G5/><N who="0" m="1327" /><D12/><U75/><E75/><V65/><F119/><W26/><G26/><T38/><D55/><U102/><E132/><V63/><F63/><W95/><G61/><T80/><D80/><U131/><E8/><V29/><F120/><W20/><G40/><T30/><D38/><U88/><E88/><V54/><F122/><W76/><G76/><T124/><D124/><U64/><E64/><V84/><F42/><W127/><G127/><T109/><D109/><U92/><E53/><V123/><F123/><W81/><G81/><T110/><D110/><U22/><E48/><V35/><REACH who="2" step="1"/><F31/><REACH who="2" ten="303,251,121,315" step="2"/><W50/><G49/><T113/><D113/><U34/><E28/><V15/><F15/><W105/><G105/><T3/><D3/><U57/><E131/><V133/><F133/><W117/><G117/><T134/><D134/><U74/><E74/><AGARI ba="0,1" hai="14,18,20,45,46,47,50,52,74,78,82,85,91,95" machi="74" ten="30,2900,0" yaku="7,1,54,1" doraHai="25" who="3" fromWho="1" sc="303,0,251,-29,121,0,315,39" /><AGARI ba="0,0" hai="23,27,30,37,43,44,74,79,83,104,107" m="1327" machi="74" ten="30,2000,0" yaku="25,1,52,1" doraHai="25" who="0" fromWho="1" sc="303,20,222,-20,121,0,354,0" owari="323,12.0,202,-20.0,121,-38.0,354,46.0" /></mjloggm>