<mjloggm ver="2.3"><GO type="169" lobby="0"/><UN n0="%63%75%72%65%74%61%70%65" n1="%77%61%72%75" n2="%E3%82%A6%E3%83%AB%E3%83%88%E3%83%A9%E7%AB%8B%E7%9B%B4" n3="%4F%4E%41%4B%41%4E" dan="16,16,17,16" rate="2113.06,2090.00,2191.72,2058.06" sx="M,M,M,M"/><TAIKYOKU oya="0"/><INIT seed="0,0,0,4,2,19" ten="250,250,250,250" oya="0" hai0="131,130,15,7,111,48,105,12,51,60,134,67,47" hai1="83,93,129,115,106,55,57,116,75,73,102,119,49" hai2="50,26,58,31,54,52,62,56,89,9,13,8,96" hai3="44,90,0,82,2,91,113,20,112,127,61,101,24"/><T17/><D105/><U122/><E122/><V125/><F125/><W11/><G127/><T63/><D7/><U10/><E129/><N who="0" m="49161" /><D134/><U81/><E106/><V64/><F89/><W6/><G2/><T126/><D126/><U33/><E33/><V43/><F96/><W68/><G101/><T78/><D111/><U21/><E10/><V18/><F43/><W66/><G44/><T109/><D109/><U36/><E36/><V80/><F80/><W117/><G117/><T92/><D78/><U27/><E115/><V104/><F104/><W103/><G103/><T22/><D92/><U99/><E73/><V71/><F8/><W135/><G135/><T16/><D47/><U98/><E98/><V40/><F40/><W14/><G0/><T120/><D120/><U124/><E124/><V84/><F84/><W79/><G113/><T30/><D30/><U100/><E100/><V95/><F95/><W42/><G42/><T97/><D97/><U110/><E110/><V88/><F88/><W25/><G112/><T72/><D72/><U121/><E121/><V128/><F128/><W38/><G91/><T32/><D32/><U87/><E75/><V41/><F41/><W94/><G94/><T4/><D4/><U35/><E81/><V29/><REACH who="2" step="1"/><F26/><REACH who="2" ten="250,250,240,250" step="2"/><N who="3" m="10347" /><G90/><T107/><D107/><U132/><E132/><V77/><F77/><W1/><G79/><T118/><D67/><U76/><REACH who="1" step="1"/><E35/><REACH who="1" ten="250,240,240,250" step="2"/><V69/><F69/><W85/><G82/><T5/><D118/><U34/><E34/><V59/><F59/><W23/><G68/><T123/><D123/><U86/><E86/><RYUUKYOKU ba="0,2" sc="250,-15,240,15,240,15,250,-15" hai1="21,27,49,55,57,76,83,87,93,99,102,116,119" hai2="9,13,18,29,31,50,52,54,56,58,62,64,71" /><INIT seed="1,1,2,1,1,55" ten="235,255,255,235" oya="1" hai0="33,57,12,54,66,60,17,132,47,98,109,73,88" hai1="58,16,3,29,6,116,99,134,97,59,84,4,41" hai2="14,126,87,117,24,46,7,34,30,83,100,37,96" hai3="110,36,56,75,44,13,118,52,0,35,103,85,2"/><U133/><E116/><V113/><F117/><W49/><G75/><T102/><D73/><U62/><E29/><V31/><F126/><W45/><G118/><T70/><D33/><U128/><E41/><V9/><F113/><W23/><G35/><T38/><D109/><U42/><E42/><V94/><F37/><W74/><G74/><T77/><D77/><U32/><E32/><V115/><F115/><W28/><G110/><T21/><D132/><N who="1" m="50795" /><E84/><V18/><F46/><W40/><G103/><T27/><D27/><U53/><E128/><V82/><F31/><W65/><G85/><T76/><D76/><U50/><E16/><V107/><REACH who="2" step="1"/><F18/><REACH who="2" ten="235,255,245,235" step="2"/><W92/><G28/><T71/><D38/><U5/><E3/><V80/><F80/><W127/><G2/><T108/><D108/><U10/><E10/><V86/><F86/><W20/><G0/><T22/><D47/><U91/><E91/><AGARI ba="1,3" hai="7,9,14,24,30,34,82,83,87,91,94,96,100,107" machi="91" ten="40,1300,0" yaku="1,1,53,0" doraHai="55" doraHaiUra="19" who="2" fromWho="1" sc="235,0,255,-16,245,46,235,0" /><INIT seed="2,0,0,4,4,71" ten="235,239,291,235" oya="2" hai0="23,26,110,132,54,82,101,40,39,59,31,58,42" hai1="93,65,47,100,134,98,24,115,79,60,25,52,5" hai2="126,50,135,133,99,22,127,16,56,18,104,109,95" hai3="77,70,111,125,123,81,106,105,83,53,64,113,14"/><V10/><F104/><W12/><G70/><T62/><D132/><N who="2" m="50762" /><F109/><W116/><G64/><T102/><D110/><U69/><E134/><V90/><F10/><W103/><G111/><T51/><D82/><U49/><E115/><V114/><F114/><W78/><G113/><T32/><D32/><U27/><E79/><V4/><F4/><W96/><G116/><T35/><D35/><U97/><E5/><V74/><F74/><W91/><G91/><T57/><D57/><U3/><E3/><V94/><F94/><W129/><G53/><N who="0" m="34159" /><D39/><U119/><E119/><V6/><F6/><W48/><G48/><T38/><D38/><U41/><REACH who="1" step="1"/><E98/><REACH who="1" ten="235,229,291,235" step="2"/><V131/><F131/><W122/><G96/><T118/><D118/><U66/><E66/><V28/><F127/><W46/><G125/><T44/><D58/><U0/><E0/><V19/><F126/><W43/><G129/><T13/><D13/><U112/><E112/><V55/><F28/><W128/><G128/><T61/><D61/><U15/><E15/><AGARI ba="0,1" hai="15,16,18,19,22,50,55,56,90,95,99" m="50762" machi="15" ten="30,2900,0" yaku="20,1,54,1" doraHai="71" who="2" fromWho="1" sc="235,0,229,-29,291,39,235,0" /><INIT seed="2,1,0,0,3,68" ten="235,200,330,235" oya="2" hai0="5,22,33,124,121,107,23,101,86,110,134,128,59" hai1="82,116,92,2,0,102,26,51,3,74,56,36,100" hai2="9,55,20,19,133,38,8,13,91,67,24,37,32" hai3="40,29,95,122,58,46,42,69,30,96,93,78,73"/><V112/><F112/><W6/><G69/><T43/><D121/><U135/><E116/><V118/><F118/><W84/><G73/><T132/><D33/><U106/><E135/><N who="0" m="51753" /><D110/><U11/><E26/><V52/><F133/><W71/><G71/><T10/><D128/><U70/><E70/><V115/><F67/><W89/><G42/><T17/><D124/><U123/><E123/><V25/><F115/><W119/><G119/><T111/><D111/><U47/><E106/><V65/><F65/><W50/><G122/><T94/><D107/><U53/><E11/><V76/><F76/><W18/><G6/><T80/><D17/><U88/><E82/><V12/><F91/><N who="3" m="53479" /><G78/><N who="0" m="46359" /><D59/><U34/><E34/><V117/><F32/><W105/><G105/><T54/><D54/><U108/><E74/><V14/><F117/><W109/><G109/><T75/><D75/><U60/><E108/><V27/><F19/><W45/><G18/><T83/><D83/><U120/><E120/><V62/><F20/><W87/><G58/><T66/><D43/><U44/><E44/><V77/><F77/><W39/><G30/><T90/><D101/><U16/><E16/><V125/><F125/><W41/><G29/><T21/><D66/><U48/><E102/><V7/><F7/><W35/><G35/><T114/><D114/><U1/><E100/><V85/><F62/><W97/><G41/><T103/><D103/><U79/><E79/><V57/><F57/><W64/><G64/><T72/><D72/><U131/><N who="1" m="0" /><DORA hai="98" /><U49/><E131/><V4/><F4/><W28/><G28/><RYUUKYOKU ba="1,0" sc="235,-10,200,-10,330,-10,235,30" hai3="39,40,45,46,50,87,89,95,96,97" /><INIT seed="3,2,0,2,3,17" ten="225,190,320,265" oya="3" hai0="56,27,106,2,30,5,73,49,1,14,32,111,110" hai1="128,54,90,79,7,102,131,121,12,70,93,97,35" hai2="52,116,86,38,94,67,132,92,25,125,65,99,53" hai3="103,84,113,87,13,109,96,51,71,11,19,74,4"/><W15/><G113/><T28/><D106/><U127/><E35/><V101/><F38/><W43/><G74/><T59/><D73/><U68/><E79/><V118/><F125/><W3/><G71/><T123/><D59/><U88/><E121/><V9/><F132/><W23/><G109/><N who="0" m="41483" /><D49/><U78/><E78/><V126/><F126/><W39/><G39/><T61/><D61/><U21/><E127/><V6/><F116/><W66/><G66/><N who="2" m="25097" /><F118/><W26/><G43/><T60/><D60/><U64/><E54/><V81/><F94/><W41/><G41/><T62/><D123/><U36/><E36/><V8/><F25/><W58/><G51/><T34/><D56/><U22/><E64/><V98/><F98/><W133/><G58/><T50/><D50/><U31/><E70/><V10/><F6/><W69/><G133/><T134/><D62/><U18/><E7/><V105/><F105/><W63/><G63/><T16/><D134/><U77/><E77/><AGARI ba="2,0" hai="8,9,10,52,53,77,81,86,92,99,101" m="25097" machi="77" ten="30,2000,0" yaku="8,1,54,1" doraHai="17" who="2" fromWho="1" sc="225,0,190,-26,320,26,265,0" /><INIT seed="4,0,0,4,1,33" ten="225,164,346,265" oya="0" hai0="83,110,7,125,1,76,11,53,100,49,102,31,73" hai1="105,19,18,130,43,85,50,54,42,12,63,135,84" hai2="48,131,82,87,92,39,96,23,90,66,5,74,40" hai3="114,62,51,24,46,107,126,69,80,20,59,4,88"/><T67/><D125/><U22/><E105/><V15/><F74/><W129/><G69/><T45/><D110/><U35/><E35/><V61/><F131/><W122/><G107/><T97/><D97/><U113/><E130/><V120/><F39/><W16/><G129/><T99/><D99/><U71/><E135/><V86/><F120/><W123/><G126/><T3/><D31/><U25/><E113/><V70/><F87/><N who="3" m="50279" /><G4/><T116/><D116/><U65/><E85/><V8/><F23/><W94/><G94/><T60/><REACH who="0" step="1"/><D3/><REACH who="0" ten="215,164,346,265" step="2"/><U103/><E103/><V28/><F28/><W78/><G123/><T119/><D119/><U14/><E84/><V108/><F108/><W95/><G122/><T17/><D17/><U93/><E19/><V68/><F86/><W58/><G16/><T117/><D117/><U57/><E18/><V124/><F124/><W44/><G24/><T26/><D26/><U81/><E25/><V9/><F96/><W121/><G121/><T91/><D91/><U79/><E14/><V52/><F90/><W109/><G109/><T128/><D128/><U13/><E13/><V118/><F118/><W2/><G2/><T112/><D112/><U37/><E12/><V72/><F15/><W101/><G114/><T0/><D0/><U34/><E34/><V30/><F30/><W38/><G101/><T29/><D29/><U32/><E32/><V36/><F5/><W64/><G20/><T134/><D134/><U21/><E21/><V10/><F10/><W132/><G132/><T106/><D106/><U98/><E22/><V89/><F8/><RYUUKYOKU ba="0,1" sc="215,30,164,-10,346,-10,265,-10" hai0="1,7,11,45,49,53,60,67,73,76,83,100,102" /><INIT seed="4,1,1,2,3,29" ten="245,154,336,255" oya="0" hai0="26,135,20,66,121,86,48,31,118,103,18,75,78" hai1="133,52,58,5,49,17,105,100,60,4,132,125,97" hai2="71,72,27,63,64,47,3,43,134,130,107,55,16" hai3="68,40,87,94,6,45,36,0,126,56,37,15,95"/><T91/><D121/><U117/><E117/><V35/><F72/><W57/><G0/><T23/><D118/><U124/><E17/><V106/><F130/><W25/><G68/><T89/><D135/><N who="1" m="51787" /><E60/><V114/><F134/><W88/><G37/><T108/><D108/><U50/><E49/><V19/><F114/><W116/><G126/><AGARI ba="1,1" hai="4,5,50,52,58,97,100,105,124,125,126" m="51787" machi="126" ten="30,3900,0" yaku="18,1,20,1,54,1" doraHai="29" who="1" fromWho="3" sc="245,0,154,52,336,0,255,-42" /><INIT seed="5,0,0,4,4,53" ten="245,206,336,213" oya="1" hai0="105,122,4,69,84,110,3,116,96,114,6,64,56" hai1="8,97,58,124,113,111,99,126,47,119,108,57,0" hai2="83,25,23,60,9,102,128,40,132,73,11,68,89" hai3="120,112,27,36,28,61,13,92,22,30,98,121,19"/><U24/><E119/><V18/><F128/><W17/><G112/><T88/><D116/><U81/><E113/><V79/><F132/><W80/><G36/><T7/><D114/><U76/><E47/><V12/><F102/><W135/><G135/><T50/><D110/><N who="1" m="42027" /><E24/><V72/><F72/><W46/><G46/><T125/><D122/><U42/><E42/><V104/><F104/><W94/><G80/><N who="0" m="49159" /><D3/><U123/><E123/><V43/><F11/><W66/><G121/><T34/><D34/><U26/><E26/><V39/><F39/><W10/><G120/><T95/><D105/><U131/><E131/><V106/><F106/><W109/><G94/><T133/><D133/><U21/><E21/><V59/><F89/><W134/><G134/><T41/><D69/><U107/><E107/><V51/><F68/><W16/><G30/><T82/><D82/><U115/><E115/><V54/><REACH who="2" step="1"/><F51/><REACH who="2" ten="245,206,326,213" step="2"/><W75/><G109/><T29/><D50/><U67/><E8/><V93/><F93/><W87/><G75/><T32/><D95/><U85/><E0/><V31/><AGARI ba="0,1" hai="9,12,18,23,25,31,40,43,54,59,60,73,79,83" machi="31" ten="20,5200,0" yaku="1,1,0,1,7,1,52,1,53,0" doraHai="53" doraHaiUra="65" who="2" fromWho="2" sc="245,-13,206,-26,326,62,213,-13" /><INIT seed="6,0,0,0,3,5" ten="232,180,388,200" oya="2" hai0="116,40,51,97,112,123,93,81,30,88,117,83,92" hai1="67,114,44,6,94,23,110,17,31,4,128,82,42" hai2="101,56,103,126,73,14,108,37,104,65,78,53,98" hai3="28,52,1,0,62,33,77,72,41,15,25,43,80"/><V111/><F126/><W130/><G130/><T8/><D123/><U89/><E110/><N who="2" m="42027" /><F37/><W3/><G62/><T20/><D112/><U134/><E114/><V47/><F47/><W127/><G127/><T7/><D93/><U18/><E128/><V115/><F115/><W19/><REACH who="3" step="1"/><G52/><REACH who="3" ten="232,180,388,190" step="2"/><T99/><D117/><U21/><E134/><V60/><F53/><W113/><G113/><T90/><D116/><U105/><E67/><V13/><F103/><W121/><G121/><T59/><D40/><U70/><E70/><V95/><F104/><W84/><G84/><T66/><D66/><U54/><E105/><V57/><F57/><W2/><N who="3" m="0" /><DORA hai="122" /><W109/><G109/><T63/><D63/><U55/><E55/><V16/><F56/><W100/><G100/><T76/><D59/><U119/><E119/><V9/><F60/><W125/><G125/><T71/><D71/><U131/><E131/><V58/><F58/><W12/><G12/><T32/><D99/><U96/><E54/><V50/><F65/><W85/><G85/><T79/><D97/><U124/><E96/><V132/><F14/><W49/><G49/><T64/><D64/><U135/><E124/><V46/><F50/><W106/><G106/><T75/><D51/><U38/><E38/><V27/><F46/><W26/><G26/><T86/><D86/><U11/><E44/><V35/><F27/><W102/><G102/><T68/><D68/><U36/><E36/><V120/><F120/><W22/><AGARI ba="0,1" hai="15,19,22,25,28,33,41,43,72,77,80" m="0" machi="22" ten="60,12000,2" yaku="1,1,0,1,53,4" doraHai="5,122" doraHaiUra="45,34" who="3" fromWho="3" sc="232,-30,180,-30,388,-60,190,130" /><INIT seed="7,0,0,1,4,86" ten="202,150,328,320" oya="3" hai0="108,125,21,84,111,95,65,30,121,87,118,15,71" hai1="74,60,64,129,55,66,26,45,93,128,105,67,53" hai2="33,100,7,11,27,14,122,49,96,112,5,134,110" hai3="37,41,17,127,3,13,19,69,77,36,54,109,4"/><W98/><G69/><T117/><D121/><U44/><E26/><V52/><F110/><W89/><G109/><T132/><D132/><U104/><E74/><V18/><F112/><W42/><G3/><T94/><D125/><U130/><E93/><N who="2" m="58383" /><F33/><W113/><G77/><T61/><D15/><U120/><E120/><V24/><F134/><W43/><G113/><T50/><D50/><U78/><E78/><V114/><F114/><W47/><G37/><T38/><D38/><U82/><E82/><V57/><F122/><W12/><G36/><T68/><D21/><U133/><E133/><V34/><F34/><W103/><G127/><T126/><D126/><U92/><E92/><V115/><F115/><W85/><G98/><T32/><D32/><U2/><E2/><V48/><F48/><N who="3" m="28959" /><G103/><T20/><D20/><U56/><E104/><V0/><F0/><W107/><G107/><T46/><D46/><N who="1" m="18027" /><E105/><V101/><F101/><W70/><G70/><T63/><D30/><U106/><E106/><V76/><F76/><W88/><G4/><AGARI ba="0,0" hai="4,5,7,11,14,18,24,27,49,52,57" m="58383" machi="4" ten="30,2000,0" yaku="8,1,54,1" doraHai="86" who="2" fromWho="3" sc="202,0,150,0,328,20,320,-20" owari="202,-20.0,150,-35.0,348,45.0,300,10.0" /></mjloggm>