<mjloggm ver="2.3"><GO type="169" lobby="0"/><UN n0="%E5%87%9B%E5%AE%99" n1="%E3%82%A6%E3%83%AB%E3%83%88%E3%83%A9%E7%AB%8B%E7%9B%B4" n2="%61%6D%65%64%69%6F" n3="%6D%61%2D%62%6F%33%35" dan="16,17,17,16" rate="2093.57,2202.38,2273.27,2134.33" sx="M,M,M,M"/><TAIKYOKU oya="0"/><INIT seed="0,0,0,3,1,3" ten="250,250,250,250" oya="0" hai0="12,4,106,92,110,129,131,82,69,33,59,42,29" hai1="121,28,115,24,37,111,30,118,55,71,67,9,80" hai2="102,70,99,75,65,133,51,83,52,44,87,66,113" hai3="27,64,53,84,90,58,46,78,26,22,134,62,91"/><T132/><D69/><U15/><E121/><V57/><F133/><W126/><G126/><T45/><D106/><U94/><E118/><V73/><F113/><W16/><G134/><T100/><D132/><U98/><E111/><V39/><F39/><W35/><G35/><T11/><D59/><U56/><E37/><V103/><F103/><W34/><G34/><T79/><D110/><U1/><E1/><V105/><F70/><W5/><G26/><T2/><D33/><U8/><E8/><V125/><F125/><W76/><G5/><T72/><D29/><U109/><E109/><V13/><F57/><W61/><G90/><T38/><D12/><U107/><E107/><V88/><REACH who="2" step="1"/><F13/><REACH who="2" ten="250,250,240,250" step="2"/><W135/><G135/><T120/><D120/><U50/><E71/><V14/><F14/><W23/><G46/><T97/><AGARI ba="0,1" hai="2,4,11,38,42,45,72,79,82,92,97,100,129,131" machi="97" ten="30,11700,0" yaku="0,1,25,2,52,1" doraHai="3" who="0" fromWho="0" sc="250,127,250,-39,240,-39,250,-39" /><INIT seed="0,1,0,0,1,58" ten="377,211,201,211" oya="0" hai0="116,21,53,82,84,27,3,110,134,32,43,128,51" hai1="118,0,57,73,102,17,89,11,62,101,78,112,42" hai2="44,23,100,127,48,76,37,97,75,114,2,65,4" hai3="64,91,49,55,94,41,6,90,39,34,56,105,19"/><T77/><D116/><U96/><E118/><V26/><F114/><W92/><G105/><T52/><D32/><U31/><E31/><V80/><F127/><W68/><G34/><T121/><D3/><U133/><E133/><V16/><F65/><W12/><G6/><T20/><D121/><U126/><E126/><V117/><F117/><W9/><G92/><T86/><D128/><U14/><E112/><V131/><F131/><W8/><G8/><T45/><D134/><U69/><E69/><V125/><F125/><W60/><REACH who="3" step="1"/><G94/><REACH who="3" ten="377,211,201,201" step="2"/><T59/><D110/><U46/><E0/><V24/><F4/><W40/><G40/><T95/><D27/><U79/><E101/><V7/><F7/><W109/><G109/><T120/><D120/><U88/><E102/><V81/><F26/><W124/><G124/><T18/><D43/><U71/><E96/><V10/><F10/><W74/><G74/><T15/><D95/><U135/><E73/><V70/><F2/><W5/><G5/><T115/><D115/><U107/><E107/><V87/><F97/><W98/><G98/><T66/><D86/><U83/><E135/><V30/><F100/><W13/><G13/><T122/><D122/><U119/><E14/><V113/><F113/><W50/><G50/><N who="0" m="31159" /><D21/><U93/><E93/><V132/><F132/><W63/><G63/><T106/><D106/><U33/><E62/><V123/><F123/><W35/><G35/><T85/><D84/><U28/><E33/><V1/><F87/><W111/><G111/><T22/><D20/><U103/><E119/><V25/><F23/><RYUUKYOKU ba="1,1" sc="377,15,211,-15,201,-15,201,15" hai0="15,18,22,45,51,52,66,77,82,85" hai3="9,12,19,39,41,49,55,56,60,64,68,90,91" /><INIT seed="0,2,1,5,0,18" ten="392,196,186,216" oya="0" hai0="15,3,116,53,9,112,41,37,61,133,19,8,62" hai1="120,56,109,1,45,79,26,89,67,39,102,57,27" hai2="94,115,78,126,87,34,110,108,100,77,114,47,35" hai3="32,64,124,12,36,132,49,24,75,86,90,117,135"/><T63/><D112/><N who="2" m="43050" /><F47/><W33/><G36/><T95/><D116/><U130/><E130/><V96/><F35/><W55/><G117/><T14/><D133/><N who="3" m="51273" /><G75/><T105/><D3/><U22/><E109/><N who="2" m="42091" /><F34/><W127/><G64/><T104/><D95/><U31/><E120/><V83/><F126/><N who="3" m="48171" /><G12/><T5/><D37/><U28/><E1/><V10/><F10/><W91/><G24/><T30/><D41/><U4/><E4/><V98/><F98/><W99/><G99/><T66/><D30/><U23/><E67/><V21/><F21/><W134/><G134/><T101/><D66/><U11/><E11/><V122/><F122/><W103/><G103/><T76/><D101/><U38/><E102/><V17/><F17/><W80/><G91/><AGARI ba="2,1" hai="77,78,83,87,91,94,96,100" m="42091,43050" machi="91" ten="30,3900,0" yaku="14,1,34,2" doraHai="18" who="2" fromWho="3" sc="392,0,196,0,186,55,216,-45" /><INIT seed="1,0,0,2,3,26" ten="392,196,241,171" oya="1" hai0="120,99,122,83,87,86,106,49,129,82,105,19,52" hai1="21,100,43,55,11,8,18,36,77,104,81,3,88" hai2="56,17,1,39,107,20,64,54,73,92,60,42,91" hai3="70,124,134,123,112,110,7,40,29,47,118,126,46"/><U15/><E100/><V121/><F107/><W79/><G123/><T22/><D22/><U16/><E104/><V97/><F1/><W127/><G112/><T5/><D5/><U89/><E3/><V57/><F73/><W103/><G118/><T53/><D53/><U59/><E43/><V80/><F80/><W116/><G116/><T65/><D65/><U101/><E101/><V27/><F121/><W69/><G110/><T14/><D14/><U111/><E36/><V75/><F75/><W44/><G134/><T25/><D25/><U62/><E111/><V78/><F78/><W93/><G7/><T109/><D109/><U95/><E95/><V102/><F39/><W125/><N who="3" m="31744" /><DORA hai="23" /><W115/><G115/><T71/><D129/><U94/><E94/><V128/><F42/><W74/><G40/><T32/><D32/><U108/><E108/><V63/><F102/><W48/><G48/><T12/><D71/><N who="3" m="27145" /><G79/><T113/><D113/><U90/><REACH who="1" step="1"/><E18/><REACH who="1" ten="392,186,241,171" step="2"/><V9/><F128/><W41/><G41/><T61/><D122/><U85/><AGARI ba="0,1" hai="8,11,15,16,21,55,59,62,77,81,85,88,89,90" machi="85" ten="30,18000,2" yaku="1,1,2,1,0,1,8,1,54,2,53,0" doraHai="26,23" doraHaiUra="34,24" who="1" fromWho="1" sc="392,-60,186,190,241,-60,171,-60" /><INIT seed="1,1,0,0,0,90" ten="332,376,181,111" oya="1" hai0="101,125,10,102,73,61,17,12,82,88,107,52,8" hai1="1,49,111,134,93,121,70,112,81,21,109,25,46" hai2="32,72,54,36,131,98,51,95,126,45,2,132,92" hai3="14,20,19,89,85,7,6,104,16,71,118,38,123"/><U110/><E121/><V78/><F32/><W18/><G123/><T105/><D125/><U5/><E112/><V42/><F126/><W33/><G118/><T68/><D68/><U47/><E70/><V100/><F132/><W3/><G71/><T127/><D127/><U83/><E134/><V63/><F131/><W55/><G33/><T43/><D105/><U60/><E60/><V119/><F119/><W29/><G38/><T96/><D43/><U15/><E1/><V35/><F35/><W122/><G104/><T114/><D114/><U11/><E93/><N who="2" m="58447" /><F36/><W64/><G64/><T74/><D102/><U65/><E65/><V66/><F72/><W76/><G76/><T91/><D10/><U133/><E133/><V23/><F78/><W135/><G122/><T69/><D69/><U31/><REACH who="1" step="1"/><E47/><REACH who="1" ten="332,366,181,111" step="2"/><V27/><F2/><W86/><G3/><T116/><D116/><U67/><E67/><V103/><F66/><W80/><G135/><T0/><D0/><U115/><E115/><V62/><F63/><W94/><G94/><N who="2" m="35881" /><F62/><W58/><G86/><T39/><D74/><U113/><E113/><V40/><F103/><W24/><REACH who="3" step="1"/><G14/><REACH who="3" ten="332,366,181,101" step="2"/><T77/><REACH who="0" step="1"/><D39/><REACH who="0" ten="322,366,181,101" step="2"/><U117/><E117/><V120/><F120/><W44/><G44/><T26/><D26/><U59/><E59/><AGARI ba="1,3" hai="8,12,17,52,59,61,73,77,82,88,91,96,101,107" machi="59" ten="40,8000,1" yaku="1,1,54,2,53,1" doraHai="90" doraHaiUra="56" who="0" fromWho="1" sc="322,113,366,-83,181,0,101,0" /><INIT seed="2,0,0,3,1,44" ten="435,283,181,101" oya="2" hai0="35,39,74,7,133,104,17,106,65,33,72,103,113" hai1="105,31,83,78,26,57,111,115,47,91,87,120,128" hai2="56,68,22,15,112,10,1,29,102,58,122,95,92" hai3="119,27,82,86,118,3,80,75,45,126,123,89,114"/><V12/><F68/><W132/><G3/><T43/><D113/><U36/><E115/><V28/><F122/><W85/><G114/><T25/><D133/><U121/><E105/><V109/><F1/><W40/><G123/><N who="1" m="47178" /><E111/><V14/><F112/><W2/><G2/><T110/><D7/><U23/><E57/><N who="2" m="22123" /><F109/><W9/><G132/><T73/><D110/><U4/><E4/><V94/><F10/><W0/><G126/><T38/><D65/><U34/><E128/><V107/><F107/><W117/><G75/><T69/><D69/><U130/><E130/><V124/><F124/><W64/><G64/><T98/><D106/><U66/><E66/><V97/><F97/><W5/><G27/><T116/><D116/><U24/><E24/><V61/><F61/><W88/><REACH who="3" step="1"/><G119/><REACH who="3" ten="435,283,181,91" step="2"/><T131/><D131/><U60/><E26/><V53/><F102/><W90/><G90/><T8/><D73/><U50/><E91/><V134/><F134/><W125/><G125/><T70/><D74/><U101/><E101/><V127/><F127/><W63/><G63/><T18/><D72/><U84/><E60/><V129/><F129/><W46/><G46/><T54/><D103/><U20/><E47/><V41/><F41/><W6/><G6/><T100/><D43/><U37/><E34/><V81/><F53/><W13/><G13/><T48/><D100/><U16/><E37/><AGARI ba="0,1" hai="0,5,9,37,40,45,80,82,85,86,88,89,117,118" machi="37" ten="30,7700,0" yaku="1,1,7,1,9,1,54,1,53,0" doraHai="44" doraHaiUra="62" who="3" fromWho="1" sc="435,0,283,-77,181,0,91,87" /><INIT seed="3,0,0,0,2,121" ten="435,206,181,178" oya="3" hai0="62,15,13,122,29,19,54,132,31,43,17,112,103" hai1="118,52,10,72,74,92,64,96,95,42,90,110,55" hai2="93,51,119,41,82,40,36,70,69,58,6,107,44" hai3="38,20,109,61,28,88,23,120,18,11,47,16,30"/><W80/><G120/><T56/><D122/><U5/><E64/><V50/><F107/><W0/><G61/><T68/><D132/><U135/><E42/><V130/><F82/><W57/><G57/><T32/><D112/><U123/><E123/><V49/><F6/><W101/><G101/><T106/><D43/><U129/><E135/><V67/><F93/><W33/><G33/><T114/><D114/><U89/><E129/><V26/><F26/><N who="3" m="14599" /><G38/><T102/><D68/><N who="2" m="26218" /><F130/><W104/><G104/><T37/><D37/><U75/><E118/><V84/><F84/><N who="3" m="50183" /><G0/><T8/><D106/><U63/><E63/><N who="2" m="38391" /><F119/><W111/><G47/><AGARI ba="0,0" hai="36,40,41,44,47,49,50,51" m="38391,26218" machi="47" ten="30,8000,1" yaku="35,5" doraHai="121" who="2" fromWho="3" sc="435,0,206,0,181,80,178,-80" /><INIT seed="4,0,0,4,1,129" ten="435,206,261,98" oya="0" hai0="36,124,83,23,100,38,84,46,20,135,116,102,62" hai1="44,108,110,41,104,106,98,114,35,94,43,82,97" hai2="131,99,81,117,75,0,4,49,9,16,133,10,77" hai3="34,40,101,26,52,30,68,90,64,115,65,125,126"/><T119/><D124/><N who="3" m="47721" /><G68/><T107/><D62/><U58/><E35/><V93/><F117/><W92/><G101/><T127/><D127/><U39/><E114/><V56/><F131/><W70/><G70/><T48/><D119/><U53/><E43/><V130/><F130/><W73/><G73/><T3/><D3/><U95/><E82/><V66/><F10/><W67/><G40/><T134/><D116/><U111/><E95/><V12/><F0/><W80/><G80/><T121/><D121/><U8/><E8/><V120/><F120/><W51/><G115/><T74/><D74/><U59/><E97/><V14/><F14/><W112/><G112/><T63/><D63/><U118/><E118/><V37/><F37/><W55/><G51/><T128/><D128/><U89/><REACH who="1" step="1"/><E59/><REACH who="1" ten="435,196,261,98" step="2"/><V91/><F4/><W15/><G15/><T27/><D83/><U2/><E2/><V32/><F32/><W54/><G92/><T47/><D107/><U85/><E85/><V5/><F5/><W22/><G90/><T123/><D123/><U33/><E33/><AGARI ba="0,1" hai="22,26,30,33,34,52,54,55,64,65,67" m="47721" machi="33" ten="40,2600,0" yaku="18,1,54,1" doraHai="129" who="3" fromWho="1" sc="435,0,196,-26,261,0,98,36" /><INIT seed="5,0,0,4,5,113" ten="435,170,261,134" oya="1" hai0="66,51,87,52,37,30,85,12,24,55,127,123,7" hai1="40,130,83,117,80,32,27,11,108,134,91,2,116" hai2="60,97,126,49,88,3,35,107,104,96,46,53,58" hai3="111,95,20,81,109,118,59,82,56,13,121,65,34"/><U41/><E130/><V132/><F35/><W106/><G106/><T78/><D37/><U120/><E120/><V57/><F3/><W124/><G34/><T33/><D127/><U18/><E134/><V79/><F126/><W122/><G124/><T71/><D123/><U77/><E108/><V14/><F79/><W63/><G95/><T47/><D78/><U36/><E91/><V92/><F132/><W44/><G44/><T89/><D71/><U67/><E67/><V68/><F68/><W6/><G65/><T54/><D66/><U9/><E83/><V38/><F38/><W62/><G20/><T74/><D74/><U119/><E2/><V17/><F97/><W43/><G43/><T93/><D87/><U114/><E114/><V42/><F58/><W112/><G6/><T4/><D4/><U73/><E40/><V72/><F72/><W64/><G64/><T86/><D85/><U103/><E103/><V29/><F29/><W125/><G125/><T28/><D30/><U16/><E32/><V10/><AGARI ba="0,0" hai="10,14,17,42,46,49,53,57,60,88,92,96,104,107" machi="10" ten="20,2700,0" yaku="0,1,7,1,54,1" doraHai="113" who="2" fromWho="2" sc="435,-7,170,-13,261,27,134,-7" /><INIT seed="6,0,0,3,5,105" ten="428,157,288,127" oya="2" hai0="19,107,96,66,88,68,12,26,18,120,2,83,0" hai1="41,13,103,77,48,115,35,102,89,52,132,130,29" hai2="20,114,72,104,37,121,51,39,38,32,56,54,101" hai3="62,85,81,60,94,134,23,14,75,93,15,122,71"/><V45/><F32/><W70/><G122/><T40/><D120/><U28/><E130/><V117/><F117/><W9/><G23/><T53/><D40/><U59/><E115/><V128/><F114/><W16/><G134/><T34/><D53/><U87/><E132/><V92/><F104/><W43/><G43/><T4/><D4/><U84/><E41/><V76/><F128/><W80/><G85/><T123/><D123/><U61/><E61/><V44/><F20/><W67/><G9/><T63/><D0/><U133/><E133/><V42/><F101/><N who="1" m="38409" /><E35/><V113/><F92/><W111/><G67/><T100/><D2/><U129/><E129/><V5/><F5/><W1/><G1/><T99/><D12/><U8/><E77/><V58/><F113/><W25/><G25/><T11/><D11/><U74/><E74/><V118/><F118/><W30/><G111/><T97/><D97/><U86/><E89/><V82/><F121/><W116/><G116/><T95/><D83/><U131/><E131/><V50/><AGARI ba="0,0" hai="37,38,39,42,44,45,50,51,54,56,58,72,76,82" machi="50" ten="40,3900,0" yaku="0,1,52,1" doraHai="105" who="2" fromWho="2" sc="428,-13,157,-13,288,39,127,-13" /><INIT seed="6,1,0,5,2,33" ten="415,144,327,114" oya="2" hai0="112,123,72,108,114,77,32,10,96,25,16,85,43" hai1="17,3,39,48,0,91,98,2,134,11,62,86,80" hai2="30,111,41,83,1,13,65,8,67,76,73,130,12" hai3="103,52,44,58,129,54,55,116,51,14,95,128,106"/><V79/><F111/><W27/><G106/><T119/><D108/><U92/><E39/><V78/><F130/><N who="3" m="50283" /><G27/><T64/><D72/><U121/><E134/><V66/><F30/><W88/><G103/><T97/><D123/><U74/><E121/><V105/><F105/><W133/><G116/><T38/><D64/><U61/><E74/><V60/><F60/><N who="3" m="35911" /><G14/><N who="0" m="7255" /><D119/><U120/><E120/><V127/><F127/><W4/><G4/><T35/><D38/><U26/><E48/><V132/><F132/><W100/><G100/><T68/><D68/><U46/><E46/><V75/><F41/><N who="3" m="24975" /><G133/><T81/><D43/><U63/><E26/><V24/><F24/><W29/><G29/><N who="0" m="19503" /><D35/><U70/><E70/><V18/><F73/><W125/><G125/><T21/><D21/><U87/><E17/><V37/><F75/><W59/><G59/><T104/><D104/><U131/><E131/><V122/><F83/><W84/><AGARI ba="1,0" hai="54,55,84,88,95" m="24975,35911,50283" machi="84" ten="30,4000,0" yaku="19,1,54,2" doraHai="33" who="3" fromWho="3" sc="415,-11,144,-11,327,-21,114,43" /><INIT seed="7,0,0,2,4,22" ten="404,133,306,157" oya="3" hai0="66,57,125,126,115,86,97,98,51,70,24,127,77" hai1="64,56,31,48,39,60,7,16,25,118,112,121,26" hai2="61,129,49,63,79,13,135,134,132,128,84,62,117" hai3="110,130,67,99,54,88,104,59,4,44,96,28,15"/><W68/><G130/><N who="2" m="50281" /><F13/><W81/><G104/><T120/><D115/><U91/><E39/><V38/><F38/><W111/><G28/><T34/><D70/><U19/><E121/><V106/><F106/><W116/><G116/><T1/><D1/><U124/><E112/><V27/><F84/><N who="3" m="50191" /><G68/><T9/><D9/><U105/><E105/><V71/><F79/><W18/><G67/><T109/><D109/><N who="3" m="41481" /><G44/><T50/><D120/><U2/><E118/><V69/><F117/><W100/><G100/><T17/><D34/><U46/><E124/><V36/><F36/><W21/><G4/><T123/><D123/><U10/><E91/><V82/><F82/><W133/><G133/><T32/><D32/><U95/><E95/><V0/><F0/><W108/><N who="3" m="41489" /><W103/><DORA hai="93" /><G103/><T30/><D30/><U6/><E6/><V74/><F74/><W65/><G65/><T78/><D66/><U83/><E83/><V14/><F71/><W92/><G92/><T47/><D47/><U80/><E80/><V90/><F69/><W41/><G41/><T5/><D5/><U76/><E76/><V43/><F90/><W89/><G89/><T8/><D78/><U101/><E101/><V119/><F119/><W58/><G58/><T131/><D57/><U37/><E37/><V122/><F122/><W23/><G23/><N who="0" m="13423" /><D131/><U75/><E75/><V114/><F114/><W85/><G85/><T33/><D33/><N who="1" m="20719" /><E26/><V42/><F27/><W87/><G87/><T45/><D45/><U11/><E11/><V73/><F73/><W35/><G35/><T72/><D72/><RYUUKYOKU ba="0,0" sc="404,-15,133,15,306,-15,157,15" hai1="2,7,10,16,19,46,48,56,60,64" hai3="15,18,21,54,59,96,99" /><INIT seed="7,1,0,5,4,17" ten="389,148,291,172" oya="3" hai0="58,25,95,8,29,67,15,53,34,72,108,13,68" hai1="74,85,31,131,7,101,22,126,128,11,49,56,96" hai2="14,27,124,23,64,37,91,106,129,0,20,89,76" hai3="63,52,21,133,19,77,44,88,115,132,48,105,61"/><W86/><G105/><T120/><D108/><U119/><E74/><V66/><F0/><W98/><G77/><T82/><D120/><U93/><E119/><V73/><F37/><W94/><G98/><T41/><D41/><U55/><E126/><V16/><F106/><W5/><G5/><T3/><D3/><U125/><E125/><V80/><F124/><W6/><G6/><T28/><D28/><U79/><E85/><N who="2" m="48263" /><F129/><W47/><G47/><T87/><D72/><U71/><E79/><V118/><F73/><W100/><G100/><T32/><D95/><U111/><E71/><V104/><F104/><W135/><G115/><T30/><D68/><U99/><E99/><V97/><F118/><W1/><G1/><T127/><D67/><N who="2" m="25642" /><F97/><W123/><G123/><T122/><D122/><U33/><E33/><V51/><F51/><W84/><G84/><T65/><D127/><U110/><E110/><V109/><F109/><W42/><G42/><T92/><D65/><U134/><E111/><V112/><F112/><W121/><G121/><T78/><D34/><U62/><E49/><V26/><F26/><AGARI ba="1,0" hai="19,21,26,44,48,52,61,63,86,88,94,132,133,135" machi="26" ten="40,12000,1" yaku="20,1,52,1,54,2" doraHai="17" who="3" fromWho="2" sc="389,0,148,0,291,-123,172,123" /><INIT seed="7,2,0,0,3,48" ten="389,148,168,295" oya="3" hai0="104,30,92,66,8,122,65,14,100,73,87,83,118" hai1="105,35,121,91,6,58,37,36,67,28,47,134,3" hai2="15,96,84,19,103,53,21,25,23,32,110,130,71" hai3="94,117,20,93,81,112,82,107,42,2,115,41,86"/><W5/><G117/><T89/><D118/><U7/><E105/><V34/><F71/><W16/><G107/><T90/><D122/><U127/><E121/><V44/><F110/><W114/><G5/><N who="1" m="1546" /><E3/><V51/><F130/><W79/><G2/><T11/><D30/><U120/><E120/><V0/><F0/><W74/><G42/><T128/><D128/><U1/><E1/><V49/><F49/><W52/><G41/><T29/><D29/><U119/><E119/><V135/><F84/><W69/><G69/><T126/><D126/><U31/><E35/><V77/><F77/><W99/><G99/><N who="0" m="61471" /><D90/><U59/><E127/><V113/><F135/><W124/><G124/><T64/><D14/><U43/><E134/><V26/><F113/><W4/><G4/><T75/><D75/><U10/><E36/><V18/><F15/><N who="3" m="9247" /><G52/><T97/><D97/><U68/><E68/><V101/><F101/><W12/><G12/><T57/><D57/><U131/><E131/><V17/><F17/><W9/><G9/><T106/><D106/><AGARI ba="2,0" hai="18,19,21,23,25,26,32,34,44,51,53,96,103,106" machi="106" ten="30,3900,0" yaku="7,1,9,1,52,1" doraHai="48" who="2" fromWho="0" sc="389,-45,148,0,168,45,295,0" owari="344,44.0,148,-35.0,213,-19.0,295,10.0" /></mjloggm>