<mjloggm ver="2.3"><GO type="225" lobby="0"/><UN n0="%E3%83%88%E3%83%88%E3%83%AA%E5%85%88%E7%94%9F%31%39%E6%AD%B3" n1="%28%2A%C2%B4%33%EF%BD%80%2A%29" n2="%E3%81%BF%E3%81%A3%E3%81%A4%E3%81%83%EF%BD%9E" n3="%EF%BC%BC%28%EF%BC%BE%6F%EF%BC%BE%29%EF%BC%8F%E2%98%85" dan="17,17,18,16" rate="2180.93,2228.10,2190.64,2064.61" sx="F,F,F,M"/><TAIKYOKU oya="0"/><INIT seed="0,0,0,5,2,91" ten="250,250,250,250" oya="0" hai0="13,97,122,6,135,34,126,64,133,94,59,134,76" hai1="114,19,65,116,107,2,127,118,101,103,86,109,48" hai2="121,46,30,88,85,83,98,39,18,0,108,17,5" hai3="92,102,61,51,82,71,22,104,74,90,119,70,45"/><T62/><D122/><U1/><E65/><V81/><F121/><W56/><G119/><T123/><D123/><U95/><E114/><V68/><F68/><W15/><G104/><T66/><D34/><U63/><E63/><V50/><F39/><W31/><G102/><T52/><D126/><U12/><E48/><V8/><F108/><W57/><G57/><T40/><D76/><U110/><E127/><V124/><F124/><W47/><G47/><T41/><D13/><U117/><E103/><V60/><F60/><W21/><G82/><T9/><D9/><U84/><E84/><V38/><F38/><W28/><G74/><T33/><D6/><U42/><E42/><N who="0" m="16489" /><D33/><U43/><E43/><V32/><F98/><N who="3" m="57623" /><G70/><T55/><D64/><U4/><E4/><V89/><F30/><N who="3" m="11307" /><G15/><T80/><D80/><U35/><E35/><V23/><F32/><W73/><G73/><T100/><AGARI ba="0,0" hai="52,55,59,62,66,94,97,100,133,134,135" m="16489" machi="100" ten="40,7800,0" yaku="20,1,52,1,54,1" doraHai="91" who="0" fromWho="0" sc="250,78,250,-26,250,-26,250,-26" /><INIT seed="0,1,0,2,2,64" ten="328,224,224,224" oya="0" hai0="35,24,57,84,100,53,21,124,38,19,112,101,14" hai1="60,91,26,33,27,111,75,93,134,61,94,108,130" hai2="73,47,98,114,88,37,128,87,95,90,125,18,32" hai3="22,28,40,12,0,133,121,78,129,116,36,105,23"/><T68/><D112/><U119/><E119/><V102/><F128/><W97/><G0/><T77/><D38/><U107/><E107/><V41/><F125/><W46/><G116/><T99/><D124/><U76/><E130/><V86/><F114/><W16/><G129/><T42/><D42/><U51/><E134/><V113/><F113/><W63/><G133/><T65/><D35/><U5/><E5/><V58/><F73/><W127/><G127/><T6/><D99/><U8/><E8/><V85/><F32/><W135/><G135/><T7/><D65/><U118/><E51/><V10/><REACH who="2" step="1"/><F58/><REACH who="2" ten="328,224,214,224" step="2"/><W30/><G121/><T48/><D57/><U123/><E33/><V11/><F11/><W17/><G23/><T132/><D21/><U43/><E123/><V56/><F56/><W1/><G22/><T109/><D132/><U71/><E118/><V34/><F34/><W2/><G2/><T3/><D3/><U115/><E115/><V62/><F62/><W126/><G63/><T72/><D72/><U117/><E117/><V55/><F55/><W31/><G1/><T59/><D53/><U67/><E60/><V4/><F4/><W110/><G126/><T96/><D59/><U103/><E61/><V122/><F122/><W70/><G40/><T15/><D6/><U106/><E43/><V131/><F131/><W66/><G66/><T104/><D7/><U44/><E67/><V39/><F39/><W52/><G36/><T9/><D9/><U89/><E75/><V20/><F20/><W120/><G120/><T50/><D24/><U80/><E27/><RYUUKYOKU ba="1,1" sc="328,-10,224,-10,214,30,224,-10" hai2="10,18,37,41,47,85,86,87,88,90,95,98,102" /><INIT seed="1,2,1,2,4,27" ten="318,214,244,214" oya="1" hai0="49,131,7,122,33,130,23,31,26,34,77,110,129" hai1="75,2,93,40,81,3,50,57,103,0,79,12,63" hai2="106,58,45,36,22,29,117,62,37,88,107,115,17" hai3="38,89,94,73,69,20,127,25,66,48,104,14,118"/><U92/><E12/><V121/><F117/><W64/><G38/><T124/><D110/><U86/><E103/><V70/><F70/><W21/><G104/><T59/><D124/><U135/><E135/><V133/><F121/><W101/><G73/><T134/><D134/><U54/><REACH who="1" step="1"/><E86/><REACH who="1" ten="318,204,244,214" step="2"/><V10/><F133/><W16/><G101/><T1/><D122/><U90/><E90/><V84/><F88/><W41/><G118/><T72/><D72/><U61/><E61/><V56/><F84/><W47/><G127/><T111/><D111/><U68/><E68/><V15/><F62/><W76/><G69/><T6/><D77/><U51/><E51/><V30/><F15/><W8/><G76/><T123/><D123/><U125/><E125/><V102/><F102/><W53/><G41/><T113/><D113/><U35/><E35/><N who="0" m="13321" /><D1/><U83/><E83/><V42/><F115/><W71/><G71/><T82/><D82/><U99/><E99/><V13/><F42/><W116/><G116/><T28/><D7/><U97/><E97/><V9/><F13/><W65/><G25/><T112/><D6/><U95/><E95/><V119/><F119/><W11/><G21/><T114/><D114/><U4/><E4/><V46/><F22/><W100/><G100/><T60/><D112/><U44/><AGARI ba="2,2" hai="0,2,3,40,44,50,54,57,63,75,79,81,92,93" machi="44" ten="40,3900,0" yaku="1,1,0,1,53,0" doraHai="27" doraHaiUra="85" who="1" fromWho="1" sc="318,-15,204,65,244,-15,214,-15" /><INIT seed="1,3,0,0,4,73" ten="303,269,229,199" oya="1" hai0="78,20,0,101,55,77,14,45,129,10,52,56,68" hai1="127,113,23,84,132,106,88,126,28,59,34,85,128" hai2="30,90,35,31,22,15,6,121,98,9,112,116,86" hai3="111,29,3,104,46,102,97,5,108,12,24,105,87"/><U109/><E113/><V110/><F35/><W13/><G105/><T63/><D129/><U47/><E34/><V107/><F116/><W120/><G120/><T80/><D68/><U74/><E74/><V54/><F121/><W70/><G70/><T66/><D0/><U37/><E106/><V25/><F112/><W81/><G3/><T93/><D80/><U36/><E128/><V133/><F133/><W60/><G60/><T44/><D20/><U53/><E84/><V32/><F110/><N who="3" m="42027" /><G46/><N who="0" m="18027" /><D93/><N who="1" m="54415" /><E47/><V83/><F54/><N who="0" m="20522" /><D101/><U118/><E118/><V91/><F32/><N who="3" m="20519" /><G5/><AGARI ba="3,0" hai="5,10,14,56,63,66,77,78" m="20522,18027" machi="5" ten="30,7700,0" yaku="8,1,52,2,54,1" doraHai="73" who="0" fromWho="3" sc="303,86,269,0,229,0,199,-86" /><INIT seed="2,0,0,4,1,78" ten="389,269,229,113" oya="2" hai0="127,63,51,31,41,97,73,5,58,61,72,66,1" hai1="98,11,7,119,96,83,22,88,80,116,18,95,91" hai2="94,0,47,85,49,76,14,54,59,74,21,34,110" hai3="67,65,45,122,27,84,55,68,134,60,46,87,50"/><V37/><F110/><W10/><G122/><T102/><D127/><U118/><E98/><V120/><F120/><W30/><G134/><T44/><D31/><U93/><E93/><V113/><F113/><W124/><G124/><T2/><D61/><U52/><E52/><V12/><F0/><W33/><G67/><T105/><REACH who="0" step="1"/><D5/><REACH who="0" ten="379,269,229,113" step="2"/><U114/><E114/><V75/><F34/><W48/><REACH who="3" step="1"/><G10/><REACH who="3" ten="379,269,229,103" step="2"/><T20/><D20/><U38/><E11/><V43/><F21/><W126/><G126/><T86/><D86/><U89/><E22/><V112/><F75/><AGARI ba="0,2" hai="1,2,41,44,51,58,63,66,72,73,75,97,102,105" machi="75" ten="40,2600,0" yaku="1,1,53,1" doraHai="78" doraHaiUra="36" who="0" fromWho="2" sc="379,46,269,0,229,-26,103,0" /><INIT seed="3,0,0,5,4,62" ten="425,269,203,103" oya="3" hai0="19,42,11,79,82,6,37,120,102,54,80,14,108" hai1="101,20,83,3,39,63,96,44,107,9,81,118,89" hai2="115,95,5,47,88,127,15,73,131,22,67,70,32" hai3="48,135,98,128,23,30,109,53,2,4,31,91,119"/><W29/><G119/><T60/><D120/><U51/><E118/><V25/><F73/><W132/><G128/><T86/><D108/><U97/><E39/><V18/><F115/><W90/><G109/><T75/><D102/><U69/><E20/><V57/><F70/><W64/><G23/><T36/><D42/><U111/><E111/><V113/><F113/><W28/><N who="3" m="7168" /><DORA hai="124" /><W55/><G64/><T61/><D61/><U49/><E49/><V116/><F32/><W43/><G43/><T21/><D60/><U34/><E34/><V8/><F127/><W99/><G4/><T130/><D54/><N who="3" m="20489" /><G2/><T92/><D92/><U94/><E51/><V78/><F116/><W129/><G48/><T76/><D130/><U100/><E100/><V105/><F131/><W133/><G129/><T0/><AGARI ba="0,0" hai="0,6,11,14,19,21,36,37,75,76,79,80,82,86" machi="0" ten="20,1500,0" yaku="0,1,7,1" doraHai="62,124" who="0" fromWho="0" sc="425,15,269,-4,203,-4,103,-7" owari="440,53.0,265,7.0,199,-20.0,96,-40.0" /></mjloggm>