<mjloggm ver="2.3"><GO type="97" lobby="0"/><UN n0="%41%54%4C%45" n1="%E2%98%86%E3%83%89%E3%83%8A%E3%83%AB%E3%83%89%E6%95%99%E5%BE%92%E2%98%86" n2="%72%61%74%69%6F" n3="%E5%B0%B1%E6%B4%BB%E7%94%9F%40%E5%B7%9D%E6%9D%91%E8%BB%8D%E5%9B%A3" dan="14,14,14,14" rate="2000.75,1889.82,1858.42,1974.37" sx="M,M,F,M"/><TAIKYOKU oya="0"/><INIT seed="0,0,0,1,1,106" ten="250,250,250,250" oya="0" hai0="58,26,67,90,4,49,53,74,99,63,133,122,55" hai1="103,51,62,23,97,30,43,32,60,47,24,39,91" hai2="114,118,92,76,135,46,52,61,102,45,29,127,95" hai3="109,64,123,36,5,59,50,68,73,113,69,131,124"/><T121/><D4/><U21/><E91/><V75/><F114/><W86/><G5/><T108/><D26/><U12/><E39/><V96/><F29/><W81/><G113/><T107/><D133/><U22/><REACH who="1" step="1"/><E12/><REACH who="1" ten="250,240,250,250" step="2"/><V115/><F135/><W41/><G36/><T80/><D122/><U93/><AGARI ba="0,1" hai="21,22,23,24,30,32,43,47,51,60,62,93,97,103" machi="93" ten="30,4000,0" yaku="1,1,2,1,0,1,53,0" doraHai="106" doraHaiUra="11" who="1" fromWho="1" sc="250,-20,240,50,250,-10,250,-10" /><INIT seed="1,0,0,4,4,14" ten="230,290,240,240" oya="1" hai0="72,131,79,34,112,56,1,20,26,35,134,109,43" hai1="32,133,115,132,97,81,60,0,82,24,66,129,54" hai2="12,90,119,95,87,21,68,50,33,123,49,47,58" hai3="62,28,94,73,89,19,105,6,59,16,70,65,2"/><U88/><E0/><V75/><F123/><W23/><G105/><T93/><D112/><U117/><E117/><V113/><F119/><W77/><G73/><T130/><D1/><U108/><E115/><V31/><F75/><W120/><G120/><T91/><D43/><U29/><E129/><N who="0" m="49161" /><D56/><U36/><E36/><V13/><F68/><W128/><G128/><T116/><D116/><U27/><E54/><N who="2" m="32079" /><F33/><W106/><G106/><T96/><D134/><N who="1" m="51819" /><E24/><N who="2" m="16783" /><F113/><W84/><G70/><T83/><D109/><U4/><E4/><V48/><F48/><W114/><G114/><T85/><D72/><U98/><E108/><V107/><F107/><W135/><G135/><T127/><D127/><U30/><E30/><AGARI ba="0,0" hai="20,26,30,34,35,79,83,85,91,93,96" m="49161" machi="30" ten="30,1000,0" yaku="19,1" doraHai="14" who="0" fromWho="1" sc="230,10,290,-10,240,0,240,0" /><INIT seed="2,0,0,3,4,18" ten="240,280,240,240" oya="2" hai0="124,49,64,8,23,63,68,9,97,83,22,36,73" hai1="101,40,52,1,103,29,133,44,6,78,56,51,53" hai2="21,80,93,118,125,110,43,10,130,12,55,74,26" hai3="122,24,85,106,77,96,134,48,81,50,128,65,98"/><V71/><F118/><W88/><G122/><T61/><D36/><U117/><E117/><V62/><F71/><W32/><G128/><T33/><D33/><U91/><E133/><V34/><F130/><W11/><G134/><T119/><D119/><U47/><E78/><V46/><F34/><W41/><G106/><T60/><D64/><U89/><E1/><V59/><F74/><W132/><G132/><T100/><D68/><U121/><E6/><N who="2" m="3159" /><F125/><W104/><G104/><T135/><D135/><U30/><E121/><V69/><F69/><W115/><G115/><T113/><D113/><U109/><E109/><V123/><F123/><W20/><G32/><T31/><D31/><N who="1" m="11787" /><E40/><V111/><F80/><W102/><G65/><T114/><D114/><U116/><E116/><V3/><F93/><N who="3" m="56359" /><G11/><N who="0" m="4171" /><D83/><U25/><E25/><V120/><F120/><W108/><G108/><N who="2" m="41513" /><F3/><W16/><G41/><T127/><D73/><U4/><E4/><V95/><F95/><N who="3" m="58719" /><G50/><T84/><D49/><N who="1" m="30735" /><E44/><V94/><F94/><W58/><G48/><T28/><D97/><U37/><E37/><N who="2" m="21871" /><F26/><W67/><G67/><T105/><D100/><AGARI ba="0,0" hai="47,51,53,89,91,100,101,103" m="30735,11787" machi="100" ten="30,2000,0" yaku="8,1,54,1" doraHai="18" who="1" fromWho="0" sc="240,-20,280,20,240,0,240,0" /><INIT seed="3,0,0,1,3,128" ten="220,300,240,240" oya="3" hai0="17,116,5,99,126,123,45,74,129,27,87,26,79" hai1="83,24,54,69,119,105,127,8,131,14,42,108,13" hai2="95,60,120,52,97,68,56,48,23,19,107,124,16" hai3="103,85,86,110,88,22,70,89,98,25,10,21,121"/><W44/><G70/><T58/><D74/><U75/><E69/><V78/><F107/><W72/><G72/><T33/><D123/><U1/><E108/><V96/><F120/><W135/><G121/><T133/><D116/><U66/><E131/><V111/><F111/><W114/><G114/><T117/><D129/><U28/><E127/><V47/><F124/><W118/><G118/><T0/><D126/><U125/><E125/><V91/><F68/><W101/><G110/><T2/><D117/><U59/><E119/><V90/><F78/><W57/><G135/><T115/><D99/><N who="2" m="37962" /><F95/><N who="3" m="54671" /><G98/><T9/><D45/><U132/><E132/><V37/><F37/><W31/><G44/><T109/><D133/><U67/><E105/><V77/><F77/><W84/><G21/><N who="0" m="13615" /><D58/><U18/><E42/><N who="2" m="24695" /><F19/><W100/><G89/><T63/><D109/><U104/><E104/><V81/><F81/><W50/><G10/><T65/><D87/><U51/><E1/><V20/><F20/><W4/><G4/><T113/><D79/><U39/><E39/><V92/><F92/><W93/><G93/><T130/><D130/><U29/><E75/><V49/><F49/><W55/><AGARI ba="0,0" hai="22,25,31,50,55,57,84,86,100,101,103" m="54671" machi="55" ten="30,3000,0" yaku="8,1,54,1" doraHai="128" who="3" fromWho="3" sc="220,-10,300,-10,240,-10,240,30" /><INIT seed="3,1,0,1,0,18" ten="210,290,230,270" oya="3" hai0="104,78,22,133,56,99,70,90,113,44,29,94,83" hai1="93,92,3,7,101,42,74,24,47,30,21,121,14" hai2="72,111,32,130,63,49,82,108,98,37,77,106,40" hai3="27,115,34,1,127,64,20,50,28,119,71,103,26"/><W75/><G1/><T19/><D70/><U57/><E121/><V66/><F32/><W10/><G75/><T9/><D133/><U81/><E3/><V110/><F49/><W59/><G119/><T23/><D104/><U13/><E57/><N who="2" m="37231" /><F106/><W12/><G115/><T73/><D56/><U91/><E101/><V2/><F2/><W0/><G0/><T16/><D9/><N who="1" m="4287" /><E74/><V53/><F98/><W123/><G123/><T120/><D120/><U107/><E107/><V118/><F118/><W112/><G71/><T84/><D113/><U31/><E14/><V129/><F53/><W114/><G103/><T65/><D65/><U126/><E126/><V55/><F55/><W11/><G127/><T61/><D61/><U97/><E31/><V86/><F72/><W41/><G64/><T100/><D29/><U39/><E39/><V128/><F37/><W134/><G134/><T116/><D116/><U132/><E132/><V17/><F17/><N who="0" m="6730" /><D44/><U124/><E124/><V69/><F69/><W85/><G59/><T125/><D125/><U117/><E117/><V122/><F122/><W79/><G41/><AGARI ba="1,0" hai="40,41,77,82,86,108,110,111,128,129,130" m="37231" machi="41" ten="40,2600,0" yaku="14,1,19,1" doraHai="18" who="2" fromWho="3" sc="210,0,290,0,230,29,270,-29" /><INIT seed="4,0,0,2,0,36" ten="210,290,259,241" oya="0" hai0="3,117,60,51,50,19,17,9,26,104,22,132,126" hai1="116,47,0,11,125,20,94,52,134,62,73,97,87" hai2="78,119,25,15,120,111,109,31,96,12,7,101,63" hai3="72,83,95,107,54,16,48,105,100,46,80,82,28"/><T49/><D104/><U69/><E116/><V30/><F120/><W27/><G72/><T99/><D117/><U29/><E73/><V34/><F119/><W86/><G16/><N who="0" m="12615" /><D3/><U128/><E128/><V42/><F78/><W18/><G18/><N who="0" m="6667" /><D132/><U57/><E134/><V98/><F111/><W66/><G66/><T81/><D126/><U77/><E125/><V103/><F109/><W84/><G105/><T89/><D60/><U121/><E121/><V13/><F63/><W59/><G107/><T21/><D21/><U67/><E0/><V6/><F42/><W102/><G59/><T65/><D65/><U122/><E122/><V90/><F90/><W43/><G54/><T58/><D58/><U123/><E123/><V110/><F110/><W2/><G2/><T23/><D23/><U33/><E33/><V45/><F45/><W10/><G10/><T44/><D9/><U74/><E74/><V71/><F71/><W32/><REACH who="3" step="1"/><G95/><REACH who="3" ten="210,290,259,231" step="2"/><N who="0" m="56815" /><D81/><N who="1" m="47535" /><E11/><V135/><F135/><W127/><G127/><T113/><D113/><U75/><E75/><V14/><N who="2" m="3584" /><DORA hai="64" /><V130/><F130/><W35/><G35/><T112/><D112/><U61/><E69/><V88/><F34/><W5/><G5/><N who="2" m="1545" /><F25/><W24/><G24/><T129/><D129/><U70/><E70/><V39/><F30/><W115/><G115/><T68/><D68/><U114/><E114/><V1/><F31/><W40/><G40/><AGARI ba="0,1" hai="40,44,49,50,51" m="56815,6667,12615" machi="40" ten="30,5800,0" yaku="8,1,52,1,54,1" doraHai="36,64" who="0" fromWho="3" sc="210,68,290,0,259,0,231,-58" /><INIT seed="4,1,0,5,1,44" ten="278,290,259,173" oya="0" hai0="85,72,59,132,130,103,10,93,84,110,40,86,43" hai1="92,76,45,21,73,74,60,97,88,20,111,118,124" hai2="120,61,46,94,113,17,52,102,128,66,51,11,30" hai3="4,108,80,64,12,82,126,99,123,49,70,134,114"/><T69/><D69/><U96/><E118/><V106/><F113/><W135/><G108/><T95/><D72/><U50/><E111/><V9/><F120/><W107/><G123/><T62/><D110/><U58/><E124/><V116/><F106/><W112/><G70/><T35/><D35/><U109/><E109/><V100/><F116/><W34/><G34/><T121/><D121/><U26/><E74/><V101/><F30/><W115/><G64/><T129/><D10/><N who="2" m="3594" /><F128/><N who="0" m="49258" /><D132/><N who="3" m="50729" /><G4/><T122/><D122/><U131/><E131/><V53/><F17/><W81/><G12/><T38/><D38/><U77/><E73/><V78/><F78/><N who="1" m="30313" /><E97/><N who="2" m="59447" /><F66/><W1/><G1/><T24/><D24/><U6/><E6/><V23/><F23/><N who="1" m="8777" /><E26/><V104/><F104/><W2/><G2/><T71/><D71/><U32/><E32/><V22/><F22/><W29/><G29/><T56/><D103/><N who="2" m="39434" /><F61/><W67/><G67/><T48/><D95/><U41/><E60/><V87/><F87/><W105/><G126/><T31/><D93/><U90/><E90/><V89/><F89/><W68/><G68/><T19/><D31/><U14/><E14/><V65/><F65/><W54/><G99/><T13/><D13/><U0/><E0/><V33/><F33/><W18/><G18/><T28/><D19/><U91/><E91/><V98/><F98/><W25/><G25/><T42/><D28/><U36/><E36/><V7/><F7/><W63/><G63/><T119/><D119/><U127/><E127/><V57/><F57/><AGARI ba="1,0" hai="49,54,57,80,81,82,105,107,112,114,115" m="50729" machi="57" ten="40,5200,0" yaku="15,1,20,1,52,1" doraHai="44" who="3" fromWho="2" sc="278,0,290,0,259,-55,173,55" /><AGARI ba="1,0" hai="41,45,50,57,58,88,92,96" m="8777,30313" machi="57" ten="30,3900,0" yaku="8,1,52,1,54,1" doraHai="44" who="1" fromWho="2" sc="278,0,290,39,204,-39,228,0" owari="278,8.0,329,42.0,165,-33.0,228,-17.0" /></mjloggm>