<mjloggm ver="2.3"><GO type="169" lobby="0"/><UN n0="%79%6F%6A%6F" n1="%E4%B8%AD%E6%9D%91%E8%B1%AA" n2="%E5%B0%B1%E6%B4%BB%E7%94%9F%40%E5%B7%9D%E6%9D%91%E8%BB%8D%E5%9B%A3" n3="%46%75%6B%61%74%73%75%72" dan="16,17,16,16" rate="2147.35,2159.99,2119.49,2111.51" sx="F,M,M,M"/><TAIKYOKU oya="0"/><INIT seed="0,0,0,4,5,91" ten="250,250,250,250" oya="0" hai0="39,10,32,85,74,16,7,124,110,100,112,121,44" hai1="131,57,13,17,117,116,69,11,71,94,86,83,58" hai2="75,33,25,107,26,6,130,105,66,77,36,18,43" hai3="47,54,109,3,67,0,15,12,51,1,119,84,27"/><T50/><D121/><U38/><E38/><V78/><F130/><W30/><G119/><T37/><D112/><U46/><E131/><V123/><F123/><W95/><G109/><T56/><D74/><U135/><E135/><V103/><F66/><W14/><G67/><T61/><D32/><U106/><E106/><V55/><F6/><W52/><G84/><T63/><D63/><U76/><E46/><V82/><F77/><W4/><G95/><T19/><D124/><U115/><E115/><V114/><F43/><W23/><REACH who="3" step="1"/><G54/><REACH who="3" ten="250,250,250,240" step="2"/><T28/><D85/><U98/><E117/><V81/><F55/><W134/><G134/><T96/><D110/><U101/><REACH who="1" step="1"/><E116/><REACH who="1" ten="250,240,250,240" step="2"/><V126/><F107/><W102/><G102/><T62/><D100/><U31/><E31/><V35/><F103/><W127/><G127/><T132/><D28/><U104/><E104/><V92/><F105/><W5/><AGARI ba="0,2" hai="0,1,3,4,5,12,14,15,23,27,30,47,51,52" machi="5" ten="40,5200,0" yaku="1,1,0,1,54,1,53,0" doraHai="91" doraHaiUra="59" who="3" fromWho="3" sc="250,-26,240,-13,250,-13,240,72" /><INIT seed="1,0,0,1,5,10" ten="224,227,237,312" oya="1" hai0="61,80,62,70,57,14,16,18,48,79,120,6,33" hai1="17,11,53,101,128,90,64,58,97,65,63,133,2" hai2="112,0,5,88,13,113,66,106,42,54,50,69,104" hai3="27,24,130,85,3,124,87,12,1,34,32,103,86"/><U102/><E128/><V109/><F0/><N who="3" m="75" /><G103/><N who="1" m="39434" /><E2/><V98/><F109/><W81/><G81/><T26/><D120/><U21/><E11/><N who="2" m="4335" /><F42/><W116/><G130/><T55/><D6/><U105/><E105/><V132/><F66/><W36/><G12/><T96/><D96/><U118/><E133/><V92/><F69/><W4/><G4/><T126/><D126/><U45/><E45/><N who="2" m="27983" /><F132/><W100/><G100/><T107/><D107/><U29/><E29/><V19/><F19/><W78/><G78/><T84/><D70/><U122/><E122/><V89/><F89/><W22/><G22/><N who="0" m="13655" /><D33/><N who="3" m="12905" /><G36/><T39/><D39/><U47/><E47/><V119/><F119/><W77/><G77/><T44/><D44/><U31/><E31/><V9/><F9/><AGARI ba="0,0" hai="9,14,16,48,55,57,61,62,79,80,84" m="13655" machi="9" ten="30,3900,0" yaku="8,1,52,1,54,1" doraHai="10" who="0" fromWho="2" sc="224,39,227,0,237,-39,312,0" /><INIT seed="2,0,0,3,3,73" ten="263,227,198,312" oya="2" hai0="45,4,50,96,133,35,135,84,17,29,52,18,56" hai1="127,72,103,10,81,91,122,30,101,47,57,61,97" hai2="6,77,21,118,3,105,54,24,58,13,123,43,16" hai3="98,125,7,44,41,38,78,88,117,85,106,33,49"/><V115/><F123/><W93/><G117/><T89/><D96/><U55/><E127/><V87/><F118/><W134/><G33/><T82/><D4/><U25/><E122/><V14/><F105/><W129/><G134/><N who="0" m="51211" /><D35/><U26/><E10/><N who="2" m="4311" /><F3/><W102/><G129/><T59/><D29/><U62/><E62/><N who="2" m="36183" /><F115/><W71/><G71/><T128/><D128/><U22/><E25/><V116/><F116/><W48/><G125/><T40/><D59/><U74/><E47/><V114/><F114/><W109/><G109/><T131/><D131/><U130/><E130/><V67/><F67/><W132/><G132/><T94/><D94/><U39/><E39/><AGARI ba="0,0" hai="17,18,39,40,45,50,52,56,82,84,89" m="51211" machi="39" ten="30,2000,0" yaku="20,1,54,1" doraHai="73" who="0" fromWho="1" sc="263,20,227,-20,198,0,312,0" /><INIT seed="3,0,0,5,2,118" ten="283,207,198,312" oya="3" hai0="19,84,116,123,135,126,48,0,133,115,24,46,130" hai1="85,96,81,17,63,56,44,66,50,97,51,22,31" hai2="52,58,78,89,27,69,25,121,104,134,64,13,105" hai3="35,42,47,131,49,117,14,23,45,83,1,124,43"/><W68/><G35/><T110/><D84/><U119/><E31/><V54/><F78/><W55/><G1/><T132/><D116/><U120/><E119/><V11/><F69/><W38/><G68/><T93/><D0/><U9/><E120/><V100/><F64/><W4/><G117/><T6/><D6/><U95/><E9/><V71/><F71/><W2/><G2/><T53/><D110/><U128/><E128/><V80/><F134/><W94/><G83/><T21/><D130/><U37/><E37/><V60/><F121/><W87/><G131/><T125/><D123/><U91/><E44/><V28/><F100/><W77/><G124/><N who="0" m="47723" /><D93/><U39/><E39/><V10/><F10/><W88/><G77/><T34/><D34/><U40/><E40/><V76/><F89/><W108/><G108/><T30/><D30/><U62/><E62/><V36/><F36/><W20/><G55/><T67/><D67/><U112/><E112/><AGARI ba="0,0" hai="19,21,24,46,48,53,112,115,132,133,135" m="47723" machi="112" ten="40,2600,0" yaku="20,1,18,1" doraHai="118" who="0" fromWho="1" sc="283,26,207,-26,198,0,312,0" /><INIT seed="4,0,0,4,5,124" ten="309,181,198,312" oya="0" hai0="61,86,57,13,41,125,27,3,81,114,67,19,31" hai1="38,102,71,69,22,104,9,84,33,74,56,0,5" hai2="103,108,135,80,94,46,29,105,2,88,60,7,85" hai3="110,39,10,95,20,15,55,16,37,12,119,111,83"/><T66/><D3/><U42/><E33/><V133/><F108/><W50/><G119/><T107/><D107/><U64/><E84/><V54/><F29/><W132/><G132/><N who="2" m="50761" /><F2/><W73/><G39/><T113/><D41/><U126/><E126/><V63/><F7/><W52/><G37/><T118/><D118/><U25/><E74/><V21/><F105/><W35/><G35/><T36/><D36/><U24/><E24/><V75/><F21/><W51/><G95/><T65/><D125/><U17/><E42/><V112/><F112/><N who="0" m="43114" /><D27/><U82/><E38/><V48/><F103/><W59/><G83/><T128/><D31/><U92/><E104/><V101/><F101/><W89/><G89/><N who="0" m="51407" /><D128/><U87/><E102/><V90/><F75/><W11/><G73/><T32/><D32/><U91/><REACH who="1" step="1"/><E92/><REACH who="1" ten="309,171,198,312" step="2"/><V122/><F122/><W100/><G100/><T129/><D129/><U4/><E4/><V134/><F134/><W115/><G115/><T77/><D77/><U79/><E79/><V96/><AGARI ba="0,1" hai="46,48,54,60,63,80,85,88,90,94,96" m="50761" machi="96" ten="30,2000,0" yaku="20,1,54,1" doraHai="124" who="2" fromWho="2" sc="309,-10,171,-5,198,30,312,-5" /><INIT seed="5,0,0,2,0,19" ten="299,166,228,307" oya="1" hai0="8,73,57,74,81,10,43,90,104,94,122,118,97" hai1="121,58,116,49,107,16,6,63,20,23,127,11,47" hai2="120,71,51,66,28,22,135,36,108,3,24,100,48" hai3="85,119,61,56,30,92,29,53,52,54,105,106,89"/><U37/><E107/><V26/><F108/><W34/><G119/><T32/><D32/><U78/><E37/><V114/><F36/><W55/><G34/><T50/><D118/><U126/><E121/><V125/><F3/><W64/><G106/><T62/><D122/><U101/><E101/><V98/><F120/><W112/><G105/><T130/><D130/><U1/><E116/><V42/><F125/><N who="1" m="47625" /><E78/><V33/><F135/><W95/><G112/><T38/><D38/><U31/><E31/><V124/><F124/><W69/><REACH who="3" step="1"/><G95/><REACH who="3" ten="299,166,228,297" step="2"/><T115/><D104/><U86/><E86/><V35/><F114/><W46/><G46/><T88/><D94/><U133/><E133/><V87/><F87/><W131/><G131/><T2/><D115/><U67/><E16/><V4/><F35/><W113/><G113/><T96/><D74/><U102/><E102/><V5/><F100/><W128/><G128/><T99/><D73/><U39/><E39/><V15/><F33/><W110/><G110/><T72/><D72/><U45/><E45/><V84/><F84/><W12/><G12/><T82/><D2/><U123/><E123/><V13/><F28/><W27/><G27/><T117/><D117/><U40/><AGARI ba="0,1" hai="1,6,11,20,23,40,47,49,58,63,67" m="47625" machi="40" ten="30,6000,0" yaku="18,1,52,2" doraHai="19" who="1" fromWho="1" sc="299,-20,166,70,228,-20,297,-20" /><INIT seed="5,1,0,4,3,80" ten="279,236,208,277" oya="1" hai0="34,7,60,102,76,33,93,1,79,13,125,90,71" hai1="0,26,61,51,82,44,101,104,109,22,48,118,113" hai2="37,53,41,38,68,57,127,72,65,12,77,129,58" hai3="135,73,42,14,47,18,24,83,115,15,74,110,89"/><U49/><E0/><V55/><F72/><W121/><G110/><T96/><D1/><U134/><E118/><V108/><F77/><W126/><G135/><T116/><D116/><U81/><E113/><V27/><F27/><W36/><G126/><T86/><D125/><U54/><E134/><V94/><F94/><W9/><G121/><T84/><D34/><U31/><E109/><V45/><F12/><W131/><G131/><T50/><D33/><U29/><E29/><V2/><F2/><W103/><G103/><T123/><D123/><U95/><E104/><V32/><F32/><W11/><G115/><T122/><D122/><U100/><E44/><N who="2" m="23599" /><F108/><W16/><G24/><T67/><D50/><U59/><REACH who="1" step="1"/><E100/><REACH who="1" ten="279,226,208,277" step="2"/><V5/><F127/><W52/><G47/><T64/><D102/><U39/><E39/><V69/><F129/><W30/><G30/><T117/><D117/><U56/><E56/><N who="2" m="21611" /><F5/><W91/><G36/><T28/><D28/><U63/><E63/><N who="2" m="39999" /><F69/><W66/><G18/><T78/><D71/><U23/><E23/><V99/><F99/><AGARI ba="1,1" hai="22,26,31,48,49,51,54,59,61,81,82,95,99,101" machi="99" ten="40,7700,0" yaku="1,1,8,1,53,1" doraHai="80" doraHaiUra="92" who="1" fromWho="2" sc="279,0,226,90,208,-80,277,0" /><INIT seed="5,2,0,4,4,94" ten="279,316,128,277" oya="1" hai0="92,65,14,48,79,76,62,119,116,80,6,29,42" hai1="95,52,91,41,131,69,75,118,23,89,71,54,135" hai2="34,10,49,31,18,11,130,110,60,113,124,74,63" hai3="93,4,117,59,128,3,55,127,106,13,125,40,68"/><U61/><E75/><V126/><F110/><W111/><G68/><T84/><D29/><U120/><E120/><V50/><F74/><W133/><G106/><T72/><D79/><U8/><E118/><V98/><F34/><W32/><G3/><T58/><D72/><U24/><E41/><V102/><F31/><W88/><G32/><T35/><D35/><U67/><E71/><V123/><F123/><W57/><G40/><T114/><D92/><U0/><E131/><V5/><F130/><W39/><G39/><T43/><D43/><U86/><E135/><V51/><F18/><W30/><G30/><T99/><D99/><U87/><E8/><V90/><F90/><W46/><G133/><T81/><D81/><U19/><E0/><V109/><F109/><W53/><G128/><T105/><D105/><U7/><E7/><V64/><F113/><W38/><G38/><T83/><D83/><AGARI ba="2,0" hai="19,23,24,52,54,61,67,69,83,86,87,89,91,95" machi="83" ten="30,2900,0" yaku="7,1,54,1" doraHai="94" who="1" fromWho="0" sc="279,-35,316,35,128,0,277,0" /><INIT seed="5,3,0,1,4,91" ten="244,351,128,277" oya="1" hai0="84,59,110,2,22,57,93,92,51,14,43,95,123" hai1="42,120,53,81,128,118,130,78,66,58,89,121,7" hai2="79,90,99,102,98,117,52,71,0,122,16,74,135" hai3="29,67,10,77,75,8,48,131,33,62,60,101,55"/><U97/><E66/><V65/><F0/><W49/><G131/><N who="1" m="50218" /><E42/><V80/><F122/><W30/><G33/><T96/><D2/><U108/><E7/><V19/><F117/><W35/><G35/><T50/><D110/><U70/><E70/><V114/><F135/><W107/><G101/><T87/><D123/><U12/><E12/><V47/><F114/><W44/><G107/><T5/><D96/><U38/><E38/><V105/><F71/><W41/><G75/><T37/><D37/><U126/><E118/><V40/><F65/><W23/><G77/><T111/><D111/><U13/><E13/><V104/><F40/><W28/><G23/><T24/><D43/><U72/><E126/><V83/><F83/><W15/><G67/><T31/><D57/><U86/><E97/><V119/><F119/><W63/><REACH who="3" step="1"/><G15/><REACH who="3" ten="244,351,128,267" step="2"/><T112/><D112/><U18/><E108/><V69/><F69/><W94/><G94/><T115/><D115/><U21/><E78/><V26/><F26/><W85/><G85/><N who="0" m="32843" /><D59/><AGARI ba="3,1" hai="8,10,28,29,30,41,44,48,49,55,59,60,62,63" machi="59" ten="40,2600,0" yaku="1,1,8,1,53,0" doraHai="91" doraHaiUra="73" who="3" fromWho="0" sc="244,-35,351,0,128,0,267,45" /><INIT seed="6,0,0,0,3,111" ten="209,351,128,312" oya="2" hai0="79,120,70,58,11,44,68,30,17,131,59,10,86" hai1="80,36,124,12,50,34,14,39,135,87,54,92,43" hai2="26,64,91,101,4,37,75,66,132,95,114,72,60" hai3="42,46,127,28,5,9,105,27,110,116,134,107,33"/><V55/><F37/><N who="3" m="21839" /><G110/><T24/><D131/><U57/><E34/><V93/><F4/><W65/><G65/><T119/><D119/><U74/><E74/><V51/><F132/><W89/><G89/><T96/><D120/><U94/><E124/><V97/><F26/><W20/><G127/><T118/><D44/><N who="1" m="25887" /><E36/><V21/><F21/><W38/><G38/><T109/><D86/><U23/><E39/><V35/><F35/><W25/><G25/><T49/><D17/><N who="1" m="10663" /><E14/><V32/><F32/><W115/><G20/><T15/><D15/><U81/><E81/><V100/><F100/><W129/><G129/><T18/><D18/><U122/><E122/><V45/><F66/><W82/><G82/><T121/><D121/><U83/><E83/><V53/><F53/><W113/><G116/><T76/><D24/><U102/><E102/><V108/><F108/><W69/><G69/><T40/><D68/><U7/><E7/><V128/><F128/><W112/><G134/><T29/><D70/><U61/><E135/><V19/><F19/><W13/><AGARI ba="0,0" hai="5,9,13,27,28,33,105,107,112,113,115" m="21839" machi="13" ten="30,8000,1" yaku="15,1,11,1,52,3" doraHai="111" who="3" fromWho="3" sc="209,-20,351,-20,128,-40,312,80" /><INIT seed="7,0,0,4,3,63" ten="189,331,88,392" oya="3" hai0="42,120,107,88,94,66,55,41,101,122,19,30,52" hai1="83,16,51,61,92,116,25,67,36,29,68,65,82" hai2="5,58,100,80,39,11,43,123,103,14,45,9,134" hai3="59,37,49,2,15,0,33,50,89,125,3,104,90"/><W91/><G104/><T112/><D30/><U6/><E36/><V96/><F134/><W130/><G33/><T99/><D19/><U12/><E6/><V17/><F123/><W86/><G37/><T79/><D112/><U34/><E116/><V7/><F58/><W20/><G130/><T38/><D66/><U31/><E31/><V115/><F115/><W109/><G125/><T81/><D41/><U93/><E65/><V44/><F96/><W53/><G109/><T56/><D42/><U73/><E51/><V113/><F113/><W71/><G71/><T60/><D55/><U129/><E129/><V106/><F106/><W22/><G50/><T127/><D38/><U62/><E62/><V105/><F105/><W21/><G15/><T87/><D127/><U121/><E121/><V77/><F45/><W95/><AGARI ba="0,0" hai="0,2,3,20,21,22,49,53,59,86,89,90,91,95" machi="95" ten="40,2100,0" yaku="0,1" doraHai="63" who="3" fromWho="3" sc="189,-7,331,-7,88,-7,392,21" owari="182,-22.0,324,12.0,81,-42.0,413,52.0" /></mjloggm>