<mjloggm ver="2.3"><GO type="105" lobby="0"/><UN n0="%E3%82%A6%E3%82%A7%E3%83%AB%E3%82%AB%E3%83%A0%E3%81%AE%E3%81%B3%E5%A4%AA" n1="%E3%81%93%E3%83%BC%E3%82%81%E3%83%BC%E3%81%95%E3%82%93%32%E5%8F%B7" n2="%E6%96%B0%E6%BD%9F%E7%9C%8C%E6%B0%91" n3="%E5%B0%B1%E6%B4%BB%E7%94%9F%40%E5%B7%9D%E6%9D%91%E8%BB%8D%E5%9B%A3" dan="15,13,14,15" rate="1958.29,1850.71,1932.89,1975.62" sx="M,M,M,M"/><TAIKYOKU oya="0"/><INIT seed="0,0,0,1,1,78" ten="250,250,250,250" oya="0" hai0="24,90,131,25,105,0,92,29,6,107,52,117,97" hai1="123,8,96,98,77,32,120,122,114,37,50,95,13" hai2="30,91,33,41,2,134,57,20,56,102,21,93,72" hai3="35,94,106,130,111,81,121,108,86,103,60,46,80"/><T74/><D74/><U1/><E32/><V34/><F72/><W3/><G3/><T101/><D117/><U26/><E37/><V129/><F33/><W12/><G35/><T82/><D131/><U84/><E1/><V44/><F134/><W16/><G121/><T9/><D25/><U14/><E114/><V83/><F129/><W65/><G130/><T100/><D100/><U61/><E26/><V63/><F102/><W89/><G106/><T4/><D4/><U55/><E61/><V115/><F2/><W23/><G46/><T22/><REACH who="0" step="1"/><D52/><REACH who="0" ten="240,250,250,250" step="2"/><U76/><E122/><V18/><F115/><W132/><G132/><T42/><D42/><U70/><E120/><V75/><F41/><W19/><G103/><T10/><D10/><U69/><E123/><V47/><F75/><W85/><G19/><T87/><AGARI ba="0,1" hai="0,6,9,22,24,29,82,87,90,92,97,101,105,107" machi="87" ten="30,11700,0" yaku="1,1,0,1,52,1,53,1" doraHai="78" doraHaiUra="7" who="0" fromWho="0" sc="240,127,250,-39,250,-39,250,-39" /><INIT seed="0,1,0,5,5,110" ten="367,211,211,211" oya="0" hai0="98,17,59,129,6,20,131,2,65,121,96,68,118" hai1="29,103,130,57,44,42,112,69,70,24,31,52,83" hai2="8,51,0,95,35,99,64,126,122,81,16,54,71" hai3="97,86,61,21,85,4,90,113,128,78,53,5,1"/><T115/><D68/><U72/><E103/><V47/><F126/><W27/><G128/><N who="0" m="49227" /><D118/><U73/><E130/><V48/><F122/><W120/><G120/><T18/><D6/><U135/><E135/><V55/><F35/><W7/><G1/><T76/><D76/><U111/><E73/><V132/><F132/><W9/><G9/><T93/><D2/><U26/><E72/><V11/><F81/><W36/><G36/><T102/><D121/><U125/><E83/><V39/><F39/><W13/><G13/><T25/><D18/><U10/><E42/><V19/><F64/><W108/><G108/><T127/><D127/><U91/><E44/><N who="2" m="27911" /><F0/><W60/><G78/><T45/><D45/><U105/><E105/><V12/><F19/><W33/><G33/><T34/><D34/><U28/><E10/><N who="2" m="6167" /><F71/><W92/><G113/><T94/><D65/><U15/><E15/><V84/><F84/><N who="3" m="32363" /><G53/><T41/><D41/><U40/><E40/><V87/><F87/><W14/><G14/><T30/><D17/><AGARI ba="1,0" hai="4,5,7,17,21,27,60,61,90,92,97" m="32363" machi="17" ten="30,1000,0" yaku="8,1" doraHai="110" who="3" fromWho="0" sc="367,-13,211,0,211,0,211,13" /><INIT seed="1,0,0,3,1,78" ten="354,211,211,224" oya="1" hai0="16,69,88,70,79,132,4,17,18,53,123,72,67" hai1="130,89,120,38,63,51,112,20,133,129,62,36,11" hai2="5,114,37,107,35,108,85,125,46,32,84,42,68" hai3="29,75,111,10,55,33,86,8,31,105,121,92,7"/><U134/><E11/><V59/><F68/><W15/><G105/><T2/><D132/><N who="1" m="50795" /><E20/><V39/><F107/><W109/><G75/><T65/><D4/><U71/><E120/><V83/><F85/><W52/><G121/><T96/><D2/><U54/><E89/><V58/><F108/><N who="3" m="41547" /><G10/><T101/><D69/><U60/><E71/><V24/><F125/><W122/><G122/><T66/><D70/><U22/><E22/><V40/><F114/><W0/><G0/><T104/><D123/><U106/><E106/><V135/><F135/><W82/><G92/><T74/><D79/><U45/><E112/><V117/><F117/><W87/><G87/><T128/><D128/><AGARI ba="0,0" hai="36,38,45,51,54,60,62,63,128,129,130" m="50795" machi="128" ten="40,12000,1" yaku="19,1,20,1,34,2" doraHai="78" who="1" fromWho="0" sc="354,-120,211,120,211,0,224,0" /><INIT seed="1,1,0,0,2,113" ten="234,331,211,224" oya="1" hai0="42,15,117,30,90,25,57,78,106,114,84,122,67" hai1="41,49,58,125,14,65,18,135,54,87,8,118,98" hai2="9,130,35,63,97,4,88,27,20,133,10,103,28" hai3="34,43,44,111,60,69,51,75,40,128,37,68,81"/><U109/><E125/><V36/><F36/><W134/><G34/><T102/><D106/><U29/><E135/><V93/><F133/><W1/><G1/><T50/><D102/><U89/><E29/><V115/><F130/><W0/><G0/><T26/><D114/><U52/><E118/><V101/><F115/><W94/><G75/><T95/><D15/><U5/><E98/><V66/><F35/><W123/><G81/><T61/><D122/><U33/><E33/><V17/><F28/><W83/><G83/><N who="0" m="47223" /><D117/><U73/><E73/><V124/><F124/><W23/><G23/><T92/><D30/><U127/><E109/><V82/><F82/><W100/><G111/><T11/><D11/><N who="2" m="4106" /><F4/><W108/><G108/><T46/><D95/><U129/><E129/><V120/><F120/><W80/><G128/><T45/><D46/><N who="1" m="25807" /><E5/><V126/><F126/><W53/><G123/><T79/><D79/><U110/><E110/><V32/><F32/><W55/><G134/><T31/><D31/><U19/><E19/><V71/><F103/><W48/><G80/><T107/><D107/><U104/><E104/><V76/><F76/><W2/><G2/><T119/><D119/><U13/><E13/><V21/><F21/><W77/><G77/><T59/><D59/><U24/><E24/><V99/><F101/><W112/><G112/><T56/><D56/><U38/><E38/><V74/><F74/><W131/><G131/><T105/><D105/><U70/><E70/><N who="3" m="27242" /><G37/><T39/><D39/><U3/><E3/><V85/><F99/><AGARI ba="1,0" hai="25,26,42,45,50,57,61,67,90,92,99" m="47223" machi="99" ten="30,1000,0" yaku="8,1" doraHai="113" who="0" fromWho="2" sc="234,13,331,0,211,-13,224,0" /><INIT seed="2,0,0,2,3,1" ten="247,331,198,224" oya="2" hai0="108,23,60,135,72,95,55,82,124,54,97,70,119" hai1="17,31,50,68,57,79,128,84,49,5,71,59,4" hai2="38,51,133,9,123,74,56,99,91,43,112,116,18" hai3="37,129,46,63,102,106,26,34,7,100,107,69,90"/><V10/><F112/><W40/><G129/><T3/><D3/><U25/><E128/><V0/><F133/><W89/><G7/><T132/><D108/><U58/><E68/><V24/><F116/><W20/><G102/><T81/><D124/><U104/><E71/><V96/><F74/><W53/><G106/><T48/><D119/><U39/><E39/><V12/><F123/><W94/><G34/><T111/><D111/><U36/><E36/><V118/><F38/><W64/><G107/><T66/><D23/><N who="1" m="15807" /><E104/><V14/><F24/><W42/><G42/><T130/><D130/><U85/><E17/><N who="2" m="8335" /><F0/><W126/><G126/><T109/><D109/><U80/><E85/><V52/><F118/><W110/><G110/><T125/><D125/><U73/><E73/><V98/><F43/><W22/><G22/><T117/><D117/><U15/><E15/><V35/><F35/><W113/><G113/><T101/><D72/><U45/><E50/><V105/><F105/><W30/><G100/><T2/><D2/><U16/><E16/><V11/><F11/><W6/><G94/><AGARI ba="0,0" hai="10,14,18,51,52,56,91,94,96,98,99" m="8335" machi="94" ten="30,2900,0" yaku="8,1,54,1" doraHai="1" who="2" fromWho="3" sc="247,0,331,0,198,29,224,-29" /><INIT seed="2,1,0,5,1,38" ten="247,331,227,195" oya="2" hai0="103,73,50,83,40,128,33,26,74,15,55,99,20" hai1="27,105,13,134,106,57,32,65,108,121,1,87,18" hai2="25,72,44,41,14,42,91,133,114,24,111,110,75" hai3="11,90,119,31,37,47,120,88,67,36,124,0,62"/><V126/><F114/><W129/><G120/><T52/><D33/><U84/><E1/><V131/><F44/><W127/><G119/><T97/><D128/><U117/><E134/><V135/><F131/><W51/><G129/><T79/><D73/><N who="2" m="28234" /><F91/><N who="3" m="34859" /><G31/><T100/><D15/><U23/><E121/><V93/><F14/><W5/><G62/><T71/><D71/><U112/><E112/><V98/><F93/><W69/><G69/><T59/><D100/><U12/><E117/><V34/><F98/><W70/><G70/><T4/><D4/><U56/><E106/><V130/><F34/><W118/><G67/><T58/><D40/><N who="2" m="15466" /><F126/><N who="3" m="48171" /><G118/><T3/><D3/><U61/><E105/><V89/><F89/><W10/><G10/><T86/><D74/><U17/><E32/><V46/><F46/><W8/><G8/><T60/><REACH who="0" step="1"/><D103/><REACH who="0" ten="237,331,227,195" step="2"/><U21/><E12/><V28/><F130/><W43/><AGARI ba="1,1" hai="0,5,11,36,37,43,47,51" m="48171,34859" machi="43" ten="30,4000,0" yaku="18,1,52,1,54,1" doraHai="38" who="3" fromWho="3" sc="237,-11,331,-11,227,-21,195,53" /><INIT seed="3,0,0,5,3,84" ten="226,320,206,248" oya="3" hai0="56,40,94,81,31,111,26,66,39,58,35,16,7" hai1="75,87,30,76,135,15,79,9,110,8,42,114,121" hai2="3,74,43,13,131,6,68,60,25,104,21,41,126" hai3="45,98,59,22,57,62,96,18,107,112,113,130,132"/><W106/><G132/><T20/><D7/><U27/><E121/><V17/><F74/><W97/><G130/><T71/><D111/><U23/><E110/><V83/><F131/><W105/><G45/><T73/><D39/><U14/><E75/><V91/><F3/><W95/><G95/><T82/><D40/><U122/><E114/><V117/><F126/><W125/><G125/><T64/><D71/><U28/><E42/><V92/><F83/><W33/><G33/><T90/><D66/><U12/><E122/><V11/><F104/><W55/><REACH who="3" step="1"/><G59/><REACH who="3" ten="226,320,206,238" step="2"/><T85/><D58/><U24/><E135/><V72/><F117/><W108/><G108/><T101/><D56/><U52/><E9/><V46/><F46/><W4/><G4/><T36/><D35/><U78/><E8/><V69/><F69/><W29/><G29/><T1/><D31/><U49/><E30/><V86/><REACH who="2" step="1"/><F72/><REACH who="2" ten="226,320,196,238" step="2"/><W50/><G50/><T44/><D73/><U0/><E49/><V2/><F2/><W34/><G34/><T53/><D1/><U124/><E0/><V70/><F70/><W32/><G32/><T88/><D44/><U120/><E124/><V133/><F133/><W115/><G115/><T119/><D119/><U116/><E120/><V77/><F77/><W102/><G102/><T38/><D101/><U37/><E78/><V63/><F63/><W103/><G103/><T80/><D81/><U127/><E79/><V5/><F5/><W47/><G47/><T123/><D82/><U93/><E76/><V51/><F51/><W129/><G129/><T19/><D80/><RYUUKYOKU ba="0,2" sc="226,-15,320,-15,196,15,238,15" hai2="6,11,13,17,21,25,41,43,60,68,86,91,92" hai3="18,22,55,57,62,96,97,98,105,106,107,112,113" /><INIT seed="3,1,2,4,0,72" ten="211,305,211,253" oya="3" hai0="22,101,25,130,73,76,60,40,68,16,26,93,56" hai1="116,81,120,66,126,88,24,64,47,107,51,36,98" hai2="133,54,118,79,125,35,28,44,90,4,128,27,32" hai3="8,104,43,82,41,50,94,55,114,5,87,69,46"/><W96/><G104/><T1/><D1/><U86/><E36/><V57/><F118/><W84/><G69/><T37/><D68/><U53/><E120/><V11/><F133/><W67/><G67/><T95/><D37/><U112/><E112/><V110/><F110/><W6/><G114/><T80/><D40/><N who="3" m="15433" /><G8/><T121/><D121/><U18/><E126/><V99/><F44/><W21/><G21/><T134/><D134/><U48/><E116/><V78/><F128/><W75/><G75/><T83/><D130/><U124/><E124/><V15/><F125/><W31/><G31/><T9/><D9/><U109/><E109/><V20/><F32/><W45/><G46/><T19/><D101/><U62/><E62/><N who="2" m="36151" /><F35/><W127/><G127/><T113/><D113/><U34/><E34/><V97/><F90/><N who="3" m="55383" /><G87/><N who="0" m="48519" /><D83/><U3/><E3/><V13/><F13/><W14/><G14/><N who="0" m="9495" /><D73/><U131/><E107/><V115/><F115/><W132/><G132/><T111/><D111/><U29/><E29/><V92/><F92/><N who="0" m="35402" /><D19/><U89/><E131/><V70/><F70/><W2/><G2/><T12/><D12/><U23/><E98/><AGARI ba="1,2" hai="4,11,15,20,27,28,78,79,97,98,99" m="36151" machi="98" ten="30,3900,0" yaku="8,1,52,2" doraHai="72" who="2" fromWho="1" sc="211,0,305,-42,211,62,253,0" /><INIT seed="4,0,0,2,3,29" ten="211,263,273,253" oya="0" hai0="128,84,37,129,2,73,120,99,109,132,103,133,104" hai1="95,130,89,12,15,41,13,87,69,94,51,39,38" hai2="33,45,64,40,46,65,55,86,76,102,49,75,80" hai3="72,50,62,127,9,17,23,93,32,108,3,24,98"/><T36/><D2/><U110/><E69/><V91/><F102/><W35/><G108/><T27/><D120/><U88/><E110/><V82/><REACH who="2" step="1"/><F33/><REACH who="2" ten="211,263,263,253" step="2"/><W97/><G35/><T48/><D109/><U43/><E130/><N who="0" m="50281" /><D73/><U25/><E25/><V18/><F18/><W61/><G72/><T31/><D84/><U74/><E74/><V11/><F11/><W107/><G107/><T44/><D44/><U53/><E38/><AGARI ba="0,1" hai="38,40,45,46,49,55,64,65,75,76,80,82,86,91" machi="38" ten="30,2000,0" yaku="1,1,7,1,53,0" doraHai="29" doraHaiUra="90" who="2" fromWho="1" sc="211,0,263,-20,263,30,253,0" /><INIT seed="5,0,0,1,1,37" ten="211,243,293,253" oya="1" hai0="15,135,19,92,118,122,107,49,66,85,33,61,57" hai1="13,126,17,53,133,35,55,47,28,76,120,132,91" hai2="9,46,24,32,22,43,5,125,109,104,18,105,124" hai3="52,89,86,69,87,7,31,114,130,99,108,83,2"/><U131/><E120/><V128/><F109/><W95/><G69/><T77/><D33/><U84/><E76/><V81/><F32/><W97/><G108/><T40/><D107/><U78/><E78/><V54/><F54/><W64/><G64/><T30/><D30/><U44/><E28/><V123/><F128/><W117/><G117/><T113/><D113/><U60/><E35/><V88/><F123/><W51/><G31/><T34/><D34/><U112/><E112/><V20/><F20/><W101/><G130/><T129/><D118/><U103/><E103/><V100/><F88/><W14/><G114/><T25/><D25/><U127/><E13/><N who="2" m="5295" /><F81/><W16/><G7/><T115/><D115/><U134/><E17/><V27/><F24/><W48/><G48/><T23/><D129/><U67/><E131/><V111/><F111/><W62/><G62/><T70/><D122/><U90/><E90/><V45/><F45/><N who="1" m="17481" /><E91/><V4/><F4/><W56/><G2/><T58/><D135/><U75/><E84/><V96/><F96/><W73/><G73/><T21/><D92/><U36/><E36/><N who="2" m="21863" /><F100/><W0/><G0/><T59/><D23/><U82/><E82/><V68/><F68/><W119/><G119/><T110/><D110/><U116/><E116/><V72/><F72/><W42/><G42/><T65/><D40/><U106/><E75/><V26/><F27/><W102/><G102/><T98/><D77/><U71/><E106/><V8/><F8/><N who="3" m="6215" /><G83/><T3/><D3/><U1/><E1/><V94/><F94/><AGARI ba="0,0" hai="51,52,56,86,87,89,94,95,97,99,101" m="6215" machi="94" ten="30,3900,0" yaku="8,1,54,2" doraHai="37" who="3" fromWho="2" sc="211,0,243,0,293,-39,253,39" /><INIT seed="6,0,0,2,2,106" ten="211,243,254,292" oya="2" hai0="3,107,22,126,75,53,89,101,98,37,97,103,15" hai1="8,135,120,96,119,27,23,129,31,130,114,54,112" hai2="38,127,124,82,72,42,5,58,2,52,93,85,20" hai3="57,121,34,61,88,94,36,66,43,18,104,11,80"/><V60/><F2/><W134/><G104/><T108/><D3/><U62/><E119/><V110/><F5/><W40/><G121/><T109/><D37/><U63/><E96/><V49/><F38/><W10/><G34/><T47/><D47/><U45/><E45/><N who="2" m="25783" /><F110/><N who="0" m="42602" /><D53/><U26/><E54/><V6/><F6/><W33/><G33/><T116/><D15/><U13/><E63/><V39/><F39/><W115/><G115/><N who="1" m="44074" /><E62/><V28/><F93/><W25/><G134/><T84/><D22/><N who="1" m="15831" /><E120/><V125/><F85/><N who="3" m="52495" /><G80/><N who="0" m="49287" /><D126/><U51/><E51/><V4/><F4/><W76/><G76/><T65/><D65/><U133/><E13/><V123/><F123/><W100/><G100/><T0/><D0/><U117/><E8/><N who="3" m="3114" /><G36/><T59/><D59/><U73/><E73/><V67/><F67/><W21/><AGARI ba="0,0" hai="18,21,25,40,43,57,61,66" m="3114,52495" machi="21" ten="30,2000,0" yaku="8,1,54,1" doraHai="106" who="3" fromWho="3" sc="211,-5,243,-5,254,-10,292,20" /><INIT seed="7,0,0,2,1,43" ten="206,238,244,312" oya="3" hai0="109,113,56,121,101,102,22,135,127,131,128,17,46" hai1="58,84,16,37,12,20,111,38,74,88,119,49,118" hai2="120,34,87,103,129,3,98,32,57,60,61,15,92" hai3="81,94,123,132,33,28,83,115,50,40,25,44,86"/><W23/><G123/><T42/><D121/><U41/><E74/><V134/><F120/><W47/><G115/><T59/><D109/><U66/><E66/><V10/><F3/><W13/><G132/><T1/><D1/><U96/><E96/><V110/><F134/><W99/><G86/><T14/><D135/><U85/><E85/><V126/><F110/><W18/><G47/><T67/><D127/><U100/><E100/><AGARI ba="0,0" hai="13,18,23,25,28,33,40,44,50,81,83,94,99,100" machi="100" ten="30,2900,0" yaku="7,1,52,1" doraHai="43" who="3" fromWho="1" sc="206,0,238,-29,244,0,312,29" owari="206,-29.0,209,-19.0,244,4.0,341,44.0" /></mjloggm>