<mjloggm ver="2.3"><GO type="97" lobby="0"/><UN n0="%E5%AE%87%E6%B4%A5%E4%BA%95%E5%84%AA%E4%B8%80" n1="%E5%B0%B1%E6%B4%BB%E7%94%9F%40%E5%B7%9D%E6%9D%91%E8%BB%8D%E5%9B%A3" n2="%E9%9D%92%E5%B1%B1%E5%AD%A6%E9%99%A2%EF%BC%94%E5%B9%B4" n3="%E3%83%A2%E3%83%AB%E3%82%B9%E3%82%A1%E3%83%83%E3%83%BC%EF%BC%81%EF%BC%81" dan="14,15,14,13" rate="1969.23,2019.51,1973.82,1887.45" sx="M,M,M,M"/><TAIKYOKU oya="0"/><INIT seed="0,0,0,4,3,83" ten="250,250,250,250" oya="0" hai0="5,84,110,3,133,93,65,126,94,4,1,105,41" hai1="100,104,99,127,10,6,132,70,11,128,86,71,24" hai2="92,90,27,75,15,114,123,85,125,45,130,50,35" hai3="82,23,113,80,30,39,120,2,48,117,118,56,37"/><T14/><D105/><U106/><E128/><V26/><F75/><W68/><G56/><T109/><D133/><U72/><E72/><V0/><F0/><N who="0" m="74" /><D14/><U53/><E106/><V87/><F123/><W91/><G91/><T81/><D81/><U29/><E132/><V97/><F114/><W124/><G120/><T78/><D78/><U62/><E127/><V57/><F125/><W18/><G124/><T79/><D79/><U102/><E102/><V101/><F97/><W119/><G68/><T31/><D31/><U63/><E86/><N who="2" m="52311" /><F35/><W134/><G2/><T9/><D9/><U122/><E122/><V32/><F32/><W7/><G134/><T8/><D8/><U28/><E28/><V129/><F101/><W131/><G7/><N who="0" m="2635" /><D65/><U69/><E6/><V49/><F15/><W20/><G30/><T51/><D126/><U16/><E16/><V38/><F38/><W64/><G18/><T36/><D36/><U47/><E63/><V121/><F121/><W58/><G64/><T42/><D51/><N who="2" m="19466" /><F45/><W55/><G37/><T33/><D33/><U74/><E74/><V13/><F13/><W76/><G39/><T115/><D115/><U40/><E40/><N who="0" m="15465" /><D84/><N who="2" m="32330" /><F57/><W73/><G117/><T77/><D77/><U89/><E47/><V95/><F95/><AGARI ba="0,0" hai="93,94,95,109,110" m="15465,2635,74" machi="95" ten="40,3900,0" yaku="28,2" doraHai="83" who="0" fromWho="2" sc="250,39,250,0,250,-39,250,0" /><INIT seed="0,1,0,4,3,135" ten="289,250,211,250" oya="0" hai0="129,32,96,78,6,4,110,76,82,73,26,45,46" hai1="130,123,15,72,35,119,104,52,53,54,124,50,66" hai2="125,93,57,115,97,121,86,1,31,87,111,12,112" hai3="80,0,51,91,61,25,84,120,99,101,41,118,40"/><T74/><D129/><U14/><E104/><V134/><F1/><W107/><G0/><T21/><D110/><U128/><E72/><V8/><F121/><W95/><G120/><T92/><D32/><U23/><E35/><V64/><F134/><W132/><G118/><T105/><D105/><U116/><E123/><V83/><F31/><W28/><G132/><T18/><D4/><U88/><E124/><V89/><F111/><W38/><G38/><T56/><D56/><U113/><E113/><V34/><F34/><W39/><G39/><T81/><REACH who="0" step="1"/><D6/><REACH who="0" ten="279,250,211,250" step="2"/><U68/><E119/><V62/><F115/><W5/><G5/><T60/><D60/><U94/><E116/><V98/><F112/><W2/><G2/><T7/><D7/><U27/><E130/><V131/><F131/><W67/><G51/><T59/><D59/><U22/><E128/><V63/><F63/><W117/><G117/><T43/><D43/><U16/><E68/><V90/><F125/><W58/><REACH who="3" step="1"/><G107/><REACH who="3" ten="279,250,211,240" step="2"/><T100/><AGARI ba="1,2" hai="18,21,26,45,46,73,74,76,78,81,82,92,96,100" machi="100" ten="20,7800,0" yaku="1,1,0,1,7,1,9,1,53,0" doraHai="135" doraHaiUra="102" who="0" fromWho="0" sc="279,101,250,-27,211,-27,240,-27" /><INIT seed="0,2,0,5,1,100" ten="380,223,184,213" oya="0" hai0="131,77,120,130,90,101,80,134,15,119,60,71,51" hai1="107,69,68,92,37,38,133,83,66,58,111,99,17" hai2="112,7,20,61,9,85,103,108,50,39,74,91,106" hai3="22,14,97,114,44,46,64,105,30,70,21,23,102"/><T12/><D119/><U87/><E133/><V29/><F39/><W73/><G73/><T59/><D120/><U4/><E111/><V0/><F74/><W109/><G109/><T31/><D31/><U18/><E4/><V25/><F108/><W42/><G114/><T128/><D101/><U5/><E5/><V96/><F112/><W2/><G2/><T135/><D90/><U123/><E123/><V49/><REACH who="2" step="1"/><F61/><REACH who="2" ten="380,223,174,213" step="2"/><W75/><G75/><T113/><D113/><U126/><E38/><V127/><F127/><W117/><G117/><T62/><D71/><U55/><E37/><V16/><F16/><W129/><G70/><T32/><D51/><U10/><E126/><V33/><F33/><W28/><G30/><T82/><D32/><U115/><E18/><V11/><F11/><W67/><G28/><T57/><D128/><U88/><E17/><V54/><F54/><W40/><G129/><T98/><D130/><U132/><E10/><V122/><F122/><W41/><REACH who="3" step="1"/><G14/><REACH who="3" ten="380,223,174,203" step="2"/><T86/><D131/><U72/><E69/><V35/><F35/><W52/><G52/><T47/><D12/><U93/><E68/><V56/><F56/><W110/><G110/><T43/><D15/><U24/><E58/><V3/><F3/><W53/><G53/><T27/><D57/><U125/><E55/><V6/><F6/><W124/><G124/><T36/><D59/><U1/><E125/><V65/><F65/><AGARI ba="2,2" hai="21,22,23,40,41,42,44,46,64,65,67,97,102,105" machi="65" ten="40,5200,0" yaku="1,1,52,1,53,1" doraHai="100" doraHaiUra="95" who="3" fromWho="2" sc="380,0,223,0,174,-58,203,78" /><INIT seed="1,0,0,2,2,65" ten="380,223,116,281" oya="1" hai0="31,32,74,34,100,124,6,2,117,77,84,135,58" hai1="101,5,92,46,23,70,95,114,98,85,66,87,80" hai2="68,59,8,47,127,89,107,81,1,17,50,33,102" hai3="27,104,54,49,25,134,0,72,55,126,18,83,129"/><U131/><E114/><V38/><F33/><W43/><G0/><T110/><D117/><U51/><E131/><V96/><F127/><W82/><G104/><T39/><D124/><U61/><E5/><V57/><F38/><W30/><G126/><T35/><D135/><U94/><E23/><V132/><F132/><W113/><G72/><T64/><D39/><U13/><E13/><V15/><F1/><W42/><G134/><T69/><D74/><U41/><REACH who="1" step="1"/><E87/><REACH who="1" ten="380,213,116,281" step="2"/><V71/><F81/><W36/><G129/><T123/><D123/><U88/><AGARI ba="0,1" hai="41,46,51,61,66,70,80,85,88,92,94,95,98,101" machi="88" ten="20,18000,2" yaku="1,1,2,1,0,1,7,1,52,1,54,1,53,1" doraHai="65" doraHaiUra="63" who="1" fromWho="1" sc="380,-60,213,190,116,-60,281,-60" /><INIT seed="1,1,0,3,5,37" ten="320,403,56,221" oya="1" hai0="64,14,91,23,87,96,21,126,134,121,90,115,119" hai1="45,40,33,0,82,65,31,25,57,2,28,106,86" hai2="42,92,44,116,50,123,61,67,75,52,47,60,46" hai3="30,108,125,22,20,8,78,1,81,89,62,48,124"/><U6/><E106/><V5/><F75/><N who="3" m="43231" /><G48/><T71/><D119/><U93/><E31/><V17/><F5/><N who="3" m="1071" /><G89/><T49/><D121/><U132/><E132/><V38/><F116/><W100/><G100/><T111/><D115/><U16/><E93/><V74/><F74/><W24/><G62/><N who="2" m="24169" /><F17/><W95/><G20/><T77/><D111/><U58/><E65/><V34/><F92/><W15/><G15/><T113/><D113/><U41/><E6/><V43/><F34/><N who="3" m="20807" /><G95/><T97/><D134/><U39/><E16/><V102/><F102/><W129/><G22/><T27/><D64/><U7/><E7/><V53/><F123/><W107/><G107/><T83/><D71/><U63/><E63/><V59/><F47/><W130/><G108/><T122/><D49/><U19/><E19/><V13/><F13/><W120/><G120/><T76/><D122/><U133/><E133/><V127/><F127/><AGARI ba="1,0" hai="124,125,127,129,130" m="20807,1071,43231" machi="127" ten="30,2000,0" yaku="18,1,23,1" doraHai="37" who="3" fromWho="2" sc="320,0,403,0,56,-23,221,23" /><INIT seed="2,0,0,4,2,34" ten="320,403,33,244" oya="2" hai0="95,96,49,3,80,1,89,36,126,0,85,62,5" hai1="10,107,92,131,8,39,48,86,29,117,11,46,103" hai2="52,15,16,41,113,12,27,134,37,76,91,104,120" hai3="56,26,30,108,78,77,98,74,25,19,65,72,32"/><V106/><F120/><W7/><G108/><T82/><D36/><U13/><E117/><V88/><F113/><W66/><G98/><T67/><D5/><U100/><E39/><V54/><F76/><W58/><G32/><T22/><D126/><U110/><E107/><V60/><F134/><W59/><G19/><T119/><D119/><U18/><E110/><V35/><F37/><W111/><G111/><T102/><D49/><U23/><E29/><V133/><F133/><W70/><G70/><T53/><D53/><N who="2" m="20586" /><F106/><W128/><G128/><T73/><D22/><U50/><E131/><V20/><F104/><W127/><G127/><T9/><D9/><U45/><E86/><V105/><F105/><W135/><G135/><T109/><D109/><U51/><E92/><V75/><F75/><W125/><G125/><T14/><D14/><N who="2" m="5162" /><F35/><W42/><G30/><T118/><D118/><U57/><E57/><V17/><F60/><W84/><G58/><T38/><D38/><U55/><E55/><V132/><F132/><W112/><G42/><T63/><REACH who="0" step="1"/><D67/><REACH who="0" ten="310,403,33,244" step="2"/><U40/><E40/><V6/><F6/><W129/><G7/><T101/><D101/><AGARI ba="0,1" hai="8,10,11,13,18,23,45,46,48,50,51,100,101,103" machi="101" ten="40,1300,0" yaku="8,1" doraHai="34" who="1" fromWho="0" sc="310,-13,403,23,33,0,244,0" /><INIT seed="3,0,0,3,3,81" ten="297,426,33,244" oya="3" hai0="42,117,130,91,8,40,54,65,99,59,93,25,105" hai1="50,70,114,132,24,64,73,107,104,26,83,53,3" hai2="62,116,56,106,135,5,75,111,9,74,131,60,29" hai3="43,2,19,100,10,1,82,127,37,32,48,46,88"/><W12/><G32/><T118/><D130/><U39/><E39/><V124/><F29/><W61/><G127/><T30/><D105/><U128/><E3/><V68/><F56/><W126/><G126/><T123/><D123/><U94/><E94/><V15/><F15/><W92/><G37/><T7/><D65/><U134/><E64/><V103/><F9/><W41/><G41/><T21/><D117/><U87/><E73/><V28/><F28/><W23/><G61/><T52/><D118/><U58/><E70/><V16/><F16/><W86/><G23/><T14/><REACH who="0" step="1"/><D54/><REACH who="0" ten="287,426,33,244" step="2"/><N who="1" m="32087" /><E128/><V85/><F106/><W17/><G17/><T67/><D67/><U38/><E107/><V79/><F131/><W90/><REACH who="3" step="1"/><G100/><REACH who="3" ten="287,426,33,234" step="2"/><T84/><D84/><AGARI ba="0,2" hai="1,2,10,12,19,43,46,48,82,84,86,88,90,92" machi="84" ten="30,18000,2" yaku="1,1,2,1,7,1,52,2,54,1,53,0" doraHai="81" doraHaiUra="51" who="3" fromWho="0" sc="287,-180,426,0,33,0,234,200" owari="107,-29.0,426,23.0,33,-47.0,434,53.0" /></mjloggm>