<mjloggm ver="2.3"><GO type="225" lobby="0"/><UN n0="%E2%98%86%E9%BB%84%E7%80%AC%E3%82%84%E3%82%88%E3%81%84%E2%98%86" n1="%E3%83%88%E3%83%88%E3%83%AA%E5%85%88%E7%94%9F%31%39%E6%AD%B3" n2="%E5%A4%A7%E5%AE%AE%E5%BF%8D%76" n3="%52%65%6D%65%6D%62%65%72" dan="17,18,16,16" rate="2176.54,2256.55,2151.08,2080.17" sx="M,F,M,M"/><TAIKYOKU oya="0"/><INIT seed="0,0,0,0,1,8" ten="250,250,250,250" oya="0" hai0="42,32,6,5,43,129,72,67,113,44,13,36,112" hai1="89,12,60,20,121,93,134,119,73,21,47,9,118" hai2="22,48,19,7,135,83,64,84,98,59,87,97,103" hai3="70,10,37,30,28,78,88,123,102,15,108,107,24"/><T66/><D32/><U92/><E121/><V133/><F135/><W18/><G108/><T54/><D72/><U99/><E73/><V49/><F133/><W77/><G70/><T35/><D35/><U86/><E134/><V81/><F7/><W110/><G110/><T55/><D44/><U17/><E60/><V46/><F64/><W94/><G37/><T38/><D129/><U34/><E34/><V115/><F115/><W3/><G123/><T53/><REACH who="0" step="1"/><D55/><REACH who="0" ten="240,250,250,250" step="2"/><U25/><E47/><V26/><F46/><W91/><G28/><T23/><D23/><U100/><REACH who="1" step="1"/><E21/><REACH who="1" ten="240,240,250,250" step="2"/><V101/><F22/><N who="3" m="11615" /><G30/><AGARI ba="0,2" hai="9,12,17,20,25,30,86,89,92,93,99,100,118,119" machi="30" ten="30,8000,1" yaku="1,1,7,1,52,1,53,2" doraHai="8" doraHaiUra="114" who="1" fromWho="3" sc="240,0,240,100,250,0,250,-80" /><INIT seed="1,0,0,3,3,122" ten="240,340,250,170" oya="1" hai0="90,97,63,65,8,37,13,114,118,29,43,69,67" hai1="46,64,95,88,27,40,5,89,51,28,101,42,48" hai2="96,1,78,87,3,4,71,108,24,107,133,123,103" hai3="47,39,6,60,106,126,86,116,125,62,124,50,112"/><U7/><E64/><V55/><F123/><W72/><G72/><T94/><D114/><U19/><E101/><V16/><F71/><W25/><G106/><T66/><D118/><U74/><E74/><V59/><F4/><W9/><G86/><T111/><D29/><U44/><E19/><V20/><F133/><W92/><G92/><T113/><D113/><U81/><E81/><V83/><REACH who="2" step="1"/><F108/><REACH who="2" ten="240,340,240,170" step="2"/><W35/><G124/><T128/><D111/><U15/><E7/><V36/><F36/><W119/><G39/><T11/><D37/><U52/><E5/><V41/><F41/><N who="3" m="24943" /><G112/><T61/><D69/><U135/><E135/><V21/><F21/><W130/><G130/><T49/><D128/><U80/><E40/><V73/><F73/><W75/><G75/><T76/><D8/><U132/><E132/><V18/><F18/><W98/><G35/><T91/><D11/><U54/><E42/><V84/><F84/><W117/><G6/><T12/><D43/><U10/><E10/><V56/><F56/><W30/><G9/><T93/><D76/><U109/><E109/><V134/><F134/><W26/><G98/><N who="0" m="57655" /><D49/><AGARI ba="0,1" hai="1,3,16,20,24,49,55,59,78,83,87,96,103,107" machi="49" ten="30,3900,0" yaku="1,1,7,1,54,1,53,0" doraHai="122" doraHaiUra="2" who="2" fromWho="0" sc="240,-39,340,0,240,49,170,0" /><INIT seed="2,0,0,2,4,65" ten="201,340,289,170" oya="2" hai0="32,52,135,99,120,56,51,76,81,75,82,124,96" hai1="105,125,46,114,16,90,39,48,87,58,128,59,29" hai2="104,109,2,132,116,50,108,85,6,97,107,18,79" hai3="95,53,3,47,15,38,71,20,8,14,100,101,44"/><V68/><F116/><W77/><G71/><T67/><D120/><U33/><E114/><V63/><F132/><W7/><G77/><T55/><D135/><U112/><E112/><V66/><F6/><W27/><G38/><T93/><D124/><U26/><E39/><V84/><F2/><W94/><G3/><T24/><D67/><U130/><E105/><V45/><F18/><W69/><G69/><T61/><D82/><N who="1" m="49527" /><E125/><V127/><F127/><W21/><G95/><T131/><D131/><N who="1" m="50219" /><E16/><V110/><F79/><W121/><G94/><T25/><D32/><U30/><E30/><V17/><F17/><N who="3" m="10303" /><G121/><T60/><D96/><U5/><E5/><V43/><F107/><W98/><G98/><T106/><D106/><U31/><E31/><V72/><F72/><W57/><G101/><AGARI ba="0,0" hai="43,45,50,63,66,68,84,85,97,101,104,108,109,110" machi="101" ten="40,7700,0" yaku="14,1,10,1,52,1" doraHai="65" who="2" fromWho="3" sc="201,0,340,0,289,77,170,-77" /><INIT seed="2,1,0,0,4,94" ten="201,340,366,93" oya="2" hai0="120,52,31,5,126,70,28,100,9,107,6,18,129" hai1="0,64,91,36,2,131,87,135,102,42,117,23,26" hai2="86,48,30,8,45,114,22,19,130,77,132,113,16" hai3="88,25,127,101,109,80,15,39,24,115,74,21,89"/><V98/><F130/><W96/><G109/><T57/><D120/><U92/><E117/><V65/><F65/><W60/><G39/><T83/><D70/><U99/><E131/><V32/><F32/><W61/><G127/><T111/><D111/><U55/><E135/><V75/><F75/><W20/><G115/><T33/><D126/><U85/><E85/><V17/><F132/><W119/><G119/><T40/><D40/><U81/><E64/><V90/><F114/><W1/><G1/><T51/><D83/><U78/><E55/><V58/><F58/><W44/><G44/><T7/><D33/><U53/><E53/><N who="2" m="29839" /><F113/><W123/><G123/><T73/><D73/><U112/><E112/><V69/><F69/><W47/><G47/><T79/><D79/><U68/><E68/><V41/><F41/><W76/><G15/><T56/><D129/><U124/><E124/><V50/><F50/><W34/><G34/><T97/><REACH who="0" step="1"/><D56/><REACH who="0" ten="191,340,366,93" step="2"/><U108/><E108/><V128/><F128/><W95/><G89/><T63/><D63/><U133/><E133/><V116/><F116/><W118/><G118/><T93/><D93/><U46/><E78/><V84/><F77/><W59/><G101/><T49/><D49/><U103/><E102/><V122/><F122/><W134/><G134/><T125/><D125/><U121/><E121/><V72/><F72/><W62/><REACH who="3" step="1"/><G59/><REACH who="3" ten="191,340,366,83" step="2"/><T12/><AGARI ba="1,2" hai="5,6,7,9,12,18,28,31,51,52,57,97,100,107" machi="12" ten="30,7900,0" yaku="1,1,0,1,52,1,54,1,53,0" doraHai="94" doraHaiUra="106" who="0" fromWho="0" sc="191,102,340,-21,366,-40,83,-21" /><INIT seed="3,0,0,5,5,80" ten="293,319,326,62" oya="3" hai0="106,135,110,25,46,81,23,74,120,78,107,57,7" hai1="65,20,42,12,97,115,129,19,73,99,105,116,88" hai2="38,53,59,49,125,85,39,15,55,90,63,26,101" hai3="96,9,124,60,50,118,58,108,13,122,22,111,67"/><W10/><G118/><T30/><D120/><U92/><E115/><V76/><F125/><W64/><G122/><T8/><D135/><U35/><E73/><V31/><F101/><W83/><G124/><T127/><D127/><U66/><E35/><V56/><F76/><W131/><G131/><T89/><D110/><N who="3" m="42025" /><G96/><T84/><D57/><U51/><E129/><V14/><F39/><W79/><G50/><T24/><D46/><N who="1" m="26071" /><E105/><V27/><F38/><W62/><G22/><T119/><D25/><N who="2" m="9226" /><F31/><W109/><N who="3" m="42033" /><W117/><DORA hai="33" /><G117/><T48/><D48/><U43/><E43/><V86/><F86/><N who="3" m="48511" /><G13/><T47/><D47/><U121/><E121/><V29/><F29/><W45/><G45/><T104/><D119/><U40/><E40/><V69/><F69/><AGARI ba="0,0" hai="9,10,58,60,62,64,67,69" m="48511,42033" machi="69" ten="40,7700,0" yaku="14,1,10,1,52,1" doraHai="80,33" who="3" fromWho="2" sc="293,0,319,0,326,-77,62,77" /><INIT seed="3,1,0,3,3,97" ten="293,319,249,139" oya="3" hai0="4,102,34,40,134,43,35,31,6,2,107,69,99" hai1="77,101,72,33,36,62,7,16,108,96,120,14,125" hai2="80,0,26,11,12,95,78,128,60,119,109,71,5" hai3="81,118,127,27,1,111,92,67,115,76,21,61,20"/><W121/><G118/><T15/><D134/><U13/><E120/><V124/><F119/><W93/><G121/><T104/><D104/><U25/><E36/><V106/><F106/><W112/><G1/><T130/><D130/><U105/><E108/><V45/><F128/><W74/><G127/><T100/><D100/><U94/><E125/><V113/><F109/><W132/><G111/><T22/><D69/><U66/><E7/><V41/><F113/><W117/><G117/><T114/><D35/><U53/><E53/><V42/><F124/><W122/><G122/><T46/><D114/><U24/><E14/><V98/><F26/><W59/><G132/><T131/><D46/><U110/><E110/><V39/><F42/><W103/><G21/><T85/><D85/><U88/><E33/><V44/><F44/><W68/><G68/><T52/><D131/><U32/><E32/><V28/><F28/><N who="3" m="17511" /><G93/><T65/><D34/><U57/><E77/><V23/><F23/><W10/><G10/><T87/><D2/><U84/><E72/><N who="2" m="43079" /><F12/><W19/><G19/><T38/><D15/><U47/><E47/><V9/><F9/><AGARI ba="1,0" hai="9,13,16,24,25,57,62,66,84,88,94,96,101,105" machi="9" ten="30,7700,0" yaku="7,1,52,1,54,2" doraHai="97" who="1" fromWho="2" sc="293,0,319,80,249,-80,139,0" owari="293,9.0,399,50.0,169,-23.0,139,-36.0" /></mjloggm>