<mjloggm ver="2.3"><GO type="41" lobby="0"/><UN n0="%E3%82%B8%E3%82%A7%E3%83%B3%E3%83%88" n1="%E3%82%81%E3%82%93%E3%81%B4%E3%82%93%E3%81%9F%E3%82%93" n2="%41%52%49%41%4C%4F%56%45" n3="%E5%B0%B1%E6%B4%BB%E7%94%9F%40%E5%B7%9D%E6%9D%91%E8%BB%8D%E5%9B%A3" dan="16,15,15,14" rate="2032.93,1929.60,2125.99,1998.22" sx="M,M,M,M"/><TAIKYOKU oya="0"/><INIT seed="0,0,0,5,1,53" ten="250,250,250,250" oya="0" hai0="106,32,59,28,45,134,11,3,98,52,65,42,44" hai1="27,43,63,97,108,83,58,68,92,130,96,33,135" hai2="46,121,76,67,110,38,120,37,104,105,126,127,132" hai3="29,84,77,4,95,60,1,64,82,39,71,48,16"/><T20/><D32/><U88/><E108/><V21/><F132/><W122/><G39/><N who="2" m="14857" /><F46/><W55/><G122/><N who="2" m="47209" /><F110/><W9/><G29/><T35/><D134/><U25/><E135/><V36/><N who="2" m="14865" /><V114/><DORA hai="100" /><F114/><W78/><G95/><T116/><D35/><U93/><E68/><V51/><F51/><W102/><G102/><T129/><D65/><N who="1" m="39159" /><E33/><V8/><F8/><W2/><G78/><T15/><D42/><U119/><E130/><V30/><F67/><W79/><G79/><T101/><D129/><U131/><E131/><V109/><F109/><W19/><REACH who="3" step="1"/><G1/><REACH who="3" ten="250,250,250,240" step="2"/><T133/><D3/><U57/><E93/><V41/><F76/><W17/><G17/><T14/><D133/><U66/><E92/><V117/><F117/><W56/><AGARI ba="0,1" hai="2,4,9,16,19,48,55,56,60,64,71,77,82,84" machi="56" ten="20,8000,1" yaku="1,1,0,1,7,1,52,1,54,1,53,0" doraHai="53,100" doraHaiUra="23,26" who="3" fromWho="3" sc="250,-40,250,-20,250,-20,240,90" /><INIT seed="1,0,0,5,2,9" ten="210,230,230,330" oya="1" hai0="24,49,83,80,61,32,84,127,71,72,113,34,85" hai1="102,23,44,10,93,130,45,40,3,70,26,75,66" hai2="106,123,99,64,27,131,133,12,92,98,68,79,5" hai3="47,17,125,13,14,16,29,97,81,38,119,22,118"/><U58/><E130/><V18/><F123/><W39/><G125/><T111/><D113/><U62/><E75/><V53/><F131/><W15/><G97/><T6/><D111/><U117/><E117/><N who="3" m="44554" /><G81/><T135/><D135/><U7/><E70/><V57/><F133/><W65/><G65/><T55/><D72/><U67/><E67/><V107/><F79/><W82/><G82/><T112/><D112/><U28/><REACH who="1" step="1"/><E40/><REACH who="1" ten="210,220,230,330" step="2"/><V56/><F68/><W33/><G33/><T74/><D74/><U90/><E90/><V30/><F64/><W132/><G132/><T21/><D71/><U19/><E19/><N who="3" m="7242" /><G47/><T120/><D120/><U59/><E59/><V105/><F56/><W52/><G52/><T63/><D55/><U134/><E134/><V110/><F57/><W50/><G50/><T126/><D49/><U2/><E2/><V91/><F53/><W0/><G0/><T109/><D127/><U100/><E100/><V122/><F91/><W78/><G78/><T114/><D114/><U101/><E101/><V103/><F103/><W89/><G89/><T43/><D43/><U20/><E20/><V95/><F122/><W96/><G96/><AGARI ba="0,1" hai="3,7,10,23,26,28,44,45,58,62,66,93,96,102" machi="96" ten="40,7700,0" yaku="1,1,25,2,53,0" doraHai="9" doraHaiUra="8" who="1" fromWho="3" sc="210,0,220,87,230,0,330,-77" /><INIT seed="1,1,0,3,4,62" ten="210,307,230,253" oya="1" hai0="79,86,58,48,107,109,0,63,31,8,50,16,20" hai1="26,103,29,69,23,66,78,2,39,45,59,70,24" hai2="38,25,41,74,51,122,135,9,87,34,98,116,91" hai3="85,52,125,124,65,114,40,77,47,84,55,13,60"/><U43/><E2/><V5/><F116/><W96/><G114/><T17/><D107/><U108/><E108/><V83/><F122/><W127/><G96/><T36/><D36/><U15/><E78/><V131/><F131/><W110/><G110/><T64/><D109/><U112/><E112/><V133/><F74/><W82/><G84/><T57/><D0/><U61/><E15/><V130/><F130/><W100/><G100/><T37/><D37/><U19/><REACH who="1" step="1"/><E103/><REACH who="1" ten="210,297,230,253" step="2"/><V113/><F113/><W11/><G13/><N who="0" m="7207" /><D79/><U80/><E80/><V12/><F83/><W118/><G118/><T99/><D31/><U72/><E72/><V10/><F12/><W42/><G11/><T106/><D17/><U120/><E120/><V7/><F10/><W67/><G82/><T89/><D89/><U104/><E104/><V93/><F91/><W119/><G77/><T102/><D106/><U94/><E94/><V21/><F93/><W3/><G3/><T92/><D86/><U121/><E121/><V75/><F87/><W101/><G101/><T88/><D102/><U128/><E128/><V132/><F75/><W44/><G85/><T71/><D20/><AGARI ba="1,1" hai="19,20,23,24,26,29,39,43,45,59,61,66,69,70" machi="20" ten="30,5800,0" yaku="1,1,7,1,52,1,53,0" doraHai="62" doraHaiUra="117" who="1" fromWho="0" sc="210,-61,297,71,230,0,253,0" /><INIT seed="1,2,0,2,1,59" ten="149,368,230,253" oya="1" hai0="92,6,31,8,111,98,102,58,84,109,75,85,116" hai1="124,34,3,18,132,5,22,38,17,28,70,126,50" hai2="43,55,114,52,10,80,90,33,16,100,71,15,135" hai3="19,129,26,63,1,27,131,88,62,47,134,93,69"/><U40/><E38/><V117/><F117/><W49/><G1/><T97/><D116/><U13/><E70/><V133/><F33/><W39/><G39/><T130/><D130/><N who="3" m="49673" /><G134/><N who="2" m="51209" /><F114/><W24/><G19/><T36/><D36/><U35/><E40/><V120/><F120/><W125/><G69/><T54/><D31/><U7/><E50/><V9/><F100/><W95/><G95/><T121/><D75/><U48/><E48/><V106/><F106/><W83/><G83/><T68/><D68/><U89/><E89/><V74/><F43/><N who="3" m="24831" /><G125/><N who="1" m="48234" /><E132/><V108/><F108/><N who="0" m="41546" /><D97/><AGARI ba="2,0" hai="24,26,27,62,63,88,93,97" m="24831,49673" machi="97" ten="30,7700,0" yaku="19,1,52,2,54,1" doraHai="59" who="3" fromWho="0" sc="149,-83,368,0,230,0,253,83" /><INIT seed="2,0,0,0,5,9" ten="66,368,230,336" oya="2" hai0="113,115,56,129,119,120,27,50,69,85,34,117,8" hai1="97,61,118,101,51,25,134,24,116,38,112,67,130" hai2="40,1,42,124,10,13,5,3,93,96,31,54,81" hai3="107,44,26,72,65,79,84,39,109,29,20,6,2"/><V128/><F124/><W16/><G107/><T23/><D69/><U11/><E38/><V82/><F128/><W35/><G65/><T49/><D34/><U83/><E112/><V53/><F31/><W60/><G109/><T86/><D8/><U133/><E130/><V131/><F1/><W22/><G60/><T36/><D129/><U90/><E51/><V110/><F3/><W66/><G66/><T75/><D56/><N who="1" m="37287" /><E11/><V57/><F110/><W98/><G72/><T70/><D75/><U68/><E68/><V87/><F131/><W21/><G6/><T32/><D70/><U52/><E52/><N who="2" m="20075" /><F57/><W104/><G2/><T14/><D32/><U74/><E25/><V99/><F81/><W58/><G58/><T103/><D36/><U122/><E24/><V45/><F45/><W7/><G7/><T114/><D27/><U76/><E122/><V88/><F99/><W80/><G44/><T4/><D120/><U64/><E64/><V108/><F108/><W62/><G62/><T106/><D106/><U28/><E28/><V123/><F123/><W111/><G111/><T46/><D4/><U41/><E116/><N who="0" m="44617" /><D46/><U135/><E118/><V89/><AGARI ba="0,0" hai="5,10,13,40,42,82,87,88,89,93,96" m="20075" machi="89" ten="30,11700,0" yaku="8,1,52,1,54,2" doraHai="9" who="2" fromWho="2" sc="66,-39,368,-39,230,117,336,-39" /><INIT seed="2,1,0,1,3,11" ten="27,329,347,297" oya="2" hai0="20,76,38,3,90,60,89,70,103,19,71,50,111" hai1="43,13,82,104,131,92,61,134,26,51,133,63,130" hai2="73,113,127,42,119,109,132,93,16,107,129,4,72" hai3="31,30,22,29,100,36,108,120,91,74,105,15,49"/><V123/><RYUUKYOKU type="yao9" ba="1,0" sc="27,0,329,0,347,0,297,0" hai2="4,16,42,72,73,93,107,109,113,119,123,127,129,132" /><INIT seed="2,2,0,4,1,114" ten="27,329,347,297" oya="2" hai0="37,66,112,64,53,135,104,40,133,108,2,113,35" hai1="81,56,82,116,3,38,97,58,123,50,34,51,9" hai2="12,102,125,95,75,103,131,109,98,124,41,73,11" hai3="86,22,88,127,36,6,117,100,39,129,32,29,119"/><V15/><F131/><W69/><G32/><T17/><D35/><U49/><E34/><V90/><F41/><W14/><G69/><T48/><D2/><U5/><E123/><V20/><F20/><W54/><G54/><T26/><D104/><U106/><E38/><V63/><F63/><W70/><G70/><T24/><D17/><U8/><E8/><V52/><F109/><W85/><G127/><N who="2" m="48713" /><F52/><W57/><G129/><T16/><D108/><U121/><E121/><V91/><F15/><W30/><G57/><N who="0" m="32935" /><D24/><U61/><E116/><V67/><F67/><N who="0" m="25642" /><D16/><U25/><E25/><V4/><F91/><W13/><G100/><AGARI ba="2,0" hai="4,11,12,73,75,90,95,98,100,102,103" m="48713" machi="100" ten="30,1500,0" yaku="18,1" doraHai="114" who="2" fromWho="3" sc="27,0,329,0,347,21,297,-21" /><INIT seed="2,3,0,2,1,26" ten="27,329,368,276" oya="2" hai0="61,48,103,113,46,42,132,6,33,131,102,44,51" hai1="115,114,63,134,37,92,11,116,120,32,60,0,17" hai2="101,78,62,36,40,2,75,18,107,126,19,76,106" hai3="66,22,123,50,105,20,15,99,39,1,54,119,73"/><V9/><F126/><W30/><G1/><T74/><D113/><U104/><E116/><V118/><F78/><W124/><G73/><T35/><D74/><U34/><E104/><N who="2" m="39979" /><F101/><W129/><G39/><T125/><D132/><U47/><E120/><V59/><F59/><W49/><G119/><T69/><D131/><U55/><E134/><V24/><F62/><W14/><G123/><T133/><D133/><U80/><E92/><V77/><F77/><W16/><G129/><T86/><D6/><U100/><E100/><V95/><F95/><W88/><G88/><T3/><D3/><U38/><E80/><N who="2" m="45087" /><F24/><W71/><G71/><T4/><D69/><U121/><E55/><V112/><F112/><W27/><G27/><T91/><D125/><U45/><E17/><V110/><F110/><W87/><G87/><T41/><D4/><U8/><E121/><V64/><F64/><W72/><G72/><T29/><D61/><U23/><E0/><V96/><F96/><W130/><G130/><T10/><D86/><U89/><E89/><V68/><F68/><W12/><G12/><T122/><D91/><U84/><E84/><V85/><F85/><W5/><G5/><T25/><D122/><U135/><E135/><V13/><F118/><W52/><G52/><T93/><D93/><U7/><E7/><N who="2" m="1271" /><F13/><W128/><G128/><T67/><D67/><U117/><E117/><V43/><F43/><W94/><G94/><T83/><D83/><U79/><REACH who="1" step="1"/><E23/><REACH who="1" ten="27,319,368,276" step="2"/><V90/><F90/><W98/><G98/><T21/><D10/><U58/><E58/><V111/><F111/><RYUUKYOKU ba="3,1" sc="27,10,319,10,368,10,276,-30" hai0="21,25,29,33,35,41,42,44,46,48,51,102,103" hai1="8,11,32,34,37,38,45,47,60,63,79,114,115" hai2="18,19,36,40" /><INIT seed="2,4,1,0,3,102" ten="37,329,378,246" oya="2" hai0="104,74,83,13,108,27,31,50,66,130,23,0,86" hai1="11,128,125,118,111,93,43,25,57,110,84,26,3" hai2="100,82,115,49,45,28,38,62,103,32,95,92,53" hai3="75,68,69,44,98,70,22,6,73,17,30,29,61"/><V114/><F38/><W77/><G77/><T4/><D74/><U40/><E118/><V85/><F32/><W64/><G64/><T107/><D108/><N who="1" m="41515" /><E128/><V46/><F28/><W55/><G55/><T126/><D130/><U54/><E125/><V131/><F131/><W106/><G106/><T63/><D0/><U87/><E11/><V91/><F115/><W18/><G18/><T8/><D50/><N who="1" m="30935" /><E3/><V16/><F114/><W20/><G20/><T101/><D101/><N who="2" m="38986" /><F62/><W135/><G135/><T1/><D126/><U15/><E15/><V19/><F45/><W47/><G47/><T113/><D113/><U105/><E105/><V127/><F127/><W97/><G97/><T7/><D4/><U94/><E94/><AGARI ba="4,1" hai="16,19,46,49,53,82,85,91,92,94,95" m="38986" machi="94" ten="30,2900,0" yaku="8,1,54,1" doraHai="102" who="2" fromWho="1" sc="37,0,329,-41,378,51,246,0" /><INIT seed="2,5,0,2,1,41" ten="37,288,429,246" oya="2" hai0="47,29,28,5,92,111,116,125,44,2,122,110,91" hai1="64,121,126,27,115,71,129,32,35,72,48,66,75" hai2="63,25,70,21,106,123,82,124,20,54,74,50,128" hai3="3,113,51,67,60,73,49,118,133,62,104,61,24"/><V12/><F123/><W38/><G38/><T88/><D122/><U80/><E121/><V31/><F128/><W22/><G22/><T42/><D125/><U68/><E115/><V0/><F0/><W6/><G6/><T69/><D69/><U131/><E48/><V34/><F124/><W40/><G40/><T87/><D116/><U57/><E126/><V58/><F106/><W76/><G76/><T99/><D5/><U56/><E80/><V95/><F95/><W18/><G18/><T114/><D2/><U45/><REACH who="1" step="1"/><E27/><REACH who="1" ten="37,278,429,246" step="2"/><V11/><F82/><W130/><G130/><T77/><D114/><U55/><E55/><V39/><F39/><W108/><G108/><N who="0" m="41515" /><D42/><U101/><E101/><V105/><F74/><W7/><G7/><T81/><D77/><U96/><E96/><V19/><REACH who="2" step="1"/><F105/><REACH who="2" ten="37,278,419,246" step="2"/><W79/><G79/><T43/><D43/><U33/><E33/><V127/><F127/><W9/><G9/><T1/><D1/><U36/><E36/><V135/><F135/><W132/><G132/><T37/><D37/><U134/><E134/><V59/><F59/><W83/><G83/><T97/><D99/><U90/><E90/><V65/><AGARI ba="5,2" hai="11,12,19,20,21,25,31,34,50,54,58,63,65,70" machi="65" ten="30,6000,0" yaku="1,1,0,1,53,1" doraHai="41" doraHaiUra="46" who="2" fromWho="2" sc="37,-25,278,-25,419,95,246,-25" /><INIT seed="2,6,0,5,2,103" ten="12,253,514,221" oya="2" hai0="32,81,0,18,62,16,114,55,4,130,3,44,110" hai1="50,59,46,92,100,84,20,63,43,30,113,79,33" hai2="47,51,126,124,76,69,118,125,48,135,90,41,49" hai3="2,108,89,83,77,11,12,31,19,68,21,93,86"/><V39/><F76/><W56/><G56/><T13/><D32/><U122/><E113/><V102/><F102/><W23/><G23/><T42/><D114/><U88/><E122/><V64/><F90/><W57/><G57/><T78/><D110/><U10/><E79/><V67/><F135/><W119/><G119/><T71/><D130/><U25/><E100/><V105/><F105/><W74/><G74/><T38/><D55/><U61/><E33/><V5/><F5/><W104/><G104/><T53/><D53/><U80/><E59/><V96/><F96/><W116/><G116/><T101/><D101/><U65/><E65/><N who="2" m="25163" /><F118/><W22/><G22/><T134/><D134/><U60/><REACH who="1" step="1"/><E10/><REACH who="1" ten="12,243,514,221" step="2"/><V85/><F126/><W87/><G87/><T121/><D121/><U129/><E129/><V54/><F125/><W66/><G66/><N who="0" m="41431" /><D3/><U107/><E107/><V34/><F124/><W9/><G9/><N who="0" m="2183" /><D13/><U28/><E28/><V35/><F85/><W97/><G97/><T24/><D24/><U94/><AGARI ba="6,1" hai="20,25,30,43,46,50,60,61,63,80,84,88,92,94" machi="94" ten="30,7900,0" yaku="1,1,0,1,8,1,54,1,53,0" doraHai="103" doraHaiUra="1" who="1" fromWho="1" sc="12,-26,243,107,514,-45,221,-26" owari="-14,-51.0,350,15.0,469,56.0,195,-20.0" /></mjloggm>