<mjloggm ver="2.3"><GO type="169" lobby="0"/><UN n0="%66%75%6B%75%30%32" n1="%6E%65%75%74%72%6F%6E" n2="%E5%B0%B1%E6%B4%BB%E7%94%9F%40%E5%B7%9D%E6%9D%91%E8%BB%8D%E5%9B%A3" n3="%E6%B5%B7%E3%81%BB%E3%81%9F%E3%82%8B" dan="17,17,16,16" rate="2156.51,2180.46,2078.49,2116.92" sx="M,M,M,M"/><TAIKYOKU oya="0"/><INIT seed="0,0,0,4,3,34" ten="250,250,250,250" oya="0" hai0="21,82,121,70,68,83,107,87,113,18,56,100,23" hai1="116,14,118,33,8,6,120,19,96,30,135,95,124" hai2="84,132,73,128,62,89,44,42,53,104,36,1,28" hai3="93,67,24,112,119,131,115,43,17,2,130,123,29"/><T69/><D121/><U79/><E120/><V0/><F73/><W92/><G123/><T48/><D113/><U88/><E124/><V4/><F104/><W72/><G119/><T86/><D107/><U26/><E135/><V22/><F4/><W129/><G72/><T101/><D56/><U51/><E79/><V54/><F132/><W55/><G43/><T5/><D48/><U91/><E51/><V64/><F128/><W109/><G109/><T127/><D127/><U38/><E38/><V25/><F54/><W134/><G134/><T122/><D122/><U39/><E39/><V114/><F53/><W78/><G78/><T32/><D32/><U40/><E40/><V71/><REACH who="2" step="1"/><F114/><REACH who="2" ten="250,250,240,250" step="2"/><W66/><G55/><T3/><D5/><U10/><REACH who="1" step="1"/><E91/><REACH who="1" ten="250,240,240,250" step="2"/><V85/><F85/><W94/><G115/><T20/><D87/><U103/><E103/><V35/><F35/><N who="3" m="20903" /><G112/><T37/><D101/><U106/><E106/><V90/><F90/><W117/><G117/><T31/><D100/><U41/><E41/><V7/><F7/><W11/><G130/><T61/><D86/><U49/><E49/><V16/><F16/><W58/><G129/><T75/><D37/><U63/><E63/><V9/><F9/><W60/><G131/><T108/><D61/><U105/><E105/><V111/><F111/><W97/><G17/><T76/><D108/><U98/><E98/><V15/><F15/><AGARI ba="0,2" hai="6,8,10,14,15,19,26,30,33,88,95,96,116,118" machi="15" ten="30,3900,0" yaku="1,1,7,1,54,1,53,0" doraHai="34" doraHaiUra="52" who="1" fromWho="2" sc="250,0,240,59,240,-39,250,0" /><INIT seed="1,0,0,1,0,4" ten="250,299,201,250" oya="1" hai0="65,41,40,39,126,106,121,129,95,80,21,116,17" hai1="19,125,87,82,110,94,86,30,61,26,56,63,55" hai2="124,54,102,34,105,88,132,46,72,69,27,7,115" hai3="89,47,60,13,76,18,25,103,62,123,135,85,127"/><U77/><E125/><V101/><F69/><W8/><G123/><T92/><D106/><U104/><E104/><V78/><F78/><W24/><G127/><T99/><D126/><U79/><E110/><V93/><F72/><W48/><G103/><T14/><D121/><U35/><E19/><V96/><F124/><W75/><G135/><T9/><D116/><U109/><E109/><V91/><F132/><W119/><G119/><T84/><D129/><U128/><E128/><V10/><F115/><W130/><G76/><T45/><D65/><U51/><E94/><V2/><F102/><W29/><G75/><T20/><D41/><U44/><REACH who="1" step="1"/><E56/><REACH who="1" ten="250,289,201,250" step="2"/><V97/><F27/><W23/><G130/><T50/><D95/><U100/><E100/><V58/><F46/><W112/><G25/><T59/><D59/><U68/><E68/><V83/><F34/><W22/><G112/><T71/><D71/><U37/><E37/><V90/><REACH who="2" step="1"/><F83/><AGARI ba="0,1" hai="26,30,35,44,51,55,61,63,77,79,82,83,86,87" machi="83" ten="40,3900,0" yaku="1,1,9,1,53,0" doraHai="4" doraHaiUra="117" who="1" fromWho="2" sc="250,0,289,49,201,-39,250,0" /><INIT seed="1,1,0,5,4,101" ten="250,338,162,250" oya="1" hai0="111,36,38,94,20,105,10,77,109,63,110,50,59" hai1="43,9,56,72,126,69,95,100,14,112,1,57,6" hai2="21,115,108,92,28,61,37,125,53,0,25,27,106" hai3="74,83,80,103,127,46,87,30,98,34,18,67,70"/><U44/><E69/><V68/><F37/><W135/><G74/><T71/><D77/><U66/><E72/><V102/><F0/><W64/><G135/><T12/><D105/><U19/><E112/><V42/><F42/><W117/><G127/><T128/><D128/><U32/><E32/><V120/><F120/><W122/><G122/><T107/><D107/><U124/><E66/><V134/><F134/><W118/><G18/><T60/><D20/><U132/><E132/><V26/><F115/><W29/><G80/><T85/><D50/><U91/><E100/><V75/><F75/><W3/><G3/><T62/><D71/><U79/><E79/><V24/><F125/><N who="1" m="48233" /><E1/><V35/><F108/><W5/><G5/><T114/><D59/><U48/><E6/><V22/><F92/><N who="3" m="58823" /><G46/><T41/><D41/><U58/><E58/><V40/><F40/><W97/><G34/><T23/><D23/><U84/><AGARI ba="1,0" hai="9,14,19,43,44,48,56,57,84,91,95" m="48233" machi="84" ten="30,1500,0" yaku="18,1" doraHai="101" who="1" fromWho="1" sc="250,-6,338,18,162,-6,250,-6" /><INIT seed="1,2,0,2,3,36" ten="244,356,156,244" oya="1" hai0="1,8,7,12,52,102,134,9,107,125,100,37,122" hai1="88,39,73,105,53,46,28,133,72,31,110,127,42" hai2="77,3,13,24,112,114,76,70,124,2,54,18,19" hai3="111,48,130,113,120,123,25,103,92,23,91,43,104"/><U74/><E105/><V32/><F70/><W17/><G113/><N who="2" m="43625" /><F54/><W132/><G111/><T66/><D125/><U98/><E127/><V126/><F76/><W99/><G132/><T68/><D134/><U81/><E133/><V38/><F38/><W80/><G130/><T131/><D131/><U45/><E110/><V121/><F77/><W62/><G80/><T56/><D122/><U67/><E67/><V58/><F58/><W10/><G62/><T29/><D29/><U97/><E81/><V116/><F116/><W115/><G115/><T34/><D34/><U79/><E79/><V47/><F47/><W89/><G10/><T4/><D107/><U129/><E129/><V75/><F75/><W20/><G20/><T64/><D37/><U60/><E98/><V71/><F71/><W61/><G61/><T15/><D1/><N who="2" m="10" /><F121/><W95/><G104/><T35/><D35/><U22/><E22/><N who="2" m="13407" /><F32/><W5/><G123/><T109/><D109/><U41/><E53/><V108/><F108/><W84/><G120/><T83/><D83/><U86/><E60/><V119/><F119/><W51/><G103/><N who="0" m="39467" /><D68/><U69/><E69/><V106/><F106/><W118/><G118/><T14/><D66/><U55/><E55/><V85/><F85/><W21/><G84/><T63/><D64/><U96/><E86/><V87/><F87/><W90/><G92/><T78/><D78/><U30/><E88/><V82/><F82/><W49/><G95/><T27/><D7/><U11/><E96/><V44/><F44/><N who="3" m="25631" /><G5/><T135/><D135/><U40/><E97/><V59/><F59/><RYUUKYOKU ba="2,0" sc="244,-10,356,-10,156,30,244,-10" hai2="13,18,124,126" /><INIT seed="2,3,0,3,3,87" ten="234,346,186,234" oya="2" hai0="98,7,128,51,50,19,40,47,35,135,36,9,131" hai1="111,0,41,34,15,121,6,62,96,75,52,95,8" hai2="80,107,14,117,122,123,16,102,84,66,90,64,54" hai3="12,46,3,127,26,37,4,1,109,97,2,55,85"/><V22/><F117/><W132/><G109/><T63/><D35/><U67/><E111/><V45/><F107/><W101/><G127/><T33/><D33/><U86/><E75/><V69/><F102/><W23/><G132/><T27/><D135/><U105/><E41/><V57/><F45/><W115/><G115/><T42/><D63/><U79/><E105/><V71/><F66/><W118/><G118/><T125/><D125/><U82/><E34/><V72/><F72/><W70/><G70/><T59/><D36/><U114/><E114/><V134/><F134/><W17/><G85/><T29/><D19/><U91/><E121/><V99/><F64/><W120/><G120/><T130/><D98/><U104/><E104/><V74/><F74/><W83/><G83/><T60/><D50/><U73/><E52/><V133/><F133/><W18/><G4/><T81/><D81/><U43/><E43/><V49/><F123/><W76/><G76/><T108/><D42/><U11/><E73/><V13/><F99/><W88/><G101/><T124/><D124/><U38/><E38/><V24/><REACH who="2" step="1"/><F122/><REACH who="2" ten="234,346,176,234" step="2"/><W10/><G46/><T113/><D108/><U32/><E67/><V58/><F58/><W78/><G97/><T100/><D100/><U44/><E44/><V93/><F93/><W30/><G37/><T116/><D113/><U28/><E96/><V5/><F5/><W103/><G103/><T68/><D116/><U129/><E6/><V25/><F25/><W112/><G26/><T126/><D126/><U21/><E95/><V77/><F77/><W92/><G78/><RYUUKYOKU ba="3,1" sc="234,-10,346,-10,176,30,234,-10" hai2="13,14,16,22,24,49,54,57,69,71,80,84,90" /><INIT seed="2,4,1,5,2,48" ten="224,336,206,224" oya="2" hai0="47,65,38,133,5,83,10,59,84,125,92,23,109" hai1="127,18,41,90,93,128,101,35,87,74,29,94,117" hai2="39,120,85,97,72,16,96,122,7,77,64,11,36" hai3="32,135,15,20,118,108,30,104,82,103,52,105,56"/><V86/><F72/><W126/><G118/><T130/><D109/><U24/><E74/><V123/><F64/><W1/><G1/><T76/><D125/><U98/><E117/><V106/><F106/><W14/><G108/><T132/><D130/><U22/><E127/><V42/><F77/><W114/><G126/><T13/><D23/><U27/><E128/><V79/><F79/><W69/><G69/><T63/><D92/><U50/><E50/><V95/><F96/><W71/><G71/><T67/><D67/><U19/><E41/><V68/><F68/><W113/><G32/><T66/><D66/><U111/><E111/><V80/><F42/><W53/><G135/><N who="0" m="51787" /><D47/><U55/><E55/><N who="3" m="21066" /><G56/><T119/><D119/><U8/><E8/><V2/><F39/><AGARI ba="4,1" hai="5,10,13,38,39,59,63,65,76,83,84" m="51787" machi="39" ten="30,1000,0" yaku="20,1" doraHai="48" who="0" fromWho="2" sc="224,32,336,0,206,-22,224,0" /><INIT seed="3,0,0,4,0,25" ten="256,336,184,224" oya="3" hai0="42,101,27,67,1,130,16,11,102,4,34,86,134" hai1="85,15,44,65,51,0,118,7,111,10,72,131,53" hai2="17,105,8,117,119,61,135,109,88,129,92,78,33" hai3="28,114,71,95,94,6,74,3,91,133,54,48,64"/><W108/><G114/><T47/><D130/><U23/><E72/><V32/><F105/><W122/><G122/><T18/><D134/><U87/><E131/><V126/><F129/><W20/><G133/><T106/><D67/><U14/><E111/><V120/><F135/><W68/><G74/><T76/><D76/><U115/><E115/><V38/><F38/><W24/><G108/><T57/><D86/><U26/><E65/><V29/><F109/><W89/><G3/><T21/><D57/><U79/><E118/><V36/><F36/><W113/><G113/><T31/><D106/><U22/><E79/><V121/><F78/><W60/><G6/><T35/><D35/><U112/><E112/><V66/><F126/><W81/><G71/><T45/><D18/><N who="1" m="10583" /><E0/><V56/><F8/><W40/><G40/><T99/><D99/><U69/><E69/><V58/><F17/><AGARI ba="0,0" hai="7,10,15,17,23,26,44,51,53,85,87" m="10583" machi="17" ten="30,1000,0" yaku="8,1" doraHai="25" who="1" fromWho="2" sc="256,0,336,10,184,-10,224,0" /><INIT seed="4,0,0,5,3,95" ten="256,346,174,224" oya="0" hai0="107,90,129,6,19,52,23,47,80,17,46,28,58" hai1="81,74,11,9,99,115,130,31,82,127,38,103,10" hai2="36,29,56,101,16,67,32,93,105,40,49,37,27" hai3="35,117,44,24,111,39,87,15,75,96,4,77,125"/><T104/><D129/><U63/><E38/><V3/><F3/><W21/><G111/><T43/><D6/><U30/><E130/><V84/><F105/><W51/><G75/><T106/><D28/><U100/><E74/><V121/><F121/><W76/><G39/><T133/><D133/><U122/><E122/><V64/><F37/><W97/><G117/><T134/><D134/><U85/><E63/><V73/><F73/><W98/><G125/><T69/><D69/><U108/><E108/><V48/><F36/><W109/><G87/><T7/><D7/><U112/><E127/><V89/><F101/><W119/><G119/><T86/><D43/><U135/><E135/><V60/><F40/><N who="3" m="24967" /><G35/><T113/><D113/><N who="1" m="43595" /><E103/><V102/><F67/><W114/><G109/><T5/><D5/><U26/><E85/><V70/><F102/><W13/><G114/><T131/><D131/><U62/><E62/><V2/><F2/><W25/><G25/><T124/><D124/><U71/><E71/><V110/><F110/><W22/><G22/><T68/><D68/><U12/><E12/><N who="3" m="4682" /><G4/><T120/><D120/><U54/><E54/><V72/><F72/><W83/><G83/><N who="1" m="31754" /><E26/><V18/><REACH who="2" step="1"/><F70/><REACH who="2" ten="256,346,164,224" step="2"/><W57/><G57/><T33/><D58/><U41/><E41/><V116/><F116/><W79/><G79/><T128/><D128/><U50/><E50/><AGARI ba="0,1" hai="16,18,27,29,32,48,49,50,56,60,64,84,89,93" machi="50" ten="40,2600,0" yaku="1,1,54,1,53,0" doraHai="95" doraHaiUra="118" who="2" fromWho="1" sc="256,0,346,-26,164,36,224,0" /><INIT seed="5,0,0,4,4,54" ten="256,320,200,224" oya="1" hai0="56,87,119,15,20,5,82,61,67,97,34,98,96" hai1="37,118,132,32,77,93,125,70,107,105,40,131,38" hai2="55,79,117,17,123,92,124,72,52,9,43,109,18" hai3="134,126,83,89,90,8,39,130,31,26,110,94,53"/><U78/><E93/><V74/><F109/><W42/><G110/><T58/><D34/><U129/><E40/><V68/><F68/><W41/><G130/><N who="1" m="49674" /><E118/><V88/><F117/><W29/><G126/><T46/><D119/><U21/><E21/><V22/><F123/><W66/><G66/><T111/><D111/><U14/><E14/><N who="2" m="7375" /><F72/><W84/><G134/><T59/><D46/><U64/><E32/><V106/><F106/><N who="1" m="40457" /><E125/><V116/><F74/><W36/><G36/><N who="1" m="13930" /><E132/><V7/><F116/><W122/><G39/><T49/><D49/><U28/><E28/><V60/><F7/><W13/><G31/><T135/><D135/><U115/><E115/><V108/><F108/><W101/><G41/><T102/><D102/><U11/><E11/><V112/><F112/><W104/><G42/><T19/><D5/><U47/><E47/><V103/><F52/><W33/><G53/><T133/><D133/><U63/><AGARI ba="0,0" hai="63,64,70,77,78" m="13930,40457,49674" machi="63" ten="40,2100,0" yaku="19,1" doraHai="54" who="1" fromWho="1" sc="256,-7,320,21,200,-7,224,-7" /><INIT seed="5,1,0,1,5,60" ten="249,341,193,217" oya="1" hai0="77,66,12,127,47,97,71,55,75,73,5,129,106" hai1="49,79,48,121,56,34,9,3,62,80,118,98,41" hai2="90,113,109,128,35,27,40,42,135,33,11,39,28" hai3="105,16,110,108,101,32,23,82,81,44,0,37,53"/><U130/><E118/><V1/><F109/><W88/><G32/><T76/><D127/><U103/><E121/><V91/><F35/><W72/><G0/><T58/><D129/><U78/><E34/><V52/><F128/><W59/><G101/><T20/><D47/><U69/><E69/><V134/><F113/><W25/><G105/><T99/><D75/><U116/><E116/><V126/><F126/><W117/><G117/><T45/><D45/><U10/><E130/><V14/><F1/><W15/><G81/><T87/><D73/><U54/><E3/><V123/><F123/><W31/><G37/><T30/><D5/><U104/><E78/><V63/><F39/><W51/><G59/><T13/><D30/><U65/><E41/><V29/><F29/><W67/><G67/><T100/><D99/><U124/><E124/><V50/><F63/><W19/><G72/><T26/><D71/><U83/><E83/><V6/><F42/><W112/><G112/><T4/><D87/><U111/><E111/><V115/><F40/><W89/><G31/><T125/><D125/><U38/><E38/><V119/><F119/><W21/><REACH who="3" step="1"/><G89/><REACH who="3" ten="249,341,193,207" step="2"/><T93/><D106/><U57/><E48/><V120/><F115/><W122/><G122/><T7/><D100/><U102/><E102/><V17/><F120/><W70/><G70/><T2/><D2/><U114/><E114/><V74/><F74/><AGARI ba="1,1" hai="9,10,49,54,56,57,62,65,74,79,80,98,103,104" machi="74" ten="30,2900,0" yaku="7,1,52,1" doraHai="60" who="1" fromWho="2" sc="249,0,341,42,193,-32,207,0" /><INIT seed="5,2,0,4,4,30" ten="249,383,161,207" oya="1" hai0="53,133,83,78,66,37,126,108,93,62,76,127,42" hai1="60,109,41,21,18,123,106,50,86,73,120,55,52" hai2="117,92,61,26,11,113,10,90,102,121,51,134,0" hai3="128,98,129,116,130,69,111,115,100,80,107,112,31"/><U58/><E73/><V24/><F117/><W101/><G69/><T54/><D108/><U8/><E106/><V122/><F102/><N who="3" m="62935" /><G31/><T19/><D133/><U15/><E109/><V81/><F134/><W14/><G111/><T88/><D42/><U65/><E86/><V32/><F81/><W89/><G14/><T17/><D37/><U13/><E41/><V124/><F124/><N who="0" m="47658" /><D19/><U75/><E75/><V131/><F131/><W49/><G49/><T45/><D17/><U6/><REACH who="1" step="1"/><E55/><REACH who="1" ten="249,373,161,207" step="2"/><V68/><F121/><W64/><G116/><T20/><D54/><U77/><E77/><V7/><F122/><W35/><G128/><T118/><D118/><U82/><E82/><V99/><F113/><W56/><G129/><T70/><D83/><U38/><E38/><V36/><F36/><W119/><G130/><T16/><D53/><U1/><E1/><V135/><F135/><W44/><G119/><T63/><D63/><U46/><AGARI ba="2,1" hai="6,8,13,15,18,21,46,50,52,58,60,65,120,123" machi="46" ten="20,7800,0" yaku="1,1,0,1,7,1,54,1,53,0" doraHai="30" doraHaiUra="72" who="1" fromWho="1" sc="249,-28,373,94,161,-28,207,-28" /><INIT seed="5,3,0,4,5,98" ten="221,467,133,179" oya="1" hai0="121,59,9,120,132,57,15,93,118,49,82,108,130" hai1="86,84,45,8,17,76,114,127,4,25,113,65,107" hai2="68,44,69,42,52,123,54,31,83,13,46,97,126" hai3="50,85,67,16,23,19,106,28,22,115,39,36,109"/><U112/><E107/><V14/><F123/><N who="0" m="47178" /><D118/><U5/><E127/><V3/><F3/><W90/><G109/><T128/><D108/><U33/><E65/><V0/><F0/><W95/><G115/><T66/><D132/><U88/><E76/><V34/><F126/><W26/><G106/><T91/><D82/><U21/><E33/><V11/><F83/><W7/><G7/><T10/><D10/><U61/><E61/><V64/><F34/><W58/><G28/><T104/><D104/><U99/><E45/><V110/><F110/><W55/><REACH who="3" step="1"/><G67/><REACH who="3" ten="221,467,133,169" step="2"/><T122/><D66/><U135/><E4/><V96/><F64/><W117/><G117/><T56/><D122/><U75/><E135/><V89/><F31/><W81/><G81/><T70/><D130/><U102/><E5/><V77/><F11/><W92/><G92/><T6/><D128/><U78/><E8/><V111/><F111/><W12/><AGARI ba="3,1" hai="12,16,19,22,23,26,36,39,50,55,58,85,90,95" machi="12" ten="20,16000,3" yaku="1,1,0,1,7,1,25,2,54,1,53,2" doraHai="98" doraHaiUra="71" who="3" fromWho="3" sc="221,-43,467,-83,133,-43,169,179" /><INIT seed="6,0,0,3,0,35" ten="178,384,90,348" oya="2" hai0="10,113,119,45,32,130,117,18,22,133,131,23,92" hai1="0,124,75,134,85,49,114,81,118,64,54,76,29" hai2="70,72,46,27,102,77,5,13,30,94,48,7,108" hai3="42,68,63,26,121,33,91,105,126,106,82,101,6"/><V90/><F70/><W12/><G121/><T53/><D32/><U59/><E118/><N who="0" m="45065" /><D113/><U83/><E114/><V97/><F108/><W86/><G126/><T65/><D133/><U115/><E115/><V24/><F24/><W61/><G42/><T4/><D65/><U34/><E134/><V55/><F13/><W112/><G112/><T57/><D92/><U74/><E0/><V128/><F128/><N who="0" m="49194" /><D45/><U69/><E124/><V15/><F15/><W47/><G12/><N who="0" m="5191" /><D18/><U21/><E34/><V2/><F2/><W19/><G47/><T87/><D87/><U3/><E64/><V95/><F77/><W120/><G19/><T38/><D38/><U56/><E85/><V1/><F1/><W125/><G86/><T44/><D44/><U98/><E76/><V36/><F36/><W109/><G33/><T127/><D127/><U31/><E31/><V132/><F72/><W103/><G125/><T78/><D78/><U8/><E29/><V88/><F132/><W135/><G135/><T9/><D9/><U51/><E8/><V104/><F104/><W107/><G107/><T39/><D39/><U122/><E122/><V110/><F110/><W40/><G106/><T62/><AGARI ba="0,0" hai="22,23,53,57,62" m="5191,49194,45065" machi="62" ten="30,2000,0" yaku="12,1,19,1" doraHai="35" who="0" fromWho="0" sc="178,20,384,-5,90,-10,348,-5" /><INIT seed="7,0,0,5,5,9" ten="198,379,80,343" oya="3" hai0="116,52,109,70,11,47,112,5,67,48,50,53,106" hai1="110,103,122,28,74,132,39,25,107,131,111,108,44" hai2="49,100,64,58,99,85,113,119,19,23,10,43,56" hai3="2,32,0,92,33,24,115,89,46,88,117,76,15"/><W121/><G117/><T135/><D116/><U91/><E91/><V6/><F113/><W54/><G121/><T90/><D109/><U104/><E122/><V55/><F119/><W29/><G32/><T37/><D112/><U30/><E131/><V31/><F43/><W126/><G115/><T21/><D106/><U65/><E65/><V130/><F130/><W80/><G126/><T125/><D125/><U3/><E132/><V8/><F85/><W61/><G92/><T41/><D135/><U71/><E71/><V42/><F42/><W60/><G60/><T38/><D21/><U114/><E30/><V68/><F68/><W69/><G15/><T62/><D90/><U79/><E114/><V105/><F31/><W86/><G69/><T20/><D20/><U78/><E78/><V120/><F120/><W133/><G133/><T102/><D102/><U66/><E66/><V101/><F101/><W129/><G129/><T83/><D83/><N who="1" m="45559" /><E103/><V128/><F128/><W27/><G27/><T124/><D124/><U127/><E127/><V4/><F4/><W35/><G35/><T7/><D7/><U1/><E25/><V36/><F36/><N who="0" m="13930" /><D11/><U118/><E28/><V59/><F64/><W81/><G61/><T40/><D5/><U22/><E22/><V93/><F105/><N who="1" m="40521" /><E118/><V18/><F10/><W95/><G81/><T87/><D87/><U82/><E82/><V134/><F134/><W72/><REACH who="3" step="1"/><G89/><REACH who="3" ten="198,379,80,333" step="2"/><T123/><D123/><U34/><E34/><V57/><F23/><W12/><G12/><AGARI ba="0,1" hai="6,8,12,18,19,49,55,56,57,58,59,93,99,100" machi="12" ten="40,2600,0" yaku="8,1,52,1" doraHai="9" who="2" fromWho="3" sc="198,0,379,0,80,36,333,-26" owari="198,-20.0,379,47.0,116,-38.0,307,11.0" /></mjloggm>