<mjloggm ver="2.3"><GO type="41" lobby="0"/><UN n0="%E5%B0%B1%E6%B4%BB%E7%94%9F%40%E5%B7%9D%E6%9D%91%E8%BB%8D%E5%9B%A3" n1="%E3%81%9F%E3%81%A0%E3%81%82%E3%81%8D" n2="%6A%6F%65%5F%6A%61%6E" n3="%E5%90%89%E8%A1%8C%E5%BF%97%E9%A6%99%E5%AD%90" dan="15,13,13,14" rate="2024.83,1891.03,1906.37,1969.23" sx="M,M,M,M"/><TAIKYOKU oya="0"/><INIT seed="0,0,0,0,4,110" ten="250,250,250,250" oya="0" hai0="79,32,60,112,78,65,41,86,101,10,94,119,132" hai1="84,19,43,123,26,4,50,42,88,54,30,95,99" hai2="115,82,15,8,72,89,11,0,31,13,3,66,61" hai3="36,70,28,127,74,77,20,22,37,128,39,90,135"/><T83/><BYE who="2" /><D119/><U80/><E4/><V29/><F29/><W16/><G70/><T73/><D32/><U120/><E19/><V47/><F47/><W45/><G127/><T1/><D132/><U38/><E38/><V62/><F62/><W109/><G109/><UN n2="%6A%6F%65%5F%6A%61%6E" /><T59/><D41/><U81/><E81/><V51/><F31/><W23/><G135/><T63/><D63/><U131/><E131/><V12/><F51/><W111/><G128/><T55/><D65/><U6/><E6/><V108/><F108/><W46/><G28/><T117/><D117/><U126/><E126/><V57/><F72/><W76/><G74/><T34/><D34/><U75/><E75/><V56/><F115/><W87/><G111/><T27/><D27/><U133/><E133/><V33/><F33/><W71/><G71/><T24/><D24/><U105/><E105/><V17/><F57/><W116/><G116/><T124/><D124/><U18/><E18/><V91/><F82/><W121/><G16/><T21/><D21/><U52/><E26/><V58/><F58/><W5/><G5/><T85/><D79/><U9/><E9/><V104/><F104/><W35/><G35/><T25/><D25/><U14/><E30/><V98/><F98/><W103/><G103/><T40/><D1/><U69/><E14/><V68/><F68/><W53/><G121/><N who="1" m="46666" /><E69/><V122/><F122/><W7/><G7/><T106/><D106/><U67/><E67/><V129/><F129/><W100/><G39/><T130/><D73/><U64/><E64/><V48/><F0/><W107/><G36/><RYUUKYOKU ba="0,0" sc="250,0,250,0,250,0,250,0" /><INIT seed="1,1,0,5,1,106" ten="250,250,250,250" oya="1" hai0="48,32,50,13,83,51,55,19,59,96,5,47,72" hai1="104,12,65,94,108,99,129,20,49,105,81,85,53" hai2="109,87,107,91,60,76,95,130,9,69,67,115,0" hai3="84,68,126,36,74,86,125,89,97,133,15,29,80"/><U75/><E75/><V30/><F109/><W88/><G68/><T23/><D32/><U38/><E38/><V79/><F115/><W28/><G36/><T34/><D34/><U10/><E20/><V52/><F107/><W57/><G133/><T44/><D5/><U64/><E105/><V17/><F130/><W40/><G40/><T131/><D131/><U22/><E22/><V100/><F100/><W78/><G57/><T90/><D96/><U102/><E104/><V70/><F70/><W62/><G62/><T135/><D135/><U7/><E108/><V25/><F0/><W46/><G46/><T116/><D116/><U42/><E129/><V8/><F17/><W98/><G15/><T37/><D37/><U111/><E111/><V82/><F52/><W122/><G122/><T6/><D6/><U14/><E14/><V24/><F76/><W119/><G119/><T117/><D117/><U92/><E92/><V4/><F4/><W103/><G103/><T21/><D21/><U124/><E124/><N who="3" m="47722" /><G29/><T120/><D120/><U134/><E134/><V31/><F31/><W11/><G11/><T71/><D71/><U77/><E53/><V93/><F93/><N who="3" m="54423" /><G28/><T54/><D50/><U73/><E73/><V110/><F110/><W66/><G66/><T41/><D72/><U114/><E114/><V39/><F39/><W58/><G58/><T1/><D1/><U16/><E16/><V56/><F69/><W121/><G121/><T63/><D83/><AGARI ba="1,0" hai="74,78,80,83,84,89,97,98" m="54423,47722" machi="83" ten="30,8000,1" yaku="18,1,34,2,52,1,54,1" doraHai="106" who="3" fromWho="0" sc="250,-83,250,0,250,0,250,83" /><INIT seed="2,0,0,0,1,18" ten="167,250,250,333" oya="2" hai0="117,41,15,79,53,90,8,104,107,17,100,86,21" hai1="26,114,48,44,102,119,42,45,82,0,129,77,33" hai2="133,115,55,19,83,35,124,24,64,96,28,57,85" hai3="37,52,127,51,106,80,126,29,101,11,120,81,91"/><V58/><F115/><W22/><G120/><T38/><D117/><U59/><E119/><V61/><F124/><N who="3" m="47659" /><G37/><T36/><D79/><U76/><E114/><V112/><F133/><W109/><G109/><T111/><D111/><U62/><E0/><V23/><F112/><W105/><G11/><T6/><D53/><U43/><E102/><V84/><F96/><N who="3" m="61607" /><G91/><T118/><D118/><U14/><E129/><V78/><F35/><W110/><G106/><T25/><D100/><U63/><E14/><V74/><F28/><W65/><G65/><T34/><D38/><U49/><E59/><V68/><F68/><W122/><G110/><T70/><D70/><U50/><E50/><AGARI ba="0,0" hai="19,23,24,50,55,57,58,61,64,74,78,83,84,85" machi="50" ten="30,2900,0" yaku="7,1,52,1" doraHai="18" who="2" fromWho="1" sc="167,0,250,-29,250,29,333,0" /><INIT seed="2,1,0,3,4,45" ten="167,221,279,333" oya="2" hai0="50,19,134,94,34,52,46,115,43,105,65,17,0" hai1="60,32,108,25,40,131,100,84,4,68,78,30,24" hai2="99,113,38,135,76,93,48,112,16,123,133,101,28" hai3="27,86,7,13,119,21,6,107,44,53,31,71,23"/><V109/><F38/><W36/><G119/><T90/><D105/><U114/><E108/><V111/><F28/><W110/><G107/><T117/><D115/><N who="2" m="44106" /><F16/><N who="3" m="10383" /><G71/><T47/><D134/><N who="2" m="51210" /><F48/><N who="3" m="28807" /><G36/><T104/><D104/><U80/><E40/><V124/><F123/><W95/><G110/><N who="2" m="41993" /><F76/><W116/><G116/><T57/><D117/><U59/><E114/><V26/><F26/><W88/><AGARI ba="1,0" hai="6,7,23,27,31,86,88,95" m="28807,10383" machi="88" ten="30,7900,0" yaku="8,1,52,1,54,2" doraHai="45" who="3" fromWho="3" sc="167,-21,221,-21,279,-40,333,82" /><INIT seed="3,0,0,4,2,106" ten="146,200,239,415" oya="3" hai0="53,77,13,14,49,47,68,75,37,45,20,3,94" hai1="31,115,51,60,55,122,38,16,79,108,18,103,111" hai2="19,50,120,85,63,84,131,6,28,24,41,76,54" hai3="133,125,95,93,36,9,61,101,66,109,57,83,15"/><W104/><G36/><T58/><D3/><U99/><E38/><V59/><F131/><W90/><G125/><T128/><D128/><U67/><E79/><V71/><F120/><W32/><G32/><T65/><D47/><N who="1" m="28159" /><E31/><V135/><F135/><W89/><G133/><T52/><D94/><N who="1" m="58871" /><E115/><V30/><F6/><W11/><G109/><N who="1" m="42058" /><E122/><V81/><F71/><AGARI ba="0,0" hai="16,18,60,67,71" m="42058,58871,28159" machi="71" ten="30,2000,0" yaku="14,1,54,1" doraHai="106" who="1" fromWho="2" sc="146,0,200,20,239,-20,415,0" /><INIT seed="4,0,0,3,1,97" ten="146,220,219,415" oya="0" hai0="79,18,58,74,51,8,129,24,104,28,54,100,131" hai1="103,47,10,121,72,46,78,120,56,128,64,13,86" hai2="89,76,101,38,6,22,62,71,35,48,108,37,55" hai3="44,106,65,16,105,82,40,125,68,93,45,126,20"/><T4/><D74/><U116/><E72/><V84/><F35/><W87/><G93/><T117/><D79/><U14/><E116/><V132/><F108/><W23/><G23/><T114/><D117/><U124/><E128/><N who="0" m="49225" /><D114/><U130/><E124/><N who="3" m="47722" /><G45/><T119/><D119/><U73/><E73/><V98/><F132/><W50/><G65/><T67/><D18/><U36/><E36/><V69/><F6/><W39/><G68/><T31/><D67/><U49/><E130/><V77/><F38/><W70/><G70/><T75/><D75/><U0/><E0/><V135/><F37/><W19/><G19/><T57/><D57/><U99/><E47/><V1/><F1/><W88/><G39/><T11/><D24/><AGARI ba="0,0" hai="16,20,24,40,44,50,82,87,88,105,106" m="47722" machi="24" ten="30,3900,0" yaku="18,1,54,2" doraHai="97" who="3" fromWho="0" sc="146,-39,220,0,219,0,415,39" /><INIT seed="5,0,0,3,0,45" ten="107,220,219,454" oya="1" hai0="121,67,119,124,89,47,79,29,37,123,71,128,99" hai1="27,117,8,59,96,134,82,66,19,31,32,17,61" hai2="110,81,48,64,109,44,56,116,58,9,111,92,49" hai3="74,87,13,73,126,14,84,133,51,21,127,52,28"/><U97/><E117/><V12/><F92/><W40/><G40/><N who="0" m="22927" /><D29/><U43/><E43/><V16/><F116/><W94/><G133/><T131/><D79/><U33/><E33/><V129/><F129/><N who="0" m="49738" /><D89/><U50/><E134/><V35/><F35/><W115/><G115/><T53/><D99/><U63/><E82/><V122/><F122/><N who="0" m="46602" /><D119/><U30/><E8/><V91/><F64/><W72/><G13/><T98/><D98/><U11/><E11/><V23/><F49/><W135/><G135/><T7/><D7/><U78/><E78/><V39/><F39/><W130/><G130/><T41/><D41/><U125/><E31/><V93/><F23/><W86/><G94/><T3/><D3/><U76/><E76/><V38/><F38/><W102/><G102/><T112/><D112/><U101/><E97/><V120/><F120/><W106/><G106/><T77/><D77/><U10/><E10/><V46/><F46/><W18/><G28/><T75/><D75/><U5/><E5/><V88/><F93/><W85/><G85/><T80/><D80/><U22/><E32/><V90/><REACH who="2" step="1"/><F81/><REACH who="2" ten="107,220,209,454" step="2"/><W83/><G83/><T108/><D108/><U6/><E96/><V104/><F104/><W60/><G21/><T69/><D124/><U113/><E125/><V20/><F20/><N who="3" m="11351" /><G127/><T62/><D53/><AGARI ba="0,1" hai="9,12,16,44,48,53,56,58,88,90,91,109,110,111" machi="53" ten="50,12000,2" yaku="1,1,52,1,54,2,53,2" doraHai="45" doraHaiUra="54" who="2" fromWho="0" sc="107,-120,220,0,209,130,454,0" owari="-13,-51.0,220,-18.0,339,14.0,454,55.0" /></mjloggm>