<mjloggm ver="2.3"><GO type="41" lobby="0"/><UN n0="%E5%B0%B1%E6%B4%BB%E7%94%9F%40%E5%B7%9D%E6%9D%91%E8%BB%8D%E5%9B%A3" n1="%61%6B%61%73%61%74%61" n2="%E5%94%AF%E4%B8%80%E7%B5%B6%E5%AF%BE%E7%A5%9E%E7%9C%8C%E5%8D%97" n3="%E3%81%82%E3%81%B2%E3%82%8B%E3%81%95%E3%82%93" dan="15,13,13,14" rate="1986.71,1986.73,1879.22,1990.75" sx="M,M,M,M"/><TAIKYOKU oya="0"/><INIT seed="0,0,0,5,0,114" ten="250,250,250,250" oya="0" hai0="37,28,116,62,36,61,15,33,54,25,39,55,6" hai1="106,17,98,83,42,64,72,120,84,16,131,52,89" hai2="75,68,14,95,47,67,102,4,43,86,91,118,35" hai3="130,24,69,76,18,105,21,112,20,87,107,50,2"/><T59/><D6/><U22/><E120/><V113/><F113/><W80/><G2/><T34/><D15/><U10/><E42/><V129/><F129/><W100/><G69/><T13/><D13/><N who="1" m="7223" /><E72/><V44/><F35/><W121/><G112/><T40/><D40/><U115/><E115/><V58/><F75/><W23/><G130/><T101/><D101/><U127/><E106/><V70/><F102/><W111/><G111/><T97/><D97/><U99/><E64/><V117/><F58/><W134/><G134/><T0/><D0/><U81/><E81/><V78/><F78/><W5/><G5/><T11/><D11/><U73/><E73/><V119/><F67/><W57/><G121/><T125/><D125/><U123/><E127/><V94/><F94/><W49/><G107/><T63/><D116/><U30/><E30/><V85/><F85/><W32/><G32/><T53/><REACH who="0" step="1"/><D34/><REACH who="0" ten="240,250,250,250" step="2"/><U48/><E123/><V38/><F47/><W93/><G100/><T60/><AGARI ba="0,1" hai="25,28,33,36,37,39,53,54,55,59,60,61,62,63" machi="60" ten="40,7800,0" yaku="1,1,2,1,0,1,53,0" doraHai="114" doraHaiUra="133" who="0" fromWho="0" sc="240,88,250,-26,250,-26,250,-26" /><INIT seed="0,1,0,5,5,90" ten="328,224,224,224" oya="0" hai0="133,51,107,117,10,81,67,95,17,88,120,70,127" hai1="68,32,50,42,7,27,132,112,33,84,75,119,16" hai2="20,36,123,115,121,38,110,108,103,56,106,109,39" hai3="47,12,34,59,129,79,22,113,41,45,37,28,49"/><T18/><D107/><U128/><E68/><V116/><F106/><W21/><G113/><T82/><D117/><U44/><E75/><V2/><F2/><W114/><G114/><T130/><D120/><N who="2" m="46154" /><F20/><W122/><G122/><T63/><D130/><U111/><E128/><V19/><F19/><W43/><G129/><T54/><D127/><U126/><E112/><V135/><F115/><W96/><G34/><T101/><D101/><U13/><E126/><V94/><F116/><W83/><G59/><N who="0" m="37375" /><D133/><U97/><E119/><V62/><F135/><W1/><G1/><T14/><D17/><U76/><E7/><V8/><F8/><W118/><G118/><T52/><D70/><U55/><E97/><N who="2" m="59831" /><F39/><W58/><G37/><T78/><D78/><U53/><E132/><V24/><F24/><W30/><G79/><T105/><D105/><U57/><E33/><V60/><F60/><W9/><G22/><T100/><D100/><U71/><E71/><V23/><F23/><W64/><G21/><T4/><D4/><U46/><E27/><V125/><F125/><W124/><G124/><T104/><D104/><U92/><E32/><V35/><F35/><W11/><G11/><T25/><D25/><U80/><E44/><V61/><F61/><W69/><G45/><N who="0" m="27759" /><D54/><AGARI ba="1,0" hai="36,38,54,56,62,108,109,110" m="59831,46154" machi="54" ten="40,2600,0" yaku="14,1,52,1" doraHai="90" who="2" fromWho="0" sc="328,-29,224,0,224,29,224,0" /><INIT seed="1,0,0,1,0,111" ten="299,224,253,224" oya="1" hai0="80,99,109,114,78,63,104,76,83,132,134,74,85" hai1="79,66,125,133,116,119,10,6,45,106,46,127,124" hai2="40,48,35,9,0,67,4,36,34,54,84,60,107" hai3="23,5,96,11,62,12,77,89,126,13,53,27,64"/><U131/><E106/><V57/><F107/><W98/><G126/><T103/><D63/><U7/><E79/><V8/><F84/><W42/><G42/><T19/><D19/><U14/><E66/><V33/><F9/><W95/><G77/><T91/><D109/><U75/><E75/><V20/><F20/><W102/><G53/><T44/><D44/><U1/><E133/><N who="0" m="51305" /><D78/><U68/><E68/><N who="2" m="42087" /><F35/><W92/><G13/><T123/><D123/><U3/><E46/><AGARI ba="0,0" hai="0,4,8,33,34,36,40,46,48,54,57" m="42087" machi="46" ten="30,1000,0" yaku="24,1" doraHai="111" who="2" fromWho="1" sc="299,0,224,-10,253,10,224,0" /><INIT seed="2,0,0,0,1,67" ten="299,214,263,224" oya="2" hai0="70,2,90,29,60,123,125,55,19,77,10,8,111" hai1="72,1,129,99,75,23,4,89,41,132,134,85,58" hai2="27,84,17,109,44,113,74,124,52,117,128,100,16" hai3="61,92,97,30,69,127,118,5,35,133,121,76,93"/><V131/><F117/><W26/><G121/><T50/><D123/><U37/><E129/><N who="2" m="49739" /><F113/><W24/><G118/><T48/><D77/><U22/><E4/><V57/><F74/><W79/><G133/><T0/><D125/><U38/><E1/><V114/><F114/><W13/><G127/><T126/><D126/><U94/><E41/><V71/><F124/><W91/><G26/><T102/><D102/><U28/><E28/><V7/><F7/><W116/><G116/><T39/><D39/><U46/><E46/><V63/><F100/><W15/><G93/><T51/><D29/><U82/><E72/><V86/><F109/><W40/><G40/><T42/><D42/><U106/><E58/><V49/><F71/><W80/><G5/><T14/><D111/><U81/><E75/><V9/><F9/><W105/><G105/><T31/><D31/><U107/><E106/><V36/><F36/><W18/><G18/><N who="2" m="7273" /><F27/><W21/><G24/><T135/><D135/><N who="1" m="51755" /><E81/><V87/><F87/><W96/><G80/><T12/><D2/><U59/><E107/><V68/><F68/><W98/><G69/><T110/><D0/><U20/><E59/><V33/><F33/><W103/><G35/><T66/><D110/><U3/><E3/><V43/><AGARI ba="0,0" hai="43,44,49,52,57,63,84,86" m="7273,49739" machi="43" ten="30,6000,0" yaku="19,1,54,2" doraHai="67" who="2" fromWho="2" sc="299,-20,214,-20,263,60,224,-20" /><INIT seed="2,1,0,5,1,69" ten="279,194,323,204" oya="2" hai0="40,92,23,116,26,53,39,66,64,121,103,112,106" hai1="14,13,3,102,94,110,91,52,16,76,118,117,109" hai2="5,38,24,58,10,130,104,7,81,71,128,74,108" hai3="28,124,97,22,125,68,96,30,54,126,99,46,107"/><V127/><F71/><W48/><G68/><T122/><D106/><U100/><E3/><V21/><F104/><W90/><G107/><T0/><D0/><U132/><E76/><V51/><F38/><W59/><G90/><T114/><D103/><U111/><E132/><V78/><F127/><W32/><G32/><T72/><D72/><U67/><E67/><N who="0" m="25641" /><D92/><U123/><E123/><N who="0" m="47113" /><D23/><U42/><E42/><V55/><F108/><W31/><REACH who="3" step="1"/><G22/><REACH who="3" ten="279,194,323,194" step="2"/><T18/><D116/><U86/><E118/><V61/><F21/><W43/><G43/><T12/><D40/><U134/><E117/><V6/><F10/><W105/><G105/><T131/><D114/><U70/><E70/><V87/><F130/><W73/><G73/><T93/><D131/><U95/><E134/><V11/><F128/><W1/><G1/><T98/><D112/><U82/><E102/><V84/><F11/><W115/><G115/><T119/><D119/><U60/><E100/><V113/><F113/><W77/><G77/><T135/><D135/><U56/><E13/><V80/><F74/><W9/><G9/><AGARI ba="1,1" hai="9,14,16,52,56,60,82,86,91,94,95,109,110,111" machi="9" ten="40,5200,0" yaku="14,1,54,2" doraHai="69" who="1" fromWho="3" sc="279,0,194,65,323,0,194,-55" /><INIT seed="3,0,0,3,2,93" ten="279,259,323,139" oya="3" hai0="13,88,4,58,108,32,18,133,79,2,30,38,86" hai1="135,40,17,0,55,81,24,126,46,128,29,67,132" hai2="65,106,85,50,63,107,112,53,75,15,23,14,129" hai3="69,68,87,28,48,100,37,62,5,8,120,6,49"/><W45/><G120/><T76/><D38/><U92/><E0/><V134/><F75/><W47/><G37/><T113/><D113/><U66/><E128/><V80/><F112/><W59/><G28/><T82/><D108/><U98/><E126/><V101/><F129/><W74/><G74/><T91/><D133/><U64/><E17/><V105/><F134/><N who="1" m="51241" /><E55/><V96/><F23/><W61/><G87/><N who="0" m="50295" /><D2/><U19/><E19/><V51/><F106/><W44/><G100/><T131/><D4/><N who="3" m="1641" /><G59/><T104/><D104/><U111/><E81/><V103/><F51/><N who="3" m="19531" /><G8/><N who="0" m="6439" /><D32/><N who="1" m="20519" /><E111/><V21/><F103/><W3/><G3/><T114/><D114/><U27/><E27/><V73/><F73/><W95/><G95/><N who="0" m="54775" /><D131/><U39/><E64/><V72/><F72/><W84/><G84/><T116/><D116/><U117/><E117/><V90/><F107/><W43/><G43/><T22/><D58/><U115/><E115/><V34/><F105/><W130/><G130/><T33/><D33/><U102/><AGARI ba="0,0" hai="39,40,46,66,67,92,98,102" m="20519,51241" machi="102" ten="30,2000,0" yaku="20,1,52,1" doraHai="93" who="1" fromWho="1" sc="279,-5,259,20,323,-5,139,-10" /><INIT seed="4,0,0,2,3,77" ten="274,279,318,129" oya="0" hai0="48,112,76,10,56,119,42,5,22,20,128,46,117" hai1="99,38,7,21,98,88,87,33,97,108,55,130,120" hai2="72,122,9,31,1,66,47,124,96,113,75,91,51" hai3="111,34,95,89,23,52,0,110,41,63,80,59,73"/><T94/><D112/><U53/><E33/><V37/><F122/><W125/><G34/><T81/><D128/><U133/><E38/><V49/><F113/><W3/><G125/><T86/><D119/><U79/><E120/><V115/><F115/><W39/><G0/><T78/><D117/><U62/><E108/><V12/><F124/><W28/><G3/><T131/><D131/><U17/><E7/><V126/><F126/><W93/><G111/><T132/><D132/><U60/><E79/><V109/><F109/><W32/><G32/><T15/><D78/><U44/><E130/><V68/><F1/><W40/><G110/><T8/><D8/><U27/><E133/><V106/><F37/><W67/><G73/><T24/><D24/><U129/><E129/><V58/><F68/><W43/><G39/><T100/><D56/><U16/><E17/><V14/><F106/><W103/><G103/><T2/><D2/><U35/><E35/><V107/><F107/><W36/><G67/><T104/><D104/><U4/><E4/><V135/><F135/><W50/><G63/><N who="1" m="24106" /><E44/><V57/><F75/><W84/><REACH who="3" step="1"/><G36/><REACH who="3" ten="274,279,318,119" step="2"/><T116/><D116/><U69/><E69/><V105/><F72/><W83/><G83/><AGARI ba="0,1" hai="16,21,27,53,55,83,87,88,97,98,99" m="24106" machi="83" ten="30,7700,0" yaku="8,1,52,1,54,2" doraHai="77" who="1" fromWho="3" sc="274,0,279,87,318,0,119,-77" /><INIT seed="5,0,0,5,0,135" ten="274,366,318,42" oya="1" hai0="92,25,23,9,120,95,89,16,56,15,44,14,61" hai1="103,115,34,22,33,85,17,53,31,75,133,101,26" hai2="78,113,105,3,70,119,28,49,36,125,57,10,64" hai3="20,91,24,19,117,52,65,29,21,40,109,43,50"/><U123/><E133/><V108/><F78/><W84/><G109/><T6/><D120/><U77/><E75/><V102/><F102/><W59/><G65/><T79/><D79/><U128/><E128/><V32/><F10/><W0/><G0/><T132/><D132/><U69/><E69/><V63/><F28/><W38/><G38/><T106/><D106/><U4/><E4/><V110/><F49/><W41/><G117/><T76/><D76/><U104/><E104/><V126/><F57/><W73/><G73/><T122/><D122/><U86/><E123/><V129/><F63/><W97/><G97/><T118/><D118/><U8/><E8/><V55/><F55/><W96/><G96/><T39/><D39/><U1/><E1/><V99/><F99/><W58/><G58/><T42/><D14/><U7/><E77/><V27/><F27/><W45/><G45/><T81/><D81/><U124/><E7/><V68/><F64/><W130/><G130/><T74/><D74/><U82/><E34/><V48/><F48/><W2/><G2/><T18/><D44/><U13/><E53/><V5/><F5/><W54/><G54/><N who="0" m="33943" /><D42/><U80/><E82/><V37/><F37/><W11/><G11/><T71/><D71/><U88/><E85/><V112/><F70/><W12/><REACH who="3" step="1"/><G41/><REACH who="3" ten="274,366,318,32" step="2"/><T51/><D51/><U127/><REACH who="1" step="1"/><E115/><REACH who="1" ten="274,356,318,32" step="2"/><V131/><F112/><W90/><G90/><T60/><D89/><U46/><E46/><V93/><F110/><W35/><G35/><T98/><D9/><U66/><E66/><V67/><F67/><W121/><G121/><RYUUKYOKU ba="0,2" sc="274,-15,356,15,318,-15,32,15" hai1="13,17,22,26,31,33,80,86,88,101,103,124,127" hai3="12,19,20,21,24,29,40,43,50,52,59,84,91" /><INIT seed="5,1,2,0,0,91" ten="259,371,303,47" oya="1" hai0="43,37,3,33,45,107,55,21,128,28,20,101,106" hai1="93,66,1,29,94,48,81,68,134,5,35,16,76" hai2="98,30,51,126,88,121,27,24,9,115,90,18,23" hai3="111,133,116,54,7,85,99,124,130,62,58,131,32"/><U97/><E134/><V80/><F121/><W59/><G111/><T86/><D3/><U120/><E97/><V95/><F126/><W65/><G32/><T119/><D119/><U42/><E66/><V14/><F115/><W12/><G124/><T22/><D128/><U77/><E68/><V38/><F38/><W113/><G113/><T114/><D114/><U112/><E120/><V44/><F27/><W132/><G85/><T73/><D73/><U67/><E67/><V79/><F90/><W82/><G82/><T72/><D72/><U110/><E77/><V50/><REACH who="2" step="1"/><F44/><REACH who="2" ten="259,371,293,47" step="2"/><W108/><G108/><T56/><D101/><U8/><E110/><V104/><F104/><W49/><G116/><T57/><D107/><U63/><E112/><V52/><F52/><W83/><G83/><T60/><D106/><U103/><E103/><V26/><F26/><W117/><G117/><T87/><D33/><U41/><E35/><V2/><F2/><W61/><G131/><T74/><D28/><U78/><E29/><V64/><F64/><N who="3" m="38967" /><G130/><T100/><D100/><U39/><E39/><V89/><F89/><W92/><G133/><T109/><D109/><U0/><E1/><V70/><F70/><W46/><G132/><T129/><D129/><U11/><E78/><V122/><F122/><W13/><G7/><T96/><D45/><U47/><E41/><V135/><F135/><W102/><AGARI ba="1,3" hai="12,13,46,49,54,59,62,65,92,99,102" m="38967" machi="102" ten="30,2000,0" yaku="8,1,52,1" doraHai="91" who="3" fromWho="3" sc="259,-6,371,-11,293,-6,47,53" /><INIT seed="6,0,0,3,0,118" ten="253,360,287,100" oya="2" hai0="127,93,120,112,130,59,104,68,87,55,11,29,123" hai1="0,64,35,53,66,62,122,106,90,128,24,103,98" hai2="108,32,31,21,22,77,36,17,89,67,102,88,111" hai3="15,46,131,115,19,37,65,33,41,96,4,72,76"/><V63/><F36/><W5/><G33/><T75/><D104/><U119/><E0/><V116/><F116/><W113/><G65/><T3/><D75/><U27/><E66/><V124/><F124/><W134/><G131/><T109/><D68/><U95/><E128/><V49/><F32/><W80/><G134/><T39/><D39/><U81/><E53/><V42/><F102/><W133/><G133/><T101/><D130/><U56/><E119/><V117/><F117/><W83/><G96/><T135/><D109/><N who="2" m="42058" /><F77/><W74/><G83/><T99/><D135/><U38/><E38/><V7/><F7/><W25/><G74/><T71/><D71/><U73/><E35/><V23/><F31/><W13/><G25/><T30/><D127/><U107/><E107/><V105/><F105/><W94/><G94/><T84/><D112/><N who="3" m="43081" /><G13/><T54/><D3/><U57/><E27/><V91/><F49/><W26/><G26/><T34/><D34/><U50/><E24/><N who="2" m="14383" /><F42/><W121/><G4/><T52/><D11/><U126/><E106/><V44/><F44/><W47/><G46/><T78/><D78/><N who="1" m="44239" /><E103/><V92/><F92/><W70/><G5/><T58/><D30/><U125/><E126/><V14/><F14/><W16/><G70/><AGARI ba="0,0" hai="22,23,63,67,70,88,89,91" m="14383,42058" machi="70" ten="30,2900,0" yaku="10,1,54,1" doraHai="118" who="2" fromWho="3" sc="253,0,360,0,287,29,100,-29" /><INIT seed="6,1,0,5,5,109" ten="253,360,316,71" oya="2" hai0="15,123,70,56,116,124,108,69,126,26,31,39,49" hai1="67,33,34,97,66,18,21,65,0,16,76,35,78" hai2="119,29,64,40,130,48,14,114,32,101,93,63,74" hai3="103,8,122,134,75,85,104,131,106,7,105,51,84"/><V96/><F119/><W98/><G122/><T61/><D108/><U72/><E0/><V13/><F130/><W53/><G75/><T117/><D15/><U95/><E72/><V24/><F74/><W94/><G134/><T120/><D26/><U42/><E42/><V23/><F32/><W99/><G131/><T82/><D31/><U55/><E55/><V118/><F118/><N who="0" m="45674" /><D39/><U5/><E5/><V44/><REACH who="2" step="1"/><F114/><REACH who="2" ten="253,360,306,71" step="2"/><W47/><REACH who="3" step="1"/><G98/><REACH who="3" ten="253,360,306,61" step="2"/><T86/><D120/><U71/><E71/><AGARI ba="1,2" hai="13,14,23,24,29,40,44,48,63,64,71,93,96,101" machi="71" ten="30,5800,0" yaku="1,1,2,1,7,1,53,0" doraHai="109" doraHaiUra="115" who="2" fromWho="1" sc="253,0,360,-61,306,81,61,0" /><INIT seed="6,2,0,0,1,68" ten="253,299,387,61" oya="2" hai0="62,33,98,21,0,57,22,103,1,53,129,20,9" hai1="123,133,72,115,55,23,125,51,86,90,13,128,112" hai2="70,120,58,49,84,46,111,41,27,4,105,38,3" hai3="2,87,119,31,121,93,118,16,96,52,74,110,79"/><V109/><F105/><W32/><G121/><T45/><D129/><U73/><E123/><V10/><F120/><W75/><G110/><N who="2" m="41993" /><F70/><W132/><G2/><T126/><D33/><U17/><E128/><V54/><F84/><W100/><G32/><T34/><D126/><U65/><E65/><V64/><F27/><W104/><G31/><T69/><D69/><U66/><E66/><AGARI ba="2,0" hai="3,4,10,38,41,46,49,54,58,64,66" m="41993" machi="66" ten="30,2900,0" yaku="10,1,52,1" doraHai="68" who="2" fromWho="1" sc="253,0,299,-35,387,35,61,0" /><INIT seed="6,3,0,2,5,31" ten="253,264,422,61" oya="2" hai0="55,96,25,86,109,19,14,98,121,100,111,64,92" hai1="128,11,23,33,76,106,114,48,46,72,56,60,15" hai2="82,110,75,119,13,22,65,61,8,18,113,42,29" hai3="2,45,84,99,43,68,24,130,129,122,9,127,6"/><V7/><F119/><W26/><G68/><T41/><D121/><U59/><E106/><V103/><F113/><W88/><G122/><T118/><D118/><U58/><E76/><V20/><F110/><W81/><G127/><T74/><D74/><U28/><E72/><V132/><F132/><W115/><G115/><T133/><D133/><U37/><E37/><V80/><F75/><W1/><G1/><T5/><D5/><U77/><E114/><V54/><F42/><W134/><G134/><T16/><D64/><U35/><E77/><V112/><F112/><W10/><G10/><T40/><D25/><U83/><E83/><V66/><F103/><W36/><REACH who="3" step="1"/><G99/><REACH who="3" ten="253,264,422,51" step="2"/><T44/><D96/><U50/><E128/><AGARI ba="3,1" hai="2,6,9,24,26,36,43,45,81,84,88,128,129,130" machi="128" ten="40,8000,1" yaku="1,1,2,1,19,1,54,1,53,0" doraHai="31" doraHaiUra="57" who="3" fromWho="1" sc="253,0,264,-89,422,0,51,99" /><INIT seed="7,0,0,0,3,101" ten="253,175,422,150" oya="3" hai0="115,116,72,42,47,104,29,49,55,97,53,67,37" hai1="50,66,70,90,130,79,120,107,82,109,134,112,85" hai2="61,83,71,110,75,105,14,58,94,5,80,99,81" hai3="52,48,60,22,93,18,39,23,128,108,127,117,28"/><W43/><G117/><T6/><D72/><U78/><E66/><N who="2" m="39223" /><F105/><W76/><G128/><T40/><D6/><U125/><E70/><V102/><F71/><W111/><G127/><T27/><D116/><U44/><E50/><V3/><F3/><W7/><G60/><T86/><D115/><U4/><E44/><V24/><F75/><W9/><G43/><T73/><D73/><U96/><E4/><V131/><F131/><W135/><G39/><T30/><D30/><U1/><E1/><V41/><F110/><N who="3" m="42027" /><G135/><T63/><D86/><U46/><E46/><V64/><F64/><W122/><G122/><T20/><D42/><U98/><E109/><V36/><F36/><W32/><G18/><T33/><D20/><U74/><E125/><V121/><F121/><W89/><G76/><T65/><D65/><U100/><E120/><V17/><F41/><W126/><G126/><T113/><D113/><U35/><E35/><V133/><F133/><W114/><G114/><T38/><D38/><U26/><E26/><V2/><F2/><N who="3" m="247" /><G28/><T84/><D37/><U124/><E112/><V59/><F5/><W87/><G32/><T25/><D63/><U95/><E124/><V10/><F24/><W91/><G89/><T54/><D67/><U16/><E16/><V11/><F59/><AGARI ba="0,0" hai="22,23,48,52,59,87,91,93" m="247,42027" machi="59" ten="30,2900,0" yaku="10,1,54,1" doraHai="101" who="3" fromWho="2" sc="253,0,175,0,422,-29,150,29" /><INIT seed="7,1,0,5,3,109" ten="253,175,393,179" oya="3" hai0="133,17,104,79,32,35,13,0,23,89,128,97,110" hai1="98,75,103,122,27,33,108,67,21,3,29,93,64" hai2="40,78,71,46,34,31,58,76,41,57,1,8,45" hai3="68,51,22,61,56,7,106,112,53,50,20,121,132"/><W100/><G121/><T63/><D0/><U14/><E75/><V86/><F71/><W129/><G129/><T39/><D39/><U11/><E122/><V72/><F72/><W127/><G127/><T59/><D110/><U28/><E108/><V88/><F34/><W37/><G37/><T90/><D128/><U36/><E36/><V44/><F31/><W4/><G132/><T116/><D116/><U92/><E92/><N who="2" m="54295" /><F1/><W115/><G68/><T12/><D133/><U43/><E43/><N who="2" m="16459" /><F8/><W73/><G73/><T120/><D79/><AGARI ba="1,0" hai="44,45,46,57,58,76,78,79" m="16459,54295" machi="79" ten="30,2000,0" yaku="8,1,54,1" doraHai="109" who="2" fromWho="0" sc="253,-23,175,0,393,23,179,0" owari="230,3.0,175,-32.0,416,51.0,179,-22.0" /></mjloggm>