<mjloggm ver="2.3"><GO type="97" lobby="0"/><UN n0="%4B%41%5A%4F%4F%4E" n1="%E3%83%88%E3%83%88%E3%83%AA%E5%85%88%E7%94%9F%31%39%E6%AD%B3" n2="%E3%82%BF%E3%83%B3%E3%83%A4%E7%8E%8B" n3="%54%4F%4B%59%4F%4B%49%44" dan="14,15,15,17" rate="1961.93,2054.81,2003.71,2159.66" sx="M,F,M,M"/><TAIKYOKU oya="0"/><INIT seed="0,0,0,1,4,91" ten="250,250,250,250" oya="0" hai0="45,29,17,36,0,44,62,72,97,119,21,28,134" hai1="39,85,116,7,40,66,55,13,89,20,67,73,18" hai2="46,133,77,5,70,12,4,109,68,87,51,56,78" hai3="111,15,129,59,25,88,120,57,71,98,79,131,26"/><T31/><D72/><U102/><E116/><V86/><F109/><W49/><G71/><T54/><D119/><U1/><E73/><V94/><F133/><W22/><G79/><N who="2" m="30217" /><F70/><W48/><G111/><T127/><D127/><U37/><E102/><V112/><F68/><W8/><G120/><T76/><D76/><U50/><E7/><N who="2" m="2635" /><F112/><W42/><G42/><T74/><D0/><U60/><E1/><V47/><F12/><W30/><G26/><T101/><D74/><U14/><E14/><V16/><F16/><N who="3" m="8295" /><G57/><N who="0" m="35127" /><D36/><U35/><E35/><V58/><F46/><W27/><G59/><N who="2" m="22569" /><F94/><N who="3" m="56647" /><G27/><N who="0" m="14767" /><D134/><U130/><E39/><V132/><F132/><W128/><AGARI ba="0,0" hai="22,25,30,48,49,128,129,131" m="56647,8295" machi="128" ten="30,7900,0" yaku="19,1,52,1,54,2" doraHai="91" who="3" fromWho="3" sc="250,-39,250,-20,250,-20,250,79" /><INIT seed="1,0,0,0,0,72" ten="211,230,230,329" oya="1" hai0="107,28,113,44,2,27,56,80,50,7,20,74,1" hai1="118,41,67,116,112,97,15,86,37,14,124,35,82" hai2="120,127,77,64,68,101,102,126,5,100,53,135,25" hai3="78,105,103,134,39,69,52,6,132,94,29,9,131"/><U88/><E112/><V36/><F120/><W31/><G69/><T75/><D113/><U70/><E35/><V51/><F36/><W43/><G105/><T16/><D107/><U91/><E124/><N who="2" m="47659" /><F135/><N who="3" m="51755" /><G131/><T57/><D75/><U30/><E30/><V8/><F25/><W65/><G65/><T22/><D1/><U10/><E15/><N who="2" m="5519" /><F64/><W26/><G26/><T21/><D2/><U61/><E41/><V133/><F133/><W115/><G43/><T98/><D7/><U66/><E37/><V11/><F11/><W129/><G129/><T63/><D98/><U108/><E108/><V18/><F18/><W79/><G39/><T49/><D74/><U62/><E97/><V38/><F68/><W111/><G111/><T93/><D93/><U121/><E121/><V109/><F38/><W119/><G94/><T81/><D28/><N who="3" m="10825" /><G115/><T42/><D50/><U40/><E40/><V104/><F104/><W114/><G114/><T117/><D117/><U99/><E62/><V58/><F109/><W90/><G119/><T47/><D47/><U130/><E67/><V96/><F96/><W87/><G103/><T4/><D4/><N who="1" m="3399" /><E130/><V73/><F73/><W110/><G110/><T54/><REACH who="0" step="1"/><D57/><REACH who="0" ten="201,230,230,329" step="2"/><U60/><E60/><V92/><F92/><N who="3" m="54367" /><G6/><T83/><AGARI ba="0,1" hai="16,20,21,22,27,42,44,49,54,56,63,80,81,83" machi="83" ten="30,7900,0" yaku="1,1,0,1,8,1,54,1,53,0" doraHai="72" doraHaiUra="125" who="0" fromWho="0" sc="201,89,230,-39,230,-20,329,-20" /><INIT seed="2,0,0,2,0,38" ten="290,191,210,309" oya="2" hai0="90,25,106,78,126,134,92,98,46,99,105,72,55" hai1="131,87,40,120,11,7,69,58,121,57,112,68,103" hai2="96,129,53,6,31,80,43,26,54,85,100,109,124" hai3="117,33,81,123,49,28,45,44,119,82,89,62,34"/><V110/><F124/><W125/><G125/><T14/><D126/><U70/><E112/><V61/><F6/><W5/><G123/><N who="1" m="47178" /><E103/><V76/><F129/><W12/><G62/><T4/><D25/><U36/><E87/><V48/><F61/><W94/><G44/><T107/><D55/><U42/><E131/><V35/><F43/><N who="1" m="16425" /><E36/><V122/><F122/><W115/><G115/><T13/><D46/><U128/><E128/><V32/><F32/><W8/><G34/><T84/><D4/><U118/><E118/><V73/><F73/><W9/><G119/><T114/><D14/><AGARI ba="0,0" hai="7,11,14,57,58,68,69,70" m="16425,47178" machi="14" ten="40,8000,1" yaku="13,1,52,3" doraHai="38" who="1" fromWho="0" sc="290,-80,191,80,210,0,309,0" /><INIT seed="3,0,0,2,4,46" ten="210,271,210,309" oya="3" hai0="104,71,1,87,132,10,55,58,57,37,6,67,18" hai1="49,36,77,21,59,15,43,70,99,81,122,131,72" hai2="89,115,53,69,120,30,129,126,63,90,117,82,112" hai3="9,38,135,121,66,23,119,22,74,44,83,35,86"/><W127/><G121/><T92/><D132/><U12/><E122/><V3/><F120/><W108/><G119/><T8/><D104/><U39/><E70/><V75/><F117/><W113/><G35/><T50/><D37/><U34/><E34/><V16/><F3/><W2/><G113/><T116/><D116/><U95/><E131/><V91/><F129/><W125/><G66/><T85/><D92/><U96/><E96/><V24/><F126/><N who="3" m="48139" /><G108/><T94/><D71/><U134/><E134/><V33/><F16/><W19/><G74/><T31/><D31/><U48/><E59/><V102/><F102/><W97/><G97/><T56/><D94/><U109/><E109/><V84/><F75/><W14/><G2/><T103/><D103/><U13/><E21/><V88/><REACH who="2" step="1"/><F53/><REACH who="2" ten="210,271,200,309" step="2"/><W52/><G135/><T54/><D67/><AGARI ba="0,1" hai="24,30,33,63,67,69,82,84,88,89,90,91,112,115" machi="67" ten="40,5200,0" yaku="1,1,2,1,54,1,53,0" doraHai="46" doraHaiUra="7" who="2" fromWho="0" sc="210,-52,271,0,200,62,309,0" owari="158,-34.0,271,7.0,262,-14.0,309,41.0" /></mjloggm>