<mjloggm ver="2.3"><GO type="41" lobby="0"/><UN n0="%E3%83%AD%E3%83%83%E3%82%AD%E3%83%BC%E5%90%9B" n1="%E3%81%8C%E3%81%8A%E3%83%BC" n2="%E5%B0%B1%E6%B4%BB%E7%94%9F%40%E5%B7%9D%E6%9D%91%E8%BB%8D%E5%9B%A3" n3="%E6%B1%9F%E6%88%B8%E5%89%8D%E3%82%B3%E3%83%8A%E3%83%B3" dan="14,15,15,15" rate="1982.05,2059.52,2014.58,2006.52" sx="M,M,M,M"/><TAIKYOKU oya="0"/><INIT seed="0,0,0,3,2,2" ten="250,250,250,250" oya="0" hai0="71,67,42,72,122,70,8,65,21,30,82,76,126" hai1="45,55,118,133,46,78,96,24,32,58,52,97,6" hai2="54,53,12,69,119,0,135,116,85,109,29,68,110" hai3="127,112,131,17,16,132,1,86,92,134,73,89,56"/><T43/><D126/><U107/><E118/><N who="2" m="45099" /><F0/><W104/><G112/><T44/><D30/><U90/><E78/><V5/><F29/><W93/><G104/><T103/><D21/><U51/><E133/><N who="3" m="51306" /><G127/><T25/><D25/><U128/><E128/><V31/><F31/><W61/><G73/><T79/><D103/><U91/><E107/><V38/><F38/><W113/><G113/><T94/><D94/><U62/><E32/><V111/><F135/><W83/><G1/><T3/><D79/><U63/><E24/><V33/><F33/><W4/><G4/><N who="0" m="1055" /><D43/><U39/><E39/><V18/><F85/><W36/><G36/><N who="0" m="21575" /><D122/><U106/><E106/><V95/><F95/><N who="3" m="36427" /><G131/><T49/><D49/><U28/><E28/><V88/><F88/><N who="1" m="33833" /><E6/><V87/><F87/><W15/><G15/><T59/><D59/><N who="1" m="35199" /><E45/><V50/><F5/><W34/><G34/><T9/><D9/><U10/><E10/><N who="2" m="6423" /><F53/><AGARI ba="0,0" hai="16,17,53,56,61,83,86,89" m="36427,51306" machi="53" ten="30,2000,0" yaku="20,1,54,1" doraHai="2" who="3" fromWho="2" sc="250,0,250,0,250,-20,250,20" /><AGARI ba="0,0" hai="46,51,52,53,58,63,96,97" m="35199,33833" machi="53" ten="30,3900,0" yaku="8,1,54,2" doraHai="2" who="1" fromWho="2" sc="250,0,250,39,230,-39,270,0" /><INIT seed="1,0,0,4,0,110" ten="250,289,191,270" oya="1" hai0="71,2,105,27,13,46,36,77,51,32,82,126,132" hai1="81,47,56,20,70,119,43,87,0,101,55,67,66" hai2="89,33,95,104,97,102,62,25,93,76,98,94,125" hai3="116,107,12,74,96,111,10,6,21,60,3,114,103"/><U72/><E72/><V31/><F125/><W68/><G111/><T8/><D132/><U63/><E0/><V49/><F76/><W40/><G116/><T113/><D113/><U79/><E119/><V57/><REACH who="2" step="1"/><F49/><REACH who="2" ten="250,289,181,270" step="2"/><W88/><G114/><T44/><D126/><U69/><E69/><V75/><F75/><W124/><G74/><T30/><D71/><U86/><E70/><V26/><F26/><W39/><G124/><T133/><D133/><U90/><E101/><V131/><F131/><W23/><G68/><T120/><D120/><U84/><E20/><V112/><F112/><W1/><G23/><T73/><D51/><N who="1" m="27135" /><E86/><V58/><F58/><W50/><G50/><T9/><D46/><U92/><AGARI ba="0,1" hai="55,56,63,66,67,79,81,84,87,90,92" m="27135" machi="92" ten="30,1500,0" yaku="8,1" doraHai="110" who="1" fromWho="1" sc="250,-5,289,25,181,-5,270,-5" /><INIT seed="1,1,0,3,2,65" ten="245,314,176,265" oya="1" hai0="77,97,24,50,128,27,116,78,76,134,92,40,18" hai1="60,62,20,122,56,115,101,88,104,119,120,132,34" hai2="58,113,68,103,63,112,13,1,127,14,26,109,126" hai3="107,35,10,43,86,12,48,7,0,8,19,96,102"/><U89/><E119/><V53/><F1/><W90/><G35/><T75/><D128/><U21/><E34/><V29/><F103/><W87/><G43/><T108/><D75/><U36/><E36/><V85/><F85/><W66/><G48/><T131/><D131/><U46/><E115/><N who="2" m="44107" /><F109/><W84/><REACH who="3" step="1"/><G66/><REACH who="3" ten="245,314,176,255" step="2"/><T28/><D116/><U95/><E122/><V72/><F72/><W47/><G47/><T17/><D108/><U37/><E46/><V124/><F68/><W44/><G44/><N who="0" m="25863" /><D134/><U33/><E132/><V94/><F94/><AGARI ba="1,1" hai="0,7,8,10,12,19,84,86,87,90,94,96,102,107" machi="94" ten="30,2000,0" yaku="1,1,7,1,53,0" doraHai="65" doraHaiUra="49" who="3" fromWho="2" sc="245,0,314,0,176,-23,255,33" /><INIT seed="2,0,0,4,0,124" ten="245,314,153,288" oya="2" hai0="25,28,51,123,57,121,104,0,31,4,54,128,130" hai1="103,89,118,50,65,112,66,11,47,43,3,36,67" hai2="95,52,9,15,17,7,42,62,92,131,97,115,6" hai3="126,72,8,84,77,81,33,107,53,18,71,82,69"/><V73/><F115/><W108/><G108/><T24/><D104/><U45/><E112/><V100/><F73/><W46/><G126/><T116/><D116/><U29/><E118/><V125/><F125/><W60/><G107/><T86/><D4/><U135/><E135/><V40/><F131/><N who="0" m="50218" /><D86/><U5/><E29/><N who="0" m="11337" /><D0/><U22/><E22/><V93/><F7/><W39/><G33/><T32/><D32/><U113/><E113/><V23/><F42/><W68/><G72/><T63/><D63/><U94/><E103/><V83/><F40/><W12/><G60/><T80/><D80/><U34/><E34/><V37/><F37/><W61/><G81/><T110/><D110/><U88/><REACH who="1" step="1"/><E94/><REACH who="1" ten="245,304,153,288" step="2"/><V132/><F132/><W85/><G82/><T26/><AGARI ba="0,1" hai="24,25,26,51,54,57,121,123" m="11337,50218" machi="26" ten="40,8000,1" yaku="19,1,52,3" doraHai="124" who="0" fromWho="0" sc="245,90,304,-20,153,-40,288,-20" /><INIT seed="3,0,0,1,1,92" ten="335,284,113,268" oya="3" hai0="23,82,108,110,3,61,50,51,100,113,93,42,53" hai1="34,14,104,16,1,64,54,71,129,120,127,49,94" hai2="57,46,43,70,131,10,48,18,55,40,107,126,15" hai3="21,115,59,96,2,74,109,44,89,123,45,37,116"/><W88/><G123/><T119/><D3/><U114/><E104/><V84/><F126/><W134/><G115/><T133/><D133/><U27/><E1/><V106/><F131/><W65/><G116/><T112/><D23/><U75/><E120/><V9/><F70/><W101/><G134/><T22/><D22/><U17/><E114/><N who="0" m="44137" /><D82/><U38/><E38/><V99/><F40/><W19/><G2/><T105/><D105/><U35/><E75/><V87/><F10/><W36/><G74/><T5/><D5/><U66/><E127/><V111/><F111/><N who="0" m="42538" /><D93/><U73/><E94/><V56/><F56/><W67/><G109/><T63/><D100/><U31/><E73/><V58/><F58/><W121/><G121/><T85/><D85/><U68/><E35/><V30/><F30/><W41/><G59/><N who="0" m="33215" /><D119/><U117/><E117/><V103/><REACH who="2" step="1"/><F107/><REACH who="2" ten="335,284,103,268" step="2"/><W62/><G41/><T102/><D102/><U12/><E71/><V52/><F52/><W125/><G101/><T79/><D79/><U130/><E68/><V83/><F83/><W124/><G125/><T80/><D80/><U86/><E54/><V0/><F0/><W91/><G124/><T33/><D33/><U98/><E34/><V32/><F32/><W128/><G128/><T20/><D20/><U90/><E129/><V69/><F69/><W77/><G21/><T25/><D25/><U24/><E130/><V132/><F132/><W97/><G77/><T8/><D8/><U118/><E27/><V78/><F78/><W6/><G6/><T47/><AGARI ba="0,1" hai="42,47,50,61,63" m="33215,42538,44137" machi="47" ten="40,8000,1" yaku="11,1,14,1,34,2" doraHai="92" who="0" fromWho="0" sc="335,90,284,-20,103,-20,268,-40" /><INIT seed="4,0,0,3,0,9" ten="425,264,83,228" oya="0" hai0="99,124,112,16,115,24,68,82,45,123,88,70,86" hai1="114,13,85,97,100,14,32,0,90,53,116,15,3" hai2="4,10,49,130,110,109,101,50,41,132,43,17,128" hai3="98,94,51,30,103,31,75,25,8,60,57,79,119"/><T131/><D123/><U81/><E116/><V12/><F101/><W78/><G119/><T102/><D131/><U37/><E37/><V23/><F132/><W36/><G36/><T27/><D124/><U6/><E32/><V22/><F4/><W46/><G75/><T66/><D45/><U63/><E114/><N who="0" m="43561" /><D66/><U107/><REACH who="1" step="1"/><E6/><REACH who="1" ten="425,254,83,228" step="2"/><V33/><F33/><W55/><G8/><T71/><D16/><U74/><E74/><V65/><F17/><W38/><G38/><T69/><N who="0" m="17408" /><DORA hai="77" /><T19/><D19/><U87/><E87/><V52/><F10/><W111/><G111/><T7/><D7/><U39/><E39/><V122/><F122/><W126/><G126/><T104/><AGARI ba="0,1" hai="24,27,82,86,88,99,102,104" m="17408,43561" machi="104" ten="60,11700,0" yaku="15,1,52,1,54,1" doraHai="9,77" who="0" fromWho="0" sc="425,127,254,-39,83,-39,228,-39" /><INIT seed="4,1,0,5,5,83" ten="552,215,44,189" oya="0" hai0="95,19,123,116,32,40,127,84,22,46,102,120,33" hai1="115,85,94,31,131,18,7,112,79,39,23,96,10" hai2="48,3,2,21,114,135,65,90,88,26,37,13,118" hai3="45,77,78,72,103,107,27,133,28,15,100,119,68"/><T55/><D116/><U6/><E39/><V70/><F37/><W49/><G119/><T38/><D127/><U12/><E131/><V82/><F118/><W16/><G68/><T98/><D123/><U63/><E63/><V87/><F114/><N who="1" m="43561" /><E31/><V60/><F135/><W113/><G113/><T86/><D120/><U0/><E6/><V44/><F13/><W51/><G133/><T110/><D110/><U57/><E57/><V5/><F5/><W43/><G72/><T111/><D111/><U17/><E17/><V35/><F35/><W14/><G107/><T75/><D75/><U36/><E36/><V4/><F4/><W132/><G132/><T99/><D99/><U29/><E29/><V130/><F90/><W125/><G125/><T66/><D66/><U47/><E47/><V64/><F64/><W74/><G74/><T25/><D55/><U62/><E62/><V89/><F89/><W11/><G15/><T121/><REACH who="0" step="1"/><D121/><REACH who="0" ten="542,215,44,189" step="2"/><U108/><E108/><V50/><F130/><W101/><REACH who="3" step="1"/><G51/><REACH who="3" ten="542,215,44,179" step="2"/><T59/><D59/><U73/><E73/><V105/><F105/><W8/><G8/><T92/><D92/><U34/><E94/><V54/><REACH who="2" step="1"/><F50/><REACH who="2" ten="542,215,34,179" step="2"/><W9/><G9/><T109/><D109/><U67/><E10/><V53/><F53/><W129/><G129/><T80/><D80/><U106/><E106/><V93/><F93/><W24/><G24/><T128/><D128/><U61/><E67/><V42/><F42/><W122/><G122/><T1/><D1/><U69/><E0/><V58/><F58/><W126/><G126/><T56/><D56/><RYUUKYOKU ba="1,3" sc="542,10,215,-30,34,10,179,10" hai0="19,22,25,32,33,38,40,46,84,86,95,98,102" hai2="2,3,21,26,44,48,54,60,65,70,82,87,88" hai3="11,14,16,27,28,43,45,49,77,78,100,101,103" /><INIT seed="4,2,3,5,1,72" ten="552,185,44,189" oya="0" hai0="3,71,43,77,15,49,133,65,1,130,118,110,39" hai1="25,113,62,124,92,44,79,84,2,100,13,23,87" hai2="119,46,42,102,69,111,108,125,78,116,73,99,88" hai3="4,55,82,50,70,45,64,16,121,76,105,97,104"/><T94/><D118/><N who="2" m="45098" /><F69/><W29/><G4/><T28/><D133/><U12/><E2/><V74/><F46/><W22/><G29/><T67/><D130/><U6/><E124/><V126/><F42/><W95/><G121/><T40/><D110/><N who="2" m="42026" /><F88/><W75/><G64/><T7/><D94/><U11/><E113/><V35/><F35/><W93/><G70/><T109/><D109/><U66/><E13/><V107/><F78/><W134/><G134/><T68/><D15/><U52/><E79/><V31/><F31/><W98/><G93/><T54/><D28/><N who="1" m="17471" /><E66/><V106/><F106/><W89/><G98/><T34/><D34/><U114/><E114/><V132/><F132/><W20/><G20/><T53/><D49/><N who="1" m="28711" /><E62/><V0/><F0/><W131/><REACH who="3" step="1"/><G131/><REACH who="3" ten="552,185,44,179" step="2"/><T36/><D7/><U10/><E10/><V5/><F5/><W58/><G58/><T85/><D85/><U123/><E123/><V112/><F112/><W90/><G90/><T51/><D51/><U96/><AGARI ba="2,4" hai="6,11,12,84,87,92,96,100" m="28711,17471" machi="96" ten="30,2000,0" yaku="8,1,54,1" doraHai="72" who="1" fromWho="1" sc="552,-12,185,66,44,-7,179,-7" /><INIT seed="5,0,0,0,2,0" ten="540,251,37,172" oya="1" hai0="42,79,34,104,6,121,11,131,74,33,31,123,122" hai1="65,50,43,53,19,95,7,36,130,22,135,91,118" hai2="107,106,63,93,21,72,55,29,97,94,80,10,28" hai3="86,23,90,73,45,12,108,2,32,114,87,57,92"/><U96/><E118/><V99/><F72/><W41/><G73/><T116/><D116/><U16/><E135/><V56/><F80/><W54/><G32/><T40/><D131/><U115/><E115/><V30/><F21/><W120/><G120/><T46/><D42/><U47/><E130/><V68/><F68/><W129/><G108/><T105/><D31/><U83/><E83/><V4/><F106/><W64/><G2/><N who="0" m="471" /><D46/><U110/><E110/><V128/><F128/><W71/><G129/><T100/><D40/><U26/><E65/><V89/><F107/><N who="0" m="41034" /><D100/><U39/><E39/><V84/><REACH who="2" step="1"/><F93/><REACH who="2" ten="540,251,27,172" step="2"/><W126/><G71/><T67/><D67/><U117/><E117/><V62/><F62/><W48/><G64/><T60/><D60/><U58/><E22/><V27/><F27/><W82/><G23/><T38/><D38/><U109/><E26/><V77/><F77/><W49/><G114/><T1/><D79/><U101/><E109/><V88/><F88/><W18/><G82/><T24/><D74/><U61/><E91/><V52/><F52/><W133/><G90/><T78/><D24/><U112/><E112/><V51/><F51/><W13/><G92/><T111/><D78/><U124/><E36/><V98/><F98/><W5/><G49/><T14/><D111/><U35/><E35/><V37/><F37/><W59/><G54/><T125/><D34/><U15/><E124/><V76/><F76/><W85/><G48/><T20/><D33/><U70/><E70/><V113/><F113/><W69/><G69/><T3/><D125/><U102/><E102/><RYUUKYOKU ba="0,1" sc="540,10,251,10,27,10,172,-30" hai0="1,3,14,20,121,122,123" hai1="7,15,16,19,43,47,50,53,58,61,95,96,101" hai2="4,10,28,29,30,55,56,63,84,89,94,97,99" /><INIT seed="5,1,1,4,3,25" ten="550,261,37,142" oya="1" hai0="41,40,6,26,80,133,31,59,128,130,74,82,18" hai1="131,89,104,86,95,92,122,57,53,134,111,36,64" hai2="32,84,20,120,48,39,5,112,93,42,90,29,47" hai3="126,72,132,63,124,16,24,56,34,62,99,70,110"/><U107/><E122/><V61/><F120/><W55/><G110/><T121/><D121/><U108/><E36/><V15/><F112/><W44/><G72/><T14/><D133/><U8/><E134/><V109/><F109/><N who="1" m="42057" /><E131/><V45/><F32/><W52/><G132/><T117/><D6/><U105/><E64/><V102/><F102/><W17/><G99/><T101/><D117/><U28/><E8/><V13/><F61/><W135/><G135/><T85/><D101/><U12/><E12/><V96/><F96/><W30/><G70/><T67/><D74/><U68/><E68/><V35/><F35/><W66/><G44/><T33/><D82/><N who="1" m="49367" /><E28/><V46/><F5/><W88/><G88/><T76/><D67/><U19/><E19/><N who="3" m="7242" /><G63/><AGARI ba="1,1" hai="53,57,63,92,95,104,105,107" m="49367,42057" machi="63" ten="40,2000,0" yaku="10,1" doraHai="25" who="1" fromWho="3" sc="550,0,261,33,37,0,142,-23" /><INIT seed="5,2,0,4,2,5" ten="550,294,37,119" oya="1" hai0="112,120,88,106,117,92,28,101,75,37,128,87,33" hai1="20,124,94,60,46,11,74,14,32,85,27,115,62" hai2="1,38,3,126,130,107,9,19,77,54,21,13,44" hai3="79,51,2,6,49,116,61,82,34,97,22,134,125"/><U15/><E74/><V29/><F107/><W90/><G34/><T129/><D37/><U133/><E32/><V114/><F77/><W7/><G125/><T17/><D17/><U16/><E124/><V41/><F126/><W93/><G134/><T43/><D43/><U118/><E118/><V50/><F130/><W67/><G116/><T10/><D117/><U23/><E133/><V111/><F111/><W105/><G105/><T80/><D120/><U55/><E115/><V89/><F114/><W132/><G132/><T52/><D112/><U109/><E109/><V110/><F110/><W39/><G39/><T36/><D36/><U47/><E94/><V86/><F29/><W45/><G22/><T78/><D28/><N who="1" m="17535" /><E85/><V66/><F66/><W18/><G18/><T103/><D33/><U0/><E0/><V72/><F72/><W30/><G30/><T64/><D64/><U127/><E127/><V119/><F119/><W65/><G65/><T59/><D10/><U57/><E62/><V25/><F25/><W131/><G131/><N who="0" m="50251" /><D106/><U96/><E96/><V91/><F91/><W42/><G2/><T76/><D76/><U81/><E81/><V98/><F98/><W95/><G82/><T104/><D104/><U69/><E69/><V135/><F135/><W73/><G79/><T35/><D35/><U122/><E122/><V26/><F26/><W48/><G73/><T58/><D58/><U63/><E63/><AGARI ba="2,0" hai="52,59,63,75,78,80,87,88,92,101,103" m="50251" machi="63" ten="30,3900,0" yaku="19,1,54,2" doraHai="5" who="0" fromWho="1" sc="550,45,294,-45,37,0,119,0" /><INIT seed="6,0,0,2,0,11" ten="595,249,37,119" oya="2" hai0="87,12,7,32,83,68,113,125,89,98,118,73,103" hai1="42,43,64,111,129,51,126,121,3,34,4,116,46" hai2="20,72,110,91,130,104,50,61,71,78,94,62,25" hai3="47,56,90,39,27,112,63,117,96,79,115,15,80"/><V99/><F110/><W60/><G117/><T70/><D32/><U65/><E111/><V49/><F130/><W29/><G96/><T0/><D0/><U93/><E34/><V14/><F72/><W82/><G90/><T23/><D125/><U28/><E116/><V132/><F132/><W16/><G39/><T54/><D113/><N who="3" m="43593" /><G47/><T45/><D118/><U19/><E126/><V6/><F104/><W67/><G63/><N who="2" m="24073" /><F71/><W107/><G107/><T134/><D134/><U77/><E129/><V35/><F35/><N who="3" m="20927" /><G79/><T88/><D89/><U95/><E77/><V119/><F119/><W76/><G76/><T37/><D73/><U40/><E121/><V18/><F78/><W57/><G56/><T122/><D122/><U55/><E3/><V13/><F6/><W133/><G133/><T108/><D108/><U1/><E4/><V9/><F9/><AGARI ba="0,0" hai="9,15,16,57,60,67,80,82" m="20927,43593" machi="9" ten="30,7700,0" yaku="15,1,11,1,52,1,54,1" doraHai="11" who="3" fromWho="2" sc="595,0,249,0,37,-77,119,77" owari="595,69.0,249,5.0,-40,-54.0,196,-20.0" /></mjloggm>