<mjloggm ver="2.3"><GO type="41" lobby="0"/><UN n0="%E3%83%A8%E3%83%83%E3%83%81" n1="%6B%69%6E%6B%73%66%75%6E" n2="%E3%83%86%E3%82%A3%EF%BD%9E%E3%83%AF%E3%82%A4" n3="%E5%B0%B1%E6%B4%BB%E7%94%9F%40%E5%B7%9D%E6%9D%91%E8%BB%8D%E5%9B%A3" dan="14,13,13,14" rate="1991.89,1850.49,1871.11,1975.28" sx="M,M,M,M"/><TAIKYOKU oya="0"/><INIT seed="0,0,0,4,4,14" ten="250,250,250,250" oya="0" hai0="66,73,90,134,28,119,27,21,10,128,99,76,11" hai1="130,37,59,72,40,60,30,111,118,2,70,38,34" hai2="106,46,127,54,35,114,0,109,86,36,42,49,94" hai3="75,33,22,56,65,100,13,93,116,67,95,48,64"/><T3/><D119/><U7/><E118/><V124/><F109/><W92/><G33/><T117/><D117/><U132/><E70/><V85/><F35/><W57/><G116/><T68/><D134/><U125/><E132/><V113/><F0/><W108/><G108/><T9/><D128/><U80/><E111/><V52/><F106/><W71/><G71/><T78/><D3/><U79/><E130/><V12/><F12/><W39/><G39/><T105/><D73/><U4/><E125/><N who="2" m="48203" /><F94/><W23/><G75/><T122/><D122/><U50/><E7/><V87/><F36/><W44/><G100/><T120/><D120/><U103/><E103/><V69/><F69/><W15/><G44/><T18/><D105/><U98/><E98/><V1/><F1/><W84/><G84/><N who="2" m="21505" /><V88/><DORA hai="55" /><F88/><W135/><G48/><T107/><D107/><U62/><E38/><V61/><F42/><W97/><G97/><T25/><D68/><U123/><E37/><V63/><F54/><W51/><G51/><T91/><D66/><U112/><E123/><V83/><F83/><W115/><G135/><T32/><D91/><U5/><E40/><V29/><F29/><W121/><G121/><T96/><REACH who="0" step="1"/><D99/><REACH who="0" ten="240,250,250,250" step="2"/><U20/><E2/><V26/><F26/><W31/><G67/><T53/><D53/><U82/><E72/><V104/><F104/><W24/><G65/><T8/><N who="0" m="2048" /><DORA hai="74" /><T129/><D129/><U19/><E4/><V17/><F17/><W101/><G64/><T131/><D131/><U41/><E5/><V58/><F46/><W45/><G45/><RYUUKYOKU ba="0,1" sc="240,15,250,-15,250,15,250,-15" hai0="18,21,25,27,28,32,76,78,90,96" hai2="49,52,58,61,63,113,114" /><INIT seed="0,1,1,2,4,85" ten="255,235,265,235" oya="0" hai0="125,30,108,116,77,120,60,78,131,96,118,1,122" hai1="18,81,133,10,112,103,74,99,134,101,79,23,68" hai2="11,106,41,50,15,19,36,21,57,28,35,83,76" hai3="55,14,126,51,113,42,84,32,91,25,6,82,94"/><T27/><D60/><U109/><E68/><V67/><F106/><W61/><G113/><T130/><D1/><U119/><E10/><V72/><F36/><W88/><G126/><T105/><D27/><U69/><E69/><V124/><F124/><W20/><G32/><T89/><D30/><U128/><E112/><V115/><F115/><W114/><G114/><T39/><D39/><U117/><E109/><V48/><F35/><W4/><G61/><T43/><D43/><U111/><E111/><V45/><F28/><N who="3" m="17447" /><G42/><T66/><D66/><U22/><E128/><N who="0" m="49193" /><D108/><U33/><E33/><V24/><F24/><W129/><G14/><T63/><D63/><U26/><E23/><V92/><F92/><W64/><G64/><T52/><D52/><U7/><E7/><N who="3" m="2602" /><G129/><T34/><D34/><U104/><REACH who="1" step="1"/><E103/><REACH who="1" ten="255,225,265,235" step="2"/><V9/><F67/><W123/><G123/><N who="0" m="47147" /><D125/><U56/><E56/><V2/><REACH who="2" step="1"/><F2/><REACH who="2" ten="255,225,255,235" step="2"/><W80/><G55/><AGARI ba="1,3" hai="9,11,15,19,21,41,45,48,50,55,57,72,76,83" machi="55" ten="40,2600,0" yaku="1,1,2,1,53,0" doraHai="85" doraHaiUra="90" who="2" fromWho="3" sc="255,0,225,0,255,59,235,-29" /><INIT seed="1,0,0,1,3,33" ten="255,225,314,206" oya="1" hai0="128,31,14,131,22,52,55,129,6,67,50,39,90" hai1="127,115,8,46,81,37,34,109,11,95,40,63,85" hai2="9,132,44,100,48,75,112,125,120,62,29,130,20" hai3="110,69,68,99,87,49,114,16,60,98,94,61,135"/><U45/><E115/><V10/><F75/><W113/><G135/><T79/><D39/><U134/><E34/><V64/><F112/><W106/><G110/><T7/><D79/><U13/><E134/><V121/><F120/><W51/><G94/><T17/><D67/><U93/><E109/><V65/><F121/><W96/><G87/><T70/><D70/><N who="3" m="27241" /><G16/><T74/><D74/><U32/><E127/><V15/><F132/><W133/><G133/><T78/><D55/><U89/><E32/><V25/><F125/><W108/><G106/><T80/><D31/><U42/><E63/><N who="3" m="24138" /><G108/><T43/><D43/><U30/><E30/><V101/><F130/><W104/><G104/><T26/><D26/><U53/><E53/><N who="2" m="29831" /><F62/><W1/><G1/><T88/><D78/><U66/><E8/><N who="2" m="3179" /><F15/><W123/><G123/><T27/><D14/><U24/><E66/><AGARI ba="0,0" hai="20,25,29,64,65,66,100,101" m="3179,29831" machi="66" ten="30,1000,0" yaku="8,1" doraHai="33" who="2" fromWho="1" sc="255,0,225,-10,314,10,206,0" /><INIT seed="2,0,0,0,5,30" ten="255,215,324,206" oya="2" hai0="79,124,87,21,29,56,12,3,35,123,13,15,20" hai1="112,120,80,94,113,91,27,71,109,95,96,64,63" hai2="4,47,107,50,44,77,102,111,119,0,60,54,104" hai3="99,55,129,6,122,32,41,88,133,73,24,40,7"/><V31/><F119/><W34/><G73/><T93/><D123/><U67/><E109/><V9/><F111/><W76/><G76/><T110/><D110/><U62/><E120/><V126/><F126/><W115/><G122/><T45/><D3/><U42/><E80/><V14/><F77/><W43/><G115/><T132/><D124/><U48/><E95/><V130/><F130/><W114/><G114/><T90/><D132/><U17/><E48/><V38/><F102/><W11/><G129/><T58/><D45/><U2/><E42/><V83/><F83/><W1/><G133/><T72/><D72/><U68/><E2/><V86/><F86/><W16/><G55/><T25/><D79/><U10/><E10/><V105/><F60/><W66/><G66/><T28/><D35/><U75/><E75/><V74/><F74/><W39/><G7/><T134/><D134/><U8/><REACH who="1" step="1"/><E27/><AGARI ba="0,0" hai="12,13,15,20,21,25,27,28,29,56,58,87,90,93" machi="27" ten="40,2600,0" yaku="9,1,8,1" doraHai="30" who="0" fromWho="1" sc="255,26,215,-26,324,0,206,0" /><INIT seed="3,0,0,4,0,118" ten="281,189,324,206" oya="3" hai0="121,79,116,76,87,73,28,103,32,15,72,66,105" hai1="95,31,94,9,129,84,117,33,3,22,10,119,85" hai2="106,36,113,80,39,82,19,115,18,120,86,27,5" hai3="96,38,93,16,81,78,0,89,51,134,102,107,75"/><W71/><G38/><N who="2" m="14377" /><F27/><W35/><G35/><T111/><D116/><N who="1" m="44619" /><E33/><V70/><F5/><W109/><G71/><T20/><D111/><U59/><E59/><V92/><F92/><N who="1" m="35369" /><E31/><V126/><F86/><N who="1" m="33385" /><E22/><V49/><F49/><W8/><G109/><T128/><D128/><U52/><BYE who="0" /><E129/><UN n0="%E3%83%A8%E3%83%83%E3%83%81" /><V110/><F70/><W57/><G134/><T98/><D32/><U62/><E62/><V6/><F110/><W11/><G0/><T24/><D66/><U46/><E3/><V114/><F6/><W101/><G16/><N who="2" m="6185" /><F106/><W58/><G102/><T7/><D7/><U132/><E132/><V37/><F37/><W2/><G2/><T97/><D15/><U99/><E99/><V50/><F50/><AGARI ba="0,0" hai="9,10,46,50,52" m="33385,35369,44619" machi="50" ten="30,2000,0" yaku="12,1,54,1" doraHai="118" who="1" fromWho="2" sc="281,0,189,20,324,-20,206,0" /><INIT seed="4,0,0,5,5,96" ten="281,209,304,206" oya="0" hai0="127,14,46,134,44,54,108,39,124,109,88,48,3" hai1="78,19,26,84,91,72,24,20,68,112,122,59,27" hai2="120,107,119,64,32,28,117,103,37,1,16,33,47" hai3="77,90,111,115,12,135,23,93,4,21,130,43,110"/><T99/><D3/><U102/><E68/><V41/><F1/><W86/><G115/><T55/><D14/><U89/><E72/><V9/><F120/><W53/><G130/><T35/><D35/><U56/><E78/><V45/><F28/><W106/><G135/><T82/><D134/><U128/><E128/><V29/><F29/><W80/><G106/><T71/><D71/><U75/><E75/><V58/><F58/><W0/><G0/><T60/><D60/><U8/><E122/><V123/><F64/><W34/><G34/><T85/><D99/><U15/><E112/><V116/><F47/><W52/><G43/><T5/><D5/><U10/><E102/><V79/><F79/><W30/><G111/><N who="0" m="42571" /><D55/><N who="3" m="21065" /><G110/><T87/><D85/><U25/><N who="1" m="6656" /><DORA hai="104" /><U42/><E91/><V125/><F125/><N who="0" m="48202" /><D39/><U38/><E42/><V65/><F65/><W100/><G30/><T113/><D113/><U83/><E38/><V81/><F123/><W133/><G133/><T49/><D49/><U22/><E22/><N who="3" m="8202" /><G12/><T76/><D76/><U126/><REACH who="1" step="1"/><E126/><REACH who="1" ten="281,199,304,206" step="2"/><V131/><F131/><W50/><G77/><T67/><D67/><U114/><E114/><V61/><F119/><W36/><G36/><T18/><D44/><U92/><E92/><V17/><F37/><W118/><G93/><T129/><D129/><U98/><E98/><V13/><F117/><W94/><G118/><T51/><D51/><U7/><E7/><V105/><F116/><W63/><G50/><T73/><D73/><U40/><E40/><V74/><F41/><W95/><G4/><T2/><D18/><RYUUKYOKU ba="0,1" sc="281,15,199,15,304,-15,206,-15" hai0="2,46,48,54,82,87,88" hai1="8,10,15,19,20,56,59,83,84,89" /><INIT seed="4,1,1,2,4,35" ten="296,214,289,191" oya="0" hai0="21,20,74,57,30,124,108,33,10,109,102,106,105" hai1="44,73,99,87,6,129,17,32,113,98,41,75,28" hai2="13,65,56,55,88,14,7,1,24,81,16,18,46" hai3="125,36,12,128,22,78,92,116,111,47,104,119,53"/><T83/><D33/><U3/><E129/><V95/><F1/><W40/><G104/><T132/><D132/><U72/><E87/><V11/><F81/><W134/><G128/><T49/><D124/><U69/><E17/><V70/><F70/><W114/><G111/><N who="0" m="42571" /><D10/><U50/><E69/><V68/><F68/><W90/><G125/><T130/><D130/><U71/><E71/><V120/><F120/><W43/><G134/><T115/><D115/><U0/><E6/><V86/><F24/><W37/><G114/><T45/><D57/><U51/><E51/><N who="2" m="29175" /><F14/><W23/><G78/><N who="0" m="44503" /><D30/><U133/><E113/><V54/><F65/><W107/><G107/><N who="0" m="40971" /><D102/><U85/><E85/><V79/><F79/><W94/><G116/><T89/><D89/><U103/><E133/><V122/><F122/><W84/><G119/><T67/><D67/><U38/><E50/><AGARI ba="1,1" hai="7,11,13,16,18,50,54,56,86,88,95" m="29175" machi="50" ten="30,3900,0" yaku="8,1,54,2" doraHai="35" who="2" fromWho="1" sc="296,0,214,-42,289,52,191,0" /><INIT seed="5,0,0,3,3,77" ten="296,172,341,191" oya="1" hai0="129,100,130,70,24,37,58,23,72,78,121,2,73" hai1="90,5,9,105,46,65,120,29,15,49,125,63,132" hai2="32,85,106,47,27,128,102,48,113,45,39,40,96" hai3="116,66,56,33,83,43,67,99,36,86,42,127,22"/><U114/><E105/><V97/><F113/><W112/><G33/><T34/><D70/><U103/><E120/><V92/><F128/><W135/><G112/><T10/><D34/><U80/><E103/><V119/><F119/><W16/><G116/><T20/><D37/><U94/><E114/><V69/><F69/><W134/><G99/><T74/><D121/><U12/><E29/><V84/><F27/><N who="3" m="14791" /><G127/><T88/><D100/><U124/><E132/><N who="3" m="50730" /><G56/><T81/><D88/><U82/><E15/><V131/><F131/><N who="0" m="50186" /><D58/><N who="1" m="37111" /><E124/><V133/><F133/><W54/><G54/><T89/><D89/><U115/><E115/><V53/><F32/><W6/><G6/><N who="0" m="1367" /><D20/><U108/><E108/><V62/><F62/><W79/><G36/><T75/><D75/><U8/><E8/><V44/><F44/><W61/><G61/><T104/><D104/><U7/><E7/><V30/><F30/><AGARI ba="0,0" hai="23,24,30,72,73,74,78,81" m="1367,50186" machi="30" ten="30,2000,0" yaku="19,1,52,1" doraHai="77" who="0" fromWho="2" sc="296,20,172,0,341,-20,191,0" /><INIT seed="6,0,0,0,4,5" ten="316,172,321,191" oya="2" hai0="67,99,13,122,60,55,115,3,95,90,117,66,58" hai1="113,32,56,23,105,103,132,4,17,64,134,75,101" hai2="52,27,14,10,36,2,78,93,22,16,98,89,96" hai3="131,88,49,74,80,39,127,111,71,92,28,100,29"/><V104/><F36/><W129/><G39/><T61/><D122/><U106/><E75/><V85/><F2/><W107/><G111/><T130/><D3/><U0/><E32/><V37/><F37/><W82/><G71/><T7/><D117/><U11/><E113/><V118/><F118/><W33/><G127/><T120/><D115/><U6/><E6/><V41/><F41/><W65/><G65/><T42/><D120/><U19/><E19/><V86/><F52/><W38/><G38/><T48/><D42/><U84/><E84/><V114/><F114/><W83/><G74/><T128/><D67/><U50/><E50/><V54/><F54/><W9/><G33/><T76/><D76/><U109/><E109/><V77/><F104/><W87/><G49/><T72/><D72/><U45/><E45/><V26/><F26/><W34/><G34/><T46/><D61/><N who="1" m="37927" /><E106/><V124/><F124/><W35/><G35/><T116/><D116/><U24/><E105/><V102/><F96/><W8/><G100/><T69/><D69/><U133/><AGARI ba="0,0" hai="0,4,11,17,23,24,101,103,132,133,134" m="37927" machi="133" ten="30,2000,0" yaku="20,1,52,1" doraHai="5" who="1" fromWho="1" sc="316,-5,172,20,321,-10,191,-5" /><INIT seed="7,0,0,4,3,78" ten="311,192,311,186" oya="3" hai0="131,126,29,114,85,72,63,0,130,38,129,12,47" hai1="94,15,41,9,120,56,69,93,53,134,67,108,75" hai2="110,20,32,22,65,124,119,23,64,60,19,39,21" hai3="37,128,54,34,109,101,51,95,59,24,33,90,5"/><W25/><G37/><T49/><D72/><U111/><E75/><V80/><F110/><W81/><G109/><T61/><D0/><U40/><E120/><V87/><F119/><W45/><G128/><T13/><D38/><U98/><E69/><V68/><F39/><W125/><G125/><T104/><D104/><U84/><E67/><V123/><F123/><W11/><G33/><T3/><D3/><U127/><E127/><V73/><F73/><W27/><G34/><T112/><D29/><U121/><E134/><V71/><F32/><W46/><G101/><T16/><D12/><U113/><E113/><N who="0" m="43625" /><D85/><U89/><E121/><V79/><N who="2" m="5120" /><DORA hai="74" /><V82/><F124/><W115/><G115/><T36/><D36/><U91/><E111/><V30/><F30/><W66/><G66/><T116/><D116/><U77/><E77/><V100/><F100/><W48/><G48/><T118/><D118/><U135/><E108/><V70/><F19/><W17/><G17/><T86/><D86/><U117/><E135/><V6/><F6/><W88/><G81/><N who="2" m="31337" /><F87/><N who="3" m="52639" /><G90/><T103/><D103/><U10/><E117/><V102/><F102/><W58/><G46/><T55/><D126/><U26/><E26/><N who="3" m="6658" /><W18/><DORA hai="4" /><G5/><T1/><D1/><U8/><E15/><AGARI ba="0,0" hai="11,15,18,45,51,54,58,59" m="6658,52639" machi="15" ten="30,5800,0" yaku="8,1,52,1,54,1" doraHai="78,74,4" who="3" fromWho="1" sc="311,0,192,-58,311,0,186,58" /><INIT seed="7,1,0,1,2,92" ten="311,134,311,244" oya="3" hai0="31,84,125,2,98,58,1,75,89,50,69,109,101" hai1="49,7,102,132,70,52,65,82,14,48,115,24,43" hai2="121,16,8,35,118,47,111,21,127,72,33,85,129" hai3="95,5,57,34,63,23,64,13,87,37,128,135,29"/><W66/><G37/><T6/><D109/><U97/><E115/><V126/><F111/><W18/><G128/><T0/><D75/><U53/><E132/><V76/><F118/><W131/><G131/><T4/><D69/><U71/><E82/><N who="2" m="45319" /><F8/><W122/><G122/><T39/><D39/><U114/><E43/><V100/><F129/><W83/><G135/><T36/><D36/><U94/><E114/><V44/><F100/><W130/><G130/><T74/><D74/><U133/><E24/><V25/><F85/><W124/><G124/><N who="2" m="47657" /><F121/><W90/><G5/><T46/><D58/><U9/><E133/><V3/><F3/><W22/><G34/><AGARI ba="1,0" hai="16,21,25,33,34,35,44,47" m="47657,45319" machi="34" ten="30,2000,0" yaku="18,1,54,1" doraHai="92" who="2" fromWho="3" sc="311,0,134,0,311,23,244,-23" owari="311,11.0,134,-37.0,334,44.0,221,-18.0" /></mjloggm>