<mjloggm ver="2.3"><GO type="169" lobby="0"/><UN n0="%E3%82%A6%E3%83%AB%E3%83%88%E3%83%A9%E7%AB%8B%E7%9B%B4" n1="%E9%81%A5%E3%83%9E%E3%83%BC%E3%82%AC%E3%83%AC%E3%83%83%E3%83%88" n2="%E5%A3%B2%E3%82%89%E3%82%8C%E3%81%9F%E8%8A%B1%E5%AB%81" n3="%E3%82%BF%E3%82%B1%E3%82%AA%E3%81%97%E3%82%83%E3%82%93" dan="16,16,16,18" rate="2104.57,2149.76,2046.54,2205.17" sx="M,F,F,M"/><TAIKYOKU oya="0"/><INIT seed="0,0,0,2,3,49" ten="250,250,250,250" oya="0" hai0="36,83,1,76,84,132,74,2,14,125,12,10,91" hai1="66,8,15,13,63,30,32,103,78,57,90,100,101" hai2="60,97,17,69,133,119,27,98,92,73,85,128,135" hai3="86,52,95,0,62,121,19,87,7,4,25,94,96"/><T81/><D125/><U130/><E78/><V120/><F73/><W43/><G43/><T37/><D132/><N who="2" m="50762" /><F120/><W6/><G0/><T122/><D122/><U118/><E118/><V46/><F119/><W127/><G127/><T58/><D14/><U54/><E130/><V26/><F128/><W35/><G121/><T65/><D65/><U59/><E32/><V41/><F85/><N who="3" m="32267" /><G35/><T67/><D67/><U79/><E79/><V106/><F106/><W89/><G94/><T61/><D61/><N who="1" m="36023" /><E90/><N who="2" m="55447" /><F98/><W16/><G25/><T34/><D34/><U104/><E104/><V110/><F110/><W109/><G109/><T50/><D2/><U117/><E117/><V126/><F126/><W51/><G62/><T129/><D1/><U33/><E33/><V28/><F28/><W5/><N who="3" m="1024" /><DORA hai="107" /><W102/><G102/><T31/><D31/><U24/><E30/><V68/><F60/><W48/><G48/><T124/><D124/><U113/><E63/><V75/><F27/><W22/><G22/><T55/><REACH who="0" step="1"/><D129/><REACH who="0" ten="240,250,250,250" step="2"/><U111/><E111/><V11/><F26/><W77/><G77/><T88/><D88/><U82/><E24/><V134/><F134/><W71/><G71/><T116/><D116/><U53/><E13/><N who="2" m="7359" /><F68/><W21/><G21/><T93/><D93/><U56/><E15/><V23/><F23/><W131/><G131/><T20/><D20/><U38/><E66/><V72/><F69/><W64/><G64/><T115/><D115/><U70/><E113/><V99/><F99/><W108/><G108/><T105/><D105/><U44/><E70/><V3/><F3/><RYUUKYOKU ba="0,1" sc="240,10,250,-30,250,10,250,10" hai0="10,12,36,37,50,55,58,74,76,81,83,84,91" hai2="41,46,72,75" hai3="16,19,51,52,89,95,96" /><INIT seed="0,1,1,3,0,75" ten="250,220,260,260" oya="0" hai0="55,59,44,135,60,52,111,63,72,76,105,106,22" hai1="21,83,104,30,71,65,48,85,36,112,109,34,5" hai2="117,37,64,124,35,8,116,87,11,42,0,39,49" hai3="82,131,2,101,69,18,89,122,103,51,12,79,32"/><T23/><D135/><U58/><E36/><V108/><F35/><W80/><G2/><T78/><D111/><U31/><E104/><V94/><F108/><W3/><G3/><T19/><D72/><U132/><E132/><V40/><F64/><W28/><G69/><T92/><D92/><U102/><E102/><V96/><F87/><N who="3" m="48607" /><G32/><T29/><D44/><U120/><E71/><V133/><F124/><W61/><G28/><T130/><D130/><U99/><E99/><V74/><F74/><W50/><G61/><T56/><D19/><U46/><E34/><V15/><F0/><W14/><G14/><T88/><D88/><U20/><E5/><N who="2" m="3471" /><F11/><N who="3" m="6431" /><G131/><T4/><D4/><U91/><E109/><V98/><F133/><W17/><G17/><T62/><D62/><U1/><E1/><V90/><F39/><W70/><G70/><T81/><D29/><U43/><E30/><V45/><F37/><W126/><G122/><T25/><D25/><U57/><E31/><V68/><F68/><W27/><G27/><T67/><D67/><U129/><E129/><V24/><F24/><W47/><G126/><T121/><D121/><U128/><E128/><V53/><F116/><W110/><G110/><T114/><D114/><U16/><E120/><V6/><F6/><W97/><G51/><T134/><D134/><U7/><E112/><V107/><F117/><W73/><G73/><T118/><D118/><U119/><E119/><V41/><F107/><W113/><G113/><T54/><D54/><N who="1" m="31943" /><E7/><V10/><F53/><N who="3" m="29919" /><G97/><T13/><D13/><U38/><E16/><V95/><F98/><RYUUKYOKU ba="1,1" sc="250,10,220,10,260,-30,260,10" hai0="22,23,52,55,56,59,60,63,76,78,81,105,106" hai1="20,21,38,43,46,58,65,83,85,91" hai3="80,89,101,103" /><INIT seed="0,2,1,2,0,39" ten="260,230,230,270" oya="0" hai0="113,127,20,89,106,103,27,31,0,12,50,68,51" hai1="101,120,47,83,69,112,38,79,77,56,95,81,126" hai2="9,111,11,36,23,124,16,65,115,121,61,70,5" hai3="76,17,3,116,102,44,63,97,25,52,107,84,35"/><T110/><D113/><U80/><E120/><V75/><F121/><W18/><G3/><T109/><D68/><U37/><E69/><V22/><F115/><W92/><G116/><T132/><D0/><U114/><E112/><V30/><F75/><W104/><G104/><T32/><D127/><U108/><E126/><V129/><F124/><W118/><G118/><T91/><D132/><U119/><E119/><V117/><F117/><W8/><G35/><T48/><D103/><U98/><E108/><N who="0" m="41577" /><D106/><U24/><E114/><V86/><F111/><W40/><G8/><T105/><D105/><U34/><E56/><V57/><F70/><W26/><G107/><T19/><AGARI ba="2,1" hai="12,19,20,27,31,32,48,50,51,89,91" m="41577" machi="19" ten="40,3900,0" yaku="14,1,10,1" doraHai="39" who="0" fromWho="0" sc="260,55,230,-15,230,-15,270,-15" /><INIT seed="0,3,0,0,1,53" ten="315,215,215,255" oya="0" hai0="92,85,52,98,105,119,90,83,132,73,46,72,102" hai1="14,48,8,130,21,41,76,54,81,3,99,127,62" hai2="9,0,10,38,17,84,35,71,45,106,70,1,78" hai3="36,123,87,47,7,80,113,95,91,18,5,110,128"/><T88/><D132/><U79/><E130/><V43/><F106/><W114/><G128/><T109/><D119/><U66/><E127/><V16/><F35/><W19/><G110/><T12/><D12/><U57/><E99/><V60/><F10/><W25/><G123/><T122/><D122/><U134/><E134/><V39/><F39/><W37/><G47/><T31/><D31/><U103/><E103/><V77/><F84/><W33/><G33/><T131/><D131/><U67/><E3/><V133/><F133/><W24/><G95/><T49/><D109/><U135/><E21/><V55/><F71/><W2/><G87/><AGARI ba="3,0" hai="46,49,52,72,73,83,85,87,88,90,92,98,102,105" machi="87" ten="30,5800,0" yaku="7,1,54,2" doraHai="53" who="0" fromWho="3" sc="315,67,215,0,215,0,255,-67" /><INIT seed="0,4,0,1,5,2" ten="382,215,215,188" oya="0" hai0="126,109,115,75,127,68,65,120,57,116,133,33,15" hai1="67,119,9,111,135,24,60,43,63,108,88,20,90" hai2="114,106,81,4,45,35,14,50,17,122,82,70,19" hai3="73,5,23,72,96,3,64,37,102,21,12,16,32"/><T40/><RYUUKYOKU type="yao9" ba="4,0" sc="382,0,215,0,215,0,188,0" hai0="15,33,40,57,65,68,75,109,115,116,120,126,127,133" /><INIT seed="0,5,0,2,2,76" ten="382,215,215,188" oya="0" hai0="18,108,110,114,122,26,116,125,74,52,131,73,132" hai1="101,14,53,94,81,3,55,112,57,83,62,0,111" hai2="47,129,28,96,2,95,10,88,49,58,68,35,30" hai3="123,4,15,17,98,61,42,86,80,119,40,77,75"/><T8/><D122/><U118/><E118/><V12/><F68/><W54/><G119/><T87/><D116/><U134/><E111/><N who="0" m="42537" /><D114/><U33/><E33/><V50/><F2/><W115/><G115/><T19/><D125/><U109/><E112/><V11/><F129/><W9/><G123/><T13/><D131/><U121/><E121/><V102/><F35/><W100/><G75/><T63/><D132/><U25/><E109/><V124/><F124/><W90/><G77/><T107/><D107/><U34/><E0/><V117/><F117/><W128/><G128/><T64/><D87/><U135/><E3/><V82/><F58/><W31/><G31/><N who="2" m="11817" /><F12/><W127/><G4/><T79/><D79/><U120/><E120/><V97/><F97/><W32/><G32/><T39/><D39/><U24/><E34/><V105/><F105/><W71/><G127/><T93/><D93/><U41/><E14/><V22/><F22/><W48/><G71/><T78/><D78/><U45/><E134/><V66/><F66/><W60/><G98/><T29/><D64/><U27/><E135/><V65/><F65/><W133/><G100/><T23/><D29/><U130/><E130/><V70/><F70/><W113/><G113/><T67/><D67/><N who="1" m="39375" /><E101/><V51/><F47/><N who="3" m="27935" /><G133/><T38/><D38/><U103/><E103/><V20/><F20/><W92/><G92/><T46/><D46/><U7/><E94/><V91/><F102/><W37/><G37/><T21/><D21/><U126/><E126/><V16/><F11/><W59/><G59/><AGARI ba="5,0" hai="8,13,18,19,23,26,52,59,63,73,74" m="42537" machi="59" ten="30,5800,0" yaku="14,1,10,1,54,1" doraHai="76" who="0" fromWho="3" sc="382,73,215,0,215,0,188,-73" /><INIT seed="0,6,0,4,4,34" ten="455,215,215,115" oya="0" hai0="78,44,29,0,14,31,65,76,9,88,100,134,89" hai1="50,48,105,102,19,21,107,132,133,13,123,129,70" hai2="91,22,71,80,112,43,53,55,84,47,90,135,63" hai3="92,81,33,93,75,109,97,30,5,24,131,126,130"/><T61/><D100/><U82/><E123/><V40/><F112/><W83/><G126/><T58/><D0/><U69/><E82/><V8/><F135/><N who="1" m="51785" /><E129/><V62/><F71/><N who="1" m="27145" /><E102/><V125/><F125/><W49/><G109/><T124/><D44/><U17/><E19/><V2/><F22/><W115/><G115/><T117/><D117/><U38/><E38/><V87/><F8/><W86/><G49/><AGARI ba="6,0" hai="13,17,21,48,49,50,105,107" m="27145,51785" machi="49" ten="30,1000,0" yaku="20,1" doraHai="34" who="1" fromWho="3" sc="455,0,215,28,215,0,115,-28" /><INIT seed="1,0,0,3,1,61" ten="455,243,215,87" oya="1" hai0="15,2,20,127,95,121,23,84,36,122,134,27,91" hai1="39,32,35,104,94,17,118,16,71,63,41,70,81" hai2="52,77,18,111,66,7,42,133,3,99,22,12,82" hai3="21,79,109,124,83,90,112,67,54,31,107,96,110"/><U105/><E81/><V100/><F111/><N who="3" m="42507" /><G112/><T102/><D2/><U29/><E118/><V45/><F133/><W115/><G115/><T59/><D36/><U5/><E5/><V62/><F3/><W116/><G124/><T64/><D127/><U47/><E94/><V37/><F7/><W130/><G130/><T33/><D134/><U123/><E123/><N who="0" m="47113" /><D15/><U129/><E129/><V19/><F19/><W26/><G54/><T125/><D102/><U24/><E35/><V103/><F52/><W1/><G1/><T43/><D43/><U28/><E28/><V120/><F99/><W57/><G116/><T65/><D125/><U55/><E70/><V128/><F128/><W97/><G90/><T74/><D74/><U51/><E71/><V135/><F135/><W98/><G107/><T14/><D59/><U85/><E85/><V86/><REACH who="2" step="1"/><F120/><REACH who="2" ten="455,243,205,87" step="2"/><W11/><G97/><T48/><D14/><U25/><E17/><V80/><F80/><W132/><G132/><T46/><D27/><U4/><E4/><V113/><F113/><W126/><G126/><T93/><D93/><U60/><E105/><V89/><F89/><W75/><G96/><T58/><D95/><U73/><E104/><V53/><F53/><W117/><G98/><T40/><D91/><U114/><E114/><V10/><F10/><W87/><G11/><T38/><D46/><U78/><E55/><V88/><F88/><W34/><G117/><T101/><D101/><U13/><E47/><V30/><F30/><W8/><G8/><T56/><D40/><U6/><E41/><V92/><F92/><RYUUKYOKU ba="0,1" sc="455,-10,243,-10,205,30,87,-10" hai2="12,18,22,37,42,45,62,66,77,82,86,100,103" /><INIT seed="2,1,1,3,4,105" ten="445,233,235,77" oya="2" hai0="42,68,108,5,117,77,7,121,33,84,3,27,85" hai1="79,109,59,63,87,34,26,40,67,2,78,0,119" hai2="133,71,14,64,24,62,8,107,120,9,47,35,132" hai3="116,130,48,114,56,61,90,36,115,46,70,81,23"/><V44/><F120/><W102/><G102/><T49/><D68/><U113/><E113/><V124/><F107/><W129/><G23/><T51/><D77/><U38/><E119/><V55/><F124/><W123/><G90/><T4/><D3/><U58/><E79/><V122/><F122/><W52/><G81/><T53/><D33/><U69/><E109/><V103/><F103/><W110/><G123/><T98/><D108/><U100/><E100/><V127/><F127/><W65/><G116/><T134/><D98/><U12/><E12/><V28/><F9/><W125/><G125/><T94/><D94/><U83/><E59/><V104/><F104/><W32/><G32/><T93/><D27/><U76/><E58/><V31/><F28/><W25/><G25/><T13/><D13/><U37/><E78/><V73/><F73/><W89/><G89/><T96/><D117/><U20/><E34/><V82/><F82/><W16/><G16/><T22/><D22/><U54/><E38/><V118/><F118/><W45/><G110/><T60/><D7/><U126/><E37/><V41/><F14/><W74/><G74/><T75/><D93/><U1/><E126/><V91/><F8/><W29/><G29/><T15/><D75/><U11/><E11/><V72/><F72/><W57/><G70/><T111/><D15/><U19/><E40/><V18/><F91/><W112/><G56/><T128/><D4/><U92/><E92/><V86/><F71/><W17/><G17/><T131/><D5/><U88/><E76/><V30/><F35/><W80/><G80/><RYUUKYOKU ba="1,1" sc="445,-15,233,15,235,-15,77,15" hai1="0,1,2,19,20,26,54,63,67,69,83,87,88" hai3="36,45,46,48,52,57,61,65,112,114,115,129,130" /><INIT seed="3,2,1,4,1,52" ten="430,248,220,92" oya="3" hai0="73,107,66,88,7,131,35,119,48,117,113,125,11" hai1="94,101,47,69,1,99,32,95,84,63,12,26,129" hai2="39,56,31,38,103,49,87,104,92,22,20,9,132" hai3="18,130,126,105,106,4,93,53,82,76,50,37,68"/><W55/><G37/><T24/><D73/><U5/><E1/><V15/><F132/><W25/><G68/><T14/><D107/><U0/><E0/><V3/><F3/><W79/><G4/><T72/><D72/><U124/><E47/><V81/><F104/><W89/><G126/><T77/><D77/><U128/><E124/><V70/><F70/><W33/><G55/><T122/><D122/><U97/><E84/><V83/><F39/><W23/><G33/><T44/><D125/><U45/><E45/><V17/><F38/><W110/><G130/><T75/><D75/><U71/><E12/><V42/><F42/><W116/><G116/><T8/><D131/><N who="1" m="50251" /><E63/><V59/><F49/><W65/><G65/><T13/><D66/><U133/><E5/><V121/><F121/><W115/><G115/><T40/><D113/><U114/><E133/><V108/><F108/><W64/><G64/><T123/><D123/><U85/><E85/><V61/><F61/><W111/><G106/><T80/><D24/><U74/><E74/><V91/><F81/><W16/><G105/><T6/><D35/><U36/><E36/><V86/><F9/><W120/><G120/><T112/><D112/><U98/><E114/><V10/><F10/><W19/><G82/><T135/><D135/><U54/><E69/><V127/><F127/><W96/><G79/><T29/><D29/><N who="1" m="19511" /><E71/><V57/><F31/><N who="3" m="17855" /><G76/><T2/><D2/><U109/><E95/><V28/><F28/><W43/><G43/><T34/><D34/><U62/><E94/><V90/><F103/><W51/><G53/><RYUUKYOKU ba="2,1" sc="430,10,248,-30,220,10,92,10" hai0="6,7,8,11,13,14,40,44,48,80,88,117,119" hai2="15,17,20,22,56,57,59,83,86,87,90,91,92" hai3="16,18,19,50,51,89,93,96,110,111" /><INIT seed="3,3,1,0,3,110" ten="440,218,230,102" oya="3" hai0="116,12,45,13,22,29,65,122,126,2,108,112,131" hai1="83,8,80,94,50,33,97,123,127,132,71,81,34" hai2="129,54,101,56,42,72,68,47,7,115,23,77,84" hai3="31,60,36,14,133,93,41,25,32,128,90,130,125"/><W21/><G36/><T69/><D45/><U11/><E123/><V86/><F115/><W19/><G41/><T9/><D65/><U67/><E132/><V0/><F68/><W75/><G75/><T10/><D69/><U89/><E127/><V30/><F129/><W134/><G60/><T109/><D2/><U105/><E105/><V135/><F135/><N who="3" m="51723" /><G125/><T4/><D131/><N who="3" m="50217" /><G93/><T121/><D126/><U20/><E71/><V82/><F72/><W91/><AGARI ba="3,1" hai="14,19,21,25,31,32,90,91" m="50217,51723" machi="91" ten="40,3900,0" yaku="20,1,19,1" doraHai="110" who="3" fromWho="3" sc="440,-16,218,-16,230,-16,102,58" /><INIT seed="3,4,0,4,0,57" ten="424,202,214,160" oya="3" hai0="94,27,33,134,120,23,69,67,41,2,72,40,101" hai1="133,86,85,123,50,55,112,92,64,105,117,99,28" hai2="98,89,11,47,20,49,104,131,74,71,9,109,16" hai3="116,121,0,110,35,81,19,125,12,36,77,96,87"/><W76/><G116/><T24/><D72/><U39/><E39/><V5/><F74/><W80/><G121/><T84/><D2/><U122/><E117/><V56/><F71/><W108/><G36/><T83/><D120/><U4/><E112/><V58/><F109/><N who="3" m="42091" /><G35/><T68/><D68/><U54/><E105/><V100/><F89/><N who="3" m="51431" /><G0/><T32/><D69/><U93/><E122/><V18/><F131/><W114/><G114/><T8/><D101/><U10/><E123/><V43/><F11/><N who="3" m="6559" /><G125/><T30/><D33/><U82/><E10/><V22/><F22/><W38/><G38/><T62/><D23/><U119/><E119/><V130/><F130/><W106/><G81/><T44/><D8/><U26/><E82/><V129/><F129/><W124/><G124/><T75/><D83/><U65/><E4/><V15/><F18/><W29/><G29/><T102/><D30/><U132/><E28/><V48/><F49/><W37/><G37/><T25/><D32/><U6/><E50/><V115/><F115/><W90/><G90/><T97/><D75/><U126/><E6/><V73/><F73/><W66/><G66/><T91/><D67/><U135/><E126/><V21/><F21/><W17/><G17/><T118/><D91/><U78/><E65/><V128/><F128/><W42/><G42/><T79/><D41/><U1/><E64/><V34/><F34/><W88/><G88/><T127/><D40/><U13/><E1/><AGARI ba="4,0" hai="1,5,9,15,16,20,43,47,48,56,58,98,100,104" machi="1" ten="30,2000,0" yaku="7,1,54,1" doraHai="57" who="2" fromWho="1" sc="424,0,202,-32,214,32,160,0" /><INIT seed="4,0,0,5,3,81" ten="424,170,246,160" oya="0" hai0="118,133,61,117,66,44,0,111,84,56,2,70,103" hai1="4,75,78,20,104,42,92,112,123,105,97,96,24" hai2="101,62,128,39,17,120,87,88,28,98,40,83,95" hai3="85,110,27,102,91,43,1,76,22,34,47,12,48"/><T6/><D103/><U23/><E123/><V73/><F120/><W68/><G1/><T15/><D15/><U119/><E119/><V54/><F128/><W134/><G110/><T16/><D16/><U63/><E4/><V55/><F73/><W86/><G68/><T64/><D6/><U82/><E42/><V5/><F28/><W65/><G65/><T29/><D29/><U38/><E38/><V46/><F62/><W45/><G134/><T31/><D31/><U106/><E112/><V58/><F58/><W60/><G60/><T30/><D30/><U57/><E24/><V121/><F121/><W131/><G34/><T126/><D44/><U71/><E71/><V10/><F17/><N who="3" m="12751" /><G131/><T116/><D116/><U135/><E135/><V115/><F115/><W125/><G125/><T129/><D133/><U11/><E11/><V37/><F39/><W25/><G102/><T33/><D70/><U94/><E94/><V132/><REACH who="2" step="1"/><F132/><REACH who="2" ten="424,170,236,160" step="2"/><W32/><G32/><T99/><D33/><U14/><E75/><V49/><F49/><W13/><G47/><T26/><D129/><U107/><E63/><V59/><F59/><W74/><G74/><T90/><D56/><U109/><E57/><V52/><F52/><W130/><G130/><T108/><D61/><U127/><E109/><V124/><F124/><W77/><G48/><T114/><D126/><U72/><E127/><V79/><F79/><W35/><G76/><T69/><D111/><U80/><E78/><V3/><AGARI ba="0,1" hai="3,5,10,37,40,46,54,55,83,87,88,95,98,101" machi="3" ten="20,12000,2" yaku="1,1,0,1,7,1,52,1,54,1,53,1" doraHai="81" doraHaiUra="7" who="2" fromWho="2" sc="424,-60,170,-30,236,130,160,-30" /><INIT seed="5,0,0,2,5,49" ten="364,140,366,130" oya="1" hai0="132,87,95,30,68,129,62,32,36,123,15,20,117" hai1="48,14,18,83,59,47,84,35,57,110,58,52,13" hai2="102,33,85,112,28,17,26,135,69,82,103,53,105" hai3="37,125,10,41,99,3,42,56,19,54,90,130,89"/><U66/><E35/><V93/><F105/><W4/><G125/><T8/><D36/><U111/><E66/><V98/><F69/><W11/><G130/><T126/><D117/><U88/><REACH who="1" step="1"/><E14/><REACH who="1" ten="364,130,366,130" step="2"/><V61/><F33/><W2/><G2/><T116/><D15/><U79/><E79/><V91/><F26/><W45/><G41/><T51/><D32/><U77/><E77/><V46/><F28/><W16/><G10/><AGARI ba="0,1" hai="10,13,18,47,48,52,57,58,59,83,84,88,110,111" machi="10" ten="40,18000,2" yaku="1,1,25,2,52,1,54,2,53,0" doraHai="49" doraHaiUra="97" who="1" fromWho="3" sc="364,0,130,190,366,0,130,-180" owari="364,16.0,320,-8.0,366,47.0,-50,-55.0" /></mjloggm>