<mjloggm ver="2.3"><GO type="41" lobby="0"/><UN n0="%E5%B0%B1%E6%B4%BB%E7%94%9F%40%E5%B7%9D%E6%9D%91%E8%BB%8D%E5%9B%A3" n1="%E3%83%86%E3%83%84%E3%82%AA" n2="%E8%B1%86%E7%89%B9%EF%BC%A0%E6%B2%B3%E6%9D%91%E8%BB%8D%E5%9B%A3" n3="%E8%8F%AF%E5%AD%94%E9%9B%80" dan="17,17,15,14" rate="2152.65,2052.91,2012.54,1914.14" sx="M,M,M,M"/><TAIKYOKU oya="0"/><INIT seed="0,0,0,0,4,68" ten="250,250,250,250" oya="0" hai0="116,24,115,114,85,29,106,94,47,129,65,71,125" hai1="56,67,63,8,41,110,7,75,5,134,54,86,38" hai2="93,58,79,82,3,40,73,104,48,77,18,51,31" hai3="0,100,43,81,46,70,123,6,78,62,72,80,35"/><T122/><D106/><U113/><E110/><V108/><F104/><W118/><G81/><T130/><D116/><U59/><E134/><V135/><F135/><W57/><G123/><T107/><D107/><U21/><E75/><V120/><F120/><W89/><G118/><T16/><D122/><U74/><E74/><V132/><F132/><W83/><G80/><T17/><D125/><U76/><E113/><N who="0" m="43017" /><D71/><U90/><E76/><V44/><F79/><W30/><G89/><N who="0" m="53551" /><D65/><U87/><E21/><V98/><F3/><W105/><G57/><T91/><D47/><U1/><E7/><V60/><F31/><W42/><G42/><T36/><D36/><U33/><E33/><V4/><F4/><W127/><G127/><T55/><D55/><U22/><E22/><V15/><F48/><W103/><G103/><T92/><D29/><U133/><E133/><V52/><F108/><W27/><G100/><T64/><D24/><U119/><E119/><V12/><REACH who="2" step="1"/><F18/><REACH who="2" ten="250,250,240,250" step="2"/><W61/><G105/><T102/><D17/><U34/><E5/><V124/><F124/><W69/><G62/><T112/><D16/><U28/><E63/><V37/><F37/><N who="3" m="21871" /><G61/><T23/><D112/><U2/><E38/><V121/><F121/><W39/><G39/><T66/><D130/><U109/><E109/><V126/><F126/><W117/><G117/><T95/><D129/><U128/><E128/><V20/><F20/><W32/><G32/><T45/><D23/><U11/><E34/><V96/><F96/><W111/><G111/><T25/><D45/><U10/><E28/><V53/><F53/><RYUUKYOKU ba="0,1" sc="250,-15,250,-15,240,15,250,15" hai2="12,15,40,44,51,52,58,60,73,77,82,93,98" hai3="0,6,27,30,35,69,70,72,78,83" /><INIT seed="1,1,1,1,2,48" ten="235,235,255,265" oya="1" hai0="44,38,128,14,74,72,120,57,75,21,41,112,78" hai1="118,2,86,121,106,12,8,109,89,95,68,52,61" hai2="70,135,110,108,97,56,69,59,98,62,51,81,35" hai3="73,5,99,4,88,7,102,85,28,40,0,103,36"/><U10/><E106/><V30/><F135/><W60/><G73/><T107/><D120/><U117/><E121/><V82/><F35/><W33/><G0/><T46/><D112/><U15/><E2/><V111/><F30/><W37/><G33/><T66/><D128/><U9/><E68/><N who="2" m="26219" /><F51/><W65/><G28/><T31/><D107/><U79/><E109/><V1/><F1/><W18/><G18/><T50/><D78/><U124/><E124/><V90/><F90/><W43/><G37/><T113/><D113/><U129/><E129/><V132/><F132/><W93/><G103/><T47/><D38/><U58/><REACH who="1" step="1"/><E79/><REACH who="1" ten="235,225,255,265" step="2"/><V123/><F123/><W91/><G36/><T77/><D77/><U94/><E94/><V53/><F110/><W67/><G91/><T119/><D119/><AGARI ba="1,2" hai="8,9,10,12,15,52,58,61,86,89,95,117,118,119" machi="119" ten="40,12000,1" yaku="1,1,52,1,54,1,53,1" doraHai="48" doraHaiUra="80" who="1" fromWho="0" sc="235,-123,225,143,255,0,265,0" /><INIT seed="1,2,0,3,2,47" ten="112,368,255,265" oya="1" hai0="1,106,65,101,75,69,36,34,99,123,46,72,41" hai1="109,124,76,121,82,42,103,5,31,61,39,54,97" hai2="77,134,14,127,129,35,6,26,73,11,79,93,8" hai3="115,38,110,45,21,131,63,118,80,10,117,20,23"/><U112/><E112/><V74/><F127/><W70/><G115/><T17/><D17/><U94/><E121/><V119/><F119/><N who="3" m="45579" /><G70/><T37/><D123/><U29/><E124/><V57/><F129/><W92/><G63/><T96/><D96/><U62/><E39/><V114/><F134/><W128/><G80/><T4/><D36/><U12/><E42/><V53/><F114/><W130/><G92/><T85/><D85/><N who="1" m="48327" /><E109/><V116/><F116/><W105/><G105/><T24/><D4/><U2/><E2/><V120/><F120/><W100/><G100/><T67/><D67/><U50/><E62/><V28/><F73/><W91/><G91/><T66/><D66/><U133/><E61/><V16/><F93/><W81/><G81/><T3/><D65/><U90/><E90/><V9/><F74/><W95/><G95/><T104/><D69/><U27/><E27/><V71/><F71/><W15/><G110/><T135/><D135/><U22/><E133/><V25/><F25/><W13/><G38/><T108/><D108/><U88/><E103/><V56/><F56/><W51/><G10/><T89/><D89/><U111/><E111/><V30/><F30/><W60/><G60/><T44/><D44/><N who="1" m="27975" /><E29/><V68/><F68/><W113/><G113/><T7/><D104/><U55/><E31/><V0/><F9/><W132/><G132/><T48/><D37/><U84/><E97/><V122/><F122/><W58/><G58/><T78/><D78/><U102/><E102/><V18/><F79/><W126/><G126/><T40/><D3/><U107/><E107/><RYUUKYOKU ba="2,0" sc="112,-10,368,-10,255,-10,265,30" hai3="13,15,20,21,23,45,51,128,130,131" /><INIT seed="2,3,0,4,3,6" ten="102,358,245,295" oya="2" hai0="20,93,90,49,5,95,0,47,19,128,43,126,84" hai1="114,30,36,81,53,100,59,92,52,51,58,38,79" hai2="74,17,26,77,124,116,125,31,66,107,117,68,65" hai3="48,7,96,105,4,39,72,18,97,57,14,103,131"/><V16/><F107/><W102/><G72/><T78/><D128/><U23/><E114/><V88/><F77/><W118/><G39/><T56/><D126/><N who="2" m="48746" /><F74/><W37/><G37/><T1/><D78/><U71/><E71/><V32/><F68/><W62/><G118/><N who="2" m="45673" /><F66/><W98/><G48/><T35/><D35/><U85/><E100/><V11/><F65/><W76/><G76/><T87/><D56/><U104/><E104/><V129/><F129/><W21/><G131/><T106/><D106/><U10/><E92/><V75/><F75/><W122/><G122/><T46/><D5/><N who="3" m="2121" /><G105/><T91/><REACH who="0" step="1"/><D46/><REACH who="0" ten="92,358,245,295" step="2"/><U61/><E58/><V108/><F108/><W80/><G80/><T13/><AGARI ba="3,1" hai="0,1,13,19,20,43,47,49,84,87,90,91,93,95" machi="13" ten="20,8000,1" yaku="1,1,2,1,0,1,7,1,9,1,53,0" doraHai="6" doraHaiUra="50" who="0" fromWho="0" sc="92,99,358,-23,245,-43,295,-23" /><INIT seed="3,0,0,0,1,111" ten="191,335,202,272" oya="3" hai0="128,60,23,116,91,43,64,113,25,127,97,134,103" hai1="33,59,135,63,104,48,66,78,129,90,94,56,73" hai2="106,40,82,81,123,118,100,132,15,10,2,28,37" hai3="9,120,93,85,69,51,75,87,12,101,57,117,102"/><W83/><G69/><T68/><D116/><U0/><E33/><V105/><F118/><W74/><G120/><T24/><D128/><U41/><E0/><V96/><F2/><W39/><G39/><T22/><D127/><U44/><E104/><V30/><F106/><W5/><G117/><T77/><D77/><U8/><E135/><V4/><F132/><W1/><G1/><T67/><D134/><U76/><E73/><V72/><F123/><W20/><G75/><T55/><D43/><U52/><E8/><V35/><F72/><W98/><G74/><T36/><D36/><U14/><E14/><V71/><F71/><W70/><G70/><T124/><D124/><U79/><E129/><V27/><REACH who="2" step="1"/><F28/><REACH who="2" ten="191,335,192,272" step="2"/><W53/><G20/><T21/><D68/><U109/><E109/><V86/><F86/><N who="3" m="32779" /><G83/><T99/><D22/><U133/><E133/><V32/><F32/><W34/><G34/><T112/><D23/><U13/><E94/><V7/><F7/><W107/><G107/><T19/><D25/><U61/><E13/><V45/><AGARI ba="0,1" hai="4,10,15,27,30,35,37,40,45,81,82,96,100,105" machi="45" ten="30,2000,0" yaku="1,1,0,1,53,0" doraHai="111" doraHaiUra="16" who="2" fromWho="2" sc="191,-5,335,-5,192,30,272,-10" /><INIT seed="4,0,0,3,1,63" ten="186,330,222,262" oya="0" hai0="46,99,128,28,85,112,7,29,61,100,43,48,98" hai1="54,40,58,2,45,53,91,22,56,20,36,77,134" hai2="114,96,34,52,101,42,86,55,38,73,135,67,41" hai3="13,1,27,64,94,11,39,88,75,120,69,76,104"/><T97/><D112/><U30/><E2/><V111/><F73/><W8/><G39/><T121/><D121/><U95/><E77/><V79/><F34/><W80/><G104/><T103/><D128/><U5/><E5/><V66/><F111/><W84/><G120/><T110/><D110/><U119/><E119/><V109/><F109/><W108/><G108/><T19/><D7/><U33/><E33/><V47/><F114/><W131/><G131/><T81/><D19/><U37/><E37/><V62/><F135/><W123/><G123/><T87/><D61/><U127/><E127/><V50/><F38/><W25/><G1/><T15/><D15/><U14/><E30/><N who="0" m="11881" /><D85/><U122/><E122/><V16/><F16/><W57/><G69/><T4/><D4/><U0/><E0/><V90/><F79/><AGARI ba="0,0" hai="43,46,48,79,81,87,97,98,99,100,103" m="11881" machi="79" ten="30,1500,0" yaku="8,1" doraHai="63" who="0" fromWho="2" sc="186,15,330,0,222,-15,262,0" /><INIT seed="4,1,0,2,1,71" ten="201,330,207,262" oya="0" hai0="67,64,26,38,35,78,22,62,72,124,25,93,98" hai1="48,135,55,19,50,95,80,2,68,20,29,49,83" hai2="58,73,123,37,8,106,28,59,75,6,115,108,52" hai3="60,17,97,121,96,74,130,99,113,110,107,70,127"/><T86/><D124/><U65/><E2/><V77/><F108/><W36/><RYUUKYOKU type="yao9" ba="1,0" sc="201,0,330,0,207,0,262,0" hai3="17,36,60,70,74,96,97,99,107,110,113,121,127,130" /><INIT seed="4,2,0,2,5,63" ten="201,330,207,262" oya="0" hai0="101,125,27,96,133,76,104,60,70,103,118,18,132" hai1="21,23,39,20,116,112,98,72,110,10,28,57,109" hai2="64,130,17,91,83,65,102,0,46,78,14,99,52" hai3="48,47,25,45,88,7,11,3,15,113,59,80,37"/><T126/><D76/><U43/><E43/><V58/><F0/><W44/><G113/><T86/><D118/><U94/><E39/><V1/><F1/><W123/><G123/><T53/><D103/><U92/><E72/><V51/><F91/><W22/><G37/><T38/><D38/><U40/><E40/><V89/><F89/><W68/><G68/><T67/><D53/><U32/><E57/><V66/><F130/><W19/><G3/><T82/><D18/><U8/><E98/><V16/><F58/><W108/><G108/><N who="1" m="41578" /><E92/><N who="2" m="58727" /><F14/><W55/><G59/><T84/><D27/><N who="1" m="18463" /><E94/><V124/><F124/><N who="0" m="47722" /><D82/><U5/><E112/><V114/><F114/><W120/><G120/><T42/><D42/><U6/><E116/><V31/><F31/><W107/><G107/><T35/><D35/><U87/><E87/><RYUUKYOKU type="ron3" ba="2,0" sc="201,0,330,0,207,0,262,0" hai0="60,67,70,84,86,96,101,104,132,133" hai2="16,17,46,51,52,64,65,66,78,83" hai3="7,11,15,19,22,25,44,45,47,48,55,80,88" /><INIT seed="4,3,0,1,1,0" ten="201,330,207,262" oya="0" hai0="13,117,126,67,19,95,124,17,55,37,69,43,84" hai1="82,15,66,12,61,11,58,2,133,119,129,78,42" hai2="116,127,8,74,81,120,87,76,103,30,45,57,22" hai3="21,1,90,9,51,104,125,72,110,18,70,89,102"/><T135/><D117/><U36/><E119/><V53/><F116/><W49/><G70/><T105/><D105/><U86/><E133/><V60/><F120/><W73/><G125/><N who="0" m="48235" /><D135/><U85/><E129/><V96/><F127/><W6/><G110/><T64/><D69/><U101/><E101/><V29/><F74/><W80/><G104/><T59/><D43/><U112/><E112/><V122/><F122/><W100/><G102/><T40/><D40/><U88/><E2/><V10/><F45/><W121/><G100/><T65/><D37/><U97/><E97/><V5/><F22/><W16/><G18/><N who="0" m="6667" /><D13/><N who="1" m="5195" /><E36/><V52/><F53/><W31/><G31/><T123/><D123/><U92/><E42/><V41/><F41/><W24/><G121/><T71/><D71/><U108/><E108/><V131/><F131/><W25/><G25/><T35/><D35/><U94/><E11/><V134/><F134/><W50/><REACH who="3" step="1"/><G80/><AGARI ba="3,0" hai="58,61,66,78,80,82,85,86,88,92,94" m="5195" machi="80" ten="30,2000,0" yaku="8,1,54,1" doraHai="0" who="1" fromWho="3" sc="201,0,330,29,207,0,262,-29" /><INIT seed="5,0,0,4,3,107" ten="201,359,207,233" oya="1" hai0="71,105,43,96,121,46,53,44,119,90,69,123,113" hai1="32,129,12,40,94,100,135,7,35,122,81,18,93" hai2="55,30,103,127,74,20,23,51,33,57,24,76,114" hai3="60,80,115,45,1,64,133,65,83,66,108,14,10"/><U5/><E122/><N who="0" m="46601" /><D105/><U50/><E35/><V131/><F131/><W87/><G1/><T84/><D96/><U132/><E32/><V99/><F127/><W42/><G133/><N who="1" m="51274" /><E129/><V75/><F114/><W73/><G115/><T104/><D104/><U37/><E37/><V70/><F70/><N who="0" m="26634" /><D90/><U17/><E81/><V3/><F3/><W98/><G108/><T39/><D84/><U117/><E117/><V88/><F88/><W48/><G98/><T2/><D2/><U95/><E100/><V109/><F109/><W27/><G27/><T86/><D86/><U112/><E112/><V92/><REACH who="2" step="1"/><F76/><REACH who="2" ten="201,359,197,233" step="2"/><W41/><G60/><T0/><D0/><U89/><E89/><V25/><F25/><W116/><G116/><T77/><D77/><U82/><E12/><V13/><F13/><W15/><G15/><T118/><D113/><U62/><E95/><V85/><F85/><W11/><G14/><T120/><D120/><U36/><E94/><V9/><F9/><W22/><G22/><AGARI ba="0,1" hai="20,22,23,24,30,33,51,55,57,74,75,92,99,103" machi="22" ten="40,5200,0" yaku="1,1,52,2,53,0" doraHai="107" doraHaiUra="124" who="2" fromWho="3" sc="201,0,359,0,197,62,233,-52" /><INIT seed="6,0,0,1,2,13" ten="201,359,259,181" oya="2" hai0="53,29,27,26,101,117,75,51,52,57,77,21,123" hai1="72,102,121,31,6,19,28,42,61,16,86,46,82" hai2="70,50,43,111,129,98,79,96,54,100,5,127,122" hai3="1,125,25,40,78,89,24,37,18,45,47,62,126"/><V4/><F122/><W119/><G1/><T22/><D123/><U58/><E72/><V87/><F70/><W69/><G78/><T56/><D117/><U113/><E102/><V99/><F43/><W59/><G119/><T133/><D133/><U11/><E113/><V68/><F68/><W105/><G105/><T130/><D130/><U33/><E33/><V124/><F129/><W88/><G47/><T30/><D101/><U10/><E121/><V39/><F39/><W67/><G69/><T91/><D91/><U20/><E6/><V116/><F116/><W63/><G62/><T34/><D75/><U73/><E73/><V15/><F100/><W83/><G83/><T135/><D135/><U131/><E131/><V112/><F112/><W85/><G85/><T120/><D120/><U132/><E132/><V49/><F111/><W55/><G55/><T104/><D104/><U107/><E107/><V64/><F64/><W9/><G25/><T7/><D7/><U60/><E60/><V65/><F65/><W106/><G106/><T108/><D108/><U0/><E0/><V44/><F5/><W115/><G115/><T128/><D128/><U81/><E86/><V35/><F87/><W93/><G93/><T3/><D3/><U103/><E82/><V118/><F79/><W114/><G114/><T71/><D71/><U48/><E81/><V36/><F118/><W74/><G74/><T41/><D41/><U38/><E103/><V95/><F95/><W66/><G66/><T17/><D77/><U110/><E42/><N who="2" m="22599" /><F4/><W14/><G24/><N who="0" m="18727" /><D53/><U97/><E110/><RYUUKYOKU ba="0,0" sc="201,15,359,-15,259,-15,181,15" hai0="17,21,22,26,27,30,51,52,56,57" hai3="9,14,18,37,40,45,59,63,67,88,89,125,126" /><INIT seed="7,1,0,2,4,12" ten="216,344,244,196" oya="3" hai0="102,80,122,35,49,33,84,43,68,104,95,11,60" hai1="114,96,85,8,13,62,47,124,129,101,89,92,125" hai2="16,9,116,21,27,108,87,63,23,94,19,5,99" hai3="59,58,2,7,66,72,57,71,115,44,126,106,50"/><W39/><G72/><T121/><D104/><U131/><E62/><V123/><F108/><W90/><G106/><T75/><D75/><U3/><E47/><V34/><F116/><W97/><G2/><T42/><D35/><U61/><E61/><V82/><F34/><W65/><G7/><T86/><D33/><U111/><E3/><V55/><F123/><W4/><G4/><T135/><D135/><U17/><E114/><V48/><F63/><W118/><G118/><T127/><D127/><N who="1" m="48715" /><E111/><V0/><F87/><W28/><G28/><T119/><D86/><U128/><E128/><V81/><F94/><AGARI ba="1,0" hai="8,13,17,85,89,92,94,96,101,129,131" m="48715" machi="94" ten="30,2000,0" yaku="18,1,52,1" doraHai="12" who="1" fromWho="2" sc="216,0,344,23,244,-23,196,0" owari="216,-18.0,367,46.0,221,2.0,196,-30.0" /></mjloggm>