<mjloggm ver="2.3"><GO type="97" lobby="0"/><UN n0="%E7%89%A9%E5%B9%B2%E3%81%97%E7%AB%BF" n1="%68%69%67%65%33%30" n2="%E5%B0%B1%E6%B4%BB%E7%94%9F%40%E5%B7%9D%E6%9D%91%E8%BB%8D%E5%9B%A3" n3="%EF%BC%A0%E8%8B%A5%E6%9E%97" dan="13,13,15,15" rate="1813.43,1824.01,2052.18,2013.97" sx="M,M,M,M"/><TAIKYOKU oya="0"/><INIT seed="0,0,0,0,2,26" ten="250,250,250,250" oya="0" hai0="2,114,105,119,112,85,16,116,51,5,35,41,70" hai1="83,66,39,15,14,134,128,91,89,84,18,50,58" hai2="7,80,62,32,30,6,77,133,49,111,8,60,87" hai3="28,108,55,95,86,96,101,65,17,130,117,54,38"/><T56/><D70/><U61/><E39/><V37/><F37/><W47/><G117/><T90/><D105/><U10/><E134/><V92/><F133/><W0/><G108/><T44/><D35/><U45/><E128/><V126/><F126/><W102/><G130/><T78/><D119/><U43/><E15/><V25/><F111/><W53/><G65/><T106/><D106/><U69/><REACH who="1" step="1"/><E69/><REACH who="1" ten="250,240,250,250" step="2"/><V97/><F7/><W40/><G0/><T36/><D116/><U59/><E59/><V98/><F6/><W120/><G38/><T75/><D5/><U100/><E100/><V115/><F115/><W93/><G101/><T122/><D2/><U24/><E24/><V104/><F104/><W72/><G102/><T20/><D114/><U48/><E48/><V82/><F49/><W127/><G127/><T31/><D56/><U42/><E42/><V9/><F62/><W135/><G40/><T107/><D107/><U63/><E63/><V124/><F60/><W29/><G135/><T19/><D112/><U129/><E129/><V3/><F3/><W103/><G103/><T67/><D36/><U99/><E99/><V4/><F124/><W68/><G96/><T94/><D41/><U27/><E27/><V22/><F98/><W109/><G68/><T121/><D51/><U88/><AGARI ba="0,1" hai="10,14,18,43,45,50,58,61,66,83,84,88,89,91" machi="88" ten="20,12000,2" yaku="1,1,0,1,7,1,8,1,54,1,53,1" doraHai="26" doraHaiUra="11" who="1" fromWho="1" sc="250,-60,240,130,250,-30,250,-30" /><INIT seed="1,0,0,2,5,73" ten="190,370,220,220" oya="1" hai0="76,48,99,66,95,96,80,7,21,90,78,100,60" hai1="26,9,13,20,30,102,22,67,86,126,15,53,3" hai2="1,94,101,115,69,75,110,6,33,118,45,71,131" hai3="11,77,116,49,34,23,56,40,134,93,103,105,52"/><U113/><E102/><V62/><F75/><W114/><G105/><T111/><D7/><N who="1" m="1279" /><E67/><V10/><F118/><W35/><G114/><T91/><D111/><U123/><E86/><V92/><F115/><W37/><G134/><T17/><D48/><U106/><E53/><V89/><F110/><W0/><G23/><N who="1" m="8746" /><E106/><V27/><F131/><W84/><G103/><T41/><D41/><U83/><E113/><V120/><F120/><W8/><G93/><T64/><D90/><U74/><E74/><V107/><F45/><W130/><G84/><N who="0" m="50567" /><D99/><U50/><E83/><V124/><F124/><W127/><G127/><T108/><D108/><U79/><E50/><V47/><F47/><W132/><G49/><T25/><D60/><U117/><E79/><AGARI ba="0,0" hai="17,21,25,64,66,76,78,79,95,96,100" m="50567" machi="79" ten="30,7700,0" yaku="8,1,52,3" doraHai="73" who="0" fromWho="1" sc="190,77,370,-77,220,0,220,0" /><INIT seed="2,0,0,0,2,21" ten="267,293,220,220" oya="2" hai0="102,71,62,35,116,53,66,120,69,134,108,68,91" hai1="94,121,5,101,74,83,23,57,78,56,113,22,63" hai2="18,28,133,27,48,84,2,128,36,14,1,11,20" hai3="106,29,6,73,42,37,77,59,25,90,109,87,103"/><V85/><F36/><W9/><G109/><T13/><D120/><U96/><E113/><V30/><F128/><W124/><G124/><T89/><D108/><U105/><E121/><V130/><F130/><W81/><G59/><T39/><D39/><U75/><E5/><V127/><F127/><W0/><G103/><T88/><D35/><U31/><E74/><V118/><F118/><W64/><G64/><T98/><D116/><U17/><E63/><V79/><F133/><W80/><G106/><T112/><D112/><U38/><E38/><V125/><F125/><W131/><G131/><T43/><D43/><U32/><E32/><V67/><F67/><W15/><G15/><T19/><D53/><U51/><E51/><V107/><F107/><W100/><G100/><T76/><D76/><U45/><E45/><V86/><F79/><W7/><G7/><T26/><D26/><N who="1" m="16855" /><E105/><V65/><F65/><W12/><G12/><T72/><D72/><U33/><E33/><V129/><F129/><W70/><G70/><T47/><D47/><U117/><E117/><V119/><F119/><W4/><G4/><T46/><D134/><U123/><E123/><V60/><F60/><W40/><G37/><T52/><D46/><U132/><E132/><V55/><REACH who="2" step="1"/><F30/><REACH who="2" ten="267,293,210,220" step="2"/><W24/><REACH who="3" step="1"/><G29/><REACH who="3" ten="267,293,210,210" step="2"/><T122/><D122/><U58/><E78/><V16/><F16/><W95/><G95/><N who="0" m="58719" /><D66/><U114/><E17/><V104/><F104/><W50/><G50/><T10/><D71/><U115/><E114/><V61/><F61/><W111/><G111/><T97/><D97/><U126/><E96/><RYUUKYOKU ba="0,2" sc="267,10,293,-30,210,10,210,10" hai0="10,13,19,52,62,68,69,88,89,91" hai2="1,2,11,14,18,20,27,28,48,55,84,85,86" hai3="0,6,9,24,25,40,42,73,77,80,81,87,90" /><INIT seed="2,1,2,3,2,105" ten="277,263,220,220" oya="2" hai0="31,95,81,45,118,49,127,64,48,124,99,20,111" hai1="97,76,7,35,114,10,18,132,1,62,41,46,90" hai2="11,34,50,109,61,128,25,26,57,6,78,39,100" hai3="9,2,67,98,82,47,0,88,65,15,121,22,80"/><V12/><F39/><W54/><G121/><T107/><D107/><U106/><E114/><V86/><F128/><W122/><G122/><T70/><D111/><U28/><E76/><V8/><F109/><W60/><G0/><T120/><D120/><U135/><E62/><V23/><F34/><W92/><G2/><T103/><D118/><U5/><E35/><V33/><F33/><W91/><G22/><T108/><D108/><U129/><E28/><V116/><F116/><W112/><G112/><T40/><D64/><N who="3" m="24649" /><G91/><T110/><D110/><U24/><E129/><V94/><F50/><N who="3" m="29023" /><G60/><T131/><D131/><U125/><E7/><AGARI ba="1,2" hai="7,9,15,80,82,88,92,98" m="29023,24649" machi="7" ten="30,2000,0" yaku="8,1,54,1" doraHai="105" who="3" fromWho="1" sc="277,0,263,-23,220,0,220,43" /><INIT seed="3,0,0,1,4,110" ten="277,240,220,263" oya="3" hai0="11,3,42,14,77,36,8,33,13,131,83,55,63" hai1="9,58,4,115,47,76,25,101,53,116,5,87,100" hai2="1,94,114,10,134,62,98,109,52,79,28,16,37" hai3="54,74,104,45,27,66,82,105,85,128,43,99,118"/><W32/><G118/><T119/><D119/><U20/><E116/><V78/><F37/><W97/><G74/><T30/><D131/><U92/><E47/><V113/><F28/><W0/><G0/><T124/><D124/><U121/><E121/><V133/><F109/><W60/><G54/><T7/><D42/><U111/><E111/><V65/><F79/><W64/><G32/><T12/><D36/><U81/><E92/><V18/><F78/><W61/><G27/><N who="0" m="18655" /><D55/><U130/><E130/><V48/><F62/><N who="3" m="24171" /><G104/><T112/><D63/><U103/><E115/><N who="2" m="44043" /><F65/><N who="3" m="25195" /><G105/><T59/><D59/><U69/><E9/><V72/><F10/><W41/><G128/><T117/><D83/><U106/><E69/><V107/><F1/><W51/><G41/><T40/><D40/><U49/><REACH who="1" step="1"/><E106/><REACH who="1" ten="277,230,220,263" step="2"/><V56/><F107/><W123/><G123/><T38/><D117/><U23/><E23/><V2/><F2/><W88/><AGARI ba="0,1" hai="43,45,51,82,85,88,97,99" m="25195,24171" machi="88" ten="30,3000,0" yaku="8,1,54,1" doraHai="110" who="3" fromWho="3" sc="277,-10,230,-10,220,-10,263,40" owari="267,7.0,220,-18.0,210,-29.0,303,40.0" /></mjloggm>