<mjloggm ver="2.3"><GO type="97" lobby="0"/><UN n0="%E8%B7%AF%E5%9C%B0%E8%A3%8F%E3%81%AE%E3%81%B2%E3%81%BE%E3%82%8F%E3%82%8A" n1="%E6%A1%90%E5%B3%B6%E3%81%AF%E3%81%98%E3%82%81" n2="%E5%B0%B1%E6%B4%BB%E7%94%9F%40%E5%B7%9D%E6%9D%91%E8%BB%8D%E5%9B%A3" n3="%E3%81%97%E3%82%93%E3%81%B9%E3%82%8D" dan="15,14,14,13" rate="1945.16,1836.51,1935.65,2043.08" sx="M,M,M,M"/><TAIKYOKU oya="0"/><INIT seed="0,0,0,4,2,120" ten="250,250,250,250" oya="0" hai0="82,62,77,51,36,102,29,92,71,129,113,18,123" hai1="76,54,74,20,59,67,125,8,84,108,78,122,73" hai2="19,111,2,126,107,95,70,61,90,33,66,58,38" hai3="118,13,60,45,6,86,110,43,34,48,133,49,50"/><T128/><D123/><U134/><E122/><V127/><F107/><W97/><G34/><T44/><D36/><U17/><E67/><V87/><F38/><W83/><G118/><T46/><D113/><U80/><E8/><V89/><F33/><W130/><G133/><T25/><D18/><U106/><E106/><V21/><F2/><W75/><G75/><T12/><D12/><U72/><E134/><V68/><F90/><W103/><G130/><N who="0" m="50283" /><D62/><U79/><E125/><N who="2" m="47627" /><F111/><W132/><G110/><T135/><D71/><U28/><E28/><V1/><F1/><W69/><G132/><T56/><D56/><U0/><E0/><V37/><F37/><W5/><G60/><T94/><D135/><U100/><E100/><V10/><F10/><N who="3" m="4303" /><G6/><T57/><D57/><U7/><E7/><V9/><F9/><W64/><G64/><T41/><D46/><U35/><E35/><V26/><AGARI ba="0,0" hai="19,21,26,58,61,66,68,70,87,89,95" m="47627" machi="26" ten="30,1100,0" yaku="18,1" doraHai="120" who="2" fromWho="2" sc="250,-5,250,-3,250,11,250,-3" /><INIT seed="1,0,0,1,5,115" ten="245,247,261,247" oya="1" hai0="55,22,34,73,75,40,72,74,52,8,107,67,7" hai1="91,16,62,118,119,15,3,18,20,90,31,92,86" hai2="4,79,44,17,63,122,39,6,54,125,46,114,58" hai3="9,0,37,21,71,32,30,38,28,100,81,29,23"/><U66/><E3/><V128/><F122/><W95/><G71/><T109/><D34/><U98/><E31/><V87/><F114/><W57/><G32/><T65/><D107/><U11/><E18/><V36/><F125/><W116/><G116/><T64/><D109/><U132/><E132/><V68/><F128/><W78/><G0/><T105/><D105/><U108/><E108/><V14/><F68/><W43/><G9/><T110/><D110/><U93/><REACH who="1" step="1"/><E11/><REACH who="1" ten="245,237,261,247" step="2"/><N who="2" m="6367" /><F36/><W80/><G38/><T102/><D8/><U134/><E134/><V124/><F39/><W77/><G37/><T135/><D135/><U61/><E61/><V33/><F33/><W19/><G19/><T25/><D7/><N who="2" m="2602" /><F124/><W112/><G112/><T113/><D113/><U26/><E26/><V35/><F35/><W84/><G21/><T12/><D25/><U88/><E88/><V83/><AGARI ba="0,1" hai="44,46,54,58,63,79,83,87" m="2602,6367" machi="83" ten="30,1100,0" yaku="8,1" doraHai="115" who="2" fromWho="2" sc="245,-3,237,-5,261,21,247,-3" /><INIT seed="2,0,0,5,2,124" ten="242,232,282,244" oya="2" hai0="134,100,44,32,61,130,87,108,77,7,119,106,74" hai1="72,80,16,50,91,115,109,78,0,35,105,83,73" hai2="33,28,97,98,127,89,36,43,79,123,99,102,14" hai3="69,117,116,101,19,113,82,118,81,30,57,15,104"/><V65/><F123/><W93/><G69/><T46/><D74/><U56/><E105/><V45/><F127/><W49/><G104/><T132/><D108/><U66/><E109/><V10/><F65/><W39/><G39/><T51/><D119/><U96/><E0/><V128/><F79/><W42/><G30/><T71/><D32/><U23/><E35/><V8/><F8/><W120/><G120/><T110/><D110/><U4/><E4/><V70/><F70/><W60/><G113/><T112/><D112/><U34/><E34/><V55/><F55/><W12/><G49/><T62/><D7/><U135/><E135/><N who="0" m="51753" /><D130/><U21/><E21/><V53/><F53/><W84/><G42/><N who="0" m="24983" /><D46/><U133/><E50/><V76/><F128/><W41/><G41/><T88/><D77/><U40/><E40/><V129/><F129/><W52/><G116/><T92/><D71/><U29/><E29/><V5/><F76/><W86/><G118/><T126/><D126/><U63/><E115/><V54/><F28/><W122/><G122/><T26/><D26/><U85/><E133/><V67/><F33/><W27/><G27/><T11/><D11/><U75/><REACH who="1" step="1"/><E96/><AGARI ba="0,0" hai="61,62,87,88,92,96,100,106" m="24983,51753" machi="96" ten="30,2000,0" yaku="20,1,54,1" doraHai="124" who="0" fromWho="1" sc="242,20,232,-20,282,0,244,0" /><INIT seed="3,0,0,3,5,3" ten="262,212,282,244" oya="3" hai0="49,121,17,41,101,6,1,61,48,45,58,60,54" hai1="38,40,122,73,5,109,103,53,97,131,11,14,130" hai2="37,30,46,20,52,72,116,98,44,23,132,59,125" hai3="77,66,55,117,56,15,108,65,69,127,26,115,96"/><W114/><G117/><T90/><D121/><U82/><E122/><V112/><F116/><W78/><G69/><T75/><D75/><U123/><E123/><V12/><F112/><W119/><G119/><T120/><D120/><U102/><E109/><V28/><F72/><W118/><G118/><T2/><D101/><U74/><E53/><V83/><F132/><W92/><G108/><T134/><D134/><U21/><E40/><V106/><F125/><W76/><G127/><T68/><D17/><N who="1" m="10423" /><E38/><V24/><F37/><W42/><G42/><T86/><D68/><U51/><E51/><N who="2" m="31135" /><F106/><W32/><G115/><T113/><D113/><U104/><E82/><V9/><F98/><W107/><G107/><T80/><REACH who="0" step="1"/><D2/><REACH who="0" ten="252,212,282,244" step="2"/><N who="1" m="439" /><E103/><V64/><F30/><W29/><G114/><T111/><D111/><U84/><E84/><V35/><F35/><W93/><G32/><T133/><D133/><U100/><E100/><V4/><F28/><W87/><G29/><T85/><D85/><U43/><E43/><V128/><F128/><AGARI ba="0,1" hai="73,74,97,102,104,128,130,131" m="439,10423" machi="128" ten="30,2000,0" yaku="19,1,52,1" doraHai="3" who="1" fromWho="2" sc="252,0,212,30,282,-20,244,0" /><INIT seed="4,0,0,3,2,134" ten="252,242,262,244" oya="0" hai0="49,59,96,100,0,14,16,17,6,80,15,85,76" hai1="3,81,21,40,115,77,22,94,45,130,41,23,87" hai2="74,28,75,4,1,66,92,26,58,27,127,70,20" hai3="89,5,108,7,34,135,52,105,125,18,129,61,114"/><T102/><D0/><U122/><E3/><V44/><F70/><W53/><G108/><T97/><D6/><U133/><E133/><V32/><F127/><W106/><G135/><T31/><D31/><U56/><E122/><V67/><F1/><W112/><G34/><T60/><D49/><U99/><E130/><V119/><F4/><N who="3" m="1611" /><G129/><T123/><D123/><U51/><E115/><N who="3" m="44074" /><G125/><T111/><D111/><U78/><E56/><V47/><F119/><W131/><G131/><T36/><D36/><U48/><E78/><V46/><F92/><W98/><G18/><N who="0" m="7275" /><D97/><U2/><E2/><V30/><REACH who="2" step="1"/><F58/><REACH who="2" ten="252,242,252,244" step="2"/><N who="3" m="35015" /><G53/><T29/><D59/><U71/><E71/><V104/><F104/><W19/><G19/><T101/><D29/><U33/><E33/><V90/><F90/><W93/><AGARI ba="0,1" hai="89,93,98,105,106" m="35015,44074,1611" machi="93" ten="30,2000,0" yaku="15,1,54,1" doraHai="134" who="3" fromWho="3" sc="252,-10,242,-5,252,-5,244,30" /><INIT seed="5,0,0,2,5,96" ten="242,237,247,274" oya="1" hai0="8,48,34,124,36,115,88,58,67,82,59,25,60" hai1="78,38,35,118,30,37,41,63,32,128,4,9,52" hai2="117,83,123,101,51,20,5,56,55,109,130,111,68" hai3="112,61,33,11,46,85,69,40,1,47,77,29,100"/><U86/><E118/><V122/><F5/><W95/><G33/><T7/><D36/><U108/><E41/><V43/><F83/><W93/><G29/><T121/><D121/><N who="2" m="46090" /><F101/><W90/><G112/><T70/><D115/><U31/><E128/><V13/><F13/><W66/><G77/><T49/><D124/><U0/><E108/><N who="2" m="41547" /><F20/><W73/><G73/><T99/><D59/><U91/><E78/><V16/><F16/><W28/><G28/><T133/><D70/><U65/><E31/><V27/><F27/><W15/><G1/><T105/><D25/><U14/><E0/><V74/><F74/><W131/><G131/><T132/><D34/><U71/><E52/><V129/><F117/><W127/><G127/><T80/><D80/><U125/><E125/><V107/><F107/><W6/><G40/><T84/><D99/><U17/><E17/><V103/><F103/><W126/><G126/><T87/><D87/><U134/><E134/><N who="0" m="51817" /><D105/><U72/><E72/><V75/><F75/><W3/><G3/><AGARI ba="0,0" hai="3,7,8,48,49,58,60,67,82,84,88" m="51817" machi="3" ten="30,2000,0" yaku="20,1,54,1" doraHai="96" who="0" fromWho="3" sc="242,20,237,0,247,0,274,-20" /><INIT seed="6,0,0,2,0,84" ten="262,237,247,254" oya="2" hai0="17,9,40,20,130,1,6,112,13,7,59,38,29" hai1="14,54,56,64,127,58,129,90,88,91,33,118,68" hai2="3,98,87,83,93,50,63,49,103,119,41,75,105" hai3="16,39,81,51,69,61,37,12,57,45,102,126,108"/><V121/><F119/><W36/><G108/><T133/><D112/><U44/><E33/><V43/><F121/><W115/><G126/><T125/><D125/><U42/><E68/><V30/><F3/><W55/><G115/><T23/><D59/><U122/><E127/><V78/><F30/><W85/><G102/><T101/><D101/><U114/><E118/><V24/><F24/><W89/><G69/><T11/><D40/><N who="2" m="15434" /><F63/><W100/><G100/><T123/><D38/><U34/><E34/><V128/><F128/><W109/><G109/><T95/><D95/><U70/><E114/><V74/><F74/><W22/><REACH who="3" step="1"/><G39/><REACH who="3" ten="262,237,247,244" step="2"/><T67/><D123/><U25/><E122/><V96/><F96/><W104/><G104/><T66/><D130/><U10/><E129/><V80/><F80/><W134/><G134/><T86/><D133/><U0/><E70/><V113/><F113/><W27/><G27/><T135/><D135/><U28/><E25/><V110/><F110/><W18/><G18/><T116/><D17/><U79/><E28/><V19/><F19/><W4/><G4/><T117/><D29/><U97/><E0/><V31/><F31/><W62/><G62/><T15/><D1/><U21/><E14/><V26/><F26/><W82/><G82/><T47/><D15/><U120/><E120/><V111/><F111/><W65/><AGARI ba="0,1" hai="12,16,22,36,37,45,51,55,57,61,65,81,85,89" machi="65" ten="20,8000,1" yaku="1,1,0,1,7,1,52,1,54,1,53,0" doraHai="84" doraHaiUra="107" who="3" fromWho="3" sc="262,-20,237,-20,247,-40,244,90" owari="242,4.0,217,-18.0,207,-29.0,334,43.0" /></mjloggm>