<mjloggm ver="2.3"><GO type="169" lobby="0"/><UN n0="%E3%83%8A%E3%83%A9" n1="%E5%B0%B1%E6%B4%BB%E7%94%9F%40%E5%B7%9D%E6%9D%91%E8%BB%8D%E5%9B%A3" n2="%E3%83%9D%E3%82%B3%E3%83%94%E3%83%B3" n3="%E3%82%A6%E3%83%AB%E3%83%88%E3%83%A9%E7%AB%8B%E7%9B%B4" dan="16,16,16,17" rate="2052.38,2075.17,2136.21,2218.06" sx="M,M,M,M"/><TAIKYOKU oya="0"/><INIT seed="0,0,0,2,0,114" ten="250,250,250,250" oya="0" hai0="127,108,68,63,64,50,5,3,17,18,60,39,4" hai1="84,95,104,49,65,131,86,105,27,74,78,45,54" hai2="33,51,34,38,73,44,9,77,41,135,22,85,94" hai3="42,121,91,26,89,62,128,71,59,80,134,47,113"/><T36/><D127/><U82/><E131/><V72/><F135/><W133/><G71/><T116/><D3/><U11/><E65/><V81/><F72/><W110/><G113/><T40/><D108/><U35/><E35/><V76/><F22/><W21/><G128/><T14/><D50/><U99/><E27/><V46/><F77/><W13/><G13/><T15/><D40/><U93/><E93/><V29/><F29/><W25/><G25/><T30/><D64/><U32/><E32/><V109/><F109/><W132/><G121/><T124/><D30/><U28/><E28/><V56/><F56/><W70/><G70/><T37/><D124/><U115/><E115/><V125/><F125/><W58/><G110/><T16/><D116/><U129/><E129/><V55/><F73/><W43/><G43/><T90/><D90/><N who="3" m="34313" /><G80/><T98/><D98/><U101/><REACH who="1" step="1"/><E11/><REACH who="1" ten="250,240,250,250" step="2"/><V75/><F9/><W2/><G26/><T112/><D112/><U120/><E120/><V118/><F118/><W48/><G21/><T7/><REACH who="0" step="1"/><D68/><REACH who="0" ten="240,240,250,250" step="2"/><U53/><E53/><V10/><F55/><N who="3" m="32103" /><G133/><T106/><D106/><AGARI ba="0,2" hai="45,49,54,74,78,82,84,86,95,99,101,104,105,106" machi="106" ten="40,1300,0" yaku="1,1,53,0" doraHai="114" doraHaiUra="23" who="1" fromWho="0" sc="240,-13,240,33,250,0,250,0" /><INIT seed="1,0,0,1,3,24" ten="227,273,250,250" oya="1" hai0="117,112,34,94,62,21,43,72,1,18,51,6,58" hai1="53,76,39,118,125,79,5,55,61,80,29,95,122" hai2="129,17,12,4,111,128,9,71,59,50,47,63,40" hai3="68,131,48,90,85,27,127,132,35,23,44,81,104"/><U49/><E39/><V124/><F111/><W88/><G127/><T13/><D112/><U102/><E122/><V36/><F124/><W38/><G131/><T87/><D72/><U14/><E118/><V0/><F71/><W115/><G132/><T110/><D110/><U66/><E125/><V121/><F121/><W30/><G115/><T108/><D108/><U97/><E29/><V133/><F133/><W56/><G68/><T37/><D37/><U7/><E53/><V41/><F36/><W10/><G104/><T28/><D117/><U16/><E61/><V123/><F123/><W109/><G109/><T126/><D126/><U130/><E66/><V15/><F41/><N who="3" m="24591" /><G35/><T52/><D1/><U67/><E67/><V101/><F101/><W60/><G10/><T42/><D6/><U92/><E92/><V73/><F73/><W65/><G38/><T119/><D62/><U86/><E76/><AGARI ba="0,0" hai="23,27,30,56,60,65,76,81,85,88,90" m="24591" machi="76" ten="30,3900,0" yaku="8,1,52,1,54,1" doraHai="24" who="3" fromWho="1" sc="227,0,273,-39,250,0,250,39" /><INIT seed="2,0,0,5,4,40" ten="227,234,250,289" oya="2" hai0="52,59,65,28,110,19,103,70,108,126,116,92,128" hai1="94,2,20,22,25,82,55,118,100,16,98,64,135" hai2="130,62,127,113,131,122,123,9,53,32,37,44,13" hai3="84,129,33,30,47,0,93,109,45,112,41,105,66"/><V35/><F113/><W132/><G105/><T7/><D126/><U26/><E118/><V83/><F127/><W121/><G0/><T97/><D128/><N who="2" m="49194" /><F83/><W117/><G129/><T36/><D36/><U96/><E2/><V21/><F21/><W11/><G33/><N who="2" m="12873" /><F62/><W91/><G112/><T12/><D116/><U46/><E135/><V43/><F53/><W99/><G132/><T61/><D28/><N who="1" m="17447" /><E64/><V51/><F37/><W58/><G30/><T87/><D7/><AGARI ba="0,0" hai="7,9,13,43,44,51,122,123" m="12873,49194" machi="7" ten="30,2900,0" yaku="19,1,52,1" doraHai="40" who="2" fromWho="0" sc="227,-29,234,0,250,29,289,0" /><INIT seed="2,1,0,0,1,7" ten="198,234,279,289" oya="2" hai0="3,107,125,5,112,131,74,29,71,76,0,34,119" hai1="73,10,48,110,49,50,129,114,2,130,27,52,79" hai2="32,111,24,95,56,75,103,78,66,4,67,64,122" hai3="126,108,104,1,61,93,123,9,38,135,59,63,109"/><V82/><F122/><W20/><G104/><T22/><RYUUKYOKU type="yao9" ba="1,0" sc="198,0,234,0,279,0,289,0" hai0="0,3,5,22,29,34,71,74,76,107,112,119,125,131" /><INIT seed="2,2,0,4,3,55" ten="198,234,279,289" oya="2" hai0="91,92,78,79,133,104,28,124,101,128,11,90,23" hai1="9,70,115,8,43,39,63,47,6,125,87,109,107" hai2="116,77,114,36,89,37,13,1,120,54,24,105,22" hai3="69,127,10,42,129,126,45,0,34,130,99,25,72"/><V57/><F1/><W111/><G69/><T40/><D124/><N who="3" m="47657" /><G72/><T121/><D121/><U131/><E115/><V66/><F116/><W134/><G99/><T68/><D68/><U75/><E75/><V31/><F114/><W19/><G111/><T14/><D128/><N who="3" m="49257" /><G45/><T18/><D104/><U26/><E107/><V100/><F120/><W44/><G44/><T60/><D40/><U53/><E109/><V27/><F66/><W21/><G42/><T102/><D60/><U94/><E131/><V38/><F77/><N who="0" m="29194" /><D91/><U3/><E125/><V58/><F89/><W48/><G48/><T17/><D28/><U112/><E112/><V82/><F100/><W59/><G34/><T117/><D117/><U88/><E70/><V106/><F82/><W29/><G59/><T81/><D81/><U51/><E63/><V85/><F58/><W80/><G80/><T74/><D74/><U83/><E83/><V50/><F85/><W20/><G134/><T41/><D41/><U103/><E103/><V98/><F98/><W96/><G96/><N who="0" m="57367" /><D133/><U135/><E135/><V119/><F106/><W35/><G0/><T110/><D110/><U65/><E65/><V123/><F105/><W62/><G62/><T32/><D32/><U52/><E39/><V132/><F132/><W84/><G84/><T61/><D61/><U113/><E113/><V76/><F38/><W30/><G30/><T93/><D93/><U33/><E33/><V2/><F2/><W71/><G71/><T15/><AGARI ba="2,0" hai="11,14,15,17,18,23,101,102" m="57367,29194" machi="15" ten="30,1100,0" yaku="8,1" doraHai="55" who="0" fromWho="0" sc="198,17,234,-5,279,-7,289,-5" /><INIT seed="3,0,0,4,1,25" ten="215,229,272,284" oya="3" hai0="111,27,82,128,23,12,74,109,19,99,44,119,48" hai1="102,38,54,51,89,86,15,76,134,106,92,59,33" hai2="7,85,20,71,107,29,133,121,65,61,123,9,41" hai3="117,42,112,8,87,40,80,57,53,5,77,66,55"/><W104/><G104/><T94/><D119/><U52/><E38/><V22/><F133/><W113/><G117/><T135/><D135/><U131/><E131/><V47/><F107/><W28/><G113/><T16/><D128/><U118/><E118/><V127/><F127/><W1/><G112/><T72/><D82/><U56/><E134/><V4/><F85/><W108/><G108/><N who="0" m="41547" /><D12/><U35/><E76/><V130/><F7/><W18/><G18/><T21/><D21/><U125/><E125/><V84/><F84/><W3/><G3/><T98/><D19/><U14/><E102/><V67/><F67/><W122/><G122/><T129/><D129/><U115/><E106/><V34/><F130/><W63/><G28/><T116/><D116/><U91/><E115/><V39/><F34/><W88/><REACH who="3" step="1"/><G77/><REACH who="3" ten="215,229,272,274" step="2"/><T79/><D79/><U103/><E103/><V75/><F29/><W62/><G62/><T2/><D2/><U10/><E91/><V73/><F123/><W58/><G58/><T132/><D132/><U101/><E101/><V30/><F30/><W105/><G105/><T110/><D110/><U13/><REACH who="1" step="1"/><E10/><REACH who="1" ten="215,219,272,274" step="2"/><V69/><F121/><W124/><G124/><T81/><D72/><U70/><E70/><V90/><F71/><W24/><G24/><T11/><D74/><U64/><E64/><V126/><F126/><W114/><G114/><T6/><D11/><U100/><E100/><V36/><F90/><W68/><G68/><T26/><D26/><U97/><E97/><V43/><F75/><W120/><G120/><T37/><D98/><U46/><E46/><RYUUKYOKU ba="0,2" sc="215,-15,219,15,272,-15,274,15" hai1="13,14,15,33,35,51,52,54,56,59,86,89,92" hai3="1,5,8,40,42,53,55,57,63,66,80,87,88" /><INIT seed="3,1,2,3,1,100" ten="200,234,257,289" oya="3" hai0="79,62,101,37,36,122,118,113,74,10,13,23,30" hai1="42,26,91,47,135,89,21,83,96,25,45,51,65" hai2="90,107,48,78,109,29,85,125,27,20,9,60,80" hai3="81,132,35,41,121,31,38,72,14,46,61,134,7"/><W114/><G121/><T76/><D118/><U57/><E135/><N who="3" m="51754" /><G114/><T52/><D122/><U104/><E104/><V6/><F109/><W43/><G43/><T2/><D2/><U18/><E47/><V54/><F125/><W70/><G14/><T71/><D113/><U86/><E26/><V92/><F60/><W4/><G31/><T24/><D101/><U95/><E57/><V106/><F48/><W49/><G35/><T12/><D12/><U39/><REACH who="1" step="1"/><E65/><REACH who="1" ten="200,224,257,289" step="2"/><V19/><F29/><W69/><G38/><AGARI ba="1,3" hai="18,21,25,38,39,42,45,51,83,86,89,91,95,96" machi="38" ten="40,2600,0" yaku="1,1,2,1,53,0" doraHai="100" doraHaiUra="67" who="1" fromWho="3" sc="200,0,224,59,257,0,289,-29" /><INIT seed="4,0,0,3,4,125" ten="200,283,257,260" oya="0" hai0="12,32,33,60,43,55,129,28,126,50,106,9,113" hai1="107,78,62,24,117,110,49,44,93,8,26,88,3" hai2="22,45,73,5,6,13,96,10,56,36,111,17,98" hai3="135,68,66,124,80,47,103,54,81,4,133,46,104"/><T71/><D113/><U90/><E107/><V57/><F111/><W99/><G124/><T79/><D126/><U1/><E117/><V82/><F6/><W53/><G4/><T122/><D122/><U83/><E110/><V51/><F56/><W16/><G66/><T69/><D43/><U18/><E62/><V101/><F36/><W94/><G68/><T0/><D0/><U41/><E3/><V116/><F116/><W21/><G104/><T109/><D109/><U131/><E131/><V72/><F57/><W114/><G114/><T38/><D38/><U123/><E123/><V108/><F108/><W127/><G127/><T63/><D79/><U23/><E26/><V35/><F35/><W67/><G67/><T97/><D129/><U74/><E1/><V7/><F7/><W20/><G20/><T77/><D77/><U59/><E59/><V112/><F82/><N who="3" m="31851" /><G135/><T19/><D69/><U42/><E8/><V128/><F128/><W87/><G87/><T89/><D71/><U31/><E90/><V132/><F132/><W64/><G64/><T85/><D33/><U92/><E92/><V75/><F101/><W39/><G39/><T15/><D32/><U34/><E42/><V58/><F112/><W61/><G133/><T11/><D28/><U134/><E134/><V91/><F91/><W115/><G61/><T84/><D106/><U100/><E100/><V102/><F102/><W25/><G115/><T95/><D63/><U37/><E37/><V40/><F58/><W70/><G70/><T119/><D60/><U130/><E34/><V29/><F29/><RYUUKYOKU ba="0,0" sc="200,-15,283,-15,257,15,260,15" hai2="5,10,13,17,22,40,45,51,72,73,75,96,98" hai3="16,21,25,46,47,53,54,94,99,103" /><INIT seed="5,1,0,2,2,55" ten="185,268,272,275" oya="1" hai0="106,125,50,11,47,78,96,101,80,69,6,77,100" hai1="90,37,134,33,17,119,87,48,70,66,64,117,12" hai2="8,124,21,46,30,73,72,86,67,131,120,104,18" hai3="88,31,132,98,7,19,91,103,10,116,3,93,40"/><U65/><E37/><V52/><F120/><W45/><G132/><T68/><D125/><U99/><E70/><V121/><F104/><W44/><G31/><T128/><D100/><U5/><E33/><V109/><F109/><W25/><G116/><T1/><D128/><U60/><E134/><V0/><F121/><W108/><G108/><T9/><D9/><U74/><E74/><V39/><F67/><W13/><G44/><T4/><D4/><U41/><E5/><V32/><F124/><W107/><G107/><T61/><D61/><U82/><E99/><V15/><F39/><W112/><G112/><T14/><D1/><U79/><E79/><V102/><F102/><W126/><G25/><T81/><D81/><U62/><E117/><V85/><F85/><W59/><G59/><T105/><D78/><U114/><E114/><V57/><F86/><W36/><G126/><T54/><REACH who="0" step="1"/><D106/><REACH who="0" ten="175,268,272,275" step="2"/><U28/><E119/><V118/><F118/><W23/><AGARI ba="1,1" hai="3,7,10,13,19,23,36,40,45,88,91,93,98,103" machi="23" ten="20,2700,0" yaku="0,1,7,1,54,1" doraHai="55" who="3" fromWho="3" sc="175,-8,268,-14,272,-8,275,40" /><INIT seed="6,0,0,3,2,65" ten="167,254,264,315" oya="2" hai0="127,111,5,63,76,25,57,51,103,46,48,108,58" hai1="69,42,93,60,44,115,54,34,12,43,41,91,4" hai2="132,27,79,123,89,19,71,104,102,101,23,129,128" hai3="10,134,98,96,83,126,107,15,21,30,70,32,3"/><V131/><F123/><W67/><G98/><T74/><D103/><N who="2" m="39434" /><F104/><W133/><G96/><T118/><D5/><U13/><E34/><V2/><F132/><W56/><G107/><T119/><D25/><U85/><E115/><V124/><F124/><W35/><G83/><T73/><D76/><U94/><E4/><V77/><F2/><W7/><G56/><T90/><D90/><N who="1" m="53455" /><E69/><V59/><F59/><W31/><G70/><T97/><D97/><N who="1" m="57567" /><E60/><V113/><F113/><W6/><G67/><N who="0" m="39415" /><D73/><U80/><E80/><V87/><F71/><W106/><G106/><T53/><D74/><U38/><E38/><V1/><F1/><W8/><G126/><T50/><D127/><U66/><E66/><V11/><F11/><W22/><G3/><T130/><D130/><U37/><E37/><V55/><F55/><W110/><G110/><N who="0" m="42027" /><D46/><U39/><E39/><V88/><F89/><W36/><G36/><T18/><D18/><U33/><E33/><V121/><F121/><W99/><G99/><T135/><D135/><U82/><E82/><AGARI ba="0,0" hai="19,23,27,77,79,82,87,88,128,129,131" m="39434" machi="82" ten="30,2900,0" yaku="19,1,54,1" doraHai="65" who="2" fromWho="1" sc="167,0,254,-29,264,29,315,0" /><INIT seed="6,1,0,5,5,38" ten="167,225,293,315" oya="2" hai0="30,124,83,68,70,79,60,2,35,105,0,55,106" hai1="64,9,86,58,102,27,98,51,36,95,100,96,133" hai2="43,92,15,120,113,13,75,114,62,37,119,122,59" hai3="123,112,41,80,97,134,128,11,40,73,24,23,16"/><V90/><F75/><W69/><G69/><N who="0" m="26731" /><D55/><U135/><E36/><V10/><F119/><W117/><G117/><T67/><D124/><U26/><E86/><V18/><F15/><W116/><G112/><N who="2" m="43113" /><F37/><W111/><G128/><T47/><D47/><U25/><E9/><V5/><F18/><W57/><G134/><T125/><D125/><U33/><E33/><V99/><F43/><W4/><G116/><T118/><D118/><U12/><E12/><V130/><F130/><W31/><G123/><T14/><D14/><U49/><E64/><AGARI ba="1,0" hai="5,10,13,59,62,64,90,92,99,120,122" m="43113" machi="64" ten="30,1500,0" yaku="15,1" doraHai="38" who="2" fromWho="1" sc="167,0,225,-18,293,18,315,0" /><INIT seed="6,2,0,1,3,47" ten="167,207,311,315" oya="2" hai0="29,12,113,17,83,119,72,55,100,101,71,51,9" hai1="45,40,10,8,134,126,2,61,131,102,117,52,31" hai2="133,108,110,6,44,36,24,48,73,54,109,38,0" hai3="35,58,53,41,50,91,70,43,69,67,63,104,74"/><V85/><F133/><W86/><G74/><T132/><D71/><U28/><E117/><V14/><F73/><W125/><G104/><T98/><D113/><U79/><E134/><V122/><F122/><W116/><G35/><T23/><D132/><U66/><E126/><V65/><F0/><W95/><G116/><T75/><D119/><U5/><E131/><V21/><F65/><W22/><G70/><T76/><D75/><U33/><E79/><V25/><F85/><W120/><G120/><T87/><D72/><U135/><E135/><V106/><F106/><W64/><G64/><T15/><D98/><U26/><E102/><V34/><F34/><W93/><G125/><T1/><D1/><U80/><E80/><V96/><F96/><W118/><G118/><T129/><D129/><U32/><E10/><N who="2" m="4439" /><F24/><W105/><G105/><T121/><D121/><U46/><E40/><V97/><F97/><W78/><G78/><T84/><D84/><U88/><E66/><V115/><F115/><W99/><G22/><T62/><D62/><U89/><E31/><AGARI ba="2,0" hai="21,25,31,36,38,44,48,54,108,109,110" m="4439" machi="31" ten="30,2900,0" yaku="10,1,52,1" doraHai="47" who="2" fromWho="1" sc="167,0,207,-35,311,35,315,0" /><INIT seed="6,3,0,1,0,110" ten="167,172,346,315" oya="2" hai0="19,77,44,96,100,135,76,80,122,90,45,6,33" hai1="15,71,87,111,128,134,130,63,93,2,38,118,103" hai2="60,23,127,68,89,21,102,124,30,61,113,27,72" hai3="79,53,105,125,123,78,84,65,59,3,1,8,107"/><V54/><F113/><W48/><G123/><T133/><D122/><U32/><E2/><V129/><F72/><W11/><G65/><T82/><D6/><U74/><E38/><V47/><F129/><N who="1" m="49769" /><E74/><V64/><F102/><W13/><G13/><T108/><D33/><U98/><E32/><V46/><F23/><W14/><G14/><T57/><D108/><U51/><E111/><V49/><F89/><W75/><G84/><N who="0" m="50455" /><D57/><U117/><E134/><N who="0" m="51209" /><D19/><U97/><E97/><V29/><F30/><W126/><G59/><T109/><D109/><U120/><E120/><V7/><F7/><W69/><G75/><N who="0" m="43039" /><D77/><U10/><E87/><V5/><F5/><W25/><G69/><T67/><D67/><N who="1" m="41471" /><E51/><V55/><F61/><W52/><G48/><AGARI ba="3,0" hai="21,27,29,46,47,48,49,54,55,60,64,68,124,127" machi="48" ten="40,2000,0" yaku="9,1" doraHai="110" who="2" fromWho="3" sc="167,0,172,0,346,29,315,-29" /><INIT seed="6,4,0,5,1,58" ten="167,172,375,286" oya="2" hai0="80,113,127,9,88,18,102,112,131,86,21,78,3" hai1="19,79,35,42,99,95,123,29,32,97,71,76,107" hai2="16,122,11,69,108,45,5,82,124,46,54,50,40" hai3="93,48,12,91,119,57,84,41,55,134,49,60,39"/><V116/><F116/><W120/><G120/><T26/><D127/><U62/><E123/><V67/><F122/><W110/><G110/><T37/><D37/><U105/><E42/><V130/><F124/><W27/><G119/><T66/><D131/><U75/><E75/><V83/><F130/><W53/><G134/><T6/><D102/><U125/><E125/><V100/><F100/><W1/><G1/><T38/><D38/><U33/><E29/><V81/><F108/><W77/><G77/><T64/><REACH who="0" step="1"/><D78/><REACH who="0" ten="157,172,375,286" step="2"/><U25/><E79/><V121/><F121/><W73/><G39/><T63/><D63/><U51/><E76/><V15/><F40/><W101/><G101/><T34/><D34/><U70/><E51/><V74/><F74/><W126/><G73/><T87/><D87/><U8/><E62/><V30/><F50/><W13/><G126/><T61/><D61/><U28/><E99/><V128/><F128/><W129/><G129/><T10/><D10/><U104/><E71/><V85/><F11/><W17/><G41/><T89/><D89/><U52/><E70/><V135/><F85/><W0/><G49/><T111/><D111/><U92/><E97/><V118/><F69/><W44/><G48/><T65/><AGARI ba="4,1" hai="3,6,9,18,21,26,64,65,66,80,86,88,112,113" machi="65" ten="30,4000,0" yaku="1,1,0,1,54,1,53,0" doraHai="58" doraHaiUra="115" who="0" fromWho="0" sc="157,62,172,-14,375,-24,286,-14" /><INIT seed="7,0,0,1,5,118" ten="219,158,351,272" oya="3" hai0="26,130,84,15,6,91,110,113,41,79,81,40,112" hai1="76,133,106,52,44,37,36,23,35,101,48,115,60" hai2="82,63,72,10,62,131,119,38,20,120,85,125,22" hai3="68,122,77,51,4,111,109,114,90,116,18,11,29"/><W78/><G68/><T45/><D110/><U1/><E35/><V55/><F72/><W89/><G29/><T12/><D130/><U28/><E1/><V97/><F38/><W21/><G51/><N who="0" m="27047" /><D41/><U69/><E115/><N who="0" m="44105" /><D6/><U39/><E133/><V5/><F120/><W134/><G122/><T124/><D124/><U66/><E76/><V58/><F125/><W34/><G78/><T127/><D127/><U107/><REACH who="1" step="1"/><E101/><REACH who="1" ten="219,148,351,272" step="2"/><V3/><F3/><W56/><G77/><T42/><D79/><U9/><E9/><V105/><F10/><W19/><G11/><T27/><D42/><U83/><E83/><V33/><F82/><W88/><G134/><T95/><D81/><U17/><E17/><V32/><F32/><W25/><G18/><T49/><D49/><U99/><E99/><V117/><F97/><W87/><G34/><T126/><D126/><U67/><E67/><V57/><F33/><W121/><G19/><T0/><D0/><U73/><E73/><V108/><F119/><W65/><G116/><T80/><D80/><U13/><E13/><AGARI ba="0,1" hai="12,13,15,26,27,84,91,95" m="44105,27047" machi="13" ten="30,2000,0" yaku="15,1,11,1" doraHai="118" who="0" fromWho="1" sc="219,30,148,-20,351,0,272,0" owari="249,-15.0,128,-37.0,351,45.0,272,7.0" /></mjloggm>