<mjloggm ver="2.3"><GO type="225" lobby="0"/><UN n0="%E3%81%84%E3%81%91%E3%81%9F%E3%82%93" n1="%E3%83%88%E3%83%88%E3%83%AA%E5%85%88%E7%94%9F%31%39%E6%AD%B3" n2="%73%61%72%61%6B" n3="%E2%98%86%E9%BB%84%E7%80%AC%E3%82%84%E3%82%88%E3%81%84%E2%98%86" dan="17,18,16,17" rate="2151.75,2262.62,2093.51,2167.79" sx="M,F,M,F"/><TAIKYOKU oya="0"/><INIT seed="0,0,0,0,1,25" ten="250,250,250,250" oya="0" hai0="71,20,124,117,107,11,28,59,55,49,131,109,125" hai1="17,93,106,16,51,99,126,92,18,134,24,35,120" hai2="33,86,32,37,100,70,115,43,61,48,38,122,129" hai3="133,79,69,29,66,12,80,89,31,91,46,77,72"/><T82/><D117/><U23/><E120/><V95/><F122/><W15/><G69/><T47/><D71/><U119/><E119/><V34/><F115/><W63/><G133/><T84/><D107/><U114/><E114/><V135/><F135/><W85/><G46/><T103/><D103/><U44/><E134/><V67/><F129/><W36/><G36/><T52/><D11/><U22/><E126/><N who="0" m="48745" /><D131/><U102/><E35/><V57/><F86/><W113/><G113/><T68/><D68/><U42/><REACH who="1" step="1"/><E23/><REACH who="1" ten="250,240,250,250" step="2"/><V87/><F33/><W110/><G110/><T4/><D109/><U73/><E73/><V8/><F34/><W75/><G72/><T27/><D4/><U21/><E21/><V1/><F32/><W76/><G75/><T2/><D2/><U123/><E123/><V56/><F1/><W127/><G127/><T118/><D118/><U13/><E13/><N who="3" m="5194" /><G91/><N who="0" m="51607" /><D59/><U41/><E41/><AGARI ba="0,1" hai="20,27,28,41,47,49,52,55" m="51607,48745" machi="41" ten="30,5800,0" yaku="18,1,52,1,54,1" doraHai="25" who="0" fromWho="1" sc="250,68,240,-58,250,0,250,0" /><INIT seed="0,1,0,3,0,48" ten="318,182,250,250" oya="0" hai0="19,78,8,85,13,27,106,31,67,132,23,112,25" hai1="63,22,69,117,16,4,33,128,108,52,107,11,70" hai2="55,86,92,88,115,59,130,131,1,81,54,61,127" hai3="129,99,45,30,37,82,12,56,133,10,6,47,3"/><T36/><D112/><U7/><E117/><V68/><F115/><W113/><G113/><T46/><D106/><U0/><E107/><V103/><F127/><W66/><G37/><T89/><D132/><U15/><E108/><V35/><F35/><W101/><G133/><T76/><D67/><U90/><E128/><N who="2" m="49195" /><F1/><W57/><G129/><T58/><D58/><N who="3" m="22633" /><G3/><T60/><D60/><U28/><E7/><V21/><F68/><W62/><G62/><T41/><REACH who="0" step="1"/><D27/><REACH who="0" ten="308,182,250,250" step="2"/><N who="1" m="18591" /><E63/><V80/><F61/><W18/><G66/><T26/><D26/><U44/><E90/><V50/><F59/><W72/><G47/><T91/><D91/><U32/><E32/><V110/><F110/><W124/><G45/><T42/><D42/><U24/><E24/><V40/><F40/><W97/><G124/><T94/><AGARI ba="1,1" hai="8,13,19,23,25,31,36,41,46,76,78,85,89,94" machi="94" ten="20,3900,0" yaku="1,1,0,1,7,1,53,0" doraHai="48" doraHaiUra="121" who="0" fromWho="0" sc="308,52,182,-14,250,-14,250,-14" /><INIT seed="0,2,0,4,2,83" ten="360,168,236,236" oya="0" hai0="90,89,96,57,26,41,16,72,54,126,17,20,91" hai1="47,22,102,6,75,1,110,115,99,100,10,95,7" hai2="107,33,11,12,125,122,42,53,8,65,135,50,77" hai3="98,71,118,0,87,104,29,24,13,105,18,113,130"/><T25/><D72/><U5/><E110/><V109/><F122/><W81/><G118/><T36/><D126/><U92/><E75/><V56/><F107/><W112/><G0/><T67/><D67/><U55/><E115/><V85/><F33/><W97/><G130/><T73/><D73/><U88/><E100/><V80/><F109/><W2/><G2/><T101/><D36/><U78/><E78/><V61/><F135/><W93/><G71/><T30/><D41/><U114/><E114/><V31/><F125/><W51/><G51/><T103/><D96/><U3/><E3/><V86/><F31/><W34/><G105/><T120/><D120/><U63/><E22/><V119/><F119/><W64/><G104/><T9/><D9/><U44/><E44/><N who="2" m="25879" /><F86/><W46/><G64/><T76/><D76/><U58/><REACH who="1" step="1"/><E47/><REACH who="1" ten="360,158,236,236" step="2"/><V38/><F38/><W117/><G46/><T52/><D101/><U127/><E127/><V35/><F35/><W32/><G34/><T15/><D103/><U19/><E19/><N who="2" m="8583" /><F11/><N who="3" m="6463" /><G117/><T79/><D17/><U27/><E27/><V134/><F134/><W74/><G113/><T14/><D25/><U108/><E108/><V39/><F39/><W43/><G112/><T40/><D30/><U84/><AGARI ba="2,1" hai="1,5,6,7,10,55,58,63,84,88,92,95,99,102" machi="84" ten="20,8000,1" yaku="1,1,0,1,7,1,52,1,54,1,53,0" doraHai="83" doraHaiUra="45" who="1" fromWho="1" sc="360,-42,158,96,236,-22,236,-22" /><INIT seed="1,0,0,0,3,17" ten="318,254,214,214" oya="1" hai0="103,109,113,105,59,100,50,45,77,124,122,70,31" hai1="43,107,101,126,64,60,104,132,37,131,28,61,117" hai2="42,24,11,41,13,16,75,39,95,71,65,66,34" hai3="111,79,93,72,36,58,22,130,12,27,80,90,134"/><U84/><E117/><V55/><F75/><W96/><G134/><T1/><D70/><U128/><E132/><V14/><F71/><W52/><G111/><T38/><D113/><U51/><E37/><V10/><F39/><W83/><G130/><N who="1" m="49706" /><E126/><V62/><F55/><W91/><G36/><T89/><D38/><U82/><E101/><V49/><F95/><N who="3" m="56447" /><G72/><T112/><D103/><U118/><E118/><V73/><F73/><W63/><G12/><T94/><D100/><U114/><E114/><V19/><F49/><W116/><G116/><T6/><D112/><U88/><E60/><V57/><F65/><W8/><G79/><T119/><D124/><U53/><E28/><AGARI ba="0,0" hai="10,11,13,14,16,19,24,28,34,41,42,57,62,66" machi="28" ten="40,2600,0" yaku="9,1,54,1" doraHai="17" who="2" fromWho="1" sc="318,0,254,-26,214,26,214,0" /><INIT seed="2,0,0,4,2,94" ten="318,228,240,214" oya="2" hai0="103,12,77,111,129,133,36,20,41,0,11,52,14" hai1="81,16,60,9,38,19,123,127,70,2,91,74,88" hai2="34,128,43,27,71,58,66,79,51,54,68,131,44" hai3="1,85,57,13,90,107,15,109,118,86,4,5,130"/><V25/><F79/><W101/><G118/><T37/><D0/><U112/><E38/><V93/><F93/><W100/><G1/><T83/><D41/><U32/><E32/><V49/><F34/><W55/><G130/><N who="2" m="49705" /><F27/><W102/><G109/><T67/><D111/><U48/><E112/><V40/><F25/><W73/><G73/><T95/><D20/><U24/><E127/><V62/><F71/><W126/><G107/><T21/><D21/><N who="1" m="13351" /><E2/><V89/><F89/><N who="1" m="34377" /><E74/><V104/><F104/><W63/><G126/><T108/><D108/><U17/><E70/><V22/><F22/><W75/><G75/><T46/><D36/><U3/><E3/><V39/><F43/><W134/><G134/><T26/><D133/><U122/><E81/><V92/><F92/><N who="3" m="54351" /><G86/><T31/><D129/><U42/><E9/><V113/><F113/><W125/><G125/><T64/><D11/><U96/><E96/><V114/><F114/><W72/><G72/><T53/><D83/><U6/><E6/><AGARI ba="0,0" hai="4,5,6,13,15,55,57,63,100,101,102" m="54351" machi="6" ten="30,1000,0" yaku="8,1" doraHai="94" who="3" fromWho="1" sc="318,0,228,-10,240,0,214,10" /><INIT seed="3,0,0,4,1,108" ten="318,218,240,224" oya="3" hai0="2,60,111,94,14,27,90,22,58,87,63,86,45" hai1="1,31,131,110,57,66,59,38,5,92,46,48,107" hai2="133,54,3,62,36,112,4,124,12,6,29,26,64" hai3="117,78,11,119,9,135,118,35,126,0,132,116,40"/><W15/><N who="3" m="29696" /><DORA hai="47" /><W113/><G40/><T55/><D111/><U8/><E107/><V13/><F3/><W125/><G78/><T24/><D2/><U130/><E110/><V51/><F36/><W42/><G35/><T128/><D128/><N who="1" m="49195" /><E38/><V34/><F112/><W65/><G42/><T120/><D120/><U89/><E31/><V79/><F79/><W44/><G44/><T109/><D45/><U123/><E66/><V69/><F133/><N who="3" m="51275" /><G113/><T105/><D105/><U10/><E10/><N who="3" m="3594" /><G0/><T39/><D109/><U91/><E123/><V20/><F34/><W106/><G106/><T99/><D39/><U16/><E16/><V97/><F6/><W85/><G65/><T80/><D14/><U98/><E91/><V18/><F4/><W134/><N who="3" m="51283" /><W43/><DORA hai="37" /><G43/><AGARI ba="0,0" hai="1,5,8,43,46,48,57,59,89,92,98" m="49195" machi="43" ten="30,3900,0" yaku="19,1,52,2" doraHai="108,47,37" who="1" fromWho="3" sc="318,0,218,39,240,0,224,-39" owari="318,41.0,257,6.0,240,-16.0,185,-31.0" /></mjloggm>