<mjloggm ver="2.3"><GO type="97" lobby="0"/><UN n0="%40%74%6F%72%61" n1="%65%72%75%6D%69%6F%72%75" n2="%E4%BB%94%E5%B1%B1%E7%BE%8A" n3="%E3%83%88%E3%83%88%E3%83%AA%E5%85%88%E7%94%9F%31%39%E6%AD%B3" dan="15,13,13,14" rate="1991.21,1878.45,1821.94,2006.35" sx="M,M,M,F"/><TAIKYOKU oya="0"/><INIT seed="0,0,0,3,2,97" ten="250,250,250,250" oya="0" hai0="112,59,73,60,122,88,130,36,0,17,70,57,110" hai1="25,32,50,26,114,6,46,7,69,2,38,84,52" hai2="20,118,43,41,66,103,27,89,91,51,15,78,35" hai3="48,74,72,64,4,13,92,16,22,65,75,45,96"/><T42/><D73/><U106/><E69/><V83/><F35/><W81/><G4/><T1/><D122/><U33/><E114/><V98/><F66/><W44/><G81/><T99/><D112/><U116/><E106/><V108/><F108/><W90/><REACH who="3" step="1"/><G44/><REACH who="3" ten="250,250,250,240" step="2"/><T134/><D134/><U79/><E7/><V31/><F83/><W119/><G119/><T76/><D0/><U23/><E6/><V133/><F118/><W28/><G28/><T58/><D1/><U102/><E2/><V111/><F31/><W123/><G123/><T105/><D17/><U54/><E46/><V9/><F133/><W126/><G126/><T94/><D110/><U56/><E116/><V5/><F5/><W40/><AGARI ba="0,1" hai="13,16,22,40,45,48,64,65,72,74,75,90,92,96" machi="40" ten="30,7900,0" yaku="1,1,0,1,54,1,53,1" doraHai="97" doraHaiUra="37" who="3" fromWho="3" sc="250,-39,250,-20,250,-20,240,89" /><INIT seed="1,0,0,5,3,70" ten="211,230,230,329" oya="1" hai0="22,78,53,15,72,23,108,41,86,118,28,117,9" hai1="119,56,97,10,111,30,35,115,75,42,127,27,45" hai2="43,122,7,39,47,6,69,82,128,116,80,24,77" hai3="34,124,13,65,93,109,71,2,52,96,55,11,54"/><U85/><E115/><V134/><F122/><W92/><G34/><T1/><D1/><U83/><E119/><V16/><F116/><W21/><G2/><T89/><D108/><U5/><E127/><V48/><F69/><W0/><G0/><T129/><D78/><U107/><E111/><V106/><F106/><W110/><G124/><T84/><D72/><U37/><E56/><V67/><F67/><W125/><G125/><T88/><D41/><U103/><E75/><V50/><F134/><W20/><G92/><T59/><D129/><U29/><E29/><V62/><F128/><W25/><G20/><T33/><D33/><U126/><E126/><V105/><F62/><W64/><G71/><T120/><D28/><U18/><E18/><V3/><F105/><W26/><G110/><T60/><D120/><U19/><E19/><V14/><F24/><N who="3" m="9323" /><G21/><T36/><D36/><U104/><E5/><V133/><F6/><N who="3" m="3319" /><G109/><T101/><D101/><AGARI ba="0,0" hai="52,54,55,64,65,93,96,101" m="3319,9323" machi="101" ten="30,2000,0" yaku="8,1,54,1" doraHai="70" who="3" fromWho="0" sc="211,-20,230,0,230,0,329,20" /><INIT seed="2,0,0,0,0,61" ten="191,230,230,349" oya="2" hai0="5,111,130,122,22,116,64,90,125,27,43,40,35" hai1="110,129,29,39,45,128,93,2,51,37,123,11,83" hai2="32,96,131,102,80,118,50,108,117,134,71,121,62" hai3="72,12,19,34,48,133,87,66,53,79,56,107,13"/><V113/><F32/><W69/><G107/><T9/><D122/><U6/><E123/><V91/><F50/><W15/><G72/><T47/><D35/><U8/><E8/><V31/><F31/><W18/><G34/><T36/><D125/><U23/><E93/><N who="2" m="58639" /><F62/><N who="3" m="38215" /><G133/><T73/><D73/><U105/><E105/><V46/><F71/><W17/><G69/><T55/><D116/><U44/><E110/><V126/><F46/><N who="1" m="18025" /><E51/><V52/><F52/><W120/><G120/><T135/><D111/><U95/><E83/><V28/><F28/><W112/><G112/><T106/><D106/><U63/><E95/><V58/><F121/><W75/><G75/><T0/><D135/><U119/><E119/><V89/><F134/><W92/><G92/><T74/><D74/><U20/><E63/><V132/><F80/><N who="3" m="47519" /><G48/><T10/><D36/><N who="1" m="13899" /><E29/><V60/><F132/><W25/><G53/><T54/><D55/><U127/><E127/><V115/><F126/><W104/><G104/><T4/><D54/><U109/><E109/><V76/><F108/><W59/><G59/><T82/><D47/><U100/><E100/><V67/><F115/><W3/><G3/><T98/><D0/><U30/><E30/><V114/><F113/><W97/><G97/><T21/><D98/><U88/><E88/><V57/><F114/><W85/><G85/><T68/><D90/><U42/><E42/><V84/><F91/><W99/><G99/><T38/><D38/><U41/><E41/><V101/><F101/><W16/><N who="3" m="4096" /><DORA hai="14" /><W1/><G1/><T81/><D43/><U49/><E49/><RYUUKYOKU ba="0,0" sc="191,-15,230,15,230,-15,349,15" hai1="2,6,11,20,23,128,129" hai3="12,13,15,25" /><INIT seed="3,1,0,0,3,15" ten="176,245,215,364" oya="3" hai0="93,10,5,77,30,117,56,66,16,131,106,18,29" hai1="97,87,70,64,67,99,95,88,75,32,107,114,34" hai2="25,20,45,100,60,13,83,7,63,84,26,38,135" hai3="69,48,27,126,129,74,108,17,132,36,112,22,79"/><W113/><G36/><T116/><D106/><U72/><E114/><V14/><F100/><W23/><G69/><T128/><D77/><U62/><E67/><V3/><F3/><W90/><G108/><T6/><D93/><U53/><E53/><V37/><F45/><W115/><G129/><N who="0" m="49739" /><D56/><U96/><REACH who="1" step="1"/><E107/><REACH who="1" ten="176,235,215,364" step="2"/><V124/><F124/><W11/><G126/><T65/><D65/><U50/><E50/><V35/><F37/><W127/><G48/><T103/><D66/><U8/><E8/><V123/><F38/><W43/><G11/><T61/><D61/><U41/><E41/><V58/><F60/><W9/><G9/><T120/><D120/><U54/><E54/><V24/><F123/><W111/><G43/><T91/><D91/><U118/><E118/><N who="0" m="45673" /><D103/><U110/><E110/><V49/><F49/><W33/><G111/><T121/><D121/><U92/><E92/><V1/><F63/><W71/><G90/><T44/><D44/><U80/><E80/><V31/><F83/><W86/><G115/><T12/><D5/><U125/><E125/><V89/><F7/><W55/><G113/><T101/><D101/><U122/><E122/><V47/><F47/><W81/><G112/><T109/><D109/><U59/><E59/><V76/><F58/><W2/><G55/><T28/><AGARI ba="1,1" hai="6,10,12,16,18,28,29,30" m="45673,49739" machi="28" ten="40,12000,2" yaku="19,1,34,2,52,2,54,1" doraHai="15" who="0" fromWho="0" sc="176,133,235,-31,215,-31,364,-61" owari="309,42.0,204,-20.0,184,-32.0,303,10.0" /></mjloggm>