<mjloggm ver="2.3"><GO type="169" lobby="0"/><UN n0="%6B%69%79%6F%64%61%69" n1="%E3%81%A8%E3%82%82%E3%81%8D%E3%82%85%E3%82%93%E2%99%AA" n2="%E5%9B%BD%E8%A6%8B%E6%AF%94%E5%91%82" n3="%E5%B0%B1%E6%B4%BB%E7%94%9F%40%E5%B7%9D%E6%9D%91%E8%BB%8D%E5%9B%A3" dan="17,16,16,16" rate="2220.22,2122.30,2119.76,2187.43" sx="M,F,M,M"/><TAIKYOKU oya="0"/><INIT seed="0,0,0,4,4,104" ten="250,250,250,250" oya="0" hai0="113,35,46,132,3,109,127,111,55,107,103,16,134" hai1="47,101,114,63,39,54,86,15,45,62,69,30,116" hai2="67,38,20,58,64,31,42,108,50,65,83,135,23" hai3="4,48,78,124,106,26,76,14,87,120,98,56,8"/><T66/><D113/><U11/><E116/><V74/><F108/><N who="0" m="41546" /><D35/><U37/><E114/><V19/><F135/><N who="0" m="51754" /><D3/><U105/><E30/><V94/><F38/><W133/><G124/><T57/><D127/><U33/><E86/><V0/><F0/><W40/><G87/><T102/><D66/><U130/><E33/><V115/><F115/><W27/><G120/><T100/><D46/><U73/><E45/><V13/><F94/><W1/><G1/><T59/><D107/><U90/><E105/><V88/><F65/><W128/><G106/><T71/><D71/><U68/><E47/><V9/><F67/><W118/><G56/><N who="0" m="21579" /><D16/><U112/><E68/><V53/><F64/><W18/><G18/><T25/><D25/><U80/><E69/><V117/><F19/><W24/><G27/><T70/><D70/><U82/><E112/><V123/><F58/><W96/><G26/><T36/><D36/><U93/><E39/><V110/><F110/><W21/><G24/><T75/><D75/><U60/><E73/><V121/><F74/><W12/><G133/><T32/><D32/><U2/><E37/><V43/><F123/><W122/><G122/><T41/><D41/><U10/><E2/><V131/><F43/><W22/><G40/><T81/><D81/><U91/><E80/><V119/><F121/><W34/><G34/><T92/><D55/><U95/><E82/><V5/><F83/><W29/><G22/><T61/><D61/><U7/><E54/><V52/><F53/><W89/><G21/><T126/><D126/><U6/><E63/><V77/><F42/><RYUUKYOKU ba="0,0" sc="250,30,250,-10,250,-10,250,-10" hai0="92,100,102,103" /><INIT seed="0,1,0,4,0,12" ten="280,240,240,240" oya="0" hai0="95,69,116,86,58,72,79,118,90,4,48,16,39" hai1="30,61,70,89,127,112,129,134,71,110,120,6,82" hai2="51,1,38,3,114,80,75,84,91,63,43,107,130" hai3="117,10,106,100,50,97,37,26,46,42,131,5,52"/><T44/><D69/><U99/><E6/><V122/><F122/><W57/><G131/><T65/><D39/><U21/><E99/><V29/><F114/><W121/><G121/><T113/><D113/><U115/><E89/><V66/><F38/><W108/><G108/><T62/><D4/><U96/><E96/><V11/><F107/><W73/><G117/><T53/><D72/><U56/><E82/><V119/><F119/><W60/><G26/><T93/><D79/><U83/><E83/><V34/><F75/><W33/><G33/><T67/><D67/><U17/><E30/><V36/><F36/><W98/><G97/><T94/><D118/><U111/><E21/><V128/><F29/><W47/><G73/><T15/><D116/><U32/><E32/><V0/><F11/><AGARI ba="1,0" hai="11,15,16,44,48,53,58,62,65,86,90,93,94,95" machi="11" ten="30,11600,0" yaku="7,1,8,1,52,1,54,1" doraHai="12" who="0" fromWho="2" sc="280,119,240,0,240,-119,240,0" /><INIT seed="0,2,0,0,0,10" ten="399,240,121,240" oya="0" hai0="115,27,17,76,67,59,60,106,122,98,113,36,91" hai1="89,135,100,128,97,35,41,109,33,12,87,26,79" hai2="117,94,69,92,72,56,40,96,19,88,61,85,90" hai3="126,73,62,133,112,132,1,130,105,75,31,23,77"/><T57/><D36/><U124/><E109/><V50/><F72/><W104/><G62/><T68/><D122/><U103/><E124/><V70/><F117/><W25/><G112/><T107/><D76/><U0/><E0/><V18/><F69/><W81/><G1/><T4/><D4/><U39/><E135/><N who="3" m="51786" /><G126/><T47/><D47/><U34/><E79/><V78/><F70/><W123/><G130/><T119/><D119/><U63/><E128/><V22/><F78/><W54/><G75/><T29/><D17/><U37/><E26/><V121/><F121/><W102/><G102/><N who="0" m="62807" /><D91/><U83/><E100/><V134/><F134/><W55/><G123/><T86/><D86/><U13/><E63/><V45/><REACH who="2" step="1"/><F22/><REACH who="2" ten="399,240,111,240" step="2"/><W3/><G3/><T48/><D115/><U108/><E35/><V51/><F51/><W43/><G77/><T80/><D48/><U5/><E34/><V15/><F15/><W9/><G23/><T7/><D68/><U38/><E33/><V120/><F120/><W71/><G73/><T24/><D113/><U84/><E13/><V58/><F58/><W66/><G71/><T131/><D59/><U74/><E74/><V110/><F110/><W99/><G25/><T82/><D24/><U129/><E108/><V20/><F20/><W65/><G104/><T52/><D107/><N who="1" m="63983" /><E129/><V30/><F30/><W8/><G31/><T6/><D131/><U11/><E39/><V125/><F125/><W127/><G105/><T101/><D27/><U21/><E21/><V42/><F42/><W49/><G127/><T116/><D29/><U44/><E37/><RYUUKYOKU ba="2,1" sc="399,-15,240,15,111,15,240,-15" hai1="5,11,12,38,41,44,83,84,87,89" hai2="18,19,40,45,50,56,61,85,88,90,92,94,96" /><INIT seed="1,3,1,1,5,54" ten="384,255,126,225" oya="1" hai0="135,19,126,5,119,102,89,78,117,120,56,27,8" hai1="128,23,110,28,68,130,79,30,124,52,111,63,55" hai2="116,47,131,49,17,86,73,31,4,33,76,70,0" hai3="69,113,132,29,53,92,32,83,77,10,62,72,112"/><U16/><E124/><V75/><F116/><W65/><G132/><T61/><D126/><U81/><E68/><V125/><F125/><W22/><G32/><T40/><D102/><U82/><E63/><V87/><F70/><W93/><G10/><T51/><D78/><U35/><E35/><V91/><F131/><N who="1" m="50217" /><E28/><V7/><F76/><W80/><G83/><N who="1" m="31754" /><E30/><V105/><F105/><W115/><G29/><T34/><D61/><U109/><E79/><V6/><F0/><W101/><G101/><T15/><D120/><U71/><E71/><V85/><F91/><W58/><REACH who="3" step="1"/><G22/><REACH who="3" ten="384,255,126,215" step="2"/><T94/><D34/><U95/><E95/><V122/><F31/><W46/><G46/><T26/><D94/><U129/><E129/><V67/><F33/><W13/><G13/><AGARI ba="3,2" hai="13,16,23,52,55,109,110,111" m="31754,50217" machi="13" ten="40,12000,1" yaku="14,1,10,1,19,1,54,2" doraHai="54" who="1" fromWho="3" sc="384,0,255,149,126,0,215,-129" /><INIT seed="1,4,0,3,2,74" ten="384,404,126,86" oya="1" hai0="135,68,129,2,14,66,132,7,55,122,12,118,99" hai1="115,102,110,78,94,97,39,101,113,35,10,80,58" hai2="62,131,43,119,27,18,92,17,63,33,38,37,83" hai3="111,5,59,56,54,96,44,48,103,85,116,73,32"/><U65/><E39/><V87/><F119/><W50/><G73/><T4/><D118/><U124/><E35/><V34/><F131/><W29/><G116/><T123/><D55/><U19/><E124/><V86/><F92/><W134/><G134/><N who="0" m="51243" /><D99/><U22/><E10/><V8/><F8/><W23/><G32/><T107/><D107/><U30/><E30/><V130/><F130/><W57/><G111/><T76/><D66/><U79/><E102/><V88/><F43/><W81/><G5/><N who="0" m="2123" /><D68/><U16/><E110/><V98/><F98/><W104/><G23/><T45/><D45/><U77/><E80/><V0/><F83/><W60/><G29/><T6/><D76/><U112/><REACH who="1" step="1"/><E22/><REACH who="1" ten="384,394,126,86" step="2"/><V3/><REACH who="2" step="1"/><F27/><REACH who="2" ten="384,394,116,86" step="2"/><W109/><G109/><T46/><D129/><U93/><E93/><V67/><F67/><W126/><G126/><T128/><D128/><U24/><E24/><V53/><F53/><W52/><REACH who="3" step="1"/><G60/><AGARI ba="4,2" hai="16,19,58,60,65,77,78,79,94,97,101,112,113,115" machi="60" ten="50,12000,1" yaku="1,1,52,3,54,1,53,0" doraHai="74" doraHaiUra="47" who="1" fromWho="3" sc="384,0,394,152,116,0,86,-132" owari="384,18.0,546,65.0,116,-28.0,-46,-55.0" /></mjloggm>