<mjloggm ver="2.3"><GO type="169" lobby="0"/><UN n0="%48%6F%6C%64%65%6E" n1="%E9%97%98%E5%A3%AB%E2%98%86%E3%81%8D%E3%82%80%E3%82%8A%E3%82%87%E3%83%BC" n2="%50%6F%69%72%6F%74" n3="%E3%82%A6%E3%83%AB%E3%83%88%E3%83%A9%E7%AB%8B%E7%9B%B4" dan="16,16,16,17" rate="2082.18,2102.00,2038.48,2147.79" sx="M,M,M,M"/><TAIKYOKU oya="0"/><INIT seed="0,0,0,3,3,86" ten="250,250,250,250" oya="0" hai0="108,95,1,49,65,81,91,112,127,97,124,119,19" hai1="69,135,0,113,36,42,93,110,107,34,122,94,116" hai2="26,98,24,105,71,52,9,57,123,16,31,84,118" hai3="66,111,72,11,85,79,104,100,87,12,120,83,73"/><T4/><D112/><U60/><E42/><V20/><F123/><W80/><G66/><T30/><D119/><U61/><E94/><V50/><F71/><W35/><G35/><T74/><D30/><U101/><E93/><V109/><F118/><W114/><G114/><T89/><D65/><U102/><E61/><V48/><F109/><W7/><G111/><T29/><D108/><U103/><E60/><V67/><F67/><W88/><REACH who="3" step="1"/><G120/><REACH who="3" ten="250,250,250,240" step="2"/><T40/><D124/><U33/><E122/><V41/><F9/><W62/><G62/><T129/><D127/><U78/><E34/><V130/><F130/><W32/><G32/><T15/><D129/><U17/><E33/><V128/><F128/><W10/><G10/><N who="0" m="6647" /><D1/><U117/><E113/><V106/><F20/><W53/><G53/><T54/><D40/><U82/><E0/><V132/><F41/><W21/><G21/><T28/><D74/><U126/><E110/><V115/><F52/><W51/><G51/><T96/><D4/><U3/><E3/><V55/><F48/><W99/><AGARI ba="0,1" hai="7,11,12,72,73,79,80,83,85,87,88,99,100,104" machi="99" ten="30,7900,0" yaku="1,1,0,1,52,1,54,1,53,0" doraHai="86" doraHaiUra="133" who="3" fromWho="3" sc="250,-39,250,-20,250,-20,240,89" /><INIT seed="1,0,0,4,4,11" ten="211,230,230,329" oya="1" hai0="105,13,17,104,59,112,52,62,21,78,111,133,95" hai1="72,32,10,120,46,53,49,51,28,63,60,91,37" hai2="64,0,85,127,99,57,125,65,71,29,92,87,100" hai3="26,106,73,69,96,98,123,7,68,3,20,15,90"/><U1/><E72/><V55/><F0/><W107/><G73/><T43/><D112/><U132/><E37/><V101/><F29/><W50/><G3/><T31/><D111/><U77/><E77/><V30/><F30/><W109/><G69/><T56/><D133/><U116/><E116/><V48/><F100/><W81/><G68/><T121/><D121/><U67/><E120/><V58/><F71/><W114/><G109/><T33/><D43/><U126/><E126/><N who="2" m="48139" /><F58/><W22/><G107/><T80/><D95/><U134/><E32/><V38/><F38/><W79/><G106/><T16/><D31/><U118/><E28/><V12/><F12/><W42/><G79/><T40/><D33/><U19/><E1/><V84/><AGARI ba="0,0" hai="48,55,57,64,65,84,85,87,92,99,101" m="48139" machi="84" ten="30,1100,0" yaku="18,1" doraHai="11" who="2" fromWho="2" sc="211,-3,230,-5,230,11,329,-3" /><INIT seed="2,0,0,4,0,34" ten="208,225,241,326" oya="2" hai0="65,30,32,108,99,9,10,130,55,125,131,110,122" hai1="2,79,18,19,128,11,117,8,39,28,66,126,84" hai2="101,50,72,12,15,88,56,80,43,113,57,120,81" hai3="31,60,109,134,21,41,112,7,118,17,133,29,73"/><V13/><F113/><W25/><G73/><T115/><D65/><U61/><E39/><V95/><F120/><W107/><G107/><T1/><D55/><U45/><E117/><V20/><F101/><W26/><G41/><T124/><D99/><U129/><E28/><V42/><F72/><W69/><G69/><T35/><D30/><U119/><E119/><V62/><F20/><N who="3" m="13455" /><G60/><T49/><D49/><U121/><E121/><V135/><F135/><N who="3" m="51723" /><G118/><T51/><D51/><U83/><E126/><V91/><F50/><W24/><G112/><T37/><D122/><U86/><E45/><V33/><F33/><N who="3" m="20647" /><G7/><T77/><D37/><U52/><E66/><N who="2" m="39239" /><F57/><W5/><G5/><T76/><D115/><U23/><E61/><V67/><F67/><W93/><G93/><T132/><D132/><U78/><E83/><N who="2" m="31819" /><F91/><W105/><G105/><T89/><D89/><U4/><E4/><V46/><F46/><W0/><G0/><AGARI ba="0,0" hai="0,1,9,10,32,35,76,77,108,110,124,125,130,131" machi="0" ten="25,6400,0" yaku="22,2,52,2" doraHai="34" who="0" fromWho="3" sc="208,64,225,0,241,0,326,-64" /><INIT seed="3,0,0,5,1,110" ten="272,225,241,262" oya="3" hai0="73,9,42,43,3,75,76,108,121,18,39,88,103" hai1="135,16,69,24,124,129,123,126,0,90,86,28,133" hai2="128,64,116,19,41,47,83,91,12,100,98,77,85" hai3="34,65,45,99,127,78,40,101,93,131,51,63,26"/><W104/><G127/><N who="1" m="48682" /><E69/><V112/><F116/><W114/><G131/><T72/><D121/><U48/><E123/><V14/><F128/><W37/><G78/><T80/><D108/><U68/><E68/><V87/><F112/><W132/><G132/><T6/><D103/><U81/><E0/><V59/><F64/><W53/><G114/><T60/><D18/><U117/><E129/><V125/><F125/><W119/><G119/><T8/><D8/><U13/><E48/><V55/><F41/><W92/><G26/><T79/><D60/><U23/><E117/><V33/><F33/><AGARI ba="0,0" hai="13,16,23,24,28,33,81,86,90,133,135" m="48682" machi="33" ten="30,2000,0" yaku="18,1,54,1" doraHai="110" who="1" fromWho="2" sc="272,0,225,20,241,-20,262,0" /><INIT seed="4,0,0,4,1,74" ten="272,245,221,262" oya="0" hai0="26,17,85,22,3,32,132,11,135,61,129,16,131" hai1="126,120,86,100,111,45,114,77,95,30,5,52,110" hai2="127,70,35,59,76,121,46,115,49,90,13,101,71" hai3="130,44,104,94,84,8,54,79,113,69,12,36,112"/><T119/><D119/><U53/><E120/><V25/><F121/><W15/><G104/><T42/><D42/><U97/><E126/><V68/><F127/><W67/><G130/><N who="0" m="49675" /><D61/><U57/><E114/><N who="3" m="44138" /><G94/><T72/><D72/><U55/><E5/><V81/><F115/><W24/><G24/><T31/><D85/><U128/><E128/><V117/><F117/><W37/><G67/><T82/><D82/><N who="1" m="47439" /><E111/><V63/><F90/><W93/><G69/><T122/><D122/><U0/><E0/><V2/><F101/><W102/><G102/><T62/><D62/><N who="1" m="36135" /><E110/><V124/><F2/><W39/><G93/><T21/><D3/><U38/><E38/><V1/><F1/><W51/><G8/><T108/><D11/><U28/><E53/><V123/><F124/><W27/><G27/><N who="0" m="14759" /><D108/><U40/><E40/><V34/><F123/><W60/><G60/><T134/><D17/><U105/><E105/><V23/><F63/><W20/><G39/><T75/><D75/><U107/><E107/><V58/><F68/><W6/><G37/><T89/><D89/><U99/><E99/><V41/><F70/><W10/><G36/><T78/><D78/><U65/><E65/><V106/><F71/><W133/><G79/><T91/><D91/><U103/><E103/><V98/><F106/><W73/><G73/><T66/><D66/><U83/><E83/><V109/><F98/><W18/><G84/><T56/><D32/><N who="2" m="12330" /><F109/><W125/><G125/><T116/><D116/><U29/><E29/><N who="2" m="17599" /><F13/><W118/><G118/><T50/><D132/><AGARI ba="0,0" hai="6,10,12,15,18,20,44,51,54,132,133" m="44138" machi="132" ten="30,1000,0" yaku="15,1" doraHai="74" who="3" fromWho="0" sc="272,-10,245,0,221,0,262,10" /><INIT seed="5,0,0,2,1,110" ten="262,245,221,272" oya="1" hai0="47,5,72,37,20,57,4,9,52,13,16,122,55" hai1="24,93,58,46,59,119,97,3,48,17,26,85,38" hai2="111,62,49,117,83,126,69,39,86,75,18,60,2" hai3="112,76,66,107,120,100,50,102,61,67,128,82,15"/><U29/><E3/><V79/><F117/><W54/><G120/><T33/><D33/><U104/><E38/><V14/><F111/><W125/><G107/><T34/><D34/><U74/><E104/><V45/><F39/><W108/><G108/><T78/><D122/><U118/><E74/><V71/><F2/><W116/><G125/><T127/><D127/><U10/><E85/><V21/><F126/><W44/><G128/><T28/><D28/><U0/><E26/><V135/><F135/><W43/><G43/><N who="0" m="23023" /><D57/><U87/><E87/><V130/><F130/><W88/><G88/><T131/><D5/><U51/><E51/><V134/><F134/><W114/><G15/><T70/><D70/><U103/><E58/><V106/><F106/><W98/><G67/><T30/><D30/><U96/><E59/><V8/><F75/><W123/><G123/><T19/><D19/><U31/><E31/><V132/><F132/><W56/><G116/><T101/><D101/><U65/><E65/><V81/><F81/><W6/><G6/><T27/><D131/><U25/><E25/><V1/><F1/><W99/><G102/><T53/><D78/><U115/><E0/><V133/><F133/><W12/><G12/><T63/><D72/><U22/><E118/><V129/><F129/><W80/><G80/><T84/><D84/><U77/><E77/><V90/><F79/><W73/><REACH who="3" step="1"/><G100/><REACH who="3" ten="262,245,221,262" step="2"/><T35/><D63/><U95/><E119/><V7/><F62/><W91/><G91/><T121/><D121/><U68/><E103/><V23/><F60/><W92/><G92/><RYUUKYOKU ba="0,1" sc="262,15,245,-15,221,-15,262,15" hai0="4,9,13,16,20,27,35,52,53,55" hai3="44,50,54,56,61,66,73,76,82,98,99,112,114" /><INIT seed="6,1,1,2,1,105" ten="277,230,206,277" oya="2" hai0="114,79,118,16,67,31,104,116,68,98,44,6,115" hai1="2,72,78,21,4,51,5,75,43,54,93,24,13" hai2="91,48,56,36,8,119,122,121,18,80,124,58,26" hai3="113,25,117,14,53,40,39,61,81,23,100,74,88"/><V46/><F119/><N who="0" m="45610" /><D31/><U19/><E78/><V111/><F111/><W29/><G39/><T70/><D6/><U77/><E77/><V112/><F124/><W85/><G74/><T15/><D44/><U125/><E43/><V28/><F112/><N who="0" m="43050" /><D67/><U94/><E125/><V63/><F36/><W106/><G106/><T45/><D45/><U131/><E131/><V95/><F80/><W9/><G40/><T17/><D79/><U7/><E2/><V97/><F121/><W38/><G38/><T49/><D49/><U66/><E66/><V30/><F122/><W59/><G117/><T133/><D133/><U123/><E123/><V69/><F69/><N who="0" m="26730" /><D15/><U130/><E130/><V3/><F3/><W64/><G113/><T99/><D104/><U52/><E13/><N who="2" m="7463" /><F26/><W57/><G14/><T103/><D103/><U76/><E76/><V65/><F58/><W71/><G71/><T108/><D108/><U110/><E110/><V90/><F90/><W11/><G100/><T27/><D27/><U86/><E24/><V1/><F1/><W134/><G134/><T127/><D127/><U126/><E126/><V120/><F120/><W135/><G135/><T34/><D34/><U20/><E75/><V62/><F62/><AGARI ba="1,1" hai="9,11,23,25,29,53,57,59,61,62,64,81,85,88" machi="62" ten="30,3900,0" yaku="7,1,8,1,54,1" doraHai="105" who="3" fromWho="2" sc="277,0,230,0,206,-42,277,52" /><INIT seed="7,0,0,4,2,49" ten="277,230,164,329" oya="3" hai0="9,121,29,36,95,74,75,133,108,79,65,87,91" hai1="57,114,45,62,56,77,100,101,17,15,39,51,42" hai2="32,117,82,125,109,135,43,64,69,116,47,58,11" hai3="106,86,0,46,98,37,128,73,6,124,38,84,66"/><W92/><G73/><T113/><D36/><U71/><E114/><V7/><F32/><W122/><G106/><T132/><D29/><U41/><E77/><V94/><F109/><W60/><G38/><T21/><D65/><U1/><E1/><V104/><F104/><W24/><G6/><T22/><D9/><N who="1" m="6383" /><E71/><V2/><F125/><W5/><G5/><T112/><D21/><U20/><E39/><V59/><F135/><N who="0" m="51786" /><D22/><U31/><E42/><V63/><F94/><W119/><G0/><T33/><D33/><U16/><E31/><V53/><F82/><W89/><G124/><T12/><D12/><N who="1" m="9223" /><E57/><V61/><REACH who="2" step="1"/><F69/><REACH who="2" ten="277,230,154,329" step="2"/><W111/><G111/><T28/><D108/><U129/><E129/><V18/><F18/><W48/><G128/><T103/><D28/><U50/><E50/><AGARI ba="0,1" hai="2,7,11,43,47,50,53,58,59,61,63,64,116,117" machi="50" ten="30,3900,0" yaku="1,1,7,1,52,1,53,0" doraHai="49" doraHaiUra="96" who="2" fromWho="1" sc="277,0,230,-39,154,49,329,0" owari="277,8.0,191,-31.0,203,-20.0,329,43.0" /></mjloggm>