<mjloggm ver="2.3"><GO type="169" lobby="0"/><UN n0="%E2%98%86%6E%61%6F%E2%98%86" n1="%E3%83%A0%E3%83%A1%E3%82%A4" n2="%E3%82%A6%E3%83%AB%E3%83%88%E3%83%A9%E7%AB%8B%E7%9B%B4" n3="%EF%BC%93%E7%95%AA%E3%82%B7%E3%83%A7%E3%83%BC%E3%83%88%E5%9D%82%E7%94%B0" dan="17,16,17,16" rate="2115.34,2052.65,2159.08,2126.59" sx="F,M,M,M"/><TAIKYOKU oya="0"/><INIT seed="0,0,0,0,4,87" ten="250,250,250,250" oya="0" hai0="113,17,20,63,92,64,25,94,98,19,66,15,96" hai1="1,123,35,106,119,77,115,67,125,76,18,23,45" hai2="84,52,101,118,40,34,70,130,132,54,0,82,75" hai3="74,71,131,65,78,32,88,3,110,14,60,99,111"/><T61/><D113/><U128/><E67/><V102/><F0/><W6/><G32/><T122/><D122/><U47/><E123/><V21/><F34/><W120/><G120/><T68/><D94/><U2/><E35/><V114/><F70/><W133/><G14/><T42/><D42/><U24/><E119/><V112/><F40/><W121/><G121/><T83/><D83/><U109/><E106/><V58/><F21/><W104/><G104/><T4/><D4/><U100/><E100/><N who="2" m="38507" /><F58/><W93/><G131/><T26/><D19/><U95/><E128/><V107/><F52/><W57/><G133/><T108/><D98/><U124/><E109/><N who="3" m="41482" /><G78/><T30/><D30/><U48/><E115/><V44/><F54/><W117/><G74/><T22/><D22/><U8/><E95/><V39/><F75/><W29/><G29/><T38/><D38/><U10/><E23/><V51/><F39/><W79/><G79/><T11/><D20/><U16/><E48/><V31/><F51/><W103/><G117/><T97/><D97/><U53/><E53/><V59/><F107/><W27/><G27/><AGARI ba="0,0" hai="1,2,8,10,16,18,24,27,45,47,76,77,124,125" machi="27" ten="25,3200,0" yaku="22,2,54,1" doraHai="87" who="1" fromWho="3" sc="250,0,250,32,250,0,250,-32" /><INIT seed="1,0,0,2,5,78" ten="250,282,250,218" oya="1" hai0="1,112,109,72,68,90,103,124,123,56,48,96,30" hai1="19,79,36,82,31,106,94,126,10,54,22,46,41" hai2="108,130,101,105,44,92,47,117,81,113,127,67,86" hai3="38,128,129,120,35,104,85,116,99,131,33,122,18"/><U62/><E106/><V93/><F67/><W73/><G38/><T80/><D112/><U37/><E126/><V57/><F57/><W63/><G73/><T75/><D1/><U60/><E37/><V49/><F44/><W29/><G63/><T89/><D68/><U53/><E94/><N who="2" m="36459" /><F49/><W88/><G116/><T25/><D123/><N who="3" m="47145" /><G29/><T87/><D109/><U110/><E110/><V0/><F47/><W14/><G99/><T97/><D90/><U59/><E31/><V125/><F0/><W34/><G104/><T71/><D71/><U7/><E60/><V91/><F108/><W107/><G107/><T32/><D124/><N who="2" m="47690" /><F117/><W84/><G88/><T3/><D3/><U74/><E59/><V102/><F113/><W28/><G28/><T40/><D97/><U27/><REACH who="1" step="1"/><E62/><REACH who="1" ten="250,272,250,218" step="2"/><V65/><F105/><W24/><G131/><T100/><D56/><U95/><E95/><V9/><F65/><W2/><G129/><T5/><D30/><U135/><E135/><V16/><F130/><W42/><G128/><T23/><D48/><U43/><E43/><V132/><F132/><W20/><G42/><T76/><D40/><U6/><E6/><V51/><F51/><W11/><G2/><AGARI ba="0,1" hai="2,7,10,19,22,27,36,41,46,53,54,74,79,82" machi="2" ten="30,12000,1" yaku="1,1,7,1,25,2,52,1,53,0" doraHai="78" doraHaiUra="134" who="1" fromWho="3" sc="250,0,272,130,250,0,218,-120" /><INIT seed="1,1,0,5,0,50" ten="250,402,250,98" oya="1" hai0="55,132,130,13,53,129,39,73,103,74,104,62,134" hai1="58,26,117,22,27,120,9,43,81,30,51,6,76" hai2="34,1,82,97,123,11,31,60,36,18,29,56,40" hai3="116,115,57,41,88,119,80,109,16,44,93,14,47"/><U7/><E117/><N who="3" m="45130" /><G115/><T23/><D39/><U126/><E126/><V0/><F0/><W59/><G80/><T61/><D103/><U112/><E112/><V91/><F34/><W25/><G25/><T54/><D104/><U45/><E120/><V5/><F40/><W98/><G109/><T92/><D92/><U125/><E125/><V52/><F36/><N who="3" m="21543" /><G47/><T90/><D90/><U84/><E9/><AGARI ba="1,0" hai="9,14,16,57,59,88,93,98" m="21543,45130" machi="9" ten="30,3900,0" yaku="12,1,54,2" doraHai="50" who="3" fromWho="1" sc="250,0,402,-42,250,0,98,42" /><INIT seed="2,0,0,4,5,9" ten="250,360,250,140" oya="2" hai0="0,120,4,123,131,126,87,15,2,135,22,55,106" hai1="5,117,116,62,76,56,95,21,124,115,14,6,1" hai2="41,82,107,46,103,50,34,130,97,125,58,57,54" hai3="99,64,11,19,45,31,78,83,109,128,71,134,77"/><V84/><F34/><W69/><G128/><T29/><D106/><U23/><E115/><V13/><F130/><W75/><G77/><T36/><D36/><U3/><E124/><V18/><F125/><W60/><G134/><T91/><D126/><U90/><E76/><V132/><F132/><W79/><G79/><T42/><D135/><U74/><E74/><V121/><F121/><W25/><G109/><T72/><D72/><U67/><E3/><V51/><F82/><W68/><G45/><T100/><D42/><U129/><E129/><V48/><F84/><W33/><G19/><T27/><D100/><U65/><E65/><V52/><F18/><W101/><G11/><N who="0" m="4583" /><D55/><U85/><E1/><N who="0" m="617" /><D91/><U17/><E23/><V96/><F96/><W53/><G53/><T89/><D89/><U94/><E94/><V105/><F13/><W119/><G119/><T108/><D87/><U32/><E32/><V113/><REACH who="2" step="1"/><F113/><REACH who="2" ten="250,360,240,140" step="2"/><W24/><G24/><N who="0" m="16535" /><D131/><U30/><E117/><V127/><F127/><W112/><REACH who="3" step="1"/><G112/><REACH who="3" ten="250,360,240,130" step="2"/><T98/><D120/><U110/><E116/><V86/><F86/><W114/><G114/><T8/><D123/><U37/><E85/><V44/><F44/><W28/><G28/><T122/><D98/><U73/><E30/><V43/><F43/><W26/><G26/><T70/><D122/><U10/><E17/><V35/><F35/><W111/><G111/><T80/><D108/><U38/><E110/><V16/><F16/><W61/><G61/><T59/><D27/><U47/><E62/><V63/><F63/><W81/><G81/><T39/><D80/><RYUUKYOKU ba="0,2" sc="250,-15,360,-15,240,15,130,15" hai2="41,46,48,50,51,52,54,57,58,97,103,105,107" hai3="25,31,33,60,64,68,69,71,75,78,83,99,101" /><INIT seed="2,1,2,2,2,61" ten="235,345,255,145" oya="2" hai0="55,32,73,115,102,24,111,112,129,51,13,62,42" hai1="52,56,131,41,22,128,70,46,124,12,104,28,17" hai2="16,135,58,122,54,35,91,44,125,25,97,15,4" hai3="100,26,103,95,117,1,127,96,50,84,113,21,71"/><V88/><F122/><W6/><G71/><T93/><D73/><U57/><E70/><V66/><F125/><W75/><G75/><T90/><D111/><U87/><E104/><V77/><F135/><W11/><G117/><T65/><D102/><U80/><E124/><V107/><F77/><W94/><G113/><T106/><D106/><U36/><E28/><V31/><F4/><W14/><G127/><T38/><D129/><N who="1" m="49739" /><E52/><V48/><F107/><W72/><G72/><T76/><D76/><AGARI ba="1,2" hai="12,17,22,36,41,46,56,57,76,80,87" m="49739" machi="76" ten="30,1000,0" yaku="19,1" doraHai="61" who="1" fromWho="0" sc="235,-13,345,33,255,0,145,0" /><INIT seed="3,0,0,3,5,85" ten="222,378,255,145" oya="3" hai0="121,116,9,81,30,78,16,53,118,89,135,45,100" hai1="19,113,84,54,103,70,17,59,94,36,105,129,134" hai2="28,3,20,125,11,77,52,86,79,57,75,13,91" hai3="6,82,61,97,33,132,127,25,131,10,73,123,46"/><W39/><G123/><T87/><D121/><U24/><E70/><V109/><F75/><W69/><G131/><T74/><D135/><U60/><E36/><V40/><F40/><N who="3" m="22815" /><G97/><T56/><D100/><U21/><E113/><V68/><F68/><W119/><G127/><T108/><D30/><U71/><E71/><V14/><F3/><N who="3" m="351" /><G119/><T104/><D45/><U41/><E41/><V5/><F125/><W29/><G132/><T88/><D104/><U18/><E129/><V23/><F109/><W2/><G2/><T102/><D102/><U80/><E134/><V112/><F112/><W107/><G107/><T38/><D38/><U111/><E111/><V72/><F72/><W26/><G26/><T12/><D108/><U133/><E105/><V27/><F20/><W34/><G34/><T31/><D31/><U90/><E133/><V117/><F14/><W76/><G61/><T4/><D4/><U35/><E35/><V43/><F43/><W114/><G69/><T95/><REACH who="0" step="1"/><D89/><REACH who="0" ten="212,378,255,145" step="2"/><N who="1" m="51335" /><E103/><V92/><REACH who="2" step="1"/><F117/><REACH who="2" ten="212,378,245,145" step="2"/><W63/><G114/><T8/><D8/><U22/><E22/><V64/><F64/><W106/><G106/><T93/><D93/><U62/><E62/><AGARI ba="0,2" hai="5,11,13,23,27,28,52,57,62,77,79,86,91,92" machi="62" ten="30,8000,1" yaku="1,1,7,1,8,1,52,1,54,1,53,0" doraHai="85" doraHaiUra="67" who="2" fromWho="1" sc="212,0,378,-80,245,100,145,0" /><AGARI ba="0,0" hai="9,12,16,53,56,62,74,78,81,87,88,95,116,118" machi="62" ten="30,8000,1" yaku="1,1,7,1,52,1,54,2,53,0" doraHai="85" doraHaiUra="67" who="0" fromWho="1" sc="212,80,298,-80,345,0,145,0" /><INIT seed="4,0,0,3,0,4" ten="292,218,345,145" oya="0" hai0="69,9,60,82,131,67,79,49,112,93,47,106,75" hai1="94,85,98,115,30,10,76,43,103,126,57,62,54" hai2="3,111,132,71,91,18,59,20,110,0,68,41,73" hai3="114,130,81,37,99,129,101,27,86,84,39,31,51"/><T61/><D112/><U35/><E115/><V119/><F73/><W95/><G51/><T66/><D131/><N who="3" m="50185" /><G114/><T42/><D106/><U74/><E126/><V113/><F59/><W14/><G14/><T1/><D93/><U108/><E74/><V64/><F91/><N who="3" m="51599" /><G86/><T87/><D87/><U32/><E108/><V8/><F41/><W104/><G95/><T122/><D122/><U92/><E43/><V97/><F113/><W124/><G124/><T16/><D16/><U45/><E45/><V12/><F12/><W22/><AGARI ba="0,0" hai="22,27,31,37,39,99,101,104" m="51599,50185" machi="22" ten="30,1100,0" yaku="19,1" doraHai="4" who="3" fromWho="3" sc="292,-5,218,-3,345,-3,145,11" /><INIT seed="5,0,0,4,0,42" ten="287,215,342,156" oya="1" hai0="0,75,58,115,88,93,114,92,103,134,117,46,87" hai1="106,13,1,40,65,30,69,71,20,84,12,60,19" hai2="17,33,67,127,77,125,4,116,98,6,68,9,18" hai3="85,111,64,78,100,27,113,61,73,54,35,59,66"/><U43/><E1/><V135/><F77/><W96/><G111/><T48/><D0/><U95/><E106/><V110/><F33/><W70/><G113/><N who="0" m="43019" /><D75/><U129/><E71/><V109/><F67/><W79/><G66/><T131/><D131/><U50/><E129/><V124/><F68/><W105/><G85/><T56/><D117/><U94/><E30/><V74/><F74/><W45/><G45/><T126/><D126/><U81/><E13/><N who="2" m="7343" /><F98/><W119/><G73/><T97/><D134/><U51/><E43/><AGARI ba="0,0" hai="43,46,48,56,58,87,88,92,93,97,103" m="43019" machi="43" ten="30,3900,0" yaku="15,1,52,1,54,1" doraHai="42" who="0" fromWho="1" sc="287,39,215,-39,342,0,156,0" /><INIT seed="6,0,0,0,1,51" ten="326,176,342,156" oya="2" hai0="123,44,92,57,111,28,82,101,23,129,18,118,42" hai1="36,13,78,106,81,69,14,12,16,130,34,5,95" hai2="47,128,72,98,105,135,90,124,9,24,86,1,74" hai3="89,70,125,56,21,66,94,35,58,2,133,103,38"/><V26/><F124/><W77/><G35/><T112/><D111/><U60/><E106/><V52/><F128/><W87/><G38/><T96/><D123/><U59/><E34/><V11/><F135/><W62/><G2/><T93/><D129/><U108/><E108/><V32/><F32/><W71/><G125/><T91/><D118/><U10/><E36/><V102/><F74/><W80/><G103/><T15/><D112/><U79/><E69/><V39/><F72/><W40/><G40/><T25/><D82/><U115/><E115/><V4/><F11/><W67/><G133/><T0/><D0/><U30/><E30/><V61/><F39/><W49/><G21/><T104/><D57/><U33/><E33/><V122/><F122/><W43/><G43/><T132/><D132/><U54/><E130/><V68/><F68/><W50/><G50/><T85/><D42/><U131/><E131/><V88/><F90/><W29/><G29/><T120/><D44/><U99/><E81/><V41/><F41/><W73/><REACH who="3" step="1"/><G49/><REACH who="3" ten="326,176,342,146" step="2"/><T19/><D120/><U116/><E116/><V3/><F3/><W134/><G134/><T114/><D114/><U107/><E107/><V31/><F31/><W83/><G83/><T97/><D15/><N who="1" m="7287" /><E5/><V46/><F46/><W127/><G127/><T109/><D109/><U76/><E76/><V63/><F26/><W7/><G7/><T20/><D23/><U113/><E113/><V45/><F24/><W65/><G65/><T121/><D121/><U75/><E75/><V64/><F64/><W8/><G8/><T84/><D101/><AGARI ba="0,1" hai="12,13,14,54,59,60,78,79,95,99,101" m="7287" machi="101" ten="30,7700,0" yaku="6,1,8,1,52,1,54,1" doraHai="51" who="1" fromWho="0" sc="326,-77,176,87,342,0,146,0" /><INIT seed="7,0,0,4,5,24" ten="249,263,342,146" oya="3" hai0="56,46,16,29,120,81,40,99,101,25,117,9,118" hai1="67,91,61,37,15,55,79,10,17,86,124,28,122" hai2="115,107,104,44,2,96,85,6,68,32,66,128,13" hai3="129,126,113,8,12,33,121,43,35,4,135,119,70"/><W103/><G121/><T106/><D120/><U71/><E37/><V54/><F54/><W63/><G119/><T1/><D81/><U105/><E105/><V27/><F13/><W11/><G126/><T42/><D42/><U53/><E124/><V69/><F85/><W95/><G43/><T130/><D130/><U108/><E79/><V39/><F128/><W74/><G74/><T87/><D87/><U132/><E132/><V97/><F97/><N who="3" m="59839" /><G129/><T88/><D88/><U100/><E100/><N who="2" m="62471" /><F66/><N who="3" m="41311" /><G135/><T90/><D90/><U60/><E122/><V58/><F58/><W30/><G30/><T133/><D56/><U5/><E28/><V14/><F44/><W47/><G47/><T93/><D106/><U114/><E114/><V83/><F115/><W36/><G113/><T48/><D133/><U123/><E123/><V110/><F107/><W64/><G64/><T84/><D84/><U73/><E73/><V72/><F69/><W52/><G52/><T45/><D45/><U80/><E61/><V77/><F68/><W62/><G36/><T125/><D125/><U76/><E76/><V20/><F39/><W89/><G62/><T75/><D75/><U7/><E55/><V22/><F72/><W50/><G50/><T127/><D127/><U134/><E53/><V92/><F92/><W111/><G111/><T26/><D26/><U21/><E134/><V18/><F110/><W59/><G59/><T49/><D48/><U98/><E98/><V112/><F112/><W82/><G8/><T19/><D117/><U102/><E108/><V131/><F131/><W41/><G41/><RYUUKYOKU ba="0,0" sc="249,-10,263,-10,342,-10,146,30" hai3="4,11,12,33,35,82,89" /><INIT seed="7,1,0,5,3,104" ten="239,253,332,176" oya="3" hai0="16,117,11,0,126,55,84,4,103,128,2,42,8" hai1="61,110,69,72,25,56,7,130,97,124,73,108,32" hai2="53,13,93,79,70,111,44,27,96,88,101,15,121" hai3="125,6,99,30,33,20,9,48,46,129,24,86,77"/><W64/><G125/><T67/><D117/><U135/><E124/><V37/><F70/><W35/><G129/><T45/><D126/><U80/><E130/><V5/><F79/><W43/><G64/><T118/><D118/><U40/><E40/><V102/><F111/><W51/><G99/><T31/><D128/><U81/><E135/><V89/><F37/><W1/><REACH who="3" step="1"/><G51/><REACH who="3" ten="239,253,332,166" step="2"/><T95/><D67/><N who="1" m="39335" /><E97/><V59/><F96/><W98/><G98/><T17/><D103/><U36/><E36/><V113/><F102/><W21/><G21/><T47/><D55/><U71/><E108/><V90/><F53/><W87/><G87/><T114/><D84/><U12/><E110/><V29/><F101/><W66/><G66/><T133/><D133/><U123/><E71/><V18/><F121/><W83/><AGARI ba="1,1" hai="1,6,9,20,24,30,33,35,43,46,48,77,83,86" machi="83" ten="30,3000,0" yaku="1,1,0,1,53,0" doraHai="104" doraHaiUra="94" who="3" fromWho="3" sc="239,-11,253,-11,332,-11,166,43" /><INIT seed="7,2,0,1,4,21" ten="228,242,321,209" oya="3" hai0="120,131,109,55,14,58,81,17,30,87,113,103,39" hai1="3,133,62,46,32,88,43,79,38,91,2,128,26" hai2="19,111,96,29,23,28,127,44,105,97,95,80,56" hai3="33,65,7,129,45,54,72,116,47,4,76,69,49"/><W115/><G116/><T13/><D120/><U117/><E79/><V60/><F105/><W68/><G33/><T94/><D109/><U134/><E128/><V15/><F127/><W52/><G129/><T25/><D39/><U35/><E117/><V100/><F96/><W67/><G76/><T77/><D131/><U63/><E46/><V124/><F124/><W92/><G92/><T51/><D113/><U135/><E43/><V11/><F111/><W61/><G72/><T122/><D17/><U98/><E38/><V118/><F118/><W5/><G115/><T9/><D9/><U73/><E73/><V119/><F119/><W123/><G123/><T48/><D122/><U66/><E98/><V107/><F107/><W42/><REACH who="3" step="1"/><G45/><REACH who="3" ten="228,242,321,199" step="2"/><N who="0" m="28047" /><D94/><U10/><E35/><V86/><F44/><W74/><G74/><T53/><D103/><U101/><E101/><V99/><F100/><W130/><G130/><T108/><D108/><U106/><E106/><V41/><F95/><W125/><G125/><T102/><D102/><U1/><E32/><V40/><F80/><W8/><G8/><T126/><D126/><U114/><E10/><V90/><F11/><W85/><G85/><T89/><D77/><U78/><E78/><V104/><F86/><W6/><N who="3" m="1536" /><DORA hai="70" /><W50/><G50/><T84/><D87/><U36/><E114/><V12/><F104/><W121/><G121/><T59/><D84/><U0/><E36/><V93/><F99/><W112/><G112/><T37/><D37/><U34/><E1/><V64/><F97/><W18/><G18/><T57/><D81/><RYUUKYOKU ba="2,1" sc="228,-10,242,-10,321,-10,199,30" hai3="42,47,49,52,54,61,65,67,68,69" /><INIT seed="7,3,1,2,1,110" ten="218,232,311,229" oya="3" hai0="3,22,87,88,27,39,76,80,86,24,95,10,56" hai1="67,103,94,36,1,42,113,37,61,69,91,66,89" hai2="131,130,129,106,6,70,107,2,23,58,99,108,12" hai3="13,29,59,85,16,57,55,90,102,54,51,52,53"/><W101/><G29/><T9/><D39/><U4/><E67/><V73/><F70/><W97/><G59/><T126/><D126/><U77/><E77/><V111/><F73/><W49/><G49/><T81/><D3/><U92/><E103/><N who="3" m="39434" /><G97/><N who="0" m="57575" /><D56/><U135/><E135/><V71/><F71/><W34/><G34/><T33/><D33/><U45/><E113/><V98/><F58/><W40/><G40/><T44/><D44/><U50/><E4/><V83/><F2/><W64/><G64/><T112/><D112/><U116/><E116/><V93/><F98/><W124/><G124/><T11/><D22/><U74/><E74/><V60/><F60/><W62/><G62/><T38/><D38/><U123/><E123/><V75/><F111/><W114/><G114/><T78/><AGARI ba="3,1" hai="9,10,11,24,27,76,78,80,81,86,87" m="57575" machi="78" ten="30,2000,0" yaku="8,1,54,1" doraHai="110" who="0" fromWho="0" sc="218,39,232,-8,311,-8,229,-13" owari="257,6.0,224,-18.0,303,40.0,216,-28.0" /></mjloggm>