<mjloggm ver="2.3"><GO type="225" lobby="0"/><UN n0="%47%E3%83%A8%E9%BE%8D%E9%96%80" n1="%E5%B0%B1%E6%B4%BB%E7%94%9F%40%E5%B7%9D%E6%9D%91%E8%BB%8D%E5%9B%A3" n2="%E5%90%91%E4%BA%95%E7%90%86" n3="%72%61%74%65%72%61%74%65" dan="17,17,17,16" rate="2139.71,2098.97,2184.95,2132.78" sx="M,M,M,M"/><TAIKYOKU oya="0"/><INIT seed="0,0,0,1,2,84" ten="250,250,250,250" oya="0" hai0="62,109,85,1,15,133,5,114,9,71,120,111,88" hai1="108,61,50,35,53,101,17,23,119,125,82,135,98" hai2="113,3,54,37,63,59,51,104,57,45,124,96,30" hai3="20,10,8,66,42,19,24,56,123,127,115,116,93"/><T29/><D114/><U12/><E35/><V60/><F3/><W14/><G116/><T77/><D120/><U122/><E119/><V36/><F30/><W48/><G115/><T107/><D133/><U92/><E122/><V87/><F87/><W99/><G123/><T33/><D107/><U73/><E108/><N who="0" m="41545" /><D77/><U7/><E125/><V2/><F2/><W90/><G127/><T46/><D46/><U55/><E135/><V18/><F18/><W106/><G106/><T130/><D130/><U52/><E7/><V25/><F25/><W78/><G78/><T118/><D118/><U76/><REACH who="1" step="1"/><E61/><REACH who="1" ten="250,240,250,250" step="2"/><V21/><F60/><N who="3" m="38151" /><G24/><N who="0" m="18599" /><D62/><U65/><E65/><V112/><F63/><W64/><G64/><T68/><D1/><U49/><AGARI ba="0,1" hai="12,17,23,49,50,52,53,55,73,76,82,92,98,101" machi="49" ten="30,4000,0" yaku="1,1,0,1,54,1,53,0" doraHai="84" doraHaiUra="70" who="1" fromWho="1" sc="250,-20,240,50,250,-10,250,-10" /><INIT seed="1,0,0,5,2,97" ten="230,290,240,240" oya="1" hai0="86,51,27,83,87,68,0,93,84,98,37,41,77" hai1="92,131,117,62,70,17,2,106,44,74,28,47,46" hai2="123,25,34,99,22,134,54,101,58,6,1,128,75" hai3="125,90,57,100,35,124,103,127,63,121,95,14,76"/><U85/><E117/><V94/><F75/><W107/><G35/><T109/><D109/><U55/><E2/><V69/><F69/><W80/><G121/><T15/><D0/><U126/><E74/><V19/><F123/><W120/><G120/><T36/><D68/><U104/><E28/><V24/><F134/><W130/><G14/><T64/><D64/><U60/><E126/><V88/><F128/><W113/><G107/><T20/><D15/><U79/><E131/><V45/><F45/><W5/><G5/><T102/><D51/><U122/><E122/><V71/><F71/><W78/><G130/><T12/><D12/><U53/><E17/><V50/><F1/><W91/><G113/><T118/><D118/><U4/><E4/><V115/><F115/><W59/><G63/><T29/><REACH who="0" step="1"/><D41/><REACH who="0" ten="220,290,240,240" step="2"/><U7/><E70/><V66/><F66/><W108/><G108/><T40/><D40/><U42/><E42/><V119/><F119/><W111/><G111/><T110/><D110/><U26/><E62/><V10/><F25/><W38/><G38/><AGARI ba="0,1" hai="20,27,29,36,37,38,77,83,84,86,87,93,98,102" machi="38" ten="40,5200,0" yaku="1,1,52,1,53,1" doraHai="97" doraHaiUra="72" who="0" fromWho="3" sc="220,62,290,0,240,0,240,-52" /><INIT seed="2,0,0,0,3,99" ten="282,290,240,188" oya="2" hai0="11,76,7,9,24,85,22,18,127,62,84,109,121" hai1="70,134,68,12,135,90,39,51,50,69,10,61,96" hai2="118,53,105,126,102,115,80,33,19,13,56,89,107" hai3="95,123,131,54,132,20,88,114,30,52,49,57,78"/><V116/><F33/><W125/><G123/><T122/><D121/><U3/><E3/><V46/><F115/><W26/><G125/><T111/><D122/><U27/><E39/><V100/><F126/><W21/><G131/><T6/><D127/><U83/><E27/><V119/><F105/><W72/><G132/><N who="1" m="50730" /><E61/><V5/><F5/><N who="0" m="1546" /><D62/><U133/><N who="1" m="50738" /><U23/><DORA hai="81" /><E23/><V60/><F46/><W128/><G128/><T94/><D76/><U117/><E117/><V38/><F107/><W8/><G114/><T42/><D94/><N who="1" m="56407" /><E83/><V0/><F38/><W29/><G8/><N who="0" m="3147" /><D42/><U113/><E113/><V63/><F63/><W16/><G21/><T2/><D2/><U55/><E55/><V106/><F106/><W17/><G17/><AGARI ba="0,0" hai="10,12,17,50,51,68,69,70" m="56407,50738" machi="17" ten="50,1600,0" yaku="20,1" doraHai="99,81" who="1" fromWho="3" sc="282,0,290,16,240,0,188,-16" /><INIT seed="3,0,0,2,2,44" ten="282,306,240,172" oya="3" hai0="33,55,121,47,106,41,34,100,75,76,118,48,88" hai1="7,111,22,87,25,35,97,107,17,96,110,23,72" hai2="102,50,98,9,125,21,13,104,126,135,114,128,71" hai3="69,80,116,78,10,38,112,99,103,65,84,108,31"/><W123/><G123/><T3/><D121/><U105/><E35/><V120/><F71/><W27/><G116/><T51/><D118/><U66/><E72/><V1/><F120/><W62/><G112/><T14/><D3/><U77/><E66/><V81/><F114/><W67/><G67/><T0/><D0/><U12/><E77/><V73/><F1/><W2/><G108/><N who="1" m="41514" /><E87/><V5/><F21/><W119/><G119/><T19/><D88/><U94/><E7/><V59/><F128/><W132/><G132/><T60/><D60/><U130/><E130/><V91/><F135/><W115/><G115/><T101/><D76/><U37/><E37/><V74/><F91/><W117/><G117/><T129/><D75/><U11/><E11/><V83/><F74/><W127/><G127/><N who="2" m="48649" /><F73/><W16/><G38/><T24/><D129/><U43/><E43/><V46/><F59/><W90/><G2/><T58/><D24/><U85/><E85/><V28/><F28/><W18/><G10/><T95/><D34/><U36/><E36/><V82/><F82/><W134/><G78/><T53/><D33/><U79/><E79/><V64/><F64/><W61/><G61/><T49/><D41/><AGARI ba="0,0" hai="5,9,13,41,46,50,81,83,98,102,104" m="48649" machi="41" ten="30,2000,0" yaku="18,1,52,1" doraHai="44" who="2" fromWho="0" sc="282,-20,306,0,240,20,172,0" owari="262,6.0,306,41.0,260,-14.0,172,-33.0" /></mjloggm>