<mjloggm ver="2.3"><GO type="169" lobby="0"/><UN n0="%E3%81%90%E3%81%9C%E3%82%93%40%4C%69%42" n1="%E3%83%88%E3%83%88%E3%83%AA%E5%85%88%E7%94%9F%31%39%E6%AD%B3" n2="%7A%65%61%6C%E2%88%AB" n3="%E3%81%8D%E3%82%89%E3%82%81%E3%81%8F%E3%83%91%E3%83%B3%E3%82%B8%E3%83%BC" dan="16,18,17,16" rate="2094.47,2167.91,2144.00,2133.54" sx="M,F,M,M"/><TAIKYOKU oya="0"/><INIT seed="0,0,0,4,4,133" ten="250,250,250,250" oya="0" hai0="54,10,63,64,29,62,69,77,122,124,30,132,28" hai1="58,110,25,101,8,94,45,102,97,87,47,15,39" hai2="37,43,41,26,20,11,76,91,115,0,12,112,14" hai3="123,66,95,18,68,82,104,24,131,117,86,90,108"/><T85/><D122/><U34/><E110/><V116/><F76/><W46/><G117/><T125/><D132/><U57/><E101/><V56/><F0/><W38/><G104/><T80/><D10/><U129/><E129/><V6/><F37/><W75/><G108/><T84/><D84/><U23/><E34/><V50/><F14/><W135/><G135/><T3/><D3/><U74/><E74/><V21/><F116/><W107/><G107/><T51/><REACH who="0" step="1"/><D63/><REACH who="0" ten="240,250,250,250" step="2"/><U49/><E87/><V71/><F11/><W5/><G86/><T79/><D79/><U42/><E8/><V99/><F115/><W22/><G123/><T88/><D88/><U119/><E119/><V35/><F91/><W40/><G90/><T93/><D93/><U111/><E111/><V120/><F112/><W60/><G95/><T17/><D17/><U61/><E61/><V72/><F120/><W118/><G18/><T1/><D1/><U53/><E15/><V2/><F2/><W89/><G89/><T44/><AGARI ba="0,1" hai="28,29,30,44,51,54,62,64,69,77,80,85,124,125" machi="44" ten="30,11700,0" yaku="1,1,0,1,52,2,53,0" doraHai="133" doraHaiUra="100" who="0" fromWho="0" sc="240,127,250,-39,250,-39,250,-39" /><INIT seed="0,1,0,5,4,14" ten="367,211,211,211" oya="0" hai0="28,129,130,33,126,80,97,61,35,5,46,105,3" hai1="6,106,60,17,31,127,47,89,55,41,109,44,30" hai2="62,20,63,74,135,71,133,29,122,123,68,50,51" hai3="120,132,111,38,22,78,36,70,104,72,87,95,131"/><T0/><D126/><U96/><E127/><V134/><F29/><W93/><G70/><N who="2" m="26665" /><F20/><W114/><G114/><T8/><D3/><U107/><E109/><V24/><F24/><W99/><G22/><T15/><D0/><U18/><E6/><V90/><F90/><W67/><G36/><T13/><D13/><U73/><E73/><V2/><F74/><W110/><G38/><T52/><D80/><U94/><E107/><V75/><F75/><W69/><G67/><T118/><D118/><U121/><E106/><V81/><F81/><N who="3" m="45255" /><G69/><T34/><D28/><N who="1" m="10795" /><E121/><N who="2" m="46091" /><F2/><W113/><G113/><T65/><D65/><U84/><E96/><V45/><F51/><W40/><G120/><T49/><REACH who="0" step="1"/><D61/><REACH who="0" ten="357,211,211,211" step="2"/><U79/><E60/><V64/><F64/><W27/><G111/><T124/><D124/><U88/><E79/><V39/><F39/><W59/><G110/><T112/><D112/><U37/><E37/><V42/><AGARI ba="1,1" hai="42,45,50,62,63,133,134,135" m="46091,26665" machi="42" ten="40,5200,0" yaku="20,1,34,2" doraHai="14" who="2" fromWho="2" sc="357,-27,211,-14,211,65,211,-14" /><INIT seed="1,0,0,2,5,99" ten="330,197,276,197" oya="1" hai0="49,35,119,53,81,133,76,71,25,67,28,26,13" hai1="50,56,131,6,83,46,63,21,100,95,82,110,36" hai2="5,115,33,11,126,86,66,113,41,29,116,59,58" hai3="72,54,135,42,129,7,74,104,106,57,121,70,22"/><U103/><E36/><V64/><F116/><W30/><G121/><T93/><D119/><U87/><E131/><V4/><F41/><W24/><G70/><T17/><D133/><U2/><E110/><V77/><F29/><W73/><G135/><T127/><D127/><U122/><E122/><V85/><F11/><W16/><G129/><T123/><D123/><U125/><E125/><V69/><F69/><W105/><G42/><T0/><D0/><U91/><E2/><V32/><REACH who="2" step="1"/><F77/><REACH who="2" ten="330,197,266,197" step="2"/><W80/><G30/><T109/><D76/><N who="1" m="46535" /><E21/><V18/><F18/><W8/><G8/><T61/><D17/><U101/><E6/><V19/><F19/><W27/><G7/><T47/><D28/><U31/><E31/><V39/><F39/><W118/><G118/><T117/><D117/><U84/><E46/><V12/><F12/><W20/><G16/><T75/><D13/><U107/><E107/><V43/><F43/><W62/><G20/><T78/><D109/><U114/><E114/><V89/><F89/><W48/><G22/><T132/><D132/><U124/><E124/><AGARI ba="0,1" hai="4,5,32,33,58,59,64,66,85,86,113,115,124,126" machi="124" ten="25,3200,0" yaku="1,1,22,2,53,0" doraHai="99" doraHaiUra="92" who="2" fromWho="1" sc="330,0,197,-32,266,42,197,0" /><INIT seed="2,0,0,4,1,35" ten="330,165,308,197" oya="2" hai0="99,39,15,78,107,4,97,66,51,88,101,8,11" hai1="20,28,128,134,10,118,21,63,27,47,105,95,103" hai2="80,37,58,84,24,33,60,62,81,132,30,131,67" hai3="9,93,57,38,0,69,72,91,114,115,79,2,102"/><V55/><F37/><W130/><G69/><T29/><D39/><U119/><E105/><V111/><F131/><W36/><G130/><T16/><D29/><U61/><E128/><V125/><F132/><W31/><G102/><T120/><D120/><U49/><E134/><V135/><F135/><W87/><G31/><T83/><D66/><U13/><E21/><V1/><F125/><W65/><G79/><T26/><D51/><U41/><E118/><V82/><F111/><W116/><G116/><T45/><D45/><U59/><E119/><V19/><F19/><W110/><G110/><T76/><D26/><U108/><E108/><V89/><REACH who="2" step="1"/><F1/><REACH who="2" ten="330,165,298,197" step="2"/><N who="3" m="619" /><G36/><T129/><D16/><N who="1" m="8247" /><E59/><AGARI ba="0,1" hai="24,30,33,55,58,59,60,62,67,80,81,82,84,89" machi="59" ten="30,2900,0" yaku="1,1,7,1,53,0" doraHai="35" doraHaiUra="7" who="2" fromWho="1" sc="330,0,165,-29,298,39,197,0" /><INIT seed="2,1,0,0,0,130" ten="330,136,337,197" oya="2" hai0="63,87,43,42,133,61,54,25,118,117,86,93,119" hai1="62,36,68,15,11,12,41,129,52,3,101,107,105" hai2="89,77,80,0,66,81,84,5,49,95,40,31,108" hai3="9,73,83,48,78,13,113,20,45,59,110,8,37"/><V57/><F31/><W47/><G110/><T50/><D25/><U1/><E129/><V132/><F108/><W92/><G113/><T53/><D93/><U126/><E126/><V100/><F0/><W104/><G104/><T30/><D30/><U23/><E23/><V90/><F5/><W75/><G75/><T34/><D34/><U115/><E115/><V69/><F69/><W79/><G79/><T112/><D112/><U27/><E27/><V22/><F22/><W6/><G37/><T26/><D26/><U16/><E15/><V121/><F66/><W111/><G111/><T60/><D133/><U134/><E134/><V55/><F40/><N who="0" m="15402" /><D50/><U124/><E124/><V35/><F35/><W128/><G128/><T102/><D102/><U4/><E101/><V123/><F100/><W56/><G20/><T103/><D103/><U21/><E3/><V29/><F29/><W116/><G116/><T94/><D94/><U24/><E1/><V38/><F38/><W2/><G92/><T96/><D96/><U97/><E97/><V106/><F106/><W58/><REACH who="3" step="1"/><G48/><REACH who="3" ten="330,136,337,187" step="2"/><T33/><D33/><U91/><E105/><V64/><F49/><W19/><AGARI ba="1,1" hai="2,6,8,9,13,19,45,47,56,58,59,73,78,83" machi="19" ten="30,4000,0" yaku="1,1,2,1,0,1,53,0" doraHai="130" doraHaiUra="122" who="3" fromWho="3" sc="330,-11,136,-11,337,-21,187,53" /><INIT seed="3,0,0,0,4,88" ten="319,125,316,240" oya="3" hai0="100,30,109,122,13,50,47,111,95,14,32,27,60" hai1="91,54,55,90,87,65,119,80,0,126,48,56,37" hai2="125,114,74,26,106,11,131,59,72,35,12,120,67" hai3="39,23,49,10,7,81,51,42,44,133,112,96,25"/><W107/><G112/><T134/><D122/><U36/><E0/><V104/><F114/><W53/><G133/><T130/><D60/><U78/><E126/><V2/><F12/><W45/><G81/><T34/><D34/><U85/><E119/><V18/><F18/><W64/><G64/><T115/><D115/><U57/><E65/><V20/><F20/><W46/><G107/><T103/><D130/><U124/><E124/><V8/><F67/><W38/><G96/><N who="0" m="59423" /><D103/><U75/><E75/><V43/><F2/><W69/><G69/><T89/><D89/><U86/><E86/><V28/><F106/><W22/><G46/><T97/><D97/><U52/><E55/><V61/><F74/><W98/><G98/><T113/><D134/><U121/><E121/><V92/><F72/><W129/><G129/><T84/><D84/><U33/><E33/><V58/><F35/><W29/><REACH who="3" step="1"/><G23/><REACH who="3" ten="319,125,316,230" step="2"/><N who="0" m="15743" /><D113/><U82/><REACH who="1" step="1"/><E78/><REACH who="1" ten="319,115,316,230" step="2"/><V93/><F131/><W31/><G31/><T1/><D32/><U110/><E110/><V19/><F28/><W3/><AGARI ba="0,2" hai="3,7,10,22,25,29,38,39,42,44,45,49,51,53" machi="3" ten="20,12000,1" yaku="1,1,0,1,7,1,53,2" doraHai="88" doraHaiUra="40" who="3" fromWho="3" sc="319,-40,115,-40,316,-40,230,140" /><INIT seed="3,1,0,3,1,123" ten="279,75,276,370" oya="3" hai0="48,122,7,114,12,54,134,60,129,11,56,78,103" hai1="38,131,69,88,34,18,105,127,119,25,45,90,43" hai2="108,73,106,51,86,70,85,93,65,32,83,37,8" hai3="9,116,112,102,3,118,30,115,21,79,66,26,130"/><W125/><G66/><T4/><D122/><U58/><E69/><V94/><F37/><W16/><G79/><T47/><D129/><U120/><E120/><V76/><F106/><W44/><G102/><T133/><D114/><N who="3" m="43561" /><G44/><T40/><D103/><U1/><E105/><V82/><F65/><W10/><G130/><T68/><D7/><U132/><E1/><V63/><F63/><W59/><G59/><T111/><D68/><U84/><E131/><V87/><F32/><N who="3" m="20567" /><G125/><T91/><D111/><U100/><E100/><V57/><F108/><W2/><G2/><T24/><D24/><U110/><E132/><V74/><F70/><W64/><G64/><T42/><D78/><U126/><E119/><N who="3" m="45610" /><G3/><T97/><D42/><U50/><E110/><V101/><F57/><W46/><G46/><T0/><D0/><U15/><E58/><V107/><F51/><W128/><G128/><T52/><REACH who="0" step="1"/><D54/><REACH who="0" ten="269,75,276,370" step="2"/><U53/><E53/><V95/><F76/><W113/><G113/><T23/><D23/><U20/><E38/><V13/><F101/><W121/><G121/><T55/><D55/><U41/><E41/><V72/><REACH who="2" step="1"/><F107/><REACH who="2" ten="269,75,266,370" step="2"/><W33/><G33/><T49/><D49/><U77/><E77/><V135/><F135/><W5/><G5/><AGARI ba="1,2" hai="5,8,13,72,73,74,82,83,85,86,87,93,94,95" machi="5" ten="50,6400,0" yaku="1,1,29,2,53,0" doraHai="123" doraHaiUra="67" who="2" fromWho="3" sc="269,0,75,0,266,87,370,-67" /><INIT seed="4,0,0,1,3,91" ten="269,75,353,303" oya="0" hai0="111,16,81,62,73,110,2,70,79,109,97,3,32" hai1="52,120,101,96,98,84,126,116,6,93,108,127,7" hai2="88,61,30,129,89,22,51,29,41,25,49,94,72" hai3="8,112,60,86,20,114,135,27,55,59,18,87,117"/><T13/><D32/><U44/><E108/><N who="0" m="27649" /><T15/><DORA hai="77" /><D97/><U83/><E116/><V68/><F72/><W75/><G75/><T33/><D33/><U36/><E98/><V124/><F124/><N who="1" m="47657" /><E36/><V17/><F129/><W14/><G117/><T37/><D37/><U74/><E120/><V66/><F89/><W31/><REACH who="3" step="1"/><G135/><REACH who="3" ten="269,75,353,293" step="2"/><T95/><D95/><U53/><E74/><V122/><F94/><W54/><G54/><N who="1" m="21098" /><E44/><V35/><F122/><W132/><G132/><T102/><D102/><U107/><E107/><V12/><F66/><W65/><G65/><N who="0" m="41271" /><D15/><U34/><E34/><V23/><F12/><W48/><G48/><T26/><D26/><U0/><E0/><V92/><F49/><W56/><G56/><T10/><AGARI ba="0,1" hai="2,3,10,13,16,73,79,81" m="41271,27649" machi="10" ten="40,7800,0" yaku="10,1,52,1,54,1" doraHai="91,77" who="0" fromWho="0" sc="269,88,75,-26,353,-26,293,-26" /><INIT seed="4,1,0,2,0,73" ten="357,49,327,267" oya="0" hai0="62,19,94,119,101,23,89,38,68,109,52,76,39" hai1="44,83,12,111,131,102,46,36,100,124,60,114,30" hai2="33,99,127,88,108,116,41,123,121,50,32,74,22" hai3="135,86,92,10,85,90,26,133,56,67,71,82,63"/><T40/><D119/><U72/><E111/><V66/><F108/><W49/><G10/><T3/><D3/><U47/><E36/><V84/><F74/><W18/><G18/><T75/><D101/><U57/><E114/><V53/><F66/><W103/><G26/><N who="0" m="14719" /><D68/><U110/><E110/><V31/><F99/><W5/><G5/><T45/><D109/><U104/><E131/><V95/><F41/><W65/><G65/><T107/><D107/><U43/><E124/><V105/><F105/><W24/><G24/><T4/><D4/><U91/><E43/><V113/><F113/><W122/><G122/><T129/><D129/><U48/><E48/><V64/><F64/><W69/><G103/><T0/><D0/><U54/><E104/><V51/><F127/><W79/><REACH who="3" step="1"/><G49/><REACH who="3" ten="357,49,327,257" step="2"/><T37/><D38/><U98/><E30/><V6/><F51/><W1/><G1/><T55/><D37/><U29/><E29/><V25/><F6/><W132/><AGARI ba="1,1" hai="56,63,67,69,71,79,82,85,86,90,92,132,133,135" machi="132" ten="30,7900,0" yaku="1,1,0,1,20,1,52,1,53,0" doraHai="73" doraHaiUra="21" who="3" fromWho="3" sc="357,-40,49,-21,327,-21,257,92" /><INIT seed="5,0,0,5,1,131" ten="317,28,306,349" oya="1" hai0="6,52,109,105,56,46,82,33,108,24,126,53,29" hai1="39,125,54,90,113,50,128,91,13,17,5,23,14" hai2="37,133,130,18,43,103,76,36,62,38,110,65,21" hai3="44,74,15,9,107,83,135,77,47,104,20,42,4"/><U57/><E39/><V100/><F110/><W89/><G135/><T118/><D118/><U16/><E128/><V60/><F43/><W112/><G112/><T58/><D105/><U10/><E113/><V3/><F130/><W49/><G89/><T132/><D132/><U94/><E125/><V26/><F3/><W72/><G72/><T134/><D134/><U114/><E114/><V98/><F76/><W61/><G61/><T122/><D126/><U95/><E91/><V102/><F133/><W127/><G127/><T71/><D71/><U59/><E94/><V67/><REACH who="2" step="1"/><F98/><REACH who="2" ten="317,28,296,349" step="2"/><W97/><G97/><T30/><D109/><U25/><E59/><V48/><F48/><W66/><G49/><T101/><D101/><U81/><E81/><V34/><F34/><W96/><G96/><T78/><D29/><U12/><REACH who="1" step="1"/><E5/><REACH who="1" ten="317,18,296,349" step="2"/><V86/><F86/><AGARI ba="0,2" hai="10,12,13,14,16,17,23,25,50,54,57,86,90,95" machi="86" ten="30,12000,1" yaku="1,1,2,1,7,1,8,1,54,1,53,0" doraHai="131" doraHaiUra="35" who="1" fromWho="2" sc="317,0,18,140,296,-120,349,0" /><INIT seed="5,1,0,4,3,2" ten="317,158,176,349" oya="1" hai0="91,13,32,31,60,85,128,23,78,0,102,111,59" hai1="71,69,34,103,104,84,16,30,41,4,118,68,70" hai2="119,66,63,12,21,81,56,126,36,87,107,117,53" hai3="8,11,94,106,1,20,50,18,98,129,88,133,105"/><U134/><N who="1" m="17408" /><DORA hai="93" /><U122/><E118/><V65/><F36/><W121/><G121/><T25/><D111/><U6/><E122/><V42/><F42/><W131/><G133/><T28/><D0/><U116/><E116/><V3/><F3/><W95/><G50/><T123/><D128/><N who="3" m="49225" /><G95/><T125/><D125/><U86/><E134/><V83/><F107/><N who="3" m="40971" /><G1/><T114/><D102/><U49/><E30/><V67/><F126/><W132/><G132/><T40/><D78/><U52/><E52/><BYE who="1" /><V64/><N who="2" m="16384" /><DORA hai="99" /><V76/><REACH who="2" step="1"/><F83/><REACH who="2" ten="317,158,166,349" step="2"/><W89/><G89/><T33/><D40/><UN n1="%E3%83%88%E3%83%88%E3%83%AA%E5%85%88%E7%94%9F%31%39%E6%AD%B3" /><U26/><E34/><V112/><F112/><W97/><G97/><T5/><D33/><U57/><E103/><V130/><F130/><W37/><G37/><T44/><D91/><U109/><E104/><V80/><F80/><W113/><G113/><T100/><D100/><U108/><E57/><V61/><F61/><W45/><G45/><T73/><D60/><U58/><E58/><V120/><F120/><W9/><G9/><T29/><D44/><N who="1" m="25743" /><E86/><V38/><F38/><W54/><G54/><T82/><D85/><U17/><E84/><V79/><F79/><W77/><G77/><T14/><D123/><U22/><E109/><V35/><F35/><W43/><G43/><T101/><D32/><U27/><E108/><V10/><F10/><W24/><AGARI ba="1,1" hai="8,11,18,20,24,88,94,98" m="40971,49225" machi="24" ten="30,4000,0" yaku="19,1,52,1,54,1" doraHai="2,93,99" who="3" fromWho="3" sc="317,-11,158,-21,166,-11,349,53" /><INIT seed="6,0,0,1,5,50" ten="306,137,155,402" oya="2" hai0="48,42,77,94,80,86,85,35,44,61,60,117,38" hai1="107,18,24,133,68,120,121,27,8,16,25,4,66" hai2="116,65,102,30,52,3,135,33,49,124,72,70,118" hai3="0,71,34,37,41,7,26,36,47,82,130,106,69"/><V78/><F3/><W31/><G106/><T114/><D114/><U125/><E107/><V21/><F33/><W109/><G109/><T105/><D105/><U81/><E133/><V79/><F102/><W127/><G127/><T5/><D117/><U83/><E125/><V113/><F124/><W76/><G130/><T115/><D115/><U88/><E66/><V67/><F113/><W90/><G90/><N who="0" m="53583" /><D38/><U99/><E68/><V56/><F135/><W104/><G104/><T20/><D35/><U63/><E63/><N who="0" m="24137" /><D20/><U97/><E83/><V22/><F70/><W123/><G36/><T100/><D100/><U54/><E54/><V11/><F72/><N who="3" m="43271" /><G123/><N who="1" m="47178" /><E99/><V57/><F30/><W51/><G51/><T45/><D44/><U12/><E97/><V119/><F11/><AGARI ba="0,0" hai="0,7,11,26,31,34,37,41,47,69,71" m="43271" machi="11" ten="30,3900,0" yaku="25,1,33,2" doraHai="50" who="3" fromWho="2" sc="306,0,137,0,155,-39,402,39" /><INIT seed="7,0,0,4,3,47" ten="306,137,116,441" oya="3" hai0="77,51,130,126,97,19,2,114,4,59,121,37,9" hai1="100,133,102,109,54,128,84,132,3,31,14,108,111" hai2="112,56,46,16,29,103,13,24,6,1,87,81,60" hai3="64,66,123,48,58,18,101,38,20,11,67,125,71"/><W10/><G123/><T30/><D121/><U8/><E3/><V85/><F112/><W119/><G38/><T65/><D37/><U35/><E128/><V63/><F103/><W70/><G119/><T62/><D130/><U90/><E54/><V89/><F1/><W0/><G101/><N who="1" m="39018" /><E31/><V53/><F6/><W79/><G79/><T17/><D126/><U72/><E72/><V78/><F46/><W80/><G80/><T42/><D114/><U115/><E35/><V122/><F122/><W99/><G99/><T23/><D97/><U91/><E84/><V44/><F44/><W131/><G131/><T39/><D77/><U96/><E96/><V129/><F129/><W74/><G74/><T94/><D94/><U55/><E55/><V106/><F106/><W110/><G110/><T104/><D104/><U28/><E28/><V107/><F107/><W127/><G48/><T61/><D61/><U93/><E93/><N who="2" m="54447" /><F24/><N who="3" m="14359" /><G58/><T105/><D105/><U49/><E115/><V83/><F83/><W50/><G50/><T76/><D76/><U40/><E40/><V116/><F29/><W7/><G11/><T73/><D73/><U45/><E91/><V57/><F116/><W26/><G26/><T52/><D39/><U75/><E90/><V25/><F25/><W118/><G118/><T120/><D42/><N who="1" m="24759" /><E75/><V34/><F34/><W27/><G27/><T21/><D120/><U92/><E92/><V135/><F135/><W15/><G0/><T117/><D117/><U69/><E69/><V88/><F78/><W113/><G71/><N who="0" m="42423" /><D30/><U5/><E111/><V43/><F43/><RYUUKYOKU ba="0,0" sc="306,15,137,15,116,-15,441,-15" hai0="2,4,9,17,19,21,23,51,52,59" hai1="5,8,14,108,109,132,133" owari="321,12.0,152,-25.0,101,-40.0,426,53.0" /></mjloggm>