<mjloggm ver="2.3"><GO type="169" lobby="0"/><UN n0="%72%61%74%65%72%61%74%65" n1="%2D%42%4B%32%30%31%2D" n2="%E3%82%A6%E3%83%AB%E3%83%88%E3%83%A9%E7%AB%8B%E7%9B%B4" n3="%30%30%73%61%69" dan="16,17,17,18" rate="2138.66,2186.78,2147.42,2192.24" sx="M,M,M,M"/><TAIKYOKU oya="0"/><INIT seed="0,0,0,3,5,78" ten="250,250,250,250" oya="0" hai0="11,117,126,70,42,48,10,133,32,106,50,67,15" hai1="94,109,23,131,61,103,68,121,75,4,35,120,101" hai2="47,79,6,8,54,36,93,124,64,81,122,40,43" hai3="83,20,16,19,27,125,110,130,62,134,90,123,46"/><T51/><D106/><U18/><E35/><V26/><F122/><W69/><G123/><T132/><D32/><U105/><E105/><V66/><F124/><W39/><G110/><T53/><D117/><U9/><E109/><V63/><F43/><W129/><G125/><T92/><D126/><U37/><E37/><V111/><F111/><W41/><G134/><N who="0" m="51819" /><D42/><U3/><E75/><V38/><F38/><W28/><G62/><N who="0" m="40311" /><D92/><U87/><E131/><N who="3" m="50186" /><G69/><T102/><D102/><U112/><E112/><V44/><F93/><W91/><G91/><T14/><D53/><U55/><E103/><V113/><F113/><W56/><G56/><T95/><D95/><U52/><E55/><V108/><F108/><W100/><G100/><T104/><D104/><U1/><E101/><V128/><F128/><W25/><G25/><T97/><D97/><U107/><E107/><V60/><F26/><W65/><G65/><N who="2" m="25193" /><F54/><W76/><G90/><T13/><AGARI ba="0,0" hai="10,11,13,14,15,48,50,51" m="40311,51819" machi="13" ten="40,2100,0" yaku="20,1" doraHai="78" who="0" fromWho="0" sc="250,21,250,-7,250,-7,250,-7" /><INIT seed="0,1,0,3,0,25" ten="271,243,243,243" oya="0" hai0="124,76,46,130,13,3,98,95,67,42,28,24,107" hai1="129,127,57,66,33,126,119,64,21,40,7,23,34" hai2="79,9,38,116,99,39,102,82,32,135,16,0,11" hai3="85,45,43,104,132,83,125,110,88,92,65,52,30"/><T121/><D121/><U122/><E122/><V51/><F135/><W19/><G104/><T36/><D3/><U2/><E40/><V123/><F123/><W89/><G132/><T90/><D124/><N who="1" m="47659" /><E119/><V71/><F116/><W35/><G125/><T103/><D130/><U72/><E72/><V56/><F71/><W77/><G110/><T48/><D76/><U73/><E73/><V55/><F32/><N who="1" m="12393" /><E129/><V93/><F0/><W17/><G65/><N who="1" m="25194" /><E57/><V111/><F111/><W53/><G89/><T75/><D75/><U47/><E47/><V68/><F68/><W54/><G35/><T14/><D67/><U120/><E120/><V114/><F39/><W62/><G62/><T27/><D36/><U86/><E86/><N who="2" m="48479" /><F38/><W41/><G41/><T44/><D46/><U105/><E105/><V61/><F61/><W63/><G63/><T31/><D107/><U74/><E74/><V87/><F87/><W12/><G45/><T113/><D113/><U109/><E109/><V26/><F114/><W80/><G43/><T84/><D84/><U22/><E2/><V81/><F81/><N who="3" m="31307" /><G77/><T59/><D59/><U101/><E101/><V78/><F78/><W70/><G70/><T108/><D103/><U91/><E91/><V128/><F128/><W15/><G88/><T49/><D108/><U100/><E100/><V20/><AGARI ba="1,0" hai="9,11,16,20,26,51,55,56,93,99,102" m="48479" machi="20" ten="30,2000,0" yaku="8,1,54,1" doraHai="25" who="2" fromWho="2" sc="271,-11,243,-6,243,23,243,-6" /><INIT seed="1,0,0,1,1,116" ten="260,237,266,237" oya="1" hai0="111,98,43,70,79,46,53,71,55,114,7,6,125" hai1="110,117,51,19,60,92,89,73,4,34,56,83,49" hai2="126,63,16,2,94,131,135,27,29,87,68,35,10" hai3="120,82,13,18,109,69,105,22,37,106,15,50,20"/><U119/><E34/><V90/><F126/><W39/><G69/><T36/><D114/><U75/><E4/><V97/><F131/><W85/><G109/><T24/><D111/><U11/><E110/><V84/><F135/><W5/><G50/><T57/><D125/><U121/><E121/><V80/><F2/><W41/><G120/><T78/><D98/><U30/><E30/><V52/><F68/><W113/><G113/><T93/><D93/><U107/><E107/><V0/><F0/><W58/><G58/><T108/><D108/><U81/><E11/><V122/><F122/><W123/><G123/><T17/><D55/><U32/><E32/><V9/><F87/><W127/><G127/><T65/><D65/><U14/><E73/><V31/><F31/><W25/><G41/><T48/><D6/><U66/><E117/><V76/><REACH who="2" step="1"/><F16/><REACH who="2" ten="260,237,256,237" step="2"/><N who="3" m="10271" /><G85/><T96/><D70/><U59/><E119/><V102/><F102/><W132/><G18/><T88/><D71/><U67/><E75/><V86/><F86/><W62/><G132/><T101/><D101/><U95/><E19/><V77/><F77/><W133/><G133/><T91/><D91/><U112/><E14/><V42/><F42/><W61/><G13/><T38/><D7/><U44/><E89/><V40/><F40/><W72/><G5/><T103/><D103/><U33/><E112/><V8/><F8/><W130/><G130/><T100/><D100/><U12/><E12/><V26/><F26/><W124/><G25/><T1/><D24/><U23/><E60/><N who="3" m="23146" /><G124/><T104/><D17/><U118/><E118/><RYUUKYOKU ba="0,1" sc="260,-10,237,-10,256,30,237,-10" hai2="9,10,27,29,35,52,63,76,80,84,90,94,97" /><INIT seed="2,1,1,4,1,25" ten="250,227,286,227" oya="2" hai0="75,85,95,113,122,129,120,133,61,46,110,33,18" hai1="86,117,70,92,73,101,19,84,87,21,7,37,121" hai2="107,126,128,40,53,24,31,2,20,79,58,103,72" hai3="51,94,55,130,111,8,0,64,127,83,116,39,1"/><V69/><F69/><W15/><G116/><T91/><D33/><U123/><E117/><V60/><F126/><W118/><G118/><T43/><D75/><U29/><E73/><V30/><F128/><W63/><G39/><T45/><D113/><U34/><E37/><V105/><F2/><W93/><G111/><T27/><D110/><U78/><E7/><V41/><F105/><W81/><G127/><T65/><D133/><U28/><E70/><V114/><F114/><W44/><G130/><T131/><D46/><U66/><E34/><V112/><F112/><W124/><G0/><T50/><D131/><U108/><E66/><V22/><F107/><W42/><G1/><T135/><D135/><U62/><E62/><V47/><F103/><W125/><G125/><T52/><D43/><N who="2" m="16458" /><F72/><W6/><G124/><T57/><REACH who="0" step="1"/><D129/><REACH who="0" ten="240,227,286,227" step="2"/><U77/><E108/><V12/><F47/><W89/><G42/><T11/><D11/><U32/><E32/><V104/><F104/><W13/><G8/><T17/><D17/><U82/><E123/><V88/><F79/><N who="1" m="30217" /><E121/><V100/><F100/><W14/><G6/><T134/><D134/><U35/><E35/><V9/><F88/><W90/><G90/><T80/><D80/><N who="3" m="30793" /><G89/><T102/><D102/><U38/><E82/><V26/><F9/><W3/><G3/><T59/><D59/><AGARI ba="1,2" hai="13,14,15,44,51,55,59,63,64,93,94" m="30793" machi="59" ten="30,1000,0" yaku="8,1" doraHai="25" who="3" fromWho="0" sc="240,-13,227,0,286,0,227,33" /><INIT seed="3,0,0,2,4,8" ten="227,227,286,260" oya="3" hai0="32,85,110,62,16,30,53,91,25,109,125,6,61" hai1="98,17,46,115,104,36,126,40,50,74,35,99,97" hai2="72,49,37,51,27,105,24,67,132,121,131,66,26" hai3="84,1,100,58,106,13,128,22,7,135,108,120,9"/><W122/><G106/><T89/><D125/><U10/><E115/><V73/><F105/><W57/><G100/><T87/><D6/><U20/><E35/><V11/><F37/><W101/><G101/><T68/><D68/><U52/><E126/><V88/><F11/><N who="3" m="2543" /><G84/><N who="0" m="32331" /><D53/><U133/><E74/><N who="2" m="28779" /><F88/><N who="0" m="33866" /><D16/><U92/><E133/><V111/><F132/><W82/><G135/><T78/><D78/><U42/><E104/><V102/><F102/><W2/><G2/><T56/><D56/><U130/><E92/><V41/><F41/><N who="1" m="15977" /><E36/><V44/><F44/><W93/><G58/><T33/><D33/><U116/><E116/><V54/><F54/><W83/><G57/><T69/><D69/><U71/><E71/><V47/><F47/><W45/><G45/><T29/><D29/><U31/><E31/><V4/><F51/><W28/><G28/><T95/><D95/><U124/><E124/><V5/><F49/><W12/><G93/><T114/><D114/><U0/><E0/><V21/><F67/><W123/><G123/><T63/><D63/><U117/><E117/><V107/><F121/><W76/><G122/><T119/><D119/><U118/><E118/><V59/><F107/><W77/><G120/><T39/><D39/><U15/><E130/><V86/><F131/><W38/><G128/><T134/><D134/><U75/><E75/><V79/><F66/><W55/><G38/><T129/><D129/><U81/><E81/><V18/><F79/><W112/><G77/><T127/><D127/><U90/><E90/><V64/><F64/><W3/><G112/><T23/><D23/><AGARI ba="0,0" hai="10,15,17,20,23,46,50,52,97,98,99" m="15977" machi="23" ten="30,7700,0" yaku="6,1,8,1,52,1,54,1" doraHai="8" who="1" fromWho="0" sc="227,-77,227,77,286,0,260,0" /><INIT seed="4,0,0,0,5,36" ten="150,304,286,260" oya="0" hai0="43,130,84,100,125,92,18,10,17,24,4,2,80" hai1="63,81,126,46,6,32,87,110,53,3,58,42,34" hai2="95,30,74,11,127,14,44,78,57,41,122,35,123" hai3="89,119,118,109,73,38,48,20,70,25,90,76,67"/><T128/><D125/><U59/><E110/><V106/><F106/><W108/><G38/><T85/><D24/><U1/><E126/><V15/><F127/><W99/><G67/><T62/><D62/><U96/><E96/><V61/><F30/><W134/><G70/><T131/><D43/><U102/><E102/><V9/><F35/><W103/><G48/><T65/><D65/><U37/><E59/><V66/><F74/><W93/><G134/><T60/><D60/><U22/><E22/><V26/><F26/><W97/><G20/><T135/><D135/><U49/><E37/><V28/><F28/><W16/><G16/><N who="0" m="6251" /><D80/><U94/><E94/><V7/><F78/><W91/><G25/><T40/><D40/><U5/><E6/><V12/><F95/><N who="3" m="58879" /><G76/><T82/><D82/><U115/><E115/><V79/><F79/><W55/><G73/><T98/><AGARI ba="0,0" hai="2,4,10,84,85,92,98,100,128,130,131" m="6251" machi="98" ten="40,3900,0" yaku="19,1,54,1" doraHai="36" who="0" fromWho="0" sc="150,39,304,-13,286,-13,260,-13" /><INIT seed="4,1,0,0,0,17" ten="189,291,273,247" oya="0" hai0="23,20,58,113,43,79,128,22,21,37,132,59,12" hai1="118,86,10,134,72,4,83,135,106,98,90,63,126" hai2="35,78,94,77,24,112,5,60,50,52,51,1,0" hai3="66,46,64,67,28,53,129,73,97,39,70,133,19"/><T14/><D113/><U71/><E118/><V56/><F112/><W84/><G73/><T47/><N who="0" m="5120" /><DORA hai="96" /><T107/><D107/><U123/><E123/><V75/><F1/><W119/><G28/><T121/><D121/><U6/><E126/><V13/><F0/><W69/><G39/><T85/><D132/><N who="1" m="50731" /><E72/><V41/><F75/><W2/><G70/><T109/><D109/><U116/><E116/><V93/><F35/><W110/><G69/><T38/><D38/><U80/><E80/><V114/><F24/><W26/><G2/><T32/><D32/><U104/><E98/><V88/><F94/><W44/><G110/><T11/><D128/><U33/><E33/><V55/><F41/><W65/><G26/><T18/><REACH who="0" step="1"/><D14/><REACH who="0" ten="179,291,273,247" step="2"/><U92/><E106/><V36/><F36/><W42/><G129/><T74/><D74/><U115/><E104/><V117/><F114/><W81/><G133/><T130/><D130/><U122/><E115/><V62/><F13/><W30/><G119/><T49/><D49/><U82/><E122/><V100/><F117/><W61/><G30/><T9/><D9/><U68/><E10/><V27/><F51/><W87/><G61/><T34/><D34/><U57/><E63/><V103/><F50/><W15/><G15/><T108/><D108/><U105/><E105/><V76/><F27/><W125/><G125/><T48/><D48/><U8/><E8/><V89/><F60/><W102/><G42/><T31/><D31/><U7/><E71/><V91/><F62/><W25/><G25/><T99/><D99/><U111/><E68/><RYUUKYOKU ba="1,1" sc="179,30,291,-10,273,-10,247,-10" hai0="11,12,18,37,43,47,58,59,79,85" /><INIT seed="4,2,1,4,5,126" ten="209,281,263,237" oya="0" hai0="127,120,35,89,100,26,2,134,41,65,14,24,3" hai1="79,11,59,80,37,38,97,25,112,83,50,8,66" hai2="72,84,117,101,91,107,132,20,87,94,5,10,88" hai3="78,102,18,99,98,110,64,46,85,86,118,113,62"/><T119/><D120/><U45/><E112/><V32/><F32/><W125/><G110/><T63/><D119/><U16/><E37/><V42/><F117/><W130/><G118/><T121/><D121/><U76/><E38/><V103/><F132/><W90/><G125/><T58/><D127/><U93/><E59/><V47/><F72/><W43/><G113/><T75/><D75/><U4/><E66/><V116/><F116/><W22/><G78/><N who="1" m="29738" /><E4/><V28/><F107/><W129/><G90/><T135/><D100/><N who="1" m="60463" /><E25/><N who="0" m="9833" /><D35/><U36/><E36/><V9/><F20/><W95/><G99/><T15/><D41/><N who="1" m="24879" /><E8/><N who="2" m="3179" /><F5/><W27/><G46/><T57/><D57/><U133/><E133/><N who="0" m="50697" /><D89/><U70/><E70/><V56/><F28/><W7/><G43/><T106/><D106/><U1/><E1/><AGARI ba="2,1" hai="1,2,3,14,15,58,63,65" m="50697,9833" machi="1" ten="30,1500,0" yaku="20,1" doraHai="126" who="0" fromWho="1" sc="209,31,281,-21,263,0,237,0" /><INIT seed="4,3,0,2,1,132" ten="240,260,263,237" oya="0" hai0="87,33,56,47,96,120,114,118,100,42,19,58,77" hai1="122,135,30,92,93,35,51,66,108,25,45,81,65" hai2="75,12,101,128,44,119,126,95,21,14,111,74,72" hai3="16,8,26,127,49,7,28,3,107,18,117,27,13"/><T84/><D120/><U68/><E108/><V79/><F111/><W104/><G49/><T59/><D118/><U50/><E135/><V103/><F79/><W40/><G40/><T124/><D33/><U20/><E122/><V70/><F70/><W9/><G117/><T29/><D29/><U31/><E81/><V123/><F119/><W55/><G55/><T91/><D114/><U83/><E83/><V11/><F123/><W4/><G127/><T102/><D124/><U2/><E2/><V110/><F110/><W46/><G46/><T53/><D77/><U39/><E39/><V105/><F105/><W1/><G13/><N who="2" m="5225" /><F95/><N who="1" m="36425" /><E68/><V67/><F126/><W15/><G15/><T90/><D19/><N who="1" m="12447" /><E35/><V62/><F21/><W37/><REACH who="3" step="1"/><G28/><REACH who="3" ten="240,260,263,227" step="2"/><N who="1" m="10794" /><E51/><V98/><F44/><W43/><G43/><AGARI ba="3,1" hai="43,45,50,65,66" m="10794,12447,36425" machi="43" ten="30,1000,0" yaku="8,1" doraHai="132" who="1" fromWho="3" sc="240,0,260,29,263,0,227,-19" /><INIT seed="5,0,0,1,4,125" ten="240,289,263,208" oya="1" hai0="132,104,97,0,18,7,78,22,84,105,90,19,124" hai1="72,120,121,82,75,35,98,51,118,129,65,108,55" hai2="61,81,107,6,1,80,46,66,88,32,92,86,10" hai3="123,36,79,14,58,114,5,28,38,87,68,62,115"/><U26/><E118/><V134/><F134/><W109/><G109/><T60/><D132/><U43/><E108/><V126/><F126/><W56/><G123/><T2/><D124/><U8/><E65/><V111/><F111/><W112/><G28/><T29/><D78/><U63/><E63/><V11/><F32/><W83/><G68/><T93/><D29/><N who="1" m="19895" /><E43/><V122/><F122/><W53/><REACH who="3" step="1"/><G58/><REACH who="3" ten="240,289,263,198" step="2"/><T23/><D60/><U33/><E120/><V113/><F113/><W73/><G73/><T54/><D105/><U15/><E121/><V41/><F107/><W13/><G13/><T45/><D104/><U20/><E72/><V103/><F1/><W44/><G44/><T31/><D0/><U135/><E135/><V16/><F46/><W116/><G116/><T52/><D31/><U71/><E71/><V77/><F66/><W69/><G69/><T94/><D45/><U49/><E75/><V128/><F41/><W21/><G21/><N who="0" m="7691" /><D2/><U91/><E20/><V117/><F117/><W12/><G12/><T30/><D30/><U70/><E33/><V131/><F11/><AGARI ba="0,1" hai="5,11,14,36,38,53,56,62,79,83,87,112,114,115" machi="11" ten="40,2600,0" yaku="1,1,15,1,53,0" doraHai="125" doraHaiUra="96" who="3" fromWho="2" sc="240,0,289,0,263,-26,198,36" /><INIT seed="6,0,0,3,3,133" ten="240,289,237,234" oya="2" hai0="119,32,53,66,18,7,77,68,106,127,37,132,43" hai1="5,10,51,97,95,76,99,130,96,124,3,72,80" hai2="56,11,90,24,75,116,28,113,110,89,6,21,70" hai3="98,26,129,60,9,128,15,69,85,20,8,50,67"/><V19/><F70/><W4/><G85/><T31/><D132/><U91/><E130/><V109/><F116/><W23/><G50/><T57/><D18/><U30/><E30/><V16/><F75/><W14/><G98/><T73/><D119/><U38/><E124/><V58/><F113/><W17/><REACH who="3" step="1"/><G23/><REACH who="3" ten="240,289,237,224" step="2"/><T86/><D86/><U46/><REACH who="1" step="1"/><E38/><REACH who="1" ten="240,279,237,224" step="2"/><V78/><F110/><W52/><G52/><AGARI ba="0,2" hai="3,5,10,46,51,52,72,76,80,91,95,96,97,99" machi="52" ten="30,8000,1" yaku="1,1,2,1,7,1,54,1,53,1" doraHai="133" doraHaiUra="40" who="1" fromWho="3" sc="240,0,279,100,237,0,224,-80" /><INIT seed="7,0,0,3,5,70" ten="240,379,237,144" oya="3" hai0="6,83,125,103,92,89,84,64,38,35,104,78,119" hai1="41,18,26,117,46,94,56,85,105,108,12,73,66" hai2="93,23,135,65,58,25,107,134,69,61,27,44,49" hai3="13,131,42,128,16,118,123,9,97,19,114,52,59"/><W129/><G118/><T33/><D38/><U100/><E73/><V63/><F107/><W50/><G123/><T126/><D119/><U81/><E105/><V43/><F93/><W91/><G114/><T112/><D112/><U116/><E108/><V40/><F23/><W60/><G19/><T82/><D64/><U86/><E26/><V7/><F7/><W71/><G71/><T8/><D83/><U111/><E56/><V127/><F127/><N who="0" m="48650" /><D103/><U2/><E66/><N who="2" m="39223" /><F40/><W80/><G80/><T0/><D104/><U132/><E85/><AGARI ba="0,0" hai="0,6,8,33,35,78,82,84,85,89,92" m="48650" machi="85" ten="30,1000,0" yaku="18,1" doraHai="70" who="0" fromWho="1" sc="240,10,379,-10,237,0,144,0" owari="250,5.0,369,47.0,237,-16.0,144,-36.0" /></mjloggm>