<mjloggm ver="2.3"><GO type="169" lobby="0"/><UN n0="%E9%BB%92%E7%8A%AC%40%E3%81%A6%E3%82%93%E3%81%BB%E3%83%BC" n1="%E3%82%A6%E3%83%92%E3%83%A7%E5%8A%A9" n2="%50%61%65%6C%6C%61" n3="%E5%B0%B1%E6%B4%BB%E7%94%9F%40%E5%B7%9D%E6%9D%91%E8%BB%8D%E5%9B%A3" dan="16,17,16,16" rate="2061.67,2091.23,2108.63,2014.33" sx="F,M,M,M"/><TAIKYOKU oya="0"/><INIT seed="0,0,0,1,4,106" ten="250,250,250,250" oya="0" hai0="12,135,73,91,131,79,87,28,35,41,40,77,93" hai1="51,133,29,97,32,81,56,96,25,2,85,108,1" hai2="6,5,11,47,120,43,31,55,49,101,3,68,36" hai3="102,34,61,21,20,76,114,30,69,48,53,113,19"/><T42/><D131/><U104/><E133/><V71/><F120/><W45/><G34/><T78/><D135/><U123/><E123/><V44/><F101/><W60/><G102/><T89/><D12/><U24/><E24/><V119/><F119/><W118/><G118/><T18/><D18/><U58/><E108/><V64/><F64/><W50/><G76/><T94/><D28/><U0/><E104/><V125/><F125/><W38/><G38/><T103/><D103/><U33/><E33/><V14/><F31/><W98/><G98/><T66/><D66/><U80/><E80/><V112/><F112/><W116/><G116/><T46/><D35/><U10/><E10/><V27/><F27/><W23/><G30/><T72/><REACH who="0" step="1"/><D46/><REACH who="0" ten="240,250,250,250" step="2"/><U22/><E32/><V127/><F127/><W99/><G19/><T83/><D83/><U90/><REACH who="1" step="1"/><E51/><REACH who="1" ten="240,240,250,250" step="2"/><V54/><F49/><W7/><G50/><T126/><D126/><U8/><E8/><V95/><F11/><W132/><G48/><T4/><D4/><U121/><E121/><V100/><F6/><W115/><G7/><T57/><D57/><AGARI ba="0,2" hai="0,1,2,22,25,29,56,57,58,81,85,90,96,97" machi="57" ten="40,8000,1" yaku="1,1,53,3" doraHai="106" doraHaiUra="52" who="1" fromWho="0" sc="240,-80,240,100,250,0,250,0" /><INIT seed="1,0,0,4,3,1" ten="160,340,250,250" oya="1" hai0="109,18,6,15,49,24,43,51,73,75,71,127,82" hai1="123,116,60,134,128,52,58,16,27,91,5,25,80" hai2="129,10,7,106,105,125,35,102,64,29,124,110,66" hai3="87,68,57,92,37,19,74,121,126,8,14,132,23"/><U99/><E123/><V78/><F110/><W56/><G74/><T2/><D71/><U28/><E116/><V50/><F129/><W100/><G68/><T117/><D109/><U3/><E128/><V47/><F78/><W59/><G37/><T46/><D117/><U31/><E134/><V42/><F29/><W103/><G121/><T86/><D127/><N who="2" m="48714" /><F35/><W83/><G132/><T76/><D24/><U122/><E122/><V119/><F119/><W120/><G120/><T40/><D2/><U70/><E70/><V79/><F79/><W101/><G126/><T88/><D76/><U94/><E80/><V33/><F33/><W9/><REACH who="3" step="1"/><G92/><REACH who="3" ten="160,340,250,240" step="2"/><T115/><D115/><U13/><E31/><V53/><F106/><W30/><G30/><T111/><D111/><U97/><E28/><V93/><F105/><W67/><G67/><T90/><D75/><U107/><E107/><V96/><F53/><W22/><G22/><T17/><D73/><U55/><E94/><V54/><F54/><W85/><G85/><T32/><D32/><U4/><E55/><V45/><F45/><W39/><G39/><T62/><D46/><U108/><E52/><V12/><AGARI ba="0,1" hai="7,10,12,42,47,50,64,66,93,96,102" m="48714" machi="12" ten="30,2000,0" yaku="18,1,52,1" doraHai="1" who="2" fromWho="2" sc="160,-5,340,-10,250,30,240,-5" /><INIT seed="2,0,0,1,3,116" ten="155,330,280,235" oya="2" hai0="53,65,25,67,114,52,92,110,5,31,68,49,21" hai1="75,109,44,47,57,66,70,64,2,106,96,11,61" hai2="117,130,9,10,128,15,94,126,4,50,79,13,118" hai3="28,105,111,46,41,54,33,127,59,108,104,39,129"/><V124/><F79/><W60/><G127/><N who="2" m="48681" /><F50/><W97/><G129/><N who="2" m="49769" /><F94/><W87/><G87/><T43/><D110/><N who="3" m="42025" /><G97/><T0/><D114/><U107/><E109/><V88/><F88/><W74/><G74/><T98/><D43/><U30/><E75/><V40/><F40/><W24/><AGARI ba="0,0" hai="24,28,33,39,41,46,54,59,60,104,105" m="42025" machi="24" ten="30,1100,0" yaku="14,1" doraHai="116" who="3" fromWho="3" sc="155,-3,330,-3,280,-5,235,11" /><INIT seed="3,0,0,1,5,71" ten="152,327,275,246" oya="3" hai0="47,62,127,92,20,130,106,94,112,26,59,101,122" hai1="134,34,110,41,67,103,111,113,44,83,29,14,43" hai2="46,95,57,102,32,27,56,81,65,51,63,49,84" hai3="100,55,114,61,42,72,98,10,129,5,31,74,4"/><W17/><G114/><T2/><D122/><U96/><E113/><V33/><F56/><W121/><G129/><T6/><D112/><U85/><E134/><V89/><F51/><W36/><G121/><T58/><D130/><U13/><E67/><V75/><F27/><W90/><G31/><T45/><D106/><N who="1" m="63847" /><E29/><V132/><F132/><W9/><G36/><T76/><D76/><N who="1" m="46311" /><E34/><V78/><REACH who="2" step="1"/><F102/><REACH who="2" ten="152,327,265,246" step="2"/><W11/><G42/><AGARI ba="0,1" hai="32,33,42,46,49,57,63,65,75,78,81,84,89,95" machi="42" ten="30,3900,0" yaku="1,1,2,1,7,1,53,0" doraHai="71" doraHaiUra="68" who="2" fromWho="3" sc="152,0,327,0,265,49,246,-39" /><INIT seed="4,0,0,3,3,128" ten="152,327,314,207" oya="0" hai0="57,134,84,47,116,45,119,22,77,127,55,37,66" hai1="15,40,30,74,28,61,130,16,6,53,67,43,73" hai2="88,118,121,80,106,29,23,34,27,17,1,64,11" hai3="89,5,18,12,95,94,69,13,90,39,20,60,101"/><T54/><D22/><U111/><E130/><V24/><F121/><W4/><G39/><T124/><D77/><U108/><E6/><V51/><F106/><W3/><G3/><T87/><D37/><U68/><E53/><N who="0" m="19977" /><D84/><U102/><E102/><V32/><F51/><W117/><G117/><N who="0" m="45131" /><D87/><U70/><E61/><V120/><F64/><W21/><G69/><T123/><D123/><U104/><E67/><V10/><F80/><W50/><G50/><T100/><D100/><U97/><E97/><V33/><F88/><W59/><G101/><T135/><D57/><U109/><E104/><V8/><F118/><W62/><REACH who="3" step="1"/><G18/><REACH who="3" ten="152,327,314,197" step="2"/><T122/><D122/><U9/><E70/><V48/><F48/><W103/><G103/><T25/><D66/><U58/><E68/><V85/><F120/><W79/><G79/><T98/><D98/><U126/><E111/><V107/><F107/><W49/><G49/><T125/><D25/><U110/><E109/><V93/><F1/><W132/><G132/><AGARI ba="0,1" hai="45,47,124,125,127,132,134,135" m="45131,19977" machi="132" ten="40,24000,3" yaku="28,2,18,1,20,1,34,2,52,3" doraHai="128" who="0" fromWho="3" sc="152,250,327,0,314,0,197,-240" owari="402,50.0,327,13.0,314,-9.0,-43,-54.0" /></mjloggm>