<mjloggm ver="2.3"><GO type="97" lobby="0"/><UN n0="%E3%83%AF%E3%83%8B%E8%BB%8D%E5%9B%A3" n1="%69%6B%61%75%73%74%61%6B" n2="%E5%95%BC%E3%81%8D%E9%9B%80" n3="%E5%B0%B1%E6%B4%BB%E7%94%9F%40%E5%B7%9D%E6%9D%91%E8%BB%8D%E5%9B%A3" dan="13,13,15,15" rate="1863.80,1888.28,2002.87,2052.87" sx="F,M,M,M"/><TAIKYOKU oya="0"/><INIT seed="0,0,0,0,0,88" ten="250,250,250,250" oya="0" hai0="128,89,19,30,39,78,69,105,125,134,41,60,21" hai1="71,135,42,112,76,75,65,85,129,68,2,84,14" hai2="1,107,26,18,110,0,113,13,114,15,46,97,20" hai3="99,80,29,92,45,61,118,116,122,73,66,126,51"/><T56/><D69/><U54/><E2/><N who="2" m="1131" /><F46/><W117/><G122/><T91/><D105/><U104/><E104/><V98/><F107/><W8/><G126/><T52/><D125/><U16/><E75/><V62/><F62/><W124/><G124/><T108/><D30/><U49/><E129/><V6/><F97/><W31/><G8/><T55/><D128/><U58/><E135/><V37/><F98/><W32/><G73/><T79/><D134/><U33/><E33/><V121/><F37/><W34/><G80/><T131/><D131/><U53/><E112/><V81/><F81/><W9/><G9/><T11/><D11/><N who="1" m="6239" /><E71/><V111/><F121/><W119/><G34/><T12/><D108/><N who="2" m="41514" /><F6/><W74/><G74/><T36/><D36/><U47/><E68/><V22/><F13/><W103/><G32/><T27/><D12/><U109/><E109/><V43/><F43/><W95/><G95/><T25/><D41/><U40/><E40/><V100/><F100/><W23/><N who="3" m="30208" /><DORA hai="63" /><W28/><G23/><N who="0" m="13567" /><D39/><U50/><E76/><N who="0" m="29225" /><D55/><N who="1" m="21003" /><E50/><V120/><F120/><W94/><G45/><T70/><D70/><U86/><E58/><V10/><F10/><W24/><G51/><T35/><D35/><U87/><N who="1" m="22016" /><DORA hai="17" /><U59/><E59/><V48/><F48/><W67/><G61/><T106/><D106/><U93/><E65/><V3/><F3/><W130/><G130/><T7/><D7/><U4/><E4/><V38/><F38/><W133/><G133/><T115/><D115/><U132/><E132/><V101/><F101/><N who="3" m="60647" /><G24/><T5/><D5/><U90/><E90/><RYUUKYOKU ba="0,0" sc="250,0,250,0,250,0,250,0" hai0="21,27,52,56,60,89,91" hai1="42,47,49,93" hai2="15,18,20,22,26,113,114" hai3="28,29,31,66,67,94,103" /><INIT seed="0,1,0,3,3,118" ten="250,250,250,250" oya="0" hai0="9,28,36,112,50,127,114,67,66,44,56,74,90" hai1="128,88,131,3,84,122,82,48,121,76,77,123,94" hai2="64,85,11,75,19,65,63,35,78,7,103,86,41" hai3="24,16,32,17,100,130,99,80,132,96,83,25,111"/><T58/><D74/><U120/><E3/><V104/><F35/><W47/><G130/><N who="1" m="49706" /><E48/><V57/><F75/><W55/><G132/><T37/><D28/><U0/><E0/><V116/><F116/><W6/><G111/><T52/><D9/><U23/><E23/><V93/><F104/><W71/><G71/><T105/><D105/><U129/><N who="1" m="49714" /><U1/><DORA hai="33" /><E1/><V102/><F41/><W42/><G6/><T4/><D4/><U2/><E2/><V14/><F7/><W45/><G55/><N who="0" m="30151" /><D90/><N who="1" m="51479" /><E123/><V13/><F13/><W15/><G32/><T134/><D134/><U119/><E119/><V70/><F70/><W133/><G133/><T89/><D89/><U31/><E31/><V113/><F78/><W107/><G107/><T61/><D127/><U60/><E60/><V69/><F69/><W117/><G117/><T39/><D58/><U126/><E126/><V109/><F109/><W12/><G42/><T53/><D53/><U92/><E92/><V30/><F30/><W135/><G135/><T40/><D40/><U59/><E59/><V22/><F11/><W81/><G81/><T87/><D87/><AGARI ba="1,0" hai="76,77,87,88,94,120,121,122" m="51479,49714" machi="87" ten="50,12000,2" yaku="19,1,34,2,52,3,54,1" doraHai="118,33" who="1" fromWho="0" sc="250,-123,250,123,250,0,250,0" /><INIT seed="1,0,0,0,5,99" ten="127,373,250,250" oya="1" hai0="71,110,127,60,84,76,113,44,40,61,19,38,96" hai1="1,33,121,28,114,81,56,74,105,52,130,73,107" hai2="124,93,4,58,131,75,37,63,123,132,54,126,70" hai3="94,83,117,68,5,67,133,112,6,20,51,16,122"/><U97/><E121/><V129/><F75/><W13/><G112/><T12/><D113/><U77/><E73/><V78/><F4/><W86/><G122/><T91/><D110/><U109/><E114/><V34/><F123/><W116/><G133/><T62/><D127/><N who="2" m="48682" /><F34/><W102/><G68/><T36/><D36/><U80/><E1/><V134/><F78/><N who="3" m="46455" /><G67/><T23/><D76/><U2/><E2/><V104/><F104/><W53/><G117/><T135/><D135/><N who="2" m="51754" /><F93/><W39/><G39/><T108/><D108/><U90/><E109/><V55/><F37/><W89/><G116/><T120/><D120/><U72/><E28/><V32/><F32/><W25/><G25/><T17/><D17/><U125/><E33/><V57/><F70/><W101/><G6/><T106/><D71/><U128/><E125/><V43/><F43/><W88/><G5/><T45/><D106/><N who="1" m="40459" /><E52/><V0/><F0/><W82/><G82/><T24/><D24/><U59/><E56/><V9/><F9/><W103/><G94/><T7/><D7/><U92/><E59/><AGARI ba="0,0" hai="13,16,20,51,53,59,88,89,101,102,103" m="46455" machi="59" ten="30,12000,2" yaku="8,1,52,3,54,2" doraHai="99" who="3" fromWho="1" sc="127,0,373,-120,250,0,250,120" /><INIT seed="2,0,0,5,5,33" ten="127,253,250,370" oya="2" hai0="14,81,48,101,110,82,120,77,59,4,88,65,97" hai1="113,87,64,11,84,95,96,10,115,83,105,78,44" hai2="31,72,30,67,39,61,34,135,109,46,49,56,35" hai3="92,73,15,114,0,79,2,100,6,38,47,93,107"/><V98/><F72/><W121/><G121/><T91/><D120/><U40/><E105/><V90/><F109/><W60/><G114/><T51/><D110/><U123/><E123/><V134/><F39/><W69/><G15/><T128/><D128/><U102/><E64/><V8/><F8/><N who="3" m="2119" /><G93/><T125/><D125/><U104/><E104/><V80/><F34/><W41/><G92/><T36/><D36/><U57/><E57/><V62/><F62/><W70/><G2/><T27/><D27/><U42/><E42/><V3/><F3/><W108/><G108/><T112/><D112/><U127/><E127/><V21/><F35/><W19/><G19/><T122/><D122/><U106/><E106/><V71/><F71/><W68/><G60/><T50/><D101/><U63/><E63/><V94/><F80/><N who="3" m="45167" /><G70/><T66/><D59/><U52/><E87/><V74/><F74/><W12/><G12/><T130/><D130/><U124/><E124/><V1/><F1/><W116/><G116/><T28/><D28/><U45/><E115/><V32/><F32/><W20/><G20/><T17/><D4/><U25/><E25/><N who="2" m="16687" /><F31/><W13/><G13/><T86/><D97/><AGARI ba="0,0" hai="38,41,47,68,69,97,100,107" m="45167,2119" machi="97" ten="30,7700,0" yaku="25,1,33,2,52,1" doraHai="33" who="3" fromWho="0" sc="127,-77,253,0,250,0,370,77" /><INIT seed="3,0,0,2,0,48" ten="50,253,250,447" oya="3" hai0="34,84,126,101,14,11,44,25,36,124,2,111,109" hai1="45,28,50,115,103,66,68,58,92,120,118,52,97" hai2="18,22,110,15,116,6,127,94,5,76,13,121,104" hai3="42,7,59,74,114,64,1,108,19,16,3,40,129"/><W113/><G74/><T67/><D101/><U61/><E120/><V24/><F104/><W112/><G129/><T32/><D84/><U17/><E115/><V90/><F116/><W128/><G128/><T71/><D71/><U73/><E73/><V37/><F37/><W12/><G108/><T31/><D67/><U51/><E118/><V23/><F121/><W80/><G80/><T93/><D93/><U72/><E72/><V41/><F41/><W38/><G38/><T107/><D107/><U63/><E28/><V8/><F110/><W20/><G7/><N who="2" m="2569" /><F127/><W83/><G83/><T91/><D91/><U30/><E30/><N who="2" m="17687" /><F76/><W88/><G19/><T86/><D86/><U82/><E82/><V21/><F90/><W102/><G102/><T69/><D69/><U60/><REACH who="1" step="1"/><E17/><REACH who="1" ten="50,243,250,447" step="2"/><N who="2" m="8359" /><F94/><W65/><G112/><T79/><D31/><U89/><E89/><V57/><F57/><W77/><G114/><T81/><D34/><U125/><E125/><V62/><F62/><W33/><G113/><T122/><D81/><U47/><E47/><V46/><F46/><W54/><G33/><T0/><D32/><U55/><AGARI ba="0,1" hai="45,50,51,52,55,58,60,61,63,66,68,92,97,103" machi="55" ten="20,12000,2" yaku="1,1,0,1,7,1,52,2,54,1,53,0" doraHai="48" doraHaiUra="35" who="1" fromWho="1" sc="50,-30,243,130,250,-30,447,-60" owari="20,-48.0,373,17.0,220,-18.0,387,49.0" /></mjloggm>