<mjloggm ver="2.3"><GO type="97" lobby="0"/><UN n0="%52%2E%4E%2E%E3%81%9B%E3%82%93%E3%81%9A%E3%82%8A" n1="%E5%B0%B1%E6%B4%BB%E7%94%9F%40%E5%B7%9D%E6%9D%91%E8%BB%8D%E5%9B%A3" n2="%4D%31%32%2B%31%33" n3="%E3%81%BB%E3%81%84%E3%81%A8%E3%81%93%E3%82%8D" dan="14,15,14,13" rate="1923.10,2057.69,1911.82,1890.25" sx="M,M,F,M"/><TAIKYOKU oya="0"/><INIT seed="0,0,0,3,3,79" ten="250,250,250,250" oya="0" hai0="125,101,134,66,26,105,81,102,64,15,133,22,91" hai1="11,78,121,51,77,98,6,89,87,48,108,104,49" hai2="92,20,1,85,111,16,83,36,124,103,116,10,2" hai3="12,129,109,60,45,114,131,40,24,50,84,73,62"/><T53/><D125/><U25/><E121/><V117/><F36/><W30/><G114/><T17/><D53/><U58/><E108/><V110/><F124/><W72/><G109/><N who="2" m="41481" /><F10/><W106/><G106/><T99/><D102/><U120/><E120/><V35/><F35/><W135/><G135/><N who="0" m="51723" /><D15/><N who="1" m="5623" /><E104/><V97/><F2/><W112/><G12/><T75/><D91/><U13/><E98/><V39/><F1/><W37/><G37/><T88/><D75/><U63/><E13/><N who="2" m="9231" /><F39/><W55/><G112/><T96/><D96/><U118/><E118/><V3/><F3/><W43/><G43/><T52/><D52/><N who="1" m="34247" /><E25/><V59/><F59/><W47/><G40/><T113/><D113/><U28/><E28/><V126/><F126/><W90/><G45/><T82/><D88/><AGARI ba="0,0" hai="83,85,88,92,97,103,116,117" m="9231,41481" machi="88" ten="30,7700,0" yaku="14,1,52,1,54,2" doraHai="79" who="2" fromWho="0" sc="250,-77,250,0,250,77,250,0" /><INIT seed="1,0,0,1,4,77" ten="173,250,327,250" oya="1" hai0="22,80,52,16,31,86,72,121,70,105,21,106,134" hai1="68,0,24,35,76,30,32,114,67,26,49,122,53" hai2="55,40,59,41,78,29,58,128,123,20,124,38,97" hai3="42,79,92,50,108,102,27,131,57,23,13,6,84"/><U100/><E114/><V133/><F123/><W66/><G108/><T117/><D72/><U5/><E122/><V116/><F116/><W127/><G127/><T73/><D73/><U120/><E120/><V7/><F7/><W17/><G131/><T44/><D70/><U119/><E119/><V96/><F124/><W2/><G2/><T1/><D1/><U90/><E100/><V10/><F10/><W51/><G6/><T129/><D117/><U25/><E76/><V94/><F128/><W47/><G27/><T36/><D121/><U15/><E0/><V103/><F78/><W4/><G4/><T118/><D129/><U43/><E43/><N who="2" m="16459" /><F38/><W74/><G74/><T85/><D118/><U113/><E113/><V83/><F83/><N who="3" m="47231" /><G51/><T18/><D36/><U112/><E112/><V54/><F133/><W135/><G135/><T81/><D134/><U69/><E90/><V130/><F97/><N who="3" m="59687" /><G66/><T46/><REACH who="0" step="1"/><D31/><REACH who="0" ten="163,250,327,250" step="2"/><U110/><E30/><V109/><F130/><W64/><G64/><T34/><D34/><U28/><E28/><V91/><F109/><W95/><G57/><T61/><D61/><U12/><E110/><V107/><F29/><W37/><G37/><T19/><D19/><U82/><E35/><V11/><F58/><W104/><G104/><T101/><D101/><U33/><E32/><V99/><F59/><W8/><G95/><T75/><D75/><U3/><E33/><V132/><F132/><W98/><G98/><T14/><D14/><U93/><E68/><V62/><F62/><W125/><G125/><T63/><D63/><U56/><E69/><RYUUKYOKU ba="0,1" sc="163,15,250,-15,327,-15,250,15" hai0="16,18,21,22,44,46,52,80,81,85,86,105,106" hai3="8,13,17,23,42,47,50" /><INIT seed="2,1,1,0,2,28" ten="178,235,312,265" oya="2" hai0="99,64,27,123,125,120,51,108,23,98,71,113,63" hai1="8,53,1,75,117,62,12,69,17,18,131,66,82" hai2="93,105,19,7,94,56,68,43,45,14,59,110,32" hai3="31,111,122,11,21,102,84,50,61,60,16,104,79"/><V119/><F119/><W96/><G122/><T80/><D113/><U67/><E117/><V130/><F105/><W39/><G111/><T54/><D108/><U103/><E131/><V55/><F110/><W116/><G116/><T37/><D37/><U106/><E1/><V70/><F7/><W107/><G39/><T135/><D135/><U89/><E67/><V97/><F130/><W85/><G107/><T91/><D125/><U5/><E53/><V57/><F55/><W74/><G74/><T30/><D99/><U129/><E129/><V126/><F126/><W40/><G85/><T114/><D114/><U90/><E90/><V92/><F32/><W109/><G109/><T132/><D132/><U10/><E10/><V77/><F77/><W76/><G76/><T133/><D133/><U95/><E103/><V86/><F86/><W115/><G115/><T26/><D80/><U25/><E106/><V100/><F70/><W35/><G35/><T42/><D42/><U58/><E69/><V15/><F68/><W78/><G78/><T3/><D3/><U81/><E75/><V13/><REACH who="2" step="1"/><F19/><REACH who="2" ten="178,235,302,265" step="2"/><N who="1" m="7177" /><E25/><V52/><F52/><W49/><G79/><T134/><D134/><U34/><E34/><V20/><F20/><W112/><G84/><AGARI ba="1,2" hai="5,8,12,58,62,66,81,82,84,89,95" m="7177" machi="84" ten="30,1000,0" yaku="8,1" doraHai="28" who="1" fromWho="3" sc="178,0,235,33,302,0,265,-13" /><INIT seed="3,0,0,5,5,35" ten="178,268,302,252" oya="3" hai0="46,3,36,37,87,109,116,52,48,39,12,15,11" hai1="80,26,62,21,13,114,16,97,95,123,19,41,34" hai2="25,44,45,55,88,60,72,126,103,108,38,49,99" hai3="119,14,75,7,92,67,117,74,4,121,89,133,86"/><W6/><G121/><T130/><D116/><U47/><E123/><V124/><F72/><W120/><G120/><T57/><D109/><U58/><E114/><V110/><F88/><W93/><G133/><T28/><D28/><U91/><E34/><V70/><F25/><W40/><G40/><T22/><D130/><U51/><E80/><V20/><F20/><W5/><G67/><T102/><D102/><U31/><E13/><V30/><F30/><W131/><G131/><T118/><D118/><U111/><E111/><N who="2" m="42539" /><F38/><W1/><G1/><T112/><D112/><U9/><E9/><V113/><F113/><W125/><G125/><N who="2" m="48233" /><F70/><W134/><G134/><T64/><D87/><U53/><AGARI ba="0,0" hai="16,19,21,26,31,41,47,51,53,58,62,91,95,97" machi="53" ten="20,5200,0" yaku="0,1,7,1,8,1,54,1" doraHai="35" who="1" fromWho="1" sc="178,-13,268,52,302,-13,252,-26" owari="165,-33.0,320,41.0,289,9.0,226,-17.0" /></mjloggm>