<mjloggm ver="2.3"><GO type="193" lobby="0"/><UN n0="%E3%83%88%E3%83%88%E3%83%AA%E5%85%88%E7%94%9F%31%39%E6%AD%B3" n1="%E5%8D%93%E4%B8%8A%E3%81%AE%E9%A4%8A%E5%88%86" n2="%E3%81%86%E3%81%88%E3%81%8D%E3%81%A1%EF%BC%92" n3="%54%26%54" dan="9,1,11,10" rate="1815.34,1516.48,1882.96,1421.13" sx="F,M,M,M"/><TAIKYOKU oya="0"/><INIT seed="0,0,0,1,1,15" ten="250,250,250,250" oya="0" hai0="69,48,7,113,124,46,5,100,112,0,14,89,29" hai1="11,66,77,120,75,104,109,16,37,54,85,125,131" hai2="31,33,94,13,99,19,72,117,91,60,55,42,127" hai3="25,80,73,88,10,79,119,6,122,52,132,20,49"/><T98/><D69/><U71/><E109/><V64/><F72/><W96/><G119/><T107/><D124/><U1/><E131/><V12/><F127/><W126/><G126/><T93/><D0/><U61/><E125/><V63/><F117/><W36/><G122/><T86/><D29/><U53/><E120/><V44/><F33/><W65/><G132/><T123/><D123/><U32/><E104/><V59/><F31/><W97/><G65/><T67/><D67/><U111/><E111/><V118/><F118/><W22/><G20/><T41/><REACH who="0" step="1"/><D14/><REACH who="0" ten="240,250,250,250" step="2"/><U57/><E1/><V58/><REACH who="2" step="1"/><F19/><REACH who="2" ten="240,250,240,250" step="2"/><W2/><G25/><T8/><D8/><U116/><E116/><V43/><F43/><W114/><G22/><T87/><D87/><U62/><E16/><V128/><F128/><W82/><G96/><T121/><D121/><U135/><E11/><V47/><F47/><W74/><G74/><T3/><D3/><U23/><E66/><V129/><F129/><W38/><G2/><T90/><D90/><U110/><E110/><V92/><F92/><W78/><G10/><T130/><D130/><U81/><E85/><V9/><F9/><W39/><G6/><AGARI ba="0,2" hai="5,6,7,41,46,48,86,89,93,98,100,107,112,113" machi="6" ten="40,2000,0" yaku="1,1,53,0" doraHai="15" doraHaiUra="35" who="0" fromWho="3" sc="240,40,250,0,240,0,250,-20" /><INIT seed="0,1,0,1,1,4" ten="280,250,240,230" oya="0" hai0="132,24,20,54,2,38,92,129,26,107,117,112,105" hai1="30,33,23,82,5,11,95,14,124,28,77,128,64" hai2="113,100,81,79,40,9,39,63,37,87,76,8,84" hai3="44,110,69,21,1,53,118,106,48,126,135,19,102"/><T104/><D112/><U65/><E124/><V93/><F113/><W13/><G126/><T35/><D117/><U75/><E128/><V36/><F63/><W89/><G118/><T90/><D2/><U56/><E33/><V134/><F134/><W49/><G135/><T47/><D132/><U29/><E95/><V103/><F40/><W60/><G110/><T51/><D129/><U71/><E71/><V66/><F66/><W101/><G1/><T3/><D3/><U32/><E32/><V55/><F55/><W94/><G106/><T52/><D38/><U99/><E99/><V130/><F130/><W46/><G69/><T131/><D131/><U25/><REACH who="1" step="1"/><E56/><REACH who="1" ten="280,240,240,230" step="2"/><V119/><F119/><W43/><G60/><T70/><D70/><U88/><E88/><V122/><F122/><W125/><G125/><T115/><D115/><U91/><E91/><V59/><F59/><W78/><G78/><N who="2" m="29737" /><F84/><AGARI ba="1,1" hai="13,19,21,43,44,46,48,49,53,84,89,94,101,102" machi="84" ten="30,2000,0" yaku="7,1,8,1" doraHai="4" who="3" fromWho="2" sc="280,0,240,0,240,-23,230,33" /><INIT seed="1,0,0,2,2,97" ten="280,240,217,263" oya="1" hai0="108,127,74,90,124,78,116,24,57,68,25,85,119" hai1="40,19,94,22,42,114,88,77,83,10,8,32,113" hai2="70,20,59,37,63,76,69,122,36,84,47,92,56" hai3="103,81,99,7,58,62,12,102,104,132,117,15,67"/><U101/><E32/><V60/><F122/><W72/><G117/><T9/><D68/><N who="2" m="26218" /><F76/><W135/><G103/><T39/><D39/><N who="2" m="14922" /><F92/><W89/><G7/><T82/><D108/><U55/><E113/><V65/><F84/><W109/><G109/><T118/><D57/><N who="2" m="22090" /><F20/><W41/><G41/><T5/><D74/><U64/><E114/><V46/><F65/><W23/><G23/><T125/><REACH who="0" step="1"/><D78/><REACH who="0" ten="270,240,217,263" step="2"/><U98/><E77/><V71/><N who="2" m="26226" /><V51/><DORA hai="87" /><F46/><W4/><G72/><T106/><D106/><U29/><E64/><V50/><F47/><W128/><G81/><T130/><D130/><U34/><E34/><V35/><F35/><W121/><G128/><T44/><D44/><U14/><E29/><V112/><F112/><W52/><G121/><T75/><D75/><U27/><E27/><V123/><F123/><W86/><G67/><T66/><D66/><U95/><E55/><V33/><F33/><W61/><G62/><AGARI ba="0,1" hai="50,51,60,62,63" m="22090,14922,26226" machi="62" ten="50,12000,2" yaku="28,2,35,5" doraHai="97,87" who="2" fromWho="3" sc="270,0,240,0,217,130,263,-120" /><INIT seed="2,0,0,0,1,16" ten="270,240,347,143" oya="2" hai0="108,77,69,34,74,112,132,81,20,98,59,1,106" hai1="65,51,44,101,94,38,48,12,71,79,47,26,49" hai2="37,127,39,129,11,27,43,36,31,72,13,109,6" hai3="122,54,89,41,8,83,35,102,64,117,33,46,73"/><V30/><F72/><W118/><G122/><T23/><D112/><U91/><E79/><V90/><F129/><W124/><G102/><T55/><D34/><U80/><E80/><V56/><F127/><W125/><G64/><T82/><D1/><U92/><E101/><V126/><F126/><N who="3" m="48747" /><G8/><T116/><D69/><U17/><E38/><V18/><F109/><W95/><G54/><T76/><D108/><U110/><E110/><V68/><F68/><W2/><G2/><T104/><D132/><U103/><E65/><V5/><F56/><W128/><G128/><T100/><D116/><N who="3" m="44649" /><G73/><T15/><D15/><U99/><E71/><V7/><F43/><W62/><G62/><T93/><D106/><U52/><E26/><V63/><F63/><W111/><G111/><T75/><D104/><U114/><E114/><V135/><F135/><W107/><G107/><T115/><D115/><U50/><E50/><AGARI ba="0,0" hai="20,23,50,55,59,74,75,76,77,81,82,93,98,100" machi="50" ten="30,7700,0" yaku="7,1,9,1,52,2" doraHai="16" who="0" fromWho="1" sc="270,77,240,-77,347,0,143,0" /><INIT seed="3,0,0,4,5,105" ten="347,163,347,143" oya="3" hai0="5,23,93,16,61,63,0,107,92,86,44,127,36" hai1="90,54,74,116,114,104,124,45,6,20,72,9,39" hai2="3,89,52,22,97,59,43,73,128,17,53,47,51" hai3="7,57,88,111,14,112,77,75,117,15,132,24,41"/><W27/><G117/><T123/><D123/><U120/><E120/><V35/><F73/><W82/><G112/><T29/><D107/><U58/><E114/><V48/><F128/><W109/><G132/><T60/><D127/><U125/><E116/><V103/><F35/><W12/><G41/><T62/><D29/><U130/><E130/><V102/><F3/><W76/><G77/><T113/><D113/><U126/><E104/><V134/><F134/><W98/><G7/><T37/><D0/><U135/><E90/><V42/><F103/><W133/><G133/><T33/><D33/><U13/><E20/><V66/><F66/><W46/><G46/><T34/><D34/><U84/><E84/><V1/><F1/><W80/><G57/><T65/><D5/><U81/><E81/><V49/><F49/><W70/><G70/><T40/><D86/><U8/><E8/><V119/><F102/><W115/><G115/><T64/><D37/><U28/><E28/><V96/><F119/><W31/><G31/><T56/><REACH who="0" step="1"/><D65/><REACH who="0" ten="337,163,347,143" step="2"/><U121/><E135/><V55/><F55/><W78/><G76/><T129/><D129/><U83/><E121/><V87/><F97/><W68/><G68/><T71/><D71/><U85/><E39/><V67/><F67/><W69/><G69/><T38/><D38/><U108/><E126/><V18/><F96/><W32/><G32/><T95/><D95/><U100/><E125/><V131/><F131/><W110/><REACH who="3" step="1"/><G82/><REACH who="3" ten="337,163,347,133" step="2"/><T25/><AGARI ba="0,2" hai="16,23,25,36,40,44,56,60,61,62,63,64,92,93" machi="25" ten="30,4000,0" yaku="1,1,0,1,54,1,53,0" doraHai="105" doraHaiUra="2" who="0" fromWho="0" sc="337,60,163,-10,347,-10,133,-20" owari="397,50.0,153,-25.0,337,14.0,113,-39.0" /></mjloggm>