<mjloggm ver="2.3"><GO type="169" lobby="0"/><UN n0="%E3%83%8D%E3%83%BC%E3%83%A0%E3%83%AC%E3%82%B9%EF%BC%97" n1="%E6%9D%BE%E5%B1%8B%E3%81%8A%E3%81%98%E3%81%95%E3%82%93" n2="%E3%82%A6%E3%83%AB%E3%83%88%E3%83%A9%E7%AB%8B%E7%9B%B4" n3="%E3%83%8C%E3%83%83%E3%83%97" dan="16,18,17,16" rate="2072.68,2144.46,2160.37,2140.64" sx="M,M,M,M"/><TAIKYOKU oya="0"/><INIT seed="0,0,0,4,4,69" ten="250,250,250,250" oya="0" hai0="107,87,127,23,73,78,84,58,111,20,104,74,55" hai1="120,14,38,64,130,116,82,124,114,122,53,30,27" hai2="126,128,96,54,112,29,72,9,109,4,132,8,71" hai3="56,60,85,68,45,28,93,134,133,131,21,41,101"/><T31/><D31/><U37/><E116/><V75/><F71/><W5/><G68/><T19/><D58/><U3/><E3/><V66/><F66/><W57/><G5/><T36/><D55/><U110/><E64/><V43/><F43/><W76/><G131/><T6/><D19/><U115/><E130/><V50/><F96/><W7/><G7/><T81/><D6/><U89/><E14/><V62/><F62/><W51/><G56/><T15/><D15/><U35/><E124/><V118/><F50/><W61/><G61/><T1/><D1/><U121/><E110/><V0/><F54/><W123/><G123/><T79/><D111/><U16/><E16/><V80/><F9/><W65/><G21/><T97/><D97/><U52/><E89/><V34/><F8/><W48/><G48/><T106/><D127/><U86/><E53/><V2/><F126/><W88/><G28/><T44/><D44/><U63/><E63/><V33/><F29/><W13/><G13/><T108/><D108/><U12/><E12/><V90/><F4/><W17/><G17/><T94/><D94/><U22/><E52/><V67/><F109/><W26/><G26/><T32/><D32/><U25/><E25/><V83/><F34/><W103/><G76/><T105/><D105/><U95/><E35/><V18/><F33/><W100/><AGARI ba="0,0" hai="41,45,51,57,60,65,85,88,93,100,101,103,133,134" machi="100" ten="30,2000,0" yaku="0,1,54,1" doraHai="69" who="3" fromWho="3" sc="250,-10,250,-5,250,-5,250,20" /><INIT seed="1,0,0,2,3,93" ten="240,245,245,270" oya="1" hai0="63,28,67,80,90,100,135,4,119,101,56,122,106" hai1="91,24,133,47,54,23,51,30,125,44,15,19,79" hai2="78,104,129,76,20,39,115,103,21,13,16,110,38" hai3="55,105,71,12,18,77,37,107,6,124,57,86,88"/><U27/><E125/><V7/><F110/><W128/><G71/><T89/><D119/><U33/><E133/><V99/><F129/><W40/><G77/><T68/><D4/><U126/><E126/><V0/><F115/><W117/><G117/><T17/><D28/><U10/><E79/><V43/><F76/><W82/><G6/><T69/><D106/><U1/><E1/><V5/><F5/><W74/><G74/><T97/><D69/><U60/><E60/><V83/><F43/><W52/><G55/><T32/><D32/><U96/><E47/><V11/><REACH who="2" step="1"/><F20/><REACH who="2" ten="240,245,235,270" step="2"/><W123/><G128/><T111/><D111/><U102/><E91/><V22/><F22/><W114/><G114/><T108/><D90/><U73/><E73/><AGARI ba="0,1" hai="0,7,11,13,16,21,38,39,73,78,83,99,103,104" machi="73" ten="30,7700,0" yaku="1,1,7,1,52,1,54,1,53,0" doraHai="93" doraHaiUra="134" who="2" fromWho="1" sc="240,0,245,-77,235,87,270,0" /><INIT seed="2,0,0,4,1,135" ten="240,168,322,270" oya="2" hai0="46,53,3,58,21,69,111,54,122,116,42,105,72" hai1="6,8,61,74,94,16,67,126,51,79,86,95,103" hai2="40,82,130,89,34,102,68,18,113,71,88,57,7" hai3="131,108,64,2,33,29,66,84,52,96,127,104,129"/><V10/><F34/><W87/><G2/><T98/><D3/><U1/><E74/><V76/><F113/><W70/><G108/><T90/><D72/><U31/><E31/><V25/><F102/><W80/><G87/><T118/><D69/><U63/><E126/><V85/><F40/><W133/><G133/><T20/><D54/><U44/><E103/><V26/><F71/><W81/><G81/><T4/><D4/><U9/><E79/><V37/><F37/><W35/><G35/><T22/><D122/><U49/><E49/><V91/><F68/><W55/><G66/><T14/><D14/><U77/><E77/><V56/><F130/><W41/><G41/><T119/><D111/><U62/><E67/><V132/><F132/><W50/><G55/><T30/><D30/><U59/><E59/><N who="2" m="22603" /><F7/><W110/><G33/><T106/><D90/><U5/><E86/><V13/><AGARI ba="0,0" hai="10,13,18,25,26,76,82,85,88,89,91" m="22603" machi="13" ten="30,3000,0" yaku="8,1,54,1" doraHai="135" who="2" fromWho="2" sc="240,-10,168,-10,322,30,270,-10" /><INIT seed="2,1,0,4,5,22" ten="230,158,352,260" oya="2" hai0="45,123,107,124,131,6,66,114,101,72,1,119,122" hai1="39,68,27,40,128,135,18,41,5,49,89,37,14" hai2="7,31,48,125,126,91,115,26,113,100,57,2,102" hai3="56,95,16,52,13,29,67,30,47,24,25,93,83"/><V33/><F91/><W117/><G117/><T99/><D66/><U11/><E68/><V75/><F48/><N who="3" m="28703" /><G83/><T106/><D45/><U42/><E49/><V8/><F57/><W92/><G30/><T86/><D6/><U104/><E104/><V64/><F64/><W61/><G29/><T55/><D55/><U4/><E135/><V71/><F71/><W53/><G53/><T50/><D50/><U80/><E128/><V12/><F75/><W74/><G74/><T79/><D1/><U112/><E112/><V121/><F121/><W108/><G108/><T10/><D114/><U51/><E51/><V23/><F102/><W3/><G3/><T84/><D119/><U87/><REACH who="1" step="1"/><E27/><REACH who="1" ten="230,148,352,260" step="2"/><V34/><F115/><W111/><G111/><T65/><D131/><U32/><E32/><V60/><F113/><W130/><G130/><T97/><D107/><U54/><E54/><V46/><F34/><W81/><G81/><T20/><D106/><U85/><E85/><V44/><F33/><W69/><G69/><T28/><D84/><U43/><N who="1" m="10752" /><DORA hai="98" /><U76/><E76/><V118/><F44/><W9/><AGARI ba="1,1" hai="9,13,16,24,25,56,61,67,92,93,95" m="28703" machi="9" ten="30,8000,1" yaku="8,1,52,2,54,2" doraHai="22,98" who="3" fromWho="3" sc="230,-21,148,-21,352,-41,260,93" /><INIT seed="3,0,0,2,1,13" ten="209,127,311,353" oya="3" hai0="96,101,117,41,83,75,24,134,31,11,29,86,126" hai1="72,55,51,105,38,64,77,8,62,87,26,85,15" hai2="23,21,91,59,10,40,18,14,109,122,110,99,0" hai3="76,46,58,44,84,113,37,95,88,98,4,50,135"/><W100/><G135/><T45/><D75/><U42/><E105/><V12/><F40/><W111/><G113/><T123/><D117/><U54/><E72/><V115/><F59/><W92/><G37/><T57/><D123/><U130/><E130/><V131/><F91/><W43/><G44/><T119/><D57/><U129/><E129/><V28/><F99/><W39/><G39/><T108/><D119/><U52/><E38/><V20/><F131/><W128/><G128/><T7/><D108/><N who="2" m="41578" /><F115/><W27/><G4/><T120/><D126/><U102/><E102/><V79/><F79/><W93/><G76/><T67/><D67/><U106/><E106/><V82/><F82/><W60/><G27/><T19/><D120/><U61/><E26/><N who="2" m="16479" /><F0/><W63/><G63/><N who="1" m="24074" /><E64/><V74/><F74/><W68/><G68/><T127/><D101/><U66/><E66/><V78/><F78/><W2/><G2/><T6/><D41/><U90/><E77/><V132/><F132/><W1/><G1/><T69/><D69/><U116/><E116/><V3/><F3/><W47/><G111/><T97/><D134/><U30/><E90/><V107/><F107/><W80/><G46/><T35/><D45/><N who="1" m="26039" /><E30/><V56/><F122/><W89/><G89/><T81/><D31/><U34/><E34/><V124/><F56/><W5/><G100/><T103/><D103/><U53/><N who="1" m="13824" /><DORA hai="133" /><U22/><E22/><N who="2" m="11591" /><F124/><W121/><G121/><T48/><D127/><U118/><E118/><V65/><F65/><N who="3" m="39063" /><G98/><T33/><D97/><U73/><E73/><V9/><F21/><W16/><G88/><RYUUKYOKU ba="0,0" sc="209,-15,127,15,311,15,353,-15" hai1="8,15,85,87" hai2="9,10,14,20" /><INIT seed="4,1,0,1,2,35" ten="194,142,326,338" oya="0" hai0="68,43,15,23,18,51,82,31,133,41,87,84,67" hai1="27,11,52,85,100,78,2,4,62,130,9,5,101" hai2="70,13,50,19,64,129,124,39,6,8,66,95,98" hai3="79,47,69,16,90,128,74,118,71,63,57,106,91"/><T75/><D75/><U56/><E130/><V34/><F39/><W132/><G106/><T104/><D104/><U103/><E27/><V96/><F34/><W45/><G118/><T37/><D37/><U12/><E78/><V42/><F70/><W76/><G132/><T21/><D87/><U72/><E72/><V109/><F109/><W73/><G16/><T38/><D38/><U40/><E40/><V102/><F124/><W80/><G57/><T26/><D133/><U126/><REACH who="1" step="1"/><E85/><REACH who="1" ten="194,132,326,338" step="2"/><V99/><F42/><W122/><G128/><T88/><REACH who="0" step="1"/><D51/><REACH who="0" ten="184,132,326,338" step="2"/><U121/><E121/><V111/><F50/><W92/><G122/><T60/><AGARI ba="1,2" hai="15,18,21,23,26,31,41,43,60,67,68,82,84,88" machi="60" ten="30,11700,0" yaku="1,1,2,1,0,1,54,1,53,0" doraHai="35" doraHaiUra="44" who="0" fromWho="0" sc="184,140,132,-40,326,-40,338,-40" /><INIT seed="4,2,0,1,3,28" ten="324,92,286,298" oya="0" hai0="15,54,77,26,72,61,85,81,135,0,47,132,108" hai1="76,95,126,38,103,1,53,13,58,10,84,17,46" hai2="112,25,104,91,6,36,16,131,122,134,69,74,35" hai3="100,105,2,23,14,62,51,113,8,63,99,9,34"/><T79/><D0/><U96/><E126/><V82/><RYUUKYOKU type="yao9" ba="2,0" sc="324,0,92,0,286,0,298,0" hai2="6,16,25,35,36,69,74,82,91,104,112,122,131,134" /><INIT seed="4,3,0,5,2,21" ten="324,92,286,298" oya="0" hai0="59,77,30,117,126,97,101,112,65,31,27,104,107" hai1="48,46,20,83,69,134,89,26,113,96,118,121,105" hai2="0,78,81,90,82,38,119,91,37,2,102,6,133" hai3="35,93,114,39,14,51,68,56,92,130,86,67,47"/><T88/><D77/><U28/><E118/><V70/><F70/><W85/><G35/><T98/><D117/><U52/><E121/><V58/><F102/><W13/><G68/><T66/><D59/><U25/><E134/><V34/><F34/><W100/><G130/><T54/><D54/><U29/><E113/><V71/><F71/><W132/><G132/><T33/><D31/><U9/><E69/><V125/><F6/><W55/><G93/><T17/><D17/><U122/><E122/><V79/><F58/><W50/><G39/><T44/><D44/><U15/><E105/><V106/><F106/><W7/><G13/><T76/><D76/><U75/><E75/><V135/><F119/><W123/><G114/><T12/><D12/><U22/><E96/><V3/><F3/><W87/><G67/><T32/><D32/><U10/><REACH who="1" step="1"/><E15/><REACH who="1" ten="324,82,286,298" step="2"/><V40/><F133/><W11/><G123/><T1/><D112/><U108/><E108/><V84/><F135/><W99/><REACH who="3" step="1"/><G87/><AGARI ba="3,1" hai="9,10,20,22,25,26,28,29,46,48,52,83,87,89" machi="87" ten="40,12000,2" yaku="1,1,9,1,8,1,52,2,54,1,53,0" doraHai="21" doraHaiUra="8" who="1" fromWho="3" sc="324,0,82,139,286,0,298,-129" /><INIT seed="5,0,0,2,1,24" ten="324,221,286,169" oya="1" hai0="44,104,2,109,31,117,105,95,132,98,81,30,25" hai1="41,40,108,52,57,73,96,59,77,12,72,106,33" hai2="89,84,5,62,51,78,75,74,76,100,17,55,43" hai3="111,99,3,39,21,23,102,123,48,50,103,10,93"/><U116/><E116/><V69/><F5/><W22/><G39/><T61/><D2/><U122/><E122/><V130/><F100/><W9/><G123/><T45/><D109/><U29/><E73/><V46/><F130/><W135/><G111/><T131/><D104/><U28/><E33/><V26/><F75/><W94/><G3/><T112/><D105/><U65/><E108/><V113/><F113/><W15/><G135/><T18/><D81/><U133/><E133/><V86/><F86/><W64/><G64/><T13/><D25/><U54/><E65/><V60/><F69/><W97/><REACH who="3" step="1"/><G9/><REACH who="3" ten="324,221,286,159" step="2"/><N who="0" m="6447" /><D132/><U90/><E106/><V19/><F74/><W0/><G0/><T119/><D112/><U124/><E72/><V107/><F76/><W7/><AGARI ba="0,1" hai="7,10,15,21,22,23,48,50,93,94,97,99,102,103" machi="7" ten="30,8000,1" yaku="1,1,0,1,9,1,8,1,53,1" doraHai="24" doraHaiUra="8" who="3" fromWho="3" sc="324,-20,221,-40,286,-20,159,90" /><INIT seed="6,0,0,5,1,32" ten="304,181,266,249" oya="2" hai0="100,15,43,120,27,91,6,30,67,75,23,99,132" hai1="36,127,109,80,110,86,94,59,95,13,83,123,81" hai2="7,128,104,93,54,55,68,0,33,47,41,20,40" hai3="134,14,116,63,113,69,133,50,89,9,77,126,98"/><V114/><F33/><W10/><G116/><T53/><D75/><U62/><E36/><V106/><F68/><W3/><G77/><T84/><D43/><U71/><E71/><V44/><F20/><W34/><G34/><T102/><D67/><U108/><E127/><V48/><F93/><W76/><G76/><T130/><D120/><U85/><E13/><V107/><F114/><W73/><G73/><T64/><D64/><U12/><E12/><V4/><F128/><W5/><G126/><T61/><D99/><U103/><E123/><V101/><F101/><W31/><G31/><T115/><D132/><N who="3" m="50793" /><G50/><T21/><D115/><U117/><E117/><V57/><F57/><W97/><G89/><T38/><D38/><U42/><E42/><V125/><F125/><W19/><G113/><T35/><D35/><U52/><REACH who="1" step="1"/><E103/><REACH who="1" ten="304,171,266,249" step="2"/><V51/><F40/><W17/><G69/><T74/><D102/><U129/><E129/><V111/><F41/><W58/><G17/><T119/><D100/><U112/><E112/><V82/><F106/><W66/><AGARI ba="0,1" hai="3,5,9,10,14,19,58,63,66,97,98" m="50793" machi="66" ten="30,2000,0" yaku="20,1,52,1" doraHai="32" who="3" fromWho="3" sc="304,-5,171,-5,266,-10,249,30" /><INIT seed="7,0,0,1,4,122" ten="299,166,256,279" oya="3" hai0="118,123,95,126,88,114,76,117,9,49,80,63,124" hai1="125,106,61,60,2,107,48,68,134,81,129,119,12" hai2="31,41,47,110,21,69,109,14,24,29,59,8,65" hai3="72,99,82,50,92,36,26,19,43,133,86,87,6"/><W111/><G111/><T57/><D49/><U66/><E2/><V0/><F0/><W116/><G36/><T90/><D9/><U53/><E125/><N who="0" m="48233" /><D114/><U38/><E38/><V22/><F69/><W135/><G6/><T115/><D115/><U25/><E134/><N who="3" m="51210" /><G43/><T56/><D56/><U17/><E129/><V37/><F59/><W46/><G72/><N who="0" m="43015" /><D90/><U7/><E119/><V64/><F65/><W40/><G82/><T39/><D39/><U93/><E61/><V13/><F64/><W67/><G67/><N who="0" m="39407" /><D123/><U113/><E113/><V71/><F71/><W23/><G116/><T97/><AGARI ba="0,0" hai="88,95,97,117,118" m="39407,43015,48233" machi="97" ten="30,2000,0" yaku="18,1,54,1" doraHai="122" who="0" fromWho="0" sc="299,20,166,-5,256,-5,279,-10" owari="319,42.0,161,-34.0,251,-15.0,269,7.0" /></mjloggm>