<mjloggm ver="2.3"><GO type="169" lobby="0"/><UN n0="%E3%82%A6%E3%83%AB%E3%83%88%E3%83%A9%E7%AB%8B%E7%9B%B4" n1="%E5%89%8D%E6%88%AF%33%30%E5%88%86" n2="%E5%AE%8C%E5%85%A8%E7%84%A1%E6%95%B5%E5%B0%91%E5%A5%B3%45%58" n3="%E2%98%86%E3%82%BF%E3%82%AD%E3%82%AA%E3%83%B3%E2%98%85" dan="17,17,16,16" rate="2131.94,2238.20,2144.39,2139.48" sx="M,M,M,M"/><TAIKYOKU oya="0"/><INIT seed="0,0,0,1,2,31" ten="250,250,250,250" oya="0" hai0="19,51,72,25,36,90,95,71,110,83,65,54,68" hai1="15,97,114,67,62,104,80,134,28,73,124,119,116" hai2="26,49,111,74,34,29,131,115,94,123,85,82,117" hai3="70,5,56,101,77,17,75,30,53,40,37,135,1"/><T39/><D110/><U66/><E66/><V42/><F123/><W41/><G70/><T92/><D39/><U132/><E15/><V27/><F115/><W84/><G135/><N who="1" m="51754" /><E114/><V64/><F111/><W130/><G130/><T48/><D36/><U63/><E63/><V107/><F107/><W125/><G37/><T7/><D7/><U122/><E122/><V52/><F131/><W120/><G75/><T43/><D65/><U69/><E124/><V8/><F42/><W78/><G101/><T4/><D4/><U121/><E121/><V81/><F8/><W22/><G30/><T127/><D127/><U13/><E13/><V76/><F64/><W133/><G120/><T6/><D6/><U55/><E55/><V93/><F27/><W0/><G53/><T3/><D3/><U10/><E10/><V21/><F117/><W108/><G5/><T20/><D71/><U86/><E28/><V14/><F14/><W103/><G0/><T98/><D68/><U57/><E73/><V102/><F102/><W46/><G103/><T79/><D43/><U18/><E18/><V11/><F11/><W129/><G17/><T112/><D112/><U44/><E69/><V2/><F2/><W109/><G1/><T45/><D51/><U58/><E104/><V9/><F9/><W12/><G125/><T113/><D113/><U126/><E126/><V38/><F38/><W23/><G133/><T91/><D48/><U106/><E106/><V61/><F61/><W32/><G109/><T47/><D54/><U87/><E119/><V128/><F52/><W24/><G108/><RYUUKYOKU ba="0,0" sc="250,30,250,-10,250,-10,250,-10" hai0="19,20,25,45,47,72,79,83,90,91,92,95,98" /><INIT seed="0,1,0,1,1,23" ten="280,240,240,240" oya="0" hai0="35,19,61,106,39,11,18,130,93,10,117,5,45" hai1="0,82,112,14,77,28,101,47,3,83,78,24,63" hai2="107,34,109,44,58,131,36,84,100,99,65,33,74" hai3="103,68,113,122,105,66,57,17,132,88,4,79,30"/><T70/><D106/><U86/><E101/><V102/><F74/><W60/><G113/><T21/><D35/><U127/><E127/><V111/><F131/><W91/><G132/><T56/><D70/><U69/><E14/><V6/><F102/><W13/><G122/><T16/><D130/><U54/><E112/><V92/><F6/><W8/><G79/><T27/><D117/><U85/><E47/><V81/><F92/><W26/><G57/><T49/><D93/><U115/><E115/><V50/><F58/><W89/><G4/><T129/><D39/><U126/><E126/><V128/><F36/><W53/><G53/><N who="0" m="29871" /><D129/><U104/><E104/><V48/><F65/><W2/><G2/><T110/><D110/><N who="2" m="41994" /><F128/><W121/><G121/><T125/><D125/><U29/><E54/><N who="2" m="29959" /><F50/><W67/><G67/><N who="0" m="39335" /><D5/><U31/><E63/><V15/><F15/><W76/><G13/><T94/><D94/><U55/><E55/><V119/><F119/><W20/><G105/><T37/><D37/><U75/><E69/><V38/><F38/><W7/><G68/><T12/><D12/><U96/><E75/><V52/><F52/><W42/><G42/><T40/><D40/><U80/><E3/><V95/><F107/><W59/><G103/><T25/><D25/><U51/><E24/><V120/><F120/><W118/><G26/><T90/><D90/><AGARI ba="1,0" hai="33,34,81,84,90,95,99,100" m="29959,41994" machi="90" ten="30,1000,0" yaku="14,1" doraHai="23" who="2" fromWho="0" sc="280,-13,240,0,240,13,240,0" /><INIT seed="1,0,0,4,2,108" ten="267,240,253,240" oya="1" hai0="111,91,8,105,58,67,96,54,59,98,45,14,88" hai1="60,41,115,127,124,84,134,70,39,11,55,73,117" hai2="32,76,15,66,17,47,95,2,62,100,52,114,121" hai3="19,130,27,4,1,116,7,51,131,118,128,6,133"/><U34/><E73/><V56/><F32/><W69/><G69/><T109/><D45/><N who="1" m="23743" /><E34/><V89/><F2/><W126/><G51/><T99/><D105/><U135/><E84/><V16/><F121/><W103/><G103/><T65/><D14/><U50/><E11/><V102/><F114/><W90/><G90/><N who="0" m="34347" /><D8/><U24/><E24/><V86/><F76/><W64/><G64/><N who="0" m="24651" /><D54/><U112/><E60/><V37/><F17/><W79/><G79/><T20/><D20/><U85/><E85/><V29/><F29/><W57/><G57/><AGARI ba="0,0" hai="57,58,59,96,98,99,109,111" m="24651,34347" machi="57" ten="40,5200,0" yaku="28,2,54,1" doraHai="108" who="0" fromWho="3" sc="267,52,240,0,253,0,240,-52" /><INIT seed="2,0,0,5,0,105" ten="319,240,253,188" oya="2" hai0="99,112,26,47,76,31,128,17,39,50,18,104,113" hai1="24,11,62,14,106,74,86,42,96,32,124,126,43" hai2="81,68,2,83,120,80,40,75,108,121,134,27,38" hai3="117,111,29,30,107,131,0,70,82,61,102,45,51"/><V60/><F75/><W97/><G117/><T4/><D39/><U100/><E86/><V3/><F134/><W78/><G0/><T6/><D76/><U84/><E84/><V135/><F135/><W52/><G111/><T91/><D104/><U87/><E87/><V19/><F108/><W92/><G131/><T53/><D128/><U49/><E62/><V9/><F38/><W119/><G119/><T93/><D112/><U114/><E114/><V64/><F40/><W23/><G107/><T125/><D125/><N who="1" m="48235" /><E49/><V79/><F79/><W35/><G35/><T21/><D113/><U123/><E123/><V88/><F88/><W115/><G115/><T41/><D41/><U34/><E24/><V132/><F132/><W44/><G44/><T110/><D110/><U89/><E89/><V122/><REACH who="2" step="1"/><F9/><REACH who="2" ten="319,240,243,188" step="2"/><W71/><G78/><T133/><D133/><U65/><E74/><V55/><F55/><W8/><G52/><T22/><D31/><U56/><E43/><V109/><F109/><W94/><G30/><T48/><D53/><U15/><E42/><V37/><F37/><W10/><G29/><T103/><D91/><U101/><E101/><V63/><F63/><W7/><G61/><T95/><D103/><U130/><E130/><V25/><F25/><W69/><G102/><T127/><D26/><U77/><E77/><V59/><F59/><W66/><G10/><T28/><D127/><U73/><E73/><V54/><F54/><W67/><G8/><T72/><D72/><U12/><E11/><V1/><F1/><W90/><G90/><T5/><D28/><RYUUKYOKU ba="0,1" sc="319,-15,240,15,243,15,188,-15" hai1="12,14,15,32,34,56,65,96,100,106" hai2="2,3,19,27,60,64,68,80,81,83,120,121,122" /><INIT seed="2,1,1,1,1,133" ten="304,255,258,173" oya="2" hai0="42,13,34,15,122,69,17,80,72,88,2,40,14" hai1="116,90,105,68,31,55,96,7,73,19,128,83,115" hai2="123,63,118,85,29,61,44,49,70,86,101,74,121" hai3="25,76,6,126,54,97,51,87,104,103,67,79,39"/><V24/><F118/><W62/><G39/><T52/><D69/><U32/><E7/><V99/><F74/><W117/><G117/><T50/><D2/><U3/><E55/><V37/><F37/><W16/><G6/><T45/><D34/><U132/><E3/><V102/><F102/><W119/><G119/><T93/><D122/><U28/><E19/><V129/><F129/><W18/><G126/><T81/><D17/><U125/><E28/><V4/><F4/><W22/><G18/><T41/><REACH who="0" step="1"/><D72/><REACH who="0" ten="294,255,258,173" step="2"/><U109/><E32/><V66/><F123/><W11/><G11/><T108/><D108/><U64/><E73/><V65/><F121/><W89/><G67/><T98/><AGARI ba="1,2" hai="13,14,15,40,41,42,45,50,52,80,81,88,93,98" machi="98" ten="30,12000,2" yaku="1,1,0,1,8,1,54,2,53,1" doraHai="133" doraHaiUra="47" who="0" fromWho="0" sc="294,143,255,-31,258,-61,173,-31" /><INIT seed="3,0,0,3,4,94" ten="437,224,197,142" oya="3" hai0="44,67,73,111,49,7,114,55,96,48,93,29,20" hai1="109,131,88,0,27,28,83,76,92,129,110,106,11" hai2="56,63,128,104,21,33,66,95,5,103,119,117,9" hai3="64,22,99,51,80,125,23,75,70,59,102,105,132"/><W54/><G125/><T74/><D7/><N who="1" m="1511" /><E106/><V34/><F104/><W134/><G70/><T4/><D4/><U101/><E101/><V26/><F128/><N who="1" m="49225" /><E83/><V61/><F119/><W124/><G64/><T90/><D111/><U40/><E76/><V17/><F117/><W72/><G124/><T87/><D114/><U100/><E100/><V108/><F108/><N who="1" m="41577" /><E40/><V43/><F43/><W38/><G38/><T79/><D49/><U82/><E82/><V65/><F103/><W86/><G72/><T130/><D67/><U107/><E107/><V68/><REACH who="2" step="1"/><F95/><REACH who="2" ten="437,224,187,142" step="2"/><W77/><REACH who="3" step="1"/><G75/><REACH who="3" ten="437,224,187,132" step="2"/><T13/><D74/><U118/><E118/><V3/><AGARI ba="0,2" hai="3,5,9,17,21,26,33,34,56,61,63,65,66,68" machi="3" ten="20,5200,0" yaku="1,1,2,1,0,1,7,1,53,0" doraHai="94" doraHaiUra="85" who="2" fromWho="2" sc="437,-13,224,-13,187,72,132,-26" /><INIT seed="4,0,0,4,0,20" ten="424,211,259,106" oya="0" hai0="135,120,106,111,64,29,90,8,26,33,6,86,25" hai1="50,73,59,116,103,131,61,121,100,66,80,97,123" hai2="91,117,113,81,88,41,70,62,47,71,95,124,10" hai3="42,129,51,38,32,93,21,58,3,7,18,16,60"/><T2/><D106/><U109/><E100/><V44/><F113/><W46/><G32/><T78/><D120/><U30/><E109/><V19/><F124/><W28/><G129/><T45/><D135/><U134/><E116/><V115/><F115/><W11/><G38/><T53/><D64/><U75/><E134/><V34/><F34/><W89/><G28/><T108/><D78/><U119/><E119/><V118/><F81/><W68/><G68/><T24/><D53/><U82/><E131/><V43/><F10/><W63/><G58/><T84/><D45/><U112/><E112/><V36/><F19/><W15/><REACH who="3" step="1"/><G18/><REACH who="3" ten="424,211,259,96" step="2"/><T102/><D33/><U85/><E30/><V92/><F62/><W12/><G12/><T107/><D29/><U17/><E17/><V83/><F36/><W77/><G77/><T35/><D35/><U99/><E61/><V96/><F71/><W23/><G23/><T5/><D5/><U76/><E59/><V48/><F70/><W57/><G57/><T69/><D69/><U105/><E50/><V55/><F117/><W49/><G49/><T0/><D0/><U37/><E37/><V122/><F118/><W22/><G22/><T14/><D2/><U74/><E66/><V1/><F1/><W40/><G40/><T13/><D13/><U104/><E121/><V125/><F122/><W127/><G127/><T110/><D108/><U72/><E123/><V9/><F125/><W54/><G54/><T31/><D110/><U56/><E56/><V4/><F55/><W132/><G132/><T27/><N who="0" m="6144" /><DORA hai="101" /><T87/><D111/><RYUUKYOKU ba="0,1" sc="424,-10,211,-10,259,-10,96,30" hai3="3,7,11,15,16,21,42,46,51,60,63,89,93" /><INIT seed="5,1,1,5,5,92" ten="414,201,249,126" oya="1" hai0="101,90,9,95,20,71,120,116,102,84,35,33,93" hai1="17,111,14,53,96,130,37,13,125,8,6,113,135" hai2="76,59,114,2,38,89,77,123,134,91,16,82,50" hai3="46,100,36,119,48,72,51,23,74,52,121,28,26"/><U115/><E111/><V56/><F2/><W103/><G121/><T47/><D71/><U88/><E125/><V133/><F38/><W67/><G36/><T39/><D35/><U64/><E37/><V60/><F123/><W27/><G119/><T19/><D33/><U25/><E25/><V83/><F114/><N who="1" m="43529" /><E64/><V54/><F60/><W98/><G67/><T86/><D116/><U124/><E124/><V15/><F59/><W61/><G61/><T122/><D39/><U97/><E130/><V65/><F65/><W62/><G62/><T55/><D9/><N who="1" m="4279" /><E135/><N who="2" m="51723" /><F83/><W107/><G103/><T66/><D66/><U85/><E53/><V131/><F131/><W128/><G128/><T108/><D108/><U12/><E14/><V5/><F5/><W68/><G68/><T105/><D55/><U41/><E41/><V69/><F69/><W32/><REACH who="3" step="1"/><G51/><REACH who="3" ten="414,201,249,116" step="2"/><T106/><D120/><U45/><E45/><V1/><F50/><W129/><G129/><T21/><D47/><U75/><E75/><V112/><F112/><W40/><G40/><T22/><D122/><U117/><E117/><V104/><F54/><W34/><G34/><T29/><D29/><AGARI ba="1,2" hai="23,26,27,28,29,32,46,48,52,72,74,98,100,107" machi="29" ten="30,7700,0" yaku="1,1,7,1,52,1,54,1,53,0" doraHai="92" doraHaiUra="4" who="3" fromWho="0" sc="414,-80,201,0,249,0,116,100" /><INIT seed="6,0,0,0,0,16" ten="334,201,249,216" oya="2" hai0="45,61,72,25,53,69,94,126,101,98,13,63,80" hai1="91,113,123,59,28,40,104,39,55,82,31,122,74" hai2="92,30,114,125,121,115,60,58,38,103,56,85,112" hai3="70,4,110,105,119,49,34,6,88,124,84,57,44"/><V66/><F121/><N who="1" m="46089" /><E104/><V11/><F125/><W71/><G119/><T87/><D69/><U100/><E100/><V90/><F38/><W43/><G110/><T106/><D72/><U14/><E113/><V24/><F11/><W41/><G124/><T99/><D25/><U111/><E111/><V68/><REACH who="2" step="1"/><F103/><REACH who="2" ten="334,201,239,216" step="2"/><W64/><G4/><T51/><D126/><U135/><E39/><V75/><F75/><W22/><G6/><T130/><D130/><U107/><E74/><V42/><F42/><W117/><G43/><T47/><D101/><U73/><E40/><V46/><F46/><W17/><G44/><T18/><D47/><U133/><E73/><V5/><F5/><W83/><G41/><T134/><D45/><U79/><E133/><V23/><AGARI ba="0,1" hai="23,24,30,56,58,60,66,68,85,90,92,112,114,115" machi="23" ten="30,12000,1" yaku="1,1,0,1,15,1,52,1,53,1" doraHai="16" doraHaiUra="86" who="2" fromWho="2" sc="334,-40,201,-40,239,130,216,-40" /><INIT seed="6,1,0,2,3,98" ten="294,161,369,176" oya="2" hai0="59,127,76,12,67,75,5,97,89,77,125,44,102" hai1="80,116,9,126,83,69,60,0,119,132,109,128,117" hai2="62,40,38,4,56,101,65,24,13,123,18,19,135" hai3="120,66,79,31,82,6,118,99,3,104,25,10,113"/><V46/><F123/><W2/><G120/><T131/><D89/><U49/><E109/><V50/><F135/><W55/><G118/><T28/><D44/><U130/><E126/><N who="0" m="48137" /><D28/><U84/><E132/><V17/><F101/><W39/><G39/><T73/><D12/><U52/><E9/><N who="2" m="4263" /><F38/><W103/><G113/><T37/><D5/><U43/><E43/><V23/><AGARI ba="1,0" hai="17,18,19,23,24,40,46,50,56,62,65" m="4263" machi="23" ten="30,1500,0" yaku="8,1" doraHai="98" who="2" fromWho="2" sc="294,-6,161,-6,369,18,176,-6" /><INIT seed="6,2,0,3,5,97" ten="288,155,387,170" oya="2" hai0="94,6,18,22,3,17,129,50,120,88,23,81,39" hai1="70,41,59,111,80,15,66,127,25,103,132,112,90" hai2="115,27,62,19,74,49,54,107,110,46,2,106,109" hai3="55,116,8,121,73,0,38,101,31,64,79,9,57"/><V128/><F74/><W134/><G116/><T72/><D39/><U13/><E70/><V75/><F75/><W131/><G121/><T77/><D120/><U11/><E111/><V1/><F115/><W44/><G0/><T4/><D3/><U130/><E112/><V89/><F128/><W98/><G131/><T47/><D23/><U105/><E130/><V71/><F89/><W82/><G134/><T30/><D30/><U96/><E132/><V51/><F62/><W83/><G64/><T40/><D129/><U133/><E133/><V33/><F71/><W76/><G31/><T14/><REACH who="0" step="1"/><D18/><REACH who="0" ten="278,155,387,170" step="2"/><U117/><E117/><V37/><F37/><W113/><G38/><T12/><D12/><U20/><E13/><V21/><F33/><W108/><G113/><T122/><D122/><U104/><E20/><V95/><F2/><W16/><G16/><T86/><AGARI ba="2,1" hai="4,6,14,17,22,40,47,50,72,77,81,86,88,94" machi="86" ten="20,5200,0" yaku="1,1,0,1,7,1,54,1,53,0" doraHai="97" doraHaiUra="26" who="0" fromWho="0" sc="278,68,155,-15,387,-28,170,-15" /><INIT seed="7,0,0,0,4,63" ten="346,140,359,155" oya="3" hai0="4,60,45,97,3,16,29,0,54,28,125,13,35" hai1="6,120,101,19,67,10,48,62,50,5,110,99,123" hai2="64,74,80,113,38,42,105,24,81,70,49,83,18" hai3="93,34,15,61,69,66,106,23,119,122,132,84,44"/><W86/><G119/><T104/><D35/><U27/><E110/><V8/><F105/><W2/><G2/><T115/><D3/><U7/><E123/><V22/><F38/><W77/><G122/><T46/><D4/><U31/><E120/><V55/><F74/><W51/><G106/><T103/><D0/><U94/><E19/><V26/><F70/><W40/><G34/><T100/><D115/><U135/><E135/><V90/><F64/><W89/><G132/><T71/><D71/><U85/><E85/><N who="2" m="50471" /><F42/><W128/><G128/><T11/><D125/><U127/><E127/><V134/><F113/><W75/><G75/><T20/><D103/><U68/><REACH who="1" step="1"/><E10/><REACH who="1" ten="346,130,359,155" step="2"/><V129/><F8/><W98/><REACH who="3" step="1"/><G77/><REACH who="3" ten="346,130,359,145" step="2"/><T108/><D104/><U47/><E47/><N who="2" m="28095" /><F134/><W58/><G58/><N who="0" m="34903" /><D108/><U112/><E112/><V126/><F126/><W52/><G52/><T116/><D116/><U91/><E91/><V73/><F129/><W133/><G133/><T53/><D53/><U30/><E30/><N who="2" m="17687" /><F73/><W57/><G57/><T33/><D45/><U41/><E41/><V32/><F32/><AGARI ba="0,2" hai="5,6,7,27,31,32,48,50,62,67,68,94,99,101" machi="32" ten="40,2600,0" yaku="1,1,52,1,53,0" doraHai="63" doraHaiUra="114" who="1" fromWho="2" sc="346,0,130,46,359,-26,145,0" owari="346,44.0,176,-22.0,333,13.0,145,-35.0" /></mjloggm>