<mjloggm ver="2.3"><GO type="169" lobby="0"/><UN n0="%E4%BB%8A%E5%A4%9C%E3%81%AF%E5%BD%B9%E7%89%8C%E3%83%90%E3%83%83%E3%82%AF" n1="%E5%AD%A3%E9%81%95%E3%81%84%E4%BF%B3%E4%BA%BA" n2="%E3%82%A6%E3%83%AB%E3%83%88%E3%83%A9%E7%AB%8B%E7%9B%B4" n3="%E3%81%A0%E3%81%90%E3%81%A9" dan="16,18,17,16" rate="2104.28,2154.64,2205.63,2098.76" sx="M,M,M,M"/><TAIKYOKU oya="0"/><INIT seed="0,0,0,3,0,48" ten="250,250,250,250" oya="0" hai0="75,74,41,60,23,53,132,105,5,63,82,73,65" hai1="99,0,128,37,21,43,115,72,91,108,90,26,120" hai2="4,17,103,69,13,130,15,32,96,42,54,64,93" hai3="79,14,36,67,104,111,57,92,131,78,110,44,116"/><T114/><D114/><U89/><E120/><V25/><F130/><W24/><G104/><T113/><D113/><U46/><E128/><V124/><F124/><W8/><G131/><T62/><D105/><U109/><E115/><V68/><F42/><W58/><G116/><T40/><D132/><U30/><E0/><V123/><F123/><W9/><G24/><T106/><D106/><U18/><E72/><V87/><F4/><W94/><G14/><T51/><D5/><U34/><REACH who="1" step="1"/><E99/><REACH who="1" ten="250,240,250,250" step="2"/><V55/><F96/><W10/><G111/><T98/><D98/><U125/><E125/><V22/><F87/><W85/><G110/><T3/><D3/><U61/><E61/><V20/><F103/><W28/><G85/><T97/><D97/><U100/><E100/><V83/><F83/><W118/><G118/><T6/><D82/><U119/><E119/><V27/><F93/><W2/><G2/><T59/><D65/><U126/><E126/><V76/><F64/><W45/><G67/><T95/><D95/><U133/><E133/><V71/><F76/><W129/><G129/><T127/><D127/><U56/><E56/><V16/><REACH who="2" step="1"/><F68/><REACH who="2" ten="250,240,240,250" step="2"/><W80/><G80/><T38/><D74/><U29/><E29/><V66/><F66/><W19/><G28/><T88/><D73/><U117/><E117/><V47/><F47/><W11/><G92/><T102/><D75/><U33/><E33/><AGARI ba="0,2" hai="13,15,16,17,20,22,25,27,32,33,54,55,69,71" machi="33" ten="25,12000,2" yaku="1,1,22,2,52,2,54,1,53,0" doraHai="48" doraHaiUra="122" who="2" fromWho="1" sc="250,0,240,-120,240,140,250,0" /><INIT seed="1,0,0,1,4,14" ten="250,120,380,250" oya="1" hai0="66,11,95,108,58,121,40,53,42,15,32,133,107" hai1="112,3,89,50,74,25,117,64,93,82,99,41,104" hai2="94,56,92,46,125,124,120,103,5,63,45,128,36" hai3="7,88,78,132,67,131,80,33,61,55,122,68,29"/><U77/><E117/><V62/><F120/><W22/><G122/><T83/><D121/><U17/><E112/><V127/><F128/><W35/><G7/><T84/><D107/><U90/><E3/><V115/><F115/><W130/><G132/><T39/><D133/><U65/><E104/><V91/><F36/><W30/><G55/><T0/><D39/><U26/><E89/><V57/><F5/><W60/><G60/><N who="2" m="23081" /><F103/><W109/><G109/><T51/><D66/><U48/><E26/><V4/><F4/><W72/><G88/><T10/><D0/><U59/><E50/><V105/><F105/><W118/><G118/><T1/><D1/><U23/><REACH who="1" step="1"/><E59/><REACH who="1" ten="250,110,380,250" step="2"/><N who="2" m="22603" /><F91/><W134/><G134/><T16/><D108/><U100/><E100/><V13/><F13/><W8/><G131/><T18/><D95/><AGARI ba="0,1" hai="45,46,92,94,95,124,125,127" m="22603,23081" machi="95" ten="40,5200,0" yaku="28,2,18,1" doraHai="14" who="2" fromWho="0" sc="250,-52,110,0,380,62,250,0" /><INIT seed="2,0,0,5,2,20" ten="198,110,442,250" oya="2" hai0="74,7,52,101,10,63,44,37,9,13,110,65,72" hai1="132,24,26,99,3,6,61,53,78,73,60,25,68" hai2="100,134,123,54,66,40,32,122,127,46,28,106,111" hai3="133,115,17,15,51,23,90,34,57,107,88,129,41"/><V125/><F100/><W5/><G34/><T126/><D126/><U55/><E132/><V2/><F106/><W93/><G107/><T92/><D110/><U42/><E42/><V131/><F2/><W43/><G133/><T35/><D35/><U59/><E68/><V86/><F86/><W109/><G109/><T33/><D33/><U114/><E114/><V58/><F134/><W4/><G129/><T38/><D74/><U29/><E99/><V71/><F111/><W16/><G115/><T95/><D72/><U102/><E102/><V75/><F75/><W96/><G90/><T64/><D101/><U83/><E29/><V47/><F28/><W50/><G50/><N who="0" m="28743" /><D38/><U116/><E116/><V121/><F32/><W112/><G112/><T89/><D37/><U104/><E104/><V108/><F108/><W30/><G30/><T81/><D10/><U117/><E117/><V94/><F40/><N who="3" m="15435" /><G51/><T27/><D27/><U31/><E31/><V98/><F127/><W19/><G57/><N who="0" m="36975" /><D65/><U12/><E3/><V82/><F125/><W113/><G113/><T80/><D95/><U119/><E119/><V87/><F66/><W14/><G17/><T85/><AGARI ba="0,0" hai="7,9,13,80,81,85,89,92" m="36975,28743" machi="85" ten="30,2000,0" yaku="8,1,54,1" doraHai="20" who="0" fromWho="0" sc="198,20,110,-5,442,-10,250,-5" /><INIT seed="3,0,0,5,4,120" ten="218,105,432,245" oya="3" hai0="16,4,38,121,71,124,92,118,23,28,135,114,81" hai1="122,93,8,9,36,129,94,14,44,123,101,21,87" hai2="96,105,6,1,62,69,80,103,113,75,5,130,131" hai3="68,91,65,40,84,99,73,97,100,25,70,18,132"/><W82/><G132/><T17/><D38/><U39/><E129/><N who="2" m="49163" /><F1/><W111/><G40/><T30/><D71/><U47/><E21/><V0/><F0/><W54/><G73/><T52/><D121/><U78/><E87/><V43/><F43/><W95/><G54/><T98/><D135/><U42/><E14/><V74/><F113/><W29/><G18/><T125/><D118/><U32/><E42/><V34/><F34/><W48/><G48/><T104/><D104/><U112/><E78/><N who="2" m="44119" /><F75/><W59/><G99/><T15/><D4/><U49/><E49/><V86/><F86/><W128/><G128/><T45/><D114/><U55/><E112/><V53/><F53/><W46/><G46/><T58/><D45/><U37/><E37/><V102/><F102/><W26/><G70/><T41/><D41/><U89/><E55/><V7/><F7/><W117/><G68/><T57/><D57/><U22/><E101/><V126/><F126/><W115/><G115/><T61/><D17/><U77/><E77/><V83/><F83/><W35/><G117/><T109/><D81/><U2/><E2/><V20/><F20/><W11/><G11/><T51/><D51/><U85/><E22/><V56/><F56/><W31/><G59/><T13/><D125/><U66/><E85/><V10/><F10/><W24/><G65/><AGARI ba="0,0" hai="5,6,62,65,69,96,103,105" m="44119,49163" machi="65" ten="30,1000,0" yaku="19,1" doraHai="120" who="2" fromWho="3" sc="218,0,105,0,432,10,245,-10" /><INIT seed="4,0,0,1,0,107" ten="218,105,442,235" oya="0" hai0="41,84,87,118,63,129,66,123,34,97,35,49,15" hai1="89,10,72,31,119,92,115,25,9,48,42,20,128" hai2="114,53,70,61,46,126,135,76,8,121,95,29,85" hai3="86,134,90,67,55,120,104,28,40,45,17,59,106"/><T113/><D123/><U0/><E119/><V1/><F29/><W50/><G134/><T69/><D118/><U58/><E128/><V36/><F1/><W14/><G28/><T3/><D3/><U101/><E115/><V56/><F8/><W52/><G67/><T133/><D87/><U122/><E122/><V26/><F26/><W74/><G74/><T102/><D113/><U78/><E101/><V80/><F95/><W98/><G98/><T21/><D133/><U131/><E131/><V91/><F135/><W44/><G120/><T27/><D15/><U99/><E0/><V96/><F96/><W108/><G108/><T111/><D111/><U77/><E72/><V23/><F23/><W103/><G103/><T37/><D37/><U33/><E33/><V16/><F16/><W109/><G45/><T7/><D7/><U43/><E9/><V39/><F39/><W79/><G79/><N who="1" m="30218" /><E10/><V65/><F114/><W54/><G59/><T32/><D84/><U11/><E11/><V5/><F5/><W12/><G109/><T22/><D27/><U38/><E38/><V75/><F121/><W105/><REACH who="3" step="1"/><G17/><REACH who="3" ten="218,105,442,225" step="2"/><T62/><D129/><U127/><E58/><V110/><F110/><W13/><G13/><T94/><D34/><U2/><E2/><V24/><F75/><W82/><AGARI ba="0,1" hai="12,14,40,44,50,52,54,55,82,86,90,104,105,106" machi="82" ten="40,5200,0" yaku="1,1,0,1,54,1,53,0" doraHai="107" doraHaiUra="125" who="3" fromWho="3" sc="218,-26,105,-13,442,-13,225,62" /><INIT seed="5,0,0,2,3,95" ten="192,92,429,287" oya="1" hai0="85,130,55,9,6,3,127,115,19,124,71,70,107" hai1="109,32,56,67,102,110,103,20,24,34,60,21,30" hai2="108,117,125,118,10,113,104,43,132,122,37,4,54" hai3="84,75,128,100,86,62,0,74,105,87,73,23,12"/><U7/><E7/><V16/><F43/><W79/><G0/><T131/><D85/><N who="3" m="32873" /><G12/><T22/><D107/><U49/><E49/><V68/><F54/><W119/><G23/><T53/><D53/><U82/><E82/><V13/><F16/><W17/><G17/><T111/><D55/><U42/><E42/><V133/><F13/><W135/><G62/><T51/><D51/><U101/><REACH who="1" step="1"/><E20/><REACH who="1" ten="192,82,429,287" step="2"/><V48/><F48/><W58/><G79/><T52/><D22/><U91/><E91/><V35/><F4/><W33/><G33/><AGARI ba="0,1" hai="21,24,30,32,33,34,56,60,67,101,102,103,109,110" machi="33" ten="40,2000,0" yaku="1,1,53,0" doraHai="95" doraHaiUra="40" who="1" fromWho="3" sc="192,0,82,30,429,0,287,-20" /><INIT seed="5,1,0,0,5,106" ten="192,112,429,267" oya="1" hai0="10,117,61,103,78,114,31,27,100,30,86,52,88" hai1="20,119,36,0,19,62,96,33,97,111,69,85,37" hai2="107,73,56,29,130,121,84,83,128,51,34,49,59" hai3="22,32,48,50,99,102,58,39,40,135,21,74,26"/><U3/><E119/><V7/><F107/><W105/><G135/><T98/><D117/><U91/><E33/><V11/><F73/><W93/><G74/><T120/><D114/><U72/><E72/><V6/><F121/><W17/><G32/><T123/><D78/><U55/><E111/><V47/><F29/><W25/><G39/><T82/><D10/><U67/><E36/><V92/><F92/><W53/><G105/><T75/><D75/><U127/><E37/><V13/><F7/><W54/><G40/><T113/><D113/><U132/><E132/><V23/><F23/><W4/><G4/><T71/><D71/><U43/><E43/><N who="2" m="24831" /><F34/><W116/><G116/><T42/><D42/><U15/><E127/><V14/><F14/><N who="3" m="9399" /><G22/><T57/><D31/><U65/><E65/><V60/><F51/><W101/><G101/><T41/><D41/><U129/><E129/><N who="2" m="49771" /><F60/><W109/><G109/><T28/><D28/><U66/><E66/><V108/><F108/><W46/><AGARI ba="1,0" hai="25,26,46,48,50,53,54,58,93,99,102" m="9399" machi="46" ten="30,1100,0" yaku="8,1" doraHai="106" who="3" fromWho="3" sc="192,-4,112,-6,429,-4,267,14" /><INIT seed="6,0,0,3,3,91" ten="188,106,425,281" oya="2" hai0="4,13,130,111,16,43,81,108,75,119,65,59,124" hai1="78,63,53,36,90,57,33,29,107,96,121,128,2" hai2="106,27,17,71,125,21,22,10,19,38,67,69,60" hai3="82,5,101,97,35,47,62,98,114,113,54,31,15"/><V115/><F38/><W104/><G35/><T48/><D124/><U135/><E36/><V58/><F106/><W34/><G34/><T76/><D130/><U7/><E128/><V68/><F125/><W131/><G31/><T51/><D119/><U99/><E135/><V64/><F10/><N who="3" m="4559" /><G82/><T95/><D4/><U85/><E121/><V39/><F39/><W18/><G131/><T122/><D122/><U56/><E78/><V86/><F86/><W102/><G18/><T84/><D65/><U103/><E99/><V120/><F120/><W42/><G54/><N who="0" m="32199" /><D51/><U129/><E129/><V41/><F41/><W80/><G80/><T55/><D55/><U87/><E7/><V132/><F132/><W118/><G62/><T9/><D43/><U109/><E2/><V105/><F105/><W0/><G0/><T11/><D108/><U46/><E109/><V24/><F67/><W89/><G89/><N who="0" m="53671" /><D111/><U133/><E133/><V100/><F100/><N who="3" m="38507" /><G104/><T72/><D72/><U20/><E33/><V66/><F66/><W37/><G118/><T123/><D123/><U3/><E3/><V23/><F69/><W116/><G116/><T127/><D127/><U79/><E103/><V12/><F68/><W112/><AGARI ba="0,0" hai="37,42,47,97,98,112,113,114" m="38507,4559" machi="112" ten="40,2700,0" yaku="15,1,11,1" doraHai="91" who="3" fromWho="3" sc="188,-7,106,-7,425,-13,281,27" /><INIT seed="7,0,0,3,4,134" ten="181,99,412,308" oya="3" hai0="16,108,31,67,131,45,85,26,77,114,126,109,118" hai1="4,73,59,2,58,24,111,27,29,10,120,1,25" hai2="56,104,122,49,5,11,53,55,30,74,44,117,127" hai3="92,32,110,79,37,128,81,68,106,116,69,15,97"/><W99/><G116/><T35/><D67/><U129/><E73/><V91/><F104/><W6/><G37/><T46/><D118/><U87/><E120/><V101/><F127/><W33/><G106/><T54/><D54/><U12/><E111/><V14/><F74/><W42/><G42/><T95/><D95/><U93/><E93/><V105/><F117/><W18/><G6/><T23/><D85/><U48/><E87/><V52/><F122/><W62/><G128/><T61/><D61/><U84/><E84/><V57/><F101/><W96/><G110/><T39/><D77/><U115/><E48/><N who="2" m="28679" /><F105/><W71/><G62/><T107/><D107/><U133/><E133/><V21/><F91/><W103/><G81/><T82/><D82/><U125/><E129/><V89/><F89/><W124/><G79/><T102/><D23/><U72/><E72/><V119/><F119/><W65/><G65/><T132/><D26/><N who="1" m="10347" /><E58/><N who="2" m="22635" /><F49/><W0/><G92/><T60/><D31/><U94/><E94/><V47/><F47/><W50/><G50/><T28/><D39/><U17/><E59/><V78/><F78/><W3/><G103/><T13/><D102/><U36/><E36/><V51/><F51/><W100/><G100/><T9/><D132/><U22/><E115/><V86/><F86/><W80/><G80/><T41/><D131/><U66/><E66/><V75/><F75/><W7/><G99/><T19/><D114/><U40/><E40/><V76/><F76/><W88/><G97/><T112/><D109/><U83/><E83/><V123/><F123/><W34/><G96/><RYUUKYOKU ba="0,0" sc="181,-10,99,-10,412,30,308,-10" hai2="5,11,14,21,30,53,55" owari="171,-23.0,89,-41.0,442,54.0,298,10.0" /></mjloggm>