<mjloggm ver="2.3"><GO type="169" lobby="0"/><UN n0="%E3%81%82%E3%81%B2%E3%82%8B%E3%81%95%E3%82%93" n1="%E3%83%88%E3%83%88%E3%83%AA%E5%85%88%E7%94%9F%31%39%E6%AD%B3" n2="%74%75%75%6B%61%69%33" n3="%E3%83%90%E3%82%B9%E3%82%BF%E3%83%BC%E5%90%9B" dan="16,17,17,16" rate="2073.97,2242.97,2183.10,2154.26" sx="M,F,M,M"/><TAIKYOKU oya="0"/><INIT seed="0,0,0,4,1,102" ten="250,250,250,250" oya="0" hai0="89,126,19,44,104,101,48,73,81,33,132,23,103" hai1="83,10,53,51,111,129,133,50,60,84,30,15,31" hai2="3,106,79,97,2,120,85,80,43,87,64,128,78" hai3="122,98,68,75,117,71,6,130,11,105,61,32,112"/><T36/><D33/><U45/><E111/><V39/><F120/><W88/><G75/><T57/><D36/><U125/><E129/><V1/><F128/><W135/><G130/><T20/><D132/><U127/><E133/><V119/><F64/><W116/><G135/><T70/><D70/><U42/><E60/><V113/><F113/><W82/><G112/><T107/><D57/><U37/><E37/><V41/><F119/><W72/><G32/><T74/><D81/><U91/><E127/><V55/><F55/><W56/><G122/><T63/><D63/><U134/><E134/><V17/><F17/><W114/><G114/><T27/><D89/><U22/><E22/><V76/><F39/><W109/><G109/><T40/><D126/><U86/><E86/><V7/><F7/><W4/><G4/><T24/><D19/><N who="1" m="8695" /><E125/><V26/><F26/><W25/><G25/><T65/><D65/><U110/><E110/><V21/><F21/><W96/><G72/><T67/><D67/><U66/><E66/><V13/><F13/><W28/><G68/><T124/><D124/><U108/><E108/><V59/><F59/><AGARI ba="0,0" hai="30,31,42,45,50,51,53,59,83,84,91" m="8695" machi="59" ten="30,1000,0" yaku="8,1" doraHai="102" who="1" fromWho="2" sc="250,0,250,10,250,-10,250,0" /><INIT seed="1,0,0,5,5,88" ten="250,260,240,250" oya="1" hai0="74,100,70,123,11,10,25,119,26,41,97,15,60" hai1="38,50,98,79,43,134,18,20,96,125,55,49,7" hai2="64,133,44,66,132,108,61,90,126,29,54,12,115" hai3="1,76,21,85,130,92,107,52,81,129,57,67,35"/><U104/><E134/><N who="2" m="51819" /><F29/><W24/><G107/><T127/><D74/><U114/><E114/><V102/><F102/><W17/><G1/><T131/><D119/><U118/><E118/><V93/><F12/><W109/><G109/><T128/><D41/><U14/><E38/><V103/><F103/><W13/><G67/><T23/><D127/><U65/><E104/><V37/><F108/><W113/><G113/><T78/><D78/><U73/><E125/><V106/><F106/><W135/><G135/><T63/><D100/><U0/><E0/><V75/><F75/><W31/><REACH who="3" step="1"/><G92/><REACH who="3" ten="250,260,240,240" step="2"/><T34/><D123/><U39/><E65/><V48/><F115/><W46/><G46/><T116/><D116/><U47/><E39/><V51/><F37/><W72/><G72/><T101/><D131/><U105/><E105/><V42/><F126/><W53/><G53/><T45/><D45/><N who="1" m="25791" /><E73/><V82/><F82/><W62/><AGARI ba="0,1" hai="13,17,21,24,31,35,52,57,62,76,81,85,129,130" machi="62" ten="30,7900,0" yaku="1,1,0,1,54,1,53,1" doraHai="88" doraHaiUra="83" who="3" fromWho="3" sc="250,-20,260,-39,240,-20,240,89" /><INIT seed="2,0,0,4,0,45" ten="230,221,220,329" oya="2" hai0="100,89,83,95,38,68,12,42,82,57,93,18,113" hai1="115,131,63,90,40,112,126,35,32,67,91,29,59" hai2="94,49,66,96,0,56,20,61,10,124,19,116,109" hai3="120,33,81,3,107,122,58,26,22,114,25,104,119"/><V14/><F116/><W106/><G3/><T69/><D113/><U135/><E131/><V80/><F124/><W37/><G37/><T1/><D1/><U7/><E126/><V21/><F0/><W16/><G119/><T27/><D100/><U130/><E130/><V47/><F80/><W76/><G114/><T48/><D38/><U55/><E7/><V51/><F109/><W132/><G132/><T54/><D42/><U97/><E135/><V86/><F86/><W13/><G58/><T74/><D95/><U125/><E125/><V41/><REACH who="2" step="1"/><F51/><REACH who="2" ten="230,221,210,329" step="2"/><W121/><REACH who="3" step="1"/><G33/><REACH who="3" ten="230,221,210,319" step="2"/><T77/><D48/><U102/><E35/><V17/><F17/><W101/><G101/><AGARI ba="0,2" hai="10,14,19,20,21,41,47,49,56,61,66,94,96,101" machi="101" ten="30,12000,1" yaku="1,1,7,1,8,1,52,1,53,1" doraHai="45" doraHaiUra="6" who="2" fromWho="3" sc="230,0,221,0,210,140,319,-120" /><INIT seed="2,1,0,3,0,118" ten="230,221,350,199" oya="2" hai0="115,95,26,10,112,32,93,25,111,9,106,129,34" hai1="1,66,74,21,85,92,105,24,8,75,71,78,124" hai2="90,89,86,98,22,58,20,109,49,59,30,126,6" hai3="100,5,69,44,63,13,128,70,110,83,91,53,114"/><V47/><F126/><W23/><G114/><T134/><D106/><U131/><E105/><V122/><F122/><W127/><G127/><T97/><D97/><U14/><E1/><V80/><F6/><W52/><G100/><T130/><REACH who="0" step="1"/><D111/><REACH who="0" ten="220,221,350,199" step="2"/><U7/><E124/><V62/><F109/><W28/><G110/><T104/><D104/><U64/><E131/><V42/><F30/><W15/><G128/><T73/><D73/><U55/><E75/><V41/><F41/><W17/><G28/><T46/><D46/><U123/><E74/><V12/><F12/><W96/><G44/><T99/><D99/><U107/><E107/><V36/><F36/><W120/><G96/><T54/><D54/><U79/><E55/><N who="2" m="34143" /><F59/><W43/><G43/><T116/><D116/><U84/><E14/><V27/><F27/><W11/><G53/><T16/><D16/><U76/><E24/><V132/><F132/><AGARI ba="1,1" hai="9,10,25,26,32,34,93,95,112,115,129,130,132,134" machi="132" ten="25,3200,0" yaku="1,1,22,2,53,0" doraHai="118" doraHaiUra="65" who="0" fromWho="2" sc="220,45,221,0,350,-35,199,0" /><INIT seed="3,0,0,2,0,110" ten="265,221,315,199" oya="3" hai0="80,86,61,76,59,7,67,98,103,75,55,100,36" hai1="123,33,32,18,0,81,57,34,115,107,39,44,12" hai2="87,120,97,58,50,73,122,106,13,21,99,117,92" hai3="51,62,93,121,23,41,48,16,45,19,84,128,8"/><W116/><G121/><T65/><D36/><U94/><E107/><V4/><F73/><W91/><G116/><T126/><D126/><U129/><E123/><V69/><F69/><W47/><G128/><T135/><D135/><U54/><E0/><V53/><F117/><W111/><G111/><T90/><D7/><U10/><E129/><V3/><F3/><W11/><G62/><T25/><D25/><U29/><E115/><V46/><F106/><W71/><G71/><T78/><D78/><U118/><E118/><V52/><F120/><W134/><G134/><T17/><D17/><U131/><E131/><V119/><F119/><W82/><G93/><T108/><D108/><U133/><E133/><V89/><F122/><W72/><G72/><T40/><D40/><U2/><E2/><V31/><F31/><W64/><G64/><T20/><D20/><U38/><E38/><V6/><F21/><W105/><G105/><T30/><D30/><U26/><E39/><V132/><F132/><W70/><G70/><T112/><D103/><U113/><E33/><V125/><F125/><W66/><G66/><T102/><D100/><U79/><E32/><V42/><F53/><W56/><G56/><T60/><D60/><U88/><E34/><V28/><F28/><W68/><G68/><T74/><D74/><U63/><E29/><V22/><F99/><W96/><G96/><T35/><D35/><U14/><E63/><N who="2" m="36295" /><F97/><W49/><G49/><T9/><D98/><U15/><E57/><V83/><F92/><W1/><G1/><T43/><D67/><U27/><E94/><RYUUKYOKU ba="0,0" sc="265,-10,221,-10,315,30,199,-10" hai2="4,6,13,22,42,46,50,83,87,89" /><INIT seed="4,1,0,4,5,37" ten="255,211,345,189" oya="0" hai0="67,38,6,36,114,99,111,72,129,92,97,74,100" hai1="118,22,61,50,102,42,71,4,27,64,82,57,28" hai2="128,90,80,115,49,76,83,60,19,20,33,45,15" hai3="85,119,79,135,120,32,86,65,8,125,68,122,59"/><T78/><D114/><U132/><E118/><V31/><F115/><W107/><G32/><T9/><D129/><U24/><E132/><V89/><F128/><W11/><G107/><T10/><D67/><U96/><E4/><V73/><F60/><W54/><G119/><T7/><D92/><U29/><E82/><V134/><F134/><W14/><G135/><T70/><D78/><U106/><E57/><V17/><F83/><W116/><G116/><T75/><D100/><U95/><E95/><V52/><F33/><W44/><G125/><T66/><D66/><U21/><E50/><V104/><F104/><W47/><G65/><T26/><D26/><U105/><E105/><V30/><F19/><W98/><G98/><T121/><D70/><U130/><E130/><V117/><F117/><W58/><G68/><T113/><D113/><U25/><E25/><V53/><F53/><W133/><G133/><T3/><D121/><U18/><E18/><V93/><F89/><W124/><G124/><T77/><D77/><U23/><E23/><V87/><AGARI ba="1,0" hai="15,17,20,30,31,45,49,52,73,76,80,87,90,93" machi="87" ten="20,2700,0" yaku="0,1,7,1,54,1" doraHai="37" who="2" fromWho="2" sc="255,-14,211,-8,345,30,189,-8" /><INIT seed="5,0,0,4,1,32" ten="241,203,375,181" oya="1" hai0="9,29,72,52,59,101,19,63,16,69,76,90,48" hai1="108,73,121,83,127,119,131,45,99,118,14,28,93" hai2="25,134,4,44,104,54,96,34,43,79,106,117,114" hai3="125,123,89,23,37,46,109,130,50,47,68,15,129"/><U18/><E121/><V17/><F79/><W135/><G68/><T66/><D29/><U49/><E131/><N who="3" m="50186" /><G123/><T94/><D101/><U91/><E127/><V22/><F54/><W6/><G109/><T67/><D67/><U11/><E108/><V133/><F4/><W77/><G77/><T111/><D111/><U13/><E73/><V26/><F117/><W112/><G37/><T57/><D69/><U70/><E70/><V110/><F110/><W12/><G46/><T65/><D76/><U97/><E83/><V86/><F86/><W20/><G125/><T82/><D82/><U75/><E75/><V122/><F122/><W74/><G74/><T38/><D72/><U71/><E71/><V39/><F114/><W24/><G23/><T42/><D66/><U132/><E132/><N who="2" m="50795" /><F96/><W105/><G105/><T58/><D58/><U27/><E97/><V78/><F78/><W53/><G112/><T116/><D116/><U31/><E118/><V102/><F102/><W36/><G36/><T64/><D64/><U113/><E113/><V124/><F124/><W10/><G89/><T55/><D65/><U81/><E81/><V1/><F106/><W128/><G135/><T85/><REACH who="0" step="1"/><D9/><REACH who="0" ten="231,203,375,181" step="2"/><N who="1" m="6447" /><E119/><V41/><F104/><W61/><G128/><T115/><D115/><U107/><E107/><V21/><F44/><AGARI ba="0,1" hai="16,19,38,42,44,48,52,55,57,59,63,85,90,94" machi="44" ten="40,5200,0" yaku="1,1,54,2,53,0" doraHai="32" doraHaiUra="0" who="0" fromWho="2" sc="231,62,203,0,375,-52,181,0" /><INIT seed="6,0,0,2,3,24" ten="293,203,323,181" oya="2" hai0="34,50,88,23,38,26,81,77,8,85,73,64,127" hai1="71,72,42,134,32,101,7,56,22,124,13,53,98" hai2="79,6,0,59,103,100,75,107,45,109,70,28,90" hai3="110,3,128,74,1,129,122,108,58,82,20,83,37"/><V116/><F70/><W111/><G37/><T40/><D38/><U35/><E72/><V18/><F116/><W92/><G122/><T61/><D34/><U121/><E71/><V51/><F109/><W5/><G92/><T49/><D8/><U135/><E121/><V120/><F120/><W67/><G20/><T105/><D105/><U130/><E42/><V12/><F75/><W123/><G123/><T25/><D127/><U62/><E124/><V117/><F117/><W54/><G67/><T33/><D40/><U48/><E130/><N who="3" m="50282" /><G74/><T80/><D26/><U126/><E126/><V115/><F115/><W60/><G5/><T102/><D102/><U65/><E35/><V10/><F107/><W11/><G11/><T29/><D33/><U106/><E32/><V47/><F6/><W125/><G125/><T27/><D27/><U96/><E96/><V55/><F10/><W17/><G17/><T4/><D4/><U63/><E7/><V112/><F18/><W91/><G91/><T57/><AGARI ba="0,0" hai="23,25,29,49,50,57,61,64,73,77,80,81,85,88" machi="57" ten="20,5200,0" yaku="0,1,7,1,52,1,54,1" doraHai="24" who="0" fromWho="0" sc="293,52,203,-13,323,-26,181,-13" /><INIT seed="7,0,0,3,2,17" ten="345,190,297,168" oya="3" hai0="44,80,43,120,67,127,6,24,16,47,54,37,121" hai1="112,34,52,13,93,39,133,7,84,9,91,86,89" hai2="99,19,100,45,3,18,72,62,28,97,27,61,31" hai3="118,69,87,103,0,135,42,25,129,102,26,38,1"/><W58/><G69/><T71/><D127/><U8/><E39/><V122/><F72/><W119/><G135/><T101/><D6/><U78/><E34/><V68/><F3/><W117/><G129/><T29/><D101/><U96/><E133/><V65/><F61/><W4/><G58/><T107/><D107/><U85/><E112/><V105/><F97/><W51/><G38/><T70/><D16/><U110/><E110/><V90/><F31/><W124/><G124/><T64/><D80/><U5/><E52/><V106/><F106/><W2/><G4/><T82/><D82/><U88/><REACH who="1" step="1"/><E78/><REACH who="1" ten="345,180,297,168" step="2"/><V32/><F122/><W11/><G11/><T23/><D120/><U128/><E128/><V123/><F123/><W22/><G26/><T10/><D10/><U132/><E132/><V77/><F77/><W57/><G87/><T15/><D121/><U36/><E36/><V114/><F114/><W76/><G76/><T130/><D130/><U46/><E46/><V35/><F32/><W92/><G92/><T125/><D125/><U81/><E81/><V73/><F45/><N who="3" m="26039" /><G57/><T134/><D134/><U14/><AGARI ba="0,1" hai="5,7,8,9,13,14,84,85,86,88,89,91,93,96" machi="14" ten="30,8000,1" yaku="1,1,0,1,9,1,8,1,54,1,53,0" doraHai="17" doraHaiUra="74" who="1" fromWho="1" sc="345,-20,180,90,297,-20,168,-40" owari="325,42.0,270,-13.0,277,8.0,128,-37.0" /></mjloggm>