<mjloggm ver="2.3"><GO type="97" lobby="0"/><UN n0="%E5%B0%B1%E6%B4%BB%E7%94%9F%40%E5%B7%9D%E6%9D%91%E8%BB%8D%E5%9B%A3" n1="%E6%A3%AE%E9%87%8E" n2="%E3%83%AD%E3%83%9C%E3%82%B3%E3%83%97" n3="%E3%81%84%E3%81%8B%E3%81%8F%E3%82%93" dan="15,15,15,15" rate="1962.41,1984.56,1941.46,1943.34" sx="M,M,M,M"/><TAIKYOKU oya="0"/><INIT seed="0,0,0,1,3,33" ten="250,250,250,250" oya="0" hai0="100,98,41,51,20,131,91,11,27,128,132,10,42" hai1="24,53,16,36,17,72,26,58,48,74,25,70,59" hai2="104,103,6,125,13,22,55,54,134,87,86,90,21" hai3="32,92,112,65,117,82,84,76,61,78,96,3,135"/><T127/><D132/><U80/><E36/><V50/><F134/><W45/><G117/><T94/><D127/><U120/><E120/><V12/><F125/><W66/><G112/><T46/><D42/><U88/><E70/><V129/><F129/><N who="0" m="49738" /><D100/><U97/><E74/><V0/><F0/><W18/><G135/><T4/><D4/><U108/><E108/><V2/><F2/><W109/><G3/><T111/><D111/><U133/><E133/><V9/><F104/><W7/><G7/><T83/><D83/><U126/><E72/><V30/><F103/><W1/><G1/><T23/><D23/><N who="2" m="8714" /><F30/><AGARI ba="0,0" hai="10,11,20,27,30,41,46,51,91,94,98" m="49738" machi="30" ten="30,1500,0" yaku="19,1" doraHai="33" who="0" fromWho="2" sc="250,15,250,0,250,-15,250,0" /><INIT seed="0,1,0,0,0,74" ten="265,250,235,250" oya="0" hai0="7,127,37,115,10,14,25,4,92,72,114,56,108" hai1="96,20,17,44,97,118,54,8,122,76,91,99,105" hai2="26,45,66,2,0,13,51,134,6,78,42,90,130" hai3="5,34,101,80,71,135,32,31,52,15,23,131,109"/><T117/><D72/><U16/><E118/><V3/><F134/><W110/><G131/><T70/><D70/><U55/><E122/><V116/><F116/><W82/><G135/><T126/><D37/><U11/><E105/><V49/><F130/><W98/><G71/><T84/><D56/><U22/><E91/><V41/><F66/><W113/><G113/><N who="0" m="43019" /><D92/><U24/><E76/><V104/><F104/><W94/><G82/><T95/><D95/><U28/><E28/><V125/><F125/><N who="0" m="47626" /><D84/><U121/><E121/><V43/><F78/><W18/><G80/><T67/><D67/><U102/><E102/><V77/><F77/><W88/><G101/><T47/><D47/><U75/><E75/><V9/><F90/><W12/><G52/><N who="1" m="20010" /><E44/><V85/><F85/><W27/><G109/><T58/><D58/><U19/><E24/><V30/><REACH who="2" step="1"/><F45/><REACH who="2" ten="265,250,225,250" step="2"/><W1/><G110/><T81/><D81/><U39/><E39/><V33/><AGARI ba="1,1" hai="0,2,3,6,9,13,26,30,33,41,42,43,49,51" machi="33" ten="40,5200,0" yaku="1,1,2,1,0,1,53,0" doraHai="74" doraHaiUra="112" who="2" fromWho="2" sc="265,-27,250,-14,225,65,250,-14" /><INIT seed="1,0,0,2,1,65" ten="238,236,290,236" oya="1" hai0="67,43,78,19,86,51,66,94,3,32,121,26,31" hai1="46,97,38,9,115,83,112,100,135,58,52,128,54" hai2="20,11,28,101,71,48,42,99,68,119,45,105,70" hai3="69,75,10,125,91,47,17,84,130,80,18,108,5"/><U102/><E128/><V124/><F119/><W132/><G130/><T53/><D121/><U117/><E117/><V64/><F124/><W103/><G132/><T106/><D106/><U110/><E102/><V40/><F64/><W30/><G125/><T60/><D3/><U129/><E129/><V8/><REACH who="2" step="1"/><F42/><REACH who="2" ten="238,236,280,236" step="2"/><W90/><G108/><T96/><D43/><U109/><E135/><V13/><F13/><W89/><G80/><T39/><D66/><U22/><E83/><V77/><F77/><W92/><G75/><T118/><D118/><U41/><E115/><V107/><F107/><W12/><G92/><T0/><D0/><U24/><E112/><V6/><F6/><W25/><G5/><T44/><D78/><U127/><E127/><V87/><F87/><W73/><G84/><T35/><D86/><U2/><E110/><V4/><F4/><W34/><G73/><T62/><D94/><U21/><E109/><V82/><F82/><W93/><G93/><T14/><D96/><U33/><E54/><V76/><F76/><W98/><G98/><T61/><D67/><U29/><E97/><V123/><F123/><W113/><G113/><T55/><D55/><U104/><E100/><V85/><F85/><W133/><G103/><T116/><D116/><U88/><E88/><V126/><F126/><W120/><G133/><T37/><D35/><U1/><E104/><V50/><F50/><W59/><G120/><T79/><D79/><U95/><E95/><V15/><F15/><W7/><G12/><T56/><D44/><U23/><E1/><V36/><F36/><RYUUKYOKU ba="0,1" sc="238,15,236,-15,280,15,236,-15" hai0="14,19,26,31,32,37,39,51,53,56,60,61,62" hai2="8,11,20,28,40,45,48,68,70,71,99,101,105" /><INIT seed="2,1,1,3,2,68" ten="253,221,295,221" oya="2" hai0="46,119,3,25,66,17,45,62,65,100,14,75,72" hai1="33,74,89,126,106,28,112,40,97,82,38,24,27" hai2="6,48,83,31,19,35,8,47,34,134,123,2,18" hai3="90,99,98,79,58,50,127,60,69,129,52,131,13"/><V109/><F123/><W26/><G127/><T81/><D3/><U101/><E24/><V104/><F104/><W93/><G79/><T15/><D119/><U78/><E126/><V67/><F67/><W86/><G13/><T23/><D100/><U95/><E112/><V120/><F120/><W77/><G77/><T70/><D66/><U114/><E114/><V121/><F121/><W53/><G69/><T57/><D70/><U56/><E56/><V124/><F124/><W11/><G11/><T42/><D46/><U10/><E10/><V29/><F109/><W113/><G113/><T44/><D44/><U88/><E40/><V107/><F107/><W61/><G26/><T87/><D72/><U110/><E110/><V135/><F83/><W20/><G20/><T92/><D92/><U51/><E51/><V63/><F63/><N who="3" m="24139" /><G53/><T30/><D75/><U125/><E125/><V39/><F39/><W80/><G80/><T116/><D116/><U0/><E0/><V41/><F34/><W108/><G108/><T1/><D1/><U133/><E133/><N who="2" m="50699" /><F35/><W21/><G21/><T16/><D14/><U64/><E64/><V71/><F71/><W7/><G7/><T37/><D15/><U4/><E4/><V36/><F36/><W73/><G73/><T5/><D5/><U132/><E132/><V85/><F6/><W55/><G55/><T91/><AGARI ba="1,1" hai="16,17,23,25,30,37,42,45,57,62,65,81,87,91" machi="91" ten="20,5200,0" yaku="0,1,7,1,52,1,54,1" doraHai="68" who="0" fromWho="0" sc="253,65,221,-14,295,-27,221,-14" /><INIT seed="3,0,0,1,1,86" ten="318,207,268,207" oya="3" hai0="42,96,115,116,26,121,51,125,57,113,103,110,80" hai1="93,132,122,69,18,53,6,63,55,66,74,95,130" hai2="85,105,10,119,117,124,94,41,49,88,131,36,90" hai3="35,83,34,47,33,52,89,123,102,48,7,71,17"/><W79/><G123/><T24/><D116/><U12/><E74/><V32/><F32/><W64/><G102/><T44/><D121/><U43/><E6/><V25/><F36/><W56/><G71/><T77/><D110/><U23/><E122/><V126/><F105/><W38/><G7/><T54/><D125/><N who="2" m="48234" /><F131/><W127/><G127/><T134/><D134/><U98/><E95/><N who="2" m="54671" /><F10/><W11/><G79/><T104/><D80/><U0/><E0/><V39/><F39/><W16/><G11/><T14/><D14/><U129/><E43/><V3/><F3/><W70/><G70/><T37/><D77/><U8/><E132/><V87/><F25/><W91/><G91/><T60/><D37/><U29/><E29/><V68/><F68/><W97/><G97/><T30/><D30/><U27/><E130/><V59/><F59/><W1/><G1/><T92/><D104/><U13/><E13/><V76/><F76/><W135/><G135/><T61/><D61/><U62/><E62/><V99/><F99/><W20/><G20/><T46/><D46/><AGARI ba="0,0" hai="41,46,49,87,90,94,117,119" m="54671,48234" machi="46" ten="30,7700,0" yaku="18,1,52,2,54,1" doraHai="86" who="2" fromWho="0" sc="318,-77,207,0,268,77,207,0" owari="241,4.0,207,-19.0,345,44.0,207,-29.0" /></mjloggm>