<mjloggm ver="2.3"><GO type="97" lobby="0"/><UN n0="%E5%B0%B1%E6%B4%BB%E7%94%9F%40%E5%B7%9D%E6%9D%91%E8%BB%8D%E5%9B%A3" n1="%75%73%68%69%6B%6F" n2="%E3%82%AB%E3%83%81%E3%82%AB%E3%83%81%E5%90%9B" n3="%6A%6F%68%6E%6E%79%37%37" dan="15,13,13,14" rate="2071.34,1913.17,1923.46,1904.39" sx="M,M,M,M"/><TAIKYOKU oya="0"/><INIT seed="0,0,0,4,1,33" ten="250,250,250,250" oya="0" hai0="82,49,13,91,4,25,104,53,111,12,63,46,67" hai1="22,81,98,119,32,87,40,110,92,37,133,79,36" hai2="35,8,44,42,134,131,99,38,71,85,72,23,94" hai3="61,127,27,128,125,76,124,100,84,97,45,20,15"/><T48/><D104/><U66/><E119/><V19/><F72/><W21/><G45/><T3/><D111/><U132/><E110/><V103/><F35/><W24/><G128/><T18/><D48/><U34/><E66/><V74/><F74/><W16/><G61/><T39/><D39/><U83/><E22/><V10/><F71/><W122/><G122/><T0/><D25/><U75/><E40/><V69/><F69/><W59/><G59/><T89/><D4/><U105/><E37/><V95/><F131/><W109/><G109/><T43/><D13/><U7/><E36/><V77/><F134/><N who="1" m="51817" /><E7/><V6/><F6/><W29/><G84/><N who="0" m="50327" /><D43/><U86/><E34/><V68/><F68/><W96/><G76/><T120/><D120/><U130/><E32/><V65/><F65/><W107/><G97/><T135/><D135/><U121/><E130/><V115/><F115/><W60/><G60/><T41/><D41/><U50/><E50/><V5/><F5/><W113/><G27/><T78/><D78/><N who="1" m="44255" /><E121/><V58/><F58/><W108/><G108/><T28/><D28/><U102/><E86/><V116/><F116/><W11/><G113/><T17/><D63/><U106/><AGARI ba="0,0" hai="79,83,87,92,98,102,105,106" m="44255,51817" machi="106" ten="30,4000,0" yaku="20,1,34,2" doraHai="33" who="1" fromWho="1" sc="250,-20,250,40,250,-10,250,-10" /><INIT seed="1,0,0,5,2,121" ten="230,290,240,240" oya="1" hai0="118,102,131,68,29,24,109,60,84,66,114,124,98" hai1="80,129,32,76,134,74,120,65,47,73,10,18,77" hai2="40,103,93,104,8,58,49,38,12,1,42,11,54" hai3="133,14,107,44,90,41,89,28,26,7,37,34,20"/><U95/><E120/><V43/><F104/><W87/><G107/><T119/><D114/><U48/><E32/><V13/><F1/><W111/><G133/><T3/><D124/><U126/><E134/><V21/><F21/><W64/><G64/><T17/><D131/><U46/><E129/><V69/><F69/><W128/><G128/><T127/><D127/><U105/><E105/><V25/><F25/><W72/><G72/><T132/><D132/><U51/><E126/><V123/><F123/><W67/><G67/><T62/><D62/><U122/><E122/><V52/><F38/><W55/><G55/><T101/><D17/><U113/><E113/><V15/><F54/><W4/><G90/><T92/><D102/><U75/><E65/><V61/><F61/><W33/><G7/><T31/><D31/><U100/><E95/><V85/><F85/><W30/><G30/><T81/><D3/><U19/><E100/><V108/><F108/><W97/><G111/><T79/><REACH who="0" step="1"/><D109/><REACH who="0" ten="220,290,240,240" step="2"/><U22/><E10/><V45/><F45/><N who="1" m="16905" /><E22/><AGARI ba="0,1" hai="22,24,29,60,66,68,79,81,84,92,98,101,118,119" machi="22" ten="30,2000,0" yaku="1,1,7,1,53,0" doraHai="121" doraHaiUra="39" who="0" fromWho="1" sc="220,30,290,-20,240,0,240,0" /><INIT seed="2,0,0,0,2,108" ten="250,270,240,240" oya="2" hai0="113,11,25,27,58,86,92,63,30,74,13,70,26" hai1="105,127,40,52,4,73,124,116,3,29,109,48,99" hai2="72,0,135,24,84,59,31,6,19,55,16,36,130" hai3="126,51,75,50,122,20,133,112,37,80,98,81,57"/><V2/><F72/><W67/><G122/><T111/><D111/><U125/><E109/><V95/><F36/><W118/><G37/><T129/><D74/><U100/><E73/><V49/><F135/><W123/><G118/><T22/><D70/><U77/><E77/><V121/><F121/><W93/><G123/><T44/><D113/><U117/><E40/><V10/><F130/><W54/><G133/><T83/><D44/><U134/><E134/><V91/><REACH who="2" step="1"/><F2/><REACH who="2" ten="250,270,230,240" step="2"/><W41/><G75/><T28/><D129/><U1/><E116/><V56/><F56/><W62/><G57/><T21/><D92/><U131/><E117/><V53/><F53/><W97/><G81/><T14/><D27/><U15/><E131/><V64/><F64/><W76/><G93/><T102/><D102/><U78/><E3/><V17/><F17/><W88/><G41/><T23/><D23/><AGARI ba="0,1" hai="0,6,10,16,19,23,24,31,49,55,59,84,91,95" machi="23" ten="30,5800,0" yaku="1,1,7,1,54,1,53,0" doraHai="108" doraHaiUra="8" who="2" fromWho="0" sc="250,-58,270,0,230,68,240,0" /><INIT seed="2,1,0,1,3,37" ten="192,270,298,240" oya="2" hai0="31,48,90,101,35,113,49,96,59,105,55,118,110" hai1="104,83,36,75,53,116,131,125,30,80,28,3,24" hai2="50,76,58,14,41,17,67,56,46,63,124,108,51" hai3="134,123,64,129,89,62,7,8,127,103,114,10,97"/><V92/><F124/><W85/><G123/><T21/><D113/><U99/><E30/><V39/><F76/><W109/><G127/><T42/><D118/><U66/><E53/><V9/><F108/><W100/><G109/><T29/><D110/><U32/><E80/><V122/><F122/><W23/><G134/><T86/><D35/><U54/><E54/><V19/><F19/><W121/><G121/><T16/><D48/><U107/><E125/><V72/><F72/><W43/><G129/><T65/><D65/><U27/><E27/><V25/><F25/><W0/><G23/><T120/><D120/><U111/><E111/><V78/><F78/><W126/><G10/><T15/><REACH who="0" step="1"/><D42/><REACH who="0" ten="182,270,298,240" step="2"/><U69/><E116/><V61/><F92/><AGARI ba="1,1" hai="15,16,21,29,31,49,55,59,86,90,92,96,101,105" machi="92" ten="30,12000,2" yaku="1,1,2,1,7,1,25,2,54,1,53,1" doraHai="37" doraHaiUra="95" who="0" fromWho="2" sc="182,133,270,0,298,-123,240,0" /><INIT seed="3,0,0,0,1,20" ten="315,270,175,240" oya="3" hai0="65,128,39,30,75,11,94,71,59,32,119,63,16" hai1="73,103,4,115,5,44,2,54,86,127,24,23,101" hai2="68,114,57,109,49,92,22,60,95,43,41,29,123" hai3="78,91,105,64,58,90,38,1,102,35,133,34,122"/><W10/><G122/><T13/><D75/><U106/><E73/><V135/><F123/><W77/><G38/><T96/><D119/><U125/><E115/><V124/><F114/><W81/><G133/><T56/><D39/><U112/><E112/><V14/><F135/><W47/><G77/><T129/><D30/><U98/><E86/><V131/><F131/><N who="0" m="50250" /><D32/><U82/><E82/><V80/><F124/><N who="1" m="47689" /><E101/><AGARI ba="0,0" hai="11,13,16,56,59,63,65,71,94,96,101" m="50250" machi="101" ten="30,2000,0" yaku="19,1,54,1" doraHai="20" who="0" fromWho="1" sc="315,20,270,-20,175,0,240,0" owari="335,43.0,250,5.0,175,-32.0,240,-16.0" /></mjloggm>