<mjloggm ver="2.3"><GO type="169" lobby="0"/><UN n0="%E3%82%A6%E3%83%AB%E3%83%88%E3%83%A9%E7%AB%8B%E7%9B%B4" n1="%74%61%72%6F%6F" n2="%E6%96%B0%E9%96%8B%E5%96%84%E6%96%87" n3="%EF%BC%BC%28%EF%BC%BE%6F%EF%BC%BE%29%EF%BC%8F%E2%98%85" dan="16,19,17,18" rate="2112.20,2170.92,2169.49,2138.34" sx="M,M,F,M"/><TAIKYOKU oya="0"/><INIT seed="0,0,0,2,1,127" ten="250,250,250,250" oya="0" hai0="5,96,65,31,72,99,104,25,30,113,125,121,95" hai1="117,55,71,68,102,108,93,87,8,103,116,47,90" hai2="94,17,14,19,37,101,54,51,29,50,89,115,6" hai3="128,33,9,88,28,91,1,134,85,112,32,120,98"/><T114/><D121/><U59/><E108/><V42/><F37/><W34/><G112/><T62/><D125/><U48/><E68/><V52/><F101/><W43/><G120/><T3/><D72/><U118/><E71/><V82/><F29/><W66/><G28/><T13/><D31/><U84/><E84/><V86/><F115/><W22/><G66/><T111/><D13/><U131/><E131/><V61/><F61/><W69/><G22/><T18/><D18/><U38/><REACH who="1" step="1"/><E8/><REACH who="1" ten="250,240,250,250" step="2"/><V105/><F86/><W70/><G85/><T106/><D111/><U119/><N who="1" m="29696" /><DORA hai="49" /><U100/><E100/><V97/><F82/><W81/><G9/><T107/><D113/><U73/><E73/><V60/><F105/><W77/><G81/><T26/><D114/><U41/><AGARI ba="0,1" hai="38,41,47,48,55,59,87,90,93,102,103" m="29696" machi="41" ten="60,8000,1" yaku="1,1,0,1,52,1,53,1" doraHai="127,49" doraHaiUra="4,83" who="1" fromWho="1" sc="250,-40,240,90,250,-20,250,-20" /><INIT seed="1,0,0,5,5,87" ten="210,330,230,230" oya="1" hai0="50,69,0,41,19,106,34,128,47,120,109,133,84" hai1="36,23,4,39,92,105,132,31,7,119,18,32,40" hai2="13,90,124,59,80,16,73,35,22,2,61,3,91" hai3="97,24,12,85,88,5,118,110,79,14,29,46,104"/><U116/><E105/><V56/><F35/><W125/><G110/><T15/><D109/><U121/><E121/><V58/><F124/><W44/><G125/><T63/><D120/><U108/><E108/><V37/><F37/><W17/><G118/><T72/><D72/><U6/><E132/><V66/><F73/><W30/><G79/><T42/><D133/><U26/><E40/><V27/><F80/><W101/><G5/><T20/><D128/><U99/><E39/><V114/><F114/><W25/><G25/><T127/><D127/><U10/><E36/><V9/><F2/><W98/><G98/><T103/><D34/><U43/><E43/><V102/><F3/><W60/><G60/><T38/><D0/><N who="1" m="263" /><E92/><V64/><F102/><W93/><G14/><T134/><D134/><U74/><E99/><V21/><F21/><W135/><G135/><T67/><D84/><U55/><E55/><V75/><F75/><W71/><G71/><T126/><D126/><U45/><E45/><V77/><F77/><W112/><G112/><T83/><D83/><U68/><E68/><V1/><F1/><W111/><G111/><T100/><D106/><U11/><E74/><V81/><F81/><W96/><G96/><T122/><D122/><U95/><E95/><V76/><F76/><W130/><G130/><T48/><D38/><U89/><E11/><V107/><F107/><W82/><G104/><T129/><D129/><U78/><E78/><V113/><F113/><W8/><G30/><T52/><D42/><U123/><E123/><V54/><F61/><W53/><G53/><RYUUKYOKU ba="0,0" sc="210,15,330,-15,230,-15,230,15" hai0="15,19,20,41,47,48,50,52,63,67,69,100,103" hai3="8,12,17,24,29,44,46,82,85,88,93,97,101" /><INIT seed="2,1,0,3,0,92" ten="225,315,215,245" oya="2" hai0="64,118,100,128,116,76,65,12,79,55,26,42,94" hai1="14,71,22,53,38,115,103,2,129,114,8,43,19" hai2="34,72,52,91,58,69,86,85,68,3,56,47,73" hai3="46,130,30,45,62,75,84,15,28,10,36,125,50"/><V37/><F3/><W24/><G75/><T82/><D128/><U101/><E71/><V98/><F34/><W25/><G130/><T99/><D42/><U105/><E129/><V16/><F86/><W80/><G125/><T39/><D39/><U57/><E43/><V78/><F56/><W120/><G120/><T122/><D122/><U113/><E38/><V31/><F31/><W124/><G36/><T59/><D12/><U4/><REACH who="1" step="1"/><E105/><REACH who="1" ten="225,305,215,245" step="2"/><V134/><F37/><W60/><G124/><T106/><D106/><U96/><E96/><V95/><F69/><W9/><G46/><T111/><D118/><U11/><E11/><V102/><F68/><W70/><G10/><T17/><D116/><U110/><E110/><V109/><F109/><W29/><G70/><T133/><D111/><U32/><E32/><V20/><F47/><W108/><G108/><T48/><D133/><U6/><E6/><V127/><F127/><W23/><G9/><T93/><D93/><U132/><E132/><V89/><F134/><W35/><G35/><T27/><D82/><U74/><E74/><V33/><F33/><W112/><G80/><T40/><D40/><U41/><E41/><V18/><F73/><W135/><G135/><T51/><D94/><U5/><E5/><V0/><F72/><W49/><G45/><T88/><D99/><U104/><E104/><V61/><F0/><W54/><G112/><T66/><D59/><U44/><E44/><V1/><F1/><W83/><G83/><T121/><D121/><U7/><E7/><V117/><F117/><W119/><G119/><RYUUKYOKU ba="1,1" sc="225,-10,305,30,215,-10,245,-10" hai1="2,4,8,14,19,22,53,57,101,103,113,114,115" /><INIT seed="3,2,1,4,1,64" ten="215,335,205,235" oya="3" hai0="58,104,5,11,94,126,102,38,54,18,27,122,111" hai1="30,76,91,3,51,72,89,55,119,13,32,92,77" hai2="103,16,0,45,15,71,95,109,52,22,21,75,116" hai3="100,2,124,73,9,117,135,85,105,133,83,60,67"/><W17/><G73/><T106/><D122/><U4/><E3/><V39/><F0/><W50/><G117/><T123/><D123/><U31/><E72/><V29/><F116/><W112/><G112/><T56/><D38/><U20/><E32/><V74/><F39/><W96/><G124/><T118/><D111/><U23/><E89/><V113/><F113/><W97/><G96/><T86/><D126/><U114/><E114/><V98/><F109/><W68/><G50/><T99/><D118/><U130/><E130/><V46/><F71/><W8/><G17/><T28/><D18/><N who="1" m="10319" /><E4/><V37/><F37/><W66/><G66/><T53/><D86/><N who="1" m="52343" /><E119/><V84/><F84/><W90/><REACH who="3" step="1"/><G2/><REACH who="3" ten="215,335,205,225" step="2"/><T107/><D99/><U7/><E31/><V25/><REACH who="2" step="1"/><F46/><REACH who="2" ten="215,335,195,225" step="2"/><W127/><G127/><T10/><D56/><U125/><E125/><V121/><F121/><W59/><G59/><T33/><D58/><U101/><E30/><V70/><F70/><W47/><G47/><T6/><D28/><U61/><E51/><AGARI ba="2,3" hai="15,16,21,22,25,29,45,51,52,74,75,95,98,103" machi="51" ten="40,5200,0" yaku="1,1,54,2,53,0" doraHai="64" doraHaiUra="34" who="2" fromWho="1" sc="215,0,335,-58,195,88,225,0" /><INIT seed="4,0,0,3,5,60" ten="215,277,283,225" oya="0" hai0="123,43,21,99,112,94,15,72,130,30,41,90,22" hai1="80,84,118,134,69,65,19,63,78,95,96,97,98" hai2="5,114,7,62,64,40,67,3,1,27,16,77,125" hai3="9,8,109,68,10,32,119,106,82,58,135,11,14"/><T110/><D123/><U52/><E118/><V23/><F114/><W44/><G68/><T133/><D112/><U79/><E134/><V53/><F125/><W25/><G106/><T132/><D72/><U88/><E78/><V111/><F1/><W103/><G103/><T39/><D110/><U48/><REACH who="1" step="1"/><E19/><REACH who="1" ten="215,267,283,225" step="2"/><V116/><F77/><W121/><G119/><T17/><D130/><U0/><E0/><V56/><F3/><W46/><G135/><N who="0" m="51787" /><D39/><U105/><E105/><V47/><F116/><W73/><G109/><T37/><D37/><U31/><E31/><V35/><F111/><W29/><G29/><T59/><D59/><AGARI ba="0,1" hai="48,52,59,63,65,69,79,80,84,88,95,96,97,98" machi="59" ten="30,12000,2" yaku="1,1,7,1,52,1,54,2,53,1" doraHai="60" doraHaiUra="83" who="1" fromWho="0" sc="215,-120,267,130,283,0,225,0" /><INIT seed="5,0,0,0,5,3" ten="95,397,283,225" oya="1" hai0="28,135,6,77,31,69,20,113,100,39,14,65,84" hai1="4,47,79,98,118,117,45,132,5,129,119,112,91" hai2="13,8,107,108,55,21,24,23,67,82,134,56,27" hai3="126,89,17,7,121,9,70,104,115,101,60,43,38"/><U93/><E112/><V75/><F107/><W22/><G121/><T74/><D113/><U11/><E129/><V88/><F108/><W90/><G115/><T33/><D135/><U49/><E132/><V12/><F75/><W48/><G38/><T52/><D39/><U133/><E133/><V0/><F0/><W106/><G126/><T10/><D74/><U94/><E79/><V16/><F67/><W34/><G34/><T97/><D33/><U46/><E11/><V78/><F23/><W26/><G70/><T19/><D65/><U80/><E80/><V128/><F78/><W68/><G60/><T51/><D69/><U50/><REACH who="1" step="1"/><E94/><REACH who="1" ten="95,387,283,225" step="2"/><V44/><F128/><W32/><G9/><T58/><D77/><U59/><E59/><V15/><F134/><W18/><G68/><T123/><D123/><U127/><E127/><V131/><F131/><W86/><G106/><T53/><D84/><U37/><E37/><V40/><F8/><W63/><G86/><T62/><D10/><U103/><E103/><V122/><F122/><W72/><G101/><T96/><D6/><AGARI ba="0,1" hai="4,5,6,45,46,47,49,50,91,93,98,117,118,119" machi="6" ten="50,18000,2" yaku="1,1,52,3,53,3" doraHai="3" doraHaiUra="41" who="1" fromWho="0" sc="95,-180,387,190,283,0,225,0" owari="-85,-59.0,577,68.0,283,8.0,225,-17.0" /></mjloggm>