<mjloggm ver="2.3"><GO type="97" lobby="0"/><UN n0="%67%72%61%6E" n1="%E5%AF%BE%E9%9D%A2%E3%81%AF%E3%83%90%E3%82%A4" n2="%59%6F%70%70%59" n3="%E5%B0%B1%E6%B4%BB%E7%94%9F%40%E5%B7%9D%E6%9D%91%E8%BB%8D%E5%9B%A3" dan="14,14,15,15" rate="1927.16,1918.44,1944.34,2090.37" sx="M,M,F,M"/><TAIKYOKU oya="0"/><INIT seed="0,0,0,2,1,122" ten="250,250,250,250" oya="0" hai0="14,126,94,15,116,50,93,121,47,18,45,38,109" hai1="10,31,49,37,128,60,135,40,124,65,74,73,117" hai2="46,5,85,58,54,76,70,69,32,127,51,82,111" hai3="0,115,57,108,35,114,129,103,89,30,86,64,110"/><T39/><D121/><U9/><E37/><V1/><F32/><W22/><G0/><T68/><D116/><U56/><E117/><V25/><F127/><W16/><G35/><T130/><D126/><U123/><E123/><V27/><F69/><W81/><G30/><T28/><D68/><U26/><E124/><V75/><F70/><W79/><G103/><T53/><D130/><U13/><E135/><V61/><F75/><W88/><G129/><T98/><D28/><U20/><E128/><V120/><F120/><W62/><G89/><T84/><D84/><U43/><E10/><V44/><F44/><W34/><G79/><T134/><D134/><U11/><E11/><V112/><F112/><W97/><G97/><T113/><D113/><U2/><E2/><V63/><F63/><W29/><G29/><T33/><D33/><U78/><E78/><V59/><F59/><W72/><G34/><T87/><D87/><U102/><E102/><V92/><F92/><W95/><G81/><T42/><D98/><U52/><E73/><V105/><F105/><W48/><G48/><T107/><D107/><U118/><E74/><V3/><F3/><W104/><G104/><T71/><D71/><U131/><E131/><V67/><F5/><W66/><G66/><T91/><D50/><U24/><E24/><V132/><F1/><W100/><G100/><T106/><D106/><U125/><E125/><V23/><F132/><W36/><G36/><T90/><D39/><U80/><E80/><V55/><F67/><W7/><G72/><T83/><D38/><U96/><E118/><RYUUKYOKU ba="0,0" sc="250,0,250,0,250,0,250,0" /><INIT seed="1,1,0,1,4,113" ten="250,250,250,250" oya="1" hai0="115,78,46,131,96,54,25,39,108,99,35,90,110" hai1="6,41,134,24,102,50,27,48,104,98,22,84,9" hai2="8,28,64,119,126,11,70,95,14,36,122,26,21" hai3="105,3,100,32,15,30,121,106,69,132,82,120,117"/><U93/><E134/><V7/><F36/><W47/><G132/><T92/><D115/><U61/><E61/><V20/><F122/><W57/><G69/><T81/><D131/><U17/><E27/><V43/><F43/><W45/><G3/><T42/><D54/><U109/><E109/><N who="0" m="42089" /><D35/><U66/><E66/><V123/><F123/><W73/><G57/><T29/><D29/><U127/><E127/><V49/><F49/><W13/><G100/><T79/><D25/><U38/><E38/><V10/><F64/><W58/><G58/><T86/><D78/><U80/><E41/><V83/><F95/><W1/><G1/><T94/><D94/><U101/><E101/><V5/><F83/><W56/><G56/><T51/><D39/><U12/><REACH who="1" step="1"/><E104/><REACH who="1" ten="250,240,250,250" step="2"/><V130/><F126/><W89/><G105/><T75/><AGARI ba="1,1" hai="42,46,51,75,79,81,86,90,92,96,99" m="42089" machi="75" ten="30,1100,0" yaku="14,1" doraHai="113" who="0" fromWho="0" sc="250,24,240,-6,250,-4,250,-4" /><INIT seed="2,0,0,4,3,128" ten="274,234,246,246" oya="2" hai0="135,109,14,110,88,5,52,108,106,80,22,65,102" hai1="76,85,56,77,121,41,18,124,86,115,4,59,7" hai2="73,89,90,0,70,47,16,63,55,111,105,29,67" hai3="2,32,6,28,116,123,13,74,95,51,49,42,3"/><V96/><F0/><W126/><G74/><T30/><D65/><U91/><E115/><V61/><F73/><W27/><G123/><T120/><D120/><U33/><E33/><V36/><F111/><W133/><G116/><T79/><D102/><U122/><E124/><V8/><F29/><W66/><G126/><T19/><D106/><U38/><E18/><V82/><F82/><W17/><G133/><T34/><D5/><N who="1" m="2123" /><E41/><V107/><F36/><W53/><G66/><T75/><D88/><U10/><E10/><V130/><F130/><W83/><G83/><T78/><D78/><N who="1" m="30315" /><E38/><V114/><F114/><W26/><G95/><T112/><D112/><U71/><E71/><V132/><F132/><W101/><G27/><N who="0" m="18783" /><D52/><U48/><E48/><V58/><F47/><W24/><G24/><T92/><D92/><N who="1" m="54383" /><E86/><V87/><F96/><W43/><G49/><T68/><D68/><U93/><E122/><V64/><F55/><W37/><G37/><T97/><D97/><U99/><E121/><V31/><F31/><W40/><G101/><AGARI ba="0,0" hai="56,59,93,99,101" m="54383,30315,2123" machi="101" ten="30,1000,0" yaku="8,1" doraHai="128" who="1" fromWho="3" sc="274,0,234,10,246,0,246,-10" /><INIT seed="3,0,0,5,4,38" ten="274,244,246,236" oya="3" hai0="135,22,7,6,75,27,44,28,40,126,88,14,50" hai1="19,103,34,31,71,69,97,101,114,81,115,86,67" hai2="113,95,130,15,110,23,18,83,98,4,65,10,24" hai3="56,107,54,66,37,85,57,104,129,29,78,16,20"/><W11/><G37/><T117/><D75/><U123/><E123/><V116/><F110/><W102/><G129/><T133/><D117/><U45/><E19/><V82/><F130/><W61/><G102/><T35/><D126/><U68/><E67/><V84/><F113/><W120/><G120/><T128/><D128/><U58/><E58/><V72/><F72/><W42/><G29/><T48/><D14/><U26/><E45/><V96/><F116/><W124/><G124/><T9/><D9/><U118/><E118/><V108/><F108/><W52/><G11/><T13/><D13/><U122/><E122/><V63/><F95/><W74/><G74/><T30/><D30/><U2/><E2/><V62/><F62/><N who="3" m="36103" /><G104/><T5/><D35/><U41/><E41/><V100/><F100/><W119/><G107/><T12/><D12/><U112/><REACH who="1" step="1"/><E97/><REACH who="1" ten="274,234,246,236" step="2"/><V106/><F98/><W17/><G119/><T55/><REACH who="0" step="1"/><D88/><AGARI ba="0,1" hai="26,31,34,68,69,71,81,86,88,101,103,112,114,115" machi="88" ten="50,12000,2" yaku="1,1,2,1,54,1,53,3" doraHai="38" doraHaiUra="111" who="1" fromWho="0" sc="274,-120,234,130,246,0,236,0" owari="154,-35.0,364,46.0,246,5.0,236,-16.0" /></mjloggm>