<mjloggm ver="2.3"><GO type="41" lobby="0"/><UN n0="%43%6F%75%63%68%2D%50" n1="%6B%6E%79%73" n2="%E5%B0%B1%E6%B4%BB%E7%94%9F%40%E5%B7%9D%E6%9D%91%E8%BB%8D%E5%9B%A3" n3="%E3%81%8B%E3%81%AB%E3%81%B9%E3%83%BC%E3%81%99" dan="13,14,14,13" rate="1881.48,1912.50,1958.45,2020.96" sx="M,M,M,M"/><TAIKYOKU oya="0"/><INIT seed="0,0,0,4,5,39" ten="250,250,250,250" oya="0" hai0="103,108,123,135,130,118,127,17,63,88,49,109,94" hai1="38,73,90,2,95,56,119,59,61,96,64,122,13" hai2="37,97,134,74,53,33,24,110,101,72,76,48,67" hai3="36,100,29,54,113,80,117,30,41,50,128,71,19"/><T68/><D17/><U42/><E119/><V3/><F3/><W106/><G117/><T8/><D8/><U112/><E122/><V10/><F37/><W111/><G71/><T12/><D12/><U98/><E2/><V131/><F134/><W82/><G113/><T91/><D49/><U65/><E73/><V1/><F131/><W132/><G132/><T129/><D63/><U99/><E38/><V66/><F110/><N who="0" m="42602" /><D68/><U125/><E125/><V81/><F72/><W87/><G128/><N who="0" m="49259" /><D135/><U69/><E112/><V55/><F55/><W84/><G111/><T52/><D52/><U62/><E69/><V126/><F126/><W107/><G54/><T57/><D57/><U35/><E42/><V60/><F60/><W16/><G36/><T26/><D26/><U6/><E35/><V70/><F70/><W31/><G50/><T40/><D118/><U85/><E13/><V104/><F1/><W21/><G31/><T47/><D123/><U28/><E28/><V22/><F10/><W18/><G18/><T89/><D127/><U114/><E114/><V7/><F7/><AGARI ba="0,0" hai="6,7,56,59,61,62,64,65,85,90,95,96,98,99" machi="7" ten="40,2600,0" yaku="9,1,8,1" doraHai="39" who="1" fromWho="2" sc="250,0,250,26,250,-26,250,0" /><INIT seed="1,0,0,2,0,22" ten="250,276,224,250" oya="1" hai0="129,58,79,15,77,19,73,27,76,78,55,88,86" hai1="42,4,119,130,39,48,24,107,108,57,126,46,125" hai2="5,102,113,1,82,117,118,70,29,34,26,0,116" hai3="128,38,56,132,43,49,106,50,63,80,109,103,67"/><U25/><E119/><V112/><F102/><W60/><G106/><T81/><D129/><U10/><E107/><V83/><F70/><W105/><G105/><T18/><N who="0" m="19968" /><DORA hai="54" /><T91/><D73/><U115/><E115/><N who="2" m="44107" /><F5/><W72/><G80/><AGARI ba="0,0" hai="0,1,26,29,34,80,82,83,116,117,118" m="44107" machi="80" ten="40,2600,0" yaku="11,1,52,1" doraHai="22,54" who="2" fromWho="3" sc="250,0,276,0,224,26,250,-26" /><INIT seed="2,0,0,0,4,112" ten="250,276,250,224" oya="2" hai0="76,80,79,49,72,52,44,118,85,107,116,95,46" hai1="33,98,77,119,51,42,94,7,67,29,102,20,39" hai2="109,75,127,111,131,56,86,16,65,66,60,40,93" hai3="35,90,117,5,71,24,14,61,63,53,133,15,45"/><V68/><F75/><W88/><G133/><T62/><D107/><U74/><E33/><V73/><F73/><W47/><G35/><T92/><D62/><U36/><E67/><V70/><F131/><W99/><G24/><T2/><D2/><U100/><E100/><V110/><F127/><W43/><G71/><T17/><D72/><U115/><E115/><V34/><F34/><W26/><G26/><T22/><D79/><U32/><E32/><V83/><F40/><W129/><G129/><T64/><D64/><U54/><E42/><V28/><F28/><W123/><G123/><T91/><D46/><U82/><E7/><V132/><F132/><W121/><G121/><T124/><D124/><U135/><E135/><V103/><F66/><W30/><G30/><T58/><D44/><U13/><E119/><N who="0" m="45609" /><D76/><U6/><E6/><V31/><F31/><W69/><G117/><T122/><D122/><U101/><E29/><V1/><F1/><W96/><G5/><T38/><D38/><U0/><E0/><V113/><F113/><W11/><G69/><T55/><D55/><U97/><E39/><V134/><F134/><W128/><G128/><T106/><D106/><U19/><E36/><V105/><F105/><W89/><G53/><T18/><D18/><U48/><E54/><V130/><F130/><W10/><G90/><T81/><D81/><U25/><E25/><AGARI ba="0,0" hai="17,22,25,49,52,58,80,85,91,92,95" m="45609" machi="25" ten="30,8000,1" yaku="12,1,52,3,54,1" doraHai="112" who="0" fromWho="1" sc="250,80,276,-80,250,0,224,0" /><INIT seed="3,0,0,2,3,15" ten="330,196,250,224" oya="3" hai0="72,56,116,6,101,118,73,93,53,21,37,135,68" hai1="109,90,82,134,115,48,31,41,23,59,3,30,34" hai2="58,22,52,131,119,87,29,126,110,94,113,69,35" hai3="18,83,55,88,64,99,20,121,7,92,67,16,4"/><W84/><G121/><T43/><D68/><U120/><E120/><V125/><F69/><W75/><G75/><T98/><D135/><U80/><E115/><V0/><F35/><W70/><G55/><T102/><D6/><N who="3" m="2089" /><G70/><T1/><D1/><U50/><E34/><V111/><F119/><W40/><G40/><T107/><D37/><U97/><E3/><V9/><F113/><W85/><G85/><T54/><D43/><U132/><E109/><N who="2" m="41483" /><F131/><W95/><G95/><T32/><D32/><U129/><E129/><V77/><F0/><W74/><G74/><T66/><D116/><U124/><E124/><N who="2" m="47723" /><F9/><W78/><G18/><T61/><D118/><U128/><E128/><V10/><F10/><W108/><G108/><T11/><D11/><U14/><E134/><V45/><F45/><W79/><G78/><T12/><D73/><U76/><E132/><V8/><F8/><W46/><G46/><T57/><D72/><U127/><E76/><V81/><F94/><W42/><G42/><T65/><D93/><N who="1" m="56503" /><E127/><V44/><F44/><W38/><G38/><T96/><D21/><U13/><E41/><V86/><F81/><N who="1" m="31337" /><E59/><V91/><F77/><W100/><G79/><T89/><D56/><U36/><E36/><V71/><F71/><W33/><G33/><T123/><D57/><U26/><E31/><V25/><F91/><W2/><G2/><T39/><D89/><U28/><E28/><V133/><F133/><W106/><G106/><T62/><D107/><U104/><E104/><V60/><AGARI ba="0,0" hai="22,25,29,52,58,60,86,87" m="47723,41483" machi="60" ten="30,4000,0" yaku="14,1,18,1,54,1" doraHai="15" who="2" fromWho="2" sc="330,-10,196,-10,250,40,224,-20" /><INIT seed="4,0,0,5,5,71" ten="320,186,290,204" oya="0" hai0="61,111,56,91,68,55,135,66,40,7,122,107,109" hai1="104,52,51,16,78,45,129,110,133,64,76,12,128" hai2="74,19,4,134,97,95,117,124,2,80,98,130,100" hai3="114,72,44,23,125,120,10,65,11,39,96,38,85"/><T108/><D107/><U30/><E104/><V131/><F2/><W35/><G72/><T70/><D7/><U50/><E110/><V116/><F4/><W101/><G35/><T8/><D8/><N who="1" m="6151" /><E30/><V79/><F19/><W21/><G114/><T49/><D91/><U20/><E64/><V25/><F25/><W119/><G119/><N who="2" m="45641" /><F124/><W32/><G32/><T59/><D122/><U27/><E133/><V118/><N who="2" m="45649" /><V89/><DORA hai="90" /><F134/><W102/><G44/><N who="0" m="25735" /><D135/><U26/><E51/><AGARI ba="0,0" hai="51,55,56,59,61,66,68,70,108,109,111" m="25735" machi="51" ten="30,5800,0" yaku="10,1,34,2" doraHai="71,90" who="0" fromWho="1" sc="320,58,186,-58,290,0,204,0" /><INIT seed="4,1,0,3,5,9" ten="378,128,290,204" oya="0" hai0="64,25,130,35,41,16,92,93,101,86,40,63,28" hai1="113,11,98,48,125,4,44,73,59,109,105,75,72" hai2="80,20,102,24,66,10,43,131,106,110,87,128,19" hai3="70,121,85,108,8,52,2,15,94,30,69,77,45"/><T119/><D119/><U81/><E109/><V47/><F110/><W12/><G108/><T135/><D135/><U107/><E125/><V39/><F66/><W71/><G30/><T1/><D1/><U34/><E34/><V22/><F22/><W84/><G121/><T100/><D130/><N who="2" m="49706" /><F10/><W33/><G33/><T27/><D41/><U111/><E111/><V51/><F102/><W53/><G2/><T104/><D40/><U0/><E113/><V50/><F106/><W97/><G8/><T88/><D92/><U56/><E81/><V117/><F117/><W114/><G114/><T29/><D104/><U54/><REACH who="1" step="1"/><E107/><REACH who="1" ten="378,118,290,204" step="2"/><V23/><F23/><W103/><G77/><AGARI ba="1,1" hai="19,20,24,39,43,47,50,51,77,80,87" m="49706" machi="77" ten="30,1000,0" yaku="19,1" doraHai="9" who="2" fromWho="3" sc="378,0,118,0,290,23,204,-13" /><INIT seed="5,0,0,2,3,65" ten="378,118,313,191" oya="1" hai0="41,89,39,131,22,45,108,32,27,103,76,120,36" hai1="52,5,21,14,6,60,82,12,24,122,13,28,15" hai2="101,55,97,66,47,57,90,17,107,132,59,33,38" hai3="115,79,4,67,31,20,106,16,53,44,121,124,105"/><U94/><N who="1" m="3584" /><DORA hai="72" /><U129/><E122/><V99/><F132/><W71/><G4/><T73/><D108/><U75/><E75/><V84/><F33/><W87/><G31/><T112/><D32/><U19/><E129/><V92/><F17/><W8/><G8/><T1/><D1/><U81/><E94/><V100/><F66/><W86/><G121/><T118/><D118/><U50/><E60/><V85/><F85/><W80/><G115/><T35/><D35/><U3/><E28/><V49/><REACH who="2" step="1"/><F38/><REACH who="2" ten="378,118,303,191" step="2"/><W91/><G124/><T117/><D39/><U43/><E3/><V34/><F34/><W109/><G109/><T127/><D120/><U93/><E6/><V98/><F98/><W61/><G16/><T116/><D127/><U11/><E5/><V68/><F68/><W48/><REACH who="3" step="1"/><G20/><REACH who="3" ten="378,118,303,181" step="2"/><T30/><D116/><U102/><E11/><V123/><F123/><W114/><G114/><T134/><D117/><U83/><E43/><V135/><F135/><W64/><G64/><T23/><D112/><U54/><REACH who="1" step="1"/><E50/><REACH who="1" ten="378,108,303,181" step="2"/><V130/><F130/><W69/><G69/><T96/><D131/><U104/><E104/><AGARI ba="0,3" hai="47,49,55,57,59,84,90,92,97,99,100,101,104,107" machi="104" ten="30,3900,0" yaku="1,1,7,1,9,1,53,0" doraHai="65,72" doraHaiUra="18,111" who="2" fromWho="1" sc="378,0,108,-39,303,69,181,0" /><INIT seed="6,0,0,3,5,13" ten="378,69,372,181" oya="2" hai0="30,121,28,117,105,29,57,97,109,73,40,75,4" hai1="108,90,125,1,94,61,58,99,18,12,127,98,80" hai2="115,70,3,132,32,31,22,129,86,52,114,106,71" hai3="128,85,51,110,33,134,135,77,111,47,92,65,91"/><V43/><F3/><W107/><G33/><T14/><D109/><N who="3" m="41481" /><G65/><T96/><D121/><U130/><E108/><V78/><F106/><W25/><G25/><T81/><D117/><U87/><E1/><V23/><F43/><W68/><G68/><T24/><D40/><U124/><E130/><V76/><F129/><W48/><G48/><T34/><D34/><U63/><E99/><V19/><F132/><N who="3" m="50731" /><G51/><T79/><D24/><U5/><E5/><V6/><F6/><W133/><G47/><T41/><D75/><U66/><E63/><V44/><F71/><W102/><N who="3" m="50739" /><W37/><DORA hai="20" /><G37/><T101/><D97/><U74/><E74/><V59/><F70/><W116/><G116/><T38/><D57/><U39/><E39/><V62/><F44/><W11/><G11/><T7/><REACH who="0" step="1"/><D14/><REACH who="0" ten="368,69,372,181" step="2"/><U49/><E49/><V54/><F59/><W46/><G128/><T118/><D118/><U104/><E104/><V122/><F32/><W60/><G60/><T53/><D53/><U82/><REACH who="1" step="1"/><E98/><REACH who="1" ten="368,59,372,181" step="2"/><V50/><F62/><W10/><G107/><T9/><D9/><AGARI ba="0,2" hai="9,12,18,58,61,66,80,82,87,90,94,124,125,127" machi="9" ten="40,8000,1" yaku="1,1,2,1,18,1,52,1,53,1" doraHai="13,20" doraHaiUra="55,69" who="1" fromWho="0" sc="368,-80,59,100,372,0,181,0" /><INIT seed="7,0,0,0,3,86" ten="288,159,372,181" oya="3" hai0="115,48,43,131,25,80,82,124,135,96,35,39,7" hai1="121,11,59,34,102,20,13,123,45,66,5,29,42" hai2="90,87,44,120,119,84,106,70,94,60,92,21,95" hai3="104,53,37,127,71,31,30,111,108,89,64,69,36"/><W54/><G104/><T33/><D39/><U49/><E102/><V58/><F106/><W56/><G127/><T55/><D124/><U24/><E66/><N who="2" m="39191" /><F70/><W8/><G8/><T4/><D43/><U68/><E68/><N who="3" m="26186" /><G89/><T47/><D131/><U109/><E109/><N who="3" m="42058" /><G64/><T52/><D135/><U132/><E132/><V27/><F119/><W133/><G133/><T79/><D115/><U99/><E99/><V75/><F75/><W9/><G9/><T12/><D55/><N who="3" m="21001" /><G56/><T125/><D125/><U98/><E98/><V51/><F120/><W3/><G3/><T116/><D96/><U100/><E100/><V105/><F105/><W2/><G2/><T74/><D80/><U97/><E97/><V118/><F118/><W6/><G6/><T18/><D116/><U77/><E59/><V72/><F72/><W0/><G0/><T88/><D25/><U83/><REACH who="1" step="1"/><E34/><REACH who="1" ten="288,149,372,181" step="2"/><V93/><F87/><AGARI ba="0,1" hai="5,11,13,20,24,29,42,45,49,77,83,87,121,123" machi="87" ten="30,8000,1" yaku="1,1,2,1,7,1,25,2,53,0" doraHai="86" doraHaiUra="63" who="1" fromWho="2" sc="288,0,149,90,372,-80,181,0" /><INIT seed="8,0,0,4,2,117" ten="288,239,292,181" oya="0" hai0="109,22,27,96,42,47,86,120,84,78,133,98,71" hai1="37,14,114,21,8,12,70,43,1,2,64,39,5" hai2="26,50,115,126,107,122,65,35,100,94,10,124,134" hai3="102,125,17,23,81,101,34,24,16,32,82,74,3"/><T116/><D120/><U121/><E121/><V128/><F122/><W19/><G3/><T46/><D71/><U108/><E108/><V99/><F115/><W20/><G125/><N who="2" m="48233" /><F134/><W130/><G130/><T88/><D109/><U44/><E114/><V7/><F128/><W135/><G135/><T89/><D116/><U29/><E39/><V104/><F65/><W13/><G74/><T75/><D133/><U68/><E68/><V80/><F80/><W60/><G60/><T58/><D75/><U95/><E70/><V118/><F118/><W25/><G19/><N who="0" m="12767" /><D58/><U36/><E36/><V73/><F73/><W9/><G9/><T97/><D78/><U131/><E131/><V110/><F110/><W11/><G11/><T123/><D123/><U51/><E64/><V40/><F26/><W87/><G87/><N who="0" m="33323" /><D42/><U4/><E37/><V85/><F85/><W15/><AGARI ba="0,0" hai="13,15,16,17,20,23,24,25,32,34,81,82,101,102" machi="15" ten="25,6400,0" yaku="0,1,22,2,54,1" doraHai="117" who="3" fromWho="3" sc="288,-32,239,-16,292,-16,181,64" /><INIT seed="9,0,0,0,4,67" ten="256,223,276,245" oya="1" hai0="34,84,27,78,112,46,116,63,123,1,73,98,80" hai1="107,50,99,93,96,54,37,16,92,71,40,104,114" hai2="88,82,3,119,32,20,4,70,13,12,121,76,38" hai3="97,28,42,124,79,6,61,22,134,110,14,2,15"/><U43/><E114/><V51/><F121/><W135/><G110/><T45/><D112/><U35/><E35/><V58/><F70/><W72/><G42/><T111/><D111/><U29/><E29/><V90/><F38/><W57/><G2/><T94/><D123/><U44/><E71/><V125/><F32/><W25/><G124/><T113/><D113/><U17/><E54/><N who="2" m="32095" /><F3/><W108/><G108/><T106/><D1/><U91/><E37/><V103/><F103/><W64/><G6/><T127/><D116/><U101/><REACH who="1" step="1"/><E43/><REACH who="1" ten="256,213,276,245" step="2"/><V62/><F125/><W66/><G66/><T100/><D127/><U117/><E117/><V75/><F119/><W118/><G118/><T129/><D129/><U115/><E115/><V109/><F109/><W24/><G135/><T36/><D36/><U47/><E47/><V7/><F62/><W120/><G134/><T86/><D63/><U9/><E9/><V132/><F132/><W122/><G122/><T85/><D46/><U52/><E52/><V102/><F20/><W39/><G39/><T26/><D45/><U0/><E0/><V41/><F41/><W48/><G120/><T130/><D130/><U60/><E60/><V89/><F7/><W65/><G65/><T68/><D68/><U128/><E128/><V19/><F4/><W77/><G64/><T95/><D34/><U10/><E10/><V21/><F19/><AGARI ba="0,1" hai="16,17,19,40,44,50,91,92,93,96,99,101,104,107" machi="19" ten="40,3900,0" yaku="1,1,54,1,53,0" doraHai="67" doraHaiUra="23" who="1" fromWho="2" sc="256,0,213,49,276,-39,245,0" /><INIT seed="9,1,0,3,0,120" ten="256,262,237,245" oya="1" hai0="59,61,71,9,97,38,37,25,18,78,126,35,69" hai1="74,101,21,123,27,70,130,40,85,134,49,102,116" hai2="60,26,129,90,75,44,28,30,88,19,34,125,122" hai3="32,86,117,106,42,135,92,39,113,17,33,20,31"/><U53/><E123/><V81/><F122/><W111/><G113/><T57/><D78/><U67/><E74/><V47/><F125/><W108/><G106/><T132/><D97/><U10/><E40/><V41/><F129/><W107/><G107/><T68/><D35/><U36/><E36/><N who="0" m="13929" /><D25/><U95/><E130/><V45/><F41/><W2/><G2/><T115/><D18/><U29/><E70/><N who="0" m="27241" /><D9/><U63/><E134/><V24/><F60/><W66/><G135/><T48/><D115/><U119/><E67/><V73/><F19/><W80/><G66/><N who="0" m="41423" /><D132/><U121/><E121/><V98/><F98/><W55/><G31/><N who="2" m="11817" /><F81/><W6/><G6/><T51/><D126/><U14/><E63/><V105/><F105/><W99/><G99/><T52/><D51/><U43/><E43/><V77/><F77/><W133/><G133/><T7/><D7/><N who="1" m="3423" /><E85/><V87/><F87/><W23/><G33/><T56/><AGARI ba="1,0" hai="48,52,56,57,59" m="41423,27241,13929" machi="56" ten="40,12000,2" yaku="35,5,54,1" doraHai="120" who="0" fromWho="0" sc="256,123,262,-61,237,-31,245,-31" owari="379,48.0,201,-30.0,206,-19.0,214,1.0" /></mjloggm>