<mjloggm ver="2.3"><GO type="41" lobby="0"/><UN n0="%69%75%73%6B" n1="%53%53%52%49" n2="%E5%B0%B1%E6%B4%BB%E7%94%9F%40%E5%B7%9D%E6%9D%91%E8%BB%8D%E5%9B%A3" n3="%44%2E%4C%75%6B%65" dan="15,14,15,14" rate="1952.22,1881.34,2019.05,1888.54" sx="M,M,M,M"/><TAIKYOKU oya="0"/><INIT seed="0,0,0,4,1,57" ten="250,250,250,250" oya="0" hai0="13,106,72,128,64,23,65,3,51,59,12,37,97" hai1="109,63,21,43,1,62,18,19,32,17,73,86,75" hai2="115,94,92,114,80,45,10,126,14,55,25,42,35" hai3="91,40,79,50,4,116,111,34,96,107,11,8,56"/><T76/><D3/><U49/><E32/><V90/><F126/><W41/><G116/><T52/><D37/><U24/><E1/><V31/><F80/><W124/><G34/><T70/><D65/><U28/><E109/><V135/><F94/><W60/><G124/><T30/><D76/><U98/><E98/><V82/><F82/><W29/><G29/><T74/><D13/><U133/><E133/><V122/><F122/><W85/><G79/><T134/><D134/><U48/><E86/><V93/><F93/><W16/><G111/><T89/><D89/><U101/><E101/><V102/><F102/><W68/><G68/><T0/><D0/><U27/><E43/><V2/><F2/><W95/><G50/><T22/><D97/><U113/><E113/><V121/><F121/><W119/><G119/><T123/><D123/><U127/><E127/><V71/><F71/><W44/><G44/><T66/><D66/><U33/><E33/><V131/><F131/><W129/><G129/><T117/><D117/><U112/><E112/><V83/><F83/><W20/><G107/><T15/><D106/><U38/><E38/><V81/><F135/><W69/><G69/><T110/><D110/><U88/><E88/><V58/><F115/><W6/><G85/><T100/><D100/><U104/><E104/><V5/><F114/><W130/><G130/><T9/><D128/><U132/><E132/><V53/><F81/><W26/><G6/><N who="0" m="3127" /><D30/><U118/><E118/><V61/><F90/><W54/><G4/><T67/><D70/><U120/><E120/><V125/><F125/><RYUUKYOKU ba="0,0" sc="250,-10,250,-10,250,-10,250,30" hai3="8,11,16,20,26,40,41,54,56,60,91,95,96" /><INIT seed="1,1,0,5,0,21" ten="240,240,240,280" oya="1" hai0="65,102,51,129,59,133,134,41,55,123,82,25,52" hai1="104,121,16,15,27,0,74,91,1,64,70,58,11" hai2="56,2,132,73,20,126,18,40,88,106,83,116,122" hai3="127,8,118,128,80,112,107,115,109,85,48,10,61"/><U32/><E121/><V42/><F122/><W17/><G107/><T90/><D123/><U62/><E74/><V66/><F106/><W63/><G118/><T39/><D102/><U97/><E58/><V99/><F2/><W81/><G127/><T94/><D82/><U111/><E111/><V33/><F33/><W57/><G109/><T31/><D129/><U108/><E108/><V77/><F116/><W71/><G57/><T22/><D65/><U29/><E91/><V130/><F126/><W13/><G48/><T45/><REACH who="0" step="1"/><D55/><REACH who="0" ten="230,240,240,280" step="2"/><U28/><E28/><V5/><F130/><W19/><G128/><T23/><D23/><U6/><E6/><V44/><F5/><W50/><G115/><T114/><D114/><U3/><E3/><V75/><F75/><W4/><G112/><T53/><D53/><U125/><E125/><V86/><F132/><W14/><G4/><T131/><D131/><U101/><AGARI ba="1,1" hai="0,1,11,15,16,27,29,32,62,64,70,97,101,104" machi="101" ten="30,12000,1" yaku="0,1,25,2,52,1,54,1" doraHai="21" who="1" fromWho="1" sc="230,-41,240,133,240,-41,280,-41" /><INIT seed="1,2,0,4,0,52" ten="189,373,199,239" oya="1" hai0="108,58,5,82,26,34,62,79,23,20,39,103,0" hai1="69,59,25,38,47,29,109,106,122,74,4,28,2" hai2="83,84,40,125,102,115,100,134,89,42,72,55,51" hai3="80,54,93,18,92,112,76,104,71,117,78,33,3"/><U121/><E106/><V6/><F115/><W123/><G71/><T126/><D103/><U110/><E69/><V68/><F68/><W124/><G123/><T30/><D126/><U14/><E74/><V61/><F72/><W105/><G112/><T101/><D101/><N who="2" m="39018" /><F125/><W131/><G33/><T65/><D39/><U86/><E86/><V128/><F134/><W95/><G3/><T53/><D108/><N who="1" m="41579" /><E14/><V17/><F128/><W48/><G124/><T88/><D5/><U7/><E7/><V85/><F6/><W67/><G67/><T63/><D0/><U118/><E118/><V11/><F61/><W44/><G117/><T90/><D63/><U31/><E59/><N who="2" m="33279" /><F84/><W96/><G96/><T49/><D23/><U133/><E133/><V24/><F11/><W15/><G131/><T57/><D57/><U36/><BYE who="0" /><E25/><V120/><F120/><N who="1" m="46185" /><E47/><V129/><F129/><W16/><G18/><T60/><D60/><U10/><AGARI ba="2,0" hai="2,4,10,28,29,31,36,38" m="46185,41579" machi="10" ten="40,3900,0" yaku="14,1,10,1" doraHai="52" who="1" fromWho="1" sc="189,-15,373,45,199,-15,239,-15" /><INIT seed="1,3,0,4,0,11" ten="174,418,184,224" oya="1" hai0="27,50,14,23,62,75,33,9,49,32,109,46,76" hai1="54,1,110,99,78,120,65,55,117,93,37,98,107" hai2="71,7,103,96,84,48,101,18,10,16,104,36,30" hai3="90,132,43,22,126,38,28,58,31,13,123,89,113"/><U42/><E120/><V60/><F36/><W102/><G123/><T39/><D39/><U53/><E117/><V59/><F103/><W116/><G116/><T26/><D26/><U15/><E107/><V129/><F129/><W91/><G113/><T41/><D41/><U114/><E114/><V52/><F30/><W68/><G68/><T77/><D77/><U72/><E1/><V47/><F71/><W25/><G102/><T70/><D70/><U128/><E128/><UN n0="%69%75%73%6B" /><V35/><F84/><W135/><G126/><T105/><D105/><U2/><E2/><V106/><F35/><W80/><G31/><T34/><D109/><U122/><E122/><V51/><F51/><W17/><G80/><T119/><D119/><U97/><E110/><V4/><F4/><W124/><G124/><T61/><D49/><U67/><E93/><V63/><F63/><W88/><N who="3" m="23040" /><DORA hai="79" /><W3/><G3/><T6/><D76/><U24/><E24/><V44/><F44/><W94/><G94/><T5/><D75/><U134/><E134/><V111/><F111/><W8/><REACH who="3" step="1"/><G58/><REACH who="3" ten="174,418,184,214" step="2"/><T115/><D115/><U74/><E74/><V133/><F133/><W73/><G73/><T86/><D33/><U108/><E108/><V81/><F81/><W69/><G69/><T0/><D34/><U21/><E72/><V64/><REACH who="2" step="1"/><F106/><REACH who="2" ten="174,418,174,214" step="2"/><W19/><G19/><T40/><D32/><U12/><E78/><V112/><F112/><W83/><G83/><T92/><D0/><AGARI ba="3,2" hai="0,7,10,16,18,47,48,52,59,60,64,96,101,104" machi="0" ten="30,7700,0" yaku="1,1,7,1,54,2,53,0" doraHai="11,79" doraHaiUra="82,87" who="2" fromWho="0" sc="174,-86,418,0,174,106,214,0" /><INIT seed="2,0,0,4,2,22" ten="88,418,280,214" oya="2" hai0="49,37,66,47,123,6,29,76,128,71,93,102,65" hai1="112,88,82,118,32,21,121,96,95,43,117,125,8" hai2="54,134,120,14,127,5,81,67,69,2,59,56,4" hai3="61,115,48,55,12,26,52,133,35,13,132,58,86"/><V20/><F120/><W135/><G115/><T87/><D123/><U15/><E32/><V129/><F2/><W89/><G35/><T75/><D75/><U84/><E112/><V105/><F105/><W60/><G60/><T11/><D37/><U38/><E121/><V77/><F127/><W62/><G62/><T31/><D128/><U91/><E125/><V63/><F129/><W130/><G130/><T111/><D111/><U17/><REACH who="1" step="1"/><E8/><REACH who="1" ten="88,408,280,214" step="2"/><V34/><F34/><W90/><G90/><T74/><D11/><U107/><E107/><V83/><F134/><W30/><G89/><T23/><D23/><U98/><E98/><V16/><F69/><W116/><G116/><T25/><D71/><U110/><E110/><V73/><REACH who="2" step="1"/><F81/><REACH who="2" ten="88,408,270,214" step="2"/><W126/><G126/><T80/><D80/><U113/><E113/><V57/><F57/><W1/><G132/><T85/><D47/><AGARI ba="0,2" hai="15,17,21,38,43,47,82,84,88,91,95,96,117,118" machi="47" ten="40,2600,0" yaku="1,1,54,1,53,0" doraHai="22" doraHaiUra="51" who="1" fromWho="0" sc="88,-26,408,46,270,0,214,0" /><INIT seed="3,0,0,5,0,15" ten="62,454,270,214" oya="3" hai0="1,129,92,72,120,100,52,42,84,63,3,61,36" hai1="65,76,57,116,49,4,43,111,130,110,119,134,68" hai2="9,89,94,71,77,74,51,18,95,83,132,112,108" hai3="47,40,86,12,117,2,121,44,98,10,69,118,56"/><W5/><G69/><T13/><D120/><U70/><E76/><V80/><F71/><N who="1" m="27177" /><E4/><V127/><F112/><W21/><G121/><T126/><D72/><U45/><E134/><V124/><F51/><W115/><G115/><T99/><D63/><N who="1" m="38127" /><E130/><V32/><F32/><W24/><G2/><T102/><D102/><U78/><E78/><N who="2" m="44119" /><F9/><W27/><G27/><T82/><D126/><N who="2" m="48170" /><F18/><W58/><G47/><T53/><D129/><U131/><E131/><V113/><F113/><W97/><G118/><AGARI ba="0,0" hai="43,45,49,110,111,116,118,119" m="38127,27177" machi="118" ten="30,3900,0" yaku="12,1,34,2" doraHai="15" who="1" fromWho="3" sc="62,0,454,39,270,0,214,-39" /><INIT seed="4,0,0,5,4,22" ten="62,493,270,175" oya="0" hai0="65,21,76,82,30,33,90,40,1,103,19,79,13" hai1="11,25,88,8,93,20,104,115,37,0,12,129,89" hai2="119,36,125,2,10,41,34,23,78,70,4,98,28" hai3="43,52,87,84,101,67,75,68,116,26,16,55,64"/><T46/><D103/><U80/><E104/><V94/><F119/><W113/><G75/><T24/><D65/><N who="3" m="25161" /><G43/><T29/><D29/><U81/><E37/><V99/><F125/><W32/><G32/><T131/><D131/><U97/><E129/><V109/><F109/><W53/><G68/><T71/><D71/><U31/><E115/><V120/><F120/><W130/><G116/><T72/><D79/><U60/><E60/><V18/><F70/><W45/><G113/><T49/><REACH who="0" step="1"/><D90/><REACH who="0" ten="52,493,270,175" step="2"/><N who="1" m="55479" /><E0/><AGARI ba="0,1" hai="0,1,13,19,21,24,30,33,40,46,49,72,76,82" machi="0" ten="40,3900,0" yaku="1,1,52,1,53,0" doraHai="22" doraHaiUra="6" who="0" fromWho="1" sc="52,49,493,-39,270,0,175,0" /><INIT seed="4,1,0,1,1,94" ten="101,454,270,175" oya="0" hai0="39,114,67,11,88,75,134,36,5,14,76,56,20" hai1="27,70,1,16,49,121,37,52,93,2,38,86,77" hai2="65,55,108,89,8,112,132,97,131,98,87,130,28" hai3="113,91,68,101,120,23,48,135,60,102,0,78,104"/><T105/><D76/><U7/><E121/><V124/><F108/><W53/><G0/><T43/><D75/><U47/><E70/><V126/><F65/><W50/><G78/><T44/><D134/><U103/><E103/><V106/><F28/><W30/><G120/><T34/><D34/><U133/><E133/><V32/><F32/><W22/><G113/><T59/><D105/><U51/><E51/><V64/><F64/><W119/><G135/><T6/><D114/><U41/><E7/><V29/><F29/><W25/><G119/><T79/><D79/><U19/><E38/><V109/><F109/><W31/><G68/><T117/><D117/><U45/><E19/><V21/><F132/><W54/><G60/><T73/><D73/><U12/><E27/><V33/><F33/><W83/><G91/><T66/><D6/><U96/><E86/><V3/><F112/><W35/><G83/><T111/><D111/><U46/><E46/><V82/><F106/><W74/><G35/><T10/><D10/><U63/><E63/><V85/><F21/><W61/><G61/><T92/><D59/><U115/><E77/><N who="2" m="46287" /><F55/><W118/><G74/><T129/><D129/><N who="2" m="49162" /><F8/><W40/><G40/><T26/><D56/><U116/><E116/><V123/><F3/><W42/><G42/><T72/><D72/><U95/><E115/><V80/><F123/><W128/><G118/><T90/><D39/><U13/><E13/><V99/><AGARI ba="1,0" hai="80,87,89,97,98,99,124,126" m="49162,46287" machi="99" ten="40,12000,2" yaku="19,1,34,2,52,3" doraHai="94" who="2" fromWho="2" sc="101,-61,454,-31,270,123,175,-31" /><INIT seed="5,0,0,4,1,25" ten="40,423,393,144" oya="1" hai0="47,0,100,126,81,110,30,27,64,52,29,83,43" hai1="125,123,10,124,77,35,50,71,99,44,69,94,72" hai2="118,48,76,129,8,16,58,73,37,66,119,92,70" hai3="1,101,107,21,41,95,91,79,2,98,106,121,4"/><U82/><E123/><V6/><F37/><W9/><G121/><T131/><D110/><U42/><E35/><V97/><F70/><W32/><G32/><T15/><D0/><U117/><E117/><V19/><F129/><W46/><G2/><T132/><D131/><U22/><E22/><V7/><F76/><W61/><G61/><T31/><D64/><U13/><E13/><V39/><F39/><W133/><G133/><T87/><D27/><U102/><REACH who="1" step="1"/><E10/><REACH who="1" ten="40,413,393,144" step="2"/><V130/><F130/><W24/><G9/><T49/><D132/><U135/><E135/><V120/><F120/><W75/><G1/><T127/><D100/><U113/><E113/><V20/><F118/><W5/><G101/><T55/><D15/><U88/><E88/><N who="2" m="55431" /><F119/><W40/><G79/><T85/><D127/><AGARI ba="0,1" hai="42,44,50,69,71,72,77,82,94,99,102,124,125,127" machi="127" ten="40,3900,0" yaku="1,1,18,1,53,0" doraHai="25" doraHaiUra="11" who="1" fromWho="0" sc="40,-39,413,49,393,0,144,0" /><INIT seed="5,1,0,0,2,114" ten="1,462,393,144" oya="1" hai0="117,66,86,75,119,54,84,43,102,130,97,48,78" hai1="90,120,16,105,116,107,61,103,17,67,15,49,82" hai2="11,83,81,132,108,127,68,20,13,65,79,129,41" hai3="47,106,18,63,55,101,45,85,21,7,126,91,9"/><U98/><E116/><N who="0" m="44617" /><D66/><U46/><E120/><V42/><F108/><W88/><G126/><T52/><D52/><U104/><E82/><V94/><F129/><W64/><G55/><T24/><D24/><U95/><E103/><V99/><F132/><W31/><G31/><T74/><D54/><U57/><REACH who="1" step="1"/><E15/><REACH who="1" ten="1,452,393,144" step="2"/><V34/><F127/><W19/><G101/><T36/><D36/><U53/><AGARI ba="1,1" hai="16,17,46,49,53,57,61,67,90,95,98,104,105,107" machi="53" ten="30,11700,0" yaku="1,1,2,1,0,1,54,1,53,0" doraHai="114" doraHaiUra="71" who="1" fromWho="1" sc="1,-40,452,130,393,-40,144,-40" owari="-39,-54.0,582,69.0,353,15.0,104,-30.0" /></mjloggm>