<mjloggm ver="2.3"><GO type="97" lobby="0"/><UN n0="%E5%85%A8%E3%83%84%E5%85%A8%E9%B3%B4%E3%81%8D%E3%81%AE%E7%A5%9E" n1="%E3%83%88%E3%83%88%E3%83%AA%E5%85%88%E7%94%9F%31%39%E6%AD%B3" n2="%E8%8A%B1%E8%88%9E%E3%83%81%E3%83%AB%E3%83%8E" n3="%52%41%4C%50%48" dan="14,13,15,15" rate="1984.80,2001.75,2013.13,2045.26" sx="M,F,M,M"/><TAIKYOKU oya="0"/><INIT seed="0,0,0,3,5,67" ten="250,250,250,250" oya="0" hai0="60,73,35,28,59,108,121,39,21,78,111,86,132" hai1="2,50,74,85,7,52,63,95,93,16,62,58,83" hai2="25,112,87,43,48,55,3,54,114,18,71,12,14" hai3="103,102,69,133,125,134,40,4,81,82,109,8,99"/><T72/><D39/><U116/><E116/><V22/><F3/><W90/><G109/><N who="0" m="42059" /><D121/><U32/><E32/><V113/><F71/><W131/><G131/><T1/><D1/><U23/><E74/><V94/><F43/><W123/><G123/><T44/><D44/><U127/><E127/><V66/><F66/><W36/><G125/><T56/><D35/><U29/><E29/><V42/><F42/><W33/><G33/><T100/><D100/><U45/><E7/><V47/><F55/><W26/><G26/><N who="0" m="16463" /><D132/><N who="3" m="50793" /><G69/><T6/><D6/><U11/><E11/><V128/><F128/><W64/><G64/><N who="0" m="38919" /><D59/><U17/><E2/><V101/><F101/><N who="3" m="38411" /><G40/><T51/><D51/><U31/><E31/><V117/><F117/><W75/><G36/><T57/><D57/><U120/><E120/><V122/><F122/><W41/><G41/><T97/><D97/><U37/><E37/><V92/><F87/><W104/><G75/><T34/><D34/><U91/><E17/><V118/><F118/><W110/><G110/><T9/><D9/><U96/><E96/><V124/><F124/><W107/><G107/><T89/><D78/><U88/><E62/><V5/><F5/><W49/><G104/><T129/><D129/><U13/><E91/><V20/><F25/><W106/><G106/><T98/><D98/><U10/><E23/><V84/><F84/><W68/><G68/><T0/><D0/><U46/><E46/><V79/><F79/><W27/><G27/><T53/><D53/><AGARI ba="0,0" hai="10,13,16,45,50,52,53,58,63,83,85,88,93,95" machi="53" ten="30,12000,2" yaku="7,1,25,2,8,1,54,3" doraHai="67" who="1" fromWho="0" sc="250,-120,250,120,250,0,250,0" /><INIT seed="1,0,0,3,0,124" ten="130,370,250,250" oya="1" hai0="119,5,126,51,73,17,123,76,91,80,19,63,102" hai1="84,61,89,56,23,81,35,116,12,4,42,43,88" hai2="98,52,110,130,127,113,29,104,49,20,16,132,77" hai3="114,27,11,24,47,93,48,106,21,78,94,105,92"/><U54/><E116/><V30/><F110/><W90/><G114/><T74/><D123/><U46/><E35/><V131/><F127/><W2/><G78/><T0/><D126/><U7/><E43/><V100/><F113/><W125/><G125/><T64/><D119/><U112/><E112/><V121/><F121/><W129/><G129/><N who="2" m="49161" /><F77/><W62/><G62/><T1/><D102/><U103/><E103/><V99/><F99/><W107/><G90/><T96/><D74/><U34/><E34/><V75/><F75/><W41/><G21/><T37/><D37/><U8/><E23/><V44/><F132/><W22/><REACH who="3" step="1"/><G22/><REACH who="3" ten="130,370,250,240" step="2"/><T118/><D118/><U60/><E60/><V33/><F33/><W25/><G25/><AGARI ba="0,1" hai="16,20,25,29,30,44,49,52,98,100,104" m="49161" machi="25" ten="30,12000,2" yaku="19,1,52,3,54,2" doraHai="124" who="2" fromWho="3" sc="130,0,370,0,250,130,240,-120" /><INIT seed="2,0,0,3,5,120" ten="130,370,380,120" oya="2" hai0="135,101,50,23,13,5,78,76,61,82,53,35,110" hai1="124,103,100,31,7,96,87,71,131,85,117,28,89" hai2="10,92,123,121,86,8,58,43,56,72,68,46,98" hai3="102,1,22,51,69,130,77,113,29,129,0,81,128"/><V26/><F72/><W55/><G69/><T84/><D135/><U134/><E117/><V99/><F68/><W49/><G113/><T114/><D114/><U11/><E71/><V30/><F86/><W25/><G102/><T90/><D35/><U59/><E134/><V80/><F80/><W17/><G17/><T115/><D115/><U122/><E131/><V93/><F43/><W104/><G104/><T38/><D38/><U44/><E124/><V52/><F26/><W39/><G39/><T18/><D110/><U47/><E122/><V33/><F33/><W6/><G6/><T133/><D133/><U45/><E59/><V21/><F30/><W41/><G41/><T91/><D101/><U3/><E100/><V109/><F109/><W9/><G9/><T65/><D5/><U57/><E57/><V66/><F66/><W79/><G49/><T42/><D42/><U112/><E85/><V63/><F63/><W15/><G15/><T108/><D108/><U40/><E112/><V105/><F105/><W67/><G67/><T97/><D61/><U95/><REACH who="1" step="1"/><E40/><REACH who="1" ten="130,360,380,120" step="2"/><V88/><F46/><W126/><G126/><T125/><D125/><U75/><E75/><V83/><F121/><W12/><G77/><N who="0" m="29803" /><D65/><U36/><E36/><V106/><F123/><W16/><G79/><N who="0" m="46175" /><D97/><U32/><E32/><V62/><F58/><AGARI ba="0,1" hai="13,18,23,50,53,58,90,91" m="46175,29803" machi="58" ten="30,1000,0" yaku="8,1" doraHai="120" who="0" fromWho="2" sc="130,20,360,0,380,-10,120,0" /><INIT seed="3,0,0,2,1,36" ten="150,360,370,120" oya="3" hai0="0,68,66,33,134,67,89,108,5,93,98,103,102" hai1="79,53,19,14,113,120,59,128,91,11,3,124,56" hai2="82,26,94,24,90,85,39,69,107,21,7,6,112" hai3="45,123,52,86,106,95,29,54,44,18,30,49,47"/><W116/><G116/><T77/><D134/><U1/><E113/><V80/><F112/><W13/><G106/><T63/><D33/><U75/><E120/><V87/><F107/><W72/><G123/><T60/><D108/><U110/><E110/><V109/><F109/><W32/><G72/><T64/><D77/><U48/><E128/><V81/><F69/><W101/><G32/><T4/><D0/><U125/><E91/><N who="2" m="53631" /><F39/><W17/><G54/><T118/><D118/><U31/><E31/><N who="3" m="11786" /><G18/><T8/><D8/><U78/><E59/><V99/><F99/><N who="3" m="59647" /><G86/><T16/><D16/><U84/><E75/><V127/><F127/><N who="1" m="48713" /><E84/><V10/><F10/><AGARI ba="0,0" hai="10,13,17,44,45,47,49,52" m="59647,11786" machi="10" ten="30,2900,0" yaku="8,1,54,1" doraHai="36" who="3" fromWho="2" sc="150,0,360,0,370,-29,120,29" /><INIT seed="3,1,0,5,5,132" ten="150,360,341,149" oya="3" hai0="72,112,23,79,20,95,67,37,134,50,120,5,30" hai1="48,119,15,80,31,1,98,92,26,49,42,129,66" hai2="87,38,78,32,43,93,18,17,70,40,46,107,114" hai3="69,102,111,55,124,82,103,88,97,90,47,64,11"/><W16/><G124/><T65/><D37/><U54/><E1/><V108/><F107/><W21/><G111/><T101/><D120/><U8/><E129/><V33/><F114/><W91/><G11/><T110/><D110/><U76/><E119/><V59/><F70/><W24/><G64/><N who="0" m="24651" /><D72/><U133/><E133/><V77/><F108/><W99/><G69/><T57/><D79/><U34/><E42/><V36/><F59/><W9/><G82/><T63/><D134/><U109/><E54/><V39/><F93/><W60/><G9/><T81/><D81/><U123/><E66/><V94/><F94/><N who="3" m="56543" /><G47/><T22/><D5/><U2/><E2/><V52/><F52/><W125/><G125/><T73/><D73/><U135/><E123/><V83/><F36/><W118/><G118/><T0/><D0/><U85/><E135/><V6/><F6/><W62/><G62/><T116/><D116/><U19/><E109/><V13/><F78/><W106/><G106/><T105/><D105/><U41/><E41/><V10/><F17/><W75/><G75/><T113/><D50/><U4/><E4/><V58/><F58/><N who="3" m="34911" /><G99/><N who="0" m="59647" /><D30/><U84/><E84/><V131/><F131/><W45/><G45/><AGARI ba="1,0" hai="10,13,18,32,33,38,39,40,43,45,46,77,83,87" machi="45" ten="40,1300,0" yaku="9,1" doraHai="132" who="2" fromWho="3" sc="150,0,360,0,341,16,149,-16" owari="150,-25.0,360,46.0,357,16.0,133,-37.0" /></mjloggm>