<mjloggm ver="2.3"><GO type="225" lobby="0"/><UN n0="%E5%85%88%E2%99%80%E7%94%9F" n1="%E2%98%86%E3%82%B7%E3%83%A3%E3%83%81%E3%83%8F%E3%82%B2%CE%B2%E2%98%86" n2="%E8%90%BD%E9%9B%B7" n3="%E3%83%88%E3%83%88%E3%83%AA%E5%85%88%E7%94%9F%31%39%E6%AD%B3" dan="16,17,16,16" rate="2120.97,2157.05,2111.98,2111.86" sx="F,M,M,F"/><TAIKYOKU oya="0"/><INIT seed="0,0,0,2,5,110" ten="250,250,250,250" oya="0" hai0="127,16,106,47,96,10,11,41,43,118,52,34,132" hai1="39,14,129,109,15,30,111,95,79,72,120,54,75" hai2="58,81,6,121,20,62,123,51,29,49,115,70,90" hai3="44,85,28,87,77,24,42,112,98,130,101,26,25"/><T107/><D118/><U13/><E120/><V100/><F70/><W99/><G130/><T27/><D132/><U71/><E129/><V59/><F100/><W88/><G112/><T83/><D127/><U40/><E71/><V84/><F6/><W63/><G28/><T92/><D106/><U89/><E30/><V18/><F29/><W116/><G116/><T50/><D107/><U105/><E105/><V46/><F115/><W133/><G133/><T5/><D34/><U104/><E104/><V131/><F131/><W103/><G63/><T57/><D83/><U33/><E33/><V117/><F117/><W126/><G126/><T38/><D43/><U78/><E54/><V102/><F102/><W97/><G85/><T73/><D73/><U23/><E23/><V61/><F121/><W55/><G77/><T94/><D96/><U22/><E22/><V4/><F4/><W48/><REACH who="3" step="1"/><G42/><REACH who="3" ten="250,250,250,240" step="2"/><T21/><REACH who="0" step="1"/><D11/><REACH who="0" ten="240,250,250,240" step="2"/><U76/><E75/><V12/><F123/><W69/><G69/><T45/><D45/><N who="1" m="23711" /><E72/><V1/><F46/><W19/><G19/><T86/><D86/><U36/><E111/><V0/><F84/><W67/><G67/><T135/><D135/><U68/><E109/><V128/><F18/><W9/><G9/><T32/><D32/><U124/><E124/><V35/><F35/><W134/><G134/><T17/><D17/><U113/><E113/><V7/><F128/><W82/><AGARI ba="0,2" hai="24,25,26,44,48,55,82,87,88,97,98,99,101,103" machi="82" ten="30,12000,2" yaku="1,1,0,1,8,1,54,1,53,3" doraHai="110" doraHaiUra="93" who="3" fromWho="3" sc="240,-60,250,-30,250,-30,240,140" /><INIT seed="1,0,0,0,3,8" ten="180,220,220,380" oya="1" hai0="103,4,1,66,118,44,13,50,62,89,3,18,92" hai1="58,37,109,54,108,9,20,5,67,72,16,77,53" hai2="123,128,80,23,2,45,86,93,71,6,11,27,17" hai3="124,76,40,79,111,113,64,51,39,122,65,82,36"/><U81/><E37/><V100/><F123/><W98/><G122/><T131/><D118/><U127/><E67/><V95/><F71/><W57/><G113/><T78/><D131/><U31/><E31/><V87/><F128/><W126/><G111/><N who="1" m="42570" /><E58/><V29/><F100/><W101/><G79/><T41/><D78/><U107/><E107/><V83/><F45/><N who="3" m="26023" /><G57/><T32/><D103/><U10/><E10/><V48/><F48/><W90/><G90/><T69/><D32/><U91/><E91/><V7/><F7/><W70/><G64/><T14/><D4/><U104/><E127/><N who="3" m="48682" /><G65/><T0/><REACH who="0" step="1"/><D18/><REACH who="0" ten="170,220,220,380" step="2"/><U25/><E104/><V28/><F17/><W106/><G70/><T97/><AGARI ba="0,1" hai="0,1,3,13,14,41,44,50,62,66,69,89,92,97" machi="97" ten="30,12000,2" yaku="1,1,2,1,0,1,52,2,53,1" doraHai="8" doraHaiUra="84" who="0" fromWho="0" sc="170,130,220,-60,220,-30,380,-30" /><INIT seed="2,0,0,0,3,43" ten="300,160,190,350" oya="2" hai0="119,81,94,73,36,24,78,118,132,70,93,130,120" hai1="124,128,15,92,7,62,4,57,90,117,63,21,86" hai2="35,27,87,88,16,84,12,25,6,64,85,100,79" hai3="49,55,114,2,14,66,51,110,80,42,45,0,67"/><V1/><F35/><W98/><G110/><T113/><D70/><U10/><E128/><V48/><F100/><W19/><G114/><T33/><D36/><U102/><E124/><V127/><F127/><W108/><G108/><T46/><D113/><U31/><E117/><N who="0" m="44553" /><D120/><U11/><E102/><V23/><F64/><W112/><G112/><T9/><D130/><U96/><E86/><N who="2" m="33387" /><F1/><W41/><G41/><T37/><D132/><U39/><E39/><V103/><F103/><W71/><G71/><T17/><D9/><U135/><E135/><V40/><F6/><W18/><G80/><T65/><D65/><U106/><E106/><V5/><F5/><W129/><G129/><T58/><D58/><U115/><E115/><V122/><F79/><W29/><G2/><T69/><D69/><U126/><E126/><V97/><F97/><W8/><G98/><T105/><D105/><U95/><E95/><N who="2" m="54687" /><F122/><W34/><G0/><T82/><D82/><U32/><E32/><V56/><F56/><W101/><G67/><T133/><D133/><U53/><E11/><V76/><F76/><W111/><G66/><T89/><D89/><U121/><E121/><V125/><F125/><W72/><G101/><T54/><D37/><U59/><E4/><V131/><F131/><W47/><G111/><T13/><D33/><U44/><E59/><V60/><F60/><W75/><G34/><T68/><D68/><U50/><REACH who="1" step="1"/><E57/><REACH who="1" ten="300,150,190,350" step="2"/><V3/><F3/><W116/><G116/><T74/><D94/><U26/><AGARI ba="0,1" hai="7,10,15,21,26,31,44,50,53,62,63,90,92,96" machi="26" ten="30,8000,1" yaku="1,1,2,1,0,1,8,1,52,1,53,0" doraHai="43" doraHaiUra="99" who="1" fromWho="1" sc="300,-20,150,90,190,-40,350,-20" /><INIT seed="3,0,0,4,1,43" ten="280,240,150,330" oya="3" hai0="71,51,23,133,22,64,134,124,131,118,121,89,36" hai1="132,0,32,78,85,48,119,67,18,61,4,28,111" hai2="93,10,7,112,94,91,98,33,77,54,2,49,65" hai3="59,105,95,3,128,31,14,74,53,116,52,9,72"/><W115/><G115/><T80/><D22/><U39/><E111/><V97/><F112/><W79/><G105/><T103/><D103/><U126/><E126/><V35/><F65/><W81/><G116/><T20/><D23/><U110/><E132/><N who="0" m="50793" /><D20/><U84/><E110/><V107/><F107/><W15/><G74/><T8/><D8/><U40/><E39/><V104/><F104/><W68/><G31/><T82/><D82/><U13/><E119/><V125/><F77/><W86/><G9/><T5/><D5/><U96/><E0/><V27/><F27/><W1/><G81/><T73/><D89/><U6/><E96/><V66/><F66/><W75/><G79/><T19/><D19/><U108/><E108/><V92/><F92/><W106/><G95/><T83/><D83/><U26/><E78/><V34/><F34/><W16/><G16/><T120/><D80/><U123/><E123/><N who="0" m="47177" /><D73/><U63/><E63/><V130/><F130/><W101/><G128/><T24/><D24/><U87/><E18/><V60/><F60/><W25/><G25/><T114/><D36/><U45/><REACH who="1" step="1"/><E13/><REACH who="1" ten="280,230,150,330" step="2"/><V17/><F17/><W21/><G14/><T76/><D76/><U12/><E12/><V62/><F62/><W90/><G15/><T11/><D118/><U41/><E41/><V29/><F125/><W109/><G75/><T70/><D124/><U46/><E46/><V38/><F38/><W99/><G72/><T135/><D135/><U113/><E113/><V44/><REACH who="2" step="1"/><F29/><REACH who="2" ten="280,230,140,330" step="2"/><W69/><G109/><T50/><D114/><U56/><AGARI ba="0,2" hai="4,6,26,28,32,40,45,48,56,61,67,84,85,87" machi="56" ten="30,4000,0" yaku="1,1,0,1,52,1,53,0" doraHai="43" doraHaiUra="122" who="1" fromWho="1" sc="280,-10,230,60,140,-10,330,-20" owari="270,-13.0,290,9.0,130,-37.0,310,41.0" /></mjloggm>