<mjloggm ver="2.3"><GO type="41" lobby="0"/><UN n0="%41%4B%41%53%41" n1="%E5%B0%B1%E6%B4%BB%E7%94%9F%40%E5%B7%9D%E6%9D%91%E8%BB%8D%E5%9B%A3" n2="%74%65%6E%6E%63%79%61" n3="%E5%B9%B3%E5%92%8C%E3%81%8C%E4%B8%80%E7%95%AA%5E%5E" dan="14,14,14,14" rate="1938.01,1937.40,1822.80,2093.18" sx="M,M,M,F"/><TAIKYOKU oya="0"/><INIT seed="0,0,0,5,2,131" ten="250,250,250,250" oya="0" hai0="57,54,118,38,124,30,49,48,55,103,104,47,100" hai1="17,62,74,6,26,13,95,35,44,102,24,3,120" hai2="84,40,106,1,0,50,39,90,91,67,71,16,133" hai3="97,21,36,10,82,98,14,94,34,130,75,15,113"/><T114/><D118/><U128/><E74/><V8/><F106/><W69/><G113/><T59/><D114/><U129/><E120/><V58/><F39/><W112/><G112/><T70/><D70/><U107/><E107/><V119/><F71/><W53/><G34/><T46/><D30/><N who="1" m="19911" /><E62/><V2/><F119/><W31/><G130/><N who="1" m="50282" /><E95/><V61/><F40/><W115/><G115/><T7/><D7/><U76/><E44/><V33/><F33/><W60/><G36/><T86/><D86/><U96/><E76/><V110/><F110/><W105/><G105/><T65/><D38/><U111/><E96/><V123/><F123/><W92/><G94/><T42/><D65/><U68/><E102/><V121/><F121/><W29/><G97/><T132/><D104/><U77/><E77/><V108/><F108/><W88/><G75/><T134/><D124/><U72/><E72/><V127/><F127/><W11/><G82/><T73/><D73/><U5/><E68/><V41/><F41/><AGARI ba="0,0" hai="41,42,46,47,48,49,54,55,57,59,100,103,132,134" machi="41" ten="25,9600,0" yaku="22,2,52,2" doraHai="131" who="0" fromWho="2" sc="250,96,250,0,250,-96,250,0" /><INIT seed="0,1,0,0,4,66" ten="346,250,154,250" oya="0" hai0="81,31,114,9,73,39,38,47,79,16,35,27,12" hai1="106,112,75,118,6,102,133,120,45,59,95,76,40" hai2="46,10,36,67,72,105,24,98,70,7,121,124,99" hai3="17,14,108,89,107,11,126,54,22,23,4,101,103"/><T117/><D117/><U13/><E106/><V53/><F121/><W1/><G108/><T20/><D114/><U94/><E120/><V88/><F72/><W21/><G126/><T44/><REACH who="0" step="1"/><D35/><REACH who="0" ten="336,250,154,250" step="2"/><U100/><E112/><V127/><F105/><W90/><G107/><T131/><D131/><U83/><E118/><V71/><F67/><W0/><G1/><T109/><D109/><U51/><E133/><V123/><F123/><W8/><G54/><T84/><D84/><U61/><E102/><V82/><F124/><W78/><G101/><T128/><D128/><U93/><E100/><V43/><F127/><W85/><G103/><T52/><D52/><U2/><E75/><V135/><F53/><W92/><G85/><T18/><D18/><U132/><E6/><V58/><F135/><W77/><G4/><T113/><D113/><U30/><E132/><V65/><F24/><W19/><G17/><T48/><D48/><U104/><E51/><V110/><F110/><W50/><G50/><T69/><D69/><U5/><E5/><V32/><F32/><W25/><G25/><T111/><D111/><U68/><E68/><V33/><F33/><W97/><G19/><T122/><D122/><U15/><E2/><V125/><F125/><W115/><G0/><T34/><D34/><U56/><E15/><V87/><F71/><W60/><G115/><T3/><D3/><U119/><E13/><N who="2" m="5343" /><F70/><W96/><G14/><T63/><D63/><U91/><E61/><N who="2" m="38071" /><F36/><AGARI ba="1,1" hai="9,12,16,20,27,31,36,38,39,44,47,73,79,81" machi="36" ten="40,3900,0" yaku="1,1,54,1,53,0" doraHai="66" doraHaiUra="116" who="0" fromWho="2" sc="336,52,250,0,154,-42,250,0" /><INIT seed="0,2,0,5,1,30" ten="388,250,112,250" oya="0" hai0="55,5,96,89,101,87,106,51,46,93,48,109,16" hai1="70,68,23,54,85,79,78,62,81,47,67,42,13" hai2="1,99,105,50,121,92,12,94,57,122,29,120,117" hai3="43,49,125,64,18,135,24,26,25,36,32,74,127"/><T2/><D109/><U14/><E70/><V59/><F1/><W129/><G135/><T3/><D5/><U6/><E54/><V53/><F29/><W102/><G129/><T82/><D51/><U76/><E14/><V19/><F117/><W11/><G36/><T133/><D133/><U0/><E0/><V111/><F111/><W98/><G74/><T20/><REACH who="0" step="1"/><D106/><REACH who="0" ten="378,250,112,250" step="2"/><U130/><E130/><V124/><F105/><W52/><G49/><T21/><D21/><U41/><E41/><V86/><F124/><W38/><G43/><T84/><D84/><U112/><E112/><V9/><F86/><W63/><G125/><T77/><D77/><U119/><E119/><V126/><F126/><W61/><G127/><T34/><D34/><U107/><E107/><V97/><REACH who="2" step="1"/><F59/><REACH who="2" ten="378,250,102,250" step="2"/><W39/><G38/><T40/><D40/><U100/><E42/><V58/><F58/><W27/><G39/><T104/><D104/><U115/><E85/><V15/><F15/><AGARI ba="2,2" hai="2,3,15,16,20,46,48,55,82,87,89,93,96,101" machi="15" ten="30,11600,0" yaku="1,1,7,1,54,1,53,1" doraHai="30" doraHaiUra="17" who="0" fromWho="2" sc="378,142,250,0,102,-122,250,0" owari="520,62.0,250,5.0,-20,-52.0,250,-15.0" /></mjloggm>