<mjloggm ver="2.3"><GO type="225" lobby="0"/><UN n0="%E3%82%AB%E3%83%9C%E3%83%81%E3%83%A3%E3%82%BF%E3%83%8D" n1="%E3%81%86%E3%81%AA%E3%81%8E" n2="%E3%83%88%E3%83%88%E3%83%AA%E5%85%88%E7%94%9F%31%39%E6%AD%B3" n3="%48%69%74%6C%65%72" dan="16,16,18,16" rate="2130.85,2028.21,2283.80,2158.92" sx="M,F,F,M"/><TAIKYOKU oya="0"/><INIT seed="0,0,0,3,4,96" ten="250,250,250,250" oya="0" hai0="31,51,69,97,129,87,123,118,62,44,84,94,47" hai1="12,92,112,9,88,77,4,43,100,67,49,121,134" hai2="71,93,107,8,85,75,53,125,86,54,24,74,78" hai3="99,105,56,41,127,11,35,60,66,110,70,26,117"/><T89/><D118/><U57/><E121/><V82/><F71/><W32/><G117/><T114/><D114/><U5/><E77/><V126/><F8/><W95/><G110/><T133/><D123/><U40/><E134/><V52/><F107/><W36/><G105/><T16/><D133/><U61/><E112/><V116/><F116/><W128/><G128/><T65/><D129/><U45/><E100/><V42/><F42/><W3/><G127/><N who="2" m="48649" /><F24/><W90/><G26/><T72/><D72/><N who="2" m="27690" /><F93/><W23/><G23/><T34/><D47/><U22/><E22/><V0/><F0/><W20/><G20/><T109/><D109/><U15/><E15/><V111/><F111/><W39/><G70/><T122/><D122/><U63/><E43/><V80/><F78/><W83/><G41/><T124/><D124/><U104/><E104/><V91/><F91/><W113/><G113/><T21/><D34/><U59/><E88/><V30/><F30/><W2/><G83/><AGARI ba="0,0" hai="52,53,54,80,82,83,85,86" m="27690,48649" machi="83" ten="40,8000,1" yaku="28,2,18,1,54,1" doraHai="96" who="2" fromWho="3" sc="250,0,250,0,250,80,250,-80" /><INIT seed="1,0,0,0,3,126" ten="250,250,330,170" oya="1" hai0="37,59,64,108,33,131,73,99,93,49,45,78,70" hai1="22,86,21,55,114,56,12,42,63,46,118,0,89" hai2="130,107,112,32,101,11,94,14,120,79,91,4,96" hai3="97,75,7,69,121,110,29,50,19,17,135,43,1"/><U28/><E0/><V39/><F120/><W124/><G121/><T122/><D122/><U48/><E118/><V26/><F39/><W117/><G117/><T67/><D33/><U113/><E28/><V95/><F112/><W102/><G124/><T36/><D108/><U119/><E119/><V66/><F130/><W44/><G75/><T35/><D35/><U74/><E74/><V133/><F133/><W34/><G110/><T81/><D70/><U127/><E127/><V125/><F125/><W6/><G135/><T104/><D104/><U10/><E113/><V54/><F79/><W40/><G40/><T57/><D37/><U27/><E27/><V23/><F32/><W8/><G69/><T115/><D36/><U132/><E132/><V18/><F66/><W106/><REACH who="3" step="1"/><G6/><REACH who="3" ten="250,250,330,160" step="2"/><T103/><D115/><U68/><E68/><V9/><F4/><W20/><G20/><T77/><D73/><U88/><E114/><V60/><F11/><W24/><AGARI ba="0,1" hai="1,7,8,17,19,24,29,34,43,44,50,97,102,106" machi="24" ten="30,2000,0" yaku="1,1,0,1,53,0" doraHai="126" doraHaiUra="52" who="3" fromWho="3" sc="250,-5,250,-10,330,-5,160,30" /><INIT seed="2,0,0,2,1,75" ten="245,240,325,190" oya="2" hai0="77,93,83,129,106,108,114,68,84,104,120,49,103" hai1="2,67,0,57,64,99,30,17,42,96,86,55,91" hai2="88,52,54,94,7,19,115,127,16,4,89,38,133" hai3="10,53,14,126,48,134,107,72,33,50,124,105,122"/><V20/><F115/><W111/><G122/><T21/><D68/><U112/><E30/><V81/><F38/><W36/><G36/><T61/><D120/><U25/><E42/><V56/><F133/><W82/><G33/><T98/><D114/><U102/><E112/><V117/><F117/><W18/><G134/><T100/><D61/><U34/><E34/><V11/><F127/><N who="3" m="48683" /><G111/><T119/><D108/><U90/><E2/><V58/><F81/><W47/><G50/><T8/><D8/><U135/><E0/><V5/><F11/><W109/><G109/><T71/><D71/><U110/><E110/><V69/><F69/><W73/><G73/><T24/><D119/><U6/><E6/><V70/><F70/><W12/><G12/><T59/><D129/><U123/><E123/><V113/><F113/><W118/><G118/><T85/><D49/><U27/><E27/><N who="2" m="14727" /><F19/><W28/><G28/><T132/><D59/><N who="2" m="22570" /><F89/><W63/><G63/><T26/><D132/><U78/><E90/><V22/><F22/><W116/><G116/><T41/><D21/><N who="1" m="13487" /><E91/><V66/><F66/><W15/><G15/><T43/><D24/><U40/><E64/><V121/><F121/><W35/><G35/><T1/><D26/><U51/><E67/><V9/><F9/><W45/><G45/><T44/><D1/><U87/><E135/><V31/><F31/><W74/><G74/><N who="0" m="43447" /><D44/><U23/><E23/><V79/><F5/><W39/><G39/><T76/><D43/><U37/><E37/><V128/><F7/><W80/><G72/><T13/><D41/><U92/><E40/><RYUUKYOKU ba="0,0" sc="245,-10,240,-10,325,-10,190,30" hai3="10,14,18,47,48,53,80,82,105,107" /><INIT seed="3,1,0,1,3,47" ten="235,230,315,220" oya="3" hai0="80,115,29,132,86,82,34,30,73,64,51,8,98" hai1="128,1,24,59,21,110,74,96,50,72,87,40,101" hai2="38,14,104,84,46,15,28,122,5,22,85,32,107" hai3="90,12,37,6,18,130,134,121,135,19,76,88,133"/><W26/><G121/><T16/><D132/><N who="3" m="33793" /><W58/><DORA hai="93" /><G37/><T81/><D115/><U95/><E1/><V124/><F32/><W7/><G130/><T116/><D116/><U126/><E128/><V78/><F46/><W105/><G105/><T39/><D39/><U125/><E110/><V48/><F38/><W70/><G70/><T49/><D73/><U57/><E87/><V108/><F22/><N who="3" m="13663" /><G76/><T92/><D86/><U113/><E113/><V118/><F78/><W17/><G58/><T23/><D8/><U27/><E72/><V31/><F108/><W2/><G2/><T35/><D64/><U123/><E74/><V11/><F107/><W109/><G109/><T33/><D30/><N who="1" m="17679" /><E123/><V41/><F104/><W103/><G103/><T102/><REACH who="0" step="1"/><D29/><REACH who="0" ten="225,230,315,220" step="2"/><U42/><E27/><AGARI ba="1,1" hai="16,23,27,33,34,35,49,51,80,81,82,92,98,102" machi="27" ten="50,12000,2" yaku="1,1,2,1,52,3,54,1,53,1" doraHai="47,93" doraHaiUra="63,94" who="0" fromWho="1" sc="225,133,230,-123,315,0,220,0" owari="358,45.0,107,-39.0,315,12.0,220,-18.0" /></mjloggm>