<mjloggm ver="2.3"><GO type="169" lobby="0"/><UN n0="%4B%61%42%45" n1="%E4%B8%AD%E6%9D%91%E8%B1%AA" n2="%53%47%59%4D%48%52%4B%31" n3="%E3%82%A6%E3%83%AB%E3%83%88%E3%83%A9%E7%AB%8B%E7%9B%B4" dan="16,17,16,17" rate="2164.44,2145.61,2085.26,2218.09" sx="F,M,M,M"/><TAIKYOKU oya="0"/><INIT seed="0,0,0,3,5,83" ten="250,250,250,250" oya="0" hai0="131,10,126,61,34,38,20,22,40,121,60,51,18" hai1="72,132,69,13,35,28,65,82,41,39,85,120,7" hai2="48,32,59,134,112,4,116,96,106,30,89,92,8" hai3="114,36,26,52,27,119,49,0,76,3,62,11,58"/><T115/><BYE who="1" /><D115/><U56/><E56/><V123/><F112/><W31/><G36/><T74/><D34/><U67/><E67/><V5/><F123/><W104/><G114/><T129/><D121/><U79/><E79/><V16/><F116/><W107/><G119/><T29/><D38/><UN n1="%E4%B8%AD%E6%9D%91%E8%B1%AA" /><U95/><E72/><V55/><F134/><W91/><G76/><T128/><D74/><U130/><E130/><V87/><F32/><W100/><G100/><T17/><D126/><U44/><E132/><V57/><F30/><W21/><G107/><T50/><D10/><U63/><E120/><V133/><F133/><W111/><G104/><T68/><D68/><U102/><E28/><V109/><F109/><W64/><G111/><T6/><D6/><U43/><E35/><V93/><F106/><W108/><G108/><T46/><D29/><U47/><E95/><V113/><F59/><W90/><G27/><N who="0" m="14735" /><D50/><U103/><E7/><V75/><F75/><W66/><G11/><T84/><D84/><U127/><E127/><V98/><F113/><W70/><REACH who="3" step="1"/><G66/><REACH who="3" ten="250,250,250,240" step="2"/><T97/><D97/><U117/><E117/><V124/><F124/><W99/><G99/><T118/><D118/><U71/><E103/><N who="2" m="60807" /><F98/><W105/><G105/><T24/><AGARI ba="0,1" hai="18,22,24,40,46,51,60,61,128,129,131" m="14735" machi="24" ten="30,1500,0" yaku="19,1" doraHai="83" who="0" fromWho="0" sc="250,25,250,-5,250,-5,240,-5" /><INIT seed="0,1,0,1,1,100" ten="275,245,245,235" oya="0" hai0="130,5,69,35,0,62,120,36,111,114,78,98,30" hai1="104,97,32,99,41,80,39,93,65,113,127,38,10" hai2="56,43,23,8,33,51,2,135,26,70,13,118,74" hai3="76,95,125,63,110,24,21,52,28,27,122,49,40"/><T48/><D36/><U121/><E32/><V34/><F74/><W47/><G125/><T1/><D114/><U133/><E121/><V75/><F70/><W3/><G110/><T45/><D120/><U37/><E133/><V72/><F2/><W92/><G3/><T68/><D111/><U116/><E116/><V71/><F71/><W86/><G122/><T59/><D130/><U83/><E127/><V67/><F118/><W9/><G9/><T84/><D0/><U42/><E65/><V64/><F135/><W109/><G109/><T46/><D46/><U77/><E113/><V82/><F72/><W89/><G76/><T11/><D30/><U25/><E25/><V94/><F94/><W60/><G92/><T81/><D35/><U73/><E10/><V79/><F34/><W58/><REACH who="3" step="1"/><G27/><REACH who="3" ten="275,245,245,225" step="2"/><T7/><D7/><U19/><E93/><V106/><F8/><W101/><G101/><T123/><D123/><U103/><E103/><V124/><F124/><W108/><G108/><T88/><D78/><U6/><E77/><V53/><F75/><W87/><G87/><T50/><D98/><U117/><E99/><V128/><F79/><W55/><G55/><T134/><D134/><U91/><E97/><V4/><F128/><W17/><G17/><T12/><D1/><U18/><E19/><V16/><F43/><W15/><G15/><T22/><D12/><U54/><E18/><V131/><F131/><W61/><AGARI ba="1,1" hai="21,24,28,40,47,49,52,58,60,61,63,86,89,95" machi="61" ten="20,8000,1" yaku="1,1,0,1,7,1,8,1,54,1,53,0" doraHai="100" doraHaiUra="119" who="3" fromWho="3" sc="275,-41,245,-21,245,-21,225,93" /><INIT seed="1,0,0,2,1,2" ten="234,224,224,318" oya="1" hai0="91,86,32,70,60,116,67,43,59,50,64,13,127" hai1="71,29,121,0,80,47,27,134,126,73,98,92,96" hai2="119,37,106,20,19,125,129,99,30,132,39,75,51" hai3="87,45,76,44,1,63,123,26,61,21,79,112,128"/><U130/><E71/><V108/><F119/><W33/><G33/><T85/><D116/><U40/><E121/><V36/><F75/><W23/><G1/><T54/><D32/><U16/><E130/><V66/><F129/><W12/><G112/><T25/><D127/><U41/><E134/><V120/><F120/><W11/><G123/><T133/><D25/><U74/><E126/><V9/><F125/><W102/><G102/><T131/><D133/><U17/><E0/><V101/><F132/><W48/><G45/><N who="0" m="25919" /><D70/><U89/><E98/><V53/><F66/><N who="0" m="25130" /><D131/><U68/><E68/><V34/><F108/><W18/><G23/><T55/><D91/><U90/><E40/><V5/><F34/><W103/><G103/><T97/><D97/><U107/><E107/><V105/><F105/><W135/><G135/><T100/><D100/><U94/><E73/><V35/><F35/><W46/><G46/><T104/><D104/><U49/><E80/><V28/><F28/><W113/><G113/><T69/><D69/><U62/><E74/><V65/><F30/><W82/><G76/><T88/><D55/><U115/><E115/><V72/><F72/><W38/><G38/><T58/><D58/><U95/><E96/><V31/><F65/><W118/><G118/><T8/><D88/><N who="1" m="33899" /><E29/><V42/><F31/><N who="3" m="17871" /><G128/><T52/><D54/><AGARI ba="0,0" hai="11,12,18,44,48,54,61,63,79,82,87" m="17871" machi="54" ten="30,1000,0" yaku="8,1" doraHai="2" who="3" fromWho="0" sc="234,-10,224,0,224,0,318,10" /><INIT seed="2,0,0,4,3,5" ten="224,224,224,328" oya="2" hai0="81,106,55,35,82,0,10,76,90,96,6,75,8" hai1="69,46,117,33,99,109,3,123,124,59,27,68,85" hai2="98,135,100,115,44,125,83,41,34,21,36,30,18" hai3="105,113,63,24,14,72,1,80,54,9,92,67,104"/><V86/><F115/><W12/><G1/><T64/><D35/><U11/><E117/><V53/><F135/><W32/><G54/><T37/><D64/><U23/><E33/><V56/><F125/><W25/><G72/><T20/><D20/><U101/><E109/><V17/><F34/><W129/><G129/><T57/><D37/><U127/><E85/><V62/><F30/><W78/><G92/><T130/><D130/><U65/><E46/><V26/><F18/><W88/><G78/><T47/><D47/><U19/><E123/><V71/><F86/><W40/><G40/><T22/><D22/><U102/><E102/><V16/><F83/><W84/><G14/><T89/><D82/><U112/><E112/><V39/><F17/><W107/><G32/><T60/><REACH who="0" step="1"/><D10/><REACH who="0" ten="214,224,224,328" step="2"/><U42/><E11/><V74/><F39/><W132/><G113/><T94/><D94/><U70/><E65/><V134/><F134/><W45/><G132/><T7/><D7/><U87/><E124/><V95/><F71/><W121/><G45/><T118/><D118/><U49/><E127/><V111/><REACH who="2" step="1"/><F74/><REACH who="2" ten="214,224,214,328" step="2"/><W61/><G80/><T52/><D52/><U66/><E70/><V133/><F133/><W131/><G131/><T108/><D108/><AGARI ba="0,2" hai="16,21,26,36,41,44,53,56,62,95,98,100,108,111" machi="108" ten="40,7700,0" yaku="1,1,54,1,53,1" doraHai="5" doraHaiUra="48" who="2" fromWho="0" sc="214,-77,224,0,214,97,328,0" /><INIT seed="2,1,0,1,1,90" ten="137,224,311,328" oya="2" hai0="72,79,65,21,11,91,100,107,8,81,71,32,111" hai1="85,14,63,37,60,64,27,127,94,69,57,4,3" hai2="24,109,44,0,113,58,25,120,92,26,97,116,88" hai3="20,87,22,18,6,23,5,42,108,96,67,70,33"/><V62/><F120/><W119/><G70/><T128/><D111/><U31/><E37/><V123/><F123/><W124/><G67/><T41/><D128/><U38/><E38/><V49/><F113/><W77/><G33/><T56/><D41/><U54/><E127/><V125/><F0/><W74/><G74/><T46/><D46/><U78/><E3/><V84/><F116/><W34/><G34/><T105/><D32/><U134/><E134/><V29/><F125/><W117/><G42/><T16/><D71/><U126/><E126/><V17/><F17/><W68/><G96/><T55/><D65/><U93/><E78/><V50/><F109/><W40/><G87/><T82/><D82/><U121/><E85/><V86/><F29/><W132/><G77/><T66/><D66/><U59/><E69/><V112/><F112/><W53/><G40/><T106/><D100/><U35/><REACH who="1" step="1"/><E121/><REACH who="1" ten="137,214,311,328" step="2"/><V28/><F84/><W1/><G68/><T13/><REACH who="0" step="1"/><D91/><REACH who="0" ten="127,214,311,328" step="2"/><U102/><E102/><N who="2" m="60711" /><F28/><W98/><G124/><T99/><D99/><U73/><E73/><V7/><F88/><W61/><G98/><T129/><D129/><U80/><E80/><V89/><F89/><W135/><G108/><T76/><D76/><U19/><E19/><V9/><F86/><W52/><G18/><T30/><D30/><U131/><E131/><V115/><F115/><W45/><G135/><T2/><D2/><U130/><E130/><V110/><F110/><W114/><G1/><T95/><D95/><U83/><E83/><V51/><F7/><W10/><G5/><T75/><D75/><RYUUKYOKU ba="1,2" sc="127,15,214,15,311,-15,328,-15" hai0="8,11,13,16,21,55,56,72,79,81,105,106,107" hai1="4,14,27,31,35,54,57,59,60,63,64,93,94" /><INIT seed="3,2,2,2,3,123" ten="142,229,296,313" oya="3" hai0="49,46,18,59,27,76,87,30,9,109,13,122,69" hai1="104,7,124,108,53,4,29,99,67,132,86,84,71" hai2="50,128,17,20,57,74,41,95,52,12,75,3,5" hai3="129,32,1,115,28,134,88,2,91,6,78,82,89"/><W83/><G115/><T126/><D69/><U51/><E132/><V25/><F128/><W112/><G112/><T117/><D122/><U110/><E29/><V0/><F41/><W121/><G121/><T8/><D117/><U55/><E124/><V10/><REACH who="2" step="1"/><F95/><REACH who="2" ten="142,229,286,313" step="2"/><W38/><G129/><T77/><D126/><U113/><E113/><V106/><F106/><W119/><G119/><T23/><D109/><U70/><E104/><V56/><F56/><W133/><G38/><T85/><D59/><U54/><E51/><V14/><F14/><W26/><G83/><T42/><D8/><U21/><E108/><V62/><F62/><W101/><G1/><AGARI ba="2,3" hai="0,1,3,5,10,12,17,20,25,50,52,57,74,75" machi="1" ten="40,2600,0" yaku="1,1,54,1,53,0" doraHai="123" doraHaiUra="80" who="2" fromWho="3" sc="142,0,229,0,286,62,313,-32" /><INIT seed="4,0,0,1,4,4" ten="142,229,348,281" oya="0" hai0="16,23,31,100,43,111,72,93,86,126,42,102,44" hai1="63,20,106,108,19,123,99,128,96,79,46,49,118" hai2="120,18,45,74,0,21,112,81,26,47,88,65,38" hai3="24,117,122,68,10,14,69,97,73,61,104,13,76"/><T52/><D72/><U39/><E108/><V82/><F120/><W71/><G117/><T132/><D111/><U67/><E39/><V113/><F0/><W105/><G122/><T58/><D126/><U115/><E118/><V75/><F65/><W64/><G76/><T110/><D132/><U41/><E106/><V56/><F56/><W78/><G78/><T80/><D31/><U77/><E128/><V15/><F26/><W62/><G73/><T83/><D110/><U57/><E123/><V92/><F75/><W131/><G131/><T129/><D129/><U85/><E115/><N who="2" m="44107" /><F74/><W60/><G24/><N who="0" m="14439" /><D44/><N who="2" m="16970" /><F38/><W7/><G64/><T1/><D1/><U114/><E114/><V116/><F116/><W70/><N who="3" m="17408" /><DORA hai="51" /><W127/><G127/><T101/><D93/><U17/><E17/><V103/><F103/><N who="0" m="26370" /><T36/><DORA hai="12" /><D36/><U89/><E79/><V37/><F37/><W66/><G66/><T134/><D134/><U107/><E77/><V90/><F90/><W3/><G104/><T133/><D133/><U2/><E2/><V34/><F34/><W94/><G105/><T54/><D83/><N who="1" m="49343" /><E107/><V87/><AGARI ba="0,0" hai="15,18,21,81,82,87,88,92" m="16970,44107" machi="87" ten="30,4000,0" yaku="15,1,52,1,54,1" doraHai="4,51,12" who="2" fromWho="2" sc="142,-20,229,-10,348,40,281,-10" /><INIT seed="5,0,0,0,4,57" ten="122,219,388,271" oya="1" hai0="98,59,23,70,82,124,35,86,3,36,12,118,112" hai1="56,113,49,34,65,45,21,28,101,32,103,122,8" hai2="40,71,47,130,88,135,63,16,80,48,96,38,78" hai3="108,1,99,53,97,131,25,60,104,102,42,14,62"/><U26/><E122/><V41/><F135/><W43/><G1/><T93/><D70/><U121/><E121/><V9/><F130/><W126/><G108/><T17/><D118/><U54/><E113/><V69/><F69/><W66/><G131/><T116/><D116/><U22/><E22/><V68/><F68/><W67/><G126/><T127/><D112/><U4/><E34/><V58/><F71/><W29/><G53/><T76/><D36/><U20/><E20/><V129/><F129/><W52/><G52/><T73/><D3/><U128/><E32/><V74/><F38/><W117/><G14/><T15/><D73/><U134/><E134/><V11/><F40/><W27/><G104/><T39/><D39/><U114/><E114/><V90/><F96/><W133/><G117/><T77/><D35/><U79/><E79/><V132/><F132/><W95/><G133/><T33/><D33/><U123/><E123/><V19/><F9/><W5/><G5/><T7/><D76/><U37/><E128/><V87/><F11/><W13/><G13/><T61/><D12/><N who="1" m="5127" /><E37/><V107/><F107/><W51/><G51/><T2/><D2/><U111/><E111/><V46/><F46/><W94/><G102/><T85/><D7/><U84/><E84/><V83/><F90/><W92/><G92/><T89/><REACH who="0" step="1"/><D85/><REACH who="0" ten="112,219,388,271" step="2"/><U50/><E50/><V105/><F74/><W6/><G6/><T24/><D24/><U125/><E125/><V75/><F105/><W115/><G115/><T18/><D18/><U106/><E106/><V64/><AGARI ba="0,1" hai="16,19,41,47,48,58,63,64,75,78,80,83,87,88" machi="64" ten="20,8000,1" yaku="0,1,7,1,52,1,54,2" doraHai="57" who="2" fromWho="2" sc="112,-20,219,-40,388,90,271,-20" /><INIT seed="6,0,0,2,1,65" ten="92,179,478,251" oya="2" hai0="32,87,76,56,117,18,20,111,44,90,93,106,34" hai1="6,70,99,46,130,55,102,100,54,118,24,120,8" hai2="43,135,21,67,71,29,38,2,107,49,119,131,12" hai3="66,60,104,11,128,123,25,22,127,9,68,98,4"/><V14/><F119/><W81/><G123/><T48/><D111/><U80/><E118/><V101/><F2/><W75/><G127/><T132/><D106/><U53/><E130/><V23/><F131/><W64/><G64/><T95/><D132/><U74/><E120/><V72/><F72/><W126/><G126/><T82/><D117/><U113/><E113/><V41/><F135/><W51/><G128/><T73/><D93/><U42/><E24/><V109/><F109/><W116/><G116/><T77/><D77/><U10/><E70/><V88/><F38/><W13/><G51/><T31/><D31/><U85/><E74/><V57/><F107/><W124/><G124/><T37/><D37/><U97/><E97/><V15/><F101/><W112/><G112/><T110/><D110/><U19/><E19/><V0/><F0/><W61/><G61/><T30/><D30/><U17/><E17/><V27/><F71/><W35/><G35/><T96/><D96/><U1/><E8/><V121/><F121/><W58/><G11/><T79/><D79/><U33/><E33/><V3/><F3/><W45/><G68/><T86/><D73/><U89/><REACH who="1" step="1"/><E99/><REACH who="1" ten="92,169,478,251" step="2"/><V47/><F23/><W133/><G98/><T7/><D7/><U115/><E115/><V26/><F26/><W125/><G125/><T108/><D108/><U16/><E16/><V105/><F21/><W84/><G75/><T39/><D39/><AGARI ba="0,1" hai="1,6,10,39,42,46,53,54,55,80,85,89,100,102" machi="39" ten="40,2600,0" yaku="1,1,53,1" doraHai="65" doraHaiUra="78" who="1" fromWho="0" sc="92,-26,169,36,478,0,251,0" /><INIT seed="7,0,0,0,0,59" ten="66,205,478,251" oya="3" hai0="35,29,82,31,16,84,134,49,117,37,51,100,128" hai1="23,124,96,98,86,127,85,111,6,95,41,93,102" hai2="12,74,33,103,57,110,113,79,43,52,27,13,3" hai3="107,7,38,114,81,65,104,32,101,30,54,53,55"/><W119/><G119/><T112/><D117/><U91/><E6/><V36/><F3/><W15/><G38/><T72/><D72/><U61/><E41/><V17/><F110/><W18/><G7/><T64/><D37/><U94/><E111/><V28/><F103/><W120/><G120/><T115/><D100/><N who="1" m="60431" /><E23/><V123/><F123/><W21/><G114/><N who="0" m="43563" /><D128/><U121/><E61/><V24/><F113/><W47/><G47/><T5/><D5/><U0/><E0/><V125/><F43/><W135/><G101/><T92/><D92/><N who="1" m="54391" /><E121/><V46/><F36/><W48/><G48/><N who="0" m="18507" /><D35/><U44/><E44/><V129/><F46/><W40/><G40/><T118/><D118/><U22/><E22/><V73/><F129/><W133/><G32/><T62/><D134/><U10/><E95/><V50/><F125/><W89/><G30/><T1/><D1/><U71/><E94/><V9/><F27/><W83/><G133/><T87/><D82/><U39/><E39/><V34/><F33/><W90/><G135/><T106/><D106/><U19/><E102/><V8/><F8/><W131/><G131/><T67/><D16/><U25/><E19/><V56/><F13/><W20/><G107/><T122/><D122/><U126/><E126/><V45/><F45/><W14/><G104/><T63/><D84/><U75/><E85/><V60/><F73/><W76/><G15/><T66/><D87/><U80/><E80/><N who="2" m="45175" /><F57/><W116/><G14/><T132/><D132/><U11/><E127/><V68/><F68/><W4/><G116/><T2/><D2/><U69/><E124/><RYUUKYOKU ba="0,0" sc="66,15,205,-15,478,15,251,-15" hai0="29,31,62,63,64,66,67" hai2="9,12,17,24,28,34,50,52,56,60" owari="81,-42.0,190,-21.0,493,59.0,236,4.0" /></mjloggm>