<mjloggm ver="2.3"><GO type="169" lobby="0"/><UN n0="%E3%83%A9%E3%82%BB%E3%83%83%E3%83%88" n1="%E3%82%A6%E3%83%AB%E3%83%88%E3%83%A9%E7%AB%8B%E7%9B%B4" n2="%4C%69%6C%69%6D" n3="%E3%82%8C%E3%81%A3%E3%81%A6%E3%82%8B" dan="16,16,17,17" rate="2065.32,2144.47,2203.80,2144.77" sx="M,M,F,M"/><TAIKYOKU oya="0"/><INIT seed="0,0,0,0,3,90" ten="250,250,250,250" oya="0" hai0="123,128,47,118,72,67,12,74,103,127,45,119,56" hai1="117,112,98,107,26,22,79,33,99,60,36,29,113" hai2="7,95,131,102,94,43,13,125,85,134,69,27,31" hai3="122,114,70,37,53,116,0,100,44,35,42,63,121"/><T6/><D123/><N who="3" m="47113" /><G0/><T81/><D127/><U51/><E36/><V52/><F69/><W83/><G35/><T4/><D103/><U108/><E117/><V40/><F125/><W135/><G100/><T48/><D128/><U71/><E108/><V32/><F131/><W28/><G28/><T38/><D38/><U64/><E79/><V9/><F134/><W66/><G83/><T126/><D126/><U20/><E51/><V5/><F5/><W101/><G101/><T104/><D104/><U14/><E14/><V2/><F2/><W93/><G93/><N who="2" m="35337" /><F32/><W54/><G135/><T10/><D74/><U124/><E124/><V80/><F102/><W106/><G106/><T46/><D118/><U75/><E75/><V8/><F8/><W25/><G25/><T65/><D119/><U19/><E107/><V49/><F27/><W105/><G105/><T82/><D72/><U58/><E71/><V110/><F31/><W50/><G116/><T17/><D6/><U84/><E33/><V89/><F110/><W61/><G114/><T18/><D17/><U30/><E30/><V115/><F115/><W132/><G132/><T78/><D4/><U39/><E113/><V111/><F111/><W21/><G21/><T109/><D109/><U77/><E112/><V96/><F96/><W87/><G87/><N who="0" m="48567" /><D82/><N who="1" m="47183" /><E39/><V76/><F76/><W73/><G73/><T86/><D86/><U92/><E99/><V59/><AGARI ba="0,0" hai="7,9,13,40,43,49,52,59,80,85,89" m="35337" machi="59" ten="30,8000,1" yaku="8,1,52,3,54,1" doraHai="90" who="2" fromWho="2" sc="250,-40,250,-20,250,80,250,-20" /><INIT seed="1,0,0,4,0,49" ten="210,230,330,230" oya="1" hai0="134,29,63,121,66,23,54,115,38,105,93,90,91" hai1="25,60,4,102,55,7,127,45,40,116,110,89,53" hai2="65,100,70,86,28,114,43,104,124,80,129,50,21" hai3="9,133,61,126,117,44,64,98,22,1,51,94,42"/><U71/><E116/><V119/><F119/><W87/><G117/><T59/><D105/><U111/><E127/><V8/><F124/><W77/><G133/><T37/><D115/><U62/><E102/><V128/><F8/><W75/><G75/><T99/><D121/><U14/><E25/><N who="2" m="16431" /><F114/><W79/><G87/><T96/><D134/><U58/><E89/><V67/><F43/><W36/><G36/><T56/><D38/><N who="1" m="21655" /><E14/><V48/><F100/><W52/><G42/><T92/><D37/><U69/><E4/><V78/><F104/><W106/><G106/><T15/><D15/><U118/><E7/><V11/><F11/><W2/><G2/><T95/><D23/><U20/><E20/><V19/><F19/><W112/><G112/><T3/><D3/><U57/><E118/><V34/><F34/><W31/><G126/><T33/><D29/><U47/><E47/><V74/><F86/><W26/><G9/><T113/><D33/><U68/><AGARI ba="0,0" hai="53,55,57,58,60,62,68,69,71,110,111" m="21655" machi="68" ten="40,12000,1" yaku="34,2,52,2" doraHai="49" who="1" fromWho="1" sc="210,-40,230,120,330,-40,230,-40" /><INIT seed="1,1,0,5,3,25" ten="170,350,290,190" oya="1" hai0="74,21,126,55,3,94,16,36,47,28,62,104,46" hai1="76,66,43,93,0,54,63,114,95,59,18,85,117" hai2="1,4,38,121,131,51,60,101,134,98,106,48,39" hai3="70,127,49,81,17,50,61,5,100,53,69,113,44"/><U6/><E117/><V34/><F121/><W31/><G113/><T13/><D74/><U14/><E114/><V77/><F77/><W10/><G100/><T35/><D104/><U22/><E43/><V40/><F134/><W67/><G127/><T124/><D36/><U125/><E125/><N who="0" m="48233" /><D3/><U9/><E76/><V33/><F131/><W71/><G17/><T56/><D94/><U82/><E82/><V79/><F79/><W64/><G64/><T103/><D103/><U42/><E42/><V32/><F60/><W19/><G19/><T109/><D109/><U45/><E85/><V122/><F122/><W96/><G96/><T116/><D116/><U23/><E23/><V115/><F115/><W30/><G81/><T65/><D65/><U72/><E72/><V27/><F39/><W88/><G88/><T112/><D112/><U78/><E78/><V57/><F38/><W128/><G128/><T86/><D86/><U99/><E99/><V108/><F108/><W2/><REACH who="3" step="1"/><G50/><REACH who="3" ten="170,350,290,180" step="2"/><T119/><D119/><U11/><E95/><V132/><F51/><W20/><G20/><T120/><D120/><U91/><E91/><V7/><F48/><W26/><G26/><AGARI ba="1,1" hai="13,16,21,26,28,35,46,47,55,56,62" m="48233" machi="26" ten="30,3900,0" yaku="18,1,52,1,54,1" doraHai="25" who="0" fromWho="3" sc="170,52,350,0,290,0,180,-42" /><INIT seed="2,0,0,1,3,32" ten="222,350,290,138" oya="2" hai0="4,44,45,50,68,86,8,95,56,112,121,24,52" hai1="93,17,118,0,96,107,113,116,89,66,75,46,7" hai2="11,69,110,124,131,115,130,28,97,55,117,53,87" hai3="77,70,114,129,18,82,60,15,85,9,36,79,76"/><V54/><F117/><W83/><G129/><T92/><D112/><U105/><E113/><V62/><F115/><W99/><G114/><T14/><D68/><U3/><E75/><V38/><F38/><W25/><G36/><T19/><D121/><U84/><E66/><V61/><F124/><W104/><G104/><T34/><D86/><U21/><E46/><V23/><F69/><W100/><G70/><T41/><D45/><U80/><E107/><V51/><F51/><W6/><G60/><T49/><D34/><U71/><E105/><V5/><F87/><W122/><G122/><T58/><D56/><U72/><E72/><V90/><F110/><W119/><G119/><T128/><D128/><N who="2" m="49194" /><F90/><W101/><G99/><T22/><AGARI ba="0,0" hai="4,8,14,19,22,24,41,44,49,50,52,58,92,95" machi="22" ten="30,4000,0" yaku="0,1,8,1,54,1" doraHai="32" who="0" fromWho="0" sc="222,40,350,-10,290,-20,138,-10" /><INIT seed="3,0,0,5,2,111" ten="262,340,270,128" oya="3" hai0="94,7,14,117,96,78,135,126,23,115,50,92,105" hai1="57,108,116,5,58,44,131,123,86,11,0,132,18" hai2="27,106,130,80,37,124,88,122,49,83,133,33,13" hai3="89,65,12,41,75,79,68,61,93,127,29,20,8"/><W21/><G127/><T40/><D117/><U109/><E123/><V85/><F122/><W101/><G41/><T129/><D129/><U118/><E131/><V121/><F37/><W48/><G101/><T30/><D78/><U98/><E132/><V90/><F121/><W60/><G48/><T71/><D71/><U6/><E86/><V102/><F124/><W10/><G79/><T63/><D63/><U95/><E18/><V66/><F130/><W16/><G75/><T32/><D32/><U64/><E44/><V112/><F66/><W46/><G46/><T128/><D135/><U59/><E6/><V9/><F133/><W17/><G29/><T119/><D119/><N who="1" m="45611" /><E64/><V26/><F106/><W69/><G69/><T47/><D128/><U22/><E22/><V55/><F102/><AGARI ba="0,0" hai="0,5,11,57,58,59,95,98,102,108,109" m="45611" machi="102" ten="30,1000,0" yaku="12,1" doraHai="111" who="1" fromWho="2" sc="262,0,340,10,270,-10,128,0" /><INIT seed="4,0,0,1,5,31" ten="262,350,260,128" oya="0" hai0="39,11,76,116,117,55,88,26,18,95,54,82,131" hai1="12,28,35,126,40,128,101,127,44,21,92,17,9" hai2="111,71,133,112,63,75,25,5,125,124,16,129,96" hai3="37,69,66,115,105,91,60,113,65,132,72,52,57"/><T2/><D39/><U81/><E128/><V85/><F75/><W4/><G105/><T77/><D131/><U24/><E81/><V103/><F129/><W109/><G4/><T70/><D70/><U94/><E101/><V97/><F111/><W3/><G3/><T100/><D2/><U120/><E120/><V73/><F73/><W53/><G91/><T43/><D43/><U38/><REACH who="1" step="1"/><E9/><REACH who="1" ten="262,340,260,128" step="2"/><V14/><F103/><W99/><G109/><T107/><D100/><U59/><E59/><V84/><F71/><W30/><G72/><T87/><D107/><U6/><E6/><V47/><F5/><W93/><G132/><T50/><D117/><U86/><E86/><V130/><F130/><W48/><G99/><N who="0" m="57831" /><D116/><U15/><E15/><V49/><F133/><W68/><G93/><AGARI ba="0,1" hai="12,17,21,24,28,35,38,40,44,92,93,94,126,127" machi="93" ten="40,2600,0" yaku="1,1,52,1,53,0" doraHai="31" doraHaiUra="119" who="1" fromWho="3" sc="262,0,340,36,260,0,128,-26" /><INIT seed="5,0,0,3,3,15" ten="262,376,260,102" oya="1" hai0="101,111,63,68,95,80,125,39,119,96,29,77,116" hai1="28,123,41,67,115,38,0,17,43,93,20,57,92" hai2="18,55,121,75,48,69,98,126,52,42,134,110,135" hai3="66,76,34,131,122,117,104,97,2,6,106,45,113"/><U65/><E123/><V3/><F121/><W12/><G66/><N who="1" m="25098" /><E0/><V71/><F110/><W112/><G45/><T4/><D111/><U79/><E38/><V59/><F75/><W81/><G12/><T27/><D39/><U70/><E70/><V22/><F3/><W47/><G47/><T25/><D4/><U61/><E79/><V14/><F42/><N who="1" m="15881" /><E28/><V5/><F5/><W44/><G44/><T107/><D63/><U90/><E115/><V56/><F126/><W37/><G122/><T26/><D125/><U21/><E21/><V103/><F69/><W91/><G37/><T23/><D68/><U100/><E100/><V127/><F127/><W19/><G2/><T128/><D119/><U16/><E20/><V60/><REACH who="2" step="1"/><F71/><REACH who="2" ten="262,376,250,102" step="2"/><W1/><G113/><T74/><D116/><U87/><E93/><AGARI ba="0,1" hai="14,18,22,48,52,55,56,59,60,93,98,103,134,135" machi="93" ten="40,8000,1" yaku="1,1,2,1,52,1,54,1,53,0" doraHai="15" doraHaiUra="133" who="2" fromWho="1" sc="262,0,376,-80,250,90,102,0" /><INIT seed="6,0,0,0,4,106" ten="262,296,340,102" oya="2" hai0="81,96,110,45,80,99,72,82,7,91,35,53,134" hai1="79,92,105,41,65,77,58,119,52,44,20,51,3" hai2="1,90,27,11,34,135,73,125,9,107,21,38,132" hai3="123,84,25,61,104,131,40,56,64,118,95,12,129"/><V111/><F111/><W60/><G104/><T113/><D35/><U43/><E105/><V83/><F38/><W48/><G25/><T130/><D110/><U14/><E3/><V31/><F107/><W67/><G12/><T5/><D134/><N who="2" m="51242" /><F125/><W55/><G95/><T69/><D69/><U112/><E112/><V49/><F49/><W97/><G97/><T75/><D91/><U22/><E119/><V86/><F73/><N who="0" m="28234" /><D45/><U120/><E120/><V87/><F1/><W89/><G89/><T108/><D53/><U10/><E92/><N who="2" m="54359" /><F34/><W15/><G84/><T100/><D100/><U115/><E115/><V98/><F98/><N who="0" m="37418" /><D108/><U63/><E43/><V117/><F117/><W94/><G94/><T62/><D113/><U4/><REACH who="1" step="1"/><E41/><REACH who="1" ten="262,286,340,102" step="2"/><V33/><F33/><W29/><G40/><T2/><D2/><U28/><E28/><V59/><F31/><W66/><G29/><T19/><D130/><U37/><E37/><V6/><F83/><W78/><G118/><T26/><D82/><U50/><E50/><V126/><F126/><W122/><G123/><T93/><D81/><U17/><E17/><V70/><F6/><W47/><G122/><T54/><D80/><U18/><E18/><V68/><F87/><W32/><G78/><AGARI ba="0,1" hai="4,10,14,20,22,44,51,52,58,63,65,77,78,79" machi="78" ten="40,5200,0" yaku="1,1,8,1,54,1,53,0" doraHai="106" doraHaiUra="102" who="1" fromWho="3" sc="262,0,286,62,340,0,102,-52" /><INIT seed="7,0,0,1,1,1" ten="262,348,340,50" oya="3" hai0="85,135,21,65,24,91,95,14,111,118,22,10,38" hai1="41,69,68,60,52,100,86,43,23,123,5,59,42" hai2="92,56,109,131,26,108,130,127,15,80,66,117,9" hai3="83,101,0,76,57,112,3,75,39,114,134,79,46"/><W97/><G134/><T8/><D111/><N who="2" m="42570" /><F117/><W73/><G57/><T47/><D135/><U77/><E69/><V129/><F127/><W6/><G76/><T4/><D118/><U126/><E68/><V18/><F26/><W72/><G97/><T67/><D38/><U102/><E126/><V31/><F31/><W93/><G93/><T103/><D47/><U88/><E5/><V49/><F92/><W120/><G101/><T96/><D21/><U107/><E107/><V32/><F80/><W104/><G104/><T28/><REACH who="0" step="1"/><D10/><REACH who="0" ten="252,348,340,50" step="2"/><U16/><E23/><V37/><F37/><W45/><G45/><T58/><D58/><U25/><E59/><V48/><F32/><W132/><G132/><T7/><D7/><U84/><E123/><V119/><F119/><W12/><G120/><T51/><D51/><U13/><E42/><V54/><F66/><W121/><G121/><T133/><D133/><U53/><E43/><V11/><F49/><W124/><G124/><T105/><AGARI ba="0,1" hai="4,8,14,22,24,28,65,67,85,91,95,96,103,105" machi="105" ten="20,5200,0" yaku="1,1,0,1,7,1,52,1,53,0" doraHai="1" doraHaiUra="35" who="0" fromWho="0" sc="252,62,348,-13,340,-13,50,-26" owari="314,-9.0,335,44.0,327,13.0,24,-48.0" /></mjloggm>