<mjloggm ver="2.3"><GO type="41" lobby="0"/><UN n0="%42%65%65%74%6C%65" n1="%64%6F%77%6E%6C%6F%61%64" n2="%28%C2%B4%E3%83%BB%CF%89%E3%83%BB%60%29%29" n3="%E5%B0%B1%E6%B4%BB%E7%94%9F%40%E5%B7%9D%E6%9D%91%E8%BB%8D%E5%9B%A3" dan="14,14,14,15" rate="1911.40,2009.64,1917.94,2015.35" sx="M,M,M,M"/><TAIKYOKU oya="0"/><INIT seed="0,0,0,2,5,49" ten="250,250,250,250" oya="0" hai0="123,104,75,93,129,91,42,21,6,28,110,41,25" hai1="54,2,102,20,107,111,88,95,47,45,98,72,46" hai2="126,79,77,70,135,106,82,26,80,37,127,121,50" hai3="131,24,3,103,34,35,119,108,118,40,117,23,5"/><T60/><D123/><U89/><E2/><V4/><F121/><W19/><G40/><T66/><D104/><U17/><E111/><V64/><F106/><W31/><G103/><T27/><D75/><U124/><E72/><V116/><F37/><W65/><G65/><T16/><D110/><U61/><E107/><V29/><F4/><W78/><G78/><N who="2" m="29705" /><F70/><W96/><G96/><T33/><D129/><U101/><E124/><N who="2" m="47659" /><F64/><W59/><G108/><T69/><REACH who="0" step="1"/><D6/><REACH who="0" ten="240,250,250,250" step="2"/><U22/><E102/><V90/><F116/><W67/><G131/><T18/><D18/><U9/><E9/><V109/><F109/><W84/><G5/><T81/><D81/><U58/><E22/><V44/><F80/><W73/><G73/><T105/><D105/><U62/><REACH who="1" step="1"/><E62/><REACH who="1" ten="240,240,250,250" step="2"/><V132/><F135/><W10/><G10/><T7/><D7/><U52/><E52/><V8/><F132/><W56/><G117/><T94/><D94/><U133/><E133/><V112/><F82/><W36/><G118/><T130/><D130/><U12/><AGARI ba="0,2" hai="12,17,20,45,46,47,54,58,61,88,89,95,98,101" machi="12" ten="30,8000,1" yaku="1,1,0,1,8,1,52,1,54,1,53,0" doraHai="49" doraHaiUra="68" who="1" fromWho="1" sc="240,-40,240,100,250,-20,250,-20" /><INIT seed="1,0,0,1,3,100" ten="200,340,230,230" oya="1" hai0="24,39,47,82,128,37,60,62,64,83,9,104,52" hai1="51,92,49,102,105,57,91,8,46,72,27,74,127" hai2="25,98,20,93,35,86,59,32,55,113,88,110,50" hai3="45,77,79,68,117,124,103,109,116,119,6,99,7"/><U112/><E112/><V85/><F110/><W101/><G68/><T73/><D128/><U132/><E132/><V71/><F113/><W38/><G109/><T134/><D134/><U40/><E127/><V30/><REACH who="2" step="1"/><F71/><REACH who="2" ten="200,340,220,230" step="2"/><W70/><G70/><T120/><D120/><U95/><E74/><V115/><F115/><W12/><G124/><T33/><D73/><U14/><E72/><V43/><F43/><N who="3" m="22775" /><G103/><T18/><D39/><U61/><E102/><V108/><F108/><W10/><G6/><T0/><D37/><U26/><E40/><V94/><F94/><AGARI ba="0,1" hai="7,10,12,77,79,94,99,101,116,117,119" m="22775" machi="94" ten="30,1000,0" yaku="12,1" doraHai="100" who="3" fromWho="2" sc="200,0,340,0,220,-10,230,20" /><INIT seed="2,0,0,1,5,12" ten="200,340,210,250" oya="2" hai0="79,2,38,7,59,122,27,54,116,121,86,45,83" hai1="16,105,101,35,99,60,94,67,72,52,31,92,21" hai2="51,126,123,48,68,90,25,41,1,42,32,44,74" hai3="127,73,34,61,85,82,13,112,88,29,129,66,8"/><V103/><F123/><W58/><G112/><T118/><D27/><U76/><E72/><V124/><F74/><W24/><G129/><T53/><D2/><U75/><E75/><V9/><F103/><W87/><G127/><N who="2" m="48681" /><F90/><W120/><G73/><T71/><D7/><U47/><E76/><V10/><F1/><W5/><REACH who="3" step="1"/><G85/><REACH who="3" ten="200,340,210,240" step="2"/><T106/><D122/><AGARI ba="0,1" hai="5,8,13,24,29,34,58,61,66,82,87,88,120,122" machi="122" ten="40,5200,0" yaku="1,1,2,1,54,1,53,0" doraHai="12" doraHaiUra="37" who="3" fromWho="0" sc="200,-52,340,0,210,0,240,62" /><INIT seed="3,0,0,1,4,84" ten="148,340,210,302" oya="3" hai0="55,74,64,80,111,113,119,109,129,130,60,125,65" hai1="30,121,108,102,12,63,14,9,120,114,75,122,36" hai2="107,104,49,118,3,103,0,87,71,112,18,98,33" hai3="32,7,105,6,82,72,34,70,134,85,94,10,42"/><W62/><G105/><T89/><D74/><U24/><E114/><V5/><F118/><W51/><G72/><T128/><D80/><U21/><E75/><V93/><F112/><W81/><G134/><T100/><D100/><U4/><E36/><V99/><F71/><W90/><G7/><T132/><D89/><U17/><E102/><V97/><F33/><W135/><G135/><T38/><D113/><U57/><E108/><N who="0" m="41545" /><D119/><U26/><E122/><V59/><F18/><W27/><G27/><T77/><D77/><U79/><E79/><V126/><F126/><W2/><G34/><T69/><D132/><U22/><E26/><V35/><F35/><W56/><G32/><T96/><D96/><U40/><E40/><V1/><F5/><W133/><G133/><T92/><D92/><U58/><E58/><V20/><F20/><W11/><G11/><T50/><D125/><U83/><E83/><V29/><F29/><W43/><G70/><T25/><D25/><U61/><E61/><V106/><F87/><W53/><G81/><T91/><D91/><U46/><E46/><V31/><F31/><W52/><G82/><T86/><D86/><U48/><E48/><V123/><F123/><W41/><G41/><T66/><D38/><U37/><E37/><V15/><F15/><W44/><AGARI ba="0,0" hai="2,6,10,42,43,44,51,52,53,56,62,85,90,94" machi="44" ten="20,7800,0" yaku="0,1,7,1,52,1,54,1" doraHai="84" who="3" fromWho="3" sc="148,-26,340,-26,210,-26,302,78" /><INIT seed="3,1,0,0,3,70" ten="122,314,184,380" oya="3" hai0="89,88,18,115,98,92,42,100,45,36,32,2,27" hai1="1,135,78,51,124,0,31,125,15,133,105,57,75" hai2="58,109,38,22,34,23,73,85,10,94,123,129,122" hai3="127,82,5,99,61,48,95,113,67,19,37,120,40"/><W69/><G120/><N who="2" m="46121" /><F73/><W8/><G113/><T111/><D115/><U118/><E105/><V50/><F34/><W65/><G127/><N who="1" m="48714" /><E31/><V3/><F109/><W77/><G67/><T128/><D111/><U35/><E35/><V47/><F129/><W29/><G29/><T83/><D128/><U91/><E15/><V6/><F58/><W59/><G19/><T33/><D2/><U24/><E24/><V54/><F38/><W71/><G48/><T68/><D68/><U62/><E51/><V41/><F41/><W43/><G69/><T14/><D27/><U108/><E108/><V119/><F119/><W60/><G60/><T30/><D30/><U76/><E118/><V93/><F93/><W7/><G71/><T44/><D44/><U74/><E91/><AGARI ba="1,0" hai="3,6,10,22,23,47,50,54,85,91,94" m="46121" machi="91" ten="30,1000,0" yaku="13,1" doraHai="70" who="2" fromWho="1" sc="122,0,314,-13,184,13,380,0" /><INIT seed="4,0,0,1,3,16" ten="122,301,197,380" oya="0" hai0="91,39,116,68,8,29,102,105,24,76,47,62,92" hai1="69,57,61,10,37,97,112,83,123,20,106,11,95" hai2="77,100,45,96,17,70,73,48,56,121,109,94,114" hai3="33,113,103,51,13,44,54,86,111,133,66,132,18"/><T119/><D76/><U60/><E123/><V30/><F121/><W25/><G111/><T5/><D105/><U110/><E37/><V90/><F109/><W127/><G103/><T93/><D102/><U98/><E110/><V6/><F114/><W26/><G113/><T46/><D93/><U41/><E41/><V58/><F70/><W42/><G66/><T59/><D68/><U131/><E112/><V21/><F30/><W43/><G127/><T130/><D130/><U89/><E131/><V2/><F6/><W117/><G117/><T32/><D39/><U78/><E106/><V81/><F2/><W3/><G3/><T75/><D75/><U84/><E69/><V22/><F100/><W124/><G124/><T4/><D4/><U52/><E98/><V19/><F19/><W118/><G86/><T108/><D108/><U9/><E61/><V67/><F67/><W28/><G26/><T71/><D71/><U80/><E80/><V101/><F101/><W15/><G15/><T74/><D74/><U38/><E38/><V1/><F1/><W126/><G118/><T12/><D119/><U27/><E9/><V64/><F64/><W14/><G14/><T36/><D36/><U35/><E35/><V135/><F135/><N who="3" m="51787" /><G126/><T79/><D79/><U63/><E63/><V115/><F115/><W23/><AGARI ba="0,0" hai="13,18,23,25,28,33,42,43,44,51,54" m="51787" machi="23" ten="30,2000,0" yaku="20,1,52,1" doraHai="16" who="3" fromWho="3" sc="122,-10,301,-5,197,-5,380,20" /><INIT seed="5,0,0,5,4,4" ten="112,296,192,400" oya="1" hai0="103,17,56,25,31,60,37,6,85,16,106,113,55" hai1="50,58,99,130,3,1,65,123,62,54,95,81,53" hai2="66,102,86,20,132,70,64,67,116,47,72,122,121" hai3="94,9,129,59,10,80,126,32,39,76,89,43,36"/><U134/><E123/><V93/><F72/><W110/><G32/><T23/><D113/><U7/><E134/><V28/><F132/><W26/><G110/><T108/><D108/><U135/><E135/><V49/><F116/><W51/><G126/><T100/><D37/><U74/><E130/><V35/><F35/><W41/><G129/><T125/><D125/><U69/><E54/><V63/><F67/><W18/><G39/><T75/><D75/><U44/><E7/><V29/><F66/><W88/><G36/><T8/><D85/><U24/><E24/><V48/><F48/><W118/><G118/><T104/><D104/><U38/><E81/><V13/><F29/><W71/><G71/><T11/><D106/><U124/><E74/><V22/><F22/><N who="3" m="13655" /><G76/><T128/><D128/><U114/><E124/><V92/><F92/><W45/><G43/><T112/><D112/><U98/><E114/><V83/><F93/><W61/><G80/><T52/><D55/><U101/><REACH who="1" step="1"/><E98/><REACH who="1" ten="112,286,192,400" step="2"/><V12/><F121/><W82/><G82/><T119/><D119/><U90/><E90/><N who="3" m="34922" /><G94/><T91/><D91/><U78/><E78/><V133/><F133/><W46/><G45/><T2/><D2/><U79/><E79/><V73/><F122/><W42/><G41/><AGARI ba="0,1" hai="1,3,38,41,44,50,53,58,62,65,69,95,99,101" machi="41" ten="40,12000,1" yaku="1,1,24,2,53,1" doraHai="4" doraHaiUra="40" who="1" fromWho="3" sc="112,0,286,130,192,0,400,-120" /><INIT seed="5,1,0,0,2,71" ten="112,416,192,280" oya="1" hai0="78,120,130,12,57,15,125,14,124,101,49,4,37" hai1="28,31,106,81,11,74,21,63,131,103,6,8,126" hai2="51,60,80,0,113,56,68,44,104,123,32,118,83" hai3="76,72,91,30,99,132,61,75,40,66,33,117,121"/><U109/><E106/><V47/><F123/><W116/><G121/><T55/><D120/><U95/><E131/><V38/><F118/><N who="3" m="45675" /><G132/><T90/><D101/><U13/><E126/><V77/><F104/><W84/><G40/><T58/><D78/><U17/><E109/><V27/><F0/><W86/><G33/><T39/><D4/><U67/><E11/><V48/><F32/><W127/><G30/><T50/><D130/><U100/><E81/><V89/><F27/><W122/><G122/><T94/><D90/><U65/><E74/><N who="3" m="28202" /><G76/><T96/><D94/><U70/><E67/><N who="2" m="41063" /><F89/><W73/><G127/><N who="0" m="48715" /><D96/><U16/><E17/><V112/><F77/><W2/><G2/><T19/><D19/><U25/><E103/><V26/><F26/><W5/><G5/><T108/><D108/><U42/><E42/><N who="2" m="22615" /><F83/><W129/><G129/><T97/><D97/><U20/><E20/><V45/><F80/><W107/><G73/><T9/><D9/><U46/><E100/><V64/><F64/><W111/><G111/><T43/><D43/><U10/><E95/><V1/><F1/><W128/><G128/><T135/><D135/><U119/><E10/><V3/><F3/><W134/><G134/><T7/><D7/><U24/><E31/><V98/><F98/><W59/><G107/><T93/><D93/><AGARI ba="1,0" hai="59,61,66,84,86,91,93,99" m="28202,45675" machi="93" ten="30,1000,0" yaku="12,1" doraHai="71" who="3" fromWho="0" sc="112,-13,416,0,192,0,280,13" /><INIT seed="6,0,0,0,4,86" ten="99,416,192,293" oya="2" hai0="45,126,78,15,56,8,54,29,106,79,109,40,18" hai1="70,92,39,82,57,74,113,53,71,115,64,123,16" hai2="133,25,43,32,105,62,17,19,99,24,135,20,131" hai3="69,37,132,91,97,41,120,13,68,35,100,60,11"/><V0/><F43/><W27/><G120/><T85/><D106/><U107/><E107/><V66/><F131/><W80/><G132/><N who="2" m="50761" /><F0/><W52/><G37/><T4/><D109/><U2/><E39/><V124/><F124/><W7/><G41/><T102/><D126/><U117/><E2/><V50/><F50/><W47/><G35/><T103/><D29/><U127/><E117/><V65/><F65/><W36/><G36/><T48/><D18/><U21/><E127/><V26/><F105/><W84/><G27/><N who="2" m="10313" /><F99/><W77/><G77/><T129/><D129/><U76/><E123/><V30/><F62/><W12/><G12/><T81/><REACH who="0" step="1"/><D79/><REACH who="0" ten="89,416,192,293" step="2"/><U125/><E125/><V111/><F111/><W122/><G122/><T72/><D72/><U63/><E92/><V59/><F66/><W1/><G69/><T14/><D14/><U112/><E64/><V46/><F46/><W98/><G68/><T101/><D101/><U75/><E74/><V58/><F17/><W108/><G108/><T44/><D44/><U89/><E89/><V114/><F114/><W6/><G100/><T119/><D119/><U34/><E34/><V31/><F31/><W73/><G73/><T128/><D128/><U95/><E95/><V10/><F32/><W51/><G1/><T22/><D22/><U33/><E33/><V88/><F88/><W87/><G7/><T96/><D96/><N who="3" m="36969" /><G87/><T83/><D83/><U28/><E28/><V38/><F38/><W134/><G134/><T90/><D90/><U9/><E115/><V116/><F116/><W94/><G94/><T130/><D130/><RYUUKYOKU ba="0,1" sc="89,10,416,-30,192,10,293,10" hai0="4,8,15,40,45,48,54,56,78,81,85,102,103" hai2="10,19,20,26,30,58,59" hai3="6,11,13,47,51,52,60,80,84,91" /><INIT seed="6,1,1,3,4,79" ten="99,386,202,303" oya="2" hai0="132,95,40,50,25,122,54,18,39,23,85,56,46" hai1="57,71,41,19,109,31,83,7,65,130,28,20,29" hai2="78,10,81,86,17,11,1,97,13,77,5,58,30" hai3="110,72,59,4,68,74,108,55,15,119,88,63,8"/><V116/><F116/><W105/><G119/><T94/><D132/><U100/><E109/><V102/><F30/><W35/><G35/><T99/><D122/><U115/><E115/><V21/><F58/><W14/><G105/><T2/><D2/><U62/><E7/><V43/><F43/><W112/><G112/><T125/><D125/><U32/><E32/><V64/><F64/><W103/><G103/><T92/><D85/><U111/><E111/><V49/><F49/><W80/><G108/><T9/><D9/><U12/><E130/><V84/><F78/><W66/><G110/><T131/><D131/><U126/><E126/><V27/><F11/><W106/><G106/><T134/><D134/><U124/><E124/><V44/><F44/><W51/><REACH who="3" step="1"/><G14/><REACH who="3" ten="99,386,202,293" step="2"/><T127/><D127/><U123/><E123/><V117/><F117/><W38/><G38/><T34/><D34/><U82/><E100/><V87/><REACH who="2" step="1"/><F1/><REACH who="2" ten="99,386,192,293" step="2"/><W60/><G60/><T107/><D107/><AGARI ba="1,3" hai="5,10,13,17,21,27,77,81,84,86,87,97,102,107" machi="107" ten="30,11600,0" yaku="1,1,2,1,7,1,52,1,53,0" doraHai="79" doraHaiUra="120" who="2" fromWho="0" sc="99,-119,386,0,192,149,293,0" owari="-20,-52.0,386,49.0,341,14.0,293,-11.0" /></mjloggm>