<mjloggm ver="2.3"><GO type="41" lobby="0"/><UN n0="%68%65%73%68%69" n1="%E6%B3%95%E6%B0%B4" n2="%E3%82%AB%E3%83%B3%E5%B0%82%E9%96%80" n3="%E5%B0%B1%E6%B4%BB%E7%94%9F%40%E5%B7%9D%E6%9D%91%E8%BB%8D%E5%9B%A3" dan="14,13,13,17" rate="1803.49,1818.30,1878.01,2144.07" sx="M,M,M,M"/><TAIKYOKU oya="0"/><INIT seed="0,0,0,1,0,65" ten="250,250,250,250" oya="0" hai0="52,26,57,27,44,105,33,14,68,100,11,48,18" hai1="67,58,115,61,79,54,4,3,76,66,134,70,84" hai2="20,40,124,97,64,71,107,109,126,85,45,5,83" hai3="135,19,39,7,28,2,15,96,108,131,129,77,69"/><T82/><D68/><U117/><E117/><V72/><F109/><W89/><G39/><T0/><D33/><U120/><E120/><V35/><F72/><W113/><G77/><T99/><D0/><U16/><E3/><V12/><F35/><W53/><G53/><T13/><D57/><U106/><E4/><V81/><F107/><W38/><G38/><T111/><D111/><U87/><E106/><V56/><F56/><W29/><G89/><T55/><D55/><U103/><E103/><V78/><F97/><W118/><G96/><T112/><D112/><U110/><E110/><V36/><F83/><W104/><G104/><T37/><D37/><U130/><E130/><N who="3" m="49674" /><G69/><T122/><D122/><U62/><E134/><V102/><F102/><W23/><G113/><T59/><D59/><U123/><E123/><V88/><F78/><W34/><G135/><T125/><D125/><U95/><E115/><V49/><F36/><W75/><G75/><T121/><D121/><U90/><E87/><V43/><F43/><W73/><G73/><T30/><D30/><N who="3" m="11881" /><G108/><T101/><D100/><U9/><E54/><V10/><REACH who="2" step="1"/><F20/><REACH who="2" ten="250,250,240,250" step="2"/><W21/><G34/><T92/><D82/><U114/><E114/><V24/><F24/><W133/><G133/><T31/><D105/><U91/><E90/><V60/><AGARI ba="0,1" hai="5,10,12,40,45,49,60,64,71,81,85,88,124,126" machi="60" ten="30,7900,0" yaku="1,1,0,1,52,1,54,1,53,0" doraHai="65" doraHaiUra="32" who="2" fromWho="2" sc="250,-39,250,-20,240,89,250,-20" /><INIT seed="1,0,0,1,5,19" ten="211,230,329,230" oya="1" hai0="67,80,105,50,12,28,115,108,114,93,24,98,78" hai1="94,85,132,129,73,124,22,16,5,103,134,70,65" hai2="47,49,31,131,30,15,61,51,59,99,7,110,48" hai3="79,82,117,43,21,75,83,54,97,60,88,58,37"/><U71/><E73/><V35/><F131/><W127/><G117/><T32/><D105/><U44/><E5/><V63/><F110/><W119/><G119/><T74/><D108/><U1/><E1/><V111/><F35/><W41/><G127/><T20/><D67/><U8/><E8/><V121/><F111/><W62/><G62/><T104/><D104/><U109/><E109/><V90/><F63/><W10/><G10/><T122/><D122/><U52/><E129/><V46/><F121/><W130/><G130/><T100/><D50/><N who="1" m="28743" /><E65/><V112/><F112/><W34/><G34/><T68/><D68/><U72/><E72/><V102/><F90/><W87/><G37/><T0/><D0/><U126/><E71/><V106/><F47/><W2/><G2/><T39/><D39/><U86/><E70/><V77/><F77/><W13/><REACH who="3" step="1"/><G97/><REACH who="3" ten="211,230,329,220" step="2"/><T36/><D36/><U17/><E124/><V69/><F46/><W120/><G120/><T118/><D118/><U40/><E126/><V55/><F69/><W84/><G84/><N who="1" m="32362" /><E40/><V64/><F64/><W92/><G92/><T45/><D45/><U107/><E107/><V66/><F66/><W11/><G11/><T116/><D116/><U29/><E134/><V26/><F106/><W42/><G42/><T6/><D32/><U125/><E132/><V4/><F55/><W53/><G53/><T81/><D80/><U91/><E125/><V14/><F99/><W135/><G135/><T57/><D57/><U101/><E101/><V3/><F102/><W113/><G113/><T18/><D6/><U25/><E103/><RYUUKYOKU ba="0,1" sc="211,10,230,10,329,-30,220,10" hai0="12,18,20,24,28,74,78,81,93,98,100,114,115" hai1="16,17,22,25,29,91,94" hai3="13,21,41,43,54,58,60,75,79,82,83,87,88" /><INIT seed="1,1,1,5,3,80" ten="221,240,299,230" oya="1" hai0="122,92,38,8,106,111,107,31,14,130,81,115,102" hai1="5,120,16,125,47,62,76,124,109,12,116,29,55" hai2="3,37,50,127,123,0,45,36,13,73,100,26,25" hai3="1,51,89,9,65,110,108,20,88,129,117,32,66"/><U71/><E120/><V21/><F100/><W98/><G32/><T133/><D81/><U95/><E116/><V83/><F123/><W52/><G117/><T48/><D31/><U57/><E5/><V85/><F73/><W41/><G41/><T104/><D92/><U53/><E29/><V40/><F127/><N who="1" m="48713" /><E71/><V134/><F134/><W34/><G34/><T82/><D82/><U68/><E68/><V75/><F75/><W118/><G118/><T77/><D77/><U49/><E76/><V54/><F26/><W6/><G129/><T30/><D30/><U28/><E28/><V42/><F13/><W69/><G20/><T39/><D48/><U72/><E95/><V86/><F42/><W58/><G98/><T94/><D94/><U33/><E72/><V2/><F37/><W132/><G132/><T97/><D122/><U44/><E33/><V46/><REACH who="2" step="1"/><F83/><REACH who="2" ten="221,240,289,230" step="2"/><W114/><G114/><T99/><D133/><U84/><E47/><V90/><F90/><N who="3" m="34923" /><G69/><T119/><D119/><U64/><E109/><AGARI ba="1,2" hai="1,6,9,51,52,58,65,66,108,109,110" m="34923" machi="109" ten="30,3900,0" yaku="14,1,54,2" doraHai="80" who="3" fromWho="1" sc="221,0,240,-42,289,0,230,62" /><INIT seed="2,0,0,2,0,70" ten="221,198,289,292" oya="2" hai0="97,34,37,43,31,22,26,110,124,48,29,35,112" hai1="2,121,13,99,125,74,134,80,81,54,83,78,14" hai2="108,123,129,44,27,57,41,94,61,60,24,28,75" hai3="88,36,19,101,84,79,20,3,59,52,8,42,11"/><V102/><F75/><W9/><G3/><T15/><D112/><U72/><E2/><V90/><F123/><W109/><G109/><T128/><D128/><U114/><E114/><V86/><F129/><W85/><G101/><T71/><D110/><U87/><E54/><V47/><F108/><W95/><G42/><T91/><D71/><U131/><E14/><V49/><F102/><W133/><G36/><T17/><D124/><U45/><E45/><V115/><F115/><W111/><G111/><T106/><D48/><U89/><E131/><V46/><F27/><W93/><G133/><T116/><D116/><U67/><E13/><V4/><F4/><W50/><G79/><T76/><D76/><N who="1" m="44039" /><E67/><V119/><F119/><W130/><G130/><T117/><D117/><U39/><E39/><V0/><F0/><W6/><G6/><T73/><D73/><U63/><E63/><V64/><REACH who="2" step="1"/><F60/><REACH who="2" ten="221,198,279,292" step="2"/><W1/><G1/><T5/><D5/><U32/><E121/><V21/><AGARI ba="0,1" hai="21,24,28,41,44,46,47,49,57,61,64,86,90,94" machi="21" ten="20,18000,2" yaku="1,1,2,1,0,1,7,1,8,1,53,1" doraHai="70" doraHaiUra="82" who="2" fromWho="2" sc="221,-60,198,-60,279,190,292,-60" /><INIT seed="2,1,0,2,0,69" ten="161,138,469,232" oya="2" hai0="8,87,18,96,124,70,127,115,45,92,131,81,23" hai1="91,88,34,3,22,122,107,110,121,108,9,17,11" hai2="43,95,112,30,56,64,68,42,27,72,50,48,66" hai3="109,12,58,10,67,29,117,36,40,103,75,20,101"/><V79/><F112/><W114/><G75/><T52/><D115/><U25/><E107/><V44/><F72/><W63/><G114/><T13/><D70/><U74/><E74/><V54/><F79/><W21/><G117/><T123/><D123/><N who="1" m="47115" /><E91/><V7/><F7/><W126/><G126/><T128/><D23/><U19/><E88/><V133/><F133/><W77/><G109/><N who="1" m="42090" /><E3/><V113/><F113/><W1/><G1/><T132/><D96/><U2/><E34/><V119/><F95/><W39/><G77/><T55/><D92/><U84/><E84/><V26/><F119/><W111/><G40/><T6/><D6/><N who="1" m="1239" /><E11/><V99/><F99/><W61/><G111/><T76/><D45/><U94/><E94/><V14/><F14/><W57/><G29/><AGARI ba="1,0" hai="17,19,22,25,29" m="1239,42090,47115" machi="29" ten="30,7700,0" yaku="13,1,14,1,34,2" doraHai="69" who="1" fromWho="3" sc="161,0,138,80,469,0,232,-80" /><INIT seed="3,0,0,3,4,28" ten="161,218,469,152" oya="3" hai0="5,114,63,110,132,57,88,3,120,21,58,124,30" hai1="7,105,78,32,72,125,35,122,75,2,13,36,91" hai2="27,52,34,98,53,85,128,24,86,82,10,83,18" hai3="50,118,112,67,131,76,96,46,121,93,101,44,54"/><W81/><G118/><T33/><D120/><U100/><E13/><V56/><F128/><W84/><G121/><T15/><D114/><U115/><E91/><V40/><F40/><W109/><G112/><T68/><D110/><U95/><E95/><V135/><F34/><N who="1" m="12841" /><E115/><V59/><F135/><W4/><G131/><T123/><D123/><U9/><E122/><V14/><F98/><W90/><G109/><T119/><D132/><U87/><E87/><N who="2" m="33291" /><F27/><W64/><G4/><T22/><D119/><U129/><E129/><V73/><F73/><N who="1" m="28233" /><E125/><V89/><F89/><W55/><REACH who="3" step="1"/><G76/><REACH who="3" ten="161,218,469,142" step="2"/><T79/><D79/><U106/><E78/><V23/><F83/><W20/><G20/><T8/><D124/><U127/><E127/><V17/><F82/><W6/><G6/><T38/><D21/><U99/><E106/><V116/><F116/><W103/><G103/><T12/><D22/><U102/><E102/><V126/><F126/><W69/><G69/><T107/><D68/><U41/><E41/><V97/><F97/><W31/><G31/><T92/><D107/><U130/><E130/><V39/><F23/><W42/><G42/><T70/><D70/><U80/><E80/><V49/><F24/><W25/><G25/><T65/><D38/><AGARI ba="0,1" hai="2,7,9,36,38,99,100,105" m="28233,12841" machi="38" ten="30,8000,1" yaku="33,2,52,3" doraHai="28" who="1" fromWho="0" sc="161,-80,218,90,469,0,142,0" /><INIT seed="4,0,0,0,5,64" ten="81,308,469,142" oya="0" hai0="62,112,82,131,12,127,98,69,65,103,21,39,86" hai1="45,118,57,97,61,44,35,49,79,94,53,10,25" hai2="101,80,132,19,16,93,29,88,17,107,125,74,66" hai3="47,115,73,78,117,130,105,111,70,106,0,42,126"/><T91/><D131/><U24/><E118/><V114/><F114/><W120/><G47/><T34/><D127/><U33/><E79/><V96/><F125/><W20/><G42/><T60/><D112/><U123/><E123/><V55/><F132/><W23/><G78/><T4/><D34/><U134/><E134/><V129/><F129/><W92/><G92/><T109/><D109/><U102/><E35/><V128/><F128/><W122/><G23/><T13/><D39/><U7/><E33/><V3/><F3/><W43/><G43/><T67/><D4/><U63/><E44/><V133/><F133/><W30/><G30/><T52/><D21/><U99/><E97/><V59/><F66/><W71/><G20/><T11/><D11/><U18/><E18/><V119/><F29/><W1/><G126/><T27/><D27/><U113/><E113/><V38/><F119/><W37/><G115/><T90/><D91/><U108/><E108/><V83/><F38/><W8/><G8/><T87/><D86/><U15/><REACH who="1" step="1"/><E61/><REACH who="1" ten="81,298,469,142" step="2"/><V36/><F19/><W6/><G130/><T76/><D76/><U48/><E48/><V81/><F36/><W9/><G37/><T54/><D12/><U51/><E51/><N who="2" m="31231" /><F74/><W14/><G111/><T58/><D13/><U2/><E2/><N who="3" m="1130" /><G73/><T22/><D22/><U100/><E100/><V95/><F107/><AGARI ba="0,1" hai="52,54,58,60,62,65,67,69,82,87,90,98,103,107" machi="107" ten="30,5800,0" yaku="7,1,52,1,54,1" doraHai="64" who="0" fromWho="2" sc="81,68,298,0,469,-58,142,0" /><INIT seed="4,1,0,3,4,10" ten="149,298,411,142" oya="0" hai0="2,0,52,64,56,42,8,60,33,101,109,131,88" hai1="78,108,51,47,73,94,44,81,14,34,83,114,85" hai2="84,116,122,129,82,115,134,90,62,91,70,123,13" hai3="76,49,110,69,106,45,95,20,19,7,103,107,41"/><T3/><D131/><U74/><E108/><V126/><F70/><W127/><G69/><T27/><D109/><U36/><E34/><V50/><F115/><W120/><G110/><T15/><D101/><U105/><E105/><V89/><F129/><W111/><G111/><T97/><D42/><U39/><E94/><V9/><F62/><W59/><G120/><T86/><D97/><U26/><E26/><V23/><F134/><W54/><G76/><T130/><D130/><U72/><E114/><V46/><F23/><W48/><G7/><T119/><D119/><U29/><E29/><V22/><F22/><W65/><G65/><T30/><D64/><U128/><E128/><V21/><F21/><W43/><G43/><T35/><D33/><U133/><E133/><V98/><F126/><W58/><G58/><T68/><D68/><U55/><E47/><V5/><F116/><W31/><G31/><T28/><D30/><U104/><E104/><V67/><F67/><W1/><G1/><T80/><REACH who="0" step="1"/><D3/><REACH who="0" ten="139,298,411,142" step="2"/><U135/><E135/><V117/><F117/><W53/><G41/><T99/><D99/><U6/><E83/><V66/><F66/><W96/><REACH who="3" step="1"/><G127/><REACH who="3" ten="139,298,411,132" step="2"/><T92/><D92/><U102/><E39/><V77/><F98/><W24/><AGARI ba="1,2" hai="19,20,24,45,48,49,53,54,59,95,96,103,106,107" machi="24" ten="20,5200,0" yaku="1,1,2,1,0,1,7,1,53,0" doraHai="10" doraHaiUra="25" who="3" fromWho="3" sc="139,-27,298,-14,411,-14,132,75" /><INIT seed="5,0,0,2,5,51" ten="112,284,397,207" oya="1" hai0="59,11,5,23,112,106,3,57,121,31,130,92,4" hai1="94,8,118,79,32,24,54,15,29,82,13,86,84" hai2="63,116,6,122,26,109,40,115,125,80,38,68,108" hai3="128,110,88,114,78,123,52,28,83,10,30,9,50"/><U34/><E118/><V7/><F116/><W91/><G110/><T46/><D121/><U64/><E64/><V25/><F122/><W69/><G69/><T73/><D106/><U105/><E105/><V74/><F125/><W22/><G123/><T124/><D73/><U89/><E34/><V16/><F115/><W117/><G117/><T101/><D112/><U47/><REACH who="1" step="1"/><E8/><REACH who="1" ten="112,274,397,207" step="2"/><V61/><F109/><W2/><G114/><T53/><D124/><U95/><E95/><V135/><F108/><W100/><G10/><T48/><D92/><U60/><E60/><V113/><F63/><W35/><G35/><T18/><D31/><U67/><E67/><V1/><F61/><W49/><G30/><T93/><D130/><U0/><E0/><V98/><F1/><W12/><G28/><T103/><D93/><U56/><E56/><V75/><F68/><W39/><G9/><T21/><D4/><U27/><E27/><V77/><F25/><W126/><G2/><T17/><D59/><U37/><E37/><V99/><F6/><W41/><G39/><T58/><D57/><U97/><E97/><V96/><F7/><W132/><G126/><T42/><D58/><U133/><E133/><V134/><F113/><W72/><G132/><N who="2" m="50729" /><F99/><W20/><G20/><T19/><REACH who="0" step="1"/><D42/><REACH who="0" ten="102,274,397,207" step="2"/><U111/><E111/><V107/><F40/><W55/><G41/><T44/><D44/><U45/><E45/><V36/><F107/><W70/><G70/><T127/><D127/><U104/><E104/><V66/><F36/><W14/><G128/><T71/><D71/><U90/><E90/><RYUUKYOKU ba="0,2" sc="102,15,274,15,397,-15,207,-15" hai0="3,5,11,17,18,19,21,23,46,48,53,101,103" hai1="13,15,24,29,32,47,54,79,82,84,86,89,94" /><INIT seed="5,1,2,2,4,48" ten="117,289,382,192" oya="1" hai0="111,0,88,29,15,31,105,23,68,69,9,84,94" hai1="121,55,101,109,19,128,86,113,125,91,77,107,70" hai2="30,11,123,104,32,127,96,132,83,53,27,85,120" hai3="40,115,16,122,3,52,76,87,39,46,7,6,34"/><U47/><E121/><V28/><F132/><W133/><G34/><T73/><D73/><U44/><E70/><V57/><F30/><W51/><G122/><T37/><D37/><U43/><E77/><V71/><F127/><W49/><G133/><T64/><D111/><U98/><E125/><V75/><F75/><W21/><G39/><T41/><D105/><U74/><E74/><V59/><F59/><N who="3" m="33167" /><G3/><T62/><D41/><U114/><E109/><V36/><F36/><W1/><G1/><T81/><D69/><U60/><E128/><V93/><F71/><W103/><G103/><T58/><D68/><U42/><E19/><V38/><F11/><W129/><G129/><T102/><D0/><U26/><E26/><V112/><F104/><W63/><G63/><T2/><D2/><U10/><E10/><V135/><F38/><W50/><G50/><T18/><D9/><U72/><E72/><V118/><F118/><W80/><G115/><N who="1" m="44042" /><E47/><V33/><F135/><W61/><G61/><T92/><REACH who="0" step="1"/><D102/><REACH who="0" ten="107,289,382,192" step="2"/><U8/><E8/><V24/><F112/><W117/><G117/><T82/><D82/><U106/><E106/><V45/><F120/><W108/><G108/><T119/><D119/><U90/><E60/><V130/><F130/><W134/><G134/><T54/><D54/><U95/><E107/><V66/><F123/><W126/><G126/><T78/><D78/><U89/><E101/><V25/><F33/><W56/><G56/><T116/><D116/><U17/><E42/><V5/><F45/><W20/><G76/><T35/><D35/><U67/><E43/><RYUUKYOKU ba="1,3" sc="107,30,289,-10,382,-10,192,-10" hai0="15,18,23,29,31,58,62,64,81,84,88,92,94" /><INIT seed="6,2,3,3,1,123" ten="137,279,372,182" oya="2" hai0="94,88,89,133,91,48,54,108,56,134,92,76,35" hai1="75,72,39,23,110,47,80,106,98,17,102,121,128" hai2="119,135,101,113,57,132,90,42,1,5,60,81,85" hai3="41,59,120,117,30,131,20,79,114,33,46,124,21"/><V18/><F119/><W107/><G120/><T73/><D35/><U115/><E128/><V130/><F130/><W95/><G107/><T7/><D7/><U45/><E121/><V3/><F42/><W82/><G131/><T4/><D4/><U116/><E116/><V77/><F113/><W103/><G117/><T28/><D28/><U109/><E39/><V70/><F101/><W31/><G124/><T99/><D99/><U71/><E71/><V100/><F100/><W58/><G114/><T2/><D2/><U87/><E47/><V126/><F70/><W14/><G33/><T34/><D34/><U105/><E45/><V9/><F126/><W27/><G95/><T19/><D19/><U11/><E11/><V16/><F1/><W96/><G96/><T40/><D40/><U25/><E106/><V32/><F32/><W44/><G103/><T84/><D73/><U49/><E49/><V24/><F24/><W53/><G53/><T93/><D76/><U12/><E25/><V43/><F43/><W111/><G111/><T15/><D108/><N who="1" m="41579" /><E115/><V26/><F26/><W8/><G46/><T67/><D67/><U118/><E118/><V83/><F135/><N who="0" m="51722" /><D15/><U51/><E51/><V22/><F132/><W64/><G64/><T104/><D104/><U127/><E127/><V65/><F22/><W36/><G31/><T129/><D129/><U10/><E23/><V0/><F0/><W122/><G21/><T55/><D54/><U13/><E13/><V97/><F97/><W61/><G122/><T52/><D55/><U62/><E62/><V6/><F6/><RYUUKYOKU ba="2,3" sc="137,10,279,10,372,10,182,-30" hai0="48,52,56,84,88,89,91,92,93,94" hai1="10,12,17,72,75,80,87,98,102,105" hai2="3,5,9,16,18,57,60,65,77,81,83,85,90" /><INIT seed="6,3,3,0,3,21" ten="147,289,382,152" oya="2" hai0="98,95,75,20,123,2,91,77,34,53,105,58,69" hai1="15,62,12,26,48,83,84,39,52,4,97,68,13" hai2="43,49,127,64,9,55,132,90,27,86,81,114,28" hai3="7,46,59,3,131,124,70,103,37,88,47,44,104"/><V60/><F114/><W36/><G70/><T108/><D123/><U134/><E39/><V82/><F132/><W107/><G124/><T76/><D108/><U125/><E125/><V96/><F127/><W118/><G118/><T61/><D2/><U23/><E134/><V25/><F43/><W24/><G131/><T112/><D112/><U133/><E133/><V54/><F28/><W31/><G59/><T45/><D34/><U92/><E62/><V11/><F96/><W57/><G57/><T94/><D105/><U101/><E68/><V93/><F64/><W33/><G88/><T35/><D35/><U109/><E109/><V19/><F60/><W1/><G104/><T50/><D75/><U100/><E100/><V65/><F65/><W66/><G66/><T42/><D69/><U71/><E4/><V18/><F93/><W119/><G119/><T102/><REACH who="0" step="1"/><D20/><REACH who="0" ten="137,289,382,152" step="2"/><U29/><E71/><V6/><F6/><W51/><G51/><T111/><D111/><U113/><E113/><V16/><F49/><W126/><G126/><T38/><D38/><U106/><E106/><V89/><F19/><W79/><G36/><T130/><D130/><U40/><E40/><V120/><F86/><AGARI ba="3,4" hai="42,45,50,53,58,61,76,77,86,91,94,95,98,102" machi="86" ten="30,3900,0" yaku="1,1,7,1,8,1,53,0" doraHai="21" doraHaiUra="115" who="0" fromWho="2" sc="137,88,289,0,382,-48,152,0" /><INIT seed="7,0,0,5,0,19" ten="225,289,334,152" oya="3" hai0="32,106,111,101,66,42,84,47,105,98,95,13,76" hai1="104,58,45,33,131,135,37,120,2,69,119,36,24" hai2="51,43,132,62,72,23,27,26,64,121,16,112,130" hai3="52,61,80,100,15,118,115,70,117,133,31,73,128"/><W1/><G1/><T35/><D111/><U9/><RYUUKYOKU type="yao9" ba="0,0" sc="225,0,289,0,334,0,152,0" hai1="2,9,24,33,36,37,45,58,69,104,119,120,131,135" /><INIT seed="7,1,0,5,2,13" ten="225,289,334,152" oya="3" hai0="37,110,68,50,70,122,24,34,8,100,27,46,1" hai1="79,135,55,39,97,29,87,88,61,60,57,10,101" hai2="18,16,118,74,129,132,81,84,90,26,0,115,52" hai3="59,36,6,35,5,49,89,94,41,109,124,83,20"/><W15/><G35/><T54/><D122/><U71/><E39/><V66/><F118/><W127/><G36/><T85/><D110/><U126/><E126/><N who="3" m="48170" /><G109/><T53/><D100/><U51/><E135/><V33/><F0/><W120/><G120/><T112/><D112/><U95/><E71/><V73/><F132/><W63/><G83/><T117/><D117/><U105/><E29/><V125/><F125/><W11/><G41/><T12/><D1/><U25/><E25/><V67/><F129/><W31/><G49/><T92/><D37/><U45/><E10/><V91/><F33/><W103/><G103/><T123/><D123/><U72/><E45/><V2/><F2/><W86/><G31/><T114/><D114/><U131/><E131/><V116/><F26/><W43/><G43/><T128/><D128/><U99/><E97/><V21/><F116/><W119/><G119/><T77/><D34/><U64/><E64/><V98/><F115/><W47/><G47/><T7/><D70/><U102/><E101/><V30/><F30/><W133/><G20/><T108/><D68/><U28/><E28/><V23/><F81/><AGARI ba="1,0" hai="51,55,57,60,61,72,79,81,87,88,95,99,102,105" machi="81" ten="40,5200,0" yaku="24,2,54,1" doraHai="13" who="1" fromWho="2" sc="225,0,289,55,334,-55,152,0" owari="225,-17.0,344,44.0,279,8.0,152,-35.0" /></mjloggm>