<mjloggm ver="2.3"><GO type="97" lobby="0"/><UN n0="%E3%82%8A%E3%81%9D%E3%81%86%E3%81%A2%E3%82%83%E3%82%93%E3%81%97%E2%99%AA" n1="%E5%B0%B1%E6%B4%BB%E7%94%9F%40%E5%B7%9D%E6%9D%91%E8%BB%8D%E5%9B%A3" n2="%74%65%6B%75%35%32%31%32" n3="%61%73%61%69%63%68%69" dan="15,15,13,13" rate="2042.30,2053.80,1854.00,1874.44" sx="M,M,M,M"/><TAIKYOKU oya="0"/><INIT seed="0,0,0,2,3,81" ten="250,250,250,250" oya="0" hai0="95,98,78,55,39,135,35,17,69,110,97,119,124" hai1="61,28,37,72,33,73,42,68,15,99,53,89,0" hai2="83,31,18,36,106,80,4,125,8,59,75,3,11" hai3="116,87,70,32,133,71,43,111,22,26,9,94,12"/><T85/><D119/><U14/><E0/><V76/><F125/><W132/><G116/><T82/><D35/><U128/><E128/><V10/><F36/><W51/><G32/><T38/><D69/><U113/><E113/><V58/><F106/><W47/><G111/><T127/><D135/><N who="3" m="51785" /><G94/><T101/><D110/><U57/><E68/><V49/><F83/><W34/><G34/><T88/><D17/><U120/><E120/><V46/><F31/><N who="3" m="17879" /><G87/><N who="0" m="48599" /><D55/><U84/><E99/><N who="0" m="37897" /><D101/><U93/><E28/><V115/><F115/><W23/><G23/><T108/><D108/><U54/><E33/><V19/><F19/><AGARI ba="0,0" hai="9,12,19,43,47,51,70,71" m="17879,51785" machi="19" ten="30,1000,0" yaku="20,1" doraHai="81" who="3" fromWho="2" sc="250,0,250,0,250,-10,250,10" /><INIT seed="1,0,0,3,0,51" ten="250,250,240,260" oya="1" hai0="35,82,106,52,28,36,117,90,121,63,43,120,58" hai1="60,5,129,98,101,83,135,42,14,71,66,67,45" hai2="77,22,115,108,125,41,37,39,17,50,69,2,130" hai3="109,105,131,107,54,26,127,47,112,86,104,33,61"/><U122/><E122/><N who="0" m="47209" /><D106/><U79/><E129/><V10/><F130/><W84/><G112/><T85/><D117/><U75/><E135/><V53/><F115/><W20/><G131/><T94/><D43/><U18/><E5/><V111/><F125/><W81/><G127/><T7/><D7/><U32/><E32/><V0/><F69/><W65/><G33/><T89/><D36/><U46/><E67/><V72/><F41/><W88/><G109/><N who="2" m="42057" /><F10/><W44/><G86/><N who="0" m="52567" /><D35/><U6/><E6/><V68/><F68/><W110/><G110/><T126/><D28/><U34/><E34/><V118/><F118/><W19/><REACH who="3" step="1"/><G54/><REACH who="3" ten="250,250,240,250" step="2"/><N who="0" m="34263" /><D126/><U30/><E30/><V91/><F39/><W21/><G21/><T29/><D29/><U100/><E100/><V70/><F37/><W9/><G9/><T48/><D48/><U113/><E113/><V16/><F50/><W119/><G119/><T92/><D82/><U15/><E42/><V57/><F0/><W40/><G40/><T99/><D85/><U132/><E132/><V3/><F2/><W73/><G73/><T133/><D133/><U31/><E31/><V62/><F3/><W102/><G102/><T55/><AGARI ba="0,1" hai="52,55,89,92,99" m="34263,52567,47209" machi="55" ten="30,8000,1" yaku="13,1,52,3,54,1" doraHai="51" who="0" fromWho="0" sc="250,90,250,-40,240,-20,250,-20" /><INIT seed="2,0,0,2,3,98" ten="340,210,220,230" oya="2" hai0="115,22,100,47,21,82,60,109,113,88,126,78,19" hai1="101,72,30,127,94,27,31,135,51,89,39,9,106" hai2="77,8,91,13,59,58,53,41,43,80,117,123,65" hai3="130,61,132,63,71,48,67,85,62,131,92,133,110"/><V23/><F123/><W69/><G92/><T104/><D126/><U76/><E39/><V38/><F117/><W15/><G85/><T34/><D34/><U18/><E127/><V96/><F38/><W129/><G15/><T54/><D109/><U17/><E135/><N who="3" m="51786" /><G110/><T35/><D35/><U5/><E5/><V66/><F23/><W56/><G67/><T64/><D22/><U102/><E106/><V68/><F68/><N who="3" m="26187" /><G48/><T42/><D64/><U112/><E112/><V107/><F66/><W26/><G26/><T105/><D54/><U83/><E51/><V79/><F65/><W118/><G56/><T128/><D60/><U108/><E108/><V10/><F107/><W28/><G28/><T33/><D33/><U52/><E52/><V119/><F119/><AGARI ba="0,0" hai="61,62,63,118,119,129,130,131" m="26187,51786" machi="119" ten="50,12000,2" yaku="28,2,19,1,20,1,34,2" doraHai="98" who="3" fromWho="2" sc="340,0,210,0,220,-120,230,120" /><INIT seed="3,0,0,4,1,26" ten="340,210,100,350" oya="3" hai0="0,123,43,86,63,85,121,49,23,24,124,3,107" hai1="126,68,76,10,133,128,112,45,39,12,27,14,60" hai2="105,28,56,61,54,91,19,46,83,87,48,4,102" hai3="120,103,11,129,88,77,118,55,114,32,8,72,89"/><W38/><G32/><T33/><D33/><U37/><E112/><V22/><F4/><W29/><G114/><T17/><D107/><U106/><E106/><V20/><F105/><W62/><G38/><T69/><D124/><U70/><E76/><V21/><F102/><W13/><G103/><T31/><D123/><U81/><E126/><V1/><F1/><W96/><G118/><T67/><D121/><U71/><E71/><V47/><F47/><W132/><G120/><T78/><D17/><U94/><E128/><V130/><F130/><W52/><G29/><T92/><D85/><U131/><E131/><V6/><F6/><W74/><G129/><T18/><D18/><U73/><E94/><V80/><F80/><W5/><G132/><T95/><D95/><U119/><E119/><V84/><F84/><W113/><G113/><T65/><D65/><U25/><E133/><V117/><F117/><W104/><G104/><T110/><D110/><U53/><E53/><N who="3" m="20554" /><G62/><T75/><D75/><N who="3" m="28713" /><G77/><T44/><REACH who="0" step="1"/><D92/><REACH who="0" ten="330,210,100,350" step="2"/><U125/><E60/><V2/><F2/><N who="3" m="55" /><G96/><T127/><D127/><U93/><E125/><V36/><F36/><W59/><G59/><T108/><D108/><U66/><E39/><V58/><F58/><W116/><G116/><T82/><AGARI ba="0,1" hai="0,3,23,24,31,43,44,49,63,67,69,78,82,86" machi="82" ten="30,7900,0" yaku="1,1,0,1,52,1,53,1" doraHai="26" doraHaiUra="16" who="0" fromWho="0" sc="330,89,210,-20,100,-20,350,-39" owari="419,52.0,190,-21.0,80,-42.0,311,11.0" /></mjloggm>