<mjloggm ver="2.3"><GO type="169" lobby="0"/><UN n0="%63%68%61%72%68%69%6D%65" n1="%E5%B0%B1%E6%B4%BB%E7%94%9F%40%E5%B7%9D%E6%9D%91%E8%BB%8D%E5%9B%A3" n2="%54%6B%40%32%35%32%35" n3="%7A%65%61%6C%E2%88%AB" dan="16,16,16,16" rate="2108.01,2102.93,2047.57,2128.27" sx="F,M,M,M"/><TAIKYOKU oya="0"/><INIT seed="0,0,0,4,3,120" ten="250,250,250,250" oya="0" hai0="32,104,54,72,47,76,113,115,81,48,102,107,125" hai1="3,31,33,27,114,126,86,132,121,110,94,112,122" hai2="55,123,22,49,12,42,64,50,34,58,68,44,109" hai3="4,39,59,116,135,117,61,119,35,108,96,1,65"/><T2/><D2/><U99/><E3/><V82/><F123/><N who="1" m="47113" /><E86/><V26/><F82/><W8/><G135/><T75/><D32/><U6/><E6/><V130/><F130/><W89/><G35/><T13/><D75/><U43/><E43/><V124/><F124/><W92/><REACH who="3" step="1"/><G39/><REACH who="3" ten="250,250,250,240" step="2"/><T101/><D125/><U78/><E132/><V38/><F34/><W51/><G51/><T14/><D115/><N who="1" m="44075" /><E126/><V111/><F50/><W15/><G15/><T70/><D113/><U18/><E78/><V53/><F12/><W67/><G67/><T69/><D14/><U91/><E18/><N who="2" m="12631" /><F55/><W21/><G21/><T93/><D13/><U45/><E45/><V100/><F100/><W16/><G16/><T87/><D102/><U20/><E33/><V134/><F134/><W19/><G19/><T90/><D107/><U105/><E105/><V63/><AGARI ba="0,1" hai="38,42,44,49,53,58,63,64,68,109,111" m="12631" machi="63" ten="30,4000,0" yaku="24,1,52,2" doraHai="120" who="2" fromWho="2" sc="250,-20,250,-10,250,50,240,-10" /><INIT seed="1,0,0,3,4,7" ten="230,240,300,230" oya="1" hai0="0,18,78,73,127,39,17,37,52,86,131,100,21" hai1="90,70,13,123,24,33,88,68,133,56,108,121,104" hai2="72,105,32,27,76,35,45,6,31,84,118,11,49" hai3="54,114,135,30,93,22,101,102,55,19,50,107,44"/><U25/><E104/><V120/><F105/><W20/><G114/><T66/><D131/><U128/><E128/><V9/><F120/><W34/><G135/><T28/><D66/><U89/><E133/><V124/><F72/><W119/><G119/><T117/><D127/><U46/><E108/><V14/><F118/><W5/><G5/><T53/><D100/><U129/><E129/><V122/><F122/><W51/><G34/><T10/><D73/><U40/><E13/><V116/><F124/><W111/><G111/><T8/><D28/><U42/><E33/><V58/><F58/><N who="3" m="33111" /><G93/><T65/><D65/><U47/><E90/><V15/><F116/><W110/><G107/><T92/><D0/><U57/><AGARI ba="0,0" hai="24,25,40,42,46,47,56,57,68,70,88,89,121,123" machi="57" ten="25,9600,0" yaku="0,1,22,2,54,1" doraHai="7" who="1" fromWho="1" sc="230,-32,240,96,300,-32,230,-32" /><INIT seed="1,1,0,1,0,89" ten="198,336,268,198" oya="1" hai0="86,50,109,64,70,112,77,106,48,9,67,57,99" hai1="79,125,8,130,127,103,52,45,16,60,94,56,22" hai2="30,122,66,39,78,24,118,113,68,93,47,132,65" hai3="76,90,101,131,28,2,105,123,12,13,25,114,82"/><U124/><E130/><V19/><F122/><W121/><G2/><T10/><D112/><U59/><E79/><V4/><F118/><W92/><G114/><T126/><D109/><U104/><E8/><V33/><F113/><W15/><G131/><T107/><D70/><U55/><E45/><V71/><F78/><W72/><G101/><T97/><D77/><U61/><E104/><V133/><F4/><W63/><G63/><T23/><D86/><U91/><E103/><V0/><F0/><W129/><G105/><T11/><D23/><U75/><E75/><V53/><F19/><W73/><G73/><T110/><D11/><U14/><E127/><V7/><F7/><W111/><G111/><T43/><D43/><U46/><E46/><V108/><F108/><W83/><G83/><T36/><D110/><U69/><E69/><N who="2" m="26699" /><F93/><W3/><G3/><T32/><D57/><U81/><E81/><V29/><F29/><W74/><G74/><T26/><D26/><U17/><E17/><V6/><F6/><W34/><REACH who="3" step="1"/><G129/><REACH who="3" ten="198,336,268,188" step="2"/><T100/><D100/><U41/><E41/><V58/><F133/><W119/><G119/><T21/><D126/><U88/><REACH who="1" step="1"/><E91/><REACH who="1" ten="198,326,268,188" step="2"/><V5/><F132/><W54/><G54/><T62/><D107/><U51/><E51/><V44/><F53/><W134/><G134/><T1/><D106/><U96/><AGARI ba="1,2" hai="14,16,22,52,55,56,59,60,61,88,94,96,124,125" machi="96" ten="30,24000,3" yaku="1,1,0,1,9,1,52,1,54,3,53,1" doraHai="89" doraHaiUra="18" who="1" fromWho="1" sc="198,-81,326,263,268,-81,188,-81" /><INIT seed="1,2,0,2,1,43" ten="117,589,187,107" oya="1" hai0="119,101,99,91,72,131,92,12,65,81,113,98,73" hai1="2,6,78,23,89,94,75,123,7,88,68,86,125" hai2="106,27,132,9,57,87,70,5,63,19,130,24,49" hai3="66,22,74,80,11,133,45,21,48,13,127,61,34"/><U18/><E68/><V32/><F106/><W109/><G34/><T107/><D119/><U26/><E123/><V93/><F130/><W114/><G114/><T124/><D113/><U44/><E125/><V77/><F70/><W135/><G109/><T62/><D131/><U103/><E103/><V38/><F38/><W83/><G127/><T112/><D112/><U31/><E2/><V126/><F126/><W50/><G50/><T110/><D110/><U69/><E69/><V41/><F132/><N who="3" m="50763" /><G61/><T97/><D124/><U117/><E75/><V8/><F32/><W33/><G66/><T4/><D99/><N who="1" m="57799" /><E78/><V100/><F19/><N who="3" m="8639" /><G33/><T55/><D73/><U29/><E117/><V28/><F28/><N who="1" m="10825" /><E44/><N who="2" m="25743" /><F100/><W10/><G74/><T30/><D72/><U104/><E104/><V56/><F5/><W71/><G71/><T64/><D107/><U129/><E129/><V115/><F115/><W51/><G45/><T95/><D101/><U0/><E0/><V59/><F63/><W84/><G51/><T116/><D62/><U53/><E53/><V85/><F77/><W39/><G48/><T128/><D55/><U122/><E122/><V37/><F37/><W25/><G39/><T16/><D128/><U134/><E134/><V102/><F102/><W96/><G96/><T46/><D98/><U118/><E118/><V58/><F58/><W82/><G84/><N who="2" m="32329" /><F93/><AGARI ba="2,0" hai="6,7,18,23,26,86,89,93" m="10825,57799" machi="93" ten="30,2900,0" yaku="8,1,54,1" doraHai="43" who="1" fromWho="2" sc="117,0,589,35,187,-35,107,0" /><INIT seed="1,3,0,0,1,46" ten="117,624,152,107" oya="1" hai0="69,127,20,54,43,115,89,0,117,39,90,58,53" hai1="92,30,87,63,50,42,83,131,1,133,38,110,118" hai2="120,60,109,77,126,9,7,12,121,108,29,15,75" hai3="57,61,105,93,37,95,45,33,40,16,49,64,80"/><U102/><E38/><V129/><F75/><W84/><G105/><T28/><D117/><U34/><E1/><V88/><F77/><N who="3" m="46095" /><G33/><T112/><D0/><U25/><E118/><V111/><F126/><W96/><G37/><T44/><D69/><U100/><E131/><V82/><F129/><W99/><G16/><T14/><D127/><U122/><E122/><V66/><F29/><W67/><G67/><T27/><D53/><U103/><E133/><V56/><F15/><W62/><G62/><T132/><D132/><U8/><E110/><V23/><F23/><W101/><G101/><T79/><D79/><U72/><E72/><V104/><F104/><W73/><G73/><T11/><D115/><U19/><E63/><V35/><F35/><W119/><G119/><T125/><D112/><U32/><E32/><V128/><F128/><W113/><G113/><T116/><D125/><U68/><E68/><V36/><F36/><W59/><G59/><T85/><D85/><AGARI ba="3,0" hai="7,9,12,56,60,66,82,85,88,108,109,111,120,121" machi="85" ten="40,2600,0" yaku="14,1,54,1" doraHai="46" who="2" fromWho="0" sc="117,-35,624,0,152,35,107,0" /><INIT seed="2,0,0,3,3,69" ten="82,624,187,107" oya="2" hai0="36,119,1,97,52,96,86,111,10,41,130,45,38" hai1="66,46,64,107,16,88,21,87,43,82,117,2,53" hai2="103,15,120,31,108,135,4,67,20,114,102,0,100" hai3="5,23,91,72,65,85,110,78,19,125,71,14,63"/><V129/><F120/><W37/><G110/><T83/><D111/><U132/><E107/><V104/><F108/><W89/><G125/><T32/><D32/><U76/><E2/><V39/><F114/><W27/><G72/><T116/><D130/><U8/><E117/><N who="0" m="45129" /><D1/><U126/><E126/><V34/><F129/><W12/><G12/><T113/><D10/><U112/><E112/><V92/><F135/><W70/><G70/><T105/><D113/><U133/><E8/><V40/><F67/><W74/><G74/><T55/><D105/><U29/><E29/><V73/><F73/><W79/><G89/><N who="0" m="51423" /><D38/><U134/><E76/><V59/><F59/><W61/><G37/><T57/><D55/><U115/><E53/><V109/><F109/><W77/><G5/><T128/><D128/><U13/><E115/><V51/><F104/><W60/><REACH who="3" step="1"/><G14/><REACH who="3" ten="82,624,187,97" step="2"/><T118/><N who="0" m="45137" /><T49/><AGARI ba="0,1" hai="36,41,45,49,52,57,96,97" m="51423,45137" machi="49" ten="40,8000,1" yaku="4,1,12,1,52,1,54,1" doraHai="69" who="0" fromWho="0" sc="82,90,624,-20,187,-40,97,-20" /><INIT seed="3,0,0,4,5,93" ten="172,604,147,77" oya="3" hai0="8,22,31,58,66,68,56,1,103,43,55,82,5" hai1="47,34,74,95,133,79,130,46,36,87,11,0,126" hai2="89,19,14,92,111,109,75,110,60,65,123,70,119" hai3="72,117,39,44,96,16,104,105,37,48,107,24,50"/><W98/><G72/><T59/><D43/><U77/><E34/><V85/><F75/><W90/><G117/><T52/><D68/><U25/><E74/><V132/><F132/><W121/><G121/><T106/><D66/><U18/><E36/><V120/><REACH who="2" step="1"/><F119/><REACH who="2" ten="172,604,137,77" step="2"/><W81/><G39/><T45/><D55/><U28/><E133/><V30/><F30/><W12/><G37/><T23/><D31/><U102/><E28/><V71/><F71/><W78/><G48/><T10/><D1/><U116/><E0/><V101/><F101/><W113/><G113/><T4/><D103/><U129/><E102/><V83/><F83/><W42/><G90/><T21/><D82/><U69/><E69/><V128/><F128/><W114/><G114/><T64/><D64/><U135/><E79/><V38/><F38/><W53/><G53/><T54/><D106/><U91/><E77/><V57/><F57/><W86/><REACH who="3" step="1"/><G24/><REACH who="3" ten="172,604,137,67" step="2"/><T26/><D26/><U99/><E25/><V131/><F131/><W41/><G41/><T6/><D54/><U40/><E129/><V84/><F84/><W124/><G124/><T29/><D29/><U61/><E126/><V118/><F118/><W112/><G112/><T122/><D122/><U88/><E130/><V94/><F94/><W13/><G13/><T20/><N who="0" m="5632" /><DORA hai="76" /><T80/><D80/><N who="1" m="49255" /><E116/><V32/><F32/><W49/><G49/><AGARI ba="0,2" hai="4,5,6,8,10,45,49,52,56,58,59" m="5632" machi="49" ten="60,8000,1" yaku="29,2,8,1,54,1" doraHai="93,76" who="0" fromWho="3" sc="172,100,604,0,137,0,67,-80" owari="272,7.0,604,70.0,137,-26.0,-13,-51.0" /></mjloggm>