<mjloggm ver="2.3"><GO type="97" lobby="0"/><UN n0="%E9%80%86%E7%80%AC%E5%B7%9D" n1="%E7%A5%9E%E3%81%AE%E3%82%8A%E3%82%93%E3%81%94" n2="%E5%B0%B1%E6%B4%BB%E7%94%9F%40%E5%B7%9D%E6%9D%91%E8%BB%8D%E5%9B%A3" n3="%E8%B1%86%E8%85%90%6D%65%6E%74%61%6C" dan="14,13,15,14" rate="1849.27,1857.64,2059.85,1903.50" sx="F,M,M,M"/><TAIKYOKU oya="0"/><INIT seed="0,0,0,2,3,66" ten="250,250,250,250" oya="0" hai0="95,34,134,11,90,1,25,3,62,19,80,28,58" hai1="15,20,131,86,65,9,121,85,99,104,2,114,77" hai2="14,12,59,56,117,57,46,16,76,115,44,40,50" hai3="51,27,72,105,101,88,36,74,96,7,75,132,119"/><T109/><D134/><U108/><E121/><V23/><F117/><W38/><G119/><T118/><D118/><U82/><E2/><V112/><F76/><W113/><G113/><T135/><D135/><U103/><E114/><V64/><F64/><W92/><G132/><T32/><D32/><U8/><E108/><V73/><F73/><W6/><G51/><T60/><D109/><U54/><E131/><V30/><F30/><W37/><REACH who="3" step="1"/><G27/><REACH who="3" ten="250,250,250,240" step="2"/><T130/><D62/><U128/><E128/><V13/><F115/><W79/><G79/><T93/><D130/><U63/><E63/><V102/><F112/><W53/><G53/><T129/><D129/><U81/><E54/><V127/><F127/><W94/><G94/><T122/><D122/><U89/><E65/><V41/><REACH who="2" step="1"/><F102/><REACH who="2" ten="250,250,240,240" step="2"/><W78/><G78/><T87/><D1/><U84/><E103/><V69/><F69/><W98/><AGARI ba="0,2" hai="6,7,36,37,38,72,74,75,88,92,96,98,101,105" machi="98" ten="40,5200,0" yaku="1,1,0,1,54,1,53,0" doraHai="66" doraHaiUra="123" who="3" fromWho="3" sc="250,-26,250,-13,240,-13,240,72" /><INIT seed="1,0,0,5,3,95" ten="224,237,227,312" oya="1" hai0="59,17,72,84,41,71,109,18,68,53,51,63,112" hai1="43,66,36,69,89,11,25,34,125,8,127,122,7" hai2="47,98,91,83,5,20,9,55,85,39,35,67,27" hai3="102,124,70,88,24,64,19,77,60,0,92,14,74"/><U110/><E122/><V78/><F35/><W65/><G0/><T111/><D112/><U50/><E36/><V99/><F67/><W121/><G121/><T44/><D72/><U76/><E76/><V37/><F37/><W119/><G119/><T100/><D100/><U32/><E110/><N who="0" m="41993" /><D84/><U118/><E118/><V33/><F33/><W103/><G64/><T96/><D96/><N who="2" m="36906" /><F39/><W114/><G74/><T54/><D54/><U86/><E66/><V104/><F104/><W79/><G103/><T129/><D129/><U26/><E69/><AGARI ba="0,0" hai="17,18,41,44,51,53,59,63,68,69,71" m="41993" machi="69" ten="30,1000,0" yaku="14,1" doraHai="95" who="0" fromWho="1" sc="224,10,237,-10,227,0,312,0" /><INIT seed="2,0,0,0,3,2" ten="234,227,227,312" oya="2" hai0="46,20,119,15,80,40,135,118,30,50,134,42,121" hai1="73,105,36,98,22,39,45,59,3,14,68,9,12" hai2="52,53,43,24,108,75,95,25,21,29,34,132,51" hai3="47,56,5,67,107,120,87,117,35,65,92,10,129"/><V115/><F115/><W64/><G107/><T90/><D121/><U32/><E68/><V110/><F75/><W86/><G120/><T112/><D112/><U126/><E32/><V74/><F74/><W102/><G117/><N who="0" m="44555" /><D42/><U55/><E3/><V18/><F132/><N who="0" m="50730" /><D90/><U131/><E73/><V111/><F95/><W77/><G129/><T19/><D30/><U26/><E131/><V85/><F85/><W133/><G133/><T41/><D41/><U71/><E71/><V61/><F61/><W72/><G77/><T38/><D80/><U31/><E126/><V11/><F11/><W114/><G114/><T89/><D89/><U1/><E1/><V79/><F79/><W103/><G103/><T94/><D94/><U123/><E123/><V57/><F57/><W127/><G56/><T116/><N who="0" m="44563" /><T84/><DORA hai="130" /><D84/><U49/><E105/><V62/><F62/><W4/><G87/><T48/><AGARI ba="0,0" hai="15,19,20,38,40,46,48,50" m="50730,44563" machi="48" ten="50,8000,1" yaku="12,1,20,1,52,3" doraHai="2,130" who="0" fromWho="0" sc="234,80,227,-20,227,-40,312,-20" /><INIT seed="3,0,0,4,5,4" ten="314,207,187,292" oya="3" hai0="79,74,32,45,115,8,108,106,125,37,117,102,35" hai1="19,64,71,49,44,98,88,67,76,129,2,41,5" hai2="47,43,61,29,86,58,135,53,6,109,65,69,87" hai3="70,63,80,11,66,118,50,26,114,84,14,128,105"/><W121/><G114/><T1/><RYUUKYOKU type="yao9" ba="0,0" sc="314,0,207,0,187,0,292,0" hai0="1,8,32,35,37,45,74,79,102,106,108,115,117,125" /><INIT seed="3,1,0,2,3,32" ten="314,207,187,292" oya="3" hai0="107,93,82,47,34,90,60,74,12,131,57,56,49" hai1="68,43,77,62,73,128,3,71,39,9,23,38,26" hai2="20,24,104,112,48,67,129,108,17,65,30,89,111" hai3="121,28,126,33,118,1,91,132,103,123,4,5,63"/><W116/><G91/><T35/><D107/><U42/><E128/><V66/><F104/><W13/><G63/><T75/><D131/><U81/><E43/><V31/><F129/><W106/><G103/><T59/><D35/><U83/><E83/><V29/><F112/><W99/><G99/><T7/><D34/><U27/><E27/><V100/><F100/><W72/><G72/><T86/><D74/><U70/><E62/><V114/><F114/><W58/><G58/><T125/><D75/><U80/><E80/><V98/><REACH who="2" step="1"/><F48/><REACH who="2" ten="314,207,177,292" step="2"/><W10/><G106/><T51/><D60/><U87/><E73/><V2/><F2/><W25/><G132/><T64/><D49/><U85/><E85/><V122/><F122/><N who="3" m="46603" /><G126/><T113/><D51/><U135/><E135/><V79/><F79/><W78/><G78/><T15/><D86/><U44/><E38/><V36/><F36/><W6/><G1/><T69/><D125/><U46/><E46/><V110/><F110/><W117/><AGARI ba="1,1" hai="4,5,6,10,13,25,28,33,116,117,118" m="46603" machi="117" ten="40,3900,0" yaku="34,2" doraHai="32" who="3" fromWho="3" sc="314,-14,207,-14,177,-14,292,52" owari="300,10.0,193,-21.0,163,-34.0,344,45.0" /></mjloggm>