<mjloggm ver="2.3"><GO type="97" lobby="0"/><UN n0="%E3%83%88%E3%83%88%E3%83%AA%E5%85%88%E7%94%9F%31%39%E6%AD%B3" n1="%70%6F%6E%74%69%74%69" n2="%68%79%70%73%69%6E" n3="%72%61%74%69%6F" dan="15,14,15,13" rate="2027.68,1934.53,2005.42,1863.43" sx="F,M,M,F"/><TAIKYOKU oya="0"/><INIT seed="0,0,0,4,1,124" ten="250,250,250,250" oya="0" hai0="108,106,58,76,77,32,26,35,84,97,11,52,110" hai1="96,34,119,115,12,87,24,19,69,20,7,29,105" hai2="95,59,60,82,18,131,21,57,23,120,48,88,79" hai3="98,134,16,37,40,8,101,10,54,109,104,100,81"/><T80/><D77/><U64/><E119/><V50/><F120/><W36/><G40/><T61/><D26/><U66/><E87/><N who="2" m="48607" /><F131/><W0/><G81/><T6/><D97/><U93/><E115/><V118/><F118/><W17/><G54/><T49/><D61/><U86/><E86/><N who="2" m="52631" /><F59/><W99/><G109/><N who="0" m="42091" /><D106/><U85/><E85/><V75/><F75/><W43/><G43/><T121/><D121/><U116/><E116/><V27/><F23/><W46/><G46/><T42/><D42/><U47/><E47/><V78/><F78/><W112/><G112/><T71/><D71/><U83/><E83/><V130/><F130/><W2/><G104/><T102/><D102/><U9/><E105/><V67/><AGARI ba="0,0" hai="18,21,27,48,50,57,60,67" m="52631,48607" machi="67" ten="30,2000,0" yaku="8,1,54,1" doraHai="124" who="2" fromWho="2" sc="250,-10,250,-5,250,20,250,-5" /><INIT seed="1,0,0,3,3,123" ten="240,245,270,245" oya="1" hai0="2,71,90,62,28,53,22,19,114,88,69,8,65" hai1="117,26,58,81,119,124,42,18,120,83,113,57,40" hai2="93,21,118,79,72,32,109,17,25,30,14,80,5" hai3="107,97,48,41,45,6,0,110,133,33,125,134,43"/><U61/><E120/><V103/><F109/><W122/><G122/><T111/><D114/><U23/><E113/><V4/><REACH who="2" step="1"/><F118/><REACH who="2" ten="240,245,260,245" step="2"/><W135/><G110/><T108/><D111/><U127/><E119/><V16/><F16/><W31/><G31/><T54/><D28/><U94/><E117/><V86/><F86/><W78/><G33/><T38/><D108/><U131/><E131/><V50/><F50/><W130/><G130/><T3/><D38/><U46/><E127/><V56/><F56/><W49/><G125/><T74/><D71/><U112/><E124/><V104/><F104/><W37/><G41/><N who="1" m="15978" /><E112/><V68/><F68/><W75/><G75/><T129/><D74/><U77/><E46/><V39/><F39/><W24/><G107/><T55/><D129/><U20/><E58/><V76/><F76/><W132/><G78/><T51/><D51/><N who="3" m="19529" /><G97/><AGARI ba="0,1" hai="4,5,14,17,21,25,30,32,72,79,80,93,97,103" machi="97" ten="40,1300,0" yaku="1,1,53,0" doraHai="123" doraHaiUra="126" who="2" fromWho="3" sc="240,0,245,0,260,23,245,-13" /><INIT seed="2,0,0,4,3,3" ten="240,245,283,232" oya="2" hai0="126,83,54,5,103,114,62,97,99,40,101,132,50" hai1="77,71,17,1,78,104,49,94,128,88,47,67,116" hai2="125,95,121,70,123,43,117,7,65,76,0,44,48" hai3="122,92,13,100,39,74,32,30,120,53,20,119,89"/><V91/><F117/><W130/><G119/><T81/><D114/><U24/><E104/><V68/><F125/><W110/><G74/><T61/><D126/><U64/><E1/><V115/><F115/><W38/><G32/><T46/><D132/><U26/><E116/><V57/><F76/><N who="1" m="29289" /><E71/><N who="2" m="27179" /><F7/><W22/><G100/><N who="0" m="38475" /><D5/><U29/><E128/><V63/><F91/><W9/><G130/><T60/><D40/><N who="1" m="24807" /><E29/><V8/><F95/><W135/><G135/><T127/><D127/><U93/><E93/><V59/><F8/><W66/><G66/><N who="1" m="25130" /><E17/><V98/><F0/><W52/><G30/><T31/><D31/><U90/><E90/><V19/><F19/><W73/><G73/><T84/><D84/><AGARI ba="0,0" hai="24,26,84,88,94" m="25130,24807,29289" machi="84" ten="30,2000,0" yaku="8,1,54,1" doraHai="3" who="1" fromWho="0" sc="240,-20,245,20,283,0,232,0" /><INIT seed="3,0,0,5,2,104" ten="220,265,283,232" oya="3" hai0="78,62,115,19,57,3,60,108,113,27,58,90,34" hai1="41,18,26,82,123,37,133,105,76,48,91,36,80" hai2="97,12,131,67,28,135,63,69,66,134,51,40,111" hai3="65,101,119,124,79,35,56,2,43,11,83,54,126"/><W23/><G119/><T52/><D3/><U116/><E105/><V73/><F28/><W118/><G118/><T64/><D108/><U121/><E116/><V86/><F111/><W125/><G35/><T112/><D78/><U71/><E71/><N who="2" m="42463" /><F97/><W16/><G101/><T88/><REACH who="0" step="1"/><D19/><REACH who="0" ten="210,265,283,232" step="2"/><U77/><E133/><V106/><F134/><W9/><G2/><T81/><D81/><U47/><E91/><V59/><F135/><W25/><G43/><T22/><D22/><U10/><E10/><V94/><F40/><W87/><G65/><T72/><D72/><U32/><E32/><V103/><F73/><W33/><REACH who="3" step="1"/><G33/><REACH who="3" ten="210,265,283,222" step="2"/><T127/><D127/><U38/><E121/><V45/><F67/><W53/><G53/><T75/><D75/><U110/><E123/><V122/><F122/><W44/><G44/><T0/><D0/><U21/><REACH who="1" step="1"/><E110/><REACH who="1" ten="210,255,283,222" step="2"/><V50/><F45/><W128/><G128/><T70/><D70/><U49/><E49/><AGARI ba="0,3" hai="9,11,16,23,25,49,54,56,79,83,87,124,125,126" machi="49" ten="40,12000,1" yaku="1,1,18,1,54,1,53,1" doraHai="104" doraHaiUra="74" who="3" fromWho="1" sc="210,0,255,-120,283,0,222,150" owari="210,-19.0,135,-36.0,283,8.0,372,47.0" /></mjloggm>