<mjloggm ver="2.3"><GO type="97" lobby="0"/><UN n0="%E5%B0%B1%E6%B4%BB%E7%94%9F%40%E5%B7%9D%E6%9D%91%E8%BB%8D%E5%9B%A3" n1="%EF%BC%95%E4%BA%94%E9%8A%80%E6%88%90" n2="%53%61%67%69%6D%75" n3="%E5%87%9C%E7%94%B0%E8%8E%89%E5%AD%90" dan="15,13,14,14" rate="1992.51,1859.17,1937.17,2027.52" sx="M,F,M,M"/><TAIKYOKU oya="0"/><INIT seed="0,0,0,3,4,51" ten="250,250,250,250" oya="0" hai0="38,19,90,23,124,35,32,37,3,17,22,7,47" hai1="118,78,77,62,24,67,117,75,13,126,28,56,132" hai2="36,29,104,93,16,89,119,65,55,64,130,10,61" hai3="123,11,57,54,60,9,128,34,88,82,122,31,48"/><T69/><D69/><U5/><E126/><V127/><F104/><W39/><G39/><T33/><D124/><U108/><E108/><V116/><F36/><W106/><G106/><T21/><D90/><U87/><E75/><V66/><F29/><W84/><G128/><T14/><D47/><U112/><E132/><V73/><F73/><W42/><G42/><T50/><D50/><U41/><E41/><V72/><F72/><W85/><G31/><T53/><D53/><U100/><E100/><V91/><F130/><W27/><G27/><N who="0" m="14767" /><D37/><U120/><E120/><N who="3" m="46122" /><G34/><T115/><D38/><U49/><E49/><V109/><F127/><W2/><G2/><T79/><D79/><U97/><E97/><V125/><F125/><W59/><G84/><T114/><D22/><U30/><E87/><V107/><F107/><W111/><G111/><T12/><D3/><U103/><E103/><V131/><F131/><W68/><G68/><T26/><D7/><U135/><E135/><V102/><F109/><W96/><G96/><T134/><D134/><U71/><E71/><V83/><F102/><W95/><G95/><T15/><AGARI ba="0,0" hai="12,14,15,19,23,26,32,33,35,114,115" m="14767" machi="15" ten="40,3900,0" yaku="34,2" doraHai="51" who="0" fromWho="0" sc="250,39,250,-13,250,-13,250,-13" /><INIT seed="0,1,0,4,3,120" ten="289,237,237,237" oya="0" hai0="62,130,51,48,72,125,81,33,128,29,21,70,37" hai1="0,76,127,7,131,83,87,58,112,3,129,11,53" hai2="42,57,4,71,54,28,19,50,103,80,30,63,38" hai3="84,44,113,105,74,25,117,34,98,123,46,27,15"/><T106/><D33/><U60/><E127/><V6/><F71/><W116/><G113/><T18/><D106/><U110/><E110/><V104/><F38/><W45/><G74/><T66/><D37/><U73/><E112/><V67/><F42/><W14/><G123/><T49/><D29/><U100/><E100/><V13/><F104/><W102/><G84/><T89/><D125/><U52/><E53/><V22/><F103/><W24/><REACH who="3" step="1"/><G34/><REACH who="3" ten="289,237,237,227" step="2"/><T79/><REACH who="0" step="1"/><D89/><REACH who="0" ten="279,237,237,227" step="2"/><U61/><E73/><V132/><F30/><W41/><G41/><T20/><D20/><U12/><REACH who="1" step="1"/><E61/><REACH who="1" ten="279,227,237,227" step="2"/><V64/><F63/><W133/><G133/><T121/><D121/><U111/><E111/><V97/><F132/><W56/><G56/><T65/><D65/><U68/><E68/><V47/><F64/><W59/><G59/><T90/><D90/><U31/><E31/><V78/><F67/><W23/><G23/><T122/><D122/><U92/><E92/><V118/><F57/><W1/><G1/><AGARI ba="1,3" hai="0,1,3,7,11,12,52,58,60,76,83,87,129,131" machi="1" ten="40,2600,0" yaku="1,1,54,1,53,0" doraHai="120" doraHaiUra="115" who="1" fromWho="3" sc="279,0,227,59,237,0,227,-29" /><INIT seed="1,0,0,3,2,2" ten="279,286,237,198" oya="1" hai0="135,125,57,76,3,79,17,34,132,33,87,89,55" hai1="106,47,108,75,21,31,117,90,46,77,27,95,112" hai2="36,37,9,110,15,54,52,23,49,29,81,70,6" hai3="71,72,134,8,53,93,73,61,44,91,25,62,115"/><U83/><E106/><V68/><F110/><W80/><G115/><T88/><D3/><U28/><E112/><V92/><F54/><W109/><G109/><T121/><D121/><U122/><E122/><V26/><F81/><W14/><G134/><N who="0" m="51243" /><D17/><U41/><E117/><V99/><F68/><W101/><G25/><T50/><D125/><U20/><E108/><V4/><F70/><W82/><G101/><T45/><D89/><U127/><E127/><V98/><F98/><W13/><G72/><T111/><D111/><U66/><E66/><V63/><F63/><N who="3" m="24075" /><G71/><T118/><D118/><U18/><E41/><V114/><F114/><W10/><G73/><T124/><D45/><U105/><E105/><V0/><F0/><W102/><G102/><T133/><D124/><U30/><REACH who="1" step="1"/><E21/><REACH who="1" ten="279,276,237,198" step="2"/><V94/><F23/><W48/><G10/><T12/><D133/><U58/><E58/><V78/><F9/><W119/><G119/><T85/><D34/><U123/><E123/><V107/><F107/><W130/><G8/><T43/><D33/><U113/><E113/><V120/><F120/><W16/><G130/><T84/><D43/><U100/><E100/><V103/><F103/><W128/><G128/><T65/><D65/><U131/><E131/><V32/><F32/><W35/><G35/><T126/><D126/><U24/><E24/><V1/><F26/><W129/><G129/><T42/><D42/><U7/><E7/><V51/><F4/><W56/><G56/><T5/><D88/><U40/><E40/><V64/><F6/><W38/><G44/><T60/><D60/><RYUUKYOKU ba="0,1" sc="279,15,276,15,237,-15,198,-15" hai0="5,12,50,55,57,76,79,84,85,87" hai1="18,20,27,28,30,31,46,47,75,77,83,90,95" /><INIT seed="1,1,1,4,5,103" ten="294,291,222,183" oya="1" hai0="12,128,102,24,25,15,123,115,3,59,83,125,31" hai1="73,1,98,88,18,32,76,4,133,114,5,84,118" hai2="80,68,21,72,105,116,36,28,99,55,13,82,93" hai3="26,53,85,112,40,89,70,7,135,113,67,11,33"/><U106/><E118/><V37/><F68/><W129/><G135/><T97/><D3/><U107/><E114/><V110/><F116/><W38/><G129/><T44/><D115/><U100/><E32/><V52/><F72/><W19/><G53/><T6/><D123/><U61/><E61/><V35/><F35/><W126/><G126/><T71/><D71/><U49/><E49/><V81/><F110/><W92/><G67/><T42/><D6/><U90/><E18/><V57/><F105/><W101/><G70/><T60/><D128/><U46/><E46/><V17/><F28/><W79/><G79/><T39/><D83/><N who="1" m="45455" /><E5/><V134/><F134/><W8/><G101/><T45/><D45/><U47/><E47/><V77/><F77/><W23/><G40/><T91/><D91/><U127/><E4/><V20/><F20/><W62/><G38/><T65/><D125/><U50/><E50/><V9/><F9/><W132/><G62/><T56/><D56/><U119/><E1/><V121/><F121/><W75/><G75/><T74/><D74/><U29/><E29/><V10/><F10/><W64/><G132/><T124/><D124/><U94/><E133/><V69/><F69/><W22/><G33/><T122/><D122/><U86/><E127/><V95/><F55/><W87/><G64/><T104/><D25/><U54/><E54/><V27/><F27/><W51/><G11/><T117/><D117/><U41/><E41/><V34/><F34/><AGARI ba="1,1" hai="12,15,24,31,34,39,42,44,59,60,65,97,102,104" machi="34" ten="30,2000,0" yaku="7,1,52,1" doraHai="103" who="0" fromWho="2" sc="294,33,291,0,222,-23,183,0" /><INIT seed="2,0,0,3,0,65" ten="327,291,199,183" oya="2" hai0="24,20,134,73,18,106,60,32,117,22,51,128,119" hai1="50,85,0,43,4,41,130,46,102,57,72,79,107" hai2="64,21,12,96,67,99,127,111,49,68,110,42,14" hai3="26,53,17,100,40,98,11,133,114,66,92,88,7"/><V135/><F135/><W95/><G133/><T115/><D134/><U71/><E72/><V34/><F34/><W123/><G123/><T124/><D106/><U56/><E130/><V19/><F127/><W55/><G114/><T108/><D73/><U63/><E0/><V45/><F12/><N who="3" m="5247" /><G66/><T39/><D39/><U48/><E4/><V25/><F67/><W109/><G40/><T52/><D108/><N who="2" m="41514" /><F25/><W31/><G109/><T81/><D32/><U113/><E102/><V10/><F10/><W1/><G1/><T94/><D115/><U35/><E107/><V103/><F103/><W61/><G31/><T36/><D36/><U6/><E35/><V120/><F120/><W75/><G75/><T126/><D81/><U101/><E6/><V80/><F80/><W132/><G61/><AGARI ba="0,0" hai="14,19,21,42,45,49,61,64,68,96,99" m="41514" machi="61" ten="30,5800,0" yaku="14,1,10,1,52,1" doraHai="65" who="2" fromWho="3" sc="327,0,291,0,199,58,183,-58" /><INIT seed="2,1,0,4,5,63" ten="327,291,257,125" oya="2" hai0="133,15,41,135,10,103,105,19,36,98,108,0,67" hai1="26,86,99,42,104,107,89,96,18,21,81,97,101" hai2="121,34,29,24,91,92,13,109,58,55,85,125,64" hai3="114,69,84,79,129,9,30,43,39,100,17,56,51"/><V76/><F121/><W74/><G69/><T65/><D108/><U70/><E42/><V123/><F123/><W130/><G74/><T47/><REACH who="0" step="1"/><D0/><REACH who="0" ten="317,291,257,125" step="2"/><U53/><E70/><V8/><F125/><W77/><G129/><T11/><D11/><U6/><E6/><V75/><F109/><W119/><G9/><T4/><D4/><U2/><E2/><V7/><F75/><W62/><G130/><T88/><D88/><U52/><REACH who="1" step="1"/><E101/><REACH who="1" ten="317,281,257,125" step="2"/><V102/><F102/><W80/><G100/><T68/><D68/><U22/><E22/><V73/><F7/><W126/><G126/><T132/><AGARI ba="1,2" hai="10,15,19,36,41,47,65,67,98,103,105,132,133,135" machi="132" ten="30,8000,1" yaku="1,1,0,1,20,1,52,2,53,0" doraHai="63" doraHaiUra="48" who="0" fromWho="0" sc="317,103,281,-21,257,-41,125,-21" /><INIT seed="3,0,0,2,1,40" ten="420,260,216,104" oya="3" hai0="19,38,95,93,76,97,24,75,88,50,129,81,39" hai1="100,47,37,121,73,134,45,70,32,23,58,92,135" hai2="30,42,102,74,109,15,12,113,13,120,0,78,132" hai3="54,105,11,8,48,111,1,116,119,25,10,36,71"/><W56/><G71/><T79/><D79/><U59/><E70/><V22/><F113/><W133/><G105/><T125/><D125/><U128/><E32/><V110/><F102/><W5/><G36/><T28/><D129/><U131/><E37/><V61/><F61/><W91/><G133/><N who="1" m="50698" /><E73/><V80/><F132/><W103/><G103/><T115/><D115/><U85/><E23/><V44/><F0/><W31/><G111/><N who="2" m="42505" /><F120/><W43/><G43/><T35/><D19/><U53/><E121/><V62/><F62/><W65/><G65/><T49/><D49/><N who="1" m="31023" /><E59/><V82/><F82/><W98/><G5/><T130/><D130/><N who="1" m="49707" /><E92/><V83/><F83/><W66/><G1/><T60/><D60/><U4/><E100/><V57/><F57/><W46/><G66/><T7/><D7/><U108/><E108/><V112/><F112/><W16/><G56/><T63/><D63/><U104/><E104/><V107/><F107/><W51/><G51/><T6/><D6/><U127/><E127/><V86/><F74/><W99/><G16/><T94/><D50/><U67/><E4/><V33/><F33/><W72/><G72/><T20/><D35/><U114/><E114/><V64/><F64/><W96/><REACH who="3" step="1"/><G91/><REACH who="3" ten="420,260,216,94" step="2"/><T87/><D38/><U52/><E67/><V26/><F42/><W29/><G29/><T124/><D39/><U117/><E117/><V14/><N who="2" m="3584" /><DORA hai="3" /><V101/><F101/><W90/><G90/><T21/><D124/><U55/><E85/><V68/><F68/><W2/><G2/><T89/><D21/><AGARI ba="0,1" hai="8,10,11,21,25,31,46,48,54,96,98,99,116,119" machi="21" ten="40,3900,0" yaku="1,1,52,1,53,0" doraHai="40,3" doraHaiUra="118,77" who="3" fromWho="0" sc="420,-39,260,0,216,0,94,49" /><INIT seed="3,1,0,5,1,89" ten="381,260,216,143" oya="3" hai0="81,111,54,88,105,134,51,99,68,22,124,69,17" hai1="76,73,66,13,36,44,62,30,57,90,52,10,29" hai2="85,23,96,2,35,8,43,109,21,26,5,37,75" hai3="133,108,27,50,86,9,31,16,102,74,53,92,104"/><W39/><G74/><T98/><D111/><U72/><E90/><V14/><F75/><W95/><G39/><T94/><D124/><U97/><E97/><V117/><F117/><W20/><G108/><T46/><D134/><U4/><E76/><V107/><F109/><W106/><G133/><T12/><D81/><U71/><E73/><V45/><F85/><W130/><G130/><T79/><D79/><U114/><E114/><V87/><F87/><W83/><G104/><T6/><D6/><U125/><E72/><V101/><F35/><W33/><G106/><T63/><D63/><U61/><REACH who="1" step="1"/><E125/><REACH who="1" ten="381,250,216,143" step="2"/><V67/><F2/><W103/><G103/><T24/><D99/><U91/><E91/><V132/><F96/><W82/><G102/><T135/><D105/><U118/><E118/><V129/><F101/><W7/><G33/><T38/><D135/><U123/><E123/><V11/><F107/><W19/><G82/><T15/><D38/><U34/><E34/><V48/><F132/><W80/><G80/><T122/><D122/><U25/><E25/><V56/><F26/><W32/><G32/><T41/><D41/><AGARI ba="1,1" hai="4,10,13,29,30,36,41,44,52,57,61,62,66,71" machi="41" ten="40,5200,0" yaku="1,1,54,1,53,1" doraHai="89" doraHaiUra="1" who="1" fromWho="0" sc="381,-55,250,65,216,0,143,0" owari="326,42.0,315,12.0,216,-18.0,143,-36.0" /></mjloggm>