<mjloggm ver="2.3"><GO type="97" lobby="0"/><UN n0="%E6%84%9B%E5%AE%95%E3%83%8D%E3%82%AD%E3%80%82" n1="%E5%B0%B1%E6%B4%BB%E7%94%9F%40%E5%B7%9D%E6%9D%91%E8%BB%8D%E5%9B%A3" n2="%44%4F%44%4F%4B%4F" n3="%75%72%69%6E%65%5F" dan="15,14,14,14" rate="1996.33,1958.48,1977.97,1885.28" sx="M,M,F,M"/><TAIKYOKU oya="0"/><INIT seed="0,0,0,0,3,107" ten="250,250,250,250" oya="0" hai0="79,37,81,134,97,21,40,43,100,33,70,105,96" hai1="124,94,123,126,7,127,65,74,10,30,113,133,76" hai2="57,86,49,36,131,116,61,114,13,80,111,77,23" hai3="112,60,66,122,18,110,5,119,135,99,130,63,82"/><T84/><D33/><U48/><E123/><V75/><F36/><W56/><G5/><T90/><D70/><U26/><E113/><V55/><F114/><W121/><G18/><T71/><D71/><U31/><E133/><V51/><F116/><W104/><G82/><T54/><D134/><U27/><E65/><V8/><F23/><W32/><G99/><T3/><D3/><N who="1" m="383" /><E94/><V58/><F131/><W106/><G106/><T2/><D2/><U28/><E48/><V93/><F111/><W4/><G4/><T42/><D37/><U115/><E115/><V129/><F129/><W17/><G17/><T85/><D21/><U16/><E76/><V72/><F93/><W11/><G11/><T102/><D54/><U14/><E74/><V78/><F78/><W24/><G24/><T53/><D53/><U44/><E44/><V62/><F51/><W59/><G104/><T15/><D15/><U109/><E109/><V50/><F50/><W6/><G6/><T118/><D118/><U38/><E38/><V128/><F128/><W35/><G119/><T1/><D1/><U92/><E92/><V103/><F103/><N who="0" m="39466" /><D105/><U47/><E47/><V64/><F61/><W89/><G135/><T12/><D12/><U101/><E101/><V9/><F9/><AGARI ba="0,0" hai="9,14,16,26,27,28,30,31,124,126,127" m="383" machi="9" ten="40,8000,1" yaku="18,1,34,2,54,1" doraHai="107" who="1" fromWho="2" sc="250,0,250,80,250,-80,250,0" /><INIT seed="1,0,0,4,4,90" ten="250,330,170,250" oya="1" hai0="43,123,88,27,38,75,68,50,8,16,131,89,100" hai1="29,44,95,61,14,20,126,5,22,86,69,52,83" hai2="34,77,33,55,1,36,45,42,85,104,3,117,6" hai3="15,17,58,93,49,64,87,37,135,112,47,51,103"/><U91/><E126/><V102/><F85/><W26/><G112/><T98/><D38/><U59/><E69/><V127/><F55/><W40/><G135/><T41/><D68/><U125/><E125/><V81/><F127/><W84/><G26/><T94/><D75/><U99/><E29/><V19/><F19/><W7/><G7/><T76/><D76/><N who="1" m="46439" /><E44/><V28/><F117/><W53/><G64/><T109/><D109/><U106/><E106/><V24/><F34/><W92/><G37/><T108/><D108/><U72/><E72/><N who="2" m="43175" /><F6/><W120/><G120/><T74/><D74/><U12/><E5/><V39/><F39/><W54/><G40/><N who="0" m="15435" /><D131/><U21/><AGARI ba="0,0" hai="12,14,20,21,22,52,59,61,91,95,99" m="46439" machi="21" ten="30,6000,0" yaku="8,1,52,1,54,1" doraHai="90" who="1" fromWho="1" sc="250,-20,330,60,170,-20,250,-20" /><INIT seed="1,1,0,3,1,54" ten="230,390,150,230" oya="1" hai0="52,129,17,90,106,105,28,107,122,3,114,109,111" hai1="121,13,21,59,115,91,103,48,127,56,41,55,120" hai2="134,85,40,38,88,97,16,73,58,93,66,36,126" hai3="133,29,1,65,110,45,63,94,12,96,125,124,34"/><U119/><E119/><V116/><F73/><W80/><G1/><T43/><D43/><U44/><E115/><V6/><F6/><W100/><G133/><T30/><D114/><U8/><E127/><N who="3" m="48714" /><G110/><N who="0" m="41995" /><D129/><U69/><E69/><V62/><F116/><W87/><G45/><T77/><D77/><U35/><E35/><V15/><F134/><W9/><G34/><T95/><D3/><U104/><E104/><V4/><F4/><N who="3" m="3111" /><G29/><T5/><D5/><U19/><E103/><V99/><F126/><W49/><G49/><T53/><D17/><U27/><E91/><V26/><F26/><W132/><G132/><T60/><D122/><U23/><E23/><V50/><F50/><W128/><G128/><T86/><D53/><U113/><E113/><V70/><F70/><N who="3" m="42303" /><G87/><T39/><D39/><U25/><E25/><V11/><REACH who="2" step="1"/><F40/><REACH who="2" ten="230,390,140,230" step="2"/><W78/><G80/><T47/><D47/><U98/><E120/><V71/><F71/><W123/><G78/><T131/><D131/><U108/><E121/><AGARI ba="1,1" hai="94,96,100,121,123" m="42303,3111,48714" machi="121" ten="30,1000,0" yaku="18,1" doraHai="54" who="3" fromWho="1" sc="230,0,390,-13,140,0,230,23" /><INIT seed="2,0,0,5,5,22" ten="230,377,140,253" oya="2" hai0="107,66,42,1,88,36,5,111,96,43,91,92,77" hai1="18,7,122,99,117,47,79,20,55,121,135,25,128" hai2="124,115,94,13,93,46,104,2,84,106,41,8,21" hai3="56,34,65,119,133,63,27,60,90,120,44,109,87"/><V76/><F115/><W9/><G119/><T69/><D107/><U61/><E128/><V51/><F2/><W134/><G120/><N who="1" m="46186" /><E135/><N who="3" m="51722" /><G9/><T102/><D77/><U31/><E79/><V24/><F124/><W105/><G105/><T26/><D111/><U62/><E7/><N who="2" m="3231" /><F106/><W38/><G109/><T72/><D72/><U108/><E108/><V0/><F0/><W16/><G34/><T116/><D116/><U73/><E73/><V81/><F104/><W64/><G44/><T23/><D36/><U86/><E117/><V70/><F70/><W11/><G38/><T50/><D1/><U49/><E99/><V113/><F113/><W52/><G11/><T3/><D3/><U30/><E86/><V67/><F67/><W58/><G65/><T132/><D5/><U68/><E68/><V131/><F131/><W110/><G110/><T103/><D132/><U6/><E6/><V33/><F33/><W100/><G100/><T71/><D71/><U130/><E130/><V98/><F98/><W95/><G64/><T45/><D103/><U85/><E85/><V28/><AGARI ba="0,0" hai="21,24,28,41,46,51,76,81,84,93,94" m="3231" machi="28" ten="30,6000,0" yaku="25,1,8,1,52,1" doraHai="22" who="2" fromWho="2" sc="230,-20,377,-20,140,60,253,-20" /><INIT seed="2,1,0,3,2,18" ten="210,357,200,233" oya="2" hai0="135,67,22,102,2,90,55,122,36,103,132,74,63" hai1="47,79,5,119,130,101,86,6,116,118,27,117,31" hai2="59,71,129,14,9,60,95,110,42,25,92,38,133" hai3="112,0,10,113,52,69,120,83,49,121,35,8,44"/><V15/><F71/><W28/><G69/><T4/><D122/><U76/><E119/><V131/><F133/><N who="0" m="51274" /><D36/><U99/><E130/><N who="2" m="49675" /><F110/><W57/><G28/><T77/><D55/><U73/><E73/><V127/><F127/><W125/><G35/><T89/><D4/><U46/><E6/><N who="2" m="3383" /><F15/><W64/><G125/><T19/><D2/><U78/><E5/><V68/><F68/><W81/><G0/><T126/><D126/><U97/><E86/><V80/><F80/><N who="3" m="30795" /><G121/><T111/><D77/><U23/><REACH who="1" step="1"/><E97/><REACH who="1" ten="210,347,200,233" step="2"/><V124/><F124/><W1/><G120/><T33/><D74/><U40/><E40/><V24/><F42/><W134/><G1/><T75/><D75/><U93/><AGARI ba="1,1" hai="23,27,31,46,47,76,78,79,93,99,101,116,117,118" machi="93" ten="40,8000,1" yaku="1,1,0,1,52,1,53,2" doraHai="18" doraHaiUra="41" who="1" fromWho="1" sc="210,-21,347,93,200,-41,233,-21" /><INIT seed="3,0,0,1,5,58" ten="189,440,159,212" oya="3" hai0="110,109,127,7,80,101,59,129,128,51,34,93,29" hai1="132,70,9,23,66,78,32,82,2,6,61,25,71" hai2="18,64,69,65,112,35,31,84,33,40,92,52,90" hai3="39,115,102,135,126,56,111,17,122,11,4,117,119"/><W22/><G39/><T42/><D7/><U121/><E132/><V95/><F112/><W98/><G135/><T104/><D104/><U123/><E71/><V28/><F40/><W37/><G37/><T20/><D34/><U76/><E32/><V60/><F65/><W106/><G115/><T105/><D105/><U45/><E45/><V30/><F18/><W107/><G122/><T89/><D127/><U43/><E43/><V13/><F13/><W16/><G126/><T77/><D101/><U15/><E2/><V12/><F12/><W10/><G111/><N who="0" m="42507" /><D29/><U99/><E99/><V81/><F95/><W96/><G56/><T125/><D20/><U120/><REACH who="1" step="1"/><E82/><REACH who="1" ten="189,430,159,212" step="2"/><V75/><REACH who="2" step="1"/><F52/><REACH who="2" ten="189,430,149,212" step="2"/><W36/><G36/><T63/><D125/><U97/><E97/><V1/><F1/><W27/><G119/><T53/><D42/><U85/><E85/><V103/><F103/><W73/><G117/><T108/><N who="0" m="42515" /><T41/><DORA hai="26" /><D41/><U48/><E48/><V24/><F24/><W74/><G98/><N who="0" m="57647" /><D51/><U114/><E114/><V83/><F83/><W14/><G107/><T68/><D68/><U21/><E21/><V100/><F100/><W3/><AGARI ba="0,2" hai="3,4,10,11,14,16,17,22,27,73,74,96,102,106" machi="3" ten="20,3900,0" yaku="0,1,7,1,54,1" doraHai="58,26" who="3" fromWho="3" sc="189,-13,430,-13,149,-13,212,59" /><INIT seed="3,1,0,0,2,90" ten="176,417,136,271" oya="3" hai0="51,135,120,111,115,14,118,32,59,64,87,9,28" hai1="66,52,113,20,42,89,60,47,79,88,78,38,97" hai2="16,108,10,75,22,110,70,106,124,7,53,69,30" hai3="2,54,96,29,125,81,109,71,105,61,121,48,1"/><W26/><G121/><T107/><D120/><U130/><E113/><V4/><F75/><W19/><G19/><T6/><D118/><U123/><E123/><V49/><F106/><W80/><G125/><T119/><D119/><U122/><E122/><V95/><F124/><W56/><G109/><T86/><D115/><U92/><E130/><V67/><F30/><W65/><G2/><T99/><D111/><N who="2" m="42538" /><F67/><W72/><G1/><T45/><D135/><U36/><E36/><V40/><F40/><W104/><G72/><T63/><D32/><U129/><E129/><V58/><F70/><W103/><REACH who="3" step="1"/><G105/><REACH who="3" ten="176,417,136,261" step="2"/><T15/><D107/><U57/><E20/><AGARI ba="1,1" hai="20,26,29,48,54,56,61,65,71,80,81,96,103,104" machi="20" ten="30,5800,0" yaku="1,1,2,1,7,1,53,0" doraHai="90" doraHaiUra="82" who="3" fromWho="1" sc="176,0,417,-61,136,0,261,71" /><INIT seed="3,2,0,0,5,126" ten="176,356,136,332" oya="3" hai0="20,21,29,133,84,74,124,55,10,16,83,4,5" hai1="116,19,96,91,80,75,118,57,95,66,104,135,30" hai2="44,97,108,42,67,15,79,111,64,58,39,11,70" hai3="52,123,49,87,102,131,47,8,85,37,86,31,3"/><W69/><G123/><T22/><D74/><U2/><E2/><V63/><F79/><W107/><G69/><T54/><D124/><U76/><E135/><V41/><F97/><W119/><G119/><N who="1" m="45610" /><E30/><V109/><F15/><W94/><G107/><T46/><D133/><U101/><E19/><V48/><F11/><W125/><G125/><T33/><D33/><U56/><E66/><V92/><F92/><W12/><G3/><T27/><D21/><U128/><E128/><V122/><F122/><W45/><G31/><T78/><D10/><U0/><E0/><V51/><F42/><W35/><G35/><T59/><D46/><U115/><E115/><V73/><F73/><W93/><G131/><T98/><D98/><AGARI ba="2,0" hai="56,57,75,76,80,91,95,96,98,101,104" m="45610" machi="98" ten="30,1000,0" yaku="12,1" doraHai="126" who="1" fromWho="0" sc="176,-16,356,16,136,0,332,0" owari="160,-24.0,372,47.0,136,-36.0,332,13.0" /></mjloggm>