<mjloggm ver="2.3"><GO type="225" lobby="0"/><UN n0="%E3%82%B1%E3%83%B3%E3%83%A4%E2%98%85" n1="%6B%61%6D%6F%73%75%6B%65" n2="%E5%B0%B1%E6%B4%BB%E7%94%9F%40%E5%B7%9D%E6%9D%91%E8%BB%8D%E5%9B%A3" n3="%46%4C%41%4D%45" dan="17,16,16,16" rate="2152.89,2144.51,2070.60,2153.41" sx="M,M,M,M"/><TAIKYOKU oya="0"/><INIT seed="0,0,0,3,2,20" ten="250,250,250,250" oya="0" hai0="129,76,52,17,119,24,126,110,97,58,39,38,11" hai1="67,2,21,9,37,100,65,57,94,14,85,124,93" hai2="71,108,34,125,7,53,127,73,31,12,90,69,6" hai3="91,23,55,72,3,13,15,49,99,98,74,8,89"/><T102/><D119/><U60/><E37/><V135/><F73/><W29/><G3/><T46/><D76/><U26/><E2/><V44/><F135/><W80/><G74/><T88/><D46/><U30/><E124/><N who="2" m="47691" /><F108/><W36/><G36/><T92/><D126/><U4/><E85/><V25/><F90/><N who="3" m="34315" /><G80/><T131/><D110/><U104/><E104/><V0/><F0/><W51/><G72/><T111/><D111/><U134/><E134/><V128/><F128/><N who="0" m="49226" /><D102/><U132/><E132/><V77/><F77/><W95/><G95/><T106/><D106/><U87/><E87/><V116/><F116/><W27/><G15/><N who="0" m="7423" /><D24/><U70/><E70/><N who="2" m="26635" /><F12/><W42/><G42/><T101/><D101/><U5/><E5/><V62/><F44/><N who="3" m="28071" /><G51/><AGARI ba="0,0" hai="38,39,51,52,58,88,92,97" m="7423,49226" machi="51" ten="30,5800,0" yaku="19,1,54,2" doraHai="20" who="0" fromWho="3" sc="250,58,250,0,250,0,250,-58" /><INIT seed="0,1,0,3,3,124" ten="308,250,250,192" oya="0" hai0="125,36,51,89,2,73,107,14,86,100,127,38,96" hai1="84,122,29,21,57,68,129,59,130,33,91,66,48" hai2="55,41,110,49,117,74,75,23,135,72,9,17,69" hai3="7,97,67,113,19,61,8,24,58,78,118,0,114"/><T77/><D2/><U20/><E122/><V5/><F117/><W87/><G118/><T28/><D28/><U106/><E106/><V101/><F69/><W39/><G39/><N who="0" m="14891" /><D51/><U98/><E98/><V12/><F41/><W10/><G97/><T52/><D52/><N who="1" m="31879" /><E68/><V92/><F110/><W47/><G47/><T109/><D14/><U62/><E33/><V99/><F135/><W116/><G116/><T94/><D109/><U112/><E29/><V34/><F34/><W65/><G65/><T93/><D93/><N who="1" m="54503" /><E112/><V22/><REACH who="2" step="1"/><F5/><REACH who="2" ten="308,250,240,192" step="2"/><W70/><G70/><T54/><D127/><U42/><E42/><V26/><F26/><W4/><G24/><T60/><D125/><U1/><E1/><V71/><F71/><W88/><G0/><T45/><D107/><U104/><E104/><V16/><F16/><W40/><G40/><T56/><D100/><U46/><E46/><AGARI ba="1,1" hai="9,12,17,22,23,46,49,55,72,74,75,92,99,101" machi="46" ten="40,1300,0" yaku="1,1,53,0" doraHai="124" doraHaiUra="115" who="2" fromWho="1" sc="308,0,250,-16,240,26,192,0" /><INIT seed="1,0,0,5,5,110" ten="308,234,266,192" oya="1" hai0="83,9,77,36,115,59,7,65,51,72,71,95,48" hai1="113,10,26,75,68,126,101,91,20,119,99,19,11" hai2="129,54,114,107,16,58,46,23,117,56,135,130,103" hai3="28,118,12,0,6,33,29,131,80,70,43,31,18"/><U64/><E119/><V24/><F117/><W90/><G70/><T112/><D71/><U93/><E75/><V53/><F135/><W104/><G104/><T22/><D36/><U120/><E120/><V3/><F3/><W67/><G67/><T134/><D22/><U125/><E68/><V5/><F5/><W15/><G43/><T35/><D35/><U27/><E64/><V116/><F116/><W108/><G80/><T82/><D95/><U88/><E27/><V49/><F114/><W34/><G90/><N who="1" m="34346" /><E113/><V1/><F1/><W13/><G118/><T79/><D134/><U100/><E101/><V17/><F17/><W98/><G98/><T2/><D115/><U73/><E73/><V94/><F107/><W102/><G102/><T40/><D40/><U132/><E132/><V14/><F24/><W84/><G84/><T57/><D112/><U47/><E47/><V25/><F25/><W92/><G92/><T37/><D37/><U52/><E52/><V8/><F8/><N who="3" m="2119" /><G131/><N who="2" m="50185" /><F53/><W122/><G122/><T69/><D69/><U96/><E99/><AGARI ba="0,0" hai="14,16,23,46,49,54,56,58,94,99,103" m="50185" machi="99" ten="30,2000,0" yaku="19,1,54,1" doraHai="110" who="2" fromWho="1" sc="308,0,234,-20,266,20,192,0" /><INIT seed="2,0,0,5,5,72" ten="308,214,286,192" oya="2" hai0="59,78,33,57,5,16,67,37,133,65,104,102,135" hai1="49,117,15,18,48,22,88,119,0,76,132,82,46" hai2="55,134,127,51,85,52,110,113,69,35,77,98,121" hai3="108,47,89,68,54,120,11,63,97,74,64,83,2"/><V30/><F121/><W3/><G120/><T44/><D33/><U40/><E0/><V103/><F69/><W23/><G108/><T125/><D5/><U42/><E132/><N who="0" m="50761" /><D125/><U92/><E119/><V116/><F113/><W32/><G32/><T79/><D102/><U126/><E126/><V6/><F116/><W106/><G11/><T129/><D104/><U86/><E117/><V38/><F127/><W66/><G66/><N who="0" m="25099" /><D129/><U19/><E19/><V93/><F38/><W21/><G106/><T41/><D16/><U90/><E92/><V10/><F134/><W124/><G124/><T118/><D118/><U62/><E62/><V4/><F110/><W56/><G47/><AGARI ba="0,0" hai="15,18,22,40,42,46,47,48,49,76,82,86,88,90" machi="47" ten="40,8000,1" yaku="9,1,8,1,52,1,54,1" doraHai="72" who="1" fromWho="3" sc="308,0,214,80,286,0,192,-80" /><INIT seed="3,0,0,2,1,51" ten="308,294,286,112" oya="3" hai0="64,123,35,73,74,10,21,48,126,98,20,113,42" hai1="13,50,111,85,12,29,52,46,109,30,44,135,61" hai2="76,94,67,55,19,80,132,26,86,60,32,84,15" hai3="53,69,6,104,7,88,106,59,125,23,90,96,2"/><W72/><G69/><T3/><D35/><U47/><E135/><V82/><F132/><W31/><G72/><T62/><D123/><U122/><E122/><V33/><F94/><W18/><G31/><N who="1" m="11786" /><E61/><V14/><F26/><W25/><G125/><T28/><D126/><U24/><E24/><V43/><F43/><W131/><G131/><T95/><D113/><U91/><E111/><V120/><F120/><W5/><G2/><T78/><D78/><U54/><E109/><V128/><F128/><W75/><G75/><T105/><D105/><U87/><E87/><V11/><F15/><N who="1" m="5705" /><E50/><V39/><F39/><W79/><G79/><T8/><D3/><U81/><AGARI ba="0,0" hai="44,46,47,52,54,81,85,91" m="5705,11786" machi="81" ten="30,7900,0" yaku="8,1,52,2,54,1" doraHai="51" who="1" fromWho="1" sc="308,-20,294,79,286,-20,112,-39" owari="288,9.0,373,47.0,266,-13.0,73,-43.0" /></mjloggm>