<mjloggm ver="2.3"><GO type="41" lobby="0"/><UN n0="%E5%B0%B1%E6%B4%BB%E7%94%9F%40%E5%B7%9D%E6%9D%91%E8%BB%8D%E5%9B%A3" n1="%6E%65%61%6E%69%73" n2="%E5%B0%8F%E8%92%94%E5%A7%AB%E6%A7%98" n3="%4D%69%73%61%74%4F" dan="17,13,13,13" rate="2190.19,1941.18,1861.22,1870.31" sx="M,F,F,M"/><TAIKYOKU oya="0"/><INIT seed="0,0,0,0,1,117" ten="250,250,250,250" oya="0" hai0="12,68,69,5,36,103,126,59,101,134,109,122,72" hai1="2,35,24,7,113,3,53,116,125,85,10,106,63" hai2="52,97,80,132,79,127,91,48,73,130,74,61,86" hai3="70,82,16,92,120,6,34,93,20,135,8,51,110"/><T15/><D72/><U100/><E116/><V50/><F132/><W32/><G110/><T13/><D36/><U0/><E113/><V77/><F130/><W105/><G70/><T65/><D5/><U57/><E125/><V55/><F127/><W124/><G105/><T64/><D126/><U118/><E118/><V49/><F97/><W46/><G135/><T29/><D29/><U95/><E106/><V123/><F123/><W38/><G38/><T27/><D27/><U56/><E24/><V23/><F74/><W58/><G58/><T87/><D87/><U89/><E35/><V102/><F73/><W96/><G120/><T108/><D59/><U17/><E100/><N who="0" m="38473" /><D122/><U107/><E17/><V30/><F102/><W98/><G82/><T90/><D90/><U1/><E107/><V25/><F61/><W31/><G31/><T11/><D11/><U75/><E75/><V129/><F129/><W115/><G115/><T131/><D131/><U60/><E0/><V44/><REACH who="2" step="1"/><F48/><REACH who="2" ten="250,250,240,250" step="2"/><W9/><G51/><T28/><D134/><U114/><E114/><V133/><F133/><W40/><G124/><T121/><D121/><U54/><AGARI ba="0,1" hai="1,2,3,7,10,53,54,56,57,60,63,85,89,95" machi="54" ten="20,2700,0" yaku="0,1,7,1,9,1" doraHai="117" who="1" fromWho="1" sc="250,-13,250,37,240,-7,250,-7" /><INIT seed="1,0,0,4,1,3" ten="237,287,233,243" oya="1" hai0="0,13,64,99,2,88,84,110,12,51,72,122,118" hai1="119,35,82,129,22,48,56,47,93,11,28,73,128" hai2="135,124,23,62,100,109,46,78,17,107,97,29,44" hai3="92,123,102,63,94,41,101,116,1,67,65,89,54"/><U15/><E119/><V10/><F109/><W55/><G1/><T86/><D72/><U34/><E93/><V42/><F124/><W25/><G41/><T105/><D118/><U7/><E56/><V9/><F135/><W77/><G77/><T120/><D64/><U134/><E134/><V103/><F78/><W27/><G63/><T125/><D125/><U5/><E82/><V37/><F103/><W81/><G116/><T52/><D110/><U111/><E73/><V20/><F62/><W53/><G81/><T96/><D105/><U66/><E111/><V32/><F32/><W69/><G69/><T108/><D108/><U87/><E87/><V38/><F29/><W59/><G59/><T14/><D2/><U85/><E85/><V126/><F126/><W121/><G55/><T60/><D0/><U31/><E66/><V57/><F57/><W18/><G18/><T91/><D60/><U83/><E83/><V6/><F17/><W112/><REACH who="3" step="1"/><G89/><REACH who="3" ten="237,287,233,233" step="2"/><N who="0" m="34379" /><D86/><U50/><E47/><V36/><F42/><W19/><G19/><T61/><D61/><U132/><E132/><V95/><F44/><W131/><G131/><T58/><D84/><U33/><E128/><V16/><F46/><W90/><G90/><T104/><D104/><U113/><E129/><V98/><F36/><W106/><G106/><T45/><D45/><U133/><E133/><V127/><F37/><W30/><G30/><T79/><D79/><U75/><E75/><V74/><F38/><W71/><G71/><T130/><D130/><U49/><E31/><V68/><F74/><W76/><G76/><RYUUKYOKU ba="0,1" sc="237,15,287,-15,233,-15,233,15" hai0="12,13,14,51,52,58,96,99,120,122" hai3="25,27,53,54,65,67,92,94,101,102,112,121,123" /><INIT seed="2,1,1,3,3,81" ten="252,272,218,248" oya="2" hai0="12,131,101,135,7,102,28,2,83,113,26,47,42" hai1="60,77,124,68,29,20,51,97,75,19,3,70,57" hai2="5,43,66,134,105,69,63,110,92,22,53,21,61" hai3="9,54,38,103,125,95,109,104,78,89,79,40,56"/><V96/><F105/><W23/><G109/><T50/><D113/><U87/><E3/><V59/><F134/><W72/><G125/><T49/><D135/><U112/><E112/><V117/><F117/><W99/><G23/><N who="0" m="15455" /><D2/><U36/><E36/><V16/><F110/><W127/><G127/><T91/><D131/><U14/><E124/><V107/><F107/><W13/><G38/><T39/><D39/><U8/><E75/><V18/><F5/><W108/><G40/><T128/><D50/><U46/><E97/><V76/><F43/><W15/><G108/><T90/><D128/><U32/><E32/><V67/><F76/><W84/><G78/><T6/><D91/><U4/><E29/><V86/><F86/><W41/><G9/><N who="0" m="4151" /><D7/><U93/><E93/><V24/><F69/><W116/><G41/><T111/><D111/><U80/><E60/><V11/><F63/><N who="3" m="36247" /><G116/><T98/><D98/><U48/><E57/><V33/><F33/><W132/><G132/><T58/><D58/><U17/><E51/><V44/><F44/><W62/><G62/><T25/><D25/><N who="1" m="14479" /><E19/><V73/><F73/><W35/><G35/><T45/><D47/><U71/><E71/><V82/><F11/><W10/><G10/><T118/><D118/><U130/><E130/><V27/><F82/><AGARI ba="1,1" hai="13,15,72,79,82,84,89,95,99,103,104" m="36247" machi="82" ten="30,2000,0" yaku="24,1,52,1" doraHai="81" who="3" fromWho="2" sc="252,0,272,0,218,-23,248,33" /><INIT seed="3,0,0,5,0,34" ten="252,272,195,281" oya="3" hai0="3,22,35,107,30,29,130,59,65,14,108,43,49" hai1="119,68,71,27,86,90,133,67,12,127,76,121,50" hai2="91,48,85,66,41,38,19,115,17,0,112,36,25" hai3="47,63,56,111,62,39,84,64,102,46,94,80,33"/><W128/><G33/><T110/><D107/><U123/><E119/><V129/><F66/><W11/><G128/><T116/><D65/><U104/><E104/><V106/><F129/><W126/><G126/><T37/><D37/><U134/><E76/><V20/><F106/><W100/><G39/><T2/><D130/><U26/><E127/><V16/><F112/><W79/><G63/><T73/><D73/><U28/><E50/><V54/><F115/><W81/><G111/><N who="0" m="42539" /><D116/><U122/><E12/><V74/><F74/><W18/><G81/><T114/><D114/><U87/><E28/><N who="0" m="10857" /><D35/><U99/><E67/><V40/><F0/><N who="0" m="42" /><D59/><U15/><E121/><V7/><F38/><W9/><G9/><T51/><D43/><U6/><E99/><V58/><F36/><W103/><G94/><T131/><D131/><U83/><E83/><V32/><F32/><W44/><G11/><T120/><D120/><U117/><E117/><V92/><REACH who="2" step="1"/><F7/><REACH who="2" ten="252,272,185,281" step="2"/><W124/><G124/><T109/><D109/><U96/><E6/><V5/><F5/><W101/><N who="3" m="26112" /><DORA hai="82" /><W23/><REACH who="3" step="1"/><G47/><REACH who="3" ten="252,272,185,271" step="2"/><T77/><D77/><U69/><E122/><V42/><AGARI ba="0,2" hai="16,17,19,20,25,40,41,42,48,54,58,85,91,92" machi="42" ten="30,8000,1" yaku="1,1,0,1,8,1,52,1,54,1,53,0" doraHai="34,82" doraHaiUra="57,8" who="2" fromWho="2" sc="252,-20,272,-20,185,100,271,-40" /><INIT seed="4,0,0,5,5,92" ten="232,252,285,231" oya="0" hai0="76,115,81,62,47,108,80,64,7,135,85,98,4" hai1="10,106,82,16,32,21,67,89,27,110,50,70,22" hai2="43,99,30,79,8,112,116,39,109,118,5,105,72" hai3="107,48,51,12,23,66,130,88,58,91,26,122,100"/><T102/><D115/><U120/><E120/><V36/><F109/><W104/><G122/><T117/><D108/><U60/><E110/><V132/><F30/><W57/><G12/><T25/><D117/><N who="2" m="45162" /><F112/><W59/><G130/><T17/><D135/><U34/><E106/><N who="3" m="40490" /><G100/><T131/><D131/><U121/><E121/><V24/><F24/><W84/><G84/><T49/><D80/><U37/><E37/><V20/><F20/><W55/><G23/><T125/><D125/><U101/><E10/><V75/><F132/><W15/><G15/><T113/><D113/><U1/><E1/><N who="2" m="47" /><F43/><W73/><G26/><T74/><D74/><N who="2" m="28202" /><F79/><W68/><G73/><T6/><D17/><U96/><E101/><AGARI ba="0,0" hai="36,39,99,101,105" m="28202,47,45162" machi="101" ten="30,3900,0" yaku="12,1,23,1,52,1" doraHai="92" who="2" fromWho="1" sc="232,0,252,-39,285,39,231,0" /><INIT seed="5,0,0,0,5,115" ten="232,213,324,231" oya="1" hai0="22,30,49,60,4,84,0,93,112,3,135,28,126" hai1="1,133,92,100,19,56,5,122,120,25,98,87,117" hai2="32,97,82,125,17,40,86,15,114,104,129,51,90" hai3="66,61,14,76,79,42,11,44,43,132,119,123,13"/><U39/><E39/><V45/><F32/><W103/><G123/><T62/><D112/><U23/><E133/><V35/><F114/><W111/><G111/><T130/><D135/><U118/><E5/><V96/><F125/><W124/><G124/><T108/><D108/><U29/><E1/><V85/><F129/><W34/><G34/><T110/><D110/><U21/><E87/><V101/><F35/><W109/><G109/><T95/><D49/><U26/><REACH who="1" step="1"/><E56/><REACH who="1" ten="232,203,324,231" step="2"/><V88/><F86/><W116/><G132/><T78/><D84/><U38/><E38/><V6/><F6/><W127/><G127/><T24/><D4/><U58/><E58/><V65/><F97/><W83/><G44/><T71/><D126/><U89/><E89/><V81/><F90/><W37/><G103/><T36/><D36/><U55/><E55/><V59/><F59/><W9/><G37/><T46/><D71/><U48/><E48/><V16/><F65/><W99/><G66/><T54/><D130/><U33/><E33/><V12/><F81/><W91/><G83/><T74/><D74/><U53/><E53/><V7/><F7/><W69/><G69/><T64/><D3/><U68/><E68/><V50/><F50/><W121/><G91/><T107/><D0/><U57/><E57/><V128/><F128/><W102/><G102/><T72/><D54/><U73/><E73/><V77/><F77/><W8/><G61/><T131/><D72/><U134/><E134/><V20/><F17/><W2/><G2/><T27/><D64/><U94/><E94/><V47/><F47/><RYUUKYOKU ba="0,1" sc="232,-15,203,15,324,15,231,-15" hai1="19,21,23,25,26,29,92,98,100,117,118,120,122" hai2="12,15,16,20,40,45,51,82,85,88,96,101,104" /><INIT seed="5,1,1,2,1,122" ten="217,218,339,216" oya="1" hai0="110,10,109,66,79,95,75,19,23,71,128,32,127" hai1="124,16,39,100,35,120,129,68,115,73,20,59,56" hai2="131,135,2,21,96,51,97,25,116,93,61,43,12" hai3="40,130,132,36,5,52,69,74,63,3,83,48,113"/><U80/><E39/><V50/><F2/><W4/><G113/><T98/><D32/><U17/><E120/><V70/><F116/><W55/><G130/><T42/><D127/><U85/><E115/><V67/><F131/><W31/><G31/><T6/><D128/><U8/><E129/><V38/><F135/><W57/><G132/><T105/><D105/><U64/><E124/><V14/><F38/><W28/><G28/><T53/><D42/><U45/><E35/><V1/><F1/><W60/><G3/><T108/><D53/><U112/><E112/><V0/><F0/><W24/><G24/><T33/><D33/><U58/><E73/><V86/><F86/><W30/><G30/><T118/><D118/><U34/><E34/><V15/><F43/><W99/><G99/><T87/><D75/><U102/><E45/><V9/><F9/><W72/><G83/><T13/><D66/><U133/><E133/><V107/><F107/><W76/><G76/><T125/><D71/><U106/><E106/><V81/><F81/><W126/><G126/><T111/><D125/><U26/><E68/><V65/><F65/><N who="3" m="41127" /><G72/><T49/><D49/><N who="2" m="18442" /><F97/><W29/><G29/><T37/><D37/><U89/><E64/><V134/><F134/><W27/><G27/><T47/><D47/><U78/><E78/><V104/><F104/><W7/><G74/><T117/><D117/><U94/><E80/><V92/><F92/><W11/><G11/><T22/><N who="0" m="28160" /><DORA hai="44" /><T103/><D6/><U101/><E8/><V46/><F46/><N who="3" m="23815" /><G7/><T62/><D62/><U54/><E54/><RYUUKYOKU ba="1,1" sc="217,10,218,10,339,-30,216,10" hai0="10,13,19,22,23,79,87,95,98,103" hai1="16,17,20,26,56,58,59,85,89,94,100,101,102" hai3="4,5,48,52,55,57,63" /><INIT seed="5,2,1,5,2,109" ten="227,228,309,226" oya="1" hai0="32,19,99,14,17,115,98,34,101,68,1,48,10" hai1="6,114,71,56,12,21,132,59,94,90,118,29,105" hai2="104,3,0,75,37,49,8,82,9,43,108,107,127" hai3="77,129,100,110,95,25,131,28,81,122,15,46,134"/><U42/><E118/><V23/><F108/><W124/><G110/><T20/><D68/><U11/><E105/><V7/><F127/><W22/><G124/><T112/><D48/><U70/><E132/><V93/><F93/><W47/><G134/><T50/><D50/><U113/><E42/><V58/><F23/><W27/><G122/><T91/><D91/><U120/><E120/><V52/><F37/><W41/><G15/><N who="0" m="9279" /><D98/><N who="1" m="57687" /><E70/><V26/><F26/><W78/><G27/><T54/><D54/><U66/><E66/><V4/><F43/><W33/><G33/><N who="0" m="12907" /><D99/><U13/><E71/><V2/><F2/><W128/><G46/><T64/><D64/><U88/><E88/><V116/><F116/><W51/><G81/><T24/><D101/><U119/><E119/><V18/><F18/><W5/><G5/><N who="0" m="1327" /><D24/><N who="1" m="16527" /><E56/><V96/><F96/><AGARI ba="2,1" hai="22,25,28,41,47,51,77,78,95,96,100,128,129,131" machi="96" ten="40,1300,0" yaku="19,1" doraHai="109" who="3" fromWho="2" sc="227,0,228,0,309,-19,226,29" /><INIT seed="6,0,0,3,4,48" ten="227,228,290,255" oya="2" hai0="92,63,108,7,47,54,101,6,109,55,98,123,130" hai1="49,107,79,41,75,126,103,20,122,86,44,43,15" hai2="13,39,45,95,119,127,99,117,93,34,29,46,1" hai3="33,56,28,129,74,61,115,118,60,90,110,67,85"/><V135/><F1/><W106/><G110/><T50/><D123/><U78/><E122/><V94/><F127/><W134/><G74/><T58/><REACH who="0" step="1"/><D130/><REACH who="0" ten="217,228,290,255" step="2"/><U12/><E126/><V65/><F135/><W104/><G134/><T37/><D37/><U113/><E75/><V87/><F39/><W88/><G129/><T19/><D19/><U70/><E113/><V62/><F117/><W124/><G115/><T102/><D102/><U116/><E103/><V100/><F119/><W111/><G118/><T66/><D66/><U68/><E116/><V77/><F100/><W53/><G124/><T30/><D30/><U82/><E107/><V52/><F99/><W96/><G111/><AGARI ba="0,1" hai="6,7,47,50,54,55,58,63,92,98,101,108,109,111" machi="111" ten="40,5200,0" yaku="1,1,52,2,53,0" doraHai="48" doraHaiUra="22" who="0" fromWho="3" sc="217,62,228,0,290,0,255,-52" /><INIT seed="7,0,0,5,0,42" ten="279,228,290,203" oya="3" hai0="55,102,4,118,12,89,83,58,127,38,105,87,91" hai1="104,86,113,26,130,95,8,2,41,132,44,50,16" hai2="10,33,29,13,108,46,97,34,61,128,73,37,24" hai3="1,39,93,63,67,76,100,65,107,32,106,92,59"/><W25/><G1/><T84/><D38/><U43/><E104/><V56/><F108/><W57/><G39/><T116/><D127/><U133/><E113/><V53/><F73/><W3/><G3/><T71/><D71/><U36/><E2/><V64/><F128/><W69/><G76/><T19/><D4/><U66/><E130/><V28/><F97/><N who="3" m="61711" /><G107/><T103/><D105/><U49/><E36/><V62/><F29/><N who="3" m="19503" /><G65/><T75/><D75/><U82/><E95/><AGARI ba="0,0" hai="57,59,63,67,69,92,93,95" m="19503,61711" machi="95" ten="30,1500,0" yaku="25,1" doraHai="42" who="3" fromWho="1" sc="279,0,228,-15,290,0,203,15" /><INIT seed="7,1,0,0,2,127" ten="279,213,290,218" oya="3" hai0="100,85,93,108,51,112,128,46,76,98,59,103,99" hai1="82,8,26,124,89,39,74,129,35,131,60,94,63" hai2="56,79,64,52,12,75,86,78,83,38,70,87,30" hai3="132,88,34,58,101,134,96,61,120,44,45,95,18"/><W23/><G34/><T102/><D128/><N who="1" m="49227" /><E39/><V19/><F38/><W62/><G120/><T41/><D108/><U55/><E124/><V67/><F70/><W1/><G1/><T3/><D3/><U10/><E55/><V133/><F133/><N who="3" m="51307" /><G101/><T115/><D59/><U117/><E117/><V7/><F30/><W37/><G37/><T2/><D2/><U13/><E8/><N who="2" m="6535" /><F7/><W57/><G58/><T47/><D47/><N who="3" m="17993" /><G57/><T113/><D76/><N who="2" m="29226" /><F75/><W36/><G36/><T14/><D14/><AGARI ba="1,0" hai="14,18,23,61,62,88,95,96" m="17993,51307" machi="14" ten="30,2900,0" yaku="20,1,54,1" doraHai="127" who="3" fromWho="0" sc="279,-32,213,0,290,0,218,32" /><INIT seed="7,2,0,4,5,98" ten="247,213,290,250" oya="3" hai0="47,61,74,112,83,24,125,106,13,37,11,22,38" hai1="56,124,132,60,44,111,23,20,50,1,126,76,18" hai2="73,28,63,85,36,42,110,72,75,119,81,128,84" hai3="129,66,78,95,105,19,70,94,54,6,91,68,34"/><W88/><G34/><T99/><D125/><N who="1" m="48235" /><E1/><V14/><F110/><W48/><G78/><T104/><D112/><U5/><E111/><V64/><F119/><W21/><G6/><T118/><D118/><U123/><E123/><V108/><F108/><W52/><G105/><T65/><D74/><U17/><E5/><V27/><F81/><W41/><G129/><T32/><D83/><U43/><E76/><V57/><F128/><W102/><G102/><T117/><D117/><U120/><E132/><V29/><F14/><N who="3" m="9463" /><G66/><T7/><D47/><U67/><E120/><V121/><F121/><W69/><G68/><T135/><D135/><U2/><E2/><V46/><REACH who="2" step="1"/><F29/><REACH who="2" ten="247,213,280,250" step="2"/><W114/><G114/><T62/><D13/><U33/><E33/><AGARI ba="2,1" hai="27,28,33,36,42,46,57,63,64,72,73,75,84,85" machi="33" ten="40,2600,0" yaku="1,1,2,1,53,0" doraHai="98" doraHaiUra="79" who="2" fromWho="1" sc="247,0,213,-32,280,42,250,0" owari="247,-15.0,181,-32.0,322,42.0,250,5.0" /></mjloggm>