<mjloggm ver="2.3"><GO type="97" lobby="0"/><UN n0="%E5%B0%B1%E6%B4%BB%E7%94%9F%40%E5%B7%9D%E6%9D%91%E8%BB%8D%E5%9B%A3" n1="%E3%82%A4%E3%83%8A%E3%82%B4%E3%83%90%E3%83%83%E3%82%BF" n2="%E5%AF%8C%E7%94%B7%E3%81%A7%E3%81%99" n3="%4D%53%2D%30%36%52" dan="15,14,13,14" rate="2077.72,1889.98,1818.88,1894.12" sx="M,M,M,F"/><TAIKYOKU oya="0"/><INIT seed="0,0,0,2,1,100" ten="250,250,250,250" oya="0" hai0="59,8,39,72,42,81,109,99,54,52,14,7,49" hai1="43,88,78,105,44,67,9,6,63,122,24,130,61" hai2="23,106,32,128,50,113,53,135,131,26,1,38,96" hai3="111,82,48,31,55,79,25,120,74,86,18,126,116"/><T107/><D109/><U27/><E122/><V56/><F113/><W40/><G111/><T45/><D54/><U35/><E130/><N who="2" m="49707" /><F135/><W11/><G116/><T13/><D99/><U93/><E105/><V4/><F38/><W64/><G40/><T125/><D125/><U110/><E35/><V108/><F108/><W57/><G126/><T102/><D102/><U22/><E78/><V123/><F32/><W112/><G112/><T3/><REACH who="0" step="1"/><D107/><REACH who="0" ten="240,250,250,250" step="2"/><U37/><E110/><V28/><F96/><W119/><G120/><T47/><D47/><U101/><E101/><V84/><F106/><W129/><G119/><T65/><D65/><U132/><E67/><V66/><F66/><W103/><G129/><T115/><D115/><U16/><E132/><V30/><F123/><W58/><G103/><T133/><D133/><U124/><E124/><V17/><F84/><W0/><G86/><T29/><D29/><U68/><E44/><V80/><F28/><W60/><G31/><T12/><D12/><U70/><E27/><V114/><F114/><W77/><G25/><T92/><D92/><U71/><E93/><V75/><F30/><W85/><G85/><T69/><D69/><U95/><E71/><V127/><F127/><W76/><G0/><T83/><D83/><U97/><E70/><V15/><F26/><W89/><G74/><T36/><D36/><U94/><E68/><V46/><F75/><W20/><G82/><T34/><D34/><U91/><E37/><V134/><F80/><W121/><G121/><T5/><D5/><U62/><E6/><V73/><F134/><RYUUKYOKU ba="0,1" sc="240,30,250,-10,250,-10,250,-10" hai0="3,7,8,13,14,39,42,45,49,52,59,72,81" /><INIT seed="0,1,1,0,1,122" ten="270,240,240,240" oya="0" hai0="95,73,110,135,87,90,93,6,3,75,74,48,130" hai1="72,102,77,126,55,15,52,106,27,125,42,99,118" hai2="69,113,94,12,67,107,61,109,10,34,91,105,40" hai3="51,54,84,25,4,45,44,115,47,133,50,37,11"/><T114/><D114/><U82/><E118/><V8/><F113/><W9/><G115/><T96/><D130/><U117/><E117/><V121/><F34/><W62/><G133/><T21/><D135/><U111/><E42/><V98/><F121/><W59/><G37/><T116/><D116/><U56/><E27/><V88/><F40/><W131/><G131/><T0/><D6/><U29/><E29/><V97/><F10/><N who="3" m="3595" /><G4/><T30/><D110/><U1/><E1/><V101/><F109/><W14/><G14/><T46/><D21/><U60/><E15/><V57/><F69/><W120/><G120/><T85/><D30/><U79/><E79/><V81/><F81/><W134/><G134/><T58/><D58/><U103/><E103/><V128/><F128/><W20/><G84/><T104/><D104/><U33/><E33/><V129/><F129/><W26/><G26/><T124/><D124/><N who="1" m="47723" /><E55/><V71/><F105/><W2/><G2/><T23/><D23/><U53/><E53/><V119/><F71/><W89/><G89/><T123/><D123/><U19/><E19/><AGARI ba="1,1" hai="19,20,25,44,45,47,50,51,54,59,62" m="3595" machi="19" ten="30,1000,0" yaku="8,1" doraHai="122" who="3" fromWho="1" sc="270,0,240,-13,240,0,240,23" /><INIT seed="1,0,0,2,2,78" ten="270,227,240,263" oya="1" hai0="100,109,61,46,7,6,116,121,69,39,27,134,112" hai1="123,15,67,92,31,50,26,108,113,68,52,94,59" hai2="115,83,110,10,75,38,99,119,62,126,13,55,36" hai3="93,37,89,2,25,91,127,51,97,85,35,80,53"/><U1/><E1/><V114/><F119/><W30/><G37/><T125/><D112/><N who="2" m="43050" /><F110/><W105/><G2/><T90/><D116/><U81/><E123/><V66/><F99/><W19/><G19/><T120/><D100/><U88/><E113/><V117/><F55/><W32/><G105/><T102/><D102/><U4/><E108/><V12/><F12/><W104/><G104/><T129/><D129/><U98/><E67/><V74/><F126/><W122/><G122/><N who="0" m="47211" /><D109/><U118/><E68/><N who="2" m="42071" /><F117/><W87/><G127/><T131/><D134/><U128/><E128/><V86/><F36/><W60/><G60/><T77/><D77/><U9/><E118/><V24/><F24/><W3/><G3/><T76/><D76/><U132/><E132/><V28/><F28/><W33/><G97/><T17/><D61/><U54/><E54/><V41/><F41/><W0/><G0/><T84/><D69/><U72/><E72/><V130/><F38/><W107/><G107/><T133/><D133/><U44/><E59/><AGARI ba="0,0" hai="25,30,32,33,35,51,53,59,80,85,87,89,91,93" machi="59" ten="30,2000,0" yaku="7,1,52,1" doraHai="78" who="3" fromWho="1" sc="270,0,227,-20,240,0,263,20" /><INIT seed="2,0,0,1,2,15" ten="270,207,240,283" oya="2" hai0="33,34,37,105,61,38,103,99,42,119,22,71,90" hai1="19,70,107,32,132,130,26,102,74,40,55,86,115" hai2="56,75,0,48,82,110,54,52,135,94,73,7,67" hai3="84,59,35,3,118,117,97,43,93,13,4,47,109"/><V131/><F67/><W58/><G3/><T27/><D119/><U60/><E40/><V16/><F131/><W12/><G35/><T17/><D90/><U51/><E115/><V68/><F68/><W92/><G109/><T100/><D100/><U31/><E86/><V57/><F110/><W112/><G112/><T39/><REACH who="0" step="1"/><D42/><REACH who="0" ten="260,207,240,283" step="2"/><U62/><E132/><V127/><F135/><W88/><G118/><T81/><D81/><U65/><E130/><V114/><F114/><W133/><G117/><T79/><D79/><U44/><E62/><V28/><F82/><W46/><G133/><T29/><D29/><U91/><E91/><V21/><F28/><W134/><G134/><T77/><D77/><U63/><E63/><V14/><F94/><W10/><G43/><T87/><D87/><U69/><E70/><V121/><F73/><W2/><G93/><T78/><D78/><U41/><E74/><V25/><F75/><W72/><G72/><T113/><D113/><U120/><E41/><V128/><F128/><W23/><G84/><T126/><D126/><U18/><E120/><V20/><F127/><W124/><G124/><T49/><D49/><U104/><E104/><V98/><F121/><W116/><G116/><T95/><D95/><U24/><E24/><V96/><F25/><W129/><G129/><T9/><D9/><U123/><E123/><V66/><F48/><W76/><G76/><T64/><AGARI ba="0,1" hai="17,22,27,33,34,37,38,39,61,64,71,99,103,105" machi="64" ten="40,5200,0" yaku="1,1,0,1,52,1,53,0" doraHai="15" doraHaiUra="1" who="0" fromWho="0" sc="260,62,207,-13,240,-26,283,-13" /><INIT seed="3,0,0,0,2,122" ten="322,194,214,270" oya="3" hai0="83,60,18,31,34,44,103,94,65,33,7,10,48" hai1="106,2,28,132,12,88,61,133,87,108,22,15,5" hai2="1,126,40,82,97,112,21,121,37,101,129,102,45" hai3="89,118,99,16,115,80,49,57,14,90,135,66,113"/><W85/><G118/><T114/><D114/><U63/><E106/><V127/><F112/><W77/><G135/><N who="1" m="51786" /><E2/><V25/><F121/><W125/><G125/><N who="2" m="47625" /><F1/><W68/><G68/><T59/><D18/><N who="1" m="10567" /><E28/><N who="2" m="17455" /><F129/><W4/><G4/><T95/><D83/><N who="1" m="49279" /><E108/><V81/><F101/><W120/><G120/><T116/><D116/><U64/><E64/><V27/><F27/><W123/><G123/><T29/><D34/><U55/><E55/><V58/><F58/><W117/><G117/><T72/><D72/><U41/><E41/><V84/><F84/><W124/><G124/><T24/><D31/><U76/><E76/><V52/><F52/><N who="3" m="31887" /><G115/><T78/><D78/><U91/><E91/><N who="3" m="34826" /><G113/><T104/><D104/><AGARI ba="0,0" hai="37,40,45,81,82,97,102,104" m="17455,47625" machi="104" ten="30,1000,0" yaku="18,1" doraHai="122" who="2" fromWho="0" sc="322,-10,194,0,214,10,270,0" owari="312,42.0,194,-31.0,224,-18.0,270,7.0" /></mjloggm>