<mjloggm ver="2.3"><GO type="97" lobby="0"/><UN n0="%E5%B1%B1%E7%94%B0%E4%B8%80%E4%BA%8C%E4%B8%89" n1="%75%72%69%6E%65%5F" n2="%E5%B0%B1%E6%B4%BB%E7%94%9F%40%E5%B7%9D%E6%9D%91%E8%BB%8D%E5%9B%A3" n3="%6C%65%65" dan="13,14,15,14" rate="2004.58,1914.36,2053.17,1996.03" sx="F,M,M,F"/><TAIKYOKU oya="0"/><INIT seed="0,0,0,3,1,78" ten="250,250,250,250" oya="0" hai0="46,132,66,13,62,95,131,84,20,80,124,111,102" hai1="108,18,79,30,9,99,91,33,98,48,37,47,31" hai2="72,101,97,75,105,104,38,87,94,88,121,19,73" hai3="51,126,52,100,50,39,8,69,109,92,77,0,82"/><T76/><D131/><U54/><E108/><V6/><F38/><W2/><G109/><T106/><D111/><U28/><E79/><V89/><F6/><W93/><G39/><T129/><D124/><U36/><E33/><V133/><F19/><W16/><G69/><T134/><D132/><U55/><E36/><V3/><F3/><W56/><G126/><T43/><D129/><U114/><E37/><V34/><F34/><W40/><G40/><T103/><D106/><N who="2" m="41066" /><F121/><W117/><G51/><N who="0" m="27103" /><D95/><U86/><E55/><V21/><F21/><W27/><G117/><T130/><D130/><U14/><REACH who="1" step="1"/><E114/><REACH who="1" ten="250,240,250,250" step="2"/><V83/><F133/><W10/><G52/><T67/><D134/><U115/><E115/><V60/><F60/><W17/><G77/><AGARI ba="0,1" hai="72,73,75,77,83,87,88,89,94,97,101" m="41066" machi="77" ten="40,12000,2" yaku="35,5,52,1,54,1" doraHai="78" who="2" fromWho="3" sc="250,0,240,0,250,130,250,-120" /><INIT seed="1,0,0,5,1,118" ten="250,240,380,130" oya="1" hai0="85,21,109,10,77,74,90,53,65,75,125,35,68" hai1="104,25,91,9,4,80,55,108,113,122,51,27,17" hai2="6,50,110,67,92,26,105,43,124,83,45,107,28" hai3="111,59,58,70,121,2,103,71,95,87,1,31,37"/><U57/><E113/><V38/><F124/><W112/><G31/><T18/><D35/><U60/><E104/><V84/><F110/><W29/><G29/><T134/><D125/><U46/><E108/><V15/><F67/><W99/><G111/><T79/><D109/><U88/><E122/><V30/><F92/><W69/><G112/><T52/><D134/><U102/><E102/><V133/><F133/><W115/><G115/><T81/><D10/><U20/><E27/><V131/><F131/><W127/><G127/><T42/><D42/><U3/><REACH who="1" step="1"/><E80/><REACH who="1" ten="250,230,380,130" step="2"/><V135/><F135/><W64/><G121/><T12/><D81/><U126/><E126/><V106/><F26/><W86/><G37/><T5/><D75/><U33/><E33/><V56/><F38/><W130/><G130/><T78/><D74/><U97/><E97/><V40/><F106/><W117/><G117/><T89/><D85/><U96/><E96/><V13/><F107/><W44/><G44/><T63/><D78/><U73/><E73/><V123/><F105/><W8/><G71/><T119/><D119/><U41/><AGARI ba="0,1" hai="3,4,9,17,20,25,41,46,51,55,57,60,88,91" machi="41" ten="20,12000,1" yaku="1,1,0,1,7,1,54,1,53,1" doraHai="118" doraHaiUra="49" who="1" fromWho="1" sc="250,-40,230,130,380,-40,130,-40" /><INIT seed="1,1,0,3,3,23" ten="210,360,340,90" oya="1" hai0="30,82,11,132,52,5,67,68,49,45,22,71,95" hai1="112,89,117,72,99,18,26,74,98,114,51,70,127" hai2="29,2,111,110,104,60,40,88,102,81,85,38,79" hai3="119,107,31,73,55,15,121,122,120,47,123,128,109"/><U97/><E70/><V21/><F2/><W63/><N who="3" m="31232" /><DORA hai="86" /><W129/><G73/><N who="1" m="28266" /><E26/><N who="2" m="16591" /><F60/><W90/><G90/><T34/><D34/><U37/><E18/><V106/><F102/><W94/><G107/><N who="2" m="41001" /><F40/><W75/><G75/><T87/><D95/><U35/><E51/><V32/><F38/><W126/><G31/><T59/><D132/><U50/><E50/><V76/><F32/><W118/><G15/><T83/><D67/><U113/><E35/><V56/><F56/><N who="3" m="35231" /><G94/><T116/><D59/><U92/><E37/><V27/><F27/><W58/><G58/><T53/><D30/><U24/><E24/><V84/><F84/><W135/><G47/><T25/><D45/><U93/><E127/><V41/><F41/><W44/><G44/><T10/><D25/><U130/><E130/><N who="3" m="50282" /><G126/><T100/><D5/><U57/><E57/><V6/><F6/><W125/><G125/><T64/><D10/><U9/><E9/><V17/><F17/><W101/><G101/><T80/><D11/><U42/><E42/><V66/><F66/><W19/><G19/><T46/><D64/><U13/><E13/><V62/><F62/><W115/><G115/><T48/><D46/><U77/><E117/><N who="3" m="44554" /><G135/><T36/><D116/><U1/><E1/><V43/><F43/><W65/><G65/><T8/><D8/><U105/><E105/><V4/><F4/><W33/><G33/><T14/><D14/><U108/><E108/><AGARI ba="1,0" hai="76,79,81,85,88,108,110,111" m="41001,16591" machi="108" ten="30,7700,0" yaku="14,1,52,2,54,1" doraHai="23,86" who="2" fromWho="1" sc="210,0,360,-80,340,80,90,0" /><AGARI ba="1,0" hai="108,109" m="44554,50282,35231,31232" machi="108" ten="70,8000,1" yaku="19,1,12,1,34,2" doraHai="23,86" who="3" fromWho="1" sc="210,0,280,-80,420,0,90,80" /><INIT seed="2,0,0,0,5,20" ten="210,200,420,170" oya="2" hai0="115,39,23,134,116,103,4,89,70,96,65,33,41" hai1="31,58,135,56,94,0,38,119,16,75,53,83,100" hai2="72,14,5,50,133,82,95,99,113,114,85,17,19" hai3="128,49,91,64,12,51,1,111,61,130,10,80,36"/><V45/><F133/><W132/><G36/><T129/><D134/><U131/><E135/><V126/><F72/><W35/><G132/><T25/><D33/><U52/><E0/><V62/><F126/><W74/><G35/><T26/><D115/><U102/><E38/><V106/><F106/><W66/><G1/><T3/><D129/><N who="3" m="49769" /><G111/><T118/><D89/><U8/><E131/><V92/><F5/><N who="3" m="3151" /><G66/><T34/><D34/><U108/><E108/><V32/><F32/><W63/><G63/><T78/><D78/><U120/><E120/><V22/><F62/><W37/><G37/><T112/><D65/><U68/><E68/><V57/><F57/><N who="3" m="36911" /><G74/><T47/><D70/><U117/><E31/><V18/><F113/><W90/><G91/><T127/><D112/><U97/><E117/><V98/><F114/><W29/><G29/><T13/><D127/><U42/><E119/><N who="0" m="45609" /><D3/><U107/><E42/><V9/><F99/><W54/><G54/><T121/><D121/><U73/><E107/><V122/><F122/><W125/><G125/><T48/><D39/><U71/><E71/><V81/><F98/><W88/><G90/><T43/><D43/><U86/><E75/><V124/><F124/><W109/><G109/><T77/><D77/><N who="1" m="46447" /><E73/><V79/><F82/><W105/><G105/><N who="0" m="63719" /><D4/><U60/><E102/><V46/><F46/><W11/><G11/><T87/><D87/><AGARI ba="0,0" hai="49,51,80,87,88" m="36911,3151,49769" machi="87" ten="30,2000,0" yaku="19,1,54,1" doraHai="20" who="3" fromWho="0" sc="210,-20,200,0,420,0,170,20" /><INIT seed="3,0,0,1,3,85" ten="190,200,420,190" oya="3" hai0="135,61,41,78,40,80,70,115,54,92,42,120,117" hai1="57,98,21,12,64,59,128,129,38,27,3,88,26" hai2="4,15,63,113,47,93,14,130,71,22,111,89,56" hai3="83,0,52,124,49,72,99,10,74,123,33,30,108"/><W17/><G123/><T87/><D117/><U116/><E116/><V106/><F71/><W84/><G124/><T75/><D120/><U46/><E3/><V68/><F68/><W122/><G122/><T29/><D135/><U34/><E34/><V8/><F106/><W24/><G108/><T95/><D115/><U66/><E12/><V48/><F111/><W55/><G55/><T119/><D119/><U37/><E98/><N who="2" m="57647" /><F130/><N who="1" m="50281" /><E88/><V16/><F113/><W86/><G99/><T101/><D29/><N who="1" m="17615" /><E27/><V73/><F73/><W45/><G86/><T107/><D70/><U96/><E96/><V100/><F100/><W20/><G84/><T121/><D101/><U76/><E76/><V132/><F132/><W102/><G102/><T19/><D121/><U77/><E77/><V114/><F114/><W67/><G67/><N who="1" m="25642" /><E46/><V32/><F32/><W90/><G90/><T97/><D107/><U69/><E69/><V110/><F110/><W134/><G134/><T125/><D97/><U23/><E23/><V82/><F82/><W5/><G83/><T25/><D75/><U127/><E127/><V35/><F35/><W131/><G131/><T109/><D125/><U91/><E91/><V13/><F13/><AGARI ba="0,0" hai="0,5,10,13,17,20,24,30,33,45,49,52,72,74" machi="13" ten="30,11600,0" yaku="7,1,24,2,54,1" doraHai="85" who="3" fromWho="2" sc="190,0,200,0,420,-116,190,116" owari="190,-31.0,200,-20.0,304,10.0,306,41.0" /></mjloggm>