<mjloggm ver="2.3"><GO type="97" lobby="0"/><UN n0="%67%61%74%65%72%69%6E" n1="%46%69%67%68%74%35%31%35" n2="%E5%B0%B1%E6%B4%BB%E7%94%9F%40%E5%B7%9D%E6%9D%91%E8%BB%8D%E5%9B%A3" n3="%E3%81%97%E3%82%85%E3%81%B0%E3%82%8B%E3%81%A4" dan="13,14,14,14" rate="1827.54,1924.78,1968.02,1933.31" sx="M,M,M,M"/><TAIKYOKU oya="0"/><INIT seed="0,0,0,5,3,135" ten="250,250,250,250" oya="0" hai0="96,62,70,81,34,106,48,47,92,102,79,103,110" hai1="105,2,50,46,29,32,43,111,129,11,77,20,64" hai2="53,100,13,25,82,28,63,71,78,107,66,75,33" hai3="113,24,54,15,134,37,40,39,69,91,52,0,5"/><T1/><D110/><U8/><E105/><V126/><F53/><W118/><G113/><T30/><D1/><U42/><E42/><V88/><F13/><W65/><G0/><T22/><D103/><U124/><E129/><V119/><F88/><W80/><G118/><T14/><D92/><U128/><E128/><V95/><F95/><W130/><G130/><T36/><D36/><U67/><E32/><V3/><F119/><W132/><G24/><T127/><D127/><U26/><E111/><V17/><F17/><W83/><G39/><T101/><D101/><U125/><E77/><V49/><F49/><W114/><G114/><T72/><D14/><U61/><E2/><V31/><F31/><W68/><G68/><T16/><D16/><U122/><E122/><V104/><F3/><W74/><G91/><T10/><D22/><U55/><E43/><V89/><F89/><W19/><G5/><T38/><D38/><U44/><E44/><V51/><F51/><W117/><G117/><T21/><D21/><U58/><E67/><V18/><F18/><W85/><G85/><T59/><D10/><U73/><E73/><V94/><F94/><W4/><G4/><T57/><D48/><U23/><E23/><V98/><F107/><W133/><G74/><T60/><D47/><U41/><REACH who="1" step="1"/><E64/><REACH who="1" ten="250,240,250,250" step="2"/><V99/><F99/><W120/><G120/><T108/><D108/><U121/><E121/><V27/><F27/><W9/><G40/><T112/><D112/><U109/><E109/><V76/><F76/><W35/><G35/><T56/><D70/><U123/><E123/><RYUUKYOKU ba="0,1" sc="250,10,240,10,250,10,250,-30" hai0="30,34,56,57,59,60,62,72,79,81,96,102,106" hai1="8,11,20,26,29,41,46,50,55,58,61,124,125" hai2="25,28,33,63,66,71,75,78,82,98,100,104,126" /><INIT seed="0,1,1,5,2,111" ten="260,250,260,220" oya="0" hai0="112,48,95,49,56,83,125,12,28,45,42,44,62" hai1="1,3,126,27,82,34,107,37,133,54,69,104,134" hai2="122,58,22,0,68,90,13,33,102,39,60,55,46" hai3="80,4,32,109,53,35,73,40,63,72,120,31,103"/><T81/><D125/><U84/><E37/><V87/><F122/><W14/><G109/><T135/><D135/><N who="1" m="51723" /><E69/><V74/><F74/><W8/><G120/><T101/><D112/><U123/><E123/><V17/><F0/><N who="1" m="73" /><E126/><V79/><F33/><W11/><G11/><T5/><D28/><N who="1" m="19743" /><E54/><V86/><F68/><W30/><G40/><T51/><D49/><U92/><E92/><V20/><F102/><W105/><G103/><T64/><D101/><U7/><E7/><V116/><F116/><W119/><G119/><T18/><D95/><U78/><AGARI ba="1,1" hai="78,82,84,104,107" m="19743,73,51723" machi="78" ten="30,1100,0" yaku="20,1" doraHai="111" who="1" fromWho="1" sc="260,-6,250,24,260,-4,220,-4" /><INIT seed="1,0,0,3,4,1" ten="254,274,256,216" oya="1" hai0="69,4,76,109,2,61,91,29,32,116,36,62,64" hai1="6,38,17,52,119,30,35,34,73,94,85,21,84" hai2="67,12,113,129,123,59,102,97,87,3,88,45,103" hai3="83,22,128,7,130,49,132,101,63,82,40,78,122"/><U44/><E119/><V50/><F3/><W134/><G122/><T51/><D116/><U10/><E73/><V5/><F123/><W110/><G101/><T65/><D109/><U58/><E38/><V95/><F129/><N who="3" m="49771" /><G110/><T66/><D91/><U99/><E44/><V16/><F113/><W81/><G63/><T121/><D121/><U28/><E35/><V48/><F5/><W39/><G39/><T15/><D15/><N who="1" m="5591" /><E34/><V20/><F97/><W19/><G78/><T86/><D66/><U46/><E46/><V27/><F27/><N who="3" m="14815" /><G7/><T133/><D36/><U55/><E55/><N who="2" m="32231" /><F67/><W111/><G111/><T89/><D76/><U9/><E9/><V53/><AGARI ba="0,0" hai="12,16,20,45,50,53,87,88,95,102,103" m="32231" machi="53" ten="30,7900,0" yaku="25,1,8,1,54,2" doraHai="1" who="2" fromWho="2" sc="254,-20,274,-39,256,79,216,-20" /><INIT seed="2,0,0,0,0,126" ten="234,235,335,196" oya="2" hai0="77,68,106,128,29,6,13,17,52,87,89,31,119" hai1="90,95,33,12,58,112,0,82,23,98,49,134,131" hai2="127,80,41,10,94,59,37,70,56,101,61,114,71" hai3="22,46,125,91,65,120,3,102,15,111,55,44,4"/><V79/><F114/><W81/><G120/><T129/><D106/><U51/><E112/><V26/><F127/><W78/><G125/><T135/><D68/><U8/><E0/><V48/><F37/><W45/><G111/><T97/><D119/><U93/><E33/><V36/><F36/><W105/><G3/><T117/><D117/><U66/><E95/><V92/><F10/><W30/><G65/><T11/><D135/><U53/><E134/><V122/><F122/><W103/><G91/><T130/><D77/><U67/><E51/><V84/><F26/><W64/><G64/><T107/><D107/><U14/><E82/><V35/><F35/><W109/><G109/><T9/><D97/><U73/><E73/><V43/><F94/><W74/><G105/><T19/><D17/><U76/><E76/><V85/><F59/><W75/><G75/><T42/><D42/><U57/><E57/><V20/><F20/><W18/><G4/><T47/><D9/><U133/><E133/><V123/><F123/><W132/><G132/><T113/><D113/><U60/><E49/><V39/><F39/><W40/><G40/><T63/><D6/><U25/><E131/><V32/><F41/><W121/><G121/><T116/><D116/><U99/><E99/><V24/><F43/><W27/><REACH who="3" step="1"/><G55/><REACH who="3" ten="234,235,335,186" step="2"/><T2/><D2/><U104/><E104/><V124/><F124/><W38/><G38/><T54/><D54/><U34/><E67/><V88/><F88/><W16/><G16/><T72/><D72/><U100/><E53/><V62/><F71/><W83/><G83/><RYUUKYOKU ba="0,1" sc="234,-10,235,-10,335,-10,186,30" hai3="15,18,22,27,30,44,45,46,74,78,81,102,103" /><INIT seed="3,1,1,3,3,62" ten="224,225,325,216" oya="3" hai0="77,71,6,10,5,23,74,89,103,123,95,48,32" hai1="114,43,53,99,82,51,126,76,4,55,81,128,100" hai2="110,54,88,101,112,13,28,27,47,68,17,39,118" hai3="92,84,108,121,116,40,60,41,57,98,125,24,56"/><W70/><G116/><T67/><D123/><U1/><E114/><V59/><F68/><W36/><G121/><T111/><D32/><U33/><E33/><V135/><F112/><W49/><G125/><T12/><D103/><U44/><E126/><V85/><F118/><W122/><G122/><T73/><D74/><U131/><E4/><V102/><F135/><W11/><G108/><T22/><D73/><U75/><E1/><V105/><F110/><W65/><G11/><T64/><D77/><U16/><E82/><N who="2" m="49207" /><F39/><W80/><G24/><T61/><D111/><U2/><E2/><V58/><F105/><W8/><G8/><T21/><D64/><U132/><E132/><V90/><F90/><N who="3" m="51463" /><G36/><T115/><D115/><U19/><E131/><V7/><F7/><W119/><G70/><T124/><D124/><U113/><E128/><V45/><F27/><W104/><G104/><T30/><D48/><U34/><E34/><V130/><F28/><W0/><G0/><T79/><D79/><U78/><E78/><V96/><F130/><W46/><G119/><T72/><D72/><U26/><E113/><V15/><F15/><W107/><G107/><T66/><D66/><U29/><E26/><V18/><F13/><W14/><G14/><T3/><D3/><U109/><E29/><V94/><F102/><N who="3" m="60743" /><G56/><N who="2" m="21545" /><F54/><AGARI ba="1,1" hai="40,41,46,49,54,57,60,65" m="60743,51463" machi="54" ten="30,2900,0" yaku="8,1,52,1" doraHai="62" who="3" fromWho="2" sc="224,0,225,0,325,-32,216,42" /><INIT seed="3,2,0,3,0,80" ten="224,225,293,258" oya="3" hai0="1,59,87,9,124,20,62,52,49,101,37,97,125" hai1="109,127,28,30,8,111,98,35,31,81,34,103,0" hai2="72,19,17,60,23,2,43,77,66,63,42,79,92" hai3="3,4,121,114,106,74,91,118,86,41,54,22,88"/><W7/><G74/><T110/><D37/><U48/><E127/><N who="0" m="48713" /><D110/><N who="1" m="41995" /><E81/><V57/><F2/><W69/><G69/><T76/><D20/><U135/><E135/><V12/><F92/><W112/><G118/><T50/><D1/><U27/><E27/><N who="2" m="14831" /><F72/><W113/><G106/><N who="0" m="63791" /><D9/><U14/><E0/><V85/><F60/><W93/><G41/><N who="2" m="15369" /><F85/><W53/><G121/><T90/><D76/><U6/><E48/><V78/><F79/><W89/><G22/><AGARI ba="2,0" hai="12,19,22,57,63,66,77,78" m="15369,14831" machi="22" ten="30,1000,0" yaku="8,1" doraHai="80" who="2" fromWho="3" sc="224,0,225,0,293,16,258,-16" owari="224,-28.0,225,-17.0,309,41.0,242,4.0" /></mjloggm>