<mjloggm ver="2.3"><GO type="169" lobby="0"/><UN n0="%E3%82%A6%E3%83%AB%E3%83%88%E3%83%A9%E7%AB%8B%E7%9B%B4" n1="%E3%83%99%E3%82%BF%E3%82%AA%E3%83%AA%E3%82%B9%E3%82%AF" n2="%E5%8F%A4%E6%B2%A2%E5%B0%8F%E9%88%B4" n3="%74%6F%72%69%30%36%31%32" dan="17,17,16,17" rate="2164.28,2193.75,2057.28,2158.74" sx="M,M,F,M"/><TAIKYOKU oya="0"/><INIT seed="0,0,0,0,5,107" ten="250,250,250,250" oya="0" hai0="122,132,69,120,62,57,83,102,21,24,4,56,111" hai1="91,85,1,113,82,44,26,106,22,32,60,36,51" hai2="38,127,128,86,50,125,73,64,17,6,130,87,30" hai3="46,104,92,34,40,71,29,100,49,11,123,67,14"/><T33/><D132/><U15/><E1/><V129/><F38/><W119/><G119/><T47/><D111/><U95/><E106/><V65/><F6/><W20/><G34/><T48/><D33/><U12/><E32/><V75/><F30/><W115/><G104/><T89/><D102/><U23/><E36/><V63/><F50/><W19/><G115/><T76/><D89/><N who="1" m="51383" /><E60/><V70/><F17/><W27/><G123/><T45/><D4/><U37/><E37/><V94/><F65/><W9/><G71/><T72/><D69/><U90/><E113/><V25/><F25/><W96/><G67/><T112/><D112/><U109/><E91/><N who="2" m="53623" /><F87/><W66/><G66/><T116/><D116/><U99/><E109/><V105/><F105/><W74/><G11/><T81/><D83/><U53/><E23/><V121/><F121/><W77/><G77/><T2/><D2/><U103/><E103/><V31/><F31/><AGARI ba="0,0" hai="12,15,22,26,31,44,51,53,90,95,99" m="51383" machi="31" ten="30,1000,0" yaku="8,1" doraHai="107" who="1" fromWho="2" sc="250,0,250,10,250,-10,250,0" /><INIT seed="1,0,0,3,0,78" ten="250,260,240,250" oya="1" hai0="68,80,84,38,110,62,118,104,108,74,18,81,98" hai1="122,34,64,8,79,69,83,21,115,41,113,89,57" hai2="31,35,105,56,100,111,106,93,52,37,45,112,120" hai3="129,44,101,28,30,6,39,107,1,72,26,61,3"/><U48/><E34/><V53/><F120/><W24/><G72/><T135/><D118/><U127/><E122/><V121/><F121/><W49/><G39/><T0/><D0/><U82/><E127/><V91/><F111/><N who="0" m="42538" /><D135/><U92/><E69/><V40/><F112/><W65/><G129/><T116/><D116/><U77/><E8/><V75/><F75/><W95/><G107/><T63/><D38/><U102/><E102/><V86/><F100/><W97/><G6/><T70/><D18/><U130/><E130/><V13/><F13/><W90/><G90/><N who="0" m="51463" /><D98/><U66/><E115/><V23/><F35/><W131/><G131/><T15/><D15/><U133/><E133/><V87/><F87/><W119/><G26/><T50/><D50/><U73/><E113/><V103/><F103/><W47/><G28/><T99/><D99/><U2/><E2/><V123/><F123/><W76/><G119/><T14/><D14/><U36/><E36/><V17/><F31/><W22/><G76/><N who="1" m="29258" /><E73/><V43/><F43/><W16/><G30/><T32/><D32/><U125/><E125/><V51/><F53/><W128/><G128/><T126/><D126/><U109/><E109/><V60/><F37/><W7/><G3/><T54/><D104/><U27/><E27/><N who="2" m="14831" /><F106/><W19/><G1/><T59/><D70/><U58/><E21/><V25/><F105/><W42/><G7/><T55/><D68/><U4/><E4/><V117/><F117/><W67/><G19/><T132/><D132/><U10/><E41/><V5/><F5/><W46/><G67/><T96/><D74/><RYUUKYOKU ba="0,0" sc="250,-15,260,-15,240,15,250,15" hai2="25,40,45,51,52,56,60,86,91,93" hai3="16,22,24,42,44,46,47,49,61,65,95,97,101" /><INIT seed="2,1,0,5,4,12" ten="235,245,255,265" oya="2" hai0="101,105,121,127,38,128,79,114,58,25,84,44,100" hai1="59,53,66,39,131,28,57,88,24,37,73,134,70" hai2="48,119,62,67,90,41,76,112,46,135,20,55,23" hai3="42,68,95,56,69,63,50,107,130,129,91,85,117"/><V78/><F119/><W35/><G107/><T32/><D114/><U14/><E73/><V2/><F112/><W26/><G117/><T106/><D121/><U54/><E70/><V34/><F34/><W7/><G7/><T94/><D127/><U92/><E66/><V115/><F2/><W86/><G86/><T6/><D128/><N who="3" m="49257" /><G50/><T43/><D6/><U89/><E131/><V118/><F118/><W27/><G42/><T83/><D58/><U1/><E1/><V133/><F115/><W17/><G27/><T71/><D71/><U96/><E14/><V4/><F4/><W19/><G68/><T125/><D125/><U49/><E89/><V113/><F113/><W132/><G69/><T13/><D13/><U72/><E72/><V120/><F120/><W116/><G132/><N who="2" m="50761" /><F67/><N who="3" m="39399" /><G116/><T16/><D32/><U31/><E134/><V9/><F90/><W102/><G102/><T21/><REACH who="0" step="1"/><D101/><REACH who="0" ten="225,245,255,265" step="2"/><U61/><E31/><AGARI ba="1,1" hai="17,19,26,31,35,85,91,95" m="39399,49257" machi="31" ten="30,3900,0" yaku="19,1,52,2" doraHai="12" who="3" fromWho="1" sc="225,0,245,-42,255,0,265,52" /><INIT seed="3,0,0,5,0,29" ten="225,203,255,317" oya="3" hai0="120,112,20,83,78,11,56,114,59,119,30,94,129" hai1="44,45,13,4,39,73,26,101,23,34,111,28,24" hai2="41,57,5,58,131,1,103,132,127,43,130,8,62" hai3="80,86,68,117,84,17,133,72,123,49,35,116,21"/><W36/><G36/><T42/><D119/><U63/><E73/><V108/><F108/><W19/><G68/><T37/><D120/><U38/><E111/><V106/><F132/><W15/><G133/><T104/><D104/><U121/><E121/><V109/><F109/><W113/><G72/><T77/><D129/><N who="2" m="49162" /><F127/><W135/><G123/><T95/><D11/><U102/><E39/><V105/><F58/><W55/><G135/><T90/><D83/><U115/><E115/><V6/><F6/><W67/><G67/><T81/><D81/><U65/><E13/><V46/><F103/><W22/><G35/><T60/><D42/><N who="2" m="15882" /><F46/><W7/><G7/><T125/><D37/><U107/><E38/><V70/><F70/><W61/><G61/><T2/><D2/><U97/><E102/><V100/><F100/><W47/><G113/><T48/><D125/><U99/><E4/><V98/><F98/><W134/><G134/><T54/><D60/><U52/><E97/><V31/><F31/><W88/><G84/><T93/><D30/><U124/><E124/><V66/><AGARI ba="0,0" hai="1,5,8,57,62,66,105,106" m="15882,49162" machi="66" ten="30,1100,0" yaku="19,1" doraHai="29" who="2" fromWho="2" sc="225,-3,203,-3,255,11,317,-5" /><INIT seed="4,0,0,3,2,86" ten="222,200,266,312" oya="0" hai0="89,18,20,128,87,91,55,62,73,2,125,93,12" hai1="80,116,13,68,111,64,131,52,90,130,31,33,74" hai2="127,34,28,97,10,11,82,4,41,71,66,30,132" hai3="121,48,112,133,69,43,44,47,24,61,32,94,42"/><T40/><D73/><U109/><E116/><V70/><F132/><W54/><G32/><T95/><D2/><U104/><E104/><V75/><F127/><W37/><G24/><T106/><D106/><U100/><E100/><V5/><F97/><W58/><G133/><T123/><D123/><U103/><E103/><V96/><F96/><W25/><G25/><T108/><D125/><U107/><E107/><V0/><F41/><W113/><G94/><T120/><D120/><U23/><E33/><V129/><F129/><W134/><G134/><T6/><D128/><N who="1" m="49195" /><E31/><V46/><F46/><W126/><G126/><T117/><D117/><U21/><E52/><V72/><F66/><N who="3" m="41167" /><G121/><T99/><D108/><N who="1" m="41547" /><E13/><V63/><F0/><W88/><G88/><N who="0" m="53407" /><D40/><U49/><E49/><AGARI ba="0,0" hai="37,42,43,44,47,48,49,54,58,112,113" m="41167" machi="49" ten="30,3900,0" yaku="24,1,34,2" doraHai="86" who="3" fromWho="1" sc="222,0,200,-39,266,0,312,39" /><INIT seed="5,0,0,5,0,101" ten="222,161,266,351" oya="1" hai0="18,10,124,76,74,113,15,54,53,87,95,17,64" hai1="22,82,19,117,5,123,72,94,102,29,33,120,42" hai2="100,37,3,106,61,43,84,41,21,56,80,67,45" hai3="118,27,14,85,25,108,109,55,66,11,73,31,103"/><U47/><E117/><V36/><F3/><W130/><G73/><T4/><D124/><U104/><E94/><V129/><F129/><W91/><G118/><T88/><D113/><U126/><E126/><V92/><F92/><W70/><G130/><T65/><D76/><U39/><E5/><V97/><F21/><W40/><G103/><T63/><D74/><U57/><E29/><V133/><F133/><W81/><G40/><T78/><D78/><U107/><E33/><V114/><F114/><W59/><G66/><N who="0" m="25707" /><D63/><U30/><E30/><V1/><F1/><W35/><G27/><T60/><D60/><U135/><E135/><V127/><F127/><W50/><G70/><T115/><D115/><U77/><E57/><V75/><F75/><W131/><G131/><T86/><D86/><U23/><E23/><V71/><F71/><W90/><G90/><T6/><D6/><AGARI ba="0,0" hai="6,11,14,25,31,35,50,55,59,81,85,91,108,109" machi="6" ten="30,1000,0" yaku="7,1" doraHai="101" who="3" fromWho="0" sc="222,-10,161,0,266,0,351,10" /><INIT seed="6,0,0,4,4,24" ten="212,161,266,361" oya="2" hai0="91,3,33,101,62,7,1,73,134,78,86,114,98" hai1="48,95,85,79,107,15,94,16,118,65,6,119,90" hai2="10,0,45,67,35,49,57,121,46,30,13,61,104" hai3="27,11,60,8,133,29,53,37,116,129,64,109,110"/><V120/><F0/><W26/><G116/><T87/><D114/><U130/><E107/><V28/><F104/><W127/><G37/><T71/><D134/><U38/><E38/><V42/><F46/><W4/><G133/><T41/><D33/><U99/><E130/><V74/><F74/><W126/><G53/><T102/><D41/><U112/><E112/><V93/><F93/><W89/><G89/><T132/><D132/><U83/><E65/><V88/><F88/><W5/><G60/><T14/><D73/><U125/><E125/><N who="3" m="47626" /><G64/><T81/><D98/><U2/><E48/><V103/><F103/><W97/><G97/><T123/><D3/><U69/><E69/><V36/><F36/><W40/><G40/><T70/><D1/><U54/><E54/><V51/><F51/><W19/><G129/><T135/><D123/><U63/><E63/><V58/><F58/><W44/><G44/><T47/><D47/><U9/><REACH who="1" step="1"/><E95/><REACH who="1" ten="212,151,266,361" step="2"/><V66/><F66/><W39/><G39/><T18/><D71/><U105/><E105/><V122/><REACH who="2" step="1"/><F35/><REACH who="2" ten="212,151,256,361" step="2"/><N who="3" m="20919" /><G110/><T34/><D70/><U25/><E25/><V12/><F12/><W56/><G109/><T59/><D135/><U106/><E106/><V52/><F52/><W31/><G56/><T20/><D34/><U77/><E77/><V22/><F22/><AGARI ba="0,2" hai="2,6,9,15,16,22,79,83,85,90,94,99,118,119" machi="22" ten="30,3900,0" yaku="1,1,7,1,54,1,53,0" doraHai="24" doraHaiUra="128" who="1" fromWho="2" sc="212,0,151,59,256,-39,361,0" /><INIT seed="7,0,0,2,3,63" ten="212,210,217,361" oya="3" hai0="117,59,108,41,125,96,102,48,89,73,81,6,45" hai1="3,37,133,53,103,44,24,56,14,7,72,52,50" hai2="68,113,122,93,51,70,99,90,98,67,97,62,109" hai3="13,79,82,101,28,114,130,100,115,111,30,119,75"/><W11/><G119/><T36/><D108/><U46/><E72/><V5/><F109/><W26/><G130/><T29/><D117/><U32/><E3/><V106/><F70/><W20/><G30/><T1/><D125/><U120/><E120/><V27/><F113/><N who="3" m="43019" /><G111/><T65/><D29/><U94/><E37/><V64/><F64/><W2/><G2/><T21/><D21/><U9/><E32/><V55/><F122/><W132/><G132/><T104/><D65/><U129/><E129/><V38/><F38/><W116/><G116/><T15/><D15/><U83/><E133/><V92/><F5/><AGARI ba="0,0" hai="5,11,13,20,26,28,75,79,82,100,101" m="43019" machi="5" ten="30,1500,0" yaku="15,1" doraHai="63" who="3" fromWho="2" sc="212,0,210,0,217,-15,361,15" owari="212,1.0,210,-19.0,202,-30.0,376,48.0" /></mjloggm>