<mjloggm ver="2.3"><GO type="41" lobby="0"/><UN n0="%E5%8F%B3%E5%8F%B3" n1="%46%75%6E%54%69%6D%65" n2="%E3%81%9F%E3%81%A4%E3%81%8A" n3="%E5%B0%B1%E6%B4%BB%E7%94%9F%40%E5%B7%9D%E6%9D%91%E8%BB%8D%E5%9B%A3" dan="15,15,15,15" rate="1978.37,2023.57,1997.41,2006.48" sx="M,M,M,M"/><TAIKYOKU oya="0"/><INIT seed="0,0,0,5,5,21" ten="250,250,250,250" oya="0" hai0="24,106,31,58,83,39,38,27,82,130,86,70,75" hai1="63,112,44,25,104,23,116,135,133,111,115,40,13" hai2="120,108,5,68,48,28,100,51,77,78,41,29,90" hai3="61,22,127,132,46,1,56,117,33,8,12,62,96"/><T7/><D70/><U123/><E123/><V30/><F120/><W37/><G33/><T34/><D106/><U43/><E116/><V110/><F68/><W11/><G117/><T91/><D7/><U35/><E104/><V109/><F100/><W69/><G69/><T67/><D130/><U114/><E111/><V85/><F5/><W47/><G62/><T124/><D124/><U52/><E35/><V107/><F107/><W17/><G132/><N who="1" m="50762" /><E13/><V94/><REACH who="2" step="1"/><F41/><REACH who="2" ten="250,250,240,250" step="2"/><W32/><G127/><T16/><D75/><U6/><E6/><V60/><F60/><W15/><G1/><T55/><D67/><U50/><E63/><V45/><F45/><W2/><G47/><T3/><D3/><U26/><E26/><V59/><F59/><W72/><G46/><T73/><D73/><U0/><E0/><V105/><F105/><W121/><G72/><T74/><D74/><U66/><E66/><V129/><F129/><W9/><G2/><T131/><D131/><U18/><AGARI ba="0,1" hai="18,23,25,40,43,44,50,52,112,114,115" m="50762" machi="18" ten="40,8000,1" yaku="11,1,20,1,52,1,54,1" doraHai="21" who="1" fromWho="1" sc="250,-40,250,90,240,-20,250,-20" /><INIT seed="1,0,0,0,0,24" ten="210,340,220,230" oya="1" hai0="87,127,4,14,105,84,60,62,39,16,56,69,85" hai1="8,5,128,125,66,9,83,1,34,47,2,29,6" hai2="131,19,27,91,102,35,43,55,107,50,94,3,59" hai3="58,37,20,74,7,117,41,86,49,53,75,23,0"/><U132/><E66/><V36/><F3/><W126/><G117/><T113/><D113/><U78/><E125/><V21/><F131/><W118/><G118/><T77/><D105/><U108/><E128/><V119/><F119/><W111/><G111/><T101/><D39/><U114/><E114/><V33/><F107/><W129/><G129/><T76/><D101/><U28/><E34/><V81/><F102/><W92/><G126/><T61/><D4/><U10/><E108/><V115/><F115/><W100/><G0/><T93/><D93/><U134/><E10/><V89/><F81/><W15/><G23/><T32/><D32/><U72/><E47/><V52/><F55/><W135/><G135/><AGARI ba="0,0" hai="1,2,5,6,8,9,28,29,72,78,83,132,134,135" machi="135" ten="40,12000,1" yaku="9,1,20,1,52,2" doraHai="24" who="1" fromWho="3" sc="210,0,340,120,220,0,230,-120" /><INIT seed="1,1,0,3,1,76" ten="210,460,220,110" oya="1" hai0="123,112,23,72,2,20,128,125,95,104,108,113,129" hai1="62,134,110,11,63,27,69,64,93,81,117,74,46" hai2="25,9,36,13,48,41,51,5,56,58,133,79,114" hai3="116,40,59,130,85,37,103,115,75,45,94,35,109"/><U97/><E117/><V38/><F133/><W120/><G35/><T119/><D2/><U100/><E134/><V78/><F25/><W52/><G75/><T12/><D104/><U96/><E110/><V14/><F14/><W91/><G120/><T92/><D72/><U106/><E62/><V82/><F79/><W102/><G116/><T4/><D12/><U50/><E11/><V88/><F114/><W44/><G115/><T55/><D119/><U7/><E7/><V77/><F38/><W65/><G109/><T53/><D108/><U49/><E27/><V16/><F36/><W43/><G65/><T84/><D84/><U17/><E17/><V30/><F30/><W54/><G54/><T132/><D132/><U24/><E24/><V33/><F33/><W105/><G105/><T121/><REACH who="0" step="1"/><D125/><REACH who="0" ten="200,460,220,110" step="2"/><U118/><E118/><V66/><F13/><W90/><G130/><T111/><D111/><U32/><E74/><V70/><F5/><AGARI ba="1,1" hai="4,5,20,23,53,55,92,95,112,113,121,123,128,129" machi="5" ten="25,3200,0" yaku="1,1,22,2,53,0" doraHai="76" doraHaiUra="67" who="0" fromWho="2" sc="200,45,460,0,220,-35,110,0" /><INIT seed="2,0,0,3,3,30" ten="245,460,185,110" oya="2" hai0="31,108,68,105,135,45,104,48,61,103,29,71,57" hai1="124,43,100,6,0,51,116,91,130,15,75,60,44" hai2="83,118,36,65,122,107,126,13,72,54,98,20,8" hai3="95,132,42,11,70,134,17,28,49,55,24,50,40"/><V117/><F122/><W81/><G70/><T119/><D135/><U18/><E116/><V27/><F36/><W35/><G81/><T120/><D120/><U113/><E113/><V84/><F72/><W4/><G17/><T102/><D57/><U112/><E112/><V85/><F65/><W1/><G50/><T62/><D48/><U69/><E75/><V110/><F126/><W66/><G66/><T88/><D108/><U121/><E121/><V26/><F54/><W73/><G73/><T80/><D80/><U77/><E77/><V111/><F107/><W16/><G95/><T5/><D5/><U90/><E100/><V114/><F114/><W129/><G129/><T14/><D14/><U89/><E0/><V127/><F127/><W125/><G125/><T99/><D99/><U86/><E6/><V33/><F33/><W39/><G39/><T133/><D133/><N who="3" m="51305" /><G16/><T64/><D64/><U109/><E124/><V10/><F83/><W87/><G87/><T23/><D45/><AGARI ba="0,0" hai="1,4,11,24,28,35,40,42,45,49,55" m="51305" machi="45" ten="30,2000,0" yaku="20,1,52,1" doraHai="30" who="3" fromWho="0" sc="245,-20,460,0,185,0,110,20" /><INIT seed="3,0,0,0,5,75" ten="225,460,185,130" oya="3" hai0="102,107,11,99,27,114,41,0,104,23,51,72,117" hai1="116,44,73,35,95,77,42,55,50,69,122,58,59" hai2="31,108,68,48,121,78,20,88,113,29,38,37,111" hai3="12,14,133,39,106,47,4,118,3,129,22,89,79"/><W70/><G70/><T53/><D117/><U19/><E116/><V33/><F113/><W56/><G106/><T62/><D41/><U64/><E122/><V96/><F33/><W134/><G118/><T101/><D114/><U119/><E119/><V45/><F68/><W135/><G129/><T16/><D72/><U87/><E35/><V112/><F112/><W126/><G126/><T52/><D62/><U8/><E73/><V24/><F31/><W67/><G89/><T94/><D102/><U36/><E59/><V80/><F121/><W2/><G79/><T110/><D110/><N who="2" m="42026" /><F48/><W127/><G127/><T10/><D53/><U66/><E66/><V91/><F45/><W120/><G120/><T32/><D32/><U61/><E95/><N who="2" m="56423" /><F91/><W21/><G47/><T105/><REACH who="0" step="1"/><D0/><REACH who="0" ten="215,460,185,130" step="2"/><N who="3" m="41" /><G39/><T76/><D76/><U30/><E77/><V46/><F37/><W103/><G103/><T18/><D18/><U100/><E100/><V40/><F78/><W17/><G56/><AGARI ba="0,1" hai="10,11,16,23,27,51,52,56,94,99,101,104,105,107" machi="56" ten="40,8000,1" yaku="1,1,54,2,53,1" doraHai="75" doraHaiUra="15" who="0" fromWho="3" sc="215,90,460,0,185,0,130,-80" /><INIT seed="4,0,0,1,1,104" ten="305,460,185,50" oya="0" hai0="121,60,120,77,56,79,11,62,83,29,53,48,9" hai1="64,21,81,76,117,8,72,100,111,31,80,98,134" hai2="32,88,34,41,0,114,127,67,10,69,132,57,50" hai3="84,95,47,45,40,123,38,22,52,87,20,74,109"/><T131/><D131/><U105/><E111/><V5/><F69/><W54/><G109/><T2/><D29/><U55/><E117/><V96/><F114/><W33/><G123/><T115/><D115/><U39/><E39/><V30/><F127/><W118/><G118/><T59/><D77/><U28/><E134/><V70/><F70/><W129/><G129/><T18/><D48/><U25/><E64/><V27/><F132/><W116/><G116/><T101/><D101/><U61/><E8/><V1/><F1/><W19/><G33/><T23/><D2/><U71/><E71/><V107/><F107/><W130/><G130/><T58/><D58/><U15/><E15/><V89/><F34/><W91/><G74/><T49/><D49/><U126/><E126/><V135/><F135/><W4/><G4/><T68/><D68/><U82/><E31/><V37/><F37/><W90/><G45/><T106/><D106/><U75/><E76/><V6/><F5/><W94/><REACH who="3" step="1"/><G22/><REACH who="3" ten="305,460,185,40" step="2"/><T44/><D44/><U112/><E112/><V99/><F99/><W63/><G63/><T65/><D121/><U46/><E46/><V103/><F96/><W124/><G124/><T122/><D122/><U7/><E7/><V133/><F133/><W119/><G119/><T42/><D120/><U36/><E36/><V92/><F6/><W51/><G51/><T35/><D35/><U26/><E61/><V16/><F32/><W85/><G85/><N who="0" m="48383" /><D42/><U86/><E75/><V24/><F41/><W17/><G17/><T113/><D113/><U108/><E72/><V43/><F50/><RYUUKYOKU ba="0,1" sc="305,15,460,-15,185,-15,40,15" hai0="9,11,18,23,53,56,59,60,62,65" hai3="19,20,38,40,47,52,54,84,87,90,91,94,95" /><INIT seed="4,1,1,0,4,10" ten="320,445,170,55" oya="0" hai0="117,68,121,111,74,63,5,28,69,33,50,51,34" hai1="12,95,43,32,59,118,132,23,0,92,7,29,66" hai2="106,18,101,11,82,129,91,133,84,135,122,47,52" hai3="127,109,78,13,123,39,31,77,114,19,128,107,134"/><T94/><D74/><U105/><E118/><V112/><F122/><W49/><G39/><T35/><D117/><U37/><E105/><V6/><F112/><W25/><G107/><T30/><D121/><U130/><E32/><V62/><F18/><W42/><G123/><T126/><D5/><U58/><E0/><V79/><F129/><W15/><G114/><T64/><D126/><U88/><E37/><V3/><F101/><W4/><G109/><T60/><D94/><U8/><E43/><V14/><F106/><W86/><G127/><T80/><D80/><U108/><E108/><V97/><F3/><W22/><G128/><T99/><D99/><U71/><E71/><V103/><F103/><W104/><G104/><T93/><D93/><U116/><E116/><V124/><F124/><W81/><G134/><N who="2" m="51209" /><F97/><W24/><G77/><T120/><D120/><U26/><E130/><V131/><F131/><W110/><G110/><T45/><D111/><U70/><E132/><V73/><F73/><W1/><G1/><T27/><D27/><U76/><E95/><V16/><F6/><W61/><G61/><T41/><D51/><U100/><E100/><V90/><F62/><W44/><REACH who="3" step="1"/><G4/><REACH who="3" ten="320,445,170,45" step="2"/><T72/><D72/><U53/><E76/><V65/><F79/><W125/><G125/><T21/><D63/><U54/><E7/><V89/><F82/><W115/><G115/><T56/><D60/><U98/><E92/><V48/><F65/><W17/><G17/><T2/><D64/><U57/><E66/><V40/><F84/><W75/><G75/><T113/><D2/><RYUUKYOKU ba="1,2" sc="320,-15,445,-15,170,15,45,15" hai2="11,14,16,40,47,48,52,89,90,91" hai3="13,15,19,22,24,25,31,42,44,49,78,81,86" /><INIT seed="5,2,2,5,3,110" ten="305,430,185,60" oya="1" hai0="103,31,81,134,93,106,22,16,124,1,3,95,42" hai1="119,101,24,129,74,25,45,36,125,112,35,98,57" hai2="26,97,100,107,54,61,96,64,71,47,85,59,122" hai3="68,72,92,120,37,133,55,113,75,108,29,132,128"/><U58/><E119/><V53/><F122/><W40/><G68/><T17/><D106/><U39/><E74/><N who="3" m="28202" /><G37/><T6/><D42/><U62/><E39/><V18/><F96/><W131/><G40/><T5/><D81/><U21/><E35/><V27/><F85/><W8/><G29/><T116/><D103/><U87/><E58/><V43/><F18/><W83/><G8/><T7/><D31/><U11/><E11/><V69/><F71/><W127/><G55/><T12/><D116/><U102/><E102/><V130/><F130/><N who="3" m="49707" /><G108/><T70/><D70/><U67/><E25/><V63/><F54/><W84/><G120/><T65/><D65/><U91/><E45/><V28/><F28/><W34/><G34/><T76/><D5/><U99/><E36/><AGARI ba="2,2" hai="26,27,36,43,47,53,59,61,63,64,69,97,100,107" machi="36" ten="30,1000,0" yaku="7,1" doraHai="110" who="2" fromWho="1" sc="305,0,430,-16,185,36,60,0" /><INIT seed="6,0,0,1,3,111" ten="305,414,221,60" oya="2" hai0="47,35,61,1,127,91,103,83,98,86,55,16,69" hai1="102,73,7,87,32,3,74,29,124,45,117,93,132" hai2="105,108,70,101,92,89,24,57,68,77,133,23,128" hai3="28,63,25,71,65,17,121,67,123,90,64,15,20"/><V114/><F108/><W46/><G123/><T11/><D127/><U75/><E117/><V30/><F133/><W99/><G121/><T5/><D35/><U22/><E32/><V131/><F77/><W18/><G46/><T6/><D69/><U80/><E124/><V126/><F126/><W2/><G2/><T66/><D66/><U84/><E132/><V76/><F76/><W59/><G71/><N who="2" m="27177" /><F57/><W34/><G99/><T21/><D5/><U0/><E7/><V36/><F36/><W134/><G134/><T119/><D119/><U9/><E9/><V33/><F105/><W31/><G31/><T44/><D55/><U112/><E102/><V42/><F42/><W85/><REACH who="3" step="1"/><G17/><REACH who="3" ten="305,414,221,50" step="2"/><T62/><D47/><U10/><E45/><V116/><F116/><W78/><G78/><T38/><D44/><U95/><E3/><V110/><F110/><W107/><G107/><T113/><D38/><U100/><E0/><V13/><F30/><W50/><G50/><T8/><D1/><U96/><E29/><V26/><F131/><W27/><G27/><T115/><D6/><U106/><E96/><V52/><F128/><W104/><G104/><T118/><D118/><U97/><E106/><V56/><F26/><W40/><G40/><T4/><D4/><U51/><E97/><V43/><F43/><W135/><G135/><T48/><D48/><U94/><E51/><V125/><F125/><W88/><G88/><T109/><D109/><U72/><E100/><V19/><F101/><W54/><G54/><T129/><D129/><U49/><N who="1" m="18432" /><DORA hai="60" /><U37/><E49/><RYUUKYOKU ba="0,1" sc="305,-10,414,-10,221,-10,50,30" hai3="15,18,20,25,28,34,59,63,64,65,67,85,90" /><INIT seed="7,1,1,4,0,109" ten="295,404,211,80" oya="3" hai0="120,5,55,64,33,96,68,127,79,104,125,75,8" hai1="126,50,85,86,41,4,76,80,3,7,45,93,0" hai2="39,88,43,22,63,58,47,56,113,42,16,71,54" hai3="59,9,133,121,65,77,12,112,21,57,13,18,102"/><W87/><G121/><T11/><D55/><U84/><E126/><V27/><F42/><W67/><G133/><T34/><D120/><U38/><E38/><V52/><F113/><W89/><G102/><T108/><D11/><U51/><E3/><V48/><F71/><W72/><G72/><T118/><D118/><U32/><E32/><V122/><F122/><W26/><G77/><T66/><D66/><N who="3" m="25097" /><G112/><T53/><D53/><U83/><E93/><V117/><REACH who="2" step="1"/><F117/><REACH who="2" ten="295,404,201,80" step="2"/><W14/><G9/><T132/><D8/><U123/><E123/><V105/><F105/><W135/><G135/><T49/><D132/><U111/><E111/><V20/><F20/><W115/><G115/><T90/><D104/><U131/><E0/><V98/><F98/><W82/><AGARI ba="1,2" hai="12,13,14,18,21,26,57,59,82,87,89" m="25097" machi="82" ten="30,1500,0" yaku="8,1" doraHai="109" who="3" fromWho="3" sc="295,-6,404,-6,201,-6,80,38" /><INIT seed="7,2,0,5,3,44" ten="289,398,195,118" oya="3" hai0="0,61,94,84,122,69,64,12,77,58,53,92,102" hai1="14,79,111,66,67,68,48,55,89,100,114,72,62" hai2="42,34,18,103,118,3,129,35,27,101,73,80,90" hai3="9,65,46,7,52,98,6,91,126,36,63,113,17"/><W120/><G120/><T104/><D0/><U4/><E111/><V82/><F118/><W33/><G33/><T21/><D122/><U24/><E67/><V134/><F3/><W37/><G113/><T107/><D77/><U23/><E114/><V8/><F42/><W25/><G126/><T49/><D94/><U1/><E1/><V28/><F35/><W78/><G78/><T41/><D102/><U54/><E100/><V86/><F134/><W105/><G37/><T51/><D41/><U131/><E55/><V56/><F129/><W5/><G36/><T125/><D125/><U43/><E43/><V83/><F83/><W128/><G128/><T39/><D51/><U106/><E106/><V29/><F28/><W117/><G117/><T76/><D76/><U31/><E131/><V127/><F127/><W57/><G105/><T71/><D71/><U123/><E72/><V135/><F73/><W19/><G9/><T10/><D10/><U97/><E79/><V116/><F116/><W108/><G108/><T59/><D69/><U96/><E68/><V88/><F135/><W124/><G124/><T45/><D39/><U99/><E89/><V81/><F56/><N who="3" m="37095" /><G25/><T74/><D74/><U22/><E123/><V2/><F2/><W13/><G13/><T70/><D70/><U109/><E109/><V85/><F81/><W15/><G15/><AGARI ba="2,0" hai="8,15,18,27,29,34,80,82,85,86,88,90,101,103" machi="15" ten="40,2600,0" yaku="9,1,54,1" doraHai="44" who="2" fromWho="3" sc="289,0,398,0,195,32,118,-32" owari="289,9.0,398,49.0,227,-17.0,86,-41.0" /></mjloggm>