<mjloggm ver="2.3"><GO type="169" lobby="0"/><UN n0="%E3%82%AA%E3%82%AB%E3%83%AB%E3%83%88%E4%B8%80%E8%89%B2" n1="%E3%83%A9%E3%82%B9%E5%A4%AA" n2="%E7%B4%85%E3%81%84%E7%9E%B3%E3%81%AE%E6%AD%A6%E4%B8%B8" n3="%E5%B0%B1%E6%B4%BB%E7%94%9F%40%E5%B7%9D%E6%9D%91%E8%BB%8D%E5%9B%A3" dan="16,17,16,17" rate="2073.62,2095.81,2091.24,2179.76" sx="M,M,M,M"/><TAIKYOKU oya="0"/><INIT seed="0,0,0,0,2,34" ten="250,250,250,250" oya="0" hai0="8,79,15,61,59,87,113,135,51,84,13,94,35" hai1="18,128,23,125,27,29,39,86,56,33,92,11,70" hai2="43,93,5,14,73,124,75,60,129,31,26,52,48" hai3="103,133,2,41,114,69,109,100,116,10,65,98,62"/><T85/><D113/><U82/><E70/><V46/><F124/><W130/><G114/><T72/><D35/><U119/><E119/><V12/><F129/><W134/><G116/><T83/><D135/><U4/><E39/><V19/><F5/><W123/><G130/><T50/><D94/><U16/><E125/><V17/><F93/><W64/><G64/><T32/><D32/><U40/><E40/><V49/><F60/><W78/><G109/><T127/><D127/><U42/><E42/><V88/><F88/><W120/><G78/><T131/><D131/><U101/><E56/><V45/><F26/><W118/><G41/><T105/><D105/><U111/><E111/><V89/><F89/><W22/><G22/><T28/><D28/><U25/><E18/><V96/><F96/><W76/><G76/><T102/><D102/><U104/><E92/><V9/><REACH who="2" step="1"/><F31/><REACH who="2" ten="250,250,240,250" step="2"/><W126/><G126/><T81/><D81/><U7/><E128/><V58/><F58/><W55/><G98/><T95/><D95/><U6/><E104/><V57/><F57/><W91/><G91/><T24/><D24/><U68/><E101/><V66/><F66/><W71/><G103/><T20/><D61/><U97/><E97/><V132/><F132/><N who="3" m="50795" /><G100/><T106/><D106/><U38/><E82/><V90/><F90/><W108/><G108/><T53/><D59/><U44/><E29/><V122/><F122/><N who="3" m="46635" /><G118/><T1/><D83/><U54/><E25/><V21/><AGARI ba="0,1" hai="9,12,14,17,19,21,43,45,46,48,49,52,73,75" machi="21" ten="20,5200,0" yaku="1,1,0,1,7,1,54,1,53,0" doraHai="34" doraHaiUra="112" who="2" fromWho="2" sc="250,-26,250,-13,240,62,250,-13" /><INIT seed="1,0,0,1,1,14" ten="224,237,302,237" oya="1" hai0="41,82,64,18,47,0,94,93,123,11,36,99,62" hai1="86,131,73,102,25,77,7,3,128,34,60,125,117" hai2="9,35,32,75,67,65,79,98,30,43,70,69,59" hai3="61,24,48,119,114,51,105,53,12,103,127,8,78"/><U124/><E86/><V45/><F59/><W68/><G114/><T95/><D123/><U40/><E117/><V17/><F98/><W129/><G129/><N who="1" m="49738" /><E102/><V90/><F90/><W38/><G38/><T10/><D82/><N who="1" m="45359" /><E60/><V31/><F79/><W115/><G127/><T71/><D0/><U91/><E91/><V121/><F75/><W76/><G115/><T27/><REACH who="0" step="1"/><D99/><REACH who="0" ten="214,237,302,237" step="2"/><U57/><E3/><V15/><F121/><W133/><G78/><T107/><D107/><U132/><E125/><V28/><F32/><W122/><G76/><T1/><D1/><U52/><E34/><V13/><F35/><W100/><G105/><T22/><AGARI ba="0,1" hai="10,11,18,22,27,36,41,47,62,64,71,93,94,95" machi="22" ten="30,7900,0" yaku="1,1,0,1,52,1,53,1" doraHai="14" doraHaiUra="20" who="0" fromWho="0" sc="214,89,237,-39,302,-20,237,-20" /><INIT seed="2,0,0,3,5,134" ten="303,198,282,217" oya="2" hai0="15,68,124,90,125,72,49,14,9,113,10,19,109" hai1="77,6,26,130,122,18,94,50,104,103,128,60,71" hai2="17,33,13,92,7,31,21,43,95,81,107,87,22" hai3="36,114,75,132,52,110,1,2,89,119,106,56,101"/><V84/><F107/><W97/><G132/><T123/><D68/><U82/><E104/><V20/><F7/><W74/><G119/><T70/><D70/><U88/><E103/><V99/><F43/><W120/><G120/><T66/><D66/><U40/><E6/><V51/><F51/><W63/><G36/><T127/><D72/><U111/><E111/><V25/><F87/><W39/><G39/><T0/><D123/><U53/><E122/><V98/><F95/><W57/><G114/><T35/><D113/><U38/><E38/><V61/><F61/><W37/><G37/><T78/><D78/><U73/><E40/><V91/><REACH who="2" step="1"/><F99/><REACH who="2" ten="303,198,272,217" step="2"/><W42/><G42/><T79/><D49/><U59/><E50/><V112/><F112/><W65/><G110/><T69/><D109/><U86/><REACH who="1" step="1"/><E71/><REACH who="1" ten="303,188,272,217" step="2"/><V45/><F45/><W102/><G106/><T3/><D69/><U135/><E135/><V12/><F12/><W46/><G2/><T121/><D121/><U58/><E58/><V62/><F62/><W32/><G1/><T4/><D3/><U34/><E34/><V83/><F83/><W131/><G63/><T55/><D35/><U108/><E108/><V23/><F23/><AGARI ba="0,2" hai="18,23,26,53,59,60,73,77,82,86,88,94,128,130" machi="23" ten="40,2600,0" yaku="1,1,54,1,53,0" doraHai="134" doraHaiUra="100" who="1" fromWho="2" sc="303,0,188,46,272,-26,217,0" /><INIT seed="3,0,0,5,1,99" ten="303,234,246,217" oya="3" hai0="128,135,44,14,27,39,77,13,123,30,36,76,122" hai1="67,21,42,94,65,24,118,130,126,83,60,100,22" hai2="86,4,55,120,61,72,63,57,31,133,49,1,93" hai3="28,41,132,68,40,18,15,129,124,8,111,26,66"/><W117/><G117/><T89/><D128/><U54/><E118/><V101/><F72/><W32/><G129/><T52/><D135/><U64/><E130/><V16/><F133/><W46/><G132/><T5/><D89/><U47/><E126/><V114/><F114/><W11/><G124/><T0/><D0/><U58/><E83/><V62/><F120/><W6/><G111/><T91/><D91/><U121/><E121/><V19/><F31/><W105/><G105/><T102/><D5/><U33/><E33/><V106/><F106/><W53/><G53/><T134/><D134/><U82/><E82/><V73/><F73/><W20/><G46/><T2/><D2/><U56/><E56/><V25/><F25/><W96/><G96/><T34/><D27/><U17/><E22/><V81/><F4/><W43/><REACH who="3" step="1"/><G6/><REACH who="3" ten="303,234,246,207" step="2"/><T110/><D110/><U38/><E54/><V29/><F55/><W113/><G113/><T35/><D52/><U92/><E65/><V9/><F61/><AGARI ba="0,1" hai="8,11,15,18,20,26,28,32,40,41,43,61,66,68" machi="61" ten="40,2000,0" yaku="1,1,53,0" doraHai="99" doraHaiUra="104" who="3" fromWho="2" sc="303,0,234,0,246,-20,207,30" /><INIT seed="3,1,0,5,5,97" ten="303,234,226,237" oya="3" hai0="105,127,58,63,60,6,15,22,42,26,119,23,65" hai1="96,20,106,32,80,123,45,36,7,78,111,113,19" hai2="41,98,114,134,74,35,88,62,100,25,76,16,71" hai3="38,5,28,30,135,14,68,121,46,99,92,33,122"/><W57/><G68/><T69/><D119/><U82/><E123/><V37/><F114/><W18/><G135/><T72/><D72/><U12/><E32/><V27/><F134/><W47/><G5/><T64/><D127/><U87/><E113/><V4/><F4/><W70/><G70/><T54/><D42/><U109/><E7/><V52/><F41/><W94/><G57/><T124/><D124/><U79/><E36/><V77/><F37/><W89/><G38/><T2/><D105/><U112/><E45/><V0/><F0/><W61/><G61/><T85/><D2/><U128/><E112/><V21/><F74/><W130/><G130/><T73/><D73/><U131/><E106/><V50/><F100/><W95/><G33/><T31/><D85/><N who="1" m="48279" /><E96/><V117/><F117/><W101/><G122/><T118/><D118/><U24/><E24/><V1/><F1/><W29/><G121/><T103/><D6/><U55/><E55/><V115/><F115/><W125/><G125/><T67/><D103/><U102/><E102/><V34/><F50/><W129/><G129/><AGARI ba="1,0" hai="12,19,20,79,82,87,109,111,128,129,131" m="48279" machi="129" ten="30,1000,0" yaku="19,1" doraHai="97" who="1" fromWho="3" sc="303,0,234,13,226,0,237,-13" /><INIT seed="4,0,0,2,0,18" ten="303,247,226,224" oya="0" hai0="94,4,119,14,103,96,125,120,0,21,135,23,128" hai1="63,49,66,108,17,6,11,106,74,116,5,133,126" hai2="28,122,19,132,75,118,92,131,82,100,10,117,107" hai3="95,81,134,127,47,59,1,34,54,56,60,31,41"/><T30/><D119/><N who="2" m="45578" /><F28/><W25/><G127/><T16/><D120/><U114/><E74/><V42/><F42/><W48/><G134/><T57/><D125/><U7/><E106/><V85/><F10/><W20/><G1/><T32/><D135/><U86/><E108/><V87/><F19/><W62/><G81/><T84/><D128/><U35/><E35/><V53/><F53/><W80/><G80/><T76/><D32/><U113/><E126/><V8/><F8/><W109/><G109/><T101/><D101/><U22/><E49/><V121/><F132/><W61/><G95/><T36/><D36/><U9/><E86/><N who="2" m="32779" /><F107/><W88/><G88/><T102/><D0/><U124/><E133/><V2/><F2/><W69/><G69/><T12/><D4/><U83/><E116/><V97/><F131/><W52/><REACH who="3" step="1"/><G34/><REACH who="3" ten="303,247,226,214" step="2"/><T15/><D94/><U99/><E83/><V64/><F64/><W79/><G79/><AGARI ba="0,1" hai="75,79,82,92,97,100,121,122" m="32779,45578" machi="79" ten="30,3900,0" yaku="12,1,34,2" doraHai="18" who="2" fromWho="3" sc="303,0,247,0,226,49,214,-39" /><INIT seed="5,0,0,4,3,97" ten="303,247,275,175" oya="1" hai0="37,49,91,88,93,13,89,45,16,35,42,68,29" hai1="112,8,50,57,39,36,84,46,75,55,119,134,24" hai2="0,31,3,19,25,72,133,1,106,117,95,62,15" hai3="5,48,98,4,111,53,118,85,18,130,79,124,32"/><U80/><E119/><V114/><F106/><W70/><G111/><T122/><D68/><U10/><E75/><V30/><F72/><W109/><G109/><T63/><D122/><U56/><E112/><V23/><F62/><W33/><G70/><T58/><D37/><U43/><E134/><V86/><F86/><W123/><G123/><T71/><D71/><U129/><E129/><V81/><F95/><W76/><G118/><T40/><D40/><U100/><E39/><V105/><F105/><W6/><G124/><T120/><D120/><U94/><E56/><V44/><F81/><W73/><G73/><T90/><D29/><N who="2" m="10762" /><F44/><W52/><G130/><T101/><D35/><U96/><REACH who="1" step="1"/><E24/><REACH who="1" ten="303,237,275,175" step="2"/><V11/><F114/><W104/><G32/><T59/><D58/><U60/><E60/><V99/><F117/><W17/><G33/><T67/><D59/><U83/><E83/><V82/><F82/><W110/><G110/><T51/><D63/><U125/><E125/><V126/><F126/><W21/><G48/><T54/><D49/><U64/><E64/><V28/><F133/><W128/><G128/><T113/><D67/><U47/><E47/><V66/><F66/><W121/><G121/><T102/><D45/><U87/><E87/><V20/><F99/><W14/><G85/><T74/><D74/><U65/><E65/><V69/><F69/><W135/><G135/><T103/><D113/><U131/><E131/><V26/><F26/><N who="3" m="14639" /><G98/><N who="0" m="57663" /><D42/><U7/><E7/><AGARI ba="0,1" hai="0,1,3,7,11,15,19,20,23,25,28" m="10762" machi="7" ten="30,8000,1" yaku="35,5" doraHai="97" who="2" fromWho="1" sc="303,0,237,-80,275,90,175,0" /><INIT seed="6,0,0,1,3,63" ten="303,157,365,175" oya="2" hai0="109,130,20,38,93,94,24,104,42,26,122,85,75" hai1="74,69,62,98,71,28,132,103,0,57,47,31,55" hai2="106,18,1,25,111,80,72,99,29,8,127,30,92" hai3="105,50,134,121,16,91,41,17,10,45,61,7,43"/><V76/><F127/><W51/><G105/><T34/><D75/><U100/><E74/><V79/><F79/><W19/><G121/><T9/><D104/><U32/><E0/><V52/><F106/><W86/><G134/><T12/><D109/><U33/><E132/><V27/><F111/><W82/><G61/><T59/><D122/><U83/><E83/><V129/><F129/><W37/><REACH who="3" step="1"/><G41/><REACH who="3" ten="303,157,365,165" step="2"/><T96/><D42/><U6/><E6/><V11/><F1/><AGARI ba="0,1" hai="1,7,10,16,17,19,37,43,45,50,51,82,86,91" machi="1" ten="40,5200,0" yaku="1,1,2,1,54,1,53,0" doraHai="63" doraHaiUra="90" who="3" fromWho="2" sc="303,0,157,0,365,-52,165,62" /><INIT seed="7,0,0,3,2,86" ten="303,157,313,227" oya="3" hai0="48,83,44,119,68,80,126,92,71,93,95,81,57" hai1="72,99,59,45,9,8,28,30,123,69,108,49,107" hai2="36,109,114,5,115,47,6,52,121,26,41,34,61" hai3="116,97,133,103,73,104,53,58,4,87,117,76,94"/><W120/><G120/><T10/><D119/><U125/><E108/><V127/><F109/><W11/><G133/><T60/><D126/><U20/><E123/><V21/><F34/><W79/><G73/><T82/><D10/><U33/><E125/><V7/><F127/><W78/><G104/><T24/><D24/><U37/><E72/><V38/><F38/><W3/><REACH who="3" step="1"/><G87/><REACH who="3" ten="303,157,313,217" step="2"/><T89/><D71/><U102/><E69/><V131/><F121/><W134/><G134/><T124/><D68/><U12/><E33/><V31/><F131/><W39/><G39/><T88/><D124/><U18/><E37/><V96/><F96/><W25/><G25/><T84/><N who="0" m="20480" /><DORA hai="17" /><T43/><D84/><U91/><E91/><V111/><F111/><W42/><G42/><T74/><D74/><U132/><E132/><V113/><F5/><W51/><AGARI ba="0,1" hai="3,4,11,51,53,58,76,78,79,94,97,103,116,117" machi="51" ten="30,6000,0" yaku="1,1,0,1,53,1" doraHai="86,17" doraHaiUra="35,105" who="3" fromWho="3" sc="303,-20,157,-20,313,-20,217,70" /><INIT seed="7,1,0,2,5,71" ten="283,137,293,287" oya="3" hai0="111,51,106,131,135,69,47,75,29,65,103,33,23" hai1="116,54,38,31,67,94,92,45,82,21,61,125,98" hai2="15,102,1,59,120,40,63,24,91,133,117,35,66" hai3="43,41,37,12,64,108,70,101,56,78,114,46,68"/><W7/><G114/><T20/><D75/><U4/><E125/><V34/><F117/><W129/><G101/><T113/><D111/><U128/><E128/><V124/><F1/><W50/><G129/><T62/><D131/><U132/><E132/><V80/><F133/><W130/><G130/><T119/><D119/><U77/><E116/><V55/><F124/><W118/><G118/><T127/><D127/><U10/><E21/><V84/><F120/><W100/><G100/><T3/><D3/><U97/><E31/><V30/><F40/><N who="3" m="22799" /><G78/><T134/><D113/><U2/><E94/><V115/><F115/><W39/><G39/><T58/><D58/><U57/><E92/><V83/><F102/><W36/><G36/><T25/><D134/><U110/><E110/><V86/><F15/><W121/><G121/><T0/><D0/><U73/><REACH who="1" step="1"/><E54/><REACH who="1" ten="283,127,293,287" step="2"/><V53/><F35/><W96/><G108/><T123/><D135/><U14/><E14/><V81/><F81/><W32/><G32/><T26/><D123/><U44/><E44/><V93/><F93/><W109/><G109/><T13/><D13/><U11/><E11/><V22/><F34/><W72/><G96/><N who="0" m="61799" /><D26/><U49/><E49/><V48/><F48/><W9/><G43/><AGARI ba="1,1" hai="20,23,25,29,33,43,47,51,62,65,69" m="61799" machi="43" ten="30,1000,0" yaku="25,1" doraHai="71" who="0" fromWho="3" sc="283,23,127,0,293,0,287,-13" /><AGARI ba="1,0" hai="2,4,10,38,43,45,57,61,67,73,77,82,97,98" machi="43" ten="40,8000,1" yaku="1,1,25,2,52,1,53,0" doraHai="71" doraHaiUra="17" who="1" fromWho="3" sc="306,0,127,80,293,0,274,-80" owari="306,41.0,207,-19.0,293,9.0,194,-31.0" /></mjloggm>