<mjloggm ver="2.3"><GO type="169" lobby="0"/><UN n0="%72%79%6F%E2%80%A6%31%35" n1="%6A%75%6D%70%2D%75%70" n2="%E3%82%A6%E3%83%AB%E3%83%88%E3%83%A9%E7%AB%8B%E7%9B%B4" n3="%E5%8F%8A%E5%B7%9D%E5%86%B0%E9%BA%97" dan="17,16,17,16" rate="2128.35,2112.53,2128.24,2135.28" sx="M,M,M,M"/><TAIKYOKU oya="0"/><INIT seed="0,0,0,1,4,57" ten="250,250,250,250" oya="0" hai0="49,30,76,61,12,135,6,104,119,48,68,128,129" hai1="28,8,40,107,83,108,27,69,38,111,100,18,65" hai2="13,92,82,94,106,66,105,29,114,123,60,87,96" hai3="77,3,98,0,95,122,62,21,32,89,43,45,112"/><T14/><D104/><U80/><E40/><V11/><F123/><W39/><G32/><T35/><D119/><U72/><E38/><V41/><F29/><W58/><G112/><T131/><D76/><U54/><E54/><V26/><F26/><W109/><G109/><T7/><D30/><U70/><E70/><V51/><F94/><W17/><G77/><T37/><D37/><U56/><E56/><V88/><F114/><W78/><G78/><T36/><D36/><U63/><E18/><V15/><F51/><N who="0" m="19530" /><D35/><N who="1" m="20895" /><E8/><V86/><F41/><W74/><G74/><T44/><D44/><U2/><E2/><V110/><F110/><N who="1" m="42025" /><E72/><V5/><F15/><N who="0" m="5674" /><D135/><U71/><E71/><V59/><REACH who="2" step="1"/><F87/><REACH who="2" ten="250,250,240,250" step="2"/><W97/><G122/><T67/><AGARI ba="0,1" hai="6,7,61,67,68,128,129,131" m="5674,19530" machi="67" ten="40,3900,0" yaku="19,1,52,1" doraHai="57" who="0" fromWho="0" sc="250,49,250,-13,240,-13,250,-13" /><INIT seed="0,1,0,2,0,6" ten="299,237,227,237" oya="0" hai0="62,54,111,7,10,1,109,53,20,78,26,71,46" hai1="27,36,81,125,64,23,82,122,119,50,59,121,69" hai2="98,88,118,24,79,13,56,120,18,17,84,123,2" hai3="12,51,99,34,11,40,131,113,43,42,134,108,102"/><T90/><D78/><U41/><E125/><V105/><F2/><W25/><G113/><T45/><D90/><U32/><E119/><V33/><F118/><W65/><G131/><T85/><D85/><U110/><E32/><V76/><F76/><W48/><G108/><N who="0" m="41547" /><D71/><U116/><E110/><V74/><F74/><W77/><G134/><T97/><D97/><U72/><E116/><V49/><F79/><W128/><G128/><T31/><D62/><U104/><E104/><V127/><F105/><W101/><G77/><T135/><D135/><U68/><E68/><V4/><F98/><W70/><G70/><T19/><D31/><U47/><E72/><V96/><F88/><W91/><G65/><T132/><D132/><U100/><E100/><V16/><F84/><W30/><G91/><T5/><D5/><U112/><E112/><V22/><F96/><W115/><G115/><T35/><D35/><U94/><E94/><V130/><F33/><W95/><REACH who="3" step="1"/><G101/><REACH who="3" ten="299,237,227,227" step="2"/><T58/><D58/><U103/><E103/><V21/><F56/><W60/><G60/><T107/><D107/><U73/><E73/><V29/><F130/><W117/><G117/><T8/><D46/><U15/><E69/><V61/><F61/><W37/><G37/><T87/><D45/><U83/><E64/><V28/><F49/><W86/><G86/><T9/><D87/><U92/><E36/><V75/><F75/><W39/><G39/><T44/><D44/><U106/><E47/><V66/><F66/><W80/><G80/><T14/><D1/><U0/><E0/><V124/><F124/><RYUUKYOKU ba="1,1" sc="299,15,237,-15,227,-15,227,15" hai0="7,8,9,10,14,19,20,26,53,54" hai3="11,12,25,30,34,40,42,43,48,51,95,99,102" /><INIT seed="0,2,1,5,3,132" ten="314,222,212,242" oya="0" hai0="22,127,32,84,64,99,0,39,19,111,135,115,7" hai1="44,13,3,120,18,123,60,133,37,96,94,82,57" hai2="6,34,98,53,72,2,89,59,126,68,109,62,65" hai3="43,74,21,69,48,9,121,31,130,4,113,5,55"/><T20/><D32/><U26/><E133/><V124/><F72/><W61/><G121/><T24/><D135/><U112/><E3/><V36/><F34/><W107/><G113/><T40/><D115/><U23/><E112/><V105/><F36/><W86/><G74/><T81/><D64/><U56/><E56/><V110/><F6/><W103/><G43/><T47/><D111/><N who="2" m="42506" /><F2/><W52/><G130/><T70/><D70/><U14/><E82/><V91/><F105/><W71/><G4/><T66/><D66/><U93/><E93/><N who="2" m="56623" /><F91/><W77/><G103/><T131/><D131/><U17/><E44/><V63/><AGARI ba="2,1" hai="53,59,62,63,65,68,124,126" m="56623,42506" machi="63" ten="30,4000,0" yaku="14,1,52,2" doraHai="132" who="2" fromWho="2" sc="314,-22,222,-12,212,56,242,-12" /><INIT seed="1,0,0,3,3,21" ten="292,210,268,230" oya="1" hai0="70,37,72,30,120,65,76,14,8,79,90,98,15" hai1="125,6,0,55,78,26,126,89,48,124,44,68,34" hai2="39,36,73,71,97,2,19,31,40,77,106,59,123" hai3="86,43,5,57,22,129,1,27,74,38,134,101,93"/><U46/><E68/><V45/><F123/><W53/><G74/><T32/><D37/><U20/><E34/><V69/><F39/><W91/><G129/><T102/><D90/><U4/><E0/><V131/><F19/><W58/><G134/><T116/><D15/><U111/><E111/><V64/><F59/><W107/><G57/><T81/><D79/><U13/><E13/><V28/><F28/><W108/><G108/><T92/><D116/><U18/><E78/><V80/><F131/><W11/><G38/><T75/><D120/><U88/><E46/><V62/><F31/><W121/><G43/><T114/><D114/><U42/><REACH who="1" step="1"/><E42/><REACH who="1" ten="292,200,268,230" step="2"/><V24/><F71/><W117/><G121/><T122/><D122/><U96/><E96/><V54/><F2/><W61/><G117/><T118/><D118/><U7/><AGARI ba="0,1" hai="4,6,7,18,20,26,44,48,55,88,89,124,125,126" machi="7" ten="40,12000,1" yaku="1,1,0,1,18,1,52,1,54,1,53,0" doraHai="21" doraHaiUra="128" who="1" fromWho="1" sc="292,-40,200,130,268,-40,230,-40" /><INIT seed="1,1,0,2,1,98" ten="252,330,228,190" oya="1" hai0="105,51,23,78,61,62,17,117,88,7,74,127,123" hai1="0,103,69,106,4,80,37,16,70,58,30,39,92" hai2="1,130,56,72,108,111,60,89,59,113,81,2,101" hai3="20,9,107,118,65,8,19,129,109,112,63,120,126"/><U91/><E80/><V115/><F130/><W36/><G63/><T71/><D105/><U55/><E30/><V116/><F116/><W84/><G65/><T76/><D117/><U46/><E4/><V125/><F125/><W54/><G84/><T33/><D33/><U24/><E0/><N who="2" m="107" /><F89/><W132/><G54/><T25/><D127/><U82/><E82/><V53/><F59/><W93/><G19/><T57/><D74/><U73/><E73/><V124/><F124/><W31/><G20/><T38/><D38/><U119/><E119/><V29/><F29/><W96/><G31/><T134/><D71/><U32/><E32/><V12/><F12/><W28/><G28/><T14/><D123/><U131/><E131/><V42/><F42/><W133/><G8/><N who="0" m="4383" /><D88/><U90/><E90/><V77/><F101/><W75/><G9/><T41/><D134/><U48/><E69/><V15/><F15/><W11/><G11/><T94/><D94/><U26/><E70/><V47/><F47/><W99/><G93/><T18/><D41/><U104/><E91/><V40/><F40/><W22/><G36/><T68/><D68/><U128/><E128/><V110/><AGARI ba="1,0" hai="53,56,60,72,77,81,108,110,111,113,115" m="107" machi="110" ten="40,1500,0" yaku="14,1" doraHai="98" who="2" fromWho="2" sc="252,-5,330,-8,228,18,190,-5" /><INIT seed="2,0,0,2,3,0" ten="247,322,246,185" oya="2" hai0="30,101,29,59,78,3,1,130,19,123,134,44,21" hai1="102,73,113,2,27,72,92,35,99,16,66,81,55" hai2="100,118,33,75,97,49,52,107,58,23,26,93,82" hai3="69,9,129,133,76,90,14,116,112,62,121,94,24"/><V77/><F118/><W103/><G121/><T20/><D123/><U45/><E2/><V6/><F33/><W53/><G116/><T120/><D120/><U36/><E113/><V68/><F68/><W125/><G112/><T39/><D78/><U22/><E66/><V48/><F6/><W96/><G125/><T40/><D101/><U117/><E117/><V106/><REACH who="2" step="1"/><F49/><REACH who="2" ten="247,322,236,185" step="2"/><W85/><G69/><T10/><D39/><U104/><E35/><V110/><F110/><W87/><G133/><T28/><D134/><U91/><E36/><V95/><F95/><W46/><G129/><T41/><D130/><U65/><E81/><V34/><F34/><W12/><G94/><T18/><D1/><U111/><E111/><V8/><F8/><W89/><G9/><T5/><D3/><U63/><E104/><V135/><F135/><W108/><G108/><T71/><D71/><U15/><E102/><V79/><F79/><W7/><G103/><T70/><D70/><U132/><E132/><V105/><F105/><W25/><G76/><T42/><D5/><U56/><E73/><V114/><F114/><W60/><G7/><T119/><D10/><U37/><E72/><V47/><F47/><W61/><G46/><T11/><D11/><U84/><E37/><V109/><F109/><W88/><G62/><T126/><D119/><U17/><E45/><V43/><F43/><W4/><G4/><T115/><D44/><U74/><E74/><V32/><F32/><W124/><G124/><T57/><D126/><U127/><E127/><V54/><F54/><W98/><G90/><RYUUKYOKU ba="0,1" sc="247,-15,322,-15,236,15,185,15" hai2="23,26,48,52,58,75,77,82,93,97,100,106,107" hai3="12,14,24,25,53,60,61,85,87,88,89,96,98" /><INIT seed="2,1,1,3,3,118" ten="232,307,251,200" oya="2" hai0="86,32,54,62,90,64,124,39,76,41,17,27,43" hai1="61,73,66,127,104,81,119,29,13,133,128,44,78" hai2="22,99,0,122,117,23,57,101,12,70,40,126,109" hai3="107,114,31,85,123,80,52,26,95,28,77,19,7"/><V105/><F70/><W37/><G107/><T3/><D3/><U5/><E119/><V103/><F0/><W36/><G114/><T14/><D39/><U125/><E104/><V87/><F117/><W113/><G113/><T89/><D124/><U16/><E5/><V33/><F33/><W55/><G7/><T116/><D116/><U84/><E29/><V93/><F126/><N who="1" m="48137" /><E44/><V35/><F35/><W8/><G123/><T46/><D76/><U20/><E128/><V59/><F122/><W134/><G134/><T135/><D135/><U25/><E133/><V72/><F72/><W106/><G106/><T130/><D27/><U112/><E112/><V108/><F40/><W1/><G1/><T45/><D32/><U9/><E73/><V69/><F69/><W94/><G37/><T97/><D46/><U92/><E92/><N who="3" m="35370" /><G36/><T71/><D130/><U6/><E61/><V47/><F47/><W74/><G74/><T11/><D97/><U50/><E50/><V2/><F2/><W34/><G34/><T51/><REACH who="0" step="1"/><D90/><REACH who="0" ten="222,307,251,200" step="2"/><N who="1" m="51471" /><E66/><V56/><F103/><W68/><G77/><AGARI ba="1,2" hai="6,9,13,16,20,25,77,78" m="51471,48137" machi="77" ten="30,2000,0" yaku="18,1,54,1" doraHai="118" who="1" fromWho="3" sc="222,0,307,43,251,0,200,-23" /><INIT seed="3,0,0,0,0,73" ten="222,350,251,177" oya="3" hai0="101,60,8,71,45,14,48,110,97,66,69,107,75" hai1="52,122,70,32,44,116,134,25,77,15,109,11,108" hai2="62,98,119,55,36,5,67,19,84,88,127,79,113" hai3="128,68,61,93,59,123,0,85,16,132,78,105,126"/><W90/><G123/><T49/><D110/><U30/><E122/><V118/><F36/><W54/><G105/><T6/><D75/><U27/><E134/><V63/><F113/><W34/><G132/><T89/><D89/><U10/><E70/><V74/><F98/><W112/><G112/><T114/><D114/><U103/><E27/><V53/><F5/><W7/><G128/><T35/><D71/><U115/><E103/><V124/><F19/><W24/><G126/><T117/><D117/><U40/><E40/><V17/><F17/><W12/><G68/><T104/><D35/><U56/><E44/><V46/><F74/><W94/><G94/><T81/><D81/><U38/><E38/><V100/><F100/><W2/><G78/><T3/><D107/><U26/><E26/><V20/><F46/><W57/><G57/><T4/><D49/><N who="1" m="30735" /><E11/><V18/><F127/><W39/><G39/><T92/><D104/><U41/><E41/><V133/><F124/><W72/><G72/><T22/><D3/><U83/><E116/><V91/><F133/><W130/><G130/><T99/><D101/><U121/><E121/><V86/><F119/><W102/><G102/><T64/><D8/><U95/><E95/><V120/><F120/><W125/><G125/><T9/><D9/><U47/><E47/><V80/><F118/><W33/><G33/><T129/><D92/><U96/><E96/><N who="0" m="36937" /><D129/><U43/><E43/><V87/><F86/><W31/><G7/><T111/><D6/><N who="1" m="3543" /><E115/><V131/><F131/><W42/><G42/><N who="0" m="24631" /><D4/><U13/><E13/><V37/><F37/><RYUUKYOKU ba="0,0" sc="222,-15,350,15,251,-15,177,15" hai1="25,30,32,77,83,108,109" hai3="0,2,12,16,24,31,34,54,59,61,85,90,93" /><INIT seed="3,1,0,5,3,32" ten="207,365,236,192" oya="3" hai0="101,6,1,4,47,33,93,9,82,108,73,96,103" hai1="29,91,20,52,119,102,43,104,34,57,95,100,127" hai2="16,74,25,35,28,70,50,80,116,105,15,84,30" hai3="48,23,115,13,55,11,89,64,114,131,19,86,97"/><W87/><G131/><T106/><D33/><U121/><E121/><V113/><F105/><W10/><G64/><T68/><D108/><U45/><E34/><V12/><F70/><W54/><G97/><T8/><D68/><U122/><E104/><V31/><F74/><W42/><G87/><T40/><D106/><U22/><E127/><V129/><F113/><W38/><G38/><N who="0" m="21911" /><D93/><U133/><E133/><V94/><F116/><W130/><G130/><T111/><D96/><N who="1" m="57471" /><E122/><V14/><F129/><W117/><G117/><T128/><D128/><U120/><E119/><V125/><F125/><W67/><G67/><T88/><D88/><U3/><E3/><V63/><F63/><W39/><G39/><T81/><D81/><U21/><E29/><V79/><F94/><N who="3" m="54583" /><G115/><T26/><D26/><U17/><E17/><V124/><F124/><W62/><G114/><T0/><D111/><U134/><E134/><V5/><F16/><W110/><G110/><T24/><D24/><U44/><E120/><V60/><F60/><W27/><G62/><T46/><D46/><N who="1" m="18027" /><E43/><V66/><F66/><W69/><G69/><T56/><D56/><U77/><E77/><AGARI ba="1,0" hai="0,1,4,6,8,9,73,77,82,101,103" m="21911" machi="77" ten="30,3900,0" yaku="25,1,52,2" doraHai="32" who="0" fromWho="1" sc="207,42,365,-42,236,0,192,0" /><INIT seed="4,0,0,0,4,103" ten="249,323,236,192" oya="0" hai0="46,65,93,130,90,81,115,0,6,116,123,21,44" hai1="48,11,134,125,10,16,61,29,102,27,33,60,117" hai2="15,56,98,86,49,70,129,23,92,31,50,13,124" hai3="132,39,35,111,126,40,34,104,64,36,91,54,68"/><T76/><D116/><U119/><E125/><V114/><F70/><W7/><G111/><T67/><D123/><U110/><E110/><V113/><F129/><W108/><G108/><T133/><D115/><N who="2" m="44042" /><F86/><W25/><G126/><T84/><D133/><U22/><E134/><V3/><F3/><W107/><G54/><T112/><D130/><U94/><E48/><N who="2" m="18539" /><F56/><W135/><G91/><T62/><D112/><U77/><E77/><V14/><F124/><W72/><G72/><T2/><D65/><U89/><E102/><N who="2" m="60743" /><F31/><W121/><G64/><T78/><D78/><U85/><E117/><V19/><AGARI ba="0,0" hai="13,14,15,19,23" m="60743,18539,44042" machi="19" ten="30,1100,0" yaku="15,1" doraHai="103" who="2" fromWho="2" sc="249,-5,323,-3,236,11,192,-3" /><INIT seed="5,0,0,5,5,32" ten="244,320,247,189" oya="1" hai0="94,9,117,125,1,108,41,58,7,73,101,67,44" hai1="14,87,36,17,21,133,97,64,39,127,29,4,45" hai2="72,111,90,59,109,57,16,22,134,26,48,40,129" hai3="13,46,114,116,50,99,79,68,118,80,71,105,28"/><U93/><E133/><V112/><F134/><W75/><G28/><T95/><D108/><U104/><E127/><V54/><F129/><W25/><G25/><T61/><D117/><N who="3" m="45161" /><G114/><T30/><D125/><U120/><E120/><V107/><F112/><W8/><G105/><T128/><D128/><U23/><E104/><V88/><F107/><W35/><G99/><T92/><D30/><U91/><E64/><V98/><F72/><W122/><G35/><T53/><D73/><U10/><E23/><V60/><F40/><N who="3" m="24903" /><G122/><T49/><REACH who="0" step="1"/><D101/><REACH who="0" ten="234,320,247,189" step="2"/><U37/><E29/><V0/><F111/><W100/><G100/><T103/><D103/><U135/><E135/><V124/><F109/><W96/><G96/><T74/><D74/><U47/><REACH who="1" step="1"/><E97/><REACH who="1" ten="234,310,247,189" step="2"/><V132/><F98/><W51/><G75/><T38/><D38/><U130/><E130/><V43/><F124/><W81/><G79/><T66/><AGARI ba="0,2" hai="1,7,9,41,44,49,53,58,61,66,67,92,94,95" machi="66" ten="30,4000,0" yaku="1,1,0,1,52,1,53,0" doraHai="32" doraHaiUra="24" who="0" fromWho="0" sc="234,60,310,-20,247,-10,189,-10" /><INIT seed="6,0,0,3,0,72" ten="294,290,237,179" oya="2" hai0="79,28,10,88,48,116,7,68,125,31,24,59,94" hai1="4,105,21,110,66,135,114,74,60,17,22,97,82" hai2="78,55,5,2,118,86,30,121,123,127,96,117,124" hai3="129,52,43,64,100,57,38,91,15,93,89,102,12"/><V81/><F30/><W122/><G122/><N who="2" m="46601" /><F5/><W47/><G129/><T13/><D68/><U27/><E135/><V65/><F2/><W75/><G75/><T69/><D69/><U20/><E114/><V90/><F55/><W113/><G113/><T63/><D125/><N who="2" m="48202" /><F65/><W70/><G91/><T92/><D92/><AGARI ba="0,0" hai="78,81,86,90,92,96,117,118" m="48202,46601" machi="92" ten="30,11600,0" yaku="18,1,34,2,52,1" doraHai="72" who="2" fromWho="0" sc="294,-116,290,0,237,116,179,0" /><INIT seed="6,1,0,5,3,130" ten="178,290,353,179" oya="2" hai0="26,62,10,34,121,131,15,11,44,113,31,38,52" hai1="134,27,12,3,33,72,2,61,4,21,80,29,64" hai2="92,24,65,76,118,19,107,30,67,126,119,69,120" hai3="32,124,47,111,42,133,75,17,40,50,79,125,23"/><V20/><F107/><W36/><G111/><T1/><D121/><U77/><E134/><V115/><F120/><W46/><G32/><T98/><D113/><U6/><E6/><V71/><F115/><W102/><G102/><T49/><D131/><U110/><E110/><V66/><F126/><W81/><REACH who="3" step="1"/><G133/><REACH who="3" ten="178,290,353,169" step="2"/><T129/><D129/><U112/><E112/><V127/><F127/><W108/><G108/><T39/><D98/><U55/><E33/><V58/><F119/><W22/><G22/><T116/><D116/><U88/><E21/><V51/><F20/><W60/><G60/><T41/><D62/><U105/><E61/><V56/><F118/><W106/><G106/><T78/><D78/><U59/><E105/><V101/><F76/><W35/><G35/><T82/><D82/><U100/><E80/><V9/><F101/><W90/><G90/><T122/><D122/><U8/><E88/><V5/><F92/><W135/><G135/><T37/><D1/><U43/><E100/><V104/><F104/><W93/><G93/><T54/><REACH who="0" step="1"/><D11/><REACH who="0" ten="168,290,353,169" step="2"/><U109/><E3/><V14/><F9/><W132/><G132/><T114/><D114/><U83/><E2/><V87/><F71/><W85/><G85/><T63/><D63/><U45/><E83/><V123/><F69/><W84/><G84/><T70/><D70/><U94/><E77/><V13/><F87/><W74/><G74/><T91/><D91/><U117/><E72/><V73/><F73/><W25/><AGARI ba="1,2" hai="17,23,25,36,40,42,46,47,50,75,79,81,124,125" machi="25" ten="30,2000,0" yaku="1,1,0,1,53,0" doraHai="130" doraHaiUra="86" who="3" fromWho="3" sc="168,-6,290,-6,353,-11,169,43" /><INIT seed="7,0,0,1,2,39" ten="162,284,342,212" oya="3" hai0="7,11,19,133,75,65,17,90,117,33,23,102,15" hai1="29,112,16,63,74,79,109,99,13,57,119,10,37" hai2="72,70,8,54,118,120,48,21,34,28,66,125,25" hai3="69,44,123,3,58,106,96,73,134,61,1,68,2"/><W101/><G123/><T80/><D33/><U104/><E112/><V126/><F72/><W113/><G113/><T131/><D117/><U52/><E109/><V89/><F8/><W35/><G35/><T64/><D131/><U110/><E110/><V130/><F118/><W40/><G73/><T43/><D133/><U24/><E37/><V85/><F34/><W18/><G18/><T59/><D102/><U6/><E79/><V98/><F98/><W62/><G134/><T129/><D129/><U67/><E74/><V97/><F97/><W46/><G46/><T36/><D19/><U49/><E99/><V95/><F130/><W76/><G76/><T93/><D59/><U30/><E104/><V53/><F120/><W9/><G9/><T51/><D93/><U12/><E24/><V122/><F122/><W32/><G32/><T127/><D127/><N who="2" m="48650" /><F48/><W94/><G106/><T45/><D36/><U132/><E132/><V103/><F103/><W114/><G114/><T88/><D75/><U27/><E27/><V83/><F95/><W100/><G100/><T91/><REACH who="0" step="1"/><D80/><REACH who="0" ten="152,284,342,212" step="2"/><U26/><E119/><V14/><F83/><W84/><G58/><T38/><D38/><U108/><E108/><V31/><F31/><W41/><G94/><T55/><D55/><U4/><E30/><V86/><F54/><W56/><G101/><T60/><D60/><U107/><E107/><V47/><F53/><W20/><G61/><T81/><D81/><U0/><E29/><V116/><F28/><W87/><G62/><T105/><D105/><U77/><E63/><V121/><F116/><RYUUKYOKU ba="0,1" sc="152,30,284,-10,342,-10,212,-10" hai0="7,11,15,17,23,43,45,51,64,65,88,90,91" owari="182,-32.0,274,7.0,342,45.0,202,-20.0" /></mjloggm>