<mjloggm ver="2.3"><GO type="97" lobby="0"/><UN n0="%E3%83%88%E3%83%88%E3%83%AA%E5%85%88%E7%94%9F%31%39%E6%AD%B3" n1="%E3%83%9B%E3%82%B7%E3%83%8E%E3%83%BB%E3%83%AB%E3%83%AA" n2="%E3%82%B8%E3%83%A3%E3%83%9F%E3%83%B3" n3="%68%69%72%61%72%69%6E" dan="14,14,13,14" rate="2025.98,1992.84,1980.33,1896.02" sx="F,F,M,M"/><TAIKYOKU oya="0"/><INIT seed="0,0,0,3,5,111" ten="250,250,250,250" oya="0" hai0="104,87,7,75,30,32,128,60,66,6,108,53,101" hai1="46,130,80,68,123,57,24,97,56,85,78,26,133" hai2="122,69,38,76,92,44,47,42,88,51,35,98,103" hai3="115,45,65,67,41,81,19,114,82,129,113,48,118"/><T25/><D75/><U132/><E123/><V33/><F122/><W55/><G129/><T105/><D108/><U94/><E68/><V50/><F69/><W59/><G19/><T86/><D128/><U3/><E3/><V107/><F38/><N who="3" m="21687" /><G82/><T10/><D53/><U109/><E109/><V112/><F76/><W61/><G81/><T16/><D16/><U95/><E130/><V15/><F15/><W119/><G67/><T28/><D28/><U74/><E46/><AGARI ba="0,0" hai="46,48,55,59,61,65,113,114,115,118,119" m="21687" machi="46" ten="30,8000,1" yaku="34,2,52,3" doraHai="111" who="3" fromWho="1" sc="250,0,250,-80,250,0,250,80" /><INIT seed="1,0,0,3,3,127" ten="250,170,250,330" oya="1" hai0="117,126,120,43,107,51,53,132,21,84,6,3,60" hai1="104,128,106,87,65,11,35,28,72,56,38,125,18" hai2="78,111,0,121,118,13,80,82,52,37,2,134,63" hai3="19,73,59,70,42,25,95,26,36,93,101,133,116"/><U17/><E38/><V109/><F121/><W119/><G73/><T16/><D117/><N who="3" m="45129" /><G70/><T32/><D107/><U103/><E72/><V92/><F37/><W62/><G133/><T30/><D132/><U94/><E125/><V31/><F134/><W22/><G26/><T34/><D126/><U115/><E115/><V64/><F118/><W91/><G101/><T47/><D120/><U97/><E11/><V4/><F31/><W49/><G36/><T89/><D30/><U96/><E87/><V88/><F2/><W83/><G83/><T79/><D79/><U29/><E35/><V68/><F0/><W123/><G123/><T61/><D6/><U15/><E15/><V99/><F52/><N who="3" m="34151" /><G91/><T33/><D43/><U90/><E104/><V41/><F41/><W66/><G66/><T8/><D3/><U24/><E29/><V129/><F129/><W54/><G42/><T75/><D75/><U85/><E97/><V20/><F78/><W44/><AGARI ba="0,0" hai="19,22,25,44,49,54,93,95" m="34151,45129" machi="44" ten="30,2000,0" yaku="12,1,54,1" doraHai="127" who="3" fromWho="3" sc="250,-5,170,-10,250,-5,330,20" /><INIT seed="2,0,0,0,1,62" ten="245,160,245,350" oya="2" hai0="108,10,24,99,124,34,103,78,0,107,123,87,89" hai1="56,134,2,46,92,31,102,125,39,71,27,81,65" hai2="17,72,116,15,67,130,40,38,33,69,119,30,14" hai3="112,132,117,23,98,120,101,55,86,16,100,97,131"/><V85/><F72/><W113/><G120/><T61/><D123/><U36/><E2/><V133/><F133/><W26/><G117/><T109/><D124/><U49/><E125/><V7/><F130/><W79/><G132/><T74/><D0/><U128/><E134/><V11/><F40/><W68/><G68/><T3/><D3/><U54/><E128/><V96/><F38/><W63/><G131/><T47/><D10/><U110/><E110/><N who="0" m="42601" /><D47/><U50/><E81/><V83/><F96/><W76/><G86/><T90/><D74/><U25/><E71/><V93/><F93/><W115/><G63/><T114/><D114/><N who="3" m="29185" /><W53/><DORA hai="48" /><G53/><T12/><D12/><U35/><E27/><V126/><F126/><W121/><G55/><T51/><D51/><U118/><E118/><V41/><F41/><W8/><G8/><T19/><D61/><U4/><E4/><V1/><F67/><W58/><G58/><T104/><D104/><U94/><E65/><V70/><F70/><W5/><G5/><T82/><D19/><U42/><REACH who="1" step="1"/><E102/><REACH who="1" ten="245,150,245,350" step="2"/><N who="3" m="39530" /><G121/><T6/><D6/><U52/><E52/><V84/><F69/><W77/><AGARI ba="0,1" hai="16,23,26,76,77,79,97,98" m="39530,29185" machi="77" ten="50,3200,0" yaku="11,1,54,1" doraHai="62,48" who="3" fromWho="3" sc="245,-8,150,-8,245,-16,350,42" /><INIT seed="3,0,0,1,3,23" ten="237,142,229,392" oya="3" hai0="50,119,88,97,54,125,58,123,14,115,68,2,80" hai1="60,32,62,55,30,21,25,134,18,43,57,69,63" hai2="129,114,5,36,74,135,9,45,67,46,127,113,107" hai3="128,109,3,78,79,91,77,120,83,47,24,53,89"/><W106/><G3/><T126/><D119/><U35/><E134/><V41/><F107/><W40/><G120/><T73/><D123/><U59/><E43/><V94/><F135/><W49/><G106/><T61/><D2/><U29/><E69/><V38/><F127/><N who="0" m="48650" /><D115/><U104/><E104/><V4/><F129/><W84/><G128/><T98/><D14/><U108/><E108/><V1/><F67/><W6/><G6/><T39/><D39/><U93/><E93/><V8/><F94/><W85/><G109/><T92/><D98/><U13/><E55/><V96/><F96/><W132/><G132/><T0/><D0/><U15/><E15/><V44/><F74/><W7/><G7/><T90/><D73/><U95/><E95/><V11/><F1/><W103/><G103/><N who="0" m="60839" /><D80/><U66/><E66/><AGARI ba="0,0" hai="50,54,58,61,66,68,88,90" m="60839,48650" machi="66" ten="30,2000,0" yaku="18,1,54,1" doraHai="23" who="0" fromWho="1" sc="237,20,142,-20,229,0,392,0" owari="257,6.0,122,-38.0,229,-17.0,392,49.0" /></mjloggm>