<mjloggm ver="2.3"><GO type="169" lobby="0"/><UN n0="%E6%9C%88%E3%83%9F%E7%85%A7%E2%98%86" n1="%E5%B0%B1%E6%B4%BB%E7%94%9F%40%E5%B7%9D%E6%9D%91%E8%BB%8D%E5%9B%A3" n2="%61%6D%65%64%69%6F" n3="%28%C2%B4%E2%80%95%CF%89%E2%80%95%60%29" dan="16,17,17,16" rate="2134.16,2213.35,2144.80,2048.49" sx="M,M,M,M"/><TAIKYOKU oya="0"/><INIT seed="0,0,0,1,2,119" ten="250,250,250,250" oya="0" hai0="90,53,123,118,88,38,112,48,33,37,7,13,114" hai1="97,75,122,26,55,79,126,81,0,50,62,25,68" hai2="134,58,135,20,65,28,39,84,67,46,21,121,47" hai3="130,113,32,49,127,82,41,60,52,30,110,43,125"/><T24/><D118/><U22/><E0/><V15/><F84/><W93/><G113/><T115/><D123/><U96/><E126/><N who="3" m="48138" /><G110/><T103/><D103/><U18/><E122/><V70/><F70/><W1/><G1/><T83/><D33/><U69/><E26/><V108/><F108/><W124/><G130/><T64/><D64/><N who="2" m="24650" /><F58/><N who="3" m="33039" /><G60/><T116/><D116/><U95/><E97/><V109/><F39/><W11/><G124/><T5/><D24/><U14/><E14/><V92/><F15/><W19/><G93/><T35/><D35/><U74/><E74/><V131/><F92/><W63/><G63/><T91/><D83/><U56/><REACH who="1" step="1"/><E50/><REACH who="1" ten="250,240,250,250" step="2"/><V6/><F121/><W16/><G32/><T85/><D85/><U51/><E51/><V23/><F131/><W44/><G30/><T104/><D104/><U40/><E40/><V17/><F28/><W9/><G82/><T89/><D13/><U71/><E71/><V59/><F109/><W4/><G43/><T29/><D29/><U66/><E66/><V31/><F31/><W72/><G72/><T54/><D54/><U73/><E73/><V105/><F105/><W12/><G9/><T98/><D98/><U102/><AGARI ba="0,1" hai="18,22,25,55,56,62,68,69,75,79,81,95,96,102" machi="102" ten="20,2700,0" yaku="1,1,0,1,7,1,53,0" doraHai="119" doraHaiUra="27" who="1" fromWho="1" sc="250,-13,240,37,250,-7,250,-7" /><INIT seed="1,0,0,5,5,3" ten="237,277,243,243" oya="1" hai0="47,103,94,1,35,39,29,98,122,87,60,80,56" hai1="41,111,15,10,5,18,30,46,17,58,42,135,22" hai2="118,19,88,89,86,92,113,112,123,20,85,84,83" hai3="82,73,105,109,69,62,81,8,93,12,66,125,37"/><U57/><E135/><V50/><F118/><W104/><G37/><T53/><D1/><U26/><E111/><V16/><F123/><W4/><G109/><T119/><D119/><U75/><E75/><V106/><F106/><W11/><G125/><T70/><D122/><U100/><E100/><V52/><F86/><W55/><G55/><T51/><D35/><U54/><E58/><V2/><F2/><W31/><G31/><T74/><D74/><U134/><E134/><V102/><F102/><W126/><G126/><T90/><D29/><U130/><E130/><V23/><F23/><W79/><G82/><T77/><D39/><U132/><E132/><V48/><F48/><W76/><G76/><T24/><D24/><U33/><E46/><V7/><F7/><W45/><G45/><T32/><D32/><U25/><REACH who="1" step="1"/><E18/><REACH who="1" ten="237,267,243,243" step="2"/><V0/><F19/><W116/><G116/><T127/><D127/><U36/><E36/><V34/><F34/><W91/><REACH who="3" step="1"/><G11/><REACH who="3" ten="237,267,243,233" step="2"/><T67/><REACH who="0" step="1"/><D70/><REACH who="0" ten="227,267,243,233" step="2"/><U101/><E101/><AGARI ba="0,3" hai="47,51,53,56,60,67,77,80,87,90,94,98,101,103" machi="101" ten="40,5200,0" yaku="1,1,2,1,8,1,53,0" doraHai="3" doraHaiUra="131" who="0" fromWho="1" sc="227,82,267,-52,243,0,233,0" /><INIT seed="2,0,0,2,0,114" ten="309,215,243,233" oya="2" hai0="10,105,131,79,7,132,122,33,14,27,31,23,89" hai1="63,106,108,53,46,58,76,121,127,99,95,88,87" hai2="50,124,9,110,128,32,80,11,68,130,34,67,120" hai3="119,60,29,47,22,38,84,19,107,101,118,15,12"/><V112/><F112/><W125/><G125/><T103/><D122/><U52/><E108/><V28/><F120/><W104/><G29/><T98/><D132/><U41/><E121/><V123/><F123/><W48/><G38/><T56/><D131/><N who="2" m="50218" /><F124/><W116/><G101/><T94/><D79/><U44/><E127/><V4/><F80/><W71/><G84/><T91/><D56/><N who="1" m="35207" /><E106/><V21/><F50/><W109/><G109/><T18/><REACH who="0" step="1"/><D105/><REACH who="0" ten="299,215,243,233" step="2"/><U0/><E76/><V135/><F135/><W96/><G107/><T8/><D8/><U24/><E41/><V115/><F11/><W1/><G104/><T69/><D69/><U43/><E43/><V82/><F115/><W133/><G133/><T35/><D35/><U2/><E2/><AGARI ba="0,1" hai="2,7,10,14,18,23,27,31,33,89,91,94,98,103" machi="2" ten="30,7700,0" yaku="1,1,7,1,24,2,53,0" doraHai="114" doraHaiUra="37" who="0" fromWho="1" sc="299,87,215,-77,243,0,233,0" /><INIT seed="3,0,0,2,5,96" ten="386,138,243,233" oya="3" hai0="47,104,69,10,101,78,48,57,125,103,34,89,68" hai1="79,52,128,112,54,26,80,5,100,38,45,59,92" hai2="107,56,14,111,28,122,117,123,83,0,132,95,55" hai3="51,11,22,98,76,16,60,25,12,84,8,99,67"/><W134/><G134/><T65/><D34/><U33/><E112/><V70/><F70/><W102/><G51/><T2/><D104/><U63/><E128/><V106/><F0/><W81/><G25/><T9/><D69/><U73/><E5/><V90/><F117/><W36/><G36/><T23/><D68/><U15/><E15/><V32/><F111/><W109/><G109/><T24/><D125/><U37/><E45/><V13/><F83/><W86/><G86/><T31/><D78/><U20/><E54/><V41/><F41/><W42/><G42/><N who="0" m="24695" /><D2/><U6/><E6/><V66/><F66/><W91/><G76/><T126/><D126/><U27/><E27/><V127/><F28/><W85/><G85/><T97/><D89/><U29/><REACH who="1" step="1"/><E33/><REACH who="1" ten="386,128,243,233" step="2"/><V87/><F32/><W119/><G119/><T30/><D30/><U58/><E58/><V118/><F118/><W124/><G124/><T64/><D64/><U44/><E44/><V35/><F35/><W21/><G21/><T39/><D39/><U121/><E121/><V18/><F127/><W88/><G67/><T1/><D1/><U93/><E93/><V116/><F116/><W40/><G40/><T135/><D65/><U43/><E43/><V82/><F122/><W130/><G130/><T19/><D31/><U133/><E133/><V74/><F132/><W4/><G4/><T113/><D135/><U17/><E17/><V7/><F7/><W75/><G22/><T120/><D120/><U62/><E62/><N who="2" m="36127" /><F123/><W46/><G60/><T50/><D113/><U71/><E71/><V129/><F129/><RYUUKYOKU ba="0,1" sc="386,-10,128,30,243,-10,233,-10" hai1="20,26,29,37,38,52,59,63,73,79,80,92,100" /><INIT seed="4,1,1,4,3,57" ten="376,158,233,223" oya="0" hai0="124,41,48,60,84,121,108,71,38,27,131,94,9" hai1="2,135,30,95,64,106,10,65,21,0,5,97,55" hai2="103,39,17,99,45,50,68,129,14,62,31,66,15" hai3="125,132,104,116,44,54,40,34,102,130,32,96,29"/><T36/><D121/><U11/><E106/><V134/><F129/><W42/><G116/><T1/><D27/><U122/><E122/><V67/><F134/><W47/><G130/><T46/><D131/><U126/><E135/><V52/><F66/><W123/><G132/><T74/><D74/><U114/><E126/><V70/><F70/><W28/><G125/><T25/><D124/><U19/><E114/><V13/><F31/><W76/><G76/><T79/><D108/><U120/><E30/><V22/><REACH who="2" step="1"/><F39/><REACH who="2" ten="376,158,223,223" step="2"/><W100/><G123/><T16/><D38/><U82/><E120/><V72/><F72/><W110/><G28/><T26/><D36/><U49/><E65/><V73/><F73/><W101/><G29/><T4/><D71/><U119/><E64/><V6/><F6/><W107/><G34/><T111/><D111/><U117/><E117/><V75/><F75/><W63/><G32/><T105/><D4/><U51/><E119/><V133/><F133/><W59/><G110/><T69/><D69/><U88/><E82/><V23/><F23/><W12/><G107/><AGARI ba="1,2" hai="13,14,15,17,22,45,50,52,62,67,68,99,103,107" machi="107" ten="30,7700,0" yaku="1,1,7,1,52,1,54,1,53,0" doraHai="57" doraHaiUra="86" who="2" fromWho="3" sc="376,0,158,0,223,100,223,-80" /><INIT seed="5,0,0,1,4,109" ten="376,158,323,143" oya="1" hai0="44,83,103,79,118,15,88,55,7,81,129,64,130" hai1="74,106,54,112,127,32,23,89,42,115,113,25,16" hai2="77,123,107,126,20,101,24,94,119,78,11,100,87" hai3="36,68,46,52,41,9,19,13,132,99,38,0,86"/><U6/><E127/><V10/><F119/><W2/><G132/><T30/><D118/><U69/><E69/><V26/><F123/><W70/><G36/><T75/><D103/><N who="2" m="39498" /><F107/><W1/><G99/><T37/><D64/><U131/><E106/><V49/><F49/><W34/><G34/><T111/><D111/><U29/><E131/><N who="0" m="50185" /><D30/><U51/><E74/><V12/><F26/><W58/><REACH who="3" step="1"/><G86/><REACH who="3" ten="376,158,323,133" step="2"/><T39/><D39/><U84/><E6/><N who="2" m="3159" /><F126/><W71/><G71/><T114/><D37/><U48/><E42/><V57/><F11/><W90/><G90/><T108/><D88/><U120/><E120/><V5/><F5/><W117/><G117/><T22/><D7/><U133/><E133/><V63/><F87/><W93/><G93/><T116/><D116/><U85/><E85/><V128/><F94/><W59/><G59/><T134/><D134/><U40/><E40/><V28/><F128/><W21/><G21/><T43/><D43/><U66/><E66/><AGARI ba="0,1" hai="20,24,28,57,63,66,77,78" m="3159,39498" machi="66" ten="30,1000,0" yaku="8,1" doraHai="109" who="2" fromWho="1" sc="376,0,158,-10,323,20,133,0" /><INIT seed="6,0,0,0,4,96" ten="376,148,343,133" oya="2" hai0="50,69,118,77,41,21,94,103,123,2,135,27,100" hai1="8,133,52,63,17,88,53,108,126,30,33,60,70" hai2="49,119,11,112,131,55,29,81,93,28,116,13,38" hai3="67,111,65,46,34,18,106,68,99,4,86,95,104"/><V39/><F112/><W79/><G111/><T42/><D123/><U124/><E108/><V129/><F93/><W15/><G34/><T56/><D69/><U22/><E33/><V20/><F81/><W25/><G4/><T134/><D2/><U72/><E72/><V90/><F90/><W83/><G25/><T47/><D77/><U105/><E105/><V62/><F62/><N who="1" m="23593" /><E70/><V71/><F71/><W58/><G68/><T89/><D118/><U1/><E30/><V98/><F98/><W35/><G35/><T109/><D109/><U85/><E8/><V23/><F49/><W132/><G132/><N who="0" m="50731" /><D56/><U76/><E1/><V91/><F91/><W9/><G58/><T128/><D128/><U6/><E6/><V51/><F51/><W16/><G46/><T78/><D42/><U64/><E64/><V0/><F0/><W75/><G18/><N who="0" m="12727" /><D78/><U26/><E76/><V3/><F3/><W40/><G40/><T107/><D107/><U84/><E84/><AGARI ba="0,0" hai="41,47,50,84,89,94,100,103" m="12727,50731" machi="84" ten="30,3900,0" yaku="20,1,52,2" doraHai="96" who="0" fromWho="1" sc="376,39,148,-39,343,0,133,0" /><INIT seed="7,0,0,4,2,8" ten="415,109,343,133" oya="3" hai0="2,22,120,72,64,30,3,100,134,130,6,123,1" hai1="78,96,127,82,37,56,133,34,16,114,109,32,84" hai2="121,89,7,62,18,43,33,39,58,63,12,124,108" hai3="77,86,128,122,85,54,98,99,117,38,46,83,10"/><W42/><G117/><T75/><D100/><U44/><E109/><V93/><F33/><W5/><G122/><T24/><D134/><U131/><E133/><V23/><F108/><W21/><G128/><T125/><D130/><U45/><E131/><V101/><F121/><N who="0" m="46666" /><D64/><U76/><E114/><V90/><F124/><W65/><G65/><T60/><D60/><U126/><E78/><V51/><F39/><W50/><G21/><T102/><D102/><U20/><E96/><V15/><F101/><W48/><G86/><T94/><D94/><U41/><E45/><V73/><F73/><W19/><G19/><T52/><D52/><U47/><E47/><V28/><F28/><W57/><REACH who="3" step="1"/><G38/><REACH who="3" ten="415,109,343,123" step="2"/><T113/><D75/><U74/><E74/><V53/><F43/><W4/><G4/><T71/><D72/><U110/><E110/><V13/><F7/><W14/><AGARI ba="0,1" hai="5,10,14,42,46,48,50,54,57,77,83,85,98,99" machi="14" ten="20,18000,2" yaku="1,1,0,1,7,1,25,2,8,1,52,1,53,0" doraHai="8" doraHaiUra="107" who="3" fromWho="3" sc="415,-60,109,-60,343,-60,123,190" /><INIT seed="7,1,0,5,1,107" ten="355,49,283,313" oya="3" hai0="63,37,45,101,102,104,69,17,125,49,109,71,2" hai1="30,80,12,124,40,23,9,10,58,93,100,66,105" hai2="98,133,116,50,113,130,48,35,128,67,117,95,14" hai3="56,120,8,42,118,111,85,39,106,110,79,64,15"/><W91/><G118/><N who="2" m="45673" /><F35/><W55/><G120/><T86/><D37/><U4/><E105/><V82/><F14/><W129/><G106/><T75/><D75/><U81/><E124/><V34/><F34/><W88/><G129/><N who="2" m="49769" /><F67/><W1/><G1/><T92/><D104/><U41/><E41/><V132/><F113/><W78/><G64/><T26/><D2/><U103/><E40/><V114/><F114/><W24/><G91/><T121/><D125/><U68/><E68/><V99/><F82/><N who="3" m="49207" /><G42/><T72/><D121/><U134/><E134/><N who="2" m="51819" /><F95/><W76/><G39/><T27/><D92/><U87/><E87/><V108/><F108/><N who="3" m="41515" /><G24/><T126/><D27/><U54/><E100/><V83/><F83/><W61/><G78/><T16/><D26/><U7/><E30/><V0/><F0/><W57/><G57/><T29/><D109/><U77/><E66/><V90/><F90/><W52/><G55/><T119/><D119/><U3/><E77/><V53/><F53/><W25/><G25/><T51/><D71/><U94/><E103/><V123/><F123/><W36/><G36/><T70/><D70/><U46/><E46/><V127/><F127/><W60/><G60/><T122/><D63/><U65/><E65/><V43/><F43/><W5/><AGARI ba="1,0" hai="5,8,15,52,56,61,76,79" m="41515,49207" machi="5" ten="30,6000,0" yaku="10,1,54,2" doraHai="107" who="3" fromWho="3" sc="355,-21,49,-21,283,-21,313,63" owari="334,13.0,28,-47.0,262,-14.0,376,48.0" /></mjloggm>