<mjloggm ver="2.3"><GO type="97" lobby="0"/><UN n0="%E5%89%8D%E7%94%B0%E5%B9%B8%E5%A4%A7" n1="%E4%B9%B1%E9%A2%A8" n2="%63%75%72%72%61%6E%74" n3="%E5%B0%B1%E6%B4%BB%E7%94%9F%40%E5%B7%9D%E6%9D%91%E8%BB%8D%E5%9B%A3" dan="14,15,13,14" rate="1994.04,2014.09,1870.02,1976.28" sx="M,M,M,M"/><TAIKYOKU oya="0"/><INIT seed="0,0,0,5,4,118" ten="250,250,250,250" oya="0" hai0="106,16,85,76,51,70,68,102,94,2,126,8,105" hai1="46,107,21,93,50,43,24,99,26,111,30,28,35" hai2="60,121,135,115,23,42,77,92,130,61,56,41,64" hai3="134,7,54,87,119,128,29,65,31,53,17,66,72"/><T49/><D126/><U91/><REACH who="1" step="1"/><E107/><REACH who="1" ten="250,240,250,250" step="2"/><V95/><F115/><W97/><G119/><T5/><D106/><U73/><E73/><V90/><F130/><W113/><G72/><T38/><D105/><U13/><E13/><V84/><F135/><W133/><G113/><T55/><D2/><U15/><E15/><V9/><F41/><W33/><G133/><T124/><D124/><U71/><E71/><V122/><F42/><W20/><G134/><T103/><D70/><U100/><E100/><V78/><F9/><W4/><G128/><T104/><D68/><U52/><E52/><V129/><F129/><W108/><G54/><T32/><D104/><U123/><E123/><V36/><F64/><W27/><G53/><T96/><D103/><U83/><E83/><V39/><F95/><W44/><G66/><T34/><D55/><U120/><E120/><V0/><F0/><W109/><G65/><T22/><D8/><U114/><E114/><V58/><F92/><W69/><G69/><T125/><D125/><U11/><E11/><V79/><F121/><W48/><G7/><T74/><D5/><U57/><E57/><V3/><F122/><W98/><G4/><T112/><D74/><U18/><E18/><V116/><F3/><W25/><G17/><T67/><D67/><U47/><E47/><V59/><F116/><W40/><REACH who="3" step="1"/><G87/><REACH who="3" ten="250,240,250,240" step="2"/><T86/><D86/><U37/><E37/><V127/><F39/><W110/><AGARI ba="0,2" hai="20,25,27,29,31,33,40,44,48,97,98,108,109,110" machi="110" ten="30,7900,0" yaku="1,1,2,1,0,1,14,1,53,0" doraHai="118" doraHaiUra="62" who="3" fromWho="3" sc="250,-39,240,-20,250,-20,240,99" /><INIT seed="1,0,0,2,1,42" ten="211,220,230,339" oya="1" hai0="76,41,115,40,58,32,20,78,30,114,8,72,124" hai1="104,68,82,28,46,133,131,19,51,25,123,108,116" hai2="94,126,96,71,130,57,0,83,45,75,6,129,132" hai3="26,112,84,122,14,102,65,29,99,119,34,100,80"/><U135/><E82/><V90/><F71/><W16/><G122/><T118/><D118/><U101/><E101/><V33/><F126/><W89/><G112/><T60/><D32/><U38/><E51/><V69/><F132/><W113/><G113/><T44/><D124/><U111/><E46/><V47/><F69/><W120/><G120/><T73/><D8/><U86/><E86/><V50/><F33/><W74/><G119/><T98/><D98/><U15/><E15/><V23/><F23/><W70/><G74/><T52/><D115/><U64/><E64/><V13/><F0/><W3/><G3/><T97/><D114/><U59/><E59/><V92/><F92/><W48/><G48/><N who="0" m="28679" /><D73/><U125/><E68/><V110/><F13/><W95/><G65/><N who="0" m="39063" /><D97/><U79/><E104/><V127/><F6/><W61/><G61/><T4/><D4/><U36/><E19/><V21/><F96/><W87/><G70/><T117/><D72/><U67/><E123/><V85/><F75/><W43/><G43/><N who="0" m="16459" /><D117/><U107/><E116/><V66/><F127/><W134/><G134/><T54/><D54/><U88/><E125/><V12/><F21/><W27/><G100/><T22/><D22/><U121/><E135/><V63/><F12/><W93/><G34/><T77/><D77/><U103/><E133/><V11/><F11/><N who="3" m="6239" /><G29/><T31/><D31/><U7/><E121/><V10/><F10/><W2/><G2/><T37/><D37/><U53/><E38/><V128/><F129/><W24/><G84/><T62/><D62/><U39/><E39/><V55/><F85/><RYUUKYOKU ba="0,0" sc="211,15,220,-15,230,-15,339,15" hai0="20,30,76,78" hai3="24,26,27,80,87,89,93,95,99,102" /><INIT seed="2,1,0,5,1,52" ten="226,205,215,354" oya="2" hai0="39,36,35,8,7,57,37,20,50,23,63,34,123" hai1="59,117,77,61,108,107,18,19,12,14,33,132,10" hai2="70,44,120,96,78,3,104,27,84,28,26,6,131" hai3="15,58,89,0,1,111,109,80,125,129,83,88,114"/><V122/><F131/><W102/><G125/><T60/><D123/><U21/><E107/><V47/><F70/><W82/><G129/><T126/><D126/><U46/><E117/><V51/><F3/><N who="3" m="1099" /><G102/><T127/><D127/><U75/><E33/><V110/><F6/><W116/><G116/><T69/><D50/><U43/><E132/><V48/><F110/><N who="3" m="41995" /><G114/><T101/><D101/><U65/><E108/><V49/><F104/><W67/><G15/><T81/><D81/><U62/><E75/><V105/><F105/><W121/><G121/><T99/><D99/><U74/><E74/><V97/><F120/><W103/><G103/><T31/><D35/><U134/><E134/><V68/><F68/><W79/><G79/><T56/><D69/><U115/><E115/><V98/><F122/><W130/><G130/><T9/><D34/><U93/><E77/><V38/><F38/><W2/><G2/><T118/><D118/><U92/><REACH who="1" step="1"/><E62/><AGARI ba="1,0" hai="58,62,67,80,82,83,88,89" m="41995,1099" machi="62" ten="40,5200,0" yaku="14,1,52,1,54,1" doraHai="52" who="3" fromWho="1" sc="226,0,205,-55,215,0,354,55" /><INIT seed="3,0,0,5,1,35" ten="226,150,215,409" oya="3" hai0="129,55,105,71,132,119,118,9,86,95,36,32,113" hai1="125,34,122,67,23,5,89,106,88,93,54,81,127" hai2="19,117,29,107,82,41,31,121,92,110,126,65,0" hai3="120,101,130,114,83,72,74,135,61,78,7,99,112"/><W91/><G61/><T24/><D36/><U42/><E34/><V115/><F107/><W90/><G7/><T45/><D105/><U44/><E106/><V28/><F115/><W124/><G124/><N who="1" m="47690" /><E67/><V47/><F117/><W59/><G59/><T98/><D71/><U18/><E54/><V108/><F126/><W48/><G48/><T128/><D86/><N who="1" m="50255" /><E5/><V51/><F121/><W80/><G120/><T56/><D45/><U133/><E122/><V16/><F65/><W25/><G25/><T10/><D113/><U104/><E104/><V64/><F64/><W75/><G130/><N who="0" m="50283" /><D132/><U38/><E89/><V73/><F0/><W85/><G135/><T100/><D119/><U87/><E87/><V27/><F92/><N who="3" m="58599" /><G90/><T116/><D116/><U109/><E93/><V17/><REACH who="2" step="1"/><F27/><REACH who="2" ten="226,150,205,409" step="2"/><W70/><G70/><T3/><D3/><U50/><E133/><V97/><F97/><W26/><G26/><T134/><D134/><U52/><E109/><V46/><F46/><W62/><G112/><T43/><D118/><U4/><E4/><V94/><F94/><W20/><G114/><T69/><D69/><U40/><E38/><V21/><F21/><W79/><G20/><T15/><D32/><U12/><AGARI ba="0,1" hai="12,18,23,40,42,44,50,52" m="50255,47690" machi="12" ten="30,4000,0" yaku="18,1,54,2" doraHai="35" who="1" fromWho="1" sc="226,-10,150,50,205,-10,409,-20" owari="216,2.0,200,-20.0,195,-30.0,389,48.0" /></mjloggm>