<mjloggm ver="2.3"><GO type="97" lobby="0"/><UN n0="%E5%B0%B1%E6%B4%BB%E7%94%9F%40%E5%B7%9D%E6%9D%91%E8%BB%8D%E5%9B%A3" n1="%E3%83%87%E3%83%9F%E3%81%95%E3%82%93" n2="%31%39%38%38%61%6B%65" n3="%E3%81%AE%E3%81%81" dan="15,14,13,15" rate="1982.49,1876.17,1917.67,2068.06" sx="M,F,F,M"/><TAIKYOKU oya="0"/><INIT seed="0,0,0,4,5,49" ten="250,250,250,250" oya="0" hai0="100,114,59,130,79,72,104,21,7,121,40,78,44" hai1="128,46,112,88,129,17,4,26,109,51,13,0,6" hai2="117,107,116,23,64,12,62,84,80,25,90,30,36" hai3="89,71,74,91,43,70,113,122,20,50,96,65,11"/><T81/><D114/><U38/><E38/><V15/><F107/><W118/><G118/><N who="2" m="45673" /><F36/><W95/><G113/><T115/><D115/><U69/><E69/><AGARI ba="0,0" hai="12,15,23,25,30,62,64,69,80,84,90" m="45673" machi="69" ten="30,1000,0" yaku="12,1" doraHai="49" who="2" fromWho="1" sc="250,0,250,-10,250,10,250,0" /><INIT seed="1,0,0,1,3,19" ten="250,240,260,250" oya="1" hai0="44,49,111,15,69,106,82,132,65,72,90,13,0" hai1="85,128,29,24,100,121,73,127,99,46,113,92,12" hai2="120,119,62,133,79,8,21,124,31,2,107,6,61" hai3="32,43,38,51,55,67,87,81,66,134,27,98,16"/><U35/><E121/><V101/><F120/><W3/><G3/><T89/><D0/><U1/><E1/><V37/><F119/><W25/><G134/><T20/><D106/><U68/><E68/><V47/><F133/><W80/><G38/><T108/><D132/><U28/><E73/><V135/><F135/><W123/><G43/><T54/><D69/><U18/><E113/><V42/><F124/><W116/><G32/><T78/><D65/><N who="3" m="24585" /><G116/><T48/><D48/><U117/><E117/><V41/><F41/><W122/><G98/><T4/><D15/><U64/><E64/><V58/><F101/><W75/><G75/><T14/><D13/><U130/><E29/><V112/><F107/><W76/><G123/><T83/><D83/><U91/><E46/><V93/><F93/><W23/><G122/><T63/><D63/><U114/><E114/><V126/><F126/><W118/><G81/><T94/><D90/><U60/><E60/><V30/><F62/><W34/><G34/><T105/><D105/><U102/><E127/><V26/><F79/><W10/><G10/><T39/><D39/><U59/><E59/><V53/><F112/><W71/><G71/><T86/><REACH who="0" step="1"/><D4/><REACH who="0" ten="240,240,260,250" step="2"/><U103/><REACH who="1" step="1"/><E99/><REACH who="1" ten="240,230,260,250" step="2"/><V9/><F2/><W45/><G118/><T11/><D11/><AGARI ba="0,2" hai="11,12,18,24,28,35,85,91,92,100,102,103,128,130" machi="11" ten="40,3900,0" yaku="1,1,2,1,53,0" doraHai="19" doraHaiUra="36" who="1" fromWho="0" sc="240,-39,230,59,260,0,250,0" /><INIT seed="1,1,0,0,3,126" ten="201,289,260,250" oya="1" hai0="14,28,65,131,121,62,96,63,100,93,57,73,82" hai1="11,32,52,78,127,48,24,104,117,122,50,59,37" hai2="61,115,107,13,95,94,124,31,9,43,3,98,20" hai3="84,75,70,114,106,72,88,54,92,97,125,29,19"/><U101/><E37/><V16/><F124/><W103/><G70/><T49/><D121/><U120/><E127/><V85/><F115/><W7/><G7/><T133/><D133/><U83/><E117/><V118/><F118/><W42/><G42/><T10/><D28/><U38/><E38/><V15/><F3/><W56/><G125/><T55/><D131/><U8/><E104/><V102/><F43/><W30/><G114/><T90/><D65/><U21/><E32/><V135/><F135/><W91/><G91/><T108/><D108/><U79/><E101/><V1/><F1/><W134/><G134/><T18/><REACH who="0" step="1"/><D73/><REACH who="0" ten="191,289,260,250" step="2"/><U76/><E122/><V99/><F31/><W110/><G110/><T26/><D26/><U40/><E120/><V130/><F130/><W51/><G75/><T71/><D71/><U53/><E24/><V116/><F116/><W129/><G72/><T77/><D77/><U119/><E119/><V80/><F107/><W34/><G129/><T27/><D27/><U87/><E78/><V5/><F61/><W105/><G105/><T23/><D23/><U35/><E21/><V89/><F102/><W66/><G34/><T58/><D58/><U113/><E35/><V123/><F123/><W86/><G66/><T60/><D60/><U12/><E79/><V67/><F67/><W44/><G56/><T39/><D39/><U64/><E64/><V4/><F4/><W41/><G30/><T68/><D68/><U25/><E113/><V0/><F0/><W132/><G29/><T17/><D17/><U33/><E25/><V45/><F45/><RYUUKYOKU ba="1,1" sc="191,15,289,-15,260,15,250,-15" hai0="10,14,18,49,55,57,62,63,82,90,93,96,100" hai2="5,9,13,15,16,20,80,85,89,94,95,98,99" /><INIT seed="2,2,1,3,3,32" ten="206,274,275,235" oya="2" hai0="129,123,88,58,37,12,73,15,1,46,2,132,57" hai1="50,82,61,51,34,118,0,38,14,7,33,91,111" hai2="119,85,125,116,23,115,83,102,60,66,3,25,93" hai3="78,126,55,117,8,56,16,131,71,65,134,103,63"/><V110/><F115/><W104/><G117/><T29/><D73/><U113/><E38/><V92/><F125/><W13/><G126/><T11/><D123/><U114/><E118/><V9/><F110/><W112/><G112/><T94/><D29/><U22/><E111/><V39/><F39/><W17/><G134/><T36/><D132/><U121/><E121/><V21/><F21/><W96/><G131/><T124/><D124/><U127/><E127/><V47/><F47/><W59/><G78/><T86/><D129/><U27/><E0/><V24/><F24/><W49/><REACH who="3" step="1"/><G17/><REACH who="3" ten="206,274,275,225" step="2"/><T6/><D36/><U43/><E113/><V98/><F119/><W42/><G42/><T20/><D37/><U97/><E43/><V52/><F116/><W84/><G84/><T45/><D45/><AGARI ba="2,2" hai="8,13,16,45,49,55,56,59,63,65,71,96,103,104" machi="45" ten="30,7700,0" yaku="1,1,7,1,54,1,53,1" doraHai="32" doraHaiUra="100" who="3" fromWho="0" sc="206,-83,274,0,275,0,225,103" /><INIT seed="3,0,0,0,0,84" ten="123,274,275,328" oya="3" hai0="29,76,104,34,8,31,27,125,62,48,79,78,112" hai1="21,85,87,83,26,103,91,33,70,133,77,124,123" hai2="15,120,68,80,100,46,38,135,109,14,11,130,98" hai3="96,45,131,101,16,106,3,127,82,9,55,81,24"/><W90/><G127/><T107/><D112/><U121/><E70/><V10/><F120/><W35/><G131/><T7/><D125/><U66/><E33/><V40/><F68/><W51/><G3/><T89/><D31/><U36/><E36/><V47/><F130/><W5/><G5/><T50/><D62/><U28/><E66/><V110/><F135/><W71/><G71/><T39/><D39/><U94/><E124/><V72/><F47/><W117/><G117/><T95/><D107/><U115/><E133/><V53/><F53/><W13/><G90/><T37/><D37/><U18/><E115/><V108/><F72/><W73/><G73/><T43/><D104/><U74/><E28/><V64/><F80/><W119/><G119/><T97/><D43/><U132/><E132/><V19/><F64/><W49/><G49/><T93/><D8/><U17/><E17/><V4/><F98/><W60/><G60/><T69/><D7/><U41/><E41/><V114/><F100/><W58/><G58/><T86/><REACH who="0" step="1"/><D69/><REACH who="0" ten="113,274,275,328" step="2"/><U42/><E42/><V134/><F134/><W88/><G35/><T54/><D54/><U6/><E6/><V102/><F102/><W128/><G128/><T0/><D0/><U67/><E67/><V44/><F114/><W30/><G30/><T111/><D111/><U23/><E103/><V122/><F122/><W126/><G126/><T57/><D57/><U20/><E123/><V59/><F59/><W61/><G61/><T22/><D22/><U118/><E121/><V1/><F1/><W32/><G55/><T116/><D116/><RYUUKYOKU ba="0,1" sc="113,15,274,-15,275,15,328,-15" hai0="27,29,34,48,50,76,78,79,86,89,93,95,97" hai2="4,10,11,14,15,19,38,40,44,46,108,109,110" owari="128,-37.0,259,-14.0,290,9.0,323,42.0" /></mjloggm>