<mjloggm ver="2.3"><GO type="41" lobby="0"/><UN n0="%41%55%47%55%52%49" n1="%E5%B0%B1%E6%B4%BB%E7%94%9F%40%E5%B7%9D%E6%9D%91%E8%BB%8D%E5%9B%A3" n2="%E5%A4%A7%E6%A5%A0%E5%85%AC" n3="%E3%81%8D%E3%81%BC%E3%82%93" dan="14,14,15,13" rate="1879.27,1957.35,2007.06,1898.20" sx="M,M,M,M"/><TAIKYOKU oya="0"/><INIT seed="0,0,0,3,0,124" ten="250,250,250,250" oya="0" hai0="77,84,56,50,71,32,118,4,11,99,2,5,8" hai1="125,135,91,82,66,115,60,116,120,22,122,13,53" hai2="39,109,131,47,134,95,106,76,123,79,38,43,75" hai3="129,31,117,42,19,28,104,114,93,103,64,89,128"/><T58/><D118/><U96/><E125/><V29/><F29/><W130/><G117/><T133/><D32/><U27/><E116/><V15/><F15/><W36/><G114/><T3/><D71/><U112/><E135/><V132/><F95/><W10/><G64/><T24/><D133/><U98/><E13/><V35/><F47/><N who="3" m="24007" /><G103/><T25/><D99/><U101/><E96/><V74/><F43/><W73/><G73/><T111/><D111/><U92/><E82/><V14/><F14/><N who="3" m="7639" /><G104/><T121/><D121/><U62/><E62/><V54/><F54/><W20/><G20/><T46/><D77/><U18/><E101/><V100/><F100/><W88/><G89/><T61/><D84/><AGARI ba="0,0" hai="28,31,84,88,93,128,129,130" m="7639,24007" machi="84" ten="30,8000,1" yaku="19,1,52,3,54,1" doraHai="124" who="3" fromWho="0" sc="250,-80,250,0,250,0,250,80" /><INIT seed="1,0,0,3,5,135" ten="170,250,250,330" oya="1" hai0="94,4,29,28,101,87,61,17,32,90,19,3,91" hai1="93,60,131,108,122,113,30,52,74,81,109,134,84" hai2="79,12,46,0,124,49,99,16,2,58,127,65,23" hai3="45,22,80,69,106,26,112,120,20,111,41,104,18"/><U102/><E122/><V117/><F117/><W24/><G120/><T72/><D72/><U39/><E39/><V62/><F79/><W105/><G69/><T82/><D101/><U43/><E43/><V75/><F75/><W126/><G112/><T133/><D133/><U31/><E113/><V34/><F34/><W119/><G119/><T40/><D40/><U78/><E134/><V114/><F99/><W118/><G118/><T100/><D100/><U59/><E131/><V27/><F114/><W107/><G111/><N who="1" m="42570" /><E102/><V95/><F95/><W103/><G103/><T85/><D32/><U77/><E77/><V37/><F37/><W73/><G80/><T96/><D96/><U132/><E132/><V86/><F86/><W51/><G73/><T11/><REACH who="0" step="1"/><D61/><REACH who="0" ten="160,250,250,330" step="2"/><U121/><E121/><V130/><F130/><W88/><N who="3" m="27136" /><DORA hai="7" /><W56/><G56/><T64/><D64/><U110/><E110/><V8/><F0/><W1/><G1/><T63/><D63/><U128/><E128/><V68/><F2/><W48/><G48/><T70/><D70/><U6/><E74/><V25/><F68/><W97/><G97/><T53/><D53/><U115/><E115/><V35/><F35/><W10/><G41/><T125/><D125/><N who="2" m="48202" /><F49/><W66/><G51/><T55/><D55/><U116/><E116/><V83/><F46/><W15/><G45/><T33/><D33/><U71/><E71/><V36/><F36/><W47/><G47/><T67/><D67/><U98/><E60/><V129/><F129/><W38/><G126/><T123/><D123/><U42/><E42/><RYUUKYOKU ba="0,1" sc="160,30,250,-10,250,-10,330,-10" hai0="3,4,11,17,19,28,29,82,85,87,90,91,94" /><INIT seed="2,1,1,0,4,100" ten="190,240,240,320" oya="2" hai0="17,107,38,120,52,96,122,85,3,131,63,119,16" hai1="71,130,80,15,40,34,76,86,28,116,9,27,69" hai2="121,95,46,5,132,65,112,123,20,57,68,31,4" hai3="60,111,44,37,117,30,45,127,18,78,43,134,106"/><V88/><F68/><W29/><G117/><T24/><D119/><U128/><E116/><V25/><F112/><W58/><G134/><T0/><D38/><U50/><E40/><V32/><F132/><W79/><G45/><T6/><D131/><N who="1" m="50219" /><E50/><V61/><F32/><W26/><G106/><T126/><D126/><U110/><E110/><V97/><REACH who="2" step="1"/><F46/><REACH who="2" ten="190,240,230,320" step="2"/><W74/><G127/><T105/><D122/><AGARI ba="1,2" hai="4,5,20,25,31,57,61,65,88,95,97,121,122,123" machi="122" ten="40,12000,1" yaku="1,1,2,1,54,1,53,1" doraHai="100" doraHaiUra="93" who="2" fromWho="0" sc="190,-123,240,0,230,143,320,0" /><INIT seed="2,2,0,0,1,99" ten="67,240,373,320" oya="2" hai0="85,65,81,74,25,132,123,13,78,88,77,131,128" hai1="107,102,125,8,114,35,84,5,16,36,44,47,12" hai2="28,122,21,96,14,108,94,37,103,23,51,116,71" hai3="82,6,115,57,98,17,4,121,29,10,1,126,39"/><V70/><F37/><W92/><G121/><T33/><D123/><U97/><E114/><V100/><F122/><W69/><G69/><T60/><D132/><U56/><E35/><V109/><F116/><W113/><G39/><T50/><D50/><U62/><E125/><V52/><F103/><W87/><G29/><T79/><D13/><U46/><E84/><V134/><F134/><W61/><G126/><T67/><D74/><U118/><E118/><V26/><F14/><W86/><G17/><T49/><D49/><U130/><E130/><N who="0" m="49705" /><D60/><U53/><REACH who="1" step="1"/><E5/><REACH who="1" ten="67,230,373,320" step="2"/><V41/><F21/><W104/><G4/><T24/><D33/><U117/><E117/><V19/><F41/><AGARI ba="2,1" hai="8,12,16,36,41,44,46,47,53,56,62,97,102,107" machi="41" ten="40,5200,0" yaku="1,1,52,1,54,1,53,0" doraHai="99" doraHaiUra="119" who="1" fromWho="2" sc="67,0,230,68,373,-58,320,0" /><INIT seed="3,0,0,2,0,27" ten="67,298,315,320" oya="3" hai0="43,11,103,31,9,101,134,17,55,80,124,95,58" hai1="102,114,64,42,111,1,33,117,4,120,93,98,57" hai2="105,51,94,73,97,47,90,52,122,116,133,109,14" hai3="81,85,86,35,59,96,23,123,107,10,131,26,79"/><W121/><G35/><T13/><D134/><U16/><E120/><V46/><F116/><W130/><G10/><T61/><D124/><U78/><E114/><V99/><F73/><W37/><G37/><T0/><D43/><U22/><E33/><V32/><F122/><N who="3" m="46603" /><G59/><T49/><D80/><U18/><E117/><V87/><F133/><W77/><G23/><T83/><D83/><U25/><E111/><V44/><F32/><W8/><G8/><N who="0" m="6311" /><D0/><U30/><E78/><N who="3" m="29706" /><G26/><T119/><D119/><U115/><E115/><V92/><F109/><W66/><G66/><T12/><D11/><N who="1" m="2447" /><E42/><V75/><F75/><W21/><G21/><T76/><D76/><U53/><E53/><V110/><F110/><W82/><G82/><T108/><D108/><U135/><E135/><V104/><F14/><W29/><G29/><T72/><D72/><U89/><E89/><V118/><F118/><W84/><G81/><T41/><D31/><U63/><AGARI ba="0,0" hai="16,18,22,25,30,57,63,64,93,98,102" m="2447" machi="63" ten="30,4000,0" yaku="25,1,52,1,54,1" doraHai="27" who="1" fromWho="1" sc="67,-10,298,40,315,-10,320,-20" /><INIT seed="4,0,0,2,4,32" ten="57,338,305,300" oya="0" hai0="79,114,109,76,59,122,4,42,87,8,18,121,60" hai1="67,61,103,36,116,98,69,123,0,68,25,90,24" hai2="6,56,19,17,41,71,27,30,2,127,52,46,118" hai3="131,102,115,99,74,82,77,28,37,133,75,53,120"/><T55/><D114/><U57/><E123/><V125/><F71/><W129/><G120/><T91/><D109/><U96/><E116/><V112/><F118/><W128/><G115/><T40/><D121/><U89/><E36/><V117/><F117/><W83/><G37/><T9/><D122/><U107/><E0/><V38/><F112/><W31/><G53/><T106/><D106/><U26/><E98/><V124/><F6/><W110/><G110/><T3/><D79/><U78/><E78/><V15/><F2/><W45/><G45/><T12/><REACH who="0" step="1"/><D76/><REACH who="0" ten="47,338,305,300" step="2"/><U65/><E69/><V11/><F127/><W81/><G77/><T21/><D21/><U47/><E68/><V97/><F125/><W130/><G130/><T22/><D22/><U86/><E107/><V100/><F124/><W73/><G133/><T95/><AGARI ba="0,1" hai="3,4,8,9,12,18,40,42,55,59,60,87,91,95" machi="95" ten="20,7800,0" yaku="1,1,0,1,7,1,52,1,53,0" doraHai="32" doraHaiUra="108" who="0" fromWho="0" sc="47,88,338,-26,305,-26,300,-26" /><INIT seed="4,1,0,1,3,77" ten="135,312,279,274" oya="0" hai0="73,43,9,16,21,106,59,105,111,134,97,112,26" hai1="126,4,51,127,28,6,120,118,100,52,29,70,90" hai2="84,125,57,78,15,60,18,75,39,12,40,49,103" hai3="25,94,86,19,122,110,71,121,99,13,1,130,54"/><T114/><D73/><U85/><E120/><V80/><F125/><N who="1" m="47625" /><E70/><V11/><F39/><W0/><G110/><T56/><D111/><U101/><E118/><V64/><F75/><W98/><G71/><T61/><D134/><U30/><E101/><V48/><F40/><W38/><G38/><T89/><D43/><U7/><E100/><V23/><REACH who="2" step="1"/><F103/><REACH who="2" ten="135,312,269,274" step="2"/><W69/><G122/><T55/><D112/><U67/><E67/><V47/><F47/><W102/><G121/><T37/><D37/><U34/><E34/><V50/><F50/><W35/><G35/><T88/><D114/><U81/><E30/><V115/><F115/><W31/><G31/><T129/><D129/><U87/><E87/><V135/><F135/><W3/><G86/><T36/><D36/><U124/><E124/><V83/><F83/><W8/><G130/><T20/><D9/><U27/><E27/><V58/><F58/><AGARI ba="1,1" hai="4,6,7,28,29,51,52,58,81,85,90" m="47625" machi="58" ten="30,3900,0" yaku="18,1,52,1,54,1" doraHai="77" who="1" fromWho="2" sc="135,0,312,52,269,-42,274,0" /><INIT seed="5,0,0,4,4,54" ten="135,364,227,274" oya="1" hai0="12,72,130,34,74,110,124,10,123,113,26,23,106" hai1="68,104,30,37,133,99,94,17,108,21,135,2,63" hai2="48,116,125,78,88,62,117,53,51,43,58,5,105" hai3="52,40,90,131,121,89,134,75,120,64,67,50,87"/><U15/><E37/><V28/><F105/><W77/><G75/><T0/><RYUUKYOKU type="yao9" ba="0,0" sc="135,0,364,0,227,0,274,0" hai0="0,10,12,23,26,34,72,74,106,110,113,123,124,130" /><INIT seed="5,1,0,3,0,18" ten="135,364,227,274" oya="1" hai0="14,109,50,134,22,87,61,26,65,4,44,92,57" hai1="19,20,93,55,31,15,125,111,28,90,85,48,129" hai2="79,63,116,113,132,42,67,80,40,135,8,62,133" hai3="98,6,105,9,30,51,47,21,69,76,107,104,74"/><U106/><E106/><V5/><F116/><W53/><G69/><T118/><D118/><U10/><E111/><V17/><F113/><W1/><G74/><T60/><D134/><U96/><E125/><V91/><F91/><W86/><G76/><T35/><D35/><U119/><E119/><V130/><F130/><W112/><G112/><T32/><D32/><U88/><E129/><V43/><F17/><W73/><G73/><T75/><D75/><U0/><E0/><V52/><F52/><W123/><G123/><T13/><D109/><U12/><E12/><V49/><F49/><W108/><G108/><T70/><D4/><U115/><E10/><V68/><F62/><W99/><REACH who="3" step="1"/><G86/><REACH who="3" ten="135,364,227,264" step="2"/><T66/><D87/><U45/><E115/><V97/><F97/><W131/><G131/><T2/><D2/><U128/><E128/><V71/><F71/><W16/><BYE who="2" /><G16/><T117/><D117/><U102/><E102/><V82/><F82/><AGARI ba="1,1" hai="15,19,20,28,31,45,48,55,82,85,88,90,93,96" machi="82" ten="30,11600,0" yaku="7,1,8,1,52,1,54,1" doraHai="18" who="1" fromWho="2" sc="135,0,364,129,227,-119,264,0" /><INIT seed="5,2,0,4,4,100" ten="135,493,108,264" oya="1" hai0="103,112,0,113,128,134,119,96,107,70,118,2,53" hai1="68,52,126,6,28,26,9,69,89,78,12,43,116" hai2="110,29,27,17,120,95,81,111,34,54,97,48,42" hai3="3,45,74,76,15,21,13,127,31,4,79,93,105"/><U38/><E116/><N who="0" m="44585" /><D53/><U94/><E126/><V115/><F115/><N who="0" m="44106" /><D134/><U10/><E78/><V19/><F19/><W32/><G127/><T83/><D83/><U11/><E68/><V80/><F80/><W18/><G15/><T133/><D133/><U30/><E69/><V125/><F125/><W71/><G71/><T65/><D128/><U124/><E124/><V64/><F64/><W56/><G56/><T109/><D109/><U39/><E39/><V117/><F117/><W86/><G105/><T63/><AGARI ba="2,0" hai="0,2,63,65,70,96,103,107" m="44106,44585" machi="63" ten="40,5200,0" yaku="15,1,23,1,52,1" doraHai="100" who="0" fromWho="0" sc="135,58,493,-28,108,-15,264,-15" /><INIT seed="6,0,0,5,3,73" ten="193,465,93,249" oya="2" hai0="110,41,63,48,122,62,57,13,126,36,44,64,35" hai1="17,104,130,128,117,40,124,78,123,45,111,32,68" hai2="133,97,56,30,8,4,9,74,115,84,49,94,54" hai3="100,86,70,116,0,102,101,52,38,5,87,80,24"/><V103/><F103/><W66/><G116/><T89/><D35/><U15/><E117/><V21/><F21/><W14/><G38/><T25/><D25/><U34/><E104/><V12/><F12/><W67/><G0/><T65/><D13/><U2/><E2/><V1/><F1/><W92/><G70/><T106/><D106/><U127/><E68/><V85/><F85/><W76/><G24/><T96/><D89/><U135/><E78/><V121/><F121/><W83/><G92/><T50/><D96/><U23/><E111/><V72/><F72/><W18/><G5/><T93/><D93/><U47/><E123/><V132/><F132/><W59/><G18/><T11/><D11/><U33/><E135/><V105/><F105/><W120/><G14/><T114/><D114/><U10/><E10/><V3/><F3/><W51/><REACH who="3" step="1"/><G120/><REACH who="3" ten="193,465,93,239" step="2"/><T42/><D122/><U109/><E109/><V71/><F71/><W43/><G43/><N who="0" m="22631" /><D110/><UN n2="%E5%A4%A7%E6%A5%A0%E5%85%AC" /><U112/><E112/><V77/><F74/><W134/><G134/><T19/><D19/><U91/><E40/><N who="0" m="15465" /><D126/><N who="1" m="48171" /><E34/><V95/><F133/><W31/><G31/><T113/><D113/><U53/><E33/><V60/><F115/><W118/><G118/><T99/><D99/><U107/><E32/><V22/><F30/><W75/><G75/><T20/><D20/><U125/><E107/><V16/><F22/><W131/><G131/><T58/><AGARI ba="0,1" hai="48,50,57,58,62,63,64,65" m="15465,22631" machi="58" ten="30,8000,1" yaku="35,5" doraHai="73" who="0" fromWho="0" sc="193,90,465,-20,93,-40,239,-20" /><INIT seed="7,0,0,1,0,95" ten="283,445,53,219" oya="3" hai0="122,21,31,45,101,6,84,42,78,85,48,23,128" hai1="135,124,86,52,72,134,56,3,119,35,117,55,49" hai2="67,64,34,46,73,79,111,50,13,16,15,133,61" hai3="102,4,68,26,43,54,131,104,77,53,91,113,66"/><W62/><G113/><T30/><D122/><U120/><E72/><V1/><F1/><W82/><G43/><T12/><D128/><U105/><E120/><V20/><F34/><W9/><G131/><T87/><D101/><U81/><E35/><V123/><F111/><W47/><G47/><T98/><D98/><U80/><E3/><V25/><F133/><N who="1" m="50697" /><E124/><V71/><F123/><W132/><G132/><T110/><D110/><U70/><E70/><V127/><F127/><W69/><G69/><T41/><D78/><N who="1" m="46359" /><E105/><V2/><F2/><W116/><G116/><T109/><D109/><U89/><E55/><V14/><F67/><W129/><G91/><T19/><D42/><U96/><E81/><V92/><F73/><N who="3" m="43311" /><G129/><T106/><D106/><U121/><E121/><V114/><F114/><W112/><G112/><T51/><D48/><U90/><E90/><V118/><F118/><W74/><G74/><T83/><D83/><U103/><E103/><V100/><F79/><W11/><G26/><N who="0" m="16735" /><D31/><U5/><E5/><AGARI ba="0,0" hai="5,6,12,19,21,41,45,51,84,85,87" m="16735" machi="5" ten="30,1000,0" yaku="8,1" doraHai="95" who="0" fromWho="1" sc="283,10,445,-10,53,0,219,0" owari="293,9.0,435,54.0,53,-45.0,219,-18.0" /></mjloggm>