<mjloggm ver="2.3"><GO type="169" lobby="0"/><UN n0="%E3%83%AA%E3%83%81%E3%83%A3%21%21" n1="%E3%83%AD%E3%83%B3%E3%81%A1%E3%82%83%E3%82%93%E5%90%9B%E6%B4%A5%E5%BA%97" n2="%E5%B0%B1%E6%B4%BB%E7%94%9F%40%E5%B7%9D%E6%9D%91%E8%BB%8D%E5%9B%A3" n3="%E3%83%9E%E3%83%84%E3%82%B6%E3%82%AD" dan="16,16,16,17" rate="2100.00,2135.14,2135.40,2139.76" sx="M,M,M,M"/><TAIKYOKU oya="0"/><INIT seed="0,0,0,2,0,128" ten="250,250,250,250" oya="0" hai0="121,95,78,21,84,94,25,39,33,123,41,14,20" hai1="13,91,0,62,45,53,71,130,15,24,50,1,76" hai2="109,119,48,132,92,102,65,52,96,36,60,83,37" hai3="99,116,3,88,89,112,27,55,75,68,28,30,82"/><T124/><D124/><U35/><E130/><V64/><F109/><W12/><G112/><T4/><D33/><U127/><E127/><V5/><F119/><W129/><G129/><T17/><D95/><U66/><E76/><V49/><F5/><W63/><G3/><T26/><D26/><U73/><E73/><V120/><F120/><W101/><G116/><T38/><D38/><U80/><E35/><V70/><F65/><N who="3" m="41023" /><G12/><T97/><D41/><U133/><E24/><V103/><F103/><W107/><G55/><T10/><D39/><U23/><E133/><V113/><F132/><W86/><G30/><T51/><D51/><U22/><E22/><V16/><F49/><W47/><G47/><T2/><D84/><U90/><E13/><V32/><F32/><N who="3" m="20511" /><G75/><T44/><D44/><U135/><E135/><V93/><F93/><W126/><G126/><T118/><D78/><AGARI ba="0,0" hai="78,82,86,88,89,99,101,107" m="20511,41023" machi="78" ten="30,2000,0" yaku="25,1,54,1" doraHai="128" who="3" fromWho="0" sc="250,-20,250,0,250,0,250,20" /><INIT seed="1,0,0,1,0,7" ten="230,250,250,270" oya="1" hai0="48,109,129,81,94,14,119,122,37,62,84,82,35" hai1="124,130,13,41,97,125,3,98,2,135,45,74,96" hai2="68,72,38,101,76,67,26,73,40,115,5,10,120" hai3="54,42,106,116,56,23,11,6,80,91,86,34,64"/><U47/><E74/><V57/><F120/><W100/><G34/><T134/><D122/><U133/><E13/><V50/><F115/><W104/><G116/><T87/><D119/><U107/><E107/><V79/><F101/><W103/><G64/><T126/><D37/><U128/><E41/><V53/><F26/><W27/><G42/><T112/><D112/><U75/><E75/><V12/><F76/><W32/><G32/><T127/><D35/><U0/><E47/><N who="2" m="23959" /><F79/><W99/><G106/><T58/><D109/><U15/><E15/><V65/><F65/><W85/><G85/><T63/><D129/><N who="1" m="49771" /><E45/><V95/><F95/><W121/><G121/><T51/><D134/><AGARI ba="0,0" hai="0,2,3,96,97,98,124,125,133,134,135" m="49771" machi="134" ten="50,18000,2" yaku="30,2,28,2,20,1,19,1" doraHai="7" who="1" fromWho="0" sc="230,-180,250,180,250,0,270,0" /><INIT seed="1,1,0,5,2,115" ten="50,430,250,270" oya="1" hai0="9,52,112,128,63,15,94,124,113,1,58,91,120" hai1="27,11,72,39,62,30,103,105,28,133,131,55,82" hai2="7,77,97,118,56,61,98,88,81,93,60,122,125" hai3="38,76,68,18,86,29,5,4,51,121,57,75,6"/><U78/><E131/><V69/><F122/><W104/><G121/><T43/><D120/><U16/><E39/><V12/><F125/><W127/><G68/><T47/><D124/><U87/><E133/><V90/><F69/><W10/><G38/><T123/><D1/><U65/><E55/><V31/><F31/><W126/><G104/><T13/><D128/><U59/><E72/><V23/><F118/><W85/><G75/><T46/><D123/><U49/><E49/><V80/><F61/><W22/><G29/><T17/><D15/><U89/><E78/><V70/><F70/><W41/><G10/><T74/><D74/><U26/><E26/><V117/><F117/><W2/><G2/><T40/><D46/><U109/><E109/><V14/><F7/><W71/><G71/><T21/><D9/><U79/><E79/><V129/><F129/><W116/><G116/><T95/><D40/><U66/><E66/><V32/><F32/><W102/><G102/><T119/><D119/><U42/><E42/><V114/><F114/><W101/><G101/><T50/><REACH who="0" step="1"/><D95/><REACH who="0" ten="40,430,250,270" step="2"/><U99/><E11/><V64/><F14/><N who="3" m="9559" /><G127/><T92/><D92/><U0/><E0/><V37/><F37/><W48/><G126/><T35/><D35/><U110/><E110/><V106/><F106/><W96/><G41/><T130/><D130/><U44/><E44/><V67/><F12/><W33/><G33/><T132/><D132/><U135/><E135/><V34/><F34/><W25/><G25/><T19/><D19/><U107/><E107/><V111/><F111/><W8/><G8/><RYUUKYOKU ba="1,1" sc="40,15,430,15,250,-15,270,-15" hai0="13,17,21,43,47,50,52,58,63,91,94,112,113" hai1="16,27,28,30,59,62,65,82,87,89,99,103,105" /><INIT seed="1,2,1,3,5,8" ten="55,445,235,255" oya="1" hai0="35,4,36,53,70,48,120,31,26,125,57,45,17" hai1="118,123,28,56,85,24,2,106,42,87,96,71,91" hai2="92,50,18,115,46,72,51,93,109,113,75,62,6" hai3="116,77,111,90,58,13,101,73,9,78,95,54,108"/><U37/><E118/><V44/><F109/><N who="3" m="42059" /><G101/><T14/><D70/><U67/><E123/><V68/><F18/><N who="3" m="8495" /><G73/><N who="2" m="28233" /><F6/><W0/><G0/><T88/><D120/><U19/><E2/><V132/><F62/><N who="3" m="36183" /><G116/><T61/><D125/><U38/><E106/><V100/><F100/><W129/><G129/><T76/><D76/><U121/><E121/><V127/><F68/><W103/><G103/><T81/><D4/><U16/><E71/><V33/><F33/><W60/><G60/><T79/><D36/><U107/><E107/><V1/><F1/><W52/><G52/><T112/><D112/><N who="2" m="43082" /><F132/><W135/><G135/><T23/><D79/><U97/><E67/><V94/><F127/><W32/><G32/><T59/><REACH who="0" step="1"/><D61/><REACH who="0" ten="45,445,235,255" step="2"/><U40/><E37/><V39/><F39/><W105/><G105/><T22/><D22/><U104/><E38/><V12/><F51/><W69/><G69/><T41/><D41/><U98/><E104/><V80/><F50/><W124/><G124/><T128/><D128/><U117/><E117/><V64/><F64/><W15/><G78/><T43/><D43/><U29/><E40/><V133/><F133/><W7/><G77/><T134/><D134/><U102/><E42/><V34/><F34/><W47/><G7/><T10/><D10/><U82/><E102/><V131/><F131/><W119/><G119/><T99/><D99/><U84/><E97/><V11/><F80/><W21/><G21/><T65/><D65/><U130/><E130/><V66/><F66/><W74/><G74/><T27/><D27/><U30/><E24/><V114/><F114/><RYUUKYOKU ba="2,2" sc="45,15,445,-15,235,15,255,-15" hai0="14,17,23,26,31,35,45,48,53,57,59,81,88" hai2="11,12,44,46,92,93,94" /><INIT seed="2,3,2,1,2,20" ten="60,430,250,240" oya="2" hai0="37,43,86,50,67,47,6,128,122,49,88,87,24" hai1="23,77,130,85,73,5,133,51,7,100,19,70,121" hai2="13,1,72,57,107,3,81,71,54,108,36,80,16" hai3="105,112,53,101,116,27,56,117,14,131,17,2,4"/><V134/><F71/><W102/><G131/><T109/><D122/><U33/><E73/><V38/><F107/><W31/><G112/><T110/><D128/><U119/><E130/><V40/><F134/><W65/><G65/><T95/><D67/><U12/><E119/><V63/><F108/><N who="0" m="41578" /><D6/><U44/><E70/><V25/><F25/><W22/><G4/><T127/><D127/><U99/><E33/><V9/><F40/><W96/><G102/><T111/><N who="0" m="41586" /><T18/><DORA hai="83" /><D87/><U97/><E133/><V11/><F11/><W52/><G2/><T15/><D24/><U75/><E75/><V42/><F42/><W84/><G84/><T68/><D68/><U74/><E74/><V0/><REACH who="2" step="1"/><F72/><REACH who="2" ten="60,430,240,240" step="2"/><W41/><G41/><T132/><D132/><U45/><E121/><V76/><F76/><W55/><REACH who="3" step="1"/><G56/><REACH who="3" ten="60,430,240,230" step="2"/><T104/><D104/><U123/><E123/><V118/><F118/><W135/><G135/><T39/><D39/><AGARI ba="3,4" hai="0,1,3,9,13,16,36,38,39,54,57,63,80,81" machi="39" ten="50,4800,0" yaku="1,1,54,1,53,0" doraHai="20,83" doraHaiUra="106,89" who="2" fromWho="0" sc="60,-57,430,0,240,97,230,0" /><INIT seed="2,4,0,1,1,116" ten="3,430,337,230" oya="2" hai0="93,4,46,77,50,9,66,26,113,18,3,16,100" hai1="76,54,126,57,110,35,132,63,11,10,30,37,112" hai2="42,79,105,119,78,19,86,82,1,117,121,61,118" hai3="53,56,114,101,92,111,87,99,43,109,33,12,7"/><V80/><F1/><W69/><G33/><T130/><D113/><U97/><E112/><V68/><F105/><W58/><G69/><T122/><D122/><U64/><E37/><V135/><F135/><W131/><G114/><T129/><D77/><U134/><E76/><V73/><F42/><W115/><G115/><T104/><D104/><U90/><E110/><N who="3" m="41994" /><G131/><N who="0" m="50187" /><D66/><U88/><E126/><V23/><F68/><W94/><G43/><N who="0" m="24927" /><D26/><N who="1" m="18903" /><E54/><V83/><F61/><N who="3" m="35983" /><G58/><T47/><D47/><U41/><E41/><V106/><F106/><N who="3" m="63807" /><G87/><T49/><D49/><U28/><E28/><V62/><F62/><W65/><G65/><T70/><D70/><U32/><E97/><AGARI ba="4,0" hai="3,4,9,16,18,93,97,100" m="24927,50187" machi="97" ten="30,2000,0" yaku="19,1,54,1" doraHai="116" who="0" fromWho="1" sc="3,32,430,-32,337,0,230,0" /><INIT seed="3,0,0,3,2,83" ten="35,398,337,230" oya="3" hai0="79,33,113,55,26,66,67,12,46,62,135,123,31" hai1="60,25,114,17,54,73,71,99,51,63,45,116,121" hai2="81,110,89,8,87,56,112,95,117,1,21,88,50" hai3="119,77,86,104,108,91,75,134,38,7,52,132,109"/><W24/><G38/><T76/><D123/><U23/><E121/><V48/><F117/><W124/><G119/><T74/><D135/><N who="3" m="51753" /><G124/><T64/><D113/><U39/><E116/><V34/><F34/><W120/><G120/><T6/><D74/><U92/><E114/><V9/><F112/><W49/><G104/><T100/><D100/><U84/><E73/><V13/><F110/><N who="3" m="42603" /><G7/><T65/><D46/><U122/><E122/><V29/><F1/><W15/><G15/><T27/><D27/><U103/><E71/><V42/><F42/><W22/><G77/><T68/><REACH who="0" step="1"/><D55/><REACH who="0" ten="25,398,337,230" step="2"/><U28/><E39/><V127/><F127/><W3/><G75/><T69/><D69/><U115/><E115/><V57/><F57/><N who="3" m="32911" /><G3/><T129/><D129/><U11/><E54/><V30/><F56/><W102/><G102/><T41/><D41/><U61/><E45/><V2/><F2/><W85/><G91/><T98/><D98/><U111/><E111/><V78/><F13/><W44/><G44/><T131/><D131/><U101/><E101/><V37/><F89/><W107/><G107/><T96/><D96/><U0/><E0/><V59/><F59/><W130/><G130/><T43/><D43/><U82/><E103/><V70/><F88/><W105/><G105/><T118/><D118/><U35/><E99/><V58/><F58/><W128/><G128/><T40/><D40/><U125/><E125/><V36/><F36/><W14/><G14/><T5/><D5/><U19/><E61/><V106/><F37/><W32/><G32/><T93/><D93/><U47/><E92/><RYUUKYOKU ba="0,1" sc="25,15,398,-15,337,-15,230,15" hai0="6,12,26,31,33,62,64,65,66,67,68,76,79" hai3="22,24,85,86" /><INIT seed="3,1,1,4,1,107" ten="40,383,322,245" oya="3" hai0="91,48,21,134,92,17,105,123,127,90,33,94,19" hai1="42,26,60,83,27,49,131,122,0,99,10,114,104" hai2="87,74,4,14,8,20,76,61,62,103,7,59,100" hai3="38,79,132,16,47,30,45,67,115,77,54,88,24"/><W39/><G115/><T101/><D123/><U22/><E122/><V53/><F74/><W29/><G132/><T32/><D105/><U82/><E114/><V3/><F3/><W81/><G67/><T70/><D70/><U28/><E131/><V86/><F7/><W128/><G128/><T63/><D101/><N who="2" m="38986" /><F76/><N who="3" m="29259" /><G39/><T109/><D134/><U85/><E104/><V44/><F44/><N who="3" m="16971" /><G54/><T117/><D33/><U72/><E99/><V108/><F108/><W25/><G38/><T52/><D32/><U40/><E85/><N who="2" m="32267" /><F20/><N who="3" m="13319" /><G25/><T102/><D109/><U12/><E22/><V57/><F57/><W121/><G121/><T23/><D117/><U58/><E58/><V65/><F65/><W78/><N who="3" m="29267" /><W37/><DORA hai="112" /><G37/><T73/><D73/><U125/><E72/><V95/><F95/><W50/><G50/><AGARI ba="1,1" hai="4,8,14,50,53,59,61,62" m="32267,38986" machi="50" ten="30,1000,0" yaku="8,1" doraHai="107,112" who="2" fromWho="3" sc="40,0,383,0,322,23,245,-13" /><INIT seed="4,0,0,4,1,101" ten="40,383,345,232" oya="0" hai0="59,126,75,47,78,55,36,67,88,8,51,64,1" hai1="90,72,133,94,112,32,108,25,74,63,103,7,71" hai2="130,121,92,81,119,2,27,6,89,0,82,52,15" hai3="45,50,28,105,57,10,30,9,66,109,3,34,48"/><T68/><D126/><U96/><E108/><V29/><F121/><W120/><G109/><T118/><D118/><U69/><E7/><V114/><F114/><W106/><G120/><T93/><D78/><U33/><E112/><V131/><F119/><W128/><G128/><N who="2" m="49193" /><F15/><W95/><G95/><T115/><D75/><U129/><E129/><V124/><F52/><W73/><G73/><T102/><D102/><U26/><E133/><V46/><F46/><W125/><G125/><T65/><D115/><U23/><E32/><N who="2" m="20543" /><F124/><W76/><G76/><T83/><D83/><N who="2" m="31754" /><F6/><W110/><G110/><T16/><D1/><U11/><E11/><V111/><F111/><W100/><G100/><T21/><D68/><U44/><E44/><V41/><F41/><W99/><G99/><AGARI ba="0,0" hai="0,2,89,92,99" m="31754,20543,49193" machi="99" ten="30,1000,0" yaku="19,1" doraHai="101" who="2" fromWho="3" sc="40,0,383,0,345,10,232,-10" /><INIT seed="5,0,0,2,1,27" ten="40,383,355,222" oya="1" hai0="17,128,4,36,87,78,50,125,39,90,91,79,82" hai1="20,26,114,28,29,98,130,133,16,101,5,94,131" hai2="46,6,67,38,33,71,23,34,12,7,3,111,57" hai3="81,88,129,10,104,18,108,86,53,42,134,124,77"/><U0/><E114/><V109/><F71/><W59/><G104/><T1/><D125/><U89/><E133/><V76/><F76/><W116/><G108/><T22/><D128/><N who="1" m="49195" /><E0/><V30/><F38/><W63/><G124/><T69/><D69/><U117/><E5/><V122/><F46/><W126/><G126/><T93/><D91/><U8/><E117/><V15/><F57/><W11/><G134/><T21/><D21/><U119/><E119/><V68/><F68/><W58/><G129/><T54/><D79/><U135/><E135/><V92/><F92/><W75/><G116/><T32/><D32/><N who="2" m="12394" /><F67/><W115/><G115/><T62/><D62/><U25/><E8/><N who="2" m="2143" /><F122/><W112/><G112/><T110/><D110/><N who="2" m="41994" /><F7/><W45/><G59/><T55/><D55/><U56/><E56/><V37/><F37/><W41/><G18/><T65/><D65/><U85/><E26/><AGARI ba="0,0" hai="12,15,23,26,30" m="41994,2143,12394" machi="26" ten="30,3900,0" yaku="34,2,52,1" doraHai="27" who="2" fromWho="1" sc="40,0,383,-39,355,39,222,0" /><INIT seed="6,0,0,3,4,121" ten="40,344,394,222" oya="2" hai0="56,16,15,7,33,96,105,4,30,91,94,74,129" hai1="88,92,62,126,130,47,79,66,90,27,77,99,58" hai2="36,69,8,20,123,22,107,115,52,106,75,104,110" hai3="116,28,102,13,97,122,48,119,39,14,83,103,87"/><V125/><F123/><W18/><G39/><T29/><D129/><U84/><E130/><V64/><F75/><W78/><G122/><T114/><D114/><U76/><E126/><V111/><F36/><W5/><G28/><T131/><D131/><U120/><E120/><V109/><F125/><W32/><G32/><T26/><D74/><U89/><E27/><V3/><F115/><W86/><G48/><T71/><D30/><U55/><E47/><V81/><F81/><W67/><G67/><T59/><D71/><U35/><E35/><V101/><F101/><W12/><G5/><T68/><D68/><U10/><E10/><V38/><F38/><W133/><G133/><T63/><D105/><U11/><E11/><V40/><F40/><W80/><G18/><T0/><D0/><U25/><E25/><V34/><F34/><W82/><G97/><T23/><REACH who="0" step="1"/><D56/><REACH who="0" ten="30,344,394,222" step="2"/><U85/><REACH who="1" step="1"/><E66/><AGARI ba="0,1" hai="4,7,15,16,23,26,29,33,59,63,66,91,94,96" machi="66" ten="30,8000,1" yaku="1,1,2,1,7,1,54,1,53,1" doraHai="121" doraHaiUra="61" who="0" fromWho="1" sc="30,90,344,-80,394,0,222,0" /><INIT seed="7,0,0,0,2,12" ten="120,264,394,222" oya="3" hai0="131,41,42,119,47,68,30,80,91,72,103,89,81" hai1="123,1,79,92,61,100,109,102,65,70,76,130,22" hai2="64,93,122,46,52,111,15,45,49,20,53,85,124" hai3="88,24,33,120,10,135,0,83,40,110,58,37,115"/><W127/><G120/><T78/><D119/><U112/><E123/><V43/><F111/><W121/><G121/><T54/><D68/><U7/><E109/><V21/><F124/><W99/><G110/><T25/><D131/><U13/><E130/><V38/><F122/><W48/><G135/><T113/><D113/><U86/><E1/><V73/><F73/><W87/><G127/><T77/><D103/><N who="1" m="39467" /><E112/><V57/><F64/><W126/><G126/><T26/><D54/><U59/><E70/><V90/><F15/><W98/><G37/><T75/><D47/><U51/><E51/><AGARI ba="0,0" hai="20,21,38,43,45,46,49,51,52,53,57,85,90,93" machi="51" ten="30,2000,0" yaku="7,1,54,1" doraHai="12" who="2" fromWho="1" sc="120,0,264,-20,394,20,222,0" owari="120,-38.0,244,4.0,414,52.0,222,-18.0" /></mjloggm>