<mjloggm ver="2.3"><GO type="97" lobby="0"/><UN n0="%E5%B0%B1%E6%B4%BB%E7%94%9F%40%E5%B7%9D%E6%9D%91%E8%BB%8D%E5%9B%A3" n1="%68%61%61%63%68%61%6E" n2="%E6%86%82%E6%A2%A6" n3="%64%65%66%69%6E%65" dan="15,13,13,13" rate="2073.49,1889.60,1871.23,1823.34" sx="M,M,M,M"/><TAIKYOKU oya="0"/><INIT seed="0,0,0,2,1,73" ten="250,250,250,250" oya="0" hai0="44,100,26,12,75,110,45,131,13,128,32,46,28" hai1="120,91,135,23,21,116,59,61,127,82,5,66,121" hai2="11,36,49,10,69,107,48,22,2,57,19,81,76" hai3="17,122,95,62,34,132,71,39,80,18,7,35,112"/><T133/><D75/><U123/><E116/><V37/><F107/><W78/><G112/><T41/><D41/><U4/><E135/><V88/><F69/><W30/><G132/><T87/><D100/><U85/><REACH who="1" step="1"/><E127/><REACH who="1" ten="250,240,250,250" step="2"/><V79/><F37/><W124/><G122/><T101/><D133/><U83/><E83/><V105/><F36/><W106/><G39/><T111/><D101/><U67/><E67/><V134/><F134/><W40/><G124/><T109/><REACH who="0" step="1"/><D87/><REACH who="0" ten="240,240,250,250" step="2"/><U129/><E129/><AGARI ba="0,2" hai="12,13,26,28,32,44,45,46,109,110,111,128,129,131" machi="129" ten="50,12000,1" yaku="1,1,2,1,14,1,10,1,19,1,53,0" doraHai="73" doraHaiUra="3" who="0" fromWho="1" sc="240,140,240,-120,250,0,250,0" /><INIT seed="0,1,0,4,2,76" ten="380,120,250,250" oya="0" hai0="37,72,94,31,83,36,106,61,77,71,25,24,91" hai1="56,3,16,21,30,22,82,44,108,0,9,81,35" hai2="105,119,2,55,45,42,60,101,15,29,18,85,135" hai3="133,78,103,93,127,75,116,134,111,102,63,113,27"/><T58/><D106/><U131/><E131/><V120/><F120/><W104/><G27/><T38/><D71/><U128/><E128/><V84/><F2/><W41/><G41/><T43/><D43/><U95/><E108/><V14/><F119/><W64/><G116/><T109/><D109/><U126/><E126/><V59/><F135/><N who="3" m="51723" /><G113/><T7/><D7/><U50/><E35/><V99/><F29/><W51/><G51/><T88/><D94/><U53/><E30/><V117/><F117/><W87/><G111/><T17/><D17/><U65/><E22/><V23/><REACH who="2" step="1"/><F15/><REACH who="2" ten="380,120,240,250" step="2"/><W123/><G123/><T69/><D25/><U5/><E0/><V20/><F20/><W98/><G127/><T26/><D24/><U54/><E65/><V114/><F114/><W122/><G64/><T11/><D11/><U115/><E115/><V49/><AGARI ba="1,1" hai="14,18,23,42,45,49,55,59,60,84,85,99,101,105" machi="49" ten="20,2700,0" yaku="1,1,0,1,7,1,53,0" doraHai="76" doraHaiUra="32" who="2" fromWho="2" sc="380,-14,120,-8,240,40,250,-8" /><INIT seed="1,0,0,1,1,20" ten="366,112,280,242" oya="1" hai0="94,53,29,97,14,59,120,44,101,76,3,89,48" hai1="135,65,7,15,123,125,18,128,30,4,112,115,8" hai2="72,105,95,121,93,113,57,126,37,32,51,42,23" hai3="71,100,68,10,104,124,52,122,108,111,62,96,54"/><U90/><E123/><V24/><F121/><W98/><G122/><T116/><D3/><U74/><E74/><V5/><F72/><W118/><G124/><T67/><D120/><U61/><E128/><V19/><F105/><W88/><G118/><T102/><D116/><U13/><E135/><V35/><F126/><W80/><G10/><T43/><D76/><U107/><E107/><V58/><F37/><W119/><G119/><T133/><D133/><U78/><E125/><V2/><F113/><W129/><G129/><T39/><D29/><U28/><E78/><V1/><F5/><W36/><G36/><T86/><D67/><U25/><E90/><V31/><F42/><W79/><G79/><T9/><D97/><U55/><E55/><N who="3" m="21034" /><G62/><T63/><D39/><U130/><E65/><V66/><F66/><W21/><G21/><T134/><D134/><U73/><E61/><V26/><F31/><N who="1" m="11817" /><E73/><V0/><F51/><W38/><G38/><T60/><D60/><U27/><E130/><V46/><F46/><W12/><G12/><T69/><D69/><U50/><E50/><V64/><F64/><W127/><G127/><T45/><D45/><U99/><E99/><V75/><F75/><W34/><G34/><N who="2" m="12841" /><F23/><W132/><G132/><T22/><D22/><N who="1" m="11599" /><E4/><AGARI ba="0,0" hai="4,9,14,43,44,48,53,59,63,86,89,94,101,102" machi="4" ten="30,2000,0" yaku="7,1,8,1" doraHai="20" who="0" fromWho="1" sc="366,20,112,-20,280,0,242,0" /><INIT seed="2,0,0,0,5,76" ten="386,92,280,242" oya="2" hai0="120,86,54,1,94,93,90,56,128,12,122,129,55" hai1="130,92,109,96,36,134,3,95,70,45,74,39,8" hai2="31,7,106,82,66,123,9,35,73,63,100,17,75" hai3="58,81,44,20,87,118,53,132,79,30,32,68,124"/><V80/><F123/><N who="0" m="47146" /><D1/><U62/><E109/><V52/><F17/><W105/><G118/><T22/><D94/><U34/><E134/><V13/><F52/><W4/><G132/><T37/><D37/><U47/><E130/><N who="0" m="50281" /><D56/><U65/><E34/><V111/><F111/><W133/><G133/><T59/><D59/><U43/><E74/><V125/><F125/><W46/><G124/><T117/><D117/><U110/><E110/><V2/><F13/><W113/><G105/><T16/><AGARI ba="0,0" hai="12,16,22,54,55,86,90,93" m="50281,47146" machi="16" ten="40,2700,0" yaku="19,1,54,1" doraHai="76" who="0" fromWho="0" sc="386,27,92,-7,280,-13,242,-7" /><INIT seed="3,0,0,5,5,117" ten="413,85,267,235" oya="3" hai0="63,94,43,127,96,53,11,78,66,84,109,122,88" hai1="92,47,2,40,128,111,106,62,3,77,107,57,61" hai2="114,104,10,76,124,21,33,20,108,64,101,69,6" hai3="17,7,9,15,90,28,0,112,54,105,89,23,74"/><W24/><G112/><T35/><D122/><U39/><E77/><V12/><F114/><W29/><G74/><T102/><D35/><U93/><E111/><V45/><F108/><W72/><G72/><T73/><D109/><U36/><E128/><V37/><F124/><W125/><G105/><T5/><D43/><U71/><E71/><V135/><F135/><W132/><G125/><T87/><D127/><U34/><E34/><V59/><F33/><N who="3" m="20615" /><G29/><T80/><D53/><U133/><E133/><V32/><F32/><W97/><G132/><T86/><D63/><U30/><E30/><V85/><F69/><W99/><G54/><T130/><D66/><U52/><E40/><V129/><F129/><W42/><G42/><T48/><D48/><U8/><E8/><V46/><F46/><W79/><G79/><T26/><D26/><U68/><E68/><V113/><F113/><W65/><G65/><T131/><REACH who="0" step="1"/><D102/><REACH who="0" ten="403,85,267,235" step="2"/><U44/><REACH who="1" step="1"/><E57/><REACH who="1" ten="403,75,267,235" step="2"/><V70/><F59/><W75/><G75/><T126/><D126/><U134/><E134/><V110/><F70/><W16/><G17/><T41/><D41/><U51/><E51/><V123/><F110/><W103/><G103/><T13/><AGARI ba="0,2" hai="5,11,13,73,78,80,84,86,87,88,94,96,130,131" machi="13" ten="30,4000,0" yaku="1,1,0,1,54,1,53,0" doraHai="117" doraHaiUra="50" who="0" fromWho="0" sc="403,60,75,-10,267,-10,235,-20" owari="463,55.0,65,-43.0,257,6.0,215,-18.0" /></mjloggm>