<mjloggm ver="2.3"><GO type="225" lobby="0"/><UN n0="%E5%A4%A9%E4%B8%8B%E4%B8%80%E5%93%81" n1="%E3%82%8C%E3%81%A3%E3%81%A9%E6%84%9B" n2="%E3%83%88%E3%83%88%E3%83%AA%E5%85%88%E7%94%9F%31%39%E6%AD%B3" n3="%70%69%2D%70%6F" dan="16,16,18,17" rate="2058.23,2107.19,2151.98,2238.57" sx="M,M,F,M"/><TAIKYOKU oya="0"/><INIT seed="0,0,0,2,3,104" ten="250,250,250,250" oya="0" hai0="51,122,9,30,106,68,95,20,18,14,101,127,53" hai1="135,57,72,36,87,80,33,7,100,63,22,52,23" hai2="56,81,5,28,133,12,111,92,55,64,78,24,109" hai3="91,96,110,121,26,21,25,40,61,66,15,102,70"/><T29/><D106/><U77/><E33/><V132/><F64/><W112/><G112/><T39/><D122/><U113/><E36/><V125/><F92/><W31/><G110/><N who="2" m="41993" /><F125/><W79/><G121/><T105/><D105/><U129/><E129/><V35/><F12/><W46/><G91/><T2/><D39/><U73/><E135/><N who="2" m="51787" /><F5/><W88/><G15/><T62/><D127/><U94/><E7/><V37/><F37/><W50/><G26/><T116/><D116/><U58/><E58/><V119/><F119/><W103/><REACH who="3" step="1"/><G79/><REACH who="3" ten="250,250,250,240" step="2"/><T115/><D115/><U3/><E3/><V8/><F8/><W59/><G59/><T86/><D2/><U123/><E123/><V85/><F56/><W128/><G128/><T48/><D9/><U131/><E131/><V74/><F55/><W65/><G65/><T134/><D134/><U38/><E113/><V120/><F120/><W90/><G90/><N who="0" m="53719" /><D68/><U97/><REACH who="1" step="1"/><E38/><REACH who="1" ten="250,240,250,240" step="2"/><V82/><F82/><W19/><G19/><T71/><D18/><U45/><E45/><V60/><F60/><W117/><G117/><T99/><D62/><U118/><E118/><V16/><F16/><W98/><G98/><T11/><D99/><U83/><E83/><V84/><AGARI ba="0,2" hai="24,28,35,74,78,81,84,85" m="51787,41993" machi="84" ten="40,5200,0" yaku="14,1,20,1,52,1" doraHai="104" who="2" fromWho="2" sc="250,-26,240,-13,250,72,240,-13" /><INIT seed="1,0,0,3,3,105" ten="224,227,322,227" oya="1" hai0="33,80,110,111,51,115,11,75,14,79,13,61,99" hai1="39,116,108,21,125,113,41,2,91,89,95,93,36" hai2="57,35,65,60,56,49,107,119,129,68,10,59,94" hai3="67,78,6,7,103,62,96,120,24,12,58,26,52"/><U34/><E116/><V5/><F119/><W100/><G120/><T22/><D33/><U122/><E34/><V55/><F107/><W130/><G130/><T98/><D115/><U128/><E2/><V4/><F35/><W92/><G100/><T117/><D117/><U76/><E125/><V40/><F129/><W85/><G12/><T18/><D61/><U132/><E132/><V28/><F28/><W29/><G78/><T112/><D51/><U8/><E108/><N who="0" m="41513" /><D112/><U16/><E8/><V127/><F127/><W86/><G26/><T64/><D64/><U63/><E122/><V47/><F94/><W30/><G30/><T121/><D121/><U44/><E39/><N who="2" m="21919" /><F5/><AGARI ba="0,0" hai="5,11,13,14,18,22,75,79,80,98,99" m="41513" machi="5" ten="30,2000,0" yaku="14,1,52,1" doraHai="105" who="0" fromWho="2" sc="224,20,227,0,322,-20,227,0" /><INIT seed="2,0,0,4,3,93" ten="244,227,302,227" oya="2" hai0="105,108,0,27,120,119,12,62,19,35,111,80,94" hai1="132,61,1,97,36,6,130,48,45,9,20,34,31" hai2="53,126,134,22,101,84,98,29,33,69,52,68,8" hai3="10,2,92,127,118,50,124,116,99,96,102,110,109"/><V115/><F115/><W121/><G121/><T3/><D105/><U55/><E34/><V51/><F33/><W49/><G10/><N who="0" m="6551" /><D80/><U57/><E36/><V16/><F134/><W82/><G82/><T73/><D62/><U42/><E130/><V25/><F126/><N who="3" m="48171" /><G2/><N who="0" m="555" /><D94/><U26/><REACH who="1" step="1"/><E132/><REACH who="1" ten="244,217,302,227" step="2"/><V133/><F133/><W71/><G118/><T123/><D119/><U46/><E46/><V38/><F38/><W91/><G116/><T107/><D123/><U32/><E32/><V113/><F113/><W90/><G71/><T60/><D120/><U66/><E66/><V23/><F69/><W30/><G30/><T54/><D35/><U106/><E106/><V125/><F68/><W77/><G77/><T13/><D107/><U87/><E87/><V72/><F125/><W114/><G114/><T67/><D73/><U129/><E129/><V85/><F72/><W40/><G91/><T112/><D112/><U37/><E37/><V14/><F85/><W4/><G90/><T58/><D67/><U78/><E78/><V81/><F84/><W56/><G102/><T88/><D88/><U122/><E122/><V128/><F128/><W39/><G39/><T79/><D79/><U15/><E15/><V135/><F135/><W117/><G117/><T75/><D75/><U24/><E24/><V131/><F131/><W17/><G109/><N who="0" m="42059" /><D27/><U89/><E89/><V70/><F25/><W47/><G110/><T95/><D13/><U59/><E59/><V74/><F14/><W44/><G56/><T5/><D95/><U63/><E63/><V76/><F74/><W104/><G92/><RYUUKYOKU ba="0,1" sc="244,15,217,15,302,-15,227,-15" hai0="5,54,58,60" hai1="1,6,9,20,26,31,42,45,48,55,57,61,97" /><INIT seed="3,1,1,3,2,57" ten="259,232,287,212" oya="3" hai0="92,70,86,21,119,17,106,123,22,94,20,38,97" hai1="15,51,41,10,67,83,110,65,61,90,96,133,84" hai2="32,14,64,13,131,120,9,100,26,63,39,33,127" hai3="71,93,19,31,112,114,108,7,30,45,43,85,105"/><W1/><G105/><T75/><D75/><U18/><E110/><V58/><F131/><W23/><G71/><T98/><D119/><U40/><E133/><V72/><F39/><W118/><G118/><T103/><D123/><U24/><E51/><V55/><F72/><W125/><G108/><T2/><D38/><U74/><E74/><V113/><F113/><W66/><G66/><T25/><D2/><U124/><E124/><V46/><F120/><W101/><G125/><T129/><D129/><U59/><E67/><V47/><F127/><W35/><G35/><T16/><D70/><U79/><E24/><V28/><F33/><W89/><G101/><T50/><D106/><U107/><E107/><V104/><F14/><W3/><G30/><T135/><D135/><U62/><E62/><V134/><F134/><W53/><G31/><T81/><D50/><U130/><E130/><V27/><F27/><W11/><G53/><T60/><D60/><U117/><E117/><V122/><F122/><W77/><G77/><N who="0" m="46383" /><D25/><U91/><E96/><V128/><F128/><W76/><G76/><T121/><D121/><U36/><E36/><V109/><F109/><W87/><G87/><T68/><D68/><U78/><E78/><V44/><F100/><AGARI ba="1,1" hai="16,17,20,21,22,92,94,97,98,100,103" m="46383" machi="100" ten="30,2000,0" yaku="8,1,54,1" doraHai="57" who="0" fromWho="2" sc="259,33,232,0,287,-23,212,0" /><INIT seed="4,0,0,0,4,126" ten="292,232,264,212" oya="0" hai0="5,44,16,36,64,26,79,115,31,35,76,103,99" hai1="62,86,65,53,70,47,41,119,121,30,101,106,21" hai2="110,33,39,54,1,12,43,124,84,77,72,102,46" hai3="114,117,48,38,135,68,80,78,11,125,52,81,3"/><T4/><D115/><U25/><E119/><V122/><F110/><W9/><G117/><T104/><D64/><U88/><E121/><V91/><F122/><W56/><G114/><T74/><D16/><U130/><E53/><V17/><F1/><W51/><G125/><T92/><D92/><U131/><E101/><V128/><F33/><W113/><G113/><T127/><D127/><U32/><E106/><V108/><F124/><W107/><G135/><T97/><D97/><U57/><E32/><V18/><F108/><W95/><G38/><T105/><D105/><U94/><REACH who="1" step="1"/><E70/><REACH who="1" ten="292,222,264,212" step="2"/><V123/><F102/><W87/><G107/><T7/><REACH who="0" step="1"/><D74/><REACH who="0" ten="282,222,264,212" step="2"/><U45/><E45/><V67/><F72/><W100/><G68/><T6/><N who="0" m="1024" /><DORA hai="111" /><T90/><D90/><U58/><E58/><V55/><F46/><W118/><G118/><T109/><D109/><U134/><E134/><V23/><F91/><W96/><G3/><T49/><D49/><AGARI ba="0,2" hai="21,25,30,41,47,49,57,62,65,86,88,94,130,131" machi="49" ten="40,8000,1" yaku="1,1,52,2,54,1,53,0" doraHai="126,111" doraHaiUra="29,0" who="1" fromWho="0" sc="282,-80,222,100,264,0,212,0" owari="202,-30.0,322,43.0,264,6.0,212,-19.0" /></mjloggm>