<mjloggm ver="2.3"><GO type="41" lobby="0"/><UN n0="%E3%81%AE%E3%81%AE%E3%81%AE%E3%82%80%E3%82%89" n1="%E5%B0%B1%E6%B4%BB%E7%94%9F%40%E5%B7%9D%E6%9D%91%E8%BB%8D%E5%9B%A3" n2="%E3%82%A2%E3%82%BB%E3%83%81%E3%83%AB%E3%82%B3%E3%83%AA%E3%83%B3" n3="%63%69%65%6C%6D%71" dan="14,16,13,14" rate="1953.35,2153.03,1991.62,1839.46" sx="M,M,M,M"/><TAIKYOKU oya="0"/><INIT seed="0,0,0,4,2,90" ten="250,250,250,250" oya="0" hai0="10,69,66,76,12,102,18,129,94,111,13,19,40" hai1="39,26,72,75,112,56,67,49,121,107,131,55,2" hai2="105,7,68,134,23,127,33,88,79,115,73,84,43" hai3="124,51,6,126,53,114,89,99,8,87,82,25,59"/><T100/><D40/><U135/><E26/><V29/><F68/><W81/><G114/><T132/><D129/><U123/><E67/><V22/><F33/><W14/><G25/><T62/><D132/><U120/><E56/><V17/><F134/><W109/><G109/><T85/><D111/><U35/><E49/><V27/><F105/><W41/><G41/><T70/><D70/><U52/><E55/><V24/><F7/><W110/><G110/><T1/><D1/><U11/><E11/><V9/><F9/><W28/><G28/><T106/><D106/><U78/><E78/><V50/><F115/><W54/><G82/><T64/><D64/><U46/><E46/><V103/><F103/><W20/><G20/><T47/><D47/><U30/><E30/><V58/><F73/><W63/><G99/><T71/><D71/><U122/><E52/><V98/><F127/><N who="3" m="48683" /><G54/><T38/><D38/><U113/><E121/><V3/><F79/><W108/><G108/><T32/><D32/><U44/><E44/><N who="2" m="25887" /><F3/><W5/><G5/><T16/><D13/><U42/><E2/><V97/><F58/><W125/><N who="3" m="48691" /><W74/><DORA hai="61" /><G74/><T119/><D12/><U116/><E35/><V104/><F104/><W128/><G128/><T101/><D10/><U93/><E120/><V118/><F118/><W45/><G45/><T21/><D21/><U31/><E122/><V36/><F36/><W130/><G130/><T4/><D4/><U133/><E123/><V57/><F57/><W83/><G83/><AGARI ba="0,0" hai="17,22,23,24,27,29,83,84,88,97,98" m="25887" machi="83" ten="30,2000,0" yaku="8,1,54,1" doraHai="90,61" who="2" fromWho="3" sc="250,0,250,0,250,20,250,-20" /><INIT seed="1,0,0,3,0,62" ten="250,250,270,230" oya="1" hai0="67,70,127,10,72,118,105,124,73,115,102,108,4" hai1="79,104,131,18,80,134,90,116,135,96,42,63,13" hai2="81,76,133,83,19,100,33,2,8,5,126,35,39" hai3="60,110,40,85,56,27,123,84,112,99,95,6,44"/><U55/><E116/><V68/><F68/><W23/><G112/><T9/><D115/><U87/><E131/><V58/><F133/><W132/><G110/><T53/><D53/><U121/><E121/><V22/><F126/><N who="0" m="48170" /><D10/><U15/><E42/><V45/><F100/><W34/><G34/><T113/><D113/><U111/><E111/><V7/><F83/><W11/><G132/><N who="1" m="50730" /><E18/><V71/><F71/><W41/><G41/><T32/><D32/><U107/><E79/><V12/><F5/><W82/><G82/><T36/><D36/><U38/><E38/><V103/><F58/><W29/><G44/><T25/><D25/><U69/><E96/><V101/><F35/><W54/><G40/><T49/><D49/><U125/><E125/><V114/><F114/><W37/><G37/><T61/><D118/><U128/><E128/><V106/><F106/><N who="1" m="40489" /><E55/><V20/><F20/><W86/><G123/><T17/><D17/><U46/><E46/><V3/><F3/><W21/><G21/><T43/><D43/><U48/><E48/><V0/><F0/><W89/><G99/><N who="0" m="61663" /><D108/><U130/><E130/><V117/><F117/><W88/><G89/><T64/><D64/><AGARI ba="0,0" hai="13,15,63,64,69,80,87,90" m="40489,50730" machi="64" ten="30,2900,0" yaku="20,1,52,1" doraHai="62" who="1" fromWho="0" sc="250,-29,250,29,270,0,230,0" /><INIT seed="1,1,0,1,3,131" ten="221,279,270,230" oya="1" hai0="69,87,104,11,82,103,122,0,68,77,72,118,101" hai1="106,59,27,46,85,117,24,25,32,56,1,48,4" hai2="119,81,114,64,73,89,17,80,110,13,135,86,61" hai3="79,9,47,51,52,3,109,62,14,10,92,39,127"/><U93/><E117/><V54/><F119/><W35/><G39/><T129/><D118/><U45/><E106/><V6/><F114/><W71/><G109/><T33/><D129/><U132/><E32/><V49/><F110/><W90/><G35/><T42/><D122/><U58/><E132/><V44/><F6/><W91/><G79/><T55/><D55/><U128/><E128/><V23/><F73/><W8/><G3/><T124/><D124/><U84/><E93/><V34/><F34/><W123/><G127/><T57/><D57/><U30/><E30/><V133/><REACH who="2" step="1"/><F81/><REACH who="2" ten="221,279,260,230" step="2"/><W21/><G123/><T105/><D33/><U75/><E75/><V38/><F38/><W5/><G5/><T2/><D72/><U36/><E4/><V102/><F102/><W43/><G92/><T20/><D103/><U37/><E1/><V78/><F78/><W83/><G83/><T40/><D101/><U74/><E74/><V50/><F50/><W31/><G71/><AGARI ba="1,1" hai="13,17,23,44,49,54,61,64,71,80,86,89,133,135" machi="71" ten="40,5200,0" yaku="1,1,52,2,53,0" doraHai="131" doraHaiUra="99" who="2" fromWho="3" sc="221,0,279,0,260,65,230,-55" /><INIT seed="2,0,0,2,4,40" ten="221,279,325,175" oya="2" hai0="133,8,4,52,113,37,43,33,108,51,131,68,81" hai1="54,16,99,114,63,14,29,109,49,67,101,24,57" hai2="110,106,46,85,132,23,7,64,17,125,47,60,55" hai3="130,27,2,32,71,102,103,87,75,76,36,135,5"/><V35/><F106/><W123/><G71/><T98/><D113/><U94/><E114/><V115/><F35/><W3/><G87/><T45/><D33/><U74/><E109/><V12/><F115/><W124/><G123/><T25/><D108/><U82/><E74/><V111/><F110/><W83/><G3/><T116/><D68/><U56/><E82/><V89/><F111/><W39/><G124/><T92/><D133/><U1/><E1/><V31/><F125/><W93/><G93/><T117/><D131/><U26/><REACH who="1" step="1"/><E29/><REACH who="1" ten="221,269,325,175" step="2"/><V72/><F72/><W84/><G135/><T11/><D81/><U100/><E100/><V34/><F132/><W42/><G102/><T38/><D116/><U73/><E73/><V28/><F7/><W0/><G0/><T78/><D117/><U21/><AGARI ba="0,1" hai="14,16,21,24,26,49,54,56,57,63,67,94,99,101" machi="21" ten="20,8000,1" yaku="1,1,0,1,7,1,8,1,54,1,53,0" doraHai="40" doraHaiUra="70" who="1" fromWho="1" sc="221,-20,269,90,325,-40,175,-20" /><INIT seed="3,0,0,4,0,75" ten="201,359,285,155" oya="3" hai0="101,33,112,109,14,86,41,56,1,99,9,130,64" hai1="68,45,124,31,15,5,119,44,58,52,116,40,74" hai2="3,120,77,18,2,10,17,102,132,87,70,29,117" hai3="88,83,26,8,46,121,113,47,22,90,34,27,134"/><W55/><G113/><T118/><D118/><N who="1" m="45099" /><E68/><V89/><F70/><W66/><G121/><T91/><D33/><U43/><E124/><V97/><F117/><W23/><G66/><T103/><D1/><U123/><E123/><V95/><F120/><W16/><G34/><T39/><D109/><U4/><E31/><V60/><F132/><W28/><G134/><T127/><D127/><U59/><E74/><V94/><F29/><W84/><G8/><T71/><D71/><U12/><E12/><V65/><F3/><W80/><G55/><T81/><D130/><U79/><E79/><V21/><F2/><W98/><G98/><T24/><D24/><U128/><E128/><V32/><F10/><W19/><G28/><T13/><D112/><U36/><E15/><V93/><F32/><W106/><G106/><T104/><D101/><U110/><E110/><V20/><F77/><W125/><G125/><T85/><D9/><U76/><E76/><V72/><F72/><W7/><G7/><N who="1" m="2634" /><E52/><V42/><F42/><N who="1" m="15913" /><E36/><V62/><F65/><W51/><G51/><T131/><D131/><U6/><E6/><V49/><F49/><W115/><G115/><T114/><D114/><U38/><E38/><V107/><F107/><W69/><G69/><T35/><D35/><U63/><E63/><N who="2" m="24107" /><F95/><W50/><G50/><T78/><D39/><U92/><E92/><V100/><F100/><W48/><G48/><T25/><D41/><U96/><E96/><V11/><F11/><W67/><G67/><T37/><D37/><U111/><E111/><V54/><F54/><W57/><G57/><AGARI ba="0,0" hai="44,45,57,58,59" m="15913,2634,45099" machi="57" ten="30,7700,0" yaku="6,1,28,2,12,1" doraHai="75" who="1" fromWho="3" sc="201,0,359,77,285,0,155,-77" /><INIT seed="4,0,0,4,1,91" ten="201,436,285,78" oya="0" hai0="100,1,5,10,131,111,129,49,109,52,55,132,30" hai1="106,21,25,110,83,84,66,32,58,9,102,117,70" hai2="126,107,128,51,133,130,71,16,122,59,98,3,118" hai3="78,60,47,86,40,50,108,44,80,57,61,36,12"/><T95/><D30/><U67/><E110/><N who="0" m="41993" /><D132/><U64/><E117/><V33/><F51/><W103/><G108/><T82/><D82/><U101/><E106/><V135/><F33/><W7/><G103/><N who="1" m="39434" /><E32/><V123/><F71/><W4/><G12/><T41/><D41/><U75/><E75/><V46/><F3/><W125/><G125/><T38/><D38/><U14/><E70/><V62/><F46/><W27/><G27/><T24/><D24/><U54/><E21/><V99/><F107/><W8/><G8/><T22/><D22/><U48/><E25/><V72/><F72/><W124/><G124/><T112/><D112/><U92/><E92/><V115/><F126/><W56/><G56/><N who="0" m="32783" /><D55/><U87/><E83/><V17/><F115/><W20/><G20/><T79/><D79/><U26/><E26/><V13/><F118/><W116/><G116/><T85/><D85/><U43/><E43/><V81/><F81/><W90/><G44/><T113/><D113/><U77/><E77/><V31/><F31/><W6/><G36/><T34/><D34/><U11/><E11/><V93/><F93/><W37/><G37/><T94/><D94/><U2/><E2/><V18/><F99/><AGARI ba="0,0" hai="1,5,10,95,99,100,129,131" m="32783,41993" machi="99" ten="30,5800,0" yaku="10,1,52,1,54,1" doraHai="91" who="0" fromWho="2" sc="201,58,436,0,285,-58,78,0" /><INIT seed="4,1,0,3,1,114" ten="259,436,227,78" oya="0" hai0="54,93,40,103,45,81,75,34,42,72,44,117,101" hai1="106,77,100,23,64,41,95,63,55,84,13,19,109" hai2="111,131,83,6,20,12,121,102,82,133,67,92,110" hai3="53,11,3,52,1,21,134,96,85,4,105,87,70"/><T76/><D34/><U126/><E106/><V107/><F121/><W116/><G70/><T36/><D54/><U120/><E109/><V26/><F107/><W115/><G115/><T47/><D117/><U104/><E104/><V14/><F133/><W112/><G112/><T128/><D128/><U25/><E120/><V90/><F131/><W46/><G3/><T28/><D28/><U56/><E41/><V32/><F32/><W60/><G116/><T97/><D72/><U71/><E126/><V91/><F102/><W135/><G53/><T113/><D113/><U57/><E71/><V130/><F130/><W69/><G21/><T7/><D103/><U74/><E74/><V65/><F6/><W80/><G69/><T35/><D35/><U118/><E118/><V59/><F59/><W30/><G30/><T50/><D42/><U61/><E77/><V66/><F92/><W119/><G119/><T39/><D50/><U17/><E100/><V15/><F26/><W24/><G24/><T108/><D108/><N who="2" m="41514" /><F20/><W58/><G46/><T94/><D93/><U123/><E123/><V5/><F5/><W0/><G0/><T27/><D27/><U43/><E43/><V16/><F16/><W122/><G122/><T79/><D36/><U124/><E124/><V51/><F51/><W68/><G68/><T99/><D99/><U49/><E61/><V129/><F129/><W18/><G18/><T38/><D38/><U8/><E95/><V86/><F86/><AGARI ba="1,0" hai="8,13,17,19,23,25,49,55,56,57,63,64,84,86" machi="86" ten="40,1300,0" yaku="8,1" doraHai="114" who="1" fromWho="2" sc="259,0,436,16,227,-16,78,0" /><INIT seed="5,0,0,4,5,41" ten="259,452,211,78" oya="1" hai0="133,107,128,25,40,55,85,9,58,130,64,109,71" hai1="26,16,75,12,17,57,100,62,93,81,13,11,105" hai2="43,10,114,23,122,3,28,27,116,53,108,52,94" hai3="86,6,78,77,102,68,70,39,24,63,21,124,92"/><U46/><E105/><V120/><F116/><W19/><G39/><T60/><D107/><U123/><E123/><V0/><F108/><W98/><G124/><T99/><D99/><U106/><E106/><V72/><F72/><W32/><G6/><T44/><D85/><U15/><E75/><V30/><F114/><W132/><G132/><T79/><D79/><U37/><E37/><V35/><F43/><W101/><G32/><T118/><D25/><U126/><E126/><V8/><F94/><W73/><G73/><T34/><D9/><U129/><E129/><N who="0" m="49769" /><D34/><U135/><E135/><V125/><F125/><W59/><G101/><T56/><D133/><U82/><E46/><V95/><F95/><W47/><G70/><T97/><D97/><N who="1" m="59439" /><E26/><V91/><F91/><W76/><G68/><T65/><D118/><U112/><E112/><V113/><F113/><W121/><G121/><T127/><D127/><U29/><E29/><V7/><F35/><W14/><G14/><N who="1" m="5738" /><E17/><V74/><F74/><W33/><G33/><T22/><D22/><U89/><E89/><V31/><F53/><AGARI ba="0,0" hai="11,15,16,53,57,62,81,82" m="5738,59439" machi="53" ten="30,2900,0" yaku="8,1,54,1" doraHai="41" who="1" fromWho="2" sc="259,0,452,29,211,-29,78,0" /><INIT seed="5,1,0,1,0,73" ten="259,481,182,78" oya="1" hai0="112,8,41,74,6,122,66,125,85,59,47,71,97" hai1="75,32,123,109,98,14,34,17,60,113,84,100,128" hai2="27,24,119,25,116,35,72,104,56,62,31,53,63" hai3="21,82,102,37,134,58,33,95,64,45,23,135,7"/><U115/><E75/><V20/><F104/><W92/><G33/><T48/><D112/><U83/><E123/><V105/><F105/><W89/><G102/><T87/><D97/><U16/><E128/><V67/><F72/><W22/><G7/><T11/><D74/><U10/><E109/><V55/><F25/><W51/><G37/><T81/><D71/><U124/><E124/><V18/><REACH who="2" step="1"/><F55/><REACH who="2" ten="259,481,172,78" step="2"/><N who="3" m="30191" /><G134/><T49/><D122/><U94/><E113/><V70/><AGARI ba="1,1" hai="18,20,24,27,31,35,53,56,62,63,67,70,116,119" machi="70" ten="20,5200,0" yaku="1,1,0,1,7,1,53,1" doraHai="73" doraHaiUra="30" who="2" fromWho="2" sc="259,-14,481,-27,172,65,78,-14" /><INIT seed="6,0,0,0,2,105" ten="245,454,237,64" oya="2" hai0="66,37,35,88,63,65,95,23,85,77,25,103,54" hai1="31,44,20,79,114,0,119,122,70,4,91,99,34" hai2="94,16,131,60,17,18,76,135,128,67,96,62,52" hai3="36,33,26,110,19,58,11,57,45,1,117,14,129"/><V6/><F76/><W42/><G110/><T46/><D35/><U84/><E70/><V87/><F6/><W74/><G74/><T12/><D37/><U111/><E34/><V81/><F135/><W8/><G8/><T93/><D12/><U98/><E111/><V108/><F108/><W69/><G69/><T53/><D77/><U28/><E114/><V124/><F87/><W43/><G43/><T82/><D46/><U32/><E119/><V39/><F81/><W22/><G129/><N who="2" m="49737" /><F39/><W55/><G55/><N who="0" m="21003" /><D63/><U5/><E122/><V30/><F30/><N who="1" m="11305" /><E32/><V90/><F124/><W83/><G1/><T112/><D112/><U38/><E38/><V10/><F67/><N who="0" m="25610" /><D103/><U49/><E79/><V116/><F116/><W50/><G36/><T86/><D85/><U48/><E0/><V75/><F75/><W27/><G33/><T118/><D118/><U92/><E5/><V100/><F100/><W68/><G68/><T113/><D113/><U123/><E4/><V107/><F107/><W120/><G120/><T61/><D61/><N who="2" m="23658" /><F52/><W73/><G117/><T21/><D21/><U7/><E7/><V3/><F3/><W41/><G41/><T59/><D59/><U47/><E123/><V106/><F106/><W78/><REACH who="3" step="1"/><G27/><REACH who="3" ten="245,454,237,54" step="2"/><T132/><D25/><U9/><E9/><AGARI ba="0,1" hai="9,10,16,17,18,90,94,96" m="23658,49737" machi="9" ten="40,3900,0" yaku="19,1,54,1" doraHai="105" who="2" fromWho="1" sc="245,0,454,-39,237,49,54,0" /><INIT seed="6,1,0,2,2,45" ten="245,415,286,54" oya="2" hai0="20,74,89,35,121,29,37,87,24,125,14,118,92" hai1="59,119,78,0,93,110,4,49,109,6,112,9,67" hai2="56,42,16,68,113,76,13,57,115,111,2,1,17" hai3="64,38,61,33,18,34,105,27,75,126,40,46,43"/><V134/><F68/><W39/><G126/><T81/><D121/><U52/><E119/><V25/><F76/><W22/><G75/><T130/><D125/><U96/><E6/><V12/><F42/><W50/><G105/><T102/><D37/><U72/><E112/><N who="2" m="43083" /><F56/><W3/><G3/><N who="2" m="1033" /><F57/><W122/><G122/><T36/><D130/><U128/><E128/><V66/><F66/><W54/><G39/><T23/><D36/><U41/><E41/><V80/><F80/><W117/><G117/><T129/><D129/><U91/><E67/><V94/><F94/><W116/><G116/><T51/><D118/><U71/><E71/><V30/><F134/><W132/><G132/><T48/><D74/><U8/><E78/><V133/><F133/><W32/><REACH who="3" step="1"/><G38/><REACH who="3" ten="245,415,286,44" step="2"/><T73/><D73/><U108/><E72/><V77/><F111/><W79/><G79/><T62/><D35/><U104/><E104/><V21/><F77/><W63/><G63/><T44/><D62/><U88/><E91/><V65/><F65/><W100/><G100/><T15/><D102/><U98/><E98/><V101/><F101/><W107/><G107/><T10/><D92/><U28/><E108/><V86/><F86/><W19/><G19/><AGARI ba="1,1" hai="12,13,16,17,19,21,25,30" m="1033,43083" machi="19" ten="30,11600,0" yaku="15,1,34,2,54,1" doraHai="45" who="2" fromWho="3" sc="245,0,415,0,286,129,44,-119" owari="245,-15.0,415,51.0,415,22.0,-75,-58.0" /></mjloggm>