<mjloggm ver="2.3"><GO type="169" lobby="0"/><UN n0="%E3%81%8B%E3%81%AB%E3%83%9E%E3%82%B8%E3%83%B3" n1="%E4%B8%8D%E8%81%B4%E7%89%8C%E3%83%AA%E3%83%BC%E3%83%81" n2="%E6%96%B0%E4%B8%96%E7%95%8C%E3%81%AE%E7%B4%99" n3="%E3%82%A6%E3%83%AB%E3%83%88%E3%83%A9%E7%AB%8B%E7%9B%B4" dan="17,17,18,16" rate="2185.24,2199.26,2253.59,2096.14" sx="M,M,M,M"/><TAIKYOKU oya="0"/><INIT seed="0,0,0,2,5,87" ten="250,250,250,250" oya="0" hai0="51,15,31,114,96,66,125,52,73,36,54,124,134" hai1="92,102,70,109,84,91,30,127,22,10,74,132,49" hai2="26,39,40,112,99,59,55,76,117,45,29,79,83" hai3="135,95,98,100,46,14,94,113,118,103,86,72,5"/><T105/><D114/><U27/><E74/><V38/><F112/><W69/><G69/><T35/><D73/><U80/><E70/><V19/><F117/><W126/><G72/><T65/><D36/><U34/><E109/><V120/><F120/><W101/><G113/><T57/><D134/><U44/><E132/><V60/><F39/><W81/><G118/><T123/><D123/><U24/><E127/><N who="0" m="48713" /><D15/><U119/><E119/><V78/><F99/><N who="3" m="59511" /><G135/><T2/><D2/><U20/><E10/><V67/><F19/><W28/><G126/><T13/><D13/><U42/><E34/><V37/><F37/><W106/><G28/><T97/><D54/><U64/><E64/><N who="0" m="24681" /><D105/><U47/><E47/><V6/><F6/><W11/><G106/><T88/><D31/><U23/><REACH who="1" step="1"/><E30/><REACH who="1" ten="250,240,250,250" step="2"/><V75/><F67/><W7/><G46/><T89/><D35/><AGARI ba="0,1" hai="26,29,35,38,40,45,55,59,60,75,76,78,79,83" machi="35" ten="30,1000,0" yaku="7,1" doraHai="87" who="2" fromWho="0" sc="250,-10,240,0,250,20,250,0" /><INIT seed="1,0,0,2,5,113" ten="240,240,270,250" oya="1" hai0="54,10,81,35,60,1,0,15,45,124,39,7,47" hai1="98,18,90,62,87,112,26,48,135,109,111,116,95" hai2="89,68,69,127,38,29,131,85,8,78,55,82,74" hai3="24,5,23,106,86,114,58,16,31,17,119,102,41"/><U118/><E112/><V53/><F38/><W64/><G114/><T32/><D124/><U133/><E62/><V101/><F127/><W65/><G65/><T104/><BYE who="3" /><D104/><U105/><E48/><V40/><F131/><W88/><G88/><T4/><D81/><U128/><E128/><V73/><F40/><W99/><G99/><T115/><D115/><U33/><E33/><V11/><F101/><W63/><G63/><T91/><D91/><U66/><E66/><V14/><F29/><W52/><G52/><T19/><D60/><U76/><E26/><V28/><F28/><W75/><G75/><T97/><D97/><U22/><E22/><V93/><F74/><W20/><G20/><T9/><D47/><U21/><E21/><V2/><F2/><W46/><G46/><T80/><D80/><N who="1" m="47495" /><E18/><V43/><F43/><W37/><G37/><T92/><D92/><U67/><E67/><V126/><F126/><W96/><G96/><T51/><REACH who="0" step="1"/><D39/><REACH who="0" ten="230,240,270,250" step="2"/><U130/><E105/><V59/><F59/><W134/><G134/><N who="1" m="51210" /><E130/><V71/><F71/><W13/><G13/><T84/><D84/><U12/><E12/><V110/><F14/><W107/><G107/><T125/><D125/><U56/><E56/><V79/><F68/><W121/><G121/><T83/><D83/><U50/><E50/><V3/><F69/><W44/><G44/><T129/><D129/><U30/><E30/><V117/><F82/><W36/><G36/><T25/><D25/><U49/><E49/><V120/><F79/><W122/><G122/><T70/><D70/><U132/><E132/><RYUUKYOKU ba="0,1" sc="230,15,240,15,270,-15,250,-15" hai0="0,1,4,7,9,10,15,19,32,35,45,51,54" hai1="90,95,98,109,111,116,118" /><INIT seed="1,1,1,3,4,86" ten="245,255,255,235" oya="1" hai0="43,56,104,52,132,85,90,76,45,54,71,101,67" hai1="62,24,50,20,19,112,77,40,120,59,27,134,131" hai2="26,11,42,80,69,55,64,4,87,125,6,32,103" hai3="12,109,21,8,72,74,115,0,108,22,83,135,1"/><U70/><E120/><V14/><F125/><W116/><G116/><T133/><D76/><U7/><E112/><V98/><F42/><W36/><G36/><T121/><D101/><U127/><E127/><V105/><F55/><W84/><G84/><T119/><D104/><U16/><E131/><V58/><F58/><W31/><G31/><T106/><D106/><U117/><E117/><UN n3="%E3%82%A6%E3%83%AB%E3%83%88%E3%83%A9%E7%AB%8B%E7%9B%B4" /><V124/><F124/><W63/><G63/><N who="0" m="38375" /><D71/><U129/><E129/><V60/><F6/><W102/><G102/><T33/><D33/><U122/><E122/><V93/><F93/><W41/><G41/><T68/><D68/><U25/><E134/><N who="0" m="51817" /><D119/><U128/><E128/><V91/><F32/><W48/><G135/><T111/><D111/><N who="3" m="42569" /><G48/><N who="0" m="26687" /><D121/><U13/><E70/><V10/><F10/><W113/><G74/><T94/><AGARI ba="1,1" hai="52,54,85,90,94" m="26687,51817,38375" machi="94" ten="30,4000,0" yaku="20,1,52,1,54,1" doraHai="86" who="0" fromWho="0" sc="245,53,255,-21,255,-11,235,-11" /><INIT seed="2,0,0,0,4,94" ten="298,234,244,224" oya="2" hai0="32,87,60,15,77,52,112,3,16,125,40,115,113" hai1="58,63,131,54,92,26,117,30,107,23,133,129,71" hai2="0,102,22,53,45,1,68,101,18,59,116,124,65" hai3="64,5,104,21,35,100,11,41,89,120,76,49,28"/><V14/><F116/><W42/><G120/><T27/><D3/><U38/><E107/><V130/><F124/><W10/><G35/><T95/><D40/><U99/><E117/><V6/><F130/><W118/><G118/><T24/><D125/><U4/><E38/><V97/><F45/><W12/><G76/><T46/><D32/><U62/><E133/><V93/><F102/><W67/><G100/><T114/><D114/><U84/><E84/><V105/><F105/><W126/><G104/><T19/><D19/><U103/><REACH who="1" step="1"/><E4/><REACH who="1" ten="298,224,244,224" step="2"/><V98/><F6/><W29/><G5/><T88/><D115/><U2/><E2/><V74/><F74/><W111/><G126/><T36/><D36/><U55/><E55/><V82/><F1/><W110/><G42/><T123/><D113/><U69/><E69/><V13/><F0/><W50/><G41/><T132/><D132/><U72/><E72/><V73/><F68/><W34/><G111/><T48/><D112/><U108/><E108/><V128/><F128/><W47/><G110/><T51/><D123/><U9/><E9/><V90/><F53/><W75/><G10/><N who="0" m="6263" /><D60/><U135/><E135/><V39/><F39/><W86/><G11/><T25/><D48/><U78/><E78/><AGARI ba="0,1" hai="24,25,27,46,51,52,77,78,87,88,95" m="6263" machi="78" ten="30,7700,0" yaku="8,1,54,3" doraHai="94" who="0" fromWho="1" sc="298,87,224,-77,244,0,224,0" /><INIT seed="3,0,0,1,4,51" ten="385,147,244,224" oya="3" hai0="83,44,107,103,117,92,124,46,32,62,19,21,31" hai1="27,110,127,40,79,84,55,118,104,0,22,4,61" hai2="52,47,81,97,131,26,101,24,13,10,98,133,120" hai3="34,6,135,33,130,113,49,28,114,112,8,30,125"/><W76/><G76/><T75/><D117/><U43/><E104/><V94/><F133/><W109/><G49/><T50/><D107/><U25/><E118/><V20/><F131/><W67/><G67/><T59/><D124/><U86/><E127/><V116/><F116/><W99/><G99/><T53/><D32/><N who="3" m="12393" /><G125/><T42/><D31/><N who="3" m="11817" /><G135/><T102/><D46/><U29/><E110/><V90/><F120/><W14/><G130/><T12/><D75/><U63/><E0/><V72/><F20/><W64/><G64/><T16/><D83/><U128/><E128/><V71/><F71/><W119/><G119/><T66/><D92/><U3/><E3/><V126/><F126/><W5/><G109/><T95/><D95/><U96/><E96/><V85/><F72/><W134/><G134/><T17/><D66/><U48/><E79/><V45/><F98/><W129/><G129/><T115/><D115/><U111/><E111/><V87/><F87/><W41/><G41/><T123/><REACH who="0" step="1"/><D123/><REACH who="0" ten="375,147,244,224" step="2"/><U9/><E43/><V65/><F65/><W1/><G1/><T56/><D56/><U80/><E40/><V122/><F122/><W39/><G39/><T23/><D23/><U73/><E73/><V88/><F47/><W37/><G37/><T70/><D70/><U93/><E93/><V82/><F82/><W60/><G60/><T58/><D58/><U57/><E84/><V54/><F45/><W11/><G11/><T38/><D38/><U91/><E22/><V77/><F77/><W18/><AGARI ba="0,1" hai="5,6,8,14,18,112,113,114" m="11817,12393" machi="18" ten="40,3900,0" yaku="34,2" doraHai="51" who="3" fromWho="3" sc="375,-13,147,-13,244,-13,224,49" /><INIT seed="3,1,0,3,2,117" ten="362,134,231,273" oya="3" hai0="128,126,26,35,40,70,6,102,118,80,96,56,49" hai1="92,132,30,39,81,129,104,76,32,121,41,24,71" hai2="19,93,66,90,61,12,13,7,115,14,20,50,58" hai3="31,87,72,11,44,120,74,52,105,134,130,98,21"/><W45/><G11/><T17/><D17/><U122/><E104/><V1/><F115/><W34/><G34/><T106/><D106/><U116/><E71/><V64/><F1/><W3/><G3/><T108/><D118/><U97/><E116/><V103/><F103/><W25/><G98/><T36/><D70/><U89/><E132/><V10/><F50/><N who="3" m="28743" /><G105/><T0/><D36/><U123/><E129/><V119/><F119/><W16/><G31/><T55/><D40/><U2/><E2/><V22/><F64/><W114/><G87/><T54/><D128/><U47/><REACH who="1" step="1"/><E123/><REACH who="1" ten="362,124,231,273" step="2"/><V110/><F110/><W77/><G130/><T101/><D108/><U59/><E59/><V5/><F5/><W73/><G120/><T109/><D56/><U68/><E68/><V53/><F7/><W127/><G114/><T15/><D6/><U42/><E42/><V62/><F58/><W95/><G45/><T60/><D109/><U88/><E88/><V133/><F133/><W9/><G134/><T84/><D0/><U91/><E91/><V78/><F90/><W99/><G77/><T69/><D69/><U46/><E46/><V23/><F78/><W94/><G127/><T51/><D126/><U48/><E48/><V8/><F62/><W4/><G99/><T85/><D96/><U28/><E28/><V29/><F29/><W33/><G33/><T37/><D35/><U63/><E63/><V79/><F79/><W27/><G27/><T131/><D60/><U67/><E67/><V125/><F125/><W43/><G43/><T65/><D131/><U111/><E111/><RYUUKYOKU ba="1,1" sc="362,-15,124,15,231,-15,273,15" hai1="24,30,32,39,41,47,76,81,89,92,97,121,122" hai3="4,9,16,21,25,72,73,74,94,95" /><INIT seed="3,2,1,1,4,119" ten="347,139,216,288" oya="3" hai0="120,30,132,100,110,68,60,64,6,127,92,125,21" hai1="87,106,34,43,86,32,42,53,82,4,22,51,23" hai2="17,33,3,56,115,2,74,81,12,111,61,24,16" hai3="70,13,89,75,101,18,37,97,84,28,49,11,67"/><W36/><G75/><T103/><D132/><U109/><E106/><V107/><F115/><W7/><G28/><T85/><D110/><U112/><E112/><V117/><F117/><W130/><G130/><T93/><D120/><U78/><E109/><V27/><F111/><W134/><G134/><T10/><D30/><U5/><E32/><V108/><F108/><W19/><G70/><T29/><D29/><U25/><E34/><V57/><F107/><W66/><G37/><T116/><D21/><N who="1" m="7691" /><E25/><N who="2" m="9803" /><F74/><W58/><G36/><T98/><D85/><U45/><E87/><V14/><F81/><W114/><G114/><T133/><D133/><U129/><E129/><V96/><F96/><W102/><G97/><T79/><D79/><U99/><E99/><V122/><F61/><N who="3" m="38199" /><G49/><T73/><D73/><U121/><E121/><V9/><F33/><W46/><G67/><T80/><D80/><U105/><E105/><V38/><F38/><W59/><G102/><N who="0" m="38955" /><D98/><U50/><E43/><V76/><F76/><W44/><G101/><T91/><D91/><U95/><E95/><V113/><F113/><W54/><G89/><T69/><D69/><U40/><E40/><V55/><F122/><W35/><G84/><T52/><D116/><U62/><E62/><N who="2" m="36127" /><F3/><W128/><G35/><T135/><D135/><U90/><E90/><V77/><F2/><W131/><G128/><T123/><D123/><U83/><E83/><V88/><F77/><W31/><G131/><T20/><D92/><U0/><E0/><V15/><F88/><W47/><G31/><T124/><D93/><U8/><E8/><RYUUKYOKU ba="2,1" sc="347,-15,139,15,216,-15,288,15" hai1="4,5,42,45,50,51,53,78,82,86" hai3="7,11,13,18,19,44,46,47,54,59" /><INIT seed="3,3,1,4,4,92" ten="332,154,201,303" oya="3" hai0="24,43,37,8,93,54,50,7,70,38,16,130,97" hai1="114,45,39,118,116,131,126,83,124,55,29,108,56" hai2="67,48,128,17,22,78,32,73,11,82,9,61,35" hai3="102,110,12,134,10,100,46,30,113,40,69,109,135"/><W127/><G69/><T25/><D70/><U103/><E29/><V122/><F128/><W66/><G66/><T34/><D130/><U18/><E83/><V21/><F122/><W60/><G60/><T19/><D43/><N who="1" m="22783" /><E18/><V26/><F48/><N who="3" m="26695" /><G113/><T14/><D25/><U20/><E20/><V81/><F22/><W84/><G84/><T68/><D68/><U77/><E77/><V90/><F82/><W133/><G30/><T132/><D132/><U72/><E72/><V125/><F125/><N who="1" m="48233" /><E131/><V75/><F75/><W53/><G53/><T94/><D94/><U120/><E114/><V64/><F64/><W71/><G71/><T0/><D19/><U86/><E86/><V65/><F65/><W59/><G59/><T13/><D24/><U36/><E36/><V87/><F67/><W51/><G127/><T119/><D34/><U31/><E31/><V41/><F32/><W115/><G115/><T99/><D37/><U96/><E120/><V106/><F35/><W27/><G27/><T105/><D38/><U88/><E55/><V123/><F123/><W112/><G112/><T95/><D54/><U80/><E56/><V76/><F26/><W47/><G102/><T33/><D33/><U58/><E58/><V107/><F73/><W5/><G100/><T42/><D105/><N who="2" m="39946" /><F87/><W28/><G28/><T129/><D129/><U117/><E108/><N who="3" m="41578" /><G135/><T49/><D42/><U121/><E121/><V52/><F41/><N who="3" m="25071" /><G134/><T85/><D85/><N who="1" m="50215" /><E116/><V74/><F74/><W3/><G133/><T91/><D119/><U2/><E2/><AGARI ba="3,1" hai="2,3,5,10,12" m="25071,41578,26695" machi="2" ten="30,2900,0" yaku="14,1,10,1" doraHai="92" who="3" fromWho="1" sc="332,0,154,-38,201,0,303,48" /><INIT seed="3,4,0,4,1,57" ten="332,116,201,351" oya="3" hai0="78,4,32,2,27,85,43,38,18,49,130,30,104" hai1="106,83,135,109,60,121,128,9,84,20,8,134,6" hai2="90,36,98,56,15,113,111,93,103,45,122,99,0" hai3="114,86,125,80,19,39,14,13,63,133,72,55,26"/><W62/><G72/><T17/><D104/><U115/><E106/><V118/><F118/><W101/><G39/><T100/><D130/><U132/><E115/><V67/><F0/><W46/><G114/><T92/><D38/><U64/><E121/><V1/><F1/><W52/><G101/><T68/><D68/><U123/><E123/><V73/><F122/><W120/><G120/><T91/><D100/><U41/><E128/><V58/><F73/><W127/><G133/><T82/><D4/><U48/><E109/><V70/><F111/><W21/><G127/><T94/><D94/><U29/><E29/><V35/><F35/><W88/><G125/><T110/><D2/><U119/><E119/><V11/><F113/><W5/><G5/><T33/><D33/><U54/><E20/><V37/><F70/><W47/><G14/><T34/><D34/><U69/><E41/><V89/><F56/><N who="3" m="35079" /><G13/><T42/><D110/><U3/><E9/><V50/><F37/><W96/><G96/><T59/><D42/><U116/><E116/><V79/><F98/><W10/><G10/><T112/><D112/><U28/><E8/><V95/><F36/><W75/><G75/><T40/><D43/><U126/><E6/><V23/><F11/><W16/><G19/><T81/><D17/><U24/><E3/><V77/><F103/><W12/><G12/><T25/><D18/><U61/><E126/><V117/><F117/><W44/><G44/><T71/><D32/><N who="1" m="20487" /><E69/><V131/><F15/><W124/><G124/><T105/><D71/><U31/><E135/><V7/><F7/><RYUUKYOKU ba="4,0" sc="332,-10,116,-10,201,-10,351,30" hai3="16,21,26,46,47,55,63,80,86,88" /><INIT seed="3,5,0,0,1,103" ten="322,106,191,381" oya="3" hai0="115,44,14,7,12,122,19,118,107,58,18,105,83" hai1="80,88,22,132,55,124,21,0,70,84,60,40,61" hai2="86,96,120,53,16,89,32,3,73,42,108,112,63" hai3="90,102,48,38,41,28,97,51,123,71,52,13,57"/><W59/><G71/><T91/><D118/><U111/><E0/><V10/><F112/><W46/><G123/><T92/><D122/><U104/><E111/><V64/><F120/><W43/><G28/><T25/><D115/><U134/><E124/><V94/><F73/><W109/><G109/><T31/><D83/><U76/><E70/><V49/><F32/><W30/><G30/><T74/><D74/><U85/><E40/><V15/><F108/><W98/><G13/><T1/><D7/><U27/><E104/><V37/><F3/><W82/><G43/><T45/><D58/><U81/><E21/><V93/><F42/><W99/><G59/><T24/><D31/><U2/><E2/><V50/><F37/><W131/><G131/><T26/><D1/><U23/><E23/><V4/><F4/><W39/><REACH who="3" step="1"/><G102/><REACH who="3" ten="322,106,191,371" step="2"/><T54/><D25/><U65/><E65/><V135/><F53/><W8/><G8/><T67/><D54/><U110/><E110/><V69/><REACH who="2" step="1"/><F135/><REACH who="2" ten="322,106,181,371" step="2"/><N who="1" m="51753" /><E55/><V106/><F106/><W20/><G20/><T56/><D105/><U34/><E34/><V75/><F75/><W117/><G117/><T79/><D107/><U128/><E128/><V72/><F72/><W29/><G29/><AGARI ba="5,2" hai="22,27,29,60,61,76,80,81,84,85,88" m="51753" machi="29" ten="30,2000,0" yaku="20,1,54,1" doraHai="103" who="1" fromWho="3" sc="322,0,106,55,181,0,371,-35" /><INIT seed="4,0,0,5,3,91" ten="322,161,181,336" oya="0" hai0="106,107,25,85,4,21,46,122,83,14,28,64,55" hai1="94,105,57,36,52,70,72,126,77,32,117,53,82" hai2="10,42,71,9,39,119,0,78,95,50,81,116,96" hai3="73,8,92,23,13,109,124,56,125,7,1,127,101"/><T99/><D122/><U123/><E105/><V66/><F50/><W19/><G73/><T102/><D64/><U76/><E70/><V90/><F66/><W103/><G109/><T43/><D55/><U5/><E32/><V16/><F71/><W61/><G92/><T65/><D65/><AGARI ba="0,0" hai="1,7,8,13,19,23,56,61,65,101,103,124,125,127" machi="65" ten="40,1300,0" yaku="18,1" doraHai="91" who="3" fromWho="0" sc="322,-13,161,0,181,0,336,13" /><INIT seed="5,0,0,2,2,121" ten="309,161,181,349" oya="1" hai0="130,34,80,47,115,108,95,111,41,40,83,98,6" hai1="49,22,4,101,97,129,118,63,114,9,59,56,87" hai2="76,15,44,92,106,42,70,64,88,60,32,0,19" hai3="38,55,43,21,50,61,96,36,11,128,68,48,39"/><U73/><E73/><V54/><F0/><W7/><G21/><T125/><D34/><U135/><E118/><V16/><F32/><W75/><G75/><T45/><D6/><U90/><E114/><V30/><F106/><W51/><G96/><T109/><D115/><U103/><E129/><V72/><F30/><W31/><G31/><T74/><D130/><U5/><E135/><V18/><F54/><W86/><G86/><T124/><D74/><U113/><E113/><V28/><F28/><W119/><G11/><T29/><D29/><U110/><E110/><V13/><F76/><W120/><G7/><T105/><D105/><U35/><E35/><V99/><REACH who="2" step="1"/><F72/><REACH who="2" ten="309,161,171,349" step="2"/><W10/><G55/><T131/><D131/><U93/><E63/><V126/><F126/><N who="0" m="48746" /><D40/><U1/><E5/><V100/><F100/><W77/><G43/><T58/><D58/><U25/><E101/><V23/><F23/><W79/><G128/><T12/><D12/><U24/><E22/><V65/><F65/><W2/><G2/><T127/><D127/><U116/><E59/><V84/><F84/><W133/><G10/><T66/><D66/><U122/><E122/><V78/><F78/><W102/><G79/><T123/><D123/><U117/><E117/><V14/><F14/><W112/><G77/><T33/><D33/><U8/><E8/><V20/><F20/><W17/><G120/><T69/><D69/><U57/><E57/><V3/><F3/><W46/><G68/><T71/><D71/><U89/><E116/><V94/><F94/><W27/><G119/><T67/><D109/><RYUUKYOKU ba="0,1" sc="309,-10,161,-10,171,30,349,-10" hai2="13,15,16,18,19,42,44,60,64,70,88,92,99" /><INIT seed="6,1,1,4,5,122" ten="299,151,201,339" oya="2" hai0="97,36,55,77,19,43,121,34,92,49,73,119,30" hai1="132,17,26,23,10,51,75,53,71,0,18,101,99" hai2="70,67,44,130,1,78,133,84,56,20,16,69,72" hai3="7,52,38,85,79,76,39,59,62,124,96,11,82"/><V94/><F1/><W87/><G124/><T125/><D121/><U98/><E71/><V57/><F72/><W15/><G96/><T63/><D125/><U88/><E75/><V74/><F74/><W12/><G12/><T61/><D119/><U13/><E132/><V108/><F133/><W29/><G29/><T106/><D106/><U118/><E118/><V89/><F130/><W46/><G46/><T117/><D117/><U93/><E0/><V60/><F78/><W80/><AGARI ba="1,1" hai="7,11,15,38,39,52,59,62,76,79,80,82,85,87" machi="80" ten="30,4000,0" yaku="0,1,9,1,54,1" doraHai="122" who="3" fromWho="3" sc="299,-11,151,-11,201,-21,339,53" /><INIT seed="7,0,0,5,1,69" ten="288,140,180,392" oya="3" hai0="49,16,132,88,2,44,81,91,40,30,127,61,90" hai1="118,6,74,95,1,131,70,92,83,111,129,9,113" hai2="60,116,108,56,28,67,86,105,42,45,107,4,122" hai3="35,22,43,80,106,12,48,72,96,24,114,135,79"/><W78/><G78/><T110/><D110/><U128/><E111/><V55/><F116/><W63/><G12/><T123/><D123/><U34/><E34/><V76/><F108/><W94/><G35/><T23/><D2/><U10/><E70/><V124/><F122/><W50/><G106/><T117/><D117/><U54/><E118/><V62/><F124/><W46/><G63/><T59/><D127/><U109/><E109/><V57/><F4/><W39/><G135/><T33/><D33/><U68/><E68/><V36/><REACH who="2" step="1"/><F28/><REACH who="2" ten="288,140,170,392" step="2"/><W134/><G114/><T52/><D132/><U31/><E113/><V87/><F87/><W58/><G58/><T119/><D119/><U126/><E126/><V11/><F11/><W112/><G112/><T133/><D133/><U37/><E31/><V32/><F32/><W93/><G134/><T73/><D30/><U14/><E37/><V85/><F85/><W13/><G13/><N who="0" m="9615" /><D73/><U3/><E3/><V89/><F89/><W7/><G39/><T20/><D20/><U25/><E25/><V121/><F121/><W120/><G24/><T84/><AGARI ba="0,1" hai="40,44,49,52,59,61,81,84,88,90,91" m="9615" machi="84" ten="30,7900,0" yaku="8,1,54,3" doraHai="69" who="0" fromWho="0" sc="288,89,140,-20,170,-20,392,-39" owari="377,48.0,120,-38.0,150,-25.0,353,15.0" /></mjloggm>