<mjloggm ver="2.3"><GO type="169" lobby="0"/><UN n0="%E3%82%A6%E3%83%AB%E3%83%88%E3%83%A9%E7%AB%8B%E7%9B%B4" n1="%E3%81%AE%E3%81%A1%E3%82%86%E3%82%93" n2="%E3%83%9B%E3%83%A2%E5%85%AC" n3="%E3%82%84%E3%81%B6%E3%81%84%E3%81%97" dan="17,16,16,16" rate="2202.75,2129.06,2082.18,2147.38" sx="M,M,M,M"/><TAIKYOKU oya="0"/><INIT seed="0,0,0,2,2,7" ten="250,250,250,250" oya="0" hai0="35,105,53,74,99,69,125,45,106,34,40,98,8" hai1="52,48,122,4,62,77,75,115,3,73,132,49,5" hai2="61,18,65,110,83,97,116,11,64,88,20,124,43" hai3="2,23,112,117,55,13,126,92,127,12,130,44,38"/><T15/><D74/><U6/><E122/><V31/><F110/><W108/><G108/><T101/><D125/><N who="3" m="47625" /><G117/><T135/><D135/><U120/><E120/><V70/><F124/><W16/><G112/><T91/><D69/><U85/><E115/><V59/><F116/><W71/><G130/><T67/><D67/><N who="2" m="25674" /><F43/><N who="3" m="22647" /><G2/><T119/><D53/><U28/><E132/><V58/><F70/><W118/><G118/><T100/><D91/><U109/><E109/><V114/><F61/><W93/><G71/><T41/><D119/><U78/><E28/><V79/><F114/><W131/><G131/><T89/><D89/><U9/><E75/><V57/><F79/><W66/><G66/><T0/><D0/><U76/><E73/><V50/><F50/><W113/><G113/><T82/><D82/><U47/><E62/><V103/><F103/><W134/><G134/><T29/><D29/><U96/><E85/><N who="2" m="50239" /><F97/><W90/><G55/><T68/><D68/><U63/><E63/><V81/><F81/><W21/><G90/><T107/><D107/><U56/><REACH who="1" step="1"/><E96/><REACH who="1" ten="250,240,250,250" step="2"/><V86/><F86/><W36/><G36/><T80/><D80/><U102/><E102/><V128/><F128/><W95/><G23/><T51/><REACH who="0" step="1"/><D41/><AGARI ba="0,1" hai="3,4,5,6,9,41,47,48,49,52,56,76,77,78" machi="41" ten="40,8000,1" yaku="1,1,52,1,54,1,53,1" doraHai="7" doraHaiUra="37" who="1" fromWho="0" sc="250,-80,240,90,250,0,250,0" /><INIT seed="1,0,0,3,5,135" ten="170,330,250,250" oya="1" hai0="19,31,62,24,97,89,71,69,22,34,10,6,37" hai1="90,18,0,78,54,13,59,50,26,14,7,67,123" hai2="70,45,47,74,1,17,15,88,111,116,20,55,16" hai3="2,130,126,132,83,48,84,102,134,124,46,114,82"/><U101/><E123/><V11/><F70/><W127/><G2/><T128/><D37/><U76/><E0/><V3/><F74/><W51/><G114/><T117/><D117/><U29/><E101/><V75/><F75/><W57/><G102/><T110/><D110/><U64/><E7/><V36/><F111/><W60/><G130/><T58/><D128/><U8/><E13/><V77/><F77/><N who="3" m="46159" /><G83/><T4/><D4/><U118/><E118/><V107/><F107/><W105/><G105/><T94/><D34/><U113/><E113/><V30/><F30/><W104/><G104/><T41/><D41/><U119/><E119/><V33/><F33/><W108/><G108/><T122/><D31/><U44/><E90/><V96/><F116/><W38/><G38/><T61/><D61/><U87/><E87/><V53/><F3/><W65/><G51/><T73/><D73/><U42/><E78/><V80/><F1/><W100/><G100/><T68/><D122/><U133/><E76/><V5/><F5/><W125/><G125/><T79/><D79/><U95/><E95/><N who="2" m="56423" /><F80/><W92/><G92/><T39/><D39/><U93/><E93/><V35/><F36/><W21/><G21/><T98/><D98/><U81/><E81/><V27/><F35/><W12/><G12/><T99/><D99/><U112/><E133/><V109/><F109/><W52/><AGARI ba="0,0" hai="46,48,52,57,60,65,124,126,127,132,134" m="46159" machi="52" ten="40,8000,1" yaku="18,1,52,3,54,1" doraHai="135" who="3" fromWho="3" sc="170,-20,330,-40,250,-20,250,80" /><INIT seed="2,0,0,2,1,129" ten="150,290,230,330" oya="2" hai0="122,114,4,131,89,46,79,52,17,11,8,98,72" hai1="55,124,28,31,1,19,88,84,49,107,111,94,50" hai2="70,20,26,117,9,125,118,56,87,83,92,132,53" hai3="61,14,130,3,16,5,81,73,51,75,63,121,77"/><V112/><F70/><W27/><G121/><T36/><D122/><U69/><E1/><V57/><F112/><W74/><G130/><T35/><D114/><U85/><E69/><V113/><F113/><W62/><G27/><T42/><D35/><U67/><E107/><V93/><F125/><W0/><G51/><T6/><D131/><U37/><E37/><V108/><F108/><W128/><G128/><T23/><D89/><U2/><E2/><V115/><F115/><W78/><G5/><T18/><D98/><U54/><E67/><V10/><F132/><W76/><G81/><T101/><D101/><U25/><E85/><V45/><F45/><W47/><G47/><T103/><D103/><U97/><E124/><V44/><F44/><W34/><G34/><T48/><D23/><AGARI ba="0,0" hai="0,3,14,16,23,61,62,63,73,74,75,76,77,78" machi="23" ten="50,6400,0" yaku="29,2,54,1" doraHai="129" who="3" fromWho="0" sc="150,-64,290,0,230,0,330,64" /><INIT seed="3,0,0,0,0,113" ten="86,290,230,394" oya="3" hai0="125,7,57,21,87,66,23,134,111,129,100,56,16" hai1="130,110,49,3,26,8,39,37,27,0,71,73,13" hai2="97,74,117,102,24,10,72,94,43,116,76,84,88" hai3="109,31,11,67,18,118,14,80,38,108,77,127,124"/><W121/><G121/><T122/><D122/><U89/><E71/><V50/><F24/><W126/><G38/><T33/><D33/><U65/><E65/><V123/><F123/><W46/><G67/><T1/><D111/><N who="3" m="42569" /><G46/><T135/><D125/><U41/><E110/><V101/><F10/><W29/><G118/><N who="2" m="45673" /><F50/><W45/><G45/><T22/><D100/><N who="2" m="38506" /><F43/><W59/><G59/><T131/><D87/><AGARI ba="0,0" hai="11,14,18,29,31,77,80,87,124,126,127" m="42569" machi="87" ten="40,7700,0" yaku="18,1,14,1,10,1" doraHai="113" who="3" fromWho="0" sc="86,-77,290,0,230,0,394,77" /><INIT seed="3,1,0,2,3,87" ten="9,290,230,471" oya="3" hai0="47,35,25,88,12,74,33,100,121,78,53,68,13" hai1="81,135,98,103,102,17,28,108,1,62,93,60,133" hai2="94,82,26,37,114,129,76,128,27,115,15,70,131" hai3="67,8,86,104,49,16,75,130,50,112,10,122,123"/><W14/><G112/><T63/><D121/><U101/><E1/><V4/><F70/><W69/><G75/><T40/><D74/><U113/><E113/><V29/><F37/><W97/><G130/><T55/><D78/><U117/><E108/><V34/><F94/><W95/><G104/><T80/><D100/><U54/><E117/><V22/><F82/><W107/><G107/><T43/><D68/><U127/><E127/><V24/><F76/><W48/><G86/><N who="0" m="50247" /><D35/><U106/><E106/><V105/><F105/><W44/><G69/><T23/><D33/><U45/><E28/><V134/><F134/><N who="1" m="51209" /><E17/><V64/><F64/><W73/><G67/><T120/><D120/><U77/><E45/><V83/><F83/><W11/><G73/><T66/><D66/><U61/><E54/><N who="0" m="20489" /><D63/><N who="1" m="16131" /><U71/><DORA hai="126" /><E71/><V5/><F27/><W124/><G124/><T125/><D125/><U90/><E77/><V111/><F111/><W7/><G44/><T0/><D0/><U46/><E46/><V56/><F56/><W65/><G65/><T30/><D47/><U96/><E81/><V18/><F4/><W21/><REACH who="3" step="1"/><G7/><REACH who="3" ten="9,290,230,461" step="2"/><T3/><D3/><U85/><AGARI ba="1,1" hai="85,90,93,96,98,101,102,103" m="16131,51209" machi="85" ten="40,2700,0" yaku="20,1,52,1" doraHai="87,126" who="1" fromWho="1" sc="9,-8,290,40,230,-8,461,-14" /><INIT seed="4,0,0,0,2,73" ten="1,330,222,447" oya="0" hai0="38,15,2,84,20,91,102,122,112,98,133,117,64" hai1="86,59,22,135,97,23,109,116,99,58,80,61,54" hai2="103,114,17,11,79,81,74,31,40,110,124,19,12" hai3="62,25,66,47,82,41,33,50,49,93,14,48,46"/><T121/><D2/><U68/><E68/><V105/><F124/><W16/><G82/><T111/><D38/><U92/><E116/><V18/><F110/><W77/><G77/><T76/><D117/><U56/><E109/><V7/><F114/><W85/><G33/><T39/><D39/><U57/><E135/><V13/><F31/><W115/><G115/><T37/><D37/><U118/><E118/><V27/><F40/><W87/><G25/><T55/><D112/><U26/><E92/><V72/><F27/><W131/><G131/><T134/><D111/><U78/><E22/><V5/><F74/><W52/><G50/><T53/><D64/><U75/><E75/><V106/><F103/><W113/><G93/><N who="0" m="58703" /><D15/><U129/><E129/><V36/><F36/><W120/><G120/><N who="0" m="46187" /><D20/><U88/><E23/><V51/><F51/><W29/><G29/><T95/><D53/><U60/><E26/><V32/><F32/><W125/><G125/><T0/><D55/><U24/><E24/><V65/><F65/><W21/><G113/><T42/><D42/><U127/><E127/><V104/><F104/><W34/><G34/><T83/><D0/><U130/><E130/><V28/><F28/><W132/><G132/><N who="0" m="50795" /><D95/><U89/><E60/><V94/><F94/><W126/><G126/><T67/><D67/><U119/><E119/><V101/><F101/><W30/><G30/><T9/><D9/><U107/><E107/><V3/><F3/><W90/><G62/><T44/><D44/><U100/><E100/><V8/><F8/><W69/><G69/><T71/><D71/><RYUUKYOKU ba="0,0" sc="1,10,330,10,222,10,447,-30" hai0="76,83,84,91" hai1="54,56,57,58,59,61,78,80,86,88,89,97,99" hai2="5,7,11,12,13,17,18,19,72,79,81,105,106" /><INIT seed="4,1,0,0,3,26" ten="11,340,232,417" oya="0" hai0="4,15,64,29,3,14,33,40,22,104,51,66,127" hai1="46,89,103,105,21,133,7,101,130,93,98,124,87" hai2="115,78,39,82,71,112,31,91,24,36,96,1,35" hai3="73,32,110,67,90,129,0,117,17,75,18,132,84"/><T119/><D104/><U12/><E124/><V25/><F71/><W74/><G110/><T60/><D119/><U30/><E130/><V111/><F1/><W85/><G117/><T86/><D127/><U13/><E133/><V57/><F57/><W61/><G32/><T76/><D33/><U16/><E101/><V54/><F54/><W55/><G0/><T135/><D3/><U134/><E134/><V80/><F24/><W41/><G129/><T34/><D34/><U49/><E30/><V131/><F131/><W6/><G6/><T102/><D135/><U37/><E37/><V43/><F111/><W95/><G41/><T2/><D2/><U113/><E113/><N who="2" m="43595" /><F43/><W48/><G85/><T44/><D102/><U88/><E89/><V79/><F96/><W5/><G5/><T99/><D99/><U50/><REACH who="1" step="1"/><E46/><REACH who="1" ten="11,330,232,417" step="2"/><V108/><F108/><W56/><REACH who="3" step="1"/><G132/><REACH who="3" ten="11,330,232,407" step="2"/><T125/><D125/><U58/><E58/><AGARI ba="1,2" hai="17,18,48,55,56,58,61,67,73,74,75,84,90,95" machi="58" ten="40,2600,0" yaku="1,1,2,1,53,0" doraHai="26" doraHaiUra="121" who="3" fromWho="1" sc="11,0,330,-29,232,0,407,49" /><INIT seed="5,0,0,5,4,56" ten="11,301,232,456" oya="1" hai0="105,17,76,109,96,41,66,82,48,30,95,20,16" hai1="119,83,31,12,15,18,44,131,65,71,129,42,57" hai2="110,52,77,121,81,35,59,78,85,50,58,88,101" hai3="34,25,54,37,98,23,36,114,26,70,8,93,116"/><U64/><E119/><V39/><F39/><W43/><G114/><T79/><D109/><U126/><E126/><V1/><F1/><W89/><G116/><T94/><D105/><U67/><E31/><V10/><F35/><W108/><G70/><T111/><D111/><U4/><E4/><V6/><F110/><W45/><G108/><T100/><D66/><U120/><E71/><V0/><F121/><W68/><G68/><T122/><D122/><U135/><E120/><V46/><F101/><W102/><G37/><T22/><D82/><U62/><E83/><V61/><F59/><W123/><G34/><T128/><D128/><N who="1" m="49227" /><E135/><V2/><F2/><W107/><G123/><T24/><D30/><U60/><E57/><V40/><AGARI ba="0,0" hai="0,6,10,40,46,50,52,58,61,77,78,81,85,88" machi="40" ten="20,8000,1" yaku="0,1,7,1,52,1,54,2" doraHai="56" who="2" fromWho="2" sc="11,-20,301,-40,232,80,456,-20" owari="-9,-51.0,261,-14.0,312,11.0,436,54.0" /></mjloggm>