<mjloggm ver="2.3"><GO type="41" lobby="0"/><UN n0="%E7%94%B7%E5%B1%B1" n1="%5A%61%5F%72%61%6D%65" n2="%E5%A4%A9%E7%A5%9E%E4%B9%83%E9%9B%80" n3="%E5%B0%B1%E6%B4%BB%E7%94%9F%40%E5%B7%9D%E6%9D%91%E8%BB%8D%E5%9B%A3" dan="15,14,15,16" rate="2043.61,1870.83,1968.62,2115.91" sx="M,M,M,M"/><TAIKYOKU oya="0"/><INIT seed="0,0,0,0,2,46" ten="250,250,250,250" oya="0" hai0="128,74,90,58,16,97,34,80,41,64,86,117,120" hai1="22,92,43,8,0,121,109,106,40,54,131,119,112" hai2="126,1,89,62,110,26,123,33,13,47,56,35,19" hai3="27,9,69,76,50,7,81,71,28,14,23,114,132"/><T116/><D120/><U68/><E109/><V134/><F123/><W135/><G114/><T107/><D128/><U17/><E131/><V94/><F110/><W67/><G67/><T85/><D34/><U88/><E119/><V6/><F126/><W87/><G135/><T5/><D5/><U96/><E121/><V98/><F134/><W36/><G36/><T79/><D41/><U31/><E112/><V39/><F26/><W102/><G102/><T60/><D85/><U24/><E106/><V113/><F6/><W91/><G132/><T11/><D97/><U65/><E68/><V66/><F1/><W78/><G71/><T127/><D107/><U2/><E65/><V129/><F129/><W73/><G69/><T101/><D101/><U115/><E115/><V48/><F39/><W42/><G73/><T124/><D117/><U37/><E37/><V51/><F113/><W100/><G100/><T111/><D116/><U49/><E31/><V55/><REACH who="2" step="1"/><F48/><REACH who="2" ten="250,250,240,250" step="2"/><W95/><G50/><T18/><D111/><U84/><E0/><V122/><F122/><W45/><G27/><T3/><D3/><U12/><E2/><V10/><AGARI ba="0,1" hai="10,13,19,33,35,47,51,55,56,62,66,89,94,98" machi="10" ten="20,5200,0" yaku="1,1,0,1,7,1,52,1,53,0" doraHai="46" doraHaiUra="38" who="2" fromWho="2" sc="250,-26,250,-13,240,62,250,-13" /><INIT seed="1,0,0,5,5,107" ten="224,237,302,237" oya="1" hai0="86,84,71,31,11,63,41,73,75,48,62,28,79" hai1="59,125,8,47,87,134,117,6,26,135,22,34,18" hai2="85,118,51,106,39,15,113,78,124,123,19,55,99" hai3="36,121,54,3,16,7,25,43,57,58,80,27,60"/><U40/><E117/><V10/><F118/><W56/><G121/><T119/><D119/><U61/><E125/><V91/><F124/><W102/><G102/><T14/><D41/><U5/><E87/><N who="0" m="33321" /><D48/><N who="1" m="26727" /><E34/><V114/><F39/><W64/><G80/><T52/><D52/><N who="1" m="34023" /><E8/><V50/><F78/><W2/><G36/><T101/><D11/><U77/><E77/><V109/><F123/><W76/><G43/><T126/><D79/><U35/><E35/><V105/><F99/><W68/><G76/><T30/><D126/><U4/><E135/><V103/><F103/><W111/><G111/><T53/><D101/><U20/><E134/><V33/><F33/><W13/><G54/><T12/><D53/><U1/><E1/><V45/><F109/><W97/><G97/><T23/><D23/><AGARI ba="0,0" hai="4,5,6,18,20,22,23,26" m="34023,26727" machi="23" ten="30,2900,0" yaku="8,1,54,1" doraHai="107" who="1" fromWho="0" sc="224,-29,237,29,302,0,237,0" /><INIT seed="1,1,0,5,1,113" ten="195,266,302,237" oya="1" hai0="31,48,67,115,56,86,131,60,127,98,134,97,19" hai1="119,103,4,80,66,63,72,122,57,33,34,132,92" hai2="49,13,70,6,62,2,102,101,120,96,90,114,79" hai3="77,38,107,108,46,44,23,52,123,100,17,55,75"/><U41/><E122/><V89/><F114/><W51/><G123/><T8/><D115/><U42/><E132/><V5/><F120/><W21/><G108/><T20/><D134/><U50/><E4/><V16/><F79/><W104/><G100/><T64/><D131/><U61/><E72/><V73/><F73/><W111/><G111/><T0/><D127/><U35/><E80/><V125/><F102/><W15/><G38/><T128/><D128/><U78/><E78/><V22/><F49/><W95/><G95/><T47/><D67/><U69/><E103/><V109/><F109/><W59/><G44/><T26/><D86/><U1/><E92/><V12/><F2/><W116/><G116/><T10/><D0/><U81/><E81/><V126/><F6/><W25/><G77/><T29/><D8/><U121/><E1/><V135/><F135/><W43/><G75/><T82/><D82/><U37/><E121/><V30/><F5/><W32/><G32/><T58/><D58/><U117/><E37/><V71/><F71/><W14/><G14/><N who="0" m="7639" /><D31/><U112/><E112/><V118/><F30/><N who="3" m="17711" /><G107/><T85/><D85/><U28/><E28/><V83/><F118/><W54/><G104/><T94/><D94/><U129/><E129/><V106/><F126/><W99/><G99/><T45/><D45/><U105/><E105/><V18/><F125/><W130/><G130/><T87/><D87/><U133/><E133/><V40/><F83/><W39/><G39/><T91/><D91/><U84/><E84/><V88/><F106/><W74/><G74/><T9/><D9/><RYUUKYOKU ba="1,0" sc="195,15,266,-15,302,-15,237,15" hai0="20,26,29,47,48,56,60,64,97,98" hai3="15,17,23,43,46,51,52,54,55,59" /><INIT seed="2,2,0,1,2,0" ten="210,251,287,252" oya="2" hai0="98,56,12,44,14,87,10,53,77,75,4,91,104" hai1="123,127,135,28,120,24,7,49,15,51,63,74,107" hai2="108,11,27,71,40,64,69,21,102,46,112,84,78" hai3="60,86,128,67,103,13,5,57,48,83,110,88,80"/><V2/><F112/><W79/><G110/><T8/><D75/><U41/><E74/><V115/><F115/><W106/><G128/><T76/><D44/><U121/><E135/><V39/><F108/><W100/><G106/><T94/><D104/><U3/><E127/><V70/><F102/><W92/><G48/><T68/><D68/><U95/><E107/><V134/><F134/><W118/><G118/><T59/><D98/><U114/><E114/><V111/><F111/><W22/><G83/><T89/><D89/><U132/><E132/><V58/><F84/><W109/><G109/><T66/><D66/><U82/><E82/><V101/><F101/><W16/><REACH who="3" step="1"/><G5/><REACH who="3" ten="210,251,287,242" step="2"/><N who="0" m="3087" /><D59/><U35/><E120/><V125/><F125/><W126/><G126/><T23/><D23/><U122/><E51/><AGARI ba="2,1" hai="4,10,14,51,53,56,76,77,87,91,94" m="3087" machi="51" ten="30,3900,0" yaku="8,1,52,2" doraHai="0" who="0" fromWho="1" sc="210,55,251,-45,287,0,242,0" /><INIT seed="3,0,0,5,2,128" ten="265,206,287,242" oya="3" hai0="53,104,49,45,129,39,40,35,61,29,41,47,69" hai1="26,48,36,67,51,13,19,15,131,18,114,110,85" hai2="52,6,111,5,10,43,0,11,9,121,99,55,72" hai3="34,132,22,16,60,135,75,56,115,58,14,23,42"/><W134/><G34/><T25/><D104/><U8/><E110/><V70/><F111/><W120/><G120/><T27/><D129/><U116/><E131/><V65/><F121/><W97/><G115/><T7/><D7/><U12/><E114/><V62/><F72/><W71/><G75/><T125/><D125/><U46/><E36/><V109/><F109/><W84/><G97/><T126/><D126/><U37/><E116/><V3/><F43/><W122/><G122/><T80/><D25/><U105/><E105/><V21/><F11/><W133/><G42/><T123/><D123/><U98/><E98/><V108/><F108/><W28/><G84/><T87/><D61/><U63/><E37/><V95/><REACH who="2" step="1"/><F21/><REACH who="2" ten="265,206,277,242" step="2"/><W64/><G132/><T124/><D124/><U94/><E8/><V50/><F50/><W59/><G23/><T66/><D41/><U1/><E51/><V31/><F31/><AGARI ba="0,1" hai="14,16,22,28,31,56,58,59,60,64,71,133,134,135" machi="31" ten="50,12000,1" yaku="20,1,52,3,54,1" doraHai="128" who="3" fromWho="2" sc="265,0,206,0,277,-120,242,130" /><INIT seed="3,1,0,3,2,113" ten="265,206,157,372" oya="3" hai0="51,19,95,89,74,86,36,114,23,33,65,14,77" hai1="135,28,44,72,39,45,91,63,88,27,58,1,90" hai2="6,53,47,87,122,75,98,21,59,38,120,81,50" hai3="97,104,73,60,34,115,69,2,79,105,13,16,83"/><W20/><G2/><T82/><D36/><U32/><E1/><V127/><F75/><W93/><G115/><T56/><D114/><U108/><E108/><V22/><F127/><W111/><G34/><T11/><D33/><U124/><E124/><V130/><F130/><W40/><G40/><T101/><D101/><U5/><E135/><V131/><F131/><W15/><G111/><T70/><D70/><U48/><E5/><V42/><F6/><W7/><G7/><T37/><D37/><U4/><E4/><V94/><F122/><W116/><G116/><T52/><D11/><U12/><E12/><V117/><F117/><W92/><G92/><T100/><D100/><U132/><E132/><V18/><F18/><W84/><G15/><T64/><AGARI ba="1,0" hai="14,19,23,51,52,56,64,65,74,77,82,86,89,95" machi="64" ten="30,7900,0" yaku="0,1,25,2,54,1" doraHai="113" who="0" fromWho="0" sc="265,82,206,-21,157,-21,372,-40" /><INIT seed="4,0,0,5,1,0" ten="347,185,136,332" oya="0" hai0="68,79,57,95,36,40,73,127,116,69,21,2,55" hai1="74,99,111,53,29,72,42,23,59,118,20,89,130" hai2="66,108,134,47,135,102,56,120,45,104,82,9,117" hai3="112,16,106,14,18,64,76,5,128,51,52,129,8"/><T34/><D116/><U84/><E118/><V90/><F120/><W98/><G64/><T24/><D34/><U50/><E111/><V7/><F117/><W10/><G112/><T32/><D32/><U26/><E130/><N who="3" m="50282" /><G76/><T65/><D2/><U133/><E133/><V31/><F31/><W17/><G98/><T91/><D127/><U114/><E99/><V6/><F108/><W119/><G119/><T109/><D109/><U131/><E42/><V41/><F102/><W1/><G106/><T38/><D79/><U4/><E131/><V125/><F104/><W58/><AGARI ba="0,0" hai="1,5,8,10,14,16,17,18,51,52,58" m="50282" machi="58" ten="30,7900,0" yaku="19,1,52,1,54,2" doraHai="0" who="3" fromWho="3" sc="347,-39,185,-20,136,-20,332,79" /><INIT seed="5,0,0,3,2,6" ten="308,165,116,411" oya="1" hai0="18,68,121,3,44,27,89,56,22,14,87,99,26" hai1="100,72,19,84,85,110,113,20,111,134,75,109,118" hai2="33,122,101,17,93,81,5,61,79,45,8,95,65" hai3="28,38,73,104,51,130,77,69,29,25,103,90,106"/><U126/><E118/><V74/><F122/><W48/><G38/><T1/><D121/><U63/><E113/><V57/><F33/><W59/><G69/><T98/><D68/><U120/><E120/><V21/><F101/><W11/><G130/><T71/><D71/><U119/><E119/><V34/><F34/><W115/><G115/><T16/><D3/><U128/><E128/><V50/><F17/><W49/><G90/><T105/><D1/><U37/><E37/><V86/><F21/><W0/><G59/><T4/><D4/><U132/><E126/><V114/><F74/><N who="1" m="28201" /><E63/><V62/><F62/><W23/><G29/><T52/><D44/><U70/><E70/><V47/><F47/><W55/><G55/><T46/><D46/><U53/><E53/><V54/><REACH who="2" step="1"/><F114/><REACH who="2" ten="308,165,106,411" step="2"/><W64/><G103/><T13/><D18/><U58/><E100/><V88/><F88/><W9/><G64/><T82/><D105/><U35/><E35/><V60/><F60/><W124/><G124/><T127/><D127/><U94/><E19/><V32/><F32/><W91/><G91/><T107/><D107/><U78/><E20/><V133/><F133/><W117/><G104/><T76/><D89/><N who="1" m="53543" /><E58/><V131/><F131/><W7/><G106/><T112/><D112/><U12/><E12/><AGARI ba="0,1" hai="5,8,12,45,50,54,57,61,65,79,81,86,93,95" machi="12" ten="30,8000,1" yaku="1,1,7,1,8,1,52,1,53,1" doraHai="6" doraHaiUra="10" who="2" fromWho="1" sc="308,0,165,-80,106,90,411,0" /><INIT seed="6,0,0,4,4,125" ten="308,85,196,411" oya="2" hai0="6,26,91,74,120,46,0,115,130,63,24,126,99" hai1="11,4,71,2,96,78,119,50,117,10,100,66,77" hai2="89,55,54,76,82,62,83,17,7,81,61,112,16" hai3="31,15,40,94,29,21,114,80,33,25,85,73,59"/><V127/><F127/><W131/><G131/><T23/><D130/><U58/><E11/><V22/><F112/><W132/><G114/><T124/><D120/><U123/><E50/><V57/><F7/><W88/><G132/><T72/><D115/><U108/><E58/><N who="2" m="35031" /><F76/><W68/><G68/><T28/><D6/><U12/><E12/><N who="2" m="9479" /><F17/><N who="3" m="10431" /><G73/><T38/><D0/><U3/><E78/><V18/><F18/><W122/><G122/><T110/><D72/><U103/><E77/><V134/><F134/><W70/><G70/><T49/><D74/><U37/><E103/><V34/><F34/><W14/><G40/><T107/><D38/><U84/><E123/><V105/><F105/><W35/><G35/><T95/><D107/><U27/><E84/><AGARI ba="0,0" hai="55,57,62,81,82,83,84,89" m="9479,35031" machi="84" ten="30,2900,0" yaku="8,1,54,1" doraHai="125" who="2" fromWho="1" sc="308,0,85,-29,196,29,411,0" /><INIT seed="6,1,0,4,5,29" ten="308,56,225,411" oya="2" hai0="66,120,123,72,96,74,47,125,83,35,115,82,32" hai1="114,40,91,55,16,92,54,44,135,65,5,71,87" hai2="103,41,52,112,134,81,121,42,2,31,18,107,14" hai3="45,27,89,13,70,106,20,111,24,1,6,100,22"/><V58/><F121/><N who="0" m="46666" /><D96/><U73/><E114/><V126/><F2/><W63/><G111/><T33/><D47/><U48/><E135/><V84/><F112/><W95/><G1/><T110/><D115/><U64/><E73/><N who="0" m="28265" /><D66/><U69/><E5/><V117/><F134/><W127/><G127/><T38/><D125/><U99/><E16/><V131/><F117/><W93/><G106/><T46/><D46/><U67/><E99/><V15/><F31/><W39/><G39/><T97/><D97/><U23/><E92/><V80/><F126/><W113/><G113/><T37/><D110/><U132/><E23/><V8/><F103/><W108/><G108/><T119/><D119/><U60/><E87/><V30/><F107/><W12/><G70/><N who="1" m="26634" /><E91/><V116/><F116/><W17/><G63/><T0/><D0/><U62/><E132/><V19/><F30/><W56/><G100/><T122/><N who="0" m="46674" /><T94/><DORA hai="130" /><D94/><U51/><E51/><N who="2" m="31007" /><F80/><AGARI ba="1,0" hai="32,33,35,37,38,80,82,83" m="28265,46674" machi="80" ten="50,8000,1" yaku="28,2,52,3" doraHai="29,130" who="0" fromWho="2" sc="308,83,56,0,225,-83,411,0" /><INIT seed="7,0,0,0,4,85" ten="391,56,142,411" oya="3" hai0="78,26,4,106,123,122,82,37,73,88,118,49,32" hai1="115,48,128,6,56,107,5,15,25,116,90,0,24" hai2="21,64,14,114,72,86,40,109,13,55,129,120,95" hai3="104,79,130,87,61,77,135,75,113,7,76,112,98"/><W18/><G130/><T43/><D118/><U131/><E115/><N who="3" m="44106" /><G135/><T71/><D71/><U58/><E116/><V46/><F72/><W17/><G75/><T133/><D133/><U127/><E15/><V44/><F14/><W103/><G7/><T41/><D106/><U74/><E74/><V89/><F13/><W67/><G87/><T47/><D4/><U20/><E20/><V80/><F86/><W1/><G1/><T62/><D41/><U9/><E9/><V29/><F40/><W132/><G132/><T3/><D3/><U51/><E107/><V35/><F21/><W34/><G34/><T117/><D117/><U91/><E127/><V110/><F35/><W63/><G63/><T28/><D49/><U92/><E92/><V10/><F95/><W93/><G104/><T2/><D2/><AGARI ba="0,0" hai="0,2,5,6,24,25,48,51,56,58,90,91,128,131" machi="2" ten="25,6400,0" yaku="22,2,52,2" doraHai="85" who="1" fromWho="0" sc="391,-64,56,64,142,0,411,0" owari="327,13.0,120,-38.0,142,-26.0,411,51.0" /></mjloggm>