<mjloggm ver="2.3"><GO type="97" lobby="0"/><UN n0="%6F%74%74%6F%30%35%30%38" n1="%43%68%69%6B%61%6B%61" n2="%E5%B0%B1%E6%B4%BB%E7%94%9F%40%E5%B7%9D%E6%9D%91%E8%BB%8D%E5%9B%A3" n3="%6D%69%73%63%61%73%74" dan="14,14,14,15" rate="1892.74,1954.91,1972.65,1892.00" sx="M,M,M,M"/><TAIKYOKU oya="0"/><INIT seed="0,0,0,1,3,111" ten="250,250,250,250" oya="0" hai0="66,91,96,118,131,135,45,94,30,95,62,19,33" hai1="132,102,112,129,56,80,114,29,24,82,107,130,46" hai2="89,16,116,47,105,99,122,75,69,8,48,120,85" hai3="20,32,101,38,100,81,84,71,1,124,79,59,104"/><T108/><D118/><U34/><E46/><V67/><F75/><W58/><G71/><T78/><D108/><U26/><E132/><V36/><F36/><W4/><G32/><T5/><D135/><U21/><E107/><V10/><F116/><W64/><G38/><T113/><D113/><N who="1" m="43627" /><E102/><V44/><F99/><W72/><G124/><T63/><D131/><N who="1" m="50187" /><E56/><V42/><F105/><W41/><G59/><T119/><D119/><U97/><E97/><V23/><F47/><W76/><G58/><T7/><D45/><U103/><E103/><V35/><F120/><W11/><G100/><T109/><D109/><U55/><E55/><V9/><F122/><W50/><G101/><T106/><D106/><U57/><E57/><V134/><F134/><W54/><G41/><T110/><D110/><U73/><E73/><V18/><F44/><W49/><G64/><T17/><D66/><U51/><E51/><V65/><F67/><W133/><G50/><T6/><D96/><U68/><E68/><V60/><F48/><W61/><G49/><T123/><D123/><U70/><E70/><V83/><F42/><W92/><G72/><T128/><D128/><U87/><E87/><V15/><REACH who="2" step="1"/><F35/><REACH who="2" ten="250,250,240,250" step="2"/><W115/><G115/><T52/><D33/><U25/><E34/><V28/><F28/><W90/><G133/><T31/><D31/><U117/><E117/><V0/><F0/><W121/><G104/><T27/><D30/><U74/><E74/><V127/><F127/><W3/><G121/><T40/><D40/><U14/><E29/><V12/><AGARI ba="0,1" hai="8,9,10,12,15,16,18,23,60,65,69,83,85,89" machi="12" ten="20,5200,0" yaku="1,1,0,1,7,1,54,1,53,0" doraHai="111" doraHaiUra="98" who="2" fromWho="2" sc="250,-26,250,-13,240,62,250,-13" /><INIT seed="1,0,0,2,2,23" ten="224,237,302,237" oya="1" hai0="127,63,43,129,5,97,71,69,99,67,46,83,18" hai1="96,103,84,45,133,81,95,61,2,14,8,76,100" hai2="117,35,9,28,88,21,22,102,132,20,4,50,60" hai3="31,66,125,25,39,72,121,73,53,105,114,101,85"/><U34/><E2/><V115/><F117/><W47/><G121/><T94/><D129/><U51/><E133/><V49/><F115/><W41/><G114/><T124/><D5/><U7/><E34/><V68/><F132/><W3/><G3/><T107/><D83/><U77/><E61/><V131/><F102/><W89/><G66/><T78/><D78/><U37/><E37/><V57/><F131/><W120/><G125/><T58/><D107/><U44/><E76/><V1/><F68/><W130/><G130/><T108/><D18/><U55/><E45/><V111/><F111/><W80/><G53/><T112/><D99/><U123/><E123/><V128/><F128/><W54/><G54/><T29/><D29/><U42/><REACH who="1" step="1"/><E55/><REACH who="1" ten="224,227,302,237" step="2"/><V13/><F1/><W40/><G120/><T10/><D46/><U118/><E118/><V36/><F36/><W79/><G79/><T92/><D63/><U135/><E135/><V126/><F126/><W75/><G47/><T27/><D127/><U19/><E19/><V98/><F35/><N who="3" m="20975" /><G39/><T93/><D124/><U74/><E74/><V33/><F33/><W11/><G72/><T82/><D112/><U106/><E106/><V17/><F28/><W116/><G116/><T0/><D0/><U15/><E15/><V91/><F17/><W38/><G38/><T12/><D12/><U122/><E122/><V32/><F32/><W64/><G75/><T65/><D71/><U104/><E104/><V26/><F60/><W113/><G105/><T24/><D69/><U119/><E119/><V6/><F13/><W48/><G113/><RYUUKYOKU ba="0,1" sc="224,-10,227,30,302,-10,237,-10" hai1="7,8,14,42,44,51,77,81,84,95,96,100,103" /><INIT seed="1,1,1,2,0,128" ten="214,257,292,227" oya="1" hai0="67,54,129,95,6,27,52,25,58,120,106,92,107" hai1="125,119,21,29,60,109,117,110,99,111,101,66,64" hai2="32,13,38,93,61,75,127,23,53,76,88,130,59" hai3="2,24,62,85,135,11,46,100,132,122,50,41,31"/><U35/><E35/><V74/><F130/><W39/><G122/><T42/><D129/><U10/><E10/><V83/><F32/><W134/><G100/><T113/><D113/><U28/><E125/><V36/><F127/><W20/><G62/><N who="0" m="38359" /><D107/><N who="1" m="63935" /><E21/><V51/><F75/><W47/><G85/><T96/><D106/><U105/><E105/><V112/><F112/><W30/><G30/><N who="1" m="11882" /><E60/><V86/><F61/><W34/><G20/><T12/><D120/><U65/><AGARI ba="1,1" hai="64,65,66,109,110,111,117,119" m="11882,63935" machi="65" ten="40,3900,0" yaku="14,1,10,1" doraHai="128" who="1" fromWho="1" sc="214,-14,257,52,292,-14,227,-14" /><INIT seed="1,2,0,5,0,101" ten="200,309,278,213" oya="1" hai0="66,40,126,92,47,25,20,123,39,91,3,35,54" hai1="108,48,81,79,100,10,114,89,12,93,132,41,49" hai2="127,84,45,5,68,96,104,69,71,85,59,129,44" hai3="112,118,133,135,65,72,99,106,15,109,16,4,107"/><U88/><E114/><V76/><F127/><W94/><G72/><T60/><D126/><U62/><E132/><N who="3" m="50762" /><G112/><T42/><D3/><U46/><E62/><V13/><F129/><W83/><G109/><T105/><D35/><U36/><E108/><V38/><F59/><W75/><G4/><T122/><D54/><U34/><E34/><V1/><F1/><W19/><G65/><T110/><D42/><U131/><E131/><V6/><F76/><N who="3" m="44447" /><G118/><T87/><D110/><U125/><E125/><V22/><F38/><W27/><G27/><T95/><D95/><U9/><E100/><V32/><F32/><W116/><G116/><T128/><D128/><U23/><E23/><V103/><F6/><W61/><G61/><T64/><D64/><U17/><E9/><V7/><F7/><W80/><G80/><T58/><D20/><U53/><E93/><V134/><F134/><W2/><G2/><T31/><D31/><U29/><E29/><V43/><F43/><W74/><G74/><T24/><D24/><U102/><E102/><V111/><F111/><W56/><G56/><T115/><D25/><U26/><E26/><V28/><F28/><W8/><G19/><T37/><D37/><U130/><E130/><V0/><F0/><W86/><G86/><N who="2" m="33385" /><F5/><W55/><G55/><T14/><D14/><U63/><E63/><V124/><F124/><W121/><G121/><N who="0" m="46091" /><D115/><U18/><E18/><N who="2" m="10575" /><F44/><W97/><G97/><T120/><N who="0" m="46099" /><T78/><DORA hai="30" /><D78/><U33/><E33/><V21/><F45/><W90/><AGARI ba="2,0" hai="8,15,16,90,94,99,106,107" m="44447,50762" machi="90" ten="30,7900,0" yaku="20,1,52,2,54,1" doraHai="101,30" who="3" fromWho="3" sc="200,-22,309,-41,278,-22,213,85" /><INIT seed="2,0,0,4,2,111" ten="178,268,256,298" oya="2" hai0="70,3,121,77,88,123,79,132,90,69,83,62,59" hai1="6,45,30,31,65,33,9,25,75,23,80,99,51" hai2="128,89,38,86,103,105,124,12,116,24,127,78,49" hai3="39,125,13,133,100,16,63,98,18,104,28,102,87"/><V110/><F38/><W2/><G2/><T7/><D3/><U14/><E65/><V17/><F116/><W84/><G39/><T92/><D7/><U115/><E99/><N who="2" m="61695" /><F110/><W81/><G133/><T82/><D132/><U53/><E115/><V56/><F24/><W118/><G125/><N who="2" m="48201" /><F78/><N who="0" m="29706" /><D59/><U91/><E75/><V43/><F43/><W71/><G102/><T107/><D62/><U93/><E80/><N who="0" m="30761" /><D92/><U96/><REACH who="1" step="1"/><E33/><REACH who="1" ten="178,258,256,298" step="2"/><V50/><F128/><W11/><G81/><T113/><D113/><U76/><E76/><V117/><F117/><W55/><G118/><T131/><D131/><U72/><E72/><V61/><F89/><N who="0" m="34410" /><D107/><U44/><E44/><V15/><F86/><W126/><G87/><T57/><D57/><U112/><E112/><V37/><F56/><W101/><G84/><T4/><D4/><U0/><E0/><V47/><F47/><W34/><G104/><T108/><D108/><U85/><E85/><V42/><F42/><W129/><G126/><T21/><D21/><U97/><E97/><V19/><F37/><W41/><G98/><T135/><D135/><U32/><E32/><V130/><F130/><W58/><G129/><T5/><D5/><U29/><AGARI ba="0,1" hai="6,9,14,23,25,29,30,31,45,51,53,91,93,96" machi="29" ten="20,8000,1" yaku="1,1,0,1,7,1,8,1,53,1" doraHai="111" doraHaiUra="40" who="1" fromWho="1" sc="178,-20,258,90,256,-40,298,-20" /><INIT seed="3,0,0,4,5,123" ten="158,348,216,278" oya="3" hai0="118,37,55,99,0,128,69,131,72,109,30,41,12" hai1="95,58,113,52,60,2,126,98,39,102,89,65,74" hai2="44,116,9,47,45,68,51,7,70,90,66,24,93" hai3="48,103,82,43,25,46,34,110,97,4,87,6,64"/><W134/><G134/><T111/><D118/><U79/><E39/><V3/><F116/><W16/><G64/><T107/><D72/><U18/><E2/><V78/><F78/><W100/><G110/><N who="0" m="41995" /><D0/><U104/><E113/><V80/><F80/><W19/><G34/><T77/><D77/><U94/><E126/><V135/><F135/><W5/><G25/><T11/><D30/><U127/><E127/><V54/><F24/><W73/><G73/><T10/><D69/><U101/><E18/><N who="3" m="6698" /><G97/><T33/><D33/><U130/><E130/><N who="0" m="49705" /><D12/><U28/><E28/><V21/><F70/><W71/><G71/><T81/><D81/><U36/><E79/><AGARI ba="0,0" hai="4,5,6,43,46,48,79,82,87,100,103" m="6698" machi="79" ten="30,2900,0" yaku="8,1,54,1" doraHai="123" who="3" fromWho="1" sc="158,0,348,-29,216,0,278,29" /><INIT seed="3,1,0,2,1,34" ten="158,319,216,307" oya="3" hai0="23,89,69,41,47,28,105,18,33,80,20,46,31" hai1="62,17,86,61,106,100,44,114,79,50,42,49,64" hai2="25,109,65,121,26,66,48,8,132,92,11,54,56" hai3="116,107,85,9,68,130,112,59,127,96,22,21,70"/><W118/><G112/><T90/><D105/><U43/><E114/><V87/><F121/><W123/><G123/><T129/><D33/><U88/><E79/><V113/><F113/><W111/><G130/><T40/><D69/><U53/><E106/><V134/><F109/><W1/><G127/><T14/><D129/><U119/><E100/><V24/><F92/><W74/><G74/><T103/><D103/><U124/><E124/><V5/><F87/><W37/><G37/><T83/><D14/><U4/><E4/><V135/><REACH who="2" step="1"/><F11/><REACH who="2" ten="158,319,206,307" step="2"/><W39/><G9/><T131/><D131/><U95/><E119/><V104/><F104/><W3/><G85/><T16/><AGARI ba="1,1" hai="16,18,20,23,28,31,40,41,46,47,80,83,89,90" machi="16" ten="25,8000,1" yaku="0,1,22,2,8,1,54,1" doraHai="34" who="0" fromWho="0" sc="158,93,319,-21,206,-21,307,-41" /><INIT seed="4,0,0,1,2,112" ten="251,298,185,266" oya="0" hai0="123,34,51,97,95,119,41,118,99,100,68,73,50" hai1="24,128,39,83,58,18,67,1,84,37,130,19,134" hai2="32,25,15,108,9,2,114,42,0,109,71,33,49" hai3="12,113,45,111,103,22,62,135,5,79,17,63,36"/><T116/><D68/><U104/><E1/><N who="2" m="619" /><F71/><W96/><G113/><T72/><D34/><N who="2" m="13418" /><F42/><W98/><G111/><N who="2" m="42569" /><F49/><W53/><G36/><T38/><D38/><U59/><E104/><V76/><F76/><W117/><G79/><T65/><D65/><U64/><E83/><V80/><F80/><W85/><G5/><T91/><D41/><U122/><E84/><V43/><F43/><W3/><G3/><T86/><D51/><U127/><E39/><V89/><F89/><W21/><G85/><T77/><D50/><U105/><E37/><V30/><F114/><W121/><G45/><T29/><D29/><U56/><E105/><V16/><F25/><W133/><G133/><T120/><D99/><U31/><E59/><V75/><F75/><N who="0" m="28746" /><D77/><U110/><E110/><V115/><F115/><W106/><G135/><T87/><D87/><U11/><E134/><V107/><F107/><AGARI ba="0,0" hai="86,91,95,97,100,107,116,118,119,120,123" m="28746" machi="107" ten="40,12000,1" yaku="34,2,52,3" doraHai="112" who="0" fromWho="2" sc="251,120,298,0,185,-120,266,0" owari="371,46.0,298,10.0,65,-43.0,266,-13.0" /></mjloggm>