<mjloggm ver="2.3"><GO type="169" lobby="0"/><UN n0="%E3%82%AF%E3%83%AD%E3%83%8E%E3%82%B9%40" n1="%E3%83%8F%E3%82%A4%E3%83%86%E3%83%B3%E3%83%9C%E3%83%BC" n2="%E3%81%95%E3%81%A8%E3%82%8A%E3%81%A8%E3%81%93%E3%81%84%E3%81%97" n3="%E3%82%A6%E3%83%AB%E3%83%88%E3%83%A9%E7%AB%8B%E7%9B%B4" dan="16,16,16,17" rate="2133.19,2147.15,2134.14,2191.78" sx="M,M,F,M"/><TAIKYOKU oya="0"/><INIT seed="0,0,0,5,1,58" ten="250,250,250,250" oya="0" hai0="113,77,47,128,106,109,99,19,91,129,3,17,90" hai1="92,20,76,43,115,26,52,59,117,63,22,111,102" hai2="35,39,4,33,42,110,130,116,95,49,97,94,46" hai3="103,28,132,73,85,83,7,131,65,55,51,101,48"/><T135/><D3/><U112/><E117/><V31/><F116/><W36/><G36/><T34/><D34/><U72/><E43/><V124/><F110/><W27/><G73/><T80/><D47/><U15/><E111/><V1/><F130/><N who="0" m="50282" /><D109/><U44/><E44/><V96/><F124/><W23/><G131/><T40/><D40/><U74/><E15/><V86/><F86/><W9/><G132/><T78/><D135/><U120/><E20/><V56/><F1/><W108/><G108/><T37/><D37/><U89/><E102/><V8/><F31/><W87/><G65/><T118/><D118/><U100/><E100/><V105/><F105/><W121/><G121/><T69/><D69/><U24/><E24/><V104/><F104/><W75/><G75/><N who="0" m="43071" /><D113/><N who="1" m="43595" /><E76/><V64/><F39/><W68/><G68/><T50/><D50/><U114/><E120/><V62/><F35/><W133/><G48/><T122/><D122/><U82/><E82/><V123/><F33/><W45/><G133/><T70/><D78/><U93/><E93/><N who="2" m="35339" /><F123/><W107/><G107/><T5/><D5/><U2/><E2/><V13/><AGARI ba="0,0" hai="4,8,13,42,46,49,56,62,64,96,97" m="35339" machi="13" ten="30,2000,0" yaku="8,1,52,1" doraHai="58" who="2" fromWho="2" sc="250,-10,250,-5,250,20,250,-5" /><INIT seed="1,0,0,5,3,27" ten="240,245,270,245" oya="1" hai0="16,4,52,11,94,18,58,106,44,20,57,49,46" hai1="8,100,53,41,114,97,63,69,102,116,108,26,78" hai2="135,33,67,99,37,111,24,12,109,88,21,81,56" hai3="60,40,7,35,132,134,68,133,121,6,39,101,38"/><U107/><E116/><V13/><F37/><N who="3" m="13835" /><G40/><T61/><D106/><U115/><E41/><V3/><F3/><W9/><G121/><T117/><D117/><U25/><E78/><V10/><F33/><W80/><G101/><T120/><D120/><U91/><E102/><V103/><F135/><W130/><G130/><T127/><D127/><U36/><E36/><V54/><F67/><N who="3" m="41063" /><G35/><T95/><D46/><U128/><E128/><V19/><F12/><W93/><G93/><N who="0" m="35339" /><D20/><U29/><E91/><V126/><F126/><W2/><G80/><T75/><D75/><U5/><E26/><V34/><F34/><W47/><G47/><T70/><D70/><U32/><E53/><V76/><F103/><W87/><G87/><T77/><D77/><U74/><E74/><V31/><F99/><W112/><G7/><T59/><D61/><U42/><E42/><V72/><REACH who="2" step="1"/><F88/><REACH who="2" ten="240,245,260,245" step="2"/><W131/><G131/><T30/><D30/><U79/><E79/><V98/><F98/><W104/><G104/><T96/><D96/><U14/><E108/><V45/><F45/><W55/><G112/><T125/><D125/><U110/><E110/><V23/><F23/><W90/><G90/><T62/><D62/><AGARI ba="0,1" hai="10,13,19,21,24,31,54,56,62,72,76,81,109,111" machi="62" ten="40,2600,0" yaku="1,1,52,1,53,0" doraHai="27" doraHaiUra="0" who="2" fromWho="0" sc="240,-26,245,0,260,36,245,0" /><INIT seed="2,0,0,1,5,84" ten="214,245,296,245" oya="2" hai0="12,2,85,47,77,55,89,13,21,59,91,110,29" hai1="15,108,107,25,37,54,103,11,27,132,81,74,113" hai2="71,105,40,80,50,4,82,9,48,124,118,57,18" hai3="128,100,134,43,39,121,56,31,75,116,101,98,129"/><V6/><F71/><W99/><G39/><T23/><D2/><U62/><E113/><V34/><F118/><W78/><G43/><T97/><D110/><U10/><E37/><V96/><F34/><W114/><G31/><T33/><D33/><U125/><E108/><V14/><F124/><W122/><G56/><T30/><D47/><U16/><E125/><V19/><F105/><N who="3" m="63639" /><G116/><T58/><D77/><U92/><E107/><V5/><F96/><W68/><G68/><T65/><D97/><U63/><E132/><V93/><F93/><N who="3" m="58607" /><G134/><T3/><D85/><U72/><E103/><V117/><F117/><W7/><G7/><T35/><D3/><U42/><E42/><V106/><F106/><W52/><G52/><T51/><D35/><U120/><E120/><N who="3" m="46186" /><G114/><T17/><D30/><U86/><E10/><V126/><F126/><W95/><G95/><T119/><D119/><U28/><E92/><V49/><F40/><W41/><G41/><T20/><D29/><U104/><E104/><V131/><F131/><W127/><G127/><T109/><D109/><U70/><E27/><V79/><F57/><W102/><G102/><T61/><D13/><U60/><E54/><V135/><F135/><W22/><G22/><AGARI ba="0,0" hai="12,17,20,21,22,23,51,55,58,59,61,65,89,91" machi="22" ten="40,5200,0" yaku="8,1,52,2" doraHai="84" who="0" fromWho="3" sc="214,52,245,0,296,0,245,-52" /><INIT seed="3,0,0,0,3,30" ten="266,245,296,193" oya="3" hai0="17,22,73,19,87,117,126,80,88,0,75,12,15" hai1="2,130,48,54,65,96,29,53,6,76,31,90,105" hai2="18,44,81,28,14,119,51,104,109,111,64,32,77" hai3="46,23,97,93,106,100,8,116,1,61,63,114,79"/><W57/><G116/><T118/><D0/><U123/><E123/><V99/><F119/><W98/><G114/><T134/><D134/><U39/><E39/><V55/><F64/><W102/><G79/><T82/><D126/><U135/><E76/><V52/><F55/><W103/><G103/><T42/><D42/><U92/><E65/><V112/><F112/><W72/><G72/><T95/><D75/><U7/><E2/><V62/><F62/><W129/><G129/><T115/><D115/><U70/><E70/><V128/><F128/><W124/><G124/><T21/><D80/><U9/><E105/><V41/><F41/><W91/><G46/><T113/><D113/><U58/><E135/><V68/><F68/><W127/><G127/><T120/><D120/><U20/><E20/><V121/><F121/><W69/><G69/><T89/><REACH who="0" step="1"/><D73/><REACH who="0" ten="256,245,296,193" step="2"/><U4/><E130/><V66/><F81/><W43/><G43/><T13/><D13/><U10/><E53/><V27/><F66/><W122/><G122/><T36/><D36/><U78/><E78/><V132/><F77/><W107/><G1/><T11/><D11/><AGARI ba="0,1" hai="4,6,7,9,10,11,29,31,48,54,58,90,92,96" machi="11" ten="40,1300,0" yaku="8,1" doraHai="30" who="1" fromWho="0" sc="256,-13,245,23,296,0,193,0" /><INIT seed="4,0,0,4,2,43" ten="243,268,296,193" oya="0" hai0="85,65,89,125,53,1,77,58,57,26,132,64,61" hai1="73,95,100,97,81,108,91,50,5,25,37,22,102" hai2="29,128,39,56,116,118,60,84,36,9,33,15,54" hai3="78,80,99,35,86,123,4,12,66,14,3,101,107"/><T49/><D1/><U30/><E37/><V105/><F105/><W16/><G35/><T90/><D132/><U6/><E108/><V21/><F33/><W59/><G123/><T31/><D125/><U134/><E134/><V133/><F133/><W135/><G135/><T51/><D65/><U18/><E73/><V127/><F127/><W109/><G109/><T76/><D51/><U8/><E50/><V114/><F114/><W45/><G3/><T68/><D68/><U38/><E38/><V122/><F122/><W0/><G0/><T130/><D130/><U46/><E46/><V106/><F106/><W82/><G4/><N who="1" m="1642" /><E81/><V19/><F128/><W69/><G69/><T98/><D98/><U104/><E104/><V96/><F84/><W115/><G115/><T79/><REACH who="0" step="1"/><D85/><REACH who="0" ten="233,268,296,193" step="2"/><U75/><E75/><V87/><F87/><W67/><G82/><T88/><D88/><U34/><E34/><AGARI ba="0,1" hai="26,31,34,49,53,57,58,61,64,76,77,79,89,90" machi="34" ten="40,2000,0" yaku="1,1,53,0" doraHai="43" doraHaiUra="129" who="0" fromWho="1" sc="233,30,268,-20,296,0,193,0" /><INIT seed="4,1,0,2,5,54" ten="263,248,296,193" oya="0" hai0="118,53,68,80,27,73,42,103,135,100,35,24,104" hai1="41,43,39,5,72,69,128,16,28,22,119,11,56" hai2="92,88,52,112,12,101,45,37,131,7,23,49,58" hai3="98,89,71,120,31,110,21,29,117,82,55,108,122"/><T30/><D118/><U79/><E69/><V96/><F112/><W126/><G71/><T78/><D135/><U114/><E119/><V102/><F131/><W26/><G117/><T60/><D104/><U70/><E70/><V46/><F37/><W19/><G82/><T93/><D42/><U17/><E39/><V85/><F102/><W74/><G98/><T107/><D107/><U63/><E72/><V95/><F7/><W113/><G89/><T25/><D103/><U20/><E79/><V32/><F32/><W47/><G74/><T15/><D15/><N who="1" m="5615" /><E28/><N who="3" m="10826" /><G47/><T125/><D125/><U83/><E83/><V65/><F65/><W87/><G87/><T61/><D61/><U67/><E128/><V10/><F10/><W40/><G40/><N who="1" m="15434" /><E114/><V130/><F130/><W132/><G113/><T86/><D68/><U124/><E124/><V90/><F101/><W0/><G126/><T6/><D73/><U94/><E94/><V106/><F106/><W18/><G0/><T123/><D123/><N who="3" m="47145" /><G132/><T133/><D133/><U127/><E127/><V62/><F62/><W44/><G44/><T111/><D100/><U81/><E81/><V75/><F75/><W4/><G4/><T33/><D6/><U51/><E51/><V50/><F50/><W121/><N who="3" m="47153" /><W9/><DORA hai="13" /><G55/><T91/><D30/><U36/><E36/><V105/><F105/><W59/><G59/><N who="0" m="34927" /><D35/><U57/><E57/><V109/><F109/><W84/><G110/><T8/><D111/><U34/><E34/><V129/><F129/><W116/><G108/><T14/><D33/><U66/><E66/><RYUUKYOKU ba="1,0" sc="263,-15,248,15,296,15,193,-15" hai1="16,17,20,22,56,63,67" hai2="12,23,45,46,49,52,58,85,88,90,92,95,96" /><INIT seed="5,2,0,3,3,110" ten="248,263,311,178" oya="1" hai0="56,30,40,0,19,52,37,95,31,84,20,92,113" hai1="67,63,106,39,132,3,60,47,45,96,100,77,102" hai2="73,34,57,116,71,28,46,64,14,104,21,97,86" hai3="43,10,101,105,18,131,79,1,44,129,90,98,29"/><U74/><E132/><V33/><F116/><W134/><G134/><T2/><D113/><U93/><E3/><V112/><F73/><W7/><G18/><T82/><D0/><U78/><E74/><V126/><F112/><W88/><G79/><N who="1" m="30218" /><E39/><V123/><F123/><W125/><G29/><N who="0" m="10763" /><D40/><U91/><E106/><V121/><F121/><W68/><G68/><T70/><D2/><U66/><E63/><V51/><F126/><W11/><G11/><T99/><D37/><U4/><E4/><V72/><F72/><W103/><G103/><N who="1" m="39466" /><E60/><V61/><F71/><W16/><G125/><T36/><D36/><U22/><E22/><V8/><F21/><W127/><G127/><T94/><D70/><U24/><E24/><V54/><F28/><W83/><G16/><T26/><D99/><U27/><E27/><V85/><F97/><W111/><G111/><T59/><D82/><U122/><E122/><V62/><F104/><W115/><G115/><T25/><D25/><U15/><E15/><V12/><F12/><W48/><REACH who="3" step="1"/><G83/><REACH who="3" ten="248,263,311,168" step="2"/><T23/><D23/><U118/><E118/><V80/><F80/><W130/><AGARI ba="2,1" hai="1,7,10,43,44,48,88,90,98,101,105,129,130,131" machi="130" ten="30,12000,2" yaku="1,1,2,1,0,1,19,1,54,1,53,1" doraHai="110" doraHaiUra="5" who="3" fromWho="3" sc="248,-32,263,-62,311,-32,168,136" /><INIT seed="6,0,0,2,5,128" ten="216,201,279,304" oya="2" hai0="12,21,17,7,135,5,11,32,29,127,101,96,110" hai1="130,23,42,71,58,56,38,65,57,70,106,100,0" hai2="84,14,85,117,78,129,131,22,50,114,9,69,132" hai3="51,109,105,80,27,25,36,6,126,116,31,10,34"/><V33/><F33/><W48/><G105/><T15/><D110/><U82/><E0/><V3/><F117/><W68/><G68/><T104/><D127/><U66/><E82/><V99/><F69/><N who="1" m="26121" /><E23/><V55/><F114/><W93/><G36/><T98/><D98/><U62/><E100/><V63/><F63/><W81/><G126/><T76/><D76/><U67/><E106/><V61/><F61/><W18/><G93/><T95/><D104/><U121/><E130/><N who="2" m="49675" /><F99/><W119/><G109/><T83/><D83/><U59/><E121/><V91/><F78/><W73/><G119/><T134/><REACH who="0" step="1"/><D5/><REACH who="0" ten="206,201,279,304" step="2"/><U75/><E75/><V77/><F77/><W49/><G73/><T37/><D37/><U90/><E90/><V118/><F91/><W35/><G116/><T45/><D45/><AGARI ba="0,1" hai="38,42,45,56,57,58,59,62,65,66,67" m="26121" machi="45" ten="30,8000,1" yaku="35,5" doraHai="128" who="1" fromWho="0" sc="206,-80,201,90,279,0,304,0" /><INIT seed="7,0,0,4,2,22" ten="126,291,279,304" oya="3" hai0="117,114,107,126,11,98,76,110,122,108,15,69,0" hai1="36,21,113,116,45,68,64,97,16,105,58,28,95" hai2="100,18,31,48,85,54,82,74,44,9,89,130,77" hai3="42,115,96,81,128,30,86,5,71,10,3,20,124"/><W65/><G124/><T93/><D69/><U50/><E105/><V99/><F130/><W91/><G128/><T63/><D122/><U135/><E28/><V61/><F31/><W112/><G42/><T129/><D117/><U43/><E116/><V120/><F120/><W52/><G52/><T119/><D119/><U23/><E113/><N who="3" m="43594" /><G96/><T2/><D129/><U131/><E135/><V75/><F61/><N who="3" m="40367" /><G20/><T46/><D126/><U26/><E68/><V78/><F74/><W57/><G30/><T14/><D114/><U24/><E131/><V72/><F72/><W62/><G62/><T39/><D107/><U6/><E6/><V127/><F127/><W87/><G87/><T38/><D108/><U133/><E133/><V34/><F34/><W37/><G57/><T59/><D110/><U32/><E32/><V109/><F109/><W90/><G37/><T25/><D39/><U1/><E1/><V134/><F134/><W80/><G80/><T118/><D0/><U83/><E83/><V103/><F75/><W33/><G33/><T73/><D2/><U12/><E36/><V111/><F111/><W79/><AGARI ba="0,0" hai="3,5,10,79,81,86,90,91" m="40367,43594" machi="79" ten="30,1500,0" yaku="15,1" doraHai="22" who="3" fromWho="3" sc="126,-5,291,-5,279,-5,304,15" owari="121,-38.0,286,9.0,274,-13.0,319,42.0" /></mjloggm>