<mjloggm ver="2.3"><GO type="169" lobby="0"/><UN n0="%E3%80%90%E9%BE%8D%E9%96%80%E6%B8%95%E3%82%BB%E3%82%A4%E3%83%A9%E3%80%91" n1="%E3%83%AB%E3%82%BF%E3%82%B9%E3%82%B1" n2="%E2%98%86%EF%BC%B2%EF%BC%8E%EF%BC%A4%EF%BC%8E%E2%98%85" n3="%E3%82%A6%E3%83%AB%E3%83%88%E3%83%A9%E7%AB%8B%E7%9B%B4" dan="16,17,16,17" rate="2032.08,2129.38,2105.98,2157.56" sx="M,M,M,M"/><TAIKYOKU oya="0"/><INIT seed="0,0,0,0,0,112" ten="250,250,250,250" oya="0" hai0="103,93,70,28,11,92,122,36,44,26,15,62,60" hai1="65,95,120,123,42,53,13,35,88,125,130,14,76" hai2="99,107,132,131,16,104,59,49,126,12,46,119,121" hai3="97,6,116,106,47,133,114,0,10,19,128,129,69"/><T34/><D122/><U39/><E130/><N who="3" m="50282" /><G114/><T87/><D70/><U124/><E35/><V96/><F119/><W118/><G133/><T31/><D31/><U37/><E76/><V109/><F121/><W81/><G69/><T111/><D111/><U3/><E3/><V73/><F109/><W58/><G58/><T9/><D9/><U79/><E79/><V75/><F132/><W23/><G81/><T135/><D135/><U25/><E25/><V56/><F126/><N who="1" m="48745" /><E65/><V50/><F131/><W20/><G47/><T94/><D44/><N who="1" m="23631" /><E53/><V91/><F46/><W64/><G64/><T84/><D36/><U127/><E39/><V68/><F68/><W33/><G33/><T55/><D55/><U21/><E127/><V67/><F67/><W82/><G82/><T108/><D108/><U71/><E71/><V100/><F12/><N who="1" m="4713" /><E21/><N who="3" m="8266" /><G19/><T78/><D78/><U77/><E77/><V83/><F83/><W17/><G17/><T74/><D74/><U63/><E63/><V2/><F16/><W29/><G29/><T8/><D62/><U48/><E48/><V101/><REACH who="2" step="1"/><F2/><REACH who="2" ten="250,250,240,250" step="2"/><W134/><G134/><T113/><D113/><U89/><E123/><V110/><F110/><W57/><G57/><T41/><D15/><U40/><E120/><V32/><F32/><W105/><G97/><T117/><D34/><U30/><E30/><V27/><F27/><W43/><G43/><T90/><D41/><U86/><E40/><V18/><F18/><W5/><G5/><T72/><D28/><U45/><E45/><V54/><F54/><W24/><G24/><T66/><D26/><RYUUKYOKU ba="0,1" sc="250,-30,250,10,240,10,250,10" hai1="86,88,89,95" hai2="49,50,56,59,73,75,91,96,99,100,101,104,107" hai3="0,6,10,105,106,116,118" /><INIT seed="1,1,1,1,5,117" ten="220,260,250,260" oya="1" hai0="132,75,62,100,129,48,37,95,79,53,12,109,18" hai1="108,51,87,119,43,82,45,5,10,42,21,68,72" hai2="39,123,78,28,24,32,105,47,19,114,23,61,36" hai3="106,131,88,33,57,15,35,64,83,85,17,126,118"/><U66/><E119/><V60/><F123/><W107/><G118/><T112/><D37/><U6/><E72/><V71/><F114/><W58/><G126/><T94/><D112/><U13/><E108/><V89/><F105/><W115/><G115/><T52/><D109/><U29/><E68/><V84/><F78/><W74/><G131/><T73/><D129/><U56/><E5/><V93/><F71/><W8/><G74/><T77/><D132/><U55/><E66/><V102/><F102/><W103/><G103/><T59/><D75/><U86/><E82/><V128/><F128/><W120/><G120/><T67/><D73/><U104/><E104/><V14/><REACH who="2" step="1"/><F36/><REACH who="2" ten="220,260,240,260" step="2"/><W38/><G38/><T7/><D100/><U63/><REACH who="1" step="1"/><E42/><AGARI ba="1,2" hai="14,19,23,24,28,32,39,42,47,60,61,84,89,93" machi="42" ten="40,2600,0" yaku="1,1,2,1,53,0" doraHai="117" doraHaiUra="111" who="2" fromWho="1" sc="220,0,260,-29,240,49,260,0" /><INIT seed="2,0,0,2,3,131" ten="220,231,289,260" oya="2" hai0="76,113,16,34,23,128,24,112,84,68,72,35,15" hai1="67,33,41,17,48,47,57,43,11,90,115,134,4" hai2="70,101,52,1,38,69,0,66,110,54,60,13,75" hai3="18,7,104,80,49,19,122,59,22,71,119,100,102"/><V88/><F75/><W95/><G71/><T5/><D68/><U56/><E115/><N who="0" m="44105" /><D84/><U58/><E33/><N who="0" m="12297" /><D76/><U55/><E17/><V116/><F116/><W8/><G119/><T46/><D46/><U123/><E90/><V82/><F110/><W28/><G80/><T117/><D72/><U39/><E11/><V32/><F32/><W83/><G83/><T118/><D128/><U79/><E4/><V53/><F69/><W87/><G104/><T78/><D78/><U85/><E85/><V89/><F38/><W124/><G122/><T37/><D37/><U108/><E123/><V50/><F101/><W127/><G49/><T36/><D36/><U93/><E93/><V64/><F64/><W29/><G59/><N who="1" m="22602" /><E79/><V61/><F61/><W103/><G87/><T14/><D14/><U98/><E98/><V63/><F63/><W91/><G91/><T105/><D105/><U109/><E43/><V107/><F107/><W74/><G95/><T26/><D26/><U65/><E65/><V45/><F13/><W130/><G74/><T27/><D27/><U81/><E81/><V125/><F82/><W135/><G130/><T40/><D40/><U21/><E67/><V106/><F106/><W62/><G102/><T94/><D94/><U2/><E108/><V97/><F97/><W9/><G103/><T31/><D5/><U86/><E86/><V120/><F89/><W132/><G100/><T77/><D77/><U51/><E109/><V12/><F88/><W25/><G7/><T92/><D92/><U121/><E39/><V126/><F66/><W133/><G25/><RYUUKYOKU ba="0,0" sc="220,30,231,-10,289,-10,260,-10" hai0="15,16,23,24,31,117,118" /><INIT seed="3,1,0,2,4,43" ten="250,221,279,250" oya="3" hai0="50,132,21,52,91,80,85,2,78,112,54,6,89" hai1="96,100,69,63,90,116,34,15,114,97,5,87,119" hai2="134,88,99,33,60,16,121,24,61,64,23,125,122" hai3="8,38,57,26,133,104,13,98,108,82,84,103,22"/><W83/><G133/><T39/><D132/><U95/><E34/><V27/><F134/><W120/><G120/><N who="2" m="46185" /><F125/><W19/><G108/><T73/><D39/><U3/><E3/><V1/><F1/><W10/><G38/><T79/><D112/><U56/><E69/><V37/><F37/><W102/><G102/><T4/><D2/><U109/><E109/><V115/><F115/><W74/><G74/><T65/><D65/><N who="1" m="39143" /><E114/><V36/><F36/><W35/><G57/><N who="0" m="32919" /><D73/><U111/><E111/><V128/><F128/><W18/><G35/><T32/><D32/><U9/><E100/><V44/><F44/><W48/><G48/><T101/><D101/><U14/><E14/><N who="2" m="9623" /><F33/><W131/><G131/><T58/><D21/><U7/><E7/><N who="0" m="2601" /><D79/><U126/><E126/><V28/><F28/><W77/><G83/><T41/><D41/><U123/><E123/><V45/><F45/><W25/><G10/><T47/><D47/><U62/><E9/><V110/><F110/><W55/><G55/><T46/><D46/><U17/><E95/><N who="2" m="56807" /><F60/><AGARI ba="1,0" hai="54,58,60,78,80,85,89,91" m="2601,32919" machi="60" ten="30,2000,0" yaku="8,1,54,1" doraHai="43" who="0" fromWho="2" sc="250,23,221,0,279,-23,250,0" /><INIT seed="4,0,0,4,3,97" ten="273,221,256,250" oya="0" hai0="103,9,2,109,5,89,71,78,19,80,123,23,55" hai1="11,17,124,129,22,83,132,104,74,120,88,94,16" hai2="49,130,43,53,96,54,46,112,32,52,95,90,31" hai3="28,64,87,108,41,99,65,77,58,69,10,3,6"/><T119/><D119/><U21/><E120/><V14/><F112/><W27/><G108/><T70/><D123/><U33/><E33/><V1/><F1/><W122/><G122/><T86/><D109/><U93/><E104/><V63/><F130/><W60/><G41/><T113/><D113/><U42/><E129/><V62/><REACH who="2" step="1"/><F14/><REACH who="2" ten="273,221,246,250" step="2"/><W37/><G3/><T26/><D2/><U25/><E132/><V36/><F36/><W82/><G37/><T79/><D70/><U44/><E124/><V56/><F56/><W38/><G38/><T51/><D71/><U114/><E114/><V92/><F92/><W106/><G69/><T127/><D127/><U100/><E100/><V73/><F73/><W134/><G134/><T61/><D103/><U67/><E94/><V110/><F110/><W0/><G106/><T50/><D78/><U57/><E57/><V12/><F12/><W68/><G68/><T91/><D79/><U34/><E74/><V18/><F18/><W35/><G99/><T117/><D117/><U131/><E131/><V75/><F75/><W15/><G0/><T72/><D72/><U116/><E116/><V133/><F133/><W20/><REACH who="3" step="1"/><G35/><REACH who="3" ten="273,221,246,240" step="2"/><T7/><D7/><U121/><E34/><V111/><F111/><W85/><G85/><T24/><D5/><U47/><E121/><V126/><F126/><W48/><G48/><T102/><D51/><U101/><E42/><V40/><F40/><W105/><G105/><T135/><D50/><U66/><E11/><V39/><F39/><W84/><G84/><T81/><D9/><U118/><E118/><RYUUKYOKU ba="0,2" sc="273,-15,221,-15,246,15,240,15" hai2="31,32,43,46,49,52,53,54,62,63,90,95,96" hai3="6,10,15,20,27,28,58,60,64,65,77,82,87" /><INIT seed="5,1,2,1,4,2" ten="258,206,261,255" oya="1" hai0="99,110,120,89,90,88,135,26,101,3,0,71,62" hai1="76,52,45,20,15,116,87,72,34,49,128,107,4" hai2="108,65,12,121,57,54,63,30,25,119,109,83,118" hai3="24,134,94,46,97,85,13,133,27,129,35,41,111"/><U124/><E116/><V79/><F121/><W58/><G111/><T17/><D110/><U10/><E34/><V1/><F1/><W60/><G129/><T42/><D135/><N who="3" m="51721" /><G85/><T127/><D42/><U67/><E128/><V16/><F108/><W37/><G13/><T22/><D127/><U8/><E107/><V126/><F126/><W105/><G105/><T123/><D71/><U50/><E67/><V73/><F65/><N who="3" m="39063" /><G35/><T39/><D62/><U11/><E72/><V40/><F40/><W112/><G112/><T6/><D39/><U98/><E98/><V86/><F73/><W75/><G75/><T31/><D31/><U14/><E124/><V122/><F122/><N who="0" m="46634" /><D6/><N who="1" m="3351" /><E50/><V44/><F44/><W19/><G19/><T93/><AGARI ba="1,2" hai="0,3,17,22,26,88,89,90,93,99,101" m="46634" machi="93" ten="30,2000,0" yaku="13,1,54,1" doraHai="2" who="0" fromWho="0" sc="258,43,206,-11,261,-6,255,-6" /><INIT seed="6,0,0,5,0,106" ten="301,195,255,249" oya="2" hai0="100,134,125,130,115,114,55,78,86,117,73,21,54" hai1="17,18,128,59,98,101,82,12,29,56,43,24,1" hai2="37,110,48,4,34,40,42,108,103,113,45,0,77" hai3="28,76,15,121,26,8,97,80,120,53,132,94,30"/><V14/><F0/><W3/><G53/><T89/><D130/><U36/><E1/><V51/><F113/><N who="0" m="43018" /><D125/><U74/><E128/><V60/><F34/><W91/><G132/><T9/><D134/><U92/><E43/><V25/><F25/><W20/><G30/><T6/><D100/><U135/><E36/><V96/><F77/><W35/><G35/><T111/><D111/><N who="2" m="42538" /><F60/><W46/><G46/><T93/><D117/><U50/><E135/><V57/><F57/><W62/><G62/><T10/><D21/><U129/><E129/><V27/><F27/><W64/><G64/><T63/><D63/><U90/><E24/><V2/><F2/><W5/><REACH who="3" step="1"/><G3/><REACH who="3" ten="301,195,255,239" step="2"/><N who="0" m="223" /><D10/><U116/><E29/><V107/><F40/><W31/><G31/><T88/><D54/><U67/><E67/><V109/><F109/><W79/><G79/><T68/><D55/><U22/><E116/><V39/><F39/><W41/><G41/><T58/><D78/><U119/><E119/><V105/><F37/><W49/><G49/><T126/><D68/><U32/><E32/><V118/><F118/><W65/><G65/><T99/><D58/><N who="1" m="22059" /><E50/><V69/><F69/><W85/><AGARI ba="0,1" hai="5,8,15,20,26,28,76,80,85,91,94,97,120,121" machi="85" ten="20,2700,0" yaku="1,1,0,1,7,1,53,0" doraHai="106" doraHaiUra="127" who="3" fromWho="3" sc="301,-7,195,-7,255,-13,239,37" /><INIT seed="7,0,0,2,4,87" ten="294,188,242,276" oya="3" hai0="35,3,120,98,59,74,121,105,68,62,51,44,19" hai1="72,13,119,91,92,103,36,71,66,123,126,107,102" hai2="37,40,48,58,30,16,113,95,75,97,90,60,134" hai3="77,65,82,125,99,112,115,104,69,130,94,93,56"/><W39/><G39/><T67/><D3/><U12/><E123/><V42/><F37/><W83/><G69/><T89/><D74/><U43/><E72/><V50/><F75/><W96/><G65/><T70/><D35/><U28/><E28/><V135/><F113/><N who="3" m="43595" /><G56/><T24/><D105/><U108/><E108/><V124/><F30/><W61/><G61/><T100/><D100/><U114/><E114/><V128/><F16/><W17/><G17/><T78/><D78/><U81/><E81/><V55/><F124/><W46/><G46/><T116/><D116/><U7/><E119/><V49/><REACH who="2" step="1"/><F128/><REACH who="2" ten="294,188,232,276" step="2"/><W31/><G31/><T8/><D120/><U84/><E126/><V117/><F117/><W38/><G38/><T4/><D121/><U73/><E73/><V85/><F85/><W23/><G96/><T25/><D98/><U11/><E107/><V80/><F80/><W131/><G83/><T14/><D19/><U118/><E118/><V133/><AGARI ba="0,1" hai="40,42,48,49,50,55,58,60,90,95,97,133,134,135" machi="133" ten="40,8000,1" yaku="1,1,0,1,20,1,52,1,53,0" doraHai="87" doraHaiUra="76" who="2" fromWho="2" sc="294,-20,188,-20,232,90,276,-40" owari="274,7.0,168,-33.0,322,42.0,236,-16.0" /></mjloggm>