<mjloggm ver="2.3"><GO type="169" lobby="0"/><UN n0="%74%61%6E%61%4B%61" n1="%61%31%33%31%38%34%38" n2="%E3%81%BF%E3%81%A9%E3%82%8A%E8%8C%B6" n3="%E3%82%A6%E3%83%AB%E3%83%88%E3%83%A9%E7%AB%8B%E7%9B%B4" dan="17,16,16,17" rate="2147.13,2084.94,2153.75,2223.23" sx="M,M,M,M"/><TAIKYOKU oya="0"/><INIT seed="0,0,0,0,5,59" ten="250,250,250,250" oya="0" hai0="38,125,17,9,57,68,108,15,97,63,71,100,11" hai1="16,25,49,35,55,3,86,94,75,134,1,8,66" hai2="51,111,32,78,119,36,24,98,6,26,74,109,19" hai3="62,112,73,14,129,114,87,22,101,103,33,43,130"/><T118/><D118/><U83/><E134/><V135/><F36/><W60/><G73/><T106/><D38/><U124/><E124/><V13/><F135/><W126/><G33/><T52/><D125/><U37/><E37/><V53/><F119/><W96/><G126/><T70/><REACH who="0" step="1"/><D108/><REACH who="0" ten="240,250,250,250" step="2"/><U50/><E1/><V92/><F109/><W104/><G112/><T46/><D46/><U30/><E3/><V65/><F111/><W122/><G114/><T110/><D110/><U102/><E75/><V5/><F74/><W64/><G122/><T20/><AGARI ba="0,1" hai="9,11,15,17,20,52,57,63,68,70,71,97,100,106" machi="20" ten="30,11700,0" yaku="1,1,0,1,52,1,54,1,53,0" doraHai="59" doraHaiUra="28" who="0" fromWho="0" sc="240,127,250,-39,250,-39,250,-39" /><INIT seed="0,1,0,3,1,2" ten="367,211,211,211" oya="0" hai0="132,68,100,23,31,6,8,109,84,51,24,29,107" hai1="13,129,40,117,12,102,38,64,4,52,135,126,123" hai2="87,53,14,114,15,112,36,122,124,71,21,32,55" hai3="25,99,7,44,103,96,108,5,46,77,72,17,76"/><T130/><D68/><U79/><E117/><V101/><F32/><W67/><G67/><T62/><D130/><U27/><E123/><V22/><F122/><W97/><G103/><T85/><D132/><U59/><E129/><V49/><F71/><W98/><G98/><T94/><D107/><U50/><E135/><V63/><F101/><W39/><G108/><T134/><D134/><U47/><E126/><V1/><F1/><W42/><G46/><T16/><D109/><U111/><E111/><V33/><F33/><W43/><G43/><T73/><D73/><U125/><E125/><V104/><F104/><W30/><G17/><T119/><D119/><U56/><E102/><V65/><F65/><W0/><G0/><T133/><D133/><U41/><E41/><V86/><F49/><W131/><G131/><T3/><D62/><U54/><E64/><V89/><F63/><W93/><G93/><T35/><D51/><U106/><E106/><V118/><F124/><W116/><G116/><T26/><REACH who="0" step="1"/><D31/><REACH who="0" ten="357,211,211,211" step="2"/><U45/><E50/><V80/><F118/><W127/><G127/><T9/><D9/><U78/><E38/><V83/><F36/><W48/><G39/><T10/><D10/><U28/><E28/><V20/><F112/><W11/><G11/><T74/><D74/><U88/><E40/><V19/><F114/><W110/><G110/><T34/><D34/><U113/><E113/><V61/><F61/><W82/><G72/><T58/><D58/><U120/><E120/><V121/><F121/><W37/><G37/><T91/><D91/><U57/><E88/><RYUUKYOKU ba="1,1" sc="357,30,211,-10,211,-10,211,-10" hai0="3,6,8,16,23,24,26,29,35,84,85,94,100" /><INIT seed="0,2,1,5,0,61" ten="387,201,201,201" oya="0" hai0="22,117,75,5,46,92,67,107,2,64,69,120,42" hai1="131,116,28,9,13,65,62,77,132,112,16,121,80" hai2="58,25,43,49,3,52,114,63,79,1,126,41,122" hai3="19,14,23,133,12,82,66,89,102,20,101,30,129"/><T113/><D107/><U81/><E116/><V97/><F122/><W32/><G32/><T83/><D120/><U37/><E121/><V95/><F126/><W127/><G127/><T119/><D113/><U87/><E112/><V36/><F114/><W76/><G129/><T51/><D22/><U54/><E132/><V106/><F106/><W99/><G133/><T86/><D69/><U98/><E37/><V125/><F125/><W55/><G55/><T45/><D45/><U84/><E28/><V53/><F79/><W71/><G89/><T73/><D92/><U48/><E98/><V0/><F25/><W70/><G70/><T78/><D75/><U90/><E131/><V33/><F33/><W44/><G44/><T17/><D17/><U56/><E48/><V85/><F85/><W39/><G39/><T24/><D24/><U38/><E38/><V103/><REACH who="2" step="1"/><F36/><REACH who="2" ten="387,201,191,201" step="2"/><W134/><G134/><T59/><D86/><U74/><REACH who="1" step="1"/><E74/><REACH who="1" ten="387,191,191,201" step="2"/><V29/><F29/><W93/><G30/><T57/><D117/><U68/><E68/><V47/><AGARI ba="2,3" hai="0,1,3,41,43,47,49,52,53,58,63,95,97,103" machi="47" ten="30,4000,0" yaku="1,1,0,1,54,1,53,0" doraHai="61" doraHaiUra="72" who="2" fromWho="2" sc="387,-22,191,-12,191,76,201,-12" /><INIT seed="1,0,0,4,4,71" ten="365,179,267,189" oya="1" hai0="27,76,123,119,53,26,65,106,13,80,23,11,81" hai1="28,68,44,34,30,50,1,129,29,45,115,96,14" hai2="67,63,92,78,82,2,42,19,62,21,51,124,69" hai3="88,77,4,122,118,16,86,6,17,90,130,91,133"/><U94/><E115/><V40/><F124/><W100/><G122/><T55/><D119/><U121/><E121/><V41/><F2/><W79/><G118/><T31/><D106/><U48/><E1/><V61/><F51/><N who="1" m="19497" /><E68/><V89/><F69/><W132/><G130/><T74/><D123/><U114/><E34/><V37/><F67/><W18/><G100/><T73/><D65/><U49/><E129/><V117/><F117/><W113/><G113/><T64/><D64/><U59/><E114/><V105/><F105/><W127/><G127/><T58/><D26/><U128/><E14/><V95/><F89/><W46/><G46/><N who="1" m="18026" /><E128/><V125/><F37/><W22/><G22/><T85/><D58/><U98/><E94/><V99/><F99/><N who="1" m="37929" /><E49/><V12/><REACH who="2" step="1"/><F125/><REACH who="2" ten="365,179,257,189" step="2"/><W75/><G90/><T109/><D109/><U93/><E93/><V36/><F36/><W111/><G91/><T35/><D81/><U104/><E104/><V72/><AGARI ba="0,1" hai="12,19,21,40,41,42,61,62,63,72,78,82,92,95" machi="72" ten="30,4000,0" yaku="1,1,0,1,53,1" doraHai="71" doraHaiUra="9" who="2" fromWho="2" sc="365,-10,179,-20,257,50,189,-10" /><INIT seed="2,0,0,5,2,117" ten="355,159,307,179" oya="2" hai0="86,109,24,72,91,63,64,13,31,39,54,23,134" hai1="3,12,106,58,34,123,8,95,99,40,77,55,29" hai2="25,11,118,68,30,126,16,44,28,56,17,53,110" hai3="41,108,2,50,107,120,26,135,80,73,75,71,62"/><V45/><F118/><W112/><G50/><T21/><D39/><U33/><E3/><V20/><F68/><W37/><G26/><T47/><D72/><U102/><E123/><V7/><F126/><W101/><G80/><T122/><D122/><U129/><E129/><V5/><F110/><W115/><G41/><T93/><D109/><U61/><E29/><V52/><F30/><W70/><G62/><T32/><D134/><U60/><E40/><V42/><F45/><W43/><G101/><T48/><REACH who="0" step="1"/><D13/><REACH who="0" ten="345,159,307,179" step="2"/><U88/><E12/><N who="2" m="5231" /><F7/><W65/><G75/><T84/><D84/><U59/><E8/><V1/><F1/><W131/><G73/><T94/><D94/><U36/><E36/><V132/><F132/><W49/><G135/><T124/><D124/><U67/><REACH who="1" step="1"/><E77/><REACH who="1" ten="345,149,307,179" step="2"/><V0/><F0/><W79/><G79/><T130/><D130/><U19/><E19/><V121/><F17/><W96/><G37/><T89/><D89/><U76/><E76/><V51/><F121/><W98/><G2/><T82/><D82/><U66/><E66/><V133/><F133/><W114/><G65/><T111/><D111/><U128/><E128/><V57/><F16/><W18/><G18/><T46/><D46/><U116/><E116/><V4/><F4/><W81/><G131/><T113/><D113/><U69/><E69/><AGARI ba="0,2" hai="21,23,24,31,32,47,48,54,63,64,69,86,91,93" machi="69" ten="30,2000,0" yaku="1,1,7,1,53,0" doraHai="117" doraHaiUra="74" who="0" fromWho="1" sc="345,40,149,-20,307,0,179,0" /><INIT seed="3,0,0,4,3,32" ten="385,129,307,179" oya="3" hai0="100,23,21,116,127,97,102,99,132,98,75,35,29" hai1="55,38,50,110,101,37,26,14,1,112,78,120,49" hai2="89,34,84,72,8,93,125,6,105,65,41,42,48" hai3="86,24,126,73,74,115,114,94,122,40,134,80,10"/><W30/><G122/><T118/><D75/><U22/><E112/><V2/><F125/><W130/><G40/><T121/><D127/><U5/><E120/><V124/><F124/><W77/><G126/><T68/><D121/><U88/><E110/><V31/><F105/><W129/><G10/><T96/><D68/><U36/><E78/><V15/><F72/><N who="3" m="27755" /><G24/><T79/><D79/><U119/><E119/><V51/><F65/><W90/><G30/><T13/><D132/><U59/><E101/><V0/><F48/><W54/><G54/><T107/><D35/><U111/><E111/><V82/><F41/><W91/><G134/><T11/><D116/><U103/><E103/><V12/><F12/><W39/><G39/><T3/><D3/><U46/><E14/><V43/><F43/><W69/><G69/><T28/><D118/><U17/><E88/><N who="3" m="33834" /><G94/><T128/><D28/><U67/><E67/><V18/><F93/><W76/><G76/><T109/><D29/><U71/><E71/><V61/><F61/><W19/><G19/><T16/><D100/><U47/><REACH who="1" step="1"/><E50/><REACH who="1" ten="385,119,307,179" step="2"/><V81/><F51/><W85/><G85/><T66/><D66/><U133/><E133/><V70/><F84/><W20/><G20/><T106/><D102/><U52/><E52/><V45/><F70/><W123/><G123/><T92/><D21/><U108/><E108/><V7/><F15/><W131/><AGARI ba="0,1" hai="77,80,86,114,115,129,130,131" m="33834,27755" machi="131" ten="40,12000,1" yaku="19,1,34,2,54,1" doraHai="32" who="3" fromWho="3" sc="385,-40,119,-40,307,-40,179,130" /><INIT seed="3,1,0,4,1,114" ten="345,79,267,309" oya="3" hai0="74,39,60,35,31,119,98,34,132,87,33,86,51" hai1="85,117,17,92,5,101,113,57,56,94,14,72,118" hai2="61,121,110,66,22,90,3,41,63,105,108,95,38" hai3="20,53,96,127,25,134,46,107,68,47,67,29,15"/><W0/><G0/><T40/><D74/><U129/><E113/><V120/><F3/><W128/><G127/><T13/><D39/><U2/><E72/><V125/><F105/><W7/><G128/><T88/><D132/><U4/><E129/><V75/><F75/><W82/><G134/><T126/><D126/><U27/><E27/><V93/><F125/><W64/><G107/><T122/><D119/><N who="1" m="45579" /><E2/><V70/><F63/><W50/><G68/><T77/><D122/><U21/><E94/><N who="2" m="35851" /><F90/><W115/><G115/><T80/><D98/><N who="1" m="59591" /><E85/><V79/><F22/><W44/><G96/><T26/><D13/><U18/><E18/><V11/><F79/><W8/><G82/><T43/><D77/><U89/><E89/><V111/><F11/><W103/><REACH who="3" step="1"/><G103/><REACH who="3" ten="345,79,267,299" step="2"/><T69/><D80/><U19/><E19/><V30/><F120/><W71/><G71/><T99/><D69/><U59/><AGARI ba="1,1" hai="4,5,14,17,21,56,57,59" m="59591,45579" machi="59" ten="30,7900,0" yaku="12,1,52,3" doraHai="114" who="1" fromWho="1" sc="345,-21,79,92,267,-21,299,-40" /><INIT seed="4,0,0,3,5,122" ten="324,171,246,259" oya="0" hai0="109,104,66,23,3,1,85,131,45,134,18,125,83" hai1="91,95,96,6,117,72,51,35,78,82,43,44,73" hai2="33,20,17,8,100,64,19,25,36,26,50,15,135" hai3="11,119,16,84,80,63,107,22,9,62,41,38,112"/><T110/><D131/><U102/><E117/><V92/><F36/><W121/><G107/><T55/><D104/><U21/><E35/><V34/><F135/><W99/><G119/><T68/><D134/><U128/><E128/><V14/><F64/><W5/><G121/><T39/><D125/><U46/><E73/><V67/><F67/><W32/><G32/><N who="2" m="12393" /><F50/><W114/><G99/><T108/><D66/><U132/><E132/><V56/><F56/><W124/><G124/><T123/><D68/><U2/><E44/><V29/><F100/><W113/><G5/><T90/><D123/><U42/><E43/><V118/><F92/><W10/><G41/><N who="0" m="22719" /><D55/><U70/><E70/><V59/><F59/><W30/><G30/><T77/><D77/><U69/><E69/><V105/><F105/><W61/><G38/><T4/><D4/><U116/><E116/><V115/><F115/><W57/><G57/><T49/><D49/><U133/><E133/><V130/><F130/><W101/><G101/><T31/><D31/><U89/><E6/><N who="2" m="3351" /><F118/><W88/><G62/><T74/><D74/><U87/><E89/><V47/><F47/><W12/><AGARI ba="0,0" hai="9,10,11,12,16,22,61,63,80,84,88,112,113,114" machi="12" ten="40,8000,1" yaku="0,1,15,1,54,2" doraHai="122" who="3" fromWho="3" sc="324,-40,171,-20,246,-20,259,80" /><INIT seed="5,0,0,1,1,56" ten="284,151,226,339" oya="1" hai0="63,37,4,118,1,74,96,19,125,104,38,128,102" hai1="92,30,130,17,49,9,111,57,84,106,79,52,91" hai2="6,100,2,121,98,40,20,113,110,5,126,120,15" hai3="89,95,44,10,101,67,135,75,112,133,48,83,43"/><U3/><E130/><V31/><F110/><W13/><G67/><T73/><D118/><U61/><E111/><V32/><F126/><W132/><G112/><T24/><D125/><U70/><E106/><V114/><F40/><W12/><G101/><T11/><D128/><U76/><E30/><V28/><F100/><W53/><G53/><T8/><D19/><U42/><E70/><V41/><F98/><N who="3" m="57711" /><G10/><T86/><D86/><U16/><E3/><V123/><F41/><W54/><G54/><T14/><D14/><N who="1" m="7247" /><E17/><N who="2" m="10303" /><F2/><W46/><G46/><AGARI ba="0,0" hai="42,46,49,52,57,61,76,79,84,91,92" m="7247" machi="46" ten="30,11600,0" yaku="8,1,52,1,54,2" doraHai="56" who="1" fromWho="3" sc="284,0,151,116,226,0,339,-116" /><INIT seed="5,1,0,5,5,39" ten="284,267,226,223" oya="1" hai0="0,123,31,78,91,53,134,102,65,128,13,70,26" hai1="46,122,112,105,57,101,82,93,113,14,76,54,115" hai2="66,69,73,55,11,10,49,48,60,129,17,107,62" hai3="34,127,9,51,106,64,24,68,47,2,125,96,95"/><U124/><E122/><V74/><F107/><W94/><G2/><T44/><D0/><U67/><E124/><N who="3" m="47690" /><G9/><T80/><D128/><U30/><E105/><V130/><F55/><W16/><G64/><T83/><D134/><U27/><E67/><V25/><F25/><W33/><G68/><T121/><D102/><U97/><E14/><V79/><F17/><W81/><G81/><T28/><D28/><U59/><E54/><V108/><F79/><W111/><G111/><T119/><D119/><U41/><E82/><V42/><F69/><W131/><G131/><T23/><D91/><U5/><E76/><V22/><F22/><N who="3" m="13383" /><G106/><T21/><D65/><U89/><E5/><V75/><F75/><W87/><G87/><T15/><D70/><U43/><E101/><V98/><F98/><W103/><G95/><T90/><D90/><U63/><E63/><V92/><F66/><W1/><G1/><T12/><D21/><N who="1" m="15727" /><E43/><AGARI ba="1,0" hai="33,34,43,47,51,94,96,103" m="13383,47690" machi="43" ten="30,3900,0" yaku="18,1,52,1,54,1" doraHai="39" who="3" fromWho="1" sc="284,0,267,-42,226,0,223,42" /><INIT seed="6,0,0,2,2,95" ten="284,225,226,265" oya="2" hai0="68,55,48,37,56,30,53,39,96,45,88,70,132" hai1="93,17,5,1,63,71,67,133,84,52,24,85,98" hai2="50,42,114,116,49,130,58,6,22,31,123,14,32" hai3="102,38,9,29,59,99,127,20,117,46,129,54,33"/><V62/><F123/><W80/><G33/><T131/><D30/><U128/><E128/><V7/><F116/><W91/><G117/><T25/><D25/><U18/><E133/><V113/><F130/><W27/><G129/><T51/><D131/><U89/><E52/><N who="2" m="34119" /><F32/><W15/><G127/><T118/><D118/><U0/><E18/><N who="2" m="10583" /><F31/><W41/><G91/><T122/><D122/><U66/><E66/><V126/><F126/><W64/><G80/><T106/><D132/><U23/><REACH who="1" step="1"/><E5/><REACH who="1" ten="284,215,226,265" step="2"/><N who="2" m="1547" /><F42/><W76/><G64/><T111/><D68/><U79/><E79/><V43/><F43/><W16/><G76/><T121/><D70/><U86/><AGARI ba="0,1" hai="0,1,17,23,24,63,67,71,84,85,86,89,93,98" machi="86" ten="30,4000,0" yaku="1,1,0,1,52,1,53,0" doraHai="95" doraHaiUra="40" who="1" fromWho="1" sc="284,-10,215,50,226,-20,265,-10" /><INIT seed="7,0,0,5,0,23" ten="274,265,206,255" oya="3" hai0="7,58,123,51,122,25,26,83,118,135,126,131,65" hai1="43,61,34,56,86,82,19,81,57,120,70,3,127" hai2="110,63,125,121,44,59,74,10,13,49,101,54,130" hai3="21,17,124,15,103,28,88,116,107,48,87,9,72"/><W47/><G72/><T85/><D118/><U77/><E120/><V96/><F121/><W35/><G116/><T8/><D131/><U60/><E127/><V41/><F130/><W46/><G35/><T132/><D126/><U91/><E3/><V100/><F125/><W76/><G124/><T115/><D115/><U38/><E34/><V53/><F110/><W108/><G76/><N who="0" m="46311" /><D122/><U62/><E70/><V50/><F74/><W11/><G108/><T55/><D65/><U16/><E43/><V109/><F109/><W104/><G103/><T37/><D37/><U71/><E38/><V52/><F50/><W24/><G9/><T80/><D80/><U75/><REACH who="1" step="1"/><E71/><REACH who="1" ten="274,255,206,255" step="2"/><V22/><F22/><W98/><G21/><T119/><D123/><U117/><E117/><V73/><F73/><W89/><G11/><T90/><D119/><U133/><E133/><V0/><F0/><W12/><G107/><T40/><D135/><U95/><E95/><N who="2" m="58399" /><F101/><W97/><G104/><T102/><D102/><U84/><E84/><V45/><F45/><W99/><G47/><T36/><D132/><U113/><E113/><V93/><F93/><W78/><G87/><T129/><D36/><U92/><E92/><V27/><F27/><W39/><G39/><T18/><D129/><U29/><E29/><V14/><F14/><N who="3" m="5163" /><G28/><T5/><D26/><U106/><E106/><V134/><F134/><W33/><G33/><T32/><D32/><U42/><E42/><V2/><F2/><W128/><G128/><T64/><D40/><U20/><E20/><V31/><F31/><W79/><G46/><RYUUKYOKU ba="0,1" sc="274,-15,255,15,206,15,255,-15" hai1="16,19,56,57,60,61,62,75,77,81,82,86,91" hai2="10,13,41,44,49,52,53,54,59,63" /><INIT seed="8,1,1,0,5,51" ten="259,270,221,240" oya="0" hai0="40,124,8,103,43,18,80,82,37,88,93,20,101" hai1="7,107,97,76,46,131,38,115,98,62,3,125,41" hai2="53,14,58,72,120,22,33,108,113,30,50,112,87" hai3="92,45,6,35,130,59,12,122,90,95,15,109,10"/><T23/><D124/><U104/><E125/><V44/><F72/><W16/><G35/><T65/><D65/><U32/><E131/><V42/><F108/><W11/><G109/><T66/><D66/><U106/><E115/><V86/><F120/><W119/><G130/><T4/><D23/><U135/><E135/><V79/><F33/><W61/><G122/><T78/><D103/><U116/><E116/><V100/><F100/><W83/><G45/><T57/><D57/><U27/><E76/><V134/><F134/><W56/><G56/><T17/><D101/><N who="1" m="62511" /><E98/><V70/><F70/><W48/><G48/><T34/><D34/><U19/><E62/><V68/><F68/><W31/><G31/><T36/><D36/><U128/><E128/><V123/><F123/><W69/><G69/><T121/><D121/><U96/><E96/><V81/><F86/><N who="3" m="50527" /><G119/><T25/><D17/><U129/><E19/><V21/><F21/><W84/><G84/><N who="0" m="48151" /><D82/><U99/><E99/><V105/><F105/><W28/><G28/><T5/><D37/><U0/><E129/><V89/><F79/><W60/><G60/><T75/><D75/><U133/><E133/><V13/><F13/><W127/><G127/><T74/><D74/><U9/><E0/><V91/><F91/><W67/><AGARI ba="1,1" hai="6,10,11,12,15,16,59,61,67,92,95" m="50527" machi="67" ten="30,2000,0" yaku="8,1,54,1" doraHai="51" who="3" fromWho="3" sc="259,-11,270,-6,221,-6,240,33" /><INIT seed="9,0,0,0,5,16" ten="248,264,215,273" oya="1" hai0="125,8,33,92,66,37,4,48,19,134,11,63,22" hai1="126,91,65,32,46,1,86,96,101,9,61,18,103" hai2="100,132,55,73,45,3,98,38,84,87,110,14,102" hai3="81,114,117,113,121,129,70,71,67,30,28,49,39"/><U20/><E32/><V108/><F3/><W120/><G49/><T75/><D37/><U82/><E126/><V31/><F132/><W69/><G67/><T99/><D134/><U95/><E46/><V26/><F73/><W34/><G39/><T112/><D112/><N who="3" m="43113" /><G81/><T123/><D33/><U130/><E130/><V88/><F100/><W21/><G21/><T64/><D75/><U107/><E1/><V35/><F84/><W7/><G7/><T78/><D78/><U17/><E9/><N who="0" m="3657" /><D4/><U128/><E128/><V133/><F14/><W77/><G77/><T54/><D63/><U127/><E127/><V60/><F133/><W79/><G79/><T72/><D72/><U119/><E107/><V105/><F60/><W118/><G129/><T109/><D109/><U51/><E51/><V36/><F36/><W83/><G83/><T42/><D42/><U56/><E119/><N who="3" m="45578" /><G34/><T76/><D123/><AGARI ba="0,0" hai="28,30,69,70,71,120,121,123" m="45578,43113" machi="123" ten="40,8000,1" yaku="28,2,16,1,12,1" doraHai="16" who="3" fromWho="0" sc="248,-80,264,0,215,0,273,80" owari="168,-33.0,264,6.0,215,-18.0,353,45.0" /></mjloggm>