<mjloggm ver="2.3"><GO type="41" lobby="0"/><UN n0="%E3%82%86%E3%81%A3%E3%81%8D%E3%82%85%E3%82%93" n1="%EF%BD%99%EF%BD%99%EF%BD%99%73%61%74%6F" n2="%E5%B0%B1%E6%B4%BB%E7%94%9F%40%E5%B7%9D%E6%9D%91%E8%BB%8D%E5%9B%A3" n3="%E3%83%8F%E3%83%A0%E3%81%95%E3%81%84%E3%81%A6%E3%82%87" dan="16,15,14,14" rate="2087.76,1923.28,1963.56,1988.92" sx="F,M,M,M"/><TAIKYOKU oya="0"/><INIT seed="0,0,0,2,5,41" ten="250,250,250,250" oya="0" hai0="122,34,110,107,48,98,7,56,72,105,75,51,45" hai1="104,69,32,36,16,35,135,57,30,83,73,117,95" hai2="102,118,50,111,70,81,24,68,99,10,53,19,44" hai3="85,28,112,38,77,23,25,93,4,96,87,60,14"/><T6/><D122/><U132/><E69/><V121/><F118/><W52/><G112/><T17/><D34/><N who="1" m="12843" /><E104/><V9/><F121/><W0/><G0/><T76/><D17/><U116/><E95/><V31/><F111/><W128/><G38/><T20/><D20/><U109/><E36/><V49/><F81/><W71/><G128/><T113/><D113/><U106/><E106/><V126/><F126/><W64/><G77/><T131/><D131/><U1/><E1/><V11/><F19/><W8/><REACH who="3" step="1"/><G52/><REACH who="3" ten="250,250,250,240" step="2"/><N who="0" m="31751" /><D110/><U27/><E109/><V39/><F39/><W86/><G86/><T46/><D75/><U127/><E73/><V37/><F37/><W43/><G43/><T114/><D114/><U65/><E117/><V63/><F49/><W62/><G62/><T78/><D72/><U66/><E116/><V61/><F63/><W133/><G133/><T108/><D108/><U58/><E135/><V84/><F84/><W5/><G5/><N who="0" m="1547" /><D107/><U100/><E132/><V134/><F134/><W94/><G94/><T2/><D105/><U12/><E127/><V101/><F61/><W103/><AGARI ba="0,1" hai="4,8,14,23,25,28,60,64,71,85,87,93,96,103" machi="103" ten="20,2700,0" yaku="1,1,0,1,7,1,53,0" doraHai="41" doraHaiUra="13" who="3" fromWho="3" sc="250,-13,250,-7,250,-7,240,37" /><INIT seed="1,0,0,0,2,85" ten="237,243,243,277" oya="1" hai0="122,50,14,29,45,128,72,96,66,88,18,2,49" hai1="84,97,77,6,107,127,52,55,4,74,61,47,75" hai2="32,71,79,40,124,23,133,33,89,80,129,0,70" hai3="7,26,19,36,93,38,22,95,102,54,105,69,30"/><U83/><E127/><V119/><F0/><W44/><G69/><T67/><D2/><U25/><E55/><V41/><F23/><W112/><G112/><T35/><D72/><U68/><E25/><V12/><F12/><W131/><G131/><T37/><D37/><U121/><E121/><V110/><F79/><W5/><G105/><T31/><D128/><U108/><E108/><V1/><F1/><W114/><G114/><T78/><D78/><U101/><E68/><V92/><F80/><W126/><G126/><T98/><D122/><U87/><E87/><V15/><F15/><W10/><G36/><T73/><D73/><U17/><E17/><V8/><F70/><W57/><G44/><T117/><D117/><U81/><E75/><V21/><F71/><W116/><G38/><T53/><D98/><U135/><E135/><V132/><F110/><W63/><G116/><T86/><D96/><U130/><E130/><V64/><F124/><W58/><G58/><T125/><D49/><U13/><E13/><V100/><F119/><W28/><G102/><T20/><D125/><U9/><E9/><V103/><F103/><W90/><G93/><N who="0" m="54423" /><D35/><U94/><E47/><V111/><F111/><W27/><G10/><T11/><D20/><U60/><E60/><V91/><F21/><N who="3" m="13631" /><G30/><AGARI ba="0,0" hai="11,14,18,29,30,31,45,50,53,66,67" m="54423" machi="30" ten="30,3900,0" yaku="8,1,52,1,54,1" doraHai="85" who="0" fromWho="3" sc="237,39,243,0,243,0,277,-39" /><INIT seed="2,0,0,3,5,117" ten="276,243,243,238" oya="2" hai0="89,20,36,72,49,22,91,50,112,131,61,35,69" hai1="58,62,37,84,18,88,44,128,28,129,99,34,13" hai2="14,68,7,52,133,119,17,124,109,64,12,73,1" hai3="67,111,106,6,101,30,26,115,105,77,3,120,25"/><V110/><F119/><W113/><G120/><T19/><D36/><U74/><E74/><V103/><F73/><W134/><G134/><T45/><D72/><U123/><E34/><V31/><F1/><W81/><G111/><N who="2" m="42505" /><F133/><W95/><G67/><T0/><D35/><U78/><E28/><V2/><F2/><W102/><G6/><T27/><D61/><U46/><E78/><V5/><F31/><W130/><G130/><N who="1" m="50282" /><E99/><V66/><F103/><N who="3" m="39435" /><G95/><T127/><D0/><U98/><E98/><V47/><F124/><W55/><G55/><T104/><D127/><U63/><E37/><V71/><F66/><W59/><G59/><T10/><D131/><U53/><E63/><N who="2" m="39967" /><F71/><W97/><G3/><T32/><D69/><U135/><E135/><V16/><F12/><W15/><G15/><T24/><D24/><N who="3" m="9321" /><G30/><T40/><D27/><U56/><E56/><V94/><F94/><W87/><G97/><T86/><D32/><U80/><E123/><V85/><F85/><W65/><G65/><T76/><D86/><U92/><E92/><V116/><F116/><W54/><G54/><T41/><D41/><U70/><E70/><V33/><F33/><W126/><G126/><T57/><D40/><U107/><E107/><V125/><F125/><W121/><G121/><T79/><D104/><U122/><E122/><V38/><F38/><W60/><G60/><T114/><D57/><U83/><E83/><V82/><F82/><W93/><G93/><T8/><D45/><U96/><E96/><V132/><F132/><W11/><G11/><AGARI ba="0,0" hai="11,13,18,44,46,53,58,62,80,84,88" m="50282" machi="11" ten="30,2000,0" yaku="19,1,54,1" doraHai="117" who="1" fromWho="3" sc="276,0,243,20,243,0,238,-20" /><INIT seed="3,0,0,3,3,123" ten="276,263,243,218" oya="3" hai0="75,66,44,61,8,106,49,14,68,86,0,72,18" hai1="130,46,5,116,101,124,21,2,39,87,65,28,4" hai2="17,11,53,55,128,112,41,58,6,84,109,110,73" hai3="107,33,48,135,74,38,25,103,118,40,52,70,96"/><W122/><G122/><T22/><D106/><U88/><E116/><V93/><F73/><W26/><G118/><T77/><D77/><U126/><E101/><V31/><F112/><W64/><G74/><T131/><D131/><U59/><E130/><V119/><F119/><W71/><G135/><T7/><REACH who="0" step="1"/><D86/><REACH who="0" ten="266,263,243,218" step="2"/><U105/><E105/><V47/><F128/><W89/><G89/><T90/><D90/><U129/><E129/><V92/><F84/><W134/><G107/><T132/><D132/><U91/><E91/><V69/><F92/><W50/><G96/><T57/><D57/><U20/><E87/><V24/><F93/><W108/><G103/><T104/><D104/><U3/><E88/><V111/><F69/><W12/><G134/><T81/><D81/><U13/><E59/><V10/><F58/><W85/><G71/><T42/><AGARI ba="0,1" hai="0,7,8,14,18,22,42,44,49,61,66,68,72,75" machi="42" ten="20,2700,0" yaku="1,1,0,1,7,1,53,0" doraHai="123" doraHaiUra="27" who="0" fromWho="0" sc="266,37,263,-7,243,-7,218,-13" /><INIT seed="4,0,0,5,5,84" ten="303,256,236,205" oya="0" hai0="64,32,124,2,62,12,117,103,75,131,85,50,99" hai1="107,9,35,22,58,17,67,61,26,60,49,36,113" hai2="76,71,119,51,133,44,25,82,28,63,54,0,52" hai3="42,74,20,98,14,1,95,135,68,90,122,132,5"/><T43/><D117/><U79/><E107/><V109/><F0/><W120/><G68/><T56/><D75/><U111/><E111/><V96/><F109/><W30/><G74/><T24/><D2/><U112/><E79/><V29/><F119/><W70/><G70/><T38/><D38/><U34/><E36/><V81/><F133/><N who="3" m="51275" /><G42/><T4/><D131/><U87/><E49/><V105/><F29/><W89/><G1/><T33/><D124/><U40/><E40/><V104/><F104/><W45/><G45/><T8/><D24/><U78/><E9/><V110/><F110/><W10/><G89/><T121/><D121/><N who="3" m="46697" /><G20/><T114/><D114/><N who="1" m="44139" /><E61/><V16/><F71/><W123/><N who="3" m="46705" /><W77/><DORA hai="129" /><G30/><T47/><REACH who="0" step="1"/><D85/><REACH who="0" ten="293,256,236,205" step="2"/><U53/><E67/><V106/><F28/><W88/><G90/><T27/><D27/><U116/><E116/><V59/><F25/><W37/><G37/><T134/><D134/><U97/><E97/><V100/><F96/><W86/><G77/><T130/><D130/><U69/><E87/><AGARI ba="0,1" hai="5,10,14,86,87,88,95,98" m="46705,51275" machi="87" ten="50,12000,2" yaku="20,1,13,1,52,4,54,1" doraHai="84,129" who="3" fromWho="1" sc="293,0,256,-120,236,0,205,130" /><INIT seed="5,0,0,3,5,129" ten="293,136,236,335" oya="1" hai0="115,123,12,51,84,21,102,117,45,118,127,91,90" hai1="56,76,83,67,121,106,27,53,7,26,133,4,22" hai2="30,93,126,5,24,16,14,86,103,105,10,100,60" hai3="38,2,116,34,3,50,44,75,69,96,61,112,39"/><U25/><E121/><V49/><F105/><W79/><G34/><T33/><D33/><U29/><E106/><V55/><F126/><W36/><G116/><T72/><D72/><U122/><E122/><V54/><F5/><W8/><G112/><T85/><D123/><U132/><E67/><V134/><F134/><N who="1" m="51817" /><E7/><V108/><F108/><W57/><G69/><T95/><D127/><U42/><E42/><V31/><F60/><W17/><G96/><T99/><D115/><U113/><E113/><V59/><F54/><W114/><G114/><T88/><D117/><U107/><E4/><V71/><F71/><W0/><G79/><T23/><D118/><U101/><E101/><N who="2" m="38987" /><F24/><W63/><G75/><T92/><D12/><U98/><E98/><V70/><F70/><W43/><G57/><T13/><D13/><U73/><E107/><V9/><F9/><W78/><G78/><T74/><D74/><U46/><E46/><V47/><F47/><W19/><G8/><T82/><D102/><U41/><E41/><AGARI ba="0,0" hai="21,23,41,45,51,82,84,85,88,90,91,92,95,99" machi="41" ten="30,3900,0" yaku="7,1,8,1,54,1" doraHai="129" who="0" fromWho="1" sc="293,39,136,-39,236,0,335,0" /><INIT seed="6,0,0,2,0,43" ten="332,97,236,335" oya="2" hai0="59,125,85,73,99,134,106,78,124,20,70,56,65" hai1="115,9,132,46,108,10,38,82,105,95,27,97,77" hai2="91,110,67,86,104,60,33,121,100,30,5,57,40" hai3="79,2,26,93,72,23,71,21,29,11,1,19,122"/><V52/><F121/><W49/><G71/><T13/><D134/><U55/><E132/><V54/><F110/><W96/><G122/><T51/><D73/><U120/><E120/><V16/><F5/><W39/><G39/><T80/><D106/><U64/><E64/><V123/><F123/><W127/><G127/><N who="0" m="48715" /><D99/><U24/><E115/><V102/><F40/><W32/><G23/><T53/><D70/><U47/><E108/><V90/><F30/><W3/><G79/><T114/><D114/><U61/><E105/><V4/><F4/><W44/><G72/><T48/><D65/><U41/><E61/><V113/><F33/><W50/><G11/><T8/><D20/><U0/><E0/><V129/><F129/><W92/><G49/><N who="0" m="30767" /><D59/><U109/><E109/><V63/><F113/><W83/><G83/><T133/><D133/><U111/><E111/><V18/><F91/><W87/><G87/><T119/><D119/><U74/><E10/><V135/><F135/><W98/><G98/><T118/><D118/><U17/><E9/><V36/><F36/><W35/><G35/><T7/><AGARI ba="0,0" hai="7,8,13,48,51,78,80,85" m="30767,48715" machi="7" ten="30,1100,0" yaku="18,1" doraHai="43" who="0" fromWho="0" sc="332,11,97,-3,236,-5,335,-3" /><INIT seed="7,0,0,0,2,89" ten="343,94,231,332" oya="3" hai0="98,44,59,128,105,47,7,53,67,63,131,56,48" hai1="91,122,1,73,124,17,132,87,65,3,54,97,15" hai2="40,34,45,81,4,74,99,32,60,75,95,25,116" hai3="58,93,90,104,76,26,31,115,2,85,6,126,86"/><W88/><G104/><T84/><D7/><U110/><E73/><V50/><F116/><W12/><G2/><T119/><D119/><U46/><E97/><V24/><F4/><W61/><G126/><T37/><D84/><U27/><E132/><V77/><F74/><W39/><G39/><T133/><D133/><U117/><E124/><V5/><F5/><W16/><G6/><T125/><D125/><U69/><E122/><V0/><F0/><W121/><G121/><T43/><D105/><U18/><E110/><V49/><F34/><W106/><G106/><T130/><D98/><U96/><E117/><V19/><F32/><W29/><G76/><T100/><D100/><U134/><E96/><V103/><F19/><W35/><G115/><T23/><D23/><U113/><E134/><V120/><F120/><W127/><G127/><T13/><D13/><U64/><E113/><V135/><F135/><W70/><G70/><AGARI ba="0,0" hai="37,43,44,47,48,53,56,59,63,67,70,128,130,131" machi="70" ten="40,8000,1" yaku="19,1,34,3" doraHai="89" who="0" fromWho="3" sc="343,80,94,0,231,0,332,-80" owari="423,53.0,94,-41.0,231,-17.0,252,5.0" /></mjloggm>