<mjloggm ver="2.3"><GO type="169" lobby="0"/><UN n0="%E8%8F%AF%E6%B5%81" n1="%73%61%69%72%61%73%75" n2="%E3%82%A6%E3%83%AB%E3%83%88%E3%83%A9%E7%AB%8B%E7%9B%B4" n3="%E5%8F%8A%E5%B7%9D%E5%86%B0%E9%BA%97" dan="16,16,17,16" rate="2069.25,2099.84,2162.14,2074.40" sx="F,M,M,M"/><TAIKYOKU oya="0"/><INIT seed="0,0,0,4,0,132" ten="250,250,250,250" oya="0" hai0="5,58,87,126,124,80,48,134,32,28,133,64,74" hai1="3,35,128,57,40,84,37,105,30,9,97,34,96" hai2="22,6,61,15,82,102,114,36,46,53,29,14,72" hai3="121,94,54,49,135,81,73,120,44,130,23,21,50"/><T47/><D5/><U119/><E119/><V98/><F114/><W18/><G130/><T71/><D71/><U10/><E84/><V95/><F36/><W125/><G125/><N who="0" m="48235" /><D74/><U38/><E57/><V108/><F108/><W65/><G135/><N who="0" m="51723" /><D28/><U118/><E118/><V33/><F6/><W63/><G73/><T79/><D32/><U107/><E40/><V91/><F33/><W83/><G50/><T8/><D8/><U51/><E51/><N who="2" m="28919" /><F72/><W27/><G94/><T19/><D19/><U106/><E128/><V92/><F92/><W93/><G93/><T104/><D104/><U7/><E107/><V89/><F29/><W39/><G39/><T88/><D58/><U68/><E30/><V109/><F109/><W90/><G21/><T11/><D11/><U123/><E7/><V41/><F22/><W115/><G23/><T76/><D64/><U1/><REACH who="1" step="1"/><E123/><REACH who="1" ten="250,240,250,250" step="2"/><V117/><F117/><W62/><G121/><T101/><D101/><U26/><E26/><V2/><F102/><W31/><G27/><T60/><D60/><U131/><E131/><V122/><F61/><W78/><G62/><T0/><D0/><U113/><E113/><V100/><F2/><W12/><G115/><T43/><AGARI ba="0,1" hai="43,47,48,76,79,80,87,88" m="51723,48235" machi="43" ten="30,18000,2" yaku="18,1,20,1,52,3,54,1" doraHai="132" who="0" fromWho="0" sc="250,190,240,-60,250,-60,250,-60" /><INIT seed="0,1,0,4,4,68" ten="440,180,190,190" oya="0" hai0="17,25,40,39,85,130,78,30,23,133,121,76,123" hai1="38,21,59,4,3,56,67,98,72,60,96,28,114" hai2="7,58,65,14,109,88,37,73,6,9,110,32,112" hai3="54,42,33,100,50,46,63,92,125,36,102,117,29"/><T74/><D74/><U129/><E72/><V20/><F32/><W71/><G117/><T87/><D130/><U104/><E129/><V101/><F112/><W11/><G125/><T122/><D133/><U13/><E104/><V61/><F101/><W113/><G113/><T128/><D128/><U127/><E127/><V132/><F132/><W135/><G135/><T80/><D17/><U18/><E28/><V64/><F73/><W45/><G11/><T95/><D95/><U82/><E82/><V5/><F64/><W52/><G92/><T24/><D24/><U131/><E131/><V91/><F20/><W107/><G107/><T81/><D121/><U48/><E38/><V126/><F37/><W43/><G29/><T62/><D62/><U47/><E59/><V53/><F65/><N who="3" m="41407" /><G33/><T49/><D49/><U119/><E119/><V116/><F116/><W55/><G102/><T34/><D34/><U118/><E118/><V83/><F126/><W86/><G86/><T22/><D22/><U94/><E94/><V19/><REACH who="2" step="1"/><F83/><REACH who="2" ten="440,180,180,190" step="2"/><W79/><G100/><T0/><D80/><U103/><E103/><V75/><F75/><W89/><G79/><T16/><D81/><U99/><E114/><V124/><F124/><W44/><G89/><AGARI ba="1,1" hai="5,6,7,9,14,19,53,58,61,88,89,91,109,110" machi="89" ten="40,2600,0" yaku="1,1,54,1,53,0" doraHai="68" doraHaiUra="35" who="2" fromWho="3" sc="440,0,180,0,180,39,190,-29" /><INIT seed="1,0,0,1,3,20" ten="440,180,219,161" oya="1" hai0="129,111,80,18,41,84,78,58,68,7,77,64,120" hai1="81,34,17,19,31,32,56,55,29,127,133,134,70" hai2="13,24,48,117,47,30,91,8,107,114,128,98,75" hai3="126,112,5,67,101,93,44,88,87,119,11,115,39"/><U124/><E70/><V123/><F123/><W71/><G119/><T53/><D7/><U35/><E81/><V102/><F117/><W9/><G126/><N who="1" m="48170" /><E56/><V73/><F128/><W3/><G9/><T72/><D120/><U89/><E89/><V79/><F91/><W10/><G10/><T135/><D129/><U103/><E103/><V113/><F79/><W36/><G101/><T99/><D78/><U46/><E46/><V4/><F75/><W14/><G3/><T132/><D72/><U2/><E2/><V16/><F4/><W37/><REACH who="3" step="1"/><G44/><REACH who="3" ten="440,180,219,151" step="2"/><T69/><D132/><N who="1" m="50795" /><E55/><V95/><F107/><W108/><G108/><T49/><D111/><U97/><E97/><V130/><F130/><W92/><G92/><T90/><D99/><U12/><E19/><V0/><F0/><W86/><G86/><T59/><D18/><U60/><E60/><AGARI ba="0,1" hai="5,11,14,36,37,39,60,67,71,87,88,93,112,115" machi="60" ten="40,2600,0" yaku="1,1,54,1,53,0" doraHai="20" doraHaiUra="21" who="3" fromWho="1" sc="440,0,180,-26,219,0,151,36" /><INIT seed="2,0,0,4,5,128" ten="440,154,219,187" oya="2" hai0="21,101,107,15,8,124,89,43,104,92,94,56,5" hai1="90,71,65,32,130,109,97,79,20,34,17,123,125" hai2="30,93,91,77,54,4,112,35,119,72,95,46,45" hai3="2,28,127,63,16,74,110,68,106,120,55,133,9"/><V115/><F119/><W31/><G120/><T39/><D124/><U14/><E109/><V86/><F4/><W38/><G127/><T29/><D43/><U27/><E125/><V78/><F30/><W98/><G110/><T83/><D39/><U18/><E130/><V69/><F35/><W53/><G74/><T84/><D104/><U19/><E123/><V73/><F69/><W135/><G38/><T116/><D116/><U44/><E79/><N who="2" m="30219" /><F54/><N who="3" m="20491" /><G2/><T81/><D107/><U82/><E44/><V108/><F45/><W42/><G42/><T37/><D37/><U7/><E65/><V49/><F49/><W114/><G114/><N who="2" m="43561" /><F46/><W126/><G126/><T22/><D56/><U87/><E71/><V40/><F40/><W26/><G31/><T100/><D29/><N who="1" m="17639" /><E32/><V132/><F108/><W105/><G105/><T88/><D22/><U96/><E34/><V12/><F12/><N who="3" m="7183" /><G26/><T13/><D15/><U118/><E118/><V85/><F73/><W122/><G122/><T0/><D0/><U66/><E66/><V129/><F72/><W51/><G28/><T121/><D121/><U11/><AGARI ba="0,0" hai="7,11,14,17,18,19,82,87,90,96,97" m="17639" machi="11" ten="30,1100,0" yaku="8,1" doraHai="128" who="1" fromWho="1" sc="440,-3,154,11,219,-5,187,-3" /><INIT seed="3,0,0,5,2,121" ten="437,165,214,184" oya="3" hai0="38,60,9,65,50,92,16,6,23,100,11,43,75" hai1="111,36,0,105,112,131,3,29,125,76,34,81,14" hai2="61,31,18,8,53,114,7,19,106,30,84,71,79" hai3="87,66,46,128,91,99,103,22,104,77,96,55,69"/><W89/><G128/><T33/><D33/><U5/><E112/><V63/><F106/><W101/><G22/><T67/><D75/><U107/><E131/><V28/><F114/><W72/><G69/><T113/><D38/><U49/><E49/><V12/><F71/><W90/><G66/><N who="0" m="25099" /><D60/><N who="2" m="23114" /><F53/><W135/><G55/><T21/><D21/><U64/><E64/><V40/><F40/><W127/><G46/><N who="0" m="25951" /><D6/><U54/><E54/><V132/><F132/><W48/><G48/><T13/><D113/><U134/><E14/><V73/><F73/><W25/><G25/><T110/><D110/><U119/><E134/><V86/><F79/><W58/><G58/><T57/><D57/><U83/><E76/><V68/><F68/><W74/><G135/><T124/><D124/><U4/><E111/><V20/><F7/><W2/><G2/><T80/><D80/><U117/><E29/><V10/><F10/><W95/><G127/><T15/><D15/><AGARI ba="0,0" hai="8,12,15,18,19,20,28,30,31,84,86" m="23114" machi="15" ten="30,1000,0" yaku="8,1" doraHai="121" who="2" fromWho="0" sc="437,-10,165,0,214,10,184,0" /><INIT seed="4,0,0,1,4,29" ten="427,165,224,184" oya="0" hai0="1,108,20,83,78,56,14,76,24,130,75,117,113" hai1="12,44,37,3,82,9,81,65,80,99,22,127,47" hai2="38,118,42,135,74,112,28,62,59,69,110,92,35" hai3="105,33,49,67,85,48,16,129,87,77,119,55,13"/><T58/><D1/><U102/><E127/><V93/><F93/><W53/><G119/><T100/><D117/><U30/><E37/><V15/><F92/><W10/><G129/><T91/><D130/><U2/><E65/><V40/><F15/><W132/><G132/><T64/><D64/><U120/><E120/><V8/><F8/><W43/><G105/><T23/><D108/><U25/><E2/><V11/><F11/><W84/><G67/><T18/><D100/><U124/><E124/><V4/><F4/><W72/><G33/><T79/><D113/><U88/><E3/><V97/><F28/><W126/><G126/><T27/><D75/><U7/><E102/><V71/><F97/><W52/><REACH who="3" step="1"/><G43/><REACH who="3" ten="427,165,224,174" step="2"/><T89/><D76/><U31/><E31/><V0/><F40/><W39/><G39/><T86/><D78/><U134/><E134/><V5/><F42/><W54/><N who="3" m="13312" /><DORA hai="123" /><W26/><G26/><T128/><D27/><U96/><REACH who="1" step="1"/><E88/><REACH who="1" ten="427,155,224,174" step="2"/><N who="0" m="33865" /><D128/><U116/><E116/><V95/><F118/><W17/><G17/><AGARI ba="0,2" hai="14,17,18,20,23,24,56,58,79,83,86" m="33865" machi="17" ten="30,2900,0" yaku="8,1,54,1" doraHai="29,123" who="0" fromWho="3" sc="427,49,155,0,224,0,174,-29" /><INIT seed="4,1,0,0,2,93" ten="476,155,224,145" oya="0" hai0="16,23,92,81,57,134,117,133,129,1,72,33,79" hai1="102,78,12,49,77,24,119,60,84,56,114,118,91" hai2="27,22,100,127,54,10,39,132,17,123,0,42,116" hai3="59,14,110,31,126,36,46,106,66,6,90,85,75"/><T11/><D117/><U125/><E125/><V35/><F116/><W47/><G110/><T131/><D33/><U112/><E49/><V95/><F123/><W13/><G106/><T98/><D57/><U121/><E121/><V8/><F127/><W130/><G75/><T32/><D32/><U86/><E24/><V26/><F42/><W124/><G130/><N who="0" m="49675" /><D11/><U122/><E122/><V29/><F39/><W88/><G36/><T103/><D1/><U83/><E102/><V28/><F54/><W61/><G31/><T73/><D73/><U99/><E12/><AGARI ba="1,0" hai="12,16,23,72,79,81,92,98,103,133,134" m="49675" machi="12" ten="30,5800,0" yaku="19,1,52,1,54,1" doraHai="93" who="0" fromWho="1" sc="476,61,155,-61,224,0,145,0" /><INIT seed="4,2,0,2,1,118" ten="537,94,224,145" oya="0" hai0="133,6,106,128,0,71,19,50,32,1,52,26,60" hai1="53,95,123,47,49,109,35,113,131,93,117,100,41" hai2="55,51,33,135,42,17,122,59,2,83,126,76,34" hai3="70,57,116,81,15,3,30,85,120,48,124,75,96"/><T112/><D106/><U20/><E109/><V98/><F2/><W13/><G3/><T91/><D60/><U38/><E35/><V67/><F126/><W94/><G70/><T27/><D71/><U132/><E117/><V11/><F135/><W43/><G75/><T130/><D6/><U82/><E132/><V88/><F122/><W28/><G116/><T58/><D112/><U80/><E131/><V4/><F67/><W104/><G104/><T62/><D91/><U5/><E123/><V65/><F65/><W18/><G124/><T119/><D119/><U36/><E5/><V107/><F42/><W10/><G13/><T89/><D89/><U129/><E129/><V105/><F17/><W134/><G134/><T8/><D133/><U125/><E125/><V23/><F23/><W127/><G127/><T78/><D78/><U40/><E113/><V22/><F22/><W86/><G120/><T84/><D1/><U97/><E95/><N who="2" m="56679" /><F33/><W14/><G10/><T101/><D0/><U66/><E66/><V99/><F34/><W73/><G94/><T77/><D8/><U111/><E111/><V31/><F31/><W25/><G28/><T69/><D69/><U87/><E87/><N who="2" m="48615" /><F99/><W92/><G96/><T21/><D128/><U24/><E38/><V39/><F39/><W102/><G30/><T68/><D68/><U12/><E12/><V9/><F9/><W37/><G14/><T46/><D130/><U79/><E36/><V114/><F114/><W44/><G15/><T121/><D32/><U72/><E40/><V63/><F63/><W7/><G43/><RYUUKYOKU ba="2,0" sc="537,-10,94,-10,224,30,145,-10" hai2="4,11,51,55,59,105,107" /><INIT seed="5,3,0,1,0,69" ten="527,84,254,135" oya="1" hai0="80,76,53,109,41,14,117,126,0,1,114,55,28" hai1="17,49,5,92,59,121,24,44,13,86,116,54,127" hai2="113,30,39,96,106,88,40,133,45,123,108,129,26" hai3="95,111,9,130,37,62,46,125,84,131,58,16,21"/><U27/><E116/><V128/><F123/><W56/><G111/><T15/><D109/><U107/><E127/><V32/><F108/><W79/><G125/><T132/><D126/><U94/><E121/><V35/><F35/><W19/><G9/><T101/><D101/><U134/><E134/><V73/><F133/><W7/><G7/><T61/><D28/><U72/><E72/><V65/><F73/><W119/><G119/><T66/><D41/><U102/><E5/><V97/><F113/><W122/><G122/><T103/><D103/><U90/><E107/><V2/><F2/><W12/><G19/><T52/><D117/><U51/><E102/><V70/><F88/><N who="3" m="53639" /><G79/><T48/><D114/><U105/><E94/><V112/><F112/><W89/><G89/><T38/><D1/><U64/><E105/><V104/><F97/><W42/><G62/><T63/><D63/><U43/><REACH who="1" step="1"/><E64/><REACH who="1" ten="527,74,254,135" step="2"/><V93/><F93/><W31/><G31/><T4/><D132/><U22/><AGARI ba="3,1" hai="13,17,22,24,27,43,44,49,51,54,59,86,90,92" machi="22" ten="20,18000,2" yaku="1,1,2,1,0,1,7,1,25,2,8,1,53,0" doraHai="69" doraHaiUra="110" who="1" fromWho="1" sc="527,-63,74,199,254,-63,135,-63" /><INIT seed="5,4,0,4,2,132" ten="464,273,191,72" oya="1" hai0="86,52,6,80,61,77,128,24,104,66,125,109,18" hai1="90,59,91,92,129,135,36,93,121,107,72,87,89" hai2="102,118,70,64,53,94,12,14,117,106,7,22,75" hai3="3,19,9,32,13,83,51,124,127,97,130,44,120"/><U17/><E36/><V96/><F75/><W100/><G120/><T113/><D104/><U39/><E39/><V126/><F64/><W28/><G130/><T68/><D109/><U101/><E121/><V35/><F70/><W133/><G133/><T54/><D128/><U65/><E135/><V1/><F35/><W15/><G83/><T56/><D6/><U81/><E129/><V26/><F53/><N who="3" m="29927" /><G32/><T122/><D122/><U5/><E5/><V116/><F106/><W71/><G28/><T10/><D113/><U16/><E72/><V30/><F1/><W40/><G40/><T37/><D37/><U62/><E107/><V69/><F69/><W74/><G74/><T57/><D68/><U88/><E101/><V25/><F25/><W11/><G71/><T23/><D10/><N who="3" m="3593" /><G3/><T58/><D66/><U115/><E115/><V98/><F7/><W38/><G38/><T131/><D131/><U95/><AGARI ba="4,0" hai="16,17,59,62,65,81,87,88,89,90,91,92,93,95" machi="95" ten="30,11700,0" yaku="0,1,8,1,54,2" doraHai="132" who="1" fromWho="1" sc="464,-43,273,129,191,-43,72,-43" /><INIT seed="5,5,0,5,4,123" ten="421,402,148,29" oya="1" hai0="52,28,114,109,43,85,105,27,38,128,7,42,19" hai1="72,92,5,90,118,102,101,24,30,115,65,46,77" hai2="76,104,1,97,61,75,130,35,64,17,33,53,9" hai3="0,129,4,131,41,29,47,107,80,25,108,122,68"/><U18/><E118/><V11/><F53/><W12/><G122/><T91/><D105/><U40/><E115/><V62/><F17/><W117/><G117/><T127/><D114/><U98/><E65/><V37/><F37/><W49/><G68/><T51/><D109/><U36/><E5/><V48/><F48/><W45/><G107/><T13/><D7/><U39/><E39/><V133/><F61/><W3/><G80/><T57/><D127/><U134/><E134/><V20/><F20/><N who="3" m="15527" /><G47/><T63/><D128/><N who="3" m="49225" /><G108/><T44/><D38/><U113/><E113/><V8/><F130/><W56/><G56/><T58/><D28/><U103/><E18/><V135/><F76/><W14/><G4/><T2/><D2/><AGARI ba="5,0" hai="0,2,3,12,14,41,45,49" m="49225,15527" machi="2" ten="30,1000,0" yaku="19,1" doraHai="123" who="3" fromWho="0" sc="421,-25,402,0,148,0,29,25" /><INIT seed="6,0,0,2,5,105" ten="396,402,148,54" oya="2" hai0="82,26,108,37,131,116,71,86,102,69,31,129,16" hai1="42,55,77,83,29,94,119,96,121,41,49,10,104" hai2="63,60,111,134,95,18,14,126,107,97,5,72,73" hai3="53,103,45,8,15,1,21,109,62,132,91,59,78"/><V106/><F5/><W57/><G109/><T114/><D37/><U28/><E104/><V100/><F111/><W128/><G132/><T4/><D4/><U124/><E119/><V34/><F34/><W23/><G128/><N who="0" m="49227" /><D102/><U48/><E124/><V39/><F39/><W0/><G0/><T33/><D108/><U74/><E121/><V113/><F134/><W68/><G1/><T79/><D114/><U67/><E67/><V38/><F38/><W19/><G68/><N who="0" m="26187" /><D16/><U54/><E10/><V50/><F113/><W17/><G103/><T135/><D135/><U13/><E13/><V56/><F126/><W98/><G78/><T130/><D130/><U90/><E49/><V120/><F120/><W115/><G115/><T66/><D66/><U101/><E54/><V3/><F3/><W80/><G57/><T75/><D86/><U70/><E70/><V9/><F107/><W30/><G30/><T24/><D24/><U22/><E29/><V81/><F106/><W88/><G45/><T51/><D51/><U117/><E101/><V99/><F99/><W76/><G98/><T47/><D47/><N who="1" m="28063" /><E117/><AGARI ba="0,0" hai="26,31,33,75,79,82,116,117" m="26187,49227" machi="117" ten="40,5200,0" yaku="19,1,23,1,52,1" doraHai="105" who="0" fromWho="1" sc="396,52,402,-52,148,0,54,0" /><INIT seed="7,0,0,3,5,58" ten="448,350,148,54" oya="3" hai0="89,110,91,107,129,131,36,51,65,6,35,68,127" hai1="45,26,54,86,102,0,123,55,23,44,41,71,12" hai2="13,128,73,18,88,59,125,98,106,9,96,32,57" hai3="48,49,105,34,15,25,133,62,134,69,85,70,132"/><W84/><G105/><T100/><D36/><U90/><E0/><V3/><F73/><W38/><G38/><T19/><D35/><U67/><E123/><V43/><F32/><W120/><G120/><T126/><D110/><U104/><E102/><V52/><F3/><W66/><G70/><T95/><D6/><U64/><E12/><V2/><F2/><W135/><N who="3" m="33792" /><DORA hai="112" /><W116/><G116/><T10/><D107/><U75/><E75/><V108/><F108/><W118/><G118/><T11/><D100/><U93/><E64/><V109/><F109/><W16/><G84/><T87/><D51/><U40/><E45/><V42/><F125/><N who="0" m="47626" /><D89/><U99/><E41/><V97/><F128/><N who="0" m="49226" /><D19/><U92/><E104/><V76/><F76/><W21/><G85/><T46/><D46/><U53/><E40/><V5/><F43/><W50/><REACH who="3" step="1"/><G34/><REACH who="3" ten="448,350,148,44" step="2"/><T72/><D72/><U101/><E86/><V130/><F130/><W119/><G119/><T1/><D68/><U37/><E37/><V29/><F106/><W24/><AGARI ba="0,1" hai="15,16,21,24,25,48,49,50,62,66,69" m="33792" machi="24" ten="60,12000,1" yaku="1,1,0,1,20,1,52,1,54,1,53,0" doraHai="58,112" doraHaiUra="94,4" who="3" fromWho="3" sc="448,-40,350,-40,148,-40,44,130" /><INIT seed="7,1,0,1,5,0" ten="408,310,108,174" oya="3" hai0="23,42,47,66,117,105,15,111,57,36,107,87,128" hai1="115,95,10,21,103,106,20,53,41,4,14,129,25" hai2="46,32,11,30,85,69,26,43,58,73,62,16,27" hai3="9,56,83,52,22,39,101,122,131,55,50,99,135"/><W78/><G122/><T86/><D117/><U93/><E115/><V120/><F120/><W65/><G131/><T116/><D116/><U108/><E108/><V123/><F123/><W90/><G135/><T100/><D111/><U126/><E126/><V80/><F69/><W48/><G39/><T35/><D35/><U125/><E125/><V88/><F73/><W33/><G33/><T70/><D70/><U45/><E106/><V54/><F30/><W61/><G90/><T124/><D124/><U71/><E71/><V133/><F32/><W17/><G9/><T98/><D105/><U19/><E53/><V92/><F92/><N who="3" m="58599" /><G83/><T8/><D23/><U114/><E114/><V72/><F72/><W24/><G78/><T49/><D128/><U18/><E103/><V40/><F133/><W113/><G113/><T5/><D36/><U51/><REACH who="1" step="1"/><E129/><REACH who="1" ten="408,300,108,174" step="2"/><V68/><F68/><W76/><G55/><N who="0" m="31983" /><D100/><U6/><E6/><V119/><F119/><W130/><G52/><T44/><D107/><U13/><AGARI ba="1,1" hai="4,10,13,14,18,19,20,21,25,41,45,51,93,95" machi="13" ten="20,8000,1" yaku="1,1,0,1,7,1,8,1,52,1,53,0" doraHai="0" doraHaiUra="64" who="1" fromWho="1" sc="408,-21,300,93,108,-21,174,-41" owari="387,19.0,393,49.0,87,-41.0,133,-27.0" /></mjloggm>