<mjloggm ver="2.3"><GO type="97" lobby="0"/><UN n0="%68%61%68%75" n1="%E3%83%88%E3%83%88%E3%83%AA%E5%85%88%E7%94%9F%31%39%E6%AD%B3" n2="%E7%94%98%E5%8F%A3%E3%82%AB%E3%83%AC%E3%83%BC" n3="%47%49%4E%4E" dan="14,15,13,13" rate="1963.29,2051.64,1814.68,1889.58" sx="M,F,M,M"/><TAIKYOKU oya="0"/><INIT seed="0,0,0,0,3,106" ten="250,250,250,250" oya="0" hai0="47,16,100,37,75,11,90,109,18,80,102,51,69" hai1="108,36,59,21,62,89,95,61,120,73,28,107,78" hai2="132,40,23,122,52,86,22,25,115,81,48,26,104" hai3="121,92,45,134,58,117,64,56,31,3,55,43,20"/><T101/><D69/><U57/><E120/><V127/><F122/><W60/><G121/><T27/><D37/><U70/><E107/><V131/><F115/><W103/><G3/><T9/><D109/><U12/><E36/><V76/><F104/><W110/><G110/><T72/><D90/><U133/><E108/><V124/><F40/><W114/><G114/><T126/><D80/><U66/><E133/><V2/><F2/><W46/><G134/><T105/><D105/><U35/><E35/><V111/><F132/><W128/><G43/><T65/><D65/><U10/><E62/><V113/><F113/><W67/><G117/><T112/><D112/><U44/><E44/><V118/><F118/><W49/><G67/><T82/><D82/><U38/><E38/><V94/><F94/><W119/><G119/><T13/><D126/><N who="2" m="48170" /><F111/><W32/><G32/><T1/><D27/><N who="2" m="10250" /><F131/><W53/><G128/><T24/><D24/><U97/><E21/><V79/><F79/><W30/><G20/><T91/><D91/><U0/><E0/><V34/><F34/><W74/><G31/><T96/><D96/><U84/><E97/><V6/><F6/><W93/><G30/><T63/><D63/><U7/><E28/><V4/><F4/><W15/><G103/><T123/><D123/><U135/><E135/><V8/><F8/><W19/><G60/><T85/><D85/><U50/><E50/><V39/><F39/><W129/><G49/><T88/><D88/><U54/><E54/><V33/><F33/><W98/><G55/><N who="0" m="30207" /><D1/><U68/><E68/><V71/><F71/><RYUUKYOKU ba="0,0" sc="250,10,250,10,250,10,250,-30" hai0="9,11,13,16,18,72,75,100,101,102" hai1="7,10,12,57,59,61,66,70,73,78,84,89,95" hai2="22,23,48,52,76,81,86" /><INIT seed="0,1,0,1,3,54" ten="260,260,260,220" oya="0" hai0="115,99,49,102,32,17,44,104,135,33,118,79,5" hai1="114,88,93,40,84,130,75,23,103,7,92,38,126" hai2="4,2,19,66,96,12,83,90,46,0,43,71,120" hai3="82,121,36,61,68,98,129,16,25,3,31,101,62"/><T41/><D118/><U74/><E130/><V132/><F120/><W29/><G129/><T45/><D115/><U27/><E126/><V122/><F122/><W60/><G121/><T86/><D135/><U77/><E114/><V105/><F132/><W100/><G3/><T94/><D17/><U64/><E7/><V24/><F4/><W6/><G6/><T107/><D107/><U87/><E38/><V106/><F24/><W18/><G36/><T134/><D134/><U108/><E40/><V47/><F106/><W51/><G68/><T21/><D21/><U63/><E108/><V124/><F124/><W109/><G109/><T11/><D45/><U85/><E103/><N who="3" m="39498" /><G51/><T72/><D72/><U80/><E92/><V70/><F105/><W39/><G39/><T133/><D133/><U116/><E75/><V50/><F47/><W95/><G82/><T57/><D57/><U37/><E37/><V13/><F71/><W58/><G58/><T1/><REACH who="0" step="1"/><D94/><REACH who="0" ten="250,260,260,220" step="2"/><U55/><E116/><V52/><F70/><W110/><G110/><T131/><D131/><U123/><E123/><V35/><F46/><W28/><G25/><T48/><D48/><U127/><E127/><V14/><F50/><W56/><G56/><T26/><D26/><U59/><E64/><V34/><F66/><W76/><G95/><T81/><AGARI ba="1,1" hai="1,5,11,32,33,41,44,49,79,81,86,99,102,104" machi="81" ten="30,3000,0" yaku="1,1,0,1,53,0" doraHai="54" doraHaiUra="8" who="0" fromWho="0" sc="250,43,260,-11,260,-11,220,-11" /><INIT seed="0,2,0,5,5,132" ten="293,249,249,209" oya="0" hai0="45,92,65,46,34,69,124,114,90,89,51,72,3" hai1="135,5,118,4,70,15,55,120,80,109,97,76,62" hai2="21,40,67,96,22,36,31,1,61,54,2,41,117" hai3="42,111,53,26,125,16,49,104,24,50,106,38,60"/><T30/><D114/><U131/><E118/><V48/><F117/><W33/><G38/><T91/><D3/><U13/><E120/><V126/><F36/><W8/><G111/><T56/><D72/><U10/><E109/><V133/><F133/><W0/><G60/><T128/><D128/><U75/><E135/><V83/><F83/><W23/><G42/><T47/><D69/><U12/><E131/><V94/><F2/><W7/><G50/><T32/><D30/><U99/><E55/><V134/><F1/><W28/><REACH who="3" step="1"/><G125/><REACH who="3" ten="293,249,249,199" step="2"/><T74/><D124/><U88/><E62/><V78/><F126/><W102/><G102/><T58/><D74/><U39/><E39/><V14/><F134/><W68/><G68/><T37/><D37/><U113/><E70/><V6/><F61/><W57/><AGARI ba="2,1" hai="0,7,8,16,23,24,26,28,33,49,53,57,104,106" machi="57" ten="20,12000,2" yaku="1,1,0,1,7,1,54,1,53,2" doraHai="132" doraHaiUra="100" who="3" fromWho="3" sc="293,-62,249,-32,249,-32,199,136" /><INIT seed="1,0,0,3,5,70" ten="231,217,217,335" oya="1" hai0="119,33,63,74,125,80,65,2,64,94,118,3,24" hai1="37,15,130,7,36,117,93,76,27,56,127,4,31" hai2="120,20,67,16,17,95,11,54,78,87,50,58,108" hai3="90,115,73,101,42,43,34,22,109,38,110,75,116"/><U106/><E117/><N who="0" m="44553" /><D64/><U69/><E69/><V135/><F120/><W28/><G116/><T5/><D94/><U0/><E106/><V39/><F108/><N who="3" m="41579" /><G115/><T99/><D99/><U79/><E130/><V45/><F67/><W62/><G101/><T6/><D125/><U134/><E134/><V48/><F135/><W92/><G62/><T124/><D124/><U57/><E127/><V35/><F35/><W81/><G34/><T29/><D63/><U123/><E123/><V51/><F11/><W30/><G81/><T46/><D65/><U71/><E71/><V40/><F78/><W12/><G75/><T122/><D46/><U19/><E93/><V72/><F72/><W23/><G73/><T25/><D80/><U86/><E0/><N who="0" m="41" /><D74/><U53/><E86/><V18/><REACH who="2" step="1"/><F20/><REACH who="2" ten="231,217,207,335" step="2"/><W89/><G22/><N who="0" m="15511" /><D122/><U104/><E76/><V84/><F84/><W85/><G85/><T107/><D107/><U68/><E104/><V114/><F114/><W98/><G23/><T61/><D61/><U132/><E79/><V88/><AGARI ba="0,1" hai="16,17,18,39,40,45,48,50,51,54,58,87,88,95" machi="88" ten="30,16000,3" yaku="1,1,0,1,52,1,54,2,53,3" doraHai="70" doraHaiUra="13" who="2" fromWho="2" sc="231,-40,217,-80,207,170,335,-40" /><INIT seed="2,0,0,1,4,42" ten="191,137,377,295" oya="2" hai0="83,24,51,106,27,48,47,63,10,91,116,134,113" hai1="18,97,85,93,67,53,89,111,32,121,122,78,0" hai2="70,44,135,84,2,22,129,34,87,117,75,66,56" hai3="40,77,50,98,105,64,4,94,52,125,74,114,33"/><V41/><F34/><W62/><G33/><T108/><D106/><U81/><E32/><V120/><F120/><W16/><G125/><T128/><D113/><U29/><E0/><V131/><F75/><W37/><G114/><T92/><D116/><U6/><E29/><V45/><F117/><W104/><G4/><T61/><D128/><N who="2" m="49226" /><F70/><W20/><G37/><T72/><D134/><U127/><E6/><V119/><F119/><W68/><G40/><T71/><D108/><U132/><E111/><V43/><F2/><W1/><G1/><T107/><D107/><U8/><E67/><V102/><F102/><W12/><G77/><T28/><D51/><U23/><E132/><V35/><F35/><W100/><REACH who="3" step="1"/><G74/><REACH who="3" ten="191,137,377,285" step="2"/><T60/><D71/><U73/><E127/><V9/><F43/><W30/><G30/><T15/><D28/><U133/><E133/><V3/><F41/><W101/><G101/><T36/><D36/><U46/><E73/><V82/><F135/><W54/><G54/><N who="0" m="29983" /><D72/><U55/><E122/><V57/><F66/><W124/><G124/><T26/><D83/><U110/><E121/><V76/><F82/><W109/><G109/><T17/><D91/><U31/><E110/><V99/><F76/><W13/><G13/><N who="0" m="7351" /><D92/><U90/><E78/><V126/><F3/><W130/><G130/><T103/><D103/><U95/><E95/><V80/><F126/><W38/><G38/><T7/><D7/><U65/><E31/><V58/><F80/><W14/><G14/><AGARI ba="0,1" hai="14,15,24,26,27,60,61,63" m="7351,29983" machi="14" ten="30,2000,0" yaku="8,1,52,1" doraHai="42" who="0" fromWho="3" sc="191,30,137,0,377,0,285,-20" /><INIT seed="3,0,0,2,2,102" ten="221,137,377,265" oya="3" hai0="37,33,113,95,94,32,49,91,18,53,64,54,28" hai1="129,88,67,122,85,29,92,106,120,130,61,19,34" hai2="31,105,109,12,62,48,83,111,121,74,73,75,126" hai3="119,63,38,112,40,60,77,116,15,86,118,87,98"/><W96/><G15/><T24/><D37/><U21/><E29/><V68/><F31/><W133/><G38/><T110/><D113/><U27/><E34/><V72/><F121/><W82/><G40/><T6/><D110/><U7/><E7/><V108/><F126/><W14/><G14/><T101/><D6/><U124/><E124/><V51/><F12/><W135/><G112/><T58/><D64/><U22/><E22/><V42/><F42/><W65/><G87/><T76/><D76/><U80/><E92/><V55/><F68/><W134/><REACH who="3" step="1"/><G65/><REACH who="3" ten="221,137,377,255" step="2"/><T36/><D36/><U44/><E44/><V104/><F75/><W131/><G131/><N who="1" m="50186" /><E122/><V115/><F115/><W46/><G46/><T47/><D101/><U39/><E120/><V2/><F2/><W81/><G81/><T79/><D79/><U26/><E26/><V97/><F83/><W99/><AGARI ba="0,1" hai="60,63,77,82,86,96,98,99,116,118,119,133,134,135" machi="99" ten="50,12000,1" yaku="1,1,0,1,29,2,20,1,53,0" doraHai="102" doraHaiUra="45" who="3" fromWho="3" sc="221,-40,137,-40,377,-40,255,130" owari="181,-22.0,97,-40.0,337,14.0,385,48.0" /></mjloggm>