<mjloggm ver="2.3"><GO type="169" lobby="0"/><UN n0="%E3%82%A6%E3%83%AB%E3%83%88%E3%83%A9%E7%AB%8B%E7%9B%B4" n1="%68%61%72%75%74%69%6E" n2="%E9%AF%89%E3%81%AB%E6%81%8B" n3="%E6%9C%88%E3%83%9F%E7%85%A7%E2%98%86" dan="17,16,16,16" rate="2173.43,2129.16,2028.32,2124.05" sx="M,M,M,M"/><TAIKYOKU oya="0"/><INIT seed="0,0,0,5,3,122" ten="250,250,250,250" oya="0" hai0="24,73,79,91,22,117,14,134,94,98,109,25,68" hai1="23,83,19,84,33,53,29,93,0,118,5,16,7" hai2="21,40,8,72,133,119,81,92,56,124,51,131,31" hai3="18,4,71,105,129,39,10,13,47,43,112,126,67"/><T125/><D117/><U66/><E118/><V34/><F119/><W80/><G112/><T95/><D68/><U32/><E66/><V37/><F34/><N who="1" m="13417" /><E53/><V135/><F124/><W110/><G126/><T115/><D109/><U46/><E46/><V42/><F92/><W55/><G105/><T102/><D134/><N who="2" m="51210" /><F8/><W17/><G129/><T30/><D125/><U54/><E54/><N who="2" m="31839" /><F131/><W90/><G110/><T111/><D111/><U3/><E93/><V45/><F42/><W106/><G106/><T38/><D115/><U12/><E84/><V6/><F6/><N who="1" m="2057" /><E83/><V113/><F113/><W85/><G55/><T116/><D116/><U77/><E77/><V9/><F9/><W64/><G64/><T127/><D127/><U59/><E59/><V82/><F72/><W60/><AGARI ba="0,0" hai="4,10,13,17,18,39,43,47,60,67,71,80,85,90" machi="60" ten="30,1100,0" yaku="0,1" doraHai="122" who="3" fromWho="3" sc="250,-5,250,-3,250,-3,250,11" /><INIT seed="1,0,0,1,0,27" ten="245,247,247,261" oya="1" hai0="103,63,60,124,10,93,110,121,14,26,28,17,66" hai1="119,20,84,135,130,65,40,102,82,30,18,53,120" hai2="62,127,70,92,116,16,32,68,99,104,101,109,79" hai3="29,24,15,78,37,112,76,51,54,89,55,108,100"/><U122/><E119/><V132/><F116/><W4/><G112/><T96/><D110/><U105/><E130/><V33/><F109/><W36/><G108/><T133/><D133/><U48/><E40/><V114/><F132/><W39/><G100/><T49/><D124/><U74/><E74/><V35/><F79/><W111/><G111/><T72/><D72/><U86/><E135/><V13/><F114/><W31/><G89/><T44/><D121/><U45/><E65/><V88/><F62/><W12/><G4/><T134/><D134/><U126/><E126/><V131/><F131/><W23/><G51/><T97/><D97/><U7/><E7/><V56/><F56/><W34/><G23/><T2/><D2/><U69/><E69/><V125/><F68/><W52/><REACH who="3" step="1"/><G31/><REACH who="3" ten="245,247,247,251" step="2"/><T1/><D1/><U6/><E6/><V94/><F104/><W46/><G46/><T83/><D83/><U57/><E45/><V81/><F127/><W90/><G90/><T50/><D50/><U38/><E30/><V98/><F125/><W113/><G113/><T19/><D19/><U67/><E102/><V8/><F81/><W117/><G117/><T61/><D49/><U3/><E105/><V115/><F115/><W73/><G73/><T25/><D44/><U21/><E82/><V0/><F0/><W9/><G9/><T43/><D28/><U42/><E3/><V64/><F33/><W59/><G59/><T5/><D5/><U87/><E21/><V11/><F8/><W91/><G91/><T58/><D58/><U118/><E118/><V71/><F71/><RYUUKYOKU ba="0,1" sc="245,-15,247,-15,247,15,251,15" hai2="11,13,16,32,35,64,70,88,92,94,98,99,101" hai3="12,15,24,29,34,36,37,39,52,54,55,76,78" /><INIT seed="2,1,1,5,5,50" ten="230,232,262,266" oya="2" hai0="90,132,133,67,73,76,5,131,85,112,91,21,108" hai1="130,1,68,114,26,37,93,70,49,115,59,61,113" hai2="35,103,99,135,86,20,110,105,122,63,101,42,129" hai3="71,31,111,57,24,2,121,79,118,100,102,62,6"/><V94/><F122/><W0/><G121/><T116/><D112/><U109/><E1/><V19/><F35/><W89/><G118/><T69/><D116/><U53/><E26/><V18/><F135/><N who="0" m="51786" /><D73/><U30/><E30/><V92/><F129/><W11/><G71/><N who="1" m="27178" /><E93/><V41/><F105/><W14/><G111/><T80/><D108/><U44/><E109/><V16/><F110/><W52/><G79/><T128/><D5/><U3/><E3/><V98/><F63/><W27/><G2/><T82/><D21/><U48/><E130/><N who="0" m="49705" /><D67/><U107/><E107/><V17/><F86/><W23/><G0/><T74/><D69/><U65/><E37/><V28/><F28/><W127/><G127/><T9/><D9/><U77/><E77/><AGARI ba="1,1" hai="74,76,77,80,82,85,90,91" m="49705,51786" machi="77" ten="30,7700,0" yaku="20,1,19,1,34,2" doraHai="50" who="0" fromWho="1" sc="230,90,232,-80,262,0,266,0" /><INIT seed="3,0,0,5,0,118" ten="320,152,262,266" oya="3" hai0="19,61,71,83,99,59,98,123,12,13,84,106,105" hai1="95,92,60,17,107,124,69,33,41,22,89,39,70" hai2="77,91,25,131,23,10,26,35,63,9,125,56,37" hai3="78,122,57,109,82,38,47,81,66,119,44,7,104"/><W133/><G119/><T103/><D71/><U132/><E107/><V79/><F37/><W15/><G104/><T20/><D123/><U128/><E33/><V94/><F131/><W54/><G133/><T134/><D134/><U72/><E132/><V76/><F35/><W16/><G66/><T42/><D42/><U75/><E128/><V129/><F125/><W74/><G122/><T29/><D29/><U52/><E124/><V4/><F4/><W45/><G109/><T110/><D110/><U120/><E95/><V62/><F62/><W96/><G7/><T88/><D99/><U65/><E70/><V53/><F129/><W73/><G96/><T111/><D111/><U5/><E120/><V40/><F40/><W27/><G27/><T97/><D97/><U24/><E5/><V3/><F3/><W86/><G38/><T1/><D1/><U43/><E43/><V113/><F26/><W114/><G114/><T67/><D105/><U127/><E127/><V14/><F14/><AGARI ba="0,0" hai="12,13,14,19,20,59,61,67,83,84,88,98,103,106" machi="14" ten="30,2000,0" yaku="7,1,54,1" doraHai="118" who="0" fromWho="2" sc="320,20,152,0,262,-20,266,0" /><INIT seed="4,0,0,5,4,81" ten="340,152,242,266" oya="0" hai0="127,61,78,39,86,43,133,63,46,100,72,54,124" hai1="19,8,31,131,20,79,11,60,103,99,98,4,47" hai2="7,113,44,111,95,24,56,123,42,106,76,96,26" hai3="5,117,128,15,27,48,14,18,71,13,73,50,121"/><T58/><D100/><U129/><E79/><V41/><F123/><W114/><G71/><T125/><D133/><U118/><E118/><V101/><F111/><W35/><G73/><T3/><D3/><U130/><E31/><V119/><F113/><W59/><G117/><T70/><D72/><U122/><E122/><V104/><F7/><W110/><G110/><T112/><D112/><U30/><E30/><V65/><F76/><W69/><G69/><T74/><D74/><U55/><E4/><V21/><F24/><W66/><G66/><N who="0" m="41311" /><D78/><U92/><E99/><V25/><F25/><W53/><G5/><T0/><D0/><U33/><E33/><V52/><F119/><W36/><G36/><N who="0" m="21863" /><D86/><U1/><E1/><V6/><F6/><W77/><G77/><T80/><D80/><U94/><E94/><V134/><F106/><W115/><G121/><T88/><D88/><U32/><E32/><V85/><F85/><W105/><G35/><T10/><D10/><U102/><E102/><V87/><F87/><W40/><G105/><T93/><D93/><U57/><REACH who="1" step="1"/><E47/><REACH who="1" ten="340,142,242,266" step="2"/><V68/><F44/><N who="3" m="25607" /><G115/><T23/><D23/><U64/><E64/><V107/><F107/><W84/><G114/><T116/><D116/><U91/><E91/><V62/><F104/><W22/><G22/><T90/><D90/><U49/><E49/><N who="2" m="30735" /><F134/><W75/><G50/><T51/><D51/><U45/><E45/><V67/><F65/><W109/><G109/><T135/><D135/><U29/><E29/><N who="2" m="17615" /><F101/><W17/><G75/><T82/><D39/><U37/><E37/><V34/><F34/><RYUUKYOKU ba="0,1" sc="340,10,142,10,242,10,266,-30" hai0="54,58,61,82,124,125,127" hai1="8,11,19,20,55,57,60,92,98,103,129,130,131" hai2="41,42,62,67,68,95,96" /><INIT seed="4,1,1,2,3,65" ten="350,152,252,236" oya="0" hai0="52,79,86,82,88,83,119,0,55,125,122,87,4" hai1="63,126,8,95,61,112,45,104,134,130,107,70,2" hai2="31,15,7,98,54,64,46,25,111,76,131,56,90" hai3="13,97,133,118,50,71,9,109,135,11,53,99,69"/><T38/><D38/><U29/><E126/><V128/><F111/><W18/><G109/><T1/><D122/><U37/><E134/><N who="3" m="51210" /><G118/><T116/><D125/><U32/><E95/><N who="2" m="56695" /><F76/><W102/><G11/><T60/><D60/><U91/><E91/><V30/><F46/><N who="3" m="27863" /><G99/><T19/><D19/><U36/><E63/><N who="2" m="37991" /><F54/><W121/><G121/><T66/><D66/><N who="1" m="41295" /><E130/><N who="2" m="49707" /><F25/><W84/><G84/><T114/><D88/><U27/><E112/><V22/><F22/><W78/><G78/><T28/><D79/><U81/><E81/><V21/><F21/><W120/><G120/><T127/><D127/><U110/><E110/><V67/><F67/><W24/><G24/><T58/><D114/><U42/><E36/><V103/><F103/><W41/><G41/><T94/><D119/><U10/><E10/><AGARI ba="1,1" hai="7,10,15,30,31" m="49707,37991,56695" machi="10" ten="30,1000,0" yaku="19,1" doraHai="65" who="2" fromWho="1" sc="350,0,152,-13,252,23,236,0" /><INIT seed="5,0,0,0,4,120" ten="350,139,275,236" oya="1" hai0="131,108,87,79,5,6,32,46,8,3,113,58,20" hai1="97,80,26,48,39,110,127,55,112,126,21,99,57" hai2="56,67,104,1,24,22,103,18,78,86,93,77,41" hai3="49,83,111,61,42,128,13,81,119,107,116,102,73"/><U28/><E112/><V2/><F104/><W50/><G128/><T68/><D68/><U92/><E39/><V129/><F129/><W109/><G61/><T88/><D32/><U60/><E110/><N who="3" m="41994" /><G13/><T82/><D113/><U40/><E80/><N who="3" m="30794" /><G42/><T10/><D131/><U47/><REACH who="1" step="1"/><E92/><REACH who="1" ten="350,129,275,236" step="2"/><V15/><F93/><W43/><G73/><T75/><D108/><U53/><E53/><V90/><F78/><W100/><G43/><T29/><D75/><U69/><E69/><V11/><F77/><W36/><G36/><T34/><D79/><U44/><E44/><V105/><F41/><W14/><G107/><T135/><D46/><U66/><E66/><V16/><F67/><W118/><G14/><T31/><D82/><U51/><E51/><AGARI ba="0,1" hai="49,50,51,100,102,116,118,119" m="30794,41994" machi="51" ten="40,12000,2" yaku="28,2,12,1,52,3" doraHai="120" who="3" fromWho="1" sc="350,0,129,-120,275,0,236,130" /><INIT seed="6,0,0,3,5,52" ten="350,9,275,366" oya="2" hai0="37,108,22,107,69,6,14,62,13,103,25,91,90" hai1="54,11,71,89,39,99,86,77,34,30,38,2,45" hai2="85,113,109,75,97,72,5,61,83,46,42,117,48" hai3="95,9,96,66,133,119,78,44,123,104,81,114,87"/><V49/><F117/><W21/><G119/><T131/><D108/><U47/><E71/><V16/><F109/><W65/><G123/><T82/><D37/><U17/><E77/><V64/><F113/><W122/><G122/><T53/><D131/><U80/><E99/><V132/><F132/><W41/><G133/><T111/><D111/><U129/><E47/><V60/><F97/><W36/><G114/><T63/><D69/><U115/><E115/><V124/><F5/><W79/><G104/><T50/><D103/><U20/><E129/><V29/><F29/><W102/><G79/><T51/><D107/><U118/><E118/><V120/><F120/><W100/><G100/><T3/><D3/><U35/><E35/><V84/><F124/><W43/><G43/><T134/><D51/><U7/><E45/><V128/><F128/><W74/><G87/><N who="0" m="50551" /><D91/><U127/><E127/><V55/><F16/><W116/><G116/><T24/><D134/><U26/><E54/><V110/><F110/><W112/><G112/><T40/><D40/><U31/><E31/><V27/><F27/><N who="0" m="10314" /><D13/><U106/><E106/><V93/><F93/><W28/><G28/><T76/><D76/><U57/><E57/><N who="2" m="36911" /><F85/><W8/><G21/><T101/><D101/><U73/><E73/><N who="2" m="28235" /><F84/><W33/><G33/><T130/><D130/><U0/><E0/><V67/><F83/><W135/><G135/><T15/><D15/><AGARI ba="0,0" hai="2,7,11,15,17,20,26,30,34,38,39,80,86,89" machi="15" ten="30,3900,0" yaku="7,1,24,2" doraHai="52" who="1" fromWho="0" sc="350,-39,9,39,275,0,366,0" /><INIT seed="7,0,0,0,3,3" ten="311,48,275,366" oya="3" hai0="59,130,22,48,98,95,47,131,110,86,133,18,65" hai1="8,21,89,80,111,75,24,114,9,41,99,40,124" hai2="19,91,64,97,118,15,134,57,58,30,31,101,103" hai3="123,34,61,71,67,35,20,53,2,108,74,132,117"/><W39/><RYUUKYOKU type="yao9" ba="0,0" sc="311,0,48,0,275,0,366,0" hai3="2,20,34,35,39,53,61,67,71,74,108,117,123,132" /><INIT seed="7,1,0,1,5,33" ten="311,48,275,366" oya="3" hai0="42,80,90,127,54,63,65,77,9,53,61,89,88" hai1="36,79,22,75,51,66,17,103,129,10,28,23,111" hai2="93,121,6,39,19,38,112,30,120,71,91,40,87" hai3="94,104,18,117,60,81,110,78,73,56,115,37,20"/><W83/><G104/><T52/><D127/><U55/><E36/><V7/><F71/><W16/><G37/><T100/><D42/><U123/><E79/><V98/><F30/><W62/><G117/><T134/><D134/><U69/><E75/><V15/><F112/><W124/><G115/><T135/><D135/><U50/><E103/><V84/><F40/><W47/><G47/><T8/><D100/><U48/><E69/><V21/><F39/><W35/><G35/><T102/><D102/><U76/><E76/><V118/><F38/><W106/><G83/><T43/><D43/><U29/><E66/><V26/><F118/><W5/><G5/><T128/><D128/><U41/><E41/><V116/><F116/><W131/><G106/><T34/><D34/><U113/><E129/><V132/><F132/><W122/><G110/><T126/><D126/><U44/><E113/><V14/><F26/><W11/><G122/><T46/><D46/><U24/><E44/><V2/><F15/><W130/><G124/><T133/><D133/><U72/><E72/><V99/><F99/><W108/><G108/><T119/><D119/><U85/><E111/><V109/><F109/><W70/><G131/><T3/><D3/><U68/><E68/><V13/><F98/><W59/><G70/><N who="0" m="42287" /><D63/><U95/><E123/><V125/><F121/><W67/><G130/><T1/><D1/><U74/><E74/><V97/><F120/><W0/><G73/><T25/><D25/><U45/><E10/><V86/><F97/><W27/><G27/><T101/><D101/><U107/><E24/><RYUUKYOKU ba="1,0" sc="311,30,48,-10,275,-10,366,-10" hai0="8,9,52,53,54,77,80,88,89,90" owari="341,14.0,38,-46.0,265,-13.0,356,45.0" /></mjloggm>