<mjloggm ver="2.3"><GO type="169" lobby="0"/><UN n0="%E3%82%A6%E3%83%AB%E3%83%88%E3%83%A9%E7%AB%8B%E7%9B%B4" n1="%E7%B4%A0%E6%9C%B4%E3%81%AA%E5%91%B3%E3%82%8F%E3%81%84" n2="%50%61%65%6C%6C%61" n3="%E3%81%99%E3%81%84%E3%81%8F%E3%82%8D" dan="17,16,16,16" rate="2153.86,2108.39,2085.42,2073.82" sx="M,M,M,M"/><TAIKYOKU oya="0"/><INIT seed="0,0,0,3,3,37" ten="250,250,250,250" oya="0" hai0="10,51,120,130,116,19,54,106,78,46,93,85,40" hai1="111,75,109,79,35,32,53,12,74,100,42,124,47" hai2="98,9,25,18,31,38,99,112,107,21,49,52,6" hai3="39,122,94,59,86,101,7,134,16,34,29,97,72"/><T36/><D106/><U82/><E124/><V68/><F112/><W17/><G72/><T127/><D120/><U88/><E75/><V125/><F68/><W60/><G39/><T90/><D116/><U5/><E100/><V87/><F38/><W121/><G34/><T62/><D127/><U132/><E132/><V27/><F125/><W102/><G29/><T96/><D130/><U3/><E53/><V119/><F119/><W50/><G102/><T33/><D33/><U30/><E3/><V91/><F107/><W45/><G7/><T44/><D62/><U76/><E76/><V105/><F105/><W77/><G86/><T64/><D64/><U55/><E55/><V118/><F118/><W15/><G77/><T20/><D10/><N who="1" m="4175" /><E88/><V8/><F27/><W14/><G14/><T56/><D78/><U43/><E30/><V61/><F61/><W48/><G15/><T135/><D135/><U89/><E89/><V113/><F113/><W28/><G28/><T117/><D117/><U22/><E22/><V1/><F9/><W103/><G60/><T95/><D95/><U70/><E70/><V26/><F31/><W24/><G94/><T104/><D104/><U2/><E2/><V67/><F67/><W81/><G134/><T115/><D115/><U129/><E129/><V133/><F133/><W0/><G0/><T73/><D73/><U71/><E71/><V23/><F23/><W114/><G114/><T110/><D110/><N who="1" m="41995" /><E43/><V69/><F69/><W58/><G122/><T108/><D108/><U65/><E65/><V4/><F21/><W80/><G121/><RYUUKYOKU ba="0,0" sc="250,-10,250,30,250,-10,250,-10" hai1="32,35,42,47,74,79,82" /><INIT seed="1,1,0,3,3,73" ten="240,280,240,240" oya="1" hai0="90,57,111,130,20,24,9,127,37,25,114,28,29" hai1="86,75,48,128,93,72,0,58,110,21,55,7,26" hai2="31,131,83,13,1,77,91,22,122,15,16,124,35" hai3="8,119,116,64,12,108,99,3,14,112,51,27,65"/><U95/><E128/><V113/><F122/><W101/><G3/><T69/><D69/><U45/><E110/><V68/><F124/><W66/><G27/><T82/><D37/><U80/><E7/><V129/><F68/><W39/><G39/><T53/><D127/><U135/><E0/><V107/><F107/><W38/><G38/><T56/><D130/><N who="2" m="49674" /><F1/><W89/><G89/><T67/><D111/><U17/><E135/><V6/><F91/><W43/><G112/><T100/><D100/><U11/><E11/><N who="2" m="4343" /><F113/><W10/><G10/><T47/><D9/><U123/><E123/><V46/><F46/><W92/><G108/><T120/><D67/><U50/><E72/><N who="2" m="43431" /><F31/><W41/><G8/><T40/><D114/><U85/><E75/><V30/><F30/><W134/><G134/><T109/><D109/><U117/><E117/><V104/><F104/><W84/><G101/><T60/><D56/><U133/><E133/><V44/><F44/><W61/><G119/><T52/><D47/><U74/><E74/><V87/><F87/><N who="1" m="33289" /><E80/><V59/><F59/><W125/><G84/><T36/><D82/><U105/><E105/><V42/><F42/><AGARI ba="1,0" hai="17,21,26,42,45,48,50,55,58,93,95" m="33289" machi="42" ten="30,1500,0" yaku="8,1" doraHai="73" who="1" fromWho="2" sc="240,0,280,18,240,-18,240,0" /><INIT seed="1,2,0,4,0,51" ten="240,298,222,240" oya="1" hai0="25,128,23,131,60,119,33,47,90,112,49,50,108" hai1="117,6,45,67,4,17,103,130,38,122,80,39,16" hai2="31,8,54,19,7,79,71,114,56,98,5,41,97" hai3="0,83,14,102,81,1,84,96,127,92,59,126,78"/><U121/><E117/><V104/><F71/><W32/><G32/><T115/><D33/><U55/><E130/><N who="0" m="49705" /><D119/><U100/><E67/><V106/><F114/><W113/><G113/><T94/><D60/><U129/><E129/><V72/><F41/><W52/><G14/><T3/><D49/><U34/><E34/><V12/><F31/><W13/><G13/><T89/><D3/><U74/><E74/><V57/><F79/><W120/><G120/><T101/><D101/><U65/><E65/><V66/><F72/><W40/><G40/><T26/><D26/><U63/><E80/><V85/><F85/><W2/><REACH who="3" step="1"/><G83/><REACH who="3" ten="240,298,222,230" step="2"/><T68/><D115/><U18/><E122/><V133/><F12/><W73/><G73/><T86/><D112/><U134/><E121/><V107/><F106/><W61/><AGARI ba="2,1" hai="0,1,2,52,59,61,78,81,84,92,96,102,126,127" machi="61" ten="40,12000,2" yaku="1,1,0,1,52,1,54,1,53,2" doraHai="51" doraHaiUra="132" who="3" fromWho="3" sc="240,-32,298,-62,222,-32,230,136" /><INIT seed="2,0,0,1,0,15" ten="208,236,190,366" oya="2" hai0="32,51,102,21,42,71,77,78,49,19,87,86,56" hai1="65,64,45,28,30,13,129,67,10,53,0,135,69" hai2="115,134,24,38,27,119,7,96,2,85,91,127,88" hai3="34,123,48,3,118,46,62,31,84,120,132,70,68"/><V61/><F119/><W12/><G3/><T54/><D71/><U43/><E0/><V111/><F115/><W106/><G106/><T114/><D32/><U5/><E129/><V50/><F38/><W113/><G34/><T97/><D114/><U40/><E69/><V122/><F122/><W66/><G31/><T58/><D87/><U17/><E135/><V35/><F127/><W47/><G70/><T18/><D86/><U133/><E133/><V29/><F134/><W101/><G101/><T55/><D42/><N who="1" m="15915" /><E5/><V22/><F111/><W130/><G47/><T11/><D11/><U39/><E39/><V116/><F116/><W124/><G130/><T41/><D41/><U94/><E94/><V23/><F61/><W79/><G124/><T121/><D121/><U103/><E103/><V52/><F35/><W74/><G74/><T16/><REACH who="0" step="1"/><D21/><REACH who="0" ten="198,236,190,366" step="2"/><U60/><E60/><V89/><F85/><W20/><G132/><T26/><D26/><U25/><E25/><V33/><F96/><W99/><G99/><T8/><D8/><U92/><E92/><AGARI ba="0,1" hai="16,18,19,49,51,54,55,56,58,77,78,92,97,102" machi="92" ten="40,12000,2" yaku="1,1,9,1,8,1,52,3,54,1,53,0" doraHai="15" doraHaiUra="76" who="0" fromWho="1" sc="198,130,236,-120,190,0,366,0" /><INIT seed="3,0,0,2,5,62" ten="328,116,190,366" oya="3" hai0="11,104,135,100,99,83,16,69,13,85,41,63,31" hai1="27,6,44,64,47,5,59,77,14,19,66,29,55" hai2="78,86,34,91,115,101,88,96,131,79,21,116,18" hai3="57,109,67,54,45,60,134,50,127,119,68,15,124"/><W53/><G134/><T128/><D128/><U7/><E77/><V61/><F34/><W129/><G129/><T73/><D73/><U30/><E47/><V40/><F131/><W125/><G109/><T23/><D41/><U126/><E44/><V123/><F115/><W133/><G133/><T111/><D111/><U87/><E87/><V82/><F116/><W98/><G119/><T4/><D31/><N who="1" m="11787" /><E27/><V122/><F40/><W106/><G106/><T71/><D63/><N who="1" m="36351" /><E126/><V81/><F61/><N who="3" m="36023" /><G98/><T51/><D51/><U39/><E39/><V42/><F42/><W8/><G15/><T108/><D108/><U102/><E102/><V92/><F18/><W70/><G8/><AGARI ba="0,0" hai="5,6,7,8,14,19,64,66" m="36351,11787" machi="8" ten="30,3900,0" yaku="8,1,52,2" doraHai="62" who="1" fromWho="3" sc="328,0,116,39,190,0,366,-39" /><INIT seed="4,0,0,0,3,43" ten="328,155,190,327" oya="0" hai0="86,66,121,55,71,127,19,58,97,5,107,60,98" hai1="120,56,89,23,69,20,106,123,12,37,21,95,75" hai2="70,9,128,93,67,124,129,110,17,101,85,32,46" hai3="135,72,90,1,41,44,77,105,102,22,94,81,65"/><T74/><D74/><U117/><E106/><V2/><F110/><W61/><G1/><T0/><D121/><U122/><E117/><V26/><F124/><W79/><G79/><T4/><D127/><U132/><E69/><V84/><F67/><W15/><G105/><T125/><D125/><U6/><E75/><V73/><F73/><W35/><G35/><T133/><D133/><U100/><E100/><V38/><F70/><W36/><G102/><T130/><D130/><N who="2" m="50282" /><F32/><W18/><G135/><T7/><D0/><U118/><E118/><V14/><F26/><W91/><REACH who="3" step="1"/><G94/><REACH who="3" ten="328,155,190,317" step="2"/><T78/><D107/><U68/><E132/><V63/><F2/><W10/><G10/><T39/><D78/><U29/><E95/><V103/><F93/><W30/><G30/><T48/><D19/><U50/><E29/><V111/><F101/><W42/><G42/><T52/><D5/><U83/><E6/><V59/><F103/><W24/><G24/><T3/><D7/><U131/><E131/><V62/><F9/><W104/><G104/><T27/><D3/><U34/><E34/><V11/><F11/><W80/><G80/><T116/><D116/><U53/><E83/><V99/><F17/><W112/><G112/><T119/><D119/><U13/><E12/><V126/><F14/><W88/><G88/><T113/><D113/><U109/><E13/><V82/><F82/><W51/><G51/><T108/><D48/><U114/><E114/><V16/><F16/><W49/><G49/><N who="0" m="30991" /><D4/><U8/><E50/><V96/><F126/><W57/><AGARI ba="0,1" hai="15,18,22,36,41,44,57,61,65,72,77,81,90,91" machi="57" ten="20,12000,2" yaku="1,1,0,1,7,1,52,1,53,2" doraHai="43" doraHaiUra="87" who="3" fromWho="3" sc="328,-60,155,-30,190,-30,317,130" /><INIT seed="5,0,0,5,5,5" ten="268,125,160,447" oya="1" hai0="54,131,106,53,12,21,4,86,0,79,25,114,30" hai1="80,7,3,81,13,47,9,44,119,100,17,116,108" hai2="77,2,22,90,39,61,20,110,134,58,94,74,83" hai3="32,62,117,105,68,64,73,52,126,45,133,95,1"/><U82/><E108/><V96/><F110/><W72/><G105/><T37/><D106/><U135/><E135/><V101/><F39/><W122/><G32/><T88/><D37/><U15/><E100/><V63/><F134/><W65/><G65/><T66/><D114/><U109/><E109/><V29/><F2/><W113/><G126/><T128/><D0/><U43/><E15/><V69/><F69/><W84/><G1/><T31/><D31/><U85/><E85/><V112/><F112/><W99/><G84/><T97/><D66/><U18/><E18/><V41/><F41/><W57/><G64/><T48/><D79/><U120/><E120/><V71/><F71/><W10/><G72/><T33/><D97/><U91/><E91/><V75/><F75/><W67/><G73/><T28/><D28/><U49/><REACH who="1" step="1"/><E47/><REACH who="1" ten="268,115,160,447" step="2"/><V107/><F29/><W50/><G45/><N who="0" m="27791" /><D88/><U24/><E24/><V132/><F132/><W8/><G133/><T87/><D86/><U125/><E125/><V70/><F70/><W78/><G122/><T102/><D87/><U111/><E111/><V19/><F19/><W59/><G68/><T92/><D102/><U51/><E51/><V121/><F121/><W127/><G50/><T55/><D25/><U11/><AGARI ba="0,1" hai="3,7,9,11,13,17,43,44,49,80,81,82,116,119" machi="11" ten="30,12000,1" yaku="1,1,0,1,52,2,53,1" doraHai="5" doraHaiUra="35" who="1" fromWho="1" sc="268,-40,115,130,160,-40,447,-40" /><INIT seed="5,1,0,1,5,72" ten="228,245,120,407" oya="1" hai0="54,61,71,116,9,8,10,56,66,108,30,126,28" hai1="127,117,88,86,97,25,13,40,103,106,119,102,27" hai2="77,31,46,14,64,78,63,29,12,115,87,68,91" hai3="57,39,114,7,19,83,80,134,112,23,124,6,15"/><U125/><E103/><V49/><F115/><W96/><G39/><T111/><D116/><U90/><E40/><V55/><F29/><W22/><G124/><N who="1" m="47690" /><E13/><V130/><F31/><W101/><G134/><T76/><D126/><U132/><E132/><V79/><REACH who="2" step="1"/><F130/><REACH who="2" ten="228,245,110,407" step="2"/><W81/><G114/><T105/><D30/><U118/><E90/><V24/><F24/><W32/><G112/><T44/><D28/><U51/><E25/><V121/><F121/><W85/><G32/><T82/><D111/><U84/><E27/><V128/><F128/><W45/><G101/><T113/><D108/><U70/><E88/><V73/><F73/><W2/><G81/><AGARI ba="1,1" hai="12,14,46,49,55,63,64,68,77,78,79,81,87,91" machi="81" ten="40,8000,1" yaku="1,1,52,3,53,0" doraHai="72" doraHaiUra="53" who="2" fromWho="3" sc="228,0,245,0,110,93,407,-83" /><INIT seed="6,0,0,4,4,33" ten="228,245,203,324" oya="2" hai0="115,75,124,70,135,83,114,95,109,74,79,29,39" hai1="52,45,19,61,134,84,97,65,50,131,7,12,127" hai2="121,6,68,23,24,132,116,81,35,103,90,44,64" hai3="118,112,22,25,126,76,34,77,99,18,9,87,43"/><V5/><F121/><W107/><G34/><T38/><D109/><U42/><E131/><V32/><F116/><W113/><G126/><T37/><D70/><U16/><E134/><V59/><F132/><W8/><G43/><T110/><D110/><U60/><E127/><V63/><F103/><W85/><G118/><T62/><D135/><U101/><E84/><V48/><F68/><W89/><G99/><T46/><D124/><U93/><E42/><V14/><F35/><W82/><G107/><T98/><D29/><U4/><E19/><V111/><F32/><W17/><G76/><T2/><D62/><N who="1" m="24171" /><E65/><V13/><F111/><W56/><G56/><T133/><D46/><U31/><E31/><N who="2" m="17823" /><F81/><W100/><G100/><N who="0" m="60511" /><D133/><U0/><E0/><V73/><F90/><W26/><G18/><T54/><D2/><U57/><E45/><V49/><F73/><W58/><G58/><T78/><D54/><U41/><E41/><N who="2" m="24591" /><F49/><W123/><G123/><T86/><D79/><U36/><E36/><V104/><F104/><W72/><G72/><T11/><D75/><U125/><E125/><V21/><F21/><AGARI ba="0,0" hai="4,7,12,16,21,50,52,57,93,97,101" m="24171" machi="21" ten="30,3900,0" yaku="8,1,54,2" doraHai="33" who="1" fromWho="2" sc="228,0,245,39,203,-39,324,0" /><INIT seed="7,0,0,4,3,135" ten="228,284,164,324" oya="3" hai0="49,23,126,77,22,106,39,119,105,33,28,8,124" hai1="17,31,21,53,62,114,72,44,93,14,123,107,98" hai2="90,84,129,122,82,25,95,121,15,94,104,67,58" hai3="108,40,74,96,24,111,100,12,18,102,6,92,36"/><W45/><G74/><T54/><D39/><U115/><E72/><V75/><F25/><W110/><G24/><N who="0" m="18567" /><D77/><U46/><E107/><N who="0" m="40969" /><D8/><U56/><E31/><V87/><F15/><W52/><G52/><T85/><D85/><U68/><E68/><V116/><F67/><W19/><G102/><T20/><D119/><U103/><E123/><V7/><F58/><W11/><AGARI ba="0,0" hai="6,11,12,18,19,36,40,45,92,96,100,108,110,111" machi="11" ten="40,3900,0" yaku="0,1,10,1" doraHai="135" who="3" fromWho="3" sc="228,-13,284,-13,164,-13,324,39" owari="215,-18.0,271,7.0,151,-35.0,363,46.0" /></mjloggm>