<mjloggm ver="2.3"><GO type="41" lobby="0"/><UN n0="%E5%85%AB%E5%88%87%E6%AD%A2%E5%A4%AB%E2%98%85" n1="%E3%81%82%E3%82%8A%E3%81%8A%E3%81%A8" n2="%E3%81%8D%E3%81%BF%E3%81%9F%E3%81%BE%E3%81%94" n3="%E5%B0%B1%E6%B4%BB%E7%94%9F%40%E5%B7%9D%E6%9D%91%E8%BB%8D%E5%9B%A3" dan="14,17,15,14" rate="1997.50,2064.55,2007.13,1953.64" sx="M,M,M,M"/><TAIKYOKU oya="0"/><INIT seed="0,0,0,2,2,118" ten="250,250,250,250" oya="0" hai0="65,21,72,54,13,39,63,7,74,9,0,47,97" hai1="50,17,121,83,30,14,82,42,86,131,31,23,27" hai2="80,102,4,24,114,22,73,117,88,110,111,132,61" hai3="87,112,89,64,103,115,46,44,123,62,127,66,40"/><T12/><D0/><U35/><E131/><V58/><F102/><W52/><G103/><T32/><D32/><U60/><E121/><V100/><F100/><W92/><G127/><T2/><D97/><U130/><E130/><V34/><F34/><W26/><G123/><T113/><D113/><U81/><E31/><V69/><F69/><W84/><G26/><T36/><D36/><U29/><E29/><V25/><F114/><W48/><G84/><T78/><D21/><U133/><E133/><V91/><F4/><W105/><G105/><T43/><D54/><U55/><E60/><V96/><F132/><W75/><G75/><T119/><D119/><U59/><REACH who="1" step="1"/><E42/><REACH who="1" ten="250,240,250,250" step="2"/><V128/><F128/><W11/><G64/><T41/><D41/><U8/><E8/><V108/><F117/><W124/><G11/><T98/><D98/><U19/><E19/><V38/><F96/><W6/><G6/><T134/><D134/><U104/><E104/><V106/><F106/><W45/><G124/><T122/><D122/><U3/><E3/><V107/><F107/><W28/><G28/><T56/><REACH who="0" step="1"/><D72/><REACH who="0" ten="240,240,250,250" step="2"/><U33/><E33/><V79/><F73/><W125/><G125/><T16/><D16/><U77/><AGARI ba="0,2" hai="14,17,23,27,30,35,50,55,59,77,81,82,83,86" machi="77" ten="20,5200,0" yaku="1,1,0,1,7,1,53,1" doraHai="118" doraHaiUra="49" who="1" fromWho="1" sc="240,-26,240,72,250,-13,250,-13" /><INIT seed="1,0,0,5,4,78" ten="214,312,237,237" oya="1" hai0="129,62,98,25,86,135,8,66,3,7,124,102,106" hai1="111,127,21,46,11,24,112,75,108,23,33,125,82" hai2="30,56,63,85,26,50,113,12,4,116,92,110,88" hai3="42,79,19,47,41,57,53,81,54,74,119,118,6"/><U38/><E112/><V104/><F104/><W29/><G29/><T69/><D86/><U55/><E11/><V44/><F110/><N who="1" m="42025" /><E33/><V130/><F130/><W13/><G6/><T0/><D129/><U123/><E123/><V89/><F116/><N who="3" m="44587" /><G57/><T131/><D131/><U1/><E1/><V5/><F113/><W68/><G68/><T27/><D0/><U67/><E67/><N who="2" m="39399" /><F12/><W49/><G42/><T95/><D135/><U51/><E38/><V133/><F133/><W128/><G128/><T15/><D124/><N who="1" m="47691" /><E24/><V35/><F35/><W97/><G97/><T105/><D3/><U117/><E117/><V59/><F59/><W121/><G121/><T126/><D126/><U90/><E90/><V73/><F89/><W48/><G48/><T60/><D60/><U94/><E94/><V58/><F58/><W70/><G70/><T22/><D25/><U77/><AGARI ba="0,0" hai="21,23,46,51,55,75,77,82" m="47691,42025" machi="77" ten="40,12000,1" yaku="14,1,10,1,18,1,52,1" doraHai="78" who="1" fromWho="1" sc="214,-40,312,120,237,-40,237,-40" /><INIT seed="1,1,0,1,2,130" ten="174,432,197,197" oya="1" hai0="93,16,57,20,105,134,48,101,83,4,102,24,73" hai1="97,31,76,122,111,117,78,6,10,17,41,46,50" hai2="14,64,88,114,37,65,69,26,129,91,82,80,71" hai3="95,59,81,0,25,109,74,121,3,126,115,42,125"/><U1/><E117/><V47/><F26/><W60/><G121/><T110/><D105/><U35/><E122/><V7/><F14/><W103/><G115/><T99/><D110/><U22/><E111/><V34/><F47/><W72/><G42/><T135/><D4/><U44/><E97/><V29/><F7/><W23/><G109/><T113/><D113/><U77/><E46/><V33/><F37/><W43/><G43/><T120/><D120/><U70/><E70/><V106/><F106/><W67/><G81/><T2/><D2/><U32/><REACH who="1" step="1"/><E31/><REACH who="1" ten="174,422,197,197" step="2"/><V68/><F29/><N who="3" m="17599" /><G72/><T21/><D21/><U8/><E8/><V104/><F114/><W132/><G74/><T51/><D102/><U54/><E54/><V61/><F69/><W96/><G132/><T39/><D39/><U38/><E38/><V53/><F53/><W28/><G28/><T56/><D56/><U100/><E100/><V11/><F11/><W123/><G123/><T86/><D73/><U27/><AGARI ba="1,1" hai="1,6,10,17,22,27,32,35,41,44,50,76,77,78" machi="27" ten="30,3000,0" yaku="1,1,0,1,53,0" doraHai="130" doraHaiUra="89" who="1" fromWho="1" sc="174,-11,422,43,197,-11,197,-11" /><INIT seed="1,2,0,0,0,81" ten="163,465,186,186" oya="1" hai0="103,67,20,83,96,23,7,29,91,57,125,93,59" hai1="115,107,22,41,4,56,116,46,21,135,53,113,101" hai2="6,99,84,118,32,43,38,131,25,50,64,70,90" hai3="71,123,0,9,2,40,77,39,98,65,33,8,102"/><U79/><E116/><V109/><F38/><W110/><G123/><T92/><D7/><U114/><E4/><V134/><F118/><W54/><G110/><T117/><D117/><U89/><E79/><V88/><F6/><W62/><G33/><T27/><D125/><U108/><E135/><V61/><F109/><W127/><G127/><T1/><D1/><U51/><E108/><V18/><F131/><W15/><G77/><T68/><D68/><U72/><E72/><V78/><F134/><W133/><G133/><T124/><D124/><U66/><E66/><V28/><F18/><W111/><G111/><T86/><D20/><U100/><E89/><V31/><F31/><W42/><G54/><T94/><D57/><U48/><E107/><V19/><F19/><W10/><G15/><T17/><D17/><U55/><REACH who="1" step="1"/><E41/><REACH who="1" ten="163,455,186,186" step="2"/><V74/><F74/><W129/><G129/><T73/><D73/><U104/><E104/><V49/><F43/><W112/><G112/><T106/><D106/><U95/><E95/><V97/><F78/><W85/><G40/><T14/><D14/><U5/><E5/><V63/><F90/><W24/><G42/><T60/><AGARI ba="2,1" hai="23,27,29,59,60,67,83,86,91,92,93,94,96,103" machi="60" ten="30,8000,1" yaku="0,1,25,2,8,1,52,1" doraHai="81" who="0" fromWho="0" sc="163,96,455,-42,186,-22,186,-22" /><INIT seed="2,0,0,2,4,131" ten="259,413,164,164" oya="2" hai0="30,51,89,40,100,132,103,45,22,88,68,14,0" hai1="24,62,25,108,41,99,26,67,130,91,114,133,96" hai2="32,59,119,87,122,47,60,38,80,35,50,21,10" hai3="112,94,109,82,70,28,107,42,84,15,92,31,75"/><V3/><F119/><W76/><G107/><T73/><D0/><U23/><E114/><V129/><F38/><W56/><G112/><T44/><D68/><U85/><E130/><V118/><F129/><W48/><G70/><T29/><D73/><U58/><E108/><V53/><F122/><W46/><G109/><T111/><D111/><U83/><E133/><V18/><F3/><W81/><G56/><T27/><D132/><U126/><E126/><V12/><F21/><W115/><G115/><T102/><D30/><U8/><E41/><V72/><F72/><W36/><G36/><T65/><D65/><U105/><E105/><V135/><F118/><W78/><G92/><T5/><D45/><U113/><E113/><V110/><F135/><W127/><G127/><T61/><D61/><U123/><E123/><V69/><F69/><W1/><G1/><T101/><N who="0" m="26112" /><DORA hai="97" /><T125/><D125/><U120/><E120/><V98/><F98/><N who="1" m="37417" /><E8/><AGARI ba="0,0" hai="5,8,14,22,27,29,40,44,51,88,89" m="26112" machi="8" ten="50,12000,2" yaku="8,1,52,4,54,1" doraHai="131,97" who="0" fromWho="1" sc="259,120,413,-120,164,0,164,0" /><INIT seed="3,0,0,4,5,67" ten="379,293,164,164" oya="3" hai0="99,15,62,133,65,91,6,85,27,78,124,87,41" hai1="61,88,121,42,80,54,36,134,81,38,75,21,14" hai2="25,118,97,57,59,89,48,10,128,72,56,100,31" hai3="18,73,60,130,17,126,66,24,76,52,58,127,129"/><W23/><G73/><T95/><D41/><U120/><E134/><V82/><F128/><N who="3" m="49259" /><G76/><T4/><D133/><U109/><E109/><V96/><F118/><W40/><G40/><T1/><D1/><U94/><E120/><V111/><F111/><W0/><G0/><T45/><D45/><U104/><E104/><V44/><F72/><W63/><G17/><T113/><D113/><U68/><E121/><V46/><F10/><W2/><G2/><T107/><D124/><N who="3" m="47657" /><G63/><T9/><D107/><U49/><E42/><V51/><F31/><W79/><G79/><T32/><D4/><U8/><E75/><V77/><F25/><W92/><G92/><T90/><D78/><U5/><E81/><V108/><F77/><W13/><G66/><T84/><D27/><AGARI ba="0,0" hai="13,18,23,24,27,52,58,60" m="47657,49259" machi="27" ten="30,5800,0" yaku="19,1,18,1,54,1" doraHai="67" who="3" fromWho="0" sc="379,-58,293,0,164,0,164,58" /><INIT seed="3,1,0,2,0,121" ten="321,293,164,222" oya="3" hai0="10,5,119,98,0,22,87,74,48,97,91,17,108" hai1="46,38,95,89,120,90,53,29,128,41,101,70,124" hai2="55,104,107,83,45,16,131,31,96,68,126,44,84" hai3="115,12,72,125,20,103,135,60,11,93,77,86,66"/><W106/><G115/><T15/><D74/><U58/><E120/><V59/><F68/><W40/><G135/><T42/><D119/><U118/><E118/><V127/><F31/><W19/><G125/><T28/><D108/><U78/><E70/><V62/><F131/><W88/><G40/><T32/><D42/><U129/><E78/><V14/><F104/><W112/><G112/><T47/><D47/><U116/><E116/><V133/><F133/><W130/><G130/><N who="1" m="50282" /><E29/><V110/><F110/><W43/><G43/><T18/><D18/><U81/><E81/><V1/><F1/><W114/><G114/><T122/><D48/><N who="1" m="31015" /><E124/><V21/><F126/><W30/><G106/><T61/><D61/><U50/><E50/><V25/><F127/><W36/><G36/><T67/><D67/><U123/><E123/><V76/><F107/><W8/><G103/><T24/><REACH who="0" step="1"/><D122/><REACH who="0" ten="311,293,164,222" step="2"/><U7/><E46/><V54/><F54/><W100/><G30/><T75/><D75/><U80/><E38/><V33/><F33/><W69/><G100/><T85/><D85/><U23/><E101/><V64/><F64/><W134/><G134/><T9/><D9/><U2/><E41/><V13/><F45/><W39/><G39/><T73/><D73/><U63/><E63/><V51/><F44/><W37/><G37/><T132/><D132/><U34/><E34/><V92/><REACH who="2" step="1"/><F51/><REACH who="2" ten="311,293,154,222" step="2"/><W35/><G35/><T71/><D71/><U79/><E23/><V117/><F117/><W102/><G102/><AGARI ba="1,2" hai="13,14,16,21,25,55,59,62,76,83,84,92,96,102" machi="102" ten="30,8000,1" yaku="1,1,7,1,8,1,54,1,53,1" doraHai="121" doraHaiUra="57" who="2" fromWho="3" sc="311,0,293,0,154,103,222,-83" /><INIT seed="4,0,0,0,3,90" ten="311,293,257,139" oya="0" hai0="10,125,98,106,29,83,88,22,8,21,9,37,2" hai1="4,55,129,76,74,79,32,77,100,85,54,3,51" hai2="63,97,91,16,118,71,68,1,48,15,111,45,104" hai3="120,135,49,69,14,105,89,33,19,27,128,96,36"/><T60/><D37/><U87/><E74/><V119/><F1/><W108/><G36/><T102/><D125/><U126/><E32/><V0/><F0/><W64/><G108/><T82/><D2/><U50/><E126/><V31/><F31/><W38/><G38/><T46/><D46/><U110/><E110/><V6/><F6/><W75/><G75/><T130/><D130/><U113/><E129/><V43/><F111/><W56/><G128/><T131/><D131/><U62/><E100/><V39/><F39/><W133/><G120/><T114/><D114/><U7/><E62/><V24/><F24/><W134/><G69/><T124/><D124/><U123/><E3/><V28/><F28/><W132/><N who="3" m="34304" /><DORA hai="116" /><W80/><G105/><T12/><D12/><U17/><E79/><V53/><F104/><W112/><G112/><T58/><D29/><U40/><E113/><V65/><F68/><W70/><G70/><T18/><D18/><U78/><E78/><V107/><F43/><W5/><G5/><T26/><D26/><U25/><E25/><V59/><F71/><W101/><G27/><T109/><D109/><U67/><E40/><V13/><F107/><W95/><G33/><T66/><D82/><U117/><E17/><V72/><F16/><W44/><G80/><T20/><D83/><U86/><E86/><V11/><F72/><W121/><G121/><T41/><D41/><U92/><E117/><N who="2" m="44555" /><F11/><N who="3" m="6623" /><G101/><T57/><D57/><U30/><E30/><V34/><F34/><W52/><G64/><T42/><D42/><U99/><E67/><V115/><F115/><RYUUKYOKU ba="0,0" sc="311,10,293,-30,257,10,139,10" hai0="8,9,10,20,21,22,58,60,66,88,98,102,106" hai2="13,15,45,48,53,59,63,65,91,97" hai3="44,49,52,56,89,95,96" /><INIT seed="4,1,0,2,4,70" ten="321,263,267,149" oya="0" hai0="28,135,103,89,58,124,80,75,30,31,21,47,74" hai1="51,87,106,4,122,68,128,50,112,126,18,102,60" hai2="29,53,86,109,76,23,13,84,90,3,39,91,62" hai3="99,77,83,11,67,108,25,17,14,130,92,100,40"/><T20/><D103/><U82/><E122/><V2/><F39/><W41/><G108/><T32/><D32/><U55/><E4/><V59/><F76/><W34/><G130/><T98/><D124/><U10/><E126/><V33/><F33/><W125/><G125/><T69/><D69/><U120/><E120/><V12/><F109/><W63/><G34/><T134/><D58/><U105/><E128/><V15/><F3/><W127/><G127/><T123/><D123/><U48/><E102/><V43/><F2/><W96/><G96/><T38/><D98/><U0/><E0/><V6/><F43/><W81/><G81/><T117/><D117/><U46/><E112/><V104/><F104/><W22/><G83/><T119/><D119/><U107/><E60/><V61/><F61/><W131/><G77/><T129/><D129/><U64/><E64/><V78/><F6/><W79/><G79/><T9/><D9/><U121/><E68/><V65/><F53/><W42/><G131/><T16/><D21/><U66/><E66/><V111/><F111/><W1/><G1/><T93/><D75/><U45/><E45/><V97/><F97/><W101/><G101/><T35/><D47/><U57/><E46/><V27/><F84/><W95/><G95/><T56/><D93/><U114/><E114/><V94/><F94/><W7/><REACH who="3" step="1"/><G41/><REACH who="3" ten="321,263,267,139" step="2"/><T72/><D35/><U118/><E118/><V132/><F78/><W73/><G73/><T113/><D74/><U8/><E121/><V110/><F110/><W88/><G88/><N who="2" m="33833" /><F86/><W36/><G36/><T44/><D72/><RYUUKYOKU ba="1,1" sc="321,-15,263,-15,267,15,139,15" hai2="12,13,15,23,27,29,59,62,65,132" hai3="7,11,14,17,22,25,40,42,63,67,92,99,100" /><INIT seed="5,2,1,4,1,30" ten="306,248,282,154" oya="1" hai0="9,10,116,13,97,29,3,11,82,28,134,91,45" hai1="62,106,44,118,85,130,66,122,89,99,129,53,131" hai2="103,37,77,50,100,63,43,0,38,135,15,133,115" hai3="2,17,60,26,73,1,4,109,112,31,126,104,32"/><U79/><E118/><V108/><F0/><W88/><G104/><T102/><D3/><N who="3" m="1033" /><G73/><T94/><D134/><N who="2" m="51210" /><F108/><W110/><G60/><T55/><D116/><U48/><E122/><V24/><F77/><W7/><G88/><T33/><D13/><U114/><E79/><V105/><F115/><W35/><G112/><T127/><D127/><U54/><E114/><V52/><F15/><W124/><G17/><T117/><D117/><U51/><E99/><N who="2" m="61599" /><F103/><W42/><G42/><T75/><D75/><U72/><E106/><V39/><F24/><W120/><G120/><T81/><D33/><N who="3" m="12873" /><G26/><T93/><D82/><U87/><E89/><V22/><F63/><W34/><N who="3" m="12881" /><W61/><DORA hai="68" /><G61/><T6/><D81/><U12/><E12/><V125/><F22/><W58/><G58/><T41/><D55/><U70/><E72/><V71/><F43/><W64/><G64/><T84/><REACH who="0" step="1"/><D6/><REACH who="0" ten="296,248,282,154" step="2"/><N who="3" m="2089" /><G31/><T67/><D67/><U40/><E40/><V123/><F123/><W21/><G21/><T16/><D16/><U14/><E14/><V56/><F71/><W36/><G36/><AGARI ba="2,2" hai="9,10,11,28,29,36,41,45,84,91,93,94,97,102" machi="36" ten="40,8000,1" yaku="1,1,52,1,53,2" doraHai="30,68" doraHaiUra="128,27" who="0" fromWho="3" sc="296,106,248,0,282,0,154,-86" /><INIT seed="6,0,0,1,0,116" ten="402,248,282,68" oya="2" hai0="14,32,62,104,22,43,4,89,56,18,28,117,130" hai1="92,37,36,30,77,41,127,84,105,39,83,33,99" hai2="78,120,122,8,71,31,58,29,73,5,13,38,87" hai3="95,88,70,63,125,69,20,23,124,59,35,25,135"/><V133/><F71/><W46/><G35/><T6/><D104/><U40/><E127/><V102/><F38/><W17/><G135/><T112/><D117/><U64/><E64/><V76/><F133/><W26/><G124/><T12/><D130/><U85/><E85/><V19/><F102/><W3/><G3/><T119/><D119/><U57/><E57/><V131/><F73/><W115/><G115/><T24/><D112/><U96/><E96/><V16/><F58/><W110/><G110/><T97/><D43/><U128/><E128/><V42/><F42/><W100/><G125/><T27/><D27/><U55/><E55/><V60/><F60/><W44/><G69/><T48/><D48/><U90/><E30/><N who="2" m="11275" /><F87/><W82/><G82/><T134/><D134/><U98/><E33/><V2/><F78/><W10/><G10/><T7/><D32/><U75/><E99/><V107/><F107/><W68/><G100/><AGARI ba="0,0" hai="36,37,39,40,41,75,77,83,84,90,92,98,100,105" machi="100" ten="40,2600,0" yaku="24,2" doraHai="116" who="1" fromWho="3" sc="402,0,248,26,282,0,68,-26" /><INIT seed="7,0,0,4,3,98" ten="402,274,282,42" oya="3" hai0="69,73,84,86,109,62,78,26,63,115,96,94,65" hai1="99,55,20,85,75,110,48,100,35,53,24,59,18" hai2="124,122,118,30,70,91,128,56,34,119,72,5,127" hai3="38,80,10,116,13,16,19,23,131,135,61,14,103"/><W25/><G116/><T95/><D73/><U47/><E75/><V1/><F70/><W93/><G131/><T112/><D109/><U57/><E110/><V71/><F71/><W12/><G135/><T28/><D62/><U41/><E35/><V130/><F72/><W2/><G38/><T90/><D78/><U76/><E76/><V22/><F56/><N who="1" m="21577" /><E85/><V11/><F91/><W108/><G108/><T105/><D105/><U52/><E99/><V21/><F122/><W106/><G106/><T49/><D49/><N who="1" m="26863" /><E100/><V87/><F87/><W107/><G107/><T27/><D27/><U44/><AGARI ba="0,0" hai="18,20,24,44,48,52,53,55" m="26863,21577" machi="44" ten="30,2000,0" yaku="8,1,54,1" doraHai="98" who="1" fromWho="1" sc="402,-5,274,20,282,-5,42,-10" owari="397,50.0,294,9.0,277,-12.0,32,-47.0" /></mjloggm>