<mjloggm ver="2.3"><GO type="97" lobby="0"/><UN n0="%E3%82%B4%E3%83%B3%E3%83%91%E3%83%81" n1="%E3%81%B7%E3%82%88%E3%81%BD%E3%81%A3%E3%81%B7" n2="%E5%B0%B1%E6%B4%BB%E7%94%9F%40%E5%B7%9D%E6%9D%91%E8%BB%8D%E5%9B%A3" n3="%6B%73%6B%6F%68%6A%69" dan="13,13,15,13" rate="1932.17,1872.67,2061.07,1859.94" sx="M,M,M,M"/><TAIKYOKU oya="0"/><INIT seed="0,0,0,5,1,58" ten="250,250,250,250" oya="0" hai0="49,119,48,110,73,53,115,126,62,112,57,121,51" hai1="108,100,26,27,12,55,116,89,132,71,75,83,40" hai2="50,82,65,120,64,81,29,5,85,93,7,124,47" hai3="35,21,10,34,74,22,13,18,109,102,135,129,14"/><T96/><D73/><U117/><E71/><V46/><F124/><W103/><G74/><T131/><D119/><U23/><E40/><V130/><F130/><W133/><G103/><T91/><D126/><U52/><E132/><N who="3" m="50762" /><G129/><T39/><D121/><U1/><E1/><V60/><F29/><W45/><G102/><T54/><D131/><U92/><E100/><V94/><F120/><W43/><G45/><T15/><D39/><U111/><E75/><V78/><F50/><W37/><G43/><T42/><D110/><N who="1" m="42027" /><E83/><V118/><F118/><N who="1" m="45673" /><E12/><V80/><F85/><W9/><G37/><T70/><D70/><U25/><E23/><N who="3" m="8714" /><G109/><T95/><D15/><N who="3" m="5641" /><G18/><T63/><D42/><U134/><E134/><V128/><F128/><W76/><G76/><T24/><D24/><U122/><E122/><V56/><F78/><W33/><AGARI ba="0,0" hai="9,10,33,34,35" m="5641,8714,50762" machi="33" ten="40,8000,1" yaku="28,2,20,1,34,2" doraHai="58" who="3" fromWho="3" sc="250,-40,250,-20,250,-20,250,80" /><INIT seed="1,0,0,1,2,111" ten="210,230,230,330" oya="1" hai0="34,0,113,110,89,79,96,125,122,18,82,102,14" hai1="61,50,74,11,53,99,13,20,108,68,131,91,39" hai2="67,59,133,128,57,3,127,54,6,52,22,19,80" hai3="100,51,10,115,97,16,66,88,33,5,45,84,62"/><U17/><E39/><V47/><F127/><W12/><G33/><T48/><D113/><U90/><E131/><V7/><F133/><W75/><G75/><T60/><D110/><U85/><E108/><V93/><F128/><W69/><G115/><T94/><D34/><U135/><E74/><V64/><F80/><W8/><G100/><T28/><D0/><U38/><E38/><V40/><F93/><W86/><G97/><T104/><D28/><U49/><E135/><V2/><F40/><W129/><G129/><T73/><D125/><U70/><E99/><V63/><F47/><W42/><REACH who="3" step="1"/><G88/><REACH who="3" ten="210,230,230,320" step="2"/><T72/><D122/><U9/><E91/><V1/><F7/><W26/><G26/><T15/><D72/><U132/><E132/><V130/><F6/><W98/><G98/><T4/><D89/><U114/><E114/><V76/><F76/><W120/><G120/><T95/><D95/><N who="1" m="54735" /><E70/><V87/><F87/><W58/><G58/><T41/><D94/><U46/><E68/><V78/><F78/><W65/><G65/><T27/><D96/><U101/><E101/><V118/><F118/><W71/><G71/><T106/><D102/><U126/><E126/><V25/><REACH who="2" step="1"/><F130/><REACH who="2" ten="210,230,220,320" step="2"/><W107/><G107/><T31/><D104/><U36/><E36/><V23/><F23/><W123/><G123/><T81/><D106/><U117/><E117/><V37/><F37/><W116/><G116/><T32/><D79/><U56/><E20/><V35/><F35/><W121/><G121/><T109/><D109/><U92/><E92/><V124/><F124/><W83/><G83/><RYUUKYOKU ba="0,2" sc="210,-15,230,-15,220,15,320,15" hai2="1,2,3,19,22,25,52,54,57,59,63,64,67" hai3="5,8,10,12,16,42,45,51,62,66,69,84,86" /><INIT seed="2,1,2,5,2,47" ten="195,215,235,335" oya="2" hai0="70,59,128,76,122,1,19,135,95,29,69,67,16" hai1="51,8,74,65,90,134,24,42,102,106,33,31,44" hai2="22,92,18,119,103,131,93,116,124,5,101,104,113" hai3="43,109,132,110,81,99,125,72,21,28,0,61,7"/><V123/><F123/><W80/><G132/><T129/><D122/><U15/><E134/><V4/><F113/><W17/><G125/><T127/><D127/><U49/><E74/><V52/><F124/><W58/><G28/><T39/><D39/><U27/><E65/><V71/><F71/><W2/><G43/><T121/><D121/><U25/><E90/><V98/><F131/><N who="0" m="50250" /><D135/><U88/><E102/><N who="2" m="38923" /><F104/><W20/><G99/><T55/><D1/><U126/><E106/><V11/><F11/><W53/><G21/><T26/><D76/><U66/><E66/><V94/><F98/><W118/><G118/><T6/><D6/><N who="2" m="2666" /><F119/><W35/><G35/><N who="0" m="20919" /><D95/><U83/><E126/><V85/><F116/><W120/><G120/><T108/><D108/><N who="3" m="41577" /><G72/><T57/><D67/><U77/><E33/><V3/><F3/><N who="3" m="1067" /><G7/><T111/><D111/><U34/><E34/><V112/><F112/><W68/><G68/><N who="0" m="26219" /><D59/><U38/><E31/><V100/><F85/><W96/><G96/><T12/><D12/><AGARI ba="1,2" hai="12,17,20,53,58,61,80,81" m="1067,41577" machi="12" ten="30,1000,0" yaku="14,1" doraHai="47" who="3" fromWho="0" sc="195,-13,215,0,235,0,335,33" /><INIT seed="3,0,0,3,4,37" ten="182,215,235,368" oya="3" hai0="128,84,117,17,52,5,123,62,38,118,120,3,9" hai1="27,129,111,70,8,73,57,101,75,50,41,80,132" hai2="40,124,122,55,89,43,105,98,1,31,77,39,4" hai3="34,56,134,85,63,59,88,12,20,97,22,82,121"/><W91/><G121/><T116/><D128/><U60/><E70/><V2/><F39/><W61/><G34/><T36/><D17/><U130/><E111/><V133/><F77/><W15/><G134/><T65/><D36/><U125/><E101/><V11/><F2/><W79/><G97/><T68/><D38/><U104/><E104/><V46/><F31/><W90/><G79/><T48/><REACH who="0" step="1"/><D84/><REACH who="0" ten="172,215,235,368" step="2"/><U119/><E119/><V109/><F133/><W115/><G115/><T19/><D19/><U18/><E132/><V35/><F122/><W58/><G85/><T96/><D96/><U106/><E125/><V32/><F124/><W102/><G82/><T53/><D53/><N who="1" m="33839" /><E80/><V30/><F55/><W67/><G102/><T0/><D0/><U100/><E100/><V7/><F98/><W95/><G95/><T99/><D99/><U81/><E81/><V112/><F105/><W113/><G113/><T25/><D25/><U13/><E106/><V76/><F1/><W94/><G94/><T83/><D83/><U6/><E27/><V72/><F72/><W135/><G135/><T16/><D16/><U93/><E93/><V23/><F112/><W21/><G67/><T64/><D64/><U29/><E18/><V78/><F78/><W45/><G63/><T110/><D110/><U44/><E29/><V49/><F76/><W10/><G61/><T114/><D114/><U26/><E26/><V86/><F30/><W71/><G71/><T51/><D51/><U131/><AGARI ba="0,1" hai="6,8,13,41,44,50,73,75,129,130,131" m="33839" machi="131" ten="30,2000,0" yaku="19,1,52,1" doraHai="37" who="1" fromWho="1" sc="172,-5,215,30,235,-5,368,-10" owari="167,-33.0,245,5.0,230,-17.0,358,45.0" /></mjloggm>