<mjloggm ver="2.3"><GO type="97" lobby="0"/><UN n0="%E8%B7%AF%E5%9C%B0%E8%A3%8F%E3%81%AE%E3%81%B2%E3%81%BE%E3%82%8F%E3%82%8A" n1="%4B%32%30%31%30" n2="%6D%69%6F" n3="%E5%B0%B1%E6%B4%BB%E7%94%9F%40%E5%B7%9D%E6%9D%91%E8%BB%8D%E5%9B%A3" dan="14,15,14,15" rate="1926.09,1990.54,1890.95,1975.16" sx="M,M,F,M"/><TAIKYOKU oya="0"/><INIT seed="0,0,0,0,1,123" ten="250,250,250,250" oya="0" hai0="106,116,6,44,61,93,109,75,113,96,104,39,15" hai1="45,130,120,38,10,95,3,124,89,102,46,50,9" hai2="53,11,86,108,90,72,64,94,47,122,127,114,79" hai3="82,115,36,66,7,62,27,126,19,78,73,70,57"/><T125/><D113/><U5/><E120/><V40/><F114/><W30/><G115/><T65/><D116/><U135/><E124/><V26/><F127/><W107/><G107/><T58/><D75/><U29/><E130/><V100/><F108/><W101/><G126/><T98/><D109/><U2/><E135/><V56/><F64/><W12/><G101/><T112/><D112/><U132/><E132/><V110/><F110/><W84/><G36/><T33/><D33/><U24/><E102/><V134/><F100/><W54/><G7/><T87/><D87/><U55/><E38/><V0/><F26/><W119/><G119/><T23/><D125/><U41/><E10/><V51/><F134/><W76/><G73/><T43/><D98/><U52/><E3/><V32/><F32/><W91/><G70/><T69/><D69/><U99/><REACH who="1" step="1"/><E46/><REACH who="1" ten="250,240,250,250" step="2"/><V83/><F122/><W60/><G76/><T67/><D44/><U121/><E121/><V77/><F77/><W13/><G78/><T14/><D39/><U81/><E81/><V48/><F11/><W63/><G66/><T31/><D67/><U34/><AGARI ba="0,1" hai="2,5,9,24,29,34,41,45,50,52,55,89,95,99" machi="34" ten="20,8000,1" yaku="1,1,0,1,7,1,54,1,53,1" doraHai="123" doraHaiUra="88" who="1" fromWho="1" sc="250,-40,240,90,250,-20,250,-20" /><INIT seed="1,0,0,5,5,62" ten="210,330,230,230" oya="1" hai0="32,94,61,19,107,49,0,34,130,108,85,20,37" hai1="38,36,31,104,118,114,76,21,115,69,80,26,57" hai2="77,24,91,47,65,15,126,23,128,30,60,89,45" hai3="88,97,55,28,59,10,43,39,117,7,116,72,127"/><U111/><E118/><N who="3" m="45674" /><G127/><T83/><D107/><U27/><E69/><V112/><F126/><W96/><G72/><T11/><D37/><U50/><E104/><V33/><F128/><W2/><G28/><T71/><D130/><U95/><E111/><V4/><F77/><W132/><G132/><T52/><D108/><U22/><E95/><V70/><F112/><W63/><G88/><N who="0" m="53519" /><D83/><U113/><E50/><V66/><F91/><W42/><G39/><T99/><D99/><AGARI ba="0,0" hai="2,7,10,42,43,55,59,63,96,97,99" m="45674" machi="99" ten="30,1000,0" yaku="12,1" doraHai="62" who="3" fromWho="0" sc="210,-10,330,0,230,0,230,10" /><INIT seed="2,0,0,2,2,92" ten="200,330,230,240" oya="2" hai0="46,13,62,34,108,77,2,100,11,49,39,29,7" hai1="30,89,114,19,88,25,17,123,54,60,69,128,1" hai2="63,5,95,38,91,129,42,105,56,22,75,45,121" hai3="87,55,37,131,94,6,82,70,98,20,52,16,40"/><V85/><F121/><W86/><G70/><T65/><D39/><U76/><E114/><V90/><F75/><W79/><G131/><T103/><D108/><U57/><E1/><V10/><F129/><W33/><G33/><T81/><D2/><U61/><E128/><V50/><F105/><W3/><G3/><T47/><D29/><U58/><E69/><V32/><F91/><N who="1" m="34889" /><E76/><V84/><F22/><W122/><G6/><T78/><D34/><U14/><E123/><V18/><F18/><N who="1" m="6665" /><E14/><V59/><F32/><W130/><G130/><T15/><D15/><U132/><E132/><V51/><F59/><N who="1" m="22537" /><E54/><V110/><F110/><W127/><G122/><T48/><D78/><U116/><E116/><V113/><F113/><W35/><G35/><T112/><D112/><U64/><E64/><V68/><F68/><W111/><G111/><T117/><D65/><U101/><E101/><V8/><F5/><W67/><G67/><T72/><D117/><U133/><E133/><V43/><F38/><W24/><G37/><T124/><D62/><U21/><AGARI ba="0,0" hai="21,25,30,60,61" m="22537,6665,34889" machi="21" ten="30,2000,0" yaku="8,1,54,1" doraHai="92" who="1" fromWho="1" sc="200,-5,330,20,230,-10,240,-5" /><INIT seed="3,0,0,2,3,85" ten="195,350,220,235" oya="3" hai0="39,103,86,72,114,57,120,46,84,111,118,31,4" hai1="135,30,11,26,12,18,133,63,65,132,22,64,47" hai2="88,10,112,104,13,108,42,98,29,89,34,110,76" hai3="52,82,123,36,16,48,5,38,81,93,15,100,55"/><W105/><G123/><T70/><D120/><U37/><REACH who="1" step="1"/><E63/><REACH who="1" ten="195,340,220,235" step="2"/><V67/><F112/><W74/><G38/><T32/><D114/><U21/><E21/><V59/><F42/><AGARI ba="0,1" hai="11,12,18,22,26,30,37,42,47,64,65,132,133,135" machi="42" ten="40,5200,0" yaku="21,2,20,1,53,0" doraHai="85" doraHaiUra="73" who="1" fromWho="2" sc="195,0,340,62,220,-52,235,0" owari="195,-20.0,402,49.0,168,-33.0,235,4.0" /></mjloggm>