<mjloggm ver="2.3"><GO type="169" lobby="0"/><UN n0="%74%61%6E%61%4B%61" n1="%E3%82%B9%E3%82%B1%E3%83%BC%E3%82%BF%E3%83%BC" n2="%E3%83%A1%E3%82%AD%E3%83%AD%E3%82%B9" n3="%E3%82%A6%E3%83%AB%E3%83%88%E3%83%A9%E7%AB%8B%E7%9B%B4" dan="16,17,17,17" rate="2132.60,2116.89,2178.52,2145.88" sx="M,M,M,M"/><TAIKYOKU oya="0"/><INIT seed="0,0,0,3,3,22" ten="250,250,250,250" oya="0" hai0="121,95,82,125,106,42,30,32,101,94,123,25,38" hai1="93,105,49,119,78,41,16,91,44,132,100,134,0" hai2="29,129,43,89,81,39,58,85,35,128,96,116,60" hai3="56,47,88,80,52,131,70,67,133,31,50,11,127"/><T1/><D1/><U103/><E0/><V113/><F113/><W126/><G131/><N who="2" m="50249" /><F116/><W7/><G70/><T98/><D125/><N who="3" m="47625" /><G31/><T23/><D82/><U66/><E78/><V14/><F14/><N who="3" m="5503" /><G133/><N who="1" m="51306" /><E66/><V12/><F12/><W71/><G71/><T8/><D8/><U13/><E105/><V3/><F3/><W76/><G88/><T55/><D55/><U115/><E115/><V107/><F43/><W9/><G9/><T130/><D130/><U112/><E119/><V48/><F48/><W109/><G109/><T84/><D32/><U72/><E112/><V19/><F39/><W74/><G67/><T83/><D42/><U64/><E64/><N who="2" m="38935" /><F29/><W40/><G40/><T120/><REACH who="0" step="1"/><D38/><REACH who="0" ten="240,250,250,250" step="2"/><U75/><E41/><V27/><F35/><W79/><G79/><AGARI ba="0,1" hai="23,25,30,79,83,84,94,95,98,101,106,120,121,123" machi="79" ten="40,12000,1" yaku="1,1,2,1,52,1,53,1" doraHai="22" doraHaiUra="21" who="0" fromWho="3" sc="240,130,250,0,250,0,250,-120" /><INIT seed="0,1,0,2,5,74" ten="370,250,250,130" oya="0" hai0="112,62,28,122,86,127,71,13,23,100,118,38,20" hai1="8,65,45,17,33,36,54,110,30,12,22,42,72" hai2="56,114,113,121,66,90,63,3,34,40,95,97,77" hai3="99,73,61,50,125,57,82,85,119,132,49,5,126"/><T80/><D118/><U35/><E110/><V2/><F121/><W88/><G119/><T69/><D112/><U115/><E115/><V27/><F113/><W10/><G99/><T131/><D122/><U123/><E123/><V101/><F114/><W116/><G132/><T9/><D38/><U4/><E65/><V41/><F3/><W128/><G128/><T111/><D131/><U58/><E30/><V130/><F2/><W47/><G73/><T48/><D127/><U19/><E72/><V120/><F120/><W60/><G116/><T104/><D111/><U129/><E129/><V106/><F130/><W67/><G60/><T92/><D104/><U103/><E103/><V14/><F14/><W16/><G5/><T87/><D48/><U78/><E78/><V51/><F51/><W108/><G108/><T52/><D69/><U98/><E98/><V39/><F39/><W89/><G89/><N who="0" m="53311" /><D100/><U91/><E91/><V32/><F32/><W0/><G0/><T134/><D71/><U26/><E4/><V44/><F34/><W31/><G31/><T6/><D28/><U102/><E102/><V93/><F106/><W29/><G29/><T133/><D134/><U53/><E53/><V96/><F101/><W59/><G59/><N who="0" m="35175" /><D133/><U79/><E35/><V83/><F41/><W70/><G70/><T7/><D6/><U11/><E33/><V68/><F68/><W46/><G46/><T105/><D105/><U81/><E45/><V107/><F44/><W94/><G47/><T21/><D21/><N who="1" m="11431" /><E42/><V109/><F40/><W37/><G126/><T84/><D84/><RYUUKYOKU ba="1,0" sc="370,30,250,-10,250,-10,130,-10" hai0="7,9,13,20,23,80,86" /><INIT seed="0,2,0,4,3,103" ten="400,240,240,120" oya="0" hai0="12,91,134,113,47,15,33,39,3,110,58,22,124" hai1="41,70,48,50,11,115,90,4,42,17,104,111,78" hai2="85,25,29,102,135,21,19,94,108,99,117,122,13" hai3="131,57,31,77,119,133,7,128,87,46,100,2,35"/><T68/><D113/><U40/><E70/><V49/><F122/><W5/><G46/><T97/><D68/><U51/><E115/><V32/><F108/><W64/><G100/><T26/><D3/><U95/><E111/><V55/><F135/><W72/><G72/><T16/><D134/><U66/><E66/><V121/><F121/><W74/><G74/><T83/><D110/><U120/><E78/><V8/><F117/><W38/><G38/><T23/><D124/><U52/><E17/><V106/><F85/><W24/><G133/><T45/><D33/><U73/><E73/><V96/><F96/><W123/><G119/><T27/><D58/><U56/><E104/><V59/><REACH who="2" step="1"/><F94/><REACH who="2" ten="400,240,230,120" step="2"/><W93/><G123/><T9/><D97/><U61/><E120/><V80/><F80/><W112/><G93/><T88/><D83/><U132/><E132/><V116/><F116/><W63/><G112/><T118/><D118/><U28/><E28/><V30/><F30/><W86/><G87/><T44/><D39/><U60/><E95/><V54/><F54/><W129/><REACH who="3" step="1"/><G2/><REACH who="3" ten="400,240,230,110" step="2"/><T79/><D79/><U1/><E42/><V130/><F130/><W92/><G92/><T0/><D0/><U109/><E109/><V81/><F81/><AGARI ba="2,2" hai="5,7,24,31,35,57,63,64,77,81,86,128,129,131" machi="81" ten="40,2600,0" yaku="1,1,19,1,53,0" doraHai="103" doraHaiUra="37" who="3" fromWho="2" sc="400,0,240,0,230,-32,110,52" /><INIT seed="1,0,0,4,3,31" ten="400,240,198,162" oya="1" hai0="124,93,45,34,46,134,58,116,55,62,1,128,68" hai1="28,65,37,92,44,97,60,69,133,41,57,47,23" hai2="6,40,39,132,25,112,99,2,110,12,77,88,9" hai3="122,89,127,78,98,14,10,118,87,123,83,5,131"/><U115/><E115/><V51/><F39/><W95/><G127/><T3/><D124/><U56/><E133/><V109/><F112/><W86/><G131/><T114/><D128/><U36/><E28/><V81/><F132/><W101/><REACH who="3" step="1"/><G118/><REACH who="3" ten="400,240,198,152" step="2"/><T21/><D116/><U26/><E37/><V61/><F110/><W125/><G125/><T120/><D114/><U135/><E135/><V27/><F109/><W94/><AGARI ba="0,1" hai="5,10,14,78,83,86,87,89,94,95,98,101,122,123" machi="94" ten="20,2700,0" yaku="1,1,0,1,7,1,53,0" doraHai="31" doraHaiUra="38" who="3" fromWho="3" sc="400,-7,240,-13,198,-7,152,37" /><INIT seed="2,0,0,0,1,49" ten="393,227,191,189" oya="2" hai0="2,111,66,82,120,86,73,46,94,84,4,53,80" hai1="70,68,67,22,96,71,127,11,58,91,65,55,5" hai2="122,51,125,35,18,115,75,74,10,31,121,97,12" hai3="30,19,33,64,105,113,14,57,69,60,98,83,52"/><V62/><F115/><W130/><G130/><T8/><D120/><U34/><E34/><V50/><F121/><W59/><G113/><T112/><D112/><U13/><E127/><V124/><F122/><W118/><G118/><T40/><D111/><U39/><E39/><V129/><F129/><W42/><G42/><T21/><D66/><U38/><E38/><V24/><F74/><W79/><G69/><T108/><D108/><U16/><E91/><V104/><F75/><W126/><G126/><N who="2" m="48745" /><F62/><W47/><G47/><T135/><D135/><U106/><E96/><V95/><F104/><W44/><G44/><T78/><D21/><U100/><E100/><AGARI ba="0,0" hai="10,12,18,24,31,35,50,51,95,97,100" m="48745" machi="100" ten="30,1500,0" yaku="18,1" doraHai="49" who="2" fromWho="1" sc="393,0,227,-15,191,15,189,0" /><INIT seed="2,1,0,0,2,106" ten="393,212,206,189" oya="2" hai0="40,71,102,46,104,84,35,64,28,120,21,30,39" hai1="16,86,9,124,61,65,119,54,109,31,75,60,114" hai2="57,126,68,4,87,127,23,22,32,59,105,121,41" hai3="82,26,43,69,100,53,56,1,50,85,8,12,44"/><V62/><F121/><W88/><G69/><T29/><D120/><U122/><E119/><V15/><F32/><W77/><G100/><T33/><D84/><U18/><E114/><V66/><F105/><W38/><G26/><N who="0" m="18647" /><D21/><U67/><E31/><V134/><F134/><W91/><REACH who="3" step="1"/><G1/><REACH who="3" ten="393,212,206,179" step="2"/><T36/><D35/><U128/><E122/><V52/><F68/><W63/><G63/><N who="0" m="40351" /><D36/><U112/><E61/><V113/><F62/><W117/><G117/><T111/><D111/><U81/><E60/><V51/><F113/><W13/><G13/><T0/><D0/><U118/><E112/><V129/><F15/><W92/><G92/><T72/><D72/><U17/><E75/><V20/><F126/><W108/><G108/><T80/><D80/><U95/><E124/><V34/><F127/><W74/><G74/><T5/><D102/><U123/><E81/><V14/><F14/><W83/><G83/><T10/><D104/><U79/><E123/><V115/><F115/><W99/><G99/><T110/><D110/><U107/><E107/><V101/><F101/><W27/><G27/><T98/><D98/><U97/><E109/><V6/><F87/><W55/><G55/><T47/><D39/><U24/><E118/><V125/><F52/><W130/><G130/><T48/><D40/><U96/><E128/><V42/><F41/><W7/><AGARI ba="1,1" hai="7,8,12,38,43,44,50,53,56,77,82,85,88,91" machi="7" ten="20,8000,1" yaku="1,1,0,1,7,1,54,1,53,1" doraHai="106" doraHaiUra="45" who="3" fromWho="3" sc="393,-21,212,-21,206,-41,179,93" /><INIT seed="3,0,0,0,1,89" ten="372,191,165,272" oya="3" hai0="81,107,24,33,45,62,76,101,111,47,9,27,119" hai1="6,23,124,37,120,127,131,36,25,48,61,51,52" hai2="39,21,60,110,8,71,99,130,35,46,11,93,84" hai3="3,102,69,54,132,113,26,22,83,55,74,53,109"/><W19/><G113/><T49/><D119/><U106/><E106/><V2/><F35/><W30/><G132/><T70/><D111/><U108/><E6/><V123/><F110/><W31/><G109/><T38/><D9/><U68/><E108/><V91/><F130/><W117/><G117/><T96/><D38/><U77/><E77/><V41/><F123/><W112/><G112/><T58/><D70/><U129/><E120/><V34/><F34/><W133/><G133/><T20/><D33/><U67/><E48/><V32/><F32/><W95/><G69/><T100/><D100/><U115/><E115/><V16/><F2/><W66/><G66/><T72/><D24/><U103/><E103/><V29/><F29/><N who="3" m="10763" /><G74/><T14/><D14/><U4/><E4/><V15/><REACH who="2" step="1"/><F84/><REACH who="2" ten="372,191,155,272" step="2"/><W135/><G3/><T125/><D72/><U59/><E131/><V79/><F79/><W73/><G73/><T105/><D76/><U1/><E1/><V98/><F98/><N who="3" m="59743" /><G135/><T134/><D134/><U7/><E129/><V12/><F12/><W94/><G83/><T10/><D81/><U18/><REACH who="1" step="1"/><E7/><REACH who="1" ten="372,181,155,272" step="2"/><V128/><F128/><W63/><G63/><T13/><D62/><U42/><E42/><V5/><F5/><W116/><G116/><T17/><D49/><U90/><E90/><V28/><F28/><W114/><G114/><T43/><D43/><U64/><E64/><AGARI ba="0,2" hai="8,11,15,16,21,39,41,46,60,64,71,91,93,99" machi="64" ten="40,8000,1" yaku="1,1,52,1,54,1,53,1" doraHai="89" doraHaiUra="57" who="2" fromWho="1" sc="372,0,181,-80,155,100,272,0" /><INIT seed="4,0,0,4,0,130" ten="372,101,255,272" oya="0" hai0="115,14,38,0,82,83,88,74,20,8,59,134,132" hai1="117,111,72,129,34,60,1,28,50,22,24,62,128" hai2="102,7,120,97,5,35,67,84,80,16,42,49,41" hai3="2,90,125,92,110,124,47,91,18,45,9,123,116"/><T19/><D38/><U87/><E72/><V10/><F120/><W26/><G110/><T48/><D74/><U57/><E111/><V11/><F35/><W86/><G116/><T105/><D105/><U95/><E1/><V109/><F109/><W58/><G58/><T43/><D115/><U101/><E117/><V77/><F67/><W30/><G91/><T112/><D112/><U36/><E36/><V114/><F114/><W23/><G123/><T70/><D70/><U69/><E34/><V121/><F121/><W106/><G106/><T104/><D104/><U76/><E50/><V33/><F33/><W99/><G99/><T21/><D0/><U96/><E69/><V89/><F89/><W81/><G81/><N who="0" m="30731" /><D88/><U78/><E87/><V98/><F97/><W94/><G94/><T31/><D31/><U29/><E28/><V12/><F98/><W126/><G30/><T6/><D6/><AGARI ba="0,0" hai="2,6,9,18,23,26,45,47,86,90,92,124,125,126" machi="6" ten="40,1300,0" yaku="18,1" doraHai="130" who="3" fromWho="0" sc="372,-13,101,0,255,0,272,13" /><INIT seed="5,0,0,4,4,123" ten="359,101,255,285" oya="1" hai0="4,128,131,21,126,76,119,81,100,5,92,101,82" hai1="66,86,51,62,17,93,68,84,99,60,115,122,47" hai2="44,80,8,105,95,102,6,27,104,118,129,79,26" hai3="94,23,53,49,61,67,75,2,103,91,42,116,112"/><U39/><E122/><V52/><F118/><W107/><G2/><T14/><D119/><U50/><E115/><V71/><F71/><W69/><G75/><T70/><D70/><U108/><E62/><V45/><F129/><N who="0" m="49738" /><D126/><U109/><E17/><V31/><F105/><W83/><G83/><N who="0" m="31755" /><D76/><U43/><E84/><N who="2" m="48159" /><F104/><W110/><G23/><T20/><D92/><U22/><E86/><V41/><F41/><W7/><G103/><N who="0" m="39499" /><D14/><U16/><E99/><V46/><F95/><W12/><G94/><T38/><D38/><U54/><E93/><V13/><F102/><W40/><G12/><T29/><D29/><U34/><E34/><V19/><F31/><W15/><G15/><T58/><D58/><N who="1" m="33119" /><E50/><N who="2" m="28743" /><F19/><W35/><G49/><T3/><D3/><U55/><E55/><V90/><F90/><W9/><G91/><T64/><D64/><U88/><E88/><V120/><F120/><W117/><G53/><T121/><D121/><U36/><E36/><V77/><F77/><W32/><G107/><T106/><D106/><U85/><E85/><V114/><F114/><W111/><G112/><T25/><D25/><AGARI ba="0,0" hai="16,22,25,39,43,47,60,66,68,108,109" m="33119" machi="25" ten="30,11600,0" yaku="24,1,52,2,54,1" doraHai="123" who="1" fromWho="0" sc="359,-116,101,116,255,0,285,0" /><AGARI ba="0,0" hai="6,8,13,25,26,27,45,46" m="28743,48159" machi="25" ten="30,2000,0" yaku="8,1,54,1" doraHai="123" who="2" fromWho="0" sc="243,-20,217,0,255,20,285,0" /><INIT seed="5,1,0,1,3,18" ten="223,217,275,285" oya="1" hai0="40,2,103,27,55,60,50,66,107,24,72,102,125" hai1="5,21,33,30,91,20,53,120,47,101,94,115,81" hai2="62,28,12,75,22,109,97,67,77,95,58,61,41" hai3="108,10,25,110,26,36,6,69,105,4,19,8,16"/><U3/><E120/><V106/><F106/><W15/><G69/><T82/><D2/><U17/><E115/><V52/><F109/><N who="3" m="42091" /><G36/><T11/><D125/><U134/><E134/><V0/><F0/><N who="3" m="7" /><G105/><T112/><D40/><U129/><E129/><V76/><F41/><W85/><G85/><T39/><D39/><U88/><E33/><V54/><F75/><W64/><G64/><T70/><D112/><U42/><E53/><N who="2" m="20587" /><F62/><W87/><G87/><T51/><D11/><U98/><E3/><V113/><F113/><W43/><G43/><T56/><D50/><N who="1" m="26999" /><E5/><V122/><F122/><W9/><G19/><T1/><D1/><AGARI ba="1,0" hai="1,6,9,10,15,16,25,26" m="7,42091" machi="1" ten="30,3900,0" yaku="34,2,54,1" doraHai="18" who="3" fromWho="0" sc="223,-42,217,0,275,0,285,42" /><INIT seed="6,0,0,3,5,5" ten="181,217,275,327" oya="2" hai0="54,75,87,88,57,132,7,37,14,104,20,48,55" hai1="53,42,13,118,83,63,26,73,58,18,22,8,11" hai2="31,122,86,76,92,49,110,129,116,9,95,62,2" hai3="10,27,123,64,131,23,17,70,32,99,34,80,77"/><V45/><F116/><W121/><G34/><T24/><D75/><U30/><E118/><V98/><F122/><W4/><G131/><T126/><D37/><U38/><E38/><V84/><F129/><W82/><G82/><T3/><D3/><U127/><E127/><V105/><F105/><W59/><G70/><T35/><D126/><U81/><E42/><V102/><F110/><W40/><G32/><T56/><D35/><U101/><E101/><V96/><F31/><W74/><G40/><T25/><D104/><U71/><E71/><V47/><F76/><W100/><G59/><T67/><D67/><U6/><REACH who="1" step="1"/><E73/><REACH who="1" ten="181,207,275,327" step="2"/><V61/><F102/><W72/><G72/><T120/><D120/><U111/><E111/><V0/><F49/><W85/><G74/><T41/><D41/><U50/><E50/><V113/><F113/><W16/><G100/><T44/><D132/><U106/><E106/><V108/><F108/><W107/><G107/><T21/><D44/><U43/><E43/><V68/><F68/><W78/><G123/><T119/><D119/><U133/><E133/><V91/><F47/><W69/><G69/><T134/><D134/><U130/><E130/><V33/><F45/><W29/><G121/><T109/><D109/><U89/><E89/><V114/><F91/><W117/><G117/><T15/><D48/><U1/><AGARI ba="0,1" hai="1,6,8,11,13,18,22,26,30,53,58,63,81,83" machi="1" ten="20,12000,2" yaku="1,1,0,1,7,1,52,2,53,1" doraHai="5" doraHaiUra="19" who="1" fromWho="1" sc="181,-30,207,130,275,-60,327,-30" /><INIT seed="7,0,0,4,0,78" ten="151,337,215,297" oya="3" hai0="135,12,25,97,76,74,56,115,31,37,24,94,106" hai1="133,47,80,66,1,132,73,126,52,113,86,123,83" hai2="105,71,22,2,69,85,54,35,33,14,127,79,6" hai3="98,81,82,42,117,32,10,36,58,112,13,7,16"/><W104/><G32/><T29/><D37/><U34/><E1/><V49/><F105/><W121/><G121/><T75/><D106/><U44/><E113/><V77/><F2/><W129/><G117/><T21/><D135/><U26/><E126/><V111/><F111/><W5/><G112/><T131/><D131/><U114/><E66/><V57/><F127/><W99/><G36/><T84/><D115/><U116/><E123/><V4/><F69/><W39/><G39/><T41/><D41/><U134/><E116/><V27/><F71/><W109/><G109/><T62/><D12/><U119/><E114/><V50/><F35/><W103/><G129/><T107/><D107/><U88/><E52/><N who="2" m="31887" /><F33/><W63/><G42/><T68/><D68/><U53/><E53/><V60/><F60/><W120/><G120/><T38/><D38/><U40/><E40/><V30/><F85/><W59/><G59/><T100/><D84/><N who="1" m="50183" /><E73/><V23/><F23/><W95/><G99/><T17/><D76/><N who="2" m="29258" /><F14/><N who="3" m="7255" /><G104/><T128/><D128/><U125/><E125/><V102/><F102/><W28/><G28/><T19/><D75/><U11/><E119/><V65/><F65/><N who="3" m="39159" /><G13/><T48/><D74/><U124/><E124/><V43/><F43/><W51/><G51/><T45/><D25/><U8/><E26/><V110/><F110/><W91/><G103/><T101/><D101/><U96/><E96/><V130/><F130/><W122/><G122/><T108/><D31/><U87/><E132/><V0/><F0/><W20/><G20/><T64/><D108/><U70/><E133/><V118/><F118/><RYUUKYOKU ba="0,0" sc="151,10,337,-30,215,10,297,10" hai0="17,19,21,24,29,45,48,56,62,64,94,97,100" hai2="4,6,22,27,30,50,54" hai3="5,7,81,82,91,95,98" /><INIT seed="7,1,0,1,3,108" ten="161,307,225,307" oya="3" hai0="2,26,84,49,114,25,109,118,9,98,128,93,72" hai1="48,10,59,117,70,22,124,129,123,54,65,78,120" hai2="4,74,119,115,55,32,104,17,94,99,91,8,62" hai3="127,133,126,41,1,96,80,81,52,63,86,88,43"/><W27/><G1/><T83/><D109/><U24/><E78/><V122/><F119/><W47/><G133/><T95/><D118/><U107/><E107/><V87/><F74/><W7/><G7/><T113/><D72/><U105/><E105/><V125/><F32/><W45/><G27/><N who="0" m="10251" /><D128/><U50/><E117/><V14/><F122/><W85/><G96/><T16/><D49/><U31/><E129/><V42/><F125/><N who="3" m="47627" /><G63/><T90/><D98/><U134/><E124/><V0/><F42/><N who="3" m="15883" /><G52/><T60/><D60/><U57/><E134/><V53/><F17/><W68/><G68/><T39/><D39/><U66/><E70/><V132/><F91/><AGARI ba="1,0" hai="45,47,80,81,85,86,88,91" m="15883,47627" machi="91" ten="30,2900,0" yaku="18,1,54,1" doraHai="108" who="3" fromWho="2" sc="161,0,307,0,225,-32,307,32" owari="161,-34.0,307,11.0,193,-21.0,339,44.0" /></mjloggm>