<mjloggm ver="2.3"><GO type="169" lobby="0"/><UN n0="%E5%9B%BD%E8%A6%8B%E6%AF%94%E5%91%82" n1="%4D%E5%B8%9D%E2%85%A2" n2="%E5%B0%B1%E6%B4%BB%E7%94%9F%40%E5%B7%9D%E6%9D%91%E8%BB%8D%E5%9B%A3" n3="%6B%69%79%6F%6E%61%72%69" dan="17,17,17,16" rate="2138.96,2113.82,2248.86,2093.96" sx="M,M,M,M"/><TAIKYOKU oya="0"/><INIT seed="0,0,0,2,5,35" ten="250,250,250,250" oya="0" hai0="99,93,29,1,10,12,50,107,21,76,84,62,75" hai1="69,41,42,92,37,82,15,116,8,27,53,70,108" hai2="19,20,9,66,38,90,115,68,17,109,54,135,118" hai3="100,83,36,112,4,65,45,120,96,94,102,11,16"/><T128/><D128/><U18/><E116/><V103/><F38/><W87/><G112/><T71/><D71/><U86/><E92/><V78/><F78/><W133/><G133/><T88/><D62/><U91/><E108/><V127/><F66/><W130/><G130/><T24/><D50/><U57/><E37/><V85/><F103/><W95/><G65/><T56/><D56/><U125/><E125/><V129/><F68/><W3/><G120/><T106/><D75/><U60/><E70/><V114/><F54/><W113/><G113/><T132/><D132/><U6/><E69/><V126/><F90/><W81/><G16/><N who="2" m="6217" /><F85/><W25/><G25/><T33/><D33/><U98/><E98/><V7/><F129/><W30/><G30/><T61/><D61/><U63/><E63/><V48/><F48/><W124/><G124/><N who="2" m="47657" /><F135/><W40/><REACH who="3" step="1"/><G102/><REACH who="3" ten="250,250,250,240" step="2"/><T121/><D121/><U32/><E32/><V97/><F115/><W51/><G51/><T0/><D106/><U49/><E49/><V134/><F134/><W44/><G44/><T104/><D107/><U101/><E101/><V59/><F114/><W77/><G77/><T119/><D119/><U89/><E89/><AGARI ba="0,1" hai="3,4,11,36,40,45,81,83,87,89,94,95,96,100" machi="89" ten="40,8000,1" yaku="1,1,52,1,53,2" doraHai="35" doraHaiUra="79" who="3" fromWho="1" sc="250,0,250,-80,250,0,240,90" /><INIT seed="1,0,0,5,2,93" ten="250,170,250,330" oya="1" hai0="76,102,114,120,6,85,47,1,25,80,29,56,133" hai1="122,28,18,75,88,8,45,91,70,68,54,92,59" hai2="107,108,83,22,62,111,118,124,21,53,100,131,115" hai3="36,84,58,43,60,4,79,0,63,132,49,2,125"/><U82/><E122/><V57/><F118/><W44/><G132/><T51/><D114/><U127/><E28/><V13/><F115/><W116/><G116/><T24/><D133/><U110/><E127/><V101/><F131/><W86/><G125/><T11/><D120/><U103/><E103/><V106/><F83/><W81/><G36/><T135/><D135/><U78/><E45/><V32/><F32/><W37/><G37/><T41/><D29/><U99/><E91/><V17/><F22/><W61/><G4/><T19/><D102/><N who="2" m="39530" /><F124/><W40/><G40/><T119/><D119/><U55/><E110/><AGARI ba="0,0" hai="13,17,21,53,57,62,106,107,108,110,111" m="39530" machi="110" ten="30,1000,0" yaku="14,1" doraHai="93" who="2" fromWho="1" sc="250,0,170,-10,250,10,330,0" /><INIT seed="2,0,0,3,2,118" ten="250,160,260,330" oya="2" hai0="126,23,46,34,71,94,76,135,85,98,44,55,59" hai1="58,67,73,45,69,51,121,10,113,134,11,43,3" hai2="96,95,26,127,65,111,22,61,128,37,39,1,19" hai3="129,52,17,92,83,30,63,119,130,72,131,56,101"/><V116/><F116/><W48/><G119/><T115/><D115/><U13/><E73/><V112/><F1/><W8/><G30/><T47/><D34/><U133/><E113/><V91/><F112/><W20/><G8/><T54/><D71/><U117/><E117/><V80/><F127/><W125/><G125/><T114/><D114/><U123/><E69/><V107/><F128/><W6/><G6/><T108/><D108/><U97/><E97/><V86/><F107/><W104/><G104/><T102/><D135/><N who="1" m="51723" /><E3/><V36/><F111/><W35/><G35/><T89/><D126/><U106/><E106/><V29/><F19/><W21/><G63/><T9/><D9/><N who="1" m="3083" /><E13/><V57/><REACH who="2" step="1"/><F37/><REACH who="2" ten="250,160,250,330" step="2"/><W5/><G17/><T2/><D2/><U31/><E31/><V124/><F124/><W7/><G129/><T24/><D76/><AGARI ba="0,1" hai="22,26,29,36,39,57,61,65,76,80,86,91,95,96" machi="76" ten="30,2900,0" yaku="1,1,7,1,53,0" doraHai="118" doraHaiUra="12" who="2" fromWho="0" sc="250,-29,160,0,250,39,330,0" /><INIT seed="2,1,0,3,3,45" ten="221,160,289,330" oya="2" hai0="76,29,108,61,103,84,62,44,112,46,36,96,83" hai1="99,20,101,2,132,21,6,126,22,92,80,86,131" hai2="79,15,47,119,19,134,39,66,31,74,55,26,18" hai3="40,70,63,127,73,135,65,123,0,53,1,88,120"/><V51/><F119/><W30/><G73/><T68/><D108/><U128/><E2/><V133/><F39/><W8/><G40/><T5/><D112/><U90/><E6/><V27/><F66/><W105/><G105/><T94/><D68/><U107/><E126/><V102/><F102/><W43/><G127/><T89/><D5/><U58/><E58/><V54/><F79/><W98/><G43/><T106/><D29/><U130/><REACH who="1" step="1"/><E132/><REACH who="1" ten="221,150,289,330" step="2"/><V12/><F74/><W71/><G0/><T67/><D36/><U34/><E34/><V75/><F75/><W117/><G1/><T110/><D110/><U100/><E100/><V33/><F133/><W49/><G71/><N who="0" m="42479" /><D62/><U124/><E124/><V4/><F134/><W87/><G135/><T16/><D103/><U114/><E114/><V91/><F4/><W24/><G70/><T42/><D106/><AGARI ba="1,1" hai="20,21,22,80,86,90,92,99,101,106,107,128,130,131" machi="106" ten="50,3200,0" yaku="1,1,19,1,53,0" doraHai="45" doraHaiUra="60" who="1" fromWho="0" sc="221,-35,150,45,289,0,330,0" /><INIT seed="3,0,0,5,3,45" ten="186,195,289,330" oya="3" hai0="90,93,85,69,102,54,46,41,72,52,12,123,23" hai1="98,3,83,47,42,4,16,108,8,11,131,29,7" hai2="6,129,117,73,9,84,66,63,74,114,35,94,107" hai3="43,48,101,81,113,126,128,30,127,92,82,106,99"/><W37/><G113/><T134/><D123/><U57/><E131/><V91/><F107/><W79/><G37/><T116/><D116/><U105/><E29/><V75/><F35/><W51/><G128/><T76/><D69/><U36/><E108/><V96/><F129/><W26/><G106/><T44/><D134/><U18/><E57/><V118/><F114/><W78/><G43/><T125/><D125/><N who="3" m="47625" /><G82/><N who="0" m="47303" /><D102/><U60/><E60/><V77/><F77/><N who="3" m="29195" /><G81/><T19/><D72/><U1/><REACH who="1" step="1"/><E83/><REACH who="1" ten="186,185,289,330" step="2"/><V132/><F132/><W55/><G55/><N who="0" m="21035" /><D41/><U39/><E39/><V104/><F117/><W80/><G80/><T130/><D130/><U112/><E112/><V95/><F118/><W124/><N who="3" m="47633" /><W53/><DORA hai="119" /><G53/><T21/><D44/><U31/><E31/><V115/><F115/><W71/><G71/><T100/><D46/><U34/><E34/><AGARI ba="0,1" hai="26,30,34,48,51,92,99,101" m="29195,47633" machi="34" ten="40,7700,0" yaku="18,1,52,2" doraHai="45,119" who="3" fromWho="1" sc="186,0,185,-77,289,0,330,87" /><INIT seed="3,1,0,3,3,55" ten="186,108,289,417" oya="3" hai0="24,68,48,18,134,133,83,81,65,30,87,91,108" hai1="5,82,51,29,44,104,37,85,86,79,25,59,49" hai2="73,0,116,114,11,8,92,101,70,109,12,35,10" hai3="52,74,66,58,102,53,40,77,93,38,75,117,72"/><W62/><G117/><T111/><D18/><U110/><E104/><V13/><F70/><W15/><G77/><T39/><D39/><U127/><E127/><V113/><F73/><W32/><G32/><T4/><D4/><U132/><E132/><N who="0" m="50793" /><D48/><U26/><E5/><V96/><F35/><W50/><G15/><T71/><D81/><U7/><E7/><V98/><F0/><W128/><G128/><T80/><D80/><U118/><E118/><V57/><F116/><W131/><G131/><T125/><D125/><U43/><E110/><N who="0" m="42025" /><D65/><U88/><E59/><V60/><F109/><W63/><G38/><T17/><D17/><U95/><REACH who="1" step="1"/><E25/><REACH who="1" ten="186,98,289,417" step="2"/><V54/><F113/><W94/><G58/><T115/><D115/><U122/><E122/><V78/><F114/><W19/><G63/><T1/><D1/><U61/><E61/><V106/><REACH who="2" step="1"/><F78/><REACH who="2" ten="186,98,279,417" step="2"/><W34/><G75/><T121/><D121/><U31/><E31/><V129/><F129/><W103/><G74/><T6/><D6/><U28/><E28/><V105/><F105/><W20/><G72/><T135/><D135/><U76/><E76/><V90/><AGARI ba="1,2" hai="8,10,11,12,13,54,57,60,90,92,96,98,101,106" machi="90" ten="30,7900,0" yaku="1,1,0,1,52,1,53,1" doraHai="55" doraHaiUra="97" who="2" fromWho="2" sc="186,-21,98,-21,279,102,417,-40" /><INIT seed="4,0,0,3,0,46" ten="165,77,381,377" oya="0" hai0="114,60,70,100,55,52,53,91,5,40,96,113,110" hai1="88,107,36,102,76,84,17,28,101,12,13,117,2" hai2="111,98,122,77,108,20,134,15,58,99,109,57,43" hai3="23,97,125,31,1,74,67,49,126,8,116,27,21"/><T119/><D5/><U25/><E36/><V78/><F122/><W61/><G116/><T62/><D91/><U93/><E2/><V35/><F35/><N who="3" m="20991" /><G74/><T106/><D119/><U26/><E117/><V85/><F134/><W80/><G80/><T131/><D131/><U64/><E64/><V135/><F135/><W9/><G97/><T79/><D79/><U68/><E68/><V87/><F43/><W37/><G37/><T3/><D3/><U33/><E26/><V45/><F45/><W115/><G49/><T105/><D105/><U104/><E13/><V133/><F133/><W51/><G51/><T95/><D110/><U18/><E18/><V47/><F47/><W69/><G115/><N who="0" m="44043" /><D40/><U75/><E75/><V16/><F78/><W103/><G103/><N who="0" m="62823" /><D70/><U48/><E76/><V112/><F112/><W59/><G69/><T120/><D120/><U63/><E63/><V0/><F0/><W54/><G1/><T128/><D128/><U50/><E104/><V29/><F77/><W32/><G61/><T11/><D11/><U22/><REACH who="1" step="1"/><E102/><REACH who="1" ten="165,67,381,377" step="2"/><V90/><F108/><W41/><G67/><T83/><D62/><U24/><E24/><V73/><F73/><W92/><G125/><T130/><D60/><U6/><E6/><V118/><F118/><W30/><G126/><T44/><D130/><U89/><E89/><V56/><F109/><W19/><G19/><T129/><D129/><U123/><E123/><V81/><F111/><W7/><G7/><T82/><D44/><U94/><E94/><V66/><F66/><W4/><G92/><T71/><D71/><RYUUKYOKU ba="0,1" sc="165,15,67,15,381,-15,377,-15" hai0="52,53,55,82,83,95,100" hai1="12,17,22,25,28,33,48,50,84,88,93,101,107" /><INIT seed="4,1,1,1,4,0" ten="180,82,366,362" oya="0" hai0="50,71,19,79,76,40,116,59,25,118,16,86,52" hai1="73,60,129,48,44,68,121,113,80,39,108,12,55" hai2="87,70,27,7,36,66,3,37,115,92,75,78,20" hai3="122,1,107,17,14,53,90,89,126,128,6,84,106"/><T134/><D71/><U61/><E121/><V102/><F75/><W77/><G122/><T51/><D134/><U103/><E108/><V28/><F115/><W133/><G133/><T120/><D120/><U47/><E103/><V99/><F7/><W91/><G128/><T9/><D118/><U123/><E123/><V8/><F8/><W63/><G126/><T46/><D116/><U43/><E73/><V124/><F3/><W33/><G33/><T83/><D79/><U112/><E80/><V127/><F66/><W18/><G1/><T93/><D25/><U41/><E12/><V105/><F70/><W101/><G101/><T98/><REACH who="0" step="1"/><D9/><REACH who="0" ten="170,82,366,362" step="2"/><U58/><REACH who="1" step="1"/><E129/><REACH who="1" ten="170,72,366,362" step="2"/><V132/><F132/><W74/><G77/><T11/><D11/><U38/><E38/><V110/><F37/><W88/><G14/><T35/><D35/><U57/><E57/><V26/><F36/><W69/><G69/><T29/><D29/><U81/><E81/><V21/><F110/><W54/><G107/><T23/><D23/><U64/><AGARI ba="1,3" hai="39,41,43,44,47,48,55,58,60,61,64,68,112,113" machi="64" ten="30,8000,1" yaku="1,1,0,1,34,3,53,0" doraHai="0" doraHaiUra="96" who="1" fromWho="1" sc="170,-41,72,113,366,-21,362,-21" /><INIT seed="5,0,0,2,4,38" ten="129,185,345,341" oya="1" hai0="12,118,69,91,64,6,124,100,41,0,128,28,93" hai1="86,90,132,131,127,122,104,96,101,36,15,71,61" hai2="97,10,94,7,24,119,11,74,134,62,43,117,34" hai3="44,63,33,19,37,116,35,13,1,39,9,21,89"/><U92/><E122/><V25/><F74/><W88/><G116/><T80/><D118/><U105/><E132/><V82/><F134/><W4/><G63/><T106/><D0/><U49/><E36/><V2/><F82/><W75/><G75/><T50/><D128/><U108/><E131/><V54/><F43/><W120/><G120/><T52/><D124/><U51/><E127/><V98/><F98/><W99/><G39/><T102/><D106/><U129/><E129/><V3/><F62/><W109/><G109/><T26/><D80/><U56/><E71/><V57/><F54/><W59/><G59/><N who="0" m="33175" /><D64/><U107/><E15/><V14/><F57/><W111/><G111/><T53/><D69/><U27/><E27/><V72/><F72/><W115/><G115/><T103/><D53/><U5/><E5/><N who="2" m="1335" /><F97/><W8/><G8/><N who="0" m="4119" /><D26/><N who="2" m="10346" /><F94/><W87/><G99/><N who="0" m="57791" /><D28/><U45/><E108/><V60/><F34/><W55/><G55/><T77/><D77/><U76/><E76/><V73/><F73/><W68/><G68/><T29/><D29/><U135/><E135/><V130/><F60/><W125/><G125/><T95/><D95/><N who="1" m="54743" /><E107/><V81/><F81/><N who="3" m="49263" /><G89/><T79/><D79/><U30/><E30/><V58/><F58/><W83/><G83/><T78/><D78/><U65/><E105/><V23/><F130/><W67/><G67/><T110/><D110/><U123/><E104/><V40/><F3/><W126/><G126/><T113/><D113/><U46/><E123/><V114/><F114/><W66/><G66/><T42/><AGARI ba="0,0" hai="41,42,100,102,103" m="57791,4119,33175" machi="42" ten="30,7900,0" yaku="8,1,52,2,54,1" doraHai="38" who="0" fromWho="0" sc="129,79,185,-39,345,-20,341,-20" /><INIT seed="6,0,0,1,2,20" ten="208,146,325,321" oya="2" hai0="92,132,18,26,36,127,95,131,39,116,83,54,37" hai1="80,3,121,77,45,7,14,101,89,19,123,100,114" hai2="38,61,96,30,60,107,68,33,21,9,59,79,98" hai3="71,62,32,0,81,2,6,110,72,22,99,88,50"/><V125/><F38/><W66/><G110/><T65/><D65/><U49/><E3/><V113/><F113/><W52/><G32/><T53/><D131/><U112/><E7/><V105/><F125/><W118/><G118/><T12/><D127/><U134/><E134/><V70/><F79/><W76/><G6/><T93/><D132/><U1/><E1/><V91/><F9/><W85/><G22/><T42/><D42/><U51/><E45/><V64/><F33/><W44/><G99/><T40/><D40/><U34/><E34/><V94/><F70/><W57/><G71/><T5/><D116/><U4/><E4/><V29/><F98/><W46/><G46/><T25/><D83/><AGARI ba="0,0" hai="0,2,44,50,52,57,62,66,72,76,81,83,85,88" machi="83" ten="30,3900,0" yaku="7,1,54,2" doraHai="20" who="3" fromWho="0" sc="208,-39,146,0,325,0,321,39" /><INIT seed="7,0,0,4,2,44" ten="169,146,325,360" oya="3" hai0="20,82,7,5,87,39,31,135,63,94,132,116,119" hai1="73,100,28,129,107,117,92,95,76,29,64,123,14" hai2="60,127,6,47,125,77,16,80,106,101,93,3,122" hai3="23,33,120,83,105,72,103,67,15,131,0,26,49"/><W54/><G67/><T25/><D39/><U115/><E123/><V12/><F106/><W86/><G72/><T36/><D36/><U41/><E129/><V42/><F60/><W70/><G15/><T45/><D45/><U22/><E117/><N who="0" m="45129" /><D94/><U38/><E115/><V69/><F6/><W134/><G23/><T78/><D63/><U112/><E112/><V96/><F3/><W62/><G26/><T113/><D113/><U111/><E111/><V98/><F98/><W68/><G33/><T40/><D40/><U2/><E2/><V19/><F69/><W128/><G86/><T121/><D121/><U4/><E107/><V124/><F12/><W35/><G103/><T65/><D65/><U56/><E73/><N who="2" m="43055" /><F122/><W48/><G35/><T97/><D97/><U50/><E76/><V21/><F21/><W11/><G134/><AGARI ba="0,0" hai="5,7,20,25,31,78,82,87,132,134,135" m="45129" machi="134" ten="30,1000,0" yaku="20,1" doraHai="44" who="0" fromWho="3" sc="169,10,146,0,325,0,360,-10" owari="179,-22.0,146,-35.0,325,13.0,350,44.0" /></mjloggm>