<mjloggm ver="2.3"><GO type="193" lobby="0"/><UN n0="%67%72%61%73%6D%65%72%65" n1="%E3%83%88%E3%83%88%E3%83%AA%E5%85%88%E7%94%9F%31%39%E6%AD%B3" n2="%E3%83%9E%E3%83%AB%E3%82%B2%E3%83%AA%E3%83%BC%E3%82%BF" n3="%E3%81%BE%E3%81%A3%E3%81%8D%E3%81%83%E3%83%BC" dan="12,5,12,13" rate="1601.99,1639.69,1712.08,1736.24" sx="F,F,M,F"/><TAIKYOKU oya="0"/><INIT seed="0,0,0,1,4,133" ten="250,250,250,250" oya="0" hai0="113,40,18,7,74,27,32,2,76,95,61,118,78" hai1="91,85,12,98,83,75,120,63,121,28,70,82,37" hai2="50,115,94,56,109,135,46,36,51,100,101,47,67" hai3="15,123,107,16,41,79,54,19,17,1,45,97,55"/><T69/><D118/><U33/><E37/><V39/><F101/><W84/><G1/><T66/><D113/><U4/><E4/><V110/><F100/><W43/><G123/><T31/><D95/><U9/><E98/><V80/><F94/><W22/><G97/><T48/><D78/><U87/><E75/><V44/><F80/><N who="3" m="47135" /><G107/><T52/><D40/><N who="3" m="15433" /><G45/><N who="2" m="11521" /><V88/><DORA hai="20" /><F88/><W96/><G96/><T49/><D18/><AGARI ba="0,0" hai="15,16,17,18,19,22,54,55" m="15433,47135" machi="18" ten="30,2000,0" yaku="8,1,54,1" doraHai="133,20" who="3" fromWho="0" sc="250,-20,250,0,250,0,250,20" /><INIT seed="1,0,0,0,2,113" ten="230,250,250,270" oya="1" hai0="52,9,77,39,91,26,111,85,124,86,17,67,2" hai1="78,51,43,76,16,57,1,128,100,114,117,107,47" hai2="61,29,102,28,54,118,133,134,74,49,21,132,24" hai3="108,109,81,101,23,119,83,35,63,3,13,10,110"/><U126/><E114/><V94/><F74/><W112/><G112/><T88/><D111/><U32/><E32/><V121/><F121/><W123/><G35/><T46/><D124/><U40/><E1/><V64/><F102/><W42/><G123/><T106/><D106/><U27/><E126/><V12/><F12/><W90/><G101/><T33/><D67/><U71/><E71/><V14/><F14/><W44/><G119/><T58/><D39/><U130/><E117/><V125/><F94/><W105/><G105/><T20/><D33/><U127/><E127/><V0/><F0/><W37/><G3/><T89/><D2/><U34/><E43/><V70/><F125/><W104/><G104/><T68/><D68/><U38/><E100/><V41/><F41/><W19/><G90/><T66/><D66/><U48/><E107/><V103/><F103/><W80/><REACH who="3" step="1"/><G63/><REACH who="3" ten="230,250,250,260" step="2"/><T25/><D77/><U99/><E34/><V75/><F118/><W55/><G55/><T11/><D11/><AGARI ba="0,1" hai="10,11,13,19,23,37,42,44,80,81,83,108,109,110" machi="11" ten="50,8000,1" yaku="1,1,14,1,53,3" doraHai="113" doraHaiUra="120" who="3" fromWho="0" sc="230,-80,250,0,250,0,260,90" /><INIT seed="2,0,0,3,1,55" ten="150,250,250,350" oya="2" hai0="105,25,33,2,67,10,126,17,32,24,117,28,77" hai1="133,4,95,52,57,114,71,61,41,127,135,102,19" hai2="8,89,26,109,69,119,40,79,70,29,86,125,38" hai3="115,103,18,81,68,9,75,42,1,97,74,99,53"/><V15/><F119/><W84/><G68/><T12/><D67/><U51/><E114/><V6/><F79/><W130/><G115/><T49/><D77/><U90/><E127/><V58/><F125/><W80/><G130/><T94/><D105/><U11/><E102/><V13/><F13/><W45/><G53/><T83/><D126/><U56/><E19/><V122/><F122/><W128/><G128/><T43/><D2/><U87/><E71/><V101/><F101/><W65/><G65/><T60/><D117/><U63/><E41/><V64/><F38/><W35/><G35/><T111/><D111/><U21/><E21/><V0/><F40/><W98/><G103/><T44/><D83/><U73/><E73/><V62/><F0/><W36/><G81/><T110/><D110/><U116/><E116/><V7/><F7/><W88/><REACH who="3" step="1"/><G18/><REACH who="3" ten="150,250,250,340" step="2"/><T22/><D33/><U107/><E107/><V59/><F109/><W106/><G106/><T120/><D120/><U20/><E61/><V134/><F70/><W131/><G131/><T48/><D60/><U100/><E100/><V121/><F121/><W37/><G37/><T30/><D94/><U112/><E112/><V93/><REACH who="2" step="1"/><F134/><REACH who="2" ten="150,250,240,340" step="2"/><W85/><G85/><T16/><D17/><U27/><E135/><V34/><AGARI ba="0,2" hai="6,8,15,26,29,34,58,59,62,64,69,86,89,93" machi="34" ten="20,18000,2" yaku="1,1,2,1,0,1,7,1,52,2,53,0" doraHai="55" doraHaiUra="78" who="2" fromWho="2" sc="150,-60,250,-60,240,200,340,-60" /><INIT seed="2,1,0,4,2,99" ten="90,190,440,280" oya="2" hai0="68,41,20,128,10,11,106,120,0,88,49,129,5" hai1="58,14,110,72,21,125,23,57,60,107,51,27,116" hai2="30,19,71,89,65,135,42,104,114,62,83,16,34" hai3="111,70,28,113,80,22,50,59,43,94,33,92,82"/><V4/><F114/><W38/><G70/><T9/><D120/><U61/><E116/><V79/><F104/><W7/><G33/><T78/><D68/><U93/><E107/><V134/><F4/><W105/><G111/><T108/><D78/><U77/><E110/><V112/><F112/><W26/><G105/><T40/><D108/><U2/><E2/><V12/><F12/><W117/><G38/><T53/><D20/><U96/><E125/><V44/><F89/><W85/><G117/><T37/><D37/><U115/><E115/><V101/><F101/><W122/><G122/><T132/><D132/><N who="2" m="50730" /><F30/><W39/><G7/><T130/><D106/><U102/><E72/><N who="2" m="43495" /><F34/><W1/><G1/><T119/><D119/><U90/><E77/><V45/><F45/><W131/><G113/><T6/><D0/><U133/><E133/><V56/><F56/><W46/><G82/><T29/><D29/><U13/><E90/><V103/><F103/><W18/><G28/><T54/><D88/><U127/><E127/><V17/><F17/><W63/><G39/><AGARI ba="1,0" hai="16,19,39,42,44,62,65,71" m="43495,50730" machi="39" ten="30,2900,0" yaku="20,1,54,1" doraHai="99" who="2" fromWho="3" sc="90,0,190,0,440,32,280,-32" /><INIT seed="2,2,0,3,1,97" ten="90,190,472,248" oya="2" hai0="17,120,35,39,103,129,85,22,106,19,55,110,77" hai1="96,8,88,10,58,95,113,30,16,28,59,73,80" hai2="64,79,130,70,75,0,66,61,132,108,1,68,99" hai3="102,20,72,15,83,21,45,84,24,41,133,107,13"/><V134/><F130/><W87/><G133/><N who="2" m="51305" /><F99/><W37/><G84/><T78/><D120/><U128/><E113/><V105/><F108/><W127/><G127/><T14/><D110/><U89/><E128/><V91/><F91/><W119/><G119/><T82/><D129/><U25/><E73/><V34/><F34/><W60/><G60/><T47/><D35/><U3/><E3/><V116/><F116/><W123/><G123/><T94/><D39/><U62/><E80/><N who="2" m="45183" /><F105/><W40/><G21/><T27/><D106/><U63/><E89/><V67/><F67/><W4/><G72/><T44/><D55/><N who="1" m="34143" /><E10/><V101/><F101/><W38/><G41/><T26/><D77/><U71/><E71/><N who="2" m="42383" /><F66/><W11/><G38/><T52/><D52/><N who="1" m="34279" /><E8/><V7/><F7/><W51/><G37/><T109/><D109/><U49/><E49/><V32/><F32/><W76/><G11/><N who="0" m="6367" /><D27/><U6/><E6/><V18/><F18/><W2/><G4/><T48/><D48/><U135/><E135/><V69/><AGARI ba="2,0" hai="0,1,68,69,70" m="42383,45183,51305" machi="69" ten="40,3900,0" yaku="20,1,23,1" doraHai="97" who="2" fromWho="2" sc="90,-15,190,-15,472,45,248,-15" /><INIT seed="2,3,0,2,4,113" ten="75,175,517,233" oya="2" hai0="46,68,51,133,16,130,18,134,96,0,34,76,102" hai1="109,83,122,79,74,26,84,33,69,30,10,63,5" hai2="43,45,73,9,17,131,125,14,120,2,60,52,80" hai3="57,64,121,67,90,72,135,32,29,53,115,100,61"/><V78/><F120/><W103/><G72/><T54/><D68/><U36/><E122/><V116/><F116/><W104/><G135/><T81/><D0/><U3/><E109/><V8/><F125/><W94/><G115/><T11/><D34/><U58/><E84/><V44/><F131/><W31/><G121/><T41/><D130/><U1/><E58/><V75/><F75/><W6/><G6/><T19/><D11/><U35/><E35/><V21/><F2/><W119/><G119/><T93/><REACH who="0" step="1"/><D41/><REACH who="0" ten="65,175,517,233" step="2"/><U117/><E3/><V82/><F43/><W97/><G32/><T126/><D126/><U55/><E117/><V37/><F8/><W77/><G31/><T85/><AGARI ba="3,1" hai="16,18,19,46,51,54,76,81,85,93,96,102,133,134" machi="85" ten="30,4000,0" yaku="1,1,0,1,54,1,53,0" doraHai="113" doraHaiUra="86" who="0" fromWho="0" sc="65,59,175,-13,517,-23,233,-13" /><INIT seed="3,0,0,0,2,18" ten="124,162,494,220" oya="3" hai0="42,70,75,14,38,61,115,0,68,125,111,37,130" hai1="2,105,74,103,16,63,108,41,57,7,19,112,27" hai2="52,65,82,31,83,106,48,93,94,89,104,25,113" hai3="13,53,64,32,60,1,76,110,120,26,3,91,132"/><W95/><G120/><T10/><D0/><U28/><E112/><V81/><F113/><W98/><G132/><T6/><D75/><U88/><E74/><V34/><F65/><W33/><G110/><T121/><D111/><U22/><E108/><V49/><F49/><W4/><G76/><T12/><D121/><U127/><E127/><V73/><F73/><W24/><G53/><T101/><D125/><U71/><E71/><V45/><REACH who="2" step="1"/><F93/><REACH who="2" ten="124,162,484,220" step="2"/><W11/><G33/><T134/><D115/><U114/><E114/><V59/><F59/><W50/><G50/><T46/><D37/><U47/><E105/><V36/><F36/><W86/><G32/><T135/><D70/><U118/><E118/><V69/><F69/><W122/><G122/><T51/><D68/><U20/><E57/><V9/><F9/><W123/><G123/><T8/><D38/><U66/><E66/><V128/><F128/><W100/><G1/><T40/><D130/><U87/><E63/><V67/><F67/><W54/><G3/><T116/><D116/><U84/><E2/><V21/><F21/><W77/><G54/><T35/><D35/><U92/><E22/><V102/><F102/><W99/><G100/><T62/><D101/><U56/><E56/><V44/><F44/><W5/><G64/><T129/><D129/><U109/><E103/><V30/><F30/><W23/><G60/><T55/><D62/><U107/><E107/><V124/><F124/><W15/><G11/><T80/><D80/><N who="1" m="49159" /><E109/><V97/><AGARI ba="0,1" hai="25,31,34,45,48,52,81,82,83,89,94,97,104,106" machi="97" ten="30,4000,0" yaku="1,1,0,1,54,1,53,0" doraHai="18" doraHaiUra="133" who="2" fromWho="2" sc="124,-10,162,-10,484,50,220,-20" owari="114,-39.0,152,-25.0,534,64.0,200,0.0" /></mjloggm>