<mjloggm ver="2.3"><GO type="225" lobby="0"/><UN n0="%E3%81%BF%E3%82%84%E3%81%93%E3%82%93%EF%BC%91%EF%BC%90%E6%AD%B3" n1="%E3%83%88%E3%83%88%E3%83%AA%E5%85%88%E7%94%9F%31%39%E6%AD%B3" n2="%E3%82%B9%E3%83%9E" n3="%73%65%6E%75%72%6C" dan="17,16,16,17" rate="2233.74,2167.32,2102.18,2212.33" sx="F,F,M,F"/><TAIKYOKU oya="0"/><INIT seed="0,0,0,3,4,66" ten="250,250,250,250" oya="0" hai0="79,86,40,104,99,38,3,23,11,18,93,46,72" hai1="64,122,83,47,119,9,89,48,25,49,77,106,41" hai2="109,117,21,35,124,6,4,58,81,13,5,131,45" hai3="98,1,33,31,39,15,75,22,26,133,54,12,7"/><T30/><D104/><U43/><E119/><V61/><F35/><W2/><G75/><T114/><D114/><U57/><E122/><V85/><F109/><W16/><G39/><T65/><D30/><U8/><E106/><V100/><F131/><W84/><G84/><T27/><D86/><U52/><E64/><V110/><F110/><W32/><G54/><T71/><D65/><U73/><E43/><V101/><F124/><W67/><G98/><T118/><D118/><U70/><E70/><V96/><F45/><W76/><G76/><T74/><D71/><U0/><E0/><N who="3" m="106" /><G67/><T120/><D120/><U24/><REACH who="1" step="1"/><E89/><REACH who="1" ten="250,240,250,250" step="2"/><N who="2" m="51375" /><F117/><W53/><G53/><T103/><REACH who="0" step="1"/><D79/><REACH who="0" ten="240,240,250,250" step="2"/><U87/><E87/><V36/><F96/><W34/><G133/><T132/><D132/><U113/><E113/><V91/><F101/><W10/><AGARI ba="0,2" hai="7,10,12,15,16,22,26,31,32,33,34" m="106" machi="10" ten="30,12000,2" yaku="35,5,54,1" doraHai="66" who="3" fromWho="3" sc="240,-60,240,-30,250,-30,250,140" /><INIT seed="1,0,0,5,2,9" ten="180,210,220,390" oya="1" hai0="121,4,15,67,120,99,71,45,42,66,19,92,124" hai1="73,127,13,134,118,12,95,90,105,8,128,52,115" hai2="23,93,84,119,94,46,37,22,102,55,14,32,21" hai3="35,109,29,75,64,59,85,69,17,31,5,86,111"/><U41/><E115/><V60/><F119/><W131/><G75/><T130/><D130/><U51/><E118/><V82/><F32/><W40/><G131/><T36/><D124/><U74/><E128/><V26/><F37/><W57/><G5/><T76/><D76/><U91/><E105/><V47/><F26/><W100/><G100/><T126/><D4/><U49/><E127/><V50/><F60/><W0/><G0/><T58/><D71/><U88/><E134/><V135/><F135/><W53/><G40/><T77/><D77/><U28/><E28/><V103/><F47/><W114/><G69/><T16/><D126/><U65/><E65/><V132/><F132/><W104/><G64/><N who="0" m="24619" /><D58/><N who="1" m="33039" /><E73/><V96/><F102/><W3/><G3/><T129/><D129/><U44/><E74/><V70/><F70/><W1/><G1/><T123/><D15/><N who="1" m="5707" /><E8/><V107/><F14/><W10/><G31/><T78/><D78/><U39/><E39/><V116/><F116/><W56/><G29/><T97/><D97/><AGARI ba="0,0" hai="41,44,51,88,90,91,95,97" m="5707,33039" machi="97" ten="30,18000,2" yaku="8,1,52,3,54,2" doraHai="9" who="1" fromWho="0" sc="180,-180,210,180,220,0,390,0" /><INIT seed="1,1,0,3,5,9" ten="0,390,220,390" oya="1" hai0="105,107,19,95,108,64,10,120,56,130,47,65,102" hai1="37,62,33,67,66,11,53,79,88,16,112,73,28" hai2="17,74,38,46,39,0,8,44,21,14,7,111,83" hai3="135,20,63,51,49,70,129,26,30,29,106,25,27"/><U104/><E112/><V77/><REACH who="2" step="1"/><F111/><REACH who="2" ten="0,390,210,390" step="2"/><W31/><G135/><T43/><D108/><U71/><E71/><V118/><F118/><W87/><G70/><T90/><D120/><U24/><E104/><V121/><F121/><W132/><G106/><T45/><D130/><U94/><E37/><AGARI ba="1,1" hai="0,7,8,14,17,21,37,38,39,44,46,74,77,83" machi="37" ten="40,5200,0" yaku="21,2,52,1,53,0" doraHai="9" doraHaiUra="113" who="2" fromWho="1" sc="0,0,390,-55,210,65,390,0" /><INIT seed="2,0,0,2,4,73" ten="0,335,275,390" oya="2" hai0="26,99,17,109,59,15,6,93,3,31,1,71,25" hai1="103,43,11,97,62,51,78,101,4,55,39,92,29" hai2="61,134,40,58,102,88,95,127,27,42,124,38,50" hai3="83,123,120,2,13,21,115,69,111,37,87,79,45"/><V86/><F134/><W65/><G2/><T19/><D59/><U76/><E101/><V46/><F27/><W63/><G37/><T80/><D80/><U133/><E133/><V57/><F102/><W125/><G45/><T22/><D93/><U90/><E29/><V52/><F42/><W9/><G21/><T135/><D99/><U60/><E39/><V126/><F58/><W96/><G96/><T16/><D71/><U30/><E30/><V116/><F116/><W82/><G111/><T18/><D109/><U117/><E117/><V49/><AGARI ba="0,0" hai="38,40,46,49,50,52,57,61,86,88,95,124,126,127" machi="49" ten="40,12000,1" yaku="0,1,18,1,54,2" doraHai="73" who="2" fromWho="2" sc="0,-40,335,-40,275,120,390,-40" owari="-40,-54.0,295,-10.0,395,49.0,350,15.0" /></mjloggm>