<mjloggm ver="2.3"><GO type="41" lobby="0"/><UN n0="%E5%B0%B1%E6%B4%BB%E7%94%9F%40%E5%B7%9D%E6%9D%91%E8%BB%8D%E5%9B%A3" n1="%E8%A5%BF%E3%83%96%E3%83%AB" n2="%E5%A7%AB%E6%88%B8%E4%BA%BA" n3="%4E%57%43" dan="15,13,13,16" rate="1938.46,1996.18,1876.10,2107.11" sx="M,M,M,M"/><TAIKYOKU oya="0"/><INIT seed="0,0,0,2,0,46" ten="250,250,250,250" oya="0" hai0="107,10,80,41,91,74,35,13,60,37,119,81,43" hai1="98,63,49,97,26,7,77,50,129,40,111,4,115" hai2="103,125,11,84,33,101,88,131,64,42,123,55,20" hai3="9,133,8,51,54,109,118,32,22,2,76,24,82"/><T124/><D107/><U44/><E115/><V38/><F123/><W105/><G105/><T112/><D35/><U48/><E129/><V116/><F33/><W86/><G118/><T17/><D119/><U71/><E111/><V92/><F116/><W89/><G109/><T0/><D124/><U28/><E77/><V100/><F131/><W65/><G32/><T95/><D112/><U106/><E71/><V90/><F125/><W56/><G2/><T15/><D0/><U72/><E72/><V69/><F11/><W68/><G133/><T61/><D15/><U113/><E113/><V27/><F38/><W53/><G65/><T96/><D37/><U31/><E63/><N who="0" m="24137" /><D74/><U21/><E31/><V14/><F42/><AGARI ba="0,0" hai="10,13,17,41,42,43,80,81,91,95,96" m="24137" machi="42" ten="30,1500,0" yaku="8,1" doraHai="46" who="0" fromWho="2" sc="250,15,250,0,250,-15,250,0" /><INIT seed="0,1,0,5,4,46" ten="265,250,235,250" oya="0" hai0="1,42,55,98,121,76,130,26,117,61,14,126,48" hai1="108,7,20,27,0,44,10,34,93,110,38,115,39" hai2="23,62,112,60,106,68,37,63,123,66,6,128,81" hai3="24,85,13,53,131,67,40,105,88,59,78,25,73"/><T79/><D1/><U8/><E115/><V75/><F123/><W3/><G3/><T18/><D117/><U16/><E10/><V36/><F112/><W77/><G105/><T119/><D121/><U103/><E34/><V94/><F106/><W17/><G131/><T4/><D119/><U132/><E132/><V57/><F128/><W87/><G40/><T56/><D126/><U95/><E103/><V100/><F6/><W116/><G67/><T83/><D130/><U109/><REACH who="1" step="1"/><E44/><REACH who="1" ten="265,240,235,250" step="2"/><V19/><F75/><W9/><G116/><T113/><D113/><U133/><E133/><V11/><F11/><W74/><G74/><T43/><D4/><U33/><E33/><V124/><F124/><W135/><G135/><T41/><D26/><U51/><E51/><V134/><F134/><W92/><G73/><T120/><D120/><U54/><E54/><V50/><F37/><AGARI ba="1,1" hai="0,7,8,16,20,27,37,38,39,93,95,108,109,110" machi="37" ten="50,6400,0" yaku="1,1,14,1,54,1,53,0" doraHai="46" doraHaiUra="30" who="1" fromWho="2" sc="265,0,240,77,235,-67,250,0" /><INIT seed="1,0,0,5,2,51" ten="265,317,168,250" oya="1" hai0="30,112,7,129,135,41,6,110,44,85,52,27,80" hai1="34,65,49,53,102,1,39,109,15,113,25,24,35" hai2="8,36,3,108,11,16,17,46,5,116,124,61,29" hai3="118,105,19,69,74,32,10,98,28,101,90,43,117"/><U82/><E1/><V81/><F116/><W86/><G69/><T26/><D112/><U92/><E113/><V40/><F108/><W127/><G127/><T133/><D129/><U54/><E39/><V50/><F124/><W67/><G67/><T93/><D110/><U18/><E65/><V70/><F29/><W97/><G74/><T100/><D100/><U57/><E109/><V55/><F11/><W95/><G43/><T119/><D93/><U63/><E82/><V42/><F42/><W123/><G123/><T73/><D73/><U75/><E75/><V115/><F115/><W60/><G60/><T91/><D41/><U77/><E77/><V0/><F0/><W48/><G48/><N who="0" m="28679" /><D119/><U96/><E35/><V56/><F81/><W89/><G28/><T31/><D31/><U21/><E34/><V107/><F107/><W33/><G33/><T62/><D62/><U134/><E134/><N who="0" m="51209" /><D30/><U106/><REACH who="1" step="1"/><E106/><REACH who="1" ten="265,307,168,250" step="2"/><V76/><F76/><W130/><G32/><T22/><D22/><U120/><E120/><V20/><F20/><W64/><G64/><AGARI ba="0,1" hai="3,5,8,16,17,36,40,46,50,55,56,61,64,70" machi="64" ten="40,8000,1" yaku="24,2,52,1,54,1" doraHai="51" who="2" fromWho="3" sc="265,0,307,0,168,90,250,-80" /><INIT seed="2,0,0,2,5,125" ten="265,307,258,170" oya="2" hai0="1,64,44,56,30,7,10,73,40,124,117,28,59" hai1="94,130,14,66,103,76,88,51,72,8,119,110,37" hai2="26,42,0,17,131,85,36,128,12,62,52,16,22" hai3="21,47,83,53,27,81,74,71,65,120,55,89,18"/><V24/><F0/><W112/><G120/><T20/><D117/><U3/><E37/><V77/><F36/><W123/><G123/><T126/><D73/><U48/><E3/><V109/><F42/><W102/><G112/><T121/><D121/><U113/><E113/><V25/><F109/><W2/><G2/><T87/><D87/><U134/><E119/><V86/><F77/><W96/><G71/><T106/><D106/><U60/><E103/><V127/><F127/><N who="0" m="48682" /><D20/><U111/><E72/><V23/><F62/><W45/><G65/><T82/><D82/><U39/><E76/><V90/><F52/><W9/><G9/><T6/><D6/><U70/><E39/><V100/><F100/><W61/><G61/><N who="0" m="37927" /><D59/><U84/><E134/><V122/><F122/><W41/><G47/><T34/><D34/><U35/><E35/><V79/><F79/><W105/><G81/><T116/><D116/><U135/><E135/><V54/><F54/><W58/><G58/><T31/><D31/><U57/><E70/><V115/><F115/><W69/><G69/><T98/><D98/><U33/><E33/><V63/><F63/><W95/><G83/><T97/><D97/><U68/><E68/><V15/><REACH who="2" step="1"/><F85/><REACH who="2" ten="265,307,248,170" step="2"/><W32/><G74/><T13/><D1/><U108/><E48/><AGARI ba="0,1" hai="7,10,13,28,30,40,44,48" m="37927,48682" machi="48" ten="30,1000,0" yaku="18,1" doraHai="125" who="0" fromWho="1" sc="265,20,307,-10,248,0,170,0" /><INIT seed="3,0,0,1,3,104" ten="285,297,248,170" oya="3" hai0="127,66,84,116,37,94,124,68,77,60,44,78,99" hai1="120,4,28,135,19,27,20,34,107,62,81,7,25" hai2="93,89,101,2,134,12,58,40,71,11,24,128,82" hai3="16,52,111,63,5,48,23,108,59,33,54,117,30"/><W118/><G5/><N who="1" m="2122" /><E107/><V74/><F128/><W42/><G42/><N who="0" m="22607" /><D116/><U126/><E62/><V88/><F2/><W96/><G96/><T86/><D84/><U50/><E81/><V72/><F134/><W49/><G63/><T129/><D86/><U51/><E50/><V64/><F71/><W46/><G30/><T47/><D47/><U53/><E51/><V21/><F40/><W13/><REACH who="3" step="1"/><G33/><REACH who="3" ten="285,297,248,160" step="2"/><T38/><D38/><U70/><E34/><V29/><F101/><W102/><G102/><N who="0" m="60791" /><D129/><U98/><E98/><V14/><F82/><W85/><G85/><T26/><D26/><U109/><E28/><V90/><F93/><W133/><G133/><T122/><D122/><U92/><E92/><V132/><F132/><W1/><G1/><T110/><D110/><AGARI ba="0,1" hai="13,16,23,46,48,49,52,54,59,108,110,111,117,118" machi="110" ten="40,12000,1" yaku="1,1,14,1,10,1,54,2,53,0" doraHai="104" doraHaiUra="3" who="3" fromWho="0" sc="285,-120,297,0,248,0,160,130" /><INIT seed="3,1,0,5,2,63" ten="165,297,248,290" oya="3" hai0="92,56,52,1,14,60,13,59,70,24,26,128,89" hai1="23,100,10,86,122,35,102,43,44,53,130,75,72" hai2="0,73,57,61,67,111,127,17,29,106,129,85,38" hai3="99,88,3,131,81,50,109,55,83,121,68,110,125"/><W90/><G3/><T124/><D1/><U39/><E35/><V91/><F111/><N who="3" m="42507" /><G121/><T82/><D70/><U97/><E122/><V8/><F127/><W51/><G125/><T47/><D124/><U32/><E32/><V48/><F129/><W69/><G131/><T41/><D128/><U25/><E130/><V33/><F38/><W12/><G12/><T95/><D82/><N who="3" m="31241" /><G99/><T19/><D14/><U6/><E97/><V98/><F73/><W77/><G77/><T135/><D135/><U105/><E75/><V107/><F98/><W123/><G123/><T120/><D95/><U115/><E72/><V2/><F2/><W40/><G40/><T134/><D59/><U62/><E43/><V79/><F79/><W58/><G51/><T112/><D134/><U74/><E74/><V96/><F96/><W118/><G118/><T101/><D101/><U78/><E102/><V133/><F133/><W94/><G94/><T37/><D112/><U46/><E100/><V31/><F48/><W18/><G18/><T108/><D108/><U36/><E78/><V117/><F117/><W16/><G16/><T71/><D71/><AGARI ba="1,0" hai="50,55,58,68,69,71,88,90" m="31241,42507" machi="71" ten="30,5800,0" yaku="14,1,10,1,54,1" doraHai="63" who="3" fromWho="0" sc="165,-61,297,0,248,0,290,61" /><INIT seed="3,2,0,1,0,102" ten="104,297,248,351" oya="3" hai0="15,109,43,93,120,95,30,92,17,12,91,19,133" hai1="14,3,127,57,18,111,98,96,8,36,122,4,132" hai2="40,33,41,9,82,10,37,94,124,29,53,59,35" hai3="55,2,0,97,77,22,134,32,121,100,31,16,130"/><W34/><G121/><T115/><D120/><U135/><E122/><V74/><F124/><W90/><G77/><T83/><D115/><U99/><E36/><V106/><F106/><W48/><G130/><T112/><D112/><U23/><E127/><V85/><F74/><W113/><G134/><N who="1" m="51242" /><E57/><V88/><F37/><W86/><G113/><T6/><D133/><U63/><E63/><V54/><F35/><W129/><G31/><T65/><D109/><AGARI ba="2,0" hai="3,4,8,14,18,23,96,98,99,109,111" m="51242" machi="109" ten="40,1300,0" yaku="20,1" doraHai="102" who="1" fromWho="0" sc="104,-19,297,19,248,0,351,0" /><INIT seed="4,0,0,3,0,128" ten="85,316,248,351" oya="0" hai0="87,76,133,71,31,5,119,23,91,112,15,118,43" hai1="69,106,92,88,50,26,12,1,132,17,54,81,125" hai2="79,63,37,64,99,135,52,129,89,38,66,116,102" hai3="11,108,6,127,28,94,32,98,131,80,40,42,51"/><T10/><D71/><U0/><E106/><V120/><F120/><W35/><G108/><T96/><D112/><U34/><E69/><V4/><F116/><W86/><G131/><T109/><D76/><U85/><E125/><V107/><F129/><W77/><G127/><T114/><D109/><U124/><E124/><V95/><F4/><W8/><G35/><T41/><D114/><U65/><E65/><V20/><F79/><W36/><G36/><T47/><D96/><U74/><E74/><V29/><F66/><W24/><G11/><T46/><D133/><U61/><E61/><V9/><F9/><W110/><G51/><T123/><D123/><U122/><E122/><V134/><F29/><W105/><G105/><T59/><D59/><U25/><E132/><N who="2" m="50731" /><F20/><W22/><G32/><T53/><D119/><U84/><E34/><V73/><F73/><W75/><G75/><T45/><D118/><U3/><E3/><V49/><F107/><W67/><G110/><T121/><D53/><U7/><E7/><V93/><F64/><W68/><G67/><T113/><D113/><U117/><E1/><V18/><F63/><W27/><G68/><T70/><D70/><U14/><E0/><V82/><F18/><W48/><G27/><N who="1" m="10250" /><E17/><V30/><F82/><W16/><G28/><T100/><D121/><U19/><E19/><V115/><F30/><W78/><G77/><T60/><D60/><U44/><E117/><V97/><F115/><W39/><G78/><AGARI ba="0,0" hai="12,14,44,50,54,78,81,84,85,88,92" m="10250" machi="78" ten="30,2000,0" yaku="8,1,54,1" doraHai="128" who="1" fromWho="3" sc="85,0,316,20,248,0,351,-20" /><INIT seed="5,0,0,4,4,47" ten="85,336,248,331" oya="1" hai0="36,44,24,49,60,82,42,104,124,133,90,100,1" hai1="2,107,113,110,7,105,96,94,50,111,9,121,3" hai2="76,84,131,66,22,79,64,55,17,78,27,63,14" hai3="6,20,61,134,75,34,35,119,4,21,73,10,40"/><U72/><E121/><V8/><F131/><W98/><G40/><T109/><D1/><U87/><E72/><V62/><F84/><W26/><G61/><T129/><D109/><N who="1" m="41483" /><E113/><V23/><F23/><W0/><G98/><T30/><D124/><U53/><E87/><V37/><F37/><W12/><G75/><T51/><D133/><U45/><E3/><V11/><F11/><N who="3" m="2439" /><G73/><T80/><D129/><U33/><E33/><N who="3" m="12298" /><G134/><T69/><D69/><U54/><E54/><V102/><F102/><AGARI ba="0,0" hai="2,7,9,45,50,53,94,96,102,105,107" m="41483" machi="102" ten="30,2900,0" yaku="10,1,52,1" doraHai="47" who="1" fromWho="2" sc="85,0,336,29,248,-29,331,0" /><INIT seed="5,1,0,1,3,4" ten="85,365,219,331" oya="1" hai0="44,1,108,80,6,125,109,70,64,124,81,104,30" hai1="13,111,20,101,7,121,54,105,41,115,95,21,133" hai2="83,22,47,67,62,78,37,89,126,68,117,112,46" hai3="77,18,50,9,27,86,57,58,12,10,94,119,8"/><U97/><E121/><V11/><F117/><W23/><G119/><T5/><D64/><U24/><E41/><V34/><F34/><W39/><G39/><T123/><D44/><U98/><E133/><V19/><F126/><N who="0" m="48746" /><D70/><U130/><E130/><V17/><F112/><W48/><G94/><T135/><D104/><U85/><E85/><V2/><F37/><W87/><G77/><T49/><D49/><N who="3" m="19049" /><G87/><T73/><D73/><U0/><E0/><V103/><F103/><W40/><G40/><T132/><D30/><U55/><E115/><V90/><F2/><W45/><G86/><T31/><D31/><U32/><E111/><N who="0" m="42569" /><D1/><U84/><E84/><V60/><F60/><W63/><G45/><T118/><D118/><U65/><E65/><V91/><F19/><N who="3" m="12799" /><G58/><T102/><D102/><U92/><E105/><V88/><N who="2" m="23040" /><DORA hai="51" /><V52/><F78/><W69/><G69/><T38/><D38/><U93/><E101/><V107/><F107/><W29/><G29/><T61/><D61/><U99/><E32/><V35/><F35/><W129/><G129/><T36/><D36/><U127/><E127/><V74/><F74/><W79/><G79/><T59/><D59/><U106/><E106/><V116/><F116/><W113/><G113/><T134/><D123/><U71/><E71/><V42/><F83/><AGARI ba="1,0" hai="5,6,80,81,83,132,134,135" m="42569,48746" machi="83" ten="40,8000,1" yaku="28,2,20,1,18,1" doraHai="4,51" who="0" fromWho="2" sc="85,83,365,0,219,-83,331,0" /><INIT seed="6,0,0,1,2,119" ten="168,365,136,331" oya="2" hai0="5,90,50,58,76,99,47,31,52,91,61,54,19" hai1="77,105,128,134,123,39,84,107,78,43,87,100,102" hai2="2,36,11,83,120,42,129,17,25,41,98,69,0" hai3="37,131,108,130,89,117,1,53,55,49,85,15,88"/><V51/><F69/><W8/><G117/><T103/><D76/><N who="1" m="29291" /><E39/><V111/><F129/><N who="3" m="49163" /><G37/><T96/><D31/><U9/><E128/><V81/><F36/><W113/><G1/><T18/><D5/><U22/><E43/><V10/><F111/><W68/><G68/><T93/><REACH who="0" step="1"/><D90/><REACH who="0" ten="158,365,136,331" step="2"/><U126/><E102/><V62/><F98/><W32/><G89/><T60/><D60/><U56/><E100/><V59/><F25/><W26/><G88/><T24/><D24/><U124/><E124/><V133/><F133/><W48/><G26/><T121/><D121/><U33/><E123/><V116/><F116/><W114/><G108/><T3/><D3/><N who="2" m="1066" /><F17/><W13/><G113/><T72/><D72/><U115/><E115/><V38/><F38/><W23/><G114/><T21/><D21/><U34/><E22/><V28/><F28/><W45/><G23/><T135/><D135/><U46/><E134/><V20/><F20/><W7/><G32/><T64/><D64/><U122/><E34/><V101/><F101/><W73/><G73/><T112/><D112/><U125/><E33/><V132/><F132/><W97/><G7/><T118/><D118/><U82/><E126/><V75/><F75/><W14/><G8/><N who="2" m="3113" /><F120/><W66/><G66/><T127/><D127/><U4/><E125/><V40/><F62/><W106/><G97/><T71/><D71/><U74/><E122/><V104/><F104/><AGARI ba="0,1" hai="18,19,47,50,52,54,58,61,91,93,96,99,103,104" machi="104" ten="30,8000,1" yaku="1,1,7,1,54,1,53,2" doraHai="119" doraHaiUra="12" who="0" fromWho="2" sc="158,90,365,0,136,-80,331,0" /><INIT seed="7,0,0,4,0,80" ten="248,365,56,331" oya="3" hai0="90,69,27,38,85,40,30,125,31,87,49,28,60" hai1="12,21,129,109,108,34,54,29,127,115,96,22,7" hai2="41,117,8,52,98,75,10,113,71,84,44,116,92" hai3="97,133,62,55,50,76,2,122,63,95,26,104,16"/><W45/><G122/><T35/><D125/><U83/><E34/><V105/><F113/><W23/><G2/><T132/><D132/><U51/><E109/><V131/><F75/><W67/><G104/><T33/><D38/><U81/><E108/><V123/><F71/><W101/><G133/><T77/><D77/><U42/><E42/><V68/><F123/><W15/><G76/><T53/><D40/><U18/><E115/><V124/><F68/><W65/><G26/><T64/><D90/><U1/><E1/><V36/><F124/><W39/><G39/><T43/><D43/><U57/><E127/><V17/><F105/><W14/><G14/><T13/><D13/><U94/><E7/><V61/><F131/><W120/><G120/><T25/><REACH who="0" step="1"/><D31/><REACH who="0" ten="238,365,56,331" step="2"/><U128/><E128/><V102/><F117/><W114/><G114/><T112/><D112/><U135/><E129/><V47/><F116/><W59/><G63/><T58/><AGARI ba="0,1" hai="25,27,28,30,33,35,49,53,58,60,64,69,85,87" machi="58" ten="20,12000,2" yaku="1,1,0,1,7,1,9,1,52,2,53,0" doraHai="80" doraHaiUra="74" who="0" fromWho="0" sc="238,130,365,-30,56,-30,331,-60" owari="368,46.0,335,14.0,26,-47.0,271,-13.0" /></mjloggm>