<mjloggm ver="2.3"><GO type="41" lobby="0"/><UN n0="%E5%B0%B1%E6%B4%BB%E7%94%9F%40%E5%B7%9D%E6%9D%91%E8%BB%8D%E5%9B%A3" n1="%E3%82%B9%E3%83%AB%E3%83%A1" n2="%67%75%75%74%61%72%61" n3="%E7%84%BC%E3%81%8D%E9%B3%A5%E5%88%9D%E5%BF%83%E8%80%85" dan="16,14,15,15" rate="2100.52,1922.88,1980.84,1996.49" sx="M,M,M,M"/><TAIKYOKU oya="0"/><INIT seed="0,0,0,1,1,72" ten="250,250,250,250" oya="0" hai0="53,26,96,28,128,127,57,88,2,56,22,114,35" hai1="5,115,41,31,100,109,101,124,110,36,68,16,73" hai2="7,102,113,67,122,65,45,74,19,80,129,75,61" hai3="50,99,29,8,117,106,134,17,86,15,135,52,9"/><T37/><D2/><U126/><E73/><V91/><F129/><W84/><G117/><T25/><D37/><U120/><E120/><V107/><F113/><W6/><G29/><T70/><D114/><U92/><E115/><V0/><F122/><W119/><G119/><T3/><D3/><U133/><E133/><N who="3" m="50698" /><G99/><T60/><D128/><U79/><E79/><V98/><F45/><N who="3" m="27727" /><G106/><T59/><D127/><N who="1" m="48683" /><E68/><V58/><F19/><W46/><G46/><T104/><D70/><U81/><E81/><V14/><F0/><AGARI ba="0,0" hai="0,6,8,9,15,17,84,86" m="27727,50698" machi="0" ten="30,2000,0" yaku="20,1,54,1" doraHai="72" who="3" fromWho="2" sc="250,0,250,0,250,-20,250,20" /><INIT seed="1,0,0,3,3,26" ten="250,250,230,270" oya="1" hai0="119,54,105,74,78,62,17,48,84,63,15,98,131" hai1="118,97,9,124,21,87,96,12,39,80,28,7,71" hai2="65,128,41,6,19,60,102,126,34,116,59,68,31" hai3="112,38,36,66,57,51,90,134,77,3,109,76,121"/><U33/><E71/><V14/><F128/><W130/><G3/><T85/><D119/><U37/><E124/><V86/><F116/><W23/><G134/><T104/><D74/><U56/><E118/><V107/><F126/><W25/><G36/><T99/><D131/><U4/><E4/><V20/><F41/><W46/><G38/><T110/><D110/><U72/><E72/><V89/><F107/><W117/><G109/><T29/><D29/><U49/><E33/><V101/><F68/><W47/><G121/><T88/><D105/><U16/><E28/><V35/><F34/><W108/><G46/><N who="0" m="27927" /><D78/><U58/><E39/><V103/><F6/><W40/><G112/><T45/><D85/><U43/><E37/><V92/><F103/><W5/><G5/><T2/><D45/><N who="1" m="25791" /><E58/><V69/><REACH who="2" step="1"/><F59/><REACH who="2" ten="250,250,220,270" step="2"/><W11/><G117/><T44/><D104/><U129/><E129/><V82/><F82/><W13/><G130/><T27/><D44/><U115/><E56/><V95/><F95/><W114/><G114/><T83/><D2/><U127/><E127/><V18/><F18/><W135/><G135/><T125/><D125/><U24/><E115/><V81/><F81/><W79/><G108/><T100/><D100/><U122/><E122/><V22/><F22/><W111/><G111/><T132/><D132/><U91/><AGARI ba="0,1" hai="7,9,12,16,21,24,80,87,91,96,97" m="25791" machi="91" ten="30,3000,0" yaku="8,1,54,1" doraHai="26" who="1" fromWho="1" sc="250,-10,250,40,220,-10,270,-10" /><INIT seed="1,1,0,1,5,21" ten="240,290,210,260" oya="1" hai0="122,111,112,130,76,29,13,48,47,17,132,55,18" hai1="125,61,135,133,34,72,14,68,53,43,90,51,95" hai2="8,69,7,50,64,33,104,127,24,26,82,38,0" hai3="27,73,77,81,114,126,100,56,42,134,79,71,87"/><U15/><E72/><V93/><F104/><W19/><G71/><T32/><D112/><U96/><E125/><V131/><F131/><W85/><G114/><T86/><D130/><U80/><E34/><V12/><F38/><W4/><G4/><T49/><D122/><U22/><E80/><V124/><F82/><W89/><G42/><T97/><D111/><U74/><E74/><V9/><F93/><W16/><G100/><T54/><D132/><N who="1" m="50763" /><E22/><V58/><F69/><W11/><G126/><N who="2" m="48169" /><F33/><W45/><G45/><T123/><D123/><U1/><E1/><V83/><F83/><N who="3" m="49407" /><G56/><T59/><D76/><U57/><E43/><V98/><F98/><W121/><G73/><T115/><D115/><U67/><AGARI ba="1,0" hai="14,15,51,53,57,61,67,68,90,95,96" m="50763" machi="67" ten="30,1500,0" yaku="20,1" doraHai="21" who="1" fromWho="1" sc="240,-6,290,18,210,-6,260,-6" /><INIT seed="1,2,0,0,5,52" ten="234,308,204,254" oya="1" hai0="31,122,20,25,87,53,50,93,12,117,58,77,69" hai1="19,107,24,119,86,89,90,78,7,118,34,97,4" hai2="39,60,9,75,123,37,95,104,28,59,114,15,106" hai3="82,33,76,135,5,110,124,81,133,132,54,16,131"/><U30/><E78/><V40/><F75/><W96/><G33/><T17/><D69/><U42/><E42/><V79/><F79/><W121/><G121/><T113/><D113/><U36/><E36/><V105/><F28/><W47/><G5/><T125/><D117/><U14/><E4/><V2/><F2/><W51/><G110/><T27/><D125/><U67/><E67/><V127/><F114/><W128/><G96/><T32/><D122/><U129/><E129/><N who="3" m="49738" /><G16/><T22/><D77/><U10/><E7/><V72/><F72/><N who="3" m="43143" /><G82/><T8/><D87/><U57/><E57/><V85/><F123/><W48/><G51/><T71/><D71/><U115/><E115/><V35/><F35/><W55/><G54/><T73/><D73/><U70/><E70/><V68/><F68/><W29/><G29/><T88/><D27/><U109/><E109/><V130/><F130/><W62/><G62/><T18/><D18/><U126/><E126/><AGARI ba="2,0" hai="47,48,55,124,126,132,133,135" m="43143,49738" machi="126" ten="40,8000,1" yaku="30,2,20,1,19,1" doraHai="52" who="3" fromWho="1" sc="234,0,308,-86,204,0,254,86" /><INIT seed="2,0,0,0,1,9" ten="234,222,204,340" oya="2" hai0="112,119,128,50,80,39,60,42,59,77,41,7,86" hai1="70,26,57,47,12,104,115,83,98,84,110,10,135" hai2="113,79,21,20,54,22,99,126,33,27,74,37,0" hai3="87,100,114,36,123,65,30,62,63,4,64,52,11"/><V71/><F71/><W116/><G36/><T15/><D112/><U69/><E115/><V102/><F37/><W133/><G114/><T122/><D122/><U68/><E135/><V106/><F0/><W103/><G133/><T55/><D39/><U38/><E110/><V101/><F113/><W85/><G30/><T109/><D109/><U120/><E120/><V67/><F67/><W28/><G28/><T89/><D119/><U81/><E26/><V117/><F117/><W49/><G116/><T124/><D124/><U96/><E57/><V111/><F111/><W51/><G123/><T48/><D128/><U132/><E132/><V118/><F118/><W105/><G105/><T2/><D2/><U1/><E1/><V5/><F5/><W56/><G100/><T92/><D42/><U61/><E61/><V34/><F102/><W29/><G103/><T58/><D41/><U53/><E81/><V46/><F126/><W72/><G29/><T3/><D3/><U88/><E104/><V82/><F27/><W93/><G72/><T45/><D45/><U125/><E125/><V18/><REACH who="2" step="1"/><F18/><REACH who="2" ten="234,222,194,340" step="2"/><W78/><G4/><T6/><D6/><U43/><REACH who="1" step="1"/><E53/><REACH who="1" ten="234,212,194,340" step="2"/><V66/><F66/><W73/><G52/><T40/><D55/><U91/><E91/><V14/><F14/><W44/><G64/><T13/><D89/><U35/><E35/><V121/><F121/><W127/><G65/><T134/><D15/><U95/><E95/><V32/><F32/><W108/><G93/><T130/><D92/><U17/><AGARI ba="0,2" hai="10,12,17,38,43,47,68,69,70,83,84,88,96,98" machi="17" ten="30,7900,0" yaku="1,1,0,1,52,1,54,1,53,0" doraHai="9" doraHaiUra="131" who="1" fromWho="1" sc="234,-20,212,99,194,-39,340,-20" /><INIT seed="3,0,0,4,3,119" ten="214,311,155,320" oya="3" hai0="124,48,97,63,28,131,30,68,53,51,122,133,111" hai1="128,45,102,86,95,0,71,46,38,106,101,113,41" hai2="82,89,15,47,36,75,66,94,52,129,4,77,83" hai3="18,126,65,91,60,21,88,40,114,123,23,22,61"/><W93/><G123/><T117/><D117/><U72/><E113/><V55/><F129/><W64/><G114/><T99/><D111/><U17/><E128/><V8/><F66/><W92/><G126/><T7/><D122/><U112/><E112/><V103/><F103/><W57/><G40/><T115/><D131/><U73/><E71/><V25/><F25/><W116/><G116/><T27/><D115/><U100/><E0/><V13/><F83/><W50/><G50/><T19/><D124/><U134/><E134/><V108/><F108/><W132/><G132/><T20/><D7/><U11/><E45/><V5/><F36/><W16/><G23/><T96/><D133/><U98/><E86/><V29/><F29/><N who="0" m="11370" /><D68/><U10/><E106/><V43/><F43/><W79/><G57/><AGARI ba="0,0" hai="19,20,27,48,51,53,57,63,96,97,99" m="11370" machi="57" ten="30,1000,0" yaku="8,1" doraHai="119" who="0" fromWho="3" sc="214,10,311,0,155,0,320,-10" /><INIT seed="4,0,0,5,2,84" ten="224,311,155,310" oya="0" hai0="41,118,54,36,82,111,124,48,129,15,112,66,20" hai1="104,119,70,116,107,44,56,33,100,17,85,89,69" hai2="50,103,55,2,110,91,46,1,10,73,28,78,19" hai3="3,29,132,13,42,62,102,94,72,47,38,109,32"/><T8/><D118/><U86/><E33/><V93/><F28/><W30/><G3/><T67/><D112/><U133/><E133/><V49/><F110/><W123/><G72/><T122/><D111/><U80/><E44/><V58/><F103/><W64/><G132/><T63/><D122/><U6/><E6/><V128/><F128/><W108/><G123/><T113/><D113/><U98/><E104/><V39/><F39/><W27/><G13/><T5/><D129/><U40/><E40/><V117/><F117/><W106/><G30/><T9/><D124/><U76/><E17/><V68/><F68/><W60/><G94/><T121/><D121/><U90/><E56/><V12/><F73/><W134/><G60/><T21/><D36/><U53/><E53/><V22/><F78/><W25/><G25/><T79/><D9/><U18/><E18/><V126/><F126/><W57/><G57/><T0/><D0/><U31/><E31/><V97/><F10/><W135/><G135/><T120/><D41/><AGARI ba="0,0" hai="1,2,12,19,22,41,46,49,50,55,58,91,93,97" machi="41" ten="30,2000,0" yaku="7,1,52,1" doraHai="84" who="2" fromWho="0" sc="224,-20,311,0,155,20,310,0" /><INIT seed="5,0,0,2,4,82" ten="204,311,175,310" oya="1" hai0="93,79,120,40,104,11,25,70,122,116,63,123,96" hai1="37,52,55,128,115,62,32,97,17,49,73,50,64" hai2="72,107,3,14,66,130,9,38,85,46,109,103,75" hai3="80,20,4,33,47,118,51,124,71,90,45,77,99"/><U44/><E32/><V18/><F130/><W102/><G71/><T94/><D116/><U39/><E73/><V35/><F35/><W23/><G33/><T29/><D40/><U24/><E97/><V69/><F109/><W15/><G90/><T76/><D104/><U1/><E1/><V126/><F3/><W78/><G78/><T108/><D108/><U56/><E17/><V98/><F126/><W21/><G124/><T10/><D63/><N who="1" m="36231" /><E24/><V84/><F72/><W60/><G118/><T6/><D70/><N who="1" m="42263" /><E115/><V113/><F75/><W57/><G4/><T65/><D65/><U132/><E132/><V131/><F131/><W30/><G15/><T83/><D94/><U53/><E128/><V117/><F113/><W127/><G30/><T5/><D5/><U48/><E48/><V81/><F81/><W88/><G77/><T61/><D61/><U0/><E0/><V106/><F106/><W89/><G60/><T8/><D6/><U111/><E111/><V125/><F117/><W26/><G99/><T13/><D13/><U105/><E105/><V134/><F125/><W129/><G26/><T41/><D83/><U114/><E114/><V87/><F66/><W16/><G127/><T68/><D79/><U100/><E100/><V22/><F69/><W31/><G102/><N who="0" m="60687" /><D68/><U28/><E28/><V34/><F34/><W36/><G31/><T2/><D76/><U112/><E112/><V43/><F9/><W59/><G129/><T121/><D2/><U58/><AGARI ba="0,0" hai="37,39,44,49,50,53,55,58" m="42263,36231" machi="58" ten="30,18000,2" yaku="35,5,54,1" doraHai="82" who="1" fromWho="1" sc="204,-60,311,180,175,-60,310,-60" /><INIT seed="5,1,0,0,0,134" ten="144,491,115,250" oya="1" hai0="40,116,9,48,47,57,95,84,100,53,114,124,56" hai1="106,75,71,22,102,125,36,107,80,86,94,13,21" hai2="90,41,101,66,113,111,5,49,31,87,20,91,52" hai3="34,118,28,89,74,120,27,59,1,68,65,54,24"/><U96/><E36/><V77/><F41/><W112/><G74/><T67/><D116/><U12/><E71/><V73/><F73/><W97/><G1/><T0/><D114/><U115/><E115/><V131/><F131/><W33/><G120/><T70/><D0/><U14/><E125/><V35/><F35/><W127/><G127/><T30/><D30/><U132/><E132/><V55/><F101/><W129/><G129/><T93/><D124/><U25/><E75/><V62/><F111/><W109/><G109/><T43/><D70/><U17/><REACH who="1" step="1"/><E21/><REACH who="1" ten="144,481,115,250" step="2"/><V37/><F113/><W117/><G68/><T104/><D104/><U58/><E58/><V19/><F37/><W16/><G59/><T15/><D57/><U119/><E119/><V135/><F135/><W8/><G112/><T130/><D130/><U64/><E64/><V42/><F66/><W26/><G65/><T2/><D56/><U121/><E121/><V108/><F108/><W60/><G117/><T10/><D67/><U18/><E18/><V51/><F31/><W76/><G28/><T88/><D47/><U81/><E81/><V61/><F5/><W72/><G16/><T85/><D95/><U38/><E38/><V69/><F69/><W4/><G118/><T6/><D93/><U122/><E122/><V3/><F19/><W128/><G4/><T29/><D29/><U126/><E126/><V23/><F20/><W98/><G128/><T11/><D6/><U39/><E39/><V79/><F23/><W78/><G34/><T63/><D2/><U82/><E82/><V110/><F3/><RYUUKYOKU ba="1,1" sc="144,-10,481,30,115,-10,250,-10" hai1="12,13,14,17,22,25,80,86,94,96,102,106,107" /><INIT seed="5,2,1,5,4,73" ten="134,511,105,240" oya="1" hai0="92,40,65,125,82,42,28,86,62,94,31,21,12" hai1="15,83,97,112,133,19,63,122,27,80,34,76,79" hai2="22,37,72,69,119,66,126,81,16,14,46,59,17" hai3="3,132,78,74,134,52,116,130,85,55,113,89,101"/><U29/><E122/><V128/><F128/><W36/><G130/><T120/><D125/><U118/><E118/><V56/><F119/><W38/><G116/><T135/><D120/><U110/><E112/><V114/><F114/><W57/><G3/><T44/><D135/><N who="3" m="51753" /><G101/><T4/><D94/><U47/><E133/><V109/><F109/><W121/><G121/><T117/><D92/><U71/><E110/><V6/><F126/><W105/><G105/><T7/><D117/><U30/><E47/><V70/><F6/><W0/><G0/><T48/><D42/><U100/><E30/><V26/><F37/><N who="3" m="14443" /><G57/><N who="0" m="37071" /><D7/><U53/><E53/><V10/><F46/><W90/><G113/><T35/><D35/><U32/><E32/><V50/><F50/><W124/><G90/><T41/><D41/><U33/><E33/><V115/><F115/><W77/><G74/><T49/><D49/><U84/><E63/><V98/><F98/><W104/><G104/><T11/><D21/><U91/><E71/><V107/><F107/><W95/><G124/><T87/><D87/><U13/><E91/><AGARI ba="2,1" hai="4,11,12,28,31,40,44,48,82,86,91" m="37071" machi="91" ten="30,1000,0" yaku="8,1" doraHai="73" who="0" fromWho="1" sc="134,26,511,-16,105,0,240,0" /><INIT seed="6,0,0,2,0,4" ten="160,495,105,240" oya="2" hai0="27,118,99,108,76,113,46,72,89,106,74,22,73" hai1="104,50,56,52,85,59,134,91,92,95,70,88,34" hai2="23,18,126,71,58,2,102,116,19,62,83,0,123" hai3="33,11,127,111,90,57,45,112,49,100,3,97,1"/><V94/><F71/><W78/><G90/><T124/><D108/><U39/><E39/><V115/><F115/><W41/><G45/><T110/><D110/><U54/><E34/><V122/><F116/><W28/><G49/><T31/><D113/><U43/><E134/><V135/><F83/><W60/><G97/><T51/><D118/><U53/><E104/><V64/><F126/><W6/><G28/><T9/><D124/><U14/><E70/><V117/><F117/><W107/><G57/><T66/><D66/><U47/><REACH who="1" step="1"/><E14/><REACH who="1" ten="160,485,105,240" step="2"/><V12/><F135/><W25/><G111/><T129/><D106/><U32/><E32/><V133/><F133/><W61/><G33/><T80/><D129/><U75/><E75/><V119/><F119/><W7/><G107/><T38/><D38/><U35/><E35/><V109/><F109/><W130/><G112/><T13/><D74/><U55/><N who="1" m="13312" /><DORA hai="128" /><U26/><E26/><V17/><F123/><W114/><G25/><T98/><D73/><U24/><E24/><V37/><F122/><W82/><G114/><T96/><D27/><U8/><E8/><V68/><F37/><W16/><G3/><T36/><D36/><U30/><E30/><V121/><F121/><W21/><G1/><N who="2" m="617" /><F68/><W65/><G127/><T87/><D31/><U40/><E40/><V93/><F102/><W132/><G41/><N who="0" m="25039" /><D72/><U48/><E48/><V63/><F62/><W29/><G100/><T69/><D69/><U79/><E79/><V105/><F105/><W42/><G60/><T15/><D9/><U44/><E44/><V101/><F101/><RYUUKYOKU ba="0,1" sc="160,-15,485,15,105,15,240,-15" hai1="43,47,50,56,59,85,88,91,92,95" hai2="12,17,18,19,23,58,63,64,93,94" /><INIT seed="6,1,1,2,1,78" ten="145,500,120,225" oya="2" hai0="95,8,73,55,74,90,112,61,34,33,104,110,116" hai1="22,98,44,6,93,84,70,29,12,125,102,87,51" hai2="14,24,18,64,49,4,62,65,11,21,32,30,130" hai3="126,60,92,28,35,42,103,79,115,68,15,135,2"/><V128/><F49/><W10/><G126/><T72/><D110/><U0/><E0/><N who="2" m="391" /><F62/><W131/><G60/><T100/><D112/><U114/><E114/><V86/><F86/><W123/><G15/><T43/><D116/><U5/><E70/><V27/><F65/><W9/><G28/><T39/><D104/><U113/><E113/><V94/><F64/><W109/><G10/><T91/><D100/><U97/><E125/><V45/><F45/><W71/><G9/><T127/><D127/><U83/><E98/><V59/><F59/><W118/><G92/><T56/><D90/><N who="1" m="51487" /><E102/><V117/><F94/><W101/><G42/><T23/><D23/><U31/><E87/><V89/><F89/><W121/><G79/><T124/><D124/><U66/><E66/><V13/><F117/><W52/><G101/><T85/><D8/><N who="1" m="4111" /><E6/><V132/><F132/><W40/><G52/><T119/><D119/><U108/><E22/><N who="2" m="11599" /><F14/><W25/><G40/><T76/><D76/><U54/><E108/><V58/><F58/><W48/><G103/><T3/><D3/><U47/><E47/><V67/><F67/><W69/><G48/><T120/><D120/><U96/><E96/><V105/><F105/><W1/><G123/><T99/><D99/><U50/><E50/><V20/><F21/><W80/><G80/><T38/><D38/><U36/><E36/><V133/><F133/><W63/><G63/><T7/><D7/><U46/><E46/><V53/><F53/><W88/><G88/><T75/><N who="0" m="18944" /><DORA hai="111" /><T17/><D17/><AGARI ba="1,1" hai="17,20,24,27,30,32,128,130" m="11599,391" machi="17" ten="30,5800,0" yaku="24,1,34,2" doraHai="78,111" who="2" fromWho="0" sc="145,-61,500,0,120,71,225,0" /><INIT seed="6,2,0,3,0,133" ten="84,500,191,225" oya="2" hai0="5,102,79,3,105,122,15,73,47,71,63,19,90" hai1="94,41,114,58,103,13,44,109,55,37,51,6,57" hai2="104,130,115,1,85,59,95,20,39,34,96,32,68" hai3="100,35,125,118,45,75,7,99,131,88,74,78,70"/><V101/><F130/><W66/><G70/><T113/><D122/><U124/><E109/><V28/><F39/><W24/><G35/><T56/><D71/><U72/><E124/><V107/><F1/><W14/><G131/><T9/><D113/><U117/><E72/><V36/><F36/><W42/><G66/><T126/><D126/><U84/><E117/><V135/><F115/><W120/><G24/><T64/><D73/><U92/><E114/><V108/><F108/><W43/><G43/><T11/><D79/><U62/><E84/><V48/><F68/><W112/><G112/><T12/><D105/><U50/><E103/><V69/><F69/><W67/><G67/><T77/><D77/><U60/><E6/><V2/><F2/><W18/><G18/><T121/><D121/><U80/><E80/><V26/><F135/><W38/><G78/><T40/><D102/><U106/><E106/><V27/><F85/><W29/><G29/><T10/><D90/><U17/><E37/><V31/><F20/><W4/><G4/><T81/><D81/><U86/><E86/><V134/><F134/><W22/><G118/><T61/><D61/><N who="1" m="23659" /><E58/><V33/><REACH who="2" step="1"/><F34/><REACH who="2" ten="84,500,181,225" step="2"/><W30/><G120/><T8/><REACH who="0" step="1"/><D3/><REACH who="0" ten="74,500,181,225" step="2"/><U127/><E127/><V0/><F0/><W132/><G125/><T97/><D97/><U53/><E41/><V25/><F25/><W116/><G99/><T87/><D87/><U110/><E110/><V123/><F123/><W76/><G42/><T54/><D54/><AGARI ba="2,2" hai="26,27,28,31,32,33,48,54,59,95,96,101,104,107" machi="54" ten="40,7700,0" yaku="1,1,9,1,53,1" doraHai="133" doraHaiUra="49" who="2" fromWho="0" sc="74,-83,500,0,181,103,225,0" owari="-9,-51.0,500,60.0,284,8.0,225,-17.0" /></mjloggm>