<mjloggm ver="2.3"><GO type="97" lobby="0"/><UN n0="%E3%81%BE%E3%81%99%E3%81%AE%E3%81%99%E3%81%97" n1="%E3%81%8A%E3%80%81%EF%BC%AA%E3%81%8B%EF%BC%9F" n2="%E5%B0%B1%E6%B4%BB%E7%94%9F%40%E5%B7%9D%E6%9D%91%E8%BB%8D%E5%9B%A3" n3="%4C%4A" dan="14,15,14,14" rate="1933.64,1994.11,2013.79,1986.91" sx="M,M,M,M"/><TAIKYOKU oya="0"/><INIT seed="0,0,0,3,1,104" ten="250,250,250,250" oya="0" hai0="38,96,122,19,20,84,41,34,12,36,49,78,123" hai1="53,111,97,44,119,132,72,128,43,8,18,102,76" hai2="135,59,77,125,29,85,52,2,9,108,110,57,40" hai3="13,68,23,70,95,15,79,89,75,45,106,10,55"/><T24/><D49/><U66/><E119/><V88/><F125/><W62/><G106/><T33/><D96/><U93/><E66/><V80/><F135/><W54/><G23/><T91/><D78/><U87/><E132/><V107/><F107/><W67/><G68/><T86/><D86/><U1/><E128/><V83/><F40/><W69/><G69/><T99/><D99/><U26/><E53/><V42/><F42/><W51/><G55/><T39/><D41/><U47/><E111/><N who="2" m="42539" /><F29/><W101/><G101/><T82/><REACH who="0" step="1"/><D24/><REACH who="0" ten="240,250,250,250" step="2"/><U28/><E87/><V17/><F77/><W5/><G79/><T22/><D22/><U81/><E26/><V118/><F118/><W112/><G112/><T92/><D92/><U98/><E76/><V71/><F83/><W25/><G25/><T94/><D94/><U32/><E93/><V21/><F80/><W56/><G75/><T31/><D31/><U131/><E72/><V14/><F85/><W73/><G73/><T35/><AGARI ba="0,1" hai="12,19,20,33,34,35,36,38,39,82,84,91,122,123" machi="35" ten="40,3900,0" yaku="1,1,0,1,53,0" doraHai="104" doraHaiUra="130" who="0" fromWho="0" sc="240,49,250,-13,250,-13,250,-13" /><INIT seed="0,1,0,4,3,49" ten="289,237,237,237" oya="0" hai0="31,122,43,15,41,82,2,97,99,62,22,24,45" hai1="28,76,6,48,21,106,7,92,65,100,88,109,102" hai2="38,96,132,46,118,60,90,133,117,9,3,54,33" hai3="37,110,77,56,74,108,57,23,91,10,105,78,120"/><T87/><D2/><U123/><E123/><V53/><F33/><W72/><G37/><T126/><D122/><U81/><E106/><V115/><F115/><W58/><G105/><T11/><D62/><U29/><E65/><V39/><F3/><W1/><G120/><T47/><D126/><U42/><E109/><N who="3" m="42090" /><G23/><T98/><D43/><U12/><E81/><V26/><F9/><W80/><G1/><T66/><D66/><U83/><E83/><V18/><F18/><W124/><G10/><T73/><D73/><N who="3" m="28265" /><G124/><T50/><D45/><N who="1" m="25655" /><E76/><N who="3" m="29290" /><G80/><T0/><D0/><U69/><E69/><V94/><F26/><W16/><G91/><T95/><D11/><N who="1" m="4215" /><E7/><V135/><F60/><W79/><N who="3" m="29298" /><W55/><DORA hai="131" /><G16/><T84/><D15/><U103/><E21/><V128/><F128/><W121/><G121/><T52/><D82/><U34/><E34/><V61/><F61/><AGARI ba="1,0" hai="55,56,57,58,61" m="29298,28265,42090" machi="61" ten="40,2600,0" yaku="14,1,52,1" doraHai="49,131" who="3" fromWho="2" sc="289,0,237,0,237,-29,237,29" /><INIT seed="1,0,0,5,5,134" ten="289,237,208,266" oya="1" hai0="17,29,14,125,35,92,39,28,24,37,26,127,76" hai1="18,79,20,3,15,93,4,102,108,43,90,82,106" hai2="119,83,72,94,89,7,73,47,60,84,63,103,81" hai3="42,8,50,77,133,86,19,21,66,116,25,55,123"/><U49/><E108/><V45/><F119/><W23/><G116/><T5/><D5/><U33/><E33/><V64/><F7/><W58/><G123/><T62/><D76/><U38/><E38/><V0/><F0/><W99/><G133/><T6/><D6/><U12/><E3/><V115/><F115/><W80/><G99/><T91/><D62/><U132/><E132/><V16/><F73/><W96/><G96/><N who="0" m="57375" /><D14/><N who="1" m="9303" /><E106/><V32/><F32/><W41/><G66/><T88/><D88/><U71/><E71/><V110/><F110/><W120/><G120/><T87/><D87/><N who="1" m="48607" /><E102/><V13/><F81/><W130/><G130/><T57/><D57/><U78/><E78/><V22/><F63/><W54/><G8/><T114/><D17/><U67/><E67/><V74/><F74/><W100/><G100/><T85/><D85/><N who="1" m="52431" /><E4/><V70/><REACH who="2" step="1"/><F72/><REACH who="2" ten="289,237,198,266" step="2"/><W56/><G21/><N who="0" m="15375" /><D114/><U112/><E112/><V11/><F11/><W52/><G55/><T48/><D48/><AGARI ba="0,1" hai="19,23,25,41,42,48,50,52,54,56,58,77,80,86" machi="48" ten="30,7700,0" yaku="7,1,9,1,8,1,54,1" doraHai="134" who="3" fromWho="0" sc="289,-77,237,0,198,0,266,87" /><INIT seed="2,0,0,5,5,24" ten="212,237,198,353" oya="2" hai0="122,106,77,101,6,112,72,56,22,76,36,85,83" hai1="110,63,46,57,73,96,1,10,86,104,0,132,25" hai2="80,71,69,15,78,113,105,38,82,135,13,58,119" hai3="30,5,48,61,29,130,84,60,118,40,66,111,19"/><V37/><F113/><W121/><G121/><T33/><D122/><U99/><E73/><V81/><F105/><W8/><G118/><T45/><D33/><U7/><E0/><V62/><F119/><W125/><G111/><T100/><D112/><U90/><E110/><V64/><F78/><W39/><G39/><T17/><D6/><U94/><E132/><V89/><F135/><W16/><G130/><T65/><D106/><U59/><E104/><V52/><F89/><W91/><G125/><T26/><D72/><U107/><E107/><V31/><F31/><N who="3" m="11787" /><G66/><T34/><D34/><U114/><E114/><V129/><F129/><W35/><G35/><T11/><D76/><U108/><E46/><V14/><REACH who="2" step="1"/><F71/><REACH who="2" ten="212,237,188,353" step="2"/><W47/><G91/><T12/><D77/><U134/><E90/><V133/><F133/><W75/><G75/><T49/><D101/><U21/><E134/><V88/><F88/><W97/><G84/><T87/><D100/><U2/><E86/><V117/><F117/><W50/><G97/><T44/><D87/><U27/><E99/><V54/><F54/><W131/><G131/><T95/><D85/><U79/><E96/><V120/><F120/><W128/><G128/><T55/><D83/><U9/><E79/><V20/><F20/><W126/><G126/><T70/><D70/><U109/><E21/><V123/><F123/><W18/><G8/><T4/><D95/><U42/><E94/><V67/><F67/><W102/><G102/><T93/><D93/><U103/><E109/><V41/><F41/><W23/><G40/><N who="0" m="22535" /><D65/><U124/><E108/><RYUUKYOKU ba="0,1" sc="212,15,237,-15,188,15,353,-15" hai0="4,11,12,17,22,26,45,49,55,56" hai2="13,14,15,37,38,52,58,62,64,69,80,81,82" /><INIT seed="2,1,1,2,1,131" ten="227,222,203,338" oya="2" hai0="69,134,24,74,127,40,123,122,31,90,73,125,106" hai1="93,87,85,116,108,57,104,55,107,99,9,17,45" hai2="119,111,100,27,34,133,58,118,117,79,63,6,102" hai3="128,81,70,114,113,33,30,25,132,60,47,3,130"/><V101/><F6/><W83/><G47/><T4/><D106/><U62/><E116/><V61/><F111/><W18/><G18/><T2/><D69/><U42/><E108/><V50/><F79/><W14/><G14/><T72/><D40/><U10/><E107/><V77/><F77/><W8/><G83/><T49/><D49/><N who="1" m="26807" /><E104/><V84/><F84/><N who="1" m="32329" /><E17/><V96/><F96/><W46/><G46/><T103/><D103/><AGARI ba="1,1" hai="9,10,55,57,62,93,99,103" m="32329,26807" machi="103" ten="30,1000,0" yaku="8,1" doraHai="131" who="1" fromWho="0" sc="227,-13,222,23,203,0,338,0" /><INIT seed="3,0,0,4,0,35" ten="214,245,203,338" oya="3" hai0="134,47,130,31,56,44,127,39,28,89,77,15,97" hai1="116,83,71,2,100,125,21,42,93,75,91,65,38" hai2="84,59,124,18,29,0,45,118,94,60,90,43,68" hai3="78,5,133,54,112,131,117,132,52,82,96,7,26"/><W74/><G117/><T34/><D127/><U33/><E21/><V80/><F124/><W107/><G112/><T9/><D134/><N who="3" m="51817" /><G131/><T13/><D130/><U10/><E91/><V129/><F129/><W135/><N who="3" m="51825" /><W128/><DORA hai="122" /><G128/><T20/><D34/><U104/><E93/><V115/><F118/><W64/><G64/><T98/><D77/><U4/><E125/><V36/><F115/><W105/><G26/><T17/><D39/><U73/><E83/><V81/><F68/><W99/><G54/><T49/><D56/><U24/><E42/><V6/><F29/><N who="0" m="11338" /><D89/><U72/><E38/><V113/><F113/><W62/><G52/><N who="0" m="29735" /><D47/><U109/><E116/><V11/><F18/><AGARI ba="0,0" hai="9,13,15,17,18,20,97,98" m="29735,11338" machi="18" ten="30,2000,0" yaku="8,1,54,1" doraHai="35,122" who="0" fromWho="2" sc="214,20,245,0,203,-20,338,0" owari="234,-17.0,245,5.0,183,-32.0,338,44.0" /></mjloggm>