<mjloggm ver="2.3"><GO type="97" lobby="0"/><UN n0="%54%2D%41%6B%61" n1="%E5%B0%B1%E6%B4%BB%E7%94%9F%40%E5%B7%9D%E6%9D%91%E8%BB%8D%E5%9B%A3" n2="%E3%81%97%E3%82%85%E3%81%B0%E3%82%8B%E3%81%A4" n3="%E3%83%AD%E3%83%A0%E5%B0%82%EF%BC%A0%E5%B7%9D%E6%9D%91%E8%BB%8D%E5%9B%A3" dan="13,14,14,15" rate="1849.46,2003.19,1886.08,1946.61" sx="M,M,M,M"/><TAIKYOKU oya="0"/><INIT seed="0,0,0,3,5,127" ten="250,250,250,250" oya="0" hai0="36,84,129,28,106,39,64,114,113,116,132,75,19" hai1="7,79,52,30,117,104,82,59,95,42,29,49,93" hai2="109,67,121,9,47,22,34,108,101,131,10,94,123" hai3="115,18,91,92,72,43,71,60,85,128,74,38,69"/><T125/><D75/><U126/><E104/><V96/><F34/><W61/><G115/><T4/><D106/><U102/><E126/><V14/><F47/><W80/><G38/><T48/><D116/><U58/><E117/><V51/><F51/><W112/><G112/><T90/><D125/><U26/><E7/><V99/><F67/><W3/><G3/><T2/><D132/><U55/><E42/><V130/><F99/><W20/><G43/><T0/><D0/><U68/><E68/><V15/><F22/><W23/><G23/><T107/><D107/><U13/><E13/><N who="2" m="4619" /><F121/><W98/><G71/><T27/><D36/><U83/><E102/><V100/><F101/><W103/><G69/><T1/><D1/><U65/><E65/><V66/><F66/><W110/><G74/><T120/><D39/><U73/><E83/><V25/><F25/><W8/><G72/><T88/><D120/><U89/><E89/><V17/><F17/><W35/><G35/><T46/><D2/><U40/><E40/><V21/><F21/><W87/><G8/><N who="2" m="3177" /><F123/><W44/><G44/><T111/><D113/><U122/><E122/><V16/><F16/><W54/><G103/><T37/><D37/><U97/><E97/><V11/><N who="2" m="3185" /><V63/><DORA hai="119" /><F63/><W24/><G98/><T31/><D114/><U76/><E76/><V6/><F6/><W62/><G62/><T77/><D111/><AGARI ba="0,0" hai="94,96,100,108,109,111,130,131" m="3185,4619" machi="111" ten="40,5200,0" yaku="14,1,52,2" doraHai="127,119" who="2" fromWho="0" sc="250,-52,250,0,250,52,250,0" /><INIT seed="1,0,0,5,5,117" ten="198,250,302,250" oya="1" hai0="67,91,58,4,30,75,63,135,123,18,45,95,92" hai1="116,115,6,39,102,120,2,24,113,13,7,128,90" hai2="59,46,69,124,78,106,68,40,131,130,100,49,111" hai3="66,127,61,14,0,119,62,54,41,103,19,29,81"/><U60/><E116/><V44/><F78/><W126/><G0/><T65/><D75/><U64/><E39/><V16/><F124/><W132/><G119/><T114/><D114/><U47/><E2/><V34/><F34/><W82/><G41/><T1/><D135/><U55/><E128/><N who="2" m="49195" /><F111/><W11/><G29/><T23/><D30/><U56/><E102/><V57/><F44/><W94/><G132/><T77/><D77/><U8/><E120/><V31/><F31/><W96/><G54/><T108/><D108/><U22/><E6/><V110/><F110/><W21/><G11/><T72/><D72/><U85/><E47/><V52/><F100/><W35/><G35/><T42/><D4/><U43/><E43/><V74/><F74/><W76/><G62/><T118/><D118/><U48/><E48/><N who="2" m="26695" /><F106/><W97/><G97/><T51/><D1/><U3/><E3/><V73/><F73/><W70/><G76/><T50/><D50/><U84/><E64/><V32/><F32/><W104/><G104/><T87/><D67/><U88/><E115/><V53/><F16/><W98/><G98/><T129/><D129/><U33/><E113/><V9/><F9/><W105/><G105/><T15/><REACH who="0" step="1"/><D95/><REACH who="0" ten="188,250,302,250" step="2"/><U99/><E33/><V134/><F134/><W80/><AGARI ba="0,1" hai="14,19,21,61,66,70,80,81,82,94,96,103,126,127" machi="80" ten="30,1100,0" yaku="0,1" doraHai="117" who="3" fromWho="3" sc="188,-3,250,-5,302,-3,250,21" /><INIT seed="2,0,0,1,3,57" ten="185,245,299,271" oya="2" hai0="106,0,94,124,3,1,89,134,132,121,49,13,103" hai1="95,111,33,62,119,22,78,65,9,74,133,116,75" hai2="16,109,23,39,129,79,112,58,52,69,37,15,70" hai3="99,4,36,122,120,21,126,12,87,100,131,67,40"/><V61/><F112/><W85/><G36/><T92/><D121/><U72/><E33/><V97/><F39/><W73/><G73/><T10/><D106/><U8/><E111/><V118/><F118/><W38/><G38/><T114/><D114/><U86/><E133/><N who="0" m="51305" /><D124/><U50/><E22/><V42/><F109/><W34/><G34/><T82/><D49/><U81/><E50/><V115/><F115/><W11/><G40/><T41/><D41/><U93/><E116/><V53/><F53/><W48/><G48/><T104/><D104/><U71/><E119/><V24/><F79/><W7/><G126/><T19/><D103/><U64/><E64/><V17/><F129/><W56/><G131/><T32/><D32/><U76/><REACH who="1" step="1"/><E78/><REACH who="1" ten="185,235,299,271" step="2"/><V59/><F37/><W35/><G35/><T6/><D6/><U30/><E30/><V130/><F130/><W128/><G128/><T117/><D117/><U20/><E20/><N who="2" m="11295" /><F42/><W54/><G7/><T45/><D45/><U28/><E28/><V27/><F69/><W135/><G120/><T84/><AGARI ba="0,1" hai="0,1,3,10,13,19,82,84,89,92,94" m="51305" machi="84" ten="40,1500,0" yaku="20,1" doraHai="57" who="0" fromWho="0" sc="185,25,235,-4,299,-7,271,-4" /><INIT seed="3,0,0,4,4,66" ten="210,231,292,267" oya="3" hai0="11,80,132,54,117,69,83,134,106,82,59,76,12" hai1="47,127,35,1,42,7,116,14,17,3,0,9,21" hai2="65,48,112,68,99,44,109,61,2,15,130,41,103" hai3="33,123,110,135,73,120,95,10,56,75,40,16,89"/><W26/><G40/><T96/><D117/><U20/><E116/><V72/><F112/><W102/><G102/><T126/><D126/><U45/><E127/><V13/><F72/><W23/><G33/><T22/><D22/><N who="1" m="8811" /><E47/><V122/><F2/><N who="1" m="1129" /><E45/><V125/><F125/><W37/><G37/><T85/><D96/><U34/><E42/><V55/><F109/><W36/><G36/><T133/><D106/><U81/><E81/><V62/><F130/><W98/><G110/><T24/><D24/><U53/><E53/><V97/><F97/><W70/><G75/><T51/><REACH who="0" step="1"/><D69/><REACH who="0" ten="200,231,292,267" step="2"/><U30/><E30/><V78/><F122/><W4/><G70/><T6/><AGARI ba="0,1" hai="6,11,12,51,54,59,76,80,82,83,85,132,133,134" machi="6" ten="30,7900,0" yaku="1,1,2,1,0,1,20,1,53,0" doraHai="66" doraHaiUra="115" who="0" fromWho="0" sc="200,89,231,-20,292,-20,267,-39" /><INIT seed="4,0,0,3,2,124" ten="289,211,272,228" oya="0" hai0="107,101,69,34,36,16,55,70,43,87,39,64,100" hai1="104,89,21,134,73,79,114,85,92,78,65,45,11" hai2="108,23,102,115,15,31,50,135,130,80,53,58,118" hai3="129,86,59,46,81,37,128,41,62,44,120,13,109"/><T116/><D116/><U132/><E104/><V24/><F108/><W71/><G109/><T126/><D34/><U7/><E65/><V66/><F118/><W49/><G120/><T25/><D126/><U74/><E21/><V8/><F115/><W84/><G13/><T56/><D107/><U40/><E114/><V0/><F0/><W26/><G26/><T54/><D87/><U19/><E19/><V123/><F123/><W88/><G84/><T5/><D5/><U127/><E127/><V12/><F135/><N who="1" m="51753" /><E74/><V10/><F66/><N who="3" m="41431" /><G44/><N who="0" m="23655" /><D16/><U94/><E94/><V33/><F33/><W30/><G30/><T2/><D2/><N who="1" m="503" /><E73/><V111/><F111/><W72/><G72/><T83/><D83/><U9/><E9/><V42/><F80/><W32/><G32/><T3/><D3/><U99/><E99/><V52/><F8/><W110/><G110/><T113/><D113/><U57/><E57/><V103/><F58/><W117/><G117/><T35/><D35/><U1/><E1/><V95/><F10/><W97/><G97/><T28/><D28/><U20/><E20/><V75/><F23/><W112/><G112/><T91/><D25/><U98/><E98/><V22/><F24/><W38/><G38/><AGARI ba="0,0" hai="38,40,45,78,79,85,89,92" m="503,51753" machi="38" ten="30,1000,0" yaku="20,1" doraHai="124" who="1" fromWho="3" sc="289,0,211,10,272,0,228,-10" /><INIT seed="5,0,0,1,2,6" ten="289,221,272,218" oya="1" hai0="75,8,73,72,87,110,86,106,39,79,11,125,131" hai1="38,123,80,107,24,119,104,15,28,114,108,120,59" hai2="35,19,97,69,7,25,45,91,64,65,76,133,31" hai3="52,88,92,40,27,57,30,129,17,90,12,109,113"/><U13/><E38/><V71/><F76/><W121/><G109/><T37/><D106/><U85/><E119/><V5/><F133/><W46/><G121/><T70/><D110/><U82/><E114/><V77/><F77/><W84/><G113/><T56/><D70/><U83/><E108/><V33/><F33/><W130/><G90/><T112/><D112/><U74/><E74/><V14/><F45/><W47/><G27/><T20/><D131/><N who="3" m="50185" /><G30/><T66/><D125/><U16/><E107/><V0/><F65/><W78/><G78/><T4/><D4/><U29/><E104/><V42/><F42/><W1/><G1/><T3/><D3/><U53/><E85/><N who="0" m="32265" /><D79/><U116/><E116/><V2/><F7/><W128/><N who="3" m="50193" /><W105/><DORA hai="50" /><G40/><T26/><D66/><U68/><E68/><V99/><F64/><W10/><G105/><T63/><D63/><AGARI ba="0,0" hai="10,12,17,46,47,52,57,63,84,88,92" m="50193" machi="63" ten="40,8000,1" yaku="19,1,52,2,54,2" doraHai="6,50" who="3" fromWho="0" sc="289,-80,221,0,272,0,218,80" /><INIT seed="6,0,0,0,2,53" ten="209,221,272,298" oya="2" hai0="95,129,91,108,86,84,114,6,14,97,4,37,3" hai1="54,96,17,2,62,133,120,40,67,115,10,69,78" hai2="52,63,124,87,79,101,8,51,66,90,38,109,21" hai3="43,29,117,22,113,60,9,68,46,26,75,12,19"/><V112/><F38/><W77/><G117/><T100/><D37/><U36/><E115/><V33/><F33/><W23/><G113/><T7/><D114/><U58/><E120/><V30/><F112/><W39/><G75/><T11/><D108/><U94/><E133/><V119/><F119/><W99/><G77/><T116/><D116/><U59/><E78/><V131/><F131/><W70/><G60/><T103/><D129/><U123/><E123/><V61/><F124/><W76/><G76/><T81/><D3/><U49/><E2/><V132/><F132/><W56/><G56/><T110/><D110/><U104/><E104/><V127/><F127/><W0/><G99/><T74/><D74/><U85/><E85/><V82/><F101/><W34/><G23/><T134/><D134/><U24/><E36/><V48/><F48/><W47/><G47/><T31/><D31/><U126/><E40/><V118/><F118/><W111/><G111/><T121/><D121/><U92/><E126/><V64/><F8/><W45/><G45/><T1/><D1/><U50/><E96/><V57/><F79/><W130/><G130/><T18/><REACH who="0" step="1"/><D86/><REACH who="0" ten="199,221,272,298" step="2"/><U135/><E135/><V25/><F109/><W89/><G0/><T128/><D128/><U55/><E24/><V93/><F82/><W35/><G39/><T88/><AGARI ba="0,1" hai="4,6,7,11,14,18,81,84,88,91,95,97,100,103" machi="88" ten="30,7900,0" yaku="1,1,0,1,8,1,54,1,53,0" doraHai="53" doraHaiUra="107" who="0" fromWho="0" sc="199,89,221,-20,272,-39,298,-20" /><INIT seed="7,0,0,5,5,65" ten="288,201,233,278" oya="3" hai0="92,20,14,133,100,41,90,7,70,22,67,111,33" hai1="84,4,73,25,53,123,127,19,119,109,36,114,110" hai2="98,15,21,134,117,32,58,130,23,113,71,129,66" hai3="30,132,78,1,103,118,74,77,62,125,106,89,54"/><W101/><G118/><T48/><D33/><U13/><E73/><V47/><F32/><W72/><G1/><T40/><D111/><U68/><E36/><V34/><F117/><W55/><G30/><T60/><D133/><U82/><E119/><V86/><F34/><W9/><G9/><T5/><D100/><U18/><E123/><V31/><F47/><W102/><G62/><T59/><D70/><U42/><E42/><N who="0" m="16489" /><D48/><U50/><E68/><V17/><F98/><W88/><G132/><T39/><D39/><U52/><E114/><V99/><F86/><W131/><G106/><T128/><D128/><U115/><E127/><V46/><F113/><W95/><G131/><T10/><D7/><U97/><E115/><V27/><F58/><W37/><G125/><T116/><D116/><U96/><E109/><V24/><F46/><W75/><G37/><T6/><D6/><U93/><E110/><V122/><F134/><W56/><G56/><T64/><D67/><U0/><E0/><V26/><F122/><W81/><G81/><T38/><D38/><U120/><E120/><V85/><F85/><AGARI ba="0,0" hai="5,10,14,20,22,59,60,64,85,90,92" m="16489" machi="85" ten="30,1000,0" yaku="8,1" doraHai="65" who="0" fromWho="2" sc="288,10,201,0,233,-10,278,0" owari="298,40.0,201,-30.0,223,-18.0,278,8.0" /></mjloggm>