<mjloggm ver="2.3"><GO type="41" lobby="0"/><UN n0="%38%30%33%6F%73%61%77%61" n1="%E3%83%9E%E3%83%AB%E3%83%86" n2="%E5%B0%B1%E6%B4%BB%E7%94%9F%40%E5%B7%9D%E6%9D%91%E8%BB%8D%E5%9B%A3" n3="%E7%99%BD%E7%88%BA" dan="15,13,15,14" rate="1841.31,2100.07,1973.25,1954.98" sx="M,M,M,M"/><TAIKYOKU oya="0"/><INIT seed="0,0,0,4,3,30" ten="250,250,250,250" oya="0" hai0="48,85,92,24,19,107,132,133,96,69,113,79,97" hai1="116,8,93,112,114,38,25,77,27,118,57,65,41" hai2="119,82,89,28,67,20,106,13,78,9,66,117,10" hai3="6,135,16,73,121,62,104,108,83,42,47,49,5"/><T127/><D113/><N who="1" m="43627" /><E77/><V35/><F106/><W56/><G104/><T53/><D69/><U84/><E8/><V81/><F89/><W7/><G108/><T1/><D127/><U120/><E84/><V4/><F10/><W86/><G73/><T22/><D1/><U64/><E93/><V31/><F20/><W91/><G135/><N who="0" m="51787" /><D107/><U23/><E25/><N who="2" m="18831" /><F31/><W125/><G125/><T88/><D79/><U134/><E134/><V71/><F82/><W26/><G121/><T75/><D75/><U52/><E120/><V68/><F67/><N who="1" m="25673" /><E23/><V115/><F66/><N who="3" m="39239" /><G26/><T109/><D109/><U58/><E27/><V74/><F115/><W12/><G7/><T123/><D123/><U11/><E11/><AGARI ba="0,0" hai="5,6,11,12,16,42,47,49,83,86,91" m="39239" machi="11" ten="30,2000,0" yaku="8,1,54,1" doraHai="30" who="3" fromWho="1" sc="250,0,250,-20,250,0,250,20" /><INIT seed="1,0,0,1,5,60" ten="250,230,250,270" oya="1" hai0="130,108,131,23,119,58,41,63,15,70,112,84,44" hai1="33,125,6,129,20,34,123,79,116,95,106,97,120" hai2="101,48,126,62,2,98,56,37,132,91,118,28,38" hai3="30,77,7,17,93,105,113,81,35,66,94,80,5"/><U111/><E116/><V29/><F118/><W87/><G105/><T69/><D112/><U90/><E6/><V1/><F132/><W25/><G113/><T22/><D119/><U4/><E4/><V82/><F126/><W78/><G17/><T8/><D108/><U10/><E10/><V128/><F128/><W18/><G18/><T9/><D84/><U49/><E20/><V86/><F48/><W92/><REACH who="3" step="1"/><G66/><REACH who="3" ten="250,230,250,260" step="2"/><N who="0" m="39287" /><D70/><U64/><E106/><V68/><F29/><W135/><G135/><T43/><D69/><U51/><E64/><V47/><F28/><W72/><AGARI ba="0,1" hai="5,7,25,30,35,72,77,78,80,81,87,92,93,94" machi="72" ten="30,2000,0" yaku="1,1,0,1,53,0" doraHai="60" doraHaiUra="103" who="3" fromWho="3" sc="250,-5,230,-10,250,-5,260,30" /><INIT seed="2,0,0,4,5,18" ten="245,220,245,290" oya="2" hai0="22,131,93,6,51,40,119,53,15,50,128,5,134" hai1="46,55,103,78,17,91,21,7,65,49,38,54,116" hai2="126,8,35,28,98,108,81,3,24,20,45,111,113" hai3="90,9,16,125,32,72,114,74,79,56,109,102,37"/><V82/><F113/><W33/><G114/><T25/><D134/><U61/><E116/><V57/><F126/><W58/><G125/><T62/><D119/><U13/><E38/><V135/><F135/><W96/><G37/><T41/><D62/><U4/><E78/><V2/><F45/><W86/><G109/><N who="2" m="42057" /><F98/><W118/><G118/><T43/><D93/><U11/><E103/><V106/><F106/><W99/><G102/><T87/><D87/><U127/><E127/><V68/><F68/><W80/><G79/><T67/><D67/><U132/><E132/><V10/><F35/><W31/><G31/><T52/><D15/><U101/><E101/><V48/><F8/><W104/><G104/><T70/><D70/><U27/><E91/><V95/><F95/><W130/><G90/><T60/><D60/><U107/><E107/><V66/><F66/><W75/><G9/><T112/><D112/><U0/><E0/><N who="2" m="43" /><F10/><W105/><G105/><T19/><D5/><N who="1" m="3311" /><E65/><V29/><F29/><W76/><G33/><T71/><D6/><U47/><E47/><V77/><F77/><W63/><G32/><T42/><N who="0" m="10752" /><DORA hai="12" /><T89/><D71/><U59/><AGARI ba="0,0" hai="4,7,17,21,27,46,49,54,55,59,61" m="3311" machi="59" ten="30,4000,0" yaku="8,1,52,2" doraHai="18,12" who="1" fromWho="1" sc="245,-10,220,40,245,-20,290,-10" /><INIT seed="3,0,0,3,2,115" ten="235,260,225,280" oya="3" hai0="33,75,41,14,99,44,95,5,111,109,126,131,58" hai1="70,134,81,73,59,132,89,129,84,29,116,19,11" hai2="35,18,10,28,88,133,69,47,121,113,122,112,119" hai3="64,120,96,23,130,106,72,105,0,34,55,3,97"/><W25/><G120/><N who="2" m="46185" /><F69/><W93/><G72/><T128/><D75/><U67/><E70/><V125/><F47/><W61/><G130/><N who="0" m="49707" /><D58/><U60/><E129/><V123/><N who="2" m="46193" /><V8/><DORA hai="1" /><F88/><W45/><G34/><T4/><D33/><U22/><E73/><V36/><F36/><W65/><G45/><T24/><D14/><U77/><E89/><V92/><F92/><W21/><G55/><T100/><D24/><U76/><E76/><V78/><F78/><W85/><G25/><T101/><D126/><U63/><E63/><V37/><F37/><W12/><G12/><T54/><D101/><U38/><E38/><V46/><F46/><W7/><G61/><T94/><D95/><U15/><E29/><V31/><F119/><W50/><G50/><N who="0" m="28999" /><D41/><U40/><E40/><V57/><F57/><W26/><G26/><T53/><D53/><U16/><REACH who="1" step="1"/><E116/><REACH who="1" ten="235,250,225,280" step="2"/><V66/><F125/><W62/><G62/><T30/><D30/><U9/><E9/><V20/><F35/><W6/><REACH who="3" step="1"/><G93/><REACH who="3" ten="235,250,225,270" step="2"/><T52/><D94/><U43/><E43/><V117/><F117/><W103/><G103/><T104/><D52/><U17/><E17/><V13/><F66/><W80/><G80/><T124/><D124/><U91/><E91/><V56/><F28/><W39/><G39/><T68/><D68/><U82/><E82/><V51/><F31/><W71/><G71/><T83/><D83/><U74/><E74/><V49/><F112/><W32/><G32/><T90/><D90/><U42/><E42/><V86/><F113/><W110/><G110/><AGARI ba="0,2" hai="4,5,99,100,104,109,110,111" m="28999,49707" machi="110" ten="30,7700,0" yaku="14,1,19,1,52,2" doraHai="115,1" who="0" fromWho="3" sc="235,97,250,0,225,0,270,-77" /><INIT seed="4,0,0,5,4,64" ten="332,250,225,193" oya="0" hai0="17,127,81,42,98,50,119,73,6,8,3,65,37" hai1="19,48,57,35,130,30,104,46,90,87,72,67,100" hai2="12,120,96,2,7,80,27,11,33,97,132,77,88" hai3="26,89,105,92,124,60,111,125,58,79,20,36,101"/><T41/><D119/><U43/><E130/><V94/><F120/><W44/><G111/><T126/><D98/><U63/><E72/><V53/><F132/><W14/><G79/><T103/><D103/><U106/><E100/><V68/><F68/><W108/><G108/><T117/><D117/><U0/><E0/><V69/><F69/><W15/><G101/><T116/><D65/><U114/><E114/><V39/><F39/><W121/><G105/><T29/><D17/><U38/><E19/><V91/><F53/><W86/><G121/><T131/><D42/><U115/><E115/><V83/><F2/><W112/><G112/><T113/><D50/><U118/><E118/><V71/><F71/><W70/><G70/><T74/><D131/><U52/><E30/><V16/><F77/><W56/><G56/><T107/><D107/><U9/><E9/><V122/><F122/><W23/><G44/><N who="0" m="23599" /><D73/><U102/><E35/><V55/><F55/><N who="3" m="33887" /><G36/><T32/><D116/><U25/><E25/><V85/><F33/><W51/><G51/><T40/><D113/><U99/><E104/><V78/><F78/><W47/><G47/><T31/><D40/><U134/><E134/><V22/><F96/><W49/><G49/><T62/><D62/><U75/><E75/><V129/><F129/><W1/><G1/><T84/><D74/><U61/><REACH who="1" step="1"/><E67/><REACH who="1" ten="332,240,225,193" step="2"/><V54/><F54/><W21/><G26/><N who="0" m="18487" /><D31/><U135/><E135/><V45/><F45/><W93/><G14/><T10/><D3/><U109/><E109/><V82/><AGARI ba="0,1" hai="7,11,12,16,22,27,80,82,83,85,88,91,94,97" machi="82" ten="20,8000,1" yaku="0,1,7,1,8,1,54,2" doraHai="64" who="2" fromWho="2" sc="332,-40,240,-20,225,90,193,-20" /><INIT seed="5,0,0,5,0,51" ten="292,220,315,173" oya="1" hai0="70,32,85,67,26,79,54,92,89,99,115,74,88" hai1="73,128,82,68,1,111,132,56,117,6,25,31,72" hai2="36,52,20,77,66,126,130,95,37,102,55,29,24" hai3="123,96,57,120,122,84,33,28,0,100,38,114,13"/><U133/><E68/><V112/><F126/><W113/><G38/><T116/><D116/><U60/><E117/><V30/><F130/><W76/><G0/><T59/><D115/><N who="3" m="44041" /><G13/><T125/><D125/><U58/><E128/><V11/><F112/><W129/><G129/><T16/><D70/><U69/><E111/><V97/><F37/><W8/><G8/><T101/><D67/><U94/><E94/><V134/><F36/><W83/><G57/><T10/><D74/><U93/><E93/><V106/><F106/><N who="3" m="63751" /><G28/><N who="2" m="10857" /><F134/><N who="1" m="51817" /><E69/><V17/><F77/><W124/><G33/><T21/><D32/><N who="1" m="20591" /><E82/><V27/><F11/><W3/><G3/><T78/><D10/><N who="1" m="2383" /><E56/><V118/><F118/><W131/><G131/><T15/><D79/><U110/><E110/><V87/><F27/><W41/><G41/><T61/><D26/><U43/><E43/><V135/><F135/><W2/><G2/><T19/><D78/><U80/><E80/><V65/><F87/><W35/><G35/><T46/><D85/><U81/><E81/><V86/><F86/><W23/><G124/><T53/><D46/><U91/><E91/><V34/><F34/><W14/><G123/><T121/><D121/><U64/><AGARI ba="0,0" hai="58,60,64,72,73" m="2383,20591,51817" machi="64" ten="30,1500,0" yaku="20,1" doraHai="51" who="1" fromWho="1" sc="292,-5,220,15,315,-5,173,-5" /><INIT seed="5,1,0,3,0,108" ten="287,235,310,168" oya="1" hai0="53,109,36,126,130,120,85,96,61,38,46,66,30" hai1="64,128,93,17,117,40,29,100,3,121,68,63,83" hai2="94,0,122,26,13,73,71,80,8,16,119,70,55" hai3="133,125,51,132,25,5,21,123,27,106,81,114,33"/><U99/><E117/><V113/><F122/><W77/><G106/><T57/><D109/><U18/><E121/><V78/><F119/><W48/><G123/><T43/><D120/><U32/><E3/><V74/><F74/><W118/><G118/><T82/><D126/><U91/><E128/><V4/><F113/><W1/><G125/><T39/><D130/><U23/><E40/><V131/><F131/><W90/><G90/><T22/><D53/><U127/><E127/><V31/><F55/><W49/><G33/><T2/><D2/><U10/><E10/><V102/><F102/><W134/><G27/><T9/><D9/><U37/><E37/><V98/><F98/><W111/><G111/><T76/><D96/><U110/><E110/><V86/><F94/><W135/><N who="3" m="34304" /><DORA hai="72" /><W69/><G69/><T60/><D61/><U129/><E129/><V124/><F73/><N who="3" m="43183" /><G5/><T116/><REACH who="0" step="1"/><D116/><REACH who="0" ten="277,235,310,168" step="2"/><U58/><E99/><V11/><REACH who="2" step="1"/><F124/><REACH who="2" ten="277,235,300,168" step="2"/><W41/><G1/><T104/><D104/><U97/><E97/><V112/><F112/><W65/><G114/><T103/><D103/><U44/><E100/><V35/><AGARI ba="1,2" hai="0,4,8,11,13,16,26,31,35,70,71,78,80,86" machi="35" ten="20,8000,1" yaku="1,1,0,1,7,1,52,1,54,1,53,0" doraHai="108,72" doraHaiUra="59,52" who="2" fromWho="2" sc="277,-21,235,-41,300,103,168,-21" /><INIT seed="6,0,0,5,1,44" ten="256,194,403,147" oya="2" hai0="96,68,134,55,79,24,78,16,113,84,30,71,114" hai1="128,48,33,97,36,66,99,49,40,57,75,83,21" hai2="65,94,69,91,8,59,73,10,111,20,1,22,130" hai3="25,9,116,74,54,5,135,34,126,19,51,23,53"/><V115/><F73/><W46/><G116/><T80/><D134/><U3/><E33/><V27/><F69/><W92/><G135/><T104/><D55/><U4/><E128/><V38/><F38/><W35/><G126/><T95/><D30/><U29/><E66/><V31/><F111/><W132/><G132/><T52/><D52/><N who="1" m="31879" /><E49/><V82/><F115/><N who="0" m="44042" /><D104/><U122/><E21/><V109/><F109/><W64/><G64/><T15/><D24/><U127/><E29/><V118/><F118/><W103/><G74/><T0/><D78/><N who="1" m="44511" /><E122/><V62/><F130/><W105/><G105/><T117/><D117/><U76/><E76/><V102/><F20/><W85/><G54/><T18/><D0/><U77/><E77/><V12/><F1/><W131/><G131/><T13/><D18/><U26/><E26/><V41/><F41/><W43/><G43/><T112/><N who="0" m="44050" /><T86/><DORA hai="129" /><D86/><U89/><E89/><V17/><F8/><W32/><G32/><T110/><D110/><U28/><E28/><V124/><F124/><W81/><G81/><T47/><D47/><N who="1" m="23943" /><E127/><V37/><F37/><W108/><G108/><T101/><D13/><U121/><E121/><V67/><F82/><W87/><G85/><T72/><D72/><U133/><E133/><V2/><F67/><W119/><G119/><T6/><D16/><U60/><E60/><V90/><F62/><W39/><G39/><T106/><D106/><U61/><E61/><V58/><F65/><W50/><G50/><T88/><D79/><U98/><E98/><V93/><F17/><W123/><G123/><RYUUKYOKU ba="0,0" sc="256,15,194,15,403,-15,147,-15" hai0="6,15,68,71,80,84,88,95,96,101" hai1="3,4,97,99" /><INIT seed="7,1,0,5,0,47" ten="271,209,388,132" oya="3" hai0="120,86,24,115,76,63,58,107,25,109,28,132,52" hai1="92,9,124,26,0,66,126,32,44,127,79,5,3" hai2="50,74,59,38,89,60,70,57,41,128,68,106,1" hai3="93,29,21,77,62,123,36,90,100,125,30,31,112"/><W85/><G123/><T81/><D109/><U11/><E66/><V91/><F74/><W6/><G36/><T121/><D132/><U78/><E92/><V55/><F1/><W34/><G125/><T15/><D24/><U88/><E88/><V75/><F75/><W130/><BYE who="2" /><G130/><T80/><D107/><U113/><E113/><V35/><F35/><W33/><G112/><UN n2="%E5%B0%B1%E6%B4%BB%E7%94%9F%40%E5%B7%9D%E6%9D%91%E8%BB%8D%E5%9B%A3" /><T61/><D115/><U20/><E44/><N who="2" m="23607" /><F106/><W7/><G21/><T56/><D15/><U108/><E108/><V101/><F101/><W71/><G77/><T114/><D81/><U65/><E65/><N who="2" m="40999" /><F70/><W8/><G100/><T98/><D114/><U105/><E105/><V17/><F59/><W42/><G42/><T39/><D98/><U134/><E134/><V97/><F97/><W83/><G83/><T46/><D39/><U135/><E135/><V96/><F96/><W18/><G18/><T94/><D94/><U16/><E32/><V13/><F128/><W2/><REACH who="3" step="1"/><G7/><AGARI ba="1,0" hai="0,3,5,7,9,11,16,20,26,78,79,124,126,127" machi="7" ten="40,5200,0" yaku="9,1,18,1,54,1" doraHai="47" who="1" fromWho="3" sc="271,0,209,55,388,0,132,-55" owari="271,7.0,264,-14.0,388,49.0,77,-42.0" /></mjloggm>