<mjloggm ver="2.3"><GO type="41" lobby="0"/><UN n0="%E3%82%89%E3%81%8F%E3%82%8A%E3%81%BE" n1="%68%72%6B" n2="%E3%83%8B%E3%83%A7%E3%83%83%E3%82%AD%EF%BC%91%EF%BC%91%EF%BC%90%EF%BC%91" n3="%E5%B0%B1%E6%B4%BB%E7%94%9F%40%E5%B7%9D%E6%9D%91%E8%BB%8D%E5%9B%A3" dan="14,14,15,14" rate="1829.25,1950.35,1979.70,1970.83" sx="M,M,M,M"/><TAIKYOKU oya="0"/><INIT seed="0,0,0,0,4,93" ten="250,250,250,250" oya="0" hai0="51,112,50,70,19,97,12,126,66,81,28,56,49" hai1="91,20,84,80,63,24,85,55,48,123,45,117,54" hai2="67,86,46,43,83,57,36,52,77,41,22,129,16" hai3="9,75,8,21,11,25,99,107,5,95,79,94,6"/><T125/><D70/><U135/><E123/><V127/><F127/><N who="0" m="48650" /><D112/><U98/><E117/><V37/><F129/><W113/><G113/><T102/><D28/><U72/><E72/><V82/><F67/><W76/><G107/><N who="0" m="63951" /><D81/><U114/><E135/><V92/><F82/><W115/><G115/><T110/><D110/><U53/><E114/><V17/><F17/><N who="3" m="12463" /><G95/><T39/><D39/><U1/><E1/><V26/><F92/><W15/><G75/><T10/><D66/><U100/><E63/><V133/><F133/><W131/><G131/><T101/><D101/><U59/><E80/><V44/><F57/><AGARI ba="0,0" hai="10,12,19,49,50,51,56,57" m="63951,48650" machi="57" ten="30,2900,0" yaku="18,1,52,1" doraHai="93" who="0" fromWho="2" sc="250,29,250,0,250,-29,250,0" /><INIT seed="0,1,0,4,4,72" ten="279,250,221,250" oya="0" hai0="106,107,111,47,135,67,36,46,84,50,52,24,123" hai1="51,99,74,121,66,130,87,56,126,133,15,89,119" hai2="18,113,68,125,75,3,77,7,127,20,129,39,30" hai3="94,60,35,93,4,33,71,1,82,81,69,117,112"/><T48/><D123/><U104/><E74/><V55/><F68/><W2/><G117/><T73/><D36/><U120/><E121/><V45/><F113/><W102/><G102/><T58/><D73/><U64/><E120/><V22/><F129/><W25/><G25/><T96/><D135/><U13/><E119/><V43/><F55/><W65/><G112/><T27/><D111/><U49/><E133/><V0/><F30/><W76/><G60/><T88/><D96/><U32/><E32/><V85/><F85/><W115/><G115/><T59/><D107/><U54/><E126/><V37/><F37/><W90/><G4/><T29/><D106/><U5/><E130/><V9/><F3/><W100/><G100/><T6/><D6/><U95/><E104/><V116/><F116/><W17/><G17/><T122/><D122/><U53/><E99/><V98/><F98/><W62/><G62/><N who="0" m="38359" /><D29/><U16/><E5/><V78/><F22/><W79/><REACH who="3" step="1"/><G90/><REACH who="3" ten="279,250,221,240" step="2"/><T105/><D105/><U23/><REACH who="1" step="1"/><E13/><REACH who="1" ten="279,240,221,240" step="2"/><V10/><F125/><W97/><G97/><T124/><D124/><U31/><E31/><V110/><F127/><W91/><G91/><T8/><D27/><U128/><E128/><V34/><F34/><W11/><G11/><T101/><D24/><U28/><E28/><V132/><F10/><W92/><G92/><N who="0" m="54279" /><D8/><U109/><E109/><V134/><F110/><W12/><G12/><T57/><D101/><U86/><E86/><V21/><F75/><W80/><G80/><T61/><D61/><U26/><E26/><N who="2" m="14615" /><F21/><W19/><G19/><T103/><D103/><RYUUKYOKU ba="1,2" sc="279,0,240,0,221,0,240,0" hai0="46,47,48,50,52,57,59" hai1="15,16,23,49,51,53,54,56,64,66,87,89,95" hai2="0,7,9,39,43,45,77,78,132,134" hai3="1,2,33,35,65,69,71,76,79,81,82,93,94" /><INIT seed="0,2,2,0,2,59" ten="279,240,221,240" oya="0" hai0="65,40,24,99,7,121,67,38,125,91,109,135,37" hai1="42,88,62,85,90,25,45,76,96,6,123,130,13" hai2="133,30,50,70,117,113,20,2,33,35,134,120,126" hai3="107,80,69,72,54,47,53,5,114,61,60,93,14"/><T17/><D121/><U75/><E123/><V132/><F70/><W23/><G107/><T78/><D7/><U106/><E130/><V86/><F86/><W12/><G69/><T124/><D78/><U22/><E62/><N who="3" m="24170" /><G114/><T87/><D135/><U68/><E68/><V74/><F120/><W119/><G119/><T4/><D4/><U129/><E129/><V57/><F74/><W118/><G118/><T128/><D128/><U131/><E131/><V49/><F117/><W102/><G72/><T105/><D105/><U15/><E75/><V48/><F2/><W115/><G115/><T41/><D99/><U63/><E63/><V116/><F116/><W21/><G80/><T19/><D24/><U16/><E76/><V95/><F113/><W9/><G47/><T39/><D109/><U84/><E96/><V64/><F64/><N who="0" m="24650" /><D91/><U66/><E106/><V92/><F57/><W108/><G108/><T82/><D82/><U104/><E90/><V100/><F100/><W110/><G110/><T52/><D87/><U56/><E84/><V10/><F10/><N who="3" m="4175" /><G93/><T71/><D71/><U101/><E104/><V34/><F126/><N who="0" m="48746" /><D52/><N who="3" m="20073" /><G102/><T18/><AGARI ba="2,2" hai="17,18,19,37,38,39,40,41" m="48746,24650" machi="18" ten="40,7800,0" yaku="28,2,18,1" doraHai="59" who="0" fromWho="0" sc="279,104,240,-28,221,-28,240,-28" /><INIT seed="0,3,0,1,5,52" ten="383,212,193,212" oya="0" hai0="135,28,108,110,22,100,88,65,20,118,31,129,94" hai1="119,114,60,117,68,34,126,96,32,105,125,80,81" hai2="130,120,63,62,127,23,133,16,70,21,72,98,41" hai3="69,113,78,55,47,102,42,26,121,112,35,11,48"/><T38/><D118/><N who="1" m="45067" /><E114/><V50/><F72/><W4/><G121/><T85/><D38/><U99/><E68/><V7/><F120/><W134/><G134/><T9/><D135/><U75/><E60/><V24/><F133/><W92/><G69/><T46/><D100/><N who="1" m="62599" /><E32/><V0/><F0/><W54/><G78/><T33/><D33/><U132/><E34/><V90/><F7/><W8/><G8/><T74/><D74/><U64/><E64/><V82/><F130/><W51/><G26/><T3/><D65/><U19/><E19/><V122/><F70/><W5/><G35/><T86/><D46/><U39/><E39/><V61/><F122/><W109/><G109/><N who="0" m="42091" /><D3/><U107/><E75/><V76/><F23/><N who="0" m="8746" /><D129/><U87/><E132/><V73/><F41/><W106/><G106/><T101/><D9/><U97/><E80/><V131/><F131/><W67/><G67/><T104/><D86/><U27/><E27/><V29/><F73/><W103/><G11/><T59/><D59/><U18/><E18/><V123/><F16/><W6/><G42/><T95/><D104/><U58/><E58/><V2/><F2/><W30/><G112/><T91/><D101/><U116/><E107/><V17/><F123/><W45/><G113/><T93/><D85/><U71/><E71/><V49/><F17/><W83/><G83/><T25/><D25/><U56/><N who="1" m="45075" /><U66/><DORA hai="13" /><E56/><V89/><F82/><W77/><G77/><T44/><D44/><U53/><E66/><V15/><F76/><W40/><G47/><T115/><D115/><U79/><E53/><RYUUKYOKU ba="3,0" sc="383,15,212,15,193,-15,212,-15" hai0="28,31,88,91,93,94,95" hai1="79,81,87,97,99,125,126" /><INIT seed="0,4,0,4,1,115" ten="398,227,178,197" oya="0" hai0="122,23,56,79,47,40,2,102,127,25,97,30,131" hai1="8,88,83,28,114,110,132,42,19,95,128,46,130" hai2="80,105,65,76,96,63,0,109,77,53,60,15,66" hai3="38,73,129,123,108,36,98,71,12,61,35,10,39"/><T135/><D122/><U31/><E114/><V7/><F0/><W32/><G123/><T70/><D2/><U120/><E120/><V124/><F124/><W90/><G73/><T17/><D70/><U126/><E83/><V116/><F109/><W48/><G108/><T78/><D127/><U3/><E110/><V49/><F105/><W104/><G129/><N who="1" m="49770" /><E132/><V1/><F1/><W99/><G48/><T5/><D131/><U91/><E126/><V133/><F96/><W93/><G71/><T58/><D135/><U112/><E91/><V134/><F80/><W125/><G125/><T74/><D5/><N who="1" m="1087" /><E19/><V67/><F7/><W121/><G121/><T26/><D74/><U94/><E94/><V69/><F15/><W9/><G61/><T52/><D97/><N who="1" m="57575" /><E112/><V37/><F67/><W72/><G72/><T14/><D102/><U119/><E119/><V50/><F69/><W55/><G104/><T68/><D68/><U33/><E33/><V117/><F53/><W6/><G99/><T75/><D75/><U59/><E59/><N who="0" m="22569" /><D30/><U82/><E82/><V24/><F24/><N who="0" m="9322" /><D40/><U101/><E101/><V22/><F22/><W92/><G92/><T86/><D86/><U118/><E118/><V41/><F41/><W27/><G27/><T64/><D64/><U89/><E89/><V51/><REACH who="2" step="1"/><F50/><AGARI ba="4,0" hai="14,17,23,47,50,52,78,79" m="9322,22569" machi="50" ten="30,2900,0" yaku="8,1,54,1" doraHai="115" who="0" fromWho="2" sc="398,41,227,0,178,-41,197,0" /><AGARI ba="4,0" hai="28,31,42,46,50" m="57575,1087,49770" machi="50" ten="30,2000,0" yaku="19,1,54,1" doraHai="115" who="1" fromWho="2" sc="439,0,227,20,137,-20,197,0" /><INIT seed="0,5,0,5,2,5" ten="439,247,117,197" oya="0" hai0="120,86,73,83,104,123,96,44,124,94,132,31,64" hai1="6,119,58,49,89,93,121,38,106,63,40,103,53" hai2="65,35,3,56,15,55,20,43,66,61,116,102,105" hai3="8,13,29,39,28,68,12,82,18,26,98,129,9"/><T22/><D64/><U67/><E119/><V57/><F3/><W90/><G68/><T52/><D73/><U126/><E121/><V130/><F35/><W69/><G69/><T74/><D74/><U24/><E126/><V109/><F105/><W113/><G39/><T60/><D104/><U97/><E24/><V17/><F102/><W46/><G113/><T23/><D124/><U30/><E30/><V41/><F116/><W48/><G129/><T34/><D34/><U122/><E122/><V95/><F130/><W85/><G98/><T125/><D125/><U47/><E6/><V107/><F107/><W80/><G80/><T87/><D132/><U62/><REACH who="1" step="1"/><E67/><REACH who="1" ten="439,237,117,197" step="2"/><V72/><F66/><W33/><G33/><T37/><D123/><U112/><E112/><V45/><F109/><W77/><G26/><N who="0" m="16855" /><D120/><U117/><E117/><V75/><F95/><W27/><G27/><T81/><D37/><U111/><E111/><V118/><F118/><W21/><G29/><T36/><D36/><U25/><E25/><V127/><F127/><W32/><G32/><T0/><D83/><U71/><E71/><V110/><F110/><W11/><G28/><T50/><D81/><U10/><E10/><V131/><F131/><W100/><G13/><T7/><D7/><U92/><E92/><V114/><F114/><W42/><G100/><N who="0" m="60439" /><D0/><U54/><E54/><V101/><F101/><W88/><AGARI ba="5,1" hai="8,9,11,12,18,21,42,46,48,77,82,85,88,90" machi="88" ten="30,12000,2" yaku="0,1,8,1,52,3,54,1" doraHai="5" who="3" fromWho="3" sc="439,-65,237,-35,117,-35,197,145" /><INIT seed="1,0,0,5,2,25" ten="374,202,82,342" oya="1" hai0="28,15,123,132,111,130,126,0,16,75,47,63,72" hai1="53,45,94,9,39,55,18,117,2,97,34,81,90" hai2="96,135,73,21,86,76,79,13,107,50,102,125,24" hai3="77,26,87,119,23,38,12,6,57,129,32,44,67"/><U48/><E117/><V40/><F125/><W112/><G119/><T116/><D0/><U134/><E39/><V115/><F115/><W3/><G112/><T31/><D116/><U43/><E134/><V84/><F135/><W8/><G129/><T30/><D132/><U109/><E109/><V85/><F13/><W122/><G122/><T58/><D123/><U64/><E64/><V70/><F70/><W124/><G124/><T11/><D126/><U35/><E81/><V19/><REACH who="2" step="1"/><F73/><REACH who="2" ten="374,202,72,342" step="2"/><W10/><G3/><T118/><D118/><U127/><E127/><V69/><F69/><W108/><G108/><T89/><D130/><U33/><E2/><V93/><F93/><W105/><G105/><T98/><D111/><U103/><E9/><V36/><F36/><W49/><G10/><T104/><D104/><U131/><E131/><V27/><F27/><W65/><G38/><T121/><D121/><U22/><REACH who="1" step="1"/><E103/><REACH who="1" ten="374,192,72,342" step="2"/><V92/><F92/><W78/><G8/><T14/><D75/><U95/><E95/><V74/><F74/><W59/><G6/><N who="0" m="3447" /><D72/><U91/><E91/><V4/><F4/><W29/><G77/><T99/><D89/><U5/><E5/><V46/><AGARI ba="0,2" hai="19,21,24,40,46,50,76,79,84,85,86,96,102,107" machi="46" ten="30,2000,0" yaku="1,1,0,1,53,0" doraHai="25" doraHaiUra="71" who="2" fromWho="2" sc="374,-5,192,-10,72,40,342,-5" /><INIT seed="2,0,0,5,5,43" ten="369,182,112,337" oya="2" hai0="42,2,95,120,102,125,101,92,119,57,59,12,93" hai1="80,109,36,28,6,94,127,68,15,74,8,79,10" hai2="61,108,103,89,41,22,60,23,67,13,76,133,111" hai3="31,39,100,131,24,54,53,90,0,124,50,126,64"/><V11/><F133/><W29/><G39/><T40/><D2/><U72/><E109/><N who="2" m="42059" /><F103/><N who="0" m="39434" /><D120/><U5/><E127/><N who="3" m="48682" /><G0/><T73/><D125/><U71/><E72/><V78/><F89/><W91/><G131/><T106/><D73/><U32/><E36/><V18/><F60/><W1/><G1/><T49/><D106/><U45/><E94/><V65/><F65/><W96/><G64/><T7/><D119/><U132/><E132/><V69/><F41/><N who="0" m="15978" /><D49/><U99/><E71/><V114/><F114/><W129/><G129/><T135/><D135/><U128/><E68/><V56/><F69/><W97/><G54/><T83/><D83/><U88/><E128/><V26/><F23/><N who="3" m="15519" /><G31/><AGARI ba="0,0" hai="11,13,18,22,26,31,56,61,67,76,78" m="42059" machi="31" ten="30,2900,0" yaku="14,1,10,1" doraHai="43" who="2" fromWho="3" sc="369,0,182,0,112,29,337,-29" /><INIT seed="2,1,0,4,5,61" ten="369,182,141,308" oya="2" hai0="108,30,17,46,21,83,62,130,0,81,101,55,112" hai1="78,102,13,116,59,103,87,127,33,2,40,36,72" hai2="91,82,95,54,89,100,120,96,68,5,43,28,97" hai3="119,52,45,22,67,1,6,8,37,51,80,19,14"/><V31/><F120/><W16/><G119/><T125/><D0/><U86/><E2/><V105/><F43/><W131/><G131/><T65/><D112/><U44/><E33/><V20/><F5/><W27/><G37/><T42/><D130/><U75/><E116/><V9/><F9/><W64/><G80/><T66/><D30/><U38/><E127/><V76/><F91/><W4/><G4/><T133/><D125/><U32/><E32/><V94/><F105/><W7/><G7/><T117/><D117/><U41/><E59/><V114/><F114/><W56/><G45/><T90/><D133/><U53/><E13/><V118/><F118/><W58/><G58/><N who="0" m="35167" /><D108/><U122/><E53/><V77/><F76/><W134/><G134/><T26/><D101/><U60/><E60/><V10/><F10/><AGARI ba="1,0" hai="1,6,8,10,14,16,19,22,27,51,52,56,64,67" machi="10" ten="30,8000,1" yaku="7,1,52,2,54,2" doraHai="61" who="3" fromWho="2" sc="369,0,182,0,141,-83,308,83" /><INIT seed="3,0,0,4,1,113" ten="369,182,58,391" oya="3" hai0="109,59,64,131,99,19,5,46,107,24,3,72,11" hai1="36,34,62,25,92,108,103,128,105,13,37,124,66" hai2="93,1,56,80,33,12,135,53,117,122,18,98,71" hai3="9,63,120,123,125,91,76,58,55,83,8,40,67"/><W134/><G125/><T14/><D72/><U26/><E105/><V69/><F1/><W42/><G134/><T85/><D131/><U70/><E128/><V100/><F122/><W23/><G123/><T106/><D109/><U90/><E108/><V52/><F33/><W22/><G120/><T133/><D133/><U48/><E103/><V51/><F135/><W29/><G91/><T27/><D46/><U10/><E124/><V32/><F32/><W102/><G102/><T82/><D99/><U87/><E48/><V119/><F80/><W17/><G29/><T57/><D107/><U84/><E87/><V15/><F15/><W111/><G111/><T54/><D106/><U6/><REACH who="1" step="1"/><E34/><REACH who="1" ten="369,172,58,391" step="2"/><V114/><F114/><W31/><G42/><T110/><D110/><U28/><E28/><V94/><F93/><W126/><G40/><T97/><D97/><U81/><E81/><V104/><F104/><W4/><G31/><T35/><D35/><U79/><E79/><V0/><F0/><W61/><G83/><T78/><D3/><U75/><E75/><V30/><F30/><W77/><G76/><T95/><D95/><U121/><E121/><V86/><F86/><W44/><G77/><T47/><D47/><U127/><E127/><V21/><REACH who="2" step="1"/><F53/><REACH who="2" ten="369,172,48,391" step="2"/><N who="3" m="33999" /><G126/><T45/><D54/><U116/><E116/><AGARI ba="0,2" hai="12,18,21,51,52,56,69,71,94,98,100,116,117,119" machi="116" ten="40,12000,2" yaku="1,1,52,3,54,1,53,1" doraHai="113" doraHaiUra="88" who="2" fromWho="1" sc="369,0,172,-120,48,140,391,0" /><INIT seed="4,0,0,5,3,86" ten="369,52,188,391" oya="0" hai0="25,42,50,105,120,93,119,104,100,103,63,11,0" hai1="14,77,75,90,132,26,27,32,6,129,3,19,118" hai2="30,97,117,35,98,24,89,82,37,122,111,92,54" hai3="127,60,33,134,64,91,81,123,67,34,59,28,116"/><T45/><D120/><U109/><E118/><V131/><F122/><W73/><G116/><T128/><D119/><U58/><E109/><V76/><F117/><W22/><G123/><T15/><D0/><U135/><E27/><V99/><F37/><W39/><G39/><T101/><D128/><U125/><E77/><V62/><F111/><W52/><G134/><N who="1" m="51242" /><E75/><V10/><F131/><W8/><G127/><T29/><D63/><U102/><E129/><V74/><F10/><W130/><G130/><T126/><D126/><U16/><E102/><V108/><F108/><W69/><G8/><T20/><REACH who="0" step="1"/><D93/><REACH who="0" ten="359,52,188,391" step="2"/><U114/><E3/><V1/><F1/><W56/><G69/><T61/><D61/><U83/><E125/><V9/><F62/><W110/><G67/><T51/><D51/><U133/><E133/><V55/><REACH who="2" step="1"/><F9/><REACH who="2" ten="359,52,178,391" step="2"/><W112/><G60/><T43/><D43/><U12/><E6/><AGARI ba="0,2" hai="6,11,15,20,25,29,42,45,50,100,101,103,104,105" machi="6" ten="40,3900,0" yaku="1,1,53,1" doraHai="86" doraHaiUra="18" who="0" fromWho="1" sc="359,59,52,-39,178,0,391,0" /><INIT seed="4,1,0,3,0,33" ten="418,13,178,391" oya="0" hai0="34,74,131,24,62,40,68,36,41,107,4,102,84" hai1="87,61,57,129,12,123,118,1,44,53,82,30,85" hai2="77,75,120,7,45,115,26,60,23,97,94,72,0" hai3="83,32,17,73,134,8,114,38,49,2,15,52,79"/><T135/><D74/><U116/><E118/><V121/><F115/><W10/><G114/><T103/><D36/><U86/><E116/><V46/><F60/><W11/><G134/><T100/><D135/><U105/><E123/><V20/><F77/><W113/><G113/><T126/><D131/><U42/><E105/><V13/><F13/><W98/><G38/><T28/><D126/><U111/><E111/><V63/><F63/><W50/><G32/><T108/><D108/><U19/><E30/><V29/><F94/><W3/><G50/><T43/><D84/><U22/><E129/><V133/><F97/><W67/><G67/><N who="0" m="41079" /><D4/><U5/><E5/><V91/><F133/><W21/><REACH who="3" step="1"/><G98/><AGARI ba="1,0" hai="24,28,34,40,41,43,98,100,102,103,107" m="41079" machi="98" ten="30,1500,0" yaku="25,1" doraHai="33" who="0" fromWho="3" sc="418,18,13,0,178,0,391,-18" /><INIT seed="4,2,0,2,4,71" ten="436,13,178,373" oya="0" hai0="75,53,97,41,121,0,108,117,17,98,34,6,21" hai1="3,126,116,132,7,29,35,101,67,120,100,127,52" hai2="11,19,27,77,133,60,95,119,106,47,44,28,30" hai3="46,61,122,76,92,20,81,62,86,10,51,22,50"/><T56/><D121/><U45/><E120/><V65/><F106/><W123/><G10/><T39/><D117/><U48/><E116/><V88/><F119/><W109/><G109/><T12/><D34/><U70/><E132/><V9/><F77/><W1/><G1/><T49/><D108/><U128/><E128/><V105/><F105/><W16/><G22/><T79/><D0/><U38/><E38/><V90/><F133/><W66/><G92/><T32/><D32/><U13/><E3/><V74/><F74/><W124/><G124/><N who="1" m="47658" /><E70/><V87/><F90/><W63/><G122/><T93/><D6/><U68/><E68/><V26/><F19/><W25/><G123/><T82/><REACH who="0" step="1"/><D93/><REACH who="0" ten="426,13,178,373" step="2"/><U134/><E134/><V36/><F95/><W18/><G66/><T33/><D33/><U115/><E67/><V112/><F65/><W85/><G46/><AGARI ba="2,1" hai="12,17,21,39,41,46,49,53,56,75,79,82,97,98" machi="46" ten="40,7700,0" yaku="1,1,52,1,53,1" doraHai="71" doraHaiUra="40" who="0" fromWho="3" sc="426,93,13,0,178,0,373,-83" /><INIT seed="4,3,0,5,3,78" ten="519,13,178,290" oya="0" hai0="3,132,105,74,90,133,107,21,55,103,45,49,56" hai1="72,65,80,13,83,70,25,111,4,101,12,120,128" hai2="14,76,30,89,58,99,131,125,50,135,31,51,108" hai3="18,5,41,29,87,129,42,100,109,110,7,26,53"/><T69/><D69/><U60/><E72/><V40/><F108/><W118/><G118/><T24/><D3/><U97/><E111/><V36/><F36/><W46/><G129/><T106/><D74/><U123/><E128/><V43/><F131/><W54/><G100/><T134/><D90/><U115/><E25/><V11/><F135/><W81/><G18/><T130/><D130/><U52/><E115/><V20/><F76/><W27/><G46/><T113/><D113/><U98/><E123/><V122/><F122/><W33/><G87/><T127/><D127/><U9/><E120/><V104/><F104/><W93/><G93/><T66/><D66/><U64/><E13/><V6/><F125/><W2/><G2/><T88/><D88/><U0/><E0/><V62/><F51/><W77/><G77/><T92/><D92/><N who="1" m="58535" /><E98/><V112/><F112/><W22/><G22/><T79/><D79/><U38/><E38/><V28/><F20/><W23/><G23/><T85/><D85/><U124/><E124/><V10/><F10/><W1/><G1/><T37/><D37/><U94/><E94/><N who="2" m="56783" /><F50/><W119/><G119/><T86/><D86/><U71/><E70/><V19/><F6/><W84/><G33/><T15/><D15/><U17/><E71/><V73/><F73/><W95/><G95/><T102/><D45/><U68/><E68/><V82/><F82/><N who="1" m="31273" /><E4/><V61/><F61/><W39/><G39/><T121/><D121/><U67/><E60/><V91/><F91/><W44/><G110/><T47/><D47/><U116/><E116/><V35/><F35/><RYUUKYOKU ba="3,0" sc="519,10,13,10,178,10,290,-30" hai0="21,24,49,55,56,102,103,105,106,107,132,133,134" hai1="9,12,17,52,64,65,67" hai2="11,14,19,28,30,31,40,43,58,62" /><INIT seed="4,4,0,0,1,120" ten="529,23,188,260" oya="0" hai0="66,53,135,8,131,85,89,81,116,71,119,36,100" hai1="117,61,52,101,49,87,23,6,128,1,62,76,21" hai2="19,75,47,97,56,11,16,93,29,42,34,132,106" hai3="83,9,78,22,96,50,103,27,86,63,15,102,31"/><T111/><D36/><U0/><E117/><V73/><F106/><W32/><G32/><T18/><D71/><U118/><E118/><V44/><F132/><W60/><G50/><T123/><D66/><U124/><E124/><V41/><F34/><W109/><G109/><T79/><D123/><U107/><E128/><V94/><F29/><W80/><G80/><T114/><D114/><U57/><E107/><V43/><F56/><W68/><G68/><T77/><D111/><U24/><E101/><N who="3" m="38410" /><G96/><T2/><D131/><U26/><E1/><V48/><F11/><W82/><G82/><T25/><D135/><U39/><E6/><AGARI ba="4,0" hai="6,9,15,22,27,31,60,63,78,83,86" m="38410" machi="6" ten="30,1000,0" yaku="8,1" doraHai="120" who="3" fromWho="1" sc="529,0,23,-22,188,0,260,22" /><INIT seed="5,0,0,3,3,76" ten="529,1,188,282" oya="1" hai0="34,133,38,8,63,40,32,2,58,131,19,14,108" hai1="21,96,109,104,17,129,54,94,5,42,15,122,61" hai2="67,81,88,110,45,89,7,113,107,49,71,78,22" hai3="59,126,82,92,128,6,125,124,51,36,115,23,99"/><U121/><E104/><V123/><F123/><W47/><G115/><T97/><D108/><U60/><E122/><V0/><F107/><W35/><G128/><T111/><D111/><U28/><E121/><V13/><F110/><W79/><G35/><T101/><D2/><U62/><E109/><V87/><F113/><W10/><G23/><T127/><D131/><U90/><E129/><V48/><F0/><N who="3" m="327" /><G59/><T83/><D127/><U16/><E42/><V84/><F71/><W12/><G12/><T18/><D133/><U57/><E28/><V93/><F67/><W114/><G114/><T118/><D118/><U91/><E5/><V73/><F45/><W33/><G33/><T85/><D40/><U41/><E41/><V24/><F13/><W116/><G116/><T119/><D119/><U30/><E30/><V46/><F46/><W135/><G135/><T72/><D19/><U25/><E91/><V3/><F3/><W44/><G51/><T77/><D72/><U55/><E55/><V68/><F68/><W29/><G29/><T31/><D31/><U120/><E120/><V37/><F37/><W50/><G50/><T27/><D27/><U43/><E43/><V39/><F39/><W75/><G36/><T86/><D86/><U70/><E70/><V53/><F53/><W20/><G20/><AGARI ba="0,0" hai="15,16,17,20,21,25,54,57,60,61,62,90,94,96" machi="20" ten="30,12000,1" yaku="7,1,25,2,8,1,54,1" doraHai="76" who="1" fromWho="3" sc="529,0,1,120,188,0,282,-120" /><INIT seed="5,1,0,3,4,19" ten="529,121,188,162" oya="1" hai0="92,26,104,39,93,52,87,62,125,96,135,82,5" hai1="76,119,91,115,128,113,18,29,109,86,30,53,70" hai2="48,33,122,9,97,74,1,126,17,28,72,85,130" hai3="134,58,13,64,88,78,2,79,51,34,129,114,66"/><U14/><E119/><V32/><F122/><W46/><G2/><T31/><D39/><U43/><E70/><V112/><F126/><W42/><G34/><T71/><D125/><U60/><E109/><V55/><F130/><W116/><G116/><T25/><D135/><U75/><E43/><V4/><F112/><N who="1" m="43081" /><E128/><V50/><F97/><W124/><G129/><T68/><D5/><U10/><E76/><N who="3" m="29226" /><G114/><T90/><D104/><U49/><E60/><V35/><F28/><W36/><G36/><T131/><D131/><U40/><E40/><V6/><F6/><W44/><G44/><T37/><D37/><U117/><E75/><V102/><F102/><W7/><G58/><T69/><D26/><U47/><E117/><V12/><F85/><W123/><G123/><T80/><D80/><AGARI ba="1,0" hai="10,14,18,29,30,47,49,53,80,86,91" m="43081" machi="80" ten="30,2900,0" yaku="25,1,15,1" doraHai="19" who="1" fromWho="0" sc="529,-32,121,32,188,0,162,0" /><INIT seed="5,2,0,4,1,76" ten="497,153,188,162" oya="1" hai0="26,125,102,109,135,117,9,51,98,82,101,64,22" hai1="6,59,68,67,75,54,52,55,24,95,40,129,107" hai2="33,103,87,1,27,19,2,12,70,43,120,74,38" hai3="7,89,0,133,71,81,100,119,17,86,114,96,48"/><U80/><E107/><V35/><F74/><W60/><G119/><T93/><D109/><U123/><E68/><V57/><F70/><W69/><G114/><T83/><D117/><U23/><E123/><V11/><F120/><W5/><G133/><T108/><D135/><U97/><E40/><V14/><F103/><W39/><G39/><T20/><D108/><U116/><E116/><V30/><F57/><W73/><G73/><T3/><D125/><U72/><E129/><V113/><F43/><W62/><G48/><T18/><D64/><U34/><E34/><V49/><F49/><W8/><G7/><T36/><D36/><U42/><E6/><V112/><F38/><W110/><G110/><T111/><D111/><U47/><E80/><N who="0" m="30761" /><D3/><U94/><E72/><V118/><F118/><W28/><G28/><N who="0" m="17479" /><D9/><U99/><E67/><V15/><F35/><W65/><G69/><T31/><D31/><N who="1" m="17823" /><E75/><V126/><F126/><W29/><G29/><T77/><D51/><N who="1" m="27127" /><E59/><V56/><F56/><W91/><G65/><T53/><D53/><U130/><E130/><V84/><F2/><W115/><G71/><T16/><D77/><U37/><E37/><V122/><F122/><W131/><G131/><T104/><D104/><U79/><E79/><V88/><F1/><W46/><G0/><T32/><D32/><U63/><E63/><V58/><F58/><W92/><G62/><T45/><D45/><U134/><E134/><V128/><F128/><W78/><G60/><T90/><D18/><U21/><E21/><V66/><F66/><W50/><G17/><T121/><D121/><RYUUKYOKU ba="2,0" sc="497,15,153,15,188,-15,162,-15" hai0="16,22,90,93,98,101,102" hai1="52,54,55,94,95,97,99" /><INIT seed="5,3,0,0,5,127" ten="512,168,173,147" oya="1" hai0="69,59,36,79,56,132,28,12,119,35,131,64,92" hai1="52,88,77,89,13,31,101,74,11,27,78,122,1" hai2="24,81,133,50,9,90,111,124,125,87,37,16,54" hai3="2,105,126,72,104,75,66,22,32,76,48,70,30"/><U73/><E122/><V42/><F111/><W8/><G22/><T20/><D119/><U96/><E1/><V58/><F133/><W4/><G48/><T129/><D35/><U63/><E74/><V97/><F42/><W55/><G55/><T100/><D36/><U93/><E73/><N who="3" m="28234" /><G76/><N who="1" m="29290" /><E27/><V106/><F37/><W26/><G126/><N who="2" m="48745" /><F106/><W103/><G103/><T65/><D132/><U71/><E31/><V130/><F97/><W19/><G19/><N who="0" m="10343" /><D69/><U85/><E85/><V98/><F98/><W110/><G110/><T62/><D28/><U123/><E123/><V46/><F58/><W80/><G80/><T128/><D79/><U94/><E93/><V39/><F39/><W40/><G40/><T91/><D100/><U109/><E109/><V38/><F38/><W23/><G23/><T34/><D34/><U117/><E117/><V43/><F43/><W108/><G108/><T134/><D134/><U51/><E71/><V113/><F113/><W10/><G10/><T7/><D7/><N who="1" m="3327" /><E63/><AGARI ba="3,0" hai="2,4,8,26,30,32,63,66,70,104,105" m="28234" machi="63" ten="30,2000,0" yaku="33,2" doraHai="127" who="3" fromWho="1" sc="512,0,168,-29,173,0,147,29" /><INIT seed="6,0,0,5,5,24" ten="512,139,173,176" oya="2" hai0="116,26,92,7,111,14,95,13,101,32,120,48,94" hai1="134,53,11,89,83,78,91,106,67,27,21,132,4" hai2="105,6,74,35,19,60,85,82,98,117,121,71,37" hai3="80,3,50,68,130,52,5,46,57,29,79,17,38"/><V86/><F121/><W45/><G68/><T20/><D120/><U56/><E106/><V119/><F117/><W40/><G130/><T41/><D32/><U39/><E67/><V30/><F119/><W36/><G17/><N who="0" m="12559" /><D111/><U43/><E39/><V107/><F37/><N who="3" m="21647" /><G29/><T47/><D116/><U108/><E43/><V112/><F6/><W131/><G131/><T102/><D7/><U126/><E108/><V110/><F110/><W61/><G80/><T88/><D88/><N who="1" m="33867" /><E126/><V33/><F19/><W8/><G79/><T23/><D23/><U34/><E34/><V84/><F74/><W42/><G8/><T90/><D90/><U31/><E83/><V100/><F105/><W66/><G5/><T51/><D51/><N who="1" m="30783" /><E78/><N who="2" m="46167" /><F35/><W49/><G3/><T127/><D127/><U133/><E4/><V109/><F109/><W104/><G104/><T115/><D115/><U118/><E118/><V124/><F112/><W9/><G9/><AGARI ba="0,0" hai="9,11,21,27,31,132,133,134" m="30783,33867" machi="9" ten="40,5200,0" yaku="20,1,52,1,54,1" doraHai="24" who="1" fromWho="3" sc="512,0,139,52,173,0,176,-52" /><INIT seed="7,0,0,5,2,84" ten="512,191,173,124" oya="3" hai0="134,66,15,58,126,11,122,9,70,102,113,86,106" hai1="30,93,112,29,64,55,104,20,61,125,12,120,118" hai2="76,31,33,90,56,71,111,92,4,5,8,115,52" hai3="49,47,22,18,75,114,119,129,95,100,127,135,103"/><W48/><G119/><T108/><D122/><U133/><E104/><V96/><F71/><W38/><G75/><T13/><D108/><U116/><E120/><V46/><F111/><W21/><G114/><T65/><D70/><U83/><E55/><V128/><F115/><W1/><G1/><T62/><D113/><U63/><E112/><V74/><F128/><W99/><G129/><T87/><D126/><U123/><E125/><V14/><F74/><W44/><G127/><T36/><D134/><U60/><E64/><V132/><F76/><W73/><G135/><T23/><D36/><U40/><E40/><V3/><F132/><W2/><G2/><T28/><D106/><U91/><E83/><V79/><F79/><W80/><G38/><T42/><D102/><U0/><E0/><V45/><F5/><W88/><G73/><T89/><D42/><U6/><E133/><V53/><F53/><N who="3" m="29831" /><G80/><N who="0" m="49351" /><D66/><U131/><E131/><V85/><F3/><W121/><G121/><T57/><D57/><U69/><E69/><V17/><F4/><W101/><G18/><T98/><D98/><N who="1" m="57663" /><E6/><V97/><F31/><W94/><G94/><T77/><D28/><N who="1" m="10859" /><E123/><V10/><F33/><W35/><G35/><T41/><D41/><AGARI ba="0,0" hai="21,22,41,47,49,88,95,99,100,101,103" m="29831" machi="41" ten="30,5800,0" yaku="8,1,52,1,54,1" doraHai="84" who="3" fromWho="0" sc="512,-58,191,0,173,0,124,58" /><INIT seed="7,1,0,5,4,97" ten="454,191,173,182" oya="3" hai0="128,28,111,1,49,60,79,129,67,6,12,69,96" hai1="130,113,18,68,78,2,62,7,16,15,70,55,47" hai2="71,116,87,32,59,14,54,86,0,22,50,43,57" hai3="48,119,37,26,101,56,8,126,90,123,83,52,34"/><W84/><G123/><T53/><D1/><U64/><E70/><V122/><F71/><W9/><G119/><T124/><D111/><U114/><E2/><V5/><F32/><W74/><G126/><T75/><D124/><U118/><E118/><V89/><F116/><W81/><G37/><T100/><D28/><U133/><E133/><V99/><F122/><W27/><G101/><T93/><D75/><U45/><E78/><V30/><F0/><W33/><G33/><T134/><D79/><U3/><E130/><N who="0" m="50281" /><D134/><U92/><E3/><V65/><F43/><W73/><G34/><T44/><D12/><U121/><E7/><AGARI ba="1,0" hai="6,7,44,49,53,60,67,69,93,96,100" m="50281" machi="7" ten="30,2000,0" yaku="19,1,52,1" doraHai="97" who="0" fromWho="1" sc="454,23,191,-23,173,0,182,0" owari="477,58.0,168,-33.0,173,-23.0,182,-2.0" /></mjloggm>