<mjloggm ver="2.3"><GO type="97" lobby="0"/><UN n0="%E2%98%86%E8%8F%AF%E7%90%B3%E2%98%86" n1="%6B%65%6E%74%6F%60%73" n2="%E5%B0%B1%E6%B4%BB%E7%94%9F%40%E5%B7%9D%E6%9D%91%E8%BB%8D%E5%9B%A3" n3="%E9%80%9A%E8%A1%8C%E8%80%85" dan="13,14,15,15" rate="2048.73,1905.91,2035.41,2019.22" sx="M,M,M,M"/><TAIKYOKU oya="0"/><INIT seed="0,0,0,4,1,69" ten="250,250,250,250" oya="0" hai0="50,100,115,47,97,30,14,58,31,124,109,41,127" hai1="120,83,65,87,121,103,129,112,62,132,92,51,106" hai2="3,20,61,105,63,94,113,95,119,96,43,8,55" hai3="0,67,53,85,82,37,35,81,24,102,116,78,39"/><T18/><D115/><U16/><E106/><V15/><F119/><W40/><G116/><T134/><D134/><U60/><E112/><V44/><F113/><W52/><G0/><T90/><D90/><U33/><E132/><V27/><F3/><W6/><G6/><T2/><D2/><U28/><E62/><V22/><F105/><W9/><G9/><T117/><D117/><U86/><E129/><V23/><F27/><W104/><G67/><T108/><D58/><U45/><E28/><N who="0" m="10793" /><D97/><U64/><E33/><V70/><F70/><W135/><G40/><T32/><D32/><U128/><E128/><V26/><F26/><W133/><G35/><T91/><D91/><N who="1" m="53375" /><E103/><V131/><F131/><W72/><G104/><T4/><D4/><U57/><E120/><V122/><F122/><W89/><G102/><T38/><D100/><U46/><E121/><V123/><F123/><W111/><G111/><N who="0" m="42571" /><D50/><U29/><E51/><N who="2" m="29159" /><F43/><W114/><G114/><T34/><D34/><U66/><E57/><V59/><F96/><W107/><G107/><T17/><D17/><U84/><E16/><N who="2" m="8295" /><F61/><W71/><G71/><T56/><D56/><U126/><E60/><V99/><F99/><W77/><G89/><T5/><D5/><U74/><E29/><V7/><F7/><W93/><G135/><T130/><D130/><U42/><E42/><V21/><N who="2" m="5632" /><DORA hai="1" /><V19/><F19/><W68/><G133/><T79/><D79/><N who="3" m="30217" /><G68/><T118/><D118/><U49/><E46/><V76/><F76/><W75/><G72/><T13/><D18/><U54/><E74/><V110/><F110/><RYUUKYOKU ba="0,0" sc="250,15,250,-15,250,15,250,-15" hai0="13,14,38,41,47,124,127" hai2="59,63,94,95" /><INIT seed="0,1,0,3,3,14" ten="265,235,265,235" oya="0" hai0="101,18,105,123,45,26,36,44,134,50,133,82,74" hai1="70,69,1,21,106,2,56,73,113,49,127,46,102" hai2="94,103,35,17,10,77,75,83,84,79,6,91,126" hai3="72,130,111,131,97,55,20,120,92,22,23,98,78"/><T13/><D123/><U15/><E73/><V104/><F35/><W125/><G120/><T71/><D71/><U128/><E56/><V48/><F126/><W110/><G125/><T5/><D36/><U59/><E59/><V40/><F79/><W85/><G55/><T54/><D5/><U121/><E127/><V118/><F118/><W80/><G23/><T64/><D64/><U100/><E121/><V108/><F108/><N who="3" m="41515" /><G20/><T0/><D0/><U58/><E21/><V117/><F117/><W41/><G41/><T30/><D101/><U89/><E2/><V12/><F103/><N who="3" m="60839" /><G22/><N who="0" m="11599" /><D105/><U11/><E106/><V109/><F104/><W62/><G62/><T68/><D68/><U24/><E70/><V119/><F119/><W3/><G3/><T81/><D45/><U76/><E46/><N who="2" m="25671" /><F109/><W114/><G114/><T33/><D74/><U95/><E113/><V90/><F75/><W135/><G135/><AGARI ba="1,0" hai="26,30,33,44,50,54,81,82,133,134,135" m="11599" machi="135" ten="30,2900,0" yaku="20,1,52,1" doraHai="14" who="0" fromWho="3" sc="265,32,235,0,265,0,235,-32" /><INIT seed="0,2,0,1,5,115" ten="297,235,265,203" oya="0" hai0="119,71,66,63,77,69,68,31,67,86,47,55,21" hai1="126,125,102,12,34,79,2,84,76,17,29,87,8" hai2="44,133,30,109,23,15,90,118,48,20,78,1,35" hai3="75,95,99,43,117,27,0,96,131,106,72,64,97"/><T73/><D73/><N who="3" m="28233" /><G43/><T124/><D21/><U10/><E102/><V132/><F1/><W129/><G64/><N who="0" m="40991" /><D31/><U74/><E29/><V105/><F105/><W50/><G50/><N who="0" m="29151" /><D86/><N who="1" m="32811" /><E74/><V40/><F78/><W128/><G27/><T26/><D119/><U41/><E41/><V81/><F109/><W93/><G0/><T14/><D14/><N who="1" m="7367" /><E34/><V53/><F81/><W18/><G18/><T123/><D77/><U4/><E2/><V83/><F83/><W103/><G117/><T85/><D85/><U130/><E130/><N who="3" m="33282" /><W127/><DORA hai="98" /><G127/><AGARI ba="2,0" hai="4,10,12,76,79,125,126,127" m="7367,32811" machi="127" ten="30,1000,0" yaku="18,1" doraHai="115,98" who="1" fromWho="3" sc="297,0,235,16,265,0,203,-16" /><INIT seed="1,0,0,2,0,26" ten="297,251,265,187" oya="1" hai0="29,134,116,97,30,118,101,133,22,122,0,131,60" hai1="86,10,100,3,99,15,7,73,75,92,56,31,93" hai2="13,105,46,25,114,80,70,87,23,36,38,16,72" hai3="132,66,69,37,68,33,62,102,103,120,67,17,94"/><U85/><E75/><V91/><F70/><W115/><G120/><T54/><D122/><U50/><E73/><V125/><F125/><W41/><G115/><T6/><D131/><U61/><E50/><V84/><F72/><W71/><G132/><N who="0" m="50795" /><D0/><U19/><E31/><N who="0" m="11785" /><D6/><U40/><E40/><V4/><F105/><W43/><G33/><T42/><D22/><U48/><E48/><V8/><F114/><W104/><G104/><N who="0" m="63535" /><D42/><U59/><E3/><V76/><F4/><W79/><G43/><T126/><D126/><U12/><E7/><V11/><F23/><W90/><G41/><T112/><D112/><U124/><E124/><V96/><F25/><W121/><G37/><T32/><D32/><U109/><E15/><V35/><F35/><W130/><G121/><T18/><D18/><U128/><E128/><V64/><F13/><W111/><G17/><T63/><D54/><U81/><E19/><V2/><F2/><W9/><G130/><T57/><D57/><U119/><E59/><V24/><F24/><W83/><G9/><T27/><D27/><U89/><E56/><V129/><F129/><W95/><G66/><T107/><D107/><U34/><E12/><V51/><F11/><W52/><G52/><T53/><D53/><U44/><E10/><V65/><F65/><W106/><G106/><T110/><D110/><U58/><E109/><V21/><F64/><W49/><G111/><T82/><D82/><U1/><E81/><N who="2" m="49551" /><F8/><W47/><G94/><N who="1" m="36458" /><E34/><V88/><F16/><W28/><G68/><T108/><D108/><U20/><E1/><V77/><F21/><RYUUKYOKU ba="0,0" sc="297,30,251,-10,265,-10,187,-10" hai0="60,63,116,118" /><INIT seed="2,1,0,1,2,82" ten="327,241,255,177" oya="2" hai0="40,119,33,127,14,86,125,52,101,87,105,19,124" hai1="53,58,1,59,113,36,23,9,97,112,43,7,42" hai2="3,122,35,91,46,21,95,47,44,93,103,92,128" hai3="73,5,77,25,100,123,67,20,135,134,17,51,45"/><V37/><F35/><W76/><G123/><T79/><D119/><U57/><E53/><V10/><F122/><W117/><G117/><T29/><D40/><U16/><E97/><V85/><F128/><W38/><G38/><T48/><D79/><U62/><E62/><V107/><F37/><W104/><G67/><T129/><D129/><U63/><E63/><V132/><F132/><W39/><G39/><T120/><D120/><U2/><E2/><V56/><F21/><W115/><G115/><T50/><D101/><U65/><E65/><V12/><F3/><W72/><G5/><T26/><D105/><U110/><E110/><V96/><REACH who="2" step="1"/><F56/><REACH who="2" ten="327,241,245,177" step="2"/><W102/><G73/><T94/><D124/><U108/><E108/><V80/><F80/><W66/><G72/><T24/><D125/><U133/><E133/><N who="3" m="50698" /><G104/><T78/><D127/><U131/><E131/><V84/><F84/><W55/><G66/><T30/><D86/><U70/><E36/><V71/><F71/><W27/><G27/><T11/><D33/><U15/><REACH who="1" step="1"/><E70/><REACH who="1" ten="327,231,245,177" step="2"/><V18/><AGARI ba="1,2" hai="10,12,18,44,46,47,85,91,92,93,95,96,103,107" machi="18" ten="30,11700,0" yaku="1,1,0,1,52,1,53,1" doraHai="82" doraHaiUra="6" who="2" fromWho="2" sc="327,-40,231,-40,245,140,177,-40" /><INIT seed="2,2,0,1,0,66" ten="287,191,385,137" oya="2" hai0="132,109,85,82,45,120,93,24,99,7,91,74,135" hai1="86,20,108,101,123,83,68,76,15,56,102,8,113" hai2="23,78,72,80,126,22,48,134,19,46,64,133,18" hai3="81,1,115,73,28,47,63,14,52,3,39,79,25"/><V0/><F0/><W36/><G115/><T114/><D114/><U2/><E113/><V55/><F64/><W87/><G73/><T31/><D120/><U4/><E123/><V125/><F22/><W110/><G110/><T53/><D109/><U112/><E108/><V5/><F5/><W62/><G39/><T65/><D7/><U128/><E112/><V117/><F117/><W94/><G14/><T88/><D74/><U11/><E68/><V9/><F9/><W60/><G94/><T58/><D45/><U49/><E128/><V104/><F104/><W40/><REACH who="3" step="1"/><G52/><REACH who="3" ten="287,191,385,127" step="2"/><T43/><D43/><U130/><E130/><V105/><F105/><W121/><G121/><T16/><D132/><U67/><E2/><V42/><F55/><W116/><G116/><T90/><D135/><U103/><E83/><V77/><F80/><W59/><G59/><T124/><D53/><U33/><E56/><V32/><F72/><W50/><G50/><T57/><D58/><U92/><E49/><V12/><F48/><W17/><G17/><T84/><D16/><U29/><E15/><V122/><F19/><W118/><G118/><T30/><D57/><U96/><E92/><V54/><F18/><W129/><G129/><T21/><D93/><U44/><E44/><V111/><F12/><W75/><G75/><T119/><D119/><U6/><E6/><V13/><F46/><W131/><G131/><T95/><D82/><N who="1" m="47431" /><E4/><V61/><F54/><W100/><G100/><T51/><D95/><U107/><E103/><V37/><F134/><W41/><G41/><T34/><D30/><RYUUKYOKU ba="2,1" sc="287,-10,191,-10,385,-10,127,30" hai3="1,3,25,28,36,40,47,60,62,63,79,81,87" /><INIT seed="3,3,1,1,2,60" ten="277,181,375,157" oya="3" hai0="0,119,97,99,126,104,47,92,103,9,51,19,125" hai1="129,132,117,3,76,58,82,12,98,83,66,78,50" hai2="75,131,105,115,30,113,44,70,135,13,128,127,133" hai3="43,56,109,114,41,108,14,91,72,67,28,10,100"/><W69/><G69/><T16/><D119/><U80/><E3/><V27/><F105/><W40/><G114/><N who="2" m="43529" /><F75/><W31/><G72/><T37/><D37/><U94/><E117/><V8/><F70/><W79/><G100/><N who="0" m="62495" /><D0/><U11/><E132/><N who="2" m="50763" /><F44/><W57/><G79/><T84/><D9/><U130/><E78/><V71/><F71/><W107/><G107/><T35/><D35/><U48/><E76/><V68/><F68/><W63/><G91/><T89/><D47/><U6/><E129/><V29/><F127/><N who="0" m="48650" /><D51/><U22/><E130/><N who="2" m="49707" /><F27/><W86/><G86/><T93/><AGARI ba="3,1" hai="16,19,84,89,92,93,97,103" m="48650,62495" machi="93" ten="30,2000,0" yaku="18,1,54,1" doraHai="60" who="0" fromWho="0" sc="277,39,181,-8,375,-8,157,-13" owari="316,12.0,173,-23.0,367,47.0,144,-36.0" /></mjloggm>