<mjloggm ver="2.3"><GO type="225" lobby="0"/><UN n0="%6B%79%6F%6E%6B%6F%31%31" n1="%E5%B0%B1%E6%B4%BB%E7%94%9F%40%E5%B7%9D%E6%9D%91%E8%BB%8D%E5%9B%A3" n2="%E3%83%9D%E3%82%B3%E3%83%94%E3%83%B3" n3="%E3%81%8D%E3%81%BF%E3%81%9F%E3%81%BE%E3%81%94" dan="17,17,16,16" rate="2121.30,2086.68,2137.20,2104.99" sx="M,M,M,M"/><TAIKYOKU oya="0"/><INIT seed="0,0,0,4,0,75" ten="250,250,250,250" oya="0" hai0="102,58,46,113,4,30,83,89,132,90,23,121,70" hai1="65,5,130,22,92,118,25,124,84,122,64,18,134" hai2="35,88,34,55,51,126,36,86,57,128,115,16,47" hai3="49,6,66,59,131,12,63,94,56,98,123,117,37"/><T69/><D69/><U38/><E122/><V13/><F115/><W50/><G37/><T85/><D70/><U82/><E38/><V108/><F128/><W99/><G117/><T31/><D121/><U29/><E118/><V45/><F126/><W116/><G116/><T9/><D113/><U114/><E114/><V68/><F68/><W106/><G131/><T103/><D132/><U1/><E124/><V107/><F107/><W15/><G106/><T44/><D58/><U11/><E130/><V127/><F127/><W62/><G123/><T80/><D9/><U125/><E125/><V91/><F91/><N who="0" m="34826" /><D23/><U120/><E134/><V87/><F87/><W19/><G6/><T7/><D85/><U0/><E0/><V96/><F96/><N who="3" m="36907" /><G94/><T67/><D67/><U28/><E92/><V110/><F34/><W32/><G32/><T81/><D4/><U3/><E3/><V93/><F35/><W72/><G72/><T78/><D7/><U119/><E119/><V10/><REACH who="2" step="1"/><F36/><REACH who="2" ten="250,250,240,250" step="2"/><W97/><G97/><T53/><D102/><U111/><E120/><V73/><F73/><W79/><G79/><T76/><D103/><U71/><E71/><V21/><F21/><N who="3" m="11495" /><G15/><T54/><D78/><U24/><E22/><V33/><F33/><W42/><G42/><T74/><D74/><U52/><E84/><V95/><F95/><W104/><G104/><T41/><D76/><U43/><E1/><V135/><F135/><W48/><G66/><T2/><D2/><U27/><E65/><V8/><F8/><W61/><AGARI ba="0,1" hai="48,49,50,56,59,61,62,63" m="11495,36907" machi="61" ten="40,1500,0" yaku="8,1" doraHai="75" who="3" fromWho="3" sc="250,-7,250,-4,240,-4,250,25" /><INIT seed="1,0,0,0,5,30" ten="243,246,236,275" oya="1" hai0="61,84,121,23,11,73,112,48,63,25,120,9,27" hai1="0,24,132,130,78,111,22,94,81,105,107,50,92" hai2="80,74,55,79,126,49,109,115,53,44,98,122,124" hai3="97,95,104,69,4,108,57,68,33,15,14,83,42"/><U91/><E0/><V87/><F122/><N who="0" m="47210" /><D73/><U77/><E130/><V123/><F123/><W135/><G104/><T62/><D112/><U28/><E132/><V127/><F115/><W35/><G42/><T88/><D48/><U40/><E111/><V113/><F113/><W36/><G36/><T17/><D25/><U65/><E65/><V7/><F109/><W38/><G38/><T133/><D133/><U12/><E12/><V90/><F7/><W3/><G83/><AGARI ba="0,0" hai="9,11,17,23,27,61,62,63,83,84,88" m="47210" machi="83" ten="30,2000,0" yaku="13,1,54,1" doraHai="30" who="0" fromWho="3" sc="243,20,246,0,236,0,275,-20" /><INIT seed="2,0,0,3,5,46" ten="263,246,236,255" oya="2" hai0="71,116,105,25,128,20,37,135,89,102,36,99,90" hai1="52,100,122,121,133,22,48,34,66,76,49,92,119" hai2="42,33,58,82,103,2,83,45,117,118,79,113,6" hai3="35,60,50,29,47,44,110,0,127,24,9,41,64"/><V55/><F113/><W40/><G110/><T56/><D71/><U108/><E34/><V68/><F68/><W43/><G127/><T13/><D135/><U93/><E119/><V51/><F33/><W96/><G96/><T32/><D32/><U17/><E108/><V120/><F120/><N who="1" m="46185" /><E133/><V63/><F103/><W98/><G98/><T14/><D128/><U39/><E39/><V132/><F132/><W54/><G9/><T86/><D90/><U94/><E66/><V18/><F18/><W3/><REACH who="3" step="1"/><G44/><REACH who="3" ten="263,246,236,245" step="2"/><T130/><D116/><U65/><E100/><V73/><REACH who="2" step="1"/><F83/><REACH who="2" ten="263,246,226,245" step="2"/><W70/><AGARI ba="0,2" hai="0,3,24,29,35,40,41,43,47,50,54,60,64,70" machi="70" ten="30,7900,0" yaku="1,1,2,1,0,1,52,1,53,0" doraHai="46" doraHaiUra="5" who="3" fromWho="3" sc="263,-20,246,-20,226,-39,245,99" /><INIT seed="3,0,0,1,4,61" ten="243,226,187,344" oya="3" hai0="17,15,37,62,98,43,35,87,97,8,13,30,20" hai1="75,72,29,109,10,106,41,63,19,78,68,88,114" hai2="123,74,85,55,50,5,126,122,93,134,125,105,40" hai3="3,48,1,132,103,34,0,12,65,84,67,25,70"/><W121/><G121/><N who="2" m="46089" /><F5/><W21/><G70/><T73/><D73/><U89/><E106/><V24/><F24/><W44/><G132/><T118/><D118/><U96/><E109/><V56/><F74/><W9/><G34/><T54/><D35/><U14/><E114/><V16/><F105/><W82/><G103/><T107/><D107/><U23/><E41/><V115/><F16/><N who="3" m="8207" /><G21/><T22/><D43/><U31/><E96/><V49/><F93/><W6/><G25/><T7/><D37/><U69/><E75/><V11/><F11/><W2/><G2/><T99/><D87/><U81/><E69/><V135/><F115/><W18/><G18/><T83/><D83/><U32/><E32/><V77/><F77/><W95/><G95/><T57/><D30/><U45/><E45/><N who="2" m="25767" /><F85/><W131/><G6/><T79/><D79/><U112/><E112/><V90/><F90/><N who="3" m="51479" /><G3/><T108/><D108/><U64/><E31/><V42/><F42/><W111/><G111/><T86/><D86/><U27/><AGARI ba="0,0" hai="10,14,19,23,27,29,63,64,68,72,78,81,88,89" machi="27" ten="30,4000,0" yaku="0,1,52,1,54,1" doraHai="61" who="1" fromWho="1" sc="243,-10,226,40,187,-10,344,-20" owari="233,-17.0,266,7.0,177,-32.0,324,42.0" /></mjloggm>