<mjloggm ver="2.3"><GO type="169" lobby="0"/><UN n0="%E3%82%A6%E3%83%AB%E3%83%88%E3%83%A9%E7%AB%8B%E7%9B%B4" n1="%65%72%61%6E%76%69%74%61" n2="%E5%A4%A9%E9%BC%93" n3="%E3%82%B7%E3%83%B3%E3%83%87%E3%83%AB%E3%83%A9" dan="17,16,17,17" rate="2153.79,2142.62,2204.44,2102.74" sx="M,M,M,M"/><TAIKYOKU oya="0"/><INIT seed="0,0,0,5,0,128" ten="250,250,250,250" oya="0" hai0="43,123,106,122,57,9,61,101,7,62,71,54,131" hai1="25,100,88,112,134,73,29,130,110,119,66,12,82" hai2="16,94,117,1,97,33,37,59,113,68,125,63,19" hai3="18,81,6,116,91,64,133,14,39,31,80,40,44"/><T45/><D106/><U70/><E119/><V21/><F113/><W49/><G116/><T38/><D101/><U65/><E130/><V13/><F117/><W53/><G6/><T74/><D74/><U24/><E112/><V15/><F1/><W103/><G103/><T52/><D131/><U126/><E110/><V98/><F68/><W121/><G121/><T107/><D107/><U2/><E2/><V50/><F37/><W108/><G108/><T28/><D28/><U30/><E88/><N who="2" m="55495" /><F33/><W92/><G133/><T47/><D9/><U27/><E134/><V135/><F135/><W46/><G64/><N who="0" m="41359" /><D7/><U60/><E126/><V105/><F105/><W111/><G31/><T3/><D3/><U5/><E100/><V36/><F36/><W87/><REACH who="3" step="1"/><G111/><REACH who="3" ten="250,250,250,240" step="2"/><T102/><D102/><U56/><E66/><N who="2" m="39295" /><F125/><W35/><G35/><T34/><D34/><U0/><E30/><V129/><F129/><W78/><G78/><T86/><D86/><U67/><E29/><V41/><F98/><W58/><G58/><N who="0" m="35143" /><D47/><U20/><E67/><V93/><F19/><W76/><G76/><T120/><D120/><U124/><E65/><V118/><F118/><W95/><G95/><T32/><D32/><U79/><E79/><V114/><F93/><W22/><AGARI ba="0,1" hai="14,18,22,39,40,44,46,49,53,80,81,87,91,92" machi="22" ten="20,2700,0" yaku="1,1,0,1,7,1,53,0" doraHai="128" doraHaiUra="127" who="3" fromWho="3" sc="250,-13,250,-7,250,-7,240,37" /><INIT seed="1,0,0,3,0,25" ten="237,243,243,277" oya="1" hai0="61,10,67,112,12,81,95,35,3,6,47,126,56" hai1="70,79,92,99,120,84,55,4,0,116,44,48,65" hai2="43,121,32,103,96,34,73,108,1,28,97,129,13" hai3="27,62,105,82,125,52,72,45,122,19,132,100,66"/><U111/><E120/><V16/><F121/><W46/><G122/><T101/><D112/><U49/><E116/><V40/><F73/><W104/><G125/><T5/><D126/><U93/><E111/><V128/><F1/><W102/><G132/><T8/><D35/><U41/><E0/><V51/><F108/><W7/><G7/><T69/><D81/><U29/><E4/><V57/><F97/><W117/><G117/><T75/><D75/><U127/><E127/><V36/><F36/><W63/><G72/><T133/><D133/><U64/><E70/><V30/><F34/><W20/><G82/><T33/><D33/><U58/><E29/><N who="2" m="11371" /><F32/><W85/><G85/><T98/><D47/><U89/><REACH who="1" step="1"/><E79/><REACH who="1" ten="237,233,243,277" step="2"/><V106/><F57/><N who="3" m="37231" /><G105/><T115/><REACH who="0" step="1"/><D115/><REACH who="0" ten="227,233,243,277" step="2"/><U119/><E119/><V123/><F123/><W24/><G104/><T74/><D74/><U94/><E94/><V15/><F106/><W91/><G19/><T21/><D21/><U78/><E78/><V134/><F16/><W77/><G20/><T107/><D107/><U22/><E22/><V11/><F134/><W50/><G77/><T86/><D86/><U26/><E26/><V31/><F31/><W83/><G24/><T131/><D131/><U2/><E2/><V9/><F128/><W90/><G27/><T42/><D42/><U54/><E54/><V23/><F129/><W17/><G17/><T110/><D110/><U124/><E124/><V18/><F43/><W68/><G52/><T135/><D135/><U88/><AGARI ba="0,2" hai="41,44,48,49,55,58,64,65,84,88,89,92,93,99" machi="88" ten="20,18000,2" yaku="1,1,0,1,7,1,8,1,54,1,53,1" doraHai="25" doraHaiUra="53" who="1" fromWho="1" sc="227,-60,233,200,243,-60,277,-60" /><INIT seed="1,1,0,3,5,32" ten="167,433,183,217" oya="1" hai0="110,103,76,18,111,9,74,38,124,77,25,90,92" hai1="34,31,53,105,108,119,131,115,2,10,117,33,70" hai2="22,89,28,4,85,24,72,3,50,64,16,102,27" hai3="81,125,106,21,6,101,46,96,121,39,132,65,57"/><U40/><E115/><V37/><F37/><W44/><G121/><T123/><D38/><U68/><E131/><V95/><F72/><W17/><G132/><T66/><D74/><U78/><E105/><V86/><F102/><W36/><G125/><T52/><D124/><U12/><E40/><V62/><F50/><W134/><G134/><T61/><D103/><U133/><E133/><V93/><F4/><W60/><G36/><T84/><D123/><U47/><E2/><V11/><F3/><W112/><G112/><T14/><D25/><U118/><E108/><V129/><F129/><W73/><G39/><T35/><D35/><U7/><E78/><V29/><F11/><W69/><G6/><T114/><D114/><U83/><E83/><V88/><REACH who="2" step="1"/><F27/><REACH who="2" ten="167,433,173,217" step="2"/><W126/><G126/><T5/><D5/><U100/><E7/><V94/><F94/><W15/><G73/><T130/><D130/><U56/><E100/><V0/><F0/><W79/><G101/><T91/><D111/><U49/><E49/><V42/><F42/><W107/><G107/><T23/><D110/><U122/><E122/><V67/><F67/><W97/><G106/><T98/><D9/><U87/><E10/><V116/><F116/><W127/><G127/><T120/><D120/><U82/><E119/><V55/><F55/><W80/><G65/><T20/><D52/><U41/><E118/><V30/><F30/><W104/><G104/><T128/><D128/><U99/><E117/><V75/><F75/><W19/><G19/><N who="0" m="10359" /><D66/><U1/><E1/><V13/><F13/><W71/><G15/><RYUUKYOKU ba="1,1" sc="167,-10,433,-10,173,30,217,-10" hai2="16,22,24,28,29,62,64,85,86,88,89,93,95" /><INIT seed="2,2,1,4,0,96" ten="157,423,203,207" oya="2" hai0="45,121,114,118,83,0,47,55,127,99,85,16,106" hai1="115,124,11,28,38,59,8,130,77,13,39,109,135" hai2="102,87,97,9,41,17,52,27,70,111,68,40,64" hai3="82,112,65,22,5,63,123,103,81,10,53,117,19"/><V105/><F111/><W60/><G117/><T66/><D114/><U29/><E109/><V51/><F87/><W110/><G110/><T80/><D121/><U84/><E115/><V100/><F100/><W120/><G112/><T49/><D0/><U37/><E124/><V4/><F17/><W133/><G133/><T113/><D113/><U24/><E135/><V89/><F27/><W67/><G103/><T15/><D127/><U134/><E130/><V119/><F89/><W35/><G35/><T91/><D118/><U128/><E128/><V32/><F32/><W34/><G34/><T101/><D66/><U36/><E36/><V125/><F125/><W21/><G19/><T57/><REACH who="0" step="1"/><D83/><REACH who="0" ten="147,423,203,207" step="2"/><N who="1" m="47215" /><E134/><V54/><F119/><W42/><G120/><T31/><D31/><U30/><E29/><V78/><F64/><W116/><G67/><T93/><D93/><U92/><E92/><V126/><F126/><W50/><G65/><T58/><D58/><U6/><E59/><V61/><F70/><W33/><G116/><T44/><D44/><U26/><E30/><V14/><F68/><W1/><G1/><T20/><AGARI ba="2,2" hai="15,16,20,45,47,49,55,57,80,85,91,99,101,106" machi="20" ten="20,8000,1" yaku="1,1,0,1,7,1,52,1,54,1,53,0" doraHai="96" doraHaiUra="131" who="0" fromWho="0" sc="147,106,423,-22,203,-42,207,-22" /><INIT seed="3,0,0,3,5,135" ten="253,401,161,185" oya="3" hai0="19,105,126,115,18,10,101,76,129,2,122,44,72" hai1="36,27,99,25,98,82,34,119,120,31,73,100,11" hai2="1,23,92,75,16,121,6,52,61,95,21,88,70" hai3="62,94,59,55,37,104,20,78,91,38,65,97,112"/><W93/><G112/><T54/><D19/><U114/><E114/><V17/><F75/><W81/><G104/><T12/><D54/><U4/><E120/><V124/><F124/><W24/><G94/><T87/><D87/><U84/><E119/><V86/><F121/><W106/><G106/><T110/><D18/><U51/><E36/><V42/><F42/><W71/><G71/><T133/><D12/><U77/><E27/><N who="2" m="14759" /><F70/><W9/><G9/><T5/><D44/><U7/><E51/><V83/><F1/><W50/><G50/><T28/><D28/><U46/><E46/><V60/><F6/><W32/><G32/><T29/><D29/><U35/><E35/><V49/><F60/><W13/><G13/><T113/><D76/><U53/><E53/><V8/><F61/><W134/><G134/><T47/><D101/><U102/><E73/><V48/><F8/><W22/><G65/><T74/><D47/><U66/><E66/><V30/><F30/><W69/><G69/><T67/><D67/><U41/><E41/><V130/><F130/><W0/><G0/><T43/><D10/><U57/><E57/><N who="2" m="32903" /><F49/><W80/><G38/><T33/><D43/><U79/><E11/><V14/><AGARI ba="0,0" hai="14,17,23,83,86,88,92,95" m="32903,14759" machi="14" ten="30,7900,0" yaku="8,1,54,3" doraHai="135" who="2" fromWho="2" sc="253,-20,401,-20,161,79,185,-39" /><INIT seed="4,0,0,5,1,89" ten="233,381,240,146" oya="0" hai0="114,115,90,70,80,64,20,94,7,82,26,8,106" hai1="123,39,11,113,119,101,120,61,69,108,12,13,28" hai2="79,125,54,15,124,81,0,25,59,72,31,5,86" hai3="107,133,92,105,66,38,4,71,45,62,42,118,128"/><T53/><D106/><U57/><E69/><V126/><F0/><W58/><G118/><T87/><D64/><U102/><E119/><V99/><F99/><W17/><G133/><T46/><D70/><U129/><E108/><V74/><F15/><W40/><G128/><T30/><D46/><U112/><E129/><V78/><F5/><W68/><G40/><T93/><D53/><N who="1" m="33967" /><E39/><V91/><F74/><W98/><G4/><T22/><D22/><U24/><E101/><V73/><F73/><W85/><G85/><T18/><D30/><U121/><E102/><V16/><F72/><W48/><G71/><T1/><REACH who="0" step="1"/><D82/><REACH who="0" ten="223,381,240,146" step="2"/><U75/><E11/><V95/><F81/><W63/><G107/><T52/><D52/><U134/><E134/><V35/><F54/><W130/><G105/><T117/><D117/><U14/><E28/><V122/><F59/><W84/><G130/><T3/><D3/><U96/><E123/><V34/><F122/><W10/><G68/><T109/><D109/><U67/><E67/><V97/><F31/><W19/><G66/><T77/><D77/><U37/><E121/><V60/><F78/><W36/><G45/><T2/><D2/><U23/><E120/><V51/><F79/><W111/><G111/><T88/><D88/><U49/><E23/><V33/><F33/><W127/><G58/><T32/><D32/><U132/><E132/><V103/><F34/><W83/><G83/><T21/><D21/><U43/><E43/><V56/><F35/><W29/><G42/><T6/><D6/><U9/><E9/><V100/><F56/><RYUUKYOKU ba="0,1" sc="223,30,381,-10,240,-10,146,-10" hai0="1,7,8,18,20,26,80,87,90,93,94,114,115" /><INIT seed="4,1,1,3,5,64" ten="253,371,230,136" oya="0" hai0="13,23,15,55,106,122,53,49,95,102,132,83,47" hai1="112,17,100,85,2,79,7,121,58,113,65,38,92" hai2="93,88,6,50,9,96,59,99,14,51,123,124,114" hai3="36,129,18,40,62,75,110,111,134,82,126,80,116"/><T128/><D122/><U56/><E121/><V61/><F114/><N who="1" m="44137" /><E38/><V89/><F124/><W21/><G116/><T120/><D106/><U60/><E17/><V86/><F123/><W5/><G126/><T108/><D128/><U33/><E33/><V39/><F39/><W16/><G129/><T91/><D132/><U105/><E105/><V54/><REACH who="2" step="1"/><F99/><REACH who="2" ten="253,371,220,136" step="2"/><W42/><G134/><T63/><D120/><U76/><E85/><V29/><F29/><W27/><G36/><T77/><D108/><U70/><E79/><V31/><F31/><W117/><G117/><T81/><D77/><U4/><E76/><V133/><F133/><W3/><G110/><T10/><D102/><U1/><E100/><V74/><F74/><W72/><G111/><T90/><D90/><U52/><E2/><V98/><F98/><W71/><G3/><T101/><D101/><U69/><E1/><V20/><F20/><W135/><G135/><T103/><D103/><U24/><E92/><AGARI ba="1,2" hai="6,9,14,50,51,54,59,61,86,88,89,92,93,96" machi="92" ten="30,7700,0" yaku="1,1,7,1,8,1,54,1,53,0" doraHai="64" doraHaiUra="34" who="2" fromWho="1" sc="253,0,371,-80,220,100,136,0" /><INIT seed="5,0,0,0,4,35" ten="253,291,320,136" oya="1" hai0="127,106,101,108,82,84,11,118,115,90,83,54,34" hai1="49,57,48,31,50,130,9,10,5,129,89,6,119" hai2="46,128,70,63,38,29,60,47,112,20,68,73,32" hai3="91,110,53,22,87,98,78,62,75,41,77,61,113"/><U107/><E119/><V102/><F32/><W69/><G110/><T88/><D34/><U66/><E107/><V97/><F73/><W133/><G113/><T65/><D65/><U0/><E31/><V92/><F112/><W59/><G133/><T111/><D115/><U23/><E23/><V3/><F3/><W125/><G125/><T94/><D54/><U104/><E104/><V134/><F128/><N who="1" m="49257" /><E89/><V131/><F38/><W13/><G75/><T8/><D11/><U81/><E81/><N who="0" m="30729" /><D8/><N who="1" m="3179" /><E0/><V100/><F134/><W85/><G91/><N who="0" m="53607" /><D118/><U132/><E132/><V117/><F117/><W122/><G22/><T21/><D21/><U103/><E103/><V96/><F131/><W1/><G1/><T114/><D127/><U16/><E16/><V116/><F116/><W33/><G33/><T56/><D114/><U55/><E66/><V95/><F20/><W43/><G13/><T120/><D120/><U71/><E71/><V64/><F64/><W14/><G14/><T58/><D90/><U51/><AGARI ba="0,0" hai="5,6,48,49,50,51,55,57" m="3179,49257" machi="51" ten="40,2100,0" yaku="19,1" doraHai="35" who="1" fromWho="1" sc="253,-7,291,21,320,-7,136,-7" /><INIT seed="5,1,0,1,5,92" ten="246,312,313,129" oya="1" hai0="119,80,94,132,26,103,104,113,40,30,100,117,64" hai1="102,17,116,2,127,111,86,97,115,73,120,135,34" hai2="36,74,72,21,121,10,76,45,42,75,65,123,69" hai3="61,5,19,128,114,81,49,18,14,105,52,91,99"/><U70/><RYUUKYOKU type="yao9" ba="1,0" sc="246,0,312,0,313,0,129,0" hai1="2,17,34,70,73,86,97,102,111,115,116,120,127,135" /><INIT seed="5,2,0,2,1,8" ten="246,312,313,129" oya="1" hai0="49,62,118,120,0,22,20,87,68,101,117,114,25" hai1="35,70,91,110,107,31,128,92,130,38,18,21,33" hai2="84,63,19,43,127,99,89,15,82,39,10,132,88" hai3="67,80,121,131,3,32,85,52,45,122,2,37,103"/><U83/><E107/><V97/><F132/><W5/><G131/><T17/><D0/><U81/><E110/><V129/><F129/><N who="1" m="49769" /><E70/><V47/><F127/><W126/><G126/><T12/><D114/><U90/><E38/><V1/><F89/><N who="1" m="33801" /><E92/><V78/><F1/><W42/><G3/><T75/><D75/><U95/><E95/><V6/><F6/><W23/><G5/><T124/><D124/><U36/><E36/><V11/><F11/><W96/><G2/><T44/><D120/><U123/><E31/><V14/><F14/><W54/><G37/><T53/><D101/><U28/><E28/><V27/><F27/><W58/><G103/><T112/><D87/><U48/><E48/><V50/><F39/><W86/><G85/><T98/><D112/><U26/><E123/><V51/><F51/><W100/><G86/><T134/><D98/><N who="2" m="37386" /><F63/><W105/><G121/><T7/><D134/><U104/><E104/><V79/><AGARI ba="2,0" hai="10,15,19,43,47,50,78,79,82,84,88" m="37386" machi="79" ten="30,4000,0" yaku="8,1,52,1,54,1" doraHai="8" who="2" fromWho="2" sc="246,-12,312,-22,313,46,129,-12" /><INIT seed="6,0,0,0,3,89" ten="234,290,359,117" oya="2" hai0="118,81,44,3,1,56,112,42,49,77,13,113,65" hai1="60,83,48,2,18,127,63,98,126,119,43,115,82" hai2="102,122,123,79,117,134,29,58,52,38,95,14,106" hai3="133,128,26,19,20,64,125,61,21,17,110,121,45"/><V111/><F106/><W108/><G121/><T0/><D118/><U55/><E119/><V131/><F117/><W85/><G133/><T120/><D120/><U24/><E115/><N who="0" m="44105" /><D13/><U93/><E2/><V7/><F38/><W109/><G125/><N who="1" m="47626" /><E43/><V16/><F134/><W36/><G128/><T97/><D97/><U104/><E104/><V41/><F79/><W103/><G103/><T90/><D90/><N who="1" m="55607" /><E48/><N who="2" m="30983" /><F41/><W107/><G107/><T28/><D28/><U8/><E8/><N who="2" m="6215" /><F29/><W51/><G36/><T68/><D68/><U91/><E91/><V92/><F102/><W94/><G110/><T72/><D3/><U4/><E63/><AGARI ba="0,0" hai="0,1,42,44,49,56,63,65,72,77,81" m="44105" machi="63" ten="30,1000,0" yaku="15,1" doraHai="89" who="0" fromWho="1" sc="234,10,290,-10,359,0,117,0" /><INIT seed="7,0,0,5,2,3" ten="244,280,359,117" oya="3" hai0="105,55,24,40,77,128,25,41,73,6,119,115,27" hai1="91,80,129,44,34,42,99,7,18,23,26,48,9" hai2="62,112,60,0,82,54,33,83,87,22,52,133,32" hai3="116,74,76,38,131,134,59,4,114,47,122,121,70"/><W98/><G116/><T20/><D105/><U65/><E129/><V126/><F0/><W2/><G131/><T50/><D73/><U103/><E34/><V86/><F22/><W84/><G70/><T72/><D72/><U104/><E65/><V125/><F112/><W101/><G114/><T1/><D77/><U96/><E96/><V51/><F51/><W111/><G59/><N who="0" m="33271" /><D1/><U64/><E64/><V45/><F45/><W8/><G84/><T31/><D115/><U19/><E80/><V89/><F89/><W21/><G21/><T102/><D102/><U56/><E56/><V94/><F94/><W88/><G134/><AGARI ba="0,0" hai="32,33,52,54,60,62,82,83,86,87,125,126,133,134" machi="134" ten="25,3200,0" yaku="22,2,54,1" doraHai="3" who="2" fromWho="3" sc="244,0,280,0,359,32,117,-32" owari="244,-16.0,280,8.0,391,49.0,85,-41.0" /></mjloggm>