<mjloggm ver="2.3"><GO type="97" lobby="0"/><UN n0="%E3%81%AE%E3%81%82%E3%81%B1%E3%81%B1" n1="%E6%AF%98%E6%B2%99%E9%96%80%EF%BC%92%EF%BC%91" n2="%4D%EF%BC%83" n3="%E3%83%88%E3%83%88%E3%83%AA%E5%85%88%E7%94%9F%31%39%E6%AD%B3" dan="13,15,14,15" rate="1891.58,2060.25,1923.88,2025.43" sx="M,M,M,F"/><TAIKYOKU oya="0"/><INIT seed="0,0,0,1,4,91" ten="250,250,250,250" oya="0" hai0="67,47,60,100,87,28,102,13,55,79,36,57,134" hai1="123,45,68,126,59,38,27,48,30,132,69,64,10" hai2="114,95,77,104,111,15,131,112,107,3,49,101,130" hai3="21,74,23,46,5,65,41,56,50,33,53,43,66"/><T0/><D0/><U62/><E123/><V119/><F3/><W35/><G74/><T118/><D118/><U129/><E10/><V115/><F15/><W122/><G122/><T135/><D28/><U12/><E132/><N who="0" m="50729" /><D67/><U6/><E129/><N who="2" m="49163" /><F49/><W37/><G43/><N who="0" m="23015" /><D13/><U11/><E126/><V52/><F52/><W4/><G66/><T32/><D32/><U106/><E106/><N who="2" m="40491" /><F119/><W120/><G120/><T110/><D110/><U19/><E6/><V44/><F44/><W63/><G35/><T84/><D79/><U128/><E38/><V61/><F61/><W24/><G33/><T109/><D109/><U14/><E14/><V103/><F111/><W29/><REACH who="3" step="1"/><G23/><REACH who="3" ten="250,250,250,240" step="2"/><T40/><D40/><U31/><E128/><V121/><F121/><W113/><G113/><T78/><D78/><U8/><E8/><V86/><F77/><W20/><G20/><T94/><D102/><U116/><E116/><V71/><F71/><AGARI ba="0,1" hai="4,5,21,24,29,37,41,46,50,53,56,63,65,71" machi="71" ten="30,8000,1" yaku="1,1,7,1,24,2,53,1" doraHai="91" doraHaiUra="70" who="3" fromWho="2" sc="250,0,250,0,250,-80,240,90" /><INIT seed="1,0,0,4,5,60" ten="250,250,170,330" oya="1" hai0="85,123,9,134,124,33,7,5,98,101,104,96,26" hai1="121,27,32,62,70,80,64,133,75,126,73,43,24" hai2="100,81,40,78,12,128,116,120,23,119,63,67,114" hai3="84,54,107,89,28,111,37,2,61,109,4,66,18"/><U16/><E121/><V131/><F120/><W130/><G107/><T122/><D134/><U50/><E133/><V8/><F114/><W86/><G37/><T91/><D124/><U92/><E126/><V105/><F40/><W68/><G130/><N who="2" m="49705" /><F23/><W93/><G28/><T52/><D5/><U106/><E106/><V69/><F100/><W20/><G54/><T83/><D98/><U53/><E43/><V87/><F105/><W71/><G71/><T79/><D33/><U46/><E80/><V118/><F118/><W42/><G42/><T19/><D26/><U135/><E135/><V95/><F95/><W3/><G86/><T29/><D29/><U76/><E76/><V132/><F132/><W35/><G35/><T88/><D19/><AGARI ba="0,0" hai="8,12,19,63,67,69,78,81,87,116,119" m="49705" machi="19" ten="30,2000,0" yaku="19,1,52,1" doraHai="60" who="2" fromWho="0" sc="250,-20,250,0,170,20,330,0" /><INIT seed="2,0,0,2,5,54" ten="230,250,190,330" oya="2" hai0="41,85,37,20,98,114,24,58,3,33,26,78,1" hai1="34,121,21,107,122,15,55,32,94,39,27,46,31" hai2="56,22,59,84,52,120,10,128,104,123,125,108,40" hai3="96,11,36,65,81,127,102,111,103,119,29,12,0"/><V116/><F116/><W51/><G119/><T66/><D114/><U101/><E107/><V17/><F104/><W90/><G36/><T44/><D33/><U14/><E34/><V80/><F40/><W82/><G0/><T112/><D112/><U76/><E76/><V117/><F117/><W71/><G111/><T93/><D26/><U69/><E69/><V86/><F128/><W61/><G127/><T100/><D85/><U60/><E39/><V53/><F125/><W62/><G29/><T72/><D72/><U63/><E63/><N who="3" m="24074" /><G65/><T70/><D70/><U83/><E83/><N who="3" m="31754" /><G71/><T89/><D78/><U106/><E106/><V38/><F38/><W79/><G79/><T97/><D58/><N who="2" m="22058" /><F108/><W88/><G51/><T43/><D66/><U4/><E4/><V118/><F118/><W16/><G96/><T6/><D43/><U91/><E101/><AGARI ba="0,0" hai="11,12,16,88,90,101,102,103" m="31754,24074" machi="101" ten="30,3900,0" yaku="8,1,54,2" doraHai="54" who="3" fromWho="1" sc="230,0,250,-39,190,0,330,39" /><INIT seed="3,0,0,5,5,126" ten="230,211,190,369" oya="3" hai0="123,119,112,134,32,18,127,47,115,35,96,36,89" hai1="78,104,38,133,0,120,76,21,61,60,117,77,110" hai2="84,37,45,132,102,111,72,73,48,54,16,44,101" hai3="81,85,69,10,90,56,42,28,103,100,5,80,26"/><W14/><G69/><T131/><D18/><U95/><E120/><V2/><F2/><W135/><G135/><T57/><D57/><U53/><E0/><V71/><F71/><W12/><G42/><T8/><D8/><U99/><E104/><V25/><F132/><W106/><G106/><T93/><D134/><U1/><E133/><V129/><F129/><W11/><G80/><T65/><D123/><U15/><E1/><V30/><F111/><W40/><G40/><T88/><D119/><U29/><E110/><V67/><F67/><W19/><G56/><T58/><D127/><U24/><E117/><V34/><F73/><W43/><G43/><N who="0" m="23015" /><D89/><N who="1" m="55791" /><E38/><V125/><F72/><W22/><AGARI ba="0,0" hai="5,10,11,12,14,19,22,26,28,81,85,90,100,103" machi="22" ten="20,3900,0" yaku="0,1,7,1,8,1" doraHai="126" who="3" fromWho="3" sc="230,-13,211,-13,190,-13,369,39" owari="217,2.0,198,-20.0,177,-32.0,408,50.0" /></mjloggm>