<mjloggm ver="2.3"><GO type="41" lobby="0"/><UN n0="%E5%B0%B1%E6%B4%BB%E7%94%9F%40%E5%B7%9D%E6%9D%91%E8%BB%8D%E5%9B%A3" n1="%73%74%78%73%65%69%79%61" n2="%E5%87%B8%E3%83%97%E3%83%A9%E3%82%B9%CE%B1" n3="%E3%83%AF%E3%82%AD%E3%82%AC" dan="15,14,16,14" rate="2009.37,1877.15,2071.43,2136.47" sx="M,M,M,M"/><TAIKYOKU oya="0"/><INIT seed="0,0,0,2,1,93" ten="250,250,250,250" oya="0" hai0="14,66,41,53,6,16,25,15,19,112,62,70,122" hai1="72,134,13,5,94,101,42,68,31,55,98,23,88" hai2="118,30,44,131,133,78,33,80,135,84,40,113,108" hai3="110,29,58,35,36,120,26,132,67,69,49,63,96"/><T115/><D122/><U75/><E134/><V102/><F33/><W59/><G110/><T37/><D6/><U39/><E68/><V95/><F30/><W3/><G3/><T65/><D25/><U11/><E55/><V104/><F44/><W76/><G76/><T91/><D91/><U46/><REACH who="1" step="1"/><E101/><REACH who="1" ten="250,240,250,250" step="2"/><V27/><F135/><W60/><G69/><T17/><D53/><U28/><E28/><V79/><F102/><W105/><G29/><T81/><D65/><U119/><E119/><V109/><F133/><W8/><G67/><T111/><D111/><U124/><E124/><V34/><F118/><W18/><G132/><T47/><REACH who="0" step="1"/><D81/><REACH who="0" ten="240,240,250,250" step="2"/><U103/><E103/><V0/><F80/><W117/><G117/><T126/><D126/><U97/><E97/><V64/><F64/><W12/><G96/><T2/><D2/><U92/><E92/><V100/><F0/><W82/><G82/><T43/><D43/><U9/><E9/><V51/><F40/><W121/><G8/><T77/><D77/><U4/><E4/><V32/><F79/><W87/><G121/><T24/><D24/><AGARI ba="0,2" hai="5,11,13,23,24,31,39,42,46,72,75,88,94,98" machi="24" ten="40,5200,0" yaku="1,1,52,1,54,1,53,0" doraHai="93" doraHaiUra="99" who="1" fromWho="0" sc="240,-52,240,72,250,0,250,0" /><INIT seed="1,0,0,1,0,56" ten="188,312,250,250" oya="1" hai0="111,3,71,117,63,10,82,97,100,49,37,104,121" hai1="88,2,50,38,21,31,130,25,109,0,67,12,39" hai2="59,118,53,28,89,29,33,32,44,77,35,115,47" hai3="79,42,78,66,24,70,5,54,91,73,9,123,94"/><U105/><E130/><V120/><F118/><W57/><G42/><T52/><D111/><U128/><E128/><V84/><F120/><W133/><G123/><T126/><D121/><U108/><E105/><V81/><F115/><W15/><G73/><T110/><D126/><U122/><E122/><V69/><F69/><W18/><G66/><T14/><D110/><N who="1" m="42603" /><E67/><V127/><F127/><W45/><G45/><T93/><D37/><N who="1" m="13835" /><E50/><V112/><F112/><W98/><G70/><T51/><D117/><U30/><E30/><V4/><F29/><W92/><G92/><T6/><D82/><U8/><E88/><V102/><F102/><W64/><G64/><T20/><D104/><U119/><E119/><V7/><F28/><W65/><G65/><T132/><D132/><U87/><E87/><V72/><F47/><W134/><G134/><T41/><D41/><U48/><E48/><V55/><F44/><W95/><G95/><T124/><D124/><U113/><E113/><V131/><F131/><W125/><G125/><T96/><D96/><U99/><E99/><V106/><F106/><W101/><G101/><T85/><D85/><U74/><E74/><V46/><F46/><W11/><G133/><T43/><D43/><U27/><E27/><V13/><F72/><W22/><G11/><T116/><D116/><U129/><E129/><V103/><F103/><W61/><AGARI ba="0,0" hai="5,9,15,18,22,24,54,57,61,78,79,91,94,98" machi="61" ten="20,12000,2" yaku="0,1,7,1,25,2,8,1,52,1" doraHai="56" who="3" fromWho="3" sc="188,-30,312,-60,250,-30,250,120" /><INIT seed="2,0,0,2,2,99" ten="158,252,220,370" oya="2" hai0="32,96,45,4,80,85,88,14,54,71,130,95,125" hai1="39,92,119,121,109,103,74,44,112,75,58,90,18" hai2="34,33,67,105,70,12,91,43,76,126,56,127,8" hai3="101,113,79,59,16,114,68,131,48,122,42,7,29"/><V36/><F105/><W123/><G68/><T46/><D125/><U62/><E119/><V100/><F70/><W84/><G29/><T128/><D32/><U133/><E112/><V77/><F91/><W69/><G69/><T61/><D71/><U5/><E133/><V30/><F43/><W118/><G7/><T50/><D61/><U51/><E121/><V72/><F36/><W64/><G118/><T63/><D63/><U117/><E117/><V135/><F56/><W21/><G64/><T52/><D54/><U66/><E109/><V86/><F86/><W82/><G131/><N who="0" m="50219" /><D4/><U65/><E39/><V120/><F72/><W111/><G111/><T83/><D14/><U49/><E103/><V47/><F12/><W134/><G134/><T40/><D85/><U115/><E115/><V57/><F135/><W10/><G10/><T129/><N who="0" m="50227" /><T106/><DORA hai="60" /><D106/><U25/><E5/><V0/><F57/><W6/><G6/><T132/><D132/><U13/><E25/><V37/><F37/><AGARI ba="0,0" hai="37,40,45,46,50,52,80,83,88,95,96" m="50227" machi="37" ten="40,5200,0" yaku="19,1,54,2" doraHai="99,60" who="0" fromWho="2" sc="158,52,252,0,220,-52,370,0" /><INIT seed="3,0,0,1,1,38" ten="210,252,168,370" oya="3" hai0="84,42,48,46,114,81,18,59,109,82,66,108,131" hai1="35,83,30,41,121,113,69,94,29,57,97,37,117" hai2="73,126,68,74,128,104,50,130,14,77,51,44,1" hai3="7,95,58,115,105,79,49,65,60,0,55,93,45"/><W89/><G105/><T13/><D131/><U8/><E121/><V110/><F1/><W72/><G115/><T10/><D114/><U106/><E113/><V11/><F104/><W78/><G93/><T24/><D24/><U33/><E117/><V22/><F68/><W87/><G72/><T133/><D133/><U132/><E132/><V52/><F110/><W61/><G7/><T124/><D124/><U27/><E69/><V53/><F126/><W91/><G91/><T88/><D66/><U25/><E106/><V112/><F22/><W4/><G4/><T99/><D99/><U9/><E57/><V32/><F32/><W123/><G0/><T101/><D101/><U134/><E134/><V70/><F70/><W12/><G12/><T2/><D2/><U31/><E83/><V103/><F103/><W116/><G116/><T90/><D59/><U17/><E17/><V67/><F67/><W20/><G20/><T122/><D122/><U125/><E125/><V80/><F74/><W62/><G123/><T6/><D6/><U47/><REACH who="1" step="1"/><E31/><REACH who="1" ten="210,242,168,370" step="2"/><V111/><F112/><W119/><G119/><T92/><D92/><U34/><E34/><V100/><F111/><N who="0" m="42570" /><D82/><U107/><E107/><V63/><F80/><W54/><G65/><T40/><D90/><AGARI ba="0,1" hai="8,9,25,27,29,30,33,35,37,41,47,90,94,97" machi="90" ten="30,12000,2" yaku="1,1,7,1,9,1,52,1,53,2" doraHai="38" doraHaiUra="21" who="1" fromWho="0" sc="210,-120,242,130,168,0,370,0" /><INIT seed="4,0,0,1,2,73" ten="90,372,168,370" oya="0" hai0="121,66,135,94,130,67,54,85,60,62,103,91,128" hai1="77,118,99,30,45,24,101,50,17,44,29,109,47" hai2="108,78,68,76,33,97,25,26,59,123,132,125,124" hai3="116,61,32,102,83,88,13,0,72,40,82,20,115"/><T100/><D121/><U46/><E118/><V41/><F68/><W90/><G32/><T134/><D54/><N who="1" m="30023" /><E109/><V63/><F123/><W36/><G0/><T71/><D100/><U86/><E101/><V2/><F2/><W133/><G102/><T69/><REACH who="0" step="1"/><D103/><REACH who="0" ten="80,372,168,370" step="2"/><U55/><E55/><V5/><F108/><W23/><G116/><T98/><D98/><U7/><E99/><V105/><F97/><W52/><G52/><T79/><D79/><U96/><E96/><V104/><F41/><W74/><G40/><T70/><D70/><U92/><E77/><V127/><F63/><W95/><G61/><T37/><D37/><U42/><E42/><V58/><F125/><W12/><G36/><T56/><D56/><U80/><E92/><V9/><F59/><W6/><G95/><T120/><D120/><U114/><E80/><V129/><F58/><W15/><G82/><T4/><D4/><U43/><E86/><V11/><F5/><W1/><G83/><T19/><D19/><U107/><E107/><V48/><F48/><W10/><G6/><T93/><D93/><U31/><E114/><V112/><F112/><W22/><G115/><T16/><D16/><U113/><E113/><V34/><REACH who="2" step="1"/><F132/><AGARI ba="0,1" hai="60,62,66,67,69,71,85,91,94,128,130,132,134,135" machi="132" ten="40,7700,0" yaku="1,1,9,1,20,1,53,0" doraHai="73" doraHaiUra="117" who="0" fromWho="2" sc="80,87,372,0,168,-77,370,0" /><INIT seed="4,1,0,2,3,93" ten="167,372,91,370" oya="0" hai0="132,22,51,106,55,4,52,53,122,27,16,48,117" hai1="85,28,83,61,32,104,72,102,50,97,81,123,99" hai2="86,84,94,15,131,5,2,82,101,130,13,119,41" hai3="90,44,66,70,62,29,14,71,118,111,0,19,125"/><T24/><D106/><U54/><E123/><V73/><F2/><W98/><G111/><T6/><D122/><U33/><E28/><V112/><F41/><W3/><G29/><T120/><D120/><U133/><E133/><V88/><F5/><N who="0" m="2154" /><D132/><U77/><E61/><V11/><F11/><W69/><G118/><T7/><D117/><U79/><REACH who="1" step="1"/><E99/><REACH who="1" ten="167,362,91,370" step="2"/><V58/><F119/><W92/><G125/><T63/><D63/><U68/><E68/><V113/><F131/><W109/><G109/><T43/><D43/><U95/><E95/><V31/><F94/><W91/><G62/><T39/><D39/><U17/><E17/><V47/><F130/><W45/><G70/><T124/><D124/><U38/><E38/><V75/><F31/><W67/><G71/><T18/><D7/><U42/><E42/><V114/><F114/><W10/><G69/><T110/><D110/><U115/><E115/><V56/><F113/><W126/><G126/><T87/><D87/><U1/><E1/><V26/><F112/><W23/><G0/><T8/><D8/><U35/><E35/><V9/><F9/><W134/><G3/><T89/><D89/><U128/><E128/><V21/><F88/><W129/><G134/><T74/><D74/><U121/><E121/><V49/><F75/><W60/><G129/><T65/><D65/><N who="3" m="24585" /><G60/><T96/><D96/><U40/><E40/><V100/><F73/><W64/><G64/><T78/><D78/><U20/><E20/><AGARI ba="1,1" hai="16,18,20,22,24,27,48,51,52,53,55" m="2154" machi="20" ten="30,5800,0" yaku="8,1,54,2" doraHai="93" who="0" fromWho="1" sc="167,71,362,-61,91,0,370,0" /><INIT seed="4,2,0,0,5,35" ten="238,301,91,370" oya="0" hai0="33,69,17,1,12,6,104,113,50,41,8,54,105" hai1="19,36,117,56,26,4,130,14,55,115,134,73,47" hai2="120,128,18,116,60,16,58,125,111,27,135,32,82" hai3="110,30,100,88,63,67,95,11,103,91,86,119,24"/><T89/><D69/><U2/><E117/><V80/><F120/><W122/><G110/><T77/><D113/><U20/><E115/><V78/><F111/><W118/><G122/><T68/><D68/><U132/><E73/><V52/><F116/><W38/><G38/><T96/><D41/><N who="1" m="22951" /><E130/><V22/><F128/><W101/><G11/><T114/><D33/><U29/><E56/><V87/><F135/><N who="1" m="51753" /><E55/><V43/><F125/><W106/><G91/><T45/><D114/><U72/><E72/><V126/><F126/><W90/><G90/><T44/><D44/><U53/><E53/><V75/><F32/><W85/><G85/><T70/><D70/><U79/><E79/><V112/><F112/><W76/><G76/><T31/><D31/><U92/><E92/><V84/><F43/><W94/><G94/><T49/><D77/><U71/><E71/><V124/><F124/><W98/><G119/><T65/><D65/><U109/><E109/><V129/><F129/><W123/><G123/><T83/><D50/><U127/><E127/><V10/><REACH who="2" step="1"/><F80/><REACH who="2" ten="238,301,81,370" step="2"/><W39/><G118/><T66/><D83/><U62/><E62/><V42/><F42/><W3/><G63/><T121/><D121/><U9/><E29/><V0/><F0/><AGARI ba="2,1" hai="0,2,4,9,14,19,20,26" m="51753,22951" machi="0" ten="30,3900,0" yaku="20,1,52,2" doraHai="35" who="1" fromWho="2" sc="238,0,301,55,81,-45,370,0" /><INIT seed="5,0,0,5,3,14" ten="238,356,36,370" oya="1" hai0="8,110,2,94,70,66,12,81,106,41,107,118,60" hai1="125,128,26,103,27,22,46,39,74,72,38,67,6" hai2="91,119,113,47,21,1,97,55,109,30,48,71,100" hai3="134,20,49,32,34,95,18,116,83,124,129,57,16"/><U114/><E128/><V92/><F109/><W43/><G129/><T29/><D110/><U33/><E125/><V28/><F1/><W52/><G43/><T62/><D118/><U104/><E114/><V59/><F71/><W54/><G124/><T58/><D2/><U130/><E130/><V4/><F119/><W7/><G116/><T65/><D29/><U77/><E33/><V79/><F113/><W40/><G7/><T117/><D117/><U135/><E135/><V36/><F4/><W86/><G95/><T10/><D41/><U88/><E6/><V126/><F126/><W9/><G40/><T132/><D132/><U89/><E67/><V64/><F36/><W105/><G105/><T44/><D44/><U99/><E27/><V13/><F79/><W76/><G134/><T78/><D94/><U82/><E74/><V56/><F100/><W45/><G9/><T31/><D31/><N who="2" m="11818" /><F64/><W5/><G5/><T23/><D23/><U96/><E46/><V73/><F73/><W42/><G54/><T123/><D123/><U115/><E115/><V84/><F97/><W35/><REACH who="3" step="1"/><G20/><REACH who="3" ten="238,356,36,360" step="2"/><T93/><D93/><U68/><E68/><V61/><F61/><AGARI ba="0,1" hai="16,18,32,34,35,42,45,49,52,57,61,76,83,86" machi="61" ten="40,12000,2" yaku="1,1,2,1,52,2,54,2,53,0" doraHai="14" doraHaiUra="0" who="3" fromWho="2" sc="238,0,356,0,36,-120,360,130" owari="238,-16.0,356,16.0,-84,-58.0,490,58.0" /></mjloggm>