<mjloggm ver="2.3"><GO type="41" lobby="0"/><UN n0="%E7%9C%9F%E4%B8%AD%E5%90%88%E6%AD%93" n1="%E5%B0%B1%E6%B4%BB%E7%94%9F%40%E5%B7%9D%E6%9D%91%E8%BB%8D%E5%9B%A3" n2="%73%68%63%77" n3="%4D%6F%6B%6B%6F%4D" dan="13,14,15,15" rate="1907.02,1930.24,1994.11,1951.58" sx="F,M,M,M"/><TAIKYOKU oya="0"/><INIT seed="0,0,0,2,4,58" ten="250,250,250,250" oya="0" hai0="47,98,52,31,54,10,0,3,66,4,107,24,45" hai1="105,126,73,108,32,115,131,80,46,78,65,76,64" hai2="26,110,93,88,20,79,6,118,11,9,51,134,35" hai3="21,63,71,28,91,40,2,53,27,96,111,94,82"/><T100/><D66/><U121/><E105/><V12/><F118/><W112/><G2/><T72/><D72/><U62/><E121/><V75/><F134/><W124/><G111/><T106/><D0/><U15/><E108/><V1/><F110/><W49/><G124/><T70/><D70/><U19/><E32/><V90/><F35/><W135/><G135/><T116/><D116/><U13/><E126/><V59/><F79/><W129/><G129/><T130/><D130/><U86/><E115/><V48/><F75/><W16/><G112/><T34/><REACH who="0" step="1"/><D107/><REACH who="0" ten="240,250,250,250" step="2"/><U60/><E131/><V103/><F103/><W74/><G74/><T25/><D25/><U18/><E73/><V8/><F1/><W104/><G104/><T29/><D29/><U38/><E65/><V85/><F90/><W113/><G113/><T109/><D109/><U5/><E64/><V23/><F26/><W132/><G132/><T68/><D68/><U43/><E76/><V101/><F101/><W97/><G71/><T36/><D36/><U89/><E78/><V57/><F12/><W123/><G123/><T122/><D122/><U102/><E102/><V114/><F114/><W95/><G28/><T128/><D128/><U84/><E89/><V125/><F125/><W119/><G119/><T30/><D30/><U133/><E133/><V14/><F14/><W17/><G91/><T117/><D117/><U42/><E38/><V41/><F6/><W87/><G27/><T99/><D99/><U56/><E5/><V33/><F88/><W44/><G97/><T61/><D61/><U92/><E15/><RYUUKYOKU ba="0,1" sc="240,30,250,-10,250,-10,250,-10" hai0="3,4,10,24,31,34,45,47,52,54,98,100,106" /><INIT seed="0,1,1,5,1,11" ten="270,240,240,240" oya="0" hai0="73,106,4,10,75,37,83,134,72,54,68,3,33" hai1="80,93,17,118,58,25,132,61,95,12,92,133,102" hai2="121,6,103,38,46,1,55,71,96,7,112,59,90" hai3="70,21,45,77,23,22,124,50,16,26,98,44,108"/><T67/><D134/><U116/><E102/><V85/><F121/><W41/><G108/><T123/><D123/><U107/><E107/><V34/><F34/><W5/><G70/><T86/><D33/><U87/><E25/><V8/><F71/><W114/><G124/><T14/><D106/><U52/><E118/><V69/><F69/><W64/><G64/><T76/><D37/><U105/><E105/><V63/><F7/><W66/><G66/><T18/><D54/><U29/><E29/><V89/><F112/><W40/><G114/><T129/><D129/><U82/><E116/><V88/><F96/><W51/><G77/><T27/><D27/><U42/><E42/><V130/><F103/><W48/><G98/><T19/><REACH who="0" step="1"/><D3/><REACH who="0" ten="260,240,240,240" step="2"/><U79/><REACH who="1" step="1"/><E80/><REACH who="1" ten="260,230,240,240" step="2"/><V99/><F130/><W53/><G40/><T2/><D2/><U20/><AGARI ba="1,3" hai="12,17,20,52,58,61,79,82,87,92,93,95,132,133" machi="20" ten="30,8000,1" yaku="1,1,2,1,0,1,52,1,54,1,53,0" doraHai="11" doraHaiUra="113" who="1" fromWho="1" sc="260,-41,230,113,240,-21,240,-21" /><INIT seed="1,0,0,2,3,93" ten="219,343,219,219" oya="1" hai0="68,71,104,52,44,76,10,22,1,42,100,25,96" hai1="13,73,97,18,62,91,2,119,123,7,55,50,113" hai2="115,3,114,23,61,40,57,43,83,85,46,29,11" hai3="28,74,37,56,122,134,72,81,26,86,33,88,98"/><U120/><E73/><V64/><F43/><W58/><G134/><T31/><D76/><U107/><E119/><V49/><F29/><W38/><G122/><T47/><D1/><U5/><E113/><V89/><REACH who="2" step="1"/><F23/><REACH who="2" ten="219,343,209,219" step="2"/><W54/><G38/><T36/><REACH who="0" step="1"/><D10/><REACH who="0" ten="209,343,209,219" step="2"/><N who="1" m="6455" /><E120/><V27/><F27/><W105/><G37/><T95/><D95/><N who="1" m="56575" /><E123/><V80/><F80/><W12/><G12/><T121/><D121/><U78/><E107/><V126/><F126/><W9/><G9/><T32/><D32/><U124/><E124/><V103/><F103/><W48/><REACH who="3" step="1"/><G56/><REACH who="3" ten="209,343,209,209" step="2"/><T135/><D135/><U127/><E127/><V82/><F82/><W118/><G118/><T75/><D75/><U90/><E2/><V101/><F101/><AGARI ba="0,3" hai="26,28,33,48,54,58,72,74,81,86,88,98,101,105" machi="101" ten="40,8000,1" yaku="1,1,52,1,54,1,53,1" doraHai="93" doraHaiUra="92" who="3" fromWho="2" sc="209,0,343,0,209,-80,209,110" /><INIT seed="2,0,0,4,5,87" ten="209,343,129,319" oya="2" hai0="44,41,126,17,97,42,100,47,12,68,54,75,125" hai1="116,80,53,122,31,135,21,63,83,96,94,34,130" hai2="37,86,132,98,35,33,73,27,77,20,109,28,84" hai3="114,1,81,124,7,101,59,26,107,76,113,55,51"/><V11/><F132/><W88/><G124/><N who="0" m="47723" /><D68/><U91/><E116/><V110/><F37/><W95/><G1/><T115/><D75/><U32/><E122/><V57/><F98/><W92/><G7/><T128/><D128/><U16/><E130/><V15/><F73/><W60/><G107/><N who="0" m="63887" /><D115/><N who="3" m="44041" /><G101/><T106/><D106/><U71/><E135/><V14/><F57/><W119/><G119/><T133/><D133/><U105/><E105/><V112/><F112/><W62/><G26/><T64/><D64/><U121/><E121/><V99/><F99/><N who="3" m="57735" /><G95/><T2/><D2/><U5/><E5/><N who="2" m="3439" /><F77/><W30/><G30/><T127/><N who="0" m="47731" /><T61/><DORA hai="120" /><D61/><U111/><E31/><V25/><F84/><AGARI ba="0,0" hai="51,55,59,60,62,76,81,84" m="57735,44041" machi="84" ten="30,3900,0" yaku="11,1,52,1,54,1" doraHai="87,120" who="3" fromWho="2" sc="209,0,343,0,129,-39,319,39" /><INIT seed="3,0,0,1,3,58" ten="209,343,90,358" oya="3" hai0="134,100,99,133,91,2,119,69,61,81,6,97,115" hai1="98,29,125,96,48,39,50,68,37,27,106,12,109" hai2="18,40,1,35,80,90,84,113,131,79,73,108,102" hai3="107,55,38,56,31,43,75,89,66,5,42,11,3"/><W52/><G107/><T17/><D119/><U59/><E68/><V124/><F35/><W65/><G31/><T110/><D115/><U76/><E125/><V15/><F1/><W4/><G75/><T130/><D130/><U112/><E112/><V44/><F113/><W25/><G25/><T8/><D110/><U111/><E76/><V93/><F124/><W36/><G56/><T122/><D122/><U104/><E12/><V117/><F108/><N who="1" m="41545" /><E104/><V116/><F131/><W19/><G11/><T54/><D17/><U105/><E105/><V51/><REACH who="2" step="1"/><F102/><REACH who="2" ten="209,343,80,358" step="2"/><W22/><G3/><T126/><D126/><U63/><E106/><V132/><F132/><W101/><G101/><T60/><D133/><U87/><E37/><V7/><F7/><W123/><G123/><T33/><D33/><N who="1" m="20671" /><E39/><V41/><F41/><W47/><G42/><T70/><D100/><U13/><E98/><V128/><F128/><W72/><G38/><T95/><D134/><U30/><E96/><V24/><F24/><W114/><G114/><T45/><D99/><U20/><E87/><V28/><F28/><W14/><G72/><T9/><D97/><U121/><E121/><V86/><F86/><W77/><G89/><T32/><D2/><U83/><E30/><V71/><F71/><W46/><G77/><T21/><D70/><U53/><E13/><V127/><F127/><W120/><G120/><T129/><D69/><U85/><E85/><V26/><F26/><W118/><G118/><T16/><D129/><U34/><E34/><V94/><F94/><W0/><G0/><N who="0" m="71" /><D32/><U135/><E135/><RYUUKYOKU ba="0,1" sc="209,-10,343,-10,80,30,358,-10" hai2="15,18,40,44,51,73,79,80,84,90,93,116,117" /><INIT seed="4,1,1,3,1,96" ten="199,333,110,348" oya="0" hai0="21,9,6,120,53,42,98,17,12,24,128,88,65" hai1="125,10,63,118,28,15,92,23,69,107,43,29,94" hai2="40,130,49,113,133,59,30,35,18,8,57,33,4" hai3="81,129,7,19,44,31,114,84,100,47,95,66,77"/><T102/><D120/><U93/><E118/><V105/><F113/><W55/><G114/><T54/><D65/><U25/><E125/><V104/><F133/><W109/><G109/><T13/><D128/><U50/><E107/><V37/><F130/><W131/><G131/><T20/><D42/><U2/><E2/><V103/><F37/><W27/><G129/><T85/><D24/><U123/><E123/><V32/><F105/><W75/><G7/><T16/><D85/><U108/><E108/><V127/><F127/><W74/><G19/><T83/><D83/><U116/><E116/><V99/><F30/><W22/><G66/><T14/><REACH who="0" step="1"/><D88/><REACH who="0" ten="189,333,110,348" step="2"/><U52/><E43/><V112/><F112/><W101/><G75/><T1/><D1/><U76/><E76/><V64/><F64/><W67/><G67/><T97/><D97/><U135/><E135/><V0/><REACH who="2" step="1"/><F18/><REACH who="2" ten="189,333,100,348" step="2"/><W45/><REACH who="3" step="1"/><G55/><REACH who="3" ten="189,333,100,338" step="2"/><T110/><D110/><U41/><E52/><V122/><F122/><W11/><G11/><T72/><D72/><U39/><E10/><V73/><F73/><W126/><G126/><T117/><D117/><U90/><E29/><V89/><F89/><AGARI ba="1,4" hai="22,27,31,44,45,47,74,77,81,84,89,95,100,101" machi="89" ten="40,5200,0" yaku="1,1,52,2,53,0" doraHai="96" doraHaiUra="38" who="3" fromWho="2" sc="189,0,333,0,100,-55,338,95" /><INIT seed="5,0,0,1,0,37" ten="189,333,45,433" oya="1" hai0="36,64,85,94,47,33,125,124,58,123,53,104,46" hai1="72,78,26,52,65,15,3,17,31,16,129,96,132" hai2="51,116,5,18,97,10,39,101,77,14,111,34,80" hai3="56,28,68,121,67,128,4,88,62,127,6,84,73"/><U135/><E3/><V93/><F111/><W44/><G121/><T119/><D104/><U49/><E65/><V0/><F116/><W109/><G109/><T48/><D33/><U86/><E72/><V69/><F69/><W25/><G128/><T50/><D119/><U7/><E129/><V87/><F39/><W61/><G127/><N who="0" m="48715" /><D94/><U11/><E96/><V45/><F34/><W79/><G79/><T83/><D83/><N who="1" m="47479" /><E31/><V110/><F110/><W75/><G75/><T95/><D95/><U60/><E60/><V2/><REACH who="2" step="1"/><F18/><REACH who="2" ten="189,333,35,433" step="2"/><W21/><G73/><T126/><D126/><U90/><E135/><V35/><F35/><W9/><G68/><T118/><D118/><U114/><E132/><V122/><F122/><W99/><G4/><T22/><D36/><U42/><E17/><V70/><F70/><W20/><G6/><T115/><D123/><U8/><E16/><V130/><F130/><W23/><G28/><T40/><D115/><U54/><E114/><V105/><F105/><W1/><G25/><T117/><D117/><U55/><E11/><V32/><F32/><W74/><G9/><T106/><D22/><U108/><E108/><V27/><F27/><W76/><G23/><T43/><D106/><U29/><E26/><V82/><F82/><W13/><G21/><T19/><D19/><U57/><E29/><V100/><F100/><W102/><G20/><T89/><D85/><U133/><E133/><V41/><AGARI ba="0,1" hai="0,2,5,10,14,41,45,51,77,80,87,93,97,101" machi="41" ten="20,12000,2" yaku="1,1,0,1,7,1,25,2,52,1,53,0" doraHai="37" doraHaiUra="66" who="2" fromWho="2" sc="189,-30,333,-60,35,130,433,-30" /><INIT seed="6,0,0,5,3,52" ten="159,273,165,403" oya="2" hai0="67,1,47,4,12,22,69,132,3,44,13,115,57" hai1="74,128,78,101,43,92,30,7,70,35,121,99,48" hai2="100,133,33,129,127,73,89,25,110,112,95,75,68" hai3="91,63,126,87,108,34,104,86,102,103,122,94,31"/><V53/><F68/><W80/><G31/><T130/><D69/><U39/><E70/><V90/><F112/><W45/><G34/><T84/><D115/><U23/><E121/><V88/><F127/><W76/><G45/><T32/><D32/><U83/><E128/><V62/><F129/><W107/><G63/><T135/><D130/><U21/><E7/><V17/><F133/><N who="0" m="51274" /><D84/><U131/><E39/><V29/><F110/><W71/><G71/><T98/><D98/><U93/><E131/><V26/><F26/><W118/><G108/><T58/><D67/><U66/><E66/><V28/><F28/><W38/><G38/><T54/><D54/><U11/><E35/><V96/><REACH who="2" step="1"/><F17/><REACH who="2" ten="159,273,155,403" step="2"/><W36/><G126/><T20/><D4/><U119/><E30/><V114/><F114/><W50/><G122/><T6/><D6/><U109/><E109/><V24/><F24/><W56/><G118/><T60/><D1/><U27/><E27/><V117/><F117/><W46/><G107/><T64/><D3/><U9/><E119/><V113/><F113/><W15/><G104/><T116/><D116/><U8/><E93/><V42/><F42/><W55/><REACH who="3" step="1"/><G15/><REACH who="3" ten="159,273,155,393" step="2"/><T41/><D12/><U18/><E18/><V125/><F125/><W37/><G37/><T59/><D13/><U72/><E43/><AGARI ba="0,2" hai="36,43,46,50,55,56,76,80,86,87,91,94,102,103" machi="43" ten="40,2600,0" yaku="1,1,52,1,53,0" doraHai="52" doraHaiUra="0" who="3" fromWho="1" sc="159,0,273,-26,155,0,393,46" /><INIT seed="7,0,0,4,5,57" ten="159,247,155,439" oya="3" hai0="116,81,59,8,67,133,104,38,39,29,13,62,80" hai1="15,30,12,49,47,113,25,48,94,91,5,50,45" hai2="100,55,131,60,103,132,34,20,27,44,87,69,32" hai3="54,64,0,115,108,89,102,88,101,65,24,41,85"/><W95/><G0/><T99/><D116/><U53/><E113/><V106/><F132/><W134/><G115/><T40/><D29/><U120/><E120/><V123/><F123/><W117/><G117/><T1/><D1/><U126/><E126/><V7/><F131/><W35/><G134/><T78/><D133/><U17/><E5/><V74/><F74/><W71/><G41/><T9/><D9/><U124/><E124/><V26/><F7/><W14/><G14/><T125/><D125/><U135/><E135/><V18/><F106/><W96/><G108/><T92/><D104/><U110/><E110/><V51/><F87/><W77/><G77/><T112/><D112/><U61/><E61/><V128/><F128/><W28/><G54/><T79/><D39/><U121/><E15/><V111/><F111/><W82/><G65/><T70/><D40/><U122/><E12/><V105/><F105/><W43/><G43/><T6/><D38/><U83/><E53/><V19/><F34/><W63/><AGARI ba="0,0" hai="24,28,35,63,64,71,82,85,88,89,95,96,101,102" machi="63" ten="30,6000,0" yaku="0,1,52,1,54,1" doraHai="57" who="3" fromWho="3" sc="159,-20,247,-20,155,-20,439,60" owari="139,-26.0,227,3.0,135,-36.0,499,59.0" /></mjloggm>