<mjloggm ver="2.3"><GO type="169" lobby="0"/><UN n0="%E9%9B%80%E9%BE%8D%E9%96%80%5F%59%75%74%69" n1="%62%75%74%69%74%61%6D%61" n2="%65%67%69%73%68%6F%32" n3="%E5%B0%B1%E6%B4%BB%E7%94%9F%40%E5%B7%9D%E6%9D%91%E8%BB%8D%E5%9B%A3" dan="18,18,16,17" rate="2256.05,2182.50,2158.67,2204.99" sx="M,M,M,M"/><TAIKYOKU oya="0"/><INIT seed="0,0,0,5,3,89" ten="250,250,250,250" oya="0" hai0="85,54,91,109,64,50,82,90,130,76,69,10,52" hai1="70,110,44,127,126,131,103,79,104,20,106,37,95" hai2="23,12,46,65,25,80,53,41,97,111,2,45,98" hai3="60,94,63,42,77,29,48,3,93,8,118,47,27"/><T71/><D130/><U0/><E70/><V117/><F2/><W4/><G118/><T62/><D109/><U105/><E0/><V40/><F65/><W30/><G77/><T15/><D71/><U28/><E110/><V123/><F111/><W114/><G114/><T86/><D76/><U7/><E7/><V13/><F80/><W83/><G83/><T84/><D91/><U56/><E79/><V120/><F23/><W133/><G133/><T14/><D54/><U81/><E81/><V22/><F22/><W124/><G124/><N who="1" m="47658" /><E56/><V75/><F53/><W73/><G30/><T26/><D26/><N who="1" m="16455" /><E131/><V101/><F25/><W32/><REACH who="3" step="1"/><G73/><REACH who="3" ten="250,250,250,240" step="2"/><T128/><D128/><U116/><E116/><V68/><F117/><W16/><G16/><T88/><D82/><U99/><E106/><V19/><F19/><W74/><G74/><T61/><D62/><AGARI ba="0,1" hai="3,4,8,27,29,32,42,47,48,60,62,63,93,94" machi="62" ten="40,8000,1" yaku="1,1,52,2,53,1" doraHai="89" doraHaiUra="34" who="3" fromWho="0" sc="250,-80,250,0,250,0,240,90" /><INIT seed="1,0,0,3,2,84" ten="170,250,250,330" oya="1" hai0="14,19,16,129,59,133,71,118,66,123,32,45,39" hai1="29,46,109,41,0,94,23,115,72,57,107,100,134" hai2="85,64,108,58,42,48,82,54,119,43,67,17,34" hai3="40,22,56,81,70,33,77,89,7,69,55,21,88"/><U127/><E107/><V4/><F34/><W27/><G33/><T5/><D133/><U49/><E72/><V105/><F105/><W83/><G70/><T38/><D129/><U96/><E115/><V97/><F97/><W91/><G69/><T102/><D123/><U30/><E0/><V125/><F119/><W130/><G130/><T10/><D118/><U128/><E128/><V120/><F120/><W51/><G7/><T8/><D71/><U80/><E134/><V106/><F106/><W35/><G35/><T12/><D32/><U76/><E127/><V79/><F125/><W110/><G110/><T52/><D5/><U121/><E121/><V28/><F28/><N who="3" m="17519" /><G77/><T44/><D66/><N who="2" m="25130" /><F4/><W132/><G132/><T1/><D1/><U9/><E9/><V24/><F108/><W36/><G36/><T126/><D126/><U2/><E2/><V15/><F24/><W135/><G135/><T93/><D39/><U95/><E109/><V117/><F117/><W87/><G81/><T124/><D38/><U50/><E23/><AGARI ba="0,0" hai="15,17,23,42,43,48,54,58,79,82,85" m="25130" machi="23" ten="30,1000,0" yaku="8,1" doraHai="84" who="2" fromWho="1" sc="170,0,250,-10,250,10,330,0" /><INIT seed="2,0,0,1,4,100" ten="170,240,260,330" oya="2" hai0="35,125,52,18,89,12,112,79,27,32,38,75,135" hai1="23,83,43,86,72,133,115,111,40,15,25,130,126" hai2="93,60,106,77,129,92,47,7,124,8,80,67,102" hai3="59,54,13,76,95,119,81,64,45,85,44,73,41"/><V10/><F10/><W62/><G119/><T127/><D38/><U4/><E72/><V31/><F31/><W36/><G45/><T5/><D75/><U24/><E115/><V49/><F129/><W105/><G13/><T1/><D79/><U57/><E130/><V70/><F124/><N who="0" m="47690" /><D89/><U68/><E68/><V108/><F108/><W37/><G37/><T104/><D112/><U113/><E113/><V51/><F51/><W120/><G120/><T90/><D90/><U3/><E3/><V87/><F102/><W34/><G34/><T14/><D135/><U6/><E25/><V109/><F106/><W94/><G105/><T58/><D1/><U71/><E71/><V98/><F98/><W20/><G20/><N who="0" m="13719" /><D104/><U63/><E133/><V117/><F117/><W17/><G17/><T29/><D29/><N who="1" m="17567" /><E111/><V50/><F50/><W101/><G101/><T107/><D107/><U66/><E126/><V114/><F114/><W30/><G30/><T121/><D121/><U82/><E82/><V122/><F109/><W33/><G33/><N who="0" m="12875" /><D5/><U134/><E6/><V39/><F39/><W2/><G2/><T88/><D88/><N who="1" m="51295" /><E134/><V55/><F122/><W131/><G131/><T84/><D84/><U103/><E103/><V97/><F97/><W56/><G73/><T26/><D26/><U21/><E4/><V19/><F19/><AGARI ba="0,0" hai="15,19,21,40,43,57,63,66" m="51295,17567" machi="19" ten="30,2000,0" yaku="8,1,54,1" doraHai="100" who="1" fromWho="2" sc="170,0,240,20,260,-20,330,0" /><INIT seed="3,0,0,5,4,2" ten="170,260,240,330" oya="3" hai0="115,121,127,114,93,76,3,48,108,74,11,117,62" hai1="59,106,61,57,72,122,58,97,129,41,103,86,100" hai2="135,64,81,102,20,87,37,7,130,9,25,101,69" hai3="85,1,0,124,51,105,53,83,4,73,50,30,46"/><W17/><G105/><T88/><D121/><U65/><E72/><V126/><F37/><W34/><G73/><T22/><D117/><U38/><E122/><V78/><F135/><W109/><G124/><T15/><D127/><U28/><E129/><V44/><F126/><W94/><G109/><T60/><D108/><U107/><E28/><V70/><F44/><W125/><G125/><T104/><D104/><U56/><E86/><V23/><F130/><W123/><G123/><T27/><D3/><U10/><E10/><V8/><F8/><W55/><G17/><N who="0" m="12751" /><D48/><U52/><E41/><V33/><F33/><W12/><G94/><T96/><D76/><U68/><E38/><V77/><F23/><W43/><G30/><T21/><D21/><U47/><E47/><V16/><F77/><N who="3" m="46319" /><G34/><T134/><D74/><U13/><E13/><V14/><REACH who="2" step="1"/><F64/><REACH who="2" ten="170,260,230,330" step="2"/><W128/><G128/><T131/><D134/><U71/><E65/><V32/><F32/><W113/><G113/><N who="0" m="43019" /><D131/><U54/><E54/><N who="3" m="20490" /><G51/><T112/><N who="0" m="43027" /><T79/><DORA hai="67" /><D79/><U99/><AGARI ba="0,1" hai="52,56,57,58,59,61,68,71,97,99,100,103,106,107" machi="99" ten="30,8000,1" yaku="0,1,9,1,52,2,54,1" doraHai="2,67" who="1" fromWho="1" sc="170,-20,260,90,230,-20,330,-40" /><INIT seed="4,0,0,2,5,108" ten="150,350,210,290" oya="0" hai0="45,33,61,23,124,102,11,20,15,71,5,44,78" hai1="126,88,16,21,117,123,128,112,121,81,95,30,25" hai2="133,96,51,74,70,0,116,27,131,132,79,129,89" hai3="58,46,54,97,87,24,17,77,6,26,2,135,41"/><T3/><D124/><U59/><E126/><V125/><F0/><W13/><G135/><N who="2" m="51785" /><F70/><W28/><G2/><T49/><D33/><U10/><E117/><V48/><F125/><W109/><G6/><T12/><D102/><U39/><E39/><V56/><F116/><W8/><G109/><T19/><D78/><U122/><E81/><N who="2" m="45303" /><F27/><W32/><G97/><T55/><D44/><U106/><E106/><V101/><F89/><W43/><G26/><T37/><D37/><U84/><E128/><N who="2" m="49227" /><F56/><W69/><G69/><T1/><REACH who="0" step="1"/><D23/><REACH who="0" ten="140,350,210,290" step="2"/><U134/><E134/><V35/><F35/><W127/><G127/><T62/><D62/><U90/><E121/><V94/><AGARI ba="0,1" hai="48,51,94,96,101" m="49227,45303,51785" machi="94" ten="30,2000,0" yaku="20,1,19,1" doraHai="108" who="2" fromWho="2" sc="140,-10,350,-5,210,30,290,-5" /><INIT seed="5,0,0,1,1,117" ten="130,345,240,285" oya="1" hai0="100,101,1,131,26,115,5,125,66,74,51,33,104" hai1="18,65,129,86,79,59,56,35,20,61,73,28,39" hai2="103,87,44,97,27,99,71,10,109,31,15,80,50" hai3="37,83,111,58,75,48,55,34,17,135,49,36,43"/><U42/><E73/><V119/><F71/><W6/><G34/><T110/><D66/><U120/><E120/><V82/><F119/><W69/><G111/><T72/><D51/><U52/><E28/><V8/><F8/><W13/><G69/><T121/><D5/><U105/><E105/><V126/><F82/><W67/><G67/><T53/><D53/><U2/><E2/><V94/><F109/><W123/><G6/><T38/><D26/><U29/><E29/><V57/><F57/><W88/><G123/><T70/><D101/><U76/><E35/><V47/><F99/><W4/><G4/><T116/><D100/><U14/><E129/><V54/><F47/><W107/><G135/><AGARI ba="0,0" hai="1,33,38,70,72,74,104,110,115,116,121,125,131,135" machi="135" ten="0,32000,5" yakuman="47" doraHai="117" who="0" fromWho="3" sc="130,320,345,0,240,0,285,-320" owari="450,55.0,345,15.0,240,-16.0,-35,-54.0" /></mjloggm>