<mjloggm ver="2.3"><GO type="225" lobby="0"/><UN n0="%E3%83%88%E3%83%88%E3%83%AA%E5%85%88%E7%94%9F%31%39%E6%AD%B3" n1="%E3%81%8D%E3%81%A6%E3%81%83%E2%98%86%E3%81%B1%E3%81%84" n2="%6B%6F%75%33%32%38%34" n3="%E8%A6%AA%E6%8C%87%EF%BC%88%E5%A4%A7%EF%BC%89" dan="18,16,16,16" rate="2264.69,2100.69,2071.55,2101.70" sx="F,F,F,M"/><TAIKYOKU oya="0"/><INIT seed="0,0,0,1,1,114" ten="250,250,250,250" oya="0" hai0="75,19,90,26,60,54,116,31,21,24,8,29,132" hai1="39,0,5,23,109,124,106,51,102,108,72,119,89" hai2="98,95,76,122,55,113,110,69,48,115,63,25,70" hai3="87,84,27,44,16,120,9,46,91,94,41,43,12"/><T15/><D75/><U134/><E39/><V62/><F122/><W71/><G71/><T28/><D132/><U93/><E72/><V97/><F76/><W32/><G120/><T57/><D116/><U68/><E68/><V133/><F110/><W125/><G125/><T104/><D104/><U50/><E5/><V81/><F81/><W78/><G32/><T3/><D3/><U59/><E0/><V118/><F25/><W18/><G78/><T13/><REACH who="0" step="1"/><D90/><REACH who="0" ten="240,250,250,250" step="2"/><U14/><E106/><V128/><F133/><W45/><G84/><T127/><D127/><U64/><E134/><V117/><F115/><W66/><G66/><T92/><D92/><U40/><E64/><V135/><F95/><W130/><G130/><T6/><AGARI ba="0,1" hai="6,8,13,15,19,21,24,26,28,29,31,54,57,60" machi="6" ten="30,6000,0" yaku="1,1,0,1,8,1,53,0" doraHai="114" doraHaiUra="131" who="0" fromWho="0" sc="240,70,250,-20,250,-20,250,-20" /><INIT seed="0,1,0,5,5,7" ten="310,230,230,230" oya="0" hai0="99,71,10,54,75,55,42,133,116,97,34,39,60" hai1="9,72,56,65,92,38,53,57,5,76,50,90,109" hai2="122,4,101,18,113,43,93,120,0,2,62,13,125" hai3="68,85,12,6,123,87,59,16,129,47,69,21,100"/><T17/><D116/><U121/><E121/><V132/><F113/><W110/><G123/><T115/><D115/><U135/><E38/><V15/><F43/><W36/><G110/><T112/><D112/><U86/><E109/><V70/><F125/><W81/><G129/><T111/><D75/><U44/><E135/><V26/><F132/><W31/><G100/><T33/><D133/><U66/><E72/><V88/><F101/><W51/><G36/><T126/><D111/><U117/><E76/><V106/><F106/><W11/><G59/><N who="1" m="22602" /><E117/><V37/><F37/><W131/><G31/><T77/><D77/><U46/><E46/><V73/><F73/><W24/><G131/><T1/><D126/><U19/><E5/><V41/><F41/><W49/><G87/><T82/><D82/><U95/><E95/><V30/><F2/><W63/><G63/><T64/><D42/><U119/><E119/><V52/><F0/><W23/><G23/><T102/><D39/><U94/><E94/><V105/><F105/><W96/><G96/><T3/><D97/><U61/><E61/><V67/><F4/><W107/><G107/><T114/><D3/><U103/><E103/><V45/><F122/><W32/><G32/><N who="0" m="12395" /><D1/><U127/><E127/><V14/><F120/><W89/><REACH who="3" step="1"/><G51/><REACH who="3" ten="310,230,230,220" step="2"/><T22/><D22/><U98/><E98/><V27/><F62/><W20/><G20/><T83/><D114/><U134/><E134/><V80/><F70/><W28/><G28/><T84/><D102/><U104/><E104/><V35/><F35/><W29/><G29/><T40/><D99/><RYUUKYOKU ba="1,1" sc="310,-15,230,15,230,-15,220,15" hai1="9,19,44,50,53,65,66,86,90,92" hai3="6,11,12,16,21,24,47,49,68,69,81,85,89" /><INIT seed="1,2,1,2,0,108" ten="295,245,215,235" oya="1" hai0="128,2,34,76,27,112,14,19,28,62,82,7,44" hai1="0,132,126,103,80,116,101,50,30,113,96,57,117" hai2="71,63,74,99,46,33,35,104,119,5,111,91,89" hai3="72,88,41,1,81,122,40,31,32,133,135,21,56"/><U60/><E0/><V24/><F119/><W127/><G122/><T51/><D128/><U13/><E126/><V49/><F74/><W79/><G127/><T11/><D62/><U15/><E103/><V67/><F111/><W8/><G32/><T78/><D112/><U59/><E80/><V18/><F5/><N who="3" m="1071" /><G56/><T87/><D78/><U93/><E113/><V130/><F130/><W69/><G69/><T134/><D134/><N who="3" m="51209" /><G88/><T10/><D2/><U36/><E132/><V114/><F114/><W26/><AGARI ba="2,1" hai="21,26,31,40,41,72,79,81" m="51209,1071" machi="26" ten="30,1100,0" yaku="20,1" doraHai="108" who="3" fromWho="3" sc="295,-5,245,-7,215,-5,235,27" /><INIT seed="2,0,0,2,1,53" ten="290,238,210,262" oya="2" hai0="9,107,90,16,108,99,131,132,121,77,119,125,93" hai1="22,57,102,2,106,13,0,103,27,5,85,61,20" hai2="109,100,15,135,87,129,75,69,66,91,81,24,120" hai3="62,111,58,80,95,67,43,88,1,113,60,94,92"/><V34/><F120/><W63/><G1/><T82/><D121/><U72/><E72/><V104/><F129/><W17/><G111/><T25/><D108/><U50/><E0/><V126/><F109/><W122/><G122/><T114/><D114/><U48/><E2/><V86/><F126/><W112/><G43/><T52/><D131/><U70/><E70/><V39/><F39/><W68/><G17/><T110/><D110/><U134/><E134/><V101/><F135/><W96/><G62/><T116/><D132/><U54/><E106/><V71/><F15/><W117/><G117/><N who="0" m="45131" /><D125/><U76/><E5/><V18/><F75/><W89/><G80/><T23/><D107/><U118/><E118/><V123/><F123/><W8/><G8/><T49/><D9/><U128/><E128/><V105/><F105/><W29/><G29/><T4/><D4/><U11/><E11/><V6/><F6/><W28/><G28/><T115/><D82/><N who="1" m="47303" /><E13/><V98/><F100/><N who="1" m="38441" /><E22/><V130/><F130/><W7/><G7/><T74/><D74/><U19/><AGARI ba="0,0" hai="19,20,27,48,50,54,57,61" m="38441,47303" machi="19" ten="30,2000,0" yaku="8,1,52,1" doraHai="53" who="1" fromWho="1" sc="290,-5,238,20,210,-10,262,-5" /><INIT seed="3,0,0,1,1,6" ten="285,258,200,257" oya="3" hai0="111,107,131,110,100,92,64,39,47,53,62,132,106" hai1="11,26,32,23,60,43,57,2,10,49,54,13,14" hai2="124,123,79,55,104,16,115,19,91,130,25,97,41" hai3="29,7,59,89,80,128,70,44,74,24,71,101,78"/><W83/><G128/><T114/><D131/><U61/><E32/><V134/><F115/><W117/><G117/><T4/><D114/><U8/><E2/><V28/><F130/><W15/><G101/><T67/><D132/><U127/><E127/><V90/><F134/><W87/><G59/><T48/><D39/><U58/><E43/><V85/><F124/><W0/><G0/><T66/><D62/><N who="1" m="24171" /><E58/><V40/><F123/><W88/><G89/><T18/><D4/><U108/><E108/><N who="0" m="41513" /><D92/><U119/><E119/><V81/><F55/><W75/><G75/><T82/><D82/><U77/><E77/><V120/><F120/><W96/><G96/><T126/><D100/><U63/><N who="1" m="24179" /><U68/><DORA hai="35" /><E68/><V21/><F104/><W93/><G80/><T105/><D126/><U34/><E34/><V113/><F113/><W33/><REACH who="3" step="1"/><G44/><REACH who="3" ten="285,258,200,247" step="2"/><T22/><D105/><U69/><E69/><V3/><F3/><W94/><G94/><T109/><D109/><U135/><E135/><V73/><F73/><W50/><G50/><T86/><D86/><U95/><E95/><N who="2" m="56575" /><F90/><W76/><G76/><T9/><D106/><U36/><E36/><V129/><F129/><W99/><G99/><T84/><D84/><U65/><E65/><V98/><F98/><W122/><G122/><T46/><D107/><U38/><E38/><V112/><F112/><W133/><G133/><T52/><D46/><U103/><E103/><V42/><AGARI ba="0,1" hai="16,19,21,25,28,40,41,42,79,81,85" m="56575" machi="42" ten="30,2000,0" yaku="8,1,54,1" doraHai="6,35" who="2" fromWho="2" sc="285,-5,258,-5,200,30,247,-10" /><INIT seed="4,0,0,2,5,89" ten="280,253,230,237" oya="0" hai0="122,15,16,132,88,69,17,94,31,21,36,23,33" hai1="79,10,52,38,81,96,7,60,116,80,59,85,0" hai2="51,112,87,22,65,13,32,42,113,27,40,47,102" hai3="76,71,5,12,55,134,46,28,97,90,67,34,30"/><T11/><D122/><U35/><E35/><V43/><F65/><W66/><G134/><T49/><D36/><U125/><E116/><V129/><F129/><W133/><G133/><T82/><D69/><U58/><E38/><V1/><F1/><W106/><G76/><T56/><D132/><U75/><E125/><V95/><F32/><W63/><G34/><T18/><D82/><U53/><E96/><N who="2" m="59679" /><F13/><W3/><G3/><T127/><D33/><U115/><E115/><N who="2" m="44107" /><F87/><W104/><G67/><T84/><D127/><U48/><REACH who="1" step="1"/><E81/><REACH who="1" ten="280,243,230,237" step="2"/><V105/><F105/><W108/><G106/><T9/><D21/><U68/><E68/><V91/><F91/><W19/><G90/><T25/><D11/><U118/><E118/><V111/><F111/><W78/><G108/><T44/><D56/><U101/><E101/><V73/><F73/><AGARI ba="0,1" hai="0,7,10,48,52,53,58,59,60,73,75,79,80,85" machi="73" ten="40,5200,0" yaku="1,1,54,1,53,1" doraHai="89" doraHaiUra="45" who="1" fromWho="2" sc="280,0,243,62,230,-52,237,0" owari="280,8.0,305,40.0,178,-32.0,237,-16.0" /></mjloggm>