<mjloggm ver="2.3"><GO type="97" lobby="0"/><UN n0="%E7%BE%BD%E7%94%B0%E7%A9%BA%E6%B8%AF%E5%BE%AA%E7%92%B0%E8%B7%AF%E9%AC%BC" n1="%E5%B0%B1%E6%B4%BB%E7%94%9F%40%E5%B7%9D%E6%9D%91%E8%BB%8D%E5%9B%A3" n2="%E3%81%A9%E3%81%90%E3%81%95%E3%82%8C%E3%81%86%E3%81%AA%E3%81%8E" n3="%E3%81%8C%E3%81%A1%64%65%E3%82%80%E3%81%A3%E3%81%A1%E3%83%BC" dan="14,15,15,14" rate="1858.25,2028.33,1944.88,1928.97" sx="M,M,M,M"/><TAIKYOKU oya="0"/><INIT seed="0,0,0,3,5,10" ten="250,250,250,250" oya="0" hai0="106,122,9,135,25,103,0,132,72,86,5,117,57" hai1="67,17,121,54,90,131,35,104,109,51,94,100,6" hai2="40,46,1,107,79,31,125,8,123,7,11,24,128" hai3="28,68,20,32,55,58,13,52,89,30,23,111,56"/><T37/><D122/><U87/><E121/><V91/><F123/><W15/><G68/><T62/><D117/><U99/><E131/><V53/><F128/><W102/><G32/><T16/><D37/><U49/><E35/><V21/><F125/><W22/><G102/><T75/><D106/><U98/><E109/><V74/><F107/><W47/><G47/><T93/><D25/><U78/><E67/><V133/><F133/><N who="0" m="51274" /><D16/><U2/><E2/><V29/><F11/><W129/><G129/><T19/><D19/><U45/><E6/><V42/><F91/><W59/><G89/><N who="0" m="53431" /><D103/><U34/><E34/><V134/><F31/><N who="3" m="11819" /><G111/><T116/><D116/><U63/><E78/><V4/><F134/><W69/><G69/><T114/><D114/><U130/><E130/><V41/><F7/><W80/><G80/><T71/><D71/><U97/><E17/><V60/><F79/><W115/><G115/><T48/><D48/><U39/><E39/><V65/><F4/><W81/><G81/><T85/><D85/><U83/><E83/><V113/><F113/><W12/><AGARI ba="0,0" hai="12,13,15,20,22,23,52,55,56,58,59" m="11819" machi="12" ten="40,16000,3" yaku="29,2,28,2,8,1,52,3,54,1" doraHai="10" who="3" fromWho="3" sc="250,-80,250,-40,250,-40,250,160" /><INIT seed="1,0,0,2,3,107" ten="170,210,210,410" oya="1" hai0="83,128,74,36,46,3,15,24,119,72,101,104,129" hai1="98,82,43,68,67,22,76,18,132,69,31,110,0" hai2="40,51,89,64,41,44,108,111,10,124,8,75,79" hai3="49,114,53,47,59,131,94,90,13,54,116,66,32"/><U7/><E132/><V1/><F124/><W99/><G131/><N who="0" m="50251" /><D119/><U30/><E110/><N who="2" m="42027" /><F64/><W6/><G32/><T25/><D3/><U19/><E43/><N who="2" m="24991" /><F89/><W126/><G126/><T106/><D15/><U23/><E0/><V109/><N who="2" m="42035" /><V9/><DORA hai="55" /><F1/><W125/><G125/><T86/><D36/><U120/><E120/><V58/><F58/><N who="3" m="33071" /><G114/><T80/><D46/><U33/><E98/><V115/><F115/><W48/><G116/><T134/><D134/><U117/><E117/><V45/><F45/><W85/><G99/><N who="0" m="61503" /><D106/><U12/><E33/><V62/><F62/><N who="3" m="38239" /><G13/><T14/><D14/><U113/><E113/><V122/><F122/><W38/><G38/><T77/><D83/><AGARI ba="0,0" hai="8,9,10,40,41,75,79,83" m="24991,42035" machi="83" ten="50,3200,0" yaku="14,1,52,1" doraHai="107,55" who="2" fromWho="0" sc="170,-32,210,0,210,32,410,0" /><INIT seed="2,0,0,3,2,100" ten="138,210,242,410" oya="2" hai0="79,2,20,91,57,35,97,66,5,16,85,93,68" hai1="115,6,71,50,62,82,113,123,99,55,22,43,64" hai2="21,74,51,125,52,112,14,88,29,45,44,84,38" hai3="117,94,36,28,98,13,53,54,47,60,124,73,87"/><V19/><F112/><W116/><G73/><T63/><D35/><U103/><E123/><V95/><F74/><W9/><G124/><T127/><D127/><U81/><E43/><V80/><F125/><W56/><G28/><T18/><D5/><U24/><E6/><V17/><F29/><W92/><G87/><T40/><D2/><U102/><E113/><V122/><F122/><W105/><G94/><T46/><D68/><U15/><E15/><V75/><F19/><W120/><G120/><T129/><D129/><U48/><E115/><V132/><F132/><W37/><G37/><T49/><D18/><U34/><E34/><V119/><F119/><W121/><G121/><T109/><D109/><U69/><E69/><V33/><F33/><W8/><G8/><T27/><REACH who="0" step="1"/><D79/><REACH who="0" ten="128,210,242,410" step="2"/><U89/><E71/><V106/><F106/><W30/><G105/><T70/><D70/><U59/><E24/><V114/><F114/><W65/><G117/><T11/><D11/><U12/><E22/><V39/><REACH who="2" step="1"/><F44/><REACH who="2" ten="128,210,232,410" step="2"/><W10/><G47/><T104/><D104/><U118/><E118/><V7/><F7/><W130/><G130/><T134/><D134/><U3/><E3/><V128/><F128/><W42/><G116/><T90/><D90/><U131/><E89/><V25/><F25/><W76/><G76/><AGARI ba="0,2" hai="14,17,21,38,39,45,51,52,75,76,80,84,88,95" machi="76" ten="40,12000,1" yaku="1,1,54,2,53,1" doraHai="100" doraHaiUra="41" who="2" fromWho="3" sc="128,0,210,0,232,140,410,-120" /><INIT seed="2,1,0,2,3,105" ten="128,210,372,290" oya="2" hai0="129,7,115,12,103,8,5,124,55,61,104,51,53" hai1="56,83,41,85,131,33,16,66,69,31,21,87,38" hai2="116,98,34,0,89,74,119,102,106,125,86,62,1" hai3="6,42,111,40,91,15,90,3,50,71,47,9,32"/><V126/><F34/><W107/><G111/><T26/><D129/><U11/><E69/><V112/><F62/><W39/><G107/><T135/><D124/><N who="2" m="47722" /><F112/><W4/><G71/><T101/><D135/><U113/><E113/><V72/><F1/><W73/><G32/><T43/><D115/><U30/><E33/><V93/><F0/><W20/><G42/><T75/><D104/><U97/><E131/><V76/><F76/><W134/><G134/><T29/><D43/><U88/><E38/><V94/><F94/><W22/><G50/><T79/><D61/><N who="1" m="38183" /><E41/><V65/><F65/><W108/><G22/><T127/><D127/><U46/><E46/><V82/><F106/><W132/><G132/><T28/><D8/><U23/><E97/><V10/><F10/><W133/><G108/><T18/><D26/><N who="1" m="14631" /><E11/><V60/><F60/><W92/><G6/><T19/><D12/><U121/><E121/><V35/><F35/><W24/><G15/><T118/><D51/><U68/><E68/><V45/><F45/><W63/><G63/><T81/><D118/><AGARI ba="1,0" hai="72,74,82,86,89,93,98,102,116,118,119" m="47722" machi="118" ten="30,12000,1" yaku="18,1,34,2,52,2" doraHai="105" who="2" fromWho="0" sc="128,-123,210,0,372,123,290,0" /><INIT seed="2,2,0,2,1,109" ten="5,210,495,290" oya="2" hai0="93,74,110,34,30,1,112,126,120,94,85,99,80" hai1="134,86,52,107,127,16,4,41,0,102,39,111,2" hai2="97,12,32,62,60,10,58,20,26,106,43,63,56" hai3="37,5,79,82,33,128,89,38,135,14,81,117,132"/><V7/><F32/><W45/><G33/><T57/><D1/><U125/><E111/><V36/><F36/><W131/><G5/><T8/><D30/><U68/><E68/><V47/><F106/><W6/><G6/><T115/><D8/><U119/><E119/><V42/><F97/><W72/><G14/><T104/><D34/><U87/><E134/><N who="3" m="51242" /><G45/><T113/><D57/><N who="2" m="22122" /><F47/><W70/><G70/><T73/><D110/><U19/><E39/><V61/><F63/><W96/><G38/><T88/><D126/><N who="1" m="48139" /><E41/><V22/><F22/><W121/><G37/><T66/><D66/><U122/><E122/><V75/><F75/><N who="0" m="28682" /><D120/><U18/><E4/><V133/><F133/><W28/><G28/><AGARI ba="2,0" hai="7,10,12,20,26,28,42,43,60,61,62" m="22122" machi="28" ten="30,1500,0" yaku="8,1" doraHai="109" who="2" fromWho="3" sc="5,0,210,0,495,21,290,-21" /><INIT seed="2,3,0,3,0,134" ten="5,210,516,269" oya="2" hai0="32,40,71,108,55,66,5,101,72,23,31,75,127" hai1="74,133,126,21,78,52,70,16,120,104,18,96,63" hai2="99,77,1,106,50,10,116,95,82,100,83,15,49" hai3="113,46,110,39,115,73,65,102,129,4,57,94,43"/><V28/><F116/><W64/><G94/><T20/><D108/><U30/><E133/><V56/><F1/><W98/><G102/><T89/><D40/><U33/><E120/><V92/><F28/><W53/><G98/><T97/><D5/><U59/><E33/><V107/><F107/><W35/><G73/><N who="0" m="28235" /><D55/><U34/><E34/><V81/><F77/><W14/><G14/><T109/><D23/><U67/><E126/><V122/><F122/><W45/><G4/><T27/><D20/><U105/><E74/><V128/><F128/><W0/><G35/><T121/><D89/><U37/><E78/><V135/><F135/><W123/><G0/><T91/><D91/><U2/><E37/><V9/><F9/><W26/><G26/><T124/><D109/><U130/><E2/><V69/><F69/><W61/><G123/><T38/><D38/><U132/><E130/><V114/><F114/><N who="3" m="43531" /><G129/><T125/><D121/><U112/><E112/><V86/><F86/><W42/><G110/><T131/><D131/><U68/><E132/><V19/><F106/><W85/><G85/><T48/><D48/><U51/><E70/><V62/><F95/><W8/><G8/><T11/><D11/><U41/><E41/><V119/><F119/><W3/><G3/><T6/><D71/><U13/><E30/><V58/><F10/><W22/><G22/><T79/><D6/><U44/><E18/><V47/><F19/><W12/><G12/><T111/><D111/><U60/><E96/><V90/><F99/><W25/><G25/><T36/><D36/><U54/><AGARI ba="3,0" hai="13,16,21,44,51,52,54,59,60,63,67,68,104,105" machi="54" ten="20,8000,1" yaku="5,1,0,1,7,1,54,2" doraHai="134" who="1" fromWho="1" sc="5,-23,210,89,516,-43,269,-23" owari="-18,-52.0,299,10.0,473,57.0,246,-15.0" /></mjloggm>