<mjloggm ver="2.3"><GO type="97" lobby="0"/><UN n0="%E3%81%84%E3%81%8B%E3%81%8F%E3%82%93" n1="%2A%47%41%4F%2A" n2="%53%74%65%70%68%65%6E" n3="%E5%B0%B1%E6%B4%BB%E7%94%9F%40%E5%B7%9D%E6%9D%91%E8%BB%8D%E5%9B%A3" dan="14,14,13,14" rate="1822.15,1914.35,1883.54,1976.10" sx="M,F,M,M"/><TAIKYOKU oya="0"/><INIT seed="0,0,0,3,1,34" ten="250,250,250,250" oya="0" hai0="21,129,83,106,2,73,92,118,19,31,89,72,119" hai1="3,54,98,131,110,12,20,46,135,45,44,99,55" hai2="23,97,16,14,49,122,96,107,0,113,4,130,105" hai3="32,93,43,57,123,126,41,27,114,62,70,7,48"/><T28/><D129/><U38/><E110/><V37/><F113/><W66/><G114/><T63/><D106/><U47/><E131/><V40/><F130/><W65/><G123/><T24/><D2/><U9/><E135/><V68/><F68/><W102/><G126/><T53/><D73/><U5/><N who="1" m="11776" /><DORA hai="42" /><U121/><E38/><V132/><F40/><W11/><G32/><T112/><D112/><U61/><E121/><V79/><F37/><W120/><G27/><T111/><D111/><U84/><E3/><V52/><F122/><W78/><G78/><T10/><D119/><U94/><E20/><V50/><F50/><W95/><G120/><T82/><D118/><U51/><E61/><V69/><F69/><W13/><G95/><T30/><D72/><U133/><E133/><V76/><F132/><W29/><G29/><T115/><D10/><U88/><E55/><V124/><F124/><W39/><G39/><T77/><D77/><U91/><E91/><V125/><F125/><W109/><G109/><T25/><D115/><U74/><E74/><V90/><F96/><N who="3" m="59663" /><G66/><T36/><D36/><U17/><E5/><V58/><F107/><W85/><G70/><T80/><D53/><U64/><E64/><V103/><REACH who="2" step="1"/><F90/><REACH who="2" ten="250,250,240,250" step="2"/><W100/><G100/><T1/><D63/><U35/><E35/><V15/><F15/><W71/><G71/><T8/><D89/><U117/><E117/><V60/><F60/><W75/><G43/><T22/><D1/><U59/><AGARI ba="0,1" hai="9,12,17,51,54,59,84,88,94,98,99" m="11776" machi="59" ten="40,12000,2" yaku="0,1,8,1,52,4,54,1" doraHai="34,42" who="1" fromWho="1" sc="250,-60,250,130,240,-30,250,-30" /><INIT seed="1,0,0,1,2,122" ten="190,380,210,220" oya="1" hai0="33,124,75,123,67,58,105,44,20,37,119,106,27" hai1="51,16,4,81,31,108,109,118,133,92,48,85,69" hai2="102,76,115,63,95,121,45,134,62,7,42,8,97" hai3="29,35,113,100,34,41,50,91,47,129,14,3,23"/><U112/><E69/><V49/><F121/><W104/><G113/><T111/><D119/><U6/><E112/><V93/><F134/><W98/><G3/><T59/><D123/><U107/><E118/><V114/><F114/><W99/><G129/><T36/><D75/><U12/><E107/><V86/><F95/><W32/><G98/><T72/><D72/><U13/><E133/><V135/><F135/><W25/><REACH who="3" step="1"/><G91/><REACH who="3" ten="190,380,210,210" step="2"/><T60/><D124/><U38/><E12/><AGARI ba="0,1" hai="12,14,23,25,29,32,34,35,41,47,50,99,100,104" machi="12" ten="40,8000,1" yaku="1,1,2,1,53,2" doraHai="122" doraHaiUra="9" who="3" fromWho="1" sc="190,0,380,-80,210,0,210,90" /><INIT seed="2,0,0,4,4,88" ten="190,300,210,300" oya="2" hai0="19,17,105,32,93,59,134,111,40,51,112,79,77" hai1="41,44,52,89,125,54,25,35,46,80,96,23,100" hai2="20,85,45,110,71,94,78,57,16,84,50,72,4" hai3="9,67,2,1,108,106,38,68,48,130,5,107,86"/><V13/><F71/><W28/><G130/><T47/><D112/><U6/><E35/><V61/><F4/><W43/><G108/><T34/><D134/><U132/><E125/><V103/><F78/><W14/><G28/><T123/><D123/><U36/><E132/><V104/><F104/><W135/><G135/><T109/><D105/><U91/><E6/><V37/><F37/><W128/><G128/><T55/><D32/><U0/><E0/><V95/><F72/><W33/><G33/><T99/><D34/><U21/><E21/><V102/><F102/><W122/><G122/><T129/><D129/><U75/><E46/><V76/><F103/><W58/><G86/><N who="2" m="33385" /><F76/><W31/><G68/><T39/><D79/><U114/><E75/><V3/><F3/><W87/><G38/><T117/><D77/><U98/><E114/><V56/><F56/><W27/><G2/><T26/><D117/><U124/><E124/><V97/><F97/><W133/><G1/><T64/><D64/><U24/><E100/><V121/><F110/><N who="0" m="41994" /><D26/><N who="1" m="10347" /><E23/><V83/><F83/><W131/><G131/><T81/><D81/><U69/><E80/><V62/><F121/><W113/><G113/><T60/><D39/><U120/><E69/><V126/><F126/><W12/><G133/><T66/><D66/><U8/><E8/><V73/><F73/><W116/><G116/><T10/><D10/><U74/><E74/><V115/><F115/><W127/><G127/><T15/><D15/><N who="3" m="5673" /><G67/><T82/><D82/><U53/><E120/><V119/><F119/><W22/><G9/><T92/><D99/><AGARI ba="0,0" hai="36,41,44,52,53,54,89,91,96,98,99" m="10347" machi="99" ten="30,2000,0" yaku="6,1,54,1" doraHai="88" who="1" fromWho="0" sc="190,-20,300,20,210,0,300,0" /><INIT seed="3,0,0,4,1,127" ten="170,320,210,300" oya="3" hai0="72,23,47,13,5,58,37,108,66,65,1,43,40" hai1="16,19,10,113,130,99,80,14,50,62,100,6,51" hai2="73,102,46,21,84,85,38,11,53,18,122,83,70" hai3="3,67,15,36,97,20,94,26,63,78,7,125,103"/><W92/><G36/><T2/><D108/><U105/><E130/><V61/><F102/><W17/><G125/><T93/><D72/><U32/><E32/><V81/><F11/><N who="3" m="4607" /><G3/><T89/><D43/><U41/><E113/><V120/><F73/><W12/><G78/><T29/><D66/><U54/><E80/><N who="2" m="30795" /><F70/><W135/><G135/><T110/><D110/><U86/><E86/><V8/><F8/><W52/><G67/><T4/><D2/><U123/><E123/><N who="2" m="47147" /><F38/><W118/><G118/><T104/><D1/><U45/><E62/><V35/><F35/><W42/><G42/><T132/><D104/><U25/><E25/><N who="2" m="14519" /><F46/><AGARI ba="0,0" hai="6,10,14,16,19,41,45,46,50,51,54,99,100,105" machi="46" ten="30,2000,0" yaku="7,1,54,1" doraHai="127" who="1" fromWho="2" sc="170,0,320,20,210,-20,300,0" owari="170,-33.0,340,44.0,190,-21.0,300,10.0" /></mjloggm>