<mjloggm ver="2.3"><GO type="41" lobby="0"/><UN n0="%6E%6F%72%61%32" n1="%E5%B0%B1%E6%B4%BB%E7%94%9F%40%E5%B7%9D%E6%9D%91%E8%BB%8D%E5%9B%A3" n2="%E6%A4%8D%E9%87%8E" n3="%E3%81%BF%E3%81%8B%E3%82%93%E3%82%B5%E3%83%A0%E3%83%A9%E3%82%A4" dan="13,17,15,15" rate="1859.23,2136.17,1998.70,2049.24" sx="M,M,M,M"/><TAIKYOKU oya="0"/><INIT seed="0,0,0,3,3,78" ten="250,250,250,250" oya="0" hai0="90,123,76,61,5,112,132,59,111,33,77,115,60" hai1="70,92,96,12,62,14,10,101,53,117,82,75,135" hai2="125,68,27,133,93,99,55,24,31,56,57,122,100" hai3="120,2,25,29,48,32,30,86,44,134,40,15,103"/><T87/><D123/><U66/><E117/><V88/><F68/><W105/><G2/><T8/><D33/><U85/><E135/><V118/><F122/><W114/><G120/><T128/><D132/><U4/><E75/><V17/><F133/><W64/><G134/><T81/><D128/><U104/><E53/><V98/><F125/><W74/><G74/><T52/><D111/><U116/><E116/><V21/><F118/><W73/><G73/><T79/><REACH who="0" step="1"/><D61/><REACH who="0" ten="240,250,250,250" step="2"/><U130/><E130/><V106/><REACH who="2" step="1"/><F55/><REACH who="2" ten="240,250,240,250" step="2"/><W34/><G34/><AGARI ba="0,2" hai="17,21,24,27,31,34,56,57,88,93,98,99,100,106" machi="34" ten="30,8000,1" yaku="1,1,2,1,7,1,54,1,53,1" doraHai="78" doraHaiUra="97" who="2" fromWho="3" sc="240,0,250,0,240,100,250,-80" /><INIT seed="1,0,0,2,3,70" ten="240,250,340,170" oya="1" hai0="132,106,107,128,99,100,121,1,57,96,38,98,32" hai1="101,75,74,63,67,72,92,11,27,39,86,123,46" hai2="104,127,97,113,79,59,47,61,54,94,77,120,109" hai3="20,112,24,17,95,88,43,30,115,114,28,2,65"/><U31/><E123/><V42/><F120/><W117/><G117/><T12/><D121/><U15/><E46/><V83/><F104/><W34/><G2/><T35/><D1/><U66/><E39/><V135/><F109/><W68/><G43/><T82/><D132/><U0/><E0/><V122/><F122/><W131/><G131/><T49/><D128/><U116/><E116/><V102/><F127/><W126/><G126/><T125/><D125/><U25/><E25/><V80/><F135/><W62/><REACH who="3" step="1"/><G34/><REACH who="3" ten="240,250,340,160" step="2"/><T7/><D35/><U48/><E72/><V52/><F42/><W40/><G40/><T36/><D32/><U19/><E74/><V103/><F113/><W4/><G4/><T71/><D7/><U89/><E75/><V44/><F103/><W45/><G45/><T90/><D100/><U55/><E101/><V73/><F44/><W29/><G29/><T81/><D107/><U14/><E14/><V69/><F47/><W51/><G51/><T124/><D106/><U111/><E111/><V108/><F108/><W87/><AGARI ba="0,1" hai="17,20,24,28,30,62,65,68,87,88,95,112,114,115" machi="87" ten="30,7900,0" yaku="1,1,0,1,54,1,53,1" doraHai="70" doraHaiUra="58" who="3" fromWho="3" sc="240,-20,250,-39,340,-20,160,89" /><INIT seed="2,0,0,3,5,22" ten="220,211,320,249" oya="2" hai0="29,47,81,110,126,113,135,101,6,56,12,121,108" hai1="102,89,54,19,7,52,69,43,130,25,42,122,73" hai2="57,23,100,114,97,123,70,134,90,64,85,4,120" hai3="18,48,3,72,61,20,46,75,129,2,71,86,10"/><V74/><F70/><W40/><G129/><T36/><D121/><U91/><E73/><V116/><F4/><W28/><G28/><T105/><D113/><U99/><E69/><V127/><F114/><W55/><G3/><T125/><D81/><U51/><E130/><V53/><F74/><W13/><G86/><T115/><D115/><U17/><E7/><V94/><F64/><W79/><G2/><T58/><D135/><U31/><E122/><V9/><F116/><W107/><G107/><T33/><D6/><U77/><E77/><V30/><F127/><N who="0" m="48650" /><D12/><U44/><E102/><V118/><F9/><W87/><G10/><T92/><D92/><N who="1" m="56719" /><E91/><V39/><F39/><W45/><G71/><T68/><D68/><U104/><E104/><V112/><F112/><W16/><G18/><N who="1" m="6666" /><E43/><V1/><F134/><W35/><G35/><T59/><D105/><U106/><E106/><V24/><F1/><W27/><G13/><T80/><D101/><U76/><E76/><V21/><F118/><W37/><REACH who="3" step="1"/><G61/><REACH who="3" ten="220,211,320,239" step="2"/><T111/><D33/><U124/><E124/><V133/><F133/><W128/><G128/><T41/><D29/><U131/><E131/><V50/><REACH who="2" step="1"/><F23/><AGARI ba="0,1" hai="23,25,31,42,44,51,52,54" m="6666,56719" machi="23" ten="30,3900,0" yaku="8,1,52,1,54,1" doraHai="22" who="1" fromWho="2" sc="220,0,211,49,320,-39,239,0" /><INIT seed="3,0,0,4,0,19" ten="220,260,281,239" oya="3" hai0="70,133,4,83,62,114,118,99,45,127,27,67,105" hai1="88,51,113,33,39,134,41,59,6,91,108,15,76" hai2="53,94,44,38,120,101,73,26,111,18,31,96,104" hai3="49,21,75,131,82,17,20,54,9,47,0,60,28"/><W109/><G131/><T71/><D118/><U126/><E33/><V24/><F73/><W103/><G103/><T95/><D114/><U61/><E113/><V98/><F111/><W63/><G109/><T72/><D127/><U116/><E108/><V124/><F124/><W132/><G132/><T55/><D133/><U10/><E126/><V80/><F120/><W56/><G75/><T122/><D122/><U36/><E116/><V14/><F80/><W110/><G110/><T3/><D105/><U22/><E76/><V35/><F26/><N who="3" m="16455" /><G0/><T100/><D3/><U81/><E81/><V48/><F38/><W123/><G123/><T5/><D71/><U25/><E134/><V125/><F125/><W42/><G9/><T2/><D2/><U90/><E51/><V69/><F69/><W37/><G37/><T79/><D27/><U65/><REACH who="1" step="1"/><E41/><REACH who="1" ten="220,250,281,239" step="2"/><V112/><F112/><W135/><G135/><T84/><D72/><U66/><E66/><V11/><F35/><W30/><G82/><T87/><D87/><U121/><E121/><V115/><F115/><W40/><G63/><T129/><D129/><U57/><E57/><V106/><F48/><W13/><G30/><AGARI ba="0,1" hai="6,10,15,22,25,30,36,39,59,61,65,88,90,91" machi="30" ten="40,8000,1" yaku="1,1,52,1,54,1,53,1" doraHai="19" doraHaiUra="1" who="1" fromWho="3" sc="220,0,250,90,281,0,239,-80" /><INIT seed="4,0,0,3,4,32" ten="220,340,281,159" oya="0" hai0="104,57,67,48,69,83,2,28,40,61,19,31,30" hai1="97,18,130,1,80,79,55,89,35,131,119,112,3" hai2="41,135,74,113,16,133,102,101,45,47,123,96,10" hai3="23,6,95,53,125,56,8,60,108,107,38,90,103"/><T37/><D104/><U64/><E119/><V12/><F123/><W132/><G125/><T105/><D105/><U21/><E35/><V106/><F113/><W11/><G132/><N who="2" m="50761" /><F41/><W109/><G38/><T58/><D83/><U27/><E64/><V24/><F74/><W59/><G103/><T49/><D19/><U46/><E112/><V88/><F102/><W39/><G107/><T76/><D76/><U134/><E134/><V54/><F54/><W9/><G39/><T73/><D73/><U100/><E55/><V91/><F24/><W87/><G109/><T50/><D2/><U111/><E46/><AGARI ba="0,0" hai="10,12,16,45,46,47,88,91,96,101,106" m="50761" machi="46" ten="30,3900,0" yaku="20,1,54,2" doraHai="32" who="2" fromWho="1" sc="220,0,340,-39,281,39,159,0" /><INIT seed="5,0,0,2,2,41" ten="220,301,320,159" oya="1" hai0="116,100,119,133,1,103,19,64,65,122,49,37,85" hai1="106,30,56,94,0,10,28,90,3,45,7,121,61" hai2="109,15,20,8,123,78,134,124,125,114,25,83,5" hai3="17,120,24,34,108,110,75,86,84,43,104,118,4"/><U59/><E121/><V81/><F109/><W29/><G120/><T82/><D122/><U97/><E106/><V23/><F123/><W12/><G75/><T76/><D1/><U95/><E3/><V72/><F134/><W111/><G104/><T38/><D133/><U48/><E94/><V40/><F114/><W22/><G118/><T89/><D38/><U98/><E98/><V96/><F40/><W131/><G86/><T31/><D37/><U67/><REACH who="1" step="1"/><E59/><REACH who="1" ten="220,291,320,159" step="2"/><V88/><F96/><W69/><G111/><T53/><D116/><U47/><E47/><V117/><F117/><W6/><G110/><T62/><D119/><U99/><E99/><V18/><REACH who="2" step="1"/><F23/><REACH who="2" ten="220,291,310,159" step="2"/><W57/><G22/><T33/><D33/><U80/><E80/><V36/><F36/><W74/><G34/><T102/><D76/><U44/><E44/><V13/><F13/><W126/><G12/><T115/><D115/><U50/><E50/><V128/><F128/><W87/><G131/><T70/><D49/><U52/><AGARI ba="0,2" hai="0,7,10,28,30,45,48,52,56,61,67,90,95,97" machi="52" ten="20,12000,1" yaku="1,1,0,1,7,1,52,1,54,1,53,0" doraHai="41" doraHaiUra="66" who="1" fromWho="1" sc="220,-40,291,140,310,-40,159,-40" /><INIT seed="5,1,0,5,2,26" ten="180,431,270,119" oya="1" hai0="25,17,127,128,133,81,54,6,79,42,126,98,70" hai1="5,108,104,41,59,7,48,84,2,135,112,39,113" hai2="58,11,90,116,87,120,82,32,50,78,69,67,28" hai3="40,96,95,74,0,24,134,86,125,15,66,22,89"/><U73/><E73/><V93/><F116/><W65/><G0/><T97/><D70/><U122/><E104/><V117/><F117/><W76/><G125/><N who="0" m="47627" /><D42/><U3/><E122/><V55/><F120/><W14/><G134/><T110/><D110/><U8/><E135/><V62/><F11/><W52/><G74/><N who="0" m="43255" /><D133/><U129/><E108/><V19/><F19/><W30/><G40/><T53/><D128/><U115/><E129/><V106/><F106/><W51/><G14/><T13/><D6/><U114/><E39/><V21/><F21/><W72/><G72/><T92/><D25/><U56/><E84/><V91/><REACH who="2" step="1"/><F93/><REACH who="2" ten="180,431,260,119" step="2"/><W88/><G15/><T111/><D111/><U119/><E119/><V16/><F16/><W100/><G76/><T46/><D46/><N who="1" m="25679" /><E115/><V45/><F45/><N who="3" m="27759" /><G100/><N who="0" m="60455" /><D98/><U23/><E23/><AGARI ba="1,1" hai="13,17,23,53,54" m="60455,43255,47627" machi="23" ten="30,1000,0" yaku="18,1" doraHai="26" who="0" fromWho="1" sc="180,23,431,-13,260,0,119,0" /><INIT seed="6,0,0,4,3,6" ten="203,418,260,119" oya="2" hai0="124,97,98,59,38,94,16,54,87,83,66,32,106" hai1="108,68,90,63,135,7,64,82,120,15,112,65,133" hai2="62,134,56,61,13,29,25,10,2,28,110,3,43" hai3="46,121,8,103,21,36,52,75,76,93,60,51,77"/><V129/><F134/><N who="1" m="51209" /><E112/><V26/><F129/><W5/><G121/><T84/><D124/><U85/><E108/><V81/><F110/><W0/><G75/><T58/><D38/><U47/><E120/><V24/><F43/><W45/><G60/><T50/><D32/><U19/><E7/><V99/><F81/><W22/><G103/><T91/><D106/><U79/><E47/><V113/><F113/><W78/><REACH who="3" step="1"/><G93/><REACH who="3" ten="203,418,260,109" step="2"/><T18/><D98/><U69/><E63/><V119/><F62/><W105/><G105/><T31/><D87/><U100/><E100/><V111/><F111/><W30/><G30/><T118/><D31/><U80/><E69/><V126/><F99/><W102/><G102/><N who="0" m="60727" /><D118/><U122/><E68/><V17/><F119/><W132/><G132/><T95/><D95/><U116/><E116/><V37/><F126/><W11/><G11/><T39/><D39/><U40/><E122/><V71/><F37/><W14/><G14/><T96/><D96/><U88/><E82/><V131/><F71/><W127/><G127/><T73/><D73/><U1/><E1/><V101/><F101/><W123/><G123/><T72/><D72/><U86/><E65/><V35/><F29/><W89/><G89/><T92/><D92/><U107/><E64/><V33/><F28/><W128/><G128/><T48/><D66/><U74/><E107/><V27/><F35/><W12/><G12/><T104/><D104/><U125/><E125/><V53/><F131/><W34/><G34/><T9/><D9/><N who="1" m="6639" /><E74/><V117/><F117/><W42/><AGARI ba="0,1" hai="0,5,8,21,22,36,42,45,46,51,52,76,77,78" machi="42" ten="30,7900,0" yaku="1,1,0,1,52,1,54,1,53,0" doraHai="6" doraHaiUra="23" who="3" fromWho="3" sc="203,-20,418,-20,260,-39,109,89" /><INIT seed="7,0,0,0,1,83" ten="183,398,221,198" oya="3" hai0="133,57,85,105,9,127,124,108,19,78,66,35,126" hai1="68,117,5,95,86,11,73,10,96,72,8,33,122" hai2="99,65,14,0,47,17,36,24,135,132,1,84,53" hai3="43,18,34,40,30,97,111,107,113,74,100,16,13"/><W55/><G74/><T7/><D105/><U110/><E68/><V54/><F99/><W21/><G113/><T23/><D108/><U59/><E122/><V88/><F65/><W15/><G111/><T41/><D133/><N who="2" m="51274" /><F24/><W90/><G30/><T31/><D41/><U98/><E33/><V2/><F47/><W29/><G90/><T91/><D78/><U69/><E11/><N who="2" m="6367" /><F36/><W134/><G134/><T51/><D35/><U125/><E86/><V3/><F3/><W22/><G55/><T25/><D51/><U129/><E95/><AGARI ba="0,0" hai="0,1,2,53,54,84,88,95" m="6367,51274" machi="95" ten="40,5200,0" yaku="20,1,52,1,54,1" doraHai="83" who="2" fromWho="1" sc="183,0,398,-52,221,52,198,0" owari="183,-32.0,346,45.0,273,7.0,198,-20.0" /></mjloggm>