<mjloggm ver="2.3"><GO type="97" lobby="0"/><UN n0="%E3%81%B6%E3%81%9F%E3%81%93%E3%81%82%E3%82%89" n1="%E5%B0%B1%E6%B4%BB%E7%94%9F%40%E5%B7%9D%E6%9D%91%E8%BB%8D%E5%9B%A3" n2="%36%61%72%72%6F%77%73" n3="%61%73%61%64%61%31%32" dan="14,14,13,13" rate="1942.03,1971.97,1921.69,1931.36" sx="M,M,M,M"/><TAIKYOKU oya="0"/><INIT seed="0,0,0,3,3,42" ten="250,250,250,250" oya="0" hai0="11,131,9,34,5,48,111,4,93,118,113,96,76" hai1="44,53,25,60,32,23,27,77,121,59,123,51,58" hai2="20,104,62,15,24,78,17,30,130,14,52,63,95" hai3="84,28,97,82,109,55,40,46,133,135,36,65,108"/><T68/><D68/><U7/><E7/><V43/><F104/><W67/><G28/><T88/><D118/><U81/><E32/><V56/><F43/><W80/><G97/><T94/><D113/><U114/><E114/><V126/><F130/><W66/><G55/><T21/><D34/><U2/><E2/><V13/><F78/><W69/><G69/><T112/><D112/><U129/><E129/><V91/><F126/><W1/><G1/><T100/><D131/><U79/><E58/><V134/><F134/><N who="3" m="51211" /><G84/><N who="0" m="52359" /><D76/><U26/><E23/><V31/><F63/><W86/><G86/><AGARI ba="0,0" hai="13,14,15,17,20,24,30,31,52,56,62,86,91,95" machi="86" ten="40,2600,0" yaku="8,1,54,1" doraHai="42" who="2" fromWho="3" sc="250,0,250,0,250,26,250,-26" /><INIT seed="1,0,0,3,5,44" ten="250,250,276,224" oya="1" hai0="97,56,87,135,65,71,52,27,116,25,0,122,51" hai1="59,103,29,13,119,5,106,77,28,113,55,108,86" hai2="96,111,4,36,99,62,61,63,82,50,126,20,92" hai3="23,91,46,58,67,76,80,83,24,120,115,54,49"/><U134/><E113/><V128/><F36/><W15/><G115/><T19/><D116/><U1/><E119/><V133/><F4/><W3/><G3/><T72/><D72/><U90/><E134/><V40/><F133/><W16/><G120/><T43/><D0/><U125/><E125/><V69/><F126/><W9/><G76/><T117/><D135/><U42/><E1/><V32/><F32/><W121/><G121/><T48/><D117/><U35/><E35/><V45/><F69/><W75/><G75/><T101/><D87/><U18/><E5/><V118/><F118/><W131/><G131/><T17/><D122/><U14/><E14/><V30/><F128/><W129/><G129/><T53/><D43/><U110/><E42/><V6/><F6/><N who="3" m="3511" /><G91/><T123/><D123/><U124/><E77/><V22/><F111/><N who="1" m="42537" /><E103/><V98/><F30/><W7/><G7/><T66/><D71/><U26/><E26/><N who="0" m="9737" /><D101/><U34/><E106/><V33/><F33/><W100/><G100/><T39/><D39/><U93/><E34/><V127/><F127/><W70/><G70/><T12/><D97/><N who="2" m="37482" /><F82/><W10/><G10/><N who="0" m="6295" /><D19/><U21/><E124/><V41/><F40/><N who="3" m="24775" /><G67/><T73/><D73/><U11/><E11/><V60/><N who="2" m="15872" /><DORA hai="132" /><V88/><AGARI ba="0,0" hai="20,22,41,45,50,88,92,99" m="15872,37482" machi="88" ten="40,8000,1" yaku="4,1,8,1,52,1,54,1" doraHai="44,132" who="2" fromWho="2" sc="250,-20,250,-40,276,80,224,-20" /><INIT seed="2,0,0,2,1,127" ten="230,210,356,204" oya="2" hai0="8,133,55,57,109,27,71,18,22,100,108,93,126" hai1="106,86,19,17,110,74,121,65,72,111,120,114,102" hai2="84,41,10,125,123,90,52,11,73,64,54,40,9" hai3="47,129,6,66,3,25,13,15,46,98,134,119,67"/><V0/><F73/><N who="1" m="28265" /><E65/><N who="3" m="24586" /><G3/><T104/><D71/><U60/><E60/><V32/><F0/><W82/><G119/><T29/><D104/><U50/><E50/><V26/><F64/><W24/><G134/><T107/><D107/><U38/><E38/><V89/><F123/><N who="1" m="47177" /><E114/><V61/><F125/><W77/><G129/><T34/><D126/><U12/><E86/><V4/><F4/><W94/><G6/><T59/><D133/><U96/><E17/><V30/><F90/><W21/><G82/><T130/><D8/><AGARI ba="0,0" hai="8,12,19,96,102,106,110,111" m="47177,28265" machi="8" ten="30,1000,0" yaku="13,1" doraHai="127" who="1" fromWho="0" sc="230,-10,210,10,356,0,204,0" /><INIT seed="3,0,0,5,1,118" ten="220,220,356,204" oya="3" hai0="126,47,98,13,66,18,124,17,60,114,68,57,29" hai1="74,53,106,92,87,76,115,69,85,84,97,83,93" hai2="64,52,100,130,43,30,11,110,51,10,40,111,48" hai3="12,46,45,15,77,101,108,20,27,113,59,81,23"/><W70/><G70/><T104/><D29/><U86/><E69/><V99/><F64/><W71/><G71/><T135/><D135/><U31/><E31/><V107/><F30/><W122/><G113/><T89/><D114/><U54/><E115/><V7/><F130/><W95/><G122/><T80/><D80/><N who="1" m="45079" /><E53/><V127/><F127/><N who="0" m="48682" /><D47/><N who="3" m="17929" /><G108/><N who="2" m="41513" /><F48/><W131/><G131/><T129/><D129/><U117/><E54/><V44/><F11/><W62/><G27/><T5/><D5/><U33/><E33/><V24/><F24/><W61/><G81/><T88/><D68/><U32/><E32/><V37/><F37/><W38/><G77/><T14/><D14/><AGARI ba="0,0" hai="7,10,14,40,43,44,51,52,99,100,107" m="41513" machi="14" ten="30,2000,0" yaku="14,1,54,1" doraHai="118" who="2" fromWho="0" sc="220,-20,220,0,356,20,204,0" owari="200,-30.0,220,2.0,376,48.0,204,-20.0" /></mjloggm>