<mjloggm ver="2.3"><GO type="97" lobby="0"/><UN n0="%E5%B0%B1%E6%B4%BB%E7%94%9F%40%E5%B7%9D%E6%9D%91%E8%BB%8D%E5%9B%A3" n1="%E3%82%AA%E3%82%AF%E3%83%A9%E3%82%B2%E3%83%AD%E6%98%9F%E4%BA%BA" n2="%E3%81%84%E3%81%9F%E3%81%9A%E3%82%89%E7%8C%AB" n3="%E3%81%9F%E3%81%AD%E3%82%84%E3%82%93%EF%BC%92" dan="15,15,13,15" rate="2066.45,2015.54,1862.40,1979.82" sx="M,M,M,M"/><TAIKYOKU oya="0"/><INIT seed="0,0,0,2,2,73" ten="250,250,250,250" oya="0" hai0="70,58,3,24,9,53,78,113,52,5,51,65,18" hai1="86,81,17,105,125,126,80,134,115,11,124,14,118" hai2="129,25,50,13,87,6,131,76,116,109,89,69,84" hai3="40,8,114,29,67,106,64,34,36,108,21,79,39"/><T10/><D113/><U90/><E118/><V97/><F69/><W20/><G114/><T95/><D70/><U41/><E105/><V31/><F116/><W1/><G106/><T135/><D135/><U12/><E41/><V66/><F109/><W33/><G108/><T121/><D121/><U44/><E44/><V85/><F66/><W45/><G29/><T99/><D78/><U98/><E98/><V16/><F76/><W104/><G79/><T57/><D65/><U63/><E115/><V122/><F122/><W127/><G104/><T19/><D24/><U48/><E48/><V26/><F6/><W61/><G45/><T112/><D112/><U43/><E43/><V123/><F50/><W102/><G40/><T32/><D32/><U101/><E101/><V42/><F42/><W55/><G102/><T47/><D10/><N who="1" m="6295" /><E63/><V77/><F77/><W54/><G8/><T28/><D28/><U119/><E134/><V133/><F123/><W7/><G7/><T110/><D110/><U92/><E119/><V117/><F117/><W4/><G4/><AGARI ba="0,0" hai="4,11,14,80,81,86,90,92,124,125,126" m="6295" machi="4" ten="30,1000,0" yaku="18,1" doraHai="73" who="1" fromWho="3" sc="250,0,250,10,250,0,250,-10" /><INIT seed="1,0,0,4,2,5" ten="250,260,250,240" oya="1" hai0="18,107,100,2,135,24,32,120,56,132,96,52,13" hai1="39,28,72,58,51,67,7,29,131,80,101,102,106" hai2="20,77,91,45,128,79,1,119,86,111,33,87,6" hai3="54,25,11,57,134,82,65,46,93,30,12,81,105"/><U76/><E39/><V40/><F128/><W26/><G105/><T9/><D120/><U59/><E131/><V38/><F33/><W42/><G134/><N who="0" m="51243" /><D2/><U14/><E106/><V133/><F133/><W126/><G65/><T64/><D64/><U21/><E67/><V0/><F119/><W78/><G126/><T116/><D116/><U125/><E125/><V84/><F111/><W55/><G93/><T129/><D129/><U103/><E51/><V124/><F124/><W27/><G57/><T109/><D109/><U35/><E35/><V31/><F91/><W48/><G30/><T23/><D32/><U85/><E72/><V89/><F89/><W4/><G82/><T110/><D110/><U70/><E70/><V83/><F6/><W43/><REACH who="3" step="1"/><G42/><REACH who="3" ten="250,260,250,230" step="2"/><T66/><D66/><U97/><E59/><V62/><F83/><W88/><G88/><T34/><D34/><U15/><E58/><V123/><F123/><W114/><G114/><T16/><D56/><U10/><E97/><V127/><F127/><W73/><AGARI ba="0,1" hai="4,11,12,25,26,27,43,46,48,54,55,73,78,81" machi="73" ten="30,7900,0" yaku="1,1,0,1,52,1,53,1" doraHai="5" doraHaiUra="37" who="3" fromWho="3" sc="250,-20,260,-39,250,-20,230,89" /><INIT seed="2,0,0,1,3,127" ten="230,221,230,319" oya="2" hai0="54,47,56,64,76,24,103,29,91,94,15,60,117" hai1="119,9,21,115,50,61,25,113,44,2,27,67,121" hai2="105,75,35,68,58,8,6,72,95,79,86,92,65" hai3="37,13,69,100,52,129,1,17,81,78,87,135,82"/><V124/><F35/><W33/><G69/><T51/><D76/><U118/><E121/><V19/><F68/><W77/><G33/><T126/><D126/><U62/><E2/><V46/><F105/><W11/><G135/><T26/><D117/><U132/><E9/><V40/><F124/><W3/><G37/><T66/><D103/><U70/><E132/><V0/><F19/><W83/><G129/><T31/><D15/><U131/><E62/><V112/><F112/><W120/><G120/><T99/><D64/><U38/><E38/><V53/><F65/><W43/><G43/><T16/><REACH who="0" step="1"/><D16/><REACH who="0" ten="220,221,230,319" step="2"/><U102/><E102/><V90/><F79/><W128/><G100/><T104/><D104/><U49/><E27/><AGARI ba="0,1" hai="24,26,27,29,31,47,51,54,56,60,66,91,94,99" machi="27" ten="40,2600,0" yaku="1,1,8,1,53,0" doraHai="127" doraHaiUra="107" who="0" fromWho="1" sc="220,36,221,-26,230,0,319,0" /><INIT seed="3,0,0,5,4,47" ten="256,195,230,319" oya="3" hai0="20,33,120,97,9,55,46,104,86,106,109,118,27" hai1="5,43,26,28,29,64,122,54,17,134,23,117,32" hai2="25,39,131,51,101,84,24,99,127,112,21,63,6" hai3="52,58,35,85,92,53,82,41,89,103,50,76,70"/><W121/><G121/><T88/><D33/><U38/><E64/><V66/><F39/><W128/><G70/><T98/><D109/><U123/><E43/><V90/><F112/><W100/><G35/><T0/><D106/><U93/><E38/><V4/><F131/><W13/><G41/><T68/><D68/><U87/><E134/><V94/><F127/><W116/><G128/><T59/><D104/><U57/><E117/><V71/><F51/><N who="3" m="31007" /><G116/><T72/><D72/><U19/><E29/><V126/><F126/><W42/><G13/><T114/><D9/><U69/><E69/><V60/><F60/><W110/><G42/><T15/><D15/><U8/><E19/><V113/><F113/><W108/><G110/><T130/><D46/><U11/><E11/><V129/><F25/><W34/><G34/><T1/><D1/><U37/><E37/><V14/><F14/><W40/><G40/><T96/><D0/><U48/><E93/><V77/><F129/><W91/><G108/><T18/><D130/><U12/><REACH who="1" step="1"/><E87/><REACH who="1" ten="256,185,230,319" step="2"/><V3/><F3/><AGARI ba="0,1" hai="3,5,8,12,17,23,26,28,32,48,54,57,122,123" machi="3" ten="30,12000,2" yaku="1,1,2,1,7,1,24,2,52,1,53,0" doraHai="47" doraHaiUra="62" who="1" fromWho="2" sc="256,0,185,130,230,-120,319,0" owari="256,-14.0,315,12.0,110,-39.0,319,41.0" /></mjloggm>