<mjloggm ver="2.3"><GO type="97" lobby="0"/><UN n0="%73%61%72%61%68%31%32%33" n1="%63%68%69%62%69%38%36%35" n2="%E5%B0%B1%E6%B4%BB%E7%94%9F%40%E5%B7%9D%E6%9D%91%E8%BB%8D%E5%9B%A3" n3="%50%6F%6F%6C%79" dan="15,15,15,14" rate="1986.34,2000.88,2074.05,1889.31" sx="M,M,M,M"/><TAIKYOKU oya="0"/><INIT seed="0,0,0,2,3,125" ten="250,250,250,250" oya="0" hai0="78,83,108,49,56,19,93,123,95,52,44,134,130" hai1="29,22,94,31,112,119,135,73,32,33,35,0,113" hai2="2,87,47,105,14,11,80,30,17,101,86,76,66" hai3="111,91,110,9,6,4,117,118,116,90,79,5,81"/><T72/><D123/><U15/><E73/><V103/><F2/><W109/><G9/><T51/><D134/><U99/><E99/><V27/><F105/><W89/><G81/><T132/><D132/><U23/><E135/><V67/><F87/><W25/><G25/><T121/><D121/><U84/><E84/><V20/><REACH who="2" step="1"/><F47/><REACH who="2" ten="250,250,240,250" step="2"/><W1/><G1/><T131/><D108/><U10/><E119/><V75/><F75/><W122/><REACH who="3" step="1"/><G79/><REACH who="3" ten="250,250,240,240" step="2"/><T58/><D19/><U34/><E0/><V62/><F62/><W55/><G55/><N who="0" m="31871" /><D44/><U48/><E94/><V128/><F128/><N who="0" m="49194" /><D95/><U114/><E48/><V133/><F133/><W107/><G107/><T41/><D93/><U37/><E37/><V98/><F98/><W102/><G102/><AGARI ba="0,2" hai="11,14,17,20,27,30,66,67,76,80,86,101,102,103" machi="102" ten="40,2600,0" yaku="1,1,8,1,53,0" doraHai="125" doraHaiUra="85" who="2" fromWho="3" sc="250,0,250,0,240,46,240,-26" /><INIT seed="1,0,0,2,1,8" ten="250,250,286,214" oya="1" hai0="62,93,129,35,15,80,27,31,88,76,86,55,74" hai1="44,21,130,54,75,53,41,70,43,108,128,69,82" hai2="96,33,36,109,12,48,24,64,11,122,45,117,123" hai3="135,5,91,19,73,20,57,22,4,116,134,65,34"/><U106/><E106/><V71/><F36/><W25/><G73/><T0/><D0/><U67/><E21/><V90/><F117/><W68/><G116/><T118/><D118/><U16/><E82/><V38/><F109/><W121/><G68/><N who="1" m="26218" /><E75/><V87/><F38/><W115/><G121/><T132/><D132/><N who="3" m="50729" /><G115/><T42/><D42/><N who="1" m="15883" /><E16/><N who="2" m="8223" /><F96/><W79/><G79/><T97/><D129/><N who="1" m="49771" /><E108/><V113/><F113/><W2/><G91/><T1/><D1/><U56/><E44/><V29/><F122/><W13/><G65/><T23/><D74/><U58/><E67/><V14/><F123/><W111/><G57/><AGARI ba="0,0" hai="53,54,56,57,58" m="49771,15883,26218" machi="57" ten="40,12000,1" yaku="28,2,19,1,34,2" doraHai="8" who="1" fromWho="3" sc="250,0,250,120,286,0,214,-120" /><INIT seed="1,1,0,0,4,131" ten="250,370,286,94" oya="1" hai0="125,32,36,12,122,81,7,30,76,0,93,134,85" hai1="109,63,90,111,104,46,34,2,41,53,105,33,103" hai2="51,66,37,57,68,20,39,118,89,5,23,78,19" hai3="62,10,71,132,47,80,115,28,83,107,25,92,60"/><U128/><E63/><V116/><F68/><W29/><G107/><N who="1" m="41034" /><E53/><V74/><F5/><W88/><G115/><T21/><D36/><N who="1" m="21799" /><E90/><V58/><F74/><W48/><G71/><T113/><D113/><U9/><E103/><V15/><F78/><W117/><G117/><T102/><D125/><U77/><E77/><V59/><F66/><W110/><G110/><N who="1" m="41994" /><E128/><V79/><F79/><W11/><G132/><T82/><D134/><U42/><E42/><V64/><F64/><W95/><G25/><N who="0" m="18511" /><D82/><U114/><E114/><V101/><F101/><W97/><G48/><T55/><D55/><U16/><E16/><V22/><F89/><W45/><REACH who="3" step="1"/><G97/><REACH who="3" ten="250,370,286,84" step="2"/><T119/><D119/><U129/><E129/><V61/><F61/><W6/><G6/><AGARI ba="1,1" hai="2,6,9,33,34" m="41994,21799,41034" machi="6" ten="30,5800,0" yaku="14,1,10,1,23,1" doraHai="131" who="1" fromWho="3" sc="250,0,370,71,286,0,84,-61" /><INIT seed="1,2,0,0,4,71" ten="250,441,286,23" oya="1" hai0="121,78,75,73,92,74,132,43,68,13,0,66,29" hai1="24,4,2,50,114,101,85,32,93,90,117,20,62" hai2="17,22,104,61,9,105,26,95,81,42,64,94,69" hai3="37,113,111,128,6,98,63,131,125,110,129,18,53"/><U65/><E32/><V36/><F81/><W67/><G6/><T77/><D0/><U41/><E114/><V52/><F9/><W28/><G18/><T51/><D29/><U45/><E117/><V115/><F115/><W31/><G98/><T134/><D68/><U79/><E2/><V3/><F3/><W47/><G31/><T112/><D66/><U97/><E4/><V122/><F122/><W99/><G99/><T107/><D112/><U38/><E79/><N who="0" m="30217" /><D51/><U44/><E44/><V82/><F82/><W60/><G28/><T91/><D13/><U135/><E135/><N who="0" m="51753" /><D43/><U118/><E118/><V106/><REACH who="2" step="1"/><F52/><REACH who="2" ten="250,441,276,23" step="2"/><W30/><G113/><T35/><D35/><U108/><E50/><V16/><F16/><W25/><G25/><T5/><D5/><U124/><E124/><V10/><F10/><W39/><G125/><T72/><D72/><U102/><E108/><N who="3" m="41514" /><G30/><T40/><D40/><U126/><E126/><V14/><F14/><W127/><G127/><T27/><D27/><U86/><E102/><V70/><F70/><N who="3" m="42343" /><G63/><T100/><D100/><U1/><E101/><V12/><F12/><W59/><G59/><T88/><D107/><U57/><E1/><V87/><F87/><W103/><G103/><T34/><D34/><U21/><E21/><V84/><F84/><W55/><G55/><T48/><D121/><U123/><E123/><V120/><F120/><W130/><N who="3" m="33280" /><DORA hai="96" /><W58/><G58/><T54/><D92/><U109/><REACH who="1" step="1"/><E109/><REACH who="1" ten="250,431,276,23" step="2"/><V23/><F23/><W119/><G119/><T116/><D116/><U19/><AGARI ba="2,2" hai="19,20,24,38,41,45,57,62,65,85,86,90,93,97" machi="19" ten="20,12000,1" yaku="1,1,2,1,0,1,7,1,52,1,53,0" doraHai="71,96" doraHaiUra="46,7" who="1" fromWho="1" sc="250,-42,431,146,276,-42,23,-42" owari="208,-19.0,577,68.0,234,3.0,-19,-52.0" /></mjloggm>