<mjloggm ver="2.3"><GO type="169" lobby="0"/><UN n0="%E3%82%A6%E3%83%AB%E3%83%88%E3%83%A9%E7%AB%8B%E7%9B%B4" n1="%4D%72%2E%E3%82%B3%E3%83%90%E3%83%81" n2="%E3%83%AA%E3%82%B9%E3%83%83%E3%83%81" n3="%E3%82%82%E3%82%81%E3%82%93%E3%81%AA%E3%81%A1%E3%82%83%E3%81%84" dan="17,16,16,16" rate="2134.15,2084.98,2046.97,2177.12" sx="M,M,M,F"/><TAIKYOKU oya="0"/><INIT seed="0,0,0,1,1,45" ten="250,250,250,250" oya="0" hai0="18,123,28,29,103,31,55,109,64,53,102,110,38" hai1="93,78,121,27,104,122,68,48,63,58,76,113,92" hai2="14,4,105,6,79,8,69,10,1,87,107,20,131" hai3="59,61,30,42,96,130,88,25,21,13,80,124,119"/><T40/><D38/><U43/><E104/><V67/><F131/><W37/><G119/><T132/><D40/><U50/><E68/><V115/><F115/><W0/><G0/><T33/><D33/><U135/><E113/><V126/><F126/><W62/><G130/><T7/><D7/><U108/><E108/><N who="0" m="41577" /><D123/><U26/><E135/><V129/><F129/><W99/><G124/><T54/><D132/><U36/><E36/><V51/><F20/><W71/><G71/><T39/><D39/><U98/><E43/><V11/><F67/><W16/><G37/><T117/><D117/><U57/><E98/><V35/><F35/><W101/><G42/><T52/><D64/><U74/><E63/><V22/><F69/><W125/><G125/><T32/><D32/><U94/><E94/><V84/><F22/><W111/><G111/><T15/><D55/><U118/><E118/><V77/><F10/><AGARI ba="0,0" hai="10,15,18,28,29,31,52,53,54,102,103" m="41577" machi="10" ten="40,7700,0" yaku="14,1,10,1,54,1" doraHai="45" who="0" fromWho="2" sc="250,77,250,0,250,-77,250,0" /><INIT seed="0,1,0,2,4,45" ten="327,250,173,250" oya="0" hai0="29,62,6,36,98,26,110,50,112,117,8,13,115" hai1="87,7,109,100,40,77,21,64,68,37,95,107,91" hai2="75,114,125,71,81,11,99,4,61,111,123,46,39" hai3="130,59,47,10,25,124,70,94,73,93,33,103,51"/><T1/><D36/><U89/><E109/><V27/><F123/><W17/><G70/><T92/><D117/><U106/><E77/><V82/><F114/><W60/><G73/><T53/><D62/><U65/><E7/><V20/><F82/><W15/><G130/><T63/><D63/><U104/><E100/><V12/><F125/><W0/><G124/><T69/><D69/><U35/><E35/><V49/><F39/><W85/><G0/><T79/><D79/><U24/><E68/><V113/><F113/><W102/><G33/><T54/><D54/><U131/><E131/><V55/><F111/><W2/><G2/><T52/><D53/><U96/><E40/><V105/><F75/><W67/><G25/><T28/><D1/><U78/><E78/><V133/><F133/><W88/><G93/><T135/><D135/><U38/><E38/><V22/><F81/><W86/><G86/><T80/><D80/><U32/><E32/><V72/><F72/><W127/><G127/><T97/><D110/><U57/><E57/><V48/><F99/><N who="0" m="37898" /><D112/><U119/><E37/><V118/><F105/><W101/><G103/><T116/><D116/><U58/><E58/><N who="2" m="33135" /><F118/><W42/><AGARI ba="1,0" hai="10,15,17,42,47,51,59,60,67,85,88,94,101,102" machi="42" ten="20,8000,1" yaku="0,1,7,1,8,1,52,1,54,1" doraHai="45" who="3" fromWho="3" sc="327,-41,250,-21,173,-21,250,83" /><INIT seed="1,0,0,2,5,60" ten="286,229,152,333" oya="1" hai0="93,42,75,8,47,122,7,125,109,64,37,30,128" hai1="28,55,73,35,94,19,134,51,84,90,129,9,65" hai2="127,33,32,36,12,13,105,116,48,119,3,132,97" hai3="98,4,131,89,11,21,66,106,10,6,58,25,72"/><U29/><E73/><V99/><F48/><W71/><G71/><T91/><D75/><U123/><E123/><V95/><F95/><W81/><G131/><T102/><D128/><U110/><E129/><V135/><F127/><W88/><G72/><T31/><D109/><U87/><E134/><V34/><F3/><W56/><G106/><T14/><D125/><U17/><E110/><V54/><F54/><W40/><G40/><T61/><D102/><U16/><E35/><V1/><F1/><W85/><G98/><N who="2" m="37385" /><F36/><W24/><G21/><T86/><REACH who="0" step="1"/><D122/><REACH who="0" ten="276,229,152,333" step="2"/><U57/><E9/><V41/><F105/><W108/><G108/><T44/><D44/><U67/><E84/><V52/><F116/><W22/><G85/><T59/><AGARI ba="0,1" hai="7,8,14,30,31,37,42,47,59,61,64,86,91,93" machi="59" ten="20,8000,1" yaku="1,1,0,1,7,1,52,1,53,1" doraHai="60" doraHaiUra="62" who="0" fromWho="0" sc="276,90,229,-40,152,-20,333,-20" /><INIT seed="2,0,0,1,3,91" ten="366,189,132,313" oya="2" hai0="80,132,134,32,39,37,47,43,54,17,41,56,125" hai1="65,61,12,58,2,105,36,34,114,90,33,9,57" hai2="100,40,59,68,8,48,18,123,29,71,67,85,77" hai3="60,89,121,76,38,10,119,118,51,113,69,66,64"/><V79/><F123/><W42/><G121/><T108/><D32/><U110/><E2/><V31/><F100/><W5/><G113/><T111/><D17/><U82/><E114/><V120/><F120/><W133/><G133/><N who="0" m="51307" /><D80/><U70/><E36/><V104/><F104/><W30/><G30/><T112/><D125/><U22/><E105/><V86/><F40/><W15/><G38/><T49/><D112/><U129/><E110/><V84/><F48/><W78/><G66/><T87/><D87/><U7/><E129/><V4/><F18/><W92/><G119/><T19/><D19/><U81/><E22/><V128/><F128/><W72/><G72/><T103/><D103/><U98/><E81/><V130/><F130/><W52/><G42/><T97/><D97/><U21/><E21/><V20/><F68/><W74/><G74/><T135/><D135/><U101/><E101/><V109/><F71/><W102/><G102/><T44/><AGARI ba="0,0" hai="37,39,41,43,44,47,49,54,56,108,111" m="51307" machi="44" ten="30,4000,0" yaku="20,1,34,2" doraHai="91" who="0" fromWho="0" sc="366,40,189,-10,132,-20,313,-10" /><INIT seed="3,0,0,0,5,93" ten="406,179,112,303" oya="3" hai0="112,56,81,31,108,52,43,62,36,28,132,79,57" hai1="88,35,101,46,48,58,121,51,21,115,7,73,38" hai2="15,89,32,18,1,17,129,126,23,61,25,103,5" hai3="63,98,67,91,33,90,2,131,134,69,113,86,125"/><W97/><G2/><T106/><D36/><U116/><E121/><V65/><F129/><W114/><G33/><T128/><D43/><U127/><E35/><V117/><F117/><W133/><G131/><T14/><D106/><U80/><E116/><V84/><F126/><W34/><G34/><T55/><D132/><N who="3" m="50793" /><G125/><T0/><D0/><U27/><E127/><V71/><F1/><W109/><G109/><T10/><D108/><U83/><E115/><N who="3" m="44042" /><G90/><T49/><D112/><U50/><E101/><V82/><F32/><W104/><G104/><T20/><D128/><U95/><E7/><V76/><F5/><W100/><G100/><T123/><D123/><U120/><E120/><V66/><F103/><W68/><G68/><T74/><D20/><U6/><E6/><AGARI ba="0,0" hai="6,10,14,28,31,49,52,55,56,57,62,74,79,81" machi="6" ten="30,2000,0" yaku="7,1,54,1" doraHai="93" who="0" fromWho="1" sc="406,20,179,-20,112,0,303,0" /><INIT seed="4,0,0,1,2,93" ten="426,159,112,303" oya="0" hai0="1,91,51,105,95,10,7,81,100,111,119,97,130" hai1="68,106,66,64,24,23,117,103,12,129,104,5,85" hai2="19,122,20,13,76,8,41,46,121,52,80,49,55" hai3="131,11,135,99,86,73,60,48,79,74,29,33,39"/><T21/><D119/><U102/><E117/><V18/><F55/><W116/><G39/><T43/><D130/><U82/><E129/><V30/><F30/><W126/><G116/><T94/><D111/><U96/><E104/><V17/><F41/><W44/><G131/><T110/><D110/><U27/><E102/><V58/><F58/><W87/><G126/><T118/><D118/><U57/><E68/><V56/><F56/><W67/><G135/><T101/><D101/><U134/><E134/><V35/><F35/><W78/><G74/><T32/><D32/><U53/><E5/><V26/><REACH who="2" step="1"/><F17/><REACH who="2" ten="426,159,102,303" step="2"/><W36/><G29/><T16/><D43/><U65/><E12/><V107/><F107/><W9/><G33/><T88/><D105/><U28/><E27/><V47/><F47/><W61/><G44/><T54/><D54/><U69/><E69/><V133/><F133/><W31/><G31/><T83/><D16/><U115/><E115/><V0/><F0/><W63/><G67/><T22/><D1/><U77/><REACH who="1" step="1"/><E66/><REACH who="1" ten="426,149,102,303" step="2"/><V50/><F50/><AGARI ba="0,2" hai="23,24,28,50,53,57,64,65,77,82,85,96,103,106" machi="50" ten="30,7700,0" yaku="1,1,2,1,7,1,52,1,53,0" doraHai="93" doraHaiUra="90" who="1" fromWho="2" sc="426,0,149,97,102,-77,303,0" /><INIT seed="5,0,0,3,4,5" ten="426,246,25,303" oya="1" hai0="32,110,108,97,33,25,106,29,26,134,73,51,122" hai1="19,74,70,38,14,80,28,135,113,96,93,64,45" hai2="12,133,119,34,95,31,53,82,11,71,17,87,61" hai3="40,107,69,0,23,94,78,43,77,91,57,131,120"/><U1/><E1/><V15/><F119/><W128/><G69/><T117/><D51/><U98/><E113/><V125/><F125/><W85/><G120/><T37/><D117/><U112/><E112/><V21/><F133/><W65/><G107/><T68/><D134/><U79/><E28/><V9/><F34/><W121/><G121/><T75/><D37/><U59/><E135/><V76/><F71/><W56/><G0/><T44/><D44/><U114/><E114/><V22/><F95/><W101/><G101/><T24/><D24/><U35/><E35/><V52/><F31/><W36/><G23/><N who="2" m="8713" /><F61/><W89/><G36/><T92/><D92/><U18/><E70/><V88/><F76/><W20/><G20/><T66/><D26/><U105/><E105/><V111/><F111/><W4/><G94/><T41/><D33/><U126/><E126/><V7/><AGARI ba="0,0" hai="7,9,11,12,15,17,52,53,82,87,88" m="8713" machi="7" ten="30,8000,1" yaku="8,1,52,2,54,2" doraHai="5" who="2" fromWho="2" sc="426,-20,246,-40,25,80,303,-20" /><INIT seed="6,0,0,0,0,90" ten="406,206,105,283" oya="2" hai0="33,125,81,46,20,91,79,24,121,93,102,2,25" hai1="116,122,117,16,5,135,85,114,12,92,86,10,28" hai2="44,133,72,60,120,98,100,34,99,127,51,0,11" hai3="27,6,96,131,112,15,52,88,105,4,38,29,71"/><V104/><F120/><W36/><G71/><T22/><D2/><U82/><E122/><V69/><F72/><W43/><G131/><T126/><D102/><U45/><E114/><V39/><F133/><W129/><G129/><T56/><D46/><U32/><E135/><V78/><F78/><W64/><G64/><T97/><D56/><U14/><E32/><V21/><F99/><W49/><G112/><T63/><D63/><U75/><E75/><V42/><F21/><N who="0" m="8298" /><D33/><U118/><E28/><V8/><F127/><N who="0" m="48650" /><D121/><U89/><E45/><V101/><F101/><W87/><G105/><T53/><D53/><U48/><E48/><V134/><F134/><W3/><G3/><T109/><D109/><U108/><E108/><V107/><F107/><W111/><G111/><T35/><D35/><U19/><REACH who="1" step="1"/><E14/><REACH who="1" ten="406,196,105,283" step="2"/><V83/><F34/><W58/><G15/><T119/><D119/><U57/><E57/><V128/><F128/><W13/><G13/><T30/><D30/><U110/><E110/><V74/><F0/><W68/><G29/><T23/><D23/><U123/><E123/><V103/><F51/><W18/><G49/><T1/><D1/><U54/><E54/><V80/><F74/><AGARI ba="0,1" hai="24,25,74,79,81,91,93,97" m="48650,8298" machi="74" ten="30,2000,0" yaku="18,1,52,1" doraHai="90" who="0" fromWho="2" sc="406,30,196,0,105,-20,283,0" /><INIT seed="7,0,0,3,3,16" ten="436,196,85,283" oya="3" hai0="116,46,25,88,26,107,12,44,36,111,23,73,2" hai1="71,133,9,98,120,131,20,96,63,13,56,18,5" hai2="65,15,3,6,101,39,85,32,82,59,127,95,60" hai3="55,100,109,114,29,79,93,33,103,64,37,115,8"/><W27/><G37/><T24/><D2/><U28/><E120/><V121/><F127/><W41/><G41/><T80/><D107/><U7/><E71/><V74/><F32/><W34/><G109/><T58/><D73/><U92/><E133/><V90/><F3/><W122/><G122/><T112/><D36/><U125/><E131/><V126/><F126/><W47/><G64/><T108/><D116/><U117/><E117/><V123/><F39/><W21/><G79/><T11/><D58/><U30/><E96/><V91/><F121/><W78/><G78/><T10/><D112/><N who="3" m="43049" /><G8/><T19/><D108/><U94/><E94/><V83/><F123/><W54/><G47/><N who="0" m="17963" /><D111/><U40/><E40/><V134/><F134/><W89/><G54/><T52/><D52/><U84/><E125/><V53/><F74/><W50/><G50/><T4/><D11/><U124/><E124/><V42/><F42/><W68/><G68/><T130/><D130/><U1/><E9/><V75/><F75/><W105/><G55/><T128/><D128/><U135/><E135/><V14/><F6/><W118/><G118/><T99/><D99/><U61/><E5/><V104/><F104/><W77/><G77/><T87/><AGARI ba="0,0" hai="4,10,12,19,23,24,25,26,80,87,88" m="17963" machi="87" ten="30,4000,0" yaku="8,1,52,1,54,1" doraHai="16" who="0" fromWho="0" sc="436,40,196,-10,85,-10,283,-20" owari="476,57.0,186,-21.0,75,-42.0,263,6.0" /></mjloggm>