<mjloggm ver="2.3"><GO type="97" lobby="0"/><UN n0="%E5%B0%B1%E6%B4%BB%E7%94%9F%40%E5%B7%9D%E6%9D%91%E8%BB%8D%E5%9B%A3" n1="%75%6F%6B%6B%61%34%39%34" n2="%73%6F%2D%6B%75" n3="%E9%80%86%E7%90%86%40%E6%9D%8F%E6%9D%8F%E8%BB%8D%E5%9C%98" dan="15,14,13,13" rate="1968.02,1910.98,1862.29,1884.14" sx="M,M,M,M"/><TAIKYOKU oya="0"/><INIT seed="0,0,0,3,0,110" ten="250,250,250,250" oya="0" hai0="62,11,53,81,119,93,45,82,46,70,131,98,99" hai1="43,39,114,101,67,130,106,94,20,13,50,47,10" hai2="48,66,21,76,126,35,38,97,121,78,133,96,60" hai3="41,2,51,86,134,91,33,55,83,42,34,79,124"/><T103/><D119/><U68/><E106/><V120/><F35/><W6/><G134/><T102/><D131/><U28/><E130/><V25/><F38/><W80/><G124/><T111/><D111/><U100/><E68/><V19/><F133/><W85/><G33/><T59/><D70/><U31/><E39/><V127/><F48/><W77/><G34/><T109/><D109/><U26/><E67/><V107/><F66/><W1/><G91/><T29/><D29/><N who="1" m="17607" /><E114/><V115/><F115/><W104/><G104/><T89/><D11/><U65/><E65/><V3/><F3/><W27/><G27/><T128/><D128/><U72/><E72/><V112/><F112/><W132/><G132/><T69/><D69/><U64/><E64/><V56/><F56/><W52/><G51/><T73/><D73/><U54/><E43/><V84/><F60/><W58/><G58/><T44/><REACH who="0" step="1"/><D89/><REACH who="0" ten="240,250,250,250" step="2"/><U0/><E0/><V118/><F118/><W18/><G18/><T125/><D125/><U122/><E122/><V92/><F121/><W32/><G77/><T49/><D49/><U22/><E50/><V74/><F120/><W4/><G79/><N who="2" m="30249" /><F74/><W30/><G4/><T8/><D8/><U5/><E10/><V16/><F127/><W14/><G6/><T37/><D37/><U12/><E5/><V135/><F126/><W90/><G90/><T23/><D23/><U108/><E22/><V40/><F21/><W63/><G32/><T87/><D87/><U36/><E36/><V24/><F84/><W75/><G75/><T123/><D123/><U17/><E108/><RYUUKYOKU ba="0,1" sc="240,30,250,-10,250,-10,250,-10" hai0="44,45,46,53,59,62,81,82,93,98,99,102,103" /><INIT seed="0,1,1,1,2,5" ten="270,240,240,240" oya="0" hai0="67,101,11,114,49,17,111,133,69,112,88,129,2" hai1="77,107,79,92,45,34,120,89,57,62,63,29,7" hai2="83,117,18,46,93,53,6,27,65,59,132,134,31" hai3="64,32,99,90,95,3,96,85,87,13,71,15,36"/><T124/><D101/><U84/><E120/><V73/><F117/><W30/><G36/><T82/><D124/><U128/><E107/><V81/><F18/><W44/><G3/><T76/><D129/><U86/><E128/><V125/><F125/><W74/><G74/><T35/><D133/><N who="2" m="51306" /><F73/><W51/><G99/><T47/><D35/><U121/><E121/><V72/><F72/><W70/><G70/><T91/><D111/><U66/><E7/><V38/><F6/><W61/><G30/><T113/><D67/><U102/><E102/><V104/><F104/><W75/><G75/><T115/><D69/><U98/><E29/><V50/><F93/><W131/><G32/><T122/><D122/><U103/><E34/><N who="2" m="20863" /><F38/><W1/><G131/><T109/><D109/><U43/><E63/><AGARI ba="1,1" hai="46,50,53,59,63,65,81,83" m="20863,51306" machi="63" ten="30,1000,0" yaku="20,1" doraHai="5" who="2" fromWho="1" sc="270,0,240,-13,240,23,240,0" /><INIT seed="1,0,0,1,1,25" ten="270,227,263,240" oya="1" hai0="72,43,27,81,23,118,31,110,51,78,117,19,60" hai1="68,0,100,10,15,13,6,114,119,71,40,3,52" hai2="128,12,55,56,66,101,29,76,4,42,26,126,34" hai3="44,16,122,47,130,39,112,99,33,94,61,67,84"/><U75/><E119/><V28/><F126/><W69/><G112/><T91/><D110/><U89/><E114/><V129/><F66/><W109/><G122/><T70/><D91/><U133/><E75/><V5/><F42/><W103/><G109/><T124/><D124/><U11/><E133/><V20/><F101/><W125/><G125/><T104/><D104/><U135/><E135/><V87/><F87/><W22/><G33/><T37/><D37/><U57/><E40/><V95/><F95/><W88/><G39/><T53/><D43/><U38/><E38/><V106/><F106/><W86/><G130/><N who="2" m="50281" /><F76/><W41/><G41/><T77/><D77/><U93/><E100/><V36/><F36/><W59/><G69/><T62/><D19/><U113/><E113/><V108/><F108/><W123/><G123/><T45/><REACH who="0" step="1"/><D70/><REACH who="0" ten="260,227,263,240" step="2"/><U73/><E71/><V96/><F96/><W35/><G35/><T79/><D79/><U32/><E68/><V127/><F127/><W111/><G111/><T131/><D131/><U48/><E32/><V85/><F85/><N who="3" m="32875" /><G103/><T58/><D58/><U50/><E73/><V63/><F12/><AGARI ba="0,1" hai="12,16,22,44,47,59,61,67,88,94,99" m="32875" machi="12" ten="30,3900,0" yaku="8,1,54,2" doraHai="25" who="3" fromWho="2" sc="260,0,227,0,263,-39,240,49" /><INIT seed="2,0,0,3,0,19" ten="260,227,224,289" oya="2" hai0="70,114,22,75,12,129,120,87,5,113,94,31,82" hai1="121,76,77,59,72,80,52,132,51,23,84,124,135" hai2="71,85,57,7,86,8,36,37,45,109,46,133,44" hai3="112,130,56,61,33,21,105,58,1,115,108,16,74"/><V131/><F71/><W15/><G1/><T125/><D120/><U13/><E121/><V90/><F133/><W126/><G108/><T9/><D70/><U43/><E124/><V0/><F109/><W55/><G126/><T48/><D125/><U116/><E116/><V117/><F117/><W41/><G33/><T95/><D129/><U78/><E43/><V68/><F68/><W83/><G105/><T17/><D75/><U106/><E106/><V65/><F131/><W118/><G118/><T28/><D114/><N who="3" m="43561" /><G130/><T6/><D48/><U93/><E93/><N who="0" m="35337" /><D113/><U34/><E34/><V32/><F32/><W20/><G41/><T97/><D97/><U35/><E35/><V26/><F26/><W119/><G119/><T27/><D31/><U89/><E72/><V134/><F134/><N who="1" m="51241" /><E76/><AGARI ba="0,0" hai="5,6,9,12,17,22,27,28,76,82,87" m="35337" machi="76" ten="30,2000,0" yaku="8,1,52,1" doraHai="19" who="0" fromWho="1" sc="260,20,227,-20,224,0,289,0" /><INIT seed="3,0,0,2,2,30" ten="280,207,224,289" oya="3" hai0="51,70,50,112,54,72,134,75,21,95,126,81,14" hai1="26,1,28,105,88,62,43,76,12,46,47,132,74" hai2="78,65,122,34,106,48,131,135,77,109,73,7,91" hai3="13,16,63,5,130,89,29,52,57,98,80,22,19"/><W4/><G130/><T82/><D70/><U42/><E105/><V23/><F106/><W56/><G29/><T90/><D112/><U100/><E100/><V53/><F91/><W27/><G57/><T118/><D118/><U71/><E1/><V111/><F131/><W20/><G98/><T99/><D126/><U64/><E132/><V69/><F23/><W0/><G0/><T55/><D134/><U123/><E123/><V18/><F18/><W68/><G68/><T87/><D75/><U94/><E76/><V44/><F69/><W133/><G133/><T96/><D72/><U17/><E74/><V117/><F7/><W101/><G101/><T66/><D66/><U3/><E3/><V41/><F41/><W116/><G116/><T114/><D114/><U120/><E120/><V127/><F44/><W59/><G59/><T8/><D21/><U84/><E43/><V102/><F102/><W33/><G33/><T36/><D36/><U15/><E17/><V129/><F129/><W93/><G93/><T39/><D39/><U38/><E47/><V124/><F73/><W113/><G113/><T37/><D37/><U121/><E121/><V40/><F40/><W10/><G10/><T104/><D104/><U60/><REACH who="1" step="1"/><E62/><REACH who="1" ten="280,197,224,289" step="2"/><V58/><F135/><W45/><G45/><T83/><D51/><U2/><E2/><V115/><F122/><W107/><G107/><T67/><D50/><U92/><E92/><V86/><F115/><W25/><G13/><T6/><D95/><U49/><E49/><V110/><F48/><W128/><G128/><T79/><D14/><RYUUKYOKU ba="0,1" sc="280,-15,197,15,224,-15,289,15" hai1="12,15,26,28,38,42,46,60,64,71,84,88,94" hai3="4,5,16,19,20,22,25,27,52,56,63,80,89" owari="265,7.0,212,-19.0,209,-29.0,314,41.0" /></mjloggm>