<mjloggm ver="2.3"><GO type="225" lobby="0"/><UN n0="%E7%99%BE%E5%BC%8F%E8%A6%B3%E9%9F%B3" n1="%63%6F%61" n2="%E3%83%88%E3%83%88%E3%83%AA%E5%85%88%E7%94%9F%31%39%E6%AD%B3" n3="%E8%92%BC%E6%9C%88%E6%BD%AE" dan="17,16,18,17" rate="2151.73,2127.09,2273.06,2158.26" sx="M,M,F,M"/><TAIKYOKU oya="0"/><INIT seed="0,0,0,2,2,110" ten="250,250,250,250" oya="0" hai0="7,112,115,44,72,21,102,30,109,96,19,1,58" hai1="41,0,55,60,124,57,130,5,24,53,38,8,91" hai2="40,81,11,9,17,42,63,51,117,69,82,129,50" hai3="83,101,135,84,32,75,25,89,34,85,92,39,49"/><T28/><D72/><U98/><E124/><V131/><F69/><W68/><G39/><T56/><D109/><U12/><E130/><V27/><F27/><W132/><G68/><T104/><D7/><U46/><E24/><V62/><REACH who="2" step="1"/><F17/><REACH who="2" ten="250,250,240,250" step="2"/><W116/><G25/><T6/><D19/><U87/><E0/><V4/><F4/><W66/><G132/><T64/><D6/><U125/><E125/><V67/><F67/><W133/><G66/><T119/><D1/><U10/><E5/><V73/><F73/><W95/><G133/><T3/><D3/><U90/><E12/><V31/><F31/><W100/><G135/><T78/><D30/><U123/><E10/><V33/><F33/><W122/><G75/><T13/><D64/><U2/><E8/><V54/><F54/><W22/><G32/><T47/><D28/><U114/><E53/><V59/><F59/><W71/><G34/><T48/><D58/><U43/><E57/><V128/><F128/><W111/><G71/><T106/><D56/><U99/><E55/><V18/><F18/><W37/><G111/><T52/><D13/><U79/><E2/><V20/><F20/><W77/><G22/><T134/><D21/><U113/><E41/><V97/><F97/><W61/><G61/><T74/><D134/><U23/><E60/><V70/><F70/><W15/><G15/><T29/><D29/><U35/><E35/><V65/><F65/><W16/><G16/><T108/><D108/><U76/><E23/><V93/><F93/><W103/><G95/><T107/><D74/><U88/><E87/><RYUUKYOKU ba="0,1" sc="250,-10,250,-10,240,30,250,-10" hai2="9,11,40,42,50,51,62,63,81,82,117,129,131" /><INIT seed="1,1,1,3,4,93" ten="240,240,270,240" oya="1" hai0="67,6,81,133,45,14,32,49,26,134,15,95,115" hai1="96,111,92,118,58,78,87,9,80,40,132,110,130" hai2="63,35,94,51,125,123,76,24,52,66,135,73,44" hai3="89,109,2,117,11,34,16,13,28,90,85,10,126"/><U75/><E118/><V37/><F123/><W0/><G117/><T48/><D115/><U79/><E40/><V91/><F135/><N who="0" m="51722" /><D67/><U131/><E132/><V121/><F121/><W113/><G113/><T82/><D49/><U42/><E42/><V20/><F125/><W27/><G126/><T124/><D124/><U50/><E50/><V84/><F35/><W99/><G109/><N who="1" m="41482" /><E58/><V98/><F73/><W30/><G30/><N who="0" m="19543" /><D95/><U62/><E62/><V122/><F122/><W12/><G28/><T61/><D61/><U71/><E9/><V1/><F37/><W7/><G10/><N who="0" m="4439" /><D15/><U64/><E64/><V129/><F63/><W103/><G12/><T5/><D5/><U120/><E71/><V46/><F66/><W21/><G7/><T69/><D69/><U19/><E120/><V29/><F46/><W74/><G11/><T68/><D68/><U106/><E106/><V101/><F51/><W128/><G13/><T57/><D57/><U100/><E19/><V86/><F44/><W119/><G16/><T8/><D8/><U47/><E47/><V17/><F17/><W38/><G38/><T72/><D72/><U56/><E56/><V97/><F52/><AGARI ba="1,1" hai="45,48,52,81,82" m="4439,19543,51722" machi="52" ten="30,2000,0" yaku="20,1,54,1" doraHai="93" who="0" fromWho="2" sc="240,33,240,0,270,-23,240,0" /><INIT seed="2,0,0,2,5,12" ten="273,240,247,240" oya="2" hai0="66,124,78,120,1,80,94,46,74,88,68,44,22" hai1="52,118,56,26,79,27,107,133,108,116,2,63,119" hai2="10,65,30,19,100,112,37,9,53,4,83,49,47" hai3="92,132,16,111,54,106,121,62,89,72,123,24,90"/><V34/><F112/><W129/><G106/><T134/><D120/><U75/><E107/><V55/><F100/><W48/><G72/><T35/><D35/><U67/><E2/><V38/><F65/><W87/><G111/><T126/><D1/><U130/><E108/><V110/><F110/><W59/><G132/><T82/><D82/><U96/><E133/><V51/><F83/><N who="3" m="49407" /><G121/><T102/><D102/><U104/><E130/><V69/><F69/><W40/><G123/><T21/><D66/><U115/><E115/><V105/><F105/><W93/><G129/><T99/><D68/><U76/><E75/><V31/><F34/><W15/><G24/><T117/><D117/><U23/><E26/><V97/><F97/><N who="3" m="57495" /><G93/><T113/><D113/><U6/><E6/><V8/><F4/><W17/><G15/><T11/><D11/><U0/><E0/><V131/><F131/><W73/><G73/><T13/><D134/><U5/><E5/><V58/><REACH who="2" step="1"/><F19/><REACH who="2" ten="273,240,237,240" step="2"/><N who="3" m="7243" /><G40/><T101/><D101/><U39/><E104/><V57/><F57/><W77/><G77/><T71/><D71/><U33/><E79/><V42/><F42/><W86/><G86/><T64/><D78/><U109/><E76/><V81/><F81/><W61/><AGARI ba="0,1" hai="48,54,59,61,62" m="7243,57495,49407" machi="61" ten="30,8000,1" yaku="8,1,52,3,54,1" doraHai="12" who="3" fromWho="3" sc="273,-20,240,-20,237,-40,240,90" /><INIT seed="3,0,0,5,1,52" ten="253,220,197,330" oya="3" hai0="21,28,126,121,94,2,30,115,128,41,111,32,18" hai1="125,123,72,15,135,25,1,57,103,43,77,66,33" hai2="49,75,4,122,93,86,113,68,20,16,34,83,130" hai3="107,60,50,17,56,31,118,29,9,0,42,7,14"/><W3/><G107/><T74/><D2/><U117/><E1/><V69/><F113/><W132/><G118/><T26/><D121/><U40/><E123/><V67/><F34/><W119/><G119/><T6/><D6/><U63/><E117/><V84/><F122/><W79/><G0/><T96/><D74/><U120/><E120/><V134/><F4/><W127/><G127/><T51/><D126/><U92/><E125/><V8/><F8/><W81/><G132/><T85/><D111/><U129/><E135/><V38/><F38/><W99/><G99/><T131/><D85/><U106/><E129/><N who="0" m="49737" /><D32/><U90/><E15/><V65/><F130/><W78/><G14/><T105/><D105/><U62/><E62/><V108/><F75/><W36/><G60/><T24/><D24/><U95/><E95/><V88/><F134/><W37/><G81/><T114/><D51/><U11/><E11/><V110/><F49/><W54/><G9/><T47/><D47/><U100/><E106/><V58/><F58/><W64/><G56/><T76/><D41/><N who="1" m="15947" /><E72/><V27/><F69/><W97/><G36/><T53/><D114/><U59/><E77/><N who="2" m="46191" /><F68/><W44/><G37/><T22/><D76/><U87/><E33/><V98/><F86/><W23/><G3/><T5/><D5/><U89/><E25/><V112/><F112/><W80/><G7/><T73/><D26/><U101/><E59/><V71/><F71/><W133/><G133/><T39/><D73/><U45/><E45/><V61/><F61/><W35/><G44/><T70/><D115/><U116/><E116/><RYUUKYOKU ba="0,0" sc="253,-15,220,15,197,15,330,-15" hai1="57,63,66,87,89,90,92,100,101,103" hai2="16,20,27,65,67,88,93,98,108,110" owari="238,4.0,235,-16.0,212,-29.0,315,41.0" /></mjloggm>