<mjloggm ver="2.3"><GO type="169" lobby="0"/><UN n0="%E5%A4%A2%E5%B9%BB%E7%A7%A6" n1="%E6%A1%9C%E4%BA%95%E3%81%95%E3%82%93" n2="%69%6E%66%6F%31%32%33" n3="%E3%82%A6%E3%83%AB%E3%83%88%E3%83%A9%E7%AB%8B%E7%9B%B4" dan="16,16,16,17" rate="2130.33,2057.81,2061.84,2157.22" sx="M,M,M,M"/><TAIKYOKU oya="0"/><INIT seed="0,0,0,4,4,60" ten="250,250,250,250" oya="0" hai0="17,28,25,97,71,38,63,98,131,46,2,123,44" hai1="36,68,108,7,51,18,16,78,1,88,107,23,3" hai2="62,8,116,53,11,67,66,112,39,48,77,24,101" hai3="33,121,129,128,83,0,103,22,109,117,35,132,41"/><T72/><D17/><U6/><E36/><V54/><F116/><W9/><G103/><T59/><D123/><U58/><E68/><V70/><F112/><W19/><G41/><T69/><D72/><U27/><E107/><V92/><F39/><W45/><G45/><T79/><D79/><U15/><E108/><V135/><F135/><W118/><G83/><T113/><D2/><U64/><E78/><V32/><F77/><W49/><G49/><T20/><D113/><U40/><E1/><V85/><F53/><W61/><G61/><T57/><D131/><N who="3" m="50249" /><G109/><T133/><D133/><U5/><E3/><V120/><F120/><W31/><G132/><T50/><D38/><U65/><E88/><V125/><F101/><W124/><G124/><T12/><D12/><U96/><E96/><N who="0" m="36969" /><D71/><U104/><E104/><V21/><F125/><W55/><G121/><T52/><D69/><U134/><E134/><V76/><F76/><W127/><G127/><T47/><D59/><U105/><E105/><V95/><F70/><W110/><G110/><T91/><D91/><U111/><E111/><V4/><F85/><W29/><G35/><T82/><D82/><U126/><E126/><V122/><F32/><W43/><G33/><T106/><D106/><U90/><E90/><V94/><F122/><W115/><G115/><T42/><AGARI ba="0,0" hai="20,25,28,42,44,46,47,50,52,57,63" m="36969" machi="42" ten="30,3000,0" yaku="8,1,54,1" doraHai="60" who="0" fromWho="0" sc="250,30,250,-10,250,-10,250,-10" /><INIT seed="0,1,0,3,2,61" ten="280,240,240,240" oya="0" hai0="84,2,0,55,25,73,108,40,45,56,83,124,100" hai1="75,62,112,9,115,117,114,35,33,4,20,74,82" hai2="123,51,13,76,72,46,98,65,7,26,116,109,67" hai3="44,85,38,66,133,52,24,29,1,107,78,106,49"/><T58/><D73/><N who="1" m="27659" /><E117/><V57/><F123/><W28/><G133/><T122/><D122/><U135/><E135/><V101/><F116/><W48/><G1/><T39/><D58/><U90/><E20/><V132/><F132/><W53/><G38/><T131/><D124/><U50/><E50/><V96/><F57/><N who="3" m="32911" /><G106/><T23/><D131/><U6/><E62/><V126/><F126/><W118/><G107/><T120/><D100/><U64/><E64/><N who="2" m="24651" /><F72/><W54/><G66/><T36/><D108/><U17/><E17/><V79/><F109/><W71/><G71/><T16/><D120/><U97/><E4/><V134/><F134/><W105/><G105/><T31/><D31/><U43/><E43/><N who="2" m="25055" /><F26/><W18/><G118/><T60/><D39/><U41/><E35/><V59/><F59/><W125/><G125/><T87/><D87/><N who="1" m="50551" /><E33/><V8/><F101/><W32/><G32/><T21/><REACH who="0" step="1"/><D21/><REACH who="0" ten="270,240,240,240" step="2"/><U3/><E115/><V110/><F110/><W111/><G111/><T89/><AGARI ba="1,1" hai="0,2,16,23,25,36,40,45,55,56,60,83,84,89" machi="89" ten="20,12000,1" yaku="1,1,2,1,0,1,7,1,54,1,53,0" doraHai="61" doraHaiUra="88" who="0" fromWho="0" sc="270,133,240,-41,240,-41,240,-41" /><INIT seed="0,2,0,2,5,65" ten="403,199,199,199" oya="0" hai0="7,9,95,4,48,91,120,115,26,38,44,74,85" hai1="97,61,73,71,103,1,80,24,2,42,121,19,45" hai2="25,17,58,90,14,124,50,3,68,64,104,117,81" hai3="12,106,51,29,119,22,76,105,59,128,123,67,60"/><T63/><D38/><U0/><E121/><V43/><F3/><W113/><G119/><T83/><D120/><U8/><E24/><V78/><F104/><W118/><G118/><T30/><D115/><U15/><E73/><V11/><F117/><W125/><G113/><T21/><D74/><U98/><E80/><V40/><F90/><W99/><G123/><T102/><D63/><U41/><E103/><V46/><F124/><W75/><G125/><T122/><D122/><U69/><E42/><V116/><F116/><W16/><G128/><T33/><D33/><U70/><REACH who="1" step="1"/><E61/><REACH who="1" ten="403,189,199,199" step="2"/><V27/><F43/><W5/><G75/><T110/><D102/><U66/><E66/><V36/><F27/><W86/><G67/><T132/><D83/><U112/><E112/><V56/><F25/><W37/><G60/><T133/><D133/><U87/><E87/><V92/><F81/><W10/><G86/><T131/><D132/><U111/><E111/><V108/><F108/><W28/><G76/><T20/><D110/><U34/><E34/><V47/><F78/><W72/><G72/><T54/><D131/><U101/><E101/><V82/><F82/><W39/><G99/><T77/><D77/><U49/><AGARI ba="2,1" hai="0,1,2,8,15,19,41,45,49,69,70,71,97,98" machi="49" ten="40,8000,1" yaku="1,1,0,1,52,3,53,0" doraHai="65" doraHaiUra="84" who="1" fromWho="1" sc="403,-42,189,96,199,-22,199,-22" /><INIT seed="1,0,0,4,0,57" ten="361,285,177,177" oya="1" hai0="131,127,93,48,107,37,31,102,70,28,30,126,21" hai1="85,60,47,99,118,19,125,100,130,76,72,79,17" hai2="111,18,34,134,121,14,51,124,10,133,132,49,135" hai3="41,40,71,0,8,26,13,105,88,16,116,24,6"/><U80/><E118/><V7/><F121/><W3/><G105/><T113/><D37/><U59/><E130/><V4/><F34/><W27/><G116/><T87/><D131/><U64/><E125/><V39/><F39/><W32/><G71/><T91/><D113/><U55/><E76/><V36/><F36/><W101/><G101/><T65/><D48/><N who="2" m="18506" /><F124/><W52/><G52/><T56/><D70/><U54/><E72/><V95/><F111/><W2/><G88/><T108/><D108/><U120/><E120/><V98/><N who="2" m="33792" /><DORA hai="73" /><V92/><F92/><W50/><G50/><T128/><D107/><U66/><E47/><V81/><F81/><W84/><G84/><T43/><D127/><U5/><E5/><V1/><F1/><N who="3" m="619" /><G41/><T44/><D43/><U69/><E66/><V117/><F117/><W67/><G67/><T33/><D44/><U97/><E69/><V82/><F82/><W61/><G40/><T123/><D65/><U68/><E68/><V46/><F46/><W12/><G61/><T96/><D126/><U75/><E75/><V11/><F10/><N who="3" m="6199" /><G3/><T109/><D123/><U110/><E110/><V94/><F94/><W58/><G58/><T77/><D56/><U104/><E97/><V38/><F38/><W86/><G86/><T62/><D96/><U74/><E74/><V129/><F129/><W89/><G89/><AGARI ba="0,0" hai="4,7,11,14,18,89,95,98" m="33792,18506" machi="89" ten="60,2000,0" yaku="20,1" doraHai="57,73" who="2" fromWho="3" sc="361,0,285,0,177,20,177,-20" /><INIT seed="2,0,0,3,4,1" ten="361,285,197,157" oya="2" hai0="42,54,85,105,69,113,30,63,99,47,9,72,24" hai1="20,45,59,65,36,29,67,40,114,115,91,5,68" hai2="102,79,112,8,84,80,19,83,111,82,50,10,17" hai3="134,131,62,86,87,107,52,100,66,127,27,55,106"/><V41/><F111/><W110/><G110/><T21/><D72/><U49/><E91/><V123/><F123/><W121/><G121/><T39/><D113/><U104/><E104/><V37/><F37/><W23/><G127/><T0/><D85/><U22/><E22/><V101/><F112/><W103/><G131/><T32/><D21/><U53/><E67/><V48/><F84/><N who="3" m="32299" /><G134/><T124/><D54/><N who="3" m="20521" /><G107/><T11/><D124/><U15/><E29/><V13/><F79/><W130/><G106/><T7/><D11/><N who="2" m="4138" /><F41/><W128/><G128/><T12/><D12/><U96/><E36/><V46/><F13/><W6/><G6/><T116/><D116/><U109/><E15/><V90/><F90/><W93/><G93/><T119/><D119/><U92/><E109/><V44/><F44/><W129/><G129/><T81/><D81/><U34/><E45/><V117/><F46/><W88/><G88/><T75/><D75/><U120/><E40/><V89/><F89/><W70/><G130/><T108/><D108/><U126/><E126/><V31/><F117/><W33/><G33/><T78/><D78/><U97/><E34/><V18/><F31/><N who="3" m="17919" /><G70/><T3/><D3/><U133/><E68/><V4/><F4/><W38/><G38/><T135/><D69/><U73/><E5/><V16/><N who="2" m="4096" /><DORA hai="25" /><V57/><F57/><W71/><G71/><T26/><D39/><U14/><E59/><V132/><F132/><W35/><G35/><T28/><D135/><U51/><E133/><V95/><F95/><W118/><G118/><T2/><D2/><U58/><E92/><RYUUKYOKU ba="0,0" sc="361,-15,285,-15,197,15,157,15" hai2="48,50,80,82,83,101,102" hai3="62,66,100,103" /><INIT seed="2,1,0,3,2,88" ten="346,270,212,172" oya="2" hai0="26,76,129,0,8,127,15,82,86,123,46,71,128" hai1="44,83,25,113,65,56,58,20,69,77,51,13,11" hai2="114,100,66,16,89,61,85,52,12,102,116,67,47" hai3="31,95,120,30,87,57,39,17,63,130,74,119,122"/><V124/><F116/><W21/><G39/><T10/><D71/><U79/><E113/><V22/><F124/><W18/><G74/><T111/><D123/><U35/><E35/><V9/><F114/><W84/><G119/><T2/><D127/><U37/><E37/><V80/><F22/><W24/><G130/><T36/><D111/><U27/><E69/><V99/><F100/><W41/><G41/><T19/><D10/><U62/><E58/><V7/><F7/><W59/><G21/><T126/><D126/><U3/><E3/><V28/><F28/><W73/><G73/><T1/><D26/><N who="1" m="9739" /><E83/><V5/><F5/><W132/><G24/><T96/><D46/><U101/><E101/><V135/><F135/><W38/><G38/><T105/><D36/><U60/><E60/><V107/><F61/><W48/><G63/><T45/><D45/><U94/><E94/><V64/><F64/><W103/><G103/><T29/><D29/><U68/><E68/><V106/><F106/><W109/><G132/><T43/><D128/><U112/><E20/><V14/><F14/><W90/><G109/><T133/><D129/><U93/><E93/><V81/><F80/><W104/><G95/><T6/><D133/><U54/><E112/><V33/><F33/><W131/><G131/><T42/><D6/><AGARI ba="1,0" hai="6,11,13,44,51,54,56,62,65,77,79" m="9739" machi="6" ten="30,1000,0" yaku="8,1" doraHai="88" who="1" fromWho="0" sc="346,-13,270,13,212,0,172,0" /><INIT seed="3,0,0,0,5,112" ten="333,283,212,172" oya="3" hai0="96,26,32,100,131,34,40,91,72,24,116,80,6" hai1="14,11,129,66,104,12,86,69,67,77,19,21,126" hai2="74,23,64,62,17,57,73,60,133,120,27,98,33" hai3="0,88,2,38,81,52,79,58,35,121,53,78,95"/><W109/><G121/><T20/><D6/><U123/><E123/><V28/><F120/><W39/><G35/><T132/><D40/><U37/><E37/><N who="3" m="13834" /><G81/><T65/><D65/><U5/><E104/><V108/><F108/><W48/><G109/><T4/><D4/><U97/><E69/><V134/><F98/><W16/><G95/><T76/><D26/><U124/><E97/><V68/><F133/><W13/><G13/><T122/><D132/><U125/><E129/><V25/><F134/><W114/><G114/><T113/><D131/><U61/><REACH who="1" step="1"/><E61/><REACH who="1" ten="333,273,212,172" step="2"/><V44/><F62/><W71/><G71/><T10/><D122/><U93/><E93/><V84/><F68/><W7/><G48/><T3/><D96/><U118/><E118/><V1/><F60/><W59/><G7/><T31/><D116/><U18/><E18/><V103/><F17/><W83/><G16/><T15/><D31/><U30/><E30/><V102/><F28/><W128/><G128/><T119/><D113/><U117/><E117/><V36/><F36/><W50/><G50/><T82/><D119/><U127/><N who="1" m="31744" /><DORA hai="75" /><U90/><E90/><V92/><F92/><W29/><G88/><T106/><D91/><U105/><E105/><V89/><F89/><W101/><G29/><T70/><D106/><U94/><E94/><V99/><F99/><W111/><G111/><T54/><D70/><U45/><E45/><V51/><F51/><N who="3" m="31007" /><G101/><T107/><D100/><U87/><E87/><V85/><F84/><N who="3" m="48247" /><G79/><T47/><D107/><U55/><E55/><V42/><F103/><W49/><AGARI ba="0,1" hai="0,2,49,53,59" m="48247,31007,13834" machi="49" ten="30,6000,0" yaku="5,1,52,1,54,1" doraHai="112,75" who="3" fromWho="3" sc="333,-20,273,-20,212,-20,172,70" /><INIT seed="3,1,0,5,4,15" ten="313,253,192,242" oya="3" hai0="47,77,120,108,55,111,76,14,69,20,0,64,70" hai1="8,91,82,67,40,78,11,19,26,50,85,38,43" hai2="119,37,59,54,33,93,94,118,51,29,116,87,60" hai3="22,97,66,10,6,21,122,112,52,25,18,73,79"/><W86/><G122/><T36/><D0/><U4/><E38/><V5/><F37/><W89/><G112/><T100/><D100/><U16/><E67/><V104/><F104/><W123/><G123/><T81/><D120/><U96/><E26/><V98/><F5/><W17/><G66/><T117/><D77/><U133/><E133/><V88/><F33/><W68/><G68/><T31/><D117/><U129/><E129/><V128/><F29/><W80/><G52/><T105/><D105/><U23/><E23/><V58/><F128/><W113/><G113/><T127/><D70/><U39/><E39/><V13/><F13/><N who="3" m="5335" /><G73/><T49/><D36/><U84/><E96/><V131/><F131/><W46/><G46/><T90/><D90/><U101/><E101/><V134/><F134/><W48/><G48/><T32/><D64/><U121/><E121/><V12/><F12/><N who="3" m="9383" /><G97/><T30/><D69/><U95/><E4/><V34/><F34/><W102/><G102/><T28/><D32/><U135/><E135/><V63/><F51/><W110/><G110/><T106/><D106/><U61/><E61/><V92/><F98/><W1/><G1/><T7/><D7/><U83/><E50/><V126/><F126/><W71/><G71/><T109/><D127/><U41/><E8/><V56/><F56/><W125/><G125/><T57/><D57/><U103/><E11/><V35/><F35/><W44/><G44/><T74/><D111/><U72/><REACH who="1" step="1"/><E103/><REACH who="1" ten="313,243,192,242" step="2"/><V3/><F3/><W2/><G2/><T65/><D65/><U130/><E130/><V75/><F119/><RYUUKYOKU ba="1,1" sc="313,10,243,10,192,-30,242,10" hai0="14,20,28,30,31,47,49,55,74,76,81,108,109" hai1="16,19,40,41,43,72,78,82,83,84,85,91,95" hai3="18,22,25,79,80,86,89" /><INIT seed="3,2,1,1,5,13" ten="323,253,162,252" oya="3" hai0="131,61,43,45,58,76,128,0,133,11,83,3,2" hai1="113,57,36,134,14,122,18,5,77,34,123,49,121" hai2="30,110,33,47,125,126,102,16,108,38,104,41,9" hai3="124,28,81,69,73,132,22,112,106,85,84,118,68"/><W127/><G118/><T117/><D11/><U6/><E36/><V114/><F114/><W52/><G106/><T27/><D133/><U107/><E107/><V120/><F120/><W74/><G112/><T111/><D117/><U55/><E113/><V91/><F91/><W119/><G119/><T70/><D70/><N who="3" m="27241" /><G132/><T78/><D27/><U72/><E134/><V99/><F30/><W37/><G37/><T109/><D45/><U93/><E34/><V82/><F33/><W75/><G81/><T31/><D31/><U80/><REACH who="1" step="1"/><E93/><REACH who="1" ten="323,243,162,252" step="2"/><V101/><F125/><N who="3" m="48203" /><G52/><T63/><D131/><U10/><AGARI ba="2,2" hai="5,6,10,14,18,49,55,57,72,77,80,121,122,123" machi="10" ten="30,7900,0" yaku="1,1,0,1,52,1,53,1" doraHai="13" doraHaiUra="105" who="1" fromWho="1" sc="323,-22,243,105,162,-22,252,-41" /><INIT seed="4,0,0,4,4,41" ten="301,348,140,211" oya="0" hai0="79,124,11,61,122,116,63,24,73,60,125,66,3" hai1="94,15,4,48,110,75,64,71,91,65,44,99,97" hai2="12,120,32,47,51,70,1,115,80,105,55,42,95" hai3="30,133,76,109,18,90,22,28,132,46,20,92,5"/><T83/><D24/><U134/><E110/><V121/><F1/><W88/><G109/><T9/><D122/><U50/><E75/><V33/><F105/><W21/><G76/><T117/><D66/><N who="1" m="25707" /><E71/><V67/><F115/><W45/><G18/><T100/><D100/><U114/><E134/><N who="3" m="51818" /><G5/><T102/><D102/><U0/><E0/><V57/><F32/><W16/><G16/><T123/><D123/><U89/><E114/><V8/><F33/><W129/><G129/><T58/><D58/><U43/><E50/><V101/><F67/><W36/><G36/><T82/><D82/><U40/><E40/><V14/><F70/><W113/><G113/><T53/><D53/><U59/><E59/><V10/><F80/><W69/><G69/><T85/><D73/><U27/><E27/><V23/><F121/><W128/><G128/><T86/><D3/><U84/><E91/><N who="3" m="34858" /><G92/><T54/><D86/><U25/><E25/><V111/><F111/><W112/><G112/><T37/><D37/><U62/><E62/><N who="2" m="36159" /><F120/><W17/><G17/><T68/><D68/><U130/><E130/><V119/><F23/><W93/><G93/><T127/><REACH who="0" step="1"/><D54/><REACH who="0" ten="291,348,140,211" step="2"/><U39/><E39/><V107/><F101/><W72/><G72/><T103/><D103/><U52/><E43/><V81/><F42/><W2/><G2/><T38/><D38/><U135/><E135/><V35/><F107/><W31/><AGARI ba="0,1" hai="20,21,22,28,30,31,45,46" m="34858,51818" machi="31" ten="40,12000,2" yaku="28,2,20,1,52,2,54,1" doraHai="41" who="3" fromWho="3" sc="291,-60,348,-30,140,-30,211,130" /><INIT seed="5,0,0,2,4,25" ten="231,318,110,341" oya="1" hai0="126,54,62,31,48,23,135,95,52,27,107,128,130" hai1="129,131,78,14,53,100,122,96,88,64,29,92,12" hai2="17,102,106,93,134,112,72,35,49,22,82,81,118" hai3="10,133,132,114,16,47,127,111,2,44,90,7,121"/><U84/><E122/><V46/><F118/><W8/><G121/><T117/><D107/><U108/><E108/><V58/><F106/><W120/><G120/><T45/><D117/><U77/><E64/><V34/><F35/><W42/><G111/><T9/><D135/><N who="3" m="51785" /><G114/><T1/><D126/><U4/><E53/><V97/><F34/><W24/><G127/><T55/><D1/><U115/><E115/><V19/><F72/><W87/><G42/><T85/><D9/><N who="1" m="4135" /><E14/><V0/><F0/><W69/><G69/><T80/><D95/><N who="1" m="54663" /><E29/><V70/><F70/><W99/><G99/><T103/><D103/><U51/><E51/><V15/><F112/><W83/><G10/><T125/><D125/><U86/><E86/><V13/><F58/><W21/><AGARI ba="0,0" hai="2,7,8,16,21,24,44,47,83,87,90" m="51785" machi="21" ten="30,2000,0" yaku="20,1,54,1" doraHai="25" who="3" fromWho="3" sc="231,-5,318,-10,110,-5,341,20" /><INIT seed="6,0,0,0,2,119" ten="226,308,105,361" oya="2" hai0="43,92,107,134,21,3,63,45,8,38,129,11,128" hai1="112,84,51,7,29,47,123,132,130,113,106,64,68" hai2="97,42,100,104,81,79,66,118,75,96,39,86,13" hai3="16,52,109,31,18,9,37,91,70,59,72,6,125"/><V122/><F118/><W114/><G109/><T5/><D107/><U40/><E106/><V90/><F66/><W23/><G37/><T30/><D134/><U12/><E132/><V65/><F65/><W99/><G72/><T28/><D11/><U27/><E130/><V35/><F35/><W34/><G70/><T83/><D92/><U55/><E7/><V25/><F25/><N who="3" m="16831" /><G114/><T44/><D44/><U71/><E12/><V14/><F97/><W73/><G73/><T88/><D63/><U127/><E127/><V89/><F90/><W58/><G58/><T94/><D21/><U62/><E84/><V0/><F0/><W105/><G105/><T108/><D83/><U131/><E131/><V135/><F135/><W26/><G26/><T116/><D108/><U103/><E103/><V85/><F85/><W1/><G34/><T67/><D116/><U95/><E95/><N who="2" m="54711" /><F122/><W77/><G125/><T48/><D129/><U87/><E87/><V133/><F133/><W120/><G77/><T54/><D128/><U32/><E71/><V60/><F60/><N who="3" m="35943" /><G120/><T57/><REACH who="0" step="1"/><D67/><REACH who="0" ten="216,308,105,361" step="2"/><U33/><E33/><V36/><F36/><W110/><G110/><T24/><D24/><U78/><E123/><V22/><F22/><W102/><G9/><T101/><D101/><U74/><E112/><V115/><F115/><W49/><G102/><T53/><D53/><U93/><E113/><V46/><AGARI ba="0,1" hai="13,14,39,42,46,75,79,81,96,100,104" m="54711" machi="46" ten="30,1500,0" yaku="24,1" doraHai="119" who="2" fromWho="2" sc="216,-5,308,-5,105,25,361,-5" /><INIT seed="6,1,0,0,5,14" ten="211,303,130,356" oya="2" hai0="52,85,38,25,114,21,71,51,105,110,3,89,62" hai1="81,31,95,82,77,34,90,54,134,69,44,93,64" hai2="127,112,36,80,30,8,88,58,18,32,131,67,111" hai3="109,48,83,74,61,57,53,60,50,99,16,78,106"/><V1/><F36/><W125/><G109/><T28/><D105/><U72/><E134/><V41/><F41/><W4/><G4/><T9/><D38/><U123/><E123/><V76/><F111/><W39/><G39/><T91/><D110/><U104/><E104/><V23/><F112/><W46/><G125/><T115/><D3/><U100/><E100/><V40/><F40/><W135/><G135/><T65/><D9/><U43/><E54/><V132/><F132/><W24/><G99/><T26/><D26/><U79/><E31/><V129/><F127/><W98/><G98/><T12/><D12/><U84/><E34/><V5/><F30/><W108/><G106/><T124/><D124/><U63/><REACH who="1" step="1"/><E79/><REACH who="1" ten="211,293,130,356" step="2"/><V45/><F32/><W27/><G53/><T113/><REACH who="0" step="1"/><D85/><REACH who="0" ten="201,293,130,356" step="2"/><U86/><E86/><V56/><F76/><W6/><G78/><T102/><D102/><U103/><E103/><V128/><F128/><W73/><G108/><T130/><D130/><U11/><E11/><V97/><F131/><W17/><G74/><T96/><D96/><U122/><E122/><V107/><F129/><W121/><G73/><T13/><D13/><U49/><AGARI ba="1,2" hai="43,44,49,63,64,69,72,77,81,82,84,90,93,95" machi="49" ten="20,2700,0" yaku="1,1,0,1,7,1,53,0" doraHai="14" doraHaiUra="35" who="1" fromWho="1" sc="201,-8,293,50,130,-14,356,-8" /><INIT seed="7,0,0,2,4,135" ten="193,343,116,348" oya="3" hai0="32,27,29,4,19,73,46,35,8,34,113,97,14" hai1="22,28,125,38,40,94,107,70,115,30,124,20,71" hai2="121,129,47,90,78,13,118,58,68,6,39,21,67" hai3="57,45,101,61,126,24,49,81,9,37,18,23,75"/><W51/><G126/><N who="1" m="48746" /><E115/><V62/><F118/><W66/><G101/><T123/><D97/><U43/><E107/><V83/><F129/><W31/><G37/><T91/><D91/><U17/><E94/><V7/><F121/><W56/><G75/><T50/><D73/><U96/><E96/><V44/><F90/><W105/><G105/><T11/><D50/><N who="3" m="18953" /><G45/><T16/><D46/><N who="1" m="23831" /><E43/><V60/><F39/><W72/><G72/><T42/><D42/><U0/><E0/><V119/><F119/><W104/><G104/><T108/><D123/><U52/><E52/><V53/><F83/><W103/><G103/><T89/><D89/><U10/><E10/><V116/><F78/><W88/><G88/><T87/><D87/><U55/><E55/><V106/><F106/><W122/><G122/><T36/><D36/><U95/><E95/><V2/><F116/><W80/><G56/><T5/><D108/><U25/><E30/><V128/><F2/><W134/><G134/><T127/><D113/><U82/><E82/><N who="3" m="31850" /><G9/><T77/><D77/><U120/><E120/><V65/><F47/><W130/><G130/><T110/><D110/><U33/><E33/><N who="0" m="12905" /><D127/><U93/><E93/><V26/><F128/><W3/><G3/><AGARI ba="0,0" hai="3,4,5,8,11,14,16,19,27,29,35" m="12905" machi="3" ten="30,12000,2" yaku="35,5,54,1" doraHai="135" who="0" fromWho="3" sc="193,120,343,0,116,0,348,-120" owari="313,11.0,343,44.0,116,-38.0,228,-17.0" /></mjloggm>