<mjloggm ver="2.3"><GO type="41" lobby="0"/><UN n0="%6D%61%6B%6F%74%6F%31%34" n1="%45%75%70%68%6F%72%69%61" n2="%E5%B0%B1%E6%B4%BB%E7%94%9F%40%E5%B7%9D%E6%9D%91%E8%BB%8D%E5%9B%A3" n3="%E3%83%AD%E3%83%B3%E3%81%A1%E3%82%83%E3%82%93%E5%90%9B%E6%B4%A5%E5%BA%97" dan="14,14,15,13" rate="1925.53,1883.73,1988.43,2038.87" sx="M,M,M,M"/><TAIKYOKU oya="0"/><INIT seed="0,0,0,0,1,20" ten="250,250,250,250" oya="0" hai0="101,60,68,123,53,99,125,67,100,75,16,7,58" hai1="115,118,134,32,52,117,36,3,105,90,0,9,124" hai2="59,132,18,82,30,39,127,47,97,63,107,26,88" hai3="48,27,28,17,25,135,21,76,120,98,87,86,41"/><T112/><D75/><U24/><E105/><V8/><F132/><W37/><G37/><T85/><D7/><U69/><E69/><V130/><F127/><W102/><G135/><T43/><D43/><U2/><E124/><V29/><F130/><W92/><G120/><T91/><D123/><U56/><E36/><V10/><F39/><W113/><G113/><T103/><D112/><U110/><E110/><V42/><F107/><W6/><G6/><T72/><D72/><U35/><E134/><V31/><F47/><N who="3" m="25711" /><G28/><T65/><D125/><U5/><E115/><V1/><F1/><W33/><G33/><T109/><D68/><U121/><E121/><V80/><F42/><W108/><G108/><T129/><D129/><U122/><E122/><V81/><F97/><W54/><G54/><T78/><D78/><U116/><E35/><V12/><F8/><W44/><G44/><T74/><D74/><U51/><E32/><V104/><F104/><W93/><G76/><T57/><D99/><U131/><E131/><V133/><F133/><W114/><G114/><T94/><D109/><U46/><E0/><V71/><F71/><W49/><G49/><T95/><D95/><U61/><E2/><V83/><N who="2" m="20480" /><DORA hai="15" /><V96/><F96/><N who="3" m="59655" /><G27/><T45/><D45/><U64/><E118/><V11/><F88/><AGARI ba="0,0" hai="17,21,25,86,87,88,93,98" m="59655,25711" machi="88" ten="30,7700,0" yaku="8,1,52,2,54,1" doraHai="20,15" who="3" fromWho="2" sc="250,0,250,0,250,-77,250,77" /><INIT seed="1,0,0,1,0,77" ten="250,250,173,327" oya="1" hai0="86,21,25,98,90,67,27,41,48,81,15,96,132" hai1="83,105,120,135,24,57,22,99,45,49,20,54,1" hai2="0,9,52,62,116,63,68,109,127,118,3,123,128" hai3="88,61,102,107,35,94,2,76,126,6,106,51,13"/><U121/><E1/><V66/><F123/><W84/><G2/><T4/><D67/><U60/><E135/><V47/><F9/><W14/><G35/><T79/><D132/><U39/><E39/><V38/><F3/><W117/><G126/><T134/><D134/><U97/><E22/><V92/><F0/><W29/><G29/><T19/><D90/><U34/><E34/><V26/><F26/><W40/><G117/><N who="2" m="45161" /><F92/><W64/><G76/><T59/><D27/><U16/><E83/><V111/><F127/><W42/><G51/><T125/><D125/><U18/><E18/><V108/><F128/><W65/><G65/><T110/><D110/><N who="2" m="28162" /><V104/><DORA hai="70" /><F104/><W95/><G95/><T103/><D103/><U131/><E131/><V7/><F7/><W85/><G85/><T122/><D122/><U69/><E69/><V30/><F30/><W114/><G114/><T119/><D119/><U112/><E112/><V31/><F31/><W87/><G87/><T12/><D12/><U80/><E80/><V46/><F38/><W115/><G115/><T53/><D4/><U100/><REACH who="1" step="1"/><E99/><REACH who="1" ten="250,240,173,327" step="2"/><V43/><F43/><AGARI ba="0,1" hai="16,20,24,43,45,49,54,57,60,97,100,105,120,121" machi="43" ten="30,11600,0" yaku="1,1,2,1,7,1,54,1,53,0" doraHai="77,70" doraHaiUra="130,91" who="1" fromWho="2" sc="250,0,240,126,173,-116,327,0" /><INIT seed="1,1,0,0,4,61" ten="250,366,57,327" oya="1" hai0="17,90,101,43,93,10,46,92,67,55,111,59,4" hai1="32,9,106,16,3,88,114,132,86,73,57,83,15" hai2="126,2,22,80,53,56,94,14,65,105,28,98,79" hai3="87,66,45,84,33,42,31,7,107,38,82,29,76"/><U69/><E114/><V129/><F105/><W41/><G107/><T18/><D111/><U30/><E69/><V36/><F2/><W58/><G33/><T63/><D101/><U134/><E106/><V75/><F36/><W54/><G42/><T11/><D93/><U135/><E73/><V34/><F129/><W96/><G96/><T118/><D118/><U19/><E3/><V40/><F126/><W5/><G66/><T85/><D55/><U119/><E119/><V77/><F34/><W48/><REACH who="3" step="1"/><G84/><REACH who="3" ten="250,366,57,317" step="2"/><T1/><REACH who="0" step="1"/><D11/><REACH who="0" ten="240,366,57,317" step="2"/><U124/><E124/><V68/><F65/><W116/><G116/><T123/><D123/><U39/><E9/><V37/><F40/><W121/><G121/><T91/><D91/><U27/><E135/><V51/><F37/><AGARI ba="1,2" hai="1,4,10,17,18,37,43,46,59,63,67,85,90,92" machi="37" ten="30,7700,0" yaku="1,1,7,1,52,1,53,1" doraHai="61" doraHaiUra="0" who="0" fromWho="2" sc="240,100,366,0,57,-80,317,0" owari="340,14.0,366,46.0,-23,-52.0,317,-8.0" /></mjloggm>