<mjloggm ver="2.3"><GO type="97" lobby="0"/><UN n0="%54%4F%4B%59%4F%4B%49%44" n1="%E3%82%8B%E3%82%93%28%6A%61%6D%29" n2="%E3%82%82%E3%82%81%E3%82%93%E3%81%AA%E3%81%A1%E3%82%83%E3%81%84" n3="%E5%B0%B1%E6%B4%BB%E7%94%9F%40%E5%B7%9D%E6%9D%91%E8%BB%8D%E5%9B%A3" dan="15,14,15,14" rate="2041.68,1897.01,2025.97,1985.25" sx="M,M,F,M"/><TAIKYOKU oya="0"/><INIT seed="0,0,0,3,4,133" ten="250,250,250,250" oya="0" hai0="33,36,47,12,19,8,45,29,70,63,88,46,26" hai1="7,126,111,15,120,0,53,76,13,104,134,44,17" hai2="106,124,131,35,50,80,71,102,121,94,87,31,49" hai3="81,83,14,123,60,78,43,116,108,101,109,84,72"/><T96/><D70/><U59/><E120/><V57/><F57/><W4/><G43/><T130/><D130/><U38/><E104/><V18/><F94/><W28/><G28/><T93/><REACH who="0" step="1"/><D63/><REACH who="0" ten="240,250,250,250" step="2"/><U39/><E134/><V2/><F71/><W67/><G123/><T48/><D48/><U22/><E38/><AGARI ba="0,1" hai="8,12,19,26,29,33,36,38,45,46,47,88,93,96" machi="38" ten="40,3900,0" yaku="1,1,54,1,53,0" doraHai="133" doraHaiUra="114" who="0" fromWho="1" sc="240,49,250,-39,250,0,250,0" /><INIT seed="0,1,0,4,4,34" ten="289,211,250,250" oya="0" hai0="86,90,105,70,129,118,79,113,99,88,10,66,101" hai1="85,114,5,2,134,49,94,104,15,128,95,111,37" hai2="76,115,46,16,26,64,45,65,120,102,28,100,59" hai3="14,109,68,35,83,24,93,131,18,21,72,38,57"/><T89/><D113/><U30/><E104/><V51/><F115/><W87/><G68/><T108/><D10/><U12/><E37/><V13/><F120/><W54/><G38/><T116/><D66/><N who="2" m="25706" /><F76/><W122/><G109/><T123/><D70/><U80/><E114/><V50/><F28/><W69/><G122/><T0/><D0/><U126/><E2/><V19/><F26/><W127/><G131/><T1/><D1/><U78/><E111/><V55/><F59/><W31/><G69/><T63/><D63/><U41/><E128/><V71/><F71/><W42/><G127/><T67/><D67/><U119/><E119/><N who="0" m="45609" /><D123/><U20/><E134/><V39/><F39/><W62/><G72/><T96/><D108/><U77/><E126/><V91/><F91/><W25/><G42/><T82/><D129/><U75/><E77/><V133/><F133/><W17/><G93/><AGARI ba="1,0" hai="79,82,86,88,89,90,93,96,99,101,105" m="45609" machi="93" ten="30,5800,0" yaku="34,2,54,1" doraHai="34" who="0" fromWho="3" sc="289,61,211,0,250,0,250,-61" /><INIT seed="0,2,0,1,3,65" ten="350,211,250,189" oya="0" hai0="1,13,66,85,92,72,114,75,109,42,124,110,6" hai1="36,18,113,49,38,74,28,132,96,59,112,44,123" hai2="116,99,55,130,106,98,95,97,118,128,105,102,78" hai3="93,60,62,0,119,54,122,10,3,52,23,46,103"/><T129/><D114/><N who="1" m="44139" /><E74/><V133/><F55/><W16/><G119/><N who="2" m="45609" /><F78/><W4/><G122/><T15/><D129/><N who="2" m="49770" /><F133/><W27/><G3/><T58/><D42/><N who="1" m="24727" /><E123/><V24/><F24/><W107/><G107/><AGARI ba="2,0" hai="95,97,98,99,102,105,106,107" m="49770,45609" machi="107" ten="40,8000,1" yaku="12,1,19,1,34,2" doraHai="65" who="2" fromWho="3" sc="350,0,211,0,250,86,189,-86" /><INIT seed="1,0,0,1,5,38" ten="350,211,336,103" oya="1" hai0="27,23,134,39,15,95,114,50,28,11,37,100,57" hai1="6,117,94,13,69,32,118,41,46,64,45,111,97" hai2="52,24,2,80,99,88,21,77,20,70,91,44,74" hai3="125,18,1,25,121,8,127,113,83,55,9,42,96"/><U43/><E32/><V66/><F2/><W33/><G55/><T116/><D114/><U103/><E111/><V4/><F4/><N who="3" m="1039" /><G96/><T22/><D116/><U73/><E73/><V109/><F109/><W84/><G83/><T87/><D134/><U123/><E123/><V120/><F120/><W7/><G84/><T30/><D57/><U26/><E26/><V92/><F21/><N who="3" m="13495" /><G42/><N who="1" m="15882" /><E69/><V81/><F66/><W3/><G121/><T59/><D23/><U48/><E118/><V62/><F62/><W115/><G33/><T34/><D34/><U102/><E117/><V31/><F70/><W14/><G3/><T51/><D39/><U131/><E64/><V67/><F67/><W93/><G93/><T126/><D37/><U54/><E131/><V122/><F122/><W133/><G133/><T16/><D30/><U47/><E103/><V130/><F130/><W105/><G105/><T40/><D100/><U61/><E61/><V82/><F91/><W89/><G89/><T101/><D101/><U76/><E76/><V110/><F110/><W132/><G132/><T68/><D68/><U135/><E135/><V71/><F71/><W129/><G129/><T29/><D29/><U106/><E106/><V65/><F65/><W128/><G128/><T72/><D72/><U53/><E53/><V79/><F74/><W12/><G12/><T107/><D107/><U60/><E60/><V78/><F78/><W19/><G7/><T0/><D0/><U49/><E54/><V124/><F79/><W5/><G5/><T36/><D36/><U75/><E75/><V10/><F77/><RYUUKYOKU ba="0,0" sc="350,-15,211,15,336,-15,103,15" hai1="6,13,45,46,47,48,49,94,97,102" hai3="9,14,19,113,115,125,127" /><INIT seed="1,1,0,0,2,84" ten="335,226,321,118" oya="1" hai0="132,98,43,67,2,102,50,48,13,40,134,122,62" hai1="92,129,91,17,118,72,79,107,55,31,104,26,21" hai2="123,8,5,35,64,19,0,33,94,127,116,103,56" hai3="39,6,30,59,22,25,65,12,47,130,68,18,90"/><U93/><E118/><V105/><F105/><W81/><G130/><T96/><D2/><U128/><E128/><V4/><F116/><W117/><G117/><T63/><D13/><U16/><E129/><V80/><F123/><W27/><G68/><T133/><D122/><U10/><E55/><V112/><F127/><W86/><G6/><T60/><D67/><U38/><E38/><V135/><F135/><W78/><G39/><T52/><D102/><U36/><E36/><V69/><F69/><W100/><G100/><T28/><D28/><U88/><E79/><V89/><F5/><W44/><G78/><T124/><D124/><U45/><E45/><V73/><F73/><W95/><G81/><T37/><D37/><U114/><E114/><V42/><F42/><N who="0" m="15914" /><D50/><U29/><E72/><V7/><F64/><W83/><G83/><T1/><D1/><U119/><E119/><V99/><F80/><W115/><G115/><T53/><D48/><U101/><E101/><V41/><F41/><W75/><G75/><T15/><D15/><N who="1" m="7287" /><E107/><V131/><F112/><W126/><G126/><T125/><D125/><U58/><E104/><V110/><F0/><W49/><G25/><T121/><D121/><U51/><E93/><V87/><F131/><W24/><G24/><T74/><D74/><U77/><E92/><V32/><F103/><W14/><G14/><T66/><D66/><U106/><E106/><V3/><F3/><W82/><G82/><T108/><D134/><U111/><E77/><V113/><F113/><W120/><G120/><T85/><D133/><U34/><E26/><RYUUKYOKU ba="1,0" sc="335,0,226,0,321,0,118,0" /><INIT seed="2,2,0,5,4,11" ten="335,226,321,118" oya="2" hai0="64,104,99,101,89,119,95,100,127,38,74,132,134" hai1="14,41,71,92,63,10,21,135,118,18,110,55,82" hai2="36,97,91,25,69,77,51,126,122,31,0,7,58" hai3="113,44,39,94,37,72,28,67,4,32,22,103,107"/><V85/><F69/><W120/><G120/><T1/><D1/><U43/><E118/><V62/><F36/><W59/><G107/><T26/><D38/><U96/><E110/><V86/><F126/><W87/><G72/><T75/><D64/><U3/><E71/><V116/><F116/><W13/><G113/><T79/><D26/><N who="1" m="14647" /><E3/><V46/><F122/><W106/><G106/><T9/><D9/><U112/><E112/><V27/><F7/><W83/><G32/><T35/><D35/><U65/><E65/><V84/><F77/><W52/><G67/><T2/><D2/><U117/><E135/><N who="0" m="51753" /><D119/><U19/><E117/><V121/><F0/><W129/><G129/><T45/><D127/><U40/><E82/><V78/><F78/><W111/><G111/><T68/><D68/><U60/><E55/><N who="2" m="34143" /><F31/><W130/><G130/><T34/><D34/><U80/><E80/><V88/><F91/><AGARI ba="2,0" hai="10,14,19,40,41,43,60,63,91,92,96" m="14647" machi="91" ten="30,2000,0" yaku="8,1,52,1" doraHai="11" who="1" fromWho="2" sc="335,0,226,26,321,-26,118,0" /><INIT seed="3,0,0,3,3,9" ten="335,252,295,118" oya="3" hai0="67,83,30,45,48,109,25,18,74,12,89,68,116" hai1="35,112,42,91,121,119,96,90,134,132,97,114,120" hai2="105,94,44,2,133,55,62,11,29,54,92,66,102" hai3="75,110,21,8,17,113,7,64,46,32,118,84,5"/><W34/><G75/><T104/><D104/><U10/><E35/><V73/><F73/><W28/><G84/><N who="0" m="50335" /><D74/><U20/><E20/><V122/><F133/><N who="1" m="51305" /><E10/><V37/><F122/><N who="1" m="47209" /><E42/><V61/><F105/><W80/><G80/><T43/><D109/><U31/><E31/><V14/><F2/><W99/><G99/><N who="1" m="37962" /><E119/><V72/><F72/><W135/><G64/><T106/><D67/><U50/><E50/><N who="2" m="28999" /><F37/><W6/><G46/><T117/><D68/><U27/><E27/><V115/><F115/><AGARI ba="0,0" hai="90,91,112,114,115" m="37962,47209,51305" machi="115" ten="40,8000,1" yaku="28,2,20,1,34,2" doraHai="9" who="1" fromWho="2" sc="335,0,252,80,295,-80,118,0" owari="335,43.0,332,13.0,215,-18.0,118,-38.0" /></mjloggm>