<mjloggm ver="2.3"><GO type="169" lobby="0"/><UN n0="%E3%81%8B%E3%81%AB%E3%83%9E%E3%82%B8%E3%83%B3" n1="%E9%A7%84%E5%A6%B9" n2="%E9%AD%94%E6%B3%95%E3%81%AE%E3%82%BF%E3%82%B3%E3%82%B9" n3="%E3%82%A6%E3%83%AB%E3%83%88%E3%83%A9%E7%AB%8B%E7%9B%B4" dan="17,16,17,17" rate="2207.13,2069.24,2177.11,2121.93" sx="M,F,M,M"/><TAIKYOKU oya="0"/><INIT seed="0,0,0,5,5,58" ten="250,250,250,250" oya="0" hai0="38,52,70,84,37,27,20,134,92,21,135,44,73" hai1="35,0,34,123,45,57,103,24,12,25,28,109,83" hai2="91,85,90,76,67,64,68,46,59,47,81,128,80" hai3="26,18,3,129,50,132,65,74,71,53,125,10,8"/><T116/><D73/><U33/><E103/><V1/><F1/><W82/><G3/><T126/><D116/><U72/><E45/><V106/><F128/><W130/><G125/><T11/><D126/><U2/><E57/><V62/><F106/><W107/><G107/><T96/><D11/><U112/><E83/><V60/><REACH who="2" step="1"/><F91/><REACH who="2" ten="250,250,240,250" step="2"/><W95/><G130/><T101/><D134/><U5/><E0/><V117/><F117/><W127/><G132/><T63/><D135/><U43/><E2/><V42/><F42/><W15/><G129/><T98/><D20/><U9/><E43/><V32/><F32/><W119/><G127/><T87/><D37/><U30/><E35/><V115/><F115/><W104/><G119/><T86/><D38/><U93/><E33/><V99/><F99/><W13/><G104/><T36/><D98/><U88/><E34/><V113/><F113/><W48/><G8/><T122/><D36/><U41/><E112/><V39/><F39/><W124/><G10/><T121/><D70/><U49/><E41/><V110/><F110/><W40/><G40/><T118/><D118/><U54/><E109/><V111/><F111/><W94/><G71/><T120/><D120/><U131/><E131/><V29/><F29/><W108/><G108/><T69/><D69/><U6/><E123/><V75/><AGARI ba="0,1" hai="46,47,59,60,62,64,67,68,75,76,80,81,85,90" machi="75" ten="20,8000,1" yaku="1,1,0,1,7,1,52,2,53,0" doraHai="58" doraHaiUra="97" who="2" fromWho="2" sc="250,-40,250,-20,240,90,250,-20" /><INIT seed="1,0,0,4,2,89" ten="210,230,330,230" oya="1" hai0="127,16,43,90,47,108,102,59,106,104,65,119,8" hai1="128,117,24,98,78,64,67,50,84,96,2,48,107" hai2="87,112,49,113,74,30,34,69,123,110,116,13,35" hai3="15,71,101,114,97,17,53,57,32,55,14,54,3"/><U126/><E2/><V63/><F74/><W135/><G3/><T100/><D119/><U42/><E117/><V85/><F116/><W29/><G71/><T45/><D127/><U46/><E107/><V83/><F123/><W132/><G114/><N who="2" m="44137" /><F110/><W20/><G29/><T38/><D108/><U33/><E126/><V122/><F122/><W22/><G32/><T9/><D90/><U129/><E33/><V12/><F87/><W61/><G20/><T77/><D77/><U51/><E24/><N who="2" m="18759" /><F49/><N who="1" m="19049" /><E129/><V7/><F7/><W23/><G23/><T82/><D104/><U94/><E128/><V99/><F99/><N who="1" m="37929" /><E78/><N who="2" m="46327" /><F35/><W58/><G15/><T18/><D106/><U40/><E40/><V124/><F124/><W52/><REACH who="3" step="1"/><G58/><REACH who="3" ten="210,230,330,220" step="2"/><T26/><D59/><U120/><E120/><V0/><F0/><W80/><G80/><T62/><D82/><U76/><E76/><V72/><F13/><W10/><G10/><T93/><D8/><U134/><E134/><V103/><F12/><W81/><G81/><T19/><D9/><U28/><E28/><V31/><F31/><W115/><G115/><T25/><D25/><U4/><E4/><V118/><F118/><W39/><G39/><T36/><D26/><U6/><E6/><V11/><F11/><W75/><G75/><T86/><D36/><U79/><E79/><V70/><F72/><W91/><G91/><AGARI ba="0,1" hai="42,46,51,64,67,84,91,94" m="37929,19049" machi="91" ten="30,2900,0" yaku="8,1,52,1" doraHai="89" who="1" fromWho="3" sc="210,0,230,39,330,0,220,-29" /><INIT seed="1,1,0,2,3,75" ten="210,269,330,191" oya="1" hai0="69,66,91,83,48,98,44,33,79,113,118,134,64" hai1="128,38,58,11,122,131,85,129,67,36,121,81,52" hai2="54,95,42,80,50,77,87,72,106,120,8,89,99" hai3="126,73,47,105,41,25,46,59,103,5,78,114,63"/><U115/><E11/><V1/><F120/><N who="1" m="46185" /><E115/><V110/><F110/><W104/><G114/><T68/><D113/><U133/><E133/><V14/><F1/><W6/><G126/><T90/><D134/><U18/><E18/><V3/><F3/><W135/><G135/><T70/><D118/><U4/><E4/><V28/><F42/><W82/><G25/><T24/><D33/><U30/><E30/><V37/><F37/><W7/><G103/><T23/><D66/><U16/><E16/><V76/><F28/><W43/><G43/><T96/><D64/><U71/><E67/><V0/><F0/><W62/><G46/><T124/><D124/><U108/><E71/><V100/><F76/><W32/><G32/><T102/><D23/><U10/><E10/><V123/><F123/><W17/><G17/><T21/><D21/><U53/><E108/><V93/><F93/><W60/><REACH who="3" step="1"/><G59/><REACH who="3" ten="210,269,330,181" step="2"/><T130/><D24/><U86/><E58/><N who="2" m="33111" /><F8/><W119/><G119/><T61/><D69/><U39/><E86/><V132/><F132/><W97/><G97/><T51/><D96/><U117/><E117/><V107/><F107/><W22/><G22/><T109/><D98/><U31/><E31/><V94/><F106/><W12/><G12/><T56/><D68/><U9/><E9/><V112/><F14/><W15/><G15/><T116/><D70/><U92/><E131/><V13/><F13/><W65/><G65/><T74/><D130/><U19/><E128/><V84/><F112/><W127/><G127/><T111/><D116/><U20/><E129/><V49/><F87/><RYUUKYOKU ba="1,1" sc="210,-15,269,-15,330,15,181,15" hai2="49,72,77,80,84,89,94,95,99,100" hai3="5,6,7,41,47,60,62,63,73,78,82,104,105" /><INIT seed="2,2,1,3,0,87" ten="195,254,345,196" oya="2" hai0="67,122,134,117,46,21,12,94,127,5,105,76,4" hai1="66,77,116,112,109,61,118,9,83,98,33,10,18" hai2="79,113,108,101,26,49,51,68,99,17,123,121,32" hai3="126,43,64,55,96,73,135,40,115,97,48,85,39"/><V70/><F113/><W20/><G73/><T34/><D105/><U24/><E112/><V23/><F79/><W52/><G115/><T30/><D76/><U78/><E109/><V114/><F114/><W14/><G39/><T65/><D46/><U36/><E36/><V45/><F108/><W31/><G64/><T119/><D94/><U62/><E62/><V86/><F32/><W54/><G126/><T120/><D65/><U125/><E78/><V37/><F37/><W133/><G85/><T38/><D38/><U131/><E131/><V80/><F51/><W72/><G72/><T132/><D67/><U13/><E10/><V63/><F63/><W50/><G14/><T92/><D92/><U95/><E24/><V107/><F121/><N who="0" m="46698" /><D34/><U1/><E33/><V57/><F57/><W75/><G75/><T103/><D103/><U47/><E47/><V71/><F123/><W124/><G54/><T42/><D42/><U91/><E1/><V22/><F22/><W81/><G124/><T7/><D127/><U59/><REACH who="1" step="1"/><E125/><REACH who="1" ten="195,244,345,196" step="2"/><V56/><F45/><W106/><G50/><T53/><D12/><U44/><E44/><V35/><F35/><W90/><G48/><T41/><D41/><U27/><E27/><V28/><F26/><N who="3" m="16839" /><G43/><T60/><D117/><U19/><E19/><V104/><F17/><W89/><G40/><T8/><D119/><U84/><AGARI ba="2,2" hai="9,13,18,59,61,66,77,83,84,91,95,98,116,118" machi="84" ten="20,5200,0" yaku="1,1,0,1,7,1,52,1,53,0" doraHai="87" doraHaiUra="16" who="1" fromWho="1" sc="195,-15,244,78,345,-28,196,-15" /><INIT seed="3,0,0,5,0,82" ten="180,322,317,181" oya="3" hai0="85,57,33,112,101,12,90,46,39,93,121,129,41" hai1="32,135,43,2,24,44,37,75,118,8,134,92,31" hai2="9,56,77,59,80,15,52,81,42,131,127,35,53" hai3="76,21,72,71,84,10,18,26,25,98,30,126,54"/><W5/><G71/><T63/><D121/><U69/><E69/><V115/><F35/><W100/><G72/><T79/><D33/><U3/><E92/><V125/><F42/><W67/><G67/><T6/><D129/><U0/><E118/><V14/><F115/><W102/><G126/><T88/><D112/><U22/><E22/><V17/><F131/><W68/><G68/><T113/><D113/><U111/><E111/><V45/><F45/><W89/><G76/><T29/><D29/><U58/><E58/><V70/><F70/><W86/><G54/><T119/><D119/><U20/><E20/><V13/><F17/><W91/><G26/><T132/><D132/><N who="1" m="50731" /><E75/><V27/><F27/><W117/><G30/><T120/><D120/><U1/><E1/><V40/><F40/><W23/><G23/><T11/><D101/><N who="3" m="39017" /><G117/><T124/><D124/><N who="2" m="47690" /><F9/><AGARI ba="0,0" hai="0,2,3,8,9,24,31,32,37,43,44" m="50731" machi="9" ten="40,1300,0" yaku="20,1" doraHai="82" who="1" fromWho="2" sc="180,0,322,13,317,-13,181,0" /><INIT seed="4,0,0,3,1,127" ten="180,335,304,181" oya="0" hai0="74,129,15,39,45,110,83,112,96,100,80,128,47" hai1="75,91,89,42,4,23,81,16,119,124,72,62,87" hai2="125,66,85,60,68,7,34,11,10,12,103,122,14" hai3="61,24,43,5,9,20,133,126,88,104,109,106,27"/><T29/><D112/><U84/><E119/><V121/><F125/><W2/><G126/><T38/><D29/><U79/><E124/><V76/><F34/><W99/><G109/><T0/><D110/><U26/><E42/><V73/><F73/><W94/><G133/><T49/><D0/><U31/><E4/><V44/><F103/><W111/><G111/><T8/><D38/><U25/><E62/><V13/><F44/><W135/><G135/><T92/><D39/><U70/><E70/><V78/><F14/><W18/><G43/><T6/><D45/><U64/><E64/><V30/><F30/><W114/><G114/><T71/><D71/><U51/><E51/><V132/><F132/><W50/><G50/><T37/><D37/><U131/><E131/><N who="0" m="50249" /><D74/><U134/><E134/><V77/><REACH who="2" step="1"/><F85/><REACH who="2" ten="180,335,294,181" step="2"/><W105/><G24/><T36/><D36/><U57/><E75/><V32/><F32/><W35/><G35/><T65/><D65/><U52/><E72/><V101/><F101/><W21/><G27/><T59/><D59/><U117/><E117/><V53/><F53/><AGARI ba="0,1" hai="6,8,15,47,49,53,80,83,92,96,100" m="50249" machi="53" ten="30,11600,0" yaku="19,1,52,3" doraHai="127" who="0" fromWho="2" sc="180,126,335,0,294,-116,181,0" /><INIT seed="4,1,0,3,0,2" ten="306,335,178,181" oya="0" hai0="16,88,45,107,126,15,17,12,82,89,11,98,93" hai1="106,132,84,71,77,87,118,104,68,129,39,42,101" hai2="114,5,6,99,23,120,0,18,35,9,40,44,51" hai3="38,22,53,57,100,86,8,56,80,78,91,70,7"/><T65/><D126/><U75/><E118/><V123/><F120/><W133/><G70/><T43/><D107/><U79/><E101/><V121/><F114/><W67/><G38/><T10/><D65/><U20/><E20/><V59/><F35/><W103/><G133/><T27/><D27/><U108/><E42/><V36/><F99/><W112/><G112/><T29/><D29/><U49/><E49/><V97/><F97/><W66/><G22/><T73/><D73/><U117/><E117/><V81/><F81/><W115/><G115/><T116/><D116/><U110/><E75/><V34/><F34/><W4/><G78/><T124/><D124/><U46/><E46/><V19/><F19/><W3/><G7/><T90/><D82/><U13/><E13/><V32/><F32/><W64/><REACH who="3" step="1"/><G57/><REACH who="3" ten="306,335,178,171" step="2"/><T21/><D21/><U74/><E132/><V30/><F6/><W102/><G102/><T50/><AGARI ba="1,1" hai="10,11,12,15,16,17,43,45,50,88,89,90,93,98" machi="50" ten="20,18000,2" yaku="0,1,7,1,9,1,8,1,54,2" doraHai="2" who="0" fromWho="0" sc="306,193,335,-61,178,-61,171,-61" /><INIT seed="4,2,0,3,3,41" ten="499,274,117,110" oya="0" hai0="48,92,116,106,81,114,123,68,84,1,86,70,113" hai1="33,26,10,77,14,51,108,127,112,110,39,20,7" hai2="125,134,96,129,87,93,56,67,52,47,11,44,5" hai3="65,111,99,128,79,62,4,120,85,118,82,60,132"/><T28/><D106/><U21/><E39/><V66/><F129/><W23/><G111/><N who="1" m="42538" /><E51/><N who="2" m="30751" /><F134/><W53/><G118/><T58/><D116/><U117/><E77/><V55/><F125/><W18/><G128/><T100/><D1/><U133/><E117/><V130/><F130/><W121/><G132/><T64/><D123/><N who="3" m="47177" /><G4/><T135/><D135/><U24/><E133/><V22/><F87/><W9/><G9/><T45/><D28/><N who="1" m="19591" /><E127/><V34/><F34/><W94/><G53/><T103/><D58/><U91/><E91/><N who="2" m="55359" /><F55/><W27/><G65/><N who="2" m="24585" /><F22/><N who="1" m="8809" /><E112/><V6/><F11/><W15/><G27/><AGARI ba="2,0" hai="7,10,14,26,27" m="8809,19591,42538" machi="27" ten="30,2000,0" yaku="34,2" doraHai="41" who="1" fromWho="3" sc="499,0,274,26,117,0,110,-26" /><INIT seed="5,0,0,0,5,76" ten="499,300,117,84" oya="1" hai0="123,21,36,31,29,134,85,115,91,86,60,125,104" hai1="20,82,124,1,122,127,113,129,4,45,111,80,93" hai2="56,30,62,13,89,33,59,100,126,103,6,41,121" hai3="25,39,50,28,107,106,63,101,110,92,95,24,99"/><U19/><E122/><V69/><F121/><W96/><G39/><T2/><D2/><U71/><E71/><V130/><F126/><N who="1" m="48169" /><E113/><V83/><F130/><W112/><G110/><T47/><D115/><U118/><E118/><V58/><F33/><W55/><G63/><T17/><D123/><U108/><E129/><V51/><F30/><W16/><G112/><T54/><D125/><U32/><E32/><V88/><F69/><W14/><G106/><T57/><D134/><U9/><E93/><V18/><F6/><W87/><G87/><N who="0" m="33291" /><D104/><U64/><E45/><N who="2" m="26031" /><F83/><N who="1" m="31785" /><E64/><V42/><F42/><W66/><G66/><T37/><D47/><U23/><E23/><N who="2" m="11727" /><F62/><W109/><G107/><T3/><D60/><U65/><E65/><V120/><F120/><W48/><G109/><T84/><D21/><U79/><E79/><V11/><F11/><W72/><G95/><T132/><D132/><U0/><E0/><V10/><F10/><W5/><G92/><T70/><D3/><U75/><E75/><V12/><F58/><W61/><G72/><T90/><D57/><U15/><AGARI ba="0,0" hai="1,4,9,15,19,20,108,111" m="31785,48169" machi="15" ten="30,11700,0" yaku="18,1,52,3" doraHai="76" who="1" fromWho="1" sc="499,-39,300,117,117,-39,84,-39" /><INIT seed="5,1,0,2,1,93" ten="460,417,78,45" oya="1" hai0="38,130,22,6,11,94,16,126,32,18,63,13,129" hai1="17,42,114,10,108,89,21,92,65,41,57,69,90" hai2="30,102,80,115,66,51,101,53,118,44,112,122,37" hai3="98,133,58,119,49,85,134,91,132,111,105,59,48"/><U23/><E69/><V104/><F122/><W96/><G111/><T28/><D38/><U78/><E108/><V131/><F118/><W64/><G119/><T83/><D83/><U106/><E106/><V67/><F131/><N who="0" m="50186" /><D63/><N who="1" m="38127" /><E114/><N who="2" m="43563" /><F30/><W82/><G105/><T72/><D72/><U14/><E78/><V3/><F3/><W2/><G2/><N who="0" m="471" /><D94/><U109/><E109/><V95/><F104/><W29/><G29/><T33/><D126/><U120/><E120/><V39/><F80/><W100/><G100/><N who="2" m="38505" /><F95/><W61/><REACH who="3" step="1"/><G58/><REACH who="3" ten="460,417,78,35" step="2"/><T116/><D116/><U20/><E90/><V0/><F0/><W68/><G68/><T8/><D28/><U27/><E27/><AGARI ba="1,1" hai="8,13,16,18,22,27,32,33" m="471,50186" machi="27" ten="30,7700,0" yaku="19,1,34,2,54,1" doraHai="93" who="0" fromWho="1" sc="460,90,417,-80,78,0,35,0" /><INIT seed="6,0,0,4,5,56" ten="550,337,78,35" oya="2" hai0="9,2,68,27,81,82,3,59,91,52,120,76,49" hai1="117,21,32,95,96,75,125,4,29,103,60,46,24" hai2="101,79,45,71,74,50,17,73,131,22,92,39,97" hai3="110,57,121,6,40,83,112,123,115,62,99,87,106"/><V23/><F131/><W28/><G40/><T98/><D120/><U127/><E75/><V135/><F135/><W108/><G28/><T109/><D109/><N who="3" m="42089" /><G6/><T67/><D27/><U105/><E117/><V132/><F132/><W55/><G99/><T53/><D9/><U0/><E32/><V61/><F39/><W51/><G106/><T78/><D68/><U42/><E95/><V134/><F134/><W54/><G87/><T43/><D67/><U129/><E129/><V11/><F11/><W38/><G83/><T130/><D43/><U5/><E60/><V124/><F124/><N who="1" m="47689" /><E0/><V94/><F94/><W118/><G38/><AGARI ba="0,0" hai="4,5,21,24,29,38,42,46,96,103,105" m="47689" machi="38" ten="30,1000,0" yaku="18,1" doraHai="56" who="1" fromWho="3" sc="550,0,337,10,78,0,35,-10" /><INIT seed="7,0,0,1,0,66" ten="550,347,78,25" oya="3" hai0="30,121,75,24,29,33,84,53,129,37,131,48,15" hai1="34,108,92,38,102,42,50,135,52,132,16,116,23" hai2="89,91,107,57,76,93,11,85,88,117,25,55,47" hai3="10,123,46,21,36,51,128,73,31,12,39,44,98"/><W133/><G73/><T124/><D75/><U122/><E34/><V41/><F107/><W65/><G123/><T110/><D121/><U62/><E108/><V100/><F117/><W103/><G128/><N who="0" m="49227" /><D37/><U113/><E116/><V78/><F85/><W109/><G133/><T3/><D3/><U96/><E113/><V83/><F83/><W2/><G109/><T0/><D0/><U71/><E122/><V86/><F86/><W101/><G2/><T90/><D124/><U80/><E80/><V106/><F106/><W45/><G65/><T54/><D30/><U77/><E77/><V97/><F11/><W43/><G39/><T81/><D110/><U28/><E28/><V68/><F68/><W8/><G36/><T63/><D63/><U56/><E38/><V13/><F13/><W64/><G64/><T9/><D48/><U27/><E71/><V14/><F14/><W67/><G67/><T99/><D99/><U120/><E120/><V127/><F127/><W20/><G10/><T18/><AGARI ba="0,0" hai="9,15,18,24,29,33,53,54,81,84,90" m="49227" machi="18" ten="30,1100,0" yaku="19,1" doraHai="66" who="0" fromWho="0" sc="550,11,347,-3,78,-3,25,-5" owari="561,66.0,344,14.0,75,-32.0,20,-48.0" /></mjloggm>