<mjloggm ver="2.3"><GO type="97" lobby="0"/><UN n0="%E8%BB%A2%E4%BD%8D%E7%84%A1%E6%B3%95" n1="%E2%98%86%E5%A4%A9%E2%98%85" n2="%43%41%52%50%E5%90%9B" n3="%E3%83%88%E3%83%88%E3%83%AA%E5%85%88%E7%94%9F%31%39%E6%AD%B3" dan="14,13,14,15" rate="1956.79,1962.29,1929.30,2040.78" sx="M,M,M,F"/><TAIKYOKU oya="0"/><INIT seed="0,0,0,1,0,20" ten="250,250,250,250" oya="0" hai0="7,112,61,76,44,57,66,90,2,122,73,70,103" hai1="118,93,47,64,58,60,100,18,34,120,98,4,16" hai2="104,46,108,101,126,24,65,111,114,8,9,79,123" hai3="130,116,92,109,22,68,53,55,33,38,105,87,74"/><T124/><D122/><U50/><E118/><V83/><F123/><W97/><G116/><T135/><D112/><U30/><E120/><V39/><F114/><W67/><G33/><T23/><D124/><U5/><E34/><V72/><F126/><W59/><G74/><T94/><D103/><U117/><E117/><V121/><F121/><W29/><G38/><T27/><D135/><U25/><E4/><V88/><F88/><W1/><G1/><T69/><D44/><U110/><E5/><V128/><F128/><W134/><G68/><T21/><D21/><N who="1" m="15663" /><E110/><V19/><F65/><W75/><G109/><N who="2" m="42057" /><F101/><W41/><G67/><T127/><D127/><U26/><E26/><V102/><F102/><W107/><G134/><T13/><D2/><U54/><AGARI ba="0,0" hai="16,18,47,50,54,58,60,64,93,98,100" m="15663" machi="54" ten="30,7900,0" yaku="25,1,8,1,52,1,54,1" doraHai="20" who="1" fromWho="1" sc="250,-39,250,79,250,-20,250,-20" /><INIT seed="1,0,0,3,2,64" ten="211,329,230,230" oya="1" hai0="95,90,21,85,94,56,39,129,36,62,57,104,80" hai1="59,118,35,99,22,107,100,124,120,1,10,50,73" hai2="117,34,13,122,3,37,86,75,81,79,60,78,131" hai3="49,24,84,61,135,109,92,134,74,27,102,119,112"/><U71/><E120/><V97/><F3/><W96/><G112/><T66/><D129/><U125/><E118/><V121/><F131/><W93/><G74/><T42/><D104/><U29/><E73/><V87/><F117/><W116/><G109/><T133/><D133/><N who="3" m="50697" /><G24/><T25/><D57/><U65/><E35/><V7/><F34/><W18/><G49/><T15/><D15/><U72/><E29/><V89/><F37/><W123/><G123/><T108/><D108/><U115/><E115/><V82/><F60/><W9/><G61/><T70/><D56/><U88/><E72/><V51/><F51/><W128/><G128/><T33/><D33/><U43/><E22/><V105/><F13/><N who="3" m="7471" /><G27/><T126/><D126/><N who="1" m="48747" /><E10/><V45/><F45/><W63/><G63/><T4/><D62/><N who="1" m="40375" /><E1/><V114/><F7/><W91/><AGARI ba="0,0" hai="84,91,92,93,96,102,116,119" m="7471,50697" machi="91" ten="30,1100,0" yaku="20,1" doraHai="64" who="3" fromWho="3" sc="211,-3,329,-5,230,-3,230,11" /><INIT seed="2,0,0,5,5,9" ten="208,324,227,241" oya="2" hai0="38,90,79,37,47,4,67,45,0,8,97,96,93" hai1="135,95,115,128,111,104,94,102,124,91,119,81,73" hai2="82,74,125,59,98,92,54,116,69,129,114,7,126" hai3="19,58,75,17,16,13,39,107,89,11,77,32,66"/><V50/><F69/><W130/><G39/><T80/><D67/><U43/><E119/><V134/><F116/><W31/><G107/><T44/><REACH who="0" step="1"/><D97/><REACH who="0" ten="198,324,227,241" step="2"/><U6/><E104/><V56/><F114/><W87/><G66/><T21/><D21/><U76/><E115/><V62/><F129/><W85/><G32/><T51/><D51/><U133/><E135/><V72/><F134/><W23/><G130/><T105/><D105/><U28/><E133/><V88/><F82/><N who="3" m="47311" /><G75/><AGARI ba="0,1" hai="0,4,8,37,38,44,45,47,75,79,80,90,93,96" machi="75" ten="40,1300,0" yaku="1,1,53,0" doraHai="9" doraHaiUra="15" who="0" fromWho="3" sc="198,23,324,0,227,0,241,-13" /><INIT seed="3,0,0,1,5,29" ten="221,324,227,228" oya="3" hai0="73,70,97,90,115,106,15,126,116,87,107,28,100" hai1="48,78,89,112,65,9,123,121,46,94,25,21,59" hai2="1,104,72,118,95,5,30,75,40,43,34,98,134" hai3="88,16,101,4,113,39,109,41,67,96,125,103,3"/><W82/><G113/><T84/><D15/><U105/><E112/><V11/><F104/><W110/><G125/><T12/><D12/><U128/><E128/><V120/><F120/><W119/><G119/><T42/><D42/><U14/><E105/><V17/><F118/><W35/><G35/><T20/><D20/><U31/><E78/><V80/><F134/><W2/><G67/><T81/><D28/><U63/><E89/><V37/><F17/><W130/><G130/><T69/><D70/><U54/><E94/><V62/><F62/><W50/><G39/><T64/><D64/><U117/><E117/><V49/><F49/><W129/><G129/><T133/><D69/><U92/><E92/><V38/><F43/><W56/><G4/><AGARI ba="0,0" hai="4,9,14,21,25,31,46,48,54,59,63,65,121,123" machi="4" ten="30,1000,0" yaku="7,1" doraHai="29" who="1" fromWho="3" sc="221,0,324,10,227,0,228,-10" owari="221,-18.0,334,43.0,227,3.0,218,-28.0" /></mjloggm>