<mjloggm ver="2.3"><GO type="97" lobby="0"/><UN n0="%68%69%6A%6F%64%65%70%75" n1="%74%61%72%69" n2="%E5%B0%B1%E6%B4%BB%E7%94%9F%40%E5%B7%9D%E6%9D%91%E8%BB%8D%E5%9B%A3" n3="%E3%81%8A%E3%81%A3%E3%81%B1%E3%81%84%E5%85%88%E7%94%9F" dan="15,15,15,16" rate="2027.87,2116.73,2056.74,2053.57" sx="M,M,M,F"/><TAIKYOKU oya="0"/><INIT seed="0,0,0,4,5,9" ten="250,250,250,250" oya="0" hai0="78,26,113,18,112,43,27,6,65,2,106,133,85" hai1="134,109,17,53,121,84,131,24,110,32,51,88,33" hai2="128,129,49,55,58,118,10,47,91,69,8,23,66" hai3="100,116,77,46,63,34,54,125,98,50,3,19,36"/><T107/><D65/><U124/><E121/><V72/><F72/><W93/><G116/><T4/><D43/><U101/><E101/><V16/><F118/><W99/><G125/><T14/><D85/><U117/><E117/><V68/><F91/><W42/><G3/><T37/><D37/><U119/><E119/><V41/><F10/><W0/><G0/><T25/><D78/><U80/><E124/><V39/><F8/><W96/><G34/><T123/><D2/><U64/><E64/><V67/><F67/><W7/><G7/><T28/><D123/><U132/><E131/><N who="2" m="50251" /><F66/><W111/><G111/><N who="1" m="42506" /><E17/><V38/><F38/><W108/><G108/><T13/><D18/><U52/><E53/><V40/><F40/><W20/><G63/><T81/><D81/><U86/><E86/><V97/><F97/><W73/><G77/><T87/><D87/><U79/><E79/><V61/><F39/><W130/><G73/><T127/><D127/><U74/><E74/><V82/><F82/><W31/><G31/><T21/><D21/><U120/><E120/><V83/><F83/><W115/><G130/><T48/><D48/><U56/><E32/><V76/><F76/><W70/><G70/><T12/><D28/><AGARI ba="0,0" hai="24,28,33,51,52,56,80,84,88,132,134" m="42506" machi="28" ten="30,3900,0" yaku="14,1,54,2" doraHai="9" who="1" fromWho="0" sc="250,-39,250,39,250,0,250,0" /><INIT seed="1,0,0,3,2,115" ten="211,289,250,250" oya="1" hai0="104,69,14,77,123,48,45,47,82,101,94,105,98" hai1="33,109,35,60,57,89,39,79,134,36,119,126,85" hai2="102,42,75,74,88,116,120,53,62,3,108,70,65" hai3="38,83,112,30,86,110,34,13,114,113,9,71,0"/><U18/><E119/><V97/><F120/><W20/><G71/><T31/><D69/><U54/><E134/><V6/><F42/><W128/><G38/><T10/><D31/><U23/><E126/><V50/><F108/><W7/><G110/><T56/><D123/><U67/><E109/><V63/><F116/><W90/><G128/><T93/><D56/><U28/><E79/><V40/><F40/><W64/><G64/><T25/><D105/><U129/><E129/><V87/><F62/><W11/><G34/><T117/><D25/><U73/><E73/><V52/><F6/><W24/><REACH who="3" step="1"/><G9/><REACH who="3" ten="211,289,250,240" step="2"/><T103/><D117/><U4/><E67/><V121/><F121/><W61/><G61/><T68/><D68/><U46/><E39/><V22/><F63/><W51/><G51/><T19/><D48/><U122/><E36/><V5/><F50/><W17/><G17/><T66/><D66/><U92/><E122/><V95/><F65/><W91/><G91/><T124/><D124/><U15/><E35/><V99/><F70/><W12/><AGARI ba="0,1" hai="0,7,11,12,13,20,24,30,83,86,90,112,113,114" machi="12" ten="40,5200,0" yaku="1,1,0,1,53,1" doraHai="115" doraHaiUra="78" who="3" fromWho="3" sc="211,-13,289,-26,250,-13,240,62" /><INIT seed="2,0,0,5,2,65" ten="198,263,237,302" oya="2" hai0="117,46,97,42,91,108,40,94,60,104,29,35,59" hai1="26,100,16,76,133,33,15,79,123,9,111,78,48" hai2="1,25,83,99,69,121,52,34,93,37,57,131,31" hai3="7,89,114,45,3,63,84,54,30,28,90,124,113"/><V103/><F121/><W24/><G124/><T71/><D108/><U115/><E123/><V14/><F1/><W88/><G3/><T101/><D117/><U36/><E115/><N who="3" m="44042" /><G7/><T77/><D77/><U98/><E36/><V51/><F131/><W21/><G30/><T4/><D4/><U58/><E111/><V56/><F37/><W53/><G63/><T122/><D122/><U44/><E133/><V68/><F14/><W0/><G0/><T47/><D59/><U132/><E132/><V92/><F57/><W43/><G84/><T11/><D11/><U125/><E125/><V81/><REACH who="2" step="1"/><F93/><REACH who="2" ten="198,263,227,302" step="2"/><W22/><G22/><T8/><D8/><U32/><E58/><V55/><F55/><W41/><G41/><T62/><D42/><U106/><REACH who="1" step="1"/><E26/><REACH who="1" ten="198,253,227,302" step="2"/><V129/><F129/><W70/><G70/><AGARI ba="0,2" hai="25,31,34,51,52,56,68,69,70,81,83,92,99,103" machi="70" ten="40,12000,1" yaku="1,1,52,3,54,1,53,0" doraHai="65" doraHaiUra="126" who="2" fromWho="3" sc="198,0,253,0,227,140,302,-120" /><INIT seed="2,1,0,4,1,131" ten="198,253,367,182" oya="2" hai0="29,35,59,66,48,74,117,126,80,28,104,72,61" hai1="73,46,133,94,99,116,27,42,90,88,111,121,41" hai2="86,120,50,38,30,40,34,54,102,64,12,26,60" hai3="93,127,101,44,91,18,135,20,85,13,122,62,4"/><V25/><F120/><W79/><G122/><T112/><D112/><U124/><E121/><V81/><F40/><W47/><G127/><T128/><D104/><U24/><E73/><V57/><F38/><W32/><G32/><T3/><D3/><U106/><E116/><V65/><F102/><W21/><G135/><T110/><D128/><U70/><E70/><V1/><F1/><W95/><G79/><T130/><D130/><U0/><E0/><V14/><F26/><W9/><G20/><T82/><D126/><U16/><E124/><V5/><F5/><W100/><G62/><T75/><D117/><U123/><E123/><V107/><F107/><W125/><G125/><T39/><D39/><U49/><E111/><V115/><F115/><W89/><G100/><T17/><D110/><U53/><E106/><V68/><F65/><W22/><G22/><T84/><D35/><U19/><E133/><V37/><F37/><W92/><G101/><T67/><D67/><U119/><E119/><V76/><AGARI ba="1,0" hai="12,14,25,30,34,50,54,57,60,64,68,76,81,86" machi="76" ten="20,2100,0" yaku="0,1,7,1" doraHai="131" who="2" fromWho="2" sc="198,-8,253,-8,367,24,182,-8" /><INIT seed="2,2,0,2,1,113" ten="190,245,391,174" oya="2" hai0="21,19,5,0,118,89,67,119,71,44,6,28,81" hai1="127,126,2,38,45,77,22,114,20,49,96,42,80" hai2="62,34,85,98,102,92,97,72,107,53,57,27,99" hai3="32,112,135,56,88,125,31,54,17,52,130,76,109"/><V35/><F72/><W124/><G112/><T111/><D111/><U68/><E114/><V16/><F85/><W48/><G109/><T106/><D106/><U73/><E68/><V108/><F108/><W116/><G76/><T61/><D28/><U23/><E96/><V24/><F24/><W83/><G31/><T84/><D44/><U105/><E105/><V110/><F110/><W66/><G32/><T59/><D71/><U74/><E74/><V123/><F123/><W25/><G66/><T91/><D91/><U9/><REACH who="1" step="1"/><E49/><REACH who="1" ten="190,235,391,174" step="2"/><V39/><F39/><W128/><G135/><T103/><D103/><U3/><E3/><V132/><F132/><W117/><G54/><T60/><D0/><U100/><E100/><V33/><F107/><W121/><G121/><T94/><D94/><U120/><E120/><V46/><F102/><W50/><G50/><T63/><D63/><U12/><E12/><V47/><F92/><W82/><G82/><T55/><D61/><U4/><AGARI ba="2,1" hai="2,4,9,20,22,23,38,42,45,73,77,80,126,127" machi="4" ten="30,7900,0" yaku="1,1,0,1,25,2,53,0" doraHai="113" doraHaiUra="15" who="1" fromWho="1" sc="190,-22,235,95,391,-41,174,-22" /><INIT seed="3,0,0,1,3,4" ten="168,330,350,152" oya="3" hai0="19,21,7,106,39,23,114,76,82,24,73,132,125" hai1="113,29,3,84,9,38,92,68,60,111,109,116,12" hai2="10,120,57,51,54,44,87,15,78,112,2,22,34" hai3="74,18,117,40,100,59,28,72,85,0,26,33,121"/><W1/><G117/><T16/><D106/><U43/><E116/><V135/><F34/><W13/><G121/><T88/><D39/><U25/><E113/><V56/><F112/><W93/><G40/><T69/><D114/><U31/><E3/><V49/><F120/><W96/><G0/><T133/><D69/><U94/><E43/><N who="2" m="24735" /><F2/><W63/><G85/><T97/><D125/><U118/><E38/><V107/><F107/><W110/><G1/><T30/><D7/><N who="1" m="3135" /><E118/><V41/><F41/><W95/><G95/><N who="1" m="36394" /><E84/><V123/><F22/><W58/><G58/><T131/><D131/><U127/><E25/><V103/><F103/><W42/><G42/><T104/><D88/><U128/><E128/><V126/><F126/><W90/><G100/><N who="0" m="62479" /><D21/><U81/><E81/><N who="2" m="47543" /><F135/><AGARI ba="0,0" hai="16,19,23,24,30,73,76,82,132,133,135" m="62479" machi="135" ten="30,2000,0" yaku="20,1,54,1" doraHai="4" who="0" fromWho="2" sc="168,20,330,0,350,-20,152,0" owari="188,-21.0,330,43.0,330,13.0,152,-35.0" /></mjloggm>