<mjloggm ver="2.3"><GO type="225" lobby="0"/><UN n0="%E6%A9%8B%E6%9C%AC%E5%8D%83%E5%85%89%E5%B9%B4" n1="%E4%BC%9D%E8%AA%AC%E3%81%AE%E3%81%B2%E3%82%88%E3%81%93" n2="%E3%82%A8%E3%83%AB%E3%82%AD%E3%83%81" n3="%E3%83%88%E3%83%88%E3%83%AA%E5%85%88%E7%94%9F%31%39%E6%AD%B3" dan="16,17,16,17" rate="2178.48,2209.71,2148.84,2188.27" sx="M,F,M,F"/><TAIKYOKU oya="0"/><INIT seed="0,0,0,4,3,92" ten="250,250,250,250" oya="0" hai0="69,35,113,122,71,13,30,120,76,99,19,95,62" hai1="12,31,102,106,131,96,73,111,26,97,81,74,59" hai2="23,89,40,93,24,134,4,42,48,72,80,29,50" hai3="124,133,53,6,68,82,46,90,1,25,117,9,38"/><T75/><D113/><U70/><E70/><V36/><F134/><W16/><G117/><T11/><D71/><U60/><E131/><V130/><F130/><W77/><G68/><T67/><D75/><U109/><E12/><V105/><F105/><W85/><G133/><T28/><D76/><U33/><E81/><V135/><F135/><W52/><G124/><T84/><D84/><U114/><E114/><V83/><F4/><W110/><G110/><N who="1" m="41994" /><E97/><N who="2" m="57519" /><F36/><W55/><G38/><T104/><D104/><U127/><E127/><V65/><F65/><AGARI ba="0,0" hai="26,31,33,59,60,65,73,74,96,102,106" m="41994" machi="65" ten="30,2000,0" yaku="14,1,52,1" doraHai="92" who="1" fromWho="2" sc="250,0,250,20,250,-20,250,0" /><INIT seed="1,0,0,3,1,35" ten="250,270,230,250" oya="1" hai0="36,27,59,13,42,52,92,123,116,122,18,16,28" hai1="118,80,130,8,100,61,110,88,91,48,2,102,75" hai2="89,113,86,26,128,55,33,12,49,54,106,81,82" hai3="40,0,45,21,83,64,6,19,17,134,15,87,29"/><U38/><E118/><V62/><F128/><W121/><G121/><N who="0" m="46091" /><D116/><U22/><E38/><V32/><F113/><W1/><G134/><T31/><D13/><U47/><E130/><V37/><F37/><W114/><G114/><T20/><D18/><U101/><E110/><V74/><F106/><W73/><G73/><T67/><D67/><U14/><E61/><V133/><F133/><W11/><G29/><T117/><D117/><U79/><E22/><V71/><F12/><W30/><G30/><T9/><D9/><U98/><E98/><V127/><F127/><W63/><G19/><T4/><D4/><U10/><E10/><V53/><F49/><W131/><G131/><T111/><D111/><U41/><REACH who="1" step="1"/><E2/><REACH who="1" ten="250,260,230,250" step="2"/><V66/><F26/><W57/><G21/><T5/><D36/><U84/><E84/><V3/><F3/><W107/><G107/><T90/><D5/><AGARI ba="0,1" hai="5,8,14,41,47,48,75,79,80,88,91,100,101,102" machi="5" ten="40,3900,0" yaku="1,1,54,1,53,0" doraHai="35" doraHaiUra="115" who="1" fromWho="0" sc="250,-39,260,49,230,0,250,0" /><INIT seed="1,1,0,1,4,97" ten="211,309,230,250" oya="1" hai0="70,32,126,78,38,85,8,55,61,1,111,9,66" hai1="84,105,106,113,39,87,102,53,98,33,77,120,18" hai2="35,29,25,4,109,19,123,36,34,108,44,96,0" hai3="49,92,74,107,121,104,135,73,10,76,100,26,17"/><U45/><E113/><V6/><F123/><W37/><G121/><T124/><D32/><U88/><E120/><V115/><F35/><W22/><G37/><T127/><D38/><U65/><E33/><V16/><F115/><W20/><G135/><T130/><D111/><N who="2" m="42570" /><F96/><W82/><G73/><T23/><D130/><U14/><E65/><V60/><F60/><W95/><G10/><N who="0" m="4203" /><D1/><U122/><E122/><V86/><F86/><W119/><G119/><T2/><D2/><U40/><E77/><V11/><F6/><W128/><G128/><T42/><D42/><AGARI ba="1,0" hai="0,4,11,16,19,25,29,34,36,42,44" m="42570" machi="42" ten="30,2000,0" yaku="14,1,54,1" doraHai="97" who="2" fromWho="0" sc="211,-23,309,0,230,23,250,0" /><INIT seed="2,0,0,2,2,43" ten="188,309,253,250" oya="2" hai0="17,62,129,39,126,50,30,4,20,28,117,21,82" hai1="97,36,69,33,18,68,10,104,133,114,112,116,2" hai2="127,13,90,76,57,96,94,78,9,134,108,64,34" hai3="56,38,89,31,60,85,5,16,40,55,45,91,19"/><V115/><F115/><W102/><G89/><T95/><D39/><U47/><E18/><V65/><F34/><W11/><G31/><T70/><D129/><U41/><E116/><V14/><F127/><W99/><G91/><T44/><D126/><U83/><E83/><V66/><F134/><W51/><G85/><T63/><D117/><U24/><E133/><V53/><F108/><W1/><REACH who="3" step="1"/><G38/><REACH who="3" ten="188,309,253,240" step="2"/><T131/><D131/><U123/><E114/><V120/><F120/><W77/><G77/><N who="2" m="29801" /><F9/><W22/><G22/><T73/><D21/><U37/><E37/><V3/><F3/><W132/><G132/><T98/><D30/><N who="1" m="19655" /><E123/><V6/><F6/><W87/><G87/><T122/><D28/><U113/><E113/><V8/><F8/><W67/><G67/><T135/><D122/><U61/><E112/><V105/><F105/><AGARI ba="0,1" hai="1,5,11,16,19,40,45,51,55,56,60,99,102,105" machi="105" ten="30,7700,0" yaku="1,1,7,1,52,1,54,1,53,0" doraHai="43" doraHaiUra="81" who="3" fromWho="2" sc="188,0,309,0,253,-77,240,87" /><INIT seed="3,0,0,3,5,90" ten="188,309,176,327" oya="3" hai0="124,75,60,68,92,32,49,132,127,86,26,66,9" hai1="47,57,109,94,87,91,7,123,111,129,45,116,102" hai2="62,107,44,42,93,27,18,28,101,105,61,56,96" hai3="128,21,114,120,70,100,16,118,89,95,130,83,77"/><W39/><G114/><T22/><D75/><U24/><E123/><V97/><F18/><W29/><G120/><T37/><D37/><U113/><E113/><V104/><F97/><N who="3" m="57583" /><G118/><T35/><D132/><U74/><E74/><V17/><F17/><W25/><G39/><T84/><D9/><U30/><E129/><N who="3" m="49770" /><G100/><T2/><D49/><U11/><E57/><V34/><REACH who="2" step="1"/><F56/><REACH who="2" ten="188,309,166,327" step="2"/><W20/><G70/><T52/><D127/><U82/><E116/><V69/><F69/><W63/><G16/><T36/><D124/><U15/><E109/><V108/><F108/><W131/><G131/><T14/><D36/><AGARI ba="0,1" hai="27,28,34,36,42,44,61,62,93,96,101,104,105,107" machi="36" ten="40,2600,0" yaku="1,1,52,1,53,0" doraHai="90" doraHaiUra="4" who="2" fromWho="0" sc="188,-26,309,0,166,36,327,0" owari="162,-34.0,309,11.0,202,-20.0,327,43.0" /></mjloggm>