<mjloggm ver="2.3"><GO type="41" lobby="0"/><UN n0="%65%69%6B%31" n1="%79%61%6B%6B%75%72%75" n2="%E5%B0%B1%E6%B4%BB%E7%94%9F%40%E5%B7%9D%E6%9D%91%E8%BB%8D%E5%9B%A3" n3="%E6%84%9B%E4%BB%A3%E3%81%95%E3%82%84%E3%81%8B" dan="15,13,17,13" rate="2013.64,1906.05,2129.13,1857.51" sx="M,M,M,F"/><TAIKYOKU oya="0"/><INIT seed="0,0,0,1,2,3" ten="250,250,250,250" oya="0" hai0="119,2,27,70,75,19,72,7,62,49,89,30,51" hai1="15,113,90,25,26,107,82,108,13,87,77,66,28" hai2="42,35,0,84,88,32,1,9,111,76,20,94,133" hai3="8,122,64,96,41,23,114,6,118,60,61,105,102"/><T92/><D119/><U127/><E107/><V59/><F133/><W131/><G118/><T78/><D19/><U40/><E108/><V112/><F112/><W38/><G114/><T74/><D78/><U100/><E113/><V58/><F111/><W4/><G8/><T101/><D101/><U121/><E121/><V14/><F76/><W36/><G122/><T116/><D116/><U54/><E127/><V43/><F35/><W63/><G64/><T48/><D62/><U91/><E100/><V134/><F134/><W115/><G115/><T95/><D70/><U46/><E66/><V10/><F32/><W45/><G36/><T29/><D27/><U83/><E54/><V130/><F130/><W37/><G37/><T56/><D56/><N who="2" m="21546" /><F1/><W132/><G132/><T53/><D53/><U135/><E135/><V69/><F69/><W109/><G109/><T80/><D80/><U17/><E83/><V85/><F85/><W71/><G71/><T73/><N who="0" m="18432" /><DORA hai="16" /><T129/><D129/><U93/><E77/><V124/><F0/><W106/><G131/><T39/><D39/><U120/><E120/><V117/><F117/><W123/><G123/><T33/><D33/><U31/><E15/><V125/><F124/><W68/><G68/><T99/><REACH who="0" step="1"/><D95/><REACH who="0" ten="240,250,250,250" step="2"/><U52/><E26/><V67/><F125/><W34/><G34/><T65/><D65/><U103/><E25/><V12/><F67/><W5/><REACH who="3" step="1"/><G106/><REACH who="3" ten="240,250,250,240" step="2"/><T47/><D47/><U110/><E46/><V24/><F10/><AGARI ba="0,2" hai="2,7,10,29,30,48,49,51,89,92,99" m="18432" machi="10" ten="70,12000,1" yaku="1,1,52,1,53,3" doraHai="3,16" doraHaiUra="22,44" who="0" fromWho="2" sc="240,140,250,0,250,-120,240,0" /><INIT seed="0,1,0,2,5,108" ten="380,250,130,240" oya="0" hai0="114,75,116,50,17,40,93,86,3,100,46,30,67" hai1="110,57,109,103,19,127,123,65,129,66,99,52,118" hai2="104,106,25,64,73,92,44,49,34,76,117,16,119" hai3="135,36,33,15,74,7,14,60,130,12,6,125,133"/><T71/><D116/><U35/><E118/><V56/><F117/><W42/><G74/><T88/><D75/><U29/><E123/><V4/><F119/><W115/><G36/><T85/><D114/><U58/><E127/><V134/><F134/><N who="3" m="51211" /><G42/><T22/><D3/><U82/><E129/><V81/><F4/><N who="3" m="1579" /><G60/><T32/><D100/><U9/><E58/><V5/><F5/><W107/><G107/><T37/><D30/><U21/><E35/><V45/><F92/><W83/><G83/><T79/><D32/><U63/><E9/><V48/><F34/><W51/><G51/><T41/><D71/><U112/><E82/><V124/><F124/><W70/><G70/><T84/><D67/><U113/><E29/><V78/><F78/><W120/><G120/><T18/><D79/><U132/><E132/><V111/><F111/><N who="1" m="42505" /><E65/><V23/><F45/><W96/><G96/><N who="0" m="57383" /><D37/><U8/><E8/><V62/><REACH who="2" step="1"/><F49/><REACH who="2" ten="380,250,120,240" step="2"/><W59/><G125/><T91/><D50/><U72/><E72/><V101/><F101/><W11/><G33/><T94/><D46/><U105/><E66/><V61/><F61/><W128/><G11/><T122/><D122/><U102/><E102/><V54/><AGARI ba="1,1" hai="16,23,25,44,48,54,56,62,64,73,76,81,104,106" machi="54" ten="20,5200,0" yaku="1,1,0,1,7,1,54,1,53,0" doraHai="108" doraHaiUra="27" who="2" fromWho="2" sc="380,-27,250,-14,120,65,240,-14" /><INIT seed="1,0,0,2,4,129" ten="353,236,185,226" oya="1" hai0="88,93,20,96,66,70,75,127,64,13,132,45,126" hai1="6,81,124,54,113,121,91,89,80,84,122,59,8" hai2="112,40,103,19,5,14,34,69,35,43,31,135,106" hai3="97,92,82,107,15,86,90,4,117,30,53,60,128"/><U27/><E113/><V109/><F69/><W76/><G128/><T3/><D3/><U41/><E124/><N who="0" m="47657" /><D75/><U57/><E41/><V83/><F109/><W102/><G30/><T87/><D132/><U37/><E37/><V115/><F83/><W95/><G4/><T71/><D45/><U55/><E27/><V63/><F63/><W11/><G60/><T22/><D96/><U25/><E25/><V68/><F68/><N who="0" m="26154" /><D13/><U33/><E33/><V116/><F116/><W101/><G53/><T118/><D118/><U85/><E8/><V49/><F5/><AGARI ba="0,0" hai="5,6,54,55,57,59,80,81,84,85,89,91,121,122" machi="5" ten="25,2400,0" yaku="22,2" doraHai="129" who="1" fromWho="2" sc="353,0,236,24,185,-24,226,0" /><INIT seed="1,1,0,4,5,6" ten="353,260,161,226" oya="1" hai0="80,126,132,102,50,57,48,82,93,101,53,23,67" hai1="29,83,5,38,7,120,42,36,14,69,24,12,95" hai2="26,84,104,127,97,109,35,62,13,110,135,28,99" hai3="2,134,0,129,94,125,115,49,119,91,16,114,131"/><U78/><E120/><V39/><F39/><W54/><G119/><T46/><D132/><U11/><E69/><V117/><F117/><W18/><G54/><T88/><D126/><U96/><E42/><V128/><F127/><W17/><G49/><T31/><D31/><U76/><E76/><V20/><F135/><W43/><G43/><N who="0" m="24671" /><D67/><U27/><E27/><V111/><F128/><N who="3" m="49227" /><G94/><T108/><D108/><U103/><E14/><V19/><F104/><W44/><G44/><T85/><D23/><U21/><REACH who="1" step="1"/><E5/><REACH who="1" ten="353,250,161,226" step="2"/><V52/><REACH who="2" step="1"/><F84/><AGARI ba="1,1" hai="7,11,12,21,24,29,36,38,78,83,84,95,96,103" machi="84" ten="30,12000,1" yaku="1,1,2,1,7,1,52,1,53,1" doraHai="6" doraHaiUra="89" who="1" fromWho="2" sc="353,0,250,133,161,-123,226,0" /><INIT seed="1,2,0,5,1,39" ten="353,383,38,226" oya="1" hai0="85,123,77,106,36,2,22,118,8,101,134,52,63" hai1="27,30,53,105,59,86,83,9,0,32,117,60,91" hai2="102,110,133,68,90,18,104,49,114,130,17,115,88" hai3="89,69,58,45,19,28,64,99,54,10,11,42,129"/><U21/><E117/><V35/><F68/><W38/><G129/><T100/><D118/><U57/><E105/><V5/><F5/><W25/><G19/><N who="2" m="7177" /><F35/><W31/><G99/><T95/><D134/><U119/><E119/><V131/><F49/><W135/><G89/><N who="2" m="34409" /><F104/><W79/><G79/><T7/><D77/><U92/><E0/><V97/><F97/><W66/><G135/><T47/><D106/><U111/><E111/><V132/><F102/><W98/><G98/><T12/><D101/><U125/><E125/><V126/><F110/><W75/><G75/><T14/><D100/><U116/><E116/><V24/><F24/><W4/><G69/><T41/><D123/><U73/><E9/><V16/><N who="2" m="7185" /><V108/><DORA hai="40" /><F108/><W120/><G120/><T23/><D2/><U26/><E73/><V113/><F126/><W67/><G11/><T20/><D12/><U61/><E27/><V78/><F78/><W62/><REACH who="3" step="1"/><G25/><REACH who="3" ten="353,383,38,216" step="2"/><T82/><D8/><U48/><E30/><V13/><F13/><AGARI ba="2,1" hai="4,10,13,28,31,38,42,45,54,58,62,64,66,67" machi="13" ten="40,8000,1" yaku="1,1,2,1,52,2,53,0" doraHai="39,40" doraHaiUra="80,34" who="3" fromWho="2" sc="353,0,383,0,38,-86,216,96" owari="353,15.0,383,49.0,-48,-55.0,312,-9.0" /></mjloggm>