<mjloggm ver="2.3"><GO type="225" lobby="0"/><UN n0="%E5%B0%B1%E6%B4%BB%E7%94%9F%40%E5%B7%9D%E6%9D%91%E8%BB%8D%E5%9B%A3" n1="%73%65%6E%75%72%6C" n2="%73%61%72%61%68%31%32%33" n3="%E3%83%95%E3%83%A9%E3%82%B0%E4%B8%80%E7%B4%9A%E5%BB%BA%E7%AF%89%E5%A3%AB" dan="17,17,17,16" rate="2095.58,2182.58,2147.45,2098.84" sx="M,F,M,M"/><TAIKYOKU oya="0"/><INIT seed="0,0,0,1,3,73" ten="250,250,250,250" oya="0" hai0="92,83,50,47,115,105,85,20,63,8,109,43,84" hai1="11,119,134,62,52,66,55,53,102,37,44,31,107" hai2="22,71,117,64,113,16,89,10,32,80,68,131,88" hai3="60,127,103,3,129,76,110,61,93,14,72,18,86"/><T26/><D115/><U111/><E119/><V121/><F113/><W94/><G3/><T27/><D105/><U7/><E111/><V130/><F121/><W135/><G72/><T125/><D125/><U78/><E134/><V133/><F133/><W49/><G129/><N who="2" m="49161" /><F32/><W126/><G110/><T128/><D109/><U5/><E31/><V90/><F117/><W106/><G106/><T120/><D120/><U56/><E78/><V48/><F64/><W67/><G67/><T41/><D128/><U81/><E81/><V79/><F48/><W59/><G135/><T54/><D8/><U77/><E77/><V34/><F10/><W24/><G127/><T13/><D13/><U35/><E35/><V118/><F34/><W45/><G24/><T39/><D39/><U97/><REACH who="1" step="1"/><E11/><REACH who="1" ten="250,240,250,250" step="2"/><V95/><F118/><W33/><G33/><T87/><D83/><U98/><E98/><V108/><F108/><W42/><G76/><T2/><D20/><U122/><E122/><V21/><F80/><W114/><G126/><T82/><D82/><U116/><E116/><V19/><F79/><W38/><G114/><T57/><D92/><U6/><E6/><V69/><F95/><W40/><G94/><T1/><REACH who="0" step="1"/><D41/><AGARI ba="0,1" hai="5,7,37,41,44,52,53,55,56,62,66,97,102,107" machi="41" ten="40,2600,0" yaku="1,1,54,1,53,0" doraHai="73" doraHaiUra="46" who="1" fromWho="0" sc="250,-26,240,36,250,0,250,0" /><INIT seed="1,0,0,2,1,58" ten="224,276,250,250" oya="1" hai0="24,60,76,99,83,48,120,33,100,57,122,73,96" hai1="16,11,44,23,121,84,79,103,66,0,38,104,6" hai2="35,72,5,89,26,126,81,40,130,77,39,67,108" hai3="127,22,97,125,109,20,110,135,36,4,98,18,30"/><U128/><E121/><N who="0" m="46697" /><D48/><U129/><E66/><V118/><F118/><W68/><G36/><T65/><D100/><U43/><E103/><V74/><F74/><W117/><G68/><T29/><AGARI ba="0,0" hai="24,29,33,57,60,65,73,76,83,96,99" m="46697" machi="29" ten="30,2000,0" yaku="13,1,52,1" doraHai="58" who="0" fromWho="0" sc="224,20,276,-10,250,-5,250,-5" /><INIT seed="2,0,0,2,5,24" ten="244,266,245,245" oya="2" hai0="22,69,131,101,38,128,87,120,17,58,118,130,89" hai1="0,102,50,103,45,20,48,91,25,5,27,127,29" hai2="122,92,64,51,61,93,33,26,83,56,112,82,21" hai3="30,71,109,88,3,49,98,62,28,67,76,132,86"/><V111/><F122/><W47/><G3/><T13/><D69/><U9/><E127/><V79/><F112/><W100/><G76/><T116/><D38/><U23/><E91/><V10/><F33/><W129/><G129/><T7/><D7/><U70/><E70/><V35/><F35/><W124/><G124/><T31/><D120/><U11/><E11/><V94/><F111/><W77/><G77/><T80/><D101/><U12/><E0/><V84/><F82/><W125/><G125/><T18/><D58/><U123/><E123/><V96/><F51/><N who="1" m="19497" /><E45/><V52/><F10/><W37/><G37/><T42/><D42/><U4/><E4/><V32/><F32/><W65/><G109/><T15/><REACH who="0" step="1"/><D31/><AGARI ba="0,0" hai="5,9,12,20,23,25,27,29,31,102,103" m="19497" machi="31" ten="30,3900,0" yaku="8,1,52,2" doraHai="24" who="1" fromWho="0" sc="244,-39,266,39,245,0,245,0" /><INIT seed="3,0,0,1,0,35" ten="205,305,245,245" oya="3" hai0="90,115,44,3,125,74,0,77,4,33,75,2,106" hai1="6,83,82,26,111,97,38,43,121,108,58,84,101" hai2="22,107,37,68,34,126,118,124,40,129,19,32,102" hai3="49,51,100,61,81,17,128,57,15,114,94,23,63"/><W122/><G128/><T65/><D106/><N who="1" m="63791" /><E121/><V31/><F129/><W112/><G122/><T46/><D33/><U73/><E6/><V27/><F118/><W98/><G63/><T5/><D65/><U10/><E10/><V21/><F68/><W66/><G81/><T67/><D67/><U104/><E104/><V130/><F130/><W117/><REACH who="3" step="1"/><G117/><REACH who="3" ten="205,305,245,235" step="2"/><T1/><D115/><AGARI ba="0,1" hai="15,17,23,49,51,57,61,66,94,98,100,112,114,115" machi="115" ten="40,3900,0" yaku="1,1,2,1,53,0" doraHai="35" doraHaiUra="42" who="3" fromWho="0" sc="205,-39,305,0,245,0,235,49" /><INIT seed="3,1,0,0,0,130" ten="166,305,245,284" oya="3" hai0="49,15,61,33,96,28,44,80,93,47,7,97,134" hai1="117,110,112,45,1,126,3,25,64,11,101,116,16" hai2="41,43,8,133,20,48,85,31,39,12,88,83,42" hai3="132,53,58,29,106,35,36,77,90,131,94,89,40"/><W76/><G132/><T9/><D33/><U121/><E112/><V91/><F39/><W56/><G131/><T92/><D28/><U24/><E121/><V52/><F133/><W55/><G106/><T4/><D80/><U46/><E110/><V135/><F135/><W75/><G75/><T73/><D134/><U113/><E113/><V124/><F124/><W51/><G35/><T22/><D73/><U74/><E126/><V63/><F63/><W23/><G36/><T6/><D22/><N who="1" m="13383" /><E74/><V107/><F107/><W103/><G40/><T2/><D61/><U120/><E120/><V68/><F68/><W5/><G5/><T84/><D84/><U108/><E108/><V60/><F60/><N who="3" m="35855" /><G103/><T98/><D2/><N who="1" m="523" /><E64/><V79/><F20/><W65/><G65/><T119/><D119/><N who="1" m="45643" /><E101/><V102/><F31/><W50/><G50/><T62/><D62/><U122/><E122/><V26/><F26/><N who="3" m="16607" /><G89/><N who="2" m="34377" /><F102/><W128/><G128/><T118/><D118/><U19/><E25/><V70/><F70/><W10/><G10/><T69/><D69/><U99/><E99/><AGARI ba="1,0" hai="51,55,58,76,77,90,94,99" m="16607,35855" machi="99" ten="30,1500,0" yaku="8,1" doraHai="130" who="3" fromWho="1" sc="166,0,305,-18,245,0,284,18" owari="166,-33.0,287,9.0,245,-15.0,302,39.0" /></mjloggm>