<mjloggm ver="2.3"><GO type="169" lobby="0"/><UN n0="%E3%82%A6%E3%83%AB%E3%83%88%E3%83%A9%E7%AB%8B%E7%9B%B4" n1="%E3%82%B5%E3%83%9C" n2="%74%61%6E%61%4B%61" n3="%E6%AD%A6%E5%89%87%E8%BC%9D%E6%B5%B7" dan="16,16,17,16" rate="2114.43,2068.64,2201.78,2090.50" sx="M,M,M,M"/><TAIKYOKU oya="0"/><INIT seed="0,0,0,2,0,91" ten="250,250,250,250" oya="0" hai0="62,83,33,44,72,93,126,94,115,63,64,49,104" hai1="13,129,78,119,88,41,117,123,107,103,18,51,69" hai2="36,15,31,101,133,75,25,124,112,99,22,125,12" hai3="132,127,96,21,27,34,53,118,131,109,110,48,89"/><T130/><D115/><U29/><E123/><V24/><F112/><W30/><G118/><T42/><D126/><N who="2" m="48746" /><F75/><W102/><G127/><T134/><D130/><U45/><E69/><V23/><F36/><W73/><G73/><T128/><D128/><U19/><E78/><V14/><F133/><W47/><G131/><T2/><D134/><U37/><E129/><V59/><F59/><W122/><G132/><T67/><D104/><U26/><E37/><V60/><F60/><N who="0" m="23082" /><D33/><U97/><E88/><V0/><F99/><W84/><G122/><T135/><D2/><U71/><E71/><V100/><F0/><W114/><G34/><T66/><D72/><U90/><E90/><V55/><F55/><W1/><G1/><T35/><D35/><U74/><E74/><V46/><F46/><W39/><G39/><T28/><D28/><AGARI ba="0,0" hai="12,14,15,22,23,24,25,28,31,100,101" m="48746" machi="28" ten="30,1000,0" yaku="18,1" doraHai="91" who="2" fromWho="0" sc="250,-10,250,0,250,10,250,0" /><INIT seed="1,0,0,2,2,60" ten="240,250,260,250" oya="1" hai0="95,88,22,129,57,73,67,83,132,55,128,81,114" hai1="98,3,120,10,130,51,40,109,66,75,78,68,26" hai2="69,118,90,48,29,104,13,52,115,14,0,43,85" hai3="125,21,133,28,50,112,119,105,34,38,16,70,94"/><U82/><E120/><V127/><F118/><W4/><G38/><T56/><D114/><U39/><E130/><N who="0" m="50281" /><D132/><U71/><E51/><V102/><F0/><W33/><G105/><T77/><D22/><U65/><E109/><V6/><F43/><W36/><G36/><T89/><D83/><U23/><E98/><V54/><F127/><W107/><G107/><T103/><D103/><U100/><E100/><V106/><F69/><N who="1" m="26697" /><E26/><V74/><F74/><W11/><G119/><T44/><D44/><N who="1" m="23583" /><E23/><V47/><F29/><W17/><G70/><T62/><D95/><U111/><E111/><V15/><F6/><AGARI ba="0,0" hai="3,6,10,65,66,75,78,82" m="23583,26697" machi="6" ten="30,5800,0" yaku="25,1,52,2" doraHai="60" who="1" fromWho="2" sc="240,0,250,58,260,-58,250,0" /><INIT seed="1,1,0,5,4,33" ten="240,308,202,250" oya="1" hai0="84,38,105,113,34,7,46,92,99,56,87,106,24" hai1="22,89,80,94,23,102,60,55,95,28,43,69,86" hai2="72,107,121,111,127,77,35,37,63,79,49,52,74" hai3="45,91,6,124,109,116,78,25,108,58,42,123,5"/><U126/><E43/><V51/><F37/><W40/><G123/><T129/><D113/><U130/><E130/><V19/><F121/><W115/><G115/><T21/><D34/><U47/><E126/><V122/><F122/><W44/><G78/><T85/><D129/><U133/><E133/><V32/><F127/><W93/><G124/><T119/><D119/><U117/><E117/><V12/><F107/><W70/><G70/><T16/><D7/><U2/><E2/><V10/><F111/><W66/><G116/><T30/><D30/><U31/><E69/><V8/><F63/><W64/><G25/><T97/><D97/><N who="1" m="59711" /><E80/><V20/><F20/><N who="1" m="7721" /><E60/><V62/><F62/><W61/><G61/><T68/><D68/><U0/><E0/><V71/><F71/><W83/><G93/><T100/><REACH who="0" step="1"/><D56/><REACH who="0" ten="230,308,202,250" step="2"/><U112/><E112/><V75/><F32/><W101/><G58/><T82/><D82/><U65/><E65/><V120/><F35/><W3/><G83/><T39/><D39/><U131/><E131/><V98/><F120/><W114/><G114/><T41/><AGARI ba="1,1" hai="16,21,24,38,41,46,84,85,87,92,99,100,105,106" machi="41" ten="30,4000,0" yaku="1,1,0,1,54,1,53,0" doraHai="33" doraHaiUra="54" who="0" fromWho="0" sc="230,53,308,-21,202,-11,250,-11" /><INIT seed="2,0,0,4,4,99" ten="283,287,191,239" oya="2" hai0="128,68,132,37,84,21,30,108,97,61,113,70,89" hai1="57,43,48,130,67,46,100,93,39,1,8,17,51" hai2="5,117,45,27,58,115,33,74,55,12,86,135,72" hai3="109,76,131,42,47,26,15,102,22,98,31,32,9"/><V112/><F117/><W81/><G131/><T75/><D75/><U60/><E130/><V125/><F125/><W106/><G109/><T110/><D113/><U120/><E120/><V82/><F135/><W50/><G32/><T53/><D37/><U107/><E107/><V129/><F129/><W13/><REACH who="3" step="1"/><G9/><REACH who="3" ten="283,287,191,229" step="2"/><T91/><D128/><U41/><E8/><N who="2" m="4111" /><F115/><W65/><G65/><T52/><D110/><U63/><E67/><V4/><F112/><W79/><G79/><T3/><D108/><U34/><E34/><V49/><F33/><W14/><G14/><T83/><D132/><U20/><E1/><V95/><F27/><W77/><G77/><T64/><D3/><U7/><E20/><V0/><F0/><W134/><G134/><T122/><D122/><U16/><E39/><V121/><F121/><W90/><G90/><T44/><D64/><U40/><E40/><V6/><F74/><AGARI ba="0,1" hai="13,15,22,26,31,42,47,50,74,76,81,98,102,106" machi="74" ten="30,3900,0" yaku="1,1,7,1,52,1,53,0" doraHai="99" doraHaiUra="62" who="3" fromWho="2" sc="283,0,287,0,191,-39,229,49" /><INIT seed="3,0,0,5,3,108" ten="283,287,152,278" oya="3" hai0="70,40,11,83,49,25,54,95,35,45,19,29,47" hai1="99,76,97,44,39,8,61,86,9,43,87,125,88" hai2="6,71,17,1,113,27,63,126,119,67,121,23,57" hai3="120,7,91,94,105,42,41,31,75,132,130,60,65"/><W135/><G105/><T114/><D70/><U18/><E125/><V110/><F126/><W58/><G75/><T85/><D95/><U116/><E116/><V3/><F119/><W69/><G120/><T77/><D11/><U24/><E61/><V92/><F110/><W80/><G80/><T26/><D114/><U104/><E76/><V64/><F113/><W28/><G7/><T48/><D25/><U111/><E111/><V59/><F121/><W38/><G130/><T12/><D12/><U100/><E24/><V34/><F34/><W73/><G73/><T96/><D96/><U129/><E129/><V89/><F6/><W55/><G28/><T46/><D19/><U50/><E39/><V103/><F103/><W15/><G15/><T98/><D98/><U93/><REACH who="1" step="1"/><E18/><REACH who="1" ten="283,277,152,278" step="2"/><V109/><F109/><W5/><G38/><T2/><D26/><U53/><E53/><V74/><F74/><W62/><G31/><T20/><D29/><U32/><E32/><V56/><REACH who="2" step="1"/><F67/><REACH who="2" ten="283,277,142,278" step="2"/><W84/><REACH who="3" step="1"/><G5/><REACH who="3" ten="283,277,142,268" step="2"/><T81/><D35/><U0/><E0/><V21/><F21/><W102/><G102/><T106/><D20/><U66/><E66/><V134/><F134/><AGARI ba="0,3" hai="41,42,55,58,60,62,65,69,84,91,94,132,134,135" machi="134" ten="40,3900,0" yaku="1,1,20,1,53,0" doraHai="108" doraHaiUra="14" who="3" fromWho="2" sc="283,0,277,0,142,-39,268,69" /><INIT seed="3,1,0,5,5,54" ten="283,277,103,337" oya="3" hai0="48,86,12,37,64,83,34,87,96,66,58,27,33" hai1="90,40,73,49,134,32,72,100,120,52,88,3,30" hai2="9,75,105,135,19,109,131,60,84,122,65,26,80" hai3="51,71,15,70,95,43,62,17,53,46,127,42,115"/><W114/><G95/><T99/><D37/><U63/><E120/><V128/><F105/><W85/><G85/><T130/><D130/><N who="2" m="49706" /><F75/><W123/><G123/><T50/><D27/><U35/><E3/><V5/><F122/><W57/><G127/><T56/><D12/><U118/><E134/><V94/><F94/><W92/><G92/><T79/><D79/><U44/><E100/><V22/><F109/><W97/><G97/><T110/><REACH who="0" step="1"/><D83/><REACH who="0" ten="273,277,103,337" step="2"/><U98/><E118/><V89/><F135/><W6/><G15/><T124/><D124/><U82/><E82/><V7/><F9/><W21/><G115/><T111/><AGARI ba="1,1" hai="33,34,48,50,56,58,64,66,86,87,96,99,110,111" machi="111" ten="25,12000,2" yaku="1,1,0,1,22,2,52,2,53,0" doraHai="54" doraHaiUra="16" who="0" fromWho="0" sc="273,133,277,-31,103,-31,337,-61" /><INIT seed="4,0,0,4,4,73" ten="406,246,72,276" oya="0" hai0="110,29,65,1,56,129,36,100,43,0,74,49,30" hai1="118,71,102,16,105,109,114,12,85,131,8,32,11" hai2="50,27,45,14,130,3,31,87,117,133,119,95,83" hai3="84,96,66,59,58,69,52,28,18,93,121,72,17"/><T103/><D36/><U113/><E109/><V107/><F107/><W42/><G72/><T26/><D30/><U92/><E118/><V127/><F3/><W37/><G121/><T55/><D100/><U33/><E71/><V25/><F130/><W79/><G28/><T77/><D43/><U89/><E131/><V34/><F25/><W62/><G69/><T5/><D5/><U63/><E63/><V41/><F127/><W134/><G134/><T15/><D15/><N who="1" m="7271" /><E102/><V19/><F95/><W21/><G42/><T82/><D129/><U24/><E24/><V6/><F133/><W9/><G9/><T35/><D110/><U13/><E105/><V61/><F61/><N who="3" m="36039" /><G37/><T115/><D65/><U97/><E97/><V46/><F46/><W104/><G104/><T124/><D124/><U99/><E99/><V120/><F120/><W20/><G18/><T78/><D103/><U106/><E106/><V38/><F38/><W51/><G51/><T80/><D115/><N who="1" m="44043" /><E13/><V44/><F44/><W53/><G66/><T60/><D60/><U64/><E64/><V88/><REACH who="2" step="1"/><F6/><AGARI ba="0,0" hai="6,11,12,32,33,85,89,92" m="44043,7271" machi="6" ten="30,3900,0" yaku="15,1,11,1,54,1" doraHai="73" who="1" fromWho="2" sc="406,0,246,39,72,-39,276,0" /><INIT seed="5,0,0,5,5,124" ten="406,285,33,276" oya="1" hai0="62,102,21,83,121,30,123,75,125,39,128,115,24" hai1="135,74,126,7,25,57,133,54,70,112,107,110,36" hai2="109,56,120,46,95,87,101,85,118,84,73,20,117" hai3="41,91,29,12,32,80,6,22,35,55,116,89,106"/><U108/><E74/><V92/><F109/><N who="1" m="42089" /><E107/><V16/><F120/><N who="0" m="46154" /><D125/><U60/><E7/><V1/><F73/><W132/><G106/><T93/><D115/><U127/><E25/><V3/><F46/><W105/><G105/><T38/><D62/><N who="1" m="36151" /><E112/><V49/><F3/><W15/><G41/><T100/><D128/><U119/><E119/><V69/><F69/><W96/><G55/><T58/><D58/><U48/><E36/><N who="0" m="13865" /><D93/><U26/><E26/><V76/><F1/><W65/><G116/><T13/><D13/><U10/><E10/><V114/><F114/><W51/><G15/><T111/><D111/><U18/><E18/><V0/><F0/><W94/><G12/><T82/><D75/><U129/><E129/><V64/><F117/><W2/><G2/><T113/><D113/><U103/><E103/><AGARI ba="0,0" hai="21,24,30,82,83,100,102,103" m="13865,46154" machi="103" ten="30,1000,0" yaku="13,1" doraHai="124" who="0" fromWho="1" sc="406,10,285,-10,33,0,276,0" /><INIT seed="6,0,0,5,1,114" ten="416,275,33,276" oya="2" hai0="16,39,128,13,96,84,118,106,4,83,11,85,124" hai1="129,133,122,9,20,132,94,40,127,90,43,59,58" hai2="47,30,46,64,56,22,120,76,0,48,123,97,119" hai3="28,37,52,23,29,121,35,41,53,7,27,82,117"/><V31/><F0/><W67/><G121/><T135/><D39/><U75/><E75/><V115/><F119/><W71/><G29/><T63/><D118/><U78/><E78/><V34/><F34/><W110/><G110/><T62/><D124/><U15/><E129/><V125/><F125/><W68/><G117/><T80/><D135/><N who="1" m="51787" /><E20/><V65/><F115/><W2/><G67/><T131/><D4/><N who="1" m="3495" /><E122/><V54/><F76/><W99/><G99/><T19/><D96/><N who="1" m="57431" /><E127/><V17/><F120/><W33/><G82/><T130/><D106/><U1/><E1/><V88/><F123/><W105/><G105/><T87/><D19/><U104/><E104/><V49/><F31/><W126/><G126/><T10/><D10/><U70/><E70/><V134/><F134/><W73/><G73/><T3/><D3/><U107/><E107/><V111/><F30/><W86/><G86/><T74/><D74/><U51/><E51/><V6/><F111/><W14/><G71/><T91/><D87/><U81/><E81/><V45/><F6/><W102/><G68/><T25/><D25/><U21/><E21/><V50/><F50/><W32/><G102/><T109/><D109/><U93/><E93/><N who="2" m="56487" /><F48/><W103/><G103/><T101/><D101/><U112/><E112/><V113/><F113/><W77/><G77/><AGARI ba="0,0" hai="11,13,16,62,63,77,80,83,84,85,91,128,130,131" machi="77" ten="40,2600,0" yaku="19,1,54,1" doraHai="114" who="0" fromWho="3" sc="416,26,275,0,33,0,276,-26" /><INIT seed="7,0,0,3,5,39" ten="442,275,33,250" oya="3" hai0="133,21,30,37,99,111,68,100,60,40,23,0,15" hai1="109,107,2,22,73,4,10,33,82,6,108,54,44" hai2="130,38,59,125,118,90,76,70,3,36,106,79,110" hai3="124,92,134,61,32,56,74,46,135,101,65,18,20"/><W26/><G74/><T52/><D0/><U64/><E107/><V72/><RYUUKYOKU type="yao9" ba="0,0" sc="442,0,275,0,33,0,250,0" hai2="3,36,38,59,70,72,76,79,90,106,110,118,125,130" /><INIT seed="7,1,0,2,1,0" ten="442,275,33,250" oya="3" hai0="60,102,61,50,51,71,113,62,79,111,106,127,1" hai1="108,73,101,74,95,83,15,133,116,43,119,33,8" hai2="36,13,118,110,134,68,28,54,123,91,87,65,45" hai3="56,84,70,32,92,11,117,67,86,23,20,35,40"/><W112/><G70/><T126/><D71/><U41/><E108/><V103/><F118/><N who="1" m="45097" /><E133/><V59/><F110/><W29/><G117/><T6/><D111/><U94/><E33/><V80/><F134/><W120/><G120/><T42/><D42/><N who="1" m="15883" /><E101/><V96/><F123/><W49/><G112/><T97/><D79/><N who="1" m="44527" /><E74/><V37/><F28/><W19/><G35/><T27/><D27/><U104/><E104/><V34/><F34/><W93/><G32/><T129/><D129/><U55/><E55/><V109/><F109/><W72/><G72/><T82/><D82/><U39/><E39/><V105/><F68/><W64/><G40/><T128/><D128/><U90/><E90/><V130/><F130/><W46/><G46/><T100/><D100/><U131/><E131/><V24/><F24/><N who="3" m="16519" /><G49/><T47/><D47/><U17/><AGARI ba="1,0" hai="8,15,17,94,95" m="44527,15883,45097" machi="17" ten="30,1100,0" yaku="12,1" doraHai="0" who="1" fromWho="1" sc="442,-4,275,14,33,-4,250,-6" owari="438,54.0,289,9.0,29,-47.0,244,-16.0" /></mjloggm>