<mjloggm ver="2.3"><GO type="41" lobby="0"/><UN n0="%E5%B0%B1%E6%B4%BB%E7%94%9F%40%E5%B7%9D%E6%9D%91%E8%BB%8D%E5%9B%A3" n1="%EF%BC%94%EF%BC%97%EF%BC%90%EF%BC%99%EF%BC%90%EF%BC%96" n2="%5A%65%6E%6A%75%2D%49" n3="%E3%83%99%E3%83%AB%E3%82%BC%E3%83%8D%E3%83%95" dan="15,16,14,13" rate="2005.11,2055.83,1882.86,1875.19" sx="M,M,M,M"/><TAIKYOKU oya="0"/><INIT seed="0,0,0,1,2,109" ten="250,250,250,250" oya="0" hai0="38,102,0,91,125,6,100,66,106,128,113,98,123" hai1="25,107,74,8,20,132,2,42,37,31,90,88,121" hai2="32,15,120,105,130,79,75,108,55,65,29,11,78" hai3="117,27,69,28,84,14,46,104,26,56,50,127,17"/><T77/><D123/><U47/><E121/><V10/><F105/><W30/><G117/><T41/><D91/><U53/><E107/><V43/><F120/><W51/><G69/><T126/><D100/><U1/><E1/><V62/><F29/><W101/><G127/><N who="0" m="48651" /><D66/><U58/><E74/><V118/><F55/><W116/><G116/><T34/><D34/><U82/><E82/><V9/><F32/><W35/><G104/><T22/><D77/><U71/><E71/><V16/><F118/><W64/><G101/><T135/><D22/><U54/><E54/><V124/><F124/><W89/><G64/><T72/><D72/><U52/><E53/><V95/><F75/><W86/><G56/><T45/><D128/><U114/><E90/><V48/><F130/><W36/><G36/><T93/><D93/><U5/><E88/><V85/><F95/><W81/><G86/><T60/><D60/><U3/><E58/><V103/><F85/><W83/><G81/><T129/><D129/><U23/><E20/><V18/><F103/><W115/><G115/><T133/><D113/><U44/><E114/><V131/><F131/><W49/><G27/><T21/><D21/><U111/><E47/><V73/><F73/><W57/><G57/><T4/><D0/><U97/><E97/><V24/><F65/><W12/><G12/><T80/><D80/><U96/><E96/><V39/><F15/><W112/><G112/><T33/><D33/><U70/><E2/><V67/><F67/><W87/><G84/><T19/><D19/><U122/><E3/><V63/><F18/><RYUUKYOKU ba="0,0" sc="250,30,250,-10,250,-10,250,-10" hai0="4,6,38,41,45,98,102,106,133,135" /><INIT seed="0,1,0,4,4,127" ten="280,240,240,240" oya="0" hai0="11,14,87,132,52,23,31,17,130,69,67,106,65" hai1="53,33,13,63,4,5,37,93,60,123,131,110,101" hai2="73,41,100,20,117,98,115,62,40,58,70,81,82" hai3="96,21,121,89,78,107,61,92,44,109,116,10,1"/><T0/><D132/><U56/><E33/><V27/><F117/><W111/><G116/><T71/><D106/><U54/><E37/><V39/><F115/><W38/><G78/><T76/><D130/><U19/><E131/><V28/><F70/><W29/><G121/><T24/><D69/><U104/><E104/><V97/><F97/><W129/><G129/><T75/><D75/><U114/><E123/><V128/><F128/><W35/><G35/><T126/><D71/><U103/><E114/><V15/><F15/><W51/><G38/><T16/><D0/><U68/><E68/><V122/><F122/><W112/><G112/><T45/><D31/><U42/><E42/><N who="2" m="16491" /><F73/><W47/><G61/><T2/><D2/><U108/><E63/><V6/><F6/><W85/><G10/><T86/><D126/><U59/><E5/><V48/><F48/><W55/><G44/><T57/><D45/><U9/><E4/><V8/><F8/><W118/><G1/><T79/><D79/><U7/><E7/><V36/><F36/><W66/><G66/><N who="0" m="25099" /><D76/><U80/><E9/><V12/><F12/><W74/><G74/><T34/><D34/><U105/><E13/><V88/><F39/><W64/><G64/><T135/><D135/><U3/><E105/><N who="2" m="63639" /><F88/><W49/><G49/><AGARI ba="1,0" hai="11,14,16,17,23,24,49,52,57,86,87" m="25099" machi="49" ten="30,5800,0" yaku="8,1,54,2" doraHai="127" who="0" fromWho="3" sc="280,61,240,0,240,0,240,-61" /><INIT seed="0,2,0,5,2,5" ten="341,240,240,179" oya="0" hai0="74,2,73,130,43,89,40,80,101,67,134,82,28" hai1="113,62,37,36,19,81,127,56,42,23,1,21,50" hai2="90,85,39,70,15,129,97,27,118,77,126,47,83" hai3="29,34,96,60,109,57,63,102,11,65,119,26,111"/><T38/><D130/><U99/><E1/><V76/><F70/><W98/><G119/><T116/><D116/><U92/><E113/><V3/><F3/><W45/><G45/><T66/><D134/><U123/><E123/><V30/><F126/><W51/><G51/><T95/><D2/><U20/><E81/><V103/><F129/><W132/><G132/><T112/><D101/><U24/><E127/><V121/><F121/><W84/><G84/><T17/><D28/><U6/><E6/><V106/><F118/><W41/><G41/><T93/><D89/><N who="1" m="55695" /><E37/><V9/><F47/><W18/><G63/><T0/><D0/><U61/><E36/><V16/><REACH who="2" step="1"/><F39/><REACH who="2" ten="341,240,230,179" step="2"/><W7/><G18/><T4/><D38/><U49/><E19/><V79/><F79/><W120/><G120/><T46/><D17/><U131/><E131/><V10/><F10/><W22/><G34/><AGARI ba="2,1" hai="9,15,16,27,30,34,76,77,83,85,90,97,103,106" machi="34" ten="30,7700,0" yaku="1,1,7,1,52,1,54,1,53,0" doraHai="5" doraHaiUra="88" who="2" fromWho="3" sc="341,0,240,0,230,93,179,-83" /><INIT seed="1,0,0,2,4,135" ten="341,240,323,96" oya="1" hai0="122,73,116,21,120,102,46,42,86,121,11,67,30" hai1="89,128,87,31,22,96,0,4,131,16,118,101,1" hai2="83,54,19,107,99,97,32,129,110,119,44,15,95" hai3="76,115,126,64,130,48,10,45,17,81,66,106,58"/><U39/><E118/><V91/><F32/><W51/><G115/><T60/><D73/><U27/><E39/><V71/><F119/><W7/><G106/><T34/><D116/><U36/><E36/><V70/><F129/><N who="1" m="49737" /><E31/><V35/><F35/><W53/><G130/><T12/><D34/><U29/><E29/><V6/><F6/><W108/><G108/><T84/><D30/><U8/><E87/><V69/><F110/><W59/><G17/><N who="0" m="10407" /><D11/><U55/><E55/><V133/><F107/><W68/><G68/><N who="0" m="42087" /><D102/><U65/><E65/><V5/><F71/><W90/><G90/><T103/><D103/><U88/><E0/><V18/><F70/><W56/><G126/><T37/><AGARI ba="0,0" hai="37,42,46,84,86,120,121,122" m="42087,10407" machi="37" ten="30,1100,0" yaku="13,1" doraHai="135" who="0" fromWho="0" sc="341,11,240,-5,323,-3,96,-3" /><INIT seed="2,0,0,0,5,115" ten="352,235,320,93" oya="2" hai0="14,112,83,93,12,71,59,49,36,90,86,9,129" hai1="11,68,55,109,87,119,2,121,105,19,91,128,82" hai2="108,20,6,40,34,15,62,130,124,53,78,21,113" hai3="74,107,81,51,37,7,76,10,66,13,32,104,47"/><V24/><F40/><W69/><G32/><T72/><D71/><U28/><E91/><V101/><F113/><W26/><G26/><T1/><D36/><U38/><E87/><V58/><F124/><W16/><G37/><T27/><D112/><U98/><E82/><V80/><F130/><W50/><G69/><T3/><D129/><U75/><E11/><V117/><F34/><W116/><G116/><T41/><D27/><U29/><E19/><V48/><F101/><W67/><G7/><T52/><D41/><U106/><E28/><V60/><F117/><W110/><G110/><T100/><D12/><U22/><E29/><V54/><F108/><W114/><G114/><T84/><D72/><U42/><E55/><V95/><F95/><W120/><G120/><T111/><D111/><U126/><E22/><V118/><F118/><W133/><G133/><T63/><D63/><U102/><E98/><V79/><F62/><W96/><G50/><T8/><D8/><U94/><E102/><V135/><F135/><W123/><G123/><T44/><D59/><U18/><E94/><V33/><F33/><W25/><G25/><T39/><D39/><U85/><E38/><V30/><F80/><W131/><G131/><T43/><D43/><U127/><E42/><V70/><F70/><W97/><G97/><N who="0" m="59439" /><D86/><U99/><E68/><V31/><F6/><W65/><G96/><T77/><D77/><U88/><E126/><V89/><F89/><W103/><G103/><T125/><D125/><U23/><E127/><V46/><F31/><W134/><G134/><T45/><D45/><RYUUKYOKU ba="0,0" sc="352,10,235,-30,320,10,93,10" hai0="1,3,9,14,44,49,52,83,84,90" hai2="15,20,21,24,30,46,48,53,54,58,60,78,79" hai3="10,13,16,47,51,65,66,67,74,76,81,104,107" /><INIT seed="2,1,0,0,4,69" ten="362,205,330,103" oya="2" hai0="82,127,123,26,101,35,91,32,31,19,117,20,13" hai1="80,83,2,22,102,72,106,130,54,57,81,84,132" hai2="111,9,41,76,11,1,104,36,6,44,62,71,95" hai3="97,38,109,51,78,135,108,126,66,112,68,46,24"/><V28/><F95/><W34/><G78/><T90/><D117/><U85/><E2/><V114/><F11/><W45/><G97/><T10/><D10/><U27/><E72/><V55/><F114/><W65/><G24/><T110/><D123/><U134/><E106/><V99/><F55/><W125/><G34/><T16/><D101/><U87/><E102/><N who="2" m="62559" /><F28/><W59/><G112/><T119/><D82/><U79/><E130/><V124/><F76/><W121/><G121/><T15/><D91/><U29/><REACH who="1" step="1"/><E79/><REACH who="1" ten="362,195,330,103" step="2"/><V39/><F124/><N who="3" m="47723" /><G135/><T23/><D127/><U133/><E133/><V43/><F111/><N who="3" m="42571" /><G68/><T96/><D110/><U63/><AGARI ba="1,1" hai="22,27,29,54,57,63,80,81,83,84,85,87,132,134" machi="63" ten="40,2700,0" yaku="1,1,0,1,53,0" doraHai="69" doraHaiUra="92" who="1" fromWho="1" sc="362,-8,195,40,330,-14,103,-8" /><INIT seed="3,0,0,0,1,7" ten="354,235,316,95" oya="3" hai0="19,126,6,67,124,97,119,17,74,20,130,112,11" hai1="1,13,91,41,89,116,2,121,86,64,85,40,8" hai2="69,98,49,15,46,0,84,90,12,135,95,122,96" hai3="39,87,31,56,51,44,104,109,25,36,132,50,128"/><W110/><G104/><T48/><D74/><U114/><E121/><V133/><F69/><W32/><G132/><N who="2" m="50761" /><F0/><W75/><G75/><T115/><D119/><U3/><E116/><V21/><F122/><W63/><G128/><T29/><D67/><U99/><E114/><N who="0" m="43561" /><D48/><U9/><E64/><V24/><F15/><W47/><G87/><T4/><D97/><U120/><E99/><V73/><F12/><W82/><G82/><T72/><D72/><U105/><E105/><V35/><F35/><W61/><G32/><T107/><D107/><U129/><E129/><V60/><F60/><N who="3" m="23115" /><G31/><T55/><D55/><U117/><E117/><V94/><F94/><W27/><G27/><N who="0" m="16615" /><D130/><U57/><E120/><V58/><F73/><W42/><G25/><T70/><D6/><U77/><E1/><V22/><F98/><W92/><G92/><T62/><D62/><U37/><E37/><N who="3" m="14410" /><G56/><T131/><D70/><U65/><E3/><V111/><F58/><W45/><G42/><T38/><D38/><U106/><E106/><V30/><F96/><W134/><G134/><T80/><D80/><U10/><E2/><V78/><F78/><W123/><G123/><T76/><D76/><U5/><E77/><V113/><F113/><W16/><G16/><N who="0" m="6219" /><D131/><U100/><E86/><V83/><F83/><W102/><G102/><T71/><D71/><U53/><E100/><V34/><F95/><W118/><G118/><T33/><D33/><U88/><E85/><V79/><F34/><W52/><G52/><T93/><D93/><U108/><E53/><V18/><F79/><W125/><G125/><RYUUKYOKU ba="0,0" sc="354,15,235,-15,316,-15,95,15" hai0="4,11,124,126" hai3="44,45,47,50,51,109,110" /><INIT seed="3,1,0,0,3,127" ten="369,220,301,110" oya="3" hai0="130,51,41,24,120,22,134,56,96,74,21,23,76" hai1="99,91,98,7,133,125,43,26,103,3,31,10,75" hai2="52,67,122,111,131,128,78,11,72,34,114,64,85" hai3="108,116,80,17,29,49,53,71,69,38,4,19,30"/><W16/><G116/><T117/><D130/><N who="2" m="49706" /><F114/><W112/><G38/><T46/><D117/><U101/><E75/><V37/><F37/><W54/><G112/><T66/><D120/><U62/><E43/><V93/><F122/><W2/><G108/><T82/><D134/><U6/><E133/><V12/><F11/><W86/><G4/><T107/><D66/><U55/><E125/><V129/><F111/><W40/><G2/><T70/><D70/><U124/><E124/><V18/><F34/><W115/><G115/><T36/><D56/><U44/><E91/><N who="2" m="53487" /><F78/><W33/><G33/><T27/><D36/><U73/><E73/><V35/><F72/><W94/><G94/><T58/><D58/><U88/><E88/><V119/><F35/><W63/><G63/><T105/><D105/><U25/><E62/><V39/><F39/><W9/><G9/><T110/><D110/><U68/><E68/><V79/><F79/><W28/><G69/><T89/><D107/><U42/><E10/><N who="2" m="6423" /><F119/><W0/><G0/><T118/><D118/><U32/><E3/><V8/><N who="2" m="49714" /><V97/><DORA hai="60" /><F8/><W87/><G71/><T106/><D106/><U104/><E7/><V20/><F20/><W65/><G65/><N who="2" m="25161" /><F97/><W100/><G100/><T47/><D47/><U109/><E99/><V95/><F95/><W77/><G87/><T50/><D96/><U135/><E98/><V13/><F13/><W45/><AGARI ba="1,0" hai="16,17,19,28,29,30,40,45,49,53,54,77,80,86" machi="45" ten="40,7800,0" yaku="0,1,8,1,54,1" doraHai="127,60" who="3" fromWho="3" sc="369,-27,220,-27,301,-27,110,81" /><INIT seed="3,2,0,5,1,129" ten="342,193,274,191" oya="3" hai0="73,54,109,79,56,90,25,4,108,87,28,74,14" hai1="78,44,107,2,128,77,60,82,71,19,120,57,125" hai2="116,40,65,88,95,11,103,64,135,93,52,38,133" hai3="22,31,10,132,89,98,8,5,21,68,80,67,48"/><W101/><G68/><T124/><D4/><U99/><E71/><V46/><F116/><W102/><G67/><T113/><D14/><U51/><E2/><V92/><F103/><W26/><G132/><N who="2" m="50761" /><F11/><W131/><G131/><T130/><D130/><U66/><E51/><V106/><F106/><W16/><G48/><N who="0" m="30791" /><D79/><U41/><E44/><V76/><F76/><W12/><G80/><N who="0" m="49511" /><D124/><U20/><E19/><V118/><F118/><W32/><G89/><T110/><D113/><U39/><E41/><V100/><F100/><W121/><G121/><T50/><D50/><U49/><E82/><V15/><F15/><W33/><G102/><T47/><D47/><U7/><E49/><N who="2" m="28727" /><F38/><W34/><REACH who="3" step="1"/><G5/><REACH who="3" ten="342,193,274,181" step="2"/><T17/><D17/><U70/><E7/><V91/><F40/><W3/><G3/><T126/><D126/><U58/><E125/><V86/><F91/><W75/><G75/><T53/><D53/><U42/><E128/><V119/><F119/><W30/><G30/><T117/><D117/><U115/><E115/><V9/><F9/><W1/><G1/><T59/><D59/><U37/><E58/><V61/><F65/><W69/><G69/><AGARI ba="2,1" hai="61,64,69,86,88,92,93,95" m="28727,50761" machi="69" ten="30,12000,2" yaku="20,1,52,3,54,2" doraHai="129" who="2" fromWho="3" sc="342,0,193,0,274,136,181,-126" /><INIT seed="4,0,0,4,4,80" ten="342,193,410,55" oya="0" hai0="20,122,133,2,31,0,134,93,49,32,118,17,1" hai1="58,45,41,52,135,99,6,91,129,70,63,72,116" hai2="10,68,81,123,82,74,108,101,121,40,25,8,33" hai3="38,61,3,90,110,77,78,73,43,75,9,79,86"/><T7/><D49/><U11/><E116/><V46/><F68/><W120/><G110/><T119/><D93/><U88/><E72/><V4/><F108/><W28/><G28/><T102/><D102/><U104/><E135/><N who="0" m="51721" /><D122/><U57/><E129/><V94/><F10/><W30/><G120/><T42/><D42/><U60/><E70/><V98/><F82/><W114/><G114/><T97/><D97/><U51/><E99/><V132/><F132/><W15/><G15/><N who="0" m="9279" /><D7/><U48/><E104/><V113/><F113/><W127/><G127/><T128/><D128/><U54/><E51/><V65/><F65/><W66/><G66/><T18/><D18/><U89/><E91/><V112/><F112/><W37/><G37/><T71/><D71/><U92/><E92/><V22/><F123/><W124/><G124/><T125/><D125/><U47/><E45/><V34/><F121/><W109/><G109/><T59/><D59/><U87/><E87/><V111/><F111/><W115/><G115/><T84/><D84/><U56/><E58/><V95/><F95/><W117/><G117/><N who="0" m="44555" /><D31/><U19/><E19/><V103/><F101/><W50/><G50/><T53/><D53/><U69/><E69/><V76/><F46/><W67/><G67/><T39/><D39/><U36/><E36/><V26/><F40/><W131/><G131/><T21/><D21/><U35/><E6/><V85/><F22/><W130/><G130/><T100/><D100/><U105/><E41/><V13/><F74/><W64/><G64/><T27/><D27/><U16/><E47/><V107/><F107/><RYUUKYOKU ba="0,0" sc="342,15,193,-15,410,15,55,-15" hai0="0,1,2,32" hai2="4,8,13,25,26,33,34,76,81,85,94,98,103" /><INIT seed="4,1,0,4,2,101" ten="357,178,425,40" oya="0" hai0="63,112,54,88,22,37,85,52,102,0,47,73,111" hai1="35,117,45,84,48,59,71,69,65,58,17,130,2" hai2="1,12,77,134,34,129,132,126,119,93,56,114,25" hai3="123,70,44,83,96,118,39,131,66,5,94,105,124"/><T122/><D73/><U36/><E35/><V78/><F1/><W133/><G133/><N who="2" m="51305" /><F119/><W81/><G81/><N who="0" m="49199" /><D0/><U92/><E84/><V89/><F114/><W11/><G11/><T33/><D122/><U40/><E17/><V26/><F126/><W115/><G115/><T15/><D33/><U28/><E92/><V100/><F100/><W109/><G109/><T10/><D112/><U6/><E28/><N who="2" m="19727" /><F129/><W75/><G75/><T29/><D111/><U42/><E6/><V125/><F125/><W128/><G128/><T49/><D37/><U90/><E90/><V80/><F80/><W74/><G74/><T107/><D107/><U79/><E79/><V97/><F56/><W67/><G67/><T13/><D102/><U116/><E2/><V57/><F57/><W31/><G31/><T99/><D99/><U8/><E130/><V3/><F3/><W106/><G106/><T120/><D120/><U27/><E117/><V127/><F127/><W24/><G24/><N who="0" m="16535" /><D10/><U53/><E8/><V14/><F26/><W60/><G60/><T121/><D121/><U86/><E27/><V23/><F23/><W76/><G76/><AGARI ba="1,0" hai="12,14,76,77,78,89,93,97" m="19727,51305" machi="76" ten="30,1000,0" yaku="20,1" doraHai="101" who="2" fromWho="3" sc="357,0,178,0,425,13,40,-13" /><INIT seed="5,0,0,4,3,6" ten="357,178,438,27" oya="1" hai0="20,103,16,91,15,112,110,51,42,11,113,43,72" hai1="4,89,101,75,29,52,79,94,82,128,108,129,45" hai2="2,22,41,56,40,90,87,61,39,55,109,54,116" hai3="5,83,118,81,122,111,86,63,125,134,104,99,98"/><U18/><E108/><V12/><F2/><W68/><G68/><T32/><D110/><U77/><E101/><V107/><F107/><W9/><G9/><T26/><D72/><U95/><E79/><V59/><F116/><W84/><G84/><T50/><D32/><U8/><E29/><V25/><F39/><W58/><G58/><T23/><D103/><U48/><E18/><N who="2" m="10567" /><F25/><W30/><G30/><N who="0" m="17735" /><D91/><U10/><E4/><V102/><F102/><W24/><G24/><N who="0" m="14439" /><D112/><U132/><E132/><V80/><F109/><W70/><G70/><T106/><D106/><U49/><E49/><AGARI ba="0,0" hai="40,41,49,54,55,56,59,61,80,87,90" m="10567" machi="49" ten="30,1000,0" yaku="8,1" doraHai="6" who="2" fromWho="1" sc="357,0,178,-10,438,10,27,0" /><INIT seed="6,0,0,1,0,91" ten="357,168,448,27" oya="2" hai0="37,1,77,108,110,126,40,71,132,43,96,133,122" hai1="97,72,111,16,129,84,34,48,112,49,12,57,17" hai2="6,65,54,125,107,10,4,98,42,39,127,109,22" hai3="5,18,106,120,102,70,135,87,63,134,38,47,121"/><V32/><F32/><W46/><G46/><T55/><D77/><U31/><E111/><N who="0" m="42537" /><D96/><U67/><E112/><V0/><F109/><W75/><G75/><T130/><D1/><U101/><E129/><V8/><F65/><W85/><G85/><T104/><D104/><U113/><E113/><V51/><F42/><N who="0" m="15914" /><D71/><U116/><E72/><V94/><F39/><W61/><G61/><T86/><D86/><U123/><E84/><V79/><F22/><W103/><G103/><T66/><D66/><U28/><E101/><V53/><F107/><W95/><G95/><T30/><D30/><U131/><E97/><V52/><F79/><W14/><G14/><T3/><D3/><U29/><E12/><V11/><F51/><W78/><G78/><T44/><D122/><U74/><E123/><V93/><F98/><W45/><G45/><T50/><D130/><U64/><E131/><V118/><F118/><W24/><G24/><T119/><D119/><U88/><E116/><V20/><F20/><W68/><G68/><T59/><D126/><N who="2" m="48138" /><F8/><W9/><G9/><T60/><D37/><U82/><E34/><V19/><F19/><W92/><G92/><T124/><D124/><U128/><E128/><V58/><F6/><W2/><G2/><T26/><D26/><U7/><E7/><V117/><F11/><W36/><G36/><T41/><AGARI ba="0,0" hai="41,44,50,55,59,60,132,133" m="15914,42537" machi="41" ten="30,2000,0" yaku="34,2" doraHai="91" who="0" fromWho="0" sc="357,20,168,-5,448,-10,27,-5" /><INIT seed="7,0,0,3,5,33" ten="377,163,438,22" oya="3" hai0="116,46,31,61,135,110,2,29,5,124,16,44,52" hai1="112,98,1,107,54,3,7,106,60,99,35,120,66" hai2="77,82,25,40,49,105,104,20,62,86,103,133,27" hai3="69,122,0,87,119,134,83,18,19,72,115,24,126"/><W84/><G84/><T114/><D114/><U28/><E112/><V36/><F36/><W93/><G93/><T71/><D110/><U81/><E54/><V79/><F79/><W4/><G4/><T22/><D116/><U45/><E7/><V15/><F105/><W65/><G65/><T121/><D121/><U26/><E120/><V48/><F104/><W111/><G111/><T109/><D109/><U130/><E45/><N who="2" m="25639" /><F133/><W132/><G132/><T8/><D124/><U85/><E130/><V39/><F39/><W6/><G6/><T47/><D135/><U78/><E107/><V118/><F118/><W32/><G32/><T13/><REACH who="0" step="1"/><D71/><REACH who="0" ten="367,163,438,22" step="2"/><N who="1" m="42439" /><E99/><V76/><F103/><AGARI ba="0,1" hai="1,3,26,28,35,78,81,85,98,103,106" m="42439" machi="103" ten="30,3900,0" yaku="25,1,52,2" doraHai="33" who="1" fromWho="2" sc="367,0,163,49,438,-39,22,0" owari="367,17.0,212,-19.0,399,50.0,22,-48.0" /></mjloggm>