<mjloggm ver="2.3"><GO type="41" lobby="0"/><UN n0="%E6%A2%B5%E3%82%BA" n1="%E5%B0%B1%E6%B4%BB%E7%94%9F%40%E5%B7%9D%E6%9D%91%E8%BB%8D%E5%9B%A3" n2="%E5%86%A5%E7%95%8C%E3%81%AE%E9%AD%94%E7%8E%8B" n3="%39%30%30%30%30%6B" dan="14,15,14,13" rate="1921.51,1987.89,1983.64,1858.85" sx="M,M,M,M"/><TAIKYOKU oya="0"/><INIT seed="0,0,0,0,1,15" ten="250,250,250,250" oya="0" hai0="118,24,33,9,103,121,89,114,18,55,17,8,71" hai1="126,127,3,72,105,129,107,13,40,83,5,10,124" hai2="95,26,29,0,80,115,49,1,6,93,61,101,90" hai3="74,11,70,123,98,102,16,7,116,135,36,69,31"/><T110/><D121/><U27/><E129/><V53/><F115/><W112/><G74/><T109/><D114/><U68/><E13/><V132/><F61/><W43/><G116/><T67/><D118/><U66/><E27/><V117/><F117/><W75/><G75/><T133/><D133/><U56/><E56/><V120/><F120/><W108/><G31/><N who="0" m="19687" /><D89/><U85/><E85/><V50/><F132/><W134/><G112/><T91/><D91/><U87/><E87/><V78/><F101/><W37/><G123/><T60/><D55/><U54/><E54/><V106/><F106/><W12/><G108/><N who="0" m="41579" /><D103/><U20/><E20/><V104/><F6/><W77/><G135/><T38/><D38/><U79/><E40/><V48/><F104/><W25/><G37/><T122/><D122/><U97/><E97/><V19/><F53/><W35/><G36/><T23/><D23/><U88/><E88/><V42/><F42/><W4/><G43/><T82/><D82/><U63/><AGARI ba="0,0" hai="3,5,10,63,66,68,72,79,83,105,107,124,126,127" machi="63" ten="40,8000,1" yaku="0,1,18,1,23,2" doraHai="15" who="1" fromWho="1" sc="250,-40,250,80,250,-20,250,-20" /><INIT seed="1,0,0,5,1,76" ten="210,330,230,230" oya="1" hai0="47,132,32,59,6,65,13,19,46,10,39,78,34" hai1="95,54,29,91,53,52,93,23,69,84,9,56,124" hai2="51,101,115,71,48,109,72,26,107,22,67,28,64" hai3="43,11,119,90,122,89,120,12,18,116,105,55,27"/><U75/><E69/><V131/><F131/><W126/><G105/><T77/><D132/><U128/><E75/><V16/><F72/><W111/><G43/><T113/><D113/><U58/><E128/><V15/><F115/><W74/><G74/><T20/><D39/><U86/><E124/><V98/><F109/><W25/><G126/><T1/><D34/><U125/><E125/><V80/><F80/><W130/><G130/><T106/><D106/><U40/><E40/><V21/><F67/><W0/><G55/><T4/><D32/><U102/><E9/><V49/><REACH who="2" step="1"/><F64/><REACH who="2" ten="210,330,220,230" step="2"/><W100/><G111/><T94/><D77/><U133/><E133/><V85/><F85/><W14/><G120/><T57/><D78/><U2/><E86/><V70/><AGARI ba="0,1" hai="15,16,21,22,26,28,48,49,51,70,71,98,101,107" machi="70" ten="30,4000,0" yaku="1,1,0,1,54,1,53,0" doraHai="76" doraHaiUra="79" who="2" fromWho="2" sc="210,-10,330,-20,220,50,230,-10" /><INIT seed="2,0,0,3,1,30" ten="200,310,270,220" oya="2" hai0="106,132,112,73,68,126,79,43,7,61,47,66,31" hai1="65,8,74,85,40,77,9,64,14,2,82,20,95" hai2="4,92,0,42,78,134,109,55,11,3,17,44,69" hai3="46,103,110,24,45,32,99,72,34,105,113,26,48"/><V67/><F134/><W29/><G110/><T94/><D112/><U71/><E40/><V81/><F55/><W41/><G46/><T107/><D132/><U21/><E2/><V25/><F3/><W51/><G113/><T122/><D94/><U86/><E71/><V39/><F109/><W6/><G6/><T59/><D59/><U114/><E114/><V37/><F37/><W70/><G70/><T129/><D122/><U120/><E120/><V100/><F92/><W63/><G63/><T56/><D56/><U117/><E117/><V13/><F25/><W104/><G72/><T90/><D90/><U35/><E95/><V80/><F80/><W102/><G48/><T135/><D135/><U127/><E14/><V27/><F27/><W76/><G76/><T33/><D7/><U96/><E96/><V128/><F100/><W23/><G26/><N who="0" m="18679" /><D129/><U101/><E101/><V38/><F38/><W123/><G123/><T83/><D126/><U98/><E98/><AGARI ba="0,0" hai="23,24,29,32,34,41,45,51,98,99,102,103,104,105" machi="98" ten="40,5200,0" yaku="9,1,52,2" doraHai="30" who="3" fromWho="1" sc="200,0,310,-52,270,0,220,52" /><INIT seed="3,0,0,5,1,119" ten="200,258,270,272" oya="3" hai0="1,16,130,60,56,135,125,101,124,12,110,111,32" hai1="62,55,70,89,0,17,24,15,19,54,112,121,10" hai2="117,114,103,53,73,63,131,108,36,29,105,38,22" hai3="98,23,99,14,13,106,97,65,113,115,118,47,84"/><W27/><G118/><T6/><D101/><U26/><E112/><V74/><F117/><W4/><G106/><T95/><D95/><U127/><E0/><V39/><F114/><W46/><G113/><T35/><D130/><U69/><E127/><N who="0" m="48713" /><D135/><U79/><E79/><V28/><F131/><W68/><G68/><T72/><D72/><U52/><E121/><V45/><F108/><N who="0" m="41514" /><D6/><U134/><E134/><V109/><F109/><W34/><G115/><T30/><D30/><U48/><E48/><V122/><F122/><W25/><G34/><T81/><D81/><U41/><E41/><V80/><F29/><N who="3" m="17599" /><G4/><T42/><D42/><U11/><E89/><V75/><F80/><W67/><G27/><T102/><D102/><U91/><E91/><V92/><F92/><W90/><G13/><T96/><D96/><U83/><E83/><V120/><F120/><W43/><G14/><T133/><D1/><U71/><E62/><V33/><F22/><W132/><G132/><T59/><D59/><U50/><E50/><V40/><F28/><W9/><G9/><N who="0" m="6159" /><D133/><U58/><E58/><V78/><F33/><W3/><G3/><T88/><D88/><U21/><E11/><V31/><F31/><W8/><G8/><T128/><D128/><U100/><E24/><V77/><F103/><W104/><G104/><T66/><AGARI ba="0,0" hai="32,35,56,60,66" m="6159,41514,48713" machi="66" ten="30,4000,0" yaku="18,1,14,1,54,1" doraHai="119" who="0" fromWho="0" sc="200,40,258,-10,270,-10,272,-20" /><INIT seed="4,0,0,0,3,11" ten="240,248,260,252" oya="0" hai0="54,23,132,67,19,30,90,3,125,122,96,57,2" hai1="58,70,27,48,113,118,65,106,9,4,14,44,53" hai2="116,45,89,123,99,95,80,32,114,130,74,71,107" hai3="110,105,33,101,55,8,108,56,77,124,7,59,109"/><T73/><D122/><U63/><E118/><V37/><RYUUKYOKU type="yao9" ba="0,0" sc="240,0,248,0,260,0,252,0" hai2="32,37,45,71,74,80,89,95,99,107,114,116,123,130" /><INIT seed="4,1,0,0,2,35" ten="240,248,260,252" oya="0" hai0="58,89,92,65,9,91,52,29,131,45,122,39,61" hai1="38,105,22,117,100,23,24,42,81,64,5,76,123" hai2="83,87,71,98,75,15,93,113,51,80,106,7,56" hai3="48,124,6,44,99,3,14,118,32,60,49,17,130"/><T101/><D122/><U125/><E117/><V78/><F71/><W66/><G118/><T27/><D131/><U13/><E123/><V116/><F116/><W88/><G32/><T68/><D9/><U96/><E125/><V10/><F113/><W104/><G124/><T82/><D82/><U110/><E110/><V31/><F31/><W77/><G77/><T73/><D73/><U0/><E64/><V57/><F51/><W107/><G130/><T109/><D109/><U30/><E42/><V119/><F119/><W94/><G6/><T63/><D101/><U2/><E38/><V69/><F69/><W134/><G134/><T34/><REACH who="0" step="1"/><D92/><REACH who="0" ten="230,248,260,252" step="2"/><U95/><E95/><V132/><F132/><W126/><G126/><T111/><D111/><U127/><E127/><V62/><F106/><W129/><G129/><T135/><D135/><U41/><E81/><V40/><F75/><W1/><G104/><T55/><D55/><U70/><E105/><V8/><F83/><W67/><G107/><T50/><D50/><U79/><E100/><V37/><F37/><W128/><G128/><T133/><D133/><U19/><E41/><AGARI ba="1,1" hai="27,29,34,39,41,45,52,58,61,63,65,68,89,91" machi="41" ten="40,3900,0" yaku="1,1,54,1,53,0" doraHai="35" doraHaiUra="114" who="0" fromWho="1" sc="230,52,248,-42,260,0,252,0" /><INIT seed="4,2,0,1,0,131" ten="282,206,260,252" oya="0" hai0="134,8,54,18,46,9,38,74,79,6,23,114,45" hai1="109,29,135,101,117,67,28,50,65,80,119,13,62" hai2="98,2,122,69,26,66,121,41,113,59,5,129,91" hai3="99,20,85,94,93,84,75,127,64,24,88,61,83"/><T68/><D68/><U116/><E109/><V4/><F69/><W42/><G127/><T57/><D38/><U81/><E101/><V3/><F41/><W14/><G75/><T112/><D79/><U111/><E111/><V49/><F129/><W15/><G42/><T55/><D74/><U11/><E50/><V63/><F113/><N who="0" m="43626" /><D134/><U118/><E135/><V130/><F130/><W17/><G93/><T44/><D57/><U76/><N who="1" m="29696" /><DORA hai="52" /><U125/><E125/><V0/><F26/><W106/><G106/><T27/><D8/><U43/><E43/><V56/><F98/><W19/><G84/><T95/><D95/><U110/><E110/><V77/><F77/><W126/><G19/><T105/><D105/><U36/><E36/><V87/><F5/><W35/><G35/><T72/><D72/><U107/><E107/><V120/><F4/><W123/><G126/><T70/><D70/><U89/><E89/><V34/><F34/><W86/><G86/><T133/><D133/><U12/><E76/><V58/><REACH who="2" step="1"/><F49/><REACH who="2" ten="282,206,250,252" step="2"/><W73/><G73/><T104/><D104/><U48/><E48/><V40/><F40/><W124/><G124/><T7/><D6/><U30/><E12/><AGARI ba="2,1" hai="7,9,12,18,23,27,44,45,46,54,55" m="43626" machi="12" ten="30,1500,0" yaku="15,1" doraHai="131,52" who="0" fromWho="1" sc="282,31,206,-21,250,0,252,0" /><INIT seed="4,3,0,0,5,4" ten="313,185,250,252" oya="0" hai0="65,74,124,75,25,37,82,134,71,132,34,127,73" hai1="105,133,10,121,135,116,54,123,26,8,14,106,87" hai2="12,130,92,86,62,131,80,93,108,67,22,89,114" hai3="11,1,5,97,101,83,103,113,126,99,102,13,122"/><T66/><D82/><U27/><E54/><V104/><F104/><N who="1" m="40041" /><E14/><V15/><F108/><W60/><G113/><T46/><D25/><N who="1" m="9227" /><E87/><V16/><F114/><W90/><G126/><N who="0" m="48171" /><D34/><U91/><E91/><V59/><REACH who="2" step="1"/><F15/><REACH who="2" ten="313,185,240,252" step="2"/><W120/><G1/><T30/><D132/><N who="1" m="50763" /><E116/><V35/><F35/><W84/><REACH who="3" step="1"/><G60/><REACH who="3" ten="313,185,240,242" step="2"/><T79/><D134/><U112/><E112/><V20/><F20/><W7/><G7/><T51/><D30/><U63/><E63/><V118/><F118/><W64/><G64/><T115/><D66/><U32/><E32/><V125/><F125/><W61/><G61/><T78/><D65/><U56/><E56/><V57/><F57/><W52/><G52/><T76/><D115/><U88/><E88/><V81/><F81/><W109/><G109/><T36/><D71/><U70/><E70/><V69/><F69/><W9/><G9/><AGARI ba="3,2" hai="8,9,10,121,123" m="50763,9227,40041" machi="9" ten="40,12000,2" yaku="28,2,20,1,52,3" doraHai="4" who="1" fromWho="3" sc="313,0,185,149,240,0,242,-129" /><INIT seed="5,0,0,5,5,70" ten="313,334,240,113" oya="1" hai0="126,5,50,32,134,107,39,52,26,34,15,3,45" hai1="59,130,4,63,114,90,28,102,76,12,38,29,41" hai2="119,56,10,27,25,87,20,75,103,129,108,80,13" hai3="92,30,115,89,16,95,61,72,22,88,7,49,58"/><U83/><E130/><V40/><F119/><W106/><G72/><T93/><D107/><U9/><E114/><V66/><F75/><W42/><G106/><T120/><D3/><U133/><E102/><V57/><F108/><W112/><G7/><T82/><D93/><N who="3" m="35913" /><G30/><T23/><D15/><U121/><E121/><V100/><F129/><W105/><G105/><T69/><D5/><U47/><E90/><N who="3" m="34922" /><G42/><T18/><D69/><U62/><E133/><V78/><F40/><W71/><G71/><T110/><D134/><U35/><E63/><V17/><F27/><N who="3" m="14791" /><G49/><T21/><D39/><U55/><REACH who="1" step="1"/><E35/><REACH who="1" ten="313,324,240,113" step="2"/><V54/><F103/><W43/><G61/><T113/><D120/><U97/><E97/><V117/><F100/><W67/><G67/><T86/><D113/><U65/><E65/><V123/><F117/><W44/><G112/><T122/><D122/><U11/><E11/><V51/><F123/><W37/><G115/><T0/><D34/><U33/><E33/><V98/><F98/><W74/><G74/><AGARI ba="0,1" hai="4,9,12,28,29,38,41,47,55,59,62,74,76,83" machi="74" ten="30,11600,0" yaku="1,1,7,1,52,1,53,1" doraHai="70" doraHaiUra="48" who="1" fromWho="3" sc="313,0,324,126,240,0,113,-116" owari="313,11.0,450,55.0,240,-16.0,-3,-50.0" /></mjloggm>