<mjloggm ver="2.3"><GO type="41" lobby="0"/><UN n0="%52%68%79%6D%65%54%76%54" n1="%E5%B0%B1%E6%B4%BB%E7%94%9F%40%E5%B7%9D%E6%9D%91%E8%BB%8D%E5%9B%A3" n2="%6B%2E%69%6B%69" n3="%E5%8D%88%E5%BE%8C%E3%81%AE%E7%94%9F%E8%8C%B6" dan="14,15,14,13" rate="1888.57,2006.56,1888.13,1984.32" sx="F,M,M,M"/><TAIKYOKU oya="0"/><INIT seed="0,0,0,3,0,132" ten="250,250,250,250" oya="0" hai0="22,17,23,57,55,102,80,104,94,131,31,69,90" hai1="64,8,98,18,89,30,63,44,79,21,47,110,95" hai2="0,53,62,103,71,134,88,35,11,108,99,127,3" hai3="118,42,65,86,77,129,125,114,6,14,41,101,54"/><T107/><D69/><U121/><E121/><V124/><F134/><W112/><G118/><T117/><D117/><U87/><E110/><V116/><F108/><W85/><G101/><T34/><D131/><U83/><E30/><V32/><F11/><W13/><G65/><T66/><D66/><U43/><E8/><V46/><F116/><W122/><G54/><T75/><D34/><N who="2" m="12842" /><F46/><W45/><G45/><T40/><D40/><U60/><E47/><V12/><F12/><W96/><G96/><T130/><D130/><U26/><REACH who="1" step="1"/><E64/><REACH who="1" ten="250,240,250,250" step="2"/><N who="2" m="41367" /><F53/><W68/><G129/><T1/><D31/><U28/><E28/><V106/><F88/><W128/><G128/><T70/><D90/><U73/><E73/><V81/><F81/><W5/><G122/><T126/><D75/><U15/><E15/><V9/><F9/><W91/><G91/><T49/><D80/><U10/><E10/><V97/><F97/><W29/><G29/><T92/><D55/><U39/><AGARI ba="0,1" hai="18,21,26,39,43,44,60,63,79,83,87,89,95,98" machi="39" ten="20,2700,0" yaku="1,1,0,1,7,1,53,0" doraHai="132" doraHaiUra="61" who="1" fromWho="1" sc="250,-13,240,37,250,-7,250,-7" /><INIT seed="1,0,0,2,4,107" ten="237,277,243,243" oya="1" hai0="44,50,63,38,58,2,17,29,51,122,40,119,100" hai1="90,66,102,15,123,70,67,74,61,126,47,121,94" hai2="37,46,93,16,82,60,18,118,84,11,9,14,81" hai3="71,48,21,26,73,10,68,25,6,88,101,27,8"/><U128/><E74/><V106/><F118/><W109/><G109/><T115/><D119/><U135/><E67/><V34/><F34/><W53/><G101/><T83/><D115/><U1/><E1/><V49/><F37/><W96/><G10/><N who="2" m="3593" /><F106/><W85/><G73/><T12/><D2/><U19/><E126/><V4/><F60/><W23/><G96/><T116/><D116/><U75/><E75/><V130/><F4/><W114/><G114/><T133/><D133/><U52/><E128/><V134/><F134/><W99/><G99/><T76/><D122/><U13/><E102/><V131/><F93/><W77/><G77/><T69/><D29/><U33/><E33/><V113/><F113/><W28/><G26/><T129/><D69/><U92/><E135/><V22/><F18/><W108/><G108/><T80/><D100/><U7/><E7/><V32/><F84/><W62/><G62/><T41/><D129/><N who="2" m="49162" /><F32/><W64/><G64/><T117/><D117/><U98/><E94/><V3/><F3/><W112/><G112/><T127/><D127/><U110/><E110/><V79/><F79/><W45/><G8/><T103/><D103/><U97/><E97/><V55/><AGARI ba="0,0" hai="14,16,22,46,49,55,81,82" m="49162,3593" machi="55" ten="30,2000,0" yaku="19,1,54,1" doraHai="107" who="2" fromWho="2" sc="237,-5,277,-10,243,20,243,-5" /><INIT seed="2,0,0,3,1,1" ten="232,267,263,238" oya="2" hai0="124,28,118,45,110,96,119,39,94,103,70,133,122" hai1="100,65,22,52,73,23,3,67,132,99,36,27,53" hai2="81,31,20,66,26,25,116,18,121,57,37,131,126" hai3="106,114,12,33,63,58,61,6,0,2,77,102,34"/><V50/><F37/><W56/><G77/><T38/><D28/><U127/><E36/><V15/><F121/><W75/><G75/><T93/><D122/><U10/><E73/><V21/><F116/><W59/><G102/><T112/><D112/><U84/><E127/><V98/><F131/><W111/><G106/><T13/><D70/><U88/><E132/><V43/><F126/><W14/><G111/><T64/><D64/><N who="1" m="24651" /><E3/><V11/><F98/><W9/><G114/><T130/><D130/><U68/><E68/><V95/><F95/><W54/><G59/><T72/><D72/><U78/><E10/><V7/><F81/><W46/><G46/><T90/><D124/><U104/><E104/><V86/><F86/><W91/><G91/><T125/><D125/><U113/><E113/><V109/><F109/><W123/><G123/><T49/><D110/><U62/><E62/><N who="2" m="38223" /><F50/><W128/><G128/><T74/><D74/><U24/><E78/><V129/><F129/><W60/><G60/><T69/><D118/><U51/><E99/><V16/><F43/><W40/><G40/><T134/><D119/><U44/><E100/><V55/><F55/><W107/><G107/><T97/><D69/><U5/><E53/><V85/><F85/><W29/><G2/><T82/><D133/><U19/><E52/><V115/><F115/><W71/><G54/><T35/><D134/><U92/><E51/><V108/><F108/><W17/><G71/><T135/><D135/><U30/><E44/><V48/><F48/><W101/><G0/><T105/><D45/><U79/><E79/><RYUUKYOKU ba="0,0" sc="232,-15,267,15,263,15,238,-15" hai1="5,19,22,23,24,27,30,84,88,92" hai2="7,11,15,16,18,20,21,25,26,31" /><INIT seed="2,1,0,4,1,76" ten="217,282,278,223" oya="2" hai0="114,98,55,94,5,23,56,20,118,52,64,73,40" hai1="54,134,106,11,107,29,63,71,83,74,15,44,67" hai2="115,81,108,25,111,102,85,13,24,66,131,100,6" hai3="49,22,53,35,59,51,26,77,80,61,70,75,30"/><V50/><F115/><W34/><REACH who="3" step="1"/><G70/><REACH who="3" ten="217,282,278,213" step="2"/><T1/><D114/><U46/><E134/><V42/><F131/><W91/><G91/><T124/><D118/><U104/><E29/><V90/><F66/><W16/><G16/><T37/><D64/><U62/><E62/><V2/><F90/><W89/><G89/><T78/><D78/><U17/><E63/><V127/><F102/><W122/><G122/><T36/><D5/><U132/><E67/><V82/><F6/><W128/><G128/><T28/><D28/><U109/><E71/><V12/><F100/><W32/><AGARI ba="1,1" hai="22,26,30,32,34,35,49,51,53,59,61,75,77,80" machi="32" ten="30,8000,1" yaku="21,2,0,1,52,1,53,1" doraHai="76" doraHaiUra="57" who="3" fromWho="3" sc="217,-21,282,-21,278,-41,213,93" /><INIT seed="3,0,0,4,5,109" ten="196,261,237,306" oya="3" hai0="42,35,115,28,102,106,40,59,99,87,36,2,84" hai1="15,93,5,20,130,6,78,24,43,114,23,19,70" hai2="13,7,134,125,44,100,63,135,34,127,107,47,131" hai3="77,39,41,16,25,67,112,95,57,92,38,51,58"/><W14/><G112/><T55/><D2/><U45/><E70/><V103/><F34/><W120/><G120/><T11/><D11/><U132/><E132/><N who="2" m="50731" /><F107/><W96/><G77/><T26/><D115/><U62/><E130/><V121/><F63/><W122/><G122/><T32/><D32/><U97/><E114/><V75/><F75/><W110/><G110/><T128/><D128/><U94/><E78/><V69/><F69/><W116/><G116/><T18/><D18/><U98/><E62/><V4/><F121/><W33/><G95/><T111/><D111/><U79/><E79/><V48/><F13/><W60/><G25/><T31/><D28/><N who="1" m="17415" /><E45/><N who="2" m="17483" /><F48/><W50/><G33/><T82/><D36/><U133/><E43/><V126/><F131/><W1/><G1/><T108/><D108/><U117/><E117/><V53/><F53/><W66/><G50/><T54/><D55/><U29/><E29/><V104/><F104/><W81/><G41/><T21/><D35/><U83/><E83/><V80/><F80/><W74/><G51/><T123/><D123/><U118/><E118/><V89/><F89/><W73/><G81/><T124/><D42/><U10/><E133/><V113/><F113/><W49/><G74/><T71/><D40/><U68/><E68/><V105/><F105/><W17/><G73/><T72/><D71/><U61/><E61/><V0/><F0/><W27/><G39/><T22/><D72/><U3/><E6/><AGARI ba="0,0" hai="4,6,7,100,103,125,126,127" m="17483,50731" machi="6" ten="40,8000,1" yaku="28,2,18,1,20,1" doraHai="109" who="2" fromWho="1" sc="196,0,261,-80,237,80,306,0" /><INIT seed="4,0,0,1,0,116" ten="196,181,317,306" oya="0" hai0="57,74,108,121,85,83,64,19,87,1,76,105,69" hai1="28,75,2,43,101,27,47,4,54,24,45,65,124" hai2="17,10,25,30,11,94,115,42,111,131,68,128,9" hai3="12,32,31,102,72,58,20,98,22,48,114,122,132"/><T14/><D121/><U120/><E124/><V67/><F111/><W90/><G72/><T49/><D1/><U80/><E65/><V125/><F115/><W118/><G114/><T81/><D105/><U70/><E70/><V44/><F125/><W93/><G132/><T18/><D108/><U6/><E101/><V71/><F17/><W63/><G118/><T92/><D69/><U77/><E120/><V3/><F67/><W95/><G122/><T40/><D74/><U99/><E99/><V59/><F59/><W103/><G48/><T126/><D126/><U73/><E73/><V15/><F94/><W88/><G32/><T37/><D92/><U5/><E2/><V78/><F15/><W26/><G12/><T60/><D37/><U21/><E27/><V109/><F78/><W35/><G20/><T104/><D104/><U127/><E127/><V62/><F62/><W91/><G35/><T86/><D76/><U79/><E79/><V33/><F3/><W129/><G91/><T133/><D133/><U119/><E119/><V56/><F56/><W89/><G89/><T112/><D112/><U0/><E0/><V96/><F96/><N who="3" m="57383" /><G129/><N who="2" m="49737" /><F109/><W106/><G106/><T52/><D40/><U29/><E54/><AGARI ba="0,0" hai="22,26,31,54,58,63,90,95,98,102,103" m="57383" machi="54" ten="30,2000,0" yaku="8,1,54,1" doraHai="116" who="3" fromWho="1" sc="196,0,181,-20,317,0,306,20" /><INIT seed="5,0,0,4,1,109" ten="196,161,317,326" oya="1" hai0="7,6,105,48,99,110,73,90,129,25,18,31,38" hai1="62,55,131,3,47,116,113,51,95,21,126,92,0" hai2="19,115,101,45,60,102,64,56,23,124,35,134,32" hai3="120,78,119,133,5,122,112,17,80,104,26,29,34"/><U4/><E116/><V28/><F124/><W74/><G119/><T127/><D38/><U76/><E126/><V13/><F134/><W46/><G133/><T10/><D110/><U33/><E33/><V81/><F32/><W43/><G17/><T12/><D73/><U88/><E131/><V123/><F35/><W59/><G59/><T97/><D129/><U14/><E76/><V39/><F123/><W132/><G132/><T128/><D128/><U86/><E113/><V68/><F68/><W79/><G79/><T1/><D127/><U37/><E37/><V87/><F28/><W83/><G83/><T44/><D105/><U130/><E130/><V89/><REACH who="2" step="1"/><F115/><REACH who="2" ten="196,161,307,326" step="2"/><W121/><G112/><T66/><D31/><U2/><E62/><V11/><F11/><W52/><G121/><T77/><D10/><U49/><E49/><V69/><F69/><W57/><G122/><T22/><D22/><U8/><REACH who="1" step="1"/><E21/><REACH who="1" ten="196,151,307,326" step="2"/><V75/><F75/><W114/><G114/><T118/><D118/><U103/><E103/><V85/><F85/><W50/><G120/><T93/><D77/><U84/><E84/><V41/><AGARI ba="0,2" hai="13,19,23,39,41,45,56,60,64,81,87,89,101,102" machi="41" ten="30,4000,0" yaku="1,1,0,1,53,1" doraHai="109" doraHaiUra="71" who="2" fromWho="2" sc="196,-10,151,-20,307,60,326,-10" /><INIT seed="6,0,0,4,3,38" ten="186,131,367,316" oya="2" hai0="117,87,125,99,56,40,60,102,133,13,132,123,2" hai1="80,64,36,7,16,35,96,42,84,18,100,77,71" hai2="116,54,105,57,90,75,107,94,91,131,46,33,92" hai3="41,119,8,6,113,101,81,73,51,134,3,68,130"/><V76/><F33/><W19/><G119/><T37/><D2/><U106/><E35/><V50/><F116/><W65/><G134/><N who="0" m="51819" /><D123/><U79/><E79/><V120/><F120/><W47/><G130/><T62/><D125/><U108/><E108/><V67/><F75/><W32/><G101/><T44/><D117/><U109/><E109/><V118/><F118/><W69/><G65/><T126/><D126/><U21/><E7/><V128/><F76/><W98/><G98/><T63/><D13/><U0/><E0/><V70/><F70/><W14/><G32/><T45/><D87/><U5/><E5/><V11/><F11/><W23/><G113/><T25/><D25/><U129/><E129/><N who="2" m="49739" /><F57/><W39/><G51/><T89/><D89/><N who="2" m="33802" /><F67/><W59/><G59/><T111/><D111/><U83/><E83/><V103/><F103/><W112/><REACH who="3" step="1"/><G112/><REACH who="3" ten="186,131,367,306" step="2"/><T48/><D48/><U55/><E64/><V78/><F78/><AGARI ba="0,1" hai="3,6,8,14,19,23,39,41,47,68,69,73,78,81" machi="78" ten="40,8000,1" yaku="1,1,2,1,25,2,52,1,53,0" doraHai="38" doraHaiUra="85" who="3" fromWho="2" sc="186,0,131,0,367,-80,306,90" /><INIT seed="7,0,0,4,0,66" ten="186,131,287,396" oya="3" hai0="103,90,20,67,127,4,65,135,11,21,56,0,105" hai1="126,18,124,98,52,122,53,102,51,96,27,81,97" hai2="100,92,59,109,119,68,36,106,91,115,60,87,69" hai3="1,110,33,16,129,32,31,54,57,55,5,50,71"/><W121/><G121/><T77/><D135/><U131/><E122/><V14/><F109/><W17/><G71/><N who="2" m="27209" /><F119/><W43/><G43/><T12/><D127/><U6/><E6/><V75/><F36/><W39/><G39/><T88/><D77/><U25/><E81/><V74/><F14/><W70/><G70/><T134/><D134/><U23/><E131/><V49/><F49/><W86/><G129/><T111/><D111/><U58/><E102/><V128/><F59/><W107/><G107/><T94/><D0/><U35/><E53/><V80/><F60/><W108/><G5/><T101/><D105/><U63/><E63/><V125/><F128/><W13/><G1/><T112/><D56/><U85/><E85/><V26/><F26/><W7/><G86/><T2/><D2/><U37/><E37/><V42/><F42/><W10/><G7/><T15/><D15/><U45/><E45/><V61/><F61/><W114/><G55/><T130/><D130/><U40/><E40/><V8/><F8/><W22/><G54/><T123/><D123/><U82/><E82/><V24/><F24/><W78/><G50/><T133/><D133/><U41/><REACH who="1" step="1"/><E41/><REACH who="1" ten="186,121,287,396" step="2"/><V19/><F80/><W132/><G108/><T76/><D4/><U113/><E113/><V118/><F115/><W79/><G114/><T120/><D112/><U99/><N who="1" m="25088" /><DORA hai="72" /><U64/><E64/><V48/><F87/><W89/><G132/><T117/><D67/><U104/><E104/><V93/><F106/><W83/><G110/><T30/><D65/><U73/><E73/><V38/><F100/><RYUUKYOKU ba="0,1" sc="186,-10,121,30,287,-10,396,-10" hai1="18,23,25,27,35,51,52,58,124,126" owari="176,-22.0,151,-35.0,277,8.0,396,49.0" /></mjloggm>