<mjloggm ver="2.3"><GO type="97" lobby="0"/><UN n0="%E3%83%9C%E3%83%B3%E3%83%89" n1="%E5%B0%B1%E6%B4%BB%E7%94%9F%40%E5%B7%9D%E6%9D%91%E8%BB%8D%E5%9B%A3" n2="%E5%85%A8%E5%B1%80%E5%8F%82%E5%8A%A0%E5%9E%8B%E9%9B%80%E5%A3%AB" n3="%E3%82%A8%E3%83%83%E3%83%95%E3%82%A7%E3%83%AB%E5%A1%94" dan="13,15,15,16" rate="1812.58,2074.14,2017.17,2100.13" sx="M,M,M,M"/><TAIKYOKU oya="0"/><INIT seed="0,0,0,5,2,71" ten="250,250,250,250" oya="0" hai0="12,68,81,123,42,23,14,21,97,63,85,87,18" hai1="72,34,0,106,93,110,54,51,70,117,102,132,129" hai2="24,30,20,57,52,35,53,15,29,111,128,62,39" hai3="45,89,66,1,9,67,96,92,112,113,13,56,109"/><T38/><D123/><U2/><RYUUKYOKU type="yao9" ba="0,0" sc="250,0,250,0,250,0,250,0" hai1="0,2,34,51,54,70,72,93,102,106,110,117,129,132" /><INIT seed="0,1,0,1,0,106" ten="250,250,250,250" oya="0" hai0="68,61,82,80,110,108,114,42,1,112,29,17,47" hai1="53,34,9,37,74,121,10,32,123,45,95,103,2" hai2="5,84,85,40,107,118,111,18,55,50,122,98,23" hai3="0,69,59,77,12,27,36,86,16,117,20,100,102"/><T52/><D1/><U66/><E74/><V127/><F122/><W78/><G69/><T13/><D29/><U46/><E66/><V51/><F118/><W41/><G0/><T79/><D68/><U28/><E28/><V99/><F127/><W88/><G117/><T64/><D64/><U8/><E2/><V14/><F111/><N who="0" m="42538" /><D79/><N who="3" m="30217" /><G36/><T125/><D125/><U43/><E34/><V109/><F109/><W113/><G113/><N who="0" m="43627" /><D42/><U7/><E32/><V38/><F38/><W60/><G27/><T70/><D70/><U25/><E7/><V81/><F5/><W96/><G41/><T71/><D71/><U33/><E25/><V132/><F107/><W131/><G131/><T91/><D91/><U83/><E33/><V30/><F30/><W129/><G129/><T90/><D90/><U120/><E120/><V11/><F132/><W56/><G96/><T67/><D67/><U116/><E116/><V73/><F99/><W19/><G19/><T89/><D89/><U57/><E121/><V63/><F98/><W15/><G15/><T44/><D61/><U48/><E123/><V4/><F63/><W93/><G60/><T124/><D124/><U76/><E76/><V72/><F40/><W75/><G12/><T115/><N who="0" m="43635" /><T130/><DORA hai="24" /><D130/><U3/><E3/><V65/><F65/><W54/><G88/><T6/><D6/><U104/><E43/><V39/><F39/><W97/><G16/><T134/><D134/><U105/><E37/><V135/><F135/><W62/><G62/><T58/><D17/><U128/><E128/><V94/><F18/><RYUUKYOKU ba="1,0" sc="250,0,250,0,250,0,250,0" /><INIT seed="1,2,0,0,0,25" ten="250,250,250,250" oya="1" hai0="31,54,40,118,64,126,36,107,12,111,112,73,1" hai1="82,121,95,62,101,119,76,8,94,92,43,22,72" hai2="46,104,7,29,109,20,45,80,77,52,63,5,59" hai3="83,134,120,0,86,13,14,39,127,9,15,10,89"/><U70/><E119/><V24/><F104/><W27/><G39/><T132/><D64/><U47/><E121/><V41/><F109/><W129/><G120/><T100/><D40/><U18/><E8/><V21/><F21/><W48/><G0/><T97/><D12/><U93/><N who="1" m="24064" /><DORA hai="28" /><U58/><E70/><V42/><F42/><W110/><G110/><T99/><D31/><U81/><E101/><V69/><F69/><W135/><G127/><T61/><D54/><U88/><E88/><V17/><F17/><W103/><G103/><T19/><D61/><U114/><E114/><V34/><F20/><W3/><G3/><T49/><D19/><U23/><E82/><V113/><F113/><W98/><G98/><T116/><D49/><U96/><E96/><V68/><F68/><W133/><G129/><T105/><D118/><U44/><E18/><V84/><F46/><W66/><G66/><T55/><D55/><U74/><E72/><V75/><F75/><W67/><G67/><T33/><D100/><U130/><E130/><V60/><REACH who="2" step="1"/><F63/><REACH who="2" ten="250,250,240,250" step="2"/><W128/><G128/><T32/><D105/><U124/><E124/><V71/><F71/><W65/><G135/><T117/><D132/><U131/><E131/><V57/><F57/><W122/><G134/><T102/><D126/><U79/><E47/><V123/><F123/><W16/><G133/><T53/><D112/><U106/><E106/><V108/><F108/><W78/><G122/><T56/><D111/><U11/><E44/><V51/><AGARI ba="2,1" hai="5,7,24,29,34,41,45,51,52,59,60,77,80,84" machi="51" ten="20,12000,2" yaku="1,1,0,1,7,1,52,2,54,1,53,1" doraHai="25,28" doraHaiUra="87,26" who="2" fromWho="2" sc="250,-32,250,-62,240,136,250,-32" /><INIT seed="2,0,0,1,0,77" ten="218,188,376,218" oya="2" hai0="98,105,33,14,36,68,91,97,96,12,18,93,54" hai1="58,47,79,37,22,40,45,29,21,57,115,60,24" hai2="25,126,62,61,127,19,31,53,65,120,134,66,133" hai3="59,50,5,72,80,28,135,121,51,122,1,74,84"/><V81/><F120/><W20/><G135/><N who="2" m="51721" /><F19/><W26/><G1/><T9/><D68/><U73/><E115/><V87/><F53/><W129/><G5/><T102/><D36/><U119/><E119/><V6/><F6/><W3/><G3/><T55/><D33/><U85/><E73/><V63/><F66/><W43/><G51/><T15/><D105/><U83/><E47/><V123/><F65/><W32/><G129/><T0/><D102/><U11/><E11/><V16/><F16/><W89/><G32/><T132/><D132/><U35/><REACH who="1" step="1"/><E58/><REACH who="1" ten="218,178,376,218" step="2"/><V78/><F123/><W4/><G121/><T39/><D39/><U42/><E42/><V8/><F8/><W86/><G122/><T92/><D0/><U128/><E128/><V113/><F113/><W118/><G118/><T101/><D9/><U64/><AGARI ba="0,1" hai="21,22,24,29,35,37,40,45,57,60,64,79,83,85" machi="64" ten="20,8000,1" yaku="1,1,0,1,7,1,52,1,53,1" doraHai="77" doraHaiUra="56" who="1" fromWho="1" sc="218,-20,178,90,376,-40,218,-20" /><INIT seed="3,0,0,4,1,90" ten="198,268,336,198" oya="3" hai0="113,102,131,11,93,21,15,98,16,127,133,49,1" hai1="107,41,58,69,88,100,45,114,30,70,60,24,17" hai2="14,32,10,116,97,46,22,84,27,34,94,105,75" hai3="48,115,118,99,66,108,106,55,61,56,65,26,7"/><W111/><G7/><T132/><D113/><U62/><E114/><V29/><F75/><W6/><G115/><T18/><D127/><U35/><E62/><V128/><F105/><W51/><G6/><T38/><D131/><U64/><E17/><V43/><F84/><W77/><G77/><T79/><D38/><U25/><E25/><V37/><F128/><W130/><G130/><T9/><D79/><U103/><E107/><V124/><F116/><W44/><G26/><T91/><D132/><U87/><E70/><V4/><F124/><W2/><G2/><T92/><D133/><U83/><REACH who="1" step="1"/><E69/><REACH who="1" ten="198,258,336,198" step="2"/><V89/><AGARI ba="0,1" hai="4,10,14,22,27,29,32,34,37,43,46,89,94,97" machi="89" ten="20,2700,0" yaku="0,1,7,1,52,1" doraHai="90" who="2" fromWho="2" sc="198,-7,258,-7,336,37,198,-13" owari="191,-21.0,251,5.0,373,47.0,185,-31.0" /></mjloggm>