<mjloggm ver="2.3"><GO type="41" lobby="0"/><UN n0="%E6%88%8C" n1="%40%59%75%2D%6D%61" n2="%E3%81%93%E3%83%BC%E3%82%81%E3%83%BC%E3%81%95%E3%82%93%32%E5%8F%B7" n3="%E5%B0%B1%E6%B4%BB%E7%94%9F%40%E5%B7%9D%E6%9D%91%E8%BB%8D%E5%9B%A3" dan="13,14,14,15" rate="1923.72,1880.36,1941.85,2008.78" sx="M,M,M,M"/><TAIKYOKU oya="0"/><INIT seed="0,0,0,3,4,46" ten="250,250,250,250" oya="0" hai0="86,123,93,98,61,81,101,39,9,58,69,83,88" hai1="34,56,10,22,63,24,128,117,35,53,68,114,13" hai2="33,99,134,28,52,95,135,20,5,70,75,15,25" hai3="89,8,110,41,57,71,19,129,125,109,96,0,62"/><T87/><D123/><U6/><E117/><V126/><F75/><W108/><G71/><T82/><D69/><U131/><E114/><V116/><F70/><W120/><G120/><T103/><D39/><U97/><E97/><V21/><F116/><W119/><G119/><T73/><D9/><U106/><E106/><V7/><F126/><W84/><G125/><T31/><D31/><U121/><E68/><V112/><F112/><W16/><G96/><T51/><D61/><U27/><E27/><V91/><F33/><W50/><G0/><T47/><D58/><U85/><E85/><V4/><F52/><N who="3" m="34087" /><G8/><T1/><D1/><U23/><E23/><V72/><F72/><W43/><G129/><N who="1" m="49738" /><E121/><V78/><F78/><W12/><G12/><T102/><REACH who="0" step="1"/><D73/><REACH who="0" ten="240,250,250,250" step="2"/><U32/><E32/><V49/><F15/><W100/><G110/><T26/><D26/><U94/><E35/><V17/><F28/><W66/><G109/><T60/><D60/><U130/><E34/><V45/><F21/><W59/><G108/><T104/><D104/><U54/><E130/><V118/><F118/><W30/><G30/><T55/><AGARI ba="0,1" hai="47,51,55,81,82,83,86,87,88,93,98,101,102,103" machi="55" ten="30,18000,2" yaku="1,1,0,1,8,1,52,1,54,1,53,1" doraHai="46" doraHaiUra="92" who="0" fromWho="0" sc="240,190,250,-60,250,-60,250,-60" /><INIT seed="0,1,0,5,5,58" ten="430,190,190,190" oya="0" hai0="119,84,50,78,79,39,123,41,124,57,53,127,73" hai1="14,49,115,1,105,71,87,133,76,25,126,108,82" hai2="132,30,24,10,46,12,103,27,55,99,4,38,65" hai3="28,112,3,107,45,90,117,88,15,29,0,129,6"/><T120/><D73/><U110/><E1/><V43/><F132/><W61/><G112/><T125/><D84/><U92/><E105/><V18/><F55/><W36/><G107/><T109/><D79/><U59/><E133/><V37/><F37/><W63/><G117/><T91/><D119/><U135/><E71/><V130/><F130/><W89/><G129/><T116/><D91/><U100/><E135/><V33/><F27/><W2/><G15/><T44/><D116/><U13/><E126/><V94/><F65/><W5/><G45/><T22/><D22/><U106/><E106/><V83/><REACH who="2" step="1"/><F83/><REACH who="2" ten="430,190,180,190" step="2"/><W122/><G36/><T131/><D131/><U98/><E25/><V101/><F101/><W48/><G48/><T35/><D78/><U26/><E26/><V60/><F60/><N who="3" m="23115" /><G122/><N who="0" m="46635" /><D35/><U69/><E115/><V17/><AGARI ba="1,1" hai="4,10,12,17,18,24,30,33,38,43,46,94,99,103" machi="17" ten="30,4000,0" yaku="1,1,0,1,53,1" doraHai="58" doraHaiUra="68" who="2" fromWho="2" sc="430,-21,190,-11,180,53,190,-11" /><INIT seed="1,0,0,4,1,131" ten="409,179,233,179" oya="1" hai0="49,133,58,24,108,125,18,98,74,47,13,84,122" hai1="110,10,109,82,62,95,76,135,2,38,71,3,64" hai2="19,45,104,57,102,120,12,66,113,14,42,83,117" hai3="72,39,116,106,77,91,128,78,130,100,5,52,70"/><U32/><E32/><V20/><F120/><W22/><G70/><T34/><D122/><U119/><E119/><V118/><F113/><W53/><G39/><T8/><D74/><N who="1" m="43287" /><E38/><V17/><F83/><W56/><G116/><T4/><D108/><N who="1" m="41579" /><E135/><V48/><F102/><W67/><G5/><T87/><D125/><U93/><E10/><V134/><F104/><W90/><G67/><T40/><D133/><U65/><E65/><V11/><F134/><W103/><G22/><T44/><D44/><U92/><AGARI ba="0,0" hai="2,3,62,64,71,92,93,95" m="41579,43287" machi="92" ten="30,3000,0" yaku="14,1,10,1" doraHai="131" who="1" fromWho="1" sc="409,-10,179,30,233,-10,179,-10" /><INIT seed="1,1,0,2,4,3" ten="399,209,223,169" oya="1" hai0="94,112,2,86,82,38,64,115,49,118,41,76,73" hai1="50,30,93,127,129,42,7,63,46,55,60,31,116" hai2="119,0,98,52,101,24,131,16,10,103,78,122,32" hai3="58,108,54,90,47,18,121,65,13,19,44,14,100"/><U74/><E116/><V88/><F122/><W89/><G121/><T27/><D118/><U26/><E74/><V72/><F131/><W56/><G108/><T66/><D38/><U45/><E129/><V70/><F70/><W36/><G36/><T28/><D2/><U68/><E68/><V17/><F32/><W8/><G100/><T95/><D115/><U92/><E127/><V84/><F72/><W71/><G71/><T117/><D112/><U128/><E128/><V113/><F78/><W40/><G65/><T91/><D117/><U80/><E80/><V43/><F43/><W126/><G126/><T81/><D95/><N who="1" m="36427" /><E7/><V130/><F119/><W114/><G114/><T5/><D82/><U48/><E26/><V69/><F69/><W67/><G67/><T107/><D107/><U124/><E124/><V15/><F0/><W61/><G56/><T37/><D37/><U111/><E111/><V96/><F113/><W123/><G123/><T29/><D27/><U59/><E63/><V6/><F130/><W105/><G105/><T9/><D66/><AGARI ba="1,0" hai="30,31,42,45,46,48,50,55,59,60,66" m="36427" machi="66" ten="30,1500,0" yaku="8,1" doraHai="3" who="1" fromWho="0" sc="399,-18,209,18,223,0,169,0" /><INIT seed="1,2,0,2,5,66" ten="381,227,223,169" oya="1" hai0="54,31,50,118,4,5,95,40,133,48,47,107,36" hai1="25,20,135,75,128,84,52,57,29,120,105,77,59" hai2="11,76,87,126,58,88,45,35,117,93,119,43,89" hai3="8,23,55,37,79,99,6,125,42,9,17,30,69"/><U98/><E120/><V112/><F35/><W26/><G125/><T102/><D107/><U34/><E75/><V131/><F131/><W51/><G79/><T64/><D118/><U13/><E128/><V68/><F126/><W116/><G116/><T97/><D133/><U104/><E135/><V85/><F76/><W90/><G69/><T122/><D122/><U12/><E59/><V108/><F58/><W53/><G37/><T21/><D36/><U83/><E34/><V32/><F32/><W73/><G73/><T123/><D123/><U101/><REACH who="1" step="1"/><E105/><REACH who="1" ten="381,217,223,169" step="2"/><V70/><F112/><W129/><G129/><T121/><D121/><U96/><E96/><V72/><F72/><W18/><G99/><T22/><D64/><U19/><E19/><V28/><F28/><W111/><G18/><T127/><D127/><U24/><E24/><V114/><F114/><W41/><G17/><T92/><D31/><U33/><E33/><V38/><F119/><W60/><G30/><T1/><D4/><U16/><E16/><V130/><F130/><W3/><G26/><T115/><D115/><U82/><E82/><V49/><F117/><W74/><G74/><T46/><D5/><U106/><E106/><V91/><F93/><W103/><G6/><T124/><D124/><U94/><E94/><V56/><F56/><W134/><G134/><T15/><D95/><U27/><E27/><V110/><F85/><W100/><G23/><T71/><D22/><U2/><E2/><V63/><F87/><W65/><G3/><T86/><D1/><U132/><E132/><V81/><F81/><RYUUKYOKU ba="2,1" sc="381,-10,217,30,223,-10,169,-10" hai1="12,13,20,25,29,52,57,77,83,84,98,101,104" /><INIT seed="1,3,1,4,1,109" ten="371,247,213,159" oya="1" hai0="99,80,13,88,111,69,75,98,134,24,72,100,7" hai1="49,57,18,6,61,90,45,102,54,58,25,101,77" hai2="37,56,5,59,91,117,23,83,97,68,9,60,84" hai3="133,0,78,103,10,12,129,126,130,44,93,106,22"/><U47/><E6/><V64/><F37/><W41/><G106/><T46/><D69/><U62/><E77/><V107/><F117/><W43/><G0/><T70/><D111/><U122/><E122/><V120/><F120/><W104/><G104/><T14/><D70/><U32/><E90/><V71/><F71/><W81/><G126/><T53/><D134/><U28/><E18/><V108/><F108/><W34/><G34/><T42/><D24/><U112/><E112/><V132/><F132/><W128/><G22/><T16/><D7/><U85/><E85/><V65/><F65/><W19/><G133/><T8/><D14/><U50/><E50/><V39/><F39/><W36/><G43/><T38/><D75/><U63/><REACH who="1" step="1"/><E57/><REACH who="1" ten="371,237,213,159" step="2"/><V124/><F59/><W40/><G36/><T76/><D100/><AGARI ba="3,2" hai="25,28,32,45,47,49,54,58,61,62,63,100,101,102" machi="100" ten="40,3900,0" yaku="1,1,2,1,53,0" doraHai="109" doraHaiUra="94" who="1" fromWho="0" sc="371,-48,237,68,213,0,159,0" /><INIT seed="1,4,0,4,2,19" ten="323,305,213,159" oya="1" hai0="117,5,26,4,114,71,102,118,129,62,42,32,104" hai1="21,87,113,98,107,13,23,125,67,49,33,101,59" hai2="48,10,89,70,56,119,60,99,100,55,65,121,35" hai3="132,8,126,110,43,78,17,131,12,84,11,88,39"/><U69/><E69/><V20/><F121/><W97/><G110/><T16/><D129/><U95/><E33/><V18/><F35/><W0/><G131/><T86/><D114/><U58/><E113/><V128/><F128/><W109/><G109/><T76/><D42/><U66/><E125/><V91/><F10/><W2/><G126/><T106/><D32/><U25/><E107/><V134/><F119/><W40/><G132/><T27/><D76/><U127/><E87/><V54/><F54/><W22/><G78/><T46/><D86/><U115/><E115/><V44/><F70/><W82/><G97/><T73/><D46/><U38/><E38/><V75/><F75/><W79/><G79/><T85/><D85/><U15/><E127/><V122/><F134/><W57/><G57/><N who="1" m="21514" /><E49/><V37/><F37/><W6/><REACH who="3" step="1"/><G39/><REACH who="3" ten="323,305,213,149" step="2"/><T135/><D135/><U52/><E98/><V103/><F122/><W9/><G9/><T94/><D118/><U41/><E101/><N who="2" m="38987" /><F99/><W123/><G123/><T72/><D117/><U51/><E67/><V31/><F31/><W111/><G111/><T3/><D102/><U53/><E66/><V83/><F83/><W30/><G30/><T105/><D71/><U116/><E116/><V112/><F112/><W93/><G93/><T28/><D94/><U124/><E95/><V45/><F45/><W29/><G29/><T1/><D28/><U68/><E124/><V120/><F120/><W63/><G63/><T92/><D92/><U77/><E68/><V133/><F133/><W81/><G81/><T108/><D106/><U130/><E77/><RYUUKYOKU ba="4,1" sc="323,-15,305,-15,213,15,149,15" hai2="18,20,44,48,55,56,60,65,89,91" hai3="0,2,6,8,11,12,17,22,40,43,82,84,88" /><INIT seed="2,5,1,5,5,37" ten="308,290,228,164" oya="2" hai0="0,124,94,115,100,34,81,97,19,128,74,20,58" hai1="68,24,118,77,46,114,62,23,12,51,102,129,78" hai2="83,107,22,120,16,79,25,39,33,9,112,131,28" hai3="50,116,54,36,60,70,59,126,91,93,76,35,17"/><V10/><F120/><W43/><G116/><T84/><D34/><U89/><E118/><V135/><F112/><W5/><G35/><T87/><D115/><U44/><E114/><V45/><F107/><W14/><G126/><T32/><D124/><U21/><E102/><V31/><F131/><W52/><G76/><T127/><D127/><U26/><E46/><V98/><F135/><W49/><G5/><T92/><D32/><U90/><E12/><V125/><F125/><W88/><G70/><T119/><D119/><U122/><E68/><V106/><F28/><W7/><G7/><T134/><D134/><U42/><E62/><V38/><F38/><W99/><G91/><N who="1" m="34826" /><E129/><V80/><F80/><W130/><G130/><T1/><D128/><U27/><E122/><V18/><F18/><W101/><G101/><T8/><D8/><U132/><E132/><V113/><F98/><W109/><G109/><T47/><D1/><U63/><E63/><V72/><F106/><W11/><REACH who="3" step="1"/><G54/><REACH who="3" ten="308,290,228,154" step="2"/><T56/><D0/><U71/><E71/><V61/><F113/><W82/><G82/><T64/><D81/><U104/><E104/><V57/><F33/><W13/><G13/><T73/><D73/><U110/><E110/><V6/><F6/><W2/><G2/><T103/><D74/><U133/><E133/><V29/><F10/><W95/><G95/><T66/><D97/><U75/><E75/><V85/><F9/><W3/><G3/><T40/><D20/><AGARI ba="5,2" hai="20,21,23,24,26,27,42,44,51,77,78" m="34826" machi="20" ten="30,2000,0" yaku="8,1,52,1" doraHai="37" who="1" fromWho="0" sc="308,-35,290,55,228,0,154,0" /><INIT seed="3,0,0,3,3,16" ten="273,345,228,154" oya="3" hai0="92,103,32,100,81,30,41,128,118,47,113,64,99" hai1="14,19,79,83,4,52,55,134,69,70,105,28,125" hai2="0,127,73,130,124,5,96,109,2,65,1,74,94" hai3="6,29,85,82,3,119,117,88,123,42,58,72,78"/><W106/><G123/><T66/><D118/><U61/><E4/><V48/><F130/><W121/><G121/><T13/><D128/><U135/><E105/><V110/><F65/><W108/><G106/><T53/><D113/><U45/><E125/><N who="2" m="48203" /><F5/><W60/><G108/><N who="2" m="41577" /><F48/><W63/><G42/><T95/><D13/><U15/><E28/><V84/><F84/><W50/><G50/><T102/><D53/><N who="1" m="20555" /><E45/><V71/><F71/><N who="1" m="27145" /><E19/><V46/><F46/><W120/><G120/><T116/><D116/><U37/><E61/><V34/><F34/><W112/><G29/><T8/><D8/><U26/><E26/><V31/><F31/><W39/><G39/><T54/><D30/><U133/><E37/><V107/><F107/><W80/><G112/><T131/><D32/><U21/><E21/><V86/><F86/><AGARI ba="0,0" hai="14,15,79,83,86,133,134,135" m="27145,20555" machi="86" ten="40,2600,0" yaku="20,1,54,1" doraHai="16" who="1" fromWho="2" sc="273,0,345,26,228,-26,154,0" /><INIT seed="4,0,0,1,2,43" ten="273,371,202,154" oya="0" hai0="9,7,32,58,82,35,18,54,93,62,120,130,46" hai1="59,83,0,17,123,104,4,84,129,29,116,70,28" hai2="41,121,92,122,77,42,74,16,85,6,39,55,103" hai3="73,75,34,128,1,134,64,117,37,98,8,40,109"/><T118/><D120/><U14/><E70/><V5/><F74/><W21/><G64/><T80/><D118/><U88/><E123/><V13/><F121/><W31/><G98/><T81/><D130/><U94/><E104/><V68/><F68/><W30/><G40/><T65/><D18/><U96/><E116/><V100/><F122/><W10/><G37/><T135/><D135/><U124/><E129/><V131/><F131/><W57/><G57/><T50/><REACH who="0" step="1"/><D93/><REACH who="0" ten="263,371,202,154" step="2"/><U91/><E124/><V33/><F92/><W22/><G128/><T113/><D113/><U99/><E94/><V126/><F126/><W25/><G134/><T125/><D125/><U49/><E17/><V67/><F16/><W3/><G117/><T132/><D132/><U115/><E115/><V133/><F39/><W15/><G109/><T114/><D114/><U11/><E29/><V127/><F127/><W112/><G112/><T45/><D45/><U108/><E28/><V78/><F5/><W56/><G34/><T23/><D23/><U97/><E4/><V47/><F6/><W101/><G22/><T36/><D36/><U79/><E108/><V48/><F33/><W119/><G21/><T71/><D71/><U69/><E69/><V90/><F133/><W105/><G119/><T24/><D24/><U26/><E26/><V106/><F106/><W51/><G25/><T20/><D20/><U60/><E11/><V111/><F111/><W110/><G110/><T86/><D86/><U38/><E84/><V63/><F85/><W72/><G10/><T89/><D89/><N who="1" m="34379" /><E38/><V52/><F90/><RYUUKYOKU ba="0,1" sc="263,30,371,-10,202,-10,154,-10" hai0="7,9,32,35,46,50,54,58,62,65,80,81,82" /><INIT seed="4,1,1,2,5,110" ten="293,361,192,144" oya="0" hai0="66,46,107,78,77,13,100,28,128,53,20,120,24" hai1="82,105,60,102,41,26,114,1,39,31,106,72,88" hai2="32,92,3,35,5,49,133,69,18,47,17,40,118" hai3="74,96,130,95,103,81,76,89,108,0,122,48,62"/><T16/><D120/><U67/><E1/><V94/><F69/><W14/><G0/><T98/><D128/><U121/><E121/><V25/><F118/><W117/><G108/><T104/><D104/><U27/><E27/><V42/><F133/><W54/><G130/><T75/><D75/><U33/><E102/><V10/><F32/><W56/><G122/><T125/><D125/><U43/><E43/><V90/><F40/><W8/><G117/><T70/><D70/><U55/><E55/><V21/><F35/><W15/><G8/><T83/><D66/><U135/><E135/><V97/><F94/><W63/><G63/><T86/><D78/><U36/><E36/><V93/><F93/><W7/><G7/><T131/><D131/><U65/><E65/><V9/><F9/><W80/><G80/><T37/><D37/><U79/><E88/><V99/><F18/><W11/><G11/><T109/><D109/><U61/><E61/><V58/><F58/><W126/><G126/><T111/><D111/><U50/><E50/><V115/><F115/><W29/><G29/><T51/><REACH who="0" step="1"/><D13/><REACH who="0" ten="283,361,192,144" step="2"/><U129/><E129/><V116/><F116/><W30/><G15/><T64/><D64/><U19/><E67/><V73/><F73/><W68/><G14/><T22/><D22/><U85/><E72/><V91/><F99/><W6/><G68/><T2/><D2/><U38/><E38/><V45/><F3/><W101/><G96/><T123/><D123/><U57/><E106/><V119/><F119/><W4/><G74/><T112/><D112/><U12/><E114/><RYUUKYOKU ba="1,2" sc="283,30,361,-10,192,-10,144,-10" hai0="16,20,24,28,46,51,53,77,83,86,98,100,107" /><INIT seed="4,2,2,0,5,102" ten="313,351,182,134" oya="0" hai0="2,17,57,22,61,97,18,0,70,119,84,31,115" hai1="74,1,38,66,6,75,52,45,81,89,58,54,7" hai2="126,14,53,29,99,125,28,77,80,108,111,71,86" hai3="73,82,32,79,59,118,68,37,112,48,69,60,105"/><T127/><D119/><U132/><E132/><V83/><F71/><W92/><G37/><T134/><D70/><U95/><E66/><V10/><F53/><W12/><G105/><T123/><D123/><U4/><E1/><V55/><F55/><W87/><G32/><T43/><D134/><U94/><E94/><V114/><F114/><W116/><G112/><T36/><D115/><U8/><E8/><V98/><F10/><W135/><G135/><T9/><D127/><N who="2" m="48650" /><F14/><W13/><G69/><T65/><D43/><U93/><E93/><V72/><F28/><W91/><G68/><T122/><D36/><U25/><E81/><V106/><F29/><W67/><REACH who="3" step="1"/><G48/><REACH who="3" ten="313,351,182,124" step="2"/><T33/><D33/><U16/><E38/><V26/><F106/><W42/><G42/><T50/><D50/><U44/><E75/><V128/><F128/><W107/><G107/><T113/><D113/><U24/><E74/><V121/><F121/><W96/><G96/><N who="2" m="36905" /><F26/><W85/><G85/><T90/><D97/><U47/><E25/><V100/><F100/><W120/><G120/><T110/><D122/><U35/><E24/><V130/><F130/><W19/><G19/><T109/><D18/><U30/><E16/><V46/><F108/><W124/><G124/><T23/><D31/><U49/><E30/><V129/><F111/><W15/><AGARI ba="2,3" hai="12,13,15,59,60,67,73,79,82,87,91,92,116,118" machi="15" ten="30,2000,0" yaku="1,1,0,1,53,0" doraHai="102" doraHaiUra="101" who="3" fromWho="3" sc="313,-12,351,-7,182,-7,124,56" /><INIT seed="5,0,0,5,5,20" ten="301,344,175,180" oya="1" hai0="104,33,96,61,70,3,14,112,125,110,67,107,91" hai1="77,58,131,34,98,83,30,93,133,90,38,92,10" hai2="121,39,8,54,15,124,126,5,135,115,71,69,43" hai3="59,4,32,55,37,82,9,26,51,85,73,2,118"/><U64/><E38/><V28/><F121/><W111/><G111/><T117/><D110/><U76/><E133/><V11/><F135/><W50/><G118/><T35/><D117/><U19/><E131/><V119/><F119/><W129/><G37/><T65/><D112/><U44/><E44/><V41/><F115/><W72/><G129/><T18/><D125/><N who="2" m="48234" /><F54/><W79/><REACH who="3" step="1"/><G50/><REACH who="3" ten="301,344,175,170" step="2"/><T101/><D107/><U12/><E34/><V84/><F39/><W114/><G114/><T27/><D35/><U57/><E30/><AGARI ba="0,1" hai="2,4,9,26,30,32,51,55,59,72,73,79,82,85" machi="30" ten="40,2600,0" yaku="1,1,52,1,53,0" doraHai="20" doraHaiUra="42" who="3" fromWho="1" sc="301,0,344,-26,175,0,170,36" /><INIT seed="6,0,0,5,1,127" ten="301,318,175,206" oya="2" hai0="1,126,32,89,91,19,115,59,16,52,110,119,55" hai1="17,29,49,5,108,103,41,20,43,56,25,30,61" hai2="65,14,3,24,95,67,131,74,130,111,122,90,93" hai3="0,63,96,125,33,121,70,72,79,86,116,109,107"/><V81/><F3/><W48/><RYUUKYOKU type="yao9" ba="0,0" sc="301,0,318,0,175,0,206,0" hai3="0,33,48,63,70,72,79,86,96,107,109,116,121,125" /><INIT seed="6,1,0,4,2,16" ten="301,318,175,206" oya="2" hai0="15,70,64,68,124,69,9,114,31,83,57,46,3" hai1="75,52,37,79,19,87,14,107,119,40,122,32,89" hai2="101,127,43,108,2,45,22,90,110,133,105,59,61" hai3="92,112,88,134,47,34,29,54,123,80,65,58,121"/><V7/><F127/><W91/><G134/><T131/><D3/><U102/><E32/><V44/><F133/><W98/><G112/><T95/><D124/><U13/><E40/><V93/><F105/><W103/><G34/><T111/><D111/><N who="2" m="42538" /><F101/><W41/><G29/><T82/><D114/><U36/><E102/><V6/><F2/><W0/><G65/><T77/><D131/><U49/><E107/><V27/><F59/><W60/><G0/><T84/><D46/><N who="2" m="18026" /><F61/><W125/><G125/><T48/><D82/><U5/><E37/><V67/><F67/><W72/><G72/><T20/><D95/><U96/><E49/><V51/><F51/><W4/><G4/><T35/><D48/><U113/><E36/><V126/><F43/><W128/><G128/><T74/><D74/><U66/><E66/><V23/><F126/><W38/><REACH who="3" step="1"/><G80/><REACH who="3" ten="301,318,175,196" step="2"/><T8/><D35/><U25/><E113/><V117/><F117/><W18/><G18/><T76/><D31/><U53/><E19/><N who="2" m="12767" /><F23/><W97/><G97/><AGARI ba="1,1" hai="6,7,90,93,97" m="12767,18026,42538" machi="97" ten="30,2900,0" yaku="10,1,52,1" doraHai="16" who="2" fromWho="3" sc="301,0,318,0,175,42,196,-32" /><INIT seed="6,2,0,2,0,106" ten="301,318,217,164" oya="2" hai0="59,72,88,86,40,111,89,12,90,87,27,2,32" hai1="110,102,77,6,31,9,22,116,43,25,33,84,135" hai2="13,121,60,130,23,34,108,57,103,76,69,46,105" hai3="81,128,61,78,18,20,109,44,29,14,30,26,16"/><V50/><F121/><W51/><G109/><T19/><D2/><U124/><E116/><V45/><F34/><W129/><G61/><T133/><D111/><U125/><E110/><V62/><F108/><W134/><G134/><T107/><D133/><U28/><E135/><V95/><F105/><W64/><G64/><T47/><D107/><U74/><E102/><V104/><F104/><W117/><G117/><T127/><D127/><N who="1" m="48715" /><E74/><V120/><F130/><W17/><G30/><T67/><D27/><N who="1" m="18687" /><E43/><V79/><F60/><W98/><G98/><T53/><D32/><U15/><E84/><V54/><F69/><W35/><G129/><T66/><D72/><U38/><E77/><N who="2" m="29771" /><F120/><W36/><G36/><AGARI ba="2,0" hai="6,9,15,22,25,28,36,38" m="18687,48715" machi="36" ten="30,1000,0" yaku="18,1" doraHai="106" who="1" fromWho="3" sc="301,0,318,16,217,0,164,-16" /><INIT seed="7,0,0,0,3,57" ten="301,334,217,148" oya="3" hai0="54,82,3,69,29,25,16,74,110,22,92,46,81" hai1="115,55,40,132,2,93,24,95,99,118,123,102,33" hai2="129,125,20,56,90,37,7,42,63,52,72,44,108" hai3="38,60,86,79,104,48,35,11,124,70,120,67,75"/><W21/><G120/><T58/><D3/><U36/><E115/><V17/><F108/><W133/><G35/><T77/><D110/><U23/><E2/><V76/><F125/><W89/><G38/><T119/><D119/><U107/><E33/><V94/><F129/><W88/><G104/><T30/><D69/><U12/><E123/><V51/><F7/><W27/><G124/><T85/><D46/><U112/><E112/><V114/><F114/><W101/><G101/><T18/><D18/><U4/><E132/><V6/><F6/><W109/><G133/><T66/><D66/><U68/><E68/><V111/><F72/><W116/><G116/><T62/><REACH who="0" step="1"/><D92/><REACH who="0" ten="291,334,217,148" step="2"/><U131/><E118/><V80/><F111/><W106/><G109/><T15/><D15/><U87/><E12/><V8/><F94/><W39/><G106/><T73/><D73/><U41/><E107/><V122/><F122/><W65/><G39/><T47/><D47/><U83/><E95/><V19/><F37/><W59/><G11/><T49/><D49/><U32/><E36/><V53/><F8/><W50/><G75/><T14/><D14/><U135/><E135/><V128/><F128/><W127/><G127/><T98/><D98/><U64/><E99/><V0/><F0/><W43/><G67/><T97/><D97/><U9/><E64/><V61/><F19/><N who="3" m="12735" /><G70/><T1/><D1/><U113/><E131/><V103/><F17/><W91/><G43/><T134/><D134/><U26/><E41/><V34/><F42/><W13/><G13/><T105/><D105/><U45/><E40/><RYUUKYOKU ba="0,1" sc="291,15,334,-15,217,-15,148,15" hai0="16,22,25,29,30,54,58,62,74,77,81,82,85" hai3="48,50,59,60,65,79,86,88,89,91" /><INIT seed="7,1,1,2,2,53" ten="306,319,202,163" oya="3" hai0="40,97,28,94,12,101,39,119,95,85,5,87,76" hai1="4,89,121,70,133,68,130,27,41,75,109,51,61" hai2="113,43,90,102,11,62,93,17,25,24,72,65,8" hai3="110,116,99,106,46,63,118,13,55,38,23,20,120"/><W100/><G120/><T66/><D119/><U48/><E75/><V36/><F72/><W42/><G110/><T6/><D39/><U31/><E109/><V32/><F113/><W50/><G63/><T54/><D66/><U29/><E29/><V83/><F43/><W56/><REACH who="3" step="1"/><G13/><REACH who="3" ten="306,319,202,153" step="2"/><T129/><D12/><U132/><E121/><V2/><F2/><W44/><G44/><T91/><D129/><U21/><E61/><V37/><F62/><W92/><G92/><T7/><D40/><U59/><E41/><V125/><F93/><W124/><G124/><T64/><D64/><U71/><E130/><V78/><F65/><W96/><G96/><T134/><D54/><U35/><E133/><V60/><F60/><W131/><G131/><T105/><D134/><U115/><E132/><V122/><F125/><W128/><G128/><T127/><D127/><U16/><E115/><V135/><F122/><W15/><G15/><T52/><D52/><U49/><E70/><V34/><F135/><W82/><G82/><N who="0" m="47303" /><D105/><U108/><E71/><V47/><F83/><W26/><G26/><T22/><D28/><U73/><E68/><V19/><F47/><W1/><G1/><T9/><D9/><U14/><E31/><V30/><F30/><W0/><G0/><T79/><D22/><AGARI ba="1,2" hai="20,22,23,38,42,46,50,55,56,99,100,106,116,118" machi="22" ten="40,3900,0" yaku="1,1,52,1,53,0" doraHai="53" doraHaiUra="3" who="3" fromWho="0" sc="306,-42,319,0,202,0,153,62" /><INIT seed="7,2,0,1,5,13" ten="264,319,202,215" oya="3" hai0="18,43,61,120,74,2,98,117,82,119,80,65,7" hai1="130,63,0,59,56,131,92,114,127,86,91,106,20" hai2="118,103,87,44,41,104,3,33,77,135,1,100,10" hai3="47,62,58,102,21,121,113,36,9,69,115,68,27"/><W83/><G121/><T93/><D120/><U37/><E37/><V110/><F110/><W42/><G102/><T25/><D43/><U101/><E0/><V97/><F118/><W124/><G9/><T88/><D117/><U70/><E114/><N who="3" m="43530" /><G83/><T17/><D119/><U123/><E123/><V46/><F33/><W40/><G40/><T85/><D2/><U78/><E78/><V122/><F135/><W84/><G84/><T35/><D7/><U76/><E76/><V109/><F109/><W5/><G5/><T29/><D74/><U73/><E73/><V57/><F122/><W39/><G39/><T99/><D99/><N who="1" m="61759" /><E127/><V108/><F103/><W14/><G14/><T111/><D111/><U34/><E20/><V49/><F108/><W26/><G124/><T19/><REACH who="0" step="1"/><D98/><REACH who="0" ten="254,319,202,215" step="2"/><U75/><E75/><V11/><F3/><W96/><G96/><T95/><D95/><U30/><E92/><V52/><F1/><W71/><G21/><T28/><D28/><U45/><E30/><V22/><F22/><W90/><G90/><T107/><D107/><U50/><E91/><V31/><F31/><W128/><G128/><T67/><D67/><AGARI ba="2,1" hai="26,27,36,42,47,58,62,67,68,69,71" m="43530" machi="67" ten="40,2000,0" yaku="15,1" doraHai="13" who="3" fromWho="0" sc="254,-26,319,0,202,0,215,36" /><INIT seed="7,3,0,3,4,48" ten="228,319,202,251" oya="3" hai0="101,64,62,115,57,13,80,15,23,127,98,42,43" hai1="33,39,14,21,113,67,24,99,108,6,96,124,95" hai2="73,104,37,44,97,119,131,28,117,10,111,116,50" hai3="69,83,78,41,123,59,106,40,35,27,129,56,85"/><W7/><G69/><T79/><D115/><U9/><E108/><V122/><F111/><W126/><G106/><T1/><D1/><U30/><E39/><V93/><F73/><W45/><G123/><T20/><D127/><U12/><E124/><V51/><F122/><W77/><G126/><T71/><D71/><U52/><E67/><V103/><F131/><W29/><G129/><T61/><D61/><U81/><E81/><V8/><F28/><W86/><G7/><T94/><D20/><U76/><E76/><V118/><N who="2" m="29696" /><DORA hai="0" /><V87/><F37/><W34/><G34/><T92/><D94/><U121/><E113/><V49/><REACH who="2" step="1"/><F44/><REACH who="2" ten="228,319,192,251" step="2"/><W125/><G125/><T31/><D43/><U120/><E30/><V5/><F5/><W18/><G18/><T90/><D42/><U114/><E6/><V65/><F65/><W102/><G41/><T82/><D82/><U133/><E121/><V91/><AGARI ba="3,1" hai="8,10,49,50,51,87,91,93,97,103,104" m="29696" machi="91" ten="60,8000,1" yaku="1,1,0,1,53,3" doraHai="48,0" doraHaiUra="60,47" who="2" fromWho="2" sc="228,-23,319,-23,192,99,251,-43" /><INIT seed="8,0,0,1,2,3" ten="205,296,291,208" oya="0" hai0="57,77,58,26,46,86,17,99,126,31,28,27,62" hai1="41,76,11,51,37,79,48,90,68,67,85,93,36" hai2="91,63,112,52,32,97,18,104,55,70,80,5,78" hai3="21,122,116,8,132,42,107,105,30,2,15,13,109"/><T96/><D126/><U81/><E76/><V102/><F32/><W75/><G109/><T43/><D17/><U108/><E108/><V128/><F112/><W98/><G75/><T117/><D117/><U16/><E48/><V119/><F128/><W84/><G2/><T95/><D77/><U87/><E68/><V1/><F18/><W72/><G72/><T82/><D82/><U53/><E67/><V118/><F91/><W115/><G84/><T44/><D86/><U101/><E41/><V71/><F5/><W14/><G115/><T131/><D131/><U125/><E101/><V22/><F1/><W127/><G8/><T100/><D43/><U65/><E65/><N who="2" m="41279" /><F22/><W59/><G132/><T103/><D62/><U66/><E66/><V130/><F71/><W73/><G127/><T47/><D47/><U56/><E125/><V54/><F130/><W12/><G42/><T39/><REACH who="0" step="1"/><D95/><REACH who="0" ten="195,296,291,208" step="2"/><U50/><E37/><AGARI ba="0,1" hai="26,27,28,31,37,39,44,46,57,58,96,99,100,103" machi="37" ten="25,9600,0" yaku="1,1,2,1,22,2,53,0" doraHai="3" doraHaiUra="61" who="0" fromWho="1" sc="195,106,296,-96,291,0,208,0" owari="301,40.0,200,-30.0,291,9.0,208,-19.0" /></mjloggm>