<mjloggm ver="2.3"><GO type="225" lobby="0"/><UN n0="%E9%95%B7%E5%B7%9E%E3%81%AE%E5%85%8B" n1="%E3%83%88%E3%83%88%E3%83%AA%E5%85%88%E7%94%9F%31%39%E6%AD%B3" n2="%E9%88%B4%E4%BE%8D" n3="%E8%BF%A6%E9%99%B5%E9%A0%BB%E4%BC%BD" dan="16,18,17,17" rate="2110.20,2181.13,2153.46,2105.83" sx="M,F,M,F"/><TAIKYOKU oya="0"/><INIT seed="0,0,0,1,0,14" ten="250,250,250,250" oya="0" hai0="82,100,113,31,135,104,129,97,10,54,74,28,119" hai1="2,124,6,95,99,11,94,43,125,24,84,131,46" hai2="17,76,118,15,117,40,25,107,77,128,52,70,37" hai3="106,134,116,35,29,53,16,108,98,67,96,49,38"/><T61/><D119/><U9/><E131/><V127/><F70/><W79/><G108/><T85/><D113/><U101/><E24/><V66/><F66/><W7/><G116/><N who="2" m="44649" /><F107/><W112/><G38/><T60/><D74/><U87/><E11/><N who="2" m="6399" /><F127/><N who="1" m="48713" /><E95/><V57/><F128/><W23/><G7/><T121/><D121/><U102/><E102/><V71/><F71/><W56/><G35/><T50/><D135/><U103/><E103/><V44/><F25/><W90/><G29/><T126/><D126/><U69/><E69/><V73/><F73/><W78/><G106/><T88/><D129/><U3/><E3/><V8/><F8/><W19/><G134/><T1/><D31/><U65/><E65/><V89/><F89/><W123/><G123/><T122/><D28/><U58/><E58/><V0/><F0/><W83/><G67/><T21/><D122/><U22/><E22/><V39/><F39/><AGARI ba="0,0" hai="2,6,9,39,43,46,84,87,94,99,101" m="48713" machi="39" ten="30,1000,0" yaku="18,1" doraHai="14" who="1" fromWho="2" sc="250,0,250,10,250,-10,250,0" /><INIT seed="1,0,0,5,5,129" ten="250,260,240,250" oya="1" hai0="71,68,56,12,69,82,121,119,64,93,27,84,114" hai1="74,77,42,65,125,132,3,115,14,49,66,0,57" hai2="128,7,33,80,16,60,110,26,11,54,48,88,108" hai3="81,72,32,95,46,135,105,76,97,123,73,120,61"/><U67/><E115/><V63/><F128/><W62/><G32/><T106/><D106/><U41/><E125/><V43/><F43/><W75/><G46/><T24/><D119/><U98/><E74/><N who="3" m="28778" /><G62/><T59/><D114/><U134/><E77/><V47/><F33/><W96/><G61/><T30/><D93/><U55/><E14/><N who="2" m="7263" /><F7/><W1/><G1/><T116/><D116/><U83/><E83/><V87/><F26/><W20/><G20/><T101/><D101/><U99/><E3/><V133/><F133/><N who="1" m="51305" /><E0/><V86/><F86/><W2/><G2/><T113/><D27/><U10/><E10/><V21/><F21/><W89/><G135/><T103/><D103/><AGARI ba="0,0" hai="75,76,81,89,95,96,97,103,105,120,123" m="28778" machi="103" ten="30,2000,0" yaku="34,2" doraHai="129" who="3" fromWho="0" sc="250,-20,260,0,240,0,250,20" /><INIT seed="2,0,0,1,1,59" ten="230,260,240,270" oya="2" hai0="125,15,34,100,45,20,60,26,107,95,27,66,73" hai1="75,30,37,85,23,96,108,22,42,44,97,58,52" hai2="78,90,7,105,128,126,98,28,93,39,61,113,40" hai3="99,16,0,129,1,86,11,94,71,118,132,83,92"/><V87/><F113/><W36/><G118/><T131/><D73/><U122/><E75/><V46/><F128/><W47/><G71/><T8/><D131/><U133/><E108/><V91/><F126/><W134/><G129/><T103/><D45/><U111/><E111/><V82/><F28/><W31/><G31/><T2/><D2/><N who="3" m="1129" /><G47/><T18/><D125/><U114/><E114/><V41/><F41/><W29/><G29/><T6/><D107/><U121/><E133/><N who="3" m="51306" /><G36/><T106/><D106/><U64/><E64/><V110/><F105/><W123/><G123/><N who="1" m="47114" /><E85/><V63/><F110/><W109/><G109/><T77/><D34/><U3/><E3/><V35/><F35/><W4/><G4/><T10/><D77/><U32/><E32/><V19/><F7/><W81/><G86/><T102/><D10/><U117/><E117/><V21/><F78/><W76/><G76/><T101/><D27/><AGARI ba="0,0" hai="19,21,27,39,40,46,61,63,82,87,90,91,93,98" machi="27" ten="30,5800,0" yaku="7,1,52,2" doraHai="59" who="2" fromWho="0" sc="230,-58,260,0,240,58,270,0" /><INIT seed="2,1,0,1,3,132" ten="172,260,298,270" oya="2" hai0="97,31,47,28,81,71,86,62,45,22,14,23,59" hai1="115,127,60,2,50,99,38,117,76,94,58,123,98" hai2="41,19,90,25,121,91,1,104,34,135,15,131,48" hai3="92,84,5,32,130,61,70,12,8,73,69,20,105"/><V16/><F121/><W18/><G105/><T122/><D71/><U85/><E38/><V89/><F104/><W53/><G73/><T35/><D35/><U0/><E115/><V107/><F107/><W77/><G32/><T7/><D97/><U11/><E117/><V3/><F135/><W134/><G134/><T88/><D122/><U27/><E123/><V33/><F131/><W108/><G108/><T56/><D59/><U80/><E50/><V72/><F72/><W101/><G130/><T43/><D7/><U74/><E127/><V102/><F102/><W24/><G77/><T13/><D23/><U78/><E98/><V120/><F120/><W30/><G101/><T106/><D106/><U96/><E99/><V119/><F119/><W129/><G129/><T55/><D45/><U67/><E76/><V42/><F91/><N who="3" m="53351" /><G70/><T46/><D47/><U128/><E74/><V126/><F25/><W44/><G69/><T133/><D133/><U103/><E128/><V6/><F6/><W114/><G114/><T65/><D65/><U113/><E113/><V37/><F37/><W66/><G66/><T125/><D14/><U51/><E11/><N who="2" m="6271" /><F42/><W75/><G75/><T111/><D111/><U21/><REACH who="1" step="1"/><E51/><REACH who="1" ten="172,250,298,270" step="2"/><V112/><F112/><W83/><G8/><T118/><D118/><U82/><E82/><V79/><F79/><W49/><G83/><T109/><D109/><U95/><E95/><V110/><F110/><W36/><G36/><T52/><D81/><U116/><E116/><V17/><F48/><W93/><G93/><T39/><D39/><U10/><E10/><RYUUKYOKU ba="1,1" sc="172,-10,250,30,298,-10,270,-10" hai1="0,2,21,27,58,60,67,78,80,85,94,96,103" /><INIT seed="3,2,1,4,5,27" ten="162,280,288,260" oya="3" hai0="74,68,95,85,33,125,67,10,60,93,37,98,120" hai1="76,109,112,4,61,124,126,129,135,88,113,96,92" hai2="45,123,36,64,102,62,130,23,6,90,72,78,47" hai3="71,40,133,108,29,119,70,80,121,57,118,49,132"/><W39/><G121/><T54/><D74/><U34/><E109/><V100/><F36/><W94/><G29/><T58/><D120/><U5/><E129/><V97/><F123/><W101/><G80/><T116/><D116/><N who="3" m="44585" /><G94/><T25/><D37/><U117/><E135/><N who="3" m="51786" /><G101/><N who="2" m="39017" /><F130/><W75/><G75/><T31/><D125/><N who="1" m="48235" /><E34/><V24/><F6/><N who="1" m="2665" /><E117/><V38/><F38/><W1/><G1/><T28/><D10/><U50/><E76/><V110/><F110/><W11/><G11/><T16/><D85/><U84/><E50/><V42/><F78/><W131/><G131/><T73/><D73/><U63/><E84/><V66/><F72/><W55/><G108/><T51/><D93/><U26/><E26/><V18/><F62/><AGARI ba="2,1" hai="61,62,63,88,92,96,112,113" m="2665,48235" machi="62" ten="30,2000,0" yaku="18,1,54,1" doraHai="27" who="1" fromWho="2" sc="162,0,280,36,288,-26,260,0" owari="162,-34.0,316,42.0,262,6.0,260,-14.0" /></mjloggm>