<mjloggm ver="2.3"><GO type="225" lobby="0"/><UN n0="%E3%82%BB%E3%82%A4%E3%83%A8%E3%82%A6%E3%83%AA%E3%83%B3%E3%82%B4" n1="%E7%A8%B2%E4%BD%9C%E3%83%B4%E3%82%A9%E3%83%AB%E3%82%B1%E3%82%A4%E3%83%8E" n2="%E5%B0%B1%E6%B4%BB%E7%94%9F%40%E5%B7%9D%E6%9D%91%E8%BB%8D%E5%9B%A3" n3="%E9%A7%84%E5%A6%B9" dan="16,17,16,16" rate="2141.63,2169.54,2076.82,2101.51" sx="M,M,M,F"/><TAIKYOKU oya="0"/><INIT seed="0,0,0,1,3,37" ten="250,250,250,250" oya="0" hai0="129,127,89,58,60,72,61,103,54,44,16,120,45" hai1="34,24,36,10,50,86,112,126,11,62,113,76,0" hai2="108,55,135,128,27,105,133,79,6,70,74,82,40" hai3="88,102,114,123,15,83,73,38,130,26,100,25,109"/><T85/><D72/><U101/><E36/><V4/><F70/><W35/><G114/><N who="1" m="44138" /><E126/><V84/><F105/><W7/><G38/><T2/><D120/><U134/><E134/><N who="2" m="51211" /><F128/><W12/><G123/><T110/><D127/><U51/><E101/><N who="3" m="39018" /><G73/><T107/><D129/><U9/><E0/><V14/><F108/><W69/><G35/><T98/><D61/><U115/><E62/><V42/><F27/><N who="3" m="10251" /><G69/><T8/><D110/><U13/><E13/><N who="3" m="5194" /><G130/><T23/><D8/><U64/><E64/><V131/><F131/><W91/><G109/><T104/><D2/><U99/><E99/><V21/><F74/><W132/><G132/><T41/><D107/><U118/><E118/><V65/><F65/><W78/><G7/><N who="2" m="2601" /><F55/><W68/><G68/><T116/><D116/><U31/><E115/><V92/><F92/><W22/><G22/><T39/><D104/><U49/><E9/><V95/><F95/><W93/><G93/><N who="0" m="54447" /><D103/><U20/><E34/><V33/><F33/><W28/><G28/><T67/><D98/><U30/><E31/><V80/><F80/><AGARI ba="0,0" hai="10,11,20,24,30,49,50,51,76,80,86" m="44138" machi="80" ten="30,1000,0" yaku="11,1" doraHai="37" who="1" fromWho="2" sc="250,0,250,10,250,-10,250,0" /><INIT seed="1,0,0,2,1,8" ten="250,260,240,250" oya="1" hai0="114,100,16,49,127,79,12,105,63,74,44,106,15" hai1="31,132,81,53,52,4,85,107,5,76,20,104,135" hai2="66,94,40,115,0,98,75,3,95,9,62,13,38" hai3="90,55,82,50,108,10,97,93,17,61,133,60,6"/><U39/><E39/><V92/><F75/><W65/><G108/><T99/><D114/><U80/><E31/><V56/><F115/><W42/><G133/><N who="1" m="51274" /><E20/><V37/><F98/><W116/><G116/><T103/><D127/><U69/><E69/><V72/><F72/><W47/><G17/><T101/><D63/><U126/><E126/><V33/><F33/><W45/><G82/><N who="1" m="31850" /><E85/><V71/><F71/><W109/><G109/><T36/><D36/><U58/><E76/><V124/><F124/><W78/><G78/><T67/><D79/><U119/><E119/><V77/><F77/><W110/><G110/><T112/><D74/><U86/><E86/><V32/><F32/><W117/><G117/><T51/><D67/><U111/><E111/><V18/><REACH who="2" step="1"/><F38/><REACH who="2" ten="250,260,230,250" step="2"/><W68/><G68/><T129/><D112/><U24/><E104/><V89/><F89/><W84/><G97/><T59/><D99/><U43/><E107/><V27/><F27/><W11/><G90/><T25/><D105/><U21/><E43/><V122/><F122/><W22/><G84/><T2/><D106/><U96/><E96/><V30/><F30/><W123/><G123/><T70/><D70/><U125/><E125/><V34/><F34/><W121/><G121/><T7/><D101/><U28/><E53/><V54/><F54/><W130/><G55/><N who="0" m="32239" /><D100/><U102/><E102/><V83/><F83/><W88/><G42/><N who="0" m="24983" /><D103/><U118/><E118/><V128/><F128/><W87/><G130/><T113/><D129/><U91/><E91/><V1/><F1/><W48/><G88/><T14/><D113/><RYUUKYOKU ba="0,1" sc="250,-15,260,15,230,15,250,-15" hai1="4,5,21,24,28,52,58" hai2="0,3,9,13,18,37,40,56,62,66,92,94,95" /><INIT seed="1,1,1,1,1,111" ten="235,275,245,235" oya="1" hai0="108,7,0,90,87,12,81,29,125,78,131,116,89" hai1="74,43,27,129,99,46,135,62,16,86,92,44,35" hai2="133,14,115,104,69,102,34,71,53,37,101,13,52" hai3="120,118,8,79,9,83,134,93,6,97,45,63,30"/><U117/><E117/><V100/><F104/><W4/><G120/><T11/><D116/><U25/><E74/><V5/><F37/><W88/><G118/><T123/><D108/><U75/><E75/><V73/><F73/><W57/><G134/><T24/><D125/><U85/><E135/><V36/><F36/><W128/><G128/><T26/><D131/><U54/><E129/><V2/><F133/><W58/><G30/><T18/><D123/><U66/><E54/><N who="2" m="21099" /><F34/><W96/><G45/><N who="1" m="17514" /><E35/><V80/><F80/><W112/><G112/><T59/><D59/><N who="3" m="22537" /><G97/><T40/><D40/><U51/><E51/><V77/><F77/><W49/><G49/><T28/><D28/><U113/><E113/><V3/><F5/><N who="3" m="2155" /><G63/><T22/><D26/><N who="1" m="9739" /><E43/><V82/><F82/><W130/><G130/><T70/><D70/><N who="2" m="26634" /><F115/><W64/><G64/><T31/><D31/><U84/><E66/><V124/><F124/><W60/><G60/><T41/><D41/><U55/><E55/><V1/><AGARI ba="1,1" hai="1,2,3,13,14,100,101,102" m="26634,21099" machi="1" ten="40,5200,0" yaku="28,2,54,1" doraHai="111" who="2" fromWho="2" sc="235,-14,275,-27,245,65,235,-14" /><INIT seed="2,0,0,1,4,7" ten="221,248,310,221" oya="2" hai0="78,113,76,102,123,6,96,9,81,38,107,28,100" hai1="86,34,93,89,116,133,45,56,115,129,108,121,23" hai2="54,43,32,4,40,16,36,60,82,59,67,14,12" hai3="35,106,53,2,19,5,128,31,110,20,119,74,83"/><V41/><F32/><W95/><G119/><T72/><D113/><U47/><E115/><V21/><F36/><W1/><G106/><T48/><D123/><U112/><E116/><V26/><F4/><W88/><G110/><T79/><D102/><U13/><E34/><V22/><F82/><W49/><G128/><T99/><D99/><U91/><E112/><V73/><F73/><W62/><G62/><T30/><D38/><U39/><E133/><V37/><F37/><W66/><G66/><T87/><D48/><U52/><E108/><V125/><F125/><W55/><G55/><T44/><D44/><U42/><E129/><V61/><REACH who="2" step="1"/><F22/><REACH who="2" ten="221,248,300,221" step="2"/><W46/><G83/><T105/><D72/><U124/><E124/><V98/><F98/><W111/><G74/><T77/><REACH who="0" step="1"/><D107/><REACH who="0" ten="211,248,300,221" step="2"/><U18/><E121/><V25/><F25/><W11/><G111/><T24/><D24/><U135/><E135/><V118/><F118/><W27/><G35/><T68/><D68/><AGARI ba="0,2" hai="12,14,16,21,26,40,41,43,54,59,60,61,67,68" machi="68" ten="40,7700,0" yaku="1,1,54,1,53,1" doraHai="7" doraHaiUra="64" who="2" fromWho="0" sc="211,-77,248,0,300,97,221,0" /><INIT seed="2,1,0,0,0,112" ten="134,248,397,221" oya="2" hai0="133,69,54,111,90,12,110,113,13,126,82,72,34" hai1="30,96,78,122,36,88,23,21,99,19,121,44,3" hai2="129,128,67,66,26,135,97,116,76,85,37,130,118" hai3="59,32,131,107,43,40,75,47,70,17,4,45,2"/><V98/><F37/><W127/><G70/><T62/><D113/><U22/><E3/><V41/><F41/><W93/><G107/><T5/><D133/><U50/><E36/><V86/><F26/><W27/><G75/><T60/><D126/><U61/><E78/><V91/><F76/><W55/><G2/><T71/><D34/><U65/><E30/><V106/><F135/><W77/><G4/><T57/><D90/><U6/><E6/><V101/><F97/><W123/><G77/><T100/><D100/><U104/><E19/><V80/><F86/><W95/><G32/><T124/><D124/><U56/><E104/><V42/><F42/><N who="3" m="15915" /><G131/><T83/><D5/><U103/><E103/><V7/><F7/><W52/><G123/><N who="1" m="47114" /><E88/><V18/><F18/><W73/><G73/><T39/><D39/><U117/><E117/><AGARI ba="1,0" hai="66,67,80,85,91,98,101,106,116,117,118,128,129,130" machi="117" ten="50,12000,1" yaku="19,1,52,3" doraHai="112" who="2" fromWho="1" sc="134,0,248,-123,397,123,221,0" /><INIT seed="2,2,0,3,5,112" ten="134,125,520,221" oya="2" hai0="117,81,34,19,35,14,53,37,83,110,111,67,99" hai1="64,123,17,49,40,104,70,88,66,101,92,84,82" hai2="44,127,46,120,100,103,106,97,11,94,7,105,132" hai3="76,10,54,69,39,108,52,134,55,121,4,26,60"/><V16/><F120/><W1/><G121/><T113/><D113/><U72/><E123/><V118/><F118/><W6/><G108/><N who="0" m="41515" /><D37/><U65/><E104/><V91/><F127/><W130/><G39/><T129/><D67/><U79/><E101/><V107/><F132/><W30/><G134/><T128/><D117/><U5/><E5/><V87/><F16/><W102/><G6/><T125/><D125/><U23/><E40/><V45/><REACH who="2" step="1"/><F97/><REACH who="2" ten="134,125,510,221" step="2"/><W48/><G130/><N who="0" m="50283" /><D99/><U0/><E0/><AGARI ba="2,1" hai="0,7,11,44,45,46,87,91,94,100,103,105,106,107" machi="0" ten="50,2400,0" yaku="1,1,53,0" doraHai="112" doraHaiUra="36" who="2" fromWho="1" sc="134,0,125,-30,510,40,221,0" /><INIT seed="2,3,0,5,1,96" ten="134,95,550,221" oya="2" hai0="21,127,29,78,34,101,81,57,115,71,35,64,118" hai1="122,20,16,47,62,58,68,83,112,130,106,88,94" hai2="63,134,129,104,111,110,53,30,33,12,108,9,37" hai3="44,66,100,93,69,117,67,17,40,105,85,55,22"/><V54/><F104/><W113/><G117/><T133/><D115/><U6/><E112/><V11/><F37/><W18/><G69/><T51/><D127/><U42/><E106/><V3/><F3/><W97/><G113/><T87/><D133/><U0/><E68/><V26/><F134/><W95/><G55/><T25/><D118/><U75/><E130/><V27/><F129/><W23/><G23/><T120/><D120/><U73/><E122/><V90/><F27/><W28/><G28/><T123/><D123/><U4/><E0/><V86/><F63/><W91/><G105/><T76/><D76/><U84/><E75/><V56/><F56/><W52/><G18/><T39/><D39/><U24/><E83/><N who="2" m="49503" /><F11/><W116/><G116/><T102/><D71/><U61/><E73/><V109/><F109/><W7/><G7/><AGARI ba="3,0" hai="7,9,12,26,30,33,53,54,108,110,111" m="49503" machi="7" ten="30,2900,0" yaku="14,1,10,1" doraHai="96" who="2" fromWho="3" sc="134,0,95,0,550,38,221,-38" /><INIT seed="2,4,0,4,4,109" ten="134,95,588,183" oya="2" hai0="37,107,123,54,86,3,70,91,126,62,83,101,74" hai1="128,122,69,33,49,30,79,17,71,106,99,59,43" hai2="78,118,68,105,120,6,39,19,65,72,121,51,4" hai3="2,98,41,24,67,125,102,15,34,8,1,95,85"/><V73/><F105/><W32/><G125/><T81/><D123/><U87/><E122/><V97/><F39/><W50/><G67/><T75/><D37/><U133/><E133/><V9/><F118/><W29/><G34/><T18/><D3/><U117/><E117/><V52/><F97/><W10/><G10/><T55/><D126/><U132/><E132/><V124/><F124/><W127/><G127/><T77/><D74/><U42/><E128/><V108/><F108/><W84/><G50/><T130/><D130/><U23/><E33/><V58/><F19/><W48/><G48/><T35/><D35/><U16/><E106/><V110/><F110/><W11/><G41/><N who="1" m="15370" /><E71/><V96/><F96/><W88/><G8/><T103/><D103/><U22/><E69/><V63/><F6/><W5/><REACH who="3" step="1"/><G84/><REACH who="3" ten="134,95,588,173" step="2"/><T47/><D86/><U46/><E59/><V82/><REACH who="2" step="1"/><F73/><REACH who="2" ten="134,95,578,173" step="2"/><W111/><G111/><T92/><D75/><U57/><E87/><V129/><F129/><W25/><G25/><T44/><D107/><AGARI ba="4,2" hai="1,2,5,11,15,24,29,32,85,88,95,98,102,107" machi="107" ten="30,3900,0" yaku="1,1,7,1,54,1,53,0" doraHai="109" doraHaiUra="14" who="3" fromWho="0" sc="134,-51,95,0,578,0,173,71" /><INIT seed="3,0,0,4,1,16" ten="83,95,578,244" oya="3" hai0="108,69,58,48,110,135,10,133,89,117,104,80,35" hai1="46,97,84,8,98,78,124,65,29,51,127,7,121" hai2="18,17,94,85,101,67,12,90,112,122,76,92,63" hai3="105,20,56,71,5,115,26,106,43,91,125,38,130"/><W66/><G71/><T62/><D117/><U27/><E121/><V3/><F112/><W68/><G68/><T34/><D104/><U82/><E65/><V30/><F122/><W119/><G119/><T21/><D10/><U50/><E51/><V59/><F3/><W6/><G43/><T61/><D21/><N who="1" m="15599" /><E124/><V126/><F126/><W99/><G38/><T36/><D36/><U1/><E1/><V132/><F132/><N who="0" m="50762" /><D48/><U13/><E127/><V4/><F30/><W23/><G66/><N who="0" m="41167" /><D89/><U111/><E111/><N who="0" m="42537" /><D80/><U41/><AGARI ba="0,0" hai="7,8,13,41,46,50,78,82,84,97,98" m="15599" machi="41" ten="30,4000,0" yaku="25,1,8,1,52,1" doraHai="16" who="1" fromWho="1" sc="83,-10,95,40,578,-10,244,-20" owari="73,-43.0,135,-26.0,568,67.0,224,2.0" /></mjloggm>