<mjloggm ver="2.3"><GO type="97" lobby="0"/><UN n0="%50%6F%6F%6C%79" n1="%E5%B0%B1%E6%B4%BB%E7%94%9F%40%E5%B7%9D%E6%9D%91%E8%BB%8D%E5%9B%A3" n2="%42%4F%53%53%37" n3="%6B%6F%2D%73%68%69%72%6F" dan="14,16,15,13" rate="1900.08,2075.89,1993.56,1902.79" sx="M,M,M,M"/><TAIKYOKU oya="0"/><INIT seed="0,0,0,5,5,76" ten="250,250,250,250" oya="0" hai0="72,94,115,56,37,61,134,65,114,21,50,51,70" hai1="79,112,127,57,11,47,119,63,125,24,42,43,58" hai2="93,111,31,113,105,88,2,3,107,25,0,68,104" hai3="33,16,97,74,27,82,48,14,124,60,87,64,66"/><T121/><D72/><U52/><E119/><V95/><F113/><N who="0" m="43018" /><D21/><U41/><E79/><V69/><F111/><W17/><G124/><N who="1" m="47690" /><E112/><V39/><F39/><W133/><G133/><T91/><D94/><U116/><E116/><V62/><F62/><W117/><G117/><T109/><D91/><U81/><E81/><V123/><F123/><W15/><G74/><T90/><D90/><U106/><E106/><V26/><F31/><W100/><G33/><T45/><D121/><U98/><E98/><V28/><F28/><W126/><G126/><T131/><D134/><U13/><E24/><V55/><F55/><W54/><G27/><N who="2" m="10249" /><F88/><N who="3" m="51319" /><G97/><T7/><D7/><N who="1" m="3327" /><E57/><V129/><F129/><W46/><G100/><T86/><D86/><U49/><AGARI ba="0,0" hai="41,42,43,47,49,52,58,63" m="3327,47690" machi="49" ten="30,2000,0" yaku="18,1,54,1" doraHai="76" who="1" fromWho="1" sc="250,-10,250,20,250,-5,250,-5" /><INIT seed="1,0,0,3,3,63" ten="240,270,245,245" oya="1" hai0="105,21,7,40,58,29,43,62,134,46,125,115,20" hai1="103,41,3,81,42,100,56,34,75,98,94,15,79" hai2="83,70,65,120,93,17,30,87,47,90,2,4,104" hai3="19,54,60,0,86,59,8,45,11,88,50,135,64"/><U121/><E3/><V114/><F120/><W119/><G119/><T96/><D115/><U101/><E121/><V109/><F104/><W132/><G0/><T111/><D125/><U77/><E77/><V37/><F114/><W85/><G85/><T129/><D129/><U67/><E34/><V26/><F109/><W18/><G8/><T38/><D134/><N who="3" m="51241" /><G11/><T78/><D111/><U117/><E117/><V33/><F2/><W69/><G69/><T128/><D128/><U35/><E35/><V110/><F4/><W123/><G123/><T53/><D7/><U66/><E15/><V113/><F113/><W25/><G25/><T127/><D127/><U61/><REACH who="1" step="1"/><E66/><REACH who="1" ten="240,260,245,245" step="2"/><V95/><F110/><W28/><G28/><T51/><D78/><U44/><E44/><V23/><F65/><W10/><G10/><T14/><D14/><U130/><E130/><V84/><F70/><W6/><G6/><T36/><D29/><U32/><E32/><V24/><F47/><W55/><G19/><T133/><D133/><U71/><E71/><V89/><REACH who="2" step="1"/><F37/><REACH who="2" ten="240,260,235,245" step="2"/><W74/><G18/><T112/><D112/><U57/><E57/><V107/><F107/><W102/><G64/><N who="0" m="38999" /><D105/><U68/><E68/><V48/><F48/><W1/><G1/><T31/><D38/><U72/><E72/><V49/><F49/><W39/><G74/><T99/><D36/><U12/><E12/><V126/><F126/><W76/><G39/><T97/><D31/><U16/><E16/><V131/><F131/><W91/><G102/><AGARI ba="0,2" hai="41,42,56,61,67,75,79,81,94,98,100,101,102,103" machi="102" ten="40,7700,0" yaku="1,1,52,1,53,1" doraHai="63" doraHaiUra="73" who="1" fromWho="3" sc="240,0,260,97,235,0,245,-77" /><INIT seed="1,1,0,4,4,3" ten="240,357,235,168" oya="1" hai0="1,57,14,99,88,29,133,128,4,105,36,124,8" hai1="96,50,63,13,41,68,16,115,91,94,95,78,37" hai2="38,21,22,49,126,117,9,106,101,121,82,116,80" hai3="32,25,7,30,118,90,42,114,46,67,86,102,66"/><U35/><E37/><V112/><F38/><W85/><G114/><T5/><D36/><U108/><E115/><V15/><F112/><W83/><G118/><T111/><D105/><U53/><E108/><V120/><F106/><W98/><G86/><T70/><D70/><U123/><E123/><V44/><F101/><W64/><G7/><N who="0" m="3359" /><D1/><U100/><E78/><V18/><F126/><W69/><G46/><T130/><D124/><U43/><E35/><V93/><F93/><W84/><G84/><T65/><D111/><U132/><E132/><V0/><F0/><W135/><G42/><T109/><D29/><U28/><E28/><V79/><F117/><W92/><REACH who="3" step="1"/><G135/><REACH who="3" ten="240,357,235,158" step="2"/><T122/><D133/><U17/><E43/><V26/><F116/><W134/><G134/><T62/><D122/><U20/><E41/><V103/><F121/><W104/><G104/><T71/><D109/><U27/><E96/><V131/><F120/><W125/><G125/><T58/><D71/><AGARI ba="1,1" hai="25,30,32,64,66,67,69,71,83,85,90,92,98,102" machi="71" ten="40,1300,0" yaku="1,1,53,0" doraHai="3" doraHaiUra="40" who="3" fromWho="0" sc="240,-16,357,0,235,0,158,26" /><INIT seed="2,0,0,2,1,103" ten="224,357,235,184" oya="2" hai0="129,0,102,1,18,132,57,98,30,86,53,127,83" hai1="21,100,84,42,74,104,33,11,46,4,43,58,28" hai2="118,35,14,63,22,126,3,16,77,71,20,107,51" hai3="45,110,122,130,29,97,134,93,17,39,27,81,82"/><V61/><F118/><W34/><G122/><T105/><D127/><U90/><E74/><V60/><F3/><W94/><G134/><T85/><D132/><U80/><E33/><V6/><F35/><W13/><G130/><T109/><D129/><U64/><E104/><V99/><F6/><W38/><G110/><T111/><D30/><U108/><E100/><V69/><F126/><W95/><G97/><T40/><D40/><U101/><E101/><V54/><F77/><W12/><G45/><T49/><D18/><U15/><E108/><N who="0" m="41545" /><D86/><U121/><E121/><V87/><F87/><W25/><G34/><T75/><D75/><U31/><E21/><V68/><F99/><W62/><G17/><T52/><D53/><U131/><E131/><V135/><F135/><W119/><G29/><N who="1" m="11338" /><E46/><V106/><REACH who="2" step="1"/><F22/><REACH who="2" ten="224,357,225,184" step="2"/><W65/><G119/><T47/><D47/><AGARI ba="0,1" hai="14,16,20,47,51,54,60,61,63,68,69,71,106,107" machi="47" ten="50,24000,3" yaku="1,1,2,1,52,2,54,1,53,3" doraHai="103" doraHaiUra="59" who="2" fromWho="0" sc="224,-240,357,0,225,250,184,0" owari="-16,-52.0,357,16.0,475,58.0,184,-22.0" /></mjloggm>