<mjloggm ver="2.3"><GO type="41" lobby="0"/><UN n0="%E8%B2%B4%E6%97%8F%E7%B3%BB%E9%9B%80%E5%A3%AB" n1="%E3%81%9A%E3%81%97" n2="%E5%B0%B1%E6%B4%BB%E7%94%9F%40%E5%B7%9D%E6%9D%91%E8%BB%8D%E5%9B%A3" n3="%E6%B9%98%E5%8C%97%E2%91%AD%E4%B8%89%E4%BA%95%E5%AF%BF" dan="14,15,15,14" rate="1949.37,1986.02,2014.23,1977.75" sx="F,M,M,M"/><TAIKYOKU oya="0"/><INIT seed="0,0,0,4,0,87" ten="250,250,250,250" oya="0" hai0="75,12,115,132,47,107,117,8,90,79,54,3,32" hai1="121,1,77,63,93,14,37,131,71,49,62,116,65" hai2="29,23,114,74,41,110,11,53,0,5,4,84,127" hai3="109,106,35,2,57,66,83,82,124,58,135,118,78"/><T22/><D32/><U21/><E1/><V42/><F74/><W105/><G35/><T52/><D117/><U33/><E116/><V34/><F114/><W73/><G118/><T31/><D115/><U91/><E37/><V98/><F127/><W120/><G2/><T126/><D126/><U86/><E33/><V48/><F34/><W76/><G124/><T130/><D130/><U97/><E121/><V129/><F129/><W46/><G120/><T103/><D132/><U89/><E131/><V26/><F110/><W128/><G128/><T17/><D47/><U101/><E49/><V60/><F5/><W88/><G46/><T112/><D112/><U20/><E77/><V125/><F125/><W72/><G66/><T24/><D3/><U61/><E91/><V15/><F0/><W80/><G80/><T16/><D75/><U10/><E65/><V45/><F98/><W92/><G109/><T113/><D79/><U18/><REACH who="1" step="1"/><E71/><REACH who="1" ten="250,240,250,250" step="2"/><V68/><F68/><W44/><G135/><T30/><D90/><U51/><E51/><V69/><F69/><W134/><G134/><T108/><D113/><U96/><E96/><V119/><F119/><W102/><G44/><T67/><D67/><U133/><E133/><V6/><F60/><W50/><G50/><T100/><D108/><U111/><E111/><V28/><F42/><W94/><G102/><N who="0" m="38955" /><D107/><AGARI ba="0,1" hai="10,14,18,20,21,61,62,63,86,89,93,97,101,107" machi="107" ten="40,2600,0" yaku="1,1,52,1,53,0" doraHai="87" doraHaiUra="39" who="1" fromWho="0" sc="250,-26,240,36,250,0,250,0" /><INIT seed="1,0,0,4,2,13" ten="224,276,250,250" oya="1" hai0="50,12,61,56,123,33,14,95,115,100,11,104,40" hai1="98,80,105,96,15,93,9,18,127,130,25,77,103" hai2="27,66,34,133,6,97,1,113,135,91,24,73,106" hai3="0,26,21,131,38,129,54,119,49,68,101,31,47"/><U16/><E130/><N who="3" m="49674" /><G0/><T63/><D104/><U64/><E127/><V53/><F73/><W117/><G101/><T134/><D40/><U28/><E64/><V52/><F113/><W37/><G68/><T107/><D33/><U35/><E15/><V86/><F66/><W116/><AGARI ba="0,0" hai="21,26,31,37,38,47,49,54,116,117,119" m="49674" machi="116" ten="40,2700,0" yaku="12,1,19,1" doraHai="13" who="3" fromWho="3" sc="224,-7,276,-13,250,-7,250,27" /><INIT seed="2,0,0,0,2,19" ten="217,263,243,277" oya="2" hai0="106,12,10,35,60,112,76,72,132,90,51,22,8" hai1="30,47,62,100,0,94,24,135,123,54,32,128,31" hai2="39,81,102,87,89,73,97,7,33,44,84,118,125" hai3="29,104,114,11,70,52,133,99,121,56,79,27,50"/><V41/><F118/><W91/><G70/><T36/><D36/><U131/><E0/><V134/><F125/><W129/><G121/><T110/><D110/><U75/><E123/><V85/><F134/><W58/><G133/><T55/><D112/><U13/><E75/><V38/><F33/><W63/><G114/><T3/><D35/><U17/><E135/><V126/><F126/><W21/><G129/><N who="1" m="49738" /><E31/><V86/><F7/><W5/><G104/><T111/><D106/><U119/><E119/><V113/><F113/><W109/><G109/><T65/><D111/><U115/><E115/><V122/><F122/><W96/><G79/><T67/><D3/><U57/><E47/><V49/><REACH who="2" step="1"/><F73/><REACH who="2" ten="217,263,233,277" step="2"/><W95/><G96/><T25/><D132/><U40/><E32/><V124/><F124/><W64/><G5/><T105/><D72/><U127/><E127/><V43/><F43/><W42/><G42/><T130/><D130/><U98/><E40/><V82/><F82/><W71/><G71/><T20/><D76/><U83/><E83/><V66/><F66/><W28/><G11/><T108/><D67/><U59/><E54/><V15/><F15/><W88/><G29/><T45/><D108/><U103/><E30/><V9/><F9/><W61/><REACH who="3" step="1"/><G63/><REACH who="3" ten="217,263,233,267" step="2"/><T4/><D8/><N who="1" m="6311" /><E62/><V16/><F16/><W6/><G6/><T69/><D60/><U93/><E24/><V107/><AGARI ba="0,2" hai="38,39,41,44,49,81,84,85,86,87,89,97,102,107" machi="107" ten="30,3000,0" yaku="1,1,0,1,53,0" doraHai="19" doraHaiUra="26" who="2" fromWho="2" sc="217,-10,263,-10,233,50,267,-10" /><INIT seed="2,1,0,2,0,87" ten="207,253,283,257" oya="2" hai0="19,126,47,100,112,116,95,88,36,9,27,6,30" hai1="32,60,25,7,107,84,120,34,23,93,42,13,124" hai2="22,108,80,134,89,49,45,101,21,96,41,3,86" hai3="16,28,81,50,119,97,83,121,78,61,105,111,130"/><V132/><F3/><W69/><G121/><T67/><D112/><U2/><E107/><V18/><F108/><W85/><G111/><T73/><D73/><U99/><E120/><V77/><F77/><W46/><G28/><T39/><D116/><U104/><E2/><V110/><F110/><W1/><G1/><T55/><D126/><U64/><E124/><V56/><F56/><W4/><G4/><T38/><D100/><U43/><E84/><V113/><F113/><W109/><G119/><T79/><D19/><U62/><E62/><V103/><F103/><W17/><G109/><T128/><D128/><U75/><E75/><V11/><F11/><W52/><G130/><T98/><D79/><U102/><E34/><V48/><F48/><W54/><G105/><T63/><D55/><U125/><E125/><V82/><F82/><W40/><G97/><T10/><D47/><U91/><E13/><V122/><F122/><W14/><G83/><T24/><D6/><U131/><E7/><V20/><REACH who="2" step="1"/><F18/><REACH who="2" ten="207,253,273,257" step="2"/><N who="3" m="7275" /><G69/><T117/><D117/><U8/><E131/><V114/><F114/><W90/><G14/><T57/><REACH who="0" step="1"/><D27/><REACH who="0" ten="197,253,273,257" step="2"/><U33/><E25/><V65/><F65/><W127/><G127/><T92/><D92/><AGARI ba="1,2" hai="20,21,22,41,45,49,80,86,89,92,96,101,132,134" machi="92" ten="40,7700,0" yaku="1,1,52,1,53,1" doraHai="87" doraHaiUra="37" who="2" fromWho="0" sc="197,-80,253,0,273,100,257,0" /><INIT seed="2,2,0,3,5,6" ten="117,253,373,257" oya="2" hai0="124,126,49,16,32,133,91,73,122,62,24,76,46" hai1="37,21,93,95,92,31,125,107,114,50,51,4,106" hai2="132,81,63,35,14,17,59,12,100,45,43,78,117" hai3="64,27,89,40,54,58,20,128,80,85,67,94,99"/><V75/><F35/><W71/><G40/><T96/><D122/><U88/><E37/><V103/><F117/><W7/><G71/><T113/><D113/><U115/><E4/><V109/><F132/><W121/><G121/><T70/><D133/><U38/><E38/><V82/><F82/><W13/><G128/><T74/><D32/><U77/><E77/><V56/><F14/><W19/><G7/><T101/><D91/><U104/><E88/><V90/><F90/><W84/><G13/><T105/><D70/><U36/><E36/><V68/><F68/><W10/><G10/><T9/><D62/><U116/><E116/><V5/><F5/><W127/><G127/><N who="0" m="48683" /><D76/><U83/><E83/><V66/><F59/><W23/><G23/><N who="0" m="13415" /><D9/><U41/><E125/><V112/><F112/><W98/><G99/><T120/><D120/><U22/><E31/><V34/><F34/><W42/><G42/><AGARI ba="2,0" hai="42,46,49,73,74,96,101,105" m="13415,48683" machi="42" ten="30,2000,0" yaku="18,1,54,1" doraHai="6" who="0" fromWho="3" sc="117,26,253,0,373,0,257,-26" /><INIT seed="3,0,0,4,3,32" ten="143,253,373,231" oya="3" hai0="48,12,50,104,24,44,90,96,91,76,37,28,115" hai1="9,41,98,46,11,100,92,16,2,132,17,18,128" hai2="25,1,22,59,103,40,70,110,116,35,58,52,131" hai3="67,15,55,63,75,119,95,54,53,20,34,121,133"/><W42/><G34/><T80/><D115/><U7/><E128/><V69/><F116/><W26/><G119/><T33/><D12/><U118/><E118/><V8/><F35/><W113/><G75/><T107/><D37/><U23/><E132/><V30/><F131/><W74/><G74/><T66/><D66/><U109/><E109/><V123/><F123/><W51/><G113/><T130/><D130/><U83/><E11/><V38/><F110/><W56/><G121/><T14/><D14/><U65/><E65/><V117/><F117/><W134/><G15/><T125/><D125/><U122/><E122/><V62/><F103/><W108/><G108/><T124/><D124/><U61/><E61/><V89/><F89/><W94/><G42/><T6/><D6/><U0/><E0/><V47/><REACH who="2" step="1"/><F58/><REACH who="2" ten="143,253,363,231" step="2"/><W60/><G63/><T5/><D91/><U126/><E126/><V13/><F13/><W71/><G71/><T29/><D90/><U102/><E83/><V21/><F21/><W86/><G51/><T114/><D48/><U127/><E127/><V111/><F111/><W88/><REACH who="3" step="1"/><G95/><REACH who="3" ten="143,253,363,221" step="2"/><T106/><D114/><U68/><E68/><V27/><F27/><W129/><G129/><T72/><D24/><U36/><REACH who="1" step="1"/><E102/><REACH who="1" ten="143,243,363,221" step="2"/><V79/><F79/><W105/><G105/><T99/><D107/><U19/><E19/><AGARI ba="0,3" hai="19,20,26,53,54,55,56,60,67,86,88,94,133,134" machi="19" ten="40,3900,0" yaku="1,1,54,1,53,0" doraHai="32" doraHaiUra="45" who="3" fromWho="1" sc="143,0,243,-39,363,0,221,69" /><INIT seed="3,1,0,2,2,61" ten="143,204,363,290" oya="3" hai0="95,12,41,46,27,50,92,56,66,54,79,89,122" hai1="109,11,86,106,60,80,43,94,49,14,120,35,48" hai2="126,45,24,34,16,77,28,21,20,76,81,53,59" hai3="123,78,90,17,42,75,31,124,97,26,44,110,29"/><W71/><G123/><T52/><D122/><U37/><E120/><V25/><F126/><W113/><G124/><T65/><D79/><U55/><E106/><V23/><F45/><W70/><G113/><T32/><D95/><U131/><E35/><V73/><REACH who="2" step="1"/><F76/><REACH who="2" ten="143,204,353,290" step="2"/><W33/><G78/><T102/><D102/><U112/><E112/><V105/><F105/><W96/><G44/><T134/><D134/><U0/><E131/><V135/><F135/><W118/><G118/><T99/><D12/><U2/><E14/><V74/><F74/><W115/><G75/><T40/><D40/><U8/><E43/><V84/><F84/><W30/><G42/><T51/><REACH who="0" step="1"/><D41/><REACH who="0" ten="133,204,353,290" step="2"/><U127/><E127/><V67/><F67/><W116/><G116/><T57/><D57/><U85/><E86/><V133/><F133/><W121/><G115/><T63/><D63/><AGARI ba="1,2" hai="16,20,21,23,24,25,28,34,53,59,63,73,77,81" machi="63" ten="30,3900,0" yaku="1,1,7,1,54,1,53,0" doraHai="61" doraHaiUra="114" who="2" fromWho="0" sc="133,-42,204,0,353,62,290,0" /><INIT seed="4,0,0,2,3,57" ten="91,204,415,290" oya="0" hai0="51,75,77,61,15,111,116,118,55,96,20,102,36" hai1="27,17,72,99,34,135,22,83,106,28,133,130,26" hai2="80,86,33,59,125,50,18,120,4,67,11,69,48" hai3="105,40,78,131,47,12,85,79,109,30,56,10,25"/><T1/><D1/><U88/><E130/><V8/><F33/><W13/><G105/><T90/><D36/><U129/><E129/><V43/><F120/><W95/><G131/><T44/><D111/><U0/><E0/><V123/><F69/><W127/><G109/><T3/><D3/><U112/><E112/><V113/><F123/><W91/><G127/><T89/><D116/><U62/><E106/><V71/><F71/><W92/><G95/><T58/><D118/><U21/><E72/><V19/><F113/><W73/><G73/><T24/><D15/><U9/><E9/><V6/><F125/><W94/><G94/><N who="0" m="58647" /><D77/><U117/><E117/><V64/><F43/><W52/><G47/><T93/><D75/><U68/><E22/><V115/><F115/><W104/><G40/><T98/><D90/><U53/><E68/><V42/><F42/><W132/><G104/><T110/><D110/><U35/><E35/><V82/><F59/><W29/><G13/><T39/><D39/><U45/><E45/><V16/><F19/><N who="3" m="8599" /><G132/><N who="1" m="50762" /><E99/><V41/><F41/><W54/><G54/><T103/><D103/><U70/><E70/><V122/><F122/><W107/><G107/><T76/><D76/><N who="3" m="29225" /><G25/><T14/><D14/><U60/><E53/><V31/><F86/><AGARI ba="0,0" hai="17,21,26,27,28,34,60,62,83,86,88" m="50762" machi="86" ten="30,7700,0" yaku="20,1,52,2,54,1" doraHai="57" who="1" fromWho="2" sc="91,0,204,77,415,-77,290,0" /><INIT seed="5,0,0,2,1,3" ten="91,281,338,290" oya="1" hai0="7,91,1,130,131,8,57,36,98,105,64,117,74" hai1="2,25,6,29,41,67,87,112,52,4,16,83,119" hai2="45,73,102,71,100,51,115,80,59,56,43,47,35" hai3="126,28,120,95,62,65,38,31,26,110,11,101,21"/><U34/><E119/><V89/><F71/><W81/><G38/><T37/><D117/><U53/><E112/><V122/><F35/><W19/><G126/><T134/><D134/><U97/><E67/><V86/><F122/><W79/><G120/><T55/><D64/><U125/><E125/><V116/><F116/><W96/><G110/><T128/><D74/><U132/><E132/><V61/><F115/><W63/><G11/><T70/><D70/><U94/><E41/><V109/><F109/><W77/><G77/><T104/><D104/><U33/><E33/><V18/><F73/><W124/><G124/><T14/><D1/><U27/><E2/><V84/><F47/><W13/><G13/><T24/><D24/><U92/><E34/><V75/><F75/><W113/><G113/><T66/><D66/><U9/><E29/><N who="3" m="11338" /><G65/><T133/><D133/><U60/><E97/><V44/><F44/><W22/><G21/><T129/><N who="0" m="33280" /><DORA hai="42" /><T108/><D108/><U12/><E27/><V30/><F30/><W20/><G20/><T48/><REACH who="0" step="1"/><D91/><REACH who="0" ten="81,281,338,290" step="2"/><N who="1" m="51711" /><E25/><V69/><F69/><W106/><G106/><T68/><D68/><U135/><E135/><V46/><F89/><W17/><G26/><T123/><D123/><U10/><E12/><V114/><F43/><W88/><G79/><T76/><D76/><U15/><E15/><V58/><F114/><W82/><G88/><T121/><D121/><U5/><E5/><V39/><F39/><W78/><G78/><T99/><D99/><U49/><E6/><V54/><F84/><W127/><G127/><T50/><D50/><RYUUKYOKU ba="0,1" sc="81,30,281,-10,338,-10,290,-10" hai0="7,8,14,36,37,48,55,57,98,105" /><INIT seed="6,1,1,5,2,113" ten="111,271,328,280" oya="2" hai0="73,75,23,29,37,44,108,61,77,40,111,86,36" hai1="19,97,133,21,4,100,57,25,54,110,92,50,0" hai2="1,90,43,134,20,41,116,114,106,63,6,99,117" hai3="39,48,31,80,34,33,70,107,79,122,64,9,15"/><V85/><F114/><W96/><G39/><T3/><D23/><U68/><E110/><V2/><F134/><W17/><G122/><T32/><D86/><U131/><E133/><V102/><F63/><W76/><G48/><T91/><D91/><U126/><E126/><V103/><F103/><N who="3" m="62951" /><G34/><T130/><D130/><U47/><E131/><V42/><F20/><W66/><G66/><T95/><D95/><U7/><E68/><V118/><REACH who="2" step="1"/><F6/><REACH who="2" ten="111,271,318,280" step="2"/><W125/><G125/><T55/><D61/><N who="1" m="36023" /><E0/><V112/><F112/><W87/><G70/><T22/><D3/><U59/><E59/><V132/><F132/><W121/><G33/><T45/><D22/><U93/><E93/><AGARI ba="1,2" hai="1,2,41,42,43,85,90,93,99,102,106,116,117,118" machi="93" ten="50,12000,1" yaku="1,1,52,3,53,0" doraHai="113" doraHaiUra="46" who="2" fromWho="1" sc="111,0,271,-123,318,143,280,0" /><INIT seed="6,2,0,1,0,30" ten="111,148,461,280" oya="2" hai0="132,64,81,109,74,82,42,34,79,62,101,92,68" hai1="12,60,131,15,93,100,5,112,76,24,10,26,25" hai2="130,108,91,57,72,63,122,118,96,85,90,84,0" hai3="4,102,14,95,19,45,38,119,21,29,59,27,9"/><V127/><F0/><W67/><G119/><T103/><D109/><U94/><E112/><V123/><F72/><W77/><G77/><T22/><D132/><U40/><E131/><V135/><F118/><W48/><G38/><T71/><D71/><U110/><E110/><V87/><F108/><W98/><G4/><T2/><D2/><U129/><E129/><V18/><F135/><W36/><G36/><T61/><D42/><U32/><E32/><V88/><F127/><W55/><G67/><T66/><D34/><U75/><E40/><V16/><F130/><W125/><G125/><T78/><D22/><U83/><E60/><V31/><F31/><W113/><G113/><T52/><D92/><U1/><REACH who="1" step="1"/><E94/><REACH who="1" ten="111,138,461,280" step="2"/><V134/><F134/><W7/><G7/><T117/><D117/><U13/><E13/><V126/><F126/><W106/><REACH who="3" step="1"/><G106/><REACH who="3" ten="111,138,461,270" step="2"/><T80/><D74/><U3/><E3/><V97/><F122/><W47/><AGARI ba="2,2" hai="9,14,19,21,27,29,45,47,48,55,59,95,98,102" machi="47" ten="30,7900,0" yaku="1,1,2,1,0,1,8,1,53,0" doraHai="30" doraHaiUra="73" who="3" fromWho="3" sc="111,-22,138,-22,461,-41,270,105" /><INIT seed="7,0,0,3,3,63" ten="89,116,420,375" oya="3" hai0="79,103,3,75,128,122,131,94,37,32,13,97,1" hai1="45,62,127,117,8,34,20,66,81,95,93,54,102" hai2="101,25,19,78,112,33,14,88,57,4,64,18,47" hai3="40,28,38,118,27,46,67,123,83,49,35,23,60"/><W135/><G123/><T72/><D122/><U130/><E34/><V90/><F112/><W0/><G118/><T7/><D32/><U74/><E117/><V85/><F101/><W98/><G0/><N who="0" m="75" /><D7/><U125/><E8/><N who="2" m="4359" /><F33/><W114/><G114/><T5/><D5/><U99/><E54/><V43/><F78/><W21/><G135/><T104/><D13/><U91/><E62/><N who="2" m="37967" /><F25/><W29/><G29/><T36/><D94/><U17/><E95/><N who="2" m="54671" /><F90/><W113/><G113/><T44/><D44/><U82/><E45/><V134/><F134/><W133/><G133/><T55/><D55/><U10/><E91/><V100/><F100/><W110/><G110/><T53/><D53/><U48/><E102/><V86/><F86/><W39/><G98/><T109/><D109/><U111/><E99/><V106/><F106/><W92/><G92/><T68/><D68/><U121/><E93/><V11/><F11/><W50/><G83/><T52/><D52/><U16/><E111/><V87/><F87/><W84/><G84/><T119/><D119/><U115/><E115/><V41/><F47/><W71/><REACH who="3" step="1"/><G50/><REACH who="3" ten="89,116,420,365" step="2"/><T132/><D132/><U61/><E48/><V129/><F129/><N who="0" m="49738" /><D79/><U105/><E130/><V24/><F24/><W69/><G69/><T56/><D56/><N who="1" m="37159" /><E121/><V12/><F12/><W89/><G89/><T26/><D26/><N who="1" m="14599" /><E105/><V96/><F96/><W65/><G65/><T59/><D59/><U70/><E70/><V120/><F120/><W108/><G108/><T80/><D80/><U51/><E82/><V126/><F126/><N who="1" m="48137" /><E81/><V73/><F73/><AGARI ba="0,1" hai="36,37,72,73,75,97,103,104" m="49738,75" machi="73" ten="40,2600,0" yaku="19,1,23,1" doraHai="63" who="0" fromWho="2" sc="89,36,116,0,420,-26,365,0" owari="125,-27.0,116,-38.0,394,48.0,365,17.0" /></mjloggm>