<mjloggm ver="2.3"><GO type="97" lobby="0"/><UN n0="%E5%B0%B1%E6%B4%BB%E7%94%9F%40%E5%B7%9D%E6%9D%91%E8%BB%8D%E5%9B%A3" n1="%6D%61%79%6F%6E%32" n2="%E2%98%86%E9%B9%BF%E5%80%89%E8%83%A1%E6%A1%83%E2%98%86" n3="%E6%B3%A2%E4%B9%97%E3%82%8A%E9%B5%9C" dan="15,14,14,15" rate="1957.05,1897.65,1904.72,2033.25" sx="M,M,M,M"/><TAIKYOKU oya="0"/><INIT seed="0,0,0,5,5,85" ten="250,250,250,250" oya="0" hai0="19,44,6,11,48,28,10,131,106,18,36,71,104" hai1="68,121,60,15,66,25,47,99,108,4,3,76,97" hai2="61,82,7,86,9,35,69,53,132,135,127,88,59" hai3="58,98,27,54,22,109,133,103,101,26,16,116,62"/><T117/><D36/><U24/><E121/><V55/><F35/><W21/><G109/><T42/><D117/><U114/><E114/><V112/><F112/><W125/><G133/><N who="2" m="51273" /><F127/><W96/><G125/><T64/><D131/><U23/><E108/><V89/><F69/><W134/><G116/><T0/><D28/><U120/><E120/><V92/><F55/><W43/><G43/><T87/><D11/><U12/><E76/><N who="2" m="46407" /><F92/><W49/><G134/><T110/><D110/><U72/><E72/><V32/><F32/><W115/><G115/><T20/><D19/><U122/><E47/><V91/><F91/><W93/><G98/><T46/><D46/><U8/><E99/><V67/><F67/><W51/><G103/><T70/><D70/><U111/><E111/><V2/><AGARI ba="0,0" hai="2,7,9,53,59,61,88,89" m="46407,51273" machi="2" ten="30,7900,0" yaku="20,1,52,2,54,1" doraHai="85" who="2" fromWho="2" sc="250,-39,250,-20,250,79,250,-20" /><INIT seed="1,0,0,2,5,86" ten="211,230,329,230" oya="1" hai0="22,112,123,122,96,113,4,57,91,87,84,2,100" hai1="88,27,1,129,99,45,71,13,105,31,83,120,73" hai2="6,107,65,52,126,132,103,78,104,116,109,39,50" hai3="110,121,29,76,0,42,28,68,49,33,51,130,25"/><U44/><E120/><N who="0" m="46121" /><D2/><U77/><E71/><V111/><F116/><W23/><G68/><T118/><D4/><U119/><E119/><V80/><F39/><W98/><G0/><T94/><D118/><U70/><E70/><V36/><F36/><W79/><G110/><N who="2" m="41993" /><F126/><W63/><G130/><T85/><D22/><U95/><E1/><V127/><F127/><W11/><G33/><T62/><D62/><U9/><E129/><V74/><F65/><W38/><G38/><T14/><D57/><U117/><E105/><N who="2" m="40523" /><F103/><W56/><G29/><T7/><D14/><U97/><E97/><V5/><F132/><W81/><G121/><T12/><D12/><U115/><E115/><N who="0" m="44105" /><D7/><U135/><E135/><V93/><F93/><AGARI ba="0,0" hai="84,85,87,91,93,94,96,100" m="44105,46121" machi="93" ten="30,7700,0" yaku="13,1,34,2,52,1" doraHai="86" who="0" fromWho="2" sc="211,77,230,0,329,-77,230,0" /><INIT seed="2,0,0,1,3,48" ten="288,230,252,230" oya="2" hai0="69,59,12,26,74,87,105,47,81,111,28,5,107" hai1="55,64,96,2,57,8,135,73,82,52,11,15,101" hai2="89,23,1,103,16,0,68,91,133,75,27,117,33" hai3="95,36,19,85,110,99,119,34,60,112,129,39,71"/><V35/><F75/><W32/><G110/><T51/><D69/><U10/><E135/><V43/><F68/><W108/><G119/><T37/><D74/><U20/><E2/><V92/><F43/><W18/><G108/><T78/><D37/><U94/><E82/><V50/><F117/><W3/><G3/><T123/><D123/><U90/><E73/><V88/><F133/><W53/><G85/><T56/><D111/><U83/><E64/><V124/><F124/><W80/><G80/><T106/><D12/><U14/><E57/><V132/><F132/><W4/><G4/><T46/><D5/><U65/><E65/><V76/><F76/><W109/><G129/><T6/><D6/><U86/><REACH who="1" step="1"/><E15/><REACH who="1" ten="288,220,252,230" step="2"/><V79/><F0/><W54/><G109/><T122/><D122/><U29/><E29/><V42/><F1/><W128/><G128/><T97/><D56/><U125/><E125/><V24/><F79/><W17/><G112/><T84/><D59/><U44/><E44/><N who="2" m="25879" /><F35/><W67/><G32/><T113/><D47/><U30/><E30/><V70/><F33/><W62/><G34/><T114/><D113/><U120/><E120/><V41/><F70/><W104/><G60/><T72/><D114/><U115/><E115/><V63/><F63/><W77/><G77/><T9/><D46/><U127/><E127/><V116/><F116/><W100/><REACH who="3" step="1"/><G104/><REACH who="3" ten="288,220,252,220" step="2"/><T134/><D106/><U126/><E126/><V66/><F66/><W13/><G13/><T31/><D107/><U38/><E38/><AGARI ba="0,2" hai="17,18,19,36,38,39,53,54,62,67,71,95,99,100" machi="38" ten="40,5200,0" yaku="1,1,52,2,53,0" doraHai="48" doraHaiUra="22" who="3" fromWho="1" sc="288,0,220,-52,252,0,220,72" /><INIT seed="3,0,0,4,1,93" ten="288,168,252,292" oya="3" hai0="135,123,68,82,113,105,44,22,130,60,101,25,100" hai1="32,59,126,116,63,129,80,85,109,122,50,33,74" hai2="108,0,110,94,121,127,97,75,98,34,20,15,54" hai3="128,78,43,124,51,103,39,62,84,52,70,8,64"/><W11/><G128/><T35/><D123/><U87/><E122/><V28/><F121/><W95/><G124/><T88/><D35/><U65/><E116/><V48/><F127/><W112/><G112/><T18/><D113/><U89/><E126/><V131/><F131/><W56/><G103/><T21/><D130/><U90/><E129/><V111/><F75/><W79/><G95/><T119/><D119/><U106/><E106/><V134/><F0/><W36/><G36/><T29/><D105/><U73/><E109/><V1/><F1/><W5/><G84/><N who="0" m="50199" /><D68/><U9/><E9/><N who="3" m="3658" /><G5/><T49/><D60/><U6/><E6/><V72/><F72/><W2/><G2/><T41/><D135/><U10/><E10/><V132/><F34/><W133/><G133/><N who="2" m="51305" /><F94/><W114/><G114/><T46/><D46/><AGARI ba="0,0" hai="39,43,46,51,52,56,62,64,70,78,79" m="3658" machi="46" ten="30,2900,0" yaku="24,1,54,1" doraHai="93" who="3" fromWho="0" sc="288,-29,168,0,252,0,292,29" owari="259,6.0,168,-33.0,252,-15.0,321,42.0" /></mjloggm>