<mjloggm ver="2.3"><GO type="41" lobby="0"/><UN n0="%73%75%73%75%6B%69%74%69" n1="%E5%B0%B1%E6%B4%BB%E7%94%9F%40%E5%B7%9D%E6%9D%91%E8%BB%8D%E5%9B%A3" n2="%E3%83%8F%E3%83%A0%E3%81%95%E3%81%84%E3%81%A6%E3%82%87" n3="%6D%61%6E%32%30%36" dan="15,16,14,14" rate="2028.23,2069.52,1938.75,2006.41" sx="M,M,M,M"/><TAIKYOKU oya="0"/><INIT seed="0,0,0,0,4,8" ten="250,250,250,250" oya="0" hai0="66,112,1,58,2,51,69,13,38,17,110,127,113" hai1="37,105,39,56,84,133,129,27,135,57,9,6,109" hai2="0,55,72,131,49,10,122,106,7,85,45,98,93" hai3="86,5,65,52,4,115,89,81,87,92,23,22,108"/><T119/><D38/><U16/><E105/><V100/><F122/><W43/><G108/><T18/><D119/><U76/><E109/><V96/><F131/><W130/><G115/><T12/><D110/><U60/><E129/><V50/><F85/><W95/><G43/><T79/><D79/><U73/><E73/><V33/><F33/><W53/><G130/><T26/><D26/><U134/><E76/><V36/><F36/><W132/><G132/><T67/><D51/><U88/><E6/><V71/><F71/><W64/><G89/><T91/><D91/><U120/><E120/><V24/><F24/><W41/><G41/><T47/><D58/><U101/><E101/><V31/><F31/><W116/><G116/><T40/><D40/><U107/><E107/><V20/><F20/><W34/><G34/><T15/><D69/><U29/><E29/><V3/><F72/><W80/><AGARI ba="0,0" hai="4,5,22,23,52,53,64,65,80,81,86,87,92,95" machi="80" ten="25,8000,1" yaku="0,1,22,2,8,1,54,1" doraHai="8" who="3" fromWho="3" sc="250,-40,250,-20,250,-20,250,80" /><INIT seed="1,0,0,4,0,96" ten="210,230,230,330" oya="1" hai0="46,4,52,9,103,21,24,80,112,109,47,131,51" hai1="58,134,57,102,82,114,81,34,98,117,13,106,69" hai2="91,85,121,41,122,89,25,87,12,135,67,18,86" hai3="37,124,125,55,73,61,23,29,14,36,72,104,6"/><U7/><E69/><V59/><F135/><W118/><G104/><T126/><D109/><U35/><E117/><V113/><F113/><W128/><G118/><T1/><D131/><U16/><E114/><V40/><F25/><W83/><G128/><T100/><D112/><U101/><E7/><V56/><F67/><W127/><G83/><T79/><D126/><U107/><E134/><V15/><F86/><W99/><G99/><T68/><D47/><U3/><E3/><V5/><REACH who="2" step="1"/><F5/><REACH who="2" ten="210,230,220,330" step="2"/><W133/><G133/><T50/><D68/><U49/><E98/><V95/><F95/><W38/><G6/><T54/><D54/><U42/><E107/><V94/><F94/><W39/><G14/><T71/><D71/><U27/><E106/><V22/><F22/><W74/><N who="3" m="9728" /><DORA hai="17" /><W53/><G61/><T31/><D51/><U10/><E35/><V30/><F30/><W105/><G105/><T97/><D97/><U92/><E34/><V129/><F129/><W8/><G8/><T32/><D32/><U11/><E27/><AGARI ba="0,1" hai="23,27,29,53,55,72,73,74,124,125,127" m="9728" machi="27" ten="80,8000,1" yaku="29,2,18,1,52,1" doraHai="96,17" who="3" fromWho="1" sc="210,0,230,-80,220,0,330,90" /><INIT seed="2,0,0,2,2,34" ten="210,150,220,420" oya="2" hai0="102,117,71,92,41,113,121,84,16,73,65,9,45" hai1="40,75,125,47,118,87,124,20,67,19,55,88,114" hai2="22,15,49,110,83,111,2,79,95,109,26,12,127" hai3="90,101,66,94,31,38,93,62,33,42,133,98,7"/><V99/><F2/><W91/><G133/><T76/><D121/><U89/><E75/><N who="2" m="43519" /><F49/><W53/><G7/><T6/><D113/><U108/><E118/><V103/><F127/><W128/><G128/><T119/><D71/><U81/><E114/><V126/><F126/><N who="1" m="48745" /><E67/><V131/><F131/><W112/><G112/><T104/><D65/><U58/><E108/><N who="2" m="27651" /><V51/><DORA hai="80" /><F51/><W29/><G53/><T0/><D16/><AGARI ba="0,0" hai="12,15,16,22,26,95,99,103" m="27651,43519" machi="16" ten="40,7700,0" yaku="14,1,10,1,54,1" doraHai="34,80" who="2" fromWho="0" sc="210,-77,150,0,220,77,420,0" /><INIT seed="2,1,0,5,1,100" ten="133,150,297,420" oya="2" hai0="75,36,123,132,17,38,124,78,67,34,68,115,92" hai1="88,40,61,4,112,65,135,46,81,14,63,7,62" hai2="93,76,3,45,47,9,79,48,5,64,41,44,129" hai3="133,94,39,22,33,128,27,130,95,16,42,53,70"/><V18/><F129/><N who="3" m="49771" /><G70/><T109/><D123/><U26/><E112/><V8/><F64/><W91/><G133/><T117/><D115/><U121/><E121/><V25/><F93/><W96/><G53/><T127/><D34/><U56/><E135/><V12/><F25/><W13/><G33/><T57/><D132/><U59/><E26/><V66/><F66/><W31/><G94/><T73/><D68/><U89/><E14/><V52/><REACH who="2" step="1"/><F44/><REACH who="2" ten="133,150,287,420" step="2"/><N who="3" m="23647" /><G27/><T74/><D92/><U54/><E81/><V72/><F72/><W101/><G31/><T134/><D134/><U43/><E46/><V35/><F35/><W11/><G11/><T122/><D122/><U119/><E65/><V104/><F104/><W85/><G95/><T24/><D117/><U131/><E119/><V90/><F90/><N who="1" m="34921" /><E54/><V30/><F30/><W125/><G91/><T6/><D24/><U32/><E32/><V126/><F126/><W69/><G125/><T20/><D127/><U21/><E131/><V83/><F83/><W86/><G69/><T80/><D124/><U0/><E21/><V51/><AGARI ba="1,1" hai="3,5,8,9,12,18,41,45,47,48,51,52,76,79" machi="51" ten="20,12000,1" yaku="1,1,0,1,7,1,54,1,53,1" doraHai="100" doraHaiUra="50" who="2" fromWho="2" sc="133,-41,150,-41,287,133,420,-41" /><INIT seed="2,2,0,2,2,24" ten="92,109,420,379" oya="2" hai0="16,48,118,126,26,34,134,68,132,40,115,29,100" hai1="93,133,44,37,28,117,64,60,95,111,108,129,53" hai2="55,116,91,102,109,62,9,92,58,94,103,79,15" hai3="25,73,127,30,105,83,69,85,78,12,131,11,61"/><V17/><F116/><W33/><G105/><T56/><D68/><U101/><E117/><V1/><F1/><W14/><G127/><T81/><D118/><U89/><E129/><V59/><F109/><W66/><G131/><T87/><D115/><U27/><E133/><N who="0" m="51305" /><D126/><U71/><E101/><N who="2" m="38411" /><F79/><W2/><REACH who="3" step="1"/><G73/><REACH who="3" ten="92,109,420,369" step="2"/><T52/><D100/><U22/><E111/><V106/><F106/><W86/><G86/><T65/><D40/><U72/><E108/><V63/><F91/><W121/><G121/><T123/><D123/><U88/><E72/><V18/><F18/><W21/><G21/><T98/><D98/><U8/><E8/><V7/><F7/><AGARI ba="2,1" hai="2,7,11,12,14,25,30,33,61,66,69,78,83,85" machi="7" ten="40,5200,0" yaku="1,1,52,1,53,1" doraHai="24" doraHaiUra="23" who="3" fromWho="2" sc="92,0,109,0,420,-58,369,68" /><INIT seed="3,0,0,3,5,78" ten="92,109,362,437" oya="3" hai0="17,87,108,94,55,74,128,59,16,122,43,76,84" hai1="29,113,5,110,58,49,3,21,2,102,25,118,50" hai2="45,1,8,127,65,126,100,12,66,26,31,19,125" hai3="63,103,89,98,81,130,37,75,0,114,131,38,33"/><W13/><G33/><T69/><D108/><U56/><E113/><V115/><F115/><W123/><G0/><T57/><D69/><U52/><E110/><V6/><F100/><W90/><G114/><T95/><D74/><U92/><E118/><V51/><F1/><W62/><G123/><T41/><D122/><U120/><E120/><V82/><F6/><W77/><G13/><T32/><D32/><U44/><E5/><V83/><F66/><W85/><G62/><T109/><D109/><U80/><E80/><V20/><F65/><W112/><G63/><T106/><D128/><N who="3" m="49193" /><G112/><T134/><D134/><U53/><REACH who="1" step="1"/><E44/><REACH who="1" ten="92,99,362,437" step="2"/><V105/><F105/><N who="3" m="63735" /><G90/><T119/><D119/><U88/><E88/><V61/><REACH who="2" step="1"/><F61/><REACH who="2" ten="92,99,352,437" step="2"/><W18/><G18/><T86/><D106/><U72/><E72/><V129/><F129/><W34/><G34/><T39/><D17/><U46/><E46/><V124/><N who="2" m="32256" /><DORA hai="117" /><V121/><F121/><W10/><G89/><T60/><D16/><U68/><E68/><V23/><F23/><W101/><G101/><T48/><D76/><U9/><E9/><V64/><F64/><W27/><G10/><T107/><D107/><U4/><E4/><V36/><F36/><N who="3" m="13931" /><G75/><T104/><D104/><U11/><E11/><V71/><F71/><W96/><G77/><T132/><D39/><U91/><E91/><V14/><F14/><W42/><G27/><T54/><REACH who="0" step="1"/><D132/><REACH who="0" ten="82,99,352,437" step="2"/><U30/><E30/><V133/><F133/><W116/><G116/><T111/><D111/><U35/><E35/><V40/><AGARI ba="0,3" hai="8,12,19,20,26,31,40,45,51,82,83" m="32256" machi="40" ten="60,12000,2" yaku="1,1,0,1,18,1,52,2,53,2" doraHai="78,117" doraHaiUra="47,15" who="2" fromWho="2" sc="82,-30,99,-30,352,150,437,-60" /><INIT seed="4,0,0,3,5,54" ten="52,69,502,377" oya="0" hai0="92,25,104,74,102,3,64,123,105,125,99,115,1" hai1="66,19,47,13,18,96,58,109,5,51,107,134,111" hai2="121,7,87,116,53,79,21,35,130,70,24,43,124" hai3="33,86,59,122,95,68,36,12,31,71,72,30,34"/><T2/><D123/><U80/><E134/><V110/><F121/><W76/><G122/><T8/><D115/><U27/><E27/><V85/><F70/><W46/><G72/><T65/><D74/><U52/><E5/><V22/><F110/><W132/><G132/><T97/><D125/><U75/><E107/><V28/><F124/><W117/><G117/><T6/><D25/><U112/><E112/><V118/><F130/><W113/><G113/><T63/><D65/><U57/><E66/><V42/><F7/><W83/><G12/><T82/><D82/><U11/><E19/><V69/><F69/><W81/><G95/><T49/><D49/><U23/><E23/><V16/><F53/><W93/><G93/><T108/><D108/><U48/><E96/><V129/><F129/><W103/><G103/><T91/><D105/><U127/><E127/><V26/><F35/><W32/><G59/><AGARI ba="0,0" hai="1,2,3,6,8,59,63,64,91,92,97,99,102,104" machi="59" ten="30,2900,0" yaku="7,1,52,1" doraHai="54" who="0" fromWho="3" sc="52,29,69,0,502,0,377,-29" /><INIT seed="4,1,0,2,5,26" ten="81,69,502,348" oya="0" hai0="50,34,90,33,51,111,69,65,86,59,16,66,39" hai1="81,78,11,40,24,122,47,2,53,101,7,107,106" hai2="67,8,124,82,0,132,4,30,19,96,74,83,120" hai3="27,134,75,22,49,23,41,114,115,14,109,36,18"/><T95/><D39/><U127/><E127/><V37/><F37/><W73/><G75/><T5/><D111/><U21/><E122/><V60/><F124/><W99/><G73/><T93/><D69/><U77/><E53/><V70/><F120/><W104/><G109/><T46/><D5/><U71/><E71/><V68/><F68/><W25/><G134/><T61/><D65/><U80/><E101/><V38/><F38/><W87/><G87/><T1/><D1/><U63/><E63/><V44/><F44/><W98/><G36/><T56/><D56/><U57/><E57/><V28/><F132/><W76/><G76/><T113/><D113/><N who="3" m="43017" /><G104/><T116/><D116/><U129/><E129/><V105/><F19/><N who="3" m="12511" /><G41/><T58/><D58/><U62/><E62/><V126/><F126/><W29/><G49/><T13/><D51/><U85/><E47/><V55/><F55/><W72/><G72/><T64/><D64/><U32/><E40/><V45/><F45/><W42/><G42/><N who="0" m="24919" /><D34/><AGARI ba="1,0" hai="14,18,23,27,29,34,98,99" m="12511,43017" machi="34" ten="30,2000,0" yaku="15,1,52,1" doraHai="26" who="3" fromWho="0" sc="81,-23,69,0,502,0,348,23" /><INIT seed="5,0,0,3,2,102" ten="58,69,502,371" oya="1" hai0="126,70,77,108,31,79,54,124,8,119,134,42,29" hai1="34,69,38,55,46,123,111,87,5,24,85,94,44" hai2="25,10,13,21,37,90,93,26,64,27,118,35,0" hai3="41,114,53,63,20,14,107,30,40,43,45,19,96"/><U99/><E123/><V81/><F118/><W115/><G30/><T7/><D119/><U92/><E69/><V130/><F130/><W49/><REACH who="3" step="1"/><G63/><REACH who="3" ten="58,69,502,361" step="2"/><T23/><D108/><U105/><E111/><V104/><F35/><W110/><G110/><T80/><D31/><U52/><E34/><V51/><F27/><W36/><G36/><T9/><D29/><U56/><E24/><V120/><F26/><W89/><G89/><T83/><D77/><U2/><E38/><V18/><F25/><W68/><G68/><T12/><D70/><U122/><E122/><V101/><F90/><W84/><G84/><T97/><D79/><U106/><E99/><V125/><F37/><W128/><G128/><T72/><D97/><U127/><E127/><V62/><F125/><W16/><G16/><T112/><D72/><U95/><E5/><V91/><F18/><W48/><G48/><T76/><D76/><U98/><E98/><V4/><F91/><W66/><G66/><T103/><D126/><U39/><E39/><V3/><F51/><W59/><G59/><T61/><D61/><U116/><E116/><V88/><F62/><W129/><G129/><T121/><D124/><U86/><E2/><V117/><F64/><W65/><G65/><T57/><D57/><U71/><E71/><V133/><F0/><W73/><G73/><T33/><D7/><U58/><E58/><V135/><F120/><W47/><G47/><N who="1" m="17962" /><E56/><V6/><F117/><W100/><AGARI ba="0,1" hai="14,19,20,40,41,43,45,49,53,96,100,107,114,115" machi="100" ten="30,4000,0" yaku="1,1,0,1,52,1,53,0" doraHai="102" doraHaiUra="82" who="3" fromWho="3" sc="58,-10,69,-20,502,-10,361,50" /><INIT seed="6,0,0,4,1,131" ten="48,49,492,411" oya="2" hai0="74,84,114,29,13,128,81,37,99,36,78,102,1" hai1="30,3,31,55,56,110,104,130,119,127,121,6,90" hai2="117,113,22,25,118,0,125,62,32,80,100,135,95" hai3="14,129,98,51,42,58,12,15,9,34,79,26,7"/><V43/><F0/><W20/><G129/><T97/><D128/><U89/><E104/><V83/><F125/><W18/><G79/><T71/><D13/><N who="3" m="5225" /><G58/><T5/><D29/><U92/><E110/><V54/><F113/><W46/><G98/><T88/><D114/><U126/><E119/><V103/><F32/><W17/><G51/><T4/><D71/><U112/><E112/><V63/><F135/><W109/><G109/><T48/><D48/><U45/><E45/><V107/><F107/><W50/><G50/><T82/><D99/><U68/><E130/><V101/><F43/><W49/><G49/><T38/><REACH who="0" step="1"/><D1/><REACH who="0" ten="38,49,492,411" step="2"/><U11/><E68/><V47/><F118/><W33/><G46/><T124/><D124/><N who="1" m="47659" /><E121/><V61/><F47/><W53/><G42/><T85/><D85/><N who="1" m="52271" /><E90/><V28/><F117/><W52/><G53/><T66/><D66/><U70/><E70/><V73/><F54/><W115/><G52/><T39/><N who="0" m="9216" /><DORA hai="91" /><T75/><D75/><U72/><E72/><V77/><F73/><W108/><G115/><T105/><AGARI ba="0,1" hai="4,5,74,78,81,82,84,88,97,102,105" m="9216" machi="105" ten="60,7900,0" yaku="1,1,0,1,54,1,53,0" doraHai="131,91" doraHaiUra="27,65" who="0" fromWho="0" sc="38,89,49,-20,492,-39,411,-20" /><INIT seed="7,0,0,5,0,17" ten="127,29,453,391" oya="3" hai0="3,22,57,37,43,40,83,13,134,120,50,29,78" hai1="44,91,24,129,33,117,0,52,98,71,88,112,8" hai2="64,108,84,74,14,53,95,27,107,72,118,122,109" hai3="121,10,46,96,59,19,58,51,79,130,127,90,92"/><W86/><G121/><T42/><D120/><U97/><E71/><V55/><F122/><W99/><G127/><T9/><D3/><U5/><E117/><V93/><F107/><W68/><G68/><T26/><D37/><U60/><E112/><V104/><F104/><W54/><G130/><T123/><D123/><U80/><E129/><V135/><F118/><W32/><G32/><T103/><D134/><U61/><E33/><V47/><F64/><W48/><G79/><T45/><D57/><U15/><E0/><V105/><F105/><W114/><G114/><T39/><D103/><U63/><E24/><V126/><F135/><W36/><G36/><T77/><D77/><U2/><E2/><V94/><F126/><W41/><G58/><T119/><D119/><U111/><E111/><V7/><F27/><W62/><G62/><T131/><D131/><U76/><E76/><V16/><F7/><W18/><G18/><T11/><D11/><U102/><E102/><V115/><F115/><W28/><G28/><T34/><D34/><U56/><E44/><V1/><F1/><W128/><G128/><T23/><D23/><U6/><E6/><V113/><F113/><W106/><REACH who="3" step="1"/><G106/><REACH who="3" ten="127,29,453,381" step="2"/><T85/><REACH who="0" step="1"/><D39/><REACH who="0" ten="117,29,453,381" step="2"/><U116/><E116/><V73/><F109/><W20/><G20/><T101/><D101/><U65/><E65/><V100/><F108/><W69/><G69/><T25/><D25/><U125/><E125/><V70/><F100/><W87/><G87/><T4/><AGARI ba="0,2" hai="4,9,13,22,26,29,40,42,43,45,50,78,83,85" machi="4" ten="20,12000,2" yaku="1,1,0,1,7,1,25,2,8,1,52,1,53,0" doraHai="17" doraHaiUra="12" who="0" fromWho="0" sc="117,140,29,-30,453,-30,381,-60" owari="257,-14.0,-1,-50.0,423,52.0,321,12.0" /></mjloggm>