<mjloggm ver="2.3"><GO type="41" lobby="0"/><UN n0="%E5%B0%B1%E6%B4%BB%E7%94%9F%40%E5%B7%9D%E6%9D%91%E8%BB%8D%E5%9B%A3" n1="%E3%81%92%E3%81%98%E3%81%BE%E3%82%86%E5%85%88%E7%94%9F" n2="%E4%B9%9D%E8%93%AE%E3%82%AA%E3%83%A4%E3%82%B8" n3="%4D%61%6F%30%37" dan="15,14,13,15" rate="2007.97,1983.27,1902.21,1948.25" sx="M,M,M,F"/><TAIKYOKU oya="0"/><INIT seed="0,0,0,0,5,116" ten="250,250,250,250" oya="0" hai0="131,122,85,69,29,53,3,76,127,77,55,106,56" hai1="15,120,109,50,6,42,34,112,13,8,93,60,96" hai2="121,4,88,17,59,73,86,66,25,92,54,35,75" hai3="81,48,110,111,2,97,62,132,115,108,114,113,30"/><T65/><D122/><U90/><E109/><V20/><F35/><W23/><G81/><T83/><D127/><U74/><E74/><V7/><F121/><W128/><G97/><T11/><D131/><U40/><E34/><V102/><F75/><W129/><G62/><T134/><D106/><U123/><E112/><V89/><F73/><W91/><G91/><T104/><D104/><U38/><E38/><V79/><F66/><W33/><G48/><T14/><D134/><U28/><E28/><V84/><F102/><W107/><G107/><T61/><D3/><U45/><E42/><V63/><F79/><W37/><G37/><T10/><D10/><U27/><E27/><V57/><F57/><W12/><G2/><T70/><D29/><U82/><E15/><V9/><F9/><W133/><G33/><T119/><D119/><U101/><REACH who="1" step="1"/><E60/><REACH who="1" ten="250,240,250,250" step="2"/><V124/><REACH who="2" step="1"/><F124/><REACH who="2" ten="250,240,240,250" step="2"/><W19/><REACH who="3" step="1"/><G30/><REACH who="3" ten="250,240,240,240" step="2"/><T95/><D61/><U117/><E117/><V94/><AGARI ba="0,3" hai="4,7,17,20,25,54,59,63,84,86,88,89,92,94" machi="94" ten="20,16000,3" yaku="1,1,2,1,0,1,7,1,9,1,8,1,54,1,53,1" doraHai="116" doraHaiUra="21" who="2" fromWho="2" sc="250,-80,240,-40,240,190,240,-40" /><INIT seed="1,0,0,0,0,59" ten="170,200,430,200" oya="1" hai0="27,31,124,73,115,104,13,5,78,86,117,75,6" hai1="57,82,127,32,81,95,56,89,47,46,120,87,126" hai2="135,52,121,67,10,63,69,45,2,128,20,103,7" hai3="19,96,26,9,58,23,25,129,79,98,40,130,62"/><U30/><E120/><V0/><F121/><W105/><G40/><T84/><D104/><U28/><E32/><V102/><F135/><W125/><G79/><T39/><D39/><U44/><E95/><V16/><F128/><N who="3" m="49259" /><G9/><T3/><D115/><U93/><E93/><V97/><F0/><W50/><G50/><T107/><D107/><U92/><E92/><V22/><F22/><N who="3" m="13535" /><G105/><T61/><D3/><U37/><E37/><V83/><F83/><W33/><G33/><T91/><D117/><U94/><E94/><V134/><F134/><W4/><G4/><T133/><D124/><N who="1" m="47659" /><E82/><V118/><F118/><W77/><G77/><T90/><D133/><U88/><E89/><V71/><F71/><W66/><G125/><T18/><D78/><U122/><E122/><V51/><F97/><W24/><G24/><AGARI ba="0,0" hai="2,7,10,16,20,24,45,51,52,63,67,69,102,103" machi="24" ten="30,7700,0" yaku="7,1,52,1,54,2" doraHai="59" who="2" fromWho="3" sc="170,0,200,0,430,77,200,-77" /><INIT seed="2,0,0,1,4,113" ten="170,200,507,123" oya="2" hai0="75,60,39,8,15,117,9,40,127,76,77,51,86" hai1="118,1,59,34,106,5,16,92,91,93,45,114,56" hai2="42,111,71,27,31,23,102,89,98,85,25,36,52" hai3="46,121,104,129,53,65,17,22,55,24,131,47,7"/><V50/><F71/><W2/><G104/><T11/><D39/><U125/><E114/><V63/><F111/><W90/><G121/><T67/><D75/><U103/><E34/><V109/><F36/><W94/><G65/><T130/><D130/><U119/><E106/><V99/><F109/><W107/><G107/><T48/><D127/><U58/><E125/><V83/><F42/><W32/><G32/><T49/><D117/><U126/><E126/><V70/><F27/><W135/><G135/><T122/><D122/><U18/><E103/><V80/><F80/><W64/><G64/><T110/><D110/><U73/><E73/><V61/><F70/><W84/><G7/><T69/><D40/><U66/><E66/><V108/><F108/><W10/><G10/><T44/><D44/><U88/><E45/><N who="3" m="16906" /><G2/><T123/><D123/><U96/><E5/><V101/><F50/><W81/><G81/><T87/><REACH who="0" step="1"/><D15/><REACH who="0" ten="160,200,507,123" step="2"/><U72/><E72/><V3/><F3/><W120/><G120/><T82/><D82/><U12/><E1/><V21/><F21/><W79/><G131/><T20/><D20/><U6/><E6/><V57/><F63/><W4/><G129/><T19/><D19/><U78/><E18/><V95/><F99/><W124/><G124/><T37/><D37/><U116/><E116/><V0/><REACH who="2" step="1"/><F0/><REACH who="2" ten="160,200,497,123" step="2"/><W100/><G22/><T68/><D68/><U43/><E119/><V14/><F14/><W13/><G13/><T26/><D26/><U28/><E118/><V35/><F35/><W128/><G128/><T132/><D132/><U30/><E12/><RYUUKYOKU ba="0,2" sc="160,15,200,-15,497,15,123,-15" hai0="8,9,11,48,49,51,60,67,69,76,77,86,87" hai2="23,25,31,52,57,61,83,85,89,95,98,101,102" /><INIT seed="2,1,2,5,3,6" ten="175,185,512,108" oya="2" hai0="86,5,59,84,40,53,110,70,52,132,24,75,43" hai1="80,64,11,107,126,41,37,76,135,69,113,42,8" hai2="22,120,25,29,18,71,35,111,122,117,7,19,67" hai3="81,104,20,96,27,114,31,47,30,58,45,15,12"/><V106/><F71/><W93/><G104/><T102/><D75/><U121/><E113/><V125/><F106/><W38/><G114/><T118/><D70/><U2/><E107/><V103/><F103/><W49/><G38/><T116/><D110/><U0/><E135/><V13/><F67/><W63/><G81/><T65/><D132/><U34/><E34/><V91/><F91/><W62/><G62/><N who="0" m="38111" /><D102/><U10/><E126/><V101/><F101/><W108/><G108/><T44/><D5/><U115/><E115/><V72/><F72/><W17/><G49/><N who="0" m="28711" /><D24/><U88/><E121/><V129/><F111/><W100/><G31/><T130/><D130/><U119/><E119/><N who="0" m="45609" /><D86/><U26/><E26/><V33/><F117/><W90/><G90/><T78/><D53/><U134/><E134/><V73/><F73/><W97/><G97/><T4/><D4/><U68/><E68/><V83/><F83/><AGARI ba="1,2" hai="40,43,78,83,84" m="45609,28711,38111" machi="83" ten="30,2000,0" yaku="12,1,54,1" doraHai="6" who="0" fromWho="2" sc="175,43,185,0,512,-23,108,0" /><INIT seed="3,0,0,1,3,41" ten="218,185,489,108" oya="3" hai0="66,23,69,121,0,13,35,57,67,104,61,123,73" hai1="129,31,50,51,15,110,12,20,78,118,71,105,22" hai2="5,33,10,102,19,4,100,119,80,14,116,76,24" hai3="64,91,133,63,75,114,89,135,125,32,55,28,81"/><W16/><G114/><T8/><D35/><U52/><E105/><V46/><F102/><W108/><G125/><T84/><D104/><U68/><E78/><V36/><F100/><W18/><G108/><T17/><D73/><U130/><E31/><V112/><F112/><W60/><G32/><T65/><D69/><U62/><E62/><N who="3" m="23594" /><G28/><T26/><D0/><U106/><E106/><V128/><F4/><W95/><G75/><T43/><D43/><U82/><E82/><V127/><F128/><W97/><G81/><T122/><REACH who="0" step="1"/><D84/><REACH who="0" ten="208,185,489,108" step="2"/><U74/><E74/><N who="2" m="43031" /><F127/><W111/><G111/><T48/><D48/><U120/><E110/><V59/><F33/><W98/><G98/><T34/><D34/><U92/><E130/><V77/><F77/><W86/><G86/><T53/><D53/><U115/><E129/><V2/><F24/><W87/><G87/><T103/><D103/><U56/><E52/><V117/><F59/><W30/><G55/><T113/><D113/><U107/><E107/><V93/><F93/><W83/><G95/><T7/><AGARI ba="0,1" hai="7,8,13,17,23,26,57,61,65,66,67,121,122,123" machi="7" ten="30,2000,0" yaku="1,1,0,1,53,0" doraHai="41" doraHaiUra="99" who="0" fromWho="0" sc="208,30,185,-5,489,-5,108,-10" /><INIT seed="4,0,0,5,4,132" ten="238,180,484,98" oya="0" hai0="24,135,93,49,25,86,60,89,8,88,38,79,94" hai1="62,83,53,118,119,19,117,45,6,10,133,23,75" hai2="52,127,58,122,56,43,91,15,5,98,78,108,22" hai3="109,68,47,134,26,90,20,130,42,18,3,128,125"/><T34/><D38/><U106/><E106/><V84/><F127/><W70/><G3/><T4/><D135/><U131/><E133/><V85/><F122/><W71/><G109/><T87/><D34/><U31/><E131/><N who="3" m="50218" /><G134/><T39/><D39/><U114/><E114/><V7/><F108/><W55/><G55/><T16/><D79/><U69/><E31/><V50/><F58/><W9/><G9/><T96/><D60/><U120/><E120/><V33/><F33/><W65/><G90/><T57/><D96/><U48/><E75/><V99/><F43/><W17/><G65/><T81/><D81/><U54/><E83/><N who="2" m="47223" /><F5/><W12/><G125/><T30/><D30/><U66/><E54/><V115/><F115/><W2/><G2/><T67/><D67/><U95/><E95/><N who="2" m="54767" /><F7/><W0/><G0/><T126/><D126/><U61/><E61/><V104/><F104/><W32/><G32/><T74/><D74/><U107/><E107/><V129/><F129/><W14/><G18/><AGARI ba="0,0" hai="15,18,22,50,52,56,98,99" m="54767,47223" machi="18" ten="30,3900,0" yaku="25,1,8,1,54,1" doraHai="132" who="2" fromWho="3" sc="238,0,180,0,484,39,98,-39" /><INIT seed="5,0,0,4,4,85" ten="238,180,523,59" oya="1" hai0="42,65,132,78,66,52,92,46,64,32,0,48,40" hai1="62,57,39,33,13,105,36,15,49,116,71,10,41" hai2="97,7,129,128,125,31,120,53,43,3,69,11,114" hai3="35,96,102,126,44,83,29,110,86,90,135,1,100"/><U127/><E116/><V67/><F53/><W82/><G110/><T4/><D32/><U58/><E105/><V61/><F120/><W101/><G1/><T121/><D121/><U14/><E33/><V73/><F125/><W87/><G126/><T59/><D132/><U111/><E127/><V28/><F28/><W95/><G135/><T75/><D75/><U81/><E111/><V91/><F114/><W25/><REACH who="3" step="1"/><G44/><REACH who="3" ten="238,180,523,49" step="2"/><T30/><D0/><U20/><E10/><V113/><F113/><W131/><G131/><N who="2" m="50249" /><F43/><W60/><G60/><T88/><D4/><U123/><E123/><V89/><F31/><W47/><G47/><T19/><D30/><U38/><E41/><V79/><F97/><W72/><G72/><T109/><D109/><U12/><E49/><V56/><F69/><W84/><AGARI ba="0,1" hai="25,29,35,82,83,84,86,87,90,95,96,100,101,102" machi="84" ten="30,4000,0" yaku="1,1,0,1,52,1,53,0" doraHai="85" doraHaiUra="63" who="3" fromWho="3" sc="238,-10,180,-20,523,-10,49,50" /><INIT seed="6,0,0,5,0,11" ten="228,160,513,99" oya="2" hai0="42,16,114,107,82,105,48,20,43,80,92,67,60" hai1="102,62,113,5,28,30,40,81,26,117,76,9,59" hai2="29,8,35,12,74,88,83,18,24,44,46,19,130" hai3="119,128,10,64,103,75,78,101,49,0,125,69,126"/><V84/><F130/><W70/><G128/><T72/><D114/><U1/><E117/><V123/><F74/><W14/><G75/><T90/><D105/><U36/><E113/><V34/><F123/><W54/><G78/><T111/><D107/><U68/><E102/><V87/><F34/><W100/><G0/><T65/><D111/><U86/><E68/><V73/><F73/><W98/><G119/><T21/><D72/><U47/><REACH who="1" step="1"/><E26/><REACH who="1" ten="228,150,513,99" step="2"/><V93/><F19/><W109/><G109/><T85/><D21/><U22/><E22/><V77/><AGARI ba="0,1" hai="8,12,18,24,29,35,44,46,77,83,84,87,88,93" machi="77" ten="20,7800,0" yaku="0,1,7,1,52,1,54,1" doraHai="11" who="2" fromWho="2" sc="228,-26,150,-26,513,88,99,-26" /><INIT seed="6,1,0,4,2,108" ten="202,124,601,73" oya="2" hai0="127,115,92,38,135,43,14,25,58,82,12,39,134" hai1="106,75,23,120,31,27,122,53,64,40,22,129,57" hai2="18,100,56,113,94,93,109,133,116,35,46,29,9" hai3="85,26,1,5,83,117,10,84,6,47,62,50,71"/><V103/><F116/><W67/><G117/><T2/><D2/><U91/><E129/><V81/><F35/><W89/><G6/><T49/><D127/><U7/><E7/><V33/><F109/><W114/><G26/><T66/><D82/><U105/><E40/><V19/><F133/><N who="0" m="50698" /><D115/><U98/><E75/><V102/><F33/><W97/><G97/><T87/><D25/><N who="1" m="16823" /><E64/><V4/><F29/><W70/><G85/><T28/><D28/><N who="1" m="17535" /><E91/><V119/><F119/><W121/><G121/><N who="1" m="46698" /><E98/><V42/><F81/><W44/><G44/><N who="0" m="25759" /><D87/><U130/><E130/><V51/><F56/><W24/><G71/><T45/><D92/><N who="2" m="35434" /><F113/><W86/><G114/><T55/><D66/><U126/><E126/><V21/><F21/><W54/><G86/><T69/><D69/><U96/><E96/><V80/><F80/><W110/><G24/><T41/><D39/><U17/><E17/><V76/><F76/><W111/><AGARI ba="1,0" hai="1,5,10,47,50,54,62,67,70,83,84,89,110,111" machi="111" ten="30,1100,0" yaku="0,1" doraHai="108" who="3" fromWho="3" sc="202,-4,124,-4,601,-6,73,14" /><INIT seed="7,0,0,1,5,20" ten="198,120,595,87" oya="3" hai0="95,23,41,101,30,108,25,103,120,97,111,82,123" hai1="13,16,115,100,46,79,58,85,124,84,81,96,4" hai2="60,132,17,6,87,94,70,131,35,69,18,54,78" hai3="44,9,39,8,59,45,1,104,50,129,118,7,67"/><W64/><G118/><T126/><D126/><U71/><E124/><V40/><F35/><W112/><G104/><T75/><D103/><U86/><E71/><V90/><F132/><W83/><G129/><T27/><D41/><U3/><E115/><V73/><F131/><W0/><G112/><T48/><D48/><U62/><E46/><V91/><F70/><W51/><G39/><T37/><D37/><U106/><E4/><V31/><F31/><W99/><G59/><T135/><D135/><U134/><E3/><V127/><F73/><W57/><G57/><T119/><D119/><U113/><E113/><V43/><F127/><W130/><G130/><T122/><D75/><U114/><E114/><V14/><F78/><W98/><REACH who="3" step="1"/><G83/><REACH who="3" ten="198,120,595,77" step="2"/><T34/><D82/><U33/><E134/><V109/><F69/><W66/><G66/><T125/><D125/><U36/><E36/><V52/><F109/><W5/><AGARI ba="0,1" hai="0,1,5,7,8,9,44,45,50,51,64,67,98,99" machi="5" ten="25,9600,0" yaku="1,1,0,1,22,2,53,0" doraHai="20" doraHaiUra="49" who="3" fromWho="3" sc="198,-32,120,-32,595,-32,77,106" /><INIT seed="7,1,0,5,4,19" ten="166,88,563,183" oya="3" hai0="57,112,48,24,120,62,12,125,118,34,22,9,101" hai1="86,110,78,98,130,46,44,10,37,8,20,121,109" hai2="133,40,51,23,75,28,2,74,35,25,52,49,135" hai3="6,113,79,99,111,91,124,29,55,1,67,61,7"/><W17/><G111/><T119/><D34/><U26/><E121/><V71/><F2/><W106/><G124/><T47/><D120/><U126/><E126/><V123/><F123/><W18/><G113/><T96/><D125/><U108/><E130/><V100/><F100/><W59/><G29/><N who="0" m="17559" /><D112/><U83/><E98/><V85/><F85/><W89/><G79/><T68/><D68/><U65/><E65/><V127/><F127/><W63/><G106/><T66/><D12/><U117/><E117/><V116/><F116/><W122/><G122/><T114/><D9/><U107/><E107/><V94/><F71/><W54/><G99/><T36/><D36/><U69/><E69/><V93/><F40/><W5/><G1/><T128/><D128/><U76/><E76/><V32/><F49/><W53/><G67/><T115/><D115/><U3/><E37/><V30/><F35/><W132/><G132/><N who="2" m="50761" /><F32/><W102/><G102/><T82/><D82/><U60/><E60/><N who="3" m="23114" /><G59/><T33/><D33/><U43/><E43/><V73/><F30/><W14/><G14/><T16/><D16/><AGARI ba="1,0" hai="5,6,7,16,17,18,53,54,55,89,91" m="23114" machi="16" ten="40,12000,1" yaku="28,2,8,1,54,1" doraHai="19" who="3" fromWho="0" sc="166,-123,88,0,563,0,183,123" /><INIT seed="7,2,0,0,5,1" ten="43,88,563,306" oya="3" hai0="100,31,134,16,44,27,118,29,33,127,75,30,48" hai1="95,8,120,108,132,80,23,12,25,117,115,125,129" hai2="54,77,47,78,71,82,59,20,76,41,123,42,116" hai3="99,112,56,49,40,92,135,96,103,98,32,94,91"/><W72/><G32/><T58/><D118/><U106/><E108/><V35/><F71/><W66/><G112/><T81/><D127/><U9/><E115/><V126/><F116/><W45/><G135/><T13/><D134/><U37/><E132/><V19/><F35/><W114/><G114/><T128/><D128/><U62/><E129/><V15/><F126/><W102/><G72/><T53/><D100/><U110/><E110/><V104/><F104/><W52/><G66/><T97/><D97/><U69/><E37/><V79/><F123/><W21/><G21/><T86/><D75/><U39/><E95/><V88/><F47/><W84/><REACH who="3" step="1"/><G103/><REACH who="3" ten="43,88,563,296" step="2"/><T11/><REACH who="0" step="1"/><D58/><REACH who="0" ten="33,88,563,296" step="2"/><U5/><E125/><V38/><F38/><AGARI ba="2,2" hai="38,40,45,49,52,56,84,91,92,94,96,98,99,102" machi="38" ten="30,11600,0" yaku="1,1,2,1,7,1,54,1,53,0" doraHai="1" doraHaiUra="121" who="3" fromWho="2" sc="33,0,88,0,563,-122,296,142" /><INIT seed="7,3,0,4,0,40" ten="33,88,441,438" oya="3" hai0="80,11,83,119,36,29,48,52,126,45,30,24,21" hai1="122,16,114,74,90,113,43,87,118,68,22,14,69" hai2="62,96,110,39,89,70,4,63,18,132,115,99,133" hai3="92,61,97,123,57,60,79,44,101,56,105,12,51"/><W64/><G123/><T93/><D119/><U17/><E122/><V67/><F110/><W6/><G105/><T42/><D126/><U117/><E74/><V86/><F39/><W98/><G79/><T108/><D108/><U19/><E43/><V32/><F32/><W3/><G3/><T104/><D104/><U109/><E109/><V65/><F115/><N who="1" m="44041" /><E19/><V25/><F4/><W124/><G124/><T26/><D11/><U134/><E134/><N who="2" m="51819" /><F25/><W130/><G130/><T121/><D121/><U47/><E47/><V28/><F18/><W131/><G131/><T107/><D107/><U7/><E7/><V85/><F28/><W76/><G76/><T9/><D9/><U38/><E38/><V5/><F5/><W37/><G37/><T128/><D128/><U82/><E17/><V127/><F127/><W0/><G0/><T125/><D125/><U58/><E58/><N who="3" m="22634" /><G97/><N who="2" m="37449" /><F89/><W59/><G64/><T95/><D36/><U54/><E54/><V112/><F112/><W34/><G34/><T10/><D10/><U77/><E90/><V106/><F106/><W94/><G98/><T27/><D42/><U116/><AGARI ba="3,0" hai="14,16,22,68,69,77,82,87,116,117,118" m="44041" machi="116" ten="40,5200,0" yaku="12,1,15,1,54,1" doraHai="40" who="1" fromWho="1" sc="33,-16,88,61,441,-16,438,-29" owari="17,-48.0,149,-25.0,425,52.0,409,21.0" /></mjloggm>