<mjloggm ver="2.3"><GO type="97" lobby="0"/><UN n0="%E3%81%BB%E3%82%8D%E3%82%8D" n1="%41%4C%42%4E%54" n2="%E5%B0%B1%E6%B4%BB%E7%94%9F%40%E5%B7%9D%E6%9D%91%E8%BB%8D%E5%9B%A3" n3="%68%61%74%75%5F" dan="15,14,14,15" rate="1921.82,1926.21,1981.06,2016.79" sx="M,M,M,M"/><TAIKYOKU oya="0"/><INIT seed="0,0,0,2,5,51" ten="250,250,250,250" oya="0" hai0="120,92,122,29,69,89,123,86,77,102,101,47,110" hai1="104,28,11,130,103,72,15,117,23,67,55,85,70" hai2="21,39,95,121,37,80,83,49,76,98,64,108,126" hai3="50,91,60,20,59,124,84,8,78,99,100,12,13"/><T5/><D5/><BYE who="0" /><UN n0="%E3%81%BB%E3%82%8D%E3%82%8D" /><U113/><E117/><V62/><F121/><W133/><BYE who="0" /><G124/><UN n0="%E3%81%BB%E3%82%8D%E3%82%8D" /><T14/><D14/><BYE who="0" /><UN n0="%E3%81%BB%E3%82%8D%E3%82%8D" /><U125/><E113/><V127/><F21/><W107/><G133/><T0/><D0/><U53/><BYE who="0" /><E72/><UN n0="%E3%81%BB%E3%82%8D%E3%82%8D" /><V115/><F49/><W40/><G78/><T54/><D54/><BYE who="0" /><U88/><E125/><N who="2" m="47627" /><F108/><W34/><G34/><T4/><D4/><U128/><E70/><N who="2" m="42263" /><F115/><W31/><G40/><T56/><D56/><U35/><E67/><V75/><F83/><W105/><G105/><T114/><D114/><U26/><E35/><V94/><F94/><W30/><G50/><T58/><D58/><U19/><E103/><AGARI ba="0,0" hai="37,39,75,76,80,95,98,103" m="42263,47627" machi="103" ten="30,1000,0" yaku="18,1" doraHai="51" who="2" fromWho="1" sc="250,0,250,-10,250,10,250,0" /><INIT seed="1,0,0,3,0,121" ten="250,240,260,250" oya="1" hai0="106,101,2,108,111,57,30,92,81,40,7,56,132" hai1="27,59,131,125,94,3,17,104,126,44,37,122,91" hai2="79,95,42,127,113,103,19,109,102,1,75,62,119" hai3="29,36,128,39,6,48,53,71,33,89,69,123,115"/><U105/><E122/><V31/><F1/><W34/><G123/><T21/><D21/><U97/><E3/><V28/><F119/><W98/><G115/><T80/><D80/><U120/><E120/><V96/><F113/><W10/><G128/><T133/><D133/><U12/><E131/><V116/><F116/><W74/><G74/><T13/><D13/><U32/><E59/><V78/><F127/><N who="1" m="48649" /><E37/><V4/><F4/><W99/><G36/><T93/><D93/><U55/><E32/><V43/><F109/><W66/><G39/><T38/><D38/><U118/><E118/><V8/><F103/><W22/><G22/><T51/><D51/><N who="1" m="29159" /><E27/><V124/><F124/><W15/><G34/><T70/><D70/><U46/><E46/><V110/><F62/><W58/><G66/><T73/><D73/><U14/><E14/><N who="2" m="7623" /><F75/><W41/><G41/><N who="2" m="15369" /><F110/><W45/><G45/><T20/><D20/><AGARI ba="0,0" hai="12,17,20,91,94,97,104,105" m="29159,48649" machi="20" ten="30,1500,0" yaku="18,1" doraHai="121" who="1" fromWho="0" sc="250,-15,240,15,260,0,250,0" /><INIT seed="1,1,0,1,0,7" ten="235,255,260,250" oya="1" hai0="111,88,123,44,5,82,16,13,50,127,41,109,125" hai1="73,9,62,122,2,49,112,96,126,3,119,37,84" hai2="47,18,120,56,51,81,66,61,104,11,95,101,85" hai3="69,65,72,32,67,31,117,100,25,116,121,105,12"/><U129/><E122/><V45/><F120/><W135/><G121/><T118/><D118/><N who="3" m="45673" /><G72/><T131/><D131/><U43/><E73/><V74/><F104/><W10/><G69/><T90/><D90/><U89/><E119/><V97/><F74/><W39/><G39/><T27/><D27/><U17/><E112/><V8/><F18/><N who="3" m="8471" /><G135/><T34/><D34/><U36/><E129/><V59/><F59/><W93/><G105/><T46/><D46/><N who="2" m="17418" /><F51/><W19/><G19/><T14/><D14/><U52/><E126/><V54/><F54/><W87/><G100/><T15/><D15/><U42/><E37/><V26/><F26/><W0/><G0/><T71/><D71/><U94/><E36/><V114/><F114/><W55/><G55/><T107/><D107/><U30/><E30/><V63/><F63/><W133/><G133/><T83/><D83/><U1/><E62/><V124/><F124/><W35/><G32/><T40/><D40/><U98/><E17/><V22/><F22/><W130/><G130/><T68/><D68/><U4/><E1/><V21/><F21/><W102/><G102/><T76/><D76/><AGARI ba="1,0" hai="8,11,56,61,66,76,81,85,95,97,101" m="17418" machi="76" ten="30,3900,0" yaku="8,1,52,2" doraHai="7" who="2" fromWho="0" sc="235,-42,255,0,260,42,250,0" /><INIT seed="2,0,0,5,4,102" ten="193,255,302,250" oya="2" hai0="77,124,43,104,70,87,100,56,5,111,128,81,74" hai1="48,62,92,25,83,75,33,13,0,21,61,58,30" hai2="19,45,97,119,35,80,89,36,20,122,42,93,130" hai3="107,38,16,34,26,101,113,126,57,72,59,44,17"/><V94/><F35/><W78/><G126/><T71/><D71/><U131/><E131/><V39/><F119/><W106/><G113/><T31/><D31/><U24/><E75/><V4/><F122/><W79/><G34/><T115/><D115/><U68/><E68/><V8/><F130/><W23/><G101/><T1/><D1/><U123/><E123/><V50/><F80/><W18/><G38/><T98/><D98/><U118/><E118/><V76/><F76/><W73/><G44/><T63/><D63/><U84/><E0/><V103/><F8/><W40/><G40/><T96/><D96/><U90/><E13/><V120/><F4/><W55/><G78/><T15/><D15/><U28/><E48/><V53/><F120/><W85/><G85/><T10/><D10/><U60/><REACH who="1" step="1"/><E83/><REACH who="1" ten="193,245,302,250" step="2"/><V108/><F39/><W91/><G91/><T27/><D27/><U112/><E112/><V46/><F108/><W69/><G69/><T121/><D121/><U117/><E117/><V54/><F36/><W12/><G12/><T86/><D86/><U95/><E95/><V14/><F45/><W52/><G73/><T125/><D125/><U110/><E110/><V127/><F127/><W41/><G72/><T82/><D82/><U51/><E51/><V134/><F134/><W64/><G79/><T129/><D129/><U3/><E3/><V66/><F50/><W67/><G41/><T22/><D22/><U65/><AGARI ba="0,1" hai="21,24,25,28,30,33,58,60,61,62,65,84,90,92" machi="65" ten="20,2700,0" yaku="1,1,0,1,7,1,53,0" doraHai="102" doraHaiUra="116" who="1" fromWho="1" sc="193,-7,245,37,302,-13,250,-7" /><INIT seed="3,0,0,1,5,21" ten="186,282,289,243" oya="3" hai0="114,74,20,79,9,5,2,30,51,87,110,3,69" hai1="88,81,73,96,15,59,49,31,106,126,100,43,72" hai2="102,108,130,120,7,50,25,93,65,40,78,61,62" hai3="45,107,42,76,47,122,132,46,64,23,95,0,18"/><W115/><G107/><T32/><D32/><U68/><E68/><V101/><F108/><W19/><G122/><T52/><D52/><U131/><E131/><V1/><F1/><W66/><G115/><T6/><D6/><U98/><E126/><V99/><F130/><W33/><G33/><T111/><D111/><U55/><E43/><V82/><F7/><W56/><G0/><T34/><D34/><U125/><E125/><V12/><F102/><W117/><G117/><T94/><D94/><U119/><E119/><V48/><F120/><W105/><G105/><T133/><D133/><U71/><E71/><V60/><F65/><N who="3" m="25195" /><G132/><T26/><D26/><U63/><E63/><V97/><F97/><W13/><G76/><T109/><D109/><U8/><E31/><V77/><F12/><N who="3" m="9671" /><G56/><T54/><D54/><U80/><E80/><V135/><F135/><W24/><G95/><T89/><D89/><U104/><E104/><V22/><F40/><W29/><G29/><T123/><D123/><U90/><E90/><V128/><F128/><W4/><G4/><T83/><D83/><U75/><E75/><V36/><F36/><W113/><G113/><T53/><D53/><U44/><E59/><V16/><REACH who="2" step="1"/><F78/><REACH who="2" ten="186,282,279,243" step="2"/><W38/><G38/><T58/><D58/><U86/><E96/><V39/><F39/><W124/><G124/><T92/><D92/><U35/><E35/><V118/><F118/><W41/><G24/><T70/><D70/><U37/><E37/><V14/><F14/><W28/><G28/><T67/><D67/><U11/><E15/><V121/><F121/><RYUUKYOKU ba="0,1" sc="186,-30,282,10,279,10,243,10" hai1="8,11,44,49,55,72,73,81,86,88,98,100,106" hai2="16,22,25,48,50,60,61,62,77,82,93,99,101" hai3="13,19,41,42,45,46,47" /><INIT seed="3,1,1,3,5,97" ten="156,292,289,253" oya="3" hai0="25,22,46,123,2,36,105,83,107,10,4,66,11" hai1="33,108,44,31,49,119,80,13,91,74,72,3,114" hai2="56,85,106,111,78,21,16,50,93,94,73,34,28" hai3="58,125,99,81,20,104,0,52,1,110,14,41,43"/><W109/><G125/><T27/><D27/><U6/><E114/><V38/><F106/><W42/><G81/><T127/><D127/><U71/><E71/><V121/><F38/><W47/><G47/><T124/><D124/><U53/><E3/><V70/><F70/><W15/><G0/><T102/><D102/><U35/><E35/><V84/><F121/><W76/><G1/><T118/><D118/><U29/><E33/><V88/><F111/><N who="3" m="42507" /><G76/><T19/><D19/><U26/><E108/><V128/><F128/><W101/><G20/><T54/><D54/><U65/><E119/><V67/><F34/><W24/><G24/><T116/><D116/><U103/><E74/><V132/><F73/><W55/><G55/><T48/><D48/><AGARI ba="1,1" hai="14,15,41,42,43,48,52,58,99,101,104" m="42507" machi="48" ten="30,11600,0" yaku="14,1,10,1,52,1,54,1" doraHai="97" who="3" fromWho="0" sc="156,-119,292,0,289,0,253,129" owari="37,-46.0,292,9.0,289,-11.0,382,48.0" /></mjloggm>