<mjloggm ver="2.3"><GO type="97" lobby="0"/><UN n0="%E3%82%8A%E3%82%81%E3%82%8D" n1="%EF%BC%91%E7%A2%BA" n2="%E3%83%88%E3%83%88%E3%83%AA%E5%85%88%E7%94%9F%31%39%E6%AD%B3" n3="%E5%9D%82%E4%B8%8A%E9%97%98%E7%9C%9F" dan="15,13,15,13" rate="1884.07,1922.21,2066.09,1826.16" sx="M,M,F,M"/><TAIKYOKU oya="0"/><INIT seed="0,0,0,0,0,81" ten="250,250,250,250" oya="0" hai0="18,37,5,59,93,53,0,85,10,106,21,110,64" hai1="8,2,124,87,30,89,1,80,19,88,51,79,24" hai2="92,76,126,131,127,78,42,121,71,70,43,27,48" hai3="135,132,52,49,16,72,33,35,77,13,111,83,125"/><T20/><D106/><U62/><E124/><N who="2" m="47659" /><F121/><W7/><G125/><T61/><D37/><U75/><E89/><V41/><F131/><W65/><G65/><T115/><D115/><U108/><E108/><V9/><F48/><W97/><G97/><T98/><D110/><U6/><E62/><V82/><F78/><W119/><G7/><T23/><D85/><U69/><E69/><V122/><F122/><W103/><G103/><T3/><D3/><U60/><E60/><V117/><F117/><W105/><G105/><T129/><D129/><U46/><E19/><V57/><F57/><N who="3" m="32911" /><G111/><T31/><D31/><U86/><E1/><V11/><F27/><W67/><G119/><T118/><D118/><U91/><E91/><V22/><F22/><N who="3" m="11535" /><G67/><T50/><D64/><U123/><E123/><V32/><F32/><W114/><G114/><T17/><REACH who="0" step="1"/><D50/><REACH who="0" ten="240,250,250,250" step="2"/><U28/><E28/><V113/><F113/><W128/><G128/><T54/><D54/><U95/><E51/><V116/><F116/><W55/><G55/><T38/><D38/><U12/><E2/><V120/><F120/><W66/><G66/><T15/><D15/><U74/><REACH who="1" step="1"/><E46/><REACH who="1" ten="240,240,250,250" step="2"/><V84/><F70/><W133/><AGARI ba="0,2" hai="33,35,72,77,83,132,133,135" m="11535,32911" machi="133" ten="30,4000,0" yaku="20,1,54,2" doraHai="81" who="3" fromWho="3" sc="240,-20,240,-10,250,-10,250,60" /><INIT seed="1,0,0,1,1,125" ten="220,230,240,310" oya="1" hai0="119,70,115,16,78,63,123,72,10,26,57,95,52" hai1="17,65,114,1,80,127,134,36,24,22,130,105,55" hai2="133,64,132,14,53,86,62,97,102,59,25,82,56" hai3="51,19,93,28,135,84,45,54,49,91,40,98,74"/><U8/><E114/><V122/><F122/><W39/><G74/><T4/><D115/><U6/><E105/><V103/><F14/><W37/><G135/><N who="2" m="51785" /><F25/><W46/><G28/><T7/><D119/><U76/><E134/><V79/><F97/><W92/><G19/><T2/><D123/><U107/><E107/><V71/><F71/><W31/><G31/><T58/><D70/><U9/><E127/><V50/><AGARI ba="0,0" hai="50,53,56,59,62,64,79,82,86,102,103" m="51785" machi="50" ten="30,1100,0" yaku="20,1" doraHai="125" who="2" fromWho="2" sc="220,-3,230,-5,240,11,310,-3" /><INIT seed="2,0,0,0,5,115" ten="217,225,251,307" oya="2" hai0="84,54,14,3,68,75,70,110,135,90,17,89,95" hai1="113,91,31,132,79,51,20,47,2,65,108,80,94" hai2="11,88,57,64,81,99,114,105,134,72,86,96,61" hai3="6,100,18,97,76,13,12,44,26,78,0,49,60"/><V41/><F114/><W122/><G122/><T58/><D110/><U111/><E2/><V119/><F119/><W133/><G0/><T28/><D75/><U40/><E132/><V73/><F134/><W7/><G133/><T34/><D135/><U53/><E113/><V102/><F41/><W39/><G39/><T127/><D3/><U52/><E65/><V32/><F32/><W63/><G26/><T130/><D130/><U62/><E62/><N who="3" m="23594" /><G97/><T107/><D107/><U43/><E20/><V118/><F118/><W82/><G100/><T56/><D56/><U69/><E31/><V33/><F33/><W59/><G59/><T66/><D66/><U120/><E69/><V93/><REACH who="2" step="1"/><F11/><REACH who="2" ten="217,225,241,307" step="2"/><N who="3" m="4215" /><G7/><T25/><D34/><U35/><E111/><V121/><F121/><W21/><G82/><T45/><D68/><U55/><E35/><V22/><F22/><W128/><G128/><T4/><D70/><U50/><E108/><V87/><F87/><W37/><G37/><T23/><D84/><U27/><E120/><V103/><AGARI ba="0,1" hai="57,61,64,72,73,81,86,88,93,96,99,102,103,105" machi="103" ten="20,18000,2" yaku="1,1,0,1,7,1,54,1,53,2" doraHai="115" doraHaiUra="104" who="2" fromWho="2" sc="217,-60,225,-60,241,190,307,-60" /><INIT seed="2,1,0,3,0,108" ten="157,165,431,247" oya="2" hai0="134,130,93,80,104,36,88,54,20,33,10,89,16" hai1="118,3,40,110,113,45,121,49,14,47,128,68,25" hai2="120,53,69,2,94,74,126,63,32,50,79,9,48" hai3="76,6,7,55,123,38,119,127,102,131,117,105,125"/><V91/><F120/><W60/><G38/><T61/><D104/><U90/><E3/><V101/><F32/><W37/><G37/><T96/><D33/><U84/><E110/><V59/><F126/><N who="3" m="48139" /><G60/><T56/><D36/><U86/><E118/><N who="3" m="45066" /><G55/><T116/><D116/><U57/><E121/><V31/><F31/><W24/><G123/><T0/><D134/><U97/><E128/><V106/><F69/><W100/><G24/><N who="0" m="14343" /><D130/><U133/><E68/><V35/><F35/><W81/><G131/><T34/><D34/><U107/><E133/><V78/><F101/><N who="3" m="39019" /><G105/><T83/><D0/><U73/><E107/><V21/><F106/><W52/><G52/><N who="0" m="33927" /><D10/><U4/><E73/><AGARI ba="1,0" hai="6,7,73,76,81" m="39019,45066,48139" machi="73" ten="30,1000,0" yaku="18,1" doraHai="108" who="3" fromWho="1" sc="157,0,165,-13,431,0,247,13" /><INIT seed="3,0,0,0,3,37" ten="157,152,431,260" oya="3" hai0="31,59,83,57,66,36,81,21,55,101,68,1,48" hai1="80,56,121,94,47,53,95,111,97,108,92,45,49" hai2="104,69,12,134,113,42,99,74,4,54,115,127,123" hai3="62,43,10,9,131,119,65,72,126,3,63,129,8"/><W52/><G119/><T5/><D36/><U15/><E121/><V28/><F54/><W50/><G126/><T82/><D68/><U110/><E15/><V93/><F12/><W102/><G72/><T0/><D101/><N who="1" m="60583" /><E80/><V86/><F4/><W106/><G3/><T78/><D0/><U20/><E20/><V88/><F74/><W22/><G102/><T6/><D1/><U109/><N who="1" m="27648" /><DORA hai="30" /><U16/><E16/><V25/><F69/><W87/><G106/><T7/><D66/><U107/><E107/><V58/><F123/><W67/><G87/><N who="0" m="48567" /><D59/><U44/><AGARI ba="0,0" hai="44,45,47,49,53,56,94,95" m="27648,60583" machi="44" ten="60,2000,0" yaku="14,1" doraHai="37,30" who="1" fromWho="1" sc="157,-5,152,20,431,-5,260,-10" owari="152,-35.0,172,-23.0,426,53.0,250,5.0" /></mjloggm>