<mjloggm ver="2.3"><GO type="97" lobby="0"/><UN n0="%E5%93%AD%E3%81%8D%E3%81%AE%E7%AB%9C%2E" n1="%E3%81%9B%E3%82%8A%E3%81%8A" n2="%74%6F%6D%6E%70" n3="%E3%83%88%E3%83%88%E3%83%AA%E5%85%88%E7%94%9F%31%39%E6%AD%B3" dan="14,15,15,15" rate="1923.57,2025.28,1954.69,2047.00" sx="M,F,M,F"/><TAIKYOKU oya="0"/><INIT seed="0,0,0,3,3,25" ten="250,250,250,250" oya="0" hai0="57,87,71,14,115,33,58,75,132,35,54,67,6" hai1="130,2,69,46,40,28,39,128,110,66,60,77,114" hai2="8,15,125,55,106,23,20,42,64,118,30,124,109" hai3="11,7,129,0,10,76,97,37,52,84,95,134,70"/><T122/><D75/><U74/><E114/><V24/><F106/><W113/><G113/><T96/><D122/><U51/><E110/><V72/><F72/><W94/><G37/><T31/><D115/><U21/><E2/><V62/><F109/><W90/><G70/><T22/><D132/><U107/><E107/><V43/><F55/><W119/><G134/><T17/><D71/><U68/><E68/><V38/><F23/><W73/><G129/><T82/><D96/><U36/><E77/><V91/><F91/><W27/><G119/><T86/><D6/><U126/><E74/><V135/><F135/><W80/><G11/><T104/><D104/><U48/><E126/><N who="2" m="48747" /><F38/><W111/><G111/><T45/><D45/><U103/><E103/><V127/><F118/><W108/><G108/><T29/><D35/><U56/><E21/><V41/><F42/><W5/><G5/><T83/><D33/><U88/><E88/><V65/><F64/><W63/><G27/><T3/><D3/><U121/><E121/><V32/><F32/><W1/><G1/><T120/><D120/><U81/><E81/><N who="0" m="30729" /><D67/><U19/><E39/><V98/><F98/><W44/><G44/><T61/><D57/><U79/><E36/><V85/><F85/><AGARI ba="0,0" hai="14,17,22,29,31,54,58,61,85,86,87" m="30729" machi="85" ten="30,5800,0" yaku="8,1,52,2" doraHai="25" who="0" fromWho="2" sc="250,58,250,0,250,-58,250,0" /><INIT seed="0,1,0,5,3,91" ten="308,250,192,250" oya="0" hai0="28,65,49,114,15,121,97,23,86,44,66,45,128" hai1="8,26,84,118,87,27,63,112,70,113,124,61,36" hai2="18,51,35,71,43,68,67,21,42,14,99,88,100" hai3="120,57,135,1,38,104,59,126,77,48,31,109,105"/><T72/><D121/><U5/><E118/><V19/><F35/><W106/><G38/><T46/><D114/><N who="1" m="44139" /><E36/><V34/><F34/><W29/><G1/><T33/><D72/><U13/><E124/><V78/><F68/><W90/><G126/><T132/><D33/><U94/><E87/><V89/><F71/><W53/><G120/><T108/><D132/><U81/><E81/><V102/><F67/><N who="0" m="25610" /><D128/><U130/><E70/><V96/><F78/><W93/><G77/><T103/><D108/><U115/><E130/><V123/><F123/><W122/><G122/><T131/><D131/><U32/><E32/><V3/><F3/><W50/><G109/><T16/><D86/><U74/><E74/><V2/><F2/><W85/><REACH who="3" step="1"/><G135/><REACH who="3" ten="308,250,192,240" step="2"/><T76/><D76/><U73/><E115/><V98/><F102/><W75/><G75/><T60/><D60/><N who="1" m="23115" /><E73/><V41/><F100/><W127/><G127/><T20/><D49/><U119/><E119/><V80/><F51/><W111/><G111/><T58/><D58/><U69/><E69/><V92/><F80/><W133/><G133/><T55/><D55/><AGARI ba="1,1" hai="29,31,48,50,53,55,57,59,85,90,93,104,105,106" machi="55" ten="40,5200,0" yaku="1,1,9,1,52,1,53,0" doraHai="91" doraHaiUra="9" who="3" fromWho="0" sc="308,-55,250,0,192,0,240,65" /><INIT seed="1,0,0,3,3,122" ten="253,250,192,305" oya="1" hai0="35,119,121,87,28,45,2,79,3,102,109,89,37" hai1="26,59,6,54,32,19,47,56,63,73,8,134,33" hai2="24,57,110,120,99,83,49,133,50,61,68,105,40" hai3="67,15,27,14,112,111,128,116,16,51,42,81,113"/><U25/><E134/><V48/><F120/><W10/><G111/><T52/><D119/><U103/><E73/><V95/><F133/><W53/><G128/><T90/><D121/><U13/><E103/><V96/><F68/><W0/><G116/><T92/><D102/><U108/><E108/><V46/><F110/><W115/><G0/><T4/><D109/><U125/><E125/><V22/><F105/><W94/><G42/><T85/><D37/><U29/><E47/><V84/><F95/><W31/><G67/><T91/><D79/><U23/><REACH who="1" step="1"/><E56/><REACH who="1" ten="253,240,192,305" step="2"/><V9/><F49/><W131/><G51/><T82/><D45/><U1/><E1/><V129/><F50/><W86/><G112/><T130/><D2/><U38/><E38/><V80/><F129/><W7/><G131/><T106/><D3/><U30/><E30/><V74/><F74/><W39/><G39/><T124/><D28/><U104/><E104/><V93/><F57/><W97/><G113/><T58/><D106/><U132/><E132/><V76/><F61/><W17/><G115/><T62/><D124/><U5/><E5/><V127/><F127/><W36/><G36/><T60/><D130/><U98/><E98/><V34/><F99/><W107/><G107/><T64/><D4/><U12/><E12/><V65/><F96/><W75/><G15/><T117/><D117/><U44/><E44/><V43/><F46/><W69/><G75/><T11/><D87/><U100/><E100/><V70/><F84/><W126/><G86/><T18/><D85/><U78/><E78/><V72/><F76/><RYUUKYOKU ba="0,1" sc="253,-10,240,30,192,-10,305,-10" hai1="6,8,13,19,23,25,26,29,32,33,54,59,63" /><INIT seed="1,1,1,3,4,58" ten="243,270,182,295" oya="1" hai0="62,21,91,17,72,43,108,134,25,131,35,54,20" hai1="124,23,19,34,105,18,117,4,49,76,28,13,89" hai2="102,71,7,95,126,67,69,118,60,30,77,70,31" hai3="32,37,40,22,79,2,57,113,96,119,26,51,110"/><U56/><E105/><V92/><F118/><W85/><G113/><T83/><D108/><U39/><E39/><V129/><F129/><W55/><G32/><T121/><D131/><U61/><E76/><V16/><F126/><W132/><G2/><T6/><D134/><U63/><E117/><V128/><F128/><W50/><G119/><T78/><D121/><U12/><E124/><V99/><F7/><W75/><G75/><T84/><D43/><U112/><E112/><V80/><F95/><W33/><G37/><T81/><D6/><U74/><E74/><V9/><F70/><W101/><G33/><T24/><D35/><U27/><E89/><V87/><F71/><W125/><G125/><T114/><D114/><U135/><E135/><V120/><F120/><W133/><G110/><T98/><D98/><U53/><REACH who="1" step="1"/><E4/><REACH who="1" ten="243,260,182,295" step="2"/><V106/><F106/><N who="3" m="63783" /><G79/><T38/><D38/><U82/><E82/><V65/><REACH who="2" step="1"/><F67/><REACH who="2" ten="243,260,172,295" step="2"/><W3/><G132/><T93/><D81/><U5/><E5/><V11/><F11/><AGARI ba="1,3" hai="11,12,13,18,19,23,27,28,34,49,53,56,61,63" machi="11" ten="30,11600,0" yaku="1,1,7,1,52,2,53,0" doraHai="58" doraHaiUra="127" who="1" fromWho="2" sc="243,0,260,149,172,-119,295,0" /><INIT seed="1,2,0,3,3,66" ten="243,409,53,295" oya="1" hai0="65,120,17,90,92,96,32,9,81,26,63,58,79" hai1="131,93,0,43,14,5,121,124,77,71,52,40,107" hai2="117,55,113,126,1,86,82,50,20,2,36,7,100" hai3="54,25,104,49,18,51,38,30,34,45,69,41,42"/><U61/><E107/><V128/><F117/><W39/><G104/><T78/><D120/><U112/><E0/><V72/><F72/><W48/><G18/><T102/><D32/><U3/><E3/><V103/><F36/><N who="3" m="13867" /><G25/><T97/><D81/><U74/><E40/><N who="3" m="15466" /><G30/><T88/><D90/><U21/><E43/><V16/><F1/><W33/><G33/><T89/><D89/><U98/><E21/><V10/><F128/><W125/><G34/><T106/><REACH who="0" step="1"/><D9/><REACH who="0" ten="233,409,53,295" step="2"/><U6/><E121/><V135/><F113/><W62/><G125/><T28/><D28/><U110/><E124/><V123/><F126/><W44/><G44/><T134/><D134/><U133/><E133/><V24/><F135/><W87/><G87/><T130/><D130/><U57/><E131/><V47/><REACH who="2" step="1"/><F123/><REACH who="2" ten="233,409,43,295" step="2"/><W101/><G101/><T19/><D19/><U94/><E112/><V129/><F129/><W15/><G15/><T27/><D27/><U99/><E14/><V60/><F60/><W67/><AGARI ba="2,2" hai="45,48,49,51,54,62,67,69" m="15466,13867" machi="67" ten="30,12000,2" yaku="35,5,52,1" doraHai="66" who="3" fromWho="3" sc="233,-32,409,-62,43,-32,295,146" /><INIT seed="2,0,0,1,3,121" ten="201,347,11,441" oya="2" hai0="128,29,21,58,119,5,84,18,19,17,3,13,48" hai1="30,51,86,7,98,115,0,1,106,62,72,67,53" hai2="64,93,99,111,54,104,47,35,130,37,2,73,75" hai3="36,118,132,81,108,126,135,32,27,134,88,34,38"/><V129/><F2/><W50/><G108/><T39/><D39/><N who="3" m="14889" /><G118/><T56/><D119/><U63/><E115/><V16/><F104/><W41/><G126/><T74/><D128/><N who="2" m="49258" /><F35/><N who="3" m="13355" /><G27/><T79/><D74/><U120/><E72/><V65/><F111/><W91/><G81/><T55/><D3/><U122/><E30/><V127/><F127/><W107/><G107/><T22/><D5/><U59/><E86/><V116/><F116/><W49/><G41/><T100/><D100/><N who="1" m="62743" /><E51/><AGARI ba="0,0" hai="49,50,51,88,91,132,134,135" m="13355,14889" machi="51" ten="40,8000,1" yaku="28,2,20,1,54,1" doraHai="121" who="3" fromWho="1" sc="201,0,347,-80,11,0,441,80" /><INIT seed="3,0,0,2,5,34" ten="201,267,11,521" oya="3" hai0="77,36,118,43,69,133,57,115,96,71,72,39,98" hai1="89,25,67,120,2,13,6,46,4,90,1,48,14" hai2="105,132,104,55,121,73,112,81,11,45,37,29,86" hai3="102,75,78,93,56,91,50,66,94,21,76,127,62"/><W97/><G127/><T99/><D118/><U41/><E67/><V44/><F112/><W65/><G75/><T0/><D115/><U68/><E68/><V116/><F73/><W111/><G111/><T110/><D110/><U70/><E70/><V107/><F116/><W117/><G117/><T79/><D133/><U52/><E41/><V124/><F132/><W119/><G119/><T126/><D126/><U113/><E25/><V95/><F124/><W125/><G125/><T129/><D129/><U108/><E108/><V28/><F121/><W42/><G65/><T26/><D26/><U9/><E113/><V59/><F95/><W92/><G21/><T40/><D57/><U60/><E60/><V74/><F74/><W131/><G131/><T87/><D87/><U15/><REACH who="1" step="1"/><E120/><REACH who="1" ten="201,257,11,521" step="2"/><V19/><F86/><N who="3" m="52343" /><G93/><T106/><D106/><U30/><E30/><V5/><F11/><AGARI ba="0,1" hai="1,2,4,6,9,11,13,14,15,46,48,52,89,90" machi="11" ten="40,8000,1" yaku="1,1,9,1,52,2,54,1,53,0" doraHai="34" doraHaiUra="58" who="1" fromWho="2" sc="201,0,257,90,11,-80,521,0" owari="201,-20.0,347,15.0,-69,-57.0,521,62.0" /></mjloggm>