<mjloggm ver="2.3"><GO type="97" lobby="0"/><UN n0="%79%61%6D%61%68%69%72%6F" n1="%E3%83%88%E3%83%88%E3%83%AA%E5%85%88%E7%94%9F%31%39%E6%AD%B3" n2="%E6%9C%88%E3%83%9F%E7%85%A7%E2%98%86" n3="%E2%98%86%E9%88%B4%E6%9C%A8%E7%B4%94%E2%98%86" dan="15,14,13,14" rate="1995.34,2047.79,1999.50,1944.37" sx="M,F,M,F"/><TAIKYOKU oya="0"/><INIT seed="0,0,0,1,0,6" ten="250,250,250,250" oya="0" hai0="91,97,2,129,87,99,62,88,48,17,4,71,11" hai1="66,61,40,49,30,105,128,132,39,1,14,20,64" hai2="121,15,111,103,82,90,115,65,21,134,36,59,93" hai3="50,101,76,94,57,126,96,102,38,45,51,18,27"/><T33/><D33/><U44/><E1/><V113/><F121/><W80/><G126/><T95/><D129/><U8/><E105/><V85/><F36/><W104/><G38/><T63/><D71/><U67/><E128/><V130/><F130/><W47/><G104/><T131/><D131/><U86/><E132/><V107/><F107/><W125/><G102/><T0/><D0/><U117/><E117/><V114/><F134/><W92/><G92/><T28/><D28/><U106/><E106/><V19/><F111/><W16/><G125/><T98/><D48/><N who="3" m="18473" /><G57/><T12/><REACH who="0" step="1"/><D91/><REACH who="0" ten="240,250,250,250" step="2"/><U73/><E39/><V3/><F3/><W77/><G101/><T68/><D68/><U119/><E119/><V75/><F103/><W74/><G77/><T72/><D72/><U110/><E73/><V81/><F75/><W41/><G74/><T58/><D58/><U55/><E110/><V23/><F59/><W124/><G76/><T123/><D123/><U26/><E61/><V54/><F115/><W25/><G124/><T42/><D42/><U69/><E69/><V100/><F100/><W109/><G41/><T35/><D35/><U70/><E70/><V37/><F114/><W53/><G109/><T7/><D7/><N who="1" m="3359" /><E40/><V108/><F37/><W120/><G120/><T116/><D116/><U89/><E89/><V83/><F113/><W135/><G135/><T24/><D24/><U118/><E118/><V78/><F108/><W9/><G27/><T79/><D79/><U133/><E133/><V34/><F78/><W43/><G25/><T22/><AGARI ba="0,1" hai="2,4,11,12,17,22,62,63,87,88,95,97,98,99" machi="22" ten="30,12000,1" yaku="1,1,0,1,52,1,54,1,53,1" doraHai="6" doraHaiUra="32" who="0" fromWho="0" sc="240,130,250,-40,250,-40,250,-40" /><INIT seed="0,1,0,2,4,65" ten="370,210,210,210" oya="0" hai0="83,116,75,24,112,113,70,2,120,37,98,69,115" hai1="107,12,72,76,104,117,0,42,29,68,118,119,97" hai2="31,41,88,27,131,28,43,134,63,57,92,32,130" hai3="103,51,125,52,11,3,85,7,96,35,87,45,10"/><T25/><D120/><U61/><E0/><V34/><F134/><W105/><G125/><T121/><D121/><U5/><E42/><V1/><F1/><W127/><G127/><T18/><D116/><U108/><E108/><V62/><F31/><W6/><REACH who="3" step="1"/><G35/><REACH who="3" ten="370,210,210,200" step="2"/><T128/><D128/><N who="2" m="49194" /><F34/><W77/><G77/><T39/><D2/><AGARI ba="1,1" hai="2,3,6,7,10,11,45,51,52,85,87,96,103,105" machi="2" ten="30,8000,1" yaku="1,1,7,1,9,1,54,1,53,1" doraHai="65" doraHaiUra="49" who="3" fromWho="0" sc="370,-83,210,0,210,0,200,93" /><INIT seed="1,0,0,4,4,80" ten="287,210,210,293" oya="1" hai0="73,133,122,118,13,131,2,97,28,36,60,40,102" hai1="1,135,32,67,96,81,55,30,126,25,110,98,0" hai2="7,86,26,22,53,95,129,90,12,9,106,104,71" hai3="76,42,107,88,116,8,79,111,57,16,91,31,3"/><U69/><E135/><V65/><F129/><W20/><G111/><T43/><D118/><U84/><E110/><V45/><F71/><W113/><G113/><T59/><D122/><U18/><E126/><V24/><F65/><W94/><G107/><T74/><D2/><U48/><E18/><V35/><F35/><W66/><G31/><T77/><D131/><U103/><E67/><V46/><F106/><W119/><G42/><T19/><D133/><U87/><E69/><V109/><F104/><W54/><G66/><T23/><D28/><U17/><E17/><V134/><F134/><W100/><G100/><T39/><D77/><U50/><E50/><N who="2" m="28879" /><F109/><W120/><G120/><T52/><D39/><U99/><E103/><V56/><F46/><W125/><G125/><T70/><D70/><U128/><E128/><V14/><F56/><W108/><G108/><T10/><D10/><U34/><E34/><V15/><F26/><N who="3" m="14599" /><G3/><T123/><D123/><U5/><E81/><V112/><F112/><W82/><G8/><T92/><REACH who="0" step="1"/><D36/><REACH who="0" ten="277,210,210,293" step="2"/><U27/><E0/><V37/><F37/><W121/><G121/><T49/><D49/><U4/><E1/><V41/><F41/><AGARI ba="0,1" hai="13,19,23,40,41,43,52,59,60,73,74,92,97,102" machi="41" ten="40,2600,0" yaku="1,1,54,1,53,0" doraHai="80" doraHaiUra="83" who="0" fromWho="2" sc="277,36,210,0,210,-26,293,0" /><INIT seed="2,0,0,3,1,116" ten="313,210,184,293" oya="2" hai0="74,8,47,87,114,5,56,91,54,49,106,45,16" hai1="117,0,25,19,40,9,36,21,58,27,113,95,15" hai2="31,32,122,118,28,80,92,128,119,84,89,60,20" hai3="41,98,107,55,73,59,67,17,75,30,68,57,126"/><V62/><F32/><W63/><G126/><T3/><D74/><U65/><E117/><V115/><F115/><W93/><G107/><T46/><D106/><U134/><E113/><V94/><F128/><W121/><G30/><N who="2" m="11305" /><F122/><W50/><G121/><T48/><D114/><U24/><E134/><V132/><F132/><W71/><G71/><T35/><D35/><U66/><E0/><V6/><F6/><W18/><G41/><T61/><REACH who="0" step="1"/><D16/><REACH who="0" ten="303,210,184,293" step="2"/><U34/><E34/><V51/><F119/><W42/><G17/><T86/><D86/><U104/><E104/><V111/><F118/><W108/><G18/><T79/><D79/><U78/><E78/><N who="2" m="46103" /><F111/><W37/><G108/><T100/><D100/><U112/><E112/><V76/><F76/><W123/><G123/><T13/><D13/><U43/><E24/><V22/><F51/><W38/><G75/><T96/><D96/><U52/><E25/><V99/><F94/><AGARI ba="0,1" hai="3,5,8,45,46,47,48,49,54,56,61,87,91,94" machi="94" ten="40,1300,0" yaku="1,1,53,0" doraHai="116" doraHaiUra="102" who="0" fromWho="2" sc="303,23,210,0,184,-13,293,0" /><INIT seed="3,0,0,1,3,134" ten="326,210,171,293" oya="3" hai0="107,123,62,91,55,84,72,47,70,104,86,112,38" hai1="97,89,10,41,77,48,102,117,95,106,94,50,43" hai2="59,83,130,125,36,57,82,99,65,29,64,35,100" hai3="7,128,135,98,73,51,2,92,40,118,39,101,52"/><W18/><G118/><T26/><D72/><U53/><E117/><V129/><F36/><W105/><G135/><T6/><D123/><U133/><E133/><V0/><F0/><W12/><G128/><T46/><D112/><U87/><E77/><V31/><F99/><W28/><G73/><T68/><D6/><U103/><E106/><V110/><F100/><W30/><G40/><N who="1" m="15434" /><E10/><V108/><F35/><W37/><G37/><T71/><D38/><U32/><E32/><V90/><F90/><W13/><G39/><T78/><D78/><U67/><E67/><V5/><F5/><W49/><G2/><T121/><D121/><U75/><E75/><V21/><F21/><N who="3" m="11463" /><G105/><T25/><D62/><U126/><E126/><AGARI ba="0,0" hai="29,31,57,59,64,65,82,83,108,110,125,126,129,130" machi="126" ten="25,6400,0" yaku="22,2,52,2" doraHai="134" who="2" fromWho="1" sc="326,0,210,-64,171,64,293,0" owari="326,42.0,146,-35.0,235,-16.0,293,9.0" /></mjloggm>