<mjloggm ver="2.3"><GO type="41" lobby="0"/><UN n0="%E5%B0%B1%E6%B4%BB%E7%94%9F%40%E5%B7%9D%E6%9D%91%E8%BB%8D%E5%9B%A3" n1="%74%65%6E%70%61%6E%65" n2="%E4%BB%B2%E5%B7%9D%E7%BF%94" n3="%E7%8C%AB%E3%81%AE%E8%B6%B3%E8%B7%A1" dan="16,15,14,14" rate="2067.02,2035.67,1925.33,1969.62" sx="M,M,M,M"/><TAIKYOKU oya="0"/><INIT seed="0,0,0,0,2,59" ten="250,250,250,250" oya="0" hai0="53,0,90,21,110,47,108,99,41,10,101,54,130" hai1="107,79,35,78,92,86,56,126,26,77,97,33,106" hai2="127,11,18,129,6,43,109,60,119,134,61,50,22" hai3="51,80,13,70,31,30,103,23,75,29,73,116,132"/><T19/><D130/><U114/><E126/><V100/><F127/><W24/><G116/><T121/><D121/><U63/><E114/><V14/><F129/><W82/><G70/><T71/><D71/><U27/><E86/><V3/><F109/><N who="0" m="42090" /><D10/><U88/><E106/><V45/><F134/><W124/><G124/><T93/><D0/><U16/><E107/><V68/><F68/><W37/><G37/><N who="0" m="21935" /><D101/><U128/><E128/><V25/><F100/><W12/><G103/><T113/><D113/><U36/><E36/><V105/><F105/><W112/><G112/><T76/><D76/><U52/><REACH who="1" step="1"/><E27/><AGARI ba="0,0" hai="19,21,27,53,54,90,93,99" m="21935,42090" machi="27" ten="30,2900,0" yaku="14,1,10,1" doraHai="59" who="0" fromWho="1" sc="250,29,250,-29,250,0,250,0" /><INIT seed="0,1,0,1,4,134" ten="279,221,250,250" oya="0" hai0="67,100,80,54,22,104,120,86,11,15,115,117,79" hai1="0,43,102,63,49,16,87,81,10,65,114,69,73" hai2="6,118,91,8,85,47,40,41,12,5,20,131,13" hai3="37,124,2,34,17,88,60,77,24,113,130,108,55"/><T110/><D117/><U98/><E73/><V92/><F131/><W94/><G113/><T44/><D120/><U35/><E35/><V103/><F118/><W19/><G2/><T30/><D115/><U132/><E132/><V18/><F103/><W27/><G37/><T125/><D125/><U45/><E114/><V9/><REACH who="2" step="1"/><F47/><REACH who="2" ten="279,221,240,250" step="2"/><W78/><G130/><T83/><D100/><U58/><E69/><V50/><F50/><W33/><G60/><T121/><D104/><U75/><E49/><V64/><F64/><W74/><G74/><T53/><D67/><U123/><E45/><V109/><F109/><W31/><G108/><T116/><D121/><U66/><E65/><V61/><F61/><W57/><G57/><T32/><D116/><U71/><E71/><V126/><F126/><W76/><G124/><T26/><D110/><U36/><E36/><V105/><F105/><W133/><G133/><T127/><D127/><U25/><E123/><V84/><F84/><W23/><G55/><T1/><D44/><U46/><E75/><V82/><F82/><W95/><G95/><T70/><D70/><U90/><E46/><V135/><F135/><W112/><G112/><T96/><D83/><U42/><E43/><V128/><F128/><W68/><G68/><T97/><D97/><U72/><E42/><V93/><F93/><W21/><G31/><T111/><D96/><AGARI ba="1,1" hai="17,19,21,23,24,27,33,34,76,77,78,88,94,96" machi="96" ten="40,2600,0" yaku="9,1,54,1" doraHai="134" who="3" fromWho="0" sc="279,-29,221,0,240,0,250,39" /><INIT seed="1,0,0,2,5,111" ten="250,221,240,289" oya="1" hai0="13,39,17,40,81,47,126,68,11,41,66,15,59" hai1="120,12,98,78,44,77,128,115,100,102,26,69,24" hai2="121,3,57,90,131,38,6,4,14,76,79,50,55" hai3="119,70,116,86,107,71,58,2,36,127,45,18,75"/><U94/><E69/><V125/><F38/><W134/><G75/><T28/><D126/><U64/><E120/><V83/><F121/><W132/><G107/><T43/><D68/><N who="3" m="26153" /><G2/><T97/><D28/><U87/><E64/><V82/><F125/><W54/><G86/><T9/><D97/><U101/><E44/><V129/><F3/><W30/><G18/><T130/><D130/><U89/><E128/><N who="2" m="49227" /><F90/><W46/><G30/><T48/><D81/><N who="2" m="30730" /><F14/><W122/><G122/><T135/><D135/><N who="3" m="51753" /><G127/><T31/><D31/><U1/><E12/><V74/><F74/><W108/><G108/><T118/><D118/><N who="3" m="45097" /><G36/><T34/><D34/><U105/><E26/><V53/><F4/><W80/><G80/><T0/><D0/><U103/><E24/><V67/><F6/><W65/><G65/><T73/><D73/><U95/><E1/><V114/><F67/><W110/><G110/><T85/><D85/><U21/><E21/><V29/><F29/><W91/><G91/><T72/><D72/><U42/><E95/><V25/><F25/><W117/><N who="3" m="45105" /><W23/><DORA hai="92" /><G23/><T19/><D39/><U61/><E105/><V32/><F32/><W63/><AGARI ba="0,0" hai="45,46,54,58,63" m="45105,51753,26153" machi="63" ten="50,8000,1" yaku="20,1,12,1,34,2" doraHai="111,92" who="3" fromWho="3" sc="250,-20,221,-40,240,-20,289,80" /><INIT seed="2,0,0,3,3,115" ten="230,181,220,369" oya="2" hai0="36,102,77,25,122,101,37,89,6,26,66,27,116" hai1="38,123,45,103,56,35,119,53,61,16,60,10,112" hai2="110,128,69,47,18,7,84,85,121,107,118,67,134" hai3="11,46,86,127,81,4,70,13,41,98,124,57,34"/><V129/><F107/><W19/><G70/><T96/><D122/><U52/><E35/><V50/><F121/><W14/><G34/><T39/><D77/><U31/><E31/><V92/><F134/><W2/><G57/><T111/><D111/><U68/><E112/><V82/><F110/><W29/><G29/><T125/><D125/><N who="3" m="48201" /><G98/><T33/><D6/><U95/><E123/><V97/><F67/><W9/><G19/><T120/><D120/><U43/><E53/><V105/><F69/><W99/><G99/><T87/><D33/><U51/><E68/><V54/><F105/><W30/><G30/><T91/><D66/><U88/><E103/><N who="0" m="39433" /><D87/><U40/><E43/><V131/><F18/><W126/><G11/><T104/><D96/><U17/><E17/><V83/><F7/><W23/><G23/><T75/><D75/><U71/><E71/><V79/><F97/><W0/><G0/><T28/><D28/><U100/><E100/><V130/><F92/><W8/><G8/><T76/><D76/><U5/><E16/><V32/><F32/><W20/><G20/><T42/><D42/><U90/><E95/><V132/><F131/><W80/><G126/><T58/><D58/><U93/><E93/><V78/><F132/><W59/><G59/><T62/><D62/><U55/><E61/><V109/><F109/><W106/><G106/><T72/><D72/><U108/><E108/><V24/><F24/><N who="0" m="6146" /><T3/><DORA hai="117" /><D3/><U73/><E73/><V65/><F65/><W74/><G74/><T114/><D104/><U48/><E60/><V133/><F133/><RYUUKYOKU ba="0,0" sc="230,-10,181,-10,220,30,369,-10" hai2="47,50,54,78,79,82,83,84,85,118,128,129,130" /><INIT seed="2,1,0,1,0,47" ten="220,171,250,359" oya="2" hai0="16,122,24,128,86,74,11,91,95,121,42,75,71" hai1="57,10,80,81,135,54,22,127,1,29,70,61,108" hai2="0,44,116,115,36,5,41,69,27,112,18,131,39" hai3="53,119,111,26,43,34,117,37,125,2,77,104,72"/><V7/><F69/><W28/><G111/><T124/><D71/><U105/><E108/><V59/><F116/><W8/><G125/><T97/><D124/><U15/><E105/><V46/><F131/><W33/><G53/><T23/><D128/><U79/><E135/><V35/><F59/><W85/><G85/><T52/><D42/><U20/><E1/><V107/><F107/><W38/><G34/><T17/><D86/><U133/><E133/><V62/><F62/><W90/><G90/><T50/><D11/><U89/><E70/><V82/><F82/><N who="3" m="45351" /><G104/><T49/><D17/><U130/><E29/><V96/><F96/><W58/><G58/><T94/><D94/><U87/><E130/><V31/><F18/><W4/><G38/><T129/><D129/><U132/><E132/><V6/><F0/><W134/><G134/><T84/><D84/><N who="1" m="50311" /><E127/><V32/><F32/><W113/><G113/><T13/><D13/><U106/><E106/><V93/><F93/><W120/><G120/><T100/><D100/><U64/><E64/><V40/><AGARI ba="1,0" hai="5,6,7,27,31,35,36,39,40,41,44,46,112,115" machi="40" ten="30,3000,0" yaku="0,1,9,1" doraHai="47" who="2" fromWho="2" sc="220,-11,171,-11,250,33,359,-11" /><INIT seed="2,2,0,5,3,132" ten="209,160,283,348" oya="2" hai0="105,83,22,121,92,110,116,54,11,98,91,47,32" hai1="26,17,133,13,46,27,68,129,45,40,76,56,7" hai2="80,130,102,114,93,38,123,28,106,96,62,35,59" hai3="75,81,73,128,44,34,19,60,39,14,100,57,85"/><V97/><F38/><W4/><G34/><T111/><D32/><U89/><E68/><V125/><F114/><W61/><G128/><T53/><D121/><U134/><E7/><V108/><F123/><W51/><G100/><T109/><D116/><U8/><E129/><V84/><F130/><W5/><G39/><T12/><D105/><U71/><E71/><V58/><F108/><W20/><G75/><T70/><D70/><U67/><E76/><V49/><F49/><W23/><G23/><T103/><D22/><U127/><E89/><V95/><F106/><W15/><G15/><T88/><D47/><U135/><E45/><V48/><F48/><W78/><G73/><T18/><D83/><U82/><E82/><V124/><F28/><W118/><G61/><T36/><D36/><U50/><REACH who="1" step="1"/><E127/><REACH who="1" ten="209,150,283,348" step="2"/><N who="2" m="48715" /><F35/><W69/><G69/><T99/><D103/><U30/><E30/><V6/><F6/><W104/><G118/><T52/><D91/><U1/><E1/><V77/><F62/><AGARI ba="2,1" hai="8,13,17,26,27,40,46,50,56,62,67,133,134,135" machi="62" ten="40,2600,0" yaku="1,1,20,1,53,0" doraHai="132" doraHaiUra="87" who="1" fromWho="2" sc="209,0,150,42,283,-32,348,0" /><INIT seed="3,0,0,4,3,125" ten="209,192,251,348" oya="3" hai0="43,126,111,73,128,133,127,70,94,124,104,58,11" hai1="108,1,119,27,37,48,135,71,122,22,13,56,80" hai2="68,2,15,134,91,42,57,115,120,114,52,92,96" hai3="46,14,53,84,109,130,79,98,101,5,40,25,118"/><W113/><G113/><T32/><D104/><U105/><E71/><V66/><F2/><W72/><G118/><T93/><D70/><U50/><E37/><V82/><F134/><W117/><G117/><T36/><D32/><U54/><E1/><V75/><F120/><W62/><G72/><T110/><D73/><U85/><E105/><V26/><F42/><W97/><G109/><N who="0" m="41483" /><D133/><U106/><E106/><V116/><F116/><W17/><G5/><T33/><D33/><U131/><E13/><V69/><F26/><W65/><G25/><T89/><D58/><U24/><E24/><V103/><F68/><W39/><G53/><T121/><D121/><U31/><E122/><V95/><F69/><W0/><G0/><T19/><D128/><U28/><E31/><V132/><F66/><W30/><G130/><T4/><D19/><U55/><E108/><V41/><F41/><W77/><G30/><T18/><D18/><U129/><E119/><V60/><F132/><W44/><G46/><N who="0" m="23911" /><D89/><U10/><E10/><V90/><F15/><AGARI ba="0,0" hai="4,11,15,93,94,124,126,127" m="23911,41483" machi="15" ten="40,2600,0" yaku="18,1,14,1" doraHai="125" who="0" fromWho="2" sc="209,26,192,0,251,-26,348,0" /><INIT seed="4,0,0,5,3,125" ten="235,192,225,348" oya="0" hai0="8,101,72,31,35,29,67,0,1,95,33,48,27" hai1="94,135,105,47,97,81,84,21,98,124,22,93,107" hai2="71,10,61,40,14,9,51,115,117,90,49,104,17" hai3="99,30,12,75,128,37,131,113,77,24,109,11,69"/><T78/><D67/><U65/><E124/><V85/><F104/><W86/><G109/><T66/><D66/><U42/><E135/><V134/><F134/><W118/><G118/><T53/><D72/><U122/><E122/><V102/><F102/><W43/><G69/><T114/><D78/><U116/><E65/><V41/><F61/><W15/><G113/><T38/><D38/><U45/><E84/><V57/><F71/><W70/><G70/><T127/><D127/><U50/><E81/><V130/><F115/><W54/><G75/><T36/><D36/><U89/><E116/><V26/><F26/><W108/><G108/><T123/><D123/><U52/><E107/><V82/><F117/><W34/><G54/><T120/><D120/><U58/><E105/><V92/><F82/><N who="3" m="47439" /><G99/><T62/><D62/><U60/><REACH who="1" step="1"/><E45/><REACH who="1" ten="235,182,225,348" step="2"/><V56/><F56/><W16/><G37/><T2/><D114/><U100/><AGARI ba="0,1" hai="21,22,42,47,50,52,58,60,89,93,94,97,98,100" machi="100" ten="20,12000,2" yaku="1,1,2,1,0,1,7,1,8,1,54,1,53,0" doraHai="125" doraHaiUra="74" who="1" fromWho="1" sc="235,-60,182,130,225,-30,348,-30" /><INIT seed="5,0,0,3,3,111" ten="175,312,195,318" oya="1" hai0="1,45,10,4,70,25,33,2,116,69,110,131,107" hai1="0,109,23,85,48,119,102,71,118,57,95,40,36" hai2="62,42,32,77,88,34,80,135,127,114,52,74,132" hai3="22,51,26,79,81,47,55,82,105,3,89,5,93"/><U16/><E0/><V100/><F127/><W106/><G3/><T103/><D110/><U54/><E71/><V53/><F42/><W134/><G134/><N who="2" m="51241" /><F100/><W46/><G5/><T28/><D116/><U96/><E109/><V128/><F128/><W67/><G67/><T15/><D131/><U27/><REACH who="1" step="1"/><E85/><REACH who="1" ten="175,302,195,318" step="2"/><V86/><F74/><W56/><G106/><T61/><D70/><U58/><E58/><V83/><F86/><N who="3" m="48447" /><G105/><T90/><D107/><U66/><E66/><V11/><F77/><W112/><G56/><T8/><D69/><U13/><E13/><V126/><F126/><W37/><G47/><AGARI ba="0,1" hai="16,23,27,36,40,47,48,54,57,95,96,102,118,119" machi="47" ten="40,3900,0" yaku="1,1,54,1,53,0" doraHai="111" doraHaiUra="101" who="1" fromWho="3" sc="175,0,302,49,195,0,318,-39" /><INIT seed="5,1,0,3,5,107" ten="175,351,195,279" oya="1" hai0="63,30,94,91,112,71,21,39,23,88,56,25,125" hai1="77,103,31,80,108,29,127,82,74,47,43,100,73" hai2="14,75,105,106,135,32,0,52,81,35,34,123,122" hai3="19,3,11,115,90,26,57,58,128,134,2,9,114"/><U126/><E108/><V101/><F135/><W124/><G90/><T51/><D112/><N who="3" m="43049" /><G58/><T131/><D131/><U49/><E31/><V65/><F65/><W72/><G57/><T15/><D39/><U83/><E29/><V7/><F14/><N who="3" m="7631" /><G72/><N who="1" m="27754" /><E77/><V22/><F22/><W95/><G95/><T60/><D125/><AGARI ba="1,0" hai="43,47,49,80,82,83,100,103,125,126,127" m="27754" machi="125" ten="40,12000,1" yaku="18,1,52,3" doraHai="107" who="1" fromWho="0" sc="175,-123,351,123,195,0,279,0" /><INIT seed="5,2,0,2,5,90" ten="52,474,195,279" oya="1" hai0="28,14,101,79,52,129,49,60,86,22,48,105,132" hai1="21,13,107,119,72,67,133,115,25,113,54,34,111" hai2="42,26,23,80,31,59,12,65,2,87,109,32,33" hai3="108,68,5,51,102,104,123,15,99,17,64,3,103"/><U88/><E107/><V43/><F2/><W62/><G123/><T41/><D129/><U85/><E72/><V10/><F33/><W98/><G108/><T29/><D132/><U7/><E133/><V73/><F32/><W131/><G131/><T130/><D130/><U83/><E67/><V69/><F69/><W11/><G51/><T35/><D35/><U66/><E66/><V57/><F73/><W100/><G99/><T135/><D135/><U81/><E119/><V50/><F109/><W53/><G53/><T36/><D36/><U1/><E1/><V19/><F65/><W76/><G76/><T75/><D75/><U70/><E70/><V74/><F74/><W0/><G0/><T45/><D105/><U95/><E54/><N who="2" m="31959" /><F59/><W78/><G78/><AGARI ba="2,0" hai="10,12,19,23,26,31,42,43,78,80,87" m="31959" machi="78" ten="30,1000,0" yaku="8,1" doraHai="90" who="2" fromWho="3" sc="52,0,474,0,195,16,279,-16" /><INIT seed="6,0,0,1,4,76" ten="52,474,211,263" oya="2" hai0="103,44,98,134,113,23,93,116,22,26,107,69,42" hai1="125,28,77,8,101,96,80,94,89,84,16,46,41" hai2="99,6,112,75,78,131,95,53,124,55,34,79,51" hai3="128,25,109,47,7,48,92,68,104,5,43,3,17"/><V0/><F34/><W81/><G104/><T2/><D2/><U61/><E28/><V130/><F6/><W58/><G109/><T105/><D69/><U50/><E125/><V19/><F0/><W74/><G68/><T87/><D113/><U83/><E61/><V90/><F112/><W71/><G71/><T20/><D116/><U18/><E8/><V123/><F123/><W14/><G128/><T126/><D134/><U32/><E32/><V30/><F30/><W91/><G25/><T97/><D126/><U57/><E57/><V60/><F124/><W133/><G133/><T56/><D87/><AGARI ba="0,0" hai="16,18,41,46,50,77,80,83,84,87,89,94,96,101" machi="87" ten="30,8000,1" yaku="7,1,8,1,52,2,54,1" doraHai="76" who="1" fromWho="0" sc="52,-80,474,80,211,0,263,0" owari="-28,-53.0,554,66.0,211,-19.0,263,6.0" /></mjloggm>