<mjloggm ver="2.3"><GO type="97" lobby="0"/><UN n0="%68%61%6E%65%79%75%6D%61" n1="%E5%B0%B1%E6%B4%BB%E7%94%9F%40%E5%B7%9D%E6%9D%91%E8%BB%8D%E5%9B%A3" n2="%74%6F%72%61%26%61%6C%75" n3="%E3%82%AA%E3%83%AC%E3%83%B3%E3%82%B8%E3%82%BB%E3%82%AB%E3%83%B3%E3%83%89" dan="13,15,13,13" rate="1813.80,2003.69,1897.04,1830.31" sx="M,M,M,M"/><TAIKYOKU oya="0"/><INIT seed="0,0,0,1,3,113" ten="250,250,250,250" oya="0" hai0="7,55,58,84,134,103,124,14,63,43,76,12,57" hai1="30,127,81,116,49,34,96,95,23,71,65,40,97" hai2="123,122,135,0,37,52,90,70,35,53,82,44,67" hai3="5,60,86,56,108,9,32,121,41,128,22,26,13"/><T85/><D134/><U79/><E34/><V3/><F35/><W94/><G108/><T20/><D124/><U105/><E127/><V62/><F90/><N who="3" m="53591" /><G32/><T68/><D68/><U59/><E105/><V88/><F135/><W42/><G128/><T102/><D43/><U104/><E104/><V19/><F19/><N who="3" m="12639" /><G121/><T115/><D115/><U72/><E71/><V38/><F0/><W74/><G74/><T17/><D58/><U114/><E96/><V73/><F3/><W15/><G15/><T29/><D76/><U77/><E77/><V11/><F11/><W109/><G109/><T45/><D29/><U10/><E10/><V78/><F122/><W132/><G132/><T125/><D125/><U25/><E40/><V2/><F2/><W87/><G87/><N who="0" m="33355" /><D45/><U117/><E114/><V83/><F123/><W1/><G1/><T8/><AGARI ba="0,0" hai="7,8,12,14,17,20,55,57,63,102,103" m="33355" machi="8" ten="30,1500,0" yaku="8,1" doraHai="113" who="0" fromWho="0" sc="250,15,250,-5,250,-5,250,-5" /><INIT seed="0,1,0,0,1,22" ten="265,245,245,245" oya="0" hai0="108,59,13,23,39,48,64,74,97,69,42,100,88" hai1="34,77,94,25,33,78,95,7,47,8,11,79,53" hai2="120,90,46,127,16,99,29,107,40,2,52,54,109" hai3="135,92,38,24,96,130,28,37,70,101,133,119,105"/><T89/><D74/><U30/><E34/><V129/><F120/><W19/><G130/><T81/><D108/><U80/><E80/><V126/><F2/><W102/><G70/><T123/><D123/><U103/><E103/><V106/><F129/><W35/><G119/><T15/><D69/><U122/><E122/><V68/><F68/><W116/><G116/><T32/><D32/><U134/><E134/><N who="3" m="51210" /><G19/><N who="0" m="10735" /><D39/><N who="3" m="14857" /><G105/><T111/><D111/><U117/><E117/><V36/><F109/><W26/><G26/><T91/><D15/><U118/><E118/><V62/><F29/><W56/><G56/><T125/><D125/><N who="2" m="47626" /><F90/><AGARI ba="1,0" hai="24,28,35,90,92,96,101,102" m="14857,51210" machi="90" ten="30,2000,0" yaku="20,1,52,1" doraHai="22" who="3" fromWho="2" sc="265,0,245,0,245,-23,245,23" /><INIT seed="1,0,0,4,2,21" ten="265,245,222,268" oya="1" hai0="47,39,83,124,113,110,111,92,130,88,26,1,55" hai1="52,43,73,57,128,54,44,106,13,29,118,33,84" hai2="22,62,107,135,109,19,119,35,112,45,126,127,20" hai3="28,77,102,67,68,8,49,51,61,94,32,91,93"/><U24/><E73/><V9/><F107/><W30/><G77/><T31/><D1/><U4/><E106/><V5/><F62/><W11/><G102/><T70/><D70/><U64/><E118/><V97/><F45/><W17/><G32/><T82/><D113/><U71/><E128/><V66/><F97/><W75/><G75/><T90/><D130/><U58/><E71/><V72/><F66/><W53/><G49/><N who="0" m="29119" /><D39/><U46/><E64/><V25/><F72/><W133/><G133/><T116/><D116/><U0/><E0/><N who="2" m="167" /><F119/><W79/><G79/><T122/><D122/><U101/><E101/><V40/><F40/><W60/><G60/><T14/><D14/><U69/><E69/><V65/><F65/><W41/><G41/><T63/><D63/><U23/><E43/><V134/><F112/><W18/><G30/><T96/><D124/><N who="2" m="47658" /><F109/><N who="0" m="41482" /><D90/><U81/><E46/><V50/><F50/><W115/><G91/><T103/><D103/><U108/><E108/><V123/><F123/><W15/><G115/><T87/><D87/><U132/><E132/><N who="2" m="50731" /><F22/><AGARI ba="0,0" hai="22,26,31,82,83,88,92,96" m="41482,29119" machi="22" ten="30,3900,0" yaku="14,1,52,1,54,1" doraHai="21" who="0" fromWho="2" sc="265,39,245,0,222,-39,268,0" /><INIT seed="2,0,0,2,3,133" ten="304,245,183,268" oya="2" hai0="41,33,21,26,110,132,36,100,17,44,126,39,69" hai1="96,77,113,37,107,5,87,27,127,124,20,84,50" hai2="59,111,35,95,89,28,122,92,105,85,8,29,6" hai3="58,25,61,129,94,97,104,130,134,18,1,13,103"/><V78/><F122/><W135/><G1/><T56/><D132/><N who="3" m="50729" /><G25/><T115/><D115/><U53/><E37/><V82/><F105/><W54/><G104/><T16/><D69/><U65/><E113/><V83/><F111/><W73/><G73/><T75/><D75/><U55/><E65/><V40/><F35/><W116/><G116/><T64/><D33/><U68/><E68/><V14/><F59/><W23/><AGARI ba="0,0" hai="13,18,23,54,58,61,94,97,103,129,130" m="50729" machi="23" ten="30,1100,0" yaku="20,1" doraHai="133" who="3" fromWho="3" sc="304,-3,245,-3,183,-5,268,11" /><INIT seed="3,0,0,0,0,10" ten="301,242,178,279" oya="3" hai0="94,107,33,86,19,45,69,130,11,39,26,85,95" hai1="12,131,66,114,115,132,133,59,7,4,29,126,89" hai2="88,61,30,56,13,93,135,91,27,134,18,40,77" hai3="104,35,129,57,20,44,127,53,105,6,70,64,123"/><W63/><G35/><T79/><D69/><U80/><E29/><V60/><F77/><W73/><G73/><T14/><D107/><U122/><E122/><V55/><F40/><W28/><G123/><T0/><D130/><U51/><E126/><V48/><F91/><W3/><G127/><T38/><D0/><U31/><E31/><V103/><F103/><W24/><G129/><T92/><D33/><U9/><E131/><V71/><F71/><W87/><G44/><T62/><D62/><N who="1" m="38239" /><E4/><V90/><F90/><W96/><G96/><T2/><D2/><U37/><E37/><V81/><F81/><W108/><G108/><T43/><D26/><U58/><E89/><V78/><F78/><W83/><G6/><T54/><D39/><U41/><E80/><V67/><F67/><W102/><G102/><T116/><D116/><U15/><E114/><V16/><F30/><W72/><G72/><T97/><D54/><N who="1" m="32095" /><E41/><V23/><F134/><N who="1" m="51817" /><E115/><V112/><F135/><W68/><G3/><AGARI ba="0,0" hai="3,7,9,12,15" m="51817,32095,38239" machi="3" ten="30,3900,0" yaku="20,1,52,2" doraHai="10" who="1" fromWho="3" sc="301,0,242,39,178,0,279,-39" owari="301,40.0,281,8.0,178,-32.0,240,-16.0" /></mjloggm>