<mjloggm ver="2.3"><GO type="169" lobby="0"/><UN n0="%41%79%6F%75%46" n1="%74%6F%69%74%6F%69%34" n2="%66%75%6A%69%32%32%39" n3="%E3%82%A6%E3%83%AB%E3%83%88%E3%83%A9%E7%AB%8B%E7%9B%B4" dan="18,16,17,17" rate="2227.76,2076.61,2106.57,2189.14" sx="M,M,M,M"/><TAIKYOKU oya="0"/><INIT seed="0,0,0,5,0,101" ten="250,250,250,250" oya="0" hai0="122,82,124,59,3,131,42,20,75,67,32,74,129" hai1="25,84,77,98,94,39,43,73,99,22,1,126,51" hai2="78,79,109,85,11,103,41,10,58,5,90,118,48" hai3="106,96,69,70,13,108,2,36,23,55,119,60,15"/><T9/><D32/><U24/><E39/><V86/><F109/><W81/><G2/><T52/><D122/><U47/><E1/><V33/><F33/><W83/><G36/><T28/><D67/><U68/><E68/><V64/><F103/><W128/><G108/><T62/><D42/><U56/><E126/><V45/><F118/><W63/><G96/><T117/><D117/><U88/><E56/><V102/><F102/><W97/><G97/><T91/><D124/><U114/><E114/><V133/><F85/><W53/><G23/><T4/><D91/><U135/><E135/><V34/><F34/><W66/><G66/><T8/><D8/><N who="2" m="3114" /><F5/><W115/><G128/><N who="0" m="49227" /><D82/><U40/><E40/><V18/><F18/><W127/><G119/><T95/><D95/><U120/><E120/><V105/><F105/><W132/><G127/><T6/><D6/><U16/><REACH who="1" step="1"/><E25/><AGARI ba="0,0" hai="3,4,9,20,25,28,52,59,62,74,75" m="49227" machi="25" ten="30,2900,0" yaku="19,1,54,1" doraHai="101" who="0" fromWho="1" sc="250,29,250,-29,250,0,250,0" /><INIT seed="0,1,0,1,4,97" ten="279,221,250,250" oya="0" hai0="113,2,118,96,88,87,70,33,107,31,106,55,67" hai1="10,41,44,52,79,94,85,27,92,65,35,0,74" hai2="111,117,126,105,23,8,103,5,47,7,68,90,14" hai3="57,64,58,54,42,115,75,51,30,95,56,60,135"/><T53/><D2/><U18/><E65/><V112/><F68/><W37/><G75/><T102/><D113/><U12/><E0/><V1/><F112/><W119/><G115/><T19/><D107/><U13/><E74/><V114/><F117/><W32/><G119/><T49/><D118/><U69/><E69/><V17/><F111/><W45/><G30/><T25/><D19/><U125/><E125/><V120/><F120/><W29/><G29/><T134/><D49/><U124/><E124/><V24/><F114/><W133/><G32/><T122/><D134/><N who="3" m="51209" /><G95/><N who="0" m="54687" /><D122/><U128/><E35/><V62/><F62/><AGARI ba="1,0" hai="25,31,33,53,55,62,67,70,96,102,106" m="54687" machi="62" ten="30,5800,0" yaku="25,1,52,1,54,1" doraHai="97" who="0" fromWho="2" sc="279,61,221,0,250,-61,250,0" /><INIT seed="0,2,0,1,3,29" ten="340,221,189,250" oya="0" hai0="38,25,23,82,7,31,4,70,99,11,132,94,133" hai1="24,56,71,103,87,100,107,72,117,129,95,85,128" hai2="37,122,79,49,114,39,97,92,22,102,28,75,124" hai3="113,83,111,84,68,3,26,35,46,110,67,93,6"/><T44/><D70/><U14/><E71/><V119/><F114/><W89/><G113/><T47/><D82/><U34/><E72/><V43/><F122/><W63/><G46/><T45/><D38/><U66/><E117/><V101/><F101/><W17/><G83/><T50/><D50/><U127/><E107/><V36/><F124/><W10/><G17/><T9/><D11/><U54/><E66/><V32/><F119/><W1/><G1/><T5/><REACH who="0" step="1"/><D9/><REACH who="0" ten="330,221,189,250" step="2"/><U61/><E129/><V135/><F39/><W69/><G69/><T80/><D80/><U134/><E128/><V52/><F37/><W30/><AGARI ba="2,1" hai="3,6,10,26,30,35,63,67,68,84,89,93,110,111" machi="30" ten="30,2000,0" yaku="0,1,52,1" doraHai="29" who="3" fromWho="3" sc="330,-12,221,-7,189,-7,250,36" /><INIT seed="1,0,0,2,5,62" ten="318,214,182,286" oya="1" hai0="85,23,99,5,100,52,71,40,81,127,123,29,28" hai1="64,84,118,47,116,70,31,14,44,17,41,95,68" hai2="59,82,48,132,87,88,9,35,58,106,51,117,93" hai3="12,21,45,1,34,37,86,120,110,13,36,125,94"/><U54/><E31/><V83/><F35/><W76/><G1/><T135/><D40/><U92/><E54/><V134/><F106/><W111/><G34/><T11/><D71/><U30/><E30/><V19/><F117/><W124/><G120/><T105/><D135/><N who="2" m="51754" /><F51/><W73/><G73/><T4/><D127/><N who="3" m="48713" /><G45/><T103/><D103/><U26/><E26/><V43/><F43/><W69/><G69/><T119/><D119/><U66/><E41/><V80/><F48/><W38/><G21/><T102/><D102/><U57/><E84/><V128/><F128/><W133/><G133/><T129/><D129/><U0/><E14/><AGARI ba="0,0" hai="9,14,19,58,59,80,82,83,87,88,93" m="51754" machi="14" ten="30,2000,0" yaku="20,1,54,1" doraHai="62" who="2" fromWho="1" sc="318,0,214,-20,182,20,286,0" /><INIT seed="2,0,0,3,5,30" ten="318,194,202,286" oya="2" hai0="118,21,33,103,98,12,44,35,125,3,108,51,20" hai1="66,39,95,17,134,8,131,46,114,50,49,82,52" hai2="64,94,84,0,69,132,109,57,91,74,58,111,25" hai3="117,42,89,18,61,85,81,59,56,32,14,106,1"/><V90/><F74/><W110/><G1/><T4/><D3/><U43/><E114/><V13/><F0/><W128/><G106/><T6/><D108/><N who="2" m="41546" /><F132/><W116/><G110/><T130/><D125/><U86/><E134/><V78/><F78/><W80/><G128/><T68/><D68/><U11/><E131/><V102/><F102/><W55/><G42/><T2/><D130/><U65/><E39/><V41/><F41/><W77/><G59/><T107/><D118/><U24/><E95/><N who="2" m="54727" /><F13/><W53/><G77/><T73/><D73/><U16/><E24/><V67/><F25/><W92/><G116/><T96/><D96/><U97/><E97/><N who="2" m="57567" /><F69/><W36/><G14/><T75/><D75/><U133/><E133/><V54/><F58/><W105/><G56/><T115/><D115/><U15/><E11/><V10/><F10/><W112/><G36/><T7/><D2/><U88/><E17/><V76/><F76/><W28/><G18/><T29/><D12/><U113/><E113/><V129/><F129/><W93/><G112/><T63/><D63/><AGARI ba="0,0" hai="54,57,63,64,67" m="57567,54727,41546" machi="63" ten="30,2900,0" yaku="14,1,10,1" doraHai="30" who="2" fromWho="0" sc="318,-29,194,0,202,29,286,0" /><INIT seed="2,1,0,5,1,110" ten="289,194,231,286" oya="2" hai0="68,102,20,2,129,44,127,103,93,95,74,119,107" hai1="117,49,35,112,7,41,63,72,94,60,128,40,48" hai2="73,118,84,134,92,33,101,53,6,85,105,11,135" hai3="122,29,12,90,109,38,5,32,0,116,97,25,21"/><V125/><F33/><W16/><G38/><T81/><D68/><U126/><E72/><V66/><F66/><W121/><G109/><T27/><D2/><U62/><E35/><V26/><F73/><W36/><G36/><T106/><D44/><U37/><E7/><V42/><F42/><W79/><G79/><N who="0" m="44279" /><D20/><U14/><E14/><V52/><F118/><W23/><G116/><T19/><D19/><U58/><E94/><N who="0" m="35849" /><D27/><U99/><E99/><N who="2" m="59623" /><F105/><N who="0" m="39946" /><D119/><U133/><E117/><V132/><F26/><W3/><G97/><T34/><D34/><U113/><E37/><V131/><F11/><W45/><G45/><T91/><D129/><U78/><E128/><V86/><F131/><W111/><G111/><T28/><D28/><U30/><E30/><V22/><F22/><W115/><G23/><T24/><D24/><U59/><E78/><V31/><F31/><W17/><G0/><T50/><D50/><U76/><E76/><V69/><F69/><W15/><G3/><T51/><D51/><U65/><E63/><V64/><F64/><W70/><G21/><T61/><D61/><U120/><E65/><V114/><F6/><W46/><G5/><T124/><D91/><U10/><E10/><V43/><F43/><W104/><G90/><T1/><D1/><U55/><E55/><V8/><F8/><W9/><G9/><T57/><D57/><U130/><E130/><V96/><F53/><W87/><G70/><T83/><D83/><U4/><E62/><V71/><F52/><W39/><G39/><T77/><D77/><U67/><E60/><V82/><F71/><RYUUKYOKU ba="1,0" sc="289,30,194,-10,231,-10,286,-10" hai0="102,103,124,127" /><INIT seed="3,2,0,3,3,59" ten="319,184,221,276" oya="3" hai0="62,61,80,31,84,11,24,43,108,47,132,121,129" hai1="21,115,67,16,95,49,37,17,1,7,106,133,93" hai2="77,20,124,10,36,22,42,28,91,39,105,63,41" hai3="122,27,69,34,70,130,118,23,64,88,97,119,123"/><W13/><G34/><T110/><D121/><U12/><E106/><V127/><F105/><W2/><G2/><T51/><D132/><U46/><E115/><V131/><F77/><W117/><G13/><T109/><D129/><U107/><E107/><V57/><F10/><W8/><G8/><T0/><D0/><U58/><E133/><V98/><F131/><W48/><G130/><T128/><D11/><U32/><E32/><V66/><F98/><W134/><G134/><T53/><D128/><U100/><E1/><V35/><F91/><W94/><G48/><T40/><D40/><N who="2" m="15466" /><F35/><W4/><G4/><T126/><D126/><N who="2" m="48170" /><F28/><W50/><G50/><N who="0" m="27007" /><D31/><U85/><E37/><AGARI ba="2,0" hai="20,22,36,37,39,57,63,66" m="48170,15466" machi="37" ten="30,2000,0" yaku="18,1,52,1" doraHai="59" who="2" fromWho="1" sc="319,0,184,-26,221,26,276,0" /><INIT seed="4,0,0,1,3,44" ten="319,158,247,276" oya="0" hai0="129,25,50,56,111,19,58,47,73,48,131,101,109" hai1="128,53,104,51,13,32,9,2,94,116,78,98,61" hai2="23,8,118,106,42,67,122,38,4,100,96,12,55" hai3="1,54,105,41,92,99,64,20,87,90,102,37,69"/><T93/><D73/><U107/><E116/><V17/><F122/><W31/><G1/><T45/><D101/><U16/><E128/><N who="0" m="49225" /><D93/><U52/><E32/><V66/><F118/><W127/><G127/><T6/><D6/><U70/><E2/><V34/><F34/><W126/><G126/><T77/><D77/><U36/><E36/><V75/><F75/><W57/><G31/><T30/><D19/><U40/><E78/><V11/><F11/><W0/><G20/><T35/><D47/><U59/><E40/><V97/><F97/><W49/><G0/><T86/><D86/><U123/><E123/><V26/><F38/><W27/><G27/><T71/><D71/><U130/><E130/><V124/><F124/><W95/><G37/><T72/><D72/><U68/><E68/><V29/><F42/><W81/><REACH who="3" step="1"/><G41/><REACH who="3" ten="319,158,247,266" step="2"/><N who="0" m="24623" /><D50/><U46/><REACH who="1" step="1"/><E70/><REACH who="1" ten="319,148,247,266" step="2"/><V15/><F55/><W132/><G132/><T117/><D117/><U24/><E24/><V84/><F67/><W125/><G125/><T76/><D35/><U10/><E10/><N who="2" m="6391" /><F66/><W60/><AGARI ba="0,2" hai="49,54,57,60,64,69,81,87,90,92,95,99,102,105" machi="60" ten="30,4000,0" yaku="1,1,0,1,52,1,53,0" doraHai="44" doraHaiUra="108" who="3" fromWho="3" sc="319,-20,148,-10,247,-10,266,60" /><INIT seed="5,0,0,3,2,134" ten="299,138,237,326" oya="1" hai0="25,68,88,46,126,118,27,12,121,110,92,74,3" hai1="11,117,39,65,63,61,60,55,105,128,33,95,119" hai2="83,104,114,71,54,8,101,94,91,96,34,81,93" hai3="40,86,66,31,19,38,5,100,37,35,20,45,122"/><U89/><E105/><V18/><F71/><W79/><G66/><T76/><D3/><U1/><E33/><V124/><F34/><W97/><G5/><T28/><D68/><U120/><E120/><V135/><F135/><W115/><G115/><T64/><D64/><U43/><E128/><V87/><F114/><W82/><G31/><T36/><D118/><U116/><E65/><V57/><F124/><W133/><G133/><T24/><D110/><U70/><E70/><V73/><F73/><W59/><G59/><T13/><D126/><U132/><E132/><V22/><F8/><W123/><G37/><T131/><D28/><U125/><E125/><V49/><REACH who="2" step="1"/><F104/><REACH who="2" ten="299,138,227,326" step="2"/><W52/><G35/><T98/><D121/><U2/><E11/><V10/><F10/><W4/><G122/><T51/><D131/><U77/><E77/><V84/><F84/><W32/><G32/><T99/><D76/><U106/><E106/><V103/><F103/><W0/><G100/><T26/><D74/><U111/><E111/><V6/><F6/><W109/><G4/><T80/><D99/><U107/><E107/><V112/><F112/><W15/><G97/><T69/><D69/><U102/><E102/><V29/><F29/><W48/><G109/><T23/><D98/><N who="1" m="57711" /><E2/><V78/><F78/><W21/><G0/><T47/><D23/><U62/><E1/><V7/><F7/><W127/><G127/><T16/><D88/><U108/><E108/><V56/><F56/><N who="3" m="32775" /><G123/><T72/><N who="0" m="6144" /><DORA hai="58" /><T9/><D72/><U50/><N who="1" m="15872" /><DORA hai="41" /><U17/><E119/><V129/><F129/><RYUUKYOKU ba="0,1" sc="299,-15,138,-15,227,15,326,15" hai2="18,22,49,54,57,81,83,87,91,93,94,96,101" hai3="15,19,20,21,38,40,45,79,82,86" /><INIT seed="6,1,1,2,4,96" ten="284,123,242,341" oya="2" hai0="74,95,32,108,16,55,14,114,37,81,112,7,70" hai1="13,115,132,84,45,129,20,51,90,17,59,47,35" hai2="19,106,65,38,28,2,103,85,118,50,52,21,3" hai3="133,9,46,102,69,0,120,82,49,105,23,40,131"/><V10/><F38/><W87/><G69/><T57/><D70/><U67/><E35/><V78/><F118/><W100/><G105/><T121/><D37/><U123/><E123/><V99/><F65/><W83/><G120/><T88/><D121/><U113/><E132/><V75/><F75/><W29/><G131/><T41/><D41/><U18/><E129/><V44/><F28/><W124/><G124/><T43/><D43/><U33/><E33/><V80/><REACH who="2" step="1"/><F10/><REACH who="2" ten="284,123,232,341" step="2"/><W8/><G8/><N who="0" m="6215" /><D74/><U73/><E73/><V5/><F5/><W61/><G9/><T39/><D39/><U130/><E130/><V58/><F58/><W93/><G29/><T48/><D7/><U122/><E122/><V60/><F60/><W66/><G61/><T62/><D62/><U26/><E67/><V63/><F63/><W68/><G66/><T126/><D126/><U34/><E59/><V77/><F77/><W15/><G68/><T64/><D64/><U135/><E45/><V11/><F11/><W54/><G46/><T101/><D57/><U53/><E18/><V111/><F111/><W119/><G119/><T36/><D36/><U24/><E17/><V12/><AGARI ba="1,2" hai="2,3,12,19,21,44,50,52,78,80,85,99,103,106" machi="12" ten="20,18000,2" yaku="1,1,0,1,7,1,52,1,54,1,53,1" doraHai="96" doraHaiUra="98" who="2" fromWho="2" sc="284,-61,123,-61,232,203,341,-61" /><INIT seed="6,2,0,2,2,49" ten="223,62,435,280" oya="2" hai0="25,106,13,114,28,125,57,23,17,60,48,104,74" hai1="27,56,65,0,39,41,55,22,131,21,43,52,7" hai2="92,105,53,85,32,111,97,54,91,95,128,130,26" hai3="132,126,116,78,9,73,35,36,90,12,113,40,58"/><V68/><F68/><W20/><G35/><T61/><D74/><U14/><E0/><V102/><F111/><W1/><G90/><T15/><D114/><U72/><E72/><V8/><F8/><W127/><G58/><T11/><D125/><U98/><E39/><V42/><F42/><N who="1" m="15881" /><E131/><N who="2" m="50219" /><F105/><W115/><G20/><N who="1" m="7786" /><E98/><V37/><F37/><W29/><G12/><T16/><D48/><U50/><E27/><V64/><F64/><W44/><G29/><AGARI ba="2,0" hai="26,29,32,53,54,85,91,92,95,97,102" m="50219" machi="29" ten="30,5800,0" yaku="19,1,52,2" doraHai="49" who="2" fromWho="3" sc="223,0,62,0,435,64,280,-64" /><INIT seed="6,3,0,1,2,68" ten="223,62,499,216" oya="2" hai0="75,23,133,91,33,82,11,67,30,96,13,53,90" hai1="19,106,93,111,41,112,44,73,79,123,24,50,101" hai2="119,77,22,134,26,54,0,48,21,83,131,56,15" hai3="80,105,85,132,103,29,70,55,99,40,37,2,47"/><V94/><F0/><W28/><G2/><T81/><D33/><U4/><E111/><V72/><F119/><W110/><G110/><T89/><D67/><U124/><E124/><V3/><F3/><W66/><G132/><T36/><D36/><N who="1" m="21543" /><E4/><V126/><F131/><W25/><G55/><T108/><D108/><U1/><E93/><V35/><F126/><W109/><G109/><T39/><D39/><U104/><E1/><V17/><F134/><W88/><REACH who="3" step="1"/><G25/><REACH who="3" ten="223,62,499,206" step="2"/><N who="0" m="16703" /><D133/><U113/><E24/><V69/><F35/><W52/><G52/><T61/><D96/><U97/><E97/><V86/><F69/><W34/><G34/><T9/><D75/><U63/><E73/><V20/><F26/><W120/><G120/><T117/><D117/><U118/><E123/><V12/><F12/><W107/><G107/><T95/><D95/><U62/><E118/><V18/><F15/><W78/><G78/><T60/><D53/><U8/><E79/><V100/><F72/><W129/><G129/><T6/><D9/><U43/><E106/><V45/><F56/><W38/><G38/><T57/><D57/><U64/><E104/><V76/><F76/><W98/><G98/><AGARI ba="3,1" hai="17,18,20,21,22,45,48,54,77,83,86,94,98,100" machi="98" ten="40,2000,0" yaku="8,1" doraHai="68" who="2" fromWho="3" sc="223,0,62,0,499,39,206,-29" /><INIT seed="6,4,0,0,1,30" ten="223,62,538,177" oya="2" hai0="87,83,11,13,63,53,77,10,98,85,117,68,41" hai1="97,9,112,38,99,130,80,3,122,71,54,43,109" hai2="7,84,16,31,8,24,58,2,37,134,29,25,36" hai3="32,127,91,126,74,111,121,70,1,82,44,123,78"/><V104/><F104/><W129/><G70/><T4/><D117/><U65/><E109/><V40/><F134/><W66/><G66/><T23/><D41/><U100/><E99/><V59/><F40/><W48/><G1/><T17/><D98/><U102/><E102/><V119/><F119/><W108/><G91/><T101/><D101/><U107/><E54/><V106/><F106/><W125/><G32/><T81/><D68/><U96/><E96/><V21/><F84/><W15/><G15/><T103/><D103/><U35/><E122/><N who="3" m="46602" /><G129/><T12/><D63/><N who="1" m="40383" /><E130/><V27/><F58/><W94/><G94/><T105/><D105/><U34/><E112/><V19/><F59/><W26/><G26/><N who="2" m="10345" /><F36/><W5/><G5/><T69/><D69/><U42/><E43/><AGARI ba="4,0" hai="43,44,48,74,78,82,108,111,125,126,127" m="46602" machi="43" ten="40,1300,0" yaku="18,1" doraHai="30" who="3" fromWho="1" sc="223,0,62,-25,538,0,177,25" /><INIT seed="7,0,0,1,0,102" ten="223,37,538,202" oya="3" hai0="80,87,12,25,6,47,86,88,14,122,129,109,132" hai1="101,34,62,110,32,48,65,96,9,36,123,44,126" hai2="43,54,39,30,127,55,13,73,119,107,49,5,45" hai3="76,71,11,104,112,135,7,38,68,10,125,42,134"/><W89/><G76/><T79/><D109/><U81/><E48/><V0/><F73/><W91/><G42/><T24/><D122/><U103/><E123/><V133/><F107/><W128/><G38/><T61/><D129/><U37/><E110/><V116/><F0/><W69/><G128/><T113/><D132/><N who="3" m="50729" /><G104/><T72/><D72/><U118/><E118/><N who="2" m="45099" /><F13/><N who="0" m="5226" /><D6/><U41/><E126/><V83/><F30/><W78/><G78/><T20/><D113/><U40/><E103/><V23/><F23/><W1/><G125/><T66/><D47/><U84/><E84/><V51/><F83/><W27/><G112/><T46/><D46/><U111/><E111/><V16/><F5/><N who="3" m="1327" /><G27/><T29/><D25/><U63/><E63/><V100/><F127/><W52/><G52/><T98/><D98/><U60/><E60/><V75/><F75/><W77/><G77/><T8/><D8/><U92/><E92/><V3/><F133/><W58/><G58/><N who="0" m="37175" /><D87/><U121/><E121/><V85/><F51/><W26/><G26/><T50/><D50/><U33/><E9/><V57/><F55/><W67/><G67/><T31/><D79/><U53/><E53/><V93/><F39/><W74/><G74/><T106/><D106/><N who="1" m="63783" /><E81/><V64/><F64/><W95/><G95/><T99/><D99/><U2/><E41/><V124/><F124/><W117/><G117/><T90/><D31/><U131/><E36/><V82/><F43/><W18/><G18/><T28/><D29/><U105/><E131/><V108/><F108/><W21/><G21/><T35/><D20/><U94/><E105/><RYUUKYOKU ba="0,0" sc="223,15,37,-15,538,-15,202,15" hai0="24,28,35,80,86,88,90" hai3="7,11,68,69,71,89,91" /><INIT seed="7,1,0,4,1,3" ten="238,22,523,217" oya="3" hai0="105,86,64,102,106,15,98,51,59,79,30,19,14" hai1="60,10,53,107,130,125,61,128,8,56,47,65,20" hai2="69,33,109,42,54,112,75,50,73,27,126,13,108" hai3="104,11,97,94,22,68,6,55,62,99,38,31,81"/><W118/><G38/><T122/><D122/><U80/><E107/><V133/><F42/><W93/><G118/><T103/><D30/><U113/><E80/><V37/><F37/><W34/><G34/><T24/><D24/><U96/><E96/><V132/><F69/><W67/><G55/><T76/><D64/><U7/><E20/><V119/><F119/><W82/><G104/><T89/><D15/><U95/><E95/><V85/><F112/><W120/><G120/><T101/><D106/><U1/><E1/><V111/><F126/><W116/><G116/><T100/><D59/><U52/><E125/><V110/><F110/><W121/><G121/><T91/><D51/><U23/><E23/><V127/><F127/><W123/><G123/><T114/><D114/><U90/><E90/><N who="0" m="34313" /><D14/><U115/><E56/><N who="2" m="32855" /><F85/><W9/><G22/><T92/><D19/><U32/><E65/><V4/><F33/><W87/><G31/><T49/><D49/><U70/><E32/><V28/><F28/><W48/><G48/><T2/><D2/><U29/><E29/><V41/><F41/><W39/><G39/><T46/><D46/><U57/><E57/><V16/><F27/><W83/><G87/><T21/><D21/><U26/><E26/><V134/><F4/><W40/><G40/><T18/><D18/><U71/><REACH who="1" step="1"/><E47/><REACH who="1" ten="238,12,523,217" step="2"/><V131/><F111/><W84/><G99/><T44/><D44/><U5/><AGARI ba="1,1" hai="5,7,8,10,52,53,60,61,70,71,113,115,128,130" machi="5" ten="25,16000,3" yaku="1,1,2,1,0,1,22,2,52,2,54,1,53,0" doraHai="3" doraHaiUra="43" who="1" fromWho="1" sc="238,-41,12,173,523,-41,217,-81" owari="197,0.0,185,-21.0,482,57.0,136,-36.0" /></mjloggm>