<mjloggm ver="2.3"><GO type="97" lobby="0"/><UN n0="%E5%9B%BD%E5%9C%9F%E5%BC%B7%E9%9D%AD%E5%8C%96" n1="%E3%83%88%E3%83%88%E3%83%AA%E5%85%88%E7%94%9F%31%39%E6%AD%B3" n2="%E7%AB%9C%E6%B2%B3%E6%86%A9" n3="%4C%6C%6F%79%64" dan="13,14,15,14" rate="1958.03,2027.90,2010.32,1957.04" sx="M,F,M,M"/><TAIKYOKU oya="0"/><INIT seed="0,0,0,2,0,100" ten="250,250,250,250" oya="0" hai0="128,97,49,84,22,102,35,11,60,95,98,106,48" hai1="91,134,4,114,70,89,8,2,123,116,36,57,124" hai2="53,87,45,30,82,69,50,62,133,26,46,64,7" hai3="42,16,81,104,129,107,96,105,74,113,76,88,78"/><T119/><D35/><U6/><E116/><V10/><F133/><W27/><G42/><T0/><D119/><U47/><E123/><V17/><F17/><W39/><G39/><T71/><D128/><U31/><E70/><V115/><F115/><W130/><G113/><T85/><D22/><U83/><E114/><V75/><F75/><W40/><G40/><T18/><D71/><U65/><E134/><V20/><F50/><W80/><G27/><T109/><D60/><U15/><E124/><V126/><F53/><W94/><G16/><T131/><D131/><U41/><E31/><V21/><F21/><W68/><G68/><T12/><D109/><U79/><E15/><V66/><F66/><W34/><G34/><T3/><D48/><U32/><E6/><V1/><F126/><W77/><G77/><AGARI ba="0,0" hai="1,7,10,20,26,30,45,46,62,64,69,77,82,87" machi="77" ten="30,1000,0" yaku="7,1" doraHai="100" who="2" fromWho="3" sc="250,0,250,0,250,10,250,-10" /><INIT seed="1,0,0,3,0,6" ten="250,250,260,240" oya="1" hai0="18,64,2,115,90,32,104,27,110,59,133,65,67" hai1="20,4,118,101,94,60,69,103,114,29,122,40,132" hai2="91,53,74,92,113,49,107,54,57,26,41,3,52" hai3="31,93,58,135,77,78,124,19,73,68,14,127,43"/><U99/><E118/><V79/><F113/><W108/><G68/><T123/><D115/><U106/><E114/><V5/><F107/><W63/><G108/><T38/><D38/><U120/><E132/><V21/><F41/><W17/><G135/><T0/><D133/><U22/><E40/><V61/><F79/><W24/><G43/><T33/><D110/><U15/><E103/><V16/><F74/><W119/><G119/><T13/><D123/><U89/><E69/><V37/><F37/><W23/><G93/><T105/><D90/><U117/><E117/><V126/><F126/><W82/><G78/><T72/><D72/><U85/><E60/><V42/><F42/><W39/><G39/><T25/><D59/><U30/><E30/><V66/><F3/><N who="0" m="1066" /><D18/><U100/><E100/><V80/><F5/><W48/><G48/><T81/><D13/><U96/><E85/><N who="2" m="52335" /><F80/><W34/><REACH who="3" step="1"/><G19/><REACH who="3" ten="250,250,260,230" step="2"/><T86/><D81/><U45/><E120/><V88/><F88/><W121/><G121/><T131/><D131/><U134/><E122/><V70/><F70/><W125/><G125/><T87/><D104/><U9/><E134/><V111/><F111/><W7/><G7/><T128/><D105/><U12/><E106/><V95/><F95/><W1/><G1/><T83/><D128/><U55/><E101/><V44/><AGARI ba="0,1" hai="16,21,26,44,49,52,53,54,57,61,66" m="52335" machi="44" ten="30,4000,0" yaku="8,1,54,2" doraHai="6" who="2" fromWho="2" sc="250,-10,250,-20,260,50,230,-10" /><INIT seed="2,0,0,1,2,109" ten="240,230,310,220" oya="2" hai0="40,125,38,66,56,50,33,133,105,34,122,68,11" hai1="74,35,93,129,48,131,83,43,98,17,128,121,91" hai2="1,52,24,6,57,135,116,14,65,51,59,67,31" hai3="86,117,94,106,96,28,3,95,25,89,36,99,103"/><V53/><F135/><W19/><G36/><T41/><D122/><U18/><E35/><V60/><F116/><W100/><G3/><T8/><D133/><U49/><E121/><V20/><F1/><W114/><G117/><T111/><D38/><U13/><E43/><V9/><AGARI ba="0,0" hai="6,9,14,20,24,31,51,52,53,57,59,60,65,67" machi="9" ten="30,6000,0" yaku="0,1,8,1,54,1" doraHai="109" who="2" fromWho="2" sc="240,-20,230,-20,310,60,220,-20" /><INIT seed="2,1,0,1,5,10" ten="220,210,370,200" oya="2" hai0="106,131,26,6,103,47,107,0,43,79,11,48,71" hai1="83,127,114,12,84,63,87,117,82,78,24,108,17" hai2="100,74,9,45,120,2,19,51,8,126,65,93,99" hai3="62,135,20,29,57,133,56,132,118,94,50,77,102"/><V44/><F120/><W7/><G118/><T123/><D123/><U5/><E117/><V72/><F126/><W70/><G77/><T58/><D71/><U69/><E114/><V121/><F121/><W55/><G7/><T81/><D131/><U28/><E127/><V104/><F104/><W21/><G70/><T37/><D26/><U40/><E108/><V113/><F113/><W67/><G29/><T90/><D103/><U98/><E5/><V89/><F72/><W52/><G67/><T14/><D90/><U76/><E40/><V16/><F74/><W30/><G30/><T111/><D111/><U33/><E98/><AGARI ba="1,0" hai="20,21,50,52,55,56,57,62,94,98,102,132,133,135" machi="98" ten="40,2600,0" yaku="20,1,54,1" doraHai="10" who="3" fromWho="1" sc="220,0,210,-29,370,0,200,29" /><INIT seed="3,0,0,3,5,52" ten="220,181,370,229" oya="3" hai0="24,79,113,120,58,130,33,75,53,71,22,83,59" hai1="62,77,98,121,72,134,106,64,45,42,107,46,96" hai2="114,108,111,8,104,115,123,102,23,27,122,30,82" hai3="4,14,63,124,73,2,93,28,81,94,135,39,97"/><W48/><G39/><T67/><D120/><N who="2" m="46122" /><F102/><W50/><G2/><T88/><D33/><U61/><E121/><V20/><F104/><W74/><G124/><T119/><D119/><U3/><E3/><V11/><F82/><W29/><G135/><T47/><D130/><U89/><E134/><V65/><F65/><W86/><G74/><T12/><D113/><N who="2" m="43018" /><F23/><W99/><G73/><T17/><D71/><U85/><E72/><V95/><F95/><N who="3" m="36363" /><G63/><T41/><D67/><U126/><E126/><V117/><F117/><W36/><G36/><T13/><D88/><U16/><E77/><V91/><F91/><N who="3" m="51663" /><G14/><T131/><D131/><U132/><E132/><V92/><F92/><W37/><G4/><T70/><D70/><U133/><E133/><V90/><F90/><W103/><G37/><T31/><D31/><N who="3" m="11849" /><G103/><T128/><D128/><U56/><E106/><V10/><AGARI ba="0,0" hai="8,10,11,20,27,30,108,111" m="43018,46122" machi="10" ten="40,5200,0" yaku="13,1,34,2" doraHai="52" who="2" fromWho="2" sc="220,-13,181,-13,370,52,229,-26" owari="207,1.0,168,-33.0,422,52.0,203,-20.0" /></mjloggm>