<mjloggm ver="2.3"><GO type="169" lobby="0"/><UN n0="%E3%82%A6%E3%83%AB%E3%83%88%E3%83%A9%E7%AB%8B%E7%9B%B4" n1="%4A%61%6E%2D%4D%61%63%68" n2="%53%69%6D%6F%6F%6E" n3="%E2%98%85%E9%9B%80%E9%AC%BC%E7%99%BE%E7%80%AC%E2%98%85" dan="17,17,17,18" rate="2132.15,2168.32,2149.63,2171.04" sx="M,M,M,M"/><TAIKYOKU oya="0"/><INIT seed="0,0,0,2,2,89" ten="250,250,250,250" oya="0" hai0="33,21,71,97,9,17,45,28,48,59,62,13,111" hai1="78,39,103,0,57,102,2,25,60,27,114,15,49" hai2="36,105,93,130,91,121,92,51,37,107,54,80,68" hai3="46,88,50,29,65,85,77,108,3,38,124,14,109"/><T95/><D71/><U70/><E39/><V66/><F121/><W132/><G3/><T32/><D111/><N who="3" m="42569" /><G38/><T43/><D9/><U90/><E0/><V73/><F37/><W83/><G65/><T86/><D86/><U135/><E2/><V10/><F36/><W120/><G120/><T1/><D1/><U61/><E78/><V122/><F122/><W126/><G29/><T42/><D42/><U75/><E75/><V4/><F66/><W69/><G69/><T94/><D28/><U100/><E114/><V7/><F68/><W133/><G14/><T134/><D134/><N who="3" m="51817" /><G77/><T44/><D44/><U30/><E15/><V55/><F91/><W52/><AGARI ba="0,0" hai="46,50,52,83,85,88,124,126" m="51817,42569" machi="52" ten="40,8000,1" yaku="14,1,20,1,54,2" doraHai="89" who="3" fromWho="3" sc="250,-40,250,-20,250,-20,250,80" /><INIT seed="1,0,0,5,0,108" ten="210,230,230,330" oya="1" hai0="56,90,130,99,31,15,22,87,131,50,79,91,113" hai1="55,63,26,123,44,95,117,102,28,84,67,83,30" hai2="132,49,111,18,81,124,89,66,58,6,93,54,57" hai3="46,33,2,60,19,34,68,116,70,94,37,71,61"/><U76/><E117/><V42/><F111/><W52/><G2/><T97/><D79/><U104/><E104/><V75/><F132/><W43/><G116/><T82/><D50/><U51/><E123/><V48/><F124/><W126/><G126/><T96/><D56/><U36/><E36/><V64/><F6/><W135/><G135/><T53/><D53/><U100/><E28/><V78/><F58/><W12/><G94/><T45/><D45/><U134/><E95/><V110/><F110/><W85/><G85/><T16/><D91/><U1/><E1/><V40/><F18/><W103/><G103/><T72/><D72/><U3/><E3/><V86/><REACH who="2" step="1"/><F49/><REACH who="2" ten="210,230,220,330" step="2"/><W8/><G70/><T125/><D125/><U115/><E134/><V69/><F69/><W114/><G71/><T39/><D39/><U35/><E115/><V62/><F62/><W21/><G61/><T122/><D122/><U98/><E98/><V105/><F105/><W38/><G114/><T92/><D113/><U101/><E101/><V127/><F127/><W7/><G37/><T119/><D97/><U65/><E65/><AGARI ba="0,1" hai="40,42,48,54,57,64,65,66,75,78,81,86,89,93" machi="65" ten="40,2600,0" yaku="1,1,53,1" doraHai="108" doraHaiUra="47" who="2" fromWho="1" sc="210,0,230,-26,220,36,330,0" /><INIT seed="2,0,0,3,0,34" ten="210,204,256,330" oya="2" hai0="27,113,109,35,30,29,43,119,13,96,123,112,42" hai1="61,106,25,55,5,22,0,105,38,87,11,46,111" hai2="91,115,97,17,59,66,98,76,95,122,110,132,100" hai3="118,19,74,85,26,48,127,71,39,6,28,135,124"/><V50/><F115/><W63/><G39/><T64/><D64/><U86/><E111/><V45/><F122/><W52/><G74/><T57/><D57/><U121/><E121/><V133/><F76/><W104/><G104/><T80/><D80/><U31/><E87/><V78/><F78/><W82/><G118/><T49/><D49/><U41/><E86/><V1/><F1/><W32/><G135/><N who="2" m="51785" /><F17/><W70/><G19/><T77/><D96/><U20/><E20/><V53/><F110/><W134/><G134/><T51/><D51/><U18/><E18/><V10/><F10/><W101/><G6/><T116/><D77/><U23/><E23/><V69/><F69/><W3/><G3/><T92/><D109/><U94/><E94/><N who="2" m="56543" /><F66/><W62/><G70/><T81/><D81/><U72/><E72/><V93/><F93/><W12/><G71/><T128/><D92/><U47/><REACH who="1" step="1"/><E47/><AGARI ba="0,0" hai="45,47,50,53,59,95,98,100" m="56543,51785" machi="47" ten="30,1500,0" yaku="20,1" doraHai="34" who="2" fromWho="1" sc="210,0,204,-15,256,15,330,0" /><INIT seed="2,1,0,5,2,107" ten="210,189,271,330" oya="2" hai0="43,12,113,25,59,8,95,98,82,87,109,2,78" hai1="61,118,101,10,32,75,90,134,114,124,47,94,16" hai2="40,92,85,26,97,117,129,57,13,81,62,1,127" hai3="39,31,52,17,80,69,60,84,21,36,54,126,35"/><V120/><F120/><W74/><G35/><T72/><D2/><U49/><E32/><V77/><F1/><W110/><G31/><T93/><D109/><U96/><E118/><V34/><F117/><W66/><G110/><T3/><D3/><U119/><E119/><V38/><F127/><W53/><G126/><T116/><D116/><U19/><E124/><V27/><F129/><W65/><G65/><T108/><D108/><U7/><E114/><V33/><F13/><W22/><G74/><T91/><D25/><U70/><E75/><V123/><F123/><W55/><G55/><T5/><D43/><U15/><E134/><V50/><F38/><W76/><REACH who="3" step="1"/><G21/><REACH who="3" ten="210,189,271,320" step="2"/><T45/><D113/><U132/><E132/><V41/><F34/><W44/><G44/><T79/><D45/><U23/><E23/><V11/><F33/><W88/><G88/><T128/><D128/><U14/><E90/><V106/><F41/><W24/><AGARI ba="1,1" hai="17,22,24,36,39,52,53,54,60,66,69,76,80,84" machi="24" ten="30,4000,0" yaku="1,1,0,1,54,1,53,0" doraHai="107" doraHaiUra="121" who="3" fromWho="3" sc="210,-11,189,-11,271,-21,320,53" /><INIT seed="3,0,0,1,0,21" ten="199,178,250,373" oya="3" hai0="41,76,55,123,98,17,101,33,8,86,105,125,0" hai1="91,100,16,126,133,113,66,2,78,56,24,3,65" hai2="14,6,90,117,58,118,63,25,102,127,50,51,111" hai3="23,99,39,32,109,97,135,52,47,95,20,18,27"/><W79/><G32/><T12/><D123/><U34/><E113/><V84/><F111/><W120/><G120/><T43/><D125/><U45/><E126/><V72/><F72/><W59/><G109/><T7/><D33/><U48/><E133/><V74/><F74/><W96/><G135/><T19/><D76/><U112/><E78/><V44/><F102/><W122/><G122/><T82/><D82/><U88/><E100/><V62/><F127/><W71/><G71/><T4/><D86/><U36/><E36/><V128/><F128/><W89/><G79/><T46/><D7/><U26/><E112/><V9/><F117/><W107/><G107/><T85/><D85/><U121/><E121/><V38/><F38/><W134/><G134/><T93/><D105/><U42/><E2/><V103/><F103/><W28/><G47/><T81/><D81/><U61/><E3/><V10/><F10/><W83/><G83/><T60/><D0/><U110/><E110/><V124/><F124/><W5/><G5/><T87/><D87/><U22/><E66/><V40/><F25/><N who="1" m="9833" /><E34/><V80/><F118/><W68/><G68/><T29/><D29/><U64/><E64/><V104/><F104/><W92/><G39/><T13/><D4/><U67/><E67/><V1/><F1/><W115/><G115/><T15/><D17/><U114/><E114/><V53/><AGARI ba="0,0" hai="6,9,14,40,44,50,51,53,58,62,63,80,84,90" machi="53" ten="30,2000,0" yaku="0,1,8,1" doraHai="21" who="2" fromWho="2" sc="199,-5,178,-5,250,20,373,-10" /><INIT seed="4,0,0,1,2,59" ten="194,173,270,363" oya="0" hai0="35,12,92,25,131,41,33,79,76,101,8,10,57" hai1="96,90,64,7,46,80,104,97,77,1,105,23,36" hai2="81,106,87,89,91,75,135,117,78,68,47,94,110" hai3="120,14,5,99,42,115,53,72,11,74,95,29,21"/><T13/><D41/><U128/><E128/><V3/><F3/><W133/><G42/><T71/><D71/><U102/><E90/><N who="2" m="53599" /><F68/><W55/><G120/><T48/><D131/><U116/><E116/><V52/><F110/><W31/><G133/><T22/><D35/><U113/><E113/><V30/><F30/><W125/><G125/><T82/><D33/><U112/><E112/><V2/><F2/><W44/><G74/><T85/><D76/><U73/><E23/><V24/><F24/><W34/><G72/><T67/><D12/><U38/><E64/><V84/><F106/><W17/><G115/><T103/><D13/><U123/><E123/><V130/><F130/><W0/><G44/><T20/><D20/><U45/><E45/><V122/><F75/><W58/><G58/><T121/><D121/><U107/><E97/><V108/><F108/><W124/><G124/><T109/><D109/><U27/><E27/><V6/><F6/><W62/><G34/><T63/><D48/><U37/><REACH who="1" step="1"/><E46/><REACH who="1" ten="194,163,270,363" step="2"/><V60/><F122/><W114/><G114/><T43/><D101/><U100/><E100/><V39/><F117/><W50/><G99/><N who="0" m="59879" /><D43/><U49/><E49/><N who="2" m="28735" /><F39/><W127/><G127/><T18/><AGARI ba="0,1" hai="8,10,18,22,25,57,63,67,79,82,85" m="59879" machi="18" ten="30,3000,0" yaku="8,1,52,1" doraHai="59" who="0" fromWho="0" sc="194,40,163,-10,270,-10,363,-10" /><INIT seed="4,1,0,3,3,98" ten="234,153,260,353" oya="0" hai0="90,20,80,29,114,73,11,24,4,100,61,121,122" hai1="89,30,111,97,84,13,7,128,5,54,86,79,2" hai2="126,47,83,44,6,67,63,104,64,18,65,93,112" hai3="48,109,60,9,117,78,131,118,69,108,124,56,16"/><T34/><D114/><U133/><E111/><V22/><F104/><W99/><G78/><T76/><D34/><U134/><E2/><V88/><F126/><W51/><G124/><T19/><D29/><U46/><E30/><V53/><F6/><N who="1" m="2057" /><E79/><V52/><F83/><W49/><G69/><T130/><D130/><U23/><E128/><V91/><F112/><W59/><G131/><T38/><D38/><U35/><E35/><V62/><F91/><W27/><G117/><T103/><D90/><U40/><E54/><N who="2" m="21099" /><F62/><W96/><G118/><T129/><D61/><U70/><E70/><V115/><F63/><W12/><G109/><T82/><D82/><U1/><E1/><V25/><F115/><W127/><G127/><T71/><D71/><U102/><E89/><V110/><F110/><W0/><G0/><T43/><D43/><U57/><E57/><N who="3" m="22090" /><G60/><T120/><REACH who="0" step="1"/><D129/><REACH who="0" ten="224,153,260,353" step="2"/><U17/><E134/><V15/><F67/><W42/><G42/><T77/><D77/><U101/><E133/><V68/><F68/><W32/><G108/><T106/><D106/><U10/><E40/><V107/><F107/><W132/><G132/><T55/><D55/><U105/><E105/><V26/><F65/><W39/><G39/><T94/><D94/><U119/><E119/><V116/><F64/><W50/><G50/><T3/><AGARI ba="1,1" hai="3,4,11,19,20,24,73,76,80,100,103,120,121,122" machi="3" ten="30,12000,1" yaku="1,1,0,1,52,2,53,1" doraHai="98" doraHaiUra="21" who="0" fromWho="0" sc="224,133,153,-41,260,-41,353,-41" /><INIT seed="4,2,0,3,2,54" ten="357,112,219,312" oya="0" hai0="94,126,101,129,89,130,2,42,34,21,27,45,13" hai1="98,50,115,22,75,90,32,121,18,20,88,43,38" hai2="73,40,78,58,127,44,97,36,131,51,28,4,77" hai3="11,135,14,30,96,79,70,15,55,67,86,26,114"/><T92/><D2/><U113/><E32/><V39/><F28/><W6/><G135/><T82/><D126/><U104/><E38/><V7/><F127/><W16/><G70/><T63/><D13/><U35/><E35/><V134/><F134/><W23/><G67/><T103/><D34/><U64/><E75/><V118/><F131/><N who="0" m="50186" /><D63/><U123/><E64/><V102/><F36/><W85/><G114/><N who="1" m="43530" /><E50/><V52/><F118/><W80/><G96/><T128/><D82/><U65/><E43/><V10/><F73/><W69/><G69/><T91/><D94/><U48/><E48/><V5/><REACH who="2" step="1"/><F10/><REACH who="2" ten="357,112,209,312" step="2"/><W119/><G119/><T8/><D8/><U57/><E22/><V133/><F133/><W111/><G11/><T3/><D21/><U74/><E74/><V37/><F37/><W106/><G23/><T56/><D128/><U49/><E123/><V41/><F41/><W117/><G117/><T112/><D42/><U29/><E29/><V116/><F116/><W95/><G30/><T76/><D112/><U108/><E121/><V107/><AGARI ba="2,1" hai="4,5,7,39,40,44,51,52,58,77,78,97,102,107" machi="107" ten="30,7900,0" yaku="1,1,0,1,52,1,54,1,53,0" doraHai="54" doraHaiUra="120" who="2" fromWho="2" sc="357,-41,112,-22,209,95,312,-22" /><INIT seed="5,0,0,3,0,24" ten="316,90,304,290" oya="1" hai0="82,118,68,39,81,64,16,90,119,32,55,56,105" hai1="99,117,45,5,96,35,132,46,36,129,77,1,131" hai2="33,3,87,15,61,44,135,12,34,62,53,40,94" hai3="60,67,9,25,84,73,110,11,115,20,123,124,58"/><U100/><E117/><V102/><F3/><W41/><G110/><T13/><D105/><U22/><E35/><V78/><F34/><W98/><G123/><T59/><D68/><U66/><E66/><V79/><F33/><W47/><G73/><T126/><D39/><U89/><E77/><N who="2" m="29195" /><F40/><W107/><G115/><T74/><D74/><U63/><E36/><V10/><F15/><W113/><G113/><T116/><D32/><U80/><E1/><V95/><F135/><W14/><G124/><T48/><D126/><U122/><E5/><V72/><F72/><W18/><G84/><T17/><D64/><U31/><E122/><V93/><F87/><W50/><G107/><T76/><D13/><U109/><E80/><V6/><F102/><W70/><G98/><N who="1" m="37418" /><E100/><V54/><F44/><N who="1" m="17001" /><E132/><V2/><F2/><W104/><G104/><T69/><D82/><U71/><E109/><V19/><F6/><W111/><G111/><T114/><D76/><U52/><E89/><V23/><F95/><W112/><G112/><T120/><D114/><U121/><E71/><V27/><F93/><W49/><G70/><T130/><D69/><U21/><E121/><V103/><F94/><W91/><G91/><T101/><D120/><U65/><E65/><V7/><F103/><W4/><G41/><T42/><D101/><U51/><E63/><AGARI ba="0,0" hai="7,10,12,19,23,27,53,54,61,62,63" m="29195" machi="63" ten="30,1000,0" yaku="8,1" doraHai="24" who="2" fromWho="1" sc="316,0,90,-10,304,10,290,0" /><INIT seed="6,0,0,1,3,66" ten="316,80,314,290" oya="2" hai0="13,6,30,93,121,12,133,129,18,44,54,43,116" hai1="45,92,72,112,4,5,89,73,122,25,40,111,126" hai2="35,9,0,98,103,109,2,120,113,19,114,60,16" hai3="115,106,99,59,62,8,90,36,127,41,24,107,97"/><V91/><F120/><W85/><G127/><T57/><D30/><U14/><E111/><V108/><F35/><W47/><G115/><N who="2" m="44041" /><F91/><W15/><G24/><T130/><D133/><U82/><E112/><V49/><F49/><W94/><G106/><T33/><D33/><U39/><E126/><V20/><F60/><W22/><G22/><T42/><D44/><U23/><E122/><V37/><F37/><W52/><REACH who="3" step="1"/><G107/><REACH who="3" ten="316,80,314,280" step="2"/><T80/><D121/><U1/><E1/><V132/><F132/><W123/><G123/><T102/><D116/><U134/><E134/><V131/><F0/><W117/><G117/><T10/><D129/><U95/><E14/><N who="2" m="7247" /><F2/><W128/><G128/><T118/><D130/><U119/><E119/><V83/><F131/><W61/><G61/><T21/><D118/><U135/><E135/><V68/><F20/><W101/><G101/><T74/><D21/><U75/><E92/><V28/><F83/><W65/><G65/><T67/><D67/><U88/><E82/><V27/><F27/><W84/><G84/><T51/><D93/><U77/><E77/><V70/><F28/><W96/><G96/><T100/><D102/><U64/><E89/><V29/><F29/><W11/><G11/><N who="0" m="4215" /><D100/><U78/><E78/><V48/><F98/><W81/><G81/><T53/><D80/><U63/><E23/><V71/><F103/><W104/><G104/><T31/><D31/><U17/><E25/><V38/><F19/><AGARI ba="0,1" hai="8,15,19,36,41,47,52,59,62,85,90,94,97,99" machi="19" ten="30,3900,0" yaku="1,1,7,1,54,1,53,0" doraHai="66" doraHaiUra="76" who="3" fromWho="2" sc="316,0,80,0,314,-39,280,49" /><INIT seed="7,0,0,5,1,109" ten="316,80,275,329" oya="3" hai0="21,104,43,13,27,90,106,75,16,39,53,134,14" hai1="88,37,81,68,132,74,130,105,45,0,51,85,118" hai2="117,112,71,22,93,127,34,57,7,40,65,42,36" hai3="125,32,110,29,100,79,124,12,6,97,91,111,95"/><W44/><G79/><T84/><D75/><U56/><E118/><V108/><F108/><N who="3" m="41515" /><G32/><T129/><D43/><U70/><E132/><V61/><F34/><W18/><G29/><T87/><D39/><U50/><E130/><V69/><F7/><W62/><G6/><T59/><D129/><U11/><E37/><V55/><F117/><W80/><G44/><T83/><D106/><U63/><E105/><V135/><F93/><N who="3" m="58415" /><G62/><N who="0" m="36207" /><D104/><U103/><E74/><V122/><F135/><W46/><G46/><T2/><D2/><U26/><E103/><V113/><F127/><W77/><G77/><N who="0" m="46191" /><D134/><U72/><E72/><V30/><F122/><W23/><G80/><AGARI ba="0,0" hai="13,14,16,21,27,80,87,90" m="46191,36207" machi="80" ten="30,2000,0" yaku="8,1,54,1" doraHai="109" who="0" fromWho="3" sc="316,20,80,0,275,0,329,-20" owari="336,43.0,80,-42.0,275,-12.0,309,11.0" /></mjloggm>