<mjloggm ver="2.3"><GO type="41" lobby="0"/><UN n0="%44%41%59%53%5F%37" n1="%E7%A6%BF%E9%B7%B9%E4%B8%B8" n2="%E5%B0%B1%E6%B4%BB%E7%94%9F%40%E5%B7%9D%E6%9D%91%E8%BB%8D%E5%9B%A3" n3="%68%69%72%6F%74%61%6E" dan="13,13,15,14" rate="1833.96,1872.18,1960.14,1860.20" sx="M,M,M,M"/><TAIKYOKU oya="0"/><INIT seed="0,0,0,0,4,8" ten="250,250,250,250" oya="0" hai0="92,34,94,120,60,122,4,99,5,79,134,53,29" hai1="0,72,45,101,84,19,96,51,121,86,90,1,124" hai2="117,111,105,9,123,110,10,103,41,89,59,133,114" hai3="2,15,18,102,49,28,58,33,97,80,39,70,66"/><T119/><D119/><U78/><E121/><V75/><F75/><W11/><G39/><T14/><D134/><U77/><E124/><V83/><F117/><W42/><G70/><T65/><D4/><U54/><E72/><V56/><F123/><W118/><G118/><T21/><D34/><U22/><E0/><V95/><F41/><W73/><G2/><T24/><D79/><U108/><E1/><V104/><F114/><W50/><G42/><T71/><D53/><U68/><E108/><V67/><F133/><W132/><G132/><T25/><D25/><U38/><E68/><V128/><F128/><W23/><G33/><T69/><D69/><U43/><E86/><V130/><F83/><W27/><G73/><T98/><D5/><U6/><E6/><V35/><F35/><W47/><G80/><T82/><D82/><U106/><E43/><V12/><F10/><W112/><G112/><T20/><D20/><U64/><E64/><V31/><F31/><W85/><G85/><T46/><D46/><U61/><E61/><V88/><F130/><W30/><G47/><T93/><REACH who="0" step="1"/><D14/><REACH who="0" ten="240,250,250,250" step="2"/><U16/><E38/><V76/><F76/><W109/><G23/><T74/><D74/><U62/><E19/><V13/><F9/><W81/><G18/><T17/><D17/><U100/><E22/><V116/><F116/><W127/><G81/><T87/><D87/><U55/><E78/><V40/><F40/><W91/><G11/><T57/><D57/><N who="1" m="35127" /><E77/><V126/><F110/><W26/><G109/><T52/><D52/><U115/><E16/><V48/><F111/><RYUUKYOKU ba="0,1" sc="240,30,250,-10,250,-10,250,-10" hai0="21,24,29,60,65,71,92,93,94,98,99,120,122" /><INIT seed="0,1,1,0,0,42" ten="270,240,240,240" oya="0" hai0="102,81,53,124,83,71,22,63,8,130,121,87,28" hai1="59,32,122,115,55,66,1,82,26,36,91,43,10" hai2="114,74,79,76,93,128,126,65,118,44,16,100,112" hai3="52,38,2,60,67,85,3,31,7,58,20,109,119"/><T107/><D121/><U5/><E122/><V11/><F118/><W21/><G119/><T117/><D117/><U70/><E115/><V6/><F128/><W17/><G38/><T133/><D130/><U4/><E4/><V48/><F65/><W54/><G109/><T97/><D133/><U103/><E103/><V111/><F111/><W47/><G85/><T88/><D124/><U120/><E120/><V123/><F123/><W29/><G2/><T40/><D40/><U19/><E91/><V105/><F105/><W86/><G3/><T135/><D135/><U46/><E82/><V33/><F33/><W49/><G7/><T62/><D62/><N who="1" m="40279" /><E19/><V101/><F126/><W106/><G106/><T99/><D99/><U108/><E108/><V84/><F74/><W132/><G132/><T14/><D28/><N who="3" m="10825" /><G86/><T89/><D22/><N who="3" m="8809" /><G17/><T64/><D53/><AGARI ba="1,1" hai="47,49,52,53,54,58,60,67" m="8809,10825" machi="53" ten="30,3900,0" yaku="8,1,52,1,54,1" doraHai="42" who="3" fromWho="0" sc="270,-42,240,0,240,0,240,52" /><INIT seed="1,0,0,0,1,102" ten="228,240,240,292" oya="1" hai0="91,35,58,104,85,82,49,26,27,78,73,9,22" hai1="63,108,40,96,0,74,122,113,120,72,46,66,51" hai2="105,117,3,10,132,50,110,114,75,133,65,89,38" hai3="44,128,56,11,130,37,134,24,53,23,90,54,5"/><U115/><E0/><V129/><RYUUKYOKU type="yao9" ba="0,0" sc="228,0,240,0,240,0,292,0" hai2="3,10,38,50,65,75,89,105,110,114,117,129,132,133" /><INIT seed="1,1,0,3,5,94" ten="228,240,240,292" oya="1" hai0="135,100,82,57,79,15,78,56,116,109,45,54,48" hai1="106,17,76,43,117,50,24,41,52,23,31,46,6" hai2="112,44,86,42,53,14,2,40,123,85,51,108,9" hai3="126,63,28,120,115,107,98,10,33,12,0,13,8"/><U128/><E117/><V93/><F123/><W72/><G120/><T95/><D116/><U129/><E106/><V4/><F108/><W97/><G115/><T18/><D109/><U103/><E76/><V69/><F112/><W35/><G72/><T113/><D113/><U11/><E103/><V119/><F119/><W127/><G0/><T65/><D65/><U88/><E31/><V105/><F105/><W73/><G73/><T58/><D135/><U38/><E88/><V96/><F69/><W84/><G107/><T133/><D133/><U87/><E87/><N who="2" m="33291" /><F2/><W81/><G84/><T104/><D104/><U20/><E20/><V26/><F26/><W55/><G28/><T101/><D101/><AGARI ba="1,0" hai="4,9,14,40,42,44,51,53,93,96,101" m="33291" machi="101" ten="30,2000,0" yaku="8,1,52,1" doraHai="94" who="2" fromWho="0" sc="228,-23,240,0,240,23,292,0" /><INIT seed="2,0,0,3,0,70" ten="205,240,263,292" oya="2" hai0="123,111,5,68,18,59,17,74,45,105,92,102,48" hai1="122,77,124,7,117,130,34,52,30,38,112,127,10" hai2="121,0,40,13,60,69,132,11,84,35,106,72,95" hai3="58,125,16,33,21,43,50,53,75,37,128,27,22"/><V31/><F106/><W36/><G75/><T64/><D123/><U99/><E117/><V14/><F72/><W39/><G33/><T41/><D74/><U2/><E122/><V88/><F121/><W8/><G128/><T129/><D129/><U24/><E112/><V61/><F132/><W126/><G8/><T120/><D120/><U135/><E135/><V4/><F40/><W82/><G82/><T76/><D111/><U56/><E130/><V86/><F86/><W94/><G94/><T96/><D105/><U104/><E77/><V29/><F61/><W119/><G119/><T134/><D134/><U114/><E114/><V57/><F69/><W65/><G22/><T80/><D68/><U90/><E38/><V23/><F35/><W107/><G107/><T100/><D100/><U49/><REACH who="1" step="1"/><E90/><REACH who="1" ten="205,230,263,292" step="2"/><V19/><REACH who="2" step="1"/><F0/><REACH who="2" ten="205,230,253,292" step="2"/><W93/><G126/><T71/><D71/><U1/><E1/><V118/><F118/><W6/><G125/><T131/><D131/><U85/><E85/><V47/><F47/><W9/><G43/><T98/><D45/><U89/><E89/><V83/><F83/><W62/><G93/><T63/><D80/><U15/><E15/><V97/><F97/><W26/><G26/><T3/><D98/><U81/><E81/><V67/><AGARI ba="0,2" hai="4,11,13,14,19,23,29,31,57,60,67,84,88,95" machi="67" ten="20,12000,1" yaku="1,1,0,1,7,1,8,1,54,1,53,0" doraHai="70" doraHaiUra="108" who="2" fromWho="2" sc="205,-40,230,-40,253,140,292,-40" /><INIT seed="2,1,0,1,3,110" ten="165,190,393,252" oya="2" hai0="30,17,31,27,33,9,82,81,107,14,7,80,105" hai1="29,118,25,127,89,60,93,115,66,129,72,15,91" hai2="39,13,101,128,92,56,99,5,71,32,73,42,46" hai3="61,134,51,79,106,87,40,52,88,70,102,62,6"/><V59/><F71/><W78/><G134/><T121/><D121/><U108/><E72/><V130/><F32/><W34/><G34/><T122/><D122/><U113/><E118/><V54/><F73/><W55/><G6/><T114/><D114/><U126/><E108/><V23/><F56/><W10/><G10/><T96/><D96/><U125/><E129/><V8/><REACH who="2" step="1"/><F23/><REACH who="2" ten="165,190,383,252" step="2"/><W119/><G70/><T135/><D135/><U94/><E15/><V35/><F35/><W45/><G119/><T3/><REACH who="0" step="1"/><D31/><REACH who="0" ten="155,190,383,252" step="2"/><U103/><E125/><V100/><F100/><W28/><G102/><T57/><D57/><N who="1" m="37135" /><E103/><V26/><F26/><W86/><G28/><T68/><D68/><U44/><E44/><V77/><F77/><W11/><G78/><T41/><D41/><U53/><E53/><V111/><F111/><W90/><G79/><T67/><D67/><U83/><E127/><V116/><F116/><W124/><G55/><T98/><D98/><U19/><E126/><V74/><F74/><W21/><G40/><T36/><D36/><U0/><E113/><V2/><F2/><W1/><G124/><T49/><D49/><AGARI ba="1,2" hai="5,8,13,39,42,46,49,54,59,92,99,101,128,130" machi="49" ten="40,2000,0" yaku="1,1,53,0" doraHai="110" doraHaiUra="75" who="2" fromWho="0" sc="155,-23,190,0,383,43,252,0" /><INIT seed="2,2,0,2,5,56" ten="132,190,426,252" oya="2" hai0="124,43,1,123,39,40,118,88,119,32,15,65,80" hai1="97,101,113,73,7,62,94,6,12,23,132,30,49" hai2="76,38,100,89,47,55,37,120,36,25,44,106,27" hai3="114,67,121,83,51,28,8,110,0,9,104,19,58"/><V24/><F120/><W53/><G121/><T68/><D1/><U125/><E113/><V3/><F3/><W75/><G114/><T70/><D123/><U96/><E73/><V112/><F112/><W20/><G104/><T93/><D32/><U41/><E132/><V13/><F76/><W48/><G110/><T34/><D34/><U122/><E122/><V109/><F109/><W102/><G67/><T57/><D124/><U130/><E125/><V42/><F89/><W31/><G102/><T33/><D33/><U69/><E130/><V98/><F42/><W117/><G117/><T11/><D80/><U21/><E69/><V26/><N who="2" m="6144" /><DORA hai="35" /><V90/><F90/><W81/><G0/><T54/><D119/><U128/><E30/><V60/><F13/><W126/><G126/><T10/><D10/><U108/><E128/><V86/><F86/><W4/><G48/><T61/><D118/><U84/><E108/><V133/><F133/><W87/><G75/><T2/><D2/><U79/><E62/><V72/><F72/><W74/><G74/><T115/><D115/><U50/><E41/><V45/><F55/><W77/><G81/><T131/><D131/><U105/><E105/><V99/><F99/><W135/><G135/><T17/><D39/><U46/><E46/><V5/><F5/><N who="1" m="1545" /><E12/><V111/><F111/><W78/><G78/><T63/><D70/><U29/><E29/><N who="3" m="11338" /><G4/><T22/><D22/><N who="1" m="8203" /><E96/><AGARI ba="2,0" hai="11,15,17,40,43,54,57,61,63,65,68,88,93,96" machi="96" ten="30,7700,0" yaku="7,1,52,2,54,1" doraHai="56,35" who="0" fromWho="1" sc="132,83,190,-83,426,0,252,0" /><INIT seed="3,0,0,0,0,88" ten="215,107,426,252" oya="3" hai0="44,33,100,71,15,20,2,55,115,131,16,87,13" hai1="42,82,111,9,74,50,11,69,60,126,81,65,21" hai2="75,124,99,26,39,79,58,14,61,8,18,76,36" hai3="54,112,72,28,38,31,135,113,132,70,22,73,57"/><W101/><G38/><T80/><D33/><U29/><E111/><V130/><F130/><W127/><G70/><T105/><D115/><U48/><E126/><V86/><F124/><W7/><G127/><T49/><D2/><U94/><E74/><V121/><F75/><N who="3" m="28747" /><G7/><T66/><D131/><U103/><E69/><V90/><F121/><W0/><G0/><T98/><D66/><U64/><E42/><V5/><F39/><W59/><G101/><T40/><D40/><U27/><E9/><V68/><F36/><W23/><G112/><T102/><D102/><U125/><E11/><V108/><F68/><W133/><G113/><T6/><D6/><U46/><E125/><V92/><F108/><W24/><G54/><T34/><D34/><U134/><E134/><N who="3" m="34306" /><W53/><DORA hai="51" /><G53/><T109/><D71/><U32/><E32/><V43/><F43/><W117/><G117/><T37/><D37/><U45/><E64/><N who="2" m="38967" /><F99/><W120/><G120/><T95/><D105/><U19/><E19/><V4/><F4/><W3/><G3/><T41/><D41/><U123/><E123/><V56/><F56/><N who="3" m="21579" /><G24/><N who="0" m="14343" /><D109/><U129/><E129/><V77/><F5/><W67/><G67/><T17/><D17/><U93/><E65/><V12/><F26/><W52/><G52/><T116/><D116/><U104/><E60/><V10/><F12/><W107/><G107/><T25/><D25/><U96/><E104/><V84/><F18/><W106/><G106/><T63/><D63/><U114/><E103/><V110/><F110/><W1/><G1/><T89/><AGARI ba="0,0" hai="13,15,44,49,55,80,87,89,95,98,100" m="14343" machi="89" ten="30,7900,0" yaku="8,1,52,2,54,1" doraHai="88,51" who="0" fromWho="0" sc="215,79,107,-20,426,-20,252,-39" /><INIT seed="4,0,0,5,0,110" ten="294,87,406,213" oya="0" hai0="133,130,97,135,46,113,30,88,34,5,8,10,116" hai1="132,66,120,68,62,55,86,83,22,50,119,6,134" hai2="111,128,16,80,25,42,90,57,129,1,45,126,13" hai3="35,78,53,4,15,51,71,70,101,106,27,65,19"/><T43/><D116/><U92/><E120/><V98/><F1/><W29/><G78/><T33/><D130/><N who="2" m="50282" /><F111/><W77/><G77/><T64/><D64/><U48/><E119/><V18/><F126/><W49/><G4/><T61/><D61/><U104/><E104/><V21/><F57/><W122/><G122/><T89/><D30/><U105/><E105/><V99/><F90/><W17/><G17/><T69/><D69/><U76/><E6/><V41/><F80/><W26/><G26/><T67/><D67/><U40/><E22/><N who="2" m="11535" /><F41/><W81/><G81/><T123/><D123/><U7/><E7/><V32/><F32/><W108/><G108/><T72/><D72/><U9/><E9/><V121/><F121/><W74/><G74/><T59/><D59/><U103/><E103/><V100/><F100/><W131/><G131/><T75/><D75/><U38/><E92/><V87/><F87/><W28/><G28/><T93/><D113/><U44/><REACH who="1" step="1"/><E50/><AGARI ba="0,0" hai="18,21,25,42,45,50,98,99" m="11535,50282" machi="50" ten="30,2000,0" yaku="19,1,54,1" doraHai="110" who="2" fromWho="1" sc="294,0,87,-20,406,20,213,0" /><INIT seed="5,0,0,2,1,1" ten="294,67,426,213" oya="1" hai0="107,88,98,62,90,47,103,101,50,37,85,56,128" hai1="110,131,60,52,71,73,31,105,108,44,8,39,68" hai2="64,29,117,66,7,40,129,111,95,28,102,41,38" hai3="26,123,118,87,100,3,58,84,120,36,18,22,86"/><U97/><E73/><V114/><F38/><W72/><G72/><T113/><D113/><U54/><E31/><V75/><F75/><W15/><G36/><T13/><D128/><U132/><E131/><V119/><F111/><N who="1" m="42537" /><E132/><V79/><F129/><W133/><G133/><T57/><D37/><U46/><E8/><V99/><F79/><W9/><G118/><T6/><D103/><U43/><E97/><V14/><F114/><W49/><G100/><T122/><D122/><U130/><E105/><V80/><F80/><W19/><REACH who="3" step="1"/><G3/><REACH who="3" ten="294,67,426,203" step="2"/><T91/><D62/><U67/><E130/><V45/><F119/><W126/><G126/><T70/><D70/><N who="1" m="26667" /><E46/><V11/><F117/><W77/><G77/><T32/><D32/><U35/><E35/><V69/><F69/><AGARI ba="0,1" hai="39,43,44,52,54,60,67,69" m="26667,42537" machi="69" ten="30,11600,0" yaku="10,1,34,2,54,1" doraHai="1" who="1" fromWho="2" sc="294,0,67,126,426,-116,203,0" /><INIT seed="5,1,0,1,2,20" ten="294,193,310,203" oya="1" hai0="60,101,5,79,29,132,58,4,123,27,126,46,108" hai1="13,73,94,2,6,98,55,61,67,130,113,3,106" hai2="133,16,37,45,11,47,120,86,103,129,0,107,124" hai3="28,65,119,90,125,9,83,39,63,40,70,36,91"/><U53/><E106/><V56/><F120/><W57/><G125/><T10/><D108/><U97/><E73/><V72/><F72/><W30/><G119/><T99/><D123/><U48/><E113/><V17/><F124/><W25/><G9/><T81/><D126/><U50/><E130/><V18/><F129/><W88/><G83/><T1/><D132/><U64/><E13/><V76/><F133/><W77/><G77/><T14/><D46/><U42/><E42/><V78/><F56/><W84/><G84/><T100/><D1/><U21/><E21/><V33/><F33/><W12/><G12/><T54/><D99/><U32/><E32/><V31/><F31/><W92/><G92/><T68/><D68/><U111/><E111/><V15/><F0/><W34/><G30/><T66/><D66/><U112/><E112/><V110/><F110/><W69/><REACH who="3" step="1"/><G40/><REACH who="3" ten="294,193,310,193" step="2"/><T96/><D96/><N who="1" m="36971" /><E94/><V121/><F121/><W26/><G26/><T59/><D59/><N who="1" m="33191" /><E2/><V105/><F86/><W95/><G95/><T35/><REACH who="0" step="1"/><D4/><REACH who="0" ten="284,193,310,193" step="2"/><U87/><E6/><N who="2" m="3575" /><F107/><W93/><G93/><T122/><D122/><U51/><E3/><V109/><F105/><W62/><G62/><T118/><D118/><U74/><E74/><AGARI ba="1,2" hai="5,10,14,27,29,35,54,58,60,74,79,81,100,101" machi="74" ten="30,7700,0" yaku="1,1,7,1,52,1,53,1" doraHai="20" doraHaiUra="23" who="0" fromWho="1" sc="284,100,193,-80,310,0,193,0" /><INIT seed="6,0,0,2,0,87" ten="384,113,310,193" oya="2" hai0="27,112,23,103,107,122,57,19,41,72,5,46,49" hai1="100,94,22,129,35,113,93,12,123,13,52,59,121" hai2="39,8,88,74,124,132,80,47,4,69,117,26,130" hai3="42,66,82,65,21,2,105,40,76,64,24,62,135"/><V118/><F69/><W0/><G105/><T67/><D122/><N who="1" m="46603" /><E35/><V133/><F26/><W55/><G135/><N who="2" m="51785" /><F74/><W34/><G34/><T38/><D72/><U29/><E113/><V86/><F124/><W108/><G108/><T11/><D112/><U71/><E71/><V36/><F130/><W115/><G115/><T51/><D107/><U120/><N who="1" m="46611" /><U97/><DORA hai="31" /><E129/><V6/><F6/><W48/><G62/><T127/><D127/><U54/><E94/><V33/><F33/><W95/><G95/><T3/><D103/><U91/><E100/><V37/><F47/><W44/><G0/><AGARI ba="0,0" hai="0,4,8,36,37,39,80,86,88,117,118" m="51785" machi="0" ten="40,7700,0" yaku="20,1,52,1,54,1" doraHai="87,31" who="2" fromWho="3" sc="384,0,113,0,310,77,193,-77" /><INIT seed="6,1,0,4,1,112" ten="384,113,387,116" oya="2" hai0="7,49,106,28,13,109,14,94,93,97,88,33,95" hai1="30,44,22,115,132,56,69,50,114,57,18,71,46" hai2="55,84,74,53,108,25,126,81,54,86,17,135,24" hai3="96,48,113,38,104,101,61,116,42,12,87,91,119"/><V1/><F1/><W92/><G113/><N who="1" m="43018" /><E30/><V8/><F108/><W133/><G38/><T100/><D109/><U98/><E98/><V64/><F126/><W118/><G133/><T83/><D33/><U16/><E132/><V43/><F135/><W72/><G72/><T9/><D28/><U73/><E73/><V23/><F74/><W60/><REACH who="3" step="1"/><G12/><REACH who="3" ten="384,113,387,106" step="2"/><T26/><D26/><N who="1" m="14663" /><E18/><V31/><F25/><W90/><G90/><T130/><D130/><U70/><E46/><AGARI ba="1,1" hai="42,46,48,60,61,87,91,92,96,101,104,116,118,119" machi="46" ten="40,8000,1" yaku="1,1,52,3,53,0" doraHai="112" doraHaiUra="110" who="3" fromWho="1" sc="384,0,113,-83,387,0,106,93" /><INIT seed="7,0,0,2,5,55" ten="384,30,387,199" oya="3" hai0="91,123,51,49,97,117,1,41,0,119,30,32,9" hai1="37,68,77,18,78,69,29,63,34,110,79,81,120" hai2="28,71,102,23,22,107,38,126,113,122,5,121,130" hai3="7,93,4,75,15,67,82,111,14,131,135,45,86"/><W57/><G135/><T116/><D123/><N who="2" m="47114" /><F113/><W8/><G131/><T17/><D32/><U133/><E120/><V115/><F115/><W99/><G75/><T54/><D30/><U80/><E133/><V47/><F71/><W59/><G111/><T20/><D9/><U128/><E110/><V72/><F72/><W62/><G45/><T40/><D40/><U106/><E128/><V53/><F126/><W13/><G57/><T12/><D41/><U127/><E18/><V3/><F28/><W134/><G134/><T73/><D73/><U112/><E127/><V31/><F31/><W132/><G132/><T96/><D96/><U42/><E112/><V83/><F83/><W100/><REACH who="3" step="1"/><G4/><REACH who="3" ten="384,30,387,189" step="2"/><T114/><D114/><U74/><E106/><V89/><F47/><W61/><G61/><T124/><D124/><U16/><E63/><V129/><F5/><W25/><G25/><T101/><D91/><AGARI ba="0,1" hai="7,8,13,14,15,59,62,67,82,86,91,93,99,100" machi="91" ten="30,11600,0" yaku="1,1,7,1,8,1,52,1,53,0" doraHai="55" doraHaiUra="21" who="3" fromWho="0" sc="384,-116,30,0,387,0,189,126" /><INIT seed="7,1,0,2,4,44" ten="268,30,387,315" oya="3" hai0="16,7,134,32,116,109,55,70,4,24,84,64,27" hai1="97,72,78,35,112,91,107,130,99,22,96,40,128" hai2="132,85,118,0,102,67,126,80,71,50,1,131,111" hai3="14,46,42,66,88,11,41,48,69,43,121,76,133"/><W90/><G121/><T56/><D116/><U120/><E40/><V98/><F111/><W52/><G133/><T127/><D109/><U108/><E22/><V9/><F118/><W36/><G76/><T61/><D134/><U28/><E120/><V75/><F75/><W129/><G129/><T12/><D127/><U31/><E35/><V106/><F126/><W5/><REACH who="3" step="1"/><G36/><REACH who="3" ten="268,30,387,305" step="2"/><T58/><D58/><U63/><E108/><V101/><F131/><N who="1" m="50217" /><E63/><AGARI ba="1,1" hai="5,11,14,41,42,43,46,48,52,63,66,69,88,90" machi="63" ten="40,12000,1" yaku="1,1,52,1,54,2,53,0" doraHai="44" doraHaiUra="23" who="3" fromWho="1" sc="268,0,30,-123,387,0,305,133" owari="268,-13.0,-93,-59.0,387,19.0,438,53.0" /></mjloggm>