<mjloggm ver="2.3"><GO type="41" lobby="0"/><UN n0="%E5%B0%B1%E6%B4%BB%E7%94%9F%40%E5%B7%9D%E6%9D%91%E8%BB%8D%E5%9B%A3" n1="%6D%61%79%61%73%75" n2="%E3%82%AE%E3%82%BF%E3%83%AA%E3%82%B9%E3%83%88" n3="%6B%61%7A%75%6B%79%6F%6E" dan="15,14,13,14" rate="1950.58,1899.85,1865.58,1918.96" sx="M,M,M,M"/><TAIKYOKU oya="0"/><INIT seed="0,0,0,0,3,79" ten="250,250,250,250" oya="0" hai0="22,67,89,116,59,14,10,25,13,16,131,28,100" hai1="29,55,95,34,80,99,75,2,77,71,115,37,43" hai2="46,6,124,119,44,83,92,61,72,85,66,78,12" hai3="118,7,114,109,42,32,104,73,24,58,82,125,50"/><T3/><D116/><U98/><E115/><V26/><F119/><W134/><G109/><T56/><D131/><U108/><E108/><V96/><F124/><W90/><G125/><T123/><D123/><U53/><E71/><V117/><F117/><W31/><G134/><T120/><D120/><U15/><E2/><V111/><F111/><W102/><G114/><T135/><D135/><U63/><E37/><V69/><F26/><W70/><G70/><T105/><D3/><U103/><E43/><V8/><F72/><W41/><G7/><T21/><D67/><U65/><E34/><V30/><F30/><W11/><G11/><T130/><D130/><U101/><E29/><V0/><F0/><W40/><G118/><T68/><D68/><U132/><E132/><V133/><F133/><W36/><G36/><T4/><REACH who="0" step="1"/><D89/><AGARI ba="0,0" hai="6,8,12,44,46,61,66,69,78,83,85,89,92,96" machi="89" ten="30,2000,0" yaku="7,1,52,1" doraHai="79" who="2" fromWho="0" sc="250,-20,250,0,250,20,250,0" /><INIT seed="1,0,0,5,5,119" ten="230,250,270,250" oya="1" hai0="130,60,9,93,53,10,30,123,96,84,78,76,51" hai1="37,38,11,65,8,4,111,12,112,29,61,94,27" hai2="118,48,106,3,25,13,45,54,47,133,103,90,19" hai3="116,31,92,33,36,72,88,87,135,57,58,46,62"/><U39/><E112/><V0/><F118/><W110/><G110/><T28/><D130/><U63/><E111/><V115/><F133/><W83/><G135/><T44/><D123/><U107/><E107/><V69/><F69/><W98/><G72/><T114/><D114/><U131/><E131/><V113/><F115/><W7/><G116/><T5/><D60/><U74/><E74/><V56/><F113/><W50/><G36/><T6/><D84/><U73/><E73/><V104/><F25/><W79/><G7/><T66/><D66/><U40/><E40/><V34/><F34/><W71/><G71/><T67/><D67/><U81/><E81/><V1/><F90/><W124/><G124/><T52/><D44/><U77/><E77/><V134/><F134/><W86/><G87/><T97/><D51/><U128/><E128/><V41/><F103/><W109/><G109/><T32/><D32/><U18/><E94/><AGARI ba="0,0" hai="5,6,9,10,28,30,52,53,76,78,93,94,96,97" machi="94" ten="25,6400,0" yaku="22,2,8,1,54,1" doraHai="119" who="0" fromWho="1" sc="230,64,250,-64,270,0,250,0" /><INIT seed="2,0,0,3,5,12" ten="294,186,270,250" oya="2" hai0="114,131,68,49,48,40,108,20,0,25,122,133,101" hai1="135,75,110,1,30,34,46,41,73,81,127,85,126" hai2="91,92,37,17,107,100,97,89,22,61,125,19,113" hai3="56,67,76,112,62,9,16,18,74,5,84,121,88"/><V3/><F37/><W94/><G121/><T95/><D122/><U70/><E1/><V23/><F3/><W116/><G116/><T83/><D114/><U11/><E70/><V120/><F113/><W96/><G112/><T54/><D68/><U59/><E135/><V64/><F120/><W80/><G74/><T65/><D0/><AGARI ba="0,0" hai="0,5,9,16,18,56,62,67,76,80,84,88,94,96" machi="0" ten="30,8000,1" yaku="7,1,52,2,54,2" doraHai="12" who="3" fromWho="0" sc="294,-80,186,0,270,0,250,80" /><INIT seed="3,0,0,1,2,51" ten="214,186,270,330" oya="3" hai0="77,28,55,24,1,132,115,135,32,110,107,70,43" hai1="65,44,14,123,6,73,2,97,48,35,99,30,119" hai2="94,81,109,17,113,0,62,128,125,79,31,69,25" hai3="33,105,86,59,22,95,120,114,96,83,101,37,49"/><W56/><G120/><T52/><D107/><U133/><E123/><V134/><F0/><W10/><G33/><T3/><D70/><U91/><E119/><V93/><F113/><W21/><G37/><T19/><D115/><U45/><E2/><N who="0" m="521" /><D110/><U54/><E73/><V64/><F109/><W16/><G114/><T34/><D34/><U102/><E133/><N who="0" m="51273" /><D77/><U46/><E65/><V50/><F134/><W127/><G105/><T18/><D43/><U116/><E116/><V39/><F39/><W26/><G10/><T66/><D66/><U15/><E35/><V85/><F125/><W87/><G127/><T129/><D129/><U121/><E121/><V8/><F128/><W118/><G118/><T60/><D60/><U108/><E30/><V74/><F50/><W76/><G87/><T40/><D40/><U126/><E126/><V117/><F117/><W92/><G95/><T13/><D19/><U103/><E6/><V89/><F17/><N who="3" m="12591" /><G49/><T75/><D75/><U29/><E108/><V5/><F74/><W4/><G4/><T41/><D41/><U12/><E48/><V80/><F79/><W90/><G76/><T88/><D88/><U82/><E91/><V58/><F69/><W78/><G78/><T98/><D98/><U63/><E99/><V104/><F104/><W100/><G101/><T112/><D112/><U42/><E97/><V68/><F68/><W106/><G106/><T130/><D130/><U38/><E103/><V71/><F71/><W131/><G131/><T7/><D7/><U61/><E102/><V122/><F122/><W20/><G16/><RYUUKYOKU ba="0,0" sc="214,15,186,-15,270,-15,330,15" hai0="13,18,24,28,32,52,55" hai3="20,22,56,59,83,86,90,92,96,100" /><INIT seed="3,1,0,4,4,76" ten="229,171,255,345" oya="3" hai0="113,1,73,101,46,44,62,132,33,63,3,16,42" hai1="78,45,129,109,49,118,111,52,13,58,50,100,5" hai2="135,115,75,110,123,104,20,12,39,56,25,60,80" hai3="83,97,112,61,108,48,88,17,117,114,26,119,81"/><W65/><G108/><N who="1" m="41546" /><E118/><V133/><F110/><W121/><G121/><T40/><D33/><U116/><E116/><V89/><F104/><W122/><G122/><T64/><D73/><U2/><E2/><V15/><F123/><W9/><G119/><T27/><D101/><U120/><E120/><V91/><F39/><W38/><G38/><T106/><D106/><U102/><E129/><V4/><F115/><W29/><G117/><T19/><D113/><U124/><E124/><V24/><F4/><W35/><G114/><T130/><D130/><U32/><E32/><V134/><F89/><W70/><G48/><T53/><D53/><N who="1" m="29871" /><E78/><N who="2" m="44127" /><F91/><W68/><G70/><T59/><D27/><N who="2" m="10314" /><F20/><W55/><G26/><T36/><D132/><N who="2" m="33794" /><V87/><DORA hai="37" /><F87/><W71/><G35/><T94/><D94/><U69/><E69/><V18/><F18/><W28/><G17/><T98/><D98/><U77/><E77/><V86/><F86/><W6/><G97/><T51/><D1/><U8/><AGARI ba="1,0" hai="5,8,13,50,52,58,100,102" m="29871,41546" machi="8" ten="30,2000,0" yaku="14,1,54,1" doraHai="76,37" who="1" fromWho="1" sc="229,-6,171,23,255,-6,345,-11" /><INIT seed="4,0,0,1,2,11" ten="223,194,249,334" oya="0" hai0="119,121,72,30,45,134,28,20,115,42,8,125,40" hai1="105,107,13,46,60,36,23,29,91,108,10,103,34" hai2="64,52,82,110,54,84,132,25,86,76,48,33,44" hai3="126,89,70,18,41,12,94,113,92,68,31,123,38"/><T80/><D121/><U5/><E108/><V114/><F110/><W56/><G113/><T112/><D119/><U135/><E135/><V95/><F114/><N who="0" m="43562" /><D134/><U17/><E103/><V15/><F132/><W55/><G31/><T109/><D109/><U19/><E19/><V100/><F64/><W67/><G70/><T4/><D125/><U39/><E39/><V98/><F33/><W120/><G68/><T32/><D32/><U65/><E91/><V73/><F25/><W122/><G38/><N who="0" m="21655" /><D42/><U7/><E7/><V49/><F15/><W51/><G41/><T77/><D20/><U22/><E46/><AGARI ba="0,0" hai="44,46,48,49,52,54,73,76,82,84,86,95,98,100" machi="46" ten="30,3900,0" yaku="7,1,9,1,54,1" doraHai="11" who="2" fromWho="1" sc="223,0,194,-39,249,39,334,0" /><INIT seed="5,0,0,0,0,122" ten="223,155,288,334" oya="1" hai0="67,83,103,35,64,74,5,130,9,117,127,106,119" hai1="87,57,7,52,126,92,90,95,128,24,100,41,86" hai2="110,3,65,97,68,79,76,94,105,8,104,22,71" hai3="61,111,44,121,114,134,51,129,11,32,4,30,133"/><U93/><E128/><V37/><F37/><W18/><G129/><T19/><D35/><U16/><E126/><V99/><F22/><W89/><G114/><T40/><D127/><U39/><E7/><V63/><F3/><W81/><G121/><T75/><D130/><U123/><E123/><V12/><F71/><W20/><G61/><T72/><D40/><U28/><E39/><V25/><F25/><W118/><G89/><T13/><D83/><N who="1" m="49503" /><E41/><V0/><F0/><W33/><G18/><T27/><D103/><U34/><E34/><V21/><F21/><W1/><G20/><T42/><D106/><U84/><E28/><V125/><F125/><W58/><G51/><T60/><D42/><U69/><E69/><V50/><F50/><W43/><G30/><T45/><D45/><U98/><E98/><V55/><F55/><W2/><G44/><T17/><D27/><U113/><E100/><V82/><F105/><W6/><G43/><T73/><N who="0" m="18944" /><DORA hai="47" /><T116/><REACH who="0" step="1"/><D60/><REACH who="0" ten="213,155,288,334" step="2"/><N who="1" m="35879" /><E113/><V46/><F104/><W124/><G32/><T26/><D26/><U29/><E29/><V91/><F82/><W38/><G81/><T109/><D109/><U131/><E131/><V101/><F110/><W53/><G111/><T77/><D77/><U70/><E70/><V78/><F101/><W108/><G33/><T107/><D107/><U112/><E112/><V10/><F78/><W66/><G124/><T49/><D49/><U56/><E56/><V132/><F79/><W88/><G58/><T102/><D102/><U15/><E24/><V85/><F76/><W59/><G108/><RYUUKYOKU ba="0,1" sc="213,15,155,15,288,-15,334,-15" hai0="5,9,13,17,19,64,67,116,117,119" hai1="15,16,84,87,92,93,95" /><INIT seed="5,1,1,0,4,123" ten="228,170,273,319" oya="1" hai0="105,117,3,75,76,86,93,99,118,84,30,125,1" hai1="127,63,10,70,49,111,15,92,120,8,26,43,12" hai2="22,121,66,25,47,39,60,91,88,126,80,72,130" hai3="38,62,2,116,59,40,6,13,53,19,55,113,79"/><U9/><E120/><V20/><F121/><W33/><G33/><T114/><D30/><U5/><E127/><V90/><F126/><W87/><G113/><T67/><D67/><U104/><E104/><V52/><F130/><W95/><G116/><N who="0" m="44651" /><D1/><U11/><E26/><V57/><F39/><W119/><G40/><T21/><D3/><U78/><E78/><V31/><F47/><W23/><G38/><T96/><D21/><U81/><E81/><V97/><F72/><W61/><G95/><T108/><D114/><U56/><E70/><V48/><F22/><W85/><G79/><T107/><D125/><U115/><E115/><V4/><F4/><W110/><G6/><T29/><D29/><U16/><E92/><V14/><F14/><W102/><G2/><T73/><D108/><U35/><E35/><V74/><F74/><N who="0" m="28170" /><D76/><U106/><E106/><N who="0" m="40457" /><D99/><U82/><E111/><V71/><F97/><W64/><G110/><T32/><D32/><U109/><E109/><V17/><REACH who="2" step="1"/><F31/><REACH who="2" ten="228,170,263,319" step="2"/><W37/><G13/><T0/><D0/><U46/><REACH who="1" step="1"/><E82/><AGARI ba="1,2" hai="17,20,25,48,52,57,60,66,71,80,82,88,90,91" machi="82" ten="40,8000,1" yaku="1,1,2,1,54,2,53,0" doraHai="123" doraHaiUra="133" who="2" fromWho="1" sc="228,0,170,-83,263,103,319,0" /><INIT seed="6,0,0,1,5,19" ten="228,87,366,319" oya="2" hai0="38,109,104,93,0,42,8,55,74,110,100,39,48" hai1="1,126,65,69,78,102,46,37,97,25,70,68,29" hai2="123,6,131,129,94,135,95,125,73,36,27,33,99" hai3="64,5,80,24,10,7,127,53,66,50,22,116,90"/><V35/><F36/><W91/><G116/><T114/><D74/><U30/><E126/><V111/><F123/><W21/><G127/><T112/><D104/><U134/><E134/><V47/><F125/><W81/><G10/><T106/><D106/><U20/><E1/><V107/><F73/><W92/><G50/><T76/><D76/><U84/><E78/><V26/><F135/><W61/><G53/><T14/><D0/><U49/><E37/><N who="0" m="13833" /><D93/><U54/><E84/><V9/><F111/><N who="0" m="42506" /><D100/><U51/><E51/><V132/><F132/><W43/><G24/><N who="2" m="9257" /><F107/><W2/><G92/><N who="2" m="35369" /><F99/><W3/><G2/><T117/><D14/><U4/><E97/><V11/><F47/><W83/><G3/><T122/><D8/><N who="2" m="3146" /><F6/><W103/><G103/><T119/><D42/><U34/><E102/><V75/><F75/><W96/><G96/><T13/><D13/><U44/><E4/><V87/><F87/><W40/><G81/><T41/><D41/><U133/><E133/><V85/><F85/><W18/><G18/><T56/><D122/><U105/><E105/><V71/><F71/><W31/><G5/><T88/><D88/><U115/><E25/><V23/><F23/><W57/><G7/><T89/><D89/><U101/><E69/><V108/><F108/><W59/><G31/><T45/><D45/><U62/><E68/><V72/><F72/><W113/><G43/><T79/><D79/><U28/><E101/><V67/><F67/><W15/><G40/><T118/><AGARI ba="0,0" hai="48,55,56,112,114,117,118,119" m="42506,13833" machi="118" ten="40,5200,0" yaku="12,1,34,2" doraHai="19" who="0" fromWho="0" sc="228,52,87,-13,366,-26,319,-13" /><INIT seed="7,0,0,3,3,109" ten="280,74,340,306" oya="3" hai0="76,126,113,114,63,49,30,68,86,106,108,110,87" hai1="98,134,119,6,2,90,22,35,16,132,14,5,118" hai2="15,135,7,95,12,42,37,25,51,19,125,102,73" hai3="57,116,41,83,11,72,128,71,9,4,56,64,40"/><W81/><G116/><N who="1" m="44586" /><E90/><V103/><F73/><W77/><G71/><T29/><D106/><U101/><E98/><V48/><F37/><W21/><G128/><T129/><D129/><U32/><E101/><V38/><F38/><W55/><G64/><N who="0" m="40991" /><D76/><U123/><E123/><V13/><F7/><N who="1" m="2569" /><E2/><V70/><F70/><W120/><G120/><T18/><D18/><U74/><E74/><V92/><F125/><W1/><G83/><T78/><D78/><U85/><E85/><N who="0" m="32265" /><D49/><U100/><E100/><V84/><F84/><W91/><G91/><T53/><D53/><U94/><E94/><V54/><F54/><W33/><G33/><AGARI ba="0,0" hai="14,16,22,32,33,35,132,134" m="2569,44586" machi="33" ten="40,8000,1" yaku="12,1,34,2,54,1" doraHai="109" who="1" fromWho="3" sc="280,0,74,80,340,0,306,-80" owari="280,8.0,154,-35.0,340,44.0,226,-17.0" /></mjloggm>