<mjloggm ver="2.3"><GO type="169" lobby="0"/><UN n0="%E5%A5%88%E8%90%BD%E3%81%AE%E7%8E%8B" n1="%E3%83%95%E3%83%AA%E3%83%86%E3%83%B3" n2="%E3%82%A6%E3%83%AB%E3%83%88%E3%83%A9%E7%AB%8B%E7%9B%B4" n3="%64%75%72%72%72%72%72" dan="16,17,16,16" rate="2071.57,2107.85,2112.84,2104.19" sx="M,M,M,M"/><TAIKYOKU oya="0"/><INIT seed="0,0,0,5,5,8" ten="250,250,250,250" oya="0" hai0="91,106,134,27,65,55,100,64,25,23,18,132,108" hai1="73,67,125,127,129,70,102,69,119,43,74,51,57" hai2="68,94,115,95,96,59,56,17,82,4,32,126,103" hai3="116,0,26,98,88,104,79,61,9,24,48,81,117"/><T2/><D2/><U99/><E119/><V84/><F115/><W85/><G116/><T118/><D118/><U75/><E129/><V63/><F68/><W29/><G117/><T78/><D78/><U131/><E131/><V111/><F126/><N who="1" m="48137" /><E43/><V58/><F111/><W87/><G61/><T40/><D108/><U76/><E76/><V60/><F32/><W35/><G26/><T135/><D40/><U5/><E5/><V92/><F17/><W46/><G0/><T71/><D71/><U39/><E39/><V72/><F4/><W13/><G104/><T121/><D121/><U124/><E124/><V50/><F50/><W37/><G37/><T114/><D114/><U83/><E83/><V7/><F7/><N who="3" m="3263" /><G98/><N who="0" m="61719" /><D91/><U89/><E89/><N who="2" m="51351" /><F72/><W6/><G6/><T105/><D105/><N who="1" m="63711" /><E51/><V109/><F109/><W36/><G36/><T77/><D77/><U52/><E70/><V101/><F101/><W12/><G87/><T113/><D113/><U15/><E74/><V53/><F103/><W16/><G79/><T38/><D38/><U93/><E75/><V34/><F96/><W54/><G88/><T45/><D27/><U28/><E73/><V49/><F34/><W3/><G3/><T33/><D33/><U21/><E28/><V80/><F80/><W20/><G85/><T123/><D123/><U42/><E93/><V62/><AGARI ba="0,0" hai="49,53,56,58,59,60,62,63,92,94,95" m="51351" machi="62" ten="30,1100,0" yaku="8,1" doraHai="8" who="2" fromWho="2" sc="250,-5,250,-3,250,11,250,-3" /><INIT seed="1,0,0,0,5,92" ten="245,247,261,247" oya="1" hai0="65,98,35,8,67,29,63,78,76,105,97,77,109" hai1="87,58,20,79,102,21,72,56,128,24,75,45,52" hai2="100,111,30,103,39,83,81,19,10,32,90,36,57" hai3="74,23,135,42,48,93,16,125,33,129,12,124,22"/><U118/><E118/><V107/><F30/><W94/><G33/><T25/><D109/><U4/><E128/><V110/><F32/><W104/><G104/><T86/><D86/><U41/><E56/><V31/><F31/><W60/><G129/><T88/><D63/><U62/><E4/><V51/><F10/><W101/><G74/><T123/><D123/><U113/><E113/><V46/><F19/><W18/><G60/><T119/><D119/><U116/><E116/><V132/><F57/><W106/><G135/><T64/><D105/><U53/><E53/><V84/><F81/><W85/><G85/><T69/><D69/><U59/><E59/><V71/><F71/><W17/><G17/><T73/><D73/><U112/><E102/><N who="2" m="38955" /><F107/><W13/><G106/><T114/><D114/><U96/><E21/><V61/><F61/><W47/><G101/><T80/><D80/><U122/><E112/><V6/><F6/><W14/><G14/><T3/><REACH who="0" step="1"/><D88/><REACH who="0" ten="235,247,261,247" step="2"/><U54/><E75/><V108/><F132/><W49/><REACH who="3" step="1"/><G49/><REACH who="3" ten="235,247,261,237" step="2"/><T66/><N who="0" m="16384" /><DORA hai="38" /><T5/><AGARI ba="0,2" hai="3,5,8,25,29,35,76,77,78,97,98" m="16384" machi="5" ten="50,12000,2" yaku="1,1,4,1,0,1,52,2,53,1" doraHai="92,38" doraHaiUra="43,1" who="0" fromWho="0" sc="235,140,247,-60,261,-30,237,-30" /><INIT seed="2,0,0,5,2,4" ten="375,187,231,207" oya="2" hai0="61,103,54,11,79,89,65,85,109,17,21,16,44" hai1="107,2,117,6,112,12,125,106,32,122,105,3,10" hai2="123,14,84,29,69,34,23,95,87,101,119,39,41" hai3="1,24,19,7,113,83,81,128,111,36,47,63,131"/><V72/><F123/><W97/><G111/><T43/><D109/><U102/><E117/><V20/><F119/><W62/><G113/><T74/><D103/><U92/><E112/><V99/><F72/><W115/><G115/><T76/><D54/><U120/><E32/><V90/><F69/><W121/><G121/><N who="1" m="46698" /><E125/><V57/><F39/><W13/><G97/><AGARI ba="0,0" hai="2,3,6,10,12,92,97,102,105,106,107" m="46698" machi="97" ten="40,2600,0" yaku="13,1,52,1" doraHai="4" who="1" fromWho="3" sc="375,0,187,26,231,0,207,-26" /><INIT seed="3,0,0,4,3,74" ten="375,213,231,181" oya="3" hai0="0,39,49,107,93,94,1,79,117,44,23,114,50" hai1="29,61,115,123,75,112,109,54,7,73,6,14,68" hai2="38,34,92,131,83,87,13,72,56,110,57,2,118" hai3="35,95,108,25,80,63,133,37,19,10,58,90,18"/><W86/><G37/><T26/><D107/><U60/><E29/><V88/><F2/><W31/><G133/><T70/><D117/><U102/><E14/><V101/><F34/><W98/><G108/><T122/><D122/><U85/><E85/><V62/><F38/><W43/><G10/><T111/><D111/><U22/><E109/><V127/><F118/><W84/><G43/><T135/><D70/><U8/><E22/><V71/><F71/><W97/><G84/><T52/><D39/><U89/><E68/><V134/><F110/><W64/><REACH who="3" step="1"/><G98/><REACH who="3" ten="375,213,231,171" step="2"/><T3/><D135/><U129/><E8/><V120/><F134/><W67/><G67/><T40/><D114/><U66/><E66/><V30/><F87/><W124/><G124/><T36/><D36/><U46/><E115/><V69/><F127/><W99/><G99/><T55/><D40/><U106/><E112/><V65/><F65/><W132/><G132/><T28/><REACH who="0" step="1"/><D79/><AGARI ba="0,1" hai="18,19,25,31,35,58,63,64,79,80,86,90,95,97" machi="79" ten="30,5800,0" yaku="1,1,7,1,52,1,53,0" doraHai="74" doraHaiUra="100" who="3" fromWho="0" sc="375,-58,213,0,231,0,171,68" /><INIT seed="3,1,0,3,1,122" ten="317,213,231,239" oya="3" hai0="100,135,70,30,99,117,0,92,37,59,58,54,131" hai1="86,4,5,60,80,38,69,51,124,129,101,44,81" hai2="61,66,104,89,47,119,41,57,96,98,85,109,55" hai3="16,106,27,3,113,46,52,116,123,17,12,133,67"/><W83/><G123/><T76/><D70/><U62/><E38/><V87/><F119/><W8/><G116/><T102/><D117/><U40/><E129/><V75/><F75/><W130/><G113/><T88/><D37/><U29/><E124/><V79/><F104/><W90/><G130/><T63/><D0/><U39/><E39/><N who="2" m="21951" /><F79/><W49/><G106/><T132/><D131/><U21/><E101/><V35/><F87/><N who="3" m="50559" /><G3/><T107/><D76/><N who="1" m="46343" /><E69/><N who="2" m="42191" /><F35/><W110/><G67/><N who="0" m="39415" /><D30/><U82/><E82/><N who="2" m="49335" /><F109/><W115/><G115/><T56/><D107/><U11/><E81/><V31/><F31/><W9/><G110/><T103/><D54/><U43/><E43/><V134/><F134/><AGARI ba="1,0" hai="56,59,88,92,99,100,102,103,132,134,135" m="39415" machi="134" ten="30,2000,0" yaku="20,1,54,1" doraHai="122" who="0" fromWho="2" sc="317,23,213,0,231,-23,239,0" /><INIT seed="4,0,0,1,3,9" ten="340,213,208,239" oya="0" hai0="45,67,2,121,115,12,78,101,99,53,17,26,92" hai1="118,82,108,122,24,75,89,30,29,109,130,48,33" hai2="44,25,71,112,85,66,91,110,88,63,56,114,43" hai3="35,27,1,50,42,22,106,94,87,47,8,133,36"/><T119/><D2/><U54/><E118/><V100/><F110/><W125/><G106/><T14/><D119/><U80/><E122/><V97/><F25/><W128/><G125/><T73/><D121/><U7/><E130/><V32/><F32/><W20/><G128/><T61/><D115/><N who="2" m="44074" /><F85/><W84/><G133/><T104/><D104/><U131/><E131/><V60/><F63/><W34/><G22/><N who="0" m="13647" /><D73/><U98/><E30/><V107/><F71/><W72/><G72/><T64/><D78/><U11/><E75/><V3/><F3/><W79/><G84/><T13/><D45/><U15/><E108/><V117/><F117/><W76/><G76/><T39/><D39/><AGARI ba="0,0" hai="39,43,44,56,60,66,88,91,97,100,107" m="44074" machi="39" ten="30,2000,0" yaku="15,1,54,1" doraHai="9" who="2" fromWho="0" sc="340,-20,213,0,208,20,239,0" /><INIT seed="5,0,0,5,0,132" ten="320,213,228,239" oya="1" hai0="131,37,70,106,115,56,44,18,45,35,114,87,38" hai1="17,1,40,20,51,59,52,111,24,65,12,92,90" hai2="79,108,4,82,68,134,96,26,15,29,2,72,63" hai3="113,89,55,123,125,133,99,28,25,101,94,27,33"/><U93/><E1/><V31/><F15/><W75/><G123/><T135/><D106/><U85/><E111/><V8/><F31/><W80/><G133/><T97/><D35/><U41/><E65/><N who="2" m="41023" /><F96/><W36/><G36/><N who="0" m="13931" /><D97/><U30/><REACH who="1" step="1"/><E92/><REACH who="1" ten="320,203,228,239" step="2"/><V83/><F134/><W46/><G94/><T23/><D135/><U22/><AGARI ba="0,1" hai="12,17,20,22,24,30,40,41,51,52,59,85,90,93" machi="22" ten="20,24000,3" yaku="1,1,2,1,0,1,7,1,25,2,8,1,54,1,53,0" doraHai="132" doraHaiUra="116" who="1" fromWho="1" sc="320,-80,203,250,228,-80,239,-80" /><INIT seed="5,1,0,3,3,56" ten="240,453,148,159" oya="1" hai0="94,71,63,90,105,104,53,108,54,24,119,76,49" hai1="96,130,58,55,27,131,45,80,106,0,85,120,99" hai2="31,18,97,13,134,69,16,79,66,46,61,135,123" hai3="41,89,114,21,88,17,37,36,110,95,35,5,2"/><U91/><E120/><V39/><F31/><W116/><G110/><T4/><D108/><U75/><E0/><V98/><F79/><W1/><G35/><T115/><D119/><U62/><E75/><V87/><F87/><W128/><G116/><T81/><D4/><U14/><E106/><V86/><F86/><W12/><G128/><N who="1" m="49194" /><E14/><V10/><F123/><W38/><G114/><T64/><D115/><U117/><E117/><V132/><F18/><W33/><G33/><T118/><D118/><U112/><E112/><V103/><F103/><W48/><G5/><T42/><D24/><U93/><E45/><V101/><F101/><W129/><G129/><T125/><D125/><U92/><E27/><V68/><F68/><W50/><G41/><AGARI ba="1,0" hai="10,13,16,39,41,46,61,66,69,97,98,132,134,135" machi="41" ten="40,5200,0" yaku="20,1,52,1,54,1" doraHai="56" who="2" fromWho="3" sc="240,0,453,0,148,55,159,-55" /><INIT seed="6,0,0,5,3,4" ten="240,453,203,104" oya="2" hai0="58,100,30,31,6,18,9,119,32,65,92,57,41" hai1="46,122,17,22,34,7,125,101,120,64,12,68,3" hai2="85,93,90,55,108,80,13,63,25,86,76,38,99" hai3="121,40,106,33,10,73,19,61,118,37,0,42,24"/><V107/><F38/><W129/><G121/><T35/><D41/><U117/><E101/><V1/><F1/><W102/><G118/><T21/><D35/><U47/><E34/><V28/><F108/><W81/><G129/><T131/><D131/><U96/><E96/><V124/><F124/><W53/><G102/><T95/><D119/><U2/><E117/><V128/><F128/><W14/><G106/><T75/><D75/><U98/><E98/><V82/><F107/><W36/><G0/><N who="1" m="42" /><E7/><V91/><F13/><W83/><G37/><T133/><D133/><U104/><E104/><V60/><REACH who="2" step="1"/><F55/><REACH who="2" ten="240,453,193,104" step="2"/><W26/><G36/><T43/><D43/><U59/><E125/><V50/><F50/><W78/><G26/><T23/><D32/><AGARI ba="0,1" hai="25,28,32,60,63,76,80,82,85,86,90,91,93,99" machi="32" ten="30,5800,0" yaku="1,1,7,1,53,1" doraHai="4" doraHaiUra="94" who="2" fromWho="0" sc="240,-58,453,0,193,68,104,0" /><INIT seed="6,1,0,2,4,58" ten="182,453,261,104" oya="2" hai0="80,129,128,106,13,105,64,117,18,113,92,71,16" hai1="63,47,61,111,37,83,100,108,35,70,51,75,55" hai2="98,103,7,24,97,95,26,15,0,45,125,10,28" hai3="39,88,135,4,76,46,91,19,67,69,25,114,20"/><V32/><F125/><W127/><G127/><T109/><D109/><N who="1" m="42059" /><E100/><V49/><F26/><W130/><G135/><T5/><D113/><U1/><E83/><V21/><F98/><W66/><G130/><N who="0" m="50283" /><D117/><U133/><E75/><V78/><F78/><W132/><G114/><T121/><D121/><U126/><E1/><V57/><F57/><W14/><G132/><T73/><D92/><U74/><E74/><V31/><F31/><W34/><G66/><T44/><D44/><N who="1" m="28135" /><E35/><V6/><F7/><W54/><G76/><N who="0" m="44047" /><D5/><U101/><E101/><V65/><F65/><W50/><G39/><T115/><D18/><U84/><E84/><V131/><F131/><W107/><G107/><T79/><D79/><U38/><E133/><V40/><REACH who="2" step="1"/><F0/><REACH who="2" ten="182,453,251,104" step="2"/><W52/><G4/><T11/><D115/><U85/><E126/><V110/><F110/><W43/><G67/><T22/><D64/><U8/><E85/><V82/><F82/><W56/><G69/><T93/><D71/><U96/><E96/><V87/><F87/><W116/><G116/><T89/><D106/><U134/><E70/><V90/><F90/><W81/><G81/><T41/><D105/><U94/><E134/><V72/><F72/><W27/><G56/><T42/><D89/><N who="3" m="34377" /><G34/><AGARI ba="1,1" hai="6,10,15,21,24,28,32,34,40,45,49,95,97,103" machi="34" ten="40,2000,0" yaku="1,1,53,0" doraHai="58" doraHaiUra="33" who="2" fromWho="3" sc="182,0,453,0,251,33,104,-23" /><INIT seed="6,2,0,5,3,97" ten="182,453,284,81" oya="2" hai0="135,15,3,63,96,22,105,56,93,76,128,130,110" hai1="4,77,115,28,89,11,95,7,94,107,19,48,6" hai2="10,65,1,18,81,29,125,54,8,49,83,114,25" hai3="75,39,47,26,111,119,84,85,43,104,127,33,17"/><V122/><F122/><W112/><G111/><T13/><D3/><U103/><E77/><V51/><F114/><W74/><G119/><T87/><D110/><U34/><E34/><V35/><F125/><W88/><G127/><T24/><D105/><U53/><E28/><V86/><F65/><W52/><G112/><T80/><D135/><U132/><E89/><V60/><F60/><W62/><G104/><T42/><D42/><U126/><E132/><V73/><F73/><W124/><G85/><T123/><D123/><U44/><E115/><V92/><F49/><W109/><G109/><T71/><D71/><U59/><E59/><V12/><F92/><W69/><G124/><T134/><D134/><U133/><E133/><V116/><F116/><W118/><G118/><T20/><D20/><U101/><E107/><V79/><F83/><W46/><G69/><T67/><D130/><U38/><E38/><V100/><F1/><W37/><G37/><T2/><D2/><U90/><E126/><V16/><F10/><W102/><G102/><N who="1" m="38922" /><E90/><V113/><F113/><W57/><G47/><T61/><D128/><U121/><E121/><V0/><F0/><W108/><G108/><T117/><D117/><U58/><E44/><V120/><F100/><W41/><G41/><T50/><D76/><U30/><E30/><V106/><F106/><W45/><G45/><T21/><D80/><U78/><E78/><V129/><F129/><W72/><G33/><T99/><D93/><U40/><E40/><V98/><F120/><W14/><G75/><T82/><D82/><U32/><E95/><RYUUKYOKU ba="2,0" sc="182,0,453,0,284,0,81,0" /><INIT seed="7,3,0,4,2,58" ten="182,453,284,81" oya="3" hai0="24,95,77,7,49,33,131,25,60,34,46,50,48" hai1="112,29,124,79,13,115,109,11,67,66,54,104,74" hai2="16,5,63,90,43,8,114,75,32,88,1,39,31" hai3="55,89,120,91,118,133,86,121,53,4,108,99,52"/><W92/><G118/><T116/><D116/><U40/><E104/><V65/><F75/><W129/><G133/><T37/><D37/><U38/><E29/><V78/><F78/><W135/><G135/><T97/><D33/><U59/><E40/><V119/><F114/><W68/><G68/><T101/><D34/><U0/><E38/><V103/><F103/><W56/><G129/><T72/><D72/><U21/><E21/><V106/><F106/><W36/><G36/><T28/><D131/><U128/><E0/><V26/><F119/><W71/><G71/><T107/><D107/><U9/><E9/><V3/><F3/><W69/><G69/><T23/><D25/><U12/><E12/><V70/><F43/><W134/><G134/><T102/><D77/><U2/><E124/><V123/><F39/><W76/><G76/><T122/><D122/><N who="3" m="47209" /><G4/><T19/><D7/><N who="1" m="3327" /><E79/><V45/><F123/><W130/><G130/><T42/><D28/><U96/><E74/><V93/><F45/><W10/><G10/><T6/><D6/><U27/><E128/><V15/><F93/><N who="3" m="54455" /><G108/><T100/><D42/><U62/><E109/><V110/><F110/><W81/><G56/><T73/><D46/><U41/><E2/><V22/><AGARI ba="3,0" hai="1,5,8,15,16,22,26,31,32,63,65,70,88,90" machi="22" ten="20,12000,2" yaku="0,1,7,1,24,2,52,1,54,2" doraHai="58" who="2" fromWho="2" sc="182,-33,453,-33,284,129,81,-63" owari="149,-25.0,420,52.0,413,21.0,18,-48.0" /></mjloggm>