<mjloggm ver="2.3"><GO type="41" lobby="0"/><UN n0="%E3%82%BD%E3%82%B1%E3%83%83%E3%83%88" n1="%E5%B0%B1%E6%B4%BB%E7%94%9F%40%E5%B7%9D%E6%9D%91%E8%BB%8D%E5%9B%A3" n2="%4F%4D%55%53%54%41%52" n3="%E3%81%97%E3%82%85%E3%83%BC%E3%81%BE%E3%83%83%E3%81%AF" dan="14,15,15,14" rate="1924.20,1987.29,1908.61,2013.98" sx="M,M,F,M"/><TAIKYOKU oya="0"/><INIT seed="0,0,0,1,0,68" ten="250,250,250,250" oya="0" hai0="101,27,17,80,89,31,42,64,135,70,37,103,73" hai1="93,33,126,35,83,19,75,128,134,120,112,18,9" hai2="6,115,122,48,59,94,25,11,82,58,21,44,29" hai3="123,8,41,55,43,24,113,92,46,23,20,14,47"/><T102/><D135/><U10/><E75/><V51/><F122/><W87/><G113/><T7/><D17/><N who="1" m="6155" /><E83/><V96/><F115/><W54/><G123/><T57/><D70/><U38/><E93/><V60/><F82/><W49/><G92/><T30/><D7/><U91/><E91/><V116/><F116/><W125/><G87/><T62/><D27/><U95/><E95/><V124/><F124/><W34/><G34/><N who="1" m="12810" /><E112/><V52/><F59/><W4/><G125/><T107/><D107/><U105/><E105/><V100/><REACH who="2" step="1"/><F44/><REACH who="2" ten="250,250,240,250" step="2"/><W119/><G119/><T1/><D80/><U109/><E120/><V45/><F45/><W63/><G24/><T71/><D57/><U65/><E126/><V13/><AGARI ba="0,1" hai="6,11,13,21,25,29,48,51,52,58,60,94,96,100" machi="13" ten="20,8000,1" yaku="1,1,0,1,7,1,8,1,54,1,53,0" doraHai="68" doraHaiUra="130" who="2" fromWho="2" sc="250,-40,250,-20,240,90,250,-20" /><INIT seed="1,0,0,0,0,33" ten="210,230,330,230" oya="1" hai0="50,119,10,135,34,79,134,123,70,98,73,122,28" hai1="5,4,63,44,51,120,29,66,41,118,91,53,0" hai2="18,133,81,84,9,15,31,109,30,59,35,40,42" hai3="52,64,19,69,36,100,65,80,124,72,87,110,49"/><U74/><E118/><V116/><F116/><W25/><G36/><T97/><D70/><U130/><E130/><V67/><F109/><W21/><G72/><T129/><D119/><U128/><E120/><N who="0" m="46121" /><D129/><U78/><E128/><V39/><F133/><N who="0" m="50698" /><D50/><U1/><E29/><N who="2" m="10763" /><F35/><W54/><G110/><T3/><D34/><U62/><E91/><N who="2" m="51599" /><F39/><W60/><G100/><T2/><D28/><U125/><E125/><V37/><F37/><W23/><G23/><T113/><D113/><U92/><E92/><V16/><F18/><W115/><G115/><T104/><D10/><U126/><E126/><V14/><F14/><W107/><G107/><T6/><D6/><U99/><E99/><N who="0" m="37897" /><D104/><U108/><E108/><V75/><F67/><W94/><G124/><T89/><D89/><U7/><E63/><V48/><F48/><W86/><G65/><T24/><D24/><U22/><E22/><V55/><F55/><W71/><G71/><T96/><D96/><U101/><E53/><V47/><F47/><W105/><G105/><T127/><D127/><U68/><REACH who="1" step="1"/><E101/><REACH who="1" ten="210,220,330,230" step="2"/><V106/><F106/><W76/><G94/><T46/><D46/><U17/><E17/><V8/><F42/><W85/><REACH who="3" step="1"/><G54/><REACH who="3" ten="210,220,330,220" step="2"/><T45/><D45/><AGARI ba="0,2" hai="19,21,25,45,49,52,60,64,69,76,80,85,86,87" machi="45" ten="30,8000,1" yaku="1,1,2,1,7,1,54,1,53,1" doraHai="33" doraHaiUra="56" who="3" fromWho="0" sc="210,-80,220,0,330,0,220,100" /><INIT seed="2,0,0,5,4,48" ten="130,220,330,320" oya="2" hai0="101,69,7,110,75,9,113,17,71,78,61,0,22" hai1="10,60,102,6,53,134,130,5,67,64,117,49,46" hai2="116,91,125,19,56,30,65,115,79,109,51,40,62" hai3="68,127,96,83,74,27,36,50,86,47,119,132,122"/><V131/><F116/><W59/><G119/><T11/><D113/><U54/><E117/><V120/><F120/><W89/><G122/><T92/><D110/><U73/><E73/><V12/><F115/><W98/><G68/><T8/><D71/><U20/><E130/><V26/><F131/><W43/><G74/><T128/><D128/><U23/><E134/><V77/><F125/><W81/><G132/><T39/><D39/><U18/><E102/><V37/><F37/><W95/><G127/><T63/><D63/><U124/><E124/><V100/><F100/><W44/><G59/><T4/><D0/><U106/><E106/><V114/><F114/><W29/><G98/><T90/><D101/><U70/><E23/><N who="2" m="15711" /><F109/><W105/><G96/><T38/><D38/><U107/><E107/><V85/><F51/><W2/><G2/><T34/><D34/><U99/><E99/><V111/><F40/><W66/><G66/><N who="1" m="25130" /><E10/><N who="2" m="6551" /><F111/><W104/><G104/><T82/><D69/><U3/><E3/><V15/><F15/><W87/><G87/><T45/><D75/><U80/><E80/><AGARI ba="0,0" hai="56,62,65,77,79,80,85,91" m="6551,15711" machi="80" ten="30,1500,0" yaku="8,1" doraHai="48" who="2" fromWho="1" sc="130,0,220,-15,330,15,320,0" /><INIT seed="2,1,0,4,0,111" ten="130,205,345,320" oya="2" hai0="126,120,27,101,84,112,99,107,6,124,123,12,0" hai1="90,122,130,115,102,94,65,53,10,85,56,80,31" hai2="19,23,17,73,4,118,54,67,108,3,60,105,127" hai3="70,61,29,132,38,41,5,25,76,45,62,74,116"/><V75/><F118/><W34/><G116/><T1/><D27/><U71/><E130/><V133/><F108/><W58/><G132/><T51/><D51/><U14/><E122/><N who="0" m="46633" /><D84/><U93/><E71/><V128/><F133/><W16/><G70/><T79/><D12/><U91/><E65/><V44/><F105/><W21/><G5/><T50/><D50/><U78/><E31/><V59/><F128/><W42/><G42/><T18/><D18/><U30/><E30/><V106/><F106/><W64/><G62/><T89/><D79/><U55/><E115/><V113/><F127/><N who="0" m="48682" /><D89/><N who="1" m="33803" /><E102/><V82/><F75/><W22/><G34/><T83/><D83/><U52/><E56/><V35/><F35/><W43/><G43/><T92/><D92/><U96/><E96/><V88/><F73/><W100/><G100/><T129/><D129/><U26/><E26/><V66/><F82/><W121/><G121/><T117/><D117/><U37/><E37/><V9/><F44/><W39/><G74/><T104/><D104/><U46/><E46/><V125/><F125/><W11/><G76/><T77/><D77/><U109/><E109/><V47/><F47/><W110/><G110/><T134/><D134/><U95/><E95/><V24/><F17/><AGARI ba="1,0" hai="10,14,17,52,53,55,78,80,85,93,94" m="33803" machi="17" ten="30,2000,0" yaku="8,1,54,1" doraHai="111" who="1" fromWho="2" sc="130,0,205,23,345,-23,320,0" /><INIT seed="3,0,0,5,0,71" ten="130,228,322,320" oya="3" hai0="45,115,5,27,64,6,120,125,9,72,87,89,80" hai1="74,75,92,39,38,44,94,93,109,113,49,62,98" hai2="82,12,29,117,31,46,122,86,20,53,131,110,11" hai3="34,28,111,107,114,26,10,57,65,42,88,126,78"/><W67/><G114/><T7/><D120/><U84/><E113/><V85/><F117/><W56/><G107/><T51/><D115/><U70/><E109/><V118/><F118/><W81/><G126/><T91/><D125/><U41/><E98/><V19/><F110/><W59/><G111/><T99/><D64/><U40/><E84/><V104/><F104/><W13/><G42/><T97/><D27/><U103/><E103/><V48/><F122/><W95/><G81/><T32/><D32/><U50/><E70/><V127/><F127/><W2/><G2/><T33/><D33/><U24/><E24/><V123/><F131/><W76/><G67/><T4/><D72/><N who="1" m="27691" /><E44/><V37/><F37/><N who="1" m="13833" /><E62/><V106/><F106/><W124/><G65/><T83/><D9/><U108/><E108/><V35/><F35/><W52/><G124/><T121/><D121/><U128/><E128/><V18/><F86/><W90/><G90/><T43/><N who="0" m="1536" /><DORA hai="3" /><T116/><REACH who="0" step="1"/><D116/><REACH who="0" ten="120,228,322,320" step="2"/><U36/><E36/><V135/><F123/><W8/><G10/><T54/><D54/><U68/><E68/><V130/><F130/><W21/><G34/><T101/><D101/><U129/><E129/><V30/><F11/><W15/><G52/><T96/><D96/><U1/><E1/><V77/><F53/><W69/><G69/><T58/><D58/><U16/><E16/><V102/><F19/><N who="3" m="8615" /><G15/><T0/><D0/><U133/><E133/><V66/><F66/><W134/><G134/><T17/><D17/><U73/><E41/><N who="2" m="24655" /><F135/><W22/><G21/><T60/><D60/><U100/><E40/><RYUUKYOKU ba="0,1" sc="120,10,228,-30,322,10,320,10" hai0="43,45,51,80,83,87,89,91,97,99" hai2="12,18,20,29,30,31,77,82,85,102" hai3="22,26,28,56,57,59,76,78,88,95" /><INIT seed="3,1,1,2,3,19" ten="130,198,332,330" oya="3" hai0="36,80,102,66,45,33,41,31,56,114,26,49,65" hai1="84,34,71,57,82,8,95,32,25,72,46,51,81" hai2="134,105,94,61,78,96,52,4,100,30,116,28,42" hai3="99,76,39,6,67,77,22,55,107,127,0,117,38"/><W43/><G117/><T98/><D114/><U54/><E71/><V27/><F116/><W59/><G67/><T89/><D80/><U106/><E106/><V122/><F134/><W90/><G127/><T124/><D89/><U132/><E132/><V29/><F122/><W48/><G6/><T16/><D124/><U93/><E72/><V111/><F111/><W118/><G0/><T21/><D36/><U35/><E81/><V15/><F42/><W75/><G118/><T69/><D69/><U11/><E25/><V110/><F78/><W79/><G75/><T18/><D33/><U74/><E74/><V60/><F60/><W87/><G43/><T88/><D102/><U47/><E95/><V12/><F105/><W58/><G58/><T7/><D7/><U10/><REACH who="1" step="1"/><E93/><REACH who="1" ten="130,188,332,330" step="2"/><V83/><F83/><W5/><G107/><T3/><D26/><U85/><E85/><V97/><F27/><W50/><G87/><T14/><D98/><U63/><E63/><V135/><F97/><W131/><G99/><T40/><D88/><AGARI ba="1,2" hai="8,10,11,32,34,35,46,47,51,54,57,82,84,88" machi="88" ten="50,3200,0" yaku="1,1,54,1,53,0" doraHai="19" doraHaiUra="108" who="1" fromWho="0" sc="130,-35,188,55,332,0,330,0" /><INIT seed="4,0,0,1,0,56" ten="95,243,332,330" oya="0" hai0="79,55,97,23,119,1,4,20,81,108,36,69,124" hai1="85,34,59,116,66,38,90,86,57,122,87,30,102" hai2="77,48,112,125,63,13,47,96,83,53,117,100,78" hai3="28,15,133,107,130,60,95,89,58,105,76,104,29"/><T68/><D119/><U27/><E38/><V114/><F117/><W62/><G76/><T21/><D124/><U24/><E122/><V120/><F120/><W94/><G133/><T14/><D108/><U31/><E102/><V22/><F125/><W32/><G130/><T50/><D36/><U106/><E106/><V35/><F35/><W67/><G15/><T135/><D135/><U91/><E116/><V109/><F109/><W40/><G40/><T7/><D1/><U111/><E111/><V41/><F83/><W54/><G32/><T101/><D68/><U99/><E99/><V70/><F22/><W93/><REACH who="3" step="1"/><G89/><REACH who="3" ten="95,243,332,320" step="2"/><T113/><D79/><U9/><E91/><V80/><F13/><W2/><G2/><T49/><D14/><U88/><E90/><V72/><F78/><W75/><G75/><T123/><D101/><U37/><E37/><V127/><F41/><W19/><G19/><T3/><D3/><U71/><E88/><V61/><F127/><W52/><G52/><T74/><D55/><U132/><E132/><V65/><F114/><W17/><G17/><T131/><D113/><U46/><E34/><V42/><F112/><W44/><G44/><T82/><D131/><U121/><E121/><V39/><F42/><W98/><G98/><T84/><D74/><U45/><E45/><V134/><F134/><W6/><G6/><N who="0" m="2091" /><D97/><U118/><E46/><V33/><F33/><W43/><G43/><T18/><D18/><U115/><E118/><V16/><F16/><W110/><G110/><T12/><D12/><U0/><E0/><V103/><F96/><RYUUKYOKU ba="0,1" sc="95,-10,243,-10,332,-10,320,30" hai3="28,29,54,58,60,62,67,93,94,95,104,105,107" /><INIT seed="5,1,1,3,3,38" ten="85,233,322,350" oya="1" hai0="45,19,66,107,124,30,133,28,99,2,32,10,100" hai1="84,127,93,92,125,110,98,24,35,87,43,88,130" hai2="72,120,90,94,12,126,117,78,114,82,4,103,132" hai3="46,134,16,81,109,39,73,37,40,54,9,23,101"/><U44/><E130/><V56/><F117/><W27/><G109/><T128/><D124/><N who="1" m="47691" /><E110/><V122/><F56/><W106/><G39/><T0/><D128/><U57/><E57/><V26/><F26/><W74/><G134/><T68/><D133/><U111/><E111/><V77/><F12/><W95/><G106/><T85/><D30/><N who="1" m="19911" /><E93/><V135/><F4/><W63/><G81/><T48/><D85/><U61/><E61/><V14/><F14/><W131/><G131/><T33/><D19/><U22/><E22/><V79/><F126/><W42/><G42/><N who="0" m="24631" /><D10/><U53/><E53/><V13/><F13/><W58/><REACH who="3" step="1"/><G9/><REACH who="3" ten="85,233,322,340" step="2"/><T102/><D107/><U20/><E20/><V60/><F135/><W11/><G11/><T41/><D41/><U47/><E47/><V59/><F132/><W89/><G89/><T83/><D102/><U65/><E65/><V105/><F103/><W49/><G49/><AGARI ba="1,2" hai="43,44,49,84,87,88,92,98" m="19911,47691" machi="49" ten="30,5800,0" yaku="18,1,52,1,54,1" doraHai="38" who="1" fromWho="3" sc="85,0,233,81,322,0,340,-61" /><INIT seed="5,2,0,5,2,41" ten="85,314,322,279" oya="1" hai0="98,23,100,120,79,80,110,60,127,29,12,114,62" hai1="34,7,14,48,36,42,81,30,20,35,94,69,129" hai2="56,133,108,84,38,116,55,72,106,17,61,65,33" hai3="22,26,74,50,117,6,112,45,54,135,95,67,131"/><U2/><E69/><V122/><F116/><W16/><G74/><T104/><D110/><U59/><E36/><V24/><F122/><W123/><G123/><T13/><D120/><U43/><E2/><V5/><F72/><W19/><G117/><T32/><D127/><U109/><E35/><V28/><F108/><W130/><G135/><T119/><D119/><U90/><E34/><V11/><F133/><W101/><G112/><T107/><D114/><U111/><E111/><V93/><F106/><W1/><G67/><T58/><D107/><U44/><E42/><V47/><F17/><W124/><G124/><T46/><D32/><U88/><E129/><N who="3" m="49162" /><G6/><T66/><D46/><U10/><E109/><V3/><F38/><W86/><G1/><T57/><D23/><U64/><E81/><V89/><F47/><W103/><G19/><T77/><D29/><U53/><E94/><V132/><F132/><W125/><G125/><T102/><D102/><U9/><E9/><V49/><F65/><W78/><G95/><T70/><D70/><U63/><E64/><V92/><F92/><W115/><G115/><T128/><D128/><U68/><E68/><V97/><F97/><W118/><G118/><T52/><REACH who="0" step="1"/><D77/><REACH who="0" ten="75,314,322,279" step="2"/><U76/><E76/><V73/><F33/><W105/><G105/><T75/><AGARI ba="2,1" hai="12,13,52,57,58,60,62,66,75,79,80,98,100,104" machi="75" ten="20,8000,1" yaku="1,1,2,1,0,1,7,1,54,1,53,0" doraHai="41" doraHaiUra="85" who="0" fromWho="0" sc="75,96,314,-42,322,-22,279,-22" /><INIT seed="6,0,0,5,1,75" ten="171,272,300,257" oya="2" hai0="26,100,3,82,97,99,19,107,2,5,7,93,42" hai1="78,70,123,51,129,55,37,117,40,44,121,88,54" hai2="46,18,28,116,61,120,34,110,20,43,94,118,16" hai3="38,96,8,95,87,21,126,127,79,85,48,32,125"/><V90/><F120/><N who="1" m="46153" /><E117/><V77/><F34/><W22/><G32/><T112/><D112/><U109/><E109/><V135/><F110/><W24/><G38/><T50/><D3/><U83/><E129/><V81/><F135/><W73/><G73/><T131/><D131/><U56/><E70/><V30/><F18/><W4/><G48/><T47/><D2/><U66/><E88/><V113/><F113/><W59/><G59/><T62/><D62/><N who="1" m="38215" /><E51/><N who="2" m="27103" /><F61/><W108/><G108/><T58/><D58/><U63/><E63/><V27/><F118/><W76/><G87/><AGARI ba="0,0" hai="37,40,44,54,55,78,83,87" m="38215,46153" machi="87" ten="30,2000,0" yaku="13,1,52,1" doraHai="75" who="1" fromWho="3" sc="171,0,272,20,300,0,257,-20" /><INIT seed="7,0,0,0,3,132" ten="171,292,300,237" oya="3" hai0="2,95,89,100,28,46,121,109,78,108,101,119,91" hai1="92,86,12,128,133,10,87,77,26,37,45,13,82" hai2="57,117,104,9,105,60,81,135,17,94,41,72,34" hai3="49,66,32,23,88,19,22,61,47,53,127,130,30"/><W24/><G130/><T90/><D2/><U18/><E128/><V51/><F117/><W73/><G73/><T126/><D28/><U69/><E69/><V116/><F116/><W74/><G74/><T79/><D46/><U71/><E71/><V3/><F34/><W40/><G127/><T112/><D119/><U0/><E0/><V43/><F43/><W5/><G5/><T6/><D6/><N who="1" m="3159" /><E37/><V4/><F17/><W42/><G32/><T56/><D56/><U97/><E26/><V107/><F135/><W76/><G76/><N who="0" m="29227" /><D121/><U29/><E29/><V39/><F39/><W118/><G118/><T80/><D80/><N who="1" m="47375" /><E45/><V15/><F3/><W106/><G106/><T98/><D112/><U54/><E54/><V111/><F111/><N who="0" m="42570" /><D101/><N who="1" m="60583" /><E133/><V85/><F72/><W58/><REACH who="3" step="1"/><G88/><REACH who="3" ten="171,292,300,227" step="2"/><N who="0" m="22531" /><T75/><DORA hai="122" /><D75/><U21/><E82/><V11/><F105/><W93/><G93/><T52/><D52/><U27/><E87/><V55/><F107/><W110/><G110/><T96/><D96/><U50/><E50/><V129/><F104/><W114/><G114/><T48/><D48/><U84/><E84/><V131/><F94/><W25/><AGARI ba="0,1" hai="19,22,23,24,25,30,40,42,47,49,53,58,61,66" machi="25" ten="20,7800,0" yaku="1,1,0,1,7,1,8,1,53,0" doraHai="132,122" doraHaiUra="68,8" who="3" fromWho="3" sc="171,-26,292,-26,300,-26,227,88" owari="145,-35.0,266,-13.0,274,7.0,315,41.0" /></mjloggm>