<mjloggm ver="2.3"><GO type="97" lobby="0"/><UN n0="%44%72%61%77%64%6F%77%6E" n1="%E3%83%AD%E3%83%9C%E3%82%B3%E3%83%97" n2="%E5%B0%B1%E6%B4%BB%E7%94%9F%40%E5%B7%9D%E6%9D%91%E8%BB%8D%E5%9B%A3" n3="%6D%69%73%61%6B%69" dan="15,14,14,13" rate="1943.78,1885.86,1979.44,1802.86" sx="M,M,M,F"/><TAIKYOKU oya="0"/><INIT seed="0,0,0,2,4,29" ten="250,250,250,250" oya="0" hai0="27,96,101,51,119,64,57,80,19,135,39,13,116" hai1="28,71,106,59,121,92,47,62,15,16,104,91,20" hai2="14,88,102,110,43,68,109,99,83,3,50,40,9" hai3="97,2,38,36,100,84,48,79,115,12,32,117,60"/><T5/><D39/><U129/><E121/><V118/><F68/><W125/><G117/><T76/><D135/><U133/><E133/><V90/><F3/><W95/><G115/><T18/><D5/><U0/><E129/><V7/><F118/><W105/><G2/><T85/><D27/><U37/><E0/><V123/><F123/><W70/><G125/><T65/><D19/><U45/><E71/><V42/><F50/><W98/><G32/><T89/><D51/><U24/><E106/><V41/><N who="2" m="10752" /><DORA hai="112" /><V87/><REACH who="2" step="1"/><F90/><REACH who="2" ten="250,250,240,250" step="2"/><W94/><G48/><T53/><D89/><U17/><E37/><V23/><F23/><W130/><G130/><T127/><D127/><U61/><E91/><V54/><F54/><W11/><G38/><T74/><D64/><U30/><E20/><V93/><AGARI ba="0,1" hai="7,9,14,83,87,88,93,99,102,109,110" m="10752" machi="93" ten="40,5200,0" yaku="1,1,0,1,54,1,53,0" doraHai="29,112" doraHaiUra="46,56" who="2" fromWho="2" sc="250,-26,250,-13,240,62,250,-13" /><INIT seed="1,0,0,5,3,87" ten="224,237,302,237" oya="1" hai0="66,27,65,132,40,96,3,108,49,54,46,41,59" hai1="12,112,130,73,62,133,111,98,109,68,86,84,125" hai2="72,37,21,42,123,128,33,6,117,4,81,94,115" hai3="85,11,34,131,53,118,127,25,114,23,107,67,57"/><U29/><E112/><V135/><F33/><W77/><G114/><T110/><D3/><U122/><E122/><V47/><F117/><W95/><G107/><T63/><D27/><U24/><E73/><V134/><F123/><W7/><G34/><T93/><D132/><N who="2" m="50730" /><F128/><W106/><G106/><T35/><D35/><U19/><E130/><V56/><F115/><W18/><G131/><T15/><D15/><U76/><E133/><V5/><F56/><W43/><G127/><T99/><D99/><U1/><E1/><V52/><F52/><W48/><G118/><T50/><D96/><U45/><E125/><V92/><F21/><W78/><G67/><N who="0" m="25611" /><D93/><N who="2" m="35946" /><F81/><W80/><G43/><N who="0" m="16459" /><D46/><U28/><E98/><V71/><F71/><W0/><G95/><T70/><D70/><U44/><E68/><V120/><F120/><W90/><AGARI ba="0,0" hai="0,7,11,18,23,25,48,53,57,77,78,80,85,90" machi="90" ten="20,2700,0" yaku="0,1,7,1,52,1" doraHai="87" who="3" fromWho="3" sc="224,-7,237,-13,302,-7,237,27" /><INIT seed="2,0,0,5,5,128" ten="217,224,295,264" oya="2" hai0="20,24,42,46,71,124,127,11,106,38,18,45,129" hai1="77,44,23,81,55,36,1,113,131,80,5,37,68" hai2="133,21,107,89,86,2,22,33,54,6,95,47,13" hai3="29,61,118,111,105,67,85,84,90,50,116,51,122"/><V104/><F33/><W125/><G105/><T117/><D129/><U70/><E131/><V34/><F34/><W25/><G122/><T8/><D117/><U83/><E113/><V114/><F114/><W112/><G111/><T100/><D71/><U92/><E77/><V7/><F2/><W98/><G112/><T110/><D110/><U97/><E23/><V88/><F133/><W96/><G125/><N who="0" m="48203" /><D46/><U35/><E35/><V66/><F66/><W40/><G85/><T103/><D106/><U12/><E1/><V62/><F107/><W17/><G17/><T9/><AGARI ba="0,0" hai="8,9,11,18,20,24,38,42,45,100,103" m="48203" machi="9" ten="30,1100,0" yaku="18,1" doraHai="128" who="0" fromWho="0" sc="217,11,224,-3,295,-5,264,-3" /><INIT seed="3,0,0,0,4,78" ten="228,221,290,261" oya="3" hai0="56,127,14,33,120,6,41,40,106,101,93,18,24" hai1="21,132,5,72,61,2,100,44,76,81,46,119,130" hai2="22,116,91,123,17,97,129,70,96,110,71,117,121" hai3="115,125,80,11,65,104,64,35,32,15,54,134,83"/><W26/><G115/><T58/><D106/><U8/><E119/><N who="2" m="45643" /><F129/><W98/><G134/><T31/><D120/><N who="2" m="46154" /><F110/><W112/><G125/><T51/><D6/><U63/><E132/><V53/><F53/><W92/><G112/><T107/><D107/><U13/><E130/><V37/><F37/><W88/><G104/><T122/><D122/><U73/><E100/><V57/><F57/><W79/><G35/><T85/><D58/><U105/><E105/><V102/><F102/><W84/><G54/><T23/><D127/><U30/><E73/><V36/><F36/><W75/><G26/><T19/><D19/><U0/><E0/><V87/><F87/><W43/><G43/><T108/><D108/><U12/><E2/><V86/><F86/><W114/><G32/><T66/><D66/><U47/><REACH who="1" step="1"/><E13/><REACH who="1" ten="228,211,290,261" step="2"/><N who="2" m="9519" /><F91/><W124/><G124/><T94/><D101/><U10/><E10/><V131/><F131/><W126/><G126/><T7/><D7/><U111/><E111/><V62/><F71/><W133/><G133/><T95/><D85/><U25/><AGARI ba="0,1" hai="5,8,12,21,25,30,44,46,47,61,63,72,76,81" machi="25" ten="30,4000,0" yaku="1,1,0,1,52,1,53,0" doraHai="78" doraHaiUra="50" who="1" fromWho="1" sc="228,-10,211,50,290,-10,261,-20" /><INIT seed="4,0,0,2,4,66" ten="218,261,280,241" oya="0" hai0="133,14,70,132,119,17,98,1,40,58,5,38,92" hai1="37,129,74,94,111,52,0,90,22,99,104,124,61" hai2="34,69,75,63,78,110,73,127,29,60,6,9,115" hai3="120,23,85,27,31,46,68,84,3,82,106,24,45"/><T33/><D119/><U97/><E111/><V65/><F110/><W59/><G106/><T89/><D33/><U87/><E124/><V42/><F127/><W77/><G3/><T109/><D109/><U50/><E129/><V123/><F123/><W16/><G120/><T56/><D1/><U72/><E37/><V20/><F20/><W19/><G68/><T112/><D5/><U41/><E0/><N who="2" m="199" /><F115/><W105/><G105/><T30/><D30/><U101/><E41/><V134/><F134/><N who="0" m="51818" /><D112/><U118/><E118/><V55/><F55/><W126/><G126/><T25/><D25/><U96/><E61/><V57/><F57/><W88/><G59/><T28/><D28/><U114/><E114/><V121/><F63/><W11/><G11/><N who="0" m="6367" /><D70/><U2/><E2/><V43/><F121/><W67/><G67/><T107/><D107/><U26/><E74/><V130/><F42/><W102/><G102/><T117/><D117/><U54/><E72/><V44/><F78/><W122/><G122/><T10/><D10/><U48/><E26/><N who="2" m="18743" /><F130/><W95/><G19/><T36/><D36/><AGARI ba="0,0" hai="36,43,44,60,65,69,73,75" m="18743,199" machi="36" ten="30,3900,0" yaku="33,2,52,1" doraHai="66" who="2" fromWho="0" sc="218,-39,261,0,280,39,241,0" owari="179,-32.0,261,6.0,319,42.0,241,-16.0" /></mjloggm>