<mjloggm ver="2.3"><GO type="41" lobby="0"/><UN n0="%38%38%38%2E%6E%65%74" n1="%E5%B0%B1%E6%B4%BB%E7%94%9F%40%E5%B7%9D%E6%9D%91%E8%BB%8D%E5%9B%A3" n2="%6F%E3%82%A2%E3%82%AB%E3%82%AE" n3="%E3%83%81%E3%83%A3%E3%83%BC%E3%83%9F%E3%83%BC" dan="14,15,14,14" rate="1932.78,1938.93,1905.89,1911.18" sx="M,M,M,M"/><TAIKYOKU oya="0"/><INIT seed="0,0,0,4,3,90" ten="250,250,250,250" oya="0" hai0="32,93,11,107,31,61,6,66,34,58,51,35,76" hai1="71,7,114,22,62,56,132,95,60,30,88,135,82" hai2="85,96,103,54,112,12,102,83,106,122,36,124,21" hai3="20,118,19,59,48,126,74,41,86,94,50,47,78"/><T104/><D31/><U68/><E7/><V39/><F122/><W109/><G118/><T8/><D76/><U111/><E111/><V117/><F112/><W73/><G109/><T33/><N who="0" m="8704" /><DORA hai="18" /><T44/><D11/><U0/><E0/><V1/><F117/><W80/><G126/><T29/><D29/><U43/><E43/><V65/><F124/><W45/><G59/><T37/><D37/><U69/><E82/><V91/><F1/><W38/><G38/><T52/><REACH who="0" step="1"/><D93/><REACH who="0" ten="240,250,250,250" step="2"/><U72/><E72/><V113/><F113/><W16/><G94/><T133/><D133/><N who="1" m="51275" /><E114/><V130/><F130/><W92/><G92/><T63/><D63/><U87/><E62/><V55/><F65/><W67/><G67/><T119/><D119/><U70/><E30/><V42/><F39/><W46/><G74/><T4/><D4/><U108/><E108/><V14/><F36/><W57/><G73/><T99/><D99/><U79/><E79/><V125/><F96/><W49/><G41/><T120/><D120/><U123/><E123/><V97/><F42/><W116/><G116/><T13/><AGARI ba="0,1" hai="6,8,13,44,51,52,58,61,66,104,107" m="8704" machi="13" ten="60,12000,1" yaku="1,1,0,1,54,1,53,2" doraHai="90,18" doraHaiUra="17,100" who="0" fromWho="0" sc="240,130,250,-40,250,-40,250,-40" /><INIT seed="0,1,0,5,3,135" ten="370,210,210,210" oya="0" hai0="68,50,20,32,122,80,63,134,3,81,15,89,106" hai1="124,11,110,48,82,129,104,37,127,0,57,7,42" hai2="45,92,74,19,1,10,72,13,114,24,60,91,44" hai3="103,121,28,39,125,97,90,76,94,22,26,99,29"/><T67/><D122/><U73/><E104/><V85/><F114/><W40/><G121/><T23/><D3/><U59/><E110/><V52/><F1/><W66/><G76/><T43/><D32/><U31/><E31/><V4/><F72/><W36/><G66/><T102/><D134/><U70/><E70/><V109/><F74/><W98/><G29/><T53/><D43/><U71/><E71/><V119/><F119/><W46/><G125/><N who="1" m="48202" /><E129/><V51/><F60/><W12/><G39/><T117/><D117/><U123/><E123/><V34/><F109/><W115/><G115/><T16/><D106/><U9/><E9/><V75/><F75/><W2/><G2/><T61/><D102/><U78/><E37/><V133/><F133/><W8/><REACH who="3" step="1"/><G103/><REACH who="3" ten="370,210,210,200" step="2"/><T108/><D108/><U130/><E130/><V17/><F34/><W79/><G79/><T111/><D111/><U87/><E73/><V113/><F113/><W38/><G38/><T77/><D77/><U27/><E27/><V18/><F24/><W49/><G49/><T118/><D63/><U30/><E30/><V96/><F96/><W69/><G69/><T112/><D112/><U105/><E105/><V47/><AGARI ba="1,1" hai="4,10,13,17,18,19,44,45,47,51,52,85,91,92" machi="47" ten="30,4000,0" yaku="0,1,8,1,54,1" doraHai="135" who="2" fromWho="2" sc="370,-21,210,-11,210,53,200,-11" /><INIT seed="1,0,0,1,5,71" ten="349,199,263,189" oya="1" hai0="78,114,75,61,94,38,68,97,48,40,131,29,120" hai1="111,26,117,113,1,14,39,65,16,19,42,30,11" hai2="92,17,69,60,100,73,3,109,74,67,130,88,15" hai3="46,47,96,121,27,87,44,86,124,49,18,54,84"/><U95/><E117/><V128/><F109/><W43/><G124/><T108/><D114/><U25/><E113/><V99/><F3/><W76/><G121/><T79/><D120/><U105/><E105/><V118/><F118/><W2/><G2/><T98/><D108/><U107/><E107/><V22/><REACH who="2" step="1"/><F100/><REACH who="2" ten="349,199,253,189" step="2"/><W85/><G76/><T127/><D79/><U35/><E1/><V77/><F77/><W58/><G43/><T12/><D78/><U119/><E119/><V52/><F52/><W10/><N who="3" m="22016" /><DORA hai="0" /><W104/><G104/><T62/><D40/><U23/><E111/><V6/><F6/><W81/><G81/><T64/><D127/><U129/><E129/><AGARI ba="0,1" hai="15,17,22,60,67,69,73,74,88,92,99,128,129,130" machi="129" ten="40,12000,2" yaku="1,1,19,1,54,1,53,3" doraHai="71,0" doraHaiUra="115,126" who="2" fromWho="1" sc="349,0,199,-120,253,130,189,0" /><INIT seed="2,0,0,4,1,82" ten="349,79,383,189" oya="2" hai0="4,128,58,34,132,85,126,96,112,51,55,28,61" hai1="107,84,45,64,114,87,43,105,97,66,53,135,104" hai2="9,95,62,123,94,23,36,115,111,63,110,16,18" hai3="25,22,24,17,129,81,68,89,33,52,47,120,48"/><V77/><F115/><W31/><G120/><T65/><D112/><U14/><E114/><V73/><F123/><W108/><G129/><T125/><D128/><U46/><E135/><V71/><F36/><W60/><G108/><N who="2" m="41513" /><F9/><W86/><REACH who="3" step="1"/><G60/><REACH who="3" ten="349,79,383,179" step="2"/><N who="2" m="23081" /><F71/><AGARI ba="0,1" hai="17,22,24,25,31,33,47,48,52,68,71,81,86,89" machi="71" ten="40,8000,1" yaku="1,1,52,1,54,1,53,1" doraHai="82" doraHaiUra="13" who="3" fromWho="2" sc="349,0,79,0,383,-80,179,90" /><INIT seed="3,0,0,5,5,59" ten="349,79,303,269" oya="3" hai0="61,84,12,53,30,48,88,45,99,85,91,5,19" hai1="9,52,86,112,17,71,11,119,64,98,100,37,26" hai2="31,1,103,80,7,105,110,13,0,15,92,76,115" hai3="123,130,55,33,8,44,73,122,39,132,74,51,68"/><W20/><G33/><T114/><D114/><U69/><E119/><V54/><F105/><W6/><G68/><T131/><D131/><U70/><E112/><V107/><F107/><W97/><G130/><T35/><D5/><U25/><E37/><V43/><F115/><W40/><G132/><T28/><D35/><U23/><E64/><V66/><F110/><W36/><G36/><T57/><D99/><U65/><E65/><V104/><F104/><W128/><G128/><T89/><D28/><U109/><E109/><V113/><F113/><W96/><G20/><N who="0" m="11367" /><D30/><U101/><E86/><V135/><F135/><W93/><G74/><T94/><D85/><U75/><E75/><V106/><F106/><W50/><G39/><T120/><D120/><U125/><E125/><V108/><F108/><W56/><G73/><T10/><D10/><U29/><E52/><AGARI ba="0,0" hai="45,48,52,53,57,61,84,88,89,91,94" m="11367" machi="52" ten="30,7700,0" yaku="8,1,52,1,54,2" doraHai="59" who="0" fromWho="1" sc="349,77,79,-77,303,0,269,0" /><INIT seed="4,0,0,0,4,54" ten="426,2,303,269" oya="0" hai0="32,74,40,5,95,69,9,103,126,102,18,84,62" hai1="14,4,34,38,129,45,41,64,51,114,124,88,33" hai2="104,78,53,94,47,21,97,52,72,36,66,12,107" hai3="77,117,56,90,24,113,39,2,22,132,65,118,111"/><T120/><D120/><U17/><E114/><V105/><F72/><W119/><G2/><T6/><D74/><U13/><E124/><V92/><F78/><W133/><G39/><T11/><D32/><U130/><E64/><V7/><F66/><W101/><G111/><T85/><D126/><U0/><E0/><V58/><F36/><W98/><G90/><N who="0" m="53703" /><D69/><U108/><E108/><V30/><F30/><W99/><G77/><T116/><D116/><U91/><E38/><V131/><F131/><N who="1" m="50185" /><E4/><N who="0" m="1641" /><D40/><U79/><E79/><V57/><F47/><W49/><G113/><T19/><D62/><U16/><E34/><V75/><F75/><W80/><G119/><T73/><D73/><U96/><E33/><V82/><F82/><W20/><G80/><T128/><D85/><U25/><E25/><V123/><F123/><W67/><G24/><T109/><D109/><U8/><E96/><V26/><F26/><W115/><G115/><T83/><D83/><U27/><E27/><V127/><F127/><W37/><G37/><T23/><D128/><U125/><E125/><V29/><F29/><W59/><REACH who="3" step="1"/><G49/><REACH who="3" ten="426,2,303,259" step="2"/><T60/><D60/><U110/><E110/><V43/><F105/><W106/><G106/><T35/><D35/><U48/><E48/><V89/><F107/><W28/><G28/><T10/><D19/><U100/><E100/><AGARI ba="0,1" hai="20,22,56,59,65,67,98,99,100,101,117,118,132,133" machi="100" ten="25,8000,1" yaku="1,1,22,2,52,2,53,0" doraHai="54" doraHaiUra="87" who="3" fromWho="1" sc="426,0,2,-80,303,0,259,90" owari="426,53.0,-78,-58.0,303,-10.0,349,15.0" /></mjloggm>