<mjloggm ver="2.3"><GO type="193" lobby="0"/><UN n0="%E6%9D%B1%E6%A8%AA%E8%83%A1%E6%A1%83" n1="%E3%83%88%E3%83%88%E3%83%AA%E5%85%88%E7%94%9F%31%39%E6%AD%B3" n2="%E4%BE%8D%E2%99%AF%32%35" n3="%73%66%68%6B%6F%79%72%77" dan="12,12,12,11" rate="1717.20,1949.06,1848.00,1560.27" sx="F,F,M,M"/><TAIKYOKU oya="0"/><INIT seed="0,0,0,4,4,108" ten="250,250,250,250" oya="0" hai0="58,127,124,33,41,130,52,112,100,102,31,8,54" hai1="96,117,88,49,38,18,104,70,11,57,75,120,63" hai2="32,22,119,7,93,50,121,17,106,30,76,74,48" hai3="10,105,44,125,64,83,5,35,111,12,135,98,56"/><T129/><D112/><U37/><E117/><V128/><F106/><W109/><G35/><T110/><D41/><U66/><E120/><V25/><F119/><W51/><G125/><N who="0" m="48203" /><D8/><U95/><E75/><V107/><F121/><W21/><G135/><T61/><D110/><U89/><E104/><V77/><F107/><W19/><G105/><T79/><D79/><U60/><E49/><V39/><F39/><W115/><G115/><T15/><D15/><U126/><E126/><V62/><F128/><N who="0" m="49258" /><D54/><U6/><E89/><V99/><F7/><W26/><G98/><T27/><AGARI ba="0,0" hai="27,31,33,52,58,61,100,102" m="49258,48203" machi="27" ten="40,7800,0" yaku="18,1,19,1,54,1" doraHai="108" who="0" fromWho="0" sc="250,78,250,-26,250,-26,250,-26" /><INIT seed="0,1,0,0,2,67" ten="328,224,224,224" oya="0" hai0="76,109,106,11,117,41,60,46,58,85,33,69,21" hai1="42,111,113,17,132,130,27,25,75,125,81,119,49" hai2="16,84,13,133,123,22,124,29,99,102,103,129,89" hai3="79,112,134,47,72,110,100,88,118,57,36,38,92"/><T116/><D33/><U8/><E119/><V107/><F123/><W98/><G118/><T14/><D106/><U40/><E81/><V77/><F133/><W108/><G134/><T86/><D69/><U1/><E132/><V31/><F129/><W4/><G112/><T34/><D34/><U135/><E135/><V15/><F124/><W126/><G126/><T5/><D21/><U91/><E91/><V61/><F103/><W6/><G38/><T30/><D30/><U80/><E80/><V26/><F61/><W12/><G72/><T90/><D109/><U66/><E75/><V45/><F15/><W122/><G122/><T23/><D23/><U70/><E125/><V35/><F29/><W9/><G79/><T127/><D127/><U68/><E66/><V51/><F77/><W50/><G36/><T19/><D76/><U28/><E111/><V10/><F35/><W97/><G57/><T20/><D86/><U82/><E82/><V53/><F89/><W114/><G114/><T64/><D46/><N who="1" m="25799" /><E42/><V128/><F128/><W54/><G108/><T94/><REACH who="0" step="1"/><D41/><REACH who="0" ten="318,224,224,224" step="2"/><U2/><E28/><V37/><F37/><W55/><G110/><T93/><D93/><U63/><E130/><V104/><F84/><W39/><G39/><T24/><AGARI ba="1,1" hai="5,11,14,19,20,24,58,60,64,85,90,94,116,117" machi="24" ten="20,3900,0" yaku="1,1,0,1,7,1,53,0" doraHai="67" doraHaiUra="78" who="0" fromWho="0" sc="318,52,224,-14,224,-14,224,-14" /><INIT seed="0,2,0,2,5,131" ten="370,210,210,210" oya="0" hai0="111,121,123,48,116,64,37,4,114,102,82,61,95" hai1="54,2,117,62,113,66,118,51,115,22,14,112,46" hai2="70,45,73,56,7,124,76,57,21,23,81,88,63" hai3="130,53,71,19,60,87,105,28,65,40,12,96,125"/><T126/><D116/><N who="1" m="44651" /><E22/><V44/><F124/><W47/><G130/><T58/><D126/><U122/><E14/><V119/><F119/><W135/><G125/><T86/><D114/><U16/><E16/><V24/><F7/><W41/><G28/><T83/><D37/><U34/><E34/><V99/><F57/><W42/><G105/><T91/><D4/><U133/><E2/><V59/><F70/><W17/><G17/><T3/><D3/><U128/><E128/><V25/><F59/><W10/><G96/><T69/><D102/><U100/><E100/><V32/><F32/><W110/><G110/><T97/><D111/><U90/><E90/><V84/><F99/><W1/><G1/><T120/><D83/><U77/><E77/><V9/><F9/><W89/><G53/><T92/><D92/><U33/><E33/><V132/><F132/><W36/><G135/><T13/><D13/><U68/><E122/><V43/><F23/><W129/><G129/><T67/><D67/><U38/><E38/><V75/><F73/><W80/><AGARI ba="2,0" hai="10,12,19,36,40,41,42,47,60,65,71,80,87,89" machi="80" ten="20,1500,0" yaku="0,1,7,1" doraHai="131" who="3" fromWho="3" sc="370,-9,210,-6,210,-6,210,21" /><INIT seed="1,0,0,3,5,102" ten="361,204,204,231" oya="1" hai0="12,109,42,75,32,48,9,14,26,94,17,46,91" hai1="103,119,77,5,92,18,95,39,63,40,23,97,36" hai2="86,132,99,89,74,19,128,125,31,22,34,49,50" hai3="56,135,28,69,129,117,24,41,70,122,111,110,15"/><U57/><E119/><V65/><F74/><W71/><G122/><T118/><D118/><U113/><E113/><V66/><F125/><W96/><G117/><T73/><D109/><U44/><E5/><V10/><F128/><W72/><G129/><T80/><D14/><U33/><E33/><V114/><F114/><W13/><G72/><T81/><D75/><U8/><E8/><V134/><F99/><W53/><G135/><N who="2" m="51753" /><F34/><W64/><G41/><T82/><D73/><U38/><E77/><V25/><F10/><W76/><G76/><T67/><D67/><N who="2" m="25610" /><F19/><W123/><G123/><T58/><D58/><U127/><E127/><V27/><F25/><W115/><G115/><T98/><D32/><U107/><E57/><V126/><F126/><W55/><G64/><T0/><D0/><U2/><E63/><V4/><F4/><W3/><G3/><T61/><D61/><U112/><E2/><V133/><N who="2" m="51761" /><V84/><DORA hai="90" /><F84/><W79/><G79/><T131/><D131/><U93/><REACH who="1" step="1"/><E112/><REACH who="1" ten="361,194,204,231" step="2"/><V130/><F130/><W47/><G47/><T1/><D1/><U68/><E68/><V7/><F7/><W108/><G56/><T88/><D91/><U105/><E105/><V120/><F120/><W106/><G106/><T51/><D26/><AGARI ba="0,1" hai="18,23,26,36,38,39,40,44,92,93,95,97,103,107" machi="26" ten="40,12000,1" yaku="1,1,52,4,53,0" doraHai="102,90" doraHaiUra="59,6" who="1" fromWho="0" sc="361,-120,194,130,204,0,231,0" /><INIT seed="1,1,0,3,0,2" ten="241,324,204,231" oya="1" hai0="120,83,103,10,31,64,95,27,52,34,21,33,69" hai1="35,81,71,101,117,109,98,74,111,110,37,40,121" hai2="8,131,23,36,85,54,119,72,49,107,80,55,82" hai3="96,43,89,42,108,5,15,19,1,88,94,58,76"/><U118/><E35/><V46/><F119/><N who="1" m="45577" /><E40/><V32/><F107/><W7/><G1/><T60/><D120/><U13/><E13/><V67/><F32/><W78/><G108/><T106/><D106/><N who="1" m="63799" /><E71/><V11/><F131/><W113/><G113/><T123/><D123/><U51/><E51/><V127/><F72/><W70/><G70/><T105/><D105/><U29/><E29/><V6/><F82/><W25/><G25/><T66/><D83/><U135/><E37/><V48/><F85/><W87/><G43/><T68/><D66/><U12/><E12/><V75/><F127/><W28/><G28/><T57/><D10/><U47/><E47/><V97/><F67/><W61/><G42/><T14/><D14/><U128/><E121/><V45/><F36/><W41/><G41/><T39/><D39/><U44/><E44/><V114/><F97/><W22/><G58/><T16/><D31/><U104/><E104/><V115/><F23/><W92/><G61/><T102/><D68/><U53/><E53/><V91/><F8/><W116/><G116/><T3/><D3/><U65/><E65/><V20/><F20/><W17/><G17/><T84/><D102/><U93/><E93/><V4/><F91/><W132/><G132/><T100/><D100/><U0/><E0/><V50/><F50/><W126/><G126/><T130/><D130/><U125/><E125/><V77/><F4/><AGARI ba="1,0" hai="4,5,7,15,19,22,76,78,87,88,89,92,94,96" machi="4" ten="40,8000,1" yaku="8,1,52,3,54,1" doraHai="2" who="3" fromWho="2" sc="241,0,324,0,204,-83,231,83" /><INIT seed="2,0,0,5,3,44" ten="241,324,121,314" oya="2" hai0="90,1,74,66,64,13,108,45,86,3,91,53,16" hai1="27,71,5,62,10,104,97,70,94,7,65,59,100" hai2="18,32,40,109,121,46,54,82,130,60,4,24,80" hai3="23,28,131,2,12,98,92,35,75,81,103,67,115"/><V73/><F121/><W72/><G2/><T34/><D34/><U48/><E7/><V99/><F130/><W20/><G35/><T110/><D74/><U29/><E48/><V47/><F4/><W33/><G33/><T42/><D53/><U85/><E85/><V107/><F109/><W26/><G115/><T61/><D110/><U38/><E38/><V118/><F118/><W134/><G131/><T87/><D108/><U125/><E125/><V11/><F32/><W117/><G117/><T15/><D15/><N who="1" m="5583" /><E104/><V8/><F73/><W37/><G37/><T84/><D1/><U113/><E113/><V112/><F112/><W95/><G134/><T31/><D31/><U126/><E126/><V50/><F107/><W69/><G69/><T119/><D3/><U41/><E41/><V22/><F99/><W93/><G67/><T101/><D101/><U9/><E9/><N who="2" m="3659" /><F60/><W39/><G39/><T132/><D132/><U133/><E133/><V36/><F36/><W79/><G72/><T129/><D129/><U30/><E30/><V122/><F122/><W57/><G57/><T96/><D119/><U102/><E102/><V25/><F25/><W17/><AGARI ba="0,0" hai="12,17,20,23,26,28,75,79,81,92,93,95,98,103" machi="17" ten="30,1100,0" yaku="0,1" doraHai="44" who="3" fromWho="3" sc="241,-3,324,-3,121,-5,314,11" /><INIT seed="3,0,0,1,0,88" ten="238,321,116,325" oya="3" hai0="44,29,97,14,57,123,125,131,42,24,107,8,117" hai1="105,63,32,0,134,3,48,50,16,13,79,55,113" hai2="51,89,98,4,9,53,103,2,7,19,128,75,120" hai3="26,60,66,27,38,58,92,124,69,64,54,96,118"/><W70/><G118/><T95/><D117/><U82/><E113/><V37/><F128/><W74/><G74/><T23/><D123/><U133/><E105/><V101/><F120/><W25/><G38/><T46/><D131/><U18/><E63/><V45/><F75/><W59/><G124/><T34/><D125/><U68/><E32/><V110/><F110/><W41/><G41/><T106/><D57/><N who="1" m="32999" /><E50/><V56/><F7/><W93/><G96/><T1/><D44/><U90/><E90/><V130/><F130/><W116/><G116/><T67/><D67/><U10/><E18/><V80/><F19/><W119/><G119/><T111/><D111/><U5/><E5/><V104/><F103/><W135/><G135/><N who="1" m="51722" /><E68/><V11/><F11/><W52/><G27/><T62/><D62/><AGARI ba="0,0" hai="25,26,52,54,58,59,60,62,64,66,69,70,92,93" machi="62" ten="25,12000,1" yaku="22,2,52,2,54,1" doraHai="88" who="3" fromWho="0" sc="238,-120,321,0,116,0,325,120" owari="118,-28.0,321,12.0,116,-38.0,445,54.0" /></mjloggm>