<mjloggm ver="2.3"><GO type="97" lobby="0"/><UN n0="%E3%83%9E%E3%82%B8%E3%82%81" n1="%6B%69%6E%6E%74%79%6F%75" n2="%E5%B0%B1%E6%B4%BB%E7%94%9F%40%E5%B7%9D%E6%9D%91%E8%BB%8D%E5%9B%A3" n3="%E7%BE%8E%E9%88%B4%E5%92%8C%E5%84%AA%E6%84%9B" dan="13,14,15,14" rate="1905.63,1912.90,1957.83,2006.78" sx="M,M,M,M"/><TAIKYOKU oya="0"/><INIT seed="0,0,0,0,4,113" ten="250,250,250,250" oya="0" hai0="99,21,22,120,79,24,30,59,17,93,62,131,96" hai1="107,127,15,118,70,124,134,92,41,109,122,78,19" hai2="100,32,6,2,74,129,112,0,16,7,104,20,77" hai3="51,89,42,65,87,28,116,36,75,81,40,108,126"/><T76/><D120/><U50/><E122/><V35/><F112/><W5/><G126/><N who="1" m="48170" /><E107/><V53/><F129/><W102/><G65/><N who="0" m="39135" /><D131/><U47/><E70/><V84/><F74/><W135/><G135/><T110/><D110/><U23/><E134/><V133/><F133/><W44/><G108/><T9/><D9/><U57/><E109/><V54/><F104/><W128/><G128/><T71/><D71/><U3/><E3/><V4/><F100/><W72/><G102/><N who="0" m="60687" /><D99/><U25/><E92/><V61/><F35/><W106/><G106/><T82/><D82/><U8/><E78/><V90/><F32/><W46/><G116/><T12/><AGARI ba="0,0" hai="12,17,21,22,24,30,76,79" m="60687,39135" machi="12" ten="30,3000,0" yaku="25,1,8,1" doraHai="113" who="0" fromWho="0" sc="250,30,250,-10,250,-10,250,-10" /><INIT seed="0,1,0,0,3,57" ten="280,240,240,240" oya="0" hai0="115,77,20,94,3,66,105,61,129,32,12,35,130" hai1="63,26,85,128,98,56,121,27,125,29,22,102,113" hai2="70,75,21,71,132,55,76,50,95,107,34,82,14" hai3="31,53,9,19,42,111,13,81,44,4,24,38,117"/><T28/><D115/><U93/><E121/><V92/><F107/><W131/><G117/><T80/><D105/><U123/><E123/><V45/><F34/><W67/><G131/><N who="0" m="50187" /><D3/><U109/><E109/><V7/><F132/><W64/><G111/><T133/><D133/><U6/><E128/><V83/><F83/><W17/><G53/><T90/><D28/><U84/><E125/><V59/><F45/><W10/><G81/><T96/><D20/><N who="1" m="15559" /><E6/><V99/><F92/><W25/><G31/><T18/><D12/><U58/><E58/><V114/><F114/><W68/><G19/><T54/><D18/><N who="1" m="12759" /><E113/><V89/><REACH who="2" step="1"/><F21/><REACH who="2" ten="280,240,230,240" step="2"/><W100/><G68/><N who="0" m="42063" /><D54/><AGARI ba="1,1" hai="54,56,63,84,85,93,98,102" m="12759,15559" machi="54" ten="30,2000,0" yaku="8,1,52,1" doraHai="57" who="1" fromWho="0" sc="280,-23,240,33,230,0,240,0" /><INIT seed="1,0,0,2,1,22" ten="257,273,230,240" oya="1" hai0="1,60,55,93,126,56,86,62,11,121,131,108,92" hai1="45,48,26,102,105,128,2,134,19,34,0,72,97" hai2="4,38,14,130,80,99,81,59,70,67,43,107,18" hai3="106,90,87,71,54,94,104,57,24,110,40,3,135"/><U79/><E134/><V7/><F70/><W64/><G3/><T122/><D108/><U39/><E128/><V115/><F115/><W52/><G110/><T118/><D131/><U12/><E39/><V16/><F130/><W95/><G135/><T84/><D118/><U30/><E79/><V66/><F38/><W51/><G94/><N who="0" m="36459" /><D62/><U44/><E72/><V36/><F36/><W77/><G77/><T69/><D69/><U31/><E31/><V78/><F43/><W98/><G40/><T63/><D63/><U117/><E117/><V41/><F41/><W32/><G54/><T114/><D114/><U5/><E48/><V132/><F132/><W73/><G73/><T123/><D126/><U6/><E5/><AGARI ba="0,0" hai="1,5,11,55,56,60,84,86,121,122,123" m="36459" machi="5" ten="40,1300,0" yaku="13,1" doraHai="22" who="0" fromWho="1" sc="257,13,273,-13,230,0,240,0" /><INIT seed="2,0,0,5,2,6" ten="270,260,230,240" oya="2" hai0="38,65,46,134,31,85,1,63,103,131,125,13,112" hai1="10,94,26,128,45,108,127,24,126,99,20,89,88" hai2="116,104,102,9,69,39,120,37,73,84,48,132,7" hai3="42,44,47,57,122,59,101,100,35,54,0,105,2"/><V80/><F116/><W64/><G35/><T98/><D112/><U106/><E106/><V43/><F120/><W79/><G122/><T14/><D1/><U76/><E76/><V124/><F73/><W27/><G79/><T67/><D134/><U52/><E108/><V40/><F69/><W66/><G27/><T71/><D67/><U96/><E128/><V58/><F124/><N who="1" m="47657" /><E10/><V5/><F132/><W25/><G25/><N who="1" m="9834" /><E20/><V115/><F115/><W50/><G105/><T93/><D131/><U19/><E19/><V97/><F5/><W36/><G101/><T111/><D111/><U119/><E119/><V23/><F23/><W121/><G121/><T86/><D31/><U3/><E3/><V18/><F18/><W81/><G100/><T68/><D68/><U32/><E32/><V11/><F40/><N who="3" m="22535" /><G81/><T90/><D125/><U114/><E114/><V28/><F28/><W117/><G117/><T78/><D78/><U95/><E45/><N who="2" m="25663" /><F11/><W130/><G130/><T56/><D71/><U4/><E4/><V77/><F58/><N who="3" m="22027" /><G2/><T53/><D38/><U113/><E113/><V92/><F104/><W118/><G118/><T21/><D21/><U109/><E109/><V49/><F49/><N who="3" m="26871" /><G0/><T82/><D103/><U75/><E75/><V72/><F72/><W91/><G91/><T16/><D16/><U55/><AGARI ba="0,0" hai="52,55,88,89,94,95,96,99" m="9834,47657" machi="55" ten="30,4000,0" yaku="18,1,54,2" doraHai="6" who="1" fromWho="1" sc="270,-10,260,40,230,-20,240,-10" /><INIT seed="3,0,0,3,1,75" ten="260,300,210,230" oya="3" hai0="48,84,66,108,4,72,127,32,90,100,129,73,12" hai1="120,87,121,115,51,97,19,7,39,69,74,46,67" hai2="118,65,107,29,5,119,81,42,38,111,17,57,9" hai3="40,123,114,113,52,63,130,25,26,33,16,71,125"/><W93/><G123/><T88/><D32/><U18/><E39/><V95/><F107/><W62/><G130/><T41/><D100/><U131/><E74/><V58/><F111/><W8/><G125/><T15/><D108/><U11/><E115/><V49/><F38/><W128/><G128/><T104/><D129/><U1/><E131/><V80/><F29/><W70/><G40/><T132/><D104/><U112/><E97/><V53/><F42/><W79/><G79/><T103/><D103/><U106/><E106/><V55/><F65/><W31/><G93/><T105/><D105/><U102/><E102/><V133/><F133/><W86/><G86/><T122/><D66/><U76/><E112/><V85/><F17/><W60/><G52/><T77/><D122/><U98/><E98/><V68/><F68/><W101/><G101/><T99/><D99/><U124/><E124/><V20/><F20/><W0/><G114/><T23/><D127/><U24/><E24/><V21/><F21/><W14/><G113/><T96/><D96/><U10/><E10/><V94/><F118/><W34/><G0/><T13/><D132/><U56/><E69/><V110/><F110/><W78/><REACH who="3" step="1"/><G78/><REACH who="3" ten="260,300,210,220" step="2"/><T43/><D43/><N who="1" m="25055" /><E121/><V83/><F119/><W82/><G82/><N who="0" m="47183" /><D73/><U37/><E120/><V3/><REACH who="2" step="1"/><F85/><REACH who="2" ten="260,300,200,220" step="2"/><W28/><AGARI ba="0,2" hai="8,14,16,25,26,28,31,33,34,60,62,63,70,71" machi="28" ten="30,18000,2" yaku="1,1,0,1,9,1,54,1,53,2" doraHai="75" doraHaiUra="22" who="3" fromWho="3" sc="260,-60,300,-60,200,-60,220,200" owari="200,-20.0,240,4.0,140,-36.0,420,52.0" /></mjloggm>