<mjloggm ver="2.3"><GO type="41" lobby="0"/><UN n0="%E5%B0%B1%E6%B4%BB%E7%94%9F%40%E5%B7%9D%E6%9D%91%E8%BB%8D%E5%9B%A3" n1="%E4%B8%80%E3%83%BB%E4%B8%80%E5%85%AD%E4%BA%8B%E4%BB%B6" n2="%E3%81%A0%E3%82%8B%E3%82%93%E3%81%A0%E3%82%8B%E3%82%93" n3="%61%61%61%66%78" dan="16,13,14,14" rate="2171.01,1988.86,2053.44,2016.97" sx="M,M,M,F"/><TAIKYOKU oya="0"/><INIT seed="0,0,0,1,3,60" ten="250,250,250,250" oya="0" hai0="113,107,89,59,101,46,132,20,41,19,95,9,76" hai1="17,87,21,27,52,124,25,66,105,78,4,26,92" hai2="104,38,18,37,8,24,70,94,110,35,115,98,67" hai3="62,45,5,51,63,122,108,22,3,97,54,29,77"/><T71/><D113/><U43/><E124/><V1/><F115/><W65/><G108/><T86/><D71/><U39/><E105/><V91/><F110/><W61/><G122/><T116/><D116/><U44/><E4/><V34/><F104/><W114/><G114/><T125/><D132/><U73/><E73/><V56/><F70/><W100/><G77/><T120/><D125/><U16/><E66/><V83/><F83/><W7/><G3/><T130/><D130/><U84/><E17/><V32/><F1/><W11/><G29/><T135/><D135/><U36/><E36/><V40/><F40/><W55/><G22/><T118/><D118/><U93/><E52/><V28/><F28/><W109/><G109/><T126/><D126/><U99/><E92/><V42/><F42/><W74/><G74/><T112/><D112/><U111/><E111/><V128/><F128/><W90/><G55/><T10/><D120/><U15/><REACH who="1" step="1"/><E78/><REACH who="1" ten="250,240,250,250" step="2"/><V0/><F0/><W117/><G117/><T57/><D76/><U14/><E14/><V123/><F123/><W58/><G5/><T64/><D19/><U13/><E13/><V69/><F69/><W82/><G7/><T80/><D95/><U127/><E127/><V121/><F121/><W47/><G11/><T31/><D107/><U75/><E75/><V88/><F8/><W50/><G82/><T79/><D80/><U48/><E48/><V12/><F12/><W133/><G133/><T103/><D79/><U134/><E134/><V2/><F2/><W119/><G119/><T85/><D64/><U106/><E106/><RYUUKYOKU ba="0,1" sc="250,-10,240,30,250,-10,250,-10" hai1="15,16,21,25,26,27,39,43,44,84,87,93,99" /><INIT seed="1,1,1,3,5,58" ten="240,270,240,240" oya="1" hai0="30,130,57,118,80,103,50,36,31,117,26,39,5" hai1="77,17,95,74,15,121,119,53,107,109,13,49,42" hai2="126,64,78,37,97,35,73,87,18,54,51,1,41" hai3="115,4,61,102,92,86,131,75,100,34,72,113,2"/><U8/><E121/><V6/><F35/><W25/><G131/><T96/><D130/><U110/><E119/><V135/><F73/><W93/><G2/><T133/><D133/><U132/><E132/><V7/><F126/><W19/><G4/><T16/><D5/><U128/><E128/><V9/><F7/><W65/><G75/><T11/><D39/><U114/><E114/><V29/><F29/><W84/><G72/><T106/><D36/><U52/><E107/><V24/><F64/><W134/><G134/><T45/><D80/><N who="1" m="45111" /><E95/><V55/><F97/><W20/><G34/><T69/><D69/><U62/><E15/><V43/><F55/><W66/><G115/><T59/><D57/><U122/><E122/><V104/><F104/><W3/><G3/><T12/><D59/><U79/><E79/><V85/><F135/><W33/><G33/><T88/><D88/><U47/><E62/><V83/><F85/><N who="3" m="32875" /><G113/><T14/><D14/><U10/><E10/><V44/><F37/><W68/><G68/><T21/><REACH who="0" step="1"/><D31/><REACH who="0" ten="230,270,240,240" step="2"/><U99/><E99/><V70/><F70/><W101/><G66/><T32/><D32/><U67/><E67/><V127/><F127/><W22/><G65/><T94/><D94/><N who="3" m="36457" /><G22/><T48/><D48/><U56/><E56/><V46/><F1/><W38/><G38/><T89/><D89/><U90/><E90/><V0/><F0/><W105/><G105/><T60/><D60/><AGARI ba="1,2" hai="19,20,25,60,61,100,101,102" m="36457,32875" machi="60" ten="30,3900,0" yaku="8,1,52,2" doraHai="58" who="3" fromWho="0" sc="230,-42,270,0,240,0,240,62" /><INIT seed="2,0,0,4,1,71" ten="188,270,240,302" oya="2" hai0="4,99,58,124,87,19,52,97,116,126,128,94,15" hai1="17,36,18,62,102,13,123,14,114,96,0,32,118" hai2="134,85,88,120,38,53,111,26,121,95,65,7,61" hai3="9,105,28,93,103,109,8,86,100,33,63,115,55"/><V43/><F134/><W23/><G33/><T127/><D116/><U51/><E118/><V75/><F75/><W66/><G109/><T73/><D73/><U57/><E114/><V29/><F53/><W59/><G115/><T83/><D128/><U45/><E0/><V40/><F40/><W37/><G105/><T56/><D4/><U21/><E32/><V42/><F42/><W98/><G37/><T129/><D129/><U47/><E36/><V20/><F7/><W1/><G1/><T104/><D104/><U39/><E39/><V35/><F35/><W133/><G133/><T113/><D58/><U117/><E123/><V112/><F112/><W5/><G103/><T46/><D46/><U60/><E51/><V30/><F30/><W125/><G125/><T16/><D113/><U79/><E79/><V119/><F111/><W22/><G86/><T64/><D64/><U10/><E117/><V48/><F48/><W11/><G5/><T130/><D130/><U25/><E25/><V49/><F49/><W92/><G92/><T70/><D70/><U72/><E72/><V91/><F91/><W84/><G84/><T3/><D3/><U2/><E2/><V78/><F78/><W108/><G108/><T34/><D34/><U106/><REACH who="1" step="1"/><E62/><REACH who="1" ten="188,260,240,302" step="2"/><V110/><F119/><W69/><G28/><T6/><D124/><U67/><AGARI ba="0,1" hai="10,13,14,17,18,21,45,47,57,60,67,96,102,106" machi="67" ten="20,5200,0" yaku="1,1,2,1,0,1,7,1,53,0" doraHai="71" doraHaiUra="122" who="1" fromWho="1" sc="188,-13,260,62,240,-26,302,-13" /><INIT seed="3,0,0,0,5,90" ten="175,322,214,289" oya="3" hai0="36,19,86,67,9,29,47,38,12,130,92,11,133" hai1="71,70,82,112,107,135,84,87,73,93,28,131,122" hai2="3,52,120,53,34,16,27,113,7,123,50,75,2" hai3="109,4,20,119,44,117,121,85,114,124,46,91,103"/><W0/><G121/><N who="2" m="46665" /><F75/><W14/><G114/><T60/><D130/><U49/><E122/><V72/><F72/><W58/><G0/><N who="2" m="41" /><F7/><W17/><G124/><T30/><D133/><U41/><E135/><V102/><F113/><W80/><G4/><T8/><D38/><U26/><E107/><V104/><F34/><W97/><G58/><N who="0" m="37271" /><D47/><U31/><E131/><V127/><F127/><W25/><G109/><T10/><D36/><U22/><E112/><V115/><F115/><W48/><G25/><T101/><D101/><U15/><E73/><V56/><F53/><W37/><G37/><T61/><D61/><U83/><E31/><V134/><F134/><W68/><G68/><T118/><D118/><U32/><E71/><V132/><F132/><W108/><G108/><T55/><D55/><U6/><E70/><V63/><F63/><W21/><G21/><T43/><D43/><U54/><E41/><V65/><F65/><W81/><G81/><T42/><D42/><U106/><E106/><V111/><F111/><W94/><REACH who="3" step="1"/><G48/><REACH who="3" ten="175,322,214,279" step="2"/><T23/><D23/><U96/><E82/><V89/><F27/><W88/><G88/><AGARI ba="0,1" hai="8,9,10,11,12,19,29,30,86,88,92" m="37271" machi="88" ten="30,3900,0" yaku="8,1,52,1,54,1" doraHai="90" who="0" fromWho="3" sc="175,49,322,0,214,0,279,-39" /><BYE who="2" /><INIT seed="4,0,0,5,1,40" ten="224,322,214,240" oya="0" hai0="64,121,89,81,4,105,126,69,114,102,45,31,135" hai1="28,49,5,38,112,131,116,84,90,100,41,52,27" hai2="43,35,101,36,6,80,115,21,125,72,70,51,122" hai3="99,57,42,87,110,82,30,67,54,107,61,130,66"/><T74/><D121/><U98/><E116/><V10/><F10/><W106/><G110/><T86/><D114/><U124/><E112/><V60/><F60/><W103/><G130/><T76/><D126/><U23/><E131/><V88/><F88/><W37/><G30/><T71/><D135/><U92/><E124/><V78/><F78/><W11/><G107/><T65/><D4/><U8/><E38/><V96/><F96/><W95/><G106/><T108/><D31/><U128/><E41/><V13/><F13/><W83/><G11/><T17/><D17/><U91/><E128/><V59/><F59/><W9/><G9/><T25/><D25/><U2/><REACH who="1" step="1"/><E84/><REACH who="1" ten="224,312,214,240" step="2"/><V18/><F18/><W94/><G42/><T56/><D86/><U120/><E120/><V19/><F19/><W15/><G37/><T22/><D74/><U129/><E129/><V111/><F111/><W68/><G87/><T134/><D108/><U127/><E127/><V117/><F117/><W132/><G132/><T85/><D85/><U7/><E7/><V93/><F93/><W75/><G94/><T104/><D134/><U55/><E55/><V48/><F48/><W0/><G95/><T3/><D104/><U53/><E53/><V58/><F58/><AGARI ba="0,1" hai="2,5,8,23,27,28,49,52,58,90,91,92,98,100" machi="58" ten="30,3900,0" yaku="1,1,7,1,54,1,53,0" doraHai="40" doraHaiUra="63" who="1" fromWho="2" sc="224,0,312,49,214,-39,240,0" /><INIT seed="5,0,0,0,0,8" ten="224,361,175,240" oya="1" hai0="97,75,92,60,9,108,30,95,54,100,22,69,3" hai1="111,113,103,85,99,82,35,0,6,132,106,27,21" hai2="62,65,16,76,133,116,118,38,88,42,119,112,31" hai3="19,45,101,91,13,127,96,107,15,66,57,10,5"/><U80/><E35/><V131/><F131/><W23/><G127/><T126/><D108/><U2/><E111/><V70/><F70/><W33/><BYE who="0" /><G33/><T53/><D53/><U73/><E132/><V90/><F90/><W32/><G32/><UN n0="%E5%B0%B1%E6%B4%BB%E7%94%9F%40%E5%B7%9D%E6%9D%91%E8%BB%8D%E5%9B%A3" /><T48/><D75/><U86/><E113/><V121/><F121/><W67/><G57/><T14/><D126/><U41/><E73/><V123/><F123/><W74/><G74/><T68/><D3/><U34/><E34/><V46/><F46/><W24/><G91/><T51/><D51/><U25/><E41/><V71/><F71/><W61/><G61/><T115/><D115/><U4/><E21/><V29/><F29/><W110/><G110/><T104/><D22/><U128/><E128/><V129/><F129/><W12/><REACH who="3" step="1"/><G45/><REACH who="3" ten="224,361,175,230" step="2"/><T63/><D68/><U37/><E103/><V39/><F39/><W125/><G125/><T130/><D63/><U64/><E37/><V98/><F98/><W122/><G122/><T26/><D60/><U124/><E99/><V77/><F77/><W50/><G50/><T134/><D69/><U94/><E124/><V83/><F83/><W93/><G93/><T135/><D130/><U109/><E109/><V52/><F52/><W7/><G7/><N who="0" m="3391" /><D134/><U56/><E94/><V40/><F40/><W20/><G20/><N who="0" m="15687" /><D135/><U55/><E56/><V120/><F120/><W17/><G17/><T105/><D105/><U89/><E106/><V59/><F59/><W78/><G78/><T58/><D104/><U79/><E79/><V11/><F11/><W81/><G81/><T117/><D92/><RYUUKYOKU ba="0,1" sc="224,15,361,-15,175,-15,230,15" hai0="48,54,58,95,97,100,117" hai3="5,10,12,13,15,19,23,24,66,67,96,101,107" /><INIT seed="6,1,1,3,3,94" ten="239,346,160,245" oya="2" hai0="32,40,0,61,31,135,47,66,14,55,48,67,105" hai1="82,50,127,33,78,30,101,79,107,28,114,77,45" hai2="74,59,92,96,72,122,97,4,81,3,29,124,70" hai3="23,130,128,83,53,123,5,8,86,95,132,73,113"/><V64/><F64/><N who="0" m="24618" /><D0/><U100/><E114/><V76/><F76/><W44/><G123/><T19/><D105/><U131/><E127/><V60/><F60/><W17/><G132/><T2/><D2/><U69/><E69/><V109/><F109/><W49/><G113/><T75/><D75/><U18/><E131/><V103/><F103/><N who="1" m="39497" /><E107/><V71/><F71/><W133/><G133/><T6/><D135/><U57/><E33/><V117/><F117/><W43/><G73/><T118/><D118/><U13/><E57/><V34/><F34/><W126/><G126/><T63/><D32/><U110/><E82/><V20/><F20/><W112/><G112/><T46/><D31/><U58/><E58/><V91/><F91/><W98/><G53/><T93/><D6/><U87/><E87/><V11/><F11/><W62/><G62/><N who="0" m="23563" /><D93/><U125/><E125/><V106/><F106/><W16/><G23/><N who="0" m="11767" /><D40/><N who="1" m="24871" /><E110/><V115/><F115/><W12/><G86/><T120/><D120/><U51/><E51/><V52/><F52/><W26/><G83/><T68/><D68/><U129/><E129/><N who="3" m="49770" /><G26/><T121/><D121/><U102/><E102/><AGARI ba="1,1" hai="5,8,12,16,17,43,44,49,95,98,102" m="49770" machi="102" ten="30,3900,0" yaku="19,1,52,1,54,1" doraHai="94" who="3" fromWho="1" sc="239,0,346,-42,160,0,245,52" /><INIT seed="7,0,0,0,1,7" ten="239,304,160,297" oya="3" hai0="130,67,88,70,126,30,61,117,63,115,106,97,4" hai1="74,112,107,101,43,16,69,53,79,123,104,109,45" hai2="8,25,11,18,125,52,98,102,39,128,19,120,42" hai3="29,55,131,92,59,121,84,73,65,24,90,122,51"/><W64/><G73/><T124/><D117/><U27/><E109/><V103/><F103/><W82/><G131/><T132/><D130/><U94/><E123/><V40/><F40/><W15/><G15/><T20/><D4/><U96/><E69/><V71/><F71/><W22/><REACH who="3" step="1"/><G82/><REACH who="3" ten="239,304,160,287" step="2"/><T38/><D124/><U133/><E74/><V41/><F41/><W46/><G46/><T72/><D126/><U86/><E43/><V75/><F75/><W3/><G3/><T21/><D72/><U0/><E45/><V89/><F89/><W23/><G23/><T35/><D21/><U83/><E0/><V12/><F12/><W49/><G49/><T58/><D20/><U78/><E83/><V114/><F114/><W118/><G118/><T10/><D88/><U68/><E112/><V100/><F100/><W33/><G33/><T105/><D35/><U34/><E101/><V116/><F116/><W110/><G110/><T5/><D38/><U81/><E34/><V134/><F134/><W37/><G37/><T127/><D132/><U60/><E133/><V135/><F135/><W31/><G31/><T54/><D30/><U9/><E81/><V91/><F91/><W14/><G14/><T13/><D127/><U62/><E27/><V111/><F111/><W77/><G77/><T2/><D115/><U44/><E79/><V36/><F36/><W56/><G56/><T76/><D76/><U6/><E78/><V17/><F17/><W66/><AGARI ba="0,1" hai="22,24,29,51,55,59,64,65,66,84,90,92,121,122" machi="66" ten="30,6000,0" yaku="1,1,0,1,53,1" doraHai="7" doraHaiUra="87" who="3" fromWho="3" sc="239,-20,304,-20,160,-20,287,70" owari="219,-18.0,284,8.0,140,-36.0,357,46.0" /></mjloggm>