<mjloggm ver="2.3"><GO type="97" lobby="0"/><UN n0="%4D%4F%4C%44%41%59" n1="%79%75%69%79%75%69%30%30" n2="%E5%B0%B1%E6%B4%BB%E7%94%9F%40%E5%B7%9D%E6%9D%91%E8%BB%8D%E5%9B%A3" n3="%E8%8C%82%E5%8E%9F%E6%9C%80%E5%BC%B7" dan="13,15,15,13" rate="1891.37,1967.25,2007.45,1886.89" sx="M,M,M,M"/><TAIKYOKU oya="0"/><INIT seed="0,0,0,4,3,78" ten="250,250,250,250" oya="0" hai0="82,53,93,10,50,2,76,95,43,114,39,91,67" hai1="71,38,129,134,23,8,109,48,57,24,40,62,70" hai2="135,15,128,64,96,81,9,111,127,18,73,17,84" hai3="87,118,104,115,75,80,107,47,133,59,122,52,103"/><T110/><D114/><U88/><E109/><V29/><F111/><W49/><G118/><T131/><D110/><U14/><E129/><V37/><F37/><W124/><G115/><T116/><D116/><U30/><E134/><V77/><F127/><W90/><G133/><T46/><D131/><U97/><E38/><V126/><F126/><W85/><G124/><T55/><D67/><U22/><E22/><V125/><F128/><W130/><G130/><T13/><D2/><U99/><E70/><V132/><F29/><W69/><G69/><T102/><D102/><U19/><E71/><V20/><F64/><W117/><G117/><T21/><D21/><U113/><E113/><V36/><F36/><W58/><G75/><T65/><D65/><U98/><E40/><V68/><F68/><W12/><G122/><T89/><D95/><N who="1" m="56551" /><E48/><V119/><F119/><W1/><G1/><T16/><D39/><U108/><E108/><V31/><F31/><W105/><G103/><T54/><REACH who="0" step="1"/><D93/><REACH who="0" ten="240,250,250,250" step="2"/><U7/><E30/><V100/><F125/><W51/><G51/><T63/><D63/><U44/><E62/><V32/><F32/><W83/><REACH who="3" step="1"/><G12/><REACH who="3" ten="240,250,250,240" step="2"/><T86/><AGARI ba="0,2" hai="10,13,16,43,46,50,53,54,55,76,82,86,89,91" machi="86" ten="30,12000,1" yaku="1,1,0,1,8,1,52,1,54,1,53,0" doraHai="78" doraHaiUra="94" who="0" fromWho="0" sc="240,140,250,-40,250,-40,240,-40" /><INIT seed="0,1,0,1,5,116" ten="380,210,210,200" oya="0" hai0="100,47,120,19,45,12,133,16,52,118,55,71,51" hai1="113,29,115,60,91,124,36,21,68,6,98,101,87" hai2="2,22,109,39,90,26,114,103,105,70,40,3,122" hai3="129,135,131,42,57,10,59,96,130,123,48,34,125"/><T66/><D118/><U86/><E36/><V25/><F114/><N who="1" m="43529" /><E6/><V7/><F70/><W79/><G34/><T73/><D120/><U31/><E21/><V9/><F109/><W64/><G79/><T43/><D73/><U28/><E124/><V128/><F128/><W85/><G85/><T95/><D133/><U83/><E87/><V4/><F105/><W54/><G96/><N who="0" m="59423" /><D71/><U53/><E53/><V102/><F90/><W63/><G10/><N who="0" m="6167" /><D66/><N who="1" m="41031" /><E31/><V104/><F122/><W46/><G123/><T65/><D65/><U80/><E80/><V82/><F82/><W61/><REACH who="3" step="1"/><G125/><REACH who="3" ten="380,210,210,190" step="2"/><T35/><D35/><U62/><E98/><V30/><F104/><W84/><G84/><T17/><D43/><U23/><E101/><V76/><F76/><W99/><G99/><T49/><AGARI ba="1,1" hai="17,19,45,47,49,51,52,55" m="6167,59423" machi="49" ten="30,6000,0" yaku="8,1,54,2" doraHai="116" who="0" fromWho="0" sc="380,73,210,-21,210,-21,190,-21" /><INIT seed="0,2,0,0,4,63" ten="453,189,189,169" oya="0" hai0="31,55,41,84,47,111,124,88,76,79,56,117,64" hai1="113,119,13,82,53,99,24,94,2,38,108,16,59" hai2="101,93,60,7,100,29,21,135,49,112,66,26,6" hai3="27,40,45,22,105,107,125,25,10,126,39,67,15"/><T73/><D117/><U86/><E119/><V57/><F112/><W23/><G107/><T71/><D124/><N who="3" m="47721" /><G105/><T133/><D133/><U81/><E2/><V103/><F135/><W18/><G67/><T87/><D111/><U4/><E108/><V130/><F130/><W28/><G27/><T114/><D114/><U128/><E38/><V9/><F49/><W72/><G72/><T30/><D73/><U123/><E123/><V83/><F83/><W80/><G80/><N who="0" m="47135" /><D71/><U122/><E122/><V36/><F36/><W110/><G110/><T1/><D1/><U70/><E70/><V85/><F85/><W50/><G39/><T69/><D69/><U62/><E113/><V48/><F48/><W51/><G51/><N who="0" m="27119" /><D76/><U68/><E68/><V78/><F78/><W65/><G65/><T5/><D5/><N who="2" m="1546" /><F9/><AGARI ba="2,0" hai="9,10,15,18,22,23,25,28,40,45,50" m="47721" machi="9" ten="30,1000,0" yaku="18,1" doraHai="63" who="3" fromWho="2" sc="453,0,189,0,189,-16,169,16" /><INIT seed="1,0,0,2,5,126" ten="453,189,173,185" oya="1" hai0="104,57,77,41,54,68,79,44,72,65,109,91,97" hai1="25,63,17,38,131,100,118,69,36,103,18,15,31" hai2="1,88,40,96,4,105,47,67,52,120,92,116,71" hai3="124,122,86,114,20,2,49,48,111,37,13,10,121"/><U62/><E118/><V134/><F116/><W99/><G114/><T5/><D109/><U8/><E31/><V119/><F120/><W27/><G124/><T107/><D5/><U130/><E15/><V35/><F119/><W74/><G74/><T50/><D72/><U21/><E8/><V129/><F134/><W117/><G117/><T93/><D104/><U108/><E21/><V51/><F129/><W39/><G2/><T125/><D107/><U53/><E53/><V133/><F133/><W16/><G111/><T60/><D125/><U14/><E14/><V87/><F35/><W64/><G64/><T3/><D3/><U11/><E11/><V89/><F1/><W30/><G99/><T128/><D128/><U94/><E69/><V106/><F4/><W75/><G75/><T24/><D24/><U22/><E22/><V135/><F135/><W45/><G86/><T9/><D9/><U127/><E127/><V56/><F71/><W7/><G7/><T98/><D98/><U90/><E94/><V115/><F67/><W76/><G76/><T28/><D28/><U82/><E82/><V46/><F46/><W132/><G132/><T0/><D0/><U83/><E83/><V26/><F26/><W43/><REACH who="3" step="1"/><G49/><AGARI ba="0,0" hai="41,44,49,50,54,57,60,65,68,77,79,91,93,97" machi="49" ten="30,1000,0" yaku="7,1" doraHai="126" who="0" fromWho="3" sc="453,10,189,0,173,0,185,-10" /><INIT seed="2,0,0,4,2,7" ten="463,189,173,175" oya="2" hai0="110,58,28,31,37,85,59,109,20,82,35,66,113" hai1="105,97,38,51,92,104,10,95,115,126,62,30,8" hai2="40,84,101,94,19,107,9,72,48,121,12,32,103" hai3="52,74,25,77,130,117,15,128,0,27,99,112,34"/><V11/><F121/><W88/><G117/><T133/><D113/><U36/><E51/><V73/><F107/><W122/><G122/><T69/><D35/><U45/><E30/><N who="0" m="11305" /><D133/><U129/><E126/><V102/><F32/><W135/><G135/><T26/><D37/><U81/><E129/><N who="3" m="49770" /><G0/><T6/><D6/><U55/><E97/><V71/><F71/><W21/><G34/><T18/><D69/><U127/><E127/><V3/><F3/><W39/><G39/><T111/><D66/><U57/><E45/><N who="2" m="25639" /><F72/><W63/><G112/><T124/><D124/><U56/><E115/><V123/><F123/><W4/><G77/><AGARI ba="0,0" hai="18,20,26,58,59,77,82,85,109,110,111" m="11305" machi="77" ten="30,1000,0" yaku="14,1" doraHai="7" who="0" fromWho="3" sc="463,10,189,0,173,0,175,-10" /><INIT seed="3,0,0,3,4,58" ten="473,189,173,165" oya="3" hai0="52,27,111,70,4,0,60,65,43,45,7,117,34" hai1="113,3,80,127,124,1,106,25,17,68,33,22,88" hai2="114,94,121,20,63,56,42,67,116,126,29,131,103" hai3="14,28,104,98,135,83,47,9,46,132,86,41,50"/><W23/><G46/><T105/><D117/><U118/><E106/><V48/><F116/><W73/><G73/><T107/><D111/><U110/><E110/><V51/><F121/><W38/><G38/><T6/><D0/><U87/><E113/><V62/><F114/><W122/><G122/><T35/><D52/><U96/><E118/><V123/><F123/><W92/><G104/><T100/><D100/><U72/><E72/><V26/><F126/><N who="1" m="48169" /><E68/><V78/><F131/><W59/><G59/><T101/><D101/><U55/><E55/><V75/><F42/><W85/><G23/><T84/><D84/><U24/><E96/><N who="2" m="59799" /><F63/><W134/><G28/><AGARI ba="0,0" hai="1,3,17,22,24,25,28,33,80,87,88" m="48169" machi="28" ten="30,2000,0" yaku="18,1,54,1" doraHai="58" who="1" fromWho="3" sc="473,0,189,20,173,0,165,-20" owari="473,57.0,209,1.0,173,-23.0,145,-35.0" /></mjloggm>