<mjloggm ver="2.3"><GO type="169" lobby="0"/><UN n0="%E4%B8%89%E8%89%B2%E5%90%8C%E5%88%BB%E2%98%86" n1="%E5%90%89%E8%A1%8C%E5%BF%97%E9%A6%99%E5%AD%90" n2="%E3%82%A6%E3%83%AB%E3%83%88%E3%83%A9%E7%AB%8B%E7%9B%B4" n3="%E3%81%BD%E3%81%BA%E3%82%93%E3%81%B4%E3%82%93" dan="17,16,17,16" rate="2134.55,2027.79,2203.01,2087.00" sx="M,M,M,M"/><TAIKYOKU oya="0"/><INIT seed="0,0,0,4,1,35" ten="250,250,250,250" oya="0" hai0="61,98,134,49,17,9,102,19,70,95,126,92,129" hai1="71,43,118,115,88,34,63,25,29,55,121,26,89" hai2="52,80,114,74,135,86,125,11,67,1,101,24,59" hai3="7,39,21,4,66,12,41,93,2,73,122,48,84"/><T14/><D129/><U91/><E121/><V108/><F114/><W130/><G73/><T128/><D128/><U65/><E118/><V105/><F125/><W119/><G39/><T16/><D126/><U83/><E115/><V54/><F74/><W109/><G119/><T68/><D134/><U62/><E43/><V40/><F108/><W22/><G66/><T3/><D61/><U33/><E83/><V72/><F72/><W77/><G109/><T127/><D127/><U27/><REACH who="1" step="1"/><E29/><REACH who="1" ten="250,240,250,250" step="2"/><V0/><F40/><W113/><G113/><T60/><D68/><U110/><E110/><V10/><F80/><W36/><G122/><T106/><D49/><U76/><E76/><V58/><F135/><W20/><G36/><T112/><D112/><U8/><E8/><V45/><F10/><W64/><G130/><T47/><D70/><U69/><E69/><V85/><F11/><W38/><G38/><T116/><D116/><U117/><E117/><V32/><F67/><W99/><G64/><T87/><D60/><U6/><E6/><V90/><F54/><W94/><G7/><T44/><D9/><U97/><E97/><V111/><F52/><W75/><G48/><T23/><D17/><U103/><E103/><V82/><F101/><W104/><G41/><T30/><D19/><U124/><E124/><V50/><F50/><W51/><G4/><T78/><D30/><U18/><E18/><V42/><F42/><W107/><G51/><T131/><D131/><U28/><E28/><V133/><F111/><W13/><G99/><N who="0" m="59775" /><D16/><U53/><E53/><V56/><F133/><RYUUKYOKU ba="0,1" sc="250,-10,240,30,250,-10,250,-10" hai1="25,26,27,33,34,55,62,63,65,71,88,89,91" /><INIT seed="1,1,1,1,5,10" ten="240,270,240,240" oya="1" hai0="49,121,63,43,108,29,18,94,125,64,15,57,52" hai1="60,65,13,77,4,59,66,78,21,95,16,32,80" hai2="126,53,118,131,133,38,101,102,36,120,104,97,30" hai3="24,89,122,17,33,134,55,117,51,73,130,110,45"/><U56/><E32/><V40/><F120/><W74/><G122/><T31/><D121/><U70/><E95/><V124/><F118/><W75/><G110/><T111/><D125/><N who="2" m="48234" /><F40/><W1/><G1/><T62/><D43/><U92/><E92/><V123/><F123/><W69/><G69/><T58/><D49/><U39/><E39/><V86/><F102/><W119/><G134/><T113/><D113/><U76/><E4/><V115/><F115/><W84/><G130/><T106/><D106/><U2/><E2/><V71/><F71/><W0/><G0/><T12/><D94/><U79/><REACH who="1" step="1"/><E65/><REACH who="1" ten="240,260,240,240" step="2"/><V42/><F38/><W135/><G33/><T7/><D111/><U41/><E41/><V83/><F42/><W3/><G3/><T50/><D108/><U6/><E6/><V44/><F36/><W98/><G135/><T22/><D50/><U81/><E81/><V26/><F133/><W28/><G98/><T35/><D35/><U20/><E20/><V107/><F107/><W37/><G37/><T116/><D116/><U19/><E19/><V105/><F105/><W127/><G17/><N who="0" m="10559" /><D7/><U129/><E129/><V103/><F131/><W132/><G132/><T46/><D46/><U9/><E9/><AGARI ba="1,2" hai="9,12,18,29,31,52,57,58,62,63,64" m="10559" machi="9" ten="30,7700,0" yaku="8,1,52,2,54,1" doraHai="10" who="0" fromWho="1" sc="240,100,260,-80,240,0,240,0" /><INIT seed="2,0,0,5,4,43" ten="340,180,240,240" oya="2" hai0="90,74,69,23,76,28,58,55,17,131,27,129,59" hai1="87,33,41,107,57,45,15,100,93,5,2,134,119" hai2="67,24,63,6,89,102,96,103,12,60,52,124,9" hai3="135,31,128,105,94,133,79,114,47,8,50,68,56"/><V46/><F124/><W99/><G105/><T130/><D69/><U132/><E119/><V109/><F109/><W80/><G68/><T82/><D90/><N who="1" m="53471" /><E33/><V101/><F24/><W11/><G31/><T66/><D66/><U88/><E2/><V44/><F67/><W10/><G56/><T110/><D110/><U29/><E107/><V70/><F70/><W14/><G128/><T73/><D73/><U21/><E100/><V61/><F52/><N who="3" m="29791" /><G114/><T51/><REACH who="0" step="1"/><D28/><REACH who="0" ten="330,180,240,240" step="2"/><U4/><E29/><V65/><F65/><W84/><G135/><T115/><D115/><U38/><E132/><V54/><F54/><W118/><G133/><T26/><D26/><U77/><E134/><V39/><F39/><W85/><G118/><T34/><D34/><U91/><E77/><V92/><AGARI ba="0,1" hai="6,9,12,44,46,60,61,63,89,92,96,101,102,103" machi="92" ten="40,12000,1" yaku="0,1,8,1,52,2" doraHai="43" who="2" fromWho="2" sc="330,-40,180,-40,240,130,240,-40" /><INIT seed="2,1,0,0,5,76" ten="290,140,370,200" oya="2" hai0="125,129,20,28,33,72,91,122,86,118,102,1,48" hai1="45,66,98,74,15,110,62,13,30,130,53,120,77" hai2="43,32,116,107,56,97,17,134,101,65,115,99,51" hai3="25,113,112,90,36,114,111,54,69,57,21,31,108"/><V70/><F116/><W55/><G69/><T2/><D72/><U68/><E110/><N who="3" m="42026" /><G36/><T127/><D122/><U50/><E130/><V29/><F115/><W11/><G57/><T128/><D33/><U84/><E120/><V52/><F134/><W3/><G90/><T18/><D102/><U64/><E74/><V73/><F73/><W24/><G24/><N who="0" m="14359" /><D28/><U63/><E98/><V37/><F97/><W82/><G82/><N who="0" m="49623" /><D48/><U124/><E124/><N who="0" m="47689" /><D118/><U93/><E30/><V88/><F88/><W109/><N who="3" m="42034" /><W117/><DORA hai="71" /><G117/><T135/><D135/><U78/><E78/><V100/><F100/><W4/><AGARI ba="1,0" hai="3,4,11,21,25,31,54,55,112,113,114" m="42034" machi="4" ten="50,3200,0" yaku="11,1,14,1" doraHai="76,71" who="3" fromWho="3" sc="290,-9,140,-9,370,-17,200,35" /><INIT seed="3,0,0,3,1,77" ten="281,131,353,235" oya="3" hai0="131,6,27,43,51,60,47,96,58,115,133,126,57" hai1="69,10,25,55,15,70,121,16,124,78,39,128,130" hai2="101,135,113,35,63,86,1,83,108,64,122,42,97" hai3="68,73,38,114,74,95,61,99,34,102,62,67,49"/><W84/><G38/><T76/><D131/><U20/><E39/><V0/><F113/><W104/><G114/><T90/><D115/><U93/><E121/><V94/><F35/><W21/><G34/><T36/><D133/><U132/><E132/><V98/><F135/><W4/><G4/><T92/><D126/><U72/><E124/><V75/><F75/><W14/><G62/><T110/><D110/><U85/><E72/><V91/><F108/><W24/><G14/><T2/><D36/><U45/><E93/><V117/><F117/><W79/><G49/><T59/><D76/><U11/><E70/><V103/><F42/><W13/><G13/><T112/><D112/><U19/><E69/><V123/><F123/><W56/><G68/><T12/><D2/><U3/><E3/><V129/><F129/><N who="1" m="49769" /><E10/><V82/><F122/><W29/><G104/><T52/><REACH who="0" step="1"/><D27/><REACH who="0" ten="271,131,353,235" step="2"/><U26/><E25/><V50/><F0/><W119/><REACH who="3" step="1"/><G119/><REACH who="3" ten="271,131,353,225" step="2"/><T53/><D53/><U107/><E55/><V116/><F116/><W65/><G65/><T40/><D40/><U44/><E26/><V109/><F1/><W33/><G33/><T54/><D54/><U111/><E111/><V7/><F109/><W28/><G28/><T88/><D88/><U22/><E15/><V100/><F64/><W66/><G66/><T46/><D46/><U41/><E45/><V71/><F71/><W134/><G134/><T30/><D30/><U81/><E44/><V18/><F7/><W23/><G23/><N who="1" m="8746" /><E41/><V32/><F32/><W5/><G5/><T106/><D106/><U31/><E107/><RYUUKYOKU ba="0,2" sc="271,15,131,-15,353,-15,225,15" hai0="6,12,43,47,51,52,57,58,59,60,90,92,96" hai3="21,24,29,56,61,67,73,74,79,84,95,99,102" /><INIT seed="3,1,2,0,5,78" ten="286,116,338,240" oya="3" hai0="107,116,106,25,67,2,98,31,38,54,100,17,127" hai1="114,14,34,118,71,4,30,115,85,134,37,5,81" hai2="112,40,3,16,19,90,124,72,41,42,46,23,130" hai3="84,135,9,47,77,62,123,125,35,22,65,108,111"/><W6/><G123/><T59/><D116/><U76/><E37/><V13/><F3/><W49/><G35/><T26/><D38/><U24/><E71/><V1/><F1/><W53/><G125/><T57/><D2/><U61/><E118/><V56/><F112/><W95/><G22/><N who="0" m="15831" /><D25/><U126/><E126/><V7/><F7/><W70/><G135/><T120/><D120/><U113/><E134/><V105/><F105/><W18/><G18/><T102/><D102/><U128/><E128/><V29/><F72/><W88/><REACH who="3" step="1"/><G77/><REACH who="3" ten="286,116,338,230" step="2"/><T82/><D17/><U66/><REACH who="1" step="1"/><E14/><AGARI ba="1,3" hai="6,9,14,47,49,53,62,65,70,84,88,95,108,111" machi="14" ten="40,12000,1" yaku="1,1,2,1,54,1,53,1" doraHai="78" doraHaiUra="83" who="3" fromWho="1" sc="286,0,116,-123,338,0,230,153" owari="286,-11.0,-7,-51.0,338,14.0,383,48.0" /></mjloggm>