<mjloggm ver="2.3"><GO type="169" lobby="0"/><UN n0="%52%4F%4C%4C%59" n1="%77%61%77%61%33%30%33%30" n2="%E7%9C%9F%E7%A9%BA%E3%83%95%E3%82%A7%E3%82%B9%E3%82%BF" n3="%E3%82%A6%E3%83%AB%E3%83%88%E3%83%A9%E7%AB%8B%E7%9B%B4" dan="16,16,16,18" rate="2070.98,2083.02,2060.76,2216.80" sx="M,M,M,M"/><TAIKYOKU oya="0"/><INIT seed="0,0,0,5,0,64" ten="250,250,250,250" oya="0" hai0="53,24,30,50,39,94,111,20,60,74,54,73,98" hai1="70,114,16,127,135,55,90,110,92,116,9,36,128" hai2="1,134,52,37,66,123,102,88,97,122,71,84,120" hai3="76,100,44,106,85,103,126,83,65,15,93,22,118"/><T59/><D39/><U49/><E36/><V56/><F1/><W125/><G118/><T62/><D111/><U119/><E110/><V25/><F37/><W26/><G65/><T48/><D62/><U45/><E135/><V46/><F46/><W21/><G106/><T109/><D109/><U91/><E91/><V63/><F134/><W96/><G44/><T115/><D115/><U33/><E33/><V68/><F25/><W42/><G42/><T131/><D131/><U121/><E121/><V11/><F11/><W78/><G78/><T8/><D8/><U32/><E32/><V130/><F66/><W104/><G15/><T117/><D117/><U5/><E5/><V51/><F51/><W82/><G82/><T23/><D23/><U75/><E75/><V79/><F79/><W38/><G38/><T2/><D2/><U3/><E3/><V14/><F14/><W86/><G22/><T89/><D60/><U57/><E45/><AGARI ba="0,0" hai="20,24,30,45,48,50,53,54,59,73,74,89,94,98" machi="45" ten="30,1500,0" yaku="7,1" doraHai="64" who="0" fromWho="1" sc="250,15,250,-15,250,0,250,0" /><INIT seed="0,1,0,5,2,80" ten="265,235,250,250" oya="0" hai0="34,75,26,57,98,94,9,89,33,5,16,65,120" hai1="118,111,129,47,97,68,15,48,54,99,128,64,106" hai2="113,38,55,124,23,7,14,17,10,6,35,81,74" hai3="41,45,131,122,107,43,90,85,109,73,82,87,0"/><T115/><D115/><U22/><E118/><V25/><F113/><W114/><G114/><T88/><D75/><U134/><E111/><V83/><F38/><W11/><G109/><T96/><D120/><U135/><E106/><V104/><F104/><W29/><G131/><N who="1" m="50250" /><E64/><V110/><F110/><W67/><G122/><T36/><D36/><U132/><E68/><V46/><F124/><W52/><G107/><T2/><D65/><U19/><AGARI ba="1,0" hai="15,19,22,47,48,54,97,99,132,134,135" m="50250" machi="19" ten="40,2700,0" yaku="20,1,19,1" doraHai="80" who="1" fromWho="1" sc="265,-14,235,30,250,-8,250,-8" /><INIT seed="1,0,0,1,2,93" ten="251,265,242,242" oya="1" hai0="39,100,29,83,7,78,128,98,118,57,112,110,62" hai1="44,28,21,53,104,3,94,130,27,75,61,0,48" hai2="9,106,69,24,101,91,114,116,42,81,8,135,40" hai3="63,33,126,54,99,36,52,92,16,122,87,68,22"/><U56/><E104/><V65/><F116/><W113/><G113/><T38/><D118/><U129/><E75/><V32/><F114/><W79/><G122/><T46/><D112/><U47/><E47/><V74/><F91/><W72/><G72/><T4/><D110/><U103/><E129/><V125/><F135/><W45/><G33/><T11/><D29/><U13/><E13/><V51/><BYE who="1" /><F125/><W73/><G73/><T12/><D7/><U97/><E97/><N who="2" m="61743" /><F81/><N who="3" m="47551" /><G68/><T23/><D23/><U90/><E90/><V82/><F82/><W43/><G36/><T64/><D46/><U120/><E120/><V108/><F74/><W115/><G115/><T66/><D66/><U111/><E111/><V109/><F109/><W14/><G63/><T85/><D128/><UN n1="%77%61%77%61%33%30%33%30" /><U67/><REACH who="1" step="1"/><E130/><REACH who="1" ten="251,255,242,242" step="2"/><V18/><F108/><W25/><G14/><T124/><D124/><U35/><E35/><V127/><F127/><W2/><G126/><T60/><D62/><U107/><E107/><AGARI ba="0,1" hai="4,11,12,38,39,57,60,64,78,83,85,98,100,107" machi="107" ten="30,2000,0" yaku="7,1,52,1" doraHai="93" who="0" fromWho="1" sc="251,30,255,-20,242,0,242,0" /><INIT seed="2,0,0,1,0,30" ten="281,235,242,242" oya="2" hai0="64,112,101,35,85,32,100,71,72,33,12,80,62" hai1="55,22,111,78,105,128,50,115,69,114,49,65,97" hai2="108,56,67,119,73,9,17,88,25,11,58,107,134" hai3="117,27,102,52,63,113,43,26,86,0,130,82,109"/><V40/><F119/><W44/><G0/><T70/><D112/><U103/><E111/><V125/><F125/><W57/><G117/><T98/><D72/><U127/><E127/><V95/><F107/><W129/><G109/><T14/><D71/><U79/><E128/><V89/><F73/><W29/><G102/><T4/><D4/><U61/><E49/><V47/><F108/><W13/><G13/><T66/><D66/><U76/><REACH who="1" step="1"/><E22/><REACH who="1" ten="281,225,242,242" step="2"/><N who="2" m="13519" /><F134/><W93/><G129/><T84/><D98/><U48/><E48/><N who="2" m="26727" /><F89/><W23/><G130/><T21/><D100/><U135/><E135/><V51/><F51/><W15/><G113/><T91/><D101/><U110/><E110/><V118/><F118/><W96/><G44/><AGARI ba="0,1" hai="44,50,55,61,65,69,76,78,79,97,103,105,114,115" machi="44" ten="40,1300,0" yaku="1,1,53,0" doraHai="30" doraHaiUra="34" who="1" fromWho="3" sc="281,0,225,23,242,0,242,-13" /><INIT seed="3,0,0,2,4,51" ten="281,248,242,229" oya="3" hai0="127,125,117,8,59,14,42,36,91,21,10,1,87" hai1="4,81,0,28,118,27,70,120,12,131,38,97,78" hai2="32,60,39,54,2,102,50,94,53,44,89,40,95" hai3="111,64,90,29,22,106,85,133,80,34,93,114,18"/><W56/><G106/><T99/><D117/><U47/><E120/><V20/><F32/><W65/><G114/><T84/><D59/><U37/><E118/><V67/><F2/><W35/><G133/><T74/><D74/><U107/><E12/><V104/><F104/><W15/><G111/><T46/><D1/><U108/><E108/><V45/><F102/><W92/><G35/><T100/><D21/><U116/><E116/><V16/><F89/><W63/><G34/><T31/><D31/><U105/><E131/><V41/><F94/><W58/><REACH who="3" step="1"/><G29/><REACH who="3" ten="281,248,242,219" step="2"/><T112/><D112/><U110/><E28/><V68/><REACH who="2" step="1"/><F95/><REACH who="2" ten="281,248,232,219" step="2"/><W122/><G122/><T73/><D125/><U6/><E107/><V23/><F23/><W57/><G57/><T13/><D127/><U71/><E105/><V19/><F19/><W134/><G134/><T52/><D10/><U55/><E110/><V135/><F135/><W126/><G126/><T25/><D8/><U121/><E121/><V130/><F130/><W83/><G83/><T3/><D46/><U82/><E81/><V24/><AGARI ba="0,2" hai="16,20,24,39,40,41,44,45,50,53,54,60,67,68" machi="24" ten="20,12000,2" yaku="1,1,0,1,7,1,52,2,54,1,53,0" doraHai="51" doraHaiUra="98" who="2" fromWho="2" sc="281,-30,248,-30,232,140,219,-60" /><INIT seed="4,0,0,2,0,135" ten="251,218,372,159" oya="0" hai0="76,55,99,31,115,33,0,79,120,61,92,105,25" hai1="4,109,41,18,113,85,112,42,129,89,118,37,19" hai2="26,34,66,21,72,59,56,95,7,12,43,108,122" hai3="20,45,40,73,133,15,101,97,91,90,103,106,54"/><T78/><D115/><N who="1" m="44107" /><E118/><V6/><F108/><W126/><G54/><T128/><D120/><U131/><E109/><V70/><F122/><W2/><G2/><T32/><D128/><N who="1" m="49227" /><E4/><V71/><F72/><W16/><G133/><T9/><D105/><U48/><E48/><V77/><F77/><W29/><G126/><T24/><D0/><U123/><E123/><V5/><F43/><N who="1" m="16393" /><E37/><V94/><F34/><W68/><G73/><T44/><D9/><U17/><E89/><V88/><F12/><W104/><G68/><T46/><D55/><U62/><E85/><V30/><F95/><W93/><G29/><T1/><D61/><AGARI ba="0,0" hai="17,18,19,61,62" m="16393,49227,44107" machi="61" ten="40,8000,1" yaku="28,2,15,1,11,1,19,1" doraHai="135" who="1" fromWho="0" sc="251,-80,218,80,372,0,159,0" /><INIT seed="5,0,0,4,0,96" ten="171,298,372,159" oya="1" hai0="70,63,64,123,4,3,65,6,128,130,23,135,117" hai1="104,52,38,97,93,30,19,132,22,109,33,10,0" hai2="127,113,39,36,28,13,94,129,20,119,98,21,87" hai3="48,125,110,1,72,18,101,60,55,120,12,124,108"/><U53/><E104/><V14/><F119/><W90/><G1/><T77/><D117/><U25/><E132/><V31/><F127/><N who="3" m="48715" /><G60/><T34/><D34/><U88/><E38/><V40/><F129/><N who="0" m="49770" /><D135/><U2/><E109/><N who="3" m="42090" /><G90/><T82/><D123/><U7/><E2/><V54/><F113/><W51/><G72/><N who="0" m="43303" /><D3/><U116/><REACH who="1" step="1"/><E116/><REACH who="1" ten="171,288,372,159" step="2"/><V78/><F36/><W89/><G120/><T99/><D64/><U17/><E17/><V69/><F39/><W76/><G18/><T16/><D99/><U115/><E115/><V61/><F98/><W56/><G12/><AGARI ba="0,1" hai="4,6,12,16,23,63,65,70" m="43303,49770" machi="12" ten="30,2000,0" yaku="19,1,54,1" doraHai="96" who="0" fromWho="3" sc="171,30,288,0,372,0,159,-20" /><AGARI ba="0,0" hai="0,7,10,12,19,22,25,30,33,52,53,88,93,97" machi="12" ten="30,18000,2" yaku="1,1,7,1,24,2,54,2,53,0" doraHai="96" doraHaiUra="66" who="1" fromWho="3" sc="201,0,288,180,372,0,139,-180" owari="201,-20.0,468,57.0,372,17.0,-41,-54.0" /></mjloggm>