<mjloggm ver="2.3"><GO type="97" lobby="0"/><UN n0="%E5%B0%B1%E6%B4%BB%E7%94%9F%40%E5%B7%9D%E6%9D%91%E8%BB%8D%E5%9B%A3" n1="%66%72%65%65%7A%65%33" n2="%75%6F%6B%6B%61%34%39%34" n3="%E9%B3%B3%E5%87%B0%E5%A4%A9%E3%82%88%E3%82%8A%E5%A0%95%E3%81%A1" dan="15,14,14,13" rate="1977.99,1982.17,1930.62,1907.38" sx="M,M,M,M"/><TAIKYOKU oya="0"/><INIT seed="0,0,0,0,1,2" ten="250,250,250,250" oya="0" hai0="134,117,29,116,61,99,130,133,125,106,118,24,5" hai1="38,18,40,11,46,108,105,48,112,17,28,119,39" hai2="58,109,69,90,9,76,16,65,128,26,89,67,8" hai3="91,44,63,47,12,82,114,6,74,121,52,83,36"/><T77/><D77/><U30/><E119/><V14/><F69/><W15/><G114/><T19/><D106/><U1/><E105/><V66/><F128/><W85/><G121/><T132/><D99/><U72/><E72/><V50/><F109/><W3/><G3/><T54/><D54/><U7/><E108/><V84/><F26/><W33/><G33/><N who="0" m="20647" /><D61/><U126/><E126/><V124/><F124/><W56/><G36/><T53/><D53/><U49/><E112/><V123/><F123/><W107/><G107/><T87/><D87/><U60/><E60/><V20/><F58/><W35/><G35/><T75/><D75/><U80/><E80/><N who="2" m="47111" /><F50/><W103/><G103/><T45/><D45/><N who="3" m="17481" /><G74/><T135/><N who="0" m="34304" /><DORA hai="127" /><T102/><D102/><U32/><E38/><V100/><F100/><W101/><G101/><T55/><D55/><U94/><E39/><V81/><F81/><N who="3" m="49583" /><G15/><T23/><D125/><U88/><E32/><V120/><F120/><W57/><G57/><T71/><D71/><U51/><E40/><V79/><F79/><W13/><G13/><N who="0" m="9711" /><D130/><U68/><E68/><V34/><F34/><W70/><G70/><T96/><D96/><U93/><E46/><V25/><F90/><W113/><G113/><T10/><D118/><U42/><E42/><V104/><F89/><W129/><G129/><T0/><AGARI ba="0,0" hai="0,5,10,116,117" m="9711,34304,20647" machi="0" ten="60,12000,1" yaku="24,1,20,1,34,2,52,1" doraHai="2,127" who="0" fromWho="0" sc="250,120,250,-40,250,-40,250,-40" /><INIT seed="0,1,0,0,4,98" ten="370,210,210,210" oya="0" hai0="119,22,107,88,116,60,66,15,79,75,129,53,67" hai1="62,93,82,101,112,51,13,50,11,95,20,39,26" hai2="10,8,130,87,108,31,58,74,64,57,85,42,14" hai3="5,40,47,9,32,28,72,49,127,4,68,27,131"/><T86/><D107/><U29/><E39/><V121/><F74/><W120/><G68/><T83/><D129/><U96/><E112/><V3/><F121/><W69/><G69/><T135/><D135/><U17/><E82/><V16/><F130/><W65/><G65/><T114/><D114/><U103/><E62/><V89/><F108/><W52/><G131/><T18/><D53/><U56/><E56/><V6/><F31/><W21/><G72/><T48/><D48/><U46/><E46/><V123/><F123/><W63/><G127/><T111/><D111/><U38/><E38/><V109/><F109/><W0/><G4/><T105/><D105/><U133/><E133/><V25/><F25/><W78/><G78/><T30/><D30/><U102/><E93/><V125/><F125/><W132/><G132/><T97/><D97/><U117/><E117/><V35/><F35/><W2/><G120/><T128/><D128/><U41/><E41/><V118/><F42/><W94/><G94/><T33/><D33/><U81/><E81/><V7/><F118/><W99/><G99/><T24/><D24/><U106/><E106/><V134/><F134/><W73/><G73/><T34/><D34/><U126/><E126/><V84/><F64/><W23/><G0/><T19/><D19/><U91/><AGARI ba="1,0" hai="11,13,17,20,26,29,50,51,91,95,96,101,102,103" machi="91" ten="30,8000,1" yaku="0,1,8,1,52,3" doraHai="98" who="1" fromWho="1" sc="370,-41,210,83,210,-21,210,-21" /><INIT seed="1,0,0,1,3,22" ten="329,293,189,189" oya="1" hai0="17,129,126,104,36,35,105,58,83,89,101,25,135" hai1="46,120,32,40,3,16,93,37,54,84,67,72,43" hai2="0,106,30,125,60,24,110,86,65,133,75,48,20" hai3="113,51,130,111,88,119,62,42,1,45,55,82,52"/><U10/><E120/><V103/><F125/><W90/><G113/><T56/><D36/><U70/><E72/><V128/><F128/><W57/><G1/><T39/><D39/><U47/><E32/><V7/><F133/><W15/><G130/><T5/><D5/><U102/><E3/><V124/><F124/><W123/><G123/><T11/><D129/><U61/><E54/><V50/><F110/><W49/><G111/><T108/><D108/><U73/><E73/><V116/><F75/><W19/><G119/><T98/><D105/><U112/><E112/><V13/><F116/><W118/><G82/><T18/><D126/><U80/><E102/><V99/><F0/><W23/><G118/><T115/><D115/><U38/><E93/><V97/><F97/><W109/><G109/><T21/><D35/><U53/><E53/><V117/><F117/><W28/><G28/><T41/><D41/><U33/><E33/><V14/><F86/><W94/><G94/><T69/><D69/><U77/><E10/><V27/><F106/><W107/><G107/><T26/><D135/><U131/><E131/><V79/><F103/><W71/><G71/><T132/><D132/><U92/><E92/><V78/><F65/><W66/><G66/><T12/><REACH who="0" step="1"/><D25/><REACH who="0" ten="319,293,189,189" step="2"/><U96/><E96/><V85/><F27/><W31/><G31/><T121/><D121/><U8/><E8/><V29/><F29/><W100/><G100/><T76/><D76/><U68/><E68/><V6/><F79/><W44/><AGARI ba="0,1" hai="15,19,23,42,44,45,49,51,52,55,57,62,88,90" machi="44" ten="20,8000,1" yaku="0,1,7,1,8,1,54,2" doraHai="22" who="3" fromWho="3" sc="319,-20,293,-40,189,-20,189,90" /><INIT seed="2,0,0,5,4,131" ten="299,253,169,279" oya="2" hai0="111,32,54,82,12,106,122,101,63,49,95,81,134" hai1="74,121,48,15,124,114,83,86,61,115,3,53,58" hai2="80,65,5,126,87,56,103,42,92,26,21,93,10" hai3="35,29,75,14,76,64,68,98,13,105,120,28,22"/><V118/><F118/><W107/><G120/><T41/><D106/><U24/><E3/><V34/><F34/><W116/><G35/><T125/><D32/><U36/><E121/><V57/><F126/><W88/><G116/><T51/><D134/><U97/><E36/><V45/><F93/><N who="3" m="56615" /><G76/><T16/><D111/><U38/><E38/><V18/><F65/><W59/><G75/><T77/><D125/><U100/><E124/><V79/><F92/><W46/><G68/><T69/><D122/><U78/><E74/><V7/><F103/><W133/><G107/><T0/><D0/><U89/><E78/><V9/><F9/><W20/><G105/><T135/><D135/><U31/><E15/><N who="3" m="5642" /><G46/><N who="0" m="25807" /><D69/><U23/><REACH who="1" step="1"/><E61/><REACH who="1" ten="299,243,169,279" step="2"/><V128/><F128/><W129/><G133/><T6/><D77/><U30/><E30/><N who="3" m="11882" /><G129/><T94/><D63/><AGARI ba="0,1" hai="20,22,59,63,64" m="11882,5642,56615" machi="63" ten="30,2000,0" yaku="8,1,54,1" doraHai="131" who="3" fromWho="0" sc="299,-20,243,0,169,0,279,30" /><INIT seed="3,0,0,2,1,12" ten="279,243,169,309" oya="3" hai0="24,38,11,117,0,90,35,50,119,5,86,100,123" hai1="28,126,26,52,20,77,31,49,70,22,29,46,109" hai2="16,81,30,87,108,105,55,79,84,118,102,2,82" hai3="76,21,114,106,93,88,107,66,7,95,10,33,45"/><W18/><G33/><T128/><D123/><U68/><E109/><V133/><F118/><W71/><G114/><T104/><D38/><U130/><E126/><V23/><F108/><W97/><G76/><T67/><D128/><U61/><E130/><V80/><F133/><W58/><G71/><T41/><D67/><U65/><E77/><V34/><F2/><W43/><G66/><T72/><D72/><U124/><E124/><V32/><F32/><W89/><G58/><T3/><D3/><U85/><E70/><V59/><F34/><W69/><G69/><T54/><D41/><U122/><E122/><V19/><F105/><W64/><G64/><T63/><D63/><U103/><E103/><V17/><F102/><W98/><G10/><T112/><D112/><U134/><E134/><V132/><F132/><W1/><G7/><T116/><D100/><U48/><E85/><V53/><F79/><W91/><G91/><T36/><D36/><U113/><E113/><V39/><F39/><W57/><G57/><T129/><D104/><U44/><REACH who="1" step="1"/><E20/><REACH who="1" ten="279,233,169,309" step="2"/><V75/><F75/><W25/><G107/><T47/><D129/><U135/><E135/><V94/><F94/><W110/><G106/><T92/><D35/><U4/><E4/><V120/><F120/><W14/><G110/><T60/><D60/><U131/><E131/><V51/><F55/><AGARI ba="0,1" hai="22,26,28,29,31,44,46,48,49,52,55,61,65,68" machi="55" ten="30,7700,0" yaku="1,1,7,1,9,1,54,1,53,0" doraHai="12" doraHaiUra="13" who="1" fromWho="2" sc="279,0,233,87,169,-77,309,0" owari="279,-12.0,320,42.0,92,-41.0,309,11.0" /></mjloggm>