<mjloggm ver="2.3"><GO type="97" lobby="0"/><UN n0="%6B%6F%72%6F%74%61%6E%6E" n1="%E6%B5%B7%E5%BA%95%E4%BD%BF%27" n2="%E6%AD%A3%E5%A4%AB" n3="%E3%83%88%E3%83%88%E3%83%AA%E5%85%88%E7%94%9F%31%39%E6%AD%B3" dan="13,14,13,14" rate="1827.31,1969.15,1856.67,2040.23" sx="M,F,M,F"/><TAIKYOKU oya="0"/><INIT seed="0,0,0,1,4,101" ten="250,250,250,250" oya="0" hai0="76,133,84,102,41,110,114,112,47,39,11,48,23" hai1="56,105,3,59,1,32,100,77,68,20,85,19,42" hai2="95,111,97,103,87,125,30,104,79,130,31,14,7" hai3="26,27,122,45,37,35,60,46,124,4,129,113,92"/><T99/><D133/><U106/><E68/><V15/><F111/><W88/><G113/><T72/><D72/><U36/><E32/><V64/><F125/><W89/><G124/><T17/><D110/><U131/><E131/><V116/><F130/><W118/><G118/><T57/><D11/><U53/><E100/><V91/><F116/><W83/><G129/><T62/><D39/><U70/><E70/><V50/><F64/><W24/><G122/><T9/><D9/><U0/><E77/><V6/><F15/><W2/><G35/><T44/><D44/><N who="3" m="17001" /><G2/><T98/><D98/><U93/><E36/><V8/><F7/><W96/><G37/><T108/><D108/><U21/><E42/><V75/><REACH who="2" step="1"/><F50/><REACH who="2" ten="250,250,240,250" step="2"/><W115/><G4/><T61/><D112/><U132/><E0/><V128/><F128/><W52/><G115/><T127/><D114/><U12/><E12/><V80/><AGARI ba="0,1" hai="6,8,14,30,31,75,79,80,87,91,95,97,103,104" machi="80" ten="30,8000,1" yaku="1,1,0,1,24,2,52,1,53,0" doraHai="101" doraHaiUra="34" who="2" fromWho="2" sc="250,-40,250,-20,240,90,250,-20" /><INIT seed="1,0,0,1,1,97" ten="210,230,330,230" oya="1" hai0="25,49,22,118,119,122,47,117,19,90,45,104,100" hai1="110,116,2,94,41,115,63,54,93,1,134,14,6" hai2="92,36,130,125,29,102,121,30,3,27,113,95,21" hai3="85,88,61,73,57,7,48,70,44,39,16,17,106"/><U68/><E116/><V10/><F121/><W31/><G73/><T26/><D122/><U28/><E115/><V99/><F36/><W111/><G39/><T135/><D135/><U127/><E134/><V42/><F42/><N who="3" m="24599" /><G106/><T50/><D90/><U67/><E127/><V74/><F74/><W9/><G70/><T38/><D38/><U112/><E112/><V13/><F113/><W65/><G31/><T46/><REACH who="0" step="1"/><D26/><REACH who="0" ten="200,230,330,230" step="2"/><U123/><E123/><V12/><F125/><W8/><G111/><T58/><D58/><U120/><E110/><V107/><F130/><W71/><G71/><T33/><D33/><U80/><E120/><V128/><F128/><W64/><G64/><T15/><D15/><U89/><E68/><V52/><F12/><N who="3" m="5183" /><G8/><T11/><D11/><U23/><E2/><V98/><F3/><W76/><G76/><T79/><D79/><U37/><E1/><V43/><F10/><W105/><G105/><T75/><D75/><U56/><E37/><V108/><F107/><W81/><AGARI ba="0,1" hai="16,17,57,61,65,81,85,88" m="5183,24599" machi="81" ten="30,4000,0" yaku="8,1,54,2" doraHai="97" who="3" fromWho="3" sc="200,-10,230,-20,330,-10,230,50" /><INIT seed="2,0,0,2,3,74" ten="190,210,320,280" oya="2" hai0="54,36,126,64,51,114,86,108,37,13,16,83,124" hai1="52,59,9,68,57,55,110,93,41,88,92,6,120" hai2="56,98,117,71,5,67,19,102,100,40,89,134,26" hai3="28,121,25,70,10,3,82,132,18,122,63,99,11"/><V106/><F117/><W0/><G99/><T119/><D119/><U69/><E110/><V22/><F71/><W4/><G82/><T78/><D64/><U112/><E112/><V21/><F134/><W62/><G70/><T129/><D114/><U133/><E133/><V12/><F100/><W97/><G132/><T7/><D7/><U53/><E120/><V107/><F40/><W113/><G113/><T47/><D108/><U87/><E41/><V50/><F107/><W29/><G97/><T104/><D104/><U65/><E93/><V20/><F5/><N who="3" m="1319" /><G62/><T91/><D91/><U85/><E85/><V15/><F89/><W8/><G63/><T94/><D94/><U1/><E59/><V46/><F22/><N who="3" m="13527" /><G11/><N who="0" m="6207" /><D36/><U33/><E33/><V79/><F79/><W39/><G39/><T34/><D34/><U27/><E27/><V77/><F77/><W118/><G118/><T95/><D95/><U76/><E76/><V30/><F56/><W44/><G44/><T66/><D66/><U14/><REACH who="1" step="1"/><E1/><REACH who="1" ten="190,200,320,280" step="2"/><V135/><F135/><W96/><G96/><T84/><D84/><U42/><E42/><V125/><F98/><W43/><G43/><T31/><D37/><U58/><E58/><V60/><F26/><W111/><G111/><T72/><D86/><U17/><E17/><V105/><F19/><W61/><G122/><T116/><D116/><U128/><E128/><V73/><F105/><W115/><G121/><T131/><D31/><N who="3" m="11849" /><G115/><T109/><D109/><U80/><E80/><V90/><F106/><W23/><G23/><T101/><D101/><U45/><E45/><RYUUKYOKU ba="0,1" sc="190,10,200,10,320,-30,280,10" hai0="47,51,54,72,78,83,124,126,129,131" hai1="6,9,14,52,53,55,57,65,68,69,87,88,92" hai3="3,4,8,61" /><INIT seed="3,1,1,3,0,95" ten="200,210,290,290" oya="3" hai0="34,111,75,47,36,19,24,62,108,3,71,4,110" hai1="25,93,127,50,99,27,13,130,104,6,37,78,90" hai2="57,131,91,64,51,67,59,120,55,132,26,12,125" hai3="112,80,14,74,15,86,70,58,31,133,83,60,65"/><W121/><G112/><T124/><D75/><U5/><E130/><V92/><F131/><W2/><G121/><T61/><D124/><U46/><E127/><V97/><F125/><W73/><G2/><T0/><D71/><U66/><E104/><V48/><F132/><W35/><G133/><T113/><D113/><U100/><E37/><V115/><F115/><W44/><G74/><T16/><D4/><N who="1" m="1643" /><E78/><V52/><F120/><W114/><G114/><T103/><D103/><U7/><E66/><N who="2" m="25131" /><F12/><N who="3" m="4651" /><G73/><T43/><D34/><U38/><E38/><V102/><F26/><N who="1" m="9737" /><E13/><V122/><F122/><W109/><G35/><T101/><D101/><AGARI ba="1,1" hai="48,51,52,55,57,59,91,92,97,101,102" m="25131" machi="101" ten="30,3900,0" yaku="8,1,52,1,54,1" doraHai="95" who="2" fromWho="0" sc="200,-42,210,0,290,52,290,0" owari="158,-34.0,210,-19.0,342,44.0,290,9.0" /></mjloggm>