<mjloggm ver="2.3"><GO type="41" lobby="0"/><UN n0="%70%6F%6E%6E%67%65" n1="%E6%B5%B7%E5%BA%95%E3%81%AE%E3%81%BF" n2="%E7%A5%9E%E9%A2%A8%E7%89%B9%E5%88%A5%E6%94%BB%E9%98%B2%E9%9A%8A" n3="%E3%83%88%E3%83%88%E3%83%AA%E5%85%88%E7%94%9F%31%39%E6%AD%B3" dan="15,13,13,17" rate="1999.23,1892.74,1875.32,2230.87" sx="M,M,M,F"/><TAIKYOKU oya="0"/><INIT seed="0,0,0,0,4,104" ten="250,250,250,250" oya="0" hai0="35,135,95,70,43,123,54,14,44,62,27,88,48" hai1="31,55,100,115,4,134,116,10,83,20,68,85,45" hai2="107,25,101,90,59,11,26,58,23,94,38,41,114" hai3="2,24,128,87,77,16,81,122,80,65,69,72,84"/><T103/><D123/><U1/><E68/><V36/><F114/><W33/><G2/><T52/><D135/><U15/><E116/><V61/><F107/><W13/><G122/><T99/><D35/><U127/><E127/><V79/><F101/><W29/><G128/><T17/><D27/><U129/><E129/><V121/><F11/><W57/><G69/><T130/><D130/><U112/><E100/><V30/><F121/><W63/><REACH who="3" step="1"/><G80/><REACH who="3" ten="250,250,250,240" step="2"/><T9/><D70/><U6/><E115/><V93/><F38/><W106/><G106/><T120/><D120/><U111/><E112/><V39/><F36/><W40/><G40/><T32/><D32/><U89/><E134/><V53/><F41/><W75/><G75/><T119/><D119/><U56/><E1/><V66/><F39/><W0/><G0/><T74/><D74/><U78/><E111/><V86/><F79/><W73/><G73/><T98/><D62/><U82/><E78/><V97/><F66/><W8/><AGARI ba="0,1" hai="8,13,16,24,29,33,57,63,65,72,77,81,84,87" machi="8" ten="20,12000,2" yaku="1,1,0,1,7,1,52,1,54,1,53,1" doraHai="104" doraHaiUra="22" who="3" fromWho="3" sc="250,-60,250,-30,250,-30,240,130" /><INIT seed="1,0,0,1,5,125" ten="190,220,220,370" oya="1" hai0="58,47,63,80,64,101,93,59,29,100,99,32,115" hai1="97,110,52,96,83,62,49,123,31,128,79,107,22" hai2="54,74,2,38,28,82,10,39,103,104,117,70,86" hai3="67,14,71,98,102,90,84,5,23,118,111,106,50"/><U1/><E1/><V16/><F117/><W57/><G118/><T12/><D115/><U129/><E123/><V113/><F113/><W61/><G111/><T13/><D32/><U89/><E62/><V8/><F70/><W33/><G33/><T132/><D132/><U4/><E4/><V18/><F28/><W26/><G5/><T131/><D29/><U135/><E110/><V36/><F74/><W122/><G14/><T37/><D37/><U46/><E135/><V0/><F54/><W56/><G122/><T112/><D112/><U78/><E107/><V124/><F103/><W65/><G50/><T121/><D47/><U73/><E79/><V48/><F48/><W30/><REACH who="3" step="1"/><G65/><REACH who="3" ten="190,220,220,360" step="2"/><T19/><D121/><U134/><E134/><V15/><F124/><W130/><G130/><N who="1" m="50282" /><E89/><V87/><F0/><W34/><G34/><T127/><D131/><U109/><E109/><V44/><F2/><W91/><G91/><T43/><D127/><U120/><E120/><V69/><F38/><W105/><G105/><T85/><D64/><U75/><E75/><V116/><F104/><W24/><G24/><AGARI ba="0,1" hai="22,24,31,46,49,52,73,78,83,96,97" m="50282" machi="24" ten="30,12000,1" yaku="19,1,52,3,54,1" doraHai="125" who="1" fromWho="3" sc="190,0,220,130,220,0,360,-120" /><INIT seed="1,1,0,5,0,121" ten="190,350,220,240" oya="1" hai0="111,114,60,132,35,108,104,80,69,19,130,64,46" hai1="24,43,116,74,18,85,125,95,3,86,94,127,103" hai2="77,102,16,31,99,8,133,51,2,89,50,52,70" hai3="71,112,58,66,59,120,115,88,36,100,97,82,78"/><U39/><E3/><V27/><F70/><W11/><G120/><T0/><D0/><U124/><E43/><V45/><F133/><W122/><G122/><T62/><D114/><U84/><E39/><V81/><F89/><W4/><G36/><T123/><D132/><U107/><E24/><V47/><F2/><W101/><G71/><T1/><D1/><U76/><E18/><V79/><F31/><W17/><G4/><T96/><D123/><U67/><E67/><V22/><F8/><W12/><G100/><T54/><D35/><U42/><E42/><V93/><F81/><W23/><G11/><T105/><D80/><N who="1" m="45079" /><E116/><V53/><AGARI ba="1,0" hai="16,22,27,45,47,50,51,52,53,77,79,93,99,102" machi="53" ten="20,12000,2" yaku="0,1,7,1,9,1,8,1,54,2" doraHai="121" who="2" fromWho="2" sc="190,-31,350,-61,220,123,240,-31" /><INIT seed="2,0,0,1,0,99" ten="159,289,343,209" oya="2" hai0="117,51,103,2,116,108,89,124,43,64,65,72,135" hai1="126,28,134,76,6,21,131,38,104,74,130,120,95" hai2="92,85,62,73,102,12,35,29,33,0,69,60,31" hai3="63,15,78,129,107,75,86,57,23,48,13,22,83"/><V67/><F73/><W97/><G129/><T8/><D72/><U58/><E6/><V16/><F0/><W30/><G75/><T133/><D2/><U26/><E95/><V127/><F127/><W109/><G109/><T42/><D8/><U46/><E58/><V7/><F7/><W105/><G105/><T110/><D89/><U56/><E56/><V32/><F60/><W44/><G107/><T71/><D103/><U47/><E47/><V61/><F85/><W115/><G97/><T125/><D51/><U27/><E27/><V18/><F62/><W14/><G30/><T94/><D94/><U59/><E59/><V37/><F18/><W88/><G78/><T121/><D71/><U84/><E26/><V118/><F37/><W66/><REACH who="3" step="1"/><G115/><REACH who="3" ten="159,289,343,199" step="2"/><T36/><REACH who="0" step="1"/><D36/><REACH who="0" ten="149,289,343,199" step="2"/><U41/><E38/><V10/><REACH who="2" step="1"/><F118/><REACH who="2" ten="149,289,333,199" step="2"/><W17/><G17/><T5/><D5/><U122/><E74/><V55/><F55/><AGARI ba="0,3" hai="13,14,15,22,23,44,48,55,57,63,66,83,86,88" machi="55" ten="40,8000,1" yaku="1,1,8,1,54,1,53,1" doraHai="99" doraHaiUra="79" who="3" fromWho="2" sc="149,0,289,0,333,-80,199,110" /><INIT seed="3,0,0,5,2,111" ten="149,289,253,309" oya="3" hai0="117,57,17,3,90,67,95,76,82,135,28,24,46" hai1="131,1,34,77,53,49,105,31,33,89,72,70,44" hai2="27,35,110,66,13,18,116,4,25,103,40,39,71" hai3="119,69,122,101,108,106,112,130,5,12,42,15,43"/><W16/><G119/><T75/><D3/><U98/><E1/><V85/><F110/><W94/><G122/><T92/><D117/><U93/><E70/><V23/><F116/><W81/><G69/><T59/><D135/><U6/><E6/><V107/><F85/><W7/><G106/><T120/><D120/><U55/><E131/><V61/><F4/><N who="3" m="1611" /><G112/><T62/><D17/><U36/><E36/><V26/><F40/><W64/><G15/><T21/><D46/><U2/><E2/><V14/><F14/><W102/><G64/><T113/><D113/><U38/><E38/><V8/><F39/><W45/><G130/><T29/><D29/><U19/><E105/><V99/><REACH who="2" step="1"/><F8/><REACH who="2" ten="149,289,243,309" step="2"/><W114/><G42/><T41/><D41/><U74/><E72/><V121/><F121/><W56/><G12/><T9/><D9/><U104/><E74/><V83/><F83/><W80/><G80/><T84/><D75/><U125/><E77/><V54/><F54/><W126/><G81/><T128/><D128/><U52/><E55/><V127/><F127/><W20/><G126/><T60/><D76/><U30/><E53/><AGARI ba="0,1" hai="21,24,28,53,57,59,60,62,67,82,84,90,92,95" machi="53" ten="30,2000,0" yaku="7,1,8,1" doraHai="111" who="0" fromWho="1" sc="149,30,289,-20,243,0,309,0" /><INIT seed="4,0,0,2,5,45" ten="179,269,243,309" oya="0" hai0="86,127,112,67,81,8,76,14,6,48,23,133,134" hai1="131,123,52,11,85,41,110,4,3,63,105,68,71" hai2="18,119,65,59,90,15,30,22,26,29,122,73,74" hai3="54,84,69,5,36,28,78,32,92,7,46,126,96"/><T53/><D112/><U79/><E105/><V99/><F122/><W132/><G69/><T21/><D127/><U62/><E110/><V121/><F121/><W97/><G126/><T83/><D67/><U70/><E41/><V50/><F119/><W57/><G132/><T39/><D39/><U17/><E131/><V100/><F90/><W125/><G97/><T95/><D134/><U93/><E17/><V124/><F30/><W72/><G72/><T16/><D133/><U61/><E123/><V20/><F124/><W118/><G118/><T10/><D95/><U87/><E93/><V115/><F115/><W40/><G125/><T111/><D83/><U114/><E114/><V33/><F33/><W75/><G75/><T25/><D111/><U51/><REACH who="1" step="1"/><E79/><REACH who="1" ten="179,259,243,309" step="2"/><V2/><F73/><W116/><G116/><T43/><D43/><U91/><E91/><V9/><F74/><W120/><G120/><T129/><D129/><U0/><E0/><V13/><F2/><W113/><G113/><T27/><D25/><U80/><E80/><V88/><F88/><W66/><G78/><T47/><REACH who="0" step="1"/><D27/><REACH who="0" ten="169,259,243,309" step="2"/><U24/><E24/><V49/><F26/><W55/><G92/><T12/><AGARI ba="0,2" hai="6,8,10,12,14,16,21,23,47,48,53,76,81,86" machi="12" ten="20,18000,2" yaku="1,1,2,1,0,1,7,1,8,1,52,1,54,1,53,0" doraHai="45" doraHaiUra="107" who="0" fromWho="0" sc="169,200,259,-60,243,-60,309,-60" /><INIT seed="4,1,0,1,5,118" ten="369,199,183,249" oya="0" hai0="88,130,35,49,22,77,30,21,72,63,11,55,4" hai1="59,119,50,32,95,40,127,107,92,117,108,3,94" hai2="73,70,110,104,85,112,45,103,33,23,116,16,120" hai3="60,31,36,123,12,102,80,75,47,15,52,122,99"/><T100/><D130/><U83/><E3/><V79/><F103/><W96/><G31/><T18/><D100/><U62/><E32/><V98/><F98/><W14/><G36/><T41/><D41/><U46/><E107/><V81/><F85/><W64/><G75/><T26/><D63/><U27/><E127/><V38/><F45/><W43/><G80/><T28/><D72/><U1/><E1/><V114/><F81/><W101/><G43/><T61/><D61/><U2/><E108/><V82/><F82/><W51/><G99/><T69/><D69/><U128/><E2/><V97/><F79/><W106/><REACH who="3" step="1"/><G102/><REACH who="3" ten="369,199,183,239" step="2"/><T19/><D77/><U25/><E117/><V39/><F97/><W113/><G113/><T29/><D88/><U56/><E119/><V129/><F39/><W42/><G42/><T111/><D111/><U115/><E115/><V74/><F74/><W6/><G6/><T34/><D55/><U66/><E128/><V89/><F89/><W7/><G7/><T125/><D125/><U109/><E109/><V37/><F37/><W0/><G0/><N who="0" m="391" /><D49/><U90/><E83/><V9/><F38/><W13/><N who="3" m="3072" /><DORA hai="131" /><W86/><G86/><T48/><D48/><U57/><REACH who="1" step="1"/><E90/><REACH who="1" ten="369,189,183,239" step="2"/><V8/><F110/><W53/><G53/><T134/><D35/><U17/><E17/><N who="0" m="6153" /><D34/><U76/><E76/><V78/><F33/><W84/><G84/><T20/><D26/><AGARI ba="1,2" hai="25,26,27,40,46,50,56,57,59,62,66,92,94,95" machi="26" ten="40,2600,0" yaku="1,1,8,1,53,0" doraHai="118,131" doraHaiUra="68,135" who="1" fromWho="0" sc="369,-29,189,49,183,0,239,0" /><INIT seed="5,0,0,4,5,38" ten="340,238,183,239" oya="1" hai0="109,33,61,14,18,97,12,1,30,132,34,68,90" hai1="57,100,10,107,7,101,29,5,0,31,125,119,135" hai2="37,111,81,88,91,42,93,105,55,48,117,20,35" hai3="16,59,56,46,64,92,126,28,130,124,82,79,15"/><U70/><E119/><V74/><F111/><W58/><G130/><T80/><D1/><U21/><E135/><V8/><F117/><W104/><G104/><T127/><D132/><U62/><E125/><N who="3" m="48234" /><G28/><T47/><D127/><U27/><E31/><V96/><F105/><W133/><G133/><T131/><D109/><U118/><E118/><V98/><F35/><W9/><G92/><T6/><D131/><U52/><E5/><V73/><F37/><W84/><G46/><T87/><D30/><U41/><E70/><V102/><F8/><W103/><G103/><T85/><D34/><U116/><E116/><V50/><F102/><W106/><G106/><T129/><D33/><U89/><E107/><V26/><F55/><W45/><G45/><T71/><D129/><U65/><E65/><AGARI ba="0,0" hai="9,15,16,56,58,59,64,65,79,82,84" m="48234" machi="65" ten="30,2000,0" yaku="18,1,54,1" doraHai="38" who="3" fromWho="1" sc="340,0,238,-20,183,0,239,20" /><INIT seed="6,0,0,0,0,10" ten="340,218,183,259" oya="2" hai0="69,131,127,115,34,4,41,128,71,65,102,22,74" hai1="20,118,132,135,35,37,39,29,87,63,81,46,15" hai2="84,64,33,123,42,119,95,105,8,133,126,85,124" hai3="73,32,18,130,116,96,101,30,25,5,23,31,70"/><V125/><F33/><W38/><G116/><T51/><D74/><U111/><E111/><V52/><F123/><W49/><G38/><T24/><D34/><U26/><E118/><V12/><F119/><W97/><G73/><T7/><D102/><U129/><E63/><V78/><F105/><W66/><G130/><N who="0" m="49707" /><D65/><U14/><E129/><V61/><F42/><W62/><G5/><N who="0" m="2123" /><D127/><U112/><E35/><V45/><F95/><W134/><G134/><N who="1" m="51242" /><E112/><V89/><F78/><W1/><G1/><T103/><D103/><U110/><E110/><V27/><F27/><W17/><G96/><T106/><D106/><U77/><E46/><V86/><F133/><W104/><G30/><N who="0" m="17687" /><D115/><U11/><E11/><V90/><F64/><W60/><G23/><T3/><D3/><U117/><E117/><V0/><F0/><W55/><G62/><T43/><D51/><U79/><E79/><V75/><F75/><W92/><G92/><T44/><D44/><AGARI ba="0,0" hai="17,18,25,31,32,44,49,55,60,66,70,97,101,104" machi="44" ten="30,3900,0" yaku="7,1,25,2" doraHai="10" who="3" fromWho="0" sc="340,-39,218,0,183,0,259,39" /><INIT seed="7,0,0,4,2,106" ten="301,218,183,298" oya="3" hai0="52,44,81,129,75,102,119,130,46,86,9,87,71" hai1="23,3,41,105,93,29,38,82,91,42,7,73,51" hai2="58,10,120,57,131,121,111,64,90,61,123,36,26" hai3="77,43,24,6,122,50,37,60,32,108,13,48,72"/><W17/><G122/><T49/><D71/><U0/><E105/><V94/><F111/><W133/><G108/><T56/><D119/><U4/><E29/><V1/><F36/><W84/><G72/><T134/><D102/><U104/><E104/><V124/><F124/><W100/><G37/><T59/><D75/><U95/><E82/><V19/><F131/><N who="0" m="50186" /><D87/><U112/><E112/><V55/><F1/><W109/><G109/><T74/><D74/><U5/><E23/><N who="2" m="13695" /><F10/><N who="3" m="4311" /><G32/><T14/><D59/><U63/><E73/><V107/><F107/><W96/><G133/><T25/><D25/><U116/><E38/><V11/><F11/><W110/><G43/><N who="1" m="16394" /><E51/><N who="3" m="19498" /><G110/><T31/><D31/><U97/><E63/><V114/><F114/><W135/><G135/><T35/><D35/><U40/><N who="1" m="16402" /><U76/><DORA hai="117" /><E76/><V22/><F22/><N who="3" m="13391" /><G60/><T66/><D134/><U80/><E116/><V70/><F55/><W16/><G16/><N who="0" m="8271" /><D66/><U33/><E33/><V53/><F53/><W62/><G62/><T28/><D28/><U12/><E12/><V21/><F21/><W8/><G8/><T27/><D27/><U98/><E3/><V20/><F20/><W85/><G77/><AGARI ba="0,0" hai="44,46,49,52,56,77,81,86" m="8271,50186" machi="77" ten="30,3900,0" yaku="19,1,54,2" doraHai="106,117" who="0" fromWho="3" sc="301,39,218,0,183,0,298,-39" owari="340,44.0,218,-18.0,183,-32.0,259,6.0" /></mjloggm>