<mjloggm ver="2.3"><GO type="225" lobby="0"/><UN n0="%E3%83%88%E3%83%88%E3%83%AA%E5%85%88%E7%94%9F%31%39%E6%AD%B3" n1="%E3%81%8A%E3%81%BE%E3%81%A4%E3%82%8A" n2="%E3%82%B7%E3%83%AB%E3%83%90%E3%83%BC%2F%E9%8A%80" n3="%73%61%72%61%6B" dan="16,16,16,16" rate="2137.06,2032.33,2115.67,2094.38" sx="F,M,M,M"/><TAIKYOKU oya="0"/><INIT seed="0,0,0,5,1,76" ten="250,250,250,250" oya="0" hai0="83,90,99,48,128,104,123,49,0,23,50,97,4" hai1="111,75,15,103,105,63,20,52,95,119,24,3,57" hai2="59,89,12,84,21,55,7,126,71,134,19,72,36" hai3="44,22,122,11,82,18,80,1,81,112,2,16,60"/><T102/><D123/><U118/><E3/><V54/><F72/><W74/><G112/><T64/><D128/><U106/><E75/><V46/><F71/><W130/><G74/><T32/><D32/><U51/><E111/><V91/><F134/><W47/><G130/><T61/><D23/><U132/><E132/><V94/><F126/><W86/><G122/><T131/><D131/><U92/><E105/><V85/><F7/><W39/><G86/><T45/><D4/><U25/><E118/><V88/><F91/><W27/><G60/><T42/><D0/><U9/><E106/><V5/><F5/><W38/><G44/><T41/><D41/><U124/><E124/><V40/><REACH who="2" step="1"/><F59/><REACH who="2" ten="250,250,240,250" step="2"/><W29/><G2/><T121/><D121/><U133/><E133/><V114/><F114/><W108/><G1/><T28/><D90/><U125/><E125/><V34/><F34/><W10/><G108/><T101/><D101/><U113/><E113/><V53/><F53/><W67/><G67/><T77/><D99/><U8/><E52/><V93/><AGARI ba="0,1" hai="12,19,21,36,40,46,54,55,84,85,88,89,93,94" machi="93" ten="20,8000,1" yaku="1,1,0,1,7,1,9,1,54,1,53,0" doraHai="76" doraHaiUra="115" who="2" fromWho="2" sc="250,-40,250,-20,240,90,250,-20" /><INIT seed="1,0,0,0,0,93" ten="210,230,330,230" oya="1" hai0="40,96,45,83,44,28,103,39,108,64,125,88,42" hai1="79,117,63,30,54,15,102,16,114,47,101,98,67" hai2="38,91,37,95,0,123,12,43,31,11,14,89,24" hai3="58,124,129,107,62,23,35,8,41,122,111,134,121"/><U94/><E117/><V77/><F0/><W118/><G35/><T32/><D108/><U50/><E114/><V36/><F77/><W20/><G107/><T48/><D125/><U61/><E79/><V105/><F105/><W115/><G124/><T86/><D64/><U59/><E30/><V81/><F81/><W78/><G78/><T49/><D28/><U6/><E6/><V18/><F12/><W3/><G115/><T97/><D32/><U127/><E127/><V68/><F68/><W80/><G80/><T74/><D74/><U51/><E101/><V19/><F19/><W13/><G3/><T7/><D39/><U112/><E112/><V130/><F130/><W66/><G111/><T82/><D7/><U92/><E92/><V69/><F69/><W21/><G118/><T55/><D103/><U132/><E132/><V26/><F89/><W128/><G41/><N who="0" m="15979" /><D82/><U4/><E4/><V85/><F43/><AGARI ba="0,0" hai="43,44,45,48,49,55,83,86,88,96,97" m="15979" machi="43" ten="30,7700,0" yaku="8,1,52,2,54,1" doraHai="93" who="0" fromWho="2" sc="210,77,230,0,330,-77,230,0" /><INIT seed="2,0,0,2,2,13" ten="287,230,253,230" oya="2" hai0="24,69,52,134,40,103,80,99,45,9,111,70,124" hai1="125,65,123,51,115,93,81,129,5,108,122,67,100" hai2="4,98,101,41,95,27,20,39,25,30,88,72,90" hai3="46,96,119,63,56,54,23,1,53,29,6,128,106"/><V48/><F39/><W0/><G119/><T3/><D111/><U18/><E5/><V37/><F37/><W94/><G106/><T86/><D134/><U120/><E108/><V113/><F72/><W58/><G46/><T12/><D3/><U32/><E32/><V68/><F68/><W15/><G128/><T7/><D124/><U61/><E115/><V130/><F130/><W132/><G132/><T127/><D24/><U66/><E129/><V109/><F113/><W34/><G34/><T131/><D127/><U28/><E28/><V2/><F109/><W107/><G107/><T64/><D64/><U16/><E125/><V77/><F77/><W105/><G105/><T50/><D131/><U135/><E135/><V102/><F102/><W83/><G83/><T36/><D99/><N who="1" m="59503" /><E81/><V44/><F4/><W74/><G74/><T55/><D103/><U33/><E33/><V71/><F71/><N who="0" m="27146" /><D36/><U87/><E87/><V118/><F118/><W133/><G133/><T31/><D31/><U11/><E61/><V76/><F76/><AGARI ba="0,0" hai="7,9,12,40,45,50,52,55,76,80,86" m="27146" machi="76" ten="30,2000,0" yaku="25,1,54,1" doraHai="13" who="0" fromWho="2" sc="287,20,230,0,253,-20,230,0" /><INIT seed="3,0,0,5,5,73" ten="307,230,233,230" oya="3" hai0="76,130,67,92,31,119,16,78,61,0,22,66,42" hai1="57,47,1,79,8,41,134,85,62,96,49,12,127" hai2="34,112,101,132,48,126,113,104,69,7,24,9,54" hai3="3,94,75,51,106,117,135,2,25,28,71,77,13"/><W15/><G106/><T83/><D119/><U6/><E127/><V133/><F69/><W35/><G71/><T46/><D0/><N who="3" m="41" /><G77/><N who="0" m="29803" /><D130/><U39/><E96/><N who="2" m="61479" /><F24/><N who="3" m="18823" /><G75/><T23/><D83/><N who="1" m="47359" /><E1/><N who="2" m="239" /><F34/><W33/><G51/><N who="0" m="27095" /><D61/><U53/><E134/><N who="2" m="51819" /><F126/><W4/><G94/><T109/><D109/><U58/><E58/><AGARI ba="0,0" hai="48,54,58,112,113" m="51819,239,61479" machi="58" ten="30,1000,0" yaku="20,1" doraHai="73" who="2" fromWho="1" sc="307,0,230,-10,233,10,230,0" owari="307,41.0,220,-28.0,243,4.0,230,-17.0" /></mjloggm>