<mjloggm ver="2.3"><GO type="97" lobby="0"/><UN n0="%E3%83%88%E3%83%88%E3%83%AA%E5%85%88%E7%94%9F%31%39%E6%AD%B3" n1="%73%75%67%6F%6D%6F%72%69" n2="%E4%BB%AE%E9%9D%A2%E5%84%AA%E7%AD%89%E7%94%9F" n3="%33%E3%82%B3%E3%83%AD" dan="15,13,14,14" rate="2089.39,1896.19,1975.23,1991.20" sx="F,F,F,M"/><TAIKYOKU oya="0"/><INIT seed="0,0,0,1,2,7" ten="250,250,250,250" oya="0" hai0="95,41,122,124,87,16,50,46,19,44,13,25,81" hai1="106,104,53,2,6,108,35,28,68,85,78,18,98" hai2="126,55,67,11,88,34,69,82,99,103,1,32,12" hai3="109,131,127,91,31,39,49,26,42,117,62,20,43"/><T119/><D119/><U70/><E108/><V61/><F126/><W22/><G39/><T60/><D122/><U110/><E110/><V121/><F121/><W40/><G109/><T33/><D124/><U115/><E115/><V47/><F1/><W8/><G131/><T116/><D116/><U24/><E53/><V51/><F103/><W105/><G105/><T23/><D95/><U90/><E18/><N who="2" m="8479" /><F99/><W73/><G73/><T128/><D128/><U114/><E78/><V101/><F101/><W79/><G79/><T0/><D0/><U65/><E114/><V10/><F10/><W93/><G127/><T102/><D102/><U77/><E77/><V57/><F69/><W37/><G37/><T9/><D33/><U75/><E75/><V86/><AGARI ba="0,0" hai="32,34,47,51,55,57,61,67,82,86,88" m="8479" machi="86" ten="30,4000,0" yaku="25,1,52,1,54,1" doraHai="7" who="2" fromWho="2" sc="250,-20,250,-10,250,40,250,-10" /><INIT seed="1,0,0,1,5,70" ten="230,240,290,240" oya="1" hai0="99,59,113,25,126,80,127,44,134,43,57,14,135" hai1="120,60,82,48,122,83,17,0,24,121,69,94,74" hai2="128,84,4,40,7,51,42,85,114,107,52,41,96" hai3="87,56,55,116,47,118,133,106,35,76,39,13,89"/><U19/><E0/><V65/><F128/><W11/><G106/><T23/><D14/><U72/><E48/><V97/><F65/><W95/><G35/><T77/><D99/><N who="2" m="37962" /><F107/><W18/><G76/><T78/><D113/><U32/><E94/><V62/><F62/><W27/><G27/><T109/><D109/><U88/><E32/><V86/><F114/><W54/><G133/><N who="0" m="50699" /><D59/><AGARI ba="0,0" hai="4,7,40,41,42,51,52,59,84,85,86" m="37962" machi="59" ten="30,2000,0" yaku="8,1,54,1" doraHai="70" who="2" fromWho="0" sc="230,-20,240,0,290,20,240,0" /><INIT seed="2,0,0,4,4,35" ten="210,240,310,240" oya="2" hai0="90,8,1,67,130,82,55,83,124,121,93,128,68" hai1="111,34,70,44,65,37,115,126,85,20,132,64,10" hai2="84,122,71,30,95,106,28,7,29,0,89,31,135" hai3="6,46,86,110,59,112,88,45,13,119,12,23,33"/><V72/><F122/><W75/><G75/><T14/><D121/><U56/><E111/><V27/><F71/><W133/><G33/><T40/><D124/><U123/><E115/><V103/><F72/><W15/><G112/><T120/><D120/><U87/><E34/><V81/><F135/><W127/><G110/><T50/><D40/><U108/><E108/><V62/><F62/><W9/><G133/><T100/><D100/><U41/><E123/><V11/><F106/><W107/><G107/><T51/><D67/><U3/><E132/><V98/><N who="2" m="7168" /><DORA hai="4" /><V77/><REACH who="2" step="1"/><F27/><REACH who="2" ten="210,240,300,240" step="2"/><W109/><G109/><T32/><D68/><U94/><E70/><V96/><F96/><W47/><G119/><T60/><D32/><U113/><E113/><V42/><F42/><W69/><G69/><T57/><D130/><U129/><E129/><V39/><F39/><W118/><G118/><T134/><D128/><U43/><E43/><V52/><F52/><W105/><G105/><T114/><D134/><U48/><E126/><V102/><AGARI ba="0,1" hai="0,7,11,77,81,84,89,95,98,102,103" m="7168" machi="102" ten="40,12000,1" yaku="1,1,0,1,52,2,53,1" doraHai="35,4" doraHaiUra="54,76" who="2" fromWho="2" sc="210,-40,240,-40,300,130,240,-40" /><INIT seed="2,1,0,2,1,1" ten="170,200,430,200" oya="2" hai0="18,74,107,89,34,61,118,80,45,44,95,31,39" hai1="120,32,24,19,110,14,130,6,7,27,86,117,101" hai2="98,135,3,22,83,52,90,75,92,125,84,13,63" hai3="65,37,105,12,26,134,10,104,128,60,47,40,126"/><V76/><F3/><W42/><G126/><T127/><D107/><U9/><E101/><V57/><F125/><W43/><G128/><T81/><D127/><U28/><E86/><V108/><F135/><W55/><G134/><T29/><D118/><U5/><E110/><V99/><F108/><W66/><G26/><T116/><D116/><U58/><E58/><V38/><F38/><W106/><G55/><T23/><D34/><N who="1" m="20743" /><E130/><V97/><F75/><W115/><G115/><T79/><D61/><U30/><E117/><V70/><F70/><W36/><G47/><T71/><D71/><U88/><E88/><V72/><F72/><W2/><G2/><T20/><D80/><U53/><E53/><V129/><F129/><W11/><G60/><T113/><D113/><U77/><E77/><V133/><F133/><W54/><G54/><T121/><D121/><AGARI ba="1,0" hai="5,6,7,9,14,19,27,30,32,120,121" m="20743" machi="121" ten="30,8000,1" yaku="34,2,52,3" doraHai="1" who="1" fromWho="0" sc="170,-83,200,83,430,0,200,0" /><INIT seed="3,0,0,3,2,23" ten="87,283,430,200" oya="3" hai0="93,113,130,42,53,26,59,112,89,17,134,34,79" hai1="92,40,104,38,48,98,7,121,90,125,24,91,1" hai2="67,47,80,101,70,6,45,33,71,124,22,27,46" hai3="86,69,106,118,122,50,114,108,68,41,135,4,77"/><W3/><G106/><T18/><D130/><U133/><E125/><V55/><F33/><W109/><G114/><T127/><D127/><U54/><E133/><V21/><F6/><W11/><G118/><T110/><D134/><U119/><E121/><V15/><F101/><W19/><G122/><T103/><D110/><N who="3" m="42601" /><G135/><T51/><D103/><U62/><E119/><V76/><F55/><W35/><G35/><T116/><D116/><U75/><E104/><V84/><F67/><W100/><G100/><T16/><D79/><U111/><E111/><V37/><F124/><W39/><G19/><T95/><D42/><U2/><E75/><V13/><F37/><W131/><G131/><T61/><D51/><U64/><E64/><V74/><BYE who="1" /><F74/><W58/><G39/><T88/><D93/><U120/><E120/><V66/><F66/><W52/><G41/><T20/><D34/><U81/><E81/><AGARI ba="0,0" hai="3,4,11,50,52,58,68,69,77,81,86" m="42601" machi="81" ten="30,5800,0" yaku="14,1,10,1,54,1" doraHai="23" who="3" fromWho="1" sc="87,0,283,-58,430,0,200,58" /><INIT seed="3,1,0,3,3,113" ten="87,225,430,258" oya="3" hai0="14,126,93,43,19,116,24,55,15,49,36,17,29" hai1="74,77,96,54,69,64,91,46,84,79,66,9,3" hai2="127,95,2,132,83,40,44,107,67,123,65,131,125" hai3="28,98,75,129,63,26,102,57,115,104,85,82,105"/><W81/><G129/><T135/><D135/><U51/><E51/><N who="2" m="27015" /><F132/><W88/><G115/><T117/><D126/><N who="2" m="48138" /><F123/><W39/><G39/><T32/><D43/><U61/><E61/><V27/><F107/><W76/><G104/><T12/><D36/><U20/><E20/><V6/><F131/><W22/><G57/><T86/><D93/><U114/><E114/><V94/><F83/><W92/><G82/><T41/><D86/><U8/><E8/><N who="2" m="2135" /><F27/><W23/><G63/><T25/><D41/><U130/><E130/><V90/><F95/><W73/><REACH who="3" step="1"/><G75/><REACH who="3" ten="87,225,430,248" step="2"/><T80/><D80/><U111/><E111/><V119/><F119/><N who="0" m="45642" /><D49/><U42/><E42/><V100/><F100/><W11/><G11/><N who="0" m="6303" /><D55/><U37/><E37/><V7/><F7/><W128/><G128/><T45/><D45/><U13/><E13/><V34/><F34/><AGARI ba="1,1" hai="22,23,26,28,34,73,76,81,85,88,92,98,102,105" machi="34" ten="30,12000,1" yaku="1,1,7,1,24,2,54,1,53,0" doraHai="113" doraHaiUra="59" who="3" fromWho="2" sc="87,0,225,0,430,-123,248,133" owari="87,-41.0,225,-17.0,307,11.0,381,47.0" /></mjloggm>