<mjloggm ver="2.3"><GO type="97" lobby="0"/><UN n0="%E5%B0%B1%E6%B4%BB%E7%94%9F%40%E5%B7%9D%E6%9D%91%E8%BB%8D%E5%9B%A3" n1="%E7%A5%9E%E3%81%AE%E3%82%8A%E3%82%93%E3%81%94" n2="%E3%81%AA%E3%82%93%E3%81%A1%E3%81%8F%E3%81%AF%E3%82%80" n3="%72%68%79%6D%65" dan="15,13,15,14" rate="2048.95,1860.02,2050.58,2006.83" sx="M,M,M,M"/><TAIKYOKU oya="0"/><INIT seed="0,0,0,0,3,73" ten="250,250,250,250" oya="0" hai0="11,19,33,92,31,16,14,45,13,64,5,22,51" hai1="129,61,135,43,111,7,130,10,109,99,90,1,66" hai2="6,48,116,49,106,119,28,24,12,83,134,120,131" hai3="117,95,44,36,23,133,65,57,72,62,85,93,30"/><T100/><D64/><U101/><E135/><V8/><F106/><W81/><G72/><T38/><D38/><U113/><E113/><V46/><F134/><W54/><G117/><N who="2" m="45129" /><F131/><N who="1" m="50185" /><E90/><V2/><F120/><W67/><G36/><T15/><D33/><U80/><E80/><V26/><F83/><W58/><G133/><T124/><D124/><U21/><E21/><N who="2" m="15375" /><F26/><N who="3" m="16735" /><G44/><T59/><D31/><U107/><E43/><N who="2" m="24671" /><F49/><N who="3" m="30927" /><G65/><T69/><D69/><AGARI ba="0,0" hai="1,7,10,61,66,69,99,101,107,109,111" m="50185" machi="69" ten="30,2000,0" yaku="19,1,23,1" doraHai="73" who="1" fromWho="0" sc="250,-20,250,20,250,0,250,0" /><INIT seed="1,0,0,3,1,91" ten="230,270,250,250" oya="1" hai0="94,64,52,38,11,29,48,14,60,122,8,68,90" hai1="33,27,125,116,46,95,105,109,96,32,19,41,130" hai2="67,98,10,6,57,110,72,65,79,97,26,112,61" hai3="13,25,114,87,101,70,132,2,0,73,103,56,113"/><U71/><E116/><V12/><F110/><W80/><G70/><T45/><D122/><U31/><E71/><V89/><F112/><W133/><G73/><T119/><D119/><U59/><E105/><V128/><F128/><W15/><G25/><T34/><D38/><U63/><E130/><V78/><F72/><W43/><G43/><T49/><D49/><U84/><E84/><V104/><F26/><W74/><G74/><T108/><D108/><U40/><E125/><V37/><F37/><W23/><G56/><T124/><D124/><U120/><E120/><V21/><F21/><W30/><G30/><T99/><REACH who="0" step="1"/><D14/><REACH who="0" ten="220,270,250,250" step="2"/><U107/><E109/><V117/><F117/><W39/><G39/><T135/><D135/><U66/><E27/><AGARI ba="0,1" hai="8,11,27,29,34,45,48,52,60,64,68,90,94,99" machi="27" ten="40,8000,1" yaku="1,1,52,1,54,1,53,1" doraHai="91" doraHaiUra="92" who="0" fromWho="1" sc="220,90,270,-80,250,0,250,0" /><INIT seed="2,0,0,1,2,18" ten="310,190,250,250" oya="2" hai0="83,113,29,45,114,32,103,94,110,20,50,40,70" hai1="52,57,77,1,91,46,72,33,116,2,15,100,17" hai2="118,87,108,121,42,90,73,14,82,61,89,47,4" hai3="79,11,37,130,59,39,74,8,51,125,129,38,135"/><V10/><F118/><W109/><G109/><T34/><D70/><U132/><E33/><V93/><F121/><W95/><G74/><T35/><D110/><U88/><E116/><V80/><F108/><W23/><G79/><T127/><D127/><U66/><E100/><V98/><F61/><W92/><G125/><T55/><D83/><U84/><E66/><V133/><F133/><W76/><G76/><T78/><D78/><U97/><E97/><V27/><F27/><W75/><G75/><T16/><D29/><U0/><E72/><V60/><F60/><W124/><G135/><T49/><D94/><U13/><E132/><V54/><F54/><W115/><G115/><T12/><REACH who="0" step="1"/><D103/><REACH who="0" ten="300,190,250,250" step="2"/><U3/><E77/><V86/><F73/><W126/><G92/><T31/><D31/><U43/><N who="1" m="0" /><DORA hai="67" /><U104/><E104/><V85/><REACH who="2" step="1"/><F80/><REACH who="2" ten="300,190,240,250" step="2"/><W41/><G124/><T26/><D26/><U5/><E43/><V71/><F71/><W105/><G41/><T99/><D99/><U131/><E131/><V28/><F28/><W107/><G126/><T21/><D21/><U25/><E25/><V56/><F56/><AGARI ba="0,2" hai="12,16,20,32,34,35,40,45,49,50,55,56,113,114" machi="56" ten="40,8000,1" yaku="1,1,52,1,54,1,53,2" doraHai="18,67" doraHaiUra="53,9" who="0" fromWho="2" sc="300,100,190,0,240,-80,250,0" /><INIT seed="3,0,0,0,5,45" ten="400,190,160,250" oya="3" hai0="35,18,129,115,72,65,15,117,9,121,133,39,107" hai1="97,51,5,74,8,58,29,90,34,48,33,83,30" hai2="110,53,0,62,7,64,114,106,32,77,61,47,104" hai3="25,22,84,134,127,37,135,40,116,109,52,131,63"/><W31/><G116/><T6/><RYUUKYOKU type="yao9" ba="0,0" sc="400,0,190,0,160,0,250,0" hai0="6,9,15,18,35,39,65,72,107,115,117,121,129,133" /><INIT seed="3,1,0,1,3,54" ten="400,190,160,250" oya="3" hai0="116,111,5,37,56,10,98,80,34,99,12,25,129" hai1="92,6,27,21,17,15,89,20,64,47,50,71,62" hai2="124,61,84,52,43,135,114,110,38,67,79,122,118" hai3="75,24,65,133,73,108,121,13,14,2,97,35,94"/><W125/><G121/><T115/><D37/><U96/><E6/><V123/><F84/><W19/><G2/><T42/><D116/><U11/><REACH who="1" step="1"/><E27/><REACH who="1" ten="400,180,160,250" step="2"/><V4/><F79/><W134/><G24/><T107/><D25/><U40/><AGARI ba="1,1" hai="11,15,17,20,21,40,47,50,62,64,71,89,92,96" machi="40" ten="20,8000,1" yaku="1,1,2,1,0,1,7,1,53,1" doraHai="54" doraHaiUra="57" who="1" fromWho="1" sc="400,-21,180,93,160,-21,250,-41" owari="379,48.0,273,7.0,139,-36.0,209,-19.0" /></mjloggm>