<mjloggm ver="2.3"><GO type="41" lobby="0"/><UN n0="%E5%B0%B1%E6%B4%BB%E7%94%9F%40%E5%B7%9D%E6%9D%91%E8%BB%8D%E5%9B%A3" n1="%70%69%72%6F%72%69%6E%6F" n2="%62%61%64%6F%62%61%73%65" n3="%73%63%68%6F%6C%7A%30%39" dan="14,13,14,13" rate="1961.27,1927.67,1924.61,1821.09" sx="M,M,M,M"/><TAIKYOKU oya="0"/><INIT seed="0,0,0,1,3,37" ten="250,250,250,250" oya="0" hai0="68,43,24,39,66,64,102,19,113,80,34,120,95" hai1="18,30,71,81,103,53,77,23,47,130,126,122,59" hai2="15,119,36,85,118,50,91,25,76,57,99,135,116" hai3="55,33,38,1,49,75,94,62,42,54,29,56,8"/><T27/><D120/><U7/><E71/><V31/><F36/><W86/><G75/><T73/><D113/><U11/><E30/><V74/><F135/><W58/><G33/><T79/><D27/><U26/><E47/><V2/><F2/><W121/><G121/><T92/><D102/><U82/><E122/><V32/><F15/><W4/><G29/><T125/><D125/><U127/><E130/><V83/><F99/><W48/><G94/><T0/><D0/><U17/><E103/><V3/><F3/><W98/><G98/><T20/><D34/><U133/><E17/><V117/><N who="2" m="30208" /><DORA hai="88" /><V14/><F14/><W65/><G86/><T96/><D96/><U41/><E133/><V21/><F32/><W6/><G6/><T16/><D19/><U90/><E41/><V72/><F76/><W84/><G84/><T106/><D106/><U13/><E90/><V134/><F134/><W5/><G5/><T124/><D124/><N who="1" m="47659" /><E77/><V67/><REACH who="2" step="1"/><F50/><AGARI ba="0,0" hai="7,11,13,18,23,26,50,53,59,81,82" m="47659" machi="50" ten="30,1000,0" yaku="18,1" doraHai="37,88" who="1" fromWho="2" sc="250,0,250,10,250,-10,250,0" /><INIT seed="1,0,0,2,0,7" ten="250,260,240,250" oya="1" hai0="26,83,128,8,99,84,109,76,114,133,20,54,89" hai1="78,0,64,13,47,69,107,2,28,119,131,123,97" hai2="49,56,71,29,68,127,65,36,124,134,62,5,115" hai3="112,67,91,79,93,63,43,66,92,90,23,95,125"/><U80/><E47/><V135/><F29/><W74/><G112/><T3/><D114/><U94/><E13/><V45/><F115/><W72/><G125/><N who="2" m="48201" /><F36/><W85/><G43/><T120/><D120/><U35/><E94/><V42/><F5/><W15/><G95/><T110/><D128/><U32/><E28/><V12/><F12/><W60/><G79/><T58/><D133/><AGARI ba="0,0" hai="42,45,49,56,62,65,68,71,133,134,135" m="48201" machi="133" ten="30,7700,0" yaku="20,1,18,1,34,2" doraHai="7" who="2" fromWho="0" sc="250,-77,260,0,240,77,250,0" /><INIT seed="2,0,0,0,4,55" ten="173,260,317,250" oya="2" hai0="4,24,36,131,117,81,126,53,90,67,59,71,34" hai1="27,99,29,87,64,52,123,25,135,44,101,130,70" hai2="119,86,93,5,58,133,49,94,1,74,0,118,103" hai3="56,38,16,127,57,89,104,69,51,108,39,88,79"/><V107/><F74/><W19/><G104/><T7/><D36/><U14/><E27/><V18/><F107/><W100/><G69/><T61/><D117/><U114/><E14/><V84/><F133/><W30/><G100/><T35/><D126/><U22/><E87/><V102/><F49/><W76/><G127/><T66/><D131/><U111/><E64/><V78/><F18/><W116/><G116/><T105/><D105/><U115/><E70/><V91/><F5/><W77/><G108/><T83/><D67/><U97/><E97/><V28/><F28/><W6/><G51/><T11/><D4/><U60/><E111/><V50/><F50/><W75/><G6/><T15/><D90/><N who="3" m="34921" /><G30/><T45/><D45/><U122/><E99/><V121/><F91/><W110/><G110/><T128/><D128/><U109/><E101/><V20/><F20/><W8/><G8/><T85/><D85/><U54/><E109/><V72/><F72/><W10/><G10/><T12/><D12/><U9/><E9/><V17/><F17/><N who="3" m="6731" /><G75/><T46/><D46/><U13/><E13/><V68/><F68/><W26/><G26/><T47/><D47/><U48/><E130/><V31/><F31/><W40/><G40/><T129/><D129/><U134/><E114/><V42/><F42/><W98/><G98/><T125/><D125/><U63/><E115/><V96/><F96/><W120/><G120/><N who="1" m="46122" /><E63/><V37/><F121/><W112/><G112/><T23/><D35/><U132/><E60/><V95/><F118/><W32/><G32/><T3/><D34/><U2/><E2/><RYUUKYOKU ba="0,0" sc="173,-15,260,15,317,-15,250,15" hai1="22,25,29,44,48,52,54,132,134,135" hai3="38,39,56,57,76,77,79" /><INIT seed="3,1,0,2,3,60" ten="158,275,302,265" oya="3" hai0="91,50,67,11,93,119,23,128,114,116,133,108,46" hai1="32,7,104,3,112,9,83,88,75,4,49,0,125" hai2="96,31,8,101,80,94,100,134,53,56,132,29,54" hai3="2,6,103,68,118,131,58,74,14,63,42,111,18"/><W20/><G118/><T64/><D114/><U5/><E49/><V33/><F101/><W126/><G74/><T78/><D108/><U130/><E88/><N who="2" m="55367" /><F33/><W135/><G111/><T124/><D124/><U71/><E83/><V120/><F100/><W105/><G126/><T72/><D128/><U13/><E71/><V89/><F120/><W73/><G131/><T17/><D133/><N who="2" m="51306" /><F8/><W122/><G68/><T55/><D11/><N who="1" m="4327" /><E75/><V39/><F39/><W34/><G135/><T25/><D78/><U123/><E104/><V121/><F121/><W48/><G73/><T90/><D72/><U45/><E45/><V99/><F53/><W113/><G42/><T26/><D26/><U85/><E85/><N who="2" m="50343" /><F99/><W129/><G34/><T115/><D115/><U36/><E123/><V1/><F1/><N who="1" m="585" /><E36/><V62/><AGARI ba="1,0" hai="29,31,54,56,62" m="50343,51306,55367" machi="62" ten="30,2000,0" yaku="20,1,54,1" doraHai="60" who="2" fromWho="2" sc="158,-6,275,-6,302,23,265,-11" /><INIT seed="4,0,0,0,3,47" ten="152,269,325,254" oya="0" hai0="101,58,42,17,2,24,39,104,60,125,108,43,132" hai1="106,36,67,76,70,69,87,5,94,103,102,20,44" hai2="46,21,74,133,73,33,90,52,38,27,96,30,81" hai3="40,85,107,11,15,25,110,57,49,127,29,109,32"/><T66/><D2/><U72/><E67/><V113/><F113/><W111/><G107/><T95/><D104/><U31/><E20/><V3/><F3/><W130/><G127/><T78/><D125/><U34/><E31/><V55/><F133/><W97/><G130/><T61/><D132/><U93/><E34/><V56/><F33/><W135/><G135/><T0/><D0/><U134/><E44/><V6/><F6/><W116/><G116/><T98/><D108/><U82/><E134/><V45/><F38/><W23/><G97/><T7/><D7/><U119/><E36/><V86/><F96/><W14/><G32/><T8/><D39/><U91/><E5/><V37/><F45/><W83/><G15/><T120/><D120/><U41/><E41/><V128/><F128/><W115/><G115/><T35/><D78/><N who="1" m="44359" /><E69/><V100/><F100/><N who="1" m="38441" /><E70/><V121/><F121/><W123/><G123/><T118/><D118/><U64/><E64/><V92/><F81/><W131/><G131/><T26/><D35/><U126/><E119/><V117/><F117/><W122/><G122/><T16/><D61/><U13/><E13/><V99/><F99/><W9/><G9/><T48/><D48/><U54/><E54/><V84/><F37/><W88/><G111/><T51/><D51/><U63/><E63/><N who="2" m="36231" /><F55/><N who="3" m="31983" /><G40/><N who="0" m="15403" /><D8/><U65/><E65/><V77/><F46/><W50/><G50/><T80/><D80/><N who="1" m="47495" /><E126/><V19/><F30/><N who="3" m="17727" /><G110/><T71/><D71/><U112/><E112/><V10/><F10/><W12/><G109/><T28/><D28/><U59/><E106/><V75/><F75/><RYUUKYOKU ba="0,0" sc="152,15,269,-15,325,15,254,-15" hai0="16,17,24,26,58,60,66,95,98,101" hai2="19,21,27,73,74,77,84,86,90,92" /><INIT seed="4,1,0,1,0,111" ten="167,254,340,239" oya="0" hai0="110,77,109,99,60,86,65,35,73,71,94,30,84" hai1="76,16,0,133,8,1,106,85,132,6,127,50,29" hai2="54,7,3,135,44,14,31,70,58,67,103,4,100" hai3="69,68,90,45,105,48,80,5,37,2,63,125,9"/><T117/><D117/><U27/><E85/><V134/><F3/><N who="1" m="1097" /><E50/><V107/><F31/><W121/><G105/><T19/><D73/><U51/><E51/><V26/><F26/><W64/><G125/><T55/><D77/><U124/><E76/><V96/><F100/><W15/><G121/><T91/><D55/><U114/><E106/><V61/><F44/><W59/><G69/><T32/><D19/><U20/><E114/><V72/><F72/><W123/><G123/><T82/><D30/><U66/><E66/><V122/><F122/><W56/><G2/><T52/><D52/><U115/><E115/><V36/><F36/><W89/><G37/><T57/><D71/><U24/><E6/><V41/><F41/><W97/><G97/><T87/><REACH who="0" step="1"/><D82/><REACH who="0" ten="157,254,340,239" step="2"/><U74/><E74/><V130/><F130/><W108/><G80/><T43/><D43/><U78/><E78/><V39/><F39/><W18/><G68/><T21/><D21/><N who="1" m="15503" /><E8/><V102/><F7/><W53/><G5/><T22/><D22/><U92/><E92/><V40/><F40/><W13/><G64/><T46/><D46/><U28/><E28/><V129/><F129/><W95/><G18/><T104/><D104/><U118/><E118/><V10/><F70/><W113/><G53/><T101/><D101/><U131/><E131/><V25/><F67/><W12/><G113/><T11/><D11/><U93/><E93/><V120/><F103/><W49/><G9/><T75/><D75/><U112/><E112/><V34/><F120/><W79/><G95/><T116/><D116/><U23/><E23/><RYUUKYOKU ba="1,1" sc="157,10,254,10,340,10,239,-30" hai0="32,35,57,60,65,84,86,87,91,94,99,109,110" hai1="16,20,27,124,127,132,133" hai2="4,10,14,25,34,54,58,61,96,102,107,134,135" /><INIT seed="4,2,1,2,5,93" ten="167,264,350,209" oya="0" hai0="30,129,122,80,109,22,11,63,10,111,9,54,36" hai1="135,67,2,19,104,132,56,128,50,126,125,53,98" hai2="7,43,86,26,95,78,41,112,4,88,127,74,18" hai3="52,58,73,29,31,28,51,34,75,99,116,115,76"/><T120/><D36/><U81/><E19/><V21/><F112/><W97/><G116/><T121/><D129/><U90/><E81/><V101/><F127/><N who="1" m="48649" /><E90/><V49/><F74/><W64/><G34/><T13/><D80/><U24/><E98/><N who="2" m="59615" /><F78/><W5/><G115/><T6/><D63/><N who="1" m="38375" /><E24/><V96/><F96/><W134/><G134/><N who="1" m="51242" /><E104/><V92/><F41/><W42/><G5/><T130/><D54/><U40/><E2/><V39/><F39/><W20/><G20/><T45/><D45/><AGARI ba="2,1" hai="4,7,18,21,26,43,45,49,86,88,92" m="59615" machi="45" ten="30,3900,0" yaku="8,1,52,1,54,1" doraHai="93" who="2" fromWho="0" sc="167,-45,264,0,350,55,209,0" /><INIT seed="5,0,0,3,0,29" ten="122,264,405,209" oya="1" hai0="17,111,5,67,6,112,10,96,25,39,33,13,94" hai1="40,60,55,104,26,64,58,77,53,2,95,83,75" hai2="124,44,79,52,133,18,97,51,43,87,61,70,73" hai3="62,31,93,126,59,4,135,63,118,113,127,32,20"/><U47/><E26/><V121/><F121/><W65/><G118/><T115/><D111/><U38/><E2/><V34/><F73/><W122/><G122/><T28/><D39/><U117/><E104/><V128/><F128/><W103/><G135/><T71/><D71/><U74/><E74/><V78/><F133/><W123/><G123/><T85/><D67/><U69/><E117/><V108/><F108/><W48/><G113/><T54/><D54/><U41/><E95/><V23/><F124/><N who="3" m="47659" /><G48/><T68/><D68/><U0/><E0/><V50/><F34/><W89/><G103/><T1/><D85/><U98/><E98/><V16/><F18/><W106/><G106/><T15/><D94/><U109/><E109/><V22/><F22/><W36/><G63/><T116/><D96/><U66/><REACH who="1" step="1"/><E41/><REACH who="1" ten="122,254,405,209" step="2"/><V129/><F129/><W125/><G125/><T12/><D116/><U90/><E90/><V120/><F120/><W27/><G93/><T134/><D134/><U19/><E19/><V45/><F97/><W57/><G89/><T100/><D100/><U49/><E49/><V56/><F87/><W99/><G99/><T46/><D46/><U91/><E91/><V30/><F30/><N who="3" m="19551" /><G36/><T131/><D131/><U107/><E107/><V76/><F76/><W92/><G92/><T24/><D5/><U11/><E11/><V119/><F119/><W81/><G4/><T82/><D82/><U8/><E8/><V35/><F43/><W86/><G31/><N who="0" m="19687" /><D17/><U72/><E72/><V7/><F51/><W110/><G110/><T88/><D88/><U84/><E84/><RYUUKYOKU ba="0,1" sc="122,15,254,15,405,-15,209,-15" hai0="1,6,10,12,13,15,25,28,112,115" hai1="38,40,47,53,55,58,60,64,66,69,75,77,83" /><INIT seed="5,1,1,5,3,40" ten="137,269,390,194" oya="1" hai0="46,118,110,79,84,104,88,19,11,57,3,85,52" hai1="130,6,106,92,91,102,63,109,50,4,124,101,14" hai2="134,116,75,33,24,48,76,21,83,103,71,53,135" hai3="26,65,62,86,108,44,98,67,64,97,68,43,127"/><U29/><E4/><V60/><F33/><W69/><G108/><T36/><D110/><U119/><E29/><V9/><F116/><W18/><G86/><T39/><D118/><U70/><E6/><V123/><F123/><W126/><G26/><T81/><D104/><U114/><E14/><V51/><F103/><N who="1" m="39433" /><E50/><V66/><F9/><W27/><G27/><T93/><D46/><U95/><E63/><V94/><F94/><N who="1" m="35881" /><E70/><N who="3" m="27242" /><G98/><T47/><D47/><U16/><E16/><N who="2" m="12327" /><F53/><W22/><G97/><T99/><D84/><U113/><E109/><V7/><F7/><W73/><G73/><T30/><D30/><U122/><E119/><V78/><F78/><W37/><G22/><T55/><D55/><U77/><E122/><V10/><F10/><W58/><G18/><T38/><D3/><U115/><E106/><V20/><F20/><W125/><AGARI ba="1,1" hai="37,43,44,58,62,64,65,67,125,126,127" m="27242" machi="125" ten="40,8000,1" yaku="18,1,34,2,52,1" doraHai="40" who="3" fromWho="3" sc="137,-21,269,-41,390,-21,194,93" /><INIT seed="6,0,0,5,1,67" ten="116,228,369,287" oya="2" hai0="3,42,71,102,31,40,13,15,87,117,27,41,83" hai1="77,23,8,46,124,62,61,91,79,7,103,60,34" hai2="90,20,47,135,18,28,76,68,108,14,11,35,50" hai3="134,129,63,122,110,131,43,22,133,100,1,16,86"/><V84/><F108/><W116/><G110/><T53/><D117/><U33/><E91/><V19/><F135/><N who="3" m="51723" /><G116/><T65/><D3/><U72/><E23/><V123/><F123/><W82/><G122/><T2/><D2/><U59/><E103/><V107/><F107/><W93/><G1/><T128/><D128/><N who="3" m="49225" /><G43/><T119/><D119/><U125/><E59/><V85/><F76/><N who="1" m="29257" /><E46/><V92/><F35/><N who="1" m="13321" /><E72/><V105/><F105/><W104/><G63/><N who="1" m="16130" /><U52/><DORA hai="88" /><E52/><V45/><F28/><W26/><G104/><T98/><D65/><U126/><E8/><V21/><F11/><W38/><G38/><T32/><D53/><U54/><E54/><V64/><F84/><W74/><G74/><T70/><D13/><U9/><E9/><V0/><F0/><W95/><G100/><T39/><D39/><U118/><E118/><V89/><F89/><AGARI ba="0,0" hai="16,22,26,82,86,89,93,95" m="49225,51723" machi="89" ten="30,8000,1" yaku="20,1,19,1,52,2,54,1" doraHai="67,88" who="3" fromWho="2" sc="116,0,228,0,369,-80,287,80" /><INIT seed="7,0,0,0,4,109" ten="116,228,289,367" oya="3" hai0="118,29,56,1,133,130,58,62,59,14,2,10,81" hai1="94,42,50,74,100,43,134,22,13,34,70,97,64" hai2="33,90,115,4,88,39,69,40,104,107,125,76,132" hai3="32,60,3,92,48,38,83,11,129,116,117,123,5"/><W113/><G113/><T103/><D118/><U101/><E64/><V8/><F69/><W89/><G123/><T120/><D120/><U71/><E70/><V61/><F61/><W6/><G129/><T23/><D130/><U98/><E71/><V128/><F128/><W119/><G38/><T26/><D133/><U114/><E34/><V126/><F33/><W25/><G83/><T45/><D103/><U131/><E74/><V124/><F76/><W121/><G121/><T27/><D27/><U53/><E131/><V86/><F132/><W102/><G102/><T9/><D9/><U85/><E85/><V110/><F110/><W52/><G60/><T93/><D1/><U68/><E68/><V65/><F65/><W72/><G6/><T112/><D2/><U46/><E114/><V47/><F90/><W111/><G72/><T21/><D112/><U31/><E134/><V0/><REACH who="2" step="1"/><F115/><REACH who="2" ten="116,228,279,367" step="2"/><W49/><G111/><T122/><D122/><U78/><E78/><V87/><F87/><W35/><G119/><T55/><D21/><U57/><E98/><V77/><F77/><W84/><G117/><T28/><D28/><U95/><E101/><V24/><F24/><W37/><G116/><T99/><D81/><AGARI ba="0,1" hai="0,4,8,39,40,47,81,86,88,104,107,124,125,126" machi="81" ten="40,5200,0" yaku="1,1,18,1,54,1,53,0" doraHai="109" doraHaiUra="66" who="2" fromWho="0" sc="116,-52,228,0,279,62,367,0" owari="64,-44.0,228,-17.0,341,14.0,367,47.0" /></mjloggm>