<mjloggm ver="2.3"><GO type="169" lobby="0"/><UN n0="%E3%81%84%E3%81%A1%E3%81%94%E3%83%9D%E3%83%83%E3%82%AD%E3%83%BC" n1="%E8%A3%95%E7%BE%8E%E5%AD%90" n2="%E5%A4%95%E5%87%AA" n3="%E3%82%A6%E3%83%AB%E3%83%88%E3%83%A9%E7%AB%8B%E7%9B%B4" dan="17,16,18,17" rate="2195.78,2193.81,2181.79,2120.64" sx="F,F,M,M"/><TAIKYOKU oya="0"/><INIT seed="0,0,0,0,0,10" ten="250,250,250,250" oya="0" hai0="71,60,27,25,95,62,104,89,43,15,100,57,73" hai1="3,85,54,0,126,121,36,70,41,19,59,51,105" hai2="34,124,49,7,35,74,40,42,53,98,46,1,115" hai3="61,83,2,14,131,132,90,103,78,133,97,88,11"/><T120/><D120/><U63/><E121/><V119/><F115/><W114/><G2/><T5/><D73/><U18/><E105/><V9/><F74/><N who="3" m="43479" /><G61/><T64/><D43/><U76/><E126/><V21/><F124/><W4/><G114/><T45/><D45/><N who="1" m="23719" /><E85/><V6/><F6/><W32/><G32/><T102/><D104/><U129/><E76/><V108/><F42/><W82/><G82/><T50/><D50/><U109/><E129/><V91/><F119/><W93/><G131/><T112/><D112/><U30/><E30/><V39/><F21/><W37/><G37/><T84/><D71/><U80/><E109/><V122/><F108/><W106/><G90/><T47/><D47/><U127/><E80/><V29/><F29/><W107/><G107/><T99/><D62/><U67/><E127/><V56/><F122/><W125/><G125/><T77/><D77/><U72/><E72/><V8/><F8/><W68/><G68/><T52/><D64/><U16/><AGARI ba="0,0" hai="0,3,16,18,19,51,54,59,63,67,70" m="23719" machi="16" ten="30,2000,0" yaku="24,1,54,1" doraHai="10" who="1" fromWho="1" sc="250,-10,250,20,250,-5,250,-5" /><INIT seed="1,0,0,5,4,79" ten="240,270,245,245" oya="1" hai0="119,118,31,27,23,11,125,62,65,89,124,59,36" hai1="98,29,3,6,17,113,51,115,53,22,38,40,88" hai2="7,92,13,55,102,14,0,20,33,73,15,96,84" hai3="71,66,74,77,132,87,63,129,109,37,49,127,112"/><U93/><E29/><V58/><F73/><W64/><G74/><T41/><D11/><U121/><E121/><V50/><F33/><W42/><G77/><T70/><D59/><U110/><E110/><V5/><F0/><W9/><G9/><T133/><D133/><U43/><E6/><V82/><REACH who="2" step="1"/><F20/><REACH who="2" ten="240,270,235,245" step="2"/><W54/><G132/><T57/><D119/><U28/><E3/><V105/><F105/><W95/><G109/><T26/><D118/><U12/><E113/><V97/><F97/><W47/><G112/><T101/><D23/><U123/><E115/><V104/><F104/><W83/><G127/><T67/><D125/><U131/><E123/><V103/><F103/><W68/><G129/><T61/><D101/><U107/><E107/><V1/><F1/><W10/><G10/><T116/><D124/><U90/><E131/><V91/><AGARI ba="0,1" hai="5,7,13,14,15,50,55,58,82,84,91,92,96,102" machi="91" ten="30,8000,1" yaku="1,1,0,1,8,1,52,1,53,1" doraHai="79" doraHaiUra="46" who="2" fromWho="2" sc="240,-20,270,-40,235,90,245,-20" /><INIT seed="2,0,0,0,3,29" ten="220,230,325,225" oya="2" hai0="127,80,31,61,45,84,83,105,3,135,53,72,69" hai1="82,71,108,24,63,50,57,48,13,10,68,101,99" hai2="30,81,9,2,90,25,16,64,87,130,110,91,122" hai3="42,86,85,15,78,77,11,121,46,0,131,129,19"/><V111/><F122/><W128/><G0/><T70/><D3/><U96/><E108/><N who="2" m="41515" /><F64/><W94/><G121/><T115/><D105/><U43/><E68/><V21/><F130/><W28/><G28/><T40/><D115/><U119/><E71/><V17/><F91/><N who="3" m="53615" /><G86/><T107/><D107/><U102/><E82/><V118/><F118/><W67/><G67/><T125/><D135/><U35/><E43/><V58/><F58/><W92/><G92/><T73/><D31/><U33/><E24/><V36/><F36/><AGARI ba="0,0" hai="11,15,19,36,42,46,77,78,128,129,131" m="53615" machi="36" ten="30,1000,0" yaku="19,1" doraHai="29" who="3" fromWho="2" sc="220,0,230,0,325,-10,225,10" /><INIT seed="3,0,0,3,3,76" ten="220,230,315,235" oya="3" hai0="73,34,43,63,11,45,80,135,48,54,88,112,26" hai1="27,50,78,107,108,17,131,86,0,94,93,82,84" hai2="66,120,38,10,4,71,62,125,119,30,65,91,37" hai3="13,99,35,64,83,47,127,72,85,130,20,51,106"/><W21/><G35/><T124/><D124/><U89/><E108/><V42/><F119/><W57/><G72/><T1/><D135/><U8/><E107/><V126/><F120/><W116/><G116/><T55/><D112/><U32/><E131/><V52/><F30/><W128/><G127/><N who="2" m="48649" /><F42/><N who="3" m="25079" /><G106/><T123/><D123/><U60/><E32/><V103/><F103/><W40/><G40/><T79/><D63/><U77/><E0/><N who="2" m="263" /><F66/><W14/><G99/><T29/><D1/><U104/><E104/><V3/><F3/><W61/><G130/><T15/><REACH who="0" step="1"/><D88/><REACH who="0" ten="210,230,315,235" step="2"/><U25/><E89/><V98/><F91/><N who="3" m="51647" /><G128/><T28/><D28/><U90/><E90/><V6/><F98/><W122/><G122/><T67/><D67/><U39/><E78/><V110/><F65/><W114/><G114/><T9/><D9/><U115/><E115/><V18/><F110/><W132/><G132/><T70/><D70/><U58/><E77/><V117/><F71/><W96/><G96/><T121/><D121/><U87/><E60/><V113/><F117/><W105/><G105/><T95/><D95/><U12/><E93/><V19/><F62/><W133/><G133/><T69/><D69/><U16/><E94/><V49/><F113/><W41/><G41/><T22/><D22/><AGARI ba="0,1" hai="13,14,20,21,22,57,61,64" m="51647,25079" machi="22" ten="30,2900,0" yaku="8,1,52,1" doraHai="76" who="3" fromWho="0" sc="210,-29,230,0,315,0,235,39" /><INIT seed="3,1,0,0,3,37" ten="181,230,315,274" oya="3" hai0="125,20,115,5,104,132,128,42,81,69,45,2,34" hai1="49,76,109,1,18,131,122,123,71,62,105,75,126" hai2="96,101,111,97,95,32,67,130,99,7,41,100,108" hai3="133,40,46,85,29,73,6,110,24,14,26,59,3"/><W116/><G73/><T21/><D34/><U30/><E18/><V65/><F32/><W31/><G3/><T9/><D104/><U93/><E49/><V134/><F7/><W88/><G116/><T127/><D69/><U84/><E30/><V90/><F41/><W92/><G133/><T87/><D132/><U10/><E10/><V119/><F119/><W66/><G110/><N who="2" m="42025" /><F134/><W72/><G72/><T98/><D98/><N who="2" m="37994" /><F130/><W57/><G14/><T63/><D63/><U102/><E62/><V48/><F48/><N who="3" m="26695" /><G6/><T27/><D128/><U89/><E1/><V8/><F8/><W15/><G15/><T43/><D115/><U82/><E71/><V117/><F117/><W50/><G50/><T39/><D42/><U47/><E47/><V44/><F44/><W13/><G13/><T103/><D103/><AGARI ba="1,0" hai="65,67,90,95,99,100,101,103" m="37994,42025" machi="103" ten="30,1000,0" yaku="14,1" doraHai="37" who="2" fromWho="0" sc="181,-13,230,0,315,13,274,0" /><INIT seed="4,0,0,1,2,125" ten="168,230,328,274" oya="0" hai0="58,124,90,10,105,97,7,38,57,88,31,75,76" hai1="42,71,122,69,89,17,15,70,103,91,4,108,32" hai2="79,83,110,119,129,16,8,65,102,61,96,78,101" hai3="126,117,74,68,46,132,27,47,30,29,94,73,113"/><T77/><D38/><U127/><E108/><V123/><F110/><W20/><G68/><T62/><D124/><U100/><E127/><V23/><F123/><W1/><G1/><T120/><D120/><U35/><E122/><V5/><F119/><W104/><G104/><T64/><D58/><U131/><E42/><V59/><F129/><W54/><G126/><T9/><D31/><U48/><E4/><V114/><F114/><W18/><G74/><T118/><D118/><U6/><E6/><V115/><F115/><W53/><G73/><T92/><D105/><U63/><E48/><V116/><F78/><N who="0" m="30314" /><D75/><U99/><E63/><V51/><F51/><W14/><G117/><T52/><D64/><U135/><E99/><V13/><F96/><W40/><G30/><T12/><D9/><U56/><E56/><V43/><F43/><W44/><G40/><T106/><D106/><U84/><E84/><N who="2" m="48255" /><F116/><W49/><G113/><T55/><D55/><U121/><E71/><V112/><F112/><W19/><G29/><T33/><D33/><U45/><E121/><V34/><F34/><W85/><G53/><T67/><D67/><U11/><E69/><V25/><AGARI ba="0,0" hai="5,8,13,16,23,25,59,61,65,101,102" m="48255" machi="25" ten="30,2000,0" yaku="8,1,54,1" doraHai="125" who="2" fromWho="2" sc="168,-10,230,-5,328,20,274,-5" /><INIT seed="5,0,0,4,4,88" ten="158,225,348,269" oya="1" hai0="95,121,119,105,28,76,38,129,11,132,74,2,113" hai1="112,120,89,14,60,46,106,45,118,84,98,9,50" hai2="73,127,108,58,68,1,56,61,67,86,51,30,36" hai3="62,70,4,117,116,99,81,91,87,124,54,66,22"/><U52/><E120/><V43/><F73/><W13/><G124/><T16/><RYUUKYOKU type="yao9" ba="0,0" sc="158,0,225,0,348,0,269,0" hai0="2,11,16,28,38,74,76,95,105,113,119,121,129,132" /><INIT seed="5,1,0,5,3,13" ten="158,225,348,269" oya="1" hai0="44,93,113,76,52,80,84,24,39,32,48,66,38" hai1="37,8,112,125,135,51,77,71,74,95,41,102,19" hai2="53,3,1,106,105,81,40,58,98,17,56,121,15" hai3="78,54,67,5,0,128,18,122,43,88,117,82,114"/><U22/><E71/><V75/><F40/><W129/><G114/><T123/><D113/><U14/><E112/><V63/><F121/><W132/><G5/><T86/><D123/><U25/><E37/><V33/><F33/><W91/><G0/><T55/><D66/><U90/><E125/><V115/><F115/><W100/><G67/><T16/><D32/><U126/><E126/><V127/><F106/><W7/><G7/><T83/><D93/><U42/><E135/><V59/><F59/><W35/><G43/><T57/><D24/><U31/><E102/><V21/><F58/><W73/><G35/><T99/><D99/><U116/><E116/><V61/><F61/><W26/><G100/><T46/><D46/><U27/><E51/><V131/><F131/><N who="3" m="50251" /><G117/><T50/><REACH who="0" step="1"/><D16/><REACH who="0" ten="148,225,348,269" step="2"/><U11/><E27/><V85/><F98/><W87/><G122/><T118/><D118/><U94/><E95/><V130/><F130/><W2/><G26/><T29/><D29/><U89/><E94/><V104/><F127/><W124/><G18/><T97/><D97/><U47/><E47/><V65/><F17/><W69/><G124/><T68/><D68/><U119/><E119/><V10/><F105/><W96/><G69/><T120/><D120/><U4/><E31/><V101/><F104/><W45/><G45/><T92/><D92/><U6/><E25/><V111/><F65/><W20/><G96/><T30/><D30/><U36/><E19/><V70/><F70/><W23/><G23/><T134/><D134/><U110/><E22/><V109/><F21/><W108/><G20/><RYUUKYOKU ba="1,1" sc="148,30,225,-10,348,-10,269,-10" hai0="38,39,44,48,50,52,55,57,76,80,83,84,86" /><INIT seed="6,2,1,2,4,69" ten="178,215,338,259" oya="2" hai0="12,114,74,43,50,88,19,130,11,6,135,87,77" hai1="75,100,113,41,101,123,2,129,70,24,98,37,82" hai2="110,29,52,91,32,132,10,115,85,107,125,16,105" hai3="104,81,28,116,128,20,56,134,55,1,30,35,64"/><V58/><F115/><W61/><G1/><T22/><D114/><U25/><E113/><V38/><F38/><W90/><G35/><T109/><D109/><U9/><E70/><V54/><F110/><W72/><G104/><T106/><D106/><N who="1" m="63767" /><E101/><V86/><F132/><W102/><G102/><T131/><D135/><U34/><E129/><N who="0" m="49161" /><D74/><U59/><E59/><V97/><F125/><W48/><G116/><T126/><D77/><N who="1" m="44351" /><E34/><V93/><F107/><W127/><G134/><T121/><D121/><U13/><E13/><V5/><F105/><W112/><G127/><T73/><D73/><U84/><E84/><V83/><F86/><N who="3" m="50511" /><G72/><T108/><D108/><U49/><E49/><V99/><F99/><W15/><G112/><T42/><D50/><U8/><E8/><V36/><F10/><W47/><G128/><T53/><D53/><U63/><E63/><V62/><F54/><W46/><G48/><T33/><D33/><U92/><E92/><V118/><F93/><W40/><G55/><T51/><D51/><U71/><E71/><V111/><F52/><W76/><G76/><T7/><D126/><U124/><E123/><V23/><F111/><W31/><G15/><N who="0" m="5631" /><D6/><N who="1" m="1239" /><E124/><V96/><F5/><W117/><G117/><T94/><AGARI ba="2,1" hai="12,19,22,42,43,87,88,94" m="5631,49161" machi="94" ten="30,2000,0" yaku="19,1,54,1" doraHai="69" who="0" fromWho="0" sc="178,36,215,-7,338,-12,259,-7" /><INIT seed="7,0,0,2,2,94" ten="214,208,326,252" oya="3" hai0="109,91,121,5,85,6,1,96,92,68,99,2,134" hai1="3,43,129,114,44,87,25,46,130,101,133,41,55" hai2="126,27,28,59,7,71,135,56,73,23,57,100,78" hai3="12,122,128,132,20,69,117,35,14,97,104,76,77"/><W32/><G69/><T79/><D109/><U49/><E3/><V116/><F71/><W89/><G117/><T88/><D121/><U111/><E111/><V31/><F116/><W54/><G54/><T61/><D134/><U64/><E133/><V70/><F70/><W81/><G20/><T13/><D1/><U29/><E64/><V34/><F7/><N who="0" m="2570" /><D2/><U98/><E87/><V15/><F78/><W105/><G97/><N who="0" m="57479" /><D68/><U65/><E65/><V62/><F73/><W33/><G132/><T102/><D102/><U51/><E55/><V103/><F100/><W16/><G122/><T119/><D119/><U50/><E51/><V113/><F103/><W10/><G35/><T47/><D79/><U127/><E127/><V30/><F34/><W53/><G33/><T86/><D86/><U84/><E84/><V72/><F72/><W67/><G32/><T60/><D13/><U115/><E25/><V110/><F27/><W107/><G14/><T80/><D47/><U18/><E18/><V52/><F15/><W21/><G12/><T108/><D108/><U120/><E120/><V66/><F135/><W19/><G19/><T9/><D9/><U11/><E11/><V22/><F31/><W63/><G16/><T125/><D125/><U123/><E123/><V37/><F30/><W75/><G10/><T39/><D39/><U40/><E29/><V36/><F28/><W42/><G77/><T38/><D38/><U17/><E17/><V131/><F126/><W90/><G76/><T4/><D4/><U95/><E41/><V45/><F110/><W83/><G42/><RYUUKYOKU ba="0,0" sc="214,15,208,15,326,-15,252,-15" hai0="60,61,80,85,91,96,99" hai1="40,43,44,46,49,50,95,98,101,114,115,129,130" owari="229,-17.0,223,-28.0,311,41.0,237,4.0" /></mjloggm>