<mjloggm ver="2.3"><GO type="97" lobby="0"/><UN n0="%E3%82%8B%E3%82%93%28%70%61%66%65%29" n1="%E3%83%8D%E3%83%8D%E3%82%AB" n2="%E5%B0%B1%E6%B4%BB%E7%94%9F%40%E5%B7%9D%E6%9D%91%E8%BB%8D%E5%9B%A3" n3="%4B%32%30%31%30" dan="15,14,15,15" rate="1875.44,1937.45,1962.37,1991.21" sx="M,F,M,M"/><TAIKYOKU oya="0"/><INIT seed="0,0,0,2,5,3" ten="250,250,250,250" oya="0" hai0="122,82,74,2,79,36,81,76,34,121,49,102,41" hai1="124,62,1,129,5,84,65,91,110,105,126,133,95" hai2="56,87,63,59,64,46,10,131,57,106,12,112,19" hai3="8,75,0,116,35,69,14,68,72,118,23,52,85"/><T107/><D49/><U43/><E105/><V132/><F106/><W29/><G35/><T99/><D2/><U115/><E115/><V37/><F112/><W9/><G0/><T89/><D34/><U86/><E110/><V120/><F120/><W47/><G29/><T70/><D70/><U38/><E129/><V40/><F131/><W117/><G23/><T42/><D42/><U77/><E133/><V7/><F132/><W51/><G85/><T66/><D66/><U101/><E101/><V44/><F44/><W135/><G135/><T100/><D100/><U11/><E43/><V22/><REACH who="2" step="1"/><F87/><REACH who="2" ten="250,250,240,250" step="2"/><W20/><G75/><N who="0" m="43167" /><D89/><U16/><E77/><V27/><AGARI ba="0,1" hai="7,10,12,19,22,27,37,40,46,56,57,59,63,64" machi="27" ten="20,5200,0" yaku="1,1,0,1,7,1,52,1,53,0" doraHai="3" doraHaiUra="78" who="2" fromWho="2" sc="250,-26,250,-13,240,62,250,-13" /><INIT seed="1,0,0,1,4,30" ten="224,237,302,237" oya="1" hai0="55,24,105,117,15,64,68,114,71,131,26,84,120" hai1="35,93,58,42,91,125,45,17,108,21,49,59,2" hai2="128,69,50,119,88,10,27,7,11,33,87,96,66" hai3="102,54,123,57,34,111,72,13,99,135,116,121,106"/><U16/><E2/><V75/><F119/><W47/><G72/><T9/><D114/><U107/><E107/><V115/><F75/><W62/><G116/><T56/><D105/><U95/><E108/><V130/><F115/><W74/><G74/><T40/><D131/><N who="2" m="50218" /><F96/><W81/><G111/><T5/><D120/><U100/><E125/><V79/><F79/><W63/><G81/><T3/><D26/><U77/><E35/><V118/><F118/><W32/><G63/><T101/><D3/><U28/><E77/><V80/><F50/><W85/><G85/><T0/><D0/><U29/><E100/><V37/><F37/><W23/><G47/><T4/><D101/><U97/><E95/><V83/><F83/><W124/><G124/><T134/><D117/><U67/><E67/><V39/><F39/><W98/><G98/><T94/><D134/><U22/><E29/><N who="2" m="19647" /><F7/><W86/><G86/><T126/><D126/><U109/><E109/><V129/><N who="2" m="50226" /><V8/><DORA hai="89" /><F8/><W38/><G38/><T12/><D64/><U92/><E28/><V90/><F90/><W133/><G123/><T48/><D48/><U82/><E82/><V104/><F104/><W25/><G121/><T122/><D122/><U103/><E103/><V113/><F113/><W132/><G13/><T52/><D84/><U6/><E6/><V20/><F20/><N who="1" m="7785" /><E93/><V127/><F127/><W31/><AGARI ba="0,0" hai="23,25,31,32,34,54,57,62,99,102,106,132,133,135" machi="31" ten="30,7900,0" yaku="0,1,20,1,52,2" doraHai="30,89" who="3" fromWho="3" sc="224,-20,237,-39,302,-20,237,79" /><INIT seed="2,0,0,4,3,9" ten="204,198,282,316" oya="2" hai0="48,19,125,102,46,133,86,11,44,5,37,55,93" hai1="114,14,15,80,28,112,73,96,56,29,131,24,92" hai2="8,88,74,70,30,38,58,91,132,27,75,94,72" hai3="60,104,113,122,81,87,65,59,66,78,3,0,98"/><V50/><F70/><W63/><G122/><T6/><D133/><U52/><E131/><V76/><F38/><W51/><G113/><T49/><D37/><U100/><E114/><V12/><F132/><W89/><G51/><T77/><D125/><U127/><E127/><V111/><F111/><W110/><G110/><T68/><D68/><U115/><E115/><V123/><F123/><W23/><G23/><T69/><D69/><U107/><E112/><V1/><F1/><W67/><G63/><T85/><D85/><U95/><E73/><V36/><F36/><W54/><REACH who="3" step="1"/><G89/><REACH who="3" ten="204,198,282,306" step="2"/><N who="0" m="53431" /><D77/><U40/><E40/><V83/><F91/><W35/><G35/><T108/><D108/><U47/><E47/><V17/><F50/><W21/><G21/><T43/><D102/><AGARI ba="0,1" hai="0,3,54,59,60,65,66,67,78,81,87,98,102,104" machi="102" ten="40,1300,0" yaku="1,1,53,0" doraHai="9" doraHaiUra="129" who="3" fromWho="0" sc="204,-13,198,0,282,0,306,23" /><INIT seed="3,0,0,1,2,83" ten="191,198,282,329" oya="3" hai0="73,17,40,2,99,7,54,65,1,117,130,92,22" hai1="34,61,36,21,104,14,18,72,46,115,127,133,27" hai2="126,51,87,123,67,63,84,11,62,45,91,135,60" hai3="113,37,74,69,52,41,132,110,97,118,98,0,12"/><W93/><G0/><T38/><D117/><U55/><E115/><V10/><F123/><W4/><G118/><T108/><D73/><U23/><E104/><V42/><F126/><W121/><G69/><T75/><D75/><U20/><E72/><V33/><F33/><W134/><G74/><T88/><D65/><U19/><E127/><V109/><F109/><W32/><G32/><T90/><D130/><U94/><E133/><N who="3" m="51306" /><G121/><T76/><D76/><U95/><E34/><V66/><F135/><W9/><G113/><T47/><D108/><U44/><E36/><V26/><F26/><W5/><G110/><T28/><D7/><U103/><E21/><V116/><F116/><W100/><G37/><T122/><D28/><U131/><E131/><V77/><F67/><W79/><G79/><T59/><D90/><U56/><E103/><V15/><F66/><W13/><G41/><T29/><D29/><U48/><E46/><V107/><F107/><W101/><G52/><AGARI ba="0,0" hai="14,18,19,20,23,27,44,48,52,55,56,61,94,95" machi="52" ten="30,3900,0" yaku="7,1,8,1,54,1" doraHai="83" who="1" fromWho="3" sc="191,0,198,39,282,0,329,-39" /><INIT seed="4,0,0,2,0,127" ten="191,237,282,290" oya="0" hai0="93,73,53,27,131,23,30,57,69,102,84,118,16" hai1="99,1,100,92,89,24,67,123,90,75,117,124,11" hai2="29,37,98,86,105,63,72,15,10,126,80,106,55" hai3="101,85,5,129,61,33,94,52,62,64,97,125,70"/><T59/><D73/><U20/><E123/><V60/><F37/><W51/><G125/><T122/><D69/><U41/><E124/><V45/><F72/><W95/><G33/><T48/><D122/><U56/><E117/><V79/><F126/><W113/><G113/><T6/><D118/><U13/><E75/><V3/><F3/><W36/><G36/><T133/><D6/><U21/><E41/><V39/><F29/><W119/><G119/><T110/><D110/><U34/><E34/><V115/><F115/><W2/><G2/><T31/><D133/><U135/><E135/><V42/><F55/><W132/><G132/><T25/><D131/><U107/><E1/><V50/><F39/><W19/><G5/><T0/><D0/><U134/><E107/><V116/><F116/><W83/><G62/><T18/><D59/><U65/><E134/><V76/><F76/><W38/><G38/><T74/><D74/><U109/><E109/><V112/><F112/><W47/><G19/><T4/><D4/><N who="1" m="3303" /><E56/><V58/><F98/><W87/><G129/><T12/><D18/><N who="1" m="12311" /><E21/><V77/><F77/><W7/><G7/><T44/><D57/><U8/><E8/><V108/><F108/><W40/><G83/><T28/><D84/><U103/><E103/><V78/><F78/><W111/><G111/><T128/><D128/><U14/><E14/><V68/><F68/><W88/><G40/><T43/><D43/><U121/><E121/><V22/><F10/><W26/><G26/><N who="0" m="9739" /><D102/><U35/><E35/><V49/><F79/><W54/><G87/><T17/><D17/><RYUUKYOKU ba="0,0" sc="191,10,237,10,282,-30,290,10" hai0="12,16,23,28,30,31,44,48,53,93" hai1="65,67,89,90,92,99,100" hai3="47,51,52,54,61,64,70,85,88,94,95,97,101" /><INIT seed="4,1,0,0,5,115" ten="201,247,252,300" oya="0" hai0="62,118,80,23,52,34,9,15,135,29,39,92,44" hai1="73,8,123,68,50,38,125,61,47,28,108,48,51" hai2="18,30,69,53,99,58,35,54,105,66,17,1,109" hai3="76,94,75,128,31,106,26,3,41,124,43,95,131"/><T70/><D34/><U112/><E73/><V40/><F109/><W127/><G3/><T59/><D70/><U114/><E108/><V45/><F1/><W13/><G106/><T55/><D118/><U74/><E74/><V98/><F69/><W91/><G13/><T77/><D135/><U49/><E28/><V14/><F35/><N who="3" m="20983" /><G76/><T126/><D126/><N who="3" m="48169" /><G75/><T129/><D129/><N who="3" m="49737" /><G95/><T93/><D23/><U5/><E125/><V21/><F30/><W113/><G113/><N who="1" m="43626" /><E5/><V42/><F14/><W111/><G111/><T97/><D29/><U32/><E32/><V36/><F105/><W82/><G82/><T24/><D24/><U88/><E8/><V121/><F21/><W0/><G0/><T116/><D116/><U56/><E88/><V65/><F18/><W81/><G81/><T67/><D92/><U22/><E22/><V2/><F17/><W11/><G11/><T33/><D33/><U100/><E100/><V72/><F2/><W27/><G27/><T110/><D110/><U71/><E123/><V7/><F72/><W6/><G6/><N who="0" m="3511" /><D77/><U120/><E120/><V83/><F7/><W104/><G104/><T60/><D80/><U84/><E84/><AGARI ba="1,0" hai="41,43,84,91,94" m="49737,48169,20983" machi="84" ten="30,2000,0" yaku="18,1,19,1" doraHai="115" who="3" fromWho="1" sc="201,0,247,-23,252,0,300,23" owari="201,-30.0,224,-18.0,252,5.0,323,43.0" /></mjloggm>