<mjloggm ver="2.3"><GO type="169" lobby="0"/><UN n0="%73%6F%64%6F%72" n1="%E9%BE%8D%E9%96%80%E6%B8%95%E9%80%8F%E8%8A%B1" n2="%6F%6E%65%73%74%61%72" n3="%E3%83%88%E3%83%88%E3%83%AA%E5%85%88%E7%94%9F%31%39%E6%AD%B3" dan="16,19,17,18" rate="2062.34,2279.38,2196.72,2153.29" sx="M,M,M,F"/><TAIKYOKU oya="0"/><INIT seed="0,0,0,1,1,55" ten="250,250,250,250" oya="0" hai0="56,31,36,39,82,32,53,115,66,8,61,14,60" hai1="34,3,75,104,102,28,64,130,46,76,135,62,7" hai2="121,85,23,27,94,124,89,93,5,58,41,105,126" hai3="128,131,6,107,86,120,47,65,99,24,15,77,118"/><T30/><D115/><U92/><E92/><V134/><F134/><W9/><G118/><T90/><D32/><U40/><E135/><V133/><F133/><W125/><G120/><T42/><D39/><U18/><E18/><V111/><F111/><W119/><G119/><T57/><D36/><U79/><E130/><N who="3" m="49706" /><G125/><N who="2" m="48233" /><F105/><W108/><G108/><T43/><D90/><U71/><E75/><V26/><F41/><N who="0" m="15370" /><D82/><U100/><E100/><V35/><F35/><W81/><G47/><T74/><D74/><U0/><E76/><V17/><F5/><AGARI ba="0,0" hai="5,8,14,30,31,53,56,57,60,61,66" m="15370" machi="5" ten="30,5800,0" yaku="8,1,52,2" doraHai="55" who="0" fromWho="2" sc="250,58,250,0,250,-58,250,0" /><INIT seed="0,1,0,1,2,73" ten="308,250,192,250" oya="0" hai0="11,111,60,109,4,103,84,96,83,87,107,19,36" hai1="18,38,128,99,123,130,17,37,102,5,120,27,90" hai2="132,57,97,31,75,8,104,59,9,105,69,82,70" hai3="85,41,25,135,26,53,42,125,49,114,78,33,124"/><T14/><D36/><N who="1" m="13931" /><E5/><V58/><F31/><W133/><G114/><T24/><D60/><U72/><E90/><V44/><F44/><W28/><G25/><T1/><D24/><U63/><E72/><V77/><F132/><N who="3" m="50763" /><G53/><T98/><D98/><U46/><E46/><V65/><F65/><W62/><G62/><T7/><D87/><U47/><E47/><V88/><F104/><W86/><G49/><T101/><D101/><U21/><E18/><V13/><F8/><W116/><G86/><T126/><D126/><N who="3" m="48745" /><G116/><T134/><D134/><U56/><E63/><V39/><F39/><W115/><G115/><T117/><D117/><U108/><E27/><V122/><F122/><W30/><G30/><T113/><D113/><U76/><E123/><V106/><F106/><W52/><G52/><T12/><D1/><U71/><E120/><V0/><F0/><W67/><G67/><T61/><D61/><U100/><E71/><V23/><F23/><W45/><G45/><T10/><D19/><U112/><E17/><V64/><F64/><W79/><G85/><T51/><D51/><U16/><E16/><V50/><F50/><W80/><G80/><T2/><D2/><U66/><E66/><V68/><F105/><W110/><G110/><T92/><D107/><U131/><E108/><V95/><REACH who="2" step="1"/><F69/><REACH who="2" ten="308,250,182,250" step="2"/><W34/><G34/><T15/><D111/><U32/><E32/><V94/><F94/><W119/><G119/><T54/><D109/><U74/><E21/><V48/><F48/><W118/><G118/><T3/><D54/><U20/><E20/><V29/><F29/><RYUUKYOKU ba="1,1" sc="308,10,250,-30,182,10,250,10" hai0="3,4,7,10,11,12,14,15,83,84,92,96,103" hai2="9,13,57,58,59,68,70,75,77,82,88,95,97" hai3="26,28,33,41,42,78,79" /><INIT seed="0,2,1,1,5,75" ten="318,220,192,260" oya="0" hai0="84,76,82,63,45,31,96,41,95,2,123,108,131" hai1="0,122,56,5,20,47,22,57,134,109,127,44,81" hai2="66,39,72,70,87,58,29,117,26,50,69,11,59" hai3="73,28,6,101,19,12,133,99,83,111,30,125,16"/><T38/><D2/><U53/><E122/><V86/><F72/><W61/><G111/><T126/><D123/><U118/><E118/><V110/><F39/><W107/><G133/><T124/><D108/><U8/><E109/><V98/><F110/><W100/><G125/><N who="0" m="48235" /><D131/><U4/><E134/><V115/><F98/><W97/><G6/><T60/><D31/><U18/><E127/><V34/><F115/><W24/><G61/><T17/><D17/><U62/><E5/><V43/><F117/><W65/><G65/><T93/><D93/><U23/><E18/><V78/><F87/><W104/><G12/><T103/><AGARI ba="2,1" hai="38,41,45,60,63,76,82,84,95,96,103" m="48235" machi="103" ten="30,3000,0" yaku="18,1,52,1" doraHai="75" who="0" fromWho="0" sc="318,46,220,-12,192,-12,260,-12" /><INIT seed="0,3,0,3,0,0" ten="364,208,180,248" oya="0" hai0="39,99,43,130,18,72,28,83,11,57,48,132,53" hai1="112,94,68,52,29,109,27,5,40,65,92,135,91" hai2="64,93,49,17,115,119,114,131,37,6,87,74,3" hai3="69,78,110,127,123,75,56,21,124,86,105,16,98"/><T20/><D130/><U61/><E40/><V23/><F74/><W33/><G69/><T120/><D120/><U117/><E117/><V50/><F37/><W89/><G33/><T121/><D121/><U63/><E109/><V95/><F119/><W134/><G123/><T41/><D132/><U38/><E38/><V32/><F32/><W103/><G134/><T85/><D72/><U30/><E112/><V126/><F64/><W122/><G122/><T42/><D99/><U88/><E135/><V79/><F131/><W101/><G101/><T12/><D39/><U1/><E92/><V54/><F49/><W116/><G116/><T44/><D44/><U118/><E118/><V25/><F95/><N who="3" m="54711" /><G56/><T76/><REACH who="0" step="1"/><D28/><REACH who="0" ten="354,208,180,248" step="2"/><U59/><E30/><V129/><F129/><W102/><G110/><T55/><D55/><U81/><E29/><V9/><F115/><W82/><G102/><T73/><D73/><U34/><E52/><V106/><F114/><W84/><G84/><T58/><D58/><U60/><E59/><V46/><F54/><W125/><G125/><T26/><D26/><AGARI ba="3,1" hai="16,21,26,75,78,82,98,103,105,124,127" m="54711" machi="26" ten="30,2000,0" yaku="24,1,54,1" doraHai="0" who="3" fromWho="0" sc="354,-29,208,0,180,0,248,39" /><INIT seed="1,0,0,3,4,2" ten="325,208,180,287" oya="1" hai0="65,135,67,34,114,129,112,110,134,10,113,1,58" hai1="75,104,123,40,74,38,133,72,80,42,87,108,16" hai2="20,62,103,106,89,24,28,115,19,125,128,117,15" hai3="126,71,94,27,100,130,127,23,98,109,13,48,96"/><U56/><E123/><V45/><F128/><W59/><G71/><T36/><D34/><U55/><E104/><V51/><F125/><N who="3" m="47627" /><G130/><T53/><D129/><U119/><E119/><V63/><F115/><W6/><G109/><T43/><D10/><U83/><E108/><V68/><F117/><W66/><G98/><T118/><D1/><U31/><E31/><V76/><F76/><W17/><G48/><N who="0" m="31015" /><D110/><U47/><E133/><N who="0" m="50697" /><D118/><U90/><E42/><V22/><F68/><W120/><G120/><T122/><D122/><U116/><E116/><V84/><F103/><W26/><G6/><T54/><D54/><U79/><REACH who="1" step="1"/><E16/><REACH who="1" ten="325,198,180,287" step="2"/><V35/><F106/><W37/><G37/><T18/><D18/><U9/><E9/><V52/><REACH who="2" step="1"/><F35/><REACH who="2" ten="325,198,170,287" step="2"/><W3/><G23/><T8/><D8/><U4/><E4/><V97/><F97/><W77/><G96/><T30/><D30/><U92/><E92/><AGARI ba="0,2" hai="15,19,20,22,24,28,45,51,52,62,63,84,89,92" machi="92" ten="30,7700,0" yaku="1,1,7,1,8,1,54,1,53,0" doraHai="2" doraHaiUra="107" who="2" fromWho="1" sc="325,0,198,-77,170,97,287,0" /><INIT seed="2,0,0,2,0,1" ten="325,121,267,287" oya="2" hai0="133,27,81,86,83,3,77,24,49,19,113,53,44" hai1="41,12,111,36,31,99,10,85,45,107,4,106,64" hai2="16,128,55,131,105,87,84,61,11,21,66,32,76" hai3="94,37,29,75,67,124,129,72,104,56,33,30,48"/><V110/><F32/><W115/><G104/><T80/><D3/><U122/><E111/><V5/><F105/><W135/><G37/><T79/><D113/><U132/><E132/><V39/><F39/><W2/><G135/><T134/><D133/><U15/><E122/><V42/><F42/><W127/><G2/><T103/><D134/><U22/><E64/><V95/><F55/><N who="3" m="31847" /><G115/><T25/><D103/><U35/><E99/><V126/><F110/><W82/><G129/><N who="2" m="49737" /><F76/><W14/><G67/><T73/><REACH who="0" step="1"/><D83/><REACH who="0" ten="315,121,267,287" step="2"/><U69/><E106/><V60/><F95/><W101/><G82/><T52/><D52/><U130/><E107/><V118/><F118/><W78/><G94/><T63/><D63/><U57/><E130/><V74/><F61/><W91/><G101/><T108/><D108/><U88/><E41/><V70/><F126/><W125/><G124/><T8/><D8/><U50/><E10/><V7/><F74/><W114/><G75/><T20/><AGARI ba="0,1" hai="19,20,24,25,27,44,49,53,73,77,79,80,81,86" machi="20" ten="30,2000,0" yaku="1,1,0,1,53,0" doraHai="1" doraHaiUra="89" who="0" fromWho="0" sc="315,30,121,-5,267,-10,287,-5" /><INIT seed="3,0,0,3,0,1" ten="345,116,257,282" oya="3" hai0="135,88,19,33,40,17,85,114,119,11,111,81,86" hai1="61,122,66,132,96,29,39,123,36,13,22,5,130" hai2="101,63,78,83,24,113,47,109,28,12,68,50,93" hai3="79,37,43,73,100,80,107,99,117,87,9,89,90"/><W120/><G117/><T115/><D33/><U64/><E130/><V76/><F109/><W121/><G43/><T8/><D119/><U69/><E132/><V129/><F129/><W103/><G37/><T26/><D111/><U14/><E66/><V127/><F127/><W16/><G90/><N who="0" m="51503" /><D40/><U77/><E77/><V34/><F78/><W46/><G46/><T82/><D135/><U52/><E39/><V23/><F113/><N who="0" m="43018" /><D26/><U125/><E36/><V74/><F68/><W133/><G133/><T49/><D49/><U108/><E108/><V3/><F3/><W32/><G32/><T106/><D106/><U51/><E125/><V7/><F63/><W55/><G55/><T59/><D59/><U128/><E128/><V112/><F112/><W31/><G31/><T131/><D131/><U71/><E71/><V67/><F67/><W4/><G100/><T30/><D30/><U38/><E38/><V102/><F93/><W25/><G25/><T65/><D65/><U116/><E116/><V70/><F70/><W62/><G62/><T104/><D104/><U58/><E29/><V92/><F92/><N who="3" m="54335" /><G16/><AGARI ba="0,0" hai="8,11,16,17,19,82,86,88" m="43018,51503" machi="16" ten="30,3900,0" yaku="11,1,54,2" doraHai="1" who="0" fromWho="3" sc="345,39,116,0,257,0,282,-39" /><INIT seed="4,0,0,2,2,106" ten="384,116,257,243" oya="0" hai0="38,122,57,101,84,110,79,74,66,76,94,18,128" hai1="102,95,41,58,113,132,89,46,4,21,75,67,127" hai2="52,20,43,80,129,120,33,98,71,83,124,12,116" hai3="108,86,59,68,30,70,81,115,97,2,31,55,9"/><T78/><D38/><U134/><E127/><V131/><F71/><W1/><G108/><T6/><D122/><U77/><E102/><V22/><F124/><W16/><G115/><T117/><D117/><U47/><E113/><V88/><F33/><W51/><G97/><T8/><D110/><U29/><E4/><V56/><F43/><W103/><G103/><T91/><D128/><N who="2" m="49226" /><F116/><W28/><G2/><T23/><D101/><U126/><E126/><V111/><F111/><W32/><G32/><T104/><D104/><U96/><E67/><V69/><F69/><W118/><G118/><T82/><D66/><U37/><E58/><V65/><F65/><W50/><G50/><T40/><D57/><U13/><E47/><V48/><F120/><W60/><G60/><T36/><D40/><U112/><E112/><V64/><F64/><W123/><G123/><T24/><REACH who="0" step="1"/><D36/><REACH who="0" ten="374,116,257,243" step="2"/><U73/><E132/><V93/><F12/><AGARI ba="0,1" hai="6,8,12,18,23,24,74,76,78,79,82,84,91,94" machi="12" ten="30,11600,0" yaku="1,1,2,1,7,1,52,1,53,0" doraHai="106" doraHaiUra="42" who="0" fromWho="2" sc="374,126,116,0,257,-116,243,0" /><INIT seed="4,1,0,3,0,17" ten="500,116,141,243" oya="0" hai0="84,6,51,50,42,25,125,102,117,100,93,3,122" hai1="45,89,52,20,16,88,130,120,113,1,112,38,66" hai2="107,115,68,65,35,114,104,14,44,46,0,33,119" hai3="98,48,81,79,40,19,62,78,71,105,57,67,43"/><T91/><D122/><U18/><E120/><V94/><F0/><W4/><G79/><T22/><D117/><U59/><E1/><V28/><F119/><W24/><G4/><T118/><D118/><U129/><E66/><V60/><F14/><W101/><G48/><T124/><D6/><U31/><E31/><V111/><F111/><W80/><G57/><T41/><D3/><U127/><E127/><N who="0" m="48713" /><D51/><N who="1" m="31135" /><E18/><V37/><F94/><W108/><G108/><T70/><D70/><U54/><E54/><V56/><F56/><W34/><G80/><T126/><D126/><U63/><E63/><V133/><F133/><W87/><G19/><N who="0" m="12511" /><D50/><U97/><E38/><V64/><F64/><W69/><REACH who="3" step="1"/><G71/><REACH who="3" ten="500,116,141,233" step="2"/><T86/><D84/><U74/><E74/><V96/><F37/><W72/><G72/><T121/><D121/><U95/><E45/><V83/><F83/><W58/><G58/><T134/><D134/><U7/><E7/><V73/><F44/><W77/><G77/><T75/><D75/><U53/><E53/><V8/><F73/><W13/><G13/><T106/><D106/><U49/><E49/><V55/><F107/><W132/><G132/><T9/><D9/><U30/><E30/><AGARI ba="1,1" hai="24,30,34,40,43,62,67,69,78,81,87,98,101,105" machi="30" ten="40,8000,1" yaku="1,1,25,2,53,2" doraHai="17" doraHaiUra="36" who="3" fromWho="1" sc="500,0,116,-83,141,0,233,93" /><INIT seed="5,0,0,0,2,115" ten="500,33,141,326" oya="1" hai0="78,107,64,24,27,72,103,119,112,25,125,105,83" hai1="57,42,36,43,21,50,74,40,79,94,55,22,60" hai2="51,30,82,7,95,127,32,11,34,52,85,99,23" hai3="100,71,77,28,101,120,1,31,113,132,122,135,110"/><U111/><E111/><V44/><F127/><W2/><G77/><T46/><D112/><U8/><E36/><V70/><F70/><W62/><G113/><T38/><D119/><U39/><E39/><V86/><F23/><N who="1" m="8713" /><E74/><V124/><F124/><W35/><G62/><T19/><D125/><U108/><E108/><V10/><F10/><W91/><G110/><T48/><D38/><U80/><E8/><V4/><F4/><W128/><G91/><T67/><D19/><U87/><E94/><V58/><F44/><AGARI ba="0,0" hai="40,42,43,44,50,55,57,60,79,80,87" m="8713" machi="44" ten="30,1500,0" yaku="8,1" doraHai="115" who="1" fromWho="2" sc="500,0,33,15,141,-15,326,0" /><INIT seed="5,1,0,3,3,128" ten="500,48,126,326" oya="1" hai0="129,7,55,43,121,39,133,84,72,135,18,112,127" hai1="120,95,111,25,109,41,78,77,104,68,11,94,118" hai2="14,35,87,24,62,102,67,85,70,53,116,82,29" hai3="108,126,47,132,83,56,76,5,32,16,73,107,51"/><U26/><E118/><V131/><F131/><W100/><G108/><N who="1" m="41546" /><E120/><V45/><F116/><W59/><G32/><T101/><D72/><U13/><E104/><V123/><F123/><W27/><G126/><T91/><D129/><U96/><E68/><V31/><F31/><W49/><G5/><T2/><D121/><U60/><E60/><V38/><F14/><W117/><G117/><T44/><D127/><U28/><E41/><V34/><F34/><W52/><G132/><N who="0" m="50763" /><D112/><U15/><E15/><V10/><F10/><W106/><G100/><T21/><D101/><N who="1" m="60567" /><E95/><V134/><F134/><W23/><G59/><T61/><D61/><U105/><E105/><V79/><F102/><W113/><G113/><T20/><D55/><AGARI ba="1,0" hai="16,23,27,47,49,51,52,55,56,73,76,83,106,107" machi="55" ten="30,3900,0" yaku="7,1,54,2" doraHai="128" who="3" fromWho="0" sc="500,-42,48,0,126,0,326,42" /><INIT seed="6,0,0,3,3,90" ten="458,48,126,368" oya="2" hai0="33,20,120,50,129,107,86,87,44,21,116,35,133" hai1="113,128,75,51,65,131,13,43,67,72,82,62,85" hai2="135,71,119,111,102,39,56,100,66,125,99,9,95" hai3="115,96,118,5,37,54,70,94,114,77,34,16,27"/><V57/><F119/><W29/><G118/><T101/><D116/><U73/><E113/><N who="3" m="43018" /><G70/><T12/><D120/><U42/><E13/><V4/><F135/><W109/><G109/><T127/><D133/><U91/><E65/><V61/><F111/><W89/><G37/><T98/><D127/><U117/><E117/><V30/><F125/><W84/><G5/><T79/><D129/><U126/><E126/><V122/><F122/><W23/><G54/><T134/><D134/><U55/><E55/><V52/><F39/><W110/><G110/><T22/><D12/><U88/><E91/><V7/><F30/><W36/><G36/><T80/><REACH who="0" step="1"/><D87/><REACH who="0" ten="448,48,126,368" step="2"/><U40/><REACH who="1" step="1"/><E51/><REACH who="1" ten="448,38,126,368" step="2"/><N who="2" m="30751" /><F71/><AGARI ba="0,2" hai="40,42,43,62,67,71,72,73,75,82,85,88,128,131" machi="71" ten="50,3200,0" yaku="1,1,54,1,53,0" doraHai="90" doraHaiUra="8" who="1" fromWho="2" sc="448,0,38,52,126,-32,368,0" /><INIT seed="7,0,0,1,4,94" ten="448,90,94,368" oya="3" hai0="17,7,95,3,78,122,60,75,89,98,93,9,47" hai1="61,4,77,55,105,63,109,37,124,27,0,131,127" hai2="86,84,50,114,32,88,96,45,130,125,103,29,110" hai3="101,52,120,48,106,129,23,6,128,65,36,115,119"/><W38/><G119/><T112/><D122/><U54/><E109/><V19/><F110/><W100/><G120/><T43/><D112/><U72/><E131/><N who="3" m="50250" /><G115/><T132/><D132/><U25/><E105/><V91/><F130/><W99/><G65/><T66/><D17/><U121/><E37/><V35/><F114/><W21/><G6/><T90/><D78/><U2/><E121/><V51/><F125/><N who="1" m="48201" /><E77/><V18/><F103/><W133/><G133/><T8/><D75/><U12/><E12/><V126/><F126/><W15/><G101/><T82/><D82/><U135/><E72/><V56/><F56/><N who="3" m="32775" /><G21/><T102/><D9/><N who="1" m="2183" /><E2/><V10/><F10/><W108/><G108/><T67/><D67/><U68/><E135/><V80/><F35/><W28/><G15/><T22/><D22/><U62/><E68/><V31/><F32/><W44/><G44/><T69/><D95/><U30/><E25/><AGARI ba="0,0" hai="23,25,28,36,38,99,100,106" m="32775,50250" machi="25" ten="30,5800,0" yaku="19,1,52,1,54,1" doraHai="94" who="3" fromWho="1" sc="448,0,90,-58,94,0,368,58" /><INIT seed="7,1,0,4,3,16" ten="448,32,94,426" oya="3" hai0="40,85,103,76,41,19,92,54,23,46,102,78,116" hai1="17,113,60,4,126,105,97,134,37,88,8,52,22" hai2="57,73,62,107,29,131,21,43,18,104,45,50,56" hai3="130,93,99,15,123,108,87,49,33,98,83,38,14"/><W11/><G123/><T64/><D116/><U30/><E37/><V106/><F73/><W127/><G38/><T110/><D110/><U31/><E113/><V69/><F131/><W84/><G33/><T20/><D64/><U12/><E126/><V100/><F69/><W80/><G130/><T91/><D54/><U1/><E134/><V70/><F29/><W61/><G127/><T120/><D120/><U81/><E105/><V65/><REACH who="2" step="1"/><F100/><REACH who="2" ten="448,32,84,426" step="2"/><N who="3" m="60495" /><G108/><T25/><D103/><U129/><E129/><V32/><F32/><W48/><G99/><T117/><D102/><U79/><E79/><V118/><F118/><W121/><G121/><T74/><D117/><U24/><E1/><V51/><F51/><N who="3" m="19531" /><G61/><T35/><D74/><U124/><E124/><V111/><F111/><W13/><G11/><T133/><D35/><U77/><E77/><V58/><F58/><W119/><G119/><T53/><D133/><U135/><E135/><V63/><F63/><W3/><G3/><T114/><D114/><U68/><E68/><V94/><F94/><W101/><G101/><T44/><D78/><U82/><E82/><AGARI ba="1,1" hai="13,14,15,80,82,83,84,87" m="19531,60495" machi="82" ten="30,1500,0" yaku="8,1" doraHai="16" who="3" fromWho="1" sc="448,0,32,-18,84,0,426,28" owari="448,25.0,14,-49.0,84,-32.0,454,56.0" /></mjloggm>