<mjloggm ver="2.3"><GO type="97" lobby="0"/><UN n0="%E5%B0%B1%E6%B4%BB%E7%94%9F%40%E5%B7%9D%E6%9D%91%E8%BB%8D%E5%9B%A3" n1="%E4%BA%94%E4%BB%A3%E8%A3%95%E4%BD%9C" n2="%E5%91%B3%E3%82%8F%E3%81%84%E3%82%AB%E3%83%AA%E3%83%B3" n3="%38%32%31%73%68%69%6E" dan="15,13,14,15" rate="1968.72,1916.16,1866.41,2031.48" sx="M,M,F,M"/><TAIKYOKU oya="0"/><INIT seed="0,0,0,1,4,81" ten="250,250,250,250" oya="0" hai0="135,8,36,20,63,48,0,2,67,38,1,40,30" hai1="109,92,79,86,64,7,66,118,96,23,19,29,21" hai2="125,46,134,26,50,9,123,119,12,126,94,117,68" hai3="35,59,97,103,122,132,53,129,98,88,91,32,69"/><T31/><D135/><U131/><E118/><N who="2" m="45067" /><F68/><W128/><G69/><T47/><D8/><U15/><E109/><V10/><F123/><W45/><G122/><T49/><D49/><U121/><E121/><V28/><F94/><N who="3" m="58807" /><G45/><T22/><D67/><U75/><E75/><V127/><F9/><W58/><G132/><T44/><D63/><U13/><E131/><N who="3" m="50250" /><G98/><T25/><REACH who="0" step="1"/><D44/><REACH who="0" ten="240,250,250,250" step="2"/><U107/><E66/><V106/><F46/><W113/><G113/><T124/><D124/><U130/><E130/><V72/><F50/><N who="3" m="31031" /><G59/><T100/><D100/><U120/><E120/><V62/><F62/><W102/><G102/><T71/><D71/><U83/><E64/><V57/><F57/><W87/><G91/><T105/><D105/><U93/><E107/><V55/><F106/><W95/><AGARI ba="0,1" hai="32,35,87,88,95" m="31031,50250,58807" machi="95" ten="30,4000,0" yaku="19,1,52,1,54,1" doraHai="81" who="3" fromWho="3" sc="240,-20,250,-10,250,-10,250,50" /><INIT seed="1,0,0,5,1,99" ten="220,240,240,300" oya="1" hai0="113,26,6,58,107,16,102,66,47,64,39,1,41" hai1="54,69,80,46,22,105,82,97,51,27,90,4,86" hai2="37,124,18,133,112,127,32,135,72,128,8,109,25" hai3="62,29,71,3,104,76,53,20,35,83,92,100,103"/><U117/><E117/><V31/><F72/><W68/><G104/><T56/><D113/><U130/><E130/><V132/><F37/><W120/><G3/><T21/><D1/><U65/><E4/><V63/><F112/><W23/><G120/><T34/><D6/><U110/><E110/><V19/><F109/><W89/><G35/><T96/><REACH who="0" step="1"/><D34/><REACH who="0" ten="210,240,240,300" step="2"/><U91/><E69/><V14/><F128/><W40/><G71/><T44/><D44/><U30/><E65/><AGARI ba="0,1" hai="16,21,26,39,41,47,56,58,64,65,66,96,102,107" machi="65" ten="40,5200,0" yaku="1,1,52,1,54,1,53,0" doraHai="99" doraHaiUra="11" who="0" fromWho="1" sc="210,62,240,-52,240,0,300,0" /><INIT seed="2,0,0,4,2,6" ten="272,188,240,300" oya="2" hai0="71,108,99,31,115,76,101,57,72,34,92,9,66" hai1="44,17,82,7,83,19,8,129,63,125,5,32,97" hai2="116,30,4,18,15,26,131,65,68,3,105,85,73" hai3="109,100,69,94,107,79,128,118,14,104,50,43,103"/><V123/><F73/><W88/><G69/><T134/><D115/><U93/><E32/><V124/><F105/><W60/><G118/><T22/><D71/><U42/><E63/><V135/><F68/><W96/><G128/><T41/><D34/><U102/><E125/><V86/><F65/><W13/><G109/><T47/><D108/><U16/><E5/><V113/><F113/><W10/><G14/><T130/><D134/><U62/><E62/><V48/><F116/><W35/><G35/><T20/><D130/><U38/><REACH who="1" step="1"/><E129/><REACH who="1" ten="272,178,240,300" step="2"/><V36/><F131/><W2/><G60/><T67/><D67/><U78/><E78/><V70/><F4/><N who="3" m="3271" /><G79/><T112/><D76/><U1/><AGARI ba="0,1" hai="1,7,8,16,17,19,38,42,44,82,83,93,97,102" machi="1" ten="30,7900,0" yaku="1,1,0,1,52,1,54,1,53,0" doraHai="6" doraHaiUra="28" who="1" fromWho="1" sc="272,-20,178,89,240,-39,300,-20" /><INIT seed="3,0,0,3,5,24" ten="252,267,201,280" oya="3" hai0="84,57,105,23,126,4,116,1,49,48,113,39,67" hai1="114,20,63,82,44,121,42,14,10,88,133,73,87" hai2="90,37,112,118,91,103,26,3,80,22,45,9,106" hai3="123,52,104,72,31,55,60,94,28,129,56,115,54"/><W33/><G104/><T40/><D105/><U2/><E114/><V125/><F112/><W128/><G33/><T110/><D113/><U17/><E121/><V19/><F118/><W97/><G115/><T11/><D116/><U95/><E133/><V6/><F125/><W32/><G32/><T83/><D126/><U15/><E2/><V46/><F46/><W74/><G123/><T96/><D110/><U41/><E63/><V78/><F103/><N who="3" m="60855" /><G74/><T75/><D75/><U12/><E10/><V99/><F106/><W16/><G16/><T134/><D134/><U120/><E120/><V7/><F7/><W86/><G86/><T50/><D96/><N who="1" m="57447" /><E73/><N who="2" m="43087" /><F99/><W51/><G72/><T81/><D81/><U47/><E44/><V108/><F108/><W61/><G51/><T66/><D39/><U71/><E71/><V34/><F34/><W43/><G43/><AGARI ba="0,0" hai="3,6,9,19,22,26,37,43,45,90,91" m="43087" machi="43" ten="30,1000,0" yaku="25,1" doraHai="24" who="2" fromWho="3" sc="252,0,267,0,201,10,280,-10" /><INIT seed="4,0,0,3,3,86" ten="252,267,211,270" oya="0" hai0="45,134,38,22,30,72,37,20,32,25,14,85,9" hai1="91,33,17,4,46,103,2,131,50,122,121,123,6" hai2="65,10,63,135,8,31,19,71,68,59,108,70,26" hai3="119,15,48,125,127,16,57,78,81,56,101,87,129"/><T80/><D134/><U128/><E33/><V51/><F108/><W105/><G119/><T54/><D72/><U47/><E103/><V106/><F135/><W0/><G0/><T124/><D124/><N who="3" m="47689" /><G129/><N who="1" m="49738" /><E17/><V18/><F106/><W116/><G116/><T61/><D38/><U132/><E132/><V83/><F83/><W66/><G66/><T40/><D61/><U74/><E74/><V100/><F100/><W98/><G48/><T60/><D60/><U3/><E6/><V99/><F99/><W7/><G7/><T93/><D93/><U113/><E113/><V96/><F96/><W52/><G52/><T95/><D54/><N who="1" m="30039" /><E47/><V109/><F109/><W130/><G130/><T53/><D95/><U115/><E115/><V133/><F133/><W97/><G97/><T117/><D53/><U13/><E3/><V41/><F51/><W79/><G79/><T35/><D35/><U82/><E2/><V34/><REACH who="2" step="1"/><F41/><REACH who="2" ten="252,267,201,270" step="2"/><W76/><G76/><T23/><D117/><U62/><E123/><V27/><F27/><W90/><G78/><T73/><D73/><U49/><E49/><V67/><F67/><W55/><G55/><T126/><D126/><U88/><E62/><V107/><F107/><W12/><G12/><T104/><D104/><U75/><E75/><V21/><F21/><AGARI ba="0,1" hai="15,16,21,56,57,81,87,90,98,101,105" m="47689" machi="21" ten="30,3900,0" yaku="18,1,52,1,54,1" doraHai="86" who="3" fromWho="2" sc="252,0,267,0,201,-39,270,49" owari="252,-15.0,267,7.0,162,-34.0,319,42.0" /></mjloggm>