<mjloggm ver="2.3"><GO type="97" lobby="0"/><UN n0="%E5%B0%B1%E6%B4%BB%E7%94%9F%40%E5%B7%9D%E6%9D%91%E8%BB%8D%E5%9B%A3" n1="%63%61%72%6E%61%67%65" n2="%E3%83%AA%E3%83%AA%EF%BC%8D%E3%83%8A" n3="%4C%53%E9%99%BD" dan="14,16,13,15" rate="2020.72,2037.83,1907.26,1963.96" sx="M,M,F,M"/><TAIKYOKU oya="0"/><INIT seed="0,0,0,4,4,30" ten="250,250,250,250" oya="0" hai0="45,61,119,24,36,97,54,79,132,75,101,93,118" hai1="91,112,48,5,77,19,20,38,55,51,130,0,70" hai2="1,64,13,89,116,85,40,28,66,26,44,104,43" hai3="80,72,12,123,135,100,120,21,95,3,47,27,32"/><T122/><D122/><N who="3" m="46633" /><G3/><T39/><D132/><U69/><E38/><V22/><F1/><W124/><G124/><T88/><D75/><U14/><E77/><V2/><F2/><W41/><G135/><T94/><D79/><U17/><E130/><V84/><F116/><W67/><G67/><T99/><D24/><U68/><E112/><V58/><F104/><W103/><G12/><T31/><D31/><U117/><E117/><V71/><F71/><W76/><G95/><T92/><D92/><U9/><E19/><V37/><F43/><W34/><G100/><T33/><D33/><U29/><E29/><V111/><F111/><W115/><G103/><T81/><D81/><U53/><E91/><V8/><F58/><W62/><G62/><T83/><D83/><U6/><E6/><V109/><F85/><W46/><G115/><T78/><D78/><U107/><E107/><V113/><F109/><W50/><G46/><T131/><D131/><U16/><E17/><AGARI ba="0,0" hai="17,21,27,32,34,41,47,50,72,76,80" m="46633" machi="17" ten="30,3900,0" yaku="13,1,52,2" doraHai="30" who="3" fromWho="1" sc="250,0,250,-39,250,0,250,39" /><INIT seed="1,0,0,3,4,35" ten="250,211,250,289" oya="1" hai0="122,105,73,33,106,94,31,47,2,95,114,12,99" hai1="10,11,119,100,3,26,56,13,75,79,96,125,86" hai2="82,9,78,39,43,112,83,45,42,91,1,36,59" hai3="101,80,98,52,120,85,69,104,129,89,16,30,0"/><U109/><E119/><V84/><F112/><W116/><G116/><T131/><D73/><U37/><E125/><V53/><F43/><W134/><G120/><T8/><D114/><U46/><E86/><V133/><F133/><W72/><G69/><T87/><D122/><U58/><E26/><V76/><F83/><W40/><G40/><T111/><D111/><U127/><E127/><V29/><F29/><W48/><G134/><T67/><D131/><U21/><E109/><V5/><REACH who="2" step="1"/><F39/><REACH who="2" ten="250,211,240,289" step="2"/><W103/><G30/><T113/><D31/><U15/><E75/><V117/><F117/><W27/><G80/><T130/><D33/><U88/><E37/><V121/><F121/><W38/><G38/><T60/><D113/><U28/><E79/><V55/><F55/><W132/><G52/><T32/><D130/><U22/><E28/><V20/><F20/><N who="3" m="13703" /><G129/><T92/><D32/><U77/><E77/><V102/><F102/><W23/><G23/><T19/><D87/><U115/><E100/><V14/><F14/><W128/><G103/><T64/><D64/><U66/><E115/><V108/><F108/><W41/><G72/><T24/><D24/><U123/><E123/><V7/><F7/><W124/><G124/><T18/><D99/><U17/><E66/><V70/><F70/><W118/><G118/><T54/><D54/><U65/><E65/><V93/><F93/><N who="3" m="54447" /><G128/><T6/><D106/><U97/><E22/><V50/><AGARI ba="0,1" hai="1,5,9,36,42,45,50,53,59,76,78,82,84,91" machi="50" ten="20,5200,0" yaku="1,1,0,1,7,1,52,1,53,0" doraHai="35" doraHaiUra="126" who="2" fromWho="2" sc="250,-13,211,-26,240,62,289,-13" /><INIT seed="2,0,0,4,3,56" ten="237,185,302,276" oya="2" hai0="62,34,99,130,21,70,12,54,77,69,68,129,29" hai1="42,15,28,74,1,86,9,94,108,115,39,48,50" hai2="110,47,45,81,121,58,38,43,3,93,5,2,72" hai3="30,67,57,105,117,13,8,4,107,36,133,76,35"/><V92/><F121/><W24/><G117/><T25/><D77/><U113/><E74/><V132/><F132/><W26/><G133/><T53/><D99/><U95/><E1/><V27/><F110/><W116/><G36/><T63/><D34/><U83/><E28/><V37/><F27/><W88/><G116/><T19/><D54/><U127/><E108/><V73/><F58/><W49/><G76/><T91/><D91/><U18/><E127/><V102/><F102/><W101/><G101/><T0/><D0/><U84/><E39/><V126/><F126/><W78/><G78/><T20/><REACH who="0" step="1"/><D53/><REACH who="0" ten="227,185,302,276" step="2"/><U71/><E113/><V122/><F122/><W7/><G88/><T17/><D17/><U75/><E115/><V51/><F43/><W80/><G35/><T120/><D120/><U52/><E42/><V87/><F5/><W65/><G7/><T100/><D100/><U90/><E75/><V125/><F125/><W82/><G4/><T16/><D16/><U118/><E118/><V79/><F79/><W32/><G32/><T128/><AGARI ba="0,1" hai="12,19,20,21,25,29,62,63,68,69,70,128,129,130" machi="128" ten="40,8000,1" yaku="1,1,0,1,19,1,52,2,53,0" doraHai="56" doraHaiUra="6" who="0" fromWho="0" sc="227,90,185,-20,302,-40,276,-20" /><INIT seed="3,0,0,1,4,116" ten="317,165,262,256" oya="3" hai0="8,2,24,95,130,84,90,132,6,112,82,19,54" hai1="53,40,113,106,65,60,56,43,94,73,135,105,88" hai2="118,86,75,44,22,14,42,49,96,36,21,101,41" hai3="124,107,28,18,52,20,35,81,92,129,78,80,63"/><W39/><G107/><T11/><D112/><U133/><E73/><V50/><F75/><W93/><G129/><T70/><D70/><U122/><E113/><V45/><F118/><W114/><G124/><T134/><D130/><U102/><E106/><V5/><F36/><W13/><G39/><T103/><D54/><U27/><E105/><V57/><F57/><N who="3" m="35239" /><G35/><T0/><D24/><U117/><E102/><V64/><F64/><W30/><G114/><T48/><D48/><U72/><E72/><V9/><REACH who="2" step="1"/><F86/><REACH who="2" ten="317,165,252,256" step="2"/><N who="3" m="48407" /><G81/><T38/><D38/><U68/><E117/><V108/><F108/><W91/><G93/><AGARI ba="0,1" hai="5,9,14,21,22,41,42,44,45,49,50,93,96,101" machi="93" ten="30,7700,0" yaku="1,1,7,1,9,1,8,1,53,0" doraHai="116" doraHaiUra="34" who="2" fromWho="3" sc="317,0,165,0,252,87,256,-77" owari="317,12.0,165,-33.0,339,43.0,179,-22.0" /></mjloggm>