<mjloggm ver="2.3"><GO type="41" lobby="0"/><UN n0="%E7%B4%AB%E5%90%B9%E8%98%AD" n1="%45%6C%67%69%6E%31%32%33" n2="%58%75%73%65%56" n3="%E5%B0%B1%E6%B4%BB%E7%94%9F%40%E5%B7%9D%E6%9D%91%E8%BB%8D%E5%9B%A3" dan="14,15,14,17" rate="1990.53,2066.19,1921.26,2142.32" sx="F,M,M,M"/><TAIKYOKU oya="0"/><INIT seed="0,0,0,1,0,85" ten="250,250,250,250" oya="0" hai0="32,6,128,9,11,24,108,37,22,36,105,110,122" hai1="53,0,76,16,27,109,28,62,133,55,115,57,100" hai2="94,61,123,107,102,111,46,33,48,49,39,112,91" hai3="38,116,21,97,106,135,75,74,113,23,56,18,131"/><T72/><D105/><U77/><E109/><N who="0" m="42089" /><D122/><U58/><E0/><V84/><F123/><W83/><G38/><N who="0" m="14955" /><D72/><U134/><E115/><V59/><F111/><W8/><G106/><T98/><D128/><U51/><E100/><V104/><F33/><W125/><G83/><T80/><D32/><U69/><E69/><V14/><F112/><W17/><G75/><T92/><D80/><U66/><E66/><V79/><F39/><W114/><G74/><T60/><D60/><U65/><E65/><V90/><F49/><W12/><G114/><T34/><D6/><U54/><E54/><V19/><F79/><W45/><G131/><T4/><D4/><U89/><E89/><N who="2" m="33803" /><F107/><W121/><G135/><N who="1" m="51722" /><E28/><V78/><F78/><W10/><G121/><T73/><D73/><U126/><E126/><V127/><F127/><W20/><G125/><T1/><D1/><U44/><E44/><V130/><F130/><W3/><G45/><T67/><D67/><U71/><E71/><V119/><F119/><W26/><G3/><T43/><D34/><U41/><E41/><V99/><F61/><W25/><G116/><T129/><D43/><U124/><E124/><V30/><F30/><W88/><G113/><T35/><D129/><U95/><E95/><V93/><F84/><W31/><G56/><T50/><D35/><U117/><E117/><V40/><F59/><W96/><G96/><T15/><D50/><U47/><E58/><V13/><F93/><AGARI ba="0,0" hai="8,10,12,17,18,20,21,23,25,26,31,88,93,97" machi="93" ten="40,5200,0" yaku="8,1,52,1,54,1" doraHai="85" who="3" fromWho="2" sc="250,0,250,0,250,-52,250,52" /><INIT seed="1,0,0,3,0,135" ten="250,250,198,302" oya="1" hai0="13,132,15,29,103,48,121,112,53,10,23,108,20" hai1="134,72,57,37,63,38,85,105,130,92,46,91,102" hai2="123,133,32,99,120,73,19,109,116,87,28,131,101" hai3="16,100,66,68,127,24,75,59,126,79,67,81,115"/><U26/><E134/><V62/><F73/><W80/><G68/><T17/><D132/><U12/><E72/><V21/><F133/><W51/><G115/><T106/><D112/><U89/><E130/><V7/><F116/><W117/><G117/><T2/><D108/><U11/><E46/><V61/><F109/><W41/><G100/><T45/><D2/><U4/><E26/><V1/><F131/><W36/><G36/><T6/><D106/><U107/><E107/><V60/><F123/><W49/><G81/><T14/><D121/><U82/><E102/><V125/><F125/><N who="3" m="47627" /><G41/><T9/><D103/><U39/><E105/><V74/><F74/><W50/><G59/><T110/><D110/><U76/><REACH who="1" step="1"/><E92/><REACH who="1" ten="250,240,198,302" step="2"/><V97/><F101/><W93/><G93/><T5/><D29/><U114/><E114/><V18/><F120/><W34/><G34/><T35/><D35/><U71/><E71/><V52/><F32/><W27/><G24/><T43/><D43/><U124/><E124/><V78/><F28/><W95/><G95/><T56/><D45/><U119/><E119/><V40/><F40/><W8/><G27/><T86/><D56/><U94/><E94/><V42/><F42/><W3/><G3/><T22/><D13/><AGARI ba="0,1" hai="8,13,16,49,50,51,66,67,75,79,80" m="47627" machi="13" ten="30,8000,1" yaku="18,1,52,3,54,1" doraHai="135" who="3" fromWho="0" sc="250,-80,240,0,198,0,302,90" /><INIT seed="2,0,0,0,1,39" ten="170,240,198,392" oya="2" hai0="67,0,40,25,101,56,13,134,130,29,91,55,51" hai1="22,1,88,106,122,42,74,62,49,11,12,94,110" hai2="35,28,3,8,15,97,90,108,128,87,46,81,120" hai3="33,20,92,23,114,76,61,68,80,95,64,21,78"/><V123/><F3/><W58/><G33/><T43/><D130/><U85/><E106/><V38/><F128/><W53/><G114/><T16/><D134/><U96/><E1/><V47/><F108/><W63/><REACH who="3" step="1"/><G78/><REACH who="3" ten="170,240,198,382" step="2"/><T26/><D0/><U5/><E110/><V125/><F125/><W36/><G36/><T132/><D132/><U116/><E116/><V111/><F111/><W89/><G89/><T6/><D101/><U127/><E127/><V34/><F34/><W73/><AGARI ba="0,1" hai="20,21,23,53,58,61,63,64,68,73,76,80,92,95" machi="73" ten="30,2000,0" yaku="1,1,0,1,53,0" doraHai="39" doraHaiUra="103" who="3" fromWho="3" sc="170,-5,240,-5,198,-10,382,30" /><INIT seed="3,0,0,2,3,26" ten="165,235,188,412" oya="3" hai0="101,65,92,29,40,58,84,104,94,67,57,98,89" hai1="55,27,36,110,43,35,112,32,131,53,72,63,15" hai2="107,24,39,8,75,97,88,99,103,41,48,87,42" hai3="118,12,117,14,4,95,46,102,96,77,5,93,122"/><W18/><G122/><T51/><D104/><U23/><E112/><V133/><F75/><W80/><G46/><N who="0" m="26055" /><D29/><U21/><E72/><V121/><F39/><W90/><G117/><T10/><D10/><U2/><E2/><V70/><F70/><W106/><G118/><T47/><D47/><U81/><E131/><V91/><F133/><W62/><G62/><T113/><D113/><U44/><E110/><V69/><F69/><W71/><G71/><T19/><D19/><U52/><E81/><V78/><F8/><W60/><G60/><T132/><D132/><U64/><E15/><V83/><F121/><W108/><G108/><T128/><D128/><U6/><E6/><V105/><F24/><W49/><G49/><T33/><D33/><U7/><E7/><V82/><F48/><W111/><G111/><T100/><D101/><U61/><E61/><V120/><F120/><W54/><G54/><T73/><D73/><U114/><E21/><V16/><F16/><W25/><G25/><T11/><D11/><U13/><E13/><V45/><F45/><W38/><G38/><T125/><D125/><U0/><E0/><V66/><F66/><AGARI ba="0,0" hai="57,58,65,66,67,84,89,92,94,98,100" m="26055" machi="66" ten="30,1000,0" yaku="8,1" doraHai="26" who="0" fromWho="2" sc="165,10,235,0,188,-10,412,0" /><INIT seed="4,0,0,0,1,84" ten="175,235,178,412" oya="0" hai0="69,33,74,3,68,10,80,116,9,27,102,57,60" hai1="110,37,124,123,14,130,125,108,44,20,109,43,88" hai2="100,66,55,50,5,59,75,128,61,47,62,76,51" hai3="11,113,114,89,81,23,22,135,34,96,40,77,31"/><T42/><D116/><U65/><E123/><V1/><F128/><W52/><G40/><T54/><D102/><U119/><E119/><V72/><F100/><W133/><G34/><T87/><D74/><U28/><E65/><V90/><F76/><W70/><G70/><T13/><D42/><U35/><E35/><V2/><F5/><W4/><G52/><T19/><D3/><U82/><E130/><V41/><F75/><W95/><G113/><T111/><D111/><U71/><E71/><V104/><F104/><W26/><G114/><T16/><D10/><U32/><E32/><V46/><F72/><W129/><G129/><T53/><D53/><U117/><E117/><V92/><REACH who="2" step="1"/><F62/><REACH who="2" ten="175,235,168,412" step="2"/><W29/><G77/><T120/><D120/><U97/><E82/><V56/><F56/><W18/><G81/><T7/><D69/><U105/><E105/><V78/><F78/><W36/><G36/><T48/><D68/><U99/><E99/><AGARI ba="0,1" hai="1,2,41,46,47,50,51,55,59,61,66,90,92,99" machi="99" ten="30,3900,0" yaku="1,1,7,1,52,1,53,0" doraHai="84" doraHaiUra="134" who="2" fromWho="1" sc="175,0,235,-39,168,49,412,0" /><INIT seed="5,0,0,0,2,45" ten="175,196,217,412" oya="1" hai0="63,34,109,88,81,27,86,12,98,114,75,3,14" hai1="11,132,52,135,119,87,99,44,42,29,4,38,76" hai2="125,32,107,126,72,21,40,106,37,30,16,102,59" hai3="120,117,20,53,123,115,46,39,9,13,118,35,90"/><U122/><E119/><N who="3" m="45578" /><G35/><T55/><D3/><U64/><E122/><N who="3" m="46634" /><G115/><T23/><D109/><U51/><E64/><V28/><F72/><W50/><G39/><T91/><D114/><U104/><E29/><V96/><F32/><W79/><G79/><T25/><D34/><U58/><E104/><V100/><F37/><W85/><G20/><T130/><D130/><U111/><E99/><V127/><F40/><W57/><G13/><N who="0" m="5227" /><D23/><U134/><E111/><V70/><F70/><W83/><G9/><T56/><D75/><U108/><E108/><V22/><F59/><AGARI ba="0,0" hai="46,50,53,57,59,83,85,90" m="46634,45578" machi="59" ten="30,2000,0" yaku="12,1,52,1" doraHai="45" who="3" fromWho="2" sc="175,0,196,0,217,-20,412,20" /><INIT seed="6,0,0,2,3,11" ten="175,196,197,432" oya="2" hai0="33,52,77,66,37,121,63,100,128,93,58,10,12" hai1="19,124,123,45,2,130,5,74,20,119,106,120,73" hai2="27,89,111,34,54,65,23,97,3,127,21,57,41" hai3="36,126,1,38,101,25,29,35,50,68,117,46,67"/><V60/><F3/><W99/><G117/><T70/><D121/><N who="1" m="46667" /><E119/><V102/><F127/><W53/><G126/><T86/><D33/><U4/><E106/><V17/><F111/><W85/><G1/><T83/><D128/><U84/><E124/><V26/><F34/><W14/><G85/><T105/><D105/><U131/><E84/><V9/><F9/><W109/><G109/><T7/><D37/><U104/><E104/><V107/><F41/><W103/><G67/><T125/><D125/><U118/><E118/><V132/><F132/><W87/><G87/><T95/><D100/><U48/><E2/><V133/><F133/><W76/><G76/><T43/><D43/><N who="1" m="24639" /><E131/><V42/><F42/><W80/><G80/><T115/><D115/><U69/><E69/><V108/><F108/><W134/><G68/><T64/><D64/><U18/><E18/><V24/><F65/><W113/><G113/><T0/><D0/><U51/><E51/><AGARI ba="0,0" hai="7,10,12,51,52,58,63,66,70,77,83,86,93,95" machi="51" ten="30,3900,0" yaku="7,1,52,1,54,1" doraHai="11" who="0" fromWho="1" sc="175,39,196,-39,197,0,432,0" /><INIT seed="7,0,0,0,5,103" ten="214,157,197,432" oya="3" hai0="91,113,67,80,58,122,100,44,17,97,89,23,7" hai1="102,47,41,19,105,87,60,49,11,22,77,115,57" hai2="96,31,43,37,98,127,34,48,129,124,121,114,26" hai3="33,106,54,28,66,50,53,75,82,110,27,32,59"/><W14/><G106/><T70/><D122/><U101/><E101/><V68/><F37/><W132/><G132/><T104/><D70/><U109/><E109/><V5/><F68/><W15/><G110/><T8/><D44/><U133/><E133/><V95/><F121/><W24/><G66/><T72/><D72/><U65/><E115/><V134/><F5/><W12/><G53/><T111/><D80/><U90/><E77/><V107/><F134/><W1/><G1/><T76/><D76/><U40/><E11/><V13/><F114/><W42/><G42/><T83/><D83/><U123/><E123/><V2/><F2/><W52/><G54/><T36/><D36/><U62/><E62/><V3/><F3/><W99/><G99/><T108/><D113/><U45/><E45/><N who="2" m="25663" /><F13/><W125/><G125/><N who="2" m="48201" /><F98/><W135/><G135/><T94/><D97/><U88/><E87/><V81/><F81/><W18/><G82/><T69/><D69/><U74/><E74/><V118/><F118/><W39/><G39/><T61/><D111/><U78/><E78/><V4/><F4/><W46/><G75/><T120/><D120/><U6/><E6/><V93/><F129/><W71/><G71/><T85/><D7/><U16/><E40/><V51/><F51/><W9/><G46/><T64/><D108/><U116/><E116/><V10/><F10/><W30/><AGARI ba="0,0" hai="9,12,14,15,18,24,27,28,30,32,33,50,52,59" machi="30" ten="30,6000,0" yaku="0,1,9,1,54,1" doraHai="103" who="3" fromWho="3" sc="214,-20,157,-20,197,-20,432,60" owari="194,-1.0,137,-36.0,177,-22.0,492,59.0" /></mjloggm>