<mjloggm ver="2.3"><GO type="225" lobby="0"/><UN n0="%6B%6F%75%33%32%38%34" n1="%E5%A4%A7%E5%AE%AE%E5%BF%8D%76" n2="%E5%B0%B1%E6%B4%BB%E7%94%9F%40%E5%B7%9D%E6%9D%91%E8%BB%8D%E5%9B%A3" n3="%E3%82%AD%E3%83%B3%E3%82%B0%E3%81%B9%E3%83%92%E3%82%93%E3%82%82%E3%82%B9" dan="16,16,16,16" rate="2161.17,2155.37,2090.37,2032.17" sx="F,M,M,M"/><TAIKYOKU oya="0"/><INIT seed="0,0,0,1,1,88" ten="250,250,250,250" oya="0" hai0="92,102,112,52,26,90,96,37,75,53,50,13,68" hai1="17,66,80,14,39,60,10,21,98,126,125,63,4" hai2="110,32,123,129,55,25,31,120,85,6,76,38,48" hai3="107,99,9,97,36,131,27,101,83,33,95,106,18"/><T12/><D112/><U35/><E39/><V86/><F38/><W73/><G36/><T2/><D2/><U46/><E35/><V40/><F40/><W29/><G131/><T11/><D68/><U15/><E46/><V105/><F129/><W58/><G58/><T59/><D75/><U57/><E80/><V0/><F105/><W82/><G73/><T67/><D37/><U111/><E111/><V81/><F110/><W84/><G84/><T44/><D67/><U100/><REACH who="1" step="1"/><E63/><REACH who="1" ten="250,240,250,250" step="2"/><V41/><F41/><W65/><G83/><T94/><D26/><U77/><E77/><V104/><F123/><W78/><G78/><T133/><D133/><U3/><E3/><V45/><F120/><W8/><G82/><T69/><D69/><U79/><E79/><V108/><F108/><W23/><G33/><T19/><D13/><U74/><E74/><V128/><F128/><W117/><G117/><T30/><D30/><U122/><E122/><V114/><F114/><W49/><G29/><T5/><D5/><U20/><E20/><V54/><F0/><W47/><G47/><T134/><D134/><U118/><E118/><V121/><F6/><W72/><G23/><T16/><D19/><U119/><E119/><V115/><F121/><W91/><G18/><T28/><D28/><U113/><E113/><V103/><F115/><W42/><G72/><T61/><D90/><U51/><E51/><N who="2" m="29039" /><F81/><W89/><G49/><T93/><AGARI ba="0,1" hai="11,12,16,44,50,52,53,59,61,92,93,94,96,102" machi="93" ten="20,24000,3" yaku="0,1,7,1,8,1,52,3,54,2" doraHai="88" who="0" fromWho="0" sc="250,250,240,-80,250,-80,250,-80" /><INIT seed="0,1,0,5,4,122" ten="500,160,170,170" oya="0" hai0="96,60,94,70,130,121,16,21,45,32,83,105,87" hai1="34,8,114,88,22,129,33,14,30,133,71,104,43" hai2="59,50,98,72,76,80,12,69,118,19,85,134,55" hai3="28,10,73,58,11,124,9,49,41,20,82,111,102"/><T113/><D32/><U120/><E71/><V18/><F69/><W112/><G112/><T109/><D105/><U66/><E66/><V126/><F118/><W92/><G124/><T42/><D130/><U68/><E68/><V99/><F126/><W6/><G73/><T117/><D109/><U52/><E104/><V86/><F134/><W48/><G111/><T44/><D113/><U5/><E114/><V31/><F31/><W4/><G82/><T61/><D70/><U135/><E120/><V65/><F65/><W35/><G35/><N who="1" m="13322" /><E43/><V127/><F127/><W103/><G58/><T77/><D117/><U107/><E107/><V51/><F51/><N who="3" m="19531" /><G41/><T91/><D121/><U110/><E52/><V25/><F72/><W95/><G20/><T39/><REACH who="0" step="1"/><D45/><REACH who="0" ten="490,160,170,170" step="2"/><U97/><E110/><V29/><F85/><W7/><G28/><T93/><D93/><AGARI ba="1,1" hai="4,6,7,9,10,11,92,93,95,102,103" m="19531" machi="93" ten="40,5200,0" yaku="28,2,8,1" doraHai="122" who="3" fromWho="0" sc="490,-55,160,0,170,0,170,65" /><INIT seed="1,0,0,5,3,117" ten="435,160,170,235" oya="1" hai0="10,22,66,103,44,114,90,14,49,41,96,35,130" hai1="2,126,99,6,112,18,63,93,55,29,105,34,46" hai2="53,31,62,50,36,32,0,88,26,77,101,37,107" hai3="16,19,97,115,135,23,24,104,78,81,5,118,113"/><U127/><E112/><V64/><F0/><W51/><G118/><T84/><D35/><U69/><E105/><V131/><F77/><W74/><G135/><T60/><D22/><U61/><E6/><V21/><F131/><W12/><G5/><T58/><D130/><U1/><E29/><V134/><F134/><W4/><G4/><T30/><D30/><U9/><E34/><V89/><F36/><W120/><G120/><T47/><D47/><U80/><E80/><V28/><F37/><W43/><G43/><T73/><D73/><U33/><E33/><V92/><F28/><W110/><G110/><T86/><D90/><N who="1" m="55735" /><E18/><V94/><F107/><W52/><G97/><T67/><D67/><N who="1" m="41199" /><E9/><V121/><F32/><W106/><G106/><T132/><D114/><U116/><E116/><V57/><F121/><W3/><G3/><T82/><D82/><U123/><E123/><V83/><F83/><W133/><G104/><T40/><D40/><U111/><E111/><V8/><F8/><W128/><G128/><T38/><D38/><U95/><E95/><N who="2" m="36395" /><F101/><W75/><G75/><T100/><D132/><U76/><E76/><V27/><F27/><W20/><G133/><T42/><D42/><U65/><E1/><V87/><F87/><N who="0" m="33322" /><D96/><U72/><E72/><V108/><F108/><W15/><G24/><T109/><D109/><U68/><E2/><V122/><F122/><W91/><G91/><T39/><D39/><U59/><E68/><V13/><F13/><W25/><G25/><T11/><D14/><U124/><E124/><V79/><F79/><W85/><G74/><RYUUKYOKU ba="0,0" sc="435,0,160,0,170,0,235,0" hai0="10,11,41,44,49,58,60,66,100,103" hai1="46,55,59,63,65,126,127" hai2="21,26,31,50,53,57,62,64,88,89" hai3="12,15,16,19,20,23,51,52,78,81,85,113,115" /><INIT seed="1,1,0,0,1,56" ten="435,160,170,235" oya="1" hai0="12,41,77,87,10,62,47,100,65,58,3,82,45" hai1="46,70,61,53,73,19,121,18,134,38,31,71,43" hai2="107,135,120,26,92,6,79,66,7,96,106,15,104" hai3="34,93,76,29,99,67,57,127,117,129,88,42,11"/><U84/><E73/><V116/><F120/><W81/><G117/><T50/><D3/><U63/><E121/><V105/><F116/><W69/><G69/><N who="1" m="26122" /><E31/><V35/><F135/><W123/><G123/><T112/><D112/><U78/><E84/><V27/><F66/><W131/><G127/><T44/><D100/><U2/><E78/><V74/><N who="2" m="27136" /><DORA hai="28" /><V59/><F59/><W22/><G42/><T5/><AGARI ba="1,0" hai="5,10,12,41,44,45,47,50,58,62,65,77,82,87" machi="5" ten="20,12000,2" yaku="0,1,7,1,25,2,8,1,52,1" doraHai="56,28" who="0" fromWho="0" sc="435,123,160,-61,170,-31,235,-31" /><INIT seed="2,0,0,2,0,64" ten="558,99,139,204" oya="2" hai0="115,50,8,132,25,29,65,118,71,109,117,119,89" hai1="129,51,47,14,82,54,87,135,86,18,73,78,99" hai2="90,88,11,22,120,92,94,30,98,53,6,123,40" hai3="10,111,23,106,5,12,33,91,107,15,52,31,67"/><V66/><F66/><W17/><G111/><T7/><D115/><U134/><E129/><V43/><F123/><W63/><G91/><T122/><D122/><U35/><E35/><V104/><F104/><W110/><G110/><T114/><D114/><U42/><E99/><V13/><F120/><W72/><G72/><T108/><D132/><U96/><E96/><V95/><F95/><W85/><G85/><T16/><D50/><U4/><E4/><V70/><F70/><W49/><G33/><N who="0" m="20655" /><D89/><U39/><E134/><V60/><F92/><W81/><G31/><T100/><D100/><U2/><E2/><V56/><REACH who="2" step="1"/><F90/><REACH who="2" ten="558,99,129,204" step="2"/><W124/><G81/><T79/><D65/><U83/><E135/><V3/><F3/><W19/><G107/><T27/><D71/><U62/><E83/><V105/><F105/><W45/><G106/><T69/><D69/><U97/><E97/><V84/><F84/><W131/><G67/><T21/><D79/><U112/><E112/><V103/><F103/><W77/><G77/><T113/><D113/><U102/><E102/><V93/><F93/><W127/><G127/><T68/><D68/><U116/><E116/><V76/><F76/><W28/><G124/><T26/><D109/><U20/><REACH who="1" step="1"/><E62/><REACH who="1" ten="558,89,129,204" step="2"/><V37/><F37/><W57/><G63/><T41/><D108/><U59/><AGARI ba="0,2" hai="14,18,20,39,42,47,51,54,59,73,78,82,86,87" machi="59" ten="20,5200,0" yaku="1,1,2,1,0,1,7,1,53,0" doraHai="64" doraHaiUra="34" who="1" fromWho="1" sc="558,-13,89,72,129,-26,204,-13" /><INIT seed="3,0,0,2,4,39" ten="545,161,103,191" oya="3" hai0="87,115,2,38,82,51,73,126,122,79,67,80,35" hai1="14,34,90,9,98,72,49,18,15,81,111,102,107" hai2="4,118,133,75,44,130,64,6,0,37,84,110,105" hai3="83,91,100,114,65,10,124,94,108,28,55,19,12"/><W128/><G114/><T132/><D51/><U109/><E34/><V57/><F75/><W42/><G108/><N who="1" m="41546" /><E49/><V8/><F118/><W117/><G55/><T58/><D80/><U61/><E61/><V36/><F105/><W120/><G28/><T25/><D25/><U106/><E15/><V104/><F110/><W85/><G100/><T31/><D87/><N who="1" m="50543" /><E72/><V134/><F104/><AGARI ba="0,0" hai="9,14,18,98,102,104,106,107" m="50543,41546" machi="104" ten="30,1000,0" yaku="14,1" doraHai="39" who="1" fromWho="2" sc="545,0,161,10,103,-10,191,0" owari="545,65.0,171,-23.0,93,-41.0,191,-1.0" /></mjloggm>