<mjloggm ver="2.3"><GO type="97" lobby="0"/><UN n0="%73%68%75%6B%61" n1="%6D%6F%65%72%61%67%6F%6E" n2="%28%E3%81%BE%C2%B4%CF%89%EF%BD%80%E3%81%AA%29%E3%83%9F" n3="%E3%83%88%E3%83%88%E3%83%AA%E5%85%88%E7%94%9F%31%39%E6%AD%B3" dan="14,14,14,14" rate="1914.21,1996.78,1907.31,2036.39" sx="M,M,F,F"/><TAIKYOKU oya="0"/><INIT seed="0,0,0,0,3,25" ten="250,250,250,250" oya="0" hai0="81,24,14,125,93,100,17,4,54,73,86,60,52" hai1="55,77,82,90,97,28,29,67,38,58,127,114,46" hai2="130,111,7,26,5,20,37,115,74,36,102,62,49" hai3="63,104,66,13,85,78,50,131,113,120,105,129,22"/><T18/><D73/><U134/><E127/><V34/><F74/><W41/><G113/><T39/><D125/><U68/><E134/><V110/><F115/><W45/><G120/><T43/><D4/><U65/><E114/><V126/><F34/><W116/><G116/><T124/><D124/><U33/><E33/><V64/><F102/><W51/><G51/><T119/><D119/><U6/><E6/><N who="2" m="2059" /><F49/><W88/><G78/><T47/><D60/><N who="1" m="35935" /><E68/><V108/><F130/><N who="3" m="49675" /><G13/><T10/><D100/><U0/><E0/><V31/><F126/><W133/><G22/><T76/><REACH who="0" step="1"/><D93/><REACH who="0" ten="240,250,250,250" step="2"/><N who="1" m="56503" /><E38/><V107/><F107/><W80/><G133/><T2/><D2/><U16/><E46/><V23/><F37/><W72/><G72/><T59/><D59/><AGARI ba="0,1" hai="41,45,50,59,63,66,80,85,88,104,105" m="49675" machi="59" ten="30,2000,0" yaku="19,1,54,1" doraHai="25" who="3" fromWho="0" sc="240,-20,250,0,250,0,250,30" /><INIT seed="1,0,0,2,3,120" ten="220,250,250,280" oya="1" hai0="52,102,92,111,41,123,28,0,76,34,117,107,106" hai1="35,101,97,118,108,113,99,6,104,112,84,48,33" hai2="133,73,53,2,119,7,51,74,12,24,49,47,13" hai3="90,124,69,55,109,17,134,80,110,32,11,1,59"/><U20/><E118/><V88/><F119/><W42/><G69/><T57/><D117/><U127/><E127/><V95/><F133/><W18/><G32/><T25/><D123/><U40/><E108/><N who="3" m="41578" /><G134/><T122/><D0/><U44/><E113/><V54/><F2/><W78/><G124/><T21/><D76/><U130/><E112/><V27/><F73/><N who="3" m="43087" /><G42/><T31/><D41/><U62/><E35/><V64/><F64/><W132/><G132/><T16/><D122/><U75/><E33/><V30/><F74/><W50/><G90/><T100/><D111/><U22/><E75/><V56/><F7/><AGARI ba="0,0" hai="1,7,11,17,18,50,55,59" m="43087,41578" machi="7" ten="30,7700,0" yaku="14,1,52,3" doraHai="120" who="3" fromWho="2" sc="220,0,250,0,250,-77,280,77" /><INIT seed="2,0,0,4,2,116" ten="220,250,173,357" oya="2" hai0="42,1,43,77,50,54,130,33,105,79,20,52,73" hai1="24,89,113,5,68,36,65,104,131,83,27,87,51" hai2="126,80,123,4,35,93,18,48,9,11,106,59,98" hai3="108,127,85,44,95,13,100,29,124,129,17,22,38"/><V111/><F35/><W84/><G108/><T28/><D33/><U94/><E131/><V107/><F126/><N who="3" m="48171" /><G129/><T128/><D105/><U31/><E113/><V81/><F111/><W15/><G29/><T101/><D1/><U14/><E36/><V117/><F117/><W92/><G15/><T6/><D6/><U30/><E104/><V60/><F123/><W3/><G3/><T110/><D110/><U7/><E68/><V26/><F106/><W112/><G112/><T109/><D109/><U56/><E65/><N who="2" m="39071" /><F48/><W10/><G10/><N who="2" m="3593" /><F4/><W70/><G70/><T57/><D73/><U78/><E56/><V37/><F37/><W2/><G2/><T122/><D128/><U12/><E51/><V97/><F107/><W82/><G100/><T103/><D130/><U119/><E119/><V96/><F93/><N who="3" m="35915" /><G82/><T32/><D32/><U69/><E69/><V40/><F40/><AGARI ba="0,0" hai="13,17,22,38,40,44,84,85" m="35915,48171" machi="40" ten="30,1000,0" yaku="18,1" doraHai="116" who="3" fromWho="2" sc="220,0,250,0,173,-10,357,10" /><INIT seed="3,0,0,5,3,36" ten="220,250,163,367" oya="3" hai0="51,29,11,63,5,95,31,122,22,125,120,85,102" hai1="75,17,111,58,27,9,103,88,123,112,43,16,39" hai2="72,90,113,49,82,116,23,87,91,71,84,50,132" hai3="38,61,59,47,110,98,108,48,19,4,101,46,118"/><W3/><G118/><T30/><D125/><U97/><E111/><N who="3" m="42538" /><G38/><T105/><D105/><U126/><E123/><V15/><F71/><W104/><G19/><T52/><D122/><U74/><E126/><V2/><F113/><W60/><G47/><T131/><D131/><U115/><E112/><V130/><F116/><W68/><G68/><T53/><D120/><U119/><E115/><V25/><F130/><W10/><G59/><T64/><D22/><U56/><E119/><V66/><F72/><W62/><G62/><T12/><D102/><U129/><E74/><V55/><F2/><W94/><G104/><T7/><D5/><U37/><E75/><V44/><F132/><W0/><G0/><T24/><D24/><U32/><E39/><V100/><F100/><W134/><G134/><T70/><REACH who="0" step="1"/><D51/><REACH who="0" ten="210,250,163,367" step="2"/><U1/><E129/><V73/><F73/><W92/><G48/><T40/><D40/><U135/><E37/><V45/><F15/><W57/><G4/><T86/><D86/><U14/><E135/><V33/><F33/><W128/><G98/><T114/><D114/><U54/><E32/><V26/><F23/><W69/><G101/><T99/><D99/><U81/><E43/><V109/><F109/><W6/><G6/><T65/><D65/><U18/><E103/><V35/><F66/><W8/><G128/><T34/><D34/><U21/><E97/><V117/><F35/><W76/><G8/><T20/><D20/><U80/><E21/><V83/><F117/><W106/><G10/><T28/><N who="0" m="7680" /><DORA hai="93" /><T96/><D96/><U133/><E133/><RYUUKYOKU ba="0,1" sc="210,15,250,-15,163,15,367,-15" hai0="7,11,12,52,53,63,64,70,85,95" hai2="25,26,44,45,49,50,55,82,83,84,87,90,91" owari="225,-17.0,235,4.0,178,-32.0,362,45.0" /></mjloggm>