<mjloggm ver="2.3"><GO type="193" lobby="0"/><UN n0="%E3%83%88%E3%83%88%E3%83%AA%E5%85%88%E7%94%9F%31%39%E6%AD%B3" n1="%6B%69%6E%67%7A%6A" n2="%72%69%74%74%65%72" n3="%6C%75%75%63%79" dan="12,12,11,12" rate="1927.47,1648.45,1600.38,1648.65" sx="F,M,M,M"/><TAIKYOKU oya="0"/><INIT seed="0,0,0,0,2,96" ten="250,250,250,250" oya="0" hai0="78,28,27,13,109,32,17,44,25,67,30,11,124" hai1="130,117,4,68,97,129,20,112,53,88,107,22,102" hai2="134,62,87,1,15,9,126,43,91,100,64,35,14" hai3="81,26,40,133,84,49,19,21,39,59,131,80,51"/><T123/><D109/><U74/><E117/><V111/><F35/><W33/><G131/><N who="1" m="50186" /><E68/><V104/><F111/><W94/><G133/><T41/><D124/><U119/><E4/><V50/><F126/><W121/><G39/><T82/><D123/><U63/><E119/><V72/><F134/><W54/><G121/><T118/><D118/><U2/><E2/><V116/><F72/><W36/><G33/><T101/><D67/><U103/><E63/><V110/><F116/><W38/><G36/><T83/><D78/><U75/><E53/><V132/><F110/><W93/><G38/><T60/><D60/><U69/><E69/><V48/><F132/><W3/><G3/><T105/><D44/><U135/><E135/><V77/><F77/><W99/><G94/><T0/><D41/><U122/><E122/><V37/><F104/><W31/><G31/><T98/><REACH who="0" step="1"/><D0/><REACH who="0" ten="240,250,250,250" step="2"/><U8/><E8/><V34/><F43/><W66/><G66/><T114/><D114/><U108/><E112/><V23/><F37/><W57/><G40/><T5/><D5/><U18/><E108/><V65/><F1/><W29/><G29/><T79/><D79/><U12/><E22/><AGARI ba="0,1" hai="11,13,17,22,25,27,28,30,32,82,83,98,101,105" machi="22" ten="30,12000,1" yaku="1,1,7,1,52,1,53,2" doraHai="96" doraHaiUra="24" who="0" fromWho="1" sc="240,130,250,-120,250,0,250,0" /><INIT seed="0,1,0,2,5,98" ten="370,130,250,250" oya="0" hai0="111,107,108,97,60,39,81,36,70,9,22,85,47" hai1="64,110,51,1,11,80,23,30,14,28,95,92,93" hai2="0,94,57,6,129,116,43,32,106,121,82,122,74" hai3="114,20,2,125,126,77,24,103,31,35,26,42,100"/><T40/><D22/><U50/><E1/><V56/><F106/><W61/><G42/><T87/><D9/><U102/><E110/><N who="0" m="42025" /><D39/><U76/><E64/><V19/><F32/><W86/><G61/><T12/><D12/><U29/><E76/><V25/><F116/><W38/><G38/><T83/><D85/><U99/><E80/><V128/><F43/><W90/><G77/><T113/><D113/><U72/><E72/><V63/><F74/><W3/><G114/><T13/><D13/><U27/><E11/><N who="2" m="2503" /><F82/><W119/><G119/><T75/><D75/><U88/><E14/><V130/><F94/><W133/><G133/><T112/><D112/><U8/><E8/><V62/><F19/><W79/><G79/><T91/><D83/><U37/><E37/><V89/><F25/><W109/><G109/><T7/><D7/><U67/><E67/><N who="2" m="39367" /><F89/><W15/><G15/><T73/><D73/><U68/><E68/><V66/><AGARI ba="1,0" hai="57,63,66,121,122,128,129,130" m="39367,2503" machi="66" ten="30,1100,0" yaku="19,1" doraHai="98" who="2" fromWho="2" sc="370,-6,130,-4,250,14,250,-4" /><INIT seed="1,0,0,0,5,75" ten="364,126,264,246" oya="1" hai0="126,120,81,125,133,17,62,67,94,96,39,20,123" hai1="32,85,18,131,23,47,129,8,4,56,63,97,83" hai2="82,127,25,106,69,49,114,21,104,59,9,80,116" hai3="35,33,28,24,101,111,51,79,27,53,110,2,6"/><U74/><E74/><V95/><F116/><W71/><G71/><N who="0" m="42487" /><D81/><U134/><E32/><V58/><F69/><W117/><G117/><T76/><D76/><N who="1" m="46311" /><E97/><V3/><F114/><W91/><G101/><N who="0" m="60567" /><D39/><U121/><E121/><N who="0" m="46665" /><D133/><U16/><E134/><V38/><F127/><W115/><G115/><T78/><D78/><U40/><E23/><V10/><F38/><W55/><G91/><T87/><D87/><U84/><E84/><V36/><F36/><W48/><G6/><T14/><AGARI ba="0,0" hai="14,17,20,125,126" m="46665,60567,42487" machi="14" ten="30,1100,0" yaku="13,1" doraHai="75" who="0" fromWho="0" sc="364,11,126,-5,264,-3,246,-3" /><INIT seed="2,0,0,1,3,77" ten="375,121,261,243" oya="2" hai0="64,35,86,110,37,14,27,112,44,54,45,70,121" hai1="94,122,31,69,28,12,89,82,66,7,15,88,96" hai2="107,53,81,68,32,130,41,103,87,19,62,65,3" hai3="38,61,4,33,34,99,83,8,59,40,90,85,118"/><V127/><F32/><W76/><G118/><T106/><D112/><U102/><E69/><V95/><F3/><W46/><G99/><T42/><D106/><U16/><E122/><V75/><F130/><W131/><G90/><T6/><D121/><U98/><E66/><V125/><F75/><W129/><G131/><T13/><D110/><U1/><E7/><V71/><F71/><W72/><G85/><T93/><D6/><U48/><E1/><V24/><F107/><W79/><G76/><T5/><D5/><U43/><E43/><V39/><F39/><W30/><G30/><T67/><D67/><U84/><E15/><V101/><F41/><W128/><G129/><T63/><D27/><U55/><E98/><V47/><F95/><W116/><G128/><T21/><D21/><U0/><E0/><V9/><F9/><W58/><G58/><T29/><D29/><U57/><E102/><V119/><F119/><W2/><G116/><T104/><D35/><U115/><REACH who="1" step="1"/><E115/><REACH who="1" ten="375,111,261,243" step="2"/><V26/><F24/><W126/><G126/><N who="2" m="48137" /><F26/><W22/><G22/><AGARI ba="0,1" hai="12,16,22,28,31,48,55,57,82,84,88,89,94,96" machi="22" ten="30,12000,2" yaku="1,1,7,1,8,1,52,1,54,2,53,0" doraHai="77" doraHaiUra="114" who="1" fromWho="3" sc="375,0,111,130,261,0,243,-120" /><INIT seed="3,0,0,1,5,51" ten="375,241,261,123" oya="3" hai0="47,43,19,104,110,97,125,75,16,113,50,123,61" hai1="31,63,95,56,27,80,66,15,69,54,134,70,127" hai2="83,120,28,21,14,132,76,117,45,109,77,94,1" hai3="6,65,128,87,130,91,88,11,129,17,105,42,85"/><W133/><G105/><T78/><D123/><U38/><E127/><V55/><F120/><W2/><G65/><T22/><D125/><U99/><E134/><V107/><F117/><W24/><G133/><T39/><D110/><U106/><E38/><V52/><F132/><W67/><G42/><T60/><D113/><U119/><E119/><V12/><F109/><W68/><G68/><T30/><D30/><U82/><E15/><V115/><F107/><W23/><G67/><T8/><D39/><U41/><E41/><V73/><F115/><W112/><G112/><T131/><D131/><U81/><E95/><V29/><F1/><W126/><G126/><T26/><D78/><U36/><E36/><V46/><F73/><W86/><AGARI ba="0,0" hai="2,6,11,17,23,24,85,86,87,88,91,128,129,130" machi="86" ten="40,7800,0" yaku="0,1,19,1,54,1" doraHai="51" who="3" fromWho="3" sc="375,-26,241,-26,261,-26,123,78" /><INIT seed="3,1,0,5,1,44" ten="349,215,235,201" oya="3" hai0="129,62,61,53,104,105,67,113,103,4,31,5,9" hai1="88,117,54,132,33,83,8,25,108,58,12,20,19" hai2="134,72,125,18,68,40,13,22,121,2,15,115,65" hai3="82,21,50,110,52,36,55,86,11,74,81,10,124"/><W59/><G36/><T99/><D129/><U30/><E108/><V97/><F2/><W42/><G42/><T91/><D113/><U78/><E132/><V79/><F115/><W48/><G74/><T71/><D105/><U107/><E107/><V6/><F134/><W16/><G124/><T64/><D53/><U60/><E117/><V14/><F125/><W28/><G28/><T100/><D100/><U106/><E106/><V1/><F121/><W69/><G110/><T123/><D123/><U75/><E88/><V90/><F40/><W38/><G69/><T102/><D102/><U37/><REACH who="1" step="1"/><E37/><REACH who="1" ten="349,205,235,201" step="2"/><V109/><F109/><W63/><G38/><T76/><D91/><U27/><E27/><V57/><F68/><W120/><G120/><T133/><D104/><U93/><E93/><V128/><F128/><W17/><G81/><T32/><D103/><U35/><AGARI ba="1,1" hai="8,12,19,20,25,30,33,35,54,58,60,75,78,83" machi="35" ten="30,2000,0" yaku="1,1,0,1,53,0" doraHai="44" doraHaiUra="46" who="1" fromWho="1" sc="349,-6,205,33,235,-6,201,-11" owari="343,44.0,238,4.0,229,-17.0,190,-31.0" /></mjloggm>