<mjloggm ver="2.3"><GO type="169" lobby="0"/><UN n0="%67%6F%75%73%69" n1="%E3%82%A6%E3%83%AB%E3%83%88%E3%83%A9%E7%AB%8B%E7%9B%B4" n2="%E5%9B%A0%E5%B9%A1" n3="%E5%B7%9D%E6%9D%91%E6%99%83%E8%A3%95%EF%BC%88%E4%B8%A1%E6%96%B9%EF%BC%89" dan="18,17,16,16" rate="2170.92,2140.04,2052.21,2072.97" sx="M,M,F,M"/><TAIKYOKU oya="0"/><INIT seed="0,0,0,3,0,63" ten="250,250,250,250" oya="0" hai0="51,80,121,103,96,107,126,66,114,41,79,73,75" hai1="40,45,123,44,134,36,57,81,28,88,115,65,100" hai2="112,74,87,13,58,59,118,82,132,97,50,124,5" hai3="99,98,54,8,85,116,26,37,32,117,21,17,105"/><T43/><D121/><U30/><E123/><V52/><F74/><W119/><G37/><T10/><D114/><U131/><E131/><V90/><F112/><W25/><G8/><T53/><D75/><U35/><E134/><V1/><F1/><W4/><G4/><T14/><D66/><U83/><E100/><V29/><F132/><W22/><G32/><T49/><D126/><U108/><E108/><V93/><F124/><W42/><G42/><T33/><D33/><U27/><E30/><V133/><F118/><W76/><G105/><T70/><D70/><U78/><E45/><N who="2" m="27727" /><F29/><W64/><G64/><T92/><D107/><U102/><E102/><N who="2" m="60719" /><F133/><W101/><G101/><T24/><D24/><U109/><E109/><V11/><AGARI ba="0,0" hai="5,11,13,58,59,82,87,90" m="60719,27727" machi="11" ten="30,2000,0" yaku="8,1,54,1" doraHai="63" who="2" fromWho="2" sc="250,-10,250,-5,250,20,250,-5" /><INIT seed="1,0,0,3,4,49" ten="240,245,270,245" oya="1" hai0="33,47,11,113,82,51,43,127,41,23,57,106,123" hai1="131,59,116,74,95,4,55,107,2,81,16,21,30" hai2="120,119,34,63,29,39,54,111,75,133,35,17,12" hai3="85,36,20,78,65,0,84,104,67,98,76,68,118"/><U87/><E107/><V50/><F39/><W53/><G0/><T100/><D33/><U48/><E131/><V37/><F37/><W32/><G32/><T94/><D106/><U92/><E74/><V102/><F75/><W91/><G36/><T135/><D113/><U79/><E30/><V86/><F120/><W109/><G109/><T101/><D43/><U70/><E70/><V19/><F111/><W46/><G68/><T96/><D123/><U28/><E28/><V93/><F119/><W132/><G104/><T62/><D127/><U7/><E116/><V44/><F133/><W56/><G46/><T42/><D42/><U112/><E112/><V69/><F19/><W122/><G20/><T18/><D82/><U110/><E110/><V6/><F6/><N who="1" m="2089" /><E2/><V60/><F69/><W14/><G132/><T129/><D11/><U61/><E48/><V9/><F35/><W117/><G122/><T25/><D129/><U88/><E79/><V114/><F114/><W31/><G31/><T130/><D130/><U134/><E134/><V128/><F128/><W24/><G76/><T26/><D135/><U3/><E3/><V73/><F73/><W66/><G78/><T58/><D58/><U15/><AGARI ba="0,0" hai="15,16,21,55,59,61,81,87,88,92,95" m="2089" machi="15" ten="30,11700,0" yaku="8,1,52,1,54,2" doraHai="49" who="1" fromWho="1" sc="240,-39,245,117,270,-39,245,-39" /><INIT seed="1,1,0,0,1,79" ten="201,362,231,206" oya="1" hai0="45,31,15,62,27,36,92,58,128,132,115,99,108" hai1="16,42,98,22,28,34,67,29,65,120,121,7,64" hai2="90,75,14,87,49,37,76,26,118,57,39,127,97" hai3="52,41,88,73,9,61,86,101,131,1,110,13,59"/><U43/><E7/><V91/><F118/><W8/><G73/><T70/><D70/><U3/><E3/><V4/><F127/><W109/><G131/><T104/><D104/><U81/><E34/><V111/><F111/><N who="3" m="42507" /><G1/><T5/><D115/><U47/><E98/><V96/><F75/><W94/><G41/><T130/><D108/><U135/><E135/><V0/><F0/><W2/><G2/><T53/><D132/><U85/><E120/><V105/><F26/><W126/><G126/><T33/><D36/><U78/><E121/><V51/><F105/><W80/><G13/><T25/><D25/><U116/><E116/><V32/><F32/><W48/><G61/><T95/><D45/><U44/><E44/><V20/><F4/><W35/><G35/><T71/><D71/><U107/><E107/><V11/><F37/><W84/><G101/><T103/><D95/><U66/><N who="1" m="16384" /><DORA hai="114" /><U54/><E54/><V119/><F39/><W18/><G18/><T89/><D103/><U10/><E47/><V24/><F119/><W113/><G113/><T21/><D5/><U40/><E10/><V17/><F11/><W106/><G106/><T82/><D15/><AGARI ba="1,0" hai="15,16,22,28,29,40,42,43,78,81,85" m="16384" machi="15" ten="50,9600,0" yaku="8,1,52,1,54,1" doraHai="79,114" who="1" fromWho="0" sc="201,-99,362,99,231,0,206,0" /><INIT seed="1,2,0,1,0,1" ten="102,461,231,206" oya="1" hai0="10,101,38,93,20,7,114,83,37,46,14,89,107" hai1="18,71,17,127,120,98,44,91,6,86,15,87,47" hai2="95,81,90,108,43,124,82,59,102,126,130,53,45" hai3="84,104,103,123,66,24,4,26,122,28,132,94,33"/><U34/><E34/><V50/><F108/><W80/><G132/><T16/><D114/><U88/><E71/><V112/><F112/><W13/><G104/><T67/><D67/><U129/><E98/><V78/><F102/><W29/><G66/><T134/><D134/><U61/><E61/><V63/><F130/><W109/><G109/><T70/><D70/><U131/><E15/><V97/><REACH who="2" step="1"/><F78/><REACH who="2" ten="102,461,221,206" step="2"/><W41/><G103/><T115/><D115/><U56/><E131/><V2/><F2/><W77/><G77/><T39/><D101/><U116/><E129/><V74/><F74/><W40/><G122/><T110/><D110/><U8/><E120/><V79/><F79/><W60/><G123/><T9/><D107/><U65/><E116/><V57/><F57/><W96/><G33/><T25/><D83/><AGARI ba="2,1" hai="43,45,50,53,59,63,81,82,83,90,95,97,124,126" machi="83" ten="40,1300,0" yaku="1,1,53,0" doraHai="1" doraHaiUra="3" who="2" fromWho="0" sc="102,-19,461,0,221,29,206,0" /><INIT seed="2,0,0,1,3,88" ten="83,461,250,206" oya="2" hai0="66,49,110,125,80,4,90,97,37,2,44,89,127" hai1="46,107,63,73,52,130,34,126,128,67,23,27,62" hai2="0,94,35,53,121,39,8,9,45,57,42,68,102" hai3="32,79,83,113,26,22,10,82,74,115,84,101,18"/><V43/><F35/><W48/><G32/><T81/><D37/><U17/><E73/><V70/><F121/><W129/><G129/><N who="1" m="49770" /><E107/><V105/><F105/><W87/><G101/><T3/><D66/><U28/><E126/><V117/><F42/><W86/><G48/><T116/><D49/><N who="1" m="28727" /><E67/><V96/><F117/><W40/><G40/><T133/><D44/><U64/><E64/><V55/><F55/><W134/><G134/><T91/><D4/><U71/><E71/><V135/><F135/><W98/><G98/><T36/><D133/><U25/><AGARI ba="0,0" hai="17,23,25,27,28,34,62,63" m="28727,49770" machi="25" ten="30,2000,0" yaku="19,1,54,1" doraHai="88" who="1" fromWho="1" sc="83,-5,461,20,250,-10,206,-5" /><INIT seed="3,0,0,2,4,87" ten="78,481,240,201" oya="3" hai0="98,50,55,70,22,4,120,40,108,10,2,67,111" hai1="123,128,114,82,43,75,116,124,12,52,20,92,80" hai2="133,84,89,97,109,118,48,3,81,131,102,103,90" hai3="28,9,0,7,94,49,69,56,51,72,18,132,71"/><W117/><G117/><T39/><D120/><U8/><E123/><V1/><F118/><W76/><G132/><T129/><D129/><U21/><E43/><V19/><F131/><W77/><G28/><T104/><D40/><U66/><E66/><V33/><F33/><W57/><G18/><T73/><D39/><U42/><E42/><V110/><F133/><W134/><G134/><T83/><D70/><U125/><E114/><V17/><F48/><W101/><G72/><T31/><D67/><U95/><E52/><V119/><F119/><W93/><G9/><T30/><D104/><U96/><E116/><V36/><F36/><W91/><G7/><T25/><D31/><U41/><E41/><V61/><F61/><W86/><G0/><T63/><D63/><U35/><E35/><V68/><F68/><W6/><G6/><T127/><D98/><U11/><E96/><V74/><F97/><N who="3" m="59567" /><G71/><T16/><D127/><U79/><E12/><V14/><F14/><W107/><G107/><T24/><D83/><U32/><E32/><V45/><F81/><W38/><G69/><T105/><D73/><U53/><E75/><V99/><F74/><W44/><G38/><T47/><REACH who="0" step="1"/><D105/><REACH who="0" ten="68,481,240,201" step="2"/><U26/><E82/><V100/><F99/><W46/><G51/><T34/><AGARI ba="0,1" hai="2,4,10,16,22,24,25,30,34,47,50,55,108,111" machi="34" ten="30,8000,1" yaku="1,1,2,1,0,1,54,1,53,1" doraHai="87" doraHaiUra="15" who="0" fromWho="0" sc="68,90,481,-20,240,-20,201,-40" /><INIT seed="4,0,0,5,2,116" ten="158,461,220,161" oya="0" hai0="92,108,20,80,52,127,79,45,120,39,7,12,119" hai1="118,130,101,34,59,99,17,105,82,110,23,36,85" hai2="87,44,134,125,121,15,22,0,72,13,128,81,51" hai3="19,9,49,43,63,102,25,90,21,16,88,107,24"/><T46/><D119/><U27/><E36/><V132/><F0/><W131/><G131/><T71/><D71/><U76/><E118/><V117/><F72/><W47/><G107/><T10/><D127/><U33/><E110/><V14/><F117/><W35/><G102/><T77/><D39/><U115/><E115/><V65/><F128/><W93/><G63/><T123/><D108/><U1/><E1/><V126/><F65/><W3/><G35/><T113/><D113/><U112/><E112/><V11/><F22/><N who="3" m="13383" /><G3/><T54/><D92/><U67/><E130/><V42/><F11/><W104/><G104/><T64/><D64/><U129/><E129/><V74/><F74/><W111/><G111/><T122/><D20/><U91/><E67/><V89/><REACH who="2" step="1"/><F121/><REACH who="2" ten="158,461,210,161" step="2"/><W135/><G135/><AGARI ba="0,1" hai="13,14,15,42,44,51,81,87,89,125,126,132,134,135" machi="135" ten="40,5200,0" yaku="1,1,2,1,20,1,53,0" doraHai="116" doraHaiUra="60" who="2" fromWho="3" sc="158,0,461,0,210,62,161,-52" /><INIT seed="5,0,0,5,0,4" ten="158,461,272,109" oya="1" hai0="115,77,16,129,2,44,10,25,127,124,114,67,106" hai1="131,49,132,79,40,61,30,0,60,111,120,62,69" hai2="122,87,82,70,86,83,18,31,64,19,11,76,22" hai3="6,8,51,107,46,105,135,126,100,98,74,3,1"/><U93/><E120/><V32/><F32/><W109/><G109/><T57/><D106/><U75/><E131/><V59/><F70/><W63/><G126/><N who="0" m="48171" /><D77/><U50/><E132/><V41/><F41/><W38/><G135/><T113/><D44/><U21/><E69/><V103/><F103/><W121/><G121/><T116/><D116/><U104/><E104/><V119/><F119/><W28/><G74/><T48/><D129/><U81/><E40/><V92/><F92/><W108/><G108/><T125/><D125/><U43/><E43/><V112/><F112/><W42/><G107/><T89/><D89/><U72/><E72/><V27/><F122/><W96/><G96/><T123/><D123/><U73/><E73/><V20/><F11/><W95/><G105/><T110/><D110/><U134/><E134/><V5/><F5/><W88/><G100/><T13/><D2/><U71/><E71/><V66/><F59/><W9/><G28/><T37/><D25/><U33/><E0/><V17/><REACH who="2" step="1"/><F22/><REACH who="2" ten="158,461,262,109" step="2"/><W90/><G38/><T47/><D37/><U84/><E33/><V68/><F68/><W101/><G63/><N who="0" m="38383" /><D114/><U29/><E21/><V85/><F85/><W7/><AGARI ba="0,1" hai="1,3,6,7,8,9,42,46,51,88,90,95,98,101" machi="7" ten="30,8000,1" yaku="0,1,9,1,52,2,54,1" doraHai="4" who="3" fromWho="3" sc="158,-20,461,-40,262,-20,109,90" /><INIT seed="6,0,0,2,0,76" ten="138,421,242,199" oya="2" hai0="54,88,6,43,95,65,28,72,109,100,19,108,52" hai1="49,98,104,32,51,96,48,110,1,68,17,99,103" hai2="131,40,85,89,33,9,59,58,4,25,27,78,97" hai3="118,0,116,94,80,14,10,5,50,34,77,87,101"/><V69/><F69/><W124/><G34/><T20/><D72/><U79/><E1/><V115/><F115/><W133/><G124/><T129/><D129/><U71/><E103/><V83/><F131/><W70/><G70/><T122/><D122/><U105/><E79/><V117/><F117/><W39/><G39/><T42/><D100/><U41/><E41/><N who="0" m="15369" /><D109/><U13/><E32/><V31/><F40/><W107/><G133/><T8/><D108/><U81/><E110/><V75/><F97/><W29/><G107/><T123/><D123/><U73/><E73/><V106/><F27/><W120/><G120/><T132/><D65/><U113/><E113/><V15/><REACH who="2" step="1"/><F106/><REACH who="2" ten="138,421,232,199" step="2"/><W63/><G118/><T12/><D132/><U121/><E68/><V67/><F67/><W86/><G116/><T92/><D92/><AGARI ba="0,1" hai="4,9,15,25,31,33,58,59,75,78,83,85,89,92" machi="92" ten="30,5800,0" yaku="1,1,7,1,52,1,53,0" doraHai="76" doraHaiUra="35" who="2" fromWho="0" sc="138,-58,421,0,232,68,199,0" /><INIT seed="6,1,0,1,4,25" ten="80,421,300,199" oya="2" hai0="35,0,75,33,55,18,107,34,127,92,65,76,77" hai1="98,4,94,115,3,41,88,17,37,60,118,131,66" hai2="54,74,36,104,38,93,80,85,39,99,53,20,87" hai3="124,57,122,82,101,10,12,16,31,79,24,8,84"/><V52/><F104/><W91/><G122/><T22/><D0/><U11/><E118/><V119/><F119/><W40/><G124/><T45/><D107/><U106/><E106/><V126/><F126/><W21/><G101/><T63/><D127/><U135/><E115/><V134/><F134/><W112/><G112/><T61/><D92/><U78/><E78/><V116/><F116/><W72/><G40/><T69/><D75/><U81/><E81/><V13/><F74/><W113/><G113/><T130/><D130/><U19/><E131/><V73/><F73/><W42/><G42/><T132/><D132/><U111/><E111/><V133/><F133/><W51/><G72/><T62/><D62/><U59/><REACH who="1" step="1"/><E135/><REACH who="1" ten="80,411,300,199" step="2"/><V105/><F105/><W67/><G79/><T97/><D76/><U68/><E68/><V49/><F80/><W27/><G82/><T89/><D77/><U108/><E108/><V30/><F93/><W48/><G8/><T86/><D69/><U32/><E32/><V117/><F117/><W95/><G10/><T26/><D34/><U83/><E83/><V109/><F109/><W7/><G95/><T70/><D35/><U23/><E23/><V14/><F20/><W9/><G9/><T2/><D33/><U64/><E64/><V103/><F103/><W121/><G21/><T96/><D70/><U128/><E128/><V47/><F47/><AGARI ba="1,1" hai="3,4,11,17,19,37,41,47,59,60,66,88,94,98" machi="47" ten="40,5200,0" yaku="1,1,54,1,53,1" doraHai="25" doraHaiUra="71" who="1" fromWho="2" sc="80,0,411,65,300,-55,199,0" /><INIT seed="7,0,0,3,0,81" ten="80,476,245,199" oya="3" hai0="16,22,83,49,10,88,38,99,25,11,36,39,33" hai1="71,120,94,14,85,61,29,112,105,80,98,20,13" hai2="107,3,0,65,110,131,41,42,27,128,121,15,23" hai3="58,116,109,68,129,134,113,37,127,95,52,57,132"/><W45/><G113/><T9/><D33/><U63/><E105/><V86/><F107/><W32/><G68/><T119/><D119/><U34/><E34/><V114/><F114/><W96/><G32/><T73/><D49/><U115/><E120/><V124/><F121/><W60/><G116/><T79/><D99/><U82/><E82/><V100/><F100/><W133/><G127/><T5/><D73/><U69/><E69/><V118/><F118/><W103/><G129/><N who="2" m="49737" /><F124/><W62/><G109/><T108/><D108/><U17/><E29/><N who="2" m="17663" /><F110/><W126/><G126/><T30/><D79/><U77/><E14/><V67/><F86/><W102/><G102/><T8/><D30/><U31/><E61/><N who="3" m="23658" /><G37/><T6/><N who="0" m="2048" /><DORA hai="111" /><T104/><REACH who="0" step="1"/><D104/><REACH who="0" ten="70,476,245,199" step="2"/><U53/><E63/><V46/><F0/><W90/><G103/><T19/><D19/><U106/><E94/><V18/><F3/><W91/><G90/><T26/><D26/><U66/><E80/><V78/><F78/><W97/><G96/><T54/><D54/><U76/><E66/><V130/><F130/><W44/><G45/><T74/><D74/><U92/><E98/><V87/><F46/><W101/><G91/><T40/><D40/><U51/><E115/><V56/><F41/><W125/><G125/><T70/><D70/><U21/><E112/><V84/><F42/><W89/><G101/><T64/><D64/><U93/><E71/><V1/><F65/><W7/><G44/><T12/><D12/><U123/><E106/><V48/><F15/><W28/><G89/><T75/><D75/><U117/><E117/><RYUUKYOKU ba="0,1" sc="70,30,476,-10,245,-10,199,-10" hai0="5,6,16,22,25,36,38,39,83,88" owari="100,-40.0,476,57.0,235,4.0,189,-21.0" /></mjloggm>