<mjloggm ver="2.3"><GO type="97" lobby="0"/><UN n0="%E3%81%A9%E3%81%90%E3%81%95%E3%82%8C%E3%81%86%E3%81%AA%E3%81%8E" n1="%E5%B0%B1%E6%B4%BB%E7%94%9F%40%E5%B7%9D%E6%9D%91%E8%BB%8D%E5%9B%A3" n2="%E3%82%B0%E3%83%8A%E3%83%BC" n3="%53%4E%46" dan="15,14,13,14" rate="1971.20,1982.22,1887.84,2021.55" sx="M,M,M,M"/><TAIKYOKU oya="0"/><INIT seed="0,0,0,1,0,92" ten="250,250,250,250" oya="0" hai0="97,119,123,4,50,109,6,118,47,71,61,21,23" hai1="126,39,3,8,42,57,16,1,54,115,45,55,33" hai2="96,24,124,69,103,68,44,80,58,56,85,114,15" hai3="75,0,25,36,106,87,49,112,95,105,134,90,129"/><T135/><D123/><U65/><E33/><V27/><F114/><W70/><G36/><T86/><D135/><U7/><E115/><V66/><F124/><W52/><G0/><T62/><D109/><U108/><E108/><V88/><F15/><W63/><G75/><T59/><D71/><U128/><E3/><V117/><F117/><W14/><G134/><T30/><D86/><U77/><E77/><V94/><F44/><W48/><G129/><T5/><D118/><U91/><E128/><V74/><F74/><W41/><G25/><N who="2" m="9801" /><F69/><W100/><G112/><T10/><D10/><U133/><E133/><V101/><F68/><W73/><G73/><T81/><D81/><U51/><E126/><V116/><F116/><W43/><G70/><T46/><D30/><U120/><E120/><V9/><F9/><W84/><G63/><T18/><D62/><U99/><E16/><V111/><F111/><W12/><G100/><N who="2" m="38473" /><F66/><W35/><G35/><T37/><D18/><U60/><REACH who="1" step="1"/><E39/><REACH who="1" ten="250,240,250,250" step="2"/><V29/><F29/><W131/><G131/><T78/><D37/><U32/><E32/><V40/><F40/><W64/><G41/><T34/><D34/><U19/><E19/><V132/><F132/><W89/><G43/><T82/><D119/><U76/><E76/><AGARI ba="0,1" hai="56,58,76,80,85,88,94,96" m="38473,9801" machi="76" ten="30,3900,0" yaku="8,1,52,1,54,1" doraHai="92" who="2" fromWho="1" sc="250,0,240,-39,250,49,250,0" /><INIT seed="1,0,0,3,1,71" ten="250,201,299,250" oya="1" hai0="45,7,126,128,65,74,44,22,69,73,130,124,42" hai1="17,41,6,111,121,36,61,62,35,90,122,75,55" hai2="0,20,99,89,24,57,72,40,95,59,47,76,115" hai3="107,11,60,58,123,131,77,92,46,2,5,54,67"/><U105/><E75/><N who="0" m="28681" /><D7/><U15/><E105/><V27/><F0/><W119/><G131/><N who="0" m="50219" /><D22/><U85/><E35/><V87/><F72/><W100/><G123/><T33/><D33/><U38/><E111/><V51/><F115/><W1/><G119/><T25/><D25/><N who="2" m="9802" /><F20/><W32/><G107/><T79/><D79/><U50/><E6/><V103/><F76/><W39/><G32/><T53/><D53/><U108/><E108/><V49/><F49/><W83/><G2/><T127/><D42/><U16/><E41/><V19/><F19/><W4/><G4/><T117/><D117/><U97/><E17/><V8/><F8/><W116/><G116/><T26/><D26/><U94/><E122/><V125/><F125/><W112/><G112/><T88/><D88/><U86/><E121/><V101/><F101/><W37/><G83/><AGARI ba="0,0" hai="40,47,51,57,59,83,87,89,95,99,103" m="9802" machi="83" ten="30,1000,0" yaku="8,1" doraHai="71" who="2" fromWho="3" sc="250,0,201,0,299,10,250,-10" /><INIT seed="2,0,0,4,4,44" ten="250,201,309,240" oya="2" hai0="0,87,49,124,118,68,84,100,33,77,98,47,59" hai1="2,31,97,54,72,122,4,104,24,79,8,65,115" hai2="94,20,88,117,66,70,50,126,95,85,18,39,53" hai3="19,10,36,38,55,78,131,23,93,3,35,135,40"/><V32/><F39/><W106/><G35/><T29/><D68/><U113/><E122/><V89/><F32/><W133/><G106/><T108/><D0/><U6/><E6/><V80/><F126/><W14/><G78/><T82/><D108/><U42/><E42/><V73/><F73/><W91/><G131/><T13/><D124/><U110/><E110/><V129/><F129/><W46/><G38/><T120/><D120/><U125/><E125/><V107/><F107/><W132/><G3/><T1/><D1/><U16/><E65/><V116/><F66/><W127/><G127/><T41/><D33/><U128/><E128/><V69/><F70/><W102/><G102/><T11/><D29/><U86/><E54/><V61/><F61/><W51/><G10/><T56/><D87/><U22/><E72/><V76/><F69/><W67/><G67/><T71/><D71/><U92/><E104/><V103/><F103/><W45/><G93/><N who="2" m="35337" /><F116/><W21/><G21/><T75/><D75/><U123/><E123/><V37/><F37/><W114/><REACH who="3" step="1"/><G91/><REACH who="3" ten="250,201,309,230" step="2"/><T17/><D118/><U48/><E113/><AGARI ba="0,1" hai="14,19,23,36,40,45,46,51,55,113,114,132,133,135" machi="113" ten="50,8000,1" yaku="1,1,2,1,20,1,52,1,53,0" doraHai="44" doraHaiUra="74" who="3" fromWho="1" sc="250,0,201,-80,309,0,230,90" /><INIT seed="3,0,0,0,2,56" ten="250,121,309,320" oya="3" hai0="34,46,119,37,106,0,11,102,60,40,72,130,9" hai1="88,65,77,44,2,42,10,14,57,74,98,116,68" hai2="109,115,54,62,59,26,92,49,80,86,126,105,63" hai3="134,3,101,35,117,18,96,53,45,55,5,30,24"/><W25/><G117/><T17/><D119/><U89/><E2/><V6/><F105/><W90/><G134/><T83/><D34/><U7/><E116/><V27/><F109/><W127/><G127/><T95/><D130/><U31/><E68/><V91/><F126/><W66/><G66/><T4/><D106/><U103/><E74/><V132/><F132/><W48/><G90/><T84/><D11/><U93/><E77/><N who="2" m="46351" /><F6/><W13/><G25/><N who="2" m="9225" /><F115/><W87/><G87/><AGARI ba="0,0" hai="49,54,59,62,63,87,91,92" m="9225,46351" machi="87" ten="30,3900,0" yaku="8,1,52,2" doraHai="56" who="2" fromWho="3" sc="250,0,121,0,309,39,320,-39" owari="250,-15.0,121,-38.0,348,45.0,281,8.0" /></mjloggm>