<mjloggm ver="2.3"><GO type="169" lobby="0"/><UN n0="%E3%82%B7%E3%82%A7%E3%83%95%E3%83%81%E3%83%A7%E3%82%B3" n1="%E8%8A%B1%E6%BE%AA" n2="%E3%82%A6%E3%83%AB%E3%83%88%E3%83%A9%E7%AB%8B%E7%9B%B4" n3="%E3%81%99%E3%81%84%E3%81%8F%E3%82%8D" dan="16,16,17,16" rate="2019.03,2134.44,2141.30,2084.04" sx="M,F,M,M"/><TAIKYOKU oya="0"/><INIT seed="0,0,0,3,3,44" ten="250,250,250,250" oya="0" hai0="83,84,86,126,132,112,117,103,121,32,29,59,97" hai1="124,89,73,128,87,133,101,49,47,18,77,43,72" hai2="26,71,6,99,69,123,0,28,13,104,4,7,78" hai3="36,110,75,81,50,2,109,16,82,98,42,135,57"/><T70/><D70/><U125/><E133/><V116/><F123/><W80/><G2/><T119/><D32/><U56/><E128/><V127/><F7/><W63/><G36/><T9/><D29/><U33/><E33/><N who="2" m="20631" /><F6/><W88/><G135/><T64/><D9/><U23/><E101/><N who="2" m="62527" /><F13/><W120/><G120/><T46/><D46/><U20/><E56/><V15/><F15/><W25/><G50/><T53/><D64/><U94/><E23/><V48/><F48/><W113/><G42/><T12/><D12/><U41/><E41/><V79/><F79/><W30/><G30/><T34/><D34/><U1/><E1/><V38/><F38/><W5/><G5/><T122/><D132/><U17/><E17/><V131/><F78/><W93/><G113/><T114/><D114/><U62/><E77/><V95/><F131/><W85/><G85/><T102/><D84/><U55/><E73/><V68/><F116/><W21/><REACH who="3" step="1"/><G75/><REACH who="3" ten="250,250,250,240" step="2"/><T67/><D112/><U58/><REACH who="1" step="1"/><E72/><REACH who="1" ten="250,240,250,240" step="2"/><V8/><F0/><W130/><G130/><T96/><D122/><U111/><E111/><V27/><F4/><W31/><G31/><T134/><D121/><U100/><E100/><V3/><F3/><W37/><G37/><T10/><D103/><U129/><E129/><V105/><F8/><W91/><G91/><T24/><D10/><U14/><AGARI ba="0,2" hai="14,18,20,43,47,49,55,58,62,87,89,94,124,125" machi="14" ten="30,4000,0" yaku="1,1,0,1,52,1,53,0" doraHai="44" doraHaiUra="108" who="1" fromWho="1" sc="250,-20,240,60,250,-10,240,-10" /><INIT seed="1,0,0,3,4,128" ten="230,300,240,230" oya="1" hai0="15,99,103,111,69,40,16,23,97,59,84,130,94" hai1="80,2,134,92,104,20,113,9,41,3,32,102,114" hai2="49,1,93,61,96,26,12,7,17,98,83,48,126" hai3="120,53,74,47,118,65,135,45,110,101,39,33,34"/><U87/><E32/><V63/><F1/><W109/><G74/><T64/><D130/><U8/><E104/><V105/><F105/><W58/><G101/><T36/><D69/><U132/><E41/><V11/><F126/><W4/><G4/><T129/><D129/><U115/><E20/><N who="2" m="13583" /><F83/><W76/><G76/><T85/><D111/><U10/><E102/><N who="2" m="60687" /><F98/><W90/><G90/><T21/><D99/><U106/><E92/><V14/><F14/><W81/><G81/><T95/><D95/><U72/><E106/><V82/><F82/><W0/><G0/><N who="1" m="42" /><E72/><V70/><F70/><W35/><G35/><T50/><D36/><U133/><E114/><V67/><F67/><W25/><G65/><T119/><D119/><U112/><E112/><V43/><F49/><W30/><G34/><T28/><D40/><U71/><E71/><V62/><F48/><W38/><G118/><T66/><D50/><U79/><AGARI ba="0,0" hai="8,9,10,79,80,87,113,115,132,133,134" m="42" machi="79" ten="40,12000,1" yaku="20,1,52,3" doraHai="128" who="1" fromWho="1" sc="230,-40,300,120,240,-40,230,-40" /><INIT seed="1,1,0,2,5,88" ten="190,420,200,190" oya="1" hai0="68,6,120,119,86,31,87,39,122,77,118,5,85" hai1="25,112,41,105,23,95,75,103,89,0,132,71,9" hai2="54,36,64,73,21,135,78,84,124,134,33,117,7" hai3="30,12,125,50,44,18,93,60,106,126,32,74,82"/><U15/><E112/><V13/><F33/><W129/><G106/><T24/><D39/><U123/><E123/><N who="0" m="47145" /><D77/><U133/><E71/><V14/><F117/><N who="0" m="44554" /><D68/><U4/><E75/><V111/><F124/><W99/><G74/><T131/><D131/><U79/><E79/><V16/><F111/><W128/><G82/><T72/><D72/><U107/><E41/><V3/><F64/><W96/><G129/><T1/><D1/><U127/><E127/><V110/><F73/><W114/><G114/><T76/><D76/><U97/><E0/><V48/><F36/><W17/><G128/><T53/><D53/><U8/><E8/><V91/><F78/><W37/><G37/><T20/><AGARI ba="1,0" hai="5,6,20,24,31,85,86,87" m="44554,47145" machi="20" ten="40,1500,0" yaku="13,1" doraHai="88" who="0" fromWho="0" sc="190,18,420,-8,200,-5,190,-5" /><INIT seed="2,0,0,2,4,120" ten="208,412,195,185" oya="2" hai0="69,37,33,123,114,100,24,60,97,121,102,75,5" hai1="11,41,68,84,72,15,25,135,39,106,117,42,28" hai2="26,7,79,4,49,131,88,105,64,89,113,61,52" hai3="108,95,122,112,132,55,81,27,50,111,118,94,8"/><V53/><F105/><W45/><G118/><T73/><D114/><U63/><E72/><N who="0" m="27721" /><D102/><U127/><E117/><V3/><F113/><W29/><G122/><T115/><D5/><N who="2" m="2122" /><F3/><W77/><G8/><T44/><D115/><U129/><E84/><V54/><F79/><W38/><G112/><T12/><D12/><U20/><E127/><V32/><F32/><W124/><G124/><T58/><D58/><U98/><E129/><V59/><F131/><W126/><G126/><T67/><D44/><U87/><E39/><V125/><F125/><W10/><G10/><T18/><D18/><U86/><E135/><V31/><F49/><W46/><G132/><T51/><D51/><U14/><E63/><V74/><F74/><W6/><G6/><T119/><D119/><U83/><E68/><V66/><F66/><W99/><G45/><T110/><D37/><U71/><E71/><V17/><F31/><W128/><G38/><T91/><D91/><U36/><E28/><V0/><F0/><W13/><G128/><T76/><D76/><U47/><E36/><V34/><F34/><W70/><G70/><T116/><D116/><U93/><E106/><V104/><F104/><W134/><G134/><T96/><D121/><U62/><E11/><V109/><F109/><W78/><G108/><T21/><D110/><U80/><E62/><V1/><F1/><W107/><G107/><N who="0" m="63879" /><D33/><U65/><E65/><V90/><F90/><W130/><G130/><T103/><D123/><U19/><E42/><V133/><F133/><W9/><G111/><T43/><D69/><U30/><E41/><RYUUKYOKU ba="0,0" sc="208,-10,412,-10,195,30,185,-10" hai2="17,26,52,53,54,59,61,64,88,89" /><INIT seed="2,1,0,1,1,71" ten="198,402,225,175" oya="2" hai0="13,106,97,22,67,63,56,90,103,68,51,34,15" hai1="111,125,32,113,115,61,48,17,124,38,2,57,121" hai2="26,123,65,129,112,36,14,24,92,131,21,60,74" hai3="79,85,11,127,35,98,0,130,29,39,40,25,33"/><V55/><F74/><W42/><G35/><T91/><D34/><U66/><E32/><V105/><F105/><W83/><G130/><N who="2" m="49673" /><F123/><W133/><G127/><N who="1" m="48714" /><E38/><V46/><F112/><N who="1" m="43081" /><E2/><V78/><F78/><W20/><G133/><T53/><D22/><U102/><E121/><V99/><F14/><W54/><G39/><T84/><REACH who="0" step="1"/><D91/><REACH who="0" ten="188,402,225,175" step="2"/><U64/><E111/><V12/><F21/><W30/><G20/><T81/><AGARI ba="1,1" hai="13,15,51,53,56,63,67,68,81,84,90,97,103,106" machi="81" ten="20,8000,1" yaku="1,1,2,1,0,1,7,1,53,1" doraHai="71" doraHaiUra="47" who="0" fromWho="0" sc="188,93,402,-21,225,-41,175,-21" /><INIT seed="3,0,0,2,1,73" ten="281,381,184,154" oya="3" hai0="91,67,77,115,58,2,48,127,101,38,78,86,128" hai1="68,113,41,5,57,40,119,98,135,1,111,64,24" hai2="126,120,123,15,6,56,47,37,103,9,129,18,25" hai3="85,95,52,65,10,33,27,72,20,76,32,134,118"/><W79/><G118/><T70/><D38/><U50/><E113/><V35/><F103/><W19/><G72/><T108/><D108/><U36/><E111/><V74/><F56/><W93/><G33/><T22/><D2/><U39/><E119/><V75/><F129/><W117/><G32/><T8/><D128/><U66/><E98/><V11/><F126/><W62/><G117/><T69/><D127/><U12/><E1/><V102/><F102/><W16/><G134/><T31/><D115/><U80/><E24/><V23/><F11/><W131/><G131/><T107/><D107/><U28/><E28/><V55/><F35/><W42/><G42/><T71/><D101/><U59/><E80/><V90/><F90/><N who="3" m="53455" /><G95/><T51/><D8/><U34/><E12/><V89/><F89/><W61/><G65/><T49/><D67/><U124/><E5/><V60/><F75/><W43/><G43/><T130/><D130/><U114/><E34/><V87/><F74/><W4/><G4/><T29/><D58/><U133/><E124/><V21/><F87/><W0/><G0/><T112/><D112/><U125/><E114/><V122/><F23/><N who="3" m="13823" /><G10/><T104/><D104/><U110/><E125/><V13/><F25/><N who="3" m="14471" /><G62/><T92/><REACH who="0" step="1"/><D22/><REACH who="0" ten="271,381,184,154" step="2"/><U121/><E110/><V88/><F37/><W99/><G99/><T100/><D100/><U7/><E36/><V17/><F122/><W97/><G97/><T116/><D116/><U84/><E39/><V109/><F123/><W54/><G61/><T132/><D132/><U96/><E121/><V106/><F120/><W44/><G44/><RYUUKYOKU ba="0,1" sc="271,15,381,-15,184,-15,154,15" hai0="29,31,48,49,51,69,70,71,77,78,86,91,92" hai3="52,54,76,79" /><INIT seed="3,1,1,2,3,135" ten="286,366,169,169" oya="3" hai0="127,57,131,55,115,106,94,112,50,88,53,46,71" hai1="91,33,45,39,124,128,79,81,123,52,29,40,129" hai2="133,17,78,9,62,37,75,0,101,108,103,76,67" hai3="10,23,74,110,38,86,120,3,73,43,6,87,82"/><W95/><G43/><T100/><D71/><U13/><E123/><V61/><F37/><W21/><G38/><T134/><D127/><U77/><E124/><V89/><F108/><W16/><G120/><T90/><D134/><U14/><E29/><V56/><F75/><W36/><G36/><T102/><D106/><U80/><E33/><V121/><F0/><W28/><G110/><T98/><D131/><N who="1" m="50251" /><E52/><V119/><F119/><W116/><G116/><T27/><D27/><U66/><E66/><V109/><F109/><W15/><G95/><T63/><REACH who="0" step="1"/><D90/><REACH who="0" ten="276,366,169,169" step="2"/><U22/><E91/><V59/><F89/><W65/><G82/><T72/><D72/><U68/><E68/><V54/><F133/><W34/><G74/><T70/><D70/><U99/><E81/><V93/><F121/><W41/><G73/><T2/><D2/><U83/><E80/><V92/><F93/><W58/><G3/><T1/><D1/><U97/><E83/><V104/><F104/><W85/><G86/><T11/><D11/><U42/><E79/><N who="2" m="30251" /><F92/><W25/><G87/><T107/><D107/><U130/><E77/><V60/><F60/><N who="3" m="38039" /><G85/><T18/><D18/><U19/><E130/><V132/><F132/><W30/><G30/><T49/><D49/><N who="1" m="26791" /><E13/><AGARI ba="1,2" hai="9,13,17,54,56,59,61,62,67,101,103" m="30251" machi="13" ten="30,1000,0" yaku="8,1" doraHai="135" who="2" fromWho="1" sc="276,0,366,-13,169,33,169,0" /><INIT seed="4,0,0,0,2,47" ten="276,353,202,169" oya="0" hai0="88,84,64,22,60,16,90,94,5,3,87,58,14" hai1="13,73,31,21,78,71,32,30,36,51,122,111,108" hai2="96,118,7,134,59,20,105,18,46,101,77,17,66" hai3="100,132,63,126,29,62,74,92,128,45,98,107,114"/><T129/><D129/><U110/><E122/><V82/><F118/><W85/><G74/><T27/><D3/><U19/><E36/><V23/><F134/><W67/><G29/><T6/><D27/><U112/><E71/><V109/><F109/><W102/><G128/><T48/><D48/><U131/><E131/><V69/><F69/><W65/><G102/><T41/><D41/><U106/><E106/><V15/><F46/><W37/><G37/><T39/><D39/><U133/><E133/><V97/><F7/><W89/><G126/><T95/><AGARI ba="0,0" hai="5,6,14,16,22,58,60,64,84,87,88,90,94,95" machi="95" ten="20,18000,2" yaku="0,1,7,1,9,1,8,1,54,2" doraHai="47" who="0" fromWho="0" sc="276,180,353,-60,202,-60,169,-60" /><INIT seed="4,1,0,4,2,109" ten="456,293,142,109" oya="0" hai0="37,18,75,101,100,125,28,103,44,76,26,42,113" hai1="27,41,49,86,60,131,112,59,106,71,66,124,48" hai2="114,63,95,35,123,38,85,8,34,90,94,89,84" hai3="128,55,51,74,64,2,79,5,46,3,69,10,70"/><T82/><D125/><U36/><E124/><V4/><F38/><W134/><G2/><T16/><REACH who="0" step="1"/><D113/><REACH who="0" ten="446,293,142,109" step="2"/><U32/><E112/><V20/><F114/><W31/><G134/><T7/><D7/><U22/><E131/><V129/><F129/><W133/><G133/><T107/><D107/><U6/><E106/><V80/><F123/><W53/><G5/><T47/><D47/><U126/><E6/><V56/><F80/><W12/><G46/><T14/><D14/><U105/><E126/><V83/><F83/><W81/><G12/><T92/><D92/><U11/><E105/><V54/><REACH who="2" step="1"/><F20/><AGARI ba="1,1" hai="16,18,20,26,28,37,42,44,75,76,82,100,101,103" machi="20" ten="40,12000,1" yaku="1,1,54,1,53,2" doraHai="109" doraHaiUra="15" who="0" fromWho="2" sc="446,133,293,0,142,-123,109,0" /><INIT seed="4,2,0,4,5,127" ten="579,293,19,109" oya="0" hai0="79,58,113,37,43,95,91,52,131,23,15,132,102" hai1="117,59,35,14,27,3,120,51,115,41,5,99,36" hai2="61,34,2,26,66,123,122,6,8,45,46,129,53" hai3="48,100,54,96,20,22,4,33,89,64,69,39,78"/><T104/><D104/><U133/><E117/><V107/><F107/><W50/><G39/><T98/><D79/><U93/><E120/><V18/><F46/><W62/><G33/><T0/><D0/><U109/><E109/><V10/><F53/><W19/><G78/><T70/><D70/><U81/><E133/><V114/><F45/><W67/><G67/><T86/><D113/><U16/><E36/><V24/><F61/><W76/><G76/><T130/><D132/><U128/><E115/><V38/><F66/><W30/><G4/><T57/><D43/><U25/><E81/><V11/><F38/><W56/><G89/><T101/><D58/><U29/><E27/><N who="2" m="10283" /><F34/><W97/><G22/><T7/><D23/><N who="1" m="11671" /><E59/><V63/><F63/><W13/><G50/><T110/><D37/><U80/><E51/><V92/><F92/><W49/><G49/><T116/><D57/><U31/><E80/><V71/><F71/><W9/><G100/><T88/><D102/><U125/><E31/><V21/><F114/><W106/><G30/><T135/><D101/><U40/><E125/><V12/><F129/><W85/><G106/><T72/><D130/><U121/><E128/><V105/><F105/><W77/><G69/><T84/><D131/><U47/><E121/><AGARI ba="2,0" hai="2,6,8,10,11,12,18,21,121,122,123" m="10283" machi="121" ten="30,2000,0" yaku="34,2" doraHai="127" who="2" fromWho="1" sc="579,0,293,-26,19,26,109,0" /><INIT seed="5,0,0,3,0,93" ten="579,267,45,109" oya="1" hai0="14,119,21,18,92,134,61,50,2,97,75,133,103" hai1="20,81,63,40,17,66,121,70,101,52,49,90,111" hai2="4,126,22,127,117,13,109,53,48,98,46,87,29" hai3="1,118,57,28,58,105,38,27,64,31,69,135,86"/><U54/><E121/><V11/><F117/><W74/><G74/><T94/><D75/><U25/><E111/><V91/><F109/><W59/><G1/><T132/><D119/><U77/><E101/><V125/><F29/><W68/><G38/><T104/><D2/><U79/><E90/><V65/><F65/><W73/><G73/><T96/><D96/><U128/><E128/><V102/><F22/><W33/><G31/><T122/><D122/><U84/><REACH who="1" step="1"/><E79/><REACH who="1" ten="579,257,45,109" step="2"/><V44/><F91/><W106/><G118/><T115/><D133/><U6/><E6/><V78/><F78/><W15/><G106/><T113/><D132/><U51/><E51/><V112/><F112/><N who="0" m="43082" /><D50/><U76/><E76/><V30/><F30/><W7/><G105/><T41/><D134/><U23/><E23/><V45/><REACH who="2" step="1"/><F87/><REACH who="2" ten="579,257,35,109" step="2"/><W129/><G86/><T36/><D21/><U85/><E85/><V26/><F26/><W95/><G27/><T62/><D103/><U8/><E8/><V42/><F42/><W34/><G135/><T88/><D88/><U19/><E19/><V71/><F71/><W82/><G68/><T39/><D18/><U131/><E131/><V108/><F108/><W56/><G69/><T130/><D41/><U37/><E37/><V55/><F55/><W47/><G129/><T10/><D130/><U0/><E0/><V123/><F123/><W3/><G3/><T107/><D36/><U110/><E110/><V9/><F9/><W5/><G28/><T120/><D39/><U124/><E124/><V72/><F72/><W60/><N who="3" m="14336" /><DORA hai="67" /><W83/><G64/><RYUUKYOKU ba="0,2" sc="579,-15,257,15,35,15,109,-15" hai1="17,20,25,40,49,52,54,63,66,70,77,81,84" hai2="4,11,13,44,45,46,48,53,98,102,125,126,127" /><INIT seed="5,1,2,4,2,113" ten="564,272,50,94" oya="1" hai0="16,50,129,99,0,13,12,81,103,57,4,23,52" hai1="33,8,48,116,65,121,96,66,43,24,123,135,36" hai2="41,82,27,127,133,74,73,92,77,118,70,107,110" hai3="105,69,45,106,97,44,84,53,21,119,14,122,108"/><U15/><E36/><V25/><F70/><W83/><G69/><T47/><D0/><U55/><E135/><V17/><F110/><W9/><G45/><T20/><D129/><U68/><E43/><V46/><F133/><W130/><G108/><T93/><D81/><U2/><E2/><V87/><F107/><W78/><G130/><T39/><D39/><U26/><E116/><V85/><F118/><W61/><G122/><T32/><D32/><U51/><E48/><V134/><F134/><W80/><G21/><T31/><D4/><U125/><E125/><V62/><F62/><W101/><G83/><T76/><D76/><U60/><E66/><V117/><F117/><W131/><G105/><T95/><D95/><U59/><E96/><V67/><F67/><W10/><G10/><T11/><D11/><U100/><E100/><V56/><F56/><W75/><G131/><T111/><D111/><U120/><REACH who="1" step="1"/><E33/><REACH who="1" ten="564,262,50,94" step="2"/><V115/><F127/><W1/><G1/><T19/><D103/><U104/><E104/><V5/><F41/><W42/><G42/><T102/><D102/><U29/><E29/><V89/><F115/><W7/><G119/><T28/><D28/><U124/><E124/><V91/><F46/><W38/><G38/><T63/><D31/><U126/><E126/><V79/><F74/><W64/><G75/><T58/><D63/><U18/><AGARI ba="1,3" hai="8,15,18,24,26,51,55,59,60,65,68,120,121,123" machi="18" ten="30,3000,0" yaku="1,1,0,1,53,0" doraHai="113" doraHaiUra="128" who="1" fromWho="1" sc="564,-11,262,63,50,-11,94,-11" /><INIT seed="5,2,0,2,2,87" ten="553,325,39,83" oya="1" hai0="121,112,19,21,24,58,129,106,50,98,52,45,120" hai1="43,100,128,124,0,33,39,68,55,38,32,104,82" hai2="101,127,133,14,26,81,72,53,66,91,97,69,134" hai3="111,73,114,118,15,65,80,1,56,34,62,57,25"/><U9/><E128/><V83/><F66/><W132/><G1/><T27/><D129/><U71/><E55/><V113/><F69/><N who="1" m="26697" /><E82/><V102/><F14/><W64/><G132/><N who="2" m="50793" /><F26/><W8/><G114/><T36/><D112/><U17/><E17/><V13/><F13/><W51/><G111/><T2/><D2/><U79/><E79/><N who="2" m="44263" /><F53/><W110/><G73/><T109/><D109/><U23/><E23/><V30/><F30/><W116/><G80/><T76/><D76/><U22/><E22/><V60/><F60/><W18/><G110/><T88/><D24/><U47/><E124/><V3/><F3/><W29/><G51/><T46/><D36/><U4/><E39/><V84/><F113/><W7/><G18/><T78/><D78/><U61/><E61/><AGARI ba="2,0" hai="7,8,15,25,29,34,56,57,61,62,64,65,116,118" machi="61" ten="40,1300,0" yaku="9,1" doraHai="87" who="3" fromWho="1" sc="553,0,325,-19,39,0,83,19" /><INIT seed="6,0,0,2,4,93" ten="553,306,39,102" oya="2" hai0="131,105,56,74,7,26,118,31,71,5,76,111,125" hai1="51,45,114,134,41,57,103,59,16,3,33,92,85" hai2="100,9,79,107,49,72,132,20,110,109,65,28,116" hai3="24,75,10,84,78,25,94,55,47,32,2,96,22"/><V40/><F116/><W108/><G75/><T106/><D111/><N who="2" m="42506" /><F132/><W119/><G32/><T97/><D118/><U12/><E134/><V48/><F65/><W66/><G108/><T121/><D121/><U36/><E3/><V73/><F9/><W18/><G66/><T42/><D71/><U0/><E0/><V123/><F123/><W77/><G25/><T37/><D125/><U69/><E33/><V81/><F72/><W34/><G34/><T46/><D131/><U39/><E69/><V4/><F4/><W133/><G133/><T14/><D56/><U130/><E130/><V11/><F11/><W43/><G10/><T6/><D14/><U99/><E114/><V70/><F70/><W120/><G2/><T124/><D124/><U88/><E39/><V102/><F40/><W17/><G43/><T58/><D58/><U62/><E62/><V23/><F23/><W61/><G61/><T95/><D74/><U52/><E36/><V60/><F60/><W68/><G68/><T112/><D112/><U101/><E41/><V98/><F102/><N who="1" m="38921" /><E85/><V13/><F13/><W90/><G84/><T113/><D113/><U64/><E64/><V19/><F19/><N who="3" m="12383" /><G119/><T27/><D42/><U115/><E115/><V127/><F127/><W44/><G120/><T63/><D37/><U15/><E15/><V82/><F82/><W89/><G17/><T50/><D63/><U30/><E30/><V54/><F54/><W38/><G18/><T83/><D31/><U128/><E128/><V104/><F104/><W86/><G38/><T129/><D106/><U135/><E135/><RYUUKYOKU ba="0,0" sc="553,-15,306,15,39,15,102,-15" hai1="12,16,45,51,52,57,59,88,92,99" hai2="20,28,48,49,73,79,81,98,100,107" /><INIT seed="6,1,0,4,2,100" ten="538,321,54,87" oya="2" hai0="30,18,99,20,22,71,33,7,86,76,130,70,92" hai1="127,15,69,105,45,43,61,67,82,60,21,58,28" hai2="13,97,55,63,131,111,118,124,0,68,24,104,109" hai3="108,93,101,132,103,116,14,10,38,64,91,122,53"/><V25/><F0/><W11/><G38/><T126/><D33/><U26/><E127/><V59/><F118/><W8/><G132/><T17/><D126/><U54/><E82/><V5/><F68/><W113/><G108/><N who="2" m="41545" /><F124/><W44/><G113/><T48/><D7/><U78/><E78/><V98/><F131/><W134/><G64/><T23/><D30/><U9/><E105/><V89/><F89/><W107/><G107/><T35/><D35/><U117/><E117/><V49/><F63/><W36/><G122/><T81/><D130/><U12/><E9/><N who="3" m="3690" /><G134/><T32/><D32/><U6/><E6/><V40/><F5/><N who="3" m="3439" /><G36/><AGARI ba="1,0" hai="12,15,21,26,28,36,43,45,54,58,60,61,67,69" machi="36" ten="30,1000,0" yaku="7,1" doraHai="100" who="1" fromWho="3" sc="538,0,321,13,54,0,87,-13" /><INIT seed="7,0,0,3,4,9" ten="538,334,54,74" oya="3" hai0="27,117,102,94,1,28,135,121,105,115,88,79,16" hai1="69,107,32,126,26,122,33,19,10,5,53,0,12" hai2="47,90,50,14,70,64,43,39,91,65,118,66,8" hai3="55,77,125,112,18,56,38,83,119,108,3,31,44"/><W48/><G3/><T124/><D121/><U52/><E122/><V72/><F72/><W71/><G112/><T98/><D1/><U74/><E107/><V61/><F118/><W84/><G125/><T11/><D117/><U41/><E74/><V101/><F101/><W100/><G71/><T133/><D124/><U34/><E126/><V106/><F106/><W89/><G108/><T82/><D115/><U104/><E69/><V17/><F39/><W42/><G31/><T97/><D11/><U116/><E104/><V120/><F120/><W76/><G119/><T68/><D16/><U45/><E116/><V86/><F91/><W40/><G100/><T51/><D51/><U110/><E110/><V93/><AGARI ba="0,0" hai="8,14,17,43,47,50,61,64,65,66,70,86,90,93" machi="93" ten="20,2700,0" yaku="0,1,7,1,52,1" doraHai="9" who="2" fromWho="2" sc="538,-7,334,-7,54,27,74,-13" owari="531,63.0,327,13.0,81,-32.0,61,-44.0" /></mjloggm>