<mjloggm ver="2.3"><GO type="97" lobby="0"/><UN n0="%6A%75%67%67%33" n1="%E5%B0%B1%E6%B4%BB%E7%94%9F%40%E5%B7%9D%E6%9D%91%E8%BB%8D%E5%9B%A3" n2="%69%74%74%75%64%65%6D%69" n3="%E3%82%B5%E3%82%A4%E3%82%B3%54%61%32" dan="15,14,14,13" rate="1950.12,1977.60,1955.52,1894.53" sx="M,M,M,M"/><TAIKYOKU oya="0"/><INIT seed="0,0,0,0,3,9" ten="250,250,250,250" oya="0" hai0="111,8,31,106,38,37,49,122,30,43,91,63,52" hai1="81,133,127,59,116,44,55,79,80,10,46,128,95" hai2="12,58,70,40,60,115,33,96,39,23,98,2,45" hai3="27,22,86,4,135,83,62,102,36,3,17,14,108"/><T112/><D112/><U26/><E116/><V29/><F115/><W32/><G108/><T78/><D78/><U28/><E128/><V15/><F2/><W82/><G135/><T76/><D76/><U118/><E133/><V57/><F33/><W126/><G126/><T100/><D122/><U75/><E118/><V18/><F70/><W50/><G36/><T11/><D106/><U134/><E81/><V24/><F57/><W107/><G107/><T77/><D77/><U19/><E134/><V66/><F29/><W20/><G102/><T125/><D100/><U74/><E74/><V47/><REACH who="2" step="1"/><F45/><REACH who="2" ten="250,250,240,250" step="2"/><W67/><G32/><T71/><D71/><U16/><E46/><V56/><F56/><N who="3" m="37319" /><G3/><T54/><D31/><U121/><E44/><V35/><F35/><W85/><G50/><T110/><D30/><U131/><E121/><V69/><F69/><W89/><G4/><T65/><D125/><U1/><E127/><V129/><F129/><W103/><G103/><T105/><D110/><U109/><E109/><V25/><F25/><W51/><G51/><T120/><D111/><U0/><E131/><V73/><F73/><W130/><G27/><T87/><D37/><U99/><E26/><V53/><F53/><W5/><G5/><T123/><D54/><U94/><E28/><V97/><AGARI ba="0,1" hai="12,15,18,23,24,39,40,47,58,60,66,96,97,98" machi="97" ten="30,7900,0" yaku="1,1,0,1,52,2,53,0" doraHai="9" doraHaiUra="64" who="2" fromWho="2" sc="250,-39,250,-20,240,89,250,-20" /><INIT seed="1,0,0,1,5,37" ten="211,230,329,230" oya="1" hai0="56,48,7,64,101,59,98,121,43,73,9,21,132" hai1="95,66,104,30,111,77,40,113,107,133,45,126,82" hai2="68,8,28,6,131,123,34,122,58,110,65,84,1" hai3="0,10,46,2,52,15,94,55,13,130,44,20,96"/><U70/><E113/><V87/><F110/><W26/><G130/><T62/><D73/><U33/><E111/><V74/><F131/><W97/><G10/><T119/><D119/><U14/><E126/><V106/><F58/><W115/><G94/><T86/><D132/><U49/><E133/><V112/><F87/><W60/><G60/><T129/><D129/><U83/><E83/><V116/><F112/><W67/><G67/><T25/><D86/><U61/><E95/><V85/><F85/><W89/><G115/><T5/><D121/><U39/><E49/><V22/><F22/><W54/><G89/><T118/><D118/><U81/><E14/><N who="3" m="5130" /><G20/><T128/><D128/><U108/><E108/><V24/><F84/><W80/><G26/><T99/><D9/><U11/><E11/><V93/><F93/><W72/><G80/><T76/><D76/><U36/><E82/><V29/><F29/><W47/><G72/><T57/><D101/><U51/><E51/><V3/><F116/><W12/><N who="3" m="5138" /><W127/><DORA hai="117" /><G127/><T18/><D99/><AGARI ba="0,0" hai="0,2,44,46,47,52,54,55,96,97,99" m="5138" machi="99" ten="40,5200,0" yaku="28,2,54,1" doraHai="37,117" who="3" fromWho="0" sc="211,-52,230,0,329,0,230,52" /><INIT seed="2,0,0,1,5,68" ten="159,230,329,282" oya="2" hai0="57,83,92,42,123,126,26,129,74,75,97,73,10" hai1="62,87,37,69,93,35,0,119,78,16,44,48,106" hai2="110,90,131,103,76,100,86,67,79,133,108,105,49" hai3="56,104,115,81,135,45,127,112,114,101,9,3,134"/><V32/><F67/><W1/><G104/><T41/><D123/><U132/><E106/><V66/><F32/><W64/><G101/><N who="2" m="38985" /><F66/><W94/><G94/><T61/><D129/><U24/><E119/><V96/><F49/><W31/><G81/><T91/><D126/><U19/><E0/><N who="3" m="74" /><G9/><T18/><D83/><U52/><E132/><N who="3" m="50730" /><G45/><T50/><D50/><U54/><E35/><V28/><F28/><W124/><G31/><T30/><D30/><U99/><E24/><V7/><F7/><W88/><G88/><T17/><D10/><U84/><E78/><N who="2" m="29739" /><F133/><W71/><G56/><T11/><D18/><U40/><E84/><V34/><F34/><W98/><G98/><T21/><REACH who="0" step="1"/><D11/><REACH who="0" ten="149,230,329,282" step="2"/><U51/><E19/><V72/><F131/><W13/><G13/><T89/><D89/><U22/><E16/><V27/><F105/><W53/><G127/><T95/><D95/><U4/><E22/><V118/><F118/><W128/><G124/><T59/><D59/><U25/><E25/><V5/><F5/><W43/><G128/><T65/><AGARI ba="0,1" hai="17,21,26,41,42,57,61,65,73,74,75,91,92,97" machi="65" ten="30,2000,0" yaku="1,1,0,1,53,0" doraHai="68" doraHaiUra="113" who="0" fromWho="0" sc="149,30,230,-5,329,-10,282,-5" /><INIT seed="3,0,0,5,5,113" ten="179,225,319,277" oya="3" hai0="111,120,57,53,6,103,12,83,95,121,73,135,59" hai1="44,54,60,56,15,51,115,97,40,10,36,45,42" hai2="99,19,28,134,130,112,80,133,33,9,123,65,31" hai3="17,20,119,55,66,86,22,13,26,11,100,4,131"/><W77/><G119/><T104/><D104/><U82/><E115/><V102/><F112/><W94/><G131/><T101/><D111/><U5/><E97/><V105/><F130/><W107/><G66/><T29/><D29/><U1/><E82/><V35/><F80/><W87/><G107/><T132/><D73/><U68/><E68/><V89/><F89/><W125/><G125/><T34/><D95/><U47/><E1/><V93/><F123/><W49/><G77/><T98/><D83/><U27/><E27/><V46/><F46/><W72/><G72/><T90/><D34/><U129/><E129/><V30/><F65/><W124/><G124/><T118/><D118/><U127/><E127/><V48/><F48/><W108/><G108/><T109/><D109/><U67/><E44/><V79/><F79/><W69/><G69/><T24/><D24/><U32/><E32/><V63/><F63/><W76/><G76/><T74/><D74/><U25/><E25/><V41/><F41/><W128/><G128/><T39/><D39/><U37/><E67/><V61/><F61/><AGARI ba="0,0" hai="5,10,15,36,37,40,42,45,47,51,54,56,60,61" machi="61" ten="40,1300,0" yaku="9,1" doraHai="113" who="1" fromWho="2" sc="179,0,225,13,319,-13,277,0" owari="179,-32.0,238,-16.0,306,40.0,277,8.0" /></mjloggm>