<mjloggm ver="2.3"><GO type="169" lobby="0"/><UN n0="%6B%69%6E%67%32%33%32%33" n1="%E3%82%A6%E3%83%AB%E3%83%88%E3%83%A9%E7%AB%8B%E7%9B%B4" n2="%74%68%69%73%69%73%69%74" n3="%E5%8D%97%E5%9B%BD%E3%81%97%E3%82%8D%E3%81%8F%E3%81%BE" dan="17,18,16,16" rate="2162.20,2218.12,2155.35,2145.99" sx="M,M,M,M"/><TAIKYOKU oya="0"/><INIT seed="0,0,0,3,4,4" ten="250,250,250,250" oya="0" hai0="76,57,118,15,112,110,105,77,11,30,134,27,19" hai1="108,34,90,130,122,70,23,52,62,128,21,81,129" hai2="31,131,116,42,12,115,7,127,93,135,83,18,96" hai3="69,2,63,99,65,53,79,13,114,107,125,109,28"/><T3/><D3/><U45/><BYE who="0" /><E122/><V82/><F115/><W67/><G114/><UN n0="%6B%69%6E%67%32%33%32%33" /><T38/><D118/><U51/><E34/><V75/><F116/><W120/><G2/><T33/><D112/><U40/><E108/><V73/><F135/><W16/><G109/><T95/><D110/><U39/><E90/><V87/><F131/><W36/><G28/><T74/><D105/><U25/><E81/><V0/><F127/><W100/><G125/><T9/><D38/><U26/><E26/><V1/><F31/><W58/><G36/><T22/><D134/><U91/><E91/><V24/><F42/><W92/><G79/><T104/><D104/><U54/><E25/><V119/><F119/><W72/><G72/><T101/><D74/><U103/><E103/><V123/><F123/><W10/><G120/><T111/><D111/><U61/><E54/><V8/><F75/><W29/><G29/><T102/><D57/><N who="1" m="32927" /><E61/><V84/><F73/><W46/><G107/><T133/><D133/><U94/><E94/><V50/><F1/><W60/><G46/><T6/><D95/><U126/><E126/><V88/><F50/><N who="3" m="31031" /><G69/><T35/><D35/><U49/><E49/><V98/><F0/><W85/><G85/><T55/><D55/><U59/><E59/><V43/><F43/><W32/><G32/><T124/><D124/><U132/><E132/><V17/><F87/><W20/><G20/><T68/><D68/><U37/><E37/><V5/><F84/><W71/><G71/><T56/><D56/><U117/><E117/><V80/><F98/><W86/><G86/><RYUUKYOKU ba="0,0" sc="250,-30,250,10,250,10,250,10" hai1="21,23,39,40,45,62,70,128,129,130" hai2="5,7,8,12,17,18,24,80,82,83,88,93,96" hai3="10,13,16,60,63,65,67,92,99,100" /><INIT seed="1,1,0,1,1,92" ten="220,260,260,260" oya="1" hai0="33,111,64,87,133,1,51,20,100,110,96,77,62" hai1="89,112,81,73,65,53,67,116,26,76,95,94,60" hai2="45,74,128,41,86,11,84,134,18,59,6,54,123" hai3="15,28,8,124,61,13,23,90,44,36,88,56,25"/><U34/><E116/><V108/><F123/><W114/><G114/><T10/><D33/><U30/><E112/><V107/><F74/><W22/><G124/><T79/><D133/><U52/><E67/><V31/><F134/><W0/><G0/><T122/><D122/><U132/><E95/><V5/><F107/><W24/><G44/><T119/><D119/><U29/><E29/><V80/><F108/><N who="0" m="41514" /><D20/><U40/><E40/><V69/><F69/><W91/><G8/><T120/><D120/><U118/><E118/><V49/><F128/><W21/><G36/><T106/><D51/><U16/><E16/><V27/><F18/><N who="3" m="12407" /><G22/><T12/><D1/><U66/><E66/><AGARI ba="1,0" hai="13,15,21,25,28,56,61,66,88,90,91" m="12407" machi="66" ten="30,2000,0" yaku="8,1,54,1" doraHai="92" who="3" fromWho="1" sc="220,0,260,-23,260,0,260,23" /><INIT seed="2,0,0,2,0,41" ten="220,237,260,283" oya="2" hai0="79,58,35,18,115,97,86,42,5,108,125,80,99" hai1="76,85,56,47,59,27,93,26,13,101,3,104,81" hai2="53,7,120,48,43,21,55,57,134,33,36,113,131" hai3="78,112,4,32,29,38,74,52,34,130,91,77,88"/><V89/><F33/><W121/><G121/><T40/><D35/><U23/><E3/><V87/><F113/><W15/><G112/><T71/><D71/><U19/><E104/><V111/><F120/><W96/><G38/><T68/><D68/><U65/><E47/><N who="2" m="25727" /><F36/><W46/><G130/><T44/><D115/><U127/><E127/><V75/><F75/><W83/><G78/><T51/><D108/><U94/><E101/><V102/><F131/><W124/><G124/><T22/><D125/><U123/><E123/><V8/><F134/><W135/><G135/><T49/><D5/><U66/><E94/><N who="2" m="54591" /><F111/><W10/><G96/><T103/><D103/><U117/><E93/><V20/><F102/><W106/><G106/><T63/><D40/><U82/><E82/><V72/><F72/><W105/><G105/><T119/><D51/><U64/><E117/><V1/><F1/><W50/><REACH who="3" step="1"/><G34/><REACH who="3" ten="220,237,260,273" step="2"/><T95/><D119/><U92/><E76/><V70/><F70/><W28/><G28/><T25/><REACH who="0" step="1"/><D95/><REACH who="0" ten="210,237,260,273" step="2"/><U60/><E92/><V116/><F116/><W132/><G132/><T110/><D110/><U84/><E81/><V67/><F7/><W129/><G129/><T11/><D11/><U62/><E85/><V126/><F8/><W107/><G107/><T61/><D61/><U16/><E84/><V90/><F126/><W133/><G133/><T100/><D100/><U12/><E62/><N who="2" m="38351" /><F90/><W31/><G31/><T69/><D69/><U54/><E60/><V98/><F98/><W45/><G45/><T73/><D73/><U37/><E37/><V109/><F109/><RYUUKYOKU ba="0,2" sc="210,10,237,-30,260,10,273,10" hai0="18,22,25,42,44,49,58,63,79,80,86,97,99" hai2="20,21,53,55" hai3="4,10,15,29,32,46,50,52,74,77,83,88,91" /><INIT seed="2,1,2,1,2,19" ten="220,207,270,283" oya="2" hai0="7,47,32,65,6,119,16,50,102,56,126,66,125" hai1="89,25,49,53,21,78,113,96,28,86,3,83,61" hai2="14,134,135,128,17,101,26,80,31,1,132,98,116" hai3="72,108,112,54,103,2,107,111,33,91,52,67,87"/><V13/><F116/><W39/><G72/><T64/><D32/><U97/><E3/><V122/><F122/><W18/><G39/><T35/><D35/><U20/><E113/><V94/><F1/><W69/><G112/><T131/><D119/><U34/><E61/><V42/><F128/><W85/><G2/><T58/><D131/><U129/><E129/><V95/><F42/><W123/><G123/><T10/><D102/><U90/><E90/><V23/><F80/><W43/><G43/><T5/><D126/><U92/><REACH who="1" step="1"/><E97/><REACH who="1" ten="220,197,270,283" step="2"/><N who="2" m="59575" /><F31/><W12/><G91/><AGARI ba="1,3" hai="13,14,17,23,26,91,95,98,132,134,135" m="59575" machi="91" ten="30,2900,0" yaku="20,1,52,1" doraHai="19" who="2" fromWho="3" sc="220,0,197,0,270,62,283,-32" /><INIT seed="2,2,0,2,3,118" ten="220,197,332,251" oya="2" hai0="12,75,119,85,99,102,60,117,45,46,134,107,73" hai1="97,36,8,58,78,20,80,109,55,76,11,108,105" hai2="93,37,47,98,9,115,24,77,40,126,130,43,29" hai3="135,59,7,13,106,10,96,18,69,56,104,90,42"/><V124/><F115/><W61/><G69/><T66/><D134/><U22/><E36/><V89/><F130/><W54/><G135/><T65/><D85/><U21/><E97/><V68/><F68/><W82/><G42/><T131/><D12/><U101/><E101/><V27/><F43/><W74/><G74/><N who="0" m="28171" /><D131/><U100/><E100/><V91/><F77/><W3/><G56/><N who="0" m="36999" /><D66/><U57/><E55/><V111/><F111/><N who="1" m="42569" /><E80/><V35/><F9/><N who="1" m="3657" /><E105/><V121/><F24/><W33/><G33/><T1/><D1/><U53/><E53/><V26/><F26/><W103/><G82/><T51/><D51/><U71/><E71/><V129/><F129/><W2/><G2/><T63/><D63/><U44/><E44/><V4/><F91/><W92/><G103/><T15/><D15/><U64/><E64/><V28/><F89/><W81/><G81/><T6/><D6/><U123/><E123/><V39/><F4/><W14/><G3/><T132/><D132/><U83/><E83/><V127/><F39/><W128/><G128/><T32/><D32/><U79/><AGARI ba="2,0" hai="20,21,22,57,58,76,78,79" m="3657,42569" machi="79" ten="40,5200,0" yaku="28,2,14,1" doraHai="118" who="1" fromWho="1" sc="220,-15,197,58,332,-28,251,-15" /><INIT seed="3,0,0,3,2,70" ten="205,255,304,236" oya="3" hai0="118,97,87,12,121,33,8,53,133,72,23,107,128" hai1="113,11,89,52,0,85,6,46,105,21,83,55,42" hai2="60,26,47,123,62,59,3,22,40,100,111,132,68" hai3="126,90,71,127,120,19,54,61,66,7,5,84,1"/><W39/><G120/><T2/><D33/><U86/><E105/><V115/><F123/><W98/><G98/><T80/><D121/><U18/><E86/><V114/><F115/><W117/><G117/><T125/><D118/><U16/><E113/><V134/><F3/><W75/><G75/><T43/><D2/><U57/><E57/><V17/><F114/><W29/><G29/><T13/><D72/><U77/><E89/><V73/><F73/><W99/><G99/><T104/><D128/><U37/><REACH who="1" step="1"/><E16/><REACH who="1" ten="205,245,304,236" step="2"/><V48/><F17/><W112/><G112/><T119/><D107/><U116/><E116/><V67/><F59/><W10/><G19/><T35/><D119/><U31/><E31/><V28/><F28/><W41/><G5/><T36/><D87/><U131/><E131/><V78/><F132/><W81/><REACH who="3" step="1"/><G54/><REACH who="3" ten="205,245,304,226" step="2"/><T58/><D53/><U95/><E95/><V65/><F134/><W124/><G124/><T130/><D133/><U135/><E135/><V109/><F109/><W122/><G122/><T101/><D125/><U4/><E4/><V102/><F111/><W88/><G88/><T44/><D130/><U49/><E49/><V24/><F48/><W93/><G93/><T30/><D30/><U45/><E45/><AGARI ba="0,2" hai="1,7,10,39,41,45,61,66,71,81,84,90,126,127" machi="45" ten="40,7700,0" yaku="1,1,52,1,53,1" doraHai="70" doraHaiUra="64" who="3" fromWho="1" sc="205,0,245,-77,304,0,226,97" /><INIT seed="3,1,0,0,3,111" ten="205,168,304,323" oya="3" hai0="38,82,99,125,73,17,102,15,124,131,11,113,35" hai1="44,58,10,74,114,135,75,91,115,14,98,103,55" hai2="52,122,16,70,129,23,2,60,5,28,88,120,116" hai3="100,134,20,126,40,8,25,68,130,83,19,105,39"/><W81/><G68/><T97/><D35/><U4/><E135/><V59/><F116/><W48/><G134/><T128/><D38/><U107/><E44/><V71/><F28/><W96/><G39/><T24/><D24/><U110/><E110/><V31/><F31/><W79/><G126/><N who="0" m="48747" /><D73/><U29/><E29/><V118/><F118/><W104/><G130/><N who="0" m="49707" /><D82/><U56/><E56/><V22/><F22/><W80/><G104/><N who="0" m="63567" /><D99/><U66/><E66/><V54/><F129/><W37/><G37/><T47/><D47/><U119/><E119/><V1/><F54/><W13/><G40/><T49/><D49/><U46/><E46/><V9/><F1/><W95/><G48/><T41/><D41/><U30/><E30/><V61/><F61/><W64/><G64/><T21/><D21/><U67/><E67/><V94/><F120/><W72/><G105/><T108/><D108/><U93/><E74/><V101/><F122/><W87/><REACH who="3" step="1"/><G72/><REACH who="3" ten="205,168,304,313" step="2"/><T106/><D106/><U112/><E75/><V133/><F133/><W89/><G89/><T57/><D57/><U26/><E107/><V65/><F65/><W69/><G69/><T12/><D12/><U32/><E91/><V76/><F71/><W117/><G117/><T90/><D90/><U84/><E32/><V77/><F70/><W18/><AGARI ba="1,1" hai="8,13,18,19,20,25,79,80,81,83,87,95,96,100" machi="18" ten="20,7800,0" yaku="1,1,0,1,7,1,8,1,53,0" doraHai="111" doraHaiUra="36" who="3" fromWho="3" sc="205,-27,168,-27,304,-27,313,91" /><INIT seed="3,2,0,2,5,50" ten="178,141,277,404" oya="3" hai0="72,51,29,24,99,126,116,49,56,55,21,119,76" hai1="18,58,93,9,52,12,25,111,109,75,110,66,15" hai2="121,89,61,64,77,23,4,26,30,127,3,79,32" hai3="101,0,27,106,44,120,36,117,115,2,43,8,46"/><W57/><G120/><T85/><D126/><U132/><E75/><V123/><F127/><W129/><G117/><T112/><D112/><U60/><E132/><V41/><F41/><W128/><G115/><T95/><D72/><U17/><E93/><V7/><F89/><W34/><G8/><T54/><D85/><U94/><E94/><V33/><F77/><W62/><G46/><T67/><D67/><U107/><E25/><V69/><F79/><W83/><G83/><T16/><D76/><U63/><E107/><V130/><F130/><N who="3" m="50283" /><G34/><T53/><D119/><U103/><E103/><V19/><F33/><W48/><G27/><T97/><D116/><U134/><E134/><V74/><F74/><W42/><G42/><T47/><D29/><U102/><E102/><V65/><F65/><N who="3" m="39119" /><G36/><T84/><D55/><U38/><E38/><V6/><F3/><W37/><G37/><T22/><D22/><N who="1" m="11559" /><E60/><V131/><F131/><W122/><G122/><N who="2" m="46601" /><F32/><W45/><G45/><T59/><D47/><U104/><E104/><V90/><F30/><W40/><G40/><T73/><D73/><U86/><E86/><V118/><F118/><W68/><G68/><T80/><D80/><U14/><E14/><V114/><F114/><W113/><G113/><T135/><D135/><U81/><E81/><V28/><F28/><W20/><G20/><T133/><D133/><U124/><E124/><V71/><F71/><W88/><G88/><AGARI ba="2,0" hai="16,21,24,49,51,53,54,56,59,84,88,95,97,99" machi="88" ten="40,12000,2" yaku="9,1,8,1,52,2,54,2" doraHai="50" who="0" fromWho="3" sc="178,126,141,0,277,0,404,-126" /><INIT seed="4,0,0,0,1,55" ten="304,141,277,278" oya="0" hai0="23,5,54,101,70,110,29,102,47,107,22,32,7" hai1="49,120,46,74,96,40,124,50,109,53,13,12,81" hai2="62,78,119,35,134,6,15,97,9,30,94,86,48" hai3="51,21,56,125,99,24,116,111,2,103,132,82,76"/><T63/><D32/><U66/><E109/><V52/><F134/><W61/><G111/><T105/><D110/><U38/><E120/><V26/><F119/><W65/><G116/><T44/><D70/><U41/><E124/><V130/><F130/><W98/><G2/><T18/><D18/><U19/><E66/><V67/><F78/><W72/><G132/><T121/><D54/><U25/><E25/><V39/><F39/><W75/><G125/><T37/><D63/><U122/><E122/><V69/><F86/><W43/><G75/><T135/><D135/><U117/><E117/><V133/><F133/><W85/><G72/><T113/><D121/><U80/><E74/><V123/><F123/><W28/><REACH who="3" step="1"/><G103/><REACH who="3" ten="304,141,277,268" step="2"/><T92/><D102/><U33/><E33/><V112/><F112/><W58/><G58/><T45/><D101/><U84/><E46/><AGARI ba="0,1" hai="21,24,28,43,46,51,56,61,65,76,82,85,98,99" machi="46" ten="40,5200,0" yaku="1,1,8,1,52,1,53,0" doraHai="55" doraHaiUra="10" who="3" fromWho="1" sc="304,0,141,-52,277,0,268,62" /><INIT seed="5,0,0,4,4,102" ten="304,89,277,330" oya="1" hai0="4,75,85,131,13,101,18,30,20,0,50,5,121" hai1="84,52,36,6,125,53,76,115,117,126,41,51,17" hai2="3,105,7,40,56,104,28,120,67,81,47,71,73" hai3="31,42,100,10,25,22,94,29,14,82,124,86,9"/><U60/><E117/><V62/><F56/><W111/><G111/><T103/><D75/><U63/><E6/><V80/><F80/><W135/><G124/><N who="1" m="47722" /><E76/><N who="2" m="44175" /><F28/><W119/><G119/><T44/><D0/><U57/><E84/><V92/><F92/><W128/><G135/><T24/><D131/><U89/><E89/><V27/><F27/><W97/><G128/><T132/><D132/><U32/><E32/><V108/><F108/><W109/><G109/><T11/><D121/><U79/><E79/><V93/><F93/><W99/><G99/><T98/><D85/><U26/><E26/><V78/><F78/><N who="3" m="46423" /><G42/><T95/><REACH who="0" step="1"/><D103/><REACH who="0" ten="294,89,277,330" step="2"/><U72/><E72/><V59/><F120/><W91/><G100/><T107/><D107/><U12/><E115/><V55/><F3/><W118/><G118/><T113/><D113/><U34/><E34/><V90/><F90/><W74/><G74/><T116/><D116/><U33/><E33/><V106/><F106/><W38/><G91/><T112/><D112/><U23/><E53/><AGARI ba="0,1" hai="4,5,11,13,18,20,24,30,44,50,53,95,98,101" machi="53" ten="30,3900,0" yaku="1,1,7,1,8,1,53,0" doraHai="102" doraHaiUra="122" who="0" fromWho="1" sc="294,49,89,-39,277,0,330,0" /><INIT seed="6,0,0,4,0,32" ten="343,50,277,330" oya="2" hai0="121,99,102,28,64,4,34,130,95,20,18,132,94" hai1="2,116,41,74,86,85,67,113,90,124,16,118,27" hai2="12,52,135,69,83,47,45,38,75,11,24,126,19" hai3="71,55,104,31,92,66,1,133,111,42,98,33,106"/><V26/><F69/><W134/><G111/><T122/><D132/><N who="3" m="50793" /><G42/><T125/><D125/><U128/><E74/><V43/><F135/><W3/><G55/><T53/><D130/><U72/><E72/><V107/><F107/><N who="3" m="41003" /><G31/><T109/><D109/><U8/><E124/><V110/><F126/><W15/><G15/><T70/><D53/><U13/><E128/><V56/><F47/><W61/><G33/><T58/><D4/><U84/><E113/><V7/><F110/><W73/><G73/><T46/><D46/><U63/><E41/><V76/><REACH who="2" step="1"/><F7/><REACH who="2" ten="343,50,267,330" step="2"/><W35/><G35/><T123/><D70/><U65/><E118/><V78/><F78/><W82/><G82/><T97/><D123/><U9/><E116/><V87/><F87/><W36/><G36/><T88/><D122/><U127/><E127/><V54/><F54/><W131/><G131/><T93/><D121/><U0/><E67/><V48/><AGARI ba="0,1" hai="11,12,19,24,26,38,43,45,48,52,56,75,76,83" machi="48" ten="20,7800,0" yaku="1,1,0,1,7,1,54,1,53,0" doraHai="32" doraHaiUra="96" who="2" fromWho="2" sc="343,-26,50,-26,267,88,330,-26" /><INIT seed="6,1,0,2,1,70" ten="317,24,355,304" oya="2" hai0="109,35,5,129,8,89,98,88,56,2,34,101,6" hai1="111,100,33,81,40,17,53,25,72,30,24,12,52" hai2="49,124,71,127,50,60,80,37,31,1,10,134,94" hai3="73,64,85,122,118,117,95,0,28,57,123,47,43"/><V119/><F119/><W116/><G0/><T120/><D120/><U68/><E111/><V59/><F31/><W126/><G73/><T36/><D109/><U130/><E130/><V86/><F71/><W66/><G28/><T106/><D129/><U104/><E25/><V11/><F94/><W99/><G85/><T48/><D5/><U97/><E72/><V22/><F22/><W115/><G126/><N who="2" m="48169" /><F134/><W39/><G115/><T75/><D75/><U113/><E113/><V83/><F1/><W110/><G110/><T32/><REACH who="0" step="1"/><D36/><REACH who="0" ten="307,24,355,304" step="2"/><U51/><E81/><V21/><F37/><W19/><G123/><T76/><D76/><U42/><E68/><V102/><F80/><W23/><G122/><T128/><D128/><U82/><E82/><V65/><F102/><W7/><G7/><T87/><D87/><U93/><E104/><V63/><F86/><W112/><G112/><T131/><D131/><U4/><E4/><V90/><F83/><W133/><G133/><T3/><D3/><U92/><E92/><V135/><F90/><W121/><G121/><T16/><D16/><U108/><E108/><V55/><F135/><W91/><REACH who="3" step="1"/><G57/><REACH who="3" ten="307,24,355,294" step="2"/><T9/><D9/><U69/><E69/><N who="2" m="42151" /><F10/><W105/><G105/><T67/><D67/><U62/><E62/><V14/><F11/><W84/><G84/><T27/><D27/><AGARI ba="1,2" hai="19,23,27,39,43,47,64,66,91,95,99,116,117,118" machi="27" ten="40,5200,0" yaku="1,1,52,1,53,1" doraHai="70" doraHaiUra="41" who="3" fromWho="0" sc="307,-55,24,0,355,0,294,75" /><INIT seed="7,0,0,1,4,104" ten="252,24,355,369" oya="3" hai0="93,25,66,83,111,50,1,54,117,61,71,67,47" hai1="112,18,100,76,69,86,122,49,129,34,94,0,60" hai2="132,95,107,20,128,57,56,55,82,75,65,72,91" hai3="81,114,29,33,45,101,123,12,43,38,26,6,70"/><W37/><G123/><T78/><D1/><U44/><E49/><V24/><F107/><W109/><G70/><T87/><D117/><U35/><E60/><N who="2" m="38031" /><F75/><W106/><G109/><T73/><D111/><U15/><E44/><V85/><F72/><W8/><G114/><T108/><D108/><U79/><E86/><V28/><F132/><W63/><G63/><T99/><D66/><U58/><E94/><V22/><F128/><W113/><G113/><T9/><D9/><U98/><E100/><V62/><F22/><W30/><G30/><T120/><D120/><U21/><E98/><V96/><F82/><W92/><G106/><T36/><D25/><U105/><E76/><V51/><F51/><W125/><G125/><T127/><D127/><U88/><E79/><V133/><F133/><W40/><G81/><T121/><D121/><U3/><E88/><N who="2" m="55399" /><F85/><W118/><G118/><T135/><D135/><U48/><E58/><V90/><AGARI ba="0,0" hai="20,24,28,55,56,62,90,91" m="55399,38031" machi="90" ten="30,2000,0" yaku="8,1,54,1" doraHai="104" who="2" fromWho="2" sc="252,-5,24,-5,355,20,369,-10" owari="247,-15.0,19,-48.0,375,47.0,359,16.0" /></mjloggm>