<mjloggm ver="2.3"><GO type="225" lobby="0"/><UN n0="%E3%83%88%E3%83%88%E3%83%AA%E5%85%88%E7%94%9F%31%39%E6%AD%B3" n1="%E7%B6%BE%E9%A6%99" n2="%E3%81%93%E3%81%A3%E3%81%97%E3%83%BC" n3="%E3%83%87%E3%83%87%E3%82%AD%E3%83%B3%E3%83%88" dan="18,16,16,17" rate="2274.70,2138.66,2050.51,2115.20" sx="F,F,M,M"/><TAIKYOKU oya="0"/><INIT seed="0,0,0,5,3,44" ten="250,250,250,250" oya="0" hai0="79,24,98,78,86,132,81,90,63,102,20,15,108" hai1="119,122,111,5,1,14,91,68,117,50,56,9,83" hai2="109,74,47,88,40,112,121,38,116,48,39,13,61" hai3="87,69,127,26,28,113,128,65,89,53,17,67,42"/><T107/><D132/><U19/><E68/><V64/><F74/><W94/><G113/><T22/><D108/><U33/><E33/><V95/><F121/><W54/><G128/><T93/><D15/><U76/><E122/><V11/><F109/><W34/><G127/><T103/><D103/><U72/><E111/><V52/><F112/><W130/><G130/><T25/><D63/><U51/><E91/><V70/><F116/><W134/><G134/><T46/><D107/><U36/><E36/><V45/><F45/><W7/><G42/><T41/><D22/><U135/><E135/><V16/><REACH who="2" step="1"/><F40/><REACH who="2" ten="250,250,240,250" step="2"/><W59/><G69/><T100/><D25/><U123/><E123/><V31/><F31/><W124/><G28/><T77/><D102/><U115/><E115/><V2/><F2/><W29/><G29/><N who="0" m="17543" /><D46/><U133/><E133/><V84/><AGARI ba="0,1" hai="11,13,16,38,39,47,48,52,61,64,70,84,88,95" machi="84" ten="20,12000,2" yaku="1,1,0,1,7,1,52,1,54,3,53,0" doraHai="44" doraHaiUra="18" who="2" fromWho="2" sc="250,-60,250,-30,240,130,250,-30" /><INIT seed="1,0,0,1,3,66" ten="190,220,370,220" oya="1" hai0="126,128,57,12,103,1,132,69,63,43,90,135,94" hai1="58,97,53,116,21,72,44,51,4,31,8,113,87" hai2="34,74,86,47,78,20,127,18,25,80,109,48,28" hai3="84,110,19,14,5,91,112,61,92,16,71,77,40"/><U115/><E72/><V111/><F127/><W68/><G110/><N who="2" m="41993" /><F48/><W134/><G112/><T6/><D126/><U35/><E116/><V52/><F52/><W26/><G134/><N who="0" m="51243" /><D128/><U59/><E35/><V104/><F47/><W81/><G40/><T120/><D1/><U46/><E97/><V10/><F104/><W29/><G5/><T62/><D103/><U88/><E113/><V23/><F74/><W65/><G14/><AGARI ba="0,0" hai="10,14,18,20,23,25,28,34,78,80,86" m="41993" machi="14" ten="30,1000,0" yaku="14,1" doraHai="66" who="2" fromWho="3" sc="190,0,220,0,370,10,220,-10" /><INIT seed="2,0,0,2,0,53" ten="190,220,380,210" oya="2" hai0="94,51,49,107,21,41,69,71,108,92,59,15,10" hai1="27,65,2,29,5,82,62,18,118,116,74,104,46" hai2="122,57,85,99,112,17,11,97,120,102,98,93,3" hai3="60,114,26,36,76,101,45,6,88,55,129,132,125"/><V42/><F42/><W124/><G114/><T111/><D107/><U44/><E104/><V16/><F112/><W54/><G101/><T121/><D21/><U47/><E18/><V1/><F1/><W130/><G76/><T115/><D115/><U87/><E74/><V67/><F3/><W134/><G6/><T31/><D31/><U9/><E29/><V81/><F122/><W96/><G26/><T72/><D72/><U117/><E27/><V77/><F120/><W39/><G96/><N who="2" m="36969" /><F11/><W0/><G88/><T128/><D121/><U38/><E38/><N who="3" m="14378" /><G0/><T83/><D128/><N who="3" m="49257" /><G45/><N who="0" m="25775" /><D83/><U7/><E7/><V35/><F35/><W91/><G91/><T24/><D24/><U66/><REACH who="1" step="1"/><E62/><AGARI ba="0,0" hai="16,17,57,62,67,77,81,85,93,99,102" m="36969" machi="62" ten="30,5800,0" yaku="8,1,52,1,54,1" doraHai="53" who="2" fromWho="1" sc="190,0,220,-58,380,58,210,0" /><INIT seed="2,1,0,1,2,6" ten="190,162,438,210" oya="2" hai0="98,70,132,87,29,30,126,61,38,51,68,62,121" hai1="57,74,25,75,130,17,134,5,27,103,86,124,122" hai2="4,133,26,83,8,129,116,32,10,7,52,109,80" hai3="14,69,33,110,56,9,92,64,113,77,105,79,60"/><V95/><F133/><W88/><G105/><T93/><D38/><U114/><E134/><V115/><F129/><W49/><G33/><T119/><D132/><U36/><E36/><V104/><F104/><W112/><G110/><T120/><D126/><U100/><E124/><V0/><F115/><N who="3" m="44107" /><G49/><T94/><D51/><U82/><E130/><V1/><F116/><W53/><G53/><T24/><D87/><U44/><E114/><V101/><F109/><W58/><G77/><T108/><D108/><U18/><E122/><V128/><F128/><W127/><G79/><T90/><D24/><U66/><E5/><V73/><F73/><W28/><G28/><T15/><D119/><U2/><E2/><V59/><F101/><W35/><G35/><T39/><D39/><U23/><E44/><V20/><F95/><W89/><G89/><T78/><D78/><U117/><E117/><V19/><REACH who="2" step="1"/><F32/><REACH who="2" ten="190,162,428,210" step="2"/><W22/><G127/><T106/><D106/><U16/><E74/><V55/><F55/><W40/><G40/><T11/><D94/><U48/><E103/><V37/><F37/><W91/><G92/><T13/><D120/><U111/><E100/><V65/><F65/><W118/><G118/><T31/><D121/><U3/><E75/><V125/><F125/><W45/><G64/><T123/><D123/><U96/><E66/><V97/><F97/><W76/><G69/><T47/><D70/><U84/><E96/><V102/><F102/><W99/><G99/><T42/><D68/><U71/><E71/><V41/><F41/><W81/><G81/><T43/><D42/><RYUUKYOKU ba="1,1" sc="190,-10,162,-10,428,30,210,-10" hai2="0,1,4,7,8,10,19,20,26,52,59,80,83" /><INIT seed="2,2,1,3,0,50" ten="180,152,458,200" oya="2" hai0="46,40,111,33,15,131,75,8,107,82,98,64,87" hai1="21,19,30,85,36,18,26,1,108,95,90,74,44" hai2="57,12,34,73,105,123,113,63,59,61,48,45,88" hai3="66,102,109,132,0,120,96,99,118,55,126,84,42"/><V49/><F73/><W60/><G0/><T27/><D75/><U115/><E74/><V17/><F105/><W114/><G118/><T62/><D111/><U69/><E69/><V54/><F34/><W5/><G120/><T58/><D131/><U2/><E115/><V117/><F123/><W24/><G109/><T71/><D71/><U125/><E108/><V22/><F117/><W83/><G5/><T86/><D107/><U135/><E135/><V101/><F101/><W129/><G129/><T112/><D98/><U134/><E134/><V92/><F45/><W31/><G42/><T70/><D70/><U78/><E78/><V68/><F68/><W4/><G4/><T35/><D112/><U41/><REACH who="1" step="1"/><E125/><REACH who="1" ten="180,142,458,200" step="2"/><V130/><F113/><W52/><G126/><T77/><D77/><U110/><E110/><V28/><F130/><W104/><G132/><T39/><D35/><U89/><E89/><V94/><F88/><N who="3" m="51231" /><G114/><T43/><D33/><U100/><E100/><V128/><F128/><W93/><G102/><T65/><D82/><U67/><E67/><V116/><F116/><W9/><G66/><T119/><D65/><U91/><E91/><V23/><F94/><W16/><G104/><T47/><D119/><U133/><E133/><V76/><F76/><W106/><G106/><T6/><D27/><U25/><E25/><N who="2" m="16447" /><F92/><W38/><G93/><T121/><D121/><U7/><E7/><V51/><F51/><AGARI ba="2,2" hai="6,8,15,39,40,43,46,47,51,58,62,64,86,87" machi="51" ten="30,1000,0" yaku="7,1" doraHai="50" who="0" fromWho="2" sc="180,36,142,0,458,-16,200,0" /><INIT seed="3,0,0,5,1,35" ten="216,142,442,200" oya="3" hai0="77,7,32,20,93,108,44,70,116,81,39,65,133" hai1="38,102,14,51,66,68,99,29,2,74,113,15,94" hai2="132,4,12,30,1,73,112,101,26,110,11,88,31" hai3="126,24,18,60,10,8,71,19,104,83,115,90,36"/><W98/><G36/><T64/><D116/><U122/><E38/><V41/><F110/><W97/><G115/><T131/><D32/><U43/><E74/><V47/><F132/><W120/><G120/><T78/><D108/><U82/><E113/><V87/><F73/><W42/><G42/><T109/><D93/><U107/><E122/><V92/><F101/><W95/><G126/><T114/><D20/><U86/><E29/><V17/><F26/><W117/><G117/><T13/><D13/><U53/><E43/><V45/><F45/><W127/><G127/><T33/><D44/><U89/><E14/><V121/><F121/><W22/><G83/><T128/><D33/><U62/><E15/><V72/><F72/><W23/><G71/><T76/><D70/><U118/><E118/><V119/><F119/><W63/><G104/><T134/><D39/><U79/><E107/><V91/><F91/><W40/><G40/><T3/><D81/><U37/><E37/><V28/><F112/><W84/><G10/><N who="0" m="2431" /><D109/><U125/><E125/><V69/><F69/><W135/><G8/><T54/><D54/><U5/><E102/><V52/><F41/><W75/><G75/><T124/><D114/><U129/><E129/><N who="0" m="49737" /><D124/><U123/><E123/><V106/><F106/><W57/><G135/><AGARI ba="0,0" hai="64,65,76,77,78,133,134,135" m="49737,2431" machi="135" ten="40,5200,0" yaku="20,1,19,1,52,1" doraHai="35" who="0" fromWho="3" sc="216,52,142,0,442,0,200,-52" owari="268,7.0,142,-36.0,442,54.0,148,-25.0" /></mjloggm>