<mjloggm ver="2.3"><GO type="97" lobby="0"/><UN n0="%73%35%37" n1="%E5%B0%B1%E6%B4%BB%E7%94%9F%40%E5%B7%9D%E6%9D%91%E8%BB%8D%E5%9B%A3" n2="%E7%A7%A6%E3%81%93%E3%81%93%E3%82%8D" n3="%E3%82%B3%E3%82%B3%E5%8A%A9" dan="14,14,14,13" rate="2010.58,1936.67,1974.35,1851.93" sx="M,M,F,M"/><TAIKYOKU oya="0"/><INIT seed="0,0,0,4,5,18" ten="250,250,250,250" oya="0" hai0="58,25,55,8,122,73,109,100,128,87,22,46,23" hai1="86,35,51,66,62,125,134,49,75,31,105,117,39" hai2="90,15,48,101,115,42,133,19,45,106,74,97,32" hai3="20,79,72,54,2,130,126,56,11,29,81,120,83"/><T95/><D73/><U71/><E75/><V89/><F133/><W21/><G120/><T93/><D122/><U94/><E117/><V36/><F115/><W30/><G83/><T53/><D128/><U1/><E1/><V132/><F132/><W16/><G130/><T10/><D109/><U27/><E134/><V82/><F32/><W124/><G2/><T70/><D70/><U33/><E33/><V9/><F74/><W119/><G119/><T24/><D46/><U65/><E125/><N who="3" m="48234" /><G30/><T38/><D38/><U77/><E39/><V113/><F113/><W121/><G29/><T6/><D6/><U102/><E66/><V78/><F78/><W99/><G99/><T13/><D13/><U68/><E68/><V127/><F127/><W67/><G67/><T80/><D80/><N who="1" m="47375" /><E94/><V5/><F82/><W111/><G111/><T84/><D58/><U4/><E4/><V37/><F37/><W123/><G123/><T69/><D69/><U50/><E50/><V60/><F60/><N who="3" m="35863" /><G121/><T14/><D14/><AGARI ba="0,0" hai="11,14,16,20,21,72,79,81" m="35863,48234" machi="14" ten="30,7700,0" yaku="18,1,52,2,54,1" doraHai="18" who="3" fromWho="0" sc="250,-77,250,0,250,0,250,77" /><INIT seed="1,0,0,0,3,44" ten="173,250,250,327" oya="1" hai0="108,81,51,135,78,14,39,48,109,79,52,123,106" hai1="34,53,97,113,75,128,72,32,49,42,122,134,10" hai2="67,98,133,127,121,5,129,1,88,95,117,11,41" hai3="115,40,30,102,9,60,84,2,37,0,17,83,94"/><U76/><E113/><V12/><F121/><W59/><G115/><T27/><D39/><U29/><E122/><V61/><F117/><W120/><G120/><T58/><D106/><U20/><E128/><V69/><F127/><W86/><G40/><T131/><D123/><U15/><E134/><V31/><F133/><W18/><G37/><T91/><D131/><U116/><E116/><V104/><F129/><W96/><G30/><T112/><D112/><U4/><E42/><V73/><F73/><W13/><G86/><N who="0" m="50639" /><D135/><U43/><E43/><V103/><F31/><W65/><G18/><T33/><D33/><U28/><E97/><V130/><F130/><W93/><G94/><T19/><D27/><U90/><E90/><AGARI ba="0,0" hai="0,2,9,13,17,59,60,65,83,84,90,93,96,102" machi="90" ten="30,1000,0" yaku="7,1" doraHai="44" who="3" fromWho="1" sc="173,0,250,-10,250,0,327,10" /><INIT seed="2,0,0,4,3,82" ten="173,240,250,337" oya="2" hai0="44,50,49,63,86,71,81,118,74,85,59,43,17" hai1="14,16,28,64,78,92,0,55,24,53,72,90,4" hai2="58,19,66,80,45,32,31,26,40,115,27,37,61" hai3="42,76,128,51,99,11,129,2,60,126,48,88,114"/><V75/><F115/><W8/><G126/><T111/><D71/><U121/><E121/><V12/><F27/><W36/><G114/><T106/><D106/><U73/><E0/><V18/><REACH who="2" step="1"/><F12/><REACH who="2" ten="173,240,240,337" step="2"/><W1/><G1/><T34/><D118/><U89/><E14/><V38/><F38/><W134/><G2/><T69/><D111/><U56/><E24/><V127/><F127/><W124/><G124/><T107/><D34/><U15/><E15/><V47/><F47/><W46/><G36/><T112/><D112/><U123/><E123/><V133/><F133/><W105/><G134/><T83/><D107/><U21/><E28/><V108/><F108/><W79/><G105/><T109/><D109/><U30/><E30/><V23/><F23/><W33/><G33/><T54/><D74/><U25/><E21/><V6/><F6/><W98/><G11/><T57/><D69/><U9/><E4/><V96/><F96/><W119/><G119/><T91/><D17/><U29/><E29/><V116/><F116/><W35/><G35/><T122/><D122/><U94/><E25/><V87/><F87/><N who="0" m="33290" /><D91/><U22/><E16/><V5/><F5/><W135/><G135/><T120/><D120/><U110/><E110/><V131/><F131/><W103/><G129/><T10/><D10/><U84/><E9/><V62/><F62/><W52/><G60/><T3/><D3/><U125/><E125/><V97/><F97/><W117/><G8/><T132/><D132/><U95/><E73/><V70/><F70/><W68/><G99/><T102/><D102/><U39/><E72/><RYUUKYOKU ba="0,1" sc="173,15,240,-15,240,15,337,-15" hai0="43,44,49,50,54,57,59,63,81,83" hai2="18,19,26,31,32,37,40,45,58,61,66,75,80" /><INIT seed="2,1,1,0,2,119" ten="188,225,255,322" oya="2" hai0="58,53,129,28,132,99,125,103,91,81,6,62,23" hai1="48,68,117,45,124,98,74,2,1,83,26,72,105" hai2="46,47,27,59,79,63,106,101,21,111,7,8,13" hai3="61,120,114,121,107,29,94,42,17,73,75,19,56"/><V122/><F122/><W109/><G107/><T90/><D125/><U44/><E117/><V131/><F131/><W11/><G42/><T34/><D129/><U127/><E68/><V88/><F79/><W89/><G29/><T128/><D34/><U38/><E38/><V15/><F15/><W20/><G114/><T113/><D113/><U110/><E110/><V32/><F32/><W65/><G109/><T55/><D128/><U71/><E71/><V85/><F101/><W130/><G130/><T82/><D6/><U4/><E26/><V118/><F106/><W25/><G75/><T115/><D132/><U78/><E72/><V9/><F9/><W54/><G73/><T24/><D115/><U50/><E4/><V95/><F118/><W10/><G65/><T96/><D55/><N who="1" m="30087" /><E98/><V77/><F77/><W126/><G126/><N who="1" m="48170" /><E105/><V67/><F111/><W52/><G54/><AGARI ba="1,1" hai="1,2,45,50,54,74,78,83" m="48170,30087" machi="54" ten="30,1000,0" yaku="18,1" doraHai="119" who="1" fromWho="3" sc="188,0,225,23,255,0,322,-13" /><INIT seed="3,0,0,0,5,88" ten="188,248,255,309" oya="3" hai0="103,101,53,109,67,9,13,79,110,128,23,127,19" hai1="27,43,131,42,51,96,0,123,117,80,4,104,108" hai2="45,69,29,68,58,10,35,17,132,46,97,32,76" hai3="86,28,62,36,75,124,135,82,89,33,15,71,111"/><W5/><G36/><T118/><D118/><U78/><E123/><V50/><F76/><W133/><G124/><T116/><D116/><U2/><E117/><V61/><F29/><W14/><G111/><N who="0" m="42507" /><D67/><U55/><E108/><V81/><F81/><W54/><G75/><T94/><D127/><U98/><E131/><V134/><F97/><W121/><G121/><T122/><D128/><U102/><E27/><V125/><F17/><W112/><G112/><T18/><D122/><U47/><E98/><V83/><F83/><W31/><G5/><T39/><D39/><U30/><E30/><N who="3" m="11306" /><G33/><N who="2" m="12873" /><F10/><W120/><G120/><T40/><D40/><U49/><E4/><V6/><F6/><W16/><G16/><N who="0" m="8239" /><D79/><U73/><E43/><V70/><F125/><W113/><G113/><T52/><D19/><U130/><E130/><V91/><F70/><W87/><G86/><T106/><D106/><U129/><E129/><V44/><F69/><W22/><G22/><T20/><D20/><U93/><E104/><V25/><F68/><W12/><G71/><T92/><D103/><U100/><REACH who="1" step="1"/><E102/><REACH who="1" ten="188,238,255,309" step="2"/><V7/><F7/><W115/><G115/><T107/><D107/><U48/><E48/><V37/><F50/><W56/><G135/><T41/><D41/><U59/><AGARI ba="0,1" hai="0,2,42,47,49,51,55,59,73,78,80,93,96,100" machi="59" ten="20,5200,0" yaku="1,1,0,1,7,1,52,1,53,0" doraHai="88" doraHaiUra="114" who="1" fromWho="1" sc="188,-13,238,62,255,-13,309,-26" owari="175,-32.0,300,40.0,242,-16.0,283,8.0" /></mjloggm>