<mjloggm ver="2.3"><GO type="97" lobby="0"/><UN n0="%E3%83%88%E3%83%88%E3%83%AA%E5%85%88%E7%94%9F%31%39%E6%AD%B3" n1="%6B%75%64%61%6E%73%68%69" n2="%6B%75%70%69%70%6F%70%69" n3="%E6%99%82%E5%8D%97%E6%9C%B1%E9%B7%BA%E6%81%B5" dan="15,15,13,14" rate="2020.47,1907.33,1984.76,1957.64" sx="F,M,M,F"/><TAIKYOKU oya="0"/><INIT seed="0,0,0,5,3,91" ten="250,250,250,250" oya="0" hai0="28,95,127,82,39,58,72,99,66,89,121,113,76" hai1="111,24,102,75,29,129,8,68,120,11,122,61,112" hai2="84,103,31,105,131,41,3,5,50,126,60,132,86" hai3="26,106,7,98,38,47,109,43,125,40,133,12,135"/><T4/><D113/><U18/><E75/><V119/><F126/><W94/><G125/><T77/><D127/><U71/><E102/><V80/><F131/><W87/><G109/><T37/><D121/><U30/><E61/><V56/><F132/><N who="3" m="50763" /><G26/><T15/><D77/><U42/><E42/><V130/><F130/><W16/><G106/><T0/><D0/><U93/><E129/><V100/><F31/><W21/><G7/><T118/><D118/><U10/><E111/><V34/><F34/><W36/><G87/><T92/><D28/><U65/><E65/><V90/><F86/><W9/><G9/><T55/><D66/><U52/><E112/><V116/><F5/><W2/><G2/><T23/><D92/><U101/><E18/><V114/><F3/><W107/><G107/><T124/><D124/><U13/><E13/><V6/><F6/><W22/><G22/><T14/><D14/><U96/><E30/><V128/><F128/><W54/><G54/><T123/><D123/><U115/><E115/><V69/><F69/><W108/><G108/><T27/><D27/><U79/><E79/><V48/><F114/><W67/><G67/><T73/><D73/><U19/><E122/><V1/><F1/><W20/><G20/><T78/><D78/><U25/><E120/><V59/><F105/><W53/><G53/><T46/><D23/><N who="1" m="13439" /><E25/><V57/><F60/><W104/><G104/><T81/><D4/><U110/><E110/><V44/><F50/><N who="3" m="26983" /><G43/><N who="0" m="22895" /><D39/><U64/><E29/><V35/><F35/><W88/><AGARI ba="0,0" hai="12,16,21,36,38,88,94,98" m="26983,50763" machi="88" ten="30,7900,0" yaku="20,1,52,1,54,2" doraHai="91" who="3" fromWho="3" sc="250,-39,250,-20,250,-20,250,79" /><INIT seed="1,0,0,0,3,100" ten="211,230,230,329" oya="1" hai0="40,135,104,95,75,14,92,61,67,83,111,134,129" hai1="58,126,69,109,1,122,17,91,78,74,86,60,65" hai2="55,89,8,52,25,39,118,18,116,2,130,88,117" hai3="105,114,103,99,73,7,85,41,96,98,54,70,13"/><U32/><E122/><V115/><F39/><W20/><G70/><T15/><D111/><U53/><E1/><V113/><F130/><W123/><G123/><T31/><D129/><U63/><E32/><V132/><F132/><N who="0" m="50730" /><D31/><U56/><E126/><V44/><F44/><W33/><BYE who="2" /><G73/><T77/><D40/><U6/><E6/><V87/><F87/><W59/><G33/><UN n2="%6B%75%70%69%70%6F%70%69" /><T71/><D104/><U21/><E109/><V112/><F2/><W22/><G41/><T90/><D95/><U11/><E11/><V37/><F37/><W34/><G34/><T36/><D36/><U38/><E38/><V124/><F124/><W102/><G114/><T84/><AGARI ba="0,0" hai="14,15,61,67,71,75,77,83,84,90,92" m="50730" machi="84" ten="30,1100,0" yaku="20,1" doraHai="100" who="0" fromWho="0" sc="211,11,230,-5,230,-3,329,-3" /><INIT seed="2,0,0,4,5,111" ten="222,225,227,326" oya="2" hai0="89,11,38,26,87,22,70,57,109,84,93,61,20" hai1="132,51,88,135,1,59,49,95,0,3,10,32,98" hai2="31,45,39,102,21,122,65,106,99,78,80,5,14" hai3="43,124,16,37,18,104,116,120,117,119,54,127,128"/><V76/><F122/><W33/><G104/><T73/><D109/><U118/><E32/><V48/><F39/><W129/><G33/><T55/><D38/><U50/><E118/><V35/><F65/><W15/><G37/><T44/><D73/><U94/><E94/><V131/><F131/><N who="3" m="50251" /><G43/><T82/><D70/><U2/><N who="1" m="512" /><DORA hai="29" /><U36/><E36/><V60/><F60/><W83/><G83/><T66/><D11/><U112/><E10/><V9/><F21/><N who="3" m="11423" /><G54/><T53/><D22/><U125/><E125/><N who="3" m="48202" /><G18/><N who="0" m="12567" /><D44/><U67/><E67/><V27/><REACH who="2" step="1"/><F80/><REACH who="2" ten="222,225,217,326" step="2"/><W8/><G8/><T6/><D66/><U85/><E59/><V28/><F28/><W68/><G68/><T92/><D57/><U56/><E56/><V105/><F105/><W40/><G40/><AGARI ba="0,1" hai="5,9,14,27,31,35,40,45,48,76,78,99,102,106" machi="40" ten="30,11600,0" yaku="1,1,7,1,52,1,53,1" doraHai="111,29" doraHaiUra="81,25" who="2" fromWho="3" sc="222,0,225,0,217,126,326,-116" /><INIT seed="2,1,0,0,3,125" ten="222,225,343,210" oya="2" hai0="39,110,122,16,29,27,31,19,12,93,113,103,59" hai1="57,0,44,90,14,25,101,26,86,84,75,17,119" hai2="60,105,20,67,45,107,1,72,54,58,77,9,48" hai3="33,70,115,108,100,106,80,13,56,81,10,40,74"/><V95/><F77/><W49/><G49/><T43/><BYE who="3" /><D113/><U42/><E0/><V71/><F72/><W23/><G23/><N who="0" m="13799" /><D39/><U21/><E75/><V87/><F20/><W5/><G5/><T69/><D122/><U116/><E101/><V68/><F68/><W123/><G123/><T61/><D69/><U65/><E86/><V98/><F87/><W63/><G63/><T30/><D43/><U96/><E96/><V35/><F35/><W7/><G7/><T132/><D132/><U50/><E119/><V97/><F97/><W38/><G38/><T114/><D110/><U134/><E134/><V73/><F73/><W83/><G83/><T11/><D114/><U62/><REACH who="1" step="1"/><E116/><REACH who="1" ten="222,215,343,210" step="2"/><V130/><F105/><W135/><G135/><T66/><D103/><U52/><E52/><V131/><F107/><W117/><G117/><T36/><D36/><U32/><E32/><V82/><F82/><AGARI ba="1,1" hai="14,17,21,25,26,42,44,50,57,62,65,82,84,90" machi="82" ten="30,3900,0" yaku="1,1,7,1,8,1,53,0" doraHai="125" doraHaiUra="88" who="1" fromWho="2" sc="222,0,215,52,343,-42,210,0" /><INIT seed="3,0,0,5,5,68" ten="222,267,301,210" oya="3" hai0="75,41,106,110,102,100,66,43,85,49,52,70,126" hai1="118,132,42,30,127,128,50,33,93,89,39,99,92" hai2="20,23,4,11,135,101,48,1,81,130,63,67,60" hai3="45,103,105,5,58,21,26,38,34,6,56,84,71"/><W28/><G28/><T104/><D75/><U65/><E50/><V91/><F101/><W131/><G131/><T9/><D110/><U47/><E128/><V55/><F130/><W109/><G109/><T40/><D126/><U10/><E127/><V19/><F135/><W44/><G44/><T122/><D122/><U129/><E129/><V94/><F81/><W69/><G69/><T61/><D102/><U3/><E132/><V13/><F23/><W77/><G77/><T86/><D9/><U36/><E65/><V116/><F67/><W51/><G51/><T107/><REACH who="0" step="1"/><D100/><REACH who="0" ten="212,267,301,210" step="2"/><U80/><E118/><V15/><F116/><W78/><G78/><T96/><D96/><U31/><E10/><V113/><F113/><W112/><G112/><T115/><D115/><U133/><E133/><V114/><F114/><W17/><G17/><T2/><D2/><U108/><E3/><V14/><F1/><W120/><G120/><T72/><D72/><U123/><E108/><V79/><F79/><W83/><G83/><T37/><D37/><U59/><E36/><V82/><F82/><W0/><G0/><T57/><AGARI ba="0,1" hai="40,41,43,49,52,57,61,66,70,85,86,104,106,107" machi="57" ten="40,5200,0" yaku="1,1,0,1,54,1,53,0" doraHai="68" doraHaiUra="119" who="0" fromWho="0" sc="212,62,267,-13,301,-13,210,-26" /><INIT seed="4,0,0,1,1,20" ten="274,254,288,184" oya="0" hai0="36,8,4,38,122,118,2,87,84,17,116,5,104" hai1="66,62,121,46,124,127,77,57,73,130,42,41,30" hai2="101,45,52,125,83,69,64,106,25,29,49,35,11" hai3="119,82,95,37,65,85,48,76,105,100,27,44,18"/><T75/><D122/><U67/><E121/><V91/><F125/><N who="1" m="48201" /><E73/><V78/><F11/><W114/><G114/><T68/><D75/><U21/><E77/><V12/><F12/><W22/><G22/><T109/><D104/><U39/><E130/><V26/><F26/><W132/><G132/><T108/><D68/><N who="1" m="42071" /><E21/><V6/><F6/><N who="0" m="2666" /><D2/><U56/><E30/><V1/><F1/><W14/><G14/><T58/><D58/><N who="1" m="22635" /><E42/><V70/><F91/><W94/><G94/><T131/><D131/><U51/><E67/><V13/><F13/><W86/><G86/><N who="0" m="32811" /><D17/><U61/><E61/><N who="2" m="40079" /><F83/><W92/><G92/><T107/><D107/><U117/><E117/><N who="0" m="45161" /><D8/><U126/><N who="1" m="48209" /><U103/><DORA hai="123" /><E103/><V34/><F70/><W3/><G3/><T19/><D19/><U10/><E10/><V28/><F28/><W9/><G9/><T0/><D0/><U111/><E39/><AGARI ba="0,0" hai="36,38,39,108,109" m="45161,32811,2666" machi="39" ten="40,12000,1" yaku="28,2,52,2" doraHai="20,123" who="0" fromWho="1" sc="274,120,254,-120,288,0,184,0" owari="394,50.0,134,-37.0,288,9.0,184,-22.0" /></mjloggm>