<mjloggm ver="2.3"><GO type="41" lobby="0"/><UN n0="%E3%81%B2%E3%81%90%E3%81%A1" n1="%E5%B0%B1%E6%B4%BB%E7%94%9F%40%E5%B7%9D%E6%9D%91%E8%BB%8D%E5%9B%A3" n2="%E3%83%8F%E3%83%A0%E3%81%95%E3%81%84%E3%81%A6%E3%82%87" n3="%58%E7%8C%AB" dan="15,15,14,14" rate="2053.70,2019.55,1967.89,1946.04" sx="M,M,M,M"/><TAIKYOKU oya="0"/><INIT seed="0,0,0,0,5,85" ten="250,250,250,250" oya="0" hai0="100,79,36,89,62,122,41,90,31,84,50,15,65" hai1="88,76,111,69,12,47,98,58,44,51,114,134,0" hai2="52,35,10,2,63,18,33,73,6,16,124,101,75" hai3="120,118,82,102,43,96,3,59,53,54,21,104,123"/><T103/><D36/><U81/><E69/><V97/><F124/><W80/><G118/><T7/><D31/><U72/><E0/><V67/><F52/><N who="3" m="20075" /><G43/><T27/><D27/><U125/><E125/><V126/><F126/><W86/><G3/><T60/><D122/><N who="3" m="46633" /><G59/><N who="0" m="37023" /><D62/><U116/><E58/><V11/><F35/><W127/><G127/><T46/><D79/><U30/><E30/><V128/><F128/><W121/><N who="3" m="46641" /><W87/><DORA hai="38" /><G21/><T34/><D34/><U132/><E111/><V107/><F33/><W117/><G117/><T71/><D71/><U39/><E39/><V26/><F26/><W135/><G135/><N who="1" m="51754" /><E114/><V32/><F32/><W94/><G86/><T56/><D56/><U29/><E29/><V4/><F73/><W24/><G24/><T28/><D28/><U64/><E64/><V131/><F75/><W112/><G112/><T48/><D48/><U91/><E116/><V77/><F131/><W45/><G45/><N who="1" m="17482" /><E51/><V133/><F133/><W25/><G25/><T19/><D7/><U68/><E68/><V40/><F67/><W22/><G22/><N who="0" m="11647" /><D84/><U105/><E12/><V130/><F130/><W106/><G80/><T20/><D20/><U74/><E74/><V113/><F113/><W42/><G42/><T108/><D108/><U95/><E105/><V115/><F115/><W1/><G1/><T78/><D78/><AGARI ba="0,0" hai="78,82,87,94,96,102,104,106" m="46641,20075" machi="78" ten="40,2600,0" yaku="13,1,54,1" doraHai="85,38" who="3" fromWho="0" sc="250,-26,250,0,250,0,250,26" /><INIT seed="1,0,0,4,5,130" ten="224,250,250,276" oya="1" hai0="52,116,91,62,69,44,80,105,76,36,96,81,99" hai1="43,0,108,29,106,4,32,8,93,110,65,22,31" hai2="67,24,98,14,104,26,131,61,46,12,56,42,23" hai3="59,21,133,88,48,27,41,7,120,34,70,114,37"/><U18/><E106/><V40/><F131/><W64/><G114/><T38/><D116/><U122/><E43/><V49/><F40/><W51/><G120/><T73/><D99/><U63/><E122/><V55/><F26/><W95/><G34/><T118/><D118/><U50/><E50/><V19/><F104/><W39/><G7/><T119/><D119/><U54/><E54/><V68/><REACH who="2" step="1"/><F98/><REACH who="2" ten="224,250,240,276" step="2"/><W74/><G41/><T121/><D121/><U94/><E32/><V16/><F16/><N who="3" m="12711" /><G39/><AGARI ba="0,1" hai="12,14,19,23,24,39,42,46,49,55,56,61,67,68" machi="39" ten="30,8000,1" yaku="1,1,7,1,24,2,53,1" doraHai="130" doraHaiUra="60" who="2" fromWho="3" sc="224,0,250,0,240,90,276,-80" /><INIT seed="2,0,0,4,0,82" ten="224,250,330,196" oya="2" hai0="54,79,37,122,19,125,67,24,115,29,110,98,119" hai1="90,2,104,73,124,116,21,120,85,111,69,107,7" hai2="5,60,32,44,135,81,50,75,129,46,59,49,25" hai3="35,17,42,18,23,0,28,74,41,70,26,123,80"/><V105/><F105/><N who="1" m="40521" /><E2/><V51/><F135/><W16/><G123/><T53/><D37/><U99/><E69/><V109/><F109/><W55/><G70/><T15/><D67/><U127/><E7/><V103/><F129/><W83/><G0/><T121/><D115/><U132/><E21/><V3/><F103/><W117/><G117/><T134/><D119/><U72/><E116/><V14/><F3/><W61/><G35/><T36/><D36/><U93/><E120/><V94/><F94/><W12/><G74/><N who="1" m="28778" /><E132/><V63/><F32/><W112/><G112/><T88/><D134/><U45/><E45/><V34/><F34/><W65/><G65/><T78/><D110/><U95/><E111/><V77/><F25/><W30/><G80/><T106/><D24/><U52/><E52/><V11/><REACH who="2" step="1"/><F63/><REACH who="2" ten="224,250,320,196" step="2"/><W6/><G83/><T1/><D106/><U86/><E95/><V71/><F71/><W56/><REACH who="3" step="1"/><G30/><REACH who="3" ten="224,250,320,186" step="2"/><T22/><D29/><U126/><AGARI ba="0,2" hai="85,86,90,93,99,124,126,127" m="28778,40521" machi="126" ten="40,8000,1" yaku="18,1,34,2,52,2" doraHai="82" who="1" fromWho="1" sc="224,-20,250,100,320,-40,186,-20" /><INIT seed="3,0,0,5,3,112" ten="204,350,280,166" oya="3" hai0="37,126,68,58,14,128,43,27,85,61,94,8,124" hai1="23,60,19,38,96,88,24,122,97,13,21,4,125" hai2="113,104,127,55,11,86,2,67,5,87,39,34,28" hai3="48,92,101,12,116,105,69,30,15,47,106,102,91"/><W110/><G69/><T83/><D68/><U9/><E122/><V49/><F113/><W0/><G0/><T50/><D94/><U74/><E74/><V35/><F104/><W89/><G30/><T90/><D37/><U56/><E38/><V119/><F119/><W129/><G129/><T31/><D128/><U18/><E125/><V17/><F39/><W82/><G82/><T51/><D43/><U78/><E78/><V36/><F36/><W66/><G66/><T130/><D130/><U103/><E103/><V108/><F67/><W70/><G70/><T42/><D42/><U53/><REACH who="1" step="1"/><E88/><REACH who="1" ten="204,340,280,166" step="2"/><V46/><F127/><W3/><G110/><T7/><D124/><U32/><E32/><V63/><F108/><W120/><G120/><T25/><D126/><U77/><E77/><V80/><F86/><W16/><G92/><T93/><D93/><U109/><E109/><V59/><F17/><W41/><G16/><T54/><D31/><U117/><E117/><V26/><F34/><W40/><G116/><T44/><D90/><U20/><E20/><V98/><F98/><W62/><G3/><AGARI ba="0,1" hai="3,4,9,13,18,19,21,23,24,53,56,60,96,97" machi="3" ten="30,3900,0" yaku="1,1,7,1,53,1" doraHai="112" doraHaiUra="10" who="1" fromWho="3" sc="204,0,340,49,280,0,166,-39" /><INIT seed="4,0,0,4,3,2" ten="204,389,280,127" oya="0" hai0="20,85,16,52,6,88,129,102,56,14,82,92,134" hai1="131,81,72,47,59,3,21,48,45,125,53,121,26" hai2="84,68,112,63,60,119,113,42,66,99,13,25,133" hai3="71,8,1,87,64,36,104,115,105,40,5,19,34"/><T33/><D33/><U15/><E3/><V103/><F133/><W61/><G87/><T118/><D118/><U94/><E121/><V93/><F119/><W83/><G19/><T78/><D134/><U111/><E111/><V75/><F75/><W127/><G115/><N who="2" m="44105" /><F42/><W30/><G127/><T32/><D32/><U116/><E15/><V86/><F60/><W11/><G11/><N who="0" m="4471" /><D129/><U67/><E67/><V80/><F13/><W110/><G110/><T23/><D102/><U124/><E94/><V76/><F86/><W62/><G62/><N who="0" m="36103" /><D16/><N who="1" m="12583" /><E131/><V38/><F25/><N who="3" m="18767" /><G83/><T22/><D92/><U43/><E116/><V117/><F117/><W101/><G101/><T10/><D10/><U70/><E70/><V9/><F9/><W57/><G57/><T24/><D24/><U17/><E17/><V69/><F38/><W96/><G96/><T46/><D46/><AGARI ba="0,0" hai="1,5,8,36,40,46,61,64,71,104,105" m="18767" machi="46" ten="30,3900,0" yaku="33,2,52,1" doraHai="2" who="3" fromWho="0" sc="204,-39,389,0,280,0,127,39" /><INIT seed="5,0,0,1,2,67" ten="165,389,280,166" oya="1" hai0="28,102,66,49,63,120,90,46,122,93,61,75,89" hai1="8,76,110,5,114,19,135,39,91,9,127,6,65" hai2="38,106,118,7,133,12,68,115,60,0,52,104,100" hai3="31,81,113,33,83,99,50,116,87,42,25,36,30"/><U58/><E19/><V45/><F118/><W92/><G113/><T98/><D75/><U123/><E110/><V23/><F115/><W64/><G116/><T4/><D4/><U77/><E114/><V111/><F111/><W51/><G30/><T109/><D28/><U84/><E39/><V56/><F0/><W101/><G81/><T134/><D61/><U57/><E127/><V14/><F133/><W112/><G112/><T43/><D134/><U128/><E128/><V96/><F106/><W13/><G13/><T107/><D109/><U21/><E21/><V69/><F12/><W125/><G125/><T59/><REACH who="0" step="1"/><D107/><REACH who="0" ten="155,389,280,166" step="2"/><U119/><E6/><V105/><F105/><W108/><G108/><T78/><D78/><U85/><E76/><V117/><F117/><W70/><G36/><T129/><D129/><U79/><E5/><V15/><F15/><W24/><G24/><T34/><D34/><U17/><E77/><V126/><F126/><W95/><G25/><T16/><D16/><U27/><E79/><V11/><REACH who="2" step="1"/><F23/><REACH who="2" ten="155,389,270,166" step="2"/><W130/><G130/><T22/><D22/><N who="1" m="13775" /><E135/><V54/><F54/><W131/><G131/><T3/><D3/><U40/><E91/><AGARI ba="0,2" hai="43,46,49,59,63,66,89,90,91,93,98,102,120,122" machi="91" ten="40,2600,0" yaku="1,1,53,1" doraHai="67" doraHaiUra="41" who="0" fromWho="1" sc="155,46,389,-26,270,0,166,0" /><INIT seed="6,0,0,1,2,94" ten="201,363,270,166" oya="2" hai0="90,73,110,80,113,117,23,9,25,57,77,15,36" hai1="98,65,122,34,17,72,126,93,26,6,125,115,31" hai2="40,64,48,29,109,118,3,16,87,131,130,128,89" hai3="91,135,41,18,88,96,24,12,49,82,27,70,111"/><V52/><F118/><W45/><G111/><T39/><D110/><U79/><E115/><V44/><F109/><W38/><G70/><T101/><D113/><U106/><E106/><V85/><F3/><W71/><G71/><T86/><D101/><N who="1" m="60623" /><E6/><V68/><F29/><W4/><G135/><T75/><D75/><U61/><E17/><V28/><F28/><W13/><G38/><T21/><D21/><N who="1" m="15823" /><E122/><V97/><F40/><W35/><G35/><T102/><D102/><U95/><E95/><N who="2" m="56559" /><F16/><W124/><G124/><N who="1" m="47722" /><E34/><V7/><F7/><W99/><G4/><T42/><D23/><U127/><E127/><V92/><F92/><W46/><G46/><T0/><D25/><N who="3" m="9801" /><G13/><T53/><D0/><U81/><E61/><AGARI ba="0,0" hai="44,48,52,61,64,68,85,87,128,130,131" m="56559" machi="61" ten="30,5800,0" yaku="19,1,52,1,54,1" doraHai="94" who="2" fromWho="1" sc="201,0,363,-58,270,58,166,0" /><INIT seed="6,1,0,0,0,84" ten="201,305,328,166" oya="2" hai0="16,28,76,1,130,133,46,26,132,24,78,77,53" hai1="96,51,75,135,83,129,79,50,57,37,48,5,88" hai2="95,126,33,8,127,44,134,36,66,54,122,68,10" hai3="21,4,29,102,23,45,34,14,87,112,92,30,115"/><V85/><F122/><W35/><G45/><T106/><D1/><U56/><E37/><V108/><F108/><W90/><G102/><T81/><D106/><U27/><E135/><V116/><F116/><W22/><G4/><T103/><D103/><U89/><E129/><V101/><F33/><W62/><G62/><T15/><D130/><U12/><E27/><V18/><F134/><N who="0" m="51818" /><D81/><U9/><E96/><V7/><F18/><W71/><G71/><T118/><D118/><U117/><E117/><V6/><F66/><W86/><G14/><T74/><D74/><U72/><REACH who="1" step="1"/><E75/><REACH who="1" ten="201,295,328,166" step="2"/><V59/><F36/><W25/><REACH who="3" step="1"/><G86/><REACH who="3" ten="201,295,328,156" step="2"/><T114/><D24/><AGARI ba="1,2" hai="21,22,23,24,25,29,30,34,35,87,90,92,112,115" machi="24" ten="40,12000,2" yaku="1,1,2,1,9,1,52,1,53,2" doraHai="84" doraHaiUra="31" who="3" fromWho="0" sc="201,-123,295,0,328,0,156,143" /><INIT seed="7,0,0,5,4,134" ten="78,295,328,299" oya="3" hai0="15,27,34,105,60,82,44,69,42,19,28,124,133" hai1="64,16,7,110,112,93,83,17,118,89,88,6,127" hai2="5,14,116,20,85,128,71,43,70,1,131,47,59" hai3="2,18,75,62,114,30,9,95,80,32,41,58,122"/><W3/><G122/><T10/><D133/><U53/><E127/><V66/><F116/><W65/><G41/><T56/><D82/><U106/><E110/><V39/><F1/><W55/><G114/><T50/><D105/><U117/><E106/><V48/><F85/><W8/><G95/><T101/><D101/><U37/><E37/><V81/><F81/><W21/><G9/><T36/><D69/><U125/><E125/><V109/><F109/><W97/><G97/><T49/><D36/><U84/><E112/><V90/><F90/><W120/><G120/><T129/><D50/><U94/><E64/><V51/><F5/><N who="1" m="1545" /><E53/><N who="2" m="32167" /><F51/><W0/><G8/><T31/><D31/><U130/><E130/><N who="2" m="49707" /><F66/><W108/><G108/><T103/><D103/><U100/><E100/><V99/><F99/><W91/><G65/><T25/><D25/><U68/><E68/><V96/><F96/><W86/><G75/><T115/><D115/><U107/><E107/><V46/><F46/><W45/><G45/><T77/><D77/><N who="1" m="46191" /><E118/><V76/><F76/><W119/><G119/><T4/><D129/><U52/><E52/><V23/><F23/><W135/><G135/><T29/><D29/><U54/><E54/><V132/><F132/><W11/><G11/><T72/><D72/><U57/><E57/><V26/><F14/><N who="3" m="9431" /><G0/><T38/><D38/><U13/><E117/><V40/><F40/><W87/><G87/><T78/><D124/><U79/><E79/><V123/><F123/><W102/><G102/><T61/><D78/><U104/><E104/><V121/><F121/><W113/><G113/><RYUUKYOKU ba="0,0" sc="78,-15,295,-15,328,15,299,15" hai2="20,26,39,43,47,70,71" hai3="2,3,30,32,55,58,62,80,86,91" /><INIT seed="7,1,0,5,1,4" ten="63,280,343,314" oya="3" hai0="74,37,39,29,131,43,73,71,98,65,60,13,90" hai1="80,68,44,82,122,25,117,34,95,135,28,57,75" hai2="121,63,124,110,104,52,1,21,84,120,79,107,91" hai3="19,129,93,16,97,115,62,2,105,133,51,125,102"/><W41/><G2/><T30/><D13/><U112/><E122/><N who="2" m="47211" /><F110/><W0/><G0/><T92/><D30/><U106/><E117/><V83/><F124/><W69/><G125/><T89/><D29/><U45/><E112/><V85/><F1/><W12/><G115/><T130/><D43/><U109/><E109/><V9/><F9/><W114/><G114/><T53/><D53/><U67/><E135/><V132/><F132/><W66/><G133/><T55/><D55/><U26/><E106/><V87/><F21/><W127/><G127/><T54/><D54/><U3/><E3/><V113/><F113/><W31/><G31/><T76/><D76/><U33/><E68/><V123/><F123/><W119/><G119/><T86/><D73/><U94/><E28/><V61/><F85/><W17/><G129/><T22/><D74/><U42/><E75/><V99/><F99/><W6/><G6/><T11/><D22/><U32/><E32/><V111/><F111/><W56/><G105/><N who="2" m="40521" /><F52/><W38/><G38/><T48/><D11/><U23/><E23/><V27/><F27/><W18/><G69/><T134/><D48/><U96/><E96/><V8/><F8/><N who="3" m="6151" /><G19/><T5/><D5/><U35/><E35/><V46/><F46/><AGARI ba="1,0" hai="17,18,41,46,51,56,62,66,93,97,102" m="6151" machi="46" ten="30,5800,0" yaku="8,1,52,1,54,1" doraHai="4" who="3" fromWho="2" sc="63,0,280,0,343,-61,314,61" owari="63,-44.0,280,-12.0,282,8.0,375,48.0" /></mjloggm>