<mjloggm ver="2.3"><GO type="41" lobby="0"/><UN n0="%E5%B0%B1%E6%B4%BB%E7%94%9F%40%E5%B7%9D%E6%9D%91%E8%BB%8D%E5%9B%A3" n1="%E3%83%95%E3%83%A9%E3%83%B3%E3%82%B9%E3%81%95%E3%82%93%E5%B0%8F%E9%BA%A6" n2="%E8%87%AA%E5%AE%A4%E3%82%AD%E3%83%BC%E3%83%91%E3%83%BC" n3="%E6%B1%9A%E5%90%8D%E6%8C%BD%E5%9B%9E" dan="15,13,14,13" rate="1943.76,1880.75,1939.09,1909.49" sx="M,M,M,M"/><TAIKYOKU oya="0"/><INIT seed="0,0,0,0,5,105" ten="250,250,250,250" oya="0" hai0="5,32,8,81,113,99,130,68,84,108,98,117,132" hai1="2,133,95,13,69,120,92,42,43,9,124,75,78" hai2="38,111,80,86,36,102,20,50,47,82,35,60,4" hai3="70,129,83,94,116,26,1,48,74,40,118,135,79"/><T126/><D32/><U25/><E120/><V11/><F35/><W18/><G1/><T90/><D68/><U104/><E104/><V107/><F111/><W44/><G70/><T14/><D117/><U125/><E69/><V17/><F60/><W100/><G135/><T96/><D113/><U123/><E123/><V66/><F66/><W64/><G64/><T109/><D132/><U57/><E57/><V88/><F102/><W87/><G129/><T85/><D130/><U65/><E65/><V3/><F107/><W91/><REACH who="3" step="1"/><G100/><REACH who="3" ten="250,250,250,240" step="2"/><T30/><D126/><U37/><E133/><V45/><F38/><W131/><G131/><T62/><D30/><U73/><E2/><V101/><F36/><W12/><G12/><T110/><D62/><U34/><E13/><V119/><F101/><W77/><G77/><T67/><D67/><U22/><E78/><V19/><F119/><W31/><G31/><T29/><D29/><U56/><E37/><V41/><F3/><W61/><G61/><T59/><D59/><U54/><E56/><V46/><F46/><W15/><G15/><T89/><REACH who="0" step="1"/><D108/><REACH who="0" ten="240,250,250,240" step="2"/><U121/><E124/><V23/><F47/><W21/><AGARI ba="0,2" hai="18,21,26,40,44,48,74,79,83,87,91,94,116,118" machi="21" ten="30,4000,0" yaku="1,1,0,1,52,1,53,0" doraHai="105" doraHaiUra="128" who="3" fromWho="3" sc="240,-20,250,-10,250,-10,240,60" /><INIT seed="1,0,0,2,1,134" ten="220,240,240,300" oya="1" hai0="5,77,98,3,100,81,93,72,86,26,83,82,53" hai1="20,38,11,17,119,61,31,41,95,55,43,27,10" hai2="124,64,59,121,91,60,13,101,75,56,65,126,4" hai3="30,133,32,25,19,105,71,50,107,2,115,6,23"/><U109/><E109/><V132/><F121/><W122/><G122/><T135/><D135/><U90/><E119/><V12/><F132/><W57/><G133/><T48/><D5/><U69/><E38/><V24/><F75/><W45/><G115/><T28/><D3/><U97/><E69/><V33/><F101/><W76/><G71/><T40/><D40/><N who="1" m="15435" /><E31/><N who="2" m="19687" /><F91/><W127/><G127/><N who="2" m="48681" /><F4/><W34/><G76/><T15/><D15/><U35/><E35/><V79/><F79/><W67/><G34/><T51/><D51/><U117/><E117/><V36/><F36/><W129/><G129/><T18/><D18/><U102/><E102/><V106/><F106/><W52/><G6/><T88/><D26/><U42/><N who="1" m="15443" /><U118/><DORA hai="116" /><E118/><V104/><F104/><W44/><G2/><T114/><D28/><U9/><E61/><AGARI ba="0,0" hai="12,13,56,59,60,61,64,65" m="48681,19687" machi="61" ten="30,7700,0" yaku="18,1,52,3" doraHai="134,116" who="2" fromWho="1" sc="220,0,240,-77,240,77,300,0" /><INIT seed="2,0,0,1,3,64" ten="220,163,317,300" oya="2" hai0="28,106,56,39,37,29,74,126,23,105,130,41,115" hai1="31,118,68,124,92,85,98,129,79,100,125,107,32" hai2="65,60,44,90,4,103,26,135,61,109,76,34,27" hai3="101,0,93,7,58,1,38,96,81,54,114,131,83"/><V67/><F135/><W99/><G131/><T15/><D115/><U42/><E118/><V36/><F109/><W134/><G114/><T123/><D74/><U52/><E42/><V57/><F76/><W89/><G134/><T117/><D41/><U71/><E129/><V128/><F128/><W132/><G132/><T108/><D130/><U19/><E19/><V75/><F75/><W5/><G38/><T121/><D56/><U66/><E66/><V97/><F90/><W16/><G1/><T22/><D15/><U18/><E18/><V72/><F72/><W35/><G35/><T11/><D11/><U112/><E112/><V122/><F4/><W91/><G0/><T53/><D53/><U111/><E111/><V9/><F9/><W127/><G127/><N who="1" m="48714" /><E31/><V17/><F122/><W47/><G47/><T20/><D126/><U120/><E32/><V78/><F27/><W77/><G16/><T119/><D20/><U82/><E120/><V80/><F34/><W3/><G3/><T33/><D33/><U87/><E87/><V94/><F26/><W63/><G77/><T84/><D84/><U25/><E25/><V104/><F17/><W55/><G54/><T30/><D30/><U113/><E113/><V46/><F36/><W95/><G101/><T43/><D43/><U8/><E8/><V73/><F104/><W13/><G13/><T24/><D24/><U40/><E40/><V21/><F21/><W59/><G58/><AGARI ba="0,0" hai="44,46,57,58,60,61,65,67,73,78,80,94,97,103" machi="58" ten="30,2900,0" yaku="7,1,9,1" doraHai="64" who="2" fromWho="3" sc="220,0,163,0,317,29,300,-29" /><INIT seed="2,1,0,2,1,29" ten="220,163,346,271" oya="2" hai0="20,71,79,126,130,25,16,68,39,17,128,73,66" hai1="96,63,48,85,84,4,5,82,21,32,121,106,31" hai2="118,13,99,46,61,113,134,92,54,41,67,117,34" hai3="103,88,125,132,49,69,33,94,95,2,36,87,91"/><V90/><F113/><W42/><G36/><T70/><D39/><U133/><E133/><V101/><F134/><W28/><G132/><T109/><D109/><U1/><E121/><V19/><F34/><W78/><G2/><T55/><D126/><U135/><E135/><V26/><F26/><W129/><G125/><T40/><D40/><U0/><E21/><V65/><F54/><W124/><G124/><T93/><D55/><U116/><E116/><V52/><F101/><W98/><G129/><N who="0" m="49771" /><D79/><U30/><E48/><N who="2" m="26703" /><F118/><W51/><G69/><N who="0" m="26731" /><D73/><U10/><E63/><V23/><F117/><W115/><G115/><T89/><D66/><U59/><E59/><AGARI ba="1,0" hai="13,19,23,52,59,61,65,67,90,92,99" m="26703" machi="59" ten="30,2900,0" yaku="8,1,54,1" doraHai="29" who="2" fromWho="1" sc="220,0,163,-32,346,32,271,0" /><INIT seed="2,2,0,1,2,42" ten="220,131,378,271" oya="2" hai0="132,80,61,101,82,120,28,107,51,133,37,15,33" hai1="45,111,16,77,24,23,6,113,73,130,59,62,92" hai2="30,123,129,91,102,117,5,74,58,0,56,72,96" hai3="13,40,12,126,14,119,25,17,7,124,118,54,36"/><V10/><F123/><W46/><G7/><T34/><D37/><U114/><E113/><V116/><F117/><W47/><G25/><T68/><D120/><U31/><E130/><V98/><F116/><W21/><G119/><T64/><D51/><U3/><E114/><V50/><F129/><W60/><G60/><T49/><D49/><U125/><E125/><N who="3" m="48234" /><G118/><T103/><D15/><U90/><E111/><V97/><F30/><W44/><G54/><T88/><D82/><U1/><E6/><V95/><F56/><W65/><G65/><T26/><D33/><U135/><E135/><N who="0" m="51785" /><D107/><U79/><E73/><V115/><F115/><W128/><G128/><T8/><D8/><U22/><E3/><V19/><F19/><W109/><G109/><T84/><AGARI ba="2,0" hai="26,28,34,61,64,68,80,84,88,101,103" m="51785" machi="84" ten="30,2000,0" yaku="20,1,54,1" doraHai="42" who="0" fromWho="0" sc="220,26,131,-7,378,-12,271,-7" /><INIT seed="3,0,0,5,3,85" ten="246,124,366,264" oya="3" hai0="73,16,79,98,84,7,5,124,120,126,129,4,55" hai1="49,13,23,117,102,10,131,78,115,0,21,109,66" hai2="65,97,31,68,107,42,94,113,71,105,67,40,77" hai3="26,41,62,44,63,18,17,54,39,93,52,69,128"/><W14/><G128/><T36/><D73/><U60/><E115/><V27/><F77/><W119/><G119/><T45/><D36/><U11/><E131/><V122/><F122/><W30/><G62/><T123/><D98/><U59/><E109/><V48/><F48/><W87/><G18/><T9/><D129/><U104/><E0/><V83/><F83/><W25/><G25/><T35/><D35/><U61/><E117/><V99/><F94/><W43/><G43/><T118/><D45/><U90/><E102/><V121/><F121/><W76/><G69/><T72/><D72/><U89/><E104/><V64/><F27/><W92/><G63/><T135/><D55/><U2/><E2/><V133/><F133/><W34/><G93/><T81/><D135/><U114/><E114/><V86/><F86/><W53/><G76/><T15/><REACH who="0" step="1"/><D118/><REACH who="0" ten="236,124,366,264" step="2"/><U57/><E78/><V70/><F113/><W95/><REACH who="3" step="1"/><G87/><REACH who="3" ten="236,124,366,254" step="2"/><T106/><D106/><U28/><E28/><V37/><F70/><W3/><G3/><T82/><D82/><U24/><E24/><V51/><F71/><W132/><G132/><T112/><D112/><U12/><E66/><V75/><F68/><W56/><G56/><T29/><D29/><U108/><E108/><V100/><F65/><W22/><AGARI ba="0,2" hai="14,17,22,26,30,34,39,41,44,52,53,54,92,95" machi="22" ten="30,6000,0" yaku="1,1,0,1,54,1,53,0" doraHai="85" doraHaiUra="101" who="3" fromWho="3" sc="236,-20,124,-20,366,-20,254,80" /><INIT seed="3,1,0,1,1,83" ten="216,104,346,334" oya="3" hai0="42,10,99,132,117,133,118,28,15,115,116,111,104" hai1="5,81,57,53,78,109,88,119,44,73,50,75,16" hai2="84,74,120,9,40,105,37,121,21,65,114,56,6" hai3="33,4,24,29,82,3,92,63,101,70,30,17,126"/><W18/><G126/><T64/><D42/><U62/><E119/><N who="0" m="30465" /><T22/><DORA hai="8" /><D64/><U59/><E109/><V122/><F114/><W85/><G30/><T11/><D104/><U123/><E123/><V103/><F74/><W108/><G108/><T127/><D99/><U34/><E34/><V100/><F21/><W134/><G134/><N who="0" m="51819" /><D111/><U7/><E73/><V106/><F40/><W128/><G128/><T72/><D72/><U95/><E59/><V98/><F37/><W76/><G101/><T130/><D130/><U80/><E80/><V77/><F65/><W32/><G32/><T23/><D127/><U0/><E16/><V93/><F56/><W131/><G131/><T91/><D91/><U2/><E2/><N who="2" m="215" /><F103/><W20/><G92/><T113/><D11/><U66/><REACH who="1" step="1"/><E0/><REACH who="1" ten="216,94,346,334" step="2"/><V12/><F121/><W46/><G33/><T97/><D97/><AGARI ba="1,1" hai="5,7,44,50,53,57,62,66,75,78,81,88,95,97" machi="97" ten="30,12000,2" yaku="1,1,2,1,7,1,54,1,53,2" doraHai="83,8" doraHaiUra="89,90" who="1" fromWho="0" sc="216,-123,94,133,346,0,334,0" /><INIT seed="4,0,0,4,5,0" ten="93,227,346,334" oya="0" hai0="63,95,80,38,57,12,106,69,76,58,129,135,82" hai1="43,79,14,67,28,73,33,132,103,101,85,119,87" hai2="77,108,97,19,34,7,26,114,65,128,99,1,16" hai3="10,32,47,111,59,130,29,133,78,107,74,125,42"/><T45/><D106/><U53/><E132/><V9/><F108/><W15/><G111/><T18/><D129/><U86/><E119/><V90/><F128/><W35/><G133/><T91/><D135/><U40/><E67/><V44/><F114/><W48/><G130/><T17/><D69/><U51/><E73/><V93/><F77/><W92/><G107/><T22/><D38/><U20/><E33/><V88/><F65/><W66/><G125/><T37/><D37/><U89/><E89/><V4/><F4/><W25/><G92/><T8/><D45/><N who="1" m="27887" /><E79/><V41/><F34/><W27/><G74/><T39/><D39/><U13/><E28/><V102/><F97/><W62/><G78/><T105/><D105/><U68/><E68/><V131/><F131/><W75/><G75/><T104/><D104/><U3/><E3/><V56/><F56/><N who="0" m="21610" /><D76/><U83/><E83/><N who="0" m="31785" /><D63/><U24/><E101/><V109/><F109/><W70/><G70/><T55/><D55/><U54/><E103/><V110/><F110/><W21/><G27/><N who="0" m="14799" /><D95/><U2/><E54/><V127/><F127/><W36/><G36/><T81/><N who="0" m="31793" /><T46/><DORA hai="112" /><D46/><U100/><E100/><V98/><F98/><W61/><G61/><T5/><D91/><U124/><E124/><V64/><F64/><W60/><G60/><T94/><D94/><U113/><E2/><V84/><F26/><W49/><G35/><T6/><AGARI ba="0,0" hai="5,6,8,12,18" m="14799,31793,21610" machi="6" ten="40,7800,0" yaku="8,1,52,2" doraHai="0,112" who="0" fromWho="0" sc="93,78,227,-26,346,-26,334,-26" /><INIT seed="4,1,0,4,4,52" ten="171,201,320,308" oya="0" hai0="92,89,124,126,117,48,29,20,13,33,74,56,125" hai1="109,22,40,129,135,54,41,71,65,132,115,110,5" hai2="42,100,82,15,119,84,57,59,123,30,46,62,69" hai3="49,16,64,87,131,14,50,43,79,45,98,130,96"/><T91/><D117/><U25/><E5/><V37/><F123/><W106/><G64/><T67/><D74/><U9/><E9/><V44/><F119/><W80/><G106/><T60/><D33/><U101/><E101/><V8/><F100/><W2/><G2/><T27/><D92/><U36/><E129/><N who="3" m="49162" /><G50/><T118/><D118/><U73/><E73/><V70/><F30/><W103/><G103/><T72/><D72/><U134/><E36/><V97/><F97/><W122/><G122/><T77/><D77/><U23/><E115/><V63/><F44/><W6/><G6/><T127/><N who="0" m="31744" /><DORA hai="116" /><T28/><D28/><U1/><E1/><V83/><F83/><W68/><G68/><T19/><REACH who="0" step="1"/><D48/><REACH who="0" ten="161,201,320,308" step="2"/><U4/><E132/><V111/><F37/><W47/><G45/><T133/><D133/><U53/><E135/><V39/><F39/><W94/><G94/><T32/><AGARI ba="1,1" hai="13,19,20,27,29,32,56,60,67,89,91" m="31744" machi="32" ten="60,12000,1" yaku="1,1,0,1,18,1,52,1,53,0" doraHai="52,116" doraHaiUra="3,34" who="0" fromWho="0" sc="161,133,201,-41,320,-41,308,-41" /><INIT seed="4,2,0,1,5,100" ten="294,160,279,267" oya="0" hai0="40,52,116,1,121,77,11,129,110,22,57,35,96" hai1="78,71,92,113,98,4,115,56,126,50,72,103,59" hai2="82,29,19,21,30,38,135,7,101,60,75,17,120" hai3="133,31,32,109,69,46,18,132,108,43,83,33,27"/><T8/><D35/><U66/><E126/><V68/><F120/><W41/><G69/><T86/><D116/><U102/><E4/><V117/><F117/><W128/><G83/><N who="0" m="47471" /><D121/><U44/><E72/><V3/><F135/><N who="3" m="51787" /><G128/><T24/><D1/><U114/><E78/><V127/><F127/><W81/><G81/><T93/><D129/><U122/><E122/><V112/><F112/><W130/><G130/><T62/><D110/><N who="3" m="42601" /><G33/><T14/><D40/><U67/><E103/><V36/><F101/><W39/><G43/><T131/><D14/><U2/><E2/><V85/><F75/><W105/><G18/><N who="0" m="12375" /><D131/><U42/><REACH who="1" step="1"/><E71/><REACH who="1" ten="294,150,279,267" step="2"/><V91/><F3/><W0/><G0/><T123/><D123/><U25/><E25/><V106/><F7/><W53/><G53/><T88/><AGARI ba="2,1" hai="8,11,52,57,62,88,93,96" m="12375,47471" machi="88" ten="30,11700,0" yaku="25,1,8,1,54,2" doraHai="100" who="0" fromWho="0" sc="294,133,150,-41,279,-41,267,-41" /><INIT seed="4,3,0,2,2,52" ten="427,109,238,226" oya="0" hai0="40,64,127,23,16,92,9,121,125,31,76,39,120" hai1="27,32,83,111,134,91,30,58,7,22,5,4,25" hai2="37,42,105,88,51,112,75,115,130,103,129,43,34" hai3="102,79,6,116,26,49,110,12,13,84,126,62,55"/><T74/><D74/><U8/><E134/><V90/><F34/><W135/><G116/><T82/><D64/><U109/><E83/><V63/><F63/><W44/><G110/><T46/><D92/><U68/><E68/><V95/><F75/><W114/><G135/><T21/><D31/><U89/><E89/><N who="2" m="34411" /><F105/><W1/><G126/><N who="0" m="48139" /><D9/><U132/><E91/><V29/><F29/><W53/><G114/><N who="2" m="43561" /><F37/><W100/><G1/><T35/><D35/><U50/><E132/><V38/><F38/><W60/><G26/><T11/><D11/><U117/><E117/><V104/><F104/><W107/><G107/><T57/><D23/><U97/><E97/><N who="2" m="59839" /><F51/><W19/><G6/><T133/><D133/><U86/><E50/><V77/><F77/><W85/><G79/><T123/><D76/><U33/><E58/><V61/><F61/><W93/><G93/><T98/><D82/><U119/><E119/><V87/><F87/><W96/><G96/><T56/><D98/><U47/><E86/><V73/><F73/><W70/><G49/><T48/><D48/><U59/><E47/><V67/><F67/><W36/><G36/><T106/><D106/><U41/><E59/><V131/><AGARI ba="3,0" hai="42,43,129,130,131" m="59839,43561,34411" machi="131" ten="40,5200,0" yaku="19,1,15,1,54,1" doraHai="52" who="2" fromWho="2" sc="427,-29,109,-16,238,61,226,-16" /><INIT seed="5,0,0,1,4,94" ten="398,93,299,210" oya="1" hai0="119,120,73,123,40,5,49,46,51,31,83,4,2" hai1="110,57,63,134,101,91,52,84,18,125,115,104,80" hai2="27,133,106,118,1,111,114,55,107,23,39,78,37" hai3="82,65,42,121,88,62,0,86,81,38,43,130,92"/><U54/><E110/><V102/><F118/><W112/><G121/><T64/><D119/><U16/><E115/><V30/><F111/><W77/><G112/><T76/><D64/><N who="1" m="39023" /><E134/><V28/><F133/><W75/><G130/><T32/><D49/><U10/><E125/><V61/><F1/><W113/><G113/><T33/><D31/><U59/><E104/><V129/><F129/><W124/><G124/><T98/><D98/><U20/><E10/><V89/><F78/><W100/><G0/><T85/><D73/><U72/><E72/><V93/><F28/><W25/><G38/><T71/><D71/><U79/><E101/><V22/><F22/><W108/><G108/><T36/><D36/><U132/><E132/><V117/><F117/><W47/><G81/><T97/><D97/><U70/><E70/><V56/><F107/><W14/><G47/><T128/><D128/><U95/><E20/><V105/><F105/><W99/><G25/><T3/><D3/><U58/><E54/><V19/><F30/><W50/><G50/><T44/><D2/><U29/><E29/><V126/><F126/><W67/><G67/><T87/><D33/><U53/><E58/><V6/><F114/><W8/><G75/><T109/><D32/><U127/><E127/><V9/><F102/><W69/><REACH who="3" step="1"/><G100/><REACH who="3" ten="398,93,299,200" step="2"/><T116/><D109/><U17/><E59/><V26/><F26/><W48/><G48/><T15/><D116/><U96/><AGARI ba="0,1" hai="16,17,18,52,53,79,80,84,91,95,96" m="39023" machi="96" ten="30,11700,0" yaku="8,1,52,1,54,2" doraHai="94" who="1" fromWho="1" sc="398,-39,93,127,299,-39,200,-39" /><INIT seed="5,1,0,1,1,125" ten="359,220,260,161" oya="1" hai0="22,121,10,12,29,75,100,89,33,123,133,94,97" hai1="99,114,127,49,48,53,39,132,19,21,38,65,80" hai2="44,1,67,9,106,27,110,74,129,115,42,45,16" hai3="54,124,7,50,25,60,37,87,102,88,35,130,73"/><U2/><E2/><V93/><F110/><W103/><G124/><T40/><D75/><U47/><E127/><V122/><F122/><N who="0" m="46602" /><D133/><U82/><E132/><V77/><F106/><W5/><G73/><T91/><D40/><U116/><E116/><V81/><F115/><W86/><G37/><T108/><D33/><U98/><E114/><V32/><F67/><W13/><G86/><T4/><D108/><U23/><E65/><V26/><F93/><W34/><G60/><T20/><D29/><U85/><E85/><V61/><F61/><W36/><G36/><T3/><D3/><U105/><E105/><V30/><F45/><W101/><G130/><T18/><D4/><U92/><E92/><V135/><F135/><W17/><G35/><T104/><D91/><U126/><E126/><V76/><F76/><W131/><G131/><T96/><AGARI ba="1,0" hai="10,12,18,20,22,89,94,96,97,100,104" m="46602" machi="96" ten="30,1100,0" yaku="13,1" doraHai="125" who="0" fromWho="0" sc="359,14,220,-6,260,-4,161,-4" /><INIT seed="6,0,0,0,3,87" ten="373,214,256,157" oya="2" hai0="54,35,43,56,58,5,47,46,89,57,98,68,2" hai1="19,52,33,82,30,79,4,29,59,45,0,83,36" hai2="134,95,106,8,61,109,113,55,105,21,81,73,63" hai3="20,112,48,124,7,66,92,50,91,118,65,93,104"/><V37/><F113/><W16/><G118/><T129/><D35/><U110/><E33/><V18/><F37/><W12/><G104/><T126/><D68/><U34/><E34/><V9/><F134/><W131/><G112/><T90/><D129/><U99/><E110/><V40/><F40/><W28/><G131/><T76/><D126/><U71/><E71/><V53/><F109/><W117/><G117/><T70/><D70/><U86/><E99/><V133/><F133/><W94/><G124/><T25/><D76/><U60/><E0/><V123/><F123/><W135/><G135/><T14/><D2/><U10/><E19/><V111/><F111/><W103/><G28/><T127/><D127/><U85/><E36/><V41/><F41/><W96/><G7/><T38/><D98/><U122/><E122/><V62/><F95/><W13/><G13/><T84/><D84/><U24/><E45/><V51/><F81/><W130/><G130/><T115/><D115/><U1/><E24/><V108/><F73/><W15/><G15/><T3/><D3/><U26/><REACH who="1" step="1"/><E26/><REACH who="1" ten="373,204,256,157" step="2"/><V72/><F108/><W120/><G120/><T31/><D14/><U125/><E125/><V67/><F67/><N who="3" m="25611" /><G93/><T101/><D5/><U22/><E22/><V69/><F21/><W132/><G132/><T6/><D6/><U77/><AGARI ba="0,1" hai="1,4,10,29,30,52,59,60,77,79,82,83,85,86" machi="77" ten="20,12000,2" yaku="1,1,0,1,7,1,9,1,54,1,53,2" doraHai="87" doraHaiUra="78" who="1" fromWho="1" sc="373,-30,204,130,256,-60,157,-30" /><INIT seed="7,0,0,4,5,2" ten="343,334,196,127" oya="3" hai0="104,98,51,132,18,100,16,17,41,122,25,34,110" hai1="119,95,39,108,133,27,54,106,6,135,83,82,19" hai2="56,127,1,107,53,123,131,37,70,52,10,36,30" hai3="13,45,67,23,35,117,69,89,116,3,114,72,124"/><W79/><G3/><T12/><D110/><U29/><E108/><V111/><F111/><W7/><G35/><T55/><D122/><U125/><E106/><V88/><F107/><W78/><G124/><T47/><D132/><N who="1" m="50763" /><E39/><N who="2" m="14923" /><F70/><W84/><G72/><T75/><D75/><U0/><E19/><V43/><F43/><W68/><G114/><T99/><D99/><U22/><E125/><V14/><F1/><W128/><G117/><T40/><REACH who="0" step="1"/><D12/><REACH who="0" ten="333,334,196,127" step="2"/><U66/><E119/><V74/><F127/><W120/><G116/><T130/><D130/><U4/><E0/><V57/><F74/><W49/><G128/><T91/><D91/><U58/><E66/><V62/><F131/><W134/><G120/><T129/><D129/><U38/><E38/><V48/><F123/><W71/><G134/><T59/><D59/><U85/><E95/><V126/><F126/><W109/><G67/><T50/><D50/><N who="1" m="31063" /><E82/><V24/><F48/><W101/><G109/><T20/><D20/><U81/><E81/><V31/><F57/><W11/><G101/><T15/><D15/><U102/><E102/><V96/><F14/><W8/><G23/><T121/><D121/><U115/><E115/><V93/><F56/><W28/><G28/><AGARI ba="0,1" hai="16,17,18,25,28,34,40,41,47,51,55,98,100,104" machi="28" ten="40,2600,0" yaku="1,1,54,1,53,0" doraHai="2" doraHaiUra="118" who="0" fromWho="3" sc="333,36,334,0,196,0,127,-26" owari="369,47.0,334,13.0,196,-20.0,101,-40.0" /></mjloggm>