<mjloggm ver="2.3"><GO type="97" lobby="0"/><UN n0="%E3%81%A6%E3%82%93%E3%81%B5%E3%81%89%E3%81%84" n1="%E5%B0%B1%E6%B4%BB%E7%94%9F%40%E5%B7%9D%E6%9D%91%E8%BB%8D%E5%9B%A3" n2="%58%65%6E%6F%50%73%65" n3="%74%61%77%6E%79" dan="15,15,14,14" rate="1989.22,2005.11,1922.48,2007.25" sx="M,M,M,F"/><TAIKYOKU oya="0"/><INIT seed="0,0,0,4,4,38" ten="250,250,250,250" oya="0" hai0="71,75,30,33,80,40,123,51,127,16,20,125,4" hai1="76,108,111,60,10,67,120,104,6,64,59,29,65" hai2="85,103,15,132,12,37,32,84,83,68,49,42,129" hai3="121,47,48,74,23,70,89,92,11,55,100,113,35"/><T91/><D71/><U126/><E104/><V105/><F37/><W78/><G35/><T106/><D106/><U119/><E119/><V107/><F68/><W25/><G113/><T8/><D123/><U50/><E120/><V79/><F32/><W124/><G124/><N who="0" m="47691" /><D33/><U26/><E76/><V77/><F129/><W72/><G121/><T61/><D61/><U62/><E50/><V88/><F132/><W28/><G100/><T1/><D30/><U56/><E126/><V69/><F69/><W73/><G70/><T102/><D102/><U9/><E67/><V128/><F128/><W36/><G36/><T3/><D3/><U94/><E94/><N who="2" m="54535" /><F105/><W53/><G11/><T39/><D39/><U21/><REACH who="1" step="1"/><E10/><REACH who="1" ten="250,240,250,250" step="2"/><V131/><F107/><W45/><G78/><N who="0" m="44127" /><D91/><U90/><E90/><V44/><F77/><W81/><G72/><T66/><D66/><U2/><AGARI ba="0,1" hai="2,6,9,21,26,29,56,59,60,62,64,65,108,111" machi="2" ten="30,4000,0" yaku="1,1,0,1,9,1,53,0" doraHai="38" doraHaiUra="46" who="1" fromWho="1" sc="250,-20,240,50,250,-10,250,-10" /><INIT seed="1,0,0,1,0,124" ten="230,290,240,240" oya="1" hai0="109,48,43,34,90,92,31,110,24,112,57,3,16" hai1="2,39,122,85,106,21,129,121,51,63,29,58,101" hai2="52,87,55,44,37,88,75,33,126,99,28,38,66" hai3="73,60,83,84,4,97,61,26,68,5,13,65,116"/><U56/><E39/><V104/><F75/><W1/><G1/><T102/><D3/><U10/><E106/><V130/><F126/><W53/><G73/><T50/><D112/><U93/><E129/><V19/><F66/><W94/><G116/><T133/><D133/><U117/><E117/><V113/><F130/><W45/><G26/><T125/><D125/><U8/><E2/><V118/><F118/><W14/><G14/><T11/><D102/><U103/><E51/><V35/><F113/><W131/><G131/><T128/><D128/><U17/><E29/><V105/><F19/><W23/><G23/><T47/><D57/><U120/><E101/><V79/><F79/><W114/><G13/><N who="0" m="7231" /><D50/><U67/><E58/><V107/><F99/><W74/><G74/><T82/><D82/><U36/><E36/><V54/><F44/><W49/><G61/><T91/><D92/><U9/><E103/><V59/><F59/><W7/><G114/><T41/><D41/><U78/><E93/><V69/><F69/><W64/><G64/><T32/><D32/><U27/><E85/><V18/><F18/><W127/><G127/><T96/><D96/><U81/><E81/><V46/><F46/><W42/><G42/><T62/><D62/><U76/><AGARI ba="0,0" hai="8,9,10,17,21,27,56,63,67,76,78,120,121,122" machi="76" ten="40,2100,0" yaku="0,1" doraHai="124" who="1" fromWho="1" sc="230,-7,290,21,240,-7,240,-7" /><INIT seed="1,1,0,1,3,119" ten="223,311,233,233" oya="1" hai0="21,96,12,133,105,26,33,28,6,4,62,65,35" hai1="49,0,23,90,89,122,108,10,38,117,100,81,59" hai2="93,72,86,70,40,43,20,39,63,103,131,42,14" hai3="68,128,134,31,127,50,132,135,60,36,29,101,123"/><U102/><E38/><V111/><F72/><W91/><G101/><T41/><D41/><U109/><E117/><V48/><F39/><W19/><G36/><T87/><D87/><U69/><E69/><V107/><F107/><W120/><G128/><T110/><D110/><N who="1" m="42603" /><E122/><N who="3" m="46634" /><G127/><T3/><D133/><U57/><E23/><V58/><F111/><W115/><G115/><T25/><D35/><U104/><E104/><V97/><F70/><W24/><G50/><T27/><D27/><U112/><E112/><V44/><F131/><W99/><G99/><T126/><D126/><U66/><E66/><V5/><F86/><W75/><G75/><T45/><D45/><U18/><E49/><V47/><F47/><W37/><G37/><T8/><D3/><U92/><E81/><V17/><REACH who="2" step="1"/><F5/><REACH who="2" ten="223,311,223,233" step="2"/><W82/><G68/><T116/><D6/><N who="1" m="1351" /><E57/><V54/><AGARI ba="1,1" hai="14,17,20,40,42,43,44,48,54,58,63,93,97,103" machi="54" ten="20,8000,1" yaku="1,1,0,1,7,1,8,1,53,1" doraHai="119" doraHaiUra="11" who="2" fromWho="2" sc="223,-21,311,-41,223,93,233,-21" /><INIT seed="2,0,0,3,3,88" ten="202,270,316,212" oya="2" hai0="18,75,117,10,15,40,42,7,27,80,47,43,69" hai1="13,66,63,55,125,93,119,116,56,48,111,36,102" hai2="64,104,6,121,81,19,100,9,106,70,12,28,91" hai3="21,74,25,50,129,133,76,77,83,29,131,61,71"/><V58/><F70/><W2/><G2/><T32/><D69/><U17/><E36/><V45/><F121/><W22/><G133/><T68/><D68/><U126/><E111/><V79/><F28/><W124/><G124/><N who="1" m="47722" /><E102/><V90/><F100/><W62/><G77/><T57/><D57/><N who="1" m="37231" /><E93/><V44/><F104/><W34/><G50/><T94/><D94/><U108/><E108/><V54/><F106/><W67/><REACH who="3" step="1"/><G62/><REACH who="3" ten="202,270,316,202" step="2"/><T122/><D122/><U33/><E33/><V20/><F79/><W72/><G72/><T39/><D117/><U95/><E116/><V134/><F134/><W53/><G53/><T130/><D130/><AGARI ba="0,1" hai="21,22,25,29,34,61,67,71,74,76,83,129,130,131" machi="130" ten="40,2600,0" yaku="1,1,19,1,53,0" doraHai="88" doraHaiUra="52" who="3" fromWho="0" sc="202,-26,270,0,316,0,202,36" /><INIT seed="3,0,0,3,5,79" ten="176,270,316,238" oya="3" hai0="80,128,89,23,93,91,66,19,42,49,45,115,97" hai1="25,1,46,101,123,124,112,24,105,109,78,33,40" hai2="32,58,10,37,90,53,11,9,127,64,22,6,59" hai3="83,28,55,73,14,38,26,7,17,20,99,117,15"/><W111/><G117/><T8/><D128/><U114/><E1/><V13/><F32/><W74/><G38/><T107/><D115/><U41/><E123/><V29/><F37/><W85/><G111/><T84/><D107/><U67/><E67/><V135/><F135/><W104/><G7/><T81/><D66/><U65/><E65/><V72/><F127/><W132/><G132/><T3/><D3/><U51/><E109/><V39/><F39/><W106/><G15/><T108/><D108/><U30/><E124/><V31/><F72/><W126/><G126/><T100/><D8/><N who="2" m="3178" /><F22/><W12/><G12/><T71/><D71/><U118/><E118/><V68/><F68/><W87/><G87/><T60/><D60/><U44/><E25/><V133/><F133/><W52/><G74/><T116/><D116/><U120/><E120/><V70/><F70/><W5/><G5/><T76/><REACH who="0" step="1"/><D81/><REACH who="0" ten="166,270,316,238" step="2"/><U130/><E105/><V57/><F64/><W50/><G106/><T129/><D129/><U134/><E130/><V47/><F90/><W35/><G104/><T88/><D88/><U119/><E134/><V0/><F0/><W62/><G62/><T27/><AGARI ba="0,1" hai="19,23,27,42,45,49,76,80,84,89,91,93,97,100" machi="27" ten="20,12000,2" yaku="1,1,0,1,7,1,8,1,52,1,53,1" doraHai="79" doraHaiUra="95" who="0" fromWho="0" sc="166,130,270,-30,316,-30,238,-60" /><INIT seed="4,0,0,0,1,50" ten="296,240,286,178" oya="0" hai0="125,62,23,34,105,5,40,94,30,95,20,57,67" hai1="15,37,82,119,39,9,26,107,129,31,3,51,123" hai2="72,85,113,8,126,108,46,14,58,128,55,17,12" hai3="103,49,84,102,2,6,65,47,111,11,32,79,90"/><T87/><D105/><U127/><E123/><V44/><F72/><W41/><G111/><T27/><D125/><U98/><E119/><V132/><F108/><W63/><G32/><T43/><D5/><U60/><E127/><V88/><F113/><W81/><REACH who="3" step="1"/><G79/><REACH who="3" ten="296,240,286,168" step="2"/><T22/><D34/><U74/><E129/><V21/><F126/><W53/><G53/><T110/><D110/><U33/><E3/><V100/><F128/><W135/><G135/><T71/><D43/><U10/><E39/><V13/><F132/><W122/><G122/><T42/><D40/><U80/><E37/><V75/><F75/><W76/><G76/><T121/><D42/><U66/><E74/><V91/><F100/><W96/><G96/><T64/><D121/><U7/><E10/><V0/><F0/><W86/><G86/><T116/><D116/><U59/><E51/><V112/><F112/><W25/><G25/><T124/><D124/><U117/><E117/><V48/><F91/><W97/><G97/><T70/><D87/><U18/><E7/><N who="2" m="3103" /><F13/><W92/><G92/><AGARI ba="0,1" hai="14,17,21,44,46,48,55,58,85,88,92" m="3103" machi="92" ten="30,7700,0" yaku="25,1,8,1,52,1,54,1" doraHai="50" who="2" fromWho="3" sc="296,0,240,0,286,87,168,-77" owari="296,10.0,240,-16.0,373,47.0,91,-41.0" /></mjloggm>