<mjloggm ver="2.3"><GO type="97" lobby="0"/><UN n0="%4C%61%6B%6B%79" n1="%E5%B0%B1%E6%B4%BB%E7%94%9F%40%E5%B7%9D%E6%9D%91%E8%BB%8D%E5%9B%A3" n2="%E3%81%84%E3%81%8D%E3%81%97%E3%81%A1" n3="%59%61%69%74%6F%68" dan="15,14,14,13" rate="1923.06,1969.05,1885.26,1852.63" sx="M,M,M,M"/><TAIKYOKU oya="0"/><INIT seed="0,0,0,1,3,17" ten="250,250,250,250" oya="0" hai0="86,51,36,84,5,24,111,119,134,39,20,126,96" hai1="88,83,10,127,99,91,118,110,100,25,93,102,108" hai2="37,58,67,135,92,14,64,9,13,41,62,121,82" hai3="89,53,30,43,94,95,77,26,122,133,116,79,42"/><T56/><D119/><U107/><E10/><V35/><F35/><W38/><G116/><T114/><D114/><U40/><E40/><N who="3" m="15402" /><G38/><T49/><D126/><U11/><E11/><V81/><F121/><W103/><G122/><T48/><D134/><U63/><E63/><V44/><F135/><W22/><G133/><T7/><D111/><N who="1" m="42539" /><E25/><V113/><F113/><W120/><G120/><T61/><D96/><N who="1" m="61831" /><E118/><V57/><F92/><N who="3" m="35371" /><G103/><T70/><D70/><U129/><E129/><V32/><F32/><W130/><G130/><T123/><D123/><U60/><E60/><V69/><F14/><W59/><G89/><N who="1" m="34378" /><E83/><V124/><F124/><AGARI ba="0,0" hai="93,99,102,124,127" m="34378,61831,42539" machi="124" ten="30,7700,0" yaku="14,1,34,2,54,1" doraHai="17" who="1" fromWho="2" sc="250,0,250,77,250,-77,250,0" /><INIT seed="1,0,0,5,2,113" ten="250,327,173,250" oya="1" hai0="116,62,71,50,108,69,36,114,33,125,73,119,96" hai1="115,28,41,32,74,35,51,2,18,10,52,109,37" hai2="124,1,9,46,118,107,15,6,86,53,90,25,127" hai3="72,57,56,42,79,44,21,30,68,93,17,13,64"/><U97/><E115/><V0/><F107/><W126/><G93/><T60/><D114/><U19/><E74/><V70/><F70/><W122/><G122/><T12/><D36/><U38/><E109/><V39/><F25/><W80/><G126/><N who="2" m="48169" /><F118/><W101/><G101/><T91/><D108/><U11/><E97/><V34/><F34/><W104/><G104/><T3/><D3/><U43/><E28/><V112/><F112/><W110/><G110/><T134/><D73/><U82/><E82/><N who="2" m="49495" /><F39/><W123/><G123/><T87/><D33/><U59/><E2/><V31/><F31/><W84/><G72/><T40/><D134/><U83/><E83/><V45/><F46/><W85/><G30/><T48/><D125/><U117/><E117/><V99/><F99/><W55/><G80/><T49/><D69/><U14/><E38/><V63/><F63/><N who="3" m="37991" /><G79/><T76/><D96/><U98/><E98/><V7/><F7/><W78/><G78/><T131/><D76/><U132/><E132/><V120/><F120/><W94/><G68/><T75/><D75/><U23/><E37/><V128/><F128/><W105/><G105/><T65/><D131/><U130/><E130/><V66/><F66/><W67/><G67/><T92/><D40/><N who="1" m="15435" /><E35/><V26/><F26/><W88/><G42/><T100/><D100/><U58/><E32/><V16/><F6/><W133/><G133/><T27/><D27/><N who="1" m="14839" /><E59/><V47/><F45/><W106/><G44/><T81/><D62/><U24/><E24/><V29/><F29/><W95/><G106/><T89/><D12/><U54/><E54/><RYUUKYOKU ba="0,0" sc="250,10,327,10,173,10,250,-30" hai0="48,49,50,60,65,71,81,87,89,91,92,116,119" hai1="10,11,14,19,51,52,58" hai2="0,1,9,15,16,47,53" /><INIT seed="1,1,0,4,5,77" ten="260,337,183,220" oya="1" hai0="105,66,36,5,93,103,31,38,34,19,21,1,62" hai1="16,94,2,81,110,122,50,80,120,58,32,104,114" hai2="84,129,18,100,134,97,17,88,57,22,127,102,63" hai3="52,14,96,72,92,11,61,6,115,13,116,23,70"/><U73/><E104/><V99/><F134/><W44/><G115/><T125/><D105/><U27/><E114/><V87/><F129/><W41/><G72/><T65/><D103/><U56/><E110/><V106/><F127/><W124/><G124/><T119/><D119/><U9/><E73/><V51/><F51/><W113/><G113/><T89/><D31/><U121/><E32/><V95/><F84/><W123/><G123/><T76/><D76/><U64/><E94/><V133/><F22/><W82/><G116/><T33/><D33/><U79/><E79/><V112/><F133/><W20/><G13/><T4/><D34/><U85/><E85/><V3/><F3/><W128/><G128/><T12/><D125/><U68/><E2/><V69/><F69/><W131/><G131/><T75/><D75/><U49/><E68/><V47/><F47/><W108/><G108/><T117/><D117/><U15/><E27/><V25/><F25/><W74/><G70/><T26/><D1/><U54/><E64/><V59/><F59/><N who="3" m="35047" /><G74/><T107/><D107/><U90/><E90/><V28/><F28/><W8/><G8/><N who="0" m="4103" /><D5/><U118/><E118/><V46/><F46/><W83/><G44/><T30/><D30/><U53/><AGARI ba="1,0" hai="9,15,16,49,50,53,54,56,58,80,81,120,121,122" machi="53" ten="40,12000,1" yaku="0,1,9,1,52,2,54,1" doraHai="77" who="1" fromWho="1" sc="260,-41,337,123,183,-41,220,-41" /><INIT seed="1,2,0,2,2,19" ten="219,460,142,179" oya="1" hai0="54,98,46,36,88,81,40,38,93,122,5,17,130" hai1="107,131,129,87,24,106,23,127,35,52,11,71,117" hai2="118,33,63,41,100,21,75,58,44,86,4,49,34" hai3="51,79,132,69,102,74,64,10,101,7,114,116,29"/><U109/><E71/><V15/><F75/><W56/><G114/><T89/><D130/><N who="1" m="49675" /><E35/><V73/><F73/><W31/><G69/><T90/><D122/><U119/><E109/><V12/><F118/><N who="1" m="45065" /><E11/><V60/><F100/><W1/><G116/><T43/><D5/><U2/><E2/><V82/><F15/><W3/><G3/><T135/><D135/><U80/><E127/><V66/><F63/><W53/><G64/><T115/><D115/><U78/><E52/><V91/><F4/><W57/><G57/><T37/><D54/><U112/><E112/><V14/><REACH who="2" step="1"/><F12/><REACH who="2" ten="219,460,132,179" step="2"/><W105/><G102/><T111/><D111/><U28/><AGARI ba="2,1" hai="23,24,28,78,80,87,106,107" m="45065,49675" machi="28" ten="30,3000,0" yaku="19,1,52,1" doraHai="19" who="1" fromWho="1" sc="219,-12,460,46,132,-12,179,-12" /><INIT seed="1,3,0,0,2,125" ten="207,506,120,167" oya="1" hai0="96,65,127,50,31,70,26,134,117,38,66,102,129" hai1="108,18,111,77,113,121,84,135,49,114,85,82,23" hai2="35,64,8,47,86,34,61,62,10,5,52,43,89" hai3="48,87,126,120,46,2,59,110,95,12,14,88,106"/><U103/><E49/><V41/><F35/><W3/><G120/><T60/><D38/><U132/><E23/><V69/><F34/><W99/><G59/><T122/><D117/><U0/><E18/><V27/><F27/><W75/><G75/><T1/><D1/><U118/><E0/><V9/><F5/><W53/><G126/><T112/><D129/><U57/><E57/><V71/><F47/><W80/><G106/><T36/><D134/><N who="1" m="51243" /><E121/><V21/><F21/><W25/><G25/><T104/><D112/><N who="1" m="43115" /><E118/><V107/><F107/><W67/><G67/><T39/><D127/><U37/><E37/><V83/><REACH who="2" step="1"/><F52/><REACH who="2" ten="207,506,110,167" step="2"/><W44/><G53/><T7/><D122/><U101/><E85/><V55/><F55/><W29/><G87/><T74/><D104/><U19/><E19/><V79/><F79/><W45/><G45/><T4/><D7/><U81/><E81/><V22/><F22/><W115/><G80/><T16/><D4/><U68/><E68/><V93/><F93/><W11/><G95/><T105/><D70/><U28/><E28/><V90/><F90/><W116/><G88/><T51/><D105/><U78/><E78/><V124/><F124/><W58/><G29/><T94/><D31/><U6/><E6/><V42/><F42/><W133/><G115/><T40/><D40/><U130/><E130/><V123/><F123/><W15/><G133/><T24/><D94/><U109/><AGARI ba="3,1" hai="77,82,84,101,103,108,109,111" m="43115,51243" machi="109" ten="40,12000,1" yaku="14,1,10,1,20,1,34,2" doraHai="125" who="1" fromWho="1" sc="207,-43,506,139,110,-43,167,-43" /><INIT seed="1,4,0,1,5,89" ten="164,645,67,124" oya="1" hai0="114,103,56,14,131,27,4,130,10,113,81,38,42" hai1="21,121,125,29,1,52,85,17,88,98,53,75,124" hai2="7,50,80,74,19,61,28,94,119,5,90,0,36" hai3="122,108,84,12,37,77,126,101,107,57,109,92,58"/><U16/><E75/><V18/><F119/><W118/><G37/><T9/><D103/><U8/><E121/><V15/><F36/><W132/><G122/><T13/><D27/><N who="1" m="16623" /><E98/><V102/><F102/><W97/><G118/><T23/><D23/><U62/><E1/><V6/><F0/><W128/><G12/><T87/><D56/><N who="1" m="35079" /><E53/><V2/><F2/><W3/><G3/><T110/><D110/><N who="3" m="42601" /><G58/><T99/><D99/><U49/><E49/><V59/><F28/><W34/><G57/><T31/><D113/><U79/><E79/><V35/><F35/><W111/><G34/><T25/><D114/><U39/><E8/><V45/><F74/><W60/><G111/><T135/><D10/><U91/><E91/><V133/><F80/><N who="3" m="47119" /><G60/><T69/><D9/><U63/><E63/><V106/><F106/><W70/><G70/><T47/><D69/><U30/><E30/><V76/><F76/><W54/><G54/><T127/><D31/><U83/><E39/><V20/><F19/><W129/><G132/><T33/><D135/><U66/><E66/><V46/><F133/><W24/><G126/><AGARI ba="4,0" hai="16,17,83,85,88,124,125,126" m="35079,16623" machi="126" ten="30,11600,0" yaku="18,1,54,3" doraHai="89" who="1" fromWho="3" sc="164,0,645,128,67,0,124,-128" owari="164,-4.0,773,87.0,67,-33.0,-4,-50.0" /></mjloggm>