<mjloggm ver="2.3"><GO type="97" lobby="0"/><UN n0="%E5%B9%B3%E7%AD%89%E9%99%A2%E9%B3%B3%E5%87%B0%E5%A0%82" n1="%E5%A4%9C%E3%81%AE%E7%9B%97%E8%B3%8A%E5%9B%A3" n2="%E5%B0%B1%E6%B4%BB%E7%94%9F%40%E5%B7%9D%E6%9D%91%E8%BB%8D%E5%9B%A3" n3="%E4%B8%8A%E9%87%8D%E6%BC%AB" dan="14,14,15,14" rate="1946.21,1932.73,2058.42,1979.05" sx="M,M,M,F"/><TAIKYOKU oya="0"/><INIT seed="0,0,0,0,5,135" ten="250,250,250,250" oya="0" hai0="115,54,79,39,119,33,26,76,70,118,53,87,77" hai1="92,107,41,98,34,23,11,133,37,93,68,52,50" hai2="109,131,15,0,48,10,6,59,83,22,61,7,122" hai3="55,45,9,74,64,21,105,120,100,108,5,35,58"/><T73/><D115/><U106/><E34/><V134/><F122/><W78/><G120/><T72/><D39/><U47/><E68/><V30/><F134/><W46/><G108/><T101/><D70/><U114/><E133/><V110/><F131/><W113/><G35/><T43/><D43/><U89/><E114/><V42/><F83/><W12/><G64/><T91/><D101/><U71/><E71/><V94/><F94/><W123/><G123/><T128/><D128/><U38/><E38/><V3/><F48/><W132/><G132/><T69/><D69/><U96/><E23/><V28/><F42/><W14/><G105/><T20/><D33/><U125/><E11/><N who="2" m="2503" /><F59/><W86/><G74/><T111/><D111/><N who="2" m="42506" /><F61/><N who="3" m="36063" /><G100/><T82/><D73/><U104/><E125/><V75/><F75/><W65/><G65/><T19/><REACH who="0" step="1"/><D72/><REACH who="0" ten="240,250,250,250" step="2"/><U36/><REACH who="1" step="1"/><E41/><REACH who="1" ten="240,240,250,250" step="2"/><V1/><F1/><W117/><G113/><T81/><D81/><U112/><E112/><V8/><F22/><W44/><G21/><T80/><D80/><U49/><E49/><V127/><F127/><W56/><G9/><T103/><D103/><AGARI ba="0,2" hai="36,37,47,50,52,89,92,93,96,98,103,104,106,107" machi="103" ten="40,2600,0" yaku="1,1,54,1,53,0" doraHai="135" doraHaiUra="4" who="1" fromWho="0" sc="240,-26,240,46,250,0,250,0" /><INIT seed="1,0,0,0,3,52" ten="214,286,250,250" oya="1" hai0="90,74,109,50,95,98,114,36,120,122,55,28,17" hai1="18,116,8,85,132,34,23,59,16,68,78,111,44" hai2="110,80,126,61,25,113,72,24,3,86,21,76,77" hai3="49,71,37,62,29,0,66,75,69,57,4,35,97"/><U117/><E68/><V87/><F3/><W83/><G37/><T93/><D36/><U41/><E34/><V129/><F129/><W79/><G97/><T60/><D74/><U40/><E132/><V84/><F126/><W89/><G89/><T134/><D114/><U10/><E78/><V9/><F113/><W56/><G0/><T118/><D118/><U51/><E85/><V119/><F119/><W14/><G29/><T63/><D134/><U5/><E111/><V112/><F110/><W47/><G35/><T135/><D109/><U102/><E102/><V124/><F124/><W45/><G71/><T108/><D108/><U121/><E121/><V65/><F112/><W91/><G91/><T12/><D28/><U82/><E82/><V94/><F9/><W106/><G106/><T39/><D39/><U58/><E51/><V30/><F25/><W73/><G73/><T96/><D135/><U33/><E33/><V101/><F76/><W53/><G69/><T15/><D15/><U115/><E115/><V99/><REACH who="2" step="1"/><F72/><REACH who="2" ten="214,286,240,250" step="2"/><W42/><G75/><T27/><D27/><U70/><E23/><V104/><F104/><W125/><G79/><T43/><D122/><U92/><E70/><AGARI ba="0,1" hai="21,24,30,61,65,70,77,80,84,86,87,94,99,101" machi="70" ten="30,2000,0" yaku="1,1,7,1,53,0" doraHai="52" doraHaiUra="123" who="2" fromWho="1" sc="214,0,286,-20,240,30,250,0" /><INIT seed="2,0,0,5,3,24" ten="214,266,270,250" oya="2" hai0="75,1,94,32,115,54,80,18,91,38,73,20,48" hai1="92,9,34,99,31,112,84,125,44,29,98,45,35" hai2="77,72,68,117,25,46,27,22,23,58,134,96,106" hai3="67,57,113,87,104,110,10,3,51,47,133,129,76"/><V59/><F117/><W8/><G110/><T101/><D38/><U126/><E84/><V28/><F68/><W43/><G104/><T124/><D115/><U14/><E92/><V61/><F134/><W52/><G133/><T89/><D1/><U42/><E14/><V127/><F127/><W97/><G129/><T88/><D124/><U33/><E33/><V62/><F46/><W50/><G67/><T85/><D32/><U39/><E9/><V108/><F108/><W11/><G113/><T60/><D60/><U70/><E70/><V12/><F12/><W132/><G132/><T119/><D119/><U83/><E112/><V16/><F72/><W95/><G87/><T130/><D130/><U13/><E13/><V7/><F7/><W0/><REACH who="3" step="1"/><G76/><REACH who="3" ten="214,266,270,240" step="2"/><T2/><D75/><U66/><E66/><V123/><F77/><W100/><AGARI ba="0,1" hai="0,3,8,10,11,43,47,50,51,52,57,95,97,100" machi="100" ten="30,7900,0" yaku="1,1,2,1,0,1,54,1,53,0" doraHai="24" doraHaiUra="102" who="3" fromWho="3" sc="214,-20,266,-20,270,-39,240,89" /><INIT seed="3,0,0,5,4,119" ten="194,246,231,329" oya="3" hai0="44,26,35,92,68,84,78,123,120,27,63,9,30" hai1="75,12,11,57,135,94,130,25,39,107,115,52,32" hai2="65,64,106,22,41,13,2,54,81,105,93,10,101" hai3="112,113,14,86,74,129,16,19,103,62,99,89,1"/><W110/><G1/><T97/><D44/><U38/><E107/><V66/><F2/><W128/><G74/><T124/><D124/><U102/><E115/><V71/><F71/><W83/><G110/><T109/><D109/><U111/><E75/><V18/><F41/><W100/><G62/><T69/><D9/><U132/><E111/><V87/><F54/><W85/><G85/><T122/><D26/><U116/><E116/><V23/><F105/><W58/><G58/><T31/><D31/><U77/><E77/><N who="2" m="46511" /><F106/><W17/><G14/><T48/><D48/><U0/><E0/><V29/><F29/><W59/><G59/><T125/><D125/><U40/><E130/><N who="3" m="50282" /><G103/><T114/><D114/><U21/><E32/><V133/><F133/><N who="1" m="51273" /><E40/><V91/><F101/><W134/><G134/><T118/><D118/><U34/><E34/><V33/><F33/><W127/><G127/><T117/><D117/><U45/><E45/><V60/><F60/><W79/><G79/><T47/><D47/><U131/><E131/><V7/><F7/><W42/><G42/><T50/><D50/><N who="1" m="30871" /><E102/><V73/><F73/><W28/><G28/><T80/><REACH who="0" step="1"/><D63/><REACH who="0" ten="184,246,231,329" step="2"/><U121/><E39/><V72/><F72/><W36/><G36/><T4/><D4/><U98/><E38/><V95/><F95/><AGARI ba="0,1" hai="16,17,19,83,86,89,95,99,100,112,113" m="50282" machi="95" ten="30,2900,0" yaku="19,1,54,1" doraHai="119" who="3" fromWho="2" sc="184,0,246,0,231,-29,329,39" owari="184,-32.0,246,5.0,202,-20.0,368,47.0" /></mjloggm>