<mjloggm ver="2.3"><GO type="41" lobby="0"/><UN n0="%6A%65%72%69%63%68%6F" n1="%E5%B0%B1%E6%B4%BB%E7%94%9F%40%E5%B7%9D%E6%9D%91%E8%BB%8D%E5%9B%A3" n2="%6F%6D%6F%75%6D%6F%75" n3="%77%61%6B%61%62%62%61%6D" dan="13,15,13,13" rate="2018.26,1950.57,1874.90,1855.28" sx="M,M,M,M"/><TAIKYOKU oya="0"/><INIT seed="0,0,0,3,1,82" ten="250,250,250,250" oya="0" hai0="70,105,115,133,55,50,71,23,33,120,79,112,20" hai1="8,89,7,54,0,42,4,49,114,86,43,113,26" hai2="110,66,111,64,65,117,21,10,61,39,103,38,125" hai3="51,116,25,2,22,40,85,63,5,123,60,3,81"/><T19/><D105/><U77/><E7/><V36/><F10/><W94/><G116/><T68/><D33/><U129/><E77/><V48/><F103/><W78/><G123/><T76/><D120/><U87/><E26/><V29/><F117/><W126/><G126/><T62/><D133/><U106/><E106/><V58/><F125/><W1/><G5/><T15/><D62/><U127/><E127/><V59/><F29/><W45/><REACH who="3" step="1"/><G94/><REACH who="3" ten="250,250,250,240" step="2"/><T46/><REACH who="0" step="1"/><D23/><REACH who="0" ten="240,250,250,240" step="2"/><U118/><E114/><AGARI ba="0,2" hai="15,19,20,46,50,55,68,70,71,76,79,112,114,115" machi="114" ten="50,4800,0" yaku="1,1,2,1,53,0" doraHai="82" doraHaiUra="92" who="0" fromWho="1" sc="240,68,250,-48,250,0,240,0" /><INIT seed="0,1,0,1,5,108" ten="308,202,250,240" oya="0" hai0="117,104,11,90,123,101,80,118,89,19,9,2,34" hai1="30,48,55,24,71,124,25,87,26,64,114,43,35" hai2="4,44,103,17,128,29,106,63,68,132,60,129,127" hai3="73,33,15,121,131,126,120,75,52,94,98,69,58"/><T96/><D123/><N who="3" m="47177" /><G69/><T0/><D34/><U41/><E124/><V81/><F4/><W39/><G39/><T88/><D80/><U40/><E71/><V54/><F127/><W37/><G37/><T59/><D59/><U32/><E64/><V93/><F106/><W77/><G77/><T83/><D83/><U57/><E30/><V84/><F132/><W53/><G33/><T67/><D67/><U28/><E28/><V115/><F29/><W61/><G126/><T23/><D11/><U7/><E7/><V82/><F17/><W130/><G15/><T45/><D9/><U86/><E35/><V134/><F134/><W14/><G53/><T109/><D109/><U107/><E32/><V13/><F13/><W31/><G14/><T97/><D97/><U18/><E107/><V119/><F68/><W51/><G51/><T76/><D76/><U65/><E65/><V8/><F8/><W85/><G85/><T3/><REACH who="0" step="1"/><D45/><REACH who="0" ten="298,202,250,240" step="2"/><U112/><REACH who="1" step="1"/><E18/><REACH who="1" ten="298,192,250,240" step="2"/><V46/><F128/><N who="3" m="49195" /><G31/><T113/><D113/><AGARI ba="1,2" hai="24,25,26,40,41,43,48,55,57,86,87,112,113,114" machi="113" ten="50,8000,1" yaku="1,1,11,1,52,3,53,0" doraHai="108" doraHaiUra="92" who="1" fromWho="0" sc="298,-83,192,103,250,0,240,0" /><INIT seed="1,0,0,1,1,102" ten="215,295,250,240" oya="1" hai0="22,65,50,35,88,119,6,97,34,43,125,122,53" hai1="83,93,23,98,49,62,52,27,81,39,61,127,54" hai2="33,63,133,78,40,123,57,91,96,20,115,30,21" hai3="89,128,132,73,48,124,32,47,12,16,7,36,46"/><U117/><E39/><V82/><F123/><W111/><G32/><T103/><D119/><U59/><E117/><V4/><F133/><W24/><G73/><T87/><D122/><U41/><E127/><V42/><F4/><W100/><G124/><T116/><D116/><U114/><E41/><V86/><F115/><W58/><G132/><T75/><D75/><U10/><E10/><V108/><F108/><W28/><G7/><T51/><D65/><U135/><E135/><V94/><F33/><W110/><G36/><T84/><D84/><U66/><E114/><V99/><F99/><W8/><G58/><T129/><D22/><N who="2" m="8810" /><F30/><W29/><G47/><T19/><D129/><U55/><E62/><V31/><F31/><W90/><G24/><T104/><D19/><U14/><E14/><V11/><F11/><W126/><G126/><T38/><D38/><U17/><REACH who="1" step="1"/><E49/><REACH who="1" ten="215,285,250,240" step="2"/><V69/><F69/><W95/><G111/><T1/><D51/><U67/><E67/><AGARI ba="0,1" hai="40,42,57,63,67,78,82,86,91,94,96" m="8810" machi="67" ten="30,1000,0" yaku="8,1" doraHai="102" who="2" fromWho="1" sc="215,0,285,-10,250,20,240,0" /><INIT seed="2,0,0,5,0,64" ten="215,275,270,240" oya="2" hai0="50,63,132,81,26,126,0,2,21,16,97,128,134" hai1="33,5,59,39,37,17,121,86,125,113,3,115,72" hai2="92,36,91,71,18,85,109,65,41,57,77,43,38" hai3="56,47,52,103,120,108,114,14,42,24,7,44,51"/><V31/><F109/><W106/><G120/><T98/><D126/><U130/><E72/><V117/><F31/><W20/><G114/><T122/><D122/><U95/><E33/><V90/><F117/><W110/><G44/><T9/><D128/><U89/><E5/><V93/><F77/><W80/><G7/><T124/><D124/><U62/><E3/><V82/><F82/><W15/><G80/><T118/><D118/><U123/><E125/><V48/><F18/><W28/><G103/><T12/><D50/><U69/><E69/><V99/><F71/><W74/><G74/><T40/><D40/><U4/><E4/><V70/><F70/><W129/><G106/><T22/><D63/><U55/><E130/><V79/><F79/><W107/><G107/><T67/><D67/><U133/><E133/><N who="0" m="51305" /><D81/><U58/><E58/><V66/><F38/><W13/><REACH who="3" step="1"/><G129/><REACH who="3" ten="215,275,270,230" step="2"/><T88/><D0/><U35/><E123/><V84/><F36/><AGARI ba="0,1" hai="13,14,15,20,24,28,36,42,47,51,52,56,108,110" machi="36" ten="40,5200,0" yaku="1,1,2,1,54,1,53,0" doraHai="64" doraHaiUra="61" who="3" fromWho="2" sc="215,0,275,0,270,-52,230,62" /><INIT seed="3,0,0,0,5,102" ten="215,275,218,292" oya="3" hai0="34,100,1,67,106,10,94,11,59,74,12,51,75" hai1="118,103,131,41,132,72,13,123,112,26,86,119,23" hai2="95,25,65,32,133,47,82,35,90,108,126,76,69" hai3="83,60,49,16,96,29,61,68,57,73,121,125,43"/><W14/><G121/><T113/><D34/><U54/><E72/><V63/><F108/><W107/><G125/><T30/><D30/><U91/><E123/><V81/><F126/><W36/><G36/><T101/><D1/><U129/><E103/><V98/><F133/><W37/><G37/><T71/><D71/><U89/><E41/><V53/><F25/><W80/><G29/><T48/><D113/><U122/><E122/><V85/><REACH who="2" step="1"/><F82/><REACH who="2" ten="215,275,208,292" step="2"/><W87/><G80/><T4/><D11/><U21/><E132/><V105/><F105/><W117/><G117/><T127/><D106/><U17/><E112/><V56/><F56/><W50/><G73/><T39/><D59/><U88/><E86/><V31/><F31/><W24/><G68/><T9/><D74/><U15/><E54/><V22/><F22/><W62/><G24/><T7/><D75/><U99/><E99/><V70/><F70/><W64/><G57/><T111/><D111/><U77/><E23/><V2/><F2/><W128/><G64/><T18/><D9/><U20/><E20/><V19/><F19/><W46/><G46/><T79/><D18/><U3/><E3/><V42/><F42/><W52/><G43/><T44/><D10/><U58/><E58/><V120/><F120/><W84/><G83/><T104/><D44/><U115/><E115/><V55/><F55/><W92/><G107/><T116/><D67/><U114/><E114/><V5/><F5/><W135/><G135/><T0/><D0/><U28/><E119/><V27/><F27/><W134/><G134/><T45/><D116/><RYUUKYOKU ba="0,1" sc="215,-10,275,-10,208,30,292,-10" hai2="32,35,47,53,63,65,69,76,81,85,90,95,98" /><INIT seed="4,1,1,2,1,47" ten="205,265,238,282" oya="0" hai0="67,1,123,109,26,75,19,57,4,72,79,22,96" hai1="87,81,76,10,64,44,127,25,27,110,39,97,80" hai2="107,73,70,8,95,50,28,35,104,56,91,49,66" hai3="30,126,38,51,61,134,85,20,99,82,135,69,2"/><T106/><D123/><U124/><E110/><V125/><F73/><W43/><G2/><T53/><D67/><U7/><E64/><V103/><F125/><N who="1" m="48201" /><E97/><V93/><F70/><W101/><G126/><T18/><D109/><U21/><E21/><V60/><F8/><W89/><G38/><T16/><D1/><N who="1" m="367" /><E81/><V31/><F104/><W71/><G20/><T74/><D4/><U32/><E32/><V37/><F37/><W120/><G30/><N who="2" m="11305" /><F35/><W68/><G120/><T24/><D22/><U105/><E105/><V117/><F107/><W45/><REACH who="3" step="1"/><G61/><REACH who="3" ten="205,265,238,272" step="2"/><T6/><D24/><U113/><E113/><V90/><F117/><W114/><G114/><T84/><D26/><U58/><E27/><V17/><F103/><W118/><G118/><T92/><D106/><AGARI ba="1,2" hai="43,45,51,68,69,71,82,85,89,99,101,106,134,135" machi="106" ten="40,2600,0" yaku="1,1,52,1,53,0" doraHai="47" doraHaiUra="54" who="3" fromWho="0" sc="205,-29,265,0,238,0,272,49" /><INIT seed="5,0,0,3,1,4" ten="176,265,238,321" oya="1" hai0="81,128,15,61,48,32,1,53,86,7,120,6,47" hai1="129,91,98,105,41,108,90,96,50,130,66,72,69" hai2="76,115,54,22,112,121,131,84,100,45,132,23,99" hai3="125,17,67,111,10,65,95,104,46,122,29,78,39"/><U93/><E69/><V27/><F121/><W35/><G104/><T88/><D32/><U26/><E66/><V106/><F131/><N who="1" m="50185" /><E26/><V133/><F132/><W51/><G122/><T70/><D128/><U83/><E41/><V3/><F3/><W57/><G39/><T21/><D120/><U110/><E105/><V16/><F133/><W38/><G38/><T14/><D70/><U63/><E63/><V103/><F103/><W24/><G78/><T28/><D61/><U85/><E50/><N who="2" m="29007" /><F84/><W102/><G57/><T59/><D59/><U123/><E123/><V87/><F76/><W79/><G79/><T92/><D1/><U5/><E5/><N who="0" m="1545" /><D92/><N who="1" m="56351" /><E72/><V55/><F55/><W30/><G65/><T2/><D2/><U82/><E82/><V117/><F87/><W40/><G67/><T107/><D107/><U36/><E36/><V60/><F60/><W42/><G42/><T18/><D28/><U135/><E135/><V75/><F75/><W80/><G30/><T19/><D19/><U64/><E64/><V43/><F43/><W58/><G40/><T13/><AGARI ba="0,0" hai="13,14,15,18,21,47,48,53,81,86,88" m="1545" machi="13" ten="30,2000,0" yaku="8,1,54,1" doraHai="4" who="0" fromWho="0" sc="176,20,265,-10,238,-5,321,-5" /><INIT seed="6,0,0,1,5,104" ten="196,255,233,316" oya="2" hai0="126,58,6,69,37,1,92,87,100,128,59,99,3" hai1="50,14,57,8,85,44,132,118,84,24,73,68,109" hai2="55,36,41,74,127,25,103,22,31,106,12,101,54" hai3="134,75,56,61,34,11,115,47,51,64,129,49,27"/><V2/><F2/><W65/><G75/><T122/><D122/><U5/><E68/><V45/><F127/><W13/><G115/><T23/><D69/><U86/><E109/><V4/><F74/><W66/><G129/><T10/><D37/><U63/><E118/><V117/><F117/><W102/><G134/><T119/><D119/><U120/><E132/><V121/><F121/><W39/><G102/><T93/><D1/><U135/><E135/><V133/><F133/><W131/><G131/><T77/><D126/><U90/><E120/><V43/><F43/><W19/><G34/><T72/><D128/><U16/><E73/><V21/><F21/><W28/><G39/><T35/><D23/><N who="1" m="13415" /><E63/><V76/><F76/><W53/><G28/><T98/><D35/><U33/><E57/><V124/><F124/><W83/><G27/><T114/><D87/><U79/><E33/><V46/><F46/><W20/><G20/><T9/><D9/><U29/><E29/><V110/><F110/><W116/><G116/><T48/><D48/><U15/><E15/><V96/><REACH who="2" step="1"/><F103/><REACH who="2" ten="196,255,223,316" step="2"/><W62/><G83/><T130/><D130/><U81/><E90/><V105/><F105/><W32/><G32/><T7/><D114/><U18/><E18/><V97/><F97/><W52/><AGARI ba="0,1" hai="11,13,19,47,49,51,52,53,56,61,62,64,65,66" machi="52" ten="30,4000,0" yaku="0,1,8,1,54,1" doraHai="104" who="3" fromWho="3" sc="196,-10,255,-10,223,-20,316,50" /><INIT seed="7,0,0,4,3,119" ten="186,245,203,366" oya="3" hai0="12,55,68,115,0,56,41,120,50,117,16,106,102" hai1="107,129,108,126,61,78,64,14,131,10,38,86,46" hai2="44,30,29,79,123,82,37,132,13,3,34,40,92" hai3="83,28,31,134,87,63,47,27,59,89,74,71,18"/><W19/><G71/><T5/><D117/><U90/><E107/><V51/><F3/><W109/><G74/><T135/><D68/><U22/><E108/><V60/><F132/><W11/><G134/><T9/><D135/><U111/><E22/><V25/><F30/><W62/><G109/><T53/><D41/><U88/><E126/><V98/><F123/><W94/><G47/><T81/><D120/><U84/><E111/><V73/><F13/><W93/><G62/><T95/><D106/><U24/><E24/><V45/><F60/><W112/><G112/><T110/><D110/><U113/><E46/><V32/><F32/><W57/><G57/><T124/><D124/><U48/><E48/><V100/><REACH who="2" step="1"/><F45/><REACH who="2" ten="186,245,193,366" step="2"/><W121/><G121/><T66/><D115/><U101/><E113/><V15/><F15/><N who="3" m="7551" /><G31/><T130/><D130/><U122/><E14/><V20/><F20/><N who="3" m="13727" /><G28/><T52/><D66/><AGARI ba="0,1" hai="59,63,66,83,87,89,93,94" m="13727,7551" machi="66" ten="30,1500,0" yaku="8,1" doraHai="119" who="3" fromWho="0" sc="186,-15,245,0,193,0,366,25" owari="171,-33.0,245,5.0,193,-21.0,391,49.0" /></mjloggm>