<mjloggm ver="2.3"><GO type="97" lobby="0"/><UN n0="%6D%61%6E%5F%6B%6F" n1="%E5%B0%B1%E6%B4%BB%E7%94%9F%40%E5%B7%9D%E6%9D%91%E8%BB%8D%E5%9B%A3" n2="%E6%BC%81%E5%A4%AB%E3%81%AE%E5%88%A9" n3="%68%75%6A%69%68%69%6A%69" dan="15,15,15,14" rate="1991.92,1985.84,1928.82,1918.72" sx="M,M,M,F"/><TAIKYOKU oya="0"/><INIT seed="0,0,0,2,3,90" ten="250,250,250,250" oya="0" hai0="130,114,115,74,60,53,96,62,119,117,20,21,0" hai1="113,70,89,56,108,32,98,50,65,59,38,83,2" hai2="16,67,24,30,133,58,112,6,92,61,43,101,82" hai3="72,57,10,7,17,121,106,95,131,29,55,134,124"/><T111/><D74/><U9/><E38/><V75/><F112/><N who="0" m="43050" /><D0/><U110/><E113/><V129/><F6/><W91/><G106/><T84/><D84/><U11/><E32/><V120/><F120/><W1/><G72/><T125/><D96/><U107/><E107/><V37/><F37/><W122/><G29/><T23/><D53/><U63/><E2/><V5/><F5/><W41/><G41/><T80/><D80/><U31/><E31/><V3/><F3/><W99/><G17/><T44/><D44/><U85/><E98/><V109/><F43/><W116/><G122/><T81/><D81/><U39/><E39/><V77/><F30/><W86/><G121/><T40/><D40/><U97/><E97/><V128/><F133/><W94/><G134/><T118/><D130/><U126/><E126/><V28/><F28/><W79/><G124/><T69/><D125/><U34/><E34/><V103/><F103/><W78/><G131/><T132/><D132/><U8/><REACH who="1" step="1"/><E50/><REACH who="1" ten="250,240,250,250" step="2"/><V135/><F135/><W87/><G116/><T127/><D127/><U4/><E4/><V18/><F129/><W76/><REACH who="3" step="1"/><G95/><REACH who="3" ten="250,240,250,240" step="2"/><T33/><D33/><U36/><E36/><V93/><F128/><W71/><G71/><T13/><D69/><U14/><E14/><V19/><F93/><W104/><G104/><T102/><D13/><U123/><E123/><V15/><F15/><W68/><G68/><T49/><D119/><U27/><E27/><V51/><F24/><W73/><G73/><T35/><D118/><U45/><E45/><V88/><F92/><W25/><G25/><RYUUKYOKU ba="0,2" sc="250,-15,240,15,250,-15,240,15" hai1="8,9,11,56,59,63,65,70,83,85,89,108,110" hai3="1,7,10,55,57,76,78,79,86,87,91,94,99" /><INIT seed="1,1,2,2,5,113" ten="235,255,235,255" oya="1" hai0="114,107,124,16,45,10,36,88,40,128,89,58,76" hai1="86,131,8,99,93,37,68,42,83,112,4,91,24" hai2="97,25,3,60,48,122,105,49,72,123,0,61,119" hai3="125,78,96,2,121,102,75,41,77,26,59,30,29"/><U66/><E112/><V90/><F72/><W115/><G115/><T104/><D114/><U101/><E131/><V120/><F25/><W31/><G121/><T14/><D128/><U67/><E68/><V82/><F82/><W133/><G2/><T79/><D124/><U28/><E42/><V80/><F80/><W51/><G125/><T43/><D43/><U63/><E63/><V18/><F18/><W38/><G38/><T50/><D36/><U57/><E57/><V52/><F97/><W108/><G133/><T106/><REACH who="0" step="1"/><D58/><REACH who="0" ten="225,255,235,255" step="2"/><U117/><E37/><V132/><F123/><W95/><G59/><T92/><D92/><U65/><E117/><V126/><F126/><W7/><G41/><T39/><D39/><U56/><E56/><V110/><F119/><W15/><G51/><T34/><D34/><U5/><REACH who="1" step="1"/><E8/><REACH who="1" ten="225,245,235,255" step="2"/><V73/><F122/><W54/><G54/><T21/><D21/><AGARI ba="1,4" hai="4,5,21,24,28,65,66,67,83,86,91,93,99,101" machi="21" ten="40,12000,1" yaku="1,1,2,1,8,1,53,1" doraHai="113" doraHaiUra="23" who="1" fromWho="0" sc="225,-123,245,163,235,0,255,0" /><INIT seed="1,2,0,4,1,69" ten="102,408,235,255" oya="1" hai0="17,110,127,85,30,21,83,71,5,49,74,94,112" hai1="80,75,92,116,107,99,78,96,46,91,131,117,125" hai2="81,79,133,90,89,53,47,113,42,26,66,119,56" hai3="122,12,37,58,65,41,48,15,120,115,104,29,88"/><U87/><E46/><V84/><F119/><N who="1" m="45641" /><E125/><V128/><F113/><W103/><G115/><T111/><D112/><U7/><E7/><V19/><F133/><W126/><G126/><T121/><D127/><U22/><E22/><V97/><F66/><W16/><G29/><T0/><D30/><U68/><E68/><V9/><F128/><W134/><G134/><T64/><D121/><U34/><E34/><V11/><F97/><N who="1" m="37449" /><E131/><V114/><F114/><W93/><G15/><T135/><D135/><U77/><E77/><V43/><F43/><W60/><G104/><AGARI ba="2,0" hai="75,78,80,87,91,92,104,107" m="37449,45641" machi="104" ten="30,2900,0" yaku="34,2" doraHai="69" who="1" fromWho="3" sc="102,0,408,35,235,0,255,-35" /><INIT seed="1,3,0,3,0,43" ten="102,443,235,220" oya="1" hai0="64,96,31,98,14,75,7,46,49,132,70,60,51" hai1="66,72,118,105,1,128,40,55,25,87,97,2,103" hai2="6,129,33,134,102,117,76,11,12,37,106,34,114" hai3="15,95,9,121,62,4,44,18,8,79,90,83,20"/><U112/><E72/><V54/><F54/><W73/><G121/><T109/><D109/><U65/><E118/><V131/><F76/><W45/><G62/><T56/><D75/><U35/><E112/><V78/><F78/><W24/><REACH who="3" step="1"/><G8/><REACH who="3" ten="102,443,235,210" step="2"/><T71/><D132/><U74/><E65/><V53/><F134/><W84/><AGARI ba="3,1" hai="4,9,15,18,20,24,44,45,73,79,83,84,90,95" machi="84" ten="20,12000,2" yaku="1,1,2,1,0,1,7,1,52,2,53,0" doraHai="43" doraHaiUra="38" who="3" fromWho="3" sc="102,-33,443,-63,235,-33,210,139" /><INIT seed="2,0,0,2,3,29" ten="69,380,202,349" oya="2" hai0="80,22,31,103,0,133,42,67,23,55,77,94,65" hai1="28,100,13,106,114,18,25,30,107,27,91,112,20" hai2="35,110,36,74,62,12,78,73,128,93,108,37,52" hai3="60,40,54,123,71,46,92,84,39,59,76,122,111"/><V104/><F104/><W3/><G3/><T57/><D0/><U98/><E107/><V34/><F128/><W68/><G111/><N who="2" m="42537" /><F93/><W75/><G75/><N who="2" m="28681" /><F78/><W97/><G84/><T17/><D133/><U14/><E14/><V11/><F62/><W134/><G76/><T124/><D124/><U96/><E96/><V126/><F126/><W32/><G134/><T129/><D129/><U56/><E56/><V10/><F52/><W116/><G116/><T117/><D94/><U66/><E66/><V15/><F15/><W8/><G8/><N who="2" m="3113" /><F12/><W113/><G60/><T90/><D103/><U19/><E91/><V115/><F115/><W44/><G113/><T5/><D90/><U81/><E81/><V121/><F121/><W16/><G123/><T120/><D80/><U61/><E61/><V24/><F24/><W53/><G122/><T86/><D77/><U63/><E63/><V69/><F69/><W51/><G92/><T43/><D86/><U58/><E58/><V88/><F88/><W127/><G59/><T26/><D120/><U130/><E130/><V7/><F7/><W99/><G127/><T9/><D117/><U72/><E72/><V49/><F49/><W102/><G51/><T4/><D55/><U119/><E119/><V1/><F1/><W135/><G71/><T38/><D57/><U118/><E118/><V50/><F50/><W85/><G68/><T82/><D82/><U131/><E131/><V41/><F41/><W2/><G40/><T70/><D70/><U64/><E112/><V6/><F6/><W33/><G135/><T105/><D105/><RYUUKYOKU ba="0,0" sc="69,-10,380,-10,202,30,349,-10" hai2="34,35,36,37" /><INIT seed="2,1,0,1,5,105" ten="59,370,232,339" oya="2" hai0="16,117,56,132,72,84,73,77,34,64,106,120,83" hai1="89,39,57,78,19,6,20,85,51,82,38,43,25" hai2="29,88,119,53,97,48,121,79,118,36,61,54,24" hai3="90,28,131,130,116,100,65,42,111,2,67,9,59"/><V133/><F36/><W74/><G116/><T26/><D120/><U49/><E39/><V87/><F121/><W110/><G28/><T31/><D117/><U15/><E38/><V75/><F133/><W50/><G100/><T69/><D132/><U46/><E6/><V10/><F97/><W92/><G74/><T47/><D47/><N who="1" m="25855" /><E57/><V18/><F61/><N who="3" m="38079" /><G67/><T0/><D0/><U3/><E3/><V109/><F109/><N who="3" m="41483" /><G50/><T124/><D124/><U40/><E25/><V11/><F54/><W104/><G42/><T127/><D127/><U80/><E80/><V86/><F119/><W94/><G104/><T93/><D106/><U32/><E32/><V71/><F71/><W101/><G101/><T102/><D69/><U98/><E98/><V128/><F118/><W12/><G2/><T96/><REACH who="0" step="1"/><D16/><REACH who="0" ten="49,370,232,339" step="2"/><U21/><E21/><V126/><F126/><W76/><G76/><AGARI ba="1,1" hai="15,19,20,40,46,51,76,78,82,85,89" m="25855" machi="76" ten="30,1000,0" yaku="8,1" doraHai="105" who="1" fromWho="3" sc="49,0,370,23,232,0,339,-13" /><INIT seed="3,0,0,5,2,2" ten="49,393,232,326" oya="3" hai0="91,12,8,114,9,86,64,87,16,26,14,65,31" hai1="84,5,34,92,99,52,128,88,15,132,17,42,95" hai2="24,0,68,79,37,119,36,133,50,112,20,35,67" hai3="131,110,56,10,39,76,107,71,63,57,116,125,3"/><W78/><G116/><T19/><D114/><U83/><E34/><V44/><F119/><W74/><G107/><T127/><D127/><U118/><E118/><V108/><F35/><W7/><G125/><T61/><D61/><U123/><E123/><V82/><F112/><W120/><G120/><T21/><REACH who="0" step="1"/><D87/><REACH who="0" ten="39,393,232,326" step="2"/><U48/><E128/><V93/><F133/><W6/><G131/><T98/><D98/><U115/><E115/><V73/><F108/><W109/><G71/><T55/><D55/><U53/><E132/><V106/><F68/><W100/><G100/><T80/><AGARI ba="0,1" hai="8,9,12,14,16,19,21,26,31,64,65,80,86,91" machi="80" ten="20,12000,2" yaku="1,1,0,1,7,1,9,1,8,1,54,1,53,0" doraHai="2" doraHaiUra="101" who="0" fromWho="0" sc="39,130,393,-30,232,-30,326,-60" owari="169,-33.0,363,46.0,202,-20.0,266,7.0" /></mjloggm>