<mjloggm ver="2.3"><GO type="97" lobby="0"/><UN n0="%42%65%63%6B%65%74%74" n1="%6F%72%61%6D%69%64%6F" n2="%E8%92%BC%E8%99%8E" n3="%E5%B0%B1%E6%B4%BB%E7%94%9F%40%E5%B7%9D%E6%9D%91%E8%BB%8D%E5%9B%A3" dan="13,13,14,15" rate="1857.18,1883.58,1910.41,1957.90" sx="M,M,M,M"/><TAIKYOKU oya="0"/><INIT seed="0,0,0,0,5,81" ten="250,250,250,250" oya="0" hai0="28,68,127,37,40,29,33,97,51,64,42,134,35" hai1="20,99,30,19,46,70,17,61,135,5,52,45,58" hai2="49,80,66,59,65,101,88,96,11,0,67,76,44" hai3="62,1,128,13,27,39,79,31,115,23,78,48,111"/><T41/><D37/><U73/><E73/><V25/><F25/><W89/><G39/><T121/><D121/><U123/><E123/><V106/><F0/><W60/><G1/><T100/><D134/><U85/><E135/><V7/><F59/><W87/><G115/><T126/><D64/><U107/><E5/><V77/><F7/><W94/><G128/><T21/><D68/><U50/><E30/><N who="0" m="11881" /><D21/><U103/><E19/><V110/><F11/><W69/><G111/><T129/><D51/><U36/><E36/><V24/><F24/><W105/><G105/><T14/><D14/><U83/><E70/><V119/><F119/><W118/><G118/><T98/><D100/><U4/><E4/><V26/><F26/><W95/><G13/><T56/><D56/><U43/><E46/><V130/><F130/><W71/><G71/><T108/><D129/><U55/><E55/><V74/><F110/><W122/><G122/><T131/><D131/><U116/><E116/><V82/><F67/><W90/><G48/><T72/><D72/><U3/><E3/><V133/><F133/><W124/><G124/><N who="0" m="47659" /><D108/><U54/><E54/><V32/><F32/><AGARI ba="0,0" hai="32,33,35,40,41,42,97,98" m="47659,11881" machi="32" ten="40,7700,0" yaku="28,2,18,1" doraHai="81" who="0" fromWho="2" sc="250,77,250,0,250,-77,250,0" /><INIT seed="0,1,0,5,5,29" ten="327,250,173,250" oya="0" hai0="111,30,60,107,11,37,110,62,129,83,95,92,91" hai1="125,52,15,119,28,118,16,128,12,121,33,27,77" hai2="105,23,17,39,20,19,43,10,112,76,70,63,21" hai3="74,57,99,14,22,108,131,97,123,126,34,69,6"/><T38/><D107/><U41/><E121/><V87/><F105/><W31/><G69/><T132/><D11/><U81/><E125/><V32/><F112/><W68/><G68/><T67/><D83/><U5/><E128/><V100/><F100/><W79/><G123/><T44/><D44/><U86/><E12/><V115/><F115/><W42/><G126/><T103/><D103/><U134/><E134/><V116/><F116/><W9/><G131/><T40/><D40/><U73/><E73/><V59/><F70/><W3/><G108/><N who="0" m="41515" /><D129/><U58/><E41/><V82/><F43/><W124/><G42/><T66/><D30/><U88/><E5/><V85/><F39/><N who="0" m="14858" /><D132/><U96/><E96/><V101/><F101/><W24/><G124/><T55/><D55/><U13/><E13/><V84/><F10/><W104/><G104/><T109/><N who="0" m="41523" /><T98/><DORA hai="135" /><D95/><U49/><E77/><V51/><F51/><W35/><G79/><T75/><D75/><U122/><E122/><V54/><REACH who="2" step="1"/><F32/><REACH who="2" ten="327,250,163,250" step="2"/><W89/><G35/><T114/><D114/><U48/><E48/><V102/><F102/><W130/><G130/><T2/><D2/><U120/><E120/><V106/><F106/><W133/><G34/><T71/><D71/><U36/><E36/><V113/><F113/><W72/><G3/><T26/><D26/><U46/><E58/><V45/><F45/><W65/><G57/><T25/><D25/><U93/><E93/><V78/><F78/><W117/><G133/><T127/><D127/><U50/><E50/><V80/><F80/><W94/><G24/><RYUUKYOKU ba="1,1" sc="327,10,250,10,163,10,250,-30" hai0="60,62,66,67,91,92,98" hai1="15,16,27,28,33,46,49,52,81,86,88,118,119" hai2="17,19,20,21,23,54,59,63,76,82,84,85,87" /><INIT seed="0,2,1,4,2,23" ten="337,260,173,220" oya="0" hai0="6,112,41,106,63,14,0,71,94,44,65,95,88" hai1="25,57,130,115,64,51,78,15,26,81,127,74,120" hai2="34,10,30,16,17,109,3,22,114,4,55,124,7" hai3="129,56,62,72,40,123,107,33,134,29,52,54,59"/><T75/><D106/><U104/><E120/><V53/><F114/><W96/><G72/><T39/><D112/><U27/><E115/><V135/><F55/><W46/><G123/><T87/><D0/><U67/><E104/><V32/><F53/><W66/><G129/><T90/><D75/><U121/><E121/><V82/><F82/><W48/><G134/><T12/><REACH who="0" step="1"/><D6/><REACH who="0" ten="327,260,173,220" step="2"/><U1/><E1/><V105/><F105/><W91/><G107/><T118/><D118/><U119/><E119/><V117/><F117/><W80/><G56/><T35/><D35/><U50/><E130/><V77/><F7/><W116/><G116/><T100/><D100/><U20/><E127/><V43/><F124/><W128/><G128/><T125/><D125/><U98/><E57/><V132/><F34/><W58/><G58/><T111/><D111/><U76/><E74/><V97/><F109/><W131/><G131/><T11/><D11/><U110/><E110/><V84/><F32/><W103/><G103/><T31/><D31/><U86/><E98/><AGARI ba="2,2" hai="12,14,39,41,44,63,65,71,87,88,90,94,95,98" machi="98" ten="30,11600,0" yaku="1,1,7,1,54,1,53,1" doraHai="23" doraHaiUra="60" who="0" fromWho="1" sc="327,142,260,-122,173,0,220,0" /><INIT seed="0,3,0,1,0,118" ten="469,138,173,220" oya="0" hai0="70,21,77,22,131,117,107,31,100,6,128,95,76" hai1="29,90,5,38,10,55,43,14,130,59,12,119,28" hai2="72,123,8,37,46,84,124,50,66,98,129,82,52" hai3="16,40,127,7,85,109,17,13,113,102,68,9,92"/><T104/><D117/><U112/><E119/><V110/><F110/><W58/><G113/><T81/><D70/><U86/><E112/><V64/><F129/><N who="0" m="49738" /><D6/><U34/><E130/><V63/><F124/><W19/><G68/><T32/><D32/><U121/><E121/><V36/><F123/><W49/><G127/><T3/><D3/><U35/><E14/><V69/><F72/><W67/><G109/><T33/><D33/><U23/><E23/><N who="0" m="8713" /><D31/><U26/><E43/><V75/><F75/><W132/><G132/><T79/><D81/><U133/><E133/><V42/><F66/><W91/><G102/><T88/><D100/><U20/><E38/><V120/><F120/><W51/><G40/><T27/><D27/><U116/><E29/><V111/><F111/><W96/><G96/><AGARI ba="3,0" hai="76,77,79,88,95,96,104,107" m="8713,49738" machi="96" ten="30,2900,0" yaku="19,1,54,1" doraHai="118" who="0" fromWho="3" sc="469,38,138,0,173,0,220,-38" /><INIT seed="0,4,0,4,1,112" ten="507,138,173,182" oya="0" hai0="11,125,102,78,128,108,99,75,100,31,91,49,40" hai1="116,26,81,69,122,80,59,23,133,82,63,92,118" hai2="120,16,87,126,9,74,48,134,121,64,34,22,103" hai3="113,127,51,109,131,55,56,62,66,37,71,61,32"/><T94/><D31/><U15/><E69/><V124/><F34/><W30/><G32/><T97/><D128/><U24/><E122/><V101/><F74/><W28/><G37/><T65/><D65/><U104/><E104/><V8/><F64/><W96/><G113/><T135/><D11/><N who="2" m="4170" /><F48/><W19/><G131/><T0/><D0/><U1/><E1/><V33/><F87/><W45/><G127/><N who="2" m="48681" /><F33/><W13/><G96/><T27/><D27/><U73/><E73/><V93/><F93/><W88/><G88/><T60/><D60/><U132/><E15/><N who="2" m="9503" /><F134/><N who="1" m="51817" /><E92/><V85/><F85/><W114/><G114/><T79/><D49/><U46/><E46/><V3/><F3/><W36/><G36/><T106/><D40/><U38/><E38/><V105/><F105/><W111/><G62/><T53/><D53/><N who="1" m="34287" /><E23/><V110/><F110/><N who="3" m="41995" /><G71/><T84/><D125/><U83/><N who="1" m="20992" /><DORA hai="54" /><U70/><E70/><V90/><F90/><W6/><G6/><T25/><D25/><AGARI ba="4,0" hai="24,25,26,116,118" m="20992,34287,51817" machi="25" ten="50,8000,1" yaku="20,1,52,3" doraHai="112,54" who="1" fromWho="0" sc="507,-92,138,92,173,0,182,0" /><INIT seed="1,0,0,2,4,67" ten="415,230,173,182" oya="1" hai0="114,34,52,29,19,55,5,85,92,56,77,46,126" hai1="70,37,98,9,63,18,79,93,44,83,4,14,135" hai2="132,90,3,32,8,47,38,51,89,73,23,115,24" hai3="102,130,116,43,36,59,128,101,107,123,49,131,66"/><U76/><E135/><V109/><F132/><W72/><G72/><T108/><D114/><U81/><E37/><V71/><F115/><W17/><G123/><T33/><D126/><U27/><E44/><V30/><F73/><W6/><G116/><T48/><D5/><U21/><E63/><V53/><F109/><W12/><G6/><T91/><D77/><N who="1" m="29771" /><E70/><V41/><F32/><W1/><G1/><T111/><D19/><U94/><E94/><V124/><F124/><W45/><G107/><T96/><D96/><U84/><E84/><V122/><F122/><W120/><G120/><T20/><D20/><U16/><E18/><V13/><F3/><W105/><G105/><T110/><D29/><U35/><E35/><V112/><F112/><W58/><G58/><T42/><REACH who="0" step="1"/><D55/><REACH who="0" ten="405,230,173,182" step="2"/><U7/><E7/><V57/><REACH who="2" step="1"/><F71/><REACH who="2" ten="405,230,163,182" step="2"/><W10/><REACH who="3" step="1"/><G66/><REACH who="3" ten="405,230,163,172" step="2"/><T25/><D25/><U68/><E68/><V100/><F100/><AGARI ba="0,3" hai="4,9,14,16,21,27,81,83,93,98,100" m="29771" machi="100" ten="30,2900,0" yaku="8,1,54,1" doraHai="67" who="1" fromWho="2" sc="405,0,230,59,163,-29,172,0" /><INIT seed="1,1,0,1,4,15" ten="405,289,134,172" oya="1" hai0="39,0,110,104,106,86,87,55,35,2,47,79,88" hai1="18,40,111,114,49,80,92,112,46,133,53,5,91" hai2="132,81,108,12,1,58,24,126,51,61,90,102,60" hai3="33,28,124,77,89,50,25,3,26,42,78,44,84"/><U122/><E122/><V11/><F1/><W38/><G124/><T63/><D35/><U19/><E80/><V59/><F126/><W130/><G130/><T96/><D110/><U7/><E111/><V75/><F108/><W95/><G3/><T16/><D96/><U23/><E133/><V54/><F132/><W41/><G41/><T127/><D127/><U34/><E34/><V66/><F102/><W120/><G120/><T67/><D39/><U20/><E40/><V71/><F24/><W57/><REACH who="3" step="1"/><G26/><REACH who="3" ten="405,289,134,162" step="2"/><T116/><D116/><U72/><E114/><V99/><F75/><W70/><G70/><T48/><D79/><U21/><E72/><V31/><F31/><W121/><G121/><T62/><D62/><U134/><E112/><V22/><F61/><W64/><G64/><T45/><D45/><U135/><E135/><V94/><F81/><W105/><G105/><T85/><D104/><U36/><E134/><V97/><F71/><W76/><G76/><T68/><D106/><U69/><E69/><V103/><F103/><W43/><G43/><T115/><D2/><U101/><E101/><V118/><F118/><W9/><G9/><T123/><D0/><U4/><E36/><V129/><F129/><W109/><G109/><T27/><D27/><U131/><E131/><V128/><F128/><W14/><G14/><T6/><D123/><U93/><E91/><V56/><F11/><W74/><G74/><T13/><D88/><U107/><E107/><V37/><F37/><W29/><G29/><T98/><D68/><U30/><E30/><V83/><F83/><RYUUKYOKU ba="1,1" sc="405,-15,289,15,134,-15,162,15" hai1="4,5,7,18,19,20,21,23,46,49,53,92,93" hai3="25,28,33,38,42,44,50,57,77,78,84,89,95" /><INIT seed="1,2,1,5,5,109" ten="390,304,119,177" oya="1" hai0="97,82,20,13,78,122,32,125,132,65,83,93,16" hai1="30,18,41,102,60,77,45,108,12,73,17,104,110" hai2="58,114,100,5,52,47,40,15,54,119,71,56,0" hai3="74,105,89,126,129,135,37,117,72,11,94,92,57"/><U49/><E30/><V36/><F100/><W68/><G68/><T14/><D32/><U70/><E12/><V21/><F0/><W46/><G105/><T8/><D122/><U130/><E130/><V101/><F101/><W48/><G117/><T84/><D65/><N who="1" m="41255" /><E102/><V121/><F5/><W69/><G69/><T64/><D64/><U113/><E104/><V25/><F15/><W106/><G106/><T33/><D33/><U76/><E113/><V61/><F121/><W95/><G129/><T66/><D66/><U27/><E27/><V24/><F119/><W123/><G123/><T116/><D116/><U3/><E3/><V44/><F71/><W29/><G37/><T90/><D132/><U124/><E124/><V34/><F47/><W98/><G135/><T67/><D67/><U55/><E41/><V35/><F114/><W63/><G126/><T85/><D125/><U80/><E76/><V118/><F25/><W23/><G74/><T88/><D8/><U51/><E49/><V99/><F99/><W81/><G72/><T75/><D75/><U6/><E6/><V53/><F118/><W4/><G23/><T1/><D1/><U128/><E128/><V127/><F127/><W103/><G29/><T87/><D87/><U96/><E96/><V22/><F22/><W111/><G111/><AGARI ba="2,1" hai="17,18,45,51,55,73,77,80,108,110,111" m="41255" machi="111" ten="30,2900,0" yaku="14,1,10,1" doraHai="109" who="1" fromWho="3" sc="390,0,304,45,119,0,177,-35" /><INIT seed="1,3,0,2,1,3" ten="390,349,119,142" oya="1" hai0="69,123,44,134,111,75,90,52,101,18,21,7,54" hai1="97,30,9,62,60,14,72,108,117,67,22,49,96" hai2="93,0,42,27,46,32,94,116,83,24,19,78,120" hai3="89,35,115,37,5,12,119,38,63,53,11,99,124"/><U2/><E72/><V81/><F120/><W20/><G35/><T68/><D123/><U104/><E117/><V84/><F116/><W105/><G115/><T73/><D101/><U100/><E108/><V10/><F27/><W77/><G119/><T114/><D111/><U29/><E97/><V65/><F65/><W23/><G124/><T106/><D106/><U85/><E49/><V50/><F32/><W51/><G77/><T34/><D34/><U15/><E62/><V91/><F24/><W25/><G23/><T80/><D114/><U82/><E2/><V36/><F50/><W92/><G105/><T122/><D122/><U17/><E22/><V59/><F59/><W47/><REACH who="3" step="1"/><G63/><REACH who="3" ten="390,349,119,132" step="2"/><T76/><D73/><U56/><E14/><V4/><F19/><AGARI ba="3,1" hai="5,11,12,19,20,25,37,38,47,51,53,89,92,99" machi="19" ten="30,7700,0" yaku="1,1,2,1,7,1,52,1,53,0" doraHai="3" doraHaiUra="26" who="3" fromWho="2" sc="390,0,349,0,119,-86,132,96" /><INIT seed="2,0,0,3,4,59" ten="390,349,33,228" oya="2" hai0="24,110,8,118,57,120,9,119,35,22,101,56,3" hai1="93,1,88,63,46,64,117,98,123,12,130,27,97" hai2="71,2,106,45,42,29,55,34,104,100,109,126,113" hai3="17,69,52,38,76,112,68,102,81,87,54,75,114"/><V129/><F113/><N who="3" m="43627" /><G38/><T86/><D120/><U30/><E117/><N who="0" m="44553" /><D35/><U47/><E1/><V85/><F2/><W26/><G102/><T15/><D101/><U11/><E98/><N who="2" m="61463" /><F71/><N who="3" m="27211" /><G75/><T111/><D86/><U16/><E130/><V4/><F4/><W39/><G39/><T78/><D78/><U99/><E99/><V37/><F106/><W51/><G51/><T82/><D82/><U14/><E14/><V31/><F85/><W73/><G73/><T70/><D70/><U74/><E74/><V5/><F5/><W115/><N who="3" m="43635" /><W132/><DORA hai="91" /><G132/><T107/><D107/><U36/><E36/><V105/><F105/><W40/><G40/><T67/><D67/><U61/><E123/><V21/><F55/><W0/><G0/><T58/><D3/><U60/><REACH who="1" step="1"/><E64/><REACH who="1" ten="390,339,33,228" step="2"/><V13/><F34/><AGARI ba="0,1" hai="11,12,16,27,30,34,46,47,60,61,63,88,93,97" machi="34" ten="40,16000,3" yaku="1,1,2,1,52,4,54,2,53,1" doraHai="59,91" doraHaiUra="18,23" who="1" fromWho="2" sc="390,0,339,170,33,-160,228,0" owari="390,19.0,509,61.0,-127,-63.0,228,-17.0" /></mjloggm>