<mjloggm ver="2.3"><GO type="97" lobby="0"/><UN n0="%E3%83%91%E3%83%91%E3%82%B9%EF%BC%A0%E5%B7%9D%E6%9D%91%E8%BB%8D%E5%9B%A3" n1="%E3%83%88%E3%83%88%E3%83%AA%E5%85%88%E7%94%9F%31%39%E6%AD%B3" n2="%E3%81%A7%E3%81%8B%E3%81%B0%E3%81%A4" n3="%E3%81%A0%E3%82%81%E3%81%98%E3%82%83%E3%82%93%E3%83%BB%C2%B4%CF%89" dan="14,15,13,15" rate="1988.95,2037.37,1862.60,1992.04" sx="M,F,M,F"/><TAIKYOKU oya="0"/><INIT seed="0,0,0,0,3,30" ten="250,250,250,250" oya="0" hai0="109,96,120,61,124,17,28,44,70,6,125,47,55" hai1="63,29,21,81,114,25,132,56,2,71,86,79,16" hai2="62,31,15,41,40,75,105,129,10,92,52,100,35" hai3="34,20,126,111,130,121,8,128,66,18,49,11,46"/><T5/><D120/><U64/><E132/><V73/><F73/><W102/><G66/><T1/><D109/><U108/><E108/><V33/><F33/><W118/><G102/><T115/><D115/><U22/><E114/><V43/><F129/><N who="3" m="49771" /><G111/><T84/><D28/><U50/><E2/><V83/><F105/><W42/><G118/><T45/><D96/><U123/><E123/><V104/><F104/><W101/><G126/><N who="0" m="48747" /><D17/><U67/><E50/><V36/><F36/><W27/><G101/><T117/><D117/><U131/><E131/><V103/><F75/><W82/><G82/><T3/><D84/><U110/><E110/><V89/><F83/><W48/><G121/><T59/><D70/><U32/><E22/><V90/><F31/><N who="3" m="19839" /><G48/><T23/><D23/><U107/><E107/><V65/><F35/><W87/><G87/><T94/><D94/><U9/><E71/><V135/><F135/><W57/><G57/><T53/><D55/><N who="1" m="34207" /><E32/><V24/><F65/><W85/><G85/><T72/><D72/><U112/><E112/><V80/><F80/><W26/><AGARI ba="0,0" hai="8,11,18,20,26,42,46,49" m="19839,49771" machi="26" ten="30,2000,0" yaku="19,1,52,1" doraHai="30" who="3" fromWho="3" sc="250,-10,250,-5,250,-5,250,20" /><INIT seed="1,0,0,1,0,54" ten="240,245,245,270" oya="1" hai0="50,21,122,117,61,8,10,46,3,119,55,66,130" hai1="118,75,56,72,73,27,11,94,125,92,23,113,43" hai2="129,127,90,126,131,68,60,108,16,115,35,40,4" hai3="20,82,5,53,33,91,37,12,67,123,107,88,13"/><U133/><E113/><V63/><F35/><W41/><G33/><T84/><D130/><N who="2" m="49674" /><F108/><W26/><G107/><T99/><D122/><U134/><E118/><V34/><F34/><W85/><G67/><T22/><D119/><U95/><E43/><V69/><F4/><W48/><G41/><T87/><D117/><U121/><E121/><V58/><F115/><W86/><G37/><T2/><D99/><U89/><E11/><N who="0" m="4137" /><D2/><U18/><E125/><N who="2" m="47627" /><F90/><W29/><G5/><T111/><D3/><U100/><E100/><V62/><F16/><W28/><G29/><T114/><D114/><U15/><E15/><V6/><F40/><W31/><G31/><T104/><D104/><U17/><E17/><V76/><F6/><W110/><G110/><T39/><D111/><U83/><E89/><V47/><F47/><N who="3" m="27807" /><G123/><T120/><D120/><U64/><REACH who="1" step="1"/><E83/><AGARI ba="0,0" hai="12,13,20,26,28,82,83,85,86,88,91" m="27807" machi="83" ten="30,2000,0" yaku="8,1,54,1" doraHai="54" who="3" fromWho="1" sc="240,0,245,-20,245,0,270,20" /><INIT seed="2,0,0,0,0,12" ten="240,225,245,290" oya="2" hai0="77,102,70,117,7,119,50,11,3,33,82,41,131" hai1="109,16,78,107,72,98,69,115,61,10,122,135,123" hai2="68,110,24,112,30,60,18,51,58,67,83,121,5" hai3="91,35,124,49,81,45,92,55,9,80,1,96,29"/><V54/><F54/><W4/><REACH who="3" step="1"/><G124/><REACH who="3" ten="240,225,245,280" step="2"/><T88/><D131/><U104/><E122/><V26/><F121/><W62/><G62/><T8/><D70/><U128/><E123/><V56/><F112/><W46/><G46/><N who="0" m="25935" /><D33/><U64/><E115/><V38/><F110/><W48/><G48/><T86/><D102/><U19/><E109/><V76/><F51/><W31/><G31/><T73/><D8/><U130/><E10/><V25/><F38/><W14/><G14/><T28/><D28/><U21/><E130/><V111/><F111/><W108/><G108/><T103/><D103/><U13/><E128/><V44/><F30/><W132/><G132/><T89/><D73/><U17/><E135/><V59/><F5/><W126/><G126/><T99/><D99/><U125/><E125/><V74/><F74/><W106/><G106/><T114/><D114/><U93/><E104/><V40/><F18/><W129/><G129/><T120/><D120/><U90/><REACH who="1" step="1"/><E107/><REACH who="1" ten="240,215,245,280" step="2"/><V113/><F113/><W2/><G2/><T94/><D3/><U37/><E37/><V133/><F133/><W118/><G118/><T43/><D11/><U53/><E53/><V6/><F6/><W75/><G75/><T97/><D7/><U100/><E100/><V101/><F101/><W27/><AGARI ba="0,2" hai="1,4,9,27,29,35,45,49,55,80,81,91,92,96" machi="27" ten="30,7900,0" yaku="21,2,0,1,53,1" doraHai="12" doraHaiUra="34" who="3" fromWho="3" sc="240,-20,215,-20,245,-39,280,99" /><INIT seed="3,0,0,2,2,93" ten="220,195,206,379" oya="3" hai0="85,69,115,66,43,64,27,55,63,109,101,105,114" hai1="113,58,120,74,34,49,10,78,18,12,98,54,133" hai2="82,35,23,57,126,73,118,103,123,47,88,71,50" hai3="28,39,131,111,40,42,104,94,36,14,84,5,29"/><W13/><G104/><T26/><D109/><U38/><E113/><N who="0" m="43017" /><D43/><U0/><E120/><V128/><F123/><W53/><G94/><T77/><D66/><U90/><E38/><V65/><F118/><W83/><G53/><T25/><D55/><N who="1" m="32111" /><E74/><V108/><F108/><W60/><G84/><T80/><D101/><U44/><E34/><V96/><F35/><W89/><G89/><T2/><D2/><U31/><E0/><V127/><F128/><W32/><G32/><T92/><D92/><N who="1" m="56599" /><E133/><V20/><F71/><W19/><G19/><T76/><D105/><U41/><E78/><AGARI ba="0,0" hai="25,26,27,63,64,69,76,77,78,80,85" m="43017" machi="78" ten="30,1000,0" yaku="11,1" doraHai="93" who="0" fromWho="1" sc="220,10,195,-10,206,0,379,0" owari="230,3.0,185,-31.0,206,-19.0,379,47.0" /></mjloggm>