<mjloggm ver="2.3"><GO type="41" lobby="0"/><UN n0="%E6%9C%88%E5%85%89%E3%83%91%E3%83%A9%E3%82%AA" n1="%E5%B0%B1%E6%B4%BB%E7%94%9F%40%E5%B7%9D%E6%9D%91%E8%BB%8D%E5%9B%A3" n2="%E3%81%AA%E3%82%93%E3%81%A7%E3%82%82%E3%83%8A%E3%83%BC%E3%83%9F%E3%83%B3" n3="%52%65%79%65%73" dan="14,16,15,13" rate="1923.56,2098.39,2037.69,1985.52" sx="F,M,M,M"/><TAIKYOKU oya="0"/><INIT seed="0,0,0,0,1,39" ten="250,250,250,250" oya="0" hai0="99,12,133,121,67,52,122,75,40,3,46,94,15" hai1="124,43,134,113,45,18,63,72,54,20,34,96,62" hai2="116,14,69,22,89,2,71,110,28,86,21,77,56" hai3="42,38,90,74,7,31,23,93,9,27,4,91,103"/><T57/><D3/><U131/><E34/><V126/><F2/><W1/><G74/><T5/><D75/><U80/><E113/><V8/><F126/><W65/><G7/><T79/><D79/><U37/><E124/><V115/><F115/><W33/><G65/><T25/><D133/><U10/><E134/><V66/><F77/><W58/><G58/><T51/><D25/><U108/><E108/><V114/><F110/><W73/><G73/><T135/><D135/><U128/><E10/><V13/><F114/><W49/><G38/><T98/><D98/><U64/><E96/><V118/><F56/><W0/><G0/><T127/><D127/><U16/><E54/><V70/><F66/><W47/><REACH who="3" step="1"/><G33/><REACH who="3" ten="250,250,250,240" step="2"/><T82/><D67/><U59/><E63/><V95/><F118/><W55/><G55/><T132/><D132/><U92/><E72/><V50/><F116/><W130/><G130/><T24/><D5/><U17/><E128/><V32/><F32/><W101/><G101/><T125/><D125/><U100/><E131/><V76/><F50/><W81/><G81/><T30/><D82/><U119/><E80/><V78/><F70/><W88/><G88/><T61/><D15/><U85/><E119/><V123/><F76/><W6/><G6/><T87/><D12/><U104/><E100/><V83/><F71/><W26/><G26/><T105/><D24/><U53/><E64/><V120/><F69/><W36/><G36/><T48/><D57/><U60/><E60/><V117/><F117/><W11/><G11/><T97/><D61/><U29/><E62/><RYUUKYOKU ba="0,1" sc="250,-10,250,-10,250,-10,240,30" hai3="1,4,9,23,27,31,42,47,49,90,91,93,103" /><INIT seed="1,1,1,1,4,118" ten="240,240,240,270" oya="1" hai0="117,93,34,53,132,82,128,124,39,63,46,80,126" hai1="37,43,2,57,105,65,50,102,74,42,48,96,7" hai2="101,130,99,29,22,28,71,13,122,12,45,129,103" hai3="61,89,40,19,86,92,17,67,79,83,47,112,119"/><U87/><E74/><V125/><F71/><W51/><G119/><T133/><D34/><U27/><E37/><V11/><F99/><W23/><G23/><T25/><D117/><U6/><E27/><V104/><F22/><W127/><G127/><T111/><D25/><U95/><E105/><V69/><F125/><N who="0" m="48234" /><D39/><U76/><E2/><V1/><F69/><W20/><G20/><T3/><D3/><U10/><E65/><V106/><F1/><W54/><G40/><N who="1" m="15402" /><E10/><V120/><REACH who="2" step="1"/><F45/><REACH who="2" ten="240,240,230,270" step="2"/><W77/><G112/><T59/><D46/><U88/><E57/><V21/><F21/><W8/><G8/><AGARI ba="1,2" hai="8,11,12,13,28,29,101,103,104,106,120,122,129,130" machi="8" ten="25,8000,1" yaku="1,1,22,2,52,2,53,0" doraHai="118" doraHaiUra="49" who="2" fromWho="3" sc="240,0,240,0,230,103,270,-83" /><INIT seed="2,0,0,3,2,44" ten="240,240,333,187" oya="2" hai0="104,14,133,30,100,108,19,84,29,79,67,31,97" hai1="93,38,110,90,123,4,135,127,20,26,128,69,62" hai2="101,10,64,41,35,87,114,92,109,12,21,126,60" hai3="99,116,106,52,103,91,6,117,0,75,3,95,13"/><V22/><F35/><W120/><G120/><T57/><D133/><U7/><E38/><V119/><F119/><W23/><G75/><T24/><D108/><U25/><E123/><V49/><F114/><W78/><G78/><T89/><D79/><U61/><E135/><V85/><F109/><W74/><G74/><T5/><D5/><U40/><E40/><V50/><F126/><W73/><G73/><T42/><D42/><U17/><E110/><V113/><F41/><W58/><G0/><T94/><D67/><U105/><E105/><V72/><F72/><W115/><G3/><T70/><D70/><U88/><E127/><V107/><F107/><W51/><G115/><T102/><D100/><U39/><E39/><V121/><F113/><W122/><G122/><T43/><D43/><U15/><E128/><V56/><F121/><W9/><REACH who="3" step="1"/><G23/><REACH who="3" ten="240,240,333,177" step="2"/><N who="2" m="8713" /><F87/><AGARI ba="0,1" hai="6,9,13,51,52,58,87,91,95,99,103,106,116,117" machi="87" ten="30,7700,0" yaku="1,1,7,1,52,1,54,1,53,0" doraHai="44" doraHaiUra="37" who="3" fromWho="2" sc="240,0,240,0,333,-77,177,87" /><INIT seed="3,0,0,4,3,67" ten="240,240,256,264" oya="3" hai0="135,83,10,13,134,25,42,7,78,108,9,96,91" hai1="127,126,26,46,63,88,30,121,14,58,105,79,90" hai2="32,68,15,85,64,73,20,106,28,23,31,33,104" hai3="48,12,1,87,111,62,103,41,19,53,70,81,52"/><W128/><G1/><T84/><D108/><U45/><E105/><V55/><F73/><W50/><G128/><T95/><D42/><U16/><E121/><V56/><F64/><W113/><G113/><T114/><D114/><U120/><E79/><V101/><F85/><W4/><G4/><T51/><D51/><U74/><E74/><V61/><F15/><W100/><G41/><T36/><D36/><U99/><E46/><V107/><F101/><W49/><G111/><T109/><D109/><U5/><E5/><V21/><REACH who="2" step="1"/><F68/><REACH who="2" ten="240,240,246,264" step="2"/><W60/><G70/><T119/><D119/><U24/><E120/><V133/><F133/><W115/><G115/><T110/><D110/><U124/><E45/><V0/><F0/><W94/><G103/><T98/><D135/><U59/><E99/><V72/><F72/><W17/><G100/><T54/><D98/><U35/><E26/><V71/><F71/><W123/><G123/><T37/><D134/><U112/><E112/><V82/><F82/><W75/><G75/><T131/><D25/><U132/><E132/><V44/><F44/><W57/><G81/><T116/><D96/><U65/><E59/><V40/><F40/><W29/><G12/><T92/><D84/><U47/><E47/><V11/><F11/><AGARI ba="0,1" hai="11,14,16,24,30,35,58,63,65,88,90,124,126,127" machi="11" ten="40,5200,0" yaku="18,1,54,2" doraHai="67" who="1" fromWho="2" sc="240,0,240,62,246,-52,264,0" /><INIT seed="4,0,0,0,4,84" ten="240,302,194,264" oya="0" hai0="12,64,29,14,110,17,133,20,66,120,9,90,76" hai1="3,58,57,128,4,46,107,62,125,56,81,39,59" hai2="67,114,92,8,77,55,10,118,127,11,47,34,32" hai3="13,61,40,0,126,122,78,43,134,30,115,28,69"/><T52/><D120/><U75/><E107/><V121/><F121/><W48/><G0/><T87/><D133/><U37/><E125/><V5/><F77/><W97/><G122/><T117/><D117/><U60/><E128/><V135/><F127/><W31/><G126/><T1/><D1/><U2/><E4/><V129/><F135/><W108/><G108/><T25/><D110/><U15/><E15/><V33/><F5/><W45/><G115/><T73/><D76/><U51/><E81/><V113/><F67/><W54/><G78/><T102/><D102/><U96/><E96/><V123/><F123/><W112/><G112/><N who="2" m="43113" /><F129/><W42/><G134/><T98/><D98/><U94/><E94/><V19/><F92/><W95/><G13/><T24/><D73/><U100/><E100/><V103/><F103/><N who="3" m="60863" /><G69/><T72/><D72/><U26/><E26/><V23/><F55/><W35/><G35/><N who="2" m="8961" /><V83/><DORA hai="99" /><F47/><W36/><G36/><N who="1" m="13898" /><E75/><V79/><F83/><W80/><G80/><N who="0" m="49511" /><D25/><U74/><E74/><V106/><F106/><W7/><G7/><T21/><D9/><N who="2" m="2306" /><V71/><DORA hai="63" /><F71/><W91/><G91/><T16/><D24/><U70/><E3/><V86/><F86/><W132/><G132/><T22/><D66/><N who="1" m="41287" /><E2/><V109/><F79/><W116/><G116/><T82/><D82/><U53/><E59/><AGARI ba="0,0" hai="28,30,31,40,42,43,45,48,54,59,61" m="60863" machi="59" ten="30,2000,0" yaku="8,1,52,1" doraHai="84,99,63" who="3" fromWho="1" sc="240,0,302,-20,194,0,264,20" /><INIT seed="5,0,0,1,2,11" ten="240,282,194,284" oya="1" hai0="28,77,72,119,8,42,101,47,84,123,99,107,57" hai1="2,59,98,131,53,130,6,125,76,35,46,30,82" hai2="66,132,71,45,14,50,36,105,69,126,54,128,27" hai3="62,26,49,16,102,5,94,95,56,111,58,39,9"/><U79/><E125/><V32/><F126/><W78/><G39/><T19/><D119/><U129/><E46/><V24/><F132/><W88/><G78/><T44/><D123/><U73/><E76/><V104/><F128/><W80/><G111/><T120/><D120/><U89/><E35/><V12/><F36/><W106/><G106/><T86/><D44/><U43/><E43/><V52/><F45/><W23/><G102/><T22/><D57/><U116/><E116/><V60/><F60/><W10/><G80/><T68/><D68/><U7/><E30/><V75/><F66/><W97/><G49/><T15/><D28/><U17/><E17/><V103/><F103/><N who="3" m="60855" /><G5/><T29/><D29/><U34/><E34/><V74/><REACH who="2" step="1"/><F32/><REACH who="2" ten="240,282,184,284" step="2"/><W135/><G135/><T134/><D134/><U51/><E2/><V117/><F117/><W85/><G58/><T121/><D121/><U118/><E118/><V108/><F108/><W112/><G112/><T133/><D133/><U90/><E90/><V48/><AGARI ba="0,1" hai="12,14,24,27,48,50,52,54,69,71,74,75,104,105" machi="48" ten="25,16000,3" yaku="1,1,0,1,22,2,52,2,54,1,53,2" doraHai="11" doraHaiUra="67" who="2" fromWho="2" sc="240,-40,282,-80,184,170,284,-40" /><INIT seed="6,0,0,1,4,80" ten="200,202,354,244" oya="2" hai0="26,42,124,48,84,15,106,24,105,128,38,30,37" hai1="115,130,74,101,104,16,66,23,3,107,6,123,8" hai2="108,83,54,68,20,57,71,10,67,51,65,114,78" hai3="73,117,19,22,60,79,70,118,99,96,4,91,109"/><V92/><F114/><W50/><G73/><T111/><D111/><U36/><E36/><V127/><F108/><W88/><G109/><T125/><D38/><U62/><E74/><V9/><F127/><N who="0" m="48714" /><D37/><U21/><E123/><V43/><F43/><W47/><G79/><T113/><D113/><U77/><E115/><V75/><F68/><W81/><G4/><T100/><D100/><U72/><E130/><V93/><F20/><W59/><G70/><T53/><D42/><U61/><E23/><V134/><F134/><W103/><G103/><T135/><D26/><U39/><E39/><V33/><F33/><W121/><G121/><T12/><D135/><U122/><E122/><V98/><F93/><W49/><G118/><T41/><D41/><U14/><E62/><V17/><F17/><W11/><G11/><T102/><D102/><U45/><E45/><V126/><F126/><W58/><G117/><T29/><D29/><U82/><E101/><N who="2" m="60615" /><F71/><AGARI ba="0,0" hai="3,6,8,14,16,21,61,66,71,72,77,82,104,107" machi="71" ten="30,2000,0" yaku="7,1,54,1" doraHai="80" who="1" fromWho="2" sc="200,0,202,20,354,-20,244,0" /><INIT seed="7,0,0,0,2,112" ten="200,222,334,244" oya="3" hai0="66,85,41,51,32,63,46,102,81,99,69,73,64" hai1="107,19,7,109,1,125,2,98,45,22,104,121,83" hai2="100,42,26,111,116,52,28,47,56,4,117,130,39" hai3="33,15,132,43,37,91,110,24,44,13,115,71,129"/><W123/><G123/><T49/><D32/><U92/><E109/><V38/><F38/><W9/><G110/><T53/><D66/><U75/><E121/><V86/><F111/><W120/><G120/><T57/><D73/><U25/><E125/><V20/><F130/><W65/><G115/><T113/><D113/><U96/><E96/><V108/><F108/><W17/><G129/><T76/><D51/><U72/><E45/><V97/><F86/><W78/><G78/><T128/><D128/><U122/><E122/><V135/><F4/><W3/><G3/><T127/><D127/><U77/><E75/><V80/><F80/><W61/><G132/><T40/><D102/><U101/><E7/><V0/><F0/><W55/><G91/><T50/><D99/><U60/><E60/><V74/><F135/><W59/><G9/><T35/><D35/><U11/><E11/><V119/><F74/><W6/><G6/><T31/><D31/><U58/><E58/><V30/><F30/><W114/><G114/><T8/><D8/><U67/><E67/><V34/><F34/><W88/><G88/><T5/><D5/><U94/><E107/><V68/><F68/><W29/><REACH who="3" step="1"/><G17/><REACH who="3" ten="200,222,334,234" step="2"/><T54/><AGARI ba="0,1" hai="40,41,46,49,50,53,54,57,63,64,69,76,81,85" machi="54" ten="20,1500,0" yaku="0,1,7,1" doraHai="112" who="0" fromWho="0" sc="200,25,222,-4,334,-4,234,-7" owari="225,-17.0,218,-28.0,330,42.0,227,3.0" /></mjloggm>