<mjloggm ver="2.3"><GO type="33" lobby="0"/><UN n0="%E6%B2%96%E6%9C%AC%E7%9E%AC%EF%BC%A0%E5%B7%9D%E6%9D%91%E8%BB%8D%E5%9B%A3" n1="%E5%B0%B1%E6%B4%BB%E7%94%9F%40%E5%B7%9D%E6%9D%91%E8%BB%8D%E5%9B%A3" n2="%E3%83%91%E3%82%B7%E3%83%AA%EF%BC%A0%E5%B7%9D%E6%9D%91%E8%BB%8D%E5%9B%A3" n3="%E5%BB%83%E4%BA%BA%EF%BC%A0%E5%B7%9D%E6%9D%91%E8%BB%8D%E5%9B%A3" dan="14,15,16,15" rate="1919.86,2129.41,2056.79,1984.84" sx="M,M,M,M"/><TAIKYOKU oya="0"/><INIT seed="0,0,0,1,2,39" ten="250,250,250,250" oya="0" hai0="68,4,22,7,9,47,16,120,73,103,81,74,126" hai1="65,62,61,43,75,85,10,8,77,3,19,33,6" hai2="115,69,36,79,110,24,37,84,27,29,53,23,127" hai3="114,128,49,99,54,14,134,133,107,118,102,111,50"/><T94/><D68/><U66/><E75/><V121/><F115/><W34/><G114/><T63/><D120/><U129/><E33/><V30/><F121/><W76/><G118/><T92/><D4/><U135/><E135/><V31/><F69/><W55/><G34/><T57/><D103/><U86/><E43/><V41/><F110/><W21/><G111/><T109/><D109/><U20/><E77/><V42/><F127/><W108/><G76/><T59/><D47/><U25/><E129/><V46/><F53/><N who="3" m="19979" /><G128/><T78/><D73/><U119/><E119/><V113/><F113/><W13/><G108/><T93/><D63/><U132/><E132/><N who="3" m="50794" /><G21/><T56/><D126/><U2/><E20/><V112/><F112/><W124/><G124/><T80/><D74/><U104/><E104/><V17/><F27/><W32/><G32/><T90/><D78/><U72/><E25/><V40/><REACH who="2" step="1"/><F37/><REACH who="2" ten="250,250,240,250" step="2"/><W35/><G35/><T91/><D81/><AGARI ba="0,1" hai="17,23,24,29,30,31,36,40,41,42,46,79,81,84" machi="81" ten="40,8000,1" yaku="1,1,2,1,52,3,53,0" doraHai="39" doraHaiUra="58" who="2" fromWho="0" sc="250,-80,250,0,240,90,250,0" /><INIT seed="1,0,0,1,0,26" ten="170,250,330,250" oya="1" hai0="108,128,1,100,86,118,0,25,63,127,96,36,129" hai1="89,53,133,82,117,57,124,81,125,85,31,18,28" hai2="91,68,132,40,111,122,52,33,34,123,113,16,78" hai3="59,131,7,27,77,35,41,51,121,93,23,99,65"/><U29/><E133/><V48/><F68/><W20/><G121/><T21/><D36/><U22/><E117/><V103/><F132/><W8/><G131/><T101/><D118/><U58/><E82/><V90/><F40/><W47/><G77/><T80/><D127/><N who="1" m="48715" /><E53/><V134/><F134/><W42/><G42/><T6/><D63/><U119/><E119/><V5/><F5/><W19/><G65/><T102/><D96/><U17/><E17/><V98/><F78/><W84/><G84/><T97/><D97/><U120/><E120/><V72/><F72/><W110/><G59/><T54/><D54/><U37/><E37/><V2/><F2/><W43/><G43/><T49/><D49/><U9/><E9/><V94/><F16/><W73/><G73/><T30/><D128/><U130/><E130/><V44/><F113/><W56/><G56/><T13/><D129/><U66/><E66/><V74/><F74/><W15/><G110/><T116/><D116/><U69/><E69/><V32/><F111/><W109/><G109/><T61/><D108/><U38/><E38/><V55/><F55/><W70/><G70/><T45/><D61/><U60/><E60/><V12/><F122/><W14/><G19/><T88/><REACH who="0" step="1"/><D45/><REACH who="0" ten="160,250,330,250" step="2"/><U92/><E81/><V75/><F123/><W83/><G47/><T4/><D4/><U62/><E62/><V11/><F44/><W76/><G83/><T104/><D104/><U50/><E50/><V106/><F48/><W24/><G51/><T114/><D114/><U79/><E79/><V3/><F75/><W115/><G76/><RYUUKYOKU ba="0,1" sc="160,15,250,15,330,-15,250,-15" hai0="0,1,6,13,21,25,30,80,86,88,100,101,102" hai1="18,22,28,29,31,57,58,85,89,92" /><INIT seed="1,1,1,3,4,92" ten="175,265,315,235" oya="1" hai0="83,24,124,115,128,19,21,73,107,113,31,13,122" hai1="37,101,123,32,71,106,108,85,74,112,68,51,20" hai2="114,3,117,18,126,132,75,14,16,72,43,66,55" hai3="102,36,63,78,90,61,120,127,48,93,7,2,134"/><U57/><E32/><V6/><F117/><W27/><G36/><T97/><D122/><U39/><E74/><V81/><F66/><W99/><G120/><T133/><D124/><U94/><E106/><V116/><F116/><W64/><G127/><T38/><D133/><U130/><E112/><V45/><F126/><W34/><G134/><T35/><D38/><U79/><E39/><V86/><F132/><W11/><G78/><T111/><D111/><U25/><E37/><V82/><F55/><W44/><G64/><T96/><D107/><U110/><E79/><V40/><F82/><W1/><G1/><T121/><D121/><U9/><E9/><V33/><F33/><W125/><G125/><T131/><D83/><U69/><E130/><N who="0" m="49705" /><D73/><U118/><E118/><V50/><F43/><W109/><G109/><N who="1" m="42090" /><E85/><V65/><F86/><W17/><G90/><T87/><D87/><U42/><E42/><V41/><F41/><W46/><G46/><T104/><D104/><U26/><E20/><V23/><F40/><W30/><G17/><T70/><D70/><U80/><E80/><V119/><F18/><W29/><G29/><T8/><D35/><U105/><E105/><V22/><F81/><W59/><G34/><T53/><D53/><N who="1" m="31935" /><E123/><V103/><F75/><W58/><G99/><AGARI ba="1,1" hai="8,13,19,21,24,31,96,97,99,113,115" m="49705" machi="99" ten="30,7700,0" yaku="19,1,52,3" doraHai="92" who="0" fromWho="3" sc="175,90,265,0,315,0,235,-80" /><AGARI ba="1,0" hai="25,26,68,69,71,94,99,101" m="31935,42090" machi="99" ten="40,7700,0" yaku="14,1,10,1,52,1" doraHai="92" who="1" fromWho="3" sc="265,0,265,77,315,0,155,-77" /><INIT seed="1,2,0,4,3,125" ten="265,342,315,78" oya="1" hai0="109,103,85,73,16,130,38,61,47,111,54,10,56" hai1="77,17,41,135,118,76,113,30,15,66,14,63,20" hai2="65,48,92,78,123,42,97,2,106,40,58,53,82" hai3="46,110,1,37,129,33,64,12,119,133,5,18,116"/><U34/><E135/><V122/><F2/><W115/><G64/><T107/><D73/><U55/><E41/><V27/><F106/><W24/><G46/><T49/><D85/><U126/><E126/><V131/><F131/><W50/><G50/><T26/><D103/><U69/><E34/><V35/><F65/><W88/><G88/><T25/><D107/><U11/><E113/><V21/><F35/><W59/><G59/><T95/><D95/><U39/><E39/><V19/><F123/><W101/><G101/><T124/><D38/><U127/><E127/><V74/><REACH who="2" step="1"/><F122/><REACH who="2" ten="265,342,305,78" step="2"/><W80/><G33/><T57/><D124/><U44/><E66/><V70/><F70/><W22/><G1/><T128/><D111/><U112/><E69/><V52/><F52/><W81/><G110/><T43/><D109/><U90/><E55/><V72/><F72/><W120/><G120/><T8/><D57/><U114/><E112/><V6/><F6/><W102/><G5/><T98/><D128/><U45/><E45/><V87/><F87/><W23/><G129/><T79/><D130/><U94/><E44/><V67/><F67/><W117/><G115/><T134/><D134/><U28/><E114/><V32/><F32/><W104/><G133/><T132/><D132/><U0/><E0/><V13/><F13/><W93/><G104/><T89/><D26/><U68/><E15/><V4/><F4/><W62/><G12/><T83/><D25/><U3/><E3/><V75/><F75/><W105/><G24/><T31/><D98/><N who="1" m="57687" /><E68/><V99/><F99/><W60/><G117/><RYUUKYOKU ba="2,1" sc="265,-10,342,-10,305,30,78,-10" hai2="19,21,27,40,42,48,53,58,74,78,82,92,97" /><INIT seed="2,3,1,4,0,126" ten="255,332,335,68" oya="2" hai0="121,23,123,12,118,50,71,48,64,74,32,98,133" hai1="103,122,21,8,27,135,39,77,95,24,36,65,3" hai2="72,19,80,61,97,89,67,112,44,111,4,9,107" hai3="79,91,81,73,63,26,87,109,54,92,101,46,1"/><V49/><F112/><W114/><G1/><T106/><D74/><U108/><E77/><V51/><F111/><W6/><G109/><T35/><D118/><U25/><E135/><V115/><F115/><W99/><G114/><T47/><D133/><U14/><E3/><V52/><F19/><W20/><G6/><T34/><D121/><U11/><E65/><V102/><F51/><W0/><G0/><T66/><D123/><U15/><E21/><V75/><F89/><W83/><G46/><T117/><D117/><U37/><E108/><V13/><REACH who="2" step="1"/><F80/><REACH who="2" ten="255,332,325,68" step="2"/><W120/><G120/><T125/><D50/><U119/><E119/><V55/><F55/><W132/><G132/><T82/><D66/><U110/><E110/><V7/><F7/><W68/><G54/><T57/><D82/><U28/><E28/><V84/><F84/><W93/><G83/><T124/><D125/><U18/><E122/><V17/><F17/><W41/><G81/><T43/><D124/><U96/><E18/><V105/><F105/><W59/><G87/><T78/><D106/><U70/><E70/><AGARI ba="3,2" hai="4,9,13,44,49,52,61,67,70,72,75,97,102,107" machi="70" ten="30,5800,0" yaku="1,1,7,1,54,1,53,0" doraHai="126" doraHaiUra="86" who="2" fromWho="1" sc="255,0,332,-67,325,87,68,0" /><INIT seed="2,4,0,0,5,37" ten="255,265,412,68" oya="2" hai0="16,41,50,28,77,100,4,64,116,93,3,45,103" hai1="46,66,102,109,53,94,56,2,134,80,21,106,124" hai2="27,30,39,23,14,90,0,79,122,118,127,132,84" hai3="68,57,70,123,112,85,88,131,61,69,10,114,32"/><V12/><F0/><W62/><G32/><T82/><D116/><U111/><E2/><V17/><F79/><W107/><G107/><T20/><D28/><U105/><E66/><V71/><F71/><W22/><G123/><T1/><D64/><U113/><E113/><V75/><F75/><W60/><G131/><T52/><D4/><U9/><E9/><V110/><F39/><W108/><G108/><N who="1" m="41546" /><E80/><V117/><F110/><W63/><G22/><T6/><D6/><U8/><E8/><V47/><F122/><W89/><G10/><T99/><D103/><U115/><E134/><V76/><F76/><W119/><G119/><T25/><REACH who="0" step="1"/><D41/><REACH who="0" ten="245,265,412,68" step="2"/><U43/><E115/><V55/><F118/><W121/><G121/><T48/><D48/><N who="1" m="26719" /><E124/><V5/><F127/><W96/><G114/><T81/><D81/><U31/><E102/><V36/><F117/><W87/><G112/><T18/><D18/><U125/><E125/><V34/><F17/><W15/><G70/><T73/><AGARI ba="4,1" hai="1,3,16,20,25,45,50,52,73,77,82,93,99,100" machi="73" ten="20,12000,2" yaku="1,1,0,1,7,1,54,2,53,1" doraHai="37" doraHaiUra="91" who="0" fromWho="0" sc="245,142,265,-34,412,-64,68,-34" /><INIT seed="3,0,0,2,3,40" ten="387,231,348,34" oya="3" hai0="20,123,31,58,86,71,45,109,7,5,108,14,128" hai1="115,124,120,90,16,133,59,116,29,9,92,129,56" hai2="32,13,42,51,33,66,3,89,103,130,68,34,19" hai3="88,127,98,113,70,131,99,65,105,17,94,102,106"/><W84/><G70/><T11/><D71/><U41/><E115/><V72/><F3/><W24/><G65/><T63/><D123/><U0/><E29/><V43/><F72/><W18/><G113/><T119/><D119/><U61/><E124/><V2/><F2/><W1/><G127/><T82/><D45/><U77/><E129/><V134/><F130/><W36/><G131/><T125/><D128/><U57/><E77/><V55/><F103/><W74/><G36/><T121/><D121/><U28/><E133/><V87/><F134/><W100/><G1/><T95/><D95/><U69/><E28/><V23/><F66/><W111/><G111/><N who="0" m="42571" /><D20/><U22/><E120/><V96/><F96/><W54/><G24/><T114/><D31/><U21/><E116/><V44/><F68/><W60/><REACH who="3" step="1"/><G74/><REACH who="3" ten="387,231,348,24" step="2"/><T8/><D125/><U46/><E69/><V37/><F37/><W73/><G73/><T79/><D114/><U53/><E0/><V12/><F13/><W26/><G26/><T38/><D38/><U93/><E61/><V85/><F12/><W39/><G39/><T122/><D122/><U97/><E41/><V10/><F43/><W30/><G30/><T107/><D14/><N who="1" m="7247" /><E92/><V27/><F42/><W50/><G50/><AGARI ba="0,1" hai="21,22,46,50,53,56,57,59,90,93,97" m="7247" machi="50" ten="30,3900,0" yaku="8,1,52,1,54,1" doraHai="40" who="1" fromWho="3" sc="387,0,231,49,348,0,24,-39" owari="387,49.0,280,-12.0,348,15.0,-15,-52.0" /></mjloggm>