<mjloggm ver="2.3"><GO type="97" lobby="0"/><UN n0="%E7%94%9F%E7%94%B0%E6%96%97%E7%9C%9F" n1="%E6%9C%88%E3%83%9F%E7%85%A7%E2%98%86" n2="%E5%B0%B1%E6%B4%BB%E7%94%9F%40%E5%B7%9D%E6%9D%91%E8%BB%8D%E5%9B%A3" n3="%41%65%67%69%73%4B%47" dan="13,15,14,14" rate="1844.69,1994.91,1938.13,1964.64" sx="M,M,M,M"/><TAIKYOKU oya="0"/><INIT seed="0,0,0,2,1,20" ten="250,250,250,250" oya="0" hai0="132,1,68,44,3,108,84,58,101,33,55,39,67" hai1="76,37,114,10,50,30,66,79,60,98,125,123,85" hai2="27,49,86,113,26,35,134,38,63,12,128,78,61" hai3="90,121,70,120,80,21,127,52,75,23,73,103,109"/><T119/><D119/><U122/><E37/><V14/><F38/><W89/><G70/><T9/><D33/><U8/><E125/><V47/><F113/><W94/><G127/><T72/><D72/><N who="3" m="27721" /><G109/><T105/><D108/><U124/><E124/><V104/><F104/><W6/><G6/><T95/><D105/><U64/><E30/><V17/><F35/><W81/><G52/><T135/><D9/><U110/><E110/><V46/><F128/><W24/><G103/><T71/><D1/><U22/><E22/><N who="2" m="11559" /><F14/><W29/><G21/><T28/><D28/><U99/><E85/><V97/><F97/><N who="3" m="57551" /><G90/><N who="0" m="53703" /><D101/><U77/><E60/><N who="2" m="23115" /><F134/><N who="0" m="51242" /><D67/><U111/><E111/><V62/><F62/><W41/><G41/><N who="0" m="22591" /><D3/><U83/><E83/><N who="2" m="47479" /><F47/><W106/><G106/><T69/><D69/><U19/><E114/><V115/><F115/><W53/><G53/><AGARI ba="0,0" hai="26,27,46,49,53" m="47479,23115,11559" machi="53" ten="30,3900,0" yaku="8,1,52,2" doraHai="20" who="2" fromWho="3" sc="250,0,250,0,250,39,250,-39" /><INIT seed="1,0,0,3,3,128" ten="250,250,289,211" oya="1" hai0="102,130,93,13,70,127,8,60,15,74,61,33,69" hai1="30,27,117,79,31,85,72,26,105,100,6,0,92" hai2="134,59,18,110,73,62,122,124,32,120,83,25,66" hai3="53,131,52,107,113,36,37,114,49,48,22,123,58"/><U89/><E117/><V77/><F110/><W71/><G131/><T4/><D74/><U78/><E6/><V19/><F124/><W56/><G22/><T67/><D33/><U10/><E10/><V44/><F134/><W88/><G107/><T68/><D130/><U84/><E0/><V132/><F132/><W96/><G96/><T64/><D127/><U40/><E40/><V104/><F104/><W20/><G20/><T81/><D81/><N who="1" m="45255" /><E84/><V2/><F2/><W129/><G129/><T21/><D70/><U82/><E82/><V12/><F44/><W38/><G88/><T7/><D21/><U3/><E3/><V42/><F42/><W34/><G34/><T14/><REACH who="0" step="1"/><D8/><REACH who="0" ten="240,250,289,211" step="2"/><U109/><E109/><V126/><F126/><W29/><G29/><N who="1" m="10762" /><E79/><V57/><F32/><W90/><G123/><T5/><D5/><U45/><E45/><V50/><F120/><W108/><G108/><T125/><D125/><U87/><E87/><V91/><F122/><W97/><G71/><T94/><D94/><AGARI ba="0,1" hai="36,37,38,48,49,52,53,56,58,90,94,97,113,114" machi="94" ten="40,2600,0" yaku="9,1,54,1" doraHai="128" who="3" fromWho="0" sc="240,-26,250,0,289,0,211,36" /><INIT seed="2,0,0,5,3,116" ten="214,250,289,247" oya="2" hai0="79,122,49,25,89,114,12,2,74,88,96,65,119" hai1="36,132,10,124,125,76,95,102,54,81,59,118,4" hai2="51,105,9,40,98,33,67,47,46,19,84,86,17" hai3="131,113,66,8,57,103,69,101,27,41,91,58,44"/><V99/><F33/><W92/><G113/><T35/><D114/><U62/><E118/><V21/><F67/><W24/><G131/><T0/><D119/><U34/><E34/><V107/><F9/><W135/><G135/><T29/><D65/><U104/><E36/><V48/><REACH who="2" step="1"/><F40/><REACH who="2" ten="214,250,279,247" step="2"/><W70/><G69/><T14/><D35/><U38/><E132/><V39/><F39/><W85/><G70/><T64/><D64/><U18/><E38/><V73/><F73/><W32/><G8/><T128/><D74/><U26/><E125/><V108/><F108/><W109/><G109/><T15/><D128/><U111/><E111/><V3/><F3/><W45/><G32/><T50/><D0/><U129/><E124/><V61/><F61/><W11/><G11/><T82/><D2/><U134/><E10/><V130/><F130/><W43/><G66/><T28/><D49/><U83/><E134/><V106/><F106/><W56/><G43/><T123/><D50/><U63/><E104/><V80/><F80/><W117/><G117/><T22/><D82/><U37/><E37/><V5/><F5/><W110/><G110/><T90/><D22/><AGARI ba="0,1" hai="17,19,21,22,46,47,48,51,84,86,98,99,105,107" machi="22" ten="25,4800,0" yaku="1,1,22,2,53,0" doraHai="116" doraHaiUra="6" who="2" fromWho="0" sc="214,-48,250,0,279,58,247,0" /><INIT seed="2,1,0,0,1,135" ten="166,250,337,247" oya="2" hai0="26,129,127,81,18,75,125,63,56,47,84,77,38" hai1="33,103,79,93,119,87,108,68,29,88,15,54,82" hai2="48,31,110,66,2,90,49,50,35,39,74,86,64" hai3="113,22,52,60,59,11,83,34,7,92,13,105,115"/><V94/><F2/><W28/><G105/><T134/><D134/><U98/><E119/><V23/><F39/><W30/><G34/><T107/><D107/><U42/><E68/><V9/><F74/><W97/><G83/><T10/><D129/><U32/><E108/><V109/><F35/><W111/><G111/><N who="2" m="42505" /><F9/><W14/><G14/><N who="0" m="7511" /><D26/><AGARI ba="1,0" hai="23,26,31,48,49,50,64,66,86,90,94" m="42505" machi="26" ten="30,2900,0" yaku="14,1,10,1" doraHai="135" who="2" fromWho="0" sc="166,-32,250,0,337,32,247,0" /><INIT seed="2,2,0,5,2,97" ten="134,250,369,247" oya="2" hai0="8,66,93,96,34,117,119,43,72,47,64,89,120" hai1="111,135,65,71,54,16,82,61,77,12,21,87,10" hai2="118,67,69,45,70,114,102,18,52,90,4,110,133" hai3="81,99,60,131,31,63,101,92,14,103,125,79,2"/><V123/><F118/><W85/><G2/><T107/><D34/><U5/><E111/><V38/><F4/><W84/><G131/><T83/><D120/><U106/><E106/><V122/><F114/><W58/><G125/><T86/><D119/><U49/><E135/><V56/><F133/><W1/><G1/><T105/><D117/><U24/><E49/><V127/><F102/><N who="3" m="60775" /><G31/><T113/><D113/><U27/><REACH who="1" step="1"/><E54/><REACH who="1" ten="134,240,369,247" step="2"/><V37/><F110/><W26/><G26/><AGARI ba="2,1" hai="5,10,12,16,21,24,26,27,61,65,71,77,82,87" machi="26" ten="30,7700,0" yaku="1,1,2,1,7,1,54,1,53,0" doraHai="97" doraHaiUra="126" who="1" fromWho="3" sc="134,0,240,93,369,0,247,-83" /><INIT seed="3,0,0,4,0,60" ten="134,333,369,164" oya="3" hai0="61,50,43,108,3,11,97,64,23,96,27,93,129" hai1="39,53,8,15,121,36,65,84,125,37,25,89,22" hai2="70,123,110,127,16,13,134,2,20,44,10,74,112" hai3="57,18,99,69,130,34,46,32,21,116,118,29,0"/><W98/><G0/><T51/><D108/><U62/><E121/><V87/><F74/><W5/><G69/><T67/><D129/><U58/><E125/><V6/><F112/><W14/><G5/><T7/><D97/><U126/><E126/><V113/><F113/><W24/><G130/><T120/><D120/><U66/><E15/><V78/><F70/><W115/><G34/><T111/><D111/><U45/><E8/><V91/><F123/><W82/><G115/><T77/><D77/><U104/><E104/><V63/><F110/><W114/><G114/><T80/><D80/><U109/><E109/><V73/><F127/><W76/><G46/><T107/><D107/><U132/><E132/><V117/><F134/><W94/><G57/><T9/><D9/><U133/><E133/><V38/><F117/><W135/><G135/><T42/><D42/><U71/><E71/><V72/><F78/><W83/><G99/><T122/><D122/><U49/><E66/><N who="0" m="25129" /><D61/><U19/><REACH who="1" step="1"/><E39/><REACH who="1" ten="134,323,369,164" step="2"/><V35/><F38/><W28/><G28/><N who="0" m="17535" /><D43/><U54/><E54/><V48/><F10/><W1/><G1/><T86/><D3/><U124/><E124/><V40/><F2/><W75/><G83/><AGARI ba="0,1" hai="19,22,25,36,37,45,49,53,58,62,65,83,84,89" machi="83" ten="30,8000,1" yaku="1,1,7,1,52,1,53,2" doraHai="60" doraHaiUra="68" who="1" fromWho="3" sc="134,0,323,90,369,0,164,-80" owari="134,-27.0,413,52.0,369,17.0,84,-42.0" /></mjloggm>