<mjloggm ver="2.3"><GO type="97" lobby="0"/><UN n0="%73%61%6E%6E%64%61%73%75" n1="%E3%81%A4%E3%81%8D%E3%81%B2%E3%81%8B%E3%82%8B" n2="%E4%BF%AE%E6%A5%AD%E4%B8%AD" n3="%E5%B0%B1%E6%B4%BB%E7%94%9F%40%E5%B7%9D%E6%9D%91%E8%BB%8D%E5%9B%A3" dan="14,15,14,14" rate="1998.05,2024.06,1892.00,1977.97" sx="M,M,M,M"/><TAIKYOKU oya="0"/><INIT seed="0,0,0,5,4,90" ten="250,250,250,250" oya="0" hai0="14,30,102,23,40,101,5,10,27,49,98,41,112" hai1="126,130,74,46,63,1,103,29,22,37,104,93,85" hai2="55,42,89,79,66,50,73,107,99,128,52,95,54" hai3="120,67,62,106,2,3,70,134,77,80,122,16,48"/><T32/><D112/><U121/><E121/><N who="3" m="46698" /><G106/><T84/><D84/><U15/><E74/><V44/><F128/><W12/><G134/><T118/><D118/><U25/><E1/><V131/><F131/><W34/><G48/><T24/><D49/><U39/><E130/><V31/><F31/><W7/><G7/><T132/><D132/><U58/><E104/><V115/><F115/><W123/><G34/><T114/><D114/><U75/><E75/><V20/><F107/><W69/><G69/><T9/><D102/><U133/><E133/><V56/><F20/><W38/><G38/><T125/><D10/><U0/><E0/><V111/><F111/><W81/><N who="3" m="46706" /><W51/><DORA hai="116" /><G51/><T86/><D86/><U108/><E108/><V45/><F73/><N who="3" m="43055" /><G81/><T91/><D91/><U11/><E46/><N who="2" m="25943" /><F79/><W21/><AGARI ba="0,0" hai="2,3,12,16,21,62,67,70" m="43055,46706" machi="21" ten="40,12000,2" yaku="13,1,52,4,54,1" doraHai="90,116" who="3" fromWho="3" sc="250,-60,250,-30,250,-30,250,120" /><INIT seed="1,0,0,2,0,35" ten="190,220,220,370" oya="1" hai0="120,1,13,16,69,100,24,68,99,90,115,98,87" hai1="78,81,33,15,133,73,2,17,36,75,43,110,118" hai2="128,65,21,38,23,4,86,127,117,132,7,113,129" hai3="37,53,14,67,63,95,130,32,76,105,83,9,88"/><U84/><E118/><V82/><F38/><W27/><G32/><T134/><D115/><U114/><E114/><V8/><F117/><W126/><G105/><T104/><D134/><U22/><E33/><V102/><F102/><W124/><G37/><T66/><D120/><U89/><E133/><V101/><F101/><W45/><G27/><T91/><D66/><U93/><E110/><V85/><F65/><W121/><G121/><T56/><D56/><U111/><E111/><V71/><F71/><W18/><G130/><N who="2" m="50281" /><F132/><W30/><G30/><T54/><D24/><U57/><E57/><V25/><F127/><W97/><G126/><T79/><D1/><U55/><E55/><V42/><F42/><W61/><G124/><T49/><D69/><U107/><E107/><V77/><F86/><N who="3" m="48487" /><G67/><T106/><D68/><U46/><REACH who="1" step="1"/><E2/><REACH who="1" ten="190,210,220,370" step="2"/><N who="2" m="23" /><F113/><W58/><G45/><N who="0" m="27951" /><D106/><U123/><E123/><V125/><F125/><W116/><G116/><T10/><D104/><U103/><E103/><V109/><F109/><W5/><G63/><T92/><D100/><U64/><E64/><V108/><F108/><W96/><G61/><T112/><D112/><U26/><E26/><V51/><F25/><W20/><G58/><T94/><D79/><U72/><AGARI ba="0,1" hai="15,17,22,36,43,46,72,73,75,78,81,84,89,93" machi="72" ten="20,3900,0" yaku="1,1,0,1,7,1,53,0" doraHai="35" doraHaiUra="50" who="1" fromWho="1" sc="190,-13,210,49,220,-13,370,-13" /><INIT seed="1,1,0,5,1,53" ten="177,259,207,357" oya="1" hai0="6,106,89,31,18,1,41,16,79,4,8,101,112" hai1="113,114,107,75,13,73,33,87,48,61,44,20,45" hai2="72,38,97,32,42,135,34,40,129,125,81,52,109" hai3="59,25,131,132,86,134,51,37,27,35,57,64,133"/><U122/><E107/><V124/><F97/><W85/><G37/><T118/><D112/><U5/><E33/><N who="2" m="12907" /><F38/><W46/><G131/><T9/><D118/><U98/><E98/><V71/><F71/><W3/><G3/><T19/><D41/><N who="2" m="15978" /><F129/><W100/><G100/><T68/><D68/><U96/><E96/><V10/><F10/><W26/><G35/><T63/><D106/><U99/><E99/><V95/><F95/><W123/><G123/><T119/><D101/><U78/><E122/><V111/><F81/><W67/><G86/><T60/><D119/><U55/><E44/><V30/><F30/><W21/><G21/><T0/><D79/><U83/><E61/><V24/><F24/><W90/><G67/><T49/><D31/><U116/><E116/><V77/><F77/><W105/><G64/><T110/><D110/><N who="2" m="41994" /><F72/><W84/><G84/><T80/><D49/><U117/><E117/><V54/><F135/><W82/><G105/><T76/><D89/><U12/><E75/><AGARI ba="1,0" hai="0,1,4,6,8,9,16,18,19,60,63,75,76,80" machi="75" ten="40,2600,0" yaku="9,1,54,1" doraHai="53" who="0" fromWho="1" sc="177,29,259,-29,207,0,357,0" /><INIT seed="2,0,0,1,1,48" ten="206,230,207,357" oya="2" hai0="69,52,40,66,124,35,78,20,104,86,34,57,24" hai1="111,74,83,102,93,39,56,46,30,92,61,85,76" hai2="41,126,42,55,119,94,25,27,33,130,23,49,54" hai3="133,127,13,18,80,6,17,53,59,72,15,51,135"/><V100/><F119/><W60/><G127/><T67/><D124/><U82/><E111/><V122/><F122/><W68/><G6/><T128/><D128/><U110/><E110/><V107/><F107/><W12/><G72/><T58/><D104/><U65/><E102/><V71/><F71/><W29/><G29/><T117/><D117/><U105/><E105/><V132/><F126/><W90/><G80/><N who="0" m="47383" /><D35/><U125/><E125/><V28/><F130/><W109/><G109/><T121/><D34/><U38/><E30/><V97/><F132/><N who="3" m="50763" /><G90/><T101/><D69/><U123/><E123/><V31/><REACH who="2" step="1"/><F55/><REACH who="2" ten="206,230,197,357" step="2"/><N who="3" m="33919" /><G68/><T87/><D121/><U1/><E65/><N who="0" m="24585" /><D101/><U98/><E56/><AGARI ba="0,1" hai="23,25,27,28,31,33,41,42,49,54,56,94,97,100" machi="56" ten="30,5800,0" yaku="1,1,7,1,52,1,53,0" doraHai="48" doraHaiUra="84" who="2" fromWho="1" sc="206,0,230,-58,197,68,357,0" /><AGARI ba="0,0" hai="12,13,15,17,18,51,53,56" m="33919,50763" machi="56" ten="30,3900,0" yaku="20,1,52,2" doraHai="48" who="3" fromWho="1" sc="206,0,172,-39,265,0,357,39" /><INIT seed="2,1,0,5,3,21" ten="206,133,265,396" oya="2" hai0="124,9,60,3,30,18,6,120,26,99,86,23,46" hai1="95,22,14,110,90,7,4,17,51,58,135,37,13" hai2="81,12,82,73,55,109,104,116,25,45,117,10,34" hai3="28,83,68,1,113,36,39,92,47,111,44,70,76"/><V75/><F104/><W87/><G1/><T38/><D120/><U134/><E37/><V52/><F45/><W61/><G113/><T96/><D124/><U131/><E110/><V41/><F41/><W112/><G112/><T115/><D115/><U31/><E131/><V54/><F12/><W103/><G111/><T128/><D128/><U102/><E102/><V121/><F10/><W11/><G39/><T15/><D60/><U125/><E125/><V105/><F105/><W122/><G122/><T85/><D46/><U29/><E4/><V132/><F109/><W66/><G36/><T126/><D38/><U71/><E71/><V93/><F93/><W27/><G70/><T67/><D67/><U101/><E101/><V32/><F121/><W50/><G11/><T114/><D114/><U42/><E7/><V59/><F59/><W100/><G92/><T79/><D126/><U94/><E13/><V40/><F40/><W108/><G108/><T74/><D74/><N who="2" m="28170" /><F132/><W5/><G5/><T133/><D133/><U49/><E94/><V78/><F78/><W123/><G123/><T80/><REACH who="0" step="1"/><D86/><REACH who="0" ten="196,133,265,396" step="2"/><N who="1" m="52695" /><E135/><V130/><F130/><W33/><G47/><T69/><D69/><U0/><E134/><V84/><F84/><W64/><G66/><T20/><AGARI ba="1,1" hai="3,6,9,15,18,20,23,26,30,79,80,85,96,99" machi="20" ten="20,5200,0" yaku="1,1,0,1,7,1,52,1,53,0" doraHai="21" doraHaiUra="129" who="0" fromWho="0" sc="196,65,133,-14,265,-27,396,-14" /><INIT seed="3,0,0,3,2,47" ten="261,119,238,382" oya="3" hai0="32,26,13,75,55,106,91,11,79,107,15,103,72" hai1="90,40,39,66,76,35,133,9,30,46,17,108,33" hai2="24,0,86,78,95,68,3,18,99,54,38,64,124" hai3="63,73,135,114,19,67,105,49,123,104,14,94,37"/><W130/><G73/><T82/><D72/><U65/><E133/><V31/><F38/><W87/><G37/><T117/><D117/><U44/><E108/><V81/><F124/><W89/><G130/><T100/><D32/><U93/><E76/><V118/><F118/><W126/><G135/><T84/><D26/><U53/><E33/><V56/><F68/><W131/><G114/><T109/><D15/><U45/><E44/><V115/><F18/><W42/><G131/><T77/><D55/><U36/><E30/><V27/><F27/><W28/><G28/><T41/><D41/><U88/><E35/><V29/><F29/><W112/><G126/><T121/><D13/><U34/><E34/><V22/><F115/><W60/><G123/><T97/><D11/><U116/><E116/><V74/><F74/><W20/><G112/><T119/><D121/><U50/><E36/><V70/><F70/><W125/><G125/><T62/><D62/><U7/><E17/><V102/><REACH who="2" step="1"/><F54/><REACH who="2" ten="261,119,228,382" step="2"/><W129/><G129/><T1/><D119/><U25/><E25/><V71/><F71/><W96/><G42/><T111/><D1/><U43/><E53/><V134/><F134/><W80/><G19/><T52/><D52/><U4/><E4/><V92/><F92/><W57/><G94/><N who="0" m="54631" /><D79/><U59/><E59/><V58/><F58/><W122/><G105/><T48/><D48/><U101/><E66/><V6/><F6/><W21/><G67/><T85/><D75/><U83/><E65/><V113/><F113/><W120/><G49/><T5/><D5/><U69/><E69/><RYUUKYOKU ba="0,1" sc="261,15,119,-15,228,15,382,-15" hai0="77,82,85,97,100,103,106,107,109,111" hai2="0,3,22,24,31,56,64,78,81,86,95,99,102" owari="276,8.0,104,-40.0,243,-16.0,377,48.0" /></mjloggm>