<mjloggm ver="2.3"><GO type="225" lobby="0"/><UN n0="%E3%83%91%E3%82%B7%E3%83%AA%EF%BC%A0%E5%B7%9D%E6%9D%91%E8%BB%8D%E5%9B%A3" n1="%E3%83%88%E3%83%88%E3%83%AA%E5%85%88%E7%94%9F%31%39%E6%AD%B3" n2="%E3%81%AA%E3%81%A3%E3%81%8D%E3%82%8A" n3="%E4%BC%9D%E8%AA%AC%E3%81%AE%E3%81%B2%E3%82%88%E3%81%93" dan="16,16,17,16" rate="2076.10,2177.13,2165.83,2149.71" sx="M,F,M,F"/><TAIKYOKU oya="0"/><INIT seed="0,0,0,1,5,104" ten="250,250,250,250" oya="0" hai0="0,71,7,52,51,112,40,11,65,76,30,116,41" hai1="113,28,47,29,73,53,12,44,22,124,78,20,48" hai2="123,61,38,110,114,122,92,39,36,1,10,128,67" hai3="8,118,98,19,105,87,133,46,135,3,31,21,107"/><T121/><D112/><U88/><E124/><V58/><F114/><W27/><G118/><T43/><D121/><U91/><E113/><V90/><F128/><W24/><G87/><T17/><D116/><U102/><E102/><V56/><F110/><W13/><G46/><T5/><D30/><N who="1" m="11883" /><E73/><V2/><F58/><W55/><G55/><T42/><D76/><U132/><E132/><N who="3" m="50762" /><G98/><T80/><D80/><U119/><E119/><V6/><REACH who="2" step="1"/><F2/><REACH who="2" ten="250,250,240,250" step="2"/><W115/><G115/><T4/><D0/><U54/><E47/><V63/><F63/><W49/><G3/><T77/><D71/><U34/><E44/><V32/><F32/><N who="3" m="20583" /><G49/><T16/><D51/><U72/><E48/><V25/><F25/><W99/><G99/><AGARI ba="0,1" hai="1,6,10,36,38,39,56,61,67,90,92,99,122,123" machi="99" ten="40,1300,0" yaku="1,1,53,0" doraHai="104" doraHaiUra="74" who="2" fromWho="3" sc="250,0,250,0,240,23,250,-13" /><INIT seed="1,0,0,3,2,47" ten="250,250,263,237" oya="1" hai0="5,106,41,97,91,13,99,85,89,77,60,44,96" hai1="113,3,81,34,126,78,36,62,37,31,79,29,110" hai2="45,135,104,134,117,82,57,21,61,23,63,76,0" hai3="67,111,101,55,121,58,1,11,35,105,68,2,92"/><U16/><E113/><V22/><F104/><W15/><G121/><T108/><D106/><U28/><E3/><V27/><F117/><W38/><G35/><T84/><D108/><U26/><E126/><V40/><F0/><W19/><G105/><T39/><D60/><U93/><E34/><V8/><F8/><W90/><G38/><T133/><D133/><N who="2" m="50698" /><F57/><W54/><G54/><T14/><D77/><U86/><E110/><V6/><F6/><W132/><G101/><T25/><D25/><U123/><E123/><V59/><F59/><W125/><G125/><T102/><D102/><U95/><E78/><V120/><F27/><W83/><G83/><T131/><D131/><U103/><E62/><V12/><F12/><W56/><G68/><T116/><D116/><U49/><E37/><N who="2" m="21647" /><F120/><W129/><G132/><T107/><D107/><U51/><E36/><V72/><AGARI ba="0,0" hai="21,22,23,61,63,72,76,82" m="21647,50698" machi="72" ten="30,1100,0" yaku="20,1" doraHai="47" who="2" fromWho="2" sc="250,-3,250,-5,263,11,237,-3" /><INIT seed="2,0,0,1,1,94" ten="247,245,274,234" oya="2" hai0="4,129,19,107,61,75,25,54,122,72,15,62,2" hai1="108,44,93,134,135,52,8,100,90,29,49,38,121" hai2="57,132,98,12,118,60,73,31,56,28,33,58,35" hai3="71,76,24,89,110,103,70,101,125,27,21,45,117"/><V79/><F118/><W0/><G117/><T127/><D122/><U95/><E121/><V18/><F132/><N who="1" m="50729" /><E108/><V91/><F73/><W9/><G76/><T40/><D107/><U81/><E38/><V109/><F79/><W112/><G27/><T106/><D106/><U85/><E29/><N who="2" m="11339" /><F33/><W3/><G110/><T23/><D40/><U113/><E113/><V104/><F104/><W102/><G125/><T66/><D127/><U87/><E100/><V119/><F119/><W46/><G112/><T92/><D2/><N who="3" m="553" /><G24/><T130/><D25/><U17/><E87/><V74/><F74/><W39/><G21/><T123/><D123/><U51/><E51/><V5/><F5/><W65/><G65/><T77/><D4/><U22/><E8/><N who="2" m="6407" /><F35/><W37/><G89/><T42/><D72/><U63/><E63/><V116/><F116/><W115/><G9/><T67/><D62/><U41/><E41/><V131/><F131/><W96/><G115/><T86/><D42/><U120/><E120/><V78/><F78/><W34/><G34/><T50/><D75/><U11/><E11/><V64/><F109/><W7/><G7/><T88/><D77/><U82/><E22/><V48/><F48/><W124/><G124/><T26/><D26/><U83/><E17/><V84/><F84/><W53/><G39/><T6/><D6/><U133/><E133/><V10/><F10/><W111/><G111/><T68/><D67/><U30/><E30/><V114/><F114/><W43/><G70/><T99/><D86/><U32/><E32/><V13/><F13/><W20/><G37/><RYUUKYOKU ba="0,0" sc="247,10,245,10,274,10,234,-30" hai0="15,19,23,50,54,61,66,68,88,92,99,129,130" hai1="44,49,52,81,82,83,85,90,93,95" hai2="56,57,58,60,64,91,98" /><INIT seed="2,1,0,4,4,114" ten="257,255,284,204" oya="2" hai0="113,123,73,133,89,108,85,90,67,69,60,83,102" hai1="33,74,112,98,20,10,87,79,101,12,76,88,31" hai2="71,129,72,127,57,63,4,128,47,42,81,110,0" hai3="41,96,77,62,23,45,15,131,28,59,117,125,106"/><V115/><F115/><W22/><G131/><N who="2" m="50249" /><F71/><W21/><G125/><T134/><D123/><U40/><E112/><V104/><F127/><W36/><G77/><N who="1" m="29770" /><E33/><V61/><F110/><W5/><G5/><T46/><D73/><U34/><E34/><V78/><F104/><W100/><G15/><T66/><D113/><U37/><E37/><N who="2" m="21967" /><F57/><W86/><G86/><T35/><D85/><U75/><E75/><V1/><F1/><W82/><G82/><T27/><D83/><N who="1" m="49279" /><E40/><V122/><F122/><W119/><REACH who="3" step="1"/><G28/><REACH who="3" ten="257,255,284,194" step="2"/><T95/><D108/><U49/><E74/><V8/><AGARI ba="1,1" hai="0,4,8,61,63,72,78,81" m="21967,50249" machi="8" ten="30,3000,0" yaku="25,1,19,1" doraHai="114" who="2" fromWho="2" sc="257,-11,255,-11,284,43,194,-11" /><INIT seed="2,2,0,1,2,99" ten="246,244,327,183" oya="2" hai0="79,67,133,14,40,3,127,30,87,20,2,134,44" hai1="76,58,11,128,34,23,73,90,72,22,37,7,12" hai2="75,6,132,94,47,109,19,101,56,57,35,51,28" hai3="65,45,9,64,123,129,61,18,124,13,112,93,108"/><V4/><F75/><W104/><G123/><T85/><D127/><U15/><E34/><V48/><F35/><W97/><G124/><T39/><D67/><U31/><E37/><V116/><F116/><W88/><G129/><T43/><D43/><U17/><E128/><V0/><F0/><N who="0" m="42" /><D79/><U130/><E130/><V125/><F132/><N who="0" m="50794" /><D14/><U91/><E73/><V82/><F28/><W36/><G108/><T106/><D106/><U121/><E121/><V78/><F109/><W10/><G112/><T81/><D81/><U113/><E113/><V103/><F19/><W42/><G104/><T100/><D100/><N who="2" m="38474" /><F94/><W131/><G131/><T69/><D69/><U110/><E76/><V77/><F125/><W86/><G97/><T59/><D59/><N who="2" m="22602" /><F47/><W38/><G38/><T32/><D32/><U119/><E72/><V135/><F135/><W26/><G26/><AGARI ba="2,0" hai="20,26,30,39,40,44,85,87" m="50794,42" machi="26" ten="30,1000,0" yaku="20,1" doraHai="99" who="0" fromWho="3" sc="246,16,244,0,327,0,183,-16" /><INIT seed="3,0,0,0,3,11" ten="262,244,327,167" oya="3" hai0="127,48,60,130,10,1,46,131,79,107,15,42,113" hai1="125,2,77,63,69,118,75,38,133,85,8,34,78" hai2="44,124,128,89,83,101,51,18,100,74,39,68,92" hai3="93,86,32,81,115,52,62,65,76,97,29,96,122"/><W102/><G115/><T121/><D121/><U22/><E34/><V27/><F39/><W47/><G122/><T55/><D107/><U7/><E38/><V36/><F36/><W117/><G117/><T28/><D1/><U108/><E75/><V64/><F124/><W61/><G32/><T126/><D113/><U94/><E125/><N who="0" m="47625" /><D28/><U99/><E118/><V58/><F68/><W21/><G65/><T20/><D20/><U80/><E108/><V71/><F71/><W98/><G98/><T4/><D79/><U53/><E133/><V104/><F58/><AGARI ba="0,0" hai="4,10,15,42,46,48,55,58,60,130,131" m="47625" machi="58" ten="30,2000,0" yaku="18,1,52,1" doraHai="11" who="0" fromWho="2" sc="262,20,244,0,327,-20,167,0" owari="282,8.0,244,-16.0,307,41.0,167,-33.0" /></mjloggm>