<mjloggm ver="2.3"><GO type="169" lobby="0"/><UN n0="%E3%81%BE%E3%81%AA%E3%81%84%E3%81%9F%E3%82%88%E3%81%86%E3%81%98%E3%82%87" n1="%E3%81%82%E3%81%B2%E3%82%8B%E3%81%95%E3%82%93" n2="%E5%B0%B1%E6%B4%BB%E7%94%9F%40%E5%B7%9D%E6%9D%91%E8%BB%8D%E5%9B%A3" n3="%61%6D%65%64%69%6F" dan="16,16,16,17" rate="2072.14,2107.17,2049.29,2189.75" sx="M,M,M,M"/><TAIKYOKU oya="0"/><INIT seed="0,0,0,4,1,75" ten="250,250,250,250" oya="0" hai0="56,123,89,50,76,57,104,63,37,101,106,79,109" hai1="99,91,52,42,46,108,98,5,107,6,41,14,114" hai2="13,8,129,83,20,27,64,58,72,111,70,115,78" hai3="133,39,12,67,119,128,47,80,94,43,82,117,21"/><T49/><D37/><U135/><E108/><V110/><F115/><W77/><G128/><T124/><D123/><U118/><E118/><V62/><F129/><W65/><G133/><T32/><D32/><U17/><E135/><V33/><F33/><W19/><G94/><T120/><D120/><U35/><E35/><V3/><F3/><W15/><G82/><T4/><D101/><U102/><E114/><V71/><F111/><W105/><G105/><T45/><D109/><U60/><E98/><V84/><F72/><W112/><G112/><T81/><D4/><U59/><E91/><V103/><F103/><W54/><G54/><N who="0" m="31831" /><D104/><U132/><E132/><V116/><F116/><W28/><G28/><T55/><D106/><U113/><E113/><V18/><REACH who="2" step="1"/><F110/><REACH who="2" ten="250,250,240,250" step="2"/><W36/><G119/><T130/><D130/><U61/><E102/><V86/><F86/><W44/><G117/><T1/><D1/><U131/><E131/><V122/><F122/><W87/><G15/><T126/><D126/><U95/><E14/><V73/><F73/><W31/><G31/><AGARI ba="0,1" hai="8,13,18,20,27,31,58,62,64,70,71,78,83,84" machi="31" ten="30,7700,0" yaku="1,1,7,1,52,1,53,1" doraHai="75" doraHaiUra="53" who="2" fromWho="3" sc="250,0,250,0,240,87,250,-77" /><INIT seed="1,0,0,3,5,50" ten="250,250,327,173" oya="1" hai0="25,13,119,42,94,73,3,29,36,22,131,115,100" hai1="127,121,16,109,86,75,68,112,120,67,83,53,56" hai2="97,43,14,61,52,32,15,93,90,129,134,107,99" hai3="130,117,57,59,58,48,24,104,69,5,77,17,39"/><U96/><E112/><V132/><F32/><W102/><G39/><T54/><D3/><U101/><E75/><V114/><F43/><W65/><G117/><T122/><D73/><U6/><E127/><V55/><F114/><W9/><G130/><T31/><D115/><U70/><E6/><V60/><F129/><W89/><G77/><T18/><D119/><U2/><E2/><V79/><F79/><W72/><G72/><T88/><D131/><U133/><E133/><N who="2" m="51307" /><F61/><W103/><G69/><T91/><D122/><U123/><E67/><V111/><F111/><W8/><G65/><T84/><D100/><N who="3" m="38441" /><G104/><T51/><D91/><U125/><E125/><V23/><F107/><W47/><G89/><T108/><D108/><U28/><E28/><V19/><F60/><W0/><G0/><T37/><D42/><U49/><E109/><V4/><F99/><W105/><G105/><T128/><D29/><U12/><E96/><V124/><F124/><W21/><G5/><T98/><D98/><U95/><E101/><V82/><F82/><W126/><G126/><T106/><D106/><U81/><E95/><V30/><F30/><W40/><AGARI ba="0,0" hai="8,9,17,21,24,40,47,48,57,58,59" m="38441" machi="40" ten="30,1100,0" yaku="8,1" doraHai="50" who="3" fromWho="3" sc="250,-3,250,-5,327,-3,173,11" /><INIT seed="2,0,0,1,5,124" ten="247,245,324,184" oya="2" hai0="11,20,110,51,75,90,67,40,64,68,16,134,74" hai1="69,78,114,61,98,28,5,128,86,53,52,65,23" hai2="129,104,118,48,94,63,19,0,76,33,125,111,133" hai3="49,102,132,113,37,36,99,10,41,112,21,44,126"/><V60/><F104/><W25/><G126/><T47/><D110/><U58/><E114/><N who="3" m="44138" /><G10/><T29/><D134/><U30/><E5/><V55/><F33/><W105/><G132/><T54/><D68/><U85/><E128/><V34/><F0/><W62/><G62/><T119/><D119/><U50/><E98/><V100/><F34/><W38/><G38/><T107/><D107/><U96/><E96/><V57/><F76/><W24/><G24/><N who="0" m="16519" /><D74/><U130/><E130/><V18/><F111/><W81/><G81/><T122/><D75/><U120/><E120/><V22/><F129/><W117/><G117/><T87/><D122/><U2/><E2/><V15/><F133/><W4/><G4/><T108/><D40/><U27/><E78/><V135/><F135/><W79/><G79/><T59/><D59/><U80/><E30/><AGARI ba="0,0" hai="21,25,30,36,37,41,44,49,99,102,105" m="44138" machi="30" ten="30,1000,0" yaku="11,1" doraHai="124" who="3" fromWho="1" sc="247,0,245,-10,324,0,184,10" /><INIT seed="3,0,0,4,3,30" ten="247,235,324,194" oya="3" hai0="84,34,33,114,98,95,50,89,106,73,75,132,111" hai1="122,55,18,76,105,100,104,22,52,43,103,2,29" hai2="17,116,92,135,39,58,48,36,91,70,4,19,88" hai3="74,77,47,8,127,64,46,38,26,112,32,31,109"/><W49/><G112/><T108/><D114/><U41/><E29/><V82/><F70/><W80/><G127/><T28/><D132/><U71/><E71/><V65/><F116/><W25/><G109/><N who="0" m="42059" /><D28/><U10/><E22/><V12/><F135/><W14/><G25/><T123/><D123/><U129/><E10/><N who="2" m="4167" /><F39/><W63/><G38/><T44/><D106/><U57/><E57/><V85/><F36/><W54/><G47/><T67/><D67/><U110/><E110/><V97/><F65/><W3/><G3/><T96/><D75/><U15/><E15/><V27/><F27/><W45/><G45/><T121/><D73/><U51/><E51/><V35/><F35/><N who="0" m="13322" /><D121/><U125/><E122/><V86/><F97/><W130/><G130/><T87/><D98/><U83/><E129/><V133/><F133/><W120/><G120/><T124/><D124/><U6/><E125/><V0/><F0/><W68/><G8/><T56/><D56/><U24/><E2/><V117/><F117/><W20/><G20/><T93/><D93/><U62/><E105/><V131/><F131/><W37/><G37/><T69/><D69/><U23/><E23/><V119/><F119/><W78/><G14/><T81/><D81/><U60/><E83/><V128/><F128/><W72/><G72/><T79/><D79/><U1/><E76/><V90/><F90/><W101/><G78/><T40/><AGARI ba="0,0" hai="40,44,50,84,87,89,95,96" m="13322,42059" machi="40" ten="30,7900,0" yaku="14,1,52,3" doraHai="30" who="0" fromWho="0" sc="247,79,235,-20,324,-20,194,-39" /><INIT seed="4,0,0,5,3,108" ten="326,215,304,155" oya="0" hai0="67,126,7,79,134,119,115,88,10,58,98,92,23" hai1="4,93,81,107,57,3,20,27,121,132,86,87,80" hai2="130,105,64,114,16,106,54,124,120,39,61,55,37" hai3="42,90,31,77,85,43,96,26,84,56,68,133,0"/><T127/><D119/><U24/><E107/><V99/><F120/><W128/><G68/><T29/><D79/><U32/><E121/><V118/><F118/><W1/><G133/><T15/><D134/><U52/><E132/><V125/><F130/><W112/><G128/><T53/><D67/><U49/><E32/><V11/><F114/><W76/><G96/><T75/><D75/><U123/><E123/><V101/><F106/><W34/><G56/><T74/><D74/><U19/><E93/><V38/><F11/><W72/><G72/><T44/><D44/><U66/><E3/><V95/><F105/><W13/><G13/><T122/><D122/><U73/><E4/><V36/><N who="2" m="9216" /><DORA hai="63" /><V21/><F124/><W40/><G112/><T69/><D69/><U131/><E73/><V71/><REACH who="2" step="1"/><F125/><REACH who="2" ten="326,215,294,155" step="2"/><W17/><G0/><T110/><D115/><U18/><E131/><V2/><F2/><W65/><G1/><T50/><REACH who="0" step="1"/><D110/><REACH who="0" ten="316,215,294,155" step="2"/><U6/><E66/><V62/><F62/><W48/><G65/><T60/><D60/><U51/><E51/><V100/><F100/><W59/><G48/><T102/><D102/><U8/><E49/><V9/><F9/><W117/><G117/><T83/><D83/><U25/><E81/><V28/><F28/><W135/><G31/><T109/><D109/><U22/><E80/><V78/><F78/><W94/><G135/><T35/><D35/><U82/><E82/><V103/><F103/><W33/><G34/><T89/><D89/><U5/><E8/><V47/><F47/><W97/><G33/><T113/><D113/><RYUUKYOKU ba="0,2" sc="316,15,215,-15,294,15,155,-15" hai0="7,10,15,23,29,50,53,58,88,92,98,126,127" hai2="16,21,54,55,61,64,71,95,99,101" /><INIT seed="4,1,2,3,2,53" ten="331,200,309,140" oya="0" hai0="11,61,85,100,69,58,106,22,108,83,84,28,46" hai1="92,65,79,101,130,41,18,87,113,54,116,6,15" hai2="40,29,123,127,104,125,44,80,76,94,43,27,42" hai3="23,74,26,66,95,126,48,129,97,81,14,4,124"/><T102/><D69/><U112/><E116/><V52/><F104/><W86/><G129/><T132/><D132/><U105/><E105/><V55/><F94/><W70/><G74/><T96/><D108/><U90/><E101/><V45/><F123/><W50/><G70/><T51/><D11/><U56/><E6/><V120/><F120/><W103/><G66/><T9/><D9/><U115/><E65/><V63/><F80/><W99/><G99/><T67/><D100/><U21/><E41/><V82/><F45/><W5/><G14/><T49/><D85/><U8/><E79/><V88/><F44/><W121/><G121/><T37/><D37/><U59/><E130/><V73/><F88/><N who="3" m="51279" /><G126/><N who="2" m="48137" /><F63/><W3/><G3/><T47/><D47/><U60/><REACH who="1" step="1"/><E59/><REACH who="1" ten="331,190,309,140" step="2"/><V38/><F38/><W122/><G122/><T72/><D46/><U57/><E57/><V75/><F75/><W107/><G107/><T32/><D72/><U71/><E71/><V33/><AGARI ba="1,3" hai="27,29,33,40,42,43,52,55,73,76,82" m="48137" machi="33" ten="30,2000,0" yaku="18,1,54,1" doraHai="53" who="2" fromWho="2" sc="331,-11,190,-6,309,53,140,-6" /><INIT seed="5,0,0,5,1,32" ten="320,184,362,134" oya="1" hai0="109,62,65,51,68,84,52,89,94,73,17,125,114" hai1="118,57,28,102,78,105,122,81,7,9,44,72,39" hai2="90,50,104,70,29,64,69,2,111,1,133,31,37" hai3="21,92,83,8,20,82,86,66,15,96,11,41,36"/><U23/><E118/><V112/><F111/><W14/><G66/><T98/><D109/><U128/><E122/><V117/><F37/><W53/><G36/><T25/><D73/><U13/><E128/><V45/><F104/><W71/><G71/><T75/><D75/><U58/><E102/><V3/><F117/><W27/><G41/><T33/><D114/><U34/><E105/><V40/><F112/><W120/><G120/><T113/><D113/><U101/><E101/><V116/><F116/><W99/><G53/><T126/><D33/><U43/><E34/><V79/><F79/><W76/><G27/><T91/><D25/><U74/><E72/><V100/><F100/><W22/><G83/><T129/><D129/><U47/><E28/><V35/><F133/><W61/><G61/><T93/><REACH who="0" step="1"/><D17/><REACH who="0" ten="310,184,362,134" step="2"/><U42/><E23/><V77/><F35/><W46/><G22/><T124/><D124/><U12/><E13/><V19/><F19/><W54/><G21/><T95/><D95/><U55/><E12/><V110/><F110/><W0/><G92/><T88/><D88/><U38/><REACH who="1" step="1"/><E55/><REACH who="1" ten="310,174,362,134" step="2"/><N who="2" m="30159" /><F31/><W30/><G30/><T48/><D48/><U87/><E87/><V131/><F29/><W135/><G20/><T106/><D106/><U119/><E119/><V85/><F131/><W26/><G15/><T107/><D107/><U80/><E80/><V121/><F121/><W108/><G14/><T67/><D67/><U60/><E60/><V134/><F64/><W97/><G54/><T4/><D4/><U49/><E49/><V16/><F134/><W103/><G82/><RYUUKYOKU ba="0,2" sc="310,15,174,15,362,-15,134,-15" hai0="51,52,62,65,68,84,89,91,93,94,98,125,126" hai1="7,9,38,39,42,43,44,47,57,58,74,78,81" /><INIT seed="5,1,2,1,3,42" ten="325,189,347,119" oya="1" hai0="122,129,7,54,11,113,128,43,45,59,62,47,74" hai1="26,38,68,30,116,63,0,75,124,102,87,36,44" hai2="70,33,77,135,21,88,121,72,98,131,51,95,101" hai3="25,2,119,46,61,118,127,117,82,50,84,86,81"/><U115/><E116/><V20/><F33/><W91/><G2/><T134/><D74/><U105/><E75/><V106/><F70/><W31/><G61/><T60/><D113/><U94/><E0/><V71/><F121/><W107/><G107/><T6/><D122/><U132/><E132/><V28/><F131/><N who="0" m="50250" /><D134/><U120/><E120/><V41/><F71/><W100/><G100/><T48/><D6/><U15/><E124/><V12/><F135/><W55/><G127/><T35/><D35/><U24/><E115/><V39/><F39/><W17/><G17/><T125/><D125/><U85/><E105/><V103/><F21/><W23/><REACH who="3" step="1"/><G86/><REACH who="3" ten="325,189,347,109" step="2"/><T126/><D126/><U112/><E112/><V96/><F103/><W52/><G52/><T14/><D43/><U93/><E102/><V79/><F72/><W66/><G66/><T110/><D110/><U8/><E63/><AGARI ba="1,3" hai="7,11,14,45,47,48,54,59,60,62,63" m="50250" machi="63" ten="30,3900,0" yaku="19,1,52,2" doraHai="42" who="0" fromWho="1" sc="325,72,189,-42,347,0,109,0" /><INIT seed="6,0,0,2,2,42" ten="397,147,347,109" oya="2" hai0="67,64,99,111,133,60,87,127,12,84,68,55,6" hai1="69,57,79,28,75,19,72,78,129,103,62,16,56" hai2="2,102,33,61,40,22,93,92,108,113,104,29,13" hai3="38,106,100,35,76,14,101,5,131,71,58,135,39"/><V90/><F113/><W44/><G71/><T45/><D111/><U32/><E69/><V88/><F2/><W7/><G35/><T34/><D34/><U17/><E32/><V54/><F108/><W3/><G76/><T82/><D133/><U4/><E28/><V65/><F33/><W49/><G135/><T77/><D127/><U10/><E103/><V86/><F40/><W47/><G131/><T23/><D99/><U83/><E129/><V115/><F115/><W94/><G106/><T122/><D122/><U107/><E107/><V117/><F117/><W63/><G3/><T27/><D84/><U109/><E109/><V18/><F29/><W119/><G119/><T73/><D73/><U52/><E57/><V0/><F0/><W123/><G123/><T121/><D121/><U20/><E20/><V66/><F104/><W96/><G39/><T124/><D124/><U116/><E116/><V51/><F102/><N who="3" m="39531" /><G38/><T36/><D36/><U43/><E43/><V24/><F61/><W114/><G114/><T130/><D130/><U1/><REACH who="1" step="1"/><E19/><REACH who="1" ten="397,137,347,109" step="2"/><V125/><F125/><W126/><G126/><T50/><D68/><U98/><E98/><N who="2" m="57607" /><F24/><W37/><G37/><T41/><D27/><U118/><E118/><V112/><F112/><W85/><G96/><T134/><D134/><U89/><E89/><V53/><F53/><N who="3" m="32047" /><G94/><T81/><D55/><U80/><AGARI ba="0,1" hai="1,4,10,16,17,52,56,62,72,75,78,79,80,83" machi="80" ten="30,8000,1" yaku="1,1,0,1,9,1,54,2,53,0" doraHai="42" doraHaiUra="97" who="1" fromWho="1" sc="397,-20,137,90,347,-40,109,-20" /><INIT seed="7,0,0,4,3,71" ten="377,227,307,89" oya="3" hai0="127,59,45,40,36,17,113,33,50,65,106,7,66" hai1="77,44,123,37,48,133,80,60,90,46,52,103,74" hai2="67,56,25,16,130,11,57,111,64,84,58,109,8" hai3="39,13,115,47,128,31,18,51,12,89,2,49,104"/><W110/><G104/><T121/><D106/><U20/><E123/><V126/><F130/><W117/><G117/><T134/><D33/><U29/><E133/><V23/><F126/><W96/><G128/><T61/><D7/><U87/><E103/><V122/><F122/><W129/><G129/><T19/><D121/><U105/><E105/><V120/><F120/><W53/><G2/><T0/><D0/><U22/><E29/><V135/><F135/><W124/><G124/><T92/><D127/><U62/><E20/><V88/><F111/><W116/><G116/><T32/><D32/><U79/><E79/><V94/><F109/><W73/><G73/><T4/><D4/><U38/><E22/><V55/><F55/><N who="3" m="30143" /><G39/><T72/><D72/><U83/><REACH who="1" step="1"/><E46/><REACH who="1" ten="377,217,307,89" step="2"/><V54/><F54/><W68/><G110/><T86/><D134/><U70/><E70/><V131/><REACH who="2" step="1"/><F131/><REACH who="2" ten="377,217,297,89" step="2"/><W35/><G68/><N who="0" m="42031" /><D113/><U102/><E102/><V119/><F119/><W5/><G115/><T100/><D100/><U9/><E9/><AGARI ba="0,2" hai="8,9,11,16,23,25,56,57,58,64,67,84,88,94" machi="9" ten="40,8000,1" yaku="1,1,8,1,54,2,53,1" doraHai="71" doraHaiUra="82" who="2" fromWho="1" sc="377,0,217,-80,297,100,89,0" owari="377,18.0,137,-26.0,397,49.0,89,-41.0" /></mjloggm>