<mjloggm ver="2.3"><GO type="225" lobby="0"/><UN n0="%E3%83%88%E3%83%88%E3%83%AA%E5%85%88%E7%94%9F%31%39%E6%AD%B3" n1="%E4%B8%96%E3%82%92%E7%9B%B4%E3%81%99%E8%80%85" n2="%E3%82%A8%E3%83%AB%E3%82%AD%E3%83%81" n3="%E3%81%AA%E3%81%A3%E3%81%8D%E3%82%8A" dan="18,17,16,16" rate="2269.10,2156.68,2179.90,2073.81" sx="F,M,M,M"/><TAIKYOKU oya="0"/><INIT seed="0,0,0,2,3,37" ten="250,250,250,250" oya="0" hai0="54,127,101,9,63,95,92,107,125,89,46,67,35" hai1="66,34,115,79,50,21,4,40,39,109,94,134,112" hai2="65,131,38,84,55,61,25,7,56,48,110,59,124" hai3="12,88,72,41,81,20,76,97,13,27,26,135,6"/><T71/><D35/><U2/><E34/><V96/><F110/><W23/><G135/><T133/><D133/><U18/><E134/><V129/><F7/><W47/><G6/><T111/><D111/><U10/><E109/><V86/><F38/><W98/><G98/><N who="0" m="61879" /><D9/><U36/><E66/><V14/><F124/><N who="0" m="47690" /><D89/><U43/><E79/><V118/><F118/><W91/><G91/><T93/><D54/><U70/><E10/><V28/><F14/><W78/><G78/><T68/><D46/><U119/><E119/><V60/><F96/><W83/><G26/><T3/><D3/><U99/><E2/><V104/><F104/><W51/><G20/><T90/><D90/><U24/><E21/><N who="2" m="15407" /><F61/><W123/><G123/><T82/><D82/><U22/><E22/><V85/><F131/><W57/><G57/><AGARI ba="0,0" hai="57,63,67,68,71,92,93,95" m="47690,61879" machi="57" ten="30,1500,0" yaku="18,1" doraHai="37" who="0" fromWho="3" sc="250,15,250,0,250,0,250,-15" /><INIT seed="0,1,0,1,1,12" ten="265,250,250,235" oya="0" hai0="17,127,14,20,105,46,16,11,59,57,47,94,2" hai1="1,77,33,30,34,80,74,85,112,67,56,31,40" hai2="124,99,90,0,44,48,133,104,75,73,22,64,29" hai3="92,130,111,70,81,43,69,62,27,106,49,91,21"/><T68/><D105/><U101/><E1/><V95/><F0/><W126/><G106/><T5/><D68/><U96/><E112/><V107/><F107/><W65/><G111/><T86/><D127/><U66/><E31/><V88/><F124/><W76/><G130/><T102/><D2/><U134/><E134/><V23/><F133/><W82/><G126/><T7/><D59/><U50/><E74/><V71/><F104/><W115/><G115/><T89/><D102/><U13/><E30/><V36/><F36/><W51/><G70/><T79/><D57/><U121/><E121/><V37/><F37/><W129/><G129/><T39/><D79/><U98/><E34/><V132/><F90/><W122/><G122/><T4/><D39/><U113/><E33/><V52/><F132/><W131/><G131/><T72/><D72/><U32/><E32/><V24/><REACH who="2" step="1"/><F23/><REACH who="2" ten="265,250,240,235" step="2"/><W58/><G76/><T78/><D78/><U83/><E77/><V54/><F54/><W38/><G38/><T128/><D128/><U10/><E113/><V9/><F9/><W41/><G41/><T117/><D117/><U19/><E40/><V118/><F118/><W3/><G3/><T35/><D35/><U60/><E10/><V110/><F110/><W63/><G43/><T42/><D42/><U116/><E116/><V93/><F93/><W45/><G91/><T8/><D8/><U25/><E66/><V15/><F15/><AGARI ba="1,1" hai="4,5,7,11,14,15,16,17,20,46,47,86,89,94" machi="15" ten="40,12000,1" yaku="8,1,52,2,54,1" doraHai="12" who="0" fromWho="2" sc="265,133,250,0,240,-123,235,0" /><INIT seed="0,2,0,5,3,46" ten="398,250,117,235" oya="0" hai0="18,132,58,126,114,47,110,56,102,109,29,93,1" hai1="8,43,62,2,107,92,5,55,116,67,34,73,42" hai2="119,37,24,32,99,78,77,98,127,121,36,130,113" hai3="11,115,23,39,129,81,131,75,112,65,52,122,35"/><T20/><D114/><N who="3" m="43561" /><G39/><N who="2" m="14921" /><F113/><W41/><G41/><T12/><D1/><U133/><E107/><V10/><F10/><W44/><G35/><T104/><D104/><U106/><E106/><V87/><F32/><W117/><G117/><T123/><D132/><U22/><E116/><V97/><F119/><W7/><G65/><T45/><D126/><U63/><E34/><V96/><N who="2" m="24576" /><DORA hai="33" /><V91/><F87/><W111/><G23/><T120/><D93/><U70/><E73/><V83/><F24/><W101/><G101/><T72/><D72/><U134/><E22/><V26/><F26/><W80/><G122/><T59/><D102/><U50/><E134/><V51/><F51/><N who="3" m="28775" /><G111/><N who="0" m="42507" /><D29/><U25/><E133/><V13/><F127/><W3/><G75/><T95/><D123/><U82/><E43/><V38/><N who="2" m="14929" /><V105/><DORA hai="30" /><F121/><W135/><G135/><T86/><D120/><U9/><E42/><V71/><F105/><W64/><G64/><T61/><D61/><U49/><E63/><V118/><F118/><W53/><G53/><T124/><D124/><U66/><E55/><V125/><F125/><W57/><G57/><T28/><D28/><U60/><E62/><V31/><F31/><W48/><G48/><T85/><D45/><U19/><E60/><V76/><F71/><W100/><G100/><T84/><D47/><U103/><E70/><V128/><F13/><W16/><G16/><T54/><D54/><U40/><E19/><V68/><F68/><W79/><G81/><T21/><D21/><U15/><E82/><V4/><F4/><W14/><G14/><RYUUKYOKU ba="2,0" sc="398,10,250,-30,117,10,235,10" hai0="12,18,20,56,58,59,84,85,86,95" hai2="76,77,78,83,91,128,130" hai3="3,7,11,79,80,129,131" /><INIT seed="0,3,0,4,2,102" ten="408,220,127,245" oya="0" hai0="58,91,70,25,27,97,9,134,71,109,36,111,12" hai1="104,107,120,123,56,127,130,125,121,18,38,8,135" hai2="13,30,112,11,57,89,93,83,45,73,24,42,88" hai3="50,103,43,0,14,110,92,39,54,19,15,32,105"/><T40/><D134/><U23/><E38/><V63/><F112/><W59/><G0/><T6/><D36/><U44/><E44/><V99/><F73/><W67/><G110/><N who="0" m="41995" /><D40/><U10/><E56/><V61/><F57/><W21/><G32/><T1/><D1/><U68/><E68/><N who="0" m="26153" /><D58/><U3/><E135/><V100/><F83/><W22/><G105/><N who="1" m="40522" /><E3/><V17/><F61/><N who="3" m="38335" /><G43/><T74/><D74/><U81/><E81/><V115/><F115/><W113/><G39/><T26/><D97/><U82/><E82/><V75/><F75/><W65/><G65/><T133/><D133/><U108/><E108/><V77/><F77/><W60/><G60/><T47/><D91/><U96/><E96/><V98/><F98/><N who="3" m="59847" /><G113/><T84/><D84/><U87/><E87/><V31/><F63/><W86/><G86/><T55/><D55/><U34/><E123/><V48/><REACH who="2" step="1"/><F31/><REACH who="2" ten="408,220,117,245" step="2"/><W33/><G33/><AGARI ba="3,1" hai="11,13,17,24,30,33,42,45,48,88,89,93,99,100" machi="33" ten="30,7700,0" yaku="1,1,2,1,7,1,54,1,53,0" doraHai="102" doraHaiUra="129" who="2" fromWho="3" sc="408,0,220,0,117,96,245,-86" /><INIT seed="1,0,0,4,2,68" ten="408,220,213,159" oya="1" hai0="98,19,45,60,106,6,83,90,118,84,17,72,102" hai1="46,62,126,32,123,37,88,91,109,63,96,49,12" hai2="20,71,13,115,43,23,28,66,134,22,42,111,100" hai3="16,14,110,116,40,70,55,52,124,0,51,89,36"/><U93/><E123/><V57/><F71/><W76/><G0/><T131/><D131/><U47/><E32/><V85/><F111/><W50/><G110/><T119/><D6/><U121/><E109/><V31/><F134/><W108/><G108/><T77/><D60/><U92/><E121/><V125/><F125/><W8/><G124/><T15/><D45/><U120/><E120/><V7/><F100/><W130/><G70/><T58/><D58/><U127/><E12/><V29/><F115/><W1/><G130/><T99/><D99/><U117/><E117/><V53/><F66/><W78/><G116/><T114/><D19/><U35/><E35/><V41/><F85/><W112/><G1/><T122/><D114/><U21/><E21/><V133/><F133/><W75/><G75/><T82/><D122/><U39/><E49/><N who="3" m="18442" /><G36/><T95/><D82/><U135/><REACH who="1" step="1"/><E96/><REACH who="1" ten="408,210,213,159" step="2"/><V73/><F13/><W30/><G112/><T25/><D25/><U64/><E64/><V104/><F20/><AGARI ba="0,1" hai="15,17,20,72,77,83,84,90,95,98,102,106,118,119" machi="20" ten="30,3900,0" yaku="7,1,24,2" doraHai="68" who="0" fromWho="2" sc="408,49,210,0,213,-39,159,0" /><INIT seed="2,0,0,4,0,85" ten="457,210,174,159" oya="2" hai0="92,21,47,51,57,53,115,101,135,52,121,35,2" hai1="96,70,88,123,31,99,58,83,40,111,30,39,56" hai2="33,110,27,72,66,14,87,28,100,20,105,16,25" hai3="78,113,69,37,117,91,134,44,38,102,103,36,86"/><V5/><F72/><W1/><G117/><T17/><D115/><U77/><E70/><V131/><F66/><W19/><G113/><T13/><D121/><U127/><E123/><V8/><F100/><W133/><G69/><T75/><D75/><U93/><E111/><V106/><F131/><W82/><G1/><T74/><D74/><U81/><E127/><V26/><F110/><W43/><G19/><T90/><D135/><N who="3" m="51721" /><G78/><T41/><D35/><U24/><E40/><V76/><REACH who="2" step="1"/><F27/><REACH who="2" ten="457,210,164,159" step="2"/><W97/><G103/><T107/><D101/><U126/><E24/><V55/><F55/><W15/><G15/><T23/><D2/><U80/><E126/><V9/><F9/><W60/><G60/><N who="0" m="35879" /><D107/><AGARI ba="0,1" hai="36,37,38,43,44,82,86,91,97,102,107" m="51721" machi="107" ten="30,2000,0" yaku="20,1,52,1" doraHai="85" who="3" fromWho="0" sc="457,-20,210,0,164,0,159,30" /><INIT seed="3,0,0,0,3,45" ten="437,210,164,189" oya="3" hai0="27,118,123,62,65,83,46,48,18,69,39,116,52" hai1="28,51,9,82,112,120,88,91,42,115,85,20,67" hai2="31,131,37,8,73,49,92,76,58,34,107,25,40" hai3="63,43,44,135,66,100,61,75,0,126,17,68,133"/><W14/><G75/><T33/><D123/><U78/><E120/><V110/><F107/><W132/><G126/><T95/><D95/><U97/><E67/><V53/><F110/><W121/><G121/><T125/><D125/><U24/><E9/><V56/><F131/><W64/><G0/><T22/><D33/><U11/><E11/><V32/><F56/><W81/><G81/><T54/><D39/><U105/><E91/><V127/><F127/><W59/><G100/><T35/><D35/><U90/><E90/><V50/><F37/><N who="3" m="21615" /><G17/><T4/><D4/><U93/><E105/><V55/><F40/><W30/><G14/><T3/><D3/><U12/><E12/><V72/><F34/><W84/><G84/><T130/><D130/><U96/><E97/><V104/><F104/><W1/><G1/><T13/><D54/><U113/><E42/><V111/><F111/><W77/><G30/><T26/><REACH who="0" step="1"/><D83/><REACH who="0" ten="427,210,164,189" step="2"/><U94/><E93/><V109/><F109/><W15/><G15/><T38/><D38/><U79/><E94/><V6/><F92/><W60/><G60/><T21/><D21/><U86/><E20/><V10/><F6/><W117/><G135/><T70/><D70/><U19/><E82/><N who="2" m="45319" /><F73/><W5/><G5/><T119/><AGARI ba="0,1" hai="13,18,22,26,27,46,48,52,62,65,69,116,118,119" machi="119" ten="30,7900,0" yaku="1,1,0,1,52,1,54,1,53,0" doraHai="45" doraHaiUra="129" who="0" fromWho="0" sc="427,89,210,-20,164,-20,189,-39" owari="516,62.0,190,-1.0,144,-36.0,150,-25.0" /></mjloggm>