<mjloggm ver="2.3"><GO type="193" lobby="0"/><UN n0="%6B%61%74%73%75%33%34" n1="%61%6B%69%73%69%6D%61%6E" n2="%E3%83%88%E3%83%88%E3%83%AA%E5%85%88%E7%94%9F%31%39%E6%AD%B3" n3="%E5%BD%B9%E6%BA%80%E3%83%81%E3%83%A7%E3%83%B3%E3%83%9C" dan="7,12,11,12" rate="1701.98,1741.09,1834.75,1808.12" sx="M,M,F,M"/><TAIKYOKU oya="0"/><INIT seed="0,0,0,0,1,31" ten="250,250,250,250" oya="0" hai0="114,110,10,29,17,83,41,100,63,95,129,62,2" hai1="108,59,3,50,107,53,28,96,25,86,52,135,97" hai2="69,68,93,15,123,85,20,75,55,121,113,44,8" hai3="92,89,22,112,56,27,103,42,32,57,21,84,81"/><T79/><D114/><U64/><E108/><V109/><F113/><W18/><G112/><T70/><D110/><U19/><E135/><V122/><F75/><W0/><G0/><T47/><D129/><U58/><E3/><V14/><F109/><W37/><G42/><T38/><D29/><U36/><E64/><V46/><F20/><W67/><G37/><T94/><D100/><U131/><E36/><V51/><F15/><W111/><G111/><T49/><D70/><U120/><E131/><V61/><F46/><W39/><G39/><T40/><D40/><U117/><E120/><V87/><F61/><N who="0" m="23050" /><D17/><U12/><E117/><V6/><REACH who="2" step="1"/><F93/><REACH who="2" ten="250,250,240,250" step="2"/><W104/><G104/><T5/><D49/><N who="1" m="30991" /><E107/><V132/><F132/><W102/><G92/><T65/><D65/><U130/><E130/><V66/><F66/><W133/><G67/><T54/><D54/><U118/><E118/><V26/><F26/><N who="3" m="14647" /><G133/><T76/><D76/><U23/><E86/><AGARI ba="0,1" hai="6,8,14,44,51,55,68,69,85,86,87,121,122,123" machi="86" ten="40,1300,0" yaku="1,1,53,0" doraHai="31" doraHaiUra="124" who="2" fromWho="1" sc="250,0,250,-13,240,23,250,0" /><INIT seed="1,0,0,4,1,21" ten="250,237,263,250" oya="1" hai0="10,69,122,91,75,31,102,33,30,114,19,60,94" hai1="24,27,13,43,22,45,123,105,116,23,127,83,113" hai2="39,129,128,86,4,101,3,20,26,36,87,118,125" hai3="63,109,106,17,55,100,6,46,92,110,98,11,53"/><U85/><E116/><V84/><F118/><W131/><G131/><N who="2" m="50249" /><F125/><W108/><G17/><T95/><D75/><U5/><E113/><V41/><F41/><W130/><G130/><T44/><D33/><U0/><E123/><V15/><F3/><W89/><G63/><T71/><D114/><U59/><E105/><V82/><F101/><W38/><G38/><N who="2" m="14377" /><F15/><N who="3" m="5623" /><G46/><T67/><D122/><U9/><E127/><V29/><F4/><W8/><G8/><T115/><D44/><U47/><E59/><V107/><F107/><W112/><G112/><T54/><D69/><U70/><E70/><V14/><F14/><W73/><G73/><T72/><D72/><U64/><E64/><V120/><F120/><W76/><G76/><AGARI ba="0,0" hai="20,26,29,76,82,84,86,87" m="14377,50249" machi="76" ten="30,2000,0" yaku="19,1,52,1" doraHai="21" who="2" fromWho="3" sc="250,0,237,0,263,20,250,-20" /><INIT seed="2,0,0,0,5,89" ten="250,237,283,230" oya="2" hai0="15,41,135,25,86,33,103,14,105,16,55,88,19" hai1="5,37,111,61,17,1,119,58,120,133,74,129,40" hai2="70,46,106,101,104,50,39,77,28,109,26,8,124" hai3="36,85,13,114,7,84,83,107,60,118,43,97,52"/><V42/><F70/><W22/><G118/><T128/><D105/><U11/><E119/><V23/><F124/><W94/><G43/><T127/><D103/><U80/><E111/><V10/><F109/><W96/><G36/><T38/><D127/><U126/><E126/><V75/><F75/><W48/><G60/><T2/><D2/><U4/><E4/><V90/><F77/><N who="3" m="46191" /><G107/><T24/><D38/><U92/><E129/><V44/><F104/><W115/><G85/><T21/><D41/><U116/><E133/><V112/><F112/><N who="3" m="43051" /><G22/><N who="0" m="11551" /><D33/><U132/><E120/><V134/><F134/><W12/><G96/><T87/><D128/><U30/><E132/><V56/><F42/><W18/><G18/><T64/><D87/><U32/><E17/><V20/><F39/><W73/><G73/><T91/><D64/><U110/><E116/><V117/><F117/><W71/><G7/><T34/><D34/><U81/><E110/><V67/><F23/><W93/><G71/><T3/><D3/><U123/><E123/><V78/><F67/><W54/><G54/><T63/><D135/><U35/><E35/><V65/><F65/><W62/><G62/><T57/><D91/><U102/><E74/><V53/><F90/><N who="3" m="55479" /><G94/><AGARI ba="0,0" hai="14,19,21,24,25,55,57,63,86,88,94" m="11551" machi="94" ten="30,7700,0" yaku="8,1,52,1,54,2" doraHai="89" who="0" fromWho="3" sc="250,77,237,0,283,0,230,-77" /><INIT seed="3,0,0,2,5,118" ten="327,237,283,153" oya="3" hai0="134,128,29,11,8,50,69,86,59,95,77,16,99" hai1="78,39,53,88,0,31,64,48,104,32,15,60,58" hai2="75,67,52,3,76,42,125,74,113,54,132,9,17" hai3="130,34,83,81,112,41,40,120,68,122,55,96,4"/><W72/><G34/><T80/><D69/><U71/><E104/><V129/><F113/><W46/><G68/><T110/><D110/><U51/><E78/><V97/><F129/><W98/><G112/><T119/><D128/><U2/><E39/><V44/><F132/><W101/><G130/><T84/><D134/><U49/><E32/><V63/><F125/><W14/><G55/><N who="0" m="32247" /><D29/><U62/><E31/><V105/><F97/><W28/><G28/><T103/><D119/><U115/><E115/><V20/><F105/><W85/><G72/><T10/><D86/><U108/><E15/><AGARI ba="0,0" hai="8,10,11,15,16,77,80,84,95,99,103" m="32247" machi="15" ten="30,2000,0" yaku="8,1,54,1" doraHai="118" who="0" fromWho="1" sc="327,20,237,-20,283,0,153,0" owari="347,45.0,217,-18.0,283,8.0,153,-35.0" /></mjloggm>