<mjloggm ver="2.3"><GO type="41" lobby="0"/><UN n0="%62%6E%6B%6D%74" n1="%E5%B0%B1%E6%B4%BB%E7%94%9F%40%E5%B7%9D%E6%9D%91%E8%BB%8D%E5%9B%A3" n2="%67%75%72%65%6E%65%6B%6F" n3="%4D%59%45%52%45%53" dan="13,14,13,13" rate="1908.53,1978.79,1963.02,1876.34" sx="M,M,M,M"/><TAIKYOKU oya="0"/><INIT seed="0,0,0,3,1,96" ten="250,250,250,250" oya="0" hai0="69,50,20,110,10,48,108,57,106,75,32,124,131" hai1="67,8,6,62,113,120,111,51,39,115,118,13,49" hai2="38,103,87,126,95,91,81,74,37,125,9,90,83" hai3="2,46,117,60,45,64,44,79,14,3,86,68,52"/><T99/><D69/><U85/><E120/><V132/><F37/><W65/><G117/><T104/><D75/><U109/><E39/><V54/><F38/><W122/><G122/><T93/><D32/><U5/><E118/><V24/><F9/><W55/><G65/><T77/><D77/><U123/><E123/><V135/><F24/><W21/><G14/><T27/><D124/><N who="2" m="47722" /><F74/><W40/><G21/><T76/><D76/><U92/><E6/><V89/><F54/><W33/><G33/><T29/><D131/><U88/><E51/><V114/><F114/><N who="1" m="43529" /><E49/><V129/><F103/><W130/><G130/><T11/><D48/><U94/><E94/><N who="2" m="54591" /><F129/><W121/><G121/><T127/><D127/><U66/><E66/><V97/><F91/><W73/><G73/><T101/><D50/><U134/><E134/><AGARI ba="0,0" hai="81,83,90,95,97,132,134,135" m="54591,47722" machi="134" ten="30,7700,0" yaku="20,1,18,1,34,2" doraHai="96" who="2" fromWho="1" sc="250,0,250,-77,250,77,250,0" /><INIT seed="1,0,0,4,1,46" ten="250,173,327,250" oya="1" hai0="72,49,12,118,79,120,56,39,7,97,130,42,123" hai1="127,37,70,124,115,110,92,113,73,19,135,4,15" hai2="58,41,106,20,16,117,71,89,90,3,126,6,91" hai3="67,85,11,38,81,13,65,61,50,78,77,55,51"/><U75/><E70/><V21/><F117/><W80/><G38/><T128/><D39/><U60/><E37/><V100/><F71/><W133/><G133/><T108/><D118/><U109/><E4/><V94/><F126/><N who="1" m="48169" /><E60/><V131/><F131/><N who="0" m="50218" /><D108/><N who="1" m="41579" /><E135/><V14/><F41/><W32/><G32/><T10/><D97/><U83/><E92/><V69/><F69/><W114/><G114/><N who="1" m="43530" /><E83/><V31/><F94/><W36/><G36/><T132/><D132/><U40/><E40/><V63/><F106/><W66/><G55/><N who="0" m="31855" /><D42/><U33/><E33/><V35/><F35/><W45/><G45/><T116/><D116/><U47/><E47/><V112/><F112/><W119/><G119/><T74/><D79/><U44/><E44/><V27/><F6/><W88/><G61/><T64/><D64/><U30/><E30/><V59/><F63/><W57/><G57/><N who="2" m="21513" /><F3/><W1/><G1/><T17/><D7/><U54/><E54/><V121/><F121/><AGARI ba="0,0" hai="10,12,17,72,74,120,121,123" m="31855,50218" machi="121" ten="30,3900,0" yaku="13,1,19,1,52,1" doraHai="46" who="0" fromWho="2" sc="250,39,173,0,327,-39,250,0" /><INIT seed="2,0,0,0,2,79" ten="289,173,288,250" oya="2" hai0="30,44,4,99,58,60,5,48,76,111,108,129,61" hai1="124,1,102,71,85,3,10,65,38,112,104,90,9" hai2="11,115,70,116,64,43,87,109,17,126,50,134,18" hai3="37,94,131,59,52,78,0,8,49,56,125,54,63"/><V72/><F116/><W20/><G131/><T33/><D129/><U25/><E112/><V89/><F115/><W57/><G125/><T35/><D76/><U97/><E124/><V22/><F126/><W31/><G37/><T23/><D99/><U6/><E38/><V118/><F118/><W7/><G78/><T2/><D2/><U32/><E9/><V100/><F72/><W120/><G94/><T46/><D23/><U53/><E53/><V42/><F134/><W27/><REACH who="3" step="1"/><G120/><REACH who="3" ten="289,173,288,240" step="2"/><T114/><D114/><U91/><E3/><V86/><F109/><W128/><G128/><T95/><D95/><U98/><E98/><V92/><F70/><W14/><G14/><T81/><D111/><U74/><E74/><V113/><F113/><W69/><G69/><T132/><D108/><U80/><E71/><V106/><F106/><W15/><G15/><T16/><D132/><U24/><E32/><V110/><F110/><W68/><G68/><T66/><D35/><U51/><E91/><V21/><F92/><W75/><G75/><T83/><D33/><U96/><E96/><V28/><F89/><W67/><G67/><T36/><D36/><U47/><E65/><V29/><F64/><W26/><G26/><T12/><D66/><U34/><E34/><V127/><F127/><W55/><G55/><T130/><D130/><U41/><AGARI ba="0,1" hai="1,6,10,24,25,41,47,51,80,85,90,97,102,104" machi="41" ten="20,2700,0" yaku="0,1,7,1,52,1" doraHai="79" who="1" fromWho="1" sc="289,-7,173,37,288,-13,240,-7" /><INIT seed="3,0,0,0,3,96" ten="282,210,275,233" oya="3" hai0="95,111,103,124,71,72,30,127,122,56,80,133,11" hai1="0,129,99,3,15,68,125,12,117,83,87,75,120" hai2="119,16,5,77,1,63,116,25,10,29,101,46,39" hai3="86,45,8,28,92,118,13,64,70,130,121,33,6"/><W131/><G118/><T74/><D71/><U102/><E68/><V36/><F77/><W123/><G45/><T26/><D122/><U4/><E120/><V21/><F63/><N who="3" m="40223" /><G28/><T78/><D11/><U32/><E117/><V19/><F46/><W2/><G33/><T97/><D56/><U61/><E32/><V34/><F39/><W53/><G53/><T94/><D30/><U84/><E125/><N who="0" m="48201" /><D26/><U43/><E129/><N who="3" m="49162" /><G13/><T57/><D57/><U49/><E75/><N who="0" m="28713" /><D111/><U31/><E61/><V115/><F36/><W112/><G112/><T93/><D133/><U48/><E31/><V66/><F115/><W27/><G27/><T110/><D110/><U89/><E4/><V67/><F116/><W65/><G65/><T7/><D7/><U82/><E43/><V50/><F119/><W55/><G55/><T59/><D59/><U81/><E3/><V107/><F67/><W51/><G51/><T128/><D128/><U88/><E0/><V69/><F50/><W79/><G79/><T105/><D105/><N who="1" m="63711" /><E49/><V47/><F47/><W91/><AGARI ba="0,0" hai="2,6,8,86,91,92,121,123" m="49162,40223" machi="91" ten="30,1500,0" yaku="19,1" doraHai="96" who="3" fromWho="3" sc="282,-5,210,-5,275,-5,233,15" /><INIT seed="3,1,0,1,1,11" ten="277,205,270,248" oya="3" hai0="62,91,97,21,23,24,135,15,10,28,51,61,93" hai1="102,33,78,82,121,90,116,18,20,72,106,118,85" hai2="113,104,66,80,87,50,49,134,126,65,83,81,3" hai3="17,114,57,1,105,27,0,19,132,34,16,122,100"/><W109/><G122/><T39/><D135/><U7/><E33/><V103/><F134/><W40/><G132/><T69/><D39/><U42/><E42/><V48/><F113/><W112/><G105/><T64/><D51/><U4/><E121/><V76/><F3/><W73/><G100/><T98/><D61/><U99/><E116/><V44/><F104/><W84/><G73/><T59/><D69/><U53/><E118/><V25/><F126/><W52/><G40/><T88/><D98/><U119/><E53/><V29/><F103/><W68/><G68/><T128/><D21/><U60/><E60/><V8/><F8/><W133/><G133/><T45/><D45/><U36/><E36/><V12/><F12/><W110/><G84/><T111/><D111/><N who="3" m="42505" /><G27/><T54/><D54/><U35/><E35/><V77/><F44/><W86/><G86/><T14/><D128/><U55/><E55/><V108/><F108/><W124/><G124/><T41/><D41/><U9/><E119/><V67/><REACH who="2" step="1"/><F87/><REACH who="2" ten="277,205,260,248" step="2"/><W94/><G34/><AGARI ba="1,1" hai="25,29,34,48,49,50,65,66,67,76,77,80,81,83" machi="34" ten="50,8000,1" yaku="1,1,2,1,29,2,53,1" doraHai="11" doraHaiUra="31" who="2" fromWho="3" sc="277,0,205,0,260,93,248,-83" /><INIT seed="4,0,0,4,1,66" ten="277,205,353,165" oya="0" hai0="116,72,62,55,39,124,3,31,119,1,70,125,20" hai1="6,94,117,4,46,126,98,15,64,44,22,67,112" hai2="53,42,19,104,91,92,135,86,99,27,107,96,2" hai3="133,69,45,111,50,71,11,24,58,82,30,76,115"/><T108/><D72/><U127/><E117/><V118/><F2/><W80/><G115/><T134/><D39/><U105/><E105/><V75/><F42/><W93/><G111/><T25/><D108/><U79/><E79/><V74/><F27/><W95/><G133/><T131/><D134/><U90/><E112/><V8/><F135/><W87/><G82/><T73/><D73/><U28/><E28/><V132/><F8/><W120/><G58/><T83/><D83/><U103/><E64/><V54/><F132/><W59/><G59/><T84/><D84/><U36/><E67/><V81/><F53/><W17/><G120/><T37/><D55/><U12/><E103/><V113/><F54/><W13/><G95/><T63/><D63/><U35/><E35/><V101/><F19/><W88/><G76/><T48/><D48/><U97/><E22/><V123/><F123/><W121/><G93/><T56/><D56/><U40/><E97/><V65/><F65/><W89/><G89/><T51/><D51/><U114/><E46/><V85/><F118/><N who="0" m="45098" /><D37/><U18/><E114/><V109/><F109/><W60/><G60/><T34/><D20/><U106/><E106/><V130/><F130/><W14/><G14/><N who="1" m="5162" /><E18/><V0/><F0/><N who="0" m="74" /><D131/><U29/><E29/><V38/><F38/><W129/><G129/><T21/><D21/><U57/><E57/><V100/><F113/><W43/><G121/><T16/><D16/><U5/><E36/><V33/><F33/><AGARI ba="0,0" hai="11,13,17,24,30,33,43,45,50,69,71,80,87,88" machi="33" ten="30,7700,0" yaku="7,1,52,2,54,1" doraHai="66" who="3" fromWho="2" sc="277,0,205,0,353,-77,165,77" /><INIT seed="5,0,0,2,1,90" ten="277,205,276,242" oya="1" hai0="53,121,133,104,30,132,36,128,5,85,115,127,35" hai1="79,47,63,46,43,51,56,135,13,52,61,93,62" hai2="101,27,102,10,20,94,130,57,87,54,78,95,18" hai3="25,49,16,17,45,107,114,106,50,14,59,125,111"/><U75/><E135/><N who="0" m="51785" /><D104/><U37/><E75/><V100/><F130/><W3/><G114/><T70/><D70/><U8/><E79/><V26/><F10/><W31/><G111/><T4/><D36/><U117/><E117/><V123/><F123/><W98/><G125/><T73/><D73/><U89/><E47/><V119/><F119/><W86/><G3/><T110/><D110/><U71/><E71/><V9/><F9/><W76/><G98/><T82/><D128/><U105/><E105/><V103/><N who="2" m="26112" /><DORA hai="116" /><V2/><F2/><W15/><G59/><T1/><D127/><U109/><E109/><V81/><REACH who="2" step="1"/><F26/><REACH who="2" ten="277,205,266,242" step="2"/><W96/><G25/><T34/><D121/><U42/><E42/><V126/><F126/><W72/><G107/><T68/><D1/><U60/><N who="1" m="15872" /><DORA hai="23" /><U91/><REACH who="1" step="1"/><E93/><REACH who="1" ten="277,195,266,242" step="2"/><V48/><AGARI ba="0,2" hai="18,20,27,48,54,57,78,81,87,94,95" m="26112" machi="48" ten="40,16000,3" yaku="1,1,0,1,8,1,52,3,53,4" doraHai="90,116,23" doraHaiUra="38,97,41" who="2" fromWho="2" sc="277,-40,195,-80,266,180,242,-40" /><INIT seed="6,0,0,5,0,123" ten="237,115,446,202" oya="2" hai0="68,110,64,44,81,45,17,118,87,26,111,11,3" hai1="33,101,54,32,10,90,27,96,125,113,49,35,95" hai2="20,78,133,4,14,34,120,67,46,30,7,1,61" hai3="66,109,117,73,119,77,55,6,76,8,37,24,53"/><V2/><F120/><W74/><G37/><T28/><D118/><U121/><E121/><V135/><F78/><W15/><G66/><T108/><D68/><U126/><E113/><V0/><F67/><W51/><G24/><T29/><D64/><U62/><E62/><V105/><F105/><W89/><G89/><T57/><D57/><U97/><E27/><N who="2" m="18783" /><F46/><W94/><G94/><T18/><D44/><U115/><E115/><V124/><F124/><W106/><G106/><T100/><D100/><U38/><E38/><V23/><F61/><W92/><G92/><T40/><D40/><U48/><E10/><N who="2" m="4423" /><F7/><W47/><G6/><N who="0" m="1503" /><D45/><U36/><E36/><V91/><F91/><W85/><G47/><T5/><D81/><U122/><E122/><V93/><F93/><W16/><G85/><T116/><D87/><U9/><E97/><V69/><F69/><W71/><G71/><T107/><D107/><U103/><E9/><V52/><F52/><W31/><G8/><T59/><D59/><U98/><E98/><V112/><F112/><W99/><G99/><T25/><D116/><U70/><E70/><V132/><AGARI ba="0,0" hai="0,1,2,20,23,132,133,135" m="4423,18783" machi="132" ten="40,7800,0" yaku="20,1,34,2" doraHai="123" who="2" fromWho="2" sc="237,-26,115,-26,446,78,202,-26" /><INIT seed="6,1,0,4,3,89" ten="211,89,524,176" oya="2" hai0="62,111,96,131,56,106,4,99,28,118,65,115,26" hai1="24,27,14,70,97,76,63,81,42,31,33,39,52" hai2="122,10,100,29,3,109,61,123,18,114,47,135,91" hai3="93,57,2,40,124,120,88,34,75,101,20,50,12"/><V45/><F114/><W71/><G120/><T98/><D115/><U78/><E24/><V112/><F100/><W85/><G124/><T17/><D111/><U37/><E42/><V128/><F112/><W54/><G75/><T15/><D131/><U49/><E14/><V0/><F128/><W72/><G72/><T104/><D118/><U43/><E43/><V103/><F103/><W25/><G71/><T32/><D4/><U94/><E63/><V119/><F119/><W126/><G126/><T74/><D74/><U35/><E35/><V30/><F109/><W134/><G134/><T110/><D110/><U48/><E48/><V130/><F130/><W16/><G34/><T60/><D60/><U38/><E70/><V87/><F135/><W77/><G2/><T8/><AGARI ba="1,0" hai="8,15,17,26,28,32,56,62,65,96,98,99,104,106" machi="8" ten="30,1100,0" yaku="0,1" doraHai="89" who="0" fromWho="0" sc="211,14,89,-4,524,-6,176,-4" /><INIT seed="7,0,0,4,5,117" ten="225,85,518,172" oya="3" hai0="7,5,63,92,125,35,19,43,105,61,107,83,50" hai1="100,55,128,122,1,20,70,21,24,31,17,126,27" hai2="85,99,116,118,132,95,48,91,79,90,38,51,45" hai3="40,103,106,30,131,77,42,78,53,22,34,81,74"/><W65/><G131/><T58/><D35/><U104/><E70/><V82/><F132/><W14/><G34/><T89/><D107/><U114/><E100/><V110/><F110/><W36/><G65/><T28/><D105/><U9/><E104/><V134/><F134/><W98/><G78/><T39/><D39/><U112/><E55/><V6/><F38/><W23/><G36/><T13/><D28/><U4/><E128/><V46/><F6/><W0/><G0/><T32/><D32/><U80/><E80/><V120/><F120/><W62/><G23/><T119/><D119/><U15/><E126/><V18/><F18/><W66/><G53/><N who="0" m="32055" /><D43/><U101/><E101/><V86/><F48/><W73/><G73/><T12/><D83/><U26/><REACH who="1" step="1"/><E122/><REACH who="1" ten="225,75,518,172" step="2"/><V130/><F130/><W8/><G106/><T97/><D125/><U113/><AGARI ba="0,1" hai="1,4,9,15,17,20,21,24,26,27,31,112,113,114" machi="113" ten="30,12000,2" yaku="1,1,2,1,0,1,15,1,34,3,53,0" doraHai="117" doraHaiUra="76" who="1" fromWho="1" sc="225,-30,75,130,518,-30,172,-60" owari="195,-20.0,205,1.0,488,58.0,112,-39.0" /></mjloggm>