<mjloggm ver="2.3"><GO type="169" lobby="0"/><UN n0="%E3%82%A6%E3%83%AB%E3%83%88%E3%83%A9%E7%AB%8B%E7%9B%B4" n1="%74%6F%6D%75%74%6F%6D%69" n2="%53%55%50%45%52%43%41%52" n3="%E3%81%BF%E3%81%8D%E3%81%BF%E3%81%8D%E2%99%AA" dan="17,16,17,16" rate="2174.33,2093.90,2201.61,2129.63" sx="M,M,M,M"/><TAIKYOKU oya="0"/><INIT seed="0,0,0,3,2,24" ten="250,250,250,250" oya="0" hai0="73,30,102,81,127,76,106,78,99,109,5,63,121" hai1="124,112,42,61,59,17,69,3,57,64,51,44,45" hai2="92,54,0,6,77,87,128,70,67,118,48,14,130" hai3="71,13,58,28,65,115,93,126,101,4,10,1,107"/><T119/><D119/><U122/><E3/><V108/><F0/><W62/><G115/><T16/><D121/><U90/><E90/><V35/><F35/><W89/><G126/><T60/><D127/><U125/><E17/><V98/><F118/><W32/><G1/><T75/><D5/><U52/><E122/><V123/><F123/><W26/><G58/><N who="1" m="22026" /><E112/><V38/><F38/><AGARI ba="0,0" hai="38,42,44,45,51,52,61,64,69,124,125" m="22026" machi="38" ten="30,3900,0" yaku="34,2,54,1" doraHai="24" who="1" fromWho="2" sc="250,0,250,39,250,-39,250,0" /><INIT seed="1,0,0,3,1,129" ten="250,289,211,250" oya="1" hai0="25,10,53,48,11,47,98,90,114,3,124,29,87" hai1="46,57,35,113,14,82,107,128,64,1,17,86,77" hai2="33,117,37,21,74,85,135,97,133,122,123,106,65" hai3="70,63,38,88,89,31,30,108,2,61,111,92,71"/><U76/><E107/><V126/><F33/><W34/><G38/><T5/><D114/><U134/><E113/><V52/><F37/><W109/><G2/><T15/><D98/><U54/><E1/><V8/><F74/><W119/><G119/><T40/><D124/><U101/><E35/><V95/><F117/><W84/><G89/><T93/><D40/><U60/><E134/><N who="2" m="51211" /><F126/><W39/><G39/><T44/><D44/><U105/><E105/><V120/><F65/><N who="3" m="41263" /><G34/><T66/><D66/><AGARI ba="0,0" hai="30,31,63,66,71,84,88,92,108,109,111" m="41263" machi="66" ten="30,2000,0" yaku="14,1,54,1" doraHai="129" who="3" fromWho="0" sc="250,-20,289,0,211,0,250,20" /><INIT seed="2,0,0,5,1,81" ten="230,289,211,270" oya="2" hai0="87,79,60,93,11,82,21,126,105,67,125,14,19" hai1="124,56,85,59,115,16,123,51,30,52,117,64,44" hai2="23,55,48,75,96,38,9,84,5,133,118,130,2" hai3="131,72,17,27,36,119,109,69,4,68,73,34,71"/><V65/><F75/><W28/><G119/><T134/><D105/><U103/><E115/><V45/><F118/><W132/><G109/><T20/><D134/><U90/><E117/><V47/><F133/><W18/><G132/><T104/><D104/><U77/><E124/><N who="0" m="47721" /><D93/><U32/><E103/><V7/><F130/><W86/><G131/><T97/><D97/><U89/><E30/><V53/><F65/><W135/><G135/><T92/><D92/><U31/><E31/><V101/><F5/><W61/><G36/><T46/><D46/><U42/><E32/><V24/><F38/><W110/><G110/><T74/><D74/><U112/><E112/><V76/><F76/><W58/><G4/><T127/><D127/><U121/><E77/><V57/><F84/><W49/><G49/><T116/><D116/><U26/><E90/><V128/><F55/><W111/><G111/><T43/><D43/><U114/><E64/><V6/><F6/><W40/><G40/><T95/><D95/><N who="1" m="54703" /><E42/><V80/><F80/><W35/><G73/><T107/><D107/><U13/><E26/><V108/><F128/><W83/><G72/><T70/><AGARI ba="0,0" hai="11,14,19,20,21,60,67,70,79,82,87" m="47721" machi="70" ten="30,2000,0" yaku="18,1,52,1" doraHai="81" who="0" fromWho="0" sc="230,20,289,-5,211,-10,270,-5" /><INIT seed="3,0,0,2,5,92" ten="250,284,201,265" oya="3" hai0="20,57,29,51,49,14,37,66,22,78,28,5,123" hai1="35,129,17,115,125,74,107,7,67,134,54,40,45" hai2="19,113,55,121,12,106,87,135,127,124,132,58,130" hai3="73,32,96,18,46,56,81,118,79,33,42,117,26"/><W108/><G108/><T128/><D37/><U75/><E115/><V133/><F113/><W82/><G82/><T50/><D123/><U102/><E35/><V114/><F114/><W83/><G83/><T99/><D78/><U91/><E129/><V25/><F106/><W31/><G33/><T93/><D128/><U97/><E67/><V76/><F121/><W39/><G56/><T98/><D5/><U86/><E7/><V105/><F105/><W72/><G72/><T68/><D68/><U63/><E125/><N who="2" m="48203" /><F25/><W100/><REACH who="3" step="1"/><G18/><REACH who="3" ten="250,284,201,255" step="2"/><N who="0" m="10327" /><D57/><U71/><E75/><V101/><F130/><W122/><G122/><T4/><D29/><U0/><E74/><V111/><F111/><W61/><G61/><T3/><D28/><U15/><E63/><N who="2" m="36319" /><F135/><W104/><AGARI ba="0,1" hai="26,31,32,39,42,46,73,79,81,96,100,104,117,118" machi="104" ten="20,18000,2" yaku="1,1,0,1,7,1,23,2,52,1,53,0" doraHai="92" doraHaiUra="126" who="3" fromWho="3" sc="250,-60,284,-60,201,-60,255,190" /><INIT seed="3,1,0,5,2,7" ten="190,224,141,445" oya="3" hai0="110,91,84,62,41,133,22,31,50,95,38,125,42" hai1="132,86,54,122,48,18,76,19,97,37,3,28,24" hai2="87,59,63,9,16,75,96,27,104,0,80,82,73" hai3="127,5,45,57,21,107,78,39,46,100,56,98,123"/><W61/><G123/><T135/><D38/><U30/><E122/><V71/><F71/><W70/><G70/><T66/><D110/><U99/><E37/><V94/><F104/><W29/><G78/><T90/><D125/><U128/><E128/><V64/><F0/><W103/><G100/><T6/><D50/><U115/><E3/><V131/><F131/><W121/><G121/><T44/><D44/><U51/><E132/><N who="0" m="50761" /><D91/><U33/><E115/><V109/><F109/><W126/><G5/><T67/><D6/><U83/><E48/><V25/><F75/><W40/><G46/><T72/><D72/><U124/><E124/><N who="3" m="47658" /><G61/><T120/><D120/><U13/><E18/><V58/><F73/><W11/><G11/><T112/><D112/><U88/><E30/><V111/><F111/><W36/><G36/><T60/><D60/><U108/><E76/><V49/><F59/><W102/><G102/><T134/><D134/><U20/><E108/><V1/><F1/><W117/><G117/><T17/><D62/><U23/><E33/><V130/><F130/><W2/><G2/><T14/><D31/><U8/><E23/><V69/><F49/><W101/><G101/><T119/><D119/><U116/><E116/><V85/><F69/><W68/><G68/><T12/><D67/><U114/><E114/><V32/><F63/><W74/><G74/><T55/><D66/><U53/><E53/><V129/><F64/><W77/><G77/><T106/><D55/><U81/><E81/><V93/><F129/><W113/><G113/><T79/><D79/><U35/><E35/><RYUUKYOKU ba="1,0" sc="190,-15,224,15,141,-15,445,15" hai1="8,13,19,20,24,28,51,54,83,86,88,97,99" hai3="21,29,39,40,45,56,57,98,103,107" /><INIT seed="3,2,0,0,5,50" ten="175,239,126,460" oya="3" hai0="127,101,94,5,33,88,106,102,66,19,52,108,39" hai1="55,8,99,25,81,111,60,40,100,63,16,80,74" hai2="28,30,96,75,132,14,86,121,35,79,23,10,2" hai3="43,98,57,22,133,114,109,77,128,44,15,59,85"/><W119/><G114/><T38/><D33/><U20/><E111/><V46/><F75/><W122/><G119/><T11/><D66/><U135/><E135/><V24/><F132/><W29/><G122/><T104/><D19/><U41/><E74/><V97/><F121/><W49/><G98/><T82/><D82/><N who="1" m="31851" /><E63/><V115/><F115/><W131/><G77/><T83/><D83/><U31/><E99/><V91/><F79/><W6/><G85/><T53/><D108/><U113/><E100/><V123/><F123/><W84/><G84/><T69/><D69/><U34/><E34/><V17/><F46/><W134/><G109/><T21/><D94/><U92/><E92/><N who="2" m="54391" /><F30/><W48/><G6/><AGARI ba="2,0" hai="2,6,10,14,17,23,24,28,35,96,97" m="54391" machi="6" ten="30,1000,0" yaku="24,1" doraHai="50" who="2" fromWho="3" sc="175,0,239,0,126,16,460,-16" /><INIT seed="4,0,0,5,2,101" ten="175,239,142,444" oya="0" hai0="70,104,57,100,129,31,88,91,11,53,42,87,66" hai1="26,103,15,71,38,22,118,126,134,23,48,36,135" hai2="80,93,40,24,9,34,123,99,108,105,5,12,110" hai3="16,85,83,94,62,89,55,46,130,64,0,120,37"/><T117/><D129/><U122/><E122/><V98/><F123/><W114/><G0/><T72/><D117/><U61/><E118/><V81/><F40/><W112/><G130/><T58/><D72/><U128/><E48/><V119/><F119/><W67/><G67/><T4/><D42/><U106/><E128/><V49/><F49/><W44/><G37/><T76/><D70/><U6/><E126/><V84/><F80/><W1/><G55/><T28/><D104/><U124/><E124/><V56/><F56/><W77/><G1/><T10/><D100/><U14/><E61/><V52/><F52/><W65/><G16/><T41/><D41/><U59/><E59/><N who="0" m="22537" /><D53/><U29/><E71/><V21/><F34/><W68/><G64/><T113/><D113/><N who="3" m="43625" /><G120/><T115/><D66/><U7/><E103/><V3/><F3/><W35/><G35/><T96/><D115/><U133/><E106/><V92/><F105/><W69/><G69/><T86/><D4/><U27/><E135/><V50/><F50/><W121/><G121/><T51/><D51/><U125/><E125/><V132/><F132/><W30/><G30/><AGARI ba="0,0" hai="6,7,14,15,22,23,26,27,29,30,36,38,133,134" machi="30" ten="25,1600,0" yaku="22,2" doraHai="101" who="1" fromWho="3" sc="175,0,239,16,142,0,444,-16" /><INIT seed="5,0,0,1,1,99" ten="175,255,142,428" oya="1" hai0="35,31,120,38,88,71,5,42,45,95,49,10,117" hai1="15,43,68,79,70,53,97,110,107,61,8,102,72" hai2="86,121,9,7,23,82,81,64,39,103,96,118,66" hai3="78,57,76,6,101,87,126,111,116,17,92,77,93"/><U65/><E43/><V69/><F121/><W55/><G6/><T11/><D71/><U27/><E27/><V19/><F118/><W124/><G111/><T131/><D117/><U104/><E104/><V135/><F39/><W21/><G116/><T28/><D120/><U127/><E127/><V22/><F135/><W25/><G92/><T18/><D131/><U85/><E72/><V30/><F30/><W113/><G113/><T52/><D18/><U37/><E37/><V128/><F128/><W32/><G32/><T84/><D35/><U80/><E53/><V3/><F69/><W67/><G67/><T26/><D26/><U50/><E50/><V83/><F86/><W106/><G106/><T60/><D60/><U33/><E33/><V41/><F41/><W112/><G112/><T1/><D11/><U40/><E40/><V56/><F56/><AGARI ba="0,0" hai="1,5,10,28,31,38,42,45,49,52,56,84,88,95" machi="56" ten="30,3900,0" yaku="7,1,54,2" doraHai="99" who="0" fromWho="2" sc="175,39,255,0,142,-39,428,0" /><INIT seed="6,0,0,1,0,20" ten="214,255,103,428" oya="2" hai0="82,33,94,131,55,27,67,50,117,133,109,41,16" hai1="96,110,61,127,36,21,45,11,112,104,18,79,119" hai2="52,98,25,80,8,108,124,68,97,59,2,15,23" hai3="122,74,57,56,111,30,92,19,14,53,42,78,76"/><V22/><F68/><W91/><G111/><T5/><D109/><U77/><E110/><V35/><F108/><W26/><G74/><T0/><D131/><U103/><E119/><V34/><F2/><W44/><G42/><T31/><D133/><U85/><E112/><V134/><F134/><W99/><G44/><T81/><D41/><U17/><E127/><V6/><F124/><W24/><G30/><T130/><D130/><U46/><E36/><V39/><F39/><W88/><G91/><T75/><D75/><U135/><E61/><V86/><F35/><W54/><G56/><T89/><D67/><U43/><E43/><V102/><F34/><W69/><G69/><T113/><D113/><U32/><E32/><V90/><F102/><W116/><G122/><T64/><D64/><U40/><E40/><V12/><F12/><W66/><G66/><T107/><D5/><U132/><E132/><V51/><F23/><N who="3" m="11767" /><G54/><T63/><D107/><U126/><E126/><V84/><F84/><W37/><G37/><T62/><D0/><U60/><E60/><V65/><F65/><W120/><G120/><T100/><D62/><U4/><E18/><AGARI ba="0,0" hai="6,8,15,18,22,25,51,52,59,80,86,90,97,98" machi="18" ten="30,11600,0" yaku="7,1,8,1,52,1,54,1" doraHai="20" who="2" fromWho="1" sc="214,0,255,-116,103,116,428,0" /><INIT seed="6,1,0,0,0,52" ten="214,139,219,428" oya="2" hai0="71,27,6,5,14,32,80,34,37,49,65,101,8" hai1="128,86,103,126,109,118,84,82,129,36,76,87,9" hai2="124,43,102,116,108,78,111,67,10,55,63,77,1" hai3="0,106,70,60,12,66,40,93,107,117,59,133,22"/><V119/><F102/><W25/><G0/><T19/><D37/><U51/><E9/><V127/><F43/><W41/><G133/><T44/><D101/><U57/><E36/><V75/><F55/><W81/><G81/><T47/><D65/><U26/><E26/><V121/><F121/><W56/><G117/><N who="2" m="45129" /><F10/><W46/><G12/><T21/><D71/><U17/><E17/><V11/><F11/><W54/><G70/><T64/><D64/><U115/><E118/><V96/><F96/><W104/><G93/><T130/><D130/><N who="1" m="50283" /><E109/><N who="2" m="42059" /><F1/><W4/><G41/><T91/><D5/><U95/><E115/><V113/><F113/><W61/><G4/><T29/><D47/><U16/><E126/><N who="2" m="48171" /><F75/><W39/><G104/><T74/><D74/><U33/><E103/><V20/><F20/><W92/><G92/><T90/><D6/><U48/><E95/><V2/><F2/><W125/><G125/><T38/><D8/><U50/><E16/><AGARI ba="1,0" hai="16,22,25,39,40,46,54,56,59,60,61,66,106,107" machi="16" ten="30,7700,0" yaku="7,1,52,2,54,1" doraHai="52" who="3" fromWho="1" sc="214,0,139,-80,219,0,428,80" /><INIT seed="7,0,0,3,4,6" ten="214,59,219,508" oya="3" hai0="111,85,52,108,35,49,20,73,51,0,124,129,87" hai1="19,23,68,125,94,60,93,89,40,95,115,32,77" hai2="83,47,99,38,13,112,44,67,39,100,88,92,7" hai3="91,5,116,69,43,122,9,45,130,2,70,97,107"/><W8/><G91/><T11/><D35/><U10/><E115/><V78/><F112/><W65/><G45/><N who="2" m="17481" /><F39/><W34/><G97/><T30/><D73/><U134/><E32/><V28/><F38/><W62/><G5/><T102/><D102/><U90/><E125/><V25/><F67/><W81/><G62/><T79/><D129/><U63/><E134/><V98/><F78/><W24/><G24/><T50/><D52/><U74/><E68/><V16/><F7/><W46/><G81/><T18/><D124/><U110/><E110/><V4/><F4/><W26/><G26/><T27/><D0/><U71/><E71/><V76/><F76/><W120/><G46/><T55/><D55/><U118/><E118/><V101/><F83/><W114/><G120/><T22/><D22/><U84/><E40/><V66/><F66/><W123/><G43/><T59/><D59/><U1/><E77/><V132/><F99/><W119/><G65/><T80/><D87/><U104/><E104/><V86/><F98/><W135/><G107/><T3/><D3/><U103/><E103/><V12/><F132/><W33/><G2/><T121/><D121/><U126/><E74/><V41/><F41/><W57/><G114/><T29/><D29/><U48/><E126/><V82/><F28/><W14/><G119/><T131/><D131/><U72/><E72/><V42/><F42/><W128/><G116/><T36/><D36/><U37/><E37/><V17/><F100/><W75/><G128/><T53/><D53/><U106/><E106/><V58/><F101/><W133/><G130/><RYUUKYOKU ba="0,0" sc="214,30,59,-10,219,-10,508,-10" hai0="11,18,20,27,30,49,50,51,79,80,85,108,111" owari="244,4.0,49,-45.0,209,-19.0,498,60.0" /></mjloggm>