<mjloggm ver="2.3"><GO type="169" lobby="0"/><UN n0="%E3%83%97%E3%83%AD%E3%83%86%E3%82%A4%E3%83%B3%E5%BE%97%E7%9B%9B" n1="%E7%AB%B9%E7%94%B0%E8%AA%A0%E5%BF%97" n2="%63%75%72%65%74%61%70%65" n3="%E3%83%88%E3%83%88%E3%83%AA%E5%85%88%E7%94%9F%31%39%E6%AD%B3" dan="17,16,16,18" rate="2160.09,2040.99,2168.78,2285.09" sx="M,M,M,F"/><TAIKYOKU oya="0"/><INIT seed="0,0,0,3,4,77" ten="250,250,250,250" oya="0" hai0="80,18,63,5,113,131,73,53,42,111,85,109,20" hai1="44,38,56,130,99,118,112,120,31,101,23,117,36" hai2="0,114,25,1,6,45,76,65,13,108,19,54,22" hai3="91,27,12,66,8,67,71,28,123,58,61,88,34"/><T4/><D73/><U51/><E31/><V133/><F114/><W128/><G128/><T79/><D113/><U129/><E23/><V110/><F133/><W15/><G123/><T39/><D131/><N who="1" m="50187" /><E99/><V26/><F65/><W16/><G67/><T2/><D2/><U3/><E101/><V57/><F45/><W41/><G71/><T70/><D42/><N who="1" m="24983" /><E3/><V104/><F104/><W37/><G41/><T62/><D39/><N who="1" m="14891" /><E112/><V60/><F1/><W74/><G37/><T7/><D70/><U40/><E40/><V86/><F0/><W52/><G74/><T89/><D79/><U21/><E21/><V75/><F75/><W94/><G94/><T125/><D125/><U106/><E106/><V87/><F87/><W95/><G95/><T30/><D30/><U126/><E120/><V83/><REACH who="2" step="1"/><F6/><REACH who="2" ten="250,250,240,250" step="2"/><W135/><G135/><T48/><D111/><AGARI ba="0,1" hai="13,19,22,25,26,54,57,60,76,83,86,108,110,111" machi="111" ten="40,8000,1" yaku="1,1,2,1,14,1,52,1,53,0" doraHai="77" doraHaiUra="64" who="2" fromWho="0" sc="250,-80,250,0,240,90,250,0" /><INIT seed="1,0,0,4,0,107" ten="170,250,330,250" oya="1" hai0="63,18,13,36,14,64,123,59,15,106,61,90,121" hai1="23,84,120,33,32,104,110,17,29,134,99,55,117" hai2="8,26,65,91,82,41,52,105,7,57,45,40,85" hai3="115,19,44,119,130,46,87,129,24,28,38,42,132"/><U47/><E117/><V4/><F105/><W76/><G115/><T88/><D106/><U12/><E120/><N who="0" m="46153" /><D36/><U122/><E122/><V109/><F65/><W101/><G119/><T49/><D49/><U30/><E134/><V77/><F41/><W34/><G132/><T111/><D111/><U43/><E110/><V60/><F109/><W78/><G101/><T116/><D116/><U83/><E55/><V54/><F54/><W31/><G46/><T95/><D63/><U74/><E74/><V79/><F26/><N who="3" m="18711" /><G19/><T108/><D108/><U67/><E67/><V68/><F68/><W16/><G87/><N who="0" m="52639" /><D90/><U75/><E75/><V96/><F96/><W22/><G31/><T0/><D0/><U131/><E131/><AGARI ba="0,0" hai="16,22,24,38,42,44,76,78,129,130,131" m="18711" machi="131" ten="30,2000,0" yaku="19,1,54,1" doraHai="107" who="3" fromWho="1" sc="170,0,250,-20,330,0,250,20" /><INIT seed="2,0,0,2,1,96" ten="170,230,330,270" oya="2" hai0="123,95,61,65,24,114,86,88,0,15,21,111,50" hai1="76,98,19,2,30,25,53,56,97,134,131,37,109" hai2="78,99,13,120,79,38,105,36,49,7,32,126,28" hai3="127,45,11,83,58,132,27,80,110,106,54,40,133"/><V68/><F120/><W42/><G106/><T18/><D123/><U92/><E37/><V62/><F126/><W41/><G127/><T59/><D114/><U35/><E2/><V129/><F129/><W100/><G110/><T121/><D121/><U117/><E109/><V72/><F79/><W9/><G27/><T34/><D111/><U87/><E131/><V102/><F49/><W135/><G45/><T1/><D34/><U93/><E117/><V130/><F130/><W23/><G23/><T51/><D1/><U60/><E134/><V5/><F5/><W90/><G100/><T4/><REACH who="0" step="1"/><D0/><REACH who="0" ten="160,230,330,270" step="2"/><U73/><E35/><V74/><F32/><W43/><G132/><T103/><D103/><U16/><E73/><V113/><F113/><W112/><G112/><T48/><D48/><U39/><E39/><V3/><F3/><W52/><G133/><T116/><D116/><U57/><E60/><V89/><F74/><W77/><G135/><T14/><D14/><U91/><E25/><V101/><F101/><W33/><G33/><T12/><D12/><U85/><E30/><V6/><F13/><W31/><G31/><T70/><D70/><U44/><E19/><V107/><F28/><W75/><G75/><T122/><D122/><U22/><E16/><V55/><F38/><W63/><G63/><T69/><D69/><U94/><E22/><V81/><F36/><W46/><G11/><AGARI ba="0,1" hai="4,11,15,18,21,24,50,51,59,61,65,86,88,95" machi="11" ten="40,5200,0" yaku="1,1,8,1,54,1,53,0" doraHai="96" doraHaiUra="64" who="0" fromWho="3" sc="160,62,230,0,330,0,270,-52" /><INIT seed="3,0,0,5,2,25" ten="222,230,330,218" oya="3" hai0="99,26,69,7,17,23,104,123,29,12,133,39,52" hai1="107,95,110,117,4,66,65,54,74,103,62,75,101" hai2="121,58,71,106,6,24,43,56,11,92,116,98,112" hai3="33,63,40,32,125,102,134,20,129,16,38,78,64"/><W132/><G129/><T97/><D123/><U61/><E4/><V111/><F112/><W130/><G130/><T85/><D69/><U18/><E110/><V60/><F116/><W70/><G125/><T122/><D122/><U10/><E117/><V59/><F121/><W118/><G118/><T19/><D39/><U100/><E107/><V44/><F106/><W2/><G2/><T80/><D133/><N who="3" m="51305" /><G102/><T86/><D104/><U108/><E108/><V34/><F111/><W53/><G78/><T41/><D41/><U94/><E103/><V96/><F43/><W0/><G0/><T5/><D86/><U88/><E101/><V57/><F98/><N who="0" m="37386" /><D52/><U37/><E100/><V50/><F96/><W87/><G87/><T77/><D17/><U91/><E54/><V47/><F6/><W76/><G76/><T42/><D42/><U127/><E18/><V115/><F50/><W14/><G53/><T1/><D1/><U79/><E79/><V9/><F60/><W3/><G3/><T81/><D81/><U45/><E37/><V73/><F73/><W27/><G40/><T105/><D105/><U49/><E49/><V67/><F67/><W15/><G38/><T46/><D46/><U84/><E84/><V119/><F119/><W93/><G93/><T22/><AGARI ba="0,0" hai="5,7,12,19,22,23,26,29,77,80,85" m="37386" machi="22" ten="30,2000,0" yaku="8,1,52,1" doraHai="25" who="0" fromWho="0" sc="222,20,230,-5,330,-5,218,-10" /><INIT seed="4,0,0,4,0,9" ten="242,225,325,208" oya="0" hai0="44,36,53,50,52,122,48,90,57,77,51,123,115" hai1="5,125,71,69,31,91,95,88,6,79,130,99,127" hai2="62,59,92,64,30,49,63,15,128,135,13,104,32" hai3="65,35,93,72,118,1,112,24,18,97,133,60,89"/><T17/><D77/><U96/><E79/><V55/><F104/><W43/><G118/><T28/><D28/><U109/><E31/><V113/><F113/><W45/><G72/><T74/><D74/><U102/><E109/><V14/><F135/><W33/><G1/><T26/><D115/><U11/><E130/><V7/><F128/><W85/><G112/><T86/><D36/><U21/><E21/><V134/><F134/><W116/><G116/><T67/><D67/><U70/><E5/><V120/><F120/><W16/><G133/><T42/><D26/><U46/><E46/><N who="2" m="28087" /><F32/><W114/><G114/><T40/><D17/><U107/><REACH who="1" step="1"/><E91/><REACH who="1" ten="242,215,325,208" step="2"/><V110/><F110/><W54/><G33/><T19/><D19/><U98/><E98/><V131/><F131/><W3/><G35/><T47/><REACH who="0" step="1"/><D42/><REACH who="0" ten="232,215,325,208" step="2"/><U82/><E82/><AGARI ba="0,2" hai="40,44,47,48,50,51,52,53,57,82,86,90,122,123" machi="82" ten="30,11600,0" yaku="1,1,2,1,7,1,54,1,53,0" doraHai="9" doraHaiUra="58" who="0" fromWho="1" sc="232,136,215,-116,325,0,208,0" /><INIT seed="4,1,0,2,4,21" ten="368,99,325,208" oya="0" hai0="6,102,85,66,16,78,15,1,76,10,101,98,40" hai1="53,100,87,107,105,31,128,59,35,5,132,72,103" hai2="54,124,127,13,111,28,3,24,108,17,84,126,65" hai3="91,75,44,4,80,120,116,86,50,92,90,22,61"/><T130/><D130/><U19/><E72/><V33/><F65/><W25/><G116/><T43/><D66/><U74/><E74/><V112/><F112/><W49/><G120/><T81/><D76/><U106/><E128/><V125/><F84/><W104/><G104/><T11/><REACH who="0" step="1"/><D101/><REACH who="0" ten="358,99,325,208" step="2"/><U68/><E100/><V20/><F127/><W62/><G75/><T123/><D123/><U94/><E103/><V58/><REACH who="2" step="1"/><F3/><REACH who="2" ten="358,99,315,208" step="2"/><W73/><G73/><T135/><D135/><U115/><E132/><V2/><F2/><W9/><G90/><T79/><D79/><U63/><E115/><V46/><F46/><W113/><G44/><T42/><D42/><U96/><E68/><V41/><F41/><W12/><G113/><T83/><D83/><U97/><E53/><V99/><F99/><W93/><G80/><T55/><D55/><U45/><E45/><V56/><F56/><W110/><G91/><T71/><D71/><U39/><E59/><V30/><F30/><W69/><G69/><T82/><D82/><U119/><E31/><V48/><AGARI ba="1,2" hai="13,17,20,24,28,33,48,54,58,108,111,124,125,126" machi="48" ten="30,7900,0" yaku="1,1,0,1,18,1,52,1,53,0" doraHai="21" doraHaiUra="131" who="2" fromWho="2" sc="358,-40,99,-21,315,102,208,-21" /><INIT seed="5,0,0,3,3,101" ten="318,78,417,187" oya="1" hai0="9,37,97,67,124,40,123,49,20,21,52,8,4" hai1="35,14,30,73,33,118,41,113,126,81,110,12,77" hai2="17,96,1,56,91,62,80,34,50,22,132,108,28" hai3="92,66,63,29,115,127,83,120,43,13,57,32,99"/><U53/><E118/><V104/><F108/><W68/><G120/><T23/><D124/><U103/><E126/><V65/><F1/><W134/><G127/><T85/><D123/><U44/><E110/><V74/><F132/><W70/><G134/><T98/><D67/><U47/><E113/><V6/><F6/><W129/><G115/><T51/><D37/><U61/><E103/><V125/><F125/><W95/><G129/><T3/><D9/><U25/><E35/><V88/><F28/><W102/><G43/><T7/><D7/><U11/><E41/><V122/><F34/><W90/><G83/><T18/><D18/><U27/><E27/><V0/><F0/><W128/><G128/><T119/><D119/><U87/><E73/><V93/><F122/><W111/><G111/><T69/><D69/><U82/><E82/><V78/><F50/><W135/><G135/><T42/><D85/><U58/><REACH who="1" step="1"/><E14/><REACH who="1" ten="318,68,417,187" step="2"/><V60/><F74/><W116/><G116/><T31/><D42/><U133/><E133/><V106/><F80/><W75/><G75/><T24/><D40/><U105/><E105/><V71/><F106/><W107/><G13/><T79/><D24/><U16/><AGARI ba="0,1" hai="11,12,16,25,30,33,44,47,53,58,61,77,81,87" machi="16" ten="20,12000,1" yaku="1,1,0,1,7,1,54,1,53,1" doraHai="101" doraHaiUra="26" who="1" fromWho="1" sc="318,-40,68,130,417,-40,187,-40" /><INIT seed="5,1,0,4,4,8" ten="278,198,377,147" oya="1" hai0="40,69,42,30,41,82,78,22,57,64,51,83,76" hai1="107,120,92,134,106,46,93,121,31,35,53,28,6" hai2="103,131,91,55,112,16,9,122,133,115,80,19,105" hai3="123,94,97,104,77,127,102,65,23,84,101,87,47"/><U11/><E134/><V29/><F122/><W33/><G33/><T21/><D69/><U74/><E74/><V125/><F133/><W85/><G123/><T14/><D30/><U59/><E46/><V17/><F131/><W124/><G65/><T81/><D64/><U89/><E120/><V15/><F125/><N who="3" m="48203" /><G23/><N who="0" m="8715" /><D14/><U36/><E36/><V39/><F29/><W126/><N who="3" m="48211" /><W117/><DORA hai="26" /><G47/><T58/><D51/><U7/><E93/><V73/><F39/><W109/><G109/><T119/><D119/><U113/><E6/><N who="2" m="3511" /><F55/><W37/><G37/><T56/><AGARI ba="1,0" hai="40,41,42,56,57,58,76,78,81,82,83" m="8715" machi="56" ten="40,8000,1" yaku="29,2,28,2,8,1" doraHai="8,26" who="0" fromWho="0" sc="278,83,198,-41,377,-21,147,-21" /><INIT seed="6,0,0,4,0,101" ten="361,157,356,126" oya="2" hai0="41,27,19,36,32,9,69,71,11,133,39,113,72" hai1="18,52,23,84,130,6,13,59,102,100,92,112,47" hai2="125,16,48,75,0,58,131,77,55,50,44,91,15" hai3="8,80,28,96,22,74,67,86,107,126,54,110,46"/><V97/><F0/><W29/><G110/><T30/><D72/><U4/><E112/><V117/><F117/><W89/><G126/><T120/><D120/><U42/><E130/><V68/><F68/><W10/><G67/><T132/><D113/><U45/><E84/><V12/><F131/><W63/><G74/><T38/><D41/><U123/><E123/><V119/><F119/><W35/><G35/><T83/><D83/><U82/><E82/><V124/><F15/><W129/><G129/><T114/><D114/><U60/><E102/><V88/><F77/><W87/><G107/><T98/><D98/><N who="1" m="59463" /><E42/><N who="2" m="24599" /><F75/><W76/><G96/><T94/><D94/><U17/><E17/><V79/><F79/><W2/><G2/><T51/><D51/><N who="1" m="28783" /><E47/><V7/><F7/><W93/><G46/><T34/><D34/><U37/><E37/><V5/><F5/><W104/><G104/><T61/><D19/><U78/><E78/><V90/><F97/><W1/><G1/><T66/><REACH who="0" step="1"/><D71/><REACH who="0" ten="351,157,356,126" step="2"/><U108/><E108/><V118/><F118/><W64/><G80/><T40/><D40/><U109/><E109/><V134/><F125/><W25/><G76/><T135/><AGARI ba="0,1" hai="9,11,27,30,32,36,38,39,61,66,69,132,133,135" machi="135" ten="40,5200,0" yaku="1,1,0,1,20,1,53,0" doraHai="101" doraHaiUra="122" who="0" fromWho="0" sc="351,62,157,-13,356,-26,126,-13" /><INIT seed="7,0,0,4,2,23" ten="413,144,330,113" oya="3" hai0="101,18,105,68,57,117,91,121,79,92,7,110,24" hai1="106,48,86,55,72,49,28,59,1,4,27,50,56" hai2="127,115,77,104,12,122,71,85,41,53,108,135,107" hai3="116,120,40,97,65,51,42,73,95,114,80,109,128"/><W66/><G116/><T112/><D68/><U89/><E72/><V113/><F108/><W60/><G120/><T78/><D7/><U39/><E39/><V9/><F71/><W43/><G109/><T2/><D2/><U34/><E106/><V22/><F122/><W83/><G114/><N who="2" m="43529" /><F41/><W93/><G128/><T52/><D101/><U111/><E111/><V17/><F135/><W21/><G73/><T61/><D105/><U45/><E45/><V5/><F127/><W36/><G36/><T64/><D64/><N who="3" m="24681" /><G60/><T131/><D131/><U13/><E1/><N who="2" m="175" /><F53/><W44/><G95/><T70/><D70/><U102/><E55/><V19/><F19/><W76/><G76/><T119/><D121/><U75/><E75/><V96/><F96/><W38/><G38/><T46/><D46/><U130/><E130/><V126/><F126/><W20/><G80/><AGARI ba="0,0" hai="12,17,22,77,80,85,104,107" m="175,43529" machi="80" ten="30,1000,0" yaku="15,1" doraHai="23" who="2" fromWho="3" sc="413,0,144,0,330,10,113,-10" owari="413,52.0,144,-26.0,340,14.0,103,-40.0" /></mjloggm>