<mjloggm ver="2.3"><GO type="97" lobby="0"/><UN n0="%6D%75%6B%65%6D%69%6E%67" n1="%6F%72%61%6D%69%64%6F" n2="%28%E2%89%A7%E2%88%87%E2%89%A6%2A%29" n3="%E3%83%88%E3%83%88%E3%83%AA%E5%85%88%E7%94%9F%31%39%E6%AD%B3" dan="13,13,15,14" rate="1910.59,1885.36,1960.26,2053.02" sx="M,M,M,F"/><TAIKYOKU oya="0"/><INIT seed="0,0,0,2,3,13" ten="250,250,250,250" oya="0" hai0="8,93,48,116,12,109,7,20,117,80,92,58,77" hai1="22,106,128,49,3,134,86,78,87,107,129,111,132" hai2="27,70,97,72,120,55,101,16,94,63,112,42,131" hai3="110,62,90,84,113,124,126,28,57,125,98,73,5"/><T26/><D109/><U118/><E3/><V61/><F120/><W95/><G113/><T119/><D58/><U52/><E22/><V122/><F122/><W65/><G73/><T76/><D48/><U37/><E37/><V108/><F112/><W31/><G5/><T29/><REACH who="0" step="1"/><D77/><REACH who="0" ten="240,250,250,250" step="2"/><U51/><E111/><V135/><F108/><W100/><REACH who="3" step="1"/><G110/><REACH who="3" ten="240,250,250,240" step="2"/><T67/><D67/><U75/><E75/><AGARI ba="0,2" hai="7,8,12,20,26,29,75,76,80,92,93,116,117,119" machi="75" ten="40,2000,0" yaku="1,1,53,0" doraHai="13" doraHaiUra="47" who="0" fromWho="1" sc="240,40,250,-20,250,0,240,0" /><INIT seed="0,1,0,0,0,125" ten="280,230,250,240" oya="0" hai0="34,90,135,86,79,131,107,93,133,38,111,67,26" hai1="3,66,39,100,130,18,126,81,20,128,8,124,41" hai2="64,73,110,91,108,95,65,13,74,117,76,134,96" hai3="49,68,6,83,123,114,1,85,10,119,116,88,112"/><T23/><D34/><U59/><E100/><N who="2" m="60447" /><F134/><N who="0" m="51210" /><D38/><U58/><E66/><N who="2" m="25707" /><F76/><W60/><G60/><T98/><D67/><U118/><E118/><V25/><F117/><W78/><G68/><T40/><D40/><U56/><E81/><V113/><F113/><W22/><G123/><T48/><D48/><U122/><E122/><V82/><F13/><W31/><G119/><T21/><D111/><N who="2" m="42538" /><F25/><W99/><G116/><T104/><D23/><U89/><E89/><V36/><F36/><W120/><G120/><T42/><D42/><U43/><E39/><V17/><F17/><W97/><G114/><T4/><D4/><U35/><E35/><V24/><F24/><W127/><G112/><T28/><D131/><N who="1" m="50219" /><E3/><V53/><F53/><W69/><G1/><T63/><D63/><U15/><E8/><V47/><F47/><W5/><G10/><T46/><D46/><U7/><E7/><V87/><AGARI ba="1,0" hai="73,74,82,87,91" m="42538,25707,60447" machi="87" ten="30,1100,0" yaku="14,1" doraHai="125" who="2" fromWho="2" sc="280,-6,230,-4,250,14,240,-4" /><INIT seed="1,0,0,3,3,49" ten="274,226,264,236" oya="1" hai0="86,127,61,84,93,30,35,96,120,131,24,69,2" hai1="81,45,15,92,56,60,110,102,40,124,10,95,118" hai2="85,25,55,73,44,50,13,97,20,0,67,52,135" hai3="3,28,112,72,70,65,64,57,134,130,17,21,128"/><U133/><E118/><V33/><F73/><W83/><G112/><T51/><D2/><U125/><E133/><V32/><F0/><W46/><G3/><T42/><D127/><N who="1" m="48715" /><E81/><V27/><F135/><W34/><G134/><T116/><D116/><U59/><E110/><V41/><F33/><W26/><G70/><T103/><D131/><N who="3" m="50217" /><G46/><T100/><D120/><U109/><E102/><V108/><F32/><W5/><G5/><T74/><D74/><U43/><E109/><V48/><F108/><W47/><G47/><T58/><D69/><U107/><E107/><V117/><F117/><W87/><G57/><N who="1" m="22090" /><E60/><V29/><F27/><N who="3" m="18719" /><G72/><T94/><D103/><U99/><E99/><V31/><F31/><W89/><AGARI ba="0,0" hai="17,21,26,64,65,83,87,89" m="18719,50217" machi="89" ten="30,1100,0" yaku="19,1" doraHai="49" who="3" fromWho="3" sc="274,-3,226,-5,264,-3,236,11" /><INIT seed="2,0,0,2,1,75" ten="271,221,261,247" oya="2" hai0="95,53,113,12,107,59,73,135,72,91,61,76,99" hai1="30,98,66,55,23,5,79,77,20,11,93,127,94" hai2="41,74,124,51,2,9,48,70,33,87,42,118,114" hai3="7,10,117,54,50,134,82,47,123,100,31,78,32"/><V83/><F114/><W35/><G117/><T57/><D113/><U39/><E39/><V105/><F118/><W3/><G123/><T81/><D135/><U133/><E133/><V71/><F105/><W21/><G134/><T46/><D72/><U69/><E127/><V88/><F33/><W67/><G67/><T84/><D12/><U86/><E69/><V49/><F124/><W29/><G100/><N who="0" m="62879" /><D59/><U16/><E30/><V38/><F74/><W89/><G89/><T36/><D46/><U106/><E66/><V18/><F18/><W92/><G92/><T17/><D17/><U68/><E68/><V102/><F102/><W34/><REACH who="3" step="1"/><G21/><REACH who="3" ten="271,221,261,237" step="2"/><N who="1" m="8266" /><E106/><V122/><F122/><W111/><G111/><T58/><D58/><U19/><E19/><V14/><F42/><W130/><G130/><T103/><D103/><N who="1" m="60879" /><E5/><V8/><F41/><W37/><G37/><AGARI ba="0,1" hai="36,37,53,57,61,73,76,81,84,91,95" m="62879" machi="37" ten="30,2000,0" yaku="24,1,52,1" doraHai="75" who="0" fromWho="3" sc="271,30,221,0,261,0,237,-20" /><INIT seed="3,0,0,3,0,32" ten="301,221,261,217" oya="3" hai0="27,94,43,54,81,120,127,73,65,108,41,70,40" hai1="31,45,98,131,113,115,109,84,58,42,12,119,79" hai2="30,99,107,19,15,71,53,93,6,97,52,95,1" hai3="3,46,100,96,130,66,124,75,49,114,77,4,37"/><W14/><G114/><T9/><D120/><U72/><E119/><V123/><F123/><W51/><G130/><T118/><D118/><U85/><E131/><V11/><F71/><W34/><G34/><T90/><D108/><U5/><E109/><V7/><F30/><W88/><G124/><T110/><D110/><U126/><E126/><V103/><F107/><W23/><G66/><T13/><D127/><U47/><E98/><V67/><F67/><W82/><G88/><T8/><D70/><U106/><E106/><V128/><F128/><W69/><G69/><T122/><D122/><U134/><E134/><V10/><F7/><W48/><G23/><T59/><D65/><U63/><E47/><V104/><F104/><W60/><G60/><N who="0" m="35959" /><D73/><U36/><E31/><V25/><F25/><W16/><G14/><T102/><D27/><U57/><E57/><V50/><F50/><W105/><G16/><N who="0" m="8231" /><D9/><U112/><E72/><V18/><F18/><W78/><G78/><T92/><D102/><AGARI ba="0,0" hai="1,6,10,11,15,19,52,53,93,95,97,99,102,103" machi="102" ten="30,7700,0" yaku="7,1,9,1,52,1,54,1" doraHai="32" who="2" fromWho="0" sc="301,-77,221,0,261,77,217,0" owari="224,2.0,221,-18.0,338,44.0,217,-28.0" /></mjloggm>