<mjloggm ver="2.3"><GO type="97" lobby="0"/><UN n0="%E3%82%A6%E3%83%83%E3%83%89%E3%82%B9%E3%83%88%E3%83%83%E3%82%AF" n1="%E9%9B%80%E8%8D%98%E3%81%AE%E5%BC%A5%E4%B8%89" n2="%79%6B%6B" n3="%E5%B0%B1%E6%B4%BB%E7%94%9F%40%E5%B7%9D%E6%9D%91%E8%BB%8D%E5%9B%A3" dan="14,14,15,15" rate="1909.30,1907.80,2019.66,2058.99" sx="M,M,M,M"/><TAIKYOKU oya="0"/><INIT seed="0,0,0,3,1,52" ten="250,250,250,250" oya="0" hai0="0,50,90,36,104,16,93,84,6,9,125,10,87" hai1="68,60,85,49,117,92,40,26,38,132,116,106,55" hai2="27,14,57,74,80,102,23,2,1,97,8,133,134" hai3="56,69,45,25,41,47,89,4,39,78,70,67,86"/><T82/><D104/><U66/><E106/><V29/><F74/><W12/><G78/><T44/><D125/><U77/><E26/><V113/><F80/><W128/><G128/><T65/><D65/><U32/><E32/><V94/><F113/><W46/><G25/><T98/><D36/><U37/><E132/><V109/><F109/><W64/><G70/><T112/><D112/><U63/><E77/><V72/><F72/><W18/><G69/><T15/><REACH who="0" step="1"/><D82/><REACH who="0" ten="240,250,250,250" step="2"/><U19/><E38/><V53/><F134/><W118/><G118/><T95/><D95/><U75/><E117/><V76/><F133/><W42/><G39/><T48/><D48/><U103/><E116/><V17/><F76/><W123/><G123/><T81/><D81/><U21/><E37/><V62/><AGARI ba="0,1" hai="1,2,8,14,17,23,27,29,53,57,62,94,97,102" machi="62" ten="20,2700,0" yaku="0,1,7,1,52,1" doraHai="52" who="2" fromWho="2" sc="240,-13,250,-7,250,37,250,-7" /><INIT seed="1,0,0,1,4,0" ten="227,243,287,243" oya="1" hai0="117,84,48,114,92,111,120,15,8,39,9,88,80" hai1="115,68,116,77,12,51,20,72,96,128,18,102,97" hai2="70,109,50,13,69,42,41,107,86,93,59,2,108" hai3="45,81,6,26,71,32,98,113,103,110,30,89,66"/><U3/><E3/><V134/><F107/><W28/><G113/><T35/><D114/><U106/><E116/><V60/><F2/><W119/><G119/><T78/><D39/><U90/><E115/><V132/><F86/><W46/><G110/><N who="2" m="42601" /><F13/><W95/><G30/><T5/><D117/><U74/><E68/><N who="2" m="26219" /><F93/><W100/><G66/><T34/><D120/><U133/><E133/><N who="2" m="51307" /><F50/><W87/><G71/><T52/><D111/><U31/><E128/><V123/><F123/><W105/><G100/><T118/><D9/><U91/><E31/><V7/><F7/><W63/><G63/><T27/><D27/><U83/><E51/><V58/><F58/><W10/><G105/><T23/><D23/><U56/><E56/><V4/><F4/><W99/><G99/><T67/><D67/><AGARI ba="0,0" hai="41,42,59,60,67" m="51307,26219,42601" machi="67" ten="40,8000,1" yaku="14,1,20,1,34,2" doraHai="0" who="2" fromWho="0" sc="227,-80,243,0,287,80,243,0" /><INIT seed="2,0,0,1,0,20" ten="147,243,367,243" oya="2" hai0="93,80,127,83,74,78,13,100,132,130,8,88,106" hai1="43,71,90,122,18,97,3,69,29,55,94,99,98" hai2="48,52,112,85,5,42,129,105,19,104,63,47,27" hai3="62,68,134,118,89,46,123,22,102,126,1,37,23"/><V34/><F112/><W121/><G1/><T56/><D56/><U81/><E3/><V125/><F5/><W82/><G118/><T70/><D70/><U40/><E122/><V64/><F125/><W49/><G37/><T2/><D2/><U101/><E29/><V0/><F0/><W44/><G126/><T10/><D127/><U24/><E71/><V35/><F129/><W128/><G128/><T124/><D124/><U53/><E69/><V65/><F85/><W95/><G134/><T58/><D130/><U108/><E108/><V77/><F77/><W41/><G102/><T111/><D132/><U107/><E81/><V66/><F42/><N who="1" m="15913" /><E107/><V50/><F50/><W31/><G82/><T109/><D58/><U86/><E101/><V61/><F35/><W79/><G79/><N who="0" m="44151" /><D13/><U16/><E24/><V72/><F72/><W33/><G33/><T87/><D10/><U120/><E120/><V28/><REACH who="2" step="1"/><F19/><AGARI ba="0,0" hai="16,18,19,53,55,86,90,94,97,98,99" m="15913" machi="19" ten="30,2000,0" yaku="8,1,54,1" doraHai="20" who="1" fromWho="2" sc="147,0,243,20,367,-20,243,0" /><INIT seed="3,0,0,5,3,116" ten="147,263,347,243" oya="3" hai0="88,111,122,39,69,5,58,112,22,12,13,124,30" hai1="73,134,95,21,101,90,16,4,10,32,77,1,57" hai2="109,92,99,132,85,54,74,64,20,28,75,37,87" hai3="108,24,47,102,60,17,0,119,8,27,26,82,93"/><W6/><G119/><T121/><D69/><U76/><E32/><V133/><F37/><W78/><G108/><T118/><D118/><U72/><E101/><V35/><F35/><W86/><G60/><T135/><D39/><U43/><E43/><V36/><F36/><W100/><G17/><T59/><D111/><U110/><E110/><V98/><F64/><W107/><G107/><T29/><D5/><U94/><E134/><V84/><F54/><W52/><REACH who="3" step="1"/><G93/><REACH who="3" ten="147,263,347,233" step="2"/><T42/><D135/><U44/><E95/><V18/><F92/><W50/><AGARI ba="0,1" hai="0,6,8,24,26,27,47,50,52,78,82,86,100,102" machi="50" ten="30,11700,0" yaku="1,1,2,1,0,1,54,1,53,0" doraHai="116" doraHaiUra="15" who="3" fromWho="3" sc="147,-39,263,-39,347,-39,233,127" owari="108,-39.0,224,-18.0,308,11.0,360,46.0" /></mjloggm>