<mjloggm ver="2.3"><GO type="169" lobby="0"/><UN n0="%E3%81%86%E3%82%89%E3%81%97%E3%81%92%E3%82%8B" n1="%E6%96%B0%E5%A6%BB%E3%82%A8%E3%82%A4%E3%82%B8" n2="%E3%82%A6%E3%83%AB%E3%83%88%E3%83%A9%E7%AB%8B%E7%9B%B4" n3="%61%6C%6F%74%75%73" dan="16,18,17,16" rate="2057.99,2165.03,2161.56,2138.64" sx="M,F,M,M"/><TAIKYOKU oya="0"/><INIT seed="0,0,0,5,3,26" ten="250,250,250,250" oya="0" hai0="62,98,66,110,86,11,3,34,29,2,65,97,132" hai1="128,99,73,47,10,5,106,12,37,92,76,103,27" hai2="71,36,39,111,83,6,8,9,14,28,90,87,74" hai3="45,112,30,43,4,60,117,21,33,131,101,119,80"/><T59/><D132/><U118/><E118/><V32/><F71/><W126/><G112/><T0/><D11/><U19/><E128/><V7/><F74/><W102/><G126/><T50/><D110/><U25/><E19/><V115/><F115/><W81/><G33/><T53/><D66/><U91/><E37/><V88/><F111/><W94/><G4/><T95/><D86/><N who="1" m="52343" /><E47/><V127/><F127/><W57/><G131/><T16/><D16/><U89/><E89/><V17/><F90/><W120/><G102/><T58/><REACH who="0" step="1"/><D95/><REACH who="0" ten="240,250,250,250" step="2"/><U100/><E10/><V107/><F17/><W63/><G94/><T20/><D20/><U35/><E5/><V129/><F129/><W52/><G21/><T105/><D105/><U114/><E106/><V64/><F107/><W23/><G119/><T70/><D70/><U104/><E104/><V42/><F64/><W130/><G117/><T55/><D55/><U24/><E114/><V75/><F75/><W85/><G52/><T123/><D123/><U79/><E73/><V44/><F9/><W82/><G120/><T125/><D125/><U69/><E69/><V51/><F7/><W93/><G23/><T84/><D84/><U40/><E12/><V121/><REACH who="2" step="1"/><F121/><REACH who="2" ten="240,250,240,250" step="2"/><W49/><G130/><T22/><D22/><U54/><E35/><V61/><F61/><W133/><G63/><T122/><D122/><U56/><E99/><V109/><F109/><W124/><G60/><T18/><D18/><U15/><E15/><V67/><F67/><W13/><G124/><T38/><D38/><U134/><E134/><V77/><F77/><RYUUKYOKU ba="0,2" sc="240,15,250,-15,240,15,250,-15" hai0="0,2,3,29,34,50,53,58,59,62,65,97,98" hai2="6,8,14,28,32,36,39,42,44,51,83,87,88" /><INIT seed="0,1,2,3,0,68" ten="255,235,255,235" oya="0" hai0="34,43,76,41,96,48,28,124,14,17,58,64,86" hai1="111,31,72,47,27,127,80,13,92,26,71,65,115" hai2="77,39,122,105,9,40,131,1,51,61,16,134,87" hai3="59,57,11,73,32,42,93,108,56,133,95,118,98"/><T128/><D124/><U3/><E3/><V55/><F105/><W8/><G32/><T88/><D128/><U6/><E71/><V4/><F122/><W52/><G73/><T50/><D34/><U82/><E72/><V103/><F103/><W30/><G30/><T38/><D38/><U109/><E65/><V100/><F100/><N who="3" m="60495" /><G42/><T22/><D28/><U7/><E92/><V49/><F131/><W120/><G108/><T132/><D132/><U90/><E31/><V44/><F134/><W129/><G129/><T2/><D2/><U102/><E102/><V62/><F51/><N who="0" m="19498" /><D96/><U35/><E35/><V125/><F125/><W25/><G120/><T29/><D76/><U85/><E127/><V94/><F16/><W97/><G25/><T66/><D29/><U21/><E111/><V112/><F112/><W20/><G20/><T12/><D12/><U75/><E13/><V123/><F123/><W46/><G133/><T89/><D89/><U70/><E90/><V19/><F19/><W121/><G118/><T36/><D36/><U10/><E21/><V117/><F117/><W135/><G135/><T37/><D37/><U116/><E115/><V106/><F106/><W78/><G121/><T81/><D66/><U24/><E109/><V54/><F77/><W15/><G78/><T63/><AGARI ba="1,2" hai="14,17,22,41,43,58,63,64,81,86,88" m="19498" machi="63" ten="30,3000,0" yaku="8,1,54,1" doraHai="68" who="0" fromWho="0" sc="255,53,235,-11,255,-11,235,-11" /><INIT seed="0,2,0,0,3,102" ten="308,224,244,224" oya="0" hai0="106,135,128,129,112,46,123,79,24,20,59,56,84" hai1="29,72,109,27,31,1,110,17,58,90,40,132,65" hai2="91,53,81,97,66,9,108,22,19,131,10,85,130" hai3="70,105,69,125,34,45,25,100,14,30,101,36,7"/><T63/><D123/><U98/><E72/><V134/><F66/><W38/><G101/><T60/><D112/><U133/><E40/><V113/><F113/><W126/><G14/><T42/><D135/><N who="1" m="51787" /><E58/><N who="0" m="22057" /><D106/><U39/><E39/><N who="3" m="14890" /><G45/><T28/><D79/><U0/><E65/><V35/><F35/><W32/><G7/><T13/><D84/><U104/><E90/><V114/><F114/><W61/><G61/><T96/><D96/><U95/><E95/><N who="2" m="56575" /><F53/><W15/><G15/><T16/><D129/><N who="2" m="49162" /><F134/><W120/><G120/><T26/><D128/><U18/><E98/><V64/><F108/><N who="1" m="41577" /><E104/><V116/><F116/><W50/><G69/><T71/><D71/><U124/><E124/><V21/><F64/><W115/><G70/><T54/><D42/><U5/><E31/><V44/><F44/><W51/><G115/><T89/><D89/><U41/><E41/><V93/><F93/><W37/><G126/><T121/><D121/><U117/><E117/><V12/><F85/><W75/><G125/><T99/><D99/><U48/><E48/><V2/><F81/><W8/><G51/><N who="0" m="29047" /><D28/><U11/><E1/><V73/><F2/><W57/><G50/><T87/><D87/><U43/><E43/><V127/><F127/><W67/><G30/><T103/><D103/><U94/><E94/><V76/><F73/><W83/><G100/><T3/><D3/><U77/><E77/><V55/><F76/><W68/><G75/><T111/><D111/><U74/><E74/><V6/><F55/><W86/><G86/><T4/><D4/><U80/><E80/><V122/><F122/><RYUUKYOKU ba="2,0" sc="308,10,224,10,244,10,224,-30" hai0="13,16,20,24,26,60,63" hai1="0,5,11,17,18,27,29" hai2="6,9,10,12,19,21,22" /><INIT seed="0,3,0,0,3,33" ten="318,234,254,194" oya="0" hai0="13,67,37,38,64,86,82,49,2,51,54,117,113" hai1="69,74,119,79,112,9,60,6,39,109,14,22,56" hai2="7,30,110,28,10,84,95,59,80,55,15,126,42" hai3="40,58,129,105,93,27,29,44,87,68,99,90,61"/><T1/><D113/><U24/><E119/><V72/><F110/><W47/><G129/><T131/><D117/><U81/><E109/><V36/><F36/><W132/><G132/><T21/><D131/><U45/><E112/><V12/><F126/><W121/><G121/><T98/><D98/><U135/><E135/><V103/><F42/><W85/><G68/><T3/><D37/><U32/><E69/><V57/><F15/><W19/><G19/><T11/><D38/><U31/><E39/><V48/><F72/><W76/><G105/><T102/><D21/><U97/><E45/><V123/><F123/><W34/><G76/><T71/><D102/><U116/><E97/><N who="2" m="59839" /><F59/><W94/><G40/><T0/><N who="0" m="0" /><DORA hai="130" /><T35/><D35/><U8/><E116/><V134/><F134/><W96/><G47/><T41/><D41/><U104/><E104/><V108/><F108/><W20/><G34/><T118/><D118/><U52/><E32/><V89/><AGARI ba="3,0" hai="7,10,12,28,30,48,55,57,80,84,89" m="59839" machi="89" ten="30,1100,0" yaku="8,1" doraHai="33,130" who="2" fromWho="2" sc="318,-8,234,-6,254,20,194,-6" /><INIT seed="1,0,0,4,5,107" ten="310,228,274,188" oya="1" hai0="14,17,113,59,100,35,19,1,92,99,44,65,4" hai1="52,34,90,111,50,58,3,36,57,77,117,79,129" hai2="114,69,125,31,95,21,88,105,101,54,27,93,49" hai3="106,18,128,33,43,121,86,74,51,23,116,2,53"/><U56/><E117/><V104/><F69/><W13/><G2/><T9/><D35/><U38/><E3/><V15/><F125/><W102/><G33/><T115/><D44/><U20/><E34/><V41/><F41/><W112/><G112/><T71/><D71/><U126/><E126/><V87/><F114/><W130/><G121/><T55/><D65/><U39/><E129/><V46/><REACH who="2" step="1"/><F15/><REACH who="2" ten="310,228,264,188" step="2"/><W63/><G43/><T80/><D115/><U85/><E111/><V7/><F7/><W103/><G130/><T42/><D113/><U0/><E0/><V60/><F60/><W127/><G13/><T83/><D42/><U120/><E120/><V118/><F118/><W26/><G63/><T10/><D19/><U22/><E38/><V75/><F75/><W11/><G74/><T94/><REACH who="0" step="1"/><D94/><REACH who="0" ten="300,228,264,188" step="2"/><N who="1" m="54607" /><E36/><V5/><F5/><W72/><G128/><T81/><D81/><U47/><E39/><V119/><F119/><W131/><G131/><T91/><D91/><U70/><E70/><V135/><F135/><W24/><G116/><T89/><D89/><U108/><E108/><V37/><F37/><W40/><G40/><T96/><D96/><AGARI ba="0,2" hai="21,27,31,46,49,54,87,88,93,95,96,101,104,105" machi="96" ten="40,5200,0" yaku="1,1,54,1,53,1" doraHai="107" doraHaiUra="82" who="2" fromWho="0" sc="300,-52,228,0,264,72,188,0" /><INIT seed="2,0,0,5,4,77" ten="248,228,336,188" oya="2" hai0="33,131,109,44,93,71,92,67,30,63,43,10,60" hai1="38,65,105,122,41,103,19,97,34,18,129,48,87" hai2="78,5,88,124,39,29,100,99,55,1,91,49,62" hai3="134,135,111,2,7,53,119,106,94,133,14,31,84"/><V27/><F39/><W120/><G106/><T61/><D109/><U6/><E38/><V23/><F124/><W81/><G119/><T8/><D131/><U117/><E117/><V70/><F78/><W15/><G53/><T126/><D126/><U73/><E73/><V16/><F5/><W20/><G94/><T66/><D33/><U22/><E6/><V86/><F1/><W104/><G104/><T132/><D30/><U72/><E72/><V76/><F76/><W45/><G45/><T58/><D132/><U24/><E34/><V37/><F37/><W36/><G36/><T89/><D63/><U32/><E32/><V125/><F125/><W21/><G120/><T51/><D93/><U46/><E129/><V9/><F70/><W95/><G95/><T90/><REACH who="0" step="1"/><D89/><REACH who="0" ten="238,228,336,188" step="2"/><U35/><E35/><V13/><F62/><W74/><G111/><T115/><D115/><U47/><E105/><V57/><F91/><W107/><G31/><T0/><D0/><U28/><E28/><V75/><F100/><W82/><G2/><T54/><D54/><U121/><E103/><V64/><F99/><AGARI ba="0,1" hai="8,10,43,44,51,58,60,61,66,67,71,90,92,99" machi="99" ten="30,2000,0" yaku="1,1,7,1,53,0" doraHai="77" doraHaiUra="50" who="0" fromWho="2" sc="238,30,228,0,336,-20,188,0" /><INIT seed="3,0,0,0,5,101" ten="268,228,316,188" oya="3" hai0="18,7,36,96,35,23,105,50,90,73,121,83,131" hai1="5,10,64,114,68,87,4,53,94,81,14,134,43" hai2="97,133,17,56,60,124,78,11,92,29,51,99,112" hai3="21,22,91,33,113,2,72,108,20,88,115,1,85"/><W110/><G72/><T122/><D35/><U48/><E114/><N who="3" m="43530" /><G33/><T74/><D36/><U111/><E68/><V130/><F29/><W125/><G125/><T98/><D7/><U95/><E64/><V104/><F78/><W102/><G102/><N who="0" m="62663" /><D50/><U127/><E127/><V119/><F99/><W103/><G103/><T57/><D57/><U9/><E134/><V84/><F97/><W106/><G106/><T3/><D3/><N who="3" m="1033" /><G85/><N who="0" m="50495" /><D18/><U59/><E43/><V8/><F51/><W12/><G12/><T109/><D23/><U26/><E26/><V89/><F56/><W15/><G15/><T69/><D69/><U0/><E111/><AGARI ba="0,0" hai="20,21,22,88,91,108,110,111" m="1033,43530" machi="111" ten="40,12000,1" yaku="28,2,14,1,10,1,54,1" doraHai="101" who="3" fromWho="1" sc="268,0,228,-120,316,0,188,120" /><INIT seed="3,1,0,0,1,81" ten="268,108,316,308" oya="3" hai0="3,119,133,7,14,96,37,39,90,113,31,51,64" hai1="66,40,15,106,131,75,101,92,108,43,22,10,69" hai2="2,86,84,60,45,42,13,85,56,18,105,46,132" hai3="135,6,130,53,21,89,0,128,100,36,121,99,23"/><W32/><G32/><T41/><D119/><U117/><E75/><V126/><F105/><W20/><G36/><T78/><D3/><U124/><E106/><V54/><F2/><W107/><G121/><T67/><D31/><U57/><E69/><V11/><F126/><W120/><G135/><T123/><D123/><U63/><E124/><V116/><F132/><W24/><G89/><T103/><D78/><U80/><E108/><V118/><REACH who="2" step="1"/><F46/><REACH who="2" ten="268,108,306,308" step="2"/><W95/><G107/><T87/><D133/><U74/><E117/><V48/><AGARI ba="1,1" hai="11,13,18,42,45,48,54,56,60,84,85,86,116,118" machi="48" ten="30,12000,2" yaku="1,1,2,1,0,1,52,3,53,0" doraHai="81" doraHaiUra="129" who="2" fromWho="2" sc="268,-31,108,-31,306,133,308,-61" /><INIT seed="4,0,0,0,5,78" ten="237,77,439,247" oya="0" hai0="6,9,28,62,85,53,115,12,97,117,47,112,96" hai1="93,111,15,103,132,29,51,67,0,7,72,100,90" hai2="92,129,133,69,114,48,8,83,2,120,44,22,118" hai3="57,32,80,122,71,116,128,95,121,74,91,64,106"/><T79/><D117/><U105/><E111/><V70/><F114/><N who="0" m="43562" /><D28/><U36/><E36/><V4/><F129/><W26/><G116/><T84/><D62/><U86/><E0/><V39/><F133/><W88/><G128/><T56/><D56/><U108/><E72/><V61/><F39/><W5/><G5/><T89/><D79/><U59/><E108/><V109/><F61/><W102/><G57/><T41/><D53/><U52/><E132/><V30/><F30/><N who="3" m="19543" /><G64/><T99/><D89/><U1/><E67/><V75/><F120/><N who="3" m="46187" /><G71/><T65/><D65/><U23/><E105/><V13/><F70/><W54/><G54/><T31/><D31/><U14/><E1/><V134/><F69/><W40/><G40/><T18/><D6/><U46/><E46/><V24/><F44/><W20/><G20/><T113/><N who="0" m="43570" /><T19/><DORA hai="55" /><D19/><N who="1" m="10743" /><E29/><V126/><F4/><W45/><G45/><T16/><D18/><U94/><E94/><V33/><F92/><W123/><G95/><T21/><D21/><U35/><E35/><V63/><F22/><W104/><G123/><T38/><AGARI ba="0,0" hai="9,12,16,38,41,47,84,85,96,97,99" m="43570" machi="38" ten="50,4800,0" yaku="15,1,54,1" doraHai="78,55" who="0" fromWho="0" sc="237,48,77,-16,439,-16,247,-16" /><INIT seed="4,1,0,4,2,103" ten="285,61,423,231" oya="0" hai0="101,111,104,0,106,98,30,66,38,128,69,54,58" hai1="78,60,23,79,59,45,7,62,95,93,84,89,42" hai2="123,117,17,85,19,57,10,77,50,109,87,29,127" hai3="125,34,41,4,76,91,5,110,55,12,71,86,68"/><T64/><D38/><U122/><E122/><V135/><F109/><W13/><G34/><T56/><D0/><U51/><E7/><V44/><F127/><W67/><G110/><T24/><D111/><U97/><E23/><V83/><F135/><W20/><G41/><T130/><D69/><U53/><REACH who="1" step="1"/><E62/><REACH who="1" ten="285,51,423,231" step="2"/><V121/><F121/><W2/><G20/><T70/><D70/><U124/><E124/><V134/><F123/><W47/><G68/><T32/><D58/><U18/><E18/><V28/><F19/><W94/><G5/><T35/><D35/><U90/><AGARI ba="1,1" hai="42,45,51,53,59,60,78,79,84,89,90,93,95,97" machi="90" ten="20,5200,0" yaku="1,1,0,1,7,1,8,1,53,0" doraHai="103" doraHaiUra="63" who="1" fromWho="1" sc="285,-27,51,65,423,-14,231,-14" /><INIT seed="5,0,0,2,1,57" ten="258,116,409,217" oya="1" hai0="124,45,46,110,79,83,93,60,120,50,100,38,116" hai1="107,86,98,13,33,121,44,43,90,21,118,123,82" hai2="25,9,115,37,36,127,48,76,129,78,108,69,32" hai3="14,74,24,59,18,104,39,47,17,42,34,114,4"/><U63/><E33/><V119/><F48/><W19/><G104/><T77/><D116/><U54/><E118/><V80/><F9/><W122/><G122/><T71/><D110/><U26/><E13/><V117/><F80/><W65/><G74/><T31/><D120/><U133/><E133/><V29/><F29/><W40/><G114/><T10/><D124/><U62/><E121/><V51/><F51/><N who="3" m="27111" /><G42/><T96/><D38/><U92/><E54/><V73/><F78/><W70/><G70/><T95/><D31/><U2/><E107/><V22/><F76/><W16/><G39/><T72/><D79/><U81/><E2/><V109/><F22/><N who="3" m="13407" /><G4/><T126/><D126/><U101/><E82/><V99/><F37/><W131/><G131/><T7/><D95/><U35/><E35/><V125/><F36/><W85/><G85/><T8/><D8/><U130/><E130/><V105/><F105/><W128/><G128/><T27/><D27/><U111/><E111/><V23/><F25/><W3/><G3/><T97/><D97/><U106/><E123/><V6/><F99/><W30/><G30/><T84/><D72/><U103/><E106/><V66/><F109/><W15/><G34/><T56/><D71/><U112/><E112/><V102/><F115/><W87/><G87/><T134/><D134/><U91/><E43/><V67/><F129/><W64/><G64/><N who="0" m="38919" /><D50/><U89/><E44/><V75/><F127/><W135/><G135/><T132/><D132/><U55/><E55/><V28/><F125/><W41/><G41/><T61/><D61/><AGARI ba="0,0" hai="14,15,16,17,18,59,61,65" m="13407,27111" machi="61" ten="30,3900,0" yaku="8,1,52,1,54,1" doraHai="57" who="3" fromWho="0" sc="258,-39,116,0,409,0,217,39" /><INIT seed="6,0,0,2,0,51" ten="219,116,409,256" oya="2" hai0="119,99,52,72,93,48,81,30,62,96,123,63,129" hai1="74,115,89,12,84,3,59,46,38,118,57,112,128" hai2="8,125,45,58,17,65,98,7,4,95,14,116,121" hai3="26,18,0,91,101,76,113,64,68,29,42,122,108"/><V127/><F116/><W109/><G0/><T2/><D2/><U114/><E3/><V37/><F121/><W73/><G42/><T33/><D123/><U71/><E118/><V87/><F87/><W134/><G122/><T6/><D119/><U133/><E74/><V100/><F45/><W130/><G18/><T85/><D72/><U88/><E71/><V49/><F37/><W132/><G91/><T36/><D36/><U135/><E12/><V53/><F65/><W50/><G50/><T34/><D129/><U15/><E15/><V86/><F86/><W103/><G113/><N who="1" m="28930" /><U111/><DORA hai="27" /><E111/><V20/><F8/><W24/><G130/><T19/><D6/><U69/><E69/><V77/><F77/><W120/><G68/><T110/><D110/><U117/><E117/><V94/><F94/><W131/><G73/><T23/><D99/><U75/><E75/><V39/><F39/><W66/><G131/><T124/><D124/><AGARI ba="0,0" hai="4,7,14,17,20,49,53,58,95,98,100,124,125,127" machi="124" ten="40,3900,0" yaku="18,1,52,1" doraHai="51,27" who="2" fromWho="0" sc="219,-39,116,0,409,39,256,0" /><INIT seed="6,1,0,1,2,56" ten="180,116,448,256" oya="2" hai0="41,102,113,127,80,67,60,92,135,76,133,104,9" hai1="128,14,97,71,72,108,126,11,109,81,82,62,118" hai2="75,8,99,116,34,18,42,22,27,87,65,64,45" hai3="134,19,50,121,84,124,101,4,100,32,112,57,46"/><V28/><F75/><W119/><G32/><T105/><D41/><U125/><E118/><V37/><F116/><W77/><G121/><T54/><D9/><U58/><E71/><V29/><F29/><W130/><G130/><T52/><D113/><U10/><E97/><V25/><F87/><W35/><G134/><N who="0" m="51211" /><D92/><U0/><E0/><V94/><F8/><N who="1" m="3113" /><E14/><V39/><REACH who="2" step="1"/><F39/><REACH who="2" ten="180,116,438,256" step="2"/><W89/><G84/><N who="0" m="48135" /><D127/><N who="1" m="48651" /><E128/><V36/><F36/><W24/><G124/><T93/><D105/><U33/><E33/><V59/><F59/><W131/><G57/><N who="0" m="37263" /><D104/><U2/><E2/><V90/><AGARI ba="1,1" hai="18,22,25,27,28,34,37,42,45,64,65,90,94,99" machi="90" ten="20,7800,0" yaku="1,1,0,1,7,1,53,1" doraHai="56" doraHaiUra="30" who="2" fromWho="2" sc="180,-27,116,-27,438,91,256,-27" /><INIT seed="6,2,0,2,3,25" ten="153,89,529,229" oya="2" hai0="32,73,127,70,109,129,11,131,8,102,50,107,17" hai1="22,46,111,63,96,61,39,94,7,79,75,27,29" hai2="99,118,56,41,40,10,84,68,117,43,2,83,66" hai3="108,5,67,112,114,123,121,19,21,119,37,14,45"/><V92/><F68/><W95/><G67/><T53/><D70/><U101/><E111/><V69/><F69/><W126/><G95/><T42/><D109/><U74/><E7/><V77/><F2/><W36/><G108/><T120/><D73/><U59/><E63/><V125/><F125/><W76/><G76/><T90/><D120/><U38/><E46/><V47/><F47/><W24/><G119/><T135/><D32/><U115/><E115/><N who="3" m="44074" /><G126/><T85/><D42/><U18/><E18/><V72/><F72/><W31/><G5/><T35/><D35/><U55/><REACH who="1" step="1"/><E75/><REACH who="1" ten="153,79,529,229" step="2"/><V134/><F118/><W64/><G45/><T130/><D127/><U124/><E124/><V88/><F117/><W28/><G121/><T12/><D135/><U15/><E15/><V49/><F134/><W97/><G123/><T1/><D1/><U23/><E23/><V110/><F110/><W26/><G14/><T116/><D116/><U100/><E100/><V122/><F122/><W98/><G19/><T9/><D102/><U89/><E89/><V71/><F71/><W113/><G113/><T87/><D90/><U82/><AGARI ba="2,1" hai="22,27,29,38,39,55,59,61,74,79,82,94,96,101" machi="82" ten="30,4000,0" yaku="1,1,0,1,52,1,53,0" doraHai="25" doraHaiUra="65" who="1" fromWho="1" sc="153,-12,79,56,529,-22,229,-12" /><INIT seed="7,0,0,3,1,48" ten="141,135,507,217" oya="3" hai0="28,78,42,93,38,90,24,45,112,97,59,56,103" hai1="98,75,21,40,74,89,68,120,54,12,0,3,14" hai2="79,22,73,4,47,69,9,101,49,114,95,108,57" hai3="2,39,104,17,29,1,33,71,111,26,91,100,50"/><W115/><G91/><T6/><D112/><U52/><E120/><V60/><F69/><W13/><G39/><T58/><D78/><U62/><E40/><V129/><F73/><W51/><G115/><T130/><D6/><U122/><E122/><V131/><F79/><W94/><G94/><T8/><D8/><U70/><E89/><V81/><F81/><W117/><G51/><T96/><D130/><U133/><E21/><V55/><F108/><W36/><G36/><T107/><D56/><U106/><E62/><V119/><F119/><W53/><G111/><T132/><D132/><U85/><E133/><V7/><F114/><W128/><G71/><T46/><D46/><U105/><E98/><N who="2" m="59615" /><F9/><W67/><G128/><N who="2" m="49225" /><F22/><AGARI ba="0,0" hai="22,24,28,38,42,45,58,59,90,93,96,97,103,107" machi="22" ten="30,1000,0" yaku="7,1" doraHai="48" who="0" fromWho="2" sc="141,10,135,0,507,-10,217,0" owari="151,-25.0,135,-36.0,497,59.0,217,2.0" /></mjloggm>