<mjloggm ver="2.3"><GO type="97" lobby="0"/><UN n0="%E3%82%B9%E3%82%A4%E3%83%88" n1="%E3%83%88%E3%83%88%E3%83%AA%E5%85%88%E7%94%9F%31%39%E6%AD%B3" n2="%E3%81%9F%E3%83%BC%E3%81%9F" n3="%E3%81%9F%E3%81%AD%E3%82%84%E3%82%93%EF%BC%92" dan="14,15,13,15" rate="1848.81,2054.49,1854.10,1939.77" sx="M,F,M,M"/><TAIKYOKU oya="0"/><INIT seed="0,0,0,3,3,3" ten="250,250,250,250" oya="0" hai0="38,34,16,25,113,99,129,2,93,103,4,125,19" hai1="72,70,62,57,66,63,87,122,11,104,120,13,79" hai2="132,80,71,119,82,77,68,115,121,9,5,17,96" hai3="55,111,73,36,56,90,32,52,130,29,27,78,95"/><T60/><D113/><U86/><E104/><V21/><F115/><W92/><G111/><T106/><D129/><U128/><E72/><V46/><F121/><W124/><G130/><T30/><D125/><U98/><E128/><V126/><F132/><W59/><G124/><T112/><D112/><U133/><E133/><V69/><F126/><W0/><G36/><T94/><D38/><U116/><E116/><V48/><F119/><W83/><G0/><T65/><D2/><U76/><E98/><V6/><F9/><W28/><G28/><T67/><D67/><U64/><E86/><V12/><F96/><W22/><G32/><T81/><D81/><U18/><REACH who="1" step="1"/><E87/><REACH who="1" ten="250,240,250,250" step="2"/><V26/><F82/><W40/><G40/><T105/><D106/><U51/><E51/><V101/><F101/><W118/><G118/><T1/><D105/><U50/><E50/><V42/><REACH who="2" step="1"/><F12/><REACH who="2" ten="250,240,240,250" step="2"/><W75/><G75/><AGARI ba="0,2" hai="5,6,17,21,26,42,46,48,68,69,71,75,77,80" machi="75" ten="40,8000,1" yaku="1,1,2,1,52,2,53,1" doraHai="3" doraHaiUra="14" who="2" fromWho="3" sc="250,0,240,0,240,100,250,-80" /><INIT seed="1,0,0,3,1,101" ten="250,240,340,170" oya="1" hai0="62,128,22,100,131,134,63,117,81,16,19,24,15" hai1="11,127,53,126,130,78,113,12,3,27,13,17,103" hai2="6,65,70,23,46,42,8,97,93,29,71,132,112" hai3="74,88,4,32,55,49,48,106,116,89,25,67,114"/><U60/><E113/><V124/><F112/><W58/><G114/><T96/><D117/><U59/><E130/><N who="0" m="49705" /><D134/><U73/><E3/><V115/><F115/><W99/><G74/><T107/><D81/><N who="1" m="45263" /><E103/><V31/><F132/><W56/><G4/><T77/><D77/><U68/><E68/><V50/><F124/><N who="1" m="47657" /><E13/><V52/><F71/><W35/><G116/><T44/><D44/><U123/><E27/><V75/><F70/><W10/><G10/><AGARI ba="0,0" hai="10,15,16,19,22,24,62,63,96,100,107" m="49705" machi="10" ten="30,3900,0" yaku="19,1,52,1,54,1" doraHai="101" who="0" fromWho="3" sc="250,39,240,0,340,0,170,-39" /><INIT seed="2,0,0,5,3,124" ten="289,240,340,131" oya="2" hai0="84,30,68,40,4,51,17,45,48,63,59,5,15" hai1="92,67,106,132,52,120,12,113,74,110,81,126,22" hai2="50,70,27,111,34,100,108,99,10,37,43,61,73" hai3="86,134,76,85,25,72,122,117,114,8,58,6,87"/><V107/><F37/><W112/><G122/><T119/><D119/><U79/><E113/><N who="3" m="43626" /><G58/><T77/><D68/><U88/><E120/><V35/><F73/><W55/><G55/><T66/><D30/><U20/><E126/><V105/><F10/><W123/><G25/><T129/><D129/><U116/><E116/><V47/><F105/><W31/><G31/><T21/><D51/><U91/><E110/><N who="2" m="42027" /><F27/><W56/><G56/><T65/><D65/><AGARI ba="0,0" hai="34,35,43,47,50,61,65,70,99,100,107" m="42027" machi="65" ten="30,2900,0" yaku="14,1,10,1" doraHai="124" who="2" fromWho="0" sc="289,-29,240,0,340,29,131,0" /><INIT seed="2,1,0,1,1,52" ten="260,240,369,131" oya="2" hai0="122,44,118,70,41,94,131,56,53,111,127,1,128" hai1="74,82,110,86,107,4,68,119,133,46,6,77,81" hai2="120,117,32,27,134,57,90,84,39,113,43,34,135" hai3="54,14,37,42,33,10,100,31,15,99,69,129,105"/><V7/><F120/><W18/><G129/><N who="0" m="49739" /><D1/><U47/><E119/><V26/><F117/><W11/><G69/><T5/><D122/><U0/><E68/><V98/><F113/><W35/><G42/><T60/><D118/><U85/><E107/><V106/><F7/><W114/><G37/><N who="0" m="21551" /><D5/><U30/><E110/><V79/><F43/><W109/><G114/><T83/><D83/><U96/><E133/><N who="2" m="50699" /><F39/><W112/><G109/><T51/><D94/><U38/><E38/><V16/><F27/><W20/><G112/><T123/><D123/><U59/><E4/><V91/><F79/><W93/><G105/><T92/><D92/><U126/><E6/><V40/><F40/><W3/><G3/><T17/><D17/><U55/><E0/><V104/><F90/><W72/><G72/><T25/><D25/><U71/><E74/><V48/><F98/><W87/><G87/><T108/><D127/><U65/><E126/><V45/><F45/><W101/><G54/><N who="0" m="33815" /><D70/><U132/><E132/><V97/><F97/><W36/><G36/><T80/><D80/><U58/><E96/><V63/><F48/><W73/><G73/><T12/><D12/><U75/><E75/><V95/><F106/><W9/><G101/><T49/><D51/><N who="1" m="31103" /><E71/><V76/><F104/><W29/><REACH who="3" step="1"/><G15/><REACH who="3" ten="260,240,369,121" step="2"/><T23/><D111/><U19/><E85/><V64/><F76/><W24/><G24/><T116/><D108/><U78/><E86/><V8/><F26/><W88/><G88/><T22/><D116/><U13/><E78/><V62/><F62/><W125/><G125/><T115/><D115/><RYUUKYOKU ba="1,1" sc="260,10,240,-30,369,10,121,10" hai0="22,23,49,53" hai2="8,16,32,34,57,63,64,84,91,95" hai3="9,10,11,14,18,20,29,31,33,35,93,99,100" /><INIT seed="2,2,1,1,0,61" ten="270,210,379,131" oya="2" hai0="109,97,74,108,100,10,116,117,84,15,40,99,51" hai1="64,57,39,37,102,42,8,104,43,80,123,50,53" hai2="11,133,33,22,120,91,130,67,30,76,63,58,112" hai3="9,0,126,105,131,6,119,49,3,78,122,111,47"/><V46/><F120/><W17/><G105/><T29/><D74/><U81/><E8/><V45/><F112/><W44/><G122/><T20/><D97/><U18/><E18/><V86/><F33/><W68/><G68/><T60/><D84/><U70/><E102/><V69/><F133/><W32/><G78/><T66/><D51/><N who="1" m="30911" /><E104/><V77/><F130/><W38/><G32/><T4/><D40/><N who="1" m="15403" /><E81/><N who="2" m="49615" /><F69/><W79/><G79/><N who="2" m="30281" /><F11/><W48/><G131/><T36/><D29/><U27/><E27/><AGARI ba="2,1" hai="22,27,30,45,46,58,63,67" m="30281,49615" machi="27" ten="30,2900,0" yaku="8,1,52,1" doraHai="61" who="2" fromWho="1" sc="270,0,210,-35,379,45,131,0" /><INIT seed="2,3,0,3,2,36" ten="270,175,424,131" oya="2" hai0="11,68,76,7,123,9,66,83,1,53,70,91,42" hai1="50,110,82,71,5,106,28,109,45,64,97,56,81" hai2="80,32,104,47,46,3,105,122,63,86,92,44,38" hai3="99,35,103,84,19,133,126,73,79,12,52,55,90"/><V120/><F38/><W114/><G35/><T77/><D123/><U10/><E71/><V95/><F32/><W51/><G126/><T113/><D113/><U15/><E28/><V75/><F3/><W58/><G114/><T129/><D129/><U94/><E106/><V21/><F75/><W115/><G115/><T61/><D53/><U33/><E33/><V6/><F6/><W48/><G133/><T24/><D24/><U41/><E110/><V134/><F134/><W74/><G79/><T117/><D11/><U102/><REACH who="1" step="1"/><E109/><REACH who="1" ten="270,165,424,131" step="2"/><V40/><F122/><W20/><G103/><T112/><D70/><U118/><E118/><V14/><F120/><W101/><G101/><T22/><D117/><U132/><E132/><V26/><F105/><W4/><G99/><T16/><D68/><U31/><E31/><V69/><F104/><W98/><G98/><T85/><D112/><U25/><E25/><V0/><F69/><W96/><G96/><T128/><D128/><U72/><E72/><V100/><F26/><W30/><G30/><T125/><D125/><U93/><E93/><N who="2" m="35915" /><F100/><W65/><G65/><T2/><D83/><U57/><E57/><V59/><F59/><N who="3" m="33159" /><G73/><T34/><D34/><U62/><AGARI ba="3,1" hai="5,10,15,41,45,50,56,62,64,81,82,94,97,102" machi="62" ten="30,8000,1" yaku="1,1,0,1,8,1,52,1,53,1" doraHai="36" doraHaiUra="43" who="1" fromWho="1" sc="270,-23,165,99,424,-43,131,-23" /><INIT seed="3,0,0,4,3,69" ten="247,264,381,108" oya="3" hai0="64,21,99,2,113,41,67,16,111,119,34,19,18" hai1="42,121,47,70,61,135,120,73,46,38,78,105,31" hai2="117,128,132,49,71,66,8,77,94,28,97,129,27" hai3="63,13,51,37,84,93,54,29,32,1,7,5,116"/><W100/><G116/><T55/><D119/><U79/><E105/><V56/><F117/><W98/><G1/><T44/><D2/><U52/><E135/><V26/><F132/><W4/><G13/><T122/><D122/><U114/><E114/><V48/><F71/><W95/><G63/><T57/><D34/><U81/><E78/><V58/><F77/><W131/><G131/><N who="2" m="50249" /><F8/><W115/><G115/><T123/><D123/><U82/><E82/><V60/><F58/><W72/><G72/><T87/><D87/><U104/><E104/><V101/><F27/><W0/><G0/><T85/><D85/><U30/><E70/><V133/><F133/><W23/><G32/><AGARI ba="0,0" hai="26,28,32,48,49,56,60,66,94,97,101" m="50249" machi="32" ten="30,1000,0" yaku="19,1" doraHai="69" who="2" fromWho="3" sc="247,0,264,0,381,10,108,-10" owari="247,-15.0,264,6.0,391,49.0,98,-40.0" /></mjloggm>