<mjloggm ver="2.3"><GO type="97" lobby="0"/><UN n0="%E5%B0%B1%E6%B4%BB%E7%94%9F%40%E5%B7%9D%E6%9D%91%E8%BB%8D%E5%9B%A3" n1="%E5%A4%9A%E6%91%A9%E9%9B%80%E5%88%9D%E4%BB%A3%E9%83%A8%E9%95%B7" n2="%E8%B6%B3%E3%81%AE%E8%B8%8F%E3%81%BF%E5%A0%B4%E3%82%82%E3%81%AA%E3%81%84" n3="%E3%81%B6%E3%82%8B%E3%81%AF%E3%81%A4" dan="14,14,15,14" rate="1938.25,2007.34,2006.55,1982.98" sx="M,M,M,M"/><TAIKYOKU oya="0"/><INIT seed="0,0,0,2,5,84" ten="250,250,250,250" oya="0" hai0="98,64,90,116,103,95,130,11,96,89,44,91,47" hai1="78,37,23,60,48,21,93,124,31,114,102,129,113" hai2="76,115,101,133,117,25,26,4,75,108,42,135,109" hai3="15,8,80,14,132,34,50,67,125,52,123,119,43"/><T104/><D116/><U110/><E37/><V3/><F115/><N who="1" m="44041" /><E78/><V59/><F117/><W49/><G119/><T61/><D130/><U51/><E129/><V97/><F42/><W81/><G34/><T68/><REACH who="0" step="1"/><D11/><REACH who="0" ten="240,250,250,250" step="2"/><U70/><E124/><V27/><F133/><W22/><G125/><T33/><D33/><U79/><E23/><V35/><F135/><W32/><G132/><T53/><D53/><U87/><E21/><V120/><F35/><W1/><G32/><T0/><D0/><U13/><E110/><V106/><F108/><W17/><G1/><T19/><D19/><U92/><E31/><V30/><F30/><W66/><G43/><T9/><D9/><U62/><E13/><V73/><F109/><W77/><G14/><T126/><D126/><U94/><E102/><AGARI ba="0,1" hai="44,47,61,64,68,89,90,91,95,96,98,102,103,104" machi="102" ten="40,12000,1" yaku="1,1,52,3,53,0" doraHai="84" doraHaiUra="118" who="0" fromWho="1" sc="240,130,250,-120,250,0,250,0" /><INIT seed="0,1,0,4,1,31" ten="370,130,250,250" oya="0" hai0="3,96,60,44,94,65,84,56,135,120,73,107,83" hai1="26,9,8,2,22,39,79,59,7,98,76,121,119" hai2="61,55,78,81,62,92,125,1,133,129,109,34,72" hai3="122,108,88,68,116,85,58,4,43,101,97,100,90"/><T20/><D120/><U87/><E119/><V48/><F1/><W29/><G68/><T16/><D3/><U66/><E121/><V80/><F109/><W52/><G122/><T93/><D135/><U30/><E39/><V111/><F111/><W103/><G108/><T114/><D73/><U47/><E47/><V77/><F133/><W63/><G116/><T64/><D114/><U112/><E112/><V33/><F92/><N who="3" m="56455" /><G29/><T110/><D110/><U99/><E8/><V130/><F125/><W17/><G4/><T123/><D123/><U113/><E113/><V75/><F48/><W15/><G43/><T13/><D65/><U38/><E38/><V54/><AGARI ba="1,0" hai="33,34,54,55,61,62,72,75,77,78,80,81,129,130" machi="54" ten="25,8000,1" yaku="0,1,22,2,52,2" doraHai="31" who="2" fromWho="2" sc="370,-41,130,-21,250,83,250,-21" /><INIT seed="1,0,0,0,1,94" ten="329,109,333,229" oya="1" hai0="96,31,71,67,17,114,101,30,130,118,63,38,49" hai1="41,3,12,107,14,50,48,85,129,115,79,42,9" hai2="89,5,99,37,46,29,60,2,88,7,108,27,65" hai3="121,86,113,106,117,56,13,105,16,132,22,21,53"/><U19/><E115/><V93/><F108/><W124/><G113/><T45/><D118/><U90/><E107/><V15/><F2/><W102/><G121/><T39/><D114/><U1/><E129/><V23/><F89/><W61/><G124/><T57/><D130/><U54/><E79/><V95/><F95/><W66/><G117/><T64/><D71/><U52/><E85/><V133/><F133/><W91/><G132/><T134/><D134/><U123/><E9/><V59/><REACH who="2" step="1"/><F15/><REACH who="2" ten="329,109,323,229" step="2"/><W6/><G102/><T84/><D84/><U68/><E68/><V97/><F97/><W4/><G105/><T33/><D33/><U58/><E90/><V104/><F104/><W0/><G106/><T35/><D35/><U8/><E123/><V82/><F82/><N who="3" m="49623" /><G0/><T75/><D75/><U70/><E70/><V62/><F62/><W112/><G112/><T125/><D125/><U26/><E26/><V80/><F80/><W122/><G122/><T100/><D100/><U47/><E1/><V120/><F120/><W76/><G76/><T92/><D39/><U116/><E3/><V81/><F81/><W72/><G72/><T18/><D38/><U109/><E116/><V11/><F11/><W98/><G98/><T127/><D127/><U128/><E109/><V24/><F24/><W44/><G22/><T51/><D67/><U78/><E128/><V126/><F126/><W111/><G111/><T110/><D110/><U103/><E78/><V43/><AGARI ba="0,1" hai="5,7,23,27,29,37,43,46,59,60,65,88,93,99" machi="43" ten="30,8000,1" yaku="1,1,0,1,52,1,54,1,53,1" doraHai="94" doraHaiUra="25" who="2" fromWho="2" sc="329,-20,109,-40,323,90,229,-20" /><INIT seed="2,0,0,4,5,2" ten="309,69,413,209" oya="2" hai0="44,89,106,57,17,116,39,101,46,8,0,61,83" hai1="71,90,34,40,65,134,51,14,103,3,73,13,25" hai2="82,120,1,129,87,97,70,35,28,37,88,10,66" hai3="86,24,131,31,77,54,76,23,50,114,53,91,84"/><V125/><F120/><W9/><G114/><T43/><D116/><U67/><E73/><V7/><F37/><W72/><G131/><T81/><D44/><U124/><E3/><V4/><F129/><W96/><G72/><T36/><D36/><U107/><E124/><V52/><F7/><W6/><G96/><T49/><D39/><U123/><E134/><V5/><F5/><W47/><G54/><T127/><D127/><U63/><E123/><V33/><F125/><W68/><G68/><T109/><D109/><U15/><E67/><V56/><F28/><W126/><G126/><T12/><D0/><U59/><E90/><V111/><F111/><W133/><G133/><T105/><D101/><U11/><E11/><V69/><F97/><W79/><REACH who="3" step="1"/><G91/><REACH who="3" ten="309,69,413,199" step="2"/><T55/><D106/><U110/><E110/><V16/><F70/><W18/><G18/><T64/><D105/><U42/><E59/><V98/><F69/><W38/><G38/><T115/><D115/><U100/><E51/><V119/><F16/><W117/><G117/><T26/><D64/><U29/><E100/><V78/><F66/><W41/><G41/><T58/><D58/><U122/><E122/><V118/><F119/><W99/><G99/><AGARI ba="0,1" hai="13,14,15,25,29,34,40,42,63,65,71,99,103,107" machi="99" ten="40,2600,0" yaku="25,2" doraHai="2" who="1" fromWho="3" sc="309,0,69,36,413,0,199,-26" /><INIT seed="3,0,0,5,4,106" ten="309,105,413,173" oya="3" hai0="53,35,128,50,70,133,91,117,109,105,58,15,38" hai1="16,32,84,98,13,126,113,55,43,103,102,95,34" hai2="110,94,63,59,27,65,89,112,79,90,67,40,39" hai3="74,0,3,28,61,24,129,21,83,49,72,6,120"/><W104/><G120/><T107/><D117/><U42/><E113/><V123/><F112/><W96/><G129/><T86/><D128/><U9/><E126/><V66/><F79/><W124/><G124/><T122/><D122/><U48/><E102/><V26/><F110/><W57/><G49/><T134/><D109/><U69/><E69/><V88/><F39/><W132/><G132/><N who="0" m="50795" /><D35/><U10/><E34/><V131/><F40/><W37/><G37/><T5/><D38/><U36/><E32/><V2/><F2/><W115/><G115/><T80/><D70/><U114/><E114/><V60/><F131/><W75/><G83/><T97/><D97/><U11/><E84/><V51/><F94/><W19/><G28/><T92/><D92/><U41/><REACH who="1" step="1"/><E36/><REACH who="1" ten="309,95,413,173" step="2"/><V8/><F123/><W82/><G74/><T127/><D127/><U130/><E130/><V33/><F33/><W17/><G72/><T68/><D68/><U56/><AGARI ba="0,1" hai="9,10,11,13,16,41,42,43,48,55,56,95,98,103" machi="56" ten="30,8000,1" yaku="1,1,0,1,8,1,54,1,53,1" doraHai="106" doraHaiUra="46" who="1" fromWho="1" sc="309,-20,95,90,413,-20,173,-40" owari="289,9.0,185,-21.0,393,49.0,133,-37.0" /></mjloggm>