<mjloggm ver="2.3"><GO type="97" lobby="0"/><UN n0="%68%6B%75%63" n1="%E5%B0%B1%E6%B4%BB%E7%94%9F%40%E5%B7%9D%E6%9D%91%E8%BB%8D%E5%9B%A3" n2="%63%6F%61" n3="%E3%83%95%E3%83%A9%E3%82%A4%E3%83%80" dan="13,15,15,16" rate="1829.94,1934.43,1955.31,1958.23" sx="M,M,M,M"/><TAIKYOKU oya="0"/><INIT seed="0,0,0,3,0,61" ten="250,250,250,250" oya="0" hai0="109,98,33,128,92,89,129,46,72,1,38,45,12" hai1="101,78,119,57,74,52,36,50,91,99,76,69,30" hai2="132,75,34,122,116,66,127,29,17,20,40,64,5" hai3="21,18,85,130,112,96,41,43,3,22,133,104,79"/><T14/><D1/><U71/><E119/><V118/><F75/><W65/><G3/><T111/><D33/><U24/><E36/><V87/><F122/><W63/><G112/><T115/><D72/><U56/><E56/><V88/><F127/><W82/><G130/><N who="0" m="50283" /><D115/><U47/><E57/><V42/><F132/><W90/><G133/><T126/><D126/><U68/><E91/><V102/><F102/><W73/><G22/><T4/><D38/><U77/><E74/><V48/><F5/><W94/><G104/><T27/><D27/><U67/><E67/><N who="2" m="25643" /><F34/><W107/><G107/><T86/><D98/><U15/><E15/><N who="0" m="5673" /><D4/><U44/><E44/><AGARI ba="0,0" hai="44,45,46,86,89,92,109,111" m="5673,50283" machi="44" ten="40,2000,0" yaku="19,1" doraHai="61" who="0" fromWho="1" sc="250,20,250,-20,250,0,250,0" /><INIT seed="0,1,0,1,1,84" ten="270,230,250,250" oya="0" hai0="120,70,46,90,109,28,79,4,86,9,24,127,134" hai1="1,22,43,10,20,118,36,27,65,116,121,41,60" hai2="7,93,107,126,128,80,99,122,95,111,88,2,13" hai3="37,130,34,117,92,123,63,59,108,64,91,83,81"/><T55/><D70/><U50/><E121/><V31/><F122/><W74/><G123/><T6/><D120/><U39/><E1/><V94/><F107/><W25/><G117/><T58/><D79/><U54/><E10/><N who="2" m="4319" /><F2/><W62/><G37/><T73/><D73/><U110/><E110/><V0/><F0/><W76/><G108/><T66/><D127/><U105/><E105/><V57/><F126/><W51/><G130/><T78/><D78/><U12/><E12/><V8/><F111/><W75/><G51/><N who="0" m="29175" /><D109/><U33/><E33/><V96/><F128/><W104/><G104/><T89/><D134/><U115/><E115/><V45/><F31/><W97/><G81/><T100/><D100/><U124/><E124/><V101/><F45/><W61/><G75/><T71/><D86/><U52/><E27/><V30/><F30/><W16/><REACH who="3" step="1"/><G34/><REACH who="3" ten="270,230,250,240" step="2"/><T23/><D71/><U38/><E50/><V35/><F35/><W103/><G103/><T77/><D77/><U125/><E125/><V82/><F82/><W53/><G53/><T113/><D113/><U133/><E133/><V5/><F80/><W132/><G132/><T49/><D49/><U119/><E65/><V18/><F101/><W19/><G19/><T129/><D129/><U32/><E32/><V98/><F18/><W102/><G102/><T48/><D48/><U68/><E60/><V3/><F88/><N who="0" m="33898" /><D9/><U106/><E106/><V21/><F21/><AGARI ba="1,1" hai="16,21,25,59,61,62,63,64,74,76,83,91,92,97" machi="21" ten="40,5200,0" yaku="1,1,52,1,54,1,53,0" doraHai="84" doraHaiUra="29" who="3" fromWho="2" sc="270,0,230,0,250,-55,240,65" /><INIT seed="1,0,0,2,1,64" ten="270,230,195,305" oya="1" hai0="47,9,19,26,30,57,61,95,25,85,129,65,70" hai1="115,94,43,101,54,41,127,7,130,13,48,103,117" hai2="36,78,38,79,29,82,90,113,8,111,67,10,51" hai3="102,35,106,33,112,105,2,73,31,86,58,23,46"/><U89/><E117/><V88/><F111/><W28/><G73/><T56/><D129/><U135/><E115/><V81/><F67/><W21/><G2/><T110/><D110/><U83/><E127/><V15/><F29/><W20/><G112/><T84/><D47/><U4/><E130/><V91/><F113/><W132/><G46/><T93/><D9/><N who="2" m="3690" /><F51/><W72/><G72/><T60/><D19/><U69/><E135/><V50/><F50/><W17/><G17/><T92/><D30/><U49/><E69/><V59/><F59/><N who="0" m="22602" /><D70/><U121/><E121/><V24/><F15/><W120/><G120/><T100/><D100/><N who="1" m="38475" /><E83/><N who="2" m="31755" /><F24/><N who="0" m="9322" /><D65/><U12/><E54/><V76/><AGARI ba="0,0" hai="36,38,76,78,79,88,90,91" m="31755,3690" machi="76" ten="40,5200,0" yaku="28,2,54,1" doraHai="64" who="2" fromWho="2" sc="270,-13,230,-26,195,52,305,-13" /><INIT seed="2,0,0,0,4,45" ten="257,204,247,292" oya="2" hai0="16,129,58,31,92,32,29,28,59,106,98,70,25" hai1="100,85,52,35,54,27,119,67,107,21,60,14,79" hai2="89,8,43,37,33,124,48,49,47,57,87,66,5" hai3="7,3,135,80,6,30,18,69,97,34,103,110,111"/><V96/><F33/><W91/><G69/><T105/><D70/><U51/><E35/><V131/><F131/><W71/><G71/><T10/><D129/><U23/><E119/><V101/><F124/><W109/><G135/><T93/><D32/><U17/><E107/><V2/><F66/><W99/><G3/><T44/><D44/><N who="1" m="27751" /><E67/><V72/><F72/><W115/><G115/><T117/><D117/><U24/><E100/><V112/><F112/><W22/><G34/><T123/><D123/><U133/><E133/><V81/><F57/><N who="0" m="21514" /><D105/><AGARI ba="0,0" hai="2,5,8,37,43,47,48,49,81,87,89,96,101,105" machi="105" ten="30,5800,0" yaku="7,1,52,2" doraHai="45" who="2" fromWho="0" sc="257,-58,204,0,247,58,292,0" /><INIT seed="2,1,0,3,5,128" ten="199,204,305,292" oya="2" hai0="106,29,25,129,53,127,124,103,43,87,44,88,47" hai1="116,34,82,13,100,113,35,123,3,17,92,50,120" hai2="15,26,6,110,30,96,37,59,66,49,133,63,12" hai3="97,62,5,89,18,73,79,54,58,84,55,41,80"/><V46/><F37/><W93/><G41/><T57/><D106/><U64/><E116/><V75/><F75/><W24/><G5/><T95/><D103/><U61/><E113/><V112/><F112/><W130/><G130/><T132/><D129/><U19/><E3/><V38/><F38/><W94/><G94/><T31/><D43/><U0/><E0/><V7/><F110/><W119/><G119/><T107/><D107/><U11/><E82/><V67/><F67/><W99/><G55/><T72/><D72/><U68/><E50/><V126/><F126/><N who="0" m="48170" /><D132/><U65/><E65/><V118/><F133/><W51/><G51/><N who="0" m="30911" /><D31/><U9/><E9/><V131/><F131/><W70/><G70/><T28/><D28/><U56/><E68/><V115/><F115/><W36/><G36/><T125/><D125/><U101/><E19/><V23/><F118/><W10/><G10/><T52/><D52/><U32/><REACH who="1" step="1"/><E92/><REACH who="1" ten="199,194,305,292" step="2"/><V33/><F7/><W102/><G18/><T104/><D104/><U69/><E69/><V86/><F6/><W122/><G93/><T42/><D42/><U77/><E77/><V60/><F66/><W109/><G80/><T108/><D108/><U114/><E114/><V90/><F49/><W121/><G109/><T105/><D105/><U1/><E1/><V20/><F63/><W111/><G79/><T22/><AGARI ba="1,1" hai="22,25,29,44,47,87,88,95" m="30911,48170" machi="22" ten="30,2000,0" yaku="18,1,54,1" doraHai="128" who="0" fromWho="0" sc="199,33,194,-6,305,-11,292,-6" /><INIT seed="3,0,0,4,0,107" ten="232,188,294,286" oya="3" hai0="4,8,51,30,121,45,0,31,12,74,116,100,114" hai1="21,61,32,46,11,59,54,92,82,134,77,44,56" hai2="135,52,89,53,97,130,49,18,73,2,86,34,48" hai3="85,124,22,117,101,70,33,42,99,1,14,43,55"/><W28/><G117/><T81/><D116/><U9/><E32/><V90/><F73/><W64/><G1/><T110/><D121/><U40/><E134/><V5/><F34/><W65/><G124/><T80/><D110/><U71/><E71/><V131/><F135/><W79/><G55/><N who="2" m="21065" /><F18/><N who="3" m="10583" /><G33/><T15/><D100/><U111/><E111/><V129/><F97/><W95/><G28/><T93/><D93/><U103/><E59/><V96/><F96/><W83/><G70/><T105/><D105/><U7/><E21/><V113/><F113/><W19/><G19/><T132/><D114/><U35/><E35/><V75/><F75/><W133/><G133/><T118/><D132/><U98/><E7/><V50/><F86/><W37/><G37/><T68/><D68/><U119/><E119/><V91/><F5/><W36/><G36/><T126/><D126/><U63/><E63/><V62/><F62/><W127/><G127/><T88/><D118/><U20/><E20/><V23/><F23/><W57/><G57/><T58/><D58/><U94/><E94/><V41/><F2/><W84/><G85/><N who="0" m="50215" /><D30/><U78/><E44/><AGARI ba="0,0" hai="41,44,48,49,50,89,90,91,129,130,131" m="21065" machi="44" ten="40,2600,0" yaku="19,1,54,1" doraHai="107" who="2" fromWho="1" sc="232,0,188,-26,294,26,286,0" owari="232,-17.0,162,-34.0,320,42.0,286,9.0" /></mjloggm>