<mjloggm ver="2.3"><GO type="169" lobby="0"/><UN n0="%E3%81%A8%E3%82%82%E3%81%8D%E3%82%85%E3%82%93%E2%99%AA" n1="%EF%BC%98%EF%BC%99%EF%BC%91%EF%BC%90" n2="%E3%83%88%E3%83%88%E3%83%AA%E5%85%88%E7%94%9F%31%39%E6%AD%B3" n3="%E3%83%89%E3%82%A4%E3%83%AB" dan="16,16,17,16" rate="2038.88,2059.60,2259.91,2042.92" sx="F,M,F,M"/><TAIKYOKU oya="0"/><INIT seed="0,0,0,5,1,87" ten="250,250,250,250" oya="0" hai0="45,67,134,85,75,2,30,52,37,123,61,35,113" hai1="14,106,28,20,111,13,64,81,25,33,58,121,70" hai2="71,122,89,53,49,101,108,90,24,114,7,133,94" hai3="86,78,117,44,48,82,55,95,110,36,130,0,79"/><T103/><D75/><U84/><E106/><V100/><F114/><W96/><G110/><T73/><D73/><U105/><E105/><V124/><F122/><W23/><G117/><T92/><D113/><U112/><E112/><V26/><F71/><W16/><G0/><T38/><D134/><U9/><E70/><V46/><F133/><W128/><G36/><T116/><D116/><U1/><E111/><V15/><F108/><W77/><G130/><T68/><D2/><U19/><E121/><V107/><F107/><W97/><G128/><T65/><D123/><U39/><E39/><V115/><F115/><W42/><G42/><T40/><D65/><U102/><E102/><N who="2" m="39531" /><F94/><W57/><G44/><T62/><D35/><U29/><E29/><V118/><F124/><W99/><REACH who="3" step="1"/><G95/><REACH who="3" ten="250,250,250,240" step="2"/><T12/><D37/><U8/><E1/><V93/><F118/><W59/><G59/><T22/><D92/><U120/><E58/><V88/><F93/><W74/><G74/><T21/><D38/><U66/><E120/><V129/><F129/><W18/><G18/><T31/><D40/><U119/><E119/><V125/><F125/><W83/><G83/><T50/><D31/><U6/><REACH who="1" step="1"/><E33/><REACH who="1" ten="250,240,250,240" step="2"/><V17/><F7/><W3/><G3/><T56/><D30/><U11/><E11/><AGARI ba="0,2" hai="11,15,17,24,26,46,49,53,88,89,90" m="39531" machi="11" ten="30,8000,1" yaku="8,1,52,3,54,1" doraHai="87" who="2" fromWho="1" sc="250,0,240,-80,250,100,240,0" /><INIT seed="1,0,0,5,2,67" ten="250,160,350,240" oya="1" hai0="34,121,90,5,9,46,112,2,7,20,118,103,125" hai1="17,26,122,33,62,40,56,37,126,57,43,61,102" hai2="72,44,29,120,13,30,55,83,4,23,117,38,132" hai3="123,51,111,39,36,15,48,64,6,74,47,131,75"/><U54/><E122/><V135/><F120/><W10/><G111/><T110/><D121/><U95/><E126/><V65/><F117/><W76/><G123/><T82/><D118/><U78/><E78/><N who="2" m="44487" /><F65/><W128/><G64/><T107/><D34/><U14/><E37/><N who="3" m="14410" /><G76/><T58/><D125/><U59/><E33/><V8/><F23/><W63/><G63/><N who="1" m="24074" /><E26/><V52/><F38/><W80/><G80/><T11/><D58/><U35/><E35/><V1/><F1/><W42/><G51/><T32/><D32/><U53/><E95/><V93/><F93/><W16/><G6/><T104/><D104/><U31/><E102/><V79/><F79/><W60/><G60/><T113/><D103/><U108/><E31/><N who="2" m="11787" /><F44/><W115/><G115/><T24/><D46/><U94/><E94/><V27/><F27/><W21/><G21/><T49/><D107/><U41/><E108/><V0/><F0/><W109/><G109/><T18/><D110/><U77/><E77/><V66/><F66/><W84/><G84/><N who="0" m="50455" /><D113/><U81/><E81/><V86/><F86/><W73/><G10/><AGARI ba="0,0" hai="10,14,17,40,41,43,53,54,56,57,59" m="24074" machi="10" ten="30,1500,0" yaku="8,1" doraHai="67" who="1" fromWho="3" sc="250,0,160,15,350,0,240,-15" /><INIT seed="1,1,0,1,3,73" ten="250,175,350,225" oya="1" hai0="4,119,106,24,94,52,54,22,18,116,3,132,14" hai1="79,101,84,80,17,46,9,70,111,71,25,44,87" hai2="65,33,125,89,76,62,8,21,41,85,66,0,86" hai3="45,123,59,67,26,16,40,92,57,6,11,53,37"/><U126/><E126/><V10/><F33/><W1/><G123/><T35/><D106/><U128/><E128/><V108/><F125/><W42/><G42/><T91/><D132/><U43/><E111/><V38/><F108/><W27/><G67/><T50/><D54/><U49/><E101/><V133/><F133/><W88/><G16/><T55/><D55/><U2/><E87/><V112/><F112/><W34/><G34/><T39/><D39/><U120/><E120/><V31/><F0/><W102/><G102/><T122/><D122/><U61/><E61/><V107/><F107/><W83/><G83/><T130/><D130/><U68/><E2/><V99/><F99/><W56/><REACH who="3" step="1"/><G53/><REACH who="3" ten="250,175,350,215" step="2"/><T96/><D35/><U32/><E32/><V118/><F65/><W47/><G47/><T20/><D3/><U114/><E44/><V109/><F109/><W48/><G48/><T77/><D4/><U60/><E114/><V115/><F41/><W63/><G63/><T121/><D121/><U131/><E131/><V72/><F115/><W75/><G75/><T103/><D103/><U124/><E124/><V64/><F72/><W30/><G30/><T19/><REACH who="0" step="1"/><D77/><REACH who="0" ten="240,175,350,215" step="2"/><U100/><E100/><V74/><F76/><W28/><G28/><T15/><D15/><N who="1" m="7407" /><E25/><V104/><F104/><W29/><G29/><T134/><D134/><U13/><E13/><V129/><F31/><W95/><G95/><T97/><D97/><AGARI ba="1,2" hai="1,6,11,26,27,37,40,45,56,57,59,88,92,97" machi="97" ten="40,2600,0" yaku="1,1,54,1,53,0" doraHai="73" doraHaiUra="51" who="3" fromWho="0" sc="240,-29,175,0,350,0,215,49" /><INIT seed="2,0,0,0,4,122" ten="211,175,350,264" oya="2" hai0="72,134,87,101,7,64,14,95,16,110,86,100,66" hai1="111,31,113,38,84,26,85,115,69,39,50,27,32" hai2="35,75,123,34,108,93,30,103,96,117,61,118,51" hai3="83,90,25,97,104,1,106,47,52,54,15,109,17"/><V124/><F123/><W44/><G1/><T82/><D72/><U23/><E69/><V18/><F75/><W33/><G33/><T73/><D73/><U8/><E39/><V12/><F124/><W53/><G25/><T21/><D134/><U133/><E38/><V46/><F61/><W40/><G40/><T74/><D74/><U60/><E133/><V71/><F71/><W55/><G83/><T13/><D110/><U65/><E50/><V129/><F108/><W114/><G109/><T24/><D95/><U81/><E111/><V43/><F129/><W19/><G114/><T94/><D94/><U0/><E85/><V78/><F78/><W126/><G126/><T41/><D41/><U99/><E99/><V57/><F57/><W45/><N who="3" m="13824" /><DORA hai="80" /><W91/><G97/><T112/><D112/><U92/><E92/><V3/><F3/><W5/><G5/><T120/><D120/><U128/><E0/><V20/><REACH who="2" step="1"/><F30/><REACH who="2" ten="211,175,340,264" step="2"/><W98/><G98/><T79/><D66/><U29/><E128/><V130/><F130/><W127/><G127/><T11/><D64/><U116/><E60/><V121/><F121/><W4/><G106/><T88/><D101/><U131/><E115/><V62/><F62/><W63/><G63/><T56/><D56/><U48/><E113/><V125/><F125/><W102/><G104/><T70/><D100/><U77/><E131/><V119/><AGARI ba="0,1" hai="12,18,20,34,35,43,46,51,93,96,103,117,118,119" machi="119" ten="30,3000,0" yaku="1,1,0,1,53,0" doraHai="122,80" doraHaiUra="67,49" who="2" fromWho="2" sc="211,-10,175,-10,340,40,264,-10" /><INIT seed="2,1,0,4,4,75" ten="201,165,380,254" oya="2" hai0="57,7,112,73,61,78,54,109,66,32,19,36,63" hai1="46,98,8,27,20,130,50,95,99,93,10,37,67" hai2="51,77,108,69,47,117,86,133,90,116,121,128,132" hai3="101,68,17,25,5,111,123,12,71,41,4,91,81"/><V14/><F121/><W44/><G123/><T16/><D112/><U72/><E72/><V135/><F69/><W21/><G111/><T34/><D109/><U39/><E130/><V43/><F108/><W104/><G101/><T53/><D36/><U97/><E67/><V35/><F35/><W122/><G104/><T118/><D118/><N who="2" m="45674" /><F14/><W9/><G122/><T22/><D7/><U126/><E126/><V42/><F128/><W106/><G106/><T24/><D19/><N who="1" m="12703" /><E39/><V80/><F42/><W96/><G4/><T29/><D29/><U18/><E37/><V33/><F33/><W30/><G96/><N who="1" m="36970" /><E18/><V1/><F1/><W76/><G91/><AGARI ba="1,0" hai="43,47,51,77,80,86,90,91,132,133,135" m="45674" machi="91" ten="40,3900,0" yaku="20,1,52,1" doraHai="75" who="2" fromWho="3" sc="201,0,165,0,380,42,254,-42" /><INIT seed="2,2,0,2,0,123" ten="201,165,422,212" oya="2" hai0="53,108,7,35,17,110,82,37,34,94,81,100,49" hai1="112,18,62,3,113,15,41,26,76,31,107,101,85" hai2="11,105,8,32,50,4,97,59,102,115,121,132,93" hai3="68,77,127,56,6,116,87,129,120,131,95,92,71"/><V75/><F115/><W21/><G120/><T111/><D37/><U29/><E3/><V54/><F121/><W42/><G116/><T128/><D128/><N who="3" m="49225" /><G6/><T117/><D117/><U65/><E41/><V60/><F32/><N who="0" m="12330" /><D17/><U98/><E76/><V135/><F75/><W91/><G42/><T130/><D7/><U45/><E85/><V103/><F103/><W16/><G127/><T10/><D10/><U14/><E45/><V73/><F73/><W58/><G77/><T125/><D130/><U64/><E14/><V114/><F114/><W74/><G74/><T30/><D30/><U1/><E65/><V119/><F119/><W61/><G95/><T133/><D125/><U44/><E44/><V27/><F93/><W24/><G56/><N who="0" m="32815" /><D133/><N who="2" m="51274" /><F27/><W39/><G39/><T13/><D13/><U47/><E26/><V48/><F8/><W84/><G84/><T126/><D126/><U46/><E1/><AGARI ba="2,0" hai="1,4,11,48,50,54,59,60,97,102,105" m="51274" machi="1" ten="30,1500,0" yaku="20,1" doraHai="123" who="2" fromWho="1" sc="201,0,165,-21,422,21,212,0" /><INIT seed="2,3,0,1,4,33" ten="201,144,443,212" oya="2" hai0="17,98,18,81,22,68,135,48,32,100,26,37,64" hai1="43,66,80,113,105,54,75,51,119,77,69,125,38" hai2="132,31,97,114,67,131,16,15,50,35,87,6,41" hai3="5,8,134,116,108,53,82,110,90,133,2,55,124"/><V21/><F114/><W10/><G116/><T36/><D135/><N who="3" m="51721" /><G124/><T76/><D48/><U112/><E119/><V89/><F132/><W11/><G11/><T25/><D17/><U34/><E125/><V57/><F131/><W88/><G10/><T83/><D83/><U13/><E13/><V1/><F97/><W104/><G104/><T79/><D79/><U118/><E118/><V78/><F78/><W121/><G121/><T63/><D81/><U19/><E19/><V23/><F35/><W122/><G122/><T103/><D103/><U95/><E95/><N who="2" m="54719" /><F6/><W52/><G82/><T71/><D71/><U62/><E34/><V4/><F4/><W46/><G46/><T12/><D12/><U45/><REACH who="1" step="1"/><E105/><REACH who="1" ten="201,134,443,212" step="2"/><V86/><F15/><W107/><G107/><T9/><D32/><U93/><E93/><V49/><F16/><W109/><AGARI ba="3,1" hai="2,5,8,52,53,55,88,90,108,109,110" m="51721" machi="109" ten="40,8000,1" yaku="14,1,20,1,52,1,54,2" doraHai="33" who="3" fromWho="3" sc="201,-23,134,-23,443,-43,212,99" /><INIT seed="3,0,0,4,4,129" ten="178,111,400,311" oya="3" hai0="111,27,48,20,104,125,75,52,122,97,62,8,126" hai1="87,35,46,60,99,2,86,128,57,69,21,117,45" hai2="39,6,16,49,65,124,107,53,74,70,134,18,83" hai3="77,130,32,112,132,40,24,55,133,79,67,82,120"/><W89/><G120/><T101/><D122/><U131/><E35/><V30/><F39/><W13/><G112/><T15/><D111/><U34/><E34/><V0/><F107/><W84/><G40/><T109/><D62/><U106/><E69/><V38/><F38/><W113/><G113/><T73/><D109/><U119/><E2/><V12/><F0/><W114/><G114/><T61/><D61/><U123/><E21/><V98/><F124/><W102/><G102/><T50/><D50/><U93/><E106/><V81/><F30/><N who="3" m="19527" /><G67/><T14/><D14/><U80/><E123/><V41/><F41/><W94/><G130/><N who="1" m="49706" /><E45/><V96/><F65/><W10/><G55/><T58/><D125/><U51/><E51/><V92/><F49/><W115/><G115/><T88/><D88/><N who="1" m="55719" /><E46/><V22/><F70/><W85/><G85/><N who="1" m="32266" /><E80/><V23/><F92/><W56/><G94/><T11/><D126/><U33/><E33/><V91/><F91/><W4/><G56/><T7/><D11/><U127/><E127/><V59/><F59/><W9/><G9/><T68/><D68/><U105/><E105/><V3/><F81/><W43/><G43/><T90/><D90/><U5/><E5/><V100/><F83/><W121/><G121/><T37/><D37/><U66/><AGARI ba="0,0" hai="57,60,66,117,119" m="32266,55719,49706" machi="66" ten="30,2000,0" yaku="19,1,54,1" doraHai="129" who="1" fromWho="1" sc="178,-5,111,20,400,-5,311,-10" /><INIT seed="4,0,0,4,1,109" ten="173,131,395,301" oya="0" hai0="85,6,75,135,80,107,21,70,116,8,45,53,93" hai1="20,94,7,11,124,100,114,26,117,128,13,40,74" hai2="129,83,28,102,44,110,101,16,42,61,76,91,119" hai3="82,24,50,48,52,60,130,23,35,64,12,84,0"/><T41/><D116/><U77/><E117/><V29/><F110/><W19/><G0/><T106/><D135/><U22/><E128/><V56/><F119/><W132/><G132/><T98/><D70/><U10/><E124/><V112/><F112/><W46/><G130/><T33/><D33/><U113/><E40/><V122/><F129/><W18/><G50/><T105/><D75/><U78/><E22/><V54/><F122/><W58/><G35/><T71/><D71/><U108/><E108/><V17/><F91/><W57/><G19/><T37/><D21/><U3/><E94/><V63/><F63/><W72/><G72/><T95/><D53/><U89/><E89/><V133/><F133/><W51/><G51/><T125/><D98/><U25/><E100/><V99/><F28/><W86/><G86/><T115/><D115/><N who="1" m="44043" /><E74/><V43/><F43/><W31/><G31/><T90/><REACH who="0" step="1"/><D125/><REACH who="0" ten="163,131,395,301" step="2"/><U36/><E36/><V134/><F134/><W111/><G111/><T103/><D103/><U126/><E126/><V55/><F102/><W66/><G64/><T104/><N who="0" m="26624" /><DORA hai="59" /><T79/><D79/><N who="1" m="30219" /><E20/><V120/><F101/><W87/><G46/><T15/><AGARI ba="0,1" hai="6,8,15,37,41,45,80,85,90,93,95" m="26624" machi="15" ten="60,11700,0" yaku="1,1,0,1,53,1" doraHai="109,59" doraHaiUra="62,1" who="0" fromWho="0" sc="163,127,131,-39,395,-39,301,-39" /><INIT seed="4,1,0,2,3,123" ten="290,92,356,262" oya="0" hai0="70,42,101,88,74,107,15,119,68,79,78,134,83" hai1="34,104,129,94,45,60,108,69,82,28,72,33,0" hai2="100,75,93,63,131,18,97,71,44,24,5,89,40" hai3="6,38,47,87,64,105,8,135,62,17,96,12,65"/><T85/><D119/><U43/><E104/><V16/><F75/><W14/><G135/><T22/><D134/><U32/><E94/><V51/><F131/><W106/><G87/><T30/><D42/><U117/><E28/><V21/><F5/><W56/><G65/><T132/><D132/><U73/><E129/><V41/><F41/><W112/><G112/><T124/><D124/><U95/><E95/><N who="2" m="58431" /><F71/><W59/><G59/><T20/><D20/><U102/><E102/><V55/><F63/><W53/><G96/><T58/><D58/><U4/><E117/><V29/><F40/><W11/><G38/><T116/><D116/><U1/><E108/><V7/><F7/><W98/><G98/><AGARI ba="1,0" hai="16,18,21,24,29,44,51,55,89,93,98" m="58431" machi="98" ten="30,2000,0" yaku="8,1,54,1" doraHai="123" who="2" fromWho="3" sc="290,0,92,0,356,23,262,-23" /><INIT seed="5,0,0,3,0,86" ten="290,92,379,239" oya="1" hai0="85,29,72,114,11,58,37,3,39,112,84,67,57" hai1="16,131,52,91,1,130,54,41,18,125,31,32,8" hai2="79,121,30,25,70,101,65,4,74,71,120,122,62" hai3="96,107,46,51,92,17,108,88,118,9,66,94,45"/><U7/><E41/><V104/><F4/><W117/><G108/><T47/><D72/><U119/><E119/><N who="3" m="45578" /><G107/><T15/><D3/><U115/><E115/><N who="0" m="44073" /><D29/><U77/><E77/><V6/><F6/><W5/><G66/><T50/><D84/><U2/><E2/><V80/><F71/><W24/><G24/><T63/><D58/><U53/><E125/><V38/><F38/><W82/><G82/><T87/><D87/><U105/><E105/><V98/><F120/><W64/><G64/><T113/><D85/><U103/><E103/><V78/><F78/><W23/><G23/><AGARI ba="0,0" hai="23,25,30,62,65,70,74,79,80,98,101,104,121,122" machi="23" ten="30,1000,0" yaku="7,1" doraHai="86" who="2" fromWho="3" sc="290,0,92,0,379,10,239,-10" /><INIT seed="6,0,0,1,3,113" ten="290,92,389,229" oya="2" hai0="5,22,31,2,46,54,4,18,115,76,95,71,92" hai1="89,125,130,135,132,100,35,102,75,48,29,84,7" hai2="74,81,106,123,11,108,41,80,26,70,39,23,107" hai3="57,65,77,37,0,134,88,9,114,15,109,59,63"/><V12/><F123/><W60/><G109/><T42/><D115/><U44/><E29/><V122/><F122/><W53/><G114/><T21/><D71/><U19/><E35/><V117/><F117/><W30/><G134/><N who="1" m="51242" /><E19/><V50/><F70/><W99/><G0/><T133/><D133/><U131/><E7/><V104/><F39/><W8/><G37/><T86/><D54/><U82/><E44/><V61/><F74/><W97/><G77/><T62/><D62/><U32/><E48/><V47/><F108/><W83/><G30/><T55/><D55/><U87/><E32/><V34/><F34/><W127/><G127/><T6/><D2/><U28/><E28/><V56/><F23/><W121/><G121/><T101/><D101/><N who="1" m="39019" /><E75/><V36/><F26/><W1/><G1/><T17/><D31/><U124/><E87/><V3/><F36/><W120/><G120/><T73/><D73/><U110/><E110/><V51/><F51/><W67/><G53/><T103/><D46/><U58/><E58/><V27/><F27/><W33/><G33/><T43/><D4/><U93/><E82/><V25/><F25/><W116/><G83/><T45/><D5/><U94/><E94/><V128/><F3/><W91/><G15/><T66/><D6/><U118/><E118/><AGARI ba="0,0" hai="8,9,57,59,60,63,65,67,88,91,97,99,116,118" machi="118" ten="25,8000,1" yaku="22,2,52,2,54,1" doraHai="113" who="3" fromWho="1" sc="290,0,92,-80,389,0,229,80" /><INIT seed="7,0,0,3,2,115" ten="290,12,389,309" oya="3" hai0="34,21,42,35,22,102,45,61,103,7,46,134,104" hai1="84,124,15,85,5,70,58,79,55,59,125,118,122" hai2="88,44,127,62,69,54,117,123,4,68,49,80,119" hai3="116,135,19,77,63,107,13,110,26,57,3,81,91"/><W129/><G116/><N who="2" m="44617" /><F88/><W56/><G135/><T36/><D134/><U106/><E118/><V38/><F80/><W52/><G129/><T11/><D104/><U39/><E70/><N who="2" m="27243" /><F4/><W30/><G110/><T8/><D61/><U25/><E106/><V126/><F123/><W14/><G3/><T72/><D42/><U76/><E122/><V23/><F23/><W128/><G128/><T96/><D36/><U105/><E39/><V97/><F97/><W12/><G107/><T133/><D133/><U47/><E105/><V74/><F74/><W111/><G111/><T90/><D90/><U65/><E5/><V37/><F62/><W33/><G91/><T28/><D72/><U1/><E79/><V24/><F24/><W120/><G120/><T9/><D96/><U82/><E76/><V10/><F10/><W75/><REACH who="3" step="1"/><G57/><REACH who="3" ten="290,12,389,299" step="2"/><T20/><D7/><U132/><E59/><N who="2" m="33231" /><F37/><W32/><G32/><N who="0" m="12331" /><D28/><U114/><E1/><V109/><F109/><W17/><AGARI ba="0,1" hai="12,13,14,17,19,26,30,33,52,56,63,75,77,81" machi="17" ten="30,6000,0" yaku="1,1,0,1,54,1,53,0" doraHai="115" doraHaiUra="83" who="3" fromWho="3" sc="290,-20,12,-20,389,-20,299,70" owari="270,-13.0,-8,-51.0,369,47.0,369,17.0" /></mjloggm>