<mjloggm ver="2.3"><GO type="169" lobby="0"/><UN n0="%E3%82%A6%E3%83%AB%E3%83%88%E3%83%A9%E7%AB%8B%E7%9B%B4" n1="%E3%82%89%E3%81%84%E3%81%A1%E3%82%87%E3%81%86" n2="%79%6F%73%68%69%67%69" n3="%E9%BE%8D%E4%BC%AF" dan="17,16,16,17" rate="2227.72,2063.24,2129.87,2070.67" sx="M,M,M,M"/><TAIKYOKU oya="0"/><INIT seed="0,0,0,5,3,84" ten="250,250,250,250" oya="0" hai0="20,32,104,99,16,60,0,118,129,131,124,77,130" hai1="69,21,119,42,70,56,65,107,133,59,126,134,7" hai2="55,11,106,37,51,122,14,127,45,58,90,49,115" hai3="33,61,88,28,12,62,111,30,135,25,13,46,98"/><T40/><D118/><U92/><E107/><V5/><F122/><W109/><G46/><T31/><D0/><U102/><E119/><V44/><F115/><W80/><G30/><T95/><D124/><U34/><E34/><V105/><F127/><W93/><G135/><T100/><D77/><U117/><E117/><V103/><F37/><W108/><G80/><T96/><D40/><U120/><E120/><V74/><F74/><W57/><REACH who="3" step="1"/><G61/><REACH who="3" ten="250,250,250,240" step="2"/><T73/><D60/><U81/><E134/><V15/><F45/><W132/><G132/><T54/><D31/><U72/><E81/><V97/><F106/><W68/><G68/><T86/><D32/><U36/><E70/><V18/><F44/><W22/><G22/><T114/><D114/><U29/><E21/><V75/><F75/><W17/><G17/><T27/><D73/><U63/><E29/><V3/><F51/><W26/><G26/><T78/><D78/><U87/><E72/><V47/><F47/><W48/><G48/><T10/><D10/><U52/><E133/><V38/><F38/><W76/><G76/><T24/><D24/><U35/><E35/><V125/><F125/><W128/><G128/><T85/><REACH who="0" step="1"/><D54/><AGARI ba="0,1" hai="12,13,25,28,33,54,57,62,88,93,98,108,109,111" machi="54" ten="40,8000,1" yaku="1,1,14,1,52,1,54,1,53,0" doraHai="84" doraHaiUra="112" who="3" fromWho="0" sc="250,-80,250,0,250,0,240,90" /><INIT seed="1,0,0,2,5,44" ten="170,250,250,330" oya="1" hai0="5,47,40,32,67,75,110,127,30,21,49,123,18" hai1="8,13,118,28,11,116,52,80,38,106,26,25,59" hai2="90,51,97,42,135,114,94,77,68,89,24,109,95" hai3="34,35,105,83,14,23,99,50,74,117,64,56,53"/><U85/><E106/><V81/><F109/><W66/><G105/><T134/><D110/><U63/><E38/><V111/><F111/><W4/><G99/><T122/><D127/><U113/><E113/><V79/><F135/><W33/><G117/><T12/><D134/><U104/><E104/><V29/><F114/><W71/><G71/><T10/><D75/><U112/><E112/><V102/><F68/><W115/><G115/><T72/><D72/><U98/><E98/><V101/><F42/><W0/><G0/><T39/><D67/><U107/><E107/><V61/><F61/><W41/><G41/><T125/><D125/><U6/><E11/><V92/><F51/><W58/><G4/><T69/><D69/><U15/><E15/><V45/><F45/><W20/><G14/><T1/><REACH who="0" step="1"/><D39/><REACH who="0" ten="160,250,250,330" step="2"/><U46/><E118/><V37/><F37/><W78/><G66/><T103/><D103/><N who="2" m="39434" /><F24/><AGARI ba="0,1" hai="1,5,10,12,18,21,24,30,32,40,47,49,122,123" machi="24" ten="40,8000,1" yaku="1,1,24,2,52,1,53,0" doraHai="44" doraHaiUra="121" who="0" fromWho="2" sc="160,90,250,0,250,-80,330,0" /><INIT seed="2,0,0,2,1,37" ten="250,250,170,330" oya="2" hai0="86,92,135,107,80,69,5,21,114,84,27,63,7" hai1="68,83,30,118,52,102,132,20,10,47,38,130,13" hai2="1,17,95,45,106,51,34,35,59,56,6,12,126" hai3="94,11,125,75,113,73,40,109,104,134,74,100,16"/><V0/><F126/><W65/><G65/><T57/><D107/><U87/><E118/><V99/><F106/><W60/><G60/><T89/><D69/><U23/><E68/><V46/><F6/><W54/><G54/><T36/><D36/><U28/><E102/><V31/><F31/><W72/><G104/><T15/><D15/><U127/><E127/><V122/><F122/><W111/><G75/><T108/><D108/><N who="3" m="41545" /><G125/><T18/><D135/><U25/><E132/><V110/><F110/><W91/><G100/><T4/><D114/><U50/><E130/><V62/><F0/><W82/><G134/><T129/><D129/><U53/><E38/><V29/><F1/><W39/><G82/><T55/><REACH who="0" step="1"/><D80/><REACH who="0" ten="240,250,170,330" step="2"/><U77/><E53/><V81/><F81/><W42/><G39/><T26/><D26/><U119/><E119/><V96/><F12/><N who="3" m="7199" /><G113/><T24/><D24/><U103/><E103/><V33/><F62/><W3/><G3/><T9/><D9/><U78/><E30/><V88/><F29/><W32/><G32/><T19/><D19/><N who="1" m="8631" /><E20/><V131/><F131/><W101/><G101/><T66/><D66/><U133/><E133/><V85/><F17/><W112/><G112/><T120/><D120/><U64/><E64/><V124/><F124/><W49/><G49/><T22/><D22/><U44/><E78/><V8/><F8/><W43/><G74/><T61/><D61/><U70/><E70/><V76/><F76/><W41/><N who="3" m="10240" /><DORA hai="48" /><W58/><G58/><AGARI ba="0,1" hai="23,25,28,44,47,50,52,58,77,83,87" m="8631" machi="58" ten="30,3900,0" yaku="8,1,52,1,54,1" doraHai="37,48" who="1" fromWho="3" sc="240,0,250,49,170,0,330,-39" /><INIT seed="3,0,0,1,3,32" ten="240,299,170,291" oya="3" hai0="121,17,64,8,40,83,29,110,31,9,116,15,135" hai1="106,65,12,129,124,123,115,18,74,41,134,80,39" hai2="25,20,2,100,42,14,126,63,95,104,127,75,79" hai3="24,96,21,6,117,62,58,122,53,131,59,23,109"/><W114/><G122/><T102/><D121/><U45/><E115/><V94/><F42/><W5/><G117/><T19/><D116/><U107/><E123/><V130/><F130/><W84/><G114/><T38/><D110/><U133/><E129/><V78/><F14/><W61/><G131/><T46/><D135/><N who="1" m="51723" /><E65/><V108/><F108/><W101/><G84/><T22/><D64/><U71/><E71/><V92/><F63/><W70/><G23/><T44/><D102/><U68/><E68/><V33/><F33/><W4/><G70/><T105/><D105/><U10/><E124/><V0/><F75/><W55/><G109/><T82/><D46/><U57/><E57/><V56/><F56/><W36/><G36/><T93/><D93/><U13/><E13/><V73/><F73/><W54/><G54/><T90/><D8/><U26/><E26/><V66/><F66/><W28/><REACH who="3" step="1"/><G5/><REACH who="3" ten="240,299,170,281" step="2"/><T67/><D38/><U43/><E41/><V69/><F69/><W72/><G72/><T11/><D22/><U1/><E39/><V51/><F100/><W91/><G91/><T50/><D67/><U99/><E74/><V35/><F35/><W81/><G81/><T112/><D112/><U103/><E80/><V120/><F120/><W125/><G125/><N who="2" m="47625" /><F104/><AGARI ba="0,1" hai="4,6,21,24,28,53,55,58,59,61,62,96,101,104" machi="104" ten="30,5800,0" yaku="1,1,7,1,9,1,53,0" doraHai="32" doraHaiUra="118" who="3" fromWho="2" sc="240,0,299,0,170,-58,281,68" /><INIT seed="3,1,0,0,3,104" ten="240,299,112,349" oya="3" hai0="83,28,70,101,89,32,19,24,31,133,39,35,22" hai1="20,78,13,92,74,114,90,41,103,82,118,60,52" hai2="6,46,128,17,11,115,14,25,57,106,77,116,108" hai3="117,62,81,48,79,10,49,93,63,100,109,18,66"/><W87/><G117/><T58/><D70/><U69/><E114/><V53/><F116/><W26/><G63/><T37/><D133/><U122/><E118/><V8/><F115/><W34/><G34/><T43/><D101/><U85/><E122/><V96/><F128/><W120/><G120/><T55/><D43/><U59/><E41/><V111/><F46/><W67/><G67/><T27/><D89/><U15/><E69/><V38/><F38/><W123/><G123/><T110/><D110/><U76/><E76/><V80/><F106/><W73/><G109/><T105/><D105/><U88/><E103/><V47/><F96/><W51/><G100/><T94/><D94/><U135/><E135/><V98/><F98/><W134/><G134/><T113/><D113/><U50/><E60/><V124/><F124/><W86/><G93/><T40/><D40/><U44/><E44/><V121/><F121/><W99/><G99/><T126/><D126/><U16/><E90/><V129/><F129/><W95/><G95/><T75/><D83/><U2/><E2/><V91/><F91/><W3/><G3/><T68/><D68/><U56/><E56/><V42/><F25/><AGARI ba="1,0" hai="13,15,16,20,25,50,52,59,74,78,82,85,88,92" machi="25" ten="30,8000,1" yaku="7,1,52,1,54,3" doraHai="104" who="1" fromWho="2" sc="240,0,299,83,112,-83,349,0" /><INIT seed="4,0,0,1,0,135" ten="240,382,29,349" oya="0" hai0="67,121,41,25,116,74,104,85,64,117,122,20,0" hai1="8,49,16,108,48,96,73,10,115,51,70,23,60" hai2="55,38,28,106,46,123,65,37,134,133,110,80,101" hai3="120,128,90,40,42,112,35,43,91,1,132,56,78"/><T83/><D0/><U125/><E108/><V94/><F110/><W89/><G35/><T118/><D41/><U13/><E73/><V126/><F123/><W87/><G1/><T75/><D67/><U84/><E115/><V124/><F106/><W15/><G112/><T19/><D64/><U62/><E70/><V4/><F4/><W82/><G120/><N who="0" m="46187" /><D19/><U86/><E96/><N who="2" m="59543" /><F80/><W29/><G29/><T3/><D20/><U76/><E125/><N who="2" m="48235" /><F28/><W107/><G107/><T11/><D25/><U24/><E8/><V103/><F103/><W6/><G6/><T32/><D11/><U72/><E72/><N who="0" m="27689" /><D32/><U26/><E26/><V57/><F65/><W54/><G132/><N who="2" m="50793" /><F46/><W79/><G82/><T39/><D3/><U81/><E86/><V61/><AGARI ba="0,0" hai="37,38,55,57,61" m="50793,48235,59543" machi="61" ten="30,8000,1" yaku="18,1,20,1,52,3" doraHai="135" who="2" fromWho="2" sc="240,-40,382,-20,29,80,349,-20" /><INIT seed="5,0,0,4,5,88" ten="200,362,109,329" oya="1" hai0="22,82,55,37,125,106,87,122,81,63,19,91,23" hai1="53,105,8,83,90,36,18,10,84,130,54,96,6" hai2="98,1,27,68,114,97,124,20,3,48,0,41,4" hai3="21,44,66,31,128,30,13,85,59,123,51,89,70"/><U76/><E130/><V42/><F68/><W72/><G72/><T112/><D106/><U132/><E36/><V109/><F109/><W64/><G70/><T65/><D125/><U80/><E132/><V34/><F124/><W43/><G123/><T52/><D37/><U29/><E29/><V111/><F111/><W11/><G128/><T40/><D40/><U7/><E18/><V14/><F114/><W95/><G64/><T133/><D133/><U17/><E17/><V61/><F61/><N who="3" m="38207" /><G21/><T108/><D112/><U38/><E38/><V118/><F118/><W57/><G57/><N who="0" m="37103" /><D108/><U119/><E119/><V50/><F34/><W127/><G127/><T94/><D23/><U117/><E117/><V25/><F14/><W86/><G86/><N who="0" m="52599" /><D122/><U134/><E134/><V113/><F113/><W35/><G35/><T101/><D101/><U116/><E116/><V73/><F73/><W46/><G46/><T104/><D104/><U110/><E110/><V9/><F9/><W32/><G32/><T67/><D67/><U102/><E10/><V58/><F20/><W49/><G49/><T71/><D71/><U79/><E8/><V131/><F1/><W129/><G129/><T47/><D47/><U16/><E105/><V33/><F33/><W92/><G31/><T28/><D28/><U26/><E102/><V100/><F100/><W126/><G30/><T45/><D45/><U24/><E54/><N who="0" m="20521" /><D87/><N who="1" m="48519" /><E53/><V78/><F131/><W77/><G126/><T135/><D135/><U99/><E84/><V2/><F2/><W39/><G85/><T60/><D60/><U62/><E62/><RYUUKYOKU ba="0,0" sc="200,30,362,-10,109,-10,329,-10" hai0="19,22,81,82" /><INIT seed="6,1,0,4,5,10" ten="230,352,99,319" oya="2" hai0="38,50,43,15,35,110,5,72,120,101,73,97,25" hai1="103,57,96,28,132,45,86,67,85,107,105,16,32" hai2="31,133,119,108,34,127,88,118,87,47,102,17,63" hai3="26,65,82,58,40,123,112,27,64,49,39,71,115"/><V66/><F133/><W70/><G82/><T54/><D110/><U69/><E107/><V134/><F134/><W74/><G27/><T30/><D120/><U21/><E57/><V18/><F127/><W55/><G26/><T124/><D124/><U53/><E132/><V80/><F108/><W125/><G74/><T42/><D38/><U79/><E79/><V11/><F102/><W61/><G123/><T98/><D98/><U37/><E53/><V1/><F18/><W7/><G7/><T41/><D5/><U29/><E45/><V0/><F34/><W117/><G117/><T59/><REACH who="0" step="1"/><D15/><REACH who="0" ten="220,352,99,319" step="2"/><N who="1" m="9375" /><E37/><V52/><F31/><W20/><G125/><T131/><D131/><U116/><E29/><V46/><F46/><N who="3" m="23839" /><G20/><T51/><D51/><U109/><E109/><V94/><F94/><AGARI ba="1,1" hai="25,30,35,41,42,43,50,54,59,72,73,94,97,101" machi="94" ten="40,1300,0" yaku="1,1,53,0" doraHai="10" doraHaiUra="12" who="0" fromWho="2" sc="220,26,352,0,99,-16,319,0" /><INIT seed="7,0,0,1,2,62" ten="246,352,83,319" oya="3" hai0="107,58,35,36,100,9,38,73,63,43,94,108,65" hai1="70,69,112,110,49,85,88,122,7,20,111,131,76" hai2="10,55,72,135,87,25,4,118,5,91,101,92,33" hai3="34,47,19,66,83,119,95,77,60,117,14,44,89"/><W128/><G34/><T17/><D35/><U61/><E122/><V8/><F118/><W102/><G102/><T103/><D73/><U21/><E76/><V50/><F135/><W22/><G128/><T84/><D108/><U39/><E39/><V86/><F72/><W57/><G119/><T3/><D107/><U48/><E131/><V46/><F101/><W105/><G105/><T64/><D38/><U124/><E124/><V54/><F33/><W37/><G37/><T28/><D28/><U80/><E7/><V126/><F126/><W74/><REACH who="3" step="1"/><G117/><REACH who="3" ten="246,352,83,309" step="2"/><T59/><D100/><U31/><E111/><V99/><F25/><W78/><G78/><T106/><D106/><U1/><E110/><V12/><REACH who="2" step="1"/><F55/><REACH who="2" ten="246,352,73,309" step="2"/><W130/><G130/><T93/><D103/><U11/><E88/><V132/><F132/><W67/><G67/><T51/><D65/><U23/><E112/><V26/><F26/><W56/><G56/><T45/><D59/><U125/><E125/><V41/><F41/><W97/><AGARI ba="0,2" hai="14,19,22,44,47,57,60,66,74,77,83,89,95,97" machi="97" ten="20,7800,0" yaku="1,1,0,1,7,1,52,1,53,0" doraHai="62" doraHaiUra="32" who="3" fromWho="3" sc="246,-26,352,-26,73,-26,309,98" owari="220,-18.0,326,13.0,47,-45.0,407,50.0" /></mjloggm>