<mjloggm ver="2.3"><GO type="41" lobby="0"/><UN n0="%E5%A6%96%E7%B2%BE%E3%81%AE%E5%B0%BE%E5%B7%B4" n1="%E5%B0%B1%E6%B4%BB%E7%94%9F%40%E5%B7%9D%E6%9D%91%E8%BB%8D%E5%9B%A3" n2="%4F%4D%45%47%41" n3="%70%70%67%75%6E" dan="13,17,13,15" rate="1959.44,2148.63,1910.96,2036.21" sx="F,M,M,M"/><TAIKYOKU oya="0"/><INIT seed="0,0,0,2,2,71" ten="250,250,250,250" oya="0" hai0="81,106,51,84,38,76,5,25,20,92,58,130,34" hai1="13,105,126,128,27,66,94,98,39,15,74,77,80" hai2="6,24,47,83,111,93,133,82,96,7,79,18,91" hai3="10,36,113,62,2,44,85,65,49,124,108,8,16"/><T21/><BYE who="2" /><D38/><U107/><E126/><V17/><F17/><W119/><G119/><T132/><D132/><UN n2="%4F%4D%45%47%41" /><U127/><E127/><V9/><F133/><W29/><G124/><T121/><D121/><U95/><E128/><V118/><F118/><W54/><G113/><T112/><D106/><U115/><E115/><V61/><F111/><W63/><G108/><T50/><D130/><U100/><E66/><V60/><F82/><W78/><G29/><T31/><D5/><U4/><E39/><V0/><F7/><W87/><G36/><T117/><D117/><U104/><E4/><V33/><F33/><W131/><G131/><T45/><D58/><U37/><E37/><V48/><F24/><W134/><G134/><T56/><D92/><U35/><REACH who="1" step="1"/><E95/><REACH who="1" ten="250,240,250,250" step="2"/><V12/><F0/><W101/><G2/><T90/><D112/><U73/><E73/><V3/><F3/><W88/><G65/><T70/><D70/><U67/><E67/><V64/><F64/><W135/><G135/><T68/><D68/><U110/><E110/><V103/><F103/><W32/><G101/><T69/><D69/><U57/><E57/><V40/><REACH who="2" step="1"/><F18/><REACH who="2" ten="250,240,240,250" step="2"/><W11/><G16/><T123/><D123/><U14/><E14/><V97/><F97/><W22/><G32/><T86/><D34/><U59/><E59/><V28/><F28/><AGARI ba="0,2" hai="13,15,27,28,35,74,77,80,94,98,100,104,105,107" machi="28" ten="40,2600,0" yaku="1,1,53,1" doraHai="71" doraHaiUra="26" who="1" fromWho="2" sc="250,0,240,46,240,-26,250,0" /><INIT seed="1,0,0,3,0,17" ten="250,286,214,250" oya="1" hai0="46,57,128,130,33,37,13,75,44,133,2,121,115" hai1="82,54,92,52,9,77,108,106,24,16,19,84,42" hai2="12,61,134,122,11,104,107,60,72,7,40,126,14" hai3="53,103,100,127,41,21,132,125,27,87,49,39,10"/><U23/><E106/><V86/><F72/><W59/><G132/><T114/><D133/><U94/><E42/><V81/><F122/><W32/><G32/><T112/><D121/><U47/><E108/><V123/><F126/><N who="3" m="48139" /><G10/><T1/><D75/><U118/><E118/><V68/><F123/><W102/><G87/><T66/><D13/><N who="1" m="7215" /><E47/><N who="0" m="17961" /><D37/><U119/><E119/><V101/><F40/><W113/><G113/><T99/><D99/><U88/><E94/><V73/><F73/><W20/><G41/><T65/><D33/><U83/><E82/><V91/><F134/><W85/><G27/><T109/><D57/><U18/><E18/><V116/><F116/><W63/><G39/><T62/><D62/><U74/><E74/><V56/><F68/><W25/><G25/><T5/><D5/><U78/><E92/><V22/><F101/><W55/><G85/><T135/><D109/><U93/><E93/><V30/><F60/><W29/><G29/><T131/><D135/><U95/><E95/><V26/><REACH who="2" step="1"/><F12/><REACH who="2" ten="250,286,204,250" step="2"/><W28/><G63/><T76/><D76/><AGARI ba="0,1" hai="19,23,24,52,54,76,77,78,83,84,88" m="7215" machi="76" ten="30,12000,1" yaku="8,1,52,1,54,3" doraHai="17" who="1" fromWho="0" sc="250,-120,286,130,204,0,250,0" /><INIT seed="1,1,0,3,4,38" ten="130,416,204,250" oya="1" hai0="124,74,114,24,36,57,126,17,103,49,23,94,134" hai1="78,41,104,2,85,90,88,25,18,7,122,28,4" hai2="40,135,97,131,10,91,3,71,11,83,109,62,59" hai3="55,98,82,95,100,76,128,69,47,26,77,9,19"/><U108/><E104/><V93/><F131/><W14/><G128/><T65/><D114/><U127/><E122/><V46/><F135/><W0/><G69/><T53/><D36/><U99/><E127/><V16/><F71/><W119/><G119/><T20/><D134/><U13/><E108/><V29/><F29/><W33/><G0/><T15/><D74/><U60/><E60/><V61/><F109/><W111/><G111/><T21/><D65/><U75/><E75/><V52/><F3/><W22/><G33/><T123/><D123/><U130/><E130/><V43/><F83/><W45/><G55/><T107/><D107/><U58/><E2/><V48/><F62/><W51/><G51/><T92/><D24/><U102/><E58/><V5/><F5/><W32/><G32/><T34/><D34/><U118/><E78/><N who="3" m="30314" /><G82/><T30/><D30/><AGARI ba="1,0" hai="9,14,19,22,26,30,45,47,95,98,100" m="30314" machi="30" ten="30,1000,0" yaku="8,1" doraHai="38" who="3" fromWho="0" sc="130,-13,416,0,204,0,250,13" /><INIT seed="2,0,0,0,5,53" ten="117,416,204,263" oya="2" hai0="28,12,132,106,87,102,135,114,67,42,112,96,73" hai1="69,30,109,4,72,34,43,85,51,78,38,45,65" hai2="16,94,86,122,58,90,29,55,71,95,70,21,80" hai3="76,111,68,124,127,11,66,2,108,93,113,121,9"/><V27/><F122/><W57/><G76/><T79/><D67/><U125/><E109/><N who="3" m="42058" /><G121/><T103/><D42/><U19/><E125/><N who="3" m="48202" /><G113/><T128/><D28/><U130/><E130/><V116/><F116/><W100/><G68/><T41/><D12/><U115/><E115/><N who="0" m="44073" /><D41/><U23/><E72/><V84/><F95/><W14/><G2/><T1/><D1/><U83/><E4/><V35/><F35/><W107/><G107/><N who="0" m="63943" /><D87/><U47/><E65/><V59/><F29/><W33/><G33/><T36/><D36/><U81/><E69/><V26/><F26/><W126/><G126/><T0/><D0/><U129/><E129/><V10/><F10/><W39/><G39/><T110/><D110/><U50/><E38/><V133/><F133/><N who="0" m="51274" /><D128/><U75/><E30/><V8/><F8/><W62/><G14/><T52/><D79/><U74/><E34/><V5/><F5/><W40/><G40/><T91/><D73/><U120/><E120/><V118/><F118/><W6/><G6/><T82/><D106/><U32/><E32/><V24/><F24/><W77/><G77/><T7/><D7/><U37/><E37/><V92/><F80/><W123/><G123/><T88/><D82/><U134/><E134/><V63/><F58/><W64/><G66/><T18/><D18/><U99/><E81/><V89/><AGARI ba="0,0" hai="16,21,27,55,59,63,70,71,84,86,89,90,92,94" machi="89" ten="30,11700,0" yaku="0,1,9,1,52,1,54,1" doraHai="53" who="2" fromWho="2" sc="117,-39,416,-39,204,117,263,-39" /><INIT seed="2,1,0,3,0,68" ten="78,377,321,224" oya="2" hai0="74,14,27,72,92,95,121,102,120,67,71,86,28" hai1="49,32,130,122,2,99,29,97,103,128,78,106,20" hai2="124,6,7,10,11,16,13,52,113,109,90,114,30" hai3="111,33,88,125,82,119,108,24,69,75,112,61,83"/><V54/><F90/><W60/><G119/><T93/><D14/><U35/><E2/><V94/><F94/><W31/><G125/><T50/><D50/><U58/><E122/><V40/><F40/><W89/><G112/><T135/><D135/><U96/><E78/><V57/><F54/><W87/><G69/><T105/><D120/><U91/><E58/><V34/><F57/><W56/><G75/><T62/><D121/><U73/><E73/><V107/><F107/><W64/><G60/><T76/><D86/><AGARI ba="1,0" hai="24,31,33,56,61,64,82,83,86,87,88,89,108,111" machi="86" ten="40,2600,0" yaku="9,1,54,1" doraHai="68" who="3" fromWho="0" sc="78,-29,377,0,321,0,224,29" /><INIT seed="3,0,0,5,4,112" ten="49,377,321,253" oya="3" hai0="46,109,117,134,90,97,89,120,55,59,116,49,113" hai1="17,56,124,98,6,84,82,58,121,100,32,129,94" hai2="67,77,128,44,26,80,63,35,108,135,106,43,115" hai3="95,68,87,31,4,8,85,36,70,50,104,125,91"/><W86/><G125/><T37/><D120/><U22/><E32/><V45/><F115/><W1/><G104/><T71/><D113/><U0/><E121/><V15/><F135/><W28/><G36/><T81/><D134/><U18/><E129/><V34/><F128/><W123/><G123/><T21/><D71/><U69/><E69/><V3/><F44/><W126/><G126/><T52/><D109/><U53/><E124/><V29/><F15/><W61/><G68/><T119/><D21/><U88/><E56/><V133/><F133/><W72/><G72/><T73/><D37/><U12/><E0/><V111/><F63/><W78/><G78/><T102/><D81/><U92/><E6/><V7/><F67/><W93/><G50/><T107/><REACH who="0" step="1"/><D73/><REACH who="0" ten="39,377,321,253" step="2"/><U57/><E82/><V30/><F111/><W74/><G74/><T2/><D2/><U66/><E22/><V127/><F108/><W41/><G70/><T130/><D130/><U11/><E11/><V62/><F127/><W16/><G1/><T96/><D96/><U79/><E79/><V65/><F65/><W48/><G85/><T24/><D24/><U20/><E20/><V54/><F3/><W132/><G132/><T118/><N who="0" m="29696" /><DORA hai="33" /><T122/><D122/><U101/><E98/><V110/><F34/><W9/><G8/><T60/><AGARI ba="0,1" hai="46,49,52,55,59,60,89,90,97,102,107" m="29696" machi="60" ten="60,16000,3" yaku="1,1,0,1,52,4,54,1,53,1" doraHai="112,33" doraHaiUra="103,13" who="0" fromWho="0" sc="39,170,377,-40,321,-40,253,-80" /><INIT seed="4,0,0,2,1,59" ten="209,337,281,173" oya="0" hai0="2,111,28,129,133,104,41,64,122,25,74,121,0" hai1="72,38,126,11,14,45,117,88,18,15,7,49,37" hai2="54,108,61,40,67,68,120,112,123,65,27,131,114" hai3="125,35,100,124,12,83,78,109,26,118,47,57,66"/><T48/><D104/><U80/><E117/><V70/><F27/><W63/><G118/><T39/><D74/><U132/><E132/><V73/><F73/><W5/><G109/><T99/><D111/><U113/><E113/><V30/><F30/><W53/><G100/><T60/><D99/><U105/><E105/><V76/><F76/><W29/><G47/><T86/><D86/><U130/><E130/><V134/><F108/><W75/><G66/><T90/><D90/><U9/><E126/><N who="3" m="48746" /><G12/><T135/><D129/><U103/><E103/><V91/><F91/><W1/><G5/><T32/><D48/><U127/><E127/><V119/><F40/><W43/><G43/><T36/><D41/><U3/><E3/><AGARI ba="0,0" hai="1,3,26,29,35,53,57,63,75,78,83" m="48746" machi="3" ten="30,2000,0" yaku="18,1,52,1" doraHai="59" who="3" fromWho="1" sc="209,0,337,-20,281,0,173,20" /><INIT seed="5,0,0,1,5,8" ten="209,317,281,193" oya="1" hai0="58,122,126,133,13,83,68,30,115,77,127,46,90" hai1="102,125,22,124,41,79,103,116,5,6,51,69,61" hai2="80,9,85,74,29,1,84,35,17,129,48,119,70" hai3="18,100,33,34,23,118,109,38,21,36,45,63,113"/><U99/><E116/><V123/><F70/><W27/><G109/><T32/><D68/><U135/><E135/><V56/><F123/><W87/><G118/><T47/><D133/><U98/><E79/><V73/><F119/><W54/><G113/><T91/><D115/><U3/><E3/><V101/><F101/><W67/><G100/><T128/><D128/><U55/><E41/><V12/><F1/><W53/><G87/><T134/><D134/><U52/><E22/><V97/><F97/><W104/><G104/><T15/><D58/><U26/><E26/><V7/><F7/><W16/><G45/><N who="0" m="16907" /><D30/><U49/><E69/><V95/><F129/><W82/><G82/><T81/><D32/><U59/><E59/><V60/><F48/><W96/><G96/><T11/><D11/><U110/><REACH who="1" step="1"/><E61/><REACH who="1" ten="209,307,281,193" step="2"/><V25/><F56/><W130/><G130/><T4/><D77/><U43/><E43/><V37/><F60/><W108/><G108/><AGARI ba="0,1" hai="5,6,49,51,52,55,98,99,102,103,108,110,124,125" machi="108" ten="25,9600,0" yaku="1,1,22,2,54,1,53,0" doraHai="8" doraHaiUra="42" who="1" fromWho="3" sc="209,0,307,106,281,0,193,-96" /><INIT seed="5,1,0,4,3,98" ten="209,413,281,97" oya="1" hai0="93,88,71,121,108,75,60,128,19,41,119,10,123" hai1="36,116,111,29,126,16,63,28,34,62,91,127,20" hai2="48,64,117,110,133,79,9,113,67,54,1,131,66" hai3="86,70,38,81,73,27,42,76,13,106,7,49,69"/><U124/><E36/><V118/><F79/><W68/><G106/><T80/><D119/><N who="2" m="45578" /><F110/><W112/><G38/><T77/><D108/><U61/><E116/><V130/><F1/><W55/><G112/><T87/><D128/><N who="2" m="49194" /><F9/><N who="3" m="4287" /><G55/><T18/><D41/><U35/><E91/><V5/><F5/><W103/><G103/><T30/><D30/><N who="1" m="11883" /><E111/><V24/><F24/><AGARI ba="1,0" hai="16,20,24,34,35,61,62,63,124,126,127" m="11883" machi="24" ten="40,3900,0" yaku="18,1,54,1" doraHai="98" who="1" fromWho="2" sc="209,0,413,42,281,-42,97,0" /><INIT seed="5,2,0,2,4,21" ten="209,455,239,97" oya="1" hai0="105,119,14,109,51,52,90,89,50,86,57,12,73" hai1="79,76,2,113,74,111,53,101,59,127,43,24,88" hai2="8,15,135,22,92,98,63,26,81,77,23,20,45" hai3="82,118,17,5,56,131,33,58,4,40,62,54,117"/><U128/><E2/><V91/><F135/><W0/><G131/><T48/><D109/><U3/><E3/><V93/><F45/><W16/><G33/><T9/><D73/><U34/><E43/><V110/><F110/><W32/><G32/><T30/><D105/><U102/><E111/><V134/><F134/><W28/><G40/><T130/><D130/><U55/><E128/><V133/><F133/><W47/><G28/><T120/><D119/><N who="3" m="45577" /><G82/><T46/><D30/><U69/><E69/><V41/><F41/><W104/><G104/><T129/><D129/><U42/><E42/><V114/><F114/><W60/><G47/><T61/><D46/><U66/><E66/><V100/><F63/><N who="3" m="24107" /><G54/><T18/><D120/><U124/><E74/><V19/><F77/><W115/><G0/><T10/><D86/><U37/><E34/><V13/><F81/><W31/><G31/><T72/><D72/><U29/><E29/><V132/><F15/><W125/><G125/><T38/><D38/><U122/><E37/><V44/><F44/><W67/><G67/><T106/><D106/><U27/><E113/><V75/><F75/><W99/><G99/><T95/><D95/><U103/><E122/><V83/><F83/><W78/><G78/><T121/><D121/><U6/><E76/><V39/><F39/><W126/><G126/><T123/><D123/><U11/><E79/><V85/><REACH who="2" step="1"/><F132/><REACH who="2" ten="209,455,229,97" step="2"/><W87/><G115/><T49/><N who="0" m="12288" /><DORA hai="108" /><T96/><REACH who="0" step="1"/><D96/><REACH who="0" ten="199,455,229,97" step="2"/><U35/><E127/><V94/><F94/><W64/><G87/><T107/><D107/><U7/><E124/><RYUUKYOKU ba="2,2" sc="199,15,455,-15,229,15,97,-15" hai0="9,10,12,14,18,52,57,61,89,90" hai2="8,13,19,20,22,23,26,85,91,92,93,98,100" /><INIT seed="6,3,2,3,5,47" ten="214,440,244,82" oya="2" hai0="104,13,69,75,78,98,79,30,120,80,10,9,26" hai1="82,61,33,65,130,46,73,101,19,38,126,86,94" hai2="132,114,74,32,31,112,57,52,108,127,59,51,83" hai3="7,111,122,115,39,44,91,24,5,134,36,25,97"/><V55/><F108/><W118/><G111/><T88/><D69/><U90/><E126/><V117/><F117/><W81/><G118/><T71/><D71/><U0/><E130/><V42/><F74/><W54/><G122/><T56/><D120/><U50/><E33/><V2/><F2/><W28/><G134/><T34/><D78/><U67/><E0/><V95/><F83/><W84/><G115/><N who="2" m="44073" /><F31/><W121/><G121/><T128/><D128/><U129/><E129/><V109/><F32/><W23/><G36/><T8/><D56/><N who="2" m="21578" /><F109/><W58/><G97/><T17/><REACH who="0" step="1"/><D88/><REACH who="0" ten="204,440,244,82" step="2"/><U14/><E90/><V15/><F127/><W89/><G91/><T116/><D116/><U85/><E101/><AGARI ba="3,3" hai="8,9,10,13,17,26,30,34,75,79,80,98,101,104" machi="101" ten="40,1300,0" yaku="1,1,53,0" doraHai="47" doraHaiUra="60" who="0" fromWho="1" sc="204,52,440,-22,244,0,82,0" /><INIT seed="7,0,0,4,1,106" ten="256,418,244,82" oya="3" hai0="66,94,124,118,115,37,9,19,7,22,41,95,112" hai1="45,38,16,79,80,56,85,128,69,121,117,104,81" hai2="72,127,100,42,77,67,53,57,120,60,105,71,59" hai3="10,62,2,91,55,109,33,23,107,73,48,27,78"/><W116/><G116/><T132/><D118/><U110/><E121/><V17/><F100/><W25/><G109/><T31/><D132/><U29/><E69/><V47/><F105/><W64/><G107/><T50/><D31/><U102/><E128/><V123/><F77/><W101/><G101/><T0/><D66/><U74/><E117/><V130/><F17/><W3/><G33/><T15/><D37/><U86/><E110/><V89/><F89/><W75/><G78/><T103/><D124/><U111/><E111/><V98/><F98/><W65/><G64/><T30/><D30/><U126/><E29/><V35/><F35/><W43/><G43/><T12/><D12/><U32/><E32/><V36/><F72/><W44/><G25/><T8/><D103/><U18/><E126/><V24/><F24/><W87/><G2/><T58/><D8/><U114/><E114/><N who="0" m="43561" /><D58/><U49/><E38/><V5/><F5/><W96/><G96/><T11/><D11/><U82/><E56/><V70/><F127/><W135/><G135/><T40/><D40/><U61/><E61/><N who="2" m="38319" /><F130/><W1/><G3/><T13/><D0/><U88/><E102/><V68/><AGARI ba="0,0" hai="36,42,47,53,59,60,68,70,71,120,123" m="38319" machi="68" ten="40,2700,0" yaku="34,2" doraHai="106" who="2" fromWho="2" sc="256,-7,418,-7,244,27,82,-13" owari="249,-15.0,411,51.0,271,7.0,69,-43.0" /></mjloggm>