<mjloggm ver="2.3"><GO type="33" lobby="0"/><UN n0="%E6%89%8B%E5%BD%B9%E3%82%A2%E3%83%BC%E3%83%86%E3%82%A3%E3%82%B9%E3%83%88" n1="%E5%B0%B1%E6%B4%BB%E7%94%9F%40%E5%B7%9D%E6%9D%91%E8%BB%8D%E5%9B%A3" n2="%E5%B7%9D%E6%9D%91%E6%99%83%E8%A3%95%EF%BC%88%E4%B8%A1%E6%96%B9%EF%BC%89" n3="%61%73%75%6B%61%31%32%30" dan="13,15,16,13" rate="1813.51,2018.63,2060.09,1940.04" sx="M,M,M,M"/><TAIKYOKU oya="0"/><INIT seed="0,0,0,1,0,14" ten="250,250,250,250" oya="0" hai0="10,108,68,122,84,50,19,96,95,57,89,98,120" hai1="124,87,28,30,132,47,100,107,34,31,12,129,79" hai2="7,111,94,24,61,13,80,60,2,20,37,32,130" hai3="86,53,112,29,67,39,49,71,3,77,48,119,33"/><T101/><D68/><U42/><E34/><V105/><F105/><W106/><G39/><T75/><D75/><U38/><E129/><V91/><F37/><W109/><G119/><T76/><D76/><U4/><E124/><V58/><F130/><W126/><G126/><T134/><D134/><U1/><E132/><V117/><F117/><W56/><G112/><T128/><D128/><U65/><E65/><V125/><F125/><W52/><G3/><T110/><D98/><U36/><E1/><V115/><F115/><W35/><G106/><T121/><D50/><U25/><E100/><V74/><F111/><N who="0" m="42538" /><D57/><U83/><E107/><V23/><F2/><W104/><G104/><N who="0" m="63527" /><D10/><N who="1" m="4167" /><E25/><V131/><F131/><W102/><G102/><T123/><D123/><U73/><E73/><V85/><F74/><W82/><G109/><T27/><D27/><U9/><E9/><N who="2" m="4287" /><F24/><W63/><REACH who="3" step="1"/><G29/><REACH who="3" ten="250,250,250,240" step="2"/><T17/><AGARI ba="0,1" hai="17,19,84,89,95,120,121,122" m="63527,42538" machi="17" ten="40,12000,1" yaku="14,1,10,1,52,2" doraHai="14" who="0" fromWho="0" sc="250,130,250,-40,250,-40,240,-40" /><INIT seed="0,1,0,3,5,79" ten="380,210,210,200" oya="0" hai0="61,19,13,17,30,50,35,4,133,57,40,56,11" hai1="6,87,110,34,106,47,1,36,2,105,12,84,99" hai2="73,66,27,54,10,64,123,71,55,111,18,77,107" hai3="89,53,52,75,74,29,93,26,38,132,8,128,28"/><T118/><D118/><U122/><E34/><V25/><F107/><W91/><G8/><T114/><D114/><U126/><E122/><V97/><F123/><W129/><G26/><N who="2" m="9737" /><F73/><N who="3" m="27659" /><G93/><T31/><D35/><U125/><E110/><V115/><F71/><W39/><G132/><T88/><D133/><U113/><E113/><V95/><F115/><W9/><G9/><T65/><D88/><N who="3" m="33865" /><G29/><N who="0" m="10763" /><D57/><U82/><E36/><N who="3" m="13866" /><G28/><T83/><D83/><U24/><E24/><V101/><F111/><W120/><G120/><T112/><D112/><U16/><E6/><V33/><F33/><W78/><G78/><T20/><D20/><U109/><E109/><V14/><F77/><W94/><G94/><T5/><D5/><U68/><E68/><V69/><F69/><W21/><G21/><T80/><D80/><U100/><E105/><V134/><F134/><W131/><AGARI ba="1,0" hai="52,53,128,129,131" m="13866,33865,27659" machi="131" ten="40,8000,1" yaku="28,2,19,1,54,2" doraHai="79" who="3" fromWho="3" sc="380,-41,210,-21,210,-21,200,83" /><INIT seed="1,0,0,2,3,25" ten="339,189,189,283" oya="1" hai0="99,127,19,78,88,23,22,58,2,63,132,108,53" hai1="120,126,102,11,34,85,125,6,106,32,131,100,30" hai2="135,28,130,29,69,42,119,95,9,82,93,103,114" hai3="81,55,41,48,10,3,97,92,86,61,26,18,52"/><U31/><E106/><V54/><F119/><W75/><G75/><T116/><D108/><U5/><E85/><V51/><F69/><W134/><G3/><T64/><D116/><U128/><REACH who="1" step="1"/><E11/><REACH who="1" ten="339,179,189,283" step="2"/><V96/><F130/><W39/><G10/><T4/><D132/><U37/><E37/><V73/><F135/><W49/><G39/><T0/><D127/><U65/><E65/><V87/><F114/><W123/><G134/><T50/><D78/><U67/><E67/><V38/><F38/><W110/><G86/><T44/><D99/><U1/><E1/><V84/><F73/><W101/><G97/><T21/><D0/><U17/><E17/><V60/><F9/><W129/><G129/><T14/><D2/><U71/><E71/><V7/><F7/><W62/><G110/><T8/><D4/><U12/><E12/><V59/><F95/><W36/><G92/><T118/><D118/><U111/><E111/><V24/><F24/><W98/><G36/><T124/><D124/><U107/><E107/><V35/><F84/><W13/><G26/><T115/><D115/><U45/><E45/><N who="2" m="26039" /><F35/><W94/><G18/><T90/><AGARI ba="0,1" hai="8,14,19,21,22,23,44,50,53,58,63,64,88,90" machi="90" ten="30,4000,0" yaku="0,1,8,1,54,1" doraHai="25" who="0" fromWho="0" sc="339,50,179,-20,189,-10,283,-10" /><INIT seed="2,0,0,5,2,28" ten="389,159,179,273" oya="2" hai0="40,13,128,58,106,37,36,4,74,92,21,129,63" hai1="118,120,2,109,17,102,111,86,39,73,24,6,30" hai2="83,12,72,62,98,94,16,81,23,11,71,22,97" hai3="5,100,133,42,87,116,34,91,53,31,15,112,125"/><V68/><F72/><W33/><G31/><T64/><D106/><U51/><E39/><V122/><F122/><W29/><G29/><T25/><D74/><U99/><E73/><V104/><F104/><W70/><G116/><T44/><D92/><U18/><E86/><V32/><F32/><W93/><G100/><T75/><D75/><U132/><E51/><V123/><F123/><W26/><G26/><T105/><D105/><U130/><E99/><N who="2" m="37899" /><F68/><W49/><G70/><T124/><D124/><U115/><E102/><V78/><F71/><W45/><G125/><T108/><D108/><N who="1" m="41547" /><E120/><V135/><F135/><W57/><G133/><T88/><D88/><U113/><E132/><V1/><F1/><W46/><G112/><N who="1" m="43082" /><E130/><V77/><F94/><W47/><G42/><T110/><D110/><U119/><E6/><V85/><F62/><W131/><G131/><T127/><D127/><U80/><E80/><N who="2" m="30795" /><F85/><W48/><G48/><T61/><D61/><U134/><E2/><V67/><F67/><W65/><G65/><T82/><D82/><U14/><E134/><V56/><F56/><W126/><G126/><T60/><D60/><U84/><E84/><V19/><F11/><W90/><G90/><T114/><D114/><U3/><E3/><V27/><AGARI ba="0,0" hai="12,16,19,22,23,27,77,78" m="30795,37899" machi="27" ten="30,3000,0" yaku="8,1,54,1" doraHai="28" who="2" fromWho="2" sc="389,-10,159,-10,179,30,273,-10" /><INIT seed="2,1,0,2,5,106" ten="379,149,209,263" oya="2" hai0="34,77,78,27,45,70,0,131,110,128,28,127,14" hai1="68,88,98,67,84,38,87,116,111,22,37,50,31" hai2="97,99,54,13,47,41,32,115,79,15,113,81,105" hai3="30,16,61,82,52,6,101,57,5,24,122,56,2"/><V3/><F3/><W90/><G122/><T130/><D110/><U21/><E111/><V59/><F32/><W58/><G101/><T129/><D0/><U35/><E116/><V74/><F13/><W134/><G134/><T11/><D70/><U120/><E120/><V118/><F118/><W75/><G30/><T42/><D127/><U85/><E35/><V40/><F15/><W19/><G2/><T62/><D62/><U91/><E50/><V10/><F10/><W20/><G19/><N who="0" m="8671" /><D131/><U72/><E31/><V107/><F40/><W124/><G124/><T104/><D104/><U135/><E135/><V60/><F107/><W25/><G25/><T112/><D112/><U86/><E72/><V125/><F125/><W55/><G75/><T53/><D53/><U64/><E68/><V114/><REACH who="2" step="1"/><F105/><REACH who="2" ten="379,149,199,263" step="2"/><W51/><G57/><T76/><D77/><U92/><E37/><AGARI ba="1,1" hai="37,41,47,54,59,60,74,79,81,97,99,113,114,115" machi="37" ten="40,7700,0" yaku="1,1,2,1,52,1,53,0" doraHai="106" doraHaiUra="117" who="2" fromWho="1" sc="379,0,149,-80,199,90,263,0" /><AGARI ba="1,0" hai="27,28,34,37,42,45,76,78,128,129,130" m="8671" machi="37" ten="30,1000,0" yaku="19,1" doraHai="106" who="0" fromWho="1" sc="379,10,69,-10,289,0,263,0" /><INIT seed="2,2,0,5,1,43" ten="389,59,289,263" oya="2" hai0="66,93,98,90,47,112,120,8,135,101,84,31,121" hai1="52,102,30,128,54,110,9,29,6,15,35,103,18" hai2="100,69,105,67,71,17,134,51,0,40,4,74,108" hai3="22,70,72,62,58,50,1,75,85,37,46,77,38"/><V113/><F113/><W131/><G1/><T78/><D112/><U127/><E110/><V36/><F51/><W21/><G131/><T68/><D135/><U48/><E127/><V23/><F134/><W42/><G38/><T118/><D78/><U96/><E128/><V79/><F17/><W83/><G22/><T55/><D118/><U129/><E129/><V107/><F23/><W27/><G70/><N who="2" m="26633" /><F67/><W119/><G37/><T104/><D8/><U33/><E18/><V111/><F40/><W14/><G14/><T13/><D13/><U45/><E54/><V106/><F36/><W12/><G12/><T56/><D68/><U88/><E33/><V92/><F92/><W97/><G119/><T86/><D31/><N who="1" m="11787" /><E35/><V124/><F100/><W2/><G2/><T114/><D84/><U44/><E44/><V7/><F124/><W60/><G60/><T25/><D25/><U16/><E6/><N who="2" m="2091" /><F0/><W65/><REACH who="3" step="1"/><G97/><REACH who="3" ten="389,59,289,253" step="2"/><T130/><D130/><U64/><E64/><V87/><F111/><W99/><G99/><T63/><REACH who="0" step="1"/><D114/><REACH who="0" ten="379,59,289,253" step="2"/><U39/><E39/><V32/><F108/><W20/><G20/><T95/><D95/><AGARI ba="2,2" hai="9,15,16,45,48,52,88,95,96,102,103" m="11787" machi="95" ten="30,8000,1" yaku="8,1,52,1,54,3" doraHai="43" who="1" fromWho="0" sc="379,-86,59,106,289,0,253,0" /><INIT seed="3,0,0,3,4,96" ten="293,165,289,253" oya="3" hai0="3,113,50,32,46,21,105,56,17,20,124,122,26" hai1="4,120,23,74,42,60,9,78,38,130,11,24,25" hai2="71,83,99,72,76,126,129,132,1,55,98,101,13" hai3="91,45,128,10,7,30,94,106,51,102,77,84,41"/><W44/><G128/><T81/><D122/><U36/><E130/><V116/><F116/><W73/><G30/><N who="0" m="17743" /><D32/><U39/><E120/><V79/><F129/><W93/><G93/><T48/><D3/><U63/><E42/><V100/><F1/><W52/><G77/><N who="2" m="29769" /><F71/><W59/><G73/><T43/><D105/><U14/><E78/><N who="2" m="44487" /><F13/><W118/><G41/><T82/><D124/><U15/><E74/><V103/><F55/><W53/><G53/><N who="0" m="31799" /><D113/><U61/><REACH who="1" step="1"/><E23/><REACH who="1" ten="293,155,289,253" step="2"/><V80/><F126/><W133/><G118/><T89/><D89/><U111/><E111/><V57/><F132/><W108/><G133/><T66/><D66/><U49/><E49/><V117/><F117/><W110/><G110/><T135/><D135/><U109/><E109/><V65/><F65/><W5/><G108/><T70/><D70/><U119/><E119/><V37/><F37/><W58/><G44/><T68/><D68/><U107/><E107/><V131/><F131/><W115/><G115/><T33/><D33/><U6/><AGARI ba="0,1" hai="4,6,9,11,14,15,24,25,36,38,39,60,61,63" machi="6" ten="40,5200,0" yaku="1,1,0,1,9,1,53,0" doraHai="96" doraHaiUra="123" who="1" fromWho="1" sc="293,-13,155,62,289,-13,253,-26" /><INIT seed="4,0,0,3,2,52" ten="280,217,276,227" oya="0" hai0="117,21,11,79,67,110,27,13,3,128,51,22,64" hai1="109,75,98,50,49,5,94,28,97,80,123,102,38" hai2="41,20,108,87,15,29,111,74,6,34,37,19,23" hai3="113,133,135,112,58,132,77,53,124,116,30,57,96"/><T82/><D117/><U45/><E109/><N who="2" m="42059" /><F87/><W66/><G116/><T127/><D3/><U61/><E123/><V32/><F41/><W60/><G30/><T72/><D110/><U131/><E131/><V121/><F37/><W18/><G77/><T54/><D127/><U76/><E28/><V12/><F74/><W44/><G44/><T90/><D90/><U105/><E5/><V91/><F91/><W2/><G2/><T103/><D103/><U71/><E38/><V118/><F118/><W4/><G4/><T125/><D125/><U134/><E134/><V47/><F47/><W62/><G124/><T33/><D33/><N who="2" m="12906" /><F121/><W16/><G96/><T119/><D119/><U83/><E83/><V42/><F42/><W55/><G66/><T120/><D120/><U126/><E126/><V100/><F100/><W7/><G7/><T35/><D35/><U89/><REACH who="1" step="1"/><E45/><REACH who="1" ten="280,207,276,227" step="2"/><V85/><F6/><W107/><G107/><T115/><D128/><U40/><E40/><V9/><F29/><W95/><G95/><T56/><D115/><AGARI ba="0,1" hai="16,18,53,55,57,58,60,62,112,113,115,132,133,135" machi="115" ten="50,12000,2" yaku="9,1,15,1,20,1,52,2,54,1" doraHai="52" who="3" fromWho="0" sc="280,-120,207,0,276,0,227,130" owari="160,-34.0,207,-19.0,276,8.0,357,45.0" /></mjloggm>