<mjloggm ver="2.3"><GO type="97" lobby="0"/><UN n0="%E5%B0%B1%E6%B4%BB%E7%94%9F%40%E5%B7%9D%E6%9D%91%E8%BB%8D%E5%9B%A3" n1="%E3%81%90%E3%82%89%E3%81%95%E3%82%93%EF%BC%88%E9%9B%80%E5%A3%AB%EF%BC%89" n2="%E3%82%A6%E3%82%A3%E3%83%B3%44" n3="%54%41%59%4C%4F%52%E6%96%B0%E6%BD%9F" dan="15,13,15,13" rate="2032.98,1885.56,1942.40,1935.09" sx="M,M,M,M"/><TAIKYOKU oya="0"/><INIT seed="0,0,0,3,0,101" ten="250,250,250,250" oya="0" hai0="103,72,37,125,91,135,50,71,29,132,46,115,15" hai1="3,100,93,68,109,120,0,86,87,57,39,12,113" hai2="82,20,119,26,108,128,67,9,117,85,83,60,79" hai3="53,110,32,107,2,73,95,18,19,102,43,49,118"/><T51/><D72/><U97/><E120/><V7/><F108/><W8/><G118/><T47/><D103/><U69/><E39/><V5/><F83/><W45/><G73/><T112/><D29/><U105/><E109/><V58/><F128/><W130/><G32/><T41/><D91/><U14/><E113/><N who="0" m="43593" /><D15/><U23/><E57/><V48/><F48/><N who="0" m="18474" /><D125/><U70/><E93/><V129/><F129/><W22/><G130/><T134/><D47/><U28/><E12/><V61/><F7/><W33/><G110/><T40/><D40/><U25/><REACH who="1" step="1"/><E14/><REACH who="1" ten="250,240,250,250" step="2"/><V35/><F117/><W90/><G2/><AGARI ba="0,1" hai="0,2,3,23,25,28,68,69,70,86,87,97,100,105" machi="2" ten="50,8000,1" yaku="1,1,2,1,52,1,53,1" doraHai="101" doraHaiUra="21" who="1" fromWho="3" sc="250,0,240,90,250,0,250,-80" /><INIT seed="1,0,0,3,2,42" ten="250,330,250,170" oya="1" hai0="128,92,14,52,102,27,110,63,60,71,24,111,62" hai1="48,23,131,99,117,15,105,4,116,130,73,5,11" hai2="47,45,114,30,18,29,109,34,76,112,93,67,17" hai3="16,13,126,65,124,103,0,125,58,119,7,101,123"/><U53/><E73/><V77/><F67/><W81/><G123/><T41/><D71/><U133/><E133/><V44/><F93/><W106/><G0/><T72/><D72/><U85/><E85/><V2/><F2/><W69/><G7/><T98/><D128/><N who="1" m="49195" /><E4/><V49/><F49/><W134/><G69/><T6/><D41/><U9/><E23/><V12/><F109/><N who="0" m="41482" /><D52/><U8/><E105/><V22/><F34/><W25/><G25/><T39/><D39/><U135/><E99/><V46/><N who="2" m="11776" /><DORA hai="80" /><V132/><F132/><W50/><G134/><T82/><D82/><U90/><E90/><V37/><F37/><W107/><G81/><T75/><D75/><U19/><E135/><V89/><F89/><W36/><G36/><T3/><D3/><N who="1" m="63" /><E9/><AGARI ba="0,0" hai="6,9,14,24,27,60,62,63,92,98,102" m="41482" machi="9" ten="30,1000,0" yaku="14,1" doraHai="42,80" who="0" fromWho="1" sc="250,10,330,-10,250,0,170,0" /><INIT seed="2,0,0,1,3,9" ten="260,320,250,170" oya="2" hai0="15,35,114,65,119,109,5,61,62,131,63,124,30" hai1="71,121,129,31,26,90,87,118,67,72,33,88,120" hai2="66,75,54,28,7,68,27,51,56,25,125,21,38" hai3="92,78,44,102,126,135,122,104,76,0,59,100,60"/><V52/><F38/><W6/><G122/><T58/><D114/><U29/><E29/><V43/><F75/><W12/><G0/><T127/><D109/><U64/><E72/><V19/><F43/><W99/><G126/><N who="0" m="48171" /><D131/><U42/><E129/><V36/><F36/><W40/><G135/><T8/><D119/><U103/><E103/><V85/><F125/><W111/><G111/><T17/><D5/><U123/><E118/><V84/><F7/><W22/><G104/><T24/><AGARI ba="0,0" hai="8,15,17,24,30,35,58,61,62,63,65" m="48171" machi="24" ten="30,2000,0" yaku="18,1,52,1" doraHai="9" who="0" fromWho="0" sc="260,20,320,-5,250,-10,170,-5" /><INIT seed="3,0,0,3,0,51" ten="280,315,240,165" oya="3" hai0="15,72,44,25,2,23,33,113,67,57,24,88,17" hai1="61,65,1,0,122,4,126,22,115,56,60,42,64" hai2="117,75,76,34,79,86,104,37,118,26,89,100,46" hai3="62,133,77,131,59,58,35,5,87,134,105,8,119"/><W6/><G119/><T108/><D72/><U18/><E115/><V48/><F37/><W129/><G105/><T132/><D2/><U106/><E122/><V130/><F130/><N who="3" m="49675" /><G35/><T12/><D113/><U40/><E106/><V63/><F63/><W123/><G123/><T97/><D132/><N who="3" m="50793" /><G77/><T96/><D108/><U103/><E126/><V98/><F79/><W102/><G102/><T28/><D44/><U95/><E103/><V101/><F101/><W41/><G41/><T39/><D39/><U10/><E0/><V69/><F69/><W29/><G29/><T128/><D128/><U121/><E95/><N who="2" m="54711" /><F26/><W21/><G87/><T13/><D88/><U125/><E125/><V30/><F30/><W43/><G43/><T74/><D74/><U85/><E85/><V27/><F34/><W94/><G94/><T50/><D67/><U36/><E36/><V20/><F76/><W90/><G90/><T91/><D91/><U111/><E111/><V38/><F75/><W47/><G47/><T107/><D107/><U81/><E81/><V124/><F124/><W45/><G45/><T80/><D80/><U32/><E32/><V110/><F110/><W49/><G21/><N who="0" m="13359" /><D33/><U78/><E78/><V54/><F38/><W52/><G8/><T70/><D70/><N who="1" m="42247" /><E121/><V135/><F135/><W73/><G73/><T83/><D83/><U55/><E65/><AGARI ba="0,0" hai="5,6,49,52,58,59,62,65" m="50793,49675" machi="65" ten="30,11600,0" yaku="19,1,20,1,52,1,54,1" doraHai="51" who="3" fromWho="1" sc="280,0,315,-116,240,0,165,116" /><INIT seed="3,1,0,2,3,51" ten="280,199,240,281" oya="3" hai0="119,95,21,35,41,116,20,83,93,56,68,45,59" hai1="36,114,100,112,5,57,121,39,120,4,106,14,30" hai2="25,135,115,44,19,133,80,40,75,42,97,67,16" hai3="131,12,1,101,64,99,0,29,38,71,102,74,6"/><W124/><G74/><T96/><D35/><U60/><E30/><V28/><F115/><W15/><G38/><T31/><D68/><U73/><E73/><V18/><F67/><W126/><G29/><T76/><D31/><U72/><E72/><V89/><F97/><W8/><G64/><T103/><D95/><U32/><E32/><V34/><F89/><W70/><G99/><T52/><D59/><U123/><E106/><V24/><F24/><W129/><G8/><T111/><D111/><U108/><E108/><V58/><F58/><W62/><G62/><N who="0" m="36103" /><D116/><U81/><E100/><V13/><F13/><W132/><G6/><N who="1" m="2666" /><E14/><V47/><F47/><W27/><G27/><T79/><D119/><U55/><E81/><V113/><F113/><N who="1" m="43625" /><E60/><V107/><F107/><W122/><G132/><N who="2" m="50761" /><F44/><W10/><REACH who="3" step="1"/><G10/><REACH who="3" ten="280,199,240,271" step="2"/><T9/><D9/><U11/><E11/><V61/><F61/><W109/><G109/><T134/><D134/><U94/><E94/><V65/><F65/><W37/><G37/><N who="1" m="14410" /><E57/><V66/><F66/><W43/><G43/><T2/><D41/><U54/><AGARI ba="1,1" hai="54,55,120,121,123" m="14410,43625,2666" machi="54" ten="50,8000,1" yaku="28,2,52,2" doraHai="51" who="1" fromWho="1" sc="280,-21,199,93,240,-21,271,-41" /><INIT seed="4,0,0,1,1,80" ten="259,292,219,230" oya="0" hai0="46,28,110,119,94,6,25,10,49,123,27,79,9" hai1="111,87,118,63,88,77,86,93,84,71,52,56,100" hai2="15,34,102,47,74,62,4,135,36,61,29,14,54" hai3="1,134,60,18,8,72,113,45,11,55,58,112,91"/><T12/><D123/><U40/><E111/><V82/><F34/><W133/><G72/><T130/><D119/><U37/><E118/><V97/><F29/><W53/><G1/><T59/><D110/><U121/><E121/><V48/><F36/><W120/><G120/><T108/><D108/><U109/><E109/><V24/><F24/><W89/><G18/><T122/><D122/><U43/><E71/><V127/><F127/><W70/><G70/><T13/><D130/><U2/><E2/><V32/><F32/><W30/><G30/><T128/><D128/><U5/><E37/><V21/><F135/><W106/><G106/><T57/><D79/><U107/><E5/><V66/><F74/><W42/><G42/><N who="1" m="15914" /><E107/><V39/><F39/><W132/><G45/><T73/><D94/><N who="1" m="54559" /><E77/><V50/><F82/><W38/><G38/><T75/><D75/><U98/><AGARI ba="0,0" hai="52,56,63,84,86,93,98,100" m="54559,15914" machi="98" ten="30,12000,2" yaku="8,1,52,3,54,2" doraHai="80" who="1" fromWho="1" sc="259,-60,292,120,219,-30,230,-30" owari="199,-20.0,412,51.0,189,-31.0,200,0.0" /></mjloggm>