<mjloggm ver="2.3"><GO type="169" lobby="0"/><UN n0="%E3%82%A6%E3%83%AB%E3%83%88%E3%83%A9%E7%AB%8B%E7%9B%B4" n1="%E7%A5%AD%E4%BA%BA" n2="%74%2E%61%2E%6B%2E" n3="%E3%81%BE%E3%81%AA%E3%81%84%E3%81%9F%E3%82%88%E3%81%86%E3%81%98%E3%82%87" dan="17,17,16,17" rate="2168.32,2172.26,2072.47,2126.88" sx="M,M,M,M"/><TAIKYOKU oya="0"/><INIT seed="0,0,0,5,3,21" ten="250,250,250,250" oya="0" hai0="105,114,60,17,29,46,11,33,103,113,77,76,90" hai1="28,3,88,20,40,32,63,27,5,127,118,31,57" hai2="39,130,96,7,26,44,121,53,51,82,83,132,125" hai3="75,22,97,58,128,2,73,100,85,37,129,8,69"/><T59/><D46/><U80/><E118/><V91/><F121/><W14/><G69/><T134/><D134/><U25/><E127/><V81/><F130/><N who="3" m="50283" /><G37/><T108/><D108/><U119/><E119/><V66/><F125/><W42/><G42/><T89/><D103/><U92/><E80/><V35/><F132/><W78/><G2/><T84/><D105/><U98/><E40/><V38/><F7/><W18/><G58/><T15/><D113/><U72/><E72/><V10/><F10/><W70/><G70/><T54/><D114/><U124/><E124/><V122/><F122/><W112/><G112/><T133/><D133/><U116/><E116/><V95/><REACH who="2" step="1"/><F66/><REACH who="2" ten="250,250,240,250" step="2"/><W41/><G8/><T79/><REACH who="0" step="1"/><D84/><REACH who="0" ten="240,250,240,250" step="2"/><U93/><E5/><V117/><F117/><W9/><G85/><T36/><D36/><U123/><E123/><V115/><F115/><W110/><G75/><T86/><D86/><U45/><E45/><V56/><F56/><W23/><G73/><T6/><D6/><U68/><E68/><V48/><F48/><W109/><G109/><T13/><D13/><U107/><E3/><V120/><F120/><W24/><G110/><T135/><D135/><U101/><REACH who="1" step="1"/><E88/><REACH who="1" ten="240,240,240,250" step="2"/><V62/><F62/><W47/><G47/><T43/><D43/><U64/><AGARI ba="0,3" hai="20,25,27,28,31,32,57,63,64,92,93,98,101,107" machi="64" ten="20,12000,2" yaku="1,1,2,1,0,1,7,1,52,2,53,1" doraHai="21" doraHaiUra="19" who="1" fromWho="1" sc="240,-60,240,150,240,-30,250,-30" /><INIT seed="1,0,0,2,2,31" ten="180,390,210,220" oya="1" hai0="71,89,35,34,87,22,125,48,58,90,43,41,112" hai1="75,135,99,16,108,19,133,123,21,68,40,46,10" hai2="8,15,0,57,86,113,79,2,97,62,9,63,109" hai3="93,23,56,51,126,73,104,30,121,114,66,12,61"/><U60/><E123/><V117/><F109/><W132/><G121/><T37/><D112/><U84/><E75/><V49/><F117/><W28/><G104/><T88/><D71/><U25/><E108/><V105/><F113/><W78/><G114/><T76/><D125/><U42/><E84/><V92/><F105/><W120/><G120/><T33/><D37/><U4/><E19/><V29/><F29/><W39/><G39/><T70/><D70/><U72/><E72/><V1/><F49/><W127/><G132/><N who="1" m="50762" /><E99/><V103/><F57/><W36/><G36/><T74/><D74/><U50/><E68/><V94/><F94/><W116/><G93/><T18/><D76/><U83/><E83/><V119/><F119/><W101/><G78/><T106/><D106/><U129/><E60/><V134/><F134/><W3/><G73/><T32/><N who="0" m="8192" /><DORA hai="81" /><T77/><D77/><U5/><E129/><V96/><F79/><W54/><G116/><T67/><D87/><U20/><E20/><V47/><F86/><W110/><G23/><T82/><D82/><U59/><E59/><V69/><F69/><W24/><G56/><T53/><REACH who="0" step="1"/><D67/><REACH who="0" ten="170,390,210,220" step="2"/><U38/><E38/><V115/><F115/><W65/><G66/><T91/><N who="0" m="22528" /><DORA hai="45" /><T55/><D55/><N who="1" m="30167" /><E4/><V95/><F95/><W100/><G65/><T44/><D44/><U98/><E98/><V17/><F47/><W13/><G126/><T85/><D85/><U64/><E64/><V14/><F97/><W7/><G127/><T124/><D124/><U11/><E5/><V122/><F122/><W107/><G7/><AGARI ba="0,1" hai="0,1,2,7,8,9,14,15,17,62,63,92,96,103" machi="7" ten="40,1300,0" yaku="6,1" doraHai="31,81,45" who="2" fromWho="3" sc="170,0,390,0,210,23,220,-13" /><INIT seed="2,0,0,4,5,0" ten="170,390,233,207" oya="2" hai0="54,79,77,121,42,94,5,119,56,127,52,126,95" hai1="51,63,18,102,38,116,103,86,74,91,7,99,55" hai2="50,32,112,80,85,89,36,88,64,81,82,98,61" hai3="2,16,131,58,33,83,19,65,128,110,20,4,96"/><V30/><F36/><W48/><G33/><T69/><D69/><U13/><E38/><V26/><F112/><W84/><G110/><T14/><D42/><U62/><E74/><V40/><F98/><W120/><G120/><T123/><D14/><U132/><E116/><V9/><F9/><N who="3" m="2199" /><G96/><T39/><D39/><U92/><E132/><V122/><F122/><W53/><G65/><T87/><D87/><U71/><E71/><V135/><F135/><W31/><G31/><T66/><D66/><U130/><E130/><N who="3" m="49706" /><G20/><T45/><D5/><U29/><E29/><V115/><F115/><W8/><G8/><T68/><D68/><U111/><E7/><V73/><F73/><W106/><G106/><T97/><D97/><U11/><E111/><V118/><F118/><W100/><G100/><T72/><D72/><U10/><E10/><V28/><F28/><W24/><G24/><T34/><D34/><U3/><E3/><V78/><F78/><AGARI ba="0,0" hai="16,19,48,53,58,78,83,84" m="49706,2199" machi="78" ten="30,3900,0" yaku="19,1,52,1,54,1" doraHai="0" who="3" fromWho="2" sc="170,0,390,0,233,-39,207,39" /><INIT seed="3,0,0,0,1,95" ten="170,390,194,246" oya="3" hai0="109,40,6,96,70,110,10,30,114,65,48,130,118" hai1="66,81,7,24,59,55,32,14,88,43,17,119,133" hai2="18,99,57,20,4,2,23,91,132,33,9,26,60" hai3="38,54,22,103,84,80,98,3,50,90,41,115,47"/><W69/><G115/><T135/><D118/><U83/><E119/><V52/><F132/><W86/><G3/><T97/><D135/><U100/><E133/><V79/><F79/><W121/><G69/><T19/><D30/><U107/><E66/><V128/><F128/><W28/><G121/><T82/><D130/><U101/><E107/><V62/><F62/><W72/><G72/><T77/><D19/><U58/><E43/><V42/><F42/><W75/><G75/><T16/><D16/><U111/><E111/><N who="0" m="42505" /><D114/><U68/><E68/><V39/><F39/><W117/><G117/><T94/><D94/><U125/><E125/><V44/><F44/><W67/><G67/><T123/><D123/><U15/><E32/><V12/><F23/><W106/><G84/><N who="0" m="48207" /><D65/><U61/><E7/><V13/><F33/><W45/><G28/><T112/><D70/><U93/><E24/><V102/><F91/><W78/><G78/><T92/><D92/><AGARI ba="0,0" hai="2,4,9,12,13,18,20,26,52,57,60,92,99,102" machi="92" ten="30,3900,0" yaku="7,1,52,1,54,1" doraHai="95" who="2" fromWho="0" sc="170,-39,390,0,194,39,246,0" /><INIT seed="4,0,0,2,1,6" ten="131,390,233,246" oya="0" hai0="131,8,65,17,79,98,103,47,11,16,15,102,81" hai1="61,132,112,122,60,50,52,121,34,58,117,21,30" hai2="99,111,119,76,40,116,18,56,89,95,31,20,59" hai3="123,9,1,114,73,57,12,67,129,45,107,54,108"/><T77/><D131/><U80/><E117/><N who="2" m="45131" /><F111/><W51/><G108/><T94/><D65/><U71/><E34/><V35/><F76/><N who="0" m="29258" /><D81/><U41/><E61/><V86/><F40/><W78/><G107/><T128/><D128/><U130/><E30/><V135/><F135/><W25/><G129/><T38/><D38/><U62/><E21/><V74/><F74/><W19/><G1/><T42/><D42/><U24/><E58/><V75/><F75/><W43/><G67/><T106/><D106/><U0/><E24/><N who="2" m="18919" /><F99/><W37/><G123/><T96/><D47/><U90/><E41/><V88/><F89/><W66/><G78/><T39/><D39/><U32/><E90/><V3/><F3/><W44/><G73/><T113/><D113/><U127/><E0/><V83/><F83/><W97/><G114/><T63/><D63/><U10/><E62/><V110/><F110/><W28/><G97/><N who="0" m="37483" /><D94/><U53/><E112/><V105/><F105/><W46/><REACH who="3" step="1"/><G66/><REACH who="3" ten="131,390,233,236" step="2"/><T91/><D91/><U64/><E64/><V26/><AGARI ba="0,1" hai="18,20,26,56,59,86,88,95" m="18919,45131" machi="26" ten="30,2000,0" yaku="12,1,54,1" doraHai="6" who="2" fromWho="2" sc="131,-10,390,-5,233,30,236,-5" /><INIT seed="5,0,0,0,2,18" ten="121,385,263,231" oya="1" hai0="113,2,122,33,76,92,88,58,95,135,121,116,72" hai1="134,71,19,64,93,97,103,75,39,118,84,26,86" hai2="77,11,127,81,123,99,55,27,53,106,68,14,79" hai3="114,0,117,74,129,24,109,23,107,100,21,112,89"/><U102/><E39/><V31/><F123/><N who="0" m="47114" /><D58/><U83/><E71/><V94/><F106/><W4/><G109/><T115/><D33/><U70/><E70/><V96/><F127/><W30/><G74/><T105/><D2/><U17/><E64/><V59/><F68/><W91/><G129/><T57/><D57/><U90/><E118/><V32/><F53/><W82/><G117/><T120/><N who="0" m="47122" /><T60/><DORA hai="67" /><D116/><U45/><E134/><V34/><F34/><W50/><G50/><T3/><D3/><U13/><E75/><V119/><F119/><W80/><G0/><T62/><D60/><U61/><E61/><V126/><F126/><W46/><G46/><T65/><D62/><U63/><E63/><V20/><F32/><W22/><G4/><T29/><D29/><U15/><E45/><V133/><F133/><W87/><G24/><T130/><D65/><U6/><E6/><N who="2" m="3447" /><F81/><W36/><G30/><T101/><D135/><U35/><E35/><V10/><F10/><W16/><G16/><N who="1" m="6218" /><E26/><V42/><F42/><W111/><G36/><T1/><D1/><U132/><E132/><V54/><F99/><W25/><G25/><T40/><D130/><U37/><E37/><V9/><F9/><W69/><G69/><T48/><D48/><U52/><E15/><V125/><F125/><W98/><G111/><T56/><D40/><U38/><E13/><V47/><F47/><W85/><AGARI ba="0,0" hai="21,22,23,80,82,85,87,89,91,98,100,107,112,114" machi="85" ten="30,8000,1" yaku="0,1,9,1,52,3" doraHai="18,67" who="3" fromWho="3" sc="121,-20,385,-40,263,-20,231,80" /><INIT seed="6,0,0,0,2,90" ten="101,345,243,311" oya="2" hai0="71,118,60,73,40,99,81,9,65,26,58,110,93" hai1="42,21,63,87,116,82,64,80,97,86,66,67,50" hai2="89,131,83,52,24,113,107,101,98,10,74,36,11" hai3="126,37,104,95,121,78,102,91,6,17,25,47,114"/><V117/><F117/><W105/><G121/><T94/><D110/><U2/><E2/><V41/><F113/><W84/><G6/><T34/><D118/><U96/><E116/><V115/><F115/><W119/><G119/><T92/><D40/><U43/><E63/><V53/><F131/><W127/><G114/><T56/><D99/><N who="1" m="37963" /><E21/><V135/><F135/><W111/><G111/><T46/><D46/><N who="1" m="25943" /><E43/><V19/><F41/><N who="3" m="22959" /><G78/><T130/><D130/><U22/><E22/><V18/><F36/><W12/><G25/><T14/><D81/><AGARI ba="0,0" hai="64,66,67,80,81,82,86,87" m="25943,37963" machi="81" ten="30,1000,0" yaku="8,1" doraHai="90" who="1" fromWho="0" sc="101,-10,345,10,243,0,311,0" /><INIT seed="7,0,0,0,4,122" ten="91,355,243,311" oya="3" hai0="124,81,135,97,46,92,35,0,134,9,100,51,7" hai1="116,59,26,83,2,1,57,98,74,71,65,33,12" hai2="66,16,29,47,114,70,55,84,31,28,112,8,53" hai3="91,79,48,43,30,88,20,118,75,82,32,17,58"/><W34/><G118/><T72/><D35/><U69/><E116/><V42/><F84/><W54/><G43/><T40/><D124/><U105/><E12/><N who="2" m="7175" /><F66/><W56/><G56/><T117/><D117/><U50/><E50/><N who="2" m="26999" /><F70/><W68/><G68/><T127/><D127/><U108/><E26/><V120/><F120/><W61/><G61/><T93/><D92/><U14/><E14/><V45/><F45/><W24/><REACH who="3" step="1"/><G34/><REACH who="3" ten="91,355,243,301" step="2"/><T5/><D5/><U119/><E57/><V96/><F114/><W10/><G10/><T11/><D11/><U106/><E59/><V21/><F112/><W49/><G49/><T13/><D51/><U62/><E62/><V101/><F21/><W126/><G126/><T64/><D64/><U76/><E69/><V128/><F128/><W109/><G109/><T4/><D4/><U15/><E108/><V111/><F111/><W85/><G85/><T6/><D6/><U123/><E119/><V60/><F60/><W104/><G104/><T23/><D46/><U102/><E123/><V132/><F55/><W131/><G131/><T37/><D40/><U67/><E105/><V63/><F63/><W80/><G80/><T27/><D37/><U38/><E38/><V95/><F53/><W90/><G90/><T3/><D81/><U19/><E33/><V129/><F129/><W133/><G133/><N who="0" m="50699" /><D72/><U44/><E44/><V94/><F132/><W36/><G36/><T52/><D52/><U39/><E39/><V25/><F94/><W22/><G22/><T113/><D113/><U41/><E71/><V99/><F99/><W115/><G115/><RYUUKYOKU ba="0,1" sc="91,10,355,-30,243,10,301,10" hai0="0,3,7,9,13,23,27,93,97,100" hai2="25,28,29,31,95,96,101" hai3="17,20,24,30,32,48,54,58,75,79,82,88,91" /><INIT seed="7,1,1,4,3,84" ten="101,325,253,311" oya="3" hai0="110,39,92,71,49,118,76,72,14,0,97,103,102" hai1="96,32,108,124,41,28,129,13,52,95,100,64,1" hai2="38,93,112,61,86,130,105,50,73,91,114,40,21" hai3="115,17,82,10,126,27,116,56,74,135,90,123,35"/><W132/><G116/><T106/><D39/><U19/><E1/><V63/><F38/><W131/><G123/><T85/><D0/><U111/><E41/><V48/><F73/><W120/><G120/><T75/><D71/><U45/><E64/><V122/><F105/><W51/><G115/><N who="2" m="44073" /><F122/><W18/><G131/><T99/><D49/><N who="2" m="19050" /><F40/><W107/><G107/><N who="0" m="63951" /><D14/><U3/><E13/><V12/><F130/><W119/><G119/><T15/><D15/><U70/><E3/><V98/><F86/><N who="3" m="50519" /><G74/><N who="0" m="28203" /><D118/><U25/><E124/><V113/><N who="2" m="44081" /><V101/><DORA hai="127" /><F101/><W11/><G126/><T104/><D110/><U57/><E100/><V66/><F66/><W26/><G26/><T47/><D47/><U88/><E45/><V80/><F80/><AGARI ba="1,1" hai="76,80,85,92,99,103,104,106" m="28203,63951" machi="80" ten="30,8000,1" yaku="35,5" doraHai="84,127" who="0" fromWho="2" sc="101,93,325,0,253,-83,311,0" owari="194,-21.0,325,43.0,170,-33.0,311,11.0" /></mjloggm>