<mjloggm ver="2.3"><GO type="41" lobby="0"/><UN n0="%E5%AF%92%E6%89%93%E5%A4%9A" n1="%44%4F%43%4B%59" n2="%73%74%69%6E%67" n3="%E5%B0%B1%E6%B4%BB%E7%94%9F%40%E5%B7%9D%E6%9D%91%E8%BB%8D%E5%9B%A3" dan="14,15,14,15" rate="1941.95,1972.84,1855.17,1984.94" sx="F,M,M,M"/><TAIKYOKU oya="0"/><INIT seed="0,0,0,4,1,4" ten="250,250,250,250" oya="0" hai0="6,1,31,66,101,3,39,73,115,13,11,33,71" hai1="104,109,23,54,78,89,59,94,93,134,122,92,70" hai2="123,81,82,75,128,34,74,38,77,125,20,36,42" hai3="99,90,88,111,84,79,98,76,18,5,7,28,49"/><T130/><D130/><U67/><E109/><V72/><F128/><W29/><G111/><T25/><D115/><U102/><E122/><V22/><F123/><W68/><G68/><T62/><D39/><U105/><E134/><V87/><F34/><W16/><G49/><T119/><D119/><U32/><E32/><V107/><F107/><W131/><G131/><T61/><D73/><U0/><E0/><V63/><F63/><W91/><G91/><T60/><D60/><U106/><E78/><V9/><F125/><W50/><G50/><T126/><D126/><U51/><E67/><V133/><F133/><W129/><G129/><T15/><D61/><U69/><E102/><V124/><F124/><W37/><REACH who="3" step="1"/><G84/><REACH who="3" ten="250,250,250,240" step="2"/><T114/><D114/><U56/><E89/><V97/><F74/><W43/><G43/><T116/><D116/><U113/><E113/><V103/><F87/><W40/><G40/><T12/><D101/><U17/><E70/><V35/><F103/><W2/><G2/><T45/><D1/><U46/><REACH who="1" step="1"/><E69/><REACH who="1" ten="250,240,250,240" step="2"/><V127/><F127/><W121/><G121/><T53/><D3/><U86/><E86/><V24/><F77/><W19/><G19/><T135/><D135/><U14/><AGARI ba="0,2" hai="14,17,23,46,51,54,56,59,92,93,94,104,105,106" machi="14" ten="40,5200,0" yaku="1,1,0,1,53,1" doraHai="4" doraHaiUra="8" who="1" fromWho="1" sc="250,-26,240,72,250,-13,240,-13" /><INIT seed="1,0,0,5,3,28" ten="224,312,237,227" oya="1" hai0="35,50,73,78,118,31,15,53,26,64,134,104,91" hai1="33,56,114,65,115,97,89,69,52,13,25,9,59" hai2="117,45,6,60,70,55,27,131,92,105,98,94,11" hai3="41,14,34,119,63,62,57,49,22,112,93,132,47"/><U1/><E1/><V88/><F117/><W10/><G112/><T54/><D134/><U4/><E69/><V86/><F131/><W8/><G119/><T0/><D0/><U2/><E2/><V121/><F121/><W85/><G132/><T40/><D118/><U76/><E76/><V32/><F105/><W109/><G109/><T128/><D128/><U61/><E97/><V21/><F32/><W135/><G34/><T29/><D104/><U20/><E89/><V120/><F120/><W16/><G135/><T42/><D64/><U107/><E107/><V87/><F70/><W99/><G85/><T66/><D66/><U30/><E20/><V7/><F7/><W113/><G62/><AGARI ba="0,0" hai="4,9,13,25,30,33,52,56,59,61,62,65,114,115" machi="62" ten="30,5800,0" yaku="7,1,52,1,54,1" doraHai="28" who="1" fromWho="3" sc="224,0,312,58,237,0,227,-58" /><INIT seed="1,1,0,3,2,78" ten="224,370,237,169" oya="1" hai0="12,11,52,62,25,87,0,2,15,90,120,42,110" hai1="53,115,75,41,66,116,47,17,38,81,10,32,102" hai2="89,64,113,86,18,92,107,79,55,126,4,54,98" hai3="128,74,1,108,33,59,127,80,68,30,94,124,35"/><U133/><E115/><V117/><F117/><W13/><G68/><T101/><D101/><U46/><E32/><V14/><F113/><W34/><G1/><T70/><D120/><U96/><E116/><V48/><F126/><N who="3" m="48171" /><G30/><T50/><D110/><U134/><E66/><V71/><F107/><W106/><G106/><T22/><D70/><U56/><E47/><V93/><F64/><W21/><G108/><T7/><D62/><U6/><E17/><V99/><F71/><W104/><G104/><T5/><D42/><U119/><E119/><V37/><F37/><W100/><G128/><T27/><D27/><U72/><E81/><V39/><F39/><W114/><G114/><T121/><D121/><U67/><E67/><V129/><F129/><W105/><G105/><T51/><D51/><U26/><E26/><V111/><F111/><W84/><G74/><T65/><D65/><U73/><E96/><V20/><F79/><N who="3" m="46111" /><G59/><T131/><D131/><U19/><E102/><V132/><F132/><N who="1" m="50793" /><E19/><V16/><F4/><W3/><G3/><T63/><D7/><U76/><E76/><V57/><F93/><W130/><G130/><T69/><D0/><N who="1" m="327" /><E75/><V36/><F36/><W8/><G21/><T83/><D69/><U109/><E109/><V43/><F43/><W125/><N who="3" m="48179" /><W85/><DORA hai="49" /><G100/><T82/><D2/><U103/><E103/><V95/><F95/><W29/><G29/><T24/><D24/><U60/><AGARI ba="1,0" hai="38,41,46,53,56,60,72,73" m="327,50793" machi="60" ten="30,3000,0" yaku="20,1,52,1" doraHai="78,49" who="1" fromWho="1" sc="224,-11,370,33,237,-11,169,-11" /><INIT seed="1,2,0,5,2,37" ten="213,403,226,158" oya="1" hai0="42,127,62,55,98,51,71,101,35,21,113,129,6" hai1="3,14,32,102,12,43,107,87,120,15,125,90,76" hai2="33,19,123,134,74,52,65,56,7,59,0,54,110" hai3="18,78,22,4,5,36,50,57,104,122,86,10,8"/><U31/><E3/><V106/><F74/><W64/><G36/><T66/><D113/><U95/><E120/><V131/><F106/><W111/><G104/><T13/><D129/><U46/><E125/><V94/><F123/><W119/><G111/><T97/><D127/><U24/><E76/><V82/><F131/><W61/><G122/><T99/><D35/><U39/><E107/><V92/><F110/><W105/><G105/><T53/><D101/><U27/><E102/><V16/><F33/><W44/><G119/><T69/><D69/><U68/><E27/><V108/><F108/><W73/><G73/><T1/><D1/><U48/><E68/><V72/><F0/><W133/><G133/><T20/><D20/><U79/><E79/><V128/><F134/><W2/><G86/><T25/><D13/><U124/><E124/><V29/><F72/><W84/><G84/><T17/><REACH who="0" step="1"/><D6/><REACH who="0" ten="203,403,226,158" step="2"/><U96/><E15/><V115/><F7/><N who="3" m="2635" /><G78/><T38/><D38/><U23/><E39/><V88/><F115/><W67/><G2/><T83/><D83/><U77/><E32/><V34/><F82/><AGARI ba="2,1" hai="12,14,23,24,31,43,46,48,77,82,87,90,95,96" machi="82" ten="40,3900,0" yaku="8,1,52,1" doraHai="37" who="1" fromWho="2" sc="203,0,403,55,226,-45,158,0" /><INIT seed="1,3,0,2,5,102" ten="203,458,181,158" oya="1" hai0="98,14,131,83,38,34,47,41,118,56,95,135,85" hai1="125,62,127,114,9,108,54,51,74,49,109,73,93" hai2="111,94,63,29,10,133,86,113,3,20,122,80,79" hai3="87,110,70,81,12,69,66,130,129,30,24,53,107"/><U134/><E114/><V89/><F111/><N who="1" m="42569" /><E134/><V32/><F133/><W8/><G107/><T97/><D118/><U26/><E26/><V99/><F113/><W82/><G110/><T35/><D135/><U64/><E9/><V6/><F122/><W115/><G115/><T91/><D131/><N who="3" m="50185" /><G53/><T120/><D120/><U119/><E93/><V103/><F32/><N who="3" m="20551" /><G66/><T11/><D56/><N who="1" m="36935" /><E119/><V60/><F29/><W46/><G46/><T78/><REACH who="0" step="1"/><D97/><REACH who="0" ten="193,458,181,158" step="2"/><U19/><E125/><V117/><F117/><W112/><G112/><T59/><D59/><U22/><E127/><V33/><F33/><W106/><G69/><T31/><D31/><U71/><E71/><V90/><REACH who="2" step="1"/><F20/><REACH who="2" ten="193,458,171,158" step="2"/><W23/><G23/><T76/><D76/><U101/><E22/><V16/><F16/><AGARI ba="3,2" hai="11,14,16,34,35,38,41,47,78,83,85,91,95,98" machi="16" ten="30,3900,0" yaku="1,1,7,1,54,1,53,0" doraHai="102" doraHaiUra="57" who="0" fromWho="2" sc="193,68,458,0,171,-48,158,0" /><BYE who="2" /><INIT seed="2,0,0,1,4,117" ten="261,458,123,158" oya="2" hai0="116,121,52,74,103,64,109,15,26,25,125,84,120" hai1="107,60,96,104,80,132,119,85,42,54,53,101,10" hai2="33,128,110,77,21,79,61,5,43,46,32,100,34" hai3="65,66,1,127,69,106,118,97,73,108,131,81,90"/><V58/><F58/><W87/><G1/><T112/><D74/><U7/><E119/><V40/><F40/><W11/><G69/><T135/><D64/><U59/><E132/><V75/><F75/><W89/><G118/><T71/><D71/><U35/><E35/><V9/><F9/><W30/><G108/><T78/><D103/><U133/><E133/><V113/><F113/><W47/><G127/><T111/><D135/><U88/><E42/><V115/><F115/><W68/><G68/><T129/><D129/><U48/><E104/><V91/><F91/><W0/><G131/><T57/><D125/><U92/><E107/><V14/><F14/><W51/><G30/><T49/><D116/><U86/><E86/><V20/><F20/><W44/><G73/><T31/><D25/><U13/><E48/><V22/><F22/><W105/><G11/><T38/><D38/><U39/><E39/><V8/><F8/><W134/><G0/><T99/><D15/><U4/><E54/><V41/><F41/><W24/><G24/><T17/><D17/><AGARI ba="0,0" hai="4,7,10,13,17,53,59,60,80,85,88,92,96,101" machi="17" ten="30,3900,0" yaku="7,1,8,1,54,1" doraHai="117" who="1" fromWho="0" sc="261,-39,458,39,123,0,158,0" /><INIT seed="3,0,0,1,5,118" ten="222,497,123,158" oya="3" hai0="2,10,50,60,135,89,71,17,134,58,91,49,51" hai1="101,21,67,81,88,73,79,15,18,52,28,76,43" hai2="4,12,6,69,124,99,59,108,56,120,30,7,31" hai3="38,100,94,112,119,42,68,110,66,95,130,1,53"/><W44/><G1/><T27/><D71/><U26/><E67/><V16/><F16/><W55/><G112/><T92/><D2/><U32/><E43/><V84/><F84/><W25/><G119/><T24/><D10/><U35/><E101/><V0/><F0/><W5/><G5/><T20/><D27/><U46/><E76/><V47/><F47/><W105/><G130/><T129/><D129/><U9/><E88/><V40/><F40/><W57/><G110/><T127/><D127/><U8/><E8/><V22/><F22/><W61/><G25/><T65/><REACH who="0" step="1"/><D92/><REACH who="0" ten="212,497,123,158" step="2"/><U41/><E9/><V86/><F86/><W11/><G11/><T77/><D77/><U90/><E79/><V126/><F126/><W103/><G105/><T39/><D39/><U34/><E26/><V131/><F131/><W102/><REACH who="3" step="1"/><G53/><REACH who="3" ten="212,497,123,148" step="2"/><T72/><D72/><U33/><E52/><V62/><F62/><AGARI ba="0,2" hai="38,42,44,55,57,61,62,66,68,94,95,100,102,103" machi="62" ten="40,7700,0" yaku="1,1,2,1,53,1" doraHai="118" doraHaiUra="64" who="3" fromWho="2" sc="212,0,497,0,123,-77,148,97" /><INIT seed="3,1,0,3,3,133" ten="212,497,46,245" oya="3" hai0="59,77,5,26,132,32,4,11,19,69,1,52,45" hai1="89,123,126,48,2,86,103,36,51,97,120,116,54" hai2="60,34,7,28,6,40,76,17,122,74,3,95,53" hai3="125,68,35,47,64,29,67,130,30,111,129,42,14"/><W16/><G35/><T27/><D69/><U131/><E36/><V73/><F73/><W55/><G55/><T63/><D132/><U20/><E2/><V113/><F113/><W80/><G80/><T87/><D45/><U114/><E126/><V119/><F119/><W90/><G90/><T135/><D135/><U127/><E127/><V107/><F107/><W109/><G68/><T118/><D118/><U22/><E114/><V23/><F23/><N who="3" m="11671" /><G67/><T121/><D121/><U33/><E33/><V46/><F46/><W88/><G64/><T49/><D49/><U25/><E116/><V41/><F41/><W105/><G105/><T98/><D98/><U81/><E131/><N who="3" m="50186" /><G88/><T70/><D70/><U112/><E112/><V43/><F43/><W117/><G125/><T39/><D39/><U8/><E51/><V13/><F13/><W101/><G101/><T21/><D77/><U124/><E124/><V110/><F110/><N who="3" m="41995" /><G117/><T71/><D71/><U10/><E103/><V62/><F62/><W37/><AGARI ba="1,0" hai="29,30,37,42,47" m="41995,50186,11671" machi="37" ten="30,11700,0" yaku="19,1,14,1,10,1,54,1" doraHai="133" who="3" fromWho="3" sc="212,-40,497,-40,46,-40,245,120" /><INIT seed="3,2,0,2,2,22" ten="172,457,6,365" oya="3" hai0="109,110,87,95,60,108,93,75,113,68,91,32,92" hai1="89,107,64,29,18,43,71,10,103,57,54,102,14" hai2="119,123,118,66,51,94,120,56,27,101,84,13,81" hai3="80,53,117,115,12,131,61,17,62,44,6,47,19"/><W73/><G117/><T128/><D75/><U111/><E111/><V72/><F72/><W129/><G115/><T105/><D105/><U127/><E43/><V55/><F55/><W48/><G6/><T70/><D60/><N who="3" m="23145" /><G73/><T116/><D116/><U65/><E71/><V69/><F69/><W135/><G80/><T21/><D32/><U41/><E41/><V9/><F9/><W15/><G135/><T59/><D59/><U23/><E127/><V126/><F126/><W114/><G114/><T90/><D128/><N who="3" m="49225" /><G15/><T1/><D1/><U85/><E107/><V98/><F98/><W124/><G124/><T28/><D113/><U99/><E99/><V2/><F2/><W104/><G104/><T134/><D134/><U16/><E29/><V122/><F122/><W86/><G86/><T106/><D106/><U30/><E30/><V42/><F42/><W20/><G19/><T33/><D87/><U40/><E40/><V112/><F112/><W8/><G20/><T24/><D21/><U36/><E36/><V74/><F74/><W121/><G121/><T79/><D79/><U133/><E133/><V125/><F125/><W31/><G31/><T3/><D3/><U97/><E97/><V100/><F100/><N who="1" m="38441" /><E18/><V7/><F7/><W0/><G0/><T83/><D83/><N who="1" m="49343" /><E23/><V4/><F4/><W52/><G47/><T45/><D45/><U34/><E34/><V96/><F96/><W46/><G44/><T130/><D130/><U35/><E35/><V49/><F49/><AGARI ba="2,0" hai="10,14,16,49,54,57,64,65" m="49343,38441" machi="49" ten="30,2000,0" yaku="8,1,54,1" doraHai="22" who="1" fromWho="2" sc="172,0,457,26,6,-26,365,0" owari="172,-23.0,483,58.0,-20,-52.0,365,17.0" /></mjloggm>