<mjloggm ver="2.3"><GO type="97" lobby="0"/><UN n0="%E3%81%8F%E3%81%95%E3%81%8F%E3%81%AA%E3%81%84%E3%81%8A" n1="%E6%9D%BE%E6%9C%AC%E5%B1%B1%E9%9B%85" n2="%E6%8E%A5%E7%82%B9%40%51%42" n3="%E5%B0%B1%E6%B4%BB%E7%94%9F%40%E5%B7%9D%E6%9D%91%E8%BB%8D%E5%9B%A3" dan="14,13,14,15" rate="2025.47,1861.04,1871.24,1952.73" sx="M,M,F,M"/><TAIKYOKU oya="0"/><INIT seed="0,0,0,3,4,67" ten="250,250,250,250" oya="0" hai0="76,114,12,93,105,104,117,90,46,88,54,50,44" hai1="99,59,75,9,34,111,2,103,29,4,135,127,42" hai2="79,6,68,51,57,98,133,106,10,23,3,73,134" hai3="77,30,96,126,49,63,62,86,1,91,0,55,52"/><T35/><D117/><U66/><E111/><V39/><F39/><W36/><G126/><T56/><D114/><U82/><E127/><V83/><F68/><W94/><G36/><T74/><D35/><U37/><E135/><N who="2" m="51723" /><F23/><W70/><G30/><T72/><D90/><U120/><E120/><V64/><F64/><W48/><G70/><T107/><D12/><U87/><E75/><V21/><F21/><W18/><G18/><T89/><D89/><U20/><E34/><V8/><F8/><W25/><G25/><T81/><REACH who="0" step="1"/><D72/><REACH who="0" ten="240,250,250,250" step="2"/><U108/><E108/><V47/><F73/><W95/><G1/><T45/><D45/><U102/><E102/><V58/><F79/><W40/><G0/><T11/><D11/><U24/><E103/><V27/><F10/><W14/><G14/><T38/><D38/><U97/><E37/><V16/><F3/><W116/><G116/><T119/><D119/><U84/><E84/><AGARI ba="0,1" hai="44,46,50,54,56,74,76,81,84,88,93,104,105,107" machi="84" ten="40,3900,0" yaku="1,1,54,1,53,0" doraHai="67" doraHaiUra="125" who="0" fromWho="1" sc="240,49,250,-39,250,0,250,0" /><INIT seed="0,1,0,1,1,93" ten="289,211,250,250" oya="0" hai0="133,73,121,127,70,13,123,44,97,72,98,39,46" hai1="81,26,75,79,117,45,47,111,100,53,109,31,23" hai2="5,94,95,61,8,22,57,25,0,3,130,106,102" hai3="42,88,18,82,68,135,48,110,56,64,118,104,4"/><T6/><D70/><U11/><E117/><V50/><F130/><W65/><G104/><T76/><D133/><U83/><E100/><V92/><F50/><W63/><G118/><T52/><D127/><U32/><E32/><V116/><F116/><W38/><G135/><T112/><D112/><U80/><E11/><V59/><F106/><W134/><G134/><T21/><D39/><U33/><E33/><V85/><F3/><W24/><G110/><T29/><D123/><U55/><E75/><V90/><F102/><W126/><G126/><T78/><D121/><U107/><E107/><V103/><F103/><W71/><G4/><T10/><D72/><U9/><E9/><V7/><F7/><W40/><G38/><T101/><D73/><U87/><E87/><V37/><F37/><W74/><G74/><T30/><D101/><U129/><E79/><N who="0" m="30249" /><D21/><U77/><E77/><V35/><F35/><W69/><G65/><T128/><D128/><U28/><E28/><N who="0" m="10857" /><D52/><N who="1" m="20043" /><E129/><V12/><F0/><W20/><REACH who="3" step="1"/><G48/><REACH who="3" ten="289,211,250,240" step="2"/><T131/><D131/><U89/><E111/><V2/><F5/><W113/><G113/><T132/><D132/><U122/><E109/><V96/><F61/><W43/><G43/><T114/><D114/><U54/><E122/><V124/><F124/><W105/><G105/><T16/><D6/><U91/><N who="1" m="20051" /><U108/><DORA hai="67" /><E108/><V99/><F2/><W66/><G66/><T17/><D17/><U84/><E47/><AGARI ba="1,1" hai="10,13,16,44,46,47,97,98" m="10857,30249" machi="47" ten="30,11600,0" yaku="8,1,52,2,54,1" doraHai="93,67" who="0" fromWho="1" sc="289,129,211,-119,250,0,240,0" /><INIT seed="0,2,0,2,1,89" ten="418,92,250,240" oya="0" hai0="74,104,73,56,10,68,72,69,81,42,120,40,112" hai1="35,99,54,92,70,65,95,123,118,37,88,122,9" hai2="60,18,125,77,1,14,19,135,41,100,90,27,7" hai3="76,11,23,93,58,29,108,130,121,101,129,117,64"/><T50/><D120/><U85/><E118/><V17/><F100/><W107/><G117/><T31/><D104/><U16/><E37/><V115/><F77/><W47/><G121/><T133/><D112/><U55/><E35/><V43/><F115/><W116/><G107/><T131/><D31/><U87/><E87/><V33/><F135/><W66/><G116/><T61/><D133/><U8/><E8/><N who="2" m="2159" /><F60/><W134/><G108/><T83/><D131/><N who="3" m="50185" /><G134/><T132/><D132/><U103/><E65/><V53/><F53/><W113/><G113/><T119/><D119/><U30/><E70/><V48/><F48/><W20/><G76/><T44/><D40/><N who="2" m="15434" /><F90/><W91/><G101/><T12/><D69/><U71/><E71/><V4/><F4/><W63/><G64/><T67/><REACH who="0" step="1"/><D68/><REACH who="0" ten="408,92,250,240" step="2"/><U34/><E123/><V13/><F125/><W25/><G29/><T62/><D62/><U26/><REACH who="1" step="1"/><E122/><REACH who="1" ten="408,82,250,240" step="2"/><V45/><F33/><W110/><G110/><T86/><D86/><U0/><E0/><V3/><F3/><W102/><G63/><T38/><D38/><U46/><E46/><V114/><F45/><W105/><G47/><T28/><D28/><U94/><E94/><V5/><F114/><W124/><G93/><T39/><D39/><U106/><E106/><V2/><F2/><W15/><G105/><T49/><D49/><U98/><E98/><V78/><F13/><AGARI ba="2,2" hai="9,13,16,26,30,34,54,55,85,88,92,95,99,103" machi="13" ten="40,8000,1" yaku="1,1,52,2,54,2,53,0" doraHai="89" doraHaiUra="52" who="1" fromWho="2" sc="408,0,82,106,250,-86,240,0" /><INIT seed="1,0,0,4,4,14" ten="408,188,164,240" oya="1" hai0="41,16,72,46,63,135,107,35,62,68,90,121,17" hai1="88,39,12,61,118,36,96,58,42,8,15,31,106" hai2="80,133,131,34,77,82,91,109,6,128,83,59,54" hai3="66,134,22,105,50,129,26,95,98,76,114,45,84"/><U21/><E118/><V74/><F34/><W24/><G114/><T0/><D0/><U71/><E71/><V38/><F38/><W49/><G105/><T52/><D35/><U30/><E106/><V20/><F6/><W117/><G117/><T70/><D72/><U27/><E31/><V7/><F7/><W108/><G108/><T9/><D107/><U79/><E79/><V5/><F5/><W11/><G129/><N who="2" m="49737" /><F109/><W69/><G134/><T104/><D104/><U127/><E127/><V99/><F20/><W81/><G69/><T28/><D28/><U37/><E42/><V94/><F133/><W19/><G66/><T29/><D29/><U93/><REACH who="1" step="1"/><E8/><REACH who="1" ten="408,178,164,240" step="2"/><V43/><F43/><W4/><G11/><T130/><D9/><U122/><E122/><V32/><F32/><W53/><G4/><T103/><D121/><U56/><E56/><V86/><F59/><W123/><G123/><T1/><D70/><U10/><E10/><V92/><F54/><AGARI ba="0,1" hai="12,15,21,27,30,36,37,39,54,58,61,88,93,96" machi="54" ten="40,3900,0" yaku="1,1,54,1,53,0" doraHai="14" doraHaiUra="113" who="1" fromWho="2" sc="408,0,178,49,164,-39,240,0" /><INIT seed="1,1,0,3,4,47" ten="408,227,125,240" oya="1" hai0="30,62,43,91,25,32,64,11,130,58,60,33,122" hai1="38,69,134,7,76,106,29,45,92,66,114,111,49" hai2="65,84,39,19,72,96,52,73,74,135,112,57,17" hai3="117,80,5,31,71,70,23,50,56,131,6,87,53"/><U8/><E114/><V77/><F135/><W119/><G131/><T63/><D130/><U126/><E106/><V102/><F39/><W22/><G70/><T42/><D122/><U97/><E38/><V132/><F132/><W83/><G71/><T88/><D33/><U101/><E134/><V121/><F121/><W123/><G123/><T28/><D28/><U99/><E126/><V115/><F65/><W54/><G54/><T90/><D11/><U127/><E127/><V133/><F133/><W12/><G80/><T20/><D32/><U110/><E29/><V18/><F84/><W34/><G34/><T89/><D89/><U82/><E66/><V75/><N who="2" m="18432" /><DORA hai="36" /><V35/><F35/><W105/><G105/><T41/><AGARI ba="1,0" hai="20,25,30,41,42,43,58,60,62,63,64,88,90,91" machi="41" ten="30,12000,2" yaku="0,1,8,1,52,3,54,1" doraHai="47,36" who="0" fromWho="0" sc="408,123,227,-61,125,-31,240,-31" /><INIT seed="2,0,0,0,5,81" ten="531,166,94,209" oya="2" hai0="62,86,39,84,11,76,58,21,77,57,98,88,36" hai1="27,49,119,126,42,60,40,13,131,113,101,24,17" hai2="38,30,56,48,71,99,128,87,41,118,19,127,37" hai3="25,123,89,51,109,83,93,104,43,14,125,79,2"/><V66/><F118/><W108/><G2/><T70/><D70/><U23/><E119/><V91/><F30/><W28/><G104/><T133/><D133/><U32/><E113/><V110/><F110/><N who="3" m="42603" /><G125/><T64/><D36/><U103/><E32/><V61/><F127/><W3/><G3/><T59/><D39/><U20/><E126/><V67/><F99/><N who="3" m="57775" /><G14/><T121/><D121/><U18/><E131/><V105/><F105/><W46/><G123/><T124/><D124/><U112/><E112/><V68/><F19/><W134/><G134/><T5/><D21/><U129/><E129/><V29/><F128/><W80/><G79/><N who="0" m="30283" /><D58/><U74/><E74/><V31/><F38/><W8/><G8/><T122/><D59/><U9/><E60/><V90/><F37/><W10/><G10/><T65/><D64/><U33/><E33/><AGARI ba="0,0" hai="25,28,33,43,46,51,80,83" m="57775,42603" machi="33" ten="30,1000,0" yaku="14,1" doraHai="81" who="3" fromWho="1" sc="531,0,166,-10,94,0,209,10" /><INIT seed="3,0,0,2,3,9" ten="531,156,94,219" oya="3" hai0="82,97,49,26,55,17,33,47,67,133,40,80,93" hai1="114,65,32,89,79,41,84,61,72,22,50,95,127" hai2="52,119,12,94,75,125,109,78,81,110,85,31,36" hai3="54,44,18,27,6,70,118,19,66,58,101,2,106"/><W123/><G123/><T15/><D133/><U14/><E114/><V0/><F0/><W120/><G120/><T126/><D126/><U92/><E32/><V62/><F36/><W83/><G83/><T11/><D67/><U20/><E127/><V91/><F125/><W74/><G74/><T86/><D86/><U7/><E72/><V104/><F31/><W43/><G43/><T51/><D26/><U8/><E79/><V87/><F119/><W38/><G38/><T99/><D33/><U39/><E39/><V115/><F115/><W1/><G1/><T24/><D24/><U132/><E132/><V5/><F104/><W46/><G46/><N who="0" m="28087" /><D99/><U25/><E25/><V131/><F131/><W117/><G117/><T107/><D107/><U42/><E95/><V30/><F30/><W68/><G68/><T64/><D64/><U28/><E28/><V105/><F105/><W135/><G135/><T29/><D29/><U48/><E42/><V129/><F129/><W10/><G10/><T100/><AGARI ba="0,0" hai="11,15,17,40,47,51,80,82,93,97,100" m="28087" machi="100" ten="30,2000,0" yaku="8,1,52,1" doraHai="9" who="0" fromWho="0" sc="531,20,156,-5,94,-5,219,-10" owari="551,65.0,151,-25.0,89,-41.0,209,1.0" /></mjloggm>