<mjloggm ver="2.3"><GO type="169" lobby="0"/><UN n0="%E7%89%8C%E5%BB%83%E4%BA%BA" n1="%E5%B0%B1%E6%B4%BB%E7%94%9F%40%E5%B7%9D%E6%9D%91%E8%BB%8D%E5%9B%A3" n2="%E3%82%8F%E3%81%8C%E5%90%8D%E3%81%AF%E3%81%A9%E3%82%89%E3%81%A9%E3%82%89" n3="%E6%A4%8B%E5%A4%A7%E6%A8%B9" dan="17,16,16,17" rate="2251.94,2070.37,2061.60,2186.48" sx="M,M,M,M"/><TAIKYOKU oya="0"/><INIT seed="0,0,0,5,2,92" ten="250,250,250,250" oya="0" hai0="89,83,64,9,72,104,14,100,11,1,55,116,2" hai1="35,107,13,125,65,12,22,94,8,123,102,40,4" hai2="132,43,66,108,127,18,31,45,54,33,77,38,117" hai3="113,32,98,23,96,49,114,42,51,133,29,7,58"/><T131/><D116/><U95/><E35/><V79/><F117/><W112/><G32/><T24/><D131/><U88/><E123/><V57/><F127/><W110/><G110/><T48/><D64/><U20/><E125/><V70/><F132/><W50/><G7/><T86/><D72/><U15/><E107/><V76/><F108/><W61/><G42/><T118/><D118/><U25/><E40/><V30/><F18/><W101/><G101/><T90/><D24/><U134/><E65/><V21/><F21/><W39/><G39/><T128/><D128/><U34/><E34/><V122/><F33/><W5/><G5/><T106/><D90/><U124/><E124/><V111/><F111/><W69/><G69/><T0/><D100/><U81/><E134/><V27/><F27/><W75/><G75/><T56/><REACH who="0" step="1"/><D11/><REACH who="0" ten="240,250,250,250" step="2"/><U80/><E102/><V73/><F73/><W3/><G133/><T82/><D82/><N who="1" m="31851" /><E95/><V26/><F26/><N who="3" m="16607" /><G114/><T87/><D87/><N who="1" m="52511" /><E25/><V97/><F122/><W74/><G74/><T47/><D47/><U130/><E130/><V126/><F126/><W78/><G113/><T67/><D67/><U68/><E68/><V37/><F66/><N who="3" m="39223" /><G112/><T121/><D121/><U109/><E109/><V120/><F70/><W52/><G78/><T16/><AGARI ba="0,1" hai="0,1,2,9,14,16,48,55,56,83,86,89,104,106" machi="16" ten="30,11700,0" yaku="1,1,0,1,54,1,53,1" doraHai="92" doraHaiUra="85" who="0" fromWho="0" sc="240,127,250,-39,250,-39,250,-39" /><INIT seed="0,1,0,4,0,110" ten="367,211,211,211" oya="0" hai0="5,64,7,63,96,76,20,27,62,68,87,72,12" hai1="101,60,55,51,122,119,65,105,13,113,112,14,42" hai2="29,89,126,44,103,57,127,100,53,2,18,6,108" hai3="123,129,92,48,84,36,90,8,117,93,85,3,25"/><T78/><D72/><U128/><E122/><V135/><F108/><W4/><G36/><T23/><D96/><N who="1" m="61607" /><E42/><V17/><F44/><W41/><G129/><T10/><D7/><U80/><E119/><V124/><F29/><W133/><G133/><T114/><D114/><N who="1" m="44139" /><E80/><V15/><F135/><W130/><G130/><T81/><D78/><U11/><E128/><V111/><F111/><W109/><G117/><T38/><D38/><U49/><E55/><V21/><F53/><W9/><G109/><T45/><D45/><U94/><E94/><V28/><F127/><W52/><G41/><T120/><D120/><U26/><E26/><V74/><F126/><W50/><G25/><T83/><D27/><U56/><E14/><V91/><F15/><W104/><G104/><T16/><D83/><U118/><E118/><V134/><F124/><W98/><G123/><T59/><REACH who="0" step="1"/><D5/><AGARI ba="1,0" hai="5,11,13,49,51,56,60,65" m="44139,61607" machi="5" ten="30,7700,0" yaku="11,1,52,3" doraHai="110" who="1" fromWho="0" sc="367,-80,211,80,211,0,211,0" /><INIT seed="1,0,0,1,3,47" ten="287,291,211,211" oya="1" hai0="122,134,67,102,65,66,28,119,69,53,127,25,125" hai1="45,41,12,68,117,94,90,120,116,18,57,20,132" hai2="88,110,48,42,0,14,97,95,109,52,133,10,124" hai3="4,82,100,32,40,111,60,17,35,78,9,5,21"/><U70/><E120/><V105/><F133/><W118/><G111/><N who="2" m="42505" /><F124/><N who="0" m="47690" /><D119/><U80/><E132/><V7/><F42/><W106/><G4/><T27/><D134/><U75/><E70/><V96/><F105/><W49/><G60/><T1/><D1/><U30/><E68/><V112/><F112/><W86/><G100/><T81/><D69/><U51/><E30/><V43/><F43/><W89/><G106/><T38/><D38/><U62/><E80/><V29/><F29/><W123/><G89/><T46/><D102/><U8/><E75/><V87/><F0/><W99/><G99/><T71/><D71/><U44/><E44/><AGARI ba="0,0" hai="7,10,14,44,48,52,87,88,95,96,97" m="42505" machi="44" ten="30,7700,0" yaku="14,1,52,1,54,2" doraHai="47" who="2" fromWho="1" sc="287,0,291,-77,211,77,211,0" /><INIT seed="2,0,0,5,5,117" ten="287,214,288,211" oya="2" hai0="29,120,121,37,124,41,98,83,71,1,87,88,90" hai1="23,53,31,75,48,126,108,7,101,114,13,58,2" hai2="94,47,116,130,112,28,35,131,65,62,123,50,113" hai3="32,89,92,18,25,133,125,39,24,22,118,70,78"/><V86/><F35/><W68/><G39/><T19/><D71/><U91/><E114/><N who="2" m="44139" /><F28/><W33/><G133/><T115/><D115/><U4/><E75/><V46/><F94/><W69/><G125/><T93/><D1/><U27/><E2/><V14/><F14/><W44/><G44/><N who="2" m="16937" /><F86/><W85/><G118/><T102/><D37/><U38/><E38/><V64/><F116/><W3/><G3/><T134/><D41/><U97/><E126/><V10/><F10/><W82/><REACH who="3" step="1"/><G25/><REACH who="3" ten="287,214,288,201" step="2"/><T56/><D124/><U73/><E108/><V40/><F40/><W21/><G21/><T119/><D119/><U107/><E13/><V122/><F50/><W20/><G20/><T57/><D134/><U109/><E109/><V104/><F104/><W49/><G49/><T132/><D132/><U16/><E31/><V74/><F74/><AGARI ba="0,1" hai="18,22,24,32,33,68,69,70,74,78,82,85,89,92" machi="74" ten="40,2600,0" yaku="1,1,53,1" doraHai="117" doraHaiUra="15" who="3" fromWho="2" sc="287,0,214,0,288,-26,201,36" /><INIT seed="3,0,0,2,4,68" ten="287,214,262,237" oya="3" hai0="37,45,46,49,82,1,17,47,114,27,107,106,72" hai1="20,128,52,34,30,109,40,66,78,134,105,8,23" hai2="115,77,54,88,63,2,80,89,41,118,71,51,123" hai3="73,22,67,55,98,50,85,58,31,81,135,33,62"/><W57/><G135/><T16/><D1/><U102/><E34/><V3/><F118/><W108/><G108/><T99/><D114/><U129/><E66/><V13/><F115/><W12/><G73/><T124/><D124/><U24/><E78/><V56/><F123/><W74/><G74/><T35/><D37/><U18/><E109/><V94/><F89/><W120/><G33/><T86/><D72/><U113/><E113/><V39/><F13/><W117/><G117/><T29/><D49/><U7/><E134/><V101/><F101/><W25/><G120/><T44/><D44/><U36/><E102/><V10/><F10/><W0/><G0/><T116/><D116/><U122/><E105/><V4/><F4/><W28/><G12/><T83/><D83/><U53/><E122/><V87/><F39/><W76/><REACH who="3" step="1"/><G98/><REACH who="3" ten="287,214,262,227" step="2"/><T42/><D99/><U130/><E7/><V21/><F2/><W9/><G9/><T131/><D35/><U97/><E8/><V119/><F3/><W70/><G70/><T79/><D42/><U15/><E97/><V104/><F119/><W125/><G125/><T91/><D131/><U61/><E61/><V59/><F41/><W43/><G43/><T32/><D79/><U19/><E30/><AGARI ba="0,1" hai="22,25,28,30,31,50,55,57,58,62,67,76,81,85" machi="30" ten="30,11600,0" yaku="1,1,7,1,8,1,53,1" doraHai="68" doraHaiUra="60" who="3" fromWho="1" sc="287,0,214,-116,262,0,227,126" /><INIT seed="3,1,0,0,4,61" ten="287,98,262,353" oya="3" hai0="8,20,99,62,129,98,46,23,53,42,15,108,26" hai1="59,57,102,12,86,33,29,128,111,101,82,69,78" hai2="24,58,85,90,83,118,54,56,67,16,105,100,125" hai3="115,49,19,1,74,40,32,73,6,65,39,2,9"/><W5/><G115/><T50/><D108/><U38/><E111/><V80/><F125/><W124/><G124/><T117/><D129/><U63/><E128/><V28/><F118/><W123/><G123/><T37/><D117/><U135/><E38/><V3/><F3/><W4/><G32/><T64/><D42/><U97/><E135/><V113/><F113/><W51/><G39/><T71/><D37/><U72/><E72/><V112/><F112/><W121/><G121/><T30/><REACH who="0" step="1"/><D23/><REACH who="0" ten="277,98,262,353" step="2"/><U43/><E43/><V55/><F105/><W130/><G40/><T52/><D52/><U66/><E102/><V60/><F55/><W89/><G130/><T91/><D91/><U79/><E79/><V127/><F100/><W114/><G114/><T25/><D25/><U75/><E75/><V95/><F127/><W70/><G74/><T106/><D106/><U107/><REACH who="1" step="1"/><E12/><REACH who="1" ten="277,88,262,353" step="2"/><V18/><F24/><AGARI ba="1,2" hai="24,29,33,57,59,63,66,69,78,82,86,97,101,107" machi="24" ten="40,8000,1" yaku="1,1,2,1,25,2,52,1,53,0" doraHai="61" doraHaiUra="119" who="1" fromWho="2" sc="277,0,88,103,262,-83,353,0" /><INIT seed="4,0,0,4,0,110" ten="277,191,179,353" oya="0" hai0="49,102,83,130,97,56,95,34,59,15,16,66,80" hai1="46,87,108,85,126,112,75,121,31,67,134,13,90" hai2="9,5,104,22,73,117,107,50,82,47,132,4,81" hai3="114,71,29,113,10,116,92,70,20,76,36,122,48"/><T119/><D119/><U115/><E75/><V17/><F117/><W19/><G36/><T72/><D34/><U77/><E121/><V37/><F132/><W89/><G116/><T28/><D130/><U91/><E108/><V26/><F4/><W128/><G29/><T40/><D28/><U0/><E0/><V8/><F8/><W133/><G76/><T125/><D125/><U74/><E31/><V120/><F120/><W21/><G10/><T57/><D72/><U63/><E126/><V12/><F37/><W3/><G3/><T30/><D30/><U84/><E134/><V7/><F7/><W129/><G133/><T6/><D6/><U131/><E131/><N who="3" m="50250" /><G21/><N who="0" m="11423" /><D66/><U44/><E77/><V100/><F100/><W103/><G103/><T65/><D65/><U135/><E74/><V53/><REACH who="2" step="1"/><F73/><REACH who="2" ten="277,191,169,353" step="2"/><W38/><G38/><T79/><D79/><U51/><E135/><V105/><AGARI ba="0,1" hai="5,9,12,17,22,26,47,50,53,81,82,104,105,107" machi="105" ten="30,7900,0" yaku="1,1,2,1,0,1,53,1" doraHai="110" doraHaiUra="11" who="2" fromWho="2" sc="277,-39,191,-20,169,89,353,-20" /><INIT seed="5,0,0,1,4,98" ten="238,171,258,333" oya="1" hai0="70,51,0,15,63,85,3,22,78,75,87,94,117" hai1="101,30,40,35,125,132,67,21,124,115,7,43,24" hai2="121,90,68,74,17,110,118,126,122,113,95,33,23" hai3="11,112,64,84,102,72,60,52,26,135,89,99,86"/><U55/><E115/><V128/><RYUUKYOKU type="yao9" ba="0,0" sc="238,0,171,0,258,0,333,0" hai2="17,23,33,68,74,90,95,110,113,118,121,122,126,128" /><INIT seed="5,1,0,1,3,10" ten="238,171,258,333" oya="1" hai0="59,117,17,53,18,5,71,100,108,28,8,115,23" hai1="84,109,91,135,14,82,102,103,12,75,11,89,22" hai2="123,27,64,38,56,58,44,57,119,129,26,125,90" hai3="24,107,63,104,114,7,20,45,92,134,68,51,46"/><U94/><E135/><V33/><F123/><W0/><G46/><T6/><D108/><U110/><E75/><V88/><F119/><W112/><G134/><T113/><D71/><U61/><E61/><V111/><F111/><N who="1" m="42505" /><E22/><V120/><F120/><W15/><G0/><T74/><D74/><U106/><E11/><V95/><F129/><W81/><G92/><T96/><D28/><U98/><E103/><V80/><F125/><W101/><G81/><T19/><D23/><U1/><E1/><V31/><F27/><W128/><G128/><T78/><D78/><U13/><E91/><V97/><F80/><AGARI ba="1,0" hai="12,13,14,80,82,84,89,94,98,102,106" m="42505" machi="80" ten="30,11600,0" yaku="10,1,52,3" doraHai="10" who="1" fromWho="2" sc="238,0,171,119,258,-119,333,0" /><INIT seed="5,2,0,4,4,6" ten="238,290,139,333" oya="1" hai0="96,108,26,118,21,79,54,78,83,0,23,85,90" hai1="1,14,125,117,31,72,37,69,99,111,12,129,2" hai2="16,46,41,101,97,18,32,106,17,73,13,71,48" hai3="74,25,39,115,7,45,38,103,104,19,51,3,43"/><U24/><E72/><V94/><F73/><W20/><G74/><T130/><D108/><U88/><E69/><V56/><F71/><W30/><G115/><T35/><D118/><U64/><E37/><V128/><F128/><W113/><G113/><T47/><D35/><U60/><E117/><V40/><F32/><W133/><G133/><T57/><D130/><U131/><E111/><V109/><F109/><W8/><G103/><T34/><D34/><U42/><E42/><V49/><F106/><W4/><G104/><T50/><D0/><U84/><E125/><V70/><F70/><W95/><G4/><T44/><D23/><U62/><E129/><V76/><F76/><W98/><G19/><T116/><D116/><U66/><E99/><V107/><F107/><W36/><G95/><N who="0" m="56439" /><D78/><U112/><E112/><V89/><F101/><W91/><G91/><T123/><D123/><U120/><E120/><V121/><F121/><W80/><G80/><T87/><D87/><U15/><E131/><V124/><F124/><W102/><G98/><T134/><D134/><U86/><E2/><V61/><F48/><W59/><G102/><T55/><D54/><U28/><E1/><V68/><F41/><W119/><G119/><T127/><D127/><U33/><E31/><AGARI ba="2,0" hai="21,26,31,44,47,50,55,57,79,83,85" m="56439" machi="31" ten="30,1000,0" yaku="8,1" doraHai="6" who="0" fromWho="1" sc="238,16,290,-16,139,0,333,0" /><INIT seed="6,0,0,4,0,126" ten="254,274,139,333" oya="2" hai0="34,130,74,97,88,63,3,127,122,117,19,108,6" hai1="67,84,50,64,124,82,128,42,129,83,105,39,95" hai2="102,94,54,18,13,26,113,12,45,47,17,29,22" hai3="96,125,85,133,44,75,121,89,51,16,15,134,11"/><V10/><F113/><W35/><G75/><T30/><D108/><U25/><E105/><V110/><F110/><W31/><G121/><T38/><D74/><U37/><E124/><V27/><F27/><W43/><G125/><T56/><D38/><U40/><E25/><V76/><F76/><W55/><G96/><T9/><D122/><U87/><E95/><V23/><F54/><W61/><G35/><T21/><D117/><U109/><E109/><V20/><F10/><W120/><G31/><T93/><D34/><U104/><E104/><V0/><F0/><W24/><G24/><N who="0" m="14399" /><D30/><U90/><E50/><V92/><REACH who="2" step="1"/><F92/><REACH who="2" ten="254,274,129,333" step="2"/><W100/><G120/><T59/><D127/><U4/><E4/><V70/><F70/><W32/><G55/><N who="0" m="34207" /><D59/><U52/><E52/><V2/><F2/><W57/><G57/><T111/><D111/><U99/><E99/><AGARI ba="0,1" hai="12,13,17,18,20,22,23,26,29,45,47,94,99,102" machi="99" ten="40,7700,0" yaku="1,1,9,1,8,1,53,0" doraHai="126" doraHaiUra="119" who="2" fromWho="1" sc="254,0,274,-77,129,87,333,0" /><INIT seed="6,1,0,1,0,36" ten="254,197,216,333" oya="2" hai0="48,125,97,92,41,37,55,24,59,16,80,86,17" hai1="102,118,5,123,64,90,77,75,130,104,9,25,7" hai2="40,94,127,26,34,79,31,21,12,122,57,49,33" hai3="19,29,116,39,74,73,93,69,38,58,132,85,100"/><V6/><F122/><W45/><G69/><T14/><D125/><U71/><E118/><V61/><F127/><W99/><G73/><T114/><D114/><U131/><E123/><V54/><F79/><W43/><G74/><T0/><D0/><U15/><E5/><V112/><F112/><W98/><G116/><T20/><D37/><U89/><E75/><V30/><F30/><W68/><G68/><T47/><D92/><U103/><E77/><V4/><F94/><W91/><G132/><T108/><D108/><U11/><E11/><V121/><F121/><W13/><G29/><T95/><D95/><U27/><E64/><V28/><F28/><W10/><G58/><T96/><D59/><U128/><E71/><V109/><F109/><W83/><G98/><T82/><D55/><U119/><E119/><V117/><F117/><W3/><G3/><T134/><D134/><U81/><E81/><N who="0" m="31337" /><D86/><U44/><E44/><V52/><F40/><W84/><G84/><T22/><AGARI ba="1,0" hai="14,16,17,20,22,24,41,47,48,96,97" m="31337" machi="22" ten="30,4000,0" yaku="8,1,52,1,54,1" doraHai="36" who="0" fromWho="0" sc="254,43,197,-11,216,-21,333,-11" /><INIT seed="7,0,0,1,5,13" ten="297,186,195,322" oya="3" hai0="42,86,76,58,133,135,53,65,56,109,88,60,30" hai1="17,61,85,49,125,105,38,54,3,45,7,82,74" hai2="39,16,63,14,89,66,52,23,128,6,19,64,11" hai3="51,116,68,101,9,120,103,73,43,90,91,75,84"/><W102/><G68/><T127/><D109/><U107/><E125/><V132/><F39/><W59/><G75/><T8/><D127/><U24/><E74/><V46/><F132/><N who="0" m="50762" /><D42/><U95/><E38/><V32/><F32/><W35/><G35/><T50/><D30/><U130/><E130/><V124/><F124/><W79/><G73/><T81/><D8/><U122/><E122/><V104/><F104/><W25/><G116/><T118/><D118/><U5/><E3/><V114/><F114/><W37/><G37/><T36/><D36/><U99/><E61/><V27/><F128/><W67/><G25/><T98/><D98/><U129/><E105/><V113/><F89/><W100/><G79/><T47/><D76/><N who="1" m="46279" /><E107/><V94/><F94/><W117/><G120/><T31/><D31/><U92/><E129/><V41/><F113/><W134/><G134/><T80/><D80/><U121/><E121/><V97/><F97/><W44/><G117/><T131/><D131/><U112/><E112/><V77/><F77/><W40/><G84/><T69/><AGARI ba="0,0" hai="47,50,53,56,58,60,65,69,81,86,88" m="50762" machi="69" ten="30,2000,0" yaku="20,1,54,1" doraHai="13" who="0" fromWho="0" sc="297,20,186,-5,195,-5,322,-10" owari="317,42.0,181,-32.0,190,-21.0,312,11.0" /></mjloggm>