<mjloggm ver="2.3"><GO type="97" lobby="0"/><UN n0="%E5%B0%B1%E6%B4%BB%E7%94%9F%40%E5%B7%9D%E6%9D%91%E8%BB%8D%E5%9B%A3" n1="%59%4F%47%48%4F%55%52%54" n2="%E8%A3%81%E7%B8%AB%E7%A5%9E" n3="%52%65%6D%65%6D%62%65%72" dan="15,13,13,15" rate="1997.08,1824.61,1993.07,1978.55" sx="M,M,M,M"/><TAIKYOKU oya="0"/><INIT seed="0,0,0,0,0,53" ten="250,250,250,250" oya="0" hai0="131,120,111,102,23,98,119,74,107,82,85,32,115" hai1="128,52,94,50,26,113,110,79,67,16,19,31,39" hai2="10,8,1,37,60,17,135,22,30,87,121,96,76" hai3="127,45,7,109,57,66,47,11,12,5,123,90,116"/><T81/><D32/><U124/><E39/><V63/><F121/><W15/><G109/><T59/><D120/><U78/><E110/><V40/><F135/><W91/><G123/><T104/><D111/><U27/><E113/><V134/><F134/><W0/><G127/><T73/><D119/><U25/><E124/><V62/><F30/><W21/><G116/><T80/><D115/><U29/><E128/><V46/><F96/><W58/><G0/><T72/><D131/><U24/><E67/><V112/><F112/><W33/><G33/><T75/><N who="0" m="18944" /><DORA hai="95" /><T103/><D23/><U70/><E94/><V41/><F41/><W99/><G99/><N who="0" m="61535" /><D59/><N who="3" m="22537" /><G66/><T14/><D14/><U125/><E125/><V129/><F129/><W65/><G65/><T132/><D132/><U42/><E70/><V61/><F61/><W105/><G105/><T9/><D9/><U2/><E42/><V86/><F1/><W38/><G38/><T34/><D34/><U88/><E2/><V43/><F43/><W20/><G20/><T4/><D4/><U64/><E64/><V133/><F133/><W122/><G122/><T55/><D55/><U83/><E31/><V36/><F37/><W100/><G21/><T101/><D101/><U6/><E6/><V118/><F118/><W89/><G100/><T93/><D107/><U28/><E28/><V117/><F117/><W54/><G54/><T56/><D56/><N who="1" m="32791" /><E29/><V108/><F108/><W13/><G11/><T130/><D130/><U126/><N who="1" m="6656" /><DORA hai="71" /><U44/><E126/><V114/><F114/><W48/><G47/><T51/><D51/><RYUUKYOKU ba="0,0" sc="250,15,250,-15,250,-15,250,15" hai0="80,81,82,85,93,98,103" hai3="5,7,12,13,15,45,48,89,90,91" /><INIT seed="0,1,0,1,4,55" ten="265,235,235,265" oya="0" hai0="11,38,56,49,111,119,75,29,21,67,77,88,70" hai1="42,104,7,100,133,91,46,48,71,18,72,86,89" hai2="39,76,40,12,99,87,118,73,112,114,109,35,92" hai3="14,106,79,47,108,0,74,93,110,41,132,36,130"/><T17/><D119/><U58/><E72/><V69/><F35/><W63/><G106/><T24/><D38/><U65/><E133/><V123/><F69/><W128/><G0/><T95/><D70/><U53/><E7/><V61/><F123/><W117/><G132/><T43/><D111/><N who="3" m="42537" /><G117/><T45/><D75/><U28/><E28/><V15/><F109/><W107/><G107/><T32/><D77/><U134/><E134/><V33/><F118/><W19/><G93/><T1/><D1/><U2/><E2/><V8/><F33/><W3/><G3/><T50/><D11/><U98/><E18/><V127/><F73/><W52/><G79/><T103/><D103/><U4/><E86/><V125/><F76/><W27/><G27/><T78/><D78/><U37/><REACH who="1" step="1"/><E4/><REACH who="1" ten="265,225,235,265" step="2"/><N who="2" m="3079" /><F87/><W129/><G74/><T10/><D10/><U97/><E97/><V13/><F99/><W84/><G84/><N who="0" m="52615" /><D32/><U102/><E102/><V57/><F114/><W85/><G85/><T82/><D82/><U131/><E131/><V135/><F112/><W26/><G26/><T59/><D29/><U68/><E68/><V6/><F135/><W5/><G5/><T22/><D22/><U116/><E116/><V113/><F6/><W124/><G130/><T115/><D115/><U9/><E9/><V31/><F113/><W105/><G129/><T120/><D120/><U44/><E44/><V60/><F31/><W30/><G128/><T34/><D34/><U20/><E20/><V81/><F125/><W90/><G30/><T83/><D45/><U122/><E122/><V23/><F127/><RYUUKYOKU ba="1,1" sc="265,-10,225,30,235,-10,265,-10" hai1="37,42,46,48,53,58,65,71,89,91,98,100,104" /><INIT seed="1,2,1,4,2,86" ten="255,255,225,255" oya="1" hai0="131,95,110,108,132,9,15,122,25,67,92,81,107" hai1="53,12,33,65,41,23,77,72,29,61,106,123,128" hai2="45,68,120,74,114,133,26,82,117,55,87,112,102" hai3="113,124,40,13,70,22,88,76,30,19,50,3,57"/><U134/><E123/><V109/><F117/><W94/><G70/><T80/><D107/><U111/><E134/><V48/><F120/><W126/><G113/><N who="2" m="43625" /><F133/><W75/><G3/><T78/><D132/><U21/><E128/><V59/><F109/><N who="0" m="42090" /><D131/><U6/><E111/><V4/><F68/><W20/><G40/><T46/><D67/><U101/><E41/><V27/><F74/><W66/><G66/><T54/><D25/><N who="2" m="9226" /><F102/><W104/><G104/><T47/><D122/><U116/><E116/><V97/><F97/><N who="3" m="57543" /><G30/><T98/><D95/><U42/><E29/><V89/><F4/><W10/><G50/><N who="0" m="29015" /><D47/><AGARI ba="2,1" hai="45,47,48,55,59,82,87,89" m="9226,43625" machi="47" ten="30,2000,0" yaku="11,1,52,1" doraHai="86" who="2" fromWho="0" sc="255,-26,255,0,225,36,255,0" /><INIT seed="2,0,0,0,2,48" ten="229,255,261,255" oya="2" hai0="58,134,100,59,66,114,103,119,96,42,124,87,126" hai1="97,89,43,27,135,53,6,57,5,130,34,73,9" hai2="64,40,7,37,10,47,24,14,60,29,102,83,77" hai3="33,122,72,62,21,22,68,129,110,81,92,120,95"/><V16/><F102/><W20/><G110/><T91/><D114/><U107/><E135/><V131/><F131/><W80/><G33/><T19/><D134/><U104/><E130/><V93/><F93/><N who="3" m="35915" /><G62/><T15/><D119/><U3/><E73/><V67/><F7/><W32/><G32/><T39/><D39/><U36/><E89/><V45/><F45/><W54/><G129/><T116/><D42/><U108/><E108/><V8/><F8/><W85/><G68/><T90/><D116/><U106/><E6/><V1/><F1/><W23/><G23/><T63/><D58/><U50/><E97/><V26/><F29/><W2/><G2/><T132/><D132/><U11/><E11/><V56/><REACH who="2" step="1"/><F67/><REACH who="2" ten="229,255,251,255" step="2"/><W78/><G122/><T88/><D87/><AGARI ba="0,1" hai="10,14,16,24,26,37,40,47,56,60,64,77,83,87" machi="87" ten="30,11600,0" yaku="1,1,2,1,7,1,54,1,53,0" doraHai="48" doraHaiUra="65" who="2" fromWho="0" sc="229,-116,255,0,251,126,255,0" /><INIT seed="2,1,0,5,4,128" ten="113,255,377,255" oya="2" hai0="82,97,123,83,20,131,66,117,80,18,81,61,116" hai1="2,5,30,134,36,120,119,125,12,37,88,99,16" hai2="21,77,90,106,22,9,126,17,60,108,27,40,124" hai3="98,42,118,64,68,113,19,23,95,103,115,1,89"/><V41/><F106/><W107/><G118/><T53/><N who="0" m="20992" /><DORA hai="105" /><T73/><D123/><U69/><E119/><V31/><F77/><W70/><G42/><T29/><D131/><U91/><E69/><V93/><F108/><W71/><G1/><T57/><D29/><U129/><E129/><V78/><F78/><W43/><G43/><T114/><D114/><N who="3" m="43529" /><G64/><T33/><D33/><U32/><E120/><V100/><F100/><W26/><G71/><T101/><D73/><U92/><E125/><N who="2" m="48235" /><F9/><W62/><G62/><T63/><D63/><U74/><E74/><V39/><F60/><W46/><G46/><T102/><D102/><U8/><E134/><V0/><F0/><W25/><G25/><T58/><D58/><U59/><E91/><V85/><F39/><W51/><G51/><T75/><D75/><U111/><E59/><V121/><F121/><W3/><G3/><T87/><D87/><AGARI ba="1,0" hai="19,23,26,68,70,87,89,95,98,103,107" m="43529" machi="87" ten="30,1000,0" yaku="11,1" doraHai="128,105" who="3" fromWho="0" sc="113,-13,255,0,377,0,255,13" /><INIT seed="3,0,0,5,3,113" ten="100,255,377,268" oya="3" hai0="131,72,119,7,117,106,25,86,39,34,61,81,35" hai1="43,45,65,12,4,93,71,31,76,29,52,55,0" hai2="19,16,120,17,56,37,2,63,3,129,48,64,123" hai3="20,9,94,91,133,60,127,125,102,10,68,126,109"/><W77/><G109/><T47/><D106/><U128/><E128/><V13/><F37/><W21/><G77/><T5/><D72/><U22/><E0/><V46/><F129/><W75/><G75/><T11/><D131/><U105/><E105/><V73/><F73/><W70/><G133/><T30/><D35/><U28/><E71/><N who="3" m="27178" /><G102/><T44/><D61/><U130/><E130/><V134/><F134/><W53/><G60/><T66/><D66/><U87/><E65/><V79/><F79/><W98/><G53/><N who="1" m="20554" /><E43/><N who="2" m="24671" /><F13/><W38/><G38/><T116/><D39/><U74/><E45/><V62/><F62/><W110/><G110/><T114/><D114/><U27/><E74/><V121/><AGARI ba="0,0" hai="2,3,16,17,19,56,63,64,120,121,123" m="24671" machi="121" ten="40,2700,0" yaku="13,1,54,1" doraHai="113" who="2" fromWho="2" sc="100,-7,255,-7,377,27,268,-13" owari="93,-41.0,248,-15.0,404,50.0,255,6.0" /></mjloggm>