<mjloggm ver="2.3"><GO type="97" lobby="0"/><UN n0="%E6%83%85%E5%A0%B1%E5%B1%80" n1="%4C%4A" n2="%6C%61%67%75%6E%61%2E" n3="%E5%B0%B1%E6%B4%BB%E7%94%9F%40%E5%B7%9D%E6%9D%91%E8%BB%8D%E5%9B%A3" dan="14,14,15,15" rate="1929.84,1969.61,2005.48,2056.99" sx="M,M,M,M"/><TAIKYOKU oya="0"/><INIT seed="0,0,0,1,2,64" ten="250,250,250,250" oya="0" hai0="78,59,116,102,70,68,44,30,106,69,63,135,126" hai1="81,87,114,54,130,95,4,14,39,36,80,90,98" hai2="21,113,48,8,49,22,83,6,79,53,42,0,101" hai3="127,17,56,9,16,91,121,99,133,105,46,38,86"/><T43/><D116/><U124/><E114/><V92/><F113/><W25/><G121/><T132/><D78/><U118/><E118/><V112/><F112/><W60/><G127/><T134/><D126/><U73/><E124/><V67/><F67/><W123/><G133/><T104/><D102/><U72/><E54/><V125/><F125/><W40/><G123/><T26/><D63/><U12/><E4/><V3/><F3/><W27/><G99/><T84/><D84/><U50/><E50/><V96/><F42/><W47/><G105/><T34/><D59/><U107/><E12/><V65/><F65/><W103/><G103/><T122/><D122/><U5/><E14/><V10/><F10/><W71/><G71/><T35/><D35/><U24/><E24/><V77/><F77/><W1/><G1/><T37/><AGARI ba="0,0" hai="26,30,34,37,43,44,68,69,70,104,106,132,134,135" machi="37" ten="40,18000,2" yaku="0,1,20,1,23,2,52,3" doraHai="64" who="0" fromWho="0" sc="250,180,250,-60,250,-60,250,-60" /><INIT seed="0,1,0,0,0,63" ten="430,190,190,190" oya="0" hai0="120,19,122,130,21,50,72,48,53,39,113,22,4" hai1="37,9,58,119,75,115,12,80,99,111,88,128,3" hai2="17,129,24,60,79,52,125,41,78,76,8,73,87" hai3="96,100,26,70,103,38,124,54,18,27,135,29,69"/><T61/><D39/><U105/><E3/><V11/><F129/><W2/><G38/><T30/><D72/><U126/><E37/><V0/><F0/><W45/><G124/><T42/><D113/><U107/><E115/><V77/><F73/><W62/><G135/><T59/><D4/><U20/><E119/><V32/><F32/><W114/><G2/><T34/><D34/><U40/><E126/><V112/><F112/><W33/><G114/><T89/><D130/><U109/><E128/><V108/><F108/><N who="1" m="41545" /><E40/><V47/><F125/><W13/><G27/><T6/><D6/><N who="1" m="3127" /><E20/><N who="2" m="13327" /><F41/><W5/><G5/><T51/><D42/><U64/><E75/><V85/><N who="2" m="19456" /><DORA hai="84" /><V23/><F23/><W66/><G70/><T1/><D1/><U94/><E80/><V86/><F47/><W123/><G123/><T35/><D35/><U131/><E131/><V98/><F98/><W90/><G90/><T106/><D106/><N who="1" m="40459" /><E58/><N who="2" m="34887" /><F87/><W43/><G96/><T31/><D30/><U118/><E118/><V121/><F121/><W93/><G93/><T55/><D31/><U25/><E25/><V97/><F97/><W91/><G43/><T133/><D120/><U16/><E16/><V15/><F8/><W7/><G7/><AGARI ba="1,0" hai="7,11,15,85,86" m="34887,19456,13327" machi="7" ten="40,2600,0" yaku="8,1,54,1" doraHai="63,84" who="2" fromWho="3" sc="430,0,190,0,190,29,190,-29" /><INIT seed="1,0,0,2,1,98" ten="430,190,219,161" oya="1" hai0="50,59,58,45,89,70,20,63,115,64,86,88,108" hai1="14,75,39,9,119,122,65,116,110,114,19,82,71" hai2="31,112,134,28,29,107,77,8,10,87,111,4,79" hai3="49,94,105,68,56,21,42,128,69,102,57,2,121"/><U103/><E39/><V106/><F134/><W133/><G2/><T17/><D115/><U30/><E114/><V93/><F112/><W132/><G105/><T66/><D66/><U23/><E122/><V1/><F111/><W130/><G121/><T123/><D123/><U83/><E110/><V73/><F73/><W12/><G12/><T85/><D108/><U52/><E75/><V90/><REACH who="2" step="1"/><F8/><REACH who="2" ten="430,190,209,161" step="2"/><W95/><G21/><T118/><D20/><U81/><E119/><V135/><F135/><W91/><G132/><T101/><D118/><U24/><E116/><V99/><F99/><W51/><G133/><T13/><D70/><U0/><E71/><V60/><F60/><W16/><G130/><T120/><D63/><U38/><E0/><V6/><F6/><W74/><G128/><T97/><D97/><U18/><E65/><V44/><F44/><W35/><G74/><T129/><D45/><U62/><E38/><V40/><F40/><W7/><G35/><T67/><D64/><U54/><E62/><V43/><F43/><W126/><G7/><T33/><D67/><U48/><E54/><V113/><F113/><W3/><G3/><T124/><D33/><U22/><E48/><V76/><AGARI ba="0,1" hai="1,4,10,28,29,31,76,77,79,87,90,93,106,107" machi="76" ten="30,4000,0" yaku="1,1,0,1,53,1" doraHai="98" doraHaiUra="34" who="2" fromWho="2" sc="430,-10,190,-20,209,50,161,-10" /><INIT seed="2,0,0,2,5,55" ten="420,170,259,151" oya="2" hai0="44,56,20,50,119,134,59,79,37,31,41,0,76" hai1="38,9,34,12,103,27,116,133,5,77,15,106,49" hai2="105,114,21,4,126,132,122,36,127,65,42,11,113" hai3="17,107,93,7,73,26,43,54,112,84,47,81,109"/><V96/><F122/><W25/><G107/><T32/><D32/><U40/><E38/><V75/><F75/><W102/><G73/><T129/><D0/><U94/><E106/><V99/><F65/><W131/><G112/><T18/><D31/><U3/><E77/><V111/><F111/><W30/><G7/><T1/><D1/><U117/><E103/><N who="2" m="62695" /><F132/><W68/><G68/><T28/><D28/><N who="1" m="19743" /><E94/><V69/><F99/><W82/><G131/><T95/><D129/><U118/><E49/><V48/><F48/><W22/><G109/><T39/><D39/><U121/><E40/><V123/><F21/><W92/><G54/><T97/><D37/><U128/><E128/><V29/><F29/><W46/><G102/><N who="0" m="60735" /><D134/><U53/><E53/><V67/><F123/><W66/><G66/><T85/><D119/><N who="1" m="30467" /><U100/><DORA hai="130" /><E100/><V88/><F88/><W2/><G2/><T23/><D23/><U110/><E110/><V90/><F90/><W61/><G61/><T72/><D72/><U60/><E60/><N who="2" m="40167" /><F113/><W125/><G125/><T70/><D70/><U120/><E133/><V8/><F114/><W19/><G82/><N who="0" m="47303" /><D79/><U64/><E64/><V135/><F135/><W115/><G115/><T58/><D20/><U14/><AGARI ba="0,0" hai="3,5,9,12,14,15,120,121" m="30467,19743" machi="14" ten="50,3200,0" yaku="34,2" doraHai="55,130" who="1" fromWho="1" sc="420,-8,170,32,259,-16,151,-8" /><INIT seed="3,0,0,1,0,24" ten="412,202,243,143" oya="3" hai0="92,75,126,131,62,39,123,7,99,1,10,119,14" hai1="51,59,13,42,45,107,37,58,43,104,29,80,50" hai2="133,101,18,41,112,56,32,22,34,88,27,4,3" hai3="15,20,66,117,33,77,64,125,2,36,44,95,40"/><W63/><G2/><T115/><D39/><N who="1" m="21727" /><E80/><V46/><F112/><W28/><G117/><T109/><D75/><U93/><E29/><V94/><F101/><W16/><G125/><T82/><D119/><U124/><E13/><V132/><F56/><N who="1" m="21545" /><E93/><V116/><F116/><W19/><G77/><T71/><D123/><U135/><E104/><V48/><F4/><W65/><G19/><T111/><D126/><U54/><E107/><V121/><F121/><W17/><G17/><T108/><D1/><U76/><E76/><V134/><F3/><W87/><G63/><T47/><D47/><N who="1" m="24047" /><E124/><V84/><AGARI ba="0,0" hai="18,22,27,32,34,41,46,48,84,88,94,132,133,134" machi="84" ten="30,4000,0" yaku="0,1,20,1,54,1" doraHai="24" who="2" fromWho="2" sc="412,-10,202,-10,243,40,143,-20" owari="402,51.0,192,-21.0,283,8.0,123,-38.0" /></mjloggm>