<mjloggm ver="2.3"><GO type="97" lobby="0"/><UN n0="%E8%B5%A4%E8%A3%8F%E3%83%9B%E3%82%B7%E3%83%BC%E3%83%8E" n1="%E5%B0%B1%E6%B4%BB%E7%94%9F%40%E5%B7%9D%E6%9D%91%E8%BB%8D%E5%9B%A3" n2="%4B%2D%59%41%53" n3="%E3%83%94%E3%83%A8%E3%81%A3%E3%81%99" dan="16,15,15,14" rate="2123.43,1975.98,1958.59,1893.60" sx="M,M,M,M"/><TAIKYOKU oya="0"/><INIT seed="0,0,0,5,5,46" ten="250,250,250,250" oya="0" hai0="117,44,34,76,6,10,133,2,29,128,51,57,92" hai1="64,9,97,123,26,82,108,53,67,101,105,95,84" hai2="54,11,31,132,88,131,70,43,16,81,30,13,125" hai3="15,27,0,135,21,127,20,63,120,52,40,98,55"/><T111/><D117/><U104/><E123/><V80/><F70/><W85/><G0/><T77/><D133/><U119/><E119/><V25/><F132/><W39/><G127/><T38/><D128/><U126/><E126/><V110/><F125/><W74/><G74/><T42/><D111/><U28/><E108/><V73/><F110/><W60/><G120/><T107/><D107/><U68/><E9/><V35/><F131/><W8/><G39/><T86/><D34/><U79/><E53/><N who="3" m="20554" /><G40/><T36/><D29/><U19/><E19/><V48/><F43/><W116/><G116/><T134/><D57/><U109/><E109/><V94/><F31/><W33/><G33/><T115/><D115/><U118/><E118/><V91/><F73/><W129/><G129/><T3/><D3/><U100/><E100/><V62/><F62/><W1/><G1/><T24/><D24/><U96/><E68/><V75/><F91/><W99/><G85/><T66/><D66/><U18/><E18/><V47/><F75/><W69/><G69/><T37/><D134/><U12/><E104/><V41/><F41/><W65/><G65/><T71/><D71/><U114/><E114/><V78/><F78/><W124/><G124/><T49/><D49/><U72/><E67/><V103/><F103/><W112/><G112/><T32/><D32/><N who="1" m="20503" /><E64/><V50/><F50/><W102/><G102/><T90/><AGARI ba="0,0" hai="2,6,10,36,37,38,42,44,51,76,77,86,90,92" machi="90" ten="40,3900,0" yaku="0,1,52,1" doraHai="46" who="0" fromWho="0" sc="250,39,250,-13,250,-13,250,-13" /><INIT seed="0,1,0,0,0,2" ten="289,237,237,237" oya="0" hai0="86,89,92,77,102,135,81,35,110,109,123,25,47" hai1="87,10,40,7,60,36,90,24,20,114,127,1,31" hai2="104,28,39,97,11,38,126,122,91,106,42,41,65" hai3="17,19,94,95,22,78,121,130,75,131,26,119,79"/><T56/><D123/><U101/><E127/><V100/><F122/><W71/><G71/><T125/><D125/><U111/><E111/><N who="0" m="42505" /><D47/><U134/><E134/><V120/><F126/><W112/><G119/><T67/><D135/><U0/><E114/><V8/><F120/><W44/><G112/><T76/><D67/><U74/><E74/><V43/><F65/><W105/><G105/><T64/><D64/><U49/><E101/><V16/><F106/><W116/><G116/><T98/><D56/><U80/><E60/><V45/><F28/><AGARI ba="1,0" hai="25,28,35,76,77,81,86,89,92,98,102" m="42505" machi="28" ten="30,2900,0" yaku="14,1,10,1" doraHai="2" who="0" fromWho="2" sc="289,32,237,0,237,-32,237,0" /><INIT seed="0,2,0,3,3,118" ten="321,237,205,237" oya="0" hai0="105,71,43,76,40,73,72,119,104,87,130,81,19" hai1="55,17,78,26,21,15,129,25,47,94,96,59,50" hai2="56,122,74,4,60,135,91,64,54,93,35,133,44" hai3="41,22,24,124,2,32,70,84,100,116,33,66,48"/><T6/><D119/><U42/><E129/><V13/><F74/><W28/><G2/><T131/><D71/><U37/><REACH who="1" step="1"/><E78/><REACH who="1" ten="321,227,205,237" step="2"/><V7/><F35/><N who="3" m="20871" /><G116/><T75/><D6/><U115/><E115/><V77/><F77/><W57/><G32/><T61/><D19/><U31/><E31/><V5/><F122/><W114/><G33/><T103/><D131/><U97/><E97/><N who="2" m="57535" /><F13/><W52/><G114/><T11/><D130/><U83/><E83/><V125/><F125/><W106/><G124/><T49/><D81/><U101/><AGARI ba="2,1" hai="15,17,21,25,26,37,42,47,50,55,59,94,96,101" machi="101" ten="20,5200,0" yaku="1,1,0,1,7,1,53,1" doraHai="118" doraHaiUra="36" who="1" fromWho="1" sc="321,-28,227,68,205,-15,237,-15" /><INIT seed="1,0,0,0,2,3" ten="293,295,190,222" oya="1" hai0="0,130,54,77,15,28,8,44,5,63,83,109,20" hai1="119,116,98,92,103,90,101,112,91,4,94,117,52" hai2="1,59,122,13,113,134,38,88,64,14,87,56,133" hai3="93,81,46,7,89,37,71,126,132,118,17,65,68"/><U86/><E112/><V36/><F122/><W41/><G118/><T25/><D109/><U43/><E43/><V128/><F1/><W45/><G126/><T48/><D130/><U127/><E127/><V23/><F128/><W61/><G81/><T70/><D70/><U82/><E4/><V6/><F113/><W75/><G75/><T131/><D131/><U69/><E69/><V33/><F33/><W72/><G72/><T10/><D63/><U99/><REACH who="1" step="1"/><E52/><REACH who="1" ten="293,285,190,222" step="2"/><V27/><F64/><W60/><G7/><T125/><D125/><U26/><E26/><V100/><F6/><W120/><G68/><T32/><D10/><U50/><E50/><V124/><F124/><W96/><G120/><T42/><D42/><U85/><E85/><V51/><F51/><W67/><G67/><T80/><D77/><AGARI ba="0,1" hai="77,82,86,90,91,92,94,98,99,101,103,116,117,119" machi="77" ten="40,12000,1" yaku="1,1,9,1,34,3,53,0" doraHai="3" doraHaiUra="18" who="1" fromWho="0" sc="293,-120,285,130,190,0,222,0" /><INIT seed="1,1,0,5,1,111" ten="173,415,190,222" oya="1" hai0="19,134,74,106,102,104,59,90,87,70,84,105,108" hai1="52,85,61,3,80,28,22,56,129,121,36,82,83" hai2="49,65,135,112,21,103,30,62,48,35,131,41,7" hai3="10,127,63,6,60,91,58,130,78,2,1,94,47"/><U37/><E121/><V43/><F35/><W12/><G78/><T116/><D70/><U66/><E3/><V13/><F135/><W124/><G47/><T50/><D108/><U53/><E129/><V67/><F131/><W126/><G130/><T119/><D134/><U107/><E107/><N who="0" m="27393" /><T120/><DORA hai="115" /><D19/><U9/><E9/><N who="2" m="4287" /><F112/><W42/><G42/><N who="2" m="15881" /><F103/><W98/><G63/><T51/><D59/><U71/><E71/><V26/><F62/><W109/><G109/><T4/><D4/><U97/><E97/><V69/><F69/><W24/><G24/><T33/><D33/><U125/><E125/><V44/><F44/><W133/><G133/><T14/><D14/><U92/><E37/><V40/><N who="2" m="15889" /><V5/><DORA hai="122" /><F5/><W20/><REACH who="3" step="1"/><G20/><REACH who="3" ten="173,415,190,212" step="2"/><T132/><D132/><U123/><E123/><V96/><F96/><W0/><G0/><T8/><D120/><U76/><E76/><V89/><F89/><W93/><G93/><T88/><D102/><U23/><E23/><V99/><F99/><W118/><G118/><N who="0" m="45099" /><D74/><U16/><E22/><V75/><F75/><W38/><G38/><T31/><D31/><U77/><E28/><V86/><F86/><N who="0" m="32810" /><D8/><U34/><E36/><V18/><F30/><W29/><G29/><T79/><D79/><U72/><E77/><V15/><F26/><W55/><AGARI ba="1,1" hai="1,2,6,10,12,55,58,60,91,94,98,124,126,127" machi="55" ten="30,8000,1" yaku="1,1,0,1,18,1,53,2" doraHai="111,115,122" doraHaiUra="11,46,95" who="3" fromWho="3" sc="173,-21,415,-41,190,-21,212,93" /><INIT seed="2,0,0,5,5,40" ten="152,374,169,305" oya="2" hai0="16,109,73,128,120,118,131,28,68,121,19,127,91" hai1="34,74,58,75,126,99,89,47,17,49,119,98,60" hai2="56,122,134,78,90,129,1,79,71,67,82,97,76" hai3="125,94,108,130,7,35,81,100,70,115,53,8,72"/><V31/><F71/><W44/><G35/><T57/><D68/><U69/><E119/><V101/><F1/><W30/><G70/><T29/><D118/><U62/><E34/><V114/><F31/><N who="0" m="11850" /><D73/><U4/><E126/><V0/><F0/><W111/><G30/><T9/><D57/><U48/><E69/><V103/><F114/><W32/><G32/><T95/><D95/><U65/><E4/><V45/><F122/><N who="0" m="47210" /><D91/><U66/><E17/><N who="0" m="6729" /><D127/><U106/><E49/><V23/><F23/><W55/><G72/><T27/><D27/><U85/><E106/><V133/><F129/><N who="0" m="49738" /><D109/><U84/><E75/><V10/><F67/><W92/><G94/><T104/><D9/><U25/><E74/><V13/><F56/><W43/><G8/><T21/><D21/><U3/><E25/><V14/><F45/><W42/><G44/><T22/><D22/><U132/><E89/><V39/><F39/><W112/><G125/><T110/><D110/><U2/><E58/><V46/><F46/><W36/><G36/><T93/><D93/><U80/><E47/><V77/><F90/><W63/><G92/><T123/><N who="0" m="47218" /><T38/><DORA hai="6" /><D38/><U83/><E48/><V96/><F82/><W18/><G81/><T102/><D102/><N who="2" m="38922" /><F79/><W41/><G100/><T135/><D135/><AGARI ba="0,0" hai="2,3,60,62,65,66,80,83,84,85,98,99,132,135" machi="135" ten="25,1600,0" yaku="22,2" doraHai="40,6" who="1" fromWho="0" sc="152,-16,374,16,169,0,305,0" /><BYE who="0" /><INIT seed="3,0,0,2,4,114" ten="136,390,169,305" oya="3" hai0="21,96,115,123,41,135,28,116,122,29,104,76,70" hai1="95,83,75,105,124,107,35,130,46,44,20,36,77" hai2="31,68,27,8,6,42,89,118,17,47,4,38,11" hai3="102,111,67,51,43,9,121,112,48,40,81,132,49"/><W93/><G121/><T65/><D65/><U53/><E35/><V19/><F68/><W16/><G112/><T33/><D33/><U109/><E109/><V15/><F118/><W34/><G34/><T125/><D125/><U101/><E124/><V78/><F78/><W30/><G132/><T98/><D98/><U103/><E130/><V13/><REACH who="2" step="1"/><F89/><REACH who="2" ten="136,390,159,305" step="2"/><W25/><G111/><T18/><D18/><U69/><E69/><V88/><F88/><W106/><G102/><T54/><D54/><U110/><E103/><V2/><F2/><W7/><G16/><T92/><D92/><U113/><E53/><V12/><F12/><N who="3" m="5183" /><G93/><T126/><D126/><U117/><E95/><V10/><F10/><W22/><G106/><T63/><D63/><U108/><E101/><V91/><F91/><W129/><G129/><T87/><D87/><U133/><E46/><V71/><F71/><W66/><G81/><T131/><D131/><U100/><E20/><AGARI ba="0,1" hai="4,6,8,11,13,15,17,19,20,27,31,38,42,47" machi="20" ten="30,3900,0" yaku="1,1,7,1,9,1,53,0" doraHai="114" doraHaiUra="52" who="2" fromWho="1" sc="136,0,390,-39,159,49,305,0" owari="136,-36.0,351,44.0,208,-19.0,305,11.0" /></mjloggm>