<mjloggm ver="2.3"><GO type="169" lobby="0"/><UN n0="%E3%81%8A%E3%81%98%E3%81%95%E3%82%93" n1="%E3%81%A0%E3%81%A3%E3%81%A6%E3%81%84%E3%81%86" n2="%E3%82%A6%E3%83%AB%E3%83%88%E3%83%A9%E7%AB%8B%E7%9B%B4" n3="%72%79%6F%E2%80%A6%31%35" dan="18,17,17,17" rate="2204.35,2203.22,2121.53,2150.76" sx="M,M,M,M"/><TAIKYOKU oya="0"/><INIT seed="0,0,0,2,0,20" ten="250,250,250,250" oya="0" hai0="53,36,94,90,24,105,45,37,130,100,124,65,2" hai1="109,132,128,95,63,111,52,78,118,16,58,85,77" hai2="38,50,98,30,32,74,71,99,28,10,4,1,8" hai3="29,67,104,3,72,59,46,40,26,41,73,125,122"/><T17/><D2/><U87/><E118/><V92/><F38/><W57/><G104/><T7/><D7/><U76/><E132/><V120/><F74/><W39/><G3/><T91/><D105/><U82/><E128/><V126/><F71/><W88/><G41/><T89/><D130/><U119/><E119/><V43/><F120/><W133/><G133/><T22/><D65/><U83/><E95/><V62/><F32/><W55/><G125/><T23/><D124/><U80/><REACH who="1" step="1"/><E16/><REACH who="1" ten="250,240,250,250" step="2"/><V113/><F92/><W13/><G122/><T86/><D100/><U12/><E12/><V96/><F126/><W18/><G13/><N who="0" m="9519" /><D36/><U33/><E33/><V42/><F10/><W11/><G18/><N who="0" m="12407" /><D37/><U131/><E131/><V84/><F8/><W21/><G11/><T70/><D70/><U27/><E27/><V0/><F0/><W19/><G19/><T44/><D94/><U68/><E68/><V93/><F1/><W103/><G103/><T129/><D129/><U135/><E135/><V134/><F134/><W81/><G26/><T107/><D107/><U54/><E54/><V115/><F93/><W6/><G55/><T75/><D53/><U123/><E123/><V31/><F4/><W112/><G6/><T101/><D101/><U97/><E97/><V64/><F99/><W47/><G39/><T49/><D45/><U110/><AGARI ba="0,1" hai="52,58,63,76,77,78,80,82,83,85,87,109,110,111" machi="110" ten="40,12000,2" yaku="1,1,0,1,29,2,14,1,54,1,53,1" doraHai="20" doraHaiUra="48" who="1" fromWho="1" sc="250,-60,240,130,250,-30,250,-30" /><INIT seed="1,0,0,1,1,105" ten="190,370,220,220" oya="1" hai0="108,49,85,46,92,116,55,19,64,14,25,35,58" hai1="66,132,29,45,41,38,130,117,40,86,3,62,53" hai2="33,6,75,129,12,99,109,87,18,101,15,120,123" hai3="7,102,28,52,78,131,56,43,128,59,122,89,104"/><U112/><E3/><V90/><F33/><W22/><G122/><T74/><D116/><U83/><E112/><V76/><F6/><W106/><G7/><T93/><D108/><U51/><E117/><V73/><F15/><W42/><G78/><T97/><D74/><N who="2" m="28170" /><F12/><W21/><G89/><N who="0" m="53295" /><D35/><U13/><E132/><V44/><F18/><W10/><G102/><N who="0" m="60719" /><D25/><U9/><E130/><V36/><F44/><W103/><G103/><T82/><D82/><U118/><E29/><V125/><F36/><W20/><G20/><N who="0" m="11383" /><D64/><U124/><E38/><V0/><F0/><W69/><G10/><T115/><D115/><U23/><E23/><V127/><F76/><W100/><G100/><T26/><D26/><U96/><E9/><V32/><F129/><W16/><G28/><T126/><D126/><N who="2" m="48138" /><F109/><W31/><G31/><T79/><D79/><U81/><E124/><V60/><F60/><W8/><G16/><T133/><D133/><U72/><E45/><AGARI ba="0,0" hai="45,46,49,55,58" m="11383,60719,53295" machi="45" ten="30,2000,0" yaku="25,1,8,1" doraHai="105" who="0" fromWho="1" sc="190,20,370,-20,220,0,220,0" /><INIT seed="2,0,0,1,5,63" ten="210,350,220,220" oya="2" hai0="56,20,17,101,64,35,117,133,3,46,47,105,28" hai1="24,6,87,12,81,129,30,127,38,32,96,123,82" hai2="98,115,25,77,44,80,67,91,7,41,76,103,37" hai3="57,49,126,43,68,135,19,48,124,10,4,73,90"/><V60/><F115/><W62/><G73/><T112/><D3/><U85/><E123/><V69/><F7/><W99/><G68/><T86/><D112/><U2/><E2/><V114/><F114/><W72/><G72/><T5/><D117/><U89/><E38/><V122/><F122/><W40/><G19/><T116/><D116/><U18/><E129/><V74/><F25/><W34/><G34/><T79/><D5/><U100/><E6/><V113/><F113/><W108/><G108/><T128/><D128/><U88/><E127/><V26/><F26/><W13/><G135/><T23/><D35/><U59/><E59/><V39/><F77/><W75/><G75/><T27/><D133/><U118/><E118/><V55/><F55/><W132/><G132/><T31/><D101/><U58/><E58/><V83/><F83/><W9/><G9/><T106/><D106/><U8/><E100/><V29/><F29/><N who="0" m="11338" /><D23/><U21/><REACH who="1" step="1"/><E96/><REACH who="1" ten="210,340,220,220" step="2"/><V0/><F0/><W84/><G99/><T53/><D56/><U1/><E1/><V66/><F66/><N who="3" m="39247" /><G126/><T102/><D64/><U111/><E111/><V125/><F125/><W104/><G124/><T109/><D109/><U92/><E92/><V61/><F61/><W15/><G104/><T120/><D105/><U52/><E52/><V78/><F37/><W51/><G15/><T134/><D134/><U22/><AGARI ba="0,1" hai="8,12,18,21,22,24,30,32,81,82,85,87,88,89" machi="22" ten="30,12000,2" yaku="1,1,0,1,9,1,54,1,53,2" doraHai="63" doraHaiUra="16" who="1" fromWho="1" sc="210,-30,340,130,220,-60,220,-30" /><INIT seed="3,0,0,3,0,114" ten="180,470,160,190" oya="3" hai0="44,1,105,81,101,2,88,46,41,57,40,85,74" hai1="126,94,93,32,65,108,92,116,21,132,13,98,18" hai2="125,79,123,134,87,66,28,26,100,82,54,11,78" hai3="62,36,84,135,103,122,50,124,31,9,14,90,68"/><W118/><G36/><T121/><D121/><U48/><E32/><V25/><F125/><W59/><G122/><T52/><D74/><U39/><E39/><V117/><F117/><W5/><G124/><T45/><D101/><U71/><E116/><V58/><F134/><W130/><G135/><T76/><D105/><U96/><E108/><V16/><F123/><W77/><G130/><T33/><D33/><U34/><E34/><V110/><F110/><W19/><G31/><T55/><D55/><U97/><E132/><V10/><F66/><W53/><G118/><T83/><D1/><U60/><E126/><V129/><F129/><W73/><G103/><T109/><D2/><U24/><E48/><V23/><F100/><W29/><G29/><T3/><D3/><U63/><E63/><V43/><F43/><N who="0" m="16458" /><D109/><U119/><E119/><V37/><F37/><W22/><G77/><T35/><D35/><U56/><E71/><V0/><F0/><W112/><G73/><T4/><D4/><U51/><E51/><N who="2" m="31071" /><F79/><W20/><G112/><T49/><D76/><U120/><E120/><V113/><F113/><W75/><G75/><T95/><AGARI ba="0,0" hai="44,45,46,49,52,57,81,83,85,88,95" m="16458" machi="95" ten="30,4000,0" yaku="8,1,54,2" doraHai="114" who="0" fromWho="0" sc="180,40,470,-10,160,-10,190,-20" /><INIT seed="4,0,0,0,2,113" ten="220,460,150,170" oya="0" hai0="119,107,65,47,86,126,40,83,53,60,3,90,38" hai1="57,96,15,122,21,80,71,100,85,48,10,67,2" hai2="61,75,69,45,111,112,106,87,82,34,123,129,62" hai3="0,77,28,132,63,56,11,114,116,59,99,50,16"/><T12/><D3/><U17/><E122/><V33/><F87/><W51/><G114/><T30/><D107/><U19/><E71/><V7/><F62/><W94/><G132/><T1/><D1/><U26/><E2/><V127/><F7/><W39/><G39/><T4/><D126/><U109/><E109/><V135/><F82/><W46/><G77/><T52/><D119/><U103/><E96/><V37/><F61/><W91/><G116/><T125/><D125/><U58/><E67/><V66/><F45/><W118/><G118/><T92/><D30/><U76/><E48/><V29/><F66/><W81/><G28/><T64/><D64/><U44/><E44/><V27/><F27/><W14/><G0/><T22/><D83/><U25/><E25/><V35/><F29/><W105/><G105/><T79/><D79/><U54/><E54/><V133/><F35/><W18/><G81/><T98/><D98/><U101/><AGARI ba="0,0" hai="10,15,17,19,21,26,57,58,76,80,85,100,101,103" machi="101" ten="30,2000,0" yaku="0,1,8,1" doraHai="113" who="1" fromWho="1" sc="220,-10,460,20,150,-5,170,-5" /><INIT seed="5,0,0,4,2,68" ten="210,480,145,165" oya="1" hai0="56,3,46,98,14,44,133,15,41,57,77,103,119" hai1="122,4,26,74,24,125,84,71,9,32,79,85,10" hai2="2,87,117,100,45,72,31,104,134,115,47,128,66" hai3="75,63,29,27,91,36,40,22,86,20,130,6,43"/><U21/><E71/><V54/><F72/><W97/><G75/><T73/><D3/><U70/><E70/><V116/><F2/><W35/><G130/><T123/><D119/><N who="2" m="45642" /><F87/><W95/><G6/><T90/><D133/><U69/><E69/><V94/><F94/><W96/><G63/><T88/><D77/><U118/><E122/><V102/><F104/><W28/><G35/><T120/><D73/><U80/><E118/><V82/><F82/><W18/><G29/><T127/><D127/><U105/><E125/><V23/><F23/><W67/><G67/><T101/><D41/><N who="3" m="15945" /><G36/><T11/><D11/><U106/><E32/><V65/><F31/><W58/><G58/><T8/><D8/><U49/><E4/><V62/><F62/><W42/><N who="3" m="15953" /><W135/><DORA hai="131" /><G135/><T34/><D34/><U76/><E74/><V52/><F128/><W53/><G22/><T51/><D51/><U110/><E49/><V126/><F126/><W81/><G28/><T30/><D30/><U113/><E21/><V39/><F39/><W121/><G121/><T60/><D60/><U0/><E0/><V92/><F134/><W19/><G81/><T99/><AGARI ba="0,0" hai="14,15,44,46,56,57,88,90,98,99,101,103,120,123" machi="99" ten="25,6400,0" yaku="0,1,22,2,54,1" doraHai="68,131" who="0" fromWho="0" sc="210,64,480,-32,145,-16,165,-16" /><INIT seed="6,0,0,3,3,106" ten="274,448,129,149" oya="2" hai0="28,62,90,11,37,68,86,76,70,129,50,36,111" hai1="55,133,100,97,93,19,118,46,113,115,33,117,49" hai2="72,38,123,120,135,47,35,59,108,42,8,31,27" hai3="131,4,71,94,89,3,22,126,69,124,2,21,67"/><V66/><F59/><W105/><G105/><T101/><D101/><U127/><E127/><N who="3" m="48682" /><G131/><T65/><D70/><N who="3" m="26633" /><G67/><T13/><D28/><U98/><E133/><V6/><F66/><W39/><G39/><T7/><D76/><U128/><E33/><V80/><F135/><W53/><G53/><T125/><D111/><U40/><E128/><V58/><F58/><W52/><G52/><T81/><D129/><U103/><E19/><V107/><F107/><W44/><G44/><T74/><D125/><U1/><E1/><N who="3" m="10" /><G4/><T121/><D37/><U132/><E55/><V24/><F108/><W0/><N who="3" m="18" /><W32/><DORA hai="102" /><G32/><T64/><D36/><U78/><E132/><V122/><F27/><W23/><G94/><T83/><D65/><U87/><E93/><V119/><F119/><W9/><G9/><T60/><D64/><U84/><E46/><V92/><F92/><W104/><G104/><T18/><D68/><U25/><E25/><V14/><REACH who="2" step="1"/><F80/><REACH who="2" ten="274,448,119,149" step="2"/><W41/><G89/><T30/><D83/><U63/><E118/><V20/><F20/><W26/><G41/><T110/><D81/><U82/><E117/><V114/><F114/><W109/><G109/><T5/><D110/><U96/><E115/><V73/><AGARI ba="0,1" hai="6,8,14,24,31,35,38,42,47,72,73,120,122,123" machi="73" ten="40,12000,1" yaku="1,1,0,1,52,2,53,1" doraHai="106,102" doraHaiUra="43,134" who="2" fromWho="2" sc="274,-40,448,-40,119,130,149,-40" /><INIT seed="6,1,0,0,1,111" ten="234,408,249,109" oya="2" hai0="6,84,47,82,134,25,22,105,17,1,104,37,101" hai1="50,73,51,89,12,70,64,100,61,38,26,72,118" hai2="62,66,2,131,49,116,5,7,63,85,129,114,30" hai3="35,67,15,124,92,52,130,74,127,46,39,32,97"/><V33/><F116/><W93/><G74/><T102/><D134/><U11/><E38/><V28/><F49/><N who="3" m="28727" /><G39/><T20/><D104/><U117/><E100/><V86/><F66/><W96/><G67/><T98/><D102/><U107/><E107/><V135/><F33/><W113/><G130/><T75/><D75/><U115/><E26/><V59/><F59/><W31/><G31/><T45/><D37/><U78/><E73/><V42/><F42/><W133/><G133/><T77/><D6/><U99/><E72/><V21/><F21/><W79/><G79/><T43/><D1/><U109/><E78/><V60/><F60/><W69/><G69/><T119/><D43/><U65/><E61/><V56/><F56/><W125/><G15/><T58/><D119/><U103/><E12/><V68/><F135/><W71/><G71/><T10/><D10/><U83/><E70/><V76/><F68/><W108/><G108/><T91/><D58/><U95/><E109/><V40/><F40/><W19/><G19/><T16/><D77/><U94/><E64/><V0/><F76/><W36/><G36/><T112/><D47/><U4/><E65/><V55/><F55/><W13/><G13/><N who="0" m="9231" /><D45/><U3/><E118/><V53/><F53/><W110/><G110/><T132/><D132/><U41/><E117/><V81/><F81/><W122/><G122/><T121/><D121/><U48/><E83/><V88/><F88/><N who="3" m="55303" /><G124/><T54/><D54/><U34/><E34/><N who="3" m="12842" /><G127/><T44/><D44/><U120/><E120/><V29/><F29/><W9/><G125/><T87/><D87/><RYUUKYOKU ba="1,0" sc="234,15,408,-15,249,15,109,-15" hai0="17,22,25,82,84,91,98,101,105,112" hai2="0,2,5,7,28,30,62,63,85,86,114,129,131" /><INIT seed="6,2,0,5,4,128" ten="249,393,264,94" oya="2" hai0="53,122,124,14,35,61,131,127,130,31,52,134,59" hai1="90,125,82,41,91,108,94,126,111,4,86,88,15" hai2="67,2,89,7,114,40,36,119,106,32,43,10,104" hai3="24,85,83,117,19,20,28,93,47,5,72,112,26"/><V84/><F32/><W48/><G117/><T123/><D35/><U63/><E41/><V50/><F119/><W78/><G112/><T95/><D31/><U74/><E63/><V0/><F0/><W68/><G68/><T75/><D75/><U18/><E4/><V110/><F114/><W21/><G5/><T96/><D14/><U12/><E74/><V101/><F101/><W30/><G72/><T129/><D134/><U121/><E15/><V99/><F99/><W11/><G11/><T13/><D13/><U92/><E121/><N who="0" m="46089" /><D53/><U65/><E65/><V16/><F67/><W132/><G93/><N who="1" m="35946" /><E18/><V118/><F118/><W87/><G87/><T73/><D73/><U38/><E12/><V98/><F98/><W56/><G56/><T51/><D61/><U62/><E62/><V64/><F16/><W9/><G9/><T54/><D54/><U103/><E38/><V6/><F36/><W109/><G109/><N who="1" m="42058" /><E103/><AGARI ba="2,0" hai="51,52,59,95,96,103,124,127,129,130,131" m="46089" machi="103" ten="40,2600,0" yaku="19,1,54,1" doraHai="128" who="0" fromWho="1" sc="249,32,393,-32,264,0,94,0" /><INIT seed="7,0,0,4,0,6" ten="281,361,264,94" oya="3" hai0="104,10,26,58,41,86,20,44,97,89,34,55,84" hai1="17,93,54,95,5,12,8,50,21,111,40,30,39" hai2="0,47,59,135,51,65,88,103,115,82,98,57,71" hai3="81,72,129,125,27,62,133,24,126,68,116,119,32"/><W124/><G32/><T131/><D34/><U31/><E111/><V64/><F0/><W91/><G133/><T114/><D131/><U108/><E40/><N who="2" m="25063" /><F71/><W49/><G129/><T87/><D114/><U123/><E123/><V96/><F115/><W78/><G49/><N who="0" m="26767" /><D104/><U83/><E83/><V128/><F135/><W37/><G37/><T90/><D10/><U38/><E30/><V132/><F132/><W121/><G121/><T130/><D97/><N who="2" m="37482" /><F103/><W48/><G48/><N who="0" m="31079" /><D130/><U92/><E31/><AGARI ba="0,0" hai="20,26,31,84,86,87,89,90" m="31079,26767" machi="31" ten="30,1000,0" yaku="8,1" doraHai="6" who="0" fromWho="1" sc="281,10,361,-10,264,0,94,0" owari="291,9.0,351,46.0,264,-14.0,94,-41.0" /></mjloggm>