<mjloggm ver="2.3"><GO type="169" lobby="0"/><UN n0="%E3%81%BA%E3%82%8A%E3%81%8B%E3%82%93" n1="%E3%82%A6%E3%83%AB%E3%83%88%E3%83%A9%E7%AB%8B%E7%9B%B4" n2="%E3%81%BE%E3%82%8B" n3="%E8%A5%BF%E6%9D%91%E9%9B%84%E4%B8%80%E9%83%8E" dan="17,17,16,16" rate="2206.52,2112.79,2050.36,2136.09" sx="F,M,M,M"/><TAIKYOKU oya="0"/><INIT seed="0,0,0,0,1,45" ten="250,250,250,250" oya="0" hai0="135,128,3,88,65,34,46,106,73,67,130,47,74" hai1="55,87,90,31,39,124,33,115,8,5,14,52,109" hai2="118,53,7,125,80,131,17,126,38,68,117,92,70" hai3="28,69,27,111,84,104,79,12,94,9,15,83,105"/><T24/><D3/><U89/><E39/><V100/><F131/><N who="0" m="50218" /><D106/><U134/><E115/><V43/><F7/><W119/><G69/><N who="2" m="26729" /><F80/><W57/><G119/><N who="2" m="45577" /><F17/><W81/><G111/><T22/><D135/><U25/><E109/><V64/><F92/><W86/><G94/><T133/><D133/><U96/><E124/><N who="2" m="47723" /><F100/><W10/><G28/><N who="0" m="19719" /><D73/><U91/><E134/><V26/><F26/><W85/><G27/><T107/><D74/><U37/><E96/><V29/><F29/><W122/><G105/><T76/><D76/><U72/><E72/><V121/><F121/><W116/><G104/><T58/><D107/><U35/><E35/><V50/><F64/><W129/><G116/><T103/><D103/><U16/><E87/><V36/><F43/><W77/><G86/><T93/><D22/><U48/><E89/><V23/><F23/><W132/><G132/><T44/><D93/><U21/><E90/><V101/><F101/><W113/><G129/><T51/><D88/><U71/><E91/><V66/><F66/><W102/><G102/><T75/><D75/><U4/><E21/><V110/><F110/><W95/><G95/><T63/><D67/><U120/><E120/><V49/><F50/><AGARI ba="0,0" hai="44,46,47,50,51,58,63,65" m="19719,50218" machi="50" ten="30,5800,0" yaku="19,1,52,2" doraHai="45" who="0" fromWho="2" sc="250,58,250,0,250,-58,250,0" /><INIT seed="0,1,0,5,1,52" ten="308,250,192,250" oya="0" hai0="115,71,56,66,116,124,105,67,81,57,119,62,23" hai1="37,9,101,65,44,110,16,54,21,24,6,58,11" hai2="53,125,19,1,75,50,34,30,95,130,32,36,2" hai3="22,68,80,31,128,129,4,135,107,98,103,118,109"/><T39/><D105/><U0/><E110/><V18/><F75/><W10/><G68/><T117/><D81/><U70/><E70/><V38/><F125/><W25/><G118/><T78/><D78/><U112/><E112/><V120/><F120/><W46/><G135/><T102/><D102/><U83/><E101/><V40/><F40/><W104/><G109/><T96/><D96/><U51/><E11/><V59/><F130/><N who="3" m="50283" /><G46/><T14/><D115/><U69/><E69/><V94/><F30/><W134/><G80/><T47/><D23/><U93/><E93/><V33/><F95/><N who="3" m="58847" /><G134/><T86/><D86/><U79/><E65/><V64/><F64/><W89/><G89/><T55/><D124/><U61/><E37/><V111/><F94/><W73/><G73/><T7/><D67/><U43/><REACH who="1" step="1"/><E83/><REACH who="1" ten="308,240,192,250" step="2"/><V122/><F111/><W87/><G87/><T126/><D126/><U127/><E127/><V41/><F122/><W27/><G10/><T84/><D84/><U13/><E13/><V8/><F38/><W60/><G107/><T106/><D106/><U97/><E97/><V45/><REACH who="2" step="1"/><F1/><REACH who="2" ten="308,240,182,250" step="2"/><W28/><G104/><T74/><D74/><U123/><E123/><V42/><F42/><W91/><G91/><T99/><D39/><U113/><E113/><V82/><F82/><W76/><G76/><AGARI ba="1,2" hai="0,6,9,16,21,24,43,44,51,54,58,61,76,79" machi="76" ten="40,8000,1" yaku="1,1,52,1,54,1,53,1" doraHai="52" doraHaiUra="35" who="1" fromWho="3" sc="308,0,240,103,182,0,250,-83" /><INIT seed="1,0,0,2,4,28" ten="308,343,182,167" oya="1" hai0="117,88,66,118,113,33,101,12,133,75,30,109,130" hai1="54,55,89,19,103,65,24,17,16,68,69,53,39" hai2="56,82,62,76,63,126,67,91,83,8,37,50,23" hai3="60,120,18,7,34,29,15,108,58,9,59,35,41"/><U86/><E39/><V81/><F37/><W115/><G115/><T1/><D113/><U99/><E24/><V102/><F126/><W21/><G120/><T107/><D1/><U125/><E125/><V5/><F102/><W132/><G108/><T44/><D75/><U46/><E46/><V70/><F50/><W20/><G132/><T78/><D78/><U110/><E110/><V104/><F23/><W71/><G41/><T111/><D12/><U61/><E69/><V119/><F91/><W0/><G71/><T47/><D47/><U98/><REACH who="1" step="1"/><E103/><REACH who="1" ten="308,333,182,167" step="2"/><V42/><F70/><W51/><G58/><T112/><D111/><U131/><E131/><V40/><F56/><W80/><G51/><T74/><D109/><U64/><E64/><V73/><F67/><W100/><G100/><T128/><D130/><U31/><E31/><V22/><F63/><W95/><G59/><T94/><D128/><U27/><E27/><V79/><F62/><W84/><G60/><T90/><D44/><U52/><N who="1" m="13312" /><DORA hai="6" /><U2/><E2/><V93/><F73/><W49/><G49/><T114/><D74/><U11/><E11/><V105/><F8/><W124/><G124/><T96/><D66/><U26/><E26/><V77/><F79/><N who="3" m="46111" /><G29/><T3/><D30/><U97/><E97/><V14/><F76/><W92/><G21/><T135/><D114/><U121/><E121/><V25/><F22/><W129/><G129/><T127/><D112/><U123/><E123/><V10/><F77/><W87/><G87/><T48/><D127/><U57/><E57/><V38/><F38/><RYUUKYOKU ba="0,1" sc="308,-15,333,15,182,-15,167,15" hai1="16,17,19,61,65,68,86,89,98,99" hai3="0,7,9,15,18,20,34,35,92,95" /><INIT seed="1,1,1,2,2,70" ten="293,348,167,182" oya="1" hai0="106,122,7,121,108,15,79,59,13,116,89,14,36" hai1="114,117,49,129,86,21,94,105,88,120,63,55,44" hai2="75,3,76,112,103,18,16,58,119,9,82,60,111" hai3="34,17,135,61,56,37,74,91,67,51,90,41,47"/><U128/><E120/><N who="0" m="46185" /><D116/><U71/><E117/><V2/><F119/><W0/><G74/><T98/><D36/><U29/><E105/><V109/><F112/><W110/><G34/><T57/><D79/><U69/><E114/><V81/><F103/><W10/><G110/><N who="2" m="41993" /><F82/><W78/><G78/><T52/><D108/><U39/><E39/><V72/><F72/><W33/><G33/><T124/><D124/><U1/><E1/><N who="2" m="11" /><F9/><W42/><G135/><T132/><D132/><U22/><E22/><V27/><F27/><W54/><G42/><T65/><D65/><AGARI ba="1,1" hai="16,18,58,60,65,75,76,81" m="11,41993" machi="65" ten="30,2000,0" yaku="14,1,54,1" doraHai="70" who="2" fromWho="0" sc="293,-23,348,0,167,33,182,0" /><INIT seed="2,0,0,3,5,55" ten="270,348,200,182" oya="2" hai0="114,108,113,16,18,7,53,2,30,76,9,94,14" hai1="129,80,126,60,21,69,0,13,81,111,8,48,96" hai2="83,31,84,47,115,82,6,20,102,97,58,44,66" hai3="37,64,100,54,52,25,19,38,61,49,72,91,57"/><V99/><F115/><W123/><G123/><T50/><D108/><U67/><E126/><V130/><F130/><W71/><G72/><T27/><D76/><U128/><E111/><V132/><F132/><W122/><G122/><T74/><D74/><U101/><E48/><V24/><F6/><W125/><G125/><T93/><D113/><U65/><E65/><V133/><F133/><W45/><G100/><T32/><D114/><U59/><E69/><V17/><F17/><W118/><G118/><T51/><D51/><U77/><E21/><V95/><F99/><W1/><G1/><T107/><D107/><U109/><E0/><V119/><F119/><W131/><G131/><N who="1" m="50250" /><E77/><N who="2" m="46159" /><F83/><W98/><G19/><T85/><D85/><U23/><E23/><V124/><F124/><W90/><G25/><T134/><D134/><U104/><E109/><V26/><F26/><W116/><G116/><T11/><REACH who="0" step="1"/><D18/><AGARI ba="0,0" hai="8,13,18,59,60,67,80,81,96,101,104" m="50250" machi="18" ten="30,2000,0" yaku="19,1,52,1" doraHai="55" who="1" fromWho="0" sc="270,-20,348,20,200,0,182,0" /><INIT seed="3,0,0,4,5,83" ten="250,368,200,182" oya="3" hai0="15,66,45,4,123,6,135,129,1,36,46,131,101" hai1="72,116,31,49,37,41,7,119,38,118,89,60,22" hai2="20,27,48,56,11,127,102,117,0,35,95,47,12" hai3="61,52,130,122,63,82,104,75,62,34,134,100,80"/><W5/><G122/><T30/><D123/><U120/><E120/><V97/><F117/><W67/><G34/><T58/><D1/><U111/><E111/><V85/><F0/><W103/><G134/><T87/><D135/><U71/><E72/><V2/><F2/><W8/><G130/><N who="0" m="49675" /><D101/><N who="3" m="38985" /><G104/><T65/><D30/><U112/><E112/><V124/><F35/><W10/><G75/><T54/><D15/><U3/><E89/><V79/><F56/><W115/><G115/><T16/><D16/><U93/><E93/><V42/><F20/><W25/><G25/><T68/><D68/><U84/><E7/><N who="0" m="2601" /><D36/><U50/><E3/><V105/><F27/><W64/><G5/><T126/><D126/><N who="2" m="48170" /><F12/><W43/><G8/><T96/><D96/><U29/><E38/><V91/><F11/><W33/><G10/><T86/><D46/><U113/><E37/><V26/><F26/><W78/><G33/><T121/><D45/><U53/><E31/><V18/><F18/><W21/><G21/><T14/><D14/><U55/><E29/><V17/><F17/><W107/><G107/><T57/><D121/><U13/><E118/><V51/><F79/><W128/><G78/><T77/><D77/><U108/><E116/><V39/><AGARI ba="0,0" hai="39,42,47,48,51,85,91,95,97,102,105" m="48170" machi="39" ten="30,2000,0" yaku="18,1,52,1" doraHai="83" who="2" fromWho="2" sc="250,-5,368,-5,200,20,182,-10" /><INIT seed="4,0,0,5,2,126" ten="245,363,220,172" oya="0" hai0="81,88,18,95,3,38,82,87,89,0,77,68,58" hai1="39,135,14,104,59,47,16,125,50,28,122,70,99" hai2="94,92,60,62,24,63,69,72,128,31,120,114,11" hai3="32,76,97,64,45,29,134,74,116,52,4,109,30"/><T110/><D68/><U66/><E122/><V119/><F120/><W41/><G109/><T80/><D38/><U75/><E75/><V42/><F119/><W49/><G116/><T133/><D110/><U12/><E28/><V53/><F72/><W106/><G134/><T57/><D133/><U132/><E125/><V103/><F69/><W19/><G4/><T34/><D34/><U61/><E99/><N who="2" m="59879" /><F114/><W93/><G106/><T36/><D36/><U112/><E104/><V10/><F42/><W108/><G64/><T121/><D121/><U73/><E14/><V107/><F107/><W78/><G108/><T48/><D89/><U55/><E73/><V100/><F53/><W54/><G19/><T85/><D3/><U8/><E112/><V20/><F128/><W130/><G130/><T113/><D0/><U84/><E84/><V131/><F131/><W56/><G54/><N who="0" m="31943" /><D113/><U101/><E101/><V43/><F43/><AGARI ba="0,0" hai="8,12,16,39,43,47,50,55,59,61,66,70,132,135" machi="43" ten="40,5200,0" yaku="24,2,54,1" doraHai="126" who="1" fromWho="2" sc="245,0,363,52,220,-52,172,0" /><INIT seed="5,0,0,5,5,59" ten="245,415,168,172" oya="1" hai0="57,80,132,14,129,131,69,40,108,135,36,92,62" hai1="43,63,97,88,82,41,47,35,0,28,96,25,128" hai2="77,16,52,71,95,18,49,24,117,93,50,130,9" hai3="99,46,39,106,21,13,104,8,90,98,6,107,19"/><U12/><E128/><N who="0" m="49225" /><D108/><U116/><E0/><V64/><F130/><W11/><G39/><T23/><D92/><N who="2" m="35402" /><F71/><W76/><G90/><T54/><D80/><U53/><E116/><V27/><F117/><W68/><G68/><T29/><D14/><U119/><E119/><V45/><F77/><W67/><G67/><N who="0" m="41207" /><D23/><U30/><E30/><V61/><F50/><W118/><G118/><T3/><D29/><U15/><E15/><N who="2" m="7279" /><F18/><W120/><G76/><T65/><D65/><U17/><E96/><V100/><F100/><W72/><G72/><T105/><D105/><U5/><E97/><V133/><F133/><N who="0" m="51274" /><D3/><U56/><E5/><V102/><F102/><W103/><G99/><T34/><D34/><U126/><E82/><V83/><F83/><W123/><G98/><T91/><D91/><U115/><E88/><V66/><F66/><W125/><G103/><T38/><D40/><U122/><E43/><V55/><F64/><W31/><G31/><T37/><D37/><U127/><E41/><V20/><F20/><W94/><G94/><T74/><D74/><U2/><E2/><V10/><F10/><W86/><G11/><T4/><D4/><U81/><E81/><V58/><AGARI ba="0,0" hai="24,27,45,49,52,55,58,61" m="7279,35402" machi="58" ten="30,7900,0" yaku="8,1,52,1,54,2" doraHai="59" who="2" fromWho="2" sc="245,-20,415,-39,168,79,172,-20" /><INIT seed="6,0,0,2,3,20" ten="225,376,247,152" oya="2" hai0="79,84,13,130,89,109,107,37,111,87,28,64,93" hai1="61,74,35,15,40,21,46,62,53,101,45,22,76" hai2="55,12,132,127,63,80,73,50,104,2,105,122,120" hai3="116,92,1,98,11,91,18,96,49,60,118,57,129"/><V94/><F2/><W133/><G133/><T36/><D107/><U14/><E35/><V59/><F132/><W38/><G38/><T119/><D130/><U52/><E101/><V102/><F127/><W67/><G129/><T9/><D37/><U90/><E90/><V7/><F122/><W114/><G114/><T75/><D36/><U30/><E30/><V65/><F120/><W99/><G49/><T82/><D119/><U123/><E76/><V39/><F39/><W95/><G18/><T126/><D126/><U115/><E123/><V0/><F0/><W3/><G3/><T6/><D64/><U86/><E86/><V51/><F105/><W27/><G27/><T69/><D69/><U106/><E106/><V41/><F104/><W124/><G124/><T43/><D43/><U44/><E40/><V97/><F41/><W56/><G56/><T48/><D48/><N who="2" m="18474" /><F80/><W135/><G135/><T117/><D117/><U110/><E74/><V103/><F73/><W71/><G71/><T19/><D28/><U112/><E45/><V17/><F7/><W78/><G78/><T54/><D75/><U8/><E46/><V34/><F34/><W26/><G26/><T131/><D131/><U83/><E44/><V68/><F68/><W16/><G1/><T77/><D77/><U128/><E128/><V100/><F65/><W4/><G4/><T88/><D79/><U121/><E121/><V42/><F42/><W58/><G58/><T10/><D54/><U33/><E33/><V23/><AGARI ba="0,0" hai="12,17,23,55,59,63,94,97,100,102,103" m="18474" machi="23" ten="30,1500,0" yaku="8,1" doraHai="20" who="2" fromWho="2" sc="225,-5,376,-5,247,15,152,-5" /><INIT seed="6,1,0,2,2,83" ten="220,371,262,147" oya="2" hai0="25,33,39,32,30,70,6,133,43,2,20,89,19" hai1="40,94,23,50,69,42,24,125,21,46,13,103,77" hai2="47,35,72,4,90,95,60,48,1,129,87,100,121" hai3="96,14,5,61,128,97,12,11,38,15,135,10,31"/><V64/><F121/><W27/><G38/><T117/><D70/><U8/><E69/><V22/><F35/><W78/><G135/><T36/><D133/><U76/><E125/><V99/><F72/><W56/><G128/><T115/><D33/><U73/><E73/><V37/><F37/><W54/><G78/><T124/><D124/><U127/><E127/><V62/><F129/><W130/><G130/><T16/><D19/><N who="1" m="8615" /><E40/><N who="2" m="24679" /><F1/><W102/><G5/><T112/><D117/><U68/><E68/><V45/><F45/><W80/><G80/><T18/><D18/><N who="1" m="12343" /><E23/><V29/><F4/><W74/><G74/><T98/><D43/><U75/><E75/><V106/><F64/><W66/><G54/><T55/><D55/><U92/><E92/><V109/><F109/><W85/><G85/><T0/><D0/><U111/><E111/><V57/><F106/><W63/><G63/><N who="2" m="24105" /><F57/><W58/><G58/><T86/><D6/><U26/><E94/><N who="2" m="54623" /><F22/><W3/><G3/><T71/><D2/><U65/><E65/><V132/><F132/><W118/><G118/><T53/><D71/><U119/><E119/><V105/><F105/><W114/><G114/><N who="0" m="43563" /><D53/><U9/><E46/><V134/><F134/><W116/><G116/><T104/><D104/><U110/><E110/><V108/><F108/><W113/><G113/><T101/><D32/><U17/><E42/><V131/><F131/><W28/><G10/><T123/><D39/><U41/><E9/><V79/><F79/><W49/><G11/><T91/><D36/><U52/><E77/><V126/><F126/><W44/><G66/><RYUUKYOKU ba="1,0" sc="220,-10,371,-10,262,30,147,-10" hai2="29,95,99,100" /><INIT seed="6,2,0,4,0,110" ten="210,361,292,137" oya="2" hai0="100,92,22,56,112,109,50,66,41,106,101,129,73" hai1="49,19,11,46,104,103,79,117,10,33,133,102,62" hai2="0,132,18,57,51,24,116,85,81,78,21,37,59" hai3="94,9,105,98,114,17,54,74,97,135,38,90,43"/><V68/><F116/><W52/><G74/><T39/><D109/><U2/><E2/><V30/><F68/><W89/><G135/><T48/><D106/><U34/><E104/><V65/><F132/><W71/><G71/><T36/><D73/><U130/><E34/><V118/><F118/><W29/><G29/><T121/><D121/><U122/><E33/><V77/><F37/><W123/><G123/><T83/><D39/><U40/><E130/><V25/><F0/><W1/><G38/><T125/><D36/><U93/><E133/><V80/><F51/><W63/><G43/><T96/><D100/><U55/><E79/><V20/><REACH who="2" step="1"/><F65/><REACH who="2" ten="210,361,282,137" step="2"/><W13/><G1/><T86/><D50/><U67/><E67/><V42/><F42/><W119/><G119/><T32/><D66/><U95/><E117/><V88/><F88/><W16/><G63/><T8/><D48/><U53/><E40/><V4/><F4/><W3/><G3/><T91/><D41/><U131/><E122/><V7/><F7/><W84/><G54/><T72/><D91/><U69/><E69/><V5/><F5/><W6/><G52/><T58/><D129/><U108/><E131/><V27/><F27/><W87/><G90/><T35/><D58/><U126/><E49/><V134/><F134/><W120/><G120/><T64/><D56/><U44/><E108/><V47/><F47/><W14/><G6/><T60/><D64/><U75/><E62/><V15/><F15/><W70/><G70/><T111/><D60/><U28/><E46/><V12/><F12/><W61/><G14/><RYUUKYOKU ba="2,1" sc="210,-10,361,-10,282,30,137,-10" hai2="18,20,21,24,25,30,57,59,77,78,80,81,85" /><INIT seed="6,3,1,0,2,84" ten="200,351,312,127" oya="2" hai0="109,127,14,69,114,95,93,62,103,16,25,117,74" hai1="101,86,89,106,105,131,87,67,13,10,24,20,37" hai2="100,72,61,59,121,70,43,92,94,65,124,96,30" hai3="4,29,130,123,15,44,97,48,3,54,116,60,56"/><V39/><F121/><W36/><G123/><T63/><D109/><U42/><E106/><V125/><F72/><W51/><G116/><T50/><D74/><U26/><E105/><V41/><F70/><W118/><G118/><T27/><D117/><U40/><E101/><V82/><F82/><W55/><G130/><T19/><D114/><U34/><E34/><V108/><F108/><W133/><G133/><T28/><D127/><N who="2" m="48714" /><F39/><W122/><G122/><T80/><D80/><N who="1" m="49351" /><E67/><V23/><F94/><W49/><G3/><T66/><D95/><U88/><E37/><V12/><F12/><W2/><G2/><T1/><D1/><U17/><E131/><V83/><F83/><W119/><G119/><T57/><D66/><U75/><E75/><V35/><F35/><W52/><G29/><T38/><D38/><U64/><E64/><V104/><F104/><W90/><G36/><T7/><D28/><N who="1" m="17415" /><E26/><AGARI ba="3,1" hai="23,26,30,41,43,59,61,65,92,96,100" m="48714" machi="26" ten="30,2900,0" yaku="25,1,18,1" doraHai="84" who="2" fromWho="1" sc="200,0,351,-38,312,48,127,0" /><INIT seed="6,4,0,3,5,76" ten="200,313,360,127" oya="2" hai0="58,49,99,102,101,48,25,27,18,46,5,109,123" hai1="59,117,11,34,66,118,61,78,81,13,98,37,129" hai2="24,91,74,93,36,33,55,88,57,70,107,43,32" hai3="83,92,87,19,128,89,131,125,72,79,47,127,20"/><V26/><F70/><W50/><G20/><T73/><D109/><U132/><E34/><V52/><F107/><W10/><G10/><T86/><D73/><U22/><E37/><V114/><F36/><W135/><G19/><T110/><D110/><U77/><E129/><N who="3" m="49738" /><G50/><T68/><D68/><U121/><E132/><V42/><F57/><W116/><G47/><T115/><D115/><U108/><E108/><V8/><F8/><W130/><N who="3" m="49746" /><W9/><DORA hai="12" /><G9/><T1/><D123/><U84/><E121/><V82/><F93/><W96/><G116/><T0/><D5/><U69/><E69/><V122/><F122/><W2/><G2/><T56/><D46/><U4/><E22/><V21/><F21/><W35/><G35/><T95/><D18/><U119/><E118/><V100/><F100/><N who="3" m="60423" /><G135/><T133/><D133/><U7/><E7/><V134/><F134/><W75/><G75/><T103/><D1/><U94/><E119/><V41/><F74/><W53/><G53/><N who="0" m="31783" /><D0/><U112/><E117/><V106/><F43/><W3/><G3/><T6/><D6/><U124/><E4/><V105/><REACH who="2" step="1"/><F114/><REACH who="2" ten="200,313,350,127" step="2"/><W71/><G71/><T54/><D101/><N who="1" m="60631" /><E112/><V97/><F97/><W126/><G72/><T113/><D103/><U104/><E11/><V90/><F90/><AGARI ba="4,1" hai="79,83,87,89,90,125,126,127" m="60423,49746" machi="90" ten="50,8000,1" yaku="18,1,19,1,34,2,52,1" doraHai="76,12" who="3" fromWho="2" sc="200,0,313,0,350,-92,127,102" /><INIT seed="7,0,0,2,3,95" ten="200,313,258,229" oya="3" hai0="114,2,94,68,110,111,103,105,77,104,128,26,89" hai1="118,121,6,74,28,4,22,122,65,39,133,15,127" hai2="98,34,72,36,70,61,55,116,115,66,54,82,38" hai3="40,99,5,96,3,117,31,92,60,87,18,63,20"/><W58/><G117/><T126/><D68/><U24/><E74/><V43/><F116/><W42/><G31/><T90/><D2/><U125/><E39/><N who="2" m="14891" /><F34/><W71/><G71/><T64/><D64/><U27/><E65/><V109/><F72/><W135/><G135/><T50/><D50/><U51/><E51/><V124/><F82/><W86/><G5/><N who="1" m="2154" /><E133/><V79/><F79/><W16/><G3/><T41/><D41/><N who="3" m="15977" /><G18/><T134/><D134/><U32/><E15/><V45/><F109/><W83/><G92/><T7/><D7/><U73/><E73/><V14/><F14/><N who="3" m="9239" /><G87/><T8/><D110/><U19/><E118/><V46/><F124/><AGARI ba="0,0" hai="19,22,24,27,28,32,121,122,124,125,127" m="2154" machi="124" ten="30,3900,0" yaku="18,1,34,2" doraHai="95" who="1" fromWho="2" sc="200,0,313,39,258,-39,229,0" owari="200,-30.0,352,45.0,219,-18.0,229,3.0" /></mjloggm>