<mjloggm ver="2.3"><GO type="97" lobby="0"/><UN n0="%E5%B0%B1%E6%B4%BB%E7%94%9F%40%E5%B7%9D%E6%9D%91%E8%BB%8D%E5%9B%A3" n1="%74%65%72%75%2D" n2="%E3%80%90%E3%82%BF%E3%82%A4%E3%82%BE%E3%82%A6%E3%80%91" n3="%E3%81%95%E3%81%8F%E5%9D%8A" dan="14,13,13,13" rate="2010.65,1801.74,1903.24,1867.60" sx="M,M,M,M"/><TAIKYOKU oya="0"/><INIT seed="0,0,0,4,0,101" ten="250,250,250,250" oya="0" hai0="28,80,89,66,79,36,99,38,56,117,19,95,43" hai1="132,26,96,73,85,78,131,107,55,102,64,30,70" hai2="111,103,127,90,21,60,133,83,112,134,12,68,47" hai3="11,15,75,0,119,48,18,33,7,8,81,5,52"/><T13/><D117/><U93/><E131/><V104/><F112/><W71/><G119/><T24/><D43/><U51/><E132/><N who="2" m="50795" /><F127/><W98/><G71/><T32/><D66/><U58/><E70/><V82/><F111/><W67/><G67/><T114/><D56/><U31/><E64/><V35/><F35/><W10/><G33/><T46/><D46/><U123/><E123/><V126/><F126/><W77/><G98/><T130/><D130/><U72/><E31/><V110/><F68/><W22/><G8/><T29/><D29/><U122/><E122/><V128/><F60/><W124/><G124/><T14/><D114/><U129/><E129/><V106/><F103/><W6/><REACH who="3" step="1"/><G0/><REACH who="3" ten="250,250,250,240" step="2"/><T113/><D113/><U125/><E125/><V118/><F118/><W115/><G115/><T62/><D62/><U40/><E40/><V105/><F128/><W97/><G97/><T108/><D108/><U39/><E39/><V84/><F110/><W59/><AGARI ba="0,1" hai="5,6,7,10,11,15,18,22,48,52,59,75,77,81" machi="59" ten="30,4000,0" yaku="1,1,0,1,54,1,53,0" doraHai="101" doraHaiUra="88" who="3" fromWho="3" sc="250,-20,250,-10,250,-10,240,50" /><INIT seed="1,0,0,0,1,52" ten="230,240,240,290" oya="1" hai0="90,111,89,113,69,128,39,126,67,107,37,54,62" hai1="88,17,24,23,122,25,121,2,31,48,86,21,81" hai2="108,55,95,80,58,7,19,106,43,8,76,1,53" hai3="34,125,98,115,94,129,30,11,46,74,63,135,72"/><U83/><E2/><V26/><F106/><W123/><G123/><T91/><D113/><U101/><E101/><V42/><F108/><W61/><G115/><T59/><D107/><U20/><E20/><V84/><F55/><W0/><G125/><T117/><D117/><U56/><E83/><V132/><F132/><W22/><G34/><T5/><D111/><U114/><E114/><V29/><F95/><W68/><G46/><T119/><D119/><U96/><E96/><V12/><F1/><W15/><G0/><T49/><D126/><U82/><E82/><V87/><F87/><W118/><G129/><T44/><D128/><U35/><E35/><V120/><F120/><W38/><G38/><T130/><D130/><U3/><E3/><V79/><F79/><W75/><G68/><T16/><D5/><U28/><E17/><V64/><F64/><W70/><G70/><T133/><D133/><U27/><E27/><V93/><F93/><W13/><G135/><T100/><D100/><U41/><E41/><V51/><REACH who="2" step="1"/><F7/><REACH who="2" ten="230,240,230,290" step="2"/><W18/><G118/><T124/><D124/><U110/><E110/><V57/><F57/><W50/><G72/><T109/><D109/><U45/><E45/><V99/><F99/><W65/><G74/><T32/><D69/><U14/><E14/><V127/><F127/><W71/><G75/><T97/><D97/><U10/><E10/><V4/><F4/><W116/><G116/><T131/><D131/><U78/><E78/><V36/><F36/><N who="0" m="13898" /><D32/><AGARI ba="0,1" hai="8,12,19,26,29,32,42,43,51,53,58,76,80,84" machi="32" ten="30,3900,0" yaku="1,1,7,1,52,1,53,0" doraHai="52" doraHaiUra="102" who="2" fromWho="0" sc="230,-39,240,0,230,49,290,0" /><INIT seed="2,0,0,3,5,31" ten="191,240,279,290" oya="2" hai0="93,48,97,133,24,33,39,116,85,118,50,14,30" hai1="60,62,100,0,110,15,113,21,77,7,51,57,83" hai2="74,43,101,95,114,25,115,28,104,107,127,55,82" hai3="86,132,58,120,29,8,112,11,46,19,66,105,123"/><V6/><F127/><W80/><G105/><T111/><D39/><U61/><E113/><V90/><F104/><W91/><G112/><T99/><D111/><U69/><E0/><V2/><F43/><W53/><G132/><T41/><D133/><U125/><E125/><V56/><F2/><W103/><G103/><T124/><D124/><U67/><E100/><V49/><F6/><W98/><G98/><T131/><D131/><U129/><E129/><V87/><F107/><W59/><G29/><T130/><D130/><U40/><E110/><V23/><F74/><W34/><G34/><T45/><D14/><U84/><E69/><V122/><F122/><W1/><G66/><T3/><D3/><U54/><E40/><V47/><F47/><W71/><G71/><T117/><REACH who="0" step="1"/><D48/><REACH who="0" ten="181,240,279,290" step="2"/><U78/><E51/><V27/><F27/><W73/><G1/><T72/><D72/><U63/><E77/><V134/><F134/><W64/><G73/><T121/><D121/><U135/><E135/><V102/><F114/><W108/><G108/><T36/><D36/><U81/><E67/><V128/><F115/><W42/><G64/><T106/><D106/><U32/><E32/><V76/><F128/><W35/><G35/><T68/><D68/><U18/><E7/><V17/><F28/><W38/><G120/><T92/><D92/><U44/><E83/><V70/><F70/><W96/><G123/><T109/><D109/><U37/><E37/><V89/><F95/><W20/><G80/><T10/><D10/><U12/><E44/><V13/><BYE who="1" /><F25/><W26/><G26/><RYUUKYOKU ba="0,1" sc="181,10,240,10,279,10,290,-30" hai0="24,30,33,41,45,50,85,93,97,99,116,117,118" hai1="12,15,18,21,54,57,60,61,62,63,78,81,84" hai2="13,17,23,49,55,56,76,82,87,89,90,101,102" /><INIT seed="2,1,1,4,0,36" ten="191,250,289,260" oya="2" hai0="74,25,59,41,88,116,63,16,3,90,12,133,94" hai1="77,75,117,33,8,131,18,23,35,13,7,80,42" hai2="54,89,105,112,76,86,124,119,69,44,99,49,30" hai3="78,53,132,27,24,57,66,83,128,10,71,67,21"/><V120/><F120/><W91/><G128/><UN n1="%74%65%72%75%2D" /><T9/><D74/><U100/><E117/><V2/><F119/><W130/><G130/><T81/><D116/><U65/><E131/><V73/><F112/><W56/><G132/><T82/><D133/><U51/><E65/><V114/><F114/><W55/><G10/><T14/><D3/><U28/><E100/><V126/><F2/><W60/><G91/><T121/><D121/><U97/><E97/><V87/><F69/><W17/><G24/><T40/><D25/><U106/><E106/><V72/><F30/><W0/><G71/><T122/><D14/><U135/><E135/><V58/><F105/><W61/><G0/><T113/><D113/><U19/><E28/><V1/><F1/><W38/><G38/><T15/><D15/><U6/><E35/><V93/><F99/><W129/><G129/><T134/><D134/><U111/><E33/><V101/><F101/><W102/><G102/><T20/><D9/><U98/><E98/><V92/><F44/><W11/><G11/><T103/><D103/><U34/><E34/><V123/><F123/><W37/><G37/><T85/><D122/><U68/><E68/><V43/><F43/><N who="0" m="16458" /><D90/><U31/><E31/><V109/><F109/><W127/><G127/><N who="2" m="48681" /><F92/><W84/><AGARI ba="1,1" hai="17,21,27,53,55,56,57,60,61,66,67,78,83,84" machi="84" ten="20,5200,0" yaku="0,1,7,1,9,1,8,1" doraHai="36" who="3" fromWho="3" sc="191,-14,250,-14,289,-27,260,65" /><INIT seed="3,0,0,1,2,41" ten="177,236,262,325" oya="3" hai0="17,102,69,98,108,0,12,36,25,8,22,44,103" hai1="95,82,90,76,118,60,99,28,130,13,112,26,96" hai2="106,66,87,38,33,74,79,42,119,56,11,61,3" hai3="39,57,127,131,19,72,29,20,91,18,7,63,65"/><W23/><G72/><T126/><D69/><U73/><E112/><V94/><F119/><W21/><G39/><T110/><D126/><U32/><E130/><V16/><F106/><W40/><G131/><T107/><D0/><U121/><E121/><V85/><F33/><W81/><G40/><T2/><D2/><U24/><E118/><V120/><F120/><W80/><G7/><T93/><D107/><U30/><E60/><V133/><F133/><W43/><G43/><T14/><D14/><U70/><E70/><V135/><F135/><W101/><G101/><T6/><D36/><U15/><REACH who="1" step="1"/><E99/><REACH who="1" ten="177,226,262,325" step="2"/><V117/><F117/><W105/><G127/><T128/><D128/><U46/><E46/><V123/><F123/><W49/><G63/><T97/><REACH who="0" step="1"/><D44/><REACH who="0" ten="167,226,262,325" step="2"/><U47/><E47/><V31/><F38/><W54/><G57/><T109/><D109/><U84/><E84/><V125/><F125/><W4/><G105/><T51/><D51/><U132/><E132/><V77/><F85/><W116/><G49/><T35/><D35/><AGARI ba="0,2" hai="13,15,24,26,28,30,32,35,73,76,82,90,95,96" machi="35" ten="30,8000,1" yaku="1,1,7,1,9,1,53,2" doraHai="41" doraHaiUra="27" who="1" fromWho="0" sc="167,-80,226,100,262,0,325,0" owari="87,-41.0,326,42.0,262,-14.0,325,13.0" /></mjloggm>