<mjloggm ver="2.3"><GO type="169" lobby="0"/><UN n0="%E3%83%9A%E3%83%81%E3%83%A7%E3%83%BC%E3%83%AA%E3%83%B3" n1="%E3%82%A6%E3%83%AB%E3%83%88%E3%83%A9%E7%AB%8B%E7%9B%B4" n2="%E3%81%93%E3%81%AE%E3%81%8D%E3%83%BC" n3="%E6%A5%A0%E5%B9%B8%E6%9D%91" dan="16,17,17,18" rate="2113.99,2176.21,2160.92,2273.15" sx="M,M,M,F"/><TAIKYOKU oya="0"/><INIT seed="0,0,0,2,2,35" ten="250,250,250,250" oya="0" hai0="49,14,129,122,30,113,51,11,37,105,25,132,59" hai1="60,88,130,135,16,65,3,83,93,41,85,38,119" hai2="76,103,112,97,67,107,29,12,52,39,0,72,54" hai3="24,28,62,99,1,66,73,127,131,87,117,108,2"/><T82/><D113/><U79/><E119/><V6/><F39/><W75/><G117/><T7/><D122/><U63/><E130/><V64/><F112/><W102/><G87/><T70/><D70/><U114/><E114/><V20/><F29/><W13/><G13/><T123/><D123/><U94/><E135/><V42/><F42/><W134/><G134/><T23/><D37/><U110/><E110/><V43/><F43/><W86/><G86/><T22/><D129/><U125/><E125/><V33/><F33/><N who="3" m="20615" /><G131/><T78/><D105/><U27/><E41/><V47/><F20/><W26/><G26/><T74/><D132/><U57/><E38/><V8/><F12/><W84/><G84/><T80/><D80/><U71/><E3/><V19/><F19/><W61/><G61/><T48/><REACH who="0" step="1"/><D23/><REACH who="0" ten="240,250,250,250" step="2"/><N who="1" m="13799" /><E71/><V104/><F104/><N who="3" m="63583" /><G108/><T109/><D109/><U15/><E83/><V77/><F107/><W116/><G116/><T32/><D32/><U92/><E79/><V50/><F77/><W124/><G124/><T95/><D95/><U17/><E93/><V133/><F133/><W89/><G127/><T34/><D34/><U18/><E94/><V111/><F111/><W69/><G89/><T56/><AGARI ba="0,1" hai="7,11,14,22,25,30,48,49,51,56,59,74,78,82" machi="56" ten="30,3000,0" yaku="1,1,0,1,53,0" doraHai="35" doraHaiUra="101" who="0" fromWho="0" sc="240,40,250,-10,250,-10,250,-10" /><INIT seed="0,1,0,4,5,19" ten="280,240,240,240" oya="0" hai0="65,47,133,51,73,71,94,84,7,104,119,83,90" hai1="131,85,62,0,111,64,120,91,102,2,68,70,98" hai2="81,69,49,112,100,17,56,25,86,107,33,59,108" hai3="95,20,21,129,105,57,114,61,13,14,130,41,99"/><T39/><D119/><U46/><E120/><V52/><F69/><W9/><G105/><T113/><D113/><U72/><E72/><V60/><F112/><W92/><G41/><T36/><D104/><U87/><E111/><V67/><F108/><W10/><G114/><T15/><D133/><U50/><E70/><V63/><F33/><W125/><G125/><T48/><D48/><U3/><E91/><N who="2" m="51663" /><F107/><W24/><G24/><T76/><D65/><U135/><E131/><N who="3" m="50186" /><G10/><T34/><D71/><U89/><E135/><V31/><F100/><N who="3" m="60519" /><G95/><T82/><D34/><U101/><E98/><V5/><F31/><W96/><G96/><T106/><D106/><U45/><E45/><N who="2" m="27695" /><F5/><N who="3" m="3247" /><G14/><T58/><D58/><N who="2" m="22058" /><F67/><AGARI ba="1,0" hai="20,21,57,61,67" m="3247,60519,50186" machi="67" ten="30,3900,0" yaku="19,1,52,2" doraHai="19" who="3" fromWho="2" sc="280,0,240,0,240,-42,240,42" /><INIT seed="1,0,0,1,2,65" ten="280,240,198,282" oya="1" hai0="71,54,83,10,133,61,104,107,124,19,114,109,0" hai1="93,38,57,77,55,12,34,28,115,102,63,44,76" hai2="68,29,110,36,30,46,18,20,41,15,84,123,5" hai3="82,6,35,90,9,22,2,128,99,4,94,80,50"/><U64/><E115/><V49/><F123/><W52/><G35/><T58/><D114/><U7/><E34/><V14/><F110/><W118/><G118/><T74/><D109/><U134/><E134/><V111/><F111/><W91/><G128/><T45/><D124/><U106/><E106/><V23/><F68/><W103/><G22/><T81/><D133/><U122/><E122/><V135/><F135/><W125/><G125/><T130/><D130/><U69/><E28/><V87/><F36/><W78/><G6/><T112/><D112/><U31/><E31/><V25/><REACH who="2" step="1"/><F30/><REACH who="2" ten="280,240,188,282" step="2"/><W8/><G8/><AGARI ba="0,1" hai="5,8,14,15,18,20,23,25,29,41,46,49,84,87" machi="8" ten="40,5200,0" yaku="1,1,2,1,8,1,53,0" doraHai="65" doraHaiUra="67" who="2" fromWho="3" sc="280,0,240,0,188,62,282,-52" /><INIT seed="2,0,0,1,4,121" ten="280,240,250,230" oya="2" hai0="74,15,103,49,24,40,6,26,34,3,66,130,62" hai1="110,9,127,36,111,129,109,64,2,7,52,44,97" hai2="78,135,115,70,51,58,107,108,56,0,132,8,77" hai3="42,14,80,91,123,23,55,118,37,98,13,82,131"/><V11/><F70/><W47/><G123/><T32/><D130/><U101/><E129/><V41/><F107/><W124/><G131/><T85/><D74/><U54/><E127/><V116/><F115/><W10/><G118/><T43/><D34/><U50/><E64/><V95/><F95/><W76/><G124/><T46/><D3/><U93/><E36/><V83/><F116/><W120/><G120/><T79/><D103/><U89/><E54/><V19/><F41/><W122/><G122/><T73/><D73/><U112/><REACH who="1" step="1"/><E89/><REACH who="1" ten="280,230,250,230" step="2"/><V128/><F128/><W81/><G55/><T28/><D43/><U133/><E133/><V125/><F125/><W92/><G76/><T38/><D38/><U16/><E16/><V104/><F19/><W61/><G91/><T113/><D113/><AGARI ba="0,1" hai="2,7,9,44,50,52,93,97,101,109,110,111,112,113" machi="113" ten="40,12000,2" yaku="1,1,14,1,52,3,54,1,53,0" doraHai="121" doraHaiUra="20" who="1" fromWho="0" sc="280,-120,230,130,250,0,230,0" /><INIT seed="3,0,0,0,2,110" ten="160,360,250,230" oya="3" hai0="80,95,94,100,22,39,10,98,70,132,130,115,3" hai1="21,71,116,90,85,28,6,63,55,15,19,127,38" hai2="12,117,26,11,5,62,78,20,135,120,129,56,97" hai3="99,31,84,109,16,50,58,93,123,67,122,25,119"/><W86/><G119/><T2/><D70/><U83/><E38/><V27/><F135/><W40/><G109/><T104/><D39/><U48/><E116/><V51/><F129/><W118/><G118/><T87/><D132/><U112/><E127/><V82/><F120/><W68/><G68/><T108/><D108/><U37/><E37/><V46/><F97/><W105/><G105/><T54/><D130/><U76/><E112/><V79/><F117/><W7/><G7/><T59/><D22/><U57/><E28/><V133/><F133/><W9/><G123/><T65/><D65/><U126/><E126/><V45/><F45/><N who="3" m="25895" /><G122/><T0/><D10/><U18/><E6/><V114/><F114/><W17/><G31/><T81/><D81/><U8/><E71/><V23/><F27/><W1/><G1/><T52/><D54/><U13/><E63/><V35/><F35/><W64/><G25/><T30/><D30/><U89/><AGARI ba="0,0" hai="8,13,15,18,19,21,48,55,57,76,83,85,89,90" machi="89" ten="30,2000,0" yaku="0,1,8,1" doraHai="110" who="1" fromWho="1" sc="160,-5,360,20,250,-5,230,-10" /><INIT seed="4,0,0,0,3,30" ten="155,380,245,220" oya="0" hai0="91,51,66,116,20,4,81,129,56,114,115,94,105" hai1="61,7,128,25,82,126,63,53,107,14,102,106,100" hai2="98,55,65,31,2,28,38,103,5,50,68,112,62" hai3="119,10,43,52,88,57,22,130,19,67,49,42,13"/><T35/><D105/><U23/><E126/><V37/><F112/><N who="0" m="43050" /><D116/><U86/><E128/><V80/><F31/><W113/><G113/><T109/><D129/><U96/><E53/><V135/><F135/><W16/><G119/><T95/><D109/><U110/><E110/><V122/><F122/><W9/><G130/><T75/><D4/><U64/><E64/><V70/><F70/><W101/><G101/><N who="1" m="39018" /><E96/><V87/><F28/><W58/><G67/><T79/><D20/><U121/><E121/><V73/><F73/><W24/><G58/><T111/><D111/><U125/><E125/><V59/><F5/><W117/><G117/><T29/><D91/><N who="1" m="51671" /><E107/><V8/><F8/><W45/><G9/><T11/><D11/><N who="1" m="4479" /><E106/><V124/><F2/><W46/><G88/><T33/><D29/><AGARI ba="0,0" hai="23,25,29,61,63" m="4479,51671,39018" machi="29" ten="30,1000,0" yaku="8,1" doraHai="30" who="1" fromWho="0" sc="155,-10,380,10,245,0,220,0" /><INIT seed="5,0,0,5,2,58" ten="145,390,245,220" oya="1" hai0="127,122,112,52,119,77,93,49,57,50,80,110,126" hai1="87,102,89,28,79,15,48,108,37,2,130,44,74" hai2="19,132,95,23,21,10,124,120,13,16,73,31,9" hai3="106,71,29,56,78,51,88,76,66,113,64,40,17"/><U7/><E2/><V131/><F73/><W0/><G0/><T123/><D110/><U4/><E37/><V91/><F120/><N who="0" m="46122" /><D119/><U25/><E74/><V84/><F132/><W115/><G106/><T33/><D33/><U109/><E79/><N who="3" m="30250" /><G29/><T117/><D117/><U59/><E102/><V133/><F131/><W11/><G71/><T55/><D112/><N who="3" m="43081" /><G88/><T92/><D55/><U22/><E130/><V107/><F107/><W62/><G66/><T85/><D49/><U1/><E1/><V101/><F124/><AGARI ba="0,0" hai="50,52,57,77,80,85,92,93,124,126,127" m="46122" machi="124" ten="30,3900,0" yaku="18,1,13,1,54,1" doraHai="58" who="0" fromWho="2" sc="145,39,390,0,245,-39,220,0" /><INIT seed="6,0,0,5,3,124" ten="184,390,206,220" oya="2" hai0="63,0,83,40,85,101,87,96,135,89,105,125,70" hai1="102,80,39,17,67,132,117,56,48,111,104,108,15" hai2="28,115,11,54,66,65,123,26,73,47,53,130,29" hai3="37,128,30,94,12,93,62,113,95,127,34,77,21"/><V99/><F123/><W100/><G128/><T90/><D125/><U84/><E39/><V64/><F73/><W75/><G37/><T134/><D0/><U35/><E35/><V131/><F115/><W51/><G127/><T78/><D40/><U9/><E132/><N who="0" m="50729" /><D63/><U46/><E117/><V41/><F99/><W122/><G122/><T2/><D2/><U19/><E19/><V120/><F11/><W3/><G3/><T50/><D50/><U118/><E118/><V36/><F120/><W20/><G113/><T91/><D70/><U106/><E106/><V74/><F74/><AGARI ba="0,0" hai="74,78,83,85,87,89,90,91,96,101,105" m="50729" machi="74" ten="30,3900,0" yaku="20,1,34,2" doraHai="124" who="0" fromWho="2" sc="184,39,390,0,206,-39,220,0" /><INIT seed="7,0,0,1,2,100" ten="223,390,167,220" oya="3" hai0="57,92,98,134,14,66,41,45,28,15,31,63,42" hai1="88,85,21,72,82,20,50,106,130,2,126,25,59" hai2="78,36,110,26,104,46,23,99,124,35,7,40,52" hai3="119,114,43,125,93,121,105,96,56,132,22,102,103"/><W51/><G121/><T111/><D134/><U34/><E106/><V62/><F110/><W49/><G119/><T61/><D111/><U84/><E2/><V30/><F124/><W19/><G132/><T44/><D63/><U122/><E72/><V69/><F78/><W53/><G125/><T73/><D73/><U117/><E34/><V123/><F7/><W95/><G114/><T107/><D107/><U60/><E130/><V127/><F127/><W58/><G103/><T54/><D54/><U8/><E122/><V115/><F115/><W76/><G76/><T112/><D112/><U10/><E50/><V108/><F108/><W71/><G71/><T86/><D86/><U77/><E117/><V128/><F123/><W90/><G90/><N who="0" m="55575" /><D44/><U0/><E0/><V47/><F128/><W4/><G4/><T13/><D45/><U131/><E131/><V75/><F75/><W116/><G116/><T113/><D113/><U87/><E87/><V1/><F1/><W11/><G11/><N who="1" m="4138" /><E25/><V9/><F9/><W29/><G29/><AGARI ba="0,0" hai="13,14,15,28,29,31,41,42,57,61,66" m="55575" machi="29" ten="30,1000,0" yaku="8,1" doraHai="100" who="0" fromWho="3" sc="223,10,390,0,167,0,220,-10" owari="233,3.0,390,49.0,167,-33.0,210,-19.0" /></mjloggm>