<mjloggm ver="2.3"><GO type="97" lobby="0"/><UN n0="%E3%83%88%E3%83%88%E3%83%AA%E5%85%88%E7%94%9F%31%39%E6%AD%B3" n1="%E3%80%93%E3%82%A2%E3%83%AB%E3%83%9F%E3%82%B0%E3%83%A9%E3%82%B9%E3%80%93" n2="%E5%8F%8C%E6%B5%B7%E4%BA%9C%E7%BE%8E" n3="%EF%BD%9E%E3%81%9D%E3%81%86%E3%81%A9%E3%81%AE%EF%BD%9E" dan="15,15,15,14" rate="2026.39,2040.33,2095.83,1975.70" sx="F,M,F,M"/><TAIKYOKU oya="0"/><INIT seed="0,0,0,2,4,5" ten="250,250,250,250" oya="0" hai0="70,101,57,118,125,97,38,112,75,35,92,12,34" hai1="25,99,50,105,32,100,132,93,53,7,44,128,6" hai2="73,74,18,71,23,31,42,21,8,76,95,26,14" hai3="48,46,81,124,60,28,72,102,133,56,135,61,17"/><T98/><D112/><U52/><E128/><V16/><F71/><W13/><G102/><T59/><D118/><U103/><E132/><N who="3" m="50762" /><G124/><T30/><D38/><U58/><E32/><V19/><F42/><N who="3" m="24663" /><G28/><T3/><D3/><U63/><E103/><V65/><F65/><W27/><G27/><T55/><D70/><U107/><REACH who="1" step="1"/><E25/><REACH who="1" ten="250,240,250,250" step="2"/><V4/><F26/><W36/><G36/><T134/><D35/><U114/><E114/><V40/><F31/><W84/><G72/><T77/><D75/><U83/><E83/><V91/><F74/><W2/><G81/><T126/><D134/><U104/><AGARI ba="0,1" hai="6,7,44,50,52,53,58,63,93,99,100,104,105,107" machi="104" ten="30,7900,0" yaku="1,1,0,1,54,1,53,1" doraHai="5" doraHaiUra="47" who="1" fromWho="1" sc="250,-39,240,89,250,-20,250,-20" /><INIT seed="1,0,0,3,4,53" ten="211,329,230,230" oya="1" hai0="2,18,128,11,21,19,35,111,135,93,28,121,102" hai1="27,55,107,98,62,106,110,79,48,75,89,68,61" hai2="30,124,114,97,77,100,60,67,74,91,56,25,54" hai3="85,129,94,43,105,95,66,13,88,78,15,49,117"/><U122/><E122/><V44/><F124/><W101/><G129/><T4/><D102/><U99/><E110/><V5/><F114/><W33/><G33/><T126/><D93/><U90/><E75/><V10/><F91/><N who="1" m="34825" /><E68/><V108/><F108/><W81/><G117/><T45/><D45/><U59/><E106/><V22/><F74/><W130/><G130/><T69/><D69/><U112/><E107/><V38/><F77/><W84/><G66/><T71/><D71/><U40/><E112/><V6/><F38/><W47/><REACH who="3" step="1"/><G105/><REACH who="3" ten="211,329,230,220" step="2"/><T134/><D111/><U86/><E27/><V127/><F127/><W73/><G73/><T123/><D126/><U82/><E40/><V133/><F67/><W113/><G113/><T76/><D128/><U65/><E65/><V70/><F25/><W0/><G0/><T1/><D1/><U39/><E39/><V118/><F118/><W116/><G116/><T119/><D119/><U57/><E61/><V58/><F60/><W64/><G64/><T120/><D35/><U36/><E36/><V72/><F72/><W3/><G3/><T31/><D121/><U42/><E42/><V104/><F104/><W83/><G83/><T41/><D41/><U17/><E62/><V26/><F70/><W37/><G37/><T63/><D63/><U92/><E48/><N who="2" m="28935" /><F26/><W51/><G51/><T50/><D50/><U125/><E125/><V9/><F30/><W52/><G52/><T24/><D31/><U115/><E115/><V80/><F80/><W131/><G131/><T14/><D28/><U29/><E82/><V132/><F132/><RYUUKYOKU ba="0,1" sc="211,-10,329,-10,230,-10,220,30" hai3="13,15,43,47,49,78,81,84,85,88,94,95,101" /><INIT seed="2,1,1,1,1,115" ten="201,319,220,250" oya="2" hai0="97,43,25,58,69,33,30,14,84,99,7,133,59" hai1="126,24,82,32,50,10,73,78,124,3,55,34,2" hai2="37,65,128,40,81,41,67,85,119,131,103,77,109" hai3="123,117,12,39,111,36,42,48,23,114,15,0,135"/><V118/><F103/><W21/><G0/><N who="1" m="42" /><E10/><V53/><F53/><W57/><G114/><T104/><D69/><U127/><E24/><V68/><F109/><W110/><G123/><T45/><D133/><U106/><E106/><V28/><F28/><W62/><G135/><T86/><D59/><AGARI ba="1,1" hai="32,34,50,55,59,73,78,82,124,126,127" m="42" machi="59" ten="40,1300,0" yaku="18,1" doraHai="115" who="1" fromWho="0" sc="201,-16,319,26,220,0,250,0" /><INIT seed="3,0,0,1,1,90" ten="185,345,220,250" oya="3" hai0="127,60,16,77,40,42,34,38,7,12,2,129,11" hai1="122,133,30,66,49,96,61,14,63,125,17,118,83" hai2="6,5,104,97,132,101,41,128,23,92,130,44,9" hai3="124,86,74,50,119,21,135,123,22,107,13,116,100"/><W53/><G123/><T114/><D129/><N who="2" m="49770" /><F132/><W115/><G74/><T52/><D127/><U37/><E37/><N who="2" m="21551" /><F23/><W110/><G115/><T65/><D114/><U91/><E122/><V75/><F75/><W62/><G110/><T81/><D34/><U105/><E105/><V32/><F32/><W18/><G124/><T55/><D40/><U59/><E133/><V120/><F120/><W70/><G135/><T56/><D42/><U64/><E125/><V58/><F58/><W109/><G109/><T88/><D38/><U48/><E118/><V111/><F111/><W99/><G86/><T43/><D43/><U89/><E30/><V45/><F45/><W72/><G72/><T25/><D77/><U67/><E91/><V102/><F9/><W113/><G113/><T33/><D33/><U93/><E83/><V134/><F134/><W84/><G84/><N who="0" m="50191" /><D2/><U73/><E73/><V117/><F117/><W82/><G82/><T121/><D121/><U78/><E78/><V80/><F80/><W76/><G76/><T98/><D98/><AGARI ba="0,0" hai="5,6,92,97,98,101,102,104" m="21551,49770" machi="98" ten="30,2000,0" yaku="19,1,52,1" doraHai="90" who="2" fromWho="0" sc="185,-20,345,0,220,20,250,0" owari="165,-33.0,345,44.0,240,-16.0,250,5.0" /></mjloggm>