<mjloggm ver="2.3"><GO type="169" lobby="0"/><UN n0="%6B%69%79%6F%64%61%69" n1="%4C%65%69%72%69%6F%6E" n2="%74%61%6E%61%4B%61" n3="%E5%B0%B1%E6%B4%BB%E7%94%9F%40%E5%B7%9D%E6%9D%91%E8%BB%8D%E5%9B%A3" dan="17,17,16,16" rate="2167.47,2158.03,2113.68,2120.06" sx="M,M,M,M"/><TAIKYOKU oya="0"/><INIT seed="0,0,0,1,5,80" ten="250,250,250,250" oya="0" hai0="123,13,102,133,99,108,36,26,9,105,72,33,111" hai1="71,62,135,8,51,79,40,90,82,96,97,64,66" hai2="1,38,11,92,65,60,6,61,75,112,85,128,89" hai3="39,54,24,107,67,115,19,29,5,122,42,101,84"/><T120/><D36/><U63/><E135/><V35/><F112/><W12/><G5/><T18/><D72/><U118/><E118/><V98/><F75/><W113/><G67/><T119/><D119/><U22/><E8/><V46/><F35/><W88/><G122/><T53/><D133/><U116/><E116/><V3/><F128/><W55/><G39/><T74/><D74/><U69/><E90/><V17/><F17/><W50/><G42/><T2/><D2/><U134/><E134/><V70/><F60/><W104/><G101/><T100/><D100/><U132/><E22/><V86/><REACH who="2" step="1"/><F1/><REACH who="2" ten="250,250,240,250" step="2"/><W57/><G113/><T78/><D123/><U114/><E114/><V124/><F124/><W129/><G129/><T16/><D120/><U30/><E132/><V76/><F76/><W14/><G115/><T32/><D78/><U28/><E28/><V130/><F130/><W121/><G121/><T0/><D0/><U43/><E30/><V68/><F68/><W56/><G14/><T73/><D73/><U109/><E109/><N who="0" m="42057" /><D18/><U21/><E21/><V27/><F27/><W59/><G24/><T47/><D26/><U103/><E51/><AGARI ba="0,1" hai="9,13,16,32,33,47,51,53,99,102,105" m="42057" machi="51" ten="30,5800,0" yaku="14,1,10,1,54,1" doraHai="80" who="0" fromWho="1" sc="250,68,250,-58,240,0,250,0" /><INIT seed="0,1,0,5,5,123" ten="318,192,240,250" oya="0" hai0="65,39,80,21,79,3,115,63,34,112,30,12,56" hai1="96,57,43,95,28,130,127,67,44,38,22,2,10" hai2="82,35,77,83,52,17,107,134,6,105,11,69,20" hai3="91,24,45,46,54,93,101,94,135,120,37,99,89"/><T125/><D39/><U85/><E130/><V121/><F121/><W64/><G135/><T50/><D3/><U128/><E128/><V103/><F134/><W0/><G0/><T116/><D116/><U66/><E127/><V131/><F131/><W4/><G4/><T81/><D125/><U16/><E85/><V40/><F35/><W68/><G37/><T18/><D81/><U42/><E42/><V106/><F69/><W33/><G101/><T126/><D126/><U111/><E57/><V15/><F40/><W59/><G64/><T61/><D61/><U19/><E28/><V122/><F122/><W78/><G68/><T27/><REACH who="0" step="1"/><D50/><REACH who="0" ten="308,192,240,250" step="2"/><U62/><E62/><V87/><F83/><W113/><G120/><T36/><D36/><U90/><E2/><V118/><F118/><W98/><G113/><T108/><D108/><U60/><E111/><V13/><F82/><W109/><G109/><T7/><D7/><U102/><E60/><V48/><F77/><W114/><G78/><T53/><D53/><U88/><E66/><V14/><F52/><W84/><G114/><T55/><D55/><U110/><E67/><V100/><F48/><W72/><G72/><AGARI ba="1,1" hai="12,18,21,27,30,34,56,63,65,72,79,80,112,115" machi="72" ten="30,5800,0" yaku="1,1,7,1,53,1" doraHai="123" doraHaiUra="25" who="0" fromWho="3" sc="308,71,192,0,240,0,250,-61" /><INIT seed="0,2,0,0,0,104" ten="379,192,240,189" oya="0" hai0="13,31,78,20,19,34,5,73,70,109,112,107,100" hai1="30,24,89,121,33,91,105,9,134,101,38,0,16" hai2="97,57,17,3,62,96,1,118,102,72,8,108,41" hai3="111,27,63,76,36,58,56,49,55,45,117,32,48"/><T50/><D70/><U125/><E121/><V82/><F108/><W106/><G111/><T90/><D112/><U59/><E38/><V68/><F68/><W119/><G106/><T37/><D37/><U42/><E134/><V93/><F118/><W131/><G76/><T74/><D78/><U40/><E125/><V95/><F41/><N who="3" m="22695" /><G32/><T51/><D109/><U7/><E101/><V61/><F82/><W98/><G27/><N who="0" m="18815" /><D90/><U64/><E105/><V44/><F44/><W88/><G88/><T2/><D51/><N who="3" m="19529" /><G98/><N who="0" m="61847" /><D50/><U123/><E89/><V4/><F17/><W133/><G133/><T6/><D6/><U92/><E123/><V86/><F86/><W127/><G127/><T110/><D110/><U10/><E10/><AGARI ba="2,0" hai="2,5,10,13,19,20,73,74" m="61847,18815" machi="10" ten="30,5800,0" yaku="24,1,52,2" doraHai="104" who="0" fromWho="1" sc="379,64,192,-64,240,0,189,0" /><INIT seed="0,3,0,3,3,46" ten="443,128,240,189" oya="0" hai0="39,35,17,34,120,56,45,25,61,134,129,18,112" hai1="1,15,69,113,91,118,75,24,88,58,84,133,132" hai2="125,94,119,22,10,9,100,43,89,55,49,40,70" hai3="41,27,66,65,95,117,44,63,102,71,37,0,123"/><T13/><D112/><U60/><E1/><V109/><F70/><W124/><G117/><T85/><D120/><U4/><E118/><V19/><F119/><W92/><G124/><T82/><D129/><U31/><E75/><V16/><F125/><W87/><G66/><T126/><D126/><U5/><E69/><V99/><F109/><W101/><G0/><T72/><D72/><U50/><E113/><V3/><F100/><W96/><G123/><T114/><D134/><N who="1" m="51819" /><E15/><N who="2" m="7287" /><F9/><W77/><G27/><T29/><D35/><N who="1" m="20967" /><E91/><V79/><F79/><W135/><G135/><T14/><D114/><U8/><E8/><V62/><F62/><W12/><G12/><T38/><D14/><U128/><E128/><V105/><F105/><W33/><G33/><T121/><D121/><U115/><E115/><V108/><F108/><W104/><G101/><T26/><D26/><U78/><E78/><V76/><F76/><W36/><G36/><T48/><D39/><U107/><E107/><V83/><F83/><W130/><G130/><T116/><D38/><U2/><E2/><V90/><F90/><W74/><G74/><T86/><D116/><U131/><E131/><V23/><F3/><W21/><G21/><N who="2" m="7689" /><F19/><N who="0" m="7178" /><D82/><N who="1" m="49175" /><E60/><V30/><F30/><W80/><AGARI ba="3,0" hai="37,41,44,63,65,71,77,80,87,92,95,96,102,104" machi="80" ten="30,1100,0" yaku="0,1" doraHai="46" who="3" fromWho="3" sc="443,-8,128,-6,240,-6,189,20" /><INIT seed="1,0,0,3,0,79" ten="435,122,234,209" oya="1" hai0="53,114,110,56,25,16,94,127,52,74,90,100,35" hai1="15,104,83,129,8,48,135,58,13,32,82,26,20" hai2="63,4,28,39,46,109,118,40,116,102,23,51,115" hai3="36,77,65,113,17,30,37,24,93,121,0,134,117"/><U73/><E104/><V29/><F109/><W7/><G121/><T19/><D114/><U2/><E73/><V106/><F115/><W76/><G113/><T9/><D74/><U45/><E135/><V21/><F102/><W50/><G134/><T44/><D127/><U43/><E129/><V103/><F103/><W122/><G65/><T88/><D110/><U69/><E69/><V12/><F106/><W92/><G17/><N who="0" m="6731" /><D35/><U112/><E112/><V41/><F63/><W33/><G50/><N who="0" m="28743" /><D9/><U62/><E32/><V81/><F39/><W38/><G122/><T124/><D25/><U22/><E2/><V123/><F123/><W107/><G107/><T3/><D3/><U59/><E59/><V57/><F57/><W31/><G117/><T55/><D55/><N who="1" m="34143" /><E15/><V68/><F68/><W72/><G72/><T101/><D90/><U133/><E133/><V14/><F4/><W131/><G131/><T108/><D124/><U120/><E120/><V11/><F46/><W95/><G0/><T84/><D108/><U49/><E49/><AGARI ba="0,0" hai="49,53,56,84,88,94,100,101" m="28743,6731" machi="49" ten="30,7700,0" yaku="8,1,54,3" doraHai="79" who="0" fromWho="1" sc="435,77,122,-77,234,0,209,0" /><INIT seed="2,0,0,2,0,12" ten="512,45,234,209" oya="2" hai0="1,14,60,17,132,90,31,84,40,13,69,19,62" hai1="45,134,25,131,28,105,101,130,37,55,103,122,21" hai2="111,65,22,0,88,41,116,8,123,15,27,48,104" hai3="102,29,92,74,96,43,52,56,127,26,133,81,124"/><V59/><F123/><W61/><G43/><T78/><D1/><U30/><E122/><V121/><F121/><W46/><G46/><T35/><D78/><U53/><E134/><V108/><F104/><W44/><G44/><T83/><D132/><U98/><E101/><V114/><F0/><W93/><G133/><T106/><D106/><U77/><E77/><V39/><F114/><W76/><REACH who="3" step="1"/><G93/><REACH who="3" ten="512,45,234,199" step="2"/><T80/><D40/><N who="1" m="22671" /><E30/><N who="2" m="17783" /><F39/><W129/><G129/><AGARI ba="0,1" hai="21,25,28,53,55,98,103,105,129,130,131" m="22671" machi="129" ten="30,1000,0" yaku="19,1" doraHai="12" who="1" fromWho="3" sc="512,0,45,20,234,0,199,-10" /><INIT seed="3,0,0,3,3,13" ten="512,65,234,189" oya="3" hai0="1,63,133,124,91,86,50,131,126,45,120,112,90" hai1="68,82,75,8,66,47,60,114,70,44,81,72,16" hai2="74,110,128,34,23,88,113,15,54,109,10,51,57" hai3="5,107,94,49,3,4,62,17,134,21,85,98,20"/><W52/><G107/><T39/><D1/><U7/><E114/><V95/><F34/><W83/><G134/><T0/><D0/><U12/><E70/><V104/><F104/><W125/><G62/><T11/><D39/><U97/><E7/><N who="3" m="2634" /><G3/><T122/><D11/><U119/><E119/><V80/><F113/><W84/><G21/><T103/><D103/><U76/><E97/><N who="2" m="57575" /><F23/><W37/><G37/><T64/><D133/><U130/><E130/><V73/><F80/><W31/><G31/><T111/><D131/><U135/><E135/><V32/><F32/><W100/><G83/><N who="0" m="49503" /><D91/><U79/><AGARI ba="0,0" hai="8,12,16,44,47,60,66,68,72,75,76,79,81,82" machi="79" ten="30,7900,0" yaku="0,1,9,1,52,1,54,1" doraHai="13" who="1" fromWho="1" sc="512,-20,65,79,234,-20,189,-39" /><INIT seed="4,0,0,1,4,7" ten="492,144,214,150" oya="0" hai0="122,38,83,74,15,42,113,43,17,5,31,11,33" hai1="53,102,121,46,120,78,21,105,59,16,52,41,66" hai2="1,109,75,25,108,133,129,37,95,22,77,68,23" hai3="28,19,103,128,71,48,89,135,18,111,117,85,51"/><T130/><D122/><U20/><E78/><V125/><F77/><W93/><G71/><T115/><D74/><U91/><E105/><V84/><F84/><W82/><G111/><T76/><D130/><U24/><E102/><V87/><F87/><W118/><G135/><T67/><D67/><U73/><E73/><V106/><F95/><W9/><G128/><T57/><D57/><U94/><E66/><V58/><F25/><W39/><G39/><T61/><D61/><N who="1" m="36071" /><E53/><V86/><F86/><W72/><G28/><T81/><D31/><U40/><E21/><V123/><F22/><W80/><G80/><N who="0" m="30795" /><D33/><U64/><E64/><V13/><F23/><W97/><G72/><T26/><D38/><N who="1" m="21783" /><E41/><V2/><F58/><W47/><G51/><T54/><D54/><U27/><E27/><V3/><F13/><W134/><G117/><T14/><D26/><U96/><AGARI ba="0,0" hai="16,20,24,91,94,96,120,121" m="21783,36071" machi="96" ten="30,4000,0" yaku="25,1,54,2" doraHai="7" who="1" fromWho="1" sc="492,-20,144,40,214,-10,150,-10" /><INIT seed="5,0,0,0,0,59" ten="472,184,204,140" oya="1" hai0="45,33,30,105,101,82,96,7,14,56,90,44,103" hai1="42,100,121,2,72,132,54,102,51,63,35,53,99" hai2="78,50,6,68,46,3,114,43,88,5,75,91,107" hai3="134,98,41,92,122,57,123,117,126,80,16,52,85"/><U106/><E121/><V61/><F107/><W23/><G117/><T20/><D33/><U15/><E2/><V131/><F131/><W89/><G41/><T60/><D101/><U70/><E72/><V17/><F114/><W18/><G18/><T40/><D90/><U10/><E132/><V79/><F17/><W64/><G64/><T104/><D104/><U108/><E108/><V25/><F25/><W109/><G109/><T84/><D30/><U67/><E100/><V133/><F133/><W55/><G55/><T77/><D20/><U47/><REACH who="1" step="1"/><E35/><REACH who="1" ten="472,174,204,140" step="2"/><V49/><F75/><W120/><G134/><T28/><D103/><U118/><E118/><V129/><F3/><W127/><G127/><T66/><D105/><U29/><E29/><V95/><F129/><W8/><G126/><T130/><D28/><U22/><E22/><V31/><F31/><W39/><G8/><T0/><D0/><U93/><E93/><V37/><F95/><W65/><G120/><T110/><D130/><U87/><E87/><V86/><F86/><W76/><G122/><T111/><D111/><U135/><E135/><V58/><F5/><AGARI ba="0,1" hai="5,10,15,42,47,51,53,54,63,67,70,99,102,106" machi="5" ten="30,11600,0" yaku="1,1,7,1,52,1,53,1" doraHai="59" doraHaiUra="94" who="1" fromWho="2" sc="472,0,174,126,204,-116,140,0" /><INIT seed="5,1,0,4,1,48" ten="472,300,88,140" oya="1" hai0="33,106,11,53,30,72,19,17,110,27,4,124,104" hai1="133,108,96,39,117,21,97,64,70,62,67,23,34" hai2="84,102,131,63,91,51,50,99,52,128,54,47,49" hai3="100,86,130,24,29,135,103,81,0,43,2,89,44"/><U122/><E122/><V111/><F111/><W129/><G103/><T6/><D72/><U65/><E117/><V60/><F60/><W59/><G100/><T1/><D110/><U66/><E34/><V57/><F128/><N who="3" m="49259" /><G59/><T25/><D6/><U134/><E39/><V58/><F131/><W26/><G135/><N who="1" m="51722" /><E108/><V14/><F47/><W118/><G118/><T98/><D124/><U121/><E121/><V12/><F63/><W3/><G29/><T109/><D109/><U82/><E82/><V87/><F49/><AGARI ba="1,0" hai="0,2,3,24,26,43,44,49,81,86,89" m="49259" machi="49" ten="40,1300,0" yaku="19,1" doraHai="48" who="3" fromWho="2" sc="472,0,300,0,88,-16,140,16" /><INIT seed="6,0,0,0,1,111" ten="472,300,72,156" oya="2" hai0="101,53,26,70,65,124,80,51,15,12,50,134,40" hai1="22,116,31,35,92,33,4,127,130,0,39,113,2" hai2="55,23,100,42,120,18,126,43,46,82,69,54,8" hai3="67,24,25,76,27,131,9,5,108,87,135,121,64"/><V61/><F120/><W122/><G108/><T45/><D124/><U84/><E127/><V16/><F126/><W102/><G102/><T56/><D134/><U29/><E39/><V115/><F115/><W97/><G97/><T44/><D101/><U128/><E113/><V41/><F100/><W11/><G131/><N who="1" m="50218" /><E116/><V75/><F8/><N who="3" m="3147" /><G87/><T32/><D32/><N who="1" m="12363" /><E4/><V85/><F75/><W77/><G5/><T98/><D98/><U52/><E52/><N who="2" m="20011" /><F69/><W71/><G71/><T94/><D70/><U10/><E10/><V1/><F1/><N who="1" m="617" /><E22/><V49/><F61/><W74/><G74/><T68/><D68/><U28/><E92/><V81/><F81/><W66/><G135/><T91/><D94/><U88/><E84/><V89/><F18/><W90/><G90/><AGARI ba="0,0" hai="28,29,31,88,90" m="617,12363,50218" machi="90" ten="40,8000,1" yaku="28,2,19,1,54,1" doraHai="111" who="1" fromWho="3" sc="472,0,300,80,72,0,156,-80" /><INIT seed="7,0,0,1,3,122" ten="472,380,72,76" oya="3" hai0="84,128,9,6,72,14,26,96,64,36,38,95,67" hai1="117,129,0,27,32,103,111,88,51,124,61,37,65" hai2="40,92,21,16,86,110,104,107,58,130,56,50,109" hai3="71,127,33,42,39,45,49,73,69,119,20,62,70"/><W125/><G33/><T80/><D72/><U11/><E37/><V120/><F130/><W76/><G73/><T46/><D38/><U59/><E129/><V2/><F2/><W132/><G76/><N who="0" m="46087" /><D36/><U126/><E117/><V98/><F120/><W15/><G15/><T97/><D128/><U66/><E66/><N who="0" m="25129" /><D46/><U131/><E103/><V22/><F22/><W79/><G79/><T74/><D74/><U115/><E51/><V118/><F118/><W82/><G82/><T121/><D121/><U81/><E115/><V53/><F40/><W52/><G20/><T102/><D97/><U105/><E105/><V55/><F86/><W114/><G114/><T8/><D8/><U29/><E131/><V31/><F31/><W10/><G10/><T83/><D83/><U25/><E25/><AGARI ba="0,0" hai="6,9,14,25,26,95,96,102" m="25129,46087" machi="25" ten="30,1000,0" yaku="8,1" doraHai="122" who="0" fromWho="1" sc="472,10,380,-10,72,0,76,0" owari="482,58.0,370,17.0,72,-43.0,76,-32.0" /></mjloggm>