<mjloggm ver="2.3"><GO type="97" lobby="0"/><UN n0="%75%6F%6B%6B%61%34%39%34" n1="%E9%9B%A8%E3%81%AE%E6%97%A5%E3%81%AF%E4%B8%83%E5%AF%BE" n2="%E5%B0%B1%E6%B4%BB%E7%94%9F%40%E5%B7%9D%E6%9D%91%E8%BB%8D%E5%9B%A3" n3="%6C%65%74%69%74%62%65" dan="15,14,16,14" rate="1968.41,1923.83,2086.93,1977.01" sx="M,M,M,F"/><TAIKYOKU oya="0"/><INIT seed="0,0,0,2,3,14" ten="250,250,250,250" oya="0" hai0="85,55,59,10,96,69,127,74,97,51,94,34,100" hai1="44,40,121,22,26,75,8,113,2,16,128,28,133" hai2="50,110,56,57,134,92,68,67,81,39,123,43,72" hai3="45,18,33,135,78,1,114,103,38,106,41,102,31"/><T12/><D34/><U47/><E121/><V122/><F72/><W120/><G114/><T79/><D69/><U109/><E109/><V98/><F81/><W49/><G1/><T20/><D127/><U64/><E133/><V4/><F4/><W88/><G120/><T87/><D74/><U61/><E113/><V36/><F110/><W23/><G135/><T27/><D79/><U13/><E75/><V11/><F11/><W5/><G5/><N who="0" m="3151" /><D97/><U95/><E128/><V35/><F92/><W73/><G106/><T129/><D129/><U118/><E118/><V76/><F76/><W32/><G38/><T104/><D104/><U86/><E2/><V93/><F93/><W105/><G105/><T66/><D66/><U130/><E130/><V107/><F98/><W52/><G78/><T21/><D21/><U112/><E112/><V17/><F35/><W89/><G73/><T131/><D131/><U29/><E29/><AGARI ba="0,0" hai="20,27,29,51,55,59,85,87,94,96,100" m="3151" machi="29" ten="30,1500,0" yaku="8,1" doraHai="14" who="0" fromWho="1" sc="250,15,250,-15,250,0,250,0" /><INIT seed="0,1,0,4,4,78" ten="265,235,250,250" oya="0" hai0="98,20,45,54,92,28,31,85,41,81,79,12,130" hai1="76,42,73,36,56,35,19,25,113,135,93,122,114" hai2="116,60,84,131,6,18,111,80,2,95,94,91,24" hai3="90,66,117,64,109,68,82,97,15,71,30,128,55"/><T57/><D130/><U132/><E122/><V133/><F131/><W1/><G117/><T59/><D59/><U125/><E125/><V38/><F38/><W5/><G109/><T115/><D115/><N who="1" m="44043" /><E56/><V69/><F116/><W40/><G1/><T124/><D124/><U110/><E110/><V13/><F111/><W105/><G128/><T74/><D74/><U129/><E129/><V17/><F133/><W37/><G30/><T96/><D96/><U7/><E7/><V47/><F2/><W127/><G127/><T11/><D20/><N who="1" m="13471" /><E35/><V14/><F69/><W48/><G71/><T10/><D10/><U88/><E76/><V4/><F24/><W89/><G68/><T126/><D126/><U106/><E73/><V27/><F27/><W46/><G5/><N who="2" m="2153" /><F47/><W121/><G121/><T107/><D107/><U26/><E26/><V100/><F100/><W99/><G105/><T118/><D118/><U58/><E58/><V50/><F50/><N who="3" m="26951" /><G15/><N who="2" m="5641" /><F60/><W21/><G37/><T65/><D12/><U43/><E106/><V61/><F61/><W22/><G22/><T8/><D8/><U51/><E36/><V123/><F123/><W134/><G21/><T101/><D11/><U67/><E67/><N who="3" m="25642" /><G134/><N who="1" m="51242" /><E51/><V53/><F18/><W77/><G48/><N who="0" m="26671" /><D65/><U62/><E62/><AGARI ba="1,0" hai="28,31,54,57,62,79,81,85,92,98,101" m="26671" machi="62" ten="30,2900,0" yaku="8,1,52,1" doraHai="78" who="0" fromWho="1" sc="265,32,235,-32,250,0,250,0" /><INIT seed="0,2,0,2,4,53" ten="297,203,250,250" oya="0" hai0="13,19,135,81,113,95,39,85,44,54,66,65,116" hai1="55,134,52,72,56,47,112,37,115,0,45,94,43" hai2="117,114,74,108,67,106,35,33,12,57,48,97,58" hai3="42,9,51,73,128,21,3,24,11,98,5,2,91"/><T14/><D116/><U90/><E134/><V38/><F114/><W103/><G128/><T30/><D113/><N who="1" m="43595" /><E72/><V31/><F38/><W104/><G73/><T107/><D107/><U62/><E0/><V133/><F74/><W75/><G75/><T96/><D135/><U40/><E55/><V121/><F121/><W1/><G91/><T49/><D39/><N who="1" m="21663" /><E94/><V127/><F127/><W4/><G1/><T41/><D30/><U93/><E93/><V102/><F133/><W26/><G21/><N who="0" m="11503" /><D14/><U92/><E92/><V99/><F108/><W60/><G60/><T110/><D41/><U84/><E84/><V131/><F131/><W105/><G105/><T78/><D110/><U70/><E90/><AGARI ba="2,0" hai="44,49,54,65,66,78,81,85,90,95,96" m="11503" machi="90" ten="30,1500,0" yaku="8,1" doraHai="53" who="0" fromWho="1" sc="297,21,203,-21,250,0,250,0" /><INIT seed="0,3,0,0,5,38" ten="318,182,250,250" oya="0" hai0="19,84,78,108,91,80,128,109,106,55,87,96,11" hai1="50,130,116,7,60,10,126,98,90,6,54,59,33" hai2="22,105,2,114,26,75,76,101,97,83,44,36,115" hai3="25,39,15,64,131,40,37,120,63,0,20,74,17"/><T113/><D113/><U111/><E116/><V62/><F2/><W133/><G0/><T4/><D128/><U94/><E111/><V117/><F117/><W3/><G3/><T125/><D125/><U118/><E118/><V81/><F81/><W132/><G131/><T127/><D127/><U47/><E126/><V95/><F62/><W29/><G74/><T123/><D123/><U100/><E130/><V28/><REACH who="2" step="1"/><F105/><REACH who="2" ten="318,182,240,250" step="2"/><W119/><G119/><T93/><D109/><U14/><E33/><V8/><F8/><W48/><G120/><T9/><D108/><U77/><E77/><V12/><F12/><W79/><G79/><T45/><D4/><U1/><E7/><V51/><F51/><W135/><G48/><T43/><D106/><U104/><E1/><V65/><F65/><W5/><G5/><T89/><D55/><U21/><E21/><V70/><F70/><N who="3" m="42271" /><G15/><T73/><D73/><U122/><E122/><V16/><F16/><W58/><G17/><T56/><D19/><U34/><E34/><V124/><F124/><W52/><G37/><T85/><D9/><U82/><E82/><V66/><F66/><W61/><G39/><T103/><D11/><U99/><E47/><V53/><F53/><W31/><G31/><T24/><D45/><U86/><REACH who="1" step="1"/><E60/><REACH who="1" ten="318,172,240,250" step="2"/><V134/><F134/><W57/><G57/><T30/><D56/><U112/><E112/><V71/><F71/><W42/><AGARI ba="3,2" hai="20,25,29,40,42,52,58,61,132,133,135" m="42271" machi="42" ten="40,8000,1" yaku="20,1,52,2,54,1" doraHai="38" who="3" fromWho="3" sc="318,-43,172,-23,240,-23,250,109" /><INIT seed="1,0,0,1,0,7" ten="275,149,217,359" oya="1" hai0="77,128,60,65,13,59,47,19,70,98,21,34,41" hai1="111,108,104,22,91,38,37,45,23,74,86,124,75" hai2="83,31,99,35,33,119,61,51,97,16,68,32,49" hai3="5,43,10,80,46,58,3,112,29,55,107,93,40"/><U81/><E104/><V114/><F119/><W89/><G107/><T76/><D34/><U95/><E124/><V113/><F31/><W15/><G112/><N who="2" m="43113" /><F83/><W18/><G80/><T106/><D128/><U131/><E131/><V101/><F16/><W135/><G29/><T118/><D118/><U54/><E54/><V110/><F110/><N who="1" m="42025" /><E95/><N who="2" m="58559" /><F99/><W94/><G135/><T92/><D70/><U109/><N who="1" m="42033" /><U72/><DORA hai="52" /><E45/><V8/><F8/><W48/><G89/><T129/><D106/><U17/><E23/><V105/><F105/><W79/><G79/><T100/><REACH who="0" step="1"/><D129/><REACH who="0" ten="265,149,217,359" step="2"/><U88/><E91/><V53/><F68/><W73/><G73/><T20/><D20/><U102/><E102/><V42/><F35/><W30/><G30/><T4/><D4/><U25/><AGARI ba="0,1" hai="17,22,25,37,38,72,74,75,81,86,88" m="42033" machi="25" ten="50,9600,0" yaku="14,1,10,1,54,1" doraHai="7,52" who="1" fromWho="1" sc="265,-32,149,106,217,-32,359,-32" /><INIT seed="1,1,0,2,5,50" ten="233,255,185,327" oya="1" hai0="72,69,108,105,92,88,74,114,52,20,83,71,24" hai1="41,2,111,127,9,35,43,77,60,4,76,103,47" hai2="61,121,97,45,117,56,25,91,48,8,22,5,132" hai3="128,109,119,79,1,3,118,129,49,123,122,130,82"/><U62/><E127/><V6/><F121/><N who="3" m="46091" /><G49/><T131/><D114/><U81/><E35/><V29/><F117/><N who="3" m="44555" /><G109/><T53/><D105/><U30/><E30/><V102/><F132/><W89/><G89/><T70/><D131/><U112/><E112/><V115/><F115/><W80/><G80/><T99/><D108/><U98/><E111/><V51/><F91/><W124/><G124/><T54/><REACH who="0" step="1"/><D83/><REACH who="0" ten="223,255,185,327" step="2"/><U85/><E81/><V59/><F59/><W86/><AGARI ba="1,1" hai="1,3,79,82,86,128,129,130" m="44555,46091" machi="86" ten="40,2700,0" yaku="19,1,12,1" doraHai="50" who="3" fromWho="3" sc="223,-8,255,-14,185,-8,327,40" /><INIT seed="2,0,0,3,2,90" ten="215,241,177,367" oya="2" hai0="7,2,108,113,59,114,135,123,87,14,39,34,128" hai1="31,130,26,126,92,91,53,98,46,86,122,42,82" hai2="58,8,12,96,52,132,37,64,24,9,72,38,1" hai3="106,50,79,10,133,99,85,81,57,104,75,103,105"/><V11/><F72/><W18/><G133/><T21/><D39/><U3/><E3/><V44/><F1/><W109/><G109/><T95/><D123/><U77/><E130/><V78/><F132/><W5/><G18/><T29/><D135/><U0/><E0/><V35/><F78/><W30/><G30/><T48/><D108/><U49/><E126/><V71/><F71/><W65/><G50/><T83/><D128/><U125/><E125/><V116/><F116/><W118/><G118/><T97/><D114/><U76/><E122/><V32/><F64/><W45/><G45/><T80/><D113/><U120/><E120/><V69/><F69/><W55/><G65/><T36/><D36/><U94/><E94/><V127/><F127/><W47/><G47/><T23/><D34/><U56/><E26/><V4/><F4/><W121/><G121/><T74/><D74/><U22/><E22/><V28/><F35/><W89/><G55/><T111/><D2/><U100/><REACH who="1" step="1"/><E31/><REACH who="1" ten="215,231,177,367" step="2"/><V66/><F12/><W27/><G27/><T102/><D14/><U19/><E19/><V6/><F6/><W119/><G119/><T43/><D7/><U112/><E112/><V129/><F129/><W63/><G5/><T17/><D111/><U115/><E115/><V73/><F73/><W70/><G106/><T16/><D29/><U68/><E68/><V60/><REACH who="2" step="1"/><F96/><REACH who="2" ten="215,231,167,367" step="2"/><W51/><G99/><T41/><D97/><U131/><E131/><V110/><F110/><W33/><G33/><T117/><D117/><U13/><E13/><V61/><F61/><AGARI ba="0,2" hai="42,46,49,53,56,61,76,77,82,86,91,92,98,100" machi="61" ten="30,8000,1" yaku="1,1,7,1,8,1,52,1,53,1" doraHai="90" doraHaiUra="40" who="1" fromWho="2" sc="215,0,231,100,167,-80,367,0" /><INIT seed="3,0,0,5,1,23" ten="215,331,87,367" oya="3" hai0="64,55,128,100,3,10,53,2,51,1,13,107,103" hai1="57,4,30,99,38,56,97,132,25,92,40,45,113" hai2="104,49,52,108,133,9,126,71,117,111,16,105,77" hai3="75,62,21,36,39,118,44,130,73,68,72,95,129"/><W134/><G118/><T93/><D107/><U61/><E113/><V60/><F77/><W89/><G134/><T43/><D128/><N who="3" m="49257" /><G21/><T116/><D116/><U70/><E70/><V94/><F117/><W96/><G44/><T20/><D64/><AGARI ba="0,0" hai="36,39,62,64,68,72,73,75,89,95,96" m="49257" machi="64" ten="40,2000,0" yaku="19,1" doraHai="23" who="3" fromWho="0" sc="215,-20,331,0,87,0,367,20" owari="195,-20.0,331,13.0,87,-41.0,387,48.0" /></mjloggm>