<mjloggm ver="2.3"><GO type="169" lobby="0"/><UN n0="%E9%AB%98%E7%94%BA%EF%BC%A0%E3%81%AA%E3%81%AE%E3%81%AF" n1="%73%6F%64%6F%72" n2="%6C%6F%76%65%79%6F%75" n3="%E3%82%A6%E3%83%AB%E3%83%88%E3%83%A9%E7%AB%8B%E7%9B%B4" dan="16,16,17,17" rate="2136.94,2111.44,2208.11,2157.19" sx="F,M,M,M"/><TAIKYOKU oya="0"/><INIT seed="0,0,0,3,4,115" ten="250,250,250,250" oya="0" hai0="8,86,57,92,97,27,122,5,50,82,88,32,25" hai1="0,58,93,99,31,76,111,124,16,14,106,19,114" hai2="35,68,80,6,70,60,126,112,84,2,29,104,81" hai3="34,64,3,74,36,18,22,4,72,83,52,48,79"/><T59/><D122/><U1/><E114/><V127/><F112/><W118/><G34/><T33/><D33/><U39/><E39/><V44/><F104/><W41/><G118/><T131/><D131/><U103/><E111/><V107/><F107/><W71/><G64/><T30/><D27/><U47/><E124/><V53/><F6/><W134/><G71/><T21/><D32/><U26/><E47/><V42/><F2/><W9/><G134/><T87/><D50/><U130/><E130/><V78/><F81/><W102/><G102/><T11/><D87/><U89/><E76/><V67/><F53/><W129/><G129/><T120/><D120/><U132/><E132/><V45/><F68/><W110/><G110/><T55/><D55/><U85/><E58/><V77/><F77/><W54/><G72/><T28/><D28/><U65/><E65/><V56/><F70/><W40/><G36/><T13/><REACH who="0" step="1"/><D11/><REACH who="0" ten="240,250,250,250" step="2"/><U20/><REACH who="1" step="1"/><E19/><REACH who="1" ten="240,240,250,250" step="2"/><V96/><F126/><W100/><G54/><T23/><D23/><AGARI ba="0,2" hai="0,1,14,16,20,23,26,31,85,89,93,99,103,106" machi="23" ten="30,8000,1" yaku="1,1,2,1,7,1,54,1,53,1" doraHai="115" doraHaiUra="101" who="1" fromWho="0" sc="240,-80,240,100,250,0,250,0" /><INIT seed="1,0,0,4,2,74" ten="160,340,250,250" oya="1" hai0="44,25,79,0,11,83,54,7,101,50,23,117,5" hai1="133,17,96,51,13,88,115,126,97,134,29,69,48" hai2="124,45,104,26,59,125,130,100,60,72,1,114,84" hai3="135,98,103,73,118,93,34,35,107,58,112,4,12"/><U89/><E69/><V37/><F72/><W71/><G71/><T32/><D117/><U62/><E115/><V21/><F130/><W42/><G112/><T19/><D101/><U85/><E126/><V122/><F1/><W9/><G135/><N who="1" m="51722" /><E29/><V102/><F122/><W49/><G118/><T87/><D7/><U90/><E62/><V77/><F104/><W27/><G73/><T105/><D105/><U18/><E85/><V39/><F45/><W78/><G78/><T24/><REACH who="0" step="1"/><D32/><REACH who="0" ten="150,340,250,250" step="2"/><U109/><E109/><V41/><F114/><W64/><G35/><T10/><D10/><N who="1" m="6327" /><E18/><V33/><F125/><W66/><G34/><T110/><D110/><U57/><E57/><V132/><F33/><W2/><G58/><T128/><D128/><U30/><E30/><V22/><F59/><W121/><G4/><T82/><D82/><U53/><E53/><V113/><F124/><W91/><G9/><T61/><D61/><U75/><E75/><V81/><F60/><W120/><G121/><T47/><D47/><U15/><E15/><AGARI ba="0,1" hai="0,5,11,15,19,23,24,25,44,50,54,79,83,87" machi="15" ten="30,7700,0" yaku="1,1,7,1,52,1,53,1" doraHai="74" doraHaiUra="8" who="0" fromWho="1" sc="150,87,340,-77,250,0,250,0" /><INIT seed="2,0,0,1,1,56" ten="237,263,250,250" oya="2" hai0="122,84,26,105,112,94,110,62,47,116,130,83,113" hai1="86,49,63,76,39,30,1,80,5,50,107,91,132" hai2="100,102,54,51,101,124,21,78,74,22,123,85,8" hai3="29,75,125,134,58,19,11,35,68,57,131,4,114"/><V98/><F123/><W45/><G68/><T10/><D105/><U104/><E39/><V7/><F124/><W96/><G75/><T117/><D122/><U18/><E132/><V38/><F38/><W90/><G35/><T31/><D110/><U27/><E18/><V32/><F32/><W128/><G29/><T42/><D10/><U108/><E108/><V46/><F74/><W66/><G134/><T103/><D130/><U24/><E104/><V43/><F98/><W111/><G111/><T61/><D94/><U40/><E107/><V15/><REACH who="2" step="1"/><F54/><REACH who="2" ten="237,263,240,250" step="2"/><W13/><G125/><T79/><D103/><U33/><E33/><V67/><F67/><W6/><G66/><T73/><D73/><U23/><E40/><V92/><F92/><W133/><G133/><T120/><D120/><U69/><E80/><AGARI ba="0,1" hai="7,8,15,21,22,43,46,51,78,80,85,100,101,102" machi="80" ten="40,12000,1" yaku="1,1,25,2,8,1,53,0" doraHai="56" doraHaiUra="14" who="2" fromWho="1" sc="237,0,263,-120,240,130,250,0" /><INIT seed="2,1,0,5,4,44" ten="237,143,370,250" oya="2" hai0="119,110,93,27,106,31,124,26,51,82,113,96,7" hai1="60,70,29,33,104,48,22,63,117,25,28,87,100" hai2="118,132,122,74,6,135,77,62,34,64,45,53,102" hai3="13,58,133,56,79,88,30,15,99,61,130,47,5"/><V107/><F118/><W123/><G130/><T67/><D106/><U24/><E117/><V108/><F122/><W68/><G133/><N who="2" m="51273" /><F34/><W128/><G128/><T57/><D113/><U9/><E9/><V32/><F32/><W55/><G68/><T84/><D110/><U42/><E70/><V90/><F6/><W8/><G123/><T120/><D120/><U91/><E100/><V76/><F74/><W69/><G69/><T81/><D7/><U94/><REACH who="1" step="1"/><E104/><REACH who="1" ten="237,133,370,250" step="2"/><V66/><F102/><W37/><G8/><T129/><D119/><U10/><E10/><V54/><F107/><W11/><G11/><T126/><D129/><U86/><E86/><V14/><F108/><W111/><G111/><T127/><D84/><U17/><E17/><V71/><F71/><W0/><G5/><T95/><D31/><U59/><E59/><V85/><F85/><W20/><G58/><T72/><D72/><U40/><E40/><V114/><F114/><W109/><G56/><T131/><D131/><U49/><E49/><V2/><F2/><W101/><G0/><T89/><D67/><U115/><E115/><V65/><F65/><W92/><G109/><T75/><D75/><U19/><E19/><V43/><F66/><W1/><G1/><T52/><D95/><U12/><E12/><V39/><F14/><W18/><G13/><T105/><D105/><U50/><E50/><V134/><F134/><W23/><G15/><T125/><D125/><U35/><E35/><V80/><F64/><W16/><G92/><T112/><D112/><U73/><E73/><V3/><F3/><RYUUKYOKU ba="1,1" sc="237,15,133,15,370,-15,250,-15" hai0="26,27,51,52,57,81,82,89,93,96,124,126,127" hai1="22,24,25,28,29,33,42,48,60,63,87,91,94" /><INIT seed="3,2,1,2,0,101" ten="252,148,355,235" oya="3" hai0="19,86,74,35,41,1,121,9,10,115,103,16,37" hai1="7,53,15,51,85,20,69,22,67,120,65,34,4" hai2="113,75,0,6,123,66,39,46,117,12,79,77,55" hai3="60,58,11,122,43,21,26,116,56,48,81,80,96"/><W87/><G122/><T102/><D74/><U107/><E34/><V128/><F113/><W62/><G116/><T61/><D121/><U59/><E120/><V82/><F55/><W68/><G68/><T129/><D35/><U57/><E69/><V44/><F79/><W47/><G96/><T45/><D115/><U93/><E107/><V72/><F72/><W105/><G105/><T94/><D129/><U52/><E67/><V125/><F66/><W132/><G132/><T95/><D61/><N who="3" m="23657" /><G11/><T106/><D106/><U118/><E65/><V17/><F128/><W134/><G134/><T32/><D32/><U49/><E118/><V40/><F117/><W111/><G111/><T50/><D37/><U109/><E109/><V42/><F123/><W104/><G104/><T2/><D86/><U28/><E28/><V92/><F0/><W131/><G131/><T30/><D30/><U127/><E127/><V70/><F70/><W64/><G64/><T119/><D119/><U29/><E29/><V24/><F125/><W83/><G87/><T36/><D36/><U14/><E85/><V97/><F6/><W126/><G126/><T23/><D23/><U130/><E130/><V99/><F92/><AGARI ba="2,1" hai="4,7,14,15,20,22,49,51,52,53,57,59,92,93" machi="92" ten="25,6400,0" yaku="22,2,8,1,54,1" doraHai="101" who="1" fromWho="2" sc="252,0,148,80,355,-70,235,0" /><INIT seed="4,0,0,0,2,47" ten="252,228,285,235" oya="0" hai0="73,76,107,13,99,123,96,131,110,22,40,19,134" hai1="95,38,27,42,9,31,78,122,56,129,80,54,102" hai2="30,61,98,44,29,4,62,77,43,85,130,55,133" hai3="25,97,16,28,65,37,90,35,121,51,119,117,39"/><T60/><D123/><U24/><E122/><V53/><F130/><W109/><G109/><T68/><D131/><U94/><E129/><V87/><F4/><W63/><G121/><T70/><D110/><U72/><E9/><V66/><F98/><W116/><G51/><T79/><D134/><U32/><E27/><V103/><F103/><W52/><G52/><T2/><D2/><U84/><E102/><V45/><F133/><W120/><G120/><T125/><D125/><U115/><E115/><V46/><F77/><N who="0" m="29770" /><D70/><U124/><E124/><V6/><F6/><W89/><G16/><N who="0" m="10511" /><D68/><U58/><E58/><V36/><F66/><W12/><G12/><T1/><D107/><U57/><E57/><V71/><F43/><W86/><G97/><N who="0" m="37451" /><D73/><U132/><E72/><V92/><F36/><W26/><G26/><T108/><D1/><U41/><E132/><V114/><F71/><W10/><G10/><T7/><D7/><U5/><E5/><V127/><F114/><W18/><G18/><T17/><D108/><U20/><E32/><V135/><F127/><W33/><G33/><T59/><D40/><N who="1" m="15467" /><E38/><V105/><F105/><W104/><G104/><T49/><D60/><AGARI ba="0,0" hai="20,24,31,54,56,60,78,80,84,94,95" m="15467" machi="60" ten="30,1000,0" yaku="8,1" doraHai="47" who="1" fromWho="0" sc="252,-10,228,10,285,0,235,0" /><INIT seed="5,0,0,5,5,98" ten="242,238,285,235" oya="1" hai0="79,28,20,108,9,30,78,2,10,18,122,94,23" hai1="50,65,15,81,121,83,80,21,33,40,109,68,42" hai2="105,72,73,131,1,27,82,84,12,66,60,37,41" hai3="88,47,91,49,63,96,112,93,102,16,13,17,104"/><U34/><E121/><V32/><F1/><W55/><G112/><T87/><D122/><U69/><E109/><V48/><F105/><W4/><G104/><T100/><D108/><U118/><E118/><V54/><F12/><W132/><G132/><T58/><D2/><U117/><E117/><V111/><F27/><W92/><G63/><T51/><D23/><U71/><E65/><V135/><F32/><W52/><G55/><N who="0" m="32127" /><D30/><U107/><E107/><V99/><F135/><W24/><G24/><N who="0" m="14359" /><D28/><U125/><E125/><V26/><F111/><W103/><G4/><T123/><D123/><U61/><E61/><V29/><F26/><W22/><G17/><T74/><D74/><U45/><REACH who="1" step="1"/><E42/><REACH who="1" ten="242,228,285,235" step="2"/><V36/><F41/><W76/><G76/><N who="0" m="29227" /><D87/><AGARI ba="0,1" hai="13,16,22,47,49,52,87,88,91,92,93,96,102,103" machi="87" ten="30,12000,2" yaku="7,1,8,1,52,2,54,3" doraHai="98" who="3" fromWho="0" sc="242,-120,228,0,285,0,235,130" /><INIT seed="6,0,0,5,4,23" ten="122,228,285,365" oya="2" hai0="37,127,126,83,110,91,107,12,10,109,114,1,56" hai1="17,16,59,112,86,123,103,5,65,96,105,40,11" hai2="135,129,118,111,89,132,9,63,39,42,115,102,0" hai3="87,33,125,46,49,26,21,77,73,124,84,4,119"/><V27/><F118/><W41/><G33/><T24/><D37/><U81/><E112/><V134/><F115/><W53/><G4/><T36/><D36/><U88/><E40/><V121/><F121/><W44/><G73/><T19/><D107/><U28/><E28/><V93/><F129/><W67/><G67/><T57/><D114/><U60/><REACH who="1" step="1"/><E123/><REACH who="1" ten="122,218,285,365" step="2"/><V76/><F42/><W32/><G41/><T48/><D109/><U68/><E68/><V100/><F111/><W6/><G119/><T43/><D110/><U133/><E133/><V8/><F39/><W120/><G120/><T25/><D1/><AGARI ba="0,1" hai="1,5,11,16,17,59,60,65,81,86,88,96,103,105" machi="1" ten="30,7700,0" yaku="1,1,7,1,54,2,53,0" doraHai="23" doraHaiUra="70" who="1" fromWho="0" sc="122,-77,218,87,285,0,365,0" /><INIT seed="7,0,0,4,1,34" ten="45,305,285,365" oya="3" hai0="79,97,98,46,0,120,101,65,38,41,54,32,82" hai1="44,78,8,99,135,72,6,64,92,67,57,33,16" hai2="30,49,89,102,108,84,66,4,69,70,3,119,105" hai3="103,42,14,53,126,63,86,45,52,10,104,26,81"/><W39/><G126/><T127/><D54/><U59/><E33/><V117/><F108/><W100/><G26/><T121/><D97/><U125/><E125/><V58/><F30/><W13/><G13/><T110/><D65/><U11/><E135/><V128/><F128/><W112/><G112/><T87/><D110/><U9/><E44/><V106/><F69/><W5/><G104/><T55/><D55/><U74/><E78/><V113/><F113/><W2/><G2/><T48/><D127/><U133/><E133/><V37/><F37/><W23/><G23/><T19/><D19/><U24/><E6/><V60/><F58/><N who="1" m="22025" /><E74/><V107/><F49/><W77/><G53/><T88/><D32/><U51/><E51/><V76/><F76/><W90/><G77/><T22/><D22/><N who="1" m="13383" /><E72/><V56/><F70/><W36/><G36/><T130/><D130/><U129/><E129/><V118/><F102/><AGARI ba="0,0" hai="8,9,11,64,67,92,99,102" m="13383,22025" machi="102" ten="30,2000,0" yaku="8,1,54,1" doraHai="34" who="1" fromWho="2" sc="45,0,305,20,285,-20,365,0" owari="45,-45.0,325,13.0,265,-13.0,365,45.0" /></mjloggm>