<mjloggm ver="2.3"><GO type="41" lobby="0"/><UN n0="%E7%A5%9E%E9%87%8E%E7%BE%8E%E9%A6%99" n1="%73%73%79" n2="%E3%82%B9%E3%83%90%E3%83%BC%E3%83%AB%E3%83%90%E3%83%AB" n3="%E5%B0%B1%E6%B4%BB%E7%94%9F%40%E5%B7%9D%E6%9D%91%E8%BB%8D%E5%9B%A3" dan="15,13,13,16" rate="2059.01,1902.83,1844.68,2168.17" sx="F,M,M,M"/><TAIKYOKU oya="0"/><INIT seed="0,0,0,2,4,118" ten="250,250,250,250" oya="0" hai0="62,58,55,57,115,71,47,4,87,134,10,44,54" hai1="72,88,33,65,41,109,23,84,5,92,116,20,24" hai2="22,27,78,114,83,0,3,50,39,40,29,124,85" hai3="100,74,135,15,31,42,94,67,110,19,127,8,60"/><T123/><D115/><U131/><E116/><V79/><F114/><W64/><G74/><T126/><D126/><U25/><E72/><V13/><F124/><W120/><G127/><T37/><D134/><U14/><E33/><V66/><F66/><W73/><G73/><T102/><D71/><U98/><E109/><V45/><F79/><W99/><G110/><T56/><D123/><U108/><E108/><V112/><F112/><W35/><G135/><T75/><D75/><U48/><E65/><V96/><F39/><W68/><G67/><T106/><D37/><U26/><E131/><V70/><F70/><W80/><G80/><T21/><D21/><N who="1" m="8267" /><E14/><V113/><F113/><W32/><G31/><T77/><D102/><N who="1" m="60743" /><E5/><V86/><F86/><W49/><G35/><T129/><D106/><U36/><E36/><V11/><REACH who="2" step="1"/><F96/><REACH who="2" ten="250,250,240,250" step="2"/><W111/><G111/><T93/><D77/><U46/><E26/><V91/><F91/><W30/><G99/><T132/><D132/><U9/><E9/><V125/><F125/><W28/><G64/><T38/><D38/><U121/><E121/><V61/><F61/><W107/><G60/><T97/><D87/><U69/><E69/><V18/><AGARI ba="0,1" hai="0,3,11,13,18,22,27,29,40,45,50,78,83,85" machi="18" ten="20,2700,0" yaku="1,1,0,1,7,1,53,0" doraHai="118" doraHaiUra="119" who="2" fromWho="2" sc="250,-13,250,-7,240,37,250,-7" /><INIT seed="1,0,0,1,1,7" ten="237,243,277,243" oya="1" hai0="108,15,65,104,94,99,97,95,85,91,86,64,6" hai1="133,129,9,62,8,115,22,49,11,70,113,1,35" hai2="28,77,45,101,120,44,103,58,128,73,82,121,50" hai3="72,48,89,116,26,39,19,93,23,30,47,117,56"/><U68/><E35/><V21/><F128/><W31/><G72/><T42/><D108/><U61/><E1/><V29/><F45/><W114/><G114/><N who="1" m="43530" /><E129/><V92/><F92/><W38/><G38/><T36/><D104/><U131/><E131/><V37/><F37/><W80/><G39/><T118/><D118/><N who="3" m="45673" /><G80/><T110/><D110/><U13/><E13/><V130/><F130/><W74/><G56/><T79/><D42/><U32/><E32/><V84/><F73/><W52/><G74/><T20/><D36/><U59/><E59/><V127/><F127/><W71/><G71/><N who="1" m="27178" /><E49/><V63/><F120/><W88/><G89/><T46/><D46/><U109/><E109/><V75/><F121/><W98/><AGARI ba="0,0" hai="19,23,26,30,31,47,48,52,88,93,98" m="45673" machi="98" ten="30,4000,0" yaku="12,1,54,2" doraHai="7" who="3" fromWho="3" sc="237,-10,243,-20,277,-10,243,40" /><INIT seed="2,0,0,3,0,62" ten="227,223,267,283" oya="2" hai0="117,58,109,118,86,17,29,22,28,107,13,128,132" hai1="78,51,68,2,115,126,30,8,63,96,14,53,55" hai2="114,26,11,27,18,104,73,131,121,89,20,130,40" hai3="57,98,49,64,91,103,95,77,35,79,32,94,19"/><V113/><F104/><W100/><G35/><T33/><D107/><U82/><E115/><N who="2" m="44043" /><F73/><W72/><G32/><T125/><D109/><U43/><E2/><V15/><F40/><W41/><G72/><T124/><D86/><U61/><E96/><V81/><F89/><W92/><G19/><N who="0" m="10607" /><D58/><U90/><E30/><N who="0" m="11881" /><D33/><U24/><E24/><N who="2" m="9259" /><F81/><W129/><G129/><N who="2" m="49161" /><F121/><W34/><G34/><T39/><D128/><U9/><E43/><V6/><F6/><W80/><G100/><T85/><D85/><U60/><E90/><V119/><F119/><W120/><G120/><T12/><D39/><U1/><E68/><V4/><F4/><W0/><G79/><T135/><D118/><U106/><E78/><V76/><F76/><W65/><G77/><T116/><D116/><U46/><E106/><V31/><F31/><W99/><G80/><T123/><D123/><U42/><E82/><V21/><AGARI ba="0,0" hai="11,15,18,20,21" m="49161,9259,44043" machi="21" ten="40,7800,0" yaku="19,1,34,2" doraHai="62" who="2" fromWho="2" sc="227,-26,223,-26,267,78,283,-26" /><INIT seed="2,1,0,5,0,27" ten="201,197,345,257" oya="2" hai0="19,74,118,62,64,58,55,10,69,43,41,117,5" hai1="123,31,13,40,2,106,71,48,87,76,90,105,17" hai2="29,134,84,56,42,73,72,81,35,110,16,101,79" hai3="46,1,6,34,47,112,67,121,65,68,12,3,45"/><V120/><F120/><W26/><G121/><T127/><D74/><U86/><E123/><V80/><F101/><W83/><G112/><T104/><D104/><U97/><E2/><V113/><F113/><W119/><G119/><N who="0" m="45579" /><D19/><U49/><E71/><V109/><F134/><W9/><G68/><T115/><D115/><U92/><E31/><V11/><F42/><W4/><G4/><T37/><D37/><U54/><E76/><V39/><F39/><W95/><G83/><T21/><D21/><N who="1" m="11439" /><E106/><V38/><F56/><W93/><G3/><N who="0" m="319" /><D127/><U22/><E105/><V53/><F53/><W8/><G8/><T111/><D111/><N who="2" m="42506" /><F38/><W82/><G82/><T18/><D18/><U122/><E122/><V63/><F63/><AGARI ba="1,0" hai="41,43,55,58,62,63,64,69" m="319,45579" machi="63" ten="30,1000,0" yaku="12,1" doraHai="27" who="0" fromWho="2" sc="201,13,197,0,345,-13,257,0" /><INIT seed="3,0,0,0,0,85" ten="214,197,332,257" oya="3" hai0="37,12,19,34,131,36,83,89,76,135,80,90,51" hai1="50,109,73,96,116,67,120,81,128,77,3,39,86" hai2="101,30,121,88,16,6,66,65,17,28,68,124,8" hai3="106,74,103,56,98,10,23,132,104,11,99,111,75"/><W122/><G122/><T97/><D34/><U35/><E109/><V1/><F101/><W20/><G56/><T110/><D110/><U95/><E120/><V18/><F124/><W115/><G111/><T33/><D33/><U60/><E39/><V62/><F66/><W125/><G125/><T45/><D135/><U78/><E35/><V41/><F41/><W70/><G70/><T82/><D76/><U114/><E114/><V69/><F69/><W46/><G46/><T119/><D119/><U15/><E3/><V113/><F113/><W55/><G55/><T53/><D131/><U72/><E50/><V100/><F100/><W9/><G115/><T40/><D97/><U24/><E24/><V31/><F121/><W133/><G11/><T117/><D117/><U91/><E116/><V58/><F68/><W44/><G44/><T108/><D108/><U71/><E128/><V92/><REACH who="2" step="1"/><F30/><REACH who="2" ten="214,197,322,257" step="2"/><W4/><G103/><T21/><REACH who="0" step="1"/><D36/><REACH who="0" ten="204,197,322,257" step="2"/><U107/><E73/><V25/><F25/><W87/><G132/><T54/><D54/><U0/><E72/><V123/><F123/><W49/><G133/><T32/><D32/><U7/><E107/><V52/><F52/><W27/><G75/><T79/><D79/><U59/><E77/><V126/><F126/><W13/><G74/><T93/><D93/><U29/><E78/><V118/><F118/><W47/><G104/><T112/><D112/><U105/><E105/><V26/><F26/><W38/><G106/><T63/><D63/><U84/><E60/><V2/><F2/><W94/><G38/><T22/><D22/><RYUUKYOKU ba="0,2" sc="204,15,197,-15,322,15,257,-15" hai0="12,19,21,37,40,45,51,53,80,82,83,89,90" hai2="1,6,8,16,17,18,28,31,58,62,65,88,92" /><INIT seed="4,1,2,0,4,51" ten="219,182,337,242" oya="0" hai0="59,128,3,80,124,61,116,0,65,115,64,89,82" hai1="74,18,41,5,70,1,101,96,21,31,117,78,68" hai2="119,99,17,57,48,40,110,129,16,102,9,104,54" hai3="49,91,33,105,106,135,6,88,13,25,85,83,126"/><T122/><D116/><U111/><E117/><V4/><F129/><W60/><G126/><T27/><D122/><U108/><E111/><V79/><F110/><W38/><G38/><T26/><D124/><U56/><E108/><V53/><F119/><W86/><G135/><T30/><D128/><U52/><E41/><V72/><F40/><W84/><G60/><T87/><D115/><U127/><E31/><V55/><F72/><W44/><G85/><T107/><D107/><U69/><E127/><V34/><F34/><W42/><G33/><T71/><D27/><U58/><E58/><V47/><F79/><W43/><G43/><T23/><D65/><U109/><E109/><V123/><F123/><W131/><G25/><T94/><REACH who="0" step="1"/><D71/><REACH who="0" ten="209,182,337,242" step="2"/><U77/><E70/><V39/><F39/><W76/><G131/><T134/><D134/><U98/><E69/><V75/><F75/><W120/><G120/><T32/><D32/><U132/><E68/><V19/><REACH who="2" step="1"/><F47/><REACH who="2" ten="209,182,327,242" step="2"/><W113/><G44/><T112/><D112/><U67/><E74/><V36/><F36/><W29/><G113/><T7/><D7/><U8/><E5/><V103/><F103/><W100/><G6/><T11/><D11/><U62/><E8/><V81/><F81/><AGARI ba="1,4" hai="0,3,23,26,30,59,61,64,80,81,82,87,89,94" machi="81" ten="40,2000,0" yaku="1,1,53,0" doraHai="51" doraHaiUra="66" who="0" fromWho="2" sc="209,63,182,0,327,-23,242,0" /><INIT seed="4,2,0,0,1,86" ten="272,182,304,242" oya="0" hai0="71,102,48,4,55,21,121,9,33,92,124,49,43" hai1="59,38,106,32,14,77,90,114,34,118,93,45,131" hai2="35,22,78,12,104,53,27,98,129,87,80,64,52" hai3="30,29,126,20,6,94,23,0,39,122,111,81,84"/><T95/><D33/><U132/><E118/><V103/><F129/><W54/><G39/><T65/><D121/><U110/><E110/><V96/><F35/><W63/><G122/><T1/><D43/><U85/><E106/><V42/><F42/><W28/><G126/><T112/><D124/><U17/><E131/><V18/><F64/><W125/><G125/><T130/><D130/><U83/><E132/><V107/><F107/><W74/><G111/><T76/><D76/><U128/><E128/><V100/><F100/><W119/><G119/><T89/><D112/><U133/><E133/><V97/><F97/><W127/><G127/><T75/><D75/><U25/><E114/><V31/><REACH who="2" step="1"/><F98/><REACH who="2" ten="272,182,294,242" step="2"/><W41/><G41/><T91/><D102/><U3/><E34/><V26/><F26/><W46/><G54/><T62/><D55/><U113/><E25/><V79/><F79/><W60/><G74/><T67/><D67/><U24/><E32/><V105/><F105/><W73/><G73/><T120/><D120/><U134/><E24/><V56/><F56/><W99/><G46/><T66/><D66/><U117/><E134/><V50/><F50/><W19/><G99/><T70/><D49/><U11/><E45/><V13/><F13/><W69/><G0/><T7/><D48/><U123/><E3/><V135/><F135/><W47/><G47/><T16/><D1/><U82/><E14/><V2/><F2/><W58/><G58/><T72/><D65/><U116/><E59/><V109/><F109/><W115/><G69/><T36/><D71/><U37/><E117/><RYUUKYOKU ba="2,1" sc="272,-10,182,-10,294,30,242,-10" hai2="12,18,22,27,31,52,53,78,80,87,96,103,104" /><INIT seed="5,3,1,0,5,60" ten="262,172,324,232" oya="1" hai0="20,103,116,110,135,0,48,88,84,102,55,67,15" hai1="129,122,46,120,58,28,82,96,59,9,61,47,87" hai2="39,97,62,33,6,63,16,56,128,68,112,19,98" hai3="76,52,133,114,109,80,89,77,104,132,74,7,13"/><U124/><E124/><V66/><F33/><W127/><G109/><T57/><D110/><U8/><E129/><V134/><F39/><W5/><G104/><T105/><D116/><U30/><E122/><V45/><F45/><N who="1" m="16905" /><E120/><V71/><F134/><N who="3" m="51819" /><G127/><T130/><D0/><U49/><E49/><V1/><F128/><W106/><G106/><T86/><D130/><U108/><E108/><V81/><F1/><W4/><G114/><T14/><D135/><U85/><E96/><V37/><F37/><W131/><G131/><T40/><D40/><U32/><E32/><V50/><F6/><W117/><G117/><T22/><D86/><N who="1" m="32779" /><E82/><V72/><F50/><W73/><G89/><T125/><D125/><U83/><E83/><V99/><F72/><N who="3" m="27755" /><G80/><T93/><D105/><U3/><E3/><V24/><F81/><W21/><G52/><T34/><D34/><U70/><E70/><V12/><F24/><W75/><G75/><T51/><D51/><U126/><E126/><V121/><F121/><W10/><G21/><T79/><D22/><U23/><E23/><V26/><F26/><W11/><G13/><T36/><D15/><U115/><E115/><V42/><F112/><W78/><AGARI ba="3,1" hai="4,5,7,10,11,76,77,78" m="27755,51819" machi="78" ten="40,5200,0" yaku="28,2,20,1" doraHai="60" who="3" fromWho="3" sc="262,-16,172,-29,324,-16,232,71" /><INIT seed="6,0,0,2,0,128" ten="246,143,308,303" oya="2" hai0="65,30,103,87,18,56,63,76,127,90,11,22,134" hai1="120,75,73,72,6,121,48,58,102,17,132,124,113" hai2="62,93,108,98,55,26,36,21,31,81,53,41,130" hai3="131,89,29,20,60,54,24,13,10,80,19,35,66"/><V47/><F130/><W43/><G131/><T106/><D127/><U74/><E6/><V126/><F126/><W122/><G122/><N who="1" m="47210" /><E124/><V4/><F108/><W129/><G129/><T1/><D30/><U92/><E17/><V82/><F4/><W50/><G43/><T51/><D76/><U79/><E48/><V28/><F28/><W8/><G89/><T125/><D125/><U111/><E58/><V12/><F12/><W45/><REACH who="3" step="1"/><G80/><REACH who="3" ten="246,143,308,293" step="2"/><T46/><D90/><U49/><E79/><V110/><F110/><W100/><G100/><T57/><D103/><U23/><E111/><V15/><F81/><W61/><G61/><T64/><D63/><U86/><E102/><V71/><F82/><W42/><G42/><T52/><D1/><U25/><E49/><V67/><REACH who="2" step="1"/><F15/><REACH who="2" ten="246,143,298,293" step="2"/><W16/><G16/><T83/><D18/><U59/><E25/><V0/><F0/><W5/><G5/><T70/><D83/><U34/><E72/><V68/><F68/><AGARI ba="0,2" hai="8,10,13,19,20,24,29,35,45,50,54,60,66,68" machi="68" ten="30,2000,0" yaku="1,1,7,1,53,0" doraHai="128" doraHaiUra="88" who="3" fromWho="2" sc="246,0,143,0,298,-20,293,40" /><INIT seed="7,0,0,2,4,93" ten="246,143,278,333" oya="3" hai0="134,39,31,7,0,42,68,35,33,92,105,37,45" hai1="82,114,96,8,46,122,20,79,60,24,131,3,15" hai2="117,14,28,118,100,85,34,19,50,97,80,98,56" hai3="112,61,51,125,113,40,104,17,121,26,4,77,21"/><W127/><G104/><T90/><D105/><U52/><E122/><V109/><F109/><W76/><G121/><T130/><D68/><U86/><E3/><V132/><F132/><W6/><G61/><T66/><D66/><U43/><E114/><N who="3" m="44138" /><G51/><T63/><D63/><U128/><E131/><V111/><F111/><W72/><G40/><T115/><D115/><U22/><E128/><V1/><F1/><W12/><G72/><T64/><D64/><U62/><E22/><V94/><F28/><N who="3" m="17487" /><G76/><T13/><D130/><U44/><E44/><V41/><F34/><W29/><G29/><T59/><D59/><U73/><E73/><V87/><F87/><W116/><G77/><T49/><D0/><U23/><E23/><V102/><F56/><W81/><G81/><T11/><D134/><U74/><E74/><V75/><F50/><W106/><G106/><T129/><D129/><U10/><E10/><V36/><F41/><W65/><G65/><T95/><D95/><U18/><E52/><V25/><F36/><W103/><G103/><T70/><D70/><U107/><E107/><V126/><F75/><W32/><G32/><T48/><D39/><U135/><E135/><V88/><F25/><W5/><G116/><T54/><D31/><U71/><E71/><V108/><F108/><W9/><AGARI ba="0,0" hai="4,5,6,9,12,17,125,127" m="17487,44138" machi="9" ten="40,7800,0" yaku="15,1,34,2" doraHai="93" who="3" fromWho="3" sc="246,-26,143,-26,278,-26,333,78" owari="220,-18.0,117,-38.0,252,5.0,411,51.0" /></mjloggm>