<mjloggm ver="2.3"><GO type="41" lobby="0"/><UN n0="%E7%9C%9F%E9%8D%8B" n1="%47%53%32%30%31%32%4D" n2="%E5%B0%B1%E6%B4%BB%E7%94%9F%40%E5%B7%9D%E6%9D%91%E8%BB%8D%E5%9B%A3" n3="%E3%82%A2%E3%83%8F%E3%83%94" dan="14,13,14,14" rate="1975.73,1923.12,1927.37,1957.12" sx="M,M,M,M"/><TAIKYOKU oya="0"/><INIT seed="0,0,0,5,0,120" ten="250,250,250,250" oya="0" hai0="5,11,73,44,32,12,15,108,63,123,2,17,68" hai1="10,92,124,64,88,89,28,31,27,125,105,18,134" hai2="41,112,80,45,14,72,66,59,67,117,22,118,91" hai3="77,109,20,131,48,111,76,34,30,113,130,61,16"/><T94/><D73/><U95/><E105/><V101/><F112/><W74/><G113/><T36/><D123/><U46/><E46/><V127/><F101/><W24/><G48/><T19/><D32/><U54/><E64/><V33/><F33/><W58/><G74/><T81/><D81/><U110/><E54/><V121/><F121/><W90/><G90/><N who="1" m="34922" /><E134/><V97/><F127/><N who="1" m="48713" /><E10/><V104/><F104/><W106/><G106/><T100/><D68/><U93/><E110/><N who="3" m="41994" /><G77/><T103/><D108/><U43/><E43/><V69/><F69/><W133/><G76/><T13/><D63/><U21/><AGARI ba="0,0" hai="18,21,27,28,31,92,93,95" m="48713,34922" machi="21" ten="40,2700,0" yaku="18,1,54,1" doraHai="120" who="1" fromWho="1" sc="250,-13,250,27,250,-7,250,-7" /><INIT seed="1,0,0,0,4,113" ten="237,277,243,243" oya="1" hai0="95,56,90,125,102,62,100,123,13,77,91,67,131" hai1="25,34,99,43,96,114,38,122,48,58,86,132,83" hai2="60,111,35,37,118,106,20,88,68,116,49,84,64" hai3="4,74,41,16,47,79,39,93,0,69,89,109,5"/><U6/><E114/><V133/><F106/><W103/><G109/><T33/><D33/><U10/><E122/><V11/><F35/><W105/><G69/><T28/><D123/><U7/><E132/><V3/><F37/><W87/><G0/><T63/><D77/><U29/><E38/><V59/><F133/><W8/><G8/><T55/><D131/><U121/><E121/><V61/><F111/><W17/><G5/><T31/><D125/><U130/><E6/><V44/><F20/><W135/><G4/><T94/><D13/><U54/><E43/><V32/><F32/><W26/><G26/><T72/><D72/><U92/><E92/><V117/><F11/><W101/><G135/><T127/><D127/><U1/><REACH who="1" step="1"/><E130/><REACH who="1" ten="237,267,243,243" step="2"/><V23/><F3/><W85/><G41/><T126/><D126/><U53/><E53/><V66/><F23/><W124/><G39/><T21/><D21/><U57/><E57/><V19/><F19/><W82/><G124/><T27/><D27/><U78/><AGARI ba="0,1" hai="1,7,10,25,29,34,48,54,58,78,83,86,96,99" machi="78" ten="20,3900,0" yaku="1,1,0,1,7,1,53,0" doraHai="113" doraHaiUra="134" who="1" fromWho="1" sc="237,-13,267,49,243,-13,243,-13" /><INIT seed="1,1,0,2,2,133" ten="224,316,230,230" oya="1" hai0="26,52,51,131,100,53,103,130,109,22,89,95,78" hai1="111,75,25,8,45,46,10,76,115,4,69,13,17" hai2="41,11,99,56,34,64,134,68,120,50,66,48,65" hai3="5,113,23,35,107,77,84,106,1,79,54,94,91"/><U12/><E115/><V125/><F134/><W73/><G35/><T83/><D109/><U92/><E69/><V3/><F34/><W36/><G36/><T19/><D53/><U6/><E111/><V80/><F120/><W61/><G23/><T63/><D63/><U112/><E112/><V14/><F68/><W24/><G24/><T20/><D20/><U38/><E38/><V123/><F3/><W116/><G116/><T0/><D0/><U74/><E74/><V126/><F123/><W87/><G54/><T28/><D28/><U31/><E76/><V67/><F99/><W122/><G61/><T135/><D135/><U101/><E75/><V118/><F118/><W128/><G5/><T43/><D43/><U40/><E17/><V37/><F80/><W29/><G29/><T90/><D90/><U16/><E40/><V33/><F33/><W44/><G1/><T114/><D114/><U121/><E121/><V104/><F104/><W2/><G2/><T71/><D71/><U55/><E55/><V62/><F37/><W110/><G107/><T7/><D7/><U98/><REACH who="1" step="1"/><E4/><REACH who="1" ten="224,306,230,230" step="2"/><N who="2" m="3431" /><F41/><W15/><G73/><T27/><D27/><U93/><E93/><V86/><F65/><W82/><G110/><T129/><D78/><U105/><E105/><V96/><F67/><W49/><G106/><T32/><D83/><U88/><E88/><V81/><F64/><W127/><G79/><T117/><D117/><U60/><E60/><V47/><F48/><W72/><G122/><T102/><D89/><U85/><E85/><V18/><F50/><W58/><G113/><RYUUKYOKU ba="1,1" sc="224,-10,306,30,230,-10,230,-10" hai1="6,8,10,12,13,16,25,31,45,46,92,98,101" /><INIT seed="1,2,1,4,1,92" ten="214,336,220,220" oya="1" hai0="39,134,83,108,113,86,118,77,30,97,61,59,25" hai1="70,94,32,26,127,55,102,131,112,58,116,7,88" hai2="98,23,99,84,10,12,125,44,28,80,8,13,41" hai3="6,117,42,101,16,18,74,91,49,95,121,105,79"/><U78/><E116/><V37/><F125/><W15/><G121/><T47/><D118/><U115/><E127/><V103/><F103/><W104/><G74/><T3/><D3/><U96/><E70/><V60/><F60/><W109/><G109/><T133/><D108/><U69/><E69/><V122/><F122/><W17/><G79/><T106/><D113/><U63/><E131/><V129/><F129/><W29/><G29/><T1/><D1/><U132/><E132/><N who="0" m="50793" /><D39/><U53/><E78/><V22/><F28/><W38/><G38/><T65/><D47/><U14/><E53/><V35/><F35/><W130/><G130/><T21/><D106/><U57/><E57/><V19/><F23/><W72/><G72/><T20/><D97/><U107/><E32/><AGARI ba="2,1" hai="20,21,25,30,32,59,61,65,77,83,86" m="50793" machi="32" ten="30,1000,0" yaku="20,1" doraHai="92" who="0" fromWho="1" sc="214,26,336,-16,220,0,220,0" /><INIT seed="2,0,0,3,3,100" ten="240,320,220,220" oya="2" hai0="132,70,46,77,51,31,96,44,52,38,117,127,97" hai1="4,115,55,101,69,113,111,82,80,81,104,88,93" hai2="5,75,11,74,78,23,29,114,99,94,107,28,66" hai3="25,59,8,120,40,65,49,13,33,50,128,32,35"/><V9/><F114/><N who="1" m="43529" /><E55/><V21/><F66/><W76/><G120/><T62/><D117/><U98/><E4/><V2/><F107/><W30/><G128/><T129/><D129/><U19/><E19/><V85/><F85/><W135/><G135/><T63/><D132/><U116/><E69/><V17/><F11/><W47/><G76/><T95/><D31/><U41/><E41/><V48/><F48/><W22/><G65/><T45/><D77/><U18/><E18/><V68/><F68/><W84/><G84/><T125/><D70/><U105/><E116/><V72/><F78/><W15/><G59/><T6/><D6/><U106/><E111/><V34/><F34/><W3/><G50/><T112/><D112/><U119/><E119/><V83/><F83/><W10/><G3/><T12/><D12/><U86/><AGARI ba="0,0" hai="80,81,82,86,88,93,98,101,104,105,106" m="43529" machi="86" ten="40,12000,2" yaku="34,2,52,3,54,1" doraHai="100" who="1" fromWho="1" sc="240,-30,320,120,220,-60,220,-30" /><INIT seed="3,0,0,2,3,48" ten="210,440,160,190" oya="3" hai0="65,121,135,111,134,98,70,44,96,91,38,87,49" hai1="55,57,61,126,97,125,104,71,82,92,69,101,39" hai2="46,90,13,20,60,56,109,112,63,73,79,32,83" hai3="75,33,54,22,9,127,40,4,37,43,105,95,17"/><W58/><G105/><T41/><D121/><U103/><E39/><V130/><F112/><W107/><G107/><T29/><D29/><U16/><E82/><V78/><F32/><W23/><G75/><T81/><D111/><U93/><E103/><V129/><F109/><W5/><G33/><T7/><D7/><U27/><E92/><V34/><F34/><W31/><G127/><N who="1" m="48650" /><E104/><V0/><F0/><W64/><G64/><T128/><D128/><N who="2" m="49258" /><F78/><W77/><G77/><T21/><D21/><AGARI ba="0,0" hai="16,21,27,55,57,61,69,71,93,97,101" m="48650" machi="21" ten="30,3900,0" yaku="18,1,52,1,54,1" doraHai="48" who="1" fromWho="0" sc="210,-39,440,39,160,0,190,0" /><INIT seed="4,0,0,0,1,39" ten="171,479,160,190" oya="0" hai0="5,131,36,134,88,121,66,101,71,55,29,20,102" hai1="112,74,38,64,113,93,7,26,128,24,82,9,58" hai2="63,99,124,12,116,108,135,91,86,85,127,97,119" hai3="130,122,4,1,40,110,56,109,106,17,45,49,10"/><T103/><D36/><U72/><E38/><V70/><F70/><W53/><G106/><T81/><D121/><U123/><E123/><V43/><F63/><W22/><G122/><T47/><D71/><U80/><E93/><N who="2" m="54511" /><F12/><W84/><G130/><T69/><D131/><U8/><E128/><V83/><F43/><W52/><G84/><N who="0" m="50191" /><D69/><U59/><E7/><V54/><F54/><W2/><G2/><T78/><D78/><U95/><E95/><V126/><F108/><W30/><G30/><T133/><D66/><AGARI ba="0,0" hai="8,9,24,26,58,59,64,66,72,74,80,82,112,113" machi="66" ten="25,1600,0" yaku="22,2" doraHai="39" who="1" fromWho="0" sc="171,-16,479,16,160,0,190,0" /><INIT seed="5,0,0,3,0,9" ten="155,495,160,190" oya="1" hai0="58,57,30,87,86,76,85,54,50,106,24,59,71" hai1="3,134,133,117,15,98,46,94,11,0,132,75,33" hai2="47,16,102,77,36,25,118,23,28,6,122,113,55" hai3="39,92,101,91,70,80,120,114,4,12,135,51,62"/><U45/><E117/><V69/><F122/><W109/><G39/><T78/><D71/><U21/><E21/><V89/><F69/><W5/><G109/><T31/><D106/><U34/><E75/><V99/><F118/><W128/><G120/><T123/><D123/><U111/><E111/><V82/><F6/><W131/><G114/><T90/><D90/><N who="1" m="55639" /><E46/><V18/><F113/><W67/><G135/><N who="1" m="34562" /><U38/><DORA hai="73" /><E45/><V66/><F66/><W124/><G124/><T93/><D93/><U125/><E38/><V100/><F89/><W41/><G101/><T129/><D129/><U96/><E96/><V32/><F32/><N who="1" m="12393" /><E125/><V7/><F99/><W19/><G128/><T127/><D127/><U2/><E2/><V49/><F36/><W37/><G37/><T88/><D88/><U121/><E121/><V126/><F126/><W105/><G91/><T44/><REACH who="0" step="1"/><D24/><REACH who="0" ten="145,495,160,190" step="2"/><U119/><E119/><V79/><F102/><W107/><G131/><T8/><D8/><U17/><AGARI ba="0,1" hai="0,3,11,15,17" m="12393,34562,55639" machi="17" ten="50,4800,0" yaku="20,1,52,1" doraHai="9,73" who="1" fromWho="1" sc="145,-16,495,58,160,-16,190,-16" /><INIT seed="5,1,0,5,5,35" ten="129,553,144,174" oya="1" hai0="46,109,99,97,18,101,16,92,68,87,41,115,125" hai1="74,2,59,73,80,72,103,133,124,27,43,79,23" hai2="12,21,66,107,113,8,14,65,9,56,90,132,84" hai3="122,15,100,85,11,102,116,34,106,39,94,13,38"/><U93/><E133/><V123/><F123/><W75/><G75/><T45/><D68/><U32/><E124/><V89/><F107/><W67/><G34/><T76/><D125/><U24/><E32/><V95/><F132/><W60/><G106/><T50/><D109/><U36/><E27/><V130/><F130/><W64/><G85/><T71/><D71/><U119/><E119/><V44/><F113/><W69/><G94/><T105/><D115/><U131/><E131/><V26/><F44/><W58/><G69/><T83/><D46/><U3/><E59/><V126/><F126/><W86/><G86/><T47/><D47/><U37/><E43/><V49/><F89/><AGARI ba="1,0" hai="16,18,41,45,50,76,83,87,89,92,97,99,101,105" machi="89" ten="30,2000,0" yaku="7,1,54,1" doraHai="35" who="0" fromWho="2" sc="129,23,553,0,144,-23,174,0" /><INIT seed="6,0,0,5,0,51" ten="152,553,121,174" oya="2" hai0="90,39,100,28,96,56,65,48,19,108,32,115,49" hai1="67,15,30,123,107,102,18,11,37,10,78,2,16" hai2="87,110,74,126,9,1,79,76,71,120,129,23,116" hai3="50,98,83,59,5,27,60,128,34,72,109,122,13"/><V92/><F71/><W3/><G109/><T121/><D39/><U47/><E123/><V135/><F120/><W64/><G128/><T105/><D108/><U20/><E67/><V112/><F116/><W62/><G122/><T131/><D121/><U44/><E78/><V6/><F110/><W93/><G3/><T4/><D131/><U114/><E114/><V73/><F129/><W82/><G72/><T52/><D4/><U119/><E119/><V21/><F112/><W94/><G34/><T43/><D115/><U130/><E130/><V75/><F135/><W33/><G33/><T45/><D65/><U38/><E2/><V124/><F79/><W118/><G27/><T66/><D66/><U97/><E30/><V53/><F53/><W91/><G93/><T29/><D32/><U133/><E133/><V132/><F132/><W61/><G64/><T25/><D90/><U57/><E57/><V104/><F104/><W84/><G98/><T17/><D17/><U35/><E35/><V14/><F1/><W95/><G95/><T127/><D127/><N who="2" m="48682" /><F76/><W46/><G59/><T106/><REACH who="0" step="1"/><D105/><REACH who="0" ten="142,553,121,174" step="2"/><U81/><E81/><V8/><F8/><N who="3" m="4239" /><G118/><T36/><D36/><U58/><E37/><V63/><F63/><W117/><G117/><T24/><D24/><U42/><E38/><V99/><F87/><W40/><AGARI ba="0,1" hai="40,46,50,60,61,62,82,83,84,91,94" m="4239" machi="40" ten="30,1100,0" yaku="8,1" doraHai="51" who="3" fromWho="3" sc="142,-3,553,-3,121,-5,174,21" /><INIT seed="7,0,0,0,5,26" ten="139,550,116,195" oya="3" hai0="122,1,101,19,66,61,36,79,2,60,45,92,73" hai1="116,78,40,58,25,77,12,117,65,43,118,125,21" hai2="104,96,80,3,35,103,94,10,59,16,124,72,29" hai3="52,74,99,114,42,88,37,85,18,48,53,54,4"/><W8/><G114/><T34/><D122/><U91/><E125/><V68/><F68/><W14/><G74/><T135/><D34/><U112/><E112/><V98/><F124/><W75/><G75/><T82/><D135/><U100/><E12/><V63/><F72/><W24/><G99/><T15/><D61/><N who="1" m="38071" /><E91/><V49/><F80/><W132/><G132/><T111/><D111/><U126/><E100/><V67/><F49/><W31/><G37/><T133/><D133/><U123/><E123/><V50/><F50/><W113/><G113/><T84/><D36/><U109/><E109/><V41/><F41/><N who="1" m="15945" /><E126/><V30/><F35/><W89/><G4/><T11/><D45/><U5/><E5/><V9/><F3/><W20/><G85/><T33/><D33/><U28/><AGARI ba="0,0" hai="21,25,28,77,78,116,117,118" m="15945,38071" machi="28" ten="40,2700,0" yaku="12,1,52,1" doraHai="26" who="1" fromWho="1" sc="139,-7,550,27,116,-7,195,-13" owari="132,-27.0,577,68.0,109,-39.0,182,-2.0" /></mjloggm>