<mjloggm ver="2.3"><GO type="169" lobby="0"/><UN n0="%6D%6F%74%69%37%32%2E%2E" n1="%E5%B0%B1%E6%B4%BB%E7%94%9F%40%E5%B7%9D%E6%9D%91%E8%BB%8D%E5%9B%A3" n2="%73%73%74%61%72%6F" n3="%E3%81%8D%E3%81%8D%E3%81%8D%E3%82%8A%E3%82%93%E3%81%A7%E3%81%99%E3%80%82" dan="16,16,17,17" rate="2109.56,2011.87,2077.95,2092.30" sx="M,M,M,M"/><TAIKYOKU oya="0"/><INIT seed="0,0,0,1,0,80" ten="250,250,250,250" oya="0" hai0="126,73,85,109,103,111,20,32,47,30,65,108,3" hai1="67,19,43,23,66,125,76,64,69,25,52,106,77" hai2="62,11,63,107,35,10,2,15,110,119,55,22,134" hai3="56,72,24,8,1,92,83,87,113,88,48,84,60"/><T114/><D73/><U118/><E69/><V104/><F110/><W79/><G113/><T0/><D32/><U49/><E118/><V90/><F35/><W74/><G48/><T123/><D114/><U97/><E125/><V75/><F119/><W58/><G58/><T9/><D123/><U34/><E43/><V96/><F75/><W5/><G24/><N who="0" m="16647" /><D126/><U53/><E53/><AGARI ba="0,0" hai="1,5,8,53,56,60,72,74,79,83,84,87,88,92" machi="53" ten="30,7700,0" yaku="7,1,52,2,54,1" doraHai="80" who="3" fromWho="1" sc="250,0,250,-77,250,0,250,77" /><INIT seed="1,0,0,1,0,87" ten="250,173,250,327" oya="1" hai0="97,66,28,74,75,92,60,86,134,58,50,10,47" hai1="105,96,7,91,11,3,57,77,89,40,39,76,52" hai2="55,22,72,34,71,19,94,114,18,127,51,54,126" hai3="56,38,23,135,81,108,31,82,59,100,85,43,125"/><U121/><E121/><V90/><F72/><W67/><G108/><T25/><D134/><U36/><E105/><V27/><F114/><W118/><G135/><T120/><D86/><U62/><E96/><V130/><F71/><W84/><G100/><T13/><D120/><U119/><E119/><V53/><F130/><W42/><G38/><T35/><D13/><U132/><E132/><V122/><F122/><W102/><G102/><T45/><D10/><U88/><REACH who="1" step="1"/><E39/><REACH who="1" ten="250,163,250,327" step="2"/><V83/><F127/><W80/><G125/><T20/><D35/><U14/><E14/><V116/><F126/><W2/><G118/><T8/><D8/><U133/><E133/><V113/><F116/><W46/><G2/><T1/><D1/><U5/><E5/><V37/><F37/><W6/><G6/><T16/><D28/><U44/><AGARI ba="0,1" hai="3,7,11,36,40,44,52,57,62,76,77,88,89,91" machi="44" ten="30,24000,3" yaku="1,1,0,1,52,3,54,2,53,1" doraHai="87" doraHaiUra="4" who="1" fromWho="1" sc="250,-80,163,250,250,-80,327,-80" /><INIT seed="1,1,0,2,3,122" ten="170,413,170,247" oya="1" hai0="104,44,86,19,126,102,41,76,116,73,59,68,87" hai1="47,24,39,82,101,72,36,95,29,45,114,78,123" hai2="33,69,107,91,110,98,28,70,51,71,127,113,3" hai3="55,129,124,38,88,17,52,119,31,85,57,117,112"/><U23/><E123/><V81/><F113/><W13/><G112/><T67/><D68/><U84/><E114/><V75/><F127/><W99/><G124/><T130/><D116/><N who="3" m="44617" /><G38/><T2/><D2/><U103/><E103/><V35/><F3/><W4/><G129/><T30/><D126/><U56/><E56/><V65/><F110/><W125/><G125/><T25/><D19/><U37/><REACH who="1" step="1"/><E84/><REACH who="1" ten="170,403,170,247" step="2"/><V48/><F71/><W66/><G85/><T97/><D87/><U100/><E100/><V26/><F70/><W128/><G57/><T115/><D86/><U94/><E94/><V93/><F107/><W53/><G128/><T8/><D115/><U77/><E77/><V42/><F69/><W50/><G88/><T6/><D76/><U14/><E14/><V20/><F91/><W43/><G13/><T46/><D130/><U134/><E134/><V132/><F93/><W121/><G121/><T9/><D59/><U21/><E21/><V111/><F20/><W80/><G80/><T60/><D102/><U109/><E109/><V7/><F111/><W15/><G15/><T89/><D89/><U32/><E32/><V61/><F33/><W131/><G131/><T74/><D104/><U105/><E105/><V1/><F132/><W79/><G79/><T108/><D108/><U18/><E18/><V90/><F35/><W58/><G17/><T135/><D135/><U106/><E106/><V54/><F90/><W83/><G83/><T22/><D22/><U64/><E64/><V10/><F81/><W16/><G66/><T49/><D67/><U34/><E34/><RYUUKYOKU ba="1,1" sc="170,-10,403,30,170,-10,247,-10" hai1="23,24,29,36,37,39,45,47,72,78,82,95,101" /><INIT seed="1,2,1,0,5,129" ten="160,433,160,237" oya="1" hai0="130,26,48,106,135,10,54,86,0,100,113,80,22" hai1="81,68,19,105,88,115,78,46,111,24,41,128,51" hai2="29,66,63,97,55,101,6,122,132,62,37,28,13" hai3="96,32,133,109,102,83,77,52,131,7,53,121,79"/><U15/><E115/><V39/><F122/><W74/><G121/><T114/><D130/><U107/><E68/><V40/><F132/><W14/><G131/><T27/><D135/><U31/><E128/><V99/><F55/><W85/><G32/><T119/><D119/><U73/><E111/><V35/><F35/><W89/><G133/><T117/><D117/><U42/><E42/><V30/><F40/><W11/><G109/><T72/><D72/><U116/><E116/><V58/><F63/><W92/><REACH who="3" step="1"/><G79/><REACH who="3" ten="160,433,160,227" step="2"/><T70/><D113/><U20/><REACH who="1" step="1"/><E88/><REACH who="1" ten="160,423,160,227" step="2"/><V125/><F39/><W118/><G118/><T112/><D112/><U108/><E108/><V94/><F37/><W9/><G9/><AGARI ba="2,3" hai="9,15,19,20,24,31,41,46,51,73,78,81,105,107" machi="9" ten="30,2900,0" yaku="1,1,7,1,53,0" doraHai="129" doraHaiUra="134" who="1" fromWho="3" sc="160,0,423,65,160,0,227,-35" /><INIT seed="1,3,0,4,2,58" ten="160,488,160,192" oya="1" hai0="32,91,47,11,100,69,102,49,108,34,29,68,117" hai1="51,10,5,80,118,116,107,132,38,120,37,55,114" hai2="92,13,43,27,112,123,78,62,54,131,96,19,64" hai3="4,56,86,75,36,105,16,94,84,14,44,124,127"/><U26/><E107/><V8/><F123/><W28/><G105/><T17/><D117/><U109/><E120/><V83/><F112/><W99/><G75/><T23/><D11/><U110/><E114/><V98/><F131/><W90/><G4/><T88/><D108/><N who="1" m="41579" /><E80/><V129/><F129/><W61/><G28/><T12/><D69/><U95/><E95/><V59/><F43/><W134/><G44/><T25/><D68/><U67/><E26/><V87/><F27/><W40/><G40/><T106/><D34/><U74/><E67/><V101/><F98/><W121/><G36/><N who="1" m="13930" /><E74/><V76/><F64/><N who="3" m="38951" /><G121/><T3/><D3/><N who="1" m="319" /><E132/><V1/><F1/><W66/><G66/><T130/><D130/><U115/><E115/><V70/><REACH who="2" step="1"/><F70/><REACH who="2" ten="160,488,150,192" step="2"/><W81/><G134/><T79/><D25/><U6/><E6/><V41/><F41/><W111/><G99/><T46/><D32/><U53/><E53/><V113/><F113/><W119/><G111/><T63/><D29/><U72/><E72/><V0/><F0/><W65/><G65/><T103/><D12/><U73/><E73/><V77/><AGARI ba="3,1" hai="8,13,19,54,59,62,76,77,78,83,87,92,96,101" machi="77" ten="20,12000,2" yaku="1,1,0,1,7,1,8,1,52,1,53,1" doraHai="58" doraHaiUra="15" who="2" fromWho="2" sc="160,-33,488,-63,150,139,192,-33" /><INIT seed="2,0,0,1,2,10" ten="127,425,289,159" oya="2" hai0="101,35,45,82,29,50,52,96,56,89,125,78,115" hai1="86,43,40,42,122,75,109,103,117,65,91,4,108" hai2="79,97,58,48,121,129,15,110,66,131,124,8,46" hai3="51,84,127,17,24,70,5,1,81,71,7,116,83"/><V62/><F121/><W102/><G116/><T61/><D115/><U47/><E75/><V130/><F124/><W34/><G127/><T92/><D125/><U19/><E117/><V95/><F79/><W18/><G102/><T72/><D101/><U38/><E122/><V105/><F105/><W67/><G67/><T20/><D35/><U133/><E4/><V31/><F31/><W98/><G98/><T135/><D135/><U99/><E65/><V80/><F80/><W6/><G1/><T104/><D104/><U128/><E19/><V68/><F110/><N who="1" m="42601" /><E128/><V90/><F68/><W77/><G51/><T118/><D118/><U37/><E47/><V60/><F58/><W113/><G113/><T87/><D72/><U134/><E99/><V55/><F66/><W9/><G18/><AGARI ba="0,0" hai="8,15,18,46,48,55,60,62,90,95,97,129,130,131" machi="18" ten="40,3900,0" yaku="19,1,52,1" doraHai="10" who="2" fromWho="3" sc="127,0,425,0,289,39,159,-39" /><INIT seed="2,1,0,0,5,66" ten="127,425,328,120" oya="2" hai0="107,40,4,43,60,27,12,99,82,14,80,117,112" hai1="42,62,88,114,108,59,23,8,13,113,126,17,129" hai2="18,92,16,21,74,102,41,57,47,96,118,10,9" hai3="115,69,15,51,76,53,7,49,48,75,63,105,61"/><V44/><F74/><W110/><G105/><T29/><D112/><U87/><E126/><V71/><F71/><W81/><G115/><T109/><D109/><U94/><E129/><V73/><F118/><W78/><G110/><T120/><D120/><U22/><E108/><V24/><F73/><W132/><G132/><T50/><D117/><U89/><E42/><V97/><F57/><W11/><G78/><T91/><D60/><U55/><E114/><V111/><F111/><W30/><G30/><T56/><D107/><U85/><REACH who="1" step="1"/><E113/><REACH who="1" ten="127,415,328,120" step="2"/><V84/><F41/><W67/><REACH who="3" step="1"/><G63/><REACH who="3" ten="127,415,328,110" step="2"/><T65/><D43/><U0/><E0/><V38/><F38/><W39/><G39/><T6/><D40/><U83/><AGARI ba="1,2" hai="8,13,17,22,23,55,59,62,83,85,87,88,89,94" machi="83" ten="20,8000,1" yaku="1,1,0,1,7,1,8,1,54,1,53,0" doraHai="66" doraHaiUra="121" who="1" fromWho="1" sc="127,-21,415,103,328,-41,110,-21" /><INIT seed="3,0,0,5,3,77" ten="106,518,287,89" oya="3" hai0="48,28,118,108,93,100,54,125,94,36,62,32,122" hai1="49,15,16,112,72,57,132,105,22,70,67,80,110" hai2="115,24,52,128,41,63,26,97,40,78,30,50,74" hai3="109,120,12,96,21,44,127,82,18,124,92,114,1"/><W89/><G120/><T5/><D36/><U73/><E105/><V130/><F115/><W71/><G114/><T123/><D118/><U11/><E112/><V95/><F63/><W42/><G71/><T76/><D108/><U135/><E110/><V106/><F106/><W6/><G109/><T75/><D62/><U88/><E70/><V61/><F61/><W84/><G6/><T34/><D5/><U14/><E72/><V3/><F3/><W117/><G1/><T38/><D38/><U33/><E33/><V8/><F8/><W43/><G117/><T99/><D94/><U47/><E57/><V81/><F40/><W10/><G21/><T85/><D75/><U2/><E67/><V121/><F41/><W37/><REACH who="3" step="1"/><G42/><REACH who="3" ten="106,518,287,79" step="2"/><T13/><D122/><U53/><E2/><V131/><F121/><W27/><G27/><T23/><D23/><U111/><E111/><V103/><F30/><W129/><G129/><T46/><D123/><U91/><E22/><V87/><F74/><W51/><G51/><T29/><D29/><U79/><E14/><V66/><F66/><W126/><G126/><T64/><D13/><U98/><E98/><V45/><AGARI ba="0,1" hai="24,26,45,50,52,78,81,87,95,97,103,128,130,131" machi="45" ten="30,7900,0" yaku="0,1,19,1,52,1,54,1" doraHai="77" who="2" fromWho="2" sc="106,-20,518,-20,287,89,79,-39" /><INIT seed="4,0,0,3,5,81" ten="86,498,376,40" oya="0" hai0="135,132,105,9,24,3,133,23,97,75,16,91,10" hai1="15,56,121,64,98,109,71,68,38,110,1,0,123" hai2="129,72,112,49,89,26,120,106,44,28,108,34,51" hai3="99,66,6,114,111,57,27,47,118,92,95,119,42"/><T14/><D75/><U69/><E15/><V36/><F112/><W100/><G111/><N who="1" m="42506" /><E98/><V35/><F108/><W76/><G114/><T59/><D59/><U46/><E56/><V18/><F120/><N who="1" m="46153" /><E64/><V58/><F106/><W7/><G76/><T84/><D3/><N who="1" m="1099" /><E46/><V31/><F58/><W83/><G27/><T40/><D24/><U115/><E115/><V65/><F26/><W113/><G113/><T11/><D11/><U8/><E8/><V4/><F44/><W104/><G83/><T50/><D97/><U107/><E38/><V5/><F36/><W126/><G95/><N who="0" m="54759" /><D105/><AGARI ba="0,0" hai="68,69,71,105,107" m="1099,46153,42506" machi="105" ten="50,8000,1" yaku="28,2,31,2" doraHai="81" who="1" fromWho="0" sc="86,-80,498,80,376,0,40,0" /><INIT seed="5,0,0,1,3,44" ten="6,578,376,40" oya="1" hai0="108,87,72,104,15,28,82,34,130,66,30,6,90" hai1="27,24,51,112,11,133,119,1,100,79,117,32,2" hai2="109,47,98,78,89,116,113,33,92,14,101,43,124" hai3="22,65,26,106,64,71,9,25,122,20,103,105,67"/><U99/><E112/><V18/><F116/><W0/><G71/><T115/><D108/><U60/><E133/><V114/><F33/><W4/><G122/><T21/><D34/><U102/><E60/><V132/><F109/><W49/><G103/><T57/><D104/><U46/><E100/><V59/><F132/><W118/><G118/><T73/><D73/><U41/><E79/><V97/><F124/><W125/><G125/><T19/><D72/><U10/><E11/><V50/><F78/><W17/><G49/><T53/><D130/><U13/><E2/><V111/><F111/><W12/><G12/><T83/><D83/><U42/><E42/><V39/><F59/><W121/><G121/><T3/><D115/><N who="2" m="44042" /><F39/><W86/><G86/><T62/><D3/><U120/><E120/><V7/><F7/><W52/><G4/><T131/><D6/><U75/><E75/><V69/><F69/><W70/><G70/><T38/><D38/><U88/><E1/><V31/><F31/><W55/><G0/><T29/><D131/><U95/><E24/><V36/><F36/><W54/><G25/><T74/><D74/><U84/><E27/><V129/><F129/><W107/><G26/><T134/><D134/><U127/><E32/><V110/><F110/><W45/><G45/><T81/><D81/><U48/><E127/><V77/><F77/><W85/><G85/><T68/><D68/><U61/><E61/><V35/><F35/><W91/><G91/><T37/><D37/><U76/><E117/><V8/><F101/><W63/><G63/><T58/><D30/><RYUUKYOKU ba="0,0" sc="6,10,578,-30,376,10,40,10" hai0="15,19,21,28,29,53,57,58,62,66,82,87,90" hai2="8,14,18,43,47,50,89,92,97,98" hai3="9,17,20,22,52,54,55,64,65,67,105,106,107" /><INIT seed="6,1,0,1,5,90" ten="16,548,386,50" oya="2" hai0="123,14,124,113,4,9,3,47,112,55,116,60,54" hai1="117,49,53,25,61,45,108,30,92,106,40,64,21" hai2="31,28,27,95,23,132,36,105,44,11,89,69,85" hai3="16,57,121,50,122,46,62,65,0,104,5,76,80"/><V81/><F105/><W7/><G104/><T6/><D123/><U13/><E106/><V102/><F132/><W131/><G131/><T22/><D124/><U41/><E108/><V12/><F69/><W129/><G129/><T128/><D128/><U51/><E117/><V42/><F102/><W68/><G68/><T77/><D116/><U93/><E13/><V99/><F31/><W91/><G91/><T15/><D77/><U2/><E2/><V66/><F66/><W24/><G121/><T110/><D110/><U20/><E20/><V1/><F1/><W103/><G103/><T98/><D98/><U59/><E41/><V75/><F75/><W130/><G130/><T43/><D3/><U32/><E32/><V58/><F58/><AGARI ba="1,0" hai="21,25,30,40,45,49,51,53,58,59,61,64,92,93" machi="58" ten="30,7700,0" yaku="7,1,8,1,52,2" doraHai="90" who="1" fromWho="2" sc="16,0,548,80,386,-80,50,0" /><INIT seed="7,0,0,3,5,134" ten="16,628,306,50" oya="3" hai0="82,4,16,96,60,56,76,91,80,6,99,123,23" hai1="22,65,38,51,93,62,69,75,25,118,66,117,33" hai2="89,40,26,121,101,10,108,85,112,57,14,61,71" hai3="124,2,119,115,48,132,34,31,67,105,12,98,79"/><W87/><G2/><T8/><D123/><U100/><E38/><V72/><F71/><W32/><G119/><N who="1" m="45578" /><E75/><V39/><F72/><W15/><G132/><T41/><D41/><U120/><E33/><V125/><F121/><W18/><G124/><T19/><D19/><U126/><E126/><V94/><F125/><W49/><G67/><T55/><D80/><U97/><E66/><V46/><F112/><W9/><G115/><T95/><D99/><U81/><E81/><V27/><F101/><W90/><G34/><T110/><D8/><U59/><E51/><V131/><F131/><W47/><G31/><T113/><D110/><U78/><E78/><V36/><F36/><W70/><G32/><T107/><D107/><U52/><E120/><V104/><F104/><W73/><G70/><T88/><D91/><U114/><E114/><V63/><F108/><W35/><G35/><T21/><D113/><U3/><E3/><V133/><F133/><W42/><G73/><N who="0" m="43279" /><D23/><U74/><E74/><V24/><REACH who="2" step="1"/><F57/><REACH who="2" ten="16,628,296,50" step="2"/><W44/><G105/><T122/><D122/><U11/><E69/><V130/><F130/><W54/><G79/><T30/><D30/><U83/><E59/><V102/><F102/><W111/><G111/><T116/><D116/><U129/><E100/><V86/><F86/><W109/><G109/><T0/><D0/><U92/><E97/><V17/><AGARI ba="0,1" hai="10,14,17,24,26,27,39,40,46,61,63,85,89,94" machi="17" ten="30,2000,0" yaku="1,1,0,1,53,0" doraHai="134" doraHaiUra="28" who="2" fromWho="2" sc="16,-5,628,-5,296,30,50,-10" owari="11,-49.0,623,72.0,326,13.0,40,-36.0" /></mjloggm>