<mjloggm ver="2.3"><GO type="225" lobby="0"/><UN n0="%E5%B0%B1%E6%B4%BB%E7%94%9F%40%E5%B7%9D%E6%9D%91%E8%BB%8D%E5%9B%A3" n1="%76%69%62%72%61%74%65" n2="%E7%B4%85%E8%A1%A3" n3="%E6%A1%9C%E8%8A%B1%E9%96%83%E3%80%85" dan="16,16,16,17" rate="2110.17,2096.54,2086.60,2214.60" sx="M,M,M,M"/><TAIKYOKU oya="0"/><INIT seed="0,0,0,0,4,95" ten="250,250,250,250" oya="0" hai0="125,93,116,78,32,20,121,128,119,100,7,3,90" hai1="1,27,91,115,21,73,71,120,117,70,22,72,79" hai2="2,4,105,65,94,42,25,77,134,28,132,58,103" hai3="84,82,36,17,102,129,130,62,12,19,33,53,39"/><T40/><D32/><U61/><E117/><N who="0" m="45129" /><D3/><U16/><E120/><V98/><F42/><W49/><G33/><T34/><D7/><U109/><E109/><V0/><F77/><N who="3" m="46159" /><G62/><T96/><D40/><U76/><E1/><V113/><F4/><W14/><G102/><T9/><D20/><U13/><E115/><V133/><F113/><W31/><G31/><T127/><D9/><U51/><E51/><V112/><F112/><W87/><G12/><T57/><D57/><U50/><E50/><V135/><F105/><W86/><G36/><T30/><D30/><U44/><E44/><V37/><F37/><W6/><G39/><T11/><D11/><U60/><E91/><V55/><F65/><W123/><G6/><T108/><D34/><U74/><E60/><N who="2" m="35935" /><F134/><W64/><G64/><T83/><D121/><U69/><REACH who="1" step="1"/><E61/><REACH who="1" ten="250,240,250,250" step="2"/><V18/><F2/><W47/><G123/><T111/><D128/><U99/><E99/><V85/><F0/><W110/><G130/><T56/><D90/><U43/><E43/><V54/><F133/><W8/><G129/><T15/><D56/><U5/><E5/><V88/><F132/><W35/><G110/><N who="0" m="42027" /><D15/><U46/><E46/><V41/><F41/><W67/><G14/><T107/><D107/><U68/><N who="1" m="17920" /><DORA hai="75" /><U26/><E26/><V104/><F25/><W81/><G47/><T89/><D89/><U131/><E131/><V106/><F88/><W38/><G38/><T10/><D10/><U52/><E52/><V80/><F54/><W122/><G8/><T23/><D23/><U45/><E45/><V92/><F135/><RYUUKYOKU ba="0,1" sc="250,15,240,15,250,-15,250,-15" hai0="78,83,93,96,100,125,127" hai1="13,16,21,22,27,72,73,74,76,79" /><INIT seed="0,1,1,3,5,60" ten="265,255,235,235" oya="0" hai0="68,104,45,125,120,85,34,102,107,76,70,32,112" hai1="118,49,128,36,35,62,133,109,97,12,53,23,58" hai2="101,52,55,61,69,14,113,92,119,24,114,50,26" hai3="66,131,28,83,22,95,48,67,27,38,74,99,33"/><T72/><D120/><U47/><E118/><V87/><F119/><W8/><G38/><T37/><D112/><U80/><E128/><V111/><F111/><W106/><G106/><N who="0" m="40491" /><D102/><U134/><E109/><V2/><F2/><W103/><G131/><T63/><D85/><U94/><E35/><N who="0" m="13353" /><D125/><U7/><E80/><V86/><F101/><W77/><G33/><T9/><D9/><N who="1" m="4159" /><E36/><V110/><F110/><W51/><REACH who="3" step="1"/><G8/><REACH who="3" ten="265,255,235,225" step="2"/><T18/><D18/><U59/><E133/><V91/><F113/><W31/><G31/><T73/><D76/><U116/><E134/><V130/><F114/><W43/><G43/><N who="0" m="22767" /><D63/><U82/><E116/><V81/><F61/><W16/><G16/><T123/><D123/><U121/><E121/><V30/><F30/><W90/><G90/><T105/><D105/><U57/><E62/><V19/><F91/><W46/><G46/><T40/><D40/><U13/><E23/><V88/><F88/><W44/><G44/><T6/><D6/><U108/><E108/><V71/><F130/><W1/><G1/><T39/><D39/><U78/><E78/><V5/><F5/><W98/><G98/><T126/><D126/><U11/><E11/><V64/><F92/><W135/><G135/><T15/><D15/><U89/><E13/><V20/><F14/><W42/><G42/><T41/><D41/><U3/><E3/><V65/><F20/><W124/><G124/><T117/><D117/><U93/><E97/><V84/><F19/><W21/><G21/><T10/><D10/><U56/><N who="1" m="14848" /><DORA hai="127" /><U100/><E100/><V129/><F129/><RYUUKYOKU ba="1,2" sc="265,10,255,10,235,-30,225,10" hai0="68,70,72,73" hai1="47,49,53,82,89,93,94" hai3="22,27,28,48,51,66,67,74,77,83,95,99,103" /><INIT seed="0,2,2,1,4,92" ten="275,265,205,235" oya="0" hai0="66,41,60,7,118,40,48,86,47,83,72,20,103" hai1="32,30,17,76,50,104,79,81,54,90,3,93,1" hai2="108,13,111,12,37,64,23,27,51,107,123,95,53" hai3="119,80,15,74,36,5,25,130,45,33,49,102,21"/><T88/><D118/><U19/><E104/><V4/><F37/><W91/><G119/><T44/><D72/><U69/><E69/><V11/><F107/><W115/><G115/><T126/><D126/><U9/><E32/><V63/><F123/><W62/><G36/><T109/><D109/><N who="2" m="42058" /><F95/><W0/><G0/><T35/><D35/><U129/><E30/><N who="2" m="17791" /><F13/><W67/><G33/><T38/><D20/><U98/><E129/><V70/><F51/><W59/><G130/><T71/><D7/><U94/><E94/><V46/><F46/><W89/><G102/><T82/><D103/><U16/><E9/><V6/><F53/><N who="3" m="29871" /><G80/><AGARI ba="2,2" hai="38,40,41,44,47,48,60,66,71,80,82,83,86,88" machi="80" ten="30,2900,0" yaku="7,1,54,1" doraHai="92" who="0" fromWho="3" sc="275,55,265,0,205,0,235,-35" /><INIT seed="0,3,0,2,1,94" ten="330,265,205,200" oya="0" hai0="27,101,131,92,103,65,0,18,113,111,70,125,10" hai1="32,106,80,20,68,83,30,119,34,117,105,45,99" hai2="36,130,8,31,60,135,1,121,11,52,72,114,115" hai3="128,33,19,123,91,104,87,61,109,78,110,133,76"/><T49/><D113/><U40/><E68/><V4/><F121/><W54/><G33/><T69/><D0/><U6/><E6/><V2/><F36/><W46/><G123/><T126/><D49/><U43/><E20/><V39/><F39/><W84/><G104/><T118/><D118/><U50/><E50/><V23/><F72/><W64/><G133/><T56/><D56/><U42/><E42/><V7/><F135/><W74/><G74/><T13/><D27/><U122/><E30/><V107/><F107/><W21/><G128/><T75/><D75/><U120/><E45/><V112/><F52/><W57/><G109/><T24/><D111/><U116/><REACH who="1" step="1"/><E117/><REACH who="1" ten="330,255,205,200" step="2"/><V108/><F108/><W62/><G110/><T88/><D70/><U102/><E102/><V14/><F60/><W86/><G46/><T15/><D131/><U22/><E22/><V25/><F130/><W66/><G62/><N who="0" m="40119" /><D24/><U98/><AGARI ba="3,1" hai="32,34,40,43,80,83,98,99,105,106,116,119,120,122" machi="98" ten="25,12000,2" yaku="1,1,0,1,22,2,52,2,53,0" doraHai="94" doraHaiUra="3" who="1" fromWho="1" sc="330,-63,255,139,205,-33,200,-33" /><INIT seed="1,0,0,5,4,94" ten="267,394,172,167" oya="1" hai0="62,115,128,113,54,37,93,72,3,26,59,4,106" hai1="85,22,33,43,125,24,68,104,51,15,129,124,101" hai2="130,60,25,91,61,110,100,30,40,99,77,97,49" hai3="120,34,67,55,123,10,66,2,96,74,16,102,114"/><U58/><E129/><V82/><F110/><W135/><G114/><T111/><D106/><U63/><E33/><V39/><F39/><W31/><G74/><T103/><D72/><U84/><E68/><V28/><F130/><W52/><G66/><T71/><D37/><U11/><E43/><V121/><F121/><W92/><G67/><T127/><D128/><U133/><E51/><V8/><F8/><W47/><G135/><T42/><D42/><U122/><E133/><V32/><F30/><W23/><G34/><T108/><D127/><U119/><E119/><V95/><F49/><W90/><G102/><T9/><D71/><U13/><E122/><V78/><F40/><W27/><G55/><T5/><D5/><U44/><E44/><V20/><F32/><W88/><G90/><T79/><D79/><U83/><E101/><V50/><F50/><W118/><G118/><T81/><D81/><U65/><E104/><V86/><F78/><W131/><G131/><T45/><D26/><U48/><E83/><V109/><F109/><N who="0" m="42058" /><D45/><U64/><E24/><V87/><F87/><W116/><G116/><T46/><D46/><U41/><E84/><V134/><F134/><W6/><REACH who="3" step="1"/><G31/><REACH who="3" ten="267,394,172,157" step="2"/><T35/><D35/><U14/><E65/><V12/><REACH who="2" step="1"/><F12/><REACH who="2" ten="267,394,162,157" step="2"/><W69/><G69/><T38/><D113/><U18/><E14/><V70/><F70/><W53/><G53/><T0/><D115/><U17/><E124/><V57/><F57/><W76/><G76/><T80/><D54/><U19/><E125/><V7/><F7/><W126/><G126/><T21/><D59/><RYUUKYOKU ba="0,2" sc="267,-15,394,-15,162,15,157,15" hai2="20,25,28,60,61,77,82,86,91,95,97,99,100" hai3="2,6,10,16,23,27,47,52,88,92,96,120,123" /><INIT seed="2,1,2,2,1,61" ten="252,379,177,172" oya="2" hai0="128,62,95,13,11,59,60,28,110,57,108,111,115" hai1="71,97,18,39,31,2,22,93,87,7,119,23,16" hai2="55,79,67,34,35,24,30,99,135,26,41,106,65" hai3="50,20,58,100,48,25,3,103,74,80,19,73,90"/><V42/><F135/><W46/><G3/><T9/><D128/><U78/><E39/><V92/><F106/><W27/><G74/><T0/><D115/><U72/><E71/><V88/><F79/><W53/><G27/><N who="2" m="10281" /><F35/><W64/><G73/><T124/><D28/><U40/><E72/><V126/><F126/><W122/><G122/><T129/><D124/><U101/><E2/><V81/><F34/><W125/><G125/><T17/><D129/><U49/><E78/><V47/><F30/><W8/><G8/><N who="0" m="6311" /><D95/><U82/><E31/><V33/><F33/><W85/><REACH who="3" step="1"/><G64/><REACH who="3" ten="252,379,177,162" step="2"/><N who="2" m="24649" /><F81/><W113/><G113/><T117/><D117/><U45/><E119/><V44/><F55/><AGARI ba="1,3" hai="19,20,25,46,48,50,53,55,58,80,85,90,100,103" machi="55" ten="30,3900,0" yaku="1,1,7,1,8,1,53,0" doraHai="61" doraHaiUra="123" who="3" fromWho="2" sc="252,0,379,0,177,-42,162,72" /><INIT seed="3,0,0,2,2,64" ten="252,379,135,234" oya="3" hai0="81,70,105,42,78,13,122,5,131,33,94,39,79" hai1="34,95,96,17,60,44,26,93,36,115,28,85,98" hai2="117,8,132,109,11,4,43,80,27,116,104,0,35" hai3="25,89,41,69,19,127,24,76,103,123,21,14,40"/><W37/><G123/><T97/><D70/><U118/><E115/><V86/><F104/><W129/><G103/><T52/><D33/><U75/><E75/><V133/><F43/><N who="3" m="16459" /><G69/><T58/><D105/><U45/><E118/><N who="2" m="45675" /><F86/><W92/><G37/><T113/><D122/><U16/><E60/><V101/><F101/><W3/><G3/><T12/><D131/><U9/><E85/><V53/><F53/><W126/><G129/><T110/><D110/><U71/><E71/><V57/><F57/><W74/><G74/><T65/><D65/><U56/><E56/><V91/><F91/><W90/><G76/><T84/><D113/><U100/><E9/><V46/><F46/><W99/><G89/><T135/><D135/><N who="2" m="51786" /><F80/><W111/><G111/><T108/><D108/><U7/><E44/><V67/><F67/><W2/><G2/><T10/><D42/><U20/><E45/><V83/><F83/><W50/><G50/><N who="0" m="30999" /><D13/><U114/><E36/><V82/><F82/><W15/><G15/><T61/><D39/><U106/><E106/><V125/><F109/><W73/><G73/><T72/><D72/><U31/><E100/><V18/><F11/><W121/><G121/><T38/><D38/><U130/><E130/><V32/><F125/><AGARI ba="0,0" hai="14,19,21,24,25,90,92,99,125,126,127" m="16459" machi="125" ten="30,1500,0" yaku="18,1" doraHai="64" who="3" fromWho="2" sc="252,0,379,0,135,-15,234,15" /><INIT seed="3,1,0,3,5,16" ten="252,379,120,249" oya="3" hai0="129,84,125,40,50,111,26,44,96,126,109,104,29" hai1="71,75,6,130,28,12,32,132,48,10,108,72,4" hai2="113,59,31,95,63,36,97,87,119,0,77,122,8" hai3="117,58,115,34,116,19,120,13,30,46,90,52,70"/><W15/><G115/><T17/><D129/><U14/><E71/><V67/><F119/><W80/><G70/><T3/><D3/><U68/><E68/><V127/><F127/><N who="0" m="48650" /><D17/><U55/><E130/><V135/><F135/><W112/><G112/><T21/><D84/><U88/><E132/><V62/><F113/><W66/><G120/><T7/><D7/><U78/><E108/><V41/><F122/><W38/><G34/><T124/><D124/><U57/><E88/><V82/><F36/><W133/><G133/><T121/><D121/><U101/><E101/><AGARI ba="1,0" hai="21,26,29,40,44,50,96,101,104,109,111" m="48650" machi="101" ten="30,2000,0" yaku="18,1,52,1" doraHai="16" who="0" fromWho="1" sc="252,23,379,-23,120,0,249,0" owari="275,8.0,356,45.0,120,-38.0,249,-15.0" /></mjloggm>