<mjloggm ver="2.3"><GO type="169" lobby="0"/><UN n0="%E5%B0%B1%E6%B4%BB%E7%94%9F%40%E5%B7%9D%E6%9D%91%E8%BB%8D%E5%9B%A3" n1="%E3%81%94%E3%82%93%E3%81%96%E3%81%B6%E3%82%8D%E3%83%BC" n2="%4E%58%47%45%30" n3="%4D%6F%67%65%72%61" dan="16,16,16,16" rate="2041.51,2094.42,2128.54,2171.83" sx="M,M,M,F"/><TAIKYOKU oya="0"/><INIT seed="0,0,0,1,4,40" ten="250,250,250,250" oya="0" hai0="125,47,6,26,118,70,109,88,66,92,62,90,63" hai1="81,9,44,103,15,38,96,0,3,107,115,13,11" hai2="100,41,76,64,46,105,108,18,84,23,106,101,85" hai3="72,78,73,17,83,132,45,71,35,93,131,91,22"/><T94/><D118/><U31/><E115/><V43/><F64/><W50/><G71/><T69/><D125/><U128/><E31/><V120/><F120/><W7/><G131/><T111/><D6/><U86/><E128/><V10/><F10/><W79/><G132/><T82/><D82/><U14/><E0/><V67/><F67/><W5/><G35/><T29/><D63/><U121/><E121/><V37/><F43/><W28/><G28/><T113/><D70/><U110/><E110/><N who="0" m="41993" /><D113/><U21/><E21/><V59/><F59/><W134/><G134/><T77/><D77/><U54/><E3/><V135/><F135/><W32/><G32/><N who="0" m="20535" /><D47/><U116/><E116/><V74/><F74/><W129/><G79/><T126/><D126/><U123/><E123/><V112/><F76/><W1/><G1/><T104/><D104/><U97/><E97/><V130/><F106/><W33/><G33/><T53/><D53/><U27/><E27/><V58/><F105/><W30/><G73/><T117/><D117/><U98/><E98/><V65/><F58/><W57/><G57/><T68/><D68/><U95/><E107/><V39/><F108/><W114/><G114/><T52/><D52/><U122/><E122/><V99/><F41/><W19/><G7/><T42/><D42/><U51/><REACH who="1" step="1"/><E38/><REACH who="1" ten="250,240,250,250" step="2"/><V2/><F39/><W56/><G129/><T25/><D25/><U49/><E49/><V119/><F37/><W61/><G50/><T55/><D55/><U75/><E75/><V127/><F119/><W12/><G72/><T36/><D36/><U124/><E124/><RYUUKYOKU ba="0,1" sc="250,15,240,15,250,-15,250,-15" hai0="62,66,69,88,90,92,94" hai1="9,11,13,14,15,44,51,54,81,86,95,96,103" /><INIT seed="0,1,1,5,1,128" ten="265,255,235,235" oya="0" hai0="5,108,52,9,59,85,47,94,109,98,67,29,34" hai1="64,20,18,61,81,60,112,4,50,134,41,122,101" hai2="55,76,58,83,131,26,132,114,16,116,19,38,93" hai3="86,124,10,21,49,8,73,79,66,71,0,115,133"/><T77/><D67/><U31/><E122/><V105/><F38/><W24/><G115/><T96/><D34/><U129/><E112/><V68/><F68/><W119/><G119/><T22/><D47/><N who="1" m="25967" /><E129/><V97/><F105/><W2/><G124/><T127/><D127/><U27/><E4/><V95/><F114/><W111/><G111/><N who="0" m="42571" /><D29/><U14/><E134/><V43/><F132/><W104/><G104/><T51/><D22/><N who="1" m="11607" /><E64/><V125/><F43/><W37/><G37/><T117/><D117/><U121/><E121/><V56/><F131/><W1/><G73/><T103/><D98/><U39/><E39/><V78/><F116/><W65/><G71/><T17/><D17/><U13/><E101/><V130/><F130/><W123/><G123/><T25/><D25/><U45/><E13/><V118/><F118/><W107/><G107/><T99/><D99/><U15/><E15/><V80/><F97/><W87/><G1/><N who="0" m="175" /><D85/><U23/><E23/><V82/><F125/><W42/><G21/><T74/><D77/><N who="2" m="29802" /><F26/><W106/><G79/><T70/><D70/><U53/><E81/><V35/><F35/><W72/><G72/><AGARI ba="1,1" hai="51,52,59,72,74,94,96,103" m="175,42571" machi="72" ten="30,5800,0" yaku="14,1,10,1,54,1" doraHai="128" who="0" fromWho="3" sc="265,71,255,0,235,0,235,-61" /><INIT seed="0,2,0,4,3,90" ten="336,255,235,174" oya="0" hai0="26,98,97,126,83,44,115,132,72,41,50,28,85" hai1="22,32,54,37,131,74,5,101,81,76,87,104,106" hai2="108,84,10,99,49,18,92,111,114,125,3,120,31" hai3="70,36,71,20,66,47,30,7,65,79,53,103,17"/><T58/><D72/><U113/><E32/><V68/><F68/><W107/><G7/><T102/><D115/><U35/><E35/><V4/><F31/><W39/><G79/><T88/><D132/><U128/><E37/><V46/><F114/><W1/><G1/><T21/><D126/><U24/><E5/><V109/><F125/><W8/><G8/><T25/><D102/><U16/><E113/><V48/><F84/><W75/><G75/><T93/><D83/><U100/><E74/><V56/><F56/><W0/><G0/><T119/><D119/><U59/><E101/><V124/><F124/><W64/><G30/><T62/><D25/><U9/><E9/><V6/><F6/><W73/><G73/><T105/><D105/><U110/><E110/><V122/><F18/><W2/><G2/><T89/><D89/><U42/><E42/><N who="2" m="24663" /><F49/><N who="3" m="28863" /><G17/><T91/><D91/><AGARI ba="2,0" hai="3,4,10,91,92,99,108,109,111,120,122" m="24663" machi="91" ten="30,2000,0" yaku="14,1,52,1" doraHai="90" who="2" fromWho="0" sc="336,-26,255,0,235,26,174,0" /><INIT seed="1,0,0,2,0,112" ten="310,255,261,174" oya="1" hai0="28,14,61,75,8,46,72,7,54,95,52,106,12" hai1="101,87,29,22,64,86,111,129,76,92,90,71,10" hai2="133,23,127,42,39,128,0,125,5,49,105,26,18" hai3="36,121,96,51,15,43,11,47,108,80,116,118,134"/><U13/><E129/><V56/><F39/><W88/><G108/><T32/><D106/><U35/><E35/><V77/><F105/><W94/><G134/><T34/><D75/><U20/><E111/><V2/><F77/><W19/><G121/><T85/><D72/><U109/><E109/><V82/><F82/><W135/><G135/><T124/><D124/><N who="2" m="47690" /><F133/><W79/><REACH who="3" step="1"/><G36/><REACH who="3" ten="310,255,261,164" step="2"/><T93/><D34/><U6/><E29/><V38/><F128/><W44/><G44/><T60/><D28/><U55/><E101/><V4/><F38/><W21/><G21/><T98/><D46/><U31/><E31/><V131/><F131/><W81/><G81/><T73/><D32/><U62/><E76/><V48/><F23/><W123/><G123/><T69/><D8/><U24/><E20/><V107/><F2/><W58/><G58/><T83/><D69/><U113/><E113/><V114/><F56/><W3/><G3/><T40/><D83/><U117/><E22/><V104/><F114/><W33/><G33/><T68/><D68/><U120/><E120/><V65/><F0/><W67/><G67/><T130/><D130/><U103/><E103/><V122/><F65/><W132/><G132/><T100/><D100/><U16/><E64/><V102/><F102/><W57/><G57/><T1/><D1/><U126/><E71/><V91/><F122/><W97/><G97/><T63/><D98/><N who="1" m="57623" /><E126/><V119/><F107/><W30/><G30/><T41/><D12/><N who="1" m="5207" /><E24/><V99/><F26/><W66/><G66/><T70/><D14/><U110/><E110/><V50/><F104/><RYUUKYOKU ba="0,1" sc="310,-10,255,-10,261,-10,164,30" hai3="11,15,19,43,47,51,79,80,88,94,96,116,118" /><INIT seed="2,1,1,2,2,61" ten="300,245,251,194" oya="2" hai0="5,121,118,104,125,8,92,30,99,63,28,124,50" hai1="110,95,90,93,133,108,35,66,9,42,82,34,36" hai2="120,134,4,0,73,31,97,116,13,84,113,60,71" hai3="78,45,128,64,96,127,72,11,19,29,16,135,2"/><V49/><F73/><W57/><G127/><N who="0" m="48715" /><D121/><U17/><E133/><V123/><F0/><W48/><G29/><T126/><D104/><U102/><E42/><V112/><F31/><W53/><G128/><T51/><D118/><U54/><E36/><V129/><F84/><W106/><G135/><T56/><D28/><U15/><E54/><V87/><F87/><W76/><G72/><T107/><D107/><U101/><E82/><V62/><F97/><W122/><G122/><T65/><D30/><U94/><E90/><V67/><F13/><N who="3" m="7231" /><G2/><N who="0" m="55" /><D126/><U40/><E40/><V3/><F134/><W27/><G96/><T32/><D32/><U130/><E130/><V10/><F129/><W33/><G106/><T18/><D18/><U20/><E34/><V6/><F116/><W44/><G33/><T109/><D109/><N who="1" m="42091" /><E35/><V77/><F120/><W14/><G27/><T74/><D74/><U79/><E9/><V55/><F6/><W114/><G114/><T22/><D22/><U47/><E79/><V117/><F77/><W25/><G25/><T39/><D39/><U85/><E20/><V7/><F117/><W89/><G89/><AGARI ba="1,1" hai="50,51,56,63,65,89,92,99" m="55,48715" machi="89" ten="30,2000,0" yaku="18,1,52,1" doraHai="61" who="0" fromWho="3" sc="300,33,245,0,251,0,194,-23" /><INIT seed="3,0,0,0,5,30" ten="333,245,251,171" oya="3" hai0="13,117,43,88,130,16,125,124,115,119,79,62,90" hai1="132,26,49,111,65,32,33,72,135,76,96,55,10" hai2="17,122,128,98,106,52,50,80,21,59,131,118,134" hai3="36,56,110,73,94,23,11,42,123,48,116,113,84"/><W89/><G113/><T121/><D121/><U102/><E65/><V97/><F118/><N who="0" m="45066" /><D43/><U53/><E26/><V127/><F106/><W109/><G123/><T126/><D130/><N who="2" m="49706" /><F127/><W85/><G73/><T46/><D115/><U105/><E111/><N who="3" m="42506" /><G116/><T66/><D46/><U44/><E10/><V68/><F68/><W100/><G100/><T70/><D79/><U104/><E104/><V92/><F134/><N who="1" m="51241" /><E55/><V77/><F92/><W15/><G23/><AGARI ba="0,0" hai="13,16,23,62,66,70,88,90,124,125,126" m="45066" machi="23" ten="40,5200,0" yaku="18,1,54,2" doraHai="30" who="0" fromWho="3" sc="333,52,245,0,251,0,171,-52" /><INIT seed="4,0,0,5,3,24" ten="385,245,251,119" oya="0" hai0="71,55,98,133,80,113,130,100,103,45,50,69,79" hai1="93,17,73,77,92,90,51,5,84,44,131,3,116" hai2="126,49,120,32,123,59,38,115,9,66,0,60,21" hai3="111,56,101,14,108,81,78,117,114,102,8,86,121"/><T87/><D113/><U118/><E131/><V27/><F32/><W35/><G114/><T31/><D130/><U54/><E3/><V125/><F0/><W107/><G121/><N who="2" m="46665" /><F9/><W76/><G117/><T1/><D1/><U10/><E5/><V94/><F94/><W43/><G35/><T2/><D2/><U72/><E93/><V4/><F4/><W68/><G68/><T85/><D133/><U28/><E72/><V128/><F38/><W22/><G22/><T61/><D103/><U18/><E73/><V12/><F12/><W62/><G43/><T82/><D61/><U29/><E77/><V13/><F13/><W119/><G119/><T34/><D34/><U65/><E10/><V33/><F33/><W75/><G107/><T42/><D42/><U95/><E116/><V97/><F97/><W104/><G104/><T19/><D19/><N who="1" m="7179" /><E118/><V47/><F115/><W41/><G41/><T96/><D96/><N who="1" m="57367" /><E65/><V26/><F21/><W105/><G105/><T109/><D109/><U67/><E67/><V122/><F122/><W70/><G70/><T58/><D71/><U36/><E36/><V127/><F128/><W16/><G108/><T46/><D69/><U106/><E106/><V91/><F91/><AGARI ba="0,0" hai="28,29,44,51,54,84,91,95" m="57367,7179" machi="91" ten="30,3900,0" yaku="8,1,52,2" doraHai="24" who="1" fromWho="2" sc="385,0,245,39,251,-39,119,0" /><INIT seed="5,0,0,2,3,54" ten="385,284,212,119" oya="1" hai0="57,64,98,112,43,70,101,111,37,103,2,95,34" hai1="94,16,67,82,47,96,105,17,27,109,129,41,108" hai2="61,68,122,90,0,99,131,100,121,46,117,18,124" hai3="13,97,77,107,73,4,9,50,40,15,92,127,126"/><U30/><E105/><V130/><F0/><W3/><G107/><T31/><D2/><U8/><E82/><V76/><F18/><W86/><G73/><T7/><D111/><N who="1" m="42571" /><E8/><V79/><F46/><W119/><G119/><T133/><D34/><N who="1" m="20831" /><E67/><V135/><F61/><W80/><G13/><T75/><D31/><U65/><E65/><V74/><F68/><W11/><G9/><T26/><D70/><U66/><E66/><V53/><F53/><W116/><G3/><T56/><D7/><U91/><E129/><N who="2" m="49163" /><F135/><W51/><G116/><T19/><D19/><U1/><E1/><V58/><F58/><N who="0" m="22634" /><D26/><U88/><E91/><V83/><F117/><W110/><G110/><T81/><D81/><U20/><E20/><V25/><F25/><W84/><G84/><T78/><D78/><U24/><E24/><V134/><F79/><W123/><G123/><T32/><D64/><U125/><E125/><V28/><F124/><N who="3" m="47659" /><G40/><T55/><D43/><U113/><E113/><V44/><F121/><W63/><G63/><T62/><D62/><U5/><E5/><V29/><F122/><W23/><G23/><T42/><D32/><U128/><E128/><V72/><F28/><W45/><G45/><T21/><D21/><U104/><E104/><V38/><F29/><W120/><G120/><T60/><D112/><U132/><E132/><V118/><F44/><W89/><AGARI ba="0,0" hai="4,11,15,50,51,77,80,86,89,92,97" m="47659" machi="89" ten="30,1100,0" yaku="18,1" doraHai="54" who="3" fromWho="3" sc="385,-3,284,-5,212,-3,119,11" /><INIT seed="6,0,0,5,5,63" ten="382,279,209,130" oya="2" hai0="125,57,90,109,12,78,72,67,94,110,11,99,46" hai1="45,102,91,112,51,8,38,53,103,61,76,68,42" hai2="85,40,117,88,87,106,71,4,70,134,49,26,86" hai3="100,9,111,18,131,21,32,105,75,123,7,41,55"/><V2/><F106/><W10/><G32/><T126/><D78/><U25/><E112/><V77/><F117/><W14/><G111/><T118/><D72/><U79/><E79/><V3/><F77/><W98/><G123/><T124/><D46/><U82/><E91/><V56/><F26/><W43/><G75/><T39/><D39/><U83/><E25/><V15/><F134/><W34/><G34/><T74/><D74/><U113/><E113/><V48/><F70/><W116/><G116/><T59/><D118/><U28/><E28/><V16/><F71/><W23/><G131/><T60/><D59/><U130/><E8/><N who="2" m="6247" /><F3/><W93/><G105/><T97/><D97/><U33/><E33/><V132/><F4/><AGARI ba="0,0" hai="4,11,12,57,60,67,90,94,99,109,110,124,125,126" machi="4" ten="40,2600,0" yaku="18,1,52,1" doraHai="63" who="0" fromWho="2" sc="382,26,279,0,209,-26,130,0" /><INIT seed="7,0,0,0,4,55" ten="408,279,183,130" oya="3" hai0="130,132,67,51,5,29,72,42,65,120,68,17,85" hai1="58,14,39,76,84,79,40,102,99,8,0,44,26" hai2="70,98,96,134,16,108,95,86,31,59,77,119,19" hai3="61,104,37,74,93,113,88,80,115,129,128,123,6"/><W125/><G104/><T101/><D72/><U89/><E58/><V92/><F70/><W127/><G37/><T43/><D68/><U22/><E0/><V47/><F108/><W7/><G123/><T100/><D130/><N who="3" m="50281" /><G61/><T36/><D36/><U103/><E103/><N who="0" m="39497" /><D132/><U106/><E22/><V30/><F47/><W53/><G53/><T45/><D120/><U109/><E26/><V126/><F134/><W81/><G7/><T75/><D75/><U66/><E66/><N who="0" m="25097" /><D29/><U33/><E33/><V124/><F119/><W34/><G6/><T48/><D5/><U13/><E109/><V114/><F114/><N who="3" m="43531" /><G34/><T46/><D85/><U112/><E112/><V54/><F86/><N who="3" m="52375" /><G74/><T52/><D17/><U121/><E121/><V11/><F11/><W69/><G69/><T10/><D10/><U122/><E122/><V133/><F133/><W105/><G105/><T24/><D24/><U23/><E8/><V21/><F54/><AGARI ba="0,0" hai="42,43,45,46,48,51,52,54" m="25097,39497" machi="54" ten="30,2000,0" yaku="8,1,54,1" doraHai="55" who="0" fromWho="2" sc="408,20,279,0,183,-20,130,0" owari="428,53.0,279,8.0,163,-24.0,130,-37.0" /></mjloggm>