<mjloggm ver="2.3"><GO type="169" lobby="0"/><UN n0="%E3%82%A2%E3%82%A6%E3%83%A9%E3%83%B3%E3%82%B0%E3%82%BC%E3%83%BC%E3%83%96" n1="%E5%8C%97%E3%81%AE%E5%AF%BE%E5%AD%90%E8%90%BD%E3%81%A8%E3%81%97" n2="%5A%68%6F%75%70%69%6E%67" n3="%E3%82%A6%E3%83%AB%E3%83%88%E3%83%A9%E7%AB%8B%E7%9B%B4" dan="16,16,16,17" rate="2106.94,2055.47,2066.43,2229.03" sx="M,M,M,M"/><TAIKYOKU oya="0"/><INIT seed="0,0,0,0,1,123" ten="250,250,250,250" oya="0" hai0="72,108,82,105,47,50,92,43,119,79,89,61,32" hai1="132,53,10,80,37,86,64,15,18,120,49,63,9" hai2="95,5,69,16,34,70,131,99,14,103,98,35,11" hai3="93,17,66,128,116,109,71,4,85,126,97,48,96"/><T102/><D119/><U39/><E120/><V59/><F131/><W22/><G116/><T133/><D32/><U40/><E40/><V68/><F59/><W25/><G128/><T129/><D129/><U127/><E9/><V90/><REACH who="2" step="1"/><F5/><REACH who="2" ten="250,250,240,250" step="2"/><W115/><G4/><T45/><D133/><U106/><E132/><V67/><F67/><W130/><G66/><T62/><D47/><U73/><E127/><V134/><F134/><W8/><G126/><T74/><D74/><U27/><E73/><V31/><F31/><W104/><G130/><T0/><D45/><U1/><E64/><V101/><F101/><W91/><G115/><T55/><D102/><U135/><E135/><V84/><F84/><W52/><G71/><T30/><D72/><U111/><E86/><V29/><F29/><W118/><G118/><T87/><D87/><U113/><E113/><V94/><AGARI ba="0,1" hai="11,14,16,34,35,68,69,70,90,94,95,98,99,103" machi="94" ten="40,5200,0" yaku="1,1,0,1,54,1,53,0" doraHai="123" doraHaiUra="107" who="2" fromWho="2" sc="250,-26,250,-13,240,62,250,-13" /><INIT seed="1,0,0,5,2,66" ten="224,237,302,237" oya="1" hai0="14,32,20,133,31,85,48,74,126,120,111,92,86" hai1="41,30,40,67,5,72,10,122,4,91,80,88,38" hai2="63,70,73,119,56,117,2,22,24,113,43,69,93" hai3="129,123,35,37,18,65,54,125,101,49,7,45,1"/><U59/><E122/><V8/><F73/><W98/><G35/><T51/><D74/><U112/><E72/><V81/><F43/><N who="1" m="16457" /><E30/><V134/><F81/><W105/><G37/><T97/><D120/><U82/><E38/><V33/><F33/><W107/><G123/><T60/><D32/><U44/><E44/><V90/><F8/><W28/><G28/><T9/><D126/><U58/><E10/><V47/><F2/><W34/><G34/><T124/><D124/><U103/><E103/><V46/><F47/><W6/><G1/><T68/><D133/><U131/><E131/><V29/><F46/><W89/><G105/><T118/><D118/><U19/><E19/><V95/><F134/><W96/><G125/><T76/><D20/><U26/><E26/><V17/><F29/><W3/><G3/><T77/><D31/><U100/><E100/><V84/><F95/><W127/><G127/><T109/><D9/><U52/><E59/><V128/><F128/><W71/><G129/><T39/><D39/><U16/><E16/><V64/><REACH who="2" step="1"/><F113/><REACH who="2" ten="224,237,292,237" step="2"/><W83/><G45/><T106/><D92/><U23/><E112/><V121/><F121/><W21/><G83/><T15/><D106/><U27/><E82/><V78/><F78/><W130/><G130/><T62/><REACH who="0" step="1"/><D97/><REACH who="0" ten="214,237,292,237" step="2"/><U12/><E80/><V99/><F99/><W79/><G98/><T75/><D75/><U55/><E23/><V53/><F53/><W110/><G54/><T116/><D116/><AGARI ba="0,2" hai="17,22,24,56,63,64,69,70,84,90,93,116,117,119" machi="116" ten="40,5200,0" yaku="1,1,52,2,53,0" doraHai="66" doraHaiUra="25" who="2" fromWho="0" sc="214,-52,237,0,292,72,237,0" /><INIT seed="2,0,0,3,2,24" ten="162,237,364,237" oya="2" hai0="77,117,15,25,66,57,114,118,40,105,98,46,132" hai1="11,82,38,101,31,128,93,126,54,73,12,22,88" hai2="119,79,34,5,91,18,123,134,102,122,74,95,17" hai3="133,120,124,129,69,8,3,21,6,135,86,37,20"/><V51/><F119/><N who="0" m="45578" /><D114/><U50/><E38/><V49/><F5/><W116/><G69/><T103/><D103/><U53/><E73/><V78/><F34/><W43/><G116/><T84/><D132/><U56/><E126/><V113/><F113/><W16/><G120/><T52/><D66/><U97/><E128/><V85/><F134/><N who="3" m="51211" /><G43/><T112/><D112/><U72/><E72/><V10/><F10/><W27/><G37/><T48/><D105/><U100/><E82/><V60/><F60/><W36/><G36/><N who="0" m="21767" /><D98/><U13/><E54/><V70/><F70/><W99/><G99/><T80/><D25/><N who="1" m="16823" /><E13/><AGARI ba="0,0" hai="13,15,48,52,57,77,80,84" m="21767,45578" machi="13" ten="30,2000,0" yaku="12,1,54,1" doraHai="24" who="0" fromWho="1" sc="162,20,237,-20,364,0,237,0" /><INIT seed="3,0,0,4,4,28" ten="182,217,364,237" oya="3" hai0="124,117,104,133,77,56,70,97,96,18,5,92,93" hai1="114,86,116,2,27,29,107,64,60,52,83,89,46" hai2="45,43,47,74,14,42,10,132,75,19,82,34,6" hai3="79,30,44,9,57,40,106,67,69,38,84,7,41"/><W8/><G106/><T113/><D70/><U112/><E2/><V103/><F103/><W33/><G69/><T31/><D117/><U58/><E107/><V20/><F132/><W129/><G129/><T11/><D133/><U24/><E116/><V12/><F34/><W71/><G71/><T90/><D104/><U63/><E27/><V80/><F75/><W68/><G68/><T15/><D124/><U23/><REACH who="1" step="1"/><E63/><REACH who="1" ten="182,207,364,237" step="2"/><V16/><F74/><W95/><G40/><T66/><D113/><U0/><E0/><V26/><F43/><W61/><G7/><T35/><D5/><U118/><E118/><V4/><F4/><W55/><G67/><T130/><D66/><U87/><E87/><V81/><REACH who="2" step="1"/><F42/><REACH who="2" ten="182,207,354,237" step="2"/><W135/><G135/><T13/><D130/><U37/><E37/><V48/><F48/><AGARI ba="0,2" hai="23,24,29,46,48,52,58,60,64,83,86,89,112,114" machi="48" ten="40,8000,1" yaku="1,1,54,1,53,2" doraHai="28" doraHaiUra="108" who="1" fromWho="2" sc="182,0,207,100,354,-80,237,0" /><INIT seed="4,0,0,2,0,29" ten="182,307,274,237" oya="0" hai0="120,13,60,111,14,58,53,32,100,12,98,76,21" hai1="103,91,41,135,97,57,44,46,49,28,42,18,73" hai2="93,59,56,5,88,38,122,1,8,66,6,48,45" hai3="10,17,124,69,128,132,64,134,30,112,92,16,116"/><T85/><D120/><U33/><E73/><V74/><F122/><W25/><G116/><T51/><D111/><U114/><E28/><V36/><F74/><W127/><G64/><T15/><D32/><U105/><E33/><V107/><F107/><W35/><G69/><T110/><D110/><U37/><E135/><N who="3" m="51754" /><G92/><T87/><D76/><U108/><E108/><V7/><F36/><W65/><G65/><T20/><N who="0" m="3072" /><DORA hai="62" /><T84/><REACH who="0" step="1"/><D60/><REACH who="0" ten="172,307,274,237" step="2"/><U63/><E63/><V94/><F6/><W102/><G112/><T39/><D39/><U115/><E37/><V121/><F121/><W61/><G61/><T75/><D75/><U117/><E115/><V104/><F7/><W47/><G10/><T22/><D22/><U72/><E72/><V119/><F8/><W130/><G102/><T106/><AGARI ba="0,1" hai="20,21,51,53,58,84,85,87,98,100,106" m="3072" machi="106" ten="50,12000,1" yaku="1,1,0,1,53,3" doraHai="29,62" doraHaiUra="80,34" who="0" fromWho="0" sc="172,130,307,-40,274,-40,237,-40" /><INIT seed="4,1,0,5,3,0" ten="302,267,234,197" oya="0" hai0="4,63,107,76,16,31,71,46,15,5,20,60,38" hai1="105,14,29,36,110,79,59,108,34,2,64,24,58" hai2="83,40,43,7,100,72,94,118,88,11,85,115,25" hai3="75,10,102,81,55,106,123,126,116,32,124,133,48"/><T6/><D107/><U129/><E2/><V130/><F115/><W67/><G32/><T62/><D76/><U8/><E36/><V21/><F130/><W80/><G116/><T65/><REACH who="0" step="1"/><D31/><REACH who="0" ten="292,267,234,197" step="2"/><U61/><E105/><V86/><F118/><W3/><G106/><T111/><D111/><U68/><E79/><V53/><F72/><W52/><G75/><T66/><D66/><U54/><E129/><V119/><F119/><W117/><G67/><T50/><D50/><U35/><E110/><V45/><F53/><W39/><G52/><T28/><D28/><U33/><E108/><V131/><F131/><W23/><G55/><T103/><D103/><U109/><E109/><V127/><F127/><W95/><G102/><T56/><D56/><U96/><E59/><V97/><F45/><W42/><G48/><T84/><D84/><U114/><E114/><V70/><F86/><W120/><G126/><T9/><D9/><U74/><E74/><V44/><F44/><W47/><G47/><T112/><D112/><U104/><E58/><V19/><REACH who="2" step="1"/><F70/><REACH who="2" ten="292,267,224,197" step="2"/><W73/><G124/><T37/><D37/><U90/><E54/><V121/><F121/><W1/><G39/><T93/><D93/><U69/><E68/><V78/><F78/><W82/><G95/><T51/><D51/><U89/><E104/><V99/><F99/><W17/><G120/><T87/><D87/><U134/><E96/><V125/><F125/><W41/><G123/><T26/><D26/><U101/><E69/><V77/><F77/><W27/><G117/><T12/><D12/><AGARI ba="1,2" hai="7,11,12,19,21,25,40,43,83,85,88,94,97,100" machi="12" ten="30,8000,1" yaku="1,1,7,1,8,1,52,1,54,1,53,0" doraHai="0" doraHaiUra="30" who="2" fromWho="0" sc="292,-83,267,0,224,103,197,0" /><INIT seed="5,0,0,1,3,30" ten="209,267,327,197" oya="1" hai0="116,135,133,98,29,0,20,112,21,54,42,111,63" hai1="53,3,1,28,102,59,65,68,114,48,2,79,10" hai2="60,107,43,62,106,51,90,34,91,80,15,119,86" hai3="101,18,9,41,49,6,99,22,105,118,122,95,13"/><U57/><E68/><V33/><F119/><W85/><G122/><T46/><D116/><U123/><E123/><V78/><F107/><W70/><G70/><T104/><D0/><U35/><E114/><V89/><F106/><W69/><G69/><T4/><D4/><U109/><E109/><V16/><F43/><W113/><G113/><T76/><D112/><U75/><E102/><V94/><F51/><W47/><G118/><T64/><D111/><U44/><E10/><V92/><F34/><W45/><G45/><T5/><D5/><U124/><E124/><V66/><F33/><W58/><G58/><N who="0" m="35287" /><D64/><U93/><E93/><N who="2" m="35947" /><F66/><W52/><G105/><T100/><D76/><U38/><E38/><V61/><F78/><W84/><REACH who="3" step="1"/><G41/><REACH who="3" ten="209,267,327,187" step="2"/><T74/><D42/><U7/><E59/><V132/><F132/><W125/><G125/><T73/><D46/><U108/><E57/><V128/><F128/><W67/><G67/><T72/><D135/><U127/><E44/><V25/><F25/><AGARI ba="0,1" hai="6,9,13,18,22,25,47,49,52,84,85,95,99,101" machi="25" ten="30,7700,0" yaku="1,1,7,1,8,1,54,1,53,0" doraHai="30" doraHaiUra="56" who="3" fromWho="2" sc="209,0,267,0,327,-77,187,87" /><INIT seed="6,0,0,1,3,17" ten="209,267,250,274" oya="2" hai0="3,119,124,93,76,34,127,61,8,98,35,78,31" hai1="13,52,16,40,117,125,110,77,74,21,23,83,45" hai2="89,87,30,33,48,82,71,47,114,54,108,37,10" hai3="22,53,92,62,46,100,109,103,73,36,123,94,42"/><V49/><F108/><W26/><G73/><T121/><D121/><U131/><E125/><N who="0" m="48201" /><D61/><U19/><E131/><V0/><F71/><W69/><G123/><T6/><D119/><U63/><E117/><V133/><F133/><W129/><G129/><T68/><D68/><U111/><E63/><V118/><F118/><W1/><G1/><T28/><D28/><U65/><E65/><V75/><F114/><W134/><G134/><T39/><D39/><U102/><E102/><V27/><F75/><W58/><G109/><T50/><D50/><U91/><E91/><V41/><REACH who="2" step="1"/><F54/><REACH who="2" ten="209,267,240,274" step="2"/><W4/><G69/><T88/><D31/><U120/><E120/><V59/><F59/><W128/><G128/><T112/><D112/><U55/><E111/><V99/><F99/><W18/><G53/><T113/><D113/><U51/><E110/><V7/><AGARI ba="0,1" hai="0,7,10,27,30,33,37,41,47,48,49,82,87,89" machi="7" ten="30,3000,0" yaku="1,1,0,1,53,0" doraHai="17" doraHaiUra="57" who="2" fromWho="2" sc="209,-10,267,-10,240,40,274,-10" /><INIT seed="6,1,0,2,1,92" ten="199,257,280,264" oya="2" hai0="99,121,71,101,90,2,20,77,116,26,75,69,83" hai1="67,1,81,110,103,127,49,73,124,88,106,9,134" hai2="93,89,14,107,128,53,23,50,5,84,78,46,45" hai3="109,131,27,10,21,13,42,48,63,55,80,113,85"/><V87/><F128/><W86/><G109/><T59/><D121/><U6/><E134/><V41/><F107/><W96/><G131/><T4/><D116/><U126/><E67/><V52/><F46/><W76/><G63/><T44/><D44/><U33/><E33/><V105/><F105/><W16/><G113/><T123/><D123/><U102/><E110/><V100/><F100/><W114/><G114/><T24/><D90/><U3/><E3/><V15/><F15/><W120/><G120/><T129/><D129/><U115/><E115/><V32/><F32/><W22/><G22/><T39/><D39/><U57/><E106/><V135/><F135/><W47/><G96/><T74/><D74/><U0/><E1/><V61/><F61/><W68/><G68/><T95/><D59/><U104/><E104/><V79/><F79/><W54/><G86/><T18/><REACH who="0" step="1"/><D26/><REACH who="0" ten="189,257,280,264" step="2"/><U38/><E38/><V58/><F58/><W97/><G97/><T34/><D34/><U12/><E73/><V56/><F56/><W35/><G35/><T19/><D19/><AGARI ba="1,1" hai="10,13,16,19,21,27,42,47,48,54,55,76,80,85" machi="19" ten="30,3900,0" yaku="7,1,8,1,54,1" doraHai="92" who="3" fromWho="0" sc="189,-42,257,0,280,0,264,52" /><INIT seed="7,0,0,3,5,104" ten="147,257,280,316" oya="3" hai0="57,33,99,108,23,17,98,27,120,131,77,14,43" hai1="37,21,16,62,97,18,20,8,38,133,9,11,51" hai2="48,95,83,19,60,50,76,70,92,2,79,25,75" hai3="12,128,121,22,49,45,66,10,65,26,119,39,46"/><W112/><G121/><T91/><D120/><U96/><E62/><V106/><F2/><W34/><G34/><T113/><D108/><U69/><E51/><V7/><F7/><W13/><G13/><T15/><D131/><U85/><E85/><V56/><F106/><W118/><G112/><T126/><D126/><U87/><E87/><V67/><F79/><W107/><G107/><T114/><D43/><U80/><E69/><V55/><REACH who="2" step="1"/><F50/><REACH who="2" ten="147,257,270,316" step="2"/><W53/><G128/><T71/><D71/><U41/><E133/><V63/><F63/><W88/><G118/><T3/><D3/><U135/><E135/><V72/><F72/><W81/><G49/><T74/><D57/><U89/><E41/><V61/><F61/><W132/><G132/><T115/><D33/><U0/><E0/><V32/><F32/><W129/><G119/><T42/><D42/><U82/><E9/><V40/><F40/><W24/><G10/><T124/><D124/><U29/><E89/><V78/><F78/><W130/><G88/><T94/><REACH who="0" step="1"/><D99/><REACH who="0" ten="137,257,270,316" step="2"/><U64/><E96/><V59/><F59/><W111/><G130/><T73/><D73/><U134/><E97/><V52/><F52/><W5/><G53/><T68/><D68/><U93/><E134/><V44/><F44/><W116/><G46/><T36/><D36/><U84/><E37/><V58/><F58/><W117/><G45/><T122/><D122/><U54/><E38/><V1/><F1/><W125/><G39/><T127/><D127/><U109/><E54/><V105/><F105/><W30/><G125/><T4/><D4/><RYUUKYOKU ba="0,2" sc="137,15,257,-15,270,15,316,-15" hai0="14,15,17,23,27,74,77,91,94,98,113,114,115" hai2="19,25,48,55,56,60,67,70,75,76,83,92,95" owari="152,-35.0,242,-16.0,285,9.0,321,42.0" /></mjloggm>