<mjloggm ver="2.3"><GO type="169" lobby="0"/><UN n0="%C2%B4%E3%83%BB%CF%89%E3%83%BB%29%79%EF%BC%8D%7E" n1="%E5%B0%B1%E6%B4%BB%E7%94%9F%40%E5%B7%9D%E6%9D%91%E8%BB%8D%E5%9B%A3" n2="%E3%82%84%E3%81%BE%E3%83%BC%E3%82%93" n3="%6D%6F%6D%6F%2D" dan="16,16,17,17" rate="2092.99,2093.61,2131.92,2132.46" sx="M,M,M,M"/><TAIKYOKU oya="0"/><INIT seed="0,0,0,3,0,97" ten="250,250,250,250" oya="0" hai0="106,55,27,20,89,5,76,125,47,117,129,105,83" hai1="4,81,64,11,75,134,50,70,86,35,0,46,22" hai2="66,9,34,88,52,58,61,13,3,108,18,63,29" hai3="91,132,114,19,116,113,121,111,90,8,79,133,82"/><T6/><D117/><U112/><E75/><V92/><F108/><W28/><G28/><T72/><D129/><U57/><E35/><V48/><F3/><W43/><G43/><T93/><D125/><U104/><E112/><V23/><F34/><W14/><G116/><T109/><D109/><U21/><E104/><V100/><F100/><W107/><G107/><T78/><D78/><U2/><E2/><V69/><F63/><W128/><G111/><T42/><D55/><U101/><E70/><V17/><F29/><W25/><G25/><T40/><D106/><U102/><E134/><N who="3" m="51818" /><G121/><T44/><D105/><U38/><E38/><V73/><F73/><N who="3" m="43375" /><G128/><T68/><D42/><U67/><E22/><V85/><REACH who="2" step="1"/><F18/><REACH who="2" ten="250,250,240,250" step="2"/><W123/><G123/><T131/><D131/><U31/><E31/><V103/><F103/><W59/><G114/><T119/><D119/><U53/><E64/><V99/><F99/><W74/><G74/><T110/><D110/><U39/><E67/><V54/><F54/><W120/><G120/><T71/><D5/><U62/><E62/><V98/><F98/><W16/><G113/><T95/><D6/><U94/><E4/><V10/><AGARI ba="0,1" hai="9,10,13,17,23,48,52,58,61,66,69,85,88,92" machi="10" ten="30,12000,2" yaku="1,1,0,1,25,2,54,2,53,1" doraHai="97" doraHaiUra="60" who="2" fromWho="2" sc="250,-60,250,-30,240,130,250,-30" /><INIT seed="1,0,0,2,5,91" ten="190,220,370,220" oya="1" hai0="36,45,95,102,88,61,120,133,71,22,98,94,127" hai1="59,52,56,66,29,73,128,7,16,87,107,14,135" hai2="31,64,117,72,86,23,106,118,37,84,30,25,57" hai3="3,19,70,10,21,103,44,26,6,55,1,47,34"/><U132/><E73/><V35/><F37/><W96/><G70/><T5/><D127/><U83/><E107/><V119/><F72/><W122/><G122/><T81/><D120/><U129/><E29/><V43/><F106/><W11/><G34/><T54/><D5/><U101/><E66/><V50/><F43/><W32/><G32/><T74/><D133/><N who="1" m="51275" /><E7/><V65/><F31/><W24/><G24/><T0/><D0/><U68/><E68/><V53/><F35/><W90/><G90/><T111/><D111/><U60/><E59/><V20/><F20/><W41/><G10/><T77/><D22/><N who="1" m="11543" /><E101/><V9/><F9/><W116/><G1/><T131/><D131/><U27/><E27/><V17/><F30/><W33/><G33/><T80/><D71/><U93/><E93/><V28/><F28/><W97/><G103/><T38/><D81/><U75/><E75/><V48/><F65/><W85/><G116/><T12/><D12/><U2/><E2/><V89/><F64/><W113/><G113/><T62/><D45/><U92/><E92/><N who="2" m="54327" /><F84/><W82/><G85/><T18/><D18/><U49/><E49/><V15/><F25/><W100/><G82/><T42/><D36/><U104/><E104/><V123/><F123/><W46/><G100/><T125/><D38/><U40/><E40/><V126/><F50/><N who="3" m="29151" /><G41/><T114/><D42/><U109/><E109/><V115/><F115/><W51/><G51/><T4/><D114/><U8/><E8/><V63/><F63/><W69/><G69/><T78/><D62/><U130/><E128/><V99/><F99/><AGARI ba="0,0" hai="3,6,11,19,21,26,44,46,96,97,99" m="29151" machi="99" ten="30,1000,0" yaku="6,1" doraHai="91" who="3" fromWho="2" sc="190,0,220,0,370,-10,220,10" /><INIT seed="2,0,0,0,0,72" ten="190,220,360,230" oya="2" hai0="53,58,79,88,57,31,13,10,86,98,66,122,42" hai1="40,65,43,85,55,89,34,92,60,118,27,112,16" hai2="100,116,69,127,73,131,107,102,49,0,48,68,134" hai3="103,9,94,133,70,128,109,123,111,120,3,45,91"/><V24/><F116/><W77/><G70/><T39/><D122/><U124/><E118/><V87/><F73/><W26/><G26/><T32/><D32/><U35/><E112/><V113/><F113/><W62/><G62/><N who="0" m="38231" /><D39/><U37/><E124/><V7/><F127/><W52/><G133/><T22/><D42/><U96/><E35/><V1/><F107/><W17/><G103/><T93/><D31/><U59/><E37/><V132/><F24/><W6/><G128/><T101/><D22/><N who="1" m="13767" /><E34/><V18/><F18/><W126/><G17/><T63/><D79/><U23/><E23/><V76/><F76/><W2/><G2/><T99/><D101/><N who="1" m="60551" /><E65/><V25/><F131/><W29/><G29/><T38/><D38/><U20/><E20/><V104/><F104/><W30/><G30/><T21/><D21/><U84/><E84/><V95/><F87/><N who="3" m="52607" /><G77/><T117/><D117/><U121/><E121/><V71/><F71/><W90/><G126/><T51/><D63/><U125/><E125/><V28/><F69/><W54/><G90/><T119/><D119/><U129/><E129/><V33/><F68/><W78/><G78/><T61/><D61/><U81/><AGARI ba="0,0" hai="40,43,55,59,60,81,85,89" m="60551,13767" machi="81" ten="30,2000,0" yaku="8,1,54,1" doraHai="72" who="1" fromWho="1" sc="190,-5,220,20,360,-10,230,-5" /><INIT seed="3,0,0,0,1,102" ten="185,240,350,225" oya="3" hai0="76,7,64,112,100,118,97,83,5,46,12,45,22" hai1="38,42,66,81,115,62,27,53,91,98,85,75,77" hai2="72,88,13,101,122,70,134,21,90,123,58,89,8" hai3="3,82,119,50,86,1,71,55,116,28,94,23,95"/><W10/><G71/><T111/><D118/><U32/><E115/><V74/><F70/><W127/><G127/><T26/><D111/><U113/><E113/><V35/><F35/><W80/><G28/><T69/><D112/><U131/><E131/><V16/><F134/><W128/><G128/><T60/><D46/><U61/><E53/><V2/><F101/><W59/><G23/><T44/><D44/><U34/><E42/><V114/><F114/><W11/><G86/><T99/><D45/><U107/><E38/><V19/><F58/><W4/><G59/><T20/><D12/><U0/><E0/><V39/><F39/><W37/><G37/><T110/><D110/><U51/><E51/><V125/><F125/><W33/><G4/><T41/><D41/><U57/><E27/><N who="2" m="14783" /><F2/><W129/><G129/><T56/><D69/><U133/><E62/><V87/><F87/><W84/><G84/><N who="0" m="48231" /><D22/><U132/><E132/><V120/><AGARI ba="0,0" hai="8,13,16,72,74,88,89,90,120,122,123" m="14783" machi="120" ten="40,5200,0" yaku="13,1,54,2" doraHai="102" who="2" fromWho="2" sc="185,-13,240,-13,350,52,225,-26" /><INIT seed="4,0,0,4,3,55" ten="172,227,402,199" oya="0" hai0="128,13,50,30,69,43,91,10,135,120,102,74,25" hai1="133,53,124,81,104,9,96,59,76,1,89,61,115" hai2="56,108,65,34,116,90,121,63,4,85,84,134,11" hai3="48,17,95,44,22,118,47,31,29,87,78,42,107"/><T36/><D36/><U0/><E124/><V5/><F108/><W64/><G107/><T38/><D120/><U27/><E133/><V103/><F34/><W7/><G118/><T37/><D69/><U28/><E115/><V68/><F116/><W92/><G64/><T67/><D135/><U122/><E9/><V21/><F134/><W110/><G7/><T100/><D67/><U18/><E122/><V58/><F103/><W35/><G35/><T119/><D119/><U19/><E19/><V40/><F40/><W77/><G110/><T73/><D128/><U6/><E6/><V109/><F109/><W93/><G44/><T80/><D38/><U94/><E104/><V112/><F112/><W127/><G127/><T88/><D37/><U33/><REACH who="1" step="1"/><E18/><REACH who="1" ten="172,217,402,199" step="2"/><V57/><F11/><W8/><G8/><T101/><D10/><U41/><E41/><V111/><F111/><W123/><G123/><T125/><D43/><U117/><E117/><V3/><F3/><W49/><G17/><T131/><D125/><U15/><E15/><V12/><F121/><W46/><G42/><T72/><D13/><U130/><E130/><V71/><F12/><W26/><G26/><T113/><D131/><U79/><E79/><V52/><F4/><W83/><G78/><T45/><D113/><U20/><E20/><V51/><F21/><W105/><G105/><T60/><D25/><U32/><E32/><V23/><F23/><W14/><G14/><T75/><D30/><N who="3" m="11273" /><G22/><T39/><D39/><U82/><E82/><V16/><F5/><W97/><G97/><T70/><D80/><RYUUKYOKU ba="0,1" sc="172,-15,217,15,402,-15,199,15" hai1="0,1,27,28,33,53,59,61,76,81,89,94,96" hai3="46,47,48,49,77,83,87,92,93,95" /><INIT seed="5,1,1,5,2,64" ten="157,232,387,214" oya="1" hai0="9,33,22,131,115,113,48,69,118,60,92,0,71" hai1="37,34,45,123,135,36,6,110,61,12,102,27,120" hai2="59,126,32,66,119,25,42,28,99,81,134,23,13" hai3="77,58,35,88,104,103,111,116,63,75,17,114,30"/><U4/><E110/><V121/><F119/><W130/><G111/><T11/><D118/><U2/><E102/><V41/><F121/><W49/><G116/><T73/><D33/><U86/><E2/><V85/><F126/><W65/><G114/><N who="0" m="43531" /><D73/><U39/><E135/><V24/><F134/><W44/><G130/><T68/><D131/><U132/><E132/><V38/><F13/><W122/><G122/><T14/><D60/><U53/><E86/><V15/><F15/><W54/><G77/><T55/><D92/><U67/><E27/><V51/><F99/><W52/><G75/><T80/><D80/><U133/><E34/><V43/><F38/><W21/><G35/><T1/><D22/><U50/><E133/><V31/><F66/><W76/><G76/><T62/><D62/><U98/><E6/><V78/><REACH who="2" step="1"/><F59/><REACH who="2" ten="157,232,377,214" step="2"/><W128/><G128/><T72/><D72/><U106/><E98/><V127/><F127/><W125/><G125/><T7/><D11/><U101/><E37/><V19/><F19/><W46/><G65/><T89/><D89/><U57/><E39/><V18/><F18/><W87/><G17/><T93/><D93/><U74/><E36/><V95/><F95/><N who="3" m="54687" /><G103/><T10/><D10/><N who="1" m="4167" /><E101/><V3/><F3/><W97/><G97/><T108/><D108/><U105/><E120/><V96/><F96/><W129/><G129/><T109/><D109/><U117/><E123/><V29/><F29/><W83/><G30/><T40/><D40/><U82/><E117/><V94/><F94/><W90/><G90/><T20/><D1/><U107/><E107/><RYUUKYOKU ba="1,2" sc="157,-15,232,15,377,15,214,-15" hai1="45,50,53,57,61,67,74,82,105,106" hai2="23,24,25,28,31,32,41,42,43,51,78,81,85" /><INIT seed="5,2,2,5,2,43" ten="142,247,392,199" oya="1" hai0="57,123,99,130,23,134,42,119,34,100,33,104,35" hai1="45,115,7,28,2,49,107,30,126,47,59,26,22" hai2="11,18,131,36,120,66,29,128,6,91,109,24,135" hai3="110,51,52,13,127,67,16,56,61,25,114,10,38"/><U118/><E107/><V125/><F109/><W89/><G110/><T87/><D119/><U81/><E118/><V60/><F36/><W101/><G127/><T98/><D134/><U76/><E126/><V94/><F125/><W88/><G38/><T8/><D130/><U80/><E115/><V64/><F18/><W95/><G114/><T84/><D123/><U124/><E124/><V48/><F48/><W63/><G25/><T17/><D8/><U0/><E7/><V78/><F78/><W117/><G117/><T9/><D9/><U93/><E93/><V68/><F120/><W32/><G32/><T85/><D99/><U54/><E80/><V111/><F111/><W86/><G101/><T122/><D122/><U20/><E22/><V41/><F66/><W53/><G63/><T77/><D42/><U1/><REACH who="1" step="1"/><E28/><REACH who="1" ten="142,237,392,199" step="2"/><V40/><F128/><W27/><G27/><T132/><D132/><U121/><E121/><V50/><F131/><W14/><G14/><T62/><D23/><U15/><E15/><V74/><F29/><W83/><REACH who="3" step="1"/><G51/><REACH who="3" ten="142,237,392,189" step="2"/><T5/><D62/><U69/><E69/><V106/><F50/><W3/><G3/><T90/><D34/><U70/><E70/><V73/><F68/><W102/><G102/><T44/><D35/><U133/><E133/><V72/><F135/><W75/><G75/><AGARI ba="2,4" hai="0,1,2,20,26,30,45,47,49,54,59,75,76,81" machi="75" ten="40,7700,0" yaku="1,1,52,2,53,0" doraHai="43" doraHaiUra="112" who="1" fromWho="3" sc="142,0,237,123,392,0,189,-83" /><INIT seed="5,3,0,1,2,28" ten="142,360,392,106" oya="1" hai0="103,90,31,59,22,5,100,64,98,106,35,89,71" hai1="83,41,118,109,32,72,56,121,1,62,116,73,82" hai2="78,63,54,94,74,75,55,39,8,108,87,4,48" hai3="45,23,101,65,15,112,30,37,36,51,13,80,67"/><U52/><E121/><V127/><F39/><W3/><G3/><T14/><D103/><U40/><E1/><V66/><F108/><W91/><G112/><T130/><D130/><U12/><E109/><V2/><F54/><W21/><G101/><T27/><D59/><U24/><E12/><V119/><F119/><W129/><G129/><T97/><D97/><U86/><E82/><V105/><F127/><W20/><G30/><T25/><D25/><U88/><E41/><V114/><F105/><W124/><G124/><T44/><D44/><U77/><E40/><V16/><F16/><W79/><G91/><T132/><D132/><U9/><E9/><V38/><F38/><W33/><G33/><T120/><D120/><U133/><E133/><V84/><F84/><N who="3" m="48159" /><G37/><T17/><D5/><U29/><REACH who="1" step="1"/><E77/><REACH who="1" ten="142,350,392,106" step="2"/><V115/><F78/><W125/><G125/><T34/><D14/><N who="3" m="5129" /><G36/><T10/><D10/><U85/><E85/><V102/><F87/><W53/><AGARI ba="3,1" hai="20,21,23,45,51,53,65,67" m="5129,48159" machi="53" ten="30,1100,0" yaku="8,1" doraHai="28" who="3" fromWho="3" sc="142,-6,350,-8,392,-6,106,30" /><INIT seed="6,0,0,5,2,116" ten="136,342,386,136" oya="2" hai0="54,96,21,109,57,5,62,118,36,103,119,73,110" hai1="132,11,95,60,79,0,70,126,101,49,133,23,85" hai2="37,7,16,112,127,15,104,50,51,91,58,66,34" hai3="74,3,100,53,134,31,82,69,115,26,64,65,9"/><V14/><F37/><W59/><G134/><N who="1" m="51818" /><E126/><V117/><F104/><W128/><G128/><T131/><D131/><U18/><E49/><V106/><F117/><N who="0" m="44554" /><D36/><U102/><E11/><V124/><F106/><W114/><G100/><T27/><D5/><U17/><E0/><V19/><F34/><W81/><G3/><T120/><D120/><U97/><E102/><V41/><F7/><W121/><G121/><T90/><D90/><N who="1" m="53711" /><E79/><V45/><F91/><W4/><G4/><T94/><D73/><U98/><E101/><V30/><F30/><AGARI ba="0,0" hai="21,27,30,54,57,62,94,96,103,109,110" m="44554" machi="30" ten="30,1000,0" yaku="12,1" doraHai="116" who="0" fromWho="2" sc="136,10,342,0,386,-10,136,0" /><INIT seed="7,0,0,0,3,26" ten="146,342,376,136" oya="3" hai0="32,74,41,43,31,81,14,65,8,6,129,40,52" hai1="39,111,67,58,16,87,107,134,85,94,5,128,51" hai2="120,21,10,53,80,35,22,17,68,114,71,89,98" hai3="27,75,126,30,92,113,54,95,119,18,46,61,117"/><W79/><G126/><T77/><D129/><U99/><E107/><V100/><F35/><W131/><G113/><T12/><D65/><U105/><E39/><V69/><F114/><W112/><G112/><T72/><D32/><U23/><E105/><V130/><F10/><W110/><G110/><T82/><D31/><U84/><E111/><V59/><F130/><W29/><G131/><T124/><D124/><U115/><E115/><V78/><F89/><W24/><G75/><T70/><D70/><U63/><E128/><V103/><F120/><W45/><G79/><T66/><D66/><U73/><E73/><V3/><F3/><W106/><G106/><T33/><D33/><U4/><E51/><V86/><F98/><W48/><G117/><T36/><D52/><N who="1" m="34247" /><E134/><V116/><F116/><W122/><G122/><T76/><D36/><U13/><E67/><V132/><F132/><W83/><G119/><T64/><D64/><U37/><E37/><V15/><REACH who="2" step="1"/><F22/><REACH who="2" ten="146,342,366,136" step="2"/><N who="3" m="13399" /><G83/><T56/><D81/><U11/><E23/><V101/><F101/><AGARI ba="0,1" hai="4,5,11,13,16,84,85,87,94,99,101" m="34247" machi="101" ten="30,3900,0" yaku="8,1,54,2" doraHai="26" who="1" fromWho="2" sc="146,0,342,49,366,-39,136,0" owari="146,-25.0,391,48.0,327,13.0,136,-36.0" /></mjloggm>