<mjloggm ver="2.3"><GO type="41" lobby="0"/><UN n0="%73%75%73%75%6B%69%74%69" n1="%E5%B0%B1%E6%B4%BB%E7%94%9F%40%E5%B7%9D%E6%9D%91%E8%BB%8D%E5%9B%A3" n2="%70%6F%6E%6E%67%65" n3="%E6%9D%A5%E9%80%B1%E3%81%AE%E7%B3%B8%E4%BA%95" dan="15,15,14,14" rate="1963.64,2077.11,1993.79,1896.05" sx="M,M,M,M"/><TAIKYOKU oya="0"/><INIT seed="0,0,0,5,3,7" ten="250,250,250,250" oya="0" hai0="72,1,107,3,68,51,132,129,63,49,16,101,26" hai1="113,39,89,103,56,94,18,99,36,133,85,46,59" hai2="8,110,23,54,75,127,71,102,117,29,57,70,109" hai3="86,128,38,20,65,53,25,6,40,41,130,13,33"/><T115/><D115/><U83/><E113/><V91/><F75/><W74/><G74/><T9/><D72/><U116/><E116/><V76/><F117/><W73/><G73/><T45/><D132/><U104/><E133/><V43/><F76/><W124/><G124/><T120/><D120/><U123/><E123/><V81/><F127/><W114/><G114/><T62/><D129/><N who="3" m="49769" /><G33/><T37/><D37/><U10/><E104/><V118/><F118/><W12/><G65/><T17/><D45/><U92/><E92/><V35/><F35/><W125/><G125/><T96/><D26/><U14/><E39/><V34/><F34/><W134/><G134/><T28/><D28/><U58/><E36/><V31/><F70/><W27/><G38/><T97/><D107/><U77/><REACH who="1" step="1"/><E46/><REACH who="1" ten="250,240,250,250" step="2"/><V42/><F110/><W78/><G41/><T108/><D108/><U47/><E47/><V131/><F109/><W79/><G40/><T80/><D80/><U21/><E21/><V100/><F131/><W11/><G20/><T0/><D68/><U111/><E111/><V93/><F81/><W105/><G105/><T44/><D44/><U66/><E66/><V88/><F23/><W106/><G106/><T67/><D67/><U4/><E4/><V52/><F71/><W50/><G53/><T90/><D96/><U84/><E84/><V112/><F112/><W15/><G86/><T48/><D97/><U61/><E61/><V24/><F24/><N who="3" m="9291" /><G50/><T60/><D51/><U69/><E69/><V22/><F22/><W64/><G64/><T121/><D48/><U30/><E30/><RYUUKYOKU ba="0,1" sc="250,-15,240,15,250,-15,250,15" hai1="10,14,18,56,58,59,77,83,85,89,94,99,103" hai3="6,11,12,13,15,78,79" /><INIT seed="1,1,1,3,0,125" ten="235,255,235,265" oya="1" hai0="123,7,133,96,50,67,104,59,52,80,15,70,82" hai1="132,22,21,16,6,8,32,122,89,99,20,38,108" hai2="101,26,57,47,105,86,131,81,102,83,3,12,10" hai3="76,63,36,73,37,84,24,75,134,93,68,43,48"/><U65/><E38/><V53/><F3/><W39/><G134/><T109/><D109/><U2/><E122/><V121/><F121/><W11/><G24/><T111/><D111/><U119/><E119/><V56/><F105/><W30/><G30/><T79/><D123/><U120/><E120/><V62/><F47/><W60/><G93/><T5/><D133/><U92/><E108/><V117/><F117/><W31/><G31/><T29/><D82/><U4/><E132/><V130/><F26/><W54/><G11/><T0/><D0/><U40/><E32/><V128/><F57/><W85/><G43/><T72/><D15/><U1/><E40/><V51/><F62/><W112/><G112/><T110/><D110/><U23/><E65/><V71/><F71/><W61/><G68/><T18/><D18/><U107/><E107/><V77/><F83/><W9/><G9/><T100/><REACH who="0" step="1"/><D29/><REACH who="0" ten="225,255,235,265" step="2"/><U14/><E4/><AGARI ba="1,2" hai="4,10,12,51,53,56,77,81,86,101,102,128,130,131" machi="4" ten="40,8000,1" yaku="19,1,52,3" doraHai="125" who="2" fromWho="1" sc="225,0,255,-83,235,103,265,0" /><INIT seed="2,0,0,4,5,45" ten="225,172,338,265" oya="2" hai0="78,60,109,64,82,17,65,127,62,84,1,104,94" hai1="79,42,105,117,101,89,124,13,81,99,32,52,87" hai2="121,16,2,53,30,106,41,119,34,38,135,8,93" hai3="113,76,67,66,35,77,123,107,90,91,112,33,128"/><V116/><F106/><W86/><G86/><T70/><D104/><U102/><E117/><V95/><F121/><W126/><G107/><T61/><D109/><U31/><E124/><V85/><F135/><W74/><G126/><T108/><D127/><U39/><E101/><V130/><F130/><W63/><G63/><T24/><D108/><U46/><E32/><N who="3" m="12362" /><G74/><T56/><D1/><U27/><E27/><V23/><F41/><W110/><G110/><T69/><D94/><U120/><E120/><V118/><F38/><W83/><G83/><T7/><D7/><U37/><E31/><V10/><F85/><W58/><G58/><T36/><D36/><U40/><E13/><N who="2" m="9615" /><F53/><W55/><G55/><T3/><D3/><U129/><E129/><V57/><F57/><W11/><G11/><N who="2" m="4137" /><F93/><W72/><G72/><T68/><D56/><U92/><E40/><V14/><F95/><W131/><G123/><T59/><D59/><U97/><REACH who="1" step="1"/><E42/><REACH who="1" ten="225,162,338,265" step="2"/><V100/><F100/><W12/><G131/><T0/><D0/><U132/><E132/><V48/><F2/><W29/><G128/><T21/><AGARI ba="0,1" hai="17,21,24,60,61,62,64,65,68,69,70,78,82,84" machi="21" ten="40,1500,0" yaku="0,1" doraHai="45" who="0" fromWho="0" sc="225,25,162,-4,338,-7,265,-4" /><INIT seed="3,0,0,4,0,81" ten="250,158,331,261" oya="3" hai0="77,72,99,64,45,126,44,90,118,133,92,33,2" hai1="36,86,46,8,83,5,24,128,51,67,39,120,80" hai2="35,76,19,15,22,119,124,106,11,70,116,135,112" hai3="129,117,41,26,27,79,57,68,104,84,71,49,98"/><W53/><G117/><T1/><D118/><N who="2" m="45098" /><F70/><W55/><G129/><T61/><D33/><U14/><E120/><V54/><F106/><W69/><G41/><T114/><D114/><U62/><E128/><V56/><F76/><W82/><REACH who="3" step="1"/><G55/><REACH who="3" ten="250,158,331,251" step="2"/><T40/><D126/><U95/><E36/><V134/><F54/><W93/><G93/><T7/><D133/><N who="2" m="50698" /><F112/><W20/><G20/><T74/><D40/><U10/><E39/><V21/><F124/><W87/><G87/><T115/><D115/><U4/><E95/><V25/><F56/><W18/><G18/><T29/><D74/><U110/><E110/><V123/><F123/><W60/><G60/><T125/><D125/><U78/><E83/><V47/><F47/><W9/><G9/><T52/><D45/><U130/><E130/><V127/><F127/><W109/><G109/><T131/><D131/><U121/><E121/><V107/><F107/><W43/><G43/><T88/><D44/><U105/><E105/><V16/><F35/><W73/><G73/><T122/><D122/><U50/><E46/><V63/><F63/><W108/><G108/><T113/><D113/><U75/><E75/><V0/><F21/><W6/><G6/><T89/><D7/><U42/><E42/><V30/><F0/><W59/><G59/><T3/><D52/><U31/><E8/><V111/><F111/><W13/><G13/><T103/><D72/><U65/><E5/><AGARI ba="0,1" hai="5,11,15,16,19,22,25,30" m="50698,45098" machi="5" ten="30,7700,0" yaku="20,1,34,2,54,1" doraHai="81" who="2" fromWho="1" sc="250,0,158,-77,331,87,251,0" /><INIT seed="4,0,0,3,0,25" ten="250,81,418,251" oya="0" hai0="131,133,53,62,58,71,46,11,42,88,112,73,92" hai1="121,30,15,127,60,19,36,125,51,115,24,1,67" hai2="130,119,47,76,113,108,48,83,4,77,65,31,69" hai3="21,9,75,40,98,44,78,34,100,22,135,89,52"/><T104/><D73/><U55/><E36/><V82/><F108/><W107/><G34/><T3/><D104/><U20/><E1/><V116/><F113/><W12/><G135/><T41/><D41/><U50/><E121/><V66/><F130/><W101/><G101/><T26/><D131/><U61/><E115/><V14/><F31/><W124/><G124/><T91/><D112/><U103/><E103/><V95/><F95/><W99/><G78/><T70/><D91/><U43/><E43/><V7/><F14/><W16/><G75/><T106/><D106/><U109/><E109/><V2/><F48/><W18/><G52/><T13/><D3/><U17/><E17/><V23/><F2/><W105/><G105/><T74/><D26/><U29/><E51/><V38/><F23/><W33/><G33/><T57/><D57/><N who="1" m="37263" /><E61/><V6/><F47/><W132/><G132/><T102/><D102/><U114/><E114/><V80/><F38/><W129/><G129/><T128/><D74/><U49/><E15/><V86/><F69/><W35/><G35/><T0/><D0/><U118/><E118/><N who="2" m="45099" /><F86/><W94/><REACH who="3" step="1"/><G18/><REACH who="3" ten="250,81,418,241" step="2"/><T37/><D133/><U87/><E87/><V90/><F90/><W10/><G10/><T123/><D128/><U63/><E63/><V117/><F117/><W97/><G97/><T45/><D45/><N who="1" m="28079" /><E50/><AGARI ba="0,1" hai="9,12,16,21,22,40,44,50,89,94,98,99,100,107" machi="50" ten="30,3900,0" yaku="1,1,7,1,54,1,53,0" doraHai="25" doraHaiUra="32" who="3" fromWho="1" sc="250,0,81,-39,418,0,241,49" /><INIT seed="5,0,0,1,1,87" ten="250,42,418,290" oya="1" hai0="130,69,83,133,36,58,75,51,110,102,119,64,31" hai1="12,109,57,24,85,44,122,134,96,115,11,43,21" hai2="28,101,20,79,41,16,50,56,127,40,48,99,63" hai3="26,129,5,19,14,88,29,59,91,54,98,125,121"/><U27/><E122/><V128/><F127/><W17/><G125/><T97/><D119/><U113/><E109/><V61/><F128/><W3/><G3/><T80/><D130/><U22/><E134/><V67/><F79/><W38/><G38/><T55/><D133/><U30/><E96/><V94/><F61/><W6/><G129/><T73/><D110/><U9/><E57/><V104/><F104/><W111/><G111/><T62/><D80/><U123/><E123/><V1/><F1/><W4/><G121/><T66/><D66/><U120/><E120/><V76/><F76/><W108/><G108/><T84/><D31/><N who="1" m="17807" /><E85/><V89/><F101/><W35/><G98/><T132/><D36/><U52/><E43/><N who="2" m="16459" /><F28/><W18/><REACH who="3" step="1"/><G14/><AGARI ba="0,0" hai="14,16,20,48,50,56,63,67,89,94,99" m="16459" machi="14" ten="30,3900,0" yaku="8,1,52,1,54,1" doraHai="87" who="2" fromWho="3" sc="250,0,42,0,418,39,290,-39" /><INIT seed="6,0,0,2,3,96" ten="250,42,457,251" oya="2" hai0="101,133,50,102,12,114,99,69,55,109,33,59,115" hai1="16,37,84,71,18,74,121,129,126,100,73,120,110" hai2="62,60,0,19,11,104,54,75,87,108,90,88,15" hai3="64,105,91,123,47,66,14,42,103,9,61,29,46"/><V21/><F75/><N who="1" m="28681" /><E71/><V25/><F104/><W113/><G123/><N who="1" m="47178" /><E110/><V31/><F108/><W68/><G91/><T39/><D39/><U63/><E37/><V24/><F90/><W7/><G47/><T45/><D109/><U85/><E126/><V89/><F89/><W57/><G57/><T125/><D125/><U132/><E132/><V51/><F25/><W36/><G61/><T67/><D99/><U119/><E119/><V1/><F1/><W8/><G14/><T65/><D133/><U134/><E134/><V130/><F0/><W3/><G3/><T41/><D33/><U82/><E63/><V77/><F77/><W58/><G68/><T28/><D28/><U94/><E129/><V97/><F97/><W35/><G9/><T79/><D79/><U118/><E118/><V34/><F34/><W80/><G8/><T49/><D12/><U27/><E27/><V76/><F76/><W44/><G36/><T48/><D48/><U128/><E128/><V40/><F40/><W111/><G42/><T112/><REACH who="0" step="1"/><D65/><REACH who="0" ten="240,42,457,251" step="2"/><U106/><E106/><V23/><F130/><W2/><G64/><T135/><D135/><U83/><E94/><N who="2" m="54559" /><F11/><W116/><G116/><T22/><D22/><U17/><E100/><V81/><F81/><AGARI ba="0,1" hai="16,17,18,81,82,83,84,85" m="47178,28681" machi="81" ten="40,8000,1" yaku="28,2,13,1,54,1" doraHai="96" who="1" fromWho="2" sc="240,0,42,90,457,-80,251,0" /><INIT seed="7,0,0,1,0,101" ten="240,132,377,251" oya="3" hai0="26,99,8,129,58,62,56,69,110,133,16,27,113" hai1="12,95,7,13,41,4,72,23,92,66,64,6,57" hai2="21,52,34,33,28,18,32,46,76,120,128,48,1" hai3="35,125,40,44,115,88,77,132,112,0,111,67,20"/><W5/><G35/><T42/><D110/><U127/><E72/><V90/><F1/><W117/><G117/><T84/><D69/><U87/><E127/><V71/><F71/><W126/><G111/><T49/><D133/><U108/><E108/><V78/><F120/><W65/><G132/><T55/><D129/><U89/><E41/><V70/><F70/><W75/><G20/><T116/><D116/><U81/><E23/><V14/><F128/><W50/><G88/><T114/><D84/><U31/><E31/><V93/><REACH who="2" step="1"/><F28/><REACH who="2" ten="240,132,367,251" step="2"/><W74/><G5/><T79/><D79/><U134/><E134/><V107/><F107/><W121/><G0/><T124/><D124/><N who="3" m="47721" /><G121/><T43/><D99/><AGARI ba="0,1" hai="14,18,21,32,33,34,46,48,52,76,78,90,93,99" machi="99" ten="40,2600,0" yaku="1,1,54,1,53,0" doraHai="101" doraHaiUra="60" who="2" fromWho="0" sc="240,-26,132,0,367,36,251,0" owari="214,-19.0,132,-37.0,403,51.0,251,5.0" /></mjloggm>