<mjloggm ver="2.3"><GO type="169" lobby="0"/><UN n0="%E3%81%82%E3%81%B2%E3%82%8B%E3%81%95%E3%82%93" n1="%E3%81%8D%E3%81%BF%E3%81%9F%E3%81%BE%E3%81%94" n2="%E3%82%A6%E3%83%AB%E3%83%88%E3%83%A9%E7%AB%8B%E7%9B%B4" n3="%E3%83%A1%E3%83%AB%E3%82%AF" dan="16,16,17,16" rate="2033.87,2170.32,2151.95,2049.15" sx="M,M,M,M"/><TAIKYOKU oya="0"/><INIT seed="0,0,0,5,0,34" ten="250,250,250,250" oya="0" hai0="37,52,21,62,46,30,80,71,42,25,53,18,131" hai1="72,2,9,6,124,102,93,132,83,73,1,63,109" hai2="12,87,119,40,135,104,129,82,67,98,49,111,105" hai3="125,77,11,55,95,15,74,23,127,88,123,66,75"/><T32/><D131/><U60/><E109/><V100/><F119/><W101/><G101/><T38/><D38/><U57/><E132/><V58/><F129/><W22/><G66/><T16/><D80/><U114/><E124/><N who="3" m="47690" /><G123/><T35/><D35/><U128/><E114/><V51/><F111/><W96/><G55/><T76/><D76/><U5/><E128/><V116/><F135/><W31/><G31/><T4/><D18/><U59/><E102/><V91/><F116/><W19/><G77/><T120/><D120/><U14/><E93/><V81/><F104/><W61/><G61/><T126/><D126/><U56/><E83/><V39/><F82/><W113/><G113/><T3/><D71/><U13/><E59/><V26/><F58/><W33/><G33/><T121/><D62/><U94/><E94/><V54/><F67/><W45/><G45/><T7/><D121/><U44/><REACH who="1" step="1"/><E9/><REACH who="1" ten="250,240,250,250" step="2"/><V92/><F100/><W122/><G122/><T103/><D103/><U115/><E115/><V78/><F92/><W41/><G41/><T20/><D42/><U118/><E118/><V110/><F40/><W24/><G11/><T48/><D46/><AGARI ba="0,1" hai="1,2,5,6,13,14,44,46,56,57,60,63,72,73" machi="46" ten="25,8000,1" yaku="1,1,22,2,52,2,53,0" doraHai="34" doraHaiUra="89" who="1" fromWho="0" sc="250,-80,240,90,250,0,250,0" /><INIT seed="1,0,0,0,0,34" ten="170,330,250,250" oya="1" hai0="31,53,56,20,79,41,36,132,100,72,54,83,127" hai1="18,58,70,16,114,23,86,13,7,113,35,33,74" hai2="118,124,88,103,116,134,44,93,71,24,133,97,25" hai3="8,11,90,85,95,69,92,29,128,1,9,14,42"/><U96/><E70/><V130/><F71/><W26/><G69/><T73/><D73/><U21/><E74/><V3/><F124/><W5/><G128/><T119/><D119/><U117/><E96/><N who="2" m="57383" /><F44/><W101/><G42/><T121/><D41/><U61/><E117/><N who="2" m="45163" /><F24/><W125/><G125/><T63/><D36/><U76/><E7/><V2/><F25/><W45/><G45/><T112/><D127/><U27/><E35/><V48/><F48/><W57/><G57/><T32/><D32/><U50/><E50/><V78/><F78/><W43/><G43/><T123/><D79/><U107/><E33/><V28/><F28/><W110/><G110/><T102/><D31/><U129/><E129/><V39/><F39/><W47/><G47/><T91/><D56/><U62/><E107/><N who="2" m="63983" /><F130/><W122/><G122/><T131/><D123/><U77/><E58/><V10/><F10/><W4/><G11/><T65/><D121/><U68/><E68/><V75/><F75/><W40/><G40/><T0/><D131/><U115/><E77/><V49/><F49/><W17/><G5/><T64/><D72/><U84/><REACH who="1" step="1"/><E76/><REACH who="1" ten="170,320,250,250" step="2"/><V60/><F60/><AGARI ba="0,1" hai="13,16,18,21,23,27,60,61,62,84,86,113,114,115" machi="60" ten="40,7700,0" yaku="1,1,2,1,54,1,53,0" doraHai="34" doraHaiUra="99" who="1" fromWho="2" sc="170,0,320,87,250,-77,250,0" /><INIT seed="1,1,0,1,3,83" ten="170,407,173,250" oya="1" hai0="64,113,15,28,76,81,44,80,38,34,89,69,16" hai1="72,19,55,133,60,48,54,17,87,63,114,73,121" hai2="130,67,119,58,9,53,68,35,135,7,13,88,104" hai3="23,70,110,50,99,1,45,95,91,93,120,51,107"/><U56/><E114/><V82/><F119/><W39/><G120/><T94/><D113/><U108/><E121/><V12/><F130/><W125/><G70/><T37/><D81/><U134/><E108/><V2/><F135/><W30/><G110/><T40/><D28/><U128/><E128/><V112/><F35/><W101/><G1/><T8/><D34/><U92/><E48/><N who="2" m="31015" /><F68/><W126/><G39/><T106/><D106/><U57/><REACH who="1" step="1"/><E92/><REACH who="1" ten="170,397,173,250" step="2"/><V10/><F112/><W124/><G93/><T84/><D37/><U123/><E123/><V27/><F104/><W26/><REACH who="3" step="1"/><G45/><REACH who="3" ten="170,397,173,240" step="2"/><T42/><D44/><U32/><E32/><V118/><F118/><W105/><G105/><T11/><D38/><U14/><E14/><V21/><F12/><W25/><G25/><T5/><D94/><U109/><E109/><V4/><F13/><W122/><G122/><T71/><D15/><U24/><E24/><V117/><F27/><W49/><G49/><T6/><D11/><U31/><E31/><V111/><F10/><W29/><G29/><T22/><D8/><U79/><E79/><V61/><F9/><W96/><AGARI ba="1,2" hai="23,26,30,50,51,91,95,96,99,101,107,124,125,126" machi="96" ten="40,5200,0" yaku="1,1,0,1,18,1,53,0" doraHai="83" doraHaiUra="65" who="3" fromWho="3" sc="170,-14,397,-27,173,-14,240,75" /><INIT seed="2,0,0,1,2,111" ten="156,370,159,315" oya="2" hai0="118,41,102,25,99,53,113,101,133,106,21,50,110" hai1="69,126,128,56,79,95,3,98,13,103,90,93,134" hai2="73,84,27,72,12,15,33,26,129,135,5,91,36" hai3="51,48,80,43,89,55,81,49,40,105,18,107,100"/><V76/><F36/><W114/><G114/><T130/><D110/><U19/><E3/><V64/><F76/><W63/><G18/><T42/><D130/><U58/><E69/><V83/><F33/><W37/><G37/><T131/><D131/><U68/><E68/><V112/><F112/><W117/><G117/><T125/><D133/><U31/><E126/><V24/><F129/><W108/><G108/><T121/><D121/><U120/><E134/><V94/><F135/><W123/><G123/><T22/><D125/><U124/><E124/><V88/><F64/><W115/><G115/><T29/><D113/><U28/><E79/><V74/><REACH who="2" step="1"/><F5/><REACH who="2" ten="156,370,149,315" step="2"/><W38/><G38/><T71/><D118/><U70/><E128/><V23/><F23/><W77/><G77/><T65/><D21/><U14/><E120/><V75/><N who="2" m="18432" /><DORA hai="61" /><V127/><F127/><W109/><G109/><T0/><D65/><U78/><E78/><V92/><F92/><W10/><G105/><T35/><D35/><U87/><E95/><V4/><F4/><W116/><G107/><T96/><D106/><U2/><E93/><V97/><AGARI ba="0,1" hai="12,15,24,26,27,83,84,88,91,94,97" m="18432" machi="97" ten="60,12000,1" yaku="1,1,0,1,54,1,53,2" doraHai="111,61" doraHaiUra="85,16" who="2" fromWho="2" sc="156,-40,370,-40,149,130,315,-40" /><INIT seed="2,1,0,4,2,85" ten="116,330,279,275" oya="2" hai0="43,103,94,132,114,9,6,129,72,14,82,62,46" hai1="91,31,107,102,104,66,113,28,36,27,121,64,120" hai2="41,79,131,35,68,126,133,48,71,29,83,67,13" hai3="105,42,84,25,92,127,106,130,101,112,18,123,3"/><V88/><F126/><W30/><G123/><N who="1" m="47178" /><E36/><V11/><F131/><W61/><G3/><T93/><D114/><U26/><E91/><V40/><F133/><W89/><G127/><T116/><D129/><U74/><E74/><V12/><F35/><W135/><G130/><T54/><D132/><U134/><E113/><V95/><F29/><N who="1" m="11337" /><E102/><V22/><F67/><N who="1" m="25641" /><E134/><V21/><F68/><W97/><G135/><T109/><D72/><U7/><E7/><N who="2" m="3199" /><F71/><W5/><G112/><T56/><D103/><U70/><E70/><V58/><F83/><W100/><G5/><T32/><D32/><U55/><E55/><N who="2" m="32103" /><F79/><W37/><G61/><T1/><D82/><U59/><E59/><V33/><F33/><W118/><G118/><T110/><D116/><U63/><E63/><V108/><F40/><W10/><G30/><T76/><D76/><U98/><E98/><N who="2" m="57703" /><F41/><W39/><G42/><T122/><D122/><U0/><E0/><V47/><F47/><W60/><G37/><T52/><D1/><U51/><E51/><V15/><F15/><W44/><G39/><T81/><D81/><U8/><E8/><V115/><F115/><W77/><G44/><T75/><D75/><U49/><E49/><V4/><F4/><W73/><G73/><T119/><D119/><U20/><E20/><N who="2" m="7787" /><F13/><N who="3" m="7479" /><G25/><AGARI ba="1,0" hai="25,26,27,104,107" m="25641,11337,47178" machi="25" ten="30,3900,0" yaku="28,2,13,1" doraHai="85" who="1" fromWho="3" sc="116,0,330,42,279,0,275,-42" /><INIT seed="3,0,0,5,5,127" ten="116,372,279,233" oya="3" hai0="9,1,74,82,57,89,19,105,14,93,65,112,34" hai1="106,115,25,75,109,23,58,16,76,30,116,44,45" hai2="53,22,59,90,111,7,121,3,83,64,12,49,39" hai3="21,52,5,80,47,31,124,33,0,29,37,36,102"/><W24/><G124/><T108/><D105/><U118/><E106/><V67/><F111/><W100/><G80/><T48/><D34/><U56/><E109/><V86/><F121/><W125/><G125/><T91/><D108/><U133/><E133/><V50/><F39/><W63/><G36/><T69/><D69/><U11/><E115/><V6/><F3/><W28/><G37/><T20/><D112/><U38/><E76/><V26/><F49/><W54/><G33/><T15/><D1/><U87/><E75/><V35/><F35/><W13/><G0/><T123/><D123/><U101/><E87/><V96/><F96/><W120/><G120/><T107/><D107/><U84/><E84/><V119/><F119/><W46/><G5/><N who="2" m="1545" /><F12/><W132/><G13/><T73/><D73/><U8/><E101/><N who="3" m="39018" /><G132/><T103/><D103/><U98/><E98/><V128/><F83/><W130/><G130/><T72/><D72/><U95/><E95/><N who="2" m="54743" /><F128/><W113/><G113/><T97/><D74/><U61/><E38/><V88/><F88/><W110/><G110/><T2/><D2/><U71/><E71/><V94/><F94/><W78/><G78/><T66/><D89/><U81/><E81/><V77/><F77/><W51/><G63/><T41/><D82/><U62/><E62/><V117/><F117/><W129/><G129/><T68/><D68/><U18/><E61/><V10/><F10/><N who="1" m="3625" /><E118/><V40/><F40/><W60/><G60/><T122/><D122/><U70/><E70/><V85/><F85/><W126/><G126/><T114/><D114/><U135/><E116/><RYUUKYOKU ba="0,0" sc="116,-15,372,-15,279,15,233,15" hai2="22,26,50,53,59,64,67" hai3="21,24,28,29,31,46,47,51,52,54" /><INIT seed="3,1,0,5,2,124" ten="101,357,294,248" oya="3" hai0="89,43,86,46,71,33,14,103,126,54,128,96,120" hai1="18,119,25,49,17,72,4,98,105,51,117,121,40" hai2="109,57,58,132,70,82,20,81,39,111,85,31,135" hai3="95,34,101,134,36,8,115,21,113,114,30,90,78"/><W83/><G36/><T84/><D33/><U5/><E72/><V67/><F39/><W123/><G123/><T131/><D71/><U3/><E105/><V62/><F31/><W92/><G134/><N who="2" m="51241" /><F20/><W24/><G8/><T129/><D120/><U61/><E98/><V104/><F104/><W125/><G125/><T79/><D126/><U102/><E61/><V91/><F82/><W19/><G101/><T107/><D79/><U110/><E40/><V22/><F22/><W7/><G7/><T56/><D14/><U48/><E102/><V9/><F9/><W32/><G90/><T41/><D46/><U1/><E25/><V65/><F65/><W116/><G116/><N who="1" m="44618" /><E110/><AGARI ba="1,0" hai="57,58,62,67,70,81,85,91,109,110,111" m="51241" machi="110" ten="30,2000,0" yaku="14,1,20,1" doraHai="124" who="2" fromWho="1" sc="101,0,357,-23,294,23,248,0" /><INIT seed="4,0,0,2,0,13" ten="101,334,317,248" oya="0" hai0="130,106,90,128,10,99,107,113,8,71,121,95,0" hai1="20,109,33,104,28,98,119,127,73,62,52,18,60" hai2="102,63,40,22,67,96,24,100,88,81,17,59,11" hai3="21,35,38,133,134,31,58,44,79,61,39,19,26"/><T77/><D121/><U126/><E73/><V43/><F11/><N who="0" m="4138" /><D71/><U50/><E109/><V80/><F80/><W76/><G79/><T117/><D117/><U105/><E28/><V82/><F82/><W116/><G76/><T64/><D77/><U30/><E30/><V84/><F100/><W32/><G116/><T56/><D0/><U16/><E33/><V124/><F124/><N who="1" m="47657" /><E20/><V85/><REACH who="2" step="1"/><F84/><REACH who="2" ten="101,334,307,248" step="2"/><W6/><G133/><T27/><D107/><AGARI ba="0,1" hai="17,22,24,40,43,59,63,67,81,85,88,96,102,107" machi="107" ten="30,12000,2" yaku="1,1,2,1,7,1,52,1,54,1,53,1" doraHai="13" doraHaiUra="93" who="2" fromWho="0" sc="101,-120,334,0,307,130,248,0" owari="-19,-52.0,334,13.0,437,54.0,248,-15.0" /></mjloggm>