<mjloggm ver="2.3"><GO type="97" lobby="0"/><UN n0="%E3%83%88%E3%83%88%E3%83%AA%E5%85%88%E7%94%9F%31%39%E6%AD%B3" n1="%63%74%75%6B%6C%79%6C%69" n2="%73%69%69%74%61" n3="%43%61%6C%6B%61%6E" dan="15,14,14,14" rate="2048.78,1909.74,1987.15,1933.13" sx="F,M,M,M"/><TAIKYOKU oya="0"/><INIT seed="0,0,0,0,3,62" ten="250,250,250,250" oya="0" hai0="44,76,17,57,33,34,122,21,91,45,94,1,27" hai1="121,115,51,18,3,82,49,132,56,30,25,63,109" hai2="41,130,40,65,38,37,16,7,39,83,28,4,13" hai3="98,55,20,123,92,116,104,47,6,93,99,97,68"/><T73/><D122/><U120/><E3/><V102/><F28/><W54/><G116/><T9/><D73/><U72/><E115/><V48/><F130/><W126/><G104/><T69/><D76/><U119/><E119/><V5/><F102/><W10/><G123/><T22/><D69/><U26/><E132/><V46/><F83/><W105/><G105/><T8/><D1/><U87/><E72/><V128/><F128/><W113/><G113/><T59/><D33/><U32/><E121/><V70/><F70/><W31/><G68/><T53/><D57/><U15/><E26/><V134/><F134/><W42/><G126/><T79/><D79/><U52/><E109/><V85/><F85/><W23/><G42/><T43/><D34/><U75/><E75/><V106/><F65/><W81/><G81/><T100/><D100/><U101/><E101/><V11/><REACH who="2" step="1"/><F106/><REACH who="2" ten="250,250,240,250" step="2"/><W35/><G31/><N who="0" m="17903" /><D94/><U125/><E120/><V86/><F86/><W61/><G93/><T64/><D64/><U103/><E103/><V118/><F118/><W131/><G92/><T71/><D71/><U133/><E133/><V90/><F90/><W124/><G131/><T129/><D91/><U67/><E67/><V29/><F29/><W112/><G112/><T66/><D66/><U24/><E125/><V58/><F58/><N who="3" m="35031" /><G124/><T114/><D114/><U95/><E95/><V78/><F78/><W108/><G108/><T135/><D129/><U0/><E56/><V36/><F36/><W80/><G80/><T111/><D111/><U12/><E30/><V127/><F127/><W107/><G107/><RYUUKYOKU ba="0,1" sc="250,-10,250,-10,240,30,250,-10" hai2="4,5,7,11,13,16,37,38,39,40,41,46,48" /><INIT seed="1,1,1,4,0,101" ten="240,240,270,240" oya="1" hai0="132,43,60,5,4,126,28,23,53,93,73,34,117" hai1="82,9,127,15,25,111,71,98,26,27,85,58,30" hai2="22,44,10,124,62,66,96,41,42,115,50,84,100" hai3="24,1,83,99,123,130,106,86,64,76,77,18,133"/><U134/><E71/><V88/><F115/><W0/><G123/><T2/><D117/><U90/><E134/><V68/><F124/><W33/><G133/><T52/><D34/><U131/><E131/><V113/><F113/><W48/><G130/><T92/><D73/><U107/><E127/><V54/><F22/><W38/><G38/><T74/><D74/><U89/><E111/><V129/><F10/><W94/><G106/><T47/><D126/><U78/><E58/><V108/><F108/><W102/><G76/><T46/><D132/><U125/><E125/><V31/><F31/><W17/><G64/><T59/><D2/><U35/><E90/><V128/><F128/><W120/><G120/><T21/><D59/><U103/><REACH who="1" step="1"/><E78/><REACH who="1" ten="240,230,270,240" step="2"/><V51/><F129/><W63/><G77/><T3/><D46/><U69/><E69/><V114/><F114/><W70/><G70/><T39/><D47/><U118/><E118/><V105/><REACH who="2" step="1"/><F50/><REACH who="2" ten="240,230,260,240" step="2"/><W11/><G48/><T91/><D39/><U13/><E13/><V116/><F116/><W45/><G1/><T87/><D3/><U19/><AGARI ba="1,3" hai="9,15,19,25,26,27,30,35,82,85,89,98,103,107" machi="19" ten="20,12000,1" yaku="1,1,0,1,7,1,52,1,53,1" doraHai="101" doraHaiUra="6" who="1" fromWho="1" sc="240,-41,230,153,260,-41,240,-41" /><INIT seed="1,2,0,1,0,117" ten="199,383,219,199" oya="1" hai0="82,122,28,81,134,118,97,34,11,7,55,25,84" hai1="19,95,13,130,64,100,106,54,39,104,33,121,15" hai2="51,123,6,101,77,32,65,0,60,2,69,1,4" hai3="125,111,12,80,87,116,47,72,17,115,31,45,128"/><U107/><E39/><V76/><F32/><W43/><G115/><T108/><D118/><U98/><E33/><V129/><F129/><W26/><G116/><T9/><D108/><U126/><E126/><V10/><F101/><W5/><G128/><T70/><D70/><U75/><E75/><V74/><F74/><W114/><G114/><T29/><D29/><U53/><E130/><V102/><F102/><W52/><G125/><T89/><D134/><U112/><E112/><V37/><F37/><W113/><G113/><T86/><D122/><U35/><E35/><V42/><F123/><W41/><G111/><T61/><D97/><U71/><E121/><V23/><F23/><N who="3" m="15839" /><G5/><T50/><D61/><U90/><E64/><V24/><F24/><W16/><G72/><T120/><D7/><U133/><E71/><V93/><F93/><W30/><G30/><T3/><D3/><U85/><E133/><V14/><REACH who="2" step="1"/><F6/><REACH who="2" ten="199,383,209,199" step="2"/><W46/><G43/><T58/><REACH who="0" step="1"/><D120/><REACH who="0" ten="189,383,209,199" step="2"/><U49/><E95/><V8/><F8/><W78/><G41/><T62/><D62/><U36/><E98/><V79/><F79/><AGARI ba="2,2" hai="9,11,25,28,34,50,55,58,79,81,82,84,86,89" machi="79" ten="30,2000,0" yaku="1,1,7,1,53,0" doraHai="117" doraHaiUra="103" who="0" fromWho="2" sc="189,46,383,0,209,-26,199,0" /><INIT seed="2,0,0,4,4,76" ten="235,383,183,199" oya="2" hai0="130,17,113,104,20,119,131,19,120,93,127,121,33" hai1="67,62,47,56,55,78,84,49,110,57,51,80,98" hai2="111,63,69,79,75,64,21,0,117,39,133,53,74" hai3="134,16,32,42,66,38,71,73,114,14,40,4,72"/><V6/><F117/><W118/><G118/><T68/><D104/><U41/><E110/><V9/><F111/><W7/><G32/><T26/><D68/><U90/><REACH who="1" step="1"/><E98/><REACH who="1" ten="235,373,183,199" step="2"/><V2/><F133/><W52/><G134/><T44/><D119/><U109/><E109/><V81/><F2/><W29/><G114/><T95/><D113/><U123/><E123/><V85/><F39/><W15/><G38/><T8/><D121/><U83/><E83/><V87/><F87/><W30/><G72/><T105/><D120/><U126/><E126/><V107/><F107/><W25/><G73/><T3/><D105/><U22/><E22/><V60/><REACH who="2" step="1"/><F21/><REACH who="2" ten="235,373,173,199" step="2"/><W10/><G10/><T31/><D3/><U135/><E135/><V36/><F36/><W100/><G71/><T35/><D35/><U5/><E5/><V97/><F97/><W99/><G99/><T125/><D33/><U106/><E106/><V70/><F70/><W43/><G7/><T59/><D125/><U112/><E112/><V58/><AGARI ba="0,2" hai="0,6,9,53,58,60,63,64,69,74,75,79,81,85" machi="58" ten="30,6000,0" yaku="1,1,0,1,52,1,53,0" doraHai="76" doraHaiUra="88" who="2" fromWho="2" sc="235,-20,373,-20,173,80,199,-20" /><INIT seed="2,1,0,2,1,70" ten="215,353,253,179" oya="2" hai0="60,98,27,79,22,111,99,66,110,100,34,108,75" hai1="38,13,103,65,41,33,94,128,74,58,28,20,72" hai2="114,51,82,56,30,123,101,125,37,9,135,23,40" hai3="131,54,133,132,92,64,68,44,126,1,36,83,8"/><V104/><F123/><W116/><G92/><T25/><D34/><U77/><E33/><V85/><F114/><W46/><G116/><T2/><D2/><U97/><E128/><V17/><F30/><W0/><G83/><N who="0" m="45567" /><D22/><U29/><E29/><V106/><F9/><W50/><G8/><T67/><D99/><U16/><E77/><V119/><F101/><W57/><G1/><T86/><D86/><U15/><E15/><V115/><F85/><W90/><G0/><T109/><N who="0" m="27648" /><DORA hai="63" /><T48/><D48/><U118/><E28/><V3/><F51/><W53/><G90/><T107/><D66/><U31/><E31/><V113/><F3/><W84/><G84/><T62/><D62/><U105/><E105/><V52/><F104/><W42/><G131/><T81/><D81/><U117/><E74/><V55/><F82/><W49/><G126/><T120/><D120/><U87/><E87/><V7/><F106/><W10/><G10/><T19/><D19/><U4/><E72/><V6/><F17/><W47/><G68/><AGARI ba="1,0" hai="25,27,60,67,68,98,100,107" m="27648,45567" machi="68" ten="60,3900,0" yaku="14,1,52,1" doraHai="70,63" who="0" fromWho="3" sc="215,42,353,0,253,0,179,-42" /><INIT seed="3,0,0,0,4,5" ten="257,353,253,137" oya="3" hai0="79,126,13,39,103,70,100,133,41,51,69,117,53" hai1="113,19,105,6,96,27,29,106,8,101,71,74,23" hai2="60,42,18,99,104,35,89,125,61,98,48,124,50" hai3="86,56,97,52,114,49,115,72,82,59,132,15,11"/><W57/><G72/><T64/><D117/><U9/><E71/><V109/><F109/><W33/><G33/><T0/><D0/><U73/><E113/><V76/><F76/><W7/><G132/><T40/><D69/><U25/><E106/><V16/><F35/><W21/><G97/><N who="2" m="36873" /><F89/><W134/><G134/><T26/><D41/><U108/><E108/><V93/><F93/><W66/><G21/><T75/><D133/><U94/><E105/><V24/><F104/><W45/><REACH who="3" step="1"/><G66/><REACH who="3" ten="257,353,253,127" step="2"/><T78/><D64/><U30/><E23/><V65/><F65/><W102/><G102/><T112/><D103/><U84/><E101/><V62/><F125/><W32/><G32/><T67/><D100/><U20/><E73/><V34/><F124/><W14/><G14/><T122/><D126/><U68/><E74/><V95/><F34/><W123/><G123/><T131/><D122/><U17/><E27/><V46/><F24/><W91/><AGARI ba="0,1" hai="7,11,15,45,49,52,56,57,59,82,86,91,114,115" machi="91" ten="30,12000,1" yaku="1,1,0,1,52,1,54,1,53,1" doraHai="5" doraHaiUra="44" who="3" fromWho="3" sc="257,-40,353,-40,253,-40,127,130" /><INIT seed="3,1,0,2,2,13" ten="217,313,213,257" oya="3" hai0="50,16,47,21,81,37,113,69,33,36,129,31,76" hai1="27,40,130,124,56,121,61,6,135,44,112,94,17" hai2="80,71,23,14,123,70,19,0,63,64,95,67,83" hai3="96,107,45,106,52,99,116,74,25,125,132,119,89"/><W108/><G74/><T12/><D69/><U26/><E121/><V82/><F123/><W55/><G132/><T53/><D129/><U46/><E112/><V68/><F0/><W54/><G45/><N who="1" m="17514" /><E40/><V104/><F104/><N who="3" m="39979" /><G89/><T66/><D66/><U43/><E43/><V115/><F115/><W128/><G128/><T114/><D114/><U72/><E72/><V111/><F111/><W97/><G108/><T24/><REACH who="0" step="1"/><D113/><REACH who="0" ten="207,313,213,257" step="2"/><U131/><E131/><V84/><REACH who="2" step="1"/><F67/><REACH who="2" ten="207,313,203,257" step="2"/><W59/><G116/><T20/><D20/><U79/><E130/><V105/><F105/><W100/><G119/><T77/><D77/><U41/><E79/><V4/><F4/><W118/><G118/><T8/><D8/><U103/><E6/><V117/><F117/><W110/><G110/><T38/><D38/><U28/><E135/><V42/><F42/><W3/><G100/><T9/><D9/><U133/><E41/><V73/><F73/><AGARI ba="1,2" hai="12,16,21,24,31,33,36,37,47,50,53,73,76,81" machi="73" ten="30,7700,0" yaku="1,1,7,1,52,1,54,1,53,0" doraHai="13" doraHaiUra="134" who="0" fromWho="2" sc="207,100,313,0,203,-80,257,0" owari="307,11.0,313,41.0,123,-38.0,257,-14.0" /></mjloggm>