<mjloggm ver="2.3"><GO type="97" lobby="0"/><UN n0="%E3%81%99%E3%81%94%E3%81%84%E3%81%A4%E3%82%8A%E3%81%96%E3%81%8A%40" n1="%E5%B0%B1%E6%B4%BB%E7%94%9F%40%E5%B7%9D%E6%9D%91%E8%BB%8D%E5%9B%A3" n2="%6D%61%6B%69%35%35" n3="%E6%96%91%E7%9B%AE" dan="13,14,13,14" rate="1882.63,1983.51,1827.04,1931.81" sx="M,M,F,M"/><TAIKYOKU oya="0"/><INIT seed="0,0,0,3,3,84" ten="250,250,250,250" oya="0" hai0="33,30,74,58,8,131,60,73,107,111,122,116,119" hai1="4,117,44,50,14,132,53,85,24,23,103,130,26" hai2="97,78,113,20,89,93,106,92,46,133,35,114,91" hai3="109,126,48,19,76,56,123,61,125,82,57,13,108"/><T9/><D122/><U75/><E75/><V80/><F35/><W65/><G82/><T72/><D107/><U63/><E117/><N who="0" m="45129" /><D58/><N who="1" m="35279" /><E130/><V101/><F46/><W45/><G76/><T27/><D60/><U81/><E132/><V25/><F133/><W96/><G96/><T5/><D9/><N who="1" m="4391" /><E103/><V54/><F54/><N who="3" m="29967" /><G19/><T42/><D42/><N who="1" m="24855" /><E23/><V100/><F20/><W22/><G22/><T99/><D99/><U32/><E32/><V52/><F101/><W41/><G13/><T121/><D131/><U7/><E7/><V29/><F29/><W98/><G41/><T87/><D121/><U115/><E115/><N who="2" m="44043" /><F52/><W124/><G123/><T51/><D87/><U118/><E118/><V15/><F25/><W49/><G98/><T38/><D51/><U39/><E39/><V71/><F71/><N who="3" m="42415" /><G49/><T21/><D38/><U95/><E95/><N who="2" m="36427" /><F15/><W37/><G37/><T0/><D21/><U69/><E69/><V2/><F2/><W102/><G102/><T3/><D3/><U40/><E40/><V120/><F120/><W6/><G6/><T62/><D0/><U94/><E94/><V110/><F110/><AGARI ba="0,0" hai="56,57,108,109,110,124,125,126" m="42415,29967" machi="110" ten="40,8000,1" yaku="14,1,18,1,34,2" doraHai="84" who="3" fromWho="2" sc="250,0,250,0,250,-80,250,80" /><INIT seed="1,0,0,5,0,25" ten="250,250,170,330" oya="1" hai0="26,49,100,97,19,27,114,90,3,86,43,32,94" hai1="96,16,46,6,75,17,103,117,83,35,105,130,5" hai2="21,74,39,40,33,118,48,102,58,67,122,36,131" hai3="1,134,71,68,85,23,53,2,109,41,4,59,79"/><U56/><E35/><V88/><F33/><W115/><G115/><T73/><D114/><U110/><E117/><V133/><F122/><W66/><G41/><T14/><D3/><U119/><E119/><V42/><F118/><W30/><G109/><T20/><D73/><U104/><E104/><V112/><F112/><W0/><G4/><T69/><D69/><U87/><E75/><V91/><F133/><W80/><G134/><T52/><D43/><U9/><E130/><V62/><F131/><W55/><G66/><T29/><D26/><U123/><E123/><V128/><F128/><W84/><G84/><T12/><D12/><U108/><E46/><V81/><F102/><W57/><G23/><T78/><D78/><U99/><E99/><V126/><F126/><W11/><G11/><T121/><D121/><U61/><E6/><V76/><F39/><W135/><G135/><T127/><D127/><U77/><E5/><V10/><F36/><W31/><G68/><T13/><D13/><U124/><E124/><V18/><F10/><W107/><G71/><T132/><D132/><U37/><E37/><V63/><F42/><W47/><G107/><T125/><D125/><U38/><E38/><V65/><F48/><W44/><G47/><T111/><D111/><N who="1" m="42539" /><E9/><V72/><F40/><W50/><G44/><T64/><D64/><AGARI ba="0,0" hai="16,17,56,61,64,77,83,87,96,103,105" m="42539" machi="64" ten="30,5800,0" yaku="14,1,10,1,54,1" doraHai="25" who="1" fromWho="0" sc="250,-58,250,58,170,0,330,0" /><INIT seed="1,1,0,3,4,119" ten="192,308,170,330" oya="1" hai0="94,30,65,61,64,12,13,110,35,62,8,111,16" hai1="19,22,107,41,42,51,96,17,75,83,134,40,50" hai2="25,81,3,34,67,79,122,28,63,0,73,102,1" hai3="6,56,113,48,27,78,104,87,45,70,114,23,84"/><U125/><E134/><V38/><F102/><W33/><G70/><T129/><D94/><U66/><E125/><V121/><F38/><W36/><G104/><T80/><D80/><U88/><E66/><V117/><REACH who="2" step="1"/><F117/><REACH who="2" ten="192,308,160,330" step="2"/><W98/><G36/><T71/><D129/><U52/><E107/><V43/><F43/><W46/><G114/><T109/><D35/><U21/><E75/><V108/><F108/><W97/><G33/><T72/><D72/><U77/><E77/><V59/><AGARI ba="1,1" hai="0,1,3,25,28,34,59,63,67,73,79,81,121,122" machi="59" ten="30,7900,0" yaku="1,1,0,1,52,2,53,0" doraHai="119" doraHaiUra="11" who="2" fromWho="2" sc="192,-21,308,-40,160,92,330,-21" /><INIT seed="2,0,0,3,4,98" ten="171,268,252,309" oya="2" hai0="24,50,118,105,0,104,95,72,65,23,21,3,103" hai1="9,127,122,129,63,86,124,32,58,48,20,100,11" hai2="37,80,96,101,85,71,88,94,102,78,51,91,19" hai3="123,42,49,117,4,131,114,66,39,41,79,112,6"/><V82/><F37/><W120/><G6/><T132/><D72/><U115/><E32/><V87/><F71/><W116/><G4/><T44/><D65/><U92/><E122/><N who="3" m="46634" /><G79/><T62/><D62/><U84/><E115/><N who="3" m="44074" /><G39/><T45/><D95/><U111/><E129/><V31/><F31/><W25/><G25/><T75/><D75/><U52/><E111/><V46/><F19/><W99/><G99/><T14/><D14/><U16/><E86/><V7/><F7/><W33/><G33/><T107/><D50/><U53/><E84/><V130/><F130/><W135/><G66/><T40/><D24/><N who="1" m="14343" /><E127/><V56/><F56/><W17/><G17/><T74/><D74/><U69/><E69/><V89/><F78/><W8/><G8/><T59/><D59/><N who="1" m="33159" /><E124/><V108/><F108/><W15/><G15/><T133/><D107/><U73/><E73/><V110/><F110/><W43/><G131/><T30/><D30/><U60/><E60/><V109/><F109/><W38/><G38/><T67/><D67/><U121/><E121/><V134/><F134/><W93/><G135/><T64/><D64/><U61/><E61/><V125/><F125/><W47/><G49/><T113/><D40/><AGARI ba="0,0" hai="40,46,51,80,82,85,87,88,89,91,94,96,101,102" machi="40" ten="30,18000,2" yaku="7,1,9,1,8,1,52,2,54,1" doraHai="98" who="2" fromWho="0" sc="171,-180,268,0,252,180,309,0" owari="-9,-51.0,268,-13.0,432,53.0,309,11.0" /></mjloggm>