<mjloggm ver="2.3"><GO type="41" lobby="0"/><UN n0="%E6%BC%94%E5%93%A1%40%E7%83%8F%E9%B4%89%E8%BB%8D%E5%9C%98" n1="%E5%B0%B1%E6%B4%BB%E7%94%9F%40%E5%B7%9D%E6%9D%91%E8%BB%8D%E5%9B%A3" n2="%E3%83%88%E3%83%A9%E3%83%83%E3%82%AF%E3%83%91%E3%83%91" n3="%6D%69%73%61%6B%69%5F%6D" dan="13,16,14,13" rate="1846.61,2170.23,1985.92,1884.42" sx="F,M,M,F"/><TAIKYOKU oya="0"/><INIT seed="0,0,0,0,4,41" ten="250,250,250,250" oya="0" hai0="70,10,58,46,127,117,54,27,26,15,16,122,34" hai1="59,86,63,77,24,60,96,5,107,128,78,134,116" hai2="57,111,85,17,14,74,120,123,119,101,3,20,133" hai3="126,49,109,65,22,19,87,56,73,129,92,83,38"/><T114/><D122/><U94/><E116/><V36/><F36/><W72/><G109/><T9/><D117/><U25/><E128/><V0/><F74/><W8/><G126/><T28/><D114/><U99/><E134/><V106/><F119/><W132/><G38/><T135/><D70/><U104/><E5/><V18/><F111/><W40/><G132/><T131/><D135/><U11/><E11/><V12/><F133/><W32/><G32/><T71/><D131/><U81/><E77/><V2/><F85/><W21/><G72/><T82/><D127/><U62/><E59/><V118/><F118/><W100/><G73/><T76/><D71/><U6/><E6/><V88/><F106/><W93/><G100/><T130/><D26/><N who="1" m="10347" /><E94/><V37/><F101/><W103/><G103/><T42/><D130/><U112/><E112/><V75/><F37/><W90/><G22/><T124/><D124/><U64/><E64/><V97/><F75/><W7/><G65/><T30/><D30/><U89/><E78/><V115/><F115/><W35/><G35/><T23/><D76/><U48/><E48/><V102/><F57/><W44/><G56/><T69/><D82/><U4/><E4/><V1/><N who="2" m="512" /><DORA hai="108" /><V91/><F123/><W66/><G66/><T80/><D80/><U43/><E43/><V50/><F50/><W39/><G39/><T29/><D29/><U33/><E33/><V31/><F31/><W113/><G113/><T105/><D105/><U68/><E68/><V67/><F120/><W125/><G129/><T55/><D69/><U79/><E79/><RYUUKYOKU ba="0,0" sc="250,-10,250,30,250,-10,250,-10" hai1="60,62,63,81,86,89,96,99,104,107" /><INIT seed="1,1,0,1,3,118" ten="240,280,240,240" oya="1" hai0="62,83,2,18,100,105,4,78,9,90,128,21,76" hai1="119,98,12,46,127,56,50,134,124,113,51,39,71" hai2="36,102,44,35,94,55,111,61,57,72,34,54,27" hai3="6,3,65,81,96,106,114,93,91,52,63,110,120"/><U42/><E98/><V41/><F72/><W103/><G110/><T32/><D32/><U69/><E12/><V26/><F111/><W95/><G114/><T75/><D128/><U58/><E113/><V101/><F94/><W133/><G133/><T82/><D90/><U8/><E8/><V73/><F73/><W22/><G3/><T37/><D62/><U1/><E1/><V122/><F122/><W129/><G129/><T130/><D130/><U97/><E97/><V14/><F14/><W131/><G6/><T66/><D66/><U59/><E119/><V7/><F7/><W23/><G131/><T53/><D53/><U49/><REACH who="1" step="1"/><E134/><REACH who="1" ten="240,270,240,240" step="2"/><V132/><F132/><W15/><G15/><T19/><D105/><U5/><E5/><V86/><F86/><W0/><G0/><T89/><D100/><U77/><E77/><V13/><F13/><W64/><G106/><T104/><D78/><U80/><E80/><V30/><F54/><W125/><G81/><T68/><D83/><U43/><E43/><V108/><REACH who="2" step="1"/><F108/><REACH who="2" ten="240,270,230,240" step="2"/><W25/><G52/><T79/><D104/><U92/><E92/><V87/><F87/><W45/><G95/><T60/><D75/><U17/><E17/><V38/><F38/><W109/><G93/><T20/><D19/><U28/><E28/><AGARI ba="1,2" hai="26,27,28,30,34,35,36,41,44,55,57,61,101,102" machi="28" ten="40,2600,0" yaku="1,1,9,1,53,0" doraHai="118" doraHaiUra="135" who="2" fromWho="1" sc="240,0,270,-29,230,49,240,0" /><INIT seed="2,0,0,3,5,23" ten="240,241,279,240" oya="2" hai0="92,48,16,88,60,113,131,115,63,105,66,45,65" hai1="22,26,17,1,129,6,86,100,59,118,50,0,107" hai2="27,32,122,38,14,108,49,89,87,117,61,120,40" hai3="134,95,69,30,102,130,42,81,114,19,25,24,72"/><V79/><F117/><W35/><G130/><T103/><D105/><U34/><E129/><V44/><F38/><W41/><G134/><T83/><D103/><U51/><E118/><V29/><F108/><W3/><G3/><T2/><D2/><U55/><E34/><V67/><F79/><W124/><G69/><T128/><D83/><U106/><E6/><V96/><F96/><W126/><G114/><T11/><D45/><U56/><E86/><V5/><F14/><W71/><G71/><T112/><D48/><U123/><E123/><V80/><REACH who="2" step="1"/><F5/><REACH who="2" ten="240,241,269,240" step="2"/><W28/><G124/><T8/><D128/><U13/><E1/><V62/><F62/><W47/><G126/><T91/><D131/><U116/><E0/><V98/><F98/><W54/><G102/><T132/><D132/><U82/><E116/><V109/><F109/><W12/><G72/><T104/><D104/><U18/><E100/><V43/><F43/><W85/><G41/><T21/><D115/><U84/><E107/><V135/><F135/><W101/><G42/><T64/><D113/><U7/><E106/><V31/><F31/><W121/><G101/><T77/><D77/><N who="1" m="46159" /><E7/><V94/><F94/><W53/><G30/><T74/><D112/><U46/><E51/><V20/><F20/><AGARI ba="0,1" hai="13,17,18,20,22,26,46,50,55,56,59" m="46159" machi="20" ten="30,2000,0" yaku="8,1,52,1" doraHai="23" who="1" fromWho="2" sc="240,0,241,30,269,-20,240,0" /><INIT seed="3,0,0,1,3,81" ten="240,271,249,240" oya="3" hai0="34,92,38,102,46,43,96,14,69,122,113,29,18" hai1="54,124,49,120,17,4,132,25,89,91,35,106,110" hai2="40,26,101,98,70,125,75,53,78,100,48,80,68" hai3="73,88,82,23,55,118,20,135,72,86,71,33,5"/><W131/><G118/><T95/><D122/><U27/><E106/><V119/><F125/><W123/><G71/><T126/><D126/><U15/><E124/><V28/><F119/><W111/><G33/><T134/><D134/><U19/><E132/><V32/><F40/><W108/><G123/><T90/><D69/><U52/><E110/><N who="3" m="42026" /><G131/><T76/><D76/><U50/><E120/><V6/><F6/><W56/><G5/><T3/><D3/><U133/><E133/><V9/><F9/><W60/><G135/><T127/><D127/><U30/><E4/><V1/><F1/><W103/><G103/><T67/><D67/><U61/><E61/><V112/><F112/><W87/><G87/><T99/><D113/><U93/><E89/><V11/><F11/><W39/><G39/><T128/><D34/><U44/><E27/><V65/><F65/><W22/><AGARI ba="0,0" hai="20,22,23,55,56,60,72,73,82,86,88" m="42026" machi="22" ten="30,11700,0" yaku="14,1,10,1,52,1,54,1" doraHai="81" who="3" fromWho="3" sc="240,-39,271,-39,249,-39,240,117" /><INIT seed="3,1,0,1,2,25" ten="201,232,210,357" oya="3" hai0="114,121,32,42,101,132,56,21,90,7,130,31,78" hai1="2,61,38,87,89,3,88,41,24,20,15,75,1" hai2="40,65,46,77,8,34,103,133,117,105,123,19,106" hai3="55,39,127,84,80,47,124,62,9,69,91,16,72"/><W115/><G115/><T4/><D121/><U98/><E75/><V51/><F123/><W10/><G72/><T131/><D114/><U82/><E15/><V64/><F117/><W109/><G39/><T85/><D101/><U81/><E61/><V30/><F133/><W100/><G100/><T116/><D116/><U6/><E6/><N who="0" m="2089" /><D78/><U126/><E126/><V107/><F77/><W99/><G99/><T111/><D32/><U54/><E54/><V66/><F103/><W129/><G129/><N who="0" m="49163" /><D42/><U120/><E120/><V37/><F37/><W74/><G10/><T112/><D112/><U26/><E26/><V60/><F8/><W58/><G74/><T45/><D132/><U53/><E53/><V95/><F19/><W22/><G69/><T119/><D56/><U70/><E70/><V118/><F118/><W102/><G102/><T48/><D119/><U63/><E41/><V14/><F14/><N who="3" m="9495" /><G9/><T79/><D79/><U128/><E38/><V36/><F36/><W33/><G33/><T73/><D73/><U29/><E128/><V12/><F12/><W108/><G47/><T27/><D45/><U43/><E43/><V67/><F95/><W71/><G71/><T93/><D48/><U96/><E63/><V52/><F40/><W11/><G11/><T113/><D113/><U18/><E18/><V86/><F86/><AGARI ba="1,0" hai="1,2,3,20,24,29,81,82,86,87,88,89,96,98" machi="86" ten="40,5200,0" yaku="9,1,52,1,54,1" doraHai="25" who="1" fromWho="2" sc="201,0,232,55,210,-55,357,0" /><INIT seed="4,0,0,1,1,100" ten="201,287,155,357" oya="0" hai0="134,50,47,56,45,8,38,97,17,19,6,10,29" hai1="78,80,62,130,120,90,69,113,129,48,51,21,105" hai2="9,115,114,40,58,101,15,126,99,2,61,28,13" hai3="52,125,0,63,98,135,128,123,11,3,84,107,106"/><T36/><D134/><U88/><E120/><V122/><F122/><W75/><G75/><T31/><D6/><U79/><E113/><N who="2" m="43019" /><F126/><W112/><G135/><T26/><D97/><U5/><E5/><N who="2" m="1207" /><F28/><W14/><G128/><N who="1" m="49258" /><E105/><N who="2" m="63679" /><F40/><W132/><G132/><T43/><D26/><U96/><E96/><V121/><F121/><W34/><G34/><T91/><D43/><U24/><E69/><V87/><F87/><W109/><G125/><T60/><D91/><N who="1" m="34859" /><E62/><V76/><F76/><N who="1" m="29225" /><E80/><V93/><F93/><W70/><G123/><T83/><D60/><U49/><E49/><V25/><F25/><W7/><G70/><T104/><D83/><U73/><E73/><V1/><F1/><W12/><G0/><T127/><D50/><U59/><E59/><V74/><F74/><W110/><G112/><T20/><D56/><U64/><E64/><AGARI ba="0,0" hai="13,15,58,61,64" m="63679,1207,43019" machi="64" ten="30,2000,0" yaku="15,1,52,1" doraHai="100" who="2" fromWho="1" sc="201,0,287,-20,155,20,357,0" /><INIT seed="5,0,0,4,5,13" ten="201,267,175,357" oya="1" hai0="132,54,99,110,119,45,113,89,76,32,39,105,78" hai1="121,104,19,27,25,42,51,9,1,73,17,24,46" hai2="108,3,112,6,55,128,2,124,111,61,122,91,88" hai3="57,117,52,20,12,28,11,131,44,123,66,95,84"/><U85/><E121/><V62/><F128/><W59/><G131/><T96/><D119/><U94/><E73/><V125/><F124/><W82/><G123/><T68/><D68/><U36/><E104/><V98/><F125/><W26/><G95/><T127/><D127/><U87/><E36/><V102/><F122/><W23/><G23/><T135/><D113/><U48/><E48/><V5/><F112/><W101/><G101/><T0/><D32/><U83/><E1/><N who="2" m="11" /><F55/><W116/><G66/><T58/><D0/><U49/><E49/><V74/><F98/><W60/><G44/><T35/><D105/><U7/><E7/><N who="2" m="2571" /><F74/><W65/><G65/><T37/><D35/><U21/><E9/><V120/><F120/><W53/><G82/><T118/><D118/><U126/><E126/><V75/><F102/><W97/><G84/><T64/><D64/><U81/><E94/><V114/><F75/><W14/><G97/><T34/><D34/><U77/><E21/><V40/><F114/><W4/><REACH who="3" step="1"/><G12/><REACH who="3" ten="201,267,175,347" step="2"/><T43/><D45/><U90/><AGARI ba="0,1" hai="17,19,24,25,27,42,46,51,77,81,83,85,87,90" machi="90" ten="30,11700,0" yaku="0,1,8,1,52,2" doraHai="13" who="1" fromWho="1" sc="201,-39,267,127,175,-39,347,-39" /><INIT seed="5,1,0,0,5,27" ten="162,394,136,308" oya="1" hai0="98,108,119,43,111,1,87,82,76,61,114,94,19" hai1="118,78,2,109,22,97,33,14,48,120,107,15,116" hai2="0,50,128,32,23,93,29,73,103,24,86,46,12" hai3="133,125,121,8,130,122,90,65,44,13,96,72,21"/><U30/><E78/><V28/><F128/><W40/><G125/><T129/><D119/><N who="1" m="45611" /><E97/><N who="2" m="59823" /><F73/><W100/><G133/><T101/><D1/><U18/><E48/><V102/><F32/><W47/><G130/><T5/><D5/><U91/><E91/><V51/><F0/><W110/><G72/><T134/><D134/><U105/><E107/><V11/><F102/><W77/><G77/><T89/><D43/><U26/><E105/><V42/><F86/><W123/><G65/><T69/><D19/><N who="1" m="10615" /><E109/><N who="0" m="42057" /><D61/><U81/><E81/><V83/><F83/><W4/><G110/><T127/><D69/><U6/><E120/><V71/><F71/><W106/><G90/><T88/><D114/><U36/><E36/><V115/><F51/><W70/><G70/><T53/><D53/><U7/><E2/><V41/><F41/><W45/><G21/><AGARI ba="1,0" hai="6,7,15,18,21,26,30,33" m="10615,45611" machi="21" ten="30,5800,0" yaku="34,2,52,1" doraHai="27" who="1" fromWho="3" sc="162,0,394,61,136,0,308,-61" /><INIT seed="5,2,0,3,4,62" ten="162,455,136,247" oya="1" hai0="9,3,34,101,81,105,33,75,88,67,129,61,28" hai1="13,72,44,79,55,77,111,56,71,99,84,20,121" hai2="50,51,80,65,47,27,118,112,91,66,25,12,87" hai3="2,49,40,5,42,57,126,95,41,29,107,31,11"/><U1/><E71/><V45/><F118/><W39/><G107/><T10/><D129/><U97/><E1/><V6/><F112/><W102/><G126/><T127/><D127/><U106/><E121/><V108/><F108/><W131/><G131/><T35/><D88/><U19/><E72/><V38/><F38/><W113/><G113/><T70/><D10/><U60/><E111/><V123/><F123/><W7/><G7/><T130/><D130/><U23/><E106/><V104/><F104/><W93/><G39/><T53/><D53/><U85/><E44/><N who="2" m="16971" /><F6/><W52/><G102/><T76/><D9/><U37/><E37/><V90/><F12/><W125/><REACH who="3" step="1"/><G125/><REACH who="3" ten="162,455,136,237" step="2"/><T128/><D128/><U82/><E23/><V64/><F91/><W30/><AGARI ba="2,1" hai="2,5,11,29,30,31,40,41,42,49,52,57,93,95" machi="30" ten="30,12000,2" yaku="1,1,2,1,0,1,54,1,53,3" doraHai="62" doraHaiUra="36" who="3" fromWho="3" sc="162,-32,455,-62,136,-32,237,136" /><INIT seed="6,0,0,2,5,12" ten="130,393,104,373" oya="2" hai0="73,68,42,7,21,65,123,121,36,59,127,60,1" hai1="112,51,81,27,67,0,48,32,29,16,43,15,24" hai2="54,87,47,86,4,100,26,75,90,95,2,134,115" hai3="72,71,83,10,34,124,118,96,41,31,82,120,22"/><V8/><F134/><W132/><G120/><T111/><D73/><U97/><E0/><V55/><F75/><W11/><G118/><T131/><D111/><U88/><E112/><V108/><F108/><W103/><G124/><T64/><D21/><U129/><E129/><V13/><F115/><W74/><G41/><T19/><D19/><U102/><E43/><V110/><F110/><W91/><G34/><T52/><D7/><U77/><E67/><N who="0" m="25673" /><D1/><U101/><E27/><V117/><F117/><W39/><G71/><T107/><D107/><U114/><E114/><V89/><F100/><W85/><G39/><T38/><D127/><U62/><E62/><V69/><F69/><W44/><G44/><N who="0" m="23623" /><D131/><U14/><E14/><V93/><F47/><W80/><G132/><T106/><D106/><U6/><E6/><V99/><F26/><W133/><G133/><T116/><D116/><U61/><E61/><V9/><REACH who="2" step="1"/><F99/><REACH who="2" ten="130,393,94,373" step="2"/><W98/><G72/><T35/><D68/><U128/><E97/><N who="3" m="37482" /><G74/><T53/><D38/><U57/><E24/><V56/><F56/><W92/><G103/><T46/><D35/><U23/><E57/><V33/><F33/><W58/><G58/><T130/><D130/><U84/><E32/><V126/><F126/><W18/><G31/><T135/><D135/><U3/><E29/><V63/><F63/><W79/><G79/><T28/><D28/><U20/><E128/><V109/><F109/><W49/><G49/><AGARI ba="0,1" hai="46,49,52,53,59,60,121,123" m="23623,25673" machi="49" ten="30,3900,0" yaku="34,2,54,1" doraHai="12" who="0" fromWho="3" sc="130,49,393,0,94,0,373,-39" /><INIT seed="7,0,0,5,0,2" ten="179,393,94,334" oya="3" hai0="34,76,6,96,19,16,72,1,67,12,66,36,65" hai1="105,55,114,33,85,60,31,15,101,7,11,77,106" hai2="40,10,47,133,107,56,41,59,44,49,129,42,81" hai3="17,135,51,0,88,134,93,43,99,115,82,14,39"/><W97/><G115/><T116/><D116/><U92/><E114/><V50/><F107/><W73/><G0/><T131/><D36/><U69/><E33/><V102/><F81/><W45/><G39/><T74/><D34/><U20/><E69/><V111/><F102/><W90/><G73/><T98/><D1/><U23/><E106/><V8/><F111/><W89/><G82/><T103/><D131/><U79/><E105/><V83/><F129/><W78/><G78/><N who="1" m="29706" /><E31/><V118/><F83/><W117/><G117/><T13/><D76/><U26/><E26/><V28/><F118/><W38/><G38/><T91/><D91/><N who="1" m="53359" /><E101/><V68/><F28/><W24/><G24/><T9/><D103/><U87/><E87/><V29/><F29/><W70/><G70/><T80/><D80/><U48/><E60/><V86/><F86/><W120/><G120/><T21/><REACH who="0" step="1"/><D6/><REACH who="0" ten="169,393,94,334" step="2"/><U64/><E64/><V30/><F30/><W22/><G90/><T121/><D121/><U25/><E25/><V63/><F68/><W125/><G125/><T110/><D110/><U122/><E122/><V57/><F133/><W130/><G130/><T53/><D53/><U119/><E119/><V100/><F100/><W113/><G113/><T126/><D126/><U132/><E132/><V108/><F108/><W4/><G4/><T94/><D94/><AGARI ba="0,1" hai="14,17,22,43,45,51,88,89,93,94,97,99,134,135" machi="94" ten="40,3900,0" yaku="9,1,54,1" doraHai="2" who="3" fromWho="0" sc="169,-39,393,0,94,0,334,49" /><INIT seed="7,1,0,5,2,43" ten="130,393,94,383" oya="3" hai0="100,62,36,117,131,79,32,0,17,86,16,39,38" hai1="83,18,10,57,26,6,60,55,108,22,52,132,58" hai2="74,33,9,49,135,23,75,80,40,54,30,13,7" hai3="101,65,24,48,68,27,47,97,116,11,8,115,128"/><W59/><G115/><T105/><D117/><U56/><E108/><V91/><F135/><W127/><G128/><T19/><D0/><U99/><E132/><V112/><F33/><W44/><G116/><T71/><D32/><U70/><E70/><V118/><F112/><W29/><G127/><T134/><D131/><U5/><E10/><V73/><F118/><W121/><G121/><T78/><D134/><U15/><E15/><V120/><F40/><W84/><G84/><T25/><D25/><U125/><E125/><V50/><F120/><W90/><G90/><T12/><D12/><U64/><E99/><V41/><F41/><W69/><G69/><T130/><D130/><U51/><E83/><V76/><F91/><W104/><G27/><T103/><D86/><U21/><E21/><V114/><F114/><W4/><G48/><AGARI ba="1,0" hai="5,6,18,22,26,48,51,52,55,56,57,58,60,64" machi="48" ten="30,7700,0" yaku="7,1,9,1,8,1,54,1" doraHai="43" who="1" fromWho="3" sc="130,0,393,80,94,0,383,-80" owari="130,-27.0,473,58.0,94,-41.0,303,10.0" /></mjloggm>