<mjloggm ver="2.3"><GO type="169" lobby="0"/><UN n0="%E6%A4%8D%E9%87%8E" n1="%E5%B0%B1%E6%B4%BB%E7%94%9F%40%E5%B7%9D%E6%9D%91%E8%BB%8D%E5%9B%A3" n2="%E3%81%84%E3%81%AA%E3%81%97%E3%82%93%E3%80%82" n3="%E5%9B%BD%E8%A6%8B%E6%AF%94%E5%91%82" dan="18,17,16,17" rate="2212.05,2240.00,2121.65,2144.58" sx="M,M,M,M"/><TAIKYOKU oya="0"/><INIT seed="0,0,0,2,4,1" ten="250,250,250,250" oya="0" hai0="37,50,44,114,33,123,82,35,19,57,93,42,84" hai1="67,104,18,117,96,8,116,10,77,103,115,40,120" hai2="85,56,61,126,73,69,15,28,46,60,43,4,68" hai3="41,63,129,70,112,134,102,3,2,51,55,24,22"/><T36/><D114/><U107/><E107/><V97/><F73/><W27/><G112/><T31/><D123/><U78/><E115/><V39/><F126/><W121/><G121/><T75/><D75/><U48/><E120/><V21/><F61/><W9/><G129/><T29/><D93/><U110/><E110/><V90/><F97/><W80/><G134/><T127/><D127/><U26/><E67/><V105/><F105/><W122/><G27/><T128/><D128/><U101/><E101/><V53/><F28/><W65/><G102/><T16/><D31/><U11/><E18/><V130/><F130/><W17/><G41/><T76/><D37/><U131/><E26/><V25/><F25/><W64/><G64/><T49/><D36/><U32/><E32/><V5/><F21/><W52/><G55/><T109/><D109/><U91/><E91/><V95/><REACH who="2" step="1"/><F15/><REACH who="2" ten="250,250,240,250" step="2"/><W13/><G122/><T6/><D29/><U72/><E72/><V133/><F133/><W59/><REACH who="3" step="1"/><G80/><REACH who="3" ten="250,250,240,240" step="2"/><T79/><D82/><U23/><E131/><V87/><F87/><W113/><G113/><T118/><D84/><U34/><E104/><V71/><AGARI ba="0,2" hai="4,5,39,43,46,53,56,60,68,69,71,85,90,95" machi="71" ten="30,12000,2" yaku="1,1,0,1,52,2,53,3" doraHai="1" doraHaiUra="66" who="2" fromWho="2" sc="250,-60,250,-30,240,140,240,-30" /><INIT seed="1,0,0,0,3,134" ten="190,220,380,210" oya="1" hai0="19,44,83,58,133,4,119,94,132,23,89,78,42" hai1="73,60,99,56,125,70,18,86,9,68,33,22,0" hai2="93,80,35,75,84,46,122,103,20,63,10,129,104" hai3="47,82,96,127,87,92,52,113,45,38,121,74,118"/><U2/><E73/><V101/><F35/><W116/><G121/><T34/><D119/><N who="3" m="45609" /><G113/><T41/><D34/><U64/><E33/><V71/><F75/><W37/><G74/><T62/><D4/><U29/><E29/><V115/><F104/><W43/><G127/><T135/><D83/><U1/><E125/><V7/><F115/><W12/><G12/><N who="0" m="9703" /><D78/><U98/><E9/><V81/><F122/><W61/><G37/><T76/><D44/><U55/><E86/><V54/><F20/><W40/><G40/><T79/><D42/><U106/><E106/><V124/><F124/><W15/><G15/><T123/><D41/><U112/><E112/><V49/><F129/><W126/><G126/><T48/><D48/><U67/><E67/><V57/><F71/><W26/><G26/><T11/><D11/><U65/><E65/><V32/><F32/><W53/><G61/><T120/><D120/><U5/><E5/><V72/><F72/><W25/><G25/><T17/><D17/><U14/><REACH who="1" step="1"/><E70/><REACH who="1" ten="190,210,380,210" step="2"/><V24/><F10/><W107/><G107/><T111/><D123/><U110/><E110/><V102/><F7/><W77/><G47/><T108/><D108/><U21/><E21/><V128/><F46/><W90/><AGARI ba="0,1" hai="38,43,45,52,53,77,82,87,90,92,96" m="45609" machi="90" ten="30,2000,0" yaku="12,1,54,1" doraHai="134" who="3" fromWho="3" sc="190,-5,210,-10,380,-5,210,30" /><INIT seed="2,0,0,2,0,16" ten="185,200,375,240" oya="2" hai0="97,116,14,38,70,13,71,107,21,29,134,52,84" hai1="34,9,18,69,106,27,135,63,86,122,113,49,114" hai2="7,48,10,127,108,121,44,120,64,60,104,39,23" hai3="130,87,47,105,42,85,79,91,102,80,17,75,40"/><V118/><F118/><W124/><G124/><T81/><D38/><U112/><E106/><V98/><F39/><W55/><G130/><T37/><D37/><U22/><E122/><V94/><F127/><W11/><G105/><T1/><D1/><U66/><E135/><V26/><F104/><W45/><G102/><T123/><D123/><U28/><E9/><V82/><F82/><W62/><G75/><T132/><D116/><U88/><E49/><V133/><F133/><N who="0" m="51306" /><D71/><U6/><E6/><V24/><F24/><W3/><G3/><T54/><D70/><U32/><REACH who="1" step="1"/><E28/><REACH who="1" ten="185,190,375,240" step="2"/><V15/><F108/><W12/><G62/><T76/><D107/><U67/><E67/><V19/><F60/><W68/><G68/><T58/><D97/><U117/><E117/><V77/><F64/><W51/><REACH who="3" step="1"/><G47/><REACH who="3" ten="185,190,375,230" step="2"/><T100/><D100/><U110/><E110/><V53/><F77/><W36/><G36/><T61/><D76/><U99/><E99/><V41/><F41/><W73/><G73/><T2/><D54/><U8/><E8/><V125/><F125/><W20/><G20/><T89/><D21/><U0/><E0/><V74/><F74/><W101/><G101/><AGARI ba="0,2" hai="7,10,15,19,23,26,44,48,53,94,98,101,120,121" machi="101" ten="30,2900,0" yaku="7,1,52,1" doraHai="16" who="2" fromWho="3" sc="185,0,190,0,375,49,230,-29" /><INIT seed="2,1,0,4,1,49" ten="185,190,424,201" oya="2" hai0="43,35,121,66,51,68,111,102,14,62,45,128,41" hai1="25,23,48,110,106,10,84,63,104,81,38,53,91" hai2="61,12,50,96,125,117,100,126,37,46,134,6,16" hai3="95,127,28,9,30,77,72,2,67,20,56,98,8"/><V109/><F37/><W123/><G123/><T4/><D35/><U32/><E110/><V80/><F117/><W55/><G127/><T90/><D121/><U33/><E38/><V60/><F6/><W122/><G122/><T115/><D115/><U21/><E21/><N who="2" m="11399" /><F80/><W52/><G72/><T129/><D111/><U135/><E135/><V31/><F31/><N who="3" m="11819" /><G20/><T17/><D4/><U58/><E10/><N who="3" m="4202" /><G77/><T107/><D107/><U101/><E104/><V78/><F78/><W7/><G7/><T19/><D102/><U40/><E101/><V132/><F109/><W1/><G1/><T74/><D74/><U119/><E106/><N who="2" m="63751" /><F60/><N who="3" m="38279" /><G2/><T11/><D90/><AGARI ba="1,0" hai="52,55,90,95,98" m="38279,4202,11819" machi="90" ten="30,7700,0" yaku="8,1,52,2,54,1" doraHai="49" who="3" fromWho="0" sc="185,-80,190,0,424,0,201,80" /><INIT seed="3,0,0,2,4,112" ten="105,190,424,281" oya="3" hai0="15,75,0,132,56,10,14,113,81,53,6,121,67" hai1="122,84,3,86,74,135,30,1,65,73,71,111,133" hai2="88,22,124,98,125,58,7,70,93,108,45,90,23" hai3="48,76,42,61,114,16,134,27,105,115,31,85,19"/><W39/><G39/><T99/><D121/><U128/><E30/><V109/><F70/><W127/><G105/><T47/><D113/><U55/><E55/><V100/><F58/><W104/><G104/><T96/><D132/><N who="1" m="50763" /><E122/><V35/><F35/><W60/><G134/><T68/><D47/><U59/><E59/><V8/><F45/><N who="3" m="25655" /><G127/><N who="2" m="48713" /><F22/><N who="3" m="15863" /><G114/><T34/><D34/><U66/><E71/><V101/><F23/><W29/><G29/><T2/><D2/><N who="1" m="523" /><E111/><N who="2" m="42571" /><F101/><W21/><G115/><T54/><D68/><U41/><E41/><V119/><F119/><W28/><G28/><T107/><D0/><AGARI ba="0,0" hai="0,7,8,88,90,93,98,100" m="42571,48713" machi="0" ten="30,3900,0" yaku="18,1,14,1,54,1" doraHai="112" who="2" fromWho="0" sc="105,-39,190,0,424,39,281,0" /><INIT seed="4,0,0,5,1,54" ten="66,190,463,281" oya="0" hai0="116,88,126,33,106,96,2,24,65,32,9,3,103" hai1="81,57,16,10,115,13,74,109,117,19,132,118,62" hai2="67,122,31,12,89,47,50,59,86,133,110,27,129" hai3="53,90,1,85,4,113,40,56,68,61,30,135,134"/><T15/><D116/><U114/><E109/><V66/><F122/><W60/><G40/><T6/><D126/><U43/><E43/><V51/><F110/><W22/><G113/><N who="1" m="43018" /><E132/><N who="3" m="50730" /><G1/><T55/><D65/><N who="1" m="39119" /><E19/><V17/><F129/><W37/><G4/><T73/><D73/><U98/><E98/><V63/><F67/><N who="3" m="41063" /><G37/><T82/><D55/><U34/><E34/><V58/><F133/><W100/><G100/><T48/><D48/><U124/><E124/><V92/><F47/><W123/><G123/><T52/><D52/><U87/><E74/><V77/><F77/><AGARI ba="0,0" hai="10,13,16,77,81,87,117,118" m="39119,43018" machi="77" ten="30,7700,0" yaku="15,1,11,1,52,1,54,1" doraHai="54" who="1" fromWho="2" sc="66,0,190,77,463,-77,281,0" /><INIT seed="5,0,0,4,3,20" ten="66,267,386,281" oya="1" hai0="87,108,88,55,3,99,120,83,96,75,46,100,6" hai1="48,132,51,73,72,77,26,0,90,127,67,106,80" hai2="4,63,36,30,95,43,130,117,45,9,133,11,98" hai3="107,17,103,111,1,114,86,66,57,7,84,121,71"/><U10/><E73/><V60/><F117/><W18/><G111/><T58/><D108/><U69/><E106/><V19/><F133/><W47/><G121/><T31/><D120/><U28/><E132/><V35/><F130/><W129/><G71/><T56/><D75/><U50/><E127/><V15/><F30/><W125/><G47/><T65/><D46/><U76/><E76/><V62/><F35/><W104/><G103/><T94/><D3/><U8/><E0/><V14/><F63/><W52/><G66/><T82/><D6/><U81/><E67/><V22/><F9/><W112/><G129/><T135/><D135/><U61/><E61/><V126/><F126/><W131/><G131/><T118/><D118/><U89/><E69/><V64/><F64/><W116/><G125/><T134/><D134/><U40/><E40/><V27/><F15/><W102/><G116/><T13/><D13/><U109/><E109/><V85/><F85/><N who="3" m="32875" /><G7/><T42/><D42/><U68/><E68/><V12/><F12/><W33/><G33/><T97/><D100/><AGARI ba="0,0" hai="4,11,14,19,22,27,36,43,45,60,62,95,98,100" machi="100" ten="30,2000,0" yaku="7,1,52,1" doraHai="20" who="2" fromWho="0" sc="66,-20,267,0,386,20,281,0" /><INIT seed="6,0,0,0,0,25" ten="46,267,406,281" oya="2" hai0="120,22,99,60,18,58,124,96,115,87,88,57,33" hai1="81,103,47,29,118,83,78,111,92,104,54,117,0" hai2="129,61,59,102,71,68,75,79,13,93,126,70,4" hai3="128,41,50,24,131,38,106,112,67,82,62,73,134"/><V114/><F75/><W46/><G106/><T44/><D120/><U100/><E0/><V98/><F79/><N who="3" m="44399" /><G134/><T84/><D33/><U95/><E47/><V135/><F135/><W63/><G63/><T7/><D115/><U16/><E54/><V64/><F129/><N who="3" m="49739" /><G24/><T1/><D124/><U51/><E51/><V42/><F42/><W91/><G91/><T90/><D1/><U15/><E111/><V19/><F4/><W108/><G108/><T17/><D7/><U27/><E104/><V43/><F43/><W34/><G34/><T20/><D44/><U113/><E113/><V80/><F80/><N who="1" m="30793" /><E78/><V89/><F114/><W110/><G110/><T48/><REACH who="0" step="1"/><D48/><REACH who="0" ten="36,267,406,281" step="2"/><U49/><E49/><V123/><F126/><W122/><G112/><T23/><D23/><N who="1" m="15615" /><E117/><V66/><F123/><W21/><G50/><T76/><D76/><U94/><E118/><V127/><F127/><W40/><G40/><T107/><D107/><U3/><E3/><V65/><F71/><N who="3" m="42487" /><G21/><AGARI ba="0,1" hai="15,16,21,92,94,95,100,103" m="15615,30793" machi="21" ten="30,3900,0" yaku="8,1,52,1,54,1" doraHai="25" who="1" fromWho="3" sc="36,0,267,49,406,0,281,-39" /><INIT seed="7,0,0,2,1,78" ten="36,316,406,242" oya="3" hai0="91,19,21,0,51,128,39,108,83,110,130,120,87" hai1="41,65,55,129,112,96,26,62,27,1,10,77,75" hai2="103,132,133,12,68,124,23,69,40,42,80,22,32" hai3="50,111,127,57,4,118,90,49,14,46,79,84,123"/><W85/><G118/><T105/><D51/><U48/><E129/><V135/><F32/><W58/><G123/><T134/><D39/><U94/><E112/><V119/><F119/><W67/><G127/><T56/><D56/><N who="3" m="21609" /><G111/><T71/><D71/><N who="2" m="27210" /><F124/><W126/><G126/><T97/><D0/><U37/><E62/><V59/><F103/><W93/><G67/><T82/><D21/><N who="2" m="7690" /><F12/><W74/><G74/><T43/><D43/><U11/><E65/><V86/><F59/><W116/><G116/><T117/><D19/><U114/><E114/><V34/><F34/><W81/><G46/><T131/><D117/><U7/><E11/><AGARI ba="0,0" hai="4,11,14,49,50,79,81,84,85,90,93" m="21609" machi="11" ten="30,2900,0" yaku="8,1,52,1" doraHai="78" who="3" fromWho="1" sc="36,0,316,-29,406,0,242,29" /><INIT seed="7,1,0,3,1,135" ten="36,287,406,271" oya="3" hai0="131,49,75,53,48,123,74,16,87,133,116,119,98" hai1="13,33,94,110,121,51,28,14,125,21,29,5,30" hai2="93,82,90,108,42,96,63,100,86,103,80,114,17" hai3="73,66,26,39,77,18,60,118,109,81,43,2,95"/><W46/><G118/><T124/><D123/><U130/><E110/><V72/><F108/><W50/><G109/><T134/><D87/><U58/><E125/><V15/><F114/><W85/><G2/><T120/><D120/><U4/><E33/><V1/><F1/><W32/><G39/><T10/><D98/><U69/><E69/><V126/><F126/><W35/><G18/><T88/><D10/><U106/><E106/><V44/><F63/><W55/><G26/><T7/><D7/><N who="1" m="2635" /><E130/><V83/><F72/><W111/><G111/><T115/><D131/><U89/><E21/><V38/><F103/><W22/><G22/><AGARI ba="1,0" hai="15,17,22,38,42,44,80,82,83,86,90,93,96,100" machi="22" ten="30,1000,0" yaku="7,1" doraHai="135" who="2" fromWho="3" sc="36,0,287,0,406,13,271,-13" owari="36,-46.0,287,9.0,419,51.0,258,-14.0" /></mjloggm>