<mjloggm ver="2.3"><GO type="169" lobby="0"/><UN n0="%74%61%72%6F%33%39%30%30" n1="%E3%82%A6%E3%83%AB%E3%83%88%E3%83%A9%E7%AB%8B%E7%9B%B4" n2="%E3%83%9D%E3%82%B3%E3%83%94%E3%83%B3" n3="%E3%83%A4%E3%82%B3%E3%83%96%E3%82%B3%E3%83%BC%E3%82%A8%E3%83%B3" dan="16,17,16,16" rate="2131.97,2154.21,2132.74,2162.63" sx="M,M,M,M"/><TAIKYOKU oya="0"/><INIT seed="0,0,0,1,2,75" ten="250,250,250,250" oya="0" hai0="16,40,48,30,135,84,25,4,92,81,127,1,117" hai1="37,116,57,72,21,64,23,34,35,87,52,19,58" hai2="2,76,70,20,112,43,109,86,33,44,103,9,18" hai3="83,67,68,118,36,41,32,14,11,22,128,99,8"/><T100/><D117/><U111/><E72/><V71/><F33/><W123/><G32/><T28/><D135/><U73/><E73/><V61/><F109/><W46/><G118/><T78/><D127/><U54/><E64/><V102/><F112/><W104/><G128/><T51/><D4/><U49/><E116/><V97/><F61/><W133/><G133/><T77/><D1/><U38/><E87/><V7/><F103/><W89/><G67/><T27/><D27/><U47/><E111/><V90/><F76/><N who="0" m="29290" /><D81/><U129/><E129/><V26/><F90/><W42/><G68/><T122/><D122/><U134/><E134/><V24/><F86/><W39/><G83/><T130/><D130/><U105/><E38/><V60/><F60/><W13/><G104/><T12/><D25/><U3/><E37/><V10/><F26/><W91/><G99/><N who="0" m="59495" /><D84/><U59/><E105/><V74/><F74/><W55/><G123/><T6/><D6/><U115/><E3/><V126/><F126/><W96/><G96/><T110/><D110/><U17/><E35/><V88/><F7/><W85/><G85/><T66/><D66/><U132/><E34/><V5/><F71/><W125/><G125/><T114/><D114/><U95/><E115/><V69/><F69/><W29/><G39/><T119/><D119/><U108/><E108/><V79/><F5/><W82/><G82/><T98/><D98/><U131/><E131/><V65/><F2/><W50/><G36/><T45/><D51/><U53/><E132/><V63/><F97/><W93/><G50/><T106/><D106/><RYUUKYOKU ba="0,0" sc="250,30,250,-10,250,-10,250,-10" hai0="12,16,28,30,40,45,48" /><INIT seed="0,1,0,3,5,34" ten="280,240,240,240" oya="0" hai0="1,82,98,127,2,0,35,64,92,14,57,20,71" hai1="79,42,99,61,25,125,33,26,112,96,38,60,40" hai2="16,56,93,70,19,103,52,63,31,135,122,24,76" hai3="69,91,68,23,54,58,128,29,41,116,104,105,75"/><T27/><D71/><U132/><E33/><V121/><F135/><W11/><G75/><T120/><D120/><U46/><E132/><V107/><F76/><W90/><G128/><T111/><D35/><U126/><E79/><V13/><F107/><W55/><G116/><T117/><D117/><U113/><E46/><V97/><F70/><W59/><G23/><T28/><D14/><U108/><REACH who="1" step="1"/><E38/><REACH who="1" ten="280,230,240,240" step="2"/><V134/><F134/><W114/><G114/><T17/><D127/><U102/><E102/><V66/><F122/><W129/><G129/><T37/><D37/><U118/><E118/><V72/><F121/><W48/><G41/><T62/><D111/><AGARI ba="1,1" hai="25,26,40,42,60,61,96,99,108,111,112,113,125,126" machi="111" ten="25,3200,0" yaku="1,1,22,2,53,0" doraHai="34" doraHaiUra="12" who="1" fromWho="0" sc="280,-35,230,45,240,0,240,0" /><INIT seed="1,0,0,2,2,47" ten="245,275,240,240" oya="1" hai0="116,12,5,71,134,15,112,119,14,124,99,121,94" hai1="113,21,57,111,87,75,64,46,42,36,27,79,86" hai2="76,101,98,80,33,102,3,58,107,8,61,10,85" hai3="118,72,24,114,73,4,109,97,7,69,18,9,13"/><U78/><E113/><V19/><F33/><W45/><G69/><T110/><D112/><U28/><E111/><V132/><F132/><W23/><G109/><T103/><D110/><U52/><E64/><V32/><F32/><W104/><G114/><T17/><D71/><U68/><E68/><V50/><F101/><W53/><G118/><T34/><D34/><U55/><E55/><V65/><F3/><W105/><G73/><T123/><D134/><U48/><REACH who="1" step="1"/><E75/><REACH who="1" ten="245,265,240,240" step="2"/><V74/><F74/><W125/><G72/><T120/><D119/><U20/><E20/><V16/><F8/><W135/><G135/><T126/><D116/><U84/><AGARI ba="0,1" hai="21,27,28,36,42,46,48,52,57,78,79,84,86,87" machi="84" ten="30,12000,1" yaku="1,1,0,1,52,1,54,1,53,1" doraHai="47" doraHaiUra="38" who="1" fromWho="1" sc="245,-40,265,130,240,-40,240,-40" /><INIT seed="1,1,0,0,4,132" ten="205,395,200,200" oya="1" hai0="92,81,135,21,82,24,14,122,7,74,10,43,110" hai1="95,108,70,68,42,37,107,46,11,96,114,64,123" hai2="75,33,6,17,9,52,99,126,118,73,111,106,116" hai3="34,85,56,48,18,44,112,94,104,133,55,93,23"/><U109/><E123/><V62/><F111/><N who="1" m="42569" /><E114/><V63/><F33/><W103/><G34/><T25/><D110/><U51/><E107/><V41/><F41/><W15/><G112/><T86/><D135/><U71/><E11/><V16/><F99/><W58/><G133/><T115/><D115/><U3/><E3/><V78/><F78/><W31/><G31/><T65/><D122/><U20/><E20/><V102/><F102/><W128/><G128/><T30/><D74/><U125/><E64/><V60/><F106/><W45/><G104/><T66/><D43/><U87/><E87/><V134/><F134/><W22/><G22/><N who="0" m="15639" /><D92/><U77/><E77/><V59/><F75/><W83/><G94/><T0/><D0/><U127/><E37/><V13/><F73/><W113/><G113/><T100/><D100/><AGARI ba="1,0" hai="42,46,51,68,70,71,95,96,100,125,127" m="42569" machi="100" ten="40,12000,1" yaku="14,1,10,1,52,2" doraHai="132" who="1" fromWho="0" sc="205,-123,395,123,200,0,200,0" /><INIT seed="1,2,0,1,5,135" ten="82,518,200,200" oya="1" hai0="10,110,48,49,77,56,113,37,66,57,80,14,33" hai1="87,88,112,17,78,119,43,70,67,131,125,108,50" hai2="29,18,26,1,95,45,73,132,34,55,122,69,42" hai3="20,126,0,129,68,133,3,79,23,84,22,2,40"/><U25/><E112/><V128/><F128/><W8/><G68/><T72/><D113/><U9/><E119/><V115/><F122/><W106/><G106/><T39/><D33/><U51/><E131/><V21/><F69/><W76/><G129/><T109/><D37/><U5/><E78/><V82/><F132/><W41/><G133/><T30/><D30/><U60/><E43/><N who="3" m="16458" /><G84/><T31/><D31/><U114/><E114/><V127/><F1/><W100/><G100/><T96/><D39/><U89/><E89/><V53/><F95/><W83/><G83/><T13/><D96/><U102/><E102/><V7/><F7/><W93/><G93/><T86/><D72/><U11/><E51/><N who="0" m="19529" /><D66/><U94/><E50/><V65/><F65/><W4/><G8/><T117/><D117/><U81/><E94/><V47/><F42/><W62/><G62/><T46/><D46/><U58/><E70/><V63/><F63/><W118/><G4/><T101/><D101/><U54/><E67/><V123/><F82/><W116/><G116/><T35/><D35/><U16/><E9/><V59/><F73/><W92/><G92/><T107/><D107/><U28/><E11/><V99/><F123/><W111/><G118/><T85/><D85/><U61/><E5/><V38/><F38/><W104/><G104/><T12/><D10/><U130/><E87/><V74/><F74/><W6/><G6/><T52/><D52/><U75/><E54/><V19/><F47/><W134/><G134/><T36/><D36/><U121/><E130/><V27/><F115/><W103/><G103/><RYUUKYOKU ba="2,0" sc="82,30,518,-10,200,-10,200,-10" hai0="12,13,14,56,57,77,80,86,109,110" /><INIT seed="2,3,0,0,2,58" ten="112,508,190,190" oya="2" hai0="17,100,98,28,18,23,130,132,122,127,92,106,26" hai1="134,73,40,105,128,121,65,38,41,108,54,129,84" hai2="56,5,60,22,83,135,86,49,13,45,21,16,116" hai3="87,72,133,66,31,14,111,123,91,53,115,80,7"/><V47/><F135/><W103/><G72/><T4/><D122/><U63/><E73/><V75/><F75/><W57/><G115/><T29/><D132/><U81/><E105/><V35/><F35/><W93/><G123/><T74/><D74/><U107/><E107/><V90/><F116/><W67/><G111/><T6/><D130/><N who="1" m="50283" /><E108/><V118/><F118/><W43/><G43/><T8/><D127/><U88/><E121/><V0/><F0/><W44/><G44/><N who="2" m="16969" /><F5/><N who="0" m="2154" /><D106/><U70/><E134/><V124/><F49/><W64/><G31/><T109/><D109/><U36/><E54/><N who="2" m="33815" /><F124/><W12/><G7/><T34/><D34/><U113/><E113/><V25/><F25/><W119/><G119/><T39/><D39/><AGARI ba="3,0" hai="36,38,39,40,41,63,65,70,81,84,88" m="50283" machi="39" ten="30,3900,0" yaku="19,1,52,1,54,1" doraHai="58" who="1" fromWho="0" sc="112,-48,508,48,190,0,190,0" /><INIT seed="3,0,0,5,5,113" ten="64,556,190,190" oya="3" hai0="12,95,47,60,21,27,121,83,98,64,31,1,93" hai1="40,96,99,107,20,92,32,4,3,50,82,127,102" hai2="114,106,103,74,29,48,132,68,16,52,34,118,46" hai3="115,56,41,130,39,62,81,9,100,61,19,2,25"/><W6/><G115/><T15/><D1/><U44/><E32/><V54/><F132/><W116/><G116/><T45/><D121/><U17/><E127/><V72/><F118/><W94/><G130/><T42/><D83/><U65/><E65/><V131/><F131/><W70/><G70/><T63/><D95/><U28/><E28/><V86/><F68/><W110/><G110/><T43/><D47/><U80/><E4/><V5/><F5/><W105/><G105/><T101/><D63/><U24/><E3/><V22/><F86/><W90/><G41/><T109/><D109/><U71/><E71/><V89/><F89/><AGARI ba="0,0" hai="17,20,24,40,44,50,80,82,89,92,96,99,102,107" machi="89" ten="30,1000,0" yaku="7,1" doraHai="113" who="1" fromWho="2" sc="64,0,556,10,190,-10,190,0" /><INIT seed="4,0,0,1,3,89" ten="64,566,180,190" oya="0" hai0="64,69,24,56,119,118,77,1,2,113,98,10,124" hai1="71,46,74,131,26,9,93,85,45,13,125,0,62" hai2="5,63,83,108,123,111,23,121,112,128,132,51,96" hai3="82,36,92,66,135,75,55,52,129,65,88,15,126"/><T133/><D69/><U84/><E74/><V100/><F5/><W49/><G36/><T54/><D64/><N who="3" m="24681" /><G75/><T104/><D113/><U87/><E0/><V59/><F112/><W73/><G73/><T99/><D133/><U37/><E37/><V4/><F132/><W122/><G135/><T95/><D124/><U21/><E62/><V67/><F128/><W90/><G129/><T86/><D104/><U25/><E71/><V30/><F4/><W42/><G126/><T39/><D39/><U107/><E107/><V61/><F61/><W17/><G122/><T38/><D38/><U48/><E131/><V80/><F51/><W8/><G90/><T76/><D24/><U134/><E134/><V78/><F123/><W72/><G82/><T109/><D109/><U31/><E26/><V115/><F83/><W120/><G72/><T19/><D1/><U94/><E125/><V70/><F70/><W106/><G106/><T16/><D2/><U35/><E35/><V53/><F53/><W14/><G14/><N who="0" m="7255" /><D19/><N who="1" m="8623" /><E45/><V32/><F32/><W110/><G110/><T58/><D119/><U127/><E127/><V130/><F130/><W91/><G91/><N who="0" m="53751" /><D118/><U97/><E97/><N who="0" m="36873" /><D58/><U29/><E29/><V44/><F121/><W105/><G105/><T33/><D33/><U22/><E22/><V41/><F115/><W3/><G3/><T27/><D27/><U102/><E102/><V18/><F23/><W34/><G34/><T114/><D114/><U20/><E20/><V60/><F111/><W101/><G101/><T43/><D43/><AGARI ba="0,0" hai="21,25,31,43,46,48,84,85,87,93,94" m="8623" machi="43" ten="30,3900,0" yaku="8,1,52,2" doraHai="89" who="1" fromWho="0" sc="64,-39,566,39,180,0,190,0" /><INIT seed="5,0,0,4,3,89" ten="25,605,180,190" oya="1" hai0="109,68,18,42,79,14,125,86,121,120,78,117,44" hai1="36,97,70,22,113,135,101,45,84,134,64,17,10" hai2="123,72,67,108,131,21,33,93,34,23,92,119,49" hai3="48,66,37,128,31,26,110,43,59,6,98,95,39"/><U46/><E113/><V80/><F119/><W129/><G110/><T11/><D109/><U3/><E84/><V100/><F131/><N who="3" m="50251" /><G6/><T12/><D117/><U35/><E35/><V1/><F1/><W102/><G43/><T20/><D68/><U56/><E70/><V62/><F123/><W112/><G112/><T124/><D120/><U96/><E10/><V52/><F100/><W99/><G48/><T16/><D121/><U4/><E4/><V9/><F9/><W85/><G85/><T55/><D55/><U25/><E3/><V30/><F30/><W105/><G59/><T61/><D61/><N who="1" m="37927" /><E97/><V50/><F72/><W83/><G83/><T82/><REACH who="0" step="1"/><D79/><REACH who="0" ten="15,605,180,190" step="2"/><U88/><E135/><V0/><F52/><W8/><G66/><T13/><D13/><U127/><E134/><V7/><F67/><W27/><G27/><T81/><D81/><U32/><E127/><V51/><F80/><W106/><G106/><T69/><D69/><U114/><E114/><V15/><F15/><W130/><G130/><T87/><D87/><U118/><E118/><V132/><F0/><W122/><G122/><T54/><D54/><U41/><E41/><V71/><F71/><W74/><G105/><T107/><D107/><U77/><E77/><V29/><F132/><W53/><G53/><T65/><D65/><U76/><E76/><V104/><F104/><W24/><G24/><T73/><D73/><U90/><E46/><V58/><F62/><W2/><G74/><T126/><D126/><U60/><E45/><V91/><F108/><W94/><G26/><T38/><AGARI ba="0,1" hai="11,12,14,16,18,20,38,42,44,78,82,86,124,125" machi="38" ten="30,7900,0" yaku="1,1,5,1,0,1,54,1,53,0" doraHai="89" doraHaiUra="111" who="0" fromWho="0" sc="15,89,605,-39,180,-20,190,-20" /><INIT seed="6,0,0,3,4,8" ten="104,566,160,170" oya="2" hai0="55,9,20,93,124,95,117,54,98,47,110,30,83" hai1="14,134,27,13,94,89,108,97,61,96,125,74,2" hai2="49,79,100,69,42,99,101,60,50,35,23,102,21" hai3="78,132,66,70,36,62,41,131,119,1,111,10,59"/><V91/><F35/><W15/><G119/><T104/><D110/><U58/><E2/><V34/><F34/><W109/><G1/><T72/><D124/><U45/><E74/><V18/><F79/><W64/><G132/><T33/><D33/><U82/><E108/><V43/><F69/><W133/><G133/><T0/><D117/><U115/><E115/><V92/><F60/><W113/><G131/><T77/><D104/><U81/><E134/><V68/><F68/><W90/><G113/><T122/><D122/><U129/><E129/><V37/><F37/><W16/><G78/><T75/><D75/><U31/><E45/><V4/><F4/><W114/><G114/><T6/><D93/><U71/><E97/><V121/><F121/><W53/><G66/><T56/><D56/><U46/><E46/><V25/><REACH who="2" step="1"/><F23/><REACH who="2" ten="104,566,150,170" step="2"/><W7/><G7/><T29/><D20/><N who="1" m="15847" /><E71/><V85/><F85/><W87/><G36/><T130/><D130/><U52/><E125/><V107/><F107/><W44/><G111/><T106/><D106/><U19/><E61/><V28/><F28/><W57/><G109/><T48/><REACH who="0" step="1"/><D55/><REACH who="0" ten="94,566,150,170" step="2"/><U12/><E52/><V88/><F88/><AGARI ba="0,2" hai="0,6,9,29,30,47,48,54,72,77,83,88,95,98" machi="88" ten="30,7700,0" yaku="1,1,2,1,7,1,54,1,53,0" doraHai="8" doraHaiUra="38" who="0" fromWho="2" sc="94,97,566,0,150,-77,170,0" /><INIT seed="7,0,0,0,3,63" ten="191,566,73,170" oya="3" hai0="89,19,33,35,9,60,82,76,112,42,65,124,79" hai1="116,71,114,23,107,96,98,38,68,95,39,77,49" hai2="88,121,128,55,34,43,40,50,90,10,113,46,86" hai3="104,14,3,129,45,53,15,73,130,70,37,102,2"/><W6/><G70/><T131/><D131/><N who="3" m="50185" /><G73/><T125/><D112/><U123/><E77/><V110/><F128/><W27/><G27/><T8/><D42/><U84/><E49/><V32/><F113/><W1/><G6/><T25/><D89/><U120/><E84/><V87/><F110/><W67/><G102/><T127/><D76/><U134/><E23/><V21/><F121/><W132/><G104/><T74/><D19/><U111/><E95/><V57/><F10/><N who="0" m="4202" /><D25/><U80/><E107/><V81/><F21/><W135/><G67/><T28/><D28/><U54/><E71/><AGARI ba="0,0" hai="33,35,60,65,71,74,79,82,124,125,127" m="4202" machi="71" ten="30,2000,0" yaku="18,1,52,1" doraHai="63" who="0" fromWho="1" sc="191,20,566,-20,73,0,170,0" owari="211,1.0,546,65.0,73,-43.0,170,-23.0" /></mjloggm>