<mjloggm ver="2.3"><GO type="169" lobby="0"/><UN n0="%4B%E3%80%82" n1="%E3%81%BE%E3%81%93%E3%81%95%E3%81%A8%76%65%72%32" n2="%36%31%2E%38%EF%BC%85" n3="%E3%82%A6%E3%83%AB%E3%83%88%E3%83%A9%E7%AB%8B%E7%9B%B4" dan="16,16,16,16" rate="2062.47,2150.00,2105.94,2101.47" sx="M,M,M,M"/><TAIKYOKU oya="0"/><INIT seed="0,0,0,5,4,98" ten="250,250,250,250" oya="0" hai0="117,49,6,123,37,67,128,124,26,11,60,42,29" hai1="109,45,86,66,41,99,22,50,115,77,10,21,70" hai2="55,19,125,103,2,56,17,44,76,53,71,100,112" hai3="130,47,63,25,96,16,43,52,65,40,69,85,61"/><T126/><D123/><U129/><E115/><V92/><F71/><W28/><G130/><T46/><D117/><U27/><E109/><V104/><F2/><W107/><G85/><T13/><D128/><U105/><E129/><V5/><F104/><W72/><G72/><T57/><REACH who="0" step="1"/><D37/><REACH who="0" ten="240,250,250,250" step="2"/><U1/><E70/><V122/><F122/><W8/><G69/><T54/><D54/><U62/><E66/><V132/><F112/><W30/><G65/><T20/><AGARI ba="0,1" hai="6,11,13,20,26,29,42,46,49,57,60,67,124,126" machi="20" ten="30,3000,0" yaku="1,1,0,1,53,0" doraHai="98" doraHaiUra="15" who="0" fromWho="0" sc="240,40,250,-10,250,-10,250,-10" /><INIT seed="0,1,0,0,0,63" ten="280,240,240,240" oya="0" hai0="77,128,26,46,120,106,119,69,68,3,67,49,30" hai1="101,64,82,55,127,34,115,91,23,47,93,66,104" hai2="90,113,16,78,75,99,43,20,50,52,98,11,17" hai3="108,29,131,51,71,124,133,123,94,19,44,58,21"/><T10/><D120/><U42/><E34/><V2/><F113/><W103/><G71/><T81/><D119/><U87/><E115/><V22/><F43/><W117/><G117/><T129/><D106/><U92/><E104/><V86/><F78/><W76/><G108/><T110/><D110/><U0/><E0/><V56/><F2/><W25/><G124/><T88/><D3/><U74/><E127/><V105/><F75/><W13/><G131/><N who="0" m="50251" /><D10/><U84/><E74/><V28/><F28/><W9/><G133/><T96/><D67/><N who="1" m="25643" /><E42/><V8/><F8/><W83/><G123/><T61/><D61/><U72/><E72/><V5/><F11/><W39/><G39/><T114/><D114/><U60/><E23/><V125/><F5/><W27/><G21/><N who="2" m="8297" /><F105/><W122/><G122/><T80/><D26/><U18/><E18/><N who="2" m="7275" /><F125/><W100/><G27/><T15/><D30/><U132/><E132/><V116/><F116/><W48/><G25/><T134/><D134/><U53/><E101/><V89/><F89/><W38/><G38/><T79/><D15/><U111/><E111/><V35/><F35/><W7/><G19/><T95/><D69/><U85/><E60/><V121/><F121/><W32/><G32/><T107/><D68/><U57/><E57/><V54/><F54/><N who="1" m="20489" /><E47/><V33/><F33/><W37/><G44/><T109/><D109/><U135/><E135/><V12/><F12/><W1/><G13/><T24/><D107/><U112/><E112/><V31/><F31/><W59/><G29/><T40/><D24/><U41/><E41/><V65/><F65/><RYUUKYOKU ba="1,0" sc="280,10,240,10,240,10,240,-30" hai0="40,46,49,77,79,80,81,88,95,96" hai1="82,84,85,87,91,92,93" hai2="50,52,56,86,90,98,99" /><INIT seed="0,2,0,5,5,102" ten="290,250,250,210" oya="0" hai0="84,68,132,28,115,58,116,133,38,124,45,47,72" hai1="79,20,63,127,54,52,81,2,109,40,128,14,49" hai2="51,32,97,13,6,134,8,69,53,65,129,71,103" hai3="60,24,85,17,88,86,111,121,0,110,50,104,56"/><T130/><D72/><U113/><E2/><V16/><F32/><W30/><G0/><T27/><D68/><U21/><E109/><N who="3" m="41482" /><G121/><T106/><D115/><U43/><E128/><V39/><F39/><W73/><G73/><T74/><D74/><U19/><E127/><V9/><F129/><W117/><G117/><T99/><D130/><U31/><E113/><V29/><F29/><W108/><G108/><T70/><D70/><U90/><E79/><V112/><F134/><W46/><G17/><T64/><D116/><U25/><E63/><V23/><F65/><W44/><G104/><T125/><D84/><N who="1" m="50447" /><E54/><V89/><F9/><W100/><G100/><N who="0" m="62751" /><D64/><U118/><E118/><V114/><F89/><W80/><G86/><T7/><D58/><AGARI ba="2,0" hai="14,19,20,21,25,31,40,43,49,52,58" m="50447" machi="58" ten="30,2000,0" yaku="8,1,54,1" doraHai="102" who="1" fromWho="0" sc="290,-26,250,26,250,0,210,0" /><INIT seed="1,0,0,4,3,50" ten="264,276,250,210" oya="1" hai0="104,94,96,80,51,101,98,106,5,119,100,11,121" hai1="83,123,127,47,125,49,38,26,111,99,75,59,118" hai2="62,13,88,46,27,72,43,92,28,112,77,74,30" hai3="64,78,56,117,40,91,29,35,132,116,9,110,68"/><U1/><E123/><V2/><F2/><W45/><G110/><T131/><D119/><N who="3" m="45641" /><G132/><T10/><D121/><U114/><E1/><V53/><F112/><W12/><G78/><T85/><D131/><U4/><E4/><V135/><F135/><W87/><G68/><T14/><D94/><U134/><E118/><V70/><F13/><W39/><G29/><T82/><D85/><U113/><E134/><V34/><F28/><W42/><G35/><T76/><D76/><U41/><E99/><V3/><F77/><W84/><G42/><T24/><D24/><U55/><E26/><V54/><F3/><W95/><G84/><T73/><D73/><U66/><E83/><V108/><F108/><W71/><G71/><T133/><D133/><U60/><E75/><V124/><F124/><N who="1" m="47689" /><E111/><V8/><F8/><W33/><G33/><T63/><D63/><U17/><E17/><V90/><F90/><W67/><G56/><AGARI ba="0,0" hai="38,41,47,49,55,56,59,60,66,113,114" m="47689" machi="56" ten="30,11600,0" yaku="18,1,34,2,52,1" doraHai="50" who="1" fromWho="3" sc="264,0,276,116,250,0,210,-116" /><INIT seed="1,1,0,0,5,27" ten="264,392,250,94" oya="1" hai0="36,34,3,40,56,19,8,133,37,42,11,69,120" hai1="128,74,127,45,101,89,68,100,75,134,17,84,104" hai2="4,132,25,33,31,97,57,60,118,107,109,2,23" hai3="66,51,55,5,114,96,76,131,50,22,111,28,10"/><U83/><E68/><V9/><F118/><W126/><G114/><T47/><D69/><U39/><E39/><V79/><F79/><W112/><G112/><T99/><D133/><U78/><E45/><V14/><F109/><W119/><G119/><T116/><D116/><U72/><E17/><V87/><F87/><W58/><G111/><T49/><D34/><U61/><E61/><V129/><F129/><W53/><G131/><T110/><D110/><U80/><E134/><V135/><F97/><W121/><G126/><T6/><D120/><U90/><E128/><V48/><F48/><W102/><G76/><T18/><D99/><N who="1" m="61471" /><E127/><V113/><F107/><W71/><G121/><T65/><D11/><U81/><E101/><V105/><F105/><W52/><G71/><T64/><D49/><U106/><E106/><V21/><F21/><W29/><G66/><T0/><D56/><U44/><E44/><V24/><F113/><W32/><G32/><T1/><D1/><U122/><E122/><V13/><F132/><W130/><G130/><T54/><D47/><U41/><E41/><V123/><F123/><W117/><G117/><T88/><D8/><U124/><E124/><V16/><F135/><W95/><G22/><T125/><D125/><U85/><AGARI ba="1,0" hai="72,74,75,78,80,81,83,84,85,89,90" m="61471" machi="85" ten="30,12000,1" yaku="35,5" doraHai="27" who="1" fromWho="1" sc="264,-41,392,123,250,-41,94,-41" /><INIT seed="1,2,0,2,3,65" ten="223,515,209,53" oya="1" hai0="81,8,9,95,69,113,31,10,87,98,82,11,21" hai1="28,20,109,40,52,30,59,67,6,92,132,2,78" hai2="36,114,60,19,48,125,112,23,33,17,119,47,107" hai3="76,90,38,12,128,44,16,83,104,45,75,126,124"/><U129/><E132/><V18/><F119/><W4/><G128/><T122/><D113/><N who="2" m="43626" /><F107/><W127/><G104/><T115/><D115/><U64/><E40/><N who="2" m="22919" /><F33/><W50/><G4/><T108/><D108/><U102/><E78/><V120/><F120/><W37/><G90/><T15/><D69/><U7/><E2/><V130/><F130/><W106/><G106/><T14/><D122/><U63/><E129/><V96/><F96/><W57/><G57/><T91/><N who="0" m="2048" /><DORA hai="88" /><T70/><D70/><U35/><E35/><V51/><F125/><W73/><G75/><T0/><D0/><U80/><E80/><N who="0" m="30825" /><D87/><U32/><E32/><V55/><F23/><N who="3" m="11655" /><G45/><T116/><D116/><U26/><E28/><V131/><F131/><W41/><AGARI ba="2,0" hai="37,38,41,44,50,73,76,83,124,126,127" m="11655" machi="41" ten="30,2000,0" yaku="18,1,54,1" doraHai="65,88" who="3" fromWho="3" sc="223,-7,515,-12,209,-7,53,26" /><INIT seed="2,0,0,1,1,52" ten="216,503,202,79" oya="2" hai0="56,35,34,43,13,19,51,41,127,4,89,18,69" hai1="118,73,99,46,75,21,116,36,59,7,55,48,126" hai2="117,17,123,103,97,22,6,104,8,110,119,9,74" hai3="93,91,129,5,114,42,14,94,82,12,58,37,132"/><V86/><F123/><W64/><G132/><T33/><D69/><U60/><E126/><V49/><F74/><W0/><G0/><T71/><D71/><U77/><E75/><V115/><F115/><W2/><G2/><T65/><D127/><U107/><E7/><V61/><F110/><W24/><G129/><T92/><D4/><U38/><E77/><V113/><F113/><W50/><G37/><T25/><D25/><U31/><E73/><V54/><F61/><N who="3" m="37943" /><G114/><T79/><D79/><U62/><E107/><V102/><F102/><W53/><G42/><T112/><D112/><U96/><E31/><V67/><F67/><W133/><G133/><T57/><D19/><U44/><E21/><V121/><F121/><W72/><G24/><T76/><D76/><U83/><E83/><V47/><F9/><N who="3" m="4143" /><G14/><T122/><D122/><U128/><E128/><V68/><F68/><W130/><G130/><T95/><D65/><U1/><E1/><V23/><F23/><W66/><G66/><T45/><D43/><U88/><E55/><V29/><F29/><W111/><G111/><T131/><D131/><U90/><E48/><V10/><F10/><W28/><G28/><T125/><D125/><U81/><E81/><V20/><F20/><W120/><G120/><T106/><D106/><U109/><E109/><V135/><F135/><W3/><G3/><T84/><REACH who="0" step="1"/><D95/><REACH who="0" ten="206,503,202,79" step="2"/><U70/><E70/><V63/><F6/><W100/><G72/><T27/><D27/><U11/><E11/><AGARI ba="0,1" hai="11,13,18,33,34,35,41,45,51,56,57,84,89,92" machi="11" ten="40,5200,0" yaku="1,1,52,2,53,0" doraHai="52" doraHaiUra="32" who="0" fromWho="1" sc="206,62,503,-52,202,0,79,0" /><INIT seed="3,0,0,4,2,91" ten="268,451,202,79" oya="3" hai0="71,30,3,117,57,52,36,133,67,130,18,129,31" hai1="90,61,56,51,22,54,47,80,62,77,24,131,81" hai2="8,37,109,41,120,35,94,95,0,111,134,38,25" hai3="74,64,16,119,87,99,105,39,26,102,115,89,15"/><W86/><G119/><T33/><D117/><U42/><E131/><V122/><F134/><W93/><G115/><T79/><D3/><U126/><E126/><V114/><F114/><W13/><G39/><N who="2" m="14857" /><F41/><W112/><G112/><T123/><D123/><N who="2" m="47146" /><F35/><W9/><G74/><T17/><D133/><U27/><E62/><V28/><F8/><W53/><G64/><T34/><D36/><U65/><E90/><V4/><F4/><W6/><G53/><T63/><D79/><U84/><E81/><V7/><F7/><W11/><REACH who="3" step="1"/><G26/><REACH who="3" ten="268,451,202,69" step="2"/><N who="1" m="9770" /><E22/><N who="2" m="15415" /><F0/><W49/><G49/><N who="0" m="30863" /><D34/><U101/><E101/><V1/><F1/><W124/><G124/><T107/><D33/><U132/><E132/><V113/><F113/><W135/><G135/><T20/><D129/><U127/><E127/><V88/><F88/><W23/><G23/><T29/><D20/><U83/><E83/><V72/><F72/><W116/><G116/><T73/><D130/><U2/><E2/><V108/><AGARI ba="0,1" hai="94,95,108,109,111" m="15415,47146,14857" machi="108" ten="40,8000,1" yaku="14,1,13,1,52,2" doraHai="91" who="2" fromWho="2" sc="268,-20,451,-20,202,90,69,-40" /><INIT seed="4,0,0,0,5,57" ten="248,431,292,29" oya="0" hai0="125,134,106,88,21,91,95,4,7,75,103,61,62" hai1="42,67,19,0,127,124,83,17,135,97,24,68,2" hai2="63,58,107,33,121,12,3,8,1,41,48,53,28" hai3="30,122,118,76,60,128,49,82,84,93,132,113,96"/><T123/><D123/><U89/><E42/><V120/><F107/><W66/><G118/><T11/><D75/><U35/><E135/><V18/><F33/><W39/><G39/><T47/><D106/><U86/><E97/><V78/><F28/><W81/><G132/><T115/><D134/><U26/><E35/><V37/><F37/><W20/><G128/><T65/><D115/><U87/><E67/><V112/><F112/><W44/><G113/><T64/><D125/><U131/><E68/><V130/><F78/><W38/><G38/><T13/><D7/><U9/><E83/><V111/><F111/><W108/><G108/><T129/><D129/><U51/><E51/><V80/><F80/><W34/><G34/><T70/><D47/><U23/><E89/><V5/><F130/><W101/><G82/><T71/><D21/><U16/><E131/><V74/><F74/><W29/><G20/><T116/><D116/><U126/><E87/><V6/><F6/><W10/><G10/><T56/><D56/><U85/><E86/><V45/><REACH who="2" step="1"/><F18/><REACH who="2" ten="248,431,282,29" step="2"/><W54/><REACH who="3" step="1"/><G122/><AGARI ba="0,1" hai="1,3,5,8,12,41,45,48,53,58,63,120,121,122" machi="122" ten="40,8000,1" yaku="1,1,2,1,52,1,53,1" doraHai="57" doraHaiUra="43" who="2" fromWho="3" sc="248,0,431,0,282,90,29,-80" owari="248,-15.0,431,53.0,372,17.0,-51,-55.0" /></mjloggm>