<mjloggm ver="2.3"><GO type="97" lobby="0"/><UN n0="%59%61%6B%6B%75%72%75" n1="%E3%82%B8%E3%82%A7%E3%83%AD%E3%81%A9%E3%82%93" n2="%E3%83%8B%E3%83%A3%E3%83%83%E3%83%94%E3%83%BC%E3%81%AE%E5%9B%BD" n3="%E5%B0%B1%E6%B4%BB%E7%94%9F%40%E5%B7%9D%E6%9D%91%E8%BB%8D%E5%9B%A3" dan="14,13,15,15" rate="1878.81,1952.78,1945.62,2060.08" sx="M,M,M,M"/><TAIKYOKU oya="0"/><INIT seed="0,0,0,0,2,90" ten="250,250,250,250" oya="0" hai0="74,46,124,45,19,43,52,119,12,132,109,79,76" hai1="26,21,110,95,59,40,34,117,8,111,106,85,29" hai2="72,96,80,55,5,99,56,81,24,2,58,14,67" hai3="115,10,78,108,9,36,114,121,25,126,39,57,88"/><T31/><D119/><U50/><E106/><V20/><F2/><W69/><G69/><T62/><D31/><U4/><E117/><V105/><F105/><W17/><G78/><T89/><D132/><U94/><E85/><V86/><F72/><W129/><G129/><T83/><D124/><U133/><E34/><V7/><F67/><W44/><G121/><T107/><D107/><U98/><E98/><N who="2" m="37419" /><F14/><W73/><G73/><T53/><D109/><N who="1" m="41483" /><E133/><V23/><F81/><W32/><G57/><N who="2" m="22121" /><F55/><N who="0" m="21066" /><D43/><U134/><E59/><V103/><F103/><W130/><G126/><T77/><D74/><U33/><E33/><V113/><F113/><W49/><G130/><T125/><D62/><U27/><E27/><V64/><F64/><W3/><G108/><T15/><D125/><U70/><E70/><V47/><F47/><N who="0" m="17930" /><D19/><U65/><E65/><V71/><F71/><W48/><G3/><T101/><D101/><U112/><E50/><V104/><F104/><W97/><G36/><T35/><D35/><U0/><E40/><V102/><F102/><W127/><G39/><T122/><D122/><U92/><E134/><V28/><F23/><N who="3" m="13551" /><G32/><T82/><D89/><AGARI ba="0,0" hai="5,7,20,24,28,80,86,89" m="22121,37419" machi="89" ten="30,1000,0" yaku="8,1" doraHai="90" who="2" fromWho="0" sc="250,-10,250,0,250,10,250,0" /><INIT seed="1,0,0,3,1,63" ten="240,250,260,250" oya="1" hai0="48,45,29,98,0,33,36,24,95,107,61,65,54" hai1="64,38,112,4,121,62,59,113,60,90,11,28,6" hai2="83,134,37,68,124,20,71,92,12,17,30,15,51" hai3="23,32,31,94,135,123,39,75,119,70,67,127,130"/><U91/><E121/><V72/><F37/><W5/><RYUUKYOKU type="yao9" ba="0,0" sc="240,0,250,0,260,0,250,0" hai3="5,23,31,32,39,67,70,75,94,119,123,127,130,135" /><INIT seed="1,1,0,2,4,16" ten="240,250,260,250" oya="1" hai0="91,28,135,81,125,121,111,53,126,20,40,22,95" hai1="86,24,133,128,17,62,42,77,129,73,8,57,45" hai2="12,100,69,78,99,83,2,104,103,39,97,67,31" hai3="134,59,48,119,68,132,44,79,33,116,0,1,71"/><U27/><E73/><V98/><F2/><N who="3" m="1131" /><G33/><T25/><D135/><N who="3" m="51753" /><G59/><T70/><D70/><N who="3" m="26665" /><G79/><T88/><D40/><AGARI ba="1,0" hai="40,44,48,116,119" m="26665,51753,1131" machi="40" ten="40,1300,0" yaku="20,1" doraHai="16" who="3" fromWho="0" sc="240,-16,250,0,260,0,250,16" /><INIT seed="2,0,0,5,4,23" ten="224,250,260,266" oya="2" hai0="44,80,104,40,2,93,113,122,128,60,14,79,71" hai1="126,90,100,21,77,31,68,16,82,38,0,17,88" hai2="46,124,123,22,134,105,65,29,86,132,33,64,72" hai3="8,5,54,6,129,66,42,50,119,103,10,107,27"/><V37/><F72/><W43/><G129/><T57/><D113/><U55/><E0/><V94/><F105/><W109/><G109/><T59/><D122/><U130/><E126/><V125/><F123/><W47/><G119/><T62/><D2/><U110/><E130/><V26/><F33/><W51/><G107/><T32/><D32/><U56/><E68/><V1/><F1/><W75/><G75/><T3/><D3/><U98/><E110/><V73/><F73/><W24/><G103/><T85/><D104/><U83/><E38/><V96/><F86/><W95/><G95/><T135/><D135/><N who="2" m="51754" /><F37/><W12/><G66/><N who="2" m="25705" /><F46/><N who="3" m="27991" /><G43/><T70/><D128/><U41/><E41/><V39/><F39/><W97/><G97/><T20/><D93/><N who="1" m="58447" /><E31/><V89/><AGARI ba="0,0" hai="22,26,29,89,94,96,124,125" m="25705,51754" machi="89" ten="30,3000,0" yaku="20,1,52,1" doraHai="23" who="2" fromWho="2" sc="224,-10,250,-10,260,30,266,-10" /><INIT seed="2,1,0,5,4,106" ten="214,240,290,256" oya="2" hai0="7,133,64,97,2,75,94,14,120,53,117,40,19" hai1="125,104,18,20,112,118,24,110,6,78,29,16,43" hai2="38,70,8,51,10,46,62,15,93,114,121,101,132" hai3="103,0,28,66,48,130,52,123,30,131,54,17,13"/><V115/><F114/><W32/><G0/><T107/><D133/><U1/><E104/><V73/><F73/><W35/><G123/><T47/><D120/><U22/><E43/><V99/><F121/><W109/><G66/><T105/><D75/><U91/><E91/><V95/><F115/><W60/><G60/><T98/><D117/><U61/><E61/><V111/><F132/><W65/><G65/><T102/><D64/><U58/><E58/><V72/><F72/><W80/><G103/><T63/><D7/><U50/><E50/><V100/><F38/><W23/><G80/><T128/><D2/><U82/><E118/><V26/><F26/><W86/><G86/><T108/><D108/><U27/><E125/><V124/><F124/><W113/><G109/><T85/><D128/><N who="3" m="49193" /><G113/><T36/><D85/><U90/><E90/><V119/><F119/><W135/><G54/><T87/><D87/><U122/><E122/><V116/><F116/><W134/><G134/><T84/><D84/><N who="1" m="48215" /><E112/><V81/><F111/><W33/><G135/><T25/><D25/><U59/><E110/><V9/><F81/><W57/><AGARI ba="1,0" hai="13,17,23,28,30,32,33,35,48,52,57" m="49193" machi="57" ten="40,2700,0" yaku="19,1,54,1" doraHai="106" who="3" fromWho="3" sc="214,-8,240,-8,290,-14,256,30" /><INIT seed="3,0,0,0,0,23" ten="206,232,276,286" oya="3" hai0="62,60,55,27,133,8,71,47,58,53,29,67,73" hai1="46,24,130,84,40,68,54,66,75,13,26,118,104" hai2="11,105,37,65,78,74,83,0,119,50,80,49,98" hai3="51,116,135,56,91,85,89,77,14,134,108,31,94"/><W42/><G116/><T106/><D73/><U6/><E75/><V15/><F0/><W124/><G124/><T20/><D133/><N who="3" m="50697" /><G108/><T87/><D106/><U120/><E104/><V5/><F37/><W112/><G112/><T52/><D47/><U57/><E130/><V9/><F119/><W117/><G117/><T81/><REACH who="0" step="1"/><D8/><REACH who="0" ten="196,232,276,286" step="2"/><U4/><E120/><V22/><F11/><W7/><G42/><T36/><D36/><U97/><E118/><V2/><F105/><W110/><G110/><T101/><D101/><U44/><E44/><V92/><F74/><W96/><G56/><T16/><D16/><U41/><E40/><V32/><F9/><N who="3" m="4415" /><G31/><T132/><D132/><U76/><E46/><V121/><F2/><W48/><G77/><AGARI ba="0,1" hai="20,27,29,52,53,55,58,60,62,67,71,77,81,87" machi="77" ten="30,7700,0" yaku="1,1,7,1,52,1,54,1,53,0" doraHai="23" doraHaiUra="86" who="0" fromWho="3" sc="196,87,232,0,276,0,286,-77" /><INIT seed="4,0,0,3,2,126" ten="283,232,276,209" oya="0" hai0="27,135,89,17,40,98,28,50,77,118,10,99,119" hai1="55,16,96,105,82,111,13,46,30,128,63,18,38" hai2="72,100,73,85,83,74,131,134,35,62,48,88,84" hai3="26,59,14,69,127,116,7,51,103,107,53,115,66"/><T42/><D135/><U95/><E111/><V65/><F35/><W124/><G116/><T67/><D67/><U21/><E105/><V106/><F48/><W25/><G115/><T24/><D89/><U12/><E30/><V39/><F39/><W34/><G69/><T41/><D50/><U32/><E32/><V49/><F49/><W104/><G66/><T3/><D17/><U15/><E38/><V91/><F134/><W60/><G60/><T2/><D10/><U8/><E82/><N who="2" m="49175" /><F62/><W113/><G113/><T117/><D77/><U101/><E128/><V86/><F65/><W20/><G34/><T125/><D125/><N who="3" m="48201" /><G103/><T90/><D90/><U79/><E79/><N who="2" m="46335" /><F131/><W33/><G33/><T58/><D58/><N who="1" m="35295" /><E46/><V0/><F0/><N who="0" m="42" /><D28/><U6/><E6/><V9/><F9/><N who="3" m="4415" /><G26/><AGARI ba="0,0" hai="24,26,27,40,41,42,98,99,117,118,119" m="42" machi="26" ten="40,3900,0" yaku="28,2" doraHai="126" who="0" fromWho="3" sc="283,39,232,0,276,0,209,-39" /><AGARI ba="0,0" hai="8,12,13,15,16,18,21,26,95,96,101" m="35295" machi="26" ten="30,2000,0" yaku="8,1,54,1" doraHai="126" who="1" fromWho="3" sc="322,0,232,20,276,0,170,-20" owari="322,42.0,252,-15.0,276,8.0,150,-35.0" /></mjloggm>