<mjloggm ver="2.3"><GO type="225" lobby="0"/><UN n0="%E7%99%BE%E5%BC%8F%E8%A6%B3%E9%9F%B3" n1="%E5%9F%BC%E4%BA%AC%E7%B7%9A" n2="%E5%B0%B1%E6%B4%BB%E7%94%9F%40%E5%B7%9D%E6%9D%91%E8%BB%8D%E5%9B%A3" n3="%E6%96%B0%E4%B8%96%E7%95%8C%E3%81%AE%E7%B4%99" dan="17,16,17,18" rate="2169.72,2143.22,2099.29,2185.70" sx="M,M,M,M"/><TAIKYOKU oya="0"/><INIT seed="0,0,0,1,1,79" ten="250,250,250,250" oya="0" hai0="61,66,26,73,90,40,6,32,124,76,77,3,130" hai1="102,7,123,14,50,85,13,30,110,112,10,16,115" hai2="125,22,49,46,23,9,44,65,43,71,135,114,91" hai3="1,20,106,96,97,45,64,57,88,27,21,62,82"/><T101/><D90/><U36/><E36/><V5/><F114/><N who="1" m="43561" /><E110/><V31/><F125/><W0/><G0/><T131/><D77/><U35/><E123/><V19/><F135/><W83/><G1/><T8/><D124/><U38/><E38/><V132/><F132/><W68/><G68/><N who="0" m="42063" /><D40/><U37/><E37/><V134/><F31/><N who="3" m="17895" /><G106/><T111/><D101/><U33/><E102/><V74/><F74/><W75/><G75/><T121/><D121/><U12/><E50/><V99/><F46/><W108/><G108/><T87/><D87/><U15/><E85/><V17/><F65/><W24/><G45/><T116/><D116/><U34/><E30/><V118/><F71/><W81/><G88/><T119/><D119/><U104/><E104/><V70/><F70/><W63/><G63/><T55/><D111/><U58/><E58/><V122/><F91/><W72/><G72/><T103/><D103/><U52/><E52/><V128/><F122/><W4/><G4/><AGARI ba="0,0" hai="4,7,10,12,13,14,15,16,33,34,35" m="43561" machi="4" ten="40,8000,1" yaku="11,1,34,2,54,1" doraHai="79" who="1" fromWho="3" sc="250,0,250,80,250,0,250,-80" /><INIT seed="1,0,0,2,1,70" ten="250,330,250,170" oya="1" hai0="63,16,24,115,102,93,55,19,46,81,82,128,62" hai1="110,20,13,29,49,52,37,88,9,100,118,59,119" hai2="11,17,50,66,132,108,10,89,131,103,27,5,117" hai3="107,98,69,86,21,0,71,123,42,112,104,90,28"/><U43/><E100/><V65/><F117/><W30/><G123/><T97/><D115/><U114/><E114/><V1/><F131/><W12/><G112/><T83/><D128/><U40/><E110/><V96/><F108/><W124/><G0/><T134/><D134/><U74/><E74/><V38/><F132/><W95/><G124/><T56/><D46/><U72/><E72/><V45/><F38/><W60/><G42/><T36/><D36/><U57/><E57/><V130/><F89/><W77/><G104/><T8/><D8/><U92/><E37/><V61/><F61/><W84/><G107/><T113/><D113/><U64/><E64/><V18/><F130/><W35/><G35/><T68/><REACH who="0" step="1"/><D24/><REACH who="0" ten="240,330,250,170" step="2"/><N who="1" m="16519" /><E119/><V94/><F11/><W125/><G125/><T14/><D14/><U121/><E118/><V127/><F127/><W120/><G120/><T25/><D25/><U79/><E121/><V47/><F45/><W2/><G2/><T39/><D39/><U48/><E13/><V4/><F4/><W41/><G12/><T73/><D73/><U111/><E9/><V6/><F6/><W101/><G69/><T22/><D22/><U15/><E15/><V135/><F135/><W7/><G7/><T34/><D34/><U54/><E111/><V3/><F3/><W91/><G21/><T106/><D106/><U129/><E129/><V76/><F27/><W53/><G71/><T105/><D105/><U80/><E59/><V26/><F26/><W78/><G30/><T85/><D85/><N who="3" m="32873" /><G28/><T67/><AGARI ba="0,1" hai="16,19,55,56,62,63,67,68,81,82,83,93,97,102" machi="67" ten="30,4000,0" yaku="1,1,0,1,54,1,53,0" doraHai="70" doraHaiUra="126" who="0" fromWho="0" sc="240,50,330,-20,250,-10,170,-10" /><INIT seed="2,0,0,0,2,132" ten="290,310,240,160" oya="2" hai0="75,16,95,52,87,76,89,77,107,105,78,93,59" hai1="114,123,7,70,63,98,20,118,84,1,71,104,4" hai2="37,49,117,66,19,110,45,65,23,5,10,121,130" hai3="80,127,94,97,57,133,39,41,72,91,109,17,85"/><V24/><F37/><W50/><G109/><T46/><D46/><U6/><E1/><V0/><F117/><W22/><G133/><T61/><D75/><U56/><E118/><V92/><F121/><W101/><G39/><T90/><REACH who="0" step="1"/><D16/><REACH who="0" ten="280,310,240,160" step="2"/><U88/><E123/><V47/><F45/><W48/><G72/><T21/><D21/><U129/><E114/><V134/><F134/><W30/><G30/><T68/><D68/><U51/><E20/><V26/><F110/><W74/><G74/><T100/><D100/><U35/><E71/><V43/><F130/><W135/><G135/><T38/><D38/><U2/><E70/><V36/><F26/><W13/><G41/><T83/><D83/><U27/><E27/><V55/><F36/><W126/><REACH who="3" step="1"/><G57/><REACH who="3" ten="280,310,240,150" step="2"/><T79/><N who="0" m="19456" /><DORA hai="64" /><T28/><D28/><U108/><E56/><V60/><F43/><W29/><G29/><T122/><D122/><U103/><E129/><V116/><F116/><W42/><G42/><T131/><D131/><U62/><E108/><V96/><F47/><W128/><G128/><T102/><D102/><U9/><E103/><V53/><F24/><W115/><G115/><T44/><D44/><U119/><E119/><V67/><F67/><W14/><G14/><T58/><D58/><U12/><E12/><V82/><F66/><W99/><G99/><AGARI ba="0,2" hai="52,59,61,87,89,90,93,95,99,105,107" m="19456" machi="99" ten="50,3200,0" yaku="1,1,54,1,53,0" doraHai="132,64" doraHaiUra="106,125" who="0" fromWho="3" sc="280,52,310,0,240,0,150,-32" /><INIT seed="3,0,0,3,2,125" ten="332,310,240,118" oya="3" hai0="132,94,111,66,19,14,75,124,90,16,108,47,41" hai1="21,44,2,76,64,110,88,55,73,50,38,20,0" hai2="117,134,74,22,79,70,81,121,15,95,3,8,86" hai3="105,58,103,89,65,131,115,37,46,61,33,13,114"/><W118/><G118/><T109/><D75/><U113/><E113/><V122/><F117/><W49/><G33/><T56/><D124/><U91/><E110/><V71/><F3/><W25/><G37/><N who="0" m="21935" /><D132/><U96/><E38/><V10/><F134/><W84/><G25/><T54/><D66/><U101/><E64/><V100/><F22/><W135/><G135/><T45/><D45/><U32/><E32/><V63/><F63/><W126/><G126/><T62/><D14/><U123/><E123/><N who="2" m="47115" /><F10/><W93/><G131/><T6/><D6/><U106/><E2/><V133/><F133/><W130/><G130/><T92/><D92/><U11/><E0/><V119/><F119/><W107/><G13/><T29/><D29/><U36/><E36/><V83/><F95/><W34/><G34/><T52/><D54/><U31/><E11/><V77/><F100/><W5/><G5/><AGARI ba="0,0" hai="5,8,15,70,71,74,77,79,81,83,86" m="47115" machi="5" ten="30,1000,0" yaku="13,1" doraHai="125" who="2" fromWho="3" sc="332,0,310,0,240,10,118,-10" owari="332,43.0,310,11.0,250,-15.0,108,-39.0" /></mjloggm>