<mjloggm ver="2.3"><GO type="169" lobby="0"/><UN n0="%E3%81%AE%E3%81%A9%E3%81%94%E3%81%97%E3%80%88%E7%94%9F%E3%80%89" n1="%E3%82%B7%E3%83%AB%E3%83%93%E3%82%A3" n2="%E3%83%97%E3%83%AD%E3%83%86%E3%82%A4%E3%83%B3%E5%BE%97%E7%9B%9B" n3="%E5%B0%B1%E6%B4%BB%E7%94%9F%40%E5%B7%9D%E6%9D%91%E8%BB%8D%E5%9B%A3" dan="16,16,17,16" rate="2062.06,2099.41,2124.99,2025.40" sx="M,F,M,M"/><TAIKYOKU oya="0"/><INIT seed="0,0,0,3,2,61" ten="250,250,250,250" oya="0" hai0="122,2,38,16,103,130,56,115,123,135,58,30,97" hai1="45,121,127,53,124,35,126,67,9,132,54,22,3" hai2="94,17,76,110,10,90,51,96,98,64,50,66,105" hai3="57,99,77,29,87,68,63,84,27,42,19,18,32"/><T120/><D38/><U92/><E35/><V75/><F110/><W91/><G68/><T79/><D2/><U128/><E121/><V95/><F105/><W69/><G69/><T119/><D30/><U49/><E132/><V118/><F118/><W106/><G42/><T55/><D119/><U86/><E128/><V81/><F10/><W37/><G37/><T100/><D130/><U43/><E22/><V117/><F17/><W6/><G6/><T31/><D31/><U26/><E26/><V48/><REACH who="2" step="1"/><F117/><REACH who="2" ten="250,250,240,250" step="2"/><W14/><G19/><T12/><D135/><U112/><E9/><V131/><F131/><W28/><G28/><T13/><D120/><U15/><E112/><V36/><F36/><W39/><G39/><T60/><D115/><U46/><E124/><V88/><AGARI ba="0,1" hai="48,50,51,64,66,75,76,81,88,90,94,95,96,98" machi="88" ten="30,12000,2" yaku="1,1,0,1,9,1,52,2,54,1,53,0" doraHai="61" doraHaiUra="71" who="2" fromWho="2" sc="250,-60,250,-30,240,130,250,-30" /><INIT seed="1,0,0,2,3,25" ten="190,220,370,220" oya="1" hai0="5,86,34,103,40,85,129,82,99,102,64,33,127" hai1="19,23,59,39,48,42,105,104,63,114,16,113,76" hai2="75,133,130,50,62,83,117,120,96,118,115,95,58" hai3="8,37,79,134,38,90,31,60,14,116,0,91,112"/><U74/><E39/><V71/><F71/><W121/><G0/><T81/><D40/><U108/><E19/><V36/><F36/><W70/><G121/><T22/><D5/><U53/><E108/><V7/><F120/><W13/><G112/><T52/><D64/><U78/><E114/><V30/><F50/><W106/><G106/><T89/><D22/><U93/><E113/><V61/><F7/><W124/><G79/><T77/><D127/><U73/><E105/><V32/><F62/><W68/><G60/><T92/><D129/><U67/><E104/><V109/><F130/><W55/><G8/><T2/><D2/><U97/><E42/><V12/><F12/><W51/><G51/><T4/><D4/><U100/><E74/><V10/><F10/><W46/><G124/><T132/><D132/><U20/><E20/><V54/><F109/><W131/><G55/><T80/><D80/><U3/><E73/><V94/><F94/><W29/><G46/><T87/><D87/><U126/><E3/><V45/><F45/><W44/><G44/><T11/><D11/><U135/><E135/><V27/><F133/><W47/><G47/><T111/><D111/><U49/><E126/><V15/><F115/><W18/><G134/><T66/><D66/><U65/><E65/><V17/><F75/><W107/><G107/><T119/><D119/><U125/><E125/><V84/><F118/><W110/><G110/><T123/><D123/><U101/><E101/><N who="2" m="60575" /><F117/><W28/><G116/><T26/><D103/><U72/><E72/><V69/><F69/><W1/><G70/><RYUUKYOKU ba="0,0" sc="190,0,220,0,370,0,220,0" /><INIT seed="2,1,0,0,0,97" ten="190,220,370,220" oya="2" hai0="129,68,16,72,38,39,124,126,52,13,91,90,77" hai1="118,113,104,74,25,33,0,100,122,21,106,58,53" hai2="76,46,93,96,82,5,30,40,57,131,78,28,81" hai3="9,27,133,120,64,47,56,111,17,123,51,31,110"/><V127/><F127/><W44/><G17/><T109/><D68/><U135/><E113/><V32/><F131/><W121/><G9/><T80/><D129/><U65/><E118/><V55/><F5/><W116/><G116/><T60/><D109/><N who="3" m="41481" /><G133/><T3/><D3/><U14/><E0/><V67/><F67/><W42/><G27/><T66/><D66/><U24/><E74/><V50/><F32/><W18/><G18/><T36/><D124/><U130/><E130/><V8/><F8/><W71/><G31/><N who="2" m="11817" /><F78/><W94/><G94/><T2/><D2/><U45/><E135/><V26/><F76/><W89/><G89/><T92/><D126/><U59/><E33/><V99/><F26/><W34/><G34/><T87/><D91/><U1/><E1/><V108/><F108/><W115/><G47/><T61/><REACH who="0" step="1"/><D52/><REACH who="0" ten="180,220,370,220" step="2"/><U11/><E53/><V70/><F70/><W63/><G115/><T6/><D6/><U88/><E65/><V114/><F114/><W101/><G101/><T85/><D85/><U35/><E100/><N who="2" m="60431" /><F99/><W19/><G19/><T132/><D132/><U54/><E88/><V83/><F40/><W98/><G98/><T15/><D15/><U29/><E14/><V125/><F125/><W103/><G103/><T41/><D41/><U12/><E12/><V37/><F37/><W62/><G120/><T69/><D69/><U49/><E122/><V4/><F4/><W20/><G121/><T43/><D43/><U117/><E117/><V22/><F46/><W107/><G123/><T79/><D79/><U134/><E134/><V7/><F7/><RYUUKYOKU ba="1,1" sc="180,15,220,-15,370,15,220,-15" hai0="13,16,36,38,39,60,61,72,77,80,87,90,92" hai2="22,50,55,57,81,82,83" /><INIT seed="2,2,1,5,0,66" ten="195,205,385,205" oya="2" hai0="7,88,95,21,65,70,14,45,69,34,107,90,86" hai1="75,125,8,76,96,132,52,84,87,102,82,24,26" hai2="55,15,23,18,72,99,105,85,6,4,135,53,50" hai3="78,119,83,41,40,56,80,49,110,118,77,58,27"/><V16/><F72/><W67/><G67/><T73/><D107/><U126/><E8/><V10/><F135/><W39/><G49/><T63/><D34/><U11/><E11/><V134/><F134/><W131/><G27/><N who="1" m="10282" /><E132/><V43/><F105/><W3/><G3/><T46/><D73/><U59/><E96/><V0/><F6/><W54/><G54/><T115/><D115/><U123/><E102/><V32/><F32/><W33/><G33/><T122/><D7/><U92/><E92/><V98/><F43/><W38/><G110/><T9/><D9/><U19/><E19/><V61/><F18/><W71/><G131/><T97/><D122/><U30/><E30/><V64/><F85/><W129/><REACH who="3" step="1"/><G129/><REACH who="3" ten="195,205,385,195" step="2"/><T29/><D70/><AGARI ba="2,2" hai="38,39,40,41,56,58,70,71,77,78,80,83,118,119" machi="70" ten="25,12000,2" yaku="1,1,2,1,22,2,52,2,53,0" doraHai="66" doraHaiUra="42" who="3" fromWho="0" sc="195,-126,205,0,385,0,195,146" /><INIT seed="3,0,0,5,5,108" ten="69,205,385,341" oya="3" hai0="22,34,5,63,6,56,21,66,38,122,15,52,27" hai1="7,90,12,76,87,93,109,31,126,32,58,71,59" hai2="77,103,102,45,124,128,46,91,36,53,96,95,80" hai3="92,23,116,61,30,4,83,86,110,72,101,1,14"/><W8/><G110/><T50/><D38/><U62/><E109/><V75/><F124/><W81/><G116/><T112/><D34/><U49/><E126/><V2/><F2/><W19/><G72/><T121/><D15/><U97/><E71/><V47/><F128/><W117/><G117/><T55/><D50/><U29/><E32/><V60/><F36/><W70/><G30/><T13/><D13/><U104/><E104/><V0/><F0/><W57/><G70/><T123/><D27/><U94/><E49/><V35/><F35/><W37/><G37/><T42/><D42/><U125/><E125/><V118/><F118/><W43/><G43/><T40/><D40/><U65/><E58/><V64/><REACH who="2" step="1"/><F53/><REACH who="2" ten="69,205,375,341" step="2"/><W25/><G1/><T16/><D122/><U28/><E7/><V106/><F106/><W85/><G85/><T111/><D111/><U115/><E87/><V18/><F18/><W129/><G129/><T24/><D66/><U120/><E65/><V26/><F26/><W3/><G3/><T113/><D24/><U114/><E31/><V48/><F48/><W68/><G68/><AGARI ba="0,1" hai="45,46,47,60,64,68,75,77,80,91,95,96,102,103" machi="68" ten="40,2600,0" yaku="1,1,53,1" doraHai="108" doraHaiUra="73" who="2" fromWho="3" sc="69,0,205,0,375,36,341,-26" /><INIT seed="4,0,0,5,5,117" ten="69,205,411,315" oya="0" hai0="90,126,3,103,112,53,131,24,73,88,57,99,44" hai1="71,41,13,120,14,80,105,109,25,16,33,97,72" hai2="70,34,15,68,10,39,4,116,133,75,127,7,69" hai3="101,87,81,125,94,118,130,18,67,102,26,134,61"/><T119/><D3/><U45/><E109/><V58/><F75/><W64/><G118/><T22/><D73/><U59/><E71/><V111/><F39/><W106/><G106/><T40/><D119/><U77/><E59/><V31/><F111/><W0/><G0/><T92/><D112/><U108/><E108/><V56/><F116/><W98/><G130/><T43/><D131/><U20/><E33/><V82/><F82/><W51/><G134/><T65/><D65/><U35/><E35/><V17/><F127/><W60/><G125/><T123/><D126/><U132/><E132/><V23/><F133/><W48/><G102/><T2/><D2/><U100/><REACH who="1" step="1"/><E120/><REACH who="1" ten="69,195,411,315" step="2"/><V21/><F34/><W11/><G64/><T107/><D123/><U121/><E121/><V50/><F58/><W124/><G124/><T76/><D76/><U114/><E114/><V122/><F122/><W78/><G67/><T49/><D43/><U96/><E96/><V115/><F115/><W9/><G61/><N who="0" m="36015" /><D107/><U110/><E110/><V47/><F56/><W66/><G60/><T38/><D38/><AGARI ba="0,1" hai="13,14,16,20,25,38,41,45,72,77,80,97,100,105" machi="38" ten="30,3900,0" yaku="1,1,7,1,54,1,53,0" doraHai="117" doraHaiUra="52" who="1" fromWho="0" sc="69,-39,195,49,411,0,315,0" /><INIT seed="5,0,0,1,4,87" ten="30,244,411,315" oya="1" hai0="102,14,24,12,94,82,131,27,76,31,60,78,83" hai1="92,13,112,100,19,106,122,21,103,121,105,41,74" hai2="57,65,10,97,80,52,20,81,86,53,93,73,36" hai3="8,2,129,133,117,6,68,130,55,46,109,119,48"/><U0/><E74/><V51/><F36/><W69/><G109/><T98/><D131/><N who="3" m="50185" /><G133/><T120/><D120/><U107/><E112/><V118/><F73/><W111/><G111/><T49/><D49/><U134/><E134/><V40/><F40/><W29/><G29/><T32/><D27/><U127/><E127/><V135/><F65/><W15/><G15/><T67/><D82/><U62/><E0/><V89/><F118/><AGARI ba="0,0" hai="2,6,8,46,48,55,68,69,117,118,119" m="50185" machi="118" ten="30,2000,0" yaku="12,1,19,1" doraHai="87" who="3" fromWho="2" sc="30,0,244,0,411,-20,315,20" /><INIT seed="6,0,0,4,2,24" ten="30,244,391,335" oya="2" hai0="77,100,131,48,49,103,60,105,53,32,72,19,10" hai1="14,74,62,135,111,132,37,52,66,0,65,16,70" hai2="38,90,22,44,116,13,29,68,113,23,58,104,15" hai3="54,118,92,21,109,42,64,36,134,108,126,128,51"/><V78/><F68/><W55/><G118/><T79/><D32/><U17/><E111/><V8/><F104/><W114/><G36/><T86/><D131/><U30/><E0/><V82/><F90/><W25/><G64/><T91/><D60/><U130/><E37/><V56/><F113/><W107/><G107/><T41/><D41/><U120/><E74/><V43/><F15/><W27/><G128/><T46/><D49/><U102/><E130/><V81/><F81/><W93/><G126/><T33/><D33/><U45/><E120/><V7/><F116/><W63/><G21/><T61/><D61/><U119/><E119/><V85/><F22/><W88/><G63/><T94/><D105/><U124/><E124/><V99/><F99/><W112/><G51/><T84/><D72/><U5/><E102/><V57/><F57/><W121/><G121/><T117/><D117/><U115/><E115/><V76/><F76/><W39/><G39/><T69/><D69/><U34/><E70/><V97/><F97/><W106/><G106/><T83/><D86/><U26/><E132/><V67/><F67/><W50/><G50/><T123/><D123/><U4/><E135/><V73/><F73/><W71/><G71/><T9/><D9/><U125/><E125/><V127/><F127/><W89/><G134/><T31/><D31/><U75/><E75/><V129/><F129/><W59/><G59/><T28/><D28/><U122/><E122/><V87/><F87/><W80/><G42/><T98/><D100/><U47/><E66/><V12/><F29/><W6/><G6/><RYUUKYOKU ba="0,0" sc="30,10,244,-30,391,10,335,10" hai0="10,19,46,48,53,77,79,83,84,91,94,98,103" hai2="7,8,12,13,23,38,43,44,56,58,78,82,85" hai3="25,27,54,55,80,88,89,92,93,108,109,112,114" /><INIT seed="6,1,0,3,2,80" ten="40,214,401,345" oya="2" hai0="100,107,18,36,59,97,29,55,71,57,123,95,3" hai1="128,94,31,44,133,38,41,69,112,11,83,27,87" hai2="28,101,122,37,34,82,108,60,46,65,119,134,84" hai3="85,72,68,70,91,111,125,77,81,109,124,73,48"/><V98/><F122/><W96/><G70/><T4/><D123/><U115/><E128/><V132/><F119/><W63/><G68/><T47/><D3/><U21/><E133/><N who="2" m="51307" /><F108/><N who="3" m="41547" /><G48/><T64/><D4/><U92/><E11/><V79/><F28/><W23/><G63/><T19/><D59/><U16/><E31/><V131/><F34/><W6/><G6/><T126/><D126/><N who="3" m="48745" /><G23/><T127/><D127/><U15/><E27/><V45/><F37/><W2/><G2/><T86/><D29/><U113/><E69/><N who="2" m="42151" /><F131/><W22/><G22/><T43/><D64/><U1/><E1/><V24/><F24/><W89/><G96/><T114/><D71/><U33/><E33/><V105/><AGARI ba="1,0" hai="45,46,79,82,84,98,101,105" m="42151,51307" machi="105" ten="30,3000,0" yaku="20,1,52,1" doraHai="80" who="2" fromWho="2" sc="40,-11,214,-11,401,33,345,-11" /><INIT seed="6,2,0,5,5,69" ten="29,203,434,334" oya="2" hai0="118,88,126,98,112,121,60,14,30,89,95,25,83" hai1="81,120,102,111,48,77,33,115,4,71,8,21,133" hai2="67,109,24,113,27,26,1,76,91,85,74,104,58" hai3="90,0,39,57,35,5,122,127,20,23,44,80,116"/><V15/><F1/><W36/><G122/><T50/><D121/><U107/><E120/><V31/><F104/><W12/><G116/><T54/><D118/><U114/><E33/><V124/><F76/><W94/><G35/><T82/><D112/><U62/><E48/><V64/><F74/><W47/><G80/><T87/><D126/><U92/><E21/><V43/><F43/><W7/><G57/><T125/><D125/><U135/><E92/><V79/><F79/><W29/><G94/><T132/><D132/><U117/><E111/><V96/><F96/><W129/><G127/><T2/><D2/><N who="1" m="23" /><E117/><V13/><F31/><W128/><G90/><T61/><D14/><N who="2" m="5130" /><F109/><W56/><G56/><T3/><D3/><U41/><E41/><V68/><F68/><W101/><G12/><T9/><D9/><U86/><E102/><V34/><F113/><N who="1" m="43017" /><E107/><V131/><F34/><W53/><G0/><T130/><D130/><U51/><E51/><V59/><F131/><W93/><G93/><T65/><D65/><AGARI ba="2,0" hai="62,65,71,77,81,86,133,135" m="43017,23" machi="65" ten="30,1000,0" yaku="15,1" doraHai="69" who="1" fromWho="0" sc="29,-16,203,16,434,0,334,0" /><INIT seed="7,0,0,5,3,38" ten="13,219,434,334" oya="3" hai0="37,60,1,14,74,100,41,9,80,40,25,18,57" hai1="7,122,36,125,109,81,16,99,5,4,124,33,11" hai2="34,103,85,35,47,106,65,132,102,39,48,69,24" hai3="44,26,52,90,120,117,28,114,121,92,20,42,88"/><W98/><G117/><T32/><D100/><U51/><E36/><V50/><F39/><W131/><G114/><T96/><D96/><U67/><E109/><V53/><F132/><W2/><G2/><T70/><D70/><U72/><E122/><V29/><F35/><W73/><G73/><T22/><D37/><U105/><E33/><V115/><F115/><W113/><G113/><T101/><D101/><U46/><E67/><V107/><F103/><W61/><G131/><T123/><D123/><U8/><E105/><V87/><F50/><N who="3" m="26903" /><G120/><T126/><D74/><U55/><E99/><N who="2" m="61791" /><F107/><W128/><G128/><T84/><D126/><U13/><REACH who="1" step="1"/><E8/><REACH who="1" ten="13,209,434,334" step="2"/><V15/><F65/><W108/><G108/><T3/><D32/><U95/><E95/><V104/><F104/><W21/><G121/><T64/><D3/><U17/><E17/><V86/><F34/><W12/><G21/><T118/><D1/><U63/><E63/><V31/><F31/><W127/><G127/><T79/><REACH who="0" step="1"/><D118/><REACH who="0" ten="3,209,434,334" step="2"/><U93/><E93/><V59/><F29/><W58/><G12/><T0/><D0/><U68/><E68/><V6/><F24/><W135/><G135/><T89/><D89/><AGARI ba="0,2" hai="20,26,28,52,58,61,88,89,90,92,98" m="26903" machi="89" ten="30,11600,0" yaku="8,1,52,1,54,2" doraHai="38" who="3" fromWho="0" sc="3,-116,209,0,434,0,334,136" owari="-113,-61.0,209,-19.0,434,23.0,470,57.0" /></mjloggm>