<mjloggm ver="2.3"><GO type="225" lobby="0"/><UN n0="%74%6F%79%6F%74%69" n1="%E5%B0%B1%E6%B4%BB%E7%94%9F%40%E5%B7%9D%E6%9D%91%E8%BB%8D%E5%9B%A3" n2="%E3%81%AA%E3%81%A3%E3%81%8D%E3%82%8A" n3="%E6%B3%95%E6%94%BF%E5%A4%A7%E5%AD%A6%EF%BC%93%E5%B9%B4" dan="16,16,16,18" rate="2016.80,2056.29,2094.63,2210.20" sx="F,M,M,M"/><TAIKYOKU oya="0"/><INIT seed="0,0,0,4,0,25" ten="250,250,250,250" oya="0" hai0="34,40,83,113,127,118,21,3,103,31,4,101,110" hai1="78,61,56,121,54,75,81,58,23,33,27,51,74" hai2="135,26,44,90,12,43,72,7,96,65,13,64,108" hai3="10,106,126,57,18,62,42,2,92,36,89,117,100"/><T28/><D113/><U82/><E121/><V5/><F72/><W95/><G117/><T91/><D118/><U134/><E134/><V9/><F108/><W109/><G106/><T129/><D110/><U50/><E33/><V120/><F135/><W80/><G100/><T131/><D127/><U87/><E81/><V124/><F120/><W73/><G126/><T105/><D34/><U39/><E39/><V16/><F26/><W94/><G109/><T85/><D21/><U48/><REACH who="1" step="1"/><E56/><REACH who="1" ten="250,240,250,250" step="2"/><V125/><F124/><W115/><G80/><T122/><D122/><U69/><E69/><V123/><F123/><W15/><G36/><T128/><D105/><U102/><E102/><N who="0" m="38921" /><D40/><U55/><E55/><V79/><F125/><W84/><G42/><T132/><D132/><U98/><E98/><V41/><F96/><W14/><G115/><T1/><D4/><U111/><E111/><V99/><F7/><W20/><G73/><T45/><D45/><U114/><E114/><V0/><F43/><W86/><G86/><T93/><D83/><U88/><E88/><V17/><F90/><W53/><G2/><AGARI ba="0,1" hai="1,2,3,28,31,85,91,93,128,129,131" m="38921" machi="2" ten="40,7700,0" yaku="19,1,52,2" doraHai="25" who="0" fromWho="3" sc="250,87,240,0,250,0,250,-77" /><INIT seed="0,1,0,1,1,86" ten="337,240,250,173" oya="0" hai0="60,78,1,54,4,110,121,83,73,32,91,109,30" hai1="48,39,63,33,130,111,41,105,126,42,36,66,38" hai2="92,50,100,62,23,99,94,57,93,21,97,128,64" hai3="5,115,35,7,122,117,119,51,80,81,124,82,84"/><T10/><D121/><U67/><E105/><V27/><F128/><W98/><G115/><T26/><D54/><U85/><E33/><V129/><F129/><W75/><G35/><T135/><D135/><U116/><E85/><V101/><F92/><W102/><G75/><T127/><D127/><U72/><E130/><V74/><F74/><W132/><G51/><T113/><D113/><U31/><E31/><V19/><F23/><W88/><G7/><T49/><D49/><AGARI ba="1,0" hai="19,21,27,49,50,57,62,64,93,94,97,99,100,101" machi="49" ten="40,2600,0" yaku="9,1,8,1" doraHai="86" who="2" fromWho="0" sc="337,-29,240,0,250,29,173,0" /><INIT seed="1,0,0,0,1,12" ten="308,240,279,173" oya="1" hai0="115,109,20,11,22,110,18,116,42,108,32,135,74" hai1="59,45,5,101,117,104,62,79,56,80,134,126,44" hai2="65,127,29,111,96,93,34,35,102,67,23,130,55" hai3="24,39,99,78,122,83,82,125,52,98,38,81,94"/><U41/><E117/><V131/><F111/><W68/><G122/><T107/><D107/><U49/><E126/><V21/><F127/><W30/><G68/><T86/><D135/><U43/><E134/><V46/><F67/><W71/><G71/><T64/><D74/><U84/><E5/><V0/><F0/><W28/><G125/><T40/><D115/><U27/><E27/><N who="2" m="16639" /><F21/><N who="0" m="8298" /><D32/><U75/><E75/><V47/><F65/><W124/><G124/><T33/><D33/><N who="2" m="12298" /><F55/><W73/><G73/><T119/><D64/><U66/><E104/><V51/><F51/><W70/><G70/><T10/><D86/><U95/><E59/><V26/><F26/><W76/><G24/><T57/><D57/><U133/><E133/><V25/><F25/><W9/><G82/><T89/><D89/><U77/><E77/><V69/><F69/><W48/><G9/><N who="0" m="3083" /><D18/><U37/><E95/><V88/><F102/><W1/><G94/><T14/><D14/><U6/><E6/><V121/><F121/><W31/><G31/><T100/><D100/><U3/><REACH who="1" step="1"/><E101/><REACH who="1" ten="308,230,279,173" step="2"/><V13/><F13/><W19/><G1/><AGARI ba="0,1" hai="1,3,37,41,43,44,45,49,56,62,66,79,80,84" machi="1" ten="40,7700,0" yaku="1,1,2,1,53,1" doraHai="12" doraHaiUra="58" who="1" fromWho="3" sc="308,0,230,87,279,0,173,-77" /><INIT seed="1,1,0,2,3,6" ten="308,317,279,96" oya="1" hai0="42,101,59,37,134,20,113,58,13,115,96,26,63" hai1="33,14,105,108,34,89,64,9,29,112,15,39,47" hai2="24,128,124,80,17,66,70,75,67,57,8,72,84" hai3="125,88,85,116,94,135,107,114,5,104,52,103,91"/><U49/><E105/><V95/><F124/><W43/><G114/><T7/><D134/><U30/><E39/><V40/><F70/><W129/><G125/><T133/><D133/><U32/><E112/><V120/><F120/><W126/><G135/><T131/><D131/><U46/><E108/><V68/><F68/><W31/><G126/><T123/><D123/><U36/><E64/><V74/><F40/><W111/><G129/><T50/><D37/><U132/><E132/><V69/><F69/><W65/><G111/><T98/><D98/><U92/><E36/><V93/><F128/><W16/><G116/><T12/><D42/><U25/><E14/><V127/><F127/><W35/><G65/><T38/><D38/><U81/><E81/><V51/><F67/><W78/><G43/><T71/><D71/><U62/><E62/><V79/><F51/><W73/><G5/><T121/><D7/><U56/><E56/><V61/><F24/><W3/><G3/><T117/><D12/><U118/><E118/><V2/><F2/><W110/><G110/><T28/><D13/><U102/><E102/><V21/><F21/><W22/><G31/><T1/><D1/><U27/><E49/><V87/><F87/><N who="3" m="52511" /><G35/><T55/><D117/><U109/><E34/><V77/><F79/><W0/><G0/><T119/><D119/><U97/><E109/><V60/><F60/><W130/><G130/><T44/><D121/><U48/><E48/><V10/><F17/><AGARI ba="1,0" hai="9,15,17,25,27,29,30,32,33,46,47,89,92,97" machi="17" ten="30,5800,0" yaku="7,1,9,1,52,1" doraHai="6" who="1" fromWho="2" sc="308,0,317,61,279,-61,96,0" /><INIT seed="1,2,0,2,1,120" ten="308,378,218,96" oya="1" hai0="107,117,15,52,35,116,19,80,18,77,22,48,115" hai1="100,32,28,60,39,3,114,53,38,135,27,33,40" hai2="130,127,2,74,124,43,67,72,58,73,5,91,47" hai3="65,79,0,83,132,20,112,69,85,25,12,23,134"/><U110/><E114/><V30/><F30/><W118/><G0/><T50/><D35/><U37/><E3/><V81/><F130/><W42/><G112/><T90/><D115/><U13/><E135/><V59/><F5/><W113/><G113/><T123/><D123/><U16/><E40/><V126/><F2/><W84/><G118/><T121/><D121/><U55/><E33/><V45/><F45/><W56/><G69/><T88/><D107/><U7/><E7/><V125/><N who="2" m="31744" /><DORA hai="103" /><V21/><F21/><W97/><G42/><T71/><D71/><U93/><E60/><V6/><F6/><W26/><G12/><T89/><D48/><U133/><E133/><N who="3" m="51306" /><G85/><N who="0" m="48271" /><D117/><U41/><E41/><V17/><F17/><N who="3" m="12431" /><G97/><T8/><D116/><U98/><REACH who="1" step="1"/><E110/><REACH who="1" ten="308,368,218,96" step="2"/><V36/><F67/><W1/><G1/><T49/><D52/><U104/><E104/><V75/><F43/><W102/><G65/><T63/><D63/><U66/><E66/><V34/><F34/><W68/><G68/><T86/><D50/><U4/><E4/><V10/><F36/><W94/><G56/><T24/><D49/><U95/><E95/><AGARI ba="2,1" hai="8,15,18,19,22,24,86,88,89,90,95" m="48271" machi="95" ten="30,2000,0" yaku="8,1,54,1" doraHai="120,103" who="0" fromWho="1" sc="308,36,368,-26,218,0,96,0" /><INIT seed="2,0,0,5,3,120" ten="344,342,218,96" oya="2" hai0="93,125,68,49,41,14,100,128,112,52,67,45,108" hai1="109,56,23,74,24,2,123,75,110,66,42,90,27" hai2="118,34,104,26,64,8,21,25,113,59,63,81,11" hai3="7,9,88,107,79,122,47,70,53,76,135,106,95"/><V92/><F104/><W65/><G122/><T39/><D108/><N who="1" m="41579" /><E123/><V119/><F113/><W57/><G135/><T105/><D112/><U33/><E2/><V132/><F132/><W48/><G70/><T80/><D105/><U115/><E115/><V71/><F71/><W126/><G126/><T87/><D125/><U0/><E0/><V10/><F34/><W46/><G107/><T60/><D128/><U31/><E42/><V97/><F81/><W77/><G106/><T102/><D14/><U91/><E56/><V17/><REACH who="2" step="1"/><F26/><REACH who="2" ten="344,342,208,96" step="2"/><W28/><G65/><T35/><D35/><U18/><E66/><V116/><F116/><W22/><G22/><T13/><D93/><U101/><E101/><AGARI ba="0,1" hai="8,10,11,17,21,25,59,63,64,92,97,101,118,119" machi="101" ten="40,2000,0" yaku="1,1,53,0" doraHai="120" doraHaiUra="1" who="2" fromWho="1" sc="344,0,342,-20,208,30,96,0" /><INIT seed="2,1,0,0,2,120" ten="344,322,238,96" oya="2" hai0="58,65,41,75,37,124,129,76,39,87,66,1,49" hai1="25,133,13,16,113,86,115,78,97,100,121,89,15" hai2="91,117,118,90,20,18,9,42,134,48,111,67,128" hai3="72,7,38,68,73,84,77,119,10,30,51,88,0"/><V112/><F112/><W114/><G119/><T32/><D1/><U101/><E121/><V4/><F128/><W31/><G38/><T61/><D32/><U3/><E3/><V122/><F122/><W14/><G114/><T109/><D75/><U5/><E133/><V105/><F105/><W27/><G68/><T116/><D87/><U6/><E115/><V35/><F35/><W123/><G123/><T47/><D76/><U28/><E78/><V64/><F134/><W79/><G73/><T24/><D24/><U127/><E127/><V70/><F70/><W45/><G0/><T95/><D95/><N who="1" m="58431" /><E101/><V62/><F62/><W106/><G106/><T44/><D124/><U54/><E54/><V52/><F42/><W55/><G72/><T110/><D116/><U98/><E98/><V60/><F60/><W99/><G99/><T43/><D129/><U126/><E126/><V83/><F64/><N who="0" m="24682" /><D37/><U33/><E113/><V85/><F67/><AGARI ba="1,0" hai="39,41,43,44,47,49,58,61,67,109,110" m="24682" machi="67" ten="30,7700,0" yaku="34,2,52,2" doraHai="120" who="0" fromWho="2" sc="344,80,322,0,238,-80,96,0" /><INIT seed="3,0,0,0,5,121" ten="424,322,158,96" oya="3" hai0="106,83,52,134,79,105,11,96,51,30,6,3,91" hai1="85,70,116,68,50,135,84,89,46,132,4,130,74" hai2="104,73,22,63,17,128,44,77,29,19,10,80,21" hai3="88,111,5,49,97,1,120,26,38,53,42,99,95"/><W7/><G120/><T8/><D8/><U103/><E74/><V59/><F104/><W76/><G76/><T43/><D134/><N who="1" m="51243" /><E130/><V40/><F128/><W125/><G125/><T86/><D43/><N who="1" m="24927" /><E116/><V47/><F29/><W64/><G64/><T2/><D2/><U36/><E36/><V39/><F44/><N who="3" m="25751" /><G1/><T126/><D30/><U92/><E4/><N who="3" m="1610" /><G38/><T98/><D126/><U33/><E33/><V93/><F10/><W48/><G111/><T66/><D66/><U28/><E28/><V65/><REACH who="2" step="1"/><F93/><REACH who="2" ten="424,322,148,96" step="2"/><N who="3" m="56487" /><G26/><T117/><D105/><U12/><E103/><V107/><F107/><W61/><G61/><T127/><D106/><U57/><E70/><V15/><F15/><W27/><G27/><T62/><D62/><U75/><E12/><V115/><F115/><W25/><G25/><T114/><D114/><U122/><E68/><V113/><F113/><W13/><G13/><T131/><D131/><U35/><E35/><V31/><F31/><W72/><G72/><T108/><D127/><U78/><E122/><V94/><F94/><W119/><G119/><T55/><D108/><U118/><E118/><V58/><F58/><N who="3" m="33063" /><G95/><T41/><D117/><U69/><E69/><V16/><AGARI ba="0,1" hai="16,17,19,21,22,39,40,47,59,63,65,73,77,80" machi="16" ten="30,4000,0" yaku="1,1,0,1,54,1,53,0" doraHai="121" doraHaiUra="0" who="2" fromWho="2" sc="424,-10,322,-10,148,50,96,-20" owari="414,51.0,312,11.0,198,-20.0,76,-42.0" /></mjloggm>