<mjloggm ver="2.3"><GO type="169" lobby="0"/><UN n0="%E5%B0%B1%E6%B4%BB%E7%94%9F%40%E5%B7%9D%E6%9D%91%E8%BB%8D%E5%9B%A3" n1="%74%2E%61%2E%6B%2E" n2="%E3%82%A8%E3%83%88%E3%81%BA%E3%83%B3" n3="%E3%83%98%E3%82%AF%E3%82%B5%E3%83%BC" dan="16,16,16,18" rate="2046.24,2066.12,2155.75,2265.67" sx="M,M,F,M"/><TAIKYOKU oya="0"/><INIT seed="0,0,0,1,5,46" ten="250,250,250,250" oya="0" hai0="6,39,89,53,14,114,83,21,28,78,135,40,75" hai1="61,44,95,90,34,25,60,18,66,71,81,50,109" hai2="132,2,30,133,123,112,103,72,48,98,5,74,69" hai3="76,49,102,59,54,116,1,130,35,57,11,15,73"/><T106/><D114/><U104/><E109/><V91/><F69/><W27/><G116/><T86/><D135/><N who="2" m="51786" /><F123/><W47/><G130/><T8/><D106/><U64/><E104/><N who="2" m="63607" /><F112/><W80/><G1/><T82/><D40/><U84/><E34/><V67/><F67/><W93/><G35/><T32/><D39/><U129/><E129/><V77/><F30/><W16/><REACH who="3" step="1"/><G27/><REACH who="3" ten="250,250,250,240" step="2"/><T29/><D32/><U115/><E115/><V0/><F0/><W62/><G62/><T125/><D125/><U23/><E71/><V120/><F120/><W88/><G88/><T110/><D110/><U20/><E61/><V3/><F3/><W111/><G111/><T126/><D126/><U7/><E60/><V38/><F91/><W31/><G31/><T134/><D134/><U9/><E81/><V24/><F24/><W19/><G19/><T45/><REACH who="0" step="1"/><D21/><REACH who="0" ten="240,250,250,240" step="2"/><U56/><E23/><V85/><F38/><W96/><AGARI ba="0,2" hai="11,15,16,47,49,54,57,59,73,76,80,93,96,102" machi="96" ten="30,8000,1" yaku="1,1,0,1,52,1,54,1,53,1" doraHai="46" doraHaiUra="13" who="3" fromWho="3" sc="240,-40,250,-20,250,-20,240,100" /><INIT seed="1,0,0,3,5,48" ten="200,230,230,340" oya="1" hai0="115,67,86,16,9,6,33,66,92,50,118,106,26" hai1="38,3,20,133,76,32,19,62,25,122,15,1,23" hai2="100,129,0,68,71,63,51,36,83,112,18,55,13" hai3="11,91,102,34,114,95,101,31,103,49,134,5,123"/><U41/><E76/><V14/><F0/><N who="1" m="73" /><E62/><V12/><F36/><W21/><G114/><T37/><D106/><U130/><E41/><V47/><F112/><W88/><G34/><T57/><D115/><U78/><E78/><V117/><F117/><W22/><G123/><T96/><D37/><U17/><E38/><V116/><F116/><W75/><G75/><T73/><D118/><U126/><E122/><V28/><F28/><W128/><G31/><T93/><D73/><U45/><E45/><V124/><F100/><W90/><G95/><T27/><D86/><U125/><E133/><V81/><F71/><W59/><G134/><T98/><D33/><U132/><E132/><V135/><F135/><W121/><G121/><T70/><D70/><U72/><E72/><V65/><F83/><W110/><G49/><T8/><D50/><U44/><E44/><V108/><F81/><W56/><G56/><T35/><D35/><U42/><E42/><V111/><F129/><W84/><G128/><T127/><D57/><U77/><E77/><V52/><F124/><N who="1" m="47721" /><E32/><V24/><F55/><W58/><G58/><T4/><REACH who="0" step="1"/><D127/><REACH who="0" ten="190,230,230,340" step="2"/><U30/><E130/><V53/><F53/><W10/><G59/><T61/><D61/><U82/><E82/><V69/><F69/><W54/><G54/><T120/><D120/><U105/><E105/><V43/><F43/><W2/><G84/><T60/><D60/><U94/><E94/><V104/><F104/><W89/><N who="3" m="23040" /><DORA hai="107" /><W109/><G10/><T79/><D79/><U64/><E64/><V99/><F99/><W46/><G46/><RYUUKYOKU ba="0,1" sc="190,0,230,0,230,0,340,0" hai0="4,6,8,9,16,26,27,66,67,92,93,96,98" hai1="15,17,19,20,23,25,30" hai2="12,13,14,18,24,47,51,52,63,65,68,108,111" hai3="2,5,11,21,22,101,102,103,109,110" /><INIT seed="1,1,1,4,4,46" ten="190,230,230,340" oya="1" hai0="84,11,77,123,124,25,73,15,76,69,33,54,31" hai1="61,12,115,13,135,92,48,4,32,3,104,37,9" hai2="7,132,2,100,10,63,94,126,117,24,70,71,43" hai3="96,99,18,79,17,80,119,114,68,129,72,41,106"/><U56/><E37/><V105/><F117/><W62/><G119/><T39/><D73/><U82/><E104/><V125/><F132/><W118/><G118/><T88/><D39/><U45/><E32/><V5/><F105/><W122/><G114/><T89/><D69/><U42/><E135/><V75/><F75/><W109/><G122/><T6/><D123/><U30/><E30/><V90/><F100/><W120/><G120/><T91/><D124/><N who="2" m="47722" /><F43/><W27/><G129/><T8/><D84/><U47/><E115/><V74/><F74/><W67/><G109/><T102/><D102/><U130/><E130/><V19/><F63/><W0/><G0/><T29/><D29/><U44/><E12/><V26/><F5/><W107/><G41/><T52/><REACH who="0" step="1"/><D11/><REACH who="0" ten="180,230,230,340" step="2"/><U78/><E3/><V53/><F2/><W128/><G128/><T86/><D86/><N who="1" m="48471" /><E92/><V66/><F71/><W36/><G36/><T83/><D83/><U40/><E42/><V51/><F70/><W20/><G107/><T34/><D34/><U64/><AGARI ba="1,2" hai="4,9,13,40,44,45,47,48,56,61,64" m="48471" machi="64" ten="30,6000,0" yaku="25,1,8,1,52,1" doraHai="46" who="1" fromWho="1" sc="180,-21,230,83,230,-21,340,-21" /><INIT seed="1,2,0,3,3,98" ten="159,313,209,319" oya="1" hai0="43,48,41,61,17,26,16,35,13,33,77,126,68" hai1="42,39,119,51,80,118,85,96,37,36,56,122,109" hai2="27,115,8,135,2,64,125,120,32,75,22,105,72" hai3="12,127,44,4,81,113,18,58,60,9,117,28,29"/><U97/><E122/><V130/><RYUUKYOKU type="yao9" ba="2,0" sc="159,0,313,0,209,0,319,0" hai2="2,8,22,27,32,64,72,75,105,115,120,125,130,135" /><INIT seed="1,3,0,2,4,77" ten="159,313,209,319" oya="1" hai0="113,79,17,61,131,18,99,133,51,128,67,50,78" hai1="93,120,15,44,23,90,85,41,4,65,3,29,114" hai2="14,72,63,105,81,6,74,5,108,127,37,32,40" hai3="39,129,89,126,20,69,16,107,130,10,38,106,71"/><U56/><E114/><V110/><F32/><W36/><G10/><T135/><D99/><U58/><E120/><V27/><F105/><N who="3" m="39947" /><G89/><T125/><D61/><U134/><E134/><N who="0" m="51209" /><D67/><U31/><E3/><V112/><F112/><W73/><G73/><T28/><D28/><N who="1" m="10827" /><E65/><V9/><F27/><W57/><G57/><T25/><D25/><U54/><E41/><V7/><F63/><W70/><G20/><T66/><D66/><U48/><E23/><V45/><F74/><W122/><G16/><N who="0" m="6251" /><D113/><U91/><E90/><V119/><F119/><W87/><G122/><T116/><D116/><U86/><E86/><V13/><F13/><W84/><G84/><T0/><D0/><U30/><N who="1" m="10835" /><U123/><DORA hai="26" /><E123/><V59/><F72/><W76/><G87/><T83/><D125/><U12/><E12/><V1/><F127/><W53/><G126/><T8/><D8/><AGARI ba="3,0" hai="4,8,15,44,48,54,56,58,85,91,93" m="10835" machi="8" ten="30,12000,1" yaku="8,1,52,4" doraHai="77,26" who="1" fromWho="0" sc="159,-129,313,129,209,0,319,0" /><INIT seed="1,4,0,2,5,77" ten="30,442,209,319" oya="1" hai0="111,99,113,119,116,110,118,1,135,74,88,48,97" hai1="59,117,40,128,12,120,63,90,82,23,39,98,105" hai2="26,78,11,29,70,81,106,3,13,127,25,33,38" hai3="43,17,101,80,133,32,56,112,45,91,130,85,79"/><U92/><E117/><N who="0" m="29953" /><T15/><DORA hai="64" /><D1/><U60/><E120/><V58/><F127/><W54/><G32/><T124/><D48/><U31/><E105/><V76/><F106/><W52/><G112/><T21/><D15/><U30/><E39/><V62/><F38/><W18/><G133/><T50/><D21/><U24/><E40/><V34/><F3/><W27/><G130/><T68/><D68/><U96/><E12/><V37/><F37/><W28/><G101/><T2/><D2/><U41/><E41/><V114/><F114/><W65/><G65/><T57/><D74/><U84/><E128/><V126/><F126/><W115/><G115/><T73/><D73/><U104/><E104/><V36/><F36/><W134/><G43/><T51/><D57/><U107/><E107/><V125/><F125/><W69/><G134/><T102/><D51/><U7/><E7/><V16/><F70/><W100/><G100/><T132/><D50/><U67/><E63/><V122/><F58/><W93/><G69/><T49/><D49/><U66/><E98/><N who="0" m="37385" /><D113/><U129/><E129/><V10/><F62/><N who="3" m="36103" /><G45/><T103/><D124/><U5/><E5/><V20/><F33/><W19/><G54/><T4/><D4/><U131/><E131/><V46/><F46/><W72/><G28/><T89/><D103/><N who="1" m="60807" /><E31/><V83/><F29/><W71/><G71/><T94/><D102/><U95/><E95/><V47/><F34/><W8/><G8/><T42/><D42/><U87/><E87/><V35/><F35/><W123/><G72/><T55/><D55/><AGARI ba="4,0" hai="23,24,30,55,59,60,66,67,82,84,90" m="60807" machi="55" ten="30,2900,0" yaku="8,1,52,1" doraHai="77,64" who="1" fromWho="0" sc="30,-41,442,41,209,0,319,0" owari="-11,-51.0,483,58.0,209,-19.0,319,12.0" /></mjloggm>