<mjloggm ver="2.3"><GO type="97" lobby="0"/><UN n0="%6E%6F%69%72%39%39%39%39" n1="%E3%83%8A%E3%83%84%E3%82%AB%E3%83%AF" n2="%E5%B0%B1%E6%B4%BB%E7%94%9F%40%E5%B7%9D%E6%9D%91%E8%BB%8D%E5%9B%A3" n3="%E3%82%8C%E3%81%8A%E3%81%97%E3%82%87%E3%81%86" dan="14,16,15,13" rate="1953.29,2050.66,1972.43,1857.57" sx="M,M,M,M"/><TAIKYOKU oya="0"/><INIT seed="0,0,0,2,5,68" ten="250,250,250,250" oya="0" hai0="125,50,35,47,79,58,130,14,52,29,132,101,46" hai1="87,111,15,8,2,67,83,109,73,41,89,84,12" hai2="119,1,43,10,44,106,53,64,123,112,117,96,78" hai3="30,114,60,6,85,71,28,113,22,39,91,3,94"/><T31/><D125/><U76/><E2/><V63/><F123/><W110/><G110/><N who="1" m="41994" /><E67/><V20/><F112/><W77/><G77/><T33/><D130/><U45/><E89/><V57/><F78/><W133/><G133/><T42/><D132/><U4/><E15/><V115/><F20/><W69/><G69/><T122/><D122/><U38/><AGARI ba="0,0" hai="4,8,12,38,41,45,73,76,83,84,87" m="41994" machi="38" ten="30,2000,0" yaku="14,1,52,1" doraHai="68" who="1" fromWho="1" sc="250,-10,250,20,250,-5,250,-5" /><INIT seed="1,0,0,0,3,111" ten="240,270,245,245" oya="1" hai0="31,96,50,94,123,30,42,23,84,70,3,28,63" hai1="81,88,112,132,113,20,107,37,18,80,122,71,58" hai2="110,97,40,4,59,104,126,21,67,133,93,60,74" hai3="75,13,95,66,102,125,12,121,36,82,8,129,35"/><U92/><E107/><V56/><F110/><W87/><G121/><T1/><D123/><U25/><E71/><V9/><F104/><W103/><G35/><T101/><D84/><U77/><E122/><V69/><F74/><W32/><G32/><T130/><D130/><U57/><E37/><V65/><F126/><W16/><G129/><T76/><D76/><U68/><E68/><V17/><F133/><W47/><G125/><T27/><D42/><U33/><E33/><V34/><F34/><W10/><G75/><T128/><D128/><U116/><E116/><V29/><F40/><W26/><G26/><T2/><D50/><U6/><E6/><V117/><F29/><W49/><G36/><T73/><D73/><U108/><E108/><V109/><F109/><W100/><G66/><T134/><D134/><U118/><E118/><V43/><F43/><W106/><G95/><T83/><D83/><N who="1" m="31819" /><E113/><V85/><F85/><W53/><G106/><T91/><D91/><U124/><E112/><V62/><F117/><W55/><G55/><T24/><D24/><U64/><E77/><V45/><F45/><W99/><G99/><T51/><D51/><U39/><E39/><V119/><F119/><W135/><G135/><T131/><D131/><U52/><E132/><V78/><F78/><N who="3" m="46551" /><G103/><T127/><D127/><U48/><E124/><V14/><F69/><W46/><G46/><T72/><D72/><U86/><E64/><V44/><F44/><AGARI ba="0,0" hai="18,20,25,44,48,52,57,58,86,88,92" m="31819" machi="44" ten="30,5800,0" yaku="8,1,54,2" doraHai="111" who="1" fromWho="2" sc="240,0,270,58,245,-58,245,0" /><INIT seed="1,1,0,5,0,33" ten="240,328,187,245" oya="1" hai0="102,121,79,98,48,37,26,129,22,112,127,61,65" hai1="36,116,44,113,84,111,15,107,91,34,120,130,7" hai2="86,103,60,131,109,20,124,19,96,82,71,87,21" hai3="1,56,133,58,117,70,106,115,39,45,5,90,81"/><U78/><E113/><V110/><F124/><W114/><G133/><T122/><D112/><U89/><E116/><V0/><F131/><W105/><G70/><T85/><D37/><U80/><E34/><V3/><F71/><W8/><G117/><T74/><D74/><U125/><E107/><V28/><F60/><W134/><G134/><T126/><D129/><U46/><E130/><V2/><F28/><W18/><G18/><T128/><D128/><U63/><E120/><N who="0" m="46185" /><D48/><U40/><E125/><N who="0" m="47625" /><D85/><N who="2" m="32266" /><F19/><W68/><G68/><T83/><D83/><U29/><E80/><V27/><F27/><W100/><G100/><T62/><D79/><U25/><E78/><V53/><F53/><W16/><G115/><T77/><D77/><U11/><E63/><V54/><F54/><W9/><G114/><T132/><D132/><U94/><E46/><V92/><F82/><W4/><G105/><N who="0" m="63703" /><D65/><U55/><E36/><V50/><F50/><W35/><G106/><T17/><AGARI ba="1,0" hai="17,22,26,61,62" m="63703,47625,46185" machi="17" ten="30,2000,0" yaku="13,1,18,1" doraHai="33" who="0" fromWho="0" sc="240,23,328,-11,187,-6,245,-6" /><INIT seed="2,0,0,0,4,106" ten="263,317,181,239" oya="2" hai0="96,90,119,3,38,30,47,105,89,103,63,120,51" hai1="45,111,126,108,68,64,21,95,8,110,134,128,52" hai2="135,78,94,0,16,37,50,81,129,35,99,13,26" hai3="10,114,71,85,80,54,87,12,117,132,113,104,131"/><V130/><F37/><W58/><G104/><T107/><D120/><U24/><E126/><V115/><F0/><W53/><G71/><T79/><D3/><U92/><E128/><N who="2" m="49259" /><F115/><N who="3" m="44043" /><G117/><T62/><D38/><U22/><E134/><V73/><F135/><W86/><G132/><T124/><D124/><U123/><E123/><V36/><F36/><W59/><G131/><T65/><D119/><U116/><E116/><V41/><F35/><W118/><G118/><T43/><D79/><U55/><E22/><N who="2" m="11535" /><F26/><W23/><G23/><T25/><D107/><U44/><E8/><V97/><F94/><W125/><G125/><T61/><REACH who="0" step="1"/><D65/><REACH who="0" ten="253,317,181,239" step="2"/><U98/><E64/><V6/><F6/><N who="3" m="3159" /><G80/><T11/><D11/><U29/><E95/><V49/><F41/><W40/><G40/><T66/><D66/><U57/><E92/><V5/><F5/><W70/><G70/><T2/><D2/><U102/><E68/><V39/><F39/><W14/><G14/><T100/><D100/><U27/><E102/><V48/><AGARI ba="0,1" hai="48,49,50,73,78,81,97,99" m="11535,49259" machi="48" ten="30,6000,0" yaku="19,1,52,1,54,1" doraHai="106" who="2" fromWho="2" sc="253,-20,317,-20,181,70,239,-20" /><INIT seed="2,1,0,5,3,80" ten="233,297,251,219" oya="2" hai0="31,91,81,125,111,50,14,94,55,86,54,104,78" hai1="10,70,65,34,129,71,105,59,123,56,89,108,114" hai2="124,40,16,28,134,51,32,79,82,12,72,77,36" hai3="90,127,97,1,41,19,133,110,18,95,58,13,120"/><V98/><F124/><W7/><G120/><T6/><D104/><U25/><E114/><V103/><F134/><W62/><G133/><T106/><D106/><U126/><E105/><V117/><F117/><W109/><G127/><T64/><D125/><U15/><E126/><V93/><F36/><W2/><G41/><T102/><D111/><N who="3" m="42505" /><G7/><T107/><D31/><U61/><E108/><V122/><F122/><W5/><G5/><T112/><D112/><U88/><E129/><V131/><F131/><W33/><G33/><T68/><D68/><U48/><E71/><V84/><F32/><W22/><G19/><T87/><D64/><AGARI ba="1,0" hai="1,2,13,18,22,58,62,64,90,95,97" m="42505" machi="64" ten="30,1000,0" yaku="14,1" doraHai="80" who="3" fromWho="0" sc="233,-13,297,0,251,0,219,13" /><INIT seed="3,0,0,3,2,37" ten="220,297,251,232" oya="3" hai0="94,112,102,41,34,35,87,114,32,0,19,79,128" hai1="14,90,97,36,106,62,27,66,7,117,72,20,92" hai2="127,93,119,2,78,46,9,80,132,109,63,85,54" hai3="116,75,39,108,123,86,13,57,11,65,69,15,131"/><W25/><G116/><T126/><D0/><U61/><E36/><V68/><F119/><W71/><G123/><T28/><D28/><N who="1" m="17511" /><E72/><V24/><F127/><W51/><G75/><T95/><D126/><U40/><E40/><V6/><F132/><W103/><G39/><T50/><D128/><U48/><E106/><V134/><F134/><W12/><G131/><T56/><D19/><U98/><E48/><V124/><F124/><W33/><G108/><T74/><D74/><U26/><E26/><V89/><F109/><W76/><G103/><T133/><D133/><U17/><E7/><V1/><F1/><W105/><G105/><T88/><D79/><U101/><E101/><V4/><F4/><W22/><G33/><T73/><D73/><U82/><E82/><V113/><F113/><N who="0" m="43626" /><D102/><U129/><E129/><V31/><F68/><W43/><G71/><T83/><D56/><N who="1" m="37159" /><E62/><V125/><F125/><W81/><G69/><T64/><D64/><U5/><E5/><V59/><F46/><AGARI ba="0,0" hai="32,34,35,41,46,50,83,87,88,94,95" m="43626" machi="46" ten="40,5200,0" yaku="11,1,52,1,54,1" doraHai="37" who="0" fromWho="2" sc="220,52,297,0,251,-52,232,0" /><INIT seed="4,0,0,1,4,102" ten="272,297,199,232" oya="0" hai0="0,111,72,21,87,74,57,66,40,36,92,75,70" hai1="82,120,29,12,125,106,129,34,116,44,7,16,14" hai2="3,56,88,91,39,25,63,8,51,135,65,28,100" hai3="130,69,11,105,104,107,20,31,59,108,26,58,68"/><T97/><D0/><U46/><E106/><V93/><F39/><W79/><G79/><T77/><D70/><U67/><E120/><V73/><F73/><W62/><G108/><T6/><D111/><U85/><E116/><V48/><F135/><W47/><G130/><T126/><D126/><U24/><E67/><V81/><F3/><W49/><G59/><T112/><D112/><U71/><E71/><V119/><F119/><W118/><G11/><T96/><D6/><U19/><E7/><V99/><F8/><W37/><G37/><T61/><D36/><U23/><E125/><V84/><REACH who="2" step="1"/><F91/><REACH who="2" ten="272,297,189,232" step="2"/><W54/><REACH who="3" step="1"/><G118/><REACH who="3" ten="272,297,189,222" step="2"/><T50/><D75/><U64/><E129/><V45/><F45/><W127/><G127/><T131/><D74/><U27/><E46/><V5/><F5/><W76/><G76/><T55/><D72/><U41/><E44/><V89/><F89/><W78/><G78/><T90/><D131/><U86/><E41/><AGARI ba="0,2" hai="20,26,31,41,47,49,54,58,62,68,69,104,105,107" machi="41" ten="40,8000,1" yaku="1,1,52,3,53,0" doraHai="102" doraHaiUra="133" who="3" fromWho="1" sc="272,0,297,-80,189,0,222,100" owari="272,7.0,217,-18.0,189,-31.0,322,42.0" /></mjloggm>