<mjloggm ver="2.3"><GO type="97" lobby="0"/><UN n0="%E3%83%81%E3%83%BC%E6%95%A3%E6%AD%A9" n1="%E5%B0%B1%E6%B4%BB%E7%94%9F%40%E5%B7%9D%E6%9D%91%E8%BB%8D%E5%9B%A3" n2="%67%65%6D" n3="%68%65%6A%69%61%6E" dan="15,14,14,13" rate="1959.59,1979.46,1932.45,1864.30" sx="M,M,F,M"/><TAIKYOKU oya="0"/><INIT seed="0,0,0,2,4,101" ten="250,250,250,250" oya="0" hai0="76,131,12,19,107,62,33,124,47,24,97,13,14" hai1="57,31,106,100,50,91,112,114,127,86,28,89,71" hai2="66,95,115,0,133,110,41,55,40,8,59,67,81" hai3="29,53,84,9,92,46,117,72,87,49,74,135,7"/><T37/><D131/><U17/><E71/><V96/><F115/><N who="1" m="44073" /><E127/><V4/><F133/><W94/><G117/><T38/><D124/><U99/><E17/><V39/><F110/><W130/><G29/><N who="1" m="11338" /><E86/><V122/><F122/><W32/><G32/><T48/><D33/><U16/><E16/><V63/><F81/><W3/><G135/><T88/><D76/><U111/><E111/><V5/><F5/><W69/><G130/><T129/><D129/><U79/><E79/><V51/><F39/><W18/><G69/><T60/><D38/><U61/><E50/><V52/><F55/><AGARI ba="0,0" hai="55,57,61,89,91,99,100,106" m="11338,44073" machi="55" ten="30,2000,0" yaku="11,1,52,1" doraHai="101" who="1" fromWho="2" sc="250,0,250,20,250,-20,250,0" /><INIT seed="1,0,0,4,3,88" ten="250,270,230,250" oya="1" hai0="9,52,128,20,98,60,56,55,38,111,14,66,11" hai1="133,117,82,127,50,101,0,114,94,112,84,13,16" hai2="35,12,132,70,126,23,53,92,57,104,39,76,33" hai3="78,49,51,36,37,86,29,85,69,25,28,10,45"/><U107/><E0/><V89/><F104/><W72/><G69/><T110/><D128/><U64/><E117/><V97/><F70/><W65/><G65/><T67/><D38/><U99/><E127/><V103/><F39/><W119/><G10/><N who="0" m="3595" /><D98/><U4/><E133/><V3/><F3/><W26/><G45/><T8/><D20/><U122/><E4/><V5/><F132/><W83/><G119/><T24/><D24/><U129/><E129/><V134/><F134/><W46/><G46/><T130/><D130/><U102/><E122/><V124/><F76/><W61/><G83/><T2/><D2/><U81/><E81/><V115/><F115/><W62/><G78/><T68/><D67/><U54/><E64/><V116/><F116/><W74/><AGARI ba="0,0" hai="25,26,28,29,36,37,49,51,61,62,72,74,85,86" machi="74" ten="25,3200,0" yaku="0,1,22,2" doraHai="88" who="3" fromWho="3" sc="250,-8,270,-16,230,-8,250,32" /><INIT seed="2,0,0,4,4,109" ten="242,254,222,282" oya="2" hai0="0,71,116,128,75,117,56,37,20,91,54,10,41" hai1="108,77,28,95,124,23,134,94,46,16,133,113,62" hai2="24,55,103,1,73,6,63,85,51,84,70,89,35" hai3="102,105,132,11,112,57,67,45,31,93,33,52,4"/><V88/><F73/><W36/><G105/><T68/><D75/><U74/><E108/><V131/><F131/><W86/><G67/><T87/><D128/><U125/><E28/><V22/><F35/><W121/><G121/><T53/><D20/><U120/><E120/><V3/><F103/><W90/><G102/><T2/><D41/><U21/><E21/><V80/><F6/><W129/><G129/><T43/><D43/><U42/><E62/><V123/><F123/><W104/><G104/><T65/><D37/><N who="1" m="21839" /><E77/><V98/><F98/><W47/><G36/><T135/><D135/><N who="1" m="51723" /><E74/><V72/><F72/><W59/><G132/><T110/><D56/><U18/><E18/><V114/><F114/><W69/><G69/><T38/><D38/><U34/><E113/><V100/><F100/><W17/><G59/><T40/><D53/><U111/><E34/><V119/><F119/><W127/><G31/><T66/><D91/><U99/><E111/><V7/><F7/><W96/><G33/><T101/><D87/><U39/><E39/><V9/><F9/><W61/><G86/><T79/><D54/><U82/><E82/><V5/><F5/><W81/><G81/><T50/><D110/><U60/><E60/><V27/><F27/><W83/><G83/><T15/><D101/><N who="1" m="60663" /><E95/><V64/><F85/><W107/><G107/><T126/><D117/><U115/><E115/><V12/><F89/><W118/><G112/><T30/><D116/><U106/><E106/><V48/><F48/><W14/><G118/><T97/><D50/><U8/><E8/><V122/><F122/><RYUUKYOKU ba="0,0" sc="242,-10,254,30,222,-10,282,-10" hai1="16,23,124,125" /><INIT seed="3,1,0,4,3,118" ten="232,284,212,272" oya="3" hai0="23,71,87,20,91,4,107,72,32,106,132,112,116" hai1="79,110,88,122,60,121,16,135,49,8,21,62,75" hai2="113,128,76,31,22,95,40,15,83,61,37,41,28" hai3="123,111,90,19,6,119,104,14,96,17,0,45,42"/><W84/><G119/><T73/><D71/><U103/><E103/><V74/><F113/><W120/><G0/><T65/><D116/><U36/><E36/><V18/><F128/><W109/><G104/><T2/><D65/><U130/><E75/><V131/><F131/><W43/><G96/><T100/><D32/><U46/><E79/><V34/><F95/><N who="3" m="54727" /><G45/><T89/><D4/><U50/><E130/><V86/><F37/><W80/><G80/><T5/><D5/><U66/><E8/><V108/><F108/><N who="3" m="41547" /><G6/><T63/><D2/><U126/><E110/><V10/><F34/><W30/><G30/><N who="2" m="11305" /><F74/><W85/><G85/><T29/><D87/><U129/><E129/><V94/><F94/><W102/><G102/><T77/><D100/><U105/><E105/><V48/><F61/><W67/><G67/><T3/><D63/><U64/><E46/><N who="2" m="25671" /><F41/><N who="3" m="15371" /><G14/><T26/><D3/><U124/><E60/><V101/><F101/><W47/><G47/><T33/><D112/><U38/><E62/><V93/><F93/><W134/><G134/><T13/><D132/><U54/><E38/><V70/><F70/><W59/><G59/><T117/><D13/><U51/><E64/><V125/><F125/><W44/><G44/><T133/><D133/><U115/><E66/><V58/><F58/><W99/><G99/><T57/><D57/><U12/><E124/><V114/><F114/><W97/><G97/><T11/><D117/><U82/><E126/><V53/><F53/><W39/><G39/><T92/><D92/><U35/><E135/><V56/><F56/><W98/><G98/><RYUUKYOKU ba="1,0" sc="232,-15,284,-15,212,15,272,15" hai2="10,15,18,22,76,83,86" hai3="17,19,120,123" /><INIT seed="3,2,0,4,3,124" ten="217,269,227,287" oya="3" hai0="58,115,45,71,33,56,2,52,114,88,92,5,133" hai1="13,105,38,120,66,99,122,9,80,26,55,0,111" hai2="18,35,6,94,64,102,79,75,119,82,1,12,91" hai3="22,60,118,44,53,131,132,68,87,51,117,106,134"/><W84/><G106/><T116/><D116/><N who="3" m="44649" /><G22/><T59/><D71/><U21/><E0/><V100/><F119/><W73/><G73/><T3/><D133/><N who="3" m="51305" /><G131/><T39/><D33/><U101/><E38/><V135/><F135/><W97/><G97/><N who="0" m="57479" /><D39/><U40/><E40/><V17/><F35/><W57/><G68/><T28/><D28/><U128/><E111/><V31/><F31/><W112/><G112/><N who="0" m="43051" /><D5/><U77/><E128/><V127/><F127/><W47/><G47/><T95/><D95/><U19/><E55/><AGARI ba="2,0" hai="44,51,53,55,57,60,84,87" m="51305,44649" machi="55" ten="30,1500,0" yaku="20,1" doraHai="124" who="3" fromWho="1" sc="217,0,269,-21,227,0,287,21" owari="217,-28.0,248,5.0,227,-17.0,308,40.0" /></mjloggm>