<mjloggm ver="2.3"><GO type="97" lobby="0"/><UN n0="%E6%9C%A8%E6%9D%91%E6%8B%93%E5%93%89" n1="%E3%81%8F%E3%81%86%E3%81%9F%E2%99%AA" n2="%E5%B0%B1%E6%B4%BB%E7%94%9F%40%E5%B7%9D%E6%9D%91%E8%BB%8D%E5%9B%A3" n3="%E5%A4%A7%E5%85%A5%E9%81%93%E3%81%8F%E3%82%93" dan="15,14,15,15" rate="1964.50,1937.73,2062.36,2028.04" sx="M,F,M,M"/><TAIKYOKU oya="0"/><INIT seed="0,0,0,0,2,55" ten="250,250,250,250" oya="0" hai0="57,36,30,125,104,50,75,15,94,32,126,83,31" hai1="19,38,0,5,40,127,37,26,112,4,117,133,76" hai2="72,85,114,66,58,27,121,81,65,123,56,54,47" hai3="45,13,10,120,43,34,42,2,101,62,14,51,28"/><T86/><D36/><U61/><E117/><V84/><F72/><W124/><G120/><T3/><D3/><U128/><E127/><N who="0" m="48649" /><D104/><U21/><E133/><V105/><F105/><W109/><G124/><T17/><D75/><U23/><E128/><V67/><F114/><W44/><G109/><T16/><D94/><U89/><E112/><V95/><F27/><W130/><G130/><T115/><D115/><U111/><E111/><V108/><F108/><W69/><G101/><T53/><D32/><U73/><E38/><V74/><F74/><W68/><G2/><T119/><D119/><U98/><E37/><V82/><F95/><W106/><G106/><T71/><D71/><U35/><E35/><V100/><F100/><W102/><G102/><T59/><D57/><N who="2" m="22122" /><F121/><W24/><G62/><T129/><D129/><U87/><E61/><V92/><F123/><W88/><G88/><N who="0" m="51295" /><D17/><U48/><E0/><V78/><F92/><W107/><G107/><T39/><D39/><U22/><E73/><V77/><F67/><W93/><G93/><T122/><D122/><U12/><E98/><V91/><F91/><W49/><REACH who="3" step="1"/><G14/><REACH who="3" ten="250,250,250,240" step="2"/><T60/><D60/><U90/><E90/><V20/><F78/><W8/><G8/><AGARI ba="0,1" hai="8,15,16,30,31,50,53,59" m="51295,48649" machi="8" ten="30,11600,0" yaku="18,1,52,1,54,2" doraHai="55" who="0" fromWho="3" sc="250,126,250,0,250,0,240,-116" /><INIT seed="0,1,0,4,1,116" ten="376,250,250,124" oya="0" hai0="102,82,70,62,17,47,12,84,106,109,48,30,6" hai1="96,39,120,1,129,4,123,55,40,50,87,95,121" hai2="21,9,112,68,32,15,73,5,27,38,56,44,54" hai3="130,63,127,51,26,66,16,108,2,93,114,45,118"/><T22/><D109/><U0/><E129/><V79/><F68/><W110/><G118/><T86/><D106/><U81/><E40/><V57/><F112/><W75/><G130/><T98/><D6/><U76/><E4/><V20/><F32/><W60/><G114/><T97/><D30/><U74/><E39/><V71/><F71/><W111/><G2/><T29/><D29/><U64/><E64/><V49/><F38/><W103/><G127/><T37/><D37/><U135/><E74/><V125/><F125/><W100/><G75/><T8/><D8/><U65/><E65/><V94/><F21/><W53/><G93/><N who="0" m="58671" /><D98/><U24/><E24/><V19/><F79/><W126/><G126/><T78/><D62/><U99/><E135/><V3/><F73/><W133/><G133/><T42/><D70/><U52/><E55/><V104/><F104/><W46/><G46/><T34/><D34/><U69/><E69/><V23/><REACH who="2" step="1"/><F94/><REACH who="2" ten="376,250,240,124" step="2"/><W33/><G33/><T132/><D132/><U89/><REACH who="1" step="1"/><E99/><REACH who="1" ten="376,240,240,124" step="2"/><V77/><F77/><W35/><G35/><T128/><D128/><U11/><E11/><V85/><F85/><AGARI ba="1,2" hai="12,17,22,42,47,48,78,82,84,85,86" m="58671" machi="85" ten="30,1500,0" yaku="8,1" doraHai="116" who="0" fromWho="2" sc="376,38,240,0,240,-18,124,0" /><INIT seed="0,2,0,1,4,65" ten="414,240,222,124" oya="0" hai0="118,27,120,0,102,54,50,86,134,128,4,46,14" hai1="129,121,70,63,87,90,89,31,92,101,47,42,85" hai2="67,117,12,60,16,76,107,10,33,97,1,88,49" hai3="114,56,132,45,100,125,113,29,35,39,15,52,74"/><T99/><D120/><U61/><E121/><V25/><F117/><W13/><G74/><T62/><D118/><U59/><E129/><V105/><F1/><W44/><G132/><T72/><D128/><U8/><E31/><V18/><F76/><W37/><G125/><T135/><D0/><U34/><E34/><V24/><F49/><W32/><G100/><T20/><D72/><U51/><E101/><V23/><F33/><W104/><G29/><T3/><D3/><U79/><E79/><V80/><F24/><W130/><G130/><T112/><D86/><U68/><E8/><V108/><F108/><W22/><G22/><T28/><D62/><U133/><E133/><V41/><F41/><W57/><REACH who="3" step="1"/><G52/><REACH who="3" ten="414,240,222,114" step="2"/><N who="0" m="29783" /><D102/><U36/><E63/><V71/><REACH who="2" step="1"/><F80/><REACH who="2" ten="414,240,212,114" step="2"/><W81/><G81/><T84/><D135/><U82/><E51/><V119/><F119/><W75/><G75/><T5/><D134/><U91/><E89/><V43/><F43/><W77/><G77/><T78/><D78/><U69/><E91/><V111/><F111/><W110/><G110/><T93/><D28/><U106/><E90/><V83/><F83/><W116/><G116/><T19/><D27/><U7/><E82/><V126/><F126/><W6/><G6/><T94/><D4/><U58/><E7/><V53/><F53/><W2/><G2/><T55/><D5/><U115/><E36/><V48/><F48/><W11/><G11/><T131/><D54/><U21/><E115/><V127/><F127/><W30/><G30/><T38/><D112/><U122/><E42/><V124/><F124/><RYUUKYOKU ba="2,2" sc="414,-15,240,-15,212,15,114,15" hai2="10,12,16,18,23,25,60,67,71,88,97,105,107" hai3="13,15,32,35,37,39,44,45,56,57,104,113,114" /><INIT seed="1,3,2,2,2,49" ten="399,225,227,129" oya="1" hai0="22,10,42,130,18,66,17,50,38,36,94,70,67" hai1="96,107,92,89,126,110,133,71,82,135,41,40,25" hai2="33,43,24,62,2,59,4,120,83,15,106,12,7" hai3="115,95,37,8,28,84,19,29,100,80,68,117,76"/><U14/><E71/><V125/><F106/><W58/><G115/><T101/><D130/><U23/><E126/><V113/><F125/><W69/><G37/><T9/><D70/><U131/><E131/><V99/><F2/><W21/><G117/><T77/><D77/><U60/><E60/><V121/><F43/><W91/><G100/><T97/><D36/><U11/><E107/><V39/><F39/><W134/><G134/><N who="1" m="51210" /><E82/><V118/><F118/><W109/><G109/><T72/><D72/><U26/><E110/><V65/><F113/><W104/><G104/><T116/><D116/><U103/><E89/><V74/><F33/><W119/><G119/><T13/><D38/><U102/><E102/><V73/><F24/><N who="1" m="9321" /><E23/><V52/><F99/><W5/><G68/><T54/><D22/><U34/><E34/><V124/><F124/><W47/><G69/><T88/><D101/><U44/><E44/><V0/><F65/><W122/><G47/><N who="0" m="27999" /><D42/><U51/><E51/><V78/><F73/><W112/><G112/><T30/><D67/><U86/><E86/><V81/><F83/><W53/><G122/><T128/><D66/><U98/><E98/><V32/><F32/><W79/><G79/><T56/><D128/><U6/><AGARI ba="3,2" hai="6,11,14,40,41,92,96,103" m="9321,51210" machi="6" ten="30,1500,0" yaku="20,1" doraHai="49" who="1" fromWho="1" sc="399,-8,225,44,227,-8,129,-8" /><INIT seed="1,4,0,5,0,112" ten="391,269,219,121" oya="1" hai0="45,94,39,63,72,97,115,35,24,11,102,105,133" hai1="98,56,129,27,57,131,5,29,53,1,38,116,117" hai2="30,82,67,118,132,41,124,50,2,104,40,42,17" hai3="8,88,92,111,32,91,59,47,22,107,62,51,43"/><U83/><E38/><V90/><F2/><W84/><G111/><T49/><D115/><U9/><E98/><V81/><F104/><W33/><G107/><T66/><D133/><U19/><E83/><V93/><F124/><W119/><G119/><N who="1" m="45642" /><E19/><V12/><F132/><W25/><G8/><T114/><D114/><U75/><E53/><V86/><F118/><W7/><G91/><T126/><D39/><U127/><E75/><V68/><F30/><W78/><G78/><T31/><D126/><U100/><E100/><V21/><F68/><W36/><G7/><T69/><D11/><U26/><E127/><V96/><F67/><W16/><REACH who="3" step="1"/><G36/><REACH who="3" ten="391,269,219,111" step="2"/><T28/><D105/><U113/><E113/><V77/><F82/><W15/><G15/><T101/><D101/><U58/><E27/><V120/><F120/><W108/><G108/><T89/><D24/><U46/><E26/><V13/><F12/><W60/><G60/><T14/><D14/><U125/><E125/><V128/><F128/><W6/><G6/><T109/><D102/><U23/><E131/><V4/><F4/><W87/><G87/><T52/><D89/><U64/><E129/><V79/><F77/><W123/><G123/><T122/><D122/><U70/><E9/><V121/><F121/><W80/><G80/><T37/><D37/><U95/><E5/><V0/><F0/><W18/><G18/><T44/><D63/><U34/><E1/><V20/><F21/><W99/><G99/><T85/><D97/><U103/><E23/><V55/><F50/><W3/><G3/><T73/><D49/><RYUUKYOKU ba="4,1" sc="391,-15,269,-15,219,15,111,15" hai2="13,17,20,40,41,42,55,79,81,86,90,93,96" hai3="16,22,25,32,33,43,47,51,59,62,84,88,92" /><INIT seed="2,5,1,2,4,93" ten="376,254,234,126" oya="2" hai0="118,47,36,2,103,75,64,54,123,111,43,69,33" hai1="31,11,82,135,102,134,42,105,97,113,46,44,0" hai2="117,110,108,41,56,51,32,81,71,114,62,79,5" hai3="131,58,83,94,133,20,77,89,14,37,125,78,119"/><V100/><F32/><W10/><G37/><T24/><D123/><U27/><E113/><V91/><F114/><W95/><G119/><T65/><D111/><N who="2" m="42538" /><F117/><W18/><G131/><T96/><D118/><U66/><E66/><V87/><F100/><W45/><G133/><N who="1" m="50698" /><E82/><V130/><F130/><W76/><G125/><T7/><D75/><U127/><E127/><V13/><F71/><W34/><G34/><T68/><D54/><U17/><E42/><V55/><F41/><W90/><G58/><T50/><D36/><U73/><E73/><V12/><F5/><W128/><G128/><T21/><D7/><N who="1" m="1511" /><E17/><V99/><F62/><W109/><G109/><T29/><D2/><U4/><E4/><V9/><F9/><W1/><G45/><T122/><D69/><U35/><AGARI ba="5,1" hai="27,31,35,44,46,97,102,105" m="1511,50698" machi="35" ten="30,2000,0" yaku="20,1,52,1" doraHai="93" who="1" fromWho="1" sc="376,-10,254,45,234,-15,126,-10" /><INIT seed="3,0,0,4,2,135" ten="366,299,219,116" oya="3" hai0="94,19,56,70,133,88,37,80,114,54,43,41,132" hai1="34,53,89,40,61,21,134,90,104,102,10,64,4" hai2="92,7,97,0,83,120,101,57,119,93,81,111,131" hai3="9,3,32,67,91,16,46,112,42,2,127,113,39"/><W75/><G32/><T116/><D116/><U63/><E34/><V105/><F111/><W35/><G35/><T109/><D109/><U117/><E134/><N who="0" m="51817" /><D70/><U73/><E73/><V29/><F29/><W115/><G67/><T5/><D114/><U99/><E117/><V78/><F0/><W129/><G129/><T30/><D30/><U110/><E110/><V47/><F7/><W27/><G75/><T44/><D43/><U66/><E40/><V58/><F131/><W49/><G39/><T107/><D107/><U8/><E53/><V128/><F128/><W45/><G45/><T31/><D31/><U33/><E33/><V85/><F47/><W106/><G106/><T13/><D5/><U24/><E89/><N who="2" m="51391" /><F57/><W28/><G127/><T100/><D80/><U79/><E4/><V48/><F48/><W82/><G28/><T51/><D100/><U103/><E103/><V95/><F58/><W23/><REACH who="3" step="1"/><G9/><REACH who="3" ten="366,299,219,106" step="2"/><N who="0" m="6575" /><D37/><U15/><E66/><V84/><F119/><W65/><G65/><T71/><D44/><U76/><E64/><V14/><F120/><W6/><G6/><T11/><D71/><U55/><E8/><V59/><F59/><W22/><G22/><T17/><D56/><U50/><E10/><V25/><F105/><W74/><G74/><T96/><D11/><U125/><E21/><V123/><F123/><W122/><G122/><T108/><D108/><U20/><E104/><V18/><F97/><W62/><G62/><T126/><D96/><U1/><E99/><V118/><F118/><W52/><G52/><T98/><D54/><U26/><E55/><RYUUKYOKU ba="0,1" sc="366,-10,299,-10,219,-10,106,30" hai3="2,3,16,23,27,42,46,49,82,91,112,113,115" /><INIT seed="3,1,1,2,0,20" ten="356,289,209,136" oya="3" hai0="54,62,77,81,0,66,14,83,86,22,95,130,99" hai1="31,10,55,74,120,127,12,45,6,24,50,37,117" hai2="17,125,82,49,48,78,72,52,43,122,102,90,105" hai3="104,32,56,64,116,98,39,27,67,60,97,63,126"/><W115/><G116/><T42/><D0/><U89/><E120/><V121/><F125/><W101/><G115/><T91/><D42/><U96/><E117/><V13/><F90/><W29/><G126/><T4/><D130/><U41/><E127/><V46/><F102/><W94/><G39/><T36/><D36/><U3/><E74/><V131/><F131/><W133/><G133/><T58/><D83/><U8/><E96/><V106/><F122/><W61/><REACH who="3" step="1"/><G67/><REACH who="3" ten="356,289,209,126" step="2"/><T108/><D66/><U92/><E37/><V57/><F121/><W7/><G7/><T11/><D4/><U35/><E6/><V123/><F123/><W30/><G30/><T51/><D108/><U84/><E31/><V112/><F112/><W70/><G70/><T26/><D11/><AGARI ba="1,2" hai="11,13,17,43,46,48,49,52,57,72,78,82,105,106" machi="11" ten="30,2000,0" yaku="7,1,54,1" doraHai="20" who="2" fromWho="0" sc="356,-23,289,0,209,43,126,0" owari="333,43.0,289,9.0,252,-15.0,126,-37.0" /></mjloggm>