<mjloggm ver="2.3"><GO type="169" lobby="0"/><UN n0="%E5%B0%B1%E6%B4%BB%E7%94%9F%40%E5%B7%9D%E6%9D%91%E8%BB%8D%E5%9B%A3" n1="%E3%83%95%E3%82%A7%E3%83%AB%E3%83%8A%E3%83%B3%E3%83%89" n2="%46%75%6B%61%74%73%75%72" n3="%30%30%73%61%69" dan="16,16,16,18" rate="2094.79,2163.32,2116.05,2210.45" sx="M,M,M,M"/><TAIKYOKU oya="0"/><INIT seed="0,0,0,3,5,106" ten="250,250,250,250" oya="0" hai0="99,70,25,87,73,120,9,26,28,33,122,5,80" hai1="13,114,49,109,68,110,12,20,107,81,101,7,24" hai2="4,100,97,58,89,52,30,126,41,76,46,53,88" hai3="48,98,79,104,45,112,113,85,38,54,91,75,62"/><T17/><BYE who="2" /><D70/><U27/><E68/><V132/><F132/><W16/><G38/><T78/><D87/><UN n2="%46%75%6B%61%74%73%75%72" /><U69/><E69/><V19/><F126/><W111/><G111/><N who="1" m="42506" /><E107/><V40/><F76/><W0/><G0/><T66/><D66/><U47/><E101/><V34/><F4/><W95/><G62/><T131/><D131/><U14/><E81/><V96/><F19/><W102/><G16/><T129/><D129/><U51/><E7/><V63/><F34/><W60/><G60/><T71/><D71/><U44/><E114/><V6/><F6/><W72/><G72/><T55/><D55/><U35/><E35/><V37/><F30/><W134/><G134/><T135/><D135/><U94/><E94/><V65/><F41/><W130/><G130/><T61/><D61/><U125/><E125/><V124/><F124/><W15/><G15/><T133/><D133/><U116/><E116/><V42/><F42/><W43/><G43/><T8/><D8/><U108/><E108/><V18/><F18/><W123/><G123/><T29/><D17/><N who="1" m="12303" /><E27/><V128/><F128/><W93/><G95/><T86/><D86/><U1/><E1/><V39/><F39/><W103/><G103/><T36/><D99/><U84/><E84/><V83/><F97/><W10/><G10/><T22/><REACH who="0" step="1"/><D36/><REACH who="0" ten="240,250,250,250" step="2"/><U74/><E74/><V23/><F96/><W117/><G117/><T56/><D56/><U121/><E121/><V11/><F58/><W92/><G92/><T119/><D119/><U32/><E32/><V57/><F37/><W90/><G91/><N who="2" m="34889" /><F57/><W115/><G115/><RYUUKYOKU ba="0,1" sc="240,10,250,10,250,-30,250,10" hai0="5,9,22,25,26,28,29,33,73,78,80,120,122" hai1="12,13,14,44,47,49,51" hai3="45,48,54,75,79,85,90,93,98,102,104,112,113" /><INIT seed="0,1,1,1,1,95" ten="250,260,220,260" oya="0" hai0="13,103,60,107,16,12,97,108,64,55,62,49,26" hai1="106,110,44,23,72,48,88,93,92,121,109,78,51" hai2="102,74,46,38,77,94,37,120,39,127,47,50,57" hai3="18,5,84,117,73,35,81,6,75,8,130,71,65"/><T135/><D135/><U80/><E23/><V30/><F127/><W70/><G117/><T54/><D108/><N who="1" m="41579" /><E51/><V134/><F134/><W28/><G75/><T132/><D132/><U43/><E121/><V58/><F120/><W129/><G73/><T115/><D115/><U3/><E106/><V36/><F30/><W0/><G6/><T118/><D118/><U85/><E3/><V42/><F74/><W116/><G65/><T90/><D90/><U83/><AGARI ba="1,1" hai="43,44,48,72,78,80,83,85,88,92,93" m="41579" machi="83" ten="30,2000,0" yaku="14,1,54,1" doraHai="95" who="1" fromWho="1" sc="250,-11,260,33,220,-6,260,-6" /><INIT seed="1,0,0,4,2,112" ten="239,293,214,254" oya="1" hai0="20,85,54,51,16,6,10,11,49,62,32,25,72" hai1="58,130,93,117,64,82,28,50,119,111,126,116,106" hai2="100,14,92,113,79,90,63,129,86,91,98,18,94" hai3="75,96,52,15,80,74,102,121,5,9,84,135,107"/><U3/><E106/><V118/><F129/><W7/><G121/><T36/><D72/><U44/><E3/><V31/><F113/><W60/><G135/><T87/><D36/><U67/><E28/><V103/><F31/><W22/><G7/><T42/><D32/><U69/><E82/><V73/><F63/><W133/><G22/><T61/><D42/><U39/><E93/><V66/><F66/><W30/><G30/><T104/><D51/><U24/><E24/><V59/><F59/><W33/><G33/><T71/><D104/><U0/><E0/><V26/><F26/><W23/><G23/><T114/><D114/><U77/><E77/><V125/><F125/><W46/><G133/><T101/><D101/><U115/><E115/><V48/><F48/><W68/><G68/><T35/><D35/><U40/><E130/><V17/><F17/><W83/><G83/><T108/><D108/><U43/><E126/><V76/><F18/><W128/><G128/><T47/><D11/><U29/><E29/><V27/><F27/><W97/><G97/><T70/><D70/><U65/><E111/><V21/><F98/><W110/><G110/><T89/><D71/><U38/><E69/><V120/><F120/><W134/><G134/><T132/><D87/><U19/><E19/><V122/><F86/><W81/><G81/><N who="0" m="49327" /><D132/><U131/><E131/><V41/><F122/><W95/><G84/><T8/><D8/><U13/><E39/><V57/><F79/><W2/><G80/><T4/><D10/><U123/><E123/><V78/><F76/><W1/><G107/><RYUUKYOKU ba="0,0" sc="239,30,293,-10,214,-10,254,-10" hai0="4,6,16,20,25,47,49,54,61,62" /><INIT seed="2,1,0,2,3,36" ten="269,283,204,244" oya="2" hai0="34,108,25,5,120,116,33,75,10,38,43,105,96" hai1="132,52,18,0,3,130,37,125,88,71,9,29,107" hai2="1,8,26,66,39,54,11,55,35,80,79,69,40" hai3="92,72,102,57,12,58,24,49,89,13,106,128,82"/><V44/><F11/><W90/><G128/><T131/><D120/><U42/><E130/><V70/><F35/><W87/><G106/><T2/><D131/><U91/><E71/><V78/><F26/><W98/><G72/><T127/><D108/><U67/><E107/><V53/><F66/><W74/><G74/><T63/><D127/><U61/><E125/><V109/><F109/><W14/><G49/><T68/><D75/><U16/><E132/><V123/><F123/><W19/><G102/><N who="0" m="62663" /><D116/><U134/><E134/><V59/><F59/><W101/><REACH who="3" step="1"/><G90/><REACH who="3" ten="269,283,204,234" step="2"/><T103/><D103/><U17/><E91/><V118/><F118/><W51/><G51/><T56/><D56/><U7/><E88/><V84/><REACH who="2" step="1"/><F79/><REACH who="2" ten="269,283,194,234" step="2"/><W112/><G112/><T15/><D68/><U77/><E77/><V124/><F124/><W46/><G46/><T60/><D34/><U21/><E67/><V94/><F94/><W135/><G135/><T22/><D33/><U85/><E9/><V117/><F117/><W99/><G99/><T76/><D10/><U86/><E37/><V133/><F133/><W126/><G126/><T31/><D38/><U73/><E73/><V83/><F83/><W47/><G47/><T48/><D76/><U110/><E110/><V95/><F95/><W32/><G32/><T6/><D63/><U93/><E93/><V50/><F50/><W65/><G65/><T45/><D60/><U121/><E121/><V114/><F114/><W100/><G100/><T104/><D104/><U4/><E61/><V119/><F119/><W41/><G41/><T28/><D43/><RYUUKYOKU ba="1,2" sc="269,-15,283,-15,194,15,234,15" hai2="1,8,39,40,44,53,54,55,69,70,78,80,84" hai3="12,13,14,19,24,57,58,82,87,89,92,98,101" /><INIT seed="2,2,2,4,1,60" ten="254,268,209,249" oya="2" hai0="2,116,98,92,120,42,26,135,83,71,43,34,70" hai1="20,25,115,62,66,81,119,17,55,112,35,132,88" hai2="128,72,118,23,101,59,21,93,16,64,77,22,99" hai3="56,32,127,110,41,53,68,19,46,114,74,58,80"/><V90/><F118/><W44/><G32/><T36/><D2/><U4/><E119/><V89/><F128/><W18/><G110/><T48/><D120/><U117/><E117/><V129/><F129/><W130/><G130/><T7/><D36/><U30/><E132/><V85/><F72/><W13/><G68/><T27/><D116/><U126/><E126/><V105/><F77/><W15/><G127/><T3/><D135/><U33/><E4/><V5/><F5/><W125/><G125/><T113/><D113/><U11/><E35/><V12/><REACH who="2" step="1"/><F90/><REACH who="2" ten="254,268,199,249" step="2"/><W51/><G74/><T104/><D7/><U52/><E115/><V103/><F103/><W47/><G114/><T123/><D123/><U40/><E112/><V106/><F106/><W122/><G122/><T37/><D104/><U6/><E6/><V78/><F78/><W14/><G41/><T91/><D43/><U38/><E40/><V39/><F39/><W75/><G75/><T84/><D37/><U54/><E38/><V121/><F121/><W111/><G111/><T0/><D42/><U82/><E88/><V49/><F49/><W95/><G51/><T87/><D3/><U31/><E11/><V1/><F1/><W28/><G13/><T24/><D0/><U57/><REACH who="1" step="1"/><E31/><REACH who="1" ten="254,258,199,249" step="2"/><V63/><AGARI ba="2,4" hai="12,16,21,22,23,59,63,64,85,89,93,99,101,105" machi="63" ten="30,12000,1" yaku="1,1,0,1,52,1,54,1,53,1" doraHai="60" doraHaiUra="102" who="2" fromWho="2" sc="254,-42,258,-42,199,166,249,-42" /><INIT seed="2,3,0,3,0,133" ten="212,216,365,207" oya="2" hai0="40,98,127,116,103,69,65,43,3,52,104,79,111" hai1="0,88,120,96,17,45,97,80,1,114,46,112,56" hai2="81,131,105,117,99,74,101,13,49,11,28,37,86" hai3="94,7,89,122,38,87,76,75,41,126,18,32,95"/><V132/><F37/><W64/><G32/><T29/><D3/><U47/><E120/><V118/><F28/><W48/><G38/><T34/><D116/><U16/><E56/><V51/><F132/><W62/><G122/><T27/><D79/><U106/><E106/><V50/><F131/><W8/><G18/><N who="1" m="7274" /><E80/><V93/><F13/><W85/><G75/><T35/><D35/><U55/><E55/><V21/><F21/><W59/><G126/><T15/><D111/><U83/><E83/><V58/><F11/><W5/><G76/><T70/><D70/><U54/><E54/><V39/><F39/><W22/><G22/><T6/><D52/><U60/><E60/><V134/><F134/><W102/><G8/><N who="0" m="4503" /><D127/><U128/><E128/><V78/><F58/><W31/><G31/><T129/><D129/><U33/><E33/><V119/><F117/><W100/><G100/><T14/><D14/><U110/><E88/><AGARI ba="3,0" hai="49,50,51,74,78,81,86,88,93,99,101,105,118,119" machi="88" ten="40,7700,0" yaku="24,2,54,1" doraHai="133" who="2" fromWho="1" sc="212,0,216,-86,365,86,207,0" /><INIT seed="2,4,0,2,4,102" ten="212,130,451,207" oya="2" hai0="96,48,53,37,47,91,51,7,26,108,85,129,104" hai1="34,128,131,75,4,36,120,9,71,3,82,15,24" hai2="50,58,35,42,127,94,46,87,76,93,118,49,60" hai3="21,79,17,62,33,28,16,55,30,89,84,101,10"/><V68/><F118/><W77/><G33/><T67/><D37/><U8/><E71/><V6/><F35/><W63/><G101/><T73/><D73/><U83/><E36/><V56/><F6/><W18/><G10/><T52/><D129/><N who="1" m="49739" /><E75/><V22/><F127/><W81/><G55/><T88/><D108/><U19/><E83/><V74/><F22/><W72/><G72/><T39/><D39/><U45/><E82/><V29/><F29/><N who="3" m="11371" /><G21/><T125/><D125/><U54/><E45/><V100/><F100/><W11/><G11/><T132/><D67/><U110/><E54/><V113/><F113/><W57/><G57/><T78/><D26/><U20/><E34/><V5/><F74/><W119/><G119/><T86/><D7/><N who="1" m="1151" /><E110/><V40/><F46/><W92/><G81/><T44/><D78/><AGARI ba="4,0" hai="16,17,18,62,63,77,78,79,84,89,92" m="11371" machi="78" ten="30,2000,0" yaku="8,1,54,1" doraHai="102" who="3" fromWho="0" sc="212,-32,130,0,451,0,207,32" /><INIT seed="3,0,0,4,2,11" ten="180,130,451,239" oya="3" hai0="77,108,109,43,124,92,84,64,98,54,83,61,100" hai1="28,42,49,6,27,33,95,91,86,102,134,132,10" hai2="122,130,58,72,93,85,120,104,80,5,24,39,19" hai3="23,87,46,99,115,44,1,79,71,118,117,48,73"/><W90/><G115/><T36/><D124/><U18/><E102/><V14/><F104/><W78/><G71/><T67/><D54/><U66/><E66/><V53/><F39/><W59/><G1/><T50/><D36/><U37/><E37/><V114/><F72/><W26/><G73/><T34/><D34/><U125/><E125/><V51/><F93/><N who="3" m="56759" /><G117/><T89/><D43/><U111/><E111/><N who="0" m="42569" /><D50/><U69/><E69/><V68/><F130/><W38/><G38/><T135/><D135/><N who="1" m="51755" /><E18/><V30/><F5/><W45/><G87/><N who="0" m="48623" /><D61/><U0/><E49/><V17/><F68/><W81/><G81/><AGARI ba="0,0" hai="64,67,81,84,89,92,98,100" m="48623,42569" machi="81" ten="30,1000,0" yaku="14,1" doraHai="11" who="0" fromWho="3" sc="180,10,130,0,451,0,239,-10" /><INIT seed="4,0,0,4,2,4" ten="190,130,451,229" oya="0" hai0="23,1,21,76,47,127,96,69,121,81,75,72,84" hai1="74,106,14,109,44,38,86,116,88,80,59,22,42" hai2="17,27,111,52,45,94,0,30,25,132,66,131,120" hai3="15,19,51,33,57,41,40,16,135,26,101,50,64"/><T37/><D121/><U85/><E74/><V133/><F0/><W18/><G135/><N who="2" m="51785" /><F66/><W90/><G101/><T2/><D69/><U48/><E109/><V124/><F94/><W91/><G33/><T123/><D123/><U65/><E116/><V9/><F52/><N who="3" m="31895" /><G64/><T29/><D127/><U43/><E106/><V83/><F45/><N who="3" m="26023" /><G41/><T46/><D96/><U78/><E38/><V58/><F83/><W97/><G26/><T39/><D81/><N who="1" m="47287" /><E43/><V89/><F58/><W118/><G118/><T70/><D70/><U32/><E32/><V113/><F89/><N who="3" m="33803" /><G97/><T71/><D71/><U13/><E22/><AGARI ba="0,0" hai="15,16,18,19,22" m="33803,26023,31895" machi="22" ten="30,3900,0" yaku="8,1,54,2" doraHai="4" who="3" fromWho="1" sc="190,0,130,-39,451,0,229,39" /><INIT seed="5,0,0,5,3,91" ten="190,91,451,268" oya="1" hai0="67,0,133,83,16,129,60,63,10,24,81,94,33" hai1="101,29,40,95,103,127,125,45,48,82,115,7,88" hai2="117,131,97,123,64,124,38,32,107,75,8,71,58" hai3="109,43,54,66,105,49,96,76,126,111,25,26,62"/><U41/><E115/><V113/><RYUUKYOKU type="yao9" ba="0,0" sc="190,0,91,0,451,0,268,0" hai2="8,32,38,58,64,71,75,97,107,113,117,123,124,131" /><INIT seed="5,1,0,4,1,13" ten="190,91,451,268" oya="1" hai0="118,105,135,69,31,49,101,58,12,75,99,81,20" hai1="114,61,90,17,67,28,98,86,91,7,95,45,83" hai2="3,30,21,117,11,18,107,40,33,50,116,84,104" hai3="109,115,72,108,51,15,133,32,132,19,123,70,88"/><U59/><E114/><V80/><F33/><W14/><G72/><T22/><D69/><U122/><E122/><V39/><F30/><W53/><G70/><T34/><D118/><U57/><E7/><V0/><F39/><W93/><G32/><T56/><D135/><N who="3" m="51785" /><G14/><T94/><D105/><U92/><E28/><V10/><F21/><N who="3" m="11519" /><G115/><T71/><D71/><U6/><E6/><V82/><F84/><N who="3" m="52359" /><G123/><T62/><D34/><U4/><E4/><V129/><F3/><W5/><G5/><T112/><D112/><U35/><E35/><V76/><F0/><W124/><G124/><T96/><D96/><U79/><E45/><AGARI ba="1,0" hai="45,51,53,108,109" m="52359,11519,51785" machi="45" ten="30,3900,0" yaku="20,1,52,1,54,1" doraHai="13" who="3" fromWho="1" sc="190,0,91,-42,451,0,268,42" /><INIT seed="6,0,0,0,0,26" ten="190,49,451,310" oya="2" hai0="90,101,87,56,35,33,17,45,68,97,113,22,108" hai1="77,132,78,62,4,135,13,121,3,63,59,66,82" hai2="98,69,64,5,67,102,40,39,8,123,112,84,47" hai3="51,52,37,32,127,115,86,6,11,43,38,10,105"/><V92/><F123/><W88/><G32/><T91/><D68/><U49/><E3/><V44/><F112/><W18/><G105/><T114/><D108/><U110/><E110/><V81/><F47/><W54/><G127/><T117/><D45/><U93/><E121/><V15/><F69/><W89/><G18/><T118/><D56/><U24/><E49/><V75/><F75/><W2/><G115/><N who="0" m="44043" /><D35/><U120/><E120/><V42/><F42/><W128/><G128/><T131/><D33/><U83/><E93/><V107/><F107/><W0/><G86/><T9/><D9/><U129/><E129/><V31/><F31/><W126/><G6/><T53/><D53/><U65/><E59/><V116/><F116/><N who="0" m="44650" /><D131/><U109/><E109/><V55/><F55/><W29/><G43/><T16/><D87/><U58/><E58/><V19/><F5/><W99/><G10/><T100/><D17/><U46/><E46/><V71/><F71/><W95/><G11/><T41/><D41/><U80/><E4/><V23/><F8/><W130/><G54/><T12/><D101/><U122/><E122/><V7/><F7/><W94/><G52/><T14/><D12/><U27/><E83/><V61/><F61/><W134/><G130/><T60/><D60/><U25/><REACH who="1" step="1"/><E27/><REACH who="1" ten="190,39,451,310" step="2"/><V73/><F44/><W119/><G119/><T70/><D70/><U28/><E28/><V104/><F104/><AGARI ba="0,1" hai="14,16,22,90,91,97,100,104" m="44650,44043" machi="104" ten="30,3900,0" yaku="15,1,12,1,54,1" doraHai="26" who="0" fromWho="2" sc="190,49,39,0,451,-39,310,0" /><INIT seed="7,0,0,1,5,52" ten="239,39,412,310" oya="3" hai0="42,5,17,122,126,130,66,19,72,59,62,30,114" hai1="63,93,87,27,15,71,82,55,47,125,124,20,111" hai2="43,31,1,95,61,127,53,18,120,75,9,132,28" hai3="68,34,16,86,115,119,105,116,6,89,2,57,54"/><W3/><G105/><T91/><D72/><U7/><E111/><V88/><F75/><W123/><G123/><T96/><D122/><U129/><E129/><V67/><F43/><W36/><G68/><T41/><D130/><U12/><E125/><V14/><F120/><W45/><G34/><T26/><D126/><U73/><E124/><V0/><F132/><W101/><G101/><T10/><D114/><U32/><E73/><V85/><F53/><W22/><G115/><T117/><D117/><U21/><E32/><V92/><F92/><W33/><G33/><T29/><D42/><U110/><E110/><V99/><F99/><W80/><G45/><T39/><D41/><U46/><E71/><V131/><F131/><W102/><G102/><T64/><D39/><U90/><E15/><V104/><F104/><W98/><G98/><T35/><D66/><U76/><E21/><V65/><F127/><W60/><G36/><T4/><D4/><U58/><E7/><V56/><REACH who="2" step="1"/><F67/><REACH who="2" ten="239,39,402,310" step="2"/><W81/><G81/><T44/><D30/><AGARI ba="0,1" hai="0,1,9,14,18,28,30,31,56,61,65,85,88,95" machi="30" ten="40,8000,1" yaku="1,1,2,1,52,1,54,1,53,0" doraHai="52" doraHaiUra="37" who="2" fromWho="0" sc="239,-80,39,0,402,90,310,0" owari="159,-24.0,39,-46.0,492,59.0,310,11.0" /></mjloggm>