<mjloggm ver="2.3"><GO type="97" lobby="0"/><UN n0="%E5%B0%B1%E6%B4%BB%E7%94%9F%40%E5%B7%9D%E6%9D%91%E8%BB%8D%E5%9B%A3" n1="%E5%8D%83%E7%BE%BD%E3%82%A4%E3%82%A8%E3%82%B9" n2="%74%6F%6E%6E%64%61%67%6F" n3="%67%65%6D" dan="14,13,14,14" rate="2002.46,1864.30,1901.21,1922.68" sx="M,M,F,F"/><TAIKYOKU oya="0"/><INIT seed="0,0,0,1,0,74" ten="250,250,250,250" oya="0" hai0="77,35,126,58,56,16,67,68,112,38,103,29,8" hai1="69,54,33,82,43,42,99,15,133,73,52,89,132" hai2="106,1,25,81,84,120,72,90,62,18,55,37,24" hai3="26,118,70,41,0,46,115,92,71,36,10,95,86"/><T51/><D112/><U91/><E69/><V104/><F37/><W97/><G118/><T61/><D38/><U100/><E33/><V123/><F1/><W127/><G115/><T98/><D126/><U80/><E15/><V20/><F72/><W4/><G127/><T23/><D8/><U76/><E100/><V135/><F135/><N who="1" m="51785" /><E99/><V101/><F25/><W116/><G116/><T5/><D5/><U48/><E54/><V21/><F21/><W19/><G86/><T79/><D29/><U107/><E107/><V114/><F114/><W9/><G92/><N who="0" m="58823" /><D35/><U134/><N who="1" m="51793" /><U13/><DORA hai="128" /><E13/><V108/><F108/><W105/><G105/><T2/><D2/><U110/><E110/><V117/><F117/><W40/><G40/><N who="1" m="15402" /><E82/><V6/><F104/><W109/><G109/><T57/><D68/><U50/><E50/><V45/><F101/><W121/><G121/><T31/><D31/><U119/><E119/><V30/><F106/><W124/><G124/><T102/><D102/><U39/><E39/><V88/><F30/><W96/><G96/><T125/><D125/><U111/><E111/><V60/><F123/><W27/><G27/><N who="0" m="14823" /><D57/><AGARI ba="0,0" hai="48,52,57,73,76,80,89,91" m="15402,51793" machi="57" ten="40,12000,2" yaku="20,1,52,5,54,1" doraHai="74,128" who="1" fromWho="0" sc="250,-120,250,120,250,0,250,0" /><INIT seed="1,0,0,3,2,17" ten="130,370,250,250" oya="1" hai0="37,7,14,62,129,54,94,60,63,92,27,102,39" hai1="110,84,18,41,65,47,72,135,56,88,44,127,5" hai2="100,66,112,75,93,40,107,116,15,59,117,64,36" hai3="99,98,38,10,13,22,67,35,0,120,50,74,43"/><U109/><E72/><V8/><F107/><W69/><G120/><T30/><D129/><U25/><E5/><V53/><F75/><W24/><G74/><T1/><D1/><U78/><E78/><V77/><F77/><W134/><G134/><T52/><D14/><U113/><E113/><V106/><F106/><W12/><G35/><T28/><D7/><U128/><E135/><V58/><F112/><W45/><G38/><N who="0" m="14347" /><D27/><U131/><E127/><V3/><F40/><W23/><G0/><T104/><D102/><U33/><E65/><V61/><F36/><W86/><G69/><T51/><D51/><N who="1" m="27023" /><E47/><V103/><F3/><W85/><G67/><T83/><D83/><N who="1" m="49183" /><E56/><V32/><F66/><W101/><G101/><T26/><D26/><U124/><E124/><V20/><F32/><W130/><G130/><N who="1" m="49706" /><E33/><V126/><F126/><W119/><G119/><T29/><D104/><U111/><E25/><V9/><F117/><W118/><G118/><T87/><D87/><N who="3" m="33289" /><G24/><T48/><D48/><U95/><E95/><AGARI ba="0,0" hai="28,29,30,52,54,60,62,63,92,94,95" m="14347" machi="95" ten="40,5200,0" yaku="28,2,54,1" doraHai="17" who="0" fromWho="1" sc="130,52,370,-52,250,0,250,0" /><INIT seed="2,0,0,5,5,108" ten="182,318,250,250" oya="2" hai0="45,21,60,134,53,35,49,19,31,95,125,36,103" hai1="123,7,106,86,44,116,99,75,14,73,121,0,100" hai2="81,18,54,63,109,13,119,69,118,29,77,15,26" hai3="96,80,3,65,72,40,133,27,131,9,32,102,120"/><V23/><F109/><W47/><G120/><N who="1" m="46154" /><E116/><V8/><F13/><W112/><G65/><T82/><D125/><U101/><E0/><V67/><REACH who="2" step="1"/><F54/><REACH who="2" ten="182,318,240,250" step="2"/><W92/><G133/><T4/><D134/><U115/><E115/><V111/><F111/><W57/><G131/><T11/><D53/><U128/><E128/><V5/><F5/><W2/><G2/><T127/><D4/><U79/><E7/><V28/><F28/><W85/><G3/><T74/><D31/><U41/><E14/><V91/><F91/><W71/><G72/><AGARI ba="0,1" hai="8,15,18,23,26,29,63,67,69,72,77,81,118,119" machi="72" ten="30,2900,0" yaku="1,1,7,1,53,0" doraHai="108" doraHaiUra="38" who="2" fromWho="3" sc="182,0,318,0,240,39,250,-29" /><INIT seed="2,1,0,2,4,30" ten="182,318,279,221" oya="2" hai0="9,121,16,111,2,132,70,106,49,110,40,3,19" hai1="50,93,26,52,22,109,17,118,54,125,4,129,42" hai2="97,7,107,82,41,36,80,102,28,59,112,103,115" hai3="56,21,90,58,134,12,53,34,44,1,51,47,20"/><V0/><F59/><W89/><G1/><N who="0" m="11" /><D106/><U128/><E118/><V18/><F18/><N who="0" m="6698" /><D70/><U6/><E125/><V113/><F28/><W43/><G134/><T55/><D40/><U66/><E66/><V77/><F7/><N who="1" m="2601" /><E109/><N who="0" m="41481" /><D9/><U79/><E79/><V69/><F0/><W135/><G135/><T24/><D132/><U101/><E42/><V98/><F69/><W126/><G126/><T76/><D76/><U108/><E108/><V48/><F48/><W45/><G56/><N who="0" m="32879" /><D24/><U23/><E23/><V72/><F82/><W11/><G21/><T10/><D10/><U95/><E101/><V39/><REACH who="2" step="1"/><F41/><REACH who="2" ten="182,318,269,221" step="2"/><W94/><G43/><T5/><D5/><U124/><E124/><V114/><N who="2" m="29184" /><DORA hai="32" /><V75/><F75/><W92/><G51/><T15/><D15/><U81/><E81/><V88/><F88/><W65/><G90/><T130/><D130/><N who="1" m="50283" /><E54/><V73/><F73/><W78/><G53/><T63/><D63/><U37/><E37/><V67/><F67/><W120/><G65/><T122/><AGARI ba="1,1" hai="121,122" m="32879,41481,6698,11" machi="122" ten="40,8000,1" yaku="14,1,52,3,54,1" doraHai="30,32" who="0" fromWho="0" sc="182,93,318,-21,269,-41,221,-21" /><INIT seed="3,0,0,5,1,57" ten="275,297,228,200" oya="3" hai0="110,130,43,115,116,28,133,114,93,0,51,99,76" hai1="75,125,21,68,37,88,61,40,81,106,82,63,90" hai2="92,50,44,41,101,113,25,52,18,13,117,72,56" hai3="64,4,70,83,23,107,66,19,10,55,3,123,38"/><W7/><G123/><T91/><D0/><U8/><E106/><V109/><F72/><W104/><G38/><T89/><D28/><U118/><E68/><V135/><F109/><W14/><G7/><T53/><D43/><U42/><E75/><V46/><F135/><W120/><G120/><T71/><D71/><U132/><E37/><V96/><F117/><W124/><G124/><T86/><D133/><U2/><E132/><V127/><F127/><W35/><G66/><T58/><D116/><U32/><E32/><V11/><F113/><N who="0" m="43018" /><D110/><U31/><E118/><V34/><F41/><N who="1" m="15977" /><E2/><V69/><F69/><W94/><G55/><T45/><D130/><U134/><E134/><V128/><F128/><W122/><G122/><T87/><D76/><U33/><E33/><V100/><F100/><W22/><G22/><T26/><D26/><N who="1" m="16847" /><E8/><V78/><F78/><W60/><G83/><N who="1" m="31754" /><E125/><V27/><F34/><W12/><G12/><T77/><D77/><U39/><E39/><V20/><REACH who="2" step="1"/><F25/><REACH who="2" ten="275,297,218,200" step="2"/><W48/><G48/><T97/><D51/><U102/><E102/><V24/><F24/><W15/><G15/><T5/><D89/><AGARI ba="0,1" hai="61,63,88,89,90" m="31754,16847,15977" machi="89" ten="30,7700,0" yaku="8,1,52,2,54,1" doraHai="57" who="1" fromWho="0" sc="275,-77,297,87,218,0,200,0" owari="198,-30.0,384,48.0,218,2.0,200,-20.0" /></mjloggm>