<mjloggm ver="2.3"><GO type="97" lobby="0"/><UN n0="%73%69%61%6E%69%6E" n1="%E3%83%88%E3%83%88%E3%83%AA%E5%85%88%E7%94%9F%31%39%E6%AD%B3" n2="%E8%B5%A4%E3%82%A8%E3%83%B3%E3%83%94%E3%83%84" n3="%E7%A7%A6%E3%81%93%E3%81%93%E3%82%8D" dan="13,14,14,13" rate="1891.13,2057.67,2004.79,1880.32" sx="F,F,M,F"/><TAIKYOKU oya="0"/><INIT seed="0,0,0,0,0,104" ten="250,250,250,250" oya="0" hai0="34,65,81,3,38,7,101,42,33,55,99,88,60" hai1="79,135,58,114,56,85,35,128,90,16,44,66,119" hai2="100,53,115,72,103,20,105,67,24,61,40,52,87" hai3="41,43,73,25,133,121,32,47,28,112,36,117,31"/><T69/><D7/><U11/><E119/><V14/><F115/><W9/><G112/><T102/><D3/><U2/><E114/><V111/><F111/><W22/><G117/><T132/><D132/><U51/><E35/><V19/><F40/><W89/><G133/><T39/><D55/><U26/><E128/><V21/><F72/><W95/><G121/><T86/><D101/><N who="2" m="38986" /><F105/><W97/><G43/><T13/><D13/><N who="1" m="7231" /><E2/><V118/><F118/><W110/><G110/><T127/><D127/><U1/><E1/><V68/><F68/><W78/><G9/><T129/><D129/><U30/><E79/><V12/><F87/><W76/><G76/><T18/><D18/><U108/><E66/><V59/><F14/><W134/><G134/><T92/><REACH who="0" step="1"/><D42/><REACH who="0" ten="240,250,250,250" step="2"/><N who="1" m="24983" /><E135/><V125/><F125/><W130/><G130/><T37/><AGARI ba="0,1" hai="33,34,37,38,39,60,65,69,81,86,88,92,99,102" machi="37" ten="30,6000,0" yaku="1,1,0,1,54,1,53,0" doraHai="104" doraHaiUra="113" who="0" fromWho="0" sc="240,70,250,-20,250,-20,250,-20" /><INIT seed="0,1,0,2,5,62" ten="310,230,230,230" oya="0" hai0="31,54,5,102,91,60,6,32,95,27,128,129,19" hai1="92,16,101,61,77,59,17,73,3,114,15,85,131" hai2="53,94,113,38,133,23,48,104,120,87,55,105,9" hai3="69,56,123,36,29,97,108,57,25,65,135,74,132"/><T68/><D19/><U44/><E3/><V67/><F38/><W52/><G74/><T98/><D54/><U30/><E73/><V96/><F120/><W26/><G108/><T63/><D63/><U99/><E131/><N who="0" m="50249" /><D91/><U45/><E114/><V86/><F113/><W103/><G123/><T10/><D10/><N who="1" m="6263" /><E30/><V24/><F133/><N who="3" m="51275" /><G69/><T7/><D7/><U126/><E126/><V90/><F67/><AGARI ba="1,0" hai="5,6,27,31,32,60,67,68,95,98,102" m="50249" machi="67" ten="30,2900,0" yaku="19,1,52,1" doraHai="62" who="0" fromWho="2" sc="310,32,230,0,230,-32,230,0" /><INIT seed="0,2,0,3,4,36" ten="342,230,198,230" oya="0" hai0="10,45,49,26,126,93,8,40,13,29,86,84,9" hai1="5,25,64,92,72,43,130,123,102,109,74,57,110" hai2="7,118,52,100,37,61,66,35,76,103,67,78,23" hai3="135,120,107,24,65,69,117,60,95,51,63,96,44"/><T116/><D116/><U98/><E123/><V81/><F118/><W12/><G135/><T99/><D126/><U94/><E130/><V22/><F35/><W28/><G120/><T132/><D132/><U21/><E5/><V11/><F37/><W55/><G117/><T30/><D13/><U83/><E92/><V53/><F7/><W42/><G63/><T71/><D71/><U33/><E33/><V134/><F134/><W15/><G107/><T18/><D18/><U133/><E133/><V48/><F61/><W73/><G55/><T82/><D26/><U2/><E2/><V88/><F81/><W121/><G73/><T75/><D75/><U46/><E57/><V3/><F3/><W104/><G104/><T87/><D82/><U125/><E64/><V129/><F129/><W106/><G121/><T6/><D6/><U89/><E125/><V34/><F34/><W20/><REACH who="3" step="1"/><G106/><REACH who="3" ten="342,230,198,220" step="2"/><T32/><D32/><U124/><E124/><V4/><F53/><W27/><G27/><T90/><AGARI ba="2,1" hai="8,9,10,29,30,40,45,49,84,86,87,90,93,99" machi="90" ten="30,6000,0" yaku="0,1,8,1,52,1" doraHai="36" who="0" fromWho="0" sc="342,76,230,-22,198,-22,220,-22" /><INIT seed="0,3,0,0,3,64" ten="418,208,176,198" oya="0" hai0="74,91,60,51,12,25,101,54,93,131,20,44,132" hai1="73,28,57,80,109,36,2,48,52,111,65,24,114" hai2="67,125,107,5,87,115,10,89,88,77,18,96,86" hai3="41,40,4,69,68,79,45,59,66,94,46,98,82"/><T90/><D132/><U32/><E2/><V134/><F115/><W121/><G4/><T102/><D74/><U15/><E36/><V47/><F134/><W104/><G104/><T72/><D72/><U76/><E114/><V7/><F125/><W97/><G121/><T33/><D12/><U55/><E65/><V127/><F127/><W106/><G106/><T83/><D33/><U23/><E15/><V75/><F67/><W124/><G124/><T1/><D1/><U43/><E43/><V6/><F75/><W128/><G128/><T22/><D60/><U38/><E38/><V122/><F122/><W129/><G59/><T49/><D49/><U95/><E95/><V27/><F47/><W34/><G66/><T31/><D22/><U19/><E32/><V126/><F126/><W113/><G34/><T110/><D110/><N who="1" m="41995" /><E55/><V85/><F77/><W16/><G129/><T58/><D93/><U100/><E100/><V63/><F63/><W42/><G113/><T70/><D102/><U105/><E105/><V116/><F116/><W13/><G46/><T117/><D44/><U62/><E28/><V14/><F27/><W84/><G45/><T112/><D101/><U61/><AGARI ba="3,0" hai="19,23,24,48,52,57,61,62,73,76,80" m="41995" machi="61" ten="30,2000,0" yaku="14,1,54,1" doraHai="64" who="1" fromWho="1" sc="418,-13,208,29,176,-8,198,-8" /><INIT seed="1,0,0,4,1,21" ten="405,237,168,190" oya="1" hai0="4,8,41,14,99,59,101,75,71,87,72,67,55" hai1="16,28,88,86,5,102,95,63,9,49,77,32,61" hai2="125,81,50,43,98,20,74,115,128,82,23,13,92" hai3="109,39,134,108,120,27,34,1,0,79,85,6,29"/><U62/><E102/><V3/><F3/><W18/><G39/><T64/><D41/><U35/><E28/><V19/><F128/><W94/><G120/><T126/><D126/><U78/><E49/><V17/><F125/><W51/><G51/><N who="0" m="31231" /><D71/><U116/><E116/><V93/><F115/><W68/><G68/><T24/><D75/><U105/><E105/><V122/><F122/><W56/><G56/><T127/><D72/><U37/><E37/><V22/><F74/><W58/><G58/><T110/><D110/><N who="3" m="42601" /><G6/><T7/><D87/><U60/><N who="1" m="15360" /><DORA hai="103" /><U91/><E91/><V54/><F43/><W96/><G18/><N who="2" m="6665" /><F13/><W112/><G112/><T70/><D14/><U107/><E107/><V76/><F76/><W10/><G10/><T100/><D8/><U114/><E114/><V2/><F2/><W48/><G48/><T104/><D101/><U97/><E16/><V12/><F12/><W11/><G11/><T119/><D119/><U45/><E45/><N who="2" m="27983" /><F98/><W38/><G38/><T42/><D42/><U131/><E131/><V40/><F40/><W69/><G69/><T73/><D73/><U123/><E123/><V33/><F33/><W117/><G117/><T132/><D70/><U124/><E124/><V65/><F65/><W66/><G66/><T90/><D67/><U106/><E106/><V47/><F47/><W31/><G1/><T53/><D64/><U83/><REACH who="1" step="1"/><E77/><REACH who="1" ten="405,227,168,190" step="2"/><V44/><F44/><W130/><G79/><T118/><D118/><U57/><E57/><V25/><F25/><W30/><G130/><T15/><D24/><U133/><E133/><RYUUKYOKU ba="0,1" sc="405,-15,227,15,168,15,190,-15" hai1="5,9,32,35,78,83,86,88,95,97" hai2="20,22,23,81,82,92,93" /><INIT seed="1,1,1,1,3,4" ten="390,242,183,175" oya="1" hai0="101,17,47,2,46,64,98,111,132,58,67,49,63" hai1="28,70,102,131,61,103,127,26,90,121,32,6,30" hai2="57,76,31,83,105,75,68,33,56,99,43,60,82" hai3="42,71,104,93,87,29,55,37,51,130,91,85,114"/><U9/><E121/><V25/><F43/><W7/><G114/><T113/><D2/><U35/><E131/><V89/><F83/><W15/><G71/><T110/><D132/><U13/><E127/><V21/><F21/><W123/><G123/><T95/><D17/><U20/><E90/><V65/><REACH who="2" step="1"/><F89/><REACH who="2" ten="390,242,173,175" step="2"/><W22/><G91/><T84/><D84/><U11/><E20/><V106/><F106/><W62/><G22/><T126/><D126/><U74/><E74/><V18/><F18/><W107/><G87/><T48/><D111/><U5/><E32/><V10/><F10/><W119/><G85/><T134/><D110/><U86/><E86/><V69/><F69/><W100/><G42/><T125/><D134/><U118/><E30/><V117/><F117/><W81/><G29/><T3/><D125/><U88/><E118/><V39/><F39/><W79/><G37/><T8/><D113/><U78/><E88/><V41/><F41/><W19/><G81/><T23/><D8/><U128/><E78/><V0/><F0/><W124/><G79/><T97/><D3/><U92/><E92/><V115/><F115/><W36/><G93/><T73/><D73/><U44/><E128/><V80/><F80/><W133/><G104/><T109/><D109/><U45/><E9/><V53/><F53/><W96/><G124/><T66/><D23/><U27/><E27/><V16/><F16/><W34/><G119/><T24/><D24/><U72/><E72/><V77/><F77/><W112/><G112/><T59/><D95/><U14/><E70/><V135/><F135/><RYUUKYOKU ba="1,2" sc="390,-10,242,-10,173,30,175,-10" hai2="25,31,33,56,57,60,65,68,75,76,82,99,105" /><INIT seed="2,2,2,0,5,133" ten="380,232,203,165" oya="2" hai0="36,82,40,23,25,128,135,57,105,35,28,106,84" hai1="93,2,42,39,88,58,97,123,86,19,129,0,54" hai2="103,90,67,108,1,34,64,47,96,24,21,130,114" hai3="49,30,115,76,80,132,100,104,41,7,5,121,38"/><V116/><F114/><W33/><G121/><T110/><D135/><U94/><E123/><V53/><F116/><W4/><G132/><T89/><D110/><U43/><E129/><V14/><F130/><W31/><G115/><T51/><D36/><U56/><E56/><V87/><F108/><W17/><G38/><T72/><D72/><U10/><E39/><V8/><F1/><W18/><G104/><T126/><D126/><U6/><E19/><N who="3" m="7178" /><G100/><T101/><D35/><U134/><E2/><V85/><F34/><W9/><G33/><T45/><D57/><U95/><E134/><V70/><F70/><W48/><G9/><T113/><D128/><U112/><E112/><V73/><F73/><W109/><G109/><T127/><D127/><U55/><E55/><V44/><F103/><W122/><G122/><T50/><D101/><U118/><E118/><V60/><F96/><W65/><G65/><N who="2" m="25161" /><F8/><W102/><G102/><T74/><D74/><U111/><E111/><V63/><F14/><W46/><G49/><T125/><D125/><U3/><E3/><V75/><F75/><W77/><G80/><T107/><D113/><U117/><E117/><V13/><F13/><W92/><G92/><T15/><D15/><N who="1" m="5591" /><E97/><V37/><F37/><W29/><AGARI ba="2,2" hai="4,5,7,29,30,31,41,46,48,76,77" m="7178" machi="29" ten="40,1500,0" yaku="8,1" doraHai="133" who="3" fromWho="3" sc="380,-6,232,-6,203,-9,165,41" /><INIT seed="3,0,0,1,0,67" ten="374,226,194,206" oya="3" hai0="74,111,120,131,12,95,85,88,49,33,121,66,54" hai1="41,79,92,125,81,55,9,61,39,89,115,60,123" hai2="7,69,65,80,103,64,82,52,104,10,57,107,34" hai3="117,50,90,11,87,93,98,56,94,59,46,21,22"/><W24/><G117/><T3/><D74/><U109/><E115/><V72/><F34/><W43/><G11/><T118/><D33/><U119/><E123/><V47/><F107/><W26/><G26/><T106/><D3/><U2/><E119/><V71/><F72/><W58/><REACH who="3" step="1"/><G24/><REACH who="3" ten="374,226,194,196" step="2"/><T127/><D118/><U27/><E27/><V70/><F47/><W13/><G13/><T16/><D121/><U132/><E9/><V35/><F35/><W48/><G48/><T91/><D120/><U135/><E2/><V25/><F25/><W29/><G29/><T32/><D32/><U73/><E132/><V129/><F129/><W45/><G45/><T122/><D131/><U75/><E135/><V6/><F104/><W5/><G5/><T63/><D122/><U84/><E39/><V20/><F20/><W97/><G97/><N who="0" m="57575" /><D106/><U17/><E17/><V99/><F10/><W14/><G14/><T40/><D12/><U38/><E38/><V114/><F114/><W101/><AGARI ba="0,1" hai="21,22,43,46,50,56,58,59,87,90,93,94,98,101" machi="101" ten="30,6000,0" yaku="1,1,0,1,8,1,53,0" doraHai="67" doraHaiUra="4" who="3" fromWho="3" sc="374,-20,226,-20,194,-20,196,70" /><INIT seed="3,1,0,4,0,73" ten="354,206,174,266" oya="3" hai0="13,98,39,111,124,58,115,97,40,55,117,57,66" hai1="130,105,5,17,68,67,135,46,92,90,50,24,133" hai2="78,79,11,91,12,76,112,113,131,119,15,71,132" hai3="29,103,82,28,30,99,134,95,53,70,52,108,87"/><W25/><G134/><N who="1" m="51210" /><E105/><V63/><F132/><W6/><G70/><T59/><D117/><U123/><E123/><V20/><F119/><W7/><G25/><T32/><D13/><U122/><E122/><V93/><F131/><W4/><REACH who="3" step="1"/><G108/><REACH who="3" ten="354,206,174,256" step="2"/><T21/><D111/><U94/><E24/><V116/><F116/><W69/><G69/><T64/><D115/><U35/><E68/><V10/><F113/><W107/><G107/><T16/><D124/><U26/><E26/><V48/><F112/><W33/><G33/><T45/><D32/><U75/><E35/><V56/><F71/><W51/><G51/><N who="0" m="29167" /><D39/><U74/><E50/><V80/><F48/><W0/><G0/><T47/><D47/><U44/><E46/><V96/><F80/><W127/><G127/><T89/><D40/><U23/><E44/><V60/><F20/><W120/><G120/><T118/><D118/><U126/><E126/><V8/><F56/><W88/><AGARI ba="1,1" hai="4,6,7,28,29,30,52,53,82,87,88,95,99,103" machi="88" ten="30,18000,2" yaku="1,1,0,1,8,1,54,2,53,1" doraHai="73" doraHaiUra="86" who="3" fromWho="3" sc="354,-61,206,-61,174,-61,256,193" owari="293,9.0,145,-25.0,113,-39.0,449,55.0" /></mjloggm>