<mjloggm ver="2.3"><GO type="41" lobby="0"/><UN n0="%E5%B0%B1%E6%B4%BB%E7%94%9F%40%E5%B7%9D%E6%9D%91%E8%BB%8D%E5%9B%A3" n1="%CF%88%E3%81%93%E3%81%93%E3%81%82%E3%81%A3%E3%81%A1%CF%88" n2="%73%61%6E%6B%61%6D%6F" n3="%E9%B6%B4%E6%9D%A5%E6%B0%91%E5%AD%90%E3%80%82" dan="15,14,14,16" rate="2008.87,1882.64,1973.16,2001.24" sx="M,F,M,M"/><TAIKYOKU oya="0"/><INIT seed="0,0,0,1,0,56" ten="250,250,250,250" oya="0" hai0="94,95,62,60,102,30,104,124,57,7,97,119,29" hai1="109,39,41,71,107,61,82,123,108,14,23,77,17" hai2="13,24,76,33,120,4,125,37,35,47,90,42,72" hai3="116,101,38,85,133,127,100,9,78,128,129,84,16"/><T92/><D119/><U112/><E107/><V46/><F120/><W67/><G38/><T118/><D118/><U45/><E123/><V115/><F115/><W63/><G116/><T117/><D124/><U103/><E103/><N who="3" m="39498" /><G78/><T43/><D43/><U88/><E112/><V0/><F125/><W91/><G91/><T96/><D7/><U110/><E77/><V105/><F105/><W26/><G127/><T34/><D117/><U89/><E82/><V40/><F24/><W106/><G106/><T74/><D74/><U18/><E17/><V68/><F90/><W75/><G75/><T65/><D34/><U114/><E114/><V111/><F111/><W135/><G84/><T70/><REACH who="0" step="1"/><D97/><REACH who="0" ten="240,250,250,250" step="2"/><U69/><E69/><V5/><F5/><W10/><G85/><T98/><D98/><U53/><E53/><AGARI ba="0,1" hai="29,30,53,57,60,62,65,70,92,94,95,96,102,104" machi="53" ten="40,7700,0" yaku="1,1,52,2,53,0" doraHai="56" doraHaiUra="121" who="0" fromWho="1" sc="240,87,250,-77,250,0,250,0" /><INIT seed="0,1,0,3,3,85" ten="327,173,250,250" oya="0" hai0="98,82,76,123,65,120,27,55,91,36,97,56,88" hai1="102,8,19,60,46,35,2,58,71,6,95,115,17" hai2="34,118,28,20,100,75,14,68,81,108,116,84,134" hai3="130,90,87,31,42,3,73,128,32,52,38,53,62"/><T64/><D36/><U96/><E35/><V50/><F68/><W94/><G73/><T49/><D123/><U18/><E71/><V47/><F34/><W1/><G42/><T67/><D120/><U23/><E115/><V119/><F75/><W24/><G38/><T83/><D27/><U59/><E46/><V5/><F108/><W133/><G133/><T26/><D26/><U70/><E70/><V69/><F69/><W30/><G30/><T109/><D109/><U117/><E117/><N who="2" m="29955" /><V4/><DORA hai="13" /><F134/><W126/><G126/><T112/><D112/><U132/><E132/><V74/><F74/><W106/><G106/><T129/><D129/><N who="3" m="49769" /><G62/><T57/><D76/><U7/><E7/><V41/><F100/><W131/><N who="3" m="49777" /><W12/><DORA hai="105" /><G12/><T99/><D57/><U63/><E63/><V79/><F28/><W77/><G77/><T21/><REACH who="0" step="1"/><D21/><REACH who="0" ten="317,173,250,250" step="2"/><U61/><E61/><V89/><F79/><W103/><G24/><T15/><D15/><U93/><E59/><V51/><F51/><W92/><G31/><T43/><D43/><U135/><E135/><V29/><F29/><W44/><G32/><T33/><D33/><U9/><E9/><V40/><F40/><W66/><G44/><T113/><D113/><U11/><E11/><V72/><F72/><W104/><G1/><T121/><D121/><U48/><E60/><V25/><F25/><W107/><G3/><T78/><D78/><U37/><E37/><V110/><F110/><W86/><G66/><T10/><D10/><U45/><E58/><V101/><F101/><W54/><G103/><RYUUKYOKU ba="1,1" sc="317,10,173,-30,250,10,250,10" hai0="49,55,56,64,65,67,82,83,88,91,97,98,99" hai2="4,5,14,20,41,47,50,81,84,89" hai3="52,53,54,86,87,90,92,94,104,107" /><INIT seed="0,2,1,3,4,69" ten="327,143,260,260" oya="0" hai0="118,59,122,135,133,35,49,101,24,110,95,18,21" hai1="68,39,85,8,14,100,80,5,0,105,7,96,28" hai2="62,6,119,130,37,121,103,98,112,134,12,1,63" hai3="23,55,30,53,16,15,32,19,56,82,117,104,109"/><T90/><D122/><U58/><E68/><V111/><F121/><W76/><G117/><T67/><D118/><U131/><E28/><V11/><F112/><W93/><G104/><T9/><D35/><U129/><E58/><V38/><F119/><W45/><G109/><T50/><D110/><U84/><E0/><V108/><F134/><N who="0" m="51210" /><D101/><U33/><E33/><V78/><F130/><W3/><G3/><T64/><D9/><U66/><E66/><N who="0" m="25129" /><D59/><U51/><E51/><V75/><F1/><W123/><G123/><T20/><D20/><U22/><E22/><V29/><F29/><W70/><G70/><T88/><D90/><U46/><E5/><V86/><F75/><W116/><G30/><T92/><D95/><U44/><E80/><V97/><F111/><W31/><G31/><T132/><N who="0" m="51218" /><T43/><DORA hai="26" /><D43/><U81/><E81/><V4/><F108/><W77/><G32/><T60/><D60/><U87/><E46/><V17/><F63/><W128/><G45/><T13/><D13/><U79/><E79/><V72/><F62/><W61/><G116/><T40/><D40/><U47/><E47/><V94/><F72/><W42/><G77/><T57/><D57/><U10/><E10/><V107/><F78/><W41/><G42/><T125/><D125/><U115/><E129/><V36/><REACH who="2" step="1"/><F86/><AGARI ba="2,1" hai="18,21,24,49,50,86,88,92" m="25129,51218" machi="86" ten="40,3900,0" yaku="20,1,54,1" doraHai="69,26" who="0" fromWho="2" sc="327,55,143,0,260,-45,260,0" /><INIT seed="0,3,0,3,0,37" ten="382,143,215,260" oya="0" hai0="35,19,62,51,89,88,72,107,52,78,1,116,76" hai1="58,47,69,68,30,129,45,84,5,91,57,43,11" hai2="90,14,94,96,34,9,100,7,44,92,39,124,64" hai3="54,66,8,126,117,102,61,135,110,125,82,112,70"/><T60/><D116/><U31/><E129/><V40/><F124/><W41/><G102/><T105/><D35/><U133/><E133/><V95/><F34/><W104/><G104/><T33/><D33/><U130/><E130/><V50/><F64/><W113/><G8/><T4/><D4/><U49/><E68/><V32/><F32/><W75/><G75/><T13/><D1/><U53/><E69/><V118/><F118/><W46/><G82/><T0/><D0/><U103/><E103/><V12/><F39/><N who="3" m="21823" /><G117/><T98/><D72/><U71/><E71/><V108/><F108/><W2/><G2/><T48/><D98/><U56/><E31/><V65/><F65/><W87/><G87/><T86/><D86/><U59/><E30/><V123/><F123/><W74/><G74/><T79/><D48/><U67/><E67/><V20/><F100/><W3/><G3/><T115/><D115/><N who="3" m="44105" /><G54/><T25/><D25/><U16/><E5/><V127/><F127/><N who="3" m="48651" /><G110/><T85/><D105/><U132/><E132/><AGARI ba="3,0" hai="61,66,70,132,135" m="48651,44105,21823" machi="132" ten="40,8000,1" yaku="18,1,23,1,34,2,52,1" doraHai="37" who="3" fromWho="1" sc="382,0,143,-89,215,0,260,89" /><INIT seed="1,0,0,1,5,34" ten="382,54,215,349" oya="1" hai0="113,103,126,67,102,116,59,61,15,58,70,125,44" hai1="9,135,107,119,10,77,22,122,18,129,82,78,27" hai2="94,66,100,130,93,88,56,83,48,36,105,19,46" hai3="124,118,3,8,80,50,131,112,123,21,87,11,26"/><U62/><E107/><V35/><F35/><W96/><G123/><T37/><D116/><U84/><E122/><V91/><F36/><W54/><G112/><T28/><D28/><U111/><E119/><V64/><F130/><W72/><G72/><T110/><D110/><U92/><E129/><V63/><F105/><W68/><G68/><T29/><D29/><U104/><E104/><V99/><F66/><W40/><G118/><T95/><D113/><U13/><E135/><V20/><F94/><W79/><G131/><T1/><D1/><U30/><E111/><V57/><F57/><W114/><G114/><T31/><D31/><U117/><E117/><V53/><REACH who="2" step="1"/><F83/><REACH who="2" ten="382,54,205,349" step="2"/><W43/><G124/><T25/><D95/><U14/><E92/><V134/><F134/><W133/><G133/><T12/><D59/><U89/><REACH who="1" step="1"/><E62/><REACH who="1" ten="382,44,205,349" step="2"/><V109/><F109/><W120/><G120/><T90/><D61/><U16/><AGARI ba="0,2" hai="9,10,13,14,16,18,22,27,30,77,78,82,84,89" machi="16" ten="20,18000,2" yaku="1,1,2,1,0,1,7,1,9,1,8,1,54,1,53,0" doraHai="34" doraHaiUra="51" who="1" fromWho="1" sc="382,-60,44,200,205,-60,349,-60" /><INIT seed="1,1,0,4,1,96" ten="322,244,145,289" oya="1" hai0="104,48,61,23,39,123,88,18,43,59,51,85,57" hai1="15,53,14,102,50,58,67,100,60,79,89,70,21" hai2="129,16,30,101,84,120,44,125,13,68,99,24,118" hai3="111,38,26,76,78,134,25,41,98,110,27,54,11"/><U127/><E79/><V86/><F120/><W37/><G11/><T66/><D104/><U7/><E127/><V46/><F118/><W80/><G54/><T92/><D123/><U69/><E69/><V22/><F125/><W32/><G32/><T36/><D43/><U103/><E7/><V2/><F2/><W124/><G124/><T9/><D9/><U17/><REACH who="1" step="1"/><E89/><REACH who="1" ten="322,234,145,289" step="2"/><V130/><F68/><W8/><G76/><T90/><D90/><U40/><E40/><V128/><F46/><W0/><G41/><T73/><D73/><U87/><E87/><V42/><F44/><W114/><G78/><T75/><D75/><U117/><E117/><V4/><F4/><W74/><G74/><T34/><D85/><U94/><E94/><N who="2" m="58615" /><F42/><W20/><G38/><T5/><D5/><U131/><E131/><N who="2" m="33539" /><V63/><DORA hai="47" /><F63/><W97/><G37/><T113/><D61/><U115/><E115/><V65/><F65/><W116/><G116/><T112/><D66/><U132/><E132/><V133/><F133/><W45/><G114/><T62/><D62/><U81/><E81/><V28/><F28/><W121/><G134/><T71/><D36/><U10/><E10/><AGARI ba="1,1" hai="10,13,16,22,24,30,84,86" m="33539,58615" machi="10" ten="40,5200,0" yaku="19,1,52,1,54,1" doraHai="96,47" who="2" fromWho="1" sc="322,0,234,-55,145,65,289,0" /><INIT seed="2,0,0,5,2,119" ten="322,179,210,289" oya="2" hai0="27,72,52,61,89,75,43,21,124,7,100,46,24" hai1="78,57,54,125,91,129,71,73,128,34,38,40,76" hai2="85,50,110,135,132,107,3,53,56,5,51,123,121" hai3="66,65,97,130,42,45,106,49,131,118,60,112,19"/><V59/><F107/><W93/><G106/><T33/><D124/><U64/><E34/><V133/><F85/><W11/><G118/><T87/><D7/><U94/><E125/><V16/><F110/><W26/><G112/><T88/><D89/><U14/><E14/><V68/><F68/><W120/><G120/><N who="2" m="46153" /><F16/><W104/><G104/><T39/><D100/><U13/><E13/><V36/><F36/><W122/><G122/><T108/><D33/><U20/><E20/><V70/><F70/><W22/><G11/><T47/><D27/><U48/><E73/><V115/><F115/><W127/><G127/><T10/><D10/><U15/><E15/><V9/><F51/><W67/><REACH who="3" step="1"/><G60/><REACH who="3" ten="322,179,210,279" step="2"/><T0/><D108/><U74/><E74/><V84/><F84/><W31/><G31/><T105/><D105/><U126/><E126/><V62/><F62/><W55/><G55/><T81/><D0/><U2/><E2/><V114/><F114/><W23/><G23/><T6/><D6/><U32/><E32/><V25/><F25/><W1/><G1/><T134/><D75/><U109/><E109/><V90/><F90/><AGARI ba="0,1" hai="19,22,26,42,45,49,65,66,67,90,93,97,130,131" machi="90" ten="40,1300,0" yaku="1,1,53,0" doraHai="119" doraHaiUra="77" who="3" fromWho="2" sc="322,0,179,0,210,-13,279,23" /><INIT seed="3,0,0,4,2,80" ten="322,179,197,302" oya="3" hai0="48,59,127,3,129,1,5,79,124,28,87,34,112" hai1="104,62,98,89,43,15,88,0,23,118,92,7,54" hai2="57,72,121,83,74,44,38,97,111,67,81,71,116" hai3="21,11,49,122,101,109,9,61,102,68,133,106,10"/><W20/><G122/><T130/><D34/><U114/><E43/><V53/><F116/><W107/><G49/><T47/><D59/><U2/><E114/><V94/><F111/><W22/><G109/><T99/><D28/><U70/><E118/><V33/><F33/><W16/><G61/><T24/><D99/><U120/><E120/><V40/><F121/><W35/><G68/><T110/><D24/><U64/><E104/><N who="3" m="39978" /><G35/><T66/><D66/><U117/><E117/><V31/><F31/><W17/><G133/><T69/><D69/><U41/><E41/><V77/><F83/><W95/><G95/><T108/><D112/><U82/><E54/><V52/><F71/><W39/><G39/><T4/><D108/><U75/><E75/><V63/><REACH who="2" step="1"/><F74/><REACH who="2" ten="322,179,187,302" step="2"/><W128/><G128/><N who="0" m="49259" /><D110/><U103/><E82/><V13/><F13/><W58/><G58/><T96/><D3/><U132/><E132/><V119/><F119/><W134/><G134/><T73/><D1/><U6/><E2/><V37/><F37/><W51/><G51/><T125/><D73/><U60/><E0/><V29/><F29/><W86/><G86/><T76/><D96/><U56/><E70/><V90/><AGARI ba="0,1" hai="38,40,44,52,53,57,63,67,72,77,81,90,94,97" machi="90" ten="20,5200,0" yaku="1,1,0,1,7,1,54,1,53,0" doraHai="80" doraHaiUra="19" who="2" fromWho="2" sc="322,-13,179,-13,187,62,302,-26" /><INIT seed="4,0,0,5,2,60" ten="309,166,249,276" oya="0" hai0="9,122,68,108,35,81,69,48,72,54,116,134,79" hai1="115,8,86,51,95,28,17,111,31,50,125,25,63" hai2="27,105,12,36,20,77,55,89,4,14,106,117,102" hai3="98,10,85,114,26,43,118,82,91,44,53,62,96"/><T11/><D116/><U94/><E8/><V97/><F36/><W0/><G118/><T88/><D122/><U41/><E111/><V109/><F109/><W127/><G114/><T15/><D35/><U57/><E125/><V92/><F117/><W76/><G127/><T19/><D108/><U78/><E78/><V61/><F77/><W1/><G26/><T119/><D119/><U93/><E115/><V133/><F133/><W65/><G53/><T39/><D39/><U107/><E107/><V110/><F110/><W130/><G130/><T126/><D134/><U6/><E6/><V22/><F106/><W16/><G91/><T73/><D73/><U21/><E41/><V104/><F104/><W75/><G75/><T40/><D40/><U32/><E86/><V45/><F4/><W42/><G42/><T64/><D11/><U47/><E32/><V30/><F22/><W33/><G33/><T83/><D64/><N who="1" m="39023" /><E47/><V113/><F113/><W128/><G0/><T112/><D112/><U29/><AGARI ba="0,0" hai="17,21,25,28,29,31,50,51,93,94,95" m="39023" machi="29" ten="30,2000,0" yaku="8,1,52,1" doraHai="60" who="1" fromWho="1" sc="309,-10,166,20,249,-5,276,-5" /><INIT seed="5,0,0,2,4,95" ten="299,186,244,271" oya="1" hai0="4,131,10,9,15,46,3,68,106,39,110,6,21" hai1="36,108,33,75,57,103,84,51,91,98,135,79,2" hai2="41,34,1,62,126,105,70,38,132,123,20,5,66" hai3="86,8,92,127,99,18,117,29,124,96,107,28,85"/><U93/><E33/><V52/><F123/><W97/><G107/><T122/><D68/><U16/><E2/><V101/><F34/><W53/><G117/><T11/><D106/><N who="1" m="63863" /><E36/><V71/><F132/><W116/><G116/><T81/><D81/><N who="1" m="45311" /><E135/><V119/><F119/><W120/><G120/><T114/><D39/><U121/><E121/><V80/><F126/><N who="3" m="48171" /><G92/><T49/><D122/><U31/><E31/><N who="3" m="11850" /><G53/><T112/><D131/><U133/><E133/><V59/><F80/><W83/><G83/><T94/><D110/><U37/><E37/><V63/><F20/><W67/><G67/><T88/><D21/><U78/><E78/><V35/><F35/><W77/><G77/><T22/><D22/><U56/><E108/><V45/><F71/><W72/><G72/><T74/><D74/><U27/><E51/><V19/><F19/><W89/><G89/><T25/><D25/><U48/><E48/><N who="2" m="31111" /><F1/><W104/><G104/><T26/><D26/><U50/><E50/><V134/><F134/><W14/><AGARI ba="0,0" hai="8,14,18,85,86,96,97,99" m="11850,48171" machi="14" ten="40,8000,1" yaku="18,1,52,3" doraHai="95" who="3" fromWho="3" sc="299,-20,186,-40,244,-20,271,80" /><INIT seed="6,0,0,0,0,67" ten="279,146,224,351" oya="2" hai0="60,93,21,119,32,58,69,86,115,83,128,113,96" hai1="116,23,19,18,98,62,88,6,34,35,89,33,57" hai2="53,14,99,8,51,130,59,102,111,118,117,52,48" hai3="44,15,74,85,71,90,124,127,13,106,114,43,20"/><V108/><F130/><W0/><G74/><T104/><D32/><U92/><E6/><V40/><F40/><W9/><G0/><T2/><D2/><U131/><E116/><V81/><F81/><W30/><G106/><T95/><D119/><N who="2" m="45578" /><F102/><W29/><G71/><T126/><D128/><U5/><E5/><V94/><F99/><W56/><G56/><T26/><D104/><U91/><E131/><V12/><F94/><N who="3" m="54607" /><G20/><T22/><D69/><U11/><E11/><V64/><F8/><W54/><G54/><N who="2" m="21097" /><F14/><N who="3" m="5131" /><G114/><T72/><D72/><U45/><E45/><V80/><F80/><W135/><G9/><T87/><D26/><U55/><REACH who="1" step="1"/><E18/><REACH who="1" ten="279,136,224,351" step="2"/><V109/><F12/><AGARI ba="0,1" hai="12,19,23,33,34,35,55,57,62,88,89,91,92,98" machi="12" ten="40,5200,0" yaku="1,1,2,1,54,1,53,0" doraHai="67" doraHaiUra="125" who="1" fromWho="2" sc="279,0,136,62,224,-52,351,0" /><INIT seed="7,0,0,5,3,113" ten="279,198,172,351" oya="3" hai0="57,83,82,51,12,4,111,102,67,55,78,7,66" hai1="23,81,112,97,38,37,39,31,87,106,56,98,110" hai2="13,131,93,122,25,20,101,63,11,65,95,69,127" hai3="24,123,75,10,52,73,104,0,2,119,58,80,59"/><W45/><G104/><T125/><D111/><U72/><E72/><V86/><F131/><W46/><G119/><T130/><D125/><U16/><E110/><V85/><F127/><W90/><G24/><T6/><D130/><U96/><E112/><V41/><F122/><W71/><G71/><T94/><D12/><U30/><E106/><V74/><F74/><W14/><G75/><T18/><D18/><U76/><E56/><N who="3" m="21546" /><G45/><T28/><D28/><U134/><E134/><V105/><F105/><W48/><G73/><T121/><D121/><U35/><E35/><V70/><F70/><W68/><G68/><T117/><D117/><U19/><REACH who="1" step="1"/><E23/><REACH who="1" ten="279,188,172,351" step="2"/><V42/><F101/><W32/><G32/><T47/><D57/><U44/><E44/><V79/><F86/><N who="3" m="50503" /><G123/><T114/><D114/><U88/><E88/><V108/><F108/><W60/><G46/><T89/><D102/><U84/><E84/><V8/><F79/><W49/><G60/><T129/><D129/><U1/><E1/><V124/><F124/><W115/><G0/><T43/><D43/><U34/><E34/><V107/><F107/><W15/><G2/><T99/><D78/><U128/><E128/><V5/><F85/><W135/><G135/><T100/><D100/><U26/><E26/><V92/><REACH who="2" step="1"/><F11/><REACH who="2" ten="279,188,162,351" step="2"/><W103/><G10/><T22/><D99/><U54/><E54/><V33/><F33/><W91/><G52/><T109/><D55/><U133/><E133/><V50/><F50/><W62/><G103/><T9/><D51/><U27/><E27/><V53/><F53/><W36/><G115/><RYUUKYOKU ba="0,2" sc="279,-15,188,15,162,15,351,-15" hai1="16,19,30,31,37,38,39,76,81,87,96,97,98" hai2="5,8,13,20,25,41,42,63,65,69,92,93,95" owari="264,6.0,203,-20.0,177,-32.0,356,46.0" /></mjloggm>