<mjloggm ver="2.3"><GO type="169" lobby="0"/><UN n0="%E3%80%93%E4%BD%90%E5%A4%A9%E3%81%95%E3%82%93%E3%80%93" n1="%E3%82%A6%E3%83%AB%E3%83%88%E3%83%A9%E7%AB%8B%E7%9B%B4" n2="%74%61%6E%61%4B%61" n3="%E5%A4%A9%E9%BC%93" dan="17,16,16,17" rate="2112.13,2120.71,2100.79,2174.47" sx="F,M,M,M"/><TAIKYOKU oya="0"/><INIT seed="0,0,0,4,1,32" ten="250,250,250,250" oya="0" hai0="103,10,71,3,128,48,35,43,111,22,4,65,18" hai1="133,11,135,13,117,42,6,86,102,60,31,7,89" hai2="74,2,52,134,75,62,41,81,73,46,124,114,78" hai3="119,47,36,85,101,126,59,23,122,125,79,38,17"/><T98/><D128/><U82/><E117/><V15/><F114/><W93/><G119/><T55/><D35/><U24/><E42/><V57/><F124/><N who="3" m="47723" /><G122/><T87/><D43/><U0/><E102/><V110/><F110/><W67/><G47/><T39/><D111/><U116/><E116/><V99/><F134/><N who="1" m="51209" /><E60/><V21/><F2/><W90/><G79/><T66/><D87/><U25/><E31/><V64/><F99/><N who="3" m="59631" /><G59/><T30/><D30/><U123/><E123/><V40/><F40/><W16/><G67/><T91/><D91/><U127/><E127/><V34/><F34/><W27/><G17/><T14/><D39/><U29/><E29/><V105/><F105/><W121/><G121/><T56/><REACH who="0" step="1"/><D71/><REACH who="0" ten="240,250,250,250" step="2"/><U68/><E68/><V76/><F78/><W50/><G50/><T104/><AGARI ba="0,1" hai="3,4,10,14,18,22,48,55,56,65,66,98,103,104" machi="104" ten="20,18000,2" yaku="1,1,2,1,0,1,7,1,52,1,53,1" doraHai="32" doraHaiUra="1" who="0" fromWho="0" sc="240,190,250,-60,250,-60,250,-60" /><INIT seed="0,1,0,2,1,52" ten="430,190,190,190" oya="0" hai0="62,39,116,75,128,94,98,35,88,65,69,26,84" hai1="97,24,118,79,33,93,78,71,47,111,1,38,3" hai2="16,22,105,31,14,99,50,44,42,135,123,115,114" hai3="89,36,66,21,8,61,18,56,59,4,87,73,113"/><T51/><D39/><U2/><E118/><V43/><F123/><W32/><G32/><T48/><D75/><U30/><E111/><V45/><F135/><W110/><G73/><T63/><D116/><U77/><E71/><V67/><F67/><W119/><G36/><T27/><D128/><U41/><REACH who="1" step="1"/><E79/><REACH who="1" ten="430,180,190,190" step="2"/><V131/><F131/><W127/><G110/><T6/><D69/><U121/><E121/><V80/><F31/><W103/><G119/><T109/><D109/><U76/><E76/><V91/><F114/><W122/><G113/><T68/><D68/><U28/><E28/><V13/><F115/><W101/><G122/><T10/><D35/><U95/><E95/><V70/><F70/><W134/><G134/><T125/><D94/><U86/><E86/><N who="2" m="50631" /><F105/><W100/><G127/><T34/><D84/><U55/><E55/><V60/><F99/><W90/><G87/><T133/><D98/><U72/><E72/><V106/><F106/><W17/><G59/><T74/><D125/><U25/><E25/><N who="2" m="14535" /><F60/><W46/><G46/><T64/><D74/><U11/><E11/><V83/><F83/><W54/><G66/><T130/><D34/><U12/><E12/><V126/><F126/><W5/><G8/><T102/><D133/><U53/><E53/><V29/><F29/><W85/><G85/><T81/><D65/><U40/><E40/><V20/><F13/><W132/><G132/><T96/><D64/><U107/><E107/><V15/><F20/><W0/><G21/><T58/><D130/><U82/><E82/><V124/><F124/><W92/><G61/><RYUUKYOKU ba="1,1" sc="430,-15,180,15,190,15,190,-15" hai1="1,2,3,24,30,33,38,41,47,77,78,93,97" hai2="14,15,42,43,44,45,50" /><INIT seed="1,2,1,3,1,37" ten="415,195,205,175" oya="1" hai0="1,10,132,117,58,123,47,80,19,104,21,100,13" hai1="44,135,25,69,105,88,48,108,39,3,24,91,89" hai2="125,54,6,20,70,72,51,35,26,41,102,109,8" hai3="67,92,12,50,7,87,18,53,4,31,98,61,84"/><U79/><E135/><V119/><F119/><W124/><G124/><T17/><D117/><U2/><E108/><V42/><F125/><W23/><G31/><T0/><D132/><U86/><E105/><V46/><F35/><W33/><G33/><T95/><D104/><U85/><E69/><V60/><F72/><W57/><G87/><T82/><D0/><U49/><E39/><V30/><F109/><W121/><G84/><N who="1" m="32362" /><E79/><V114/><F114/><W97/><G97/><T52/><D1/><N who="1" m="11" /><E44/><V9/><F102/><W101/><REACH who="3" step="1"/><G121/><REACH who="3" ten="415,195,205,165" step="2"/><T133/><D123/><U74/><E74/><V32/><F32/><W126/><G126/><T128/><D133/><U65/><E65/><V28/><F30/><W56/><AGARI ba="2,2" hai="4,7,12,18,23,50,53,56,57,61,67,92,98,101" machi="56" ten="20,5200,0" yaku="1,1,0,1,7,1,8,1,53,0" doraHai="37" doraHaiUra="43" who="3" fromWho="3" sc="415,-15,195,-28,205,-15,165,78" /><INIT seed="2,0,0,2,5,75" ten="400,167,190,243" oya="2" hai0="112,111,32,5,20,51,66,26,36,106,53,131,114" hai1="37,113,48,39,98,124,100,15,73,72,74,127,123" hai2="84,101,120,107,1,52,96,85,10,23,47,49,122" hai3="99,2,115,30,128,126,109,57,105,56,103,135,77"/><V80/><F85/><W132/><G2/><T35/><D36/><U130/><E113/><V43/><F23/><W31/><G109/><T41/><D41/><U65/><E130/><V119/><F119/><W45/><G128/><T76/><D106/><U38/><E123/><V79/><REACH who="2" step="1"/><F43/><REACH who="2" ten="400,167,180,243" step="2"/><W133/><G133/><T71/><D131/><U17/><E74/><V33/><F33/><W63/><G132/><T6/><D35/><U42/><E73/><V24/><F24/><W125/><G135/><T54/><D32/><U121/><E72/><V27/><F27/><W95/><G115/><T88/><D114/><U50/><E42/><V18/><F18/><W46/><G30/><T16/><D112/><U44/><E17/><V61/><F61/><W90/><G31/><T117/><D117/><U11/><E124/><V59/><F59/><W93/><G63/><T19/><D20/><U40/><E127/><V102/><F102/><W86/><G125/><T67/><D26/><U116/><E116/><V58/><F58/><W91/><G126/><T14/><D19/><N who="1" m="8703" /><E50/><V70/><F70/><W78/><G57/><T134/><D71/><U110/><E48/><V94/><F94/><W89/><G56/><T118/><D134/><U60/><E39/><V7/><AGARI ba="0,1" hai="1,7,10,47,49,52,79,80,84,96,101,107,120,122" machi="7" ten="30,11700,0" yaku="1,1,0,1,52,1,54,1,53,0" doraHai="75" doraHaiUra="13" who="2" fromWho="2" sc="400,-39,167,-39,180,127,243,-39" /><INIT seed="2,1,0,0,2,43" ten="361,128,307,204" oya="2" hai0="81,102,61,110,131,6,54,69,40,66,29,109,57" hai1="82,126,19,8,107,116,26,129,113,93,96,25,79" hai2="22,35,103,95,30,67,133,14,76,38,77,33,42" hai3="125,97,45,51,60,112,83,71,59,18,46,0,84"/><V21/><F67/><W94/><G71/><T90/><D131/><U132/><E116/><V87/><F38/><W53/><G0/><T122/><D122/><U5/><E113/><V104/><F104/><W4/><G125/><T123/><D123/><U24/><E126/><V32/><F42/><W58/><G4/><T70/><D102/><U135/><E107/><V20/><F133/><W13/><G112/><T80/><D29/><U64/><E129/><V55/><F55/><N who="3" m="33919" /><G83/><T128/><D40/><U108/><E108/><V44/><F44/><N who="3" m="27879" /><G84/><T111/><D128/><U62/><E19/><V75/><F75/><W52/><G13/><T47/><D6/><U27/><N who="1" m="6144" /><DORA hai="121" /><U92/><E135/><V10/><F30/><W16/><G16/><T127/><D127/><U12/><E96/><V50/><F50/><N who="3" m="30999" /><G18/><T28/><D28/><U3/><E3/><V11/><F14/><W9/><G9/><T2/><D2/><U41/><E41/><V36/><F87/><W105/><G105/><T63/><D70/><U118/><E118/><V134/><F134/><W48/><G48/><T86/><D80/><U98/><E98/><V74/><F74/><W39/><G39/><T106/><D106/><U49/><E49/><V115/><F36/><W89/><AGARI ba="1,0" hai="45,46,89,94,97" m="30999,27879,33919" machi="89" ten="30,8000,1" yaku="8,1,52,3,54,1" doraHai="43,121" who="3" fromWho="3" sc="361,-21,128,-21,307,-41,204,83" /><INIT seed="3,0,0,1,3,118" ten="340,107,266,287" oya="3" hai0="32,1,98,84,83,102,99,73,38,50,27,71,100" hai1="14,103,28,41,6,26,9,125,16,79,104,48,52" hai2="95,116,82,80,56,133,94,108,93,59,86,132,25" hai3="39,70,8,121,114,46,64,77,127,11,69,115,117"/><W68/><G117/><T110/><D38/><U107/><E125/><V119/><F25/><W33/><G33/><T96/><D1/><U55/><E79/><V17/><F17/><W124/><G77/><T123/><D71/><U105/><E103/><V24/><F24/><W34/><G34/><T91/><D50/><U134/><E134/><V43/><F43/><N who="3" m="22911" /><G11/><T18/><D18/><U40/><E6/><V81/><F108/><W78/><G78/><N who="0" m="44495" /><D27/><U63/><E63/><V75/><F119/><W74/><G74/><T4/><D4/><U120/><E120/><V130/><F116/><W35/><G121/><T113/><D32/><U5/><E5/><V106/><F106/><W61/><G8/><T22/><D22/><U10/><E10/><V45/><F45/><W37/><G35/><T49/><D49/><U29/><E55/><V109/><F109/><W15/><G37/><T85/><D110/><U122/><E122/><V112/><F130/><W129/><G15/><T20/><D20/><U57/><REACH who="1" step="1"/><E26/><REACH who="1" ten="340,97,266,287" step="2"/><V65/><F75/><W128/><G61/><T131/><D123/><U97/><E97/><V111/><F111/><W67/><G67/><T2/><D99/><U101/><E101/><V72/><F65/><W13/><G64/><T76/><D76/><U54/><E54/><V23/><F72/><W60/><G60/><T21/><D102/><U30/><AGARI ba="0,1" hai="9,14,16,28,29,30,40,41,48,52,57,104,105,107" machi="30" ten="40,8000,1" yaku="1,1,0,1,54,2,53,0" doraHai="118" doraHaiUra="0" who="1" fromWho="1" sc="340,-20,97,90,266,-20,287,-40" /><INIT seed="4,0,0,1,0,45" ten="320,187,246,247" oya="0" hai0="37,106,49,75,127,89,79,80,110,63,113,14,48" hai1="27,62,19,18,122,32,120,20,56,40,3,12,83" hai2="52,109,13,93,123,10,55,65,6,101,8,57,103" hai3="86,28,39,119,60,90,29,135,17,72,67,88,133"/><T61/><D37/><U81/><E3/><V76/><F109/><W78/><G72/><T66/><D106/><U99/><E122/><V94/><F76/><W46/><G119/><T11/><D110/><U114/><E120/><V54/><F8/><W105/><G105/><T117/><D117/><U15/><E114/><V131/><F131/><W73/><G17/><T36/><D36/><U84/><E40/><V0/><F0/><W33/><G90/><T116/><D116/><U96/><E32/><V82/><F82/><N who="3" m="45391" /><G33/><T7/><D113/><U5/><E5/><V26/><F26/><W22/><G22/><T74/><D74/><U132/><E132/><N who="3" m="50762" /><G46/><T47/><D47/><U130/><E130/><V1/><F1/><W121/><G39/><T91/><D63/><U42/><E27/><V118/><F118/><W43/><G43/><T31/><D31/><U111/><E42/><V100/><F123/><W129/><G129/><T53/><D53/><U87/><E111/><V128/><F128/><W23/><G23/><T4/><D91/><U95/><E95/><N who="2" m="36363" /><F65/><W21/><G21/><T9/><D89/><U134/><E134/><V30/><F30/><W38/><G38/><T108/><D108/><U59/><E20/><V124/><F124/><W50/><G121/><T71/><D127/><U68/><E62/><AGARI ba="0,0" hai="6,10,13,52,54,55,57,62,100,101,103" m="36363" machi="62" ten="30,2000,0" yaku="8,1,54,1" doraHai="45" who="2" fromWho="1" sc="320,0,187,-20,246,20,247,0" /><INIT seed="5,0,0,5,5,50" ten="320,167,266,247" oya="1" hai0="68,60,100,26,25,14,109,10,87,49,2,130,28" hai1="85,80,90,125,34,117,19,54,66,116,1,17,65" hai2="94,56,88,113,98,92,35,121,7,47,30,97,102" hai3="122,82,129,29,3,91,115,107,53,16,86,71,77"/><U76/><E125/><V45/><F121/><W81/><G122/><T78/><D2/><U23/><E34/><V32/><F113/><W135/><G115/><T123/><D100/><U73/><E1/><V128/><F128/><W106/><G71/><T62/><D68/><U124/><E124/><V0/><F0/><W22/><G29/><T83/><D130/><U4/><E4/><V43/><F7/><W46/><G135/><T38/><D38/><U95/><E19/><V131/><F131/><W39/><G129/><T36/><D36/><U84/><E73/><V99/><F99/><W104/><G3/><T132/><D132/><U33/><E33/><V18/><F18/><W108/><G108/><T134/><D109/><U61/><E117/><V27/><F35/><W52/><G46/><T44/><D123/><U59/><REACH who="1" step="1"/><E116/><REACH who="1" ten="320,157,266,247" step="2"/><V111/><F111/><W8/><G8/><T67/><D134/><U24/><AGARI ba="0,1" hai="17,23,24,54,59,61,65,66,76,80,84,85,90,95" machi="24" ten="20,18000,2" yaku="1,1,2,1,0,1,7,1,8,1,52,1,53,1" doraHai="50" doraHaiUra="51" who="1" fromWho="1" sc="320,-60,157,190,266,-60,247,-60" /><INIT seed="5,1,0,3,1,65" ten="260,347,206,187" oya="1" hai0="127,31,9,55,17,134,135,70,96,59,101,22,133" hai1="4,42,111,102,132,23,35,124,108,10,88,47,69" hai2="80,37,44,3,86,94,46,52,28,64,113,18,114" hai3="129,36,99,118,29,27,45,110,51,97,121,122,60"/><U2/><E35/><V7/><F28/><W125/><G110/><N who="1" m="42026" /><E102/><V90/><F64/><W30/><G36/><T24/><D127/><U104/><E104/><V13/><F37/><W85/><G125/><T81/><D81/><U72/><E72/><V53/><F80/><W103/><G129/><T105/><D70/><U78/><E78/><V95/><F95/><W56/><G85/><T130/><D130/><U89/><E69/><V58/><F7/><W131/><G118/><T57/><D55/><N who="2" m="21066" /><F58/><W12/><G12/><AGARI ba="1,0" hai="9,12,17,22,24,31,57,59,96,101,105,133,134,135" machi="12" ten="40,1300,0" yaku="20,1" doraHai="65" who="0" fromWho="3" sc="260,16,347,0,206,0,187,-16" /><INIT seed="6,0,0,4,4,61" ten="276,347,206,171" oya="2" hai0="120,97,106,28,4,48,31,65,92,81,41,119,58" hai1="117,14,75,125,64,121,2,135,13,91,10,90,89" hai2="80,114,84,23,102,77,96,22,63,49,29,132,116" hai3="118,67,133,17,37,18,6,19,7,57,21,36,0"/><V122/><F122/><W134/><G118/><T12/><D106/><U51/><E117/><V87/><F116/><W78/><G21/><T79/><D120/><U53/><E75/><V38/><F38/><W33/><G33/><T39/><D39/><N who="3" m="14921" /><G78/><T72/><D119/><U107/><E107/><V9/><F114/><W131/><G131/><T34/><D34/><U40/><E40/><V126/><F126/><W82/><G82/><T27/><D27/><U109/><E109/><V130/><F130/><W44/><G44/><T104/><D104/><U100/><E125/><V66/><F132/><N who="3" m="50795" /><G0/><T105/><D81/><U16/><E2/><V124/><F124/><W95/><G95/><T52/><D92/><U1/><E1/><V43/><F87/><W54/><G54/><T101/><D52/><U55/><E55/><V70/><F29/><W99/><G99/><T103/><D97/><U83/><E83/><V115/><F115/><W25/><G25/><T56/><D31/><U112/><E121/><V8/><F96/><W68/><G57/><T76/><D58/><U62/><E112/><V85/><F102/><W98/><G98/><T129/><D101/><U111/><E100/><V20/><REACH who="2" step="1"/><F85/><REACH who="2" ten="276,347,196,171" step="2"/><W5/><G5/><T26/><D4/><N who="3" m="1577" /><G68/><T71/><D71/><N who="1" m="42391" /><E135/><V47/><AGARI ba="0,1" hai="8,9,20,22,23,43,47,49,63,66,70,77,80,84" machi="47" ten="30,6000,0" yaku="1,1,0,1,52,1,53,0" doraHai="61" doraHaiUra="128" who="2" fromWho="2" sc="276,-20,347,-20,196,70,171,-20" /><INIT seed="6,1,0,4,2,32" ten="256,327,266,151" oya="2" hai0="74,75,107,43,119,35,3,27,106,88,64,52,10" hai1="126,82,33,79,5,130,39,93,112,81,95,98,7" hai2="54,127,8,129,123,67,42,108,59,12,87,68,46" hai3="63,18,71,58,131,100,36,51,85,121,41,76,14"/><V13/><F123/><W113/><G121/><T2/><D64/><U28/><E39/><V55/><F127/><W91/><G113/><T78/><D43/><U99/><E33/><V47/><F129/><W135/><G131/><T124/><D10/><U92/><E130/><V109/><F68/><W60/><G135/><T120/><D120/><U116/><E116/><V77/><F67/><W80/><G36/><T11/><D11/><U115/><E28/><V57/><F8/><W15/><G71/><T34/><D78/><U70/><E70/><V19/><F87/><W38/><G38/><T122/><D122/><U73/><E126/><V53/><F77/><W40/><G100/><T94/><D124/><U44/><E44/><N who="2" m="16939" /><F19/><W37/><G37/><T101/><D101/><U65/><E65/><V1/><F1/><W90/><G18/><T105/><D119/><U102/><E7/><V9/><F9/><W134/><G134/><T62/><D35/><U86/><E5/><V16/><F42/><W83/><G76/><T114/><D114/><N who="1" m="43563" /><E99/><V4/><F16/><W49/><REACH who="3" step="1"/><G85/><REACH who="3" ten="256,327,266,141" step="2"/><T50/><D75/><U97/><E73/><V96/><F4/><W29/><G29/><T6/><D74/><U48/><E79/><V133/><F133/><W128/><G128/><T66/><D6/><U69/><E86/><V22/><F96/><W0/><G0/><T31/><D2/><U21/><E69/><V118/><F118/><W20/><G20/><T56/><D3/><U45/><E21/><V30/><F22/><W117/><G117/><T17/><D17/><U84/><E98/><RYUUKYOKU ba="1,1" sc="256,-10,327,-10,266,-10,141,30" hai3="14,15,40,41,49,51,58,60,63,80,83,90,91" /><INIT seed="7,2,1,0,2,61" ten="246,317,256,171" oya="3" hai0="28,133,129,126,37,55,123,74,23,27,15,97,59" hai1="109,114,96,16,130,90,58,99,98,134,82,4,81" hai2="33,88,115,86,79,127,91,51,122,119,83,62,24" hai3="48,93,6,103,84,92,7,57,94,132,85,42,125"/><W102/><G132/><T89/><D123/><U73/><E73/><V31/><F119/><W3/><G125/><T21/><D74/><U135/><E109/><V45/><F127/><W35/><G35/><T117/><D37/><U80/><E4/><N who="3" m="1578" /><G3/><T10/><D129/><U124/><E124/><V32/><F115/><W17/><G57/><T41/><D41/><U34/><E34/><V107/><F33/><W46/><G17/><T63/><D117/><U116/><E116/><V66/><F107/><W26/><G26/><T71/><D71/><U44/><E114/><V52/><F122/><W50/><G50/><T121/><D133/><N who="1" m="50699" /><E130/><V56/><AGARI ba="2,1" hai="24,31,32,45,51,52,56,62,66,79,83,86,88,91" machi="56" ten="20,8000,1" yaku="0,1,7,1,52,1,54,2" doraHai="61" who="2" fromWho="2" sc="246,-22,317,-22,256,96,171,-42" owari="224,-18.0,295,10.0,352,45.0,129,-37.0" /></mjloggm>