<mjloggm ver="2.3"><GO type="97" lobby="0"/><UN n0="%E5%B0%B1%E6%B4%BB%E7%94%9F%40%E5%B7%9D%E6%9D%91%E8%BB%8D%E5%9B%A3" n1="%E3%83%9F%E3%82%BF%E3%83%A2%E3%83%B3" n2="%E3%82%B7%E3%83%B3%E3%83%9C%E3%83%AA%E5%85%BC%E5%AD%90" n3="%E7%B7%92%E6%96%B9%E6%99%BA%E7%B5%B5%E9%87%8C%2B" dan="16,13,14,14" rate="2077.91,1813.79,1907.18,2025.11" sx="M,M,M,M"/><TAIKYOKU oya="0"/><INIT seed="0,0,0,0,5,6" ten="250,250,250,250" oya="0" hai0="8,32,15,39,71,13,129,22,21,133,18,124,125" hai1="33,37,36,93,26,126,62,118,119,67,54,110,3" hai2="44,127,60,70,25,12,27,115,95,114,117,77,66" hai3="72,112,16,116,41,99,86,52,100,19,46,80,68"/><T28/><D71/><U85/><E85/><V1/><F1/><W105/><G116/><T10/><D39/><U109/><E93/><V98/><F117/><N who="1" m="44553" /><E54/><V4/><F127/><N who="0" m="48714" /><D133/><U120/><E126/><V131/><F131/><W5/><G112/><T84/><D84/><U79/><E79/><V47/><F77/><W42/><G68/><T51/><D51/><U58/><E120/><V135/><F135/><W87/><G72/><T75/><D75/><U76/><E76/><V45/><F12/><W61/><G5/><N who="0" m="3215" /><D129/><U38/><E3/><V24/><REACH who="2" step="1"/><F4/><REACH who="2" ten="250,250,240,250" step="2"/><W103/><G80/><T48/><D48/><U97/><E38/><V11/><F11/><W90/><G61/><T14/><D14/><U88/><E62/><V20/><F20/><W106/><G46/><T50/><D50/><U55/><E37/><V30/><F30/><W56/><G56/><T101/><D101/><AGARI ba="0,1" hai="24,25,27,44,45,47,60,66,70,95,98,101,114,115" machi="101" ten="40,1300,0" yaku="1,1,53,0" doraHai="6" doraHaiUra="123" who="2" fromWho="0" sc="250,-13,250,0,240,23,250,0" /><INIT seed="1,0,0,4,5,69" ten="237,250,263,250" oya="1" hai0="89,111,88,99,63,85,22,132,135,0,36,87,130" hai1="39,80,42,4,120,17,26,20,29,96,67,107,134" hai2="52,81,125,112,93,48,34,72,68,64,1,110,16" hai3="32,58,33,95,121,105,119,13,43,92,51,59,40"/><U19/><E120/><V66/><F34/><W37/><G121/><T122/><D0/><U126/><E67/><V131/><F1/><W100/><G105/><T108/><D63/><U77/><E4/><V73/><F110/><N who="0" m="42026" /><D22/><U114/><E114/><V28/><F112/><W25/><G119/><T15/><D15/><U117/><E117/><V45/><F125/><W38/><G13/><T10/><D10/><U78/><E126/><V74/><F131/><W116/><G116/><T61/><D61/><U113/><E113/><V6/><F6/><W70/><G51/><T104/><D36/><U79/><E134/><N who="0" m="51241" /><D130/><U35/><E19/><V91/><F28/><W86/><G100/><N who="0" m="62495" /><D122/><U90/><E39/><V27/><F81/><W5/><G5/><T103/><D103/><U24/><E42/><V50/><F68/><W21/><G70/><T102/><D102/><U11/><E35/><V56/><F27/><W83/><G21/><T65/><D65/><U115/><E20/><V30/><F30/><W118/><G118/><T75/><D75/><U12/><E29/><V60/><F50/><W47/><G47/><T106/><D106/><U62/><E62/><V129/><F129/><W133/><G133/><T53/><D53/><U71/><E71/><V7/><F7/><W8/><G8/><T98/><D98/><U127/><E26/><V2/><F2/><W109/><G109/><T57/><D57/><U84/><E24/><V124/><F124/><W97/><G97/><T9/><D9/><U18/><E127/><V14/><F64/><W54/><G25/><T82/><D82/><RYUUKYOKU ba="0,0" sc="237,30,250,-10,263,-10,250,-10" hai0="85,87,88,89" /><INIT seed="2,1,0,0,2,82" ten="267,240,253,240" oya="2" hai0="129,132,10,0,43,15,78,22,4,7,134,35,98" hai1="63,79,56,51,119,103,96,9,66,77,111,104,37" hai2="58,93,50,123,124,120,1,47,135,6,27,52,86" hai3="105,89,28,108,33,127,26,97,75,49,117,12,5"/><V36/><F135/><N who="0" m="51754" /><D43/><U102/><E119/><V21/><F124/><W57/><G117/><T106/><D78/><U112/><E112/><V34/><F34/><W69/><G127/><T24/><D106/><U128/><E128/><V44/><F6/><N who="0" m="2090" /><D98/><U100/><E111/><V29/><F1/><W92/><G75/><T55/><D55/><U42/><E9/><V30/><F30/><W45/><G108/><T18/><D129/><U68/><E37/><V87/><F93/><W60/><G69/><T39/><D39/><U116/><E116/><V109/><F109/><W121/><G121/><T113/><D113/><U95/><E104/><V59/><F59/><W38/><G38/><T13/><D35/><U14/><E14/><N who="0" m="5129" /><D10/><U83/><E68/><V133/><F133/><W122/><G122/><T8/><D8/><U110/><E110/><V99/><F99/><W53/><G105/><T91/><D91/><N who="1" m="55423" /><E83/><V114/><F114/><W31/><G5/><T11/><D11/><U54/><E54/><V48/><F36/><W19/><G33/><T32/><D32/><U73/><E73/><V41/><F120/><W125/><G125/><T17/><D0/><U94/><E94/><V90/><F123/><W115/><G115/><T62/><D62/><U88/><E88/><V85/><F90/><W131/><G131/><T46/><D46/><AGARI ba="1,0" hai="42,46,51,56,63,66,77,79,100,102,103" m="55423" machi="46" ten="30,1000,0" yaku="8,1" doraHai="82" who="1" fromWho="0" sc="267,-13,240,13,253,0,240,0" /><INIT seed="3,0,0,0,3,97" ten="254,253,253,240" oya="3" hai0="112,29,21,115,85,63,64,124,7,6,134,87,120" hai1="12,42,108,77,95,50,26,60,81,66,32,113,5" hai2="98,55,69,129,10,131,133,75,79,130,110,48,82" hai3="104,121,62,44,45,99,109,119,58,105,102,53,83"/><W46/><G119/><T100/><D120/><U123/><E108/><V76/><F69/><W9/><G121/><T24/><D124/><U132/><E123/><V47/><F110/><W94/><G109/><T36/><D134/><U0/><E113/><N who="0" m="43593" /><D36/><U13/><E132/><V103/><F133/><W25/><G83/><T27/><D27/><U73/><E95/><V89/><F76/><W118/><G118/><T38/><D38/><U23/><E32/><V92/><F10/><W14/><REACH who="3" step="1"/><G25/><REACH who="3" ten="254,253,253,230" step="2"/><T114/><D114/><U4/><E26/><V51/><REACH who="2" step="1"/><F51/><REACH who="2" ten="254,253,243,230" step="2"/><W37/><G37/><T116/><D116/><U122/><E50/><V90/><AGARI ba="0,2" hai="47,48,55,75,79,82,89,90,92,98,103,129,130,131" machi="90" ten="40,12000,2" yaku="1,1,2,1,0,1,19,1,52,1,53,1" doraHai="97" doraHaiUra="96" who="2" fromWho="2" sc="254,-30,253,-30,243,140,230,-60" owari="224,2.0,223,-18.0,383,49.0,170,-33.0" /></mjloggm>