<mjloggm ver="2.3"><GO type="97" lobby="0"/><UN n0="%E3%81%93%E3%81%BE%E3%81%A1" n1="%E8%8F%85%E8%B0%B7%E6%A2%A8%E6%B2%99%E5%AD%90" n2="%E5%B0%B1%E6%B4%BB%E7%94%9F%40%E5%B7%9D%E6%9D%91%E8%BB%8D%E5%9B%A3" n3="%68%79%6F%31%39%35%39" dan="15,14,15,13" rate="1958.22,1928.70,2013.91,1863.39" sx="M,F,M,M"/><TAIKYOKU oya="0"/><INIT seed="0,0,0,3,3,126" ten="250,250,250,250" oya="0" hai0="90,54,30,112,109,92,98,26,43,22,115,14,17" hai1="2,36,32,100,82,89,13,66,56,69,91,88,53" hai2="78,124,110,1,18,4,86,85,55,105,40,6,47" hai3="51,16,33,19,70,34,127,132,84,21,64,9,35"/><T96/><D109/><U135/><E32/><N who="3" m="8194" /><W58/><DORA hai="118" /><G64/><T68/><D68/><U23/><E2/><V119/><F105/><W130/><G70/><T7/><D7/><U41/><E135/><V71/><F71/><W52/><G84/><T101/><D43/><U106/><E66/><V81/><F119/><W44/><G132/><T134/><D134/><U67/><E67/><V97/><F124/><W65/><G127/><T62/><D14/><U8/><E69/><V117/><F1/><W49/><G65/><T120/><D30/><U75/><E23/><V10/><F110/><W83/><G83/><T94/><REACH who="0" step="1"/><D120/><REACH who="0" ten="240,250,250,250" step="2"/><U24/><E41/><V116/><F116/><W93/><G130/><T3/><D3/><U15/><E15/><V63/><F6/><W74/><G9/><T59/><AGARI ba="0,1" hai="17,22,26,54,59,62,90,92,94,96,98,101,112,115" machi="59" ten="30,12000,1" yaku="1,1,0,1,25,2,53,1" doraHai="126,118" doraHaiUra="39,99" who="0" fromWho="0" sc="240,130,250,-40,250,-40,250,-40" /><INIT seed="0,1,0,4,0,31" ten="370,210,210,210" oya="0" hai0="3,128,37,28,46,51,99,95,100,23,50,56,122" hai1="2,134,32,74,48,9,21,4,106,70,20,38,11" hai2="131,60,132,16,98,90,120,87,121,80,102,79,109" hai3="18,107,45,62,84,33,96,6,44,91,71,29,41"/><T85/><D122/><U88/><E38/><V67/><F109/><W5/><G44/><T19/><D3/><U73/><E70/><V83/><F132/><W40/><G18/><T123/><D123/><U25/><E106/><V104/><F131/><W97/><G41/><T101/><D128/><U22/><E134/><V116/><F116/><W129/><G97/><T34/><D34/><U66/><E66/><V36/><F36/><N who="3" m="21639" /><G129/><T115/><D28/><U0/><E48/><V126/><F126/><W94/><G91/><T61/><D115/><U135/><E135/><V57/><REACH who="2" step="1"/><F16/><REACH who="2" ten="370,210,200,210" step="2"/><W35/><G5/><T26/><D37/><U118/><E118/><V130/><F130/><W39/><G6/><T117/><D117/><U27/><E4/><V65/><F65/><N who="3" m="41399" /><G29/><T113/><D19/><U82/><E9/><V75/><AGARI ba="1,1" hai="57,60,67,75,79,80,83,87,90,98,102,104,120,121" machi="75" ten="20,5200,0" yaku="1,1,0,1,7,1,53,1" doraHai="31" doraHaiUra="58" who="2" fromWho="2" sc="370,-27,210,-14,200,65,210,-14" /><INIT seed="1,0,0,5,2,32" ten="343,196,265,196" oya="1" hai0="46,93,60,19,130,126,101,4,58,44,53,42,125" hai1="87,129,68,110,132,113,67,29,134,8,86,57,94" hai2="100,77,74,95,117,13,2,59,47,78,111,41,6" hai3="71,55,123,109,5,131,72,48,10,116,105,22,16"/><U133/><E113/><V34/><F117/><W66/><G116/><T15/><D130/><U1/><E129/><V3/><F111/><W82/><G131/><T12/><D4/><N who="1" m="1039" /><E68/><V88/><F34/><W122/><G109/><T26/><D101/><U80/><E110/><V97/><F59/><W63/><G105/><T107/><D107/><U28/><E94/><V61/><F61/><W62/><G63/><T81/><D81/><U106/><E106/><V38/><F100/><W83/><G82/><T121/><D121/><U115/><E115/><V108/><F108/><W104/><G104/><T98/><D98/><U49/><E86/><V35/><F35/><W40/><G83/><T75/><D75/><U0/><E0/><V120/><F120/><W103/><G40/><T36/><D93/><U127/><E127/><N who="0" m="48649" /><D46/><U7/><E7/><V24/><F24/><W54/><G54/><T56/><D56/><U39/><E39/><V79/><REACH who="2" step="1"/><F74/><REACH who="2" ten="343,196,255,196" step="2"/><W25/><G103/><T102/><D102/><U31/><E67/><V84/><F84/><W30/><G72/><T18/><D26/><U76/><E57/><V70/><F70/><W9/><G30/><T50/><D36/><U92/><E49/><V118/><F118/><W91/><G123/><T52/><D42/><U17/><E92/><V11/><AGARI ba="0,1" hai="2,3,6,11,13,38,41,47,77,78,79,88,95,97" machi="11" ten="30,12000,2" yaku="1,1,0,1,52,2,54,1,53,1" doraHai="32" doraHaiUra="90" who="2" fromWho="2" sc="343,-30,196,-60,255,130,196,-30" /><INIT seed="2,0,0,0,3,26" ten="313,136,385,166" oya="2" hai0="115,1,58,113,40,68,50,97,109,103,95,4,133" hai1="53,37,38,82,54,23,134,36,0,107,51,121,129" hai2="72,91,10,27,12,44,100,15,21,117,130,52,45" hai3="102,104,30,20,55,39,67,71,22,131,2,106,92"/><V28/><F117/><W125/><G39/><T33/><D33/><U32/><E32/><V89/><F72/><W112/><G2/><T61/><D68/><U9/><E107/><V48/><F130/><W49/><G131/><T69/><D69/><U98/><E98/><V108/><F108/><W11/><G125/><T90/><D109/><U47/><E129/><V88/><F100/><W123/><G123/><T41/><D133/><U119/><E119/><V57/><F12/><W16/><G112/><T122/><D122/><U13/><E121/><V25/><F25/><W76/><G76/><T79/><D79/><U124/><E134/><V80/><F80/><W18/><G106/><T42/><D4/><AGARI ba="0,0" hai="4,10,15,21,27,28,44,45,48,52,57,88,89,91" machi="4" ten="40,12000,1" yaku="8,1,52,1,54,2" doraHai="26" who="2" fromWho="0" sc="313,-120,136,0,385,120,166,0" /><INIT seed="2,1,0,2,2,32" ten="193,136,505,166" oya="2" hai0="5,64,115,131,6,55,90,66,85,129,34,63,88" hai1="122,97,47,12,7,100,119,24,87,79,116,75,114" hai2="49,91,46,2,77,59,40,128,0,134,25,39,38" hai3="21,81,102,125,53,51,94,28,118,72,3,95,96"/><V23/><F128/><N who="0" m="49226" /><D115/><U89/><E114/><V124/><F134/><W111/><G118/><T31/><D31/><U36/><E122/><V83/><F124/><W42/><G125/><T10/><D34/><U105/><E24/><V16/><F91/><N who="0" m="34858" /><D85/><U4/><E36/><V15/><F15/><W41/><G111/><T67/><D10/><U106/><E47/><V74/><F39/><W135/><G135/><T19/><D19/><U71/><E71/><V17/><F17/><W76/><G3/><T50/><D63/><U14/><E106/><V133/><F133/><W69/><G69/><T57/><AGARI ba="1,0" hai="5,6,50,55,57,64,66,67" m="34858,49226" machi="57" ten="40,2700,0" yaku="19,1,54,1" doraHai="32" who="0" fromWho="0" sc="193,30,136,-8,505,-14,166,-8" /><INIT seed="3,0,0,2,1,47" ten="223,128,491,158" oya="3" hai0="71,127,54,46,1,57,112,114,115,38,8,105,121" hai1="116,7,48,131,51,118,130,109,135,99,81,91,35" hai2="65,95,27,41,62,40,43,28,25,82,100,49,120" hai3="66,88,80,55,129,123,89,12,39,133,69,37,134"/><W24/><G123/><T113/><N who="0" m="28672" /><DORA hai="13" /><T86/><D105/><U97/><E109/><V52/><F120/><W93/><G129/><N who="1" m="49162" /><E135/><N who="3" m="51722" /><G66/><T45/><D121/><U68/><E68/><V59/><F82/><W125/><G69/><T92/><D71/><U104/><E35/><V58/><F28/><W94/><G125/><T70/><D70/><U34/><E34/><V3/><F3/><W18/><G80/><T2/><D127/><U76/><E7/><V64/><F64/><W31/><G55/><T33/><D33/><U21/><E21/><V79/><F79/><W108/><G108/><T32/><D32/><U16/><E16/><V61/><F61/><W90/><G24/><T4/><D2/><U102/><E97/><AGARI ba="0,0" hai="25,27,40,41,43,49,52,58,59,62,65,95,97,100" machi="97" ten="40,5200,0" yaku="8,1,52,1,54,1" doraHai="47,13" who="2" fromWho="1" sc="223,0,128,-52,491,52,158,0" owari="223,2.0,76,-42.0,543,64.0,158,-24.0" /></mjloggm>