<mjloggm ver="2.3"><GO type="169" lobby="0"/><UN n0="%72%30%33%31%30" n1="%E5%B0%B1%E6%B4%BB%E7%94%9F%40%E5%B7%9D%E6%9D%91%E8%BB%8D%E5%9B%A3" n2="%E2%98%85%E2%98%85%E5%8E%9F%E6%9D%91%E5%92%8C%E2%98%85%E2%98%85" n3="%EF%BC%88%EF%BC%BE%D0%94%EF%BC%BE%EF%BC%89" dan="17,16,16,17" rate="2163.49,2193.09,2077.12,2198.12" sx="M,M,M,M"/><TAIKYOKU oya="0"/><INIT seed="0,0,0,5,3,61" ten="250,250,250,250" oya="0" hai0="75,88,11,47,36,97,34,57,41,118,129,93,55" hai1="126,15,133,12,26,51,13,86,72,3,81,99,20" hai2="64,54,96,46,68,32,94,117,73,56,70,115,53" hai3="30,120,44,16,62,9,69,71,85,17,109,14,78"/><T125/><D118/><U90/><E3/><V74/><F115/><W111/><G120/><T87/><D129/><U108/><E108/><N who="3" m="41546" /><G30/><T101/><D125/><U83/><E126/><V128/><F32/><W8/><G44/><T22/><D75/><U52/><E133/><V66/><F128/><W58/><G17/><T43/><D34/><U10/><E99/><V95/><F46/><W23/><G78/><T2/><D43/><U112/><E72/><V92/><F96/><W91/><G8/><T123/><D123/><U106/><E106/><V18/><F95/><N who="3" m="54767" /><G9/><T122/><D122/><U102/><E102/><V38/><F18/><W107/><G107/><T35/><D35/><U80/><E10/><V39/><REACH who="2" step="1"/><F56/><REACH who="2" ten="250,250,240,250" step="2"/><W4/><G4/><T84/><D101/><U103/><E103/><V104/><F104/><W121/><G121/><T114/><D114/><U31/><E112/><V27/><F27/><W1/><G1/><T132/><D2/><U82/><E15/><V98/><F98/><W49/><G49/><T127/><D127/><U7/><E7/><V77/><F77/><W134/><G134/><T37/><D132/><U63/><E51/><V42/><F42/><W110/><G110/><T48/><D37/><U135/><E135/><V76/><F76/><W5/><G5/><T100/><D100/><U40/><E40/><V124/><F124/><W19/><G19/><T105/><D105/><U0/><E0/><V89/><F89/><W131/><G131/><T45/><D36/><U60/><E12/><V28/><F28/><W25/><G25/><T67/><D41/><RYUUKYOKU ba="0,1" sc="250,-15,250,-15,240,15,250,15" hai2="38,39,53,54,64,66,68,70,73,74,92,94,117" hai3="14,16,23,58,62,69,71" /><INIT seed="1,1,1,4,1,6" ten="235,235,255,265" oya="1" hai0="98,67,97,96,129,44,2,65,21,100,94,102,77" hai1="85,92,9,119,20,4,131,36,58,88,25,83,38" hai2="64,12,40,84,68,128,127,113,60,56,134,104,106" hai3="121,75,43,39,10,11,16,125,47,66,120,72,30"/><U14/><E119/><V109/><F109/><W51/><G30/><T89/><D2/><U61/><E131/><V24/><F128/><W124/><G66/><N who="0" m="25099" /><D129/><U19/><REACH who="1" step="1"/><E83/><REACH who="1" ten="235,225,255,265" step="2"/><V49/><F113/><W126/><G120/><T108/><D108/><U34/><E34/><V81/><F81/><W95/><G121/><T41/><D77/><U32/><E32/><V79/><F79/><W37/><G72/><T112/><D112/><U71/><E71/><V26/><F68/><W29/><G75/><T15/><D102/><U46/><E46/><V35/><F35/><W52/><G29/><T1/><D100/><U107/><E107/><V42/><F106/><W101/><G101/><T74/><D44/><U45/><E45/><V53/><F104/><W31/><G31/><T115/><D115/><U73/><E73/><V27/><F56/><N who="3" m="32799" /><G37/><T78/><D74/><U117/><E117/><V22/><F127/><W57/><G57/><T17/><D78/><U55/><AGARI ba="1,2" hai="4,9,14,19,20,25,36,38,55,58,61,85,88,92" machi="55" ten="20,12000,1" yaku="1,1,0,1,7,1,52,1,54,1,53,0" doraHai="6" doraHaiUra="123" who="1" fromWho="1" sc="235,-41,225,143,255,-41,265,-41" /><INIT seed="1,2,0,2,2,17" ten="194,368,214,224" oya="1" hai0="12,14,46,107,13,77,18,117,40,73,33,79,100" hai1="3,97,11,25,113,92,86,84,102,38,83,32,44" hai2="71,16,127,126,114,72,59,63,106,24,96,34,88" hai3="45,112,116,82,52,37,47,78,65,4,51,67,101"/><U91/><E113/><V23/><F72/><W8/><G112/><T95/><D33/><U121/><E121/><V9/><F114/><W87/><G101/><T15/><D107/><U42/><E3/><V76/><F71/><W54/><G116/><T128/><D128/><U57/><E11/><V39/><F39/><W68/><G68/><T105/><D105/><U134/><E134/><V69/><F69/><W7/><G37/><T98/><D73/><U64/><E64/><N who="3" m="24650" /><G8/><T124/><D124/><N who="2" m="47658" /><F76/><W131/><G131/><T30/><D30/><U2/><E2/><V89/><F34/><W115/><G115/><T50/><REACH who="0" step="1"/><D117/><REACH who="0" ten="184,368,214,224" step="2"/><U49/><E32/><V56/><F9/><AGARI ba="2,1" hai="9,12,13,14,15,18,40,46,50,77,79,95,98,100" machi="9" ten="40,5200,0" yaku="1,1,2,1,8,1,53,0" doraHai="17" doraHaiUra="0" who="0" fromWho="2" sc="184,68,368,0,214,-58,224,0" /><INIT seed="2,0,0,0,1,86" ten="252,368,156,224" oya="2" hai0="127,0,132,23,53,130,45,3,98,96,28,14,16" hai1="103,93,22,78,131,123,10,11,116,32,67,49,36" hai2="106,39,92,21,12,61,52,133,26,126,51,9,114" hai3="128,62,73,46,48,40,115,65,20,30,41,71,13"/><V57/><F106/><W63/><G73/><T50/><D130/><U105/><E36/><V83/><F114/><W118/><G118/><T64/><D132/><U19/><E105/><V110/><F39/><W7/><G115/><T97/><D127/><U18/><E32/><V75/><F126/><W108/><G108/><T15/><D64/><U59/><E116/><V76/><F133/><W79/><G79/><T31/><REACH who="0" step="1"/><D15/><REACH who="0" ten="242,368,156,224" step="2"/><U129/><E67/><V89/><F110/><W2/><G13/><T38/><D38/><U24/><E123/><V8/><F12/><W60/><G65/><T33/><D33/><U134/><E134/><V112/><F112/><W55/><G128/><T120/><D120/><U27/><E129/><V122/><F122/><W95/><G71/><T90/><D90/><U37/><E37/><V85/><REACH who="2" step="1"/><F51/><REACH who="2" ten="242,368,146,224" step="2"/><W43/><G2/><AGARI ba="0,2" hai="0,2,3,14,16,23,28,31,45,50,53,96,97,98" machi="2" ten="40,2600,0" yaku="1,1,54,1,53,0" doraHai="86" doraHaiUra="54" who="0" fromWho="3" sc="242,46,368,0,146,0,224,-26" /><INIT seed="3,0,0,2,0,68" ten="288,368,146,198" oya="3" hai0="24,36,26,127,58,30,104,91,129,69,15,61,8" hai1="105,44,40,113,65,41,77,114,20,47,18,37,16" hai2="119,102,63,73,112,23,55,134,31,17,60,108,57" hai3="22,67,111,32,6,3,79,45,130,121,132,64,10"/><W46/><G121/><T109/><D104/><U93/><E105/><V120/><F112/><W9/><G32/><T128/><D69/><U76/><E65/><V34/><F119/><W75/><G130/><N who="0" m="50283" /><D109/><U82/><E93/><V101/><F108/><W38/><G46/><T33/><D127/><U133/><E133/><V117/><F117/><W0/><G132/><T53/><D91/><U29/><E29/><V35/><F73/><W27/><G111/><T88/><D88/><U78/><E82/><V59/><F134/><W135/><G135/><T74/><D26/><U71/><E71/><V54/><F120/><W14/><G0/><T49/><D74/><U66/><E66/><V100/><REACH who="2" step="1"/><F31/><REACH who="2" ten="288,368,136,198" step="2"/><W116/><G116/><T43/><D30/><U94/><E94/><V28/><F28/><W12/><G75/><T50/><D33/><U99/><E99/><V19/><F19/><W98/><G98/><T118/><D118/><U89/><E18/><V81/><F81/><W7/><G7/><N who="0" m="3487" /><D24/><AGARI ba="0,1" hai="17,23,24,34,35,54,55,57,59,60,63,100,101,102" machi="24" ten="40,2600,0" yaku="1,1,9,1,53,0" doraHai="68" doraHaiUra="62" who="2" fromWho="0" sc="288,-26,368,0,136,36,198,0" /><INIT seed="4,0,0,2,0,103" ten="262,368,172,198" oya="0" hai0="106,128,23,8,130,84,125,45,87,37,113,65,126" hai1="117,115,44,1,100,73,59,69,104,109,111,22,14" hai2="50,105,62,9,54,133,7,6,96,66,72,17,39" hai3="116,52,10,80,38,2,110,24,29,11,134,13,34"/><T75/><D113/><U61/><E1/><V56/><F72/><W19/><G38/><T129/><D75/><U89/><E73/><V82/><F39/><W101/><G110/><T31/><D65/><U102/><E69/><V43/><F43/><W55/><G116/><T63/><D63/><U20/><E44/><V76/><F133/><W16/><G134/><T42/><D106/><U107/><E14/><V51/><F51/><W53/><G101/><T123/><D123/><U121/><E89/><V78/><F17/><W15/><G2/><T4/><D23/><U18/><E61/><V58/><F82/><AGARI ba="0,0" hai="10,11,13,15,16,19,24,29,34,52,53,55,80,82" machi="82" ten="40,5200,0" yaku="9,1,54,2" doraHai="103" who="3" fromWho="2" sc="262,0,368,0,172,-52,198,52" /><INIT seed="5,0,0,1,4,111" ten="262,368,120,250" oya="1" hai0="25,13,51,113,39,1,55,60,84,58,94,57,73" hai1="53,47,93,65,35,103,17,107,0,87,70,124,31" hai2="71,43,101,38,23,92,26,10,95,54,116,32,126" hai3="18,79,90,110,14,30,104,102,40,24,42,72,130"/><U133/><E0/><V12/><F71/><W6/><G110/><T22/><D1/><U33/><E107/><V37/><F32/><W97/><G130/><T83/><D39/><U127/><E31/><V64/><F116/><W121/><G6/><T96/><D73/><U56/><E70/><V45/><F64/><W112/><G90/><T106/><D13/><U52/><E65/><V88/><F126/><W78/><G78/><T115/><D106/><U50/><E133/><V16/><F101/><W131/><G131/><T27/><D84/><U75/><E75/><V80/><F38/><W123/><G79/><T5/><D83/><U15/><E35/><V66/><F66/><W120/><G72/><T89/><D5/><U9/><E33/><V85/><REACH who="2" step="1"/><F54/><REACH who="2" ten="262,368,110,250" step="2"/><W114/><G121/><T118/><D118/><U46/><E124/><V48/><F48/><W59/><G123/><T67/><REACH who="0" step="1"/><D27/><REACH who="0" ten="252,368,110,250" step="2"/><U11/><E127/><V68/><F68/><W128/><G24/><T62/><D62/><U44/><E53/><V82/><F82/><W34/><G120/><T4/><D4/><AGARI ba="0,2" hai="4,10,12,16,23,26,37,43,45,80,85,88,92,95" machi="4" ten="30,7700,0" yaku="1,1,7,1,54,2,53,0" doraHai="111" doraHaiUra="125" who="2" fromWho="0" sc="252,-77,368,0,110,97,250,0" /><INIT seed="6,0,0,0,4,40" ten="175,368,207,250" oya="2" hai0="44,46,97,111,81,16,91,118,64,24,130,31,36" hai1="67,4,84,19,25,6,52,107,14,134,35,77,76" hai2="58,3,99,121,115,54,49,66,88,22,127,132,68" hai3="45,21,26,128,74,60,47,83,119,101,103,100,48"/><V75/><F121/><W95/><G119/><T18/><D111/><U105/><E67/><V96/><F75/><W98/><G128/><T125/><D64/><U108/><E108/><V1/><F115/><W50/><G60/><T131/><D125/><U59/><E134/><V114/><F114/><W72/><G72/><T63/><D63/><U65/><E65/><V110/><F110/><W23/><G23/><N who="0" m="15775" /><D36/><U57/><E35/><V73/><F73/><W27/><G27/><T61/><D61/><N who="1" m="36007" /><E25/><V90/><F68/><W39/><G39/><T34/><D34/><U2/><E2/><V5/><F66/><W135/><G135/><T85/><D118/><U79/><E59/><V87/><F132/><W15/><G15/><T10/><D97/><U70/><E105/><V133/><F133/><W32/><G32/><T123/><D123/><U7/><E107/><V69/><F69/><W80/><G74/><T93/><D81/><N who="3" m="31305" /><G50/><T12/><D18/><U41/><E41/><V20/><F127/><W0/><G48/><T62/><D62/><U102/><E102/><N who="3" m="39530" /><G0/><T43/><D43/><U56/><E56/><V17/><F1/><W78/><G78/><T109/><D109/><U38/><E38/><V86/><F3/><W113/><G113/><T94/><D94/><U8/><E70/><V120/><F120/><W124/><G124/><T89/><D89/><U122/><E122/><V82/><F90/><W126/><G126/><T53/><D53/><U129/><E129/><AGARI ba="0,0" hai="10,12,16,44,46,85,91,93,129,130,131" m="15775" machi="129" ten="30,7700,0" yaku="19,1,52,2,54,1" doraHai="40" who="0" fromWho="1" sc="175,77,368,-77,207,0,250,0" /><INIT seed="7,0,0,4,0,3" ten="252,291,207,250" oya="3" hai0="129,125,113,65,49,133,33,7,64,98,29,23,47" hai1="71,0,106,123,87,134,121,112,17,117,35,50,5" hai2="66,56,21,24,26,30,40,107,32,85,63,83,120" hai3="4,102,88,58,59,127,89,2,48,132,34,9,69"/><W53/><G34/><T99/><D33/><U31/><E106/><V77/><F120/><W45/><G69/><T54/><D129/><U51/><E71/><V15/><F107/><W96/><G132/><T6/><D133/><U57/><E134/><V60/><F40/><W130/><G127/><T70/><D70/><U62/><E117/><V43/><F43/><W114/><G114/><T108/><D108/><U86/><E112/><V13/><REACH who="2" step="1"/><F63/><REACH who="2" ten="252,291,197,250" step="2"/><W8/><G130/><T119/><D113/><U14/><E62/><V1/><F1/><W79/><G79/><T41/><D119/><U42/><E42/><V124/><F124/><W36/><G36/><T91/><D41/><U81/><E0/><V61/><F61/><W74/><G74/><T110/><D125/><U92/><E51/><V126/><F126/><W109/><G109/><T52/><D110/><U16/><E50/><V82/><F82/><W105/><REACH who="3" step="1"/><G8/><REACH who="3" ten="252,291,197,240" step="2"/><T93/><D65/><U27/><E121/><V22/><F22/><W25/><G25/><T68/><D64/><U46/><E27/><V100/><F100/><W18/><G18/><AGARI ba="0,2" hai="13,15,18,21,24,26,30,32,56,60,66,77,83,85" machi="18" ten="30,3900,0" yaku="1,1,7,1,53,1" doraHai="3" doraHaiUra="78" who="2" fromWho="3" sc="252,0,291,0,197,59,240,-39" /><INIT seed="8,0,0,2,5,39" ten="252,291,256,201" oya="0" hai0="51,108,100,52,87,57,12,16,4,116,124,62,127" hai1="2,24,67,132,97,69,18,98,15,75,3,66,48" hai2="96,64,21,92,40,61,115,91,126,106,65,104,112" hai3="6,128,0,71,82,133,7,44,11,14,47,19,1"/><T135/><D116/><U118/><E75/><V129/><F65/><N who="1" m="24585" /><E69/><V23/><F126/><N who="0" m="48170" /><D135/><U53/><E118/><V60/><F129/><W31/><G71/><T13/><D108/><U99/><E3/><V80/><F61/><W103/><G128/><T26/><D100/><U134/><E2/><V43/><F80/><W120/><G120/><T77/><D4/><N who="3" m="1577" /><G0/><T41/><D77/><U90/><E24/><V56/><F106/><W89/><G1/><T88/><D41/><N who="2" m="15946" /><F104/><W68/><G68/><T85/><D62/><U109/><E109/><V113/><F113/><W34/><G133/><N who="1" m="51306" /><E90/><N who="2" m="55319" /><F115/><W32/><G32/><T125/><D125/><U33/><E33/><V45/><F112/><W74/><G74/><T102/><D85/><U111/><E111/><V114/><F114/><W119/><G119/><T95/><D102/><U73/><E73/><V84/><F45/><N who="3" m="17483" /><G34/><T131/><D131/><U27/><E27/><V55/><F64/><W37/><G103/><T94/><D94/><U63/><E63/><V81/><AGARI ba="0,0" hai="21,23,55,56,60,81,84,91" m="55319,15946" machi="81" ten="30,7900,0" yaku="8,1,52,3" doraHai="39" who="2" fromWho="2" sc="252,-39,291,-20,256,79,201,-20" owari="213,-19.0,271,7.0,335,44.0,181,-32.0" /></mjloggm>