<mjloggm ver="2.3"><GO type="97" lobby="0"/><UN n0="%E3%81%AA%E3%81%B9%E5%AD%90" n1="%E3%81%88%E3%82%8B%E3%81%9F%E3%81%9D" n2="%E3%82%AF%E3%83%AC" n3="%E5%B0%B1%E6%B4%BB%E7%94%9F%40%E5%B7%9D%E6%9D%91%E8%BB%8D%E5%9B%A3" dan="13,15,15,15" rate="1892.03,2019.18,2019.83,2031.88" sx="M,F,M,M"/><TAIKYOKU oya="0"/><INIT seed="0,0,0,1,3,97" ten="250,250,250,250" oya="0" hai0="64,79,101,9,117,115,59,85,112,83,31,49,121" hai1="68,80,98,96,11,70,76,104,0,126,36,122,7" hai2="75,46,125,35,132,124,129,60,55,86,120,51,23" hai3="113,32,37,5,91,15,72,6,88,106,81,16,4"/><T57/><D121/><U130/><E130/><V17/><F35/><W63/><G113/><T56/><D117/><U123/><E126/><N who="2" m="48747" /><F75/><W40/><G32/><T128/><D31/><U50/><E50/><V89/><F120/><N who="1" m="46121" /><E98/><V39/><F60/><W90/><G106/><T24/><D128/><U105/><E36/><V73/><F73/><W21/><G63/><T118/><D118/><U103/><E105/><V29/><F29/><W26/><G37/><T44/><D64/><U87/><E87/><V92/><F39/><W131/><G131/><T45/><D24/><U108/><E108/><V47/><F129/><W94/><G40/><T127/><D127/><U69/><E80/><V20/><F20/><W102/><G72/><T33/><D33/><U42/><E42/><V65/><F65/><W114/><G114/><T134/><D9/><U54/><E54/><V74/><F74/><W18/><G81/><T28/><D28/><U12/><E76/><V116/><F116/><W38/><G38/><T30/><D30/><U109/><E12/><N who="2" m="9639" /><F46/><W53/><G53/><T93/><D44/><U10/><E10/><V84/><F86/><W14/><G18/><T77/><D77/><U135/><E109/><V119/><F119/><W100/><G94/><T8/><D8/><U58/><E58/><V22/><F22/><W3/><G3/><T2/><D2/><U78/><E78/><V67/><F67/><W107/><G107/><T82/><D112/><U111/><E111/><V27/><F27/><W25/><G25/><T133/><D115/><U19/><E19/><V66/><F66/><RYUUKYOKU ba="0,0" sc="250,-30,250,10,250,10,250,10" hai1="0,7,11,68,69,70,96,103,104,135" hai2="47,51,55,84,89,92,132" hai3="4,5,6,14,15,16,21,26,88,90,91,100,102" /><INIT seed="1,1,0,3,0,75" ten="220,260,260,260" oya="1" hai0="133,31,128,54,27,41,39,40,98,125,82,89,97" hai1="65,19,80,4,2,49,95,38,61,56,15,122,119" hai2="117,108,84,64,8,42,10,107,35,72,116,53,76" hai3="124,103,24,88,29,135,66,33,20,14,106,112,13"/><U102/><E122/><V134/><F107/><W123/><G123/><T130/><D133/><U87/><E38/><V44/><F35/><W73/><G73/><T111/><D54/><U81/><E2/><V45/><F134/><W114/><G135/><T79/><D125/><U30/><E4/><V51/><F72/><W26/><G124/><T23/><D111/><U0/><E0/><V83/><F108/><W11/><G66/><T85/><D39/><U126/><E119/><V18/><F64/><W69/><G69/><T34/><D34/><U55/><E126/><V52/><F53/><W101/><G106/><T104/><D104/><U120/><E30/><V71/><F71/><W62/><G62/><T113/><D113/><U6/><E6/><V90/><F90/><W47/><G47/><T1/><D1/><U115/><E115/><V93/><F93/><W86/><G14/><T91/><D91/><N who="1" m="53759" /><E102/><V118/><REACH who="2" step="1"/><F18/><REACH who="2" ten="220,260,250,260" step="2"/><W60/><G114/><T132/><D132/><U110/><E110/><V28/><F28/><W96/><G112/><T46/><D89/><U50/><E120/><V68/><F68/><W37/><G103/><T17/><D31/><U32/><E65/><V5/><F5/><W21/><G33/><T109/><D109/><U70/><E32/><V100/><F100/><W99/><G101/><T25/><D17/><U3/><E70/><V63/><F63/><W74/><G60/><T77/><D41/><U22/><E3/><V7/><F7/><N who="3" m="3327" /><G74/><T121/><D121/><U105/><E105/><V48/><AGARI ba="1,1" hai="8,10,42,44,45,48,51,52,76,83,84,116,117,118" machi="48" ten="40,8000,1" yaku="1,1,0,1,52,1,54,1,53,0" doraHai="75" doraHaiUra="67" who="2" fromWho="2" sc="220,-21,260,-41,250,93,260,-21" /><INIT seed="2,0,0,5,5,98" ten="199,219,343,239" oya="2" hai0="103,79,60,58,59,68,111,105,55,74,77,128,48" hai1="104,133,11,17,57,41,13,92,3,83,62,129,107" hai2="91,84,9,115,52,122,127,76,80,86,70,20,43" hai3="114,30,61,73,27,67,37,95,53,0,125,50,118"/><V66/><F115/><W42/><G0/><T89/><D68/><U110/><E110/><V39/><F122/><W26/><G73/><T35/><D111/><U126/><E129/><V112/><F112/><W81/><G118/><T12/><D35/><U123/><E126/><V21/><F127/><W75/><G125/><T45/><D128/><U15/><E133/><V90/><F76/><W119/><G119/><T108/><D108/><U88/><E3/><V25/><F9/><W99/><G81/><T29/><D29/><U34/><E34/><V102/><F102/><W131/><G75/><T69/><D69/><U47/><E83/><V121/><F121/><W116/><G131/><T97/><D74/><U44/><E15/><V72/><F72/><W16/><G116/><T36/><D36/><U14/><E14/><V87/><F87/><W124/><G42/><T24/><D24/><U56/><E56/><V82/><F25/><W135/><G37/><T2/><D59/><U22/><E11/><V93/><F93/><W23/><G135/><T8/><D89/><U6/><E6/><V46/><F52/><W78/><G78/><T96/><D96/><U64/><E123/><V33/><F33/><W134/><G134/><T32/><D32/><U101/><E101/><V54/><REACH who="2" step="1"/><F54/><REACH who="2" ten="199,219,333,239" step="2"/><W130/><G124/><T109/><D109/><U40/><E107/><V63/><AGARI ba="0,1" hai="20,21,39,43,46,63,66,70,80,82,84,86,90,91" machi="63" ten="30,11700,0" yaku="1,1,2,1,0,1,9,1,53,0" doraHai="98" doraHaiUra="117" who="2" fromWho="2" sc="199,-39,219,-39,333,127,239,-39" /><INIT seed="2,1,0,0,0,14" ten="160,180,460,200" oya="2" hai0="23,84,93,12,1,132,94,64,50,135,44,118,46" hai1="82,21,103,83,77,114,61,51,109,57,19,85,7" hai2="73,134,5,31,92,122,131,60,45,100,56,36,108" hai3="41,62,107,2,63,59,88,22,10,33,116,0,65"/><V78/><F122/><W42/><G33/><T66/><D1/><U119/><E119/><V48/><F36/><W117/><G107/><T124/><D118/><U104/><E114/><V80/><F31/><W75/><G75/><T28/><D124/><U3/><E109/><V115/><F115/><W37/><G116/><T113/><D113/><U121/><E121/><V79/><F79/><W95/><G117/><T96/><D84/><U16/><E3/><V76/><F76/><W106/><G106/><T17/><D28/><U128/><E7/><V25/><F25/><W112/><G112/><T13/><D46/><U9/><E104/><V4/><F134/><N who="0" m="51242" /><D13/><N who="1" m="7215" /><E128/><V53/><F131/><W89/><G37/><T18/><D93/><U74/><E74/><V34/><F34/><W69/><G2/><T110/><D110/><U111/><E111/><V99/><F108/><W70/><G0/><T123/><D123/><U120/><E120/><V91/><F100/><W55/><G10/><T67/><D12/><N who="1" m="9447" /><E51/><V8/><F8/><W90/><G70/><T58/><D23/><U72/><E72/><V87/><F73/><W38/><G38/><T15/><D15/><U11/><E11/><V47/><F48/><W81/><G22/><T35/><D35/><U49/><E49/><V20/><F20/><W98/><REACH who="3" step="1"/><G81/><REACH who="3" ten="160,180,460,190" step="2"/><T54/><D44/><AGARI ba="1,1" hai="4,5,44,45,47,53,56,60,78,80,87,91,92,99" machi="44" ten="40,2000,0" yaku="8,1" doraHai="14" who="2" fromWho="0" sc="160,-23,180,0,460,33,190,0" /><INIT seed="2,2,0,2,0,50" ten="137,180,493,190" oya="2" hai0="22,9,62,112,102,135,134,52,103,91,26,23,81" hai1="39,16,90,108,11,21,127,122,92,82,63,2,18" hai2="34,28,124,132,95,71,116,14,70,106,27,58,13" hai3="31,38,85,115,42,51,84,36,125,104,45,60,73"/><V74/><F106/><W79/><G104/><T96/><D112/><U105/><E105/><V12/><F74/><W56/><G115/><T72/><D9/><U54/><E39/><V99/><F132/><N who="0" m="50730" /><D23/><U5/><E108/><V113/><F116/><W86/><G125/><T94/><D81/><U53/><E127/><V7/><F7/><W37/><G31/><T89/><D72/><U17/><E122/><V0/><F0/><W40/><G73/><T83/><D83/><U98/><E82/><V80/><F80/><W24/><G24/><T19/><D91/><U120/><E120/><V126/><F113/><W131/><G131/><T20/><D22/><U97/><E97/><V29/><F29/><W66/><REACH who="3" step="1"/><G79/><REACH who="3" ten="137,180,493,180" step="2"/><T64/><D64/><U118/><E118/><V8/><F27/><W43/><AGARI ba="2,1" hai="36,37,38,40,42,43,45,51,56,60,66,84,85,86" machi="43" ten="40,5200,0" yaku="1,1,2,1,0,1,53,0" doraHai="50" doraHaiUra="109" who="3" fromWho="3" sc="137,-15,180,-15,493,-28,180,68" /><INIT seed="3,0,0,3,3,91" ten="122,165,465,248" oya="3" hai0="79,62,47,88,105,71,5,52,106,31,43,55,21" hai1="25,100,23,6,73,67,93,57,16,37,39,86,14" hai2="35,129,28,2,117,0,64,107,80,65,78,121,58" hai3="83,119,126,110,12,109,118,26,133,63,29,72,27"/><W81/><G72/><T1/><D79/><U75/><E73/><V36/><F36/><W76/><G76/><T68/><D1/><U13/><E75/><V19/><F107/><W99/><G99/><T53/><D5/><U8/><E37/><V4/><F129/><W108/><G63/><T77/><D77/><U84/><E39/><V90/><F90/><W98/><G126/><T33/><D21/><U61/><E14/><V51/><F65/><W125/><G125/><T92/><D31/><U112/><E112/><V69/><F80/><W130/><G130/><T104/><D33/><U103/><E103/><V97/><F64/><W34/><G133/><T30/><D30/><U82/><E82/><V94/><F78/><W124/><G124/><T114/><D114/><U135/><E135/><V134/><F69/><W44/><G26/><T131/><D131/><U22/><E22/><V95/><F97/><AGARI ba="0,0" hai="6,8,13,16,23,25,57,61,67,84,86,93,97,100" machi="97" ten="40,5200,0" yaku="8,1,52,1,54,1" doraHai="91" who="1" fromWho="2" sc="122,0,165,52,465,-52,248,0" owari="122,-38.0,217,-18.0,413,51.0,248,5.0" /></mjloggm>