<mjloggm ver="2.3"><GO type="169" lobby="0"/><UN n0="%E3%82%A6%E3%83%AB%E3%83%88%E3%83%A9%E7%AB%8B%E7%9B%B4" n1="%E3%82%A4%E3%82%B5%E3%82%AD" n2="%68%61%79%61%74%6F%E2%98%86" n3="%66%75%6A%69%6B%65%6E" dan="17,17,17,16" rate="2123.14,2142.08,2174.74,2173.77" sx="M,F,M,M"/><TAIKYOKU oya="0"/><INIT seed="0,0,0,4,5,48" ten="250,250,250,250" oya="0" hai0="88,112,24,74,28,125,56,110,98,84,36,62,114" hai1="40,118,63,13,33,27,99,37,124,115,38,134,73" hai2="70,26,17,135,91,105,9,39,92,111,47,78,50" hai3="46,131,60,103,95,106,58,20,89,61,79,86,45"/><T87/><D74/><U108/><E73/><V51/><F105/><W83/><G131/><T7/><D125/><U67/><E118/><V94/><F70/><W41/><G103/><T15/><D36/><U107/><E124/><V90/><F78/><W127/><G106/><T65/><D110/><U16/><E108/><V82/><F82/><W32/><G32/><T100/><D84/><U6/><E6/><V97/><F135/><W44/><G127/><T25/><D7/><U0/><E0/><V113/><F113/><W19/><G41/><T34/><D15/><U119/><E40/><V8/><F111/><W102/><G102/><T76/><D76/><U101/><E115/><V80/><F80/><W77/><G61/><T68/><D25/><U57/><E134/><V35/><F50/><W72/><G79/><T29/><D29/><U10/><REACH who="1" step="1"/><E119/><REACH who="1" ten="250,240,250,250" step="2"/><V69/><F39/><W2/><G2/><T42/><D42/><U117/><E117/><V96/><F69/><W109/><G109/><T81/><REACH who="0" step="1"/><D56/><REACH who="0" ten="240,240,250,250" step="2"/><U85/><E85/><V43/><F35/><W126/><G126/><T18/><D18/><U21/><E21/><AGARI ba="0,2" hai="8,9,17,21,26,43,47,51,90,91,92,94,96,97" machi="21" ten="40,2600,0" yaku="9,1,8,1" doraHai="48" who="2" fromWho="1" sc="240,0,240,-26,250,46,250,0" /><INIT seed="1,0,0,4,0,104" ten="240,214,296,250" oya="1" hai0="71,13,130,101,52,127,57,0,4,65,64,120,24" hai1="94,22,60,39,45,5,46,34,80,100,63,67,68" hai2="78,37,99,41,113,117,35,76,112,111,122,124,84" hai3="28,123,1,85,10,29,38,12,7,51,50,133,26"/><U116/><E34/><V21/><F35/><W44/><G123/><T92/><D0/><U19/><E116/><V98/><F41/><W93/><G133/><T31/><D71/><U59/><E5/><V96/><F37/><W47/><G38/><T14/><D127/><U102/><E80/><V9/><F9/><W69/><G69/><T115/><D130/><U114/><E114/><V128/><F21/><N who="3" m="15439" /><G1/><T49/><D115/><U121/><E121/><V48/><F48/><N who="3" m="18475" /><G29/><T107/><D107/><U18/><E18/><V20/><F20/><W16/><G7/><T72/><D72/><U135/><E135/><V30/><F30/><W62/><G62/><T23/><D120/><U77/><E77/><V66/><F122/><W3/><G3/><T106/><D106/><U95/><E102/><V36/><F36/><W32/><G32/><T90/><D101/><U42/><E46/><V75/><F117/><W109/><G109/><T27/><D27/><U131/><E100/><V54/><F111/><W11/><G11/><N who="0" m="4327" /><D14/><U134/><E131/><V97/><F128/><W73/><G73/><T2/><D2/><U79/><E79/><V81/><F124/><W6/><G6/><T91/><D91/><AGARI ba="0,0" hai="10,12,16,44,47,85,91,93" m="18475,15439" machi="91" ten="30,2000,0" yaku="8,1,54,1" doraHai="104" who="3" fromWho="0" sc="240,-20,214,0,296,0,250,20" /><INIT seed="2,0,0,4,2,84" ten="220,214,296,270" oya="2" hai0="17,44,13,119,5,56,43,115,96,12,19,100,63" hai1="45,9,58,30,15,88,129,99,22,103,113,69,62" hai2="50,24,18,11,3,60,127,80,16,102,20,36,0" hai3="31,85,89,53,39,6,95,97,61,64,46,81,128"/><V112/><F36/><W29/><G128/><T7/><D115/><U134/><E69/><V49/><F112/><W28/><G6/><T101/><D119/><U47/><E113/><V130/><F127/><W68/><G39/><T57/><D44/><U86/><E134/><V104/><F130/><W92/><REACH who="3" step="1"/><G97/><REACH who="3" ten="220,214,296,260" step="2"/><T76/><D96/><U105/><E129/><V65/><F0/><W23/><G23/><T114/><D114/><U72/><E22/><V117/><F117/><W55/><G55/><T21/><D21/><U111/><E111/><V59/><F3/><W37/><G37/><T126/><D126/><U35/><E35/><V132/><F132/><W42/><G42/><T118/><D43/><U79/><E30/><V83/><F104/><W67/><G67/><T38/><D38/><U78/><E99/><V131/><F131/><W34/><G34/><T66/><D66/><U110/><E105/><V25/><F102/><W133/><G133/><T14/><D7/><U32/><E32/><V87/><F24/><W109/><G109/><T98/><D101/><U82/><E103/><V10/><F10/><W135/><G135/><T123/><D100/><U122/><E110/><V54/><F65/><W108/><G108/><T121/><D118/><U94/><E122/><V77/><F11/><W27/><G27/><T33/><D33/><U48/><E9/><V52/><F54/><W124/><G124/><T116/><D116/><U75/><E15/><N who="0" m="5705" /><D123/><U120/><E120/><V41/><F41/><W107/><G107/><T8/><D121/><U74/><E74/><N who="2" m="43063" /><F18/><N who="0" m="6666" /><D8/><U71/><E72/><RYUUKYOKU ba="0,1" sc="220,-15,214,-15,296,15,260,15" hai2="16,20,25,49,50,52,59,60,83,87" hai3="28,29,31,46,53,61,64,68,81,85,89,92,95" /><INIT seed="2,1,1,2,0,34" ten="205,199,311,275" oya="2" hai0="114,129,134,112,124,50,108,126,58,12,106,18,97" hai1="92,2,62,44,121,95,54,57,79,128,64,94,66" hai2="11,131,45,43,35,17,13,113,14,27,52,32,29" hai3="7,26,55,0,53,120,98,33,30,60,21,90,46"/><V25/><F131/><W4/><G120/><T86/><D129/><U122/><E128/><V3/><F113/><W8/><G7/><T105/><D86/><U9/><E79/><V75/><F75/><W110/><G110/><T127/><D108/><U78/><E78/><V83/><F83/><W76/><G76/><T117/><D117/><U130/><E130/><V111/><F111/><W119/><G119/><T69/><D69/><U5/><REACH who="1" step="1"/><E44/><REACH who="1" ten="205,189,311,275" step="2"/><V22/><F45/><W59/><G46/><T100/><D134/><U132/><E132/><V89/><F89/><W85/><G98/><T70/><D112/><U24/><E24/><V87/><F87/><W31/><G90/><T47/><D114/><U116/><E116/><V91/><F91/><W99/><G85/><T118/><D118/><U10/><E10/><N who="2" m="6327" /><F43/><W23/><G99/><T82/><D47/><U56/><E56/><V15/><F52/><W36/><G55/><N who="0" m="32119" /><D70/><U96/><E96/><V135/><F135/><W68/><G68/><T71/><D71/><U63/><E63/><V67/><F67/><AGARI ba="1,2" hai="2,5,9,54,57,62,64,66,67,92,94,95,121,122" machi="67" ten="40,5200,0" yaku="1,1,52,1,53,1" doraHai="34" doraHaiUra="48" who="1" fromWho="2" sc="205,0,189,75,311,-55,275,0" /><INIT seed="3,0,0,1,0,127" ten="205,264,256,275" oya="3" hai0="86,22,123,131,4,46,9,100,50,125,126,109,17" hai1="102,31,16,53,107,97,92,51,48,8,110,77,87" hai2="5,36,108,63,121,18,69,64,101,21,91,23,3" hai3="132,90,47,54,70,11,135,114,19,2,119,118,57"/><W58/><G90/><T103/><D123/><U29/><E110/><V25/><F121/><W59/><G2/><N who="0" m="151" /><D86/><U116/><E116/><N who="3" m="44586" /><G19/><T52/><D109/><U20/><E8/><V7/><F108/><W133/><G11/><T98/><D98/><U120/><E120/><V39/><F101/><W112/><G70/><T35/><D35/><U14/><E51/><AGARI ba="0,0" hai="47,51,54,57,58,59,112,114,132,133,135" m="44586" machi="51" ten="40,7700,0" yaku="20,1,34,2" doraHai="127" who="3" fromWho="1" sc="205,0,264,-77,256,0,275,77" /><INIT seed="3,1,0,4,0,25" ten="205,187,256,352" oya="3" hai0="45,71,113,65,22,14,66,64,118,119,115,99,13" hai1="55,36,26,39,126,72,5,114,74,56,101,121,15" hai2="30,91,85,29,77,104,21,50,1,128,41,6,9" hai3="135,76,132,81,24,19,95,35,11,44,54,3,108"/><W125/><G125/><T8/><D71/><U112/><E101/><V4/><F104/><W75/><G108/><T48/><D99/><U111/><E111/><V12/><F128/><W27/><G95/><T133/><D133/><U32/><E126/><V67/><F67/><W102/><G102/><T89/><D89/><U129/><E129/><V94/><F77/><W68/><G68/><T59/><D59/><U107/><E107/><V53/><F41/><W42/><G54/><T63/><D63/><U93/><E93/><V69/><F69/><W61/><G61/><T31/><D22/><U47/><E121/><V58/><F4/><N who="3" m="1439" /><G19/><AGARI ba="1,0" hai="1,6,9,12,19,21,29,30,50,53,58,85,91,94" machi="19" ten="40,8000,1" yaku="25,2,52,2" doraHai="25" who="2" fromWho="3" sc="205,0,187,0,256,83,352,-83" /><INIT seed="4,0,0,2,2,43" ten="205,187,339,269" oya="0" hai0="60,48,77,46,58,2,111,0,123,34,81,57,102" hai1="126,63,40,66,108,98,25,95,12,87,110,106,92" hai2="133,90,21,28,129,88,132,50,91,7,100,62,107" hai3="11,64,99,5,38,47,119,4,70,74,103,61,93"/><T112/><D34/><U17/><E126/><V27/><F129/><W89/><G119/><T134/><D123/><U118/><E118/><V49/><F7/><W44/><G38/><T109/><D134/><N who="2" m="51818" /><F62/><W105/><G74/><T115/><D102/><U33/><E106/><V26/><F26/><W32/><G32/><T59/><D60/><U114/><E114/><N who="0" m="43561" /><D81/><U53/><E53/><V125/><F125/><W131/><G131/><T76/><D77/><U52/><E87/><V14/><F14/><W29/><G29/><T36/><D76/><U13/><E13/><V80/><F80/><W1/><REACH who="3" step="1"/><G5/><REACH who="3" ten="205,187,339,259" step="2"/><T30/><D36/><U42/><E33/><V68/><F68/><W20/><G20/><T18/><D30/><U41/><E110/><N who="0" m="41993" /><D18/><U121/><E108/><V85/><F85/><AGARI ba="0,1" hai="1,4,11,44,47,61,64,70,85,89,93,99,103,105" machi="85" ten="30,7700,0" yaku="1,1,7,1,52,2,53,0" doraHai="43" doraHaiUra="113" who="3" fromWho="2" sc="205,0,187,0,339,-77,259,87" /><INIT seed="5,0,0,3,4,96" ten="205,187,262,346" oya="1" hai0="34,30,45,18,110,49,118,102,74,87,63,112,44" hai1="56,72,75,108,23,32,130,86,8,2,53,134,98" hai2="81,82,85,97,117,100,0,20,114,77,29,106,25" hai3="122,65,37,66,39,126,50,135,116,3,88,123,22"/><U24/><E32/><V129/><F117/><W26/><G116/><T84/><D74/><U90/><E130/><V7/><F129/><W17/><G3/><T69/><D110/><U101/><E108/><V70/><F70/><W127/><G135/><T132/><D118/><U78/><E78/><V76/><F114/><W55/><G88/><T83/><D84/><U33/><E33/><V12/><F0/><W28/><G28/><T121/><D121/><N who="3" m="46089" /><G66/><T15/><D30/><U109/><E109/><V92/><F106/><W62/><G62/><T107/><D63/><U43/><E43/><V47/><F47/><N who="3" m="28127" /><G65/><T46/><D83/><U113/><E113/><V11/><F81/><W61/><G61/><T48/><D132/><U104/><E134/><V58/><F58/><W16/><G17/><T73/><D18/><U14/><E2/><V57/><F57/><W67/><G67/><T91/><D34/><U131/><E131/><V38/><F38/><W115/><G115/><T125/><D112/><U13/><E56/><V21/><F21/><W120/><G120/><T27/><D73/><N who="1" m="28235" /><E53/><V9/><REACH who="2" step="1"/><F11/><REACH who="2" ten="205,187,252,346" step="2"/><W68/><G68/><T79/><D69/><U6/><E23/><V124/><F124/><AGARI ba="0,1" hai="16,22,26,37,39,124,126,127" m="28127,46089" machi="124" ten="30,2000,0" yaku="18,1,54,1" doraHai="96" who="3" fromWho="2" sc="205,0,187,0,252,-20,346,30" /><INIT seed="6,0,0,2,4,103" ten="205,187,232,376" oya="2" hai0="39,66,82,19,28,34,79,25,53,123,105,126,91" hai1="33,81,29,20,5,125,49,88,86,87,134,52,21" hai2="11,56,64,9,76,120,60,133,110,97,48,72,106" hai3="117,83,16,31,119,115,84,67,121,114,74,57,122"/><V95/><F120/><N who="3" m="46187" /><G31/><T96/><D126/><U131/><E33/><V111/><F133/><W18/><G67/><T36/><D123/><U77/><E125/><V59/><F76/><W70/><G57/><T40/><D40/><U65/><E134/><V109/><F72/><W93/><G70/><T7/><D7/><U132/><E132/><V61/><F48/><W30/><G30/><T3/><D3/><U17/><E131/><V71/><F71/><W101/><G74/><T43/><D66/><U85/><E65/><N who="2" m="39047" /><F95/><W99/><G18/><T113/><D19/><U0/><E77/><V13/><F13/><W23/><G16/><T62/><D53/><U124/><E124/><V38/><F38/><W130/><G23/><T4/><D62/><U24/><E5/><V6/><F6/><W50/><G50/><T129/><D4/><U89/><E81/><V15/><F15/><W51/><G51/><T104/><D43/><U12/><E0/><V63/><F63/><W47/><G47/><AGARI ba="0,0" hai="12,17,20,21,24,29,47,49,52,85,86,87,88,89" machi="47" ten="40,5200,0" yaku="8,1,54,2" doraHai="103" who="1" fromWho="3" sc="205,0,187,52,232,0,376,-52" /><INIT seed="7,0,0,3,2,58" ten="205,239,232,324" oya="3" hai0="57,130,7,129,1,88,37,22,5,12,26,44,93" hai1="110,15,10,45,103,133,19,69,65,30,20,32,9" hai2="95,53,106,116,11,38,40,60,56,51,115,134,135" hai3="29,96,71,86,100,25,36,74,82,27,80,122,55"/><W63/><G36/><T34/><D34/><U127/><E32/><V3/><F106/><W35/><G27/><T91/><D1/><U123/><E123/><V114/><F116/><W126/><G74/><T21/><D44/><U64/><E110/><V78/><F95/><W98/><G122/><T76/><D76/><U107/><E127/><V39/><F78/><W46/><G126/><T41/><D41/><U112/><E133/><N who="2" m="50699" /><F11/><W94/><G100/><T89/><D37/><N who="2" m="13834" /><F3/><W48/><G94/><T54/><D93/><U105/><E45/><AGARI ba="0,0" hai="40,45,51,53,56,60,114,115" m="13834,50699" machi="45" ten="40,8000,1" yaku="20,1,34,2,52,1" doraHai="58" who="2" fromWho="1" sc="205,0,239,-80,232,80,324,0" owari="205,-19.0,159,-34.0,312,11.0,324,42.0" /></mjloggm>