<mjloggm ver="2.3"><GO type="97" lobby="0"/><UN n0="%67%61%63%68%61%30%30" n1="%68%69%67%65%33%30" n2="%6C%61%7A%69%6F" n3="%E5%B0%B1%E6%B4%BB%E7%94%9F%40%E5%B7%9D%E6%9D%91%E8%BB%8D%E5%9B%A3" dan="14,13,13,15" rate="1804.03,1840.81,1880.57,2096.79" sx="M,M,M,M"/><TAIKYOKU oya="0"/><INIT seed="0,0,0,3,5,130" ten="250,250,250,250" oya="0" hai0="81,58,123,16,83,125,114,17,87,90,13,116,127" hai1="7,105,119,31,102,57,124,2,46,21,72,56,19" hai2="104,23,77,111,35,135,88,52,37,34,45,11,61" hai3="73,85,51,40,79,74,0,30,65,6,108,5,103"/><T69/><D123/><U12/><E72/><V64/><F104/><W49/><G30/><T32/><D116/><U66/><E119/><V41/><F77/><W63/><G108/><T133/><D114/><U134/><E124/><N who="0" m="47689" /><D69/><U20/><E46/><V76/><F76/><W9/><G103/><T53/><D32/><U110/><E110/><V120/><F111/><W14/><G6/><T50/><D81/><U78/><E78/><V97/><F120/><W117/><G117/><T54/><D54/><U25/><E102/><V33/><F11/><W95/><G0/><T101/><D101/><U132/><E105/><V42/><F42/><W15/><G15/><T68/><D68/><U113/><E113/><V129/><F129/><W43/><G74/><T22/><D17/><U44/><E44/><V24/><F135/><AGARI ba="0,0" hai="13,16,22,50,53,58,83,87,90,133,135" m="47689" machi="135" ten="30,11600,0" yaku="18,1,52,2,54,1" doraHai="130" who="0" fromWho="2" sc="250,116,250,0,250,-116,250,0" /><INIT seed="0,1,0,4,0,112" ten="366,250,134,250" oya="0" hai0="127,53,56,3,22,119,109,5,107,92,135,101,48" hai1="9,52,86,99,11,97,128,110,118,121,45,16,104" hai2="130,115,84,41,7,89,2,25,55,38,103,39,85" hai3="93,66,62,129,96,24,134,91,88,73,126,33,120"/><T75/><D119/><U131/><E121/><V17/><F115/><W0/><G0/><T94/><D75/><U105/><E86/><V106/><F130/><N who="1" m="49705" /><E110/><V54/><F103/><W4/><G73/><T34/><D109/><U108/><E108/><V18/><F106/><W79/><G120/><T100/><D34/><U102/><E102/><N who="0" m="39529" /><D107/><U47/><E47/><V72/><F72/><W69/><G126/><T43/><D127/><U27/><E118/><V60/><F7/><W67/><G129/><T21/><D135/><U113/><E113/><V1/><F25/><W114/><G114/><T125/><D125/><U116/><E116/><V57/><F41/><W77/><G134/><T133/><D133/><U46/><E46/><V68/><F57/><W83/><G67/><T76/><D76/><U28/><E28/><V42/><F42/><W31/><G4/><T58/><D3/><U64/><E64/><V61/><REACH who="2" step="1"/><F89/><REACH who="2" ten="366,250,124,250" step="2"/><W78/><G91/><T14/><D5/><U74/><E74/><V44/><F44/><W71/><G71/><AGARI ba="1,1" hai="1,2,17,18,38,39,54,55,60,61,68,71,84,85" machi="71" ten="25,8000,1" yaku="1,1,22,2,53,2" doraHai="112" doraHaiUra="82" who="2" fromWho="3" sc="366,0,250,0,124,93,250,-83" /><INIT seed="1,0,0,1,0,20" ten="366,250,217,167" oya="1" hai0="125,64,6,88,101,86,91,32,40,21,5,14,65" hai1="57,114,124,127,128,97,66,59,106,94,0,35,98" hai2="50,47,4,29,79,2,103,1,46,54,41,38,56" hai3="78,93,102,85,52,18,132,58,115,122,111,7,42"/><U43/><E114/><V133/><F133/><W49/><G122/><T108/><D32/><U129/><E35/><V112/><F112/><W81/><G115/><T120/><D40/><U105/><E43/><V92/><F79/><W13/><G132/><T19/><D120/><U110/><E0/><V8/><F29/><W113/><G111/><T27/><D108/><U51/><E51/><V82/><F82/><W83/><G113/><T11/><D125/><U80/><E80/><V26/><F26/><W62/><G83/><N who="0" m="49247" /><D101/><U44/><E44/><V89/><F103/><W24/><G7/><N who="0" m="2571" /><D91/><U63/><E59/><V16/><F2/><W53/><G42/><T121/><D121/><U109/><E94/><V48/><F16/><AGARI ba="0,0" hai="11,14,16,19,21,27,64,65" m="2571,49247" machi="16" ten="30,7700,0" yaku="8,1,52,1,54,2" doraHai="20" who="0" fromWho="2" sc="366,77,250,0,217,-77,167,0" /><INIT seed="2,0,0,0,2,94" ten="443,250,140,167" oya="2" hai0="43,37,78,36,95,114,104,98,134,15,39,117,75" hai1="65,58,12,108,97,6,115,103,20,9,118,59,44" hai2="66,90,93,120,107,31,122,42,123,127,121,76,29" hai3="7,40,32,88,62,111,28,51,126,56,113,124,100"/><V82/><N who="2" m="31232" /><DORA hai="52" /><V109/><F127/><N who="3" m="48683" /><G111/><T57/><D114/><U105/><E118/><V92/><F109/><W17/><G113/><T129/><D117/><U18/><E108/><V67/><F107/><W38/><G100/><T3/><D57/><U99/><E44/><V16/><F42/><W80/><G38/><T70/><D15/><U64/><E99/><V73/><F16/><W55/><G7/><T83/><D95/><U13/><REACH who="1" step="1"/><E115/><REACH who="1" ten="443,240,140,167" step="2"/><V84/><REACH who="2" step="1"/><F93/><REACH who="2" ten="443,240,130,167" step="2"/><W91/><G17/><T110/><D110/><U89/><E89/><V132/><F132/><W49/><G91/><T71/><D134/><U21/><E21/><V22/><F22/><W25/><G40/><T86/><D43/><U27/><E27/><V4/><F4/><W35/><G35/><T130/><D130/><U8/><E8/><V63/><F63/><W47/><G47/><T24/><D129/><U2/><E2/><V54/><F54/><W79/><G88/><T11/><D24/><U69/><E69/><V19/><F19/><W34/><G34/><T61/><D11/><U14/><E14/><V46/><F46/><W125/><G125/><T135/><D3/><U48/><E48/><V72/><F72/><AGARI ba="0,2" hai="25,28,32,49,51,55,56,62,72,79,80" m="48683" machi="72" ten="30,2000,0" yaku="18,1,52,1" doraHai="94,52" who="3" fromWho="2" sc="443,0,240,0,130,-20,167,40" /><INIT seed="3,0,0,1,1,15" ten="443,240,110,207" oya="3" hai0="108,77,44,26,119,97,109,117,42,60,104,134,126" hai1="13,69,27,59,34,28,107,76,113,85,98,94,41" hai2="114,23,5,120,56,127,87,31,61,70,43,135,96" hai3="25,80,72,116,22,71,33,105,121,125,66,131,54"/><W129/><G33/><T84/><D126/><U30/><E107/><V52/><F127/><W92/><G121/><T91/><D134/><U4/><E69/><V14/><F114/><W63/><G105/><T73/><D60/><U122/><E122/><V35/><F120/><W51/><G116/><T0/><D0/><U132/><E41/><V130/><F135/><W118/><G118/><T103/><D26/><U82/><E132/><V74/><F74/><W32/><G125/><T3/><D3/><U83/><E113/><V90/><F130/><N who="3" m="49675" /><G32/><T7/><D7/><U8/><E59/><V21/><F70/><W62/><G62/><T95/><D44/><U75/><E30/><V57/><F96/><W115/><G115/><T20/><D20/><U106/><E106/><V123/><F123/><W12/><G12/><T88/><D42/><U67/><E67/><V2/><F43/><W17/><G92/><N who="0" m="54279" /><D119/><U110/><E110/><N who="0" m="42601" /><D117/><U86/><E83/><V133/><F133/><W111/><G111/><T16/><D73/><U112/><E112/><V93/><F2/><W46/><G80/><T53/><D53/><U10/><E10/><V124/><F124/><W38/><G38/><T48/><D48/><U78/><E78/><V50/><F35/><W55/><G72/><T19/><D77/><U37/><E37/><V89/><F31/><W24/><G24/><T6/><D6/><U81/><E81/><V29/><F29/><W128/><N who="3" m="49683" /><W68/><DORA hai="1" /><G68/><T9/><D9/><U79/><E79/><V39/><F39/><W36/><G36/><T47/><D47/><RYUUKYOKU ba="0,0" sc="443,10,240,10,110,-30,207,10" hai0="16,19,91,95,97,103,104" hai1="4,8,13,27,28,34,75,76,82,85,86,94,98" hai3="17,22,25,46,51,54,55,63,66,71" /><INIT seed="3,1,0,0,4,66" ten="453,250,80,217" oya="3" hai0="52,111,78,121,120,88,19,32,37,12,83,132,72" hai1="124,55,91,85,89,104,107,16,22,20,21,100,28" hai2="130,11,44,43,95,98,2,23,131,127,5,14,74" hai3="105,30,4,115,71,114,82,35,6,54,8,119,117"/><W51/><G105/><T58/><D37/><U76/><E28/><V31/><F74/><W99/><G71/><T68/><D68/><U46/><E124/><V69/><F127/><W40/><G40/><T18/><D32/><U73/><E73/><V129/><F69/><W0/><G6/><T102/><D102/><U84/><E76/><V9/><F44/><W27/><G99/><T34/><D34/><U50/><E100/><V24/><F43/><W110/><G110/><T15/><D111/><U45/><E107/><V33/><F95/><W103/><G103/><T112/><D112/><U17/><E104/><V36/><F98/><W77/><G115/><T109/><D109/><U81/><E45/><V53/><F53/><W64/><G64/><T41/><D132/><U126/><E126/><V62/><F62/><W25/><G25/><T122/><D88/><U135/><E135/><V75/><F75/><W47/><REACH who="3" step="1"/><G114/><REACH who="3" ten="453,250,80,207" step="2"/><T3/><D41/><U56/><E46/><V118/><F36/><W133/><G133/><T90/><D121/><U13/><REACH who="1" step="1"/><E17/><REACH who="1" ten="453,240,80,207" step="2"/><N who="2" m="10679" /><F118/><W60/><G60/><T57/><D120/><U108/><E108/><V10/><AGARI ba="1,2" hai="2,5,9,10,11,24,31,33,129,130,131" m="10679" machi="10" ten="40,8000,1" yaku="24,1,19,1,34,2" doraHai="66" who="2" fromWho="2" sc="453,-21,240,-21,80,103,207,-41" owari="432,53.0,219,2.0,183,-22.0,166,-33.0" /></mjloggm>