<mjloggm ver="2.3"><GO type="225" lobby="0"/><UN n0="%E9%A7%84%E5%A6%B9" n1="%53%65%6E%61%72" n2="%E3%81%BF%E3%81%A3%E3%81%A4%E3%81%83%EF%BD%9E" n3="%E3%83%88%E3%83%88%E3%83%AA%E5%85%88%E7%94%9F%31%39%E6%AD%B3" dan="16,16,18,17" rate="2053.33,2088.50,2216.06,2135.99" sx="F,M,F,F"/><TAIKYOKU oya="0"/><INIT seed="0,0,0,2,2,46" ten="250,250,250,250" oya="0" hai0="10,60,7,130,63,129,58,15,30,4,53,62,81" hai1="77,2,103,54,93,131,45,114,132,49,94,57,106" hai2="113,23,61,21,66,20,109,24,59,73,95,41,108" hai3="79,26,32,98,124,27,28,116,78,80,126,110,18"/><T84/><D30/><U135/><E2/><V67/><F113/><W37/><G116/><T118/><D4/><U29/><E29/><V64/><F73/><W119/><G119/><T123/><D123/><U9/><E9/><V117/><F117/><W16/><G37/><T55/><D118/><U121/><E121/><V56/><F24/><W105/><G110/><N who="2" m="42601" /><F61/><W112/><G112/><T33/><D33/><U5/><E5/><V51/><F95/><W50/><G98/><T88/><REACH who="0" step="1"/><D55/><REACH who="0" ten="240,250,250,250" step="2"/><U0/><E114/><V34/><F34/><W40/><G32/><T19/><D19/><U125/><E132/><V25/><F25/><W44/><G28/><T70/><D70/><U111/><E135/><V1/><F1/><W12/><G26/><T97/><D97/><U39/><E0/><V76/><F76/><W87/><G78/><T86/><D86/><U13/><E111/><V68/><F68/><W107/><G18/><T104/><D104/><U43/><E77/><V101/><F101/><W120/><G27/><T3/><D3/><U14/><E106/><V99/><F99/><W74/><G120/><T72/><D72/><U42/><E103/><V127/><F127/><N who="3" m="48683" /><G74/><T35/><D35/><U11/><E125/><V6/><F6/><W71/><G71/><T38/><D38/><U85/><E39/><V69/><F69/><W128/><G107/><T115/><D115/><U96/><E96/><V31/><F31/><W22/><G105/><T47/><D47/><AGARI ba="0,1" hai="20,21,23,41,47,51,56,59,64,66,67" m="42601" machi="47" ten="40,2600,0" yaku="14,1,52,1" doraHai="46" who="2" fromWho="0" sc="240,-26,250,0,250,36,250,0" /><INIT seed="1,0,0,5,4,111" ten="214,250,286,250" oya="1" hai0="35,123,59,89,116,47,115,31,61,126,19,50,24" hai1="134,114,93,52,127,16,90,103,106,0,46,13,99" hai2="100,124,17,75,105,14,58,92,101,40,104,128,60" hai3="83,44,39,32,7,28,112,121,33,94,42,11,41"/><U97/><E0/><V43/><F75/><W18/><G121/><T45/><D116/><U30/><E114/><V37/><F128/><W118/><G118/><T76/><D123/><U36/><E134/><V53/><F124/><W25/><G112/><T2/><D126/><U9/><E127/><V108/><F108/><W23/><G42/><T22/><D2/><U68/><E68/><V15/><F37/><W3/><G94/><T79/><D89/><U132/><E132/><V96/><F15/><W117/><G117/><T55/><D45/><U122/><E122/><V69/><F69/><W87/><REACH who="3" step="1"/><G28/><REACH who="3" ten="214,250,286,240" step="2"/><T120/><D120/><U63/><E30/><V49/><F104/><W131/><G131/><T20/><D115/><U70/><E36/><V51/><F105/><W1/><G1/><T27/><REACH who="0" step="1"/><D35/><REACH who="0" ten="204,250,286,240" step="2"/><U8/><E103/><N who="2" m="60807" /><F43/><AGARI ba="0,2" hai="19,20,22,24,27,31,43,47,50,55,59,61,76,79" machi="43" ten="30,3900,0" yaku="1,1,7,1,8,1,53,0" doraHai="111" doraHaiUra="91" who="0" fromWho="2" sc="204,59,250,0,286,-39,240,0" /><INIT seed="2,0,0,0,5,79" ten="263,250,247,240" oya="2" hai0="46,128,33,29,81,4,2,68,110,99,25,57,92" hai1="31,129,62,72,104,15,48,96,127,58,28,47,23" hai2="130,82,54,89,135,60,5,55,71,124,102,27,107" hai3="20,39,63,70,44,94,125,19,36,88,40,75,34"/><V24/><F130/><W78/><G125/><T131/><D68/><U76/><E127/><V91/><F124/><W43/><G34/><T32/><D32/><U38/><E38/><V30/><F135/><W97/><G70/><T80/><D110/><U132/><E132/><V86/><F27/><W100/><G63/><T14/><D2/><U8/><E129/><N who="0" m="49737" /><D57/><U109/><E109/><V121/><F5/><W22/><G78/><T101/><D46/><U111/><E111/><V6/><F6/><W123/><G75/><T50/><D50/><U16/><E104/><V61/><F61/><W103/><G123/><T108/><D108/><U51/><E96/><N who="2" m="61895" /><F91/><W1/><G1/><T116/><D116/><U74/><E51/><V13/><F13/><W45/><REACH who="3" step="1"/><G22/><REACH who="3" ten="263,250,247,230" step="2"/><T93/><D33/><U7/><E23/><V112/><F121/><W87/><G87/><T59/><D4/><U18/><E72/><V117/><F117/><W9/><G9/><T120/><D120/><U65/><E74/><V133/><F133/><W21/><G21/><N who="0" m="15535" /><D14/><AGARI ba="0,1" hai="14,19,20,36,39,40,43,44,45,88,94,97,100,103" machi="14" ten="30,7700,0" yaku="1,1,7,1,9,1,54,1,53,0" doraHai="79" doraHaiUra="53" who="3" fromWho="0" sc="263,-77,250,0,247,0,230,87" /><INIT seed="3,0,0,3,4,33" ten="186,250,247,317" oya="3" hai0="119,67,71,19,100,92,35,61,132,110,1,73,81" hai1="0,78,127,131,70,28,133,43,85,36,130,60,91" hai2="102,135,45,95,29,34,63,40,52,103,13,62,3" hai3="64,4,96,41,83,39,76,49,99,134,72,98,128"/><W30/><G128/><N who="1" m="49194" /><E133/><V46/><F135/><W124/><G134/><T26/><D132/><U97/><E127/><V116/><F116/><W7/><G124/><T11/><D119/><U123/><E123/><V21/><F34/><W87/><G30/><T31/><D110/><U125/><E125/><V20/><F3/><W107/><G39/><T104/><D92/><U75/><E0/><V101/><F95/><W59/><G72/><T69/><D19/><U122/><E28/><V79/><F79/><W2/><G2/><T9/><D71/><U93/><E122/><V50/><F29/><W88/><G76/><T42/><D42/><U68/><E75/><V114/><F114/><W77/><G77/><T58/><D58/><U6/><E6/><V112/><F112/><W14/><G107/><T106/><D81/><N who="1" m="47287" /><E60/><N who="2" m="23083" /><F13/><W66/><G59/><T10/><D73/><U17/><E17/><V118/><F118/><W56/><G56/><T108/><D108/><U37/><E37/><V15/><F15/><W27/><G27/><T126/><D126/><U109/><E109/><V23/><F46/><AGARI ba="0,0" hai="36,43,46,68,70,91,93,97" m="47287,49194" machi="46" ten="30,1000,0" yaku="19,1" doraHai="33" who="1" fromWho="2" sc="186,0,250,10,247,-10,317,0" owari="186,-31.0,260,6.0,237,-16.0,317,41.0" /></mjloggm>