<mjloggm ver="2.3"><GO type="169" lobby="0"/><UN n0="%E3%81%84%E3%81%AC%E3%81%98%E3%82%83%E3%82%89%EF%BC%94" n1="%E3%82%A6%E3%83%AB%E3%83%88%E3%83%A9%E7%AB%8B%E7%9B%B4" n2="%E3%82%BF%E3%82%B1%E3%82%AA%E3%81%97%E3%82%83%E3%82%93" n3="%6E%61%6B%61%6A%75%75%6E" dan="16,16,17,19" rate="2149.34,2106.30,2180.27,2331.29" sx="M,M,M,M"/><TAIKYOKU oya="0"/><INIT seed="0,0,0,0,4,115" ten="250,250,250,250" oya="0" hai0="69,101,25,96,20,70,24,103,17,71,62,60,66" hai1="53,22,33,121,75,77,59,28,10,51,76,23,37" hai2="8,95,67,126,82,79,135,97,110,36,11,84,34" hai3="118,41,68,98,72,127,102,107,52,38,18,40,26"/><T65/><D71/><U99/><E37/><V113/><F113/><W4/><G72/><T1/><D1/><U116/><E121/><V58/><F34/><W123/><G123/><T32/><REACH who="0" step="1"/><D96/><REACH who="0" ten="240,250,250,250" step="2"/><U63/><E75/><V27/><F126/><W83/><G68/><T87/><D87/><U43/><E99/><V90/><F135/><W74/><G98/><T134/><D134/><U117/><E116/><V100/><F110/><W81/><G118/><T55/><D55/><U112/><E117/><V128/><F128/><W19/><G52/><T35/><D35/><U130/><E112/><V5/><F36/><W2/><G74/><T93/><D93/><U78/><E130/><V13/><F11/><W125/><G2/><T6/><D6/><U31/><E33/><V92/><F92/><W21/><G4/><T114/><D114/><U54/><E54/><V48/><F48/><W42/><G38/><T89/><D89/><U108/><E10/><V56/><F67/><W12/><G125/><T39/><D39/><U64/><E108/><V111/><F111/><W3/><G127/><T0/><D0/><U122/><E122/><V57/><REACH who="2" step="1"/><F27/><REACH who="2" ten="240,250,240,250" step="2"/><W44/><G26/><T94/><D94/><U119/><E119/><V49/><F49/><W15/><G3/><T109/><D109/><U104/><E64/><V61/><F61/><W29/><G15/><T9/><D9/><U47/><E104/><V45/><F45/><W80/><G44/><T105/><D105/><U30/><AGARI ba="0,2" hai="22,23,28,30,31,43,47,51,53,59,63,76,77,78" machi="30" ten="30,2000,0" yaku="0,1,8,1" doraHai="115" who="1" fromWho="1" sc="240,-10,250,40,240,-5,250,-5" /><INIT seed="1,0,0,1,2,22" ten="230,290,235,245" oya="1" hai0="21,90,67,114,28,135,109,51,119,120,49,12,57" hai1="20,101,19,73,25,42,24,107,95,130,117,93,27" hai2="112,3,96,4,59,74,65,60,134,54,125,105,132" hai3="72,35,33,79,124,66,131,100,94,47,133,64,56"/><U123/><E73/><V6/><F74/><W84/><G124/><T15/><D114/><U1/><E123/><V50/><F125/><W75/><G133/><N who="2" m="51305" /><F3/><W5/><G5/><N who="2" m="2153" /><F112/><W32/><G131/><T99/><D109/><U129/><E1/><V55/><F50/><W97/><G47/><T110/><D119/><U31/><E117/><V16/><F16/><W13/><G13/><T118/><D120/><U18/><E42/><V23/><F23/><W70/><G70/><T78/><D49/><U10/><E10/><V40/><F40/><W83/><G72/><T108/><D51/><U46/><E46/><V128/><F128/><N who="1" m="49257" /><E19/><V87/><F87/><W36/><G36/><T68/><D118/><U122/><E122/><V17/><F17/><W71/><G71/><T88/><D68/><U52/><E18/><V115/><F115/><W82/><REACH who="3" step="1"/><G56/><REACH who="3" ten="230,290,235,235" step="2"/><T113/><D57/><U63/><E101/><AGARI ba="0,1" hai="54,55,59,60,65,96,101,105" m="2153,51305" machi="101" ten="30,1000,0" yaku="20,1" doraHai="22" who="2" fromWho="1" sc="230,0,290,-10,235,20,235,0" /><INIT seed="2,0,0,5,1,76" ten="230,280,255,235" oya="2" hai0="41,82,30,32,54,90,111,122,88,123,79,2,81" hai1="133,75,55,129,71,105,19,73,3,40,119,18,59" hai2="43,36,62,100,78,23,25,130,6,35,125,97,113" hai3="126,108,17,115,10,67,92,29,48,68,24,64,49"/><V120/><F113/><W12/><G108/><T77/><D2/><U5/><E119/><V69/><F120/><N who="0" m="46122" /><D41/><U38/><E105/><N who="2" m="63631" /><F6/><W109/><G109/><T104/><D54/><U131/><E71/><V56/><F23/><W15/><G126/><T34/><D30/><U128/><E5/><V103/><F56/><W98/><G115/><T44/><D44/><N who="1" m="23575" /><E3/><V7/><F7/><W93/><G93/><T87/><D111/><U28/><E28/><N who="2" m="19855" /><F103/><W84/><G68/><T46/><D46/><U118/><E118/><V117/><F117/><W58/><G15/><T86/><D32/><U31/><E31/><V102/><F102/><W80/><G29/><T89/><D34/><U14/><E19/><V63/><F63/><W50/><G24/><T9/><D9/><N who="1" m="6479" /><E133/><V121/><F121/><W85/><G58/><T42/><D42/><U70/><E70/><V13/><F13/><W107/><G107/><AGARI ba="0,0" hai="77,79,81,82,86,87,88,89,90,104,107" m="46122" machi="107" ten="30,8000,1" yaku="34,2,52,2,54,1" doraHai="76" who="0" fromWho="3" sc="230,80,280,0,255,0,235,-80" /><INIT seed="3,0,0,0,5,55" ten="310,280,255,155" oya="3" hai0="110,83,113,106,131,135,1,64,111,60,25,53,44" hai1="15,101,35,12,47,99,117,57,11,81,7,72,85" hai2="6,95,87,21,28,134,130,75,22,125,49,82,92" hai3="43,115,66,107,80,27,9,30,116,97,120,121,51"/><W24/><G116/><T18/><D106/><U23/><E35/><V133/><F75/><W68/><G115/><T48/><D1/><U3/><E72/><V71/><F71/><W62/><G9/><T0/><D0/><U26/><E47/><V102/><F6/><W2/><G2/><T33/><D113/><U84/><E84/><V98/><F130/><W91/><G27/><T78/><D131/><U17/><E57/><V37/><F37/><W45/><G80/><T39/><D39/><U73/><E73/><V5/><F5/><W38/><G38/><T65/><D135/><U112/><E117/><V59/><F95/><W32/><REACH who="3" step="1"/><G91/><REACH who="3" ten="310,280,255,145" step="2"/><T36/><D36/><U114/><E114/><V14/><F134/><W20/><G20/><T69/><D83/><U31/><E112/><V70/><F133/><W67/><G67/><T63/><D78/><U127/><E3/><V46/><F22/><W93/><G93/><T119/><D119/><U29/><E15/><V89/><F14/><W118/><G118/><T129/><D129/><U100/><E12/><V90/><F90/><W103/><AGARI ba="0,1" hai="24,30,32,43,45,51,62,66,68,97,103,107,120,121" machi="103" ten="30,12000,1" yaku="1,1,0,1,25,2,53,1" doraHai="55" doraHaiUra="42" who="3" fromWho="3" sc="310,-40,280,-40,255,-40,145,130" /><INIT seed="3,1,0,2,0,131" ten="270,240,215,275" oya="3" hai0="81,31,121,73,4,59,84,53,2,1,72,50,87" hai1="108,46,29,17,58,41,32,111,49,24,105,135,127" hai2="0,75,43,118,68,33,12,124,14,115,83,13,47" hai3="54,106,66,55,78,120,93,16,128,110,89,125,8"/><W82/><G120/><T37/><D37/><U6/><E105/><V60/><F33/><W19/><G106/><T134/><D121/><U95/><E6/><V65/><F118/><W28/><G128/><T7/><D31/><U48/><E127/><V10/><F115/><W130/><G130/><T57/><D50/><U103/><E17/><V117/><F117/><W123/><G123/><T99/><D53/><N who="1" m="32047" /><E95/><V109/><F109/><N who="1" m="42057" /><E103/><V101/><F101/><W102/><G102/><T76/><D76/><U98/><E98/><V3/><F124/><W34/><G110/><T74/><D74/><U42/><E42/><V71/><F71/><W69/><G125/><T35/><D35/><U27/><E27/><V44/><F10/><W77/><G8/><T104/><D104/><U9/><E9/><V129/><F129/><W64/><G34/><T79/><D79/><N who="3" m="30217" /><G28/><T38/><D99/><U112/><E112/><V100/><F100/><W119/><G82/><T61/><D81/><U52/><E41/><V113/><F83/><W23/><G119/><T18/><D18/><N who="3" m="6697" /><G69/><T67/><D72/><U133/><AGARI ba="1,0" hai="24,29,32,46,48,52,133,135" m="42057,32047" machi="133" ten="30,7900,0" yaku="14,1,52,2,54,1" doraHai="131" who="1" fromWho="1" sc="270,-21,240,82,215,-21,275,-40" /><INIT seed="4,0,0,3,3,48" ten="249,322,194,235" oya="0" hai0="30,12,104,82,123,72,20,28,65,21,59,80,5" hai1="27,4,42,52,121,14,60,25,115,101,98,105,86" hai2="71,68,87,113,135,73,102,76,78,96,38,43,114" hai3="92,24,122,8,109,41,97,126,118,64,75,51,83"/><T103/><D123/><U23/><E121/><V79/><F38/><W26/><G118/><T13/><D72/><U116/><E116/><V112/><F43/><W107/><G109/><T35/><D35/><U9/><E115/><V84/><F73/><W56/><G107/><T61/><D104/><U117/><E117/><V62/><F135/><W77/><G122/><T36/><D36/><U33/><E33/><V67/><REACH who="2" step="1"/><F71/><REACH who="2" ten="249,322,184,235" step="2"/><W119/><G119/><T15/><D5/><U93/><E42/><V1/><F1/><W18/><G41/><T7/><D7/><U85/><E105/><AGARI ba="0,1" hai="62,67,68,76,78,79,84,87,96,102,105,112,113,114" machi="105" ten="50,8000,1" yaku="1,1,15,1,53,3" doraHai="48" doraHaiUra="111" who="2" fromWho="1" sc="249,0,322,-80,184,90,235,0" /><INIT seed="5,0,0,2,1,93" ten="249,242,274,235" oya="1" hai0="52,121,109,49,67,99,40,47,7,81,111,120,82" hai1="18,57,42,66,73,76,33,63,85,118,58,5,103" hai2="60,75,110,92,80,54,126,132,114,134,128,4,97" hai3="127,50,45,26,38,62,19,12,1,59,71,131,98"/><U90/><E118/><V125/><F4/><W112/><G1/><T31/><D7/><U27/><E5/><V72/><F54/><W11/><G112/><T30/><D67/><U25/><E76/><V83/><F60/><W36/><G131/><T15/><D15/><U0/><E73/><N who="2" m="28235" /><F110/><N who="0" m="41994" /><D40/><U20/><E0/><V55/><F55/><W53/><G127/><N who="2" m="48649" /><F114/><W94/><G71/><T130/><D130/><U21/><E42/><V24/><F24/><W28/><G45/><T35/><D35/><U88/><E33/><V122/><F122/><N who="0" m="47210" /><D99/><U74/><E66/><V119/><F119/><W135/><G50/><T123/><D123/><U2/><E2/><V101/><F128/><W86/><G38/><T29/><AGARI ba="0,0" hai="29,30,31,47,49,52,81,82" m="47210,41994" machi="29" ten="40,2700,0" yaku="13,1,54,1" doraHai="93" who="0" fromWho="0" sc="249,27,242,-13,274,-7,235,-7" /><INIT seed="6,0,0,2,5,89" ten="276,229,267,228" oya="2" hai0="60,17,59,27,115,36,58,132,8,116,93,127,7" hai1="13,41,25,14,21,12,122,113,74,10,45,76,62" hai2="81,1,97,85,120,69,82,133,57,64,26,128,30" hai3="31,23,19,96,9,75,22,50,100,111,38,124,66"/><V20/><F1/><W53/><G75/><T51/><D36/><U67/><E122/><V39/><F39/><W78/><G38/><T2/><D115/><U55/><E113/><V110/><F120/><W130/><G111/><T34/><D127/><U87/><E74/><V108/><F128/><W52/><G130/><T106/><D106/><U33/><E33/><V131/><F131/><W80/><G124/><T84/><D132/><U91/><E76/><V29/><F69/><W70/><G9/><T104/><D104/><U123/><E123/><V77/><F81/><W40/><G70/><T103/><D51/><N who="1" m="29167" /><E41/><V68/><F68/><W114/><G66/><T32/><D59/><N who="1" m="37343" /><E10/><V118/><F118/><W72/><G114/><T79/><D34/><U135/><E135/><V88/><F133/><W47/><G31/><T65/><D32/><U15/><E15/><V126/><F126/><W46/><G46/><T83/><D116/><U73/><E73/><V107/><F29/><W94/><REACH who="3" step="1"/><G23/><REACH who="3" ten="276,229,267,218" step="2"/><T56/><D8/><U37/><E37/><V95/><F64/><W109/><G109/><T49/><D65/><U125/><E125/><V102/><REACH who="2" step="1"/><F57/><REACH who="2" ten="276,229,257,218" step="2"/><W101/><G101/><T35/><D103/><U44/><E44/><V5/><F5/><W92/><G92/><T54/><D93/><N who="1" m="54527" /><E21/><V3/><F3/><W42/><G42/><T105/><D2/><U90/><E90/><V134/><F134/><W24/><AGARI ba="0,2" hai="19,22,24,40,47,50,52,53,72,78,80,94,96,100" machi="24" ten="20,12000,2" yaku="1,1,0,1,7,1,52,1,54,1,53,2" doraHai="89" doraHaiUra="48" who="3" fromWho="3" sc="276,-30,229,-30,257,-60,218,140" /><INIT seed="7,0,0,0,1,60" ten="246,199,197,358" oya="3" hai0="131,100,109,6,102,110,20,9,53,8,25,123,46" hai1="124,89,45,3,135,49,70,15,94,74,19,85,65" hai2="32,80,62,84,104,81,111,16,67,78,4,72,2" hai3="116,51,31,14,52,73,95,48,128,121,114,76,129"/><W35/><G121/><T22/><D53/><U26/><E3/><V57/><F111/><W61/><G114/><T33/><D46/><U119/><E74/><V71/><F104/><W12/><G95/><T11/><D123/><U88/><E119/><V98/><F32/><W47/><G61/><T17/><D131/><U118/><E118/><V120/><F120/><W10/><G51/><T50/><D50/><U117/><E117/><V63/><F98/><W97/><G97/><T92/><D92/><N who="1" m="54287" /><E70/><V40/><F40/><W68/><G68/><T77/><D6/><U18/><E124/><V38/><F38/><W99/><G35/><T130/><D102/><U108/><E108/><V44/><F44/><W58/><G47/><T64/><D100/><U86/><E135/><V91/><F16/><N who="1" m="6185" /><E15/><V125/><F125/><W101/><G14/><T93/><D33/><U115/><E115/><V24/><F24/><W103/><G12/><T126/><D25/><U107/><E107/><V54/><REACH who="2" step="1"/><F2/><REACH who="2" ten="246,199,187,358" step="2"/><W59/><G116/><T7/><D126/><U87/><E26/><V112/><F112/><W113/><G113/><T82/><D110/><U21/><E21/><V56/><F56/><W13/><G59/><T106/><D22/><U36/><E36/><V34/><F34/><W41/><G58/><T5/><D20/><U96/><E65/><V133/><F133/><W30/><G128/><T83/><D64/><U90/><E90/><V122/><F122/><W66/><G129/><T23/><D130/><U132/><E132/><V43/><F43/><AGARI ba="0,1" hai="43,45,49,86,87,89,94,96" m="6185,54287" machi="43" ten="30,3900,0" yaku="8,1,54,2" doraHai="60" who="1" fromWho="2" sc="246,0,199,49,187,-39,358,0" owari="246,-15.0,248,5.0,148,-35.0,358,45.0" /></mjloggm>