<mjloggm ver="2.3"><GO type="97" lobby="0"/><UN n0="%E6%9C%9D%E9%A3%9F%E3%82%B7%E3%83%9E%E3%82%A6%E3%83%9E" n1="%E2%98%86%E5%A4%A9%E2%98%85" n2="%E5%B0%B1%E6%B4%BB%E7%94%9F%40%E5%B7%9D%E6%9D%91%E8%BB%8D%E5%9B%A3" n3="%E5%AE%AE%E6%99%AF%E4%B8%89" dan="15,14,15,15" rate="2007.60,1900.58,1985.89,2041.96" sx="F,M,M,M"/><TAIKYOKU oya="0"/><INIT seed="0,0,0,2,5,13" ten="250,250,250,250" oya="0" hai0="125,99,89,55,67,5,20,14,45,117,32,22,42" hai1="0,88,24,98,103,34,36,123,27,118,102,132,120" hai2="101,48,64,134,107,41,94,38,111,4,1,133,9" hai3="33,54,91,44,7,106,85,116,76,104,70,47,58"/><T18/><D32/><U122/><E118/><V35/><F111/><W115/><G104/><T28/><D117/><U128/><E128/><V114/><F114/><W59/><G106/><T126/><D67/><U73/><E132/><N who="2" m="50795" /><F64/><W124/><G70/><T84/><D5/><U96/><E73/><V86/><F107/><W95/><G116/><T129/><D99/><U113/><E113/><V119/><F119/><W68/><G68/><T72/><D72/><U37/><E34/><V108/><F108/><W100/><G33/><T6/><D6/><U110/><E110/><V8/><F35/><W69/><G69/><T93/><D129/><U2/><E123/><V3/><F38/><W50/><G124/><N who="0" m="47723" /><D55/><U81/><E81/><V52/><F41/><W121/><G121/><T26/><D42/><U65/><REACH who="1" step="1"/><E65/><REACH who="1" ten="250,240,250,250" step="2"/><V39/><F1/><W15/><G115/><T57/><D57/><U25/><E25/><V61/><F3/><W83/><G59/><T43/><D43/><U80/><E80/><V40/><F40/><W60/><G47/><AGARI ba="0,1" hai="14,18,20,22,26,28,45,47,84,89,93" m="47723" machi="47" ten="30,2900,0" yaku="18,1,52,1" doraHai="13" who="0" fromWho="3" sc="250,39,240,0,250,0,250,-29" /><INIT seed="0,1,0,1,2,2" ten="289,240,250,221" oya="0" hai0="124,22,93,81,36,89,25,70,69,99,21,135,73" hai1="100,42,13,5,60,17,16,96,9,122,109,28,57" hai2="31,125,41,110,126,98,65,48,113,108,62,102,87" hai3="50,118,131,106,4,47,43,67,23,105,127,77,72"/><T84/><D36/><U46/><E122/><V53/><F113/><W27/><G118/><T78/><D135/><U75/><E109/><N who="2" m="42091" /><F31/><W35/><G35/><T39/><D39/><U40/><E40/><V74/><F74/><W20/><G131/><T83/><D124/><N who="2" m="47722" /><F87/><W44/><G127/><T94/><D94/><U56/><E75/><V30/><F30/><W32/><G67/><T120/><D120/><U111/><E56/><N who="2" m="37063" /><F98/><W80/><G32/><T97/><D97/><U92/><E111/><V128/><F102/><W34/><G34/><T38/><D38/><U107/><E107/><V12/><F12/><W86/><G72/><T58/><D22/><U54/><REACH who="1" step="1"/><E28/><REACH who="1" ten="289,230,250,221" step="2"/><V91/><F41/><W24/><G106/><T33/><D58/><U88/><E88/><V1/><F91/><W134/><G105/><T61/><D73/><U82/><E82/><V7/><F128/><W26/><G134/><T90/><D83/><U52/><E52/><V95/><F95/><W115/><G115/><T104/><D104/><U132/><E132/><V18/><F18/><W6/><G47/><T45/><D45/><U85/><E85/><V130/><F130/><W3/><G3/><T14/><D90/><U55/><E55/><V37/><F37/><AGARI ba="1,1" hai="5,9,13,16,17,37,42,46,54,57,60,92,96,100" machi="37" ten="30,8000,1" yaku="1,1,7,1,52,1,54,1,53,1" doraHai="2" doraHaiUra="68" who="1" fromWho="2" sc="289,0,230,93,250,-83,221,0" /><INIT seed="1,0,0,1,5,20" ten="289,323,167,221" oya="1" hai0="32,77,128,57,120,39,3,37,26,126,81,122,40" hai1="38,85,69,7,105,31,55,114,1,121,53,48,42" hai2="59,30,63,93,116,131,107,28,13,35,102,134,95" hai3="6,44,33,108,99,9,75,112,14,70,132,76,74"/><U110/><E121/><N who="0" m="46697" /><D3/><U54/><E114/><V25/><F116/><W46/><G70/><T129/><D126/><U21/><E110/><V111/><F111/><W66/><G112/><T119/><D119/><U133/><E133/><V15/><F134/><W125/><G132/><T2/><D2/><U49/><E105/><V80/><F131/><N who="0" m="50250" /><D40/><U113/><E113/><V72/><F30/><W71/><G33/><T36/><D57/><U83/><E55/><V10/><F107/><W89/><G125/><T79/><D81/><U23/><E54/><V61/><F61/><W41/><G108/><T106/><D106/><U87/><E53/><V65/><F102/><W68/><G46/><T82/><D82/><U109/><E49/><V29/><F29/><AGARI ba="0,0" hai="26,29,32,36,37,39,77,79" m="50250,46697" machi="29" ten="40,5200,0" yaku="13,1,19,1,52,1" doraHai="20" who="0" fromWho="2" sc="289,52,323,0,167,-52,221,0" /><INIT seed="2,0,0,3,4,95" ten="341,323,115,221" oya="2" hai0="49,123,68,47,31,102,81,100,76,72,11,65,4" hai1="118,57,131,97,90,135,94,116,83,127,89,39,117" hai2="130,53,23,98,129,29,124,108,15,10,88,62,84" hai3="92,51,61,109,45,126,125,105,93,74,107,34,64"/><V80/><F124/><N who="3" m="47723" /><G74/><T30/><D123/><U3/><E127/><V71/><F108/><W58/><G34/><T25/><D65/><U77/><E3/><V17/><F29/><W106/><G109/><T69/><D69/><U5/><E5/><V82/><F82/><W67/><G67/><T132/><D68/><U2/><E2/><V28/><F28/><W43/><AGARI ba="0,0" hai="43,45,51,58,61,64,92,93,105,106,107" m="47723" machi="43" ten="40,1500,0" yaku="18,1" doraHai="95" who="3" fromWho="3" sc="341,-4,323,-4,115,-7,221,15" /><INIT seed="3,0,0,0,2,134" ten="337,319,108,236" oya="3" hai0="84,2,1,128,96,124,69,18,90,57,88,104,75" hai1="121,79,49,111,23,78,55,115,112,4,131,11,53" hai2="105,25,97,41,7,22,109,81,45,60,63,0,32" hai3="38,3,5,114,113,12,126,70,110,54,123,117,62"/><W24/><G117/><T120/><D69/><U103/><E121/><V73/><F109/><W87/><G123/><T20/><D75/><U106/><E111/><V44/><F44/><W40/><G110/><T10/><D120/><U77/><E106/><V61/><F32/><W14/><G3/><T125/><D128/><U15/><E131/><V92/><F105/><W72/><G72/><T31/><D31/><U13/><E103/><V102/><F25/><W46/><G126/><N who="0" m="48747" /><D57/><U48/><E23/><V129/><F129/><W82/><G24/><N who="0" m="14359" /><D10/><U17/><E17/><V42/><F42/><W99/><G99/><T52/><D52/><N who="1" m="20043" /><E4/><V64/><F22/><W28/><G28/><T135/><D135/><U67/><E11/><V98/><F98/><W26/><G26/><T36/><D36/><U100/><E100/><V80/><F80/><W107/><G107/><T16/><D16/><U65/><E15/><V59/><F59/><W27/><G27/><T86/><D86/><U34/><E13/><V108/><F108/><W94/><G14/><T8/><D8/><U122/><E122/><V91/><F64/><N who="1" m="24649" /><E34/><V85/><F73/><W9/><G94/><N who="0" m="56391" /><D104/><U30/><E30/><V39/><F7/><W93/><G93/><AGARI ba="0,0" hai="1,2,84,90,93" m="56391,14359,48747" machi="93" ten="30,8000,1" yaku="18,1,52,3,54,1" doraHai="134" who="0" fromWho="3" sc="337,80,319,0,108,0,236,-80" owari="417,51.0,319,12.0,108,-39.0,156,-24.0" /></mjloggm>