<mjloggm ver="2.3"><GO type="41" lobby="0"/><UN n0="%67%6B%63" n1="%6D%6F%6E%74%65%70%75%6C" n2="%6D%75%62%6F%75" n3="%E5%B0%B1%E6%B4%BB%E7%94%9F%40%E5%B7%9D%E6%9D%91%E8%BB%8D%E5%9B%A3" dan="14,13,13,15" rate="1923.09,1865.69,1848.17,2022.20" sx="M,M,M,M"/><TAIKYOKU oya="0"/><INIT seed="0,0,0,3,4,28" ten="250,250,250,250" oya="0" hai0="76,0,111,89,120,31,66,29,86,121,33,102,109" hai1="34,77,128,56,124,73,134,97,100,68,88,84,98" hai2="4,104,71,39,43,13,78,131,67,133,103,49,79" hai3="50,60,6,99,41,69,105,35,26,72,14,65,116"/><T107/><D0/><U54/><E68/><V83/><F49/><W63/><G116/><T5/><D5/><U9/><E134/><V20/><F79/><W132/><G72/><T22/><D66/><U8/><E128/><V135/><F20/><W52/><G132/><T101/><D76/><U64/><E64/><V61/><F131/><W15/><G63/><T27/><D31/><U130/><E73/><V112/><F112/><W30/><G6/><T37/><D37/><U129/><E77/><V123/><F13/><W94/><G41/><T32/><D121/><U58/><E56/><V40/><F40/><W108/><G108/><N who="0" m="41547" /><D120/><U96/><E100/><N who="0" m="38505" /><D107/><U53/><E130/><V81/><F81/><AGARI ba="0,0" hai="22,27,29,32,33,81,86,89" m="38505,41547" machi="81" ten="30,11600,0" yaku="14,1,10,1,52,2" doraHai="28" who="0" fromWho="2" sc="250,116,250,0,250,-116,250,0" /><INIT seed="0,1,0,1,3,92" ten="366,250,134,250" oya="0" hai0="14,54,105,81,135,130,32,48,98,122,41,133,127" hai1="66,15,95,86,20,123,49,97,60,58,61,88,108" hai2="96,128,12,29,16,77,100,13,75,84,70,56,5" hai3="113,91,64,39,103,36,35,69,82,17,51,68,34"/><T31/><D122/><U117/><E61/><V55/><F70/><W50/><G113/><T9/><D41/><U112/><E112/><V101/><F75/><W119/><G119/><T129/><D81/><U22/><E123/><V99/><F29/><W104/><G17/><T102/><D31/><U30/><E117/><V43/><F43/><W76/><G91/><T33/><D127/><U11/><E108/><V10/><F128/><N who="0" m="49258" /><D48/><U4/><E30/><V57/><F57/><W118/><G118/><T1/><D1/><U40/><E40/><V23/><F77/><W67/><G82/><T28/><D28/><U46/><E46/><V93/><F84/><W7/><G76/><T59/><D59/><U45/><E45/><V24/><F24/><W80/><G80/><T79/><D79/><U19/><E49/><V83/><F83/><W116/><G116/><T121/><D54/><U94/><E4/><V47/><F47/><W3/><G3/><T78/><D78/><U107/><E107/><V109/><F109/><W120/><G120/><T106/><D106/><U42/><E42/><V115/><F115/><W134/><G104/><T87/><D87/><U62/><E60/><N who="2" m="35871" /><F93/><W37/><G37/><T131/><D121/><U71/><E71/><V89/><F89/><AGARI ba="1,0" hai="11,15,19,20,22,58,62,66,86,88,89,94,95,97" machi="89" ten="30,7700,0" yaku="7,1,8,1,52,1,54,1" doraHai="92" who="1" fromWho="2" sc="366,0,250,80,134,-80,250,0" /><INIT seed="1,0,0,0,0,33" ten="366,330,54,250" oya="1" hai0="102,8,78,82,72,41,2,37,108,16,73,71,31" hai1="105,106,87,96,10,86,6,58,25,60,63,61,113" hai2="22,11,54,127,103,85,55,4,134,107,34,19,21" hai3="13,90,110,120,30,52,123,109,133,89,128,51,57"/><U42/><E42/><V112/><F34/><W115/><G30/><T7/><D73/><U76/><E113/><V44/><F107/><W5/><G5/><T45/><D108/><N who="3" m="41577" /><G13/><T14/><D71/><U124/><E124/><V64/><F64/><W24/><G24/><T121/><D31/><U48/><E96/><V130/><F103/><W94/><G115/><T104/><D102/><U67/><E105/><V75/><F75/><W125/><G125/><T126/><D104/><U56/><E106/><V32/><F32/><W53/><G128/><T70/><D70/><U116/><E116/><V132/><F127/><W93/><G133/><N who="2" m="51305" /><F112/><W49/><G93/><T111/><D111/><U99/><E99/><V36/><F130/><W50/><G57/><N who="1" m="22122" /><E25/><V46/><F85/><W18/><G94/><T62/><D126/><U40/><E76/><V23/><F19/><W92/><G92/><T27/><D27/><U12/><E67/><V129/><F129/><W43/><G43/><T74/><D74/><U47/><AGARI ba="0,0" hai="6,10,12,40,47,48,60,61,63,86,87" m="22122" machi="47" ten="30,1500,0" yaku="8,1" doraHai="33" who="1" fromWho="1" sc="366,-5,330,15,54,-5,250,-5" /><INIT seed="1,1,0,1,0,40" ten="361,345,49,245" oya="1" hai0="30,98,38,76,74,91,92,101,45,49,95,70,1" hai1="56,15,124,125,61,116,37,118,57,85,63,20,65" hai2="9,62,108,67,31,42,94,79,119,103,60,86,131" hai3="54,3,7,80,68,120,97,69,29,41,2,27,89"/><U127/><E85/><V134/><F119/><N who="1" m="45609" /><E20/><V115/><F60/><W17/><G54/><T96/><D30/><U133/><E15/><V126/><F42/><W111/><G41/><T88/><D1/><U14/><E14/><V128/><F67/><W122/><G111/><T44/><D74/><U107/><E107/><V66/><F62/><W105/><G17/><T22/><D22/><U21/><E21/><V121/><F66/><W99/><G80/><T104/><D76/><U34/><E34/><V19/><F31/><W123/><G89/><T47/><D104/><U109/><E37/><V52/><F19/><W43/><G43/><T48/><D70/><N who="3" m="27241" /><G97/><N who="0" m="59559" /><D38/><U72/><E72/><V4/><F52/><W12/><G12/><T71/><D71/><U46/><E46/><V51/><F9/><W26/><G26/><T39/><D39/><U102/><E102/><V132/><F51/><W82/><G82/><T114/><D114/><U10/><E10/><V25/><F25/><W33/><G7/><T58/><D58/><U117/><N who="1" m="45617" /><U81/><DORA hai="75" /><E81/><N who="2" m="47423" /><F4/><W55/><G55/><T59/><D59/><U77/><E77/><V113/><F121/><W112/><G112/><N who="2" m="43081" /><F108/><W11/><G11/><T110/><D110/><U135/><E109/><V13/><F13/><W93/><G3/><T36/><D36/><U0/><E0/><V100/><F126/><W90/><G2/><T78/><D78/><U24/><E24/><V18/><F18/><W64/><G64/><AGARI ba="1,0" hai="56,57,61,63,64,65,124,125,127,133,135" m="45617" machi="64" ten="50,9600,0" yaku="18,1,34,2" doraHai="40,75" who="1" fromWho="3" sc="361,0,345,99,49,0,245,-99" /><INIT seed="1,2,0,2,1,86" ten="361,444,49,146" oya="1" hai0="33,44,6,89,73,76,36,7,71,59,41,52,72" hai1="9,5,37,115,121,83,120,124,97,118,32,95,108" hai2="2,87,102,53,106,55,34,21,135,93,132,46,16" hai3="75,27,57,125,99,79,30,69,58,61,60,0,116"/><U38/><E32/><V12/><F2/><W96/><G0/><T104/><D104/><U105/><E105/><V77/><F34/><W3/><G3/><T66/><D33/><U112/><E83/><N who="2" m="47599" /><F106/><W25/><G69/><T42/><D76/><U98/><E124/><V117/><F117/><W47/><G116/><T80/><D73/><U82/><E82/><V54/><F46/><W31/><G125/><T45/><D72/><U119/><E95/><V28/><F28/><N who="3" m="10795" /><G47/><T131/><D131/><U24/><E24/><N who="3" m="9290" /><G79/><T19/><D71/><U101/><E101/><V74/><F74/><W113/><G113/><T129/><D129/><U49/><E5/><V4/><F4/><W100/><G100/><T107/><D107/><U67/><E9/><V130/><F130/><W65/><G75/><T39/><D19/><U64/><E38/><V63/><F102/><W40/><G40/><T128/><D128/><U68/><E37/><V133/><F93/><W22/><G22/><T88/><D80/><U48/><E68/><V17/><F17/><W11/><G11/><T56/><D52/><AGARI ba="2,0" hai="52,57,58,60,61,65,96,99" m="9290,10795" machi="52" ten="30,2000,0" yaku="8,1,54,1" doraHai="86" who="3" fromWho="0" sc="361,-26,444,0,49,0,146,26" /><INIT seed="2,0,0,5,2,82" ten="335,444,49,172" oya="2" hai0="80,19,55,62,77,74,115,36,61,31,97,95,104" hai1="56,108,37,39,21,48,57,125,131,96,15,16,130" hai2="7,84,32,27,73,67,33,28,113,38,129,112,65" hai3="81,30,54,114,4,72,70,11,18,12,47,94,25"/><V90/><F73/><W64/><G114/><T68/><D115/><U86/><E96/><V10/><F38/><W88/><G70/><T123/><D123/><U50/><E108/><V101/><F101/><W23/><G64/><T66/><D36/><N who="1" m="13899" /><E86/><V118/><F118/><W45/><G54/><T127/><D31/><U85/><E85/><V53/><F33/><W121/><G121/><T35/><D35/><U42/><E125/><V44/><F129/><N who="1" m="49161" /><E42/><V13/><F113/><W43/><G81/><T92/><D127/><U91/><E91/><V76/><F76/><W89/><G72/><T24/><D104/><U9/><E21/><N who="2" m="15471" /><F112/><W83/><G43/><T40/><D40/><U98/><E98/><V107/><F107/><W0/><G83/><T5/><D95/><U102/><E102/><V135/><F32/><N who="3" m="20559" /><G89/><T120/><D120/><U75/><E75/><V116/><F116/><W126/><G126/><T59/><D92/><U106/><E106/><V87/><F135/><W119/><G119/><T26/><D97/><AGARI ba="0,0" hai="0,4,11,12,18,23,45,47,88,94,97" m="20559" machi="97" ten="30,2000,0" yaku="24,1,54,1" doraHai="82" who="3" fromWho="0" sc="335,-20,444,0,49,0,172,20" /><INIT seed="3,0,0,5,4,64" ten="315,444,49,192" oya="3" hai0="25,71,54,58,92,66,24,23,2,56,11,75,19" hai1="85,82,61,130,0,104,134,20,77,93,34,116,132" hai2="73,88,5,38,6,95,9,113,55,115,14,128,17" hai3="96,124,69,91,33,103,57,108,65,68,16,135,4"/><W87/><G33/><T120/><D120/><U119/><E0/><V3/><F73/><W51/><G124/><T109/><D109/><U133/><E34/><V90/><F38/><W48/><G4/><T10/><D75/><U89/><E130/><V127/><F127/><W118/><G118/><N who="1" m="45098" /><E20/><V59/><F128/><W50/><G108/><T126/><D126/><U98/><E61/><V52/><F3/><W83/><G135/><T129/><D129/><U84/><E104/><V67/><F67/><W8/><G57/><T22/><D92/><U42/><E42/><V106/><F106/><W31/><G65/><T46/><D2/><U72/><AGARI ba="0,0" hai="72,77,82,84,85,89,93,98,132,133,134" m="45098" machi="72" ten="40,8000,1" yaku="20,1,12,1,34,2" doraHai="64" who="1" fromWho="1" sc="315,-20,444,80,49,-20,192,-40" /><INIT seed="4,0,0,0,5,72" ten="295,524,29,152" oya="0" hai0="23,92,79,65,56,103,2,36,71,43,61,34,96" hai1="51,122,124,75,32,123,131,98,37,40,1,11,70" hai2="108,17,50,15,38,7,83,76,16,42,25,117,24" hai3="10,101,55,54,90,63,20,89,27,81,39,28,66"/><T14/><BYE who="2" /><D2/><U88/><E32/><V119/><F119/><W97/><G39/><UN n2="%6D%75%62%6F%75" /><T106/><D36/><U104/><E70/><V120/><F38/><W111/><G10/><T57/><D43/><U49/><E37/><V33/><F120/><W4/><G4/><T21/><D34/><U47/><E75/><V26/><F108/><W59/><G111/><T69/><D69/><U84/><E104/><V13/><F50/><W99/><G99/><T8/><D57/><U53/><E98/><V62/><F62/><W30/><G30/><T46/><D46/><U115/><E1/><V129/><F42/><W113/><G113/><T110/><D110/><U132/><E132/><V109/><F109/><W18/><G18/><N who="2" m="7273" /><F117/><W112/><G112/><T127/><D127/><U74/><E74/><V100/><F100/><W91/><REACH who="3" step="1"/><G81/><REACH who="3" ten="295,524,29,142" step="2"/><T86/><D8/><U60/><E124/><V67/><F129/><W12/><G12/><N who="2" m="4681" /><F83/><W5/><G5/><T80/><D14/><U118/><E131/><V78/><F67/><W29/><G29/><T9/><D80/><U68/><E115/><V94/><F33/><W77/><G77/><N who="2" m="29801" /><F7/><W126/><G126/><T64/><D64/><U22/><E118/><V134/><F94/><AGARI ba="0,1" hai="20,27,28,54,55,59,63,66,89,90,91,94,97,101" machi="94" ten="40,8000,1" yaku="1,1,25,2,8,1,53,0" doraHai="72" doraHaiUra="3" who="3" fromWho="2" sc="295,0,524,0,29,-80,142,90" owari="295,10.0,524,62.0,-51,-55.0,232,-17.0" /></mjloggm>