<mjloggm ver="2.3"><GO type="97" lobby="0"/><UN n0="%E9%95%B7%E5%B7%9E%E3%81%AE%E5%85%8B" n1="%E5%B0%B1%E6%B4%BB%E7%94%9F%40%E5%B7%9D%E6%9D%91%E8%BB%8D%E5%9B%A3" n2="%75%6A%75%6C" n3="%E3%83%95%E3%82%A7%E3%83%8D%E3%83%83%E3%82%AF" dan="15,14,14,16" rate="2076.05,1999.91,2002.40,2054.36" sx="M,M,M,M"/><TAIKYOKU oya="0"/><INIT seed="0,0,0,4,0,109" ten="250,250,250,250" oya="0" hai0="16,83,94,123,52,77,10,29,88,40,8,101,97" hai1="105,2,18,98,49,84,95,72,6,112,41,92,86" hai2="61,114,132,124,34,107,51,56,26,118,60,102,30" hai3="128,14,104,45,130,110,75,81,100,28,71,79,64"/><T12/><D123/><U67/><E105/><V89/><F118/><W55/><G110/><T7/><D29/><U53/><E72/><V25/><F132/><W48/><G28/><T33/><D33/><U111/><E111/><V126/><F25/><W17/><G100/><T9/><D40/><U74/><E74/><V131/><F107/><W57/><G104/><T36/><D36/><U108/><E108/><V3/><F3/><W90/><G90/><T20/><D101/><U13/><E67/><V99/><F131/><N who="3" m="50219" /><G71/><T135/><D135/><U85/><E85/><V43/><BYE who="1" /><F102/><W59/><G64/><T87/><REACH who="0" step="1"/><D52/><REACH who="0" ten="240,250,250,250" step="2"/><U127/><E127/><UN n1="%E5%B0%B1%E6%B4%BB%E7%94%9F%40%E5%B7%9D%E6%9D%91%E8%BB%8D%E5%9B%A3" /><V38/><F126/><W65/><G65/><T76/><D76/><U125/><E53/><V21/><F124/><W5/><G5/><AGARI ba="0,1" hai="5,7,8,9,10,12,16,20,77,83,87,88,94,97" machi="5" ten="40,12000,1" yaku="1,1,8,1,54,2,53,0" doraHai="109" doraHaiUra="129" who="0" fromWho="3" sc="240,130,250,0,250,0,250,-120" /><INIT seed="0,1,0,5,1,122" ten="370,250,250,130" oya="0" hai0="102,69,23,133,15,24,100,119,47,10,105,21,63" hai1="87,108,88,61,38,106,59,90,57,125,123,72,30" hai2="115,29,65,58,67,99,84,70,74,56,64,42,127" hai3="89,92,73,20,78,116,44,131,41,34,75,82,51"/><T81/><D119/><U1/><E72/><V18/><F74/><W110/><G116/><T53/><D105/><U39/><E1/><V118/><F118/><W4/><G75/><T93/><D133/><U101/><E123/><V85/><F115/><W103/><G103/><T11/><D81/><U22/><E125/><V52/><F29/><W8/><G34/><T66/><D23/><U76/><E76/><V113/><F113/><W6/><G131/><T49/><D93/><U111/><E106/><V94/><F127/><W77/><G77/><T2/><D11/><U55/><E101/><V54/><F42/><W40/><G20/><T91/><D91/><U60/><E22/><V13/><F70/><W26/><G26/><T96/><D96/><U130/><E30/><V104/><F104/><W17/><G17/><T83/><D83/><U0/><E0/><V135/><F135/><W9/><G9/><T71/><D69/><U32/><E32/><V86/><F99/><W97/><G4/><T14/><D2/><U7/><E7/><V28/><F94/><W134/><G134/><T129/><D129/><U37/><E130/><V33/><F33/><W45/><G6/><T62/><D63/><U27/><E27/><V12/><F28/><W124/><G8/><T35/><D35/><U117/><E117/><V3/><F3/><W5/><G5/><N who="0" m="3407" /><D15/><N who="2" m="5706" /><F18/><W107/><G124/><T31/><D71/><U16/><E16/><V126/><F126/><W68/><G68/><T46/><D46/><U43/><E43/><V120/><F120/><W50/><G107/><T114/><D114/><RYUUKYOKU ba="1,0" sc="370,10,250,-30,250,10,130,10" hai0="21,24,31,47,49,53,62,66,100,102" hai2="52,54,56,58,64,65,67,84,85,86" hai3="40,41,44,45,50,51,73,78,82,89,92,97,110" /><INIT seed="0,2,0,1,5,87" ten="380,220,260,140" oya="0" hai0="68,96,120,109,98,6,118,71,27,60,91,110,35" hai1="104,42,116,36,25,121,21,132,128,107,122,13,89" hai2="111,23,61,127,44,101,70,83,67,108,50,74,29" hai3="39,17,24,3,100,90,30,19,46,38,85,86,135"/><T76/><D118/><U123/><E116/><V115/><F101/><W63/><G3/><T99/><D120/><U113/><E113/><V92/><F115/><W95/><G135/><T65/><D76/><U32/><E132/><V45/><F92/><W54/><G100/><T112/><D6/><U129/><E32/><V7/><F7/><W5/><G5/><T134/><D112/><U79/><E79/><V57/><F83/><W88/><G39/><T80/><D134/><U103/><E13/><V41/><F74/><W62/><G38/><T117/><D117/><U33/><E33/><V77/><F77/><W11/><G11/><T53/><D53/><U124/><E124/><V94/><F94/><N who="3" m="54543" /><G46/><T12/><D12/><U59/><E59/><V133/><F127/><W55/><G55/><T131/><D131/><N who="1" m="50251" /><E103/><V2/><F2/><W126/><G126/><T105/><D71/><U16/><E89/><V18/><F133/><W1/><G1/><T10/><D10/><U75/><E75/><V48/><F29/><W43/><G43/><T58/><D58/><U69/><E69/><V34/><F34/><W22/><G54/><T93/><D80/><U31/><E31/><V72/><F72/><W49/><G49/><T26/><D105/><U15/><E25/><N who="0" m="9225" /><D35/><U78/><E78/><V73/><F73/><W0/><G0/><T37/><D37/><U106/><E36/><V51/><F70/><W9/><G9/><T14/><D14/><U97/><E42/><N who="2" m="24599" /><F50/><W84/><G84/><T40/><D40/><U125/><E125/><V119/><F119/><W47/><G47/><RYUUKYOKU ba="2,0" sc="380,0,220,0,260,0,140,0" hai0="60,65,68,91,93,96,98,99,109,110" hai1="15,16,21,97,104,106,107,121,122,123" hai2="18,23,41,45,51,57,61,67,108,111" hai3="17,19,22,24,30,62,63,86,90,95" /><INIT seed="0,3,0,1,3,18" ten="380,220,260,140" oya="0" hai0="106,121,26,78,97,20,83,48,24,61,3,52,102" hai1="49,6,123,94,105,76,91,16,131,80,63,126,15" hai2="12,89,104,75,41,45,73,43,54,86,5,1,32" hai3="103,114,119,90,38,129,23,22,69,31,72,92,117"/><T33/><D3/><U101/><E123/><V67/><F104/><W7/><G38/><T130/><D121/><U115/><E115/><V113/><F32/><W116/><G69/><T77/><D33/><U82/><E131/><V37/><F67/><W30/><G114/><T109/><D61/><U122/><E122/><V88/><F113/><W135/><G72/><T34/><D130/><U9/><E126/><V19/><F41/><W93/><G129/><T51/><D51/><U74/><E82/><V60/><F89/><W44/><G44/><T133/><D133/><U58/><E49/><V134/><F134/><W27/><G7/><T46/><D109/><U2/><E101/><V71/><F5/><W36/><G36/><T79/><D34/><U124/><E105/><V28/><F28/><W81/><G135/><T87/><D26/><U125/><E2/><V59/><F71/><W57/><G57/><T96/><D96/><U42/><E42/><V10/><REACH who="2" step="1"/><F1/><REACH who="2" ten="380,220,250,140" step="2"/><W29/><G29/><AGARI ba="3,1" hai="20,24,29,46,48,52,77,78,79,83,87,97,102,106" machi="29" ten="30,5800,0" yaku="7,1,52,1,54,1" doraHai="18" who="0" fromWho="3" sc="380,77,220,0,250,0,140,-67" /><INIT seed="0,4,0,4,4,26" ten="457,220,250,73" oya="0" hai0="63,116,125,39,52,67,45,59,126,30,100,105,57" hai1="10,76,71,66,23,11,22,68,132,80,108,85,20" hai2="102,51,104,98,110,70,42,60,107,117,6,118,119" hai3="124,13,81,31,91,74,21,64,88,123,106,47,17"/><T135/><D116/><U73/><E132/><V92/><F6/><W9/><G106/><T133/><D105/><U29/><E108/><V122/><F122/><W90/><G123/><T32/><D100/><U27/><E73/><V75/><F75/><W72/><G64/><T121/><D121/><U94/><E71/><V65/><F110/><W44/><G124/><N who="0" m="47723" /><D32/><U34/><REACH who="1" step="1"/><E94/><REACH who="1" ten="457,210,250,73" step="2"/><V3/><F3/><W18/><G74/><T50/><D30/><U61/><AGARI ba="4,1" hai="10,11,20,22,23,27,29,34,61,66,68,76,80,85" machi="61" ten="30,7900,0" yaku="1,1,2,1,0,1,52,1,53,0" doraHai="26" doraHaiUra="12" who="1" fromWho="1" sc="457,-43,210,101,250,-24,73,-24" /><INIT seed="1,0,0,2,1,6" ten="414,311,226,49" oya="1" hai0="7,1,34,112,3,63,80,125,110,22,92,51,129" hai1="68,120,47,61,45,9,84,39,89,33,37,64,42" hai2="65,23,123,106,101,8,69,130,86,87,132,82,36" hai3="124,94,53,113,79,126,25,88,78,122,48,90,133"/><U57/><E33/><V97/><F123/><W20/><G122/><T119/><D34/><U98/><E120/><V73/><F130/><W5/><G5/><T40/><D112/><U99/><E68/><V30/><F132/><W117/><G117/><T103/><D110/><U43/><REACH who="1" step="1"/><E9/><REACH who="1" ten="414,301,226,49" step="2"/><V56/><F8/><W52/><G133/><T83/><D129/><U18/><E18/><V70/><F70/><W28/><G113/><T71/><D119/><U85/><E85/><V16/><F30/><W10/><G10/><T100/><D71/><U21/><E21/><V74/><F69/><W72/><G72/><T116/><D22/><U108/><E108/><V29/><F86/><N who="3" m="52503" /><G53/><T38/><D116/><U114/><E114/><V26/><F29/><W115/><G115/><T44/><D7/><U134/><E134/><V67/><F36/><W32/><G32/><T31/><D38/><U127/><E127/><N who="3" m="48682" /><G90/><T60/><D125/><U15/><E15/><V55/><F73/><W111/><G111/><T96/><D3/><U76/><E76/><V131/><F74/><W27/><G27/><T0/><D1/><U104/><E104/><V121/><F131/><W102/><G102/><T41/><D103/><U62/><E62/><N who="0" m="23593" /><D0/><U128/><E128/><V14/><F121/><W105/><G105/><T109/><D31/><U75/><E75/><V58/><F26/><W118/><G118/><T35/><D109/><U95/><AGARI ba="0,1" hai="37,39,42,43,45,47,57,61,64,84,89,95,98,99" machi="95" ten="20,7800,0" yaku="1,1,0,1,7,1,9,1,53,0" doraHai="6" doraHaiUra="4" who="1" fromWho="1" sc="414,-26,301,88,226,-26,49,-26" /><INIT seed="1,1,0,5,2,61" ten="388,389,200,23" oya="1" hai0="42,106,129,1,93,102,55,45,73,24,86,79,39" hai1="41,32,21,19,107,110,74,76,4,125,75,96,11" hai2="71,65,66,70,58,128,34,52,57,111,13,119,36" hai3="67,113,47,72,12,6,54,59,114,103,56,17,27"/><U48/><E32/><V29/><F13/><W88/><G72/><T104/><D1/><U131/><E125/><V98/><F29/><W60/><G103/><T87/><D73/><U77/><E131/><V81/><F81/><W51/><G27/><T9/><D129/><U35/><E35/><V78/><F78/><W53/><G6/><T100/><D9/><U117/><E117/><V122/><F98/><W120/><G120/><T40/><D79/><U20/><E110/><V80/><F80/><W84/><G59/><N who="2" m="22537" /><F34/><W22/><G54/><T83/><D83/><AGARI ba="1,0" hai="12,17,22,47,51,53,56,60,67,83,84,88,113,114" machi="83" ten="30,3900,0" yaku="7,1,52,1,54,1" doraHai="61" who="3" fromWho="0" sc="388,-42,389,0,200,0,23,42" /><INIT seed="2,0,0,3,1,128" ten="346,389,200,65" oya="2" hai0="36,78,52,110,26,73,82,84,79,76,8,101,15" hai1="120,46,123,102,125,99,37,94,88,95,115,90,19" hai2="51,106,126,103,68,27,6,121,57,47,7,129,135" hai3="56,130,5,107,49,63,67,89,34,98,127,96,122"/><V86/><F68/><W50/><G130/><T62/><D36/><U124/><E115/><V53/><F121/><N who="1" m="46665" /><E37/><V87/><F129/><W55/><G122/><T75/><D110/><U69/><E69/><V54/><F126/><N who="1" m="48745" /><E46/><V10/><F135/><W13/><G34/><T133/><D101/><U91/><E19/><V119/><F119/><W2/><G2/><T60/><D26/><U0/><E0/><V4/><F27/><W33/><G33/><T11/><D133/><U72/><E72/><V66/><F66/><W70/><G127/><T31/><D31/><U108/><E108/><V44/><F106/><AGARI ba="0,0" hai="88,90,91,94,95,99,102,106" m="48745,46665" machi="106" ten="40,8000,1" yaku="13,1,18,1,34,2,54,1" doraHai="128" who="1" fromWho="2" sc="346,0,389,80,200,-80,65,0" /><INIT seed="3,0,0,5,4,84" ten="346,469,120,65" oya="3" hai0="121,12,34,122,24,76,123,107,132,104,124,23,69" hai1="43,57,105,98,35,59,109,134,15,125,92,90,115" hai2="10,46,48,8,119,4,13,94,50,56,72,54,21" hai3="60,133,67,116,71,14,75,6,131,83,120,9,85"/><W86/><G120/><T128/><D69/><U73/><E35/><V39/><F72/><W0/><G116/><T78/><D34/><U22/><E73/><V80/><F80/><W114/><G114/><T106/><D12/><U126/><E115/><V89/><F119/><W103/><G133/><T25/><D132/><U44/><E134/><V7/><F39/><W2/><G103/><T82/><D124/><N who="1" m="47723" /><E109/><V41/><F21/><W95/><G131/><T1/><D128/><U20/><E105/><V87/><F10/><W68/><G68/><T96/><D96/><U135/><E135/><V45/><F56/><N who="1" m="21577" /><E15/><V11/><F11/><W53/><G53/><T62/><D62/><U51/><AGARI ba="0,0" hai="20,22,43,44,51,90,92,98" m="21577,47723" machi="51" ten="30,2000,0" yaku="18,1,52,1" doraHai="84" who="1" fromWho="1" sc="346,-5,469,20,120,-5,65,-10" owari="341,14.0,489,58.0,115,-28.0,55,-44.0" /></mjloggm>