<mjloggm ver="2.3"><GO type="97" lobby="0"/><UN n0="%6D%69%6B%65%38%32" n1="%E9%83%A1%E5%B1%B1%E7%83%88%E7%81%AB" n2="%72%69%6F%75%63%68%61%6E" n3="%E5%B0%B1%E6%B4%BB%E7%94%9F%40%E5%B7%9D%E6%9D%91%E8%BB%8D%E5%9B%A3" dan="13,15,16,15" rate="1837.23,1969.15,2015.32,1980.33" sx="M,M,M,M"/><TAIKYOKU oya="0"/><INIT seed="0,0,0,2,3,99" ten="250,250,250,250" oya="0" hai0="61,102,68,110,59,24,112,10,76,18,128,12,2" hai1="15,21,115,72,73,56,123,92,135,121,114,52,57" hai2="54,108,69,94,26,105,46,134,124,60,16,89,71" hai3="77,1,120,50,78,44,0,3,11,74,66,118,43"/><T30/><D112/><N who="1" m="43051" /><E92/><V130/><F105/><W64/><G118/><T82/><D128/><U51/><E15/><V25/><F130/><W35/><G120/><N who="1" m="46154" /><E21/><N who="2" m="13479" /><F108/><W8/><G35/><T39/><D68/><U79/><E135/><V87/><F124/><W62/><G64/><T65/><D39/><U131/><E131/><V5/><F69/><W37/><G50/><T34/><D110/><U4/><E4/><V45/><F71/><W28/><G28/><T90/><D2/><U83/><E57/><N who="2" m="34871" /><F134/><W132/><G132/><T101/><REACH who="0" step="1"/><D90/><REACH who="0" ten="240,250,250,250" step="2"/><U36/><E36/><V129/><F129/><W53/><G3/><T98/><D98/><U100/><E73/><AGARI ba="0,1" hai="10,12,18,24,30,34,59,61,65,73,76,82,101,102" machi="73" ten="30,11600,0" yaku="1,1,7,1,52,2,53,0" doraHai="99" doraHaiUra="126" who="0" fromWho="1" sc="240,126,250,-116,250,0,250,0" /><INIT seed="0,1,0,2,4,52" ten="366,134,250,250" oya="0" hai0="121,23,104,61,8,126,25,102,127,38,116,7,80" hai1="93,65,5,92,124,73,95,75,97,6,109,133,84" hai2="29,36,66,32,43,119,64,110,24,56,111,81,96" hai3="70,39,51,107,60,115,10,128,30,2,134,90,71"/><T22/><D116/><U58/><E133/><V72/><F119/><W69/><G115/><T9/><D121/><U26/><E124/><N who="0" m="47657" /><D38/><U55/><E65/><V18/><F96/><W106/><G134/><T59/><D104/><U62/><E109/><N who="2" m="41483" /><F18/><W54/><G128/><T44/><D102/><U15/><E26/><V68/><F68/><W67/><G39/><T88/><D44/><U31/><E31/><V101/><F101/><W45/><G30/><N who="0" m="17719" /><D23/><U91/><E15/><V77/><F56/><W108/><G108/><T53/><D7/><N who="1" m="2571" /><E73/><V1/><F1/><W21/><G2/><T83/><D83/><N who="1" m="49567" /><E75/><V40/><F40/><W41/><G41/><T132/><D132/><U114/><E114/><V46/><AGARI ba="1,0" hai="24,29,32,36,43,46,64,66,72,77,81" m="41483" machi="46" ten="30,1100,0" yaku="14,1" doraHai="52" who="2" fromWho="2" sc="366,-6,134,-4,250,14,250,-4" /><INIT seed="1,0,0,0,1,78" ten="360,130,264,246" oya="1" hai0="121,98,58,128,52,65,81,133,60,85,77,76,120" hai1="25,24,116,49,19,135,47,119,36,8,96,30,69" hai2="27,94,99,91,95,83,1,42,70,75,87,22,79" hai3="28,59,15,74,126,9,7,134,46,67,48,61,17"/><U16/><E69/><V113/><F70/><W35/><G74/><T102/><D128/><U88/><E36/><V64/><F1/><W40/><G134/><T3/><D133/><U101/><E135/><V32/><F113/><W55/><G126/><T132/><D132/><U53/><E119/><V124/><F124/><W18/><G35/><T68/><D3/><U63/><E116/><V20/><F64/><W51/><REACH who="3" step="1"/><G28/><REACH who="3" ten="360,130,264,236" step="2"/><T37/><D121/><U45/><E30/><V11/><F75/><W109/><G109/><T97/><D120/><U54/><E8/><V89/><F32/><W56/><AGARI ba="0,1" hai="7,9,15,17,18,40,46,48,51,55,56,59,61,67" machi="56" ten="20,12000,2" yaku="1,1,0,1,7,1,8,1,53,2" doraHai="78" doraHaiUra="44" who="3" fromWho="3" sc="360,-30,130,-60,264,-30,236,130" /><INIT seed="2,0,0,0,0,111" ten="330,70,234,366" oya="2" hai0="77,7,44,66,12,46,82,59,49,104,14,3,118" hai1="4,40,25,36,56,5,110,103,1,80,132,127,18" hai2="86,120,81,94,116,61,57,30,69,31,128,84,63" hai3="28,65,121,133,112,134,126,71,32,129,64,88,89"/><V24/><F120/><W6/><G121/><T13/><D104/><U16/><E132/><N who="3" m="50794" /><G129/><T9/><D118/><U41/><E110/><V15/><F116/><W38/><G38/><T21/><D3/><U43/><E36/><V75/><F128/><W53/><G126/><T11/><D46/><U50/><E127/><V67/><F75/><W99/><G6/><T37/><D7/><U74/><E103/><V122/><F122/><W91/><G112/><T117/><D37/><U17/><E1/><V72/><F72/><W10/><G71/><T100/><D100/><U23/><E74/><V47/><F47/><W26/><G99/><T45/><D21/><U35/><E35/><V33/><F30/><W92/><G92/><T95/><D95/><U114/><E114/><V42/><F42/><W108/><G108/><T87/><D117/><U34/><E34/><V115/><F115/><W93/><G93/><T119/><D45/><U106/><E106/><V125/><F125/><W85/><G85/><T98/><D98/><U130/><E130/><V39/><F39/><W0/><G53/><N who="0" m="29863" /><D119/><U22/><E80/><V52/><F94/><W109/><G109/><T124/><D124/><U101/><E101/><V62/><F81/><W123/><G123/><T105/><D105/><U2/><E2/><V90/><F90/><W8/><G0/><T68/><D68/><U135/><E135/><V79/><F79/><W51/><G51/><T131/><D131/><U96/><E96/><V73/><F73/><W58/><G58/><T113/><D113/><U83/><E83/><V76/><F76/><RYUUKYOKU ba="0,0" sc="330,15,70,-15,234,-15,366,15" hai0="9,11,12,13,14,59,66,77,82,87" hai3="8,10,26,28,32,64,65,88,89,91" /><INIT seed="3,1,0,0,3,115" ten="345,55,219,381" oya="3" hai0="44,68,119,5,130,13,58,133,33,42,89,27,90" hai1="36,21,94,112,72,80,98,101,3,111,81,123,9" hai2="93,34,0,51,116,86,76,28,49,19,66,29,79" hai3="8,69,32,92,83,75,78,117,4,23,61,50,25"/><W96/><G117/><T10/><D119/><U108/><E36/><V84/><F0/><W70/><G32/><T60/><D68/><U100/><E21/><V73/><F73/><W11/><G50/><N who="2" m="18953" /><F34/><W20/><G20/><T6/><D130/><U118/><E9/><V87/><F66/><W1/><G61/><T62/><D62/><U24/><E24/><V114/><F114/><W127/><G11/><T132/><D5/><U103/><E3/><V95/><F116/><W17/><G127/><T7/><D6/><U88/><E112/><V54/><F19/><W48/><G48/><T97/><D44/><U74/><E118/><V110/><F110/><N who="1" m="42025" /><E123/><V82/><F54/><W71/><G71/><T124/><D42/><U38/><E38/><V121/><F82/><AGARI ba="1,0" hai="72,74,80,81,82,88,94,98,100,101,103" m="42025" machi="82" ten="30,7700,0" yaku="14,1,34,2,54,1" doraHai="115" who="1" fromWho="2" sc="345,0,55,80,219,-80,381,0" owari="345,15.0,135,-36.0,139,-26.0,381,47.0" /></mjloggm>