<mjloggm ver="2.3"><GO type="169" lobby="0"/><UN n0="%E5%B0%B1%E6%B4%BB%E7%94%9F%40%E5%B7%9D%E6%9D%91%E8%BB%8D%E5%9B%A3" n1="%E3%83%8A%E3%82%BA%E6%98%9F%40%E6%9D%8F%E6%9D%8F%E8%BB%8D%E5%9C%98" n2="%63%61%72%64%69%6E" n3="%E3%81%BB%E3%81%97%E3%81%AE%E3%81%99%E3%81%9A%E3%81%BF" dan="16,16,16,16" rate="2089.55,2008.41,2059.81,2133.84" sx="M,F,M,F"/><TAIKYOKU oya="0"/><INIT seed="0,0,0,1,5,94" ten="250,250,250,250" oya="0" hai0="45,6,128,104,26,4,82,63,110,27,120,15,113" hai1="56,111,70,5,7,127,129,43,1,28,75,88,101" hai2="95,50,39,135,0,71,81,57,38,16,60,34,124" hai3="24,125,67,109,21,122,35,32,76,9,84,54,78"/><T59/><D120/><U85/><E70/><V73/><F124/><W98/><G122/><T74/><D104/><U22/><E75/><V61/><F135/><W68/><G125/><T46/><D113/><U29/><E1/><V83/><F71/><W97/><G9/><T118/><D118/><U10/><E111/><V93/><F34/><W25/><G54/><T62/><D128/><U14/><E129/><V51/><F0/><W103/><G109/><T41/><D110/><U77/><E127/><V31/><F31/><W69/><G21/><T18/><D74/><U72/><E43/><V30/><F30/><W65/><G84/><T19/><D82/><U2/><E2/><V90/><F73/><W36/><G103/><T91/><D91/><U89/><E89/><V116/><F90/><W3/><G3/><T52/><D15/><U13/><E101/><V131/><F131/><W102/><G102/><T53/><D59/><U23/><E56/><V44/><F57/><W107/><REACH who="3" step="1"/><G36/><REACH who="3" ten="250,250,250,240" step="2"/><T49/><D49/><U100/><E100/><V48/><F51/><W115/><G115/><T66/><D66/><U86/><E72/><V47/><F116/><W42/><G42/><AGARI ba="0,1" hai="4,6,18,19,26,27,41,42,45,46,52,53,62,63" machi="42" ten="25,9600,0" yaku="22,2,8,1,54,1" doraHai="94" who="0" fromWho="3" sc="250,106,250,0,250,0,240,-96" /><INIT seed="0,1,0,2,1,22" ten="356,250,250,144" oya="0" hai0="0,10,117,46,110,84,73,28,78,47,62,93,129" hai1="58,112,133,132,124,50,100,12,86,4,102,20,63" hai2="96,21,36,33,30,71,45,99,1,125,76,25,107" hai3="19,114,83,123,48,109,128,127,77,119,44,13,101"/><T60/><D73/><U81/><E124/><V37/><F125/><W97/><G127/><T92/><D117/><U35/><E35/><V134/><F71/><W14/><G119/><T72/><D72/><U122/><E50/><V43/><F134/><N who="1" m="51817" /><E122/><V40/><F1/><W52/><G114/><T17/><D129/><U31/><E4/><V2/><F2/><W74/><G109/><T87/><D28/><U104/><E104/><V89/><F76/><W27/><G128/><T98/><D0/><U24/><E12/><V118/><F118/><W39/><G39/><T67/><D67/><N who="1" m="39415" /><E112/><V32/><F107/><W18/><G123/><T64/><D64/><U38/><E38/><V69/><F69/><W75/><G75/><T105/><D105/><U51/><E51/><V68/><F68/><W130/><G130/><T34/><D34/><U29/><E29/><V11/><F33/><W120/><G120/><T26/><D10/><U7/><E7/><V115/><F11/><W66/><G66/><T55/><D55/><U16/><E31/><V126/><F115/><W6/><G6/><T85/><D110/><U113/><E113/><V90/><F126/><W116/><G116/><T91/><D78/><AGARI ba="1,0" hai="16,20,24,78,81,86,100,102" m="39415,51817" machi="78" ten="30,3900,0" yaku="20,1,52,1,54,1" doraHai="22" who="1" fromWho="0" sc="356,-42,250,42,250,0,144,0" /><INIT seed="1,0,0,5,4,63" ten="314,292,250,144" oya="1" hai0="93,9,13,83,23,101,104,100,112,132,67,65,123" hai1="20,91,82,51,110,28,62,26,85,108,18,99,89" hai2="1,116,124,39,86,111,5,68,58,95,46,84,114" hai3="38,131,105,6,50,54,88,15,115,57,21,109,118"/><U34/><E51/><V122/><F68/><W119/><G115/><T134/><D104/><U8/><E8/><V24/><F116/><N who="3" m="44587" /><G105/><T106/><D106/><U61/><E99/><V16/><F122/><W49/><G38/><T66/><D112/><U120/><E91/><V73/><F114/><W76/><G76/><T35/><D35/><U81/><E81/><V96/><F73/><W56/><G109/><N who="1" m="42090" /><E120/><V2/><F111/><W43/><G131/><T37/><D37/><U45/><E45/><V127/><F46/><N who="3" m="25823" /><G6/><N who="0" m="3255" /><D123/><U52/><E52/><V125/><F39/><W74/><G74/><T40/><D40/><U98/><E98/><V41/><F41/><W130/><G130/><T0/><D0/><U27/><AGARI ba="0,0" hai="18,20,26,27,28,34,61,62,82,85,89" m="42090" machi="27" ten="30,3000,0" yaku="14,1,10,1" doraHai="63" who="1" fromWho="1" sc="314,-10,292,30,250,-10,144,-10" /><INIT seed="1,1,0,3,4,85" ten="304,322,240,134" oya="1" hai0="0,73,71,55,89,111,64,25,65,101,106,134,45" hai1="46,82,122,36,1,4,30,108,2,133,39,95,49" hai2="3,113,87,117,54,50,52,33,18,16,21,104,10" hai3="90,7,63,131,35,86,15,40,13,112,100,59,69"/><U75/><E122/><V72/><F72/><W92/><G112/><T107/><D0/><U9/><E1/><V68/><F68/><W34/><G131/><T128/><D73/><U42/><E133/><V129/><F129/><W123/><G123/><T66/><D71/><U43/><E108/><V80/><F117/><W29/><G40/><T120/><D128/><U48/><E30/><V8/><F33/><W74/><G74/><T32/><D134/><U94/><E94/><V135/><F135/><W19/><G7/><T12/><D111/><U110/><E110/><V130/><F130/><W6/><G6/><T119/><D119/><U62/><E62/><V125/><F104/><W67/><G19/><T78/><D78/><N who="1" m="44383" /><E95/><V88/><F113/><W121/><G121/><T58/><D12/><U103/><E103/><V20/><F3/><W79/><G79/><T105/><D101/><U96/><E96/><V44/><F54/><W132/><G132/><T5/><D5/><U26/><E26/><N who="2" m="14615" /><F125/><W31/><G69/><T57/><D120/><U47/><AGARI ba="1,0" hai="2,4,9,36,39,42,43,46,47,48,49" m="44383" machi="47" ten="30,1500,0" yaku="25,1" doraHai="85" who="1" fromWho="1" sc="304,-6,322,18,240,-6,134,-6" /><INIT seed="1,2,0,4,0,96" ten="298,340,234,128" oya="1" hai0="18,102,6,48,93,12,104,100,56,67,39,130,120" hai1="82,21,121,41,70,127,22,108,34,0,3,1,7" hai2="91,131,4,17,83,111,9,122,128,55,115,20,69" hai3="95,15,16,110,49,38,62,58,109,75,37,66,11"/><U99/><E121/><V78/><F122/><W77/><G49/><T65/><D104/><U29/><E70/><V81/><F111/><W50/><G50/><T63/><D39/><U116/><E41/><V125/><F125/><W59/><G59/><N who="0" m="37119" /><D130/><U68/><E68/><V10/><F69/><W76/><G95/><T113/><D113/><U114/><E116/><V54/><F115/><W33/><G33/><T19/><D120/><U51/><E127/><V124/><F124/><W90/><G90/><T101/><D93/><U106/><E82/><V8/><F4/><W31/><G31/><T123/><D123/><U98/><E7/><V47/><F91/><W73/><G38/><T27/><D27/><U94/><E94/><V26/><F83/><W117/><G37/><T40/><D67/><U135/><E34/><V118/><F118/><W86/><G86/><T74/><D74/><U44/><E51/><V30/><F30/><W46/><G46/><N who="0" m="25671" /><D56/><U52/><E44/><V45/><F45/><W24/><G24/><T28/><D28/><U85/><E29/><V80/><F47/><W87/><G117/><T132/><D132/><U53/><E135/><V35/><F35/><W79/><REACH who="3" step="1"/><G87/><REACH who="3" ten="298,340,234,118" step="2"/><T97/><D97/><U129/><E85/><N who="2" m="48279" /><F81/><W84/><G84/><T14/><D14/><U60/><E98/><V126/><F126/><W25/><G25/><T71/><D71/><U88/><E99/><V134/><F134/><W61/><G61/><T119/><D119/><U112/><E60/><V133/><F133/><W89/><G89/><T5/><D12/><U107/><E88/><RYUUKYOKU ba="2,1" sc="298,10,340,-30,234,10,118,10" hai0="5,6,18,19,100,101,102" hai2="8,9,10,17,20,26,54,55,128,131" hai3="11,15,16,58,62,66,73,75,76,77,79,109,110" /><INIT seed="2,3,1,0,1,38" ten="308,310,244,128" oya="2" hai0="105,72,117,45,1,118,102,8,42,49,122,80,27" hai1="134,125,129,97,43,109,31,106,76,6,18,63,28" hai2="89,78,59,95,69,131,77,84,50,128,101,35,123" hai3="66,5,81,54,112,3,60,111,56,21,44,47,64"/><V92/><F69/><W94/><G111/><T58/><D122/><U119/><E119/><N who="0" m="45577" /><D27/><U130/><E6/><V41/><F35/><W20/><G3/><T85/><D72/><U32/><E76/><V79/><F123/><W46/><G5/><N who="0" m="1071" /><D58/><U19/><E32/><V96/><F59/><W70/><G81/><T14/><D14/><U7/><E31/><V73/><F73/><W37/><G37/><T39/><D102/><U93/><E28/><V51/><REACH who="2" step="1"/><F50/><REACH who="2" ten="308,310,234,128" step="2"/><W16/><G70/><T48/><D105/><U24/><E106/><V40/><F40/><W13/><G112/><T33/><D33/><U127/><E43/><V88/><F88/><AGARI ba="3,2" hai="39,42,45,48,49,80,85,88" m="1071,45577" machi="88" ten="30,3900,0" yaku="12,1,52,1,54,1" doraHai="38" who="0" fromWho="2" sc="308,68,310,0,234,-48,128,0" /><INIT seed="3,0,0,1,2,99" ten="376,310,186,128" oya="3" hai0="87,74,15,124,49,29,112,2,14,121,80,27,64" hai1="116,35,68,0,97,13,105,18,4,6,10,123,108" hai2="16,93,36,65,9,26,102,114,106,5,83,120,82" hai3="96,89,63,107,44,90,130,67,127,125,85,19,92"/><W73/><G73/><T111/><D2/><U76/><E123/><V56/><F36/><W129/><G44/><T47/><D74/><U43/><E68/><V25/><F114/><W31/><G31/><T8/><D121/><U21/><E76/><V60/><F106/><W34/><G34/><T71/><D111/><U66/><E66/><V81/><F120/><W70/><G19/><T131/><D131/><N who="3" m="50185" /><G90/><T75/><D75/><U38/><E35/><V39/><F39/><W118/><G118/><T117/><D124/><N who="3" m="47689" /><G96/><T28/><D117/><U132/><E97/><N who="2" m="59695" /><F5/><W30/><G30/><T79/><D112/><U40/><E6/><V134/><F25/><W88/><G89/><T109/><D109/><U78/><E108/><V12/><F26/><W48/><G48/><T72/><D72/><U69/><E18/><V103/><F103/><W17/><G17/><T24/><D28/><U55/><E4/><V135/><F9/><W62/><G62/><N who="0" m="40343" /><D8/><U7/><E10/><V51/><F51/><W46/><G46/><T110/><D110/><U37/><E7/><V84/><F84/><W77/><G77/><T115/><D115/><U95/><E78/><V100/><F100/><W20/><G20/><N who="0" m="15495" /><D27/><U113/><E21/><V119/><F119/><W54/><G107/><T1/><D1/><U104/><E0/><V45/><F45/><W98/><G85/><T122/><D122/><U11/><E105/><V42/><F42/><W3/><G3/><T50/><D50/><U86/><E104/><V126/><F126/><W53/><AGARI ba="0,0" hai="53,54,63,67,70,88,92,98" m="47689,50185" machi="53" ten="40,7800,0" yaku="19,1,18,1,54,1" doraHai="99" who="3" fromWho="3" sc="376,-26,310,-26,186,-26,128,78" /><INIT seed="3,1,0,0,5,2" ten="350,284,160,206" oya="3" hai0="66,53,52,18,83,119,118,73,34,38,47,20,23" hai1="76,91,21,54,25,86,29,107,101,92,126,127,59" hai2="78,105,88,77,79,13,48,30,60,63,19,22,35" hai3="51,81,110,98,133,109,74,75,123,17,64,128,94"/><W82/><G64/><T69/><D34/><U27/><E76/><V124/><F124/><W112/><G51/><T102/><D102/><U24/><E107/><V7/><F105/><W14/><G123/><T11/><D23/><U41/><E41/><V49/><F35/><W132/><G128/><T117/><D66/><U113/><E113/><V1/><F30/><W40/><G40/><T28/><D28/><U6/><E6/><V3/><F3/><W108/><G14/><T100/><D100/><U9/><E9/><V36/><F36/><W70/><G17/><T72/><D69/><U5/><E5/><V116/><F116/><W115/><G70/><T67/><D67/><U84/><E84/><V43/><F49/><W95/><G110/><T4/><D47/><U90/><E90/><V32/><F32/><W125/><G98/><T85/><D38/><U10/><E10/><V15/><F1/><W50/><G50/><T37/><D37/><U61/><E127/><AGARI ba="1,0" hai="74,75,81,82,94,95,108,109,112,115,125,127,132,133" machi="127" ten="25,12000,1" yaku="22,2,34,3" doraHai="2" who="3" fromWho="1" sc="350,0,284,-123,160,0,206,123" /><INIT seed="3,2,0,2,1,31" ten="350,161,160,329" oya="3" hai0="79,103,119,27,123,74,78,50,9,128,57,101,72" hai1="14,118,26,4,71,112,19,96,98,102,7,133,13" hai2="15,53,55,60,8,11,41,3,80,127,75,135,45" hai3="111,16,126,49,88,35,18,108,2,131,22,129,100"/><W61/><G100/><T85/><D123/><U43/><E112/><V30/><F135/><W113/><G113/><T32/><D119/><U29/><E71/><V65/><F127/><W124/><G61/><T73/><D128/><N who="3" m="49225" /><G49/><T90/><D9/><U39/><E133/><V33/><F11/><W56/><G56/><T109/><D109/><N who="3" m="42057" /><G2/><T44/><D57/><U86/><E118/><V82/><F3/><W76/><G76/><T58/><D58/><U10/><E102/><V37/><F60/><W17/><G35/><T70/><D70/><U125/><E39/><V99/><F65/><W42/><G42/><T52/><D101/><U38/><E38/><V110/><F110/><W105/><G105/><T1/><D1/><U77/><E43/><V97/><F37/><W5/><G5/><T64/><D64/><U68/><E68/><V121/><F41/><W107/><G107/><T87/><D103/><U54/><E4/><V28/><F33/><W94/><G22/><T89/><D79/><U134/><E134/><V67/><F67/><W62/><G62/><T12/><D78/><U51/><E51/><V21/><F21/><W66/><G66/><T115/><D115/><U63/><E63/><V46/><F45/><W132/><G132/><T130/><D130/><U23/><E54/><V25/><F46/><W20/><G20/><T117/><D117/><U104/><E104/><V95/><F53/><W59/><G59/><T40/><D40/><U114/><E114/><V106/><F106/><W0/><G0/><T47/><D44/><U81/><E125/><V24/><F55/><RYUUKYOKU ba="2,0" sc="350,-15,161,15,160,-15,329,15" hai1="7,10,13,14,19,23,26,29,77,81,86,96,98" hai3="16,17,18,88,94,124,126" /><INIT seed="3,3,0,2,2,31" ten="335,176,145,344" oya="3" hai0="128,39,73,0,1,38,61,63,56,34,29,16,102" hai1="91,106,120,27,40,51,41,130,132,3,19,36,101" hai2="87,111,22,11,96,124,93,78,123,103,114,131,69" hai3="33,5,32,24,8,74,15,100,118,112,23,20,35"/><W50/><G74/><T80/><D128/><U105/><E120/><V77/><F114/><W83/><G100/><T7/><D102/><U2/><E51/><V71/><F131/><W76/><G112/><T99/><D99/><U25/><E130/><V54/><F123/><W85/><G118/><T135/><D135/><U21/><E132/><V92/><F111/><W58/><REACH who="3" step="1"/><G24/><REACH who="3" ten="335,176,145,334" step="2"/><T97/><D73/><U79/><E101/><V109/><F103/><W88/><G88/><T127/><D127/><U14/><E91/><V70/><F124/><W10/><G10/><T17/><D1/><U26/><E106/><V133/><F11/><W57/><G57/><T44/><D56/><U52/><E105/><V95/><F133/><W62/><G62/><T12/><D0/><U18/><E2/><V42/><F71/><W66/><G66/><T115/><D61/><U116/><E3/><V49/><F70/><W59/><G59/><T82/><D63/><U113/><E113/><V45/><F69/><W64/><G64/><T65/><D65/><U108/><E116/><V47/><F78/><W67/><G67/><T104/><D115/><U125/><E79/><V68/><F68/><W81/><G81/><T134/><D82/><U6/><E125/><V119/><F119/><W126/><G126/><T37/><D80/><U28/><E26/><V110/><F77/><W4/><G4/><T55/><D134/><U60/><E6/><V9/><F9/><W30/><G30/><T117/><D7/><U84/><E28/><V72/><F72/><W89/><G89/><T46/><D117/><RYUUKYOKU ba="3,1" sc="335,-10,176,-10,145,-10,334,30" hai3="5,8,15,20,23,32,33,35,50,58,76,83,85" /><INIT seed="3,4,1,2,1,132" ten="325,166,135,364" oya="3" hai0="62,40,79,10,14,57,8,37,99,97,60,110,16" hai1="109,130,105,95,106,113,58,117,100,94,96,71,18" hai2="36,38,53,125,12,85,72,86,102,65,124,4,44" hai3="83,84,66,115,89,22,30,135,122,91,19,42,32"/><W5/><G122/><T61/><D110/><U45/><E71/><V24/><F72/><W26/><G115/><T51/><D37/><U64/><E113/><V28/><F65/><W27/><G135/><T2/><D79/><U108/><E130/><V33/><F102/><W114/><G114/><T77/><D77/><U123/><E123/><V88/><F38/><W54/><G42/><T74/><D74/><U1/><E1/><V68/><F68/><W134/><G134/><T35/><D35/><U92/><E117/><V75/><F75/><W93/><G66/><T129/><D129/><U55/><E45/><V59/><F44/><W48/><G5/><T112/><D112/><U87/><E64/><V76/><F36/><W9/><G9/><N who="0" m="3691" /><D2/><U21/><E87/><V52/><F76/><W7/><G7/><T20/><D40/><U81/><E81/><N who="2" m="49199" /><F86/><W46/><REACH who="3" step="1"/><G89/><REACH who="3" ten="325,166,135,354" step="2"/><T107/><D107/><U116/><E106/><V127/><F59/><W11/><G11/><AGARI ba="4,2" hai="4,11,12,24,28,33,52,53,124,125,127" m="49199" machi="11" ten="30,12000,2" yaku="18,1,52,3,54,2" doraHai="132" who="2" fromWho="3" sc="325,0,166,0,135,152,354,-132" /><INIT seed="4,0,0,0,5,103" ten="325,166,287,222" oya="0" hai0="75,91,44,33,14,118,34,97,37,81,102,121,0" hai1="74,25,69,104,12,92,24,21,28,77,18,49,63" hai2="113,111,72,70,55,112,58,119,82,87,42,106,100" hai3="99,53,59,98,19,62,26,61,105,8,95,56,13"/><T36/><D0/><U128/><E128/><V67/><F111/><W94/><G26/><T88/><D121/><U5/><E74/><V50/><F72/><W54/><G105/><T71/><D71/><U65/><E77/><V6/><F6/><W135/><G135/><T2/><D2/><U17/><E104/><V48/><F119/><W15/><REACH who="3" step="1"/><G13/><REACH who="3" ten="325,166,287,212" step="2"/><T127/><D14/><U43/><E24/><V110/><F106/><W84/><G84/><T38/><D118/><U7/><E28/><V29/><F87/><W30/><G30/><T22/><D34/><U47/><REACH who="1" step="1"/><E92/><AGARI ba="0,1" hai="8,15,19,53,54,56,59,61,62,92,94,95,98,99" machi="92" ten="40,5200,0" yaku="1,1,9,1,8,1,53,0" doraHai="103" doraHaiUra="79" who="3" fromWho="1" sc="325,0,166,-52,287,0,212,62" /><INIT seed="5,0,0,5,4,109" ten="325,114,287,274" oya="1" hai0="16,117,115,83,128,122,118,43,4,48,31,84,130" hai1="101,91,9,93,131,70,121,8,119,57,74,79,94" hai2="90,123,26,120,78,86,30,32,133,132,98,72,5" hai3="116,102,126,27,56,62,85,66,67,61,1,134,82"/><U110/><E110/><V55/><F72/><W24/><G1/><T75/><D75/><U81/><E70/><V59/><F78/><W15/><G134/><N who="2" m="51817" /><F5/><W68/><G126/><T20/><D31/><U127/><E119/><V65/><F98/><W51/><G116/><T37/><D37/><U114/><E121/><V89/><F65/><W7/><G102/><T21/><D4/><U76/><E127/><V88/><F86/><W125/><G125/><T106/><D106/><U12/><E131/><N who="0" m="50217" /><D115/><U64/><E79/><V80/><F80/><W58/><G68/><T34/><D34/><U63/><E114/><V47/><F47/><W103/><G103/><T42/><D21/><U35/><E35/><V60/><AGARI ba="0,0" hai="26,30,32,55,59,60,88,89,90,120,123" m="51817" machi="60" ten="30,2000,0" yaku="20,1,54,1" doraHai="109" who="2" fromWho="2" sc="325,-5,114,-10,287,20,274,-5" /><INIT seed="6,0,0,4,5,84" ten="320,104,307,269" oya="2" hai0="70,23,114,63,101,103,68,41,105,39,1,106,104" hai1="35,62,109,88,67,56,124,87,127,130,32,76,74" hai2="93,61,73,14,27,11,43,52,89,97,45,100,34" hai3="29,17,117,21,119,112,50,102,135,82,44,98,96"/><V6/><F73/><W77/><G135/><T3/><D63/><U13/><E109/><V123/><F123/><W116/><G29/><T72/><D72/><U8/><E130/><V53/><F34/><W121/><G121/><T86/><D23/><U90/><E74/><V80/><F27/><W26/><G102/><N who="0" m="38923" /><D86/><U125/><E35/><V49/><F61/><W36/><G36/><T57/><D57/><U128/><E32/><V129/><F129/><W71/><G71/><N who="0" m="27179" /><D39/><U133/><E133/><V66/><F66/><W131/><G112/><T19/><D19/><N who="1" m="8615" /><E128/><V92/><F80/><AGARI ba="0,0" hai="56,62,67,76,80,87,88,90,124,125,127" m="8615" machi="80" ten="30,7700,0" yaku="18,1,52,2,54,1" doraHai="84" who="1" fromWho="2" sc="320,0,104,77,307,-77,269,0" /><INIT seed="7,0,0,2,1,77" ten="320,181,230,269" oya="3" hai0="103,80,21,119,2,62,101,129,73,38,16,42,28" hai1="96,100,127,51,131,58,125,10,107,54,109,88,76" hai2="87,108,126,24,19,35,26,55,111,67,31,110,114" hai3="89,112,115,99,65,70,36,11,133,18,20,43,135"/><W53/><G11/><T92/><D2/><U40/><E109/><V113/><F126/><W32/><G32/><T45/><D119/><U86/><E131/><V30/><F67/><W15/><G70/><T134/><D28/><U102/><E102/><V75/><F75/><W1/><G65/><T50/><D129/><U90/><E40/><V17/><F55/><W33/><G33/><T61/><D38/><U130/><E130/><V63/><F63/><W81/><G1/><T85/><D73/><U46/><E58/><V82/><F87/><N who="3" m="50415" /><G99/><N who="0" m="59623" /><D103/><U93/><E76/><V3/><F82/><W34/><G34/><T83/><D134/><N who="3" m="51209" /><G53/><T25/><D83/><U27/><E27/><N who="2" m="10283" /><F3/><W6/><G6/><T9/><D9/><U68/><E68/><V13/><F35/><W121/><G121/><T98/><D98/><U72/><E72/><V29/><F13/><W56/><G56/><T49/><D49/><U47/><E47/><AGARI ba="0,0" hai="15,18,20,36,43,47,112,115" m="51209,50415" machi="47" ten="30,2900,0" yaku="20,1,52,1" doraHai="77" who="3" fromWho="1" sc="320,0,181,-29,230,0,269,29" /><INIT seed="7,1,0,0,5,47" ten="320,152,230,298" oya="3" hai0="112,130,92,30,79,109,77,100,84,91,39,126,129" hai1="125,12,38,134,101,9,66,120,27,94,62,54,16" hai2="52,108,67,119,88,65,19,64,49,42,13,74,0" hai3="110,73,46,50,90,61,81,36,70,96,102,48,24"/><W15/><G36/><T1/><D39/><U4/><E120/><V104/><F108/><W40/><G110/><T3/><D109/><U26/><E134/><V6/><F119/><W51/><G24/><T116/><D116/><U23/><E125/><V87/><F74/><W8/><G70/><T98/><D126/><U76/><E38/><V29/><F104/><W82/><G73/><T32/><D32/><U113/><E113/><V89/><F42/><W41/><G61/><T111/><D30/><U117/><E117/><V21/><F29/><W97/><G102/><T124/><D112/><U78/><E54/><V135/><F135/><W44/><G50/><T33/><D33/><U118/><E118/><V93/><F89/><W25/><G25/><T80/><D111/><U37/><E37/><V58/><F0/><N who="0" m="74" /><D124/><U34/><E34/><V107/><F107/><W55/><G40/><T71/><D71/><U11/><E11/><V63/><F6/><N who="3" m="3479" /><G90/><T72/><D79/><U75/><E75/><V43/><F43/><W122/><G122/><T22/><D22/><U103/><E27/><V106/><F106/><AGARI ba="1,0" hai="72,77,80,84,91,92,98,100,106,129,130" m="74" machi="106" ten="30,1000,0" yaku="24,1" doraHai="47" who="0" fromWho="2" sc="320,13,152,0,230,-13,298,0" owari="333,43.0,152,-35.0,217,-18.0,298,10.0" /></mjloggm>