<mjloggm ver="2.3"><GO type="97" lobby="0"/><UN n0="%77%61%62%69%73%61%62%69" n1="%E5%B0%B1%E6%B4%BB%E7%94%9F%40%E5%B7%9D%E6%9D%91%E8%BB%8D%E5%9B%A3" n2="%43%6F%6C%6E%61%67%6F" n3="%E3%81%9F%E3%81%93%E3%82%84%E3%81%8D%EF%BC%98%E3%81%A1%E3%82%83%E3%82%93" dan="13,15,14,15" rate="1895.08,1992.51,1927.99,1977.85" sx="M,M,M,M"/><TAIKYOKU oya="0"/><INIT seed="0,0,0,0,2,45" ten="250,250,250,250" oya="0" hai0="122,59,102,0,117,19,92,111,24,11,76,48,83" hai1="55,28,99,3,29,69,46,7,17,90,72,134,89" hai2="6,60,135,128,16,49,21,47,2,74,100,132,121" hai3="66,50,12,93,51,64,101,63,119,70,118,10,75"/><T35/><D122/><U39/><E72/><V112/><F121/><W116/><G75/><T81/><D117/><U78/><E69/><V110/><F128/><W52/><G66/><T127/><D127/><U65/><E134/><N who="2" m="51243" /><F112/><W30/><G30/><T73/><D83/><U97/><E3/><V95/><F110/><W8/><G101/><T41/><D111/><U124/><E124/><V20/><F74/><W34/><G34/><T77/><D77/><U31/><E7/><V42/><F2/><W114/><G114/><T87/><D0/><U80/><E65/><V123/><F6/><W103/><G12/><T126/><D126/><U43/><E55/><V94/><F123/><W23/><G23/><T53/><D41/><U71/><E71/><V13/><F100/><W14/><G14/><T125/><D125/><U115/><E115/><V36/><F36/><W129/><G129/><T27/><D35/><U106/><E106/><V84/><F60/><W62/><G62/><T44/><D44/><U1/><E1/><V4/><F4/><W120/><G120/><T32/><D32/><U15/><E78/><V56/><F56/><W79/><G79/><T57/><D57/><U130/><E130/><V26/><F84/><W133/><G133/><T113/><D113/><U5/><E5/><V38/><F38/><W96/><REACH who="3" step="1"/><G52/><REACH who="3" ten="250,250,250,240" step="2"/><T40/><D73/><U25/><E43/><V58/><F58/><W98/><G98/><N who="0" m="59719" /><D40/><U109/><E99/><V85/><F85/><W18/><G18/><AGARI ba="0,1" hai="13,16,18,20,21,26,42,47,49,94,95" m="51243" machi="18" ten="30,3900,0" yaku="20,1,52,1,54,1" doraHai="45" who="2" fromWho="3" sc="250,0,250,0,250,49,240,-39" /><INIT seed="1,0,0,1,3,56" ten="250,250,299,201" oya="1" hai0="108,75,99,49,131,64,32,29,2,60,81,63,80" hai1="40,127,9,90,106,27,94,13,18,113,83,20,45" hai2="129,103,12,107,72,59,53,82,26,86,92,111,88" hai3="39,28,77,57,54,38,10,61,15,130,123,52,76"/><U70/><E113/><V109/><F129/><W121/><G28/><T100/><D131/><U93/><E106/><V34/><F107/><W0/><G0/><T14/><D108/><N who="2" m="41546" /><F12/><W35/><G130/><T126/><D2/><U112/><E70/><V69/><F69/><W110/><G35/><T91/><D126/><U58/><E112/><V24/><F34/><W17/><G110/><T98/><D32/><U6/><E127/><V101/><F72/><W87/><G54/><T37/><D37/><U65/><E83/><N who="0" m="31817" /><D75/><U71/><E71/><V21/><F82/><W74/><G87/><T8/><D29/><U30/><E6/><V114/><F114/><W66/><G74/><T89/><D64/><U73/><E73/><V46/><F46/><W78/><REACH who="3" step="1"/><G66/><REACH who="3" ten="250,250,299,191" step="2"/><T5/><D49/><N who="1" m="26791" /><E90/><N who="0" m="34313" /><D100/><U48/><E48/><V68/><F101/><W67/><G67/><T42/><D42/><U85/><E85/><V133/><F103/><W4/><G4/><T122/><D122/><AGARI ba="0,1" hai="10,15,17,38,39,52,57,61,76,77,78,121,122,123" machi="122" ten="40,5200,0" yaku="1,1,52,1,54,1,53,0" doraHai="56" doraHaiUra="128" who="3" fromWho="0" sc="250,-52,250,0,299,0,191,62" /><INIT seed="2,0,0,3,1,118" ten="198,250,299,253" oya="2" hai0="15,0,78,57,5,82,68,54,79,90,47,48,62" hai1="72,6,128,44,16,8,99,71,64,135,34,35,69" hai2="100,20,38,91,52,96,59,65,9,129,122,21,18" hai3="3,58,67,97,121,32,114,70,39,131,13,93,2"/><V50/><F122/><W112/><G32/><T108/><D0/><U83/><E128/><V115/><F38/><W30/><G39/><T101/><D108/><U86/><E135/><V75/><F115/><N who="3" m="44075" /><G70/><T124/><D101/><U120/><E120/><V49/><F129/><W119/><G119/><T88/><D124/><U109/><E109/><V45/><F75/><W29/><G121/><T7/><D68/><U117/><E117/><V89/><F9/><W37/><G37/><T1/><D1/><N who="3" m="9" /><G13/><T85/><D90/><U104/><E44/><V24/><F21/><W41/><G41/><T103/><D103/><U107/><E64/><V126/><F126/><W77/><G77/><T92/><D15/><U12/><E72/><V94/><REACH who="2" step="1"/><F65/><REACH who="2" ten="198,250,289,253" step="2"/><W113/><G113/><T33/><D33/><U27/><E35/><V53/><AGARI ba="0,1" hai="18,20,24,45,49,50,52,53,59,89,91,94,96,100" machi="53" ten="20,24000,3" yaku="1,1,2,1,0,1,7,1,8,1,54,1,53,2" doraHai="118" doraHaiUra="51" who="2" fromWho="2" sc="198,-80,250,-80,289,250,253,-80" /><INIT seed="2,1,0,1,1,129" ten="118,170,539,173" oya="2" hai0="88,101,77,14,81,15,121,97,60,133,38,120,75" hai1="91,64,45,92,39,113,90,44,130,65,0,80,68" hai2="70,42,73,116,102,95,4,28,117,55,13,125,2" hai3="17,46,106,49,27,76,23,61,33,99,86,104,119"/><V124/><F95/><W126/><G119/><T8/><D38/><U54/><E0/><V94/><F55/><W123/><G126/><T134/><D60/><U128/><E113/><V7/><F13/><W131/><G131/><N who="1" m="50218" /><E68/><V36/><F94/><W107/><G33/><T22/><D22/><U66/><E39/><V110/><F42/><W50/><G123/><N who="0" m="47179" /><D8/><U24/><E24/><V53/><F28/><W16/><G61/><T62/><D62/><U89/><E80/><V69/><F53/><W114/><G114/><T127/><D127/><U78/><E78/><V6/><F102/><W35/><G35/><T52/><D52/><U40/><E54/><V111/><F73/><W47/><G99/><T108/><D108/><N who="2" m="41514" /><F36/><W72/><G72/><T59/><D59/><U30/><E30/><V34/><F34/><W135/><G17/><T9/><D9/><U48/><E45/><V31/><F31/><W21/><G21/><T29/><D29/><U84/><AGARI ba="1,0" hai="40,44,48,64,65,66,84,89,90,91,92" m="50218" machi="84" ten="30,1100,0" yaku="19,1" doraHai="129" who="1" fromWho="1" sc="118,-4,170,14,539,-6,173,-4" /><INIT seed="3,0,0,1,4,132" ten="114,184,533,169" oya="3" hai0="89,112,108,114,119,7,78,84,118,27,15,47,100" hai1="34,135,95,54,35,98,120,102,41,117,116,17,128" hai2="2,43,1,16,13,105,26,25,125,18,110,33,80" hai3="51,57,4,121,63,133,64,76,122,11,134,79,75"/><W65/><G51/><T111/><D47/><U115/><E128/><V113/><F105/><W96/><G96/><T49/><D49/><U29/><E135/><N who="3" m="51722" /><G65/><T66/><D66/><U38/><E120/><N who="3" m="46186" /><G75/><T62/><D62/><U99/><E115/><N who="0" m="44073" /><D27/><N who="1" m="18751" /><E17/><V83/><F43/><W103/><G103/><T107/><D15/><AGARI ba="0,0" hai="4,11,15,57,63,64,76,79" m="46186,51722" machi="15" ten="30,1500,0" yaku="20,1" doraHai="132" who="3" fromWho="0" sc="114,-15,184,0,533,0,169,15" /><INIT seed="3,1,0,1,5,116" ten="99,184,533,184" oya="3" hai0="3,34,135,58,36,46,8,76,57,56,41,44,14" hai1="42,88,91,2,99,97,121,63,22,118,28,133,32" hai2="38,40,87,94,79,59,111,69,7,131,115,98,81" hai3="130,67,19,83,48,26,124,65,86,61,37,4,100"/><W16/><G37/><T120/><D120/><U80/><E121/><V125/><F59/><W47/><G4/><T6/><D34/><U103/><E32/><V50/><F40/><N who="3" m="24679" /><G100/><T20/><D135/><U27/><E2/><V64/><F64/><N who="3" m="24651" /><G61/><T109/><D109/><U85/><E133/><V117/><F50/><W52/><G130/><T75/><D46/><U107/><E118/><V126/><F38/><W89/><G124/><T66/><D20/><U90/><E42/><V39/><F69/><W127/><G127/><N who="2" m="48649" /><F39/><W51/><G26/><T129/><D129/><U31/><E31/><V54/><F131/><W77/><G77/><T71/><D71/><U74/><E74/><V60/><F117/><W113/><G113/><T9/><D9/><U18/><E63/><V114/><F111/><W72/><G72/><T93/><D93/><U78/><E28/><V96/><F60/><W25/><G25/><T30/><D30/><U10/><E97/><N who="2" m="37483" /><F54/><W112/><G112/><N who="2" m="43049" /><F94/><W15/><G15/><T53/><D14/><U101/><E101/><V1/><F1/><W17/><G17/><T12/><D12/><U21/><E27/><V82/><F82/><W128/><G128/><T84/><D66/><U108/><E108/><V102/><F102/><W70/><G70/><T49/><REACH who="0" step="1"/><D84/><REACH who="0" ten="89,184,533,184" step="2"/><U33/><E33/><V110/><F110/><W24/><G24/><T43/><D43/><U68/><E68/><V105/><F105/><W5/><G5/><AGARI ba="1,1" hai="5,7,79,81,87" m="43049,37483,48649" machi="5" ten="40,1300,0" yaku="18,1" doraHai="116" who="2" fromWho="3" sc="89,0,184,0,533,26,184,-16" owari="89,-41.0,184,-2.0,559,66.0,168,-23.0" /></mjloggm>