<mjloggm ver="2.3"><GO type="41" lobby="0"/><UN n0="%E5%90%8D%E6%8E%A2%E5%81%B5%E7%9C%8C%E3%81%AB%E3%82%83%E3%82%93%E2%99%AA" n1="%6D%6F%63%6F%74%69%6D%69" n2="%E3%82%AB%E3%83%B3%E3%83%91%E3%83%8D%E3%83%AB%E3%83%A9" n3="%E5%B0%B1%E6%B4%BB%E7%94%9F%40%E5%B7%9D%E6%9D%91%E8%BB%8D%E5%9B%A3" dan="15,13,15,15" rate="2107.73,1963.71,1982.07,1984.19" sx="M,M,M,M"/><TAIKYOKU oya="0"/><INIT seed="0,0,0,0,1,52" ten="250,250,250,250" oya="0" hai0="110,49,47,42,98,3,115,76,64,18,133,83,27" hai1="99,124,127,104,11,51,95,20,73,34,94,23,111" hai2="36,17,125,77,126,103,91,79,15,68,70,118,119" hai3="100,38,88,105,109,122,29,37,130,84,12,90,13"/><T82/><D3/><U123/><E34/><V35/><F36/><W60/><G122/><T16/><D115/><U59/><E73/><V81/><F35/><W46/><G130/><T40/><D133/><U21/><E123/><V45/><F45/><W102/><G109/><T134/><D134/><U9/><E104/><V121/><F103/><W2/><G2/><T89/><D110/><U48/><E111/><V129/><F121/><W31/><G60/><T22/><D64/><U54/><E51/><V72/><F91/><W80/><G46/><T112/><D112/><U63/><E63/><V28/><F28/><W7/><G7/><T114/><D114/><U50/><E50/><V4/><F4/><W96/><G96/><T107/><D42/><U66/><E66/><V14/><F129/><W106/><G80/><T62/><D62/><U26/><E26/><V39/><F39/><W65/><G65/><T97/><D107/><U19/><E95/><V61/><F61/><W41/><G84/><N who="0" m="48199" /><D18/><U53/><E53/><V33/><F33/><W86/><G86/><AGARI ba="0,0" hai="16,22,27,40,47,49,83,86,89,97,98" m="48199" machi="86" ten="30,2900,0" yaku="8,1,54,1" doraHai="52" who="0" fromWho="3" sc="250,29,250,0,250,0,250,-29" /><INIT seed="0,1,0,4,1,47" ten="279,250,250,221" oya="0" hai0="102,134,124,57,16,45,73,131,109,18,29,39,61" hai1="41,110,54,17,129,76,66,28,46,32,84,82,107" hai2="128,0,118,79,3,27,81,38,133,130,87,126,72" hai3="34,101,116,106,25,91,86,36,65,117,10,83,93"/><T35/><D73/><U37/><E107/><V20/><F38/><W24/><G36/><T11/><D134/><U97/><E129/><N who="2" m="49771" /><F133/><W58/><G106/><T22/><D131/><U67/><E110/><V70/><F70/><W108/><G108/><T42/><D109/><U92/><E32/><V64/><F64/><W43/><G43/><T80/><D124/><U119/><E28/><N who="2" m="17511" /><F126/><W1/><G34/><T104/><D35/><U8/><E119/><V13/><F118/><W94/><G117/><T48/><D39/><U120/><E120/><V26/><F26/><W53/><G116/><T6/><D104/><U78/><E78/><N who="2" m="44231" /><F13/><W30/><G65/><T71/><D71/><U56/><E17/><V33/><F33/><W99/><G30/><T111/><D111/><U135/><E135/><V4/><F4/><W114/><G114/><T63/><D102/><U121/><E121/><V15/><F15/><W19/><G1/><T7/><D63/><U52/><E54/><V2/><F0/><W98/><G10/><T49/><D49/><U122/><E8/><V12/><F12/><W112/><G19/><N who="0" m="7211" /><D11/><U75/><E75/><V21/><F21/><W9/><G9/><T44/><D44/><U51/><REACH who="1" step="1"/><E122/><REACH who="1" ten="279,240,250,221" step="2"/><V89/><F79/><N who="3" m="46463" /><G112/><T23/><D23/><U103/><AGARI ba="1,1" hai="37,41,46,51,52,56,66,67,76,82,84,92,97,103" machi="103" ten="20,12000,2" yaku="1,1,0,1,7,1,52,1,54,1,53,1" doraHai="47" doraHaiUra="88" who="1" fromWho="1" sc="279,-61,240,133,250,-31,221,-31" /><INIT seed="1,0,0,1,3,85" ten="218,373,219,190" oya="1" hai0="44,125,92,79,57,135,65,123,68,35,53,14,95" hai1="78,64,96,24,51,110,82,86,102,26,31,120,115" hai2="16,52,70,117,124,101,83,67,45,27,46,21,107" hai3="60,12,18,88,80,37,63,66,108,129,9,116,99"/><U11/><E120/><V59/><F117/><W105/><G116/><T90/><D123/><U122/><E122/><V23/><F124/><W87/><G37/><T91/><D125/><U81/><E115/><V74/><F107/><W34/><G129/><T103/><D35/><U36/><E36/><V130/><F130/><W55/><G108/><T17/><D68/><U98/><E110/><V47/><F101/><W118/><G118/><T32/><D32/><U75/><E64/><V106/><F106/><W22/><G34/><T111/><D111/><U42/><E98/><V100/><F100/><W4/><G105/><T48/><D135/><U77/><E31/><V131/><F131/><W112/><G112/><T58/><D79/><U128/><E128/><V97/><F97/><W69/><G99/><N who="0" m="59903" /><D92/><U1/><E42/><V15/><F83/><W19/><REACH who="3" step="1"/><G22/><REACH who="3" ten="218,373,219,180" step="2"/><N who="0" m="11575" /><D65/><U113/><E113/><V0/><F67/><W93/><G93/><T62/><D62/><U133/><E133/><V30/><F70/><W54/><G54/><T71/><D71/><U114/><E114/><V43/><F74/><W89/><G89/><AGARI ba="0,1" hai="44,48,53,57,58,89,90,91" m="11575,59903" machi="89" ten="30,7700,0" yaku="8,1,52,3" doraHai="85" who="0" fromWho="3" sc="218,87,373,0,219,0,180,-77" /><INIT seed="2,0,0,1,4,35" ten="305,373,219,103" oya="2" hai0="49,72,130,7,73,59,42,31,27,3,9,38,132" hai1="99,23,123,93,14,103,118,8,102,22,91,112,109" hai2="129,69,19,50,30,21,6,107,79,84,78,0,20" hai3="32,65,63,56,81,127,121,133,51,17,76,113,70"/><V41/><F107/><W126/><G121/><T61/><D38/><U75/><E75/><V108/><F69/><W135/><G32/><T110/><D110/><U124/><E118/><V97/><F129/><W29/><G29/><T44/><D130/><U40/><E112/><V1/><F108/><W90/><G90/><T89/><D89/><U47/><E123/><V88/><F97/><W105/><G105/><T12/><D12/><U92/><E124/><N who="3" m="47658" /><G17/><T100/><D100/><U120/><E120/><V4/><F30/><W25/><G25/><T101/><D101/><U5/><E109/><V15/><F21/><W117/><G117/><T131/><D132/><N who="3" m="50761" /><G81/><T115/><D115/><U111/><E111/><V96/><F78/><W94/><G94/><T119/><D131/><U62/><E62/><V116/><F116/><W28/><G76/><T37/><D37/><U98/><E91/><V53/><F79/><W16/><G28/><T87/><D87/><U36/><AGARI ba="0,0" hai="5,8,14,22,23,36,40,47,92,93,98,99,102,103" machi="36" ten="20,2700,0" yaku="0,1,7,1,9,1" doraHai="35" who="1" fromWho="1" sc="305,-7,373,27,219,-13,103,-7" /><INIT seed="3,0,0,3,0,29" ten="298,400,206,96" oya="3" hai0="41,79,26,21,31,67,73,12,71,103,82,39,84" hai1="115,114,64,87,69,43,94,92,127,36,32,88,27" hai2="125,50,119,8,85,65,70,128,110,63,9,38,133" hai3="15,113,102,23,37,72,122,135,66,44,99,49,40"/><W83/><G122/><T0/><D0/><U98/><E127/><V93/><F119/><W33/><G113/><T77/><D103/><U117/><E117/><V18/><F38/><W34/><G135/><T86/><D12/><U106/><E43/><V61/><F125/><W47/><G66/><T17/><D17/><U100/><E36/><V55/><F133/><W81/><G15/><T35/><D21/><U89/><E64/><V97/><F110/><W19/><G19/><T108/><D108/><U53/><E53/><V30/><F128/><W121/><G23/><T134/><D134/><U105/><E69/><V131/><F131/><W130/><G130/><T51/><D39/><U95/><E27/><V60/><F30/><W124/><G124/><T101/><D101/><U80/><E32/><V52/><F85/><W16/><G16/><T107/><D107/><U1/><E1/><V123/><F123/><W54/><G121/><T4/><D4/><U56/><E56/><V13/><F9/><W74/><G83/><T112/><D112/><N who="1" m="43051" /><E106/><V5/><F5/><W59/><G59/><T20/><D67/><U118/><E118/><V90/><REACH who="2" step="1"/><F55/><REACH who="2" ten="298,400,196,96" step="2"/><W57/><G47/><AGARI ba="0,1" hai="8,13,18,47,50,52,60,61,63,65,70,90,93,97" machi="47" ten="30,7700,0" yaku="1,1,2,1,7,1,54,1,53,0" doraHai="29" doraHaiUra="120" who="2" fromWho="3" sc="298,0,400,0,196,87,96,-77" /><INIT seed="4,0,0,1,5,133" ten="298,400,283,19" oya="0" hai0="5,61,90,57,74,37,83,68,65,58,134,106,109" hai1="59,81,135,118,23,92,7,26,86,28,67,93,79" hai2="24,35,0,42,36,120,87,115,125,119,128,117,88" hai3="91,108,31,70,123,27,10,124,55,20,85,9,130"/><T54/><D106/><U73/><E135/><V127/><F0/><W75/><G75/><T39/><D134/><U89/><E118/><N who="2" m="45067" /><F120/><W113/><G70/><T1/><D5/><U126/><E7/><V96/><F96/><W3/><G108/><T60/><D1/><U69/><E69/><V84/><F128/><W51/><G123/><T105/><D105/><U71/><E71/><V41/><F84/><W53/><G130/><T16/><D109/><U56/><E67/><V100/><F100/><W94/><G113/><T122/><D122/><U104/><E104/><V111/><F111/><W66/><G66/><T34/><D34/><U77/><E77/><V40/><F115/><W4/><G10/><T2/><D2/><U46/><E46/><N who="2" m="23815" /><F24/><W29/><G29/><T116/><D116/><U50/><E93/><N who="2" m="54431" /><F35/><W18/><G31/><T76/><D68/><U32/><E32/><V47/><F41/><W101/><G101/><T6/><D6/><U62/><E73/><V80/><F80/><W48/><G53/><T131/><D131/><U78/><E92/><V30/><F30/><W107/><G107/><T19/><REACH who="0" step="1"/><D90/><REACH who="0" ten="288,400,283,19" step="2"/><U129/><E129/><V49/><AGARI ba="0,1" hai="42,47,49,125,127" m="54431,23815,45067" machi="49" ten="30,7900,0" yaku="12,1,52,2,54,1" doraHai="133" who="2" fromWho="2" sc="288,-39,400,-20,283,89,19,-20" owari="249,-15.0,380,48.0,372,17.0,-1,-50.0" /></mjloggm>