<mjloggm ver="2.3"><GO type="97" lobby="0"/><UN n0="%E3%81%84%E3%81%9F%E3%81%9A%E3%82%89%E7%8C%AB" n1="%4B%69%34%34%31%30" n2="%E5%B0%B1%E6%B4%BB%E7%94%9F%40%E5%B7%9D%E6%9D%91%E8%BB%8D%E5%9B%A3" n3="%41%56%E4%BB%A3%E7%90%86" dan="13,13,15,14" rate="1857.00,1836.87,2064.03,1981.01" sx="M,M,M,M"/><TAIKYOKU oya="0"/><INIT seed="0,0,0,2,5,121" ten="250,250,250,250" oya="0" hai0="47,46,123,29,35,96,9,21,42,103,111,120,23" hai1="49,54,84,48,100,60,89,98,26,79,52,19,66" hai2="40,16,55,51,133,94,114,24,38,28,70,101,68" hai3="6,90,50,18,85,105,122,102,132,92,3,69,119"/><T113/><D113/><U78/><E26/><V99/><F133/><W27/><G119/><T0/><D23/><U80/><E19/><V95/><F38/><W59/><G69/><T107/><D111/><U82/><E49/><V104/><F40/><W75/><G75/><T62/><D21/><U20/><E20/><V17/><F70/><W41/><G132/><T126/><D126/><U7/><E7/><V53/><F68/><W81/><G105/><T45/><D62/><U61/><E66/><V10/><F104/><W13/><G27/><T14/><D0/><U25/><E25/><V5/><F95/><W72/><G72/><T124/><D124/><U110/><E110/><V108/><F108/><W129/><G129/><T65/><D65/><U4/><E4/><V22/><F55/><N who="1" m="21033" /><E48/><V109/><F109/><W74/><G74/><T131/><D131/><U63/><E80/><V39/><F39/><W87/><G81/><T77/><D77/><N who="1" m="29195" /><E100/><V56/><REACH who="2" step="1"/><F114/><REACH who="2" ten="250,250,240,250" step="2"/><W8/><G41/><T33/><D42/><U34/><E34/><V118/><F118/><W117/><G117/><T130/><D130/><U83/><E82/><V115/><F115/><W43/><G43/><T36/><D36/><U64/><E64/><V134/><F134/><W135/><G135/><T31/><D31/><U73/><E73/><V76/><F76/><W37/><G37/><T67/><D29/><U86/><E83/><V58/><F58/><W44/><G59/><T93/><D35/><U57/><E57/><V30/><F30/><W112/><G112/><T12/><D33/><U11/><E11/><RYUUKYOKU ba="0,1" sc="250,-15,250,15,240,15,250,-15" hai1="60,61,63,84,86,89,98" hai2="5,10,16,17,22,24,28,51,53,56,94,99,101" /><INIT seed="1,1,1,3,5,65" ten="235,265,255,235" oya="1" hai0="110,83,1,103,64,48,12,14,101,117,32,107,49" hai1="71,91,7,92,16,26,44,54,36,15,33,62,123" hai2="45,74,23,47,11,128,63,84,72,131,25,51,112" hai3="56,77,68,43,85,69,37,89,18,20,121,99,114"/><U94/><E123/><V109/><F109/><W78/><G121/><T27/><D117/><U39/><E7/><V0/><F63/><W118/><G114/><T134/><D134/><U24/><E33/><V120/><F120/><W106/><G118/><T100/><D1/><U126/><E126/><V81/><F11/><W127/><G127/><T125/><D125/><U122/><E122/><V40/><F47/><W58/><G43/><T17/><D110/><U88/><E44/><V19/><F0/><W60/><G37/><T113/><D113/><U75/><E75/><V76/><REACH who="2" step="1"/><F112/><REACH who="2" ten="235,265,245,235" step="2"/><W46/><G46/><T55/><D64/><U93/><E62/><V61/><F61/><W70/><G60/><T2/><D2/><U98/><E71/><V52/><F52/><W38/><G38/><T22/><D107/><U50/><E54/><V104/><F104/><W135/><G135/><T116/><D116/><U29/><E36/><V111/><F111/><W66/><G66/><T6/><D32/><U30/><E39/><V42/><F42/><W86/><G106/><T73/><D55/><U82/><E50/><V34/><F34/><W3/><G3/><T95/><D48/><U57/><E57/><V130/><AGARI ba="1,2" hai="19,23,25,40,45,51,72,74,76,81,84,128,130,131" machi="130" ten="30,4000,0" yaku="1,1,0,1,19,1,53,0" doraHai="65" doraHaiUra="132" who="2" fromWho="2" sc="235,-11,265,-21,245,63,235,-11" /><INIT seed="2,0,0,5,5,68" ten="224,244,308,224" oya="2" hai0="107,73,72,118,87,45,43,59,27,71,90,135,62" hai1="26,119,77,38,84,92,122,111,1,93,125,5,24" hai2="123,98,34,41,60,19,14,102,88,55,32,35,83" hai3="117,61,22,18,94,67,17,96,23,95,76,25,2"/><V126/><F126/><W101/><G2/><T120/><D107/><U99/><E119/><V130/><F130/><W13/><G117/><T100/><D120/><U78/><E122/><V105/><F41/><W9/><G76/><T49/><D71/><U50/><E125/><V81/><F123/><W86/><G86/><T85/><D118/><U127/><E127/><V70/><F88/><W132/><G132/><T21/><D135/><U113/><E113/><V112/><F112/><W134/><G134/><T89/><D73/><U75/><E75/><V42/><F42/><W28/><G28/><T33/><D33/><U109/><E1/><V11/><F70/><W116/><G116/><T0/><D0/><U65/><E5/><V20/><F11/><W106/><REACH who="3" step="1"/><G9/><REACH who="3" ten="224,244,308,214" step="2"/><T58/><D72/><U115/><E115/><V37/><F81/><W124/><G124/><T129/><D129/><U12/><E84/><V108/><F83/><W10/><G10/><T8/><D87/><U3/><E3/><V56/><F108/><W53/><G53/><T6/><D49/><U39/><E99/><V7/><F7/><W69/><AGARI ba="0,1" hai="13,17,18,22,23,25,61,67,69,94,95,96,101,106" machi="69" ten="20,5200,0" yaku="1,1,0,1,7,1,53,1" doraHai="68" doraHaiUra="97" who="3" fromWho="3" sc="224,-13,244,-13,308,-26,214,62" /><INIT seed="3,0,0,1,1,14" ten="211,231,282,276" oya="3" hai0="101,63,60,117,22,13,46,100,20,53,114,109,29" hai1="126,87,5,94,90,25,86,17,38,127,132,88,54" hai2="95,23,97,62,107,92,26,48,37,31,42,84,81" hai3="47,105,89,71,124,76,0,21,68,19,33,3,67"/><W10/><G33/><T16/><D117/><U8/><E38/><V134/><F37/><W123/><G123/><T49/><D114/><U56/><E132/><V122/><F134/><W104/><G76/><T85/><D109/><U27/><E126/><V135/><F135/><W74/><G74/><T130/><D130/><U70/><E70/><V65/><F107/><W108/><G89/><T80/><D29/><U78/><E78/><V118/><F118/><W120/><G120/><T24/><D24/><U50/><E127/><V55/><F42/><W4/><G124/><T82/><D22/><U18/><E25/><V57/><F97/><W115/><G115/><T41/><D41/><U64/><E27/><V11/><F11/><W98/><G3/><T111/><D111/><U128/><E64/><V12/><F12/><W9/><G9/><T36/><D36/><U39/><E39/><V59/><F122/><W73/><G73/><T96/><D80/><U58/><E128/><V28/><F28/><W66/><G71/><T79/><D101/><U34/><E34/><V1/><F1/><W72/><G72/><T110/><D110/><U75/><E75/><V125/><F125/><W15/><G108/><T35/><D35/><U43/><E43/><V2/><F2/><W52/><G68/><T6/><D6/><U69/><E69/><V61/><F61/><W129/><G129/><T121/><D121/><U103/><E103/><V32/><F32/><W133/><G133/><T131/><D131/><U51/><E5/><V102/><F102/><N who="3" m="62551" /><G105/><AGARI ba="0,0" hai="13,16,20,46,49,53,60,63,79,82,85,96,100,105" machi="105" ten="30,3900,0" yaku="7,1,52,1,54,1" doraHai="14" who="0" fromWho="3" sc="211,39,231,0,282,0,276,-39" /><INIT seed="4,0,0,3,4,135" ten="250,231,282,237" oya="0" hai0="63,94,36,90,68,34,101,18,103,89,7,96,41" hai1="111,38,2,40,43,106,20,35,127,60,85,5,109" hai2="67,4,29,59,65,0,70,100,16,54,77,75,22" hai3="115,95,45,87,118,86,76,9,26,56,21,83,129"/><T69/><D34/><U98/><E20/><V107/><F29/><W110/><G118/><T30/><D30/><U120/><E120/><V3/><F75/><W97/><G110/><T88/><D7/><U1/><E35/><V23/><F23/><W46/><G129/><T31/><D31/><U121/><E121/><V126/><F126/><W84/><G115/><T37/><D18/><U10/><E85/><N who="3" m="32874" /><G56/><T27/><D27/><U93/><E2/><V122/><F77/><W105/><G105/><T12/><D12/><U48/><E48/><V81/><F81/><W58/><G58/><T104/><D103/><U42/><E38/><V62/><F122/><W17/><G9/><T47/><D104/><U78/><E106/><V49/><F67/><W64/><G64/><T39/><REACH who="0" step="1"/><D63/><REACH who="0" ten="240,231,282,237" step="2"/><U113/><E60/><V61/><F62/><W57/><G17/><T74/><D74/><U123/><E123/><V55/><F4/><W128/><G26/><T71/><AGARI ba="0,1" hai="36,37,39,41,47,68,69,71,88,89,90,94,96,101" machi="71" ten="40,7800,0" yaku="1,1,0,1,54,1,53,0" doraHai="135" doraHaiUra="114" who="0" fromWho="0" sc="240,88,231,-26,282,-26,237,-26" owari="328,42.0,205,-29.0,256,6.0,211,-19.0" /></mjloggm>