<mjloggm ver="2.3"><GO type="169" lobby="0"/><UN n0="%E5%8F%8A%E5%B7%9D%E5%86%B0%E9%BA%97" n1="%E3%81%82%E3%82%89%E3%81%8F%E3%82%8C" n2="%E5%B0%B1%E6%B4%BB%E7%94%9F%40%E5%B7%9D%E6%9D%91%E8%BB%8D%E5%9B%A3" n3="%E2%98%86%E3%82%BF%E3%82%AD%E3%82%AA%E3%83%B3%E2%98%85" dan="16,17,16,16" rate="2069.49,2165.63,2058.48,2114.99" sx="M,F,M,M"/><TAIKYOKU oya="0"/><INIT seed="0,0,0,4,4,79" ten="250,250,250,250" oya="0" hai0="31,120,1,54,51,38,48,121,109,91,113,85,4" hai1="130,132,72,75,89,30,80,119,101,69,66,37,129" hai2="103,20,46,26,29,0,98,25,21,74,123,49,83" hai3="57,124,126,100,82,12,104,95,62,61,134,131,50"/><T36/><D113/><U128/><E119/><V24/><F0/><W6/><G104/><T115/><D115/><U65/><E37/><V14/><F123/><W118/><G118/><T32/><D38/><U47/><E132/><V111/><F111/><W53/><G134/><T107/><D36/><U59/><E69/><V7/><F74/><W105/><G105/><T94/><D107/><U60/><E66/><V64/><F64/><W68/><G131/><T114/><D114/><U84/><E47/><V117/><F117/><W5/><G68/><T35/><D109/><U63/><E63/><V106/><F83/><W19/><G124/><T135/><D32/><U90/><E101/><V15/><F7/><N who="3" m="2571" /><G82/><T56/><D135/><U76/><E30/><V110/><F110/><W97/><G126/><T133/><D133/><U16/><REACH who="1" step="1"/><E16/><REACH who="1" ten="250,240,250,250" step="2"/><V78/><F29/><W28/><G28/><T127/><D121/><U40/><E40/><V17/><F17/><W11/><AGARI ba="0,1" hai="11,12,19,50,53,57,61,62,95,97,100" m="2571" machi="11" ten="30,1100,0" yaku="8,1" doraHai="79" who="3" fromWho="3" sc="250,-5,240,-3,250,-3,250,21" /><INIT seed="1,0,0,1,4,102" ten="245,237,247,271" oya="1" hai0="78,85,42,39,73,95,115,63,76,44,1,74,45" hai1="58,21,14,127,61,22,100,4,28,91,99,118,49" hai2="33,112,123,34,3,72,89,97,135,40,106,68,9" hai3="92,23,87,113,79,94,36,107,47,65,17,11,62"/><U26/><E118/><V2/><F89/><W20/><G113/><T6/><D115/><U90/><E127/><V16/><F16/><W55/><G107/><T86/><D76/><U31/><E49/><V120/><F40/><W27/><G11/><N who="0" m="2511" /><D74/><U8/><E21/><V57/><F57/><W48/><G36/><T7/><D7/><U71/><E31/><V59/><F59/><N who="3" m="37087" /><G23/><T81/><D45/><U77/><E71/><V15/><F15/><W12/><G12/><T43/><D43/><U38/><E77/><V105/><F112/><W122/><G122/><N who="2" m="46633" /><F135/><W133/><G133/><T56/><D95/><N who="1" m="58495" /><E38/><V69/><F97/><W101/><G101/><T25/><D25/><U53/><AGARI ba="0,0" hai="4,8,14,22,26,28,53,58,61,90,91" m="58495" machi="53" ten="30,1500,0" yaku="8,1" doraHai="102" who="1" fromWho="1" sc="245,-5,237,15,247,-5,271,-5" /><INIT seed="1,1,0,5,2,113" ten="240,252,242,266" oya="1" hai0="33,58,62,57,15,21,13,11,67,131,71,114,122" hai1="26,56,97,47,61,7,52,125,49,44,35,51,79" hai2="82,19,102,22,75,123,104,101,10,93,30,116,100" hai3="38,27,107,70,64,40,85,37,119,118,94,84,31"/><U80/><E125/><V108/><F104/><W134/><G107/><T20/><D114/><U98/><E7/><V14/><F123/><W92/><G134/><T41/><D122/><U32/><E32/><V69/><F69/><W4/><G4/><T103/><D33/><U36/><E36/><N who="3" m="13930" /><G40/><T111/><D111/><U42/><E35/><V45/><F108/><W2/><G2/><T28/><D131/><U29/><E26/><V60/><F75/><W65/><G27/><T54/><D41/><U9/><E9/><V68/><F82/><W105/><G31/><T46/><D46/><U132/><E29/><V18/><F30/><W0/><G0/><T72/><D72/><U17/><E17/><V76/><F76/><W127/><G105/><T95/><D71/><U88/><E132/><V133/><F133/><W8/><G8/><T12/><D28/><U1/><E1/><V96/><F45/><W83/><G127/><T87/><D11/><U112/><E112/><V3/><F60/><N who="3" m="40199" /><G65/><T48/><D103/><U124/><E124/><V117/><F68/><W34/><G34/><T109/><D109/><U16/><E16/><V121/><F121/><W81/><G83/><T53/><D67/><N who="1" m="39335" /><E79/><V99/><F3/><W126/><G126/><T115/><D115/><U78/><E78/><V73/><F73/><W110/><G110/><T5/><D5/><U43/><E42/><V120/><F120/><W130/><G130/><T135/><D135/><U39/><E39/><V24/><F101/><W25/><G81/><T89/><AGARI ba="1,0" hai="12,13,15,20,21,48,53,54,57,58,62,87,89,95" machi="89" ten="30,2000,0" yaku="0,1,8,1" doraHai="113" who="0" fromWho="0" sc="240,23,252,-11,242,-6,266,-6" /><INIT seed="2,0,0,1,4,108" ten="263,241,236,260" oya="2" hai0="72,58,132,63,87,27,109,126,25,19,73,69,127" hai1="110,0,50,102,28,2,24,12,66,62,119,103,23" hai2="15,60,68,91,49,131,67,3,29,75,33,9,112" hai3="51,74,59,123,113,92,100,57,54,53,118,111,70"/><V94/><F75/><W10/><G118/><T34/><D109/><U107/><E119/><V7/><F131/><W16/><G111/><T128/><D69/><U20/><E110/><V85/><F3/><W22/><G123/><T21/><D128/><U115/><E115/><V114/><F33/><W42/><G74/><T18/><D132/><U46/><E20/><V117/><F29/><W122/><G122/><T76/><D34/><U86/><E86/><V31/><F31/><W56/><G70/><T13/><D27/><U81/><E81/><V134/><F117/><W40/><G10/><T120/><D120/><U80/><E12/><V45/><REACH who="2" step="1"/><F134/><REACH who="2" ten="263,241,226,260" step="2"/><W35/><G35/><T133/><D73/><U106/><E0/><V4/><F4/><W26/><G113/><T36/><D72/><U135/><E2/><V37/><F37/><W47/><G40/><AGARI ba="0,1" hai="7,9,15,40,45,49,60,67,68,85,91,94,112,114" machi="40" ten="30,11600,0" yaku="1,1,7,1,52,2,53,0" doraHai="108" doraHaiUra="105" who="2" fromWho="3" sc="263,0,241,0,226,126,260,-116" /><INIT seed="2,1,0,3,3,106" ten="263,241,352,144" oya="2" hai0="34,109,124,120,90,26,32,78,84,127,7,112,122" hai1="76,30,11,97,134,103,33,56,91,15,27,123,47" hai2="72,2,133,66,100,75,20,51,1,36,70,130,43" hai3="21,59,5,35,6,48,24,95,98,41,19,40,17"/><V79/><F51/><W61/><G35/><T23/><D78/><U45/><E134/><V49/><F49/><W114/><G114/><T74/><D112/><U80/><E91/><V64/><F20/><W73/><G19/><N who="0" m="12671" /><D90/><U3/><E3/><V53/><F53/><W13/><G73/><N who="2" m="28233" /><F66/><W10/><G5/><T93/><D84/><U25/><E25/><V4/><F4/><W88/><REACH who="3" step="1"/><G48/><REACH who="3" ten="263,241,352,134" step="2"/><T83/><D74/><U105/><E123/><V58/><F36/><W77/><G77/><T8/><D7/><U132/><E132/><V129/><F79/><W117/><G117/><T16/><D32/><U119/><E119/><V28/><F28/><W115/><G115/><T18/><D34/><U63/><E76/><V50/><F2/><W113/><G113/><T46/><D122/><U9/><E33/><V128/><F1/><W62/><G62/><T55/><D120/><U125/><E30/><V111/><F43/><W29/><G29/><T31/><D127/><U68/><E125/><V52/><F133/><W42/><G42/><T22/><D31/><U44/><E63/><N who="2" m="40223" /><F111/><W118/><G118/><T67/><D109/><U89/><E44/><V38/><F38/><W14/><G14/><T54/><D46/><U85/><E45/><V92/><F100/><W102/><G102/><T104/><D18/><U121/><E121/><V108/><F108/><W96/><G96/><T0/><D16/><U107/><E97/><V101/><F101/><W81/><G81/><T57/><D83/><U71/><E103/><V126/><F126/><W87/><G87/><T37/><D37/><RYUUKYOKU ba="1,1" sc="263,-15,241,-15,352,15,134,15" hai2="50,52,58,92,128,129,130" hai3="6,10,13,17,21,24,40,41,59,61,88,95,98" /><INIT seed="2,2,1,3,4,88" ten="248,226,367,149" oya="2" hai0="26,33,96,9,28,120,129,126,63,93,77,73,115" hai1="104,19,50,18,65,135,14,23,29,38,127,109,87" hai2="92,10,52,2,107,36,6,11,81,12,44,51,90" hai3="134,130,54,84,89,124,32,103,49,48,70,56,34"/><V3/><F107/><W40/><G70/><T106/><D120/><U37/><E109/><V46/><F81/><W97/><G130/><T27/><D115/><U111/><E111/><V100/><F100/><W62/><G124/><T68/><D106/><U1/><E1/><V31/><F31/><W15/><G134/><T66/><D129/><U25/><E104/><V7/><F36/><W69/><G15/><T61/><D126/><U95/><E127/><V45/><F12/><W113/><G113/><T43/><D43/><U125/><E135/><V17/><F17/><W53/><G40/><T128/><D128/><U105/><E105/><V86/><AGARI ba="2,1" hai="2,3,6,7,10,11,44,45,46,51,52,86,90,92" machi="86" ten="20,12000,1" yaku="0,1,7,1,9,1,52,1,54,1" doraHai="88" who="2" fromWho="2" sc="248,-42,226,-42,367,136,149,-42" /><INIT seed="2,3,0,5,1,27" ten="206,184,503,107" oya="2" hai0="80,8,69,57,40,28,127,56,72,129,65,51,76" hai1="104,114,25,135,90,29,67,70,74,16,32,100,18" hai2="98,110,71,66,17,43,113,55,48,7,96,103,108" hai3="64,15,122,47,124,44,105,73,128,39,84,38,131"/><V61/><F7/><W52/><G73/><T42/><D129/><N who="3" m="49737" /><G105/><T125/><D69/><U10/><E114/><V83/><F113/><W1/><G1/><T53/><D28/><U130/><E74/><V126/><F126/><N who="0" m="48138" /><D8/><U35/><E130/><V102/><F43/><W12/><G124/><T75/><D75/><U30/><E135/><V9/><F9/><W36/><G64/><T79/><D79/><U41/><E41/><V37/><F17/><W62/><G122/><T95/><D95/><U87/><E10/><V116/><F83/><W60/><G84/><T33/><D33/><U117/><E117/><V19/><F19/><W13/><G52/><T120/><D120/><U107/><E107/><V20/><F20/><W45/><AGARI ba="3,0" hai="12,13,15,36,38,39,44,45,47,60,62" m="49737" machi="45" ten="50,8000,1" yaku="29,2,28,2,19,1" doraHai="27" who="3" fromWho="3" sc="206,-23,184,-23,503,-43,107,89" /><INIT seed="3,0,0,5,4,39" ten="183,161,460,196" oya="3" hai0="54,109,30,27,2,45,82,61,125,23,58,20,131" hai1="113,33,47,15,92,76,83,95,120,10,52,0,118" hai2="48,35,101,91,31,53,124,79,108,26,102,97,121" hai3="60,87,25,117,119,13,135,90,40,107,93,104,112"/><W55/><G112/><T43/><D109/><U126/><E113/><V46/><F124/><W19/><G135/><T65/><D131/><U84/><E120/><V29/><F108/><W111/><G111/><T50/><D125/><U134/><E126/><V24/><F79/><W21/><G40/><T56/><D2/><U7/><E134/><V44/><F121/><W123/><G123/><T32/><REACH who="0" step="1"/><D82/><REACH who="0" ten="173,161,460,196" step="2"/><U3/><E3/><V6/><F31/><W100/><G119/><T105/><D105/><U74/><E118/><V73/><F73/><W4/><G117/><T103/><D103/><U16/><E74/><V67/><F102/><W132/><G132/><T34/><D34/><U86/><E33/><V128/><F101/><W8/><G100/><T5/><D5/><U115/><E115/><V69/><F6/><W116/><G116/><T96/><D96/><U1/><E0/><V98/><F97/><W17/><G4/><T28/><D28/><U127/><E127/><V68/><F98/><W106/><G107/><T63/><AGARI ba="0,1" hai="20,23,27,30,32,43,45,50,54,56,58,61,63,65" machi="63" ten="20,5200,0" yaku="1,1,0,1,7,1,52,1,53,0" doraHai="39" doraHaiUra="72" who="0" fromWho="0" sc="173,62,161,-13,460,-13,196,-26" /><INIT seed="4,0,0,4,0,107" ten="235,148,447,170" oya="0" hai0="44,68,48,24,13,99,6,134,91,25,64,119,127" hai1="74,52,30,2,31,89,29,7,104,82,130,12,61" hai2="62,98,34,40,80,110,93,65,133,42,17,86,121" hai3="11,54,95,55,135,43,50,103,5,96,16,114,33"/><T81/><D119/><U46/><E104/><V126/><F110/><W113/><G33/><T38/><D38/><U36/><E130/><V128/><F34/><W116/><G116/><T67/><D127/><U70/><E70/><V1/><F1/><W123/><G135/><T73/><D134/><U58/><E12/><V94/><F121/><W132/><G132/><T18/><D6/><U22/><E22/><V69/><F128/><W19/><G123/><T49/><D73/><U122/><E122/><V26/><F126/><W120/><G120/><T111/><D111/><U14/><E14/><V101/><F94/><W0/><G43/><N who="0" m="24607" /><D49/><U37/><E46/><V118/><F133/><W92/><G95/><N who="0" m="56831" /><D81/><U3/><E3/><V32/><F118/><W23/><G55/><T109/><D68/><U57/><E57/><V39/><F39/><W63/><G63/><T60/><D60/><U51/><E61/><V77/><F32/><W117/><G117/><T97/><D97/><U78/><REACH who="1" step="1"/><E89/><REACH who="1" ten="235,138,447,170" step="2"/><N who="2" m="55599" /><F62/><W45/><REACH who="3" step="1"/><G23/><REACH who="3" ten="235,138,447,160" step="2"/><N who="0" m="11727" /><D109/><U85/><E85/><V102/><F86/><W9/><G9/><AGARI ba="0,2" hai="2,7,9,29,30,31,36,37,51,52,58,74,78,82" machi="9" ten="40,5200,0" yaku="1,1,52,1,54,1,53,0" doraHai="107" doraHaiUra="41" who="1" fromWho="3" sc="235,0,138,72,447,0,160,-52" /><INIT seed="5,0,0,0,3,101" ten="235,210,447,108" oya="1" hai0="108,26,55,67,106,97,45,131,24,99,50,47,75" hai1="17,69,33,52,119,100,110,60,87,36,103,68,113" hai2="19,104,3,84,127,54,124,13,109,115,14,122,30" hai3="53,61,129,6,43,118,77,7,102,105,49,112,0"/><U27/><E119/><V15/><F109/><W93/><G118/><T46/><D108/><U31/><E36/><V96/><F122/><W8/><G112/><T57/><D75/><U114/><E110/><V133/><F133/><W128/><G77/><T121/><D121/><U91/><E17/><V29/><F3/><W59/><G7/><T123/><D123/><U81/><E69/><V32/><F115/><N who="1" m="44041" /><E68/><V64/><F64/><W40/><G93/><T25/><D131/><N who="3" m="50249" /><G61/><N who="0" m="38319" /><D106/><U80/><E81/><V78/><F19/><W71/><G71/><T74/><D74/><U23/><E33/><V65/><F65/><W83/><G83/><T37/><D37/><U88/><E91/><V48/><F32/><W73/><G73/><T42/><D42/><U89/><E89/><V1/><F1/><W11/><G8/><T120/><D120/><U98/><E98/><AGARI ba="0,0" hai="0,6,11,40,43,49,53,59,98,102,105" m="50249" machi="98" ten="30,2000,0" yaku="19,1,52,1" doraHai="101" who="3" fromWho="1" sc="235,0,210,-20,447,0,108,20" /><AGARI ba="0,0" hai="24,25,26,45,46,47,50,55,97,98,99" m="38319" machi="98" ten="30,1000,0" yaku="8,1" doraHai="101" who="0" fromWho="1" sc="235,10,190,-10,447,0,128,0" /><INIT seed="6,0,0,3,1,87" ten="245,180,447,128" oya="2" hai0="3,83,8,50,123,35,30,66,42,59,43,13,88" hai1="40,128,122,109,54,46,31,1,39,71,96,76,74" hai2="61,94,32,100,131,51,18,15,120,28,97,121,104" hai3="130,20,37,135,62,112,22,119,53,27,23,68,2"/><V105/><F131/><W78/><G119/><T125/><D3/><U80/><E109/><V134/><F134/><W116/><G116/><T34/><D123/><U33/><E128/><V91/><F32/><W36/><G130/><T65/><D30/><U77/><E122/><V16/><F28/><W127/><G2/><T17/><D34/><U47/><E77/><V99/><F104/><W19/><G135/><T73/><D35/><U115/><E115/><V113/><F113/><W75/><G112/><T41/><D73/><U21/><E1/><V58/><F51/><W52/><G127/><T48/><D125/><U106/><E21/><V129/><F129/><W49/><G22/><T12/><D13/><U14/><E14/><V5/><F5/><W98/><G75/><T89/><D83/><U114/><E114/><V107/><F107/><W63/><G78/><T90/><D50/><U133/><E133/><V69/><F69/><W102/><G23/><T64/><REACH who="0" step="1"/><D48/><REACH who="0" ten="235,180,447,128" step="2"/><U81/><E81/><V9/><F18/><W24/><G49/><T6/><D6/><U25/><E33/><V56/><F56/><AGARI ba="0,1" hai="8,12,17,41,42,43,56,59,64,65,66,88,89,90" machi="56" ten="50,16000,3" yaku="1,1,29,2,8,1,52,3,54,1,53,1" doraHai="87" doraHaiUra="4" who="0" fromWho="2" sc="235,170,180,0,447,-160,128,0" /><INIT seed="7,0,0,1,2,85" ten="405,180,287,128" oya="3" hai0="21,100,34,65,14,6,132,41,7,42,80,88,50" hai1="24,35,60,31,13,130,128,23,106,84,40,123,19" hai2="73,52,87,43,121,127,2,16,124,70,33,0,110" hai3="5,3,94,22,32,11,28,83,79,105,55,129,135"/><W9/><G105/><T48/><D34/><U58/><E106/><V93/><F73/><W66/><G135/><T99/><D65/><U78/><E40/><V12/><F110/><W115/><G115/><T90/><D132/><U18/><E18/><V111/><F70/><W44/><G129/><N who="1" m="49770" /><E123/><V126/><F33/><W8/><G32/><T47/><D21/><U17/><E17/><V95/><F43/><W20/><G66/><T67/><D67/><N who="1" m="39319" /><E84/><V118/><F111/><W108/><G108/><T101/><D80/><U51/><E51/><V112/><F112/><W109/><G109/><T72/><D14/><U45/><E45/><V10/><F118/><W77/><G94/><T39/><D72/><U37/><E78/><N who="3" m="29706" /><G83/><T4/><D39/><AGARI ba="0,0" hai="13,19,23,24,31,35,37,39" m="39319,49770" machi="39" ten="30,1000,0" yaku="19,1" doraHai="85" who="1" fromWho="0" sc="405,-10,180,10,287,0,128,0" owari="395,49.0,190,-21.0,287,9.0,128,-37.0" /></mjloggm>