<mjloggm ver="2.3"><GO type="169" lobby="0"/><UN n0="%6B%61%6E%65%67%61%6E%65" n1="%61%31%33%31%38%34%38" n2="%E3%82%A6%E3%83%AB%E3%83%88%E3%83%A9%E7%AB%8B%E7%9B%B4" n3="%E3%83%8F%E3%82%A4%E3%83%86%E3%83%B3%E3%83%9C%E3%83%BC" dan="16,16,17,16" rate="2074.22,2087.28,2228.88,2138.55" sx="M,M,M,M"/><TAIKYOKU oya="0"/><INIT seed="0,0,0,4,4,24" ten="250,250,250,250" oya="0" hai0="107,45,20,14,23,69,112,133,123,17,73,71,34" hai1="66,42,132,70,19,109,25,30,35,43,46,49,55" hai2="78,47,3,65,120,88,82,21,110,44,57,16,13" hai3="68,85,121,1,80,51,27,40,63,130,26,64,92"/><T58/><D112/><U95/><E109/><V90/><F120/><W29/><G1/><T125/><D34/><U56/><E132/><V93/><F3/><W28/><G121/><T77/><D123/><U124/><E124/><V101/><F101/><W134/><G92/><T116/><D116/><U98/><E70/><V59/><F110/><W5/><G5/><T67/><D107/><U129/><E19/><V31/><F31/><N who="3" m="11851" /><G68/><T32/><D32/><U81/><E81/><V108/><F108/><W41/><G134/><T91/><D77/><U54/><E66/><V76/><F90/><N who="3" m="51495" /><G130/><T7/><D73/><U11/><E11/><V97/><F78/><W115/><G115/><T53/><D69/><U62/><REACH who="1" step="1"/><E129/><REACH who="1" ten="250,240,250,250" step="2"/><V131/><F131/><W96/><G64/><T118/><D67/><U18/><E18/><V111/><F111/><W122/><G122/><T106/><D17/><U89/><AGARI ba="0,1" hai="25,30,35,42,43,46,49,54,55,56,62,89,95,98" machi="89" ten="20,5200,0" yaku="1,1,0,1,7,1,52,1,53,0" doraHai="24" doraHaiUra="113" who="1" fromWho="1" sc="250,-26,240,62,250,-13,250,-13" /><INIT seed="1,0,0,1,1,55" ten="224,302,237,237" oya="1" hai0="48,7,38,18,118,80,69,91,72,106,27,39,5" hai1="42,3,50,49,63,84,68,109,62,116,107,25,120" hai2="128,23,12,90,24,16,26,11,8,59,104,82,101" hai3="9,43,134,15,121,71,77,87,64,41,131,103,29"/><U10/><E116/><V132/><F104/><W52/><G121/><T113/><D69/><U88/><E120/><V83/><F101/><W67/><G103/><T57/><D106/><U119/><E119/><V123/><F123/><W125/><G71/><T1/><D118/><U73/><E73/><V133/><F90/><W122/><G122/><T127/><D1/><U81/><E109/><V34/><F83/><W28/><G134/><N who="2" m="51817" /><F82/><N who="3" m="47567" /><G131/><T36/><D127/><U93/><E107/><V130/><F59/><W94/><G94/><T51/><D39/><U112/><E112/><V46/><F46/><W44/><G125/><T45/><D38/><U65/><E93/><V14/><F34/><W78/><G78/><T40/><D36/><U60/><E68/><V47/><F47/><W53/><G44/><T21/><D113/><U98/><E81/><V85/><F85/><W4/><G67/><T30/><D72/><U0/><E65/><V135/><N who="2" m="51825" /><V92/><DORA hai="100" /><F92/><W102/><G64/><T105/><D105/><U58/><E84/><V124/><F124/><W108/><G102/><T32/><D80/><U96/><E88/><V70/><F70/><W19/><G43/><T75/><D91/><U31/><E42/><V86/><F86/><W33/><G41/><T74/><D74/><U126/><E126/><V99/><F99/><N who="1" m="37929" /><E58/><V115/><F115/><W79/><G79/><T111/><D75/><U35/><E0/><V13/><F26/><W76/><G76/><T114/><D114/><U117/><E117/><V54/><F54/><W61/><G53/><T66/><D40/><RYUUKYOKU ba="0,0" sc="224,-15,302,15,237,15,237,-15" hai1="3,10,25,31,35,49,50,60,62,63" hai2="8,11,12,13,14,16,23,24,128,130" /><INIT seed="1,1,0,5,2,21" ten="209,317,252,222" oya="1" hai0="51,30,56,31,5,45,104,79,103,126,22,102,85" hai1="43,115,54,90,3,132,35,52,6,111,28,109,82" hai2="70,116,59,107,114,135,105,72,64,65,76,34,96" hai3="69,39,23,55,16,47,13,67,14,119,101,86,29"/><U58/><E115/><V133/><F116/><W134/><G119/><T78/><D126/><U128/><E128/><V9/><F59/><W83/><G134/><T125/><D125/><U110/><E132/><V88/><F9/><W49/><G39/><T15/><D56/><U124/><E124/><V74/><F34/><W129/><G129/><T36/><D36/><U41/><E6/><V80/><F70/><W106/><G29/><N who="0" m="10763" /><D104/><N who="2" m="40010" /><F64/><W92/><G106/><T53/><D85/><N who="1" m="50487" /><E3/><V4/><F65/><W94/><G69/><T99/><D99/><U37/><E37/><V61/><F61/><W91/><G67/><T122/><D122/><U113/><E113/><V26/><F4/><W20/><G101/><N who="0" m="38411" /><D5/><U117/><E117/><V18/><F114/><W84/><G84/><T1/><D1/><U73/><E73/><V75/><F75/><W127/><G127/><T62/><D62/><N who="1" m="36167" /><E54/><V123/><F72/><W32/><G32/><T8/><D53/><U19/><E19/><AGARI ba="1,0" hai="13,14,16,19,20,23,47,49,55,83,86,91,92,94" machi="19" ten="40,5200,0" yaku="9,1,8,1,54,1" doraHai="21" who="3" fromWho="1" sc="209,0,317,-55,252,0,222,55" /><INIT seed="2,0,0,3,2,49" ten="209,262,252,277" oya="2" hai0="61,70,126,43,13,45,51,78,130,8,134,57,1" hai1="94,133,11,85,63,48,21,93,39,17,96,75,90" hai2="102,59,97,15,125,6,44,73,118,131,135,29,101" hai3="109,88,124,2,113,7,110,132,47,120,129,33,10"/><V123/><F118/><W28/><G120/><T55/><D1/><U52/><E133/><V98/><F123/><W77/><G77/><T4/><D134/><U34/><E39/><V26/><F73/><W74/><G132/><T25/><D130/><U35/><E75/><V111/><F135/><W64/><G74/><T12/><D126/><U18/><E11/><V100/><F131/><W16/><G129/><T122/><D122/><U99/><E63/><V60/><F44/><W22/><G64/><T69/><D25/><U112/><E112/><V76/><F76/><W116/><G116/><T80/><REACH who="0" step="1"/><D13/><REACH who="0" ten="199,262,252,277" step="2"/><U127/><E127/><V65/><F125/><W67/><G124/><T107/><D107/><U23/><E34/><V119/><F119/><W103/><G33/><T105/><D105/><U46/><E35/><V3/><F3/><W87/><G2/><T53/><D53/><U81/><E52/><V30/><F111/><W20/><G110/><T71/><D71/><U19/><E23/><N who="2" m="15583" /><F30/><W106/><G28/><T91/><D91/><U58/><E21/><V108/><F108/><W92/><G22/><T68/><D68/><U117/><E117/><V83/><F102/><W0/><G103/><T38/><D38/><U42/><REACH who="1" step="1"/><E58/><REACH who="1" ten="199,252,252,277" step="2"/><V128/><F128/><W5/><G20/><T14/><D14/><U50/><E50/><V114/><F15/><W36/><G36/><T66/><D66/><U37/><E37/><V86/><F114/><W54/><G113/><T24/><D24/><U79/><E79/><V82/><F59/><W89/><G67/><T32/><D32/><RYUUKYOKU ba="0,2" sc="199,15,252,15,252,-15,277,-15" hai0="4,8,12,43,45,51,55,57,61,69,70,78,80" hai1="17,18,19,42,46,48,81,85,90,93,94,96,99" /><INIT seed="3,1,2,5,5,36" ten="214,267,237,262" oya="3" hai0="78,124,59,3,75,67,87,69,25,62,60,70,30" hai1="73,133,119,6,97,103,116,72,44,134,55,90,28" hai2="8,50,85,10,76,125,111,108,122,65,15,107,92" hai3="40,21,53,113,81,29,91,120,95,106,127,96,83"/><W99/><G120/><T12/><D3/><U112/><E112/><V77/><F107/><W74/><G113/><T102/><D124/><U66/><E66/><V11/><F125/><W2/><G2/><T54/><D75/><N who="1" m="28747" /><E28/><V49/><F122/><W16/><G127/><T128/><D102/><U82/><E6/><V56/><F15/><W129/><G129/><T26/><D128/><U58/><E44/><V101/><F111/><W19/><G74/><T9/><D70/><U68/><E68/><V52/><F65/><W130/><G130/><T41/><D41/><U104/><E82/><N who="3" m="31242" /><G106/><T86/><D78/><N who="2" m="30314" /><F108/><W24/><G99/><T33/><D26/><U115/><E90/><N who="2" m="53327" /><F101/><W57/><G40/><T94/><D94/><U22/><E115/><V51/><AGARI ba="1,2" hai="8,10,11,49,50,51,52,56" m="53327,30314" machi="51" ten="30,2000,0" yaku="8,1,54,1" doraHai="36" who="2" fromWho="2" sc="214,-6,267,-6,237,43,262,-11" /><INIT seed="4,0,0,3,5,2" ten="208,261,280,251" oya="0" hai0="68,92,86,111,129,64,3,31,112,94,27,106,95" hai1="53,6,109,24,91,121,37,63,97,135,65,42,46" hai2="9,75,28,47,115,80,52,1,10,125,23,73,84" hai3="36,66,17,78,81,105,79,5,119,99,60,44,55"/><T114/><D3/><U88/><E109/><V82/><F125/><W19/><G119/><T41/><D106/><U4/><E121/><V90/><F115/><N who="0" m="44074" /><D111/><U132/><E53/><V18/><F28/><W87/><G78/><T134/><D134/><N who="1" m="51243" /><E24/><V123/><F123/><W96/><G105/><T70/><D129/><U34/><E34/><V14/><F73/><W98/><G36/><T69/><D41/><U77/><E77/><V116/><F116/><W11/><G44/><T130/><D130/><U50/><E37/><V21/><F75/><W33/><G55/><T57/><D57/><N who="1" m="37103" /><E97/><V22/><F80/><W85/><G85/><T113/><N who="0" m="44082" /><T62/><DORA hai="131" /><D86/><U118/><E118/><V93/><F82/><W0/><REACH who="3" step="1"/><G33/><AGARI ba="0,0" hai="27,31,33,62,64,68,69,70,92,94,95" m="44082" machi="33" ten="40,2000,0" yaku="15,1" doraHai="2,131" who="0" fromWho="3" sc="208,20,261,0,280,0,251,-20" /><INIT seed="4,1,0,1,4,2" ten="228,261,280,231" oya="0" hai0="47,104,126,38,53,28,46,16,92,73,82,86,25" hai1="51,37,66,83,42,109,99,39,26,113,98,95,133" hai2="128,67,44,106,114,117,122,100,59,11,19,48,70" hai3="85,90,3,17,8,65,112,78,84,45,96,127,0"/><T107/><D126/><U56/><E109/><V68/><F106/><W36/><G127/><T80/><D92/><U97/><E133/><V101/><F122/><W102/><G112/><T6/><D28/><U120/><E120/><V52/><F114/><W89/><G65/><T29/><D29/><U30/><E113/><V131/><F117/><W69/><G69/><T10/><D73/><U134/><E134/><V116/><F116/><W14/><G78/><T110/><D110/><U77/><E95/><V40/><F19/><W34/><G34/><T63/><D38/><U91/><E91/><V4/><F100/><W129/><G129/><N who="2" m="49737" /><F67/><W123/><G123/><T75/><D75/><U79/><E66/><V61/><F101/><W111/><G111/><T58/><D107/><U24/><E77/><V71/><F71/><W9/><G0/><AGARI ba="1,0" hai="0,4,11,40,44,48,52,59,61,68,70" m="49737" machi="0" ten="30,3900,0" yaku="19,1,52,1,54,1" doraHai="2" who="2" fromWho="3" sc="228,0,261,0,280,42,231,-42" /><INIT seed="5,0,0,0,3,17" ten="228,261,322,189" oya="1" hai0="35,66,65,107,47,11,53,106,19,38,74,92,25" hai1="130,3,2,111,72,16,105,110,88,89,41,31,114" hai2="99,37,51,135,84,108,79,33,10,68,7,18,59" hai3="131,133,117,70,39,78,80,93,61,121,112,90,55"/><U123/><E123/><V100/><F33/><W50/><G39/><T103/><D74/><U46/><E114/><V86/><F68/><W62/><G121/><T44/><D35/><U40/><E130/><V28/><F37/><W95/><G112/><T15/><D38/><U52/><E105/><V26/><F108/><N who="1" m="41513" /><E31/><V54/><F79/><W124/><G131/><T58/><D107/><U115/><E72/><V69/><F69/><W43/><G43/><N who="1" m="16458" /><E115/><V56/><F28/><W102/><G102/><T96/><D106/><U5/><E16/><V60/><F26/><W118/><G70/><T87/><D25/><U75/><E75/><V36/><F18/><W71/><G71/><T77/><D77/><U49/><E3/><V9/><F36/><W128/><G128/><T63/><D87/><U134/><E134/><V82/><F135/><W30/><G30/><T8/><D8/><AGARI ba="0,0" hai="2,5,8,46,49,52,88,89" m="16458,41513" machi="8" ten="30,5800,0" yaku="10,1,54,2" doraHai="17" who="1" fromWho="0" sc="228,-58,261,58,322,0,189,0" /><INIT seed="5,1,0,3,0,51" ten="170,319,322,189" oya="1" hai0="54,60,120,39,7,25,8,9,106,69,38,73,32" hai1="64,52,4,1,48,37,17,112,117,107,70,113,27" hai2="86,14,3,58,24,122,36,91,45,99,20,33,128" hai3="114,59,77,43,134,96,0,6,98,16,93,90,95"/><U119/><E107/><V83/><F3/><W13/><G77/><T97/><D73/><U89/><E37/><V26/><F122/><W132/><G6/><T118/><D118/><U131/><E131/><V115/><F128/><W15/><G0/><T101/><D120/><U2/><E89/><V127/><F127/><W110/><G110/><T88/><D9/><N who="1" m="2191" /><E2/><V71/><F71/><W81/><G81/><T49/><D88/><U105/><E105/><V87/><F99/><W19/><G43/><T78/><D78/><U65/><E27/><V22/><F14/><W76/><G76/><T63/><D63/><N who="1" m="40223" /><E17/><V135/><F24/><W35/><G35/><T61/><D61/><U111/><E111/><V28/><F26/><W18/><G59/><N who="0" m="33231" /><D8/><U53/><E65/><V23/><F91/><W44/><G44/><T40/><D7/><U30/><E30/><V11/><F45/><W102/><REACH who="3" step="1"/><G114/><REACH who="3" ten="170,319,322,179" step="2"/><N who="1" m="44138" /><E48/><V84/><F115/><W50/><G50/><T42/><D39/><U104/><E104/><V126/><F36/><W130/><G130/><T12/><D38/><U121/><E121/><V55/><F83/><W10/><G10/><T66/><D32/><U124/><E124/><V5/><F126/><W129/><G129/><T125/><D125/><U46/><E46/><V79/><F33/><W82/><G82/><T29/><D69/><U133/><E133/><AGARI ba="1,1" hai="13,15,16,18,19,90,93,95,96,98,102,132,133,134" machi="133" ten="40,5200,0" yaku="1,1,20,1,54,1,53,0" doraHai="51" doraHaiUra="41" who="3" fromWho="1" sc="170,0,319,-55,322,0,179,65" /><INIT seed="6,0,0,0,2,115" ten="170,264,322,244" oya="2" hai0="124,46,67,24,71,70,13,78,116,107,134,47,98" hai1="0,54,131,57,84,55,50,30,4,16,103,133,43" hai2="77,40,128,26,18,113,118,66,129,53,125,82,28" hai3="105,83,135,86,79,51,92,58,14,60,108,89,21"/><V100/><F66/><W127/><G105/><T65/><D78/><U8/><E131/><V9/><F40/><W74/><G108/><T73/><D73/><U95/><E133/><V72/><F100/><W110/><G110/><T35/><D13/><U101/><E30/><V5/><F18/><W64/><G135/><T90/><D134/><U37/><E55/><V15/><F53/><W20/><G127/><T39/><D90/><U56/><E56/><V42/><F42/><W63/><G63/><N who="0" m="40255" /><D24/><U25/><E37/><V85/><F72/><W31/><G31/><T17/><D35/><U3/><E43/><V48/><F113/><W61/><G61/><N who="0" m="40431" /><D17/><U75/><E0/><V69/><F125/><W34/><G34/><T10/><D10/><U38/><E38/><V1/><F26/><W109/><G109/><T68/><D98/><U123/><E75/><V12/><F28/><W59/><G14/><T32/><D107/><U126/><E126/><V112/><F15/><W41/><G21/><T7/><D32/><U96/><E123/><V76/><F12/><W130/><G20/><T11/><D124/><U36/><E36/><V122/><F122/><W121/><G121/><T22/><D68/><U23/><E84/><V6/><F69/><W88/><G89/><AGARI ba="0,0" hai="3,4,8,16,23,25,50,54,57,89,95,96,101,103" machi="89" ten="30,2000,0" yaku="7,1,54,1" doraHai="115" who="1" fromWho="3" sc="170,0,264,20,322,0,244,-20" /><INIT seed="7,0,0,2,3,6" ten="170,284,322,224" oya="3" hai0="29,12,34,47,16,20,36,42,89,35,37,103,48" hai1="129,110,61,113,30,100,65,72,70,27,11,82,126" hai2="83,53,133,93,54,18,26,124,84,128,14,114,75" hai3="3,25,97,90,1,38,95,121,118,49,44,17,91"/><W98/><G38/><T15/><D103/><U109/><E113/><V0/><F0/><W5/><G121/><T77/><D77/><U28/><E126/><V117/><F75/><W127/><G118/><T94/><D12/><U23/><E129/><V60/><F26/><W120/><G120/><T57/><D29/><U135/><E135/><V4/><F4/><W45/><G127/><T43/><D36/><U50/><E30/><V73/><F73/><W116/><G116/><T99/><D42/><U64/><E64/><V19/><F19/><W81/><G5/><T71/><D71/><U122/><E122/><V107/><F107/><W8/><G45/><T31/><REACH who="0" step="1"/><D31/><REACH who="0" ten="160,284,322,224" step="2"/><U63/><E100/><V87/><F14/><N who="3" m="7367" /><G25/><T52/><AGARI ba="0,1" hai="15,16,20,34,35,37,43,47,48,52,57,89,94,99" machi="52" ten="30,7900,0" yaku="1,1,0,1,54,2,53,0" doraHai="6" doraHaiUra="32" who="0" fromWho="0" sc="160,89,284,-20,322,-20,224,-39" owari="249,-15.0,264,6.0,302,40.0,185,-31.0" /></mjloggm>