<mjloggm ver="2.3"><GO type="97" lobby="0"/><UN n0="%4A%75%6E%65%52%61%69%6E" n1="%53%65%6E%61%72" n2="%41%E3%82%B9%E3%82%B1" n3="%E5%B0%B1%E6%B4%BB%E7%94%9F%40%E5%B7%9D%E6%9D%91%E8%BB%8D%E5%9B%A3" dan="14,15,14,15" rate="1943.51,2029.83,1926.17,2041.83" sx="M,M,M,M"/><TAIKYOKU oya="0"/><INIT seed="0,0,0,1,4,19" ten="250,250,250,250" oya="0" hai0="61,76,63,14,129,79,73,57,81,111,10,27,71" hai1="88,128,13,12,133,75,55,45,16,8,74,96,78" hai2="54,130,101,9,92,46,114,4,125,116,18,121,110" hai3="106,60,119,100,93,22,89,99,59,49,86,58,3"/><T43/><D71/><U37/><E133/><V50/><F121/><W36/><G36/><T34/><D129/><U69/><E69/><V29/><F114/><W117/><G3/><T33/><D111/><U52/><E128/><V68/><F130/><W25/><G49/><T131/><D131/><U94/><E78/><V103/><F110/><W47/><G47/><T77/><D43/><U26/><E26/><V51/><F125/><W30/><REACH who="3" step="1"/><G59/><REACH who="3" ten="250,250,250,240" step="2"/><T1/><D1/><U97/><E37/><V120/><F51/><W0/><G0/><T80/><D73/><U67/><E75/><V35/><F120/><W104/><G104/><T44/><D44/><U65/><E74/><V28/><F116/><W124/><G124/><T135/><D57/><U115/><E115/><V102/><F68/><W2/><G2/><T62/><D135/><U21/><E45/><V108/><F108/><W113/><G113/><T53/><D62/><U105/><E105/><V24/><F29/><W70/><G70/><T126/><D126/><U122/><E122/><V72/><F72/><W42/><G42/><T31/><D61/><U15/><E97/><V66/><F50/><W7/><G7/><T98/><D63/><U132/><E132/><V112/><F46/><W38/><G38/><T40/><D40/><U84/><E96/><V48/><F4/><W5/><G5/><T91/><D31/><U109/><E109/><V11/><F28/><W23/><G23/><T32/><D34/><U95/><E21/><V134/><F112/><W127/><G127/><T39/><D33/><U6/><E6/><RYUUKYOKU ba="0,1" sc="250,-10,250,-10,250,-10,240,30" hai3="22,25,30,58,60,86,89,93,99,100,106,117,119" /><INIT seed="1,1,1,4,0,105" ten="240,240,240,270" oya="1" hai0="45,102,8,118,117,70,47,25,14,119,113,73,56" hai1="112,82,96,95,52,22,131,3,76,78,127,55,130" hai2="10,99,63,48,69,109,60,54,26,46,30,101,39" hai3="34,4,51,49,124,107,0,86,72,71,83,114,75"/><U81/><E112/><V43/><F109/><W115/><G71/><T135/><D113/><U93/><E3/><V2/><F2/><W5/><G34/><T15/><D70/><U98/><REACH who="1" step="1"/><E22/><REACH who="1" ten="240,230,240,270" step="2"/><V36/><F36/><W9/><G114/><T91/><D117/><U134/><E134/><V104/><F10/><W21/><G115/><T74/><D135/><U18/><E18/><V111/><F111/><W103/><G21/><T31/><D118/><U92/><E92/><V121/><F121/><W100/><G9/><T20/><D119/><U13/><E13/><V42/><F69/><W1/><G107/><T68/><D8/><U123/><E123/><V106/><F106/><W66/><G1/><T37/><D14/><U11/><E11/><V17/><F17/><W110/><G0/><T90/><D15/><U29/><E29/><V62/><F39/><W16/><G110/><T38/><D20/><U120/><E120/><V116/><F116/><W132/><G16/><T41/><D31/><U58/><E58/><V27/><F30/><W28/><G132/><T59/><D68/><U44/><E44/><V85/><F104/><W108/><G108/><T40/><D25/><U84/><E84/><V67/><F85/><W24/><G28/><T126/><D126/><AGARI ba="1,2" hai="52,55,76,78,81,82,93,95,96,98,126,127,130,131" machi="126" ten="25,9600,0" yaku="1,1,22,2,54,1,53,0" doraHai="105" doraHaiUra="33" who="1" fromWho="0" sc="240,-99,230,119,240,0,270,0" /><INIT seed="1,2,0,3,0,122" ten="141,349,240,270" oya="1" hai0="85,58,36,113,40,82,111,4,109,29,114,92,62" hai1="19,41,1,23,43,101,125,73,118,88,21,132,84" hai2="121,79,25,37,9,18,127,116,61,30,86,48,38" hai3="2,102,27,70,34,128,93,120,108,67,115,89,78"/><U15/><E118/><V46/><F121/><W100/><G120/><T63/><D29/><U55/><E73/><V119/><F127/><W95/><G2/><T126/><D126/><U123/><E123/><V104/><F104/><W44/><G115/><T14/><D92/><U103/><E1/><V66/><F119/><W51/><G128/><T68/><D68/><U32/><E32/><V110/><F116/><W8/><G78/><N who="0" m="46295" /><D36/><U59/><E132/><V11/><F11/><W17/><G108/><N who="0" m="41547" /><D40/><U49/><E125/><V56/><F9/><W124/><G124/><T91/><D91/><U24/><E41/><V50/><F18/><W16/><G70/><T87/><D87/><U5/><E43/><V133/><F133/><W7/><G95/><T64/><D62/><U71/><E71/><V54/><F50/><W53/><G93/><T105/><D105/><U129/><E129/><V96/><F96/><W39/><G89/><T83/><D83/><N who="1" m="49183" /><E5/><V81/><F110/><W13/><G39/><T72/><D72/><U28/><AGARI ba="2,0" hai="15,19,21,23,24,28,49,55,59,101,103" m="49183" machi="28" ten="30,3000,0" yaku="8,1,54,1" doraHai="122" who="1" fromWho="1" sc="141,-12,349,36,240,-12,270,-12" /><INIT seed="1,3,0,5,3,34" ten="129,385,228,258" oya="1" hai0="114,70,20,135,0,102,27,129,11,49,3,110,37" hai1="47,111,35,131,50,19,132,24,77,87,43,123,84" hai2="14,134,7,119,39,23,105,67,97,69,48,112,90" hai3="15,54,42,99,56,115,4,76,107,62,10,120,121"/><U63/><E123/><V73/><F119/><W13/><G115/><T108/><D114/><U116/><E116/><V71/><F112/><W31/><G76/><T81/><D37/><U17/><E132/><V106/><F134/><W83/><G83/><T6/><D135/><U100/><E100/><V133/><F133/><W101/><G42/><T68/><D129/><U28/><E111/><N who="0" m="42537" /><D102/><U130/><E63/><V9/><F73/><W8/><REACH who="3" step="1"/><G31/><REACH who="3" ten="129,385,228,248" step="2"/><N who="0" m="17895" /><D81/><U126/><E130/><V51/><F106/><W104/><G104/><T26/><D26/><U55/><E131/><V122/><F105/><W1/><G1/><N who="0" m="463" /><D49/><U98/><E24/><V52/><F48/><W80/><G80/><T30/><D30/><U86/><E28/><V53/><F51/><W57/><G57/><T18/><D18/><AGARI ba="3,1" hai="4,8,10,13,15,18,54,56,62,99,101,107,120,121" machi="18" ten="30,2000,0" yaku="1,1,7,1,53,0" doraHai="34" doraHaiUra="65" who="3" fromWho="0" sc="129,-29,385,0,228,0,248,39" /><INIT seed="2,0,0,2,1,66" ten="100,385,228,287" oya="2" hai0="26,96,12,89,40,45,14,31,91,22,27,11,51" hai1="72,67,41,82,6,79,73,38,127,23,25,24,9" hai2="116,46,90,2,5,133,55,129,15,10,108,84,117" hai3="75,52,88,16,83,86,1,30,7,106,112,3,104"/><V18/><F133/><W110/><G75/><T87/><D27/><U101/><E127/><V28/><F129/><W109/><G112/><T68/><D68/><U71/><E101/><V113/><F113/><W119/><G30/><T114/><D114/><U76/><E76/><V80/><F28/><W60/><G119/><T50/><D50/><U128/><E73/><V0/><F108/><N who="3" m="41579" /><G16/><T99/><D14/><U123/><E123/><V81/><F81/><W102/><G7/><T61/><D61/><N who="1" m="40431" /><E23/><V63/><F63/><W44/><G44/><T33/><D33/><U77/><E77/><V103/><F103/><W56/><G102/><T62/><D62/><U125/><E125/><V32/><F32/><W85/><G86/><T19/><REACH who="0" step="1"/><D91/><REACH who="0" ten="90,385,228,287" step="2"/><U29/><E25/><V20/><REACH who="2" step="1"/><F0/><AGARI ba="0,1" hai="0,1,3,52,56,60,83,85,88,104,106" m="41579" machi="0" ten="30,3900,0" yaku="14,1,54,2" doraHai="66" who="3" fromWho="2" sc="90,0,385,0,228,-39,287,49" /><INIT seed="3,0,0,0,2,103" ten="90,385,189,336" oya="3" hai0="101,90,118,104,119,88,45,117,5,46,11,15,73" hai1="59,27,92,85,12,33,2,19,7,26,87,51,108" hai2="53,134,63,94,57,124,36,31,122,83,39,61,129" hai3="107,24,106,3,127,116,23,113,74,109,89,16,130"/><W111/><G116/><T66/><D73/><U37/><E37/><V54/><F31/><W82/><G113/><T28/><D28/><N who="1" m="19607" /><E27/><V68/><F94/><W13/><G3/><T40/><D66/><U32/><E32/><V43/><F83/><W65/><G65/><T133/><D133/><U1/><E108/><N who="3" m="41546" /><G130/><T10/><D10/><N who="1" m="2423" /><E92/><V91/><F91/><W52/><G127/><T100/><D100/><U29/><E29/><V22/><F22/><N who="3" m="11535" /><G52/><T95/><D95/><U120/><E120/><V121/><F129/><W56/><G56/><T64/><D64/><U77/><E77/><V80/><F80/><W18/><G74/><T72/><D72/><U70/><E70/><V96/><F96/><W123/><G123/><N who="2" m="47113" /><F134/><W48/><G48/><T84/><D84/><AGARI ba="0,0" hai="18,23,24,82,84,89,106,107" m="11535,41546" machi="84" ten="30,12000,1" yaku="14,1,10,1,52,2,54,1" doraHai="103" who="3" fromWho="0" sc="90,-120,385,0,189,0,336,120" owari="-30,-53.0,385,19.0,189,-21.0,456,55.0" /></mjloggm>