<mjloggm ver="2.3"><GO type="97" lobby="0"/><UN n0="%E8%A7%A3%E8%84%B1" n1="%75%72%6F%63%68%69%74%61" n2="%E7%BE%BD%E7%94%9F%E5%85%AB%E5%86%A0" n3="%E5%B0%B1%E6%B4%BB%E7%94%9F%40%E5%B7%9D%E6%9D%91%E8%BB%8D%E5%9B%A3" dan="15,13,13,14" rate="1998.77,1935.98,1916.97,1968.15" sx="F,M,M,M"/><TAIKYOKU oya="0"/><INIT seed="0,0,0,0,0,80" ten="250,250,250,250" oya="0" hai0="61,57,48,8,27,14,69,21,46,135,75,122,115" hai1="77,3,34,95,59,11,100,88,83,87,101,94,31" hai2="92,111,81,72,51,4,54,56,102,68,117,35,66" hai3="45,76,82,15,116,0,17,120,121,67,33,7,47"/><T104/><D115/><U43/><E94/><V36/><F35/><W91/><G33/><T24/><D75/><U39/><E34/><V73/><F111/><W18/><G116/><T19/><D122/><N who="3" m="47209" /><G67/><T5/><D104/><U53/><E31/><V41/><F117/><W134/><G134/><T50/><D135/><U63/><E43/><V131/><F4/><W37/><G91/><T13/><D69/><U30/><E39/><V12/><F12/><W2/><G7/><T85/><D85/><U89/><E30/><V79/><F131/><W96/><G96/><T55/><REACH who="0" step="1"/><D50/><REACH who="0" ten="240,250,250,250" step="2"/><U10/><E3/><V16/><F73/><N who="3" m="43279" /><G37/><T97/><D97/><N who="1" m="57575" /><E89/><V123/><F36/><W125/><G0/><T62/><D62/><U58/><E58/><V113/><F56/><W110/><G2/><T119/><D119/><U98/><E98/><V90/><F68/><W114/><G114/><T6/><D6/><U38/><E38/><V1/><F51/><W93/><G47/><T22/><D22/><U109/><E109/><V42/><F113/><W20/><G45/><T78/><D78/><U108/><E108/><V86/><F79/><W129/><G110/><T74/><D74/><U106/><E106/><V70/><F72/><W26/><G129/><T44/><D44/><U9/><AGARI ba="0,1" hai="9,10,11,53,59,63,77,83,87,100,101" m="57575" machi="9" ten="30,4000,0" yaku="8,1,52,1,54,1" doraHai="80" who="1" fromWho="1" sc="240,-20,250,50,250,-10,250,-10" /><INIT seed="1,0,0,3,1,45" ten="220,300,240,240" oya="1" hai0="39,76,77,25,71,5,18,78,79,134,4,80,103" hai1="84,21,23,8,90,7,68,12,122,127,105,111,13" hai2="30,33,85,72,28,10,26,44,119,107,109,16,24" hai3="133,108,63,15,128,113,88,110,118,36,73,60,94"/><U54/><E105/><V83/><F107/><W56/><G113/><T59/><D71/><U41/><E68/><V65/><F72/><W131/><G36/><T86/><D39/><U92/><E122/><V74/><F74/><W0/><G0/><T17/><D134/><U95/><E127/><V82/><F109/><N who="3" m="42091" /><G73/><T1/><D103/><U19/><E41/><V115/><F115/><W38/><G38/><T58/><D1/><U121/><E121/><V35/><F119/><W89/><G118/><T120/><D120/><U62/><E111/><V96/><F96/><N who="3" m="57415" /><G133/><T130/><D130/><N who="3" m="49705" /><G56/><N who="0" m="21547" /><D25/><U116/><E116/><V42/><F65/><W64/><G64/><T117/><D117/><U97/><E62/><V6/><F85/><W27/><G27/><T93/><D93/><U69/><E69/><V75/><F75/><W126/><G126/><T9/><D9/><N who="1" m="6543" /><E54/><V51/><F6/><AGARI ba="0,0" hai="4,5,6,17,18,76,77,78,79,80,86" m="21547" machi="6" ten="30,1000,0" yaku="8,1" doraHai="45" who="0" fromWho="2" sc="220,10,300,0,240,-10,240,0" /><INIT seed="2,0,0,4,5,76" ten="230,300,230,240" oya="2" hai0="31,11,81,88,113,26,56,110,41,100,66,99,102" hai1="30,22,9,24,131,49,127,18,1,33,123,15,120" hai2="38,42,89,21,13,48,130,85,83,92,105,73,78" hai3="132,122,52,114,84,14,91,29,108,7,79,2,75"/><V134/><F130/><W59/><G122/><N who="1" m="46634" /><E49/><V67/><F134/><W28/><G114/><T129/><D113/><U8/><E131/><V58/><F38/><W77/><G2/><T44/><D129/><U101/><E101/><V115/><F115/><W51/><G108/><T124/><D11/><N who="1" m="4171" /><E127/><V118/><F118/><W54/><G132/><T135/><D135/><U109/><E109/><V45/><F105/><W71/><G71/><T126/><D110/><U95/><E95/><V69/><F69/><W125/><G125/><T65/><D124/><U111/><E111/><V55/><F67/><W128/><G7/><T98/><D65/><U61/><E61/><V17/><REACH who="2" step="1"/><F42/><REACH who="2" ten="230,300,220,240" step="2"/><W93/><G128/><T27/><D126/><U97/><E97/><V46/><AGARI ba="0,1" hai="13,17,21,45,46,48,55,58,73,78,83,85,89,92" machi="46" ten="30,18000,2" yaku="1,1,2,1,0,1,25,2,52,1,53,1" doraHai="76" doraHaiUra="47" who="2" fromWho="2" sc="230,-60,300,-60,220,190,240,-60" /><INIT seed="2,1,0,1,1,24" ten="170,240,410,180" oya="2" hai0="51,111,69,34,130,83,118,79,121,106,75,13,57" hai1="5,84,85,76,21,112,60,131,124,30,11,38,32" hai2="27,31,61,67,36,62,132,126,122,114,10,77,44" hai3="54,102,94,52,35,16,88,125,8,97,78,4,116"/><V90/><F122/><W80/><G116/><T127/><RYUUKYOKU type="yao9" ba="1,0" sc="170,0,240,0,410,0,180,0" hai0="13,34,51,57,69,75,79,83,106,111,118,121,127,130" /><INIT seed="2,2,0,5,0,47" ten="170,240,410,180" oya="2" hai0="92,1,7,73,119,31,58,50,110,70,121,49,36" hai1="15,20,63,101,57,112,132,81,87,72,29,4,134" hai2="27,3,127,100,89,35,135,94,53,28,126,108,17" hai3="104,55,123,102,61,23,65,79,86,25,130,90,77"/><V91/><F3/><W103/><G123/><T74/><D121/><U128/><E72/><N who="0" m="27753" /><D31/><U71/><E71/><V129/><F108/><W131/><G104/><T78/><D70/><U96/><E112/><V109/><F109/><W105/><G105/><T46/><D110/><U115/><E115/><V38/><F38/><W67/><G55/><N who="0" m="32119" /><D36/><U34/><E34/><V111/><F111/><W85/><G61/><T22/><D22/><U32/><E32/><V52/><F129/><N who="3" m="49163" /><G23/><T107/><D107/><U120/><E120/><V122/><F135/><W113/><G25/><T14/><D78/><N who="3" m="29705" /><G90/><N who="2" m="34313" /><F122/><W2/><G2/><T30/><D1/><U48/><E128/><V44/><F17/><W9/><G9/><N who="0" m="4415" /><D30/><U16/><E29/><V68/><F68/><W10/><G10/><T45/><D92/><U12/><E4/><V39/><F100/><N who="3" m="38443" /><G113/><T76/><D76/><U8/><E8/><V84/><F39/><W42/><G42/><T83/><D83/><U118/><E134/><V54/><F44/><W106/><G106/><T5/><D5/><U51/><E132/><V33/><F33/><W62/><G62/><T88/><D88/><N who="1" m="51311" /><E12/><V37/><F37/><W98/><G98/><T75/><D75/><U19/><E19/><V97/><F97/><W43/><G43/><N who="0" m="24767" /><D46/><U124/><E96/><V21/><F35/><W117/><G117/><T133/><D119/><U80/><E118/><V82/><F82/><W114/><G114/><T6/><D6/><U69/><E80/><V93/><F84/><AGARI ba="2,0" hai="65,67,84,85,86" m="38443,29705,49163" machi="84" ten="30,3900,0" yaku="28,2,19,1" doraHai="47" who="3" fromWho="2" sc="170,0,240,0,410,-45,180,45" /><INIT seed="3,0,0,4,5,2" ten="170,240,365,225" oya="3" hai0="4,54,31,108,61,55,67,33,25,120,16,30,11" hai1="19,1,17,81,26,100,0,60,63,59,74,5,9" hai2="101,73,28,111,38,77,52,56,107,8,123,69,88" hai3="95,85,119,116,37,128,10,93,122,23,115,125,70"/><W86/><G70/><T50/><D108/><U18/><E100/><V75/><F69/><W41/><G122/><T35/><D120/><U46/><E46/><V110/><F38/><W72/><G72/><T124/><D124/><U76/><E1/><V91/><F123/><W53/><G115/><T24/><D16/><U22/><REACH who="1" step="1"/><E60/><REACH who="1" ten="170,230,365,225" step="2"/><V113/><F101/><W102/><G102/><T47/><D54/><AGARI ba="0,1" hai="0,5,9,17,18,19,22,26,54,59,63,74,76,81" machi="54" ten="30,7700,0" yaku="1,1,2,1,7,1,52,1,53,0" doraHai="2" doraHaiUra="43" who="1" fromWho="0" sc="170,-77,230,87,365,0,225,0" owari="93,-41.0,317,12.0,365,46.0,225,-17.0" /></mjloggm>