<mjloggm ver="2.3"><GO type="169" lobby="0"/><UN n0="%E4%BA%BA%E9%B3%A5%E4%BE%8D%E6%A5%B5" n1="%E3%82%A6%E3%83%AB%E3%83%88%E3%83%A9%E7%AB%8B%E7%9B%B4" n2="%E3%83%94%E3%82%B3%E3%83%9E%E3%82%B9%E3%83%86%E3%82%A3%E3%83%95" n3="%62%65%65%73%6F%6E%6F" dan="17,17,17,16" rate="2170.59,2135.59,2111.75,2084.69" sx="F,M,M,M"/><TAIKYOKU oya="0"/><INIT seed="0,0,0,0,2,55" ten="250,250,250,250" oya="0" hai0="47,15,93,89,94,66,72,71,43,123,80,16,103" hai1="51,0,113,58,54,115,102,124,84,7,105,42,134" hai2="85,64,86,3,5,14,96,57,44,112,127,50,133" hai3="73,130,40,48,83,27,62,110,126,75,25,65,67"/><T63/><D123/><U108/><E108/><V34/><F112/><N who="1" m="43081" /><E124/><V125/><F34/><W74/><G126/><N who="2" m="48137" /><F133/><W20/><G110/><T117/><D117/><U116/><E116/><V2/><F96/><W12/><G130/><T107/><D107/><U56/><E134/><V9/><F64/><W32/><G32/><T114/><D114/><U129/><E129/><V19/><F57/><N who="1" m="22121" /><E42/><N who="2" m="24855" /><F2/><W68/><G67/><T8/><D103/><U106/><E102/><V70/><F70/><W120/><G120/><T131/><D131/><U99/><E99/><V79/><F79/><W87/><G40/><T128/><D128/><U38/><E38/><V46/><F46/><W49/><G48/><T21/><D8/><AGARI ba="0,0" hai="3,5,8,9,14,19,85,86" m="24855,48137" machi="8" ten="30,1000,0" yaku="18,1" doraHai="55" who="2" fromWho="0" sc="250,-10,250,0,250,10,250,0" /><INIT seed="1,0,0,1,2,116" ten="240,250,260,250" oya="1" hai0="80,97,31,41,70,99,132,6,128,51,16,89,77" hai1="58,125,135,129,121,7,131,127,68,119,14,29,123" hai2="22,113,0,15,12,126,50,55,67,3,49,48,56" hai3="36,81,37,102,18,72,57,13,17,8,79,120,104"/><U103/><E68/><V108/><F108/><W115/><G115/><T100/><D70/><U24/><E119/><V69/><F113/><W71/><G71/><T27/><D6/><U82/><E103/><V98/><F126/><N who="1" m="48137" /><E82/><V60/><F98/><W44/><G120/><N who="1" m="46154" /><E58/><V30/><F30/><W105/><G102/><T86/><D31/><U101/><E101/><V94/><F94/><W21/><G57/><T73/><D132/><U130/><E135/><V1/><REACH who="2" step="1"/><F22/><REACH who="2" ten="240,250,250,250" step="2"/><W134/><G134/><T75/><D99/><U34/><E131/><V66/><F66/><W124/><G124/><T39/><D128/><U23/><E23/><V43/><F43/><W10/><G105/><T133/><D97/><U65/><E65/><V46/><F46/><W84/><G104/><T85/><D41/><U92/><E92/><V111/><F111/><W117/><G117/><T110/><D133/><U114/><E114/><V61/><AGARI ba="0,1" hai="0,1,3,12,15,48,49,50,55,56,60,61,67,69" machi="61" ten="40,2700,0" yaku="1,1,0,1,53,0" doraHai="116" doraHaiUra="76" who="2" fromWho="2" sc="240,-7,250,-13,250,37,250,-7" /><INIT seed="2,0,0,5,2,35" ten="233,237,287,243" oya="2" hai0="61,95,100,82,50,37,53,111,30,8,113,48,42" hai1="1,86,67,7,77,51,18,90,84,89,20,29,99" hai2="91,10,81,72,118,104,41,32,49,17,36,71,52" hai3="56,69,70,54,27,38,128,126,16,116,74,127,92"/><V78/><F118/><W66/><G38/><T132/><D113/><U12/><E67/><V26/><F71/><W133/><G74/><T64/><D132/><U117/><E117/><V55/><F104/><W80/><G66/><T123/><D123/><U0/><E77/><V28/><F36/><W68/><G116/><T101/><D30/><U107/><E29/><V135/><F135/><W39/><G39/><T87/><D111/><U25/><E25/><V14/><REACH who="2" step="1"/><F91/><REACH who="2" ten="233,237,277,243" step="2"/><W11/><G70/><T4/><D37/><U34/><E90/><V125/><F125/><W102/><G69/><T120/><D120/><U65/><E89/><V105/><F105/><W119/><G68/><T57/><D101/><U129/><E107/><V59/><F59/><W108/><G119/><T130/><D100/><U45/><E129/><V121/><F121/><W75/><G128/><T109/><D130/><U62/><E45/><AGARI ba="0,1" hai="10,14,17,26,28,32,41,45,49,52,55,72,78,81" machi="45" ten="40,3900,0" yaku="1,1,54,1,53,0" doraHai="35" doraHaiUra="88" who="2" fromWho="1" sc="233,0,237,-39,277,49,243,0" /><INIT seed="2,1,0,2,5,112" ten="233,198,326,243" oya="2" hai0="7,12,60,83,10,6,100,76,98,64,15,96,68" hai1="52,50,27,16,63,38,125,123,133,8,102,44,43" hai2="88,33,30,31,1,36,40,37,65,61,107,85,67" hai3="99,42,23,32,58,54,109,93,77,110,53,35,62"/><V95/><F107/><W114/><G114/><T135/><D135/><U89/><E133/><V55/><F1/><W106/><G106/><T124/><D124/><U4/><E125/><V21/><F33/><W72/><G42/><T79/><D79/><U45/><E123/><V126/><F126/><W5/><G5/><T103/><D103/><U84/><E102/><V47/><F37/><W86/><G72/><T19/><D100/><U2/><E63/><V81/><F21/><W0/><G0/><T105/><D105/><U24/><REACH who="1" step="1"/><E16/><REACH who="1" ten="233,188,326,243" step="2"/><V130/><F130/><W39/><G62/><T120/><D120/><U57/><E57/><V128/><F128/><W132/><G58/><T91/><D6/><U134/><E134/><V73/><F31/><W28/><G28/><T56/><D56/><U48/><E48/><V26/><F30/><W74/><G132/><T41/><D41/><U34/><E34/><V66/><F26/><W25/><G35/><T18/><D18/><U29/><E29/><V20/><F20/><W104/><G23/><T59/><D59/><U113/><E113/><V127/><F127/><W108/><G25/><T11/><REACH who="0" step="1"/><D91/><REACH who="0" ten="223,188,326,243" step="2"/><U51/><E51/><N who="2" m="29183" /><F40/><W131/><G131/><T80/><D80/><AGARI ba="1,2" hai="2,4,8,24,27,38,43,44,45,50,52,80,84,89" machi="80" ten="30,3900,0" yaku="1,1,7,1,54,1,53,0" doraHai="112" doraHaiUra="121" who="1" fromWho="0" sc="223,-42,188,62,326,0,243,0" /><INIT seed="3,0,0,2,0,119" ten="181,250,326,243" oya="3" hai0="109,133,51,71,132,58,11,16,128,64,20,47,42" hai1="112,30,100,35,121,122,25,106,15,77,3,95,135" hai2="10,117,120,17,91,45,18,34,83,84,78,118,131" hai3="5,73,104,33,54,62,7,27,13,129,67,44,32"/><W98/><G73/><T82/><D109/><U53/><E106/><V93/><F34/><W43/><G54/><T115/><D11/><U0/><E77/><V22/><F131/><W108/><G13/><T52/><D128/><U37/><E37/><V4/><F120/><N who="1" m="46185" /><E95/><V40/><F18/><W72/><G33/><T50/><D115/><U88/><E88/><V79/><F79/><W126/><G72/><T23/><D82/><U107/><E100/><V90/><F90/><W130/><G7/><T89/><D89/><U124/><E107/><V116/><F17/><W114/><G5/><T134/><REACH who="0" step="1"/><D16/><REACH who="0" ten="171,250,326,243" step="2"/><U99/><E112/><V102/><F91/><W76/><G114/><T36/><D36/><U59/><E0/><V6/><F83/><W29/><G129/><T127/><D127/><U70/><E3/><V111/><F78/><W68/><G130/><T103/><D103/><U94/><E15/><V74/><F102/><N who="3" m="62551" /><G76/><T12/><D12/><U21/><E124/><V39/><F39/><N who="3" m="21631" /><G126/><T66/><D66/><U31/><E99/><V38/><F38/><W97/><G97/><T1/><D1/><U101/><E101/><V85/><F117/><W80/><G80/><T125/><D125/><U96/><E96/><V63/><F118/><W8/><G8/><T14/><D14/><U24/><E94/><V86/><F10/><W61/><G108/><T41/><D41/><U105/><E105/><V113/><F116/><W46/><G46/><T2/><D2/><U65/><E65/><V60/><F113/><W123/><G123/><T87/><D87/><U19/><E19/><RYUUKYOKU ba="0,1" sc="171,15,250,-15,326,-15,243,15" hai0="20,23,42,47,50,51,52,58,64,71,132,133,134" hai3="27,29,32,61,62,67,68" /><INIT seed="3,1,1,1,2,43" ten="186,235,311,258" oya="3" hai0="39,21,117,25,77,126,46,34,14,12,41,111,71" hai1="121,90,36,1,107,78,81,85,57,19,33,18,63" hai2="32,116,80,55,113,69,79,115,67,30,66,26,28" hai3="9,82,5,10,27,54,109,94,114,61,49,88,133"/><W50/><G114/><T72/><D117/><U129/><E121/><V8/><F116/><W53/><G133/><T119/><D119/><U16/><E129/><V47/><F30/><W123/><G123/><T17/><D34/><U56/><E1/><V20/><F66/><W96/><G109/><T42/><D111/><U87/><E107/><V62/><F20/><W13/><G61/><T37/><D71/><U91/><E33/><V44/><F8/><W29/><G82/><T45/><D126/><U131/><E131/><V68/><F68/><W48/><REACH who="3" step="1"/><G10/><REACH who="3" ten="186,235,311,248" step="2"/><T84/><D72/><U100/><E63/><V3/><F115/><W105/><G105/><T38/><D39/><U0/><E36/><V11/><F113/><W60/><G60/><T128/><D128/><U101/><E81/><AGARI ba="1,2" hai="12,14,17,21,25,37,38,41,42,45,46,77,81,84" machi="81" ten="40,5200,0" yaku="9,1,52,2" doraHai="43" who="0" fromWho="1" sc="186,75,235,-55,311,0,248,0" /><INIT seed="4,0,0,0,4,101" ten="261,180,311,248" oya="0" hai0="70,20,10,127,21,60,7,71,28,11,16,109,94" hai1="96,82,106,27,51,4,111,23,134,126,87,24,18" hai2="83,110,13,39,98,69,34,63,104,117,112,53,79" hai3="115,12,108,6,73,85,54,43,58,114,113,76,132"/><T103/><D127/><U121/><E111/><V78/><F110/><W36/><G108/><T81/><D109/><U89/><E126/><V25/><F39/><W29/><G29/><T65/><D71/><U74/><E134/><V105/><F117/><W35/><G35/><T131/><D131/><U30/><E121/><V5/><F112/><W77/><G73/><T2/><D81/><U45/><E4/><V0/><F13/><W48/><G132/><T120/><D120/><U59/><E74/><N who="2" m="43479" /><F53/><W68/><G68/><T32/><D32/><U92/><E59/><V107/><F79/><W67/><G67/><T31/><D11/><U72/><E72/><V118/><F98/><W66/><G66/><T37/><D37/><U97/><E106/><V19/><F19/><W33/><G33/><T80/><D80/><U15/><E97/><V44/><F44/><N who="3" m="23655" /><G85/><T22/><REACH who="0" step="1"/><D16/><REACH who="0" ten="251,180,311,248" step="2"/><U93/><E30/><N who="2" m="19791" /><F118/><W119/><G119/><T64/><D64/><U102/><REACH who="1" step="1"/><E82/><REACH who="1" ten="251,170,311,248" step="2"/><V100/><F69/><W90/><G77/><T55/><D55/><AGARI ba="0,2" hai="15,18,23,24,27,45,51,55,87,89,92,93,96,102" machi="55" ten="30,7700,0" yaku="1,1,2,1,7,1,8,1,53,0" doraHai="101" doraHaiUra="122" who="1" fromWho="0" sc="251,-77,170,97,311,0,248,0" /><INIT seed="5,0,0,5,0,35" ten="174,267,311,248" oya="1" hai0="124,62,45,93,119,77,100,10,102,90,114,59,87" hai1="16,36,111,78,9,39,122,20,94,7,80,103,57" hai2="128,48,30,121,81,58,76,132,127,118,72,33,133" hai3="24,11,46,8,126,101,15,65,17,129,22,42,38"/><U0/><E122/><V105/><F121/><W60/><G126/><T44/><D119/><U96/><E57/><V106/><F118/><W6/><G129/><T1/><D114/><U68/><E68/><V64/><F128/><W27/><G101/><T41/><D124/><U37/><E111/><V4/><F127/><W53/><G53/><T123/><D123/><U18/><REACH who="1" step="1"/><E20/><REACH who="1" ten="174,257,311,248" step="2"/><V21/><F21/><W99/><G11/><T83/><D45/><U63/><E63/><V130/><F130/><W61/><G61/><T12/><D59/><U82/><E82/><V5/><F58/><W125/><G125/><T70/><D62/><U112/><E112/><V131/><F131/><W75/><G60/><T88/><D70/><U47/><E47/><V28/><F64/><W31/><G65/><T49/><D1/><U51/><E51/><V134/><F48/><W109/><G109/><T19/><REACH who="0" step="1"/><D90/><REACH who="0" ten="164,257,311,248" step="2"/><U95/><E95/><V84/><F133/><W104/><G46/><T98/><AGARI ba="0,2" hai="10,12,19,41,44,49,77,83,87,88,93,98,100,102" machi="98" ten="20,12000,2" yaku="1,1,2,1,0,1,7,1,8,1,54,1,53,0" doraHai="35" doraHaiUra="108" who="0" fromWho="0" sc="164,140,257,-60,311,-30,248,-30" /><INIT seed="6,0,0,1,5,82" ten="304,197,281,218" oya="2" hai0="111,9,34,110,29,116,60,88,108,119,20,53,115" hai1="7,62,66,14,120,5,101,131,132,67,39,109,86" hai2="35,65,36,48,95,126,117,41,54,64,1,55,59" hai3="77,21,12,38,89,70,52,76,43,99,78,6,30"/><V31/><F1/><W51/><G70/><T112/><D34/><U74/><E74/><V24/><F117/><N who="0" m="45130" /><D9/><U128/><E109/><V15/><F126/><W22/><G43/><T73/><D73/><U27/><E120/><V44/><F15/><W26/><G38/><T47/><D88/><U100/><E39/><V103/><F103/><N who="1" m="39497" /><E27/><V2/><F2/><W19/><G6/><N who="1" m="2058" /><E14/><V3/><F3/><W129/><G129/><N who="1" m="49738" /><E132/><V69/><F95/><N who="3" m="56815" /><G78/><T90/><D90/><U13/><E13/><V58/><REACH who="2" step="1"/><F69/><REACH who="2" ten="304,197,271,218" step="2"/><W91/><G91/><T83/><D111/><U93/><E62/><AGARI ba="0,1" hai="24,31,35,36,41,44,48,54,55,58,59,62,64,65" machi="62" ten="30,5800,0" yaku="1,1,2,1,7,1,53,0" doraHai="82" doraHaiUra="130" who="2" fromWho="1" sc="304,0,197,-58,271,68,218,0" /><INIT seed="6,1,0,5,5,108" ten="304,139,339,218" oya="2" hai0="118,19,80,1,59,81,115,75,99,89,91,135,121" hai1="33,24,65,10,132,55,133,54,67,90,68,52,18" hai2="12,30,73,76,111,113,57,2,11,88,28,66,5" hai3="48,60,95,15,39,92,125,41,94,96,70,71,69"/><V129/><F111/><W44/><G125/><T27/><D1/><U61/><E90/><V46/><F73/><W131/><G131/><T79/><D121/><U83/><E83/><V53/><F76/><W106/><G106/><T72/><D59/><U34/><E67/><V31/><F129/><W4/><G4/><T25/><D19/><U86/><E86/><V84/><F113/><W37/><G15/><T102/><D25/><U97/><E97/><V112/><F112/><W128/><G128/><T78/><D27/><U49/><E49/><V47/><F66/><W93/><REACH who="3" step="1"/><G60/><REACH who="3" ten="304,139,339,208" step="2"/><T17/><D115/><U51/><E51/><N who="2" m="30911" /><F2/><W64/><G64/><T56/><D118/><U122/><E122/><V7/><F7/><W0/><G0/><T100/><D135/><N who="1" m="51787" /><E24/><V114/><F114/><W40/><G40/><T29/><D72/><U98/><E98/><V119/><F119/><W26/><G26/><T50/><D99/><U120/><E120/><V124/><F124/><W9/><G9/><T104/><D75/><U38/><E38/><V43/><F43/><W82/><G82/><AGARI ba="1,1" hai="5,11,12,28,30,31,46,47,82,84,88" m="30911" machi="82" ten="30,2900,0" yaku="8,1,54,1" doraHai="108" who="2" fromWho="3" sc="304,0,139,0,339,42,208,-32" /><INIT seed="6,2,0,4,3,67" ten="304,139,381,176" oya="2" hai0="132,110,112,42,19,5,46,2,122,64,118,63,57" hai1="84,53,91,16,12,93,6,18,88,28,129,66,75" hai2="86,11,104,95,79,69,23,59,81,30,14,114,108" hai3="83,55,32,123,82,115,78,119,48,33,54,47,65"/><V3/><F104/><W71/><G123/><T40/><D5/><U44/><E75/><V89/><F3/><W130/><G119/><T107/><D2/><U15/><E129/><V113/><F59/><W49/><G130/><T72/><D107/><U25/><E66/><V77/><F108/><W121/><G121/><T70/><D72/><U8/><E15/><V21/><F69/><W17/><G115/><N who="2" m="44041" /><F30/><W58/><G82/><T99/><D99/><U1/><E1/><V109/><F109/><W26/><G26/><T74/><D74/><U135/><E135/><V36/><F36/><W87/><REACH who="3" step="1"/><G17/><REACH who="3" ten="304,139,381,166" step="2"/><T29/><D19/><U125/><E125/><V27/><F27/><W60/><AGARI ba="2,1" hai="32,33,47,48,49,54,55,58,60,65,71,78,83,87" machi="60" ten="30,7900,0" yaku="1,1,2,1,0,1,52,1,53,0" doraHai="67" doraHaiUra="133" who="3" fromWho="3" sc="304,-22,139,-22,381,-41,166,95" /><INIT seed="7,0,0,0,0,129" ten="282,117,340,261" oya="3" hai0="96,87,1,17,65,0,113,27,42,122,94,77,106" hai1="67,66,98,24,39,109,14,127,33,95,47,93,108" hai2="103,71,37,123,12,89,5,112,70,46,48,55,34" hai3="85,119,58,105,6,44,22,76,116,104,81,78,124"/><W16/><G124/><T31/><D122/><U74/><E14/><V7/><F12/><W80/><G6/><T60/><D106/><U54/><E98/><V25/><F37/><W15/><G104/><T79/><D42/><U19/><E54/><V57/><F103/><W32/><G105/><T86/><D113/><U49/><E49/><V110/><F110/><W69/><G32/><T131/><D131/><U62/><E62/><V8/><F112/><W63/><G69/><T133/><D133/><U30/><E24/><V26/><F123/><W38/><G38/><T3/><D17/><U120/><E39/><V90/><F70/><W43/><G43/><T126/><D126/><U114/><E127/><V84/><F71/><W61/><G44/><T20/><D79/><U59/><E114/><V101/><F101/><W41/><G41/><T130/><D77/><U68/><E68/><V64/><F34/><W118/><REACH who="3" step="1"/><G58/><REACH who="3" ten="282,117,340,251" step="2"/><N who="0" m="37015" /><D130/><U2/><E59/><V100/><F5/><W121/><G121/><T134/><D0/><U52/><E120/><V99/><F57/><W115/><G115/><T11/><D1/><U73/><E2/><V53/><F46/><W9/><G9/><T111/><D11/><U40/><E47/><V23/><F8/><W51/><G51/><T4/><D4/><U82/><E40/><V28/><F7/><W91/><G91/><N who="0" m="55391" /><D3/><U13/><E33/><V83/><F48/><W128/><G128/><T45/><D111/><U107/><E107/><V18/><F89/><W36/><G36/><T10/><D45/><U135/><E109/><V75/><F90/><RYUUKYOKU ba="0,1" sc="282,-10,117,-10,340,-10,251,30" hai3="15,16,22,61,63,76,78,80,81,85,116,118,119" /><INIT seed="7,1,1,0,5,120" ten="272,107,330,281" oya="3" hai0="130,77,22,13,111,133,126,90,49,68,2,17,97" hai1="79,52,83,15,19,44,24,0,107,43,101,29,99" hai2="23,6,39,88,34,32,40,117,9,125,71,119,87" hai3="96,64,31,61,114,12,100,134,50,93,110,106,14"/><W4/><G134/><T92/><D111/><U115/><E115/><V55/><F71/><W132/><G132/><T76/><D68/><U91/><E19/><V37/><F23/><W7/><G110/><T81/><D2/><U95/><E15/><N who="3" m="5674" /><G106/><T128/><D133/><U60/><E0/><V42/><F9/><W3/><G3/><T53/><D126/><U28/><E24/><V36/><F6/><N who="3" m="2091" /><G114/><T82/><D77/><U56/><E44/><V20/><F20/><W98/><G98/><T103/><D103/><U86/><REACH who="1" step="1"/><E43/><REACH who="1" ten="272,97,330,281" step="2"/><V72/><F40/><W51/><G31/><T109/><D109/><U84/><AGARI ba="1,2" hai="28,29,52,56,60,79,83,84,86,91,95,99,101,107" machi="84" ten="20,12000,2" yaku="1,1,2,1,0,1,7,1,54,1,53,1" doraHai="120" doraHaiUra="94" who="1" fromWho="1" sc="272,-31,97,143,330,-31,281,-61" /><INIT seed="8,0,0,5,0,126" ten="241,240,299,220" oya="0" hai0="36,68,49,47,23,0,82,35,118,128,99,42,101" hai1="62,64,53,41,130,129,61,29,125,11,56,120,6" hai2="124,13,75,76,81,1,89,112,51,69,90,52,60" hai3="43,96,37,12,97,25,110,48,80,114,55,21,84"/><T57/><D35/><U71/><E120/><V73/><F1/><W19/><G110/><T58/><D0/><N who="1" m="455" /><E29/><V119/><F112/><W2/><G114/><T38/><D118/><U54/><E54/><V133/><F124/><W95/><G2/><T102/><D68/><U5/><E5/><V104/><F104/><W3/><G3/><T127/><D127/><U44/><E125/><V107/><F107/><W65/><G65/><T14/><D82/><U31/><E31/><V17/><F75/><W30/><G43/><T85/><D85/><U109/><E61/><V106/><F106/><W10/><G37/><T92/><D102/><U135/><E135/><V63/><F133/><W86/><G86/><T59/><REACH who="0" step="1"/><D128/><REACH who="0" ten="231,240,299,220" step="2"/><U78/><E71/><V105/><F119/><W46/><G95/><T70/><D70/><U9/><E130/><V77/><F69/><W67/><G67/><T15/><D15/><U131/><E64/><V121/><F13/><W18/><G30/><T87/><D87/><U117/><E117/><V66/><F81/><W134/><G134/><T74/><D74/><U111/><E131/><V32/><F73/><W83/><G83/><T113/><D113/><U116/><E129/><V122/><F66/><W33/><G33/><T24/><D24/><U34/><E116/><V93/><F32/><W98/><G98/><T91/><D91/><AGARI ba="0,1" hai="10,12,18,19,21,25,46,48,55,80,84,91,96,97" machi="91" ten="30,7700,0" yaku="7,1,25,2,8,1" doraHai="126" who="3" fromWho="0" sc="231,-77,240,0,299,0,220,87" owari="154,-35.0,240,-16.0,299,10.0,307,41.0" /></mjloggm>