<mjloggm ver="2.3"><GO type="41" lobby="0"/><UN n0="%E3%81%A4%E3%81%8B%E3%82%93%E3%81%BD%E3%81%8F%E3%82%93" n1="%74%6F%6F%73%68%69%72%6F" n2="%E4%B8%AD%E5%87%BA%E5%BD%B9%E6%BB%BF%E5%A8%98%E5%A4%A7%E5%A5%BD%E3%81%8D" n3="%E5%B0%B1%E6%B4%BB%E7%94%9F%40%E5%B7%9D%E6%9D%91%E8%BB%8D%E5%9B%A3" dan="15,15,14,15" rate="2001.54,1967.87,1852.61,1967.62" sx="M,M,M,M"/><TAIKYOKU oya="0"/><INIT seed="0,0,0,4,5,92" ten="250,250,250,250" oya="0" hai0="111,32,98,110,88,41,69,135,95,128,35,23,97" hai1="47,86,39,18,89,1,99,121,26,44,17,107,120" hai2="50,25,0,122,64,14,96,112,70,53,31,117,21" hai3="118,75,102,80,87,113,4,77,125,43,126,51,42"/><T84/><D69/><U37/><E86/><V65/><F112/><W134/><G118/><T8/><D8/><U93/><E93/><V36/><F122/><W40/><G113/><T62/><D62/><U103/><E103/><V66/><F36/><W7/><G134/><T130/><D135/><U71/><E26/><V83/><F70/><W58/><G102/><T76/><D41/><U127/><E89/><V16/><F0/><W19/><G75/><T56/><D56/><U15/><E107/><V60/><F117/><W55/><REACH who="3" step="1"/><G19/><REACH who="3" ten="250,250,250,240" step="2"/><T82/><D130/><U10/><E121/><V28/><F28/><W52/><G52/><T38/><D128/><U29/><E120/><V129/><F129/><W68/><G68/><T34/><D38/><U45/><E71/><V3/><F60/><W114/><G114/><T81/><D23/><U74/><E74/><V106/><F3/><W33/><G33/><T12/><D12/><U91/><E1/><V5/><F5/><AGARI ba="0,1" hai="4,5,7,40,42,43,51,55,58,77,80,87,125,126" machi="5" ten="40,1300,0" yaku="1,1,53,0" doraHai="92" doraHaiUra="105" who="3" fromWho="2" sc="250,0,250,0,250,-13,240,23" /><INIT seed="1,0,0,3,0,69" ten="250,250,237,263" oya="1" hai0="61,89,27,58,34,93,83,111,92,84,4,78,63" hai1="24,13,100,38,80,20,76,116,86,39,68,102,120" hai2="33,101,36,35,70,62,55,26,17,94,129,90,53" hai3="11,50,82,112,79,44,87,41,6,133,107,7,65"/><U114/><E68/><V135/><F101/><W126/><G107/><T32/><D4/><U48/><E116/><V40/><F129/><W127/><G112/><T14/><D111/><U115/><E120/><V132/><F35/><W124/><G133/><N who="2" m="51273" /><F62/><W49/><G65/><T9/><D93/><U47/><E115/><V10/><F70/><W119/><G119/><T29/><D58/><U1/><E1/><V45/><F10/><W60/><G60/><T109/><D109/><U67/><E67/><V12/><F33/><W98/><G98/><T16/><REACH who="0" step="1"/><D32/><REACH who="0" ten="240,250,237,263" step="2"/><U23/><E114/><V2/><F2/><W30/><G6/><T46/><D46/><U122/><E47/><V99/><F12/><W57/><G57/><T106/><D106/><U59/><E59/><V37/><F26/><W125/><G125/><T91/><D91/><U108/><E108/><V75/><F17/><W131/><G131/><T21/><D21/><U105/><E105/><V8/><F8/><W128/><G128/><T97/><AGARI ba="0,1" hai="9,14,16,27,29,34,61,63,78,83,84,89,92,97" machi="97" ten="20,8000,1" yaku="1,1,0,1,7,1,54,1,53,1" doraHai="69" doraHaiUra="22" who="0" fromWho="0" sc="240,90,250,-40,237,-20,263,-20" /><INIT seed="2,0,0,4,3,97" ten="330,210,217,243" oya="2" hai0="27,0,29,78,114,44,103,108,50,45,1,121,104" hai1="123,102,30,11,130,119,99,120,131,35,6,10,90" hai2="59,70,88,89,7,24,48,28,75,100,38,110,80" hai3="66,41,8,42,96,12,47,49,134,77,9,113,69"/><V54/><F70/><W116/><G116/><T21/><D121/><N who="1" m="46667" /><E119/><V40/><F7/><W55/><G134/><T112/><D78/><U37/><E37/><V34/><F110/><W22/><G113/><T53/><D108/><U4/><E90/><V57/><F57/><W2/><G2/><T135/><D135/><U23/><E23/><V31/><F31/><W129/><G129/><N who="1" m="49162" /><E30/><V98/><F80/><W60/><G77/><T62/><D62/><U73/><E73/><V84/><F75/><W56/><G96/><T105/><D105/><N who="1" m="63711" /><E35/><V107/><REACH who="2" step="1"/><F84/><REACH who="2" ten="330,210,207,243" step="2"/><W81/><G81/><T20/><D29/><U14/><E11/><V39/><F39/><W125/><G9/><T72/><D72/><U68/><E68/><V94/><F94/><W128/><G128/><T18/><D114/><U71/><E71/><V82/><F82/><W33/><G33/><T15/><D112/><U106/><E106/><V87/><F87/><W65/><G22/><T61/><D20/><U109/><E109/><V26/><F26/><W92/><G92/><T32/><D32/><U122/><E122/><V74/><F74/><W63/><G125/><T67/><D27/><U76/><E76/><V52/><F52/><W64/><G64/><T46/><D104/><U17/><AGARI ba="0,1" hai="4,6,10,14,17" m="63711,49162,46667" machi="17" ten="30,4000,0" yaku="13,1,19,1,52,1" doraHai="97" who="1" fromWho="1" sc="330,-10,210,50,207,-20,243,-10" /><INIT seed="3,0,0,0,1,110" ten="320,260,187,233" oya="3" hai0="30,1,100,36,135,61,3,90,48,39,50,101,46" hai1="14,116,74,24,89,6,93,2,114,86,7,53,68" hai2="119,40,23,0,107,125,51,87,59,65,28,69,41" hai3="113,37,120,133,117,44,106,17,111,60,10,109,70"/><W123/><G106/><T25/><D135/><U108/><E74/><V34/><F119/><W81/><G117/><T84/><D61/><U47/><E68/><V56/><F107/><W33/><G33/><T103/><D48/><U15/><E2/><V131/><F0/><W79/><G133/><T19/><D19/><U127/><E108/><N who="3" m="41546" /><G10/><T82/><D1/><U112/><E116/><V130/><F34/><W77/><G17/><T118/><D3/><U122/><E122/><N who="3" m="46634" /><G113/><T105/><D105/><U78/><E24/><V94/><F94/><W11/><G11/><T121/><D121/><U71/><E15/><V9/><F9/><W129/><G129/><N who="2" m="49161" /><F87/><W85/><G77/><T32/><REACH who="0" step="1"/><D118/><REACH who="0" ten="310,260,187,233" step="2"/><U134/><E7/><V31/><F31/><W92/><G60/><T102/><N who="0" m="26112" /><DORA hai="42" /><T43/><AGARI ba="0,1" hai="25,30,32,36,39,43,46,50,82,84,90" m="26112" machi="43" ten="40,8000,1" yaku="1,1,4,1,0,1,52,1,53,0" doraHai="110,42" doraHaiUra="12,132" who="0" fromWho="0" sc="310,90,260,-20,187,-20,233,-40" /><INIT seed="4,0,0,2,0,124" ten="400,240,167,193" oya="0" hai0="45,94,7,42,64,13,129,110,21,62,75,92,89" hai1="61,40,15,122,17,133,30,58,113,88,83,104,47" hai2="25,36,134,116,29,108,103,81,49,51,60,128,6" hai3="105,1,69,41,71,10,66,65,53,0,5,85,119"/><T12/><D75/><U20/><E104/><V32/><F108/><W117/><G105/><T54/><D110/><U111/><E133/><V114/><F134/><W34/><G34/><T86/><D7/><U16/><E122/><V9/><F36/><W76/><G76/><T131/><D92/><U132/><E113/><V95/><F114/><W23/><G23/><T99/><D86/><N who="1" m="50271" /><E132/><V73/><F128/><N who="0" m="49226" /><D54/><U39/><E39/><V115/><F115/><W63/><G85/><T50/><D21/><U120/><E120/><V101/><F116/><W26/><G53/><T93/><D94/><U97/><E111/><V68/><F73/><W59/><G1/><T27/><D27/><U2/><E2/><V79/><F95/><W87/><G87/><T107/><D107/><U8/><E20/><V70/><F81/><W38/><G26/><T4/><D4/><U24/><E24/><V90/><F79/><W3/><G3/><T37/><D37/><U112/><E112/><V118/><F118/><W56/><G117/><T98/><D98/><U52/><E97/><V72/><F72/><W48/><G119/><T106/><D106/><U123/><E123/><V77/><F77/><W102/><G38/><T14/><D12/><U84/><E84/><V18/><F90/><W130/><G130/><T91/><D89/><U57/><E15/><V78/><F78/><W100/><G5/><T126/><D126/><U19/><E52/><V22/><F101/><N who="3" m="39019" /><G0/><T121/><D121/><U109/><E109/><V80/><F80/><W28/><G10/><T11/><D11/><U67/><E8/><RYUUKYOKU ba="0,0" sc="400,30,240,-10,167,-10,193,-10" hai0="13,14,42,45,50,62,64,91,93,99" /><INIT seed="4,1,0,0,2,4" ten="430,230,157,183" oya="0" hai0="32,78,127,52,117,31,48,17,86,80,83,124,46" hai1="12,135,61,67,128,73,123,110,103,54,120,71,91" hai2="28,82,44,101,70,3,111,112,122,51,16,36,113" hai3="96,129,109,1,99,25,21,59,62,35,104,87,26"/><T43/><D117/><U47/><E73/><V90/><F111/><W88/><G109/><T94/><D17/><U121/><E110/><V92/><F122/><W68/><G68/><T22/><D32/><U102/><E135/><V131/><F3/><W106/><G1/><T14/><D43/><U40/><E54/><V58/><F70/><W9/><G129/><T23/><D83/><U84/><E12/><V42/><F131/><W50/><G35/><T6/><D94/><U56/><E71/><V41/><F28/><W19/><G104/><T81/><D81/><U5/><E5/><V98/><F42/><W119/><G106/><T95/><D95/><U15/><E15/><V0/><F0/><W105/><G105/><T49/><D49/><U8/><E8/><V7/><F7/><W37/><G37/><T45/><D45/><U53/><E53/><V57/><F51/><W118/><G9/><N who="0" m="4407" /><D31/><U10/><E10/><V27/><F82/><N who="3" m="49271" /><G118/><T33/><D33/><U125/><E128/><V114/><F101/><W74/><G74/><T30/><D30/><U134/><E120/><V38/><F38/><W39/><G39/><T18/><D18/><U66/><E103/><V64/><F64/><N who="3" m="39007" /><G119/><T13/><D13/><U11/><E102/><V2/><F2/><W29/><G50/><T79/><D78/><U69/><E123/><V130/><F130/><W60/><G60/><T24/><D24/><N who="3" m="9321" /><G29/><T133/><D133/><U65/><E134/><V89/><F89/><W72/><G72/><T116/><D116/><U108/><E121/><V63/><F63/><W85/><G85/><RYUUKYOKU ba="1,0" sc="430,10,230,-30,157,10,183,10" hai0="22,23,46,48,52,79,80,86,124,127" hai2="16,27,36,41,44,57,58,90,92,98,112,113,114" hai3="19,21,96,99" /><INIT seed="4,2,0,5,0,105" ten="440,200,167,193" oya="0" hai0="88,2,132,26,21,33,102,108,98,9,44,93,131" hai1="41,11,101,119,15,53,0,123,120,73,38,104,128" hai2="126,42,67,59,86,91,37,5,130,96,6,106,14" hai3="22,129,55,76,127,35,46,114,121,61,94,54,64"/><T51/><D33/><U134/><E0/><V80/><F130/><W118/><G35/><T70/><D70/><U112/><E119/><V81/><F126/><W48/><G118/><T13/><D131/><U28/><E134/><V97/><F42/><W65/><G129/><T66/><D132/><U72/><E128/><V27/><F37/><W60/><G121/><T58/><D2/><U100/><E28/><V20/><F106/><W89/><G114/><T78/><D78/><U63/><E112/><V69/><F69/><W99/><G76/><T30/><D108/><U103/><E104/><V29/><F80/><W115/><G115/><T109/><D109/><U56/><E123/><V34/><F34/><W135/><G135/><T12/><D9/><U23/><E23/><V107/><F107/><W113/><G113/><T83/><D44/><U50/><E38/><V87/><F87/><W95/><G127/><T79/><D51/><U71/><E120/><V92/><F97/><W68/><G22/><T31/><D31/><U85/><E85/><V124/><F14/><W116/><G116/><T117/><D117/><U16/><REACH who="1" step="1"/><E41/><REACH who="1" ten="440,190,167,193" step="2"/><V19/><F124/><W74/><G74/><T133/><D133/><U82/><E82/><V36/><F36/><W1/><G1/><T18/><D30/><U49/><E49/><V90/><F29/><W45/><G94/><T111/><D111/><U3/><E3/><V62/><AGARI ba="2,1" hai="5,6,19,20,27,59,62,67,81,86,90,91,92,96" machi="62" ten="30,2000,0" yaku="0,1,8,1" doraHai="105" who="2" fromWho="2" sc="440,-12,190,-7,167,36,193,-7" /><INIT seed="5,0,0,5,2,8" ten="428,183,203,186" oya="1" hai0="25,69,36,131,114,103,132,95,24,133,66,34,9" hai1="3,117,19,91,5,10,87,21,33,22,1,84,83" hai2="23,135,6,76,4,110,93,122,74,26,100,107,15" hai3="17,115,62,35,119,124,90,61,121,18,112,38,99"/><U106/><E106/><V41/><F110/><W37/><G121/><T32/><D36/><N who="3" m="13929" /><G35/><N who="0" m="13355" /><D9/><U70/><E70/><V59/><F122/><W31/><G31/><T64/><D131/><U67/><E67/><N who="0" m="25641" /><D69/><U51/><E33/><V45/><F107/><W118/><G99/><T60/><D60/><N who="3" m="23145" /><G90/><T98/><D114/><N who="3" m="43561" /><G124/><T48/><D48/><U79/><E51/><V71/><F71/><W128/><G128/><T96/><D96/><U88/><E117/><AGARI ba="0,0" hai="17,18,117,118,119" m="43561,23145,13929" machi="117" ten="40,8000,1" yaku="28,2,12,1,15,1" doraHai="8" who="3" fromWho="1" sc="428,0,183,-80,203,0,186,80" /><INIT seed="6,0,0,5,0,114" ten="428,103,203,266" oya="2" hai0="6,62,55,4,43,8,2,10,88,121,52,13,22" hai1="53,82,102,32,40,96,107,123,23,21,26,19,124" hai2="61,132,46,3,11,122,101,5,37,113,74,1,95" hai3="129,24,93,58,49,63,109,39,97,92,108,20,134"/><V12/><F122/><W87/><G39/><T9/><D121/><U105/><E123/><V27/><F113/><W57/><G129/><T35/><D35/><U44/><E124/><V54/><F132/><W31/><G134/><T98/><D43/><U17/><E32/><V42/><F74/><W79/><G49/><T89/><D22/><U30/><E53/><V84/><F27/><W119/><G119/><T72/><D72/><U91/><E107/><V50/><F61/><W66/><G57/><T28/><D28/><U90/><E82/><V45/><REACH who="2" step="1"/><F84/><REACH who="2" ten="428,103,193,266" step="2"/><W83/><G93/><N who="0" m="56615" /><D62/><U85/><E85/><V60/><F60/><W104/><G104/><T69/><D69/><U128/><E128/><V59/><F59/><W41/><G108/><T68/><D68/><U64/><E64/><V38/><F38/><W131/><G109/><T70/><D70/><U111/><E111/><V78/><F78/><W18/><G131/><T130/><D130/><U65/><E65/><V117/><F117/><W71/><G71/><T75/><D75/><U36/><REACH who="1" step="1"/><E30/><REACH who="1" ten="428,93,193,266" step="2"/><V14/><F14/><AGARI ba="0,2" hai="14,17,19,21,23,26,36,40,44,90,91,96,102,105" machi="14" ten="30,3900,0" yaku="1,1,2,1,7,1,53,0" doraHai="114" doraHaiUra="106" who="1" fromWho="2" sc="428,0,93,59,193,-39,266,0" /><INIT seed="7,0,0,4,1,59" ten="428,152,154,266" oya="3" hai0="54,29,134,17,65,52,22,2,38,50,120,106,116" hai1="48,72,46,127,61,76,5,105,129,31,135,56,74" hai2="114,102,87,126,73,14,10,124,66,86,62,132,36" hai3="90,67,89,117,104,16,34,123,27,122,6,24,42"/><W51/><G104/><T108/><D38/><U64/><E105/><V118/><F36/><W40/><G117/><T78/><D106/><U43/><E76/><V100/><F118/><W75/><G75/><T88/><D2/><U112/><E112/><V12/><F73/><W19/><G6/><T21/><D116/><U13/><E135/><V11/><F66/><W45/><G67/><T109/><D134/><U20/><E129/><V0/><F132/><W71/><G71/><T92/><D120/><U1/><E127/><V80/><F80/><W23/><G40/><T81/><D65/><U37/><E1/><V25/><F0/><W26/><G34/><T9/><D109/><U99/><E99/><V85/><F85/><W130/><G130/><T69/><D108/><U98/><E98/><V39/><F39/><W28/><G28/><T30/><D69/><N who="1" m="42127" /><E5/><V55/><F55/><W128/><G128/><T115/><D54/><N who="1" m="31815" /><E13/><V77/><F77/><W70/><G70/><T131/><D50/><U119/><E119/><V113/><F25/><AGARI ba="0,0" hai="20,25,31,37,43,46,72,74" m="31815,42127" machi="25" ten="30,2000,0" yaku="24,1,52,1" doraHai="59" who="1" fromWho="2" sc="428,0,152,20,154,-20,266,0" owari="428,53.0,172,-23.0,134,-37.0,266,7.0" /></mjloggm>