<mjloggm ver="2.3"><GO type="169" lobby="0"/><UN n0="%64%61%72%74%65%72" n1="%E3%82%A6%E3%83%AB%E3%83%88%E3%83%A9%E7%AB%8B%E7%9B%B4" n2="%E3%83%8D%E3%83%BC%E3%83%A0%E3%83%AC%E3%82%B9%EF%BC%97" n3="%4E%75%74%61%37%39" dan="16,16,18,17" rate="2066.50,2117.16,2205.09,2173.86" sx="M,M,M,M"/><TAIKYOKU oya="0"/><INIT seed="0,0,0,2,0,31" ten="250,250,250,250" oya="0" hai0="72,68,99,135,91,4,23,126,30,125,5,87,28" hai1="103,12,33,85,35,80,2,15,17,133,62,102,127" hai2="11,25,104,83,117,116,134,76,34,58,73,132,20" hai3="3,74,27,88,130,22,106,50,112,60,120,123,26"/><T52/><D72/><U57/><E2/><V65/><F104/><W13/><G74/><T113/><D113/><U67/><E127/><N who="0" m="48649" /><D68/><U41/><E133/><N who="2" m="51307" /><F11/><W51/><G3/><T131/><D135/><U8/><E41/><V128/><F128/><W108/><G106/><T48/><D131/><U111/><E111/><V69/><F69/><W36/><G36/><T95/><D87/><U10/><E103/><V82/><F82/><W55/><G112/><T37/><D37/><U115/><E102/><V42/><F42/><W16/><G130/><T56/><D23/><U40/><E40/><V32/><F65/><W24/><G108/><T97/><D97/><U77/><REACH who="1" step="1"/><E115/><REACH who="1" ten="250,240,250,250" step="2"/><V44/><F117/><W109/><G109/><T49/><D49/><U110/><E110/><V14/><F116/><W98/><G60/><T81/><D81/><U70/><E70/><V29/><F83/><W63/><G63/><T79/><D79/><U105/><E105/><V114/><F76/><W101/><G101/><T59/><D48/><U18/><AGARI ba="0,1" hai="8,10,12,15,17,18,33,35,57,62,67,77,80,85" machi="18" ten="20,12000,2" yaku="1,1,0,1,7,1,9,1,52,2,53,0" doraHai="31" doraHaiUra="93" who="1" fromWho="1" sc="250,-60,240,130,250,-30,250,-30" /><INIT seed="1,0,0,2,1,88" ten="190,370,220,220" oya="1" hai0="76,7,31,80,28,19,90,93,58,8,125,86,66" hai1="12,94,89,96,121,32,100,95,54,34,122,81,117" hai2="92,79,56,21,112,49,84,74,101,24,128,33,61" hai3="50,105,126,127,67,68,52,104,111,62,13,3,6"/><U75/><E117/><V1/><F1/><W55/><G111/><T83/><D125/><N who="3" m="47625" /><G3/><T2/><D19/><U82/><E34/><V132/><F33/><W30/><G30/><T115/><D115/><U23/><E32/><V44/><F112/><W46/><G55/><T0/><D0/><U69/><E69/><V59/><F74/><W53/><G53/><T42/><D42/><U48/><E75/><V14/><F132/><W97/><G97/><T98/><REACH who="0" step="1"/><D80/><REACH who="0" ten="180,370,220,220" step="2"/><U130/><E82/><V9/><F128/><W35/><G35/><T103/><D103/><U45/><E81/><V36/><F101/><W87/><G87/><T17/><D17/><U26/><E130/><V70/><F84/><W91/><G91/><T110/><D110/><U5/><E5/><V37/><F79/><W20/><G6/><T71/><D71/><U119/><E119/><V18/><F70/><W16/><AGARI ba="0,1" hai="13,16,20,46,50,52,62,67,68,104,105" m="47625" machi="16" ten="30,4000,0" yaku="18,1,54,2" doraHai="88" who="3" fromWho="3" sc="180,-10,370,-20,220,-10,220,50" /><INIT seed="2,0,0,4,4,124" ten="170,350,210,270" oya="2" hai0="94,41,7,127,50,27,103,48,62,24,120,134,21" hai1="44,84,19,123,45,101,59,28,79,78,128,14,29" hai2="64,68,36,33,49,2,42,83,57,38,23,71,58" hai3="107,22,117,97,75,119,105,53,122,76,5,25,72"/><V66/><F33/><W12/><G122/><T69/><D120/><U102/><E59/><N who="2" m="22539" /><F2/><W13/><G53/><T111/><D127/><U118/><E123/><V8/><F8/><W121/><G121/><T0/><D0/><U43/><E14/><V15/><F23/><W135/><G5/><T40/><D7/><U4/><E19/><V54/><F83/><W39/><G39/><N who="2" m="14889" /><F15/><W113/><G97/><T67/><D27/><U85/><E4/><V35/><F35/><W18/><G76/><T34/><D34/><U131/><REACH who="1" step="1"/><E43/><REACH who="1" ten="170,340,210,270" step="2"/><V112/><F42/><W6/><G6/><T56/><D40/><U114/><E114/><V130/><F112/><W125/><G113/><T31/><D41/><U129/><E129/><V89/><F130/><W109/><G125/><T81/><D69/><N who="2" m="26698" /><F89/><W116/><G18/><T47/><D31/><U3/><E3/><V32/><F32/><W65/><G12/><T74/><D21/><U46/><E46/><AGARI ba="0,1" hai="46,49,54,64,66" m="26698,14889,22539" machi="46" ten="30,12000,1" yaku="35,5" doraHai="124" who="2" fromWho="1" sc="170,0,340,-120,210,130,270,0" /><INIT seed="2,1,0,1,1,24" ten="170,220,340,270" oya="2" hai0="86,20,51,19,56,60,117,34,84,88,48,129,53" hai1="64,46,15,123,75,73,97,26,103,108,1,28,45" hai2="23,125,36,30,47,118,0,89,38,42,52,14,106" hai3="66,32,61,69,57,4,111,107,133,115,102,77,134"/><V17/><F118/><W109/><G4/><T128/><D117/><U7/><E1/><V116/><F116/><W21/><G115/><T74/><D74/><U94/><E123/><V114/><F114/><W100/><G77/><T25/><D86/><U80/><E108/><N who="3" m="41546" /><G21/><T131/><REACH who="0" step="1"/><D34/><REACH who="0" ten="160,220,340,270" step="2"/><U55/><E75/><V99/><F125/><W10/><G32/><T132/><D132/><U68/><E73/><V83/><F0/><W121/><G121/><T39/><D39/><U2/><E80/><AGARI ba="1,1" hai="19,20,25,48,51,53,56,60,80,84,88,128,129,131" machi="80" ten="40,5200,0" yaku="1,1,19,1,54,1,53,0" doraHai="24" doraHaiUra="96" who="0" fromWho="1" sc="160,65,220,-55,340,0,270,0" /><INIT seed="3,0,0,1,3,38" ten="225,165,340,270" oya="3" hai0="119,30,9,13,51,134,50,121,88,106,117,97,105" hai1="5,59,54,126,114,91,43,41,74,92,34,29,62" hai2="94,123,120,20,21,60,61,69,71,82,28,65,87" hai3="85,76,14,33,27,115,131,16,108,133,44,10,111"/><W130/><G115/><T46/><D121/><N who="2" m="46666" /><F94/><W7/><G133/><T55/><D134/><U8/><E74/><V70/><F28/><N who="3" m="19615" /><G44/><T116/><D30/><U77/><E77/><N who="2" m="46543" /><F61/><W78/><G85/><T107/><D51/><U64/><E114/><V103/><F103/><W122/><G122/><T112/><D112/><U67/><E126/><V90/><F90/><W52/><G52/><T80/><D80/><U32/><E32/><V125/><F125/><W19/><G78/><T99/><D99/><U113/><E113/><V31/><F31/><W110/><G76/><T93/><REACH who="0" step="1"/><D117/><REACH who="0" ten="215,165,340,270" step="2"/><U79/><E29/><V102/><F102/><W37/><G37/><T49/><D49/><U47/><E34/><V109/><F109/><W6/><G6/><AGARI ba="0,1" hai="6,9,13,46,50,55,88,93,97,105,106,107,116,119" machi="6" ten="40,2600,0" yaku="1,1,54,1,53,0" doraHai="38" doraHaiUra="39" who="0" fromWho="3" sc="215,36,165,0,340,0,270,-26" /><INIT seed="4,0,0,5,2,39" ten="251,165,340,244" oya="0" hai0="45,99,11,74,13,51,114,26,109,69,34,36,126" hai1="96,6,102,66,35,112,52,53,113,124,83,76,54" hai2="105,81,67,61,40,84,98,75,43,44,5,94,27" hai3="48,110,46,22,15,133,104,77,2,65,95,9,16"/><T125/><D74/><U59/><E35/><V72/><F105/><W63/><G104/><T37/><D69/><U106/><E6/><V41/><F5/><W90/><G133/><T70/><D70/><U82/><E124/><N who="0" m="47721" /><D114/><N who="1" m="44139" /><E76/><N who="2" m="46119" /><F75/><W56/><G77/><T103/><D109/><U30/><E30/><V28/><F72/><W14/><G110/><T62/><D62/><AGARI ba="0,0" hai="52,53,54,59,62,66,82,83,96,102,106" m="44139" machi="62" ten="30,3900,0" yaku="15,1,11,1,54,1" doraHai="39" who="1" fromWho="0" sc="251,-39,165,39,340,0,244,0" /><INIT seed="5,0,0,5,4,9" ten="212,204,340,244" oya="1" hai0="108,95,34,135,101,80,106,29,86,114,16,87,133" hai1="119,17,5,85,84,25,62,48,102,24,55,74,15" hai2="103,93,123,18,76,121,57,99,94,3,73,97,46" hai3="69,2,117,89,64,26,107,52,131,68,40,33,90"/><U75/><E74/><V77/><F3/><W67/><G107/><T14/><D108/><U126/><E75/><V27/><F46/><W116/><G2/><T20/><D114/><U92/><E119/><N who="3" m="45642" /><G131/><T125/><D125/><U49/><E5/><V110/><F110/><W127/><G127/><T111/><D111/><U58/><E126/><V59/><F73/><W78/><G78/><N who="2" m="30313" /><F123/><W31/><G40/><T30/><D106/><U1/><E1/><V104/><F104/><W105/><G105/><T8/><D34/><U47/><E49/><V130/><F130/><W100/><G100/><T79/><D101/><U63/><E63/><V53/><F53/><W118/><G118/><T7/><D95/><U22/><E102/><N who="2" m="60719" /><F121/><W6/><G52/><T19/><D87/><N who="1" m="33355" /><E92/><V120/><F120/><W41/><G41/><AGARI ba="0,0" hai="15,17,22,24,25,41,47,48,55,58,62" m="33355" machi="41" ten="30,2900,0" yaku="8,1,52,1" doraHai="9" who="1" fromWho="3" sc="212,0,204,29,340,0,244,-29" /><INIT seed="5,1,0,1,3,6" ten="212,233,340,215" oya="1" hai0="34,3,63,105,68,85,133,19,102,24,92,23,95" hai1="38,15,56,110,100,125,78,54,25,130,60,109,26" hai2="75,9,134,41,74,31,126,89,73,55,65,57,93" hai3="61,40,48,77,27,10,59,108,83,0,52,76,79"/><U7/><E38/><V132/><F126/><W33/><G108/><N who="1" m="41578" /><E125/><V8/><F41/><W49/><G33/><T43/><D133/><N who="2" m="51306" /><F31/><W82/><G27/><N who="1" m="10250" /><E130/><V117/><F65/><W84/><G40/><T12/><D43/><U118/><E118/><V1/><F1/><W97/><G97/><T86/><D3/><U45/><E100/><V94/><F117/><W32/><G32/><T71/><D105/><U53/><E78/><V119/><F119/><W122/><G122/><T2/><D2/><U104/><E104/><V115/><F115/><W47/><G47/><T50/><D102/><U106/><E106/><V18/><F18/><W37/><G37/><T70/><D34/><U101/><E101/><V36/><F36/><W112/><G112/><T88/><D24/><U81/><E81/><V51/><F94/><W17/><G0/><T11/><D95/><U39/><E39/><V127/><F127/><W87/><G79/><T21/><D86/><AGARI ba="1,0" hai="8,9,51,55,57,73,74,75,86,89,93" m="51306" machi="86" ten="40,5200,0" yaku="20,1,52,2" doraHai="6" who="2" fromWho="0" sc="212,-55,233,0,340,55,215,0" /><INIT seed="6,0,0,2,2,107" ten="157,233,395,215" oya="2" hai0="29,38,106,13,111,17,135,110,73,129,49,65,19" hai1="130,58,127,82,35,48,56,44,100,45,133,51,28" hai2="5,63,31,134,34,8,39,16,123,85,7,59,4" hai3="14,62,64,81,75,37,108,116,93,18,72,42,96"/><V117/><F117/><W67/><G116/><T10/><D38/><U2/><E2/><V21/><F39/><W113/><G108/><T74/><D106/><U71/><E71/><V121/><F134/><W50/><G113/><T84/><D135/><U36/><E36/><V119/><F119/><W103/><G81/><T24/><D65/><U70/><E70/><V91/><F31/><W95/><G95/><T22/><D111/><U3/><E3/><V78/><F78/><W1/><G1/><T26/><D110/><U40/><E133/><V120/><F34/><W15/><G15/><T69/><D69/><U101/><E127/><V122/><F8/><W57/><G67/><T77/><D129/><U125/><E125/><V23/><F16/><W6/><G6/><T131/><D131/><U89/><E28/><V27/><F27/><W25/><G25/><T94/><D49/><U97/><E35/><V104/><F104/><W30/><G30/><T54/><D54/><U9/><E9/><V86/><F123/><W105/><G105/><T46/><D46/><U53/><E130/><V76/><F76/><W98/><G98/><T114/><D114/><U124/><E124/><V99/><F99/><W32/><G32/><T41/><D41/><U0/><E0/><V118/><F118/><W61/><G37/><T92/><D77/><U115/><E115/><V83/><F122/><W128/><G128/><T20/><REACH who="0" step="1"/><D84/><REACH who="0" ten="147,233,395,215" step="2"/><N who="2" m="32362" /><F121/><W11/><G62/><T102/><D102/><U112/><E112/><V33/><F120/><W43/><G50/><T79/><D79/><U90/><E51/><RYUUKYOKU ba="0,1" sc="147,15,233,-15,395,-15,215,15" hai0="10,13,17,19,20,22,24,26,29,73,74,92,94" hai3="11,14,18,42,43,57,61,64,72,75,93,96,103" /><INIT seed="7,1,1,1,3,71" ten="162,218,380,230" oya="3" hai0="47,84,24,83,85,97,26,66,96,109,101,49,116" hai1="44,108,55,122,7,13,3,67,135,128,127,93,123" hai2="8,134,20,73,79,5,1,118,46,50,40,10,75" hai3="92,58,95,32,105,111,68,63,132,11,35,43,106"/><W114/><G111/><T124/><D116/><U70/><E3/><V89/><F118/><W19/><G68/><T65/><D109/><U51/><E108/><V113/><F113/><W25/><G43/><T81/><D124/><U72/><E72/><V121/><F134/><W41/><G41/><T76/><D49/><U17/><E7/><V80/><F121/><W52/><G132/><T62/><D47/><U78/><E78/><V37/><F75/><W48/><G48/><T16/><D16/><U42/><E135/><V64/><F64/><W126/><G126/><T14/><D14/><U23/><E127/><V119/><F119/><W30/><G114/><T90/><D66/><U12/><E12/><V34/><F34/><W86/><G35/><T130/><D130/><U100/><E128/><V107/><F107/><W9/><G19/><T57/><REACH who="0" step="1"/><D97/><REACH who="0" ten="152,218,380,230" step="2"/><N who="1" m="59439" /><E67/><V131/><F50/><W53/><G63/><T99/><D99/><U4/><E123/><V77/><F131/><W21/><G30/><T133/><D133/><U31/><E122/><V2/><F46/><W38/><G25/><T104/><AGARI ba="1,2" hai="24,26,57,62,65,76,81,83,84,85,90,96,101,104" machi="104" ten="20,5200,0" yaku="1,1,0,1,7,1,53,1" doraHai="71" doraHaiUra="56" who="0" fromWho="0" sc="152,75,218,-14,380,-14,230,-27" owari="227,3.0,204,-20.0,366,47.0,203,-30.0" /></mjloggm>