<mjloggm ver="2.3"><GO type="41" lobby="0"/><UN n0="%E3%81%AB%E3%82%85%E3%81%81%EF%BD%9E%E2%98%86" n1="%E6%B0%B7%E6%9C%88%E5%A4%9C" n2="%CE%A3%E3%83%BB%CE%95" n3="%E5%B0%B1%E6%B4%BB%E7%94%9F%40%E5%B7%9D%E6%9D%91%E8%BB%8D%E5%9B%A3" dan="15,14,15,15" rate="1946.81,1958.48,2011.73,2011.82" sx="M,M,M,M"/><TAIKYOKU oya="0"/><INIT seed="0,0,0,5,1,108" ten="250,250,250,250" oya="0" hai0="20,58,2,10,62,0,19,86,129,107,105,134,101" hai1="25,76,69,3,128,4,106,36,30,99,37,33,41" hai2="38,75,63,110,51,48,103,82,57,89,122,11,21" hai3="81,31,39,92,18,32,52,7,123,43,12,127,121"/><T130/><D134/><U85/><E128/><N who="0" m="49257" /><D86/><U5/><E5/><V70/><F38/><W120/><G7/><N who="0" m="1383" /><D101/><N who="1" m="62783" /><E85/><V27/><F70/><W98/><G127/><T61/><D2/><U100/><E100/><V132/><F110/><W94/><G81/><T29/><D29/><U131/><E131/><V24/><F103/><W68/><G31/><T135/><D135/><U56/><E76/><V1/><F122/><W93/><G32/><T34/><D34/><U49/><E69/><V115/><F89/><W73/><G73/><T40/><D40/><U46/><E41/><V84/><F82/><W23/><G68/><T17/><D62/><U14/><E37/><V42/><F63/><W59/><G43/><T67/><D19/><U117/><E36/><V109/><F109/><W22/><G39/><T71/><D71/><U54/><E33/><V96/><F84/><W74/><G74/><T15/><AGARI ba="0,0" hai="15,17,20,58,61,67,105,107" m="1383,49257" machi="15" ten="30,1500,0" yaku="19,1" doraHai="108" who="0" fromWho="0" sc="250,15,250,-5,250,-5,250,-5" /><INIT seed="0,1,0,3,5,21" ten="265,245,245,245" oya="0" hai0="126,131,118,99,114,82,35,124,88,107,8,111,102" hai1="67,6,44,56,49,45,125,34,4,53,87,37,96" hai2="95,92,52,16,116,32,39,75,78,108,85,70,22" hai3="129,77,26,117,55,7,71,2,100,62,68,80,86"/><T9/><D35/><U66/><E34/><V20/><F32/><W28/><G117/><T90/><D118/><U30/><E30/><V13/><F75/><W130/><G7/><T11/><D114/><U25/><E125/><N who="0" m="48233" /><D131/><N who="3" m="50185" /><G2/><T83/><D111/><U72/><E72/><V54/><F39/><W105/><G105/><T31/><D31/><U69/><E25/><N who="2" m="14471" /><F70/><W60/><G100/><T64/><D64/><U132/><E132/><V101/><F101/><W51/><G68/><T109/><D109/><U18/><E67/><V76/><F108/><W41/><G41/><T61/><D61/><U38/><E66/><V59/><F54/><W24/><G28/><T19/><D19/><U135/><E18/><N who="2" m="10575" /><F116/><W47/><G62/><T119/><D119/><U50/><E69/><V106/><F106/><W43/><G71/><T89/><AGARI ba="1,0" hai="8,9,11,82,83,88,89,90,99,102,107" m="48233" machi="89" ten="40,3900,0" yaku="18,1,54,1" doraHai="21" who="0" fromWho="0" sc="265,42,245,-14,245,-14,245,-14" /><INIT seed="0,2,0,4,5,0" ten="307,231,231,231" oya="0" hai0="108,16,38,31,37,117,6,82,78,70,105,3,48" hai1="12,73,72,43,8,95,93,132,85,94,29,89,33" hai2="109,65,2,97,113,42,67,76,83,80,28,107,21" hai3="133,74,18,55,23,63,52,79,120,25,119,20,49"/><T22/><D117/><U115/><E115/><V57/><F2/><W122/><G119/><T9/><D70/><U118/><E118/><V56/><F42/><W88/><G79/><T40/><D105/><U121/><E121/><V36/><F36/><W131/><G74/><T13/><D108/><U92/><E132/><V66/><F107/><W45/><G133/><T47/><REACH who="0" step="1"/><D31/><REACH who="0" ten="297,231,231,231" step="2"/><U71/><E71/><V14/><F109/><W19/><G122/><T58/><D58/><U26/><REACH who="1" step="1"/><E43/><REACH who="1" ten="297,221,231,231" step="2"/><V112/><F112/><W50/><G120/><T75/><AGARI ba="2,2" hai="3,6,9,13,16,22,37,38,40,47,48,75,78,82" machi="75" ten="20,12000,1" yaku="1,1,0,1,7,1,52,1,54,1,53,0" doraHai="0" doraHaiUra="54" who="0" fromWho="0" sc="297,146,221,-42,231,-42,231,-42" /><INIT seed="0,3,0,2,5,121" ten="443,179,189,189" oya="0" hai0="46,75,52,94,79,14,36,132,8,112,118,13,107" hai1="57,80,65,104,17,60,73,67,26,87,84,4,101" hai2="59,111,19,76,44,72,61,15,64,30,18,115,109" hai3="54,93,127,50,24,78,114,74,9,100,77,97,92"/><T102/><D118/><U130/><E130/><V32/><F115/><W96/><G114/><T23/><D112/><U108/><E4/><V98/><F76/><W120/><G120/><T29/><D107/><U53/><E73/><V16/><F72/><W42/><G127/><T89/><D102/><U45/><E45/><V48/><F98/><W66/><G74/><T133/><D79/><U62/><E104/><V25/><REACH who="2" step="1"/><F15/><REACH who="2" ten="443,179,179,189" step="2"/><W43/><G78/><T91/><D75/><U71/><E26/><V11/><F11/><W135/><G77/><T41/><D14/><U56/><E71/><V20/><F20/><W117/><G117/><T51/><D13/><U49/><E101/><V22/><F22/><W90/><G9/><T128/><D8/><U37/><E37/><V81/><F81/><W103/><G135/><T123/><D133/><U116/><E116/><V21/><F21/><W82/><G66/><T39/><D23/><U47/><E80/><V27/><F27/><W95/><G24/><T88/><D132/><U86/><REACH who="1" step="1"/><E17/><REACH who="1" ten="443,169,179,189" step="2"/><V110/><F110/><AGARI ba="3,2" hai="47,49,53,56,57,60,62,65,67,84,86,87,108,110" machi="110" ten="40,8000,1" yaku="1,1,2,1,9,1,52,2,53,0" doraHai="121" doraHaiUra="35" who="1" fromWho="2" sc="443,0,169,109,179,-89,189,0" /><INIT seed="1,0,0,5,3,41" ten="443,278,90,189" oya="1" hai0="21,67,15,115,70,62,103,63,72,120,2,60,26" hai1="75,85,35,121,7,37,24,86,10,114,69,110,36" hai2="80,128,77,68,65,131,83,130,66,46,126,129,101" hai3="81,30,105,123,23,51,98,117,47,73,16,17,116"/><U8/><E75/><V55/><N who="2" m="33280" /><DORA hai="52" /><V94/><F126/><W90/><G123/><T97/><D115/><U79/><E114/><V100/><F68/><W38/><G38/><T59/><D2/><U58/><E69/><V89/><F66/><W9/><G9/><T132/><D120/><U19/><E121/><V1/><F1/><W95/><G105/><T39/><D39/><U82/><E110/><V0/><F0/><W74/><G30/><T111/><D72/><U102/><E102/><N who="2" m="39531" /><F65/><W43/><G17/><T32/><D132/><U107/><E107/><V28/><F28/><W127/><G127/><T64/><D111/><U50/><E37/><V3/><F3/><W99/><G99/><T12/><D62/><U40/><E36/><V135/><F135/><W6/><G6/><T118/><D118/><N who="3" m="45673" /><G81/><T54/><D67/><U25/><E35/><V104/><F104/><W45/><G45/><T34/><D34/><U112/><E7/><V48/><F77/><W133/><G133/><T56/><D32/><U92/><E79/><V78/><F78/><W33/><G33/><T31/><D70/><U96/><E112/><V84/><AGARI ba="0,0" hai="46,48,55,80,83,84,89,94" m="39531,33280" machi="84" ten="60,4000,0" yaku="19,1,52,1" doraHai="41,52" who="2" fromWho="2" sc="443,-10,278,-20,90,40,189,-10" /><INIT seed="2,0,0,5,4,121" ten="433,258,130,179" oya="2" hai0="83,49,10,5,36,130,132,106,135,80,41,82,19" hai1="57,111,92,50,37,97,64,134,56,119,127,87,115" hai2="71,70,15,22,88,42,85,35,12,29,91,128,67" hai3="86,93,21,108,18,2,98,9,120,8,62,118,109"/><V124/><F35/><W13/><G120/><T6/><D106/><U25/><E37/><V16/><F42/><W20/><G118/><T126/><D36/><U66/><E119/><V26/><F128/><W69/><G86/><T23/><D130/><U3/><E115/><V74/><F74/><W58/><G69/><T96/><D96/><U61/><E3/><V52/><F124/><W65/><G21/><T76/><D126/><U105/><E127/><V114/><F114/><W112/><G112/><T122/><D122/><U90/><E134/><N who="0" m="51241" /><D76/><U11/><E11/><V68/><F67/><W131/><G131/><T55/><D41/><U7/><E7/><V101/><F101/><W53/><G53/><T17/><D10/><U129/><E25/><V34/><F15/><W94/><G94/><T81/><D81/><U133/><E105/><V33/><F33/><W40/><G40/><T125/><D125/><U79/><E129/><V113/><F113/><W4/><REACH who="3" step="1"/><G9/><REACH who="3" ten="433,258,130,169" step="2"/><T110/><D55/><U32/><E133/><V24/><F52/><W100/><AGARI ba="0,1" hai="2,4,8,13,18,20,58,62,65,93,98,100,108,109" machi="100" ten="30,8000,1" yaku="1,1,2,1,0,1,52,2,53,0" doraHai="121" doraHaiUra="102" who="3" fromWho="3" sc="433,-20,258,-20,130,-40,169,90" /><INIT seed="3,0,0,1,4,63" ten="413,238,90,259" oya="3" hai0="100,8,77,89,15,22,6,1,49,40,105,74,132" hai1="125,124,94,14,57,126,44,67,79,39,122,48,60" hai2="42,61,118,72,16,26,97,83,108,114,101,80,46" hai3="52,130,43,62,93,31,0,76,91,68,55,70,107"/><W24/><G107/><T58/><D132/><U106/><E106/><V38/><F118/><W95/><G0/><T33/><D33/><U56/><E122/><V131/><F114/><W104/><G104/><T86/><D77/><U17/><E79/><V115/><F115/><W99/><G130/><T128/><D74/><U34/><E34/><V10/><F131/><W65/><G43/><T135/><D135/><U82/><E82/><V25/><F72/><W75/><G70/><T54/><D40/><N who="1" m="22559" /><E94/><V3/><F108/><W28/><G28/><T71/><D71/><U59/><E17/><V120/><F120/><W87/><G75/><T127/><D128/><U111/><E14/><V27/><F61/><W134/><G134/><T9/><D22/><U73/><E73/><V92/><REACH who="2" step="1"/><F3/><REACH who="2" ten="413,238,80,259" step="2"/><W11/><G76/><T37/><D1/><U85/><E111/><V36/><F36/><W116/><G116/><T119/><D37/><U30/><E124/><V19/><F19/><W84/><G11/><T21/><D127/><U102/><E60/><V13/><AGARI ba="0,1" hai="10,13,16,25,26,27,38,42,46,80,83,92,97,101" machi="13" ten="30,4000,0" yaku="1,1,0,1,54,1,53,0" doraHai="63" doraHaiUra="35" who="2" fromWho="2" sc="413,-10,238,-10,80,50,259,-20" /><INIT seed="4,0,0,1,3,104" ten="403,228,130,239" oya="0" hai0="70,21,25,35,91,63,107,81,49,95,11,61,51" hai1="26,90,132,20,125,89,120,97,52,119,28,54,38" hai2="9,50,88,24,92,12,40,22,110,72,86,15,123" hai3="96,13,76,128,129,67,85,34,10,41,27,32,99"/><T17/><D107/><U59/><E119/><V60/><F110/><W126/><G41/><T130/><D130/><N who="3" m="50281" /><G67/><T53/><D70/><U75/><E120/><V79/><F123/><W19/><G126/><T77/><D35/><N who="3" m="13353" /><G27/><T106/><D106/><U56/><E38/><V118/><F118/><W29/><G29/><T133/><D133/><U46/><E132/><V108/><F108/><W82/><AGARI ba="0,0" hai="10,13,19,76,82,85,96,99" m="13353,50281" machi="82" ten="40,1500,0" yaku="19,1" doraHai="104" who="3" fromWho="3" sc="403,-7,228,-4,130,-4,239,15" /><INIT seed="5,0,0,3,0,64" ten="396,224,126,254" oya="1" hai0="96,4,135,51,105,46,43,80,69,123,121,77,73" hai1="125,41,27,59,47,26,66,109,130,82,10,97,19" hai2="11,92,52,133,3,32,34,126,75,48,107,20,100" hai3="22,89,79,18,63,62,114,50,36,13,30,12,131"/><U56/><E109/><V6/><F107/><W129/><G36/><N who="0" m="21863" /><D4/><U33/><E125/><V9/><F126/><W113/><G79/><T128/><D51/><U24/><E130/><N who="3" m="49674" /><G30/><T117/><D128/><U120/><E120/><N who="0" m="46153" /><D117/><U49/><E33/><V8/><F75/><W67/><G50/><T98/><D135/><U37/><E37/><V103/><F133/><W91/><G13/><T132/><D132/><U85/><E97/><V65/><F65/><W108/><G108/><T45/><D45/><U102/><E102/><V29/><F92/><W84/><G63/><T0/><D0/><U68/><E68/><V21/><F6/><W87/><G87/><T94/><D69/><U122/><E66/><V124/><F3/><W110/><G110/><T112/><D105/><U70/><E70/><V31/><F124/><W95/><G91/><T61/><D61/><U16/><E122/><V57/><F34/><W119/><G119/><T40/><D40/><U55/><E41/><V115/><F32/><W23/><G23/><N who="2" m="8777" /><F115/><W42/><G42/><T38/><D38/><U116/><E116/><V134/><F134/><W39/><G39/><T1/><D112/><U71/><E71/><AGARI ba="0,0" hai="12,18,22,62,67,71,84,89,95,113,114" m="49674" machi="71" ten="30,2000,0" yaku="19,1,52,1" doraHai="64" who="3" fromWho="1" sc="396,0,224,-20,126,0,254,20" /><INIT seed="6,0,0,5,3,44" ten="396,204,126,274" oya="2" hai0="106,58,33,86,101,119,32,16,84,65,81,62,24" hai1="78,132,74,88,92,51,8,115,11,20,4,25,40" hai2="103,53,41,39,64,46,72,102,113,100,121,91,21" hai3="10,134,2,82,45,7,129,56,133,95,110,130,125"/><V15/><F121/><W122/><G95/><T124/><D119/><U79/><E132/><N who="3" m="50794" /><G56/><T109/><D109/><U73/><E115/><V85/><F113/><W57/><G57/><T105/><D124/><U23/><E74/><V117/><F72/><W0/><G82/><T6/><D6/><U61/><E61/><V19/><F117/><W67/><G67/><T69/><D86/><N who="1" m="52247" /><E73/><V71/><F71/><W128/><G45/><T104/><D58/><U18/><E23/><V5/><F64/><W36/><G36/><T55/><D55/><U27/><E27/><V37/><F5/><W116/><G116/><T52/><D52/><U94/><E94/><V60/><F60/><W68/><G68/><T75/><D75/><U77/><E4/><V43/><F53/><W96/><G96/><T126/><D101/><U70/><E70/><V22/><F22/><W118/><G118/><T30/><D69/><U127/><E127/><V112/><F112/><W66/><G66/><T87/><D126/><U54/><E40/><V34/><F34/><W26/><G125/><T120/><D65/><U13/><E25/><V49/><REACH who="2" step="1"/><F43/><REACH who="2" ten="396,204,116,274" step="2"/><W12/><G122/><T83/><D120/><U99/><E99/><V80/><AGARI ba="0,1" hai="15,19,21,37,39,41,46,49,80,85,91,100,102,103" machi="80" ten="30,11700,0" yaku="1,1,2,1,0,1,52,1,53,0" doraHai="44" doraHaiUra="29" who="2" fromWho="2" sc="396,-39,204,-39,116,127,274,-39" /><INIT seed="6,1,0,4,0,80" ten="357,165,243,235" oya="2" hai0="73,38,21,102,50,94,30,87,86,11,68,106,83" hai1="1,49,65,77,104,115,35,129,61,125,84,133,100" hai2="26,108,24,64,119,96,63,88,99,40,93,52,60" hai3="62,97,123,31,15,3,117,8,56,72,6,92,130"/><V111/><F119/><W112/><G72/><T74/><D38/><U33/><E125/><V70/><F40/><W34/><G117/><T95/><D68/><U23/><E129/><V57/><REACH who="2" step="1"/><F99/><REACH who="2" ten="357,165,233,235" step="2"/><W59/><G130/><T118/><D118/><U54/><E133/><V82/><F82/><W46/><G123/><T29/><D83/><U13/><E115/><V103/><F103/><W81/><G81/><T7/><D102/><U42/><E100/><V66/><F66/><W4/><G112/><T121/><D121/><U32/><E42/><V51/><F51/><W12/><G97/><T128/><D50/><U124/><E124/><V109/><AGARI ba="1,1" hai="24,26,52,57,60,63,64,70,88,93,96,108,109,111" machi="109" ten="30,12000,1" yaku="1,1,0,1,10,1,54,2,53,0" doraHai="80" doraHaiUra="9" who="2" fromWho="2" sc="357,-41,165,-41,233,133,235,-41" /><INIT seed="6,2,0,0,2,41" ten="316,124,366,194" oya="2" hai0="40,39,0,18,53,84,134,68,97,131,100,69,133" hai1="25,36,122,66,43,99,22,5,118,108,14,80,52" hai2="4,56,86,1,71,124,44,47,119,85,11,79,26" hai3="63,110,75,58,64,121,112,114,73,113,98,132,27"/><V19/><F119/><W2/><G110/><T128/><D0/><U38/><E108/><V37/><F71/><N who="0" m="27210" /><D84/><U8/><E118/><V61/><F124/><W89/><G121/><T20/><D53/><U45/><E122/><V23/><F37/><W125/><G2/><T117/><D117/><U16/><E66/><V91/><F79/><W82/><G125/><T120/><D120/><U67/><E67/><V93/><REACH who="2" step="1"/><F85/><REACH who="2" ten="316,124,356,194" step="2"/><W33/><G132/><T29/><D134/><U83/><E38/><V106/><F106/><W24/><G75/><T55/><D133/><U62/><REACH who="1" step="1"/><E99/><REACH who="1" ten="316,114,356,194" step="2"/><V92/><F92/><N who="3" m="56591" /><G114/><T21/><D97/><U9/><E9/><V7/><F7/><W87/><G113/><T10/><D39/><U32/><E32/><V48/><F48/><W13/><G33/><T126/><D10/><U3/><E3/><V70/><F70/><W74/><G112/><T54/><D126/><U107/><E107/><V57/><F57/><AGARI ba="2,2" hai="5,8,14,16,22,25,36,43,45,52,57,62,80,83" machi="57" ten="40,8000,1" yaku="1,1,52,1,54,2,53,1" doraHai="41" doraHaiUra="59" who="1" fromWho="2" sc="316,0,114,106,356,-86,194,0" /><INIT seed="7,0,0,3,0,91" ten="316,220,270,194" oya="3" hai0="53,107,43,128,20,80,98,6,30,95,37,129,130" hai1="93,32,11,22,72,4,126,55,52,61,36,21,7" hai2="0,34,27,113,63,78,12,56,48,13,124,85,67" hai3="111,79,105,65,106,92,86,16,127,104,8,68,96"/><W18/><G111/><T131/><D107/><U112/><E32/><V102/><F0/><W82/><G127/><T1/><D130/><U70/><E36/><V100/><F124/><W42/><G42/><T2/><D6/><U58/><E126/><V108/><F108/><W39/><G39/><T14/><D80/><U99/><E72/><V26/><F113/><W125/><G125/><T60/><D43/><U134/><E112/><V83/><F34/><W57/><G68/><T75/><D37/><U74/><E74/><V23/><F48/><W29/><G29/><T19/><D75/><U117/><E117/><V122/><F122/><W89/><REACH who="3" step="1"/><G8/><REACH who="3" ten="316,220,270,184" step="2"/><T10/><D30/><U62/><E70/><V94/><F27/><W123/><G123/><T45/><D10/><U15/><E134/><V135/><F135/><W3/><G3/><T54/><D2/><U38/><E38/><V73/><F73/><W103/><G103/><N who="0" m="60895" /><D1/><U46/><E11/><V17/><REACH who="2" step="1"/><F102/><REACH who="2" ten="316,220,260,184" step="2"/><W118/><G118/><T116/><D116/><U88/><E62/><AGARI ba="0,2" hai="16,18,57,62,65,79,82,86,89,92,96,104,105,106" machi="62" ten="40,12000,1" yaku="1,1,52,1,54,1,53,1" doraHai="91" doraHaiUra="90" who="3" fromWho="1" sc="316,0,220,-120,260,0,184,140" owari="316,12.0,100,-40.0,260,-14.0,324,42.0" /></mjloggm>