<mjloggm ver="2.3"><GO type="169" lobby="0"/><UN n0="%7A%6B%75%72%74" n1="%E3%82%A6%E3%83%AB%E3%83%88%E3%83%A9%E7%AB%8B%E7%9B%B4" n2="%E7%89%9B%E4%B8%BC%E5%A4%A7%E9%AD%94%E7%A5%9E" n3="%E9%BB%92%6D%61%72%61" dan="18,16,16,17" rate="2209.62,2121.92,2130.84,2125.66" sx="M,M,M,M"/><TAIKYOKU oya="0"/><INIT seed="0,0,0,4,4,127" ten="250,250,250,250" oya="0" hai0="110,3,73,118,15,65,40,82,97,122,23,60,48" hai1="134,62,6,133,44,126,70,98,55,24,47,72,132" hai2="45,35,94,46,114,25,37,0,64,89,16,69,31" hai3="87,95,26,85,42,101,28,32,86,76,115,8,20"/><T30/><D122/><U58/><E72/><V49/><F114/><W129/><G115/><T11/><D118/><U38/><E6/><V17/><F0/><W100/><G32/><T117/><D117/><U130/><E24/><V99/><F37/><W19/><G129/><T14/><D110/><U77/><E77/><V124/><F124/><W59/><G42/><T7/><D97/><U56/><E126/><V13/><F49/><W61/><G76/><T57/><D30/><U105/><E98/><V113/><F113/><W21/><G8/><T18/><D73/><U74/><E105/><V80/><F80/><W9/><G9/><T12/><REACH who="0" step="1"/><D82/><REACH who="0" ten="240,250,250,250" step="2"/><U93/><E74/><V109/><F109/><W103/><G103/><T116/><D116/><U107/><E107/><V111/><F111/><W123/><G95/><T54/><D54/><U92/><E92/><V71/><F99/><W108/><G123/><T10/><D10/><U91/><E93/><V67/><F94/><W51/><G108/><T135/><D135/><U120/><E55/><V22/><F31/><W84/><G84/><T112/><D112/><U90/><E120/><V79/><F64/><N who="3" m="38975" /><G51/><T119/><D119/><U53/><E134/><V34/><F67/><W52/><G52/><T43/><D43/><U39/><E53/><V27/><F45/><AGARI ba="0,1" hai="3,7,11,12,14,15,18,23,40,45,48,57,60,65" machi="45" ten="40,2000,0" yaku="1,1,53,0" doraHai="127" doraHaiUra="88" who="0" fromWho="2" sc="240,30,250,0,250,-20,250,0" /><INIT seed="0,1,0,1,3,46" ten="270,250,230,250" oya="0" hai0="13,133,98,31,47,106,74,85,8,42,29,28,76" hai1="27,70,19,120,115,72,91,127,56,11,65,128,80" hai2="135,119,45,117,90,10,111,59,78,53,73,1,134" hai3="39,102,79,129,101,58,94,118,60,21,109,121,92"/><T84/><D133/><N who="2" m="50698" /><F111/><W24/><G121/><T131/><D131/><U35/><E120/><V125/><F125/><W17/><G118/><T87/><D106/><U108/><E108/><V62/><F90/><W124/><G124/><T51/><D98/><U20/><E127/><V68/><F68/><W55/><G129/><T18/><REACH who="0" step="1"/><D74/><REACH who="0" ten="260,250,230,250" step="2"/><U81/><E128/><V44/><F73/><W40/><G109/><T4/><D4/><U57/><E72/><V15/><F1/><W26/><G102/><T93/><D93/><U86/><E115/><V52/><F119/><W23/><G101/><T16/><D16/><U7/><E19/><V104/><F104/><W112/><G112/><T54/><D54/><U5/><E5/><N who="2" m="3535" /><F117/><W25/><G94/><T83/><AGARI ba="1,1" hai="8,13,18,28,29,31,42,47,51,76,83,84,85,87" machi="83" ten="30,12000,1" yaku="1,1,0,1,8,1,52,1,53,1" doraHai="46" doraHaiUra="41" who="0" fromWho="0" sc="260,133,250,-41,230,-41,250,-41" /><INIT seed="0,2,0,5,0,89" ten="393,209,189,209" oya="0" hai0="102,129,21,12,131,25,69,27,121,46,52,132,83" hai1="123,65,80,68,7,17,109,5,113,50,4,128,108" hai2="3,1,36,49,23,85,126,91,35,26,118,119,40" hai3="72,71,6,125,2,77,104,90,57,73,47,53,101"/><T30/><D121/><U28/><E123/><V62/><F35/><W130/><G71/><T99/><D69/><U94/><E113/><V48/><F126/><W115/><G125/><T51/><D132/><U14/><E128/><V43/><F62/><W61/><G115/><T97/><D83/><U60/><E28/><V58/><F3/><W78/><G130/><T22/><D12/><U135/><E135/><V37/><F1/><W20/><G2/><T103/><D99/><U110/><E80/><V95/><F36/><W8/><G8/><T120/><D120/><U79/><E79/><V133/><F133/><W87/><G6/><T19/><REACH who="0" step="1"/><D103/><REACH who="0" ten="383,209,189,209" step="2"/><U13/><E13/><V64/><F119/><W127/><G101/><T66/><D66/><U63/><E65/><V45/><F118/><W117/><G117/><T39/><D39/><U18/><E68/><V54/><F64/><W74/><G127/><T32/><D32/><U106/><E14/><V38/><REACH who="2" step="1"/><F43/><REACH who="2" ten="383,209,179,209" step="2"/><W9/><G74/><T16/><D16/><AGARI ba="2,2" hai="16,23,26,37,38,40,45,48,49,54,58,85,91,95" machi="16" ten="30,12000,2" yaku="1,1,2,1,7,1,52,1,54,1,53,1" doraHai="89" doraHaiUra="81" who="2" fromWho="0" sc="383,-126,209,0,179,146,209,0" /><INIT seed="1,0,0,0,5,113" ten="257,209,325,209" oya="1" hai0="111,15,86,79,100,27,91,94,99,71,45,63,112" hai1="115,93,43,82,12,95,135,90,107,59,52,131,75" hai2="70,126,106,41,14,97,30,120,54,105,108,39,78" hai3="89,44,133,117,68,81,72,17,18,62,5,119,46"/><U104/><E115/><V20/><F120/><W37/><G133/><T42/><D112/><U9/><E135/><V25/><F70/><W0/><G0/><T103/><D111/><U122/><E122/><V56/><F108/><W64/><G5/><T8/><D27/><U114/><E114/><V127/><F78/><N who="3" m="44231" /><G89/><T96/><D63/><U88/><E131/><V109/><F109/><W40/><G46/><T55/><D55/><U116/><E43/><V49/><F97/><W85/><G85/><T22/><D22/><U6/><E75/><V53/><F41/><W36/><G36/><T61/><D61/><U28/><E28/><V7/><F39/><W101/><G101/><T2/><D2/><U123/><E123/><V74/><F74/><W118/><AGARI ba="0,0" hai="17,18,37,40,44,62,64,68,117,118,119" m="44231" machi="118" ten="30,7900,0" yaku="12,1,52,3" doraHai="113" who="3" fromWho="3" sc="257,-20,209,-39,325,-20,209,79" /><INIT seed="2,0,0,5,1,43" ten="237,170,305,288" oya="2" hai0="13,50,57,134,67,135,113,97,117,83,112,123,90" hai1="27,133,0,24,125,126,65,1,7,23,53,81,110" hai2="56,41,105,71,14,60,11,52,82,88,4,87,132" hai3="99,108,89,107,9,104,75,94,77,78,35,54,45"/><V55/><F132/><N who="0" m="50730" /><D123/><U130/><E133/><V64/><F105/><W79/><G35/><T62/><D117/><U47/><E130/><V36/><F71/><W25/><G25/><T131/><D131/><U122/><E122/><V59/><F36/><W128/><G9/><T44/><D13/><U5/><E65/><V48/><F41/><W51/><G128/><T129/><D129/><U96/><E96/><V18/><REACH who="2" step="1"/><F64/><REACH who="2" ten="237,170,295,288" step="2"/><W42/><G108/><T73/><D112/><U118/><E110/><V12/><F12/><W2/><G2/><T32/><D113/><U109/><E109/><V100/><F100/><W39/><REACH who="3" step="1"/><G75/><REACH who="3" ten="237,170,295,278" step="2"/><T63/><D73/><U114/><E0/><V20/><F20/><W93/><G93/><T72/><D72/><U10/><E1/><V98/><F98/><W76/><N who="3" m="19456" /><DORA hai="19" /><W86/><G86/><T121/><D121/><U22/><E114/><V124/><F124/><W31/><G31/><T101/><D97/><U38/><E125/><V15/><F15/><W33/><G33/><T58/><D32/><U30/><E126/><V106/><F106/><W74/><G74/><T92/><D92/><U127/><E127/><V46/><F46/><AGARI ba="0,2" hai="39,42,45,46,51,54,89,94,99,104,107" m="19456" machi="46" ten="50,8000,1" yaku="1,1,52,2,53,1" doraHai="43,19" doraHaiUra="49,120" who="3" fromWho="2" sc="237,0,170,0,295,-80,278,100" /><INIT seed="3,0,0,3,0,99" ten="237,170,215,378" oya="3" hai0="75,85,21,111,38,62,78,47,89,102,117,100,15" hai1="82,131,83,72,132,66,122,52,119,53,104,27,109" hai2="97,118,128,19,31,24,17,68,2,121,129,101,88" hai3="44,26,0,51,77,81,56,43,42,57,3,103,90"/><W115/><G115/><T70/><D117/><U35/><E122/><V69/><F2/><W94/><G43/><T18/><D111/><U11/><E109/><V10/><F118/><W120/><G120/><T41/><D78/><U48/><E119/><V87/><F121/><W108/><G108/><T124/><D75/><U80/><E131/><N who="2" m="50251" /><F10/><W95/><G3/><T46/><D46/><U60/><E132/><V86/><F86/><N who="3" m="48431" /><G26/><T105/><D105/><U6/><E104/><N who="2" m="63535" /><F69/><W134/><G0/><T22/><D124/><U84/><E72/><V125/><F68/><W113/><G113/><T112/><D112/><U23/><E35/><N who="2" m="20967" /><F125/><W127/><G134/><T74/><D74/><U28/><E84/><V16/><F19/><W34/><G34/><T126/><D126/><U107/><E107/><V73/><F73/><W91/><G127/><T39/><D39/><U64/><E11/><V93/><AGARI ba="0,0" hai="16,17,87,88,93" m="20967,63535,50251" machi="93" ten="30,7900,0" yaku="19,1,52,1,54,2" doraHai="99" who="2" fromWho="2" sc="237,-20,170,-20,215,79,378,-39" /><INIT seed="4,0,0,1,5,133" ten="217,150,294,339" oya="0" hai0="120,73,4,113,50,83,9,102,47,110,92,81,26" hai1="70,109,60,134,57,27,93,17,105,42,61,78,32" hai2="91,14,19,51,2,88,33,43,38,65,121,76,86" hai3="16,22,112,84,10,124,132,31,59,87,126,18,85"/><T90/><D120/><U3/><E3/><V115/><F2/><W13/><G132/><T95/><D113/><U71/><E109/><V63/><F33/><W82/><G112/><T94/><D110/><U53/><E134/><V5/><F38/><W128/><G128/><T20/><D73/><U62/><E105/><V7/><F76/><W125/><G31/><T37/><D37/><U34/><E34/><V119/><F121/><W66/><G59/><T48/><D102/><U25/><E25/><V103/><F103/><W79/><G66/><T127/><D127/><U72/><E42/><V52/><F43/><W67/><G67/><T101/><D101/><U12/><E78/><V130/><F91/><W104/><G104/><T117/><D117/><U21/><E72/><V15/><F15/><AGARI ba="0,0" hai="10,13,15,16,18,22,79,82,84,85,87,124,125,126" machi="15" ten="40,8000,1" yaku="18,1,52,3,54,1" doraHai="133" who="3" fromWho="2" sc="217,0,150,0,294,-80,339,80" /><INIT seed="5,0,0,5,0,25" ten="217,150,214,419" oya="1" hai0="99,102,71,77,100,79,83,81,47,131,40,9,107" hai1="89,80,112,17,135,56,63,45,26,43,10,19,12" hai2="93,121,128,90,110,59,133,30,13,122,49,4,105" hai3="37,50,2,76,116,111,21,62,42,125,35,24,101"/><U91/><E135/><V97/><F110/><W68/><G2/><T7/><D71/><U23/><E112/><V6/><F133/><W123/><G111/><T29/><D131/><U95/><E80/><V27/><F105/><W104/><G123/><T132/><D132/><U96/><E89/><V39/><F39/><W38/><G116/><T92/><D107/><U32/><E32/><V113/><F128/><W20/><G20/><T85/><D29/><U46/><REACH who="1" step="1"/><E43/><REACH who="1" ten="217,140,214,419" step="2"/><V34/><F113/><W78/><G42/><T84/><D92/><U129/><E129/><V73/><F121/><W67/><G35/><T94/><D94/><U44/><E44/><V127/><F122/><W65/><G104/><T126/><D126/><U72/><E72/><V52/><F73/><W115/><G125/><T53/><D99/><U31/><E31/><V5/><REACH who="2" step="1"/><F127/><REACH who="2" ten="217,140,204,419" step="2"/><W15/><G115/><T1/><REACH who="0" step="1"/><D53/><AGARI ba="0,2" hai="10,12,17,19,23,26,45,46,53,56,63,91,95,96" machi="53" ten="30,18000,2" yaku="1,1,7,1,25,2,8,1,53,1" doraHai="25" doraHaiUra="86" who="1" fromWho="0" sc="217,-180,140,200,204,0,419,0" /><INIT seed="5,1,0,4,0,39" ten="37,340,204,419" oya="1" hai0="88,75,92,26,79,34,41,16,107,37,105,44,129" hai1="109,60,131,122,95,49,133,61,90,113,72,70,12" hai2="134,81,15,4,104,52,30,33,38,83,43,96,63" hai3="31,1,100,10,42,2,32,116,89,69,126,101,102"/><U25/><E122/><V11/><F134/><W20/><G69/><T125/><D125/><U66/><E109/><V58/><F33/><W0/><G126/><T128/><D79/><U29/><E72/><V87/><F30/><W6/><G116/><T23/><D75/><U98/><E113/><V51/><F38/><W67/><G32/><T24/><D24/><U48/><E131/><N who="0" m="50249" /><D34/><U74/><E74/><V13/><F13/><W119/><G67/><T78/><D78/><U40/><E133/><V93/><F104/><W71/><G71/><T110/><D110/><U21/><E60/><V14/><F14/><W115/><G89/><T108/><D108/><U84/><E84/><AGARI ba="1,0" hai="16,23,26,37,41,44,84,88,92,105,107" m="50249" machi="84" ten="30,7700,0" yaku="19,1,52,1,54,2" doraHai="39" who="0" fromWho="1" sc="37,80,340,-80,204,0,419,0" /><INIT seed="6,0,0,1,0,50" ten="117,260,204,419" oya="2" hai0="20,61,74,10,128,126,54,53,7,15,39,28,92" hai1="30,11,95,27,97,34,104,101,40,25,85,35,99" hai2="38,19,21,82,56,100,103,116,93,17,31,96,24" hai3="58,121,113,5,62,81,55,33,59,107,71,80,77"/><V78/><F38/><W16/><G107/><T89/><D39/><U73/><E73/><V9/><F116/><W83/><G33/><T29/><D74/><U51/><E85/><V48/><F103/><W98/><G121/><T106/><D106/><U3/><E11/><V72/><F9/><W4/><G113/><T60/><D126/><U63/><E63/><V119/><F119/><W22/><G71/><T110/><D110/><U125/><E3/><V66/><REACH who="2" step="1"/><F48/><REACH who="2" ten="117,260,194,419" step="2"/><W37/><G37/><T75/><D128/><U105/><E51/><V122/><F122/><W111/><G111/><T68/><D75/><U108/><E108/><V69/><F69/><W120/><G120/><T118/><D118/><U18/><E101/><V86/><F86/><W135/><G98/><N who="0" m="57615" /><D68/><U109/><E109/><V70/><F70/><W132/><G135/><T64/><D64/><U87/><E87/><V0/><F0/><W102/><G132/><T32/><D32/><U129/><E35/><V13/><F13/><W49/><G102/><T2/><D2/><U67/><E34/><V114/><F114/><W79/><G4/><T23/><D23/><U36/><E36/><V12/><F12/><N who="3" m="9479" /><G5/><T94/><D20/><U84/><E84/><V76/><F76/><W41/><G79/><T42/><D15/><U65/><E65/><V46/><F46/><N who="3" m="25807" /><G77/><T26/><D7/><U134/><E134/><V14/><F14/><W44/><G44/><T133/><D133/><U6/><E6/><V112/><F112/><W45/><G45/><T123/><D123/><U8/><E67/><V91/><F91/><RYUUKYOKU ba="0,1" sc="117,-15,260,-15,194,15,419,15" hai2="17,19,21,24,31,56,66,72,78,82,93,96,100" hai3="55,58,59,62,80,81,83" /><INIT seed="6,1,1,1,5,95" ten="102,245,209,434" oya="2" hai0="6,128,76,96,29,36,25,15,41,130,125,116,59" hai1="83,129,32,133,60,20,56,14,117,66,121,2,135" hai2="77,108,50,118,40,98,65,123,102,72,37,30,52" hai3="100,99,132,110,122,17,45,55,112,82,46,85,64"/><V81/><F118/><W49/><G122/><T107/><D116/><U90/><E32/><V109/><F123/><W47/><G110/><N who="2" m="42601" /><F65/><W8/><G112/><T23/><D125/><U127/><E2/><V78/><F78/><W3/><G3/><T62/><D76/><U43/><E121/><V24/><F37/><W126/><G132/><N who="1" m="50762" /><E127/><V71/><F71/><W92/><G64/><T27/><D36/><U10/><E129/><V84/><F40/><W111/><G126/><T70/><D41/><U12/><E117/><V115/><F115/><W13/><G111/><T91/><D70/><U58/><E43/><V103/><F72/><W67/><REACH who="3" step="1"/><G67/><REACH who="3" ten="102,245,209,424" step="2"/><T134/><D134/><U39/><E39/><V21/><F98/><W106/><G106/><T88/><D128/><U11/><E66/><V74/><F74/><W101/><G101/><T1/><D130/><U104/><E104/><V75/><F75/><W7/><G7/><T35/><D1/><U68/><E68/><V51/><F103/><W97/><G97/><T93/><D107/><U80/><E90/><AGARI ba="1,2" hai="8,13,17,45,46,47,49,55,82,85,90,92,99,100" machi="90" ten="30,12000,2" yaku="1,1,7,1,25,2,8,1,52,1,53,0" doraHai="95" doraHaiUra="114" who="3" fromWho="1" sc="102,0,245,-123,209,0,424,143" /><INIT seed="7,0,0,5,1,123" ten="102,122,209,567" oya="3" hai0="27,72,79,36,75,26,69,28,32,68,61,19,29" hai1="86,10,92,132,23,113,55,95,84,117,108,50,21" hai2="106,93,56,16,39,63,74,118,112,4,81,66,105" hai3="107,111,125,115,2,14,85,30,96,89,80,62,43"/><W77/><G111/><T0/><D36/><U97/><E108/><V116/><F39/><W131/><G2/><T31/><D0/><U110/><E110/><V5/><F112/><W18/><G131/><T54/><D19/><U3/><E113/><V98/><F105/><W7/><G125/><T82/><D72/><U38/><E38/><V8/><F106/><W103/><G85/><N who="1" m="32874" /><E3/><V88/><F74/><W122/><G62/><T59/><D29/><U22/><E117/><V37/><F37/><W64/><G14/><T12/><D12/><U133/><E97/><V94/><F81/><W40/><G96/><T45/><REACH who="0" step="1"/><D45/><REACH who="0" ten="92,122,209,567" step="2"/><N who="1" m="28111" /><E10/><V102/><F116/><W67/><G43/><T13/><D13/><U53/><E133/><V78/><F118/><W24/><G67/><T124/><D124/><U11/><E132/><V104/><F16/><W65/><G103/><T100/><D100/><U90/><E11/><V76/><F8/><W134/><G107/><T51/><D51/><U52/><E92/><V42/><F104/><W71/><G71/><T135/><D135/><U49/><E49/><V20/><F94/><W17/><G24/><T46/><D46/><U60/><E60/><V25/><F102/><W99/><G80/><T35/><AGARI ba="0,1" hai="26,27,28,31,32,35,54,59,61,68,69,75,79,82" machi="35" ten="20,5200,0" yaku="1,1,0,1,7,1,9,1,53,0" doraHai="123" doraHaiUra="9" who="0" fromWho="0" sc="92,62,122,-13,209,-13,567,-26" owari="154,-25.0,109,-39.0,196,0.0,541,64.0" /></mjloggm>