<mjloggm ver="2.3"><GO type="41" lobby="0"/><UN n0="%6D%6B%30%34%31%30" n1="%6D%6F%6D%69%61%67%65%30" n2="%E5%B0%B1%E6%B4%BB%E7%94%9F%40%E5%B7%9D%E6%9D%91%E8%BB%8D%E5%9B%A3" n3="%E3%83%98%E3%82%AF%E3%83%88" dan="16,15,14,14" rate="2091.80,1970.71,1960.15,1947.64" sx="M,M,M,M"/><TAIKYOKU oya="0"/><INIT seed="0,0,0,4,4,127" ten="250,250,250,250" oya="0" hai0="74,2,83,42,41,68,8,116,48,34,132,113,117" hai1="119,31,53,40,125,61,35,90,133,130,43,66,104" hai2="38,86,106,101,64,103,128,29,97,80,33,22,100" hai3="108,12,118,15,89,44,59,10,6,39,65,55,20"/><T21/><D113/><U45/><E125/><V70/><F38/><W24/><G118/><T58/><D68/><U126/><E126/><V92/><F92/><W94/><G108/><T120/><D34/><U71/><E133/><V114/><F114/><W51/><G65/><T73/><D132/><U105/><E119/><V14/><F14/><W75/><G75/><T54/><D120/><U36/><E130/><V47/><F22/><W5/><G39/><T81/><D117/><U95/><E40/><V129/><F47/><W32/><G32/><T79/><D116/><U76/><E76/><V28/><F28/><W84/><G44/><T1/><D21/><U85/><E35/><V107/><F29/><W7/><REACH who="3" step="1"/><G12/><REACH who="3" ten="250,250,250,240" step="2"/><T26/><D1/><U17/><E45/><V72/><F33/><W131/><G131/><N who="2" m="50249" /><F64/><W122/><G122/><T78/><D26/><U121/><E66/><V87/><F70/><W46/><G46/><T67/><D67/><U23/><E71/><V50/><F50/><W99/><G99/><T91/><D2/><U60/><E36/><V30/><F97/><W49/><G49/><T112/><D112/><U37/><E37/><V19/><F106/><W9/><G9/><T93/><D8/><U82/><E105/><V13/><F107/><W3/><G3/><T123/><D123/><U4/><E104/><V134/><F134/><W135/><G135/><T110/><D110/><U16/><E121/><V63/><F63/><W111/><G111/><T0/><D0/><U25/><E61/><V102/><F72/><W18/><AGARI ba="0,1" hai="5,6,7,10,15,18,20,24,51,55,59,84,89,94" machi="18" ten="20,5200,0" yaku="1,1,0,1,7,1,8,1,53,0" doraHai="127" doraHaiUra="57" who="3" fromWho="3" sc="250,-26,250,-13,250,-13,240,62" /><INIT seed="1,0,0,3,2,11" ten="224,237,237,302" oya="1" hai0="84,106,43,69,72,54,116,15,13,45,21,49,99" hai1="1,30,127,115,90,66,126,130,61,23,107,94,105" hai2="114,55,89,33,56,12,83,133,57,64,101,119,91" hai3="120,68,18,113,63,78,85,103,128,10,19,80,46"/><U7/><E115/><V109/><F33/><W62/><G120/><T22/><D72/><U24/><E130/><V110/><F119/><W36/><G113/><T51/><D69/><N who="1" m="42191" /><E7/><V65/><F114/><W102/><G128/><T29/><D116/><U53/><E53/><V86/><F101/><W35/><G35/><T82/><D106/><U3/><E3/><V58/><F133/><W6/><G68/><T34/><D99/><N who="1" m="57815" /><E1/><V77/><F55/><W97/><G103/><T44/><D34/><U131/><E131/><V42/><F42/><W88/><G78/><T28/><D28/><U9/><E9/><V81/><F12/><N who="0" m="4682" /><D29/><U117/><E117/><V123/><F123/><W37/><G102/><T60/><D60/><U0/><E0/><V73/><REACH who="2" step="1"/><F91/><AGARI ba="0,0" hai="21,22,43,44,45,49,51,54,82,84,91" m="4682" machi="91" ten="30,7700,0" yaku="8,1,52,3" doraHai="11" who="0" fromWho="2" sc="224,77,237,0,237,-77,302,0" /><INIT seed="2,0,0,4,4,86" ten="301,237,160,302" oya="2" hai0="8,98,87,46,12,126,51,63,53,97,43,104,119" hai1="69,24,50,88,25,121,1,112,132,107,102,33,90" hai2="127,30,48,78,61,82,11,114,35,36,58,118,49" hai3="0,15,128,31,29,32,10,65,57,55,4,5,123"/><V60/><F36/><W105/><G123/><T89/><D126/><U117/><E112/><V70/><F114/><W135/><G65/><T106/><D119/><U115/><E115/><V122/><F118/><W125/><G105/><T23/><D106/><U42/><E117/><V111/><F127/><W56/><G125/><T17/><D104/><U9/><E69/><V52/><F122/><W21/><G57/><N who="0" m="35247" /><D23/><U116/><E116/><V81/><F111/><W45/><G45/><T44/><D44/><N who="1" m="25879" /><E121/><V13/><F30/><W76/><G76/><T124/><D124/><U34/><E34/><V14/><F35/><W72/><G72/><T64/><D64/><U16/><E33/><V19/><F81/><AGARI ba="0,0" hai="8,12,17,43,46,51,81,87,89,97,98" m="35247" machi="81" ten="30,2000,0" yaku="8,1,52,1" doraHai="86" who="0" fromWho="2" sc="301,20,237,0,160,-20,302,0" /><INIT seed="3,0,0,0,2,31" ten="321,237,140,302" oya="3" hai0="45,98,43,115,82,107,20,129,37,36,41,77,95" hai1="125,112,97,63,68,66,85,12,128,67,131,24,44" hai2="33,25,29,39,94,90,71,30,78,122,54,121,87" hai3="111,130,105,88,103,69,80,59,17,109,73,106,116"/><W104/><G116/><T110/><D107/><U0/><E112/><V11/><F71/><W114/><G114/><T108/><D115/><U2/><E67/><V26/><F39/><W22/><G69/><T117/><D117/><U10/><E125/><V132/><F132/><W16/><G130/><N who="1" m="49706" /><E85/><V8/><F78/><W119/><G119/><T19/><D129/><U65/><E65/><V4/><F54/><W47/><G47/><T113/><D113/><U21/><E97/><V75/><F75/><W52/><G103/><T127/><D127/><U96/><E96/><V58/><F58/><W74/><G74/><T34/><D34/><U91/><E91/><V32/><REACH who="2" step="1"/><F4/><REACH who="2" ten="321,237,130,302" step="2"/><W6/><G6/><T89/><D37/><U135/><E135/><V120/><AGARI ba="0,1" hai="8,11,25,26,29,30,32,33,87,90,94,120,121,122" machi="120" ten="30,16000,3" yaku="1,1,2,1,0,1,9,1,13,1,52,2,53,2" doraHai="31" doraHaiUra="28" who="2" fromWho="2" sc="321,-40,237,-40,130,170,302,-80" /><INIT seed="4,0,0,0,1,92" ten="281,197,300,222" oya="0" hai0="49,65,132,117,1,55,130,2,98,84,94,56,36" hai1="127,59,9,32,122,123,27,19,69,15,8,6,113" hai2="16,17,133,68,38,128,42,121,13,134,14,107,62" hai3="30,87,124,83,114,101,18,58,116,51,25,129,77"/><T86/><D117/><U126/><E69/><V110/><F110/><W119/><G114/><T90/><D36/><U95/><E95/><V44/><F107/><W12/><G129/><T82/><D130/><U111/><E59/><V40/><F128/><W48/><G124/><N who="1" m="47658" /><E111/><V43/><F121/><W73/><G73/><T21/><D132/><N who="2" m="50794" /><F68/><W66/><G51/><T64/><D84/><U46/><E46/><V108/><F62/><W41/><G41/><N who="2" m="15977" /><F108/><W91/><G119/><T3/><REACH who="0" step="1"/><D21/><REACH who="0" ten="271,197,300,222" step="2"/><U118/><E118/><V53/><F53/><W89/><G116/><T96/><D96/><U29/><E113/><V61/><F61/><W72/><G87/><T23/><D23/><U26/><E26/><V22/><F22/><W34/><G25/><T71/><D71/><U100/><E100/><AGARI ba="0,1" hai="1,2,3,49,55,56,64,65,82,86,90,94,98,100" machi="100" ten="40,3900,0" yaku="1,1,52,1,53,0" doraHai="92" doraHaiUra="131" who="0" fromWho="1" sc="271,49,197,-39,300,0,222,0" /><INIT seed="4,1,0,0,0,14" ten="320,158,300,222" oya="0" hai0="34,45,4,62,122,113,103,124,71,28,52,83,42" hai1="54,44,96,46,129,40,37,130,91,49,60,86,57" hai2="53,111,64,29,81,110,39,20,16,94,134,135,127" hai3="97,98,78,58,36,26,3,15,117,38,23,87,115"/><T106/><D122/><U105/><E105/><V74/><F39/><W107/><G117/><T12/><D124/><U92/><REACH who="1" step="1"/><E96/><REACH who="1" ten="320,148,300,222" step="2"/><V56/><F111/><W82/><G98/><N who="0" m="61815" /><D113/><U6/><E6/><V90/><F110/><W2/><G97/><T102/><D4/><U30/><E30/><V108/><F108/><W32/><G107/><T8/><D102/><U116/><E116/><V114/><F29/><W99/><G99/><T27/><D83/><U0/><E0/><V95/><F127/><W19/><G3/><T13/><D8/><U125/><E125/><V24/><F114/><W59/><G2/><T120/><D120/><U121/><E121/><V21/><F134/><W48/><G115/><T123/><D123/><U93/><E93/><V47/><F135/><W18/><G82/><T67/><D52/><AGARI ba="1,1" hai="37,40,44,46,49,52,54,57,60,86,91,92,129,130" machi="52" ten="40,5200,0" yaku="1,1,54,1,53,1" doraHai="14" doraHaiUra="55" who="1" fromWho="0" sc="320,-55,148,65,300,0,222,0" /><INIT seed="5,0,0,5,2,61" ten="265,213,300,222" oya="1" hai0="55,79,92,72,135,103,119,66,95,26,33,14,113" hai1="59,126,23,87,42,49,105,7,24,28,2,38,84" hai2="65,101,47,54,94,118,107,40,67,13,12,34,116" hai3="88,43,102,96,8,32,125,58,36,74,115,122,18"/><U64/><E105/><V117/><F107/><W81/><G122/><T10/><D119/><U6/><E126/><V60/><F34/><W108/><G108/><T82/><D113/><U89/><E2/><V91/><F101/><W41/><G32/><T134/><D55/><U53/><E38/><V21/><F54/><W37/><G115/><T73/><D73/><U22/><E22/><V109/><F109/><W85/><G74/><T1/><D1/><U0/><E0/><V30/><F30/><W16/><G125/><T17/><D66/><U127/><E127/><V128/><F128/><W77/><G77/><T31/><REACH who="0" step="1"/><D103/><REACH who="0" ten="255,213,300,222" step="2"/><U35/><E64/><V20/><F65/><W120/><G102/><T98/><D98/><U5/><E42/><V110/><F110/><W62/><G96/><T70/><D70/><U9/><E84/><V63/><F67/><W75/><G75/><T133/><AGARI ba="0,1" hai="10,14,17,26,31,33,72,79,82,92,95,133,134,135" machi="133" ten="30,4000,0" yaku="1,1,0,1,20,1,53,0" doraHai="61" doraHaiUra="86" who="0" fromWho="0" sc="255,50,213,-20,300,-10,222,-10" /><INIT seed="6,0,0,3,1,49" ten="305,193,290,212" oya="2" hai0="14,18,102,26,88,39,40,91,31,98,41,71,30" hai1="133,126,108,34,128,16,84,56,106,78,96,7,47" hai2="74,107,20,46,121,2,89,5,85,131,132,79,123" hai3="101,129,72,11,119,115,125,65,111,42,24,13,33"/><V9/><F107/><W114/><G119/><T38/><D71/><U134/><E108/><V62/><F131/><W86/><G111/><T44/><D40/><U15/><E128/><V64/><F132/><N who="1" m="50793" /><E126/><V3/><F3/><W97/><G72/><T82/><D38/><U60/><E34/><V1/><F1/><W54/><G129/><T109/><D82/><N who="1" m="47191" /><E7/><V127/><F127/><W73/><G73/><T57/><D109/><U55/><E47/><V122/><F20/><W43/><G65/><T93/><D57/><U68/><E68/><V75/><F79/><W80/><G125/><T92/><D26/><U95/><E106/><V52/><F64/><W10/><G10/><T69/><D69/><U105/><E105/><V77/><F77/><W112/><G24/><T63/><D63/><U90/><E15/><V27/><F27/><W37/><G33/><T135/><D135/><U118/><E118/><V58/><REACH who="2" step="1"/><F46/><REACH who="2" ten="305,193,280,212" step="2"/><W103/><G114/><T87/><D102/><U32/><E32/><V83/><AGARI ba="0,1" hai="2,5,9,52,58,62,74,75,83,85,89,121,122,123" machi="83" ten="30,18000,2" yaku="1,1,2,1,0,1,52,1,54,1,53,1" doraHai="49" doraHaiUra="76" who="2" fromWho="2" sc="305,-60,193,-60,280,190,212,-60" /><INIT seed="6,1,0,5,5,75" ten="245,133,470,152" oya="2" hai0="76,118,0,89,35,69,80,72,114,22,92,9,99" hai1="73,121,116,13,117,74,19,17,83,104,63,60,38" hai2="33,55,128,47,64,8,61,87,54,37,119,58,45" hai3="131,20,70,98,81,78,123,25,7,120,1,68,66"/><V30/><F119/><W97/><G131/><T129/><D69/><U21/><E121/><V122/><F122/><W50/><G123/><T130/><D35/><U24/><E104/><V14/><F128/><N who="0" m="49258" /><D22/><U18/><E38/><V62/><F33/><W127/><G127/><T126/><D0/><U94/><E94/><V59/><F30/><W3/><G3/><T115/><D9/><U53/><E83/><V101/><F37/><W106/><G106/><T48/><D48/><U36/><E36/><V39/><F39/><W29/><G50/><T67/><D67/><U110/><E110/><V125/><F125/><W57/><G7/><T86/><D126/><U44/><E44/><V6/><F101/><W26/><G1/><T41/><D41/><U10/><E18/><V34/><F34/><W135/><G135/><T100/><D118/><U23/><E10/><V79/><F64/><W43/><G43/><T95/><AGARI ba="1,0" hai="72,76,80,86,89,92,95,99,100,114,115" m="49258" machi="95" ten="30,7900,0" yaku="19,1,34,2,52,1" doraHai="75" who="0" fromWho="0" sc="245,82,133,-21,470,-40,152,-21" /><INIT seed="7,0,0,4,4,3" ten="327,112,430,131" oya="3" hai0="125,126,134,17,115,107,111,60,95,116,108,27,135" hai1="42,12,54,93,96,46,2,76,58,132,34,13,89" hai2="110,68,75,52,92,59,105,71,11,78,74,39,23" hai3="32,28,49,120,36,55,112,87,114,79,66,81,0"/><W85/><G120/><T133/><D107/><U106/><E132/><V128/><F105/><W98/><G36/><T70/><D70/><U121/><E2/><V63/><F39/><W24/><G66/><T131/><D60/><U100/><E121/><V102/><F128/><W22/><G0/><T129/><D95/><U15/><E34/><V48/><F110/><W8/><G8/><T57/><D57/><U4/><E76/><V118/><F118/><W43/><G43/><T30/><D17/><U84/><E4/><V18/><F78/><W69/><G69/><T38/><D38/><U41/><REACH who="1" step="1"/><E46/><REACH who="1" ten="327,102,430,131" step="2"/><V33/><F33/><W94/><G32/><N who="0" m="20575" /><D116/><U47/><E47/><V67/><F71/><W122/><G122/><T86/><D115/><N who="3" m="44073" /><G79/><T1/><D1/><U109/><E109/><N who="0" m="42057" /><D86/><U83/><E83/><V50/><F11/><W37/><G81/><T97/><D97/><U44/><E44/><V25/><F50/><W26/><G37/><T21/><D21/><U77/><E77/><V61/><F48/><W82/><G82/><T80/><D80/><U117/><E117/><V16/><F18/><W40/><G40/><T104/><D104/><U73/><E73/><V10/><F10/><W127/><G26/><T72/><D72/><U14/><N who="1" m="3072" /><DORA hai="56" /><U64/><E64/><V119/><F119/><W20/><G22/><T45/><D45/><U90/><E90/><V65/><F65/><W51/><G49/><T103/><D103/><U31/><E31/><V113/><F113/><W7/><G7/><T53/><D53/><U5/><E5/><V99/><AGARI ba="0,1" hai="16,23,25,52,59,61,63,67,68,74,75,92,99,102" machi="99" ten="30,12000,2" yaku="5,1,0,1,52,2,54,2" doraHai="3,56" who="2" fromWho="2" sc="327,-30,102,-30,430,130,131,-60" owari="297,10.0,72,-33.0,560,66.0,71,-43.0" /></mjloggm>