<mjloggm ver="2.3"><GO type="41" lobby="0"/><UN n0="%70%61%70%79%72%75%73%66" n1="%E5%B0%B1%E6%B4%BB%E7%94%9F%40%E5%B7%9D%E6%9D%91%E8%BB%8D%E5%9B%A3" n2="%79%6F%6E%65%7A%6F%39" n3="%E9%A3%AF%E7%94%B0%E2%96%A1" dan="13,16,14,15" rate="1893.29,2174.57,2002.72,1993.30" sx="M,M,M,M"/><TAIKYOKU oya="0"/><INIT seed="0,0,0,1,5,4" ten="250,250,250,250" oya="0" hai0="91,68,53,119,93,64,56,87,15,37,12,111,3" hai1="71,88,26,105,90,11,59,19,104,34,16,72,124" hai2="127,98,103,116,14,99,23,61,2,8,51,110,69" hai3="35,44,33,45,27,125,66,21,106,30,101,42,22"/><T63/><D119/><U25/><E71/><V18/><F116/><W81/><G125/><T96/><D3/><U46/><E124/><V50/><F127/><W94/><G106/><N who="1" m="41066" /><E59/><V73/><F73/><W135/><G135/><T36/><D111/><U52/><E72/><V47/><F110/><W80/><G66/><T24/><D24/><N who="1" m="9323" /><E34/><V76/><F76/><W49/><G45/><T130/><D130/><U0/><E0/><V133/><F133/><W83/><G22/><T48/><D96/><U114/><E114/><V109/><F109/><W132/><G132/><T121/><D121/><U32/><E11/><V134/><F134/><W1/><G1/><T107/><D107/><U123/><E123/><V17/><F103/><W85/><REACH who="3" step="1"/><G85/><REACH who="3" ten="250,250,250,240" step="2"/><T60/><D60/><U58/><E46/><V55/><F61/><W57/><G57/><T117/><D117/><U102/><E32/><V112/><F69/><W54/><G54/><T9/><REACH who="0" step="1"/><D15/><REACH who="0" ten="240,250,250,240" step="2"/><U31/><E58/><V108/><F2/><W43/><G43/><T126/><D126/><U77/><E52/><V29/><F108/><W70/><G70/><T10/><D10/><U89/><E77/><V75/><F8/><W100/><G100/><T38/><D38/><U118/><E102/><V28/><F55/><W113/><G113/><T41/><D41/><U20/><E118/><V131/><F112/><W6/><G6/><AGARI ba="0,2" hai="6,9,12,36,37,48,53,56,63,64,68,87,91,93" machi="6" ten="30,5800,0" yaku="1,1,7,1,52,1,53,0" doraHai="4" doraHaiUra="128" who="0" fromWho="3" sc="240,78,250,0,250,0,240,-58" /><INIT seed="0,1,0,0,2,123" ten="318,250,250,182" oya="0" hai0="16,61,17,108,92,23,112,6,52,29,35,1,12" hai1="83,119,81,55,98,113,87,34,134,78,124,127,32" hai2="86,107,43,10,3,88,82,111,90,135,120,80,20" hai3="65,28,125,106,39,103,30,38,91,48,89,62,50"/><T69/><D112/><U46/><E119/><V66/><F107/><W5/><G125/><N who="1" m="48202" /><E113/><V4/><F120/><W114/><G114/><T25/><D17/><U13/><E134/><V117/><F117/><W59/><G106/><T68/><D92/><U19/><E98/><V0/><F135/><W2/><G103/><T121/><D121/><U104/><E104/><V105/><F105/><W129/><G2/><T110/><D68/><U41/><E55/><V8/><F66/><W33/><G5/><T64/><D52/><U100/><E100/><V70/><F70/><W47/><G129/><T22/><D22/><N who="1" m="11631" /><E83/><V77/><F43/><W73/><G73/><T58/><REACH who="0" step="1"/><D69/><REACH who="0" ten="308,250,250,182" step="2"/><U67/><E67/><V56/><F56/><W7/><G59/><T9/><AGARI ba="1,1" hai="1,6,9,12,16,23,25,29,35,58,61,64,108,110" machi="9" ten="30,24000,3" yaku="1,1,2,1,0,1,24,2,52,2,54,1,53,0" doraHai="123" doraHaiUra="51" who="0" fromWho="0" sc="308,253,250,-81,250,-81,182,-81" /><INIT seed="0,2,0,1,0,2" ten="561,169,169,101" oya="0" hai0="98,38,28,40,30,96,69,45,8,73,9,19,64" hai1="108,26,32,99,43,66,21,0,53,118,115,95,39" hai2="46,110,20,14,31,68,47,131,101,77,72,25,29" hai3="37,88,6,5,49,129,87,117,74,60,58,33,71"/><T91/><D73/><U12/><E118/><V121/><F68/><W13/><G74/><T35/><D35/><U83/><E108/><V120/><F110/><W42/><G33/><T50/><D38/><U78/><E115/><V55/><F101/><W61/><G129/><T16/><D69/><U135/><E0/><V126/><F126/><W4/><G37/><T119/><D64/><U41/><E135/><V48/><F131/><W89/><G71/><T11/><D119/><U85/><E39/><V104/><F104/><W17/><G117/><T100/><D91/><N who="3" m="34889" /><G87/><T27/><D98/><U125/><E125/><V103/><F103/><W24/><G24/><T132/><D132/><U54/><E66/><V65/><F65/><W114/><G114/><T70/><D70/><U81/><E12/><V130/><F130/><W102/><G102/><T34/><REACH who="0" step="1"/><D30/><REACH who="0" ten="551,169,169,101" step="2"/><N who="1" m="17743" /><E32/><V112/><F31/><W75/><G75/><T1/><D1/><U79/><E41/><V80/><F112/><W51/><G42/><T15/><D15/><U57/><E43/><V124/><F124/><W84/><G84/><T128/><D128/><U23/><E79/><V18/><F29/><W67/><G61/><T113/><D113/><U3/><E85/><V107/><F14/><W105/><G105/><AGARI ba="2,1" hai="8,9,11,16,19,27,28,34,40,45,50,96,100,105" machi="105" ten="40,3900,0" yaku="1,1,54,1,53,0" doraHai="2" doraHaiUra="133" who="0" fromWho="3" sc="551,55,169,0,169,0,101,-45" /><INIT seed="0,3,0,1,5,79" ten="606,169,169,56" oya="0" hai0="21,104,51,101,62,134,20,59,52,0,103,72,90" hai1="87,117,33,47,7,118,37,135,23,124,80,65,106" hai2="2,5,61,111,26,1,112,60,94,93,95,14,69" hai3="58,120,43,92,39,81,129,64,40,116,122,42,32"/><T82/><D134/><U97/><E33/><V35/><F112/><W56/><G32/><T133/><D133/><U71/><E124/><V38/><F38/><W128/><G92/><T11/><D104/><U85/><E135/><V84/><F111/><W113/><G81/><T119/><D119/><U22/><E7/><V28/><F84/><W19/><G19/><T114/><D114/><U27/><E85/><V110/><F110/><W109/><G113/><T25/><D0/><U31/><E23/><V49/><F49/><W63/><G109/><T30/><D11/><U107/><E71/><V86/><F86/><W89/><G89/><T29/><D72/><U4/><E65/><V73/><F73/><W74/><G74/><T8/><D8/><U99/><E4/><V100/><F100/><W46/><G116/><T70/><D70/><U24/><E24/><V83/><F83/><W66/><G46/><T108/><D108/><U36/><E106/><V16/><F69/><W13/><G13/><T10/><D10/><U125/><E125/><V17/><F17/><W55/><G39/><T67/><D90/><U75/><E75/><V68/><F5/><W18/><G18/><T131/><D131/><N who="3" m="50249" /><G66/><T41/><D82/><U132/><E132/><V6/><F6/><W96/><G96/><N who="1" m="36938" /><E107/><V44/><F44/><W15/><G15/><T121/><D121/><U91/><E47/><V127/><F127/><W9/><G9/><T130/><D130/><U102/><E102/><N who="0" m="38921" /><D41/><N who="3" m="10497" /><W115/><DORA hai="88" /><G115/><T34/><D30/><U105/><E105/><V54/><F28/><W123/><G123/><RYUUKYOKU ba="3,0" sc="606,10,169,10,169,-30,56,10" hai0="20,21,25,29,34,51,52,59,62,67" hai1="22,27,31,36,37,80,87,91,117,118" hai3="55,56,58,63,64,120,122" /><INIT seed="0,4,0,1,5,25" ten="616,179,139,66" oya="0" hai0="111,91,43,16,74,76,98,69,88,55,82,14,61" hai1="48,112,100,2,57,18,113,5,40,4,63,37,31" hai2="36,104,123,23,92,115,32,29,93,19,130,52,85" hai3="8,24,21,89,41,12,133,67,109,121,106,73,71"/><T99/><D43/><U78/><E37/><V116/><F104/><W134/><G73/><T35/><D35/><U10/><E5/><V62/><F36/><W54/><G106/><T60/><D111/><U119/><E119/><V51/><F123/><W75/><G75/><T95/><D69/><U17/><E31/><V0/><F115/><N who="1" m="44105" /><E78/><V59/><F0/><W81/><G109/><T94/><D55/><N who="1" m="34239" /><E100/><V13/><F116/><W124/><G41/><T80/><D82/><U131/><E131/><V122/><F130/><W103/><G124/><T102/><D102/><U46/><AGARI ba="4,0" hai="2,4,10,17,18,40,46,48" m="34239,44105" machi="46" ten="30,1100,0" yaku="11,1" doraHai="25" who="1" fromWho="1" sc="616,-9,179,23,139,-7,66,-7" /><INIT seed="1,0,0,0,0,5" ten="607,202,132,59" oya="1" hai0="37,35,32,27,126,31,39,45,41,36,52,89,114" hai1="113,24,128,9,48,80,121,68,103,85,135,101,119" hai2="100,26,120,23,112,66,25,117,115,65,95,105,44" hai3="90,78,70,64,81,74,7,22,61,21,57,102,133"/><U108/><E68/><V87/><F117/><W16/><G133/><T122/><D114/><N who="2" m="43562" /><F120/><W91/><G102/><T109/><D122/><U96/><E113/><V54/><F105/><W34/><G34/><T132/><D132/><U92/><E135/><V71/><F71/><W69/><G7/><T107/><D107/><U50/><E128/><V11/><F11/><W60/><G70/><T15/><D109/><U127/><E119/><V28/><F26/><W84/><G22/><T49/><D126/><U106/><E127/><V59/><F44/><W134/><G134/><T97/><D15/><U4/><E108/><V93/><F100/><W99/><G99/><T2/><D2/><U116/><E121/><V12/><F12/><W58/><G69/><T67/><D67/><N who="2" m="25610" /><F87/><W88/><G74/><T124/><D124/><U8/><E116/><V63/><AGARI ba="0,0" hai="23,25,28,54,59,63,93,95" m="25610,43562" machi="63" ten="30,1100,0" yaku="11,1" doraHai="5" who="2" fromWho="2" sc="607,-3,202,-5,132,11,59,-3" /><INIT seed="2,0,0,1,2,131" ten="604,197,143,56" oya="2" hai0="71,130,59,90,122,92,36,61,63,31,101,2,1" hai1="33,123,128,105,30,112,24,117,113,11,65,44,12" hai2="83,80,17,7,98,40,51,41,75,4,53,54,127" hai3="34,77,28,102,82,20,118,14,57,99,96,119,68"/><V15/><F127/><W104/><G68/><T87/><D36/><U27/><E105/><V107/><F75/><W78/><G34/><T106/><D122/><U100/><E100/><V94/><F107/><W120/><G120/><T56/><D130/><U39/><E39/><V124/><F124/><W45/><G99/><T38/><D71/><U19/><E65/><V91/><F83/><W64/><G45/><T46/><D31/><N who="1" m="19687" /><E44/><V60/><F80/><W111/><G111/><T84/><D84/><U86/><E86/><V13/><F60/><W8/><G78/><T133/><D133/><U22/><E128/><V9/><F4/><W37/><G37/><T135/><D135/><U103/><E103/><V66/><F66/><W49/><G28/><T18/><D18/><U134/><E134/><V70/><F70/><W0/><G20/><T89/><D89/><U132/><E132/><V52/><REACH who="2" step="1"/><F51/><REACH who="2" ten="604,197,133,56" step="2"/><W55/><G64/><T88/><D106/><U32/><E123/><V125/><F125/><W114/><G114/><N who="1" m="44138" /><E117/><V115/><F115/><W81/><G119/><T43/><D63/><U26/><E26/><V10/><AGARI ba="0,1" hai="7,9,10,13,15,17,40,41,52,53,54,91,94,98" machi="10" ten="30,11700,0" yaku="1,1,0,1,8,1,54,1,53,0" doraHai="131" doraHaiUra="23" who="2" fromWho="2" sc="604,-39,197,-39,133,127,56,-39" /><INIT seed="2,1,0,4,0,104" ten="565,158,260,17" oya="2" hai0="114,15,63,98,119,38,13,113,16,65,92,26,67" hai1="134,9,86,126,48,0,30,109,85,122,14,91,116" hai2="120,72,25,24,132,84,66,130,41,22,39,82,5" hai3="34,95,46,71,105,47,1,75,58,80,64,128,12"/><V23/><F120/><W106/><G1/><T121/><D38/><U129/><E116/><V115/><F115/><W61/><G34/><T8/><D121/><U83/><E0/><V40/><F130/><W17/><G128/><T33/><D119/><U102/><E109/><V51/><F132/><W78/><G71/><T88/><D65/><U53/><E122/><V28/><F66/><W27/><G27/><T117/><D117/><U43/><E129/><V99/><F5/><W54/><G64/><T20/><D33/><U74/><E126/><V29/><F39/><W87/><G106/><T127/><D13/><U2/><E134/><V94/><F72/><W123/><G105/><T103/><D103/><U125/><E125/><V4/><F4/><W79/><G123/><T3/><D3/><U135/><E43/><V90/><REACH who="2" step="1"/><F51/><REACH who="2" ten="565,158,250,17" step="2"/><W131/><G131/><T68/><REACH who="0" step="1"/><D127/><REACH who="0" ten="555,158,250,17" step="2"/><U57/><E135/><V107/><F107/><W77/><G75/><T81/><D81/><U55/><E74/><V133/><F133/><W108/><G108/><T18/><AGARI ba="1,2" hai="8,15,16,18,20,26,63,67,68,88,92,98,113,114" machi="18" ten="20,12000,2" yaku="1,1,0,1,7,1,54,2,53,1" doraHai="104" doraHaiUra="59" who="0" fromWho="0" sc="555,143,158,-31,250,-61,17,-31" owari="698,79.0,127,-27.0,189,-1.0,-14,-51.0" /></mjloggm>