<mjloggm ver="2.3"><GO type="41" lobby="0"/><UN n0="%74%79%64%79" n1="%6B%75%72%6F%68%61%73%33" n2="%E5%B0%B1%E6%B4%BB%E7%94%9F%40%E5%B7%9D%E6%9D%91%E8%BB%8D%E5%9B%A3" n3="%6D%69%74%73%75%5F%34%34" dan="15,13,15,13" rate="2023.18,1843.25,2013.03,1884.50" sx="M,M,M,M"/><TAIKYOKU oya="0"/><INIT seed="0,0,0,2,4,116" ten="250,250,250,250" oya="0" hai0="36,51,18,74,13,6,4,27,102,8,54,132,80" hai1="10,60,65,92,81,5,130,108,73,33,115,26,47" hai2="94,99,53,39,103,61,83,35,59,79,71,98,111" hai3="93,57,7,40,76,28,118,85,72,133,2,109,121"/><T12/><D36/><U124/><E73/><V9/><F111/><W135/><G118/><T105/><D132/><N who="3" m="50761" /><G109/><T31/><D105/><U55/><E108/><V89/><F35/><W17/><G28/><T46/><D102/><U67/><E115/><V15/><F39/><W23/><G121/><T38/><D38/><U104/><E104/><V20/><F71/><W32/><G32/><T101/><D101/><U114/><E114/><V129/><F129/><W78/><G72/><T58/><D74/><U1/><E130/><V134/><F134/><W97/><G40/><T3/><D80/><U125/><E81/><V90/><F20/><W107/><G85/><T126/><D126/><N who="1" m="48747" /><E92/><V127/><F127/><W70/><G70/><T117/><D117/><U19/><E47/><V112/><F112/><W25/><G107/><T41/><D3/><U84/><E84/><V49/><F98/><W87/><G87/><T56/><D41/><U45/><E45/><V29/><F29/><W82/><G82/><T30/><D30/><N who="1" m="19671" /><E19/><V68/><F79/><W52/><G7/><T128/><D128/><U77/><E77/><V21/><F83/><W43/><G2/><T106/><D106/><U69/><E67/><V91/><F21/><W62/><G43/><T96/><D96/><U86/><E86/><V34/><F34/><W22/><G22/><N who="0" m="15863" /><D4/><U42/><E42/><V44/><F68/><W100/><AGARI ba="0,0" hai="17,23,25,52,57,62,76,78,93,97,100" m="50761" machi="100" ten="30,2000,0" yaku="20,1,54,1" doraHai="116" who="3" fromWho="3" sc="250,-10,250,-5,250,-5,250,20" /><INIT seed="1,0,0,0,1,24" ten="240,245,245,270" oya="1" hai0="75,81,46,32,70,73,101,83,94,69,48,37,90" hai1="28,105,93,63,65,107,30,38,27,54,2,39,78" hai2="114,68,134,47,80,77,45,58,22,100,50,0,87" hai3="79,108,124,14,33,119,11,15,109,111,121,116,43"/><U86/><E2/><V61/><F0/><W8/><G43/><T98/><D37/><U51/><E39/><V13/><F114/><W112/><G79/><T133/><D32/><U60/><E38/><V6/><F134/><W92/><G92/><T118/><D118/><N who="3" m="45097" /><G124/><T5/><D5/><U41/><E41/><V72/><F68/><W66/><G66/><T89/><D133/><U9/><E9/><N who="3" m="3658" /><G112/><T131/><D131/><U128/><E128/><V1/><F1/><W123/><G33/><T62/><D62/><U34/><E63/><V106/><F6/><W132/><G132/><T25/><D48/><U96/><E78/><V17/><F72/><W125/><G125/><T104/><D46/><U103/><E86/><V135/><F135/><W18/><G18/><T74/><D70/><U102/><E102/><V26/><F106/><W49/><G49/><T57/><D57/><U115/><E115/><V122/><F122/><AGARI ba="0,0" hai="14,15,108,109,111,121,122,123" m="3658,45097" machi="122" ten="40,12000,2" yaku="28,2,14,1,12,1,34,2" doraHai="24" who="3" fromWho="2" sc="240,0,245,0,245,-120,270,120" /><INIT seed="2,0,0,0,4,107" ten="240,245,125,390" oya="2" hai0="121,89,115,35,67,28,131,73,69,60,122,90,124" hai1="72,34,129,119,4,49,132,33,44,6,97,62,116" hai2="81,66,59,99,135,45,92,108,48,94,110,102,13" hai3="126,24,133,82,128,23,47,87,64,120,2,51,39"/><V46/><F135/><W77/><G120/><T76/><D115/><U84/><E84/><V53/><F66/><W52/><G2/><T3/><D3/><U27/><E62/><V74/><F13/><W70/><G133/><T75/><D76/><U95/><E132/><V123/><F94/><W36/><G126/><T63/><D28/><U101/><E129/><V61/><F123/><W113/><G128/><T43/><D43/><U20/><E33/><V100/><F100/><W109/><G109/><N who="2" m="42089" /><F48/><W17/><REACH who="3" step="1"/><G113/><REACH who="3" ten="240,245,125,380" step="2"/><T98/><D131/><U15/><E119/><V5/><F5/><W30/><G30/><T55/><D124/><U58/><E116/><V7/><F7/><W32/><G32/><T56/><D35/><U93/><E6/><V105/><F105/><W54/><G54/><T125/><D125/><U96/><E4/><V118/><F118/><W31/><G31/><T103/><D122/><U37/><E34/><V106/><F106/><W18/><G18/><T1/><D1/><U68/><E37/><V26/><F26/><W14/><G14/><T127/><D127/><U29/><E15/><V21/><F21/><W19/><G19/><T11/><D121/><U91/><E68/><V16/><F16/><W25/><G25/><T104/><REACH who="0" step="1"/><D11/><REACH who="0" ten="230,245,125,380" step="2"/><U117/><E117/><V111/><N who="2" m="42097" /><V130/><DORA hai="38" /><F130/><W71/><G71/><T41/><D41/><U40/><E40/><V85/><F85/><W12/><G12/><T79/><D79/><AGARI ba="0,2" hai="45,46,53,59,61,74,79,81,92,99,102" m="42097" machi="79" ten="40,7700,0" yaku="14,1,10,1,52,1" doraHai="107,38" who="2" fromWho="0" sc="230,-77,245,0,125,97,380,0" /><INIT seed="2,1,0,2,0,12" ten="153,245,222,380" oya="2" hai0="118,106,4,85,109,20,93,10,8,131,44,14,113" hai1="69,96,94,56,90,43,38,34,99,51,45,53,77" hai2="125,76,110,31,16,49,7,105,29,135,71,37,58" hai3="73,46,68,122,116,130,57,27,126,108,18,82,89"/><V24/><F37/><W119/><G68/><T128/><D106/><U101/><E34/><V60/><F105/><W114/><G122/><T115/><D44/><U1/><E1/><V42/><F125/><W80/><G126/><T132/><D85/><U17/><E77/><V13/><F135/><W30/><G46/><T54/><D54/><U65/><E99/><V86/><F110/><W83/><G108/><T117/><D93/><U91/><REACH who="1" step="1"/><E17/><REACH who="1" ten="153,235,222,380" step="2"/><V9/><F71/><W28/><G18/><N who="0" m="10327" /><D109/><U41/><E41/><V48/><F7/><W103/><G73/><T6/><D132/><U95/><E95/><V2/><F2/><W75/><G75/><T5/><D115/><U55/><E55/><N who="2" m="33887" /><F42/><W64/><G114/><T98/><D98/><U102/><E102/><V11/><F11/><N who="0" m="4138" /><D113/><U107/><E107/><V87/><F76/><W23/><G103/><T35/><D35/><U70/><E70/><V88/><F86/><N who="3" m="50375" /><G30/><N who="2" m="11273" /><F24/><W84/><G84/><T25/><D25/><U100/><E100/><V62/><F62/><AGARI ba="1,1" hai="38,43,45,51,53,56,62,65,69,90,91,94,96,101" machi="62" ten="40,5200,0" yaku="1,1,24,2,53,0" doraHai="12" doraHaiUra="129" who="1" fromWho="2" sc="153,0,235,65,222,-55,380,0" /><INIT seed="3,0,0,3,1,129" ten="153,300,167,380" oya="3" hai0="38,101,31,8,57,130,91,23,132,5,116,42,103" hai1="9,6,75,83,112,36,35,59,113,99,90,7,86" hai2="127,81,78,118,0,124,43,125,122,44,68,3,58" hai3="4,20,47,64,134,135,51,79,120,126,63,53,17"/><W13/><G120/><T107/><D116/><U133/><E35/><V34/><F118/><W48/><G126/><T85/><D130/><U80/><E133/><N who="3" m="50698" /><G51/><T28/><D132/><U106/><E59/><V115/><F122/><W62/><G79/><T22/><D107/><U29/><E29/><N who="0" m="11337" /><D42/><U12/><E36/><V56/><F34/><W14/><G64/><T1/><D57/><N who="2" m="22122" /><F68/><W65/><G65/><T123/><D1/><N who="2" m="586" /><F115/><W27/><G4/><T52/><D38/><U77/><E7/><V109/><F109/><W92/><G92/><N who="0" m="54383" /><D123/><U89/><E106/><V10/><F10/><N who="3" m="6327" /><G14/><N who="0" m="5391" /><D52/><U72/><E72/><N who="2" m="43207" /><F43/><W95/><G95/><T66/><D66/><U128/><E128/><V88/><F44/><W71/><G71/><T110/><D110/><U96/><E112/><V108/><F108/><W67/><G67/><T60/><D60/><U74/><E113/><V54/><F54/><W16/><AGARI ba="0,0" hai="16,20,27,47,48,53,62,63" m="6327,50698" machi="16" ten="30,12000,1" yaku="20,1,52,3,54,1" doraHai="129" who="3" fromWho="3" sc="153,-40,300,-40,167,-40,380,120" /><INIT seed="3,1,0,3,2,64" ten="113,260,127,500" oya="3" hai0="34,117,32,120,57,95,93,56,26,49,90,18,75" hai1="61,101,97,96,6,77,80,63,37,29,23,58,70" hai2="100,41,102,65,110,1,89,121,79,28,111,81,130" hai3="108,99,119,13,82,71,60,10,84,44,50,16,125"/><W109/><G119/><T42/><D117/><U8/><E37/><V134/><F1/><W40/><G99/><T91/><D75/><U14/><E70/><V88/><F41/><W46/><G46/><T3/><D3/><U62/><E101/><N who="2" m="39019" /><F65/><W113/><G125/><T35/><D120/><U126/><E126/><V33/><F33/><W122/><G122/><T19/><D26/><N who="1" m="16607" /><E58/><V133/><F28/><W48/><G48/><T52/><D42/><U104/><E104/><V31/><F31/><W25/><G25/><T112/><D57/><U47/><E47/><V118/><F118/><W21/><G21/><T76/><D76/><U0/><E0/><V98/><F130/><W78/><G113/><T20/><D112/><U45/><E45/><V38/><F38/><W12/><G12/><T85/><REACH who="0" step="1"/><D20/><REACH who="0" ten="103,260,127,500" step="2"/><U107/><E107/><V2/><F2/><W106/><REACH who="3" step="1"/><G106/><REACH who="3" ten="103,260,127,490" step="2"/><T115/><D115/><U53/><E97/><AGARI ba="1,2" hai="18,19,32,34,35,49,52,56,85,90,91,93,95,97" machi="97" ten="40,2600,0" yaku="1,1,54,1,53,0" doraHai="64" doraHaiUra="67" who="0" fromWho="1" sc="103,49,260,-29,127,0,490,0" /><INIT seed="4,0,0,5,4,84" ten="152,231,127,490" oya="0" hai0="68,18,40,118,116,30,91,58,126,130,19,46,82" hai1="21,105,122,47,94,101,87,69,106,35,39,78,10" hai2="129,120,131,45,96,80,113,75,128,8,99,44,27" hai3="127,43,14,9,13,2,83,125,55,33,41,5,67"/><T85/><D68/><U119/><E35/><V72/><F27/><W6/><G67/><T95/><D30/><U42/><E69/><V121/><F8/><W66/><G66/><T111/><D130/><U16/><E119/><V135/><F135/><W17/><G83/><T123/><D123/><N who="2" m="47178" /><F113/><W3/><G55/><T57/><D126/><N who="3" m="48137" /><G33/><T1/><D1/><N who="3" m="9" /><G13/><T59/><D111/><U73/><E122/><V25/><F25/><W50/><G50/><N who="0" m="26951" /><D116/><U79/><E10/><V107/><F107/><W38/><G38/><T134/><D134/><U49/><E39/><V109/><F109/><W104/><G104/><T93/><D118/><U89/><E101/><V26/><F26/><W23/><G9/><T62/><D62/><U90/><E105/><V88/><F45/><W60/><G60/><T36/><D36/><U133/><E106/><V112/><F44/><W15/><G15/><T54/><D54/><U74/><E133/><V37/><F37/><W12/><G12/><T11/><D11/><U7/><E7/><AGARI ba="0,0" hai="5,6,7,14,17,23,41,43" m="9,48137" machi="7" ten="30,1000,0" yaku="18,1" doraHai="84" who="3" fromWho="1" sc="152,0,231,-10,127,0,490,10" /><INIT seed="5,0,0,0,0,82" ten="152,221,127,500" oya="1" hai0="96,111,116,133,84,88,1,59,69,75,32,70,41" hai1="104,30,73,91,72,5,48,87,26,22,0,64,103" hai2="106,25,89,83,127,95,35,129,132,13,105,44,55" hai3="19,51,31,54,14,68,86,130,113,109,74,90,34"/><U131/><E131/><V38/><F129/><W124/><G68/><T53/><D111/><U110/><E110/><V128/><F127/><W107/><G109/><T93/><D116/><U114/><E114/><V37/><F132/><W120/><G107/><T78/><D32/><U121/><E121/><V98/><F128/><W28/><G74/><T126/><D1/><U123/><E123/><V7/><F37/><W66/><G66/><T108/><D108/><U8/><E64/><V40/><F55/><W20/><G113/><T11/><D133/><U58/><E104/><V56/><F56/><N who="3" m="32863" /><G120/><T24/><D126/><U112/><E112/><V16/><F7/><W47/><G47/><T122/><D122/><U36/><E36/><V43/><F43/><W27/><G130/><T18/><D41/><U71/><E71/><V2/><F2/><W79/><G79/><T21/><D11/><U46/><E58/><V85/><F25/><W125/><G31/><T94/><D78/><U80/><REACH who="1" step="1"/><E103/><REACH who="1" ten="152,211,127,500" step="2"/><V134/><F35/><N who="3" m="20895" /><G124/><T15/><D70/><U12/><E12/><V118/><F118/><W29/><G125/><T102/><D69/><U61/><E61/><V6/><F134/><W9/><G34/><T76/><D15/><U65/><E65/><V39/><F39/><W57/><G57/><T115/><D115/><U23/><E23/><V100/><F6/><W50/><G20/><AGARI ba="0,1" hai="13,16,20,38,40,44,83,85,89,95,98,100,105,106" machi="20" ten="30,3900,0" yaku="7,1,52,1,54,1" doraHai="82" who="2" fromWho="3" sc="152,0,211,0,127,49,500,-39" /><INIT seed="6,0,0,1,1,42" ten="152,211,176,461" oya="2" hai0="119,46,101,99,113,16,84,114,103,55,63,124,125" hai1="35,95,6,94,15,86,12,33,9,44,62,131,92" hai2="132,71,111,1,53,72,122,40,121,68,77,57,100" hai3="104,11,96,85,117,128,20,134,126,36,31,120,109"/><V21/><F1/><W47/><G117/><T23/><D119/><U112/><E112/><N who="0" m="43113" /><D84/><U43/><E131/><V59/><F72/><W45/><G120/><N who="2" m="46185" /><F77/><W30/><G36/><T41/><D55/><U110/><E110/><V22/><F100/><N who="0" m="38474" /><D63/><U70/><E15/><V28/><F28/><W130/><G109/><T106/><D99/><U65/><REACH who="1" step="1"/><E86/><REACH who="1" ten="152,201,176,461" step="2"/><V115/><F111/><W61/><G85/><T5/><D106/><U34/><E34/><V54/><F132/><W88/><G104/><T27/><D5/><U3/><E3/><V52/><F115/><W0/><G134/><T89/><D89/><U13/><E13/><V75/><F75/><W107/><G107/><T67/><D67/><U118/><E118/><V51/><F22/><W60/><G0/><T56/><D56/><N who="2" m="21578" /><F21/><W108/><G108/><T69/><D69/><U39/><AGARI ba="0,1" hai="6,9,12,33,35,39,43,44,62,65,70,92,94,95" machi="39" ten="30,7900,0" yaku="1,1,0,1,52,1,53,1" doraHai="42" doraHaiUra="37" who="1" fromWho="1" sc="152,-20,201,89,176,-39,461,-20" /><INIT seed="7,0,0,3,4,130" ten="132,290,137,441" oya="3" hai0="54,46,79,81,92,48,103,52,35,30,5,63,121" hai1="61,82,3,95,84,66,24,27,0,133,104,128,60" hai2="120,20,40,102,53,19,113,43,125,76,11,51,59" hai3="70,6,74,106,124,85,64,88,13,15,118,119,37"/><W96/><G37/><T41/><D121/><U21/><E104/><V55/><F120/><W99/><G124/><T17/><D35/><U18/><E128/><V69/><F69/><W75/><G64/><T28/><D5/><U100/><E27/><V49/><F113/><W108/><G70/><T111/><D111/><U34/><E34/><V7/><F125/><W12/><G108/><T2/><D2/><U1/><E100/><V135/><F76/><W32/><G32/><T73/><D17/><U91/><E82/><V50/><F102/><W129/><G129/><T89/><D103/><U122/><E122/><V134/><F11/><W110/><G6/><T47/><D63/><U77/><E77/><V39/><F7/><W109/><G109/><T86/><D54/><U98/><E84/><V29/><F29/><W117/><G110/><T105/><D105/><U97/><E97/><V31/><F31/><W38/><G38/><AGARI ba="0,0" hai="28,30,38,41,46,47,48,52,73,79,81,86,89,92" machi="38" ten="30,2000,0" yaku="7,1,54,1" doraHai="130" who="0" fromWho="3" sc="132,20,290,0,137,0,441,-20" owari="152,-25.0,290,9.0,137,-36.0,421,52.0" /></mjloggm>