<mjloggm ver="2.3"><GO type="97" lobby="0"/><UN n0="%E3%83%88%E3%83%88%E3%83%AA%E5%85%88%E7%94%9F%31%39%E6%AD%B3" n1="%73%61%6C%74%79%64%6F%67" n2="%E5%BE%8C%E8%97%A4%E6%AD%A3%E4%B9%9F" n3="%54%4B%50" dan="15,15,13,13" rate="2053.20,2013.20,1880.10,1922.15" sx="F,M,M,M"/><TAIKYOKU oya="0"/><INIT seed="0,0,0,4,3,126" ten="250,250,250,250" oya="0" hai0="47,133,112,14,55,130,71,54,3,77,115,123,60" hai1="26,16,96,65,125,90,83,105,128,40,87,95,57" hai2="135,61,44,56,35,27,82,73,23,117,33,38,99" hai3="39,101,7,108,131,84,94,49,93,42,22,102,67"/><T46/><D123/><U62/><E125/><V85/><F117/><W121/><G39/><T64/><D3/><U91/><E40/><V111/><F111/><W106/><G106/><T88/><D77/><U129/><E105/><V63/><F73/><W53/><G108/><T110/><D110/><U30/><REACH who="1" step="1"/><E16/><REACH who="1" ten="250,240,250,250" step="2"/><V98/><F135/><W52/><G7/><T15/><D133/><U13/><E13/><V92/><F38/><W6/><G6/><T109/><D109/><U78/><E78/><V86/><F27/><W0/><G0/><T107/><D107/><U68/><E68/><V59/><F23/><AGARI ba="0,1" hai="23,26,30,57,62,65,83,87,90,91,95,96,128,129" machi="23" ten="40,5200,0" yaku="1,1,52,2,53,0" doraHai="126" doraHaiUra="34" who="1" fromWho="2" sc="250,0,240,62,250,-52,250,0" /><INIT seed="1,0,0,5,1,66" ten="250,302,198,250" oya="1" hai0="29,7,25,39,105,15,35,38,91,14,56,47,132" hai1="32,75,2,120,112,31,130,40,58,93,81,55,33" hai2="27,9,69,53,115,10,119,116,21,114,34,70,78" hai3="99,19,20,8,89,133,59,16,18,23,106,110,24"/><U82/><E120/><V121/><F78/><W51/><G133/><T64/><D105/><U74/><E112/><N who="2" m="43051" /><F34/><W104/><G110/><T96/><D132/><U26/><E2/><V131/><F121/><W122/><G122/><T44/><D96/><U125/><E40/><V84/><F131/><W48/><G8/><N who="2" m="3177" /><F84/><W1/><G1/><T5/><D91/><U102/><E130/><V49/><F49/><N who="3" m="19019" /><G106/><T83/><D83/><U128/><E128/><V129/><F53/><W113/><G104/><T76/><D76/><U124/><E75/><V77/><F77/><W43/><G113/><T41/><D7/><U46/><E33/><V37/><F37/><W54/><G43/><T127/><D5/><U107/><E74/><V85/><F85/><W87/><G99/><T118/><D41/><U12/><E107/><V103/><F103/><W30/><G23/><T13/><D38/><U0/><E102/><V123/><F123/><W50/><G30/><T97/><D29/><U135/><E0/><V28/><F129/><W60/><N who="3" m="19027" /><W36/><DORA hai="45" /><G36/><T62/><D39/><U63/><E135/><V3/><F3/><W92/><AGARI ba="0,0" hai="16,18,19,20,24,54,59,60,87,89,92" m="19027" machi="92" ten="30,12000,2" yaku="8,1,52,4,54,1" doraHai="66,45" who="3" fromWho="3" sc="250,-30,302,-60,198,-30,250,120" /><INIT seed="2,0,0,5,4,47" ten="220,242,168,370" oya="2" hai0="103,127,106,0,26,97,134,53,119,128,89,6,108" hai1="105,133,5,99,55,93,28,69,73,46,132,100,20" hai2="74,66,42,1,65,101,123,4,32,45,135,23,104" hai3="7,10,34,76,43,9,125,82,12,21,13,39,131"/><V48/><F123/><W41/><G34/><T11/><D108/><U91/><E5/><V86/><F32/><W72/><G131/><T3/><D128/><U63/><E73/><V115/><F74/><W16/><G125/><T87/><D127/><U113/><E113/><V102/><F115/><W64/><G39/><T18/><D134/><N who="1" m="51819" /><E69/><V95/><F135/><W2/><REACH who="3" step="1"/><G64/><REACH who="3" ten="220,242,168,360" step="2"/><T111/><D111/><U54/><E105/><V19/><F104/><W78/><G78/><T14/><D119/><U84/><E100/><V25/><F102/><W124/><G124/><T88/><D89/><U120/><E91/><V8/><REACH who="2" step="1"/><F86/><REACH who="2" ten="220,242,158,360" step="2"/><W31/><G31/><T49/><D106/><U44/><E84/><V61/><F61/><W83/><G83/><T50/><D103/><N who="1" m="60911" /><E63/><V17/><F17/><AGARI ba="0,2" hai="2,7,9,10,12,13,16,17,21,41,43,72,76,82" machi="17" ten="30,3900,0" yaku="1,1,7,1,54,1,53,0" doraHai="47" doraHaiUra="90" who="3" fromWho="2" sc="220,0,242,0,158,-39,360,59" /><INIT seed="3,0,0,2,1,79" ten="220,242,119,419" oya="3" hai0="57,9,35,64,55,58,62,124,83,8,76,28,84" hai1="105,31,74,11,115,134,110,17,130,47,131,103,4" hai2="33,3,19,42,102,21,87,121,126,95,125,10,94" hai3="69,81,73,133,38,116,132,34,54,128,60,44,20"/><W117/><G34/><T120/><D120/><U61/><E115/><V41/><F121/><W43/><G128/><T122/><D122/><U14/><E110/><V29/><F102/><W66/><G20/><T32/><D124/><U16/><E74/><V86/><F33/><W98/><G98/><T5/><D9/><U93/><E105/><V91/><F29/><W109/><G109/><T7/><D7/><U49/><E61/><V97/><F10/><W100/><G100/><T104/><D104/><U107/><E107/><V52/><F97/><W37/><G37/><T80/><D28/><U68/><E31/><V13/><F21/><W50/><G81/><T118/><D118/><N who="3" m="45673" /><G73/><T123/><D123/><U75/><E75/><V53/><F91/><W36/><G36/><T39/><D39/><U45/><E68/><V92/><F19/><W51/><G38/><T99/><D99/><N who="1" m="59887" /><E134/><V82/><F13/><W59/><AGARI ba="0,0" hai="43,44,50,51,54,59,60,66,69,132,133" m="45673" machi="59" ten="30,3000,0" yaku="34,2" doraHai="79" who="3" fromWho="3" sc="220,-10,242,-10,119,-10,419,30" owari="210,-19.0,232,3.0,109,-39.0,449,55.0" /></mjloggm>