<mjloggm ver="2.3"><GO type="225" lobby="0"/><UN n0="%E5%B0%B1%E6%B4%BB%E7%94%9F%40%E5%B7%9D%E6%9D%91%E8%BB%8D%E5%9B%A3" n1="%E3%81%BF%E3%81%BF%E3%81%9A" n2="%E5%90%91%E4%BA%95%E7%90%86" n3="%E9%A7%84%E5%A6%B9" dan="17,17,17,16" rate="2095.78,2164.73,2180.25,2177.12" sx="M,M,M,F"/><TAIKYOKU oya="0"/><INIT seed="0,0,0,1,4,58" ten="250,250,250,250" oya="0" hai0="69,9,92,20,122,23,18,116,82,8,10,16,29" hai1="55,54,126,104,124,67,11,85,21,25,96,103,57" hai2="115,32,134,45,97,81,90,120,86,3,34,101,65" hai3="72,36,125,59,2,102,61,127,87,66,28,130,24"/><T12/><D69/><U33/><E33/><V42/><F3/><W13/><G72/><T68/><D68/><U94/><E11/><N who="0" m="4169" /><D116/><U76/><E67/><V49/><F134/><W30/><G2/><T4/><D122/><U44/><E44/><V15/><F120/><W75/><G75/><T89/><D82/><N who="1" m="47303" /><E104/><V52/><F115/><W64/><G36/><T0/><D92/><U39/><E39/><V26/><F65/><W110/><G130/><T17/><D89/><U56/><E56/><V84/><F84/><W112/><G110/><T6/><D6/><U46/><E46/><V40/><F15/><W99/><G13/><N who="0" m="9231" /><D18/><N who="1" m="12471" /><E57/><V73/><F73/><W129/><G59/><T113/><D113/><U48/><E48/><V31/><REACH who="2" step="1"/><F34/><REACH who="2" ten="250,250,240,250" step="2"/><W132/><G66/><T131/><D131/><U109/><E109/><V93/><AGARI ba="0,1" hai="26,31,32,40,42,45,49,52,81,86,90,93,97,101" machi="93" ten="20,8000,1" yaku="1,1,2,1,0,1,7,1,54,1,53,0" doraHai="58" doraHaiUra="60" who="2" fromWho="2" sc="250,-40,250,-20,240,90,250,-20" /><INIT seed="1,0,0,5,1,114" ten="210,230,330,230" oya="1" hai0="37,105,92,134,124,53,51,111,28,88,121,26,45" hai1="84,31,66,125,15,100,24,75,67,112,94,43,2" hai2="3,119,128,93,56,127,57,72,41,97,109,61,89" hai3="59,118,40,42,69,9,95,135,80,83,30,39,101"/><U106/><E112/><V44/><F3/><W1/><G69/><T130/><D111/><U4/><E75/><V60/><F72/><W76/><G135/><T11/><D124/><U64/><E2/><V25/><F119/><W58/><G83/><T48/><D130/><U16/><E125/><V20/><F109/><W120/><G120/><T6/><D105/><U79/><E106/><V38/><F128/><W131/><G30/><T77/><D134/><U107/><E107/><V82/><F82/><W122/><G122/><T117/><D121/><U98/><E43/><V63/><REACH who="2" step="1"/><F127/><REACH who="2" ten="210,230,320,230" step="2"/><W102/><G118/><T54/><D117/><U74/><E74/><V65/><F65/><W19/><G131/><T103/><D37/><U49/><E66/><V17/><AGARI ba="0,1" hai="17,20,25,38,41,44,56,57,60,61,63,89,93,97" machi="17" ten="30,4000,0" yaku="1,1,0,1,53,1" doraHai="114" doraHaiUra="12" who="2" fromWho="2" sc="210,-10,230,-20,320,50,230,-10" /><INIT seed="2,0,0,3,1,53" ten="200,210,370,220" oya="2" hai0="129,12,109,32,94,133,57,63,117,1,23,132,65" hai1="59,56,2,10,121,113,107,44,27,110,103,122,54" hai2="15,31,3,70,52,92,98,55,28,37,16,33,90" hai3="134,69,127,89,106,0,38,104,97,43,73,83,102"/><V75/><F3/><W87/><G69/><T5/><D32/><U79/><E113/><V76/><F70/><W125/><G0/><T101/><D117/><U96/><E110/><V71/><F71/><W58/><G134/><N who="0" m="51819" /><D129/><U124/><E124/><N who="3" m="47690" /><G73/><T128/><D109/><U64/><E79/><V66/><F37/><W11/><G11/><N who="0" m="2479" /><D128/><U100/><E100/><V41/><F66/><W24/><G24/><T120/><D120/><N who="1" m="46187" /><E64/><V36/><F76/><W131/><G131/><T22/><D12/><U7/><E27/><V119/><F75/><W18/><G18/><T86/><D101/><U21/><E21/><V4/><F33/><W84/><G38/><T105/><D105/><U62/><E62/><V88/><F36/><W126/><G126/><T116/><D116/><U30/><E30/><V115/><F31/><W80/><G43/><T8/><D8/><U82/><E82/><V20/><F41/><W6/><G6/><T78/><D94/><U95/><E107/><V42/><F42/><W25/><G25/><T77/><D77/><U17/><E17/><V9/><F28/><W67/><G106/><T61/><D61/><U68/><E68/><V48/><F119/><W60/><G89/><T114/><D114/><U29/><E29/><V19/><F90/><W112/><G112/><T74/><D74/><U123/><N who="1" m="46195" /><U118/><DORA hai="91" /><E118/><V47/><F115/><W46/><G83/><AGARI ba="0,0" hai="22,23,57,63,65,78,83,86" m="2479,51819" machi="83" ten="30,2000,0" yaku="20,1,52,1" doraHai="53,91" who="0" fromWho="3" sc="200,20,210,0,370,0,220,-20" /><INIT seed="3,0,0,4,2,44" ten="220,210,370,200" oya="3" hai0="101,40,24,25,59,96,128,130,5,35,26,99,97" hai1="8,10,100,132,11,72,12,0,60,84,7,42,46" hai2="79,41,70,31,14,51,106,58,34,127,56,2,83" hai3="30,15,77,111,23,82,73,129,39,133,122,119,6"/><W124/><G119/><T125/><D125/><U69/><E72/><V48/><F2/><W57/><G122/><T71/><D71/><U1/><E132/><V94/><F70/><W43/><G124/><T4/><D35/><U90/><E100/><V91/><F106/><W89/><G133/><T85/><D101/><U36/><E1/><V28/><F34/><W22/><G129/><N who="0" m="49771" /><D40/><U37/><E37/><V112/><F14/><W16/><G111/><T53/><D85/><U109/><E109/><V120/><F41/><W78/><G6/><T123/><D123/><U27/><E27/><N who="0" m="6913" /><T135/><DORA hai="47" /><D135/><U92/><REACH who="1" step="1"/><E0/><REACH who="1" ten="220,200,370,200" step="2"/><V19/><F127/><W17/><G73/><T74/><D74/><U65/><AGARI ba="0,1" hai="7,8,10,11,12,36,42,46,60,65,69,84,90,92" machi="65" ten="30,4000,0" yaku="1,1,2,1,0,1,53,0" doraHai="44,47" doraHaiUra="32,121" who="1" fromWho="1" sc="220,-10,200,50,370,-10,200,-20" owari="210,-19.0,250,5.0,360,46.0,180,-32.0" /></mjloggm>