<mjloggm ver="2.3"><GO type="97" lobby="0"/><UN n0="%E5%B0%B1%E6%B4%BB%E7%94%9F%40%E5%B7%9D%E6%9D%91%E8%BB%8D%E5%9B%A3" n1="%6E%61%67%61%30%33" n2="%E3%81%AA%E3%82%81%E3%81%9F%EF%BD%8B" n3="%41%6D%65%74%68%75%73" dan="15,14,13,15" rate="1998.32,1939.92,1929.19,1998.17" sx="M,M,F,M"/><TAIKYOKU oya="0"/><INIT seed="0,0,0,1,5,79" ten="250,250,250,250" oya="0" hai0="94,119,109,67,27,78,82,58,77,34,25,110,0" hai1="98,44,11,114,127,57,99,107,96,134,63,133,2" hai2="111,75,21,125,46,8,23,116,17,132,74,73,30" hai3="26,37,14,76,108,56,43,12,95,13,68,84,93"/><T65/><D119/><U131/><E127/><V1/><F125/><W49/><G68/><T102/><D0/><U48/><E131/><V97/><F116/><W128/><G37/><T71/><D71/><U90/><E114/><V47/><F30/><W85/><G128/><T15/><D15/><U3/><E90/><V35/><F35/><W126/><G126/><T113/><D113/><U91/><E91/><V53/><F111/><N who="0" m="42506" /><D34/><U83/><E83/><V112/><F112/><W19/><G108/><T28/><D77/><U104/><E11/><V135/><F97/><N who="1" m="37481" /><E3/><V4/><F53/><N who="3" m="31791" /><G43/><T64/><D102/><U120/><E2/><V62/><F62/><W86/><G76/><T89/><D58/><U29/><N who="1" m="37489" /><U123/><DORA hai="52" /><E29/><V59/><F59/><W100/><G100/><T18/><D18/><U92/><E48/><V7/><F4/><W61/><G61/><T87/><D28/><U60/><E44/><V42/><F42/><W20/><AGARI ba="0,0" hai="12,13,14,19,20,26,84,85,86,93,95" m="31791" machi="20" ten="40,2700,0" yaku="8,1,52,1" doraHai="79,52" who="3" fromWho="3" sc="250,-13,250,-7,250,-7,250,27" /><INIT seed="1,0,0,0,0,127" ten="237,243,243,277" oya="1" hai0="111,2,4,22,70,43,60,110,132,38,25,69,134" hai1="125,44,19,6,10,49,77,72,8,1,120,133,24" hai2="118,80,99,63,83,7,100,97,124,68,3,85,31" hai3="75,65,50,12,87,112,52,36,76,71,117,0,42"/><U115/><E19/><V56/><F118/><W119/><G112/><T67/><D2/><U113/><E24/><V51/><F99/><W91/><G0/><T26/><D4/><U95/><E49/><V58/><F124/><W131/><G76/><T39/><D70/><U34/><E44/><V108/><F108/><N who="0" m="41514" /><D26/><U64/><E95/><V32/><F68/><W106/><G75/><T96/><D96/><U82/><E10/><V29/><F32/><W78/><G78/><T74/><D74/><U20/><E20/><V33/><F33/><W11/><G106/><T114/><D114/><N who="1" m="43531" /><E133/><N who="0" m="51305" /><D43/><U37/><E120/><V123/><F123/><W121/><G121/><T5/><D5/><U61/><E125/><V18/><F83/><W45/><G119/><T102/><D102/><U13/><E13/><V81/><F80/><N who="3" m="49639" /><G12/><T62/><D62/><U40/><E34/><V54/><F18/><AGARI ba="0,0" hai="18,22,25,38,39,60,67,69" m="51305,41514" machi="18" ten="30,2000,0" yaku="14,1,20,1" doraHai="127" who="0" fromWho="2" sc="237,20,243,0,243,-20,277,0" /><INIT seed="2,0,0,3,0,38" ten="257,243,223,277" oya="2" hai0="94,83,2,9,124,33,93,65,126,100,56,36,14" hai1="116,111,68,98,75,21,13,44,72,82,107,105,121" hai2="87,37,19,110,64,18,17,80,50,135,32,34,78" hai3="4,104,29,28,27,76,8,92,23,12,35,5,51"/><V61/><F37/><W22/><G104/><N who="1" m="40010" /><E44/><V26/><F135/><W53/><G76/><T134/><D33/><U0/><E98/><V125/><F125/><N who="0" m="48234" /><D2/><U113/><E13/><V11/><F11/><N who="3" m="4199" /><G92/><T96/><D36/><U118/><E21/><N who="3" m="7690" /><G53/><T57/><D134/><U58/><E58/><N who="0" m="22633" /><D83/><U45/><E82/><V24/><F50/><W7/><G51/><T114/><D114/><U39/><E111/><V60/><F110/><W70/><G70/><T55/><D94/><U127/><E127/><V109/><F109/><W129/><G129/><T95/><D95/><U40/><E113/><V112/><F112/><W41/><G41/><T117/><D117/><N who="1" m="45163" /><E121/><V81/><F80/><W133/><G133/><T79/><D79/><U63/><E0/><V132/><F132/><W10/><G29/><T115/><D115/><U30/><E30/><V103/><F103/><W69/><G69/><T84/><D84/><U20/><E20/><V62/><REACH who="2" step="1"/><F64/><AGARI ba="0,0" hai="39,40,45,63,64,68,72,75" m="45163,40010" machi="64" ten="30,2000,0" yaku="23,1,52,1" doraHai="38" who="1" fromWho="2" sc="257,0,243,20,223,-20,277,0" /><INIT seed="3,0,0,0,5,133" ten="257,263,203,277" oya="3" hai0="111,96,101,64,80,112,105,124,48,59,74,17,57" hai1="5,103,45,79,72,54,86,84,3,38,102,71,12" hai2="24,55,8,104,52,99,15,93,125,21,122,18,35" hai3="129,126,51,77,83,44,128,107,37,19,56,108,10"/><W73/><G107/><T117/><D117/><U109/><E12/><V23/><F104/><W16/><G37/><T53/><D112/><U13/><E13/><V120/><F125/><W30/><G10/><T135/><D135/><U43/><E54/><V61/><F35/><W118/><G118/><T22/><D111/><U134/><E109/><V98/><F23/><W32/><G56/><T119/><D119/><U2/><E134/><V130/><F130/><N who="3" m="50283" /><G108/><T88/><D124/><U40/><E72/><V123/><F61/><W82/><G82/><T100/><D100/><U131/><E45/><V97/><REACH who="2" step="1"/><F93/><REACH who="2" ten="257,263,193,277" step="2"/><W27/><G126/><T25/><D64/><U50/><E131/><V94/><F94/><W92/><G92/><T4/><D4/><AGARI ba="0,1" hai="4,8,15,18,21,24,52,55,97,98,99,120,122,123" machi="4" ten="50,6400,0" yaku="1,1,13,1,54,1,53,0" doraHai="133" doraHaiUra="113" who="2" fromWho="0" sc="257,-64,263,0,193,74,277,0" /><INIT seed="4,0,0,3,0,103" ten="193,263,267,277" oya="0" hai0="116,110,47,34,11,51,41,25,32,68,106,37,29" hai1="78,113,119,104,4,31,45,99,112,108,28,54,23" hai2="2,118,87,76,14,26,16,19,63,92,129,90,24" hai3="57,5,20,56,44,52,91,10,132,73,120,38,97"/><T96/><D116/><U55/><E119/><V1/><F118/><W94/><G73/><T65/><D110/><U36/><E108/><V71/><F129/><W30/><G132/><T50/><D32/><U95/><E78/><V13/><F76/><W61/><G120/><T93/><D11/><U85/><E4/><V117/><F117/><W98/><G38/><T22/><D22/><U131/><E131/><V111/><F111/><W115/><G115/><N who="1" m="44106" /><E85/><V86/><F87/><N who="3" m="52607" /><G44/><T77/><D77/><U17/><E36/><V126/><F126/><W79/><G79/><T58/><D58/><U128/><E128/><V101/><F101/><W59/><G59/><T48/><D93/><U80/><E80/><V102/><F102/><W21/><G57/><T133/><D133/><U135/><E135/><V7/><F7/><W64/><G64/><T6/><D6/><U49/><E104/><V89/><F90/><W75/><G75/><T125/><D125/><U130/><E55/><V74/><F74/><W82/><G82/><T69/><REACH who="0" step="1"/><D65/><REACH who="0" ten="183,263,267,277" step="2"/><U124/><E124/><V40/><F71/><W8/><G21/><T53/><D53/><U62/><E130/><V83/><F40/><W134/><G134/><T114/><D114/><U121/><E121/><V81/><F83/><W12/><G10/><T105/><D105/><U109/><E109/><V0/><F81/><W33/><G33/><T72/><D72/><U67/><E95/><V107/><F107/><W46/><G46/><T15/><D15/><N who="1" m="9663" /><E99/><V127/><F127/><W70/><G70/><AGARI ba="0,1" hai="28,31,45,49,54,62,67,70" m="9663,44106" machi="70" ten="30,2000,0" yaku="15,1,11,1" doraHai="103" who="1" fromWho="3" sc="183,0,263,30,267,0,277,-20" /><INIT seed="5,0,0,5,4,8" ten="183,293,267,257" oya="1" hai0="125,18,60,98,124,69,34,133,108,132,101,15,89" hai1="4,115,35,109,64,38,26,0,70,39,71,54,17" hai2="9,47,105,61,53,72,24,31,65,52,22,51,121" hai3="73,113,100,10,102,78,6,67,30,42,119,32,36"/><U20/><E54/><V90/><F72/><W114/><G119/><T122/><D108/><U57/><E57/><V74/><F74/><W2/><G67/><N who="0" m="41191" /><D34/><U1/><E17/><V87/><F105/><W84/><G84/><T62/><D62/><N who="1" m="40215" /><E20/><V75/><F75/><W130/><G130/><T45/><D45/><U82/><E82/><V19/><F121/><W29/><G29/><T27/><D122/><U120/><E120/><V91/><F53/><W11/><G11/><N who="0" m="6527" /><D27/><U59/><E115/><N who="3" m="44042" /><G30/><T88/><D101/><U16/><E109/><V81/><F9/><W99/><G99/><T110/><D110/><U127/><E59/><N who="2" m="37055" /><F31/><W128/><G128/><T23/><D23/><N who="1" m="13671" /><E127/><N who="0" m="48713" /><D98/><U55/><E71/><V46/><F47/><N who="3" m="24007" /><G32/><T129/><D129/><U25/><E25/><V112/><F112/><W97/><G97/><T106/><D106/><U28/><E28/><V43/><F43/><W94/><G94/><T14/><D14/><U80/><E35/><V68/><F68/><W63/><G63/><T49/><D49/><U92/><E92/><V117/><F117/><W104/><G104/><T56/><D56/><U135/><E55/><V13/><F24/><W79/><G73/><T12/><D12/><U40/><E80/><V50/><F51/><W86/><G86/><T44/><D44/><N who="1" m="23575" /><E39/><V111/><F111/><W33/><G33/><T5/><D5/><U83/><E83/><V58/><F46/><W116/><G116/><T131/><D131/><U3/><E4/><V66/><F66/><W107/><G107/><T93/><D93/><U118/><E118/><V77/><AGARI ba="0,0" hai="13,19,22,50,52,58,77,81,87,90,91" m="37055" machi="77" ten="30,7900,0" yaku="5,1,8,1,52,1,54,1" doraHai="8" who="2" fromWho="2" sc="183,-20,293,-39,267,79,257,-20" owari="163,-34.0,254,5.0,346,45.0,237,-16.0" /></mjloggm>