<mjloggm ver="2.3"><GO type="97" lobby="0"/><UN n0="%E5%B0%B1%E6%B4%BB%E7%94%9F%40%E5%B7%9D%E6%9D%91%E8%BB%8D%E5%9B%A3" n1="%E5%98%98%E3%81%AF%E7%BD%AA" n2="%E3%82%BC%E3%83%B3%E3%83%84%E7%B8%9B%E3%82%8A" n3="%E9%83%A1%E5%B1%B1%E7%83%88%E7%81%AB" dan="15,13,13,14" rate="1976.57,1845.22,1835.30,1906.70" sx="M,M,M,M"/><TAIKYOKU oya="0"/><INIT seed="0,0,0,4,3,123" ten="250,250,250,250" oya="0" hai0="122,32,52,40,127,50,44,65,39,25,76,22,88" hai1="8,2,75,101,74,98,110,38,97,30,109,0,51" hai2="114,54,130,83,103,85,81,48,82,31,70,33,27" hai3="41,10,124,129,80,102,64,17,107,112,42,125,84"/><T71/><D122/><U126/><E30/><V34/><F114/><W89/><G112/><T47/><D32/><U117/><E126/><N who="3" m="48746" /><G64/><T132/><D127/><U66/><E66/><V60/><F130/><W72/><G129/><T108/><D132/><U128/><E128/><V91/><F103/><W116/><G116/><T77/><D108/><N who="1" m="41579" /><E117/><V4/><F4/><W62/><G62/><T6/><D6/><N who="1" m="1095" /><E2/><V113/><F113/><W100/><G10/><T58/><D71/><U120/><E120/><V115/><F115/><W135/><G17/><N who="0" m="12495" /><D39/><U67/><E67/><V90/><F60/><W3/><G3/><T46/><D65/><U99/><E38/><V61/><F61/><W18/><G18/><T94/><D40/><N who="3" m="15465" /><G135/><T21/><D21/><U111/><N who="1" m="41587" /><U134/><DORA hai="119" /><E134/><V78/><F70/><W73/><G107/><T105/><D105/><N who="1" m="63663" /><E51/><V13/><F48/><W69/><G69/><T93/><D93/><U35/><E35/><V16/><F34/><W106/><G106/><T118/><D118/><U23/><E23/><V43/><F31/><W20/><G20/><T68/><D68/><U29/><E29/><V15/><F33/><W14/><G14/><T11/><D11/><U9/><E9/><V86/><F13/><W96/><G96/><AGARI ba="0,0" hai="44,46,47,50,52,58,76,77,88,94,96" m="12495" machi="96" ten="30,5800,0" yaku="8,1,54,2" doraHai="123,119" who="0" fromWho="3" sc="250,58,250,0,250,0,250,-58" /><AGARI ba="0,0" hai="74,75,96,98,99" m="63663,1095,41587" machi="96" ten="40,8000,1" yaku="14,1,52,4" doraHai="123,119" who="1" fromWho="3" sc="308,0,250,80,250,0,192,-80" /><INIT seed="0,1,0,4,1,62" ten="308,330,250,112" oya="0" hai0="133,86,74,121,27,81,96,3,130,5,28,98,111" hai1="113,94,59,71,135,108,85,53,24,89,4,110,134" hai2="41,95,92,57,116,23,105,44,122,14,107,32,80" hai3="35,88,104,112,38,93,82,16,21,46,127,39,43"/><T2/><D121/><U131/><E71/><V83/><F32/><W72/><G112/><T68/><D74/><U19/><E4/><V11/><F122/><W63/><G35/><T66/><D111/><N who="1" m="42539" /><E113/><V126/><F126/><W52/><G104/><T45/><D130/><U123/><E123/><V120/><F120/><W78/><G127/><T50/><D133/><N who="1" m="50699" /><E131/><V118/><F57/><N who="3" m="35239" /><G46/><T128/><D128/><U76/><E76/><V15/><F23/><W84/><G43/><T34/><D68/><U49/><E19/><V25/><F25/><AGARI ba="1,0" hai="24,25,49,53,59,85,89,94" m="50699,42539" machi="25" ten="30,2000,0" yaku="14,1,20,1" doraHai="62" who="1" fromWho="2" sc="308,0,330,23,250,-23,112,0" /><INIT seed="1,0,0,4,3,86" ten="308,353,227,112" oya="1" hai0="107,96,65,15,3,11,105,94,113,122,14,43,111" hai1="49,9,21,126,39,26,121,110,19,58,32,91,13" hai2="40,88,52,75,116,114,1,45,53,101,129,84,103" hai3="0,61,123,68,81,67,76,133,89,35,60,36,83"/><U99/><E121/><V8/><F116/><W131/><G123/><T12/><D113/><U71/><E71/><V104/><F75/><W120/><G120/><T44/><D122/><U27/><E39/><V130/><F114/><W50/><G0/><T79/><D111/><U72/><E110/><V31/><F31/><W92/><G35/><T2/><D79/><U100/><E72/><V98/><F103/><W74/><G36/><T128/><D65/><U34/><E126/><V6/><F129/><W51/><G133/><T106/><D128/><U37/><E37/><V134/><F134/><W97/><G131/><T46/><D11/><U17/><E27/><V117/><F117/><W95/><G61/><T29/><D29/><U78/><E78/><V7/><F7/><W63/><G63/><T55/><D55/><U48/><E91/><V23/><F23/><W25/><G25/><T109/><D109/><U47/><E58/><V28/><F28/><W59/><G68/><T85/><D85/><U64/><E64/><V57/><F57/><W42/><G42/><T10/><D10/><U62/><E62/><V56/><F56/><W5/><G5/><T119/><D119/><U22/><E9/><V41/><F130/><W82/><G95/><T112/><D112/><U118/><E118/><V132/><F132/><W125/><G125/><T20/><D3/><U30/><E30/><V102/><F102/><W18/><G18/><T90/><D2/><U16/><E19/><V77/><F77/><W124/><G124/><T73/><D73/><U38/><E38/><N who="2" m="21655" /><F41/><W70/><G70/><RYUUKYOKU ba="0,0" sc="308,-15,353,-15,227,15,112,15" hai2="1,6,8,52,53,84,88,98,101,104" hai3="50,51,59,60,67,74,76,81,82,83,89,92,97" /><INIT seed="2,1,0,2,2,59" ten="293,338,242,127" oya="2" hai0="135,97,54,52,15,85,81,36,26,56,28,64,65" hai1="34,39,0,77,74,58,63,3,4,48,17,95,84" hai2="50,10,116,67,119,8,23,2,60,37,112,92,90" hai3="130,78,38,71,122,118,47,96,109,30,83,49,44"/><V88/><F112/><W45/><G118/><T33/><D36/><U99/><E34/><V31/><F37/><W41/><G30/><T76/><D135/><U108/><E108/><V124/><F124/><W105/><G122/><T94/><D15/><U72/><E39/><V25/><F50/><W80/><G109/><T107/><D107/><U57/><E0/><V121/><F121/><W82/><G130/><T12/><D12/><U20/><E4/><V32/><F32/><W126/><G126/><T93/><D93/><U128/><E128/><V53/><F53/><W73/><G71/><T16/><D16/><U35/><E35/><V114/><F114/><W127/><G127/><T6/><D6/><U123/><E3/><V5/><F10/><W9/><G47/><T22/><D33/><U46/><E123/><V51/><F51/><W113/><G113/><T100/><D54/><U69/><E69/><V14/><F2/><W134/><G134/><T40/><D40/><U1/><E1/><V87/><REACH who="2" step="1"/><F90/><REACH who="2" ten="293,338,232,127" step="2"/><W27/><G9/><T24/><D24/><U102/><E48/><AGARI ba="1,1" hai="22,26,28,48,52,56,64,65,76,81,85,94,97,100" machi="48" ten="30,3900,0" yaku="7,1,8,1,54,1" doraHai="59" who="0" fromWho="1" sc="293,52,338,-42,232,0,127,0" /><INIT seed="3,0,0,2,1,53" ten="345,296,232,127" oya="3" hai0="51,45,76,135,42,21,124,84,37,110,86,115,133" hai1="93,0,13,12,69,111,17,48,39,106,109,3,7" hai2="27,121,120,4,113,54,91,16,116,14,90,35,118" hai3="130,23,6,32,129,52,38,134,60,79,50,103,87"/><W117/><G117/><N who="2" m="45161" /><F54/><W80/><G32/><T89/><D115/><U104/><E69/><V2/><F91/><W122/><G122/><N who="2" m="47209" /><F90/><W105/><G38/><T61/><D110/><N who="1" m="41995" /><E93/><V19/><F113/><W36/><G36/><T112/><D112/><U107/><E39/><V123/><N who="2" m="47217" /><V67/><DORA hai="102" /><F67/><W20/><G6/><T62/><D124/><U30/><E7/><V81/><F81/><W65/><G134/><N who="0" m="51211" /><D37/><U41/><E30/><N who="2" m="19935" /><F2/><N who="1" m="553" /><E17/><V68/><F68/><W128/><G65/><T10/><D76/><U33/><E33/><V26/><F26/><W25/><G25/><T72/><D72/><U28/><E28/><V71/><F71/><W126/><G126/><T34/><D84/><U11/><E11/><AGARI ba="0,0" hai="4,11,14,16,19" m="19935,47217,45161" machi="11" ten="50,8000,1" yaku="13,1,34,2,54,1" doraHai="53,102" who="2" fromWho="1" sc="345,0,296,-80,232,80,127,0" owari="345,44.0,216,-18.0,312,11.0,127,-37.0" /></mjloggm>