<mjloggm ver="2.3"><GO type="97" lobby="0"/><UN n0="%E5%B0%B1%E6%B4%BB%E7%94%9F%40%E5%B7%9D%E6%9D%91%E8%BB%8D%E5%9B%A3" n1="%72%61%64%65%72" n2="%66%61%6C%6C%38%32%35" n3="%48%6F%73%75" dan="15,16,13,14" rate="2096.57,2057.97,1805.27,1899.24" sx="M,M,F,M"/><TAIKYOKU oya="0"/><INIT seed="0,0,0,2,5,32" ten="250,250,250,250" oya="0" hai0="68,18,97,101,13,3,48,43,16,75,1,42,125" hai1="65,131,116,17,20,21,25,90,11,74,104,73,47" hai2="102,106,77,53,93,133,34,8,38,119,24,27,126" hai3="127,10,41,22,129,96,56,5,82,62,114,36,39"/><T103/><D75/><U33/><E104/><V121/><F121/><W98/><G114/><T15/><D68/><U84/><E33/><V132/><F38/><W2/><G129/><T79/><D79/><U81/><E131/><V50/><F77/><W70/><G70/><T128/><D128/><U40/><E116/><V37/><F37/><W0/><G127/><T80/><D80/><U28/><E11/><V12/><F34/><W4/><G22/><T46/><D125/><U49/><REACH who="1" step="1"/><E65/><REACH who="1" ten="250,240,250,250" step="2"/><V122/><F119/><W67/><G82/><T108/><D108/><U35/><E35/><V26/><F122/><W30/><G30/><T88/><D3/><U6/><E6/><V115/><F126/><W120/><G120/><T72/><D1/><U118/><E118/><V112/><F106/><W60/><G10/><N who="0" m="6199" /><D72/><U91/><E91/><V55/><F115/><W99/><G99/><T44/><D101/><U134/><E134/><N who="2" m="51819" /><F112/><W29/><G29/><T78/><D78/><U57/><E57/><V117/><F117/><W9/><G9/><N who="0" m="6511" /><D103/><U109/><E109/><V14/><F102/><W123/><G123/><T76/><D76/><U135/><E135/><V124/><F124/><W71/><G67/><T58/><D58/><U51/><E51/><V31/><F31/><W23/><G23/><T59/><D59/><U83/><E83/><V113/><F113/><W130/><G56/><T94/><D46/><U54/><E54/><AGARI ba="0,1" hai="42,43,44,48,54,88,94,97" m="6511,6199" machi="54" ten="30,5800,0" yaku="8,1,54,2" doraHai="32" who="0" fromWho="1" sc="250,68,240,-58,250,0,250,0" /><INIT seed="0,1,0,1,2,7" ten="318,182,250,250" oya="0" hai0="72,120,19,54,27,38,57,71,12,124,18,39,94" hai1="90,125,42,55,85,96,66,49,128,105,86,111,4" hai2="52,102,15,106,23,25,84,10,16,123,28,81,33" hai3="104,13,87,5,112,135,11,14,73,115,118,17,22"/><T70/><D72/><U61/><E125/><V59/><F123/><W34/><G73/><T58/><D120/><U41/><E128/><V119/><F119/><W65/><G104/><T109/><D124/><U62/><E111/><V40/><F40/><W107/><G107/><T48/><D109/><U121/><E121/><V95/><F106/><W1/><G65/><T3/><D3/><U9/><E105/><V6/><F95/><W116/><G87/><T29/><D71/><U131/><E131/><V36/><F102/><W47/><G47/><T76/><D70/><U114/><E114/><N who="3" m="43562" /><G135/><T20/><D76/><U127/><E127/><V129/><F129/><W82/><G82/><T117/><D117/><N who="3" m="45161" /><G34/><T108/><D108/><U51/><E96/><V67/><F67/><W80/><G80/><T2/><D2/><AGARI ba="1,0" hai="1,2,5,11,13,14,17,22" m="45161,43562" machi="2" ten="30,3900,0" yaku="34,2,52,1" doraHai="7" who="3" fromWho="0" sc="318,-42,182,0,250,0,250,42" /><INIT seed="1,0,0,1,3,33" ten="276,182,250,292" oya="1" hai0="135,74,71,87,60,5,14,116,72,83,58,62,105" hai1="30,129,45,114,79,3,128,82,70,52,34,122,64" hai2="86,68,117,80,104,100,54,98,43,88,0,44,93" hai3="97,21,65,120,111,113,42,90,125,131,55,102,76"/><U24/><E114/><V12/><F68/><W50/><G113/><T26/><D105/><U4/><E122/><V46/><F117/><W96/><G120/><T36/><D36/><U77/><E45/><V32/><F32/><W48/><G125/><T53/><D135/><U39/><E39/><V38/><F12/><W19/><G65/><T119/><D26/><U1/><E52/><V110/><F110/><W84/><G76/><T112/><D112/><U118/><E118/><V29/><F29/><W73/><G73/><T95/><D72/><U106/><E106/><V133/><F133/><W27/><G131/><N who="1" m="50250" /><E4/><V78/><F54/><W115/><G115/><T85/><D74/><N who="1" m="43319" /><E79/><V101/><F46/><W69/><G69/><T6/><D71/><U18/><E18/><V127/><F127/><W25/><G42/><T56/><D53/><U75/><E75/><V89/><REACH who="2" step="1"/><F0/><REACH who="2" ten="276,182,240,292" step="2"/><W2/><G2/><T37/><D14/><U134/><E134/><V20/><F20/><W92/><G27/><T108/><D108/><U66/><E66/><V15/><F15/><W28/><G111/><T22/><D22/><U41/><E41/><V67/><F67/><W103/><G28/><T124/><D124/><U35/><E35/><V109/><F109/><W107/><REACH who="3" step="1"/><G55/><REACH who="3" ten="276,182,240,282" step="2"/><N who="0" m="33823" /><D116/><U126/><E126/><V99/><AGARI ba="0,2" hai="38,43,44,78,80,86,88,89,93,98,99,100,101,104" machi="99" ten="30,4000,0" yaku="1,1,0,1,54,1,53,0" doraHai="33" doraHaiUra="7" who="2" fromWho="2" sc="276,-10,182,-20,240,60,282,-10" /><INIT seed="2,0,0,0,5,81" ten="266,162,300,272" oya="2" hai0="68,55,131,80,48,44,94,24,60,79,18,45,82" hai1="3,75,106,71,118,134,123,89,39,109,9,115,91" hai2="8,21,5,98,38,116,46,43,4,37,12,53,112" hai3="66,47,128,111,51,120,26,119,124,65,126,110,52"/><V64/><F116/><W129/><G120/><T93/><D131/><N who="3" m="50249" /><G26/><T86/><D68/><U132/><E89/><V122/><F112/><W40/><G119/><T108/><D108/><N who="3" m="41513" /><G40/><T30/><D60/><U32/><E91/><V96/><F122/><W90/><G90/><T73/><D18/><U27/><E27/><V77/><F64/><AGARI ba="0,0" hai="47,51,52,64,65,66,124,126" m="41513,50249" machi="64" ten="40,8000,1" yaku="19,1,14,1,34,2,54,1" doraHai="81" who="3" fromWho="2" sc="266,0,162,0,300,-80,272,80" /><INIT seed="3,0,0,1,4,85" ten="266,162,220,352" oya="3" hai0="16,40,57,104,89,56,38,130,0,6,64,109,80" hai1="3,27,102,12,113,128,101,43,41,22,94,132,44" hai2="5,28,126,52,115,59,7,14,88,69,32,120,26" hai3="93,63,108,129,25,76,78,60,49,48,65,86,121"/><W24/><G121/><T8/><D104/><U134/><E3/><V29/><F115/><W83/><G76/><T106/><D106/><U71/><E113/><V98/><F69/><W125/><G125/><T9/><D40/><U79/><E71/><V55/><F126/><W23/><G129/><T118/><D38/><U1/><E1/><V53/><F120/><W100/><G108/><T13/><D109/><U31/><E128/><V84/><F98/><N who="3" m="59471" /><G25/><T110/><D57/><U62/><E62/><N who="3" m="23594" /><G65/><T135/><D56/><U105/><E105/><V10/><F29/><AGARI ba="0,0" hai="23,24,29,48,49,78,83,86" m="23594,59471" machi="29" ten="30,1500,0" yaku="8,1" doraHai="85" who="3" fromWho="2" sc="266,0,162,0,220,-15,352,15" owari="266,7.0,162,-34.0,205,-19.0,367,46.0" /></mjloggm>