<mjloggm ver="2.3"><GO type="169" lobby="0"/><UN n0="%42%69%67%75" n1="%E3%82%A6%E3%83%AB%E3%83%88%E3%83%A9%E7%AB%8B%E7%9B%B4" n2="%EF%BC%9D%E4%BC%8A%E8%97%A4%E3%81%8B%E3%81%AA%E6%81%B5%EF%BC%9D" n3="%73%61%63%68%69%6F" dan="17,17,17,16" rate="2153.42,2135.53,2198.72,2085.14" sx="M,M,F,M"/><TAIKYOKU oya="0"/><INIT seed="0,0,0,1,5,29" ten="250,250,250,250" oya="0" hai0="7,122,103,83,14,96,84,115,60,91,102,48,85" hai1="112,17,110,3,31,16,8,88,27,57,73,50,21" hai2="32,131,113,26,35,105,75,130,52,66,92,124,36" hai3="62,134,65,22,74,15,86,94,58,61,117,80,39"/><T81/><D122/><U46/><E112/><V119/><F113/><W87/><G117/><T11/><D115/><U123/><E123/><V1/><F119/><W25/><G39/><T56/><D48/><U10/><E110/><V45/><F105/><W64/><G134/><T67/><REACH who="0" step="1"/><D96/><REACH who="0" ten="240,250,250,250" step="2"/><U106/><E50/><N who="2" m="28751" /><F36/><W19/><G62/><T20/><D20/><U34/><E21/><V5/><F124/><W55/><G74/><T59/><D59/><U77/><E57/><V2/><F75/><W98/><G87/><T82/><D82/><U47/><E73/><V38/><F38/><W101/><REACH who="3" step="1"/><G25/><REACH who="3" ten="240,250,250,240" step="2"/><T33/><D33/><U4/><E34/><V51/><F26/><W111/><G111/><T120/><D120/><U121/><E27/><V133/><F35/><W108/><G108/><T135/><D135/><U132/><E132/><V54/><F133/><W49/><G49/><T6/><D6/><U41/><E4/><V100/><F32/><W30/><G30/><T129/><D129/><U12/><E31/><V40/><F5/><W97/><G97/><T0/><D0/><U9/><E3/><V68/><F1/><W126/><G126/><T69/><D69/><U23/><E121/><V89/><F2/><W53/><G53/><T116/><D116/><U24/><E24/><V72/><F72/><W70/><G70/><T125/><D125/><U13/><E17/><V63/><F54/><W79/><AGARI ba="0,2" hai="15,19,22,55,58,61,64,65,79,80,86,94,98,101" machi="79" ten="20,8000,1" yaku="1,1,0,1,7,1,8,1,53,1" doraHai="29" doraHaiUra="95" who="3" fromWho="3" sc="240,-40,250,-20,250,-20,240,100" /><INIT seed="1,0,0,2,1,6" ten="200,230,230,340" oya="1" hai0="109,84,105,26,11,37,101,32,65,100,66,106,1" hai1="14,38,81,9,29,107,59,116,34,82,99,85,47" hai2="71,131,74,33,42,128,4,17,25,135,60,54,134" hai3="121,49,57,62,115,96,51,50,27,18,68,110,73"/><U117/><E81/><V87/><F74/><W69/><G73/><T133/><D37/><U130/><E130/><N who="2" m="49707" /><F42/><W127/><G121/><T113/><D109/><U119/><E59/><N who="2" m="34935" /><F71/><W48/><G110/><T79/><D113/><U53/><E29/><N who="2" m="19631" /><F4/><W114/><G96/><T83/><D133/><U3/><E34/><V41/><F41/><W44/><G27/><T16/><D32/><U21/><E21/><V122/><F122/><W93/><G93/><T88/><D106/><U126/><E3/><V13/><F87/><W94/><G94/><T12/><D105/><U92/><E107/><V90/><F90/><W10/><G127/><T8/><D79/><U2/><E2/><V30/><F30/><W98/><G98/><T64/><REACH who="0" step="1"/><D26/><REACH who="0" ten="190,230,230,340" step="2"/><U31/><E38/><V78/><F78/><W61/><G115/><T112/><D112/><U80/><E119/><V19/><F135/><W35/><G35/><T120/><D120/><U52/><E117/><V129/><F134/><W123/><G123/><T70/><D70/><U56/><E116/><V89/><F129/><W75/><G114/><T63/><D63/><U55/><E126/><V86/><F13/><N who="3" m="7479" /><G62/><T15/><D15/><U58/><E14/><V95/><AGARI ba="0,1" hai="17,19,86,89,95" m="19631,34935,49707" machi="95" ten="30,1100,0" yaku="19,1" doraHai="6" who="2" fromWho="2" sc="190,-3,230,-5,230,21,340,-3" /><INIT seed="2,0,0,0,3,106" ten="187,225,251,337" oya="2" hai0="53,41,82,35,93,107,54,84,26,57,28,40,12" hai1="89,37,25,49,55,85,105,44,8,92,73,36,71" hai2="16,51,126,11,19,99,129,60,103,18,61,43,33" hai3="66,124,80,1,5,38,30,104,62,135,125,112,9"/><V64/><F33/><W83/><G112/><T56/><D107/><U20/><E105/><V39/><F39/><W74/><G83/><T128/><D128/><U116/><E116/><V120/><F120/><W97/><G30/><T24/><D93/><U122/><E122/><V76/><F129/><W15/><G15/><T2/><D2/><U75/><E71/><V45/><F126/><W132/><G38/><T110/><D110/><U100/><E100/><V95/><F76/><N who="3" m="44055" /><G104/><T91/><D12/><U52/><E37/><V113/><F113/><W109/><G97/><T87/><D24/><U21/><E36/><V123/><F123/><W108/><G62/><N who="2" m="24169" /><F64/><W115/><G66/><T96/><D96/><U121/><E121/><V13/><AGARI ba="0,0" hai="11,13,16,18,19,43,45,51,95,99,103" m="24169" machi="13" ten="30,3000,0" yaku="8,1,54,1" doraHai="106" who="2" fromWho="2" sc="187,-10,225,-10,251,30,337,-10" /><INIT seed="2,1,0,1,4,110" ten="177,215,281,327" oya="2" hai0="106,81,26,132,123,46,20,2,47,33,121,107,104" hai1="49,101,22,50,84,48,122,125,53,17,18,71,116" hai2="21,29,27,57,5,94,130,119,103,109,111,99,87" hai3="59,13,82,126,43,112,74,44,90,113,34,38,42"/><V76/><F119/><W30/><G126/><T40/><D33/><U79/><E116/><V118/><F118/><W98/><G43/><T16/><D2/><U115/><E71/><V19/><F130/><W108/><G108/><N who="2" m="41545" /><F5/><W96/><G13/><T128/><D128/><U61/><E125/><V134/><F134/><W62/><G30/><T85/><D132/><U95/><E122/><V7/><F7/><W75/><G34/><T25/><D25/><U1/><E1/><V56/><F29/><W93/><G98/><T73/><D73/><U102/><E115/><N who="3" m="44106" /><G82/><AGARI ba="1,0" hai="19,21,27,56,57,76,82,87,94,99,103" m="41545" machi="82" ten="30,2900,0" yaku="14,1,10,1" doraHai="110" who="2" fromWho="3" sc="177,0,215,0,281,32,327,-32" /><INIT seed="2,2,0,0,1,108" ten="177,215,313,295" oya="2" hai0="121,106,30,52,21,82,7,31,41,133,20,70,132" hai1="72,118,36,97,115,0,73,135,12,89,124,35,49" hai2="29,27,71,80,90,98,50,99,13,2,134,39,109" hai3="75,94,77,87,22,3,91,53,63,57,83,79,54"/><V129/><F39/><W59/><G3/><T78/><D106/><U40/><E0/><V15/><F2/><W25/><G75/><T47/><D70/><U43/><E35/><V61/><F109/><W26/><G26/><T68/><D68/><U67/><E118/><V14/><F129/><W92/><G79/><T62/><D7/><U86/><E67/><V102/><F134/><N who="0" m="51818" /><D121/><U23/><E124/><V112/><F112/><W122/><G77/><T127/><D127/><U81/><E115/><V51/><F99/><W114/><G122/><T38/><D31/><U9/><E135/><V55/><F90/><W93/><G114/><T113/><D30/><U131/><E131/><V19/><F80/><W46/><G46/><T1/><D1/><U101/><E23/><N who="2" m="15615" /><F71/><W48/><G83/><T65/><D65/><U10/><E36/><V110/><F19/><AGARI ba="2,0" hai="19,22,25,48,53,54,57,59,63,87,91,92,93,94" machi="19" ten="30,2000,0" yaku="7,1,8,1" doraHai="108" who="3" fromWho="2" sc="177,0,215,0,313,-26,295,26" /><INIT seed="3,0,0,3,5,31" ten="177,215,287,321" oya="3" hai0="40,47,25,124,26,65,127,37,30,80,44,55,94" hai1="48,0,110,36,130,68,104,14,119,11,58,93,63" hai2="29,52,100,76,115,79,113,64,7,97,88,85,70" hai3="96,116,42,22,120,108,15,24,111,21,125,72,81"/><W87/><G116/><T20/><D65/><U126/><E104/><V109/><F109/><N who="3" m="42059" /><G120/><T38/><D94/><U16/><E110/><V51/><F7/><W12/><G72/><T129/><D129/><U19/><E119/><V92/><F29/><W2/><G2/><T73/><D73/><U46/><E130/><V84/><F70/><W56/><G42/><T91/><D91/><U45/><E126/><N who="0" m="48169" /><D80/><U132/><E132/><V6/><F64/><W98/><G125/><T131/><D131/><U95/><E0/><V18/><F6/><W82/><G81/><T1/><D1/><U34/><E36/><V74/><F74/><W10/><G56/><T78/><D78/><U13/><E58/><N who="2" m="33055" /><F115/><W53/><G53/><T118/><D118/><U57/><E68/><V62/><F113/><W27/><G21/><T67/><D67/><U90/><E57/><V89/><F79/><N who="3" m="46559" /><G15/><T123/><D123/><U66/><E14/><V103/><F76/><W49/><G49/><N who="0" m="29119" /><D26/><N who="3" m="9769" /><G22/><T86/><D86/><U5/><E13/><V33/><F84/><W135/><G135/><T105/><D105/><U50/><E48/><AGARI ba="0,0" hai="20,25,30,37,38,40,44,48" m="29119,48169" machi="48" ten="30,1000,0" yaku="18,1" doraHai="31" who="0" fromWho="1" sc="177,10,215,-10,287,0,321,0" /><INIT seed="4,0,0,0,4,45" ten="187,205,287,321" oya="0" hai0="51,72,58,3,101,84,121,113,102,48,82,36,107" hai1="130,38,109,35,31,47,63,128,15,96,2,57,33" hai2="17,112,103,119,129,134,64,68,83,44,117,37,120" hai3="4,7,49,99,70,88,110,34,90,114,74,5,106"/><T135/><D121/><U12/><E2/><V105/><F120/><W78/><G110/><T115/><D36/><U60/><E109/><V23/><F112/><N who="0" m="43082" /><D72/><U20/><E96/><V132/><F129/><N who="1" m="49769" /><E60/><N who="2" m="39943" /><F83/><W14/><G114/><T24/><D3/><U61/><E61/><V79/><F79/><W80/><G70/><T65/><D135/><N who="2" m="51754" /><F103/><N who="0" m="39434" /><D107/><U131/><N who="1" m="49777" /><U67/><DORA hai="55" /><E20/><V62/><F105/><W6/><G34/><N who="1" m="12810" /><E31/><V76/><F62/><W95/><G106/><T27/><D65/><U16/><E16/><V89/><F17/><W93/><N who="3" m="1024" /><DORA hai="52" /><W1/><G1/><T133/><D133/><U77/><E77/><V66/><F76/><W11/><G11/><T13/><D13/><U71/><E71/><V122/><F66/><W10/><G10/><T118/><D118/><U32/><N who="1" m="12818" /><U22/><DORA hai="85" /><E22/><V30/><F23/><W19/><G19/><T87/><D87/><U94/><E12/><V28/><F119/><W56/><G14/><T69/><D69/><U123/><E15/><V59/><F117/><W81/><G78/><N who="0" m="46167" /><D51/><U75/><E75/><V29/><F122/><W98/><G74/><T91/><D91/><U9/><E123/><V54/><F89/><W124/><G124/><T50/><D50/><U126/><E126/><V125/><F125/><W21/><G21/><T111/><D111/><U25/><E38/><V43/><F30/><W40/><G40/><T104/><D104/><U100/><E9/><V92/><F29/><W116/><G116/><T39/><D39/><U18/><E67/><V26/><F28/><W53/><AGARI ba="0,0" hai="49,53,56,80,81,88,90,93,95,98,99" m="1024" machi="53" ten="40,16000,3" yaku="5,1,0,1,9,1,8,1,52,5,54,1" doraHai="45,55,52,85" who="3" fromWho="3" sc="187,-80,205,-40,287,-40,321,160" /><INIT seed="5,0,0,2,4,98" ten="107,165,247,481" oya="1" hai0="44,0,73,61,80,86,118,82,129,43,125,116,11" hai1="56,132,9,60,87,37,27,1,135,79,18,14,2" hai2="131,96,40,128,25,94,63,6,104,123,127,50,32" hai3="64,4,24,122,57,15,58,109,120,49,115,69,111"/><U53/><E37/><V130/><F127/><W108/><G4/><T71/><D125/><U66/><E27/><V101/><F123/><W95/><G15/><T126/><D126/><U114/><E114/><V19/><F6/><W38/><G24/><T67/><D129/><U51/><E87/><V3/><F3/><W84/><G84/><T31/><D31/><U134/><REACH who="1" step="1"/><E79/><REACH who="1" ten="107,155,247,481" step="2"/><V23/><F25/><W48/><G115/><T107/><D118/><U72/><E72/><V85/><F85/><W42/><G38/><T90/><D116/><U124/><E124/><V17/><F130/><W106/><G122/><T45/><D73/><U39/><E39/><V74/><F74/><W12/><G120/><T22/><D80/><U117/><E117/><V93/><F131/><W35/><G111/><T105/><D45/><AGARI ba="0,1" hai="1,2,9,14,18,45,51,53,56,60,66,132,134,135" machi="45" ten="40,3900,0" yaku="1,1,20,1,53,0" doraHai="98" doraHaiUra="21" who="1" fromWho="0" sc="107,-39,155,49,247,0,481,0" /><INIT seed="5,1,0,5,4,5" ten="68,204,247,481" oya="1" hai0="62,97,107,10,68,129,42,127,45,13,49,123,89" hai1="90,34,50,67,73,7,48,66,31,105,26,65,14" hai2="32,79,58,17,91,72,41,85,88,111,55,81,70" hai3="100,98,6,120,30,116,106,54,112,24,117,38,103"/><U128/><E128/><V110/><F70/><W25/><G120/><T109/><D109/><U122/><E122/><V40/><F32/><W84/><G112/><T86/><D123/><U80/><E105/><V99/><F99/><W59/><G38/><T125/><D129/><U113/><E113/><V1/><F1/><W39/><G39/><T8/><D13/><U28/><E28/><V2/><F2/><W124/><G124/><N who="0" m="47691" /><D97/><U95/><E80/><V51/><F91/><W114/><G114/><T102/><D102/><U15/><E73/><V87/><F72/><W126/><G126/><T47/><D47/><U52/><E48/><V0/><F0/><W56/><G56/><T75/><D75/><U135/><E135/><V130/><F130/><W74/><G103/><T21/><D21/><N who="1" m="15823" /><E7/><V43/><REACH who="2" step="1"/><F17/><REACH who="2" ten="68,204,237,481" step="2"/><W29/><G74/><T44/><D107/><U46/><E34/><V18/><F18/><W83/><G6/><T71/><D71/><U4/><E4/><V9/><F9/><N who="0" m="3690" /><D68/><U11/><E11/><V3/><F3/><W94/><G106/><T69/><D69/><U64/><N who="1" m="16384" /><DORA hai="57" /><U118/><E118/><V115/><F115/><W76/><G117/><T33/><D33/><U132/><E132/><V133/><F133/><W27/><G116/><T92/><D44/><U19/><E19/><V131/><F131/><W78/><REACH who="3" step="1"/><G76/><REACH who="3" ten="68,204,237,471" step="2"/><T53/><D42/><U96/><AGARI ba="1,2" hai="14,15,46,50,52,90,95,96" m="16384,15823" machi="96" ten="40,3900,0" yaku="8,1,54,1" doraHai="5,57" who="1" fromWho="1" sc="68,-14,204,62,237,-14,471,-14" /><INIT seed="5,2,0,5,5,25" ten="54,266,223,457" oya="1" hai0="22,130,109,134,65,72,105,20,129,71,79,61,82" hai1="87,104,39,74,52,9,118,2,115,24,6,64,126" hai2="113,97,83,123,68,27,35,75,14,41,3,103,58" hai3="21,107,93,66,44,60,112,36,33,59,51,90,73"/><U133/><E118/><V102/><F3/><W13/><G33/><T31/><D105/><U0/><E0/><V131/><F123/><W48/><G107/><T101/><D101/><U26/><E126/><V125/><F125/><W111/><G111/><T63/><D109/><U70/><E115/><V100/><F68/><W77/><G112/><T91/><D134/><U7/><E133/><V108/><F108/><W11/><G36/><T28/><D63/><U57/><E7/><V10/><F41/><W55/><G73/><T15/><D91/><U49/><E74/><V42/><F42/><W127/><G127/><T53/><D53/><U30/><E104/><V47/><F47/><W34/><G34/><T84/><D72/><U110/><E110/><V19/><F58/><W98/><G51/><T40/><D40/><U85/><E39/><V116/><F131/><N who="0" m="50186" /><D15/><N who="1" m="5559" /><E70/><V23/><F35/><W94/><G94/><T124/><D124/><U80/><E2/><V122/><F122/><W45/><G21/><AGARI ba="2,0" hai="20,21,22,28,31,61,65,71,79,82,84" m="50186" machi="21" ten="30,3900,0" yaku="19,1,52,2" doraHai="25" who="0" fromWho="3" sc="54,45,266,0,223,0,457,-45" /><INIT seed="6,0,0,4,1,60" ten="99,266,223,412" oya="2" hai0="75,16,91,95,20,135,57,1,65,128,23,17,107" hai1="37,115,80,99,117,48,59,56,18,69,112,88,109" hai2="114,33,55,54,94,53,130,6,84,38,28,44,100" hai3="13,125,89,66,87,49,101,0,102,98,104,90,96"/><V120/><F120/><W51/><G0/><T62/><D107/><U113/><E37/><V78/><F6/><W92/><G125/><T105/><D105/><U124/><E117/><V76/><F33/><W63/><G13/><T19/><D1/><U131/><E109/><V35/><F35/><W116/><G116/><T10/><D128/><U134/><E124/><V29/><F114/><W58/><G90/><T39/><D39/><U42/><E134/><V12/><F12/><W123/><G123/><T5/><D135/><U36/><E131/><V2/><F2/><W68/><G68/><T11/><D75/><U32/><E32/><V14/><F14/><W119/><G119/><T27/><D5/><U46/><E69/><V132/><F132/><W15/><G15/><T8/><REACH who="0" step="1"/><D27/><REACH who="0" ten="89,266,223,412" step="2"/><U61/><E36/><V110/><F38/><W67/><G67/><T126/><D126/><U43/><E113/><V85/><F130/><W3/><G3/><T50/><D50/><U103/><E112/><V127/><F127/><W24/><G24/><T26/><D26/><U7/><E48/><V21/><F110/><W86/><G86/><AGARI ba="0,1" hai="8,10,11,16,17,19,20,23,57,62,65,86,91,95" machi="86" ten="40,8000,1" yaku="1,1,8,1,52,1,54,1,53,0" doraHai="60" doraHaiUra="34" who="0" fromWho="3" sc="89,90,266,0,223,0,412,-80" /><INIT seed="7,0,0,1,3,94" ten="179,266,223,332" oya="3" hai0="86,76,50,36,0,72,45,111,3,31,38,67,22" hai1="61,28,106,48,15,135,16,134,92,57,23,68,18" hai2="95,19,54,9,108,118,27,97,102,41,131,59,117" hai3="84,43,79,60,37,74,40,107,13,58,35,133,17"/><W34/><G107/><T100/><D111/><U32/><E106/><V5/><F108/><W7/><G74/><T49/><D72/><U21/><E48/><V112/><F112/><W53/><G133/><T78/><D67/><U88/><E68/><V47/><F131/><W83/><G7/><T52/><D0/><U101/><E101/><V33/><F19/><W123/><G123/><T51/><D3/><U26/><E32/><V69/><F69/><W56/><G37/><T126/><D126/><U29/><E135/><V42/><F27/><W30/><G35/><T122/><D122/><U120/><E134/><V2/><F33/><W14/><G34/><T93/><D76/><U98/><E120/><V81/><F81/><W125/><G30/><T70/><D70/><U110/><E110/><V4/><F4/><W73/><G73/><T20/><D38/><U64/><AGARI ba="0,0" hai="15,16,18,21,23,26,28,29,57,61,64,88,92,98" machi="64" ten="20,12000,2" yaku="0,1,7,1,8,1,52,1,54,2" doraHai="94" who="1" fromWho="1" sc="179,-30,266,120,223,-30,332,-60" owari="149,-35.0,386,49.0,193,-21.0,272,7.0" /></mjloggm>