<mjloggm ver="2.3"><GO type="193" lobby="0"/><UN n0="%E4%BD%95%E5%BA%A6%E3%82%82%E3%82%84%E3%82%8A%E7%9B%B4%E3%81%97" n1="%E3%81%8E%E3%82%93%E3%81%84%E3%82%8D" n2="%6E%2E%66%2E%6C" n3="%E3%83%88%E3%83%88%E3%83%AA%E5%85%88%E7%94%9F%31%39%E6%AD%B3" dan="10,11,12,11" rate="1446.41,1792.62,1711.13,1759.83" sx="M,F,M,F"/><TAIKYOKU oya="0"/><INIT seed="0,0,0,3,3,22" ten="250,250,250,250" oya="0" hai0="57,42,53,30,17,15,113,116,99,133,29,50,58" hai1="37,75,56,6,106,98,61,21,129,119,24,88,71" hai2="109,77,66,111,94,90,43,73,97,26,130,120,31" hai3="74,131,45,100,27,123,134,96,48,60,36,51,91"/><T70/><D113/><U16/><E119/><V92/><F120/><W118/><G118/><T5/><D116/><U104/><E75/><V32/><F130/><W69/><G131/><T62/><D70/><U80/><E37/><V135/><F135/><W55/><G134/><T3/><D3/><U9/><E71/><V52/><F66/><W102/><G123/><T81/><D133/><U112/><E112/><V83/><F43/><W63/><G74/><T78/><D5/><U82/><E129/><V101/><F52/><N who="3" m="29711" /><G36/><T126/><D99/><U11/><E104/><V114/><F114/><W49/><G49/><T125/><D42/><U103/><E80/><V85/><AGARI ba="0,0" hai="26,31,32,73,77,83,85,90,92,94,97,101,109,111" machi="85" ten="30,2000,0" yaku="0,1,52,1" doraHai="22" who="2" fromWho="2" sc="250,-10,250,-5,250,20,250,-5" /><INIT seed="1,0,0,4,2,45" ten="240,245,270,245" oya="1" hai0="12,98,76,25,113,124,16,30,106,64,79,114,93" hai1="26,115,116,122,100,36,72,48,21,56,87,28,130" hai2="17,89,35,133,60,102,49,104,65,97,63,59,123" hai3="131,10,110,62,20,125,112,107,1,91,94,127,13"/><U19/><E72/><V39/><F123/><W32/><G112/><T44/><D124/><N who="3" m="47689" /><G32/><T29/><D106/><U128/><E36/><V24/><F39/><W83/><G107/><T40/><D114/><U37/><E115/><V134/><F89/><W33/><G33/><T55/><D64/><U73/><E73/><V3/><F3/><W117/><G110/><T70/><D70/><U96/><E37/><V92/><F92/><W2/><G131/><N who="1" m="50218" /><E122/><V90/><F90/><W74/><G20/><N who="0" m="11271" /><D40/><U57/><E116/><V88/><F88/><W34/><G34/><T14/><D14/><N who="1" m="9463" /><E48/><V86/><F86/><N who="3" m="52599" /><G117/><T43/><D25/><U54/><E54/><V132/><F132/><W0/><G62/><T129/><D43/><U53/><E53/><V105/><F105/><W111/><G111/><T42/><D42/><U9/><E87/><V126/><F126/><W99/><G99/><T38/><D38/><U118/><E9/><V15/><F63/><W58/><G74/><T82/><D129/><U11/><E11/><V68/><F59/><W27/><G58/><T6/><D6/><U77/><E77/><N who="0" m="29769" /><D82/><U47/><E47/><V5/><F5/><N who="3" m="3279" /><G83/><T18/><D18/><U109/><E109/><V121/><F121/><W41/><G41/><T135/><D135/><U95/><E118/><V78/><F78/><W75/><G75/><T101/><D113/><U51/><E51/><AGARI ba="0,0" hai="29,30,44,51,55,93,98,101" m="29769,11271" machi="51" ten="30,3900,0" yaku="8,1,52,1,54,1" doraHai="45" who="0" fromWho="1" sc="240,39,245,-39,270,0,245,0" /><INIT seed="2,0,0,1,5,65" ten="279,206,270,245" oya="2" hai0="56,124,43,130,67,15,119,90,14,94,101,51,13" hai1="91,102,76,24,103,71,117,1,89,59,133,105,108" hai2="45,21,129,35,86,106,118,123,2,134,79,19,58" hai3="49,116,84,50,3,48,83,12,122,100,92,81,7"/><V62/><F123/><W32/><G122/><T109/><D109/><U77/><E1/><V74/><F118/><W55/><G116/><T121/><D130/><U85/><E59/><V20/><F35/><W98/><G32/><T115/><D124/><U18/><E117/><V5/><F74/><W78/><G3/><T29/><D115/><U104/><E24/><V23/><F106/><W61/><G61/><N who="0" m="38311" /><D29/><U17/><E108/><V82/><F129/><W128/><G128/><T39/><D39/><U72/><E85/><V87/><F134/><W36/><G36/><T93/><D119/><U114/><E114/><V120/><F120/><W16/><G7/><T53/><D43/><U34/><E34/><V97/><F97/><W54/><REACH who="3" step="1"/><G83/><REACH who="3" ten="279,206,270,235" step="2"/><T33/><D121/><U52/><E133/><V73/><F45/><W111/><G111/><T80/><D33/><U28/><E28/><V42/><F42/><W44/><G44/><N who="0" m="27879" /><D80/><U127/><E127/><V25/><F2/><W131/><G131/><T99/><D90/><U96/><E72/><V95/><F5/><W132/><G132/><T6/><D94/><U8/><E91/><N who="2" m="53751" /><F73/><W46/><G46/><T63/><D63/><U75/><E89/><V22/><F22/><AGARI ba="0,1" hai="12,16,22,48,49,50,54,55,78,81,84,92,98,100" machi="22" ten="40,8000,1" yaku="1,1,8,1,54,1,53,1" doraHai="65" doraHaiUra="9" who="3" fromWho="2" sc="279,0,206,0,270,-80,235,90" /><INIT seed="3,0,0,3,1,117" ten="279,206,190,325" oya="3" hai0="133,48,7,128,113,102,114,115,53,26,54,75,51" hai1="124,130,32,38,64,110,47,58,12,14,68,49,125" hai2="132,80,41,40,123,96,50,120,34,69,129,91,30" hai3="135,44,18,89,71,99,104,131,31,100,57,65,121"/><W95/><G121/><N who="2" m="46665" /><F69/><W59/><G131/><T16/><D75/><U43/><E32/><V1/><F1/><W45/><G135/><T37/><D7/><U107/><E107/><V127/><F132/><W105/><G105/><T97/><D133/><U79/><E79/><V17/><F129/><W46/><G18/><T11/><D37/><U63/><E110/><V23/><F127/><N who="1" m="48713" /><E130/><V3/><F3/><W73/><G73/><T13/><D128/><U109/><E109/><V10/><F10/><W92/><G104/><T27/><D53/><AGARI ba="0,0" hai="12,14,38,43,47,49,53,58,63,64,68" m="48713" machi="53" ten="30,2000,0" yaku="24,1,18,1" doraHai="117" who="1" fromWho="0" sc="279,-20,206,20,190,0,325,0" owari="259,6.0,226,-17.0,190,-31.0,325,42.0" /></mjloggm>