<mjloggm ver="2.3"><GO type="193" lobby="0"/><UN n0="%6D%61%72%75%6B%75%6D%61" n1="%79%6F%73%75%6B%65%30%38" n2="%E3%83%88%E3%83%88%E3%83%AA%E5%85%88%E7%94%9F%31%39%E6%AD%B3" n3="%38%5C" dan="11,13,11,11" rate="1834.05,1773.80,1786.67,1602.31" sx="F,M,F,M"/><TAIKYOKU oya="0"/><INIT seed="0,0,0,3,4,132" ten="250,250,250,250" oya="0" hai0="95,100,40,49,134,36,80,85,13,33,55,63,35" hai1="39,38,28,126,26,121,12,94,18,130,61,127,110" hai2="6,32,22,99,131,119,64,115,10,14,4,71,107" hai3="29,45,24,23,54,27,87,52,20,21,3,102,83"/><T50/><D36/><U44/><E121/><V88/><F115/><W92/><G3/><T59/><D134/><U11/><E130/><V109/><F32/><W120/><G120/><T7/><D35/><U123/><E123/><V62/><F131/><W47/><G27/><T72/><D72/><U69/><E110/><V93/><F109/><W0/><G0/><T31/><D31/><U68/><E94/><V128/><F128/><W118/><G118/><T97/><D33/><U70/><E61/><V113/><F113/><W19/><G19/><T30/><D30/><U117/><E117/><V77/><F119/><W112/><G112/><T133/><D40/><U74/><E74/><V108/><F108/><W15/><G15/><T125/><D125/><N who="1" m="47627" /><E44/><N who="3" m="16970" /><G102/><T66/><D66/><U2/><E2/><V57/><F107/><W79/><G92/><T91/><D133/><U25/><E25/><V98/><F98/><W106/><G106/><T58/><REACH who="0" step="1"/><D58/><REACH who="0" ten="240,250,250,250" step="2"/><U43/><E43/><V116/><F116/><W46/><N who="3" m="16978" /><W1/><DORA hai="135" /><G1/><T103/><D103/><U89/><E89/><V5/><F57/><W82/><G83/><T9/><AGARI ba="0,1" hai="7,9,13,49,50,55,59,63,80,85,91,95,97,100" machi="9" ten="30,12000,1" yaku="1,1,0,1,8,1,53,2" doraHai="132,135" doraHaiUra="96,48" who="0" fromWho="0" sc="240,130,250,-40,250,-40,250,-40" /><INIT seed="0,1,0,1,5,110" ten="370,210,210,210" oya="0" hai0="26,51,53,65,12,22,13,109,44,85,58,6,21" hai1="29,9,102,94,89,61,23,20,91,68,84,103,40" hai2="38,34,43,67,60,2,100,73,79,88,71,63,126" hai3="132,95,125,104,87,35,59,49,32,86,30,101,62"/><T99/><D99/><U105/><E105/><V55/><F34/><W28/><G125/><T130/><D130/><U98/><E40/><V33/><F33/><W80/><G132/><T116/><D116/><U41/><E41/><V128/><F2/><W3/><G3/><T4/><D22/><U75/><E75/><V7/><F7/><W64/><G104/><T114/><D114/><U74/><E74/><V54/><F128/><W124/><G124/><T122/><D122/><U56/><E68/><V97/><F126/><W8/><G35/><T45/><D65/><U24/><E9/><V76/><F100/><W82/><G32/><T42/><D85/><U129/><E23/><V123/><F123/><W121/><G121/><T39/><D45/><U25/><E25/><V0/><F0/><W135/><G135/><T5/><REACH who="0" step="1"/><D109/><REACH who="0" ten="360,210,210,210" step="2"/><U92/><E129/><V37/><F73/><W46/><G87/><T119/><D119/><U83/><E83/><V111/><F111/><W112/><G80/><T50/><D50/><U96/><E84/><V10/><F97/><W70/><G112/><T133/><D133/><U48/><E48/><V47/><F67/><AGARI ba="1,1" hai="20,24,29,56,61,67,89,91,92,94,96,98,102,103" machi="67" ten="30,8000,1" yaku="7,1,9,1,25,2,8,1" doraHai="110" who="1" fromWho="2" sc="360,0,210,93,210,-83,210,0" /><INIT seed="1,0,0,0,5,5" ten="360,303,127,210" oya="1" hai0="117,4,1,81,50,53,113,10,121,83,23,108,77" hai1="74,27,130,61,39,31,43,97,68,104,59,70,92" hai2="123,79,47,72,132,69,36,18,26,124,65,6,21" hai3="67,52,110,63,105,122,120,32,115,51,95,109,60"/><U28/><E104/><V126/><F123/><N who="3" m="47147" /><G32/><T35/><D117/><U2/><E2/><V41/><F132/><W106/><G95/><T129/><D113/><U0/><E0/><V84/><F84/><W98/><G98/><T44/><D129/><U103/><E74/><V89/><F89/><W133/><G105/><T37/><D108/><N who="3" m="41577" /><G106/><T3/><D35/><U48/><E39/><V14/><F65/><W102/><G102/><T58/><D121/><U57/><E130/><V111/><F69/><N who="3" m="42215" /><G115/><T25/><D83/><U38/><E38/><V116/><F111/><W82/><G82/><T135/><D3/><U13/><E13/><V54/><F116/><W87/><G87/><T29/><D135/><U49/><E31/><V86/><F86/><W24/><G24/><T9/><D81/><U16/><E28/><V114/><F114/><W22/><G22/><T94/><D77/><U55/><E70/><V76/><F72/><W34/><G34/><T78/><D78/><U131/><E68/><V30/><F76/><W75/><G75/><T93/><D94/><U100/><E131/><V128/><F79/><W62/><G133/><T7/><D93/><U118/><E103/><V85/><F85/><W12/><G12/><T33/><D33/><U19/><E27/><V66/><F128/><W64/><G64/><T119/><D29/><U15/><E15/><V45/><F66/><W46/><AGARI ba="0,0" hai="46,51,52,62,63" m="42215,41577,47147" machi="46" ten="30,7900,0" yaku="14,1,34,2,54,1" doraHai="5" who="3" fromWho="3" sc="360,-20,303,-39,127,-20,210,79" /><INIT seed="2,0,0,5,3,22" ten="340,264,107,289" oya="2" hai0="14,127,99,112,116,66,53,23,43,106,61,131,57" hai1="90,121,103,8,4,113,75,108,68,119,25,128,105" hai2="51,79,24,87,134,0,31,16,38,125,3,56,40" hai3="12,115,70,64,55,7,104,41,114,42,26,83,129"/><V54/><F134/><W95/><G104/><T109/><D112/><N who="3" m="43049" /><G83/><T97/><D109/><U11/><E108/><V59/><F125/><W101/><G70/><T98/><D127/><U13/><E113/><V63/><F38/><W135/><G64/><T58/><D131/><U20/><E68/><V122/><F122/><W48/><G129/><T52/><D43/><N who="3" m="16393" /><G135/><T10/><D106/><U86/><E119/><V47/><F56/><N who="3" m="32871" /><G7/><T96/><D96/><U15/><E75/><V107/><F107/><W18/><G12/><T2/><D116/><U62/><E121/><V120/><F120/><W6/><G6/><T100/><D2/><U93/><E128/><V89/><F79/><W71/><G71/><T111/><D23/><U17/><E105/><V5/><F5/><W102/><G95/><T27/><D27/><U19/><E62/><V50/><F63/><W1/><G1/><T9/><D111/><U80/><E103/><V133/><F133/><W49/><G49/><T36/><D14/><U88/><E93/><V76/><F76/><AGARI ba="0,0" hai="4,8,11,13,15,17,19,20,25,76,80,86,88,90" machi="76" ten="30,7700,0" yaku="7,1,8,1,52,1,54,1" doraHai="22" who="1" fromWho="2" sc="340,0,264,77,107,-77,289,0" /><INIT seed="3,0,0,4,1,131" ten="340,341,30,289" oya="3" hai0="107,7,72,79,17,88,36,99,125,102,33,37,114" hai1="130,117,53,74,6,65,29,2,132,67,116,101,12" hai2="122,59,49,8,14,100,26,47,80,43,108,81,45" hai3="126,60,42,15,119,110,10,55,84,121,97,24,31"/><W127/><G121/><T28/><D33/><U135/><E130/><V5/><F122/><W93/><G119/><N who="1" m="45642" /><E74/><V109/><F108/><W52/><G42/><T19/><D125/><N who="3" m="47625" /><G110/><T113/><D28/><U124/><E124/><V78/><F109/><W129/><G129/><T86/><D7/><U41/><E2/><V112/><F112/><N who="0" m="43114" /><D79/><U27/><E101/><V0/><F0/><W38/><G38/><N who="0" m="14955" /><D72/><U4/><E41/><V62/><F81/><AGARI ba="0,0" hai="17,19,81,86,88,99,102,107" m="14955,43114" machi="81" ten="30,2000,0" yaku="11,1,54,1" doraHai="131" who="0" fromWho="2" sc="340,20,341,0,30,-20,289,0" owari="360,46.0,341,14.0,10,-49.0,289,-11.0" /></mjloggm>