<mjloggm ver="2.3"><GO type="97" lobby="0"/><UN n0="%E5%B0%B1%E6%B4%BB%E7%94%9F%40%E5%B7%9D%E6%9D%91%E8%BB%8D%E5%9B%A3" n1="%E2%80%A0%E3%81%BE%E3%83%BC%E5%9D%8A%E2%80%A0" n2="%6A%69%6E%6B%61%69" n3="%E5%BA%83%E5%A0%B4%E3%81%AE%E7%8B%BC" dan="15,13,15,14" rate="1954.44,1947.80,1918.64,1977.34" sx="M,M,M,M"/><TAIKYOKU oya="0"/><INIT seed="0,0,0,3,1,81" ten="250,250,250,250" oya="0" hai0="106,29,85,56,115,95,104,17,61,11,77,94,40" hai1="42,80,8,63,47,30,91,9,28,38,107,75,103" hai2="18,57,135,51,133,44,64,32,25,48,55,7,26" hai3="132,124,111,79,33,92,60,84,65,131,20,70,53"/><T4/><D115/><U71/><E107/><V96/><F7/><W54/><G33/><T82/><D29/><U1/><E103/><V100/><F32/><W43/><G132/><N who="2" m="50761" /><F18/><W2/><G2/><T78/><D40/><U31/><E1/><V41/><F64/><W76/><G131/><T21/><D78/><U50/><E38/><V15/><F15/><W129/><G111/><T34/><D34/><U126/><E126/><V19/><F19/><W0/><G0/><T45/><D45/><U120/><E120/><V72/><F72/><W118/><G124/><T62/><D106/><AGARI ba="0,0" hai="25,26,41,44,48,51,55,57,96,100,106" m="50761" machi="106" ten="30,1000,0" yaku="20,1" doraHai="81" who="2" fromWho="0" sc="250,-10,250,0,250,10,250,0" /><INIT seed="1,0,0,5,2,70" ten="240,250,260,250" oya="1" hai0="34,91,127,3,28,101,56,132,43,89,68,123,22" hai1="135,36,77,27,94,0,61,130,81,114,24,82,46" hai2="69,65,85,47,55,117,87,63,62,19,96,122,20" hai3="73,23,58,134,53,90,105,111,64,30,33,44,13"/><U120/><E114/><V109/><F109/><W15/><G105/><T41/><D68/><U35/><E120/><V4/><F117/><W116/><G73/><T124/><D34/><U42/><E135/><V2/><F4/><W51/><G33/><T16/><D3/><U107/><E107/><V60/><F2/><W12/><G116/><T59/><D28/><U110/><E110/><V50/><F122/><W131/><G134/><T98/><D132/><U86/><E0/><V57/><F96/><W26/><G111/><T126/><D123/><U113/><E113/><V99/><F99/><W25/><G131/><T10/><D10/><U97/><E130/><V52/><REACH who="2" step="1"/><F63/><REACH who="2" ten="240,250,250,250" step="2"/><W9/><G9/><T118/><D118/><U31/><E61/><V95/><F95/><W37/><G37/><T48/><D101/><U74/><E94/><V39/><F39/><W72/><G13/><AGARI ba="0,1" hai="13,19,20,47,50,52,55,57,60,62,65,69,85,87" machi="13" ten="30,8000,1" yaku="1,1,7,1,54,1,53,2" doraHai="70" doraHaiUra="49" who="2" fromWho="3" sc="240,0,250,0,250,90,250,-80" /><INIT seed="2,0,0,2,3,22" ten="240,250,340,170" oya="2" hai0="59,26,117,68,57,58,46,110,113,39,36,31,84" hai1="124,50,105,127,41,72,100,43,33,76,9,49,12" hai2="108,82,8,93,30,55,42,101,34,18,114,27,23" hai3="37,122,106,87,63,70,94,132,115,123,65,53,107"/><V51/><F42/><N who="1" m="15881" /><E33/><V95/><F108/><W64/><G37/><T16/><D113/><U56/><E56/><V73/><F114/><W129/><G129/><T61/><D46/><U40/><E40/><V90/><F101/><W44/><G132/><T74/><D74/><U125/><E76/><V98/><F93/><W86/><G115/><T120/><D120/><U71/><E71/><V116/><F73/><W80/><G64/><T75/><D75/><U19/><E72/><V25/><F82/><W91/><G122/><T121/><D121/><U48/><E100/><V11/><F116/><W133/><G123/><T1/><D1/><U118/><E105/><V17/><F17/><W13/><G133/><T102/><D102/><U78/><E78/><V24/><F24/><W62/><G13/><T81/><D110/><U6/><E118/><V89/><F90/><W99/><G86/><T79/><D117/><U96/><E96/><V92/><F92/><W85/><G85/><T54/><D16/><AGARI ba="0,0" hai="6,9,12,16,19,48,49,50,124,125,127" m="15881" machi="16" ten="40,2600,0" yaku="18,1,54,1" doraHai="22" who="1" fromWho="0" sc="240,-26,250,26,340,0,170,0" /><INIT seed="3,0,0,5,3,118" ten="214,276,340,170" oya="3" hai0="86,13,57,94,34,87,37,93,112,100,53,35,129" hai1="62,81,117,102,130,36,40,104,67,88,11,66,15" hai2="108,47,105,92,54,71,42,59,4,78,12,8,111" hai3="55,51,131,6,17,52,134,22,113,7,64,120,96"/><W0/><G120/><T30/><D37/><U114/><E130/><V48/><F71/><W126/><G113/><T95/><D112/><U21/><E36/><V26/><F105/><W16/><G131/><T72/><D72/><U79/><E40/><V91/><F78/><W33/><G33/><T75/><D75/><U68/><E67/><V98/><REACH who="2" step="1"/><F26/><REACH who="2" ten="214,276,330,170" step="2"/><N who="3" m="14663" /><G126/><T63/><D129/><U24/><E79/><V110/><F110/><W43/><G134/><T14/><D30/><U25/><E104/><V29/><F29/><W76/><G0/><T127/><D127/><U19/><E68/><V101/><F101/><W82/><G64/><T38/><D100/><U23/><E102/><V119/><F119/><W103/><G43/><T73/><D73/><U85/><E117/><V39/><AGARI ba="0,1" hai="4,8,12,39,42,47,48,54,59,91,92,98,108,111" machi="39" ten="30,2000,0" yaku="1,1,0,1,53,0" doraHai="118" doraHaiUra="60" who="2" fromWho="2" sc="214,-5,276,-5,330,30,170,-10" owari="209,-19.0,271,7.0,360,46.0,160,-34.0" /></mjloggm>