<mjloggm ver="2.3"><GO type="41" lobby="0"/><UN n0="%E5%B0%B1%E6%B4%BB%E7%94%9F%40%E5%B7%9D%E6%9D%91%E8%BB%8D%E5%9B%A3" n1="%EF%BD%9A%EF%BD%8F%EF%BD%8F%E3%83%A1%E3%83%B3" n2="%50%5A%50%4E" n3="%E5%BE%A1%E5%9D%82%E4%B8%89%E7%AC%A0" dan="17,14,16,13" rate="2158.67,1897.14,2109.76,1876.46" sx="M,M,M,M"/><TAIKYOKU oya="0"/><INIT seed="0,0,0,2,1,67" ten="250,250,250,250" oya="0" hai0="78,4,59,40,128,44,22,92,114,57,109,89,37" hai1="81,30,25,68,90,80,96,21,130,48,9,29,82" hai2="0,23,65,113,24,126,77,20,19,133,95,129,12" hai3="72,86,134,99,87,61,27,71,117,53,98,43,39"/><T103/><D114/><U119/><E119/><V79/><F133/><W85/><G117/><T101/><D128/><U41/><E68/><V135/><F126/><W8/><G72/><T62/><D78/><U125/><E125/><V88/><F0/><W73/><G73/><T132/><D132/><U84/><E96/><N who="2" m="57447" /><F113/><W17/><G134/><T10/><D109/><U3/><E130/><V69/><F69/><W93/><G39/><T18/><D59/><U46/><E30/><N who="2" m="17671" /><F65/><W106/><G106/><T115/><D10/><U56/><REACH who="1" step="1"/><E56/><REACH who="1" ten="250,240,250,250" step="2"/><V75/><F135/><W16/><G71/><T66/><D115/><U50/><E50/><V2/><F129/><W131/><G131/><T51/><D37/><U116/><E116/><V83/><F75/><W7/><G99/><N who="0" m="57743" /><D4/><AGARI ba="0,1" hai="3,4,9,21,25,29,41,46,48,80,81,82,84,90" machi="4" ten="40,2600,0" yaku="1,1,53,1" doraHai="67" doraHaiUra="35" who="1" fromWho="0" sc="250,-26,240,36,250,0,250,0" /><INIT seed="1,0,0,3,4,75" ten="224,276,250,250" oya="1" hai0="85,121,47,105,132,93,77,95,80,7,70,12,6" hai1="113,39,133,88,3,14,48,79,2,71,26,37,29" hai2="76,52,90,16,126,128,131,61,118,103,9,101,108" hai3="119,67,134,125,122,97,63,91,50,115,24,107,110"/><U17/><E113/><V130/><F108/><W89/><G115/><T124/><D105/><U81/><E71/><V36/><F36/><W72/><G72/><T66/><D121/><U120/><E120/><V83/><F90/><W87/><G122/><T117/><D117/><U40/><E133/><V58/><F126/><W114/><G114/><T54/><D132/><U42/><E39/><V116/><F103/><W102/><G134/><T109/><D124/><U56/><E37/><V10/><F101/><W41/><G125/><T11/><D109/><U78/><E2/><V62/><F62/><W123/><G123/><T86/><D7/><U94/><E3/><V45/><F45/><W28/><G110/><T5/><D5/><U60/><E26/><V19/><F9/><W96/><G119/><N who="2" m="45609" /><F10/><W1/><G1/><T20/><D20/><N who="1" m="11319" /><E29/><V18/><F19/><W68/><G97/><T106/><D106/><U111/><E111/><V35/><F35/><W82/><G50/><N who="0" m="29023" /><D70/><U49/><E49/><V112/><F112/><W69/><G41/><N who="1" m="15978" /><E81/><V38/><F38/><W34/><REACH who="3" step="1"/><G69/><REACH who="3" ten="224,276,250,240" step="2"/><T57/><D86/><AGARI ba="0,1" hai="16,18,52,58,61,76,83,86,128,130,131" m="45609" machi="86" ten="40,8000,1" yaku="19,1,52,1,54,2" doraHai="75" who="2" fromWho="0" sc="224,-80,276,0,250,90,240,0" /><INIT seed="2,0,0,5,2,103" ten="144,276,340,240" oya="2" hai0="65,90,8,14,58,76,35,11,43,100,67,18,101" hai1="59,73,85,121,69,29,102,54,116,63,68,53,124" hai2="125,13,128,120,7,91,127,50,110,75,118,32,56" hai3="44,27,89,72,6,123,108,129,115,71,34,78,106"/><V41/><F118/><W39/><G89/><T109/><D35/><U57/><E73/><V107/><F75/><W37/><G78/><T61/><D109/><U62/><E121/><V99/><F32/><W49/><G27/><T23/><D76/><U24/><E116/><V70/><F70/><W122/><G39/><T105/><D105/><U55/><E124/><N who="2" m="47691" /><F128/><W3/><G6/><T83/><D43/><U93/><E55/><N who="2" m="31863" /><F41/><W16/><G16/><T20/><D67/><U40/><E40/><V74/><F74/><W64/><G44/><T96/><D23/><U38/><E38/><V51/><F51/><W15/><G49/><T22/><D22/><U111/><E111/><V119/><F119/><W92/><G92/><N who="0" m="56343" /><D83/><U84/><E69/><V52/><F107/><W97/><G64/><T126/><D126/><U17/><E68/><V81/><F81/><W33/><G71/><T0/><D0/><U60/><E60/><V47/><F120/><W131/><G3/><T132/><D132/><U94/><E29/><V66/><F66/><W87/><G37/><T2/><D2/><U104/><E104/><V98/><F91/><W114/><G106/><T95/><D101/><U134/><E134/><V45/><F45/><W42/><G72/><T86/><D100/><U4/><E102/><V1/><F1/><W28/><G42/><T19/><D19/><U25/><E17/><V77/><F77/><W80/><G108/><T133/><D133/><U113/><E4/><V12/><F110/><W88/><G122/><T48/><D48/><U9/><E113/><V117/><F117/><RYUUKYOKU ba="0,0" sc="144,15,276,15,340,-15,240,-15" hai0="8,11,14,18,20,58,61,65,86,95" hai1="9,24,25,53,54,57,59,62,63,84,85,93,94" /><INIT seed="3,1,0,1,4,58" ten="159,291,325,225" oya="3" hai0="10,34,55,115,39,73,23,119,24,134,21,47,59" hai1="132,33,76,117,101,46,43,15,121,28,125,114,123" hai2="37,71,128,94,84,92,111,112,0,83,14,53,129" hai3="1,7,107,19,13,72,108,131,12,52,20,45,16"/><W122/><G122/><T98/><D119/><U32/><E114/><V95/><F37/><W18/><G107/><T81/><D115/><U78/><E132/><V62/><F0/><W38/><G72/><T68/><D134/><U9/><E117/><V124/><F111/><W8/><G131/><N who="2" m="50249" /><F124/><W60/><G108/><T4/><D68/><U31/><E125/><V86/><F112/><W102/><G102/><T67/><D67/><U79/><E101/><V27/><F14/><W49/><G1/><T90/><D34/><U29/><E33/><V48/><F27/><W133/><G133/><T41/><D98/><U6/><REACH who="1" step="1"/><E32/><REACH who="1" ten="159,281,325,225" step="2"/><V100/><F100/><W88/><G38/><AGARI ba="1,1" hai="6,9,15,28,29,31,38,43,46,76,78,79,121,123" machi="38" ten="40,2600,0" yaku="1,1,2,1,53,0" doraHai="58" doraHaiUra="44" who="1" fromWho="3" sc="159,0,281,39,325,0,225,-29" /><INIT seed="4,0,0,3,0,88" ten="159,320,325,196" oya="0" hai0="132,64,62,107,66,118,100,52,109,22,135,45,133" hai1="95,38,84,26,54,108,70,61,123,63,56,121,40" hai2="69,81,97,105,99,126,77,58,55,103,35,37,7" hai3="8,113,119,72,41,87,117,127,68,98,33,134,19"/><T24/><D118/><U53/><E108/><V16/><F126/><W5/><G72/><T96/><D109/><U102/><E38/><V32/><F37/><W36/><G68/><T0/><D0/><U83/><E40/><V115/><F7/><W74/><G74/><T10/><D10/><U12/><E26/><V14/><F97/><W13/><G127/><T49/><REACH who="0" step="1"/><D62/><REACH who="0" ten="149,320,325,196" step="2"/><U89/><E123/><V125/><F125/><W82/><G119/><T20/><D20/><U128/><E121/><V78/><F35/><W25/><G117/><T91/><D91/><U59/><E128/><V9/><F32/><W17/><G113/><T94/><D94/><U124/><E124/><V112/><F112/><W27/><G134/><T79/><D79/><U67/><E102/><V39/><F115/><W60/><G33/><T47/><D47/><U101/><E101/><V2/><F77/><W110/><G60/><T51/><D51/><U31/><E95/><V106/><F2/><W130/><G110/><T11/><D11/><U28/><E70/><V114/><F69/><W42/><G130/><T1/><D1/><U111/><E111/><V93/><F114/><W90/><G36/><T104/><D104/><U116/><E116/><V92/><F106/><W43/><G98/><T46/><D46/><U131/><E131/><V30/><F39/><W4/><G4/><T80/><D80/><U3/><E3/><V129/><F129/><W76/><G76/><T48/><D48/><U65/><E65/><V57/><F99/><W85/><G85/><T18/><AGARI ba="0,1" hai="18,22,24,45,49,52,64,66,96,100,107,132,133,135" machi="18" ten="30,12000,1" yaku="1,1,0,1,20,1,54,1,53,1" doraHai="88" doraHaiUra="23" who="0" fromWho="0" sc="149,130,320,-40,325,-40,196,-40" /><INIT seed="4,1,0,0,2,13" ten="279,280,285,156" oya="0" hai0="103,88,120,25,124,38,32,35,74,92,62,36,33" hai1="11,69,118,57,101,44,123,90,100,42,53,75,91" hai2="21,1,70,0,87,27,97,121,15,117,12,3,115" hai3="18,65,114,109,47,67,126,61,22,84,112,96,105"/><T72/><D120/><U5/><E69/><V77/><F70/><W132/><G109/><T89/><D124/><U135/><E75/><V131/><F117/><W56/><G47/><T66/><D25/><U82/><E123/><V7/><F7/><W83/><G126/><T111/><D111/><U41/><E135/><V34/><F34/><W68/><G132/><T24/><D24/><U2/><E118/><V19/><F115/><N who="3" m="44075" /><G68/><T58/><D103/><U130/><E130/><V93/><F131/><W14/><G105/><T59/><D92/><U8/><E8/><V134/><F121/><W55/><G96/><T119/><D119/><U128/><E128/><V122/><F134/><W99/><G99/><T108/><D108/><U73/><E91/><AGARI ba="1,0" hai="14,18,22,55,56,61,65,67,83,84,91" m="44075" machi="91" ten="30,2000,0" yaku="15,1,52,1" doraHai="13" who="3" fromWho="1" sc="279,0,280,-23,285,0,156,23" /><INIT seed="5,0,0,3,3,1" ten="279,257,285,179" oya="1" hai0="120,16,60,52,69,125,94,40,41,57,75,89,78" hai1="22,64,77,95,17,2,83,108,55,38,74,28,106" hai2="82,97,107,128,56,3,130,103,35,87,113,110,37" hai3="45,86,43,59,7,88,42,31,100,67,23,127,132"/><U81/><E106/><V54/><F37/><W39/><G100/><T33/><D33/><U135/><E135/><V101/><F110/><W117/><G132/><T0/><D0/><U84/><E108/><V36/><F36/><W131/><G131/><N who="2" m="50217" /><F3/><W68/><G127/><T21/><D69/><U10/><E38/><V73/><F103/><W44/><G68/><T129/><D125/><U50/><E28/><V105/><F73/><W65/><G117/><T11/><D11/><U93/><E64/><V112/><F35/><W124/><G124/><T62/><D62/><U104/><E104/><N who="2" m="63535" /><F56/><W13/><G43/><T53/><D129/><U58/><E2/><V90/><F54/><W19/><G45/><T51/><D78/><U29/><E29/><V9/><F9/><W47/><G47/><N who="0" m="27775" /><D75/><U8/><E8/><V134/><F134/><W32/><G59/><T34/><D34/><U99/><E99/><V5/><F5/><W20/><G32/><T71/><D71/><U61/><E10/><V4/><F4/><W85/><G85/><N who="0" m="52527" /><D120/><U96/><E96/><V98/><F98/><W126/><G7/><T122/><D122/><U92/><E61/><V133/><F133/><W66/><G126/><T26/><AGARI ba="0,0" hai="16,21,26,40,41,53,57,60" m="52527,27775" machi="26" ten="30,4000,0" yaku="8,1,54,2" doraHai="1" who="0" fromWho="0" sc="279,40,257,-20,285,-10,179,-10" /><INIT seed="6,0,0,5,4,29" ten="319,237,275,169" oya="2" hai0="28,84,108,133,86,120,71,113,134,112,53,37,79" hai1="46,57,25,111,60,101,99,33,50,100,90,35,8" hai2="21,118,17,88,96,49,32,122,65,44,41,10,104" hai3="55,1,135,63,98,78,48,83,6,15,110,82,9"/><V102/><F10/><W85/><G110/><T123/><D71/><U94/><E111/><V91/><F32/><W7/><G135/><N who="0" m="51723" /><D37/><U105/><E101/><V64/><F118/><W114/><G98/><T16/><D28/><U0/><E25/><V124/><F124/><W109/><G109/><T70/><D70/><U31/><E31/><V18/><F18/><W80/><G114/><N who="0" m="44139" /><D79/><U58/><E58/><V22/><F22/><W131/><G131/><T30/><D30/><U73/><E73/><V107/><F107/><W39/><G39/><T126/><D126/><U11/><E11/><V36/><F122/><N who="0" m="46634" /><D108/><U130/><E8/><V119/><F119/><W38/><G38/><T116/><D116/><U132/><E132/><V106/><F36/><W54/><G1/><T27/><D53/><N who="3" m="19977" /><G63/><T12/><D27/><U52/><E0/><V74/><F106/><W127/><G127/><T95/><D95/><U45/><E45/><V92/><F104/><W87/><G78/><T81/><D81/><N who="3" m="20737" /><W67/><DORA hai="34" /><G67/><T13/><D16/><U128/><E105/><V20/><F17/><W68/><G68/><T4/><D4/><U62/><E62/><V129/><F129/><N who="1" m="49769" /><E100/><V43/><F65/><AGARI ba="0,0" hai="33,35,46,50,52,57,60,65,90,94,99" m="49769" machi="65" ten="30,7700,0" yaku="19,1,52,2,54,1" doraHai="29,34" who="1" fromWho="2" sc="319,0,237,77,275,-77,169,0" /><INIT seed="7,0,0,2,5,86" ten="319,314,198,169" oya="3" hai0="22,100,126,74,98,43,135,68,12,92,108,26,30" hai1="48,96,70,65,79,67,7,106,44,90,55,57,115" hai2="61,87,105,104,76,91,27,53,75,85,41,49,14" hai3="36,122,102,1,10,35,97,9,71,4,5,118,120"/><W78/><G36/><T59/><D108/><U62/><E115/><V31/><F75/><W19/><G71/><T94/><D68/><U39/><E79/><V34/><F76/><W56/><G118/><T40/><D74/><U2/><E2/><V60/><F85/><W113/><G35/><T110/><D110/><U24/><E7/><V133/><F41/><N who="0" m="15946" /><D135/><U88/><E39/><V23/><F133/><W117/><G117/><T73/><D73/><U134/><E134/><V109/><F105/><W132/><G132/><T32/><D32/><U81/><E70/><V131/><F104/><W58/><G113/><T72/><D72/><U46/><E46/><V11/><F131/><W47/><G47/><T127/><D12/><U119/><E119/><V0/><F0/><W93/><G78/><T52/><D98/><U111/><E111/><V66/><F66/><W29/><G120/><T17/><D100/><U63/><E24/><V95/><F109/><W15/><G122/><T129/><D30/><U38/><E38/><V6/><REACH who="2" step="1"/><F34/><REACH who="2" ten="319,314,188,169" step="2"/><W83/><G83/><T121/><D129/><U114/><E114/><V80/><F80/><W69/><G69/><T103/><D121/><U130/><E130/><V16/><F16/><W20/><G29/><T50/><D92/><N who="1" m="56327" /><E106/><V77/><F77/><W124/><REACH who="3" step="1"/><G124/><REACH who="3" ten="319,314,188,159" step="2"/><T42/><D127/><U116/><E116/><V54/><F54/><W25/><AGARI ba="0,2" hai="1,4,5,9,10,15,19,20,25,56,58,93,97,102" machi="25" ten="20,12000,1" yaku="1,1,2,1,0,1,7,1,53,1" doraHai="86" doraHaiUra="18" who="3" fromWho="3" sc="319,-40,314,-40,188,-40,159,140" /><INIT seed="7,1,0,4,4,100" ten="279,274,148,299" oya="3" hai0="32,11,12,53,85,81,101,75,2,114,118,71,61" hai1="86,59,83,88,94,27,132,13,46,125,121,69,130" hai2="111,8,102,51,78,134,96,115,9,98,105,112,76" hai3="31,133,107,4,23,99,7,47,95,79,124,25,113"/><W43/><G113/><N who="2" m="43593" /><F111/><W84/><G133/><T56/><D114/><U45/><E121/><V82/><F134/><W40/><G124/><T74/><D118/><U28/><E132/><V93/><F51/><W68/><G68/><T10/><D32/><U63/><E130/><V34/><F34/><W22/><G107/><T0/><D71/><U52/><E125/><V77/><F9/><W127/><G127/><T24/><D101/><U57/><E69/><V41/><F8/><W37/><G43/><T18/><D24/><U62/><E13/><V117/><F41/><W91/><REACH who="3" step="1"/><G22/><REACH who="3" ten="279,274,148,289" step="2"/><T35/><D35/><U89/><E27/><V38/><F117/><W128/><G128/><T29/><D29/><U116/><E116/><V104/><F104/><W123/><G123/><T50/><D0/><U15/><E28/><V55/><F55/><W36/><G36/><T119/><D119/><U129/><E129/><V135/><F38/><W14/><G14/><T92/><D2/><U3/><E3/><V48/><F48/><W103/><G103/><T66/><D11/><U20/><E20/><V110/><F110/><W21/><G21/><T60/><D10/><U16/><E15/><V42/><F42/><W30/><G30/><T73/><D12/><U17/><E17/><V80/><F135/><W64/><G64/><T131/><D131/><U1/><E1/><V65/><F65/><W87/><G87/><T67/><D50/><U26/><E26/><V54/><F54/><W106/><G106/><T97/><D67/><N who="1" m="39375" /><E16/><V5/><F5/><W70/><G70/><N who="0" m="42311" /><D61/><U49/><E63/><RYUUKYOKU ba="1,1" sc="279,-30,274,10,148,10,289,10" hai1="45,46,49,52,59,83,86,88,89,94" hai2="76,77,78,80,82,93,96,98,102,105" hai3="4,7,23,25,31,37,40,47,79,84,91,95,99" /><INIT seed="7,2,1,4,3,30" ten="249,284,158,299" oya="3" hai0="58,126,90,74,51,72,104,11,102,7,98,81,32" hai1="39,68,101,53,62,19,113,35,3,16,20,135,120" hai2="83,15,127,5,97,57,116,88,78,0,132,96,77" hai3="40,25,131,17,29,124,9,65,21,84,26,117,56"/><W71/><G117/><T108/><D108/><U80/><E39/><V44/><F0/><W73/><G73/><T4/><D126/><U111/><E111/><V134/><F116/><W93/><G124/><T61/><D32/><U24/><E3/><V79/><F127/><W46/><G71/><T41/><D41/><U34/><E120/><V69/><F57/><W114/><G114/><T67/><D51/><U99/><E135/><N who="2" m="51755" /><F69/><W36/><G131/><T133/><D133/><U60/><E113/><V14/><F44/><W130/><G130/><T23/><D23/><U28/><E62/><V89/><F5/><W103/><G9/><T38/><D38/><U8/><E80/><V31/><F31/><W70/><G70/><T128/><D128/><U47/><E8/><V10/><F10/><W110/><G110/><T123/><D123/><U122/><E122/><V106/><F106/><W92/><G103/><T45/><D45/><U112/><E112/><V48/><F48/><W27/><G84/><T22/><D22/><U91/><E91/><N who="2" m="34891" /><F83/><W109/><G109/><T87/><D4/><U6/><E6/><V121/><F121/><W118/><G118/><T125/><D125/><U75/><E75/><V43/><F43/><W59/><G59/><T129/><REACH who="0" step="1"/><D129/><REACH who="0" ten="239,284,158,299" step="2"/><U2/><E47/><V13/><AGARI ba="2,2" hai="13,14,15,77,78,79,96,97" m="34891,51755" machi="13" ten="40,8000,1" yaku="28,2,20,1,54,1" doraHai="30" who="2" fromWho="2" sc="239,-22,284,-22,158,106,299,-42" /><INIT seed="8,0,0,4,1,87" ten="217,262,264,257" oya="0" hai0="134,3,50,7,26,116,104,6,89,130,65,49,13" hai1="14,9,35,47,118,132,117,25,57,54,1,119,18" hai2="83,45,55,75,15,20,90,110,40,78,22,58,38" hai3="42,76,86,74,126,30,60,63,48,98,43,127,28"/><T10/><D116/><U85/><E132/><V97/><F110/><W33/><G74/><T121/><D121/><U102/><E1/><V12/><F12/><W70/><G98/><T96/><D134/><U21/><E35/><V77/><F77/><W105/><G105/><T101/><D130/><U111/><E111/><V100/><F15/><W99/><G99/><T131/><D131/><U133/><E133/><V129/><F129/><W2/><G2/><T41/><D65/><U44/><E102/><V46/><F46/><N who="3" m="25687" /><G33/><T32/><D41/><U29/><REACH who="1" step="1"/><E85/><REACH who="1" ten="217,252,264,257" step="2"/><V16/><F100/><W93/><G86/><T56/><D3/><U0/><E0/><V19/><F22/><W120/><G120/><T113/><D113/><U11/><E11/><V103/><F20/><W67/><G127/><T125/><D125/><U79/><E79/><V64/><F103/><W80/><G126/><T17/><D89/><U52/><E52/><V68/><F90/><W71/><G43/><T123/><D123/><U115/><E115/><V8/><F40/><W112/><G112/><T124/><D124/><U23/><E23/><V62/><F55/><W72/><G72/><T109/><D109/><U39/><E39/><V59/><F38/><W36/><G36/><T108/><D108/><U5/><E5/><N who="0" m="1545" /><D56/><U88/><E88/><V92/><F59/><W135/><G135/><T84/><D84/><U91/><E91/><N who="2" m="55455" /><F58/><W122/><G122/><T34/><D34/><U106/><E106/><V51/><F8/><W82/><G76/><T81/><D81/><N who="3" m="31337" /><G71/><T95/><D104/><U107/><E107/><RYUUKYOKU ba="0,1" sc="217,10,252,10,264,10,257,-30" hai0="10,13,17,26,32,49,50,95,96,101" hai1="9,14,18,21,25,29,44,47,54,57,117,118,119" hai2="16,19,45,51,62,64,68,75,78,83" /><INIT seed="8,1,1,3,3,113" ten="227,262,274,227" oya="0" hai0="35,8,37,123,14,33,66,81,132,71,64,50,1" hai1="98,27,114,120,25,122,61,83,48,87,133,74,129" hai2="58,62,57,95,22,19,72,65,68,43,112,30,13" hai3="55,107,60,84,40,79,97,92,86,46,53,105,128"/><T82/><D37/><U41/><E74/><V131/><F72/><W134/><G134/><T119/><D123/><U32/><E114/><V88/><F131/><W70/><G128/><T18/><D1/><U28/><E133/><V117/><F117/><W121/><G121/><T108/><D132/><U115/><E115/><V23/><F43/><W20/><G70/><T54/><D119/><U90/><E129/><V6/><F6/><W26/><G60/><T47/><D108/><U118/><E118/><V91/><F91/><W31/><G107/><T51/><D71/><U103/><E61/><V39/><F39/><W106/><G106/><T10/><D10/><U3/><E3/><V77/><F77/><W59/><G105/><T45/><D35/><U16/><E41/><V93/><F93/><W2/><G2/><T111/><D33/><U5/><E5/><V56/><F112/><W99/><G79/><T96/><D96/><N who="3" m="36937" /><G92/><T75/><D111/><U11/><E48/><V21/><REACH who="2" step="1"/><F30/><REACH who="2" ten="227,262,264,227" step="2"/><W0/><G0/><T69/><D69/><U85/><E122/><V63/><F63/><N who="3" m="36335" /><G40/><N who="0" m="24871" /><D75/><U52/><E120/><V130/><F130/><W34/><G34/><T101/><D101/><U73/><E73/><V80/><F80/><AGARI ba="1,2" hai="8,14,18,47,51,54,64,66,80,81,82" m="24871" machi="80" ten="30,1500,0" yaku="8,1" doraHai="113" who="0" fromWho="2" sc="227,38,262,0,264,-18,227,0" /><INIT seed="8,2,0,5,0,47" ten="265,262,246,227" oya="0" hai0="127,104,2,81,76,133,53,64,95,120,107,69,34" hai1="94,132,84,27,92,18,55,28,102,4,23,75,5" hai2="10,40,111,22,68,98,106,61,42,7,100,33,99" hai3="11,52,123,29,38,37,85,121,30,3,116,72,41"/><T115/><D120/><N who="3" m="46153" /><G116/><T31/><D115/><U65/><E75/><V36/><F36/><N who="3" m="13931" /><G72/><T6/><D95/><U71/><E132/><V62/><F33/><W90/><G41/><T83/><D83/><U131/><E131/><V88/><F22/><W32/><G32/><T46/><D53/><U74/><E74/><V78/><F78/><W82/><G11/><N who="0" m="2519" /><D46/><U89/><E28/><N who="3" m="10858" /><G3/><T108/><D81/><U73/><E73/><V21/><F21/><W93/><G82/><T13/><D76/><U103/><E94/><V80/><F80/><W125/><G125/><T79/><D79/><U0/><E0/><V70/><F42/><W112/><G112/><T58/><D31/><U101/><REACH who="1" step="1"/><E55/><AGARI ba="2,0" hai="52,55,85,90,93" m="10858,13931,46153" machi="55" ten="40,2600,0" yaku="13,1,54,1" doraHai="47" who="3" fromWho="1" sc="265,0,262,-32,246,0,227,32" /><INIT seed="9,0,0,4,1,125" ten="265,230,246,259" oya="1" hai0="26,38,27,101,95,13,115,108,35,74,53,107,94" hai1="49,73,29,90,5,122,88,48,21,62,55,47,102" hai2="112,105,72,57,63,131,64,10,111,8,15,31,99" hai3="40,104,129,70,134,23,11,75,9,54,50,7,120"/><U0/><E73/><V61/><F72/><W96/><G75/><T67/><D38/><U103/><E122/><V79/><F111/><W52/><G120/><T118/><D74/><U20/><E0/><V37/><F37/><W60/><G134/><T22/><D107/><U130/><E130/><V71/><F131/><W12/><G129/><T86/><D35/><U69/><E5/><V14/><F31/><W91/><G40/><T41/><D41/><U51/><E69/><V42/><F79/><W84/><G104/><T87/><D67/><U16/><E29/><V78/><F78/><W92/><G96/><T117/><D53/><U17/><E62/><V116/><F42/><W109/><G109/><T106/><D22/><U114/><E114/><V34/><F34/><W65/><G23/><T77/><D13/><N who="1" m="9231" /><E51/><V58/><F112/><W30/><G30/><T124/><D108/><U123/><E123/><V128/><F128/><W36/><G36/><T44/><D115/><U66/><E66/><N who="2" m="39215" /><F71/><W100/><G100/><N who="1" m="38442" /><E49/><V113/><F105/><W121/><G121/><T45/><D106/><U3/><E3/><V76/><F113/><W133/><G133/><T25/><D124/><U127/><E127/><V43/><F8/><W89/><G11/><T80/><D118/><U28/><E28/><V132/><F10/><W98/><G50/><T110/><D117/><U135/><E135/><V119/><F119/><W32/><G32/><T1/><D1/><U85/><E85/><V68/><F116/><W39/><G39/><T93/><D110/><U18/><E21/><V126/><F132/><RYUUKYOKU ba="0,0" sc="265,-15,230,15,246,-15,259,15" hai1="17,18,47,48,55,88,90" hai3="7,9,12,52,54,60,65,70,84,89,91,92,98" /><INIT seed="9,1,0,3,5,130" ten="250,245,231,274" oya="1" hai0="106,26,28,120,98,0,95,117,62,2,83,43,93" hai1="45,128,103,29,25,97,67,65,105,104,13,90,73" hai2="34,44,38,14,133,116,129,78,108,22,48,72,135" hai3="8,79,42,3,124,57,36,1,51,61,88,70,127"/><U46/><E73/><V23/><F34/><W7/><G79/><T9/><D117/><U86/><E128/><V18/><F38/><W47/><G70/><T69/><D120/><U112/><E112/><V12/><F108/><W101/><G101/><N who="0" m="62775" /><D43/><U27/><E105/><V20/><F129/><W17/><G17/><T11/><D83/><U63/><E13/><N who="2" m="5227" /><F78/><W40/><G36/><T118/><D118/><U68/><E67/><V59/><F59/><W122/><G122/><T21/><D21/><U114/><E114/><V30/><F30/><W76/><G76/><T131/><D131/><U87/><E27/><N who="2" m="14743" /><F72/><W10/><G40/><T96/><D96/><U32/><REACH who="1" step="1"/><E87/><REACH who="1" ten="250,235,231,274" step="2"/><V113/><F113/><W53/><G124/><T110/><D2/><U60/><E60/><V80/><F116/><W35/><G127/><T100/><D0/><U58/><E58/><V134/><F80/><AGARI ba="1,1" hai="25,29,32,45,46,63,65,68,80,86,90,97,103,104" machi="80" ten="30,11600,0" yaku="1,1,7,1,25,2,53,0" doraHai="130" doraHaiUra="107" who="1" fromWho="2" sc="250,0,235,129,231,-119,274,0" owari="250,-15.0,364,47.0,112,-39.0,274,7.0" /></mjloggm>