<mjloggm ver="2.3"><GO type="225" lobby="0"/><UN n0="%E9%95%B7%E3%81%84%E5%A4%A2" n1="%E5%85%88%E2%99%80%E7%94%9F" n2="%E3%83%88%E3%83%88%E3%83%AA%E5%85%88%E7%94%9F%31%39%E6%AD%B3" n3="%E5%A4%A9%E5%B0%8A%E4%BD%8D" dan="16,16,17,16" rate="2123.51,2100.53,2127.79,2082.00" sx="M,F,F,F"/><TAIKYOKU oya="0"/><INIT seed="0,0,0,3,4,89" ten="250,250,250,250" oya="0" hai0="53,20,129,135,113,76,70,98,128,112,87,133,65" hai1="56,88,2,85,1,134,38,19,39,33,25,18,37" hai2="58,44,34,80,0,122,30,79,78,117,84,55,77" hai3="63,57,126,116,120,66,90,131,36,75,114,47,109"/><T29/><D29/><U31/><E134/><N who="0" m="51209" /><D20/><U32/><E32/><V101/><F0/><W12/><G75/><T6/><D6/><U118/><E118/><V103/><F122/><W92/><G114/><N who="0" m="44139" /><D53/><U86/><E86/><V119/><F44/><W104/><G12/><T60/><D98/><U28/><E28/><V21/><F34/><W51/><G47/><T4/><D4/><U111/><E111/><V132/><F132/><W99/><G99/><T13/><D13/><U48/><E1/><V16/><F30/><W130/><G109/><T14/><D14/><U127/><E127/><V108/><F108/><W27/><G126/><T17/><D17/><U121/><E2/><V95/><F117/><W46/><G116/><T62/><D62/><U93/><REACH who="1" step="1"/><E121/><REACH who="1" ten="250,240,250,250" step="2"/><V97/><F119/><W74/><G120/><T49/><D87/><U59/><E59/><V26/><F101/><W54/><G57/><T94/><D76/><U105/><E105/><V41/><F41/><W83/><G104/><T107/><D107/><U11/><E11/><V91/><F103/><W102/><G102/><T82/><D82/><U45/><E45/><V40/><F40/><W67/><G46/><T22/><D22/><U10/><E10/><V64/><F64/><W68/><G67/><T7/><D65/><U72/><E72/><V52/><F55/><AGARI ba="0,1" hai="18,19,25,31,33,37,38,39,48,55,56,85,88,93" machi="55" ten="40,5200,0" yaku="1,1,52,1,54,1,53,0" doraHai="89" doraHaiUra="42" who="1" fromWho="2" sc="250,0,240,62,250,-52,250,0" /><INIT seed="1,0,0,3,2,36" ten="250,302,198,250" oya="1" hai0="39,51,110,92,27,104,130,4,87,84,134,52,32" hai1="79,40,126,49,9,82,100,77,90,63,12,80,81" hai2="57,66,56,83,38,86,24,96,105,45,69,94,22" hai3="91,108,26,29,85,59,44,34,102,42,101,116,107"/><U0/><E0/><V48/><F38/><W17/><G108/><T73/><D104/><U89/><E126/><V123/><F105/><W21/><G116/><T67/><D39/><U47/><E100/><V7/><F7/><W54/><G107/><T23/><D73/><U31/><E31/><V64/><F123/><W46/><G46/><N who="0" m="27767" /><D32/><U55/><E63/><V58/><F69/><W37/><G34/><T16/><D134/><U99/><E55/><V20/><F94/><W62/><REACH who="3" step="1"/><G29/><REACH who="3" ten="250,302,198,240" step="2"/><T25/><D110/><U133/><E133/><V118/><F118/><W2/><G2/><T111/><D111/><U18/><E99/><V13/><F96/><W103/><G103/><T113/><D113/><U61/><E90/><V112/><F112/><W68/><G68/><T109/><D109/><U3/><E3/><V53/><F13/><W132/><G132/><T15/><D130/><U50/><E89/><N who="2" m="51423" /><F24/><W121/><G121/><T75/><D25/><U124/><E12/><V97/><F97/><W5/><G5/><T43/><D4/><U120/><E120/><V74/><F74/><W128/><G128/><T10/><D75/><U72/><E72/><V19/><F19/><W6/><G6/><T71/><D27/><U88/><E18/><V117/><F117/><W131/><G131/><T127/><D16/><U76/><E47/><V33/><F33/><W11/><G11/><T35/><D15/><U60/><E9/><V1/><F1/><W129/><G129/><T125/><D10/><U41/><E88/><V106/><F106/><W122/><G122/><T78/><D71/><RYUUKYOKU ba="0,1" sc="250,-15,302,-15,198,15,240,15" hai2="20,22,45,48,53,56,57,58,64,66" hai3="17,21,26,37,42,44,54,59,62,85,91,101,102" /><INIT seed="2,1,1,4,1,90" ten="235,287,213,255" oya="2" hai0="59,128,57,102,55,67,42,58,94,22,69,48,24" hai1="74,41,119,6,78,89,40,114,45,100,26,130,17" hai2="96,123,68,85,110,82,60,25,27,52,77,14,16" hai3="61,1,107,106,3,92,0,135,101,72,54,73,83"/><V34/><F123/><W49/><G135/><T129/><D42/><U86/><E114/><V93/><F34/><W64/><G107/><T134/><D134/><U33/><E119/><V10/><F110/><W103/><G106/><T29/><D69/><U30/><E130/><N who="0" m="50281" /><D67/><U38/><E6/><V15/><F15/><W56/><G83/><T99/><AGARI ba="1,1" hai="22,24,29,48,55,57,58,59,94,99,102" m="50281" machi="99" ten="30,2000,0" yaku="19,1,52,1" doraHai="90" who="0" fromWho="0" sc="235,33,287,-6,213,-11,255,-6" /><INIT seed="3,0,0,5,5,55" ten="268,281,202,249" oya="3" hai0="16,91,45,80,53,0,128,62,51,111,25,39,77" hai1="97,75,74,17,46,135,28,36,85,132,83,124,5" hai2="125,116,20,130,94,110,37,134,15,48,26,126,123" hai3="129,71,1,44,22,34,49,3,81,23,2,38,19"/><W117/><G71/><T47/><D0/><U95/><E5/><V108/><F37/><W6/><G38/><T98/><D111/><N who="2" m="42538" /><F94/><W104/><G104/><T59/><D128/><U120/><E28/><N who="2" m="17479" /><F48/><W33/><G117/><T14/><D25/><U79/><E17/><V89/><F89/><W113/><G113/><T100/><D39/><U112/><E46/><N who="0" m="17417" /><D77/><U99/><E36/><V102/><F102/><W32/><G129/><T72/><D72/><N who="1" m="27691" /><E112/><V107/><F107/><W18/><G81/><T78/><D78/><U64/><E64/><V115/><F130/><W73/><G73/><T106/><D106/><U60/><E60/><V10/><F115/><W69/><G69/><T21/><D100/><N who="1" m="60479" /><E120/><V29/><F123/><W35/><N who="3" m="8192" /><DORA hai="121" /><W12/><G49/><T65/><D98/><U93/><E124/><N who="2" m="47723" /><F29/><W52/><G44/><N who="0" m="27879" /><D91/><AGARI ba="0,0" hai="79,83,85,91,93,99,132,135" m="60479,27691" machi="91" ten="30,2000,0" yaku="34,2" doraHai="55,121" who="1" fromWho="0" sc="268,-20,281,20,202,0,249,0" owari="248,-15.0,301,40.0,202,-30.0,249,5.0" /></mjloggm>