<mjloggm ver="2.3"><GO type="97" lobby="0"/><UN n0="%E3%81%A7%E3%82%93%E3%81%A7%E3%82%93%E8%99%AB" n1="%E5%B0%B1%E6%B4%BB%E7%94%9F%40%E5%B7%9D%E6%9D%91%E8%BB%8D%E5%9B%A3" n2="%4D%61%67%69%63%E7%8B%BC" n3="%E3%83%AA%E3%82%B0%E3%83%AB" dan="13,15,15,14" rate="1873.38,2057.05,1946.62,1928.46" sx="F,M,M,F"/><TAIKYOKU oya="0"/><INIT seed="0,0,0,5,5,119" ten="250,250,250,250" oya="0" hai0="83,103,8,20,45,95,87,26,18,124,2,42,114" hai1="16,23,62,113,67,47,6,44,48,75,112,98,11" hai2="64,58,74,3,72,22,4,34,59,107,7,135,29" hai3="17,109,5,68,94,120,57,84,54,1,105,10,32"/><T27/><D114/><N who="1" m="44139" /><E75/><V102/><F34/><W89/><G105/><T97/><D124/><U92/><E11/><V88/><F58/><W125/><G68/><T123/><D123/><U132/><E6/><V65/><F65/><W60/><G32/><T19/><D2/><U39/><E39/><V122/><F122/><W69/><G120/><T85/><D83/><U25/><E132/><V79/><F135/><W9/><G125/><T129/><D129/><U52/><E44/><V91/><F72/><W131/><G109/><T104/><D104/><U33/><E33/><V117/><F117/><W46/><G131/><T86/><D8/><U115/><E115/><V21/><F4/><W71/><REACH who="3" step="1"/><G46/><REACH who="3" ten="250,250,250,240" step="2"/><T38/><REACH who="0" step="1"/><D27/><REACH who="0" ten="240,250,250,240" step="2"/><U53/><E47/><V80/><F107/><W128/><G128/><T78/><D78/><U56/><E48/><V133/><F79/><W28/><G28/><AGARI ba="0,2" hai="18,19,20,26,28,38,42,45,85,86,87,95,97,103" machi="28" ten="40,2000,0" yaku="1,1,53,0" doraHai="119" doraHaiUra="73" who="0" fromWho="3" sc="240,40,250,0,250,0,240,-20" /><INIT seed="0,1,0,4,1,80" ten="280,250,250,220" oya="0" hai0="24,124,91,79,130,32,15,51,65,46,83,4,28" hai1="9,110,45,73,61,52,56,120,36,92,88,107,131" hai2="82,26,53,5,87,41,108,81,117,125,11,62,39" hai3="69,40,76,12,112,113,43,68,48,111,105,93,126"/><T132/><D130/><U64/><E107/><V109/><F125/><W118/><G105/><T77/><D124/><U21/><E120/><V54/><F117/><W129/><G126/><T78/><D132/><U13/><E73/><V100/><F100/><W96/><G118/><T135/><D135/><U97/><E110/><N who="2" m="42603" /><F26/><W44/><G111/><T102/><D102/><U115/><E115/><V133/><F62/><W16/><G129/><T74/><D65/><U116/><E131/><V86/><F133/><W23/><G43/><T63/><D63/><U17/><E116/><V34/><F34/><W70/><REACH who="3" step="1"/><G76/><REACH who="3" ten="280,250,250,210" step="2"/><T3/><D78/><U0/><E0/><N who="2" m="423" /><F41/><W35/><G35/><T72/><D77/><U103/><E36/><V22/><F39/><W101/><AGARI ba="1,1" hai="12,16,23,40,44,48,68,69,70,93,96,101,112,113" machi="101" ten="30,4000,0" yaku="1,1,0,1,54,1,53,0" doraHai="80" doraHaiUra="134" who="3" fromWho="3" sc="280,-21,250,-11,250,-11,210,53" /><INIT seed="1,0,0,3,5,77" ten="259,239,239,263" oya="1" hai0="86,118,52,38,80,115,135,100,5,40,18,9,75" hai1="120,116,96,87,46,126,134,26,30,12,103,60,31" hai2="113,56,127,107,125,67,29,98,1,76,111,21,72" hai3="133,69,3,42,89,7,66,93,129,114,68,53,64"/><U119/><E120/><V59/><F1/><W45/><G114/><T105/><D75/><U124/><E134/><V41/><F111/><W88/><G133/><T27/><D118/><N who="1" m="45099" /><E46/><V44/><F113/><W108/><G108/><T65/><D115/><U22/><E87/><V0/><F0/><W35/><G35/><T8/><D135/><U16/><E60/><V4/><F4/><W79/><G129/><T62/><D100/><U83/><E83/><N who="2" m="45447" /><F67/><W90/><G53/><T95/><D95/><U43/><E43/><V19/><F29/><N who="1" m="10761" /><E96/><V15/><F98/><W24/><G79/><T131/><D105/><U110/><E103/><V14/><F14/><W28/><G66/><T123/><D131/><U50/><E50/><N who="2" m="26895" /><F107/><W23/><G64/><T91/><D123/><U20/><E110/><V73/><F73/><W11/><REACH who="3" step="1"/><G93/><REACH who="3" ten="259,239,239,253" step="2"/><T104/><D104/><U97/><E97/><V106/><F106/><W102/><G102/><T13/><D52/><U55/><E55/><V47/><F47/><W121/><G121/><T36/><D40/><U78/><E78/><V128/><F128/><W58/><G58/><T92/><D92/><U57/><E57/><V99/><F56/><W74/><G74/><T10/><D27/><U117/><E117/><V70/><F59/><W71/><G71/><T39/><REACH who="0" step="1"/><D5/><REACH who="0" ten="249,239,239,253" step="2"/><U32/><E32/><V61/><F70/><AGARI ba="0,2" hai="8,9,10,13,18,36,38,39,62,65,70,80,86,91" machi="70" ten="40,5200,0" yaku="1,1,2,1,52,1,53,0" doraHai="77" doraHaiUra="51" who="0" fromWho="2" sc="249,72,239,0,239,-52,253,0" /><INIT seed="2,0,0,1,3,129" ten="321,239,187,253" oya="2" hai0="122,26,1,34,52,79,54,33,106,10,58,46,14" hai1="69,67,125,32,25,74,81,110,111,13,117,105,94" hai2="23,115,124,101,108,128,91,2,20,133,135,120,63" hai3="39,35,44,109,60,48,19,80,41,4,123,84,31"/><V102/><F2/><W18/><G123/><T121/><D106/><U36/><E105/><V55/><F120/><W83/><G109/><N who="1" m="41482" /><E36/><V17/><F108/><W97/><G4/><T64/><D1/><U104/><E104/><V8/><F128/><W93/><G35/><T116/><D116/><U130/><E130/><V99/><F115/><W45/><G31/><T98/><D98/><U89/><E117/><V78/><F78/><W82/><G60/><T65/><D79/><N who="1" m="44279" /><E125/><V30/><F124/><W50/><G84/><T134/><D134/><N who="2" m="51210" /><F8/><W131/><G131/><T12/><D10/><U119/><E119/><V29/><F20/><W73/><G73/><T103/><D58/><U61/><E13/><N who="2" m="9647" /><F55/><N who="3" m="30087" /><G39/><T59/><D59/><U66/><E66/><V38/><F38/><W71/><G71/><T72/><D72/><U76/><E76/><V96/><F63/><W11/><G11/><T113/><D113/><U56/><E69/><V53/><F53/><W24/><G24/><T107/><D107/><U22/><E32/><V86/><F86/><W51/><G51/><T112/><D112/><U37/><E37/><V0/><F0/><W57/><G57/><T6/><D33/><U62/><E62/><V16/><F16/><W118/><G118/><T75/><D52/><U3/><E3/><V126/><F126/><W40/><G40/><T127/><D54/><U92/><E89/><AGARI ba="0,0" hai="18,19,41,45,50,80,82,83,89,93,97" m="30087" machi="89" ten="30,1000,0" yaku="8,1" doraHai="129" who="3" fromWho="1" sc="321,0,239,-10,187,0,253,10" /><INIT seed="3,0,0,3,3,31" ten="321,229,187,263" oya="3" hai0="96,78,62,12,26,114,8,41,70,21,29,120,13" hai1="24,4,5,15,128,131,101,122,50,48,66,68,127" hai2="16,0,93,112,28,46,124,121,100,71,75,17,43" hai3="1,36,25,117,106,108,33,109,89,74,88,54,73"/><W126/><G117/><T133/><D120/><U18/><E122/><V102/><F112/><W125/><G1/><T118/><D118/><U63/><E127/><N who="3" m="48650" /><G36/><T132/><D114/><U134/><E134/><N who="0" m="51817" /><D41/><U116/><E101/><V57/><F124/><W98/><G54/><T39/><D39/><U55/><E116/><V110/><F121/><W87/><G25/><T113/><D113/><U23/><E48/><V97/><F110/><N who="3" m="42603" /><G33/><T77/><D96/><U42/><E42/><V3/><F75/><N who="3" m="28683" /><G87/><T83/><D83/><U86/><E86/><V45/><F71/><W7/><G7/><N who="0" m="3103" /><D13/><U95/><E15/><V58/><F28/><W61/><G61/><T91/><D91/><U85/><E5/><V22/><F22/><W84/><G84/><T79/><D62/><U59/><E4/><V67/><F43/><W80/><G80/><T115/><D115/><U30/><E30/><V76/><F76/><N who="0" m="19458" /><T129/><DORA hai="19" /><D129/><U9/><E128/><V105/><F97/><W99/><G99/><T64/><D64/><U81/><E131/><V40/><F40/><W90/><G90/><T49/><D49/><U53/><E81/><V27/><F67/><W37/><G37/><T123/><D123/><U107/><E66/><V2/><F0/><W72/><N who="3" m="28691" /><W20/><DORA hai="52" /><G20/><T32/><D21/><U94/><E23/><V92/><F27/><W130/><G130/><T35/><D32/><U51/><E24/><V44/><F44/><W103/><AGARI ba="0,0" hai="88,89,98,103,106" m="28691,42603,48650" machi="103" ten="50,18000,2" yaku="18,1,14,1,10,1,34,2,54,1" doraHai="31,19,52" who="3" fromWho="3" sc="321,-60,229,-60,187,-60,263,180" owari="261,6.0,169,-23.0,127,-37.0,443,54.0" /></mjloggm>