<mjloggm ver="2.3"><GO type="169" lobby="0"/><UN n0="%E3%83%88%E3%83%88%E3%83%AA%E5%85%88%E7%94%9F%31%39%E6%AD%B3" n1="%E3%83%92%E3%83%AB%E3%83%99%E3%83%AB%E3%83%88" n2="%E7%A9%B6%E6%A5%B5%41%49" n3="%74%61%72%6F%6F" dan="18,17,16,18" rate="2279.80,2209.89,2053.82,2192.21" sx="F,M,M,M"/><TAIKYOKU oya="0"/><INIT seed="0,0,0,5,0,115" ten="250,250,250,250" oya="0" hai0="6,56,17,108,129,64,88,116,117,90,20,61,99" hai1="39,58,28,54,73,95,69,105,122,9,60,55,29" hai2="119,112,78,67,82,2,100,52,110,135,81,94,85" hai3="33,65,75,113,72,63,22,66,106,126,68,121,134"/><T36/><D36/><U26/><E105/><V3/><F112/><W31/><G113/><T10/><D129/><U32/><E122/><V47/><F67/><W0/><G22/><T23/><D108/><U125/><E125/><V1/><F110/><W49/><G49/><T30/><D30/><U132/><E132/><V7/><F135/><W16/><G16/><T120/><D23/><U89/><E39/><V96/><F119/><W109/><G66/><T114/><D120/><U35/><E73/><V83/><REACH who="2" step="1"/><F7/><REACH who="2" ten="250,250,240,250" step="2"/><W59/><G65/><T124/><D114/><U50/><E69/><V77/><F77/><W130/><G68/><T12/><D124/><U37/><E35/><V86/><F86/><W14/><G109/><T51/><D99/><U15/><E37/><V97/><F97/><W92/><G33/><T70/><D70/><U98/><E29/><V18/><F18/><W80/><G31/><T103/><D116/><U44/><E32/><V93/><F93/><W34/><G92/><T74/><D117/><U53/><E28/><V38/><F38/><W46/><G34/><T21/><D74/><U25/><E54/><V8/><F8/><W104/><G75/><T76/><D76/><U102/><REACH who="1" step="1"/><E89/><REACH who="1" ten="250,240,240,250" step="2"/><V71/><F71/><W131/><G72/><T127/><D127/><U79/><E79/><V118/><F118/><W13/><G126/><T62/><D90/><U11/><E11/><V4/><F4/><AGARI ba="0,2" hai="4,9,15,25,26,44,50,53,55,58,60,95,98,102" machi="4" ten="30,3900,0" yaku="1,1,7,1,8,1,53,0" doraHai="115" doraHaiUra="101" who="1" fromWho="2" sc="250,0,240,59,240,-39,250,0" /><INIT seed="1,0,0,2,5,44" ten="250,299,201,250" oya="1" hai0="64,133,132,47,39,79,80,36,72,50,32,18,86" hai1="94,109,52,15,134,4,14,54,63,102,55,103,89" hai2="91,53,129,85,122,77,2,6,42,22,83,120,127" hai3="31,124,29,11,9,125,88,87,84,45,75,37,65"/><U27/><E134/><N who="0" m="51817" /><D32/><U104/><E104/><V82/><F127/><N who="3" m="48715" /><G75/><T118/><D118/><U67/><E109/><V100/><F129/><W58/><G84/><T23/><D64/><U135/><E135/><V48/><F42/><N who="3" m="22735" /><G65/><T21/><D72/><U76/><E76/><V19/><F100/><W70/><G58/><T78/><D78/><U24/><E67/><V34/><F34/><W62/><G62/><T112/><D112/><U69/><E69/><V110/><F110/><W113/><G70/><T101/><D101/><N who="1" m="38411" /><E63/><V131/><F131/><W43/><G43/><N who="0" m="24959" /><D21/><U46/><E46/><V60/><F60/><W5/><G113/><T81/><D80/><U30/><E30/><N who="3" m="11274" /><G5/><T26/><AGARI ba="0,0" hai="18,23,26,36,39,79,81,86" m="24959,51817" machi="26" ten="30,2000,0" yaku="20,1,52,1" doraHai="44" who="0" fromWho="0" sc="250,20,299,-10,201,-5,250,-5" /><INIT seed="2,0,0,4,1,2" ten="270,289,196,245" oya="2" hai0="128,75,26,33,106,98,13,135,49,21,90,43,59" hai1="30,76,14,66,82,57,32,107,112,73,50,29,121" hai2="96,81,23,53,31,45,80,84,114,15,113,108,34" hai3="89,100,8,63,132,103,77,60,3,48,37,7,122"/><V11/><F34/><W104/><G122/><T39/><D75/><U94/><E107/><V93/><F108/><W85/><G37/><T111/><D111/><U56/><E112/><V36/><F31/><W20/><G132/><T115/><D115/><U58/><E121/><V9/><F114/><W119/><G77/><T88/><D39/><U4/><E32/><V123/><F113/><W87/><G87/><T35/><D128/><U65/><E50/><N who="2" m="28879" /><F36/><W17/><G48/><T10/><D135/><U70/><E94/><V105/><F105/><W117/><G60/><T0/><D0/><U131/><E131/><V79/><F81/><W25/><G63/><T83/><D83/><U44/><E44/><V16/><F123/><W51/><G51/><T5/><D33/><U64/><REACH who="1" step="1"/><E70/><REACH who="1" ten="270,279,196,245" step="2"/><V68/><F68/><W74/><G104/><T62/><D35/><U18/><E18/><V125/><F125/><W54/><G17/><T71/><D71/><U130/><E130/><V110/><F110/><W127/><G127/><T95/><D106/><U101/><E101/><AGARI ba="0,1" hai="9,11,15,16,23,79,80,84,93,96,101" m="28879" machi="101" ten="30,2900,0" yaku="8,1,54,1" doraHai="2" who="2" fromWho="1" sc="270,0,279,-29,196,39,245,0" /><INIT seed="2,1,0,4,1,78" ten="270,250,235,245" oya="2" hai0="106,108,118,77,126,33,124,114,79,9,75,34,80" hai1="132,133,68,26,119,98,47,64,62,42,116,57,135" hai2="81,21,104,46,31,84,28,93,89,43,102,73,7" hai3="20,87,99,107,32,48,131,15,52,51,112,59,130"/><V38/><F7/><W71/><G32/><T61/><D114/><U65/><E98/><N who="2" m="61527" /><F21/><W55/><G71/><T18/><D108/><U25/><E26/><V35/><F35/><W109/><G109/><T2/><D106/><U91/><E91/><V0/><F0/><W29/><G112/><T125/><D118/><U121/><E25/><V45/><F45/><W36/><G36/><T76/><D76/><AGARI ba="1,0" hai="28,31,38,43,46,73,76,81,84,89,93" m="61527" machi="76" ten="30,2900,0" yaku="24,1,52,1" doraHai="78" who="2" fromWho="0" sc="270,-32,250,0,235,32,245,0" /><INIT seed="2,2,0,0,4,73" ten="238,250,267,245" oya="2" hai0="60,19,108,80,94,72,115,11,96,8,35,84,114" hai1="102,117,18,75,36,67,128,66,22,23,32,50,25" hai2="107,31,129,88,33,125,116,52,78,27,131,59,99" hai3="28,74,16,92,71,77,6,106,123,64,29,103,109"/><V91/><F116/><W10/><G123/><T110/><D72/><U58/><E36/><V43/><F125/><W9/><G106/><T135/><D35/><U122/><E32/><V21/><F43/><W12/><G109/><N who="0" m="42091" /><D60/><U49/><E117/><V105/><F33/><W24/><G71/><T79/><D135/><U63/><E122/><V133/><F133/><W70/><G64/><T119/><D119/><U40/><E75/><V112/><F112/><N who="0" m="43050" /><D19/><U62/><E128/><N who="2" m="49227" /><F78/><W86/><G70/><T104/><D104/><N who="2" m="40010" /><F99/><N who="3" m="59879" /><G74/><T38/><D38/><U82/><E102/><AGARI ba="2,0" hai="8,11,79,80,84,94,96,102" m="43050,42091" machi="102" ten="30,2000,0" yaku="14,1,52,1" doraHai="73" who="0" fromWho="1" sc="238,26,250,-26,267,0,245,0" /><INIT seed="3,0,0,0,2,34" ten="264,224,267,245" oya="3" hai0="91,77,89,100,23,70,54,74,47,121,59,126,49" hai1="65,84,11,27,57,110,32,1,35,118,129,130,30" hai2="135,113,114,67,116,124,43,132,48,58,46,64,102" hai3="22,83,18,4,82,26,37,69,80,125,44,3,61"/><W78/><G125/><T9/><D121/><U79/><E65/><N who="2" m="25163" /><F102/><W119/><G119/><T96/><D70/><U28/><E57/><V87/><F87/><W66/><G37/><T15/><D126/><U55/><E55/><N who="2" m="32103" /><F124/><W8/><REACH who="3" step="1"/><G44/><REACH who="3" ten="264,224,267,235" step="2"/><T60/><D47/><U7/><E118/><V105/><F116/><W73/><AGARI ba="0,1" hai="3,4,8,18,22,26,61,66,69,73,78,80,82,83" machi="73" ten="20,12000,1" yaku="1,1,2,1,0,1,7,1,52,1,53,0" doraHai="34" doraHaiUra="90" who="3" fromWho="3" sc="264,-40,224,-40,267,-40,235,130" /><INIT seed="3,1,0,4,1,2" ten="224,184,227,365" oya="3" hai0="56,128,121,70,38,50,59,13,31,64,24,68,93" hai1="45,6,86,43,10,35,127,98,122,8,54,69,85" hai2="106,125,103,48,46,28,18,114,120,74,12,40,19" hai3="66,102,94,63,112,130,116,51,118,84,83,107,105"/><W5/><G112/><T23/><D121/><U65/><E122/><V117/><F120/><W57/><G130/><T25/><D38/><U111/><E35/><V95/><F114/><W81/><G105/><T126/><D128/><U90/><E127/><V101/><F117/><W15/><G107/><T72/><D126/><U20/><E111/><V4/><F125/><W60/><G60/><T82/><D72/><U44/><E69/><V36/><F106/><W96/><G51/><T97/><D82/><U41/><E65/><V21/><F74/><W80/><REACH who="3" step="1"/><G84/><REACH who="3" ten="224,184,227,355" step="2"/><T88/><D50/><U131/><E131/><V58/><F36/><W0/><G0/><T62/><D70/><U133/><E85/><V91/><F58/><W104/><G104/><T119/><D119/><U78/><E86/><V67/><F67/><W76/><G76/><T87/><D87/><U9/><E78/><V73/><F73/><W26/><G26/><T53/><D25/><U27/><E44/><V1/><F1/><W134/><G134/><T89/><D68/><U108/><E133/><V115/><F115/><W132/><G132/><T100/><D59/><U92/><E108/><V37/><F37/><W75/><G75/><T110/><D110/><U77/><E77/><V124/><F124/><W16/><G16/><N who="2" m="6185" /><F48/><W17/><G17/><N who="0" m="10671" /><D64/><U30/><E6/><V22/><F46/><W29/><G29/><T135/><D135/><U42/><E45/><V3/><F3/><W123/><G123/><T113/><D113/><U34/><E34/><V47/><F47/><W11/><AGARI ba="1,1" hai="5,11,15,57,63,66,80,81,83,94,96,102,116,118" machi="11" ten="30,18000,2" yaku="1,1,0,1,52,1,53,3" doraHai="2" doraHaiUra="79" who="3" fromWho="3" sc="224,-61,184,-61,227,-61,355,193" /><INIT seed="3,2,0,5,3,24" ten="163,123,166,548" oya="3" hai0="116,98,67,77,61,42,71,15,34,78,59,25,125" hai1="1,134,110,96,105,108,9,92,126,74,135,0,32" hai2="85,83,124,50,66,33,35,53,131,17,64,75,109" hai3="47,80,107,41,26,99,14,118,5,48,103,97,21"/><W84/><G118/><T22/><D116/><U36/><E74/><V60/><F75/><W128/><G128/><T81/><D125/><U37/><E105/><V19/><F124/><W121/><G121/><T69/><D34/><U62/><E126/><V44/><F131/><W13/><G99/><T122/><D122/><U102/><E62/><V16/><F109/><N who="1" m="42089" /><E32/><V113/><F66/><W76/><REACH who="3" step="1"/><G5/><REACH who="3" ten="163,123,166,538" step="2"/><T119/><D98/><U132/><E0/><V130/><F130/><W23/><G23/><T117/><D22/><U30/><E1/><V82/><F113/><W129/><G129/><T94/><D117/><U100/><E9/><V45/><F35/><W115/><G115/><T38/><D119/><U54/><E102/><V29/><F33/><W8/><G8/><T101/><D101/><U111/><E111/><V49/><F29/><AGARI ba="2,1" hai="13,14,21,26,29,41,47,48,76,80,84,97,103,107" machi="29" ten="30,5800,0" yaku="1,1,7,1,52,1,53,0" doraHai="24" doraHaiUra="51" who="3" fromWho="2" sc="163,0,123,0,166,-64,538,74" /><INIT seed="3,3,0,2,1,74" ten="163,123,102,612" oya="3" hai0="114,133,47,78,101,94,28,39,37,16,21,2,6" hai1="106,53,129,110,22,3,8,111,99,43,102,127,67" hai2="49,34,27,95,90,122,7,64,55,25,97,108,26" hai3="117,134,5,61,0,88,20,71,91,17,56,107,81"/><W121/><G117/><T31/><D133/><U65/><E127/><V79/><F108/><N who="1" m="41513" /><E129/><V11/><F122/><W100/><G121/><T135/><D135/><U19/><E43/><V93/><F64/><N who="1" m="24649" /><E53/><V85/><F34/><W12/><G71/><T86/><D114/><U70/><E70/><V13/><F79/><W58/><G134/><T63/><D63/><U123/><E123/><V40/><F40/><W29/><G29/><T131/><D131/><U124/><E124/><V130/><F130/><W36/><G36/><T33/><D47/><U14/><E3/><V75/><F75/><W48/><G48/><T80/><D33/><U82/><E82/><V77/><F77/><W89/><G61/><T73/><D37/><U50/><E50/><V98/><REACH who="2" step="1"/><F93/><REACH who="2" ten="163,123,92,612" step="2"/><W18/><G81/><N who="0" m="47415" /><D94/><U23/><AGARI ba="3,1" hai="8,14,19,22,23,99,102,106" m="24649,41513" machi="23" ten="30,1100,0" yaku="14,1" doraHai="74" who="1" fromWho="1" sc="163,-6,123,30,92,-6,612,-8" /><INIT seed="4,0,0,1,0,81" ten="157,153,86,604" oya="0" hai0="34,42,63,97,22,32,65,48,61,96,0,127,94" hai1="17,104,132,36,18,100,76,31,41,16,39,74,55" hai2="120,10,79,134,124,30,68,101,62,89,44,59,58" hai3="95,20,66,116,125,93,117,23,49,86,47,92,45"/><T109/><D0/><U52/><E132/><V135/><F120/><W91/><G125/><T5/><D5/><U14/><E31/><V78/><F124/><W46/><G66/><T26/><D127/><U12/><E76/><N who="2" m="29227" /><F30/><W67/><G67/><T133/><D133/><N who="2" m="50698" /><F101/><W110/><G110/><T43/><D109/><U1/><E1/><V3/><F68/><W56/><G117/><T77/><D77/><U27/><E74/><V129/><F129/><W4/><G4/><T33/><D48/><U88/><E27/><V131/><F131/><W11/><G11/><T6/><D6/><U64/><E64/><V103/><F3/><W50/><G116/><T108/><D108/><U70/><E70/><V37/><F10/><W80/><G50/><T119/><D119/><U69/><E69/><V54/><F103/><W19/><G19/><T99/><D94/><U8/><E17/><V98/><F59/><W111/><G111/><T105/><D105/><U106/><E100/><V102/><F89/><W126/><G126/><T2/><D2/><U72/><E72/><V15/><F15/><W130/><G130/><T87/><D65/><U128/><E128/><V113/><F113/><W7/><G7/><T121/><D121/><U73/><E73/><V21/><F21/><W114/><G114/><T40/><D22/><U107/><E88/><V38/><F44/><W53/><AGARI ba="0,0" hai="20,23,45,46,47,49,53,56,80,86,91,92,93,95" machi="53" ten="40,5200,0" yaku="0,1,8,1,52,1" doraHai="81" who="3" fromWho="3" sc="157,-26,153,-13,86,-13,604,52" /><INIT seed="5,0,0,1,1,80" ten="131,140,73,656" oya="1" hai0="54,118,129,51,97,114,42,90,56,41,100,93,62" hai1="126,104,122,74,86,34,82,72,112,130,75,30,12" hai2="61,37,102,113,81,5,105,67,85,14,33,55,0" hai3="77,71,69,25,91,88,94,119,38,44,63,66,1"/><U23/><E122/><V92/><F0/><W131/><G1/><T52/><D118/><U19/><E104/><V17/><F105/><W84/><G131/><T16/><D129/><U48/><E130/><V26/><F37/><W60/><G119/><T49/><D114/><U32/><E126/><V101/><F113/><W64/><G77/><T89/><D62/><U53/><E112/><V59/><F33/><W15/><G25/><T29/><D29/><U18/><E30/><V43/><F43/><N who="0" m="16394" /><D16/><U95/><E19/><V3/><F3/><W127/><G127/><T65/><D65/><U103/><E103/><N who="2" m="39435" /><F92/><W7/><G38/><T133/><D133/><U68/><E68/><V13/><F5/><W111/><G111/><T10/><D10/><U108/><E108/><V99/><F99/><W9/><G44/><AGARI ba="0,0" hai="44,49,51,52,54,56,89,90,93,97,100" m="16394" machi="44" ten="30,2000,0" yaku="8,1,54,1" doraHai="80" who="0" fromWho="3" sc="131,20,140,0,73,0,656,-20" /><INIT seed="6,0,0,0,4,134" ten="151,140,73,636" oya="2" hai0="45,42,109,2,135,43,100,47,131,74,97,76,9" hai1="115,82,129,49,99,125,121,55,95,32,84,88,6" hai2="35,57,78,13,111,101,17,66,96,26,11,27,50" hai3="21,7,54,46,123,77,63,8,83,98,133,3,65"/><V114/><F114/><W0/><G123/><T30/><D109/><U122/><E32/><V132/><F132/><W89/><G133/><T15/><D135/><U90/><E115/><V1/><F111/><W116/><G21/><T104/><D2/><U117/><E117/><V48/><F78/><W16/><G16/><T102/><D131/><U40/><E129/><V44/><F1/><W22/><G22/><T112/><D112/><U72/><E6/><V67/><F50/><W124/><G98/><T61/><D102/><U113/><E113/><V79/><F79/><W36/><G89/><T120/><D120/><N who="1" m="46187" /><E72/><V56/><F56/><W75/><G3/><T39/><D76/><U91/><E125/><V53/><F35/><W25/><G124/><T68/><D30/><U110/><E40/><V62/><REACH who="2" step="1"/><F67/><REACH who="2" ten="151,140,63,636" step="2"/><W85/><G65/><N who="0" m="41007" /><D74/><U29/><E110/><V12/><F12/><W107/><G75/><T33/><D15/><U4/><E84/><V19/><F19/><W130/><G0/><T31/><D33/><U93/><E82/><V28/><F28/><W5/><G85/><T94/><D31/><U73/><E73/><V108/><F108/><W51/><G83/><T38/><D38/><U69/><E29/><V58/><F58/><W41/><G36/><T60/><D39/><U81/><E81/><V87/><F87/><W119/><G77/><T37/><D37/><U23/><E4/><V118/><F118/><W24/><G51/><T106/><D45/><U92/><E99/><V14/><F14/><W34/><G34/><T103/><D47/><N who="1" m="28095" /><E23/><V64/><F64/><RYUUKYOKU ba="0,1" sc="151,-15,140,15,63,15,636,-15" hai1="69,88,90,91,92,93,95" hai2="11,13,17,26,27,44,48,53,57,62,66,96,101" /><INIT seed="6,1,1,3,5,116" ten="136,155,78,621" oya="2" hai0="113,66,57,36,123,11,131,115,108,90,53,18,23" hai1="73,56,17,94,27,49,5,47,65,71,124,107,59" hai2="121,55,32,89,41,75,8,109,118,105,100,42,97" hai3="98,22,3,81,119,128,16,30,29,64,133,10,20"/><V4/><F118/><W68/><G119/><T12/><D108/><U67/><E107/><V21/><F32/><W0/><G68/><T15/><D36/><U83/><E124/><V114/><F75/><W9/><G64/><T40/><D40/><U85/><E71/><V134/><F109/><W132/><G81/><T54/><D123/><U6/><E94/><V92/><F114/><N who="0" m="43530" /><D131/><U58/><E73/><V70/><F70/><W62/><G62/><N who="0" m="38223" /><D90/><N who="1" m="51519" /><E67/><V35/><F35/><W39/><G98/><T130/><D130/><U48/><E65/><V45/><F134/><N who="3" m="51819" /><G39/><T7/><AGARI ba="1,1" hai="7,11,12,15,18,23,53,54" m="38223,43530" machi="7" ten="30,1100,0" yaku="15,1" doraHai="116" who="0" fromWho="0" sc="136,24,155,-4,78,-6,621,-4" /><INIT seed="7,0,0,0,1,34" ten="160,151,72,617" oya="3" hai0="65,56,107,25,68,131,124,133,41,32,51,27,93" hai1="6,125,69,103,127,53,30,132,39,92,33,78,104" hai2="62,11,28,76,45,83,47,96,117,67,74,55,13" hai3="21,95,61,129,101,134,46,52,114,71,75,119,59"/><W99/><G119/><T111/><D107/><U38/><E92/><V85/><F117/><W88/><G75/><T120/><D68/><U81/><E132/><V50/><F28/><W3/><G134/><T100/><D93/><U122/><E6/><V87/><F47/><W44/><G114/><T113/><D100/><U10/><E10/><V58/><F74/><W72/><G72/><T128/><D32/><U24/><E122/><V7/><F87/><W14/><G3/><T63/><D124/><N who="1" m="47691" /><E69/><V112/><F112/><W9/><G129/><T35/><D35/><U80/><E53/><V94/><F94/><N who="3" m="58615" /><G21/><T70/><D111/><U79/><E103/><V102/><F102/><W115/><G71/><T77/><D120/><U16/><E16/><V42/><F96/><N who="3" m="57447" /><G115/><T8/><D113/><U36/><E104/><V40/><F40/><W106/><G106/><T48/><D41/><U130/><E130/><V98/><F98/><W105/><G105/><T29/><D133/><U121/><E121/><V26/><F26/><W0/><G0/><T1/><D70/><U20/><E33/><V110/><F110/><W43/><G43/><T86/><D128/><U4/><E4/><AGARI ba="0,0" hai="4,9,14,44,46,52,59,61" m="57447,58615" machi="4" ten="30,5800,0" yaku="8,1,54,2" doraHai="34" who="3" fromWho="1" sc="160,0,151,-58,72,0,617,58" owari="160,-4.0,93,-31.0,72,-43.0,675,78.0" /></mjloggm>