<mjloggm ver="2.3"><GO type="169" lobby="0"/><UN n0="%E5%B0%B1%E6%B4%BB%E7%94%9F%40%E5%B7%9D%E6%9D%91%E8%BB%8D%E5%9B%A3" n1="%79%6F%6A%6F" n2="%4A%57%49%4C%4C" n3="%E3%81%94%E3%82%93%E3%81%96%E3%81%B6%E3%82%8D%E3%83%BC" dan="17,16,16,16" rate="2187.86,2138.12,2131.83,2154.36" sx="M,F,M,M"/><TAIKYOKU oya="0"/><INIT seed="0,0,0,0,2,86" ten="250,250,250,250" oya="0" hai0="33,28,80,82,135,115,108,63,32,79,88,0,2" hai1="11,10,81,53,17,14,18,50,89,122,44,1,127" hai2="57,128,43,116,111,36,46,16,103,92,106,93,15" hai3="13,20,130,123,65,70,4,61,37,30,6,47,40"/><T34/><D115/><U51/><E122/><V84/><F111/><W131/><G123/><T22/><D108/><U41/><E127/><V97/><F128/><W9/><G30/><T69/><D135/><U5/><E18/><V126/><F126/><W60/><G20/><T52/><D28/><U49/><REACH who="1" step="1"/><E41/><REACH who="1" ten="250,240,250,250" step="2"/><V26/><F116/><W76/><G131/><T21/><D0/><U98/><E98/><V45/><F26/><W71/><G130/><T75/><D2/><U27/><E27/><V119/><F119/><W62/><G6/><T77/><D69/><U29/><E29/><V133/><F133/><W48/><G70/><T109/><D109/><U25/><E25/><V83/><F57/><W104/><G104/><T7/><D7/><U96/><E96/><V110/><F110/><W120/><G120/><T24/><D24/><U90/><E90/><V3/><F3/><W23/><G23/><T95/><D22/><U132/><E132/><V87/><F46/><W117/><G117/><T94/><D21/><U31/><E31/><V129/><F129/><W72/><G71/><T112/><D112/><U8/><E8/><V114/><F114/><W38/><G4/><T39/><D88/><U12/><E12/><V105/><F15/><W56/><G13/><T118/><D118/><U101/><E101/><V55/><F16/><W59/><G9/><T124/><D124/><U125/><E125/><V113/><F113/><W19/><G19/><T91/><D91/><U107/><E107/><V67/><F106/><W66/><G40/><T54/><D34/><U121/><E121/><RYUUKYOKU ba="0,1" sc="250,-10,240,30,250,-10,250,-10" hai1="1,5,10,11,14,17,44,49,50,51,53,81,89" /><INIT seed="1,1,1,0,2,113" ten="240,270,240,240" oya="1" hai0="4,17,45,115,129,61,120,0,117,76,47,75,50" hai1="37,19,16,119,86,62,46,32,125,21,98,121,53" hai2="99,56,10,24,122,54,82,22,51,25,102,13,116" hai3="66,118,2,101,131,18,112,90,135,110,36,26,42"/><U1/><E121/><V14/><F122/><W127/><G90/><T67/><D115/><U106/><E119/><V130/><F130/><W8/><G101/><T74/><D129/><U71/><E1/><V48/><F116/><W72/><G42/><T108/><D108/><U6/><E6/><V83/><F51/><W78/><G78/><T64/><D120/><U93/><E106/><V94/><F24/><W95/><G95/><T79/><D17/><U70/><E32/><V11/><F11/><W133/><G66/><T31/><D31/><U81/><E19/><V60/><F48/><W92/><G92/><T58/><D50/><U33/><E33/><V68/><F68/><W5/><G5/><T105/><D4/><U9/><E125/><V12/><REACH who="2" step="1"/><F10/><REACH who="2" ten="240,270,230,240" step="2"/><W89/><G8/><T97/><D61/><U77/><E9/><V38/><F38/><W91/><G26/><T114/><D114/><U80/><E37/><V27/><F27/><W111/><G111/><T109/><D117/><U107/><E46/><V103/><F103/><W35/><G18/><AGARI ba="1,2" hai="12,13,14,18,22,25,54,56,60,82,83,94,99,102" machi="18" ten="40,5200,0" yaku="1,1,8,1,53,1" doraHai="113" doraHaiUra="20" who="2" fromWho="3" sc="240,0,270,0,230,75,240,-55" /><INIT seed="2,0,0,5,4,56" ten="240,270,305,185" oya="2" hai0="4,85,109,54,2,62,79,128,40,9,88,30,115" hai1="127,98,8,57,103,34,46,33,89,43,38,107,1" hai2="123,130,125,72,106,102,11,83,75,135,52,118,48" hai3="15,131,65,134,6,117,18,78,26,61,58,87,60"/><V71/><F123/><W86/><G117/><T82/><D115/><U81/><E127/><V20/><F118/><W112/><G112/><T55/><D109/><U42/><E42/><V69/><F125/><W113/><G113/><T119/><D128/><U7/><E89/><V105/><F130/><W37/><G37/><T114/><D114/><U19/><E19/><V23/><F11/><W28/><G131/><T76/><D40/><U121/><E121/><V10/><F10/><W17/><G134/><T35/><D119/><U50/><E50/><V53/><F83/><W29/><G78/><T41/><D41/><U126/><E126/><V16/><F48/><W45/><G45/><T100/><D100/><U70/><E57/><V104/><F102/><W120/><G120/><T21/><D35/><U5/><E5/><V133/><F105/><W84/><G6/><T63/><D76/><U94/><E94/><V93/><REACH who="2" step="1"/><F16/><REACH who="2" ten="240,270,295,185" step="2"/><N who="3" m="6251" /><G15/><N who="0" m="5543" /><D79/><U74/><E81/><V36/><F36/><W77/><G77/><T97/><D2/><U68/><E74/><V13/><F13/><W64/><G26/><N who="0" m="16719" /><D97/><U25/><E25/><V73/><F73/><W80/><G80/><T111/><D111/><U132/><E132/><V96/><F96/><W49/><G49/><T110/><D110/><U31/><E31/><N who="3" m="11850" /><G58/><T12/><D12/><U24/><E24/><V108/><F108/><W22/><G22/><T27/><D27/><U44/><E46/><V101/><F101/><W116/><G116/><T95/><D82/><U92/><E107/><V67/><F67/><AGARI ba="0,1" hai="60,61,64,65,67,84,86,87" m="11850,6251" machi="67" ten="30,12000,2" yaku="28,2,8,1,52,2,54,1" doraHai="56" who="3" fromWho="2" sc="240,0,270,0,295,-120,185,130" /><INIT seed="3,0,0,3,5,133" ten="240,270,175,315" oya="3" hai0="120,99,121,2,55,89,63,35,87,8,93,85,3" hai1="7,14,70,88,40,98,77,17,36,45,37,130,71" hai2="131,116,79,68,34,114,29,122,59,21,119,58,12" hai3="44,94,72,102,105,83,62,52,78,27,110,19,103"/><W24/><G110/><T129/><D35/><U15/><E37/><V5/><F68/><W51/><G105/><T123/><D129/><U32/><E32/><V97/><F114/><W23/><G94/><T57/><D8/><U26/><E130/><V113/><F131/><W81/><G81/><T43/><D43/><U75/><E26/><V80/><F113/><W49/><G62/><T91/><REACH who="0" step="1"/><D99/><REACH who="0" ten="230,270,175,315" step="2"/><U4/><E40/><V20/><F97/><W92/><G92/><AGARI ba="0,1" hai="2,3,55,57,63,85,87,89,91,92,93,120,121,123" machi="92" ten="40,5200,0" yaku="1,1,2,1,9,1,53,0" doraHai="133" doraHaiUra="76" who="0" fromWho="3" sc="230,62,270,0,175,0,315,-52" /><INIT seed="4,0,0,2,3,32" ten="292,270,175,263" oya="0" hai0="109,56,18,118,99,101,34,25,112,9,134,42,51" hai1="110,104,85,82,6,8,4,98,45,80,53,117,76" hai2="1,113,132,50,92,94,116,59,96,46,24,11,14" hai3="122,2,75,69,35,5,131,97,88,38,23,77,33"/><T133/><D118/><U57/><E110/><V28/><F116/><W72/><G122/><T44/><D109/><U61/><E117/><V78/><F113/><W66/><G131/><T103/><D112/><U108/><E108/><V79/><F132/><W71/><G23/><T43/><D42/><U135/><E135/><N who="0" m="51721" /><D56/><U89/><E45/><V102/><F92/><W129/><G129/><T106/><D103/><U29/><E29/><V67/><F1/><W114/><G114/><T26/><D34/><U111/><E111/><V81/><F81/><W54/><G54/><T70/><D70/><U7/><E104/><V0/><F0/><W15/><G66/><T121/><D121/><U37/><E37/><V65/><F65/><W21/><G38/><T3/><D18/><U64/><E64/><V58/><F58/><W73/><G71/><T128/><D128/><U60/><E60/><V84/><F59/><W52/><G69/><T22/><D22/><U49/><E61/><V90/><F67/><W127/><G21/><T47/><D44/><U30/><E30/><V20/><F102/><W87/><G33/><T36/><D36/><U10/><REACH who="1" step="1"/><E98/><REACH who="1" ten="292,260,175,263" step="2"/><V41/><REACH who="2" step="1"/><F96/><REACH who="2" ten="292,260,165,263" step="2"/><W31/><G97/><T125/><D99/><U95/><E95/><V120/><F120/><W68/><G68/><T12/><D106/><U126/><E126/><V86/><F86/><AGARI ba="0,2" hai="4,6,7,8,10,49,53,57,76,80,82,85,86,89" machi="86" ten="40,2600,0" yaku="1,1,8,1,53,0" doraHai="32" doraHaiUra="17" who="1" fromWho="2" sc="292,0,260,46,165,-26,263,0" /><INIT seed="5,0,0,1,5,28" ten="292,306,139,263" oya="1" hai0="125,120,12,106,135,102,91,14,132,73,15,100,34" hai1="98,80,60,53,10,107,43,92,128,51,67,110,69" hai2="131,57,9,3,95,86,76,11,19,46,70,89,0" hai3="85,71,16,31,55,25,29,18,115,59,99,6,56"/><U4/><E128/><V103/><F70/><W24/><G71/><T79/><D125/><U48/><E107/><V1/><F131/><W112/><G6/><T54/><D120/><U109/><E80/><V35/><F35/><N who="3" m="20903" /><G85/><T44/><D34/><U87/><E87/><V123/><F123/><W47/><G47/><T7/><D7/><U88/><E43/><V126/><F126/><W61/><G99/><T20/><D20/><U114/><E114/><N who="3" m="43562" /><G59/><T93/><D79/><U119/><E119/><V45/><F76/><W84/><G84/><N who="0" m="52455" /><D106/><U22/><E22/><AGARI ba="0,0" hai="16,18,22,25,31,55,56,61" m="43562,20903" machi="22" ten="30,3900,0" yaku="15,1,52,1,54,1" doraHai="28" who="3" fromWho="1" sc="292,0,306,-39,139,0,263,39" /><INIT seed="6,0,0,1,0,99" ten="292,267,139,302" oya="2" hai0="112,22,104,113,79,116,34,12,70,43,17,53,33" hai1="106,9,30,65,120,58,39,44,24,47,102,127,19" hai2="29,38,27,117,0,110,67,80,87,48,69,60,63" hai3="126,114,41,83,68,134,81,91,132,115,123,129,51"/><V97/><F117/><W35/><G35/><T2/><D70/><U108/><E108/><V23/><F38/><W105/><G68/><T3/><D104/><U125/><E120/><V16/><F110/><W85/><G123/><T15/><D43/><U96/><E39/><V4/><F63/><W75/><G126/><N who="1" m="48138" /><E9/><V13/><F0/><N who="0" m="42" /><D79/><U64/><E19/><V50/><F4/><W95/><G129/><T40/><D53/><U90/><E90/><V128/><F97/><W66/><G66/><N who="1" m="25706" /><E58/><V111/><F128/><W118/><G118/><T130/><D40/><U119/><E119/><V122/><F122/><W71/><G71/><T52/><D52/><U54/><E54/><V49/><F111/><W89/><G41/><T28/><D116/><U59/><E59/><V94/><F94/><W25/><G95/><T93/><D93/><U109/><E109/><V26/><REACH who="2" step="1"/><F29/><REACH who="2" ten="292,267,129,302" step="2"/><W73/><G105/><T56/><D130/><U76/><E106/><V20/><F20/><W74/><G51/><T46/><D28/><U103/><E96/><V55/><F55/><W107/><G107/><T77/><D56/><U124/><E124/><V86/><F86/><W57/><G85/><T84/><D46/><N who="1" m="17451" /><E76/><AGARI ba="0,1" hai="13,16,23,26,27,48,49,50,60,67,69,76,80,87" machi="76" ten="40,3900,0" yaku="1,1,54,1,53,0" doraHai="99" doraHaiUra="131" who="2" fromWho="1" sc="292,0,267,-39,129,49,302,0" /><INIT seed="6,1,0,3,1,117" ten="292,228,178,302" oya="2" hai0="132,106,85,15,104,31,5,95,51,46,90,112,127" hai1="53,125,89,68,105,78,77,27,69,8,64,82,54" hai2="120,87,0,34,75,92,100,81,134,20,48,3,47" hai3="55,94,42,110,56,107,73,63,98,41,59,29,2"/><V24/><F134/><W65/><G110/><T60/><D132/><U17/><E105/><V10/><F34/><W114/><G2/><T43/><D127/><U96/><E69/><V67/><F120/><W86/><G73/><T130/><D130/><U61/><E125/><V36/><F36/><W79/><G107/><T37/><D112/><U126/><E126/><V32/><F32/><W97/><G29/><T101/><D101/><U62/><E78/><V44/><F67/><W128/><G128/><T84/><D31/><U35/><E35/><V57/><F57/><W18/><G18/><T70/><D84/><U40/><E40/><N who="3" m="15466" /><G114/><T91/><D91/><U124/><E124/><V131/><F131/><W50/><G94/><T7/><D37/><U14/><E62/><V103/><F75/><W108/><G108/><T122/><D122/><U26/><E26/><V118/><F118/><W129/><G129/><T9/><D5/><U76/><E76/><V83/><F92/><W28/><G28/><T74/><D74/><U4/><E77/><N who="2" m="46511" /><F83/><AGARI ba="1,0" hai="50,55,56,59,63,65,79,83,86,97,98" m="15466" machi="83" ten="30,1000,0" yaku="8,1" doraHai="117" who="3" fromWho="2" sc="292,0,228,0,178,-13,302,13" /><INIT seed="7,0,0,5,4,3" ten="292,228,165,315" oya="3" hai0="78,55,57,50,88,125,103,127,108,91,123,27,23" hai1="1,2,56,49,7,14,80,126,17,41,10,31,110" hai2="16,34,61,32,65,35,101,89,33,95,69,99,96" hai3="94,112,128,133,118,105,77,113,76,26,44,52,59"/><W124/><G118/><T107/><D108/><U116/><E80/><V81/><N who="2" m="8192" /><DORA hai="58" /><V64/><F64/><W9/><G105/><T43/><D123/><U47/><E110/><V45/><F45/><W25/><G128/><T18/><D78/><N who="3" m="30313" /><G133/><T75/><D75/><U93/><E116/><V63/><F63/><N who="3" m="36327" /><G124/><N who="0" m="47691" /><D43/><U87/><E126/><V42/><F42/><W22/><G44/><T97/><AGARI ba="0,0" hai="18,23,27,50,55,57,88,91,97,103,107" m="47691" machi="97" ten="30,2000,0" yaku="18,1,54,1" doraHai="3,58" who="0" fromWho="0" sc="292,20,228,-5,165,-5,315,-10" owari="312,41.0,223,-18.0,160,-34.0,305,11.0" /></mjloggm>