<mjloggm ver="2.3"><GO type="169" lobby="0"/><UN n0="%46%75%6B%61%74%73%75%72" n1="%E3%83%88%E3%83%88%E3%83%AA%E5%85%88%E7%94%9F%31%39%E6%AD%B3" n2="%6D%69%6E%32%30%30%32" n3="%E6%9D%89%E6%B5%A6%E7%B6%BE%E4%B9%83%76" dan="16,18,16,17" rate="2052.26,2197.90,2117.21,2164.97" sx="M,F,F,M"/><TAIKYOKU oya="0"/><INIT seed="0,0,0,5,5,32" ten="250,250,250,250" oya="0" hai0="33,79,134,92,100,114,9,113,52,35,109,31,51" hai1="133,102,16,24,76,57,23,8,30,29,65,53,126" hai2="81,15,74,71,36,27,48,94,129,38,26,105,119" hai3="99,43,107,77,17,130,40,18,97,83,42,67,56"/><T91/><D100/><U115/><E133/><V60/><F105/><W39/><G39/><T104/><D104/><U62/><E126/><V3/><F3/><W6/><G6/><T2/><D134/><U20/><E115/><V58/><F129/><W13/><G130/><T110/><D79/><U47/><E102/><V132/><F132/><W46/><G46/><N who="0" m="27767" /><D31/><U21/><E76/><V116/><F71/><W124/><G124/><T44/><D44/><U80/><E80/><V127/><F127/><W4/><G4/><N who="0" m="1175" /><D33/><U131/><E131/><V82/><F94/><W0/><G0/><T73/><D73/><U98/><E98/><V7/><F74/><W34/><G34/><T96/><D35/><U120/><E120/><V55/><F119/><W75/><G107/><T89/><D89/><U72/><E72/><V123/><F116/><W103/><G103/><T125/><D125/><U10/><E29/><V63/><F123/><W25/><G25/><T88/><D91/><U108/><E30/><V28/><F28/><W41/><G18/><T64/><D64/><U69/><E47/><V122/><F122/><W59/><N who="3" m="10240" /><DORA hai="90" /><W61/><REACH who="3" step="1"/><G59/><REACH who="3" ten="250,250,250,240" step="2"/><T70/><D70/><N who="1" m="42295" /><E24/><V45/><F27/><W118/><G118/><T12/><D12/><U49/><E69/><V14/><F26/><W86/><G86/><T68/><D68/><U19/><E19/><V78/><F15/><W135/><G135/><T95/><D95/><U84/><E16/><V54/><F14/><W128/><G128/><T85/><D85/><U106/><E106/><V117/><F117/><W22/><AGARI ba="0,1" hai="13,17,22,56,61,67,75,77,83,97,99" m="10240" machi="22" ten="40,5200,0" yaku="1,1,5,1,0,1,53,0" doraHai="32,90" doraHaiUra="5,1" who="3" fromWho="3" sc="250,-26,250,-13,250,-13,240,62" /><INIT seed="1,0,0,1,3,98" ten="224,237,237,302" oya="1" hai0="51,21,58,32,65,106,129,87,39,80,105,47,46" hai1="115,81,37,118,127,84,86,123,107,134,60,44,85" hai2="12,131,73,25,23,16,18,10,91,112,29,30,63" hai3="56,9,96,116,102,122,22,101,104,5,43,78,11"/><U121/><E115/><V67/><F73/><W72/><G122/><T71/><D32/><U77/><E118/><V109/><F112/><W95/><G116/><T35/><D35/><U31/><E107/><V7/><F131/><W24/><G43/><N who="0" m="22911" /><D21/><U100/><E100/><N who="3" m="38506" /><G104/><T97/><D47/><U126/><E134/><V70/><F109/><W13/><G72/><T124/><D97/><U103/><E31/><V119/><F119/><W132/><G132/><T88/><D129/><U128/><E128/><V82/><REACH who="2" step="1"/><F30/><REACH who="2" ten="224,237,227,302" step="2"/><N who="3" m="17687" /><G78/><T15/><D124/><U42/><E123/><V33/><F33/><W1/><G1/><T117/><D117/><U135/><E121/><V113/><F113/><W125/><G125/><T8/><D106/><U111/><E135/><V54/><F54/><W50/><G9/><T48/><D8/><U93/><E126/><V26/><F26/><W4/><G11/><T27/><D105/><U3/><E127/><V57/><F57/><W0/><G0/><T53/><D27/><U28/><E3/><V55/><F55/><N who="3" m="31863" /><G13/><T34/><D15/><U69/><E111/><V110/><F110/><W49/><G49/><N who="0" m="31023" /><D34/><U92/><E28/><V120/><F120/><W36/><G36/><T59/><D59/><U90/><E77/><V66/><F66/><W52/><G52/><T2/><D2/><U130/><E130/><V79/><F79/><W89/><AGARI ba="0,1" hai="4,5,89,95,96" m="31863,17687,38506" machi="89" ten="30,7900,0" yaku="8,1,52,3" doraHai="98" who="3" fromWho="3" sc="224,-20,237,-39,227,-20,302,89" /><INIT seed="2,0,0,2,0,116" ten="204,198,207,391" oya="2" hai0="121,35,11,99,54,13,5,39,109,65,14,112,104" hai1="128,56,1,63,27,51,6,62,48,68,87,38,15" hai2="0,16,98,34,78,119,107,33,32,17,47,71,29" hai3="2,31,82,50,126,41,88,3,91,24,100,44,40"/><V73/><F71/><W90/><G126/><T23/><D39/><U89/><E38/><V117/><F0/><W96/><G41/><T85/><D35/><U135/><E1/><V110/><F110/><W36/><G36/><T64/><D85/><U106/><E106/><V12/><F29/><W72/><G72/><T4/><D54/><U52/><E128/><V58/><F47/><W49/><G49/><T127/><D99/><U18/><E135/><V92/><F107/><W10/><G10/><T45/><D104/><U8/><E68/><V113/><F113/><W53/><G40/><T125/><D45/><U95/><E51/><V108/><F108/><W22/><G82/><T81/><D81/><U93/><E93/><V120/><F120/><W9/><G9/><N who="0" m="4263" /><D109/><U21/><AGARI ba="0,0" hai="6,8,15,18,21,27,48,52,56,62,63,87,89,95" machi="21" ten="30,4000,0" yaku="0,1,8,1,54,1" doraHai="116" who="1" fromWho="1" sc="204,-10,198,40,207,-20,391,-10" /><INIT seed="3,0,0,4,1,72" ten="194,238,187,381" oya="3" hai0="32,65,94,88,78,82,95,123,52,97,31,100,130" hai1="76,107,21,126,63,46,2,77,3,13,129,47,113" hai2="132,102,112,15,73,7,19,119,83,103,61,80,23" hai3="57,0,128,81,134,85,49,91,70,64,84,79,53"/><W16/><G0/><T104/><D123/><U40/><E113/><V105/><F119/><W24/><G128/><T133/><D65/><U74/><E107/><V124/><F112/><W17/><G134/><T36/><D36/><U120/><E120/><V131/><F131/><W6/><G6/><T27/><D130/><U75/><E129/><V22/><F132/><W99/><G99/><T101/><D133/><U4/><E126/><V41/><F124/><W111/><G111/><T106/><D52/><U51/><E63/><V8/><F105/><W67/><G70/><T90/><D101/><N who="2" m="38410" /><F73/><W115/><G115/><T14/><D14/><U9/><E75/><V116/><F41/><W18/><G24/><T12/><D12/><U20/><E74/><V69/><F69/><W92/><AGARI ba="0,0" hai="16,17,18,49,53,57,64,67,79,81,84,85,91,92" machi="92" ten="30,11700,0" yaku="0,1,8,1,52,1,54,1" doraHai="72" who="3" fromWho="3" sc="194,-39,238,-39,187,-39,381,117" /><INIT seed="3,1,0,5,3,91" ten="155,199,148,498" oya="3" hai0="77,100,95,34,89,133,35,37,67,131,46,27,51" hai1="83,24,55,63,132,45,40,108,96,43,98,122,38" hai2="115,135,61,73,8,119,25,112,134,87,92,31,90" hai3="127,123,74,54,21,126,13,99,26,75,82,22,78"/><W114/><G114/><T5/><D37/><U117/><E122/><V102/><F119/><W9/><G123/><T107/><D5/><U64/><E117/><V62/><F73/><W118/><G118/><T68/><D34/><U50/><E108/><V130/><F8/><W18/><G54/><T20/><D77/><U0/><E0/><V66/><F102/><W124/><G99/><T57/><D133/><N who="2" m="50698" /><F130/><W103/><G103/><T109/><D131/><U81/><E132/><V3/><F3/><W59/><G59/><T53/><D109/><U101/><E24/><V69/><F62/><W88/><G22/><AGARI ba="1,0" hai="22,25,31,61,66,69,87,90,92,112,115" m="50698" machi="22" ten="30,2000,0" yaku="20,1,52,1" doraHai="91" who="2" fromWho="3" sc="155,0,199,0,148,23,498,-23" /><INIT seed="4,0,0,0,1,26" ten="155,199,171,475" oya="0" hai0="44,97,78,51,85,52,56,49,88,83,108,90,125" hai1="68,31,126,63,79,55,32,30,46,99,25,15,116" hai2="95,106,117,11,35,100,43,41,122,64,59,66,94" hai3="84,34,107,58,113,127,73,29,120,96,37,89,121"/><T16/><D125/><U21/><E116/><V129/><F122/><W132/><G37/><T101/><D108/><U48/><E126/><V130/><F117/><W104/><G73/><T9/><D9/><U2/><E2/><V124/><F35/><W111/><G111/><T61/><D51/><U14/><E79/><V92/><F124/><W102/><G107/><T133/><D133/><U27/><E68/><V75/><F75/><W87/><G113/><T74/><D74/><U0/><E0/><V118/><F118/><W24/><G132/><T8/><D8/><U71/><REACH who="1" step="1"/><E99/><REACH who="1" ten="155,189,171,475" step="2"/><V4/><F130/><W91/><G127/><T62/><D62/><U50/><E50/><V135/><F129/><W69/><G69/><T42/><REACH who="0" step="1"/><D16/><REACH who="0" ten="145,189,171,475" step="2"/><U33/><E33/><V54/><F135/><W23/><G34/><T7/><D7/><U80/><E80/><V131/><F4/><W103/><G120/><T98/><D98/><U38/><E38/><V3/><F131/><W47/><G121/><T76/><D76/><U19/><E19/><V13/><F3/><W1/><G1/><T105/><AGARI ba="0,2" hai="42,44,49,52,56,61,78,83,85,88,90,97,101,105" machi="105" ten="20,12000,1" yaku="1,1,0,1,7,1,54,2,53,0" doraHai="26" doraHaiUra="110" who="0" fromWho="0" sc="145,140,189,-40,171,-40,475,-40" /><INIT seed="4,1,0,1,1,25" ten="285,149,131,435" oya="0" hai0="94,6,117,114,2,19,127,73,1,22,86,103,46" hai1="68,77,67,105,48,90,13,8,111,7,18,14,62" hai2="135,116,9,101,56,43,129,118,26,131,130,31,20" hai3="23,87,126,120,97,11,132,113,10,85,89,52,84"/><T42/><D117/><N who="2" m="45162" /><F43/><W21/><G113/><T109/><D73/><U115/><E111/><V121/><F101/><W106/><G132/><T128/><D114/><U92/><E115/><V82/><F82/><W133/><G133/><T65/><D128/><U58/><E105/><V102/><F102/><W55/><G126/><T24/><D127/><U47/><E68/><V107/><F107/><W96/><G106/><T0/><D65/><U91/><E77/><V49/><F135/><W71/><G71/><T76/><D109/><U95/><E95/><V99/><F99/><N who="3" m="37963" /><G89/><T40/><D6/><U64/><E64/><V81/><F81/><W29/><G120/><T37/><D42/><N who="1" m="24695" /><E92/><V110/><F110/><W45/><G45/><T134/><D134/><U16/><E7/><V51/><F121/><W60/><G60/><T3/><D103/><U75/><E75/><V72/><F72/><W17/><G55/><T123/><D123/><U93/><E93/><V100/><F100/><W125/><G52/><T104/><D104/><U124/><E124/><V59/><F9/><AGARI ba="1,0" hai="8,9,13,14,16,18,58,62,67,90,91" m="24695" machi="9" ten="30,2000,0" yaku="8,1,54,1" doraHai="25" who="1" fromWho="2" sc="285,0,149,23,131,-23,435,0" /><INIT seed="5,0,0,1,4,78" ten="285,172,108,435" oya="1" hai0="108,85,118,91,73,26,50,98,125,101,34,42,87" hai1="76,102,124,117,92,115,63,123,94,112,111,48,54" hai2="27,107,66,49,13,21,43,71,103,37,93,6,72" hai3="3,7,82,114,8,47,97,106,45,0,61,69,15"/><U86/><E117/><V31/><F107/><W77/><G114/><N who="1" m="43562" /><E123/><V74/><F37/><W99/><G3/><T55/><D118/><U5/><E124/><V28/><F71/><W16/><G61/><T121/><D73/><U4/><E111/><V129/><F129/><W52/><G69/><T20/><D34/><U18/><E63/><V84/><F66/><W127/><G127/><T64/><D42/><U81/><E18/><V105/><F105/><W122/><G122/><T131/><D64/><U41/><E41/><V135/><F135/><W10/><G106/><T33/><D33/><U57/><E102/><V17/><F31/><W14/><G0/><T36/><D36/><U40/><E40/><V132/><F6/><AGARI ba="0,0" hai="4,5,6,48,54,57,76,81,86,92,94" m="43562" machi="6" ten="30,2900,0" yaku="15,1,52,1" doraHai="78" who="1" fromWho="2" sc="285,0,172,29,108,-29,435,0" /><INIT seed="5,1,0,5,1,65" ten="285,201,79,435" oya="1" hai0="105,38,20,48,14,132,31,3,119,74,41,98,120" hai1="93,51,45,12,56,22,58,100,23,37,47,133,94" hai2="89,83,7,127,121,11,80,129,28,46,44,112,103" hai3="33,75,96,67,61,109,16,101,68,49,0,113,54"/><U32/><E32/><V42/><F121/><W60/><G109/><T64/><D48/><U57/><E133/><V114/><F127/><W91/><G0/><T8/><D64/><U102/><E37/><V131/><F103/><N who="1" m="39465" /><E12/><N who="2" m="5247" /><F28/><W43/><G61/><T86/><D41/><U81/><E81/><N who="2" m="31307" /><F89/><W18/><G75/><T73/><D105/><U134/><E134/><V104/><F104/><W52/><G91/><T53/><D73/><U95/><E51/><N who="2" m="27031" /><F46/><AGARI ba="1,0" hai="22,23,45,46,47,56,57,58,93,94,95" m="39465" machi="46" ten="40,7700,0" yaku="28,2,8,1" doraHai="65" who="1" fromWho="2" sc="285,0,201,80,79,-80,435,0" owari="285,9.0,281,-12.0,-1,-50.0,435,53.0" /></mjloggm>