<mjloggm ver="2.3"><GO type="41" lobby="0"/><UN n0="%E5%B0%B1%E6%B4%BB%E7%94%9F%40%E5%B7%9D%E6%9D%91%E8%BB%8D%E5%9B%A3" n1="%E5%B9%B3%E5%9D%87%E5%BE%97%E7%82%B9%E3%81%AE%E9%AC%BC" n2="%74%61%6B%65%4B%4F" n3="%E6%8A%98%E9%83%A8%E5%AE%89%E5%A5%88" dan="15,16,14,13" rate="1992.69,2076.19,1831.38,1915.19" sx="M,M,M,M"/><TAIKYOKU oya="0"/><INIT seed="0,0,0,2,2,118" ten="250,250,250,250" oya="0" hai0="123,68,129,76,65,75,13,120,11,114,128,73,82" hai1="34,122,99,84,36,98,16,95,125,69,79,85,26" hai2="64,27,35,71,63,54,39,17,60,113,41,30,25" hai3="18,93,5,55,100,131,72,127,83,80,20,37,44"/><T111/><D73/><U61/><E36/><V105/><F113/><W107/><G127/><T58/><D68/><U66/><E125/><V89/><F105/><W53/><G131/><N who="0" m="50251" /><D114/><U67/><E67/><V94/><F60/><W1/><G107/><T90/><D90/><U24/><E99/><V56/><F41/><W28/><G28/><T124/><BYE who="3" /><D124/><UN n3="%E6%8A%98%E9%83%A8%E5%AE%89%E5%A5%88" /><U32/><E26/><V104/><F27/><W33/><G33/><T15/><D111/><U97/><E97/><V49/><F104/><W130/><G130/><T121/><D11/><U4/><E4/><V96/><F17/><W51/><G37/><T116/><D116/><U59/><E69/><V117/><REACH who="2" step="1"/><F39/><REACH who="2" ten="250,250,240,250" step="2"/><W110/><G18/><T92/><D92/><U3/><E95/><V42/><F42/><W88/><G93/><T50/><D50/><U6/><E24/><V62/><F62/><AGARI ba="0,1" hai="13,15,58,62,65,75,76,82,120,121,123" m="50251" machi="62" ten="40,12000,1" yaku="19,1,52,3" doraHai="118" who="0" fromWho="2" sc="250,130,250,0,240,-120,250,0" /><INIT seed="0,1,0,5,3,31" ten="380,250,120,250" oya="0" hai0="40,25,110,131,78,68,22,59,73,107,48,134,14" hai1="21,32,43,0,9,19,49,118,102,93,116,84,88" hai2="72,5,58,62,30,66,111,26,103,114,41,13,28" hai3="75,65,44,20,27,83,18,61,11,12,130,128,89"/><T87/><D68/><U97/><E32/><V123/><F123/><W71/><G44/><T109/><D107/><U120/><E120/><V56/><F114/><W42/><G42/><T70/><D70/><U74/><E74/><V133/><F72/><W79/><REACH who="3" step="1"/><G89/><REACH who="3" ten="380,250,120,240" step="2"/><T90/><D40/><U39/><E43/><V33/><F41/><W34/><G34/><T122/><D90/><U126/><E39/><V52/><F103/><W80/><G80/><T96/><D122/><U77/><E88/><V6/><F33/><W7/><AGARI ba="1,1" hai="7,11,12,18,20,27,61,65,71,75,79,83,128,130" machi="7" ten="30,2000,0" yaku="1,1,0,1,53,0" doraHai="31" doraHaiUra="91" who="3" fromWho="3" sc="380,-11,250,-6,120,-6,240,33" /><INIT seed="1,0,0,0,3,127" ten="369,244,114,273" oya="1" hai0="32,8,101,97,51,14,67,21,49,106,24,115,15" hai1="110,77,116,20,39,135,1,37,96,92,85,57,95" hai2="33,35,103,66,72,105,129,76,134,63,50,12,94" hai3="80,62,38,118,42,34,121,90,128,27,81,43,131"/><U2/><E116/><V26/><F105/><W46/><G121/><T7/><D115/><U132/><E110/><V130/><F134/><N who="1" m="51241" /><E57/><N who="2" m="37231" /><F12/><W3/><G3/><N who="1" m="1034" /><E20/><V87/><F72/><W88/><G62/><T19/><D67/><U68/><E68/><V89/><F76/><W93/><G118/><T56/><D56/><U86/><E77/><V5/><F5/><W61/><G61/><T122/><D122/><U47/><E47/><V117/><F117/><W124/><G124/><T109/><D109/><U126/><E126/><V64/><F64/><W48/><G42/><T54/><D54/><U100/><E92/><V75/><F75/><W73/><G38/><AGARI ba="0,0" hai="37,38,39,85,86,95,96,100" m="1034,51241" machi="38" ten="40,2000,0" yaku="20,1" doraHai="127" who="1" fromWho="3" sc="369,0,244,20,114,0,273,-20" /><INIT seed="1,1,0,5,5,58" ten="369,264,114,253" oya="1" hai0="2,59,46,98,5,108,45,101,35,110,102,57,36" hai1="41,125,115,107,27,52,77,4,89,14,127,23,43" hai2="55,94,22,13,24,29,47,70,10,64,61,25,82" hai3="9,16,91,21,28,63,65,39,86,74,122,40,18"/><U109/><E107/><V121/><F121/><W75/><G122/><T32/><D2/><U15/><E115/><V120/><F120/><W93/><G28/><T26/><D5/><U113/><E113/><V99/><F25/><W117/><G117/><T124/><D124/><N who="1" m="47691" /><E77/><V97/><F82/><W31/><G31/><T123/><D123/><U88/><E109/><N who="0" m="42089" /><D26/><U135/><E135/><V3/><F3/><W118/><G118/><T67/><D101/><U72/><E72/><V0/><F0/><W79/><G79/><T130/><D130/><U90/><E52/><V33/><F94/><W56/><G9/><T54/><D67/><U1/><E1/><V95/><F95/><W83/><G93/><N who="0" m="58703" /><D59/><U42/><E4/><V87/><F87/><W60/><G39/><T119/><D119/><U66/><E66/><V104/><F104/><W116/><G116/><T68/><D68/><U92/><E92/><V84/><F84/><W8/><G40/><N who="1" m="10242" /><U112/><DORA hai="51" /><E112/><V103/><F103/><W132/><G132/><T128/><D128/><U133/><E133/><V44/><F33/><N who="0" m="12874" /><D36/><U111/><E111/><V80/><F80/><W100/><G100/><T49/><AGARI ba="1,0" hai="45,46,49,54,57" m="12874,58703,42089" machi="49" ten="30,2000,0" yaku="14,1,52,1" doraHai="58,51" who="0" fromWho="0" sc="369,23,264,-11,114,-6,253,-6" /><INIT seed="2,0,0,2,3,109" ten="392,253,108,247" oya="2" hai0="102,76,60,14,95,74,59,57,33,67,105,130,118" hai1="48,5,7,22,73,13,35,19,42,3,97,9,108" hai2="75,23,47,58,84,110,0,17,31,37,81,62,24" hai3="29,32,64,94,40,122,70,36,135,77,106,11,25"/><V44/><F75/><W39/><G122/><T71/><D130/><U125/><E73/><V46/><F0/><W16/><G106/><T132/><D132/><U112/><E108/><V99/><F110/><W45/><G135/><T34/><D118/><U2/><E97/><V93/><F31/><W111/><G111/><T1/><D1/><N who="1" m="11" /><E48/><V100/><F37/><W113/><G113/><T41/><D41/><U133/><E42/><V131/><F131/><W52/><G77/><T10/><D105/><U53/><E53/><V123/><F123/><W88/><G36/><T92/><D74/><U89/><E89/><V43/><F43/><W121/><G121/><T119/><D76/><U79/><E79/><V63/><F58/><W83/><G83/><T69/><D119/><U87/><E87/><V72/><F72/><W15/><G52/><T128/><D128/><U85/><E85/><V61/><F47/><W129/><G129/><T65/><D102/><U114/><E133/><V134/><F134/><W90/><REACH who="3" step="1"/><G94/><REACH who="3" ten="392,253,108,237" step="2"/><T86/><D95/><U8/><E125/><V26/><F24/><W6/><G6/><N who="1" m="2058" /><E35/><V51/><F51/><W98/><G98/><T55/><D34/><U104/><E104/><V115/><F115/><AGARI ba="0,1" hai="8,9,13,19,22,112,114,115" m="2058,11" machi="115" ten="30,8000,1" yaku="34,2,52,3" doraHai="109" who="1" fromWho="2" sc="392,0,253,90,108,-80,237,0" /><INIT seed="3,0,0,2,2,83" ten="392,343,28,237" oya="3" hai0="5,25,16,39,93,59,130,87,116,42,38,34,31" hai1="134,32,72,100,36,81,109,50,1,23,122,91,62" hai2="105,20,135,97,69,8,52,33,26,43,79,119,3" hai3="132,51,95,61,0,44,78,90,49,53,47,96,82"/><W29/><G0/><T89/><D116/><U15/><E32/><V126/><F33/><W74/><G132/><T133/><D133/><U111/><E36/><V102/><F135/><W129/><G129/><T66/><D130/><U92/><E1/><V57/><F69/><W41/><G29/><T24/><D5/><U73/><E122/><V110/><F119/><W40/><G61/><T127/><D127/><U48/><E134/><V98/><F126/><W88/><G90/><T101/><D101/><U117/><E100/><V71/><F71/><W103/><G103/><T84/><D42/><AGARI ba="0,0" hai="40,41,42,44,47,49,51,53,74,78,82,88,95,96" machi="42" ten="30,2900,0" yaku="7,1,54,1" doraHai="83" who="3" fromWho="0" sc="392,-29,343,0,28,0,237,29" /><INIT seed="3,1,0,1,5,51" ten="363,343,28,266" oya="3" hai0="56,5,106,134,98,79,126,114,12,133,52,45,55" hai1="92,112,99,110,31,97,23,42,87,44,102,96,9" hai2="119,100,90,24,61,59,15,34,37,66,93,72,131" hai3="28,14,20,7,113,32,27,40,11,67,109,121,50"/><W16/><G40/><T125/><D79/><U101/><E112/><V26/><F119/><W25/><G67/><T58/><D114/><U116/><E116/><V19/><F72/><W135/><G50/><N who="0" m="28751" /><D106/><U39/><E110/><V41/><F34/><W117/><G113/><T73/><D73/><U1/><E1/><V77/><F77/><W105/><G105/><T122/><D122/><U124/><E124/><N who="0" m="47721" /><D98/><U123/><E123/><V118/><F118/><W132/><G117/><T82/><D82/><U6/><E87/><V74/><F74/><W69/><G69/><T128/><D128/><U38/><E97/><V53/><F131/><W89/><G89/><T13/><D58/><U0/><E99/><V71/><F100/><W103/><G103/><T48/><D5/><U54/><E102/><V88/><F93/><W62/><G62/><T30/><D30/><U3/><E31/><V85/><F85/><W65/><G65/><T78/><D78/><U10/><E6/><V95/><F95/><W8/><G121/><T29/><D29/><U84/><E84/><V22/><F90/><W91/><G91/><T120/><D120/><U33/><E92/><V111/><F88/><W63/><G63/><T127/><D127/><U80/><E80/><V43/><F111/><W130/><G130/><T94/><D94/><U76/><E76/><V2/><F2/><N who="3" m="119" /><G109/><T86/><D86/><U64/><E101/><V57/><F59/><W49/><G49/><T107/><D107/><U18/><E96/><V129/><F129/><W83/><G83/><T46/><D56/><U115/><E115/><RYUUKYOKU ba="1,0" sc="363,15,343,-15,28,-15,266,15" hai0="12,13,46,48,55,133,134" hai3="11,14,16,20,25,27,28,32,132,135" /><INIT seed="3,2,0,1,2,57" ten="378,328,13,281" oya="3" hai0="62,64,47,67,45,113,89,134,0,70,105,107,104" hai1="27,28,32,75,102,37,99,135,11,124,68,59,122" hai2="119,118,82,6,128,130,65,94,60,103,129,53,51" hai3="29,116,44,120,25,39,101,63,55,58,98,56,110"/><W15/><G120/><T100/><D0/><U126/><E122/><V125/><F6/><W22/><G116/><T127/><D100/><U2/><E135/><V84/><F125/><W72/><G72/><T97/><D134/><U111/><E111/><V86/><F119/><W9/><G110/><T43/><D127/><N who="1" m="48683" /><E37/><V73/><F118/><W18/><G39/><T49/><D113/><U42/><E68/><V133/><F133/><W121/><G121/><T7/><D7/><N who="1" m="1527" /><E42/><V5/><F5/><W83/><G83/><T108/><D108/><U16/><E75/><V4/><F4/><W74/><G74/><T95/><D67/><U36/><E36/><V30/><F73/><W38/><G38/><T31/><D31/><U88/><E59/><V79/><F30/><W69/><G56/><T26/><D26/><U1/><E1/><V34/><F34/><W96/><G69/><T106/><N who="0" m="27136" /><DORA hai="19" /><T20/><D20/><U10/><E102/><V40/><F40/><W114/><G114/><T112/><D112/><U33/><E99/><N who="3" m="37930" /><G101/><T48/><D47/><AGARI ba="2,0" hai="9,15,18,22,25,29,44,47,55,58,63" m="37930" machi="47" ten="30,5800,0" yaku="8,1,52,2" doraHai="57,19" who="3" fromWho="0" sc="378,-64,328,0,13,0,281,64" /><INIT seed="3,3,0,5,0,86" ten="314,328,13,345" oya="3" hai0="28,81,123,118,107,124,122,119,3,0,109,5,8" hai1="102,128,101,67,25,27,13,29,94,1,7,62,96" hai2="55,112,134,89,21,45,24,93,54,9,87,37,80" hai3="20,50,23,39,100,58,72,82,76,53,47,22,114"/><W31/><G114/><T42/><D107/><U83/><E1/><N who="0" m="585" /><D42/><U59/><E128/><V115/><F134/><W32/><G100/><T133/><D81/><U26/><E83/><V18/><F115/><W108/><G108/><T10/><D109/><U77/><E77/><V74/><F112/><W66/><G39/><T2/><D133/><U69/><E69/><V95/><F74/><W6/><G6/><T52/><D52/><U99/><E13/><V110/><F110/><W113/><G113/><T126/><D28/><U43/><E7/><V125/><F54/><W65/><REACH who="3" step="1"/><G47/><REACH who="3" ten="314,328,13,335" step="2"/><T12/><D119/><U56/><E102/><V104/><F37/><W64/><G64/><T85/><D118/><U73/><E101/><V117/><F117/><W16/><G16/><N who="0" m="8199" /><D85/><U46/><E46/><V71/><F104/><W106/><G106/><T116/><D116/><U35/><E67/><V41/><F41/><W44/><G44/><T105/><D105/><U15/><E43/><V70/><F45/><W84/><G84/><T33/><D33/><U49/><E35/><V79/><F55/><W130/><G130/><T88/><D88/><U11/><E99/><V68/><F89/><W129/><G129/><T103/><D103/><U30/><E96/><V51/><F51/><W91/><G91/><T97/><D97/><U75/><E49/><V38/><F38/><W92/><G92/><N who="2" m="35401" /><F9/><W63/><G63/><T90/><D90/><U98/><E11/><V132/><F125/><AGARI ba="3,1" hai="2,5,10,122,123,124,125,126" m="8199,585" machi="125" ten="30,7700,0" yaku="18,1,34,2,54,1" doraHai="86" who="0" fromWho="2" sc="314,96,328,0,13,-86,335,0" owari="410,50.0,328,-7.0,-73,-57.0,335,14.0" /></mjloggm>