<mjloggm ver="2.3"><GO type="97" lobby="0"/><UN n0="%E3%81%A4%E3%81%8D%E3%81%B2%E3%81%8B%E3%82%8B" n1="%E6%9C%9D%E5%80%89%E6%9C%88%E5%A5%88" n2="%E5%B0%B1%E6%B4%BB%E7%94%9F%40%E5%B7%9D%E6%9D%91%E8%BB%8D%E5%9B%A3" n3="%E3%81%BE%E3%82%8A%E3%82%82%E2%98%86%E5%A4%AA%E9%83%8E" dan="15,15,14,16" rate="1996.86,2055.11,1977.80,2146.21" sx="M,M,M,M"/><TAIKYOKU oya="0"/><INIT seed="0,0,0,0,0,72" ten="250,250,250,250" oya="0" hai0="66,106,130,21,43,31,39,102,125,3,49,19,81" hai1="30,90,60,48,67,10,68,20,36,23,35,11,82" hai2="110,51,99,119,73,1,122,33,132,80,93,129,94" hai3="116,57,50,25,2,7,111,38,16,37,71,75,121"/><T108/><D39/><U14/><E36/><V62/><F33/><W4/><G116/><T56/><D3/><U105/><E105/><V76/><F1/><W63/><G111/><T64/><D31/><U70/><E70/><V52/><F122/><W124/><G124/><T123/><D123/><U115/><E115/><V78/><F129/><W24/><G121/><T133/><D125/><U112/><E112/><V88/><F119/><W59/><G71/><T96/><D130/><U34/><E34/><V126/><F126/><W6/><G2/><T117/><D117/><U128/><E128/><V18/><F132/><W120/><G120/><T77/><D133/><U69/><E68/><V5/><F110/><W97/><G75/><T131/><D131/><U13/><E35/><V114/><F114/><W118/><G118/><T127/><D127/><U46/><E30/><V109/><F5/><W61/><G50/><T54/><D43/><U26/><E26/><V85/><F109/><W40/><G97/><T134/><D134/><U89/><E14/><V58/><F18/><W92/><G92/><T95/><D106/><U0/><E13/><V12/><F12/><W86/><G86/><N who="0" m="48431" /><D108/><U45/><E0/><V32/><F32/><W100/><G40/><T22/><D22/><U28/><E23/><V135/><F135/><W91/><G16/><T53/><D53/><N who="1" m="29839" /><E20/><V55/><F73/><W29/><G29/><T103/><D103/><U74/><E28/><V104/><F104/><W101/><G6/><T47/><D47/><U44/><E74/><V84/><F99/><W42/><G42/><RYUUKYOKU ba="0,0" sc="250,15,250,-15,250,-15,250,15" hai0="19,21,49,54,56,64,66,95,96,102" hai3="4,7,24,25,37,38,57,59,61,63,91,100,101" /><INIT seed="0,1,0,5,1,9" ten="265,235,235,265" oya="0" hai0="70,90,47,85,122,28,53,69,110,74,100,123,14" hai1="3,65,4,134,46,48,42,133,131,2,30,21,54" hai2="40,45,55,62,1,126,26,81,80,82,96,83,128" hai3="117,36,95,13,31,87,107,116,72,33,88,0,8"/><T10/><D74/><U20/><E65/><V129/><F1/><N who="1" m="9" /><E4/><V12/><F126/><W34/><G107/><T111/><D100/><U66/><E66/><V101/><N who="2" m="20480" /><DORA hai="125" /><V51/><F26/><W73/><G0/><T52/><D28/><U50/><E30/><V67/><F12/><W32/><G31/><T75/><D75/><U19/><E19/><V56/><REACH who="2" step="1"/><F67/><REACH who="2" ten="265,235,225,265" step="2"/><W61/><G13/><T94/><D123/><U130/><E20/><V115/><F115/><W71/><G73/><T103/><D122/><U59/><E21/><V108/><F108/><N who="0" m="41514" /><D103/><U60/><E60/><V124/><F124/><W43/><G72/><T114/><D114/><U112/><E112/><V102/><F102/><W84/><G61/><T24/><D24/><U11/><E11/><V93/><AGARI ba="1,1" hai="40,45,51,55,56,62,93,96,101,128,129" m="20480" machi="93" ten="40,12000,2" yaku="1,1,0,1,52,2,53,2" doraHai="9,125" doraHaiUra="49,37" who="2" fromWho="2" sc="265,-61,235,-31,225,133,265,-31" /><INIT seed="1,0,0,3,5,41" ten="204,204,358,234" oya="1" hai0="122,3,89,54,133,135,92,91,2,42,39,106,5" hai1="53,66,118,134,56,72,23,110,100,93,36,33,1" hai2="21,123,117,107,57,79,74,24,114,116,98,128,70" hai3="77,4,20,6,44,84,67,86,131,49,126,119,46"/><U30/><E33/><V26/><F70/><W103/><G119/><T101/><D106/><U80/><E36/><V73/><F123/><W76/><G131/><T43/><D101/><U28/><E110/><V60/><F128/><W18/><G126/><T51/><D122/><U14/><E1/><V96/><F114/><W99/><G67/><T104/><D104/><U62/><E118/><V65/><F24/><W115/><G115/><T38/><D5/><N who="3" m="2153" /><G49/><T9/><D9/><U55/><E134/><N who="0" m="51209" /><D54/><N who="1" m="20491" /><E80/><V27/><F27/><N who="3" m="14743" /><G99/><T31/><D31/><U69/><E69/><V132/><F132/><W0/><G103/><T61/><D61/><U12/><E72/><V8/><F74/><W22/><G0/><N who="0" m="43" /><D51/><U88/><E100/><V15/><F107/><W127/><G127/><T59/><D59/><U16/><E14/><V11/><F79/><N who="3" m="30283" /><G22/><T112/><D112/><U125/><E125/><V47/><F73/><W40/><G40/><N who="0" m="15403" /><D92/><U13/><E13/><V94/><F94/><W105/><G105/><T63/><D63/><U124/><E124/><V102/><F102/><W29/><G29/><T45/><D45/><AGARI ba="0,0" hai="44,45,46,84,86" m="30283,14743,2153" machi="45" ten="30,7700,0" yaku="8,1,52,3" doraHai="41" who="3" fromWho="0" sc="204,-77,204,0,358,0,234,77" /><INIT seed="2,0,0,1,2,7" ten="127,204,358,311" oya="2" hai0="78,113,73,18,119,34,26,47,63,6,31,66,61" hai1="46,116,72,104,29,126,75,43,112,12,42,68,30" hai2="82,50,98,10,110,103,128,4,13,111,45,49,1" hai3="17,35,79,121,16,108,3,57,127,69,5,86,54"/><V9/><F128/><W77/><G121/><T130/><D113/><U133/><E104/><V101/><F82/><W15/><G69/><T125/><D130/><U60/><E126/><V11/><F49/><W117/><G35/><T118/><D125/><U67/><E116/><V107/><F101/><W120/><G120/><T105/><D105/><U114/><E12/><V2/><F2/><W58/><G3/><T123/><D123/><U22/><E22/><V81/><F81/><W14/><G108/><N who="2" m="41513" /><F1/><W0/><G0/><T90/><D90/><U94/><E60/><V19/><F4/><W122/><G5/><T87/><D73/><U65/><E46/><V84/><F84/><W95/><G127/><T25/><D6/><U28/><E75/><V44/><F44/><W38/><G117/><N who="0" m="44555" /><D47/><U96/><E72/><V91/><F91/><N who="3" m="53751" /><G122/><T52/><D66/><U41/><E67/><V70/><F70/><W39/><G57/><T8/><D26/><U131/><E65/><V74/><F74/><W37/><G37/><T71/><D71/><U64/><E64/><V62/><F62/><N who="3" m="36183" /><G39/><T24/><D63/><U21/><E68/><V85/><F85/><W93/><G38/><T51/><D61/><U135/><E131/><V76/><F76/><N who="3" m="29259" /><G93/><T100/><D87/><U40/><E114/><V83/><F83/><W99/><G99/><T134/><D78/><U53/><E112/><V20/><F50/><W106/><G106/><T124/><D124/><U97/><E96/><V59/><F45/><W115/><G115/><T89/><D51/><U88/><N who="1" m="10752" /><DORA hai="80" /><U48/><E48/><RYUUKYOKU ba="0,0" sc="127,-15,204,-15,358,15,311,15" hai2="9,10,11,13,19,20,59,98,103,107" hai3="14,15,16,17" /><INIT seed="2,1,0,2,4,102" ten="112,189,373,326" oya="2" hai0="83,110,41,89,53,90,54,3,113,45,1,18,69" hai1="4,57,7,24,122,70,79,80,44,65,15,30,103" hai2="17,5,6,119,20,73,101,10,25,133,94,35,13" hai3="127,22,129,40,58,12,112,33,88,96,74,68,32"/><V118/><F73/><W14/><G68/><T106/><D69/><U81/><E70/><V61/><F133/><W99/><G74/><T131/><D113/><U108/><E122/><V92/><F35/><W107/><G112/><T48/><D131/><U130/><E130/><V72/><F72/><W77/><G77/><T75/><D110/><U46/><E108/><V76/><F76/><W28/><G129/><T60/><D18/><U51/><E103/><V0/><F0/><W71/><G71/><T50/><D60/><U23/><E15/><V82/><F119/><W86/><G33/><T27/><D27/><U85/><E81/><V49/><F61/><W114/><G32/><T134/><D134/><U37/><E37/><V91/><F118/><W95/><G127/><T42/><D75/><U2/><E2/><V111/><F111/><W52/><G40/><T55/><D54/><N who="1" m="31967" /><E65/><V120/><F49/><W84/><G114/><T121/><D83/><U62/><E62/><V56/><F56/><W47/><G47/><AGARI ba="1,0" hai="4,7,23,24,30,44,46,47,79,80,85" m="31967" machi="47" ten="30,1000,0" yaku="8,1" doraHai="102" who="1" fromWho="3" sc="112,0,189,13,373,0,326,-13" /><INIT seed="3,0,0,4,1,7" ten="112,202,373,313" oya="3" hai0="103,64,54,49,129,91,123,94,84,57,134,19,88" hai1="90,118,4,98,92,1,9,53,82,114,2,101,89" hai2="105,6,28,128,93,116,33,62,65,100,18,0,20" hai3="15,10,46,73,117,58,13,81,17,86,26,51,85"/><W69/><G69/><T43/><D123/><U56/><E114/><V80/><F116/><W34/><G117/><T66/><D134/><U61/><E118/><V11/><F128/><W29/><G58/><T71/><D71/><U97/><E2/><V35/><F80/><W59/><G59/><T39/><D129/><U83/><E90/><V104/><F33/><W107/><G107/><AGARI ba="0,0" hai="1,4,9,53,56,61,82,83,89,92,97,98,101,107" machi="107" ten="30,2000,0" yaku="7,1,52,1" doraHai="7" who="1" fromWho="3" sc="112,0,202,20,373,0,313,-20" owari="112,-39.0,222,-18.0,373,48.0,293,9.0" /></mjloggm>