<mjloggm ver="2.3"><GO type="97" lobby="0"/><UN n0="%E5%B0%B1%E6%B4%BB%E7%94%9F%40%E5%B7%9D%E6%9D%91%E8%BB%8D%E5%9B%A3" n1="%E3%81%A6%E3%81%91%E3%81%A8%E3%83%BC%E3%81%BF%E3%82%93%E2%98%86%E5%BD%A1" n2="%E8%A1%8C%E9%9B%B2%E6%B5%81%E6%B0%B4" n3="%E5%90%89%E5%B7%9D%E3%81%8D%E3%81%8F" dan="14,14,14,15" rate="1931.86,1929.72,1935.99,1949.49" sx="M,F,F,F"/><TAIKYOKU oya="0"/><INIT seed="0,0,0,3,2,44" ten="250,250,250,250" oya="0" hai0="38,96,98,4,97,89,45,16,37,10,22,107,23" hai1="12,120,32,121,25,34,11,99,67,30,20,31,21" hai2="15,122,3,19,42,75,59,85,6,64,47,40,66" hai3="127,65,91,123,0,135,9,112,133,124,108,94,29"/><T68/><D68/><U13/><E67/><V74/><F122/><W55/><G123/><T2/><D107/><U70/><E99/><V100/><F100/><W128/><G112/><T102/><D102/><U18/><E70/><V76/><F3/><W27/><G108/><T106/><D106/><U17/><E11/><V116/><F116/><W35/><G65/><T82/><D22/><U129/><E129/><V88/><F76/><W119/><G119/><T60/><D60/><U1/><E1/><V56/><F6/><N who="3" m="1223" /><G91/><T93/><D82/><U7/><E7/><V51/><F75/><W69/><G94/><T131/><D131/><U8/><E8/><N who="2" m="6631" /><F74/><W104/><G55/><T63/><D63/><U109/><E109/><V39/><F39/><W90/><G90/><T83/><D83/><U130/><E130/><V48/><F59/><W105/><G69/><T111/><D111/><U92/><E92/><N who="2" m="54287" /><F40/><W33/><G33/><T73/><D73/><U117/><E117/><V95/><F95/><W5/><G5/><T115/><D115/><U36/><E36/><V57/><F57/><W79/><G128/><T24/><REACH who="0" step="1"/><D38/><REACH who="0" ten="240,250,250,250" step="2"/><U81/><E81/><V118/><F118/><W101/><G105/><T125/><D125/><N who="3" m="48201" /><G79/><T77/><D77/><U87/><E87/><V103/><F103/><W78/><G78/><T43/><AGARI ba="0,1" hai="2,4,10,16,23,24,37,43,45,89,93,96,97,98" machi="43" ten="30,6000,0" yaku="1,1,0,1,54,1,53,0" doraHai="44" doraHaiUra="72" who="0" fromWho="0" sc="240,70,250,-20,250,-20,250,-20" /><INIT seed="0,1,0,3,0,127" ten="310,230,230,230" oya="0" hai0="125,135,6,53,71,47,63,108,10,34,70,134,94" hai1="49,98,14,131,41,8,68,84,110,51,9,88,5" hai2="76,11,83,96,93,102,18,54,13,24,111,38,103" hai3="121,112,130,59,46,33,78,42,31,99,36,119,67"/><T45/><D34/><U90/><E110/><V86/><F38/><W107/><G121/><T132/><D125/><U2/><E68/><V72/><F111/><W60/><G112/><T92/><D108/><U109/><E109/><V35/><F35/><W4/><G4/><T19/><D19/><U105/><E41/><V123/><F123/><W27/><G78/><T82/><D82/><U21/><E21/><V50/><F72/><W66/><G119/><T1/><D53/><U97/><E90/><V122/><F24/><W104/><G67/><T17/><D17/><U75/><E75/><V7/><F122/><W52/><G130/><T115/><D115/><U81/><E131/><V25/><F25/><W117/><G117/><T124/><D124/><U65/><E65/><V48/><F48/><W91/><G91/><T0/><D63/><U95/><E105/><V77/><F103/><W61/><REACH who="3" step="1"/><G99/><REACH who="3" ten="310,230,230,220" step="2"/><T85/><D1/><U20/><E97/><V101/><F101/><W28/><G28/><T56/><D6/><U73/><E2/><V39/><F7/><W79/><G79/><T26/><D0/><U80/><E5/><V120/><F120/><W74/><G74/><T44/><D134/><U40/><E73/><V15/><F39/><W57/><AGARI ba="1,1" hai="27,31,33,36,42,46,52,57,59,60,61,66,104,107" machi="57" ten="20,5200,0" yaku="1,1,0,1,7,1,54,1,53,0" doraHai="127" doraHaiUra="32" who="3" fromWho="3" sc="310,-27,230,-14,230,-14,220,65" /><INIT seed="1,0,0,2,2,16" ten="283,216,216,285" oya="1" hai0="114,22,12,30,49,90,27,65,26,39,132,50,108" hai1="63,111,127,110,93,96,115,61,17,58,23,9,34" hai2="98,14,129,128,104,125,29,77,85,11,91,55,62" hai3="35,113,31,52,116,18,100,54,118,133,51,28,8"/><U20/><E115/><V107/><F29/><W32/><G113/><T45/><D114/><U21/><E127/><V68/><F68/><W44/><G100/><T87/><D132/><U130/><E130/><N who="2" m="50283" /><F55/><W122/><G122/><T60/><D108/><N who="1" m="41515" /><E34/><V121/><F62/><N who="1" m="23561" /><E58/><V7/><F121/><W73/><G73/><T86/><D86/><U69/><E69/><V117/><F117/><W25/><G133/><T80/><D27/><N who="1" m="14735" /><E9/><V47/><F47/><W10/><G44/><T83/><D45/><U99/><E99/><V82/><F125/><W124/><G124/><T112/><D112/><U81/><E81/><N who="2" m="49583" /><F98/><W4/><G116/><T5/><D80/><U71/><E71/><V120/><F120/><W33/><G118/><T103/><D60/><U94/><E94/><V76/><F76/><W3/><G35/><T42/><D65/><U24/><E24/><V15/><F15/><W78/><G32/><T131/><D131/><U88/><AGARI ba="0,0" hai="21,23,88,93,96" m="14735,23561,41515" machi="88" ten="30,18000,2" yaku="14,1,10,1,52,3,54,1" doraHai="16" who="1" fromWho="1" sc="283,-60,216,180,216,-60,285,-60" /><INIT seed="1,1,0,0,3,88" ten="223,396,156,225" oya="1" hai0="9,100,111,130,121,50,74,125,8,112,24,26,60" hai1="61,20,124,38,51,27,79,103,43,25,109,106,114" hai2="91,82,3,64,98,37,5,123,95,29,66,97,40" hai3="36,90,94,77,31,58,16,2,62,28,76,69,113"/><U122/><E114/><V131/><F123/><W45/><G69/><T33/><D74/><U67/><E122/><V6/><F131/><W126/><G2/><T93/><D112/><U54/><E124/><V48/><F37/><W0/><G0/><T7/><D121/><U15/><E79/><V119/><F29/><W102/><G102/><T128/><D111/><U117/><E117/><V81/><F3/><W135/><G135/><T110/><D110/><U86/><E109/><V71/><F71/><W101/><G101/><T21/><D125/><U35/><E35/><V17/><F119/><W53/><G113/><T80/><D33/><U13/><E43/><V134/><F134/><W104/><G104/><T92/><D100/><U105/><E38/><V23/><F98/><N who="3" m="57687" /><G45/><T30/><D60/><U11/><E103/><V49/><F40/><W118/><G118/><T65/><D65/><N who="2" m="25194" /><F6/><W41/><G41/><T47/><D80/><N who="2" m="30826" /><F5/><W4/><G4/><T72/><D72/><U87/><E105/><V96/><F96/><W22/><G36/><T120/><D120/><U59/><E106/><V34/><F34/><W68/><G68/><T132/><D132/><U14/><E86/><V89/><F89/><W108/><G108/><T55/><D26/><AGARI ba="1,0" hai="17,23,26,48,49,91,95,97" m="30826,25194" machi="26" ten="30,2000,0" yaku="8,1,52,1" doraHai="88" who="2" fromWho="0" sc="223,-23,396,0,156,23,225,0" /><INIT seed="2,0,0,1,2,0" ten="200,396,179,225" oya="2" hai0="116,124,29,97,88,35,110,48,1,51,71,119,95" hai1="52,15,34,55,59,65,60,70,63,109,135,105,92" hai2="42,87,112,128,25,98,50,12,104,32,91,21,72" hai3="4,41,7,57,85,113,40,61,8,93,44,47,31"/><V14/><F112/><W99/><G113/><T27/><D71/><U79/><E109/><V37/><F128/><W67/><G85/><T117/><D110/><U115/><E115/><V78/><F37/><W39/><G31/><T2/><D124/><U96/><E105/><V33/><F32/><W127/><G8/><T133/><D133/><U22/><E135/><V75/><F33/><W123/><G123/><T54/><D51/><U84/><E34/><V114/><F75/><W36/><G127/><T120/><D120/><U73/><E73/><V43/><F114/><W90/><AGARI ba="0,0" hai="4,7,36,39,40,41,44,47,57,61,67,90,93,99" machi="90" ten="20,8000,1" yaku="0,1,7,1,9,1,52,2" doraHai="0" who="3" fromWho="3" sc="200,-20,396,-20,179,-40,225,80" /><INIT seed="3,0,0,2,1,54" ten="180,376,139,305" oya="3" hai0="83,104,73,76,78,1,20,39,132,50,117,40,75" hai1="120,133,94,108,122,9,69,13,36,47,115,34,123" hai2="17,102,58,85,25,74,93,99,135,14,77,113,12" hai3="32,31,37,64,88,15,103,28,23,22,126,125,119"/><W96/><G37/><T84/><D117/><U121/><E115/><V112/><F135/><W62/><G119/><T59/><D104/><U29/><E108/><V16/><F74/><W63/><G32/><T49/><D132/><U7/><E133/><V46/><F46/><W18/><G62/><T124/><D1/><U87/><E120/><V100/><F113/><W109/><G109/><T66/><D124/><N who="3" m="47721" /><G23/><T68/><D76/><U30/><E69/><V70/><F70/><N who="3" m="42271" /><G88/><T24/><D68/><U53/><E34/><V72/><F72/><W71/><G71/><T106/><D39/><U89/><REACH who="1" step="1"/><E53/><REACH who="1" ten="180,366,139,305" step="2"/><V107/><F112/><W8/><G8/><T130/><D130/><U95/><E95/><AGARI ba="0,1" hai="15,18,22,28,31,95,96,103" m="42271,47721" machi="95" ten="30,1500,0" yaku="18,1" doraHai="54" who="3" fromWho="1" sc="180,0,366,-15,139,0,305,25" /><INIT seed="3,1,0,5,4,85" ten="180,351,139,330" oya="3" hai0="105,13,60,15,57,131,91,123,115,48,56,18,51" hai1="128,16,64,66,99,98,22,127,92,83,72,109,44" hai2="130,126,95,12,88,14,129,107,74,106,75,31,45" hai3="70,117,38,6,79,103,84,122,42,132,100,108,8"/><W53/><G70/><T114/><D123/><U4/><E109/><V125/><F31/><W59/><G108/><T96/><D131/><N who="2" m="50186" /><F45/><W78/><G122/><T9/><D56/><U33/><E16/><V50/><F50/><N who="3" m="31159" /><G38/><T37/><D15/><U116/><E92/><V80/><F14/><N who="3" m="5399" /><G132/><T21/><D21/><U32/><E83/><V97/><F12/><W89/><G42/><T104/><D37/><U65/><E22/><V134/><F134/><W94/><G117/><T20/><D20/><U2/><E98/><V27/><F27/><W111/><G111/><T71/><D71/><U24/><E65/><V135/><F135/><W41/><G41/><T82/><D105/><N who="2" m="39946" /><F80/><N who="3" m="47135" /><G78/><T77/><D104/><U11/><E116/><V47/><F47/><W26/><G26/><T49/><D77/><U69/><E128/><V113/><F113/><N who="0" m="43018" /><D60/><U124/><E44/><V43/><F43/><W0/><G0/><T39/><D39/><U112/><E112/><V40/><F40/><W120/><G120/><T86/><D57/><U119/><E69/><V118/><F118/><W1/><G1/><T93/><D51/><U101/><E119/><V28/><F28/><W62/><G62/><T10/><D10/><U67/><E72/><AGARI ba="1,0" hai="72,74,75,88,95,97,125,126" m="39946,50186" machi="72" ten="40,8000,1" yaku="19,1,34,2,52,1,54,1" doraHai="85" who="2" fromWho="1" sc="180,0,351,-83,139,83,330,0" owari="180,-32.0,268,7.0,222,-18.0,330,43.0" /></mjloggm>