<mjloggm ver="2.3"><GO type="97" lobby="0"/><UN n0="%E3%81%8B%E3%81%96%E3%81%B0%E3%81%AA" n1="%39%73%6F%47%61%6D%65" n2="%E9%A7%92%E5%BD%A2%E9%BE%8D" n3="%E5%B0%B1%E6%B4%BB%E7%94%9F%40%E5%B7%9D%E6%9D%91%E8%BB%8D%E5%9B%A3" dan="14,14,13,15" rate="1955.57,1927.73,1865.26,1987.01" sx="M,M,M,M"/><TAIKYOKU oya="0"/><INIT seed="0,0,0,0,0,79" ten="250,250,250,250" oya="0" hai0="101,14,6,68,131,105,54,45,109,62,90,11,85" hai1="37,119,132,112,134,82,123,71,75,60,88,76,84" hai2="93,13,29,0,102,32,51,78,122,87,72,18,9" hai3="89,46,115,63,42,64,120,39,121,98,104,61,96"/><T127/><D127/><U113/><E37/><V7/><F122/><N who="3" m="47211" /><G115/><N who="1" m="44106" /><E71/><V73/><F51/><W28/><G28/><T16/><D131/><U130/><E60/><N who="3" m="23114" /><G64/><T57/><D109/><U135/><E123/><V69/><F69/><W111/><G111/><T22/><D68/><U52/><E52/><V10/><F102/><N who="3" m="62535" /><G98/><T25/><D45/><U43/><E43/><V86/><F87/><W23/><G23/><T124/><D124/><U1/><E1/><V66/><F66/><W83/><G89/><T74/><D74/><U59/><E59/><V47/><F47/><W40/><G40/><T26/><D105/><U50/><E50/><V80/><F93/><W110/><G110/><T97/><D101/><U100/><E100/><V3/><F3/><W81/><AGARI ba="0,0" hai="39,42,46,81,83" m="62535,23114,47211" machi="81" ten="30,4000,0" yaku="13,1,52,2" doraHai="79" who="3" fromWho="3" sc="250,-20,250,-10,250,-10,250,40" /><INIT seed="1,0,0,1,2,115" ten="230,240,240,290" oya="1" hai0="42,4,44,22,47,135,132,68,106,38,1,71,11" hai1="43,29,102,51,120,126,72,37,27,60,20,28,81" hai2="79,94,134,75,19,25,110,100,15,107,99,52,77" hai3="33,130,84,95,131,10,46,86,3,70,18,124,118"/><U61/><E120/><V112/><F112/><W103/><G33/><T74/><D22/><U57/><E102/><V12/><F134/><N who="0" m="51242" /><D47/><U122/><E122/><V128/><F110/><W7/><G70/><N who="0" m="26667" /><D74/><U35/><E126/><V36/><F36/><W13/><G124/><T65/><D65/><U9/><E35/><V55/><F128/><N who="3" m="49195" /><G118/><T31/><D31/><U0/><E29/><V50/><F107/><AGARI ba="0,0" hai="1,4,11,38,42,44,106,107" m="26667,51242" machi="107" ten="30,2000,0" yaku="20,1,23,1" doraHai="115" who="0" fromWho="2" sc="230,20,240,0,240,-20,290,0" /><INIT seed="2,0,0,5,5,57" ten="250,240,220,290" oya="2" hai0="9,84,109,25,133,8,30,44,92,7,62,19,85" hai1="55,89,122,60,116,71,94,0,110,54,128,51,83" hai2="34,72,82,66,26,42,36,53,131,14,100,5,119" hai3="88,111,112,101,68,43,31,99,90,102,95,28,23"/><V132/><F119/><W27/><G68/><T81/><D109/><U40/><E116/><V78/><F100/><N who="3" m="38507" /><G111/><T16/><D133/><U6/><E110/><V41/><F132/><W73/><G73/><T64/><D44/><N who="1" m="25991" /><E0/><V130/><F66/><W48/><G112/><T124/><D124/><U120/><E6/><V129/><F36/><W104/><G104/><T117/><D92/><U76/><E128/><V93/><F93/><W32/><G32/><T29/><D117/><U61/><E71/><V118/><F118/><W11/><G11/><T123/><D123/><N who="1" m="47147" /><E54/><V115/><F115/><W107/><G107/><T97/><D97/><N who="1" m="57551" /><E55/><V108/><F108/><W58/><G90/><T127/><D127/><U46/><E46/><V15/><F53/><N who="3" m="32039" /><G43/><N who="2" m="16393" /><F5/><W35/><G35/><T121/><D121/><U86/><AGARI ba="0,0" hai="60,61,76,83,86" m="57551,47147,25991" machi="86" ten="30,4000,0" yaku="13,1,52,2" doraHai="57" who="1" fromWho="1" sc="250,-10,240,40,220,-20,290,-10" /><INIT seed="3,0,0,3,4,112" ten="240,280,200,280" oya="3" hai0="106,115,87,94,66,125,64,126,7,99,35,75,18" hai1="104,60,13,71,6,114,46,61,132,85,49,41,56" hai2="110,19,96,45,31,32,33,124,80,128,95,62,101" hai3="17,14,26,86,8,102,83,134,116,2,97,10,73"/><W5/><G73/><T20/><D35/><U74/><E104/><V57/><F32/><W12/><G134/><T100/><D75/><U53/><E74/><V88/><F128/><W133/><G133/><T0/><D0/><U91/><E114/><V23/><F33/><W82/><G116/><T123/><D123/><U47/><E132/><V67/><F31/><W34/><G34/><T39/><D39/><U78/><E78/><V48/><F124/><N who="0" m="47722" /><D115/><U30/><E30/><V118/><F110/><W55/><G26/><N who="0" m="14615" /><D7/><U72/><E72/><V65/><F65/><N who="0" m="25194" /><D87/><U130/><E130/><V51/><F118/><W107/><G86/><T79/><D79/><U127/><E127/><V98/><F80/><W29/><G29/><T22/><D22/><U38/><E47/><V93/><REACH who="2" step="1"/><F45/><REACH who="2" ten="240,280,190,280" step="2"/><W43/><G83/><T9/><D9/><U15/><E71/><V21/><F21/><W40/><G82/><T1/><D1/><U4/><E38/><V119/><F119/><W70/><G70/><T122/><D122/><U68/><E68/><V108/><F108/><W69/><G69/><T117/><D117/><U44/><E44/><V89/><F89/><W63/><G2/><T54/><D54/><U84/><E91/><V109/><F109/><W28/><G28/><T121/><D121/><U36/><E36/><V76/><F76/><W129/><G129/><T59/><D59/><U131/><E131/><V103/><F103/><W27/><G55/><T135/><D135/><U111/><E111/><V37/><F37/><W77/><G77/><T24/><D24/><AGARI ba="0,1" hai="19,23,24,48,51,57,62,67,88,93,95,96,98,101" machi="24" ten="30,8000,1" yaku="1,1,7,1,8,1,54,1,53,1" doraHai="112" doraHaiUra="52" who="2" fromWho="0" sc="240,-80,280,0,190,90,280,0" /><INIT seed="4,0,0,4,4,129" ten="160,280,280,280" oya="0" hai0="120,66,101,13,88,109,3,73,2,39,23,26,21" hai1="96,53,131,44,112,28,18,43,30,63,114,82,41" hai2="56,123,54,4,125,58,42,128,25,11,113,110,135" hai3="97,60,61,124,69,116,132,68,79,91,47,83,106"/><T130/><D120/><U40/><E131/><V84/><F123/><W52/><G116/><T29/><D130/><U59/><E96/><V34/><F128/><W0/><G0/><T74/><D39/><U103/><E103/><V93/><F110/><W100/><G124/><T117/><D117/><U38/><E82/><V85/><F125/><W99/><G132/><T12/><D109/><U35/><E18/><V65/><F42/><N who="1" m="16489" /><E35/><V51/><F113/><AGARI ba="0,0" hai="28,30,38,43,44,53,59,63,112,113,114" m="16489" machi="113" ten="30,2000,0" yaku="15,1,11,1" doraHai="129" who="1" fromWho="2" sc="160,0,280,20,280,-20,280,0" owari="160,-34.0,300,40.0,260,-14.0,280,8.0" /></mjloggm>