<mjloggm ver="2.3"><GO type="169" lobby="0"/><UN n0="%E3%83%88%E3%83%88%E3%83%AA%E5%85%88%E7%94%9F%31%39%E6%AD%B3" n1="%E3%81%A6%E3%81%83%E3%81%BF%E3%82%93" n2="%E6%94%BE%E9%8A%83%E7%8E%8B%EF%BC%94" n3="%E3%83%9F%E3%83%A9%E3%82%AF%E3%83%AB%E3%81%8A%E3%81%98%E3%81%95%E3%82%93" dan="18,16,16,17" rate="2274.83,2124.17,2084.69,2111.91" sx="F,M,M,M"/><TAIKYOKU oya="0"/><INIT seed="0,0,0,5,2,57" ten="250,250,250,250" oya="0" hai0="51,98,69,116,3,118,81,132,91,67,94,23,103" hai1="28,89,129,48,63,109,21,128,47,113,15,39,70" hai2="111,72,96,9,112,124,53,22,102,93,30,82,131" hai3="104,38,34,54,71,76,92,68,75,101,64,2,122"/><T79/><D3/><U83/><E113/><V55/><F112/><W32/><G92/><T119/><D132/><U90/><E109/><V107/><F111/><W35/><G54/><T65/><D51/><U117/><E39/><V7/><F131/><N who="1" m="50249" /><E117/><V6/><F124/><W115/><G115/><T17/><D103/><U100/><E100/><V31/><F107/><W11/><G122/><T25/><REACH who="0" step="1"/><D69/><REACH who="0" ten="240,250,250,250" step="2"/><U97/><E70/><V95/><F102/><W123/><G123/><T87/><AGARI ba="0,1" hai="17,23,25,65,67,79,81,87,91,94,98,116,118,119" machi="87" ten="30,11700,0" yaku="1,1,2,1,0,1,53,1" doraHai="57" doraHaiUra="20" who="0" fromWho="0" sc="240,127,250,-39,250,-39,250,-39" /><INIT seed="0,1,0,4,0,94" ten="367,211,211,211" oya="0" hai0="31,123,82,21,28,36,101,89,25,99,49,83,64" hai1="16,100,120,124,63,37,74,81,41,56,17,135,91" hai2="2,9,108,87,97,7,23,39,30,109,70,38,122" hai3="48,5,128,125,113,40,57,88,59,85,78,69,32"/><T65/><D123/><U105/><E120/><V22/><F70/><W80/><G113/><T98/><D36/><U10/><E135/><V95/><F122/><W4/><G69/><T6/><D6/><U127/><E41/><V19/><F30/><W29/><G128/><T26/><D49/><U62/><E37/><V55/><F87/><W27/><G125/><N who="1" m="48202" /><E10/><V60/><F23/><W34/><G34/><T14/><D14/><U93/><E105/><V68/><F39/><W117/><G117/><T66/><D89/><U90/><E100/><V126/><F38/><W44/><REACH who="3" step="1"/><G78/><REACH who="3" ten="367,211,211,201" step="2"/><T114/><D114/><U131/><E131/><V3/><F126/><W54/><G54/><T18/><D66/><U106/><E81/><V121/><F121/><W76/><G76/><T52/><D52/><U104/><E74/><V33/><F55/><W116/><G116/><T71/><D71/><U50/><E91/><V72/><F72/><W61/><G61/><T118/><D118/><U58/><E63/><V75/><F60/><W24/><G24/><T0/><D26/><U12/><E62/><V45/><F75/><W11/><G11/><T86/><D65/><U47/><E90/><N who="2" m="55543" /><F68/><W77/><G77/><N who="0" m="46415" /><D83/><U35/><E35/><V53/><F33/><W132/><G132/><T130/><D64/><U73/><E73/><V110/><F53/><W119/><G119/><T20/><D130/><U84/><E58/><AGARI ba="1,1" hai="4,5,27,29,32,40,44,48,57,58,59,80,85,88" machi="58" ten="40,8000,1" yaku="1,1,54,1,53,2" doraHai="94" doraHaiUra="1" who="3" fromWho="1" sc="367,0,211,-83,211,0,201,93" /><INIT seed="1,0,0,0,2,43" ten="367,128,211,294" oya="1" hai0="14,50,85,17,35,98,29,34,48,52,6,21,28" hai1="23,62,30,113,18,94,120,79,65,58,101,80,49" hai2="89,19,64,72,38,4,56,91,15,102,39,40,109" hai3="11,66,16,70,135,42,128,60,106,87,124,77,118"/><U92/><E120/><V84/><F72/><W7/><G106/><T133/><D133/><U108/><E108/><V130/><F109/><W55/><G135/><T105/><D6/><U95/><E113/><V1/><F130/><W78/><G128/><T44/><D35/><U32/><E32/><V100/><F4/><W76/><G124/><T83/><D34/><U25/><E49/><V12/><F1/><W90/><G118/><T112/><D112/><U103/><REACH who="1" step="1"/><E30/><REACH who="1" ten="367,118,211,294" step="2"/><V57/><F39/><W46/><G60/><T10/><D50/><U3/><E3/><V134/><F38/><W63/><G63/><T59/><D29/><U116/><E116/><V33/><F33/><W2/><G2/><T81/><D28/><U88/><E88/><V99/><F91/><W110/><G90/><T51/><D51/><U53/><E53/><V86/><F89/><W119/><G55/><T69/><D52/><U74/><AGARI ba="0,1" hai="18,23,25,58,62,65,74,79,80,92,94,95,101,103" machi="74" ten="30,6000,0" yaku="1,1,0,1,53,1" doraHai="43" doraHaiUra="104" who="1" fromWho="1" sc="367,-20,118,70,211,-20,294,-20" /><INIT seed="1,1,0,5,1,86" ten="347,188,191,274" oya="1" hai0="135,128,87,2,108,15,104,134,74,58,12,120,10" hai1="53,122,76,18,131,68,28,83,73,118,37,21,112" hai2="111,3,38,125,132,26,42,56,78,24,95,103,98" hai3="121,100,27,92,41,127,84,88,47,61,65,117,101"/><U36/><E122/><V32/><F111/><W48/><G121/><T133/><D120/><U43/><E118/><V40/><F132/><W89/><G117/><T57/><D74/><U19/><E112/><V71/><F71/><W30/><G127/><T9/><D104/><U22/><E68/><V114/><F125/><W39/><G39/><T63/><D108/><U93/><E131/><V6/><F114/><W77/><G77/><T52/><D128/><U60/><E28/><V13/><F3/><W106/><G106/><T102/><D102/><U107/><E107/><V80/><F38/><W54/><G41/><T81/><D58/><U109/><E109/><V11/><F56/><N who="3" m="37031" /><G89/><N who="0" m="51439" /><D9/><U59/><E43/><V46/><F32/><W85/><G85/><T14/><D2/><U29/><E29/><V45/><F42/><W67/><G67/><T64/><D64/><U4/><E4/><V91/><F103/><N who="3" m="39499" /><G30/><T70/><D70/><U50/><E60/><V115/><F115/><W129/><G129/><T126/><D126/><U35/><E35/><V23/><F40/><W69/><G69/><T116/><D116/><U110/><E110/><V66/><F66/><W119/><G119/><T20/><D10/><U130/><E130/><V62/><F62/><W113/><G113/><T49/><D63/><U5/><E37/><V96/><F96/><W79/><G79/><T33/><D33/><U72/><E36/><V51/><F51/><W8/><G8/><T34/><D34/><U0/><E0/><V99/><F99/><W123/><G123/><T17/><AGARI ba="1,0" hai="12,14,15,17,20,49,52,57,133,134,135" m="51439" machi="17" ten="40,5200,0" yaku="20,1,52,1,54,1" doraHai="86" who="0" fromWho="0" sc="347,55,188,-27,191,-14,274,-14" /><INIT seed="2,0,0,0,4,29" ten="402,161,177,260" oya="2" hai0="13,79,34,125,23,58,1,89,18,66,55,32,46" hai1="108,127,22,84,69,20,106,52,76,57,129,91,98" hai2="120,37,80,93,59,61,28,131,115,63,24,135,26" hai3="110,17,68,113,45,122,117,109,90,2,41,27,97"/><V54/><F120/><W126/><G122/><T130/><D1/><U42/><E108/><V12/><F115/><W78/><G117/><T112/><D112/><U9/><E69/><V132/><F37/><W7/><G113/><T124/><D130/><U62/><E127/><N who="0" m="48713" /><D66/><U87/><E129/><V49/><F131/><W70/><G126/><T134/><D134/><N who="2" m="51242" /><F93/><W104/><G78/><T16/><D46/><U51/><E106/><V105/><F105/><W71/><G7/><T19/><D79/><U75/><E75/><V95/><F95/><W121/><G2/><T15/><D89/><U38/><E38/><V128/><F128/><W47/><G121/><T44/><D44/><N who="1" m="26007" /><E98/><V82/><F12/><N who="0" m="4682" /><D23/><U3/><E3/><V56/><F24/><W96/><G27/><T67/><D67/><U39/><E39/><V119/><F119/><W111/><G47/><T94/><D94/><N who="1" m="54655" /><E9/><V50/><F82/><AGARI ba="0,0" hai="20,22,52,57,62,76,82,84" m="54655,26007" machi="82" ten="30,2000,0" yaku="8,1,54,1" doraHai="29" who="1" fromWho="2" sc="402,0,161,20,177,-20,260,0" /><INIT seed="3,0,0,2,3,94" ten="402,181,157,260" oya="3" hai0="87,51,36,135,132,112,124,104,81,89,7,60,88" hai1="116,91,57,34,72,101,42,30,5,134,52,23,130" hai2="46,98,125,96,6,33,117,90,17,29,40,16,74" hai3="128,68,37,58,93,55,71,119,99,9,4,109,131"/><W22/><G119/><T82/><D36/><U43/><E72/><V20/><F117/><W75/><G37/><T27/><D104/><U114/><E34/><V63/><F74/><W61/><G75/><T2/><D124/><U19/><E116/><V21/><F125/><W120/><G120/><T97/><D112/><U133/><E114/><V106/><F106/><W1/><G22/><N who="2" m="8809" /><F33/><W79/><G79/><T113/><D113/><U92/><E30/><V38/><F38/><W25/><G25/><T49/><D27/><N who="1" m="14847" /><E101/><V3/><F3/><W54/><G54/><T14/><D2/><U108/><E5/><V18/><F6/><W84/><G84/><T70/><D82/><U28/><E28/><V118/><F118/><W64/><G109/><T115/><D115/><U122/><E130/><N who="3" m="49706" /><G55/><T67/><D51/><N who="1" m="30879" /><E122/><V121/><F121/><W95/><G95/><N who="0" m="56551" /><D49/><U110/><E43/><V50/><F29/><W31/><G31/><T105/><D105/><U77/><E42/><V83/><F63/><W85/><G85/><AGARI ba="0,0" hai="16,17,18,40,46,50,83,85,90,96,98" m="8809" machi="85" ten="30,7700,0" yaku="8,1,52,2,54,1" doraHai="94" who="2" fromWho="3" sc="402,0,181,0,157,77,260,-77" /><INIT seed="4,0,0,5,1,63" ten="402,181,234,183" oya="0" hai0="74,133,31,89,84,79,49,98,135,43,80,52,8" hai1="73,2,119,60,109,99,71,130,59,45,104,46,57" hai2="100,127,6,17,93,125,1,39,34,28,132,16,9" hai3="106,131,18,114,14,87,15,22,53,23,54,10,13"/><T110/><D110/><U44/><E73/><V102/><F39/><W12/><G106/><T7/><D43/><U91/><E2/><V55/><F132/><N who="0" m="50762" /><D31/><U75/><E75/><V19/><F55/><W21/><G114/><T96/><D89/><U90/><E104/><V56/><F56/><W85/><G131/><T129/><D74/><U86/><E130/><V67/><F100/><W30/><G30/><T51/><D51/><U33/><E33/><V62/><F102/><W121/><G121/><T94/><D94/><U128/><E128/><V123/><F93/><W38/><G38/><T47/><D129/><U29/><E29/><V77/><F77/><W124/><G124/><N who="2" m="47689" /><F123/><W122/><G122/><T61/><D61/><U88/><E99/><V25/><F62/><W72/><G72/><T40/><D40/><U83/><E60/><V118/><F118/><W105/><G105/><T3/><AGARI ba="0,0" hai="3,7,8,47,49,52,79,80,84,96,98" m="50762" machi="3" ten="30,3000,0" yaku="20,1,54,1" doraHai="63" who="0" fromWho="0" sc="402,30,181,-10,234,-10,183,-10" /><INIT seed="4,1,0,0,5,57" ten="432,171,224,173" oya="0" hai0="11,108,63,121,50,114,66,65,112,33,110,32,10" hai1="124,78,107,84,17,47,49,123,83,37,8,89,116" hai2="70,31,3,64,113,77,16,4,73,109,62,53,97" hai3="18,25,103,51,13,14,71,134,26,87,127,135,94"/><T98/><D50/><U82/><E123/><V15/><F113/><N who="0" m="43626" /><D98/><U126/><E107/><V99/><F109/><N who="0" m="42090" /><D66/><U42/><E116/><V55/><F31/><W115/><G115/><T2/><D121/><U67/><E67/><V24/><F24/><W35/><G71/><T46/><D46/><U120/><E120/><V119/><F119/><W106/><G127/><T40/><D40/><U22/><E8/><N who="0" m="3113" /><D2/><U88/><E49/><V75/><F3/><W85/><G51/><T76/><D76/><U132/><E132/><V105/><F99/><W38/><G134/><T93/><D93/><U61/><E89/><V21/><F77/><W5/><G94/><T43/><D43/><U36/><E36/><V54/><F4/><W90/><G5/><T59/><AGARI ba="1,0" hai="32,33,59,63,65" m="3113,42090,43626" machi="59" ten="40,7800,0" yaku="15,1,10,1,52,1" doraHai="57" who="0" fromWho="0" sc="432,81,171,-27,224,-27,173,-27" /><INIT seed="4,2,0,0,5,89" ten="513,144,197,146" oya="0" hai0="108,60,18,93,9,1,116,20,105,21,133,96,70" hai1="0,40,97,77,94,43,23,2,53,106,119,35,100" hai2="26,24,49,54,4,118,71,34,110,121,38,22,31" hai3="129,91,62,8,123,109,32,55,101,84,5,3,95"/><T130/><D116/><U113/><E119/><V99/><F118/><W90/><G109/><T61/><D105/><U88/><E35/><V13/><F121/><W36/><G36/><T111/><D130/><U79/><E113/><V51/><F38/><W42/><G32/><T75/><D75/><U102/><E2/><V125/><F71/><W6/><G42/><N who="1" m="15914" /><E0/><V10/><F110/><N who="0" m="42026" /><D133/><U59/><E106/><V85/><F125/><W47/><G129/><T64/><D61/><N who="1" m="36079" /><E23/><V52/><F85/><W104/><G84/><T126/><D126/><U78/><AGARI ba="2,0" hai="77,78,79,88,94,97,100,102" m="36079,15914" machi="78" ten="30,4000,0" yaku="8,1,52,1,54,1" doraHai="89" who="1" fromWho="1" sc="513,-22,144,46,197,-12,146,-12" /><INIT seed="5,0,0,3,3,85" ten="491,190,185,134" oya="1" hai0="70,118,76,132,31,77,46,94,40,34,65,120,88" hai1="17,133,109,42,123,49,78,127,45,103,64,121,79" hai2="39,124,24,51,66,73,113,60,9,26,99,43,8" hai3="101,122,134,104,87,3,15,47,131,16,89,82,4"/><U38/><E103/><V48/><F73/><W130/><G122/><N who="1" m="46602" /><E79/><V114/><F39/><W22/><G134/><T0/><D0/><U81/><E81/><V21/><F124/><W10/><REACH who="3" step="1"/><G47/><REACH who="3" ten="491,190,185,124" step="2"/><T98/><D46/><U80/><E45/><V119/><F114/><W115/><G115/><T135/><D132/><U97/><E133/><V95/><F113/><W12/><G12/><T41/><D135/><U108/><E108/><V56/><F119/><W36/><G36/><T68/><D118/><U111/><E38/><V53/><F43/><W18/><G18/><T44/><D40/><U29/><E17/><V52/><F51/><W37/><G37/><T128/><D120/><U107/><E42/><V28/><F26/><W55/><G55/><N who="2" m="21065" /><F48/><W117/><G117/><T25/><D41/><U61/><E49/><V125/><F125/><W110/><G110/><T102/><D44/><U62/><E111/><V13/><F13/><W72/><G72/><T7/><D25/><U90/><E127/><V71/><F71/><W93/><G93/><T19/><D68/><U2/><E109/><V58/><F58/><W27/><G27/><T83/><D70/><U1/><E1/><V105/><F105/><W74/><G74/><T35/><D19/><U14/><E2/><V30/><F30/><W116/><G116/><T112/><D31/><U86/><E29/><V69/><F69/><W100/><G100/><AGARI ba="0,1" hai="8,9,21,24,28,56,60,66,95,99,100" m="21065" machi="100" ten="30,3900,0" yaku="25,1,8,1,54,1" doraHai="85" who="2" fromWho="3" sc="491,0,190,0,185,49,124,-39" /><INIT seed="6,0,0,1,4,85" ten="491,190,234,85" oya="2" hai0="47,12,31,121,81,19,7,132,53,54,15,38,65" hai1="125,101,112,13,55,39,37,82,10,111,64,118,88" hai2="48,119,60,72,17,43,59,99,27,103,36,90,26" hai3="50,73,18,110,24,66,56,124,133,77,62,108,86"/><V2/><F119/><W33/><G73/><T22/><D121/><U78/><E118/><V40/><F36/><N who="1" m="13897" /><E111/><V94/><F2/><W75/><G75/><T1/><D1/><U71/><E71/><V135/><F72/><W30/><G124/><T95/><D132/><U123/><E64/><V100/><F135/><W134/><G18/><T84/><D65/><U44/><E101/><N who="2" m="38987" /><F48/><W126/><G126/><T61/><D95/><U32/><E78/><V97/><F97/><W74/><G74/><T131/><D131/><U107/><E107/><V67/><F27/><W116/><G116/><T16/><D7/><U3/><E32/><V63/><F63/><W68/><G134/><T117/><D117/><U129/><E3/><V79/><F79/><W34/><G133/><T23/><D61/><U58/><E125/><V120/><F120/><W8/><G34/><T14/><D14/><U127/><E127/><V35/><F35/><W25/><G25/><N who="0" m="16831" /><D47/><U102/><E44/><V114/><F26/><W87/><G110/><T93/><D38/><U6/><E123/><V80/><F40/><W113/><G108/><T104/><D104/><U4/><E129/><V106/><F43/><W28/><G33/><T45/><D45/><U76/><E102/><N who="2" m="60791" /><F106/><W70/><G68/><T109/><D109/><U41/><E41/><V9/><F67/><W57/><G66/><T21/><D53/><U51/><E76/><V96/><F60/><W69/><G62/><T42/><D54/><U122/><E122/><V49/><F49/><W0/><G50/><T29/><D42/><U105/><E51/><RYUUKYOKU ba="0,0" sc="491,0,190,0,234,0,85,0" /><INIT seed="7,1,0,1,2,70" ten="491,190,234,85" oya="3" hai0="114,51,92,71,84,0,93,135,89,106,97,64,24" hai1="44,25,65,62,56,31,120,29,37,18,130,86,11" hai2="20,73,108,131,34,47,98,14,115,22,8,91,12" hai3="100,63,40,76,28,129,122,85,96,81,117,123,94"/><W2/><G40/><T41/><D0/><U99/><E120/><N who="3" m="46122" /><G63/><T15/><D106/><U5/><E86/><V36/><F34/><W58/><G58/><T48/><D48/><U116/><E116/><V125/><F73/><N who="3" m="43151" /><G28/><T103/><D15/><U33/><E31/><V21/><F14/><W112/><G2/><T16/><D24/><U46/><E18/><V7/><F12/><W4/><G4/><T127/><D16/><U52/><E65/><V75/><F7/><W54/><G54/><T57/><D57/><U110/><E46/><V30/><F30/><W27/><G27/><T1/><D41/><U83/><E44/><V53/><F53/><W45/><G45/><T43/><D51/><U126/><E56/><V35/><F47/><W66/><G66/><T68/><D1/><U113/><E62/><V124/><F20/><W102/><G117/><T49/><D49/><U77/><E29/><V78/><F21/><W109/><G112/><T82/><D114/><U87/><E113/><V69/><F22/><W60/><G60/><T111/><D43/><U119/><E119/><V128/><F115/><W42/><G42/><T17/><D17/><U32/><E25/><V80/><F35/><W13/><G13/><T90/><D64/><U9/><E33/><V101/><F8/><W79/><G129/><T3/><D3/><U26/><E130/><V107/><F131/><W105/><G109/><T59/><D111/><U67/><E110/><V132/><F128/><W104/><G102/><T10/><D10/><U121/><E11/><V23/><F108/><W74/><G74/><RYUUKYOKU ba="1,0" sc="491,-10,190,-10,234,-10,85,30" hai3="79,85,94,96,100,104,105" /><INIT seed="7,2,0,1,5,119" ten="481,180,224,115" oya="3" hai0="23,100,81,32,56,65,85,33,39,114,15,127,117" hai1="130,40,95,132,18,111,27,107,97,46,70,133,125" hai2="24,129,92,7,113,108,109,99,80,6,47,22,11" hai3="82,16,86,48,126,75,19,84,134,14,0,57,51"/><W49/><G0/><T135/><D117/><U118/><E111/><V93/><F113/><W96/><G126/><T20/><D39/><U41/><E70/><V61/><F129/><W79/><G134/><N who="1" m="51818" /><E118/><V83/><F109/><W103/><G57/><T76/><D20/><N who="1" m="13719" /><E125/><V53/><F108/><W91/><G91/><T64/><D81/><N who="2" m="31306" /><F11/><W131/><G131/><T59/><D85/><U29/><E130/><V116/><F116/><W110/><G110/><T55/><D15/><U21/><E107/><V9/><F9/><W94/><REACH who="3" step="1"/><G19/><REACH who="3" ten="481,180,224,105" step="2"/><T12/><D56/><U4/><E46/><V73/><F47/><W52/><G52/><T50/><D55/><U31/><E4/><V10/><F6/><W123/><G123/><T98/><D59/><U68/><E68/><V63/><F53/><W69/><G69/><T13/><D127/><U5/><E5/><V28/><F7/><W106/><G106/><T71/><D71/><U124/><E124/><V1/><F61/><W87/><G87/><T128/><D135/><U17/><E41/><V45/><F63/><W26/><G26/><T42/><D42/><U105/><E40/><V44/><F45/><W2/><G2/><T90/><D90/><N who="1" m="55543" /><E105/><V35/><F44/><W37/><G37/><T115/><D128/><U102/><E102/><V30/><F99/><W36/><G36/><T88/><D88/><U25/><AGARI ba="2,1" hai="17,21,25,29,31" m="55543,13719,51818" machi="25" ten="30,1100,0" yaku="20,1" doraHai="119" who="1" fromWho="1" sc="481,-5,180,27,224,-5,105,-7" owari="476,57.0,207,-19.0,219,2.0,98,-40.0" /></mjloggm>