<mjloggm ver="2.3"><GO type="97" lobby="0"/><UN n0="%E3%81%9F%E3%83%BC%EF%BC%A0" n1="%E6%9F%B3%E9%9B%AA" n2="%E5%B0%B1%E6%B4%BB%E7%94%9F%40%E5%B7%9D%E6%9D%91%E8%BB%8D%E5%9B%A3" n3="%E3%81%9F%E3%81%8B%E3%81%BC%E3%82%93%E2%98%85" dan="14,15,15,14" rate="1907.33,2030.38,1962.14,1922.41" sx="M,F,M,M"/><TAIKYOKU oya="0"/><INIT seed="0,0,0,3,1,30" ten="250,250,250,250" oya="0" hai0="62,114,60,42,106,98,101,51,100,66,16,89,93" hai1="34,82,72,2,25,123,63,126,121,107,111,96,37" hai2="48,49,43,36,14,130,44,124,69,17,88,6,35" hai3="76,131,9,10,118,115,113,83,18,120,21,81,12"/><T29/><D29/><N who="1" m="19759" /><E111/><V92/><F69/><W85/><G118/><T97/><D114/><U68/><E126/><V95/><F124/><W79/><G131/><T40/><D51/><U86/><E37/><V87/><F130/><W59/><G120/><T61/><D89/><U54/><E54/><V129/><F129/><W33/><G33/><T122/><D122/><U58/><E58/><V74/><F74/><W47/><G47/><T8/><REACH who="0" step="1"/><D66/><REACH who="0" ten="240,250,250,250" step="2"/><N who="1" m="41055" /><E121/><V127/><F127/><W39/><G115/><T103/><D103/><N who="1" m="62951" /><E123/><V108/><F108/><W23/><G113/><T4/><D4/><U45/><E45/><V53/><F6/><W31/><G39/><T132/><D132/><U28/><E28/><V1/><F36/><W102/><G31/><T67/><D67/><U134/><E134/><V11/><F35/><W0/><G102/><T80/><D80/><U133/><E133/><V70/><F70/><W32/><G83/><T117/><D117/><U41/><E41/><V78/><F78/><W56/><G79/><T90/><D90/><N who="1" m="51543" /><E2/><V19/><F1/><W50/><G0/><T52/><D52/><U125/><E125/><V55/><F43/><W27/><G76/><T20/><D20/><U105/><E105/><V135/><F135/><W64/><G23/><T13/><AGARI ba="0,1" hai="8,13,16,40,42,60,61,62,93,97,98,100,101,106" machi="13" ten="30,6000,0" yaku="1,1,0,1,54,1,53,0" doraHai="30" doraHaiUra="65" who="0" fromWho="0" sc="240,70,250,-20,250,-20,250,-20" /><INIT seed="0,1,0,5,1,19" ten="310,230,230,230" oya="0" hai0="132,25,107,12,3,117,88,96,106,62,27,105,93" hai1="86,82,33,7,43,72,53,135,29,34,13,118,11" hai2="78,125,54,65,123,0,134,122,76,48,59,110,94" hai3="91,16,67,119,70,124,37,114,97,131,74,40,5"/><T38/><D3/><U10/><E72/><V83/><F0/><W133/><G67/><T51/><D38/><U20/><E43/><V24/><F125/><W116/><G40/><T85/><D62/><U9/><E118/><V23/><F134/><W22/><G5/><T18/><D132/><U68/><E68/><V129/><F129/><W49/><G37/><T50/><D117/><U45/><E135/><V102/><F110/><W57/><G70/><T101/><D51/><U103/><E103/><V130/><F130/><W26/><G114/><T1/><D1/><U108/><E108/><V31/><F65/><W14/><G131/><T30/><D50/><N who="1" m="28879" /><E33/><V39/><F39/><W126/><G74/><T4/><D4/><U66/><E34/><V35/><F35/><W128/><G128/><T95/><REACH who="0" step="1"/><D30/><REACH who="0" ten="300,230,230,230" step="2"/><U52/><E66/><V90/><F123/><W44/><G133/><T77/><D77/><N who="1" m="46415" /><E52/><V6/><F122/><W21/><G119/><T79/><D79/><U63/><E63/><V58/><F76/><W87/><G116/><T109/><D109/><U71/><E71/><V32/><F6/><W47/><G124/><T111/><D111/><U100/><E29/><V115/><F115/><W64/><G126/><T113/><D113/><U89/><E7/><V56/><F32/><W92/><G49/><T69/><D69/><U17/><E9/><AGARI ba="1,1" hai="9,12,18,25,27,85,88,93,95,96,101,105,106,107" machi="9" ten="40,3900,0" yaku="1,1,54,1,53,0" doraHai="19" doraHaiUra="60" who="0" fromWho="1" sc="300,52,230,-42,230,0,230,0" /><INIT seed="0,2,0,1,5,62" ten="352,188,230,230" oya="0" hai0="4,17,116,58,6,111,71,56,103,117,91,96,61" hai1="102,53,83,86,21,24,38,106,7,27,89,8,18" hai2="119,129,124,48,69,133,109,64,12,0,22,78,14" hai3="33,115,123,40,121,135,99,65,67,35,126,16,42"/><T113/><D113/><U2/><E38/><V60/><F0/><W84/><G115/><T36/><D36/><U39/><E39/><V43/><F109/><W46/><G126/><T114/><D114/><U29/><E106/><V1/><F1/><W82/><G135/><T15/><D91/><U120/><E102/><V3/><F3/><W108/><G108/><T45/><D45/><U57/><E120/><N who="3" m="46154" /><G99/><T79/><D79/><U77/><E77/><V85/><F124/><W31/><G31/><T5/><D71/><U101/><E101/><V52/><F133/><W112/><G112/><T9/><D111/><U13/><REACH who="1" step="1"/><E29/><REACH who="1" ten="352,178,230,230" step="2"/><V41/><F119/><W26/><G46/><T49/><D117/><U92/><E92/><V118/><F118/><W19/><G42/><T63/><D116/><U95/><E95/><V100/><F100/><W11/><G40/><T107/><REACH who="0" step="1"/><D49/><AGARI ba="2,1" hai="2,7,8,13,18,21,24,27,49,53,57,83,86,89" machi="49" ten="30,2000,0" yaku="1,1,7,1,53,0" doraHai="62" doraHaiUra="122" who="1" fromWho="0" sc="352,-26,178,36,230,0,230,0" /><INIT seed="1,0,0,1,1,69" ten="326,214,230,230" oya="1" hai0="1,53,4,85,96,95,26,92,62,126,111,114,0" hai1="39,41,118,93,86,15,61,122,125,21,68,14,23" hai2="117,131,6,19,100,133,5,35,36,66,65,10,50" hai3="101,87,30,13,73,59,135,55,37,56,8,77,89"/><U33/><E122/><V60/><F35/><W116/><G116/><T17/><D114/><U79/><E118/><V44/><F117/><W120/><G120/><T7/><D126/><U16/><E125/><V110/><F110/><W127/><G135/><T57/><D111/><U38/><E33/><V99/><F131/><W88/><G127/><T113/><D113/><U94/><E41/><V91/><F133/><W104/><G59/><T129/><D129/><U72/><E72/><V24/><F36/><W11/><G30/><T90/><D1/><U63/><E79/><V119/><F119/><W18/><G37/><T132/><D0/><U103/><E103/><V98/><F91/><W112/><G112/><T107/><D107/><U115/><E115/><V84/><F84/><W81/><G89/><N who="0" m="55407" /><D132/><U121/><E121/><V48/><F48/><W74/><G74/><T3/><D3/><U76/><E76/><V32/><F32/><W58/><G58/><T70/><D70/><U75/><E75/><V49/><F49/><W9/><G101/><T28/><D28/><U43/><E43/><V20/><F60/><W12/><G104/><T31/><D31/><U106/><E106/><V105/><F98/><W83/><REACH who="3" step="1"/><G13/><REACH who="3" ten="326,214,230,220" step="2"/><T78/><D78/><U46/><E68/><V130/><F130/><W97/><G97/><T51/><D51/><AGARI ba="0,1" hai="8,9,11,12,18,51,55,56,73,77,81,83,87,88" machi="51" ten="30,3900,0" yaku="1,1,7,1,54,1,53,0" doraHai="69" doraHaiUra="71" who="3" fromWho="0" sc="326,-39,214,0,230,0,220,49" /><INIT seed="2,0,0,5,2,17" ten="287,214,230,269" oya="2" hai0="122,27,14,70,64,51,105,0,45,100,109,9,39" hai1="130,80,5,132,117,114,115,50,119,98,72,90,57" hai2="102,66,46,89,75,47,12,129,112,83,135,8,61" hai3="62,55,120,111,43,32,101,81,86,131,1,73,44"/><V11/><F112/><N who="1" m="43049" /><E5/><V74/><F129/><W79/><G111/><T134/><D0/><U52/><E130/><V28/><F135/><W88/><G120/><T126/><D134/><U34/><E34/><V2/><F2/><W96/><G131/><T124/><D39/><U3/><E3/><V97/><F28/><W24/><G1/><T107/><D27/><U77/><E50/><V84/><F75/><W21/><G32/><T58/><D100/><U22/><E57/><V4/><F11/><W94/><G62/><N who="0" m="37975" /><D70/><U16/><E132/><V54/><F54/><W37/><G55/><N who="0" m="30191" /><D122/><U121/><E52/><V93/><REACH who="2" step="1"/><F74/><REACH who="2" ten="287,214,220,269" step="2"/><W23/><REACH who="3" step="1"/><G24/><REACH who="3" ten="287,214,220,259" step="2"/><T123/><D123/><U29/><E121/><V85/><F85/><W15/><G15/><T26/><D26/><U125/><E72/><V6/><F6/><W59/><G59/><AGARI ba="0,2" hai="4,8,12,46,47,59,61,66,83,84,89,93,97,102" machi="59" ten="30,5800,0" yaku="1,1,7,1,8,1,53,0" doraHai="17" doraHaiUra="49" who="2" fromWho="3" sc="287,0,214,0,220,78,259,-58" /><INIT seed="2,1,0,0,1,101" ten="287,214,298,201" oya="2" hai0="129,107,108,92,74,115,76,127,15,45,122,36,99" hai1="94,114,2,103,51,4,31,7,98,34,72,3,39" hai2="91,50,83,68,55,44,0,60,123,35,124,27,14" hai3="37,28,132,116,73,33,100,82,17,22,77,38,117"/><V8/><F123/><W130/><G132/><T121/><D15/><U133/><E39/><V86/><F0/><W57/><G100/><N who="0" m="62879" /><D45/><U48/><E114/><V87/><F124/><W1/><G130/><T70/><D70/><U23/><E34/><V89/><F35/><W66/><G1/><T32/><D32/><U110/><E72/><V43/><F27/><W25/><G25/><T41/><D41/><U113/><E110/><V67/><F43/><W111/><G33/><T59/><D59/><U71/><E71/><V49/><F49/><W75/><G28/><T104/><D36/><U54/><E133/><V65/><F65/><W93/><G111/><T52/><D52/><U20/><E31/><V69/><F69/><W53/><G93/><T80/><D108/><U47/><E113/><V128/><F128/><W56/><G66/><T21/><D21/><N who="1" m="8267" /><E3/><V40/><F87/><W42/><G75/><N who="0" m="43039" /><D129/><U11/><E11/><V78/><F55/><W90/><G38/><T120/><D127/><U46/><E2/><V18/><AGARI ba="1,0" hai="8,14,18,40,44,50,60,67,68,78,83,86,89,91" machi="18" ten="20,2100,0" yaku="0,1,7,1" doraHai="101" who="2" fromWho="2" sc="287,-8,214,-8,298,24,201,-8" /><INIT seed="2,2,0,0,0,109" ten="279,206,322,193" oya="2" hai0="1,98,57,130,117,40,34,76,14,64,13,101,49" hai1="50,103,19,90,0,47,55,21,46,91,72,56,67" hai2="82,28,43,84,107,39,69,4,33,134,26,92,108" hai3="29,129,12,81,42,93,112,11,96,51,70,10,74"/><V25/><F107/><W65/><G129/><T99/><D1/><U125/><E72/><V105/><F105/><W60/><G29/><T104/><D34/><U17/><E0/><V7/><F108/><W85/><G74/><T37/><D37/><U63/><E103/><V87/><F69/><W23/><G23/><T97/><D130/><U124/><E47/><V116/><F116/><W68/><G68/><T44/><D76/><U106/><E106/><V94/><F134/><W3/><G3/><T131/><D131/><U27/><REACH who="1" step="1"/><E17/><REACH who="1" ten="279,196,322,193" step="2"/><V115/><F115/><W62/><G70/><T113/><D101/><U95/><E95/><V22/><F39/><W5/><G93/><T80/><D113/><U48/><E48/><V110/><F43/><W2/><G42/><T16/><D104/><U126/><AGARI ba="2,1" hai="19,21,27,46,50,55,56,63,67,90,91,124,125,126" machi="126" ten="30,4000,0" yaku="1,1,0,1,18,1,53,0" doraHai="109" doraHaiUra="88" who="1" fromWho="1" sc="279,-12,196,56,322,-22,193,-12" /><INIT seed="3,0,0,1,2,32" ten="267,252,300,181" oya="3" hai0="34,109,81,104,10,106,95,54,39,55,75,112,62" hai1="119,17,87,37,72,67,73,68,36,58,74,123,63" hai2="31,41,97,40,113,118,129,59,99,128,78,79,48" hai3="7,82,5,27,16,61,83,126,121,96,56,117,134"/><W94/><G121/><T45/><D34/><U23/><E123/><V47/><F118/><W90/><G117/><T86/><D75/><U93/><E119/><V18/><F113/><W4/><G134/><T51/><D112/><U65/><E68/><V38/><F31/><W50/><G50/><T98/><D39/><U21/><E67/><V105/><F18/><W115/><G115/><T132/><D10/><U35/><E35/><V91/><F105/><W110/><G126/><T26/><D26/><U66/><E66/><V29/><F29/><W71/><G71/><T22/><D22/><U15/><E23/><V92/><F99/><W88/><G90/><T76/><D109/><U24/><E15/><V11/><F11/><W133/><G133/><T108/><D108/><U69/><E69/><V101/><F101/><W0/><G0/><T1/><D1/><U127/><E127/><V131/><F40/><W116/><G116/><T70/><D132/><U33/><E33/><V125/><F125/><W20/><G110/><T77/><D77/><U13/><E13/><V60/><F38/><W25/><G25/><T6/><D6/><U57/><E57/><V80/><F80/><W85/><G85/><T64/><REACH who="0" step="1"/><D55/><AGARI ba="0,0" hai="41,47,48,55,59,60,78,79,91,92,97,128,129,131" machi="55" ten="40,1300,0" yaku="19,1" doraHai="32" who="2" fromWho="0" sc="267,-13,252,0,300,13,181,0" /><AGARI ba="0,0" hai="4,5,7,16,20,27,55,56,61,82,83,88,94,96" machi="55" ten="40,12000,1" yaku="25,2,8,1,54,2" doraHai="32" who="3" fromWho="0" sc="254,-120,252,0,313,0,181,120" /><INIT seed="3,1,0,4,5,16" ten="134,252,313,301" oya="3" hai0="6,85,118,96,132,33,131,124,130,15,105,55,22" hai1="41,46,5,120,67,35,36,53,18,112,43,82,7" hai2="126,12,57,20,104,92,10,94,48,107,58,128,32" hai3="28,101,29,30,116,4,62,110,102,60,106,74,98"/><W51/><G116/><T90/><D55/><U123/><E35/><V87/><F32/><W19/><G74/><T91/><D96/><U40/><E82/><V38/><F38/><W3/><G102/><T9/><D105/><U2/><E2/><V135/><F135/><W8/><G110/><T23/><D118/><U77/><E77/><V99/><F126/><W129/><G129/><N who="0" m="49163" /><D33/><U50/><E7/><N who="2" m="3167" /><F107/><W27/><REACH who="3" step="1"/><G51/><REACH who="3" ten="134,252,313,291" step="2"/><T56/><D56/><U119/><E50/><V45/><F128/><W59/><G59/><N who="2" m="22537" /><F104/><W111/><G111/><T122/><D122/><U93/><E119/><V121/><F121/><W63/><G63/><T26/><D26/><U114/><E123/><V76/><F99/><W69/><G69/><T81/><D132/><U95/><E120/><V52/><F87/><W13/><G13/><T84/><D124/><U65/><E36/><V83/><F83/><W97/><G97/><T47/><D47/><U11/><E46/><V73/><F73/><W54/><G54/><T113/><D113/><U115/><E53/><V39/><F39/><W68/><G68/><T127/><D127/><U117/><E117/><V44/><F44/><W72/><G72/><T79/><D85/><U108/><E108/><V24/><F76/><W80/><G80/><T25/><D25/><U34/><E115/><V89/><F89/><W1/><G1/><T17/><D17/><AGARI ba="1,1" hai="17,20,24,45,48,52,92,94" m="22537,3167" machi="17" ten="30,3900,0" yaku="8,1,52,1,54,1" doraHai="16" who="2" fromWho="0" sc="134,-42,252,0,313,52,291,0" owari="92,-41.0,252,-15.0,365,47.0,291,9.0" /></mjloggm>