<mjloggm ver="2.3"><GO type="97" lobby="0"/><UN n0="%E5%B0%B1%E6%B4%BB%E7%94%9F%40%E5%B7%9D%E6%9D%91%E8%BB%8D%E5%9B%A3" n1="%E7%99%BE%E7%9B%AE" n2="%E3%81%A1%E3%82%8A%E3%81%A1%E3%82%8A%E7%8A%AC%E3%83%BB" n3="%31%33%36%30" dan="14,14,13,15" rate="1971.31,1965.85,1909.96,2047.68" sx="M,M,F,M"/><TAIKYOKU oya="0"/><INIT seed="0,0,0,2,0,13" ten="250,250,250,250" oya="0" hai0="45,127,54,56,48,67,50,79,69,26,75,47,39" hai1="87,58,5,104,109,18,85,63,107,52,37,44,23" hai2="70,41,78,100,32,43,116,22,94,68,95,14,84" hai3="15,101,62,126,59,83,11,88,120,92,122,90,97"/><T16/><D127/><U76/><E109/><V128/><F116/><W6/><G126/><T80/><D39/><U119/><E119/><V2/><F32/><W51/><G51/><T20/><REACH who="0" step="1"/><D50/><REACH who="0" ten="240,250,250,250" step="2"/><U12/><E37/><V93/><F128/><W96/><G83/><T36/><D36/><U49/><E107/><V65/><F2/><W19/><G6/><T111/><D111/><U124/><E104/><V7/><F70/><W28/><G28/><T73/><D73/><U71/><E124/><V25/><F7/><W117/><G117/><T89/><D89/><U103/><E71/><V29/><F68/><W105/><REACH who="3" step="1"/><G90/><REACH who="3" ten="240,250,250,240" step="2"/><T27/><D27/><U8/><E76/><V38/><F25/><W66/><AGARI ba="0,2" hai="11,15,19,59,62,66,88,92,96,97,101,105,120,122" machi="66" ten="30,8000,1" yaku="1,1,2,1,0,1,52,1,54,1,53,0" doraHai="13" doraHaiUra="72" who="3" fromWho="3" sc="240,-40,250,-20,250,-20,240,100" /><INIT seed="1,0,0,2,5,113" ten="200,230,230,340" oya="1" hai0="110,62,84,46,91,5,8,44,121,123,6,21,100" hai1="60,34,37,40,50,105,36,127,97,52,135,134,89" hai2="76,116,117,48,94,92,73,107,18,77,72,96,61" hai3="111,57,65,90,122,33,78,12,51,10,128,112,29"/><U13/><E34/><V129/><F129/><W1/><G112/><T93/><D110/><U120/><E120/><N who="0" m="46153" /><D100/><U43/><E127/><V109/><F109/><W130/><G78/><N who="2" m="30313" /><F18/><W2/><G111/><T45/><D8/><U42/><E13/><V19/><F19/><W16/><G122/><T102/><D102/><U75/><E75/><N who="2" m="28747" /><F48/><W35/><G35/><T88/><D21/><U4/><E4/><N who="0" m="1641" /><D91/><U41/><N who="1" m="10752" /><DORA hai="66" /><U3/><E3/><V69/><F61/><AGARI ba="0,0" hai="44,45,46,61,62,84,88,93" m="1641,46153" machi="61" ten="40,2600,0" yaku="13,1,54,1" doraHai="113,66" who="0" fromWho="2" sc="200,26,230,0,230,-26,340,0" /><INIT seed="2,0,0,2,4,128" ten="226,230,204,340" oya="2" hai0="43,120,119,4,49,12,64,25,125,84,26,62,130" hai1="80,83,73,2,34,7,39,87,59,3,112,22,47" hai2="115,18,95,107,135,93,100,46,113,122,38,45,17" hai3="90,91,19,9,104,67,71,58,121,72,32,57,133"/><V101/><F122/><W129/><G121/><T54/><D120/><U88/><E34/><V134/><REACH who="2" step="1"/><F38/><REACH who="2" ten="226,230,194,340" step="2"/><W55/><G129/><T99/><D119/><U81/><E112/><V42/><F42/><W110/><G110/><T24/><D130/><U51/><E39/><V131/><F131/><W33/><G33/><T105/><D125/><U98/><E73/><V10/><F10/><W69/><G32/><T41/><D105/><AGARI ba="0,1" hai="17,18,45,46,93,95,100,101,105,107,113,115,134,135" machi="105" ten="25,12000,1" yaku="1,1,22,2,52,2,53,0" doraHai="128" doraHaiUra="11" who="2" fromWho="0" sc="226,-120,230,0,194,130,340,0" /><INIT seed="2,1,0,1,4,43" ten="106,230,324,340" oya="2" hai0="80,78,50,82,32,131,118,83,59,18,19,104,98" hai1="125,81,28,21,44,36,16,53,99,135,14,117,94" hai2="90,48,116,47,86,120,70,73,20,108,102,68,88" hai3="127,39,37,124,41,66,30,51,45,109,128,84,129"/><V115/><F116/><W67/><G84/><T49/><D118/><U75/><E117/><V15/><F120/><W9/><G30/><T40/><D32/><U25/><E135/><V93/><F115/><W23/><G23/><T121/><D121/><U72/><E81/><V8/><F73/><W5/><G9/><T101/><D131/><N who="3" m="50249" /><G5/><T112/><D112/><U57/><E125/><N who="3" m="48202" /><G109/><T35/><D35/><U110/><E110/><V106/><F20/><W2/><G2/><T56/><D78/><U122/><E122/><V126/><F15/><W33/><G33/><T92/><D104/><U79/><E79/><V29/><F8/><W76/><G76/><T42/><D42/><U63/><E44/><V3/><F29/><W34/><G34/><T105/><D105/><U132/><E36/><AGARI ba="1,0" hai="36,37,39,41,45,51,66,67" m="48202,50249" machi="36" ten="40,8000,1" yaku="19,1,18,1,34,2,52,1" doraHai="43" who="3" fromWho="1" sc="106,0,230,-83,324,0,340,83" /><INIT seed="3,0,0,3,5,12" ten="106,147,324,423" oya="3" hai0="11,52,82,0,37,75,102,113,79,19,5,70,96" hai1="77,15,120,106,129,64,27,117,103,124,46,50,59" hai2="3,72,35,62,48,105,38,134,68,32,66,60,31" hai3="101,44,13,123,40,21,119,2,57,133,74,26,28"/><W54/><G74/><T112/><D70/><U63/><E120/><V114/><F72/><W30/><G123/><T33/><D33/><U87/><E129/><V86/><F114/><W39/><G2/><T20/><D37/><U49/><E124/><V6/><F38/><W65/><G119/><T131/><D131/><U73/><E73/><V132/><F105/><W89/><G133/><N who="2" m="51305" /><F3/><W97/><G89/><T10/><D10/><U99/><E117/><V122/><F122/><W9/><G65/><T118/><D118/><U100/><E100/><V94/><F6/><W121/><G121/><T51/><D96/><U78/><E27/><N who="2" m="18559" /><F35/><W81/><G81/><T111/><D102/><U36/><E36/><V107/><F107/><W14/><G28/><T76/><D76/><U58/><E78/><V71/><F86/><W115/><G115/><T61/><D111/><U41/><E87/><V110/><F94/><W109/><G109/><T7/><D61/><U47/><E77/><V43/><F43/><W88/><G9/><T23/><D23/><U16/><E106/><V84/><F84/><W17/><G30/><T130/><D7/><U104/><E104/><V56/><F110/><W90/><G90/><T55/><D130/><U67/><E103/><V22/><F22/><W4/><G4/><T93/><D93/><U125/><E125/><V116/><F116/><W8/><G101/><T53/><REACH who="0" step="1"/><D51/><REACH who="0" ten="96,147,324,423" step="2"/><U24/><E50/><V80/><F48/><N who="3" m="30919" /><G8/><T98/><D98/><U127/><E99/><V126/><F62/><W29/><G39/><T128/><D128/><U85/><E127/><RYUUKYOKU ba="0,1" sc="96,30,147,-10,324,-10,423,-10" hai0="0,5,11,19,20,52,53,55,75,79,82,112,113" owari="126,-37.0,137,-26.0,314,11.0,423,52.0" /></mjloggm>