<mjloggm ver="2.3"><GO type="41" lobby="0"/><UN n0="%6D%61%72%75%66%75%6B%75" n1="%54%61%6E%70%61%61%63%68" n2="%E5%B0%B1%E6%B4%BB%E7%94%9F%40%E5%B7%9D%E6%9D%91%E8%BB%8D%E5%9B%A3" n3="%4B%61%66%66%65%65" dan="15,14,17,14" rate="2057.11,1935.74,2145.07,1976.79" sx="M,M,M,M"/><TAIKYOKU oya="0"/><INIT seed="0,0,0,4,4,20" ten="250,250,250,250" oya="0" hai0="1,31,11,109,76,48,113,79,125,102,118,29,5" hai1="8,19,33,41,112,89,9,93,26,116,30,90,66" hai2="77,86,115,62,84,131,75,73,56,106,44,126,80" hai3="13,51,25,22,15,124,35,82,49,92,122,65,132"/><T4/><D113/><U114/><E116/><V50/><F115/><N who="1" m="44073" /><E41/><V127/><F106/><W3/><G132/><T70/><D70/><U110/><E110/><V47/><F131/><W34/><G3/><T7/><D118/><U87/><E66/><V63/><F63/><W16/><G124/><N who="2" m="47657" /><F86/><W46/><G65/><T0/><D125/><U85/><E19/><V60/><F62/><W54/><G82/><AGARI ba="0,0" hai="8,9,26,30,33,82,85,87,89,90,93" m="44073" machi="82" ten="30,2000,0" yaku="11,1,52,1" doraHai="20" who="1" fromWho="3" sc="250,0,250,20,250,0,250,-20" /><INIT seed="1,0,0,2,3,11" ten="250,270,250,230" oya="1" hai0="63,3,65,107,23,5,45,36,83,59,113,88,121" hai1="86,78,22,75,9,61,8,21,32,6,64,20,135" hai2="41,96,72,44,4,115,77,94,74,102,76,70,118" hai3="129,0,84,95,99,105,119,81,42,82,130,87,134"/><U80/><E32/><V39/><F118/><W2/><G42/><T38/><D107/><U57/><E135/><V25/><F115/><W18/><G134/><T127/><D113/><U100/><E100/><V104/><F70/><W90/><G119/><T14/><D3/><U27/><E27/><V98/><F4/><W43/><G43/><T58/><D127/><U60/><E60/><V106/><F25/><W54/><G105/><T52/><D45/><U49/><E49/><V122/><F122/><W26/><G54/><T68/><D68/><U97/><E97/><V10/><F10/><W66/><G66/><T92/><D83/><U132/><E132/><V89/><REACH who="2" step="1"/><F106/><REACH who="2" ten="250,270,240,230" step="2"/><W47/><G26/><T93/><D121/><U114/><E114/><V28/><F28/><W37/><G0/><T112/><D112/><U46/><E75/><AGARI ba="0,1" hai="39,41,44,72,74,75,76,77,89,94,96,98,102,104" machi="75" ten="40,1300,0" yaku="1,1,53,0" doraHai="11" doraHaiUra="55" who="2" fromWho="1" sc="250,0,270,-13,240,23,230,0" /><INIT seed="2,0,0,0,2,132" ten="250,257,263,230" oya="2" hai0="23,0,121,65,82,128,31,83,104,130,34,113,116" hai1="111,105,85,4,66,119,99,56,92,44,51,108,59" hai2="127,107,6,60,129,41,123,30,89,55,28,15,40" hai3="67,69,110,114,78,32,103,48,71,79,90,35,100"/><V57/><F123/><W112/><G67/><T91/><D104/><U115/><E119/><V5/><F107/><W1/><G110/><N who="1" m="42026" /><E115/><V70/><F70/><W81/><G81/><T135/><D0/><U21/><E4/><N who="2" m="1643" /><F127/><W20/><G20/><T29/><D34/><U125/><E105/><V49/><F129/><W26/><G26/><T2/><D2/><U43/><E21/><V54/><F89/><W93/><G48/><T102/><D23/><U131/><E131/><V39/><F15/><W98/><G1/><T73/><D91/><U68/><E68/><V27/><F39/><W117/><G90/><T87/><D116/><U122/><E125/><V42/><F27/><W72/><G117/><T75/><D121/><U37/><E85/><V12/><F12/><W9/><G114/><T96/><D87/><U77/><E77/><V106/><F106/><W18/><G79/><T133/><D96/><U118/><E118/><V86/><F86/><W45/><G71/><T101/><REACH who="0" step="1"/><D65/><REACH who="0" ten="240,257,263,230" step="2"/><U24/><E122/><V33/><F33/><W17/><G98/><T64/><D64/><U50/><E66/><V14/><F14/><W124/><G35/><T3/><D3/><U134/><E134/><V58/><AGARI ba="0,1" hai="28,30,40,41,42,49,54,55,57,58,60" m="1643" machi="58" ten="30,1500,0" yaku="8,1" doraHai="132" who="2" fromWho="2" sc="240,-5,257,-5,263,25,230,-5" /><INIT seed="2,1,0,5,4,17" ten="235,252,288,225" oya="2" hai0="37,27,86,106,63,72,109,123,94,134,110,88,0" hai1="5,1,47,93,62,130,83,91,73,89,43,34,16" hai2="128,64,79,40,108,101,32,117,12,61,59,15,96" hai3="121,60,133,30,18,125,19,23,103,113,122,9,76"/><V25/><F117/><W114/><G76/><T24/><D72/><U92/><E130/><V51/><F128/><W132/><G103/><T135/><D0/><U71/><E34/><V112/><F112/><N who="3" m="43115" /><G30/><T11/><D106/><U69/><E1/><V116/><F116/><W44/><G125/><T7/><D37/><U36/><E5/><V52/><F108/><N who="0" m="41578" /><D123/><N who="3" m="47113" /><G60/><T20/><D63/><U74/><E62/><V66/><F79/><W3/><G44/><T48/><D48/><U35/><E35/><V82/><F82/><W26/><G19/><N who="0" m="12319" /><D27/><U67/><E67/><V57/><F40/><W107/><G107/><T126/><D126/><U21/><E71/><V10/><F66/><W102/><G102/><T85/><D85/><U41/><E69/><V56/><F56/><W127/><G127/><T90/><D90/><U99/><E83/><V97/><F101/><W42/><G42/><T100/><D100/><U120/><E41/><V119/><F119/><W105/><G105/><T29/><D29/><U129/><E129/><V80/><F80/><W49/><G49/><T68/><D68/><U70/><E70/><V95/><F95/><W111/><G111/><T28/><D28/><U104/><E104/><V14/><F32/><W13/><G3/><T54/><D54/><U124/><E120/><V6/><F25/><W131/><G131/><T58/><D58/><U55/><E55/><V45/><F59/><W87/><G87/><T53/><D53/><U46/><E46/><V115/><F115/><W8/><G26/><T22/><D22/><U50/><E124/><V81/><F81/><RYUUKYOKU ba="1,0" sc="235,10,252,-30,288,10,225,10" hai0="7,11,86,88,94,134,135" hai2="6,10,12,14,15,45,51,52,57,61,64,96,97" hai3="8,9,13,18,23,132,133" /><INIT seed="2,2,0,3,5,67" ten="245,222,298,235" oya="2" hai0="10,28,129,15,130,72,75,69,80,64,45,23,41" hai1="104,2,118,128,32,110,125,109,34,122,40,24,99" hai2="1,5,56,95,121,53,79,18,44,65,52,58,74" hai3="119,124,66,87,12,68,117,105,8,82,48,35,94"/><V47/><F121/><W107/><G35/><T98/><D98/><U133/><RYUUKYOKU type="yao9" ba="2,0" sc="245,0,222,0,298,0,235,0" hai1="2,24,32,34,40,99,104,109,110,118,122,125,128,133" /><INIT seed="2,3,0,4,5,64" ten="245,222,298,235" oya="2" hai0="4,128,81,117,84,97,6,56,89,93,99,134,28" hai1="21,126,31,20,122,55,113,131,114,46,98,94,88" hai2="35,51,71,12,41,80,96,76,72,54,91,75,32" hai3="49,105,5,22,116,7,30,74,124,68,29,39,106"/><V10/><F75/><W112/><G39/><T109/><D134/><U79/><E122/><V47/><F71/><W135/><G116/><T43/><D109/><U63/><E131/><V70/><F70/><W8/><G68/><T9/><D128/><U111/><E111/><V25/><F25/><W23/><G135/><T121/><D121/><U62/><E126/><V125/><F125/><W52/><G74/><T119/><D28/><U14/><E79/><V59/><F91/><W26/><G124/><T110/><D110/><U42/><E114/><V101/><F96/><W87/><G87/><T3/><D43/><U58/><E113/><V65/><F65/><W60/><G60/><T27/><D27/><U132/><E132/><V11/><F11/><W24/><G112/><T127/><D6/><U15/><E62/><V2/><F2/><W66/><G66/><T67/><D127/><U69/><E69/><V103/><F35/><W86/><G86/><T40/><D40/><U92/><E92/><V13/><F13/><N who="1" m="4617" /><E31/><V129/><F32/><W102/><G8/><T17/><D17/><U120/><E120/><V100/><F129/><W1/><G1/><T95/><D56/><U36/><E36/><V18/><REACH who="2" step="1"/><F103/><REACH who="2" ten="245,222,288,235" step="2"/><W104/><REACH who="3" step="1"/><G102/><REACH who="3" ten="245,222,288,225" step="2"/><T45/><D67/><U123/><E123/><V57/><F57/><AGARI ba="3,2" hai="5,7,22,23,24,26,29,30,49,52,57,104,105,106" machi="57" ten="40,8000,1" yaku="1,1,2,1,9,1,54,1,53,0" doraHai="64" doraHaiUra="133" who="3" fromWho="2" sc="245,0,222,0,288,-89,225,109" /><INIT seed="3,0,0,4,3,14" ten="245,222,199,334" oya="3" hai0="35,54,128,134,6,52,79,98,41,105,99,97,81" hai1="89,86,127,38,69,111,27,29,22,121,76,88,9" hai2="66,20,48,126,123,19,34,16,100,83,92,8,72" hai3="135,26,42,73,44,115,43,33,23,71,94,40,4"/><W119/><G115/><T3/><D35/><U65/><E121/><V95/><F34/><W0/><G73/><T93/><D134/><U49/><E38/><V55/><F123/><W13/><G119/><T102/><D128/><U85/><E111/><V59/><F126/><W5/><G71/><T50/><D41/><U110/><E110/><V63/><F72/><W7/><G0/><T68/><D68/><U87/><E127/><V30/><F83/><W80/><G33/><T47/><D3/><U109/><E109/><V125/><F125/><W17/><G80/><T46/><D6/><U113/><E113/><V61/><F8/><W82/><G82/><T74/><REACH who="0" step="1"/><D93/><REACH who="0" ten="235,222,199,334" step="2"/><N who="2" m="35914" /><F100/><W24/><G94/><T67/><D67/><U117/><E69/><V122/><F122/><W114/><G135/><T1/><D1/><U10/><E65/><V31/><F20/><W77/><G114/><T60/><D60/><N who="2" m="23114" /><F66/><W12/><G23/><T70/><D70/><U56/><E117/><V25/><F25/><W133/><G26/><T124/><D124/><U129/><E129/><V15/><F15/><W90/><G24/><T131/><D131/><U84/><E76/><V2/><F2/><W75/><G77/><T120/><D120/><U32/><E32/><V91/><F91/><W103/><G90/><T101/><D101/><U78/><E78/><V11/><F11/><W96/><G103/><T39/><D39/><U64/><E89/><V53/><F53/><W107/><G13/><T37/><D37/><U51/><E64/><V108/><F108/><W130/><G133/><T36/><D36/><RYUUKYOKU ba="0,1" sc="235,15,222,-15,199,15,334,-15" hai0="46,47,50,52,54,74,79,81,97,98,99,102,105" hai2="16,19,30,31,48,55,59" /><INIT seed="4,1,1,4,0,108" ten="250,207,214,319" oya="0" hai0="97,94,88,89,113,73,98,8,106,39,114,110,109" hai1="23,4,48,132,2,111,126,59,50,66,14,29,74" hai2="34,128,103,96,6,17,116,81,46,24,67,43,1" hai3="11,80,72,62,135,31,53,85,84,9,3,20,13"/><T51/><D39/><U112/><E74/><V16/><F116/><W12/><G3/><T100/><D8/><U40/><E111/><N who="0" m="42505" /><D51/><U19/><E126/><V68/><F128/><W58/><G31/><T91/><D73/><U119/><E119/><V52/><F81/><W27/><G72/><T37/><D37/><U47/><E132/><V70/><F1/><W33/><G33/><T49/><D49/><U121/><E121/><V105/><F6/><W93/><G135/><T63/><D63/><U131/><E131/><V115/><F115/><AGARI ba="1,1" hai="88,89,91,94,97,98,100,106,113,114,115" m="42505" machi="115" ten="30,24000,3" yaku="15,1,10,1,34,2,52,3,54,1" doraHai="108" who="0" fromWho="2" sc="250,253,207,0,214,-243,319,0" owari="503,60.0,207,-19.0,-29,-53.0,319,12.0" /></mjloggm>