<mjloggm ver="2.3"><GO type="169" lobby="0"/><UN n0="%E3%81%88%E3%81%99%E3%81%82%E3%83%BC%E3%82%8B" n1="%6E%65%75%74%72%6F%6E" n2="%E3%81%94%E3%82%93%E3%81%96%E3%81%B6%E3%82%8D%E3%83%BC" n3="%E3%82%A6%E3%83%AB%E3%83%88%E3%83%A9%E7%AB%8B%E7%9B%B4" dan="16,17,16,17" rate="2045.99,2159.55,2100.37,2229.62" sx="M,F,M,M"/><TAIKYOKU oya="0"/><INIT seed="0,0,0,0,5,100" ten="250,250,250,250" oya="0" hai0="26,61,104,69,113,115,111,31,49,2,27,117,122" hai1="66,119,80,71,75,34,99,105,130,63,5,21,118" hai2="102,101,54,95,29,129,68,50,121,18,116,131,53" hai3="93,110,39,47,15,85,9,107,114,20,41,56,32"/><T25/><D122/><U106/><E21/><V14/><F121/><W13/><G32/><T57/><D117/><U77/><E5/><V45/><F68/><W98/><G114/><T103/><D111/><U83/><E83/><V134/><F116/><N who="1" m="44585" /><E99/><V87/><F29/><W65/><G110/><T24/><D2/><U123/><E123/><V42/><F134/><W124/><G124/><T22/><D49/><U1/><E1/><V92/><F129/><W81/><G20/><T36/><D36/><U11/><E11/><V125/><F125/><W52/><G65/><T78/><D78/><U64/><E64/><V108/><F108/><W60/><G9/><T109/><D109/><U23/><E23/><N who="2" m="11735" /><F131/><W59/><G59/><T37/><D37/><U30/><E130/><V72/><F72/><W89/><REACH who="3" step="1"/><G107/><REACH who="3" ten="250,250,250,240" step="2"/><N who="1" m="40970" /><E30/><V90/><F95/><W133/><G133/><T28/><D113/><U67/><E67/><V35/><F35/><AGARI ba="0,1" hai="34,35,63,66,71,75,77,80" m="40970,44585" machi="35" ten="30,7700,0" yaku="23,1,52,3" doraHai="100" who="1" fromWho="2" sc="250,0,250,87,250,-77,240,0" /><INIT seed="1,0,0,2,4,38" ten="250,337,173,240" oya="1" hai0="21,130,3,51,121,131,125,77,112,101,0,27,19" hai1="63,91,4,106,34,117,94,39,67,14,78,52,127" hai2="119,129,20,110,69,57,132,68,46,16,11,96,100" hai3="85,64,59,9,115,82,49,135,1,122,56,36,75"/><U54/><E34/><V17/><F119/><W2/><G36/><T123/><D77/><U24/><E106/><V12/><F110/><W55/><G75/><T99/><D112/><U133/><E39/><V53/><F129/><N who="0" m="49162" /><D51/><U103/><E103/><V22/><F132/><W66/><G122/><N who="0" m="46603" /><D125/><U102/><E102/><V47/><F69/><W42/><G115/><T134/><D134/><U31/><E117/><V81/><F68/><W32/><G135/><T95/><AGARI ba="0,0" hai="0,3,19,21,27,95,99,101" m="46603,49162" machi="95" ten="30,2000,0" yaku="19,1,13,1" doraHai="38" who="0" fromWho="0" sc="250,20,337,-10,173,-5,240,-5" /><INIT seed="2,0,0,3,2,45" ten="270,327,168,235" oya="2" hai0="38,7,102,75,30,85,15,32,59,122,121,114,41" hai1="51,31,61,27,81,68,33,105,116,74,56,8,43" hai2="72,80,44,89,124,16,115,1,46,107,108,12,109" hai3="70,77,21,5,98,112,29,132,93,23,9,88,34"/><V13/><F115/><W36/><G36/><T49/><D75/><U48/><E43/><V97/><F1/><W53/><G112/><T73/><D73/><U84/><E74/><V129/><F129/><W113/><G113/><T125/><D38/><U18/><E116/><V26/><F26/><W135/><G70/><T24/><D114/><U103/><E18/><V10/><F124/><W100/><G77/><T11/><D125/><U19/><E19/><V128/><F128/><W71/><G71/><T4/><D4/><U76/><E8/><V57/><F57/><W47/><G34/><T99/><D85/><U110/><E110/><N who="2" m="42603" /><F13/><W83/><G29/><T22/><D32/><U14/><E14/><V50/><F50/><N who="3" m="28895" /><G9/><T63/><D41/><U118/><E118/><V101/><F89/><W96/><G5/><T28/><D28/><U42/><E42/><V119/><F119/><W60/><G60/><T134/><D49/><U117/><E117/><V58/><F58/><W6/><G6/><T130/><D130/><U95/><E56/><V127/><F127/><W69/><G69/><T2/><D2/><U39/><E39/><V79/><AGARI ba="0,0" hai="10,12,16,44,46,72,79,80,97,101,107" m="42603" machi="79" ten="30,6000,0" yaku="14,1,10,1,54,1" doraHai="45" who="2" fromWho="2" sc="270,-20,327,-20,168,60,235,-20" /><INIT seed="2,1,0,2,0,24" ten="250,307,228,215" oya="2" hai0="43,89,31,76,51,91,14,83,35,23,68,38,97" hai1="79,78,129,126,121,1,20,56,55,118,84,69,34" hai2="88,75,4,131,81,48,108,74,15,40,90,59,63" hai3="103,66,45,54,9,128,95,50,94,58,32,25,7"/><V46/><F131/><W109/><G109/><T87/><D68/><U127/><E34/><V49/><F108/><W92/><G128/><T39/><D35/><U5/><E118/><V30/><F75/><W116/><G116/><T112/><D112/><U133/><E69/><V41/><F74/><W132/><G132/><T102/><D39/><U125/><E129/><V96/><F81/><W2/><G103/><T60/><D60/><U17/><E133/><V124/><F124/><W64/><REACH who="3" step="1"/><G45/><REACH who="3" ten="250,307,228,205" step="2"/><T3/><D102/><U135/><E135/><V53/><F90/><W100/><G100/><T104/><D89/><U67/><E127/><V105/><F88/><W117/><G117/><T106/><D91/><U71/><E126/><V80/><F80/><W52/><G52/><T70/><D83/><U62/><E125/><V113/><F96/><W47/><G47/><T115/><D97/><U73/><E55/><V12/><F113/><W16/><G16/><T26/><D76/><U86/><E17/><V37/><F105/><W11/><G11/><T22/><D106/><U111/><E78/><V99/><F99/><W44/><G44/><T57/><D104/><U134/><E79/><V42/><F42/><W19/><G19/><T130/><D43/><U13/><E111/><V10/><F41/><W114/><G114/><T29/><D115/><U18/><E18/><V107/><F107/><W61/><G61/><T27/><D130/><U101/><E62/><V33/><F63/><W36/><G36/><T72/><D38/><U8/><E134/><V123/><F37/><W82/><G82/><RYUUKYOKU ba="1,1" sc="250,-10,307,-10,228,-10,205,30" hai3="2,7,9,25,32,50,54,58,64,66,92,94,95" /><INIT seed="3,2,1,5,3,97" ten="240,297,218,235" oya="3" hai0="91,53,65,60,112,72,130,120,101,73,76,123,40" hai1="55,14,56,80,69,19,102,58,77,133,62,45,64" hai2="54,8,63,99,71,70,85,2,88,68,118,37,87" hai3="61,33,129,3,23,127,18,42,21,98,106,11,12"/><W121/><G121/><T75/><D112/><U119/><E133/><V4/><F118/><W22/><G33/><T100/><D76/><U128/><E128/><V38/><F87/><W94/><G106/><T90/><D40/><U16/><E119/><V110/><F110/><W122/><G122/><N who="0" m="46635" /><D53/><U132/><E132/><V51/><F99/><W10/><G129/><T95/><D60/><U67/><E19/><V39/><F63/><W105/><G105/><T116/><D65/><U126/><E126/><V109/><F109/><W30/><G127/><T49/><D49/><U0/><E0/><V131/><F131/><W44/><G61/><T92/><D130/><U29/><E29/><V6/><F6/><W9/><G30/><T66/><D66/><U31/><E31/><V114/><F114/><W32/><G3/><T124/><D124/><U52/><E45/><V24/><F24/><W35/><G35/><T117/><D117/><U74/><E69/><V48/><REACH who="2" step="1"/><F54/><REACH who="2" ten="240,297,208,235" step="2"/><W43/><G32/><T78/><D116/><U34/><E67/><V135/><F135/><W93/><G42/><T79/><D78/><U134/><E64/><V83/><AGARI ba="2,2" hai="2,4,8,37,38,39,48,51,68,70,71,83,85,88" machi="83" ten="40,8000,1" yaku="1,1,0,1,54,1,53,1" doraHai="97" doraHaiUra="86" who="2" fromWho="2" sc="240,-22,297,-22,208,106,235,-42" /><INIT seed="4,0,0,5,3,60" ten="218,275,314,193" oya="0" hai0="12,61,50,18,97,83,108,38,124,132,70,130,115" hai1="33,13,22,104,45,93,44,35,46,52,47,30,7" hai2="119,78,64,129,62,42,105,65,94,74,1,118,5" hai3="80,86,96,31,120,15,111,26,89,88,100,48,126"/><T135/><D38/><U69/><E104/><V66/><F105/><W127/><G111/><T40/><D115/><U39/><E69/><V134/><F134/><N who="0" m="51242" /><D130/><U57/><E35/><V123/><F123/><W67/><G120/><T54/><D124/><N who="3" m="47657" /><G48/><T91/><D108/><U37/><E33/><V77/><F129/><W56/><G15/><T106/><D40/><U25/><N who="1" m="11776" /><DORA hai="41" /><U20/><E93/><V117/><F42/><W121/><G89/><T114/><D114/><U9/><REACH who="1" step="1"/><E20/><REACH who="1" ten="218,265,314,193" step="2"/><V36/><F94/><W53/><G121/><T84/><D106/><U101/><E101/><V55/><F36/><W122/><G122/><T10/><D70/><U71/><E71/><V2/><F118/><W125/><G125/><T17/><D97/><U32/><E32/><V116/><F116/><W95/><G100/><T16/><D61/><AGARI ba="0,1" hai="7,9,13,22,25,30,37,39,52,57,61" m="11776" machi="61" ten="50,12000,2" yaku="1,1,52,4,54,1,53,0" doraHai="60,41" doraHaiUra="103,110" who="1" fromWho="0" sc="218,-120,265,130,314,0,193,0" /><INIT seed="5,0,0,5,0,30" ten="98,395,314,193" oya="1" hai0="1,119,19,42,2,37,73,113,7,49,57,127,117" hai1="102,24,18,12,27,35,44,78,0,114,17,22,100" hai2="15,121,16,107,8,25,23,115,54,89,4,95,131" hai3="47,14,70,77,67,111,85,132,97,71,41,5,91"/><U125/><E0/><V118/><F121/><W64/><G111/><T10/><D73/><U13/><E78/><V45/><F118/><W93/><G132/><T20/><D113/><U88/><E114/><V109/><F115/><W124/><G124/><T62/><D127/><U50/><E125/><V123/><F123/><W106/><G71/><T51/><D2/><U26/><E35/><V65/><F107/><W96/><G70/><T122/><D122/><U9/><REACH who="1" step="1"/><E88/><REACH who="1" ten="98,385,314,193" step="2"/><V116/><F116/><W38/><G77/><T56/><D117/><U29/><E29/><V129/><F109/><W52/><G96/><T135/><D119/><U81/><E81/><V110/><F110/><W94/><G97/><T86/><D1/><U55/><AGARI ba="0,1" hai="9,12,13,17,18,22,24,26,27,44,50,55,100,102" machi="55" ten="30,6000,0" yaku="1,1,0,1,8,1,53,0" doraHai="30" doraHaiUra="76" who="1" fromWho="1" sc="98,-20,385,70,314,-20,193,-20" /><INIT seed="5,1,0,1,4,66" ten="78,455,294,173" oya="1" hai0="70,95,29,21,80,132,35,44,118,4,73,128,129" hai1="85,105,82,93,41,15,40,42,54,119,87,11,121" hai2="120,23,60,79,36,122,97,56,94,47,16,133,117" hai3="68,8,38,46,27,114,55,96,92,89,25,34,20"/><U64/><E105/><V106/><F106/><W112/><G34/><T103/><D4/><U115/><E119/><V50/><F36/><W28/><G8/><T18/><D118/><U127/><E121/><V126/><F133/><W59/><G27/><T26/><D132/><U77/><E115/><V76/><F126/><W63/><G68/><T116/><D116/><U81/><E127/><V52/><F120/><W58/><G58/><T57/><D57/><U113/><E113/><V62/><F117/><W61/><G61/><N who="2" m="23657" /><F47/><W65/><G65/><T98/><D44/><U104/><E64/><V101/><F122/><W110/><G110/><T43/><D43/><U130/><E130/><N who="0" m="50281" /><D80/><U109/><E104/><V0/><F0/><W17/><G28/><T134/><D134/><U10/><E109/><V69/><F69/><W31/><G31/><T125/><D73/><U48/><E93/><V6/><F6/><W53/><G53/><T75/><D75/><U131/><E131/><V88/><F101/><W123/><G123/><T111/><D111/><U7/><E11/><V107/><F107/><W84/><G84/><T67/><D125/><U124/><E124/><V39/><F39/><W19/><G17/><T45/><D45/><N who="1" m="25639" /><E54/><V83/><F83/><W2/><G2/><T3/><D3/><U78/><AGARI ba="1,0" hai="7,10,15,41,42,77,78,81,82,85,87" m="25639" machi="78" ten="30,3000,0" yaku="25,1,8,1" doraHai="66" who="1" fromWho="1" sc="78,-11,455,33,294,-11,173,-11" /><INIT seed="5,2,0,1,1,75" ten="67,488,283,162" oya="1" hai0="79,77,42,64,97,124,17,3,34,6,107,74,127" hai1="120,55,2,50,68,40,14,41,84,83,61,102,112" hai2="90,37,7,62,114,18,132,117,121,105,115,109,126" hai3="108,45,85,30,35,96,58,20,57,133,131,135,70"/><U110/><E120/><V44/><F18/><W100/><G35/><T125/><D34/><U36/><E2/><V66/><F7/><W81/><G70/><T93/><D107/><U59/><E102/><V48/><F90/><W129/><G45/><T31/><D31/><U67/><E14/><V89/><F89/><W78/><G108/><T39/><D74/><U98/><E98/><V123/><F105/><W82/><G57/><T10/><D64/><U71/><E110/><V128/><F37/><W99/><G58/><T1/><D1/><U72/><E72/><V95/><F95/><N who="3" m="58399" /><G20/><T88/><D17/><U53/><E84/><V46/><F46/><AGARI ba="2,0" hai="3,6,10,39,42,46,77,79,88,93,97,124,125,127" machi="46" ten="40,8000,1" yaku="18,1,52,2,54,1" doraHai="75" who="0" fromWho="2" sc="67,86,488,0,283,-86,162,0" /><INIT seed="6,0,0,0,2,129" ten="153,488,197,162" oya="2" hai0="20,94,82,8,2,37,97,47,12,40,62,93,133" hai1="31,63,48,52,131,41,60,6,70,114,122,104,86" hai2="51,71,106,10,121,67,126,78,116,15,108,33,54" hai3="21,29,115,87,85,109,39,95,80,53,49,57,19"/><V127/><F116/><W130/><G109/><T22/><D2/><U24/><E6/><V89/><F121/><W110/><G110/><T102/><D133/><U32/><E114/><V38/><F38/><W7/><G39/><T14/><D93/><U0/><E0/><V81/><F106/><W77/><G130/><T4/><D14/><U5/><E5/><V117/><F33/><W96/><G115/><T111/><D111/><U118/><E131/><V26/><F26/><W119/><G7/><T123/><D123/><U72/><E72/><V13/><F67/><W34/><G29/><T11/><D11/><U107/><E118/><V124/><F71/><W61/><G34/><T45/><D62/><U25/><E25/><V28/><F28/><W105/><G105/><T83/><D45/><U44/><E122/><V128/><F128/><W125/><G125/><T101/><D101/><U50/><E86/><N who="2" m="48439" /><F117/><W36/><G36/><T56/><D56/><U30/><E30/><V84/><F10/><W68/><G68/><T100/><D100/><U103/><E70/><V79/><F79/><W18/><G119/><T35/><D35/><U66/><E66/><V90/><F108/><W99/><G61/><T69/><D69/><U23/><E32/><V73/><F13/><N who="3" m="9423" /><G19/><T59/><D59/><N who="1" m="33159" /><E107/><V120/><F120/><W92/><G87/><T9/><D9/><U98/><E104/><V91/><F84/><W3/><G3/><T75/><D75/><U134/><E63/><V16/><F73/><W64/><G64/><T17/><D4/><U46/><E60/><V76/><F126/><RYUUKYOKU ba="0,0" sc="153,15,488,-15,197,-15,162,15" hai0="8,12,17,20,22,37,40,47,82,83,94,97,102" hai3="49,53,57,77,80,85,92,95,96,99" /><INIT seed="7,1,0,2,5,11" ten="168,473,182,177" oya="3" hai0="41,59,129,127,21,71,50,104,88,49,132,123,121" hai1="74,73,99,48,101,124,64,77,51,29,40,82,60" hai2="61,122,8,96,6,79,35,16,63,17,45,120,15" hai3="38,2,86,83,1,115,9,27,44,43,117,65,62"/><W19/><G117/><T36/><D104/><U67/><E124/><V18/><F35/><W131/><G131/><T13/><D71/><U76/><E64/><V56/><F79/><W39/><G39/><T42/><D127/><U26/><E40/><N who="0" m="15465" /><D36/><U130/><E130/><V81/><F81/><W114/><G27/><T22/><D129/><U70/><E76/><V69/><F45/><W93/><G93/><T58/><D132/><U90/><E90/><V80/><F80/><W111/><G111/><T128/><D128/><U91/><E91/><V75/><F75/><W34/><G34/><T32/><D32/><N who="1" m="20535" /><E73/><V98/><F69/><W109/><G109/><T108/><D108/><U102/><E102/><V57/><F122/><W107/><G107/><AGARI ba="1,0" hai="48,51,60,67,70,74,77,82,99,101,107" m="20535" machi="107" ten="30,1000,0" yaku="25,1" doraHai="11" who="1" fromWho="3" sc="168,0,473,13,182,0,177,-13" owari="168,-23.0,486,59.0,182,-2.0,164,-34.0" /></mjloggm>