<mjloggm ver="2.3"><GO type="169" lobby="0"/><UN n0="%E6%BA%9D%E5%86%85%E5%A4%A7%E6%A8%B9" n1="%E3%82%A6%E3%83%AB%E3%83%88%E3%83%A9%E7%AB%8B%E7%9B%B4" n2="%E9%81%8A%E8%B5%B0" n3="%41%6B%61%2D%75%72%61" dan="17,17,17,16" rate="2174.79,2127.84,2208.63,2144.12" sx="M,M,M,F"/><TAIKYOKU oya="0"/><INIT seed="0,0,0,0,0,103" ten="250,250,250,250" oya="0" hai0="15,39,102,63,5,123,7,48,61,29,100,58,133" hai1="94,3,53,64,18,8,57,21,30,76,27,107,34" hai2="127,108,41,126,88,71,12,44,122,78,95,33,49" hai3="51,96,132,72,119,93,22,77,31,20,117,36,69"/><T83/><D123/><U82/><E94/><V121/><F71/><W115/><G36/><T14/><D39/><U101/><E64/><V113/><F113/><W52/><G115/><T124/><D29/><U116/><E116/><V60/><F33/><W90/><G132/><T68/><D68/><U42/><E42/><V80/><F108/><W70/><G70/><T114/><D133/><U105/><E101/><V35/><F35/><W135/><G135/><T120/><D114/><U84/><E8/><V81/><F60/><W106/><G69/><T74/><D120/><U118/><E3/><V46/><F46/><W13/><G77/><T111/><D74/><U2/><E2/><V91/><F80/><W6/><G72/><T92/><D83/><U16/><E118/><V50/><F50/><W47/><G106/><T17/><D48/><U73/><E73/><V19/><F121/><W4/><G117/><T43/><D92/><U79/><E79/><V134/><F134/><W0/><G0/><T129/><D58/><U9/><E9/><N who="2" m="6543" /><F122/><W45/><G45/><T128/><D43/><U62/><REACH who="1" step="1"/><E16/><REACH who="1" ten="250,240,250,250" step="2"/><V59/><F95/><W130/><G119/><T65/><D17/><U89/><E89/><N who="2" m="34379" /><F78/><W109/><G13/><AGARI ba="0,1" hai="13,18,21,27,30,34,53,57,62,76,82,84,105,107" machi="13" ten="30,8000,1" yaku="1,1,7,1,52,2,53,1" doraHai="103" doraHaiUra="55" who="1" fromWho="3" sc="250,0,240,90,250,0,250,-80" /><INIT seed="1,0,0,4,5,5" ten="250,330,250,170" oya="1" hai0="115,127,91,100,20,47,22,38,26,113,73,120,29" hai1="27,119,44,52,59,78,87,33,107,126,131,11,93" hai2="133,17,83,106,103,121,25,89,109,41,99,54,68" hai3="42,102,12,64,94,49,46,66,77,122,116,69,16"/><U92/><E107/><V129/><F121/><W63/><G122/><T2/><D120/><U39/><E119/><V108/><F68/><W4/><G116/><T95/><D73/><U130/><E126/><V58/><F41/><W70/><G77/><T104/><D127/><U65/><E65/><V90/><F133/><W13/><G4/><T8/><D22/><U24/><E39/><V15/><F25/><N who="1" m="9801" /><E44/><V34/><F34/><W76/><G76/><T96/><D47/><U85/><E33/><V135/><F135/><W10/><G12/><T56/><D56/><U134/><E134/><V43/><F43/><W72/><G72/><T14/><D2/><U132/><E132/><V86/><F90/><W30/><G30/><T1/><D38/><U48/><E11/><V9/><REACH who="2" step="1"/><F129/><REACH who="2" ten="250,330,240,170" step="2"/><N who="1" m="49161" /><E78/><V60/><AGARI ba="0,1" hai="9,15,17,54,58,60,83,86,89,99,103,106,108,109" machi="60" ten="30,4000,0" yaku="1,1,0,1,52,1,53,0" doraHai="5" doraHaiUra="35" who="2" fromWho="2" sc="250,-10,330,-20,240,50,170,-10" /><INIT seed="2,0,0,2,2,99" ten="240,310,290,160" oya="2" hai0="62,29,60,81,125,55,16,91,20,3,134,71,122" hai1="63,18,128,50,82,110,6,129,38,113,28,45,8" hai2="90,124,30,26,51,127,98,11,96,41,131,108,75" hai3="32,34,77,33,80,68,56,7,24,65,27,120,132"/><V61/><F75/><W12/><G120/><T116/><D3/><U107/><E113/><V121/><F121/><W13/><G68/><T0/><D0/><U135/><E107/><V52/><F131/><W101/><G132/><T112/><D122/><U102/><E38/><V47/><F108/><W95/><G65/><T87/><D112/><U94/><E28/><V130/><F130/><N who="1" m="50281" /><E63/><V2/><F61/><W5/><G56/><T59/><D134/><U118/><E82/><V58/><F2/><W97/><G12/><T46/><D125/><N who="2" m="48202" /><F11/><W14/><G13/><T85/><D116/><U25/><E135/><V15/><F15/><W76/><G76/><T78/><D29/><U72/><E72/><V17/><F17/><W53/><G53/><T126/><D126/><U22/><E118/><V74/><F74/><W92/><G92/><T1/><D1/><U44/><E110/><V54/><F90/><W39/><G39/><T31/><D31/><U86/><E8/><V100/><F96/><W114/><G114/><T48/><D71/><U49/><E6/><V36/><F54/><W119/><G119/><T117/><D117/><U88/><E49/><V37/><F37/><W103/><G7/><T106/><D62/><U40/><E50/><V23/><F98/><N who="3" m="59615" /><G14/><T83/><D60/><U43/><E43/><V4/><F4/><W57/><G5/><T35/><D55/><U104/><E40/><V66/><F66/><W73/><G57/><T105/><D59/><U79/><E79/><V109/><F109/><W64/><G64/><T10/><D48/><U133/><E133/><RYUUKYOKU ba="0,0" sc="240,-30,310,10,290,10,160,10" hai1="18,22,25,44,45,86,88,94,102,104" hai2="23,26,30,36,41,47,51,52,58,100" hai3="24,27,32,33,34,73,77,80,97,103" /><INIT seed="2,1,0,3,4,33" ten="210,320,300,170" oya="2" hai0="51,134,30,115,38,118,56,55,16,43,0,59,112" hai1="78,101,86,31,135,71,83,47,61,132,48,79,20" hai2="50,125,29,11,88,54,66,127,4,53,35,49,26" hai3="67,39,2,42,9,17,95,81,82,7,80,75,87"/><V60/><F50/><W84/><G67/><T91/><D134/><N who="1" m="51243" /><E101/><V102/><F102/><W76/><G17/><T133/><D133/><U89/><E31/><V114/><F114/><W72/><G95/><T62/><D30/><U14/><E20/><V104/><F104/><W37/><G37/><T19/><D118/><U77/><E14/><V74/><F74/><W44/><G81/><T117/><D117/><U13/><E13/><N who="2" m="5351" /><F49/><W129/><G129/><T18/><D91/><AGARI ba="1,0" hai="2,7,9,39,42,44,72,75,76,80,82,84,87,91" machi="91" ten="30,2000,0" yaku="7,1,52,1" doraHai="33" who="3" fromWho="0" sc="210,-23,320,0,300,0,170,23" /><INIT seed="3,0,0,0,3,48" ten="187,320,300,193" oya="3" hai0="104,80,25,1,94,87,47,86,131,5,99,20,43" hai1="64,126,84,85,56,66,73,40,112,58,76,102,42" hai2="37,14,41,72,10,39,106,77,133,55,15,4,6" hai3="107,38,134,26,16,127,74,125,90,28,13,95,63"/><W53/><G107/><T110/><D104/><U119/><E76/><V120/><F106/><W52/><G38/><T92/><D110/><U124/><E73/><V30/><F133/><W60/><G74/><T75/><D131/><U70/><E70/><V132/><F132/><W22/><G134/><T34/><D34/><U108/><E108/><V69/><F69/><W45/><G45/><T123/><D123/><U12/><E12/><V33/><F120/><W61/><G125/><T79/><D94/><U32/><E32/><V111/><F111/><W98/><REACH who="3" step="1"/><G127/><REACH who="3" ten="187,320,300,183" step="2"/><T46/><D46/><U17/><E126/><V103/><F37/><W114/><G114/><T91/><D47/><U128/><E124/><V18/><F39/><W9/><AGARI ba="0,1" hai="9,13,16,22,26,28,52,53,60,61,63,90,95,98" machi="9" ten="30,18000,2" yaku="1,1,0,1,8,1,52,2,54,2,53,0" doraHai="48" doraHaiUra="68" who="3" fromWho="3" sc="187,-60,320,-60,300,-60,183,190" /><INIT seed="3,1,0,3,3,45" ten="127,260,240,373" oya="3" hai0="126,93,75,13,81,119,6,0,91,74,63,68,44" hai1="19,100,96,132,26,65,129,67,43,110,28,134,20" hai2="105,62,72,121,15,70,50,22,3,30,89,11,34" hai3="2,125,66,48,120,25,92,109,38,56,32,5,108"/><W130/><G38/><T51/><D0/><U46/><E110/><N who="3" m="42602" /><G120/><T16/><D119/><U123/><E129/><V64/><F72/><W42/><G125/><T85/><D6/><U99/><E123/><V115/><F121/><W57/><G130/><T54/><D126/><U10/><E10/><V113/><F105/><W104/><G104/><T77/><D68/><U52/><E19/><N who="2" m="10623" /><F89/><W29/><G5/><T101/><D63/><U90/><E90/><V61/><F61/><N who="3" m="38183" /><G2/><T58/><D101/><U97/><E100/><V23/><F23/><W102/><G102/><T49/><D49/><N who="1" m="28727" /><E43/><V40/><F50/><W17/><G17/><T127/><D127/><U133/><AGARI ba="1,0" hai="20,26,28,65,67,96,97,99,132,133,134" m="28727" machi="133" ten="40,5200,0" yaku="20,1,52,1,54,1" doraHai="45" who="1" fromWho="1" sc="127,-14,260,55,240,-14,373,-27" /><INIT seed="4,0,0,2,2,44" ten="113,315,226,346" oya="0" hai0="70,72,37,14,24,69,56,59,43,12,45,25,49" hai1="34,3,19,112,109,46,107,80,48,124,86,103,65" hai2="82,58,96,81,73,42,122,84,6,66,116,57,115" hai3="10,60,106,64,61,88,23,76,52,126,89,132,8"/><T11/><D72/><U125/><E34/><V75/><F122/><W50/><G106/><T92/><D92/><U63/><E3/><V54/><F115/><W117/><G117/><T26/><D14/><U130/><E109/><V74/><F116/><W55/><G126/><N who="1" m="48746" /><E130/><V15/><F42/><W5/><G76/><T47/><D70/><N who="1" m="42303" /><E19/><V4/><F66/><W91/><G132/><T93/><D93/><U35/><E35/><V127/><F127/><W99/><G55/><T134/><D69/><U41/><E112/><V68/><F68/><W77/><G77/><T101/><D134/><U133/><E133/><V28/><F28/><W110/><G110/><T20/><D101/><U0/><E0/><V85/><F96/><W114/><G99/><T97/><D20/><U111/><E111/><V30/><F30/><W119/><G119/><T113/><D97/><N who="1" m="61935" /><E86/><V83/><F15/><N who="3" m="5519" /><G64/><T39/><D113/><U108/><E108/><V71/><F71/><W128/><G128/><T16/><REACH who="0" step="1"/><D39/><REACH who="0" ten="103,315,226,346" step="2"/><U1/><E1/><V38/><F38/><W22/><G114/><T53/><AGARI ba="0,1" hai="11,12,16,24,25,26,37,43,45,47,49,53,56,59" machi="53" ten="30,12000,1" yaku="1,1,2,1,0,1,52,1,54,1,53,0" doraHai="44" doraHaiUra="104" who="0" fromWho="0" sc="103,130,315,-40,226,-40,346,-40" /><INIT seed="4,1,0,3,1,47" ten="233,275,186,306" oya="0" hai0="73,11,122,30,23,17,118,40,114,51,89,72,56" hai1="32,93,107,3,83,75,46,132,108,77,88,57,70" hai2="79,135,16,104,14,117,25,95,120,91,67,100,18" hai3="80,63,124,101,15,109,128,55,42,1,98,27,131"/><T121/><D118/><U6/><E70/><V105/><F120/><W125/><G1/><T52/><D114/><U62/><E32/><V115/><F117/><W19/><G42/><T116/><D116/><U5/><E108/><V74/><F115/><W60/><G80/><T81/><D73/><U24/><E3/><V68/><F135/><W87/><G87/><T66/><D30/><U127/><E127/><N who="3" m="48714" /><G27/><T58/><D11/><U34/><E107/><V59/><F68/><W126/><G109/><T85/><D40/><U82/><E82/><V106/><F100/><W99/><G126/><T94/><D66/><U9/><E9/><V90/><F74/><W39/><G39/><T35/><D58/><U134/><E46/><V45/><F79/><W12/><G12/><T54/><D54/><N who="1" m="34103" /><E24/><V76/><F76/><W119/><G119/><T22/><D35/><U92/><E92/><V48/><F25/><W8/><G98/><T4/><D4/><U84/><E34/><V49/><F18/><W69/><G55/><T110/><D110/><U112/><E112/><V0/><F0/><W20/><G8/><T28/><D28/><U26/><E26/><V129/><F129/><N who="3" m="49739" /><G69/><T50/><D122/><U43/><E43/><N who="2" m="24639" /><F95/><AGARI ba="1,0" hai="15,19,20,60,63,95,99,101" m="49739,48714" machi="95" ten="30,2000,0" yaku="18,1,19,1" doraHai="47" who="3" fromWho="2" sc="233,0,275,0,186,-23,306,23" /><INIT seed="5,0,0,1,3,107" ten="233,275,163,329" oya="1" hai0="117,50,47,9,32,44,37,132,5,43,89,101,104" hai1="48,78,80,92,58,20,71,53,34,41,94,3,39" hai2="72,135,134,73,55,128,108,19,66,27,112,102,91" hai3="99,110,11,4,124,116,95,105,60,76,24,62,64"/><U22/><E34/><V56/><F108/><W30/><G110/><T100/><D117/><U75/><E3/><V87/><F66/><W119/><G124/><T26/><D132/><N who="2" m="50730" /><F102/><W31/><G76/><T25/><D89/><U118/><E118/><N who="3" m="45098" /><G105/><T122/><D122/><U81/><E71/><V68/><F68/><N who="3" m="41991" /><G24/><T36/><D36/><U123/><E123/><V38/><F38/><W54/><G62/><T84/><D84/><U29/><E81/><N who="2" m="49647" /><F128/><W115/><G54/><T59/><D104/><U69/><E69/><V13/><F27/><W52/><G52/><T106/><D106/><U35/><E35/><V130/><F130/><W46/><G46/><T6/><D32/><U109/><E109/><V7/><F112/><W23/><G23/><T90/><D26/><U70/><E70/><V96/><F96/><W10/><G115/><T86/><D25/><U2/><E20/><N who="2" m="11375" /><F7/><W42/><G10/><T63/><D9/><U127/><E127/><V0/><F0/><N who="3" m="391" /><G42/><N who="0" m="24951" /><D6/><U1/><E2/><V21/><F21/><W67/><G67/><N who="0" m="39423" /><D5/><U33/><E1/><V114/><F114/><W82/><G82/><T93/><D37/><U16/><E33/><V121/><F121/><W57/><G57/><T83/><D83/><U45/><E29/><V51/><AGARI ba="0,0" hai="51,55,56,72,73" m="11375,49647,50730" machi="51" ten="30,4000,0" yaku="20,1,52,2" doraHai="107" who="2" fromWho="2" sc="233,-10,275,-20,163,40,329,-10" /><INIT seed="6,0,0,1,1,60" ten="223,255,203,319" oya="2" hai0="11,17,75,127,50,49,23,10,86,85,26,21,37" hai1="46,35,52,73,7,131,51,112,66,33,15,104,47" hai2="74,20,109,121,106,54,70,13,22,133,105,98,124" hai3="100,79,69,59,43,53,18,45,82,40,77,12,27"/><V87/><F121/><W81/><G69/><T84/><D75/><U123/><E73/><V34/><F74/><W1/><G1/><T8/><D37/><U122/><E104/><V115/><F34/><W102/><G27/><T88/><D127/><U99/><E99/><V125/><F115/><W107/><G107/><N who="2" m="40969" /><F70/><W2/><G2/><T6/><D6/><U130/><E112/><V83/><F133/><W92/><G81/><T72/><D72/><U116/><E116/><V64/><F64/><W90/><G82/><T111/><D88/><U91/><E91/><N who="2" m="51711" /><F98/><N who="3" m="57623" /><G79/><T24/><REACH who="0" step="1"/><D111/><REACH who="0" ten="213,255,203,319" step="2"/><U129/><E123/><V95/><F109/><W19/><G77/><T120/><D120/><U117/><E122/><V30/><F95/><W113/><G113/><T48/><D48/><U135/><E129/><V65/><F125/><W57/><G100/><T96/><D96/><U126/><E130/><V28/><F124/><W62/><G102/><T134/><D134/><U119/><E135/><V76/><F76/><W44/><G43/><T58/><D58/><U80/><E131/><V3/><F3/><W63/><G40/><T56/><D56/><U110/><E110/><V114/><F114/><W101/><G101/><T14/><D14/><U108/><E108/><V67/><F13/><W93/><G93/><T42/><D42/><U31/><E126/><V103/><F103/><W16/><G12/><T118/><D118/><U5/><E15/><V78/><F78/><W97/><G97/><T25/><D25/><U55/><E119/><V61/><F61/><N who="3" m="36015" /><G59/><T9/><N who="0" m="2048" /><DORA hai="68" /><T41/><D41/><RYUUKYOKU ba="0,1" sc="213,15,255,-15,203,-15,319,15" hai0="17,21,23,24,26,49,50,84,85,86" hai3="16,18,19,44,45,62,63" /><INIT seed="7,1,1,0,4,93" ten="228,240,188,334" oya="3" hai0="118,90,105,33,129,123,24,125,133,122,131,68,2" hai1="95,50,96,35,31,43,16,69,26,89,66,67,45" hai2="81,64,108,84,117,102,49,37,57,3,114,70,72" hai3="34,39,11,77,113,42,27,83,20,60,40,29,52"/><W63/><G113/><T56/><D68/><U54/><E69/><V7/><F108/><W120/><G120/><N who="0" m="46123" /><D2/><U61/><E16/><V110/><F117/><W4/><G34/><T13/><D105/><U15/><E15/><V23/><F110/><W107/><G107/><T22/><D118/><U87/><E61/><V78/><F114/><W128/><G128/><N who="0" m="49227" /><D125/><U41/><REACH who="1" step="1"/><E87/><REACH who="1" ten="228,230,188,334" step="2"/><V74/><F70/><W1/><G63/><T76/><D13/><U112/><E112/><V5/><F37/><W12/><G39/><T17/><D17/><U21/><E21/><V104/><F23/><W134/><G1/><T9/><D22/><U71/><E71/><V135/><F135/><W30/><G134/><T46/><D133/><U91/><E91/><V28/><F28/><W14/><G14/><T85/><D90/><U59/><E59/><V124/><F124/><W47/><G30/><T109/><D56/><U19/><E19/><V132/><F132/><W44/><G60/><T80/><D85/><U106/><E106/><V111/><F111/><W48/><G47/><T51/><D46/><U65/><AGARI ba="1,2" hai="26,31,35,41,43,45,50,54,65,66,67,89,95,96" machi="65" ten="30,4000,0" yaku="1,1,0,1,52,1,53,0" doraHai="93" doraHaiUra="55" who="1" fromWho="1" sc="228,-11,230,63,188,-11,334,-21" owari="217,-18.0,293,9.0,177,-32.0,313,41.0" /></mjloggm>