<mjloggm ver="2.3"><GO type="169" lobby="0"/><UN n0="%E3%81%8D%E3%81%97%E3%82%8A%E3%81%A3%E3%81%97%E3%82%85" n1="%E5%B0%B1%E6%B4%BB%E7%94%9F%40%E5%B7%9D%E6%9D%91%E8%BB%8D%E5%9B%A3" n2="%E3%80%93%E9%B3%A9%E9%BA%A6%E7%8E%84%E7%B1%B3%E3%80%93" n3="%E3%81%99%E3%81%97%E3%82%93" dan="16,16,16,16" rate="2103.06,2043.23,2096.76,2006.63" sx="F,M,M,M"/><TAIKYOKU oya="0"/><INIT seed="0,0,0,0,4,39" ten="250,250,250,250" oya="0" hai0="0,118,5,72,97,55,1,85,17,16,57,130,30" hai1="53,114,11,20,4,110,7,105,73,90,111,37,117" hai2="95,66,44,36,12,119,94,23,129,99,68,32,48" hai3="28,83,98,101,15,67,80,45,50,96,121,100,51"/><T35/><D72/><U56/><E37/><V29/><F36/><W113/><G113/><T77/><D118/><U2/><E117/><V108/><F119/><W107/><G121/><T120/><D120/><U22/><E114/><V104/><F104/><W42/><G67/><T125/><D130/><U92/><E105/><V18/><F108/><W49/><G28/><T47/><D47/><U13/><E73/><V135/><F135/><W112/><G112/><T14/><D125/><U54/><E54/><V84/><F66/><W89/><G15/><T122/><D122/><U8/><E110/><V109/><F68/><W40/><G89/><T115/><D5/><U93/><E93/><V3/><F3/><W78/><G45/><T102/><D17/><U116/><E111/><V34/><F29/><W131/><G131/><T27/><D85/><U134/><E134/><V86/><F129/><W31/><G31/><T65/><D77/><U133/><E133/><V76/><F86/><W74/><REACH who="3" step="1"/><G83/><REACH who="3" ten="250,250,250,240" step="2"/><T128/><D65/><U33/><E116/><V70/><F109/><W24/><G24/><T41/><D115/><U88/><E33/><V123/><F123/><W26/><G26/><T126/><D128/><U124/><E90/><N who="2" m="53575" /><F34/><W63/><G63/><N who="0" m="36287" /><D126/><U103/><E124/><V87/><F32/><W79/><G79/><T6/><D0/><U10/><E103/><N who="2" m="60927" /><F76/><W46/><G46/><T38/><D1/><U75/><E75/><V58/><F44/><W69/><G69/><T9/><D102/><U19/><E2/><V82/><F70/><W62/><G62/><T71/><D71/><RYUUKYOKU ba="0,1" sc="250,-10,250,-10,250,-10,240,30" hai3="40,42,49,50,51,74,78,80,96,98,100,101,107" /><INIT seed="1,1,1,4,1,107" ten="240,240,240,270" oya="1" hai0="15,60,43,121,39,91,125,74,106,66,48,33,73" hai1="45,116,28,100,57,30,77,64,103,132,131,69,87" hai2="75,6,35,49,90,50,36,71,135,21,19,80,122" hai3="111,120,31,134,41,101,8,85,114,59,18,58,68"/><U115/><E116/><V124/><F35/><W98/><G68/><T112/><D112/><U16/><E69/><V72/><F122/><W14/><G114/><T12/><D39/><U0/><E0/><V86/><F36/><W94/><G120/><T20/><D33/><U52/><E115/><V126/><F6/><W23/><G111/><T104/><D106/><U61/><E132/><V46/><F71/><W44/><G134/><T117/><D104/><U37/><E131/><V3/><F3/><W62/><G85/><T81/><D117/><U38/><E38/><V76/><F135/><W65/><G59/><T82/><D60/><U127/><E127/><N who="2" m="48683" /><F76/><W9/><REACH who="3" step="1"/><G31/><REACH who="3" ten="240,240,240,260" step="2"/><T7/><D121/><U25/><E30/><V55/><F49/><AGARI ba="1,2" hai="8,9,14,18,23,41,44,49,58,62,65,94,98,101" machi="49" ten="30,7700,0" yaku="1,1,2,1,7,1,8,1,53,0" doraHai="107" doraHaiUra="27" who="3" fromWho="2" sc="240,0,240,0,240,-80,260,100" /><INIT seed="2,0,0,5,3,12" ten="240,240,160,360" oya="2" hai0="0,21,35,128,102,51,108,7,98,61,36,37,130" hai1="104,106,107,27,57,124,49,26,50,25,84,78,125" hai2="91,111,40,93,135,65,67,16,72,66,88,3,17" hai3="109,131,85,119,6,4,23,2,64,54,38,97,96"/><V74/><F3/><W82/><G109/><T45/><D35/><U42/><E57/><V60/><F111/><W39/><G119/><T31/><D108/><U114/><E42/><V41/><F60/><W44/><G64/><T117/><D117/><U47/><E47/><V132/><F67/><W48/><G131/><T29/><D61/><U110/><E110/><V123/><REACH who="2" step="1"/><F93/><REACH who="2" ten="240,240,150,360" step="2"/><W62/><G62/><T9/><D130/><U79/><E114/><V33/><F33/><W129/><G2/><T95/><D128/><U58/><E58/><V121/><AGARI ba="0,1" hai="16,17,40,41,65,66,72,74,88,91,121,123,132,135" machi="121" ten="25,24000,3" yaku="1,1,0,1,22,2,52,2,54,2,53,0" doraHai="12" doraHaiUra="90" who="2" fromWho="2" sc="240,-80,240,-80,150,250,360,-80" /><INIT seed="2,1,0,2,2,19" ten="160,160,400,280" oya="2" hai0="114,70,79,125,86,42,135,116,16,68,13,102,87" hai1="7,123,57,122,74,92,72,11,38,48,52,93,130" hai2="100,15,75,43,10,28,120,45,2,104,112,12,73" hai3="109,128,9,46,37,47,40,50,8,98,56,76,111"/><V132/><F112/><W119/><G119/><T134/><D114/><U22/><E38/><V127/><F120/><N who="1" m="46121" /><E130/><V32/><F2/><W25/><G128/><T49/><D125/><U96/><E22/><V66/><F66/><W26/><G56/><T55/><D102/><N who="1" m="60679" /><E93/><V44/><F127/><W65/><G65/><T59/><D42/><U27/><E27/><N who="3" m="10250" /><G98/><T105/><D105/><U110/><E110/><N who="3" m="41994" /><G76/><T64/><D64/><U81/><E81/><V54/><F104/><W85/><G85/><N who="0" m="32267" /><D116/><U95/><E95/><V107/><F107/><W30/><G30/><T20/><D79/><U4/><E4/><V36/><F28/><W21/><G21/><T97/><D97/><U113/><E113/><V23/><F23/><W71/><G71/><T89/><D89/><U82/><E82/><V118/><F118/><W126/><G126/><T41/><D41/><AGARI ba="1,0" hai="8,9,37,40,41,46,47,50" m="41994,10250" machi="41" ten="30,1000,0" yaku="14,1" doraHai="19" who="3" fromWho="0" sc="160,-13,160,0,400,0,280,13" /><INIT seed="3,0,0,2,2,44" ten="147,160,400,293" oya="3" hai0="116,84,68,54,134,21,43,63,26,69,35,72,18" hai1="128,122,17,112,24,103,88,22,65,111,124,52,15" hai2="49,48,87,59,102,96,61,83,45,41,86,109,60" hai3="7,106,10,95,66,126,0,132,42,27,14,53,123"/><W99/><G123/><T118/><D72/><U38/><E38/><V19/><F109/><W37/><G106/><T130/><D43/><U121/><E111/><V76/><F87/><W36/><G42/><T108/><D108/><U23/><E112/><V13/><F59/><W39/><G132/><T64/><D35/><U135/><E103/><V117/><F49/><W20/><G126/><T74/><D74/><U79/><E65/><V80/><F80/><W2/><G66/><T28/><D130/><U50/><E79/><V77/><F77/><W47/><G47/><T32/><D134/><U78/><E78/><V57/><F57/><W3/><G53/><T101/><D69/><U46/><E135/><V75/><F75/><W9/><G9/><T1/><D1/><U114/><E114/><V93/><F117/><W85/><G85/><T8/><D8/><AGARI ba="0,0" hai="8,13,19,41,45,48,60,61,76,83,86,93,96,102" machi="8" ten="30,3900,0" yaku="7,1,8,1,52,1" doraHai="44" who="2" fromWho="0" sc="147,-39,160,0,400,39,293,0" /><INIT seed="4,0,0,0,3,81" ten="108,160,439,293" oya="0" hai0="63,11,25,39,20,29,121,4,28,80,0,127,5" hai1="112,38,23,58,47,75,31,51,101,19,84,64,97" hai2="95,21,116,88,32,90,30,79,12,73,54,57,61" hai3="115,44,72,111,82,66,1,65,3,89,15,119,113"/><T76/><D121/><U17/><E75/><V69/><F116/><W86/><G111/><T9/><D127/><U122/><E122/><V10/><F32/><W114/><G119/><T34/><D39/><U118/><E118/><V43/><F69/><W59/><G44/><T134/><D134/><U120/><E120/><V135/><F135/><W14/><G72/><T36/><D36/><U74/><E74/><V130/><F130/><W37/><G37/><T78/><D63/><U56/><E112/><V18/><F43/><W52/><G3/><N who="0" m="159" /><D78/><U46/><E38/><V102/><F79/><W16/><G1/><N who="0" m="431" /><D80/><U33/><E33/><V83/><F83/><W105/><G105/><T125/><D76/><U6/><E6/><V93/><F73/><W24/><G24/><N who="0" m="18727" /><D125/><U100/><E64/><V53/><F53/><W106/><G106/><T110/><D110/><U22/><E97/><N who="2" m="59711" /><F93/><W108/><G108/><T35/><D0/><U77/><E77/><V48/><F61/><N who="3" m="36071" /><G66/><T2/><D2/><U124/><E124/><V103/><F103/><W99/><G65/><T129/><D129/><U131/><E131/><V117/><F117/><W91/><G91/><T109/><D109/><U123/><E123/><V107/><F107/><W70/><G99/><T26/><D26/><AGARI ba="0,0" hai="10,12,18,21,26,30,48,54,57,88,90" m="59711" machi="26" ten="30,2000,0" yaku="8,1,54,1" doraHai="81" who="2" fromWho="0" sc="108,-20,160,0,439,20,293,0" /><INIT seed="5,0,0,4,3,96" ten="88,160,459,293" oya="1" hai0="115,1,38,72,25,45,50,26,21,122,89,5,39" hai1="85,125,90,78,98,110,88,33,15,13,75,99,81" hai2="31,0,65,40,128,47,48,3,130,100,116,118,83" hai3="2,86,56,109,74,112,121,54,20,43,35,55,8"/><U113/><E33/><V64/><F100/><W16/><G109/><T14/><D115/><U42/><E110/><V12/><F83/><W11/><G74/><T87/><D122/><U23/><E113/><V94/><F94/><W117/><G35/><T103/><D72/><U133/><E42/><V51/><F31/><W68/><G68/><T36/><D1/><N who="2" m="586" /><F12/><N who="1" m="4681" /><E133/><V71/><F51/><W129/><G129/><N who="2" m="49769" /><F71/><W107/><G107/><T127/><D127/><U104/><E125/><V69/><F69/><W131/><G131/><T108/><D108/><U22/><E104/><V30/><F30/><W66/><G2/><T9/><D103/><U60/><E75/><V106/><F106/><W62/><G117/><AGARI ba="0,0" hai="40,47,48,64,65,116,117,118" m="49769,586" machi="117" ten="40,1300,0" yaku="19,1" doraHai="96" who="2" fromWho="3" sc="88,0,160,0,459,13,293,-13" /><INIT seed="6,0,0,4,1,30" ten="88,160,472,280" oya="2" hai0="126,60,122,104,133,23,6,9,31,44,87,36,97" hai1="90,63,39,79,89,43,40,86,49,15,113,85,98" hai2="129,50,69,84,42,73,108,22,103,109,110,96,62" hai3="92,13,67,11,12,33,18,82,57,48,52,38,120"/><V27/><F73/><W65/><G38/><T112/><D122/><U131/><E39/><V19/><F129/><W118/><G118/><T81/><D112/><U29/><E131/><V106/><F84/><W61/><G82/><T124/><D133/><U34/><E113/><V78/><F78/><W46/><G33/><T94/><D104/><U0/><E0/><V8/><F8/><W74/><G74/><T28/><D60/><U4/><E79/><V114/><F114/><W132/><G132/><T56/><D56/><U3/><E3/><V93/><F106/><W37/><G37/><T2/><D87/><U35/><E98/><V68/><F62/><W72/><G72/><T21/><D81/><U134/><E63/><V10/><F10/><N who="3" m="6455" /><G92/><T91/><D23/><U41/><E29/><V111/><F111/><W14/><G14/><T5/><D5/><U123/><E123/><V115/><F115/><W20/><G20/><T16/><D126/><U95/><E134/><V135/><F135/><W17/><G120/><T105/><D105/><U7/><E49/><V80/><F80/><W130/><G130/><T26/><REACH who="0" step="1"/><D124/><REACH who="0" ten="78,160,472,280" step="2"/><U51/><E7/><V101/><F69/><W1/><G67/><T58/><D58/><U77/><E77/><V25/><F68/><W64/><G64/><T53/><D53/><U70/><E70/><V75/><F75/><W116/><G65/><T125/><D125/><U99/><E4/><V128/><F22/><W47/><G61/><T127/><D127/><U71/><E71/><V88/><F128/><W54/><G54/><T119/><D119/><RYUUKYOKU ba="0,1" sc="78,30,160,-10,472,-10,280,-10" hai0="2,6,9,16,21,26,28,31,36,44,91,94,97" /><INIT seed="7,1,1,2,5,115" ten="108,150,462,270" oya="3" hai0="71,97,68,39,85,73,113,14,7,100,94,107,112" hai1="79,96,15,70,8,89,62,48,45,130,80,122,63" hai2="53,20,61,76,21,36,117,50,13,134,87,12,33" hai3="38,72,131,57,35,37,51,52,135,56,31,106,11"/><W104/><G72/><T102/><D39/><U18/><E122/><V10/><F36/><W32/><G131/><T34/><D34/><U44/><E130/><V43/><F33/><W125/><G31/><T69/><D7/><U4/><E70/><N who="0" m="17921" /><T66/><DORA hai="110" /><D66/><U59/><E45/><V126/><F13/><W30/><G30/><T121/><D14/><U111/><E111/><V119/><F126/><W88/><G125/><T101/><D121/><U127/><E127/><V116/><F134/><W64/><G64/><T98/><D73/><U22/><E79/><V29/><F61/><W86/><G38/><T95/><D107/><U1/><E59/><V103/><F103/><W46/><G37/><T78/><D78/><U3/><E3/><V108/><F108/><W9/><G106/><T120/><D120/><U65/><E65/><V23/><F29/><W5/><G104/><T25/><D25/><N who="1" m="14551" /><E1/><V24/><F24/><W105/><G105/><T75/><D75/><U42/><E80/><V67/><F67/><W109/><G109/><T26/><D26/><U84/><E84/><V16/><F43/><W0/><G35/><T47/><D47/><U92/><AGARI ba="1,1" hai="4,8,15,42,44,48,62,63,89,92,96" m="14551" machi="92" ten="30,1100,0" yaku="8,1" doraHai="115,110" who="1" fromWho="1" sc="108,-4,150,24,462,-4,270,-6" owari="104,-40.0,174,-23.0,458,57.0,264,6.0" /></mjloggm>