<mjloggm ver="2.3"><GO type="41" lobby="0"/><UN n0="%E3%81%AE%E3%81%B9%E3%81%9F%E3%82%93%E3%81%9F%E3%82%93" n1="%E3%83%A8%E3%82%B7%E3%83%84%E3%83%8D" n2="%E5%B0%B1%E6%B4%BB%E7%94%9F%40%E5%B7%9D%E6%9D%91%E8%BB%8D%E5%9B%A3" n3="%E3%81%BC%E3%81%8F%E5%B0%86" dan="15,14,15,13" rate="2000.29,1988.82,2036.72,1862.04" sx="F,M,M,M"/><TAIKYOKU oya="0"/><INIT seed="0,0,0,2,5,52" ten="250,250,250,250" oya="0" hai0="33,126,20,108,129,97,78,9,132,87,55,65,6" hai1="17,73,100,115,107,50,135,54,57,109,18,5,44" hai2="117,80,60,106,105,95,0,64,86,21,56,26,45" hai3="99,40,1,81,119,53,82,93,27,4,2,28,116"/><T15/><D33/><U71/><E73/><V10/><F117/><W8/><G1/><T47/><D126/><U125/><E125/><V67/><F67/><W51/><G40/><T111/><D129/><U133/><E109/><N who="0" m="42057" /><D132/><N who="1" m="50763" /><E5/><V92/><F106/><W98/><G98/><T94/><D65/><U14/><E71/><V84/><F105/><W34/><G119/><T88/><D20/><N who="1" m="11319" /><E18/><V36/><F84/><W62/><G62/><T90/><D78/><U130/><E130/><V102/><F102/><W23/><G34/><T48/><D87/><U112/><E44/><V59/><F10/><W38/><G38/><T13/><D13/><U96/><AGARI ba="0,0" hai="50,54,57,96,100,107,112,115" m="11319,50763" machi="96" ten="30,2000,0" yaku="20,1,52,1" doraHai="52" who="1" fromWho="1" sc="250,-10,250,20,250,-5,250,-5" /><INIT seed="1,0,0,2,2,94" ten="240,270,245,245" oya="1" hai0="56,79,90,29,125,75,39,82,133,43,70,54,59" hai1="38,8,78,5,120,64,60,30,124,135,23,1,114" hai2="14,66,47,108,127,20,53,58,62,109,119,76,24" hai3="81,19,91,71,105,121,65,103,128,10,49,96,86"/><U0/><E120/><V18/><F119/><W83/><G121/><T25/><D70/><U77/><E114/><V28/><F127/><W100/><G128/><T116/><D116/><U74/><E124/><V93/><F76/><W15/><G100/><T126/><D125/><U26/><E135/><V7/><F7/><W123/><G123/><T87/><D126/><U50/><E0/><V46/><F93/><W16/><G19/><T107/><D107/><U95/><E95/><V115/><F115/><W92/><REACH who="3" step="1"/><G49/><REACH who="3" ten="240,270,245,235" step="2"/><T35/><D133/><U33/><E50/><V48/><REACH who="2" step="1"/><F46/><REACH who="2" ten="240,270,235,235" step="2"/><W37/><G37/><T112/><D39/><U17/><E38/><V55/><F55/><W106/><G106/><T72/><D54/><U73/><E77/><V84/><F84/><W111/><G111/><T102/><D87/><U117/><E78/><V88/><F88/><W45/><G45/><T57/><D90/><U51/><E117/><V36/><F36/><W131/><G131/><T98/><D79/><U41/><E51/><V61/><F61/><AGARI ba="0,2" hai="10,15,16,61,65,71,81,83,86,91,92,96,103,105" machi="61" ten="40,5200,0" yaku="1,1,52,1,54,1,53,0" doraHai="94" doraHaiUra="129" who="3" fromWho="2" sc="240,0,270,0,235,-52,235,72" /><INIT seed="2,0,0,2,5,116" ten="240,270,183,307" oya="2" hai0="113,37,105,123,45,78,132,48,121,90,134,131,75" hai1="36,115,46,111,25,89,64,32,24,17,124,109,50" hai2="27,58,31,72,92,91,79,52,120,117,13,129,28" hai3="94,68,14,10,106,95,56,33,99,93,2,59,12"/><V26/><F117/><W65/><G33/><T127/><D113/><U61/><E115/><V73/><F129/><W15/><G2/><T82/><D37/><U98/><E36/><V41/><F41/><W100/><G68/><T86/><D105/><U62/><E32/><V0/><F0/><W96/><G65/><T88/><D131/><U80/><E124/><V69/><F69/><W8/><REACH who="3" step="1"/><G99/><REACH who="3" ten="240,270,183,297" step="2"/><T112/><D112/><U67/><E64/><V5/><F120/><N who="0" m="46154" /><D127/><U107/><E67/><V16/><F5/><W3/><G3/><T83/><D48/><U44/><E50/><N who="2" m="30999" /><F72/><W126/><G126/><T103/><D103/><U9/><E98/><N who="2" m="57631" /><F79/><W20/><G20/><T119/><D119/><U114/><E114/><V21/><F73/><W40/><G40/><T70/><D70/><U104/><E107/><V71/><F71/><W29/><G29/><AGARI ba="0,1" hai="13,16,21,26,27,28,29,31" m="57631,30999" machi="29" ten="30,5800,0" yaku="8,1,54,2" doraHai="116" who="2" fromWho="3" sc="240,0,270,0,183,68,297,-58" /><INIT seed="2,1,0,0,4,87" ten="240,270,251,239" oya="2" hai0="10,70,102,36,39,12,9,29,41,27,1,50,85" hai1="86,84,78,11,94,120,51,91,130,75,127,108,54" hai2="20,67,76,118,112,90,109,44,15,3,32,124,71" hai3="52,6,13,92,49,25,83,81,93,111,34,82,106"/><V14/><F3/><W43/><G106/><T56/><D70/><U114/><E114/><V62/><F32/><W98/><G111/><T28/><D1/><U105/><E108/><V121/><F118/><W134/><G134/><T37/><D102/><U16/><E105/><V69/><F109/><W61/><G34/><T45/><D28/><U5/><E130/><V99/><F71/><W104/><G104/><T66/><D85/><U125/><E120/><V38/><F121/><W21/><G98/><T80/><D80/><U107/><E107/><V65/><F65/><W132/><G132/><T18/><D10/><U35/><E35/><V89/><F112/><W74/><G74/><T101/><D101/><U110/><E110/><V31/><F124/><N who="1" m="47689" /><E75/><V55/><F76/><W131/><G131/><T79/><D79/><U115/><E115/><V48/><F38/><W8/><G43/><T88/><D66/><U30/><E30/><V33/><F33/><W64/><G64/><T113/><D113/><U58/><E84/><V7/><F99/><W77/><G61/><T0/><D0/><U60/><E5/><V95/><F95/><W103/><G103/><T63/><D29/><U135/><E135/><V17/><REACH who="2" step="1"/><F31/><REACH who="2" ten="240,270,241,239" step="2"/><N who="3" m="17839" /><G77/><T2/><D2/><U53/><E78/><V47/><F47/><AGARI ba="1,1" hai="6,8,13,47,49,52,81,82,83,92,93" m="17839" machi="47" ten="30,2000,0" yaku="8,1,54,1" doraHai="87" who="3" fromWho="2" sc="240,0,270,0,241,-23,239,33" /><INIT seed="3,0,0,0,4,122" ten="240,270,218,272" oya="3" hai0="76,24,22,79,55,28,123,95,100,48,35,64,87" hai1="60,105,20,45,25,39,42,53,77,50,74,99,81" hai2="117,12,80,70,127,59,119,37,83,108,97,114,96" hai3="112,11,34,43,113,58,82,88,56,30,23,6,68"/><W133/><G68/><T104/><D104/><U36/><E105/><V18/><F70/><W5/><G34/><T71/><D123/><U84/><E99/><V78/><F37/><W47/><G133/><T46/><D35/><U61/><E74/><V38/><F38/><W8/><G30/><T67/><D71/><U89/><E77/><N who="0" m="29769" /><D87/><U93/><E81/><V27/><F114/><W66/><G23/><T10/><D10/><U91/><E91/><V54/><F127/><W40/><G66/><T128/><D128/><U32/><E32/><V111/><F27/><W85/><G82/><N who="2" m="31273" /><F78/><W130/><G85/><T63/><D63/><U121/><E121/><V92/><F92/><W15/><G130/><T135/><D135/><U62/><E36/><V106/><F106/><W14/><G47/><T72/><D72/><U109/><E39/><V44/><F44/><W17/><G17/><T65/><D95/><U134/><E134/><V118/><F18/><W33/><G33/><T7/><D7/><U102/><E102/><AGARI ba="0,0" hai="22,24,28,46,48,55,64,65,67,100,102" m="29769" machi="102" ten="30,1000,0" yaku="8,1" doraHai="122" who="0" fromWho="1" sc="240,10,270,-10,218,0,272,0" /><INIT seed="4,0,0,3,4,99" ten="250,260,218,272" oya="0" hai0="101,134,7,76,107,21,79,22,96,69,10,38,61" hai1="121,11,105,48,30,0,47,23,52,34,51,103,86" hai2="13,113,111,56,45,77,19,110,46,4,57,24,74" hai3="80,106,112,40,115,124,1,85,18,129,20,27,109"/><T39/><D134/><U89/><E121/><V100/><F113/><W102/><G1/><T9/><D22/><U42/><E34/><V97/><F4/><W108/><G40/><T133/><D133/><U117/><E117/><V41/><F77/><W78/><G124/><T118/><D118/><U131/><E131/><V94/><F74/><W53/><G53/><T63/><D21/><U2/><E11/><V71/><F71/><W35/><G129/><T8/><D7/><U70/><E70/><V114/><F24/><W75/><G85/><T65/><REACH who="0" step="1"/><D63/><REACH who="0" ten="240,260,218,272" step="2"/><U88/><E23/><V64/><F114/><N who="3" m="43563" /><G35/><T132/><D132/><U26/><E0/><V12/><F111/><W37/><G109/><T50/><D50/><U6/><E6/><V33/><F110/><W60/><G108/><T83/><D83/><U130/><E2/><V119/><F33/><W36/><G60/><T59/><D59/><U104/><E130/><V98/><F119/><W55/><G37/><AGARI ba="0,1" hai="8,9,10,37,38,39,61,65,69,76,79,96,101,107" machi="37" ten="40,3900,0" yaku="1,1,52,1,53,0" doraHai="99" doraHaiUra="116" who="0" fromWho="3" sc="240,49,260,0,218,0,272,-39" /><INIT seed="4,1,0,5,4,106" ten="289,260,218,233" oya="0" hai0="133,87,86,38,13,55,11,50,81,93,111,21,34" hai1="114,104,15,123,1,60,109,99,36,39,113,105,7" hai2="119,56,22,94,125,120,127,72,97,17,42,74,75" hai3="29,16,12,19,71,40,91,33,124,41,0,96,32"/><T122/><D122/><U5/><E109/><V100/><F120/><W24/><G71/><T35/><D38/><N who="1" m="14379" /><E123/><V110/><F110/><W9/><G124/><N who="2" m="47689" /><F42/><W53/><G53/><T90/><D111/><U52/><E15/><N who="2" m="9535" /><F56/><W45/><G0/><T115/><D21/><U8/><E5/><V76/><F119/><W23/><G41/><T67/><D67/><U118/><E118/><V6/><F6/><W83/><G29/><T78/><D133/><U108/><E99/><V3/><F3/><W20/><G9/><T2/><D2/><U47/><E108/><V85/><F85/><W112/><G112/><N who="1" m="43114" /><E60/><V30/><F30/><W51/><REACH who="3" step="1"/><G83/><AGARI ba="1,0" hai="72,74,75,76,83,94,97,100" m="9535,47689" machi="83" ten="30,7700,0" yaku="18,1,52,3" doraHai="106" who="2" fromWho="3" sc="289,0,260,0,218,80,233,-80" /><INIT seed="5,0,0,5,4,71" ten="289,260,298,153" oya="1" hai0="49,59,72,134,110,35,97,101,19,55,93,109,68" hai1="73,4,25,12,80,126,105,118,100,79,32,70,81" hai2="45,84,33,29,65,11,34,54,78,75,88,124,114" hai3="115,20,76,112,50,117,37,121,69,53,120,18,22"/><U103/><E118/><V85/><F75/><W24/><G76/><T107/><D134/><U92/><E70/><V67/><F124/><W116/><G69/><T14/><D68/><U104/><E32/><V58/><F34/><W27/><G50/><T60/><D35/><U66/><E66/><N who="2" m="25099" /><F33/><W82/><G82/><T130/><D72/><U56/><E56/><V90/><F29/><W111/><G53/><T86/><D130/><U95/><E25/><V102/><F102/><N who="1" m="38953" /><E4/><V128/><F128/><W0/><G37/><T7/><D7/><U23/><E23/><V135/><F135/><W28/><G0/><T42/><D42/><U125/><E12/><V57/><F11/><W16/><REACH who="3" step="1"/><G28/><REACH who="3" ten="289,260,298,143" step="2"/><T9/><D49/><U46/><E126/><V61/><F78/><W8/><G8/><T119/><D119/><U127/><E127/><V43/><F114/><W1/><G1/><T91/><AGARI ba="0,1" hai="9,14,19,55,59,60,86,91,93,97,101,107,109,110" machi="91" ten="30,1100,0" yaku="0,1" doraHai="71" who="0" fromWho="0" sc="289,21,260,-5,298,-3,143,-3" /><INIT seed="6,0,0,4,5,88" ten="310,255,295,140" oya="2" hai0="31,38,20,21,113,65,106,54,16,50,76,68,59" hai1="100,26,48,15,118,29,69,45,3,123,72,66,80" hai2="87,94,83,85,121,10,42,25,73,53,7,130,134" hai3="5,12,109,49,30,124,14,126,115,78,127,119,107"/><V67/><F121/><W39/><G107/><T131/><D106/><U97/><E118/><V104/><F104/><W92/><G39/><T61/><D131/><U18/><E3/><V98/><F130/><W102/><G78/><T62/><D113/><U81/><E72/><V22/><F134/><W19/><G49/><T128/><D128/><U43/><E69/><V60/><F42/><W82/><G82/><T40/><D76/><U133/><E133/><V99/><F73/><W120/><G30/><T37/><D31/><U35/><E66/><V52/><F98/><W122/><G92/><T110/><D110/><U28/><E28/><N who="2" m="17463" /><F10/><W11/><G102/><T95/><D95/><U101/><E101/><N who="2" m="60663" /><F7/><W55/><G55/><N who="2" m="21065" /><F83/><W93/><G93/><T57/><D38/><U23/><E97/><V112/><F112/><W2/><G115/><T47/><D16/><U44/><E100/><V116/><F116/><W51/><G51/><T13/><D13/><U117/><E117/><V9/><F9/><W46/><G46/><T75/><D75/><U36/><E123/><N who="3" m="47146" /><G119/><T41/><D41/><AGARI ba="0,0" hai="15,18,23,26,29,35,36,41,43,44,45,48,80,81" machi="41" ten="30,1000,0" yaku="7,1" doraHai="88" who="1" fromWho="0" sc="310,-10,255,10,295,0,140,0" /><INIT seed="7,0,0,1,5,48" ten="300,265,295,140" oya="3" hai0="135,124,74,120,95,34,50,51,79,20,46,9,118" hai1="130,101,27,44,19,102,131,62,58,61,28,122,108" hai2="38,77,41,132,54,81,82,75,37,67,32,2,123" hai3="114,97,125,7,112,72,117,126,6,115,11,98,121"/><W40/><G72/><T69/><D118/><U8/><E122/><V15/><F2/><W5/><G121/><T42/><D34/><U88/><E108/><V24/><F123/><W78/><G78/><T110/><D69/><U107/><E107/><V59/><F132/><W134/><G11/><T45/><D110/><U57/><E44/><V70/><F15/><W96/><G40/><T84/><D74/><U73/><E73/><V80/><F37/><W60/><G134/><T14/><D135/><U13/><E88/><V23/><F32/><W83/><G117/><T116/><D116/><U100/><E131/><V106/><F106/><W85/><REACH who="3" step="1"/><G60/><REACH who="3" ten="300,265,295,130" step="2"/><T56/><D120/><U4/><E130/><V33/><F41/><W129/><G129/><T35/><D79/><U63/><E62/><V94/><F38/><W22/><G22/><T49/><D20/><N who="1" m="15463" /><E63/><V12/><F77/><W17/><G17/><T76/><D76/><U47/><E61/><V64/><F75/><W87/><G87/><T92/><D84/><U31/><E19/><V71/><F71/><W21/><G21/><T113/><D42/><U16/><E4/><V99/><F70/><W30/><G30/><T25/><D35/><U55/><E31/><N who="2" m="17823" /><F33/><W109/><G109/><T89/><D9/><U111/><E111/><V10/><F10/><W119/><G119/><T103/><D113/><U105/><E105/><V43/><F43/><W39/><G39/><T86/><D86/><U0/><E0/><V65/><F12/><W36/><G36/><T1/><D14/><U68/><E68/><V90/><F67/><RYUUKYOKU ba="0,1" sc="300,-30,265,10,295,10,130,10" hai1="8,13,16,47,55,57,58,100,101,102" hai2="54,59,64,65,80,81,82,90,94,99" hai3="5,6,7,83,85,96,97,98,112,114,115,125,126" /><INIT seed="7,1,1,3,4,110" ten="270,275,305,140" oya="3" hai0="25,86,43,26,85,93,76,98,18,48,66,88,30" hai1="116,112,37,109,55,103,59,19,31,90,42,114,10" hai2="92,28,67,73,135,79,128,65,124,47,61,96,7" hai3="33,51,22,126,129,38,91,115,45,87,32,83,3"/><W131/><G3/><T63/><D18/><U71/><E109/><V15/><F128/><N who="3" m="49227" /><G38/><T130/><D130/><U13/><E116/><V119/><F119/><W122/><G122/><T4/><D4/><U39/><E71/><V94/><F124/><W111/><G111/><T50/><D76/><U74/><E74/><V24/><F135/><W84/><G126/><T81/><D85/><U82/><E103/><V46/><F73/><W104/><G104/><T41/><D63/><N who="1" m="36351" /><E42/><N who="0" m="15881" /><D66/><N who="2" m="25098" /><F79/><N who="3" m="46207" /><G22/><N who="0" m="15703" /><D25/><U108/><E31/><V34/><F34/><N who="3" m="13419" /><G45/><N who="2" m="16905" /><F28/><W20/><G20/><T36/><D36/><U95/><E82/><V2/><F2/><W125/><G125/><T62/><D62/><U21/><E21/><V69/><F69/><W97/><G51/><N who="0" m="19499" /><D81/><U78/><E78/><V64/><F64/><W72/><G72/><T52/><D86/><N who="1" m="52695" /><E108/><V54/><F24/><W113/><G97/><T8/><D8/><U77/><E77/><V16/><F7/><W68/><G68/><T35/><D35/><U121/><E121/><V44/><F96/><W127/><G127/><T60/><D60/><U23/><E10/><N who="2" m="6263" /><F44/><W80/><AGARI ba="1,1" hai="80,87,91,113,115" m="13419,46207,49227" machi="80" ten="40,7800,0" yaku="19,1,52,2" doraHai="110" who="3" fromWho="3" sc="270,-27,275,-27,305,-27,140,91" /><INIT seed="7,2,0,2,1,73" ten="243,248,278,231" oya="3" hai0="30,115,114,131,121,0,62,44,60,125,123,96,32" hai1="102,75,69,122,50,111,54,31,130,84,87,127,68" hai2="48,66,6,80,4,112,81,101,94,64,124,40,83" hai3="116,37,21,134,61,86,35,42,100,85,3,20,52"/><W56/><G116/><T70/><D0/><U118/><E122/><V51/><F124/><W34/><G3/><T76/><D125/><U113/><E127/><V8/><F112/><N who="0" m="43050" /><D131/><U24/><E111/><V71/><F71/><W110/><G100/><T106/><D44/><U2/><E113/><V103/><F40/><W128/><G110/><T120/><D76/><U12/><E130/><V82/><N who="2" m="20992" /><DORA hai="16" /><V93/><F51/><W78/><G128/><T55/><D55/><U49/><E75/><V98/><F48/><W107/><G107/><T109/><D109/><U28/><E2/><V132/><F132/><W74/><G134/><T29/><D70/><U27/><E102/><N who="2" m="38923" /><F8/><W26/><G35/><T133/><D32/><U77/><E77/><V17/><F17/><W97/><G78/><T95/><D106/><U92/><E92/><N who="2" m="35435" /><F98/><W79/><G97/><T14/><D133/><U91/><E54/><V19/><F19/><W89/><G79/><T53/><D96/><U67/><E67/><AGARI ba="2,0" hai="4,6,64,66,67" m="35435,38923,20992" machi="67" ten="50,6400,0" yaku="28,2,8,1" doraHai="73,16" who="2" fromWho="1" sc="243,0,248,-70,278,70,231,0" owari="243,4.0,178,-32.0,348,45.0,231,-17.0" /></mjloggm>