<mjloggm ver="2.3"><GO type="97" lobby="0"/><UN n0="%E5%B0%B1%E6%B4%BB%E7%94%9F%40%E5%B7%9D%E6%9D%91%E8%BB%8D%E5%9B%A3" n1="%4D%49%73%61%73%61%6B%61" n2="%E7%83%88%E5%A3%AB%E6%AE%89%E5%90%8D" n3="%E5%A6%82%E6%9C%88%E3%82%AB%E3%83%AB%E3%83%8A" dan="15,14,14,14" rate="1995.25,1937.34,1924.61,1936.41" sx="M,M,M,M"/><TAIKYOKU oya="0"/><INIT seed="0,0,0,0,0,94" ten="250,250,250,250" oya="0" hai0="50,7,63,5,53,15,80,64,65,122,46,42,82" hai1="91,2,35,114,45,85,21,76,72,113,106,8,90" hai2="92,123,102,89,31,99,84,33,24,1,81,38,107" hai3="4,103,23,16,48,116,121,17,19,127,59,28,14"/><T58/><D122/><U39/><E35/><V71/><F123/><W75/><G121/><T79/><D82/><N who="1" m="45319" /><E106/><V57/><F71/><W61/><G116/><T108/><D108/><U55/><E21/><V41/><F1/><W40/><G75/><T56/><D15/><U27/><E55/><V70/><F70/><W29/><G127/><T34/><D34/><U18/><E27/><V47/><REACH who="2" step="1"/><F57/><REACH who="2" ten="250,250,240,250" step="2"/><W9/><G59/><T131/><D131/><U69/><E69/><V124/><F124/><W37/><G29/><T62/><REACH who="0" step="1"/><D42/><REACH who="0" ten="240,250,240,250" step="2"/><N who="1" m="22751" /><E18/><V98/><F98/><W49/><G16/><T130/><D130/><U115/><E85/><AGARI ba="0,2" hai="5,7,46,50,53,56,58,62,63,64,65,79,80,85" machi="85" ten="30,12000,1" yaku="1,1,7,1,9,1,8,1,53,1" doraHai="94" doraHaiUra="43" who="0" fromWho="1" sc="240,140,250,-120,240,0,250,0" /><INIT seed="0,1,0,3,4,26" ten="380,130,240,250" oya="0" hai0="97,32,121,82,57,69,78,38,8,48,94,33,108" hai1="47,127,103,77,64,65,95,114,106,17,19,18,124" hai2="68,118,111,91,134,126,45,46,27,6,89,9,21" hai3="112,100,66,43,135,58,49,50,117,56,115,55,75"/><T37/><D69/><U13/><E106/><V2/><F118/><W31/><G75/><T74/><D121/><U40/><E114/><V79/><F134/><W119/><G100/><T72/><D108/><U83/><E95/><V110/><F126/><W104/><G104/><T52/><D74/><U39/><E103/><V62/><F79/><W90/><G90/><T130/><D130/><U73/><REACH who="1" step="1"/><E13/><REACH who="1" ten="380,120,240,250" step="2"/><V85/><F110/><W16/><G115/><T61/><D94/><U25/><E25/><V12/><F111/><W132/><G112/><T122/><D122/><U36/><E36/><V14/><F2/><W76/><G117/><T42/><D37/><U116/><E116/><V93/><F12/><W128/><G119/><T44/><D38/><U0/><E0/><V3/><F3/><W23/><G135/><T51/><D97/><U30/><E30/><V28/><REACH who="2" step="1"/><F91/><REACH who="2" ten="380,120,230,250" step="2"/><W15/><G132/><T120/><D120/><U107/><E107/><V67/><AGARI ba="1,2" hai="6,9,14,21,27,28,45,46,62,67,68,85,89,93" machi="67" ten="30,8000,1" yaku="1,1,2,1,0,1,52,1,53,1" doraHai="26" doraHaiUra="10" who="2" fromWho="2" sc="380,-41,120,-21,230,103,250,-21" /><INIT seed="1,0,0,0,2,116" ten="339,99,333,229" oya="1" hai0="37,78,4,109,18,98,134,24,34,100,124,104,75" hai1="92,36,19,89,6,105,103,95,76,83,50,55,64" hai2="60,44,90,7,43,121,22,61,65,41,46,119,8" hai3="114,33,97,56,94,14,117,11,99,26,122,39,123"/><U77/><E36/><V127/><F121/><W49/><G114/><T2/><D109/><U115/><E115/><V86/><F119/><W130/><G117/><T106/><D134/><U29/><E6/><V31/><F127/><W71/><G71/><T101/><D124/><U54/><E64/><V84/><F84/><W72/><G39/><T135/><D135/><U30/><E105/><V108/><F108/><W12/><G72/><T15/><D37/><U66/><E66/><V32/><F32/><W28/><G130/><T125/><D125/><U9/><E103/><V73/><F73/><W107/><G107/><T67/><D67/><U25/><E54/><V17/><F31/><N who="1" m="11785" /><E95/><V113/><F113/><W59/><G14/><T112/><D112/><U80/><E9/><V45/><F8/><W10/><G10/><T85/><D34/><U79/><E19/><V68/><F7/><W81/><G81/><T132/><D2/><U5/><E25/><N who="2" m="14543" /><F68/><W110/><G110/><T87/><D4/><U27/><E27/><V58/><F61/><W35/><G35/><T102/><D24/><U51/><E5/><V96/><F96/><W52/><G59/><T74/><D18/><U118/><E118/><V131/><F131/><W69/><G69/><T16/><D132/><U3/><E3/><V0/><F0/><W20/><G33/><T88/><D16/><U70/><E70/><V48/><F41/><W82/><G82/><AGARI ba="0,0" hai="43,44,45,46,48,58,60,65,82,86,90" m="14543" machi="82" ten="30,1000,0" yaku="8,1" doraHai="116" who="2" fromWho="3" sc="339,0,99,0,333,10,229,-10" /><INIT seed="2,0,0,3,3,19" ten="339,99,343,219" oya="2" hai0="13,88,74,0,68,91,117,107,20,106,14,105,93" hai1="128,3,69,75,135,6,127,4,48,57,41,103,39" hai2="70,95,87,101,51,33,65,116,66,71,5,56,130" hai3="92,112,52,77,54,114,118,35,79,94,115,90,11"/><V8/><F116/><W34/><G118/><T58/><D68/><U113/><E57/><V121/><F33/><N who="3" m="12299" /><G11/><T82/><D0/><U83/><E103/><V110/><F121/><W104/><G104/><T98/><D117/><U63/><E6/><V64/><F110/><W28/><G28/><T10/><D58/><U78/><E48/><V125/><F130/><W122/><G122/><T126/><D126/><U134/><E128/><V24/><F125/><W38/><G38/><T23/><D13/><U21/><E127/><V31/><F71/><W85/><G94/><T50/><D50/><U102/><E113/><V7/><F70/><W84/><G77/><T120/><D120/><U2/><E102/><V25/><F24/><W60/><G60/><T32/><D32/><U123/><E123/><V46/><F8/><W131/><G131/><T124/><D124/><U111/><E111/><V62/><F7/><W47/><G47/><T42/><D42/><U49/><E49/><V76/><F5/><W40/><G40/><T89/><D74/><U129/><E129/><V81/><F95/><W27/><G27/><T37/><D37/><U45/><E3/><V16/><F101/><W29/><G29/><T22/><REACH who="0" step="1"/><D82/><AGARI ba="0,0" hai="52,54,79,82,84,85,90,92,112,114,115" m="12299" machi="82" ten="40,2600,0" yaku="11,1,54,1" doraHai="19" who="3" fromWho="0" sc="339,-26,99,0,343,0,219,26" /><INIT seed="3,0,0,3,5,46" ten="313,99,343,245" oya="3" hai0="30,32,68,111,43,17,88,130,35,79,120,105,57" hai1="69,38,94,70,42,85,47,50,110,76,14,63,131" hai2="56,99,25,118,66,21,13,115,45,126,71,133,75" hai3="59,93,87,101,39,51,31,89,128,117,91,83,116"/><W119/><G39/><T54/><D68/><N who="1" m="26219" /><E85/><V41/><F118/><W9/><G128/><T27/><D120/><U125/><E94/><V135/><F71/><W3/><G101/><T97/><D130/><U16/><E76/><V123/><F115/><W11/><G31/><T61/><D111/><U26/><E16/><N who="2" m="12455" /><F123/><W60/><G3/><T96/><D35/><U108/><E14/><V1/><F1/><W40/><G93/><T8/><D79/><U132/><E26/><V112/><F112/><W0/><G0/><T44/><D105/><U82/><E82/><V19/><F126/><W29/><G29/><T34/><D34/><U24/><E24/><V124/><F124/><W5/><G91/><T28/><D28/><U95/><E95/><V4/><F4/><W98/><G98/><T53/><D53/><N who="1" m="29919" /><E125/><V77/><F99/><W37/><G5/><T121/><D121/><U49/><E131/><V58/><F66/><W114/><G114/><T74/><D74/><U23/><E23/><N who="2" m="11759" /><F77/><W22/><G22/><T104/><D104/><U81/><E81/><V6/><F75/><W106/><G106/><T52/><D8/><U18/><E18/><V62/><F6/><W64/><G9/><T73/><D73/><U92/><E92/><V67/><F67/><W107/><G11/><T113/><D113/><U2/><E2/><V90/><F90/><W15/><G107/><T20/><D96/><U122/><E122/><V78/><F78/><W80/><G80/><T10/><D97/><U129/><E129/><V84/><F84/><W12/><G15/><T103/><D88/><RYUUKYOKU ba="0,0" sc="313,0,99,0,343,0,245,0" owari="313,11.0,99,-40.0,343,44.0,245,-15.0" /></mjloggm>