<mjloggm ver="2.3"><GO type="169" lobby="0"/><UN n0="%E2%91%A3%E3%82%BB%E3%83%B3%E3%83%81" n1="%7A%6B%75%72%74" n2="%E9%A3%9B%E6%B2%AB" n3="%E3%82%A6%E3%83%AB%E3%83%88%E3%83%A9%E7%AB%8B%E7%9B%B4" dan="17,18,16,17" rate="2185.21,2182.42,2071.82,2168.56" sx="M,M,M,M"/><TAIKYOKU oya="0"/><INIT seed="0,0,0,2,3,68" ten="250,250,250,250" oya="0" hai0="116,0,17,86,129,41,62,71,31,79,4,44,104" hai1="25,85,73,28,50,93,51,6,53,34,40,1,59" hai2="112,123,119,45,37,70,72,52,13,135,63,47,5" hai3="108,58,75,113,106,109,131,133,74,69,114,27,97"/><T110/><D104/><U118/><E73/><V132/><F72/><N who="3" m="27691" /><G58/><T39/><D116/><U24/><E118/><V124/><F119/><W46/><G27/><T21/><D129/><U84/><E6/><V77/><F77/><W26/><G26/><T96/><D31/><U83/><E1/><V48/><F5/><W92/><G69/><T11/><D96/><U66/><E66/><N who="2" m="41311" /><F13/><W105/><G46/><T15/><D110/><N who="3" m="42601" /><G133/><N who="2" m="51273" /><F123/><W127/><G127/><T95/><D79/><N who="1" m="46207" /><E34/><V29/><F29/><W128/><G106/><T121/><D121/><U18/><E28/><V126/><F112/><N who="3" m="43115" /><G105/><T80/><D62/><U81/><E18/><V38/><F45/><W111/><N who="3" m="42609" /><W65/><DORA hai="54" /><G65/><T100/><D0/><U3/><E3/><V8/><F8/><W107/><G107/><T55/><D4/><U88/><E40/><V102/><F102/><AGARI ba="0,0" hai="92,97,102,128,131" m="43115,42609,27691" machi="102" ten="50,6400,0" yaku="14,1,34,2" doraHai="68,54" who="3" fromWho="2" sc="250,0,250,0,250,-64,250,64" /><INIT seed="1,0,0,5,1,60" ten="250,250,186,314" oya="1" hai0="85,51,91,89,12,37,3,41,68,63,114,69,105" hai1="122,8,101,34,113,47,87,82,54,86,104,26,13" hai2="92,124,19,14,125,123,100,0,25,84,103,67,118" hai3="116,22,88,127,50,9,58,93,40,6,96,90,79"/><U24/><E122/><V48/><F123/><W30/><G116/><T74/><D3/><U94/><E113/><V112/><F118/><W98/><G127/><N who="2" m="48713" /><F0/><W1/><G79/><T35/><D74/><U49/><E104/><V111/><F111/><W75/><G75/><T23/><D35/><U21/><E34/><V2/><F2/><W99/><G90/><T70/><D105/><U72/><E72/><V46/><F25/><W128/><G128/><T76/><D37/><U61/><E61/><V109/><F109/><W27/><REACH who="3" step="1"/><G58/><REACH who="3" ten="250,250,186,304" step="2"/><T129/><D129/><U57/><E57/><V43/><F112/><W20/><G20/><T132/><D91/><N who="1" m="53631" /><E21/><V66/><F103/><W106/><G106/><T42/><D76/><N who="1" m="46407" /><E101/><V62/><F100/><W97/><G97/><T55/><D114/><U39/><E39/><V4/><F84/><W121/><G121/><T29/><D70/><U32/><E32/><V15/><F92/><W10/><G10/><T81/><D69/><U18/><AGARI ba="0,1" hai="8,13,18,24,26,47,49,54" m="46407,53631" machi="18" ten="30,1500,0" yaku="8,1" doraHai="60" who="1" fromWho="1" sc="250,-5,250,25,186,-5,304,-5" /><INIT seed="1,1,0,3,3,38" ten="245,275,181,299" oya="1" hai0="29,70,64,28,18,19,78,66,89,131,71,42,117" hai1="83,53,1,22,10,76,111,17,33,81,112,63,5" hai2="79,110,32,3,124,13,126,86,15,132,98,94,130" hai3="90,87,58,133,49,6,0,23,54,127,67,16,135"/><U34/><E112/><V107/><F3/><W104/><G104/><T100/><D100/><U20/><E111/><V106/><F32/><W108/><G108/><T48/><D78/><U69/><E83/><N who="2" m="47487" /><F110/><W123/><G123/><T37/><D37/><U77/><E77/><V96/><F15/><W61/><G127/><N who="2" m="48681" /><F13/><W88/><G6/><T74/><D74/><U116/><E116/><V102/><F132/><N who="3" m="50763" /><G87/><T113/><D117/><U59/><E69/><V9/><F9/><W115/><G0/><T55/><D71/><U45/><E45/><V129/><F107/><W14/><G115/><T43/><D70/><AGARI ba="1,0" hai="14,16,23,49,54,58,61,67,70,88,90" m="50763" machi="70" ten="30,3900,0" yaku="20,1,54,2" doraHai="38" who="3" fromWho="0" sc="245,-42,275,0,181,0,299,42" /><INIT seed="2,0,0,2,0,129" ten="203,275,181,341" oya="2" hai0="47,83,27,70,36,125,114,44,4,108,117,102,35" hai1="51,58,131,62,57,22,48,66,77,106,38,109,50" hai2="88,79,134,59,82,14,24,121,10,54,18,103,127" hai3="16,67,116,89,95,32,133,2,8,43,63,5,3"/><V122/><F127/><W60/><G116/><T75/><D114/><U110/><E106/><V56/><F103/><W49/><G32/><T99/><D70/><U71/><E77/><V31/><F134/><W55/><G133/><T39/><D4/><U91/><E91/><V124/><F124/><W126/><G43/><T7/><D7/><U6/><E6/><V21/><F56/><W11/><G126/><T72/><D125/><U69/><E22/><V74/><REACH who="2" step="1"/><F88/><REACH who="2" ten="203,275,171,341" step="2"/><W42/><G89/><T28/><D102/><U96/><E96/><V113/><F113/><W73/><G2/><T84/><D99/><U52/><E131/><V119/><F119/><W81/><G3/><T104/><D117/><U76/><E76/><V123/><F123/><W94/><G81/><T132/><D83/><U17/><E17/><V25/><F25/><W9/><G16/><T115/><D27/><U64/><E58/><V26/><F26/><W37/><G5/><T29/><D132/><U20/><E57/><V41/><F41/><W80/><G80/><T101/><D101/><U98/><E98/><V107/><F107/><W68/><G95/><T53/><D104/><U1/><E69/><V93/><F93/><W13/><G94/><T78/><D78/><U86/><E71/><V118/><F118/><W120/><G42/><T65/><D115/><U112/><E112/><V135/><F135/><W105/><G68/><T100/><D100/><U0/><E66/><V85/><F85/><W15/><G67/><T46/><D65/><U130/><E64/><V30/><F30/><W87/><G87/><RYUUKYOKU ba="0,1" sc="203,-10,275,-10,171,30,341,-10" hai2="10,14,18,21,24,31,54,59,74,79,82,121,122" /><INIT seed="2,1,1,1,5,39" ten="193,265,201,331" oya="2" hai0="102,32,110,48,40,51,35,126,122,74,62,129,1" hai1="114,13,43,24,115,69,83,30,61,22,27,25,104" hai2="47,68,82,42,46,128,103,134,5,41,89,71,127" hai3="121,84,133,23,49,66,95,105,2,26,101,80,113"/><V76/><F134/><W109/><G121/><T87/><D74/><U9/><E104/><V85/><F128/><W34/><G2/><T37/><D1/><U63/><E83/><V132/><F132/><W98/><G133/><T116/><D102/><U58/><E69/><V125/><F103/><W100/><G109/><T44/><D122/><U59/><E114/><V97/><F5/><W117/><G117/><T108/><D129/><U130/><E130/><V29/><F29/><W6/><G6/><T92/><D116/><U60/><E115/><V131/><F131/><W124/><G34/><N who="0" m="12843" /><D62/><U120/><E120/><V36/><F97/><W86/><G124/><N who="2" m="47689" /><F76/><W52/><G105/><T53/><D126/><U55/><E43/><V11/><F11/><W54/><G101/><T96/><D96/><U4/><REACH who="1" step="1"/><E63/><REACH who="1" ten="193,255,201,331" step="2"/><V18/><F18/><W17/><G113/><T111/><D111/><U79/><E79/><V38/><AGARI ba="1,2" hai="36,38,41,42,46,47,68,71,82,85,89" m="47689" machi="38" ten="30,6000,0" yaku="18,1,52,2" doraHai="39" who="2" fromWho="2" sc="193,-21,255,-21,201,83,331,-21" /><INIT seed="2,2,0,5,0,33" ten="172,234,284,310" oya="2" hai0="71,116,53,59,23,47,106,36,128,100,17,70,9" hai1="16,113,32,97,61,120,105,24,104,58,30,86,117" hai2="35,22,46,73,115,12,124,121,126,43,93,125,6" hai3="7,60,45,63,75,56,13,11,51,10,114,64,85"/><V26/><F121/><W82/><G114/><T34/><D34/><U1/><E113/><V80/><F35/><W122/><G122/><T57/><D128/><U107/><E117/><V25/><F115/><W88/><G75/><T2/><D116/><U119/><E119/><V89/><F80/><W49/><G45/><T118/><D118/><U20/><E120/><V103/><F103/><W55/><REACH who="3" step="1"/><G11/><REACH who="3" ten="172,234,284,300" step="2"/><T15/><D47/><U18/><E104/><V14/><F73/><W62/><G62/><T87/><D9/><U81/><E105/><V135/><F125/><W112/><G112/><T31/><D106/><U134/><E107/><V111/><F126/><W21/><G21/><T44/><D44/><U4/><E32/><V39/><F124/><W48/><G48/><T52/><D23/><U68/><E61/><V76/><F22/><W8/><G8/><T67/><D36/><U133/><E20/><V19/><F39/><W123/><G123/><T108/><D108/><U94/><E133/><V83/><F135/><W40/><G40/><T130/><D130/><U132/><E132/><V50/><F111/><W42/><G42/><T54/><D31/><U3/><E134/><V109/><F109/><W74/><G74/><T5/><D71/><AGARI ba="2,1" hai="7,10,13,49,51,55,56,60,63,64,71,82,85,88" machi="71" ten="30,3900,0" yaku="1,1,7,1,54,1,53,0" doraHai="33" doraHaiUra="102" who="3" fromWho="0" sc="172,-45,234,0,284,0,300,55" /><INIT seed="3,0,0,0,1,37" ten="127,234,284,355" oya="3" hai0="99,5,129,45,74,63,117,56,35,28,70,59,84" hai1="33,24,126,13,50,29,67,109,95,52,89,100,23" hai2="44,7,41,3,62,107,106,30,18,78,68,132,128" hai3="66,114,123,116,76,98,91,134,115,39,25,47,112"/><W127/><G123/><T16/><D74/><U49/><E109/><V46/><F132/><W34/><G116/><T15/><D117/><U22/><E126/><V72/><F46/><W77/><G127/><T124/><D124/><U38/><E38/><N who="2" m="21559" /><F128/><W85/><G134/><T61/><D129/><U71/><E100/><V42/><F18/><W111/><G111/><T96/><D70/><U113/><E113/><V121/><F30/><W53/><G66/><T119/><D5/><U97/><E49/><V94/><F94/><W86/><G98/><T65/><D119/><U27/><E13/><V54/><F42/><W21/><G34/><T82/><D45/><U48/><E48/><V51/><F51/><W75/><G75/><T36/><D35/><U19/><E33/><V9/><F54/><W92/><G85/><T80/><D28/><U88/><E71/><V90/><F90/><W8/><G8/><N who="0" m="6247" /><D36/><U135/><E135/><V6/><F6/><W125/><G125/><T103/><D103/><N who="1" m="60863" /><E67/><N who="2" m="41079" /><F121/><W4/><G4/><T20/><D20/><U120/><E120/><V93/><F93/><W69/><G69/><T108/><D108/><U105/><E105/><V60/><F60/><W102/><G102/><T1/><D63/><U73/><E73/><V0/><F3/><W122/><G122/><T11/><D61/><U40/><E40/><V101/><F101/><W43/><REACH who="3" step="1"/><G53/><REACH who="3" ten="127,234,284,345" step="2"/><T55/><D55/><U26/><E26/><V110/><F110/><W133/><G133/><T104/><D65/><U10/><E10/><V12/><F0/><W64/><G64/><T57/><D1/><RYUUKYOKU ba="0,1" sc="127,-30,234,10,284,10,345,10" hai1="19,22,23,24,27,29,50,52,88,89" hai2="7,9,12,72,78,106,107" hai3="21,25,39,43,47,76,77,86,91,92,112,114,115" /><INIT seed="3,1,1,3,1,73" ten="97,244,294,355" oya="3" hai0="109,124,18,52,66,11,118,64,39,83,98,26,55" hai1="97,114,77,102,22,68,61,48,51,86,37,103,45" hai2="57,87,104,3,130,116,23,12,127,7,132,65,123" hai3="96,41,30,111,67,107,101,120,59,78,43,13,76"/><W113/><G120/><T10/><D39/><U50/><E114/><V56/><F123/><W90/><G113/><T49/><D118/><U28/><E68/><V31/><F104/><W6/><G111/><T54/><D109/><U135/><E135/><V38/><F38/><W79/><G30/><T81/><D124/><U91/><E61/><V62/><F127/><W85/><G67/><N who="0" m="25643" /><D49/><U25/><E37/><V24/><F132/><W110/><G110/><T72/><D72/><U53/><E102/><V9/><F130/><W20/><G59/><T46/><D46/><U89/><E89/><V122/><F122/><W94/><REACH who="3" step="1"/><G6/><REACH who="3" ten="97,244,294,345" step="2"/><T1/><D1/><U108/><E108/><V88/><F116/><W4/><G4/><T92/><D26/><U95/><REACH who="1" step="1"/><E77/><REACH who="1" ten="97,234,294,345" step="2"/><V34/><F62/><W42/><G42/><T82/><D18/><AGARI ba="1,3" hai="13,18,20,41,43,76,78,79,85,90,94,96,101,107" machi="18" ten="40,12000,1" yaku="1,1,52,3,53,0" doraHai="73" doraHaiUra="115" who="3" fromWho="0" sc="97,-123,234,0,294,0,345,153" owari="-26,-53.0,234,-17.0,294,9.0,498,61.0" /></mjloggm>