<mjloggm ver="2.3"><GO type="41" lobby="0"/><UN n0="%E5%A4%A9%E7%A5%9E%E4%B9%83%E9%9B%80" n1="%73%75%65%64%65%35%31" n2="%E9%B7%B9%E6%9C%88%E3%81%95%E3%81%8F%E3%82%89" n3="%E5%B0%B1%E6%B4%BB%E7%94%9F%40%E5%B7%9D%E6%9D%91%E8%BB%8D%E5%9B%A3" dan="15,13,15,16" rate="1946.33,1877.80,2025.68,2110.64" sx="M,M,M,M"/><TAIKYOKU oya="0"/><INIT seed="0,0,0,5,5,126" ten="250,250,250,250" oya="0" hai0="64,14,104,40,56,46,85,50,106,125,32,51,57" hai1="94,58,102,41,60,61,87,82,7,24,92,128,20" hai2="120,67,37,121,30,122,8,42,88,66,63,134,34" hai3="84,77,75,135,55,111,25,118,95,38,44,47,9"/><T39/><D125/><U70/><E7/><V81/><F134/><W127/><G118/><T27/><D57/><U113/><E113/><V13/><F42/><W119/><G111/><T133/><D133/><U29/><E41/><V107/><F107/><W83/><G119/><T45/><D39/><U98/><E70/><V59/><F37/><W86/><G127/><T109/><D109/><U117/><E61/><V19/><F66/><W90/><G135/><T18/><D85/><U53/><E128/><V115/><F115/><W72/><G38/><T130/><D130/><U105/><REACH who="1" step="1"/><E117/><REACH who="1" ten="250,240,250,250" step="2"/><V49/><F63/><W116/><G116/><T2/><D2/><U69/><E69/><V101/><F121/><W74/><G55/><T73/><D64/><U68/><E68/><V36/><F67/><W6/><REACH who="3" step="1"/><G25/><REACH who="3" ten="250,240,250,240" step="2"/><T78/><D27/><U43/><E43/><V48/><F120/><W16/><G16/><T11/><D18/><U23/><E23/><V22/><F19/><W96/><G96/><T28/><D40/><U0/><E0/><AGARI ba="0,2" hai="0,6,9,44,47,72,74,75,77,83,84,86,90,95" machi="0" ten="40,1300,0" yaku="1,1,53,0" doraHai="126" doraHaiUra="131" who="3" fromWho="1" sc="250,0,240,-13,250,0,240,33" /><INIT seed="1,0,0,0,3,27" ten="250,227,250,273" oya="1" hai0="32,49,40,128,132,96,56,86,68,94,102,0,91" hai1="10,111,82,133,110,63,75,69,23,83,123,101,119" hai2="80,121,99,24,114,104,116,88,57,14,79,15,18" hai3="13,21,64,89,52,16,53,36,66,20,31,50,19"/><U95/><E123/><V135/><F116/><W100/><G36/><T6/><D132/><U72/><E119/><V70/><F121/><W103/><G89/><T90/><D128/><U134/><E10/><V118/><F118/><W4/><G4/><T38/><D68/><U48/><E48/><V84/><F70/><W8/><G8/><T12/><D0/><U51/><E51/><V93/><F135/><N who="1" m="51721" /><E23/><N who="2" m="13431" /><F104/><W73/><G73/><N who="1" m="28234" /><E63/><V71/><F71/><W43/><G43/><T41/><D32/><U47/><E47/><V124/><F124/><W126/><G126/><T97/><D12/><N who="2" m="4650" /><F114/><W33/><G33/><T107/><D6/><U81/><E69/><V125/><F125/><W105/><G105/><T131/><D131/><U106/><E106/><V74/><F74/><W85/><G85/><T98/><D38/><U67/><E67/><N who="3" m="25642" /><G19/><T3/><D3/><U34/><E34/><V44/><F44/><N who="3" m="27719" /><G53/><N who="0" m="31791" /><D107/><U87/><E101/><N who="2" m="60655" /><F57/><W9/><G21/><T65/><D65/><U130/><E130/><V2/><F2/><W45/><G45/><T26/><D102/><U92/><E87/><V115/><F115/><W77/><G77/><AGARI ba="0,0" hai="77,79,80,84,88" m="60655,4650,13431" machi="77" ten="30,2000,0" yaku="8,1,54,1" doraHai="27" who="2" fromWho="3" sc="250,0,227,0,250,20,273,-20" /><INIT seed="2,0,0,4,3,60" ten="250,227,270,253" oya="2" hai0="87,52,121,123,112,103,109,64,32,12,20,67,55" hai1="92,7,95,119,35,105,34,79,104,76,28,10,26" hai2="46,27,44,2,118,127,59,62,75,8,42,107,80" hai3="128,18,22,120,134,0,115,97,48,125,96,38,21"/><V108/><F118/><W74/><G74/><T43/><D112/><U106/><E119/><V14/><F107/><W91/><G38/><T53/><D32/><U70/><E35/><V84/><F75/><W63/><G0/><T11/><D109/><U101/><E70/><V100/><F2/><W15/><G120/><T89/><D123/><U41/><E41/><V58/><F108/><W1/><G1/><T131/><D131/><U83/><E79/><V16/><F100/><W117/><G117/><T19/><D121/><U130/><E130/><V73/><F73/><W47/><G125/><T114/><D114/><U135/><E135/><V110/><F127/><W68/><G115/><T61/><D61/><U94/><E101/><V86/><F110/><W77/><G128/><T51/><D103/><U66/><E66/><N who="0" m="25129" /><D11/><U72/><REACH who="1" step="1"/><E106/><REACH who="1" ten="250,217,270,253" step="2"/><V3/><F42/><W25/><G77/><T6/><D43/><U23/><E23/><V102/><F102/><W93/><G134/><T99/><D6/><U17/><E17/><V90/><F16/><N who="3" m="12455" /><G68/><T98/><D51/><U45/><E45/><V129/><F46/><W133/><G133/><T116/><D116/><U36/><E36/><V65/><F44/><W5/><G5/><T126/><D126/><U69/><E69/><V40/><F40/><N who="3" m="24679" /><G63/><T29/><D29/><U78/><E78/><V81/><F62/><W50/><G50/><T132/><D132/><U24/><E24/><V56/><F27/><W4/><G4/><T71/><D71/><U113/><E113/><V39/><F39/><W124/><G124/><T13/><D13/><AGARI ba="0,1" hai="7,10,13,26,28,34,72,76,83,92,94,95,104,105" machi="13" ten="40,5200,0" yaku="1,1,6,1,53,1" doraHai="60" doraHaiUra="30" who="1" fromWho="0" sc="250,-52,217,62,270,0,253,0" /><INIT seed="3,0,0,3,0,57" ten="198,279,270,253" oya="3" hai0="5,127,84,88,83,10,20,82,8,80,61,102,51" hai1="31,119,66,9,30,26,54,131,1,17,129,117,105" hai2="126,65,56,53,59,85,40,3,43,41,135,106,71" hai3="60,16,124,89,94,63,123,74,96,109,110,13,44"/><W0/><G123/><T19/><D127/><U37/><E37/><V78/><F106/><W27/><G0/><T46/><D102/><U132/><E105/><V62/><F3/><W29/><G74/><T81/><D61/><N who="3" m="23625" /><G124/><T55/><REACH who="0" step="1"/><D5/><REACH who="0" ten="188,279,270,253" step="2"/><N who="1" m="1199" /><E66/><V75/><F62/><W73/><G73/><T21/><D21/><N who="1" m="13615" /><E54/><V86/><F53/><W69/><G69/><T121/><D121/><U52/><E52/><V120/><F65/><W97/><G44/><T33/><D33/><U101/><E101/><V125/><F71/><W92/><G110/><T90/><D90/><U87/><E132/><V70/><F135/><W104/><G104/><T47/><D47/><U130/><E87/><V2/><F85/><N who="3" m="52271" /><G109/><T42/><D42/><U67/><E67/><V28/><F43/><W133/><G133/><T50/><D50/><U93/><E93/><V36/><F41/><W6/><G6/><T14/><AGARI ba="0,1" hai="8,10,14,19,20,46,51,55,80,81,82,83,84,88" machi="14" ten="30,16000,3" yaku="1,1,0,1,8,1,54,1,53,4" doraHai="57" doraHaiUra="76" who="0" fromWho="0" sc="188,170,279,-40,270,-40,253,-80" /><INIT seed="4,0,0,2,3,116" ten="358,239,230,173" oya="0" hai0="122,61,73,29,44,101,110,12,109,70,114,57,35" hai1="132,104,72,64,54,43,98,19,91,15,36,129,3" hai2="7,113,80,108,55,22,53,30,68,77,50,6,56" hai3="5,82,75,31,2,52,92,33,45,40,47,128,95"/><T96/><D73/><U0/><E72/><V102/><F108/><N who="0" m="41578" /><D114/><U93/><E104/><V135/><F113/><W32/><G128/><T134/><D134/><U21/><E129/><V125/><F68/><W59/><G45/><T66/><D44/><U42/><E132/><V10/><F135/><W41/><G41/><T130/><D130/><U26/><E64/><V14/><F125/><W115/><G115/><T90/><D90/><U81/><E81/><V76/><F102/><W112/><G112/><T8/><D57/><U84/><E98/><V25/><F55/><W37/><G31/><T13/><D122/><U9/><E36/><V34/><F34/><W99/><G33/><T38/><D38/><U89/><E89/><V4/><REACH who="2" step="1"/><F77/><REACH who="2" ten="358,239,220,173" step="2"/><W117/><G32/><T105/><D35/><U23/><E54/><V18/><F18/><W74/><G117/><T88/><D29/><U24/><E43/><V85/><AGARI ba="0,1" hai="4,6,7,10,14,22,25,30,50,53,56,76,80,85" machi="85" ten="20,5200,0" yaku="1,1,0,1,7,1,8,1,53,0" doraHai="116" doraHaiUra="97" who="2" fromWho="2" sc="358,-26,239,-13,220,62,173,-13" /><INIT seed="5,0,0,4,4,79" ten="332,226,282,160" oya="1" hai0="42,63,23,82,104,50,11,48,128,105,111,41,130" hai1="106,102,69,92,61,70,33,127,118,51,88,14,16" hai2="19,124,39,96,49,62,114,31,18,7,35,134,78" hai3="99,8,3,90,20,126,2,74,53,40,115,125,47"/><U116/><E33/><V68/><F39/><W121/><G74/><T59/><D111/><U91/><E106/><V80/><F7/><W43/><G121/><T83/><D23/><U110/><E102/><V57/><F134/><W72/><G72/><T133/><D11/><U52/><E110/><V17/><F124/><W75/><G75/><T64/><D104/><U0/><E0/><V107/><F114/><W36/><G43/><N who="0" m="16395" /><D105/><U32/><E32/><V109/><F109/><W71/><G71/><T21/><D21/><U60/><E91/><V25/><F68/><W119/><G119/><T85/><D85/><U37/><E37/><V30/><F49/><N who="0" m="19050" /><D133/><U77/><E127/><V98/><F31/><W131/><G115/><T132/><D132/><U46/><E77/><V89/><F89/><W67/><G131/><AGARI ba="0,0" hai="59,63,64,82,83,128,130,131" m="19050,16395" machi="131" ten="30,3900,0" yaku="19,1,52,2" doraHai="79" who="0" fromWho="3" sc="332,39,226,0,282,0,160,-39" /><INIT seed="6,0,0,3,3,109" ten="371,226,282,121" oya="2" hai0="74,91,24,51,77,113,84,134,98,26,19,131,32" hai1="73,41,70,106,31,69,33,57,115,129,110,22,11" hai2="42,114,101,48,29,104,72,39,62,37,16,79,52" hai3="38,10,111,96,49,90,64,6,23,71,4,117,56"/><V100/><F29/><W53/><G111/><T50/><D134/><U122/><E73/><V54/><F79/><W120/><G38/><T28/><D131/><U17/><E106/><V21/><F72/><W102/><G117/><T13/><D26/><U128/><E110/><V92/><F104/><W66/><G120/><T8/><D98/><U82/><E82/><V99/><F114/><W121/><G121/><T67/><D67/><U60/><E122/><V127/><F127/><W61/><G66/><T65/><D113/><U103/><E103/><N who="2" m="60903" /><F39/><W75/><G75/><T107/><D65/><U27/><E115/><V68/><F37/><W116/><G116/><T93/><D107/><U45/><E11/><V95/><F68/><W0/><G4/><T132/><D132/><U119/><E119/><V85/><F62/><W34/><G34/><T3/><D3/><U40/><E40/><V5/><F5/><W47/><G23/><T36/><D36/><U133/><E133/><V78/><F42/><W86/><G96/><T63/><D63/><U12/><E45/><N who="2" m="27663" /><F54/><W81/><REACH who="3" step="1"/><G102/><REACH who="3" ten="371,226,282,111" step="2"/><T118/><D118/><U2/><E129/><V105/><F100/><W1/><G1/><T125/><D74/><U43/><E2/><V59/><F21/><W20/><G20/><T76/><D32/><U87/><E128/><V9/><F101/><W18/><G18/><T46/><D19/><U123/><E123/><V88/><F16/><W80/><G80/><T108/><D108/><U55/><E87/><V135/><F85/><W15/><G15/><T89/><D84/><U97/><E97/><RYUUKYOKU ba="0,1" sc="371,-15,226,15,282,-15,111,15" hai1="12,17,22,27,31,33,41,43,55,57,60,69,70" hai3="0,6,10,47,49,53,56,61,64,71,81,86,90" /><INIT seed="7,1,1,2,3,84" ten="356,241,267,126" oya="3" hai0="56,60,6,99,30,42,102,77,3,37,87,106,117" hai1="98,94,74,23,135,129,82,4,131,24,126,29,17" hai2="90,15,31,66,111,91,62,92,118,7,107,51,78" hai3="38,18,110,132,75,20,123,83,109,108,59,88,116"/><W22/><G123/><T93/><D117/><U65/><E135/><V40/><F118/><W48/><G116/><T1/><D30/><U134/><E134/><V13/><F111/><W10/><G132/><T0/><D42/><U115/><E4/><V81/><F107/><W130/><G38/><T54/><D37/><U73/><E126/><V28/><F92/><W114/><G75/><T85/><D6/><U44/><E82/><V9/><F15/><N who="3" m="7543" /><G130/><T47/><D47/><U11/><E44/><V121/><F121/><W122/><G122/><T34/><D34/><U52/><E65/><V27/><F51/><W26/><G114/><T72/><REACH who="0" step="1"/><D93/><REACH who="0" ten="346,241,267,126" step="2"/><U105/><E131/><V43/><F40/><W119/><G119/><T124/><D124/><U50/><E129/><V21/><F43/><W19/><G22/><T25/><D25/><U63/><E24/><V61/><F31/><W101/><G101/><T133/><D133/><U64/><E29/><V14/><F21/><W113/><G113/><T2/><N who="0" m="0" /><DORA hai="45" /><T55/><D55/><U39/><E52/><V86/><F27/><W100/><G100/><T96/><D96/><U89/><E98/><V53/><F53/><W33/><G33/><T120/><D120/><U32/><E23/><V70/><F28/><W95/><G95/><T36/><D36/><U57/><E94/><V69/><F14/><W112/><G112/><T71/><D71/><U5/><E32/><V125/><F125/><W79/><G79/><T67/><D67/><AGARI ba="1,2" hai="7,9,13,61,62,66,67,69,70,78,81,86,90,91" machi="67" ten="40,5200,0" yaku="9,1,52,2" doraHai="84,45" who="2" fromWho="0" sc="346,-55,241,0,267,75,126,0" owari="291,9.0,241,-16.0,342,44.0,126,-37.0" /></mjloggm>