<mjloggm ver="2.3"><GO type="169" lobby="0"/><UN n0="%E3%81%BD%E3%81%BF%E3%82%85" n1="%E5%B0%B1%E6%B4%BB%E7%94%9F%40%E5%B7%9D%E6%9D%91%E8%BB%8D%E5%9B%A3" n2="%E3%82%A6%E3%83%AB%E3%83%88%E3%83%A9%E7%AB%8B%E7%9B%B4" n3="%E9%AD%94%E6%B3%95%E3%81%AE%E3%82%BF%E3%82%B3%E3%82%B9" dan="16,16,17,17" rate="2053.06,2051.02,2117.99,2170.29" sx="F,M,M,M"/><TAIKYOKU oya="0"/><INIT seed="0,0,0,5,1,9" ten="250,250,250,250" oya="0" hai0="102,31,119,55,68,13,3,96,50,61,73,95,88" hai1="82,7,36,41,40,24,28,16,45,30,112,77,89" hai2="83,125,26,78,121,53,17,91,39,87,85,131,63" hai3="54,109,49,67,133,46,132,106,76,48,74,57,5"/><T116/><D3/><U93/><E112/><V115/><F39/><W111/><G106/><T108/><D73/><U94/><E7/><V2/><F2/><W126/><G5/><T117/><D31/><U58/><E41/><V105/><F105/><W1/><G1/><T0/><D0/><U75/><E93/><V35/><F121/><W129/><G74/><T23/><D108/><N who="3" m="41545" /><G76/><T104/><D68/><U47/><E47/><V110/><F35/><W25/><G25/><T72/><D72/><U51/><E58/><V70/><F70/><W19/><G19/><T14/><D61/><U103/><E103/><V71/><F71/><W122/><G122/><T65/><D23/><U114/><E36/><V59/><F115/><W97/><G97/><T60/><D60/><U6/><E6/><V37/><F37/><W20/><G20/><T43/><D43/><U42/><E42/><V124/><F110/><W56/><G129/><T15/><D65/><U107/><E107/><V128/><F17/><W52/><G126/><N who="2" m="48745" /><F26/><W123/><G123/><T11/><D104/><U29/><E114/><V21/><F21/><W10/><G10/><T113/><D113/><U34/><E16/><V4/><F4/><W92/><G92/><AGARI ba="0,0" hai="53,59,63,78,83,85,87,91,92,128,131" m="48745" machi="92" ten="30,1000,0" yaku="18,1" doraHai="9" who="2" fromWho="3" sc="250,0,250,0,250,10,250,-10" /><INIT seed="1,0,0,3,5,10" ten="250,250,260,240" oya="1" hai0="0,133,32,7,112,40,127,35,52,84,92,37,120" hai1="6,4,103,98,75,87,80,94,53,91,108,67,128" hai2="124,111,70,56,39,121,72,105,101,74,3,55,68" hai3="54,19,60,18,26,2,71,62,20,46,107,1,51"/><U116/><E116/><V66/><F3/><W97/><G19/><T38/><D112/><U96/><E128/><V28/><F68/><W11/><G11/><T29/><D133/><U126/><E126/><V90/><F101/><W129/><G129/><T89/><D7/><U69/><E108/><V31/><F105/><W41/><G62/><T134/><D0/><U48/><E75/><V132/><F31/><W33/><G33/><T82/><D134/><U95/><E67/><V12/><F28/><W27/><G27/><T45/><D127/><U30/><E30/><V5/><F90/><W100/><REACH who="3" step="1"/><G54/><REACH who="3" ten="250,250,260,230" step="2"/><T44/><D120/><U13/><E69/><V79/><F55/><W77/><G77/><T110/><D110/><U114/><E114/><V42/><F79/><W88/><G88/><T117/><D117/><U113/><E113/><V14/><F70/><W86/><G86/><T63/><D29/><U104/><E13/><V43/><F111/><W23/><G23/><T49/><D63/><U122/><E122/><V8/><F121/><W118/><G118/><T21/><D21/><U109/><E109/><V36/><F124/><W16/><G16/><T135/><D135/><U24/><E24/><V25/><F25/><W130/><G130/><T57/><D82/><U125/><E125/><V47/><F132/><W22/><G22/><T131/><D131/><U61/><E61/><V73/><F8/><W123/><G123/><T102/><D102/><N who="1" m="60767" /><E104/><V119/><F119/><W78/><G78/><T85/><D84/><U34/><E34/><V106/><F73/><W64/><AGARI ba="0,1" hai="1,2,18,20,26,41,46,51,60,64,71,97,100,107" machi="64" ten="30,7900,0" yaku="1,1,5,1,0,1,53,1" doraHai="10" doraHaiUra="65" who="3" fromWho="3" sc="250,-20,250,-39,260,-20,230,89" /><INIT seed="2,0,0,0,2,124" ten="230,211,240,319" oya="2" hai0="4,64,97,122,103,29,41,117,125,0,19,20,54" hai1="7,52,48,27,15,63,87,79,36,100,28,32,114" hai2="69,10,53,123,135,12,77,33,94,59,60,85,34" hai3="99,126,81,55,96,45,21,92,73,107,61,88,111"/><V118/><F123/><W44/><G126/><T115/><D122/><U8/><E36/><V35/><F118/><W30/><G111/><T129/><D115/><U90/><E114/><V40/><F135/><W80/><G107/><T13/><D97/><U132/><E132/><V9/><F69/><W16/><G30/><T18/><D64/><U104/><E79/><V17/><F40/><W5/><G5/><T91/><D41/><U110/><E110/><V102/><F102/><W109/><G99/><T72/><D91/><U127/><E127/><V106/><F106/><W95/><G95/><T112/><D54/><U6/><E104/><V93/><REACH who="2" step="1"/><F10/><REACH who="2" ten="230,211,230,319" step="2"/><W56/><G109/><T42/><D103/><U50/><E100/><V47/><F47/><N who="3" m="17995" /><G73/><T82/><D42/><U22/><E32/><V1/><F1/><W43/><G43/><T57/><D72/><U133/><E133/><V66/><F66/><W116/><G116/><T71/><D117/><U105/><E105/><V25/><F25/><AGARI ba="0,1" hai="16,21,25,55,56,61,80,81,88,92,96" m="17995" machi="25" ten="30,7700,0" yaku="25,1,8,1,54,2" doraHai="124" who="3" fromWho="2" sc="230,0,211,0,230,-77,319,87" /><INIT seed="3,0,0,2,0,92" ten="230,211,153,406" oya="3" hai0="99,54,121,117,69,56,125,40,25,18,113,42,52" hai1="8,114,2,116,129,103,134,24,63,77,126,15,58" hai2="32,59,47,132,36,107,101,120,5,51,53,79,45" hai3="60,28,83,23,4,90,85,29,123,11,17,10,119"/><W124/><G119/><T89/><D69/><U127/><E2/><V81/><F120/><W110/><G123/><T21/><D121/><U76/><E114/><V106/><F32/><W50/><G124/><T44/><D117/><U43/><E116/><V55/><F132/><W72/><G110/><T61/><D125/><N who="1" m="47627" /><E43/><V88/><F5/><W14/><G72/><T78/><D78/><U6/><E129/><V13/><F13/><W112/><G112/><T91/><D113/><U75/><E75/><V133/><F133/><W80/><G60/><T7/><D7/><U84/><E134/><V102/><F106/><W35/><G35/><T100/><D54/><U105/><E24/><V46/><F107/><W49/><G83/><T65/><D65/><N who="1" m="39159" /><E84/><N who="2" m="50191" /><F36/><W74/><G74/><T39/><REACH who="0" step="1"/><D42/><REACH who="0" ten="220,211,153,406" step="2"/><U96/><AGARI ba="0,1" hai="6,8,15,76,77,96,103,105" m="39159,47627" machi="96" ten="30,2000,0" yaku="18,1,52,1" doraHai="92" who="1" fromWho="1" sc="220,-5,211,30,153,-5,406,-10" /><INIT seed="4,0,0,4,3,94" ten="215,241,148,396" oya="0" hai0="103,8,32,36,121,96,91,33,115,14,102,5,88" hai1="19,112,80,64,21,42,124,105,65,97,17,70,20" hai2="45,63,52,34,51,72,48,7,66,106,31,1,107" hai3="41,99,25,84,82,18,49,47,123,135,62,130,22"/><T16/><D36/><U13/><E124/><V83/><F34/><W104/><G130/><T93/><D121/><U108/><E108/><V57/><F31/><W110/><G110/><T132/><D132/><U69/><E42/><V37/><F37/><W59/><G135/><T95/><D115/><U75/><E112/><V89/><F7/><W0/><G0/><T30/><D5/><U68/><E75/><V58/><F1/><W73/><G73/><T131/><D131/><U79/><E79/><V98/><F72/><W12/><G123/><T46/><D46/><U71/><E80/><V87/><REACH who="2" step="1"/><F98/><REACH who="2" ten="215,241,138,396" step="2"/><W9/><G99/><T29/><D32/><U128/><E128/><V120/><F120/><W43/><G18/><T86/><D33/><U54/><E97/><V127/><F127/><W90/><G84/><T4/><D4/><U6/><E6/><V60/><F60/><W15/><G62/><T92/><REACH who="0" step="1"/><D95/><REACH who="0" ten="205,241,138,396" step="2"/><U26/><E105/><V28/><F28/><AGARI ba="0,2" hai="8,14,16,28,29,30,86,88,91,92,93,96,102,103" machi="28" ten="40,18000,2" yaku="1,1,2,1,8,1,52,1,54,2,53,0" doraHai="94" doraHaiUra="109" who="0" fromWho="2" sc="205,200,241,0,138,-180,396,0" owari="405,50.0,241,-16.0,-42,-54.0,396,20.0" /></mjloggm>