<mjloggm ver="2.3"><GO type="169" lobby="0"/><UN n0="%E3%83%A0%E3%82%B5%E3%82%B5%E3%83%93%4B%4B" n1="%E3%81%A4%E3%81%8B%E3%82%93%E3%81%BD%E3%81%8F%E3%82%93" n2="%E3%82%A6%E3%83%AB%E3%83%88%E3%83%A9%E7%AB%8B%E7%9B%B4" n3="%E3%81%AE%E3%81%A1%E3%82%86%E3%82%93" dan="16,16,17,16" rate="2132.80,2075.08,2187.17,2134.42" sx="M,M,M,F"/><TAIKYOKU oya="0"/><INIT seed="0,0,0,3,1,128" ten="250,250,250,250" oya="0" hai0="82,7,106,100,33,19,104,26,111,133,73,135,105" hai1="121,57,64,118,17,20,2,59,90,132,75,97,96" hai2="27,45,113,81,131,22,43,88,53,4,67,125,109" hai3="55,23,115,66,110,8,78,36,25,68,1,24,98"/><T54/><D111/><U9/><E121/><V123/><F123/><W107/><G115/><T61/><D100/><U34/><E34/><V99/><F113/><W16/><G110/><T60/><D7/><U92/><E118/><V70/><F109/><W93/><G36/><T62/><D54/><U39/><E75/><V117/><F131/><W15/><G107/><T10/><D10/><U58/><E39/><V76/><F125/><W44/><G78/><T86/><D73/><U3/><E64/><V38/><F117/><W42/><G1/><T74/><D74/><U84/><E2/><V47/><F4/><W127/><G127/><T116/><D116/><U122/><E122/><V77/><F67/><W48/><G66/><T83/><D86/><U130/><E130/><V49/><F70/><W5/><G68/><T95/><D95/><U69/><E69/><V89/><F99/><W32/><G32/><T46/><D46/><U80/><E3/><V29/><F77/><W13/><REACH who="3" step="1"/><G42/><REACH who="3" ten="250,250,250,240" step="2"/><T40/><D40/><U114/><E114/><V35/><F35/><W21/><G21/><N who="0" m="13631" /><D33/><U94/><E20/><V72/><AGARI ba="0,1" hai="22,27,29,38,43,45,47,49,53,72,76,81,88,89" machi="72" ten="20,2700,0" yaku="0,1,7,1,54,1" doraHai="128" who="2" fromWho="2" sc="250,-13,250,-7,250,37,240,-7" /><INIT seed="1,0,0,5,4,130" ten="237,243,287,233" oya="1" hai0="116,110,10,67,3,49,30,50,68,5,46,1,72" hai1="94,99,86,97,40,48,19,87,96,88,11,45,83" hai2="25,124,59,27,42,93,61,85,71,98,54,89,109" hai3="37,128,69,20,66,125,34,107,70,84,13,104,47"/><U28/><E28/><V75/><F75/><W33/><G128/><T92/><D116/><U113/><E113/><V39/><F109/><W112/><G112/><T134/><D72/><U16/><REACH who="1" step="1"/><E11/><REACH who="1" ten="237,233,287,233" step="2"/><V106/><F124/><W31/><G125/><T8/><D8/><U100/><E100/><V132/><F106/><W41/><G31/><T17/><D10/><U18/><E18/><V81/><F71/><W105/><G104/><T120/><D17/><U73/><E73/><V43/><F39/><W12/><G105/><T56/><D30/><U26/><E26/><N who="2" m="9739" /><F132/><W114/><G107/><T131/><D68/><U52/><E52/><V7/><F7/><W60/><G70/><T0/><D5/><U117/><E117/><V80/><F42/><W65/><G114/><T121/><D134/><U55/><E55/><V108/><F43/><W127/><G127/><T32/><D121/><U123/><E123/><V129/><F129/><W23/><G66/><T24/><D120/><U119/><E119/><V58/><F108/><W51/><G37/><T78/><D110/><U95/><E95/><N who="2" m="54703" /><F59/><W91/><G47/><T102/><D46/><U118/><E118/><V103/><AGARI ba="0,1" hai="54,58,61,80,81,93,98,103" m="54703,9739" machi="103" ten="30,1100,0" yaku="8,1" doraHai="130" who="2" fromWho="2" sc="237,-3,233,-5,287,21,233,-3" /><INIT seed="2,0,0,1,0,13" ten="234,228,308,230" oya="2" hai0="108,110,93,14,72,134,52,64,2,58,102,113,44" hai1="27,95,15,127,92,126,73,115,129,36,41,128,21" hai2="89,84,26,28,132,91,9,86,10,54,20,48,101" hai3="100,67,18,70,90,6,29,112,62,109,69,50,43"/><V61/><F132/><W25/><G109/><N who="0" m="42091" /><D2/><U116/><E73/><V11/><F101/><W60/><G112/><T104/><D104/><U68/><E68/><V117/><F117/><W42/><G6/><T45/><D113/><U47/><E115/><V125/><F125/><N who="1" m="47625" /><E15/><V98/><F61/><W119/><G119/><T55/><D72/><U111/><E116/><V24/><F24/><W83/><G100/><T4/><D134/><U74/><E74/><V37/><F37/><W103/><G103/><T107/><D107/><U88/><E111/><V77/><F77/><W76/><G90/><N who="2" m="34313" /><F98/><W87/><G50/><T120/><D120/><U78/><E78/><V31/><F31/><W71/><G71/><T130/><D102/><U65/><E65/><V135/><F135/><W131/><G131/><N who="1" m="50250" /><E88/><V97/><F97/><W49/><G70/><T85/><D130/><U94/><E94/><V0/><F0/><W38/><G69/><T22/><D93/><U19/><AGARI ba="0,0" hai="19,21,27,36,41,47,92,95" m="50250,47625" machi="19" ten="30,4000,0" yaku="18,1,19,1,52,1" doraHai="13" who="1" fromWho="1" sc="234,-10,228,40,308,-20,230,-10" /><INIT seed="3,0,0,1,5,108" ten="224,268,288,220" oya="3" hai0="75,65,47,3,15,113,10,91,104,54,43,30,41" hai1="28,111,99,46,70,35,86,67,96,11,52,24,106" hai2="68,110,25,132,59,83,92,85,115,93,13,117,39" hai3="23,105,127,16,42,90,56,88,12,114,94,125,14"/><W80/><G105/><T122/><D122/><U34/><E111/><V8/><F68/><W9/><G114/><T20/><D104/><U62/><E96/><V40/><F117/><W71/><G71/><T27/><D75/><U48/><E34/><V95/><F132/><W100/><G42/><T33/><D113/><U109/><E109/><V37/><F110/><W57/><G100/><T130/><D130/><U89/><E11/><V5/><F115/><W123/><G123/><T51/><D65/><U55/><E89/><N who="3" m="34410" /><G94/><T0/><D91/><U103/><E86/><V32/><F39/><W1/><G1/><T26/><D0/><U50/><E50/><V45/><F32/><W81/><G125/><T60/><D3/><U74/><E74/><V79/><F37/><W128/><G128/><T102/><D102/><U7/><E7/><V73/><F73/><W76/><G127/><T21/><D33/><U121/><E121/><V107/><F107/><W18/><G76/><T72/><D72/><U31/><E31/><V29/><F40/><AGARI ba="0,0" hai="24,28,35,40,46,48,52,55,62,67,70,99,103,106" machi="40" ten="30,7700,0" yaku="7,1,25,2,54,1" doraHai="108" who="1" fromWho="2" sc="224,0,268,77,288,-77,220,0" /><INIT seed="4,0,0,1,5,107" ten="224,345,211,220" oya="0" hai0="97,68,126,32,35,130,3,5,69,36,46,134,87" hai1="23,112,98,12,128,88,9,95,83,4,47,65,84" hai2="50,116,96,102,125,39,57,77,28,110,104,2,132" hai3="52,20,62,71,26,1,30,10,89,48,29,43,118"/><T76/><BYE who="2" /><D130/><UN n2="%E3%82%A6%E3%83%AB%E3%83%88%E3%83%A9%E7%AB%8B%E7%9B%B4" /><U16/><E128/><V72/><F2/><W42/><G118/><T13/><D3/><U119/><E119/><V113/><F50/><W123/><G123/><T91/><D76/><N who="1" m="46183" /><E112/><V64/><F57/><W55/><G29/><T40/><D134/><U18/><E65/><V79/><F64/><W86/><G71/><T131/><D131/><U27/><E47/><V61/><F61/><W33/><G33/><T82/><D126/><U117/><E117/><V45/><F45/><BYE who="2" /><W54/><G62/><T103/><D68/><U15/><E15/><V85/><F85/><W7/><REACH who="3" step="1"/><G48/><REACH who="3" ten="224,345,211,210" step="2"/><UN n2="%E3%82%A6%E3%83%AB%E3%83%88%E3%83%A9%E7%AB%8B%E7%9B%B4" /><T94/><REACH who="0" step="1"/><D69/><REACH who="0" ten="214,345,211,210" step="2"/><U122/><E122/><V81/><F125/><W70/><G70/><T80/><D80/><AGARI ba="0,2" hai="1,7,10,20,26,30,42,43,52,54,55,80,86,89" machi="80" ten="40,2600,0" yaku="1,1,54,1,53,0" doraHai="107" doraHaiUra="100" who="3" fromWho="0" sc="214,-26,345,0,211,0,210,46" /><INIT seed="5,0,0,1,3,127" ten="188,345,211,256" oya="1" hai0="98,118,34,88,39,45,79,54,81,73,106,75,29" hai1="13,59,68,53,0,104,126,89,123,51,46,69,71" hai2="42,14,119,6,25,23,80,33,26,84,108,41,99" hai3="67,128,114,10,82,109,101,115,35,85,9,52,112"/><U97/><E0/><V31/><F119/><W133/><G109/><T48/><D118/><U102/><E123/><V56/><F108/><W121/><G35/><T103/><D39/><U24/><E126/><V21/><F99/><W90/><G121/><T17/><D75/><U64/><E24/><V66/><F33/><W113/><G133/><T43/><D43/><U110/><E110/><V18/><F66/><W4/><G114/><T76/><D76/><U95/><E13/><V40/><F56/><W77/><G67/><T60/><D60/><U74/><E74/><V38/><F38/><W86/><G101/><T111/><D111/><U116/><E116/><V70/><F70/><W27/><G27/><T57/><D29/><U91/><E104/><V63/><F63/><W1/><G9/><T49/><D34/><U93/><E64/><V94/><F94/><N who="3" m="54607" /><G52/><T22/><D45/><U61/><E102/><V92/><F92/><W36/><G36/><T19/><D22/><U72/><E72/><V105/><F105/><W87/><G87/><T122/><D122/><U2/><E2/><V55/><F55/><W5/><G4/><T65/><D65/><U3/><E3/><V28/><F6/><W125/><G125/><T83/><REACH who="0" step="1"/><D48/><REACH who="0" ten="178,345,211,256" step="2"/><U7/><E61/><V50/><F50/><W135/><G135/><T78/><D78/><U16/><E46/><V15/><F31/><W47/><G47/><T30/><D30/><U96/><E71/><V11/><F11/><W32/><G32/><T134/><D134/><U20/><E69/><V58/><F58/><W129/><AGARI ba="0,1" hai="1,5,10,77,82,86,112,113,115,128,129" m="54607" machi="129" ten="40,8000,1" yaku="5,1,15,1,52,2" doraHai="127" who="3" fromWho="3" sc="178,-20,345,-40,211,-20,256,90" /><INIT seed="6,0,0,5,4,71" ten="158,305,191,346" oya="2" hai0="12,70,84,92,105,62,90,122,114,52,10,5,64" hai1="46,80,39,74,14,1,51,55,106,26,25,107,11" hai2="36,68,60,120,95,17,100,35,97,28,109,56,129" hai3="99,135,102,0,58,22,132,87,76,131,57,48,30"/><V111/><F120/><W83/><G0/><T79/><D122/><U115/><E115/><V118/><F118/><W49/><G131/><T4/><D105/><U82/><E1/><V41/><F129/><W32/><G32/><T75/><D114/><U72/><E72/><V15/><F68/><W42/><G22/><T61/><D4/><U6/><E74/><V13/><F28/><W8/><G30/><T101/><D101/><U81/><E106/><V38/><F35/><W117/><G8/><T54/><REACH who="0" step="1"/><D62/><REACH who="0" ten="148,305,191,346" step="2"/><U121/><E107/><V77/><F111/><W37/><G102/><T123/><D123/><U2/><E121/><V65/><F109/><W9/><G132/><T86/><D86/><U134/><E134/><V23/><F77/><W133/><G87/><T130/><D130/><U98/><E6/><V85/><F85/><W24/><G76/><T20/><D20/><U128/><E128/><V18/><F41/><W104/><G42/><T16/><D16/><U112/><E112/><V113/><F113/><W67/><G135/><T40/><D40/><U66/><E80/><AGARI ba="0,1" hai="5,10,12,52,54,61,64,70,75,79,80,84,90,92" machi="80" ten="40,2600,0" yaku="1,1,54,1,53,0" doraHai="71" doraHaiUra="53" who="0" fromWho="1" sc="148,36,305,-26,191,0,346,0" /><INIT seed="7,0,0,2,2,29" ten="184,279,191,346" oya="3" hai0="79,94,102,3,83,105,130,126,108,38,13,70,101" hai1="22,37,98,86,107,33,11,103,97,76,116,120,115" hai2="64,99,110,39,31,59,25,35,91,67,32,80,12" hai3="15,125,75,122,30,133,90,69,66,63,96,84,45"/><W9/><G122/><T121/><D121/><U4/><E37/><V14/><F110/><W27/><G75/><T104/><D3/><U119/><E120/><V89/><F39/><W128/><G133/><T124/><D108/><U68/><E68/><V106/><F106/><N who="0" m="41066" /><D38/><U5/><E22/><N who="2" m="15799" /><F12/><W112/><G45/><T20/><D130/><U23/><E23/><V52/><F35/><W48/><G128/><T95/><D70/><U71/><E71/><V77/><F32/><W74/><G48/><T85/><D13/><U135/><E135/><V7/><F77/><W109/><G109/><T0/><D20/><U51/><E33/><V92/><F89/><W16/><G90/><T6/><D6/><U78/><E11/><N who="2" m="4479" /><F80/><W57/><G15/><T127/><D0/><U19/><E86/><V93/><F93/><AGARI ba="0,0" hai="79,83,85,93,94,95,101,102,124,126,127" m="41066" machi="93" ten="40,5200,0" yaku="18,1,34,2" doraHai="29" who="0" fromWho="2" sc="184,52,279,0,191,-52,346,0" owari="236,-16.0,279,8.0,139,-36.0,346,44.0" /></mjloggm>