<mjloggm ver="2.3"><GO type="169" lobby="0"/><UN n0="%E7%AB%B9%E7%94%B0%E8%AA%A0%E5%BF%97" n1="%36%31%2E%38%EF%BC%85" n2="%E6%93%8D" n3="%E3%83%88%E3%83%88%E3%83%AA%E5%85%88%E7%94%9F%31%39%E6%AD%B3" dan="16,16,17,18" rate="2051.71,2129.08,2176.29,2258.21" sx="M,M,M,F"/><TAIKYOKU oya="0"/><INIT seed="0,0,0,1,5,91" ten="250,250,250,250" oya="0" hai0="5,51,97,128,67,104,73,60,41,115,81,20,47" hai1="79,48,35,132,92,109,129,76,133,88,80,135,103" hai2="85,75,18,134,71,15,36,3,83,27,77,49,122" hai3="25,16,82,72,65,106,17,121,93,99,55,102,29"/><T42/><D115/><U57/><E35/><V24/><F36/><W39/><G121/><T44/><D128/><U108/><E129/><V10/><F122/><W98/><G39/><T117/><D117/><U58/><E103/><V40/><F71/><W95/><G106/><T2/><D2/><U131/><E131/><V14/><F134/><W130/><G130/><T8/><D20/><U68/><E68/><V123/><F123/><W84/><G72/><T120/><D120/><U21/><E21/><V38/><F85/><W124/><G65/><T86/><D73/><N who="1" m="43023" /><E79/><V63/><F63/><W90/><G124/><T54/><D104/><U62/><E48/><V22/><F49/><W116/><G116/><T53/><D97/><N who="1" m="57479" /><E57/><V4/><REACH who="2" step="1"/><F15/><REACH who="2" ten="250,250,240,250" step="2"/><W31/><G55/><AGARI ba="0,1" hai="55,58,62,108,109,132,133,135" m="57479,43023" machi="55" ten="30,3900,0" yaku="20,1,52,1,54,1" doraHai="91" who="1" fromWho="3" sc="250,0,250,49,240,0,250,-39" /><INIT seed="1,0,0,4,1,114" ten="250,299,240,211" oya="1" hai0="4,16,86,80,10,84,67,29,98,92,24,104,108" hai1="9,125,110,35,49,60,90,65,50,129,78,119,112" hai2="123,122,47,2,94,100,38,74,18,22,28,103,95" hai3="117,36,106,99,64,13,48,20,81,30,132,53,56"/><U116/><E112/><V85/><F2/><W15/><G36/><T118/><D104/><U133/><E35/><V57/><F28/><W68/><G132/><T12/><D108/><U25/><E25/><V46/><F74/><W42/><G42/><T130/><D130/><U91/><E78/><V39/><F57/><W1/><G1/><T21/><D118/><N who="1" m="45099" /><E9/><V54/><F54/><W89/><G117/><T44/><D67/><U113/><E113/><V51/><F51/><N who="1" m="19465" /><E65/><V97/><F22/><W71/><G64/><T102/><D44/><U79/><E79/><V45/><F18/><W131/><G15/><T3/><D80/><U33/><E33/><AGARI ba="0,0" hai="3,4,10,12,16,21,24,29,33,84,86,92,98,102" machi="33" ten="30,7700,0" yaku="7,1,24,2,54,1" doraHai="114" who="0" fromWho="1" sc="250,77,299,-77,240,0,211,0" /><INIT seed="2,0,0,3,2,8" ten="327,222,240,211" oya="2" hai0="54,61,13,19,47,77,18,24,11,38,52,68,60" hai1="31,100,22,62,94,48,69,43,99,95,59,105,122" hai2="126,25,102,41,80,42,9,88,39,30,16,7,129" hai3="119,127,132,56,65,51,26,135,106,50,36,89,82"/><V118/><F118/><W33/><G119/><T130/><D130/><U84/><E122/><V0/><F129/><W74/><G36/><T1/><D1/><U66/><E84/><V81/><F126/><W5/><G127/><T49/><D38/><U131/><E131/><V37/><F102/><W67/><G106/><T104/><D104/><U71/><E95/><V79/><F39/><W23/><G33/><T116/><D116/><U6/><E6/><V20/><F37/><W96/><G5/><T75/><D68/><U32/><E32/><V4/><F4/><W70/><G70/><T34/><D54/><U97/><E48/><N who="3" m="18474" /><G56/><T121/><D121/><U3/><E43/><V112/><F112/><W78/><G89/><T15/><D77/><U29/><E29/><V35/><F88/><W133/><G96/><T57/><D75/><U64/><E64/><V2/><F2/><W108/><G108/><T10/><D57/><U90/><E3/><V21/><F81/><W14/><G14/><T91/><D91/><U92/><E105/><V86/><F35/><W113/><G113/><T98/><D98/><U17/><E71/><V123/><REACH who="2" step="1"/><F123/><REACH who="2" ten="327,222,230,211" step="2"/><W63/><G133/><T73/><D73/><U76/><E100/><V103/><F103/><W55/><G132/><T114/><D114/><U117/><E90/><V28/><F28/><AGARI ba="0,1" hai="10,11,13,15,18,19,24,28,34,47,49,52,60,61" machi="28" ten="40,8000,1" yaku="9,1,52,2,54,1" doraHai="8" who="0" fromWho="2" sc="327,90,222,0,230,-80,211,0" /><INIT seed="3,0,0,4,4,26" ten="417,222,150,211" oya="3" hai0="58,17,81,109,118,78,114,43,6,7,101,110,3" hai1="27,65,13,52,86,127,9,50,18,44,20,119,92" hai2="49,21,56,105,8,66,0,83,124,120,32,61,95" hai3="134,104,60,71,112,126,11,57,25,93,107,59,90"/><W87/><G112/><T94/><D118/><U75/><E127/><V30/><F32/><W29/><G126/><T115/><D43/><U80/><E75/><V111/><F124/><W106/><G134/><T89/><D101/><U125/><E119/><V91/><F105/><W113/><G113/><N who="0" m="43019" /><D17/><U51/><E125/><V96/><F111/><N who="0" m="42506" /><D58/><U46/><E65/><V99/><F120/><W122/><G122/><T69/><D69/><U53/><E92/><V130/><F130/><W84/><G11/><T70/><D70/><U22/><REACH who="1" step="1"/><E27/><REACH who="1" ten="417,212,150,211" step="2"/><V64/><F64/><W15/><G106/><T34/><D94/><U45/><E45/><V10/><F95/><W4/><G107/><T2/><D81/><U23/><E23/><V1/><F83/><W123/><G104/><T85/><D34/><U28/><E28/><V82/><F82/><W24/><G123/><T77/><D77/><AGARI ba="0,1" hai="9,13,18,20,22,44,46,50,51,52,53,77,80,86" machi="77" ten="30,8000,1" yaku="1,1,7,1,9,1,8,1,54,1,53,0" doraHai="26" doraHaiUra="67" who="1" fromWho="0" sc="417,-80,212,90,150,0,211,0" /><INIT seed="4,0,0,4,3,75" ten="337,302,150,211" oya="0" hai0="82,9,118,65,133,35,47,102,64,63,60,93,30" hai1="26,53,109,67,71,32,61,48,94,76,4,78,40" hai2="108,16,129,97,50,91,57,117,79,128,52,98,127" hai3="0,22,73,96,8,28,29,111,107,95,88,13,69"/><T83/><D118/><U23/><E109/><V55/><F108/><W2/><G111/><T19/><D133/><U39/><E32/><V44/><F117/><W74/><G69/><T123/><D123/><U33/><E33/><V62/><F127/><W41/><G74/><T119/><D119/><U37/><E4/><V54/><F128/><W121/><G121/><T77/><D35/><U68/><E68/><V42/><F129/><W89/><G73/><T132/><D30/><U116/><E116/><V87/><F79/><W27/><G29/><T135/><D47/><U90/><E39/><V59/><F42/><W6/><G107/><T120/><D120/><U15/><E15/><V45/><F45/><W21/><G41/><T38/><D38/><U115/><E115/><V99/><F16/><W85/><REACH who="3" step="1"/><G22/><REACH who="3" ten="337,302,150,201" step="2"/><T51/><D132/><U125/><E40/><V31/><F31/><W10/><G10/><T124/><D9/><U84/><E125/><V20/><F20/><W1/><G1/><T17/><D124/><U100/><E37/><V86/><REACH who="2" step="1"/><F91/><REACH who="2" ten="337,302,140,201" step="2"/><W72/><G72/><T101/><D135/><U24/><E23/><V3/><F3/><W134/><G134/><T80/><D102/><U12/><E100/><V66/><F66/><W49/><G49/><AGARI ba="0,2" hai="44,49,50,52,54,55,57,59,62,86,87,97,98,99" machi="49" ten="40,8000,1" yaku="1,1,8,1,54,1,53,1" doraHai="75" doraHaiUra="43" who="2" fromWho="3" sc="337,0,302,0,140,100,201,-80" /><INIT seed="5,0,0,5,2,116" ten="337,302,240,121" oya="1" hai0="30,52,102,20,55,5,54,12,44,123,78,67,31" hai1="15,114,75,51,96,65,103,79,122,39,90,68,112" hai2="95,100,69,124,57,84,60,108,36,91,121,8,74" hai3="56,120,33,6,104,101,16,127,106,119,135,110,92"/><U21/><E39/><V87/><F36/><W7/><G110/><T50/><D123/><U25/><E90/><V113/><F69/><W49/><G33/><T27/><D67/><U48/><E15/><V1/><F108/><W18/><G119/><T26/><D102/><U111/><E122/><V115/><F74/><W24/><G120/><T0/><D78/><U82/><E65/><V88/><F100/><W89/><G127/><T9/><REACH who="0" step="1"/><D0/><REACH who="0" ten="327,302,240,121" step="2"/><U37/><E111/><V42/><F124/><W29/><G101/><T70/><D70/><U94/><E68/><V109/><F121/><W61/><G135/><T132/><D132/><U10/><E79/><V80/><F109/><W71/><G71/><T128/><D128/><U28/><E103/><V35/><F1/><W40/><G106/><T17/><D17/><U53/><E112/><V98/><F115/><W131/><G104/><T118/><D118/><U41/><E114/><V59/><F113/><W64/><G131/><T47/><D47/><U117/><E117/><V83/><F59/><W66/><G66/><T46/><D46/><U126/><E126/><V76/><F57/><W22/><G18/><T125/><D125/><U85/><E28/><V134/><F134/><W130/><G29/><T45/><D45/><U58/><E58/><V129/><F129/><W2/><G130/><T23/><AGARI ba="0,1" hai="5,9,12,20,23,26,27,30,31,44,50,52,54,55" machi="23" ten="20,12000,2" yaku="1,1,0,1,7,1,9,1,8,1,54,1,53,0" doraHai="116" doraHaiUra="32" who="0" fromWho="0" sc="327,130,302,-60,240,-30,121,-30" /><INIT seed="6,0,0,2,3,33" ten="457,242,210,91" oya="2" hai0="16,58,120,62,36,85,114,132,45,91,122,64,57" hai1="100,121,102,66,49,7,44,74,46,11,24,94,111" hai2="25,51,65,39,72,79,112,123,1,53,29,135,54" hai3="76,26,6,3,77,13,80,22,14,28,124,70,17"/><V113/><F123/><W42/><G70/><T32/><D32/><U2/><E74/><V27/><F39/><W78/><G124/><T50/><D36/><U21/><E111/><V117/><F117/><W96/><G42/><T98/><D98/><U56/><E102/><V99/><F65/><W30/><G96/><T18/><D114/><U23/><E23/><V116/><F116/><W67/><G67/><T129/><D129/><U52/><E121/><V47/><F99/><W89/><G89/><T134/><D57/><U10/><E10/><V69/><F69/><W87/><G14/><T125/><D125/><U92/><E100/><V38/><F38/><W103/><G103/><T86/><D86/><U130/><E130/><V131/><F131/><W107/><G30/><T55/><D120/><U105/><E105/><V115/><F53/><W126/><G107/><T5/><D5/><U81/><E81/><N who="2" m="45287" /><F135/><N who="0" m="51754" /><D122/><U118/><E118/><V90/><F90/><W19/><G126/><T71/><D71/><U12/><E66/><V34/><F27/><W31/><G31/><T20/><D20/><U61/><E24/><V68/><F68/><W0/><G19/><T59/><D59/><U8/><E56/><V60/><F60/><W104/><G104/><T101/><D101/><U40/><E61/><V110/><F110/><W97/><G97/><T127/><D127/><U82/><E21/><V119/><F119/><W128/><G128/><T73/><D73/><U4/><E49/><V9/><F115/><W15/><G28/><T43/><D64/><U37/><E37/><V48/><F48/><RYUUKYOKU ba="0,0" sc="457,15,242,-15,210,15,91,-15" hai0="16,18,43,45,50,55,58,62,85,91" hai2="1,9,25,29,34,47,51,54,112,113" /><INIT seed="6,1,0,5,4,18" ten="472,227,225,76" oya="2" hai0="44,70,74,15,20,128,3,115,53,30,48,85,71" hai1="62,4,129,50,91,84,110,132,34,96,77,82,17" hai2="80,54,83,79,33,120,125,26,27,55,102,60,69" hai3="103,35,135,58,116,45,47,39,6,121,134,21,38"/><V22/><F120/><W117/><G6/><T41/><D3/><U97/><E34/><V131/><F125/><W81/><G35/><T14/><D74/><U112/><E112/><V76/><F102/><W43/><G103/><T68/><D115/><U109/><E129/><V63/><F33/><W95/><G95/><T56/><D128/><U123/><E132/><V11/><F11/><W105/><G81/><T133/><D133/><U59/><E4/><V108/><F131/><W88/><G105/><T100/><D100/><U29/><E29/><V118/><F69/><W93/><G93/><T126/><D85/><U24/><E110/><V1/><F1/><W12/><G12/><T72/><D72/><U113/><E109/><V73/><F108/><W23/><G58/><T28/><D28/><U52/><E123/><V78/><F118/><W124/><G121/><T13/><D30/><U130/><E130/><V37/><F37/><W86/><G86/><T101/><D101/><U57/><E91/><V25/><F73/><W31/><G31/><T36/><D126/><U61/><E113/><V127/><F127/><W0/><G124/><T64/><D71/><U92/><E92/><V19/><F83/><W49/><G49/><T114/><D70/><U40/><E96/><V5/><F5/><W119/><G119/><T122/><D68/><U2/><E97/><V7/><F7/><W75/><G75/><T67/><D114/><U94/><E94/><V8/><F80/><W89/><REACH who="3" step="1"/><G43/><REACH who="3" ten="472,227,225,66" step="2"/><N who="0" m="22631" /><D122/><U42/><E82/><V99/><F99/><W90/><G90/><T111/><D111/><RYUUKYOKU ba="1,1" sc="472,-10,227,-10,225,-10,66,30" hai3="0,21,23,38,39,45,47,88,89,116,117,134,135" /><INIT seed="7,2,1,5,4,39" ten="462,217,215,96" oya="3" hai0="15,51,82,102,54,110,37,32,121,81,60,108,22" hai1="25,24,9,96,2,20,118,104,72,100,65,124,18" hai2="34,127,119,93,133,106,59,89,21,49,120,45,78" hai3="130,29,114,71,48,11,8,76,131,113,101,125,123"/><W88/><G123/><T42/><D32/><U84/><E72/><V30/><F34/><W31/><G71/><T128/><D102/><U105/><E124/><V17/><F30/><N who="3" m="11275" /><G101/><T61/><D121/><U90/><E118/><V135/><F106/><W57/><G76/><T69/><D61/><U43/><E65/><V0/><F78/><W103/><G103/><T33/><D33/><U73/><E73/><V83/><F120/><W99/><G125/><T53/><D53/><U66/><E66/><V98/><F127/><W50/><G57/><N who="0" m="32991" /><D128/><N who="3" m="49193" /><G99/><T122/><D122/><U80/><E104/><V132/><F59/><W7/><G88/><T56/><D56/><U13/><E96/><V55/><F119/><W5/><G50/><T77/><D82/><U3/><E105/><V19/><F83/><W44/><G48/><T41/><D81/><U115/><E100/><V35/><F35/><W112/><G44/><T75/><D77/><U64/><E90/><V38/><F38/><W107/><G107/><T117/><D75/><U87/><E80/><V62/><F62/><W47/><G47/><T74/><D74/><U97/><E97/><V10/><F21/><W52/><G52/><T58/><D58/><U86/><E20/><V23/><F23/><W67/><G67/><N who="0" m="41191" /><D117/><U16/><E64/><V46/><F46/><W95/><G95/><T68/><D68/><U85/><E85/><V134/><F134/><W27/><G27/><T4/><D37/><U92/><E87/><V36/><F36/><W79/><G79/><T1/><D22/><U28/><E86/><V6/><AGARI ba="2,1" hai="0,6,10,17,19,45,49,55,89,93,98,132,133,135" machi="6" ten="40,5200,0" yaku="5,1,0,1,20,1" doraHai="39" who="2" fromWho="2" sc="462,-15,217,-15,215,68,96,-28" owari="447,55.0,202,-20.0,283,8.0,68,-43.0" /></mjloggm>