<mjloggm ver="2.3"><GO type="169" lobby="0"/><UN n0="%53%50%49%43%41%40%58" n1="%E4%B8%96%E5%A4%A2" n2="%E3%82%88%E3%83%BC%EF%BC%A0%E3%83%AD%E3%83%83%E3%82%AF" n3="%E3%82%A6%E3%83%AB%E3%83%88%E3%83%A9%E7%AB%8B%E7%9B%B4" dan="18,16,16,17" rate="2173.02,2156.07,2069.29,2228.32" sx="M,F,M,M"/><TAIKYOKU oya="0"/><INIT seed="0,0,0,3,5,17" ten="250,250,250,250" oya="0" hai0="93,13,79,121,116,98,32,122,0,99,30,63,23" hai1="37,61,4,130,91,34,19,62,127,7,68,72,43" hai2="78,21,59,6,82,85,36,134,107,106,95,56,119" hai3="38,118,92,10,18,22,73,135,57,88,41,8,54"/><T83/><D0/><U71/><E34/><V24/><F36/><W12/><G73/><T125/><D116/><U67/><E72/><V42/><F42/><W16/><G118/><T2/><D2/><U15/><E130/><V25/><F119/><W44/><G18/><T111/><D125/><U53/><E127/><V75/><F134/><W69/><G69/><T35/><D99/><U58/><E71/><V96/><F6/><W3/><G3/><T28/><D35/><U124/><E124/><V47/><F47/><W102/><G102/><T48/><D63/><U66/><E66/><V101/><F24/><W131/><G131/><T89/><D111/><U55/><E55/><V51/><F51/><N who="3" m="27023" /><G135/><T109/><D109/><U60/><E60/><V113/><F113/><W20/><G10/><T50/><D32/><U65/><E65/><V108/><F108/><W115/><G38/><T133/><D133/><U100/><E100/><V80/><F107/><W117/><G117/><T94/><D30/><U5/><E43/><V14/><F14/><W27/><G27/><N who="0" m="16511" /><D13/><U1/><E37/><V103/><F103/><W64/><G64/><T129/><D129/><U120/><E1/><V74/><F74/><W97/><G115/><T86/><D121/><U81/><E120/><V128/><F128/><W9/><G9/><T114/><D114/><U76/><E15/><V112/><F112/><W132/><G132/><T46/><D122/><U33/><E19/><N who="2" m="12479" /><F106/><W126/><G126/><T90/><D46/><U31/><E68/><V104/><F104/><W39/><G39/><T49/><D49/><AGARI ba="0,0" hai="8,12,16,20,22,49,54,57,88,92,97" m="27023" machi="49" ten="30,12000,2" yaku="6,1,8,1,52,2,54,2" doraHai="17" who="3" fromWho="0" sc="250,-120,250,0,250,0,250,120" /><INIT seed="1,0,0,4,0,80" ten="130,250,250,370" oya="1" hai0="43,70,37,0,93,28,45,61,3,133,50,16,79" hai1="12,72,38,112,36,84,109,87,32,19,89,128,71" hai2="95,2,49,53,63,78,121,65,44,125,40,39,6" hai3="68,57,5,111,46,82,10,18,123,67,74,86,59"/><U132/><E32/><V119/><F119/><W97/><G74/><T98/><D133/><U62/><E112/><V69/><F121/><W77/><G123/><T27/><D79/><U110/><E132/><V26/><F125/><W81/><G81/><T60/><D37/><U58/><E72/><V24/><F78/><W31/><G31/><T91/><D28/><U30/><E30/><V94/><F2/><W101/><G111/><N who="1" m="42506" /><E71/><V34/><F6/><W115/><G115/><T23/><REACH who="0" step="1"/><D60/><REACH who="0" ten="120,250,250,370" step="2"/><U107/><E128/><V120/><F120/><W102/><G77/><T83/><D83/><U108/><E108/><V8/><F34/><W118/><G82/><T130/><D130/><U41/><E38/><V116/><F116/><W99/><G118/><T126/><D126/><U104/><E36/><V75/><F39/><W90/><G18/><T1/><D1/><U105/><E41/><V124/><F40/><W122/><G122/><T131/><D131/><U88/><E19/><V76/><F124/><W106/><G5/><T64/><AGARI ba="0,1" hai="0,3,16,23,27,43,45,50,61,64,70,91,93,98" machi="64" ten="30,4000,0" yaku="1,1,0,1,54,1,53,0" doraHai="80" doraHaiUra="48" who="0" fromWho="0" sc="120,50,250,-20,250,-10,370,-10" /><INIT seed="2,0,0,0,3,102" ten="170,230,240,360" oya="2" hai0="66,117,25,112,11,99,27,79,76,87,22,15,90" hai1="123,119,35,107,75,61,37,49,50,73,89,105,85" hai2="53,134,10,120,101,56,32,68,128,64,103,116,92" hai3="40,55,58,104,93,86,125,57,110,13,20,8,126"/><V94/><F120/><W12/><G104/><T43/><D112/><U36/><E35/><V132/><F116/><W39/><G110/><T23/><D117/><U78/><E119/><V65/><F32/><W74/><G74/><T0/><D0/><U62/><E85/><V30/><F30/><W16/><G40/><T69/><D43/><U80/><E80/><V127/><F10/><W91/><G39/><T46/><D46/><U122/><REACH who="1" step="1"/><E89/><REACH who="1" ten="170,220,240,360" step="2"/><V95/><F128/><W19/><REACH who="3" step="1"/><G58/><REACH who="3" ten="170,220,240,350" step="2"/><T47/><D69/><U83/><E83/><V4/><F68/><W18/><G18/><T113/><D113/><U98/><E98/><V31/><F56/><W5/><G5/><T81/><D99/><U129/><E129/><V84/><F4/><W96/><G96/><T88/><D81/><U9/><E9/><V118/><F118/><W38/><G38/><T54/><D11/><U121/><E121/><V42/><F84/><W67/><G67/><T72/><D87/><U51/><E51/><AGARI ba="0,2" hai="8,12,13,16,19,20,51,55,57,86,91,93,125,126" machi="51" ten="40,8000,1" yaku="1,1,25,2,54,1,53,1" doraHai="102" doraHaiUra="44" who="3" fromWho="1" sc="170,0,220,-80,240,0,350,100" /><INIT seed="3,0,0,3,1,77" ten="170,140,240,450" oya="3" hai0="0,118,4,113,110,116,70,51,100,45,23,69,29" hai1="76,15,22,121,47,117,60,119,63,135,90,82,129" hai2="57,109,111,105,40,25,81,16,5,37,11,99,107" hai3="42,7,114,39,14,54,50,10,94,95,20,102,79"/><W21/><G114/><T58/><D113/><U12/><E121/><V32/><F40/><W97/><G79/><T53/><D110/><N who="2" m="41994" /><F37/><W103/><G42/><T122/><D122/><U17/><E135/><V46/><F46/><W6/><G6/><T128/><D128/><U133/><E133/><V34/><F57/><W62/><G62/><N who="1" m="23594" /><E129/><V52/><F52/><W87/><G39/><T96/><D69/><U31/><E47/><V125/><F125/><W56/><G87/><T49/><D70/><U26/><E90/><V43/><F43/><W108/><G108/><T27/><D4/><U8/><E31/><N who="2" m="19567" /><F34/><W41/><G41/><T19/><D45/><U127/><E127/><V2/><F99/><AGARI ba="0,0" hai="7,10,14,20,21,50,54,56,94,95,97,99,102,103" machi="99" ten="40,3900,0" yaku="9,1,8,1" doraHai="77" who="3" fromWho="2" sc="170,0,140,0,240,-39,450,39" /><INIT seed="3,1,0,2,1,94" ten="170,140,201,489" oya="3" hai0="109,58,65,35,104,63,105,60,124,123,43,59,44" hai1="85,129,25,21,90,61,111,89,11,97,125,26,95" hai2="36,16,101,64,118,88,87,99,76,22,79,75,134" hai3="110,78,62,5,67,2,49,42,81,20,72,18,102"/><W46/><G110/><T98/><D123/><U70/><E111/><V96/><F118/><W40/><G102/><T7/><D109/><U84/><E129/><V53/><F36/><W10/><G49/><T86/><D35/><U52/><E125/><V92/><F134/><W27/><REACH who="3" step="1"/><G46/><REACH who="3" ten="170,140,201,479" step="2"/><T132/><D44/><U122/><E122/><V23/><F101/><W103/><G103/><T34/><D132/><U57/><E70/><AGARI ba="1,1" hai="2,5,10,18,20,27,40,42,62,67,70,72,78,81" machi="70" ten="30,2900,0" yaku="1,1,7,1,53,0" doraHai="94" doraHaiUra="93" who="3" fromWho="1" sc="170,0,140,-32,201,0,479,42" /><INIT seed="3,2,0,3,0,24" ten="170,108,201,521" oya="3" hai0="127,27,125,107,51,15,93,101,50,85,81,58,12" hai1="115,78,7,33,34,1,61,128,22,65,9,74,32" hai2="92,79,72,100,124,47,39,45,18,56,82,42,53" hai3="66,49,17,2,91,80,112,96,98,86,133,20,70"/><W26/><G112/><T23/><D107/><U118/><E22/><V110/><F110/><W31/><G2/><T87/><D101/><U120/><E115/><V131/><F131/><W46/><G133/><T88/><D127/><U123/><E128/><V99/><F124/><W113/><G113/><T84/><D125/><U5/><E5/><V11/><F47/><W21/><G66/><T36/><D36/><U0/><E0/><V126/><F126/><W134/><G70/><T60/><D50/><U106/><E106/><V4/><F18/><W57/><G57/><T54/><D51/><U76/><E76/><V28/><F28/><W83/><G83/><T14/><REACH who="0" step="1"/><D81/><REACH who="0" ten="160,108,201,521" step="2"/><N who="1" m="45271" /><E118/><V43/><F43/><N who="3" m="24799" /><G134/><T30/><AGARI ba="2,1" hai="12,14,15,23,27,30,54,58,60,84,85,87,88,93" machi="30" ten="30,8000,1" yaku="1,1,0,1,8,1,52,1,54,1,53,0" doraHai="24" doraHaiUra="102" who="0" fromWho="0" sc="160,96,108,-22,201,-22,521,-42" /><INIT seed="4,0,0,5,4,46" ten="256,86,179,479" oya="0" hai0="119,115,24,75,135,52,95,12,118,40,92,41,133" hai1="134,9,91,44,76,131,117,26,42,17,31,126,19" hai2="3,7,58,6,93,67,87,71,65,11,33,18,84" hai3="22,108,120,47,82,57,111,116,72,2,51,94,103"/><T121/><D121/><U97/><E117/><V109/><F109/><W86/><G2/><T99/><D75/><U79/><E126/><V30/><F7/><W45/><G45/><T14/><D24/><U39/><E131/><V104/><F104/><W83/><G57/><T85/><D85/><U59/><E134/><V73/><F73/><W81/><G82/><T0/><D99/><U53/><E97/><V27/><F71/><W124/><G124/><T89/><D89/><U70/><E70/><V23/><F93/><W80/><G83/><T63/><D63/><U113/><E91/><V16/><F18/><W123/><G116/><T107/><D0/><U127/><E127/><V60/><REACH who="2" step="1"/><F67/><REACH who="2" ten="256,86,169,479" step="2"/><W36/><G72/><T50/><D107/><U88/><E113/><V74/><F74/><W49/><G94/><T114/><D95/><U129/><E19/><V21/><F21/><W90/><G22/><T20/><D92/><U54/><E17/><V8/><F8/><W38/><G86/><T64/><D20/><U102/><E9/><V35/><F35/><W62/><G90/><T96/><D64/><U101/><E88/><V100/><F100/><N who="1" m="38505" /><E129/><V13/><AGARI ba="0,1" hai="3,6,11,13,16,23,27,30,33,58,60,65,84,87" machi="13" ten="20,12000,2" yaku="1,1,0,1,7,1,24,2,54,1,53,1" doraHai="46" doraHaiUra="61" who="2" fromWho="2" sc="256,-60,86,-30,169,130,479,-30" /><INIT seed="5,0,0,3,2,55" ten="196,56,299,449" oya="1" hai0="70,54,107,101,118,74,31,126,4,53,116,83,16" hai1="45,36,91,80,102,85,42,17,24,75,134,123,62" hai2="81,32,112,78,26,86,20,11,128,108,27,121,122" hai3="59,21,2,67,12,19,23,60,120,57,34,131,87"/><U5/><E123/><V82/><F108/><W130/><G34/><T63/><D4/><U88/><E134/><V8/><F32/><W3/><G120/><T13/><D53/><U68/><E75/><V52/><F128/><N who="3" m="49195" /><G87/><T10/><D31/><U46/><E46/><V92/><F112/><W35/><G35/><T96/><D126/><U37/><E37/><V114/><F114/><W72/><G72/><T65/><REACH who="0" step="1"/><D54/><REACH who="0" ten="186,56,299,449" step="2"/><U95/><E5/><V38/><F52/><W97/><G2/><T22/><D22/><U66/><E17/><V117/><F20/><W89/><G23/><T29/><D29/><U115/><E115/><V106/><F121/><W71/><G3/><T56/><D56/><U129/><E129/><V0/><F0/><W7/><G7/><T119/><D119/><U132/><E132/><V28/><F117/><W90/><G97/><T99/><D99/><N who="1" m="59775" /><E24/><V6/><F27/><W124/><G124/><T103/><D103/><U100/><E100/><V44/><F26/><W110/><G110/><T111/><D111/><U104/><E104/><V135/><F106/><W15/><G15/><T79/><AGARI ba="0,1" hai="10,13,16,63,65,70,74,79,83,96,101,107,116,118" machi="79" ten="30,4000,0" yaku="1,1,0,1,54,1,53,0" doraHai="55" doraHaiUra="18" who="0" fromWho="0" sc="186,50,56,-20,299,-10,449,-10" /><INIT seed="6,0,0,5,0,81" ten="236,36,289,439" oya="2" hai0="44,21,83,30,92,0,59,1,11,130,31,123,80" hai1="107,26,29,32,89,133,115,131,122,10,118,2,129" hai2="55,110,6,57,37,28,99,58,106,63,103,85,75" hai3="88,33,47,112,38,94,56,35,98,60,51,8,64"/><V67/><F75/><W128/><G128/><T86/><D123/><U77/><E89/><V90/><F37/><W97/><G112/><T100/><D130/><U78/><E77/><V62/><F110/><W120/><G120/><T3/><D11/><U5/><E78/><V102/><F102/><W7/><G98/><T40/><D59/><U13/><E129/><V53/><F28/><W61/><G61/><T108/><D108/><U84/><E84/><V71/><F6/><W45/><G45/><T18/><D92/><U34/><E13/><V24/><F24/><W82/><G82/><T132/><D83/><U14/><E26/><V49/><F71/><W111/><G38/><T116/><D100/><U117/><E29/><V41/><F41/><W126/><G126/><T135/><D116/><U119/><E14/><V113/><F113/><W65/><G65/><T69/><D69/><U104/><E131/><V73/><F73/><W27/><G27/><N who="0" m="14775" /><D44/><U76/><E76/><V39/><F39/><W72/><G72/><T70/><D40/><U96/><E115/><V9/><F9/><W105/><G105/><N who="1" m="40522" /><E122/><V91/><F67/><W15/><G111/><T22/><D70/><U125/><E125/><V124/><F124/><W54/><AGARI ba="0,0" hai="7,8,15,33,35,47,51,54,56,60,64,88,94,97" machi="54" ten="20,2700,0" yaku="0,1,7,1,54,1" doraHai="81" who="3" fromWho="3" sc="236,-7,36,-7,289,-13,439,27" /><INIT seed="7,0,0,2,5,52" ten="229,29,276,466" oya="3" hai0="5,22,128,31,101,84,33,16,50,81,51,124,97" hai1="111,127,23,62,93,69,37,122,83,119,11,18,85" hai2="42,35,7,82,6,13,36,108,120,100,72,67,15" hai3="77,80,55,40,58,0,132,9,14,66,46,44,91"/><W65/><G91/><T4/><D128/><U105/><E93/><V74/><F35/><W126/><G0/><T78/><D124/><U98/><E98/><V68/><F108/><W43/><G132/><T133/><D133/><U17/><E17/><V104/><F42/><W125/><G14/><T64/><D64/><U87/><E18/><V49/><F36/><W86/><G9/><T107/><D31/><U88/><E11/><V32/><F49/><W117/><G86/><T3/><D33/><U134/><E88/><V110/><F67/><W27/><G80/><T121/><D121/><U1/><E83/><V95/><F68/><W41/><G27/><T131/><D131/><U75/><E23/><V63/><F32/><W54/><G77/><T38/><D38/><U28/><E62/><V57/><F63/><W90/><G90/><T26/><REACH who="0" step="1"/><D3/><REACH who="0" ten="219,29,276,466" step="2"/><U24/><E28/><V34/><F120/><W61/><G117/><T53/><D53/><N who="3" m="19977" /><G65/><T79/><D79/><U30/><E30/><V25/><F34/><W47/><AGARI ba="0,1" hai="40,41,43,44,46,47,58,61,66,125,126" m="19977" machi="47" ten="40,7800,0" yaku="34,2,52,1" doraHai="52" who="3" fromWho="3" sc="219,-26,29,-26,276,-26,466,88" owari="193,-21.0,3,-50.0,250,5.0,554,66.0" /></mjloggm>