<mjloggm ver="2.3"><GO type="41" lobby="0"/><UN n0="%E6%88%8C" n1="%E5%B0%B1%E6%B4%BB%E7%94%9F%40%E5%B7%9D%E6%9D%91%E8%BB%8D%E5%9B%A3" n2="%E3%81%A4%E3%83%BC%EF%BC%81" n3="%64%6F%6F%6F%6F%77%79" dan="13,14,14,15" rate="1849.75,1939.47,1879.92,1942.78" sx="M,M,M,M"/><TAIKYOKU oya="0"/><INIT seed="0,0,0,1,0,41" ten="250,250,250,250" oya="0" hai0="82,57,11,32,0,78,127,2,66,31,3,21,75" hai1="8,56,38,23,94,42,4,134,77,47,114,27,110" hai2="17,62,37,58,115,43,49,72,124,18,105,25,126" hai3="86,76,122,90,54,10,111,107,69,109,74,40,55"/><T36/><D127/><N who="2" m="48682" /><F105/><W60/><G107/><T88/><D57/><U83/><E134/><V46/><F115/><W50/><G74/><T5/><D66/><U7/><E114/><V123/><F123/><W100/><G76/><T26/><D21/><U128/><E128/><V116/><F72/><W73/><G73/><T91/><D91/><U63/><E110/><N who="3" m="41994" /><G100/><T96/><D96/><U108/><E108/><V125/><F116/><W34/><G34/><T45/><D88/><U1/><E7/><V12/><F25/><W98/><G98/><T87/><D87/><U113/><E113/><V67/><N who="2" m="48690" /><V14/><DORA hai="39" /><F37/><W80/><G10/><T120/><D120/><U6/><E6/><V117/><F117/><W65/><G122/><T9/><D11/><U64/><E94/><V24/><F24/><W97/><G97/><T112/><D112/><U22/><REACH who="1" step="1"/><E27/><REACH who="1" ten="250,240,250,250" step="2"/><V84/><F84/><AGARI ba="0,1" hai="1,4,8,22,23,38,42,47,56,63,64,77,83,84" machi="84" ten="30,12000,2" yaku="1,1,2,1,7,1,52,2,53,1" doraHai="41,39" doraHaiUra="28,71" who="1" fromWho="2" sc="250,0,240,130,250,-120,250,0" /><INIT seed="1,0,0,5,3,75" ten="250,370,130,250" oya="1" hai0="112,132,129,57,52,92,125,110,73,7,128,100,96" hai1="109,62,35,108,44,102,51,105,76,103,116,95,111" hai2="99,18,24,28,83,113,9,27,66,114,11,46,14" hai3="74,39,91,85,1,63,48,2,12,30,81,98,93"/><U106/><E35/><V40/><F66/><W49/><G39/><T43/><D43/><U36/><E36/><V86/><F99/><W107/><G30/><T47/><D112/><U79/><E116/><V8/><F113/><W17/><G63/><T65/><D65/><U31/><E31/><V127/><F127/><W134/><G134/><T34/><D132/><U45/><E62/><V119/><F119/><W3/><G107/><N who="1" m="40970" /><E45/><V78/><F114/><W70/><G74/><T121/><D34/><U13/><E13/><V97/><F97/><W87/><G70/><T115/><D115/><U41/><E95/><V123/><F123/><W71/><G71/><T20/><D121/><U133/><E133/><V135/><F135/><W120/><G120/><T124/><D47/><U131/><E131/><N who="0" m="50249" /><D7/><U69/><E69/><V38/><REACH who="2" step="1"/><F27/><REACH who="2" ten="250,370,120,250" step="2"/><W60/><G98/><T16/><D73/><U104/><E104/><V53/><F53/><W82/><G87/><T33/><D33/><AGARI ba="0,1" hai="8,9,11,14,18,24,28,33,38,40,46,78,83,86" machi="33" ten="30,3900,0" yaku="1,1,7,1,52,1,53,0" doraHai="75" doraHaiUra="101" who="2" fromWho="0" sc="250,-39,370,0,120,49,250,0" /><INIT seed="2,0,0,5,1,7" ten="211,370,169,250" oya="2" hai0="68,62,118,22,133,24,55,101,92,85,54,123,126" hai1="83,28,87,23,61,31,74,52,73,43,39,75,9" hai2="91,18,45,21,114,70,66,38,109,106,46,84,69" hai3="63,60,93,14,105,27,124,104,17,33,49,122,134"/><V132/><F114/><W59/><G122/><T125/><D123/><U47/><E23/><V13/><F106/><W102/><G124/><N who="0" m="47723" /><D118/><U1/><E61/><V81/><F132/><W116/><G116/><T79/><D133/><U67/><E67/><V127/><F127/><W80/><G134/><T6/><D79/><U113/><E113/><V4/><F109/><W98/><G80/><T37/><D37/><U131/><E131/><V111/><F111/><W12/><G49/><T107/><D107/><U29/><E52/><N who="0" m="20009" /><D62/><U2/><REACH who="1" step="1"/><E9/><REACH who="1" ten="211,360,169,250" step="2"/><V30/><F66/><W115/><G63/><T119/><D119/><U53/><E53/><V16/><F69/><W51/><G60/><T15/><D68/><U71/><E71/><V100/><F70/><W103/><G115/><T5/><D5/><U41/><E41/><V42/><F45/><W50/><G59/><T25/><D22/><U3/><E3/><V32/><F46/><W112/><G112/><T108/><D108/><U26/><E26/><V57/><F57/><W10/><G27/><T95/><D24/><U89/><AGARI ba="0,1" hai="1,2,28,29,31,39,43,47,73,74,75,83,87,89" machi="89" ten="40,5200,0" yaku="1,1,0,1,53,1" doraHai="7" doraHaiUra="36" who="1" fromWho="1" sc="211,-13,360,62,169,-26,250,-13" /><INIT seed="3,0,0,5,5,106" ten="198,422,143,237" oya="3" hai0="82,103,92,125,85,72,69,108,135,107,66,84,81" hai1="95,97,9,53,38,71,127,21,25,29,46,58,22" hai2="91,45,111,49,118,110,104,11,36,123,64,99,30" hai3="80,20,27,134,74,133,63,57,100,54,78,117,2"/><W41/><G117/><T50/><D69/><U31/><E71/><V16/><F118/><W88/><G2/><T128/><D66/><U56/><E127/><V34/><F36/><W130/><G100/><T59/><D125/><U42/><E9/><V70/><F123/><W109/><G41/><T14/><D59/><U18/><E22/><V32/><F64/><W86/><G130/><T65/><D65/><U52/><E56/><V112/><F70/><W10/><G10/><T105/><D50/><U13/><E13/><N who="2" m="7231" /><F112/><W7/><G7/><T102/><D128/><U17/><E17/><V40/><F30/><W24/><G109/><N who="2" m="41481" /><F104/><N who="0" m="40010" /><D14/><U33/><E33/><N who="2" m="12907" /><F99/><W43/><G43/><T93/><D108/><U119/><E119/><V116/><F116/><W0/><G0/><T4/><D4/><U47/><E47/><V19/><F19/><W120/><G120/><T87/><D135/><N who="3" m="51721" /><G20/><T26/><D26/><U39/><E39/><V94/><F94/><AGARI ba="0,0" hai="24,27,54,57,63,74,78,80,86,88,94" m="51721" machi="94" ten="30,5800,0" yaku="20,1,52,1,54,1" doraHai="106" who="3" fromWho="2" sc="198,0,422,0,143,-58,237,58" /><INIT seed="3,1,0,0,2,80" ten="198,422,85,295" oya="3" hai0="98,22,126,120,77,10,89,135,108,83,65,93,2" hai1="107,115,111,131,90,37,121,76,14,103,39,9,85" hai2="26,97,67,82,114,69,134,43,78,5,106,73,51" hai3="75,124,31,38,4,29,30,23,96,35,72,33,16"/><W36/><G124/><T47/><D126/><U128/><E121/><V99/><F114/><W117/><G117/><T11/><D120/><U52/><E111/><V56/><F5/><W74/><G4/><T32/><D108/><U132/><E132/><V94/><F134/><W61/><G61/><T127/><D135/><U15/><E76/><V91/><F26/><W3/><G3/><T123/><D123/><U8/><E115/><V42/><F69/><W21/><G96/><T27/><D65/><U95/><E107/><V25/><F25/><W130/><G130/><N who="1" m="49706" /><E103/><V49/><F49/><W66/><G66/><T24/><D2/><U100/><E100/><V7/><F7/><W129/><G129/><T19/><D127/><U63/><E14/><V60/><F51/><W102/><G102/><T17/><D47/><U40/><E40/><V48/><F48/><W62/><G62/><T88/><D89/><U101/><E101/><V113/><F113/><W122/><G122/><T0/><D0/><U44/><E44/><V13/><F106/><W6/><G6/><T54/><D54/><U34/><E34/><V105/><F105/><W110/><G110/><T59/><D59/><N who="1" m="35303" /><E15/><V86/><F13/><W12/><REACH who="3" step="1"/><G23/><REACH who="3" ten="198,422,85,285" step="2"/><T116/><D116/><U84/><E9/><V68/><REACH who="2" step="1"/><F68/><REACH who="2" ten="198,422,75,285" step="2"/><W1/><G1/><T58/><D32/><AGARI ba="1,2" hai="12,16,21,29,30,31,32,33,35,36,38,72,74,75" machi="32" ten="50,4800,0" yaku="1,1,54,1,53,0" doraHai="80" doraHaiUra="118" who="3" fromWho="0" sc="198,-51,422,0,75,0,285,71" /><INIT seed="3,2,0,2,4,108" ten="147,422,75,356" oya="3" hai0="37,132,107,102,24,18,10,134,55,21,89,39,46" hai1="50,6,101,85,80,77,133,68,122,119,34,104,12" hai2="62,87,109,64,49,43,13,121,120,63,113,60,106" hai3="123,28,92,25,15,129,1,56,7,23,8,131,78"/><W66/><G123/><N who="2" m="47177" /><F106/><W81/><G92/><T103/><D10/><U73/><E34/><V95/><F13/><W74/><REACH who="3" step="1"/><G1/><REACH who="3" ten="147,422,75,346" step="2"/><T117/><D117/><U67/><E119/><V99/><F109/><W86/><G86/><T52/><D107/><U75/><E122/><V20/><F87/><W71/><G71/><T118/><D118/><U128/><E85/><V116/><F116/><W30/><G30/><T97/><D89/><U65/><E75/><V19/><F95/><W5/><G5/><T96/><D24/><U2/><E68/><V98/><F98/><W22/><G22/><T26/><D26/><U125/><E2/><V58/><F99/><W11/><G11/><T59/><D21/><U130/><E104/><V135/><F20/><W72/><G72/><T79/><D18/><U44/><E73/><V40/><F19/><W33/><G33/><T31/><D31/><U4/><E4/><V69/><F135/><W29/><G29/><T83/><D79/><U36/><E133/><V14/><F14/><W42/><G42/><N who="2" m="15913" /><F113/><W45/><G45/><T57/><D83/><U124/><E44/><AGARI ba="2,1" hai="37,39,44,46,52,55,57,59,96,97,102,103,132,134" machi="44" ten="25,3200,0" yaku="22,2,54,1" doraHai="108" who="0" fromWho="1" sc="147,48,422,-38,75,0,346,0" /><INIT seed="4,0,0,0,2,91" ten="195,384,75,346" oya="0" hai0="110,23,5,17,25,131,50,7,117,51,46,118,88" hai1="78,59,125,60,128,63,93,94,52,114,48,11,98" hai2="29,64,20,89,101,127,126,103,119,54,129,130,123" hai3="105,111,69,76,12,108,124,62,42,132,15,10,115"/><T0/><D131/><N who="2" m="50186" /><F64/><W2/><G105/><T3/><D110/><U36/><E36/><V21/><F123/><W33/><G33/><T4/><D51/><U90/><E128/><V27/><F119/><W112/><G2/><T44/><D44/><U58/><E125/><N who="2" m="47627" /><F54/><W95/><G42/><T41/><D117/><U121/><E121/><V113/><F113/><W73/><G69/><T37/><D118/><U18/><E78/><V86/><F20/><W107/><G10/><T24/><D37/><U99/><E114/><V80/><AGARI ba="0,0" hai="21,27,29,80,86,89,101,103" m="47627,50186" machi="80" ten="30,2000,0" yaku="19,1,18,1" doraHai="91" who="2" fromWho="2" sc="195,-10,384,-5,75,20,346,-5" /><INIT seed="5,0,0,3,1,118" ten="185,379,95,341" oya="1" hai0="110,31,35,83,120,109,98,70,15,107,77,59,50" hai1="42,57,96,28,0,71,87,58,14,68,17,62,117" hai2="26,9,129,39,132,30,52,22,16,1,20,94,74" hai3="88,5,99,108,8,95,47,122,67,135,130,104,85"/><U55/><E0/><V41/><F74/><W119/><G108/><T33/><D15/><U125/><E117/><V92/><F132/><W79/><G119/><T36/><D50/><U32/><E125/><V10/><F129/><W38/><G130/><T89/><D31/><U100/><E42/><V81/><F81/><W75/><G67/><T64/><D59/><U101/><E101/><V65/><F65/><W93/><G135/><T51/><D51/><U46/><E46/><V3/><F41/><N who="3" m="22967" /><G104/><T27/><D36/><U76/><E28/><V121/><F39/><W63/><G63/><T82/><D27/><U73/><E73/><V105/><F105/><W18/><G18/><T103/><D110/><U69/><E32/><V84/><F84/><W115/><G115/><T123/><D109/><U124/><E124/><V6/><F52/><W113/><G113/><T7/><D89/><U126/><E126/><V11/><F92/><W128/><G128/><T102/><D83/><U56/><E87/><V19/><F94/><W60/><G60/><N who="0" m="40199" /><D7/><U21/><REACH who="1" step="1"/><E76/><REACH who="1" ten="185,369,95,341" step="2"/><V133/><F133/><W4/><G79/><T86/><D103/><U91/><E91/><V25/><F121/><AGARI ba="0,1" hai="33,35,77,82,86,98,102,107,120,121,123" m="40199" machi="121" ten="30,7700,0" yaku="13,1,52,3" doraHai="118" who="0" fromWho="2" sc="185,87,369,0,95,-77,341,0" /><INIT seed="6,0,0,0,2,25" ten="272,369,18,341" oya="2" hai0="74,89,94,30,43,100,135,3,55,90,113,29,81" hai1="101,47,78,17,92,32,20,58,134,118,64,24,71" hai2="116,61,31,68,86,12,70,7,122,13,112,117,21" hai3="14,9,2,126,53,1,36,131,57,130,48,105,119"/><V77/><F122/><W107/><G36/><T54/><D3/><U65/><E118/><V110/><F110/><W133/><G119/><T111/><D111/><U87/><E71/><V98/><F112/><W88/><G133/><T56/><D135/><U37/><E134/><V114/><F114/><W40/><G40/><T96/><D113/><U50/><E37/><V103/><F68/><W6/><G126/><T123/><D123/><U15/><E32/><V10/><F61/><W33/><G33/><T106/><D43/><N who="1" m="24959" /><E58/><V125/><F70/><W11/><G1/><T44/><D90/><N who="1" m="53343" /><E101/><V23/><F125/><W99/><G107/><T8/><D8/><N who="1" m="6375" /><E78/><V0/><F117/><W80/><G105/><T42/><D42/><U67/><E67/><V84/><F116/><W129/><G99/><T120/><D120/><U45/><E45/><V109/><F109/><W66/><G66/><T19/><D44/><U60/><E60/><V79/><F0/><W34/><G34/><T102/><D100/><U35/><E35/><V38/><F38/><W27/><G27/><T18/><D106/><U41/><E41/><V52/><F77/><W95/><G80/><T132/><D132/><U108/><E108/><V115/><F115/><W121/><G121/><T26/><D74/><U63/><E63/><V91/><F79/><W72/><G72/><T49/><D55/><U82/><E82/><V4/><F52/><W127/><G127/><T16/><D26/><U28/><AGARI ba="0,0" hai="20,24,28,64,65" m="6375,53343,24959" machi="28" ten="30,2000,0" yaku="8,1,52,1" doraHai="25" who="1" fromWho="1" sc="272,-5,369,20,18,-10,341,-5" /><INIT seed="7,0,0,0,1,10" ten="267,389,8,336" oya="3" hai0="41,12,54,113,20,119,11,82,1,33,5,18,95" hai1="34,15,100,77,24,46,115,73,63,42,108,93,112" hai2="14,37,39,105,74,75,9,130,118,109,72,107,59" hai3="81,76,88,122,123,78,19,6,52,89,134,104,106"/><W21/><G6/><T47/><D119/><U99/><E108/><V84/><F84/><W49/><G134/><T25/><D113/><N who="1" m="43595" /><E15/><V125/><F14/><W70/><G70/><T44/><D95/><U97/><E97/><V85/><F85/><W4/><G4/><T22/><D82/><N who="1" m="45359" /><E63/><V120/><F59/><W43/><G43/><T86/><D86/><U114/><E114/><V32/><F9/><W66/><G66/><T38/><D47/><U80/><E80/><V126/><F126/><W131/><G131/><T23/><REACH who="0" step="1"/><D54/><REACH who="0" ten="257,389,8,336" step="2"/><U57/><E46/><V8/><F118/><W135/><G135/><T40/><D40/><U61/><E42/><V67/><F67/><W127/><G127/><T60/><D60/><U31/><E61/><V45/><F125/><W64/><G64/><T90/><D90/><N who="3" m="34921" /><G106/><N who="2" m="40457" /><F45/><N who="3" m="27695" /><G104/><T55/><D55/><U2/><E2/><V92/><F109/><W71/><G71/><T94/><D94/><U53/><E53/><V50/><F130/><W111/><G111/><T83/><D83/><U116/><E116/><V124/><F124/><W13/><G123/><T35/><D35/><U7/><E57/><V133/><F120/><W87/><G122/><T62/><D62/><U48/><E48/><V96/><F133/><W65/><G65/><T103/><D103/><U28/><E100/><V68/><F92/><W51/><G51/><T36/><D36/><N who="2" m="13898" /><F50/><W16/><G76/><T110/><D110/><U101/><E93/><V98/><F32/><W30/><G78/><T91/><D91/><U3/><E34/><V102/><F102/><W79/><G79/><RYUUKYOKU ba="0,1" sc="257,30,389,-10,8,-10,336,-10" hai0="1,5,11,12,18,20,22,23,25,33,38,41,44" owari="287,-11.0,389,48.0,-2,-50.0,326,13.0" /></mjloggm>