<mjloggm ver="2.3"><GO type="169" lobby="0"/><UN n0="%58%E7%8C%AB" n1="%6E%61%6B%61%6A%75%75%6E" n2="%E5%87%9B%E5%AE%99" n3="%E3%82%A6%E3%83%AB%E3%83%88%E3%83%A9%E7%AB%8B%E7%9B%B4" dan="17,17,17,17" rate="2178.28,2190.21,2157.56,2145.89" sx="M,M,M,M"/><TAIKYOKU oya="0"/><INIT seed="0,0,0,5,4,61" ten="250,250,250,250" oya="0" hai0="113,8,117,98,106,46,42,96,80,115,48,31,34" hai1="125,22,68,33,35,120,109,97,13,93,76,7,64" hai2="132,85,118,18,56,90,9,66,131,40,25,124,111" hai3="39,107,52,38,88,10,91,41,12,30,119,0,29"/><T103/><D117/><U17/><E120/><V27/><F111/><W95/><G107/><T69/><D69/><U67/><E109/><V44/><F118/><W81/><G0/><T114/><D80/><U78/><E68/><V58/><F124/><W4/><G39/><T70/><D70/><U133/><E133/><V123/><F123/><W6/><G6/><T89/><D8/><N who="1" m="4255" /><E33/><V57/><F132/><W75/><G41/><T82/><D31/><U65/><E35/><V116/><F131/><W20/><G38/><T59/><D34/><U11/><E11/><V16/><F116/><W37/><G37/><T15/><D15/><N who="1" m="9535" /><E125/><V79/><F79/><W72/><G72/><T128/><D82/><U51/><E51/><N who="2" m="27015" /><F9/><W43/><G20/><T102/><D128/><U110/><E110/><V45/><F45/><W84/><G75/><T50/><D89/><AGARI ba="0,0" hai="64,65,67,76,78,89,93,97" m="9535,4255" machi="89" ten="30,7700,0" yaku="8,1,52,3" doraHai="61" who="1" fromWho="0" sc="250,-77,250,77,250,0,250,0" /><INIT seed="1,0,0,3,1,47" ten="173,327,250,250" oya="1" hai0="50,112,104,21,83,44,90,7,135,49,130,118,5" hai1="100,57,113,16,106,28,69,30,34,120,48,75,94" hai2="91,108,114,4,70,2,68,97,107,77,76,116,59" hai3="36,8,119,0,33,86,101,11,105,111,80,26,15"/><U87/><E69/><V55/><F108/><W72/><G36/><T41/><D118/><U53/><E120/><V37/><F37/><W61/><G72/><T64/><D104/><U29/><E113/><V127/><F116/><W82/><G0/><T19/><D112/><U71/><E71/><V95/><F107/><W93/><G105/><T125/><D135/><U96/><E75/><V134/><F134/><W110/><G61/><T42/><D125/><U20/><E34/><V85/><F127/><W63/><G63/><T98/><D130/><U124/><E124/><V12/><F2/><W117/><G26/><N who="0" m="14655" /><D64/><U24/><E106/><V60/><F114/><W126/><G33/><T128/><D128/><U122/><E122/><V27/><F27/><W129/><G126/><T1/><D1/><U31/><E87/><V54/><F70/><W103/><G86/><N who="0" m="50527" /><D98/><U88/><N who="1" m="7168" /><DORA hai="25" /><U14/><E14/><V62/><F68/><W67/><G15/><T58/><D58/><U10/><E10/><N who="2" m="4167" /><F85/><W133/><G133/><T132/><D132/><U74/><E74/><V109/><F109/><W56/><G56/><AGARI ba="0,0" hai="54,55,56,59,60,62,76,77,91,95,97" m="4167" machi="56" ten="30,1000,0" yaku="8,1" doraHai="47,25" who="2" fromWho="3" sc="173,0,327,0,250,10,250,-10" /><INIT seed="2,0,0,1,1,102" ten="173,327,260,240" oya="2" hai0="106,107,12,130,115,96,51,89,4,37,64,22,116" hai1="24,86,81,122,18,79,67,76,25,98,16,66,20" hai2="33,39,58,109,21,48,135,82,104,132,105,29,126" hai3="77,124,53,44,52,46,63,93,47,19,14,50,49"/><V87/><F39/><W72/><G124/><T94/><D115/><U26/><E122/><V35/><F126/><W91/><G63/><T28/><D37/><U90/><E98/><V84/><F109/><W128/><G128/><T121/><D121/><U59/><E59/><V88/><F84/><W56/><G77/><N who="1" m="29770" /><E18/><V131/><F131/><W10/><REACH who="3" step="1"/><G72/><REACH who="3" ten="173,327,260,230" step="2"/><T97/><D130/><U54/><E54/><N who="2" m="32071" /><F35/><W101/><G101/><T70/><D116/><U1/><E1/><V8/><F33/><W38/><G38/><T61/><D96/><AGARI ba="0,1" hai="10,14,19,44,46,47,49,50,52,53,56,91,93,96" machi="96" ten="30,7700,0" yaku="1,1,7,1,8,1,54,1,53,0" doraHai="102" doraHaiUra="74" who="3" fromWho="0" sc="173,-77,327,0,260,0,230,87" /><INIT seed="3,0,0,1,3,1" ten="96,327,260,317" oya="3" hai0="113,91,45,103,24,98,33,17,115,119,30,90,20" hai1="57,116,52,126,64,99,12,123,133,35,27,131,2" hai2="89,34,11,75,71,21,84,59,61,22,16,15,31" hai3="44,19,28,58,55,128,48,117,72,129,67,121,38"/><W74/><G28/><T88/><D119/><U50/><E123/><V102/><F71/><W32/><G32/><T82/><D82/><U125/><E2/><V47/><F75/><W105/><G105/><T108/><D108/><U10/><E116/><V3/><F102/><W0/><G117/><T51/><D33/><U92/><E64/><V23/><F47/><W65/><G0/><T68/><D68/><U25/><E133/><V53/><F3/><W111/><G19/><T132/><D132/><U5/><E131/><N who="3" m="50250" /><G121/><T86/><D86/><U18/><E35/><V49/><F34/><W39/><G74/><T96/><D30/><U93/><E93/><N who="2" m="54439" /><F61/><N who="3" m="36063" /><G72/><T54/><REACH who="0" step="1"/><D103/><REACH who="0" ten="86,327,260,317" step="2"/><U63/><E125/><V95/><F31/><W78/><G111/><T36/><D36/><N who="3" m="13865" /><G78/><T13/><D13/><U80/><E126/><V135/><F135/><W29/><G29/><T46/><D46/><U85/><E12/><V62/><F15/><W40/><AGARI ba="0,1" hai="40,44,48,65,67" m="13865,36063,50250" machi="40" ten="30,6000,0" yaku="19,1,34,2" doraHai="1" who="3" fromWho="3" sc="86,-20,327,-20,260,-20,317,70" /><INIT seed="3,1,0,3,3,82" ten="66,307,240,387" oya="3" hai0="16,105,8,58,110,130,57,113,29,91,1,88,64" hai1="70,49,25,118,79,67,102,53,66,116,61,7,43" hai2="24,126,71,39,96,114,65,98,38,89,5,112,135" hai3="86,2,12,4,63,14,101,69,59,44,30,74,115"/><W17/><G74/><T87/><D105/><U51/><E102/><V121/><F126/><W84/><G69/><T15/><D91/><U123/><E7/><V3/><F135/><W109/><G2/><T27/><D110/><U83/><E25/><V31/><F121/><W127/><G127/><T6/><D64/><N who="1" m="41231" /><E123/><V93/><F98/><W128/><G109/><T95/><D130/><U28/><E28/><V120/><F120/><W9/><G128/><T36/><D36/><U50/><E83/><V90/><F90/><W106/><G115/><T134/><D134/><U37/><E79/><V72/><F72/><W42/><G30/><T33/><REACH who="0" step="1"/><D113/><REACH who="0" ten="56,307,240,387" step="2"/><U40/><E37/><V132/><F132/><W48/><G106/><T103/><D103/><U111/><E111/><V78/><F114/><W94/><G101/><T122/><D122/><U54/><E116/><V104/><F112/><W56/><G94/><T80/><D80/><U32/><E118/><V129/><F129/><W34/><G34/><T99/><D99/><U21/><E67/><V19/><F104/><W55/><G59/><T125/><D125/><U119/><E119/><V26/><F39/><W85/><G12/><T13/><D13/><U62/><E32/><V108/><F108/><W124/><G124/><T133/><D133/><U22/><E22/><AGARI ba="1,1" hai="1,6,8,15,16,22,27,29,33,57,58,87,88,95" machi="22" ten="30,16000,3" yaku="1,1,7,1,24,2,52,1,54,2,53,1" doraHai="82" doraHaiUra="0" who="0" fromWho="1" sc="56,173,307,-163,240,0,387,0" /><INIT seed="4,0,0,4,2,80" ten="229,144,240,387" oya="0" hai0="116,43,124,106,61,18,113,11,14,12,21,66,23" hai1="62,73,15,108,2,114,30,32,56,95,79,20,42" hai2="44,83,59,103,3,125,35,7,76,68,88,17,58" hai3="119,51,34,70,69,97,53,50,123,0,6,45,128"/><T74/><D116/><U24/><E108/><V134/><F68/><W1/><G34/><T22/><D74/><U100/><E42/><V115/><F35/><W109/><G119/><T31/><D106/><U133/><E133/><V104/><F134/><W132/><G109/><T26/><D43/><U96/><E114/><V52/><F125/><W112/><G132/><T27/><D113/><U8/><E73/><V86/><F115/><W99/><G123/><T91/><D91/><U47/><E47/><V48/><F104/><W89/><G45/><T67/><D124/><U64/><E79/><V127/><F127/><W90/><G112/><T72/><D72/><U87/><E2/><V129/><F129/><W94/><G53/><T78/><D78/><U29/><E32/><V120/><F120/><W110/><G94/><T13/><D61/><U85/><E29/><V60/><F103/><W117/><G117/><T121/><D121/><U77/><E77/><V25/><F76/><W92/><G92/><T55/><D55/><U19/><AGARI ba="0,0" hai="8,15,19,20,24,30,56,62,64,85,87,95,96,100" machi="19" ten="20,12000,2" yaku="0,1,7,1,25,2,8,1,52,2" doraHai="80" who="1" fromWho="1" sc="229,-60,144,120,240,-30,387,-30" /><INIT seed="5,0,0,2,4,116" ten="169,264,210,357" oya="1" hai0="70,124,75,72,60,38,92,117,99,96,63,114,48" hai1="90,129,89,32,88,131,135,128,14,84,97,109,36" hai2="100,79,42,34,25,93,112,9,5,87,3,94,104" hai3="127,120,46,6,103,115,13,50,91,31,43,98,130"/><U74/><E36/><V22/><F34/><W1/><G1/><T19/><D38/><U44/><E74/><V35/><F35/><W65/><G115/><T21/><D114/><U53/><E135/><V51/><F104/><W28/><G120/><T7/><D7/><U77/><E32/><V86/><F112/><W133/><G127/><T27/><D117/><U105/><E109/><V83/><F100/><W81/><G130/><T40/><D124/><U10/><E77/><V69/><F69/><W59/><G91/><T17/><D99/><U78/><E78/><V134/><F134/><W15/><G81/><T16/><D70/><U82/><E105/><V95/><F42/><W57/><G15/><T119/><D119/><U132/><E132/><V12/><F51/><W110/><G59/><T61/><D72/><U47/><E97/><V45/><F45/><N who="1" m="17481" /><E53/><V66/><F66/><W2/><G2/><T64/><D64/><U49/><E49/><V24/><F3/><W41/><G41/><T26/><D75/><U76/><E76/><V55/><F55/><W113/><G110/><T85/><D85/><U54/><E54/><V11/><F86/><W123/><G113/><T56/><D40/><U23/><E23/><V29/><F11/><N who="3" m="4343" /><G133/><T80/><D80/><U68/><E68/><V121/><REACH who="2" step="1"/><F25/><REACH who="2" ten="169,264,200,357" step="2"/><W108/><G108/><T39/><D27/><U122/><E122/><AGARI ba="0,1" hai="5,9,12,22,24,29,79,83,87,93,94,95,121,122" machi="122" ten="40,8000,1" yaku="1,1,2,1,52,2,53,0" doraHai="116" doraHaiUra="111" who="2" fromWho="1" sc="169,0,264,-80,200,90,357,0" /><INIT seed="6,0,0,4,4,88" ten="169,184,290,357" oya="2" hai0="31,90,65,29,56,49,60,57,27,73,118,126,128" hai1="21,101,78,125,68,130,95,74,97,8,19,17,50" hai2="9,69,7,114,54,55,124,23,38,120,94,84,53" hai3="81,122,48,6,2,112,105,134,123,47,113,33,72"/><V89/><F120/><W30/><G105/><T40/><D73/><U86/><E68/><V35/><F35/><W85/><G134/><T4/><D128/><U24/><E130/><V131/><F38/><W44/><G72/><T115/><D115/><N who="3" m="44105" /><G6/><T0/><D126/><U109/><E109/><V39/><F39/><W79/><G2/><T107/><D107/><U82/><E125/><V117/><F69/><W41/><G47/><N who="0" m="25831" /><D0/><U22/><E8/><V14/><F117/><W45/><G45/><T91/><D4/><U132/><E132/><V11/><F114/><W110/><G110/><T43/><D43/><U1/><E1/><V10/><F124/><W119/><G119/><T93/><D91/><U103/><E50/><V36/><F36/><W87/><G87/><N who="0" m="52447" /><D118/><U16/><E74/><V127/><F127/><W99/><G99/><T96/><D96/><U12/><E103/><V70/><F70/><W52/><G41/><T71/><D71/><U63/><E63/><V108/><F131/><W66/><G33/><T18/><D57/><U13/><E13/><V51/><F108/><W129/><G129/><T67/><D67/><U15/><E15/><V116/><F116/><W104/><G66/><T32/><D32/><U20/><E12/><V28/><F51/><W59/><G104/><T80/><D80/><U46/><E46/><V106/><F106/><W133/><G44/><T61/><D61/><U121/><E121/><N who="3" m="46090" /><G133/><T34/><D34/><U5/><E5/><V64/><F64/><W102/><G102/><T37/><D37/><U58/><E58/><V25/><AGARI ba="0,0" hai="7,9,10,11,14,23,25,28,53,54,55,84,89,94" machi="25" ten="30,11700,0" yaku="5,1,0,1,8,1,52,1" doraHai="88" who="2" fromWho="2" sc="169,-39,184,-39,290,117,357,-39" /><INIT seed="6,1,0,0,0,2" ten="130,145,407,318" oya="2" hai0="117,30,23,55,128,20,17,16,123,71,42,60,96" hai1="36,27,58,19,122,70,87,35,93,51,64,74,127" hai2="116,34,63,66,82,33,85,83,9,115,113,54,90" hai3="62,114,98,43,75,91,5,45,120,15,109,11,14"/><V86/><F116/><W97/><G75/><T107/><D123/><U49/><E74/><V8/><F54/><W0/><G109/><T48/><D128/><U38/><E70/><V46/><F46/><W108/><G120/><T78/><D78/><U112/><E122/><V13/><F63/><W126/><G108/><T100/><D42/><U18/><E38/><V24/><F66/><W7/><G0/><T84/><D84/><U129/><E36/><V133/><F133/><W61/><G126/><T94/><D107/><U77/><E127/><V32/><F24/><W73/><G73/><T76/><D76/><U124/><E124/><V103/><F103/><W41/><G114/><N who="2" m="43529" /><F13/><W79/><G79/><AGARI ba="1,0" hai="8,9,32,33,34,79,82,83,85,86,90" m="43529" machi="79" ten="40,2000,0" yaku="15,1" doraHai="2" who="2" fromWho="3" sc="130,0,145,0,407,23,318,-23" /><INIT seed="6,2,0,5,1,75" ten="130,145,430,295" oya="2" hai0="1,86,58,41,85,50,134,67,114,69,119,57,66" hai1="96,68,73,130,80,31,63,47,29,65,120,110,99" hai2="74,127,54,0,82,15,106,32,30,55,14,87,3" hai3="53,97,123,28,42,62,125,101,98,107,135,81,2"/><V21/><F74/><W128/><G2/><T104/><D1/><U24/><E110/><V8/><F106/><W83/><G123/><T34/><D34/><U19/><E120/><V25/><F127/><W40/><G28/><T39/><D104/><U84/><E73/><V9/><F32/><W91/><G53/><N who="2" m="19977" /><F3/><W35/><G62/><N who="0" m="38223" /><D69/><U79/><E130/><V93/><F93/><N who="3" m="56511" /><G40/><T49/><D39/><U52/><E19/><V70/><F0/><W78/><G42/><T89/><D86/><U61/><E31/><V76/><F70/><W109/><G35/><T7/><D7/><U115/><E115/><V33/><F33/><W59/><G59/><T45/><D114/><U43/><E43/><V4/><F4/><W64/><G64/><T46/><D134/><U60/><E68/><V5/><F5/><W36/><G36/><T108/><D108/><U38/><E65/><V18/><F30/><W116/><G109/><T90/><D119/><U26/><E38/><V56/><F56/><W131/><G116/><T88/><D46/><U37/><E37/><V117/><F117/><W16/><G135/><T103/><D103/><U77/><E29/><V11/><AGARI ba="2,0" hai="8,9,11,14,15,18,21,25,76,82,87" m="19977" machi="11" ten="30,3000,0" yaku="8,1,52,1" doraHai="75" who="2" fromWho="2" sc="130,-12,145,-12,430,36,295,-12" /><INIT seed="6,3,0,2,1,26" ten="118,133,466,283" oya="2" hai0="24,131,58,29,36,91,132,85,114,12,7,37,30" hai1="122,64,74,23,84,35,47,8,107,59,104,62,101" hai2="75,79,27,14,134,57,119,39,2,93,11,106,120" hai3="4,1,42,126,95,127,82,28,129,3,88,31,18"/><V112/><F112/><W61/><G82/><T33/><D114/><U99/><E35/><V108/><F39/><W65/><G42/><T49/><D132/><U40/><E74/><V6/><F106/><W19/><G18/><T124/><D124/><N who="3" m="47657" /><G19/><T25/><D131/><U90/><E122/><V56/><F120/><W63/><G63/><T32/><D7/><U123/><E123/><V89/><F134/><W53/><G53/><T13/><D58/><U67/><E8/><V44/><F119/><W117/><G117/><T10/><D49/><U113/><E113/><V87/><F57/><N who="3" m="37039" /><G129/><T94/><D10/><U0/><E0/><N who="3" m="74" /><G4/><T43/><D43/><U130/><E130/><V103/><F6/><W17/><G17/><T55/><D55/><U121/><E121/><V97/><F56/><W78/><G78/><T115/><D115/><U116/><E116/><V100/><F79/><W45/><G45/><T66/><D66/><U46/><E67/><V133/><F44/><W20/><G20/><T125/><D125/><U128/><E23/><V54/><F54/><W111/><G111/><T48/><D48/><N who="1" m="26695" /><E47/><V16/><F108/><W76/><G76/><T60/><D60/><U118/><E118/><V83/><F133/><W73/><G73/><T92/><D94/><N who="1" m="58615" /><E128/><V5/><F75/><W105/><G105/><T21/><D21/><U38/><E38/><AGARI ba="3,0" hai="12,13,24,25,29,30,32,33,36,37,38,85,91,92" machi="38" ten="40,5200,0" yaku="9,1,52,2" doraHai="26" who="0" fromWho="1" sc="118,61,133,-61,466,0,283,0" /><INIT seed="7,0,0,4,1,94" ten="179,72,466,283" oya="3" hai0="43,34,6,127,46,111,91,129,35,83,133,90,116" hai1="82,79,38,97,37,123,110,7,21,107,86,115,134" hai2="103,36,104,39,61,121,125,55,128,17,92,42,63" hai3="12,62,108,112,27,11,124,29,31,102,85,52,119"/><W99/><G112/><T28/><D6/><U118/><E110/><V120/><F104/><W1/><G124/><T64/><D64/><U93/><E115/><V13/><F125/><W73/><G73/><T88/><D83/><U51/><E134/><V57/><F63/><W22/><G1/><T10/><D10/><U126/><E123/><N who="2" m="47179" /><F42/><W33/><G85/><T74/><D74/><U87/><E126/><V4/><F4/><W23/><G119/><T18/><D18/><U84/><E118/><V72/><F72/><W106/><G31/><T81/><D81/><U44/><E107/><V101/><F128/><W77/><G77/><T48/><D28/><U30/><E7/><V40/><F40/><W105/><G105/><T113/><D111/><U2/><E2/><V19/><F19/><W89/><G89/><T16/><D116/><U65/><E65/><V135/><F135/><W3/><G3/><T8/><D133/><U114/><E114/><V98/><F103/><W56/><G108/><T109/><D109/><U15/><E37/><V32/><F32/><W5/><AGARI ba="0,0" hai="5,11,12,22,23,27,29,33,52,56,62,99,102,106" machi="5" ten="20,7800,0" yaku="0,1,7,1,52,1,54,1" doraHai="94" who="3" fromWho="3" sc="179,-26,72,-26,466,-26,283,78" /><INIT seed="7,1,0,3,2,9" ten="153,46,440,361" oya="3" hai0="88,62,49,72,81,73,1,0,26,41,131,21,7" hai1="82,115,45,19,5,18,99,76,108,4,17,95,127" hai2="79,47,103,118,27,15,32,125,121,126,117,54,12" hai3="63,52,89,74,20,94,105,77,70,107,67,31,64"/><W24/><G107/><T109/><D62/><U39/><E108/><V111/><F111/><W119/><G105/><T28/><D1/><U123/><E115/><V8/><F121/><W53/><G119/><T84/><D131/><U122/><E127/><N who="2" m="48651" /><F103/><W112/><G112/><T129/><D129/><U116/><E116/><V22/><F32/><W40/><G67/><T92/><D49/><U130/><E130/><V80/><F47/><W13/><G40/><T3/><D7/><U83/><E123/><V43/><F54/><W132/><G132/><T37/><D81/><U68/><E122/><V57/><F57/><W110/><G110/><T133/><D0/><U16/><E68/><V10/><F43/><W51/><G13/><N who="2" m="5193" /><F10/><W93/><G93/><T29/><D37/><U55/><N who="1" m="4096" /><DORA hai="14" /><U66/><E66/><V46/><F8/><W38/><G38/><T25/><D3/><U23/><E23/><V60/><F117/><W128/><G128/><T134/><D41/><U90/><E39/><V114/><F114/><W106/><G106/><T50/><D109/><U44/><E44/><V75/><F46/><W33/><G33/><N who="0" m="20623" /><D50/><N who="1" m="29135" /><E76/><V85/><F118/><W102/><G51/><T35/><D35/><U69/><E69/><V6/><F75/><W59/><G70/><T124/><D124/><U42/><E42/><V30/><F6/><AGARI ba="1,0" hai="4,5,6,82,83,90,95,99" m="29135,4096" machi="6" ten="40,12000,2" yaku="8,1,52,4,54,1" doraHai="9,14" who="1" fromWho="2" sc="153,0,46,123,440,-123,361,0" owari="153,-35.0,169,-23.0,317,12.0,361,46.0" /></mjloggm>