<mjloggm ver="2.3"><GO type="169" lobby="0"/><UN n0="%E3%82%A6%E3%82%A3%E3%83%89%E3%82%A5%EF%BC%A0%E9%98%AA%E7%A5%9E" n1="%53%69%6D%6F%6F%6E" n2="%E3%81%BD%E3%81%BF%E3%82%85" n3="%E5%B0%B1%E6%B4%BB%E7%94%9F%40%E5%B7%9D%E6%9D%91%E8%BB%8D%E5%9B%A3" dan="16,17,16,16" rate="2188.34,2170.61,2089.01,2056.06" sx="M,M,F,M"/><TAIKYOKU oya="0"/><INIT seed="0,0,0,2,1,107" ten="250,250,250,250" oya="0" hai0="82,43,56,67,48,24,120,1,22,57,61,117,11" hai1="81,106,125,51,0,115,26,8,25,9,7,112,46" hai2="62,17,38,101,80,10,114,128,42,135,86,79,76" hai3="91,34,29,72,94,58,100,93,52,18,14,2,127"/><T64/><D117/><U119/><E106/><V124/><F114/><N who="1" m="43561" /><E119/><V96/><F124/><W102/><G2/><T28/><D120/><U47/><E125/><V66/><F135/><W4/><G4/><T53/><D43/><U71/><E71/><V131/><F38/><W75/><G94/><T16/><D82/><U39/><E39/><V134/><F42/><W32/><G102/><T21/><D1/><U90/><E9/><V15/><F134/><W40/><G100/><T19/><D11/><U78/><E90/><V103/><F79/><W59/><G59/><T27/><D28/><U85/><E47/><V13/><F13/><W23/><G40/><AGARI ba="0,0" hai="0,7,8,25,26,40,46,51,78,81,85" m="43561" machi="40" ten="30,1000,0" yaku="11,1" doraHai="107" who="1" fromWho="3" sc="250,0,250,10,250,0,250,-10" /><INIT seed="1,0,0,3,4,27" ten="250,260,250,240" oya="1" hai0="98,93,59,113,5,61,30,103,34,97,101,124,7" hai1="109,78,58,134,15,62,117,106,0,85,73,31,75" hai2="110,66,40,23,47,14,76,55,82,35,43,79,57" hai3="67,107,65,54,21,29,132,84,8,70,42,28,50"/><U19/><E117/><V112/><F35/><W123/><G107/><T135/><D113/><U64/><E0/><V3/><F3/><W130/><G123/><T32/><D124/><U129/><E106/><V49/><F112/><W95/><G70/><T89/><D135/><U77/><E134/><V115/><F115/><W12/><G42/><T94/><D89/><U120/><E120/><V68/><F110/><W24/><G130/><T20/><D34/><U86/><E129/><V26/><F14/><W60/><G60/><T13/><D32/><U116/><E116/><V52/><F68/><W88/><G29/><T53/><REACH who="0" step="1"/><D13/><REACH who="0" ten="240,260,250,240" step="2"/><U51/><E109/><V118/><F118/><W105/><G132/><T37/><D37/><U16/><E15/><V69/><F79/><W131/><G131/><T39/><D39/><U80/><E78/><V108/><F108/><W71/><G71/><T104/><D104/><U127/><E77/><V63/><F69/><W41/><G105/><T1/><D1/><U100/><E127/><V72/><REACH who="2" step="1"/><F43/><REACH who="2" ten="240,260,240,240" step="2"/><W10/><G41/><T48/><D48/><U17/><E51/><V45/><F45/><N who="3" m="27983" /><G10/><T46/><D46/><U44/><E44/><V128/><F128/><W91/><G91/><T83/><D83/><U96/><E80/><V111/><F111/><W36/><G36/><T133/><D133/><U9/><E9/><V22/><F22/><W38/><G38/><T81/><D81/><U121/><E121/><V99/><F99/><W25/><G8/><T6/><D6/><U18/><E96/><V119/><F119/><W90/><G12/><RYUUKYOKU ba="0,2" sc="240,15,260,-15,240,15,240,-15" hai0="5,7,20,30,53,59,61,93,94,97,98,101,103" hai2="23,26,40,47,49,52,55,57,63,66,72,76,82" /><INIT seed="2,1,2,2,0,75" ten="255,245,255,225" oya="2" hai0="31,54,82,21,103,49,23,125,83,134,59,118,66" hai1="131,24,135,80,33,37,130,108,87,93,127,98,61" hai2="58,57,94,55,7,91,102,69,62,44,53,111,5" hai3="3,116,67,28,12,13,115,42,41,38,100,17,30"/><V74/><F69/><W60/><G3/><T79/><D125/><U78/><E37/><V92/><F74/><W6/><G116/><T105/><D134/><U112/><E112/><V15/><F111/><W101/><G115/><T68/><D118/><U104/><E108/><V109/><F109/><W8/><G38/><T73/><D31/><N who="3" m="11817" /><G60/><T95/><D105/><U124/><E24/><V84/><F44/><W34/><G67/><T43/><D43/><N who="3" m="16393" /><G34/><T117/><D117/><U26/><E26/><V29/><F29/><W1/><G1/><T25/><D25/><U63/><E104/><V89/><F102/><W107/><G107/><T90/><D103/><N who="1" m="60879" /><E33/><V45/><F45/><W113/><G113/><T70/><D83/><U32/><E32/><V122/><F15/><W47/><G47/><T128/><D128/><N who="1" m="49195" /><E135/><V96/><F122/><W10/><AGARI ba="1,2" hai="6,8,10,12,13,17,100,101" m="16393,11817" machi="10" ten="30,1100,0" yaku="8,1" doraHai="75" who="3" fromWho="3" sc="255,-4,245,-4,255,-6,225,34" /><INIT seed="3,0,0,5,1,86" ten="251,241,249,259" oya="3" hai0="76,30,18,15,10,80,24,127,131,121,70,135,6" hai1="66,59,78,47,14,87,51,126,72,35,37,84,134" hai2="96,62,114,58,85,19,95,1,97,111,54,75,92" hai3="103,90,123,110,39,99,38,120,57,132,56,21,105"/><W106/><G21/><T118/><D70/><U102/><E35/><V128/><F75/><W25/><G132/><T52/><D121/><U53/><E134/><V71/><F1/><W77/><G77/><T45/><D135/><U67/><E126/><V4/><F114/><W88/><G25/><T40/><D127/><U23/><E102/><V26/><F4/><W32/><G103/><T108/><D131/><U60/><E72/><V2/><F2/><W49/><G32/><T119/><D108/><U42/><E67/><V41/><F71/><W55/><G99/><T112/><D18/><U115/><E78/><V27/><F111/><W74/><G110/><T117/><D112/><U122/><E122/><V33/><F33/><W101/><G101/><T113/><D113/><U46/><E115/><V0/><F0/><W9/><G74/><T43/><D24/><U100/><E100/><N who="2" m="60423" /><F85/><W91/><G9/><T44/><D30/><U13/><E13/><V50/><F19/><W79/><G79/><T125/><D125/><U3/><E3/><V17/><F17/><W83/><G83/><T89/><D76/><U61/><E14/><V63/><F128/><W82/><G82/><T124/><D124/><U81/><E23/><V7/><F7/><W104/><G56/><T48/><D45/><U29/><E29/><V12/><F12/><W133/><G133/><T98/><D80/><U116/><E81/><V28/><F28/><W36/><AGARI ba="0,0" hai="36,38,39,49,55,57,88,90,91,104,105,106,120,123" machi="36" ten="50,18000,2" yaku="0,1,29,2,52,3,54,1" doraHai="86" who="3" fromWho="3" sc="251,-60,241,-60,249,-60,259,180" /><INIT seed="3,1,0,4,5,66" ten="191,181,189,439" oya="3" hai0="135,3,19,93,31,75,60,121,23,118,72,39,117" hai1="21,74,59,105,84,43,12,113,127,15,104,134,0" hai2="24,54,48,102,7,5,77,124,13,99,44,37,47" hai3="115,58,69,68,132,80,22,63,87,32,101,85,41"/><W40/><G32/><T131/><D121/><U128/><E0/><V107/><F124/><W50/><G115/><T30/><D39/><U73/><E113/><V45/><F77/><W35/><G35/><T42/><D42/><U126/><E43/><V10/><F37/><W129/><G101/><T20/><D3/><U14/><E134/><V83/><F83/><W120/><G120/><T98/><D135/><U16/><E84/><V111/><F111/><W130/><G132/><T106/><D106/><N who="1" m="41067" /><E59/><V18/><REACH who="2" step="1"/><F24/><REACH who="2" ten="191,181,179,439" step="2"/><W95/><G80/><T4/><D117/><U103/><E127/><V9/><F9/><W57/><G129/><T119/><D131/><U1/><E126/><V133/><F133/><W8/><G8/><T67/><D119/><U25/><E25/><V27/><F27/><W56/><G130/><T65/><D118/><U90/><E128/><V64/><F64/><W79/><G79/><T109/><D65/><U36/><E36/><V26/><F26/><W52/><G22/><T46/><D23/><U108/><E21/><V71/><F71/><W62/><G69/><T55/><D20/><U88/><E108/><V61/><F61/><W11/><G68/><T94/><D60/><U38/><E38/><V92/><F92/><W2/><G95/><T89/><D93/><U97/><E73/><V6/><AGARI ba="1,1" hai="5,6,7,10,13,18,44,45,47,48,54,99,102,107" machi="6" ten="30,2000,0" yaku="1,1,0,1,53,0" doraHai="66" doraHaiUra="76" who="2" fromWho="2" sc="191,-6,181,-6,179,33,439,-11" /><INIT seed="4,0,0,4,4,129" ten="185,175,212,428" oya="0" hai0="120,21,100,64,87,49,124,107,54,15,78,86,33" hai1="131,95,111,74,106,5,75,118,6,42,82,61,43" hai2="67,25,39,108,14,99,10,76,69,94,3,52,68" hai3="103,121,98,110,58,96,132,22,59,79,28,0,7"/><T12/><D33/><U38/><E111/><V40/><F108/><W47/><G79/><T20/><D120/><U127/><E118/><V4/><F76/><W57/><G121/><T77/><D124/><U130/><E106/><V126/><F126/><W88/><G110/><T101/><D64/><U83/><E127/><V51/><F40/><W18/><G28/><T26/><D107/><U55/><E95/><V70/><F39/><W89/><G98/><T45/><D78/><U134/><E61/><V97/><F25/><W112/><G7/><T119/><D119/><U19/><E19/><V128/><F128/><W9/><G9/><T113/><D113/><U11/><E11/><V135/><F3/><W46/><G0/><T63/><D63/><U125/><E125/><V50/><F50/><W23/><G18/><N who="0" m="10311" /><D15/><U8/><E8/><V13/><F13/><W117/><G117/><T2/><D2/><U53/><REACH who="1" step="1"/><E38/><REACH who="1" ten="185,165,212,428" step="2"/><V105/><F105/><W41/><G112/><T133/><D100/><U48/><E48/><V102/><F102/><W60/><G103/><T114/><D101/><U80/><E80/><V44/><F51/><W122/><G60/><T93/><D114/><U35/><E35/><V91/><F67/><W73/><G122/><T31/><D93/><U62/><E62/><V123/><F70/><W29/><G29/><T84/><D77/><U65/><E65/><V109/><F69/><W32/><G32/><T34/><D34/><U81/><E81/><V30/><F68/><W37/><G37/><T104/><D104/><U16/><E16/><V1/><F123/><RYUUKYOKU ba="0,1" sc="185,15,165,15,212,-15,428,-15" hai0="21,26,31,45,49,54,84,86,87,133" hai1="5,6,42,43,53,55,74,75,82,83,130,131,134" /><INIT seed="4,1,1,0,3,103" ten="200,180,197,413" oya="0" hai0="112,48,64,9,65,12,8,34,60,38,28,94,52" hai1="108,73,97,89,114,135,85,121,14,128,20,75,109" hai2="77,30,81,50,82,58,68,6,39,11,90,40,27" hai3="4,42,62,15,96,102,101,29,53,133,41,55,46"/><T70/><D38/><U23/><E121/><V130/><F68/><W2/><G2/><T123/><D123/><U120/><E120/><V118/><F39/><W54/><G133/><T76/><D65/><U104/><E14/><V3/><F130/><W127/><G127/><T122/><D122/><U26/><E20/><V117/><F90/><W115/><G115/><T95/><D112/><U16/><E114/><V107/><F107/><W59/><G29/><T1/><D1/><U91/><E128/><V0/><F0/><W24/><G24/><T35/><D76/><U86/><E135/><V63/><F50/><W72/><G72/><T134/><D134/><U87/><E89/><V36/><F40/><W125/><G125/><T78/><D78/><U61/><E61/><V132/><F36/><W47/><G96/><T100/><D8/><U116/><E116/><N who="2" m="44651" /><F77/><W74/><G74/><T111/><D111/><U106/><E109/><V22/><F132/><W98/><G42/><T13/><D13/><U110/><E110/><V69/><F69/><W84/><G41/><T32/><D28/><U51/><E75/><V56/><F56/><W88/><G15/><T17/><REACH who="0" step="1"/><D100/><REACH who="0" ten="190,180,197,413" step="2"/><U113/><E113/><V49/><F49/><N who="3" m="28863" /><G101/><T25/><D25/><U119/><E108/><V80/><F30/><W66/><G66/><T67/><D67/><U83/><E119/><V31/><F31/><W93/><G102/><T99/><D99/><U18/><E51/><V105/><F27/><W124/><G124/><T37/><D37/><U92/><E18/><V126/><F126/><W10/><G98/><RYUUKYOKU ba="1,2" sc="190,15,180,15,197,-15,413,-15" hai0="9,12,17,32,34,35,48,52,60,64,70,94,95" hai1="16,23,26,73,83,85,86,87,91,92,97,104,106" /><INIT seed="4,2,2,3,5,32" ten="205,195,182,398" oya="0" hai0="7,107,41,59,77,101,2,74,123,127,40,68,15" hai1="112,3,124,119,75,85,47,99,66,104,50,84,89" hai2="70,0,56,67,20,72,9,109,31,27,113,26,6" hai3="4,95,69,8,65,133,135,44,120,24,128,58,10"/><T126/><D123/><U86/><E119/><V14/><F109/><W62/><G128/><T134/><D68/><U117/><E117/><V45/><F72/><W78/><G120/><T106/><D134/><N who="3" m="51209" /><G78/><T16/><D59/><U28/><E75/><V102/><F70/><W76/><G76/><T34/><D34/><U51/><E3/><V1/><F113/><W30/><G69/><T125/><D77/><U52/><E124/><V42/><F102/><W12/><G44/><T96/><D106/><U121/><E66/><V33/><F56/><W122/><G122/><T103/><D103/><U110/><E104/><V108/><F67/><W93/><G8/><N who="0" m="2167" /><D74/><U114/><E110/><V132/><F108/><W19/><G19/><T90/><D90/><U63/><E28/><V100/><F100/><W87/><G87/><T55/><D55/><U81/><E121/><V118/><F118/><W35/><AGARI ba="2,2" hai="4,10,12,24,30,35,58,62,65,93,95" m="51209" machi="35" ten="30,1100,0" yaku="20,1" doraHai="32" who="3" fromWho="3" sc="205,-7,195,-5,182,-5,398,37" /><INIT seed="5,0,0,0,2,61" ten="198,190,177,435" oya="1" hai0="25,74,101,53,31,83,132,26,100,59,28,13,110" hai1="91,51,118,93,45,15,113,81,122,64,103,16,124" hai2="68,39,5,115,9,112,121,8,63,106,35,0,23" hai3="21,37,2,80,69,20,66,114,98,76,87,54,70"/><U117/><E122/><V7/><F121/><W49/><G2/><T109/><D132/><U62/><E113/><N who="2" m="43595" /><F106/><W17/><G37/><T134/><D134/><U44/><E124/><V82/><F39/><W6/><G6/><T84/><D74/><U96/><E117/><V48/><F35/><W32/><G32/><T60/><D13/><U79/><E118/><V14/><F82/><W67/><G20/><T108/><D26/><U12/><E12/><V43/><F23/><W116/><G116/><T95/><D95/><U42/><E45/><N who="2" m="25663" /><F63/><W88/><G69/><AGARI ba="0,0" hai="0,5,7,8,9,14,68,69" m="25663,43595" machi="69" ten="30,2000,0" yaku="15,1,11,1" doraHai="61" who="2" fromWho="3" sc="198,0,190,0,177,20,435,-20" /><INIT seed="6,0,0,2,4,45" ten="198,190,197,415" oya="2" hai0="108,122,72,29,7,14,128,87,95,22,66,38,127" hai1="129,18,43,9,3,55,132,131,89,125,103,24,40" hai2="44,135,134,31,100,52,35,83,28,5,39,1,46" hai3="106,68,123,109,13,111,58,0,30,80,36,126,78"/><V92/><F1/><W34/><G58/><T75/><D38/><U15/><E125/><V27/><F5/><W96/><G96/><T2/><D108/><U67/><E67/><V47/><F39/><W59/><G30/><T32/><D122/><U91/><E103/><V23/><F35/><W49/><G13/><T65/><D128/><N who="1" m="49227" /><E132/><N who="2" m="50731" /><F83/><W17/><G59/><T41/><D41/><N who="1" m="15947" /><E3/><V110/><F110/><W118/><G80/><T53/><D127/><U60/><E24/><V19/><F52/><W102/><G36/><T121/><D53/><U25/><E25/><V113/><F113/><W105/><G34/><T64/><D121/><U94/><E94/><V77/><F77/><W101/><G78/><T33/><D33/><U107/><E107/><V71/><F71/><W4/><G68/><T86/><D95/><U104/><E104/><V120/><F120/><W69/><G106/><T82/><D82/><U16/><E60/><V73/><F73/><W21/><G105/><T54/><D54/><U12/><E55/><V10/><F100/><W90/><G69/><T81/><D81/><U42/><N who="1" m="15955" /><U119/><DORA hai="26" /><E119/><V98/><F92/><W115/><G101/><T130/><D130/><U124/><E124/><V11/><F98/><W116/><G126/><T79/><D79/><U88/><E89/><V97/><F97/><W8/><G123/><T37/><D37/><U6/><E6/><V76/><F76/><W112/><G102/><T20/><D32/><U117/><E117/><N who="3" m="45162" /><G90/><T57/><D75/><U84/><E84/><V51/><F51/><W93/><G111/><RYUUKYOKU ba="0,0" sc="198,-15,190,15,197,15,415,-15" hai1="9,12,15,16,18,88,91" hai2="10,11,19,23,27,28,31,44,46,47" /><INIT seed="6,1,0,1,2,135" ten="183,205,212,400" oya="2" hai0="100,109,133,4,29,130,132,0,127,1,21,32,126" hai1="71,13,31,35,28,51,48,25,95,75,93,108,40" hai2="91,92,73,76,105,2,84,98,47,129,117,20,5" hai3="61,101,125,45,113,68,94,34,44,58,55,26,81"/><V41/><F117/><W69/><G125/><N who="0" m="47627" /><D100/><U77/><E71/><V119/><F119/><W38/><G94/><T97/><D97/><U128/><E108/><V36/><F129/><W85/><G101/><T7/><D109/><U43/><E13/><V27/><F105/><W70/><G38/><T78/><D21/><U99/><E77/><V11/><F76/><W9/><G9/><N who="0" m="2183" /><D78/><U37/><E99/><V39/><F73/><W16/><G113/><T82/><D82/><U67/><E75/><V50/><REACH who="2" step="1"/><F98/><REACH who="2" ten="183,205,202,400" step="2"/><W3/><G85/><T66/><D130/><U33/><E128/><V121/><F121/><W102/><G102/><T118/><D118/><U54/><E37/><V18/><AGARI ba="1,1" hai="2,5,11,18,20,27,36,39,41,47,50,84,91,92" machi="18" ten="20,3900,0" yaku="1,1,0,1,7,1,53,0" doraHai="135" doraHaiUra="106" who="2" fromWho="2" sc="183,-14,205,-14,202,52,400,-14" /><INIT seed="6,2,0,5,0,4" ten="169,191,254,386" oya="2" hai0="44,132,55,127,121,15,99,57,122,35,36,133,0" hai1="13,135,32,62,7,43,131,27,5,38,106,129,110" hai2="107,128,124,60,83,85,14,59,18,130,75,49,101" hai3="77,3,109,80,66,114,9,119,108,2,28,115,98"/><V84/><F124/><W120/><G120/><N who="0" m="46187" /><D0/><N who="3" m="41" /><G66/><T67/><D15/><U63/><E106/><V10/><F75/><W29/><G98/><T72/><D35/><U37/><E110/><N who="3" m="42602" /><G9/><T1/><D1/><U6/><E32/><V134/><F134/><N who="0" m="51818" /><D72/><U100/><E135/><V26/><F49/><W126/><G126/><T65/><D99/><U58/><E38/><V76/><F101/><W73/><G119/><T104/><D104/><U111/><E100/><V42/><F107/><W70/><G70/><T118/><D127/><U31/><E111/><V81/><F42/><W25/><G29/><T87/><D87/><U17/><E43/><V46/><F46/><W50/><G50/><N who="0" m="30967" /><D118/><U86/><E86/><V79/><F26/><W64/><G64/><AGARI ba="2,0" hai="10,14,18,59,60,64,76,79,81,83,84,85,128,130" machi="64" ten="40,3900,0" yaku="9,1,52,1" doraHai="4" who="2" fromWho="3" sc="169,0,191,0,254,45,386,-45" /><INIT seed="6,3,0,1,1,39" ten="169,191,299,341" oya="2" hai0="87,64,10,134,56,35,77,98,84,23,46,62,3" hai1="49,58,45,26,20,114,72,131,96,122,126,89,16" hai2="94,82,5,125,61,101,75,100,85,132,88,83,99" hai3="124,76,25,130,129,91,67,95,74,103,59,93,21"/><V19/><F5/><W73/><G124/><T6/><D35/><U44/><E72/><V36/><F36/><W27/><G103/><T105/><D134/><U81/><E126/><V4/><F4/><W104/><G93/><T40/><D77/><U29/><E114/><V70/><F125/><W133/><G27/><T55/><D64/><U2/><E2/><V113/><F113/><W42/><G42/><T60/><D60/><U109/><E131/><N who="3" m="50186" /><G76/><T1/><D1/><U11/><E109/><V108/><F108/><W107/><G59/><T86/><D23/><U117/><E117/><V22/><F132/><W57/><G57/><T8/><D8/><U111/><E122/><V110/><F110/><W0/><G67/><T32/><D32/><U106/><E106/><N who="3" m="40490" /><G0/><T52/><D55/><N who="1" m="32111" /><E111/><V127/><F127/><W115/><G115/><T112/><D112/><U50/><E96/><V135/><F135/><W90/><G90/><T43/><REACH who="0" step="1"/><D46/><REACH who="0" ten="159,191,299,341" step="2"/><U118/><E45/><V51/><F61/><W79/><G79/><T9/><D9/><U28/><E11/><V54/><F70/><W34/><G34/><T15/><D15/><U41/><E118/><V38/><F54/><W120/><G133/><T12/><D12/><U24/><E26/><V92/><F75/><W80/><G73/><T31/><D31/><U71/><E71/><V65/><F65/><W97/><G21/><T48/><D48/><U33/><E33/><V119/><F22/><W30/><G74/><T47/><D47/><U121/><E121/><V66/><F66/><W37/><G120/><T17/><D17/><RYUUKYOKU ba="3,1" sc="159,15,191,15,299,-15,341,-15" hai0="3,6,10,40,43,52,56,62,84,86,87,98,105" hai1="16,20,24,28,29,41,44,50,81,89" /><INIT seed="7,4,1,0,5,9" ten="174,206,284,326" oya="3" hai0="76,125,47,120,83,119,25,19,90,130,86,81,0" hai1="17,117,51,10,27,63,58,45,113,89,41,112,35" hai2="1,11,102,34,84,85,104,21,101,99,95,37,57" hai3="127,74,109,134,94,5,55,110,42,96,8,92,97"/><W118/><G74/><T114/><D119/><U100/><E100/><V135/><F34/><W71/><G71/><T14/><D120/><U67/><E117/><V131/><F37/><W107/><G118/><T49/><D0/><U82/><E35/><V69/><F69/><W66/><G66/><T73/><D125/><U30/><E30/><V105/><F105/><W115/><G115/><N who="1" m="44106" /><E82/><V62/><F104/><W29/><G29/><T116/><D114/><U68/><E89/><V124/><F124/><W60/><G42/><T20/><D116/><U6/><E27/><V50/><F131/><W70/><G134/><T16/><D130/><U53/><E17/><V26/><F135/><W54/><G70/><T48/><D47/><U61/><E10/><AGARI ba="4,1" hai="10,14,16,19,20,25,48,49,73,76,81,83,86,90" machi="10" ten="30,3900,0" yaku="7,1,52,1,54,1" doraHai="9" who="0" fromWho="1" sc="174,61,206,-51,284,0,326,0" owari="235,-16.0,155,-34.0,284,8.0,326,42.0" /></mjloggm>