<mjloggm ver="2.3"><GO type="225" lobby="0"/><UN n0="%E5%B0%B1%E6%B4%BB%E7%94%9F%40%E5%B7%9D%E6%9D%91%E8%BB%8D%E5%9B%A3" n1="%E3%83%9D%E3%82%B3%E3%83%94%E3%83%B3" n2="%E3%81%BF%E3%81%BF%E3%81%9A" n3="%E6%96%B0%E4%B8%96%E7%95%8C%E3%81%AE%E7%B4%99" dan="17,16,17,18" rate="2081.27,2121.69,2197.94,2194.29" sx="M,M,M,M"/><TAIKYOKU oya="0"/><INIT seed="0,0,0,1,4,86" ten="250,250,250,250" oya="0" hai0="125,66,118,63,112,54,107,8,102,87,129,132,5" hai1="7,97,114,100,93,27,113,11,121,85,74,109,39" hai2="131,37,6,62,14,92,31,64,84,99,120,65,123" hai3="35,96,77,61,67,81,19,58,23,73,28,53,56"/><T34/><D118/><U1/><E109/><V126/><F37/><W4/><G4/><T111/><D112/><U69/><E121/><V105/><F31/><W80/><G35/><T18/><D111/><U115/><E69/><V3/><F3/><W25/><G81/><T83/><D34/><U78/><E39/><V15/><F105/><W16/><REACH who="3" step="1"/><G96/><REACH who="3" ten="250,250,250,240" step="2"/><T70/><D5/><U117/><E115/><V127/><F120/><W60/><AGARI ba="0,1" hai="16,19,23,25,28,53,56,58,60,61,67,73,77,80" machi="60" ten="20,12000,2" yaku="1,1,2,1,0,1,7,1,54,1,53,1" doraHai="86" doraHaiUra="17" who="3" fromWho="3" sc="250,-60,250,-30,250,-30,240,130" /><INIT seed="1,0,0,0,5,52" ten="190,220,220,370" oya="1" hai0="106,59,88,34,64,112,24,127,129,105,77,28,36" hai1="20,87,134,82,21,133,61,50,44,6,101,33,42" hai2="53,37,3,45,123,14,100,116,41,109,97,71,58" hai3="70,90,0,72,4,114,54,85,7,86,111,15,62"/><U107/><E33/><V120/><F3/><W75/><G0/><T69/><D36/><U103/><E6/><V1/><F1/><W79/><G114/><T55/><D112/><U104/><E61/><V130/><F116/><W78/><G70/><T121/><D77/><N who="3" m="29193" /><G75/><T125/><D121/><U83/><E87/><V115/><F109/><W113/><G72/><T9/><D9/><U98/><E20/><V29/><F130/><W135/><G135/><N who="1" m="51722" /><E21/><V22/><F115/><W102/><G111/><T17/><D17/><U19/><E19/><V92/><F71/><W84/><G113/><T131/><D64/><U117/><E117/><V39/><F39/><W10/><G7/><T38/><D69/><U96/><AGARI ba="0,0" hai="42,44,50,82,83,96,98,101,103,104,107" m="51722" machi="96" ten="30,1500,0" yaku="20,1" doraHai="52" who="1" fromWho="1" sc="190,-5,220,15,220,-5,370,-5" /><INIT seed="1,1,0,3,4,7" ten="185,235,215,365" oya="1" hai0="84,98,118,59,85,117,91,126,3,21,65,105,25" hai1="128,46,72,116,43,94,135,44,131,24,125,108,120" hai2="49,75,34,60,124,45,11,62,69,86,106,81,109" hai3="74,87,1,82,95,67,130,12,54,39,40,63,123"/><U51/><E116/><V36/><F106/><W52/><G1/><T29/><D126/><U26/><E120/><V71/><F34/><W134/><G123/><T2/><D2/><U103/><E72/><V13/><F75/><W33/><G33/><T42/><D3/><U57/><E125/><V32/><F124/><W119/><G74/><T79/><D42/><U121/><E121/><V6/><F32/><W97/><G130/><T88/><D79/><U129/><E135/><V4/><F36/><W70/><G134/><T14/><D14/><U9/><E108/><V47/><F47/><W111/><G111/><T92/><D105/><U114/><E114/><V18/><F109/><W55/><G119/><T56/><D98/><N who="1" m="59863" /><E9/><V99/><F99/><W101/><G12/><T83/><REACH who="0" step="1"/><D56/><REACH who="0" ten="175,235,215,365" step="2"/><U110/><E110/><V77/><F71/><W93/><G40/><T107/><D107/><U61/><E46/><V80/><F69/><W38/><G38/><T102/><D102/><U0/><E0/><V17/><F4/><W112/><G39/><T127/><D127/><U113/><E113/><V73/><F73/><W100/><G112/><T10/><D10/><U8/><E8/><V96/><F96/><W15/><G15/><T115/><D115/><U53/><AGARI ba="1,1" hai="24,26,43,44,51,53,57,61,128,129,131" m="59863" machi="53" ten="30,1500,0" yaku="19,1" doraHai="7" who="1" fromWho="1" sc="175,-6,235,28,215,-6,365,-6" /><INIT seed="1,2,0,1,0,41" ten="169,263,209,359" oya="1" hai0="114,3,122,68,102,99,29,130,89,132,43,127,39" hai1="82,115,119,1,118,81,134,34,0,30,117,112,25" hai2="63,107,28,24,125,45,16,77,49,44,100,10,71" hai3="60,70,62,66,110,17,80,51,26,79,48,27,53"/><U50/><E134/><V86/><F125/><W84/><G110/><T18/><D68/><U57/><E82/><V61/><F107/><W123/><G123/><T13/><D3/><U135/><E135/><V35/><F100/><W103/><G103/><T108/><D122/><U73/><E1/><V124/><F124/><W72/><G72/><T5/><D114/><U109/><E0/><V64/><F63/><W120/><G120/><T40/><D127/><U14/><E109/><V19/><F10/><W56/><G27/><T4/><D39/><U83/><E14/><V105/><F105/><W11/><G11/><T33/><D108/><U97/><E97/><V23/><F35/><W67/><G67/><T42/><D130/><U22/><E83/><V58/><F71/><W106/><G106/><T12/><D132/><U69/><E69/><V101/><F101/><W129/><G129/><T104/><D89/><U36/><E36/><V7/><F7/><W98/><G98/><T65/><D65/><U126/><E34/><V37/><F37/><W6/><G6/><T52/><D52/><U54/><REACH who="1" step="1"/><E126/><REACH who="1" ten="169,253,209,359" step="2"/><V75/><F75/><W94/><G94/><T32/><D13/><U87/><E87/><V92/><F77/><AGARI ba="2,1" hai="22,25,30,50,54,57,73,77,81,112,115,117,118,119" machi="77" ten="40,3900,0" yaku="1,1,53,1" doraHai="41" doraHaiUra="21" who="1" fromWho="2" sc="169,0,253,55,209,-45,359,0" /><INIT seed="1,3,0,3,5,51" ten="169,308,164,359" oya="1" hai0="68,112,114,4,106,93,133,101,64,76,60,63,5" hai1="97,38,34,95,43,32,113,3,83,30,55,42,96" hai2="2,111,29,123,91,73,33,81,98,25,48,49,22" hai3="52,66,10,82,74,107,69,56,44,71,118,35,127"/><U129/><E113/><V109/><F123/><W62/><G107/><T85/><D133/><U12/><E3/><V99/><F2/><W9/><G35/><T89/><D60/><U78/><E129/><V1/><F1/><W115/><G115/><T84/><D112/><U130/><E130/><V132/><F132/><W6/><G127/><T28/><D114/><U24/><E34/><V135/><F135/><W61/><G118/><T128/><D128/><U70/><E97/><V11/><F11/><W21/><G71/><T13/><D28/><U31/><E31/><V41/><F33/><W105/><G105/><T131/><D131/><U87/><E38/><V39/><F39/><W79/><G6/><T40/><D40/><U53/><E70/><V50/><F41/><W36/><G21/><T7/><D13/><U8/><E42/><V126/><F126/><W134/><G134/><T100/><D106/><U26/><E43/><V77/><REACH who="2" step="1"/><F91/><REACH who="2" ten="169,308,154,359" step="2"/><W19/><G36/><T45/><D45/><U90/><E26/><V17/><F17/><AGARI ba="3,1" hai="8,12,17,24,30,32,53,55,78,83,87,90,95,96" machi="17" ten="30,5800,0" yaku="7,1,52,2" doraHai="51" who="1" fromWho="2" sc="169,0,308,77,154,-67,359,0" /><INIT seed="1,4,0,0,2,97" ten="169,385,87,359" oya="1" hai0="3,17,91,58,81,63,54,118,5,42,41,50,96" hai1="34,105,100,51,57,108,39,122,87,14,114,69,0" hai2="119,132,110,107,13,123,7,47,46,62,20,2,126" hai3="44,59,83,130,29,125,56,113,112,72,76,25,134"/><U38/><E0/><V82/><F119/><W120/><G120/><T15/><D118/><U117/><E69/><V48/><F123/><W103/><G125/><T88/><D3/><U128/><E34/><V65/><F126/><W43/><G130/><T135/><D135/><U124/><E39/><V68/><F132/><W66/><G134/><T49/><D5/><U75/><E38/><V121/><F121/><W102/><G112/><T101/><D49/><U73/><E73/><V64/><F110/><W9/><G113/><T23/><D81/><U89/><E75/><V32/><F32/><W133/><G133/><T131/><D131/><U16/><E108/><V71/><F2/><W98/><G9/><T30/><D30/><U127/><E128/><V27/><F107/><W8/><G8/><T6/><D6/><U115/><E122/><V22/><F82/><W129/><G129/><T31/><D31/><U4/><E117/><V1/><F1/><W74/><G74/><T24/><D15/><U70/><E70/><V111/><F111/><W45/><G45/><N who="0" m="25903" /><D42/><U33/><E105/><V21/><F27/><W116/><G116/><T52/><D54/><U60/><E33/><V106/><F106/><W93/><G66/><N who="2" m="25705" /><F62/><W77/><G77/><T80/><D80/><N who="1" m="49383" /><E115/><V109/><F109/><W61/><G61/><T36/><D36/><U94/><E124/><V10/><F47/><W35/><G44/><T99/><D99/><U67/><E114/><V84/><F84/><W104/><G43/><T85/><D85/><U95/><E127/><V28/><F28/><W19/><G19/><RYUUKYOKU type="nm" ba="4,0" sc="169,-40,385,120,87,-40,359,-40" hai0="17,23,24,52,58,63,88,91,96,101" hai2="7,10,13,20,21,22,46,48,68,71" hai3="25,29,35,56,59,72,76,83,93,98,102,103,104" /><INIT seed="2,5,0,0,4,69" ten="129,505,47,319" oya="2" hai0="59,51,62,4,124,25,57,60,42,11,12,1,99" hai1="122,94,22,44,128,92,74,29,16,115,88,20,119" hai2="130,114,107,93,81,43,117,33,50,129,38,30,75" hai3="101,27,34,78,7,48,71,80,104,79,111,102,120"/><V2/><F114/><W133/><G120/><T72/><D124/><U118/><E122/><V13/><F117/><W121/><G121/><T113/><D113/><U8/><E128/><N who="2" m="49259" /><F107/><W18/><G71/><T126/><D72/><U89/><E74/><V66/><F2/><W112/><G111/><T23/><D126/><U116/><E115/><V132/><F132/><W32/><G112/><T41/><D1/><U56/><E44/><N who="2" m="23671" /><F66/><W45/><G7/><T19/><D99/><U125/><E125/><V82/><F75/><W39/><G104/><T40/><D51/><U103/><E56/><AGARI ba="5,0" hai="4,11,12,19,23,25,40,41,42,56,57,59,60,62" machi="56" ten="40,1300,0" yaku="8,1" doraHai="69" who="0" fromWho="1" sc="129,28,505,-28,47,0,319,0" /><INIT seed="3,0,0,0,5,97" ten="157,477,47,319" oya="3" hai0="13,88,4,120,23,7,117,121,68,71,127,48,61" hai1="47,32,73,72,56,101,41,113,22,6,82,115,83" hai2="60,45,118,108,14,85,75,50,15,57,10,133,35" hai3="81,49,132,70,65,5,128,90,62,69,16,95,0"/><W37/><G37/><T39/><D39/><U91/><E32/><V2/><F118/><W87/><G132/><T122/><D117/><U34/><E34/><V74/><F35/><W40/><G70/><T135/><D135/><U79/><E6/><V28/><F2/><W119/><G119/><T24/><D127/><U20/><E101/><V33/><F133/><W17/><G128/><T77/><D77/><U107/><E107/><V19/><F108/><W109/><G109/><T26/><D48/><U92/><E56/><V63/><F33/><W93/><G5/><T102/><D102/><U106/><E106/><V18/><F28/><W9/><G0/><T52/><D71/><U131/><E131/><V123/><F123/><W99/><G9/><T100/><D100/><U38/><E22/><V36/><F36/><W84/><G84/><T46/><D46/><U66/><E66/><V130/><F130/><W42/><G93/><T54/><D68/><U124/><E124/><V64/><F63/><W89/><REACH who="3" step="1"/><G49/><REACH who="3" ten="157,477,47,309" step="2"/><T67/><D7/><U44/><E38/><V78/><F85/><W134/><G134/><T30/><D4/><U53/><E92/><V21/><F78/><W112/><G112/><T98/><D122/><U11/><E11/><V1/><F1/><W31/><G31/><T29/><D30/><U58/><E115/><V105/><F105/><W80/><G80/><T125/><D29/><U12/><E83/><V3/><F3/><W55/><G55/><T103/><D125/><U126/><E53/><N who="2" m="29903" /><F74/><W43/><AGARI ba="0,1" hai="16,17,40,42,43,62,65,69,81,87,89,90,95,99" machi="43" ten="30,6000,0" yaku="1,1,0,1,54,1,53,0" doraHai="97" doraHaiUra="110" who="3" fromWho="3" sc="157,-20,477,-20,47,-20,309,70" /><INIT seed="3,1,0,0,4,118" ten="137,457,27,379" oya="3" hai0="14,115,41,95,104,33,103,89,76,54,105,87,81" hai1="25,107,117,53,102,61,92,121,8,51,132,16,114" hai2="0,83,70,108,57,120,5,31,56,10,17,123,77" hai3="38,98,27,39,4,11,80,52,88,109,91,6,75"/><W62/><G39/><T90/><D33/><U3/><E121/><N who="2" m="46667" /><F70/><W85/><G38/><T122/><D122/><U60/><E132/><V134/><F56/><N who="3" m="35079" /><G75/><N who="0" m="43167" /><D54/><U96/><E114/><V28/><F57/><W30/><G109/><T106/><D14/><U21/><E117/><V116/><F116/><W24/><G11/><T110/><D41/><U1/><E1/><V113/><F113/><W15/><G15/><T135/><D135/><U84/><E107/><N who="0" m="41033" /><D110/><U45/><E84/><V71/><F71/><W32/><G32/><T112/><D90/><U65/><E65/><V128/><F134/><W34/><G34/><T127/><D127/><U55/><E55/><V64/><F64/><W2/><G2/><T43/><D43/><U46/><E46/><V129/><F108/><W49/><G49/><T35/><D35/><U63/><E3/><V36/><F36/><W50/><G50/><T44/><D44/><U47/><E45/><V19/><F83/><W126/><G126/><T58/><D58/><U40/><E40/><V69/><F69/><W74/><G74/><T13/><D13/><N who="1" m="7207" /><E61/><V37/><F37/><W20/><G27/><T94/><D106/><U125/><E125/><V66/><F66/><W48/><G48/><T111/><D111/><U18/><AGARI ba="1,0" hai="18,21,25,47,51,53,60,63,92,96,102" m="7207" machi="18" ten="30,2000,0" yaku="8,1,54,1" doraHai="118" who="1" fromWho="1" sc="137,-6,457,23,27,-6,379,-11" owari="131,-27.0,480,58.0,21,-48.0,368,17.0" /></mjloggm>