<mjloggm ver="2.3"><GO type="97" lobby="0"/><UN n0="%E5%B0%B1%E6%B4%BB%E7%94%9F%40%E5%B7%9D%E6%9D%91%E8%BB%8D%E5%9B%A3" n1="%E3%82%84%E3%81%99%E3%81%B9%E3%81%88%4F%E5%8E%9F" n2="%E3%81%8F%E3%81%95%E3%81%8F%E3%81%AA%E3%81%84%E3%81%8A" n3="%79%6D%68%73%72%77" dan="15,14,15,14" rate="2063.09,1871.69,2046.53,1999.35" sx="M,M,M,M"/><TAIKYOKU oya="0"/><INIT seed="0,0,0,0,1,109" ten="250,250,250,250" oya="0" hai0="23,32,42,101,79,111,2,10,88,127,19,120,8" hai1="64,36,45,121,74,51,122,124,59,90,50,135,84" hai2="69,20,29,118,83,6,21,41,39,112,107,0,52" hai3="33,108,115,81,114,117,15,27,57,133,14,85,5"/><T43/><D120/><N who="1" m="46187" /><E90/><V91/><F69/><W38/><G117/><T65/><D32/><U134/><E84/><V129/><F107/><W92/><G38/><T67/><D111/><U87/><E74/><V93/><F129/><W18/><G108/><T13/><D127/><U110/><E87/><V119/><F83/><W30/><G133/><N who="1" m="50698" /><E110/><V7/><F41/><N who="0" m="15370" /><D2/><U47/><E36/><V34/><F0/><W130/><G130/><T53/><D101/><U46/><E124/><V104/><F104/><W103/><G5/><T123/><D79/><U4/><E4/><V105/><F105/><W28/><G28/><T98/><D53/><U99/><E99/><V25/><F39/><W9/><G14/><T73/><D73/><U71/><E59/><V61/><F6/><W75/><G57/><T17/><D123/><U131/><E131/><V48/><F7/><W113/><G75/><T76/><D76/><U95/><E95/><V66/><F93/><W63/><G63/><AGARI ba="0,0" hai="45,46,47,50,51,63,64,71" m="50698,46187" machi="63" ten="40,5200,0" yaku="20,1,34,2" doraHai="109" who="1" fromWho="3" sc="250,0,250,52,250,0,250,-52" /><INIT seed="1,0,0,3,2,54" ten="250,302,250,198" oya="1" hai0="113,12,21,127,122,64,22,20,115,68,133,121,4" hai1="110,28,134,80,83,10,131,93,77,97,47,30,6" hai2="98,24,101,89,13,18,65,73,16,9,3,34,14" hai3="51,100,29,15,37,48,35,59,94,19,111,23,63"/><U128/><E134/><V96/><F3/><W11/><G37/><T135/><D64/><U57/><E110/><V27/><F73/><W119/><G111/><T87/><D68/><U78/><E47/><V114/><F114/><N who="0" m="43530" /><D87/><U45/><E45/><V105/><F34/><W33/><G119/><T132/><D127/><U104/><E104/><V81/><F65/><N who="3" m="39167" /><G35/><T130/><D130/><N who="1" m="49707" /><E57/><V79/><F89/><W72/><G72/><T88/><D88/><N who="1" m="55463" /><E80/><V0/><F0/><W38/><G33/><T109/><D109/><U26/><E83/><V7/><F98/><N who="3" m="59479" /><G38/><T118/><D118/><U31/><E26/><AGARI ba="0,0" hai="11,15,19,23,26,29,48,51" m="59479,39167" machi="26" ten="30,3900,0" yaku="25,1,8,1,52,1" doraHai="54" who="3" fromWho="1" sc="250,0,302,-39,250,0,198,39" /><INIT seed="2,0,0,0,4,116" ten="250,263,250,237" oya="2" hai0="88,83,30,56,127,45,124,9,106,71,39,43,60" hai1="92,51,61,28,108,130,65,90,111,122,80,96,21" hai2="74,125,5,121,18,76,47,36,55,67,123,119,50" hai3="77,2,109,15,8,14,46,87,10,84,115,117,11"/><V37/><F5/><W118/><G2/><T68/><D106/><U94/><E80/><V126/><F119/><N who="3" m="45579" /><G46/><T32/><D32/><U16/><E51/><V44/><F18/><W114/><G77/><T29/><D9/><U4/><E28/><V49/><F67/><W105/><G105/><T7/><D7/><U120/><E122/><N who="2" m="46603" /><F76/><W13/><G109/><N who="1" m="42058" /><E120/><V0/><F74/><W128/><G128/><T95/><D83/><U25/><E4/><V85/><F85/><AGARI ba="0,0" hai="8,10,11,13,14,15,84,85,87,114,115" m="45579" machi="85" ten="40,2600,0" yaku="28,2" doraHai="116" who="3" fromWho="2" sc="250,0,263,0,250,-26,237,26" /><INIT seed="3,0,0,3,0,30" ten="250,263,224,263" oya="3" hai0="12,128,13,97,36,38,53,83,37,133,86,7,90" hai1="72,15,102,26,81,122,65,76,89,92,105,51,6" hai2="79,94,25,10,135,130,132,11,27,67,100,110,39" hai3="42,64,56,107,115,47,103,121,69,62,116,85,52"/><W98/><G121/><T54/><D128/><U59/><E122/><V120/><F120/><W73/><G116/><T113/><D133/><N who="2" m="51274" /><F130/><W88/><G73/><T8/><D113/><U104/><E26/><N who="2" m="9739" /><F39/><W71/><G115/><T40/><D40/><U111/><E111/><V34/><F34/><W31/><G64/><T33/><D33/><U28/><E28/><V108/><F79/><W0/><G31/><T82/><D97/><N who="1" m="61647" /><E104/><V112/><F67/><W29/><G0/><T93/><D13/><U1/><E15/><V48/><F48/><W114/><G29/><T127/><D127/><U21/><E21/><V84/><F112/><W74/><G74/><T70/><D70/><U9/><E51/><V75/><F75/><W32/><G32/><T35/><D35/><U2/><E65/><V117/><F117/><W106/><G107/><T91/><REACH who="0" step="1"/><D93/><REACH who="0" ten="240,263,224,263" step="2"/><U43/><E43/><V66/><F66/><W49/><G114/><T45/><D45/><U118/><E118/><V101/><F110/><W68/><G68/><T46/><D46/><U126/><E126/><V14/><F108/><W78/><G78/><T22/><D22/><U23/><E23/><V124/><F124/><W99/><G99/><T19/><D19/><U20/><E20/><V3/><F3/><W87/><G87/><AGARI ba="0,1" hai="7,8,12,36,37,38,53,54,82,83,86,87,90,91" machi="87" ten="40,2600,0" yaku="1,1,9,1,53,0" doraHai="30" doraHaiUra="24" who="0" fromWho="3" sc="240,36,263,0,224,0,263,-26" /><INIT seed="4,0,0,2,3,10" ten="276,263,224,237" oya="0" hai0="62,106,116,115,52,42,27,14,36,91,2,22,96" hai1="57,114,25,40,23,73,53,72,0,3,75,117,37" hai2="34,78,50,123,84,18,8,44,1,103,56,99,83" hai3="24,122,39,33,65,67,133,81,130,74,38,61,92"/><T132/><D116/><U31/><E117/><V118/><F123/><W111/><G111/><T17/><D2/><U66/><E66/><V58/><F34/><W71/><G122/><T95/><D115/><U48/><REACH who="1" step="1"/><E114/><REACH who="1" ten="276,253,224,237" step="2"/><V30/><F118/><W80/><G67/><T11/><D132/><U100/><E100/><V128/><F128/><W112/><G112/><T77/><D106/><U9/><E9/><V98/><F30/><W28/><G133/><T108/><D108/><U21/><E21/><V64/><F64/><W76/><G130/><T15/><D11/><U49/><E49/><V86/><F1/><W32/><G32/><T60/><D77/><U119/><E119/><V54/><F103/><W69/><G69/><T110/><D110/><U105/><E105/><V16/><F84/><W124/><G124/><T46/><D62/><U35/><E35/><V6/><F6/><W121/><G121/><T59/><AGARI ba="0,1" hai="14,15,17,22,27,36,42,46,52,59,60,91,95,96" machi="59" ten="30,18000,2" yaku="0,1,25,2,52,2,54,1" doraHai="10" who="0" fromWho="0" sc="276,190,253,-60,224,-60,237,-60" owari="466,57.0,193,-1.0,164,-34.0,177,-22.0" /></mjloggm>