<mjloggm ver="2.3"><GO type="97" lobby="0"/><UN n0="%6B%61%73%68%65%6C%6C%79" n1="%E5%B0%B1%E6%B4%BB%E7%94%9F%40%E5%B7%9D%E6%9D%91%E8%BB%8D%E5%9B%A3" n2="%74%6F%6D%6F%6B%61%6E%61" n3="%67%61%63%68%61%30%30" dan="14,15,14,14" rate="1982.80,2068.62,1893.01,1805.23" sx="M,M,M,M"/><TAIKYOKU oya="0"/><INIT seed="0,0,0,3,4,107" ten="250,250,250,250" oya="0" hai0="43,2,8,109,28,40,96,130,23,112,128,9,59" hai1="39,3,61,17,68,120,134,94,106,46,34,127,60" hai2="113,14,90,58,0,71,1,78,91,20,86,35,85" hai3="66,37,41,10,108,33,95,84,24,57,63,92,105"/><T79/><D112/><U73/><RYUUKYOKU type="yao9" ba="0,0" sc="250,0,250,0,250,0,250,0" hai1="3,17,34,39,46,60,61,68,73,94,106,120,127,134" /><INIT seed="0,1,0,5,5,16" ten="250,250,250,250" oya="0" hai0="43,88,41,21,119,78,32,23,101,123,1,104,110" hai1="70,61,10,135,98,0,91,7,63,75,14,69,82" hai2="122,106,59,109,76,49,89,45,99,28,5,81,8" hai3="30,73,129,60,94,83,27,108,44,118,67,56,25"/><T57/><D119/><U117/><E117/><V95/><F122/><W79/><G118/><T100/><D32/><U93/><E135/><V97/><F109/><W134/><G108/><T64/><D1/><U66/><E75/><V17/><F106/><W113/><G113/><T80/><D110/><U127/><E127/><V4/><F99/><W46/><G134/><T19/><D19/><U125/><E125/><V85/><F28/><W84/><G129/><T33/><D33/><U133/><E133/><V115/><F115/><W22/><REACH who="3" step="1"/><G25/><REACH who="3" ten="250,250,250,240" step="2"/><T55/><D123/><U105/><E105/><V53/><F45/><W77/><G77/><T24/><D104/><U65/><E82/><V26/><REACH who="2" step="1"/><F8/><REACH who="2" ten="250,250,240,240" step="2"/><W126/><G126/><T13/><D78/><U31/><E31/><V112/><F112/><W74/><G74/><T29/><D29/><U47/><E47/><V68/><F68/><W124/><G124/><T116/><D57/><U20/><E69/><V86/><F86/><W58/><G58/><T52/><D116/><U121/><E70/><V50/><F50/><W3/><G3/><T90/><D80/><U12/><E0/><V71/><F71/><W131/><G131/><T2/><D2/><U51/><E51/><V128/><F128/><W130/><G130/><T96/><D96/><U132/><E132/><V39/><F39/><W11/><G11/><T6/><D13/><U114/><E114/><V36/><F36/><W38/><G38/><T40/><D24/><U72/><E121/><V15/><F15/><W103/><G103/><T62/><D100/><U111/><E98/><RYUUKYOKU ba="1,2" sc="250,-15,250,-15,240,15,240,15" hai2="4,5,17,26,49,53,59,76,81,85,89,95,97" hai3="22,27,30,44,46,56,60,67,73,79,83,84,94" /><INIT seed="1,2,2,1,0,96" ten="235,235,255,255" oya="1" hai0="129,121,130,38,70,51,98,104,27,66,25,56,109" hai1="94,100,101,73,107,32,31,5,28,12,40,78,35" hai2="29,80,74,13,81,33,72,134,15,71,108,55,97" hai3="99,6,112,36,76,4,9,63,18,24,14,49,3"/><U113/><E113/><V61/><F134/><W84/><G36/><T120/><D38/><U45/><E107/><V42/><F42/><W111/><G112/><T17/><D109/><U127/><E127/><V114/><F114/><W86/><G99/><T135/><D135/><U82/><E35/><V91/><F72/><W95/><G111/><T57/><D70/><U58/><E58/><N who="0" m="22633" /><D66/><U83/><E83/><N who="2" m="31819" /><F74/><W22/><G63/><T44/><D17/><U88/><E32/><V19/><F71/><W41/><G76/><T89/><D51/><N who="1" m="27047" /><E73/><V93/><F33/><W10/><REACH who="3" step="1"/><G95/><REACH who="3" ten="235,235,255,245" step="2"/><N who="0" m="56687" /><D104/><U16/><E82/><V126/><F108/><W11/><G11/><T87/><D121/><U23/><E78/><V118/><F126/><W60/><G60/><T20/><D120/><U50/><E50/><V59/><F118/><W62/><G62/><T123/><D123/><U116/><E116/><V105/><F105/><W65/><G65/><T21/><D87/><N who="1" m="52511" /><E5/><V75/><F75/><W26/><G26/><T92/><D27/><U125/><E125/><V47/><F29/><AGARI ba="2,3" hai="12,16,23,28,29,31,100,101" m="52511,27047" machi="29" ten="30,12000,1" yaku="8,1,52,2,54,2" doraHai="96" who="1" fromWho="2" sc="235,0,235,156,255,-126,245,0" /><INIT seed="1,3,0,4,4,100" ten="235,391,129,245" oya="1" hai0="131,61,106,3,126,97,94,4,67,9,66,103,112" hai1="123,119,89,46,93,84,58,8,122,79,27,118,20" hai2="44,22,56,133,62,68,77,120,43,30,50,53,110" hai3="128,88,47,11,33,29,134,135,86,130,101,14,34"/><U41/><E119/><V92/><F120/><W49/><G101/><T42/><D112/><U37/><E118/><V21/><F110/><W57/><G57/><T74/><D126/><U117/><E117/><V76/><F133/><N who="3" m="50699" /><G34/><T69/><D131/><N who="3" m="50217" /><G33/><T1/><D74/><U18/><E79/><V111/><F68/><W10/><G29/><T73/><D73/><U39/><E39/><V114/><F114/><W96/><G96/><T95/><D42/><U82/><E58/><V19/><F111/><W54/><G14/><T23/><D3/><U116/><E116/><V107/><F107/><W24/><G24/><T32/><D32/><U80/><E122/><V45/><F45/><W59/><G59/><T85/><D67/><U70/><E70/><V2/><F2/><W15/><G15/><T26/><REACH who="0" step="1"/><D85/><REACH who="0" ten="225,391,129,245" step="2"/><U71/><E123/><V35/><F35/><W16/><G86/><T72/><D72/><U81/><E71/><V113/><F113/><W40/><G40/><T91/><D91/><U25/><E41/><V121/><F121/><W65/><G88/><T13/><D13/><U55/><E89/><V0/><F0/><W78/><G65/><T99/><D99/><U104/><E84/><V63/><F43/><W108/><G108/><T109/><D109/><U124/><E37/><V127/><F76/><W48/><G78/><T6/><D6/><U87/><E124/><V12/><F77/><W51/><G54/><T31/><AGARI ba="3,1" hai="1,4,9,23,26,31,61,66,69,94,95,97,103,106" machi="31" ten="20,5200,0" yaku="1,1,0,1,7,1,52,1,53,0" doraHai="100" doraHaiUra="36" who="0" fromWho="0" sc="225,71,391,-29,129,-16,245,-16" /><INIT seed="2,0,0,5,4,57" ten="296,362,113,229" oya="2" hai0="31,8,116,20,118,89,77,84,123,2,22,38,119" hai1="56,90,82,111,13,112,115,109,121,39,24,129,93" hai2="37,15,99,103,30,104,88,131,11,127,1,33,28" hai3="9,42,6,62,7,95,107,135,70,86,97,130,81"/><V12/><F37/><W132/><G107/><T29/><D38/><U78/><E39/><V120/><F120/><W41/><G130/><T52/><D77/><U45/><E129/><V106/><F131/><W32/><G32/><T50/><D123/><U122/><E24/><V66/><F1/><W55/><G70/><T4/><D29/><U10/><E56/><V21/><F106/><W14/><G7/><T113/><D31/><U126/><E45/><V68/><F127/><W58/><G135/><T34/><D34/><U91/><E126/><V36/><F36/><W71/><G71/><T18/><D113/><N who="1" m="43595" /><E13/><V105/><F105/><W0/><G0/><T26/><D22/><U65/><E10/><V76/><F76/><W69/><G69/><T75/><D75/><N who="1" m="43359" /><E65/><V17/><F33/><W54/><G132/><T117/><D117/><U79/><E79/><V73/><F73/><W63/><G55/><T124/><D124/><U101/><E101/><V53/><F53/><W5/><G5/><T59/><REACH who="0" step="1"/><D119/><REACH who="0" ten="286,362,113,229" step="2"/><U61/><E122/><V35/><F35/><W64/><G9/><T44/><D44/><U40/><E121/><V47/><F47/><W125/><G125/><T133/><D133/><U94/><E111/><V110/><F110/><W96/><G6/><T60/><D60/><U43/><E109/><V3/><F3/><W48/><G63/><T85/><D85/><U25/><E25/><V87/><F68/><W49/><G86/><T98/><D98/><N who="1" m="57655" /><E61/><V83/><REACH who="2" step="1"/><F66/><REACH who="2" ten="286,362,103,229" step="2"/><W80/><G64/><T128/><D128/><U67/><E67/><V51/><F51/><RYUUKYOKU ba="0,2" sc="286,10,362,10,103,10,229,-30" hai0="2,4,8,18,20,26,50,52,59,84,89,116,118" hai1="40,43,91,94" hai2="11,12,15,17,21,28,30,83,87,88,99,103,104" /><INIT seed="2,1,2,2,4,33" ten="296,372,113,199" oya="2" hai0="19,125,20,3,67,41,75,34,28,123,0,86,36" hai1="11,63,91,97,133,35,114,96,121,55,111,44,94" hai2="26,124,66,134,4,112,7,43,24,73,27,108,32" hai3="61,122,69,95,103,131,109,113,29,22,120,51,49"/><V132/><F73/><W57/><G95/><T77/><D75/><U5/><E35/><V18/><F43/><W83/><G103/><T45/><D123/><N who="3" m="47145" /><G83/><T72/><D72/><U135/><E111/><V130/><F66/><N who="3" m="41167" /><G22/><T118/><D67/><U68/><E121/><V48/><F48/><N who="3" m="18507" /><G29/><T58/><D28/><U65/><E114/><V87/><F112/><W23/><G23/><T30/><D34/><U107/><E107/><V46/><F46/><W110/><G113/><T37/><D30/><U119/><E44/><V104/><F104/><W92/><G92/><T47/><D77/><U59/><E119/><V54/><F87/><W116/><G131/><T89/><D118/><U78/><E78/><V10/><F54/><W81/><G81/><T127/><D86/><U129/><E129/><V106/><F106/><W52/><G116/><T93/><D93/><U38/><E38/><V53/><F53/><W128/><G128/><T79/><D37/><U71/><E97/><V76/><F76/><W105/><G105/><T2/><D79/><U16/><E16/><V6/><F130/><W64/><G64/><T39/><D39/><U115/><E115/><V126/><F108/><W14/><G14/><T56/><D89/><U80/><E80/><V70/><F32/><W101/><G101/><T117/><D117/><U102/><E102/><V15/><REACH who="2" step="1"/><F70/><REACH who="2" ten="296,372,103,199" step="2"/><W8/><G8/><T98/><D47/><U42/><E42/><V9/><F9/><W90/><G90/><T13/><D98/><U60/><E71/><V84/><F84/><W17/><G17/><T99/><D99/><RYUUKYOKU ba="1,3" sc="296,0,372,0,103,0,199,0" hai0="0,2,3,13,19,20,36,41,45,56,58,125,127" hai1="5,11,55,59,60,63,65,68,91,94,96,133,135" hai2="4,6,7,10,15,18,24,26,27,124,126,132,134" hai3="52,57,109,110" /><INIT seed="2,2,3,5,0,2" ten="296,372,103,199" oya="2" hai0="12,66,81,100,50,76,88,30,35,14,8,24,119" hai1="15,60,78,31,85,101,52,105,123,115,116,33,64" hai2="89,11,124,94,62,5,69,83,28,1,121,4,134" hai3="47,29,25,51,102,32,36,120,27,82,128,107,86"/><V19/><F121/><W9/><G120/><T84/><D119/><U106/><E116/><V44/><F124/><W43/><G25/><T57/><D100/><U77/><E115/><V26/><F134/><W59/><G128/><T49/><D14/><U55/><E123/><V58/><F69/><W122/><G122/><T17/><D66/><U125/><E15/><N who="2" m="7679" /><F1/><W74/><G74/><T65/><D76/><N who="1" m="29291" /><E85/><N who="2" m="52527" /><F83/><W20/><G9/><T10/><D10/><U130/><E130/><V104/><F104/><W23/><G107/><T112/><D112/><U54/><E106/><V99/><F99/><W103/><G32/><T97/><D97/><N who="1" m="61615" /><E55/><N who="2" m="34143" /><F44/><W41/><G36/><T42/><D42/><U46/><E46/><V38/><F38/><W72/><G43/><T90/><D90/><U22/><E125/><V80/><F80/><W111/><G47/><T40/><D40/><U7/><E54/><V61/><F61/><W129/><G82/><T16/><D65/><U6/><E52/><V135/><F135/><W73/><G129/><T13/><D57/><U39/><E39/><V70/><F70/><W34/><G59/><T63/><D63/><U118/><E118/><V113/><F113/><W110/><G34/><T87/><D87/><U133/><E133/><V75/><F75/><W98/><G86/><T21/><AGARI ba="2,3" hai="8,12,13,16,17,21,24,30,35,49,50,81,84,88" machi="21" ten="20,5200,0" yaku="0,1,7,1,54,2" doraHai="2" who="0" fromWho="0" sc="296,88,372,-15,103,-28,199,-15" /><INIT seed="3,0,0,2,3,87" ten="384,357,75,184" oya="3" hai0="41,70,43,74,116,103,128,90,1,119,64,51,53" hai1="30,71,3,92,7,77,20,72,60,62,114,130,94" hai2="22,109,106,16,0,95,97,127,8,10,84,63,76" hai3="2,100,81,66,9,83,23,47,61,37,27,26,58"/><W123/><G123/><T122/><D74/><U35/><E114/><V55/><F127/><W19/><G100/><T28/><D1/><U133/><E130/><V44/><F109/><W80/><G2/><T69/><D103/><U17/><E133/><V98/><F106/><W124/><G124/><T118/><D28/><U5/><E72/><V85/><F0/><W89/><G9/><T57/><D122/><U132/><E77/><V78/><F98/><W107/><G107/><T102/><D102/><U129/><E129/><V96/><F96/><W105/><G105/><T101/><D101/><U110/><E110/><V34/><F34/><W29/><G47/><N who="0" m="27903" /><D90/><U6/><E132/><V111/><F111/><W75/><G37/><T48/><D128/><U40/><E40/><N who="0" m="15433" /><D48/><U67/><E60/><AGARI ba="0,0" hai="57,60,64,69,70,116,118,119" m="15433,27903" machi="60" ten="40,2600,0" yaku="34,2" doraHai="87" who="0" fromWho="1" sc="384,26,357,-26,75,0,184,0" owari="410,51.0,331,13.0,75,-42.0,184,-22.0" /></mjloggm>