<mjloggm ver="2.3"><GO type="97" lobby="0"/><UN n0="%E5%A4%8F%E5%B7%9D%E3%81%BE%E3%82%86%E3%82%8A" n1="%E7%B4%85%40%E6%9D%8F%E6%9D%8F%E8%BB%8D%E5%9C%98" n2="%50%53%52%EF%BC%A0%E5%B7%9D%E6%9D%91%E8%BB%8D%E5%9B%A3" n3="%E5%B0%B1%E6%B4%BB%E7%94%9F%40%E5%B7%9D%E6%9D%91%E8%BB%8D%E5%9B%A3" dan="15,14,13,15" rate="1957.55,1898.33,1897.04,1986.82" sx="F,F,M,M"/><TAIKYOKU oya="0"/><INIT seed="0,0,0,0,2,120" ten="250,250,250,250" oya="0" hai0="22,67,27,75,78,118,88,13,14,92,97,57,6" hai1="87,109,48,83,131,115,11,54,85,86,61,21,101" hai2="41,46,49,7,133,124,90,25,2,28,117,107,33" hai3="26,42,24,15,16,134,102,65,47,38,104,125,122"/><T0/><D118/><U20/><E101/><V80/><F107/><W40/><G122/><T3/><D75/><U81/><E115/><V10/><F117/><W58/><G42/><T50/><D78/><U76/><E61/><V19/><F124/><W89/><G125/><T72/><D72/><U59/><E131/><V132/><REACH who="2" step="1"/><F19/><REACH who="2" ten="250,250,240,250" step="2"/><W17/><G17/><T96/><D0/><U56/><E11/><V69/><F69/><W60/><G134/><T8/><D97/><U23/><E76/><V95/><F95/><W99/><REACH who="3" step="1"/><G89/><REACH who="3" ten="250,250,240,240" step="2"/><T29/><D88/><U127/><E127/><V31/><F31/><W112/><G112/><T126/><D29/><U35/><E35/><V79/><F79/><W39/><G39/><T110/><D126/><U9/><E9/><AGARI ba="0,2" hai="9,15,16,24,26,38,40,47,58,60,65,99,102,104" machi="9" ten="30,3900,0" yaku="1,1,7,1,54,1,53,0" doraHai="120" doraHaiUra="106" who="3" fromWho="1" sc="250,0,250,-39,240,0,240,59" /><INIT seed="1,0,0,2,3,80" ten="250,211,240,299" oya="1" hai0="36,20,122,74,75,29,43,16,93,33,1,85,111" hai1="8,118,92,42,58,130,135,28,22,17,106,60,63" hai2="104,129,96,134,9,131,88,14,53,100,55,128,123" hai3="19,51,99,31,3,10,34,81,101,26,97,78,15"/><U73/><E118/><V126/><F123/><W127/><G127/><T107/><D1/><U114/><E106/><V56/><F126/><W5/><G51/><T2/><D107/><U38/><E114/><V44/><F134/><W68/><G68/><T62/><D2/><U4/><E73/><V35/><F35/><W47/><G47/><T109/><D122/><U69/><E135/><V83/><F44/><W48/><G48/><T54/><D43/><U102/><E130/><V24/><F24/><W116/><G116/><T25/><D36/><U133/><E133/><V125/><F125/><W40/><G40/><T64/><D54/><U21/><E28/><V27/><F27/><W119/><G119/><T12/><D93/><U18/><E42/><V87/><REACH who="2" step="1"/><F56/><REACH who="2" ten="250,211,230,299" step="2"/><W113/><G113/><T79/><D111/><U86/><E58/><V115/><F115/><W32/><G32/><T66/><D109/><U98/><E69/><V132/><F132/><W11/><G101/><T121/><D121/><U13/><E38/><V70/><F70/><W52/><G26/><T77/><D25/><U50/><E50/><V49/><F49/><W23/><G34/><T37/><D33/><U94/><E22/><V103/><F103/><W45/><G31/><T72/><D37/><U91/><E18/><AGARI ba="0,1" hai="9,14,18,53,55,83,87,88,96,100,104,128,129,131" machi="18" ten="40,8000,1" yaku="1,1,19,1,52,1,54,1,53,0" doraHai="80" doraHaiUra="0" who="2" fromWho="1" sc="250,0,211,-80,230,90,299,0" /><INIT seed="2,0,0,0,0,106" ten="250,131,320,299" oya="2" hai0="114,55,100,117,68,134,81,36,104,97,8,24,69" hai1="22,118,103,107,25,27,74,98,7,131,31,33,129" hai2="83,84,67,125,16,13,108,29,38,95,15,40,56" hai3="78,82,76,35,89,28,72,71,102,50,127,96,75"/><V60/><F125/><W20/><G50/><T70/><D36/><U135/><E7/><V11/><F29/><W37/><G20/><T80/><D114/><U132/><E118/><V121/><F121/><W54/><G54/><T99/><D117/><U115/><E115/><V66/><F108/><W6/><G6/><T111/><D111/><U93/><E93/><V10/><F95/><N who="3" m="58655" /><G28/><T65/><D65/><U2/><E2/><V30/><F30/><W87/><G71/><T48/><D134/><N who="1" m="51243" /><E22/><V59/><F38/><W26/><G26/><T43/><D43/><U124/><E25/><V120/><F40/><W47/><G47/><T62/><D62/><U110/><E124/><V23/><F120/><W123/><G37/><T14/><D24/><U126/><E126/><V133/><F133/><W92/><G35/><T9/><D99/><U90/><E110/><V17/><F23/><W88/><G127/><T19/><REACH who="0" step="1"/><D9/><REACH who="0" ten="240,131,320,299" step="2"/><U51/><E129/><V4/><F66/><W85/><G123/><T12/><D12/><U128/><E131/><V49/><F67/><W57/><G57/><AGARI ba="0,1" hai="8,14,19,48,55,57,68,69,70,80,81,97,100,104" machi="57" ten="40,1300,0" yaku="1,1,53,0" doraHai="106" doraHaiUra="39" who="0" fromWho="3" sc="240,23,131,0,320,0,299,-13" /><INIT seed="3,0,0,0,1,94" ten="263,131,320,286" oya="3" hai0="45,34,124,98,121,122,11,106,12,51,120,91,130" hai1="15,103,132,56,26,79,108,84,87,104,88,67,69" hai2="80,1,73,114,23,74,25,116,86,7,32,123,19" hai3="110,39,58,117,127,47,48,61,118,125,77,43,90"/><W21/><G77/><T95/><D34/><U78/><E108/><V131/><F32/><W28/><G28/><T101/><D130/><U126/><E126/><N who="3" m="48138" /><G90/><T53/><D124/><U92/><E132/><V112/><F116/><N who="3" m="44651" /><G21/><T22/><D22/><U99/><E56/><V4/><F131/><W66/><G110/><T14/><REACH who="0" step="1"/><D11/><REACH who="0" ten="253,131,320,286" step="2"/><U109/><E109/><V81/><F23/><W85/><G85/><AGARI ba="0,1" hai="12,14,45,51,53,85,91,95,98,101,106,120,121,122" machi="85" ten="40,5200,0" yaku="1,1,2,1,52,1,53,0" doraHai="94" doraHaiUra="36" who="0" fromWho="3" sc="253,62,131,0,320,0,286,-52" owari="315,12.0,131,-37.0,320,42.0,234,-17.0" /></mjloggm>