<mjloggm ver="2.3"><GO type="169" lobby="0"/><UN n0="%E3%81%BE%E3%83%BC%E3%81%A1%E3%82%83%E3%82%80" n1="%E3%82%A6%E3%83%AB%E3%83%88%E3%83%A9%E7%AB%8B%E7%9B%B4" n2="%E5%AE%87%E5%96%9C%E5%A4%9A%E4%B8%87%E9%87%8C%E9%A6%99" n3="%31%73%E3%81%A7%E3%81%84%E3%81%84%E3%81%9D%E3%81%86" dan="16,17,16,16" rate="2088.26,2196.88,2123.47,2054.60" sx="F,M,M,M"/><TAIKYOKU oya="0"/><INIT seed="0,0,0,5,3,98" ten="250,250,250,250" oya="0" hai0="86,132,55,91,32,103,120,134,5,125,79,35,22" hai1="70,27,124,88,0,63,25,11,82,44,48,1,24" hai2="104,17,34,64,41,87,62,110,73,128,76,40,7" hai3="52,65,20,93,4,19,117,26,21,105,36,83,67"/><T130/><D120/><U84/><E124/><V81/><F128/><W39/><G105/><T109/><D130/><U100/><E11/><V3/><F34/><W69/><G117/><T74/><D125/><U28/><E28/><V10/><F110/><W71/><G4/><T6/><D109/><U37/><E37/><V80/><F17/><W54/><G83/><N who="0" m="45559" /><D22/><U122/><E122/><V92/><F92/><W75/><G93/><T115/><D115/><U59/><E70/><V49/><F49/><W58/><G75/><T77/><D77/><U114/><E114/><V101/><F101/><W16/><G58/><T57/><D103/><U30/><E30/><V78/><REACH who="2" step="1"/><F104/><REACH who="2" ten="250,250,240,250" step="2"/><W90/><G26/><T89/><D35/><U29/><E29/><V116/><F116/><W68/><G68/><AGARI ba="0,1" hai="3,7,10,40,41,62,64,68,73,76,78,80,81,87" machi="68" ten="30,3900,0" yaku="1,1,7,1,53,1" doraHai="98" doraHaiUra="60" who="2" fromWho="3" sc="250,0,250,0,240,49,250,-39" /><INIT seed="1,0,0,4,1,18" ten="250,250,289,211" oya="1" hai0="5,63,38,24,84,94,119,14,91,52,122,57,121" hai1="111,19,33,39,115,105,129,97,109,35,135,49,6" hai2="7,46,103,36,77,66,98,62,73,1,132,102,70" hai3="54,59,118,2,95,120,51,89,130,99,28,31,78"/><U61/><E39/><V116/><F116/><W110/><G120/><N who="0" m="46187" /><D38/><U21/><E115/><V64/><F64/><W88/><G2/><T100/><D119/><U50/><E6/><V124/><F124/><W20/><G118/><T42/><D42/><U11/><E11/><N who="2" m="2543" /><F103/><W134/><G110/><N who="1" m="41994" /><E129/><V72/><F132/><W44/><G130/><T26/><D100/><N who="1" m="62607" /><E61/><V43/><F77/><W107/><G134/><T112/><D112/><U8/><E8/><AGARI ba="0,0" hai="5,8,14,24,26,52,57,63,84,91,94" m="46187" machi="8" ten="30,2000,0" yaku="13,1,54,1" doraHai="18" who="0" fromWho="1" sc="250,20,250,-20,289,0,211,0" /><INIT seed="2,0,0,1,4,45" ten="270,230,289,211" oya="2" hai0="16,102,121,88,109,79,73,8,115,37,76,125,14" hai1="107,70,11,116,53,1,31,34,47,30,51,26,60" hai2="124,135,24,106,117,7,23,39,103,90,118,74,52" hai3="12,81,9,20,132,29,6,126,46,59,122,112,83"/><V110/><F74/><W21/><G122/><T72/><D121/><U5/><E107/><V111/><F7/><W133/><G126/><T55/><D115/><U15/><E31/><V62/><F124/><W78/><G112/><T10/><D125/><U18/><E116/><V63/><F39/><W87/><G59/><T134/><D37/><U28/><E28/><N who="2" m="17439" /><F135/><N who="3" m="51787" /><G29/><T61/><D102/><U128/><E128/><V67/><F90/><N who="3" m="51567" /><G46/><T17/><D134/><U127/><E127/><V84/><F84/><AGARI ba="0,0" hai="6,9,12,20,21,78,83,84" m="51567,51787" machi="84" ten="30,1000,0" yaku="20,1" doraHai="45" who="3" fromWho="2" sc="270,0,230,0,289,-10,211,10" /><INIT seed="3,0,0,3,3,5" ten="270,230,279,221" oya="3" hai0="112,83,106,120,85,12,2,50,126,107,86,8,11" hai1="64,39,109,15,114,84,130,19,121,4,31,117,23" hai2="45,56,38,57,26,124,3,49,71,123,51,62,59" hai3="127,1,27,118,81,90,92,18,30,58,33,0,63"/><W36/><G118/><T125/><D120/><U60/><E114/><V28/><F3/><W13/><G36/><T17/><D50/><N who="2" m="18954" /><F26/><W122/><G127/><N who="0" m="48651" /><D112/><U88/><E130/><V29/><F29/><W16/><G81/><T35/><D35/><U100/><E109/><V96/><F96/><W32/><G32/><T133/><D133/><U14/><E39/><V113/><F28/><W129/><G129/><T119/><D119/><U75/><E75/><V54/><F113/><W66/><G122/><T44/><D44/><U87/><E100/><V95/><F95/><W131/><G131/><T43/><D43/><U105/><E105/><N who="0" m="39945" /><D83/><U101/><E31/><V97/><F97/><W94/><G94/><T53/><D53/><U70/><E121/><V68/><F124/><W37/><G37/><T104/><N who="0" m="39953" /><T103/><DORA hai="74" /><D103/><U108/><E101/><V25/><F25/><W21/><REACH who="3" step="1"/><G18/><REACH who="3" ten="270,230,279,211" step="2"/><T79/><D79/><U22/><E117/><V10/><F123/><W55/><G55/><T46/><D46/><U6/><E19/><V9/><F38/><W77/><G77/><T41/><D41/><U65/><E65/><V42/><F54/><W52/><G52/><T34/><D34/><U40/><E64/><V128/><F128/><W102/><G102/><T48/><D48/><U80/><E40/><V115/><F115/><W99/><AGARI ba="0,1" hai="0,1,13,16,21,27,30,33,58,63,66,90,92,99" machi="99" ten="20,7800,0" yaku="1,1,0,1,7,1,54,1,53,0" doraHai="5,74" doraHaiUra="135,78" who="3" fromWho="3" sc="270,-26,230,-26,279,-26,211,88" /><INIT seed="3,1,0,4,2,0" ten="244,204,253,299" oya="3" hai0="80,43,74,69,62,87,32,79,119,53,11,73,90" hai1="120,6,125,92,83,3,100,68,4,109,75,51,96" hai2="123,105,82,127,35,42,77,40,126,117,118,98,15" hai3="58,45,107,131,116,14,36,12,24,113,64,39,27"/><W78/><G113/><T37/><D32/><U38/><E120/><V60/><F35/><W104/><G116/><N who="2" m="44649" /><F15/><W84/><G131/><T129/><D119/><U29/><E38/><V48/><F60/><W59/><G84/><T34/><D34/><U2/><E125/><N who="2" m="47627" /><F48/><W133/><G78/><T91/><D129/><U124/><E124/><V128/><F128/><W97/><G97/><T18/><D74/><U102/><E109/><V19/><F19/><W134/><G45/><T70/><D90/><U10/><E68/><V66/><F66/><AGARI ba="1,0" hai="12,14,24,27,36,39,58,59,64,66,104,107,133,134" machi="66" ten="25,2400,0" yaku="22,2" doraHai="0" who="3" fromWho="2" sc="244,0,204,0,253,-27,299,27" /><INIT seed="3,2,0,4,2,2" ten="244,204,226,326" oya="3" hai0="31,14,50,68,95,83,65,131,8,115,58,78,54" hai1="135,77,47,6,70,44,59,87,104,19,35,96,75" hai2="97,64,90,11,103,57,36,52,45,89,15,88,69" hai3="92,23,41,126,25,49,27,109,101,17,118,3,133"/><W120/><G118/><T110/><D110/><U40/><E70/><V117/><F117/><W26/><G120/><T1/><D1/><U128/><E35/><V61/><F36/><W91/><G126/><T82/><D131/><U55/><E75/><V122/><F122/><W129/><G133/><T43/><D115/><U37/><E135/><V53/><F45/><W13/><G3/><T42/><D31/><U71/><E71/><V39/><F39/><W108/><G129/><T21/><D21/><U102/><E47/><V106/><REACH who="2" step="1"/><F69/><REACH who="2" ten="244,204,216,326" step="2"/><W60/><G109/><T134/><D134/><U72/><E128/><V56/><F56/><W116/><G108/><T32/><D68/><U111/><E111/><V10/><F10/><W66/><G116/><T125/><D8/><U16/><E72/><V112/><F112/><W5/><G41/><T9/><D9/><U121/><E121/><V18/><AGARI ba="2,1" hai="11,15,18,52,53,57,61,64,88,89,90,97,103,106" machi="18" ten="30,12000,2" yaku="1,1,0,1,54,2,53,2" doraHai="2" doraHaiUra="51" who="2" fromWho="2" sc="244,-32,204,-32,216,136,326,-62" /><INIT seed="4,0,0,0,2,31" ten="212,172,352,264" oya="0" hai0="12,85,64,116,37,107,26,25,133,131,98,62,110" hai1="95,73,101,47,24,0,113,81,120,8,42,41,30" hai2="32,28,84,15,39,79,14,135,23,102,33,87,96" hai3="121,82,125,119,22,4,67,19,78,108,134,111,127"/><T48/><D116/><U59/><E120/><V77/><F39/><W75/><G119/><T109/><D37/><U105/><E113/><V54/><F135/><W90/><G134/><T13/><D133/><U63/><E105/><V50/><F28/><W93/><G4/><T1/><D1/><U86/><E73/><V114/><F114/><W104/><G67/><T80/><D48/><U99/><E47/><V21/><F96/><W6/><G6/><T130/><D98/><U40/><E8/><V45/><F50/><W97/><G121/><T11/><D107/><U76/><E0/><V36/><F36/><W71/><G71/><T5/><D13/><U103/><E103/><V68/><F45/><W123/><G123/><T43/><D43/><U124/><E124/><N who="3" m="47690" /><G104/><T18/><D64/><U72/><E72/><V89/><F89/><W106/><G106/><T34/><D62/><U7/><E7/><V3/><F3/><W115/><G115/><T61/><D61/><U100/><E100/><V17/><F102/><W10/><G10/><T58/><D58/><U51/><E51/><V49/><F49/><W35/><G35/><T60/><D60/><U65/><REACH who="1" step="1"/><E41/><REACH who="1" ten="212,162,352,264" step="2"/><V122/><F122/><W66/><G108/><N who="0" m="41579" /><D5/><U128/><E128/><V88/><F68/><W16/><G111/><T53/><D131/><U117/><E117/><V55/><F88/><W52/><G90/><N who="0" m="51495" /><D130/><U44/><E44/><V9/><F9/><W20/><G75/><T2/><D2/><U70/><E70/><V29/><F79/><W129/><G78/><T83/><D11/><U132/><E132/><RYUUKYOKU ba="0,1" sc="212,-10,162,30,352,-10,264,-10" hai1="24,30,40,42,59,63,65,76,81,86,95,99,101" /><INIT seed="5,1,1,2,0,85" ten="202,192,342,254" oya="1" hai0="88,78,17,102,8,107,18,77,36,119,75,61,63" hai1="106,16,49,11,13,99,122,112,94,131,103,24,129" hai2="9,52,10,4,23,14,27,56,100,120,101,135,21" hai3="93,50,51,38,118,127,108,25,15,37,128,3,96"/><U89/><E122/><V5/><F120/><W69/><G108/><T113/><D36/><U62/><E112/><V48/><F135/><W121/><G3/><T43/><D43/><U126/><E126/><V40/><F40/><W33/><G121/><T70/><D119/><U132/><E132/><V57/><F57/><W115/><G69/><T82/><D113/><U133/><E133/><V110/><F110/><W95/><G115/><T35/><D35/><U28/><E49/><V47/><F47/><W105/><G105/><T124/><D124/><U7/><E62/><V46/><F46/><W73/><G73/><T41/><D41/><U68/><E7/><N who="2" m="2635" /><F14/><W84/><G128/><T72/><D8/><N who="2" m="3178" /><F21/><W116/><G127/><T114/><D114/><U71/><E68/><V30/><AGARI ba="1,1" hai="23,27,30,48,52,56,100,101" m="3178,2635" machi="30" ten="30,2000,0" yaku="8,1,54,1" doraHai="85" who="2" fromWho="2" sc="202,-6,192,-11,342,33,254,-6" /><INIT seed="6,0,0,3,3,55" ten="196,181,375,248" oya="2" hai0="21,42,65,78,124,109,130,37,86,14,108,135,53" hai1="33,90,69,133,39,3,96,114,8,35,104,4,43" hai2="84,25,82,38,103,97,16,68,47,83,27,23,22" hai3="29,95,49,6,71,101,121,66,126,111,70,17,31"/><V72/><F68/><W115/><G121/><T76/><D130/><U85/><E114/><V81/><F72/><W40/><G111/><T119/><D135/><U12/><E133/><V118/><F118/><W46/><G115/><T98/><D119/><U116/><E116/><V19/><F38/><W20/><G126/><T0/><D0/><U112/><E112/><V34/><F47/><W15/><G70/><T117/><D117/><U125/><E125/><V79/><F34/><W51/><G71/><T113/><D113/><U94/><E69/><V62/><F62/><W127/><G127/><T107/><D124/><U110/><E110/><V26/><F26/><W64/><G51/><T99/><D65/><N who="3" m="25193" /><G6/><T56/><D107/><AGARI ba="0,0" hai="16,19,22,23,25,27,79,81,82,83,84,97,103,107" machi="107" ten="30,5800,0" yaku="7,1,9,1,54,1" doraHai="55" who="2" fromWho="0" sc="196,-58,181,0,375,58,248,0" /><INIT seed="6,1,0,3,5,46" ten="138,181,433,248" oya="2" hai0="74,41,110,30,27,63,117,49,54,7,69,35,33" hai1="95,12,53,115,119,65,10,104,89,6,105,37,57" hai2="113,61,100,19,48,94,123,134,64,127,121,124,15" hai3="25,55,131,5,80,87,101,31,76,20,2,47,66"/><V108/><F113/><W43/><G131/><T77/><D110/><U97/><E119/><V114/><F114/><W73/><G66/><T14/><D117/><U51/><E115/><V16/><F108/><W86/><G101/><T82/><D41/><U29/><E37/><V96/><F134/><W112/><G55/><T42/><D42/><U24/><REACH who="1" step="1"/><E65/><REACH who="1" ten="138,171,433,248" step="2"/><V62/><F64/><W111/><G112/><T18/><D69/><U91/><E91/><V90/><F90/><W93/><G111/><T81/><D63/><U58/><E58/><V3/><F61/><W23/><G93/><T72/><D7/><U8/><E8/><V118/><F62/><W130/><G130/><T36/><D36/><U75/><E75/><V102/><F94/><W79/><G79/><T59/><D74/><U116/><E116/><V85/><F118/><W106/><G73/><T129/><D129/><U45/><E45/><V22/><F123/><W133/><G76/><T26/><D81/><U125/><E125/><V21/><F124/><W92/><G80/><T71/><D71/><U98/><E98/><V135/><F96/><W103/><G92/><T83/><D77/><U1/><E1/><V120/><F3/><W0/><G2/><T34/><D72/><U132/><E132/><V122/><F135/><W67/><G133/><T50/><D83/><U39/><E39/><V109/><F127/><W107/><G0/><T28/><D82/><U17/><E17/><V32/><F122/><W13/><G67/><T38/><D38/><U9/><E9/><V11/><F121/><W44/><G5/><RYUUKYOKU ba="1,1" sc="138,-10,171,30,433,-10,248,-10" hai1="6,10,12,24,29,51,53,57,89,95,97,104,105" /><INIT seed="7,2,1,5,4,109" ten="128,201,423,238" oya="3" hai0="3,33,41,102,25,31,8,64,23,9,82,113,129" hai1="40,66,56,110,10,47,91,81,57,134,21,5,124" hai2="36,125,90,115,107,74,114,52,131,128,6,62,19" hai3="51,11,14,99,130,103,112,93,24,46,17,85,98"/><W35/><G130/><N who="2" m="49705" /><F125/><W29/><G112/><N who="2" m="43049" /><F107/><W30/><G30/><T61/><D113/><U100/><E100/><V1/><F74/><W71/><G71/><T32/><D129/><U48/><E66/><V37/><F90/><W2/><G2/><T13/><D41/><U135/><E21/><V50/><F62/><W92/><G85/><T39/><D39/><U105/><E110/><V58/><F19/><W54/><G98/><T63/><D82/><U94/><E81/><V97/><F97/><W106/><AGARI ba="2,1" hai="11,14,17,24,29,35,46,51,54,92,93,99,103,106" machi="106" ten="20,2100,0" yaku="0,1,7,1" doraHai="109" who="3" fromWho="3" sc="128,-9,201,-9,423,-9,238,37" /><INIT seed="7,3,0,4,1,75" ten="119,192,414,275" oya="3" hai0="103,39,109,49,4,92,31,73,44,0,66,46,91" hai1="33,108,99,19,95,130,28,6,98,76,96,34,115" hai2="129,72,35,123,59,8,74,14,135,80,64,21,9" hai3="71,70,88,32,60,2,68,100,26,25,114,11,22"/><W24/><G114/><T101/><D109/><U48/><E108/><V42/><F35/><W13/><G32/><T86/><D73/><U112/><E130/><V38/><F129/><W85/><G2/><T3/><D3/><U84/><E6/><V121/><F135/><W51/><G100/><T27/><D66/><U57/><E28/><V63/><F21/><W82/><G51/><T118/><D118/><U78/><E19/><N who="2" m="8647" /><F80/><W93/><G93/><T69/><D69/><U52/><E33/><V50/><F9/><W97/><G97/><N who="1" m="37482" /><E84/><V67/><F67/><W53/><G53/><T126/><D126/><U65/><E34/><V77/><F77/><W47/><G47/><T111/><D111/><U45/><E45/><N who="2" m="25911" /><F38/><W106/><G106/><T134/><D134/><U58/><E58/><V36/><F36/><W133/><G133/><T56/><D0/><U116/><E65/><V119/><F119/><W15/><G15/><T7/><D56/><U128/><E128/><V41/><F41/><W43/><G43/><T122/><D122/><AGARI ba="3,0" hai="59,63,64,72,74,121,122,123" m="25911,8647" machi="122" ten="30,1000,0" yaku="13,1" doraHai="75" who="2" fromWho="0" sc="119,-19,192,0,414,19,275,0" owari="100,-40.0,192,-21.0,433,53.0,275,8.0" /></mjloggm>