<mjloggm ver="2.3"><GO type="169" lobby="0"/><UN n0="%E6%94%BE%E9%8A%83%E7%8E%8B%EF%BC%94" n1="%E3%83%89%E3%83%90%E3%82%AF%E3%83%81%E5%A4%A7%E9%87%8E" n2="%E3%83%88%E3%83%88%E3%83%AA%E5%85%88%E7%94%9F%31%39%E6%AD%B3" n3="%EF%BC%A0%E3%81%99%E3%81%9A" dan="16,17,18,16" rate="2102.55,2249.55,2264.00,2123.94" sx="M,M,F,M"/><TAIKYOKU oya="0"/><INIT seed="0,0,0,5,2,30" ten="250,250,250,250" oya="0" hai0="0,26,23,78,82,134,99,14,18,40,81,104,97" hai1="54,32,111,2,46,126,15,52,77,39,33,124,118" hai2="57,58,73,132,100,116,66,86,38,5,3,109,128" hai3="95,10,103,122,113,20,45,119,37,24,91,87,36"/><T49/><D0/><U25/><E118/><V1/><F73/><W55/><G113/><T114/><D114/><U17/><E2/><V80/><F38/><W88/><G119/><T89/><D134/><U85/><E111/><V84/><F80/><W51/><G122/><T76/><D104/><U102/><E102/><V129/><F66/><W117/><G117/><T13/><D40/><N who="1" m="22815" /><E25/><V19/><F100/><W120/><G10/><T53/><D89/><U12/><E12/><N who="0" m="4713" /><D81/><N who="1" m="47279" /><E54/><V123/><F116/><W59/><G120/><T74/><D74/><U11/><E52/><V61/><F123/><W93/><G103/><T127/><D127/><AGARI ba="0,0" hai="11,15,17,32,33,124,126,127" m="47279,22815" machi="127" ten="30,3900,0" yaku="18,1,52,2" doraHai="30" who="1" fromWho="0" sc="250,-39,250,39,250,0,250,0" /><INIT seed="1,0,0,3,2,111" ten="211,289,250,250" oya="1" hai0="14,47,61,114,64,103,117,58,10,63,70,130,23" hai1="36,80,106,105,68,85,125,35,16,53,75,93,113" hai2="31,135,100,119,38,13,40,71,41,2,4,1,30" hai3="122,84,72,102,74,126,15,26,46,96,118,95,25"/><U32/><E113/><V51/><F119/><W82/><G122/><T121/><D117/><U86/><E75/><V81/><F71/><W29/><G126/><T91/><D121/><U131/><E36/><V27/><F38/><W34/><G118/><T52/><D103/><U50/><E68/><V21/><F135/><W55/><G26/><T104/><D104/><U73/><E73/><V107/><F31/><W28/><G28/><T19/><D130/><U39/><E39/><V77/><F100/><W24/><G24/><T115/><D91/><U76/><E125/><V59/><F107/><W20/><G20/><T120/><D120/><U79/><E131/><V92/><F92/><W89/><G46/><T11/><REACH who="0" step="1"/><D47/><REACH who="0" ten="201,289,250,250" step="2"/><U127/><E127/><V7/><F77/><W18/><G102/><T124/><D124/><U88/><E79/><V42/><F2/><W134/><G89/><T78/><D78/><U49/><E105/><V116/><F1/><W8/><G134/><T37/><D37/><U48/><E106/><V123/><F123/><W69/><G74/><T6/><D6/><U97/><E97/><V65/><F7/><W66/><G72/><T17/><D17/><U45/><E16/><N who="2" m="10383" /><F4/><W99/><G18/><T108/><D108/><U22/><REACH who="1" step="1"/><E22/><REACH who="1" ten="201,279,250,250" step="2"/><V83/><F116/><W12/><G96/><T56/><D56/><U87/><E87/><V109/><F109/><W5/><G99/><T33/><D33/><AGARI ba="0,2" hai="32,33,35,45,48,49,50,53,76,80,85,86,88,93" machi="33" ten="40,3900,0" yaku="1,1,54,1,53,0" doraHai="111" doraHaiUra="98" who="1" fromWho="0" sc="201,-39,279,59,250,0,250,0" /><INIT seed="1,1,0,4,4,68" ten="162,338,250,250" oya="1" hai0="96,103,21,93,19,131,51,105,84,2,82,56,70" hai1="35,25,128,50,85,23,95,87,80,53,134,117,79" hai2="106,62,86,39,69,118,40,42,76,17,97,107,48" hai3="5,38,54,57,12,36,78,14,75,32,74,132,111"/><U26/><E117/><V90/><F118/><W33/><G132/><T115/><D115/><U4/><E134/><V92/><F48/><W7/><G111/><T16/><D70/><U127/><E35/><N who="3" m="13386" /><G54/><T94/><D131/><U108/><E128/><V100/><F107/><W130/><G57/><T46/><D2/><U3/><E127/><V104/><F104/><W121/><G78/><T61/><D56/><U9/><E108/><V22/><F39/><N who="3" m="14891" /><G121/><T116/><D61/><U60/><E60/><V27/><REACH who="2" step="1"/><F76/><REACH who="2" ten="162,338,240,250" step="2"/><W8/><G130/><T123/><D116/><U44/><E79/><V101/><F101/><W89/><G89/><T59/><D123/><U65/><E50/><V91/><F91/><W31/><G31/><T28/><D51/><U49/><E49/><V43/><F43/><W112/><G112/><T135/><D135/><U24/><E44/><V109/><F109/><W10/><G75/><T83/><D46/><U41/><E41/><V113/><F113/><W66/><G74/><T120/><D120/><U1/><E1/><V88/><F88/><W18/><G66/><AGARI ba="1,1" hai="17,22,27,40,42,62,66,69,86,90,92,97,100,106" machi="66" ten="40,5200,0" yaku="1,1,53,2" doraHai="68" doraHaiUra="37" who="2" fromWho="3" sc="162,0,338,0,240,65,250,-55" /><INIT seed="2,0,0,1,2,132" ten="162,338,305,195" oya="2" hai0="22,38,34,92,115,52,118,45,78,29,83,89,43" hai1="116,99,31,63,71,57,131,95,6,66,127,73,24" hai2="91,108,9,8,65,35,1,103,40,72,33,94,59" hai3="23,133,81,93,106,64,75,12,39,90,25,125,56"/><V69/><F72/><W17/><G133/><T44/><D115/><U134/><E73/><V48/><F69/><W105/><G39/><T11/><D118/><U123/><E116/><V76/><F76/><W2/><G2/><T7/><D34/><U49/><E134/><V36/><F103/><W41/><G41/><T87/><D29/><U46/><E123/><V4/><F108/><W70/><G70/><T60/><D22/><U85/><E6/><V28/><F28/><W26/><G75/><T68/><D68/><U74/><E74/><V32/><F9/><W54/><G81/><T13/><D45/><U86/><E71/><V126/><F36/><W101/><G64/><T79/><REACH who="0" step="1"/><D83/><REACH who="0" ten="152,338,305,195" step="2"/><U88/><E131/><V5/><F33/><W30/><G30/><T98/><D98/><U62/><E31/><V55/><F35/><W129/><G129/><T53/><D53/><U18/><E46/><N who="2" m="25671" /><F65/><W109/><G109/><T51/><D51/><U120/><E120/><V61/><F32/><W0/><G23/><T27/><D27/><U42/><E49/><V100/><F55/><W16/><G25/><T128/><D128/><U110/><E110/><V77/><F59/><AGARI ba="0,1" hai="7,11,13,38,43,44,52,59,60,78,79,87,89,92" machi="59" ten="40,2600,0" yaku="1,1,54,1,53,0" doraHai="132" doraHaiUra="121" who="0" fromWho="2" sc="152,36,338,0,305,-26,195,0" /><INIT seed="3,0,0,1,2,29" ten="188,338,279,195" oya="3" hai0="100,72,115,24,3,8,111,2,25,49,17,132,128" hai1="102,5,76,43,59,63,96,126,4,101,44,116,35" hai2="81,119,122,38,66,50,123,98,36,7,19,23,32" hai3="60,16,92,121,80,46,130,42,87,26,120,103,61"/><W133/><G133/><T109/><D72/><U90/><E35/><V37/><F119/><W41/><G130/><T31/><D100/><U9/><E116/><V69/><F7/><W117/><G117/><T113/><D128/><U20/><E126/><V114/><F114/><N who="0" m="43530" /><D49/><U55/><E76/><V85/><F98/><N who="3" m="59847" /><G120/><N who="2" m="46121" /><F50/><N who="3" m="26959" /><G42/><T15/><D132/><U82/><E20/><V30/><F66/><W105/><G105/><T125/><D125/><U56/><E56/><V11/><F11/><W6/><G6/><N who="1" m="2666" /><E9/><V33/><F30/><W84/><G121/><T74/><D74/><U135/><E135/><V34/><F69/><W75/><G75/><T106/><D106/><U62/><E62/><N who="3" m="24170" /><G80/><T27/><D31/><U54/><E43/><V70/><F70/><W73/><G73/><T86/><D86/><N who="1" m="50519" /><E96/><V88/><F37/><W45/><G45/><T65/><D65/><U108/><E44/><V134/><F134/><W124/><G124/><T118/><D118/><U99/><E99/><V64/><F64/><W110/><G110/><AGARI ba="0,0" hai="2,3,8,15,17,24,25,27,109,110,111" m="43530" machi="110" ten="40,8000,1" yaku="14,1,11,1,34,2" doraHai="29" who="0" fromWho="3" sc="188,80,338,0,279,0,195,-80" /><INIT seed="4,0,0,2,2,16" ten="268,338,279,115" oya="0" hai0="8,66,130,17,5,121,129,72,124,52,134,48,105" hai1="58,62,78,47,76,2,86,41,95,89,125,100,135" hai2="70,99,107,30,11,133,80,9,82,39,63,20,6" hai3="116,49,114,109,117,46,60,36,40,0,22,132,79"/><T55/><D121/><U126/><E2/><V77/><F39/><W67/><G109/><T73/><D105/><U1/><E1/><V69/><F133/><W81/><G0/><T50/><D134/><U61/><E100/><V25/><F82/><W3/><G3/><N who="0" m="63" /><D66/><U98/><E62/><V51/><F6/><W96/><G132/><T110/><D110/><U93/><E135/><V43/><F43/><W68/><G114/><T106/><D106/><U4/><E4/><V23/><F51/><W97/><G36/><T35/><D35/><U115/><E115/><V42/><F42/><W32/><G32/><T113/><D113/><U88/><E125/><V31/><F99/><W29/><G116/><T12/><D50/><N who="1" m="26991" /><E126/><V87/><F107/><W10/><G10/><T85/><D124/><U34/><E34/><V91/><F77/><W128/><G128/><N who="0" m="49259" /><D85/><U83/><E95/><V53/><F69/><W45/><G117/><T111/><D111/><U84/><E84/><V108/><F108/><W90/><G45/><N who="0" m="27663" /><D55/><AGARI ba="0,0" hai="55,58,61,76,78,83,86,88,89,93,98" m="26991" machi="55" ten="30,2000,0" yaku="8,1,54,1" doraHai="16" who="1" fromWho="0" sc="268,-20,338,20,279,0,115,0" /><INIT seed="5,0,0,0,4,65" ten="248,358,279,115" oya="1" hai0="61,134,32,2,95,76,81,88,115,73,11,56,117" hai1="29,58,35,109,116,103,75,107,132,85,80,52,28" hai2="31,48,124,13,125,133,8,46,53,78,36,51,41" hai3="86,69,101,98,91,131,7,79,100,121,34,26,54"/><U17/><E75/><V39/><F31/><W84/><G121/><T83/><D117/><U33/><E116/><V111/><F78/><W72/><G131/><T94/><D32/><U14/><E35/><V0/><F0/><W37/><G37/><T4/><D115/><U105/><E109/><V87/><F87/><W45/><G7/><T30/><D30/><U25/><E29/><V22/><F22/><W90/><G34/><T68/><D134/><U20/><E103/><N who="3" m="39498" /><G69/><T49/><D49/><U135/><E135/><V126/><F133/><W74/><G26/><T18/><D68/><U24/><E24/><V5/><REACH who="2" step="1"/><F111/><REACH who="2" ten="248,358,269,115" step="2"/><W82/><G45/><AGARI ba="0,1" hai="5,8,13,36,39,41,45,46,48,51,53,124,125,126" machi="45" ten="40,5200,0" yaku="1,1,2,1,18,1,53,0" doraHai="65" doraHaiUra="63" who="2" fromWho="3" sc="248,0,358,0,269,62,115,-52" /><INIT seed="6,0,0,3,5,76" ten="248,358,331,63" oya="2" hai0="83,132,121,45,95,71,84,22,89,66,133,73,19" hai1="62,79,21,123,4,17,33,129,20,110,116,125,105" hai2="91,31,0,9,107,82,64,44,34,101,114,16,97" hai3="42,54,41,103,127,98,74,58,57,108,7,35,61"/><V112/><F64/><W37/><G35/><T87/><D73/><U1/><E105/><V118/><F118/><W10/><G74/><T115/><D121/><U13/><E116/><V70/><F70/><W124/><G108/><T53/><D115/><N who="2" m="44074" /><F44/><W92/><G37/><T99/><D66/><U86/><E110/><V119/><F119/><W111/><G111/><T8/><D71/><U126/><E123/><V102/><F102/><W128/><G128/><T2/><D2/><U56/><E129/><V28/><F34/><W49/><G10/><T11/><D53/><U14/><E33/><V75/><F0/><W48/><G7/><T77/><D99/><U59/><E1/><V100/><F100/><W40/><REACH who="3" step="1"/><G58/><REACH who="3" ten="248,358,331,53" step="2"/><T30/><D8/><U85/><E4/><V109/><F109/><W18/><G18/><T69/><D11/><U12/><E17/><V113/><F113/><W104/><G104/><T135/><D69/><U134/><E59/><V131/><F131/><W88/><G88/><T60/><D19/><U63/><E56/><V23/><F9/><W26/><G26/><N who="0" m="16727" /><D45/><U6/><E6/><V81/><F91/><W93/><G93/><T50/><D135/><U15/><E134/><V120/><F120/><W96/><G96/><T29/><D133/><U36/><E36/><V55/><F75/><W39/><G39/><T38/><D38/><U67/><E85/><V47/><F28/><W106/><G106/><T68/><D87/><U27/><E86/><V94/><F31/><W90/><G90/><T25/><D132/><U72/><E27/><N who="2" m="14823" /><F107/><W32/><G32/><RYUUKYOKU ba="0,1" sc="248,-15,358,-15,331,15,53,15" hai2="47,55,81,82,94,97,101" hai3="40,41,42,48,49,54,57,61,92,98,103,124,127" /><INIT seed="6,1,1,3,1,101" ten="233,343,346,68" oya="2" hai0="32,123,33,85,35,94,31,105,135,21,112,90,89" hai1="78,132,111,82,83,126,5,108,46,39,73,59,30" hai2="133,58,56,86,47,122,80,102,29,95,72,67,131" hai3="20,42,128,92,57,124,129,45,119,104,61,60,66"/><V93/><F122/><W125/><G92/><T70/><D123/><U52/><E132/><V11/><F72/><W18/><G18/><T10/><D70/><U134/><E134/><V8/><F133/><W4/><G4/><T3/><D135/><U37/><E126/><N who="3" m="48746" /><G20/><T103/><D21/><U130/><E130/><N who="3" m="50282" /><G119/><T38/><D38/><U13/><E30/><V118/><F131/><W116/><G116/><T100/><D112/><U120/><E120/><V91/><F102/><W26/><G26/><T0/><D31/><U76/><E5/><V27/><F29/><W97/><G97/><T115/><D115/><U12/><E46/><V65/><F47/><W84/><G84/><T77/><D103/><U41/><E41/><V25/><F86/><W16/><G16/><T23/><D23/><U68/><E13/><V44/><F44/><W14/><G14/><T7/><D0/><U74/><E12/><V49/><F118/><W24/><G24/><T109/><D32/><U6/><E6/><V43/><F43/><W64/><G104/><T19/><D105/><U34/><E34/><V121/><F121/><W53/><G61/><T98/><D35/><U9/><E74/><V88/><F80/><W48/><AGARI ba="1,1" hai="42,45,48,53,57,60,64,66" m="50282,48746" machi="48" ten="30,7900,0" yaku="18,1,19,1,34,2" doraHai="101" who="3" fromWho="3" sc="233,-21,343,-21,346,-40,68,92" /><INIT seed="7,0,0,5,0,4" ten="212,322,306,160" oya="3" hai0="128,65,62,93,79,20,18,24,98,87,57,86,1" hai1="39,2,58,8,126,6,129,72,56,16,17,27,49" hai2="91,40,52,9,31,15,120,59,53,46,11,32,109" hai3="80,12,105,77,69,51,135,14,76,97,29,115,96"/><W5/><G69/><T116/><D116/><U68/><E68/><V123/><F109/><W132/><G29/><T90/><D1/><U23/><E39/><N who="2" m="21791" /><F91/><W64/><G64/><T119/><D119/><U124/><E72/><V21/><F32/><W25/><G25/><T95/><D128/><U118/><E129/><V88/><F88/><W99/><G115/><T10/><D79/><N who="3" m="30281" /><G51/><T61/><D61/><U34/><E34/><V130/><F130/><W45/><G45/><T33/><D33/><U75/><E75/><V3/><F3/><W0/><G80/><T36/><D36/><U83/><E83/><V125/><F125/><N who="1" m="48233" /><E118/><V133/><F133/><N who="3" m="51275" /><G105/><T106/><D106/><U28/><E49/><N who="2" m="31119" /><F53/><W134/><N who="3" m="51283" /><W47/><DORA hai="37" /><G47/><T101/><D95/><U42/><E42/><V81/><F81/><W102/><G102/><T19/><D101/><U114/><E114/><V55/><F55/><W26/><G26/><T100/><D100/><U94/><E94/><V22/><F31/><W84/><G84/><T131/><D131/><U41/><E41/><V73/><F73/><W70/><G70/><T30/><D30/><U60/><E56/><V112/><F112/><W82/><G82/><T71/><D71/><U54/><AGARI ba="0,0" hai="2,6,8,16,17,23,27,28,54,58,60" m="48233" machi="54" ten="30,4000,0" yaku="18,1,52,1,54,1" doraHai="4,37" who="1" fromWho="1" sc="212,-10,322,40,306,-10,160,-20" owari="202,-20.0,362,46.0,296,10.0,140,-36.0" /></mjloggm>