<mjloggm ver="2.3"><GO type="97" lobby="0"/><UN n0="%E3%83%88%E3%83%88%E3%83%AA%E5%85%88%E7%94%9F%31%39%E6%AD%B3" n1="%4D%61%73%61%6B%69%79%6F" n2="%E3%81%BE%E3%81%A3%E3%81%93%E3%81%86%E3%82%AF%E3%82%B8%E3%83%A9" n3="%E8%8C%B6%E7%B2%A5" dan="15,13,13,15" rate="2047.83,1869.49,1820.27,1951.39" sx="F,M,M,M"/><TAIKYOKU oya="0"/><INIT seed="0,0,0,0,0,76" ten="250,250,250,250" oya="0" hai0="7,13,63,58,62,67,43,19,57,132,31,56,38" hai1="82,49,70,129,116,55,0,52,124,128,89,17,117" hai2="60,79,36,6,59,123,119,12,134,92,113,29,78" hai3="95,77,66,110,87,21,24,11,97,46,61,83,121"/><T120/><D120/><U112/><E0/><V72/><F123/><W3/><G110/><T1/><D132/><U130/><E70/><V75/><F113/><W51/><G121/><T104/><D104/><U40/><E112/><V107/><F36/><W126/><G126/><T135/><D135/><U27/><E124/><V10/><F107/><W48/><G3/><T9/><D31/><U2/><E2/><V122/><F122/><W5/><G5/><T42/><D38/><U33/><E17/><V133/><F29/><W80/><G11/><T91/><D91/><U101/><E101/><V103/><F133/><W114/><G114/><T85/><D85/><N who="1" m="50359" /><E27/><V54/><F119/><N who="1" m="45641" /><E33/><V4/><F4/><W131/><G131/><T108/><D108/><U15/><E15/><V102/><F134/><W47/><G47/><AGARI ba="0,0" hai="40,47,49,52,55,128,129,130" m="45641,50359" machi="47" ten="40,5200,0" yaku="19,1,52,1,54,1" doraHai="76" who="1" fromWho="3" sc="250,0,250,52,250,0,250,-52" /><INIT seed="1,0,0,4,3,88" ten="250,302,250,198" oya="1" hai0="74,37,3,13,23,83,59,131,58,89,52,130,80" hai1="29,72,35,134,22,110,66,20,21,10,118,47,7" hai2="49,100,76,115,6,82,1,84,104,9,86,55,33" hai3="15,128,95,102,60,122,30,112,96,42,44,45,57"/><U129/><E72/><V62/><F33/><W101/><G112/><T135/><D3/><U90/><E118/><V54/><F115/><W127/><G122/><T46/><D135/><U14/><E134/><V53/><F104/><W116/><G128/><N who="0" m="49195" /><D74/><U65/><E129/><V119/><F100/><W99/><G127/><T124/><D59/><U51/><E110/><V81/><F62/><W25/><G15/><T38/><D124/><U103/><E103/><V8/><F119/><W79/><G79/><T123/><D123/><U94/><E35/><V41/><F41/><W16/><G116/><T133/><D133/><U85/><REACH who="1" step="1"/><E29/><REACH who="1" ten="250,292,250,198" step="2"/><V106/><F106/><W43/><G30/><T93/><D38/><U91/><E91/><V0/><F49/><W5/><G102/><T108/><D108/><U113/><E113/><V63/><F63/><W26/><G101/><T36/><D36/><U126/><E126/><V107/><F107/><W70/><G60/><T32/><D32/><U120/><E120/><V132/><F132/><W18/><G70/><T48/><D37/><U68/><E68/><V105/><F105/><W56/><G5/><T71/><D71/><U2/><E2/><N who="2" m="1131" /><F6/><W12/><G12/><T117/><D117/><U125/><E125/><V61/><F61/><W17/><G17/><N who="0" m="10671" /><D46/><U11/><E11/><N who="2" m="4171" /><F76/><W64/><G64/><T31/><D31/><U111/><E111/><V73/><F73/><W4/><G4/><T39/><D39/><U34/><E34/><V19/><F19/><W121/><G121/><T28/><D28/><U109/><E109/><V87/><AGARI ba="0,1" hai="53,54,55,81,82,84,86,87" m="4171,1131" machi="87" ten="40,5200,0" yaku="5,1,28,2" doraHai="88" who="2" fromWho="2" sc="250,-13,292,-26,250,62,198,-13" /><INIT seed="2,0,0,5,0,80" ten="237,266,312,185" oya="2" hai0="13,46,51,5,118,79,3,7,22,70,115,96,66" hai1="86,28,127,38,81,11,21,111,18,83,65,63,55" hai2="129,126,14,130,121,53,98,100,4,0,90,31,1" hai3="102,69,75,105,76,93,112,116,10,58,84,123,89"/><V117/><F121/><W101/><G69/><T60/><D115/><U87/><E111/><V125/><F117/><W73/><G123/><T9/><D118/><U16/><E38/><V113/><F113/><W52/><G116/><T17/><D79/><U43/><E43/><V72/><F72/><W35/><G112/><T40/><D96/><U47/><E127/><N who="2" m="48651" /><F31/><W95/><G35/><T88/><REACH who="0" step="1"/><D5/><REACH who="0" ten="227,266,312,185" step="2"/><U64/><E11/><N who="2" m="4455" /><F90/><AGARI ba="0,1" hai="3,7,9,13,17,22,40,46,51,60,66,70,88,90" machi="90" ten="40,5200,0" yaku="1,1,54,1,53,1" doraHai="80" doraHaiUra="56" who="0" fromWho="2" sc="227,62,266,0,312,-52,185,0" /><INIT seed="3,0,0,1,2,40" ten="289,266,260,185" oya="3" hai0="21,86,131,16,95,15,61,128,35,49,91,115,24" hai1="105,14,53,68,118,112,78,108,130,134,117,65,98" hai2="107,120,109,25,89,11,135,30,8,116,52,106,54" hai3="83,57,113,69,79,111,44,39,55,13,110,19,103"/><W9/><G113/><T80/><D115/><U88/><E112/><V41/><F116/><N who="1" m="44649" /><E78/><V124/><F120/><W123/><G69/><T133/><D133/><U43/><E43/><V104/><F135/><W5/><G123/><T125/><D125/><U76/><E134/><V58/><F124/><W6/><G103/><T64/><D49/><U56/><E76/><V121/><F121/><W36/><G36/><T132/><D132/><U100/><E130/><N who="0" m="49705" /><D35/><U12/><E108/><N who="3" m="41514" /><G57/><N who="0" m="36911" /><D24/><U10/><E65/><V31/><F41/><N who="3" m="22591" /><G55/><T37/><D37/><U23/><E68/><V47/><F109/><W34/><G34/><T127/><D127/><U45/><E23/><V60/><F89/><W3/><G3/><T71/><D71/><U66/><E66/><V18/><F18/><W2/><G2/><T126/><D126/><U20/><E20/><V72/><F72/><AGARI ba="0,0" hai="5,6,9,13,19,72,79,83" m="22591,41514" machi="72" ten="30,5800,0" yaku="14,1,10,1,52,1" doraHai="40" who="3" fromWho="2" sc="289,0,266,0,260,-58,185,58" /><INIT seed="3,1,0,3,2,124" ten="289,266,202,243" oya="3" hai0="44,33,74,127,118,57,9,76,133,43,106,126,114" hai1="123,49,30,119,121,91,88,105,67,31,70,81,128" hai2="79,117,46,56,65,104,69,115,86,45,110,1,39" hai3="95,36,2,72,3,116,84,55,89,51,22,129,32"/><W41/><G116/><T7/><D118/><U38/><E105/><V122/><F117/><W108/><G32/><T99/><D33/><U120/><E38/><V64/><F115/><W34/><G34/><T63/><D114/><U73/><E119/><V50/><F104/><W93/><G72/><T40/><D133/><U13/><E67/><V14/><F1/><W62/><G36/><N who="0" m="21511" /><D43/><U78/><E70/><V97/><F97/><W20/><G41/><T82/><D99/><U68/><E68/><V37/><F14/><W52/><G62/><T48/><D48/><U66/><E66/><N who="2" m="25707" /><F86/><W53/><G51/><T61/><D106/><U35/><E35/><V27/><F27/><W12/><G12/><N who="0" m="5183" /><D57/><U75/><E13/><V10/><F10/><W83/><G108/><T29/><D29/><U23/><E73/><V85/><F85/><W100/><G100/><T130/><D130/><U6/><E6/><V18/><F18/><W21/><G129/><T77/><D77/><U42/><E128/><V11/><F11/><W15/><G15/><T111/><D111/><U87/><E23/><V19/><F19/><W28/><G28/><T90/><D90/><U98/><E98/><V17/><F17/><W26/><G26/><T96/><D96/><U101/><E101/><V113/><F113/><W103/><G103/><T135/><D135/><U60/><E60/><V54/><F79/><W16/><G16/><T94/><D94/><N who="1" m="54559" /><E91/><V4/><F4/><W8/><G8/><T25/><D25/><U131/><E131/><V47/><F110/><W58/><G58/><T132/><D132/><RYUUKYOKU ba="1,0" sc="289,10,266,10,202,-30,243,10" hai0="61,63,74,76,82,126,127" hai1="30,31,42,49,75,78,81,120,121,123" hai3="2,3,20,21,22,52,53,55,83,84,89,93,95" /><INIT seed="3,2,0,2,5,5" ten="299,276,172,253" oya="3" hai0="92,61,128,97,86,110,31,32,55,105,75,7,129" hai1="0,127,70,119,123,115,45,26,121,111,64,36,68" hai2="38,83,65,118,74,67,43,87,16,29,84,126,79" hai3="47,48,49,59,22,98,57,2,113,100,82,9,1"/><W58/><G113/><T51/><D75/><U107/><E26/><V88/><F29/><W44/><G82/><T124/><D110/><U46/><E45/><V12/><F118/><W116/><G116/><T73/><D73/><U106/><E46/><N who="3" m="17450" /><G2/><T19/><D51/><U80/><E64/><V13/><F43/><W130/><G130/><N who="0" m="50283" /><D124/><U28/><E80/><V94/><F38/><W122/><G122/><T91/><D7/><U132/><E28/><V90/><F126/><W125/><G125/><T112/><D112/><U134/><E0/><V85/><F74/><W63/><G1/><T109/><D109/><U37/><E127/><V40/><F40/><W6/><G22/><T89/><D19/><U20/><E20/><V10/><F12/><N who="3" m="5175" /><G63/><T117/><D117/><U71/><E111/><V104/><F104/><W21/><G21/><T66/><D105/><N who="1" m="39947" /><E115/><V8/><F8/><W50/><G98/><T96/><D31/><U56/><E56/><V52/><F52/><W30/><G30/><T72/><D55/><U101/><E101/><AGARI ba="2,0" hai="48,49,50,57,58,59,100,101" m="5175,17450" machi="101" ten="40,3900,0" yaku="8,1,52,1" doraHai="5" who="3" fromWho="1" sc="299,0,276,-45,172,0,253,45" /><INIT seed="3,3,0,1,2,128" ten="299,231,172,298" oya="3" hai0="17,115,2,109,90,13,108,30,63,85,68,106,101" hai1="22,52,134,125,88,87,100,31,117,82,123,72,78" hai2="104,67,80,7,36,54,1,107,57,56,38,9,110" hai3="43,28,105,25,29,103,32,58,121,24,41,50,35"/><W8/><G121/><T12/><D2/><U118/><E123/><V55/><F110/><N who="0" m="42602" /><D115/><U114/><E114/><V86/><F67/><W94/><G105/><T11/><D30/><U93/><E31/><V49/><F104/><W76/><G76/><T84/><D90/><U20/><E125/><V135/><F107/><W16/><G58/><T6/><D68/><U131/><E131/><V42/><F42/><W14/><G50/><T70/><D101/><U97/><E20/><V21/><F21/><W46/><G46/><T39/><D39/><U0/><E22/><V27/><F27/><W132/><G132/><T73/><D73/><U96/><E0/><V119/><F119/><N who="1" m="45577" /><E52/><V133/><F55/><W34/><G34/><T62/><D106/><N who="1" m="63751" /><E97/><AGARI ba="3,0" hai="8,14,16,24,25,28,29,32,35,41,43,94,97,103" machi="97" ten="40,3900,0" yaku="9,1,54,1" doraHai="128" who="3" fromWho="1" sc="299,0,231,-48,172,0,298,48" owari="299,10.0,183,-22.0,172,-33.0,346,45.0" /></mjloggm>