<mjloggm ver="2.3"><GO type="97" lobby="0"/><UN n0="%62%69%6F%6E%67%6D%61%62" n1="%E5%B0%B1%E6%B4%BB%E7%94%9F%40%E5%B7%9D%E6%9D%91%E8%BB%8D%E5%9B%A3" n2="%48%65%75%6C%6F%67" n3="%41%65%67%69%73%4B%47" dan="13,15,13,15" rate="1862.35,2013.00,1889.09,1987.43" sx="M,M,M,M"/><TAIKYOKU oya="0"/><INIT seed="0,0,0,1,4,124" ten="250,250,250,250" oya="0" hai0="8,12,117,112,27,94,78,98,47,62,37,118,18" hai1="114,129,99,59,107,25,20,73,45,75,69,19,128" hai2="131,76,15,64,17,30,57,72,16,110,132,87,80" hai3="5,89,65,97,28,120,102,111,113,54,60,50,104"/><T32/><D112/><U4/><E69/><V7/><F110/><W63/><G113/><T11/><D78/><U66/><E4/><V106/><F132/><W58/><G111/><T82/><D82/><U1/><E1/><V10/><F106/><W51/><G120/><T55/><D11/><U100/><E45/><V13/><F131/><N who="1" m="50249" /><E114/><V115/><F72/><W108/><G108/><T36/><D36/><U81/><E81/><V68/><F68/><W125/><G125/><T67/><D27/><U52/><E66/><V96/><F115/><W39/><G39/><T14/><D32/><U40/><E40/><V48/><F30/><W109/><G109/><T38/><D38/><U121/><E121/><V101/><F64/><W123/><G123/><T71/><D12/><U21/><E20/><V133/><F133/><W127/><G127/><T90/><REACH who="0" step="1"/><D55/><REACH who="0" ten="240,250,250,250" step="2"/><U49/><AGARI ba="0,1" hai="19,21,25,49,52,59,73,75,99,100,107" m="50249" machi="49" ten="30,8000,1" yaku="19,1,52,3,54,1" doraHai="124" who="1" fromWho="1" sc="240,-40,250,90,250,-20,250,-20" /><INIT seed="1,0,0,1,2,74" ten="200,340,230,230" oya="1" hai0="76,14,121,68,12,119,122,38,20,129,19,103,89" hai1="94,67,46,64,45,23,71,135,30,35,17,65,18" hai2="16,97,120,93,117,32,24,106,58,42,69,110,81" hai3="1,21,36,27,130,28,66,132,11,127,107,48,116"/><U101/><E35/><V9/><F117/><W131/><G36/><T61/><D119/><U5/><E71/><V26/><F120/><N who="0" m="46186" /><D38/><U98/><E135/><V13/><F69/><W6/><G116/><T60/><D129/><N who="3" m="49161" /><G107/><T95/><D103/><U96/><E5/><V91/><F106/><W15/><G127/><T47/><D47/><N who="1" m="17931" /><E98/><V56/><F110/><W57/><G132/><T59/><D68/><U133/><E133/><V92/><F42/><W83/><G83/><T128/><D128/><U79/><E79/><V40/><F40/><W54/><G66/><T31/><D31/><U2/><E2/><AGARI ba="0,0" hai="1,2,6,11,15,21,27,28,48,54,57" m="49161" machi="2" ten="30,1000,0" yaku="19,1" doraHai="74" who="3" fromWho="1" sc="200,0,340,-10,230,0,230,10" /><INIT seed="2,0,0,3,0,56" ten="200,330,230,240" oya="2" hai0="98,94,60,43,68,104,10,37,67,3,36,111,38" hai1="77,66,119,69,18,61,7,103,101,20,131,121,128" hai2="17,75,50,88,49,132,52,114,81,48,79,120,73" hai3="118,29,72,62,122,74,123,33,80,41,105,78,46"/><V71/><F114/><W91/><G118/><T31/><D111/><U107/><E119/><V34/><F120/><W70/><G91/><T2/><D104/><U109/><E109/><V16/><F34/><W85/><G85/><T110/><D110/><U19/><E7/><V32/><F32/><W25/><G105/><T97/><D31/><U35/><E35/><V130/><F130/><N who="1" m="49705" /><E107/><V22/><F132/><W63/><G74/><T4/><D43/><U13/><E77/><V39/><F39/><N who="3" m="21823" /><G62/><T102/><REACH who="0" step="1"/><D97/><REACH who="0" ten="190,330,230,240" step="2"/><U57/><E121/><V99/><F73/><W21/><G21/><T127/><D127/><U106/><E106/><V115/><F115/><W117/><G117/><T95/><D95/><U116/><E116/><V112/><F112/><W42/><G42/><T113/><D113/><U8/><E69/><V54/><F71/><W86/><G86/><T9/><D9/><U28/><E28/><V6/><F6/><W133/><G133/><T55/><D55/><U44/><E19/><V0/><F17/><W1/><G1/><AGARI ba="0,1" hai="1,2,3,4,10,36,37,38,60,67,68,94,98,102" machi="1" ten="40,2600,0" yaku="1,1,52,1,53,0" doraHai="56" doraHaiUra="40" who="0" fromWho="3" sc="190,36,330,0,230,0,240,-26" /><INIT seed="3,0,0,1,4,28" ten="226,330,230,214" oya="3" hai0="131,134,128,116,37,89,113,15,68,42,110,102,88" hai1="111,125,24,122,124,32,19,103,121,5,87,53,130" hai2="132,61,135,36,74,75,79,50,120,60,12,115,123" hai3="52,78,48,86,71,57,33,92,105,45,55,108,99"/><W14/><G105/><T100/><D116/><U17/><E103/><N who="0" m="39465" /><D68/><U107/><E107/><V40/><F115/><W29/><G108/><T98/><D113/><U18/><E111/><V51/><F36/><W91/><G71/><T114/><D114/><U4/><E53/><V22/><F22/><W81/><G14/><T118/><D118/><U26/><E87/><V62/><F12/><W83/><G83/><T126/><D110/><U119/><E130/><N who="0" m="49705" /><D126/><N who="1" m="48747" /><E119/><V25/><F25/><N who="1" m="9833" /><E32/><V47/><F79/><W104/><G104/><T0/><D0/><U49/><E49/><N who="2" m="26855" /><F74/><W10/><G10/><T72/><D72/><U39/><E39/><V6/><F75/><W27/><REACH who="3" step="1"/><G57/><REACH who="3" ten="226,330,230,204" step="2"/><T94/><D134/><U31/><E31/><V46/><F46/><W44/><G44/><N who="0" m="23631" /><D15/><U133/><E133/><N who="2" m="51275" /><F6/><AGARI ba="0,1" hai="4,5,6,17,18,19,121,122" m="9833,48747" machi="6" ten="40,8000,1" yaku="28,2,18,1,34,2" doraHai="28" who="1" fromWho="2" sc="226,0,330,90,230,-80,204,0" owari="226,3.0,420,52.0,150,-35.0,204,-20.0" /></mjloggm>