<mjloggm ver="2.3"><GO type="41" lobby="0"/><UN n0="%E6%B0%B4%E7%84%A1%E7%87%88%E8%A3%8F" n1="%E6%9F%93%E8%B0%B7%E3%81%AA%E3%82%93%E3%81%A1%E3%82%83%E3%82%89" n2="%E5%B0%B1%E6%B4%BB%E7%94%9F%40%E5%B7%9D%E6%9D%91%E8%BB%8D%E5%9B%A3" n3="%66%75%63%6B%69%6E%67%37" dan="14,13,15,13" rate="1931.19,1878.03,1952.34,1931.57" sx="F,F,M,M"/><TAIKYOKU oya="0"/><INIT seed="0,0,0,5,3,30" ten="250,250,250,250" oya="0" hai0="97,100,4,50,79,42,96,38,15,120,103,112,57" hai1="69,62,20,77,12,46,18,61,98,59,106,13,40" hai2="74,6,121,54,128,119,82,83,36,135,56,21,124" hai3="76,41,35,68,110,70,78,37,66,130,39,116,53"/><T58/><D112/><U105/><E77/><V88/><F36/><W134/><G116/><T86/><D120/><U5/><E69/><V9/><F119/><W115/><G115/><T8/><D38/><U16/><E5/><V71/><F121/><W27/><G130/><T101/><D58/><U17/><E62/><V108/><F71/><W14/><G134/><T49/><D57/><U72/><E72/><V118/><F124/><W23/><G14/><T127/><D127/><U90/><E106/><V43/><F43/><W34/><G41/><T89/><D79/><U25/><E105/><V26/><F108/><W11/><G11/><T28/><D28/><U91/><E98/><N who="0" m="37993" /><D42/><U3/><E3/><V84/><F118/><W93/><G27/><T114/><D114/><U2/><E2/><V73/><F128/><W99/><G66/><T85/><D85/><U104/><E25/><V126/><F126/><W87/><G110/><T123/><D123/><U22/><E18/><V65/><F65/><W52/><G87/><T102/><N who="0" m="26112" /><DORA hai="7" /><T111/><D111/><U117/><E117/><V67/><F67/><W60/><G99/><T125/><D125/><U95/><E95/><AGARI ba="0,0" hai="4,8,15,49,50,86,89,95" m="26112,37993" machi="95" ten="40,3900,0" yaku="8,1,52,1" doraHai="30,7" who="0" fromWho="1" sc="250,39,250,-39,250,0,250,0" /><INIT seed="0,1,0,4,1,105" ten="289,211,250,250" oya="0" hai0="40,116,122,51,107,82,48,55,75,129,108,109,113" hai1="27,76,59,44,98,39,3,31,119,54,78,53,135" hai2="71,17,126,50,125,128,41,131,45,56,70,73,91" hai3="19,112,15,36,85,94,93,38,23,74,124,25,111"/><T5/><D113/><U104/><E119/><V96/><F17/><W12/><G112/><T64/><D116/><U33/><E3/><V0/><F0/><W134/><G134/><T83/><D122/><U69/><E69/><N who="2" m="26123" /><F91/><W106/><G106/><T121/><D121/><U99/><E135/><V123/><F96/><W4/><G38/><T13/><D107/><U29/><E29/><V114/><F123/><W34/><G36/><T37/><D129/><N who="2" m="49738" /><F114/><W60/><G34/><T22/><D64/><U9/><E9/><V66/><F73/><W130/><G74/><T67/><D67/><U88/><E99/><V47/><F47/><W92/><G130/><T58/><D37/><U18/><E39/><V95/><F95/><W61/><G124/><N who="2" m="47721" /><F66/><W117/><G117/><T90/><D75/><U32/><E104/><V127/><N who="2" m="47729" /><V1/><DORA hai="16" /><F1/><W132/><G85/><T24/><D90/><U72/><E88/><V103/><F103/><W26/><G93/><T101/><D101/><U2/><E2/><V102/><F102/><W84/><G84/><T100/><D100/><U43/><E98/><V79/><F79/><W81/><G94/><T80/><D5/><U42/><E78/><V57/><AGARI ba="1,0" hai="41,45,50,56,57" m="47729,49738,26123" machi="57" ten="50,8000,1" yaku="19,1,18,1,34,2" doraHai="105,16" who="2" fromWho="2" sc="289,-41,211,-21,250,83,250,-21" /><INIT seed="1,0,0,3,4,60" ten="248,190,333,229" oya="1" hai0="59,21,4,54,29,56,7,88,85,40,38,121,125" hai1="111,96,126,50,24,9,37,90,16,72,41,124,15" hai2="80,81,65,20,32,43,97,10,14,47,112,87,63" hai3="122,84,107,109,46,127,74,61,114,25,94,35,93"/><U78/><E111/><V39/><F32/><W108/><G107/><T123/><D125/><N who="1" m="48235" /><E37/><V17/><F112/><W66/><G127/><T64/><D40/><U45/><E78/><V12/><F97/><W68/><G74/><T27/><D38/><U118/><E72/><V13/><F10/><W79/><G114/><T18/><D29/><U89/><E24/><V103/><F103/><W48/><G35/><T0/><D0/><U19/><E118/><V52/><F81/><N who="3" m="47167" /><G25/><T70/><D70/><U115/><E115/><V1/><F1/><W42/><G122/><N who="0" m="46603" /><D59/><U22/><E22/><V100/><F100/><W99/><G99/><T69/><D69/><U23/><E23/><V75/><F75/><W49/><G48/><N who="0" m="30791" /><D64/><U86/><E96/><V116/><F116/><W104/><G104/><T105/><D105/><U92/><E90/><V30/><F30/><W31/><G31/><T113/><D113/><U5/><AGARI ba="0,0" hai="5,9,15,16,19,41,45,50,86,89,92" m="48235" machi="5" ten="30,3000,0" yaku="18,1,54,1" doraHai="60" who="1" fromWho="1" sc="248,-10,190,30,333,-10,229,-10" /><INIT seed="1,1,0,4,3,76" ten="238,220,323,219" oya="1" hai0="52,13,100,24,15,72,96,26,78,94,92,0,77" hai1="103,118,33,45,115,126,2,80,14,40,61,116,123" hai2="39,64,43,129,107,18,65,7,95,60,97,135,99" hai3="51,127,31,44,30,4,86,67,124,47,56,70,37"/><U55/><E2/><V79/><F129/><W28/><G70/><T111/><D0/><U16/><E33/><V69/><F135/><W130/><G37/><T98/><D111/><U73/><E123/><V32/><F32/><W93/><G130/><T132/><D132/><U59/><E115/><V3/><F65/><W20/><G4/><T89/><D15/><U29/><E29/><V41/><F107/><W75/><G75/><T23/><D13/><U133/><E103/><V6/><F97/><W110/><G110/><T105/><D105/><U49/><E133/><V54/><F54/><W63/><G20/><T57/><D72/><U1/><E1/><V101/><F79/><W53/><G127/><T12/><D12/><U42/><E126/><V106/><F106/><W62/><G47/><T91/><D100/><U134/><E134/><V5/><F39/><W84/><G63/><N who="0" m="36263" /><D26/><U25/><E25/><V34/><F34/><W8/><G8/><T36/><D36/><U11/><REACH who="1" step="1"/><E42/><REACH who="1" ten="238,210,323,219" step="2"/><V122/><F122/><W17/><G124/><T85/><D98/><U48/><E48/><V9/><F3/><W112/><G112/><T58/><D58/><U120/><E120/><V88/><F101/><W114/><G114/><T109/><D109/><U50/><E50/><V46/><F41/><W74/><G51/><T21/><D21/><U82/><E82/><V19/><F9/><W119/><G56/><T35/><D35/><U131/><E131/><V90/><F43/><W108/><G108/><T22/><D22/><U102/><E102/><V125/><F125/><W66/><G30/><AGARI ba="1,1" hai="23,24,30,77,78,85,89,91,92,94,96" m="36263" machi="30" ten="30,3900,0" yaku="6,1,8,1,54,1" doraHai="76" who="0" fromWho="3" sc="238,52,210,0,323,0,219,-42" /><INIT seed="2,0,0,0,4,97" ten="290,210,323,177" oya="2" hai0="107,90,29,38,56,17,46,117,4,65,12,77,112" hai1="95,53,22,96,6,24,86,25,133,34,72,50,125" hai2="26,28,70,63,48,113,91,131,134,20,47,1,18" hai3="100,110,129,92,119,52,103,3,10,21,73,135,15"/><V64/><F113/><W108/><G119/><T126/><D112/><U37/><E37/><V66/><F1/><W58/><G73/><T7/><D107/><U84/><E72/><V0/><F0/><W51/><G135/><T71/><D71/><U75/><E75/><V5/><F134/><W98/><G129/><T74/><D117/><U33/><E125/><V55/><F131/><W30/><G3/><T13/><D126/><U31/><E6/><V35/><F5/><W68/><G68/><T87/><D29/><U45/><E34/><V93/><F66/><W130/><G130/><T94/><D77/><U128/><E128/><V57/><F70/><W124/><G21/><T61/><D74/><U36/><E36/><V14/><F35/><W78/><G78/><T41/><REACH who="0" step="1"/><D12/><REACH who="0" ten="280,210,323,177" step="2"/><U59/><E133/><V69/><F69/><W27/><G30/><T122/><D122/><U32/><E32/><V8/><F28/><W40/><G124/><T106/><D106/><U67/><E33/><V101/><F26/><W123/><G27/><T42/><D42/><U121/><E121/><V9/><REACH who="2" step="1"/><F101/><REACH who="2" ten="280,210,313,177" step="2"/><N who="3" m="60615" /><G123/><T132/><D132/><U81/><E25/><V54/><F54/><W76/><G40/><T11/><AGARI ba="0,2" hai="4,7,11,13,17,38,41,46,56,61,65,87,90,94" machi="11" ten="20,2700,0" yaku="1,1,0,1,7,1,53,0" doraHai="97" doraHaiUra="111" who="0" fromWho="0" sc="280,47,210,-7,313,-13,177,-7" /><INIT seed="3,0,0,3,3,35" ten="327,203,300,170" oya="3" hai0="5,75,87,57,64,108,101,51,133,120,29,24,132" hai1="42,53,1,16,67,0,114,111,70,81,60,54,115" hai2="62,126,3,113,91,104,123,52,34,103,124,25,125" hai3="96,46,85,68,106,99,112,135,61,105,110,98,45"/><W63/><G112/><T10/><D75/><U30/><E30/><N who="2" m="19791" /><F113/><W26/><G26/><T44/><D108/><U121/><E121/><V127/><F123/><W12/><G12/><T109/><D109/><U119/><E111/><V36/><F36/><W41/><G110/><T107/><D120/><U93/><E42/><V83/><F103/><W23/><G23/><T130/><D130/><U9/><E54/><V65/><F104/><N who="3" m="40043" /><G41/><T100/><D107/><U80/><E119/><V73/><N who="2" m="32256" /><DORA hai="118" /><V19/><F19/><W94/><G94/><T86/><D64/><U13/><E93/><V92/><F83/><W66/><G66/><T6/><D57/><U20/><E115/><V18/><F73/><W90/><G90/><T84/><D101/><U76/><E53/><V71/><F18/><W39/><G39/><T78/><D100/><U58/><E70/><V49/><F3/><W50/><G50/><T8/><D78/><U88/><E114/><V122/><F122/><W33/><G33/><N who="0" m="20647" /><D6/><U74/><REACH who="1" step="1"/><E20/><REACH who="1" ten="327,193,300,170" step="2"/><V2/><F92/><W69/><G135/><N who="0" m="51787" /><D5/><U21/><E21/><V95/><F95/><W89/><G68/><T79/><D79/><U22/><E22/><V17/><F17/><W48/><G69/><T129/><D129/><U116/><E116/><V102/><F71/><W43/><G43/><AGARI ba="0,1" hai="8,10,43,44,51,84,86,87" m="51787,20647" machi="43" ten="30,1000,0" yaku="20,1" doraHai="35,118" who="0" fromWho="3" sc="327,20,193,0,300,0,170,-10" /><INIT seed="4,0,0,5,2,33" ten="347,193,300,160" oya="0" hai0="28,22,113,71,78,110,29,92,119,41,135,15,80" hai1="6,64,98,58,40,106,107,105,128,30,62,114,97" hai2="72,53,35,8,67,66,73,70,84,50,69,34,25" hai3="88,95,76,75,132,51,103,19,133,104,59,96,1"/><T120/><D71/><U49/><E128/><V38/><F38/><W42/><G19/><T61/><D119/><U86/><E30/><V108/><F108/><W127/><G127/><T17/><D120/><U45/><E114/><V7/><F84/><N who="3" m="52615" /><G42/><T89/><D113/><U5/><REACH who="1" step="1"/><E86/><REACH who="1" ten="347,183,300,160" step="2"/><V85/><F85/><W48/><G75/><T13/><D29/><U56/><E56/><V126/><F72/><W36/><G59/><T130/><D28/><U0/><E0/><V134/><F73/><W115/><G115/><T31/><D130/><U11/><E11/><V131/><F126/><W37/><G1/><T111/><D110/><U81/><E81/><V117/><F131/><W118/><G118/><T26/><D80/><U23/><E23/><V43/><F117/><W10/><G10/><T100/><D22/><U83/><E83/><V99/><F70/><W2/><G2/><T87/><D87/><U14/><E14/><V18/><F69/><W24/><G76/><T123/><D13/><U46/><E46/><V3/><F35/><W52/><G24/><T32/><D15/><U82/><E82/><V93/><F34/><W47/><G47/><T4/><D26/><U57/><E57/><V27/><F27/><W91/><G133/><T63/><D32/><U112/><E112/><V39/><F25/><W60/><G132/><T21/><D135/><U20/><E20/><V122/><F134/><W121/><G121/><T12/><D21/><U74/><E74/><V109/><F122/><W68/><G68/><T90/><D123/><U79/><E79/><V125/><F109/><RYUUKYOKU ba="0,1" sc="347,-10,183,30,300,-10,160,-10" hai1="5,6,40,45,49,58,62,64,97,98,105,106,107" /><INIT seed="5,1,1,4,1,95" ten="337,213,290,150" oya="1" hai0="26,72,110,104,86,31,100,9,12,113,94,128,122" hai1="56,55,84,76,18,120,89,83,20,106,121,35,123" hai2="17,114,109,68,66,107,87,75,79,129,38,39,69" hai3="43,23,44,78,41,46,5,98,63,13,80,62,64"/><U85/><E35/><V6/><F17/><W112/><G112/><T130/><D72/><U15/><E106/><V96/><F87/><W92/><G41/><T29/><D110/><U49/><REACH who="1" step="1"/><E123/><REACH who="1" ten="337,203,290,150" step="2"/><V126/><F107/><W8/><G43/><T2/><D122/><U54/><E54/><V60/><F109/><W1/><G1/><T7/><D104/><U51/><E51/><V10/><F114/><W119/><G119/><T117/><D113/><U115/><E115/><V118/><F118/><W127/><G127/><T22/><D117/><U24/><E24/><V61/><F39/><W125/><G125/><T0/><D130/><U16/><E16/><V91/><F38/><W82/><G63/><T131/><D128/><U70/><E70/><V88/><F61/><W27/><G62/><T19/><D131/><U40/><E40/><V105/><F69/><W65/><G64/><T48/><D48/><U11/><E11/><V124/><F129/><W111/><G65/><T32/><D31/><U3/><E3/><V97/><F126/><W132/><G132/><T90/><D2/><U28/><E28/><V21/><F124/><W73/><G111/><T67/><D67/><U36/><E36/><V133/><F133/><W4/><G4/><T102/><AGARI ba="1,2" hai="0,7,9,12,19,22,26,29,32,86,90,94,100,102" machi="102" ten="30,4000,0" yaku="0,1,24,2" doraHai="95" who="0" fromWho="0" sc="337,63,203,-21,290,-11,150,-11" /><INIT seed="6,0,0,4,4,9" ten="400,182,279,139" oya="2" hai0="126,5,117,3,57,35,74,26,123,51,84,25,62" hai1="76,0,58,11,101,31,125,86,83,37,119,21,20" hai2="23,52,66,114,127,33,29,108,112,135,116,90,6" hai3="59,87,34,13,71,72,80,129,77,16,22,27,134"/><V40/><F33/><W67/><G134/><T42/><D74/><U45/><E119/><V64/><F116/><W81/><G129/><T88/><D123/><U133/><E101/><V110/><F6/><W91/><G71/><T17/><D117/><U15/><E0/><V47/><F135/><W54/><G67/><N who="2" m="25641" /><F90/><W95/><G80/><T132/><D132/><U46/><E133/><V10/><F10/><W68/><G68/><T38/><D38/><U122/><E37/><N who="2" m="21903" /><F23/><N who="1" m="8777" /><E58/><V32/><F32/><W44/><G44/><N who="1" m="17002" /><E125/><V89/><F89/><W121/><G121/><T106/><D17/><N who="1" m="8447" /><E122/><V7/><F7/><W4/><G34/><T118/><D5/><U79/><E79/><V19/><F19/><W53/><REACH who="3" step="1"/><G59/><REACH who="3" ten="400,182,279,129" step="2"/><T50/><D57/><U98/><E98/><V93/><F127/><W130/><G130/><T85/><D126/><U39/><E39/><V103/><F108/><W14/><G14/><T109/><D118/><U61/><E83/><V73/><F110/><W18/><G18/><T102/><D3/><U8/><E31/><V115/><F115/><W120/><G120/><T69/><D109/><U60/><E76/><V92/><F114/><W113/><G113/><T43/><D69/><U96/><E96/><V12/><F112/><W55/><G55/><T65/><D43/><U99/><E99/><V28/><F12/><W94/><G94/><T82/><D42/><U75/><E75/><V56/><F73/><W70/><G70/><T131/><D131/><U128/><E128/><V100/><F93/><W78/><G78/><T63/><D65/><U1/><E1/><RYUUKYOKU ba="0,1" sc="400,-10,182,-10,279,-10,129,30" hai3="4,13,16,22,27,53,54,72,77,81,87,91,95" /><INIT seed="7,1,1,3,2,116" ten="390,172,269,159" oya="3" hai0="69,1,130,23,73,40,71,112,77,78,108,119,123" hai1="30,7,50,109,60,64,106,10,31,115,5,118,67" hai2="26,102,35,125,129,122,8,33,133,101,98,24,75" hai3="49,53,39,135,72,32,66,20,124,107,0,47,76"/><W56/><G32/><T52/><D108/><U16/><E118/><V88/><F75/><W99/><G0/><T3/><D119/><U59/><E109/><V96/><F122/><W36/><G135/><T27/><D52/><N who="1" m="32151" /><E106/><V45/><F45/><W103/><G124/><T42/><D23/><U43/><E43/><V104/><F8/><W61/><G76/><T9/><D27/><U87/><E87/><V15/><F15/><W121/><G72/><T65/><D9/><U14/><E115/><V46/><F46/><W82/><G82/><T44/><D44/><U81/><E81/><V11/><F11/><W22/><G121/><T4/><D73/><U18/><E18/><V21/><F21/><W70/><REACH who="3" step="1"/><G39/><REACH who="3" ten="390,172,269,149" step="2"/><T113/><D123/><U128/><E128/><V19/><F129/><W13/><G13/><T92/><D130/><U55/><E30/><V58/><F125/><W111/><G111/><T79/><D78/><U57/><E31/><V84/><F35/><W132/><G132/><T48/><D3/><U127/><E127/><V89/><F33/><W120/><G120/><T83/><D1/><U95/><E95/><V28/><F28/><W134/><G134/><T29/><D92/><U126/><E126/><V114/><F114/><W97/><G97/><T51/><D29/><U90/><E14/><V110/><F110/><W41/><AGARI ba="1,2" hai="20,22,36,41,47,49,53,56,61,66,70,99,103,107" machi="41" ten="30,11700,0" yaku="1,1,0,1,24,2,53,0" doraHai="116" doraHaiUra="117" who="3" fromWho="3" sc="390,-40,172,-40,269,-40,149,140" /><INIT seed="7,2,0,1,3,116" ten="350,132,229,289" oya="3" hai0="22,58,13,112,105,33,38,125,118,114,91,18,21" hai1="47,74,92,8,77,127,10,120,1,14,117,104,73" hai2="23,133,34,115,56,7,57,31,102,49,128,41,75" hai3="27,131,43,32,126,87,30,111,29,24,132,129,61"/><W45/><G111/><T5/><D118/><U95/><E117/><V72/><F34/><W113/><G113/><N who="0" m="43627" /><D33/><U80/><E127/><V36/><F36/><W69/><G126/><T52/><D125/><U9/><E104/><V64/><F115/><W122/><G122/><T121/><D38/><U66/><E73/><V124/><F7/><W81/><G132/><T123/><D105/><U85/><E1/><V108/><F108/><W4/><G4/><T12/><D5/><U100/><E66/><V35/><F35/><W119/><G119/><T90/><D21/><U86/><E74/><V135/><F23/><W60/><G69/><T37/><D13/><U134/><E134/><V19/><F19/><W11/><G11/><T62/><D37/><U65/><E65/><V48/><F31/><N who="3" m="11787" /><G32/><T68/><D68/><U93/><E47/><V99/><F124/><W46/><G46/><T130/><D130/><N who="3" m="49673" /><G24/><T106/><D106/><U17/><E120/><AGARI ba="2,0" hai="12,18,22,52,58,62,90,91,120,121,123" m="43627" machi="120" ten="30,12000,2" yaku="15,1,11,1,52,3,54,1" doraHai="116" who="0" fromWho="1" sc="350,126,132,-126,229,0,289,0" owari="476,57.0,6,-49.0,229,-17.0,289,9.0" /></mjloggm>