<mjloggm ver="2.3"><GO type="97" lobby="0"/><UN n0="%E5%B0%B1%E6%B4%BB%E7%94%9F%40%E5%B7%9D%E6%9D%91%E8%BB%8D%E5%9B%A3" n1="%34%2D%46%6F%72%63%65" n2="%E3%81%86%E3%82%8B%E3%81%95%E3%81%84%E3%81%AF%E8%A4%92%E3%82%81%E8%A9%9E" n3="%64%61%6D%61%6B%6F" dan="15,13,13,14" rate="1934.30,1870.07,1846.16,1975.19" sx="M,M,M,M"/><TAIKYOKU oya="0"/><INIT seed="0,0,0,4,5,98" ten="250,250,250,250" oya="0" hai0="5,86,66,15,133,131,14,121,119,10,32,120,35" hai1="55,6,83,28,89,70,126,31,43,130,8,11,38" hai2="21,1,106,58,26,76,75,90,29,0,64,56,91" hai3="45,47,22,122,125,16,81,30,102,134,104,116,87"/><T36/><D119/><U77/><E70/><V34/><F106/><W59/><G116/><T63/><D36/><U114/><E130/><V69/><F69/><W71/><G71/><T82/><D131/><U103/><E89/><V18/><F1/><W100/><G30/><T97/><D133/><U107/><E126/><V19/><F0/><W67/><G122/><T73/><D73/><N who="1" m="43439" /><E55/><V79/><F75/><W118/><G104/><T92/><D121/><U25/><E11/><V54/><F90/><N who="3" m="51567" /><G118/><T41/><D120/><U3/><E25/><V74/><F91/><W128/><G134/><T123/><D123/><U37/><E37/><V127/><F74/><W99/><G99/><T78/><D41/><U101/><E114/><V49/><F127/><W65/><G125/><T4/><D15/><U20/><E107/><V39/><F39/><W135/><G135/><T132/><D132/><U24/><E31/><V84/><F34/><W60/><G65/><T7/><D35/><U9/><E9/><V13/><F13/><N who="3" m="9487" /><G128/><T52/><D32/><U50/><E50/><V48/><F48/><W62/><G62/><T44/><D66/><U42/><E42/><V96/><F79/><W51/><G51/><N who="0" m="28775" /><D63/><U109/><E109/><V95/><F76/><W68/><G68/><T129/><D129/><U93/><E93/><V72/><F72/><W88/><G88/><AGARI ba="0,0" hai="4,5,7,10,14,78,82,86,88,92,97" m="28775" machi="88" ten="30,5800,0" yaku="8,1,54,2" doraHai="98" who="0" fromWho="3" sc="250,58,250,0,250,0,250,-58" /><INIT seed="0,1,0,2,3,34" ten="308,250,250,192" oya="0" hai0="51,69,111,132,52,128,123,56,114,38,77,30,134" hai1="0,92,4,99,25,113,9,90,59,105,61,21,93" hai2="108,43,55,48,72,119,97,26,66,85,79,36,33" hai3="22,126,75,91,29,102,107,104,11,96,58,15,8"/><T109/><D69/><U64/><E113/><V106/><F108/><N who="0" m="41546" /><D114/><U31/><REACH who="1" step="1"/><E93/><REACH who="1" ten="308,240,250,192" step="2"/><V94/><F94/><W74/><G107/><AGARI ba="1,1" hai="0,4,9,21,25,31,59,61,64,90,92,99,105,107" machi="107" ten="40,8000,1" yaku="1,1,2,1,52,1,53,1" doraHai="34" doraHaiUra="95" who="1" fromWho="3" sc="308,0,240,93,250,0,192,-83" /><INIT seed="1,0,0,0,1,37" ten="308,333,250,109" oya="1" hai0="102,15,56,103,98,38,60,121,47,122,75,68,124" hai1="85,123,34,116,135,92,12,14,61,99,70,16,96" hai2="27,30,80,81,7,49,51,39,8,18,71,86,1" hai3="26,66,87,65,23,35,76,57,32,106,11,21,43"/><U48/><E123/><N who="0" m="47113" /><D68/><U2/><E116/><V127/><F71/><W64/><G106/><T77/><D124/><U88/><E2/><V133/><F133/><W50/><G11/><T4/><D75/><U74/><E74/><V59/><F127/><W45/><G57/><T129/><D77/><U28/><E135/><V117/><F117/><W62/><G62/><T97/><D129/><U100/><E48/><V33/><F39/><W110/><G110/><T72/><D72/><U113/><E113/><V69/><F69/><W79/><G87/><T131/><D131/><U44/><E44/><V101/><F101/><N who="0" m="38410" /><D38/><U5/><E5/><V42/><F18/><W119/><G119/><T58/><D47/><U95/><E99/><N who="0" m="37897" /><D60/><U53/><E70/><V114/><F114/><W29/><REACH who="3" step="1"/><G23/><REACH who="3" ten="308,333,250,99" step="2"/><T93/><D93/><U41/><E95/><V90/><F59/><N who="0" m="22570" /><D4/><U10/><E61/><V19/><F86/><W73/><G73/><T108/><D108/><U120/><E85/><V128/><F8/><W118/><G118/><T36/><D36/><U107/><E10/><V54/><F33/><AGARI ba="0,1" hai="21,26,29,32,33,35,43,45,50,64,65,66,76,79" machi="33" ten="40,5200,0" yaku="1,1,52,1,53,1" doraHai="37" doraHaiUra="24" who="3" fromWho="2" sc="308,0,333,0,250,-52,99,62" /><INIT seed="2,0,0,0,5,12" ten="308,333,198,161" oya="2" hai0="85,130,29,91,44,105,111,6,38,120,68,86,0" hai1="88,65,3,49,114,27,93,112,57,128,30,80,84" hai2="106,24,89,64,5,78,10,134,77,52,58,43,109" hai3="127,122,63,73,42,13,46,132,121,101,72,81,2"/><V14/><F134/><W39/><G132/><T66/><D105/><U116/><E3/><V32/><F109/><W50/><G127/><T47/><D120/><U25/><E116/><V97/><F64/><W54/><G2/><T104/><D104/><U131/><E80/><V118/><F43/><W61/><G101/><T107/><D107/><U75/><E75/><V26/><F118/><W37/><G13/><T11/><D130/><N who="1" m="49707" /><E25/><N who="2" m="9835" /><F106/><W7/><G7/><T96/><D111/><U9/><E9/><V95/><F32/><W125/><G125/><T4/><D4/><U117/><E117/><V74/><F74/><W108/><G108/><T22/><D68/><U17/><E17/><V90/><F90/><W31/><G31/><T56/><D38/><U20/><E65/><V98/><F98/><W82/><G42/><T83/><D96/><U19/><E30/><V110/><F110/><W119/><G119/><T100/><D100/><U51/><E57/><V115/><F115/><AGARI ba="0,0" hai="19,20,27,49,51,84,88,93,112,114,115" m="49707" machi="115" ten="30,3900,0" yaku="19,1,52,1,54,1" doraHai="12" who="1" fromWho="2" sc="308,0,333,39,198,-39,161,0" /><INIT seed="3,0,0,1,2,122" ten="308,372,159,161" oya="3" hai0="9,15,18,64,75,80,88,69,38,21,17,94,27" hai1="62,116,57,93,7,86,99,0,82,29,3,43,124" hai2="81,77,130,71,131,84,108,20,6,35,127,26,53" hai3="41,98,120,55,95,52,105,12,111,110,103,132,31"/><W96/><G120/><T67/><D38/><U33/><E43/><V109/><F35/><W87/><G132/><T92/><D69/><U117/><E124/><V128/><F127/><W115/><G115/><T19/><D19/><U60/><E33/><V83/><F71/><W70/><G70/><T4/><D4/><U34/><E29/><N who="2" m="17607" /><F6/><W100/><G41/><T134/><D134/><U39/><E34/><V2/><F2/><N who="1" m="553" /><E57/><V58/><F81/><W46/><G31/><T102/><D102/><N who="1" m="60783" /><E7/><V47/><F47/><W126/><G126/><T63/><D63/><AGARI ba="0,0" hai="53,58,63,77,83,84,108,109,128,130,131" m="17607" machi="63" ten="30,3900,0" yaku="19,1,52,2" doraHai="122" who="2" fromWho="0" sc="308,-39,372,0,159,39,161,0" owari="269,7.0,372,47.0,198,-20.0,161,-34.0" /></mjloggm>