<mjloggm ver="2.3"><GO type="97" lobby="0"/><UN n0="%E5%B0%B1%E6%B4%BB%E7%94%9F%40%E5%B7%9D%E6%9D%91%E8%BB%8D%E5%9B%A3" n1="%4B%65%41" n2="%E7%99%BD%E3%81%84%E7%B7%91%E3%81%AE%E8%B5%A4%E3%81%84%E9%BB%92" n3="%4A%50%53%E6%9D%B1%E9%A2%A8" dan="15,14,14,14" rate="1994.00,1892.05,1892.43,1975.28" sx="M,F,F,M"/><TAIKYOKU oya="0"/><INIT seed="0,0,0,4,4,32" ten="250,250,250,250" oya="0" hai0="76,131,117,67,90,74,89,12,51,86,124,14,72" hai1="91,77,129,6,27,88,5,108,29,63,93,41,114" hai2="48,106,133,71,61,68,47,118,42,59,25,85,16" hai3="39,53,40,8,113,128,22,132,3,54,62,94,7"/><T18/><D117/><U11/><E108/><V10/><F118/><W115/><G128/><T38/><D38/><U33/><E129/><V21/><F106/><W80/><G132/><T123/><D123/><U116/><E116/><V26/><F133/><W58/><G22/><T23/><D131/><U75/><E114/><V130/><F130/><W92/><G54/><T84/><D124/><U60/><E41/><V66/><F25/><W45/><G94/><T134/><D134/><U95/><E77/><V98/><F98/><W120/><G120/><T30/><D76/><U96/><E75/><V4/><F85/><W135/><G92/><T43/><D30/><U64/><E6/><V83/><REACH who="2" step="1"/><F83/><REACH who="2" ten="250,250,240,250" step="2"/><W112/><G135/><T50/><D74/><U100/><E95/><V127/><F127/><W65/><G80/><T82/><D72/><U105/><E105/><V121/><F121/><W44/><G115/><T103/><D103/><U78/><E100/><V81/><F81/><W79/><G79/><T73/><D73/><U70/><E78/><V35/><F35/><W57/><G113/><T111/><D111/><U49/><E96/><V104/><F104/><W13/><G112/><T46/><D86/><U122/><E122/><V0/><AGARI ba="0,1" hai="0,4,10,16,21,26,42,47,48,59,61,66,68,71" machi="0" ten="20,8000,1" yaku="1,1,0,1,7,1,52,1,54,1,53,0" doraHai="32" doraHaiUra="119" who="2" fromWho="2" sc="250,-40,250,-20,240,90,250,-20" /><INIT seed="1,0,0,0,5,36" ten="210,230,330,230" oya="1" hai0="59,110,80,77,89,72,7,37,20,46,67,102,54" hai1="6,116,132,81,5,75,10,127,129,18,91,4,112" hai2="128,78,26,101,125,135,90,44,30,99,28,25,104" hai3="85,0,64,56,14,84,108,94,12,96,43,107,106"/><U66/><E66/><V47/><F128/><W8/><G108/><T79/><D110/><U45/><E129/><V68/><F68/><W133/><G133/><T40/><D102/><U119/><E132/><V58/><F135/><W39/><G0/><T98/><D67/><U95/><E127/><V57/><F125/><W120/><G14/><T61/><D79/><U83/><E112/><V114/><F78/><W48/><G39/><T52/><D7/><U65/><E65/><V71/><F71/><W35/><G35/><T124/><D124/><U62/><E62/><V27/><F114/><W130/><G106/><T50/><D20/><U9/><E75/><V70/><F70/><W49/><G49/><T100/><D89/><U113/><E113/><V60/><F58/><W29/><G29/><T74/><D74/><U32/><E32/><V76/><F90/><N who="3" m="55383" /><G107/><T92/><REACH who="0" step="1"/><D54/><REACH who="0" ten="200,230,330,230" step="2"/><U69/><E91/><V115/><F76/><W13/><G120/><T16/><D16/><U117/><E18/><V11/><F115/><W73/><G73/><T34/><D34/><U88/><E88/><V105/><F30/><W19/><G130/><T1/><D1/><U131/><E131/><V17/><F28/><W2/><G2/><T31/><D31/><U109/><E109/><V123/><F123/><W118/><G64/><T38/><AGARI ba="0,1" hai="37,38,40,46,50,52,59,61,72,77,80,92,98,100" machi="38" ten="30,7900,0" yaku="1,1,0,1,52,1,54,1,53,0" doraHai="36" doraHaiUra="21" who="0" fromWho="0" sc="200,89,230,-39,330,-20,230,-20" /><INIT seed="2,0,0,2,0,47" ten="289,191,310,210" oya="2" hai0="26,68,134,112,96,104,39,62,66,73,111,19,61" hai1="37,123,78,40,129,120,80,117,89,72,31,42,79" hai2="130,88,25,24,128,110,53,46,12,126,105,65,122" hai3="109,49,98,108,34,52,48,132,125,18,43,91,64"/><V17/><F122/><N who="1" m="46633" /><E31/><V7/><F126/><W74/><G74/><T36/><D112/><U13/><E13/><V106/><F7/><W124/><G34/><T100/><D73/><U14/><E14/><V76/><F76/><N who="1" m="29225" /><E72/><V115/><F65/><W101/><G64/><T116/><D116/><U103/><E103/><V57/><F46/><N who="3" m="25695" /><G91/><T54/><D134/><U135/><E37/><V32/><F110/><N who="3" m="42603" /><G18/><T21/><D111/><U51/><E117/><V60/><F115/><W121/><G121/><T84/><D84/><N who="1" m="50311" /><E129/><V87/><F128/><W99/><G132/><T119/><D119/><U81/><E81/><V75/><F75/><W38/><G38/><T28/><D28/><U10/><E10/><V59/><F130/><W114/><G114/><T56/><AGARI ba="0,0" hai="19,21,26,36,39,54,56,61,62,66,68,96,100,104" machi="56" ten="30,1100,0" yaku="0,1" doraHai="47" who="0" fromWho="0" sc="289,11,191,-3,310,-5,210,-3" /><INIT seed="3,0,0,2,1,80" ten="300,188,305,207" oya="3" hai0="62,102,21,127,86,131,121,59,84,39,132,49,76" hai1="124,114,46,101,0,18,30,72,78,58,122,27,28" hai2="61,83,87,97,45,70,19,125,56,133,93,35,128" hai3="5,117,17,6,74,104,90,38,1,79,109,16,34"/><W106/><G34/><T126/><D39/><U33/><E124/><N who="0" m="47657" /><D121/><U7/><E114/><V105/><F125/><W26/><G117/><T4/><D132/><U81/><E122/><V119/><F133/><W37/><G79/><T91/><D131/><U123/><E123/><V65/><F128/><W25/><G74/><T14/><D102/><U118/><E118/><V40/><F105/><W107/><G90/><T100/><D100/><U47/><E101/><N who="2" m="60591" /><F35/><W96/><G96/><T71/><D76/><U85/><E72/><V130/><F70/><W135/><G135/><T48/><D71/><U44/><E58/><V129/><F119/><W103/><G103/><T43/><D43/><U50/><E50/><N who="0" m="19561" /><D91/><U110/><E110/><V12/><F129/><W68/><G68/><T69/><D69/><U13/><E0/><V95/><F130/><W10/><G109/><T15/><D21/><N who="1" m="13751" /><E33/><V55/><F40/><W20/><G5/><T29/><D29/><N who="1" m="11371" /><E7/><V73/><F73/><W41/><G41/><T120/><D120/><U116/><E116/><V92/><F45/><N who="1" m="11521" /><U8/><DORA hai="52" /><E8/><N who="2" m="6535" /><F65/><W63/><G63/><T24/><D24/><U23/><E23/><AGARI ba="0,0" hai="1,6,10,16,17,20,23,25,26,37,38,104,106,107" machi="23" ten="40,3900,0" yaku="9,1,54,1" doraHai="80,52" who="3" fromWho="1" sc="300,0,188,-39,305,0,207,39" /><INIT seed="3,1,0,3,5,123" ten="300,149,305,246" oya="3" hai0="60,109,7,81,11,31,108,46,125,119,56,69,86" hai1="25,55,107,22,102,65,48,34,130,4,50,40,20" hai2="35,74,53,70,47,129,61,94,3,17,89,18,135" hai3="2,112,84,58,64,15,127,96,122,0,23,78,88"/><W10/><G122/><T133/><D119/><U62/><E130/><V49/><F35/><W132/><G112/><T131/><D131/><U97/><E4/><V99/><F129/><W28/><G132/><T101/><D133/><U85/><E85/><V16/><F135/><W72/><G72/><T83/><D125/><U33/><E40/><V13/><F3/><W45/><G127/><T68/><D31/><U87/><E87/><V91/><F74/><W14/><G2/><N who="0" m="503" /><D101/><U100/><E100/><N who="2" m="60535" /><F70/><N who="0" m="27242" /><D46/><U79/><E79/><V36/><F36/><W63/><G45/><T118/><D86/><U8/><E8/><N who="2" m="6183" /><F61/><W32/><G32/><T52/><D118/><U110/><E34/><V80/><F80/><N who="3" m="47127" /><G10/><T38/><D38/><U66/><E66/><V82/><F82/><W92/><G0/><T124/><D124/><U104/><E104/><V54/><F53/><W24/><AGARI ba="1,0" hai="14,15,23,24,28,58,63,64,88,92,96" m="47127" machi="24" ten="30,3000,0" yaku="8,1,54,1" doraHai="123" who="3" fromWho="3" sc="300,-11,149,-11,305,-11,246,33" /><INIT seed="3,2,0,3,5,25" ten="289,138,294,279" oya="3" hai0="47,96,135,22,30,128,34,64,98,7,6,78,101" hai1="86,92,85,116,53,100,33,66,82,32,12,88,70" hai2="46,4,40,59,18,54,97,69,124,110,26,121,115" hai3="104,75,42,41,87,129,65,132,125,77,113,38,83"/><W107/><G113/><T2/><D34/><U126/><E126/><V117/><F115/><W109/><G125/><T123/><D123/><U84/><E116/><V62/><F124/><W28/><G38/><T23/><D2/><U16/><E70/><V5/><F117/><W31/><G75/><T43/><D128/><U50/><E66/><V29/><F110/><W39/><G39/><T127/><D127/><U91/><E33/><V120/><F69/><W58/><G107/><T9/><D135/><U79/><E32/><N who="2" m="20535" /><F97/><N who="0" m="37482" /><D101/><U20/><E100/><V130/><F18/><W112/><G104/><T102/><D102/><U94/><REACH who="1" step="1"/><E50/><REACH who="1" ten="289,128,294,279" step="2"/><N who="2" m="26951" /><F130/><W57/><G112/><T17/><D64/><U119/><E119/><V76/><F121/><W11/><G109/><T90/><D78/><U114/><E114/><V81/><F120/><W51/><G132/><T3/><D90/><U49/><E49/><V8/><F76/><W72/><G72/><T106/><D106/><U89/><E89/><V14/><F81/><W56/><G11/><T1/><D1/><U131/><E131/><V74/><F74/><W15/><G15/><N who="0" m="7407" /><D3/><U80/><E80/><V118/><F118/><W52/><G129/><T95/><D95/><U45/><E45/><V93/><F93/><W35/><G35/><T44/><D44/><U105/><E105/><V55/><F5/><W122/><G122/><T10/><D47/><U60/><E60/><N who="2" m="35959" /><F55/><AGARI ba="2,1" hai="12,16,20,53,55,79,82,84,85,86,88,91,92,94" machi="55" ten="40,8000,1" yaku="1,1,9,1,8,1,54,2,53,0" doraHai="25" doraHaiUra="133" who="1" fromWho="2" sc="289,0,128,96,294,-86,279,0" /><INIT seed="4,0,0,1,0,32" ten="289,224,208,279" oya="0" hai0="24,71,69,54,15,75,116,81,80,7,128,114,103" hai1="122,3,79,111,22,117,45,31,33,127,58,65,8" hai2="132,36,99,48,64,74,98,125,134,52,113,56,61" hai3="101,121,92,42,68,1,19,123,26,17,11,115,133"/><T6/><D116/><U51/><E127/><V106/><F125/><W131/><G68/><T49/><D75/><U124/><E124/><V85/><F74/><W93/><G42/><T83/><D114/><U63/><E111/><V59/><F113/><W9/><G115/><T21/><D128/><U10/><E117/><V96/><F36/><W84/><G131/><T110/><D110/><U62/><E122/><N who="3" m="46602" /><G11/><N who="0" m="4599" /><D69/><U5/><E79/><V46/><F85/><W135/><G26/><T89/><D71/><U97/><E63/><V120/><F120/><W90/><G93/><T86/><D7/><U108/><E108/><V27/><F106/><W4/><G101/><T91/><D103/><U70/><E10/><V53/><REACH who="2" step="1"/><F27/><REACH who="2" ten="289,224,198,279" step="2"/><W76/><G76/><T43/><D86/><U60/><E97/><V34/><F34/><W55/><G135/><T12/><D12/><U67/><E33/><V18/><F18/><W66/><G133/><T88/><D81/><U118/><E118/><V94/><F94/><W102/><G102/><T87/><D83/><U107/><E107/><V104/><F104/><W119/><G119/><T100/><D87/><U2/><E31/><V130/><F130/><W109/><G109/><T14/><D14/><U29/><E29/><V44/><F44/><W82/><G82/><T77/><D100/><U126/><E126/><V47/><F47/><W40/><G19/><N who="0" m="12351" /><D80/><U112/><E112/><V95/><F95/><W73/><G92/><T25/><D77/><U0/><E22/><V39/><F39/><W37/><G84/><T28/><D25/><U30/><E30/><RYUUKYOKU ba="0,1" sc="289,-15,224,15,198,15,279,-15" hai1="0,2,3,5,8,45,51,58,60,62,65,67,70" hai2="46,48,52,53,56,59,61,64,96,98,99,132,134" /><INIT seed="5,1,1,2,0,132" ten="274,239,213,264" oya="1" hai0="61,25,135,43,44,77,17,99,121,97,108,0,41" hai1="131,53,56,82,74,14,26,50,52,35,49,87,3" hai2="78,129,31,119,34,95,63,51,93,101,103,91,7" hai3="11,46,60,118,62,125,123,65,127,4,111,86,109"/><U9/><E131/><V22/><F119/><W81/><G123/><T70/><D0/><U18/><E74/><V126/><F34/><W37/><G118/><T134/><D108/><U122/><E122/><V96/><F129/><W20/><G20/><N who="0" m="13455" /><D121/><U94/><E3/><V38/><F38/><W130/><G130/><T98/><D77/><U83/><E26/><N who="2" m="16855" /><F126/><N who="3" m="48139" /><G62/><T133/><D44/><U47/><E35/><V28/><F28/><W71/><G46/><T85/><D85/><U89/><AGARI ba="1,1" hai="9,14,18,47,49,50,52,53,56,82,83,87,89,94" machi="89" ten="30,6000,0" yaku="0,1,8,1,54,1" doraHai="132" who="1" fromWho="1" sc="274,-21,239,73,213,-21,264,-21" owari="253,5.0,312,42.0,192,-31.0,243,-16.0" /></mjloggm>