<mjloggm ver="2.3"><GO type="97" lobby="0"/><UN n0="%54%4B%54%4D" n1="%E5%B0%B1%E6%B4%BB%E7%94%9F%40%E5%B7%9D%E6%9D%91%E8%BB%8D%E5%9B%A3" n2="%E3%80%8A%E6%84%9B%E7%94%9F%E3%80%8B" n3="%E7%99%BE%E5%85%AB%E7%85%A9%E6%82%A9" dan="13,15,13,14" rate="1897.05,2008.83,1835.80,1919.49" sx="M,M,M,M"/><TAIKYOKU oya="0"/><INIT seed="0,0,0,5,0,123" ten="250,250,250,250" oya="0" hai0="20,110,39,118,128,43,4,10,97,23,103,47,131" hai1="62,108,8,112,24,125,67,133,122,81,57,65,101" hai2="21,109,70,3,105,121,55,106,41,38,50,53,124" hai3="98,7,82,15,36,14,18,34,85,104,80,40,37"/><T96/><D118/><U72/><E122/><V114/><F3/><W116/><G34/><T86/><D86/><U88/><E112/><V71/><F121/><W111/><G116/><T135/><D135/><U17/><E133/><V89/><F89/><W48/><G104/><T33/><D33/><U115/><E115/><V74/><F74/><W93/><G82/><T6/><D6/><U19/><E125/><V69/><F21/><W99/><G98/><T46/><D46/><U60/><E108/><V63/><F106/><W75/><G75/><T16/><D110/><U113/><E113/><V102/><F109/><W5/><G111/><T26/><D23/><U27/><E101/><V79/><F79/><W119/><G36/><T54/><D54/><U77/><E88/><V42/><F102/><W9/><G37/><T29/><D29/><U2/><E2/><V32/><F32/><W129/><G119/><T90/><D90/><U1/><E1/><V95/><F95/><W127/><G127/><T66/><D66/><U22/><E8/><V130/><F105/><W120/><G120/><T25/><D25/><U84/><E72/><V0/><F0/><W59/><G7/><T78/><D78/><U83/><E83/><V30/><F30/><W134/><G134/><T49/><D39/><U58/><E27/><V61/><F114/><W45/><G80/><T64/><D64/><U73/><E73/><V31/><F31/><AGARI ba="0,0" hai="17,19,22,24,31,57,58,60,62,65,67,77,81,84" machi="31" ten="30,3900,0" yaku="7,1,9,1,8,1" doraHai="123" who="1" fromWho="2" sc="250,0,250,39,250,-39,250,0" /><INIT seed="1,0,0,1,1,2" ten="250,289,211,250" oya="1" hai0="129,47,70,48,125,30,106,98,12,43,119,93,14" hai1="90,27,3,114,31,133,85,37,97,102,25,55,82" hai2="86,110,115,50,127,75,52,24,20,18,83,41,1" hai3="39,74,13,80,134,15,53,108,112,76,130,60,96"/><U111/><E37/><V65/><F110/><W68/><G112/><T109/><D119/><U107/><E114/><V77/><F1/><W132/><G130/><T23/><D109/><U35/><E3/><V84/><F127/><W89/><G39/><T104/><D129/><U79/><E133/><N who="3" m="51306" /><G108/><T81/><D70/><U8/><E111/><V120/><F115/><W63/><G68/><T118/><D118/><U22/><E8/><V69/><F120/><W51/><G63/><T103/><D125/><U34/><E55/><V117/><F41/><W72/><G60/><T122/><D122/><U78/><REACH who="1" step="1"/><E34/><REACH who="1" ten="250,279,211,250" step="2"/><V87/><F117/><W6/><G72/><T36/><D36/><U121/><E121/><V49/><F65/><W16/><G74/><T131/><D131/><U62/><E62/><V10/><F69/><W21/><G53/><T40/><D43/><U54/><E54/><V9/><REACH who="2" step="1"/><F50/><REACH who="2" ten="250,279,201,250" step="2"/><W113/><G51/><T64/><D48/><U105/><E105/><V44/><AGARI ba="0,2" hai="9,10,18,20,24,44,49,52,75,77,83,84,86,87" machi="44" ten="30,7900,0" yaku="1,1,2,1,0,1,54,1,53,0" doraHai="2" doraHaiUra="123" who="2" fromWho="2" sc="250,-20,279,-39,201,99,250,-20" /><INIT seed="2,0,0,5,2,126" ten="230,240,300,230" oya="2" hai0="24,67,20,101,94,92,119,25,115,134,35,75,30" hai1="113,90,74,72,107,39,111,32,118,57,99,34,6" hai2="58,69,59,97,26,102,51,4,42,50,79,19,133" hai3="16,80,131,121,64,17,86,21,128,41,132,27,13"/><V5/><F133/><W29/><G121/><T66/><D75/><U135/><E39/><V108/><F69/><W36/><G64/><T45/><D134/><U76/><E118/><V7/><F79/><N who="3" m="46367" /><G132/><T11/><D119/><U93/><E113/><V98/><F108/><W47/><G13/><T84/><D115/><U18/><E111/><V122/><F122/><W53/><G53/><T37/><D11/><U110/><E110/><V43/><F26/><W117/><G117/><T44/><D94/><U63/><E6/><V120/><F19/><W23/><G23/><N who="0" m="15647" /><D37/><U106/><E135/><V49/><F102/><W10/><G10/><T65/><D35/><U3/><E3/><V28/><F28/><W95/><G95/><T55/><D55/><U52/><E18/><V103/><F103/><W8/><G8/><T116/><D116/><U129/><E129/><AGARI ba="0,0" hai="16,17,21,27,29,36,41,47,128,129,131" m="46367" machi="129" ten="30,8000,1" yaku="19,1,52,3,54,1" doraHai="126" who="3" fromWho="1" sc="230,0,240,-80,300,0,230,80" /><INIT seed="3,0,0,0,2,89" ten="230,160,300,310" oya="3" hai0="60,98,93,8,122,73,63,120,27,64,113,1,85" hai1="100,16,86,112,25,51,18,94,80,103,35,121,134" hai2="82,90,79,19,13,61,20,131,21,109,117,71,42" hai3="78,72,81,133,38,77,31,70,22,11,119,12,66"/><W124/><G119/><T45/><D73/><U30/><E121/><V0/><F109/><W91/><G78/><T62/><D113/><U15/><E112/><V97/><F131/><W114/><G114/><T32/><D64/><U104/><E134/><V47/><F0/><W128/><G38/><T43/><D85/><U67/><E104/><V125/><F125/><W17/><G133/><T127/><D127/><U88/><E67/><V34/><F34/><W23/><G124/><T99/><D98/><U118/><E118/><V107/><F61/><W33/><G33/><T2/><D2/><U106/><E106/><V4/><F71/><W84/><G31/><T126/><D126/><U49/><E18/><V83/><F4/><W111/><G128/><T87/><D87/><U26/><E26/><V56/><F56/><W130/><G130/><T46/><D46/><U57/><E80/><V95/><F83/><W96/><G111/><T58/><D58/><U75/><E75/><V6/><F6/><W48/><G48/><T52/><D8/><U135/><E135/><V102/><F117/><W68/><G70/><T41/><D1/><U5/><E5/><V14/><F107/><W132/><G132/><T105/><D105/><U101/><REACH who="1" step="1"/><E57/><REACH who="1" ten="230,150,300,310" step="2"/><V44/><F82/><W50/><G66/><T7/><D7/><U29/><E29/><V115/><F115/><W65/><G65/><T59/><D120/><U116/><E116/><V123/><F123/><W3/><G72/><T54/><D59/><U24/><E24/><V10/><F19/><W55/><G17/><T40/><D122/><RYUUKYOKU ba="0,1" sc="230,-10,150,30,300,-10,310,-10" hai1="15,16,25,30,35,49,51,86,88,94,100,101,103" owari="220,-18.0,180,-32.0,290,9.0,310,41.0" /></mjloggm>