<mjloggm ver="2.3"><GO type="169" lobby="0"/><UN n0="%68%61%79%61%74%6F%E2%98%86" n1="%79%6F%73%68%69%67%69" n2="%E3%82%A6%E3%83%AB%E3%83%88%E3%83%A9%E7%AB%8B%E7%9B%B4" n3="%42%69%67%75" dan="17,16,18,16" rate="2176.91,2110.79,2200.01,2120.30" sx="M,M,M,M"/><TAIKYOKU oya="0"/><INIT seed="0,0,0,5,2,112" ten="250,250,250,250" oya="0" hai0="56,18,24,126,46,73,42,64,134,99,81,25,45" hai1="5,59,133,107,48,68,100,124,106,117,74,43,23" hai2="77,135,105,41,10,4,96,57,47,128,39,125,86" hai3="7,0,113,15,31,63,54,49,72,14,53,51,97"/><T131/><D126/><U28/><E68/><V93/><F125/><W34/><G72/><T50/><D131/><U76/><E124/><V6/><F128/><W115/><G0/><T37/><D134/><U22/><E59/><V21/><F135/><W101/><G34/><T116/><D99/><U82/><E48/><V122/><F122/><W1/><G1/><T36/><D18/><U102/><E43/><V103/><F21/><W85/><G31/><T38/><D46/><U30/><E5/><V27/><F27/><W84/><G63/><T3/><D3/><U104/><E82/><V109/><F109/><W111/><G111/><T121/><D121/><U20/><E76/><V98/><F57/><W123/><G7/><T127/><D127/><U120/><E74/><V80/><F10/><W70/><G123/><T61/><REACH who="0" step="1"/><D116/><REACH who="0" ten="240,250,250,250" step="2"/><U79/><E120/><V92/><F105/><W26/><G97/><T16/><D16/><U13/><E133/><V32/><F6/><W2/><G2/><T65/><D65/><U60/><E117/><V110/><F4/><W17/><G17/><T12/><D12/><U44/><E13/><V29/><F110/><W19/><G19/><T89/><D89/><U119/><E44/><V130/><F130/><W33/><G101/><T62/><D62/><U129/><E102/><V75/><F96/><W71/><G26/><T108/><D108/><U35/><E100/><V55/><F98/><W91/><G91/><T94/><D94/><U67/><E119/><V78/><F103/><W40/><G40/><T69/><D69/><U8/><E106/><RYUUKYOKU ba="0,1" sc="240,15,250,-15,250,-15,250,15" hai0="24,25,36,37,38,42,45,50,56,61,64,73,81" hai3="14,15,33,49,51,53,54,70,71,84,85,113,115" /><INIT seed="0,1,1,5,0,100" ten="255,235,235,265" oya="0" hai0="42,7,2,112,133,74,73,128,85,14,24,109,3" hai1="44,124,45,46,135,33,25,0,56,20,69,47,126" hai2="27,82,31,111,91,104,115,23,41,81,88,43,10" hai3="57,93,49,125,86,129,30,53,51,97,66,26,17"/><T62/><D112/><U52/><E33/><V77/><F115/><W38/><G38/><T72/><D42/><U118/><E0/><V117/><F111/><W102/><G129/><T94/><D128/><U12/><E118/><V48/><F117/><W80/><G125/><N who="1" m="48234" /><E69/><V67/><F104/><W134/><G134/><T99/><D133/><U122/><E135/><V101/><F101/><W84/><G66/><T50/><D109/><U68/><E68/><V8/><F67/><W75/><G75/><T32/><D85/><U64/><E64/><V13/><F8/><W9/><G51/><T78/><D78/><U59/><E122/><V98/><F82/><W114/><G114/><T96/><D62/><U65/><E65/><V92/><F91/><W35/><G80/><T60/><D60/><U106/><E12/><V105/><F105/><W108/><G108/><T87/><D14/><U103/><N who="1" m="11264" /><DORA hai="1" /><U76/><E76/><V37/><F48/><W127/><G127/><T39/><D50/><U55/><E103/><V110/><F37/><W40/><G40/><T83/><D3/><U18/><E106/><V58/><F58/><AGARI ba="1,1" hai="18,20,25,52,55,56,58,59" m="11264,48234" machi="58" ten="50,3200,0" yaku="18,1,54,1" doraHai="100,1" who="1" fromWho="2" sc="255,0,235,45,235,-35,265,0" /><INIT seed="1,0,0,5,5,69" ten="255,280,200,265" oya="1" hai0="105,107,27,7,15,45,114,10,77,3,65,92,80" hai1="118,102,108,106,61,13,56,36,12,115,28,19,111" hai2="130,46,54,47,96,112,11,134,24,37,29,64,70" hai3="113,39,109,94,42,88,6,41,35,21,132,20,87"/><U53/><E118/><V73/><F73/><W40/><G35/><T58/><D114/><U17/><E115/><V8/><F112/><W98/><G113/><T97/><D45/><U125/><E28/><V9/><F130/><W66/><G109/><N who="1" m="42058" /><E125/><V133/><F96/><W123/><G123/><T131/><D131/><U14/><E102/><V75/><F75/><W101/><G132/><N who="2" m="50793" /><F54/><W16/><G6/><T34/><D3/><U129/><E106/><V86/><F86/><W110/><G110/><T33/><D34/><U119/><E119/><V95/><F95/><W91/><G66/><T81/><D27/><U90/><E129/><V104/><F104/><W49/><G21/><T51/><D33/><U67/><E90/><V78/><F78/><W62/><G62/><T79/><D105/><U50/><E36/><V93/><F37/><W5/><G5/><T100/><D107/><U128/><E128/><V60/><F93/><N who="3" m="54431" /><G39/><T48/><D77/><U31/><E31/><V18/><F18/><W116/><G116/><T68/><D68/><AGARI ba="0,0" hai="12,13,14,17,19,50,53,56,61,67,68" m="42058" machi="68" ten="30,2900,0" yaku="14,1,10,1" doraHai="69" who="1" fromWho="0" sc="255,-29,280,29,200,0,265,0" /><INIT seed="1,1,0,0,0,97" ten="226,309,200,265" oya="1" hai0="126,89,69,84,105,98,50,102,2,110,54,101,71" hai1="35,19,95,41,22,119,61,75,39,76,55,47,88" hai2="114,30,117,38,85,13,49,100,17,40,52,63,80" hai3="57,26,72,70,9,129,79,128,0,116,96,10,42"/><U28/><E119/><V67/><F117/><W20/><G116/><T93/><D2/><U6/><E6/><V31/><F114/><W1/><G70/><T87/><D126/><U78/><E75/><V94/><F40/><W135/><G42/><T113/><D113/><U18/><E35/><V59/><F38/><W134/><G79/><T45/><D110/><U29/><E19/><V118/><F118/><W8/><G57/><T46/><D87/><U24/><E78/><V120/><F120/><W131/><G96/><T92/><D105/><U124/><E76/><V21/><F80/><W37/><G37/><T132/><D132/><N who="3" m="50729" /><G72/><T104/><D104/><U127/><E127/><V12/><F12/><W86/><G86/><T33/><D33/><U130/><E124/><V82/><F82/><W108/><G108/><T32/><D32/><U133/><E130/><V60/><F60/><W53/><G53/><T56/><D69/><U122/><E122/><V112/><F112/><W62/><G62/><T65/><D71/><U107/><E107/><V81/><F81/><W58/><G58/><T23/><D65/><U64/><E133/><V123/><F123/><W111/><G111/><T77/><D77/><U91/><E91/><V4/><F85/><W5/><G5/><T44/><D23/><U90/><E90/><AGARI ba="1,0" hai="44,45,46,50,54,56,84,89,90,92,93,98,101,102" machi="90" ten="40,5200,0" yaku="8,1,52,2" doraHai="97" who="0" fromWho="1" sc="226,55,309,-55,200,0,265,0" /><INIT seed="2,0,0,3,2,118" ten="281,254,200,265" oya="2" hai0="8,37,16,1,129,62,15,65,3,9,68,115,39" hai1="44,88,101,18,14,10,69,77,48,67,59,122,94" hai2="55,119,52,92,40,49,120,66,133,60,124,70,130" hai3="127,116,23,79,99,45,63,76,53,108,95,112,21"/><V6/><F119/><W117/><G108/><T131/><D115/><U51/><E122/><V72/><F72/><W22/><G112/><T134/><D134/><U46/><E69/><V107/><F107/><W24/><G127/><T25/><D25/><U114/><E114/><V4/><F120/><W61/><G24/><T125/><D125/><U90/><E77/><V50/><F124/><W78/><G45/><T86/><D86/><U111/><E111/><V43/><F92/><W87/><G117/><T123/><D123/><U12/><E101/><V126/><F126/><W96/><G116/><T30/><D30/><U81/><E81/><V56/><F133/><W132/><G132/><T29/><D29/><U109/><E109/><V41/><REACH who="2" step="1"/><F130/><REACH who="2" ten="281,254,190,265" step="2"/><W32/><G95/><T47/><D129/><U11/><E94/><V135/><F135/><W100/><G100/><T38/><D131/><U106/><E106/><V27/><F27/><W28/><G87/><T17/><D1/><U42/><E67/><V64/><F64/><W82/><G82/><T93/><D93/><U98/><E98/><V105/><F105/><W7/><G99/><T34/><D3/><U2/><E2/><V26/><F26/><W85/><G96/><T19/><D34/><U36/><E36/><V84/><F84/><W74/><G85/><T54/><D15/><U103/><E103/><V71/><F71/><W83/><G32/><T110/><D110/><U57/><E42/><V31/><F31/><W89/><G28/><T0/><D0/><U33/><E33/><V58/><AGARI ba="0,1" hai="4,6,40,41,43,49,50,52,55,56,58,60,66,70" machi="58" ten="30,11700,0" yaku="1,1,0,1,9,1,54,1,53,0" doraHai="118" doraHaiUra="128" who="2" fromWho="2" sc="281,-39,254,-39,190,127,265,-39" /><INIT seed="2,1,0,3,3,34" ten="242,215,317,226" oya="2" hai0="92,118,17,79,2,133,113,11,10,120,44,131,87" hai1="59,112,77,35,58,14,99,75,62,134,66,127,8" hai2="9,16,57,74,114,123,52,124,46,37,119,94,132" hai3="45,108,7,31,26,36,4,88,111,48,0,90,82"/><V20/><F123/><W43/><G36/><T61/><D120/><U53/><E112/><V15/><F119/><W71/><G71/><T50/><D118/><U115/><E115/><V30/><F114/><W68/><G68/><T5/><D113/><U76/><E134/><V98/><F74/><W42/><G42/><T106/><D133/><U6/><E127/><V100/><F132/><W93/><G82/><T47/><D106/><U54/><E35/><V135/><F135/><W105/><G105/><T109/><D109/><N who="3" m="42057" /><G0/><T126/><D126/><U117/><E117/><V103/><F124/><W23/><G90/><T80/><D131/><U22/><E75/><V12/><F37/><W116/><G116/><T25/><D61/><U85/><E66/><V19/><F30/><W28/><G31/><T3/><D92/><U102/><E85/><AGARI ba="1,0" hai="4,7,23,26,28,43,45,48,85,88,93" m="42057" machi="85" ten="30,2000,0" yaku="14,1,54,1" doraHai="34" who="3" fromWho="1" sc="242,0,215,-23,317,0,226,23" /><INIT seed="3,0,0,5,3,17" ten="242,192,317,249" oya="3" hai0="78,9,66,120,34,76,101,13,84,29,58,14,42" hai1="73,132,124,81,62,92,129,50,106,48,11,85,2" hai2="59,43,111,35,23,61,45,95,97,3,86,18,30" hai3="21,103,118,64,26,114,19,65,5,54,25,40,83"/><W49/><G118/><T0/><D120/><U38/><E106/><V104/><F3/><W12/><G114/><T27/><D101/><U91/><E38/><V37/><F111/><W57/><G103/><T15/><D42/><U67/><E124/><V123/><F86/><W100/><G100/><T8/><D0/><U109/><E109/><V33/><F30/><W108/><G108/><T116/><D116/><U55/><E129/><V70/><F70/><W79/><G40/><T98/><D98/><U110/><E132/><V102/><F104/><W125/><G125/><T51/><D84/><U135/><E135/><V94/><F94/><W56/><G56/><T113/><D113/><U63/><E110/><V7/><F7/><W87/><G5/><T107/><D107/><U133/><E133/><V72/><F72/><W6/><G6/><T80/><D80/><U119/><E119/><V117/><F117/><W20/><G12/><T88/><D88/><U112/><E112/><V82/><F82/><W32/><G32/><T36/><D36/><U99/><E73/><V60/><F123/><W96/><G96/><T68/><D68/><U46/><E48/><V22/><F60/><W16/><AGARI ba="0,0" hai="16,19,20,21,25,26,49,54,57,64,65,79,83,87" machi="16" ten="20,18000,2" yaku="0,1,7,1,9,1,8,1,52,2,54,1" doraHai="17" who="3" fromWho="3" sc="242,-60,192,-60,317,-60,249,180" /><INIT seed="3,1,0,0,5,98" ten="182,132,257,429" oya="3" hai0="77,80,108,121,45,69,76,34,119,114,44,4,64" hai1="122,36,12,56,66,38,8,94,106,112,10,9,73" hai2="51,67,55,58,81,13,87,91,5,19,41,102,1" hai3="85,14,100,92,110,131,88,68,60,62,93,17,105"/><W117/><G117/><T116/><D34/><U79/><E122/><V54/><F102/><W72/><G72/><T89/><D4/><U37/><E106/><V63/><F1/><W103/><G105/><T113/><D89/><U115/><E12/><V61/><F5/><W28/><G131/><T71/><D80/><U26/><E26/><V16/><F41/><W83/><G28/><T90/><D90/><U107/><E107/><V27/><F27/><W11/><G110/><T32/><D32/><U22/><E22/><V75/><F75/><W57/><G68/><N who="0" m="26187" /><D64/><U7/><E7/><V52/><F63/><N who="3" m="24107" /><G57/><T118/><D76/><U35/><E35/><V6/><F51/><W129/><G129/><T125/><D77/><U31/><E31/><V132/><F132/><W104/><G104/><T65/><D65/><U3/><E66/><V134/><F134/><W18/><G18/><T40/><D121/><U111/><E56/><V33/><F33/><W133/><G133/><T123/><D123/><U46/><E111/><V47/><F47/><N who="0" m="17994" /><D108/><U23/><E3/><V2/><F2/><W24/><G24/><T43/><D125/><U20/><E79/><V128/><F128/><W25/><G25/><T86/><D86/><U127/><E73/><V82/><F82/><W130/><G130/><T0/><D0/><U15/><E127/><V95/><F81/><W109/><G109/><T78/><D78/><U84/><E84/><V39/><F39/><W48/><G48/><T120/><D120/><U99/><E37/><V124/><F124/><W96/><G83/><T101/><D101/><AGARI ba="1,0" hai="11,14,17,85,88,92,93,96,100,101,103" m="24107" machi="101" ten="30,18000,2" yaku="6,1,8,1,52,3,54,1" doraHai="98" who="3" fromWho="0" sc="182,-183,132,0,257,0,429,183" owari="-1,-50.0,132,-27.0,257,6.0,612,71.0" /></mjloggm>