<mjloggm ver="2.3"><GO type="97" lobby="0"/><UN n0="%75%6F%6B%6B%61%34%39%34" n1="%E6%93%8D%E4%BD%9C%E7%B3%BB%E2%99%AA" n2="%E5%B0%B1%E6%B4%BB%E7%94%9F%40%E5%B7%9D%E6%9D%91%E8%BB%8D%E5%9B%A3" n3="%6B%6B%6B%31%34%31%32%68" dan="15,14,15,13" rate="2022.03,1968.97,1949.48,1914.13" sx="M,M,M,M"/><TAIKYOKU oya="0"/><INIT seed="0,0,0,5,1,61" ten="250,250,250,250" oya="0" hai0="94,127,86,49,21,11,130,103,15,112,28,7,75" hai1="39,19,99,5,33,42,64,4,108,27,102,40,8" hai2="51,23,53,121,35,128,66,113,46,67,12,9,24" hai3="78,89,114,85,126,125,97,120,30,93,6,124,41"/><T119/><D119/><U48/><E108/><V57/><F35/><W45/><G30/><T60/><D112/><U14/><E39/><V65/><F121/><W88/><G6/><T131/><D75/><U110/><E110/><V13/><F113/><W71/><G71/><T70/><D127/><U109/><E109/><V25/><F128/><W34/><G34/><T20/><D49/><U26/><E26/><N who="2" m="10347" /><F23/><W69/><G69/><T116/><D116/><U96/><E96/><V90/><F90/><W80/><G45/><T107/><D107/><U1/><E4/><N who="2" m="3111" /><F13/><W37/><G41/><T62/><D28/><U54/><E27/><V2/><F2/><W100/><G37/><T122/><D122/><U74/><E74/><V44/><AGARI ba="0,0" hai="44,46,51,53,57,65,66,67" m="3111,10347" machi="44" ten="30,7900,0" yaku="8,1,52,3" doraHai="61" who="2" fromWho="2" sc="250,-39,250,-20,250,79,250,-20" /><INIT seed="1,0,0,1,0,56" ten="211,230,329,230" oya="1" hai0="134,121,60,97,124,106,34,21,126,18,65,109,118" hai1="103,16,8,2,19,131,122,72,132,83,92,10,15" hai2="76,127,96,104,12,78,77,107,33,120,89,117,57" hai3="52,105,6,73,49,93,130,0,41,91,100,20,112"/><U25/><E122/><V54/><F33/><W53/><G73/><T46/><D34/><U5/><E132/><V67/><F120/><W99/><G112/><T4/><D121/><U70/><E70/><V23/><F117/><W48/><G0/><T95/><D118/><U43/><E131/><V40/><F40/><W74/><G74/><T31/><D106/><U37/><E37/><V129/><F67/><W79/><G79/><T108/><D31/><U47/><E72/><V123/><F127/><W113/><G113/><T7/><D46/><U30/><E83/><V133/><F123/><W101/><G101/><N who="0" m="60607" /><D134/><U64/><E64/><V111/><F111/><N who="0" m="42570" /><D18/><U58/><E58/><V63/><F133/><W9/><G130/><T38/><D21/><U35/><E19/><V115/><F115/><W11/><G6/><N who="0" m="2091" /><D38/><U69/><E69/><AGARI ba="0,0" hai="60,65,69,124,126" m="2091,42570,60607" machi="69" ten="30,2000,0" yaku="14,1,52,1" doraHai="56" who="0" fromWho="1" sc="211,20,230,-20,329,0,230,0" /><INIT seed="2,0,0,5,3,32" ten="231,210,329,230" oya="2" hai0="7,64,111,134,5,72,2,18,45,41,8,129,90" hai1="20,49,17,80,38,12,86,55,56,96,14,10,30" hai2="15,75,106,42,120,60,0,109,94,24,35,46,58" hai3="119,77,115,39,124,83,78,70,6,108,95,81,76"/><V116/><F106/><W57/><G39/><T101/><D72/><U87/><E38/><V73/><F0/><W103/><G70/><T84/><D101/><U31/><E96/><V3/><F3/><W50/><G6/><T27/><D5/><U43/><E43/><V53/><F116/><W29/><G29/><T71/><D129/><U113/><E113/><V37/><F120/><W107/><G107/><T131/><D131/><U128/><E128/><V127/><F127/><W65/><G124/><T19/><D134/><U117/><E117/><V100/><F109/><W1/><G1/><T97/><D97/><U22/><E22/><V126/><F126/><W69/><G69/><T26/><D111/><U132/><E132/><V89/><F100/><W118/><G115/><T68/><D68/><U33/><E33/><V93/><F93/><W62/><G108/><T135/><D135/><U28/><REACH who="1" step="1"/><E80/><REACH who="1" ten="231,200,329,230" step="2"/><V112/><F112/><W88/><G119/><T98/><D98/><U4/><AGARI ba="0,1" hai="4,10,12,14,17,20,28,30,31,49,55,56,86,87" machi="4" ten="30,7900,0" yaku="1,1,2,1,0,1,8,1,53,0" doraHai="32" doraHaiUra="36" who="1" fromWho="1" sc="231,-20,200,89,329,-39,230,-20" /><INIT seed="3,0,0,0,3,81" ten="211,289,290,210" oya="3" hai0="29,132,0,96,110,92,123,105,71,134,55,76,17" hai1="77,93,107,65,45,10,126,99,44,63,32,125,100" hai2="14,56,38,70,11,130,104,90,8,89,87,16,83" hai3="1,88,86,64,46,116,78,35,103,109,49,61,22"/><W113/><G35/><T129/><D71/><N who="1" m="42431" /><E32/><V5/><F70/><W95/><G1/><T54/><D0/><U79/><E10/><V133/><F104/><W43/><G116/><T50/><D105/><U75/><E75/><V101/><F38/><W59/><G113/><T30/><D123/><U6/><E6/><V47/><F101/><W27/><G109/><T42/><D110/><U91/><E45/><V135/><F130/><W67/><G103/><T111/><D111/><U117/><E44/><V25/><F47/><W118/><G118/><T48/><D129/><U31/><E31/><V60/><F89/><W119/><G119/><T21/><D76/><U122/><E122/><V131/><F131/><W41/><G78/><T114/><D114/><U2/><E2/><V124/><F124/><N who="1" m="47721" /><E117/><V68/><F68/><W20/><G20/><T26/><D42/><U36/><E36/><V72/><F72/><W33/><G33/><T85/><D30/><U34/><E34/><V13/><REACH who="2" step="1"/><F25/><REACH who="2" ten="211,289,280,210" step="2"/><W82/><G43/><T98/><D26/><U97/><AGARI ba="0,1" hai="77,79,91,93,97,99,100,107" m="47721,42431" machi="97" ten="30,1100,0" yaku="18,1" doraHai="81" who="1" fromWho="1" sc="211,-3,289,21,280,-3,210,-5" owari="208,-19.0,310,40.0,277,8.0,205,-29.0" /></mjloggm>