<mjloggm ver="2.3"><GO type="169" lobby="0"/><UN n0="%E7%A5%9E%E6%AD%A6%E3%83%A9%E3%83%92%E3%83%8A%E3%83%BC" n1="%E3%80%93%E9%B3%A9%E9%BA%A6%E7%8E%84%E7%B1%B3%E3%80%93" n2="%E3%82%A6%E3%83%AB%E3%83%88%E3%83%A9%E7%AB%8B%E7%9B%B4" n3="%6E%65%6F%40%75%6E%69" dan="16,17,17,18" rate="2068.78,2208.41,2141.02,2234.46" sx="M,M,M,M"/><TAIKYOKU oya="0"/><INIT seed="0,0,0,2,3,94" ten="250,250,250,250" oya="0" hai0="49,105,21,0,53,7,48,101,41,120,12,130,80" hai1="47,74,44,77,124,75,104,8,132,52,135,131,50" hai2="59,13,6,28,39,43,117,57,67,111,134,62,4" hai3="1,123,115,34,2,5,36,42,55,23,51,97,108"/><T119/><D120/><U125/><E104/><V114/><F114/><W102/><G34/><T15/><D119/><U106/><E106/><V56/><F111/><W14/><G108/><T100/><D130/><U71/><E71/><V65/><F117/><W18/><G115/><T64/><D64/><U16/><E77/><V54/><F134/><N who="1" m="51241" /><E47/><N who="2" m="24063" /><F13/><W83/><G5/><T3/><D80/><U27/><E131/><V133/><F28/><W45/><G83/><T9/><D41/><U26/><E26/><V63/><F4/><W17/><G17/><T81/><D81/><U121/><E121/><V129/><F6/><W103/><G103/><T25/><D0/><U73/><E8/><V128/><F133/><W89/><G89/><T79/><D79/><U87/><E87/><V30/><F30/><W61/><G61/><AGARI ba="0,0" hai="54,56,57,59,61,62,63,65,67,128,129" m="24063" machi="61" ten="30,2000,0" yaku="34,2" doraHai="94" who="2" fromWho="3" sc="250,0,250,0,250,20,250,-20" /><INIT seed="1,0,0,1,4,49" ten="250,250,270,230" oya="1" hai0="83,121,78,22,124,85,58,84,126,129,19,93,82" hai1="79,95,0,119,73,25,117,115,15,81,29,32,40" hai2="12,9,96,108,110,116,135,33,103,52,61,94,97" hai3="13,134,106,43,89,70,21,24,131,35,101,102,75"/><U109/><E115/><V51/><F33/><W34/><G70/><T2/><D2/><U55/><E0/><V125/><F116/><W18/><G75/><T118/><D121/><U128/><E128/><V91/><F61/><W92/><G134/><T104/><D104/><U88/><E40/><V16/><F125/><N who="0" m="48234" /><D118/><U69/><E69/><V71/><F71/><W38/><G131/><T4/><D4/><U37/><E37/><V114/><F135/><W50/><G38/><T65/><D129/><U72/><E72/><V64/><F64/><W23/><G106/><T77/><D93/><U122/><E122/><V6/><F6/><W54/><G43/><T62/><D19/><U36/><E36/><V105/><REACH who="2" step="1"/><F114/><REACH who="2" ten="250,250,260,230" step="2"/><W123/><G35/><T17/><D65/><U133/><E133/><V10/><F10/><W66/><G66/><T130/><D62/><U48/><E109/><V132/><F132/><W20/><G34/><T7/><D130/><U67/><E67/><V41/><F41/><W90/><G123/><T30/><D7/><U46/><REACH who="1" step="1"/><E15/><REACH who="1" ten="250,240,260,230" step="2"/><V76/><F76/><W100/><G13/><T44/><D77/><U63/><E63/><V56/><AGARI ba="0,2" hai="9,12,16,51,52,56,91,94,96,97,103,105,108,110" machi="56" ten="30,8000,1" yaku="1,1,0,1,52,1,54,2,53,0" doraHai="49" doraHaiUra="42" who="2" fromWho="2" sc="250,-20,240,-40,260,100,230,-20" /><INIT seed="2,0,0,2,1,16" ten="230,200,360,210" oya="2" hai0="90,125,3,63,43,11,4,36,85,10,12,47,135" hai1="20,107,86,101,8,124,123,105,46,62,96,14,115" hai2="110,74,72,108,7,87,93,71,97,75,31,52,78" hai3="27,39,92,60,24,130,127,83,40,129,56,73,88"/><V21/><F71/><W82/><G127/><T25/><D135/><U26/><E115/><V69/><F69/><W64/><G40/><T66/><D125/><U59/><E124/><V51/><F7/><W67/><G39/><T111/><D111/><N who="2" m="42538" /><F87/><W118/><G64/><T53/><D25/><N who="3" m="9801" /><G73/><T91/><D53/><U57/><E86/><V80/><F31/><W48/><G48/><T61/><D66/><U79/><E79/><V38/><F21/><W95/><G95/><T106/><D106/><U19/><E123/><V117/><F38/><W44/><G44/><T128/><D128/><N who="3" m="49257" /><G118/><T34/><D34/><U1/><E46/><N who="2" m="27767" /><F117/><W104/><G104/><T98/><D98/><AGARI ba="0,0" hai="56,60,67,82,83,88,92,98" m="49257,9801" machi="98" ten="30,2000,0" yaku="19,1,54,1" doraHai="16" who="3" fromWho="0" sc="230,-20,200,0,360,0,210,20" /><INIT seed="3,0,0,3,2,121" ten="210,200,360,230" oya="3" hai0="93,95,25,21,18,99,128,104,111,41,123,80,24" hai1="4,29,117,122,45,97,116,14,36,39,72,40,118" hai2="51,108,52,62,119,46,58,16,50,74,69,37,76" hai3="129,2,60,94,64,101,31,96,134,98,68,26,124"/><W11/><G124/><T33/><D123/><U113/><E122/><V86/><F74/><W71/><G129/><T107/><D128/><U9/><E113/><V91/><F119/><W114/><G134/><T23/><D33/><U8/><E72/><V3/><F3/><W110/><G114/><T65/><D41/><U126/><E126/><V103/><F76/><W48/><G110/><T61/><D80/><U120/><E120/><V1/><F1/><W70/><G48/><T27/><D111/><U54/><E29/><V75/><F75/><W112/><G112/><T84/><D84/><U17/><E54/><V43/><F108/><W88/><G11/><T82/><D82/><U55/><E55/><V30/><F30/><W102/><G2/><T105/><D27/><U85/><E97/><V83/><F103/><W78/><G78/><T57/><REACH who="0" step="1"/><D99/><REACH who="0" ten="200,200,360,230" step="2"/><U53/><E85/><V115/><F115/><W135/><G135/><T67/><D67/><U49/><E40/><V106/><F86/><W109/><G109/><T35/><D35/><U20/><E9/><V6/><F83/><W59/><REACH who="3" step="1"/><G98/><REACH who="3" ten="200,200,360,220" step="2"/><T34/><D34/><AGARI ba="0,2" hai="26,31,34,59,60,64,68,70,71,88,94,96,101,102" machi="34" ten="40,7700,0" yaku="1,1,2,1,54,1,53,0" doraHai="121" doraHaiUra="44" who="3" fromWho="0" sc="200,-77,200,0,360,0,220,97" /><INIT seed="3,1,0,2,5,104" ten="123,200,360,317" oya="3" hai0="74,39,8,56,52,112,5,134,76,102,101,62,43" hai1="23,16,6,24,26,109,25,66,51,129,1,12,91" hai2="95,111,126,67,114,45,53,57,124,122,106,71,79" hai3="115,0,32,85,73,86,2,90,120,48,21,72,68"/><W69/><G48/><T35/><D35/><U94/><E66/><V42/><F106/><W10/><G32/><T96/><D134/><U7/><E109/><V77/><F114/><W22/><G90/><T70/><D70/><U19/><E1/><V36/><F95/><W20/><G10/><T123/><D123/><U80/><E80/><V37/><F111/><W97/><G97/><T65/><D112/><U17/><E129/><V14/><F14/><W130/><G115/><T118/><D65/><U27/><E51/><N who="2" m="30911" /><F122/><W117/><G120/><T28/><D28/><N who="1" m="17439" /><E94/><V113/><F113/><W98/><G98/><T103/><D118/><U87/><E87/><N who="3" m="33290" /><G117/><T133/><D133/><U119/><E91/><V131/><F37/><W81/><G81/><N who="0" m="45207" /><D96/><U54/><E54/><V116/><F116/><W127/><G130/><T89/><D89/><U13/><E119/><V31/><F131/><W41/><G41/><T83/><D83/><U128/><E128/><V9/><F9/><W50/><G50/><T93/><D93/><U38/><E38/><V59/><F79/><W34/><G34/><T108/><D108/><U63/><E63/><N who="2" m="38399" /><F77/><W29/><G29/><T15/><D103/><U46/><E46/><V49/><F31/><W4/><G4/><AGARI ba="1,0" hai="4,6,7,12,13,16,17,19,25,26,27" m="17439" machi="4" ten="30,12000,2" yaku="8,1,35,5,54,1" doraHai="104" who="1" fromWho="3" sc="123,0,200,123,360,0,317,-123" /><INIT seed="4,0,0,2,3,14" ten="123,323,360,194" oya="0" hai0="107,10,21,123,125,9,93,80,119,122,85,113,35" hai1="101,98,105,23,28,66,42,79,30,78,109,88,0" hai2="103,8,64,104,116,75,43,97,18,100,65,86,33" hai3="41,45,111,81,6,134,4,108,115,96,102,22,129"/><T27/><D119/><U59/><E0/><V118/><F75/><W73/><G129/><T128/><D107/><U58/><E109/><V94/><F33/><W60/><G134/><T55/><D35/><U132/><E132/><V133/><F43/><W49/><G115/><T11/><D128/><U48/><E30/><V37/><F37/><W84/><G73/><T99/><D113/><U74/><E74/><V72/><F72/><W3/><G22/><T29/><D55/><U47/><E28/><V124/><F124/><W46/><G60/><T120/><D125/><U17/><E88/><N who="2" m="53527" /><F103/><W53/><G3/><T24/><D24/><U15/><REACH who="1" step="1"/><E66/><REACH who="1" ten="123,313,360,194" step="2"/><V131/><F133/><W82/><G111/><T2/><D2/><U12/><E12/><N who="2" m="7431" /><F131/><W61/><G108/><T13/><D13/><U54/><E54/><V62/><F65/><W1/><G1/><T110/><D110/><U26/><E26/><V117/><F64/><W56/><G82/><T106/><D122/><U135/><E135/><V126/><F126/><W89/><REACH who="3" step="1"/><G46/><REACH who="3" ten="123,313,360,184" step="2"/><T63/><D120/><U71/><E71/><V87/><F62/><W121/><G121/><T40/><D63/><U16/><E16/><V44/><F44/><W51/><G51/><T52/><D123/><U20/><E20/><V69/><F69/><W130/><G130/><T67/><D67/><U50/><E50/><V91/><F118/><W76/><G76/><AGARI ba="0,2" hai="15,17,23,42,47,48,58,59,76,78,79,98,101,105" machi="76" ten="40,2600,0" yaku="1,1,52,1,53,0" doraHai="14" doraHaiUra="112" who="1" fromWho="3" sc="123,0,313,46,360,0,184,-26" /><INIT seed="5,0,0,2,1,87" ten="123,359,360,158" oya="1" hai0="15,63,83,47,41,16,135,38,124,94,118,73,43" hai1="81,112,65,64,125,18,102,60,70,14,50,71,123" hai2="117,68,6,27,130,46,103,5,24,0,113,120,96" hai3="84,131,54,1,126,25,59,129,82,76,23,74,110"/><U45/><E123/><V55/><F120/><W33/><G110/><T67/><D118/><U51/><E112/><V56/><F68/><W78/><G1/><T122/><D122/><U119/><E119/><V30/><F117/><W11/><G11/><T105/><D105/><U86/><E102/><V89/><F113/><W97/><G97/><T100/><D124/><U34/><E34/><V133/><F133/><W17/><G33/><T75/><D43/><U57/><E125/><V29/><F46/><W101/><G101/><T2/><D2/><U62/><E57/><V20/><F0/><W36/><G36/><T72/><D135/><U3/><E45/><V10/><F10/><W13/><G25/><T49/><D94/><U92/><E92/><N who="2" m="56335" /><F103/><W35/><G35/><T132/><D100/><U8/><REACH who="1" step="1"/><E3/><REACH who="1" ten="123,349,360,158" step="2"/><V128/><F56/><W91/><G126/><T80/><D132/><U19/><E19/><V109/><F109/><W9/><G9/><T44/><D47/><U21/><E21/><N who="2" m="15503" /><F55/><W104/><G104/><T93/><D44/><U40/><E40/><V121/><F121/><W12/><G12/><T31/><D41/><U90/><AGARI ba="0,1" hai="8,14,18,50,51,60,62,64,65,70,71,81,86,90" machi="90" ten="20,18000,2" yaku="1,1,0,1,7,1,9,1,52,1,53,2" doraHai="87" doraHaiUra="58" who="1" fromWho="1" sc="123,-60,349,190,360,-60,158,-60" /><INIT seed="5,1,0,1,4,1" ten="63,539,300,98" oya="1" hai0="88,92,110,12,133,51,130,19,37,26,105,108,128" hai1="55,119,113,46,126,114,118,111,93,90,36,2,18" hai2="117,86,6,74,101,97,21,77,13,132,115,4,59" hai3="67,10,99,94,120,64,73,98,80,50,44,53,60"/><U76/><E2/><V14/><F74/><W41/><G120/><T22/><D37/><U28/><E28/><V71/><F117/><W65/><G73/><T72/><D105/><U66/><E18/><V47/><F71/><W16/><G80/><T43/><D72/><U24/><E24/><V82/><F132/><W62/><G41/><T23/><D133/><U20/><E20/><V48/><F59/><W52/><G53/><T100/><D100/><U39/><E76/><V61/><F61/><N who="3" m="23659" /><G94/><T84/><D43/><N who="1" m="22887" /><E93/><N who="2" m="58543" /><F115/><N who="1" m="44041" /><E66/><V89/><F77/><W9/><G9/><T63/><D63/><U38/><E111/><V91/><F91/><W127/><G127/><T75/><D75/><U11/><E11/><V33/><F33/><W102/><G102/><T17/><REACH who="0" step="1"/><D51/><REACH who="0" ten="53,539,300,98" step="2"/><U78/><E39/><V15/><F21/><W49/><G50/><T122/><D122/><U134/><E134/><V8/><F8/><W83/><G83/><T40/><D40/><AGARI ba="1,1" hai="4,6,13,14,15,40,47,48,82,86,89" m="58543" machi="40" ten="30,3900,0" yaku="8,1,52,2" doraHai="1" who="2" fromWho="0" sc="53,-42,539,0,300,52,98,0" /><INIT seed="6,0,0,1,4,85" ten="11,539,352,98" oya="2" hai0="20,23,111,33,29,60,73,77,127,34,84,66,62" hai1="58,52,130,41,76,12,120,97,61,118,78,28,19" hai2="59,99,38,40,104,32,88,0,79,119,131,123,113" hai3="80,71,98,30,92,87,81,26,135,86,17,68,133"/><V4/><F123/><W100/><G17/><T110/><D73/><U44/><E118/><V9/><F119/><W102/><G102/><T56/><D127/><U49/><E130/><V47/><F131/><W74/><G74/><T13/><D13/><U75/><E75/><V6/><F113/><W31/><G68/><T70/><D77/><U117/><E117/><V25/><F6/><W107/><G71/><T54/><D111/><U65/><E28/><V116/><F116/><W42/><G42/><T48/><D110/><U10/><E120/><V22/><F59/><W7/><G7/><T132/><D132/><N who="3" m="50761" /><G107/><T35/><D62/><U51/><E97/><V114/><F114/><W43/><G43/><T121/><D121/><U89/><E89/><V3/><F3/><W134/><G134/><T46/><D29/><U82/><E82/><N who="3" m="31850" /><G31/><T122/><D122/><U53/><E41/><V55/><F79/><W109/><G109/><T129/><D129/><U37/><E37/><V128/><F128/><W106/><G106/><T16/><D84/><U72/><E72/><V63/><F104/><W83/><G83/><T39/><REACH who="0" step="1"/><D16/><REACH who="0" ten="1,539,352,98" step="2"/><U124/><E124/><V93/><F32/><AGARI ba="0,1" hai="26,30,32,86,87,92,98,100" m="31850,50761" machi="32" ten="30,1000,0" yaku="20,1" doraHai="85" who="3" fromWho="2" sc="1,0,539,0,352,-10,98,20" /><INIT seed="7,0,0,2,0,22" ten="1,539,342,118" oya="3" hai0="45,114,34,112,126,99,40,53,96,100,43,85,68" hai1="19,87,127,64,31,89,10,134,101,104,122,77,2" hai2="47,123,92,119,1,83,20,73,94,117,93,30,74" hai3="135,106,38,29,59,81,65,44,4,113,124,121,84"/><W13/><G106/><T108/><D68/><U3/><E77/><V33/><F20/><W36/><G29/><T128/><D108/><U56/><E134/><V49/><F49/><W98/><G98/><T60/><D126/><U76/><E76/><V91/><F47/><W97/><G59/><T133/><D85/><U132/><E132/><V32/><F1/><W75/><G65/><T67/><D133/><U6/><E19/><V103/><F30/><W24/><G13/><T131/><D67/><U23/><E122/><V52/><F52/><W105/><G44/><T39/><D43/><U69/><E56/><V115/><F115/><N who="0" m="44074" /><D53/><U14/><E127/><V8/><F8/><W61/><G84/><T35/><D60/><U7/><E10/><V5/><F123/><W54/><G121/><T102/><D102/><U111/><E101/><V63/><F103/><W82/><G54/><T51/><D51/><U107/><E64/><V120/><F120/><W50/><G61/><T118/><D118/><U55/><E55/><V116/><F63/><W41/><G50/><T78/><D78/><U66/><E66/><V17/><F17/><W129/><G41/><T46/><D46/><U18/><E31/><V109/><F109/><W58/><G124/><T80/><D80/><U42/><E111/><V62/><F62/><W48/><G82/><T9/><D9/><U110/><E110/><V71/><F83/><W12/><G81/><T28/><D96/><U95/><E42/><V37/><F91/><W130/><G135/><T57/><D57/><U11/><E69/><V70/><F71/><RYUUKYOKU ba="0,0" sc="1,-10,539,30,342,-10,118,-10" hai1="2,3,6,7,11,14,18,23,87,89,95,104,107" owari="-9,-51.0,569,67.0,332,13.0,108,-29.0" /></mjloggm>