<mjloggm ver="2.3"><GO type="97" lobby="0"/><UN n0="%63%68%6F%E3%81%95%E3%82%93" n1="%57%65%62%63%6F%6D" n2="%E3%82%8C%E3%81%B0%E3%81%B6%E3%81%A4" n3="%E5%B0%B1%E6%B4%BB%E7%94%9F%40%E5%B7%9D%E6%9D%91%E8%BB%8D%E5%9B%A3" dan="14,14,14,15" rate="1882.82,1905.65,1956.51,2026.00" sx="M,M,M,M"/><TAIKYOKU oya="0"/><INIT seed="0,0,0,5,0,99" ten="250,250,250,250" oya="0" hai0="40,58,123,29,73,21,83,115,24,93,103,54,116" hai1="50,84,89,88,15,13,79,77,32,112,38,31,48" hai2="107,7,135,96,105,117,2,36,71,104,125,4,23" hai3="12,57,33,76,26,1,129,0,3,63,14,101,19"/><T94/><D123/><U78/><E38/><V134/><F71/><W18/><G76/><T92/><D116/><U9/><E112/><V124/><F36/><W42/><G42/><T131/><D115/><U113/><E32/><V56/><F117/><W67/><G129/><T28/><D131/><U133/><E31/><V51/><F23/><W74/><G74/><T128/><D128/><U91/><E133/><N who="2" m="50699" /><F96/><W81/><G81/><T109/><D109/><U62/><E62/><V130/><F130/><W47/><G47/><T53/><D40/><U6/><E113/><V46/><F56/><W55/><G101/><T126/><D126/><N who="2" m="48746" /><F2/><W10/><G26/><T27/><D73/><U43/><E43/><AGARI ba="0,0" hai="4,7,43,46,51,104,105,107" m="48746,50699" machi="43" ten="40,2600,0" yaku="20,1,18,1" doraHai="99" who="2" fromWho="1" sc="250,0,250,-26,250,26,250,0" /><INIT seed="1,0,0,3,2,44" ten="250,224,276,250" oya="1" hai0="115,95,119,2,106,29,93,74,37,84,81,73,22" hai1="124,132,30,59,34,114,21,6,100,101,20,103,28" hai2="1,113,8,112,66,121,89,102,45,125,48,46,116" hai3="61,4,82,76,97,108,69,64,14,91,3,99,25"/><U35/><E114/><N who="2" m="44139" /><F116/><W17/><G108/><T85/><D119/><U24/><E6/><N who="2" m="1103" /><F121/><W53/><G25/><T40/><D115/><U58/><E124/><V10/><F125/><W36/><G36/><T94/><D106/><U47/><E47/><V80/><F102/><W71/><G71/><T13/><D2/><U52/><E132/><V118/><F118/><W78/><G78/><T109/><D37/><U63/><E59/><V105/><F105/><W27/><G27/><AGARI ba="0,0" hai="20,21,24,27,28,30,34,35,52,58,63,100,101,103" machi="27" ten="40,3900,0" yaku="9,1,54,1" doraHai="44" who="1" fromWho="3" sc="250,0,224,39,276,0,250,-39" /><INIT seed="1,1,0,5,0,112" ten="250,263,276,211" oya="1" hai0="92,20,76,98,54,26,96,2,69,33,132,108,68" hai1="60,55,6,47,25,13,38,67,63,31,83,113,27" hai2="87,77,70,89,103,109,1,34,94,115,119,131,8" hai3="134,121,104,80,58,53,15,14,41,64,7,11,23"/><U19/><E113/><V49/><F70/><W71/><G121/><T17/><D2/><U116/><E116/><V32/><F115/><W43/><G104/><T4/><D4/><U42/><E6/><V51/><F119/><W36/><G36/><T102/><D108/><U110/><E110/><V39/><F39/><W56/><G71/><T114/><D114/><U120/><E120/><V117/><F117/><W40/><G134/><T22/><D33/><U130/><E130/><V3/><F109/><W35/><G35/><T124/><D132/><U82/><E55/><V44/><F34/><W66/><G80/><T122/><D124/><U21/><E27/><V62/><F32/><W100/><G100/><T123/><D76/><U125/><E63/><V135/><F135/><W129/><G129/><T16/><D54/><U0/><E0/><V97/><F131/><W24/><G15/><T78/><D78/><U99/><E99/><V12/><F77/><W111/><G111/><T81/><D81/><U128/><E125/><V59/><F3/><W61/><REACH who="3" step="1"/><G58/><REACH who="3" ten="250,263,276,201" step="2"/><T29/><D102/><U79/><E128/><V101/><F1/><W73/><G73/><T85/><D122/><U84/><E79/><V30/><F103/><W133/><G133/><T52/><D123/><U106/><E106/><V46/><F101/><W65/><G65/><T88/><D69/><U28/><E83/><V95/><F59/><W9/><G9/><T75/><D68/><U90/><E13/><V107/><F12/><W50/><G50/><T37/><D37/><U127/><E127/><V18/><F51/><RYUUKYOKU ba="1,1" sc="250,-15,263,15,276,-15,201,15" hai1="19,21,25,28,31,38,42,47,60,67,82,84,90" hai3="7,11,14,23,24,40,41,43,53,56,61,64,66" /><INIT seed="1,2,1,4,3,135" ten="235,278,261,216" oya="1" hai0="69,114,127,106,86,58,113,36,121,123,92,84,104" hai1="129,17,66,131,108,132,81,25,14,10,128,134,6" hai2="23,83,97,62,13,35,98,51,105,115,53,56,107" hai3="3,0,133,24,91,59,67,71,47,50,68,100,1"/><U44/><E66/><V126/><F35/><W49/><G133/><N who="1" m="51306" /><E81/><V37/><F37/><W72/><G72/><T102/><D69/><U74/><E74/><V16/><F115/><N who="0" m="44042" /><D58/><U124/><E44/><V116/><F116/><W125/><G125/><T28/><D36/><U32/><E108/><V110/><F110/><W48/><G100/><T70/><D28/><N who="1" m="19471" /><E6/><V99/><F126/><AGARI ba="2,1" hai="10,14,17,124,126,128,129,131" m="19471,51306" machi="126" ten="40,24000,3" yaku="30,2,19,1,20,1,34,2,52,2" doraHai="135" who="1" fromWho="2" sc="235,0,278,256,261,-246,216,0" /><INIT seed="1,3,0,0,1,130" ten="235,534,15,216" oya="1" hai0="111,71,32,48,112,55,80,21,104,25,69,24,29" hai1="90,109,85,42,37,40,46,47,9,33,74,81,59" hai2="20,89,68,31,60,35,107,135,118,114,52,53,4" hai3="86,39,63,56,103,96,26,3,116,8,30,133,84"/><U94/><E33/><V66/><F118/><W45/><G133/><T16/><D112/><U17/><E109/><V72/><F114/><W120/><G120/><T12/><D111/><U1/><E59/><V6/><F35/><W18/><G116/><T0/><D104/><U34/><E34/><V22/><F107/><W75/><G75/><T97/><D0/><U105/><E105/><V108/><F72/><W19/><G45/><T117/><D117/><U78/><E17/><V41/><F108/><W11/><G39/><T134/><D134/><U7/><E42/><V44/><F135/><W73/><G73/><T82/><D97/><U98/><E47/><V23/><F31/><W113/><G18/><T28/><D69/><U50/><E50/><V61/><F89/><W77/><G77/><T88/><D71/><U91/><E91/><V5/><REACH who="2" step="1"/><F60/><REACH who="2" ten="235,534,5,216" step="2"/><W65/><G30/><T76/><D76/><U2/><E2/><V43/><F43/><W57/><G3/><T51/><D88/><U128/><E128/><V27/><F27/><W101/><G26/><T87/><D87/><AGARI ba="3,1" hai="1,7,9,37,40,46,74,78,81,85,87,90,94,98" machi="87" ten="40,3900,0" yaku="25,2" doraHai="130" who="1" fromWho="0" sc="235,-48,534,58,5,0,216,0" /><INIT seed="1,4,0,2,0,96" ten="187,592,5,216" oya="1" hai0="135,97,130,33,31,132,21,67,1,65,36,18,60" hai1="47,12,26,29,79,40,39,0,32,133,113,4,112" hai2="78,86,75,51,13,117,20,121,24,87,8,53,58" hai3="25,61,106,6,38,95,91,80,118,59,27,125,63"/><U76/><E133/><N who="0" m="51273" /><D36/><U77/><E0/><V85/><F117/><W120/><G38/><T109/><D1/><U100/><E4/><N who="2" m="3207" /><F75/><W43/><G43/><T131/><D109/><U23/><E12/><V7/><F121/><W3/><G106/><T71/><D97/><U10/><E10/><V11/><F11/><W101/><G6/><T90/><D90/><U69/><E69/><V111/><F111/><W52/><G3/><T74/><D74/><U99/><REACH who="1" step="1"/><E32/><REACH who="1" ten="187,582,5,216" step="2"/><V126/><F126/><W56/><G125/><T68/><D31/><U22/><E22/><V2/><F2/><W49/><G118/><T16/><D33/><U46/><E46/><V107/><F107/><AGARI ba="4,1" hai="23,26,29,39,40,47,76,77,79,99,100,107,112,113" machi="107" ten="40,12000,1" yaku="1,1,52,1,53,3" doraHai="96" doraHaiUra="72" who="1" fromWho="2" sc="187,0,582,142,5,-132,216,0" owari="187,-21.0,724,82.0,-127,-63.0,216,2.0" /></mjloggm>