<mjloggm ver="2.3"><GO type="225" lobby="0"/><UN n0="%E3%83%88%E3%83%88%E3%83%AA%E5%85%88%E7%94%9F%31%39%E6%AD%B3" n1="%53%48%49%53%55%4B%45" n2="%E3%81%AA%E3%81%A3%E3%81%8D%E3%82%8A" n3="%E3%82%84%E3%81%BE%E3%83%BC%E3%82%93" dan="18,16,16,17" rate="2247.94,2149.56,2147.12,2133.76" sx="F,M,M,M"/><TAIKYOKU oya="0"/><INIT seed="0,0,0,0,5,47" ten="250,250,250,250" oya="0" hai0="46,134,78,129,113,132,38,110,98,48,22,24,92" hai1="109,74,117,102,32,121,135,11,34,107,116,96,114" hai2="122,97,51,133,64,41,39,63,86,31,128,21,124" hai3="99,12,119,84,93,30,71,25,123,17,91,8,126"/><T15/><D113/><U13/><E121/><V19/><F122/><W18/><G123/><T23/><D38/><U115/><E74/><V104/><F128/><W72/><G119/><N who="1" m="45642" /><E109/><V111/><F124/><W69/><G126/><T35/><D129/><U50/><E34/><V95/><F39/><W9/><G72/><T43/><D110/><U112/><E32/><V27/><F133/><N who="0" m="51306" /><D78/><U65/><E65/><V62/><F104/><W73/><G73/><T29/><D15/><U100/><E135/><V26/><F86/><W61/><G61/><T58/><D58/><U83/><E83/><V80/><F80/><W118/><G118/><T120/><D120/><U3/><E3/><V49/><F41/><W108/><G108/><T105/><D105/><U52/><E96/><V77/><F77/><W40/><G40/><T44/><D44/><N who="1" m="27719" /><E107/><V89/><F111/><W75/><G75/><T90/><AGARI ba="0,0" hai="22,23,24,29,35,43,46,48,90,92,98" m="51306" machi="90" ten="30,3000,0" yaku="20,1,52,1" doraHai="47" who="0" fromWho="0" sc="250,30,250,-10,250,-10,250,-10" /><INIT seed="0,1,0,0,1,92" ten="280,240,240,240" oya="0" hai0="58,131,119,118,11,28,32,75,46,17,38,26,126" hai1="14,31,107,71,12,84,1,86,5,16,51,125,116" hai2="113,61,80,18,23,65,89,104,82,36,99,94,78" hai3="43,9,44,40,42,120,87,129,66,123,101,98,0"/><T105/><D75/><U34/><E116/><V114/><F36/><W54/><G129/><T24/><D131/><U49/><E71/><V45/><F45/><W7/><G66/><T85/><D105/><U91/><E1/><V15/><F104/><W81/><G54/><T88/><D126/><U21/><E107/><V77/><F80/><W102/><G44/><T95/><D58/><U115/><E125/><V59/><REACH who="2" step="1"/><F77/><REACH who="2" ten="280,240,230,240" step="2"/><W97/><G101/><T103/><D103/><U133/><E115/><V55/><F55/><W3/><G102/><T93/><D93/><U20/><E133/><V111/><F111/><W76/><REACH who="3" step="1"/><G3/><REACH who="3" ten="280,240,230,230" step="2"/><T63/><D46/><U70/><E51/><V37/><F37/><W19/><G19/><T127/><D38/><U56/><E49/><V22/><F22/><W27/><G27/><T72/><D26/><U67/><E21/><V121/><F121/><AGARI ba="1,2" hai="0,7,9,40,42,43,76,81,87,97,98,120,121,123" machi="121" ten="40,8000,1" yaku="1,1,13,1,52,2,53,0" doraHai="92" doraHaiUra="25" who="3" fromWho="2" sc="280,0,240,0,230,-83,230,103" /><INIT seed="1,0,0,4,0,75" ten="280,240,147,333" oya="1" hai0="15,97,37,25,133,7,113,60,115,93,30,61,73" hai1="126,105,43,94,19,131,92,104,118,32,120,80,6" hai2="55,128,76,8,82,38,0,65,5,85,87,39,130" hai3="31,4,78,16,40,67,47,28,119,134,57,109,91"/><U22/><E120/><V117/><F117/><W111/><G119/><T34/><D37/><U108/><E118/><V122/><F122/><W24/><G4/><T58/><D133/><U69/><E32/><V10/><F65/><W33/><G91/><T12/><D73/><U135/><E135/><V14/><F55/><W23/><G33/><T77/><D77/><U51/><E69/><V27/><F27/><W18/><G134/><T62/><D58/><U1/><E6/><V84/><F8/><W36/><G18/><T59/><D59/><U20/><E1/><V127/><F127/><W52/><G67/><T95/><D95/><U98/><E126/><V17/><F5/><W121/><G121/><T54/><D54/><U124/><E124/><V79/><F0/><W116/><G78/><N who="2" m="29737" /><F82/><W13/><G24/><T81/><D81/><U49/><E80/><V21/><F10/><W3/><G3/><T106/><D7/><U99/><E43/><V103/><F103/><W53/><G53/><T46/><D25/><U41/><E41/><V2/><F2/><W100/><G100/><T96/><D34/><U90/><E90/><V89/><F89/><W83/><G83/><T56/><D30/><U112/><E19/><V9/><F9/><W29/><G116/><T110/><D15/><U88/><E88/><V63/><F63/><W132/><G132/><T114/><D12/><U11/><E11/><V71/><F71/><W86/><G31/><T64/><D64/><U129/><E105/><V70/><F70/><W74/><G29/><T68/><D68/><U50/><E104/><RYUUKYOKU ba="0,0" sc="280,-10,240,-10,147,30,333,-10" hai2="14,17,21,38,39,84,85,87,128,130" /><INIT seed="2,1,0,0,0,23" ten="270,230,177,323" oya="2" hai0="1,82,14,88,11,60,133,5,34,50,92,64,90" hai1="57,78,83,36,35,27,74,76,22,61,39,93,66" hai2="40,7,42,123,105,6,54,4,71,87,44,38,46" hai3="49,99,125,73,59,126,10,79,89,28,129,106,53"/><V56/><F123/><W108/><G108/><T95/><D34/><U102/><E35/><V122/><F122/><W132/><G132/><T72/><D133/><U32/><E32/><V43/><F105/><W113/><G129/><T91/><D50/><U47/><E47/><V80/><F71/><W124/><G28/><T120/><D120/><U112/><E78/><V19/><F19/><W0/><G113/><T70/><D72/><U17/><REACH who="1" step="1"/><E112/><REACH who="1" ten="270,220,177,323" step="2"/><V127/><F127/><W67/><G79/><T21/><D82/><U8/><E8/><V98/><F98/><AGARI ba="1,1" hai="17,22,27,36,39,57,61,66,74,76,83,93,98,102" machi="98" ten="40,5200,0" yaku="1,1,52,1,53,1" doraHai="23" doraHaiUra="15" who="1" fromWho="2" sc="270,0,220,65,177,-55,323,0" /><INIT seed="3,0,0,0,2,41" ten="270,285,122,323" oya="3" hai0="14,97,58,56,91,130,29,78,120,113,114,93,16" hai1="45,15,82,103,10,102,84,46,109,40,107,64,30" hai2="117,86,11,81,52,17,69,19,55,43,104,65,101" hai3="66,22,44,51,85,32,24,34,38,88,73,54,106"/><W59/><G73/><T50/><BYE who="2" /><D120/><U71/><E107/><V133/><F133/><W90/><G106/><T23/><D130/><U132/><E132/><V12/><F12/><W87/><G38/><T131/><D131/><U26/><E109/><V80/><F80/><W47/><G34/><T126/><D126/><U99/><E71/><V79/><F79/><W134/><G32/><T63/><D78/><N who="1" m="46167" /><E40/><V31/><F31/><N who="3" m="17815" /><G134/><T89/><D29/><U119/><E64/><V77/><F77/><W28/><G28/><T105/><D105/><U116/><E26/><V37/><F37/><W33/><G33/><T98/><D50/><U48/><E48/><V74/><F74/><W60/><G44/><N who="1" m="17002" /><E30/><V100/><F100/><N who="1" m="38441" /><E99/><V124/><F124/><W127/><G127/><T68/><D68/><U122/><E122/><V49/><F49/><W115/><G115/><N who="0" m="44043" /><D63/><U61/><E61/><V35/><F35/><W36/><G36/><T5/><D5/><N who="1" m="3535" /><E119/><V2/><F2/><W72/><G72/><T7/><D7/><U96/><E116/><V110/><F110/><W67/><G67/><T53/><D53/><U4/><E96/><N who="0" m="36969" /><D93/><U27/><E27/><V8/><F8/><W9/><G9/><T62/><D62/><U118/><E118/><V20/><F20/><W42/><G66/><T121/><D121/><U6/><AGARI ba="0,0" hai="4,6" m="3535,38441,17002,46167" machi="6" ten="30,7900,0" yaku="8,1,52,3" doraHai="41" who="1" fromWho="1" sc="270,-20,285,79,122,-20,323,-39" owari="250,-15.0,364,47.0,102,-40.0,284,8.0" /></mjloggm>