<mjloggm ver="2.3"><GO type="97" lobby="0"/><UN n0="%E5%B0%B1%E6%B4%BB%E7%94%9F%40%E5%B7%9D%E6%9D%91%E8%BB%8D%E5%9B%A3" n1="%E6%AE%BF%E5%A0%82%E5%85%A5%E3%82%8A" n2="%72%61%74%65%72%61%74%65" n3="%E7%9B%AE%E6%BD%B0%E3%81%97" dan="15,13,15,13" rate="2058.97,1860.17,2045.27,1807.80" sx="M,M,M,M"/><TAIKYOKU oya="0"/><INIT seed="0,0,0,5,5,93" ten="250,250,250,250" oya="0" hai0="104,92,124,36,49,99,107,64,77,27,85,38,132" hai1="94,129,59,30,100,72,81,76,1,110,109,134,89" hai2="3,37,135,117,25,127,71,34,86,63,0,19,24" hai3="8,102,15,50,29,73,42,79,18,56,2,58,83"/><T6/><D6/><U4/><E30/><V7/><F7/><W10/><G29/><T115/><D115/><U121/><E121/><V67/><F67/><W57/><G102/><T16/><D64/><U125/><E59/><V97/><F37/><W126/><G126/><T130/><D130/><U90/><E4/><V82/><F117/><W12/><G2/><T111/><D111/><N who="1" m="42507" /><E1/><V88/><F71/><W14/><REACH who="3" step="1"/><G10/><REACH who="3" ten="250,250,250,240" step="2"/><T5/><D124/><U53/><E125/><V122/><F127/><W80/><G80/><N who="0" m="47247" /><D107/><U43/><E129/><V32/><F122/><W23/><G23/><N who="0" m="13799" /><D104/><U133/><E43/><V35/><F35/><W87/><G87/><T46/><D38/><U41/><E41/><V75/><F32/><W61/><G61/><T47/><D36/><U96/><E53/><V39/><F63/><W65/><G65/><T60/><D132/><AGARI ba="0,1" hai="72,76,81,89,90,94,96,100,132,133,134" m="42507" machi="132" ten="30,8000,1" yaku="20,1,14,1,34,2,52,1" doraHai="93" who="1" fromWho="0" sc="250,-80,250,90,250,0,240,0" /><INIT seed="1,0,0,1,2,12" ten="170,340,250,240" oya="1" hai0="131,60,51,7,108,8,61,120,21,127,26,22,54" hai1="11,45,118,100,91,90,93,16,55,135,20,106,47" hai2="133,79,129,114,68,50,37,5,126,102,49,46,109" hai3="119,36,99,122,130,82,66,134,76,95,62,41,35"/><U27/><E118/><V32/><F32/><W0/><G119/><T48/><D120/><U3/><E135/><V63/><F79/><W70/><G122/><T97/><D108/><U57/><E106/><V132/><F102/><W67/><G134/><N who="2" m="51817" /><F5/><W96/><G130/><T18/><D127/><U98/><E11/><V38/><F109/><W111/><G111/><T73/><D73/><U34/><E34/><V42/><F129/><W81/><G66/><T103/><D131/><U124/><E124/><V24/><F24/><W85/><G35/><T10/><D51/><N who="1" m="30975" /><E3/><V43/><F126/><W64/><G67/><T72/><D72/><U17/><E17/><V121/><F121/><W40/><G0/><T123/><D123/><U125/><E125/><V128/><F128/><W4/><G4/><T104/><D22/><U105/><E105/><V117/><F117/><W53/><G53/><T80/><D80/><U92/><E100/><V86/><F86/><AGARI ba="0,0" hai="16,20,27,45,47,86,90,91,92,93,98" m="30975" machi="86" ten="30,5800,0" yaku="8,1,52,1,54,1" doraHai="12" who="1" fromWho="2" sc="170,0,340,58,250,-58,240,0" /><INIT seed="1,1,0,5,2,110" ten="170,398,192,240" oya="1" hai0="7,70,67,135,80,105,65,33,99,41,128,25,9" hai1="21,26,113,59,79,64,134,28,66,40,116,88,45" hai2="29,82,57,111,89,58,112,27,34,56,60,101,10" hai3="4,81,38,74,30,1,106,107,119,3,115,109,31"/><U68/><E116/><V96/><F111/><W54/><G119/><T51/><D128/><U46/><E134/><V55/><F10/><W48/><G109/><T62/><D135/><U61/><E79/><V121/><F121/><W84/><G74/><T73/><D67/><U22/><E113/><V133/><F133/><W12/><G115/><T43/><D51/><U0/><E0/><V124/><F124/><W103/><G38/><T78/><D25/><U132/><E132/><V131/><F131/><W123/><G123/><T77/><D33/><U19/><E40/><V90/><F90/><W14/><G1/><T118/><D77/><U93/><E68/><V122/><F122/><W50/><G3/><T15/><D118/><U83/><E83/><V86/><REACH who="2" step="1"/><F112/><REACH who="2" ten="170,398,182,240" step="2"/><W98/><G107/><AGARI ba="1,1" hai="27,29,34,55,56,57,58,60,82,86,89,96,101,107" machi="107" ten="30,3900,0" yaku="1,1,2,1,7,1,53,0" doraHai="110" doraHaiUra="63" who="2" fromWho="3" sc="170,0,398,0,182,52,240,-42" /><INIT seed="2,0,0,5,4,105" ten="170,398,234,198" oya="2" hai0="96,76,116,66,102,97,128,121,103,67,52,55,83" hai1="32,90,122,63,131,38,123,12,36,82,114,5,31" hai2="48,134,61,35,89,15,93,112,64,62,132,86,104" hai3="0,50,6,18,7,72,73,92,88,110,80,44,11"/><V27/><F112/><W2/><G110/><T37/><D37/><U65/><E114/><V58/><F104/><W21/><G80/><T94/><D121/><N who="1" m="46091" /><E131/><V49/><F35/><W79/><G79/><T29/><D128/><U84/><E32/><V14/><F27/><W127/><G127/><T135/><D135/><N who="2" m="51754" /><F61/><W98/><G7/><T85/><D29/><U69/><E31/><V133/><N who="2" m="51762" /><V115/><DORA hai="16" /><F115/><W28/><G28/><T39/><D39/><N who="1" m="14891" /><E12/><AGARI ba="0,0" hai="12,14,15,48,49,58,62,64,86,89,93" m="51762" machi="12" ten="40,2000,0" yaku="20,1" doraHai="105,16" who="2" fromWho="1" sc="170,0,398,-20,234,20,198,0" /><INIT seed="2,1,0,5,1,70" ten="170,378,254,198" oya="2" hai0="34,118,12,80,125,103,23,53,106,44,88,84,17" hai1="26,131,113,92,76,62,38,40,91,127,112,96,115" hai2="10,133,54,66,114,132,46,47,33,69,28,52,13" hai3="134,74,4,59,97,48,117,1,21,29,75,105,56"/><V43/><F28/><W15/><G117/><T61/><D125/><U57/><E127/><V36/><F33/><W93/><G134/><N who="2" m="51817" /><F114/><W14/><G105/><T20/><D34/><U30/><E131/><V51/><F13/><W107/><G107/><T90/><D118/><U85/><E76/><V78/><F78/><W119/><G119/><T95/><D106/><U121/><E121/><V11/><F11/><W116/><G116/><T49/><D103/><U73/><E73/><V86/><F86/><W94/><G1/><T27/><D61/><U64/><E85/><V5/><F5/><W98/><G75/><T104/><D104/><U25/><REACH who="1" step="1"/><E30/><REACH who="1" ten="170,368,254,198" step="2"/><V24/><F24/><W126/><G74/><T65/><D65/><U63/><E63/><N who="2" m="40159" /><F10/><W111/><G126/><T79/><D95/><U101/><E101/><V102/><F102/><W71/><G94/><T58/><REACH who="0" step="1"/><D58/><REACH who="0" ten="160,368,254,198" step="2"/><U135/><E135/><V32/><F32/><W124/><G93/><T130/><D130/><U67/><E67/><V6/><F6/><W72/><G124/><T42/><D42/><AGARI ba="1,2" hai="36,42,43,46,47,51,52,54" m="40159,51817" machi="42" ten="30,12000,1" yaku="20,1,34,2,52,1,54,1" doraHai="70" who="2" fromWho="0" sc="160,-123,368,0,254,143,198,0" /><INIT seed="2,2,0,2,0,133" ten="37,368,397,198" oya="2" hai0="124,105,58,97,2,134,98,107,120,35,93,33,0" hai1="41,65,84,45,13,129,38,5,78,101,130,112,127" hai2="53,92,25,44,34,12,109,15,50,106,18,75,9" hai3="29,17,67,52,21,88,72,39,24,82,121,66,19"/><V119/><F106/><W110/><G121/><T80/><D93/><U16/><E112/><V4/><F75/><W31/><G110/><T125/><D58/><U89/><E65/><V95/><F119/><W49/><G39/><T56/><D56/><U76/><E101/><V81/><F109/><W6/><G6/><T91/><D91/><U111/><E5/><V100/><F100/><W54/><G72/><T135/><REACH who="0" step="1"/><D120/><REACH who="0" ten="27,368,397,198" step="2"/><U46/><E111/><V131/><F92/><W48/><G88/><T103/><D103/><U64/><E64/><N who="3" m="24618" /><G82/><AGARI ba="2,1" hai="0,2,33,35,80,82,97,98,105,107,124,125,134,135" machi="82" ten="25,8000,1" yaku="1,1,22,2,52,2,53,0" doraHai="133" doraHaiUra="122" who="0" fromWho="3" sc="27,96,368,0,397,0,198,-86" /><INIT seed="3,0,0,3,3,23" ten="123,368,397,112" oya="3" hai0="93,82,125,30,124,127,5,16,35,131,95,72,50" hai1="43,108,34,32,18,107,103,128,90,88,25,21,13" hai2="19,79,70,26,105,51,86,63,91,7,71,126,85" hai3="97,75,65,8,44,59,27,76,130,62,52,42,132"/><W2/><G130/><T102/><D131/><U119/><E128/><V113/><F105/><W66/><G132/><T78/><D5/><U57/><E108/><V81/><F113/><W135/><G135/><T114/><D114/><U37/><E119/><V134/><F7/><W84/><G75/><T22/><D102/><U49/><E107/><V40/><F134/><W56/><G97/><T0/><D0/><U4/><E103/><V12/><F63/><W99/><G99/><T48/><D30/><N who="1" m="17711" /><E37/><V61/><F61/><W115/><G115/><T46/><D35/><U112/><E112/><V116/><F126/><W38/><G27/><N who="0" m="14791" /><D48/><U111/><E111/><V3/><F3/><W69/><G69/><T64/><D64/><U118/><E118/><V67/><F67/><W77/><G84/><T6/><D6/><U121/><E121/><V20/><F51/><W9/><G66/><T109/><D109/><U60/><E4/><V100/><F100/><W24/><G24/><T129/><D129/><U53/><E32/><V98/><F98/><W31/><G31/><T15/><D15/><U106/><E106/><V96/><F96/><W74/><G74/><T104/><D104/><U80/><E80/><N who="2" m="49575" /><F116/><W45/><G45/><T92/><D50/><U122/><E122/><V83/><F83/><W14/><G2/><T110/><D110/><U28/><E28/><N who="2" m="17479" /><F40/><W87/><G87/><T94/><N who="0" m="23552" /><DORA hai="73" /><T123/><D46/><N who="1" m="25823" /><E34/><V10/><F71/><W101/><G101/><T36/><D36/><U33/><E33/><V120/><F70/><W55/><G55/><T1/><D123/><AGARI ba="0,0" hai="10,12,19,79,81,86,120,123" m="17479,49575" machi="123" ten="30,3900,0" yaku="6,1,52,2" doraHai="23,73" who="2" fromWho="0" sc="123,-39,368,0,397,39,112,0" owari="84,-42.0,368,17.0,436,54.0,112,-29.0" /></mjloggm>