<mjloggm ver="2.3"><GO type="41" lobby="0"/><UN n0="%E3%81%AA%E3%82%8A%E3%81%9F%E3%81%B6%E3%82%89%E3%81%84%E3%81%82%E3%82%93" n1="%4C%75%5F%58%75%6E" n2="%E3%81%BC%E3%81%8F%E3%81%9F" n3="%E3%83%88%E3%83%88%E3%83%AA%E5%85%88%E7%94%9F%31%39%E6%AD%B3" dan="14,13,13,14" rate="2050.39,1845.19,1892.27,2003.32" sx="M,M,M,F"/><TAIKYOKU oya="0"/><INIT seed="0,0,0,3,0,15" ten="250,250,250,250" oya="0" hai0="126,81,129,47,43,101,57,108,89,44,7,65,38" hai1="25,0,111,116,82,96,109,19,91,29,68,66,125" hai2="16,123,115,107,133,75,121,70,90,98,64,4,80" hai3="56,95,10,45,58,102,105,134,132,30,23,12,13"/><T31/><D126/><U73/><E0/><V42/><F115/><W27/><G105/><T94/><D129/><U61/><E116/><V37/><F4/><W2/><G2/><T59/><D101/><U24/><E73/><V127/><F64/><W87/><G13/><T8/><D31/><U84/><E125/><V33/><F33/><W76/><G45/><T50/><D81/><U9/><E96/><V54/><F70/><W119/><G119/><T18/><D65/><U72/><E72/><V130/><F127/><W124/><G124/><T117/><D108/><N who="1" m="41547" /><E29/><V78/><F98/><N who="3" m="59743" /><G87/><T77/><D77/><U36/><E36/><V14/><F78/><W39/><G39/><T110/><D117/><U106/><E106/><V128/><F37/><W48/><G48/><T11/><D11/><U113/><E113/><V49/><F107/><W35/><G35/><T52/><D110/><U34/><E34/><V17/><F49/><W114/><G76/><T135/><D135/><N who="3" m="51753" /><G114/><T28/><D28/><U88/><E91/><V103/><F90/><W97/><G97/><T51/><D38/><U6/><E6/><AGARI ba="0,0" hai="6,10,12,23,27,30,56,58" m="51753,59743" machi="6" ten="30,1000,0" yaku="20,1" doraHai="15" who="3" fromWho="1" sc="250,0,250,-10,250,0,250,10" /><INIT seed="1,0,0,0,3,81" ten="250,240,250,260" oya="1" hai0="103,114,80,117,15,31,6,113,75,120,90,23,88" hai1="105,86,67,95,33,27,40,50,73,106,121,118,30" hai2="83,3,45,1,98,125,94,56,112,70,38,129,89" hai3="76,92,43,60,47,57,32,37,26,48,116,108,8"/><U85/><E121/><V11/><F70/><W51/><G108/><T62/><D117/><U14/><E14/><V59/><F125/><W109/><G109/><T71/><D103/><U97/><E73/><V10/><F129/><W110/><G110/><T64/><D120/><U126/><E118/><V69/><F69/><W101/><G116/><T82/><D114/><U87/><E67/><V53/><F112/><W68/><G68/><T61/><D61/><U21/><E126/><V19/><F3/><W135/><G135/><T74/><D113/><U41/><E50/><N who="2" m="28879" /><F38/><W63/><G76/><T46/><D46/><U17/><E106/><V77/><F1/><W12/><G63/><T111/><D111/><U25/><REACH who="1" step="1"/><E105/><REACH who="1" ten="250,230,250,260" step="2"/><V16/><F11/><W66/><G12/><T28/><D75/><U119/><E119/><V49/><F49/><W39/><G8/><T127/><D74/><U55/><E55/><V13/><F10/><W58/><G48/><T5/><D15/><U35/><E35/><V9/><F9/><W107/><G107/><T132/><D64/><U91/><AGARI ba="0,1" hai="17,21,25,27,30,33,40,41,85,86,87,91,95,97" machi="91" ten="30,12000,1" yaku="1,1,0,1,52,3,53,0" doraHai="81" doraHaiUra="104" who="1" fromWho="1" sc="250,-40,230,130,250,-40,260,-40" /><INIT seed="1,1,0,1,1,24" ten="210,360,210,220" oya="1" hai0="98,113,86,7,19,83,72,82,92,40,122,50,103" hai1="58,9,47,120,133,71,5,105,75,51,4,115,42" hai2="121,84,35,93,130,11,117,131,48,112,57,74,77" hai3="27,44,28,126,53,6,21,37,8,59,16,30,87"/><U129/><E105/><V15/><F117/><W3/><G126/><T85/><D113/><U118/><E75/><V108/><F108/><W13/><G3/><T34/><D122/><U73/><E71/><V52/><F35/><W43/><REACH who="3" step="1"/><G87/><REACH who="3" ten="210,360,210,210" step="2"/><T100/><D86/><U69/><E120/><V29/><F84/><W123/><G123/><T46/><D85/><U128/><E118/><V66/><F121/><W17/><G17/><T33/><D19/><U124/><E115/><V134/><F112/><W114/><G114/><T54/><D72/><U32/><E124/><V94/><F74/><W91/><G91/><T95/><D7/><U18/><E73/><V60/><F131/><W109/><G109/><T62/><D103/><U76/><E18/><V56/><F130/><W106/><G106/><T14/><D100/><U22/><E4/><V96/><F134/><W127/><G127/><T36/><D83/><U55/><E5/><N who="2" m="3567" /><F77/><W63/><AGARI ba="1,1" hai="6,8,13,16,21,27,28,30,37,43,44,53,59,63" machi="63" ten="20,12000,2" yaku="1,1,0,1,7,1,52,2,54,1,53,1" doraHai="24" doraHaiUra="70" who="3" fromWho="3" sc="210,-31,360,-61,210,-31,210,133" /><INIT seed="2,0,0,3,4,110" ten="179,299,179,343" oya="2" hai0="84,112,25,122,27,65,63,61,48,4,90,2,38" hai1="14,69,97,45,7,128,96,125,133,119,93,37,11" hai2="8,104,70,59,53,42,113,46,28,17,40,26,105" hai3="49,16,55,89,74,98,114,85,34,121,33,94,18"/><V71/><F105/><W72/><G121/><T120/><D38/><U100/><E119/><V115/><F104/><W75/><G114/><T13/><D2/><U41/><E128/><V15/><F71/><W135/><G135/><T78/><D78/><U116/><E133/><V107/><F107/><W44/><REACH who="3" step="1"/><G98/><REACH who="3" ten="179,299,179,333" step="2"/><T0/><D112/><U129/><E116/><V81/><F115/><W117/><G117/><T86/><D122/><U50/><E129/><V82/><F113/><W118/><G118/><T10/><D120/><U126/><E97/><V99/><F99/><W79/><G79/><T51/><D0/><U9/><E126/><V39/><F70/><W95/><G95/><T106/><D106/><U23/><E69/><V131/><F131/><W5/><G5/><T77/><D77/><U31/><E7/><V102/><F102/><W123/><G123/><T36/><D4/><U3/><E3/><V64/><F42/><W80/><G80/><T73/><D90/><U111/><E100/><V83/><F82/><W21/><G21/><T22/><D22/><U91/><E23/><V124/><F124/><W20/><G20/><T52/><D73/><U19/><E125/><V32/><REACH who="2" step="1"/><F64/><REACH who="2" ten="179,299,169,333" step="2"/><W134/><G134/><T47/><D65/><U76/><E41/><V29/><F29/><W130/><G130/><T109/><D109/><U43/><E31/><V67/><F67/><W1/><G1/><T54/><D54/><U92/><E111/><V56/><F56/><W132/><G132/><T127/><D52/><U30/><E30/><V108/><F108/><W68/><G68/><RYUUKYOKU ba="0,2" sc="179,-15,299,-15,169,15,333,15" hai2="8,15,17,26,28,32,39,40,46,53,59,81,83" hai3="16,18,33,34,44,49,55,72,74,75,85,89,94" /><INIT seed="2,1,2,0,0,133" ten="164,284,184,348" oya="2" hai0="25,118,22,96,82,114,1,27,99,132,50,35,56" hai1="119,13,3,61,125,37,36,5,107,2,8,44,48" hai2="101,131,7,130,57,71,72,43,81,113,26,95,126" hai3="83,116,32,104,111,12,55,88,9,63,54,51,31"/><V15/><F71/><W123/><G116/><T86/><D114/><U103/><E119/><V49/><F113/><W85/><G123/><T84/><D1/><U92/><E107/><V47/><F26/><W4/><G104/><T121/><D121/><U33/><E33/><V30/><F30/><W17/><G111/><T102/><D132/><U24/><E24/><V117/><F117/><W52/><G32/><T106/><D118/><U75/><E75/><V110/><F110/><W79/><G31/><T109/><D99/><U93/><E61/><V74/><F74/><W89/><G63/><T69/><D69/><U129/><E129/><V29/><F29/><W120/><G120/><T97/><D97/><U38/><E103/><V60/><F131/><W128/><G128/><T67/><D35/><U40/><E2/><V18/><F101/><W16/><G51/><T76/><D22/><U53/><E3/><V21/><F49/><W20/><REACH who="3" step="1"/><G17/><REACH who="3" ten="164,284,184,338" step="2"/><T39/><D50/><U6/><E5/><V134/><F7/><W105/><G105/><T135/><D106/><U73/><E48/><V42/><F60/><W94/><G94/><T112/><D109/><U100/><E93/><V77/><F95/><W90/><G90/><T41/><D135/><U108/><E92/><V14/><F134/><W62/><G62/><T34/><D34/><U115/><E108/><V87/><F130/><W58/><G58/><T98/><D56/><U19/><E19/><V10/><F57/><W91/><G91/><T78/><D112/><U80/><E115/><V28/><F28/><W23/><G23/><RYUUKYOKU ba="1,3" sc="164,-10,284,-10,184,-10,338,30" hai3="4,9,12,16,20,52,54,55,79,83,85,88,89" /><INIT seed="3,2,3,4,2,132" ten="154,274,174,368" oya="3" hai0="97,110,10,7,44,55,103,125,116,107,78,74,82" hai1="104,33,130,22,98,34,62,45,35,20,129,102,19" hai2="128,94,86,88,122,18,52,95,108,127,81,111,13" hai3="85,23,109,72,58,100,32,9,2,37,91,87,117"/><W124/><G117/><T112/><D116/><U118/><E118/><V92/><F128/><N who="1" m="49257" /><E45/><V61/><F122/><W24/><G37/><T59/><D110/><U8/><E62/><V123/><F123/><W133/><G32/><T36/><D112/><U63/><E63/><V26/><F26/><W3/><G72/><T73/><D44/><U79/><E79/><V31/><F31/><W70/><G70/><T93/><D36/><U69/><E69/><V25/><F25/><W4/><G133/><T75/><D107/><U38/><E38/><V126/><F111/><W49/><G109/><T135/><D135/><U29/><E29/><V80/><F108/><W89/><G100/><T84/><D75/><U12/><AGARI ba="2,3" hai="8,12,19,20,22,33,34,35,98,102,104" m="49257" machi="12" ten="40,1500,0" yaku="19,1" doraHai="132" who="1" fromWho="1" sc="154,-6,274,51,174,-6,368,-9" /><INIT seed="4,0,0,5,2,57" ten="148,325,168,359" oya="0" hai0="74,29,63,107,27,55,48,36,44,80,112,125,106" hai1="111,9,22,114,82,131,91,23,81,120,51,67,41" hai2="46,4,115,30,77,54,32,127,105,79,104,86,3" hai3="102,73,19,26,53,43,31,122,28,113,15,133,72"/><T69/><D112/><U18/><E120/><V135/><F32/><W34/><G113/><T14/><D125/><U90/><E111/><V70/><F70/><W118/><G118/><T61/><D69/><U64/><E51/><N who="2" m="29047" /><F30/><W126/><G126/><T117/><D117/><U88/><E114/><V75/><F75/><W95/><G122/><T6/><D36/><U130/><E41/><V40/><F40/><W59/><G133/><T121/><D121/><U123/><E9/><N who="2" m="2207" /><F127/><W33/><G43/><T93/><D93/><U13/><E123/><V50/><F50/><W58/><G58/><T62/><D14/><U124/><E124/><V0/><F0/><W35/><G95/><T47/><D6/><U7/><E7/><V17/><F17/><W94/><G94/><T110/><D47/><U42/><E42/><V25/><F25/><W10/><G102/><T92/><D92/><U76/><E76/><V109/><F109/><W78/><G31/><T101/><D110/><U38/><E38/><V8/><F8/><W21/><REACH who="3" step="1"/><G78/><REACH who="3" ten="148,325,168,349" step="2"/><T68/><D101/><U97/><E82/><V2/><F115/><W85/><G85/><T37/><D37/><U89/><E81/><V65/><F86/><W52/><G52/><T96/><D68/><U129/><E97/><V87/><F87/><W45/><G45/><T11/><D96/><U128/><E130/><V83/><F83/><W49/><AGARI ba="0,1" hai="10,15,19,21,26,28,33,34,35,49,53,59,72,73" machi="49" ten="30,2000,0" yaku="1,1,0,1,53,0" doraHai="57" doraHaiUra="99" who="3" fromWho="3" sc="148,-10,325,-5,168,-5,349,30" /><INIT seed="5,0,0,1,4,82" ten="138,320,163,379" oya="1" hai0="43,32,134,69,135,125,30,90,31,50,92,119,109" hai1="57,108,47,38,97,102,18,130,56,107,99,21,123" hai2="36,105,61,72,80,11,64,19,15,23,78,121,79" hai3="98,114,106,49,41,54,132,76,103,53,68,26,129"/><U110/><E123/><V58/><F36/><W34/><G114/><T13/><D109/><N who="1" m="42091" /><E130/><V59/><F105/><W2/><G2/><T104/><D104/><U117/><E117/><V1/><F121/><W6/><G6/><T48/><D119/><U120/><E120/><V27/><F1/><W93/><G76/><T111/><D111/><U88/><E38/><V128/><F128/><W63/><G129/><T83/><D69/><U75/><E75/><V9/><F9/><W87/><G132/><N who="0" m="50731" /><D83/><U116/><E47/><V10/><F10/><W35/><G41/><T52/><D125/><U17/><E116/><V25/><F79/><W66/><G49/><T24/><D31/><U33/><E33/><V91/><F91/><N who="3" m="53503" /><G35/><T77/><D77/><U133/><E133/><V14/><REACH who="2" step="1"/><F59/><REACH who="2" ten="138,320,153,379" step="2"/><W113/><G113/><T86/><D43/><U127/><E57/><V3/><F3/><W73/><G73/><T89/><D13/><U46/><E56/><V16/><AGARI ba="0,1" hai="11,14,15,16,19,23,25,27,58,61,64,72,78,80" machi="16" ten="20,5200,0" yaku="1,1,0,1,7,1,54,1,53,0" doraHai="82" doraHaiUra="131" who="2" fromWho="2" sc="138,-13,320,-26,153,62,379,-13" /><INIT seed="6,0,0,2,2,94" ten="125,294,215,366" oya="2" hai0="35,37,7,13,118,116,123,50,88,131,109,56,32" hai1="6,36,91,41,98,62,107,53,22,46,117,128,21" hai2="10,59,122,135,2,25,93,45,23,120,26,124,96" hai3="24,5,70,92,48,8,110,102,39,69,4,1,29"/><V11/><F135/><W89/><G39/><T97/><D37/><U119/><E128/><V63/><F124/><W40/><G110/><T9/><D109/><U125/><E125/><V86/><F86/><W57/><G102/><T75/><D75/><U121/><E6/><V68/><F68/><W115/><G115/><T15/><D123/><U130/><E121/><V30/><F2/><W72/><G72/><T106/><D106/><U14/><E130/><V132/><F132/><W67/><G5/><T73/><D73/><U87/><E107/><V76/><F76/><W60/><G48/><T28/><D131/><U52/><E117/><N who="0" m="45161" /><D28/><U83/><E62/><V103/><F122/><W127/><G40/><T55/><D15/><U114/><E114/><V47/><F120/><W16/><G127/><T134/><D134/><U105/><E14/><V3/><F3/><W84/><G16/><T19/><D19/><U85/><E119/><V104/><F104/><W79/><G79/><T112/><D112/><U0/><E0/><V31/><F11/><W66/><G66/><T34/><D34/><AGARI ba="0,0" hai="1,4,8,24,29,34,57,60,67,69,70,84,89,92" machi="34" ten="30,1000,0" yaku="7,1" doraHai="94" who="3" fromWho="0" sc="125,-10,294,0,215,0,366,10" /><INIT seed="7,0,0,4,4,41" ten="115,294,215,376" oya="3" hai0="103,43,1,112,12,118,61,125,36,87,65,32,60" hai1="116,45,133,90,75,123,78,19,115,15,130,17,70" hai2="6,114,33,119,22,69,124,58,56,62,50,91,64" hai3="106,44,73,102,67,27,28,37,98,121,81,54,13"/><W26/><G121/><T23/><D103/><U18/><E70/><V7/><F33/><W92/><G67/><T85/><D87/><U57/><E123/><V16/><F119/><W25/><G73/><T104/><D85/><U68/><E116/><V77/><F77/><W24/><G81/><T20/><D104/><U94/><E68/><V129/><F114/><W5/><G106/><T89/><D89/><U55/><E115/><V84/><F129/><W93/><G93/><T42/><D1/><U3/><E3/><V134/><F134/><W9/><G37/><T66/><D32/><U46/><E130/><V11/><F11/><W10/><G10/><T82/><D82/><U117/><E133/><V35/><F35/><W110/><G110/><T53/><D112/><U131/><E131/><V86/><F86/><W2/><G2/><T63/><D118/><U49/><E117/><V122/><F122/><W72/><G72/><T111/><D61/><U127/><E127/><V74/><F124/><W30/><G27/><T128/><D128/><U99/><E75/><V51/><F74/><W126/><G126/><T8/><D125/><U100/><E78/><V132/><F132/><W29/><G29/><T76/><D76/><U79/><E79/><V97/><F97/><W39/><G28/><T105/><D105/><U113/><E113/><V47/><F7/><W52/><G5/><T38/><D111/><U95/><E15/><N who="2" m="9503" /><F6/><W135/><G30/><T4/><D8/><U107/><E107/><V21/><F21/><W0/><G135/><T48/><D4/><U83/><E83/><RYUUKYOKU ba="0,0" sc="115,-10,294,30,215,-10,376,-10" hai1="17,18,19,45,46,49,55,57,90,94,95,99,100" owari="105,-39.0,324,12.0,205,-19.0,366,46.0" /></mjloggm>