<mjloggm ver="2.3"><GO type="97" lobby="0"/><UN n0="%E3%83%8D%E3%82%AA%E3%83%A9%E3%83%B4%E3%82%A3%E3%83%B3" n1="%E5%B0%B1%E6%B4%BB%E7%94%9F%40%E5%B7%9D%E6%9D%91%E8%BB%8D%E5%9B%A3" n2="%45%72%72%6F%72%31" n3="%70%61%70%61%31%39%34%38" dan="14,15,13,14" rate="1901.39,1961.30,1953.09,1887.06" sx="M,M,M,M"/><TAIKYOKU oya="0"/><INIT seed="0,0,0,2,3,66" ten="250,250,250,250" oya="0" hai0="49,1,37,109,16,57,107,61,40,26,51,25,23" hai1="79,103,119,117,123,73,31,59,15,104,82,33,122" hai2="63,18,71,112,128,30,55,74,92,42,48,130,135" hai3="29,95,27,106,129,131,99,45,35,93,116,32,38"/><T10/><D109/><U58/><E15/><V85/><F74/><W80/><G116/><N who="1" m="44618" /><E59/><V78/><F112/><W69/><G80/><T12/><D107/><U118/><E58/><V11/><F30/><W108/><G108/><T65/><D1/><U56/><E56/><N who="2" m="32871" /><F42/><W98/><G106/><T96/><D37/><U60/><E60/><V121/><F121/><N who="1" m="46089" /><E31/><V52/><F135/><W4/><G4/><T43/><D26/><U46/><E46/><V68/><F78/><W17/><G17/><T113/><D96/><N who="1" m="61543" /><E118/><V125/><F11/><W72/><G35/><AGARI ba="0,0" hai="33,35,73,79,82" m="61543,46089,44618" machi="35" ten="30,1000,0" yaku="23,1" doraHai="66" who="1" fromWho="3" sc="250,0,250,10,250,0,250,-10" /><INIT seed="1,0,0,0,3,21" ten="250,260,250,240" oya="1" hai0="52,70,65,101,113,117,111,122,134,107,22,11,76" hai1="99,7,124,48,104,40,12,45,56,68,109,127,0" hai2="135,115,123,41,8,46,114,53,129,89,31,131,2" hai3="60,78,5,64,98,44,25,110,14,96,128,57,33"/><U97/><E0/><V51/><F123/><W27/><G110/><T13/><D122/><U79/><E79/><V47/><F31/><W59/><G128/><N who="2" m="49225" /><F2/><W87/><G33/><T116/><D113/><N who="2" m="43018" /><F8/><N who="3" m="4367" /><G44/><T35/><D134/><U4/><E68/><V18/><F18/><W118/><G118/><T50/><D111/><U82/><E82/><V17/><F17/><W119/><G119/><T112/><D35/><U6/><E104/><V108/><F108/><W91/><G78/><T81/><D112/><U43/><E43/><V105/><F105/><W69/><G69/><T132/><D132/><U71/><E71/><V29/><F29/><W125/><G125/><N who="1" m="48202" /><E109/><V54/><F89/><W16/><G59/><T72/><D22/><U75/><E75/><V63/><F63/><W121/><G121/><T67/><D101/><U23/><E56/><V74/><F74/><W120/><G120/><T34/><D107/><U32/><E32/><V106/><F106/><W38/><G38/><T73/><D34/><U36/><E36/><N who="2" m="21799" /><F135/><W37/><G37/><T30/><D73/><U39/><E39/><V19/><F19/><AGARI ba="0,0" hai="4,6,7,12,19,23,40,45,48,97,99" m="48202" machi="19" ten="30,1500,0" yaku="18,1" doraHai="21" who="1" fromWho="2" sc="250,0,260,15,250,-15,240,0" /><INIT seed="1,1,0,5,1,104" ten="250,275,235,240" oya="1" hai0="60,0,89,65,99,59,35,4,40,28,86,38,62" hai1="1,124,6,5,41,46,105,82,74,66,111,16,101" hai2="58,7,54,25,114,70,133,95,2,29,48,92,97" hai3="132,109,100,134,68,17,47,117,24,125,72,10,71"/><U42/><E66/><V61/><F133/><W80/><G100/><T63/><D28/><U26/><E124/><V122/><F122/><W112/><G112/><T110/><D35/><U21/><E111/><V8/><F114/><W34/><G125/><T43/><D110/><U98/><E1/><V69/><F92/><W18/><G109/><T64/><D63/><U120/><E120/><V52/><F54/><W30/><G117/><T56/><D99/><U107/><E107/><V45/><F29/><W102/><G102/><T121/><D38/><U55/><E42/><V33/><F33/><W57/><G57/><T90/><D121/><U108/><E108/><V126/><F25/><W49/><G17/><T37/><D37/><U67/><E67/><V77/><F77/><W14/><G47/><T53/><D53/><U96/><E96/><V106/><F106/><W85/><G49/><T88/><D86/><U81/><E55/><V131/><F131/><W27/><G27/><T75/><D75/><U9/><E9/><AGARI ba="1,0" hai="0,4,9,40,43,56,59,60,62,64,65,88,89,90" machi="9" ten="40,2600,0" yaku="9,1,54,1" doraHai="104" who="0" fromWho="1" sc="250,29,275,-29,235,0,240,0" /><INIT seed="2,0,0,5,1,68" ten="279,246,235,240" oya="2" hai0="10,105,20,67,38,49,83,1,31,88,19,33,102" hai1="13,134,14,72,36,63,7,77,76,60,15,47,66" hai2="42,11,61,26,95,91,35,135,124,107,40,58,5" hai3="86,94,12,28,55,132,122,25,9,84,51,29,85"/><V109/><F107/><W113/><G122/><T50/><D33/><U44/><E134/><V62/><F135/><W59/><G132/><T34/><D34/><U22/><E72/><V41/><F124/><W108/><G108/><T18/><D31/><U37/><E22/><V0/><F109/><W119/><G119/><T30/><D30/><U116/><E66/><V127/><F127/><W8/><G8/><T123/><D123/><U106/><E106/><V78/><F78/><N who="1" m="30313" /><E7/><V75/><F75/><W130/><G130/><T121/><D121/><U90/><E90/><V43/><N who="2" m="10752" /><DORA hai="103" /><V27/><F35/><W21/><G28/><T45/><D38/><N who="1" m="14955" /><E116/><V89/><F89/><W96/><G113/><T125/><D125/><U128/><E128/><V111/><F111/><W65/><G65/><T114/><D114/><U3/><E3/><V73/><F73/><W16/><G86/><T118/><D118/><U115/><E115/><V69/><F69/><W71/><REACH who="3" step="1"/><G71/><REACH who="3" ten="279,246,235,230" step="2"/><T126/><D67/><U32/><E32/><V104/><F104/><W112/><G112/><T54/><D126/><U93/><E93/><V101/><F101/><AGARI ba="0,1" hai="9,12,16,21,25,29,51,55,59,84,85,94,96,101" machi="101" ten="30,7700,0" yaku="1,1,7,1,8,1,54,1,53,0" doraHai="68,103" doraHaiUra="2,87" who="3" fromWho="2" sc="279,0,246,0,235,-77,230,87" /><INIT seed="3,0,0,1,3,64" ten="279,246,158,317" oya="3" hai0="0,1,39,56,70,40,108,21,102,123,3,115,20" hai1="77,100,83,34,48,38,134,71,97,82,58,133,129" hai2="35,80,8,69,75,4,50,110,63,72,5,74,13" hai3="87,12,106,68,22,6,79,126,37,15,91,32,11"/><W9/><G106/><T10/><D123/><U111/><E34/><V73/><F110/><W16/><G32/><T57/><D108/><U28/><E111/><V118/><F118/><W132/><G68/><T31/><D102/><U61/><E38/><V104/><N who="2" m="18944" /><DORA hai="95" /><V52/><F35/><W14/><G37/><T84/><D10/><U109/><E28/><V98/><F80/><W43/><G43/><T131/><D131/><U121/><E109/><V96/><F104/><W65/><G65/><T112/><D31/><U76/><E129/><V51/><F4/><W25/><G132/><N who="1" m="50794" /><E48/><V101/><F101/><W120/><G120/><T26/><D26/><U47/><E47/><V46/><REACH who="2" step="1"/><F50/><REACH who="2" ten="279,246,148,317" step="2"/><W117/><G117/><T27/><D39/><U24/><E121/><V41/><F41/><W62/><G6/><T7/><D40/><U49/><E83/><V90/><F90/><W17/><G62/><T42/><D7/><U55/><E82/><V30/><F30/><W94/><G79/><T103/><D42/><U60/><E77/><V124/><F124/><W36/><G126/><T33/><D103/><U114/><E76/><V105/><F105/><W18/><G36/><T107/><D33/><U88/><E100/><V92/><F92/><W122/><G122/><T59/><D107/><U67/><E60/><V99/><F99/><W66/><G66/><AGARI ba="0,1" hai="5,8,13,46,51,52,63,66,69,96,98" m="18944" machi="66" ten="70,8000,1" yaku="1,1,52,3,54,1,53,0" doraHai="64,95" doraHaiUra="135,89" who="2" fromWho="3" sc="279,0,246,0,148,90,317,-80" /><INIT seed="4,0,0,2,5,96" ten="279,246,238,237" oya="0" hai0="34,9,100,101,43,76,80,62,98,111,46,29,109" hai1="81,73,33,59,123,66,106,115,57,10,19,132,122" hai2="110,16,95,75,131,97,64,71,85,30,47,86,117" hai3="108,20,135,93,78,51,35,50,27,125,3,82,72"/><T102/><D62/><U56/><E33/><V45/><F75/><W36/><G108/><N who="0" m="41547" /><D9/><U41/><E106/><V4/><F110/><W44/><G35/><T113/><D113/><U31/><E66/><V60/><F131/><W133/><G3/><T61/><D61/><U105/><E105/><V24/><F117/><W12/><G12/><T58/><D58/><U94/><E31/><V21/><F4/><W52/><G125/><T6/><D6/><U104/><E104/><V15/><F85/><W112/><G112/><T124/><D124/><U63/><E63/><V5/><F86/><W126/><G126/><T88/><D88/><U107/><E107/><V92/><F5/><W116/><G36/><N who="0" m="21863" /><D29/><U37/><E37/><V128/><F128/><W67/><G67/><T42/><D42/><U32/><E115/><V25/><F25/><W68/><G68/><T22/><D22/><U18/><E41/><V38/><F38/><W49/><G116/><T69/><D34/><U53/><E32/><V28/><F28/><W84/><G72/><N who="0" m="43015" /><D69/><U14/><E73/><V129/><F129/><W17/><REACH who="3" step="1"/><G93/><AGARI ba="0,0" hai="93,98,100,101,102" m="43015,21863,41547" machi="93" ten="30,11600,0" yaku="10,1,52,3" doraHai="96" who="0" fromWho="3" sc="279,116,246,0,238,0,237,-116" owari="395,49.0,246,5.0,238,-16.0,121,-38.0" /></mjloggm>