<mjloggm ver="2.3"><GO type="41" lobby="0"/><UN n0="%E5%B0%B1%E6%B4%BB%E7%94%9F%40%E5%B7%9D%E6%9D%91%E8%BB%8D%E5%9B%A3" n1="%E3%81%B4%E3%81%84" n2="%E3%81%82%E3%81%84%E3%81%BF%E3%81%A1%E3%82%83%E3%82%93%46%43" n3="%6D%6F%6D%69%6B" dan="15,14,15,13" rate="1958.95,1928.94,2038.31,1891.22" sx="M,M,M,M"/><TAIKYOKU oya="0"/><INIT seed="0,0,0,5,5,30" ten="250,250,250,250" oya="0" hai0="122,119,60,24,65,29,32,97,111,47,25,82,41" hai1="131,45,90,52,64,23,31,50,38,6,20,128,67" hai2="125,10,103,127,115,54,80,5,135,42,43,120,58" hai3="22,27,105,126,112,21,79,118,99,51,73,39,93"/><T109/><D122/><U83/><E38/><V33/><F120/><W129/><G39/><T34/><D119/><U36/><E36/><V4/><F115/><W12/><G118/><T0/><D0/><U133/><E133/><V85/><F135/><W130/><G112/><T95/><D82/><U63/><E6/><V100/><F10/><W55/><G105/><T72/><D72/><U69/><E67/><V28/><F80/><W78/><G126/><T74/><D74/><U3/><E3/><V19/><F19/><W26/><G73/><T86/><D86/><N who="1" m="50527" /><E31/><V123/><F85/><W18/><G129/><AGARI ba="0,0" hai="20,23,45,50,52,63,64,69,128,129,131" m="50527" machi="129" ten="30,2000,0" yaku="19,1,54,1" doraHai="30" who="1" fromWho="3" sc="250,0,250,20,250,0,250,-20" /><INIT seed="1,0,0,2,4,23" ten="250,270,250,230" oya="1" hai0="121,120,50,4,108,28,103,84,106,132,2,17,34" hai1="47,104,16,92,40,67,110,51,100,80,87,43,38" hai2="44,10,58,133,29,102,131,107,127,85,78,56,97" hai3="86,32,81,5,53,13,105,30,12,8,90,61,112"/><U77/><E104/><V1/><F133/><W60/><G105/><T6/><D106/><U63/><E110/><V113/><F113/><W75/><G75/><T35/><D103/><U69/><E40/><V9/><F127/><W39/><G39/><T68/><D68/><U70/><E70/><V64/><F131/><W114/><G32/><N who="0" m="12331" /><D50/><U19/><REACH who="1" step="1"/><E38/><REACH who="1" ten="250,260,250,230" step="2"/><V36/><F36/><W26/><G114/><T88/><D108/><U91/><E91/><V14/><F107/><W18/><G112/><T54/><D121/><U24/><E24/><V101/><F102/><W48/><G30/><T124/><D120/><U76/><E76/><V96/><F29/><W94/><G81/><T49/><D88/><U122/><E122/><V128/><F78/><W3/><G3/><T116/><D2/><U41/><E41/><V109/><F1/><W99/><G86/><T52/><D124/><U25/><E25/><V27/><F85/><W21/><REACH who="3" step="1"/><G13/><REACH who="3" ten="250,260,250,220" step="2"/><T59/><D84/><U98/><AGARI ba="0,2" hai="16,19,43,47,51,63,67,69,77,80,87,92,98,100" machi="98" ten="30,6000,0" yaku="1,1,0,1,54,1,53,0" doraHai="23" doraHaiUra="126" who="1" fromWho="1" sc="250,-20,260,80,250,-20,220,-20" /><INIT seed="1,1,0,5,2,98" ten="230,340,230,200" oya="1" hai0="4,42,119,53,60,39,107,48,35,9,130,70,36" hai1="108,26,45,71,66,10,85,51,46,6,21,43,100" hai2="14,65,3,11,23,128,122,30,121,112,129,24,132" hai3="102,88,125,63,47,31,97,91,57,118,131,20,1"/><U116/><E116/><V134/><F3/><W37/><G118/><T126/><D107/><U69/><E108/><V15/><F65/><W78/><G1/><T50/><D35/><U74/><E74/><V77/><F77/><W64/><G78/><T58/><D119/><U87/><E46/><V73/><F73/><W34/><G34/><T127/><D9/><U81/><E66/><V19/><F15/><W61/><G61/><T75/><D4/><U99/><E69/><V13/><F13/><W94/><G131/><N who="2" m="50249" /><F112/><W86/><G125/><N who="0" m="47627" /><D75/><U33/><E71/><V56/><F56/><W120/><G120/><AGARI ba="1,0" hai="11,14,19,23,24,30,120,121,122,132,134" m="50249" machi="120" ten="30,3900,0" yaku="19,1,34,2" doraHai="98" who="2" fromWho="3" sc="230,0,340,0,230,42,200,-42" /><INIT seed="2,0,0,4,1,12" ten="230,340,272,158" oya="2" hai0="63,110,86,3,122,56,51,108,135,40,118,66,132" hai1="27,62,35,73,76,96,126,121,99,6,97,124,9" hai2="22,67,115,4,70,55,92,21,15,74,44,28,119" hai3="111,120,60,10,94,116,125,72,95,16,45,131,41"/><V38/><F119/><W127/><G72/><T48/><D3/><U113/><E113/><V90/><F74/><W50/><G120/><T30/><D30/><U100/><E121/><V84/><F115/><W77/><G131/><T24/><D24/><U46/><E73/><V31/><F22/><W114/><G77/><T87/><D87/><U57/><E76/><V14/><F70/><W104/><G104/><T0/><D86/><U42/><E100/><V69/><F69/><W29/><G114/><T80/><D80/><U102/><E102/><V7/><F67/><W25/><G116/><T98/><D98/><U8/><E35/><V13/><F38/><W23/><G60/><T91/><D91/><U101/><E101/><V54/><F44/><W117/><G111/><N who="0" m="42539" /><D0/><U18/><E124/><N who="3" m="47690" /><G117/><T68/><D122/><U88/><E126/><V79/><F79/><W71/><G71/><T39/><D118/><U33/><E33/><V5/><F21/><N who="3" m="15535" /><G10/><T130/><D130/><U20/><E6/><V52/><AGARI ba="0,0" hai="4,5,7,13,14,15,28,31,52,54,55,84,90,92" machi="52" ten="40,12000,1" yaku="0,1,29,2,8,1,54,1" doraHai="12" who="2" fromWho="2" sc="230,-40,340,-40,272,120,158,-40" /><INIT seed="2,1,0,5,0,95" ten="190,300,392,118" oya="2" hai0="13,34,24,55,76,114,63,56,98,44,74,118,17" hai1="93,21,75,59,113,20,123,18,97,116,66,50,88" hai2="82,28,60,106,101,16,128,51,14,96,7,80,5" hai3="102,84,9,49,129,72,87,58,11,39,26,48,68"/><V69/><F128/><W8/><G68/><T29/><D118/><U109/><E116/><V2/><F28/><W134/><G39/><T47/><D114/><U31/><E113/><V86/><F80/><W77/><G129/><T105/><D76/><U104/><E75/><V3/><F51/><W43/><G134/><T112/><D74/><U57/><E104/><V115/><F115/><W70/><G70/><T53/><D112/><U125/><E109/><V79/><F3/><W10/><G72/><T27/><D27/><U6/><E125/><V91/><F2/><W132/><G132/><T61/><D105/><U117/><E117/><V41/><F41/><W36/><G36/><T64/><D98/><U85/><E6/><V46/><F46/><W71/><G71/><T99/><D99/><U111/><E111/><V124/><F79/><W121/><G102/><T135/><D135/><U0/><E0/><V33/><F33/><W22/><G121/><T54/><REACH who="0" step="1"/><D61/><REACH who="0" ten="180,300,392,118" step="2"/><U62/><E97/><V52/><F124/><W65/><G77/><T107/><D107/><U119/><E119/><V23/><REACH who="2" step="1"/><F69/><REACH who="2" ten="180,300,382,118" step="2"/><W78/><G78/><T94/><D94/><U120/><E123/><V30/><F30/><W90/><G43/><T110/><D110/><U35/><E120/><V73/><F73/><W1/><G1/><T67/><D67/><U37/><E31/><V100/><F100/><W103/><G103/><T4/><D4/><U83/><E66/><V25/><F25/><W40/><G65/><T122/><D122/><U15/><E93/><V32/><F32/><W89/><G26/><RYUUKYOKU ba="1,2" sc="180,15,300,-15,382,15,118,-15" hai0="13,17,24,29,34,44,47,53,54,55,56,63,64" hai2="5,7,14,16,23,52,60,82,86,91,96,101,106" /><INIT seed="2,2,2,0,2,22" ten="195,285,397,103" oya="2" hai0="112,29,106,57,41,121,48,51,103,134,68,85,37" hai1="43,26,111,95,66,77,100,14,122,114,12,53,18" hai2="128,72,59,135,93,2,38,67,9,70,33,16,127" hai3="11,82,131,65,98,116,17,52,0,58,62,56,76"/><V63/><F135/><W99/><G116/><T119/><D68/><U46/><E114/><V60/><F128/><W89/><G89/><T21/><D121/><U101/><E111/><V8/><F127/><W25/><G131/><T124/><D112/><U30/><E66/><V86/><F72/><W80/><G0/><T44/><D119/><U23/><E122/><V39/><F33/><W130/><G130/><T102/><D124/><U107/><E107/><V79/><F9/><W125/><G125/><T96/><D134/><U36/><E77/><V5/><F16/><W126/><G126/><T34/><D102/><U7/><E7/><V90/><REACH who="2" step="1"/><F79/><REACH who="2" ten="195,285,387,103" step="2"/><W1/><G11/><T94/><D34/><U28/><E14/><V115/><F115/><W64/><G76/><T87/><D29/><U40/><E28/><V132/><F132/><W15/><G1/><T20/><D20/><U69/><E30/><V27/><F27/><W47/><G15/><T113/><D21/><U129/><E129/><V120/><F120/><W45/><G80/><T88/><D113/><U35/><E35/><V13/><F13/><W81/><G81/><T49/><REACH who="0" step="1"/><D85/><REACH who="0" ten="185,285,387,103" step="2"/><U123/><E123/><V75/><F75/><W83/><G83/><T118/><D118/><U133/><E23/><V31/><F31/><W84/><G84/><T50/><D50/><U42/><E133/><V92/><F92/><W71/><G82/><T54/><AGARI ba="2,4" hai="37,41,44,48,49,51,54,57,87,88,94,96,103,106" machi="54" ten="30,4000,0" yaku="1,1,0,1,54,1,53,0" doraHai="22" doraHaiUra="73" who="0" fromWho="0" sc="185,86,285,-12,387,-22,103,-12" /><INIT seed="3,0,0,0,2,8" ten="271,273,365,91" oya="3" hai0="43,121,28,50,70,111,52,24,12,36,74,53,114" hai1="115,90,79,88,134,10,69,102,83,31,123,86,35" hai2="81,82,71,9,16,14,59,48,99,97,72,100,37" hai3="66,65,126,42,85,119,34,67,3,130,4,55,127"/><W62/><G119/><T89/><D74/><U108/><E123/><V45/><F71/><W63/><G34/><T11/><D121/><U5/><E115/><V118/><F118/><W122/><G122/><T58/><D70/><U76/><E69/><V17/><F72/><W0/><G4/><T132/><D114/><U1/><E108/><V57/><F37/><W49/><G85/><T38/><D111/><U107/><E134/><V29/><F29/><W112/><G112/><T125/><D132/><U80/><E35/><V54/><F17/><W39/><G3/><T40/><D125/><N who="3" m="47625" /><G0/><T96/><D38/><U104/><E31/><V131/><F131/><W44/><G130/><T26/><D36/><U133/><E133/><V21/><F99/><W15/><G15/><T73/><D73/><U22/><E22/><V6/><F82/><W60/><G39/><T27/><D53/><AGARI ba="0,0" hai="42,44,49,53,55,60,62,63,65,66,67" m="47625" machi="53" ten="40,7700,0" yaku="18,1,34,2" doraHai="8" who="3" fromWho="0" sc="271,-77,273,0,365,0,91,77" /><INIT seed="3,1,0,4,3,33" ten="194,273,365,168" oya="3" hai0="22,112,28,93,31,77,88,12,42,5,132,126,95" hai1="80,21,134,70,131,81,64,127,62,66,107,24,25" hai2="34,129,4,99,41,50,120,49,76,61,10,14,111" hai3="130,52,2,60,48,135,87,91,26,8,30,29,65"/><W13/><G130/><T108/><D126/><U100/><E131/><V7/><F129/><W45/><G135/><T3/><D3/><U75/><E134/><V23/><F120/><W37/><G37/><T83/><D132/><U71/><E127/><V116/><F116/><W94/><G26/><T51/><D112/><U40/><E40/><V92/><F34/><W74/><G74/><T9/><D108/><U1/><E107/><V6/><F111/><W121/><G121/><T35/><D35/><U119/><E100/><N who="2" m="60519" /><F76/><W19/><REACH who="3" step="1"/><G2/><REACH who="3" ten="194,273,365,158" step="2"/><T97/><D31/><U27/><E1/><V20/><F14/><W11/><G11/><T67/><D28/><U78/><E119/><V101/><F10/><W110/><G110/><T17/><D67/><U105/><E66/><V90/><F23/><W124/><G124/><T103/><D9/><U72/><E21/><V98/><F20/><W79/><G79/><T54/><D5/><U43/><E75/><V15/><F6/><W59/><AGARI ba="1,1" hai="8,13,19,29,30,45,48,52,59,60,65,87,91,94" machi="59" ten="20,18000,2" yaku="1,1,0,1,7,1,8,1,54,1,53,1" doraHai="33" doraHaiUra="84" who="3" fromWho="3" sc="194,-61,273,-61,365,-61,158,193" /><INIT seed="3,2,0,3,4,4" ten="133,212,304,351" oya="3" hai0="26,131,9,133,62,68,65,92,125,60,59,7,77" hai1="66,95,32,51,91,46,71,11,42,132,114,69,82" hai2="48,106,61,8,55,44,109,6,94,98,123,121,78" hai3="54,120,99,24,135,74,37,35,130,127,90,41,33"/><W107/><G24/><T36/><D36/><U58/><E32/><V105/><F109/><W39/><G99/><T83/><D125/><U89/><E114/><V19/><F19/><W73/><G54/><T13/><D131/><U1/><E132/><V101/><F78/><W113/><G90/><T118/><D118/><U100/><E100/><V97/><F61/><W22/><G22/><T72/><D133/><U124/><E124/><V56/><F44/><W86/><G86/><T40/><D40/><U108/><E108/><V85/><F85/><W29/><G29/><T10/><D26/><U38/><E82/><V128/><F128/><W63/><G63/><T31/><D31/><U3/><E91/><V67/><F67/><W45/><G45/><T49/><D49/><U87/><E3/><V47/><F47/><W76/><G76/><T79/><D79/><U112/><E112/><V21/><F21/><W28/><G28/><T129/><D129/><U70/><E58/><V134/><F134/><W119/><G41/><T93/><REACH who="0" step="1"/><D9/><REACH who="0" ten="123,212,304,351" step="2"/><U88/><E38/><V111/><F111/><W2/><G37/><T18/><D18/><U126/><E126/><V110/><F110/><W104/><G35/><T34/><D34/><U25/><E25/><V16/><F16/><W53/><G127/><T50/><D50/><U96/><E11/><V122/><REACH who="2" step="1"/><F98/><REACH who="2" ten="123,212,294,351" step="2"/><W5/><G130/><T23/><D23/><U12/><E96/><V75/><F75/><W57/><G73/><T84/><D84/><U14/><E87/><V52/><F52/><AGARI ba="2,2" hai="7,10,13,52,59,60,62,65,68,72,77,83,92,93" machi="52" ten="30,8000,1" yaku="1,1,7,1,52,1,54,1,53,1" doraHai="4" doraHaiUra="64" who="0" fromWho="2" sc="123,106,212,0,294,-86,351,0" /><INIT seed="4,0,0,4,2,72" ten="229,212,208,351" oya="0" hai0="129,73,2,91,59,4,103,85,83,131,22,12,76" hai1="74,30,16,65,109,81,25,96,124,60,50,32,55" hai2="69,10,5,53,94,134,66,24,122,19,35,75,44" hai3="31,82,128,135,111,41,130,62,114,99,1,34,7"/><T38/><D38/><U40/><E109/><V112/><F122/><W28/><G111/><T52/><D2/><U39/><E124/><V11/><F112/><W98/><G41/><T23/><D103/><U95/><E39/><V132/><F75/><W107/><G34/><T105/><D105/><U45/><E40/><V51/><F11/><W63/><G114/><T117/><D117/><U120/><E120/><V57/><F94/><W6/><G82/><N who="0" m="49591" /><D4/><U15/><E74/><V20/><F35/><W123/><G123/><T97/><D12/><U58/><E81/><V37/><F10/><W84/><G84/><T100/><D97/><U127/><E127/><V89/><F89/><W86/><G86/><T115/><D100/><U3/><E3/><V43/><REACH who="2" step="1"/><F5/><REACH who="2" ten="229,212,198,351" step="2"/><W56/><G1/><T33/><D33/><U77/><E95/><V106/><F106/><W14/><G107/><T0/><D115/><U18/><E32/><V118/><F118/><W64/><G6/><T48/><D0/><U116/><E116/><V133/><F133/><W49/><G135/><T121/><D121/><U113/><E113/><V17/><F17/><W92/><G7/><T119/><D119/><U9/><E18/><V108/><F108/><W54/><G31/><T70/><D70/><U71/><E71/><V78/><F78/><W88/><G28/><T61/><D23/><N who="1" m="15679" /><E77/><V104/><F104/><W36/><G14/><T93/><D22/><U26/><E26/><V13/><F13/><W29/><G29/><T68/><D93/><U46/><E96/><V8/><F8/><W110/><G92/><RYUUKYOKU ba="0,1" sc="229,10,212,10,198,10,351,-30" hai0="48,52,59,61,68,73,76,83,129,131" hai1="9,15,16,45,46,50,55,58,60,65" hai2="19,20,24,37,43,44,51,53,57,66,69,132,134" /><INIT seed="4,1,1,0,0,14" ten="239,222,208,321" oya="0" hai0="3,68,42,77,17,8,135,38,37,124,134,78,64" hai1="66,23,70,27,76,41,113,118,107,82,100,65,130" hai2="74,49,127,121,46,85,36,132,103,83,29,57,12" hai3="86,125,94,131,21,92,48,24,61,59,67,122,18"/><T101/><D124/><U28/><E118/><V111/><F111/><W123/><G125/><T97/><D68/><U117/><E117/><V69/><F127/><W72/><G72/><T56/><D64/><U87/><E130/><V1/><F132/><N who="0" m="50730" /><D56/><U108/><E108/><V104/><F121/><N who="3" m="46091" /><G131/><T16/><D3/><U91/><E41/><V99/><F1/><W106/><G106/><N who="0" m="63791" /><D8/><U62/><E113/><V52/><F69/><W5/><G5/><T89/><D89/><U51/><E51/><V22/><F74/><W71/><G86/><T60/><D60/><U31/><E66/><V58/><F36/><N who="0" m="13930" /><D42/><U50/><E50/><V40/><F40/><W93/><G48/><T4/><D4/><U119/><E119/><V34/><F34/><W7/><G7/><T133/><D133/><U109/><E109/><V20/><F57/><AGARI ba="1,1" hai="18,21,24,57,59,61,67,71,92,93,94" m="46091" machi="57" ten="30,2000,0" yaku="13,1,52,1" doraHai="14" who="3" fromWho="2" sc="239,0,222,0,208,-23,321,33" /><INIT seed="5,0,0,4,5,33" ten="239,222,185,354" oya="1" hai0="76,129,67,134,103,82,36,116,39,94,41,59,16" hai1="108,12,128,0,107,98,102,38,26,90,95,115,131" hai2="53,130,57,50,45,21,112,19,64,46,121,106,24" hai3="18,23,105,58,96,111,6,37,123,25,62,22,126"/><U97/><E38/><V86/><F130/><N who="1" m="49705" /><E26/><V51/><F121/><W75/><G111/><T113/><D116/><U69/><E69/><V93/><F112/><W4/><G75/><T80/><D113/><U2/><E115/><V91/><F106/><W11/><G123/><T125/><D125/><U89/><E108/><V35/><F35/><W27/><G37/><T88/><D129/><U63/><E63/><V117/><F117/><W61/><G126/><T71/><D71/><U84/><E12/><V78/><F78/><W56/><G105/><T31/><D31/><U55/><E55/><V79/><F79/><W34/><G34/><T104/><D134/><U17/><E17/><V30/><F64/><W124/><G124/><T122/><D122/><U40/><E40/><V85/><F19/><W132/><G18/><T127/><D41/><U119/><E119/><V5/><F5/><W133/><G96/><T66/><D36/><U110/><E110/><V44/><REACH who="2" step="1"/><F85/><REACH who="2" ten="239,222,175,354" step="2"/><W109/><G109/><T114/><D39/><U120/><E120/><V74/><F74/><W135/><G135/><T3/><D127/><U20/><E20/><V43/><AGARI ba="0,1" hai="21,24,30,43,44,45,46,50,51,53,57,86,91,93" machi="43" ten="20,8000,1" yaku="1,1,0,1,7,1,8,1,53,1" doraHai="33" doraHaiUra="52" who="2" fromWho="2" sc="239,-20,222,-40,175,90,354,-20" /><INIT seed="6,0,0,2,4,55" ten="219,182,265,334" oya="2" hai0="119,81,83,34,45,37,79,16,11,135,61,38,35" hai1="126,6,8,4,49,129,31,104,84,52,107,125,15" hai2="5,103,82,56,97,46,99,121,17,98,2,20,122" hai3="112,19,91,90,74,123,108,66,13,32,92,111,33"/><V120/><F82/><W41/><G123/><T100/><D119/><U27/><E129/><V57/><F103/><W128/><G74/><T23/><D100/><U51/><E6/><V53/><F46/><W114/><G41/><T134/><D11/><U14/><E14/><V69/><F69/><W28/><G66/><T115/><D115/><N who="3" m="44073" /><G92/><T94/><D94/><U80/><E51/><V7/><F2/><W95/><G95/><T64/><D45/><U36/><E36/><V70/><F70/><W105/><G128/><T30/><D30/><U62/><E62/><V26/><REACH who="2" step="1"/><F53/><REACH who="2" ten="219,182,255,334" step="2"/><W60/><G105/><T88/><D81/><U1/><E1/><V3/><F3/><W22/><G60/><T127/><D37/><U40/><E107/><V39/><F39/><W102/><G102/><T76/><D38/><U68/><E104/><V71/><F71/><W93/><G93/><T86/><D76/><U58/><E68/><V77/><F77/><W24/><G33/><T48/><D79/><U72/><E40/><V59/><AGARI ba="0,1" hai="5,7,17,20,26,56,57,59,97,98,99,120,121,122" machi="59" ten="40,24000,3" yaku="1,1,0,1,29,2,52,3,53,3" doraHai="55" doraHaiUra="118" who="2" fromWho="2" sc="219,-80,182,-80,255,250,334,-80" /><INIT seed="6,1,0,2,1,26" ten="139,102,505,254" oya="2" hai0="124,113,63,98,36,66,57,111,75,49,77,118,62" hai1="108,61,115,31,17,23,51,32,47,37,64,102,6" hai2="130,117,125,1,30,94,76,67,92,90,72,65,131" hai3="91,44,101,127,100,59,73,107,68,128,48,69,4"/><V21/><F117/><W40/><G73/><T85/><D111/><U8/><E108/><V104/><F104/><W52/><G127/><T83/><D118/><U28/><E37/><V132/><F1/><W13/><G128/><N who="2" m="49193" /><F132/><W112/><G112/><T0/><D0/><U25/><E102/><V121/><F121/><W43/><G43/><T11/><D36/><U42/><E32/><V134/><F134/><W55/><G107/><T33/><D33/><U103/><E103/><V70/><F70/><W22/><G101/><T53/><D124/><U39/><E39/><V18/><F18/><W81/><G100/><T9/><D113/><U78/><E78/><V88/><F72/><W129/><G129/><T122/><D122/><U41/><E41/><V119/><F119/><W80/><G68/><T87/><D98/><U56/><REACH who="1" step="1"/><E115/><REACH who="1" ten="139,92,505,254" step="2"/><V96/><F76/><W71/><G69/><T120/><D120/><U29/><E29/><V58/><F125/><W99/><G71/><T3/><D3/><AGARI ba="1,1" hai="3,6,8,17,23,25,28,31,42,47,51,56,61,64" machi="3" ten="30,7700,0" yaku="1,1,7,1,52,2,53,0" doraHai="26" doraHaiUra="84" who="1" fromWho="0" sc="139,-80,92,90,505,0,254,0" /><INIT seed="7,0,0,5,4,17" ten="59,182,505,254" oya="3" hai0="29,70,12,32,46,37,6,30,108,101,75,124,60" hai1="27,24,115,69,122,45,79,90,52,80,14,72,49" hai2="42,92,2,85,112,95,93,82,81,5,39,71,135" hai3="4,64,78,131,77,48,119,123,113,11,62,50,127"/><W8/><G123/><T51/><D75/><U117/><E69/><V128/><F128/><W118/><G131/><T22/><D37/><U20/><E122/><V1/><F135/><W106/><G127/><T84/><D32/><U53/><E115/><V74/><F71/><W47/><G113/><T121/><D124/><U87/><E117/><V83/><F112/><W21/><G106/><T86/><D121/><U31/><E14/><V43/><F74/><W0/><G47/><T114/><D114/><U66/><E66/><V3/><F5/><W107/><G107/><T129/><D108/><U15/><E15/><V130/><F130/><W35/><G35/><T98/><D129/><U38/><E38/><V23/><F23/><W120/><G120/><T18/><D6/><U134/><E134/><V58/><F58/><W19/><G11/><T99/><D70/><U109/><E109/><V59/><F39/><W111/><G111/><T55/><D60/><U56/><E24/><V91/><REACH who="2" step="1"/><F59/><REACH who="2" ten="59,182,495,254" step="2"/><N who="3" m="36959" /><G119/><T54/><D54/><U110/><E110/><V9/><F9/><W67/><G118/><T68/><D68/><U126/><E126/><V34/><F34/><W89/><G8/><T116/><D116/><U76/><E72/><V65/><F65/><W105/><G67/><T26/><D30/><U97/><E97/><V102/><F102/><W73/><G4/><T57/><D57/><U36/><E36/><V25/><F25/><W16/><G73/><T94/><REACH who="0" step="1"/><D98/><REACH who="0" ten="49,182,495,254" step="2"/><U13/><E53/><V28/><F28/><W10/><G0/><T103/><D103/><U96/><E56/><RYUUKYOKU ba="0,2" sc="49,15,182,-15,495,15,254,-15" hai0="12,18,22,26,29,46,51,55,84,86,94,99,101" hai2="1,2,3,42,43,81,82,83,85,91,92,93,95" owari="64,-44.0,167,-23.0,530,63.0,239,4.0" /></mjloggm>