<mjloggm ver="2.3"><GO type="225" lobby="0"/><UN n0="%53%65%6E%61%72" n1="%E5%B0%B1%E6%B4%BB%E7%94%9F%40%E5%B7%9D%E6%9D%91%E8%BB%8D%E5%9B%A3" n2="%E7%B6%BE%E9%A6%99" n3="%3A%63%6F%63%75%61%3A" dan="16,16,16,16" rate="2161.38,2112.06,2146.39,2108.94" sx="M,M,F,M"/><TAIKYOKU oya="0"/><INIT seed="0,0,0,5,0,9" ten="250,250,250,250" oya="0" hai0="45,76,115,39,124,66,14,40,27,18,25,84,64" hai1="111,94,10,37,74,35,72,91,19,5,33,65,48" hai2="77,2,83,101,71,17,127,50,132,98,28,95,20" hai3="13,103,55,7,105,117,53,80,3,114,59,41,89"/><T42/><D115/><U1/><E37/><V104/><F2/><W100/><G114/><T69/><D124/><U58/><E111/><V73/><F71/><W32/><G32/><T11/><D42/><U21/><E72/><V81/><F127/><W49/><G3/><T46/><D46/><U6/><E6/><V109/><F109/><W8/><G41/><T78/><D78/><U93/><E74/><V88/><F132/><W82/><G117/><T99/><D99/><U67/><E93/><V116/><F116/><W128/><G128/><T107/><D107/><U24/><E67/><V90/><F28/><W16/><G7/><T97/><D97/><U31/><E31/><V61/><F61/><N who="3" m="36079" /><G105/><T108/><D108/><U15/><E24/><V4/><F4/><W36/><G36/><T51/><D39/><U120/><E120/><V106/><F50/><W22/><G22/><T129/><D129/><U133/><E133/><V121/><F121/><W30/><G30/><T54/><D40/><U92/><E92/><V68/><F68/><W130/><G130/><T123/><D123/><U122/><E122/><V34/><F34/><W112/><G112/><T44/><D44/><U47/><E58/><V96/><F20/><W26/><G26/><N who="0" m="9739" /><D69/><U23/><E65/><V86/><F17/><W38/><G38/><T126/><D126/><U12/><E35/><V0/><F0/><W57/><G89/><T102/><D102/><AGARI ba="0,0" hai="8,13,16,49,55,57,80,82,100,102,103" m="36079" machi="102" ten="30,3900,0" yaku="8,1,52,1,54,1" doraHai="9" who="3" fromWho="0" sc="250,-39,250,0,250,0,250,39" /><INIT seed="1,0,0,4,3,32" ten="211,250,250,289" oya="1" hai0="128,22,48,121,117,84,4,63,31,112,38,74,0" hai1="96,125,70,80,18,92,5,77,85,120,58,101,50" hai2="67,51,33,23,97,37,54,131,57,9,27,91,95" hai3="8,110,56,43,29,82,100,20,116,115,129,109,30"/><U88/><E70/><V69/><F37/><W122/><G115/><T19/><D38/><U2/><E120/><V1/><F33/><W52/><G116/><T75/><D112/><U132/><E132/><V15/><F131/><W34/><G122/><T126/><D117/><U108/><E125/><V21/><F1/><W36/><G34/><T78/><D121/><U98/><E108/><N who="3" m="41578" /><G100/><T86/><D31/><U60/><E50/><V13/><F69/><W17/><G8/><T71/><D48/><U55/><E18/><N who="2" m="10447" /><F67/><W41/><G82/><T73/><D78/><U47/><E47/><V94/><F95/><W79/><G79/><T28/><D28/><N who="3" m="10857" /><G36/><T62/><D128/><U111/><E111/><V103/><F103/><W127/><G127/><T81/><D126/><U66/><E66/><V42/><F42/><W87/><G87/><T104/><D104/><U83/><E83/><V16/><F9/><W64/><G64/><T118/><D118/><U114/><E114/><V46/><F46/><W99/><G99/><T107/><D107/><U130/><E130/><V53/><F54/><W25/><G129/><T44/><D44/><U14/><E14/><AGARI ba="0,0" hai="14,15,16,23,27,51,53,57,91,94,97" m="10447" machi="14" ten="30,2000,0" yaku="8,1,54,1" doraHai="32" who="2" fromWho="1" sc="211,0,250,-20,250,20,289,0" /><INIT seed="2,0,0,5,5,57" ten="211,230,270,289" oya="2" hai0="78,101,81,89,41,47,32,107,120,127,24,103,7" hai1="69,88,45,30,97,65,1,5,51,8,67,64,99" hai2="119,28,129,11,54,17,4,86,96,31,52,0,106" hai3="14,102,122,133,100,70,15,60,61,18,43,55,29"/><V124/><F119/><W98/><G122/><T130/><D120/><U46/><E69/><V13/><F129/><W66/><G133/><T84/><D130/><U48/><E30/><V113/><F113/><W72/><G72/><T9/><D127/><U19/><E19/><V75/><F75/><W49/><G29/><T114/><D114/><U125/><E125/><V116/><F116/><W92/><G102/><T37/><D107/><U117/><E117/><V115/><F115/><W135/><G135/><T80/><D24/><U132/><E132/><V27/><F124/><W44/><G61/><T40/><D40/><U108/><E108/><V12/><F86/><W79/><G79/><T104/><D104/><U91/><E97/><V111/><F111/><W39/><REACH who="3" step="1"/><G18/><REACH who="3" ten="211,230,270,279" step="2"/><T82/><D32/><U35/><E35/><N who="2" m="20895" /><F31/><W33/><G33/><T123/><D123/><U126/><E126/><V105/><F17/><W50/><G50/><T94/><REACH who="0" step="1"/><D78/><REACH who="0" ten="201,230,270,279" step="2"/><U21/><E91/><V63/><F106/><W110/><G110/><T109/><D109/><U121/><E121/><V23/><F105/><W34/><G34/><T118/><D118/><U87/><E88/><V77/><F77/><W73/><G73/><T16/><D16/><U56/><E5/><V76/><F4/><W6/><G6/><T53/><D53/><U71/><E65/><V22/><F52/><W58/><AGARI ba="0,2" hai="14,15,39,43,44,49,55,58,60,66,70,92,98,100" machi="58" ten="20,12000,2" yaku="1,1,0,1,7,1,24,2,52,1,53,0" doraHai="57" doraHaiUra="112" who="3" fromWho="3" sc="201,-30,230,-30,270,-60,279,140" /><INIT seed="3,0,0,1,1,47" ten="171,200,210,419" oya="3" hai0="100,112,28,132,94,46,77,85,30,57,12,26,0" hai1="8,80,128,86,24,37,56,67,41,134,3,104,59" hai2="81,78,5,64,111,74,66,10,117,38,50,31,4" hai3="95,14,52,17,90,92,13,1,113,34,6,23,39"/><W131/><G39/><T116/><D116/><U119/><E104/><V88/><F117/><W21/><G34/><T97/><D0/><U123/><E123/><V99/><F5/><W89/><G1/><T98/><D132/><U68/><E119/><V101/><F31/><W72/><G17/><T122/><D112/><U42/><E68/><V9/><F9/><W107/><G52/><T54/><D122/><U124/><E37/><V133/><F38/><W15/><G90/><T110/><D110/><U106/><E106/><V40/><F111/><W103/><G92/><T105/><D46/><U79/><E134/><V62/><F62/><W2/><G23/><T102/><D12/><U16/><E124/><V114/><F114/><W73/><G21/><T29/><D85/><U135/><E135/><V120/><F120/><W60/><G14/><T25/><REACH who="0" step="1"/><D77/><REACH who="0" ten="161,200,210,419" step="2"/><U121/><E121/><V32/><F78/><W83/><G113/><T91/><D91/><U125/><E125/><V20/><F88/><W48/><G89/><T58/><D58/><N who="1" m="22059" /><E3/><V84/><F133/><W65/><G2/><T109/><D109/><U82/><E128/><V49/><F84/><W43/><G15/><T96/><D96/><U27/><E82/><V51/><F81/><W11/><G83/><T61/><AGARI ba="0,1" hai="25,26,28,29,30,54,57,61,94,97,98,100,102,105" machi="61" ten="30,2000,0" yaku="1,1,0,1,53,0" doraHai="47" doraHaiUra="87" who="0" fromWho="0" sc="161,30,200,-5,210,-5,419,-10" owari="191,-31.0,195,-20.0,205,1.0,409,50.0" /></mjloggm>