<mjloggm ver="2.3"><GO type="169" lobby="0"/><UN n0="%E3%82%A6%E3%83%AB%E3%83%88%E3%83%A9%E7%AB%8B%E7%9B%B4" n1="%35%79%61" n2="%E3%81%AE%E3%81%A9%E3%81%94%E3%81%97%E3%80%88%E7%94%9F%E3%80%89" n3="%E3%83%AF%E3%83%B3%E3%82%BF%E3%83%B3%EF%BC%A0%E6%A8%AA%E6%B5%9C" dan="18,16,16,16" rate="2172.18,2125.64,2059.51,2154.05" sx="M,M,M,M"/><TAIKYOKU oya="0"/><INIT seed="0,0,0,5,3,85" ten="250,250,250,250" oya="0" hai0="38,115,57,3,66,105,60,54,17,49,29,14,117" hai1="104,126,39,109,75,11,101,90,19,33,18,131,77" hai2="93,23,4,86,8,78,122,80,97,55,37,61,25" hai3="102,108,89,43,116,2,113,47,114,73,16,92,81"/><T56/><D117/><U70/><E109/><V15/><F37/><W95/><G116/><T134/><D115/><U0/><E33/><V71/><F122/><W20/><G2/><T21/><D3/><U118/><E39/><V107/><F107/><W5/><G5/><T79/><D38/><U26/><E70/><V132/><F132/><W46/><G102/><T62/><D134/><U58/><E104/><V12/><F12/><W94/><G73/><T135/><D135/><U1/><E75/><V76/><F71/><W9/><G9/><T34/><D105/><U88/><E118/><V45/><F61/><W103/><G103/><T22/><D79/><U127/><E101/><N who="2" m="60591" /><F55/><W28/><G28/><T133/><D133/><U42/><E77/><N who="2" m="46351" /><F45/><W110/><G43/><T52/><D34/><U91/><E42/><V36/><F36/><W10/><G10/><T51/><D66/><U111/><E11/><V83/><F83/><W128/><G128/><T129/><D129/><U35/><E131/><V106/><F106/><W27/><G113/><T6/><D6/><U31/><E58/><V65/><F65/><W87/><REACH who="3" step="1"/><G114/><REACH who="3" ten="250,250,250,240" step="2"/><T98/><D29/><AGARI ba="0,1" hai="4,8,15,23,25,29,76,78" m="46351,60591" machi="29" ten="30,1000,0" yaku="8,1" doraHai="85" who="2" fromWho="0" sc="250,-10,250,0,250,20,240,0" /><INIT seed="1,0,0,2,1,107" ten="240,250,270,240" oya="1" hai0="11,29,75,122,85,2,9,35,40,82,13,72,5" hai1="80,112,111,27,28,103,66,25,24,132,108,38,36" hai2="51,74,133,15,84,77,92,71,81,99,124,117,49" hai3="95,47,102,69,53,90,33,22,57,91,121,16,68"/><U128/><E112/><V125/><F71/><W3/><G33/><T100/><D122/><U119/><E119/><V62/><F117/><W101/><G121/><T58/><D100/><U37/><E128/><V114/><F114/><W7/><G47/><T54/><D40/><U60/><E103/><V87/><F15/><W14/><G91/><T20/><D20/><U98/><E98/><V109/><F62/><W86/><G69/><T61/><D29/><U134/><E80/><V32/><F32/><W76/><G76/><T19/><REACH who="0" step="1"/><D35/><REACH who="0" ten="230,250,270,240" step="2"/><U106/><E28/><V88/><F109/><N who="1" m="42057" /><E106/><V120/><F120/><W73/><G57/><AGARI ba="0,1" hai="24,25,27,36,37,38,57,60,66,132,134" m="42057" machi="57" ten="40,3900,0" yaku="14,1,10,1" doraHai="107" who="1" fromWho="3" sc="230,0,250,49,270,0,240,-39" /><INIT seed="1,1,0,5,2,76" ten="230,299,270,201" oya="1" hai0="29,54,69,16,73,7,102,24,129,47,56,101,77" hai1="128,104,28,74,23,53,81,130,3,68,118,57,33" hai2="30,60,18,42,20,15,116,4,72,38,107,12,63" hai3="55,89,40,71,85,0,83,124,5,95,82,27,125"/><U58/><E118/><V44/><F72/><W13/><G71/><T1/><D129/><N who="1" m="49771" /><E3/><V92/><F107/><W133/><G40/><T132/><D69/><U105/><E68/><V91/><F116/><W115/><G115/><T34/><D132/><U122/><E33/><V96/><F30/><W113/><G113/><T110/><D47/><U45/><E122/><V22/><F4/><W79/><G0/><T93/><D110/><U11/><E11/><V43/><REACH who="2" step="1"/><F42/><REACH who="2" ten="230,299,260,201" step="2"/><W88/><G133/><T120/><D7/><U10/><E28/><V37/><F37/><W86/><G55/><T108/><D29/><U131/><E53/><V2/><F2/><W112/><G112/><T25/><D54/><U26/><E105/><V39/><F39/><W117/><G117/><T123/><D1/><U121/><E104/><V61/><F61/><W134/><G134/><T21/><D123/><U98/><E121/><V90/><F90/><W41/><G41/><T65/><D120/><U127/><E131/><V48/><F48/><W46/><G79/><T14/><D77/><U19/><E74/><V99/><F99/><W103/><G89/><T114/><D73/><U35/><E98/><V111/><F111/><W80/><G88/><T31/><D108/><U75/><E75/><V32/><F32/><W70/><G103/><T49/><D102/><U97/><E35/><V8/><F8/><W100/><G100/><T50/><D114/><U52/><E10/><V9/><F9/><W17/><G5/><T51/><D101/><U67/><E97/><V119/><F119/><W135/><G135/><RYUUKYOKU ba="1,1" sc="230,-10,299,-10,260,30,201,-10" hai2="12,15,18,20,22,38,43,44,60,63,91,92,96" /><INIT seed="2,2,1,1,2,59" ten="220,289,290,191" oya="2" hai0="106,81,16,55,120,125,2,34,37,44,113,68,72" hai1="102,97,50,117,96,74,82,83,122,94,10,73,29" hai2="134,75,41,111,21,30,31,119,33,20,118,126,7" hai3="54,133,78,1,88,80,67,107,114,93,5,124,6"/><V62/><F75/><N who="1" m="28681" /><E50/><V42/><F7/><W48/><G107/><T18/><D81/><N who="1" m="30731" /><E10/><V85/><F85/><W129/><G67/><T65/><D55/><U76/><E29/><V22/><F33/><W61/><G1/><T58/><D44/><U99/><E117/><V28/><F111/><W101/><G114/><T112/><D58/><U12/><E12/><V70/><F134/><W71/><G133/><T89/><D65/><U32/><E32/><V11/><F126/><W26/><G124/><T19/><D19/><U60/><E60/><V132/><F11/><W51/><G61/><T130/><D16/><U127/><E127/><V53/><F132/><W63/><G63/><T64/><D18/><U38/><E38/><V14/><F14/><W116/><G71/><T46/><D46/><U47/><E47/><V69/><F53/><W109/><G54/><T115/><D64/><U123/><E76/><V90/><F90/><W128/><G88/><T84/><D89/><U100/><E94/><V39/><F39/><W57/><G93/><T95/><D95/><U98/><N who="1" m="24576" /><DORA hai="79" /><U66/><E66/><V8/><F8/><W91/><G78/><T43/><D113/><U110/><E110/><V86/><F62/><W13/><G109/><T56/><D43/><N who="2" m="16394" /><F86/><W23/><G116/><AGARI ba="2,1" hai="20,21,22,28,30,31,69,70,116,118,119" m="16394" machi="116" ten="40,3900,0" yaku="28,2" doraHai="59,79" who="2" fromWho="3" sc="220,0,289,0,290,55,191,-45" /><INIT seed="2,3,0,3,2,73" ten="220,289,345,146" oya="2" hai0="120,105,50,93,15,1,76,89,57,64,52,58,13" hai1="36,95,121,49,72,20,66,104,0,59,123,45,56" hai2="117,42,67,44,26,69,81,113,62,74,96,79,37" hai3="85,135,128,130,22,32,90,86,12,14,134,111,118"/><V80/><F117/><W115/><G32/><T17/><D1/><U131/><E104/><V23/><F113/><W106/><G22/><T102/><D120/><N who="1" m="46155" /><E0/><V84/><F96/><W2/><G2/><T7/><D102/><U63/><E72/><V61/><F61/><W88/><G118/><T48/><D105/><U116/><E20/><V124/><F124/><W83/><G106/><T38/><D38/><U19/><E19/><V39/><F39/><W75/><G115/><T16/><D76/><U109/><E95/><V25/><REACH who="2" step="1"/><F23/><REACH who="2" ten="220,289,335,146" step="2"/><W94/><G111/><T43/><D64/><U51/><E116/><V108/><F108/><W11/><G11/><T60/><D60/><N who="1" m="38151" /><E109/><V126/><F126/><W107/><G107/><T91/><D48/><U53/><E131/><V78/><AGARI ba="3,1" hai="25,26,37,42,44,62,67,69,74,78,79,80,81,84" machi="78" ten="20,12000,1" yaku="1,1,0,1,7,1,52,2,53,0" doraHai="73" doraHaiUra="35" who="2" fromWho="2" sc="220,-43,289,-43,335,139,146,-43" /><INIT seed="2,4,0,3,5,3" ten="177,246,474,103" oya="2" hai0="79,76,13,61,1,75,5,41,56,69,19,25,30" hai1="104,122,47,6,38,128,4,68,0,83,82,74,29" hai2="93,95,131,111,24,98,89,102,77,45,133,26,86" hai3="78,85,2,67,99,130,103,20,40,110,121,63,91"/><V8/><F77/><W32/><G121/><T51/><D69/><U42/><E122/><V48/><F131/><W64/><G32/><T132/><D75/><U37/><E128/><V52/><F133/><W135/><G130/><T46/><D132/><U43/><E104/><V7/><REACH who="2" step="1"/><F111/><REACH who="2" ten="177,246,464,103" step="2"/><W96/><G78/><T87/><D79/><U113/><E74/><V66/><F66/><W129/><G67/><T10/><D76/><U101/><E68/><V34/><F34/><W107/><G64/><T53/><D87/><U94/><E113/><V16/><F16/><W9/><G85/><T117/><D117/><U126/><E29/><V12/><AGARI ba="4,1" hai="7,8,12,24,26,45,48,52,86,89,93,95,98,102" machi="12" ten="20,18000,2" yaku="1,1,0,1,7,1,8,1,52,1,54,1,53,1" doraHai="3" doraHaiUra="50" who="2" fromWho="2" sc="177,-64,246,-64,464,202,103,-64" /><INIT seed="2,5,0,0,1,24" ten="113,182,666,39" oya="2" hai0="131,89,4,12,17,2,46,92,121,21,63,128,59" hai1="120,112,52,107,88,115,58,118,109,66,37,135,106" hai2="33,90,130,48,45,5,54,53,15,72,129,69,102" hai3="67,101,103,8,13,42,99,91,43,108,122,87,6"/><V104/><F69/><W60/><G122/><T95/><D121/><U68/><E118/><V70/><F70/><W105/><G103/><T97/><D46/><U0/><E109/><V96/><F72/><W57/><REACH who="3" step="1"/><G108/><REACH who="3" ten="113,182,666,29" step="2"/><T55/><D2/><U18/><E0/><V98/><F129/><W39/><G39/><T74/><D131/><U26/><E37/><V65/><F130/><W30/><G30/><T62/><D128/><U81/><E120/><V83/><F102/><W100/><G100/><N who="0" m="60455" /><D74/><U71/><E107/><V7/><F104/><W10/><G10/><T3/><D3/><U124/><E106/><V29/><F29/><W27/><G27/><T20/><D4/><U31/><E31/><V117/><F7/><W16/><G16/><T93/><D17/><U111/><E18/><V47/><F5/><W132/><G132/><T127/><D12/><U64/><E26/><V134/><F15/><W61/><G61/><T94/><D63/><U85/><E135/><V38/><F38/><W82/><AGARI ba="5,1" hai="6,8,13,42,43,57,60,67,82,87,91,99,101,105" machi="82" ten="20,2700,0" yaku="1,1,0,1,7,1,53,0" doraHai="24" doraHaiUra="73" who="3" fromWho="3" sc="113,-12,182,-12,666,-18,29,52" /><INIT seed="3,0,0,2,1,72" ten="101,170,648,81" oya="3" hai0="85,75,84,62,78,54,77,59,131,123,49,102,10" hai1="16,73,23,134,110,97,116,53,37,126,13,117,121" hai2="125,61,67,66,22,70,2,65,43,95,44,74,132" hai3="114,19,20,34,7,4,122,57,69,50,29,27,12"/><W119/><G122/><T99/><D123/><U11/><E121/><V36/><F74/><W5/><G69/><T52/><D131/><U88/><E110/><V129/><F2/><W87/><G114/><T14/><D75/><U55/><E134/><V92/><F129/><W1/><G87/><N who="0" m="33355" /><D102/><U82/><E37/><V79/><F22/><N who="3" m="11623" /><G50/><T63/><D99/><U124/><E73/><V133/><F125/><N who="1" m="48233" /><E82/><V112/><F112/><W47/><G47/><N who="0" m="27711" /><D62/><U31/><E31/><V89/><F61/><W100/><G100/><T108/><D108/><U58/><E11/><V0/><F0/><W25/><G57/><T120/><D120/><U6/><E6/><AGARI ba="0,0" hai="6,10,14,54,59,63,77,78" m="27711,33355" machi="6" ten="30,7700,0" yaku="8,1,52,2,54,1" doraHai="72" who="0" fromWho="1" sc="101,77,170,-77,648,0,81,0" /><INIT seed="4,0,0,1,2,118" ten="178,93,648,81" oya="0" hai0="129,132,122,88,31,90,49,130,48,119,81,28,69" hai1="114,52,134,111,7,96,105,5,45,2,75,117,59" hai2="4,89,24,51,87,80,120,126,23,17,128,6,58" hai3="15,30,71,38,127,98,47,110,86,18,16,108,54"/><T39/><D39/><U20/><E117/><V99/><F120/><W22/><G71/><T102/><D102/><U13/><E111/><V84/><F99/><W62/><G30/><T43/><D119/><U37/><E75/><V25/><F25/><W50/><G127/><T112/><D69/><U29/><E134/><V66/><F66/><W27/><G38/><T55/><D43/><U76/><E76/><V125/><F87/><W77/><G98/><T68/><D68/><U109/><E109/><V64/><F128/><W82/><REACH who="3" step="1"/><G62/><REACH who="3" ten="178,93,648,71" step="2"/><T21/><D28/><U61/><E96/><V113/><F113/><W44/><G44/><T93/><D112/><U19/><E29/><V72/><F126/><W40/><G40/><T123/><D31/><U46/><E114/><V53/><F125/><W70/><G70/><T63/><D63/><U14/><E37/><V103/><F103/><W101/><G101/><T57/><D130/><U91/><E105/><V94/><F64/><W34/><G34/><T121/><D129/><U3/><E46/><V97/><F97/><W8/><AGARI ba="0,1" hai="8,15,16,18,22,27,47,50,54,77,82,86,108,110" machi="8" ten="20,5200,0" yaku="1,1,0,1,7,1,54,1,53,0" doraHai="118" doraHaiUra="104" who="3" fromWho="3" sc="178,-26,93,-13,648,-13,71,62" /><INIT seed="5,0,0,5,3,65" ten="152,80,635,133" oya="1" hai0="47,52,71,118,123,14,44,26,134,58,61,10,8" hai1="56,131,2,83,92,29,112,41,3,51,28,70,105" hai2="33,106,34,63,111,103,19,5,125,127,11,114,40" hai3="124,126,101,21,0,23,121,94,48,85,6,25,37"/><U66/><E105/><V104/><F111/><W57/><G121/><T17/><D118/><U36/><E112/><V133/><F114/><W39/><G23/><N who="0" m="13679" /><D71/><U99/><E131/><V88/><F40/><W46/><G57/><T75/><D75/><U135/><E135/><V64/><F19/><W16/><G6/><N who="0" m="3351" /><D134/><U60/><E83/><V80/><F88/><N who="3" m="53519" /><G0/><N who="1" m="42" /><E92/><V67/><F67/><W54/><G101/><T115/><D115/><U45/><E99/><N who="2" m="61567" /><F80/><W96/><G96/><T74/><D74/><U82/><E82/><V50/><F50/><W62/><G62/><T109/><D123/><U76/><E76/><V102/><F11/><W77/><G77/><T128/><D128/><U49/><E49/><V9/><F102/><W42/><G42/><T119/><D119/><U22/><E22/><V91/><F91/><W53/><G54/><AGARI ba="0,0" hai="28,29,36,41,45,51,54,56,60,66,70" m="42" machi="54" ten="30,2900,0" yaku="24,1,52,1" doraHai="65" who="1" fromWho="3" sc="152,0,80,29,635,0,133,-29" /><INIT seed="5,1,0,3,3,36" ten="152,109,635,104" oya="1" hai0="94,129,16,111,65,27,91,62,24,33,125,56,119" hai1="105,47,78,60,50,93,103,42,9,18,23,14,68" hai2="114,66,52,57,95,59,80,74,7,120,15,84,1" hai3="76,26,25,109,82,112,89,54,46,37,102,11,28"/><U121/><E121/><V131/><F1/><W71/><G109/><T51/><D111/><U87/><E105/><V13/><F74/><W83/><G71/><T64/><D119/><U20/><E68/><V77/><F7/><W29/><G102/><T32/><D32/><U99/><REACH who="1" step="1"/><E60/><REACH who="1" ten="152,99,635,104" step="2"/><N who="2" m="35879" /><F120/><W128/><G112/><T58/><D125/><U108/><E108/><V21/><F114/><W8/><G128/><T134/><D129/><U43/><E43/><V49/><F131/><W100/><G29/><T106/><D62/><U123/><E123/><V98/><F66/><W6/><G28/><T63/><D65/><U35/><E35/><V130/><F130/><W97/><G25/><T75/><D106/><U34/><E34/><V113/><F113/><W107/><G26/><T39/><D27/><U48/><E48/><V115/><F115/><W4/><G107/><T124/><D24/><U73/><E73/><V19/><F49/><W31/><G31/><T132/><D75/><U22/><E22/><V12/><F59/><W70/><G70/><T96/><D33/><U30/><E30/><V40/><F40/><W110/><G110/><T53/><D124/><U133/><E133/><V10/><F21/><W69/><G69/><T61/><D39/><U44/><E44/><V86/><F86/><W117/><G46/><T45/><D134/><U104/><E104/><V88/><AGARI ba="1,1" hai="10,12,13,15,19,77,80,84,88,95,98" m="35879" machi="88" ten="30,4000,0" yaku="8,1,54,2" doraHai="36" who="2" fromWho="2" sc="152,-11,99,-21,635,53,104,-11" /><INIT seed="6,0,0,2,0,35" ten="141,78,688,93" oya="2" hai0="29,8,4,134,122,54,131,116,62,81,80,121,117" hai1="52,37,50,56,51,11,106,112,93,40,124,107,105" hai2="95,96,83,127,27,82,72,1,63,109,87,7,0" hai3="23,15,32,55,22,21,92,26,20,53,97,64,123"/><V89/><F72/><W132/><G123/><T65/><D54/><U46/><E112/><V103/><F82/><N who="0" m="31850" /><D29/><U31/><E124/><V2/><F27/><W17/><G132/><T119/><D131/><U14/><E31/><V70/><F109/><W94/><G32/><T135/><D122/><U68/><E68/><V18/><F18/><W108/><G108/><T90/><D90/><U88/><E37/><V19/><F19/><W71/><G71/><N who="0" m="42423" /><D121/><U10/><REACH who="1" step="1"/><E14/><AGARI ba="0,0" hai="4,8,14,116,117,119,134,135" m="42423,31850" machi="14" ten="40,1300,0" yaku="12,1" doraHai="35" who="0" fromWho="1" sc="141,13,78,-13,688,0,93,0" /><INIT seed="7,0,0,3,1,131" ten="154,65,688,93" oya="3" hai0="51,135,7,61,10,58,78,53,47,86,48,74,3" hai1="28,96,127,121,97,129,102,52,93,100,126,71,104" hai2="25,56,69,37,70,92,107,49,16,122,26,110,114" hai3="59,33,82,6,99,111,20,130,84,72,94,30,54"/><W68/><G130/><T65/><D135/><U34/><E129/><V115/><F107/><W15/><G68/><T123/><D123/><U8/><E121/><V21/><F37/><W120/><G120/><T116/><D74/><U117/><E117/><V40/><F110/><W134/><G33/><T22/><D22/><U31/><E8/><V85/><F26/><W103/><G72/><T125/><D125/><N who="1" m="47627" /><E71/><V27/><F27/><W57/><G111/><T67/><D51/><U11/><E11/><V76/><F122/><W9/><G134/><T19/><D19/><U2/><E2/><V46/><F56/><W39/><G39/><T24/><D24/><N who="1" m="18695" /><E31/><V118/><F118/><W0/><G0/><T87/><D116/><U79/><E79/><V81/><F92/><W63/><G57/><T88/><D78/><U112/><E112/><AGARI ba="0,0" hai="16,21,25,40,46,49,69,70,76,81,85,112,114,115" machi="112" ten="40,2600,0" yaku="15,1,54,1" doraHai="131" who="2" fromWho="1" sc="154,0,65,-26,688,26,93,0" owari="154,-5.0,39,-46.0,714,82.0,93,-31.0" /></mjloggm>