<mjloggm ver="2.3"><GO type="41" lobby="0"/><UN n0="%E5%B0%B1%E6%B4%BB%E7%94%9F%40%E5%B7%9D%E6%9D%91%E8%BB%8D%E5%9B%A3" n1="%E5%B8%B8%E7%9B%A4%E6%B2%99%E8%80%B6" n2="%61%6B%69%72%61%33%32%38" n3="%E3%82%A2%E3%82%A4%E3%82%B9%E3%81%A6%E3%81%83%E3%83%BC" dan="14,14,16,15" rate="1966.09,2024.77,2022.27,1978.89" sx="M,F,M,M"/><TAIKYOKU oya="0"/><INIT seed="0,0,0,3,3,44" ten="250,250,250,250" oya="0" hai0="116,43,98,100,50,78,125,5,49,35,94,66,57" hai1="18,120,82,52,135,80,40,54,111,109,86,131,46" hai2="133,81,101,92,103,110,129,126,48,65,27,25,9" hai3="96,113,21,112,130,77,13,12,38,84,10,61,89"/><T58/><D35/><U95/><E120/><V69/><F126/><W30/><G38/><T20/><D116/><U88/><E135/><V16/><F129/><W132/><G132/><T51/><D125/><U33/><E33/><V127/><F127/><W7/><G130/><T106/><D43/><U75/><E131/><V119/><F133/><W105/><G77/><T76/><D106/><U123/><E123/><V24/><F119/><W19/><G30/><T87/><D5/><U117/><E117/><V102/><F110/><N who="1" m="41993" /><E18/><V0/><F81/><N who="1" m="31337" /><E75/><V17/><F92/><W128/><G128/><T11/><D11/><U28/><E28/><V104/><F104/><W121/><G121/><T8/><D8/><U60/><E60/><V23/><F65/><W31/><G61/><N who="0" m="38191" /><D87/><U64/><E64/><V73/><F69/><W124/><G31/><T122/><D122/><U39/><AGARI ba="0,0" hai="39,40,46,52,54,86,88,95" m="31337,41993" machi="39" ten="30,4000,0" yaku="14,1,54,2" doraHai="44" who="1" fromWho="1" sc="250,-20,250,40,250,-10,250,-10" /><INIT seed="1,0,0,5,4,28" ten="230,290,240,240" oya="1" hai0="23,24,121,8,6,94,113,53,67,14,123,100,132" hai1="45,68,107,85,69,31,104,54,75,9,71,110,65" hai2="37,109,20,22,124,117,57,52,127,88,87,79,97" hai3="40,108,99,3,135,92,0,126,134,12,7,32,90"/><U73/><E110/><V34/><F117/><W25/><G126/><N who="2" m="48169" /><F109/><W15/><G40/><T116/><D116/><U46/><E65/><V93/><F37/><W44/><G44/><T131/><D131/><U33/><E85/><V95/><F34/><W21/><G32/><T55/><D113/><U2/><E2/><V30/><F30/><W43/><G43/><T4/><D67/><U111/><E111/><V16/><F79/><W84/><G84/><T77/><D77/><U38/><E9/><V125/><N who="2" m="48177" /><V130/><DORA hai="58" /><F130/><W118/><G118/><T70/><D70/><U81/><E54/><V74/><F74/><N who="1" m="28169" /><E81/><N who="2" m="49263" /><F97/><W59/><G99/><N who="0" m="59511" /><D6/><U47/><E38/><V103/><F103/><W120/><G7/><T66/><D66/><U101/><E101/><V106/><F106/><N who="1" m="40489" /><E31/><V10/><F10/><W42/><G108/><T72/><D72/><U89/><E89/><V39/><F39/><W82/><G90/><T96/><D96/><U64/><E64/><V51/><F22/><W62/><G21/><T128/><D128/><U102/><E102/><V17/><F17/><W49/><G0/><T27/><D55/><U1/><E1/><V133/><F133/><W80/><G3/><T76/><D53/><U60/><E60/><V91/><F91/><W36/><G36/><T61/><D61/><U86/><E86/><V35/><F35/><AGARI ba="0,0" hai="33,35,45,46,47,68,69,71" m="40489,28169" machi="35" ten="50,12000,1" yaku="28,2,52,2" doraHai="28,58" who="1" fromWho="2" sc="230,0,290,120,240,-120,240,0" /><INIT seed="1,1,0,3,0,31" ten="230,410,120,240" oya="1" hai0="80,82,106,41,104,127,96,100,35,125,129,112,116" hai1="63,19,110,6,108,59,8,30,29,43,16,18,11" hai2="53,13,92,14,46,36,121,130,76,133,21,9,24" hai3="0,33,49,95,105,87,7,25,51,120,132,10,128"/><U64/><E43/><V94/><F121/><W74/><G74/><T55/><D41/><U32/><E11/><V62/><F130/><W78/><G105/><N who="0" m="40555" /><D55/><U28/><REACH who="1" step="1"/><E32/><REACH who="1" ten="230,400,120,240" step="2"/><V77/><F133/><W34/><G10/><T124/><D35/><U39/><E39/><V123/><F36/><W54/><G33/><T98/><D116/><U47/><E47/><V115/><F115/><W65/><G34/><T38/><D38/><U89/><E89/><V48/><F123/><W134/><G120/><T126/><D112/><U5/><E5/><V1/><F9/><W118/><G7/><T69/><D127/><U75/><E75/><V71/><F46/><W44/><G44/><T56/><D126/><U101/><E101/><V27/><F1/><AGARI ba="1,1" hai="1,6,8,16,18,19,28,29,30,59,63,64,108,110" machi="1" ten="50,4800,0" yaku="1,1,54,1,53,0" doraHai="31" doraHaiUra="50" who="1" fromWho="2" sc="230,0,400,61,120,-51,240,0" /><INIT seed="1,2,0,1,2,29" ten="230,461,69,240" oya="1" hai0="125,82,37,69,31,3,50,86,118,17,103,66,23" hai1="68,10,130,57,53,36,62,116,72,21,78,104,64" hai2="34,126,67,19,42,49,35,58,43,95,70,94,107" hai3="91,15,33,133,129,11,44,123,98,13,121,119,83"/><U71/><E116/><V22/><F107/><W2/><G119/><T77/><D37/><U132/><E104/><V46/><F70/><W14/><G33/><T75/><D118/><U9/><E36/><V92/><F126/><W54/><G133/><T87/><D3/><U90/><E132/><V39/><F42/><W63/><G129/><T108/><D125/><U55/><E130/><V84/><F84/><W0/><G11/><T56/><D108/><U73/><E90/><V59/><F59/><W131/><G131/><T114/><D31/><U111/><E111/><V117/><F117/><W41/><G2/><T99/><D69/><U6/><E21/><V28/><F28/><W85/><G98/><T12/><D114/><U32/><E32/><V93/><N who="2" m="24064" /><DORA hai="96" /><V47/><F47/><W25/><G0/><T61/><REACH who="0" step="1"/><D50/><REACH who="0" ten="220,461,69,240" step="2"/><U65/><E71/><V88/><F49/><W60/><G123/><T20/><D20/><U51/><E51/><V26/><REACH who="2" step="1"/><F88/><REACH who="2" ten="220,461,59,240" step="2"/><W127/><G91/><T113/><D113/><U8/><E68/><V27/><F27/><W7/><G25/><T112/><D112/><U135/><E135/><V40/><F40/><W128/><G41/><T24/><D24/><U80/><E72/><V38/><F38/><W122/><G127/><T52/><D52/><U109/><E55/><V105/><F105/><AGARI ba="2,2" hai="12,17,23,56,61,66,75,77,82,86,87,99,103,105" machi="105" ten="30,3900,0" yaku="1,1,7,1,52,1,53,0" doraHai="29,96" doraHaiUra="45,120" who="0" fromWho="2" sc="220,65,461,0,59,-45,240,0" /><INIT seed="2,0,0,1,1,118" ten="285,461,14,240" oya="2" hai0="8,29,98,51,16,27,133,66,59,92,42,95,46" hai1="54,72,39,0,71,86,126,110,65,123,129,111,79" hai2="121,31,100,41,135,91,84,18,87,33,81,127,99" hai3="64,13,131,67,55,44,7,21,134,76,45,117,109"/><V120/><F41/><W124/><G76/><T14/><D133/><U102/><E72/><V128/><F33/><W20/><G134/><T30/><D27/><U24/><E39/><V73/><F31/><N who="0" m="11786" /><D98/><U89/><E0/><V32/><F32/><W90/><G90/><T112/><D112/><U57/><E79/><N who="2" m="44271" /><F18/><W93/><G93/><T43/><D43/><U35/><E24/><V4/><F4/><W23/><G7/><T106/><D106/><U85/><E54/><V3/><F3/><W103/><G103/><T37/><D37/><U125/><E57/><V53/><F53/><W15/><G23/><T75/><D75/><U132/><E65/><V1/><F1/><W40/><G40/><T105/><D105/><U9/><E9/><V36/><F36/><W74/><G74/><T62/><AGARI ba="0,0" hai="8,14,16,42,46,51,59,62,66,92,95" m="11786" machi="62" ten="30,2000,0" yaku="8,1,54,1" doraHai="118" who="0" fromWho="0" sc="285,20,461,-5,14,-10,240,-5" /><INIT seed="3,0,0,5,2,33" ten="305,456,4,235" oya="3" hai0="64,114,28,106,96,100,35,105,25,133,132,72,45" hai1="54,134,76,52,6,50,131,123,17,23,42,82,113" hai2="119,93,127,78,117,73,86,49,85,10,32,102,53" hai3="84,122,21,79,39,70,60,81,104,91,14,55,135"/><W108/><G122/><T7/><D114/><U36/><E123/><V63/><F32/><W89/><G135/><N who="0" m="51787" /><D72/><U83/><E134/><V75/><F127/><W112/><G112/><T125/><D125/><U5/><E113/><V111/><F75/><W18/><G108/><T3/><D64/><U74/><E131/><V15/><F111/><W41/><G104/><N who="0" m="63495" /><D45/><N who="1" m="25911" /><E36/><V30/><F73/><W19/><G41/><T8/><AGARI ba="0,0" hai="3,7,8,25,28,35,105,106" m="63495,51787" machi="8" ten="30,4000,0" yaku="20,1,23,1,52,1" doraHai="33" who="0" fromWho="0" sc="305,40,456,-10,4,-10,235,-20" owari="345,15.0,446,54.0,-6,-51.0,215,-18.0" /></mjloggm>