<mjloggm ver="2.3"><GO type="169" lobby="0"/><UN n0="%E5%B0%B1%E6%B4%BB%E7%94%9F%40%E5%B7%9D%E6%9D%91%E8%BB%8D%E5%9B%A3" n1="%4E%6F%5F%52%61%74%65" n2="%E3%83%AA%E3%83%81%E3%83%A3%21%21" n3="%E3%82%A8%E3%83%83%E3%83%95%E3%82%A7%E3%83%AB%E5%A1%94" dan="16,16,16,16" rate="2163.37,2050.96,2102.60,2118.40" sx="M,F,M,M"/><TAIKYOKU oya="0"/><INIT seed="0,0,0,4,2,13" ten="250,250,250,250" oya="0" hai0="64,67,21,20,66,96,117,130,53,76,10,54,42" hai1="113,84,48,60,45,69,19,58,38,133,33,39,86" hai2="134,128,30,4,8,17,98,2,25,97,88,5,129" hai3="119,108,92,71,81,12,23,126,74,75,132,70,79"/><T110/><D117/><U91/><E33/><V62/><F62/><W24/><G119/><T72/><D130/><N who="2" m="50282" /><F5/><W105/><G12/><T90/><D72/><U29/><E69/><V18/><F134/><W28/><G132/><T55/><D76/><U16/><E29/><V61/><F61/><W95/><G105/><T101/><D110/><U87/><E133/><V68/><F68/><W121/><G108/><T26/><D42/><N who="1" m="24631" /><E39/><V123/><F123/><W57/><G57/><T103/><D10/><U56/><E38/><V107/><F107/><W118/><G118/><T120/><D120/><U0/><E0/><V100/><F100/><N who="0" m="38474" /><D26/><U99/><E113/><V34/><F97/><W37/><G37/><T77/><D77/><U93/><E58/><V22/><F34/><W27/><G121/><T43/><D43/><U131/><E131/><V73/><F73/><W36/><G36/><T35/><D35/><U78/><E78/><V124/><F124/><W41/><G126/><T51/><D51/><U3/><E3/><V85/><F98/><W106/><G106/><T52/><N who="0" m="13824" /><DORA hai="111" /><T122/><D122/><U46/><E46/><V7/><F7/><W127/><G127/><T1/><D1/><U80/><E80/><AGARI ba="0,0" hai="2,4,8,17,18,22,25,30,80,85,88" m="50282" machi="80" ten="30,7700,0" yaku="19,1,52,2,54,1" doraHai="13,111" who="2" fromWho="1" sc="250,0,250,-77,250,77,250,0" /><INIT seed="1,0,0,3,1,44" ten="250,173,327,250" oya="1" hai0="102,118,135,35,63,38,46,60,113,7,11,78,130" hai1="25,72,109,61,10,39,77,67,123,103,3,41,16" hai2="17,80,43,122,68,8,21,40,74,85,84,111,69" hai3="133,115,82,117,90,18,57,112,53,32,54,20,127"/><U71/><E123/><V105/><F105/><W12/><G32/><T48/><D38/><U92/><E109/><V23/><F111/><W81/><G127/><T31/><D113/><U34/><E103/><V19/><F8/><W0/><G0/><T126/><D118/><U97/><E34/><V33/><F80/><W5/><G5/><T124/><D135/><U13/><E25/><V37/><F33/><W134/><G117/><T9/><D9/><U14/><E3/><V121/><REACH who="2" step="1"/><F37/><REACH who="2" ten="250,173,317,250" step="2"/><W55/><G82/><T75/><D11/><U104/><E104/><V6/><F6/><W132/><G81/><T94/><D7/><U58/><E39/><V73/><AGARI ba="0,1" hai="17,19,21,23,40,43,68,69,73,74,84,85,121,122" machi="73" ten="25,6400,0" yaku="1,1,0,1,22,2,53,0" doraHai="44" doraHaiUra="128" who="2" fromWho="2" sc="250,-16,173,-32,317,74,250,-16" /><INIT seed="2,0,0,2,0,2" ten="234,141,391,234" oya="2" hai0="41,58,18,3,134,27,124,109,101,69,11,51,36" hai1="79,87,31,75,125,73,32,85,9,66,60,42,48" hai2="6,50,43,65,91,86,20,123,47,68,28,99,80" hai3="34,25,84,120,81,35,8,117,37,95,10,52,108"/><V74/><F74/><W5/><G120/><T23/><D69/><U132/><E32/><V130/><F123/><W89/><G117/><T70/><D70/><U22/><E125/><V54/><F130/><W39/><G108/><T119/><D109/><U63/><E132/><V62/><F99/><W72/><G10/><T131/><D131/><U59/><E9/><V57/><F6/><W135/><G135/><T29/><D134/><U127/><E127/><V112/><F112/><W103/><G39/><T67/><D101/><U102/><E102/><V77/><F77/><W4/><G37/><T128/><D36/><U64/><E42/><V113/><F113/><W114/><G114/><T44/><D128/><U104/><E48/><V46/><F46/><W129/><G129/><T116/><D124/><U7/><E104/><V121/><F121/><W30/><G35/><T33/><D58/><U53/><E7/><V105/><F105/><W110/><G110/><T26/><D67/><U96/><E96/><V82/><F82/><W38/><G38/><T100/><D100/><U97/><E97/><V78/><F78/><W55/><G8/><T83/><D83/><N who="1" m="45567" /><E73/><V133/><F133/><W14/><G103/><T93/><D93/><U45/><E45/><V106/><F106/><W92/><G92/><T118/><D11/><U71/><E66/><V1/><F1/><AGARI ba="0,0" hai="1,3,18,23,26,27,29,33,41,44,51,116,118,119" machi="1" ten="40,1300,0" yaku="12,1" doraHai="2" who="0" fromWho="2" sc="234,13,141,0,391,-13,234,0" /><INIT seed="3,0,0,5,3,8" ten="247,141,378,234" oya="3" hai0="91,13,89,83,92,124,102,73,132,125,114,82,127" hai1="98,7,116,24,126,107,112,133,36,32,27,130,48" hai2="18,21,129,51,76,2,101,1,54,42,19,75,60" hai3="26,104,33,80,110,12,3,17,68,113,131,49,50"/><W9/><G113/><T37/><D37/><U43/><E43/><V97/><F42/><W44/><G104/><T58/><D114/><U123/><E48/><V78/><F60/><W20/><G68/><T70/><D70/><U88/><E7/><V56/><F129/><W14/><G131/><T95/><D58/><U93/><E24/><V39/><F39/><W103/><G103/><T79/><D13/><N who="3" m="5225" /><G3/><T84/><D132/><U67/><E67/><V66/><F75/><W135/><G33/><T108/><D108/><U22/><E22/><V120/><F101/><W90/><G135/><T106/><D91/><U28/><E36/><V119/><F2/><W41/><G110/><T61/><D61/><U46/><E46/><V86/><F1/><W87/><G50/><T94/><D106/><U16/><E123/><V47/><F51/><W64/><G9/><T6/><D6/><U0/><E133/><V74/><F74/><W5/><G5/><T111/><D111/><U105/><E0/><V81/><F120/><W71/><G71/><T34/><D34/><U85/><E112/><V77/><F119/><W59/><G59/><T109/><D109/><U35/><E116/><V100/><F56/><W29/><G29/><T10/><D10/><U11/><E35/><V53/><F100/><AGARI ba="0,0" hai="73,79,82,83,84,89,92,94,95,100,102,124,125,127" machi="100" ten="50,8000,1" yaku="18,1,34,3" doraHai="8" who="0" fromWho="2" sc="247,80,141,0,378,-80,234,0" /><INIT seed="4,0,0,1,1,95" ten="327,141,298,234" oya="0" hai0="72,89,55,13,36,108,32,35,8,53,54,121,60" hai1="2,118,45,26,113,17,0,79,132,73,98,37,16" hai2="27,126,42,34,29,116,111,18,7,99,56,57,106" hai3="6,84,66,107,129,28,23,74,101,70,115,104,120"/><T69/><D121/><U19/><E118/><V1/><F111/><W123/><G74/><T135/><D36/><U21/><E132/><V80/><F116/><W61/><G6/><T58/><D72/><U117/><E117/><V75/><F126/><W122/><G115/><T109/><D69/><U134/><E134/><V5/><F42/><W96/><G129/><T49/><D89/><U68/><E68/><V130/><F130/><W91/><G28/><T103/><D103/><U47/><E113/><V41/><F41/><W10/><G23/><T105/><D105/><U4/><E37/><V112/><F18/><W22/><G22/><T131/><D131/><U92/><E79/><V65/><F65/><W133/><G133/><T15/><D15/><U76/><E76/><V44/><F44/><W124/><G10/><T97/><D97/><U30/><E73/><V25/><F25/><W67/><G67/><T9/><D9/><U50/><E4/><N who="2" m="1611" /><F1/><W24/><G24/><T40/><D135/><U85/><E85/><V90/><F112/><W125/><REACH who="3" step="1"/><G107/><REACH who="3" ten="327,141,298,224" step="2"/><T64/><D8/><U128/><E128/><V81/><F106/><W48/><G48/><T31/><D31/><U110/><E110/><N who="0" m="42601" /><D13/><U46/><REACH who="1" step="1"/><E50/><REACH who="1" ten="327,131,298,224" step="2"/><V83/><F75/><W114/><G114/><T94/><D49/><U93/><E93/><AGARI ba="0,2" hai="61,66,70,84,91,93,96,101,104,120,122,123,124,125" machi="93" ten="40,8000,1" yaku="1,1,13,1,52,1,53,1" doraHai="95" doraHaiUra="88" who="3" fromWho="1" sc="327,0,131,-80,298,0,224,100" /><INIT seed="5,0,0,4,1,22" ten="327,51,298,324" oya="1" hai0="84,59,134,57,7,112,28,44,23,65,45,130,92" hai1="131,124,102,118,77,32,68,94,90,30,123,95,122" hai2="67,113,47,4,55,83,110,61,40,126,82,14,72" hai3="46,74,35,64,26,18,62,117,5,42,120,29,97"/><U86/><E68/><V53/><F110/><W1/><G74/><T108/><D108/><U12/><E32/><V105/><F105/><W10/><G117/><T20/><D112/><U98/><E30/><V6/><F126/><W91/><G120/><T79/><D134/><U13/><E118/><V63/><F72/><W25/><G91/><N who="0" m="53351" /><D79/><U9/><E124/><V106/><F106/><W16/><G97/><T38/><D38/><U76/><E131/><V87/><F14/><W37/><REACH who="3" step="1"/><G26/><REACH who="3" ten="327,51,298,314" step="2"/><N who="0" m="16455" /><D130/><U15/><REACH who="1" step="1"/><E9/><REACH who="1" ten="327,41,298,314" step="2"/><V8/><F8/><W17/><G17/><T36/><D7/><U101/><E101/><V75/><F4/><W132/><G132/><T109/><D109/><U2/><E2/><V31/><F6/><W93/><G93/><T81/><D81/><U66/><E66/><V19/><F82/><W70/><AGARI ba="0,2" hai="1,5,10,16,18,25,29,35,37,42,46,62,64,70" machi="70" ten="20,8000,1" yaku="1,1,0,1,7,1,52,1,54,1,53,0" doraHai="22" doraHaiUra="99" who="3" fromWho="3" sc="327,-20,41,-40,298,-20,314,100" /><INIT seed="6,0,0,3,4,117" ten="307,1,278,414" oya="2" hai0="122,132,101,95,58,135,44,90,38,100,73,62,37" hai1="46,0,65,107,22,8,111,34,14,56,10,36,72" hai2="82,97,23,119,106,104,78,87,98,41,1,92,4" hai3="133,7,59,125,68,45,63,77,128,102,124,115,64"/><V67/><F1/><W109/><G77/><T88/><D122/><U47/><E107/><N who="2" m="41003" /><F4/><W83/><G83/><T16/><D73/><U74/><E34/><V99/><F23/><W76/><G76/><T113/><D113/><U48/><E0/><V39/><F41/><W79/><G79/><T42/><D38/><U6/><E36/><V55/><F67/><W80/><G80/><T24/><D100/><U31/><E31/><V75/><F55/><W50/><G102/><T121/><D101/><U89/><E22/><V61/><F61/><W86/><G86/><T110/><D121/><U84/><E65/><V69/><F39/><W5/><G115/><T57/><D110/><U18/><E56/><V120/><F69/><W70/><G109/><T17/><D90/><U118/><E111/><V20/><F20/><W54/><G128/><T114/><D114/><U29/><E29/><V105/><F119/><W126/><G133/><N who="0" m="51275" /><D24/><U32/><E32/><V30/><F30/><W60/><G70/><T127/><D127/><U129/><E129/><V53/><F53/><AGARI ba="0,0" hai="5,7,45,50,53,54,59,60,63,64,68,124,125,126" machi="53" ten="40,1300,0" yaku="18,1" doraHai="117" who="3" fromWho="2" sc="307,0,1,0,278,-13,414,13" /><INIT seed="7,0,0,3,2,105" ten="307,1,265,427" oya="3" hai0="68,55,3,52,107,103,91,63,108,104,118,43,113" hai1="58,66,21,110,98,60,111,131,54,72,89,8,97" hai2="122,76,99,78,50,47,48,31,128,30,75,37,4" hai3="109,95,2,94,83,17,40,11,126,23,96,87,81"/><W80/><G126/><T7/><D108/><U5/><E131/><V44/><F128/><W25/><G109/><T6/><D118/><U12/><E21/><V41/><F122/><W93/><G40/><T16/><D3/><U129/><E129/><V133/><F133/><W69/><G69/><T67/><D43/><U92/><E111/><V121/><F121/><W9/><G2/><T28/><D28/><U101/><E110/><V27/><F4/><W14/><G11/><T100/><D107/><U123/><E123/><V45/><F99/><W38/><G38/><T35/><D35/><U24/><E24/><V130/><F130/><W46/><G46/><T102/><D104/><U32/><E32/><V62/><F62/><W26/><G26/><T127/><D127/><U10/><E10/><V15/><F15/><W57/><G57/><T71/><D71/><U116/><E116/><V82/><F78/><N who="3" m="46487" /><G96/><T13/><D113/><U42/><E42/><V70/><F70/><W33/><G33/><T56/><D68/><U114/><E114/><V115/><F115/><W0/><G0/><T73/><D7/><AGARI ba="0,0" hai="7,9,14,17,23,25,81,83,93,94,95" m="46487" machi="7" ten="30,1500,0" yaku="8,1" doraHai="105" who="3" fromWho="0" sc="307,-15,1,0,265,0,427,15" owari="292,9.0,1,-50.0,265,-13.0,442,54.0" /></mjloggm>