<mjloggm ver="2.3"><GO type="169" lobby="0"/><UN n0="%6D%6F%74%69%37%32%2E%2E" n1="%E3%82%B8%E3%83%A3%E3%82%B9%E3%82%BF%E3%82%A6%E3%82%A7%E3%82%A4" n2="%EF%BC%91%EF%BC%93%EF%BC%91%EF%BC%90" n3="%E3%82%A6%E3%83%AB%E3%83%88%E3%83%A9%E7%AB%8B%E7%9B%B4" dan="16,16,16,17" rate="2077.12,2090.87,2109.06,2146.75" sx="M,M,F,M"/><TAIKYOKU oya="0"/><INIT seed="0,0,0,4,0,96" ten="250,250,250,250" oya="0" hai0="131,82,77,111,53,123,29,42,114,2,23,115,117" hai1="32,62,12,8,103,52,107,28,104,20,27,109,80" hai2="89,22,60,85,31,73,21,101,17,94,66,35,44" hai3="19,76,3,57,47,112,75,45,120,98,90,64,65"/><T68/><D117/><U4/><E109/><V48/><F73/><W78/><G3/><T51/><D123/><U134/><E134/><V108/><F108/><W87/><G75/><T58/><D111/><U38/><E38/><V113/><F113/><W16/><G120/><T118/><D118/><U81/><E32/><V88/><F89/><W18/><G98/><T106/><D2/><U110/><E110/><V26/><F101/><W56/><G112/><T133/><D68/><U54/><E107/><V13/><F35/><W128/><G128/><T127/><D131/><U36/><E36/><V72/><F72/><W63/><G90/><T70/><D70/><U135/><E135/><V99/><F99/><W86/><G19/><T39/><D106/><U121/><E121/><V129/><F129/><W95/><G63/><T61/><D39/><U74/><E74/><V84/><F84/><W0/><G0/><T1/><D1/><U30/><E30/><V100/><F100/><W55/><G55/><T10/><D133/><U50/><E103/><V24/><F24/><W122/><G122/><T125/><D114/><U14/><E104/><V25/><F25/><W46/><G46/><T126/><D115/><U37/><E37/><V91/><F91/><W119/><REACH who="3" step="1"/><G95/><REACH who="3" ten="250,250,250,240" step="2"/><T43/><D125/><U132/><E132/><V33/><F44/><W49/><G49/><T40/><D126/><U34/><E62/><V5/><F48/><W97/><G97/><T130/><D127/><U92/><E50/><V41/><F60/><W69/><G69/><T79/><D130/><U83/><E92/><RYUUKYOKU type="nm" ba="0,1" sc="250,120,250,-40,250,-40,240,-40" hai1="4,8,12,14,20,27,28,34,52,54,80,81,83" hai3="16,18,45,47,56,57,64,65,76,78,86,87,119" /><INIT seed="1,1,1,5,5,74" ten="370,210,210,200" oya="1" hai0="29,87,30,92,100,86,41,124,123,0,73,83,10" hai1="27,93,98,58,53,52,65,61,26,17,4,34,82" hai2="7,103,129,70,18,104,107,78,35,106,130,133,114" hai3="24,88,89,21,131,23,6,1,76,80,68,111,50"/><U44/><E4/><V69/><F7/><W116/><G68/><N who="2" m="26217" /><F133/><W126/><G111/><T75/><D124/><U46/><E34/><V109/><F109/><W11/><G126/><T56/><D41/><U64/><E82/><V60/><F60/><W63/><G131/><N who="2" m="50185" /><F114/><W55/><G63/><T47/><D47/><N who="1" m="17963" /><E53/><V125/><F125/><W3/><G3/><T71/><D0/><U31/><E31/><V97/><F35/><W12/><G1/><T14/><D30/><U110/><E110/><V127/><F127/><W13/><G13/><T81/><D29/><U85/><E85/><V20/><F78/><W96/><G116/><T32/><D32/><U128/><E128/><V91/><F91/><W2/><G2/><T62/><D86/><U16/><E26/><V40/><F40/><W79/><G89/><T19/><D87/><U57/><E57/><V36/><F36/><W113/><G113/><T51/><D71/><U132/><E132/><V134/><F134/><W15/><G15/><AGARI ba="1,1" hai="15,18,20,97,103,104,106,107" m="50185,26217" machi="15" ten="30,1000,0" yaku="19,1" doraHai="74" who="2" fromWho="3" sc="370,0,210,0,210,23,200,-13" /><INIT seed="2,0,0,1,2,28" ten="370,210,233,187" oya="2" hai0="98,21,40,123,25,17,110,113,60,117,125,23,64" hai1="11,115,49,26,57,0,42,80,15,114,130,30,69" hai2="38,51,5,18,83,10,127,93,82,66,36,73,94" hai3="47,88,61,119,95,131,102,62,74,39,53,91,124"/><V24/><F127/><W16/><G119/><T112/><D123/><U35/><E69/><V31/><F66/><W77/><G124/><T104/><D125/><U86/><E0/><V56/><F18/><W65/><G131/><T97/><D117/><U37/><E37/><V135/><F135/><W92/><G74/><T107/><D110/><U128/><E114/><V48/><F38/><W46/><G77/><T67/><D40/><U81/><E115/><V132/><F36/><W103/><G39/><T85/><D85/><U96/><E96/><V122/><F122/><W70/><G70/><T118/><D118/><U52/><E42/><V121/><F121/><W133/><G65/><T99/><D99/><U44/><E57/><V6/><F132/><W120/><G120/><T9/><D9/><U32/><E32/><V20/><F5/><W33/><G133/><T45/><D17/><U8/><E8/><V106/><F106/><W111/><G16/><T43/><D43/><U4/><REACH who="1" step="1"/><E81/><REACH who="1" ten="370,200,233,187" step="2"/><V116/><F83/><W101/><G33/><T59/><D59/><U84/><E84/><V87/><F56/><W50/><G111/><T78/><D98/><U79/><AGARI ba="0,1" hai="4,11,15,26,30,35,44,49,52,79,80,86,128,130" machi="79" ten="30,7900,0" yaku="1,1,0,1,52,1,54,1,53,0" doraHai="28" doraHaiUra="13" who="1" fromWho="1" sc="370,-20,200,89,233,-39,187,-20" /><INIT seed="3,0,0,2,5,34" ten="350,289,194,167" oya="3" hai0="68,65,17,87,14,66,127,15,123,23,4,55,51" hai1="25,100,63,2,120,29,16,76,11,8,42,134,32" hai2="3,50,125,108,53,126,133,44,82,101,77,98,118" hai3="71,13,0,128,73,119,83,105,52,132,85,46,26"/><W84/><G119/><T92/><D123/><U115/><E100/><V121/><F118/><W104/><G71/><T67/><D127/><N who="2" m="48650" /><F121/><W70/><G70/><T10/><D68/><U41/><E76/><V48/><F108/><W79/><G0/><T72/><D72/><U106/><E106/><N who="2" m="63799" /><F48/><N who="3" m="28695" /><G73/><T107/><D107/><U88/><E115/><V64/><F64/><W102/><G102/><T30/><D30/><U110/><E110/><V24/><F133/><W116/><G116/><T22/><D22/><U129/><E120/><V112/><F112/><W113/><G113/><T47/><D67/><U131/><E63/><V37/><F37/><W91/><G132/><T54/><D54/><U81/><E134/><V28/><F3/><W103/><G103/><T57/><REACH who="0" step="1"/><D47/><REACH who="0" ten="340,289,194,167" step="2"/><U1/><E29/><V21/><F28/><W45/><G105/><T62/><D62/><U95/><E32/><V135/><F21/><W124/><G104/><T96/><D96/><U31/><E31/><V111/><F135/><W6/><G124/><T59/><D59/><U86/><E11/><V40/><F53/><W80/><G45/><T19/><D19/><U99/><E8/><V60/><F60/><W69/><G69/><T109/><D109/><U130/><E16/><V9/><F111/><W89/><G26/><T18/><D18/><U56/><E56/><V94/><F24/><W33/><G33/><T12/><D12/><U122/><E25/><V43/><F9/><N who="3" m="4279" /><G128/><T74/><D74/><U35/><E122/><V93/><F40/><N who="1" m="15465" /><E35/><V7/><F7/><W49/><G49/><T36/><D36/><RYUUKYOKU ba="0,1" sc="340,0,289,0,194,0,167,0" hai0="4,10,14,15,17,23,51,55,57,65,66,87,92" hai1="1,2,81,86,88,95,99,129,130,131" hai2="43,44,50,77,82,93,94" hai3="79,80,83,84,85,89,91" /><INIT seed="3,1,1,4,3,31" ten="340,289,194,167" oya="3" hai0="23,129,68,96,103,102,100,119,62,32,40,10,25" hai1="115,30,107,61,118,93,106,43,135,28,82,124,126" hai2="111,76,87,64,21,0,114,71,88,108,53,19,75" hai3="91,50,56,51,72,121,134,80,16,11,46,48,29"/><W5/><G121/><T20/><D119/><U85/><E115/><V55/><F114/><W26/><G134/><T33/><D129/><U9/><E118/><V97/><F0/><W60/><G72/><T112/><D112/><U49/><E135/><V34/><F34/><W27/><G46/><T41/><D96/><U4/><E61/><N who="2" m="40335" /><F97/><W127/><G127/><N who="1" m="48682" /><E93/><N who="2" m="54431" /><F76/><W39/><G39/><T83/><D10/><U130/><E130/><V117/><F75/><W63/><G5/><T69/><D83/><U122/><E122/><V57/><F57/><W133/><G133/><T131/><D131/><U7/><E49/><V74/><F74/><W6/><G6/><N who="1" m="2090" /><E43/><N who="0" m="16457" /><D25/><N who="3" m="9225" /><G29/><N who="1" m="11370" /><E9/><V58/><F117/><W14/><G56/><T116/><D62/><U109/><E109/><N who="2" m="42059" /><F58/><W47/><G47/><T84/><D116/><U37/><E37/><V35/><F35/><N who="0" m="13386" /><D84/><AGARI ba="1,1" hai="11,14,16,48,50,51,60,63,80,84,91" m="9225" machi="84" ten="30,2900,0" yaku="8,1,54,1" doraHai="31" who="3" fromWho="0" sc="340,-32,289,0,194,0,167,42" /><INIT seed="3,2,0,1,4,12" ten="308,289,194,209" oya="3" hai0="66,19,52,10,21,106,134,102,6,58,22,43,14" hai1="125,89,47,79,53,77,121,97,56,104,28,2,119" hai2="122,118,38,61,84,16,7,112,36,96,113,57,126" hai3="46,41,33,95,23,74,130,76,35,32,1,0,82"/><W87/><G130/><T42/><D66/><U63/><E2/><V99/><F118/><W67/><G67/><T86/><D134/><U78/><E121/><V37/><F7/><W68/><G68/><T132/><D132/><U4/><E125/><V11/><F126/><W110/><G110/><T34/><D34/><U49/><E119/><V120/><F84/><W45/><G23/><T29/><D29/><U80/><E4/><V90/><F90/><W131/><G131/><T69/><D69/><U9/><E9/><V26/><F96/><W64/><G64/><T50/><D22/><U65/><E28/><V71/><F71/><W72/><G46/><T62/><D62/><U51/><E104/><V115/><F99/><W27/><G27/><N who="0" m="14783" /><D106/><U17/><E51/><V85/><F85/><W44/><G44/><T133/><D102/><U94/><REACH who="1" step="1"/><E17/><REACH who="1" ten="308,279,194,209" step="2"/><V108/><F108/><W39/><G1/><T124/><D124/><U105/><E105/><V48/><F48/><W3/><G3/><T31/><D31/><U59/><E59/><V109/><F109/><W117/><G0/><T55/><D133/><U13/><E13/><V5/><F5/><W15/><G15/><T92/><D6/><U100/><E100/><V101/><F101/><W70/><G70/><T98/><D14/><U54/><E54/><N who="2" m="33975" /><F11/><W81/><G117/><T93/><D10/><U116/><E116/><V128/><F128/><W18/><G18/><T103/><D55/><U24/><E24/><V127/><F127/><W75/><G76/><T20/><D52/><U73/><AGARI ba="2,1" hai="47,49,53,56,63,65,73,77,78,79,80,89,94,97" machi="73" ten="20,2700,0" yaku="1,1,0,1,7,1,53,0" doraHai="12" doraHaiUra="114" who="1" fromWho="1" sc="308,-9,279,43,194,-9,209,-15" /><INIT seed="4,0,0,2,5,100" ten="299,322,185,194" oya="0" hai0="13,134,96,120,95,108,126,12,135,26,79,86,55" hai1="11,8,91,78,82,48,125,112,0,52,74,7,90" hai2="81,110,99,57,67,9,66,37,115,64,123,116,109" hai3="60,58,77,73,70,38,40,133,124,6,111,28,72"/><T3/><D3/><U101/><E125/><V31/><F31/><W76/><G111/><T16/><D120/><U53/><E112/><V87/><F123/><W71/><G124/><T88/><D126/><U103/><E53/><V117/><F37/><W32/><G6/><T15/><D55/><U36/><E36/><V2/><F115/><W29/><G133/><N who="0" m="50699" /><D108/><U84/><E11/><V93/><F57/><W102/><G102/><N who="0" m="60703" /><D79/><U10/><E10/><V56/><F9/><W127/><G127/><T1/><D1/><U42/><E42/><V131/><F2/><W85/><G40/><T121/><D121/><U18/><E18/><V5/><F5/><W97/><G60/><T122/><D122/><U119/><E119/><V4/><F4/><W89/><G76/><T33/><D33/><U118/><E118/><V47/><F117/><W107/><G77/><T45/><D45/><U25/><E25/><V75/><F47/><W106/><G32/><T59/><D59/><U98/><E74/><V104/><F56/><W44/><G58/><T20/><D26/><U80/><E80/><AGARI ba="0,0" hai="12,13,15,16,20,80,86,88" m="60703,50699" machi="80" ten="30,5800,0" yaku="20,1,54,2" doraHai="100" who="0" fromWho="1" sc="299,58,322,-58,185,0,194,0" /><INIT seed="4,1,0,4,2,14" ten="357,264,185,194" oya="0" hai0="64,53,129,80,132,10,58,78,86,35,32,79,115" hai1="70,74,102,128,57,17,108,99,131,116,66,18,25" hai2="120,98,63,11,77,113,54,93,47,36,84,29,39" hai3="27,114,59,117,109,37,106,97,134,16,38,135,104"/><T124/><D115/><U9/><E116/><V40/><F113/><W87/><G114/><T2/><D64/><U51/><E74/><V34/><F120/><W76/><G109/><T3/><D129/><N who="1" m="49739" /><E108/><V82/><F11/><W23/><G117/><T41/><D132/><N who="3" m="50729" /><G59/><T62/><D124/><U118/><E118/><V67/><F54/><W68/><G68/><T0/><D79/><U94/><E25/><V91/><F34/><W100/><G106/><T31/><D31/><U5/><E70/><V4/><F29/><W103/><G100/><T20/><D10/><U125/><E125/><V1/><F4/><W92/><G104/><T30/><D41/><U56/><E51/><V111/><F1/><W122/><G122/><T89/><D78/><U133/><E133/><V52/><F111/><W73/><G73/><T119/><D119/><U126/><E126/><V43/><F67/><W45/><G45/><T88/><REACH who="0" step="1"/><D89/><REACH who="0" ten="347,264,185,194" step="2"/><U110/><E110/><V95/><F40/><W83/><AGARI ba="1,1" hai="16,23,27,37,38,76,83,87,92,97,103" m="50729" machi="83" ten="30,4000,0" yaku="20,1,52,1,54,1" doraHai="14" who="3" fromWho="3" sc="347,-21,264,-11,185,-11,194,53" /><INIT seed="5,0,0,3,2,96" ten="326,253,174,247" oya="1" hai0="75,130,124,123,110,0,91,120,102,80,87,44,107" hai1="79,25,76,12,119,88,111,5,85,38,22,63,4" hai2="126,103,16,97,106,56,99,131,11,21,9,34,135" hai3="61,60,114,47,15,41,68,37,49,29,105,33,8"/><U94/><E38/><V71/><F135/><W83/><G105/><T10/><D110/><U121/><E119/><V39/><F71/><W31/><G114/><T90/><D130/><U7/><E121/><N who="0" m="46665" /><D124/><U125/><E125/><V20/><F131/><W108/><G108/><T127/><D127/><U98/><E111/><V35/><F126/><W118/><G118/><T24/><D75/><U65/><E12/><V64/><F39/><W122/><G122/><T57/><D44/><U109/><E85/><V32/><F20/><W113/><G113/><T26/><D57/><N who="1" m="37103" /><E109/><V13/><REACH who="2" step="1"/><F99/><REACH who="2" ten="326,253,164,247" step="2"/><W36/><G36/><T101/><D10/><U2/><E2/><V78/><F78/><W112/><G37/><T95/><D0/><U46/><E46/><V14/><F14/><W74/><G112/><T42/><D26/><U58/><E58/><V45/><F45/><W86/><G68/><T72/><D24/><U100/><E22/><V3/><F3/><W55/><G15/><T52/><D42/><U128/><E128/><V73/><F73/><W89/><G74/><T117/><D72/><U53/><E25/><V18/><F18/><W129/><G129/><T50/><D117/><U104/><E76/><V6/><F6/><W92/><G8/><T23/><D23/><U134/><E79/><V116/><F116/><W54/><G41/><T62/><D87/><N who="1" m="52511" /><E134/><V133/><F133/><W81/><G47/><T115/><D115/><U28/><E28/><V19/><F19/><W51/><G31/><T82/><D82/><N who="3" m="31241" /><G29/><T59/><D80/><U27/><E27/><V30/><F30/><RYUUKYOKU ba="0,1" sc="326,-15,253,15,164,15,247,-15" hai1="4,5,7,53,98,100,104" hai2="9,11,13,16,21,32,34,35,56,64,97,103,106" /><INIT seed="5,1,1,2,1,72" ten="311,268,179,232" oya="1" hai0="134,68,57,104,97,114,44,25,116,95,128,18,7" hai1="38,98,52,94,133,50,37,8,125,85,65,49,121" hai2="74,24,100,2,35,80,55,122,76,46,0,102,117" hai3="99,81,59,28,56,96,112,75,31,131,123,63,54"/><U92/><E121/><V124/><F122/><W88/><G112/><T127/><D116/><U30/><E65/><V12/><F117/><W135/><G131/><T64/><D68/><U3/><E30/><N who="3" m="11306" /><G75/><T39/><D104/><U82/><E125/><V78/><F124/><W51/><G123/><T69/><D69/><U110/><E133/><V71/><F71/><W5/><G5/><T87/><D127/><U61/><E110/><V83/><F12/><W19/><G19/><T93/><D7/><U42/><E61/><V84/><F35/><W14/><G14/><T53/><D64/><U43/><E38/><V107/><F24/><W4/><G4/><T62/><D114/><U27/><E27/><V119/><F119/><W108/><G108/><T48/><D39/><U36/><E36/><V101/><REACH who="2" step="1"/><F107/><REACH who="2" ten="311,268,169,232" step="2"/><W6/><G135/><T105/><D25/><U120/><E120/><V66/><F66/><N who="3" m="39271" /><G6/><T73/><D105/><U33/><E33/><V126/><F126/><W21/><G21/><T17/><D134/><U90/><E3/><V113/><F113/><W45/><G59/><T79/><D57/><U13/><E13/><V16/><F16/><W77/><G77/><T26/><D79/><U40/><E8/><V67/><F67/><W32/><G32/><T11/><D11/><U70/><E70/><V103/><N who="2" m="25600" /><DORA hai="132" /><V60/><F60/><W10/><G10/><T41/><D62/><U91/><E37/><V20/><F20/><W9/><G9/><T1/><D1/><U34/><E34/><V111/><F111/><W58/><G58/><T130/><D26/><RYUUKYOKU ba="1,2" sc="311,-15,268,-15,169,15,232,15" hai2="0,2,46,55,74,76,78,80,83,84" hai3="45,51,54,81,88,96,99" /><INIT seed="6,2,2,5,3,35" ten="296,253,184,247" oya="2" hai0="24,79,86,84,29,42,64,55,129,106,62,135,6" hai1="17,78,9,25,124,103,100,13,31,63,113,36,39" hai2="104,134,126,96,76,37,74,5,58,20,14,8,45" hai3="90,116,114,53,61,119,73,77,87,52,15,50,16"/><V93/><F126/><W60/><G114/><T22/><D106/><U46/><E113/><V27/><F104/><W23/><G73/><T111/><D111/><U43/><E39/><V80/><F134/><W81/><G77/><T91/><D135/><U127/><E78/><V72/><F58/><W32/><G32/><T110/><D110/><U12/><E12/><V30/><F72/><W88/><G90/><T48/><D42/><U0/><E63/><V132/><F132/><W41/><G119/><T94/><D6/><U97/><E0/><V105/><F105/><W38/><G116/><T2/><D2/><U3/><E3/><V85/><F74/><W83/><G83/><N who="0" m="47231" /><D129/><U40/><E40/><V102/><REACH who="2" step="1"/><F37/><REACH who="2" ten="296,253,174,247" step="2"/><W99/><G38/><T98/><D64/><U107/><REACH who="1" step="1"/><E103/><REACH who="1" ten="296,243,174,247" step="2"/><V68/><F68/><W117/><G117/><T10/><D62/><U123/><E123/><V133/><F133/><W65/><G61/><T28/><D48/><U131/><E131/><V47/><AGARI ba="2,4" hai="5,8,14,20,27,30,45,47,76,80,85,93,96,102" machi="47" ten="30,11700,0" yaku="1,1,0,1,8,1,53,1" doraHai="35" doraHaiUra="1" who="2" fromWho="2" sc="296,-41,243,-41,174,163,247,-41" /><INIT seed="6,3,0,0,3,26" ten="255,202,337,206" oya="2" hai0="80,113,135,28,75,36,107,25,10,124,134,130,116" hai1="69,85,63,117,98,54,50,42,11,110,73,99,89" hai2="62,82,13,40,66,90,17,2,79,18,60,103,61" hai3="100,74,20,127,7,81,95,44,12,24,92,83,87"/><V51/><F2/><W55/><G127/><T67/><D124/><U53/><E73/><V64/><F90/><W15/><G74/><T96/><D36/><U4/><E110/><V9/><F103/><W48/><G83/><T115/><D130/><U45/><E117/><V21/><F51/><W65/><G65/><T101/><D67/><U39/><E69/><V84/><F40/><W88/><G7/><T46/><D46/><U78/><E63/><V23/><F9/><W5/><G5/><T0/><D0/><U57/><E54/><V112/><F112/><N who="0" m="43082" /><D10/><U94/><REACH who="1" step="1"/><E78/><REACH who="1" ten="255,192,337,206" step="2"/><V47/><F47/><W120/><G120/><T93/><D116/><U125/><E125/><V132/><F132/><W118/><G118/><T102/><D134/><U34/><E34/><V1/><F1/><AGARI ba="3,1" hai="1,4,11,39,42,45,50,53,57,85,89,94,98,99" machi="1" ten="30,2000,0" yaku="1,1,7,1,53,0" doraHai="26" doraHaiUra="108" who="1" fromWho="2" sc="255,0,192,39,337,-29,206,0" /><INIT seed="7,0,0,0,1,1" ten="255,231,308,206" oya="3" hai0="95,54,82,110,10,78,98,68,100,47,5,92,19" hai1="112,105,93,101,72,102,32,107,131,61,85,0,56" hai2="84,111,87,34,91,26,65,129,52,89,135,69,6" hai3="38,59,2,63,27,71,42,44,116,24,96,76,119"/><W125/><G125/><T106/><D110/><U25/><E72/><V14/><F111/><W94/><G2/><T67/><D19/><U36/><E36/><V30/><F135/><W50/><G76/><T104/><D104/><U97/><E0/><V70/><F129/><W31/><G71/><T8/><D8/><U46/><E131/><V80/><F65/><W130/><G38/><T45/><D67/><U118/><E112/><V122/><F122/><W90/><G130/><T66/><D66/><U77/><E118/><V33/><F33/><W60/><G27/><T21/><D21/><U55/><E101/><V37/><F37/><W20/><REACH who="3" step="1"/><G63/><REACH who="3" ten="255,231,308,196" step="2"/><T16/><D68/><U57/><E61/><V4/><F70/><W99/><G99/><T120/><D78/><U103/><E77/><V48/><F69/><W64/><AGARI ba="0,1" hai="20,24,31,42,44,50,59,60,64,90,94,96,116,119" machi="64" ten="20,12000,1" yaku="1,1,0,1,7,1,53,2" doraHai="1" doraHaiUra="113" who="3" fromWho="3" sc="255,-40,231,-40,308,-40,196,130" owari="215,-18.0,191,-31.0,268,7.0,326,42.0" /></mjloggm>