<mjloggm ver="2.3"><GO type="97" lobby="0"/><UN n0="%E5%B0%8F%E9%98%AA%E3%81%A1%E3%81%B2%E3%82%8D" n1="%4E%6F%4E%61%6D%65%5A" n2="%75%6A%75%6C" n3="%E5%B0%B1%E6%B4%BB%E7%94%9F%40%E5%B7%9D%E6%9D%91%E8%BB%8D%E5%9B%A3" dan="14,14,15,15" rate="1899.50,1969.19,1981.56,1960.44" sx="F,F,M,M"/><TAIKYOKU oya="0"/><INIT seed="0,0,0,4,1,79" ten="250,250,250,250" oya="0" hai0="114,61,48,46,127,121,32,28,100,7,43,54,31" hai1="41,134,38,15,21,33,123,108,70,95,22,0,118" hai2="52,5,115,26,3,135,104,4,13,88,65,8,50" hai3="34,86,93,2,102,47,25,62,29,30,126,12,55"/><T73/><D73/><U103/><E70/><V116/><F104/><W63/><G2/><T72/><D121/><U51/><E38/><V44/><F116/><W10/><G126/><T84/><D114/><U101/><E0/><V132/><F115/><W60/><G30/><T11/><D72/><U24/><E118/><V107/><F107/><W106/><G106/><T42/><D127/><U78/><E123/><V37/><F65/><W67/><G67/><T35/><D100/><U82/><E33/><V45/><F26/><W98/><G86/><T94/><D32/><U130/><E130/><V112/><F112/><W16/><REACH who="3" step="1"/><G47/><REACH who="3" ten="250,250,250,240" step="2"/><T131/><D35/><U110/><E110/><V69/><F3/><W20/><G20/><T119/><D131/><U74/><E22/><V91/><F69/><W76/><G76/><T90/><D119/><U49/><E108/><V81/><F4/><W56/><AGARI ba="0,1" hai="10,12,16,25,29,34,55,56,60,62,63,93,98,102" machi="56" ten="30,4000,0" yaku="1,1,0,1,54,1,53,0" doraHai="79" doraHaiUra="83" who="3" fromWho="3" sc="250,-20,250,-10,250,-10,240,50" /><INIT seed="1,0,0,0,2,131" ten="230,240,240,290" oya="1" hai0="79,28,66,9,84,41,22,72,60,24,37,47,92" hai1="34,63,42,6,65,29,123,86,5,11,57,15,114" hai2="117,51,31,19,39,38,89,54,8,83,129,116,73" hai3="95,53,127,110,80,48,98,109,74,125,10,121,118"/><U91/><E123/><V135/><F31/><W128/><G121/><T108/><D72/><U27/><E114/><V107/><F107/><W115/><G115/><T81/><D108/><N who="3" m="41577" /><G10/><T46/><D46/><U119/><E119/><V111/><F111/><W2/><G2/><T112/><D112/><U1/><E42/><V13/><F129/><W113/><G113/><T59/><D92/><U23/><E6/><V85/><F73/><W33/><G33/><T93/><D93/><U97/><E97/><V82/><F82/><W122/><G122/><T87/><REACH who="0" step="1"/><D9/><REACH who="0" ten="220,240,240,290" step="2"/><U30/><E11/><V52/><F116/><W124/><G118/><T88/><D88/><U18/><E91/><V100/><F117/><W90/><G128/><T106/><D106/><U43/><E43/><V120/><F100/><W55/><G80/><T50/><D50/><U69/><E63/><V45/><F120/><W44/><G74/><T67/><D67/><U25/><E65/><V36/><F54/><AGARI ba="0,1" hai="44,48,53,54,55,90,95,98,124,125,127" m="41577" machi="54" ten="40,2600,0" yaku="18,1,14,1" doraHai="131" who="3" fromWho="2" sc="220,0,240,0,240,-26,290,36" /><INIT seed="2,0,0,5,3,29" ten="220,240,214,326" oya="2" hai0="135,22,77,51,103,13,50,128,26,18,89,106,57" hai1="112,30,0,46,6,43,84,132,100,2,124,14,134" hai2="96,60,73,41,88,68,72,24,74,23,20,80,133" hai3="17,25,99,69,53,127,85,102,45,55,113,47,33"/><V82/><F41/><W125/><G69/><T111/><D111/><U122/><E112/><V83/><F133/><N who="1" m="51305" /><E124/><N who="3" m="47690" /><G113/><T114/><D135/><U76/><E122/><V27/><F68/><W75/><G75/><T86/><D114/><U42/><E100/><V123/><F123/><W62/><G85/><T35/><D77/><U110/><E110/><V3/><F60/><W11/><G11/><T116/><D128/><U131/><E30/><V92/><REACH who="2" step="1"/><F3/><REACH who="2" ten="220,240,204,326" step="2"/><W4/><G62/><T8/><D116/><U9/><E131/><V104/><F104/><N who="3" m="63583" /><G4/><T117/><D117/><U38/><E42/><V130/><F130/><W101/><G55/><T65/><D106/><U40/><E40/><V120/><F120/><W97/><G53/><T59/><D65/><U56/><E0/><V79/><F79/><W28/><G17/><T64/><D64/><U61/><E2/><V44/><F44/><W34/><G47/><T66/><D66/><N who="1" m="39207" /><E76/><V21/><AGARI ba="0,1" hai="20,21,23,24,27,72,73,74,80,82,83,88,92,96" machi="21" ten="40,24000,3" yaku="1,1,0,1,29,2,54,1,53,3" doraHai="29" doraHaiUra="105" who="2" fromWho="2" sc="220,-80,240,-80,204,250,326,-80" /><INIT seed="2,1,0,2,1,9" ten="140,160,454,246" oya="2" hai0="18,45,86,111,67,69,50,57,132,8,68,7,108" hai1="59,51,64,134,48,32,76,99,35,75,101,92,4" hai2="117,95,98,25,72,130,71,27,6,78,17,36,112" hai3="58,129,39,115,24,15,60,104,30,20,11,26,135"/><V118/><F36/><W89/><G104/><T83/><D18/><U38/><E134/><V106/><F71/><W93/><G115/><T91/><D132/><U100/><E38/><V123/><F106/><W110/><G135/><T85/><D85/><U12/><E75/><V65/><F65/><W19/><G39/><T40/><D57/><U127/><E76/><V79/><F6/><W105/><G105/><T47/><D47/><U126/><E101/><V62/><F62/><W10/><G129/><T33/><D33/><N who="1" m="12875" /><E64/><V74/><F112/><W55/><G110/><T109/><REACH who="0" step="1"/><D67/><REACH who="0" ten="130,160,454,246" step="2"/><U43/><E59/><V122/><F130/><W52/><G55/><T114/><D114/><U96/><E43/><V13/><F122/><W31/><G11/><T113/><D113/><U2/><E99/><V44/><F123/><W56/><G56/><T0/><AGARI ba="1,1" hai="0,7,8,40,45,50,68,69,83,86,91,108,109,111" machi="0" ten="30,7900,0" yaku="1,1,0,1,14,1,53,1" doraHai="9" doraHaiUra="77" who="0" fromWho="0" sc="130,92,160,-21,454,-40,246,-21" /><INIT seed="3,0,0,4,5,20" ten="222,139,414,225" oya="3" hai0="110,65,0,49,69,42,12,17,114,39,126,34,46" hai1="50,4,53,9,7,100,125,117,86,80,13,130,19" hai2="97,118,8,52,74,24,10,15,93,102,77,91,57" hai3="76,87,75,32,11,121,92,81,58,131,61,103,18"/><W1/><G121/><T66/><D0/><U109/><E109/><V40/><F40/><W22/><G32/><T134/><D34/><U38/><E125/><V95/><F118/><W2/><G131/><T43/><D110/><U115/><E117/><V14/><F74/><W63/><G11/><T85/><D126/><U123/><E130/><V98/><F77/><W106/><G63/><T88/><D134/><U37/><E123/><V128/><F128/><W35/><G35/><T124/><D124/><U62/><E115/><V16/><F24/><W89/><G106/><T83/><D69/><U29/><E38/><V23/><F14/><W78/><G103/><T3/><D3/><U27/><E37/><V94/><F94/><W119/><G78/><T116/><D116/><U30/><E100/><V41/><F41/><N who="0" m="15370" /><D39/><U107/><E62/><AGARI ba="0,0" hai="8,10,15,16,23,52,57,62,91,93,95,97,98,102" machi="62" ten="30,7700,0" yaku="7,1,8,1,54,2" doraHai="20" who="2" fromWho="1" sc="222,0,139,-77,414,77,225,0" owari="222,-18.0,62,-44.0,491,59.0,225,3.0" /></mjloggm>