<mjloggm ver="2.3"><GO type="225" lobby="0"/><UN n0="%E3%81%A6%E3%81%B3" n1="%E3%83%88%E3%83%88%E3%83%AA%E5%85%88%E7%94%9F%31%39%E6%AD%B3" n2="%E3%81%8B%E3%81%B6%E3%81%AE%E4%B8%80%E5%A4%9C%E6%BC%AC%E3%81%91" n3="%6B%79%6F%6E%6B%6F%31%31" dan="16,18,16,17" rate="2002.01,2263.42,2056.67,2207.25" sx="M,F,M,M"/><TAIKYOKU oya="0"/><INIT seed="0,0,0,3,5,48" ten="250,250,250,250" oya="0" hai0="104,63,44,37,87,21,86,133,33,51,62,55,98" hai1="107,99,50,97,91,67,105,2,66,135,122,19,100" hai2="22,38,92,64,83,30,74,114,57,89,69,81,47" hai3="75,35,72,39,85,125,6,52,46,109,61,128,10"/><T102/><D33/><U29/><E122/><V119/><F114/><W101/><G35/><T34/><D34/><U41/><E2/><V103/><F69/><W110/><G101/><T96/><D133/><U43/><E135/><V111/><F74/><W3/><G125/><T127/><D127/><U82/><E29/><V5/><F5/><W115/><G115/><T58/><D37/><U9/><E9/><V24/><F119/><W129/><G85/><T73/><D73/><N who="3" m="28233" /><G39/><T13/><D96/><U106/><E19/><V71/><F71/><W14/><G3/><T36/><D36/><U78/><E78/><V84/><F111/><N who="3" m="42507" /><G46/><T11/><D86/><U118/><E118/><V94/><F47/><W93/><G93/><T28/><D87/><U54/><E82/><V76/><F38/><W108/><N who="3" m="42515" /><W134/><DORA hai="130" /><G134/><T31/><D44/><U15/><E91/><V53/><F64/><W131/><G61/><T88/><D88/><U0/><E0/><V116/><F116/><W77/><G77/><T95/><D104/><U126/><E126/><V45/><F45/><W132/><G132/><T59/><D62/><U8/><E67/><V68/><F68/><W65/><G65/><T4/><D63/><U124/><E66/><V26/><F103/><W113/><G113/><T16/><D59/><N who="1" m="33239" /><E124/><V12/><F81/><W60/><G131/><T70/><D70/><U25/><E100/><V112/><F112/><W120/><G120/><T40/><D40/><N who="1" m="15435" /><E99/><N who="2" m="57743" /><F94/><W117/><G117/><T1/><AGARI ba="0,0" hai="1,4,11,13,16,21,28,31,51,55,58,95,98,102" machi="1" ten="20,7800,0" yaku="0,1,7,1,52,1,54,1" doraHai="48,130" who="0" fromWho="0" sc="250,78,250,-26,250,-26,250,-26" /><INIT seed="0,1,0,2,0,21" ten="328,224,224,224" oya="0" hai0="129,82,95,44,58,56,113,48,54,41,73,135,31" hai1="26,132,69,14,97,120,23,104,91,121,74,0,28" hai2="42,49,37,80,127,118,43,85,4,27,131,39,128" hai3="126,16,101,81,53,62,99,2,30,63,22,122,38"/><T78/><D113/><U100/><E0/><V83/><F4/><W94/><G2/><T112/><D112/><U86/><E69/><V107/><F107/><W6/><G38/><N who="2" m="14345" /><F118/><W98/><G126/><T114/><D114/><U130/><E130/><N who="2" m="49707" /><F127/><W84/><G122/><T13/><D135/><U17/><E74/><V75/><F49/><W72/><G72/><T76/><D129/><U60/><E60/><V89/><F27/><N who="3" m="14791" /><G6/><T115/><D115/><U50/><E50/><V71/><F71/><W108/><G108/><T106/><D106/><U18/><E132/><V133/><F133/><W90/><G30/><T32/><D76/><AGARI ba="1,0" hai="42,43,75,76,80,83,85,89" m="49707,14345" machi="76" ten="30,1000,0" yaku="19,1" doraHai="21" who="2" fromWho="0" sc="328,-13,224,0,224,13,224,0" /><INIT seed="1,0,0,1,3,42" ten="315,224,237,224" oya="1" hai0="1,131,8,113,119,63,5,94,24,103,7,19,73" hai1="37,4,48,98,130,127,67,66,123,22,41,122,35" hai2="61,10,91,44,95,71,25,40,121,118,34,47,46" hai3="49,135,28,68,69,20,108,112,87,100,16,117,30"/><U9/><E35/><V38/><F118/><W109/><G112/><T12/><D113/><U33/><E33/><V76/><F121/><W27/><G117/><T70/><D119/><U102/><E37/><V124/><F76/><W60/><G100/><T86/><D73/><U26/><E130/><V32/><F124/><W125/><G125/><T132/><D131/><U120/><E127/><V105/><F10/><W133/><G87/><T6/><D132/><N who="3" m="50761" /><G49/><T0/><D24/><U11/><E41/><V15/><F15/><W134/><N who="3" m="50769" /><W89/><DORA hai="52" /><G89/><T57/><D70/><N who="3" m="27241" /><G60/><T99/><REACH who="0" step="1"/><D86/><REACH who="0" ten="305,224,237,224" step="2"/><U43/><E120/><V85/><F25/><N who="3" m="14471" /><G30/><T81/><D81/><U55/><E122/><V29/><F29/><W65/><G65/><AGARI ba="0,1" hai="0,1,5,6,7,8,12,19,57,63,65,94,99,103" machi="65" ten="40,2600,0" yaku="1,1,52,1,53,0" doraHai="42,52" doraHaiUra="39,111" who="0" fromWho="3" sc="305,36,224,0,237,0,224,-26" /><INIT seed="2,0,0,1,1,54" ten="341,224,237,198" oya="2" hai0="98,68,20,16,99,28,74,21,117,72,131,133,116" hai1="126,45,1,67,18,14,42,3,38,91,94,61,128" hai2="55,108,10,6,0,86,27,50,33,2,39,81,24" hai3="85,13,8,15,63,4,132,115,35,92,36,78,118"/><V60/><F39/><W107/><G107/><T22/><D68/><U125/><E128/><V119/><F119/><N who="0" m="45642" /><D131/><U23/><E3/><V113/><F113/><W104/><G104/><T89/><D133/><U19/><E19/><V26/><F108/><W84/><G36/><T49/><D49/><U9/><E9/><V129/><F129/><W43/><G35/><T5/><D5/><U88/><E1/><V57/><F60/><W114/><G43/><T135/><D135/><U29/><E29/><V17/><F0/><W73/><G132/><T37/><D37/><U40/><E40/><V96/><F96/><N who="0" m="36906" /><D89/><U46/><E46/><V66/><F33/><W127/><G118/><T32/><D16/><U103/><E103/><V44/><F17/><W48/><G48/><T62/><D62/><U79/><E79/><V12/><F2/><W124/><G15/><T93/><D93/><U71/><REACH who="1" step="1"/><E94/><REACH who="1" ten="341,214,237,198" step="2"/><V83/><F83/><N who="3" m="45519" /><G92/><T111/><D111/><U80/><E80/><V47/><F44/><W75/><G75/><T65/><D72/><U70/><E70/><V34/><F34/><W82/><G82/><T120/><D74/><U106/><E106/><V59/><F47/><W109/><G109/><T102/><D102/><U53/><E53/><V11/><F11/><W64/><G115/><T7/><D32/><U105/><E105/><V90/><F66/><W87/><G114/><T51/><D65/><U100/><E100/><V76/><F76/><W97/><G97/><T25/><D28/><U121/><E121/><V101/><F101/><W95/><G95/><T41/><D41/><RYUUKYOKU ba="0,1" sc="341,-30,214,10,237,10,198,10" hai1="14,18,23,38,42,45,61,67,71,88,91,125,126" hai2="6,10,12,24,26,27,50,55,57,59,81,86,90" hai3="4,8,13,63,64,84,85,87,124,127" /><INIT seed="2,1,1,4,3,80" ten="311,224,247,208" oya="2" hai0="24,130,87,50,22,114,108,69,32,129,44,124,51" hai1="70,135,121,5,117,118,31,29,132,59,16,68,86" hai2="55,15,41,10,89,97,58,103,35,64,13,38,26" hai3="123,95,27,12,111,2,127,107,119,4,116,101,115"/><V19/><F64/><W48/><G107/><T0/><D114/><U88/><E5/><V93/><F38/><W65/><G2/><T77/><D0/><U60/><E121/><V105/><F41/><W33/><G123/><T11/><D69/><U131/><E131/><N who="0" m="50185" /><D32/><U57/><E16/><N who="2" m="8247" /><F35/><W49/><G115/><T45/><D108/><U79/><E79/><V52/><F105/><W63/><G111/><T6/><D124/><U75/><E75/><V134/><F134/><N who="1" m="51241" /><E70/><V113/><F113/><W43/><G127/><T82/><D11/><U109/><E68/><V67/><F26/><W18/><G33/><T122/><D6/><U7/><E7/><V62/><F103/><W23/><G116/><N who="1" m="44650" /><E109/><V28/><F28/><N who="1" m="10825" /><E60/><V83/><F83/><AGARI ba="1,1" hai="57,59,83,86,88" m="10825,44650,51241" machi="83" ten="30,3900,0" yaku="20,1,52,1,54,1" doraHai="80" who="1" fromWho="2" sc="311,0,224,52,247,-42,208,0" /><INIT seed="3,0,0,3,1,133" ten="311,276,205,208" oya="3" hai0="88,1,70,127,93,87,49,117,29,115,95,43,91" hai1="46,56,19,126,80,63,8,77,69,31,124,13,84" hai2="9,83,108,81,82,64,119,75,55,20,4,15,5" hai3="21,112,104,85,68,106,36,47,57,40,41,50,89"/><W34/><G34/><T107/><D117/><U92/><E69/><V121/><F119/><W109/><G68/><T66/><D1/><U45/><E31/><V101/><F121/><W25/><G112/><T131/><D107/><U59/><E59/><V90/><F108/><W120/><G120/><T128/><D115/><U0/><E0/><V18/><F75/><W39/><G109/><T16/><D29/><U105/><E105/><V79/><F101/><W58/><G39/><T65/><D127/><N who="1" m="48683" /><E92/><V122/><F122/><W74/><G74/><T48/><D16/><U24/><E24/><N who="2" m="14359" /><F64/><AGARI ba="0,0" hai="8,13,19,45,46,56,63,64,77,80,84" m="48683" machi="64" ten="30,7700,0" yaku="18,1,52,3" doraHai="133" who="1" fromWho="2" sc="311,0,276,77,205,-77,208,0" owari="311,11.0,353,45.0,128,-37.0,208,-19.0" /></mjloggm>