<mjloggm ver="2.3"><GO type="41" lobby="0"/><UN n0="%36%37%35%6E%61%63" n1="%6D%6F%6B%6F" n2="%E5%B0%B1%E6%B4%BB%E7%94%9F%40%E5%B7%9D%E6%9D%91%E8%BB%8D%E5%9B%A3" n3="%52%61%69%61%6E%2E" dan="13,15,16,14" rate="1817.06,1957.07,2159.99,1930.36" sx="M,M,M,F"/><TAIKYOKU oya="0"/><INIT seed="0,0,0,5,1,17" ten="250,250,250,250" oya="0" hai0="27,126,55,10,22,87,105,67,89,106,111,13,54" hai1="115,36,45,110,19,109,113,86,79,104,3,65,120" hai2="84,77,75,29,72,61,102,98,16,11,62,93,70" hai3="2,34,81,92,133,80,125,128,18,117,131,53,96"/><T129/><D126/><U50/><E120/><V49/><F29/><W1/><G34/><T14/><D129/><N who="3" m="49737" /><G117/><T63/><D105/><U41/><E104/><V94/><F70/><W108/><G125/><T118/><D118/><U26/><E3/><N who="3" m="1034" /><G108/><N who="1" m="41578" /><E65/><V116/><F116/><W38/><G38/><T9/><D106/><U46/><E86/><V123/><F123/><W107/><G107/><T6/><D67/><U24/><E79/><V21/><F11/><W122/><G122/><T99/><D99/><U15/><E45/><V127/><F127/><W44/><G18/><T78/><D78/><U112/><E36/><V25/><F49/><N who="3" m="28839" /><G133/><T33/><D63/><N who="2" m="24074" /><F75/><W114/><G114/><N who="1" m="29186" /><U71/><DORA hai="124" /><E71/><V134/><F72/><W12/><G12/><T57/><D33/><U31/><E31/><V47/><F134/><W95/><G95/><N who="0" m="54719" /><D111/><U4/><E4/><V30/><F30/><W59/><G59/><T52/><D57/><U35/><E35/><V88/><F47/><W56/><G56/><T97/><D97/><U5/><E5/><V69/><F69/><W119/><G119/><T37/><D37/><U74/><E74/><V20/><F77/><W8/><G8/><AGARI ba="0,0" hai="8,15,19,24,26,41,46,50" m="29186,41578" machi="8" ten="40,2600,0" yaku="14,1,11,1" doraHai="17,124" who="1" fromWho="3" sc="250,0,250,26,250,0,250,-26" /><INIT seed="1,0,0,2,4,68" ten="250,276,250,224" oya="1" hai0="81,84,52,28,37,2,65,49,0,104,115,6,97" hai1="102,15,83,86,25,20,130,82,90,101,135,21,35" hai2="55,128,132,26,131,1,124,71,18,13,98,46,109" hai3="80,12,96,62,113,57,78,75,79,50,40,125,59"/><U116/><E116/><V9/><F71/><W58/><G113/><T43/><D115/><U10/><E135/><V94/><F109/><W117/><G78/><T23/><D104/><U24/><E130/><N who="2" m="49707" /><F124/><W72/><G72/><T29/><D65/><U19/><E35/><V45/><F132/><W107/><G125/><T93/><D6/><U64/><E64/><V47/><F1/><W69/><G69/><T30/><D23/><U106/><E106/><V42/><F26/><N who="1" m="10345" /><E82/><V121/><F121/><W95/><G107/><T99/><D99/><U76/><E76/><V32/><F32/><W103/><G117/><T122/><D122/><U87/><E87/><V105/><F105/><W66/><G66/><T112/><D112/><U4/><E21/><V108/><F55/><W44/><G62/><T39/><D43/><U114/><E114/><V127/><F127/><W89/><REACH who="3" step="1"/><G12/><AGARI ba="0,0" hai="4,10,12,15,19,20,83,86,90,101,102" m="10345" machi="12" ten="30,1500,0" yaku="8,1" doraHai="68" who="1" fromWho="3" sc="250,0,276,15,250,0,224,-15" /><INIT seed="1,1,0,1,3,103" ten="250,291,250,209" oya="1" hai0="49,1,23,0,3,20,56,118,18,94,119,41,29" hai1="51,70,5,87,117,72,115,133,89,130,39,47,73" hai2="19,98,125,112,66,120,114,36,28,69,57,105,7" hai3="31,116,32,83,123,34,84,50,52,96,4,46,127"/><U15/><E117/><V109/><F36/><W27/><G34/><T88/><D41/><U25/><E115/><V77/><F77/><W124/><G123/><T97/><D29/><U79/><E133/><V43/><F43/><W71/><G71/><T76/><D76/><U13/><E130/><V33/><F57/><W35/><G35/><T14/><REACH who="0" step="1"/><D23/><REACH who="0" ten="240,291,250,209" step="2"/><U122/><E79/><V106/><F28/><W22/><G22/><T26/><D26/><U75/><E25/><V6/><F33/><W44/><G27/><T54/><AGARI ba="1,1" hai="0,1,3,14,18,20,49,54,56,88,94,97,118,119" machi="54" ten="40,8000,1" yaku="1,1,0,1,54,1,53,1" doraHai="103" doraHaiUra="8" who="0" fromWho="0" sc="240,93,291,-41,250,-21,209,-21" /><INIT seed="2,0,0,5,0,42" ten="333,250,229,188" oya="2" hai0="76,124,128,46,27,121,25,41,93,34,79,127,134" hai1="49,64,62,77,92,47,82,85,33,106,110,40,0" hai2="116,53,100,50,20,130,11,2,63,132,98,35,14" hai3="72,48,29,97,7,125,3,24,8,105,95,13,58"/><V99/><F35/><W115/><G72/><T5/><D121/><U51/><E110/><V57/><F116/><W30/><G105/><T114/><D114/><U44/><E106/><V22/><F130/><W21/><G115/><T78/><D128/><U80/><E0/><V52/><F132/><W28/><G3/><T75/><D75/><U87/><E33/><V38/><F38/><W56/><G125/><N who="0" m="48203" /><D5/><U74/><E92/><N who="2" m="58439" /><F99/><W1/><G1/><T68/><D68/><U89/><E74/><V9/><F2/><W117/><G117/><T119/><D119/><U55/><E62/><V59/><F11/><W113/><G113/><T4/><D4/><AGARI ba="0,0" hai="4,9,14,20,22,50,52,53,57,59,63" m="58439" machi="4" ten="30,2900,0" yaku="8,1,54,1" doraHai="42" who="2" fromWho="0" sc="333,-29,250,0,229,29,188,0" /><INIT seed="2,1,0,0,1,7" ten="304,250,258,188" oya="2" hai0="20,126,28,128,25,76,33,82,107,39,99,19,123" hai1="85,98,40,109,41,94,2,17,111,93,59,125,132" hai2="43,78,22,0,79,6,71,81,3,30,122,108,69" hai3="86,83,89,118,34,120,38,57,116,88,31,64,27"/><V75/><F122/><W10/><G38/><T35/><D123/><U13/><E132/><V103/><F78/><W121/><G121/><T115/><D115/><U52/><E125/><V16/><F30/><W102/><G120/><T84/><D126/><U66/><E2/><V127/><F127/><W18/><G102/><T87/><D128/><U8/><E66/><V124/><F124/><W131/><G131/><T42/><D39/><U134/><E134/><V55/><F43/><W63/><REACH who="3" step="1"/><G89/><REACH who="3" ten="304,250,258,178" step="2"/><T113/><D113/><U11/><E111/><V50/><F108/><W12/><AGARI ba="1,1" hai="10,12,18,27,31,34,57,63,64,83,86,88,116,118" machi="12" ten="30,8000,1" yaku="1,1,2,1,0,1,52,1,54,1,53,0" doraHai="7" doraHaiUra="95" who="3" fromWho="3" sc="304,-21,250,-21,258,-41,178,93" /><INIT seed="3,0,0,5,2,13" ten="283,229,217,271" oya="3" hai0="114,124,32,20,90,0,107,122,37,81,82,87,49" hai1="132,29,26,16,15,71,131,66,61,94,105,50,115" hai2="60,75,51,59,25,9,127,88,5,133,67,48,45" hai3="68,73,79,24,52,85,33,101,10,118,6,12,134"/><W39/><G39/><T95/><D0/><U65/><E115/><V78/><F127/><W123/><G68/><T57/><D37/><U86/><E132/><V116/><F133/><W76/><G73/><T23/><D122/><U89/><E131/><V103/><F116/><W54/><G134/><T30/><D32/><U63/><E105/><V126/><F126/><W70/><G70/><T55/><D124/><U99/><E50/><V129/><F129/><W42/><G42/><T53/><D114/><U69/><E99/><V27/><F103/><W38/><G38/><T62/><D107/><U93/><E93/><V4/><F78/><W56/><G123/><T28/><D82/><U121/><E121/><V8/><F75/><W47/><G118/><T84/><D28/><U125/><E125/><V102/><F102/><W31/><G101/><T7/><D7/><N who="2" m="2634" /><F88/><W58/><G47/><T46/><REACH who="0" step="1"/><D30/><REACH who="0" ten="273,229,217,271" step="2"/><U41/><E29/><V74/><F74/><W21/><G33/><T34/><D34/><U22/><REACH who="1" step="1"/><E41/><REACH who="1" ten="273,219,217,271" step="2"/><N who="2" m="24623" /><F51/><N who="3" m="30751" /><G85/><T72/><D72/><U64/><E64/><V77/><F67/><W18/><G31/><T109/><D109/><U112/><E112/><V135/><F135/><W91/><G91/><AGARI ba="0,2" hai="20,23,46,49,53,55,57,62,81,84,87,90,91,95" machi="91" ten="30,3900,0" yaku="1,1,7,1,8,1,53,0" doraHai="13" doraHaiUra="119" who="0" fromWho="3" sc="273,59,219,0,217,0,271,-39" /><INIT seed="4,0,0,1,3,111" ten="332,219,217,232" oya="0" hai0="127,13,5,79,78,132,100,133,43,74,66,10,7" hai1="97,6,16,117,48,58,63,110,29,19,26,22,47" hai2="116,55,114,60,123,50,109,88,70,1,113,76,73" hai3="46,20,32,128,95,131,130,126,59,129,107,27,99"/><T121/><D121/><U96/><E110/><V34/><F34/><W81/><G107/><T64/><D100/><U12/><E117/><V65/><F1/><W83/><G32/><T62/><D74/><U54/><E6/><V41/><F109/><W86/><G126/><T94/><D43/><U82/><E82/><N who="2" m="45327" /><F123/><W105/><G105/><T101/><D127/><U28/><E28/><V72/><F72/><W89/><G46/><T21/><D21/><U39/><E39/><V104/><F104/><W75/><G128/><T115/><D115/><N who="2" m="44042" /><F88/><W119/><G119/><T91/><D101/><U56/><E56/><N who="2" m="32887" /><F116/><W52/><G75/><T98/><D7/><U33/><REACH who="1" step="1"/><E19/><REACH who="1" ten="332,209,217,232" step="2"/><V2/><F2/><W11/><G11/><T23/><D5/><U93/><E93/><V102/><F102/><W31/><REACH who="3" step="1"/><G99/><REACH who="3" ten="332,209,217,222" step="2"/><T51/><D10/><U0/><E0/><V3/><F3/><W108/><G108/><T8/><D8/><U45/><E45/><V53/><F41/><AGARI ba="0,2" hai="12,16,22,26,29,33,41,47,48,54,58,63,96,97" machi="41" ten="30,3900,0" yaku="1,1,7,1,54,1,53,0" doraHai="111" doraHaiUra="135" who="1" fromWho="2" sc="332,0,209,59,217,-39,222,0" /><INIT seed="5,0,0,5,5,48" ten="332,268,178,222" oya="1" hai0="70,64,5,135,18,95,12,10,106,19,1,111,47" hai1="102,80,96,38,85,113,110,53,40,57,51,87,121" hai2="72,130,124,109,74,16,4,0,15,67,9,77,116" hai3="125,43,32,92,99,128,107,100,55,71,11,117,31"/><U28/><E121/><V68/><F109/><W37/><G128/><T88/><D106/><U127/><E113/><V50/><F130/><W52/><G71/><T134/><D111/><U61/><E127/><V3/><F124/><W23/><G32/><T34/><D34/><U84/><E110/><V66/><F116/><W13/><G125/><T94/><D95/><N who="1" m="58655" /><E38/><V86/><F3/><W58/><G117/><T60/><D47/><N who="1" m="26087" /><E28/><V49/><F86/><W81/><G107/><T97/><REACH who="0" step="1"/><D1/><REACH who="0" ten="322,268,178,222" step="2"/><U119/><E119/><V75/><F77/><AGARI ba="0,1" hai="53,57,61,77,80,84,85,87" m="26087,58655" machi="77" ten="30,2900,0" yaku="8,1,52,1" doraHai="48" who="1" fromWho="2" sc="322,0,268,39,178,-29,222,0" /><INIT seed="5,1,0,5,2,49" ten="322,307,149,222" oya="1" hai0="68,82,73,110,132,72,87,66,96,29,21,0,4" hai1="54,93,50,112,61,57,71,13,3,91,108,41,115" hai2="127,32,1,38,133,126,36,15,134,109,85,102,62" hai3="86,37,92,24,33,131,6,42,77,51,101,113,7"/><U70/><E3/><V39/><F1/><W106/><G37/><T23/><D110/><U100/><E100/><V48/><F32/><W135/><G106/><T63/><D132/><N who="2" m="50794" /><F102/><W52/><G42/><T5/><D0/><U81/><E81/><V19/><F85/><W121/><G113/><N who="1" m="43594" /><E108/><V116/><F109/><W75/><G75/><T84/><D96/><N who="1" m="57407" /><E13/><V120/><F120/><W12/><G135/><T25/><D23/><U123/><E123/><V117/><F19/><W122/><G122/><T103/><D103/><U65/><E41/><V16/><F62/><W8/><G121/><T118/><D118/><N who="2" m="45674" /><F48/><W26/><G33/><T11/><D84/><U107/><E107/><V130/><F130/><W95/><G131/><T76/><REACH who="0" step="1"/><D11/><AGARI ba="1,0" hai="11,15,16,36,38,39,126,127" m="45674,50794" machi="11" ten="40,2600,0" yaku="20,1,54,1" doraHai="49" who="2" fromWho="0" sc="322,-29,307,0,149,29,222,0" /><INIT seed="6,0,0,0,5,83" ten="293,307,178,222" oya="2" hai0="77,38,35,123,98,103,110,25,29,31,49,97,7" hai1="4,115,63,18,20,19,113,21,23,82,10,55,108" hai2="102,16,120,96,24,62,101,27,59,71,26,105,130" hai3="135,75,32,79,48,92,43,12,15,72,129,76,17"/><V122/><F130/><W53/><G32/><T81/><D123/><U89/><E108/><V39/><F39/><W69/><G69/><T1/><D38/><U126/><E63/><V73/><F73/><W90/><G75/><T41/><D110/><U116/><E55/><V78/><F78/><N who="3" m="29739" /><G72/><T11/><D31/><U91/><E116/><V117/><F117/><W6/><G129/><T50/><D103/><U74/><E74/><V30/><F71/><W87/><G135/><T67/><D67/><U131/><E131/><V100/><F30/><W118/><G118/><T88/><D41/><U86/><E91/><V125/><F125/><W2/><G2/><T40/><D40/><U8/><E126/><V93/><F105/><W107/><G43/><T61/><D61/><U127/><E127/><V22/><F120/><W94/><G107/><T54/><D50/><U133/><E133/><V70/><F70/><W9/><G92/><T121/><D121/><U85/><E4/><V37/><F37/><W46/><G15/><T3/><D3/><U45/><E115/><V132/><F132/><W13/><G13/><T124/><D124/><U106/><E106/><V99/><F122/><W95/><G95/><T64/><D64/><U112/><E112/><V33/><F33/><W119/><G119/><T84/><D77/><N who="1" m="46287" /><E113/><V34/><F34/><W14/><G14/><T60/><D60/><U51/><E19/><AGARI ba="0,0" hai="6,9,12,17,19,46,48,53,87,90,94" m="29739" machi="19" ten="30,2000,0" yaku="8,1,52,1" doraHai="83" who="3" fromWho="1" sc="293,0,307,-20,178,0,222,20" /><INIT seed="7,0,0,2,0,20" ten="293,287,178,242" oya="3" hai0="66,64,127,59,40,23,102,116,117,32,4,55,101" hai1="50,12,119,45,71,120,121,75,106,37,98,2,29" hai2="7,124,61,128,51,70,38,132,22,33,109,27,9" hai3="129,6,80,53,47,46,112,89,99,10,68,125,11"/><W36/><G68/><T82/><D32/><U91/><E2/><V17/><F109/><W31/><G112/><T83/><D127/><U105/><E119/><V3/><F38/><W96/><G36/><T135/><D135/><U5/><E37/><V35/><F124/><W103/><G125/><T58/><D117/><U118/><E118/><V88/><F132/><W104/><G129/><T1/><D1/><U30/><E75/><V78/><F128/><W24/><G53/><T126/><D126/><U114/><E114/><V63/><F78/><W95/><G80/><N who="0" m="30763" /><D4/><U0/><E91/><V21/><F51/><W97/><G97/><T57/><D40/><U19/><E50/><V110/><F110/><W44/><REACH who="3" step="1"/><G6/><REACH who="3" ten="293,287,178,232" step="2"/><T79/><D116/><U16/><E98/><V115/><F115/><W60/><G60/><T14/><D102/><U84/><E5/><V94/><F63/><W74/><G74/><T69/><D101/><U54/><E71/><V43/><F43/><W122/><G122/><T77/><D69/><U49/><E121/><V76/><F76/><W85/><G85/><T87/><D87/><U26/><E84/><V42/><F42/><W52/><G52/><T86/><D86/><U134/><E120/><V107/><F107/><W39/><G39/><T90/><D79/><U65/><E134/><V8/><F61/><W13/><G13/><T81/><D77/><U41/><E106/><V92/><F70/><W113/><G113/><T133/><D133/><U100/><E105/><V25/><F7/><W34/><AGARI ba="0,1" hai="10,11,24,31,34,44,46,47,89,95,96,99,103,104" machi="34" ten="30,6000,0" yaku="1,1,0,1,52,1,53,0" doraHai="20" doraHaiUra="48" who="3" fromWho="3" sc="293,-20,287,-20,178,-20,232,70" owari="273,7.0,267,-13.0,158,-34.0,302,40.0" /></mjloggm>