<mjloggm ver="2.3"><GO type="169" lobby="0"/><UN n0="%E3%80%93%E3%81%84%E3%81%A1%E3%81%AF%E3%82%89%E3%80%93" n1="%E7%B7%92%E6%96%B9%E6%99%BA%E7%B5%B5%E9%87%8C%2B" n2="%E3%83%88%E3%83%88%E3%83%AA%E5%85%88%E7%94%9F%31%39%E6%AD%B3" n3="%E3%81%BE%E3%81%A4%E3%82%86%E3%81%8D" dan="17,16,18,16" rate="2167.89,2084.66,2274.37,2204.42" sx="M,M,F,M"/><TAIKYOKU oya="0"/><INIT seed="0,0,0,4,4,116" ten="250,250,250,250" oya="0" hai0="76,83,65,38,108,3,36,57,25,50,33,62,61" hai1="20,115,47,64,39,69,17,131,127,75,124,16,58" hai2="54,134,113,91,37,29,15,59,97,40,9,30,32" hai3="6,67,27,31,111,128,109,95,120,100,104,79,123"/><T110/><D3/><U106/><E115/><V1/><F1/><W78/><G104/><T22/><D33/><U34/><E34/><V24/><F113/><W42/><G6/><T60/><D50/><U119/><E119/><V49/><F134/><W28/><G42/><T122/><D57/><U52/><E106/><V117/><F117/><W125/><G67/><T80/><D65/><U2/><E75/><V5/><F30/><N who="3" m="11307" /><G27/><T135/><D135/><U88/><E131/><V4/><F40/><W114/><G114/><T66/><D66/><U105/><E105/><V101/><F91/><W85/><G128/><T82/><D76/><N who="3" m="29225" /><G125/><N who="1" m="48202" /><E2/><V132/><F37/><N who="0" m="14442" /><D25/><N who="1" m="14471" /><E88/><V10/><F132/><W121/><G85/><T74/><D74/><U56/><E17/><V14/><F97/><AGARI ba="0,0" hai="95,97,100,109,111,120,121,123" m="29225,11307" machi="97" ten="40,8000,1" yaku="13,1,52,3" doraHai="116" who="3" fromWho="2" sc="250,0,250,0,250,-80,250,80" /><INIT seed="1,0,0,2,1,59" ten="250,250,170,330" oya="1" hai0="102,112,114,16,7,103,33,36,68,0,131,126,30" hai1="18,26,4,47,107,98,120,42,40,49,123,10,121" hai2="23,61,31,2,57,45,29,15,93,41,55,99,122" hai3="70,101,135,84,118,43,69,46,25,85,80,64,77"/><U82/><E40/><V5/><F122/><W22/><G118/><T100/><D36/><U50/><E107/><V97/><F2/><W83/><G101/><T60/><D131/><U11/><E98/><V105/><F105/><W81/><G135/><T87/><D126/><U119/><E119/><V73/><F73/><W44/><G81/><T13/><D7/><U72/><E49/><N who="2" m="26799" /><F97/><W19/><G46/><T28/><D0/><U104/><E104/><V89/><F5/><W9/><G9/><T86/><D114/><U56/><E4/><V21/><F21/><W124/><G124/><T128/><D128/><U6/><E6/><V96/><F99/><W115/><G64/><T39/><D39/><U132/><E132/><V58/><F58/><W78/><REACH who="3" step="1"/><G115/><REACH who="3" ten="250,250,170,320" step="2"/><T113/><D113/><U127/><E127/><V65/><F65/><W108/><G108/><T66/><D112/><U79/><E10/><V20/><F20/><W75/><G75/><T51/><D103/><U24/><E11/><V53/><F53/><W76/><G76/><T129/><D102/><U94/><E121/><V110/><F110/><W35/><G35/><T109/><D100/><U63/><E123/><V1/><F1/><W125/><G125/><T52/><D109/><U37/><E120/><V130/><F130/><W3/><G3/><T134/><D129/><U8/><E8/><V90/><F90/><W12/><G12/><T117/><D134/><U88/><E88/><V74/><F74/><W54/><G54/><T14/><D52/><U38/><E72/><V48/><F48/><AGARI ba="0,1" hai="19,22,25,43,44,48,69,70,77,78,80,83,84,85" machi="48" ten="30,3900,0" yaku="1,1,7,1,9,1,53,0" doraHai="59" doraHaiUra="91" who="3" fromWho="2" sc="250,0,250,0,170,-39,320,49" /><INIT seed="2,0,0,4,4,20" ten="250,250,131,369" oya="2" hai0="124,77,55,19,21,42,54,1,38,13,74,83,30" hai1="15,110,109,123,12,118,50,106,68,70,126,81,128" hai2="6,31,93,120,96,64,35,0,10,9,61,24,87" hai3="46,102,116,129,122,29,132,36,47,85,107,97,105"/><V56/><F120/><W79/><G122/><T49/><D124/><U88/><E118/><V82/><F10/><W71/><G116/><T112/><D112/><U59/><E123/><V2/><F2/><W14/><G71/><T84/><D38/><U63/><E106/><V57/><F57/><W89/><G105/><T5/><D74/><U125/><E128/><V130/><F130/><W75/><G129/><T66/><D66/><U121/><E121/><V86/><REACH who="2" step="1"/><F82/><REACH who="2" ten="250,250,121,369" step="2"/><W95/><G132/><T3/><D3/><U23/><E70/><V43/><F43/><W51/><G47/><N who="0" m="25847" /><D1/><U16/><E68/><V73/><F73/><W34/><G46/><T113/><D113/><U90/><E126/><V65/><F65/><W80/><G75/><T98/><D5/><U17/><E81/><V41/><F41/><W100/><G80/><T133/><D133/><U119/><E125/><V76/><F76/><W67/><G79/><T117/><D117/><U28/><E119/><V8/><F8/><W69/><G67/><T135/><D135/><U44/><E110/><V7/><F7/><W114/><G69/><T22/><D55/><U62/><E109/><V111/><F111/><W72/><G72/><T33/><D54/><U134/><E59/><V91/><AGARI ba="0,1" hai="0,6,9,24,31,35,56,61,64,86,87,91,93,96" machi="91" ten="20,12000,1" yaku="1,1,0,1,7,1,52,1,53,1" doraHai="20" doraHaiUra="25" who="2" fromWho="2" sc="250,-40,250,-40,121,130,369,-40" /><INIT seed="2,1,0,5,5,42" ten="210,210,251,329" oya="2" hai0="41,107,8,101,3,6,110,132,104,39,15,92,93" hai1="10,12,134,78,48,81,95,24,129,55,102,71,59" hai2="26,126,124,99,122,7,36,30,131,82,22,77,43" hai3="75,64,68,94,54,67,29,37,113,90,33,19,87"/><V63/><F122/><W118/><G118/><T62/><D110/><U98/><E129/><V80/><F131/><W13/><G75/><T52/><D132/><U9/><E134/><V96/><F7/><W116/><G116/><T72/><D72/><U50/><E71/><V112/><F112/><W106/><G106/><T18/><D107/><U111/><E111/><V127/><F80/><W40/><G113/><T89/><D104/><U66/><E66/><V14/><F14/><W32/><G54/><T21/><D101/><U28/><E50/><V4/><F4/><W31/><G33/><T27/><D41/><U60/><E60/><V34/><F34/><W130/><G130/><T45/><D39/><U117/><E117/><V86/><REACH who="2" step="1"/><F63/><REACH who="2" ten="210,210,241,329" step="2"/><W128/><G32/><T2/><D2/><U20/><REACH who="1" step="1"/><E12/><REACH who="1" ten="210,200,241,329" step="2"/><V125/><F125/><W23/><G128/><T51/><D62/><U91/><E91/><V79/><F79/><W47/><G13/><T119/><D119/><U11/><E11/><V16/><F16/><W115/><G19/><T44/><D3/><U88/><E88/><V17/><F17/><W83/><G90/><T133/><D133/><U100/><E100/><V49/><F49/><W5/><G115/><T74/><D89/><U1/><E1/><V105/><F105/><W84/><G37/><T114/><D114/><U123/><E123/><V73/><F73/><AGARI ba="1,2" hai="9,10,20,24,28,48,55,59,73,78,81,95,98,102" machi="73" ten="30,2000,0" yaku="1,1,7,1,53,0" doraHai="42" doraHaiUra="121" who="1" fromWho="2" sc="210,0,200,43,241,-23,329,0" /><INIT seed="3,0,0,1,5,9" ten="210,243,218,329" oya="3" hai0="131,78,80,68,4,119,125,38,90,105,126,74,13" hai1="2,81,52,66,106,8,121,92,73,57,28,46,32" hai2="41,120,130,47,17,25,3,44,116,123,50,20,53" hai3="59,22,0,26,108,111,122,12,49,55,39,107,85"/><W37/><G0/><T31/><D68/><U104/><E121/><N who="2" m="46667" /><F116/><W54/><G122/><T16/><D38/><U67/><E106/><V58/><F3/><W89/><G107/><T23/><D119/><U88/><E104/><V48/><F130/><W70/><G55/><T117/><D105/><U77/><E46/><AGARI ba="0,0" hai="17,20,25,41,44,46,47,48,50,53,58" m="46667" machi="46" ten="30,1000,0" yaku="13,1" doraHai="9" who="2" fromWho="1" sc="210,0,243,-10,218,10,329,0" /><INIT seed="4,0,0,4,3,0" ten="210,233,228,329" oya="0" hai0="114,10,16,133,68,132,24,106,119,11,83,86,116" hai1="78,49,97,58,54,115,42,77,59,98,2,111,95" hai2="121,75,74,53,46,3,103,14,27,36,81,135,126" hai3="31,93,65,9,19,62,52,60,61,91,15,134,4"/><T26/><D106/><U50/><E111/><V130/><F121/><W72/><G72/><T66/><D68/><U25/><E115/><V127/><F3/><W122/><G122/><T124/><D66/><U109/><E109/><V67/><F130/><W56/><G31/><T35/><D86/><U70/><E70/><V104/><F135/><N who="0" m="51786" /><D83/><U5/><E25/><N who="0" m="9833" /><D114/><U45/><E59/><V18/><F67/><W79/><G79/><T69/><D69/><U51/><E51/><N who="2" m="28919" /><F36/><W43/><G134/><T12/><D124/><N who="2" m="47658" /><F27/><W29/><G29/><T57/><D57/><U8/><REACH who="1" step="1"/><E98/><REACH who="1" ten="210,223,228,329" step="2"/><N who="2" m="61559" /><F81/><W108/><G108/><T71/><D71/><U113/><E113/><V1/><F1/><W55/><G65/><T123/><D123/><U89/><AGARI ba="0,1" hai="2,5,8,42,45,49,50,54,58,77,78,89,95,97" machi="89" ten="20,5200,0" yaku="1,1,0,1,7,1,52,1,53,0" doraHai="0" doraHaiUra="13" who="1" fromWho="1" sc="210,-26,223,62,228,-13,329,-13" /><INIT seed="5,0,0,3,1,114" ten="184,285,215,316" oya="1" hai0="120,103,26,8,63,37,78,97,31,116,40,89,131" hai1="18,130,75,29,72,79,94,49,4,54,98,133,6" hai2="0,85,27,88,71,126,50,113,11,58,110,86,19" hai3="47,123,43,127,107,16,104,30,35,33,82,3,91"/><U95/><E130/><V76/><F110/><W46/><G3/><T59/><D131/><U102/><E29/><V122/><F122/><W106/><G123/><T24/><D120/><U39/><E39/><V77/><F71/><W2/><G2/><T7/><D78/><U48/><E133/><V64/><F126/><W20/><G127/><T135/><D135/><U22/><E49/><V109/><F109/><W69/><G69/><T53/><D37/><U9/><E94/><V45/><F113/><W118/><G30/><T74/><D40/><U81/><E72/><V112/><F112/><W115/><G115/><T15/><D89/><U117/><E9/><V25/><F0/><W125/><G125/><T5/><D74/><U41/><E41/><N who="2" m="24879" /><F85/><W121/><G121/><T119/><D7/><U57/><E117/><V10/><F64/><W36/><G118/><T66/><D53/><U14/><AGARI ba="0,0" hai="4,6,14,18,22,48,54,57,75,79,81,95,98,102" machi="14" ten="20,2100,0" yaku="0,1,7,1" doraHai="114" who="1" fromWho="1" sc="184,-7,285,21,215,-7,316,-7" /><INIT seed="5,1,0,2,5,88" ten="177,306,208,309" oya="1" hai0="132,116,48,16,83,125,15,26,5,119,19,101,54" hai1="110,115,43,38,21,1,124,61,118,100,96,41,57" hai2="99,25,103,82,91,97,20,85,9,44,4,6,23" hai3="122,62,80,58,42,65,77,79,34,33,46,117,98"/><U27/><E118/><V53/><F97/><W60/><G117/><T2/><D132/><U130/><E1/><V120/><F120/><W81/><G122/><T36/><D36/><U76/><E110/><V70/><F70/><W39/><G81/><T87/><D125/><U126/><E130/><V94/><F20/><W111/><G79/><T30/><D101/><U31/><E76/><V84/><F9/><W74/><G111/><T24/><D24/><U73/><E73/><V7/><F84/><W51/><G60/><T49/><D49/><U29/><E29/><V55/><REACH who="2" step="1"/><F44/><REACH who="2" ten="177,306,198,309" step="2"/><W8/><G8/><N who="0" m="4495" /><D116/><U112/><E126/><V56/><F56/><W67/><G33/><T95/><D119/><U78/><E124/><V10/><F10/><W0/><G34/><T32/><D32/><U45/><E45/><V113/><F113/><W37/><G0/><T40/><D2/><U92/><E115/><V90/><F90/><W104/><G98/><T17/><D30/><AGARI ba="1,1" hai="4,6,7,23,25,30,53,55,82,85,91,94,99,103" machi="30" ten="40,5200,0" yaku="1,1,8,1,52,1,53,0" doraHai="88" doraHaiUra="123" who="2" fromWho="0" sc="177,-55,306,0,198,65,309,0" /><INIT seed="6,0,0,3,3,14" ten="122,306,263,309" oya="2" hai0="96,75,57,1,104,27,130,107,83,66,69,124,118" hai1="113,4,55,36,32,95,134,2,59,67,76,65,20" hai2="23,40,133,22,45,87,81,90,53,63,11,30,24" hai3="13,8,39,29,56,100,31,44,19,82,97,15,135"/><V78/><F133/><W94/><G135/><T74/><D1/><U21/><E32/><V73/><F11/><W125/><G125/><T112/><D124/><U61/><E134/><V123/><F123/><W58/><G39/><T26/><D69/><U85/><E36/><V60/><F53/><W79/><G44/><T5/><D5/><U126/><E126/><V119/><F119/><W46/><G46/><T121/><D118/><U120/><E120/><V109/><F109/><W16/><G58/><T105/><D121/><U25/><E113/><V6/><F6/><W68/><G68/><T92/><D112/><U33/><E33/><V54/><F23/><W12/><G56/><T122/><D122/><U72/><E72/><V86/><F54/><W80/><G13/><T0/><D0/><U51/><E21/><V114/><F114/><W127/><G127/><T41/><D41/><U7/><E2/><V111/><F111/><W34/><G34/><T49/><D130/><U9/><E9/><V62/><REACH who="2" step="1"/><F90/><REACH who="2" ten="122,306,253,309" step="2"/><W71/><G71/><T17/><D49/><AGARI ba="0,1" hai="22,24,30,40,45,49,60,62,63,73,78,81,86,87" machi="49" ten="40,7700,0" yaku="1,1,2,1,53,1" doraHai="14" doraHaiUra="42" who="2" fromWho="0" sc="122,-77,306,0,253,87,309,0" /><INIT seed="6,1,0,5,3,119" ten="45,306,340,309" oya="2" hai0="100,72,129,78,8,20,6,112,84,97,35,57,16" hai1="106,91,11,111,55,42,117,70,33,65,44,41,104" hai2="51,13,32,17,37,107,23,0,29,49,25,21,73" hai3="94,87,80,90,115,26,101,50,12,79,93,127,22"/><V43/><F73/><W40/><G127/><T30/><D72/><U98/><E117/><V88/><F107/><W60/><G115/><T66/><D112/><U83/><E111/><V130/><F130/><W31/><G101/><T86/><D129/><U18/><E41/><V54/><F0/><W113/><G113/><T15/><D78/><U69/><E33/><V14/><F37/><W74/><G94/><T39/><D39/><U59/><E65/><V110/><F110/><W48/><G40/><T62/><D35/><U114/><E114/><V64/><F64/><W121/><G121/><T124/><D124/><U134/><E134/><V46/><F88/><W131/><G131/><T53/><D53/><U52/><E55/><V102/><F102/><W82/><G82/><T109/><D109/><U108/><E108/><V120/><F120/><W99/><G74/><T58/><D58/><U19/><E106/><V5/><F5/><W116/><G116/><T47/><D47/><U3/><E104/><V34/><REACH who="2" step="1"/><F13/><REACH who="2" ten="45,306,330,309" step="2"/><W24/><G12/><T105/><REACH who="0" step="1"/><D30/><REACH who="0" ten="35,306,330,309" step="2"/><U10/><E3/><AGARI ba="1,2" hai="3,6,8,15,16,20,57,62,66,84,86,97,100,105" machi="3" ten="30,7700,0" yaku="1,1,2,1,7,1,54,1,53,0" doraHai="119" doraHaiUra="133" who="0" fromWho="1" sc="35,100,306,-80,330,0,309,0" /><INIT seed="7,0,0,0,2,65" ten="135,226,330,309" oya="3" hai0="55,22,45,128,16,36,31,62,71,7,133,74,116" hai1="34,107,67,17,70,110,113,20,134,63,60,26,112" hai2="24,33,19,124,40,2,122,73,38,117,4,96,52" hai3="27,30,132,54,44,131,56,82,120,126,35,10,130"/><W78/><G120/><T105/><D31/><U47/><E110/><V58/><F117/><W68/><G126/><T95/><D105/><U129/><E134/><V84/><F73/><W59/><G132/><T11/><D133/><U85/><E129/><N who="3" m="49162" /><G10/><T48/><D128/><U61/><E107/><V42/><F38/><W90/><G90/><T25/><D116/><U123/><E123/><V89/><F122/><W72/><G68/><T50/><D74/><U92/><E47/><V88/><F124/><W43/><G54/><T114/><D114/><N who="1" m="44139" /><E34/><V46/><F4/><W103/><G103/><T49/><D36/><AGARI ba="0,0" hai="27,30,35,36,43,44,56,59,72,78,82" m="49162" machi="36" ten="30,1500,0" yaku="19,1" doraHai="65" who="3" fromWho="0" sc="135,-15,226,0,330,0,309,15" /><INIT seed="7,1,0,3,1,86" ten="120,226,330,324" oya="3" hai0="15,2,26,89,19,46,18,72,42,81,14,122,34" hai1="43,128,96,129,135,37,104,75,1,124,71,63,68" hai2="55,61,77,123,36,109,10,13,121,52,113,56,130" hai3="32,95,85,119,90,64,60,17,53,59,6,100,82"/><W39/><G32/><T30/><D122/><N who="2" m="46602" /><F109/><W102/><G39/><T111/><D111/><U50/><E96/><V51/><F113/><W41/><G41/><T132/><D132/><U79/><E50/><V20/><F130/><W108/><G108/><T98/><D72/><U5/><E68/><V35/><F35/><W24/><G6/><T106/><D106/><U7/><E1/><V118/><F36/><W97/><G119/><T11/><D42/><U4/><E79/><V62/><F118/><W83/><G24/><T28/><D46/><U120/><E75/><V9/><F77/><N who="3" m="46287" /><G17/><T40/><D40/><U110/><E104/><V27/><F13/><W38/><G38/><T58/><D58/><U115/><E120/><V91/><F91/><W107/><G107/><T65/><D65/><U126/><E110/><V134/><F134/><W22/><G22/><T105/><D105/><U0/><E0/><V76/><F76/><W99/><G99/><T73/><D73/><U80/><E115/><V93/><F93/><W48/><G83/><T94/><D2/><U21/><E80/><V125/><F125/><W112/><G112/><T114/><D114/><U74/><E74/><V66/><F55/><W49/><G53/><T87/><D34/><U44/><E135/><V8/><F66/><W117/><G117/><T78/><REACH who="0" step="1"/><D26/><REACH who="0" ten="110,226,330,324" step="2"/><U127/><E71/><V84/><F27/><W3/><G3/><T103/><D103/><AGARI ba="1,1" hai="48,49,59,60,64,90,95,97,100,102,103" m="46287" machi="103" ten="30,2900,0" yaku="8,1,52,1" doraHai="86" who="3" fromWho="0" sc="110,-32,226,0,330,0,324,42" owari="78,-42.0,226,-17.0,330,13.0,366,46.0" /></mjloggm>