<mjloggm ver="2.3"><GO type="225" lobby="0"/><UN n0="%48%69%74%6C%65%72" n1="%51" n2="%E3%81%88%E3%82%8B%E3%81%9F%E3%81%9D" n3="%E3%83%88%E3%83%88%E3%83%AA%E5%85%88%E7%94%9F%31%39%E6%AD%B3" dan="16,16,16,17" rate="2146.34,2034.50,2141.86,2141.69" sx="M,M,F,F"/><TAIKYOKU oya="0"/><INIT seed="0,0,0,3,0,101" ten="250,250,250,250" oya="0" hai0="51,79,4,130,39,34,95,135,12,128,91,15,102" hai1="108,133,68,107,114,6,70,111,3,118,35,83,99" hai2="132,125,19,1,5,86,2,100,8,29,126,42,9" hai3="87,85,80,93,119,55,18,46,124,41,104,116,121"/><T20/><D39/><U59/><E118/><V69/><F69/><N who="1" m="26729" /><E59/><V115/><F42/><W57/><G124/><N who="2" m="47721" /><F100/><W45/><G121/><T52/><D34/><U84/><E84/><V77/><F77/><W66/><G104/><T76/><D102/><N who="1" m="62943" /><E83/><V0/><F86/><W7/><G66/><T58/><D20/><U43/><E43/><V89/><F89/><W94/><G7/><T81/><D4/><U16/><E133/><V60/><F60/><W10/><G116/><T27/><D135/><U105/><E16/><V92/><F92/><W47/><G119/><T67/><D67/><U112/><E105/><V53/><F53/><W97/><G41/><T61/><D51/><U26/><E6/><N who="2" m="1095" /><F132/><W17/><G87/><N who="0" m="52735" /><D81/><U74/><E3/><N who="2" m="191" /><F29/><W50/><G94/><T82/><D82/><U49/><E49/><V23/><F115/><N who="1" m="44073" /><E74/><V54/><F54/><W106/><G106/><T36/><D76/><U62/><E62/><V25/><AGARI ba="0,0" hai="1,2,19,23,25" m="191,1095,47721" machi="25" ten="30,4000,0" yaku="18,1,34,2" doraHai="101" who="2" fromWho="2" sc="250,-20,250,-10,250,40,250,-10" /><INIT seed="1,0,0,2,1,84" ten="230,240,290,240" oya="1" hai0="111,129,83,119,105,123,45,77,41,61,73,132,80" hai1="58,63,117,94,78,21,37,72,66,69,104,125,135" hai2="100,20,27,79,112,88,25,116,12,47,120,36,67" hai3="110,127,106,22,68,85,118,130,46,74,18,60,43"/><U108/><E104/><V32/><F120/><W64/><G74/><T8/><D119/><U57/><E117/><V62/><F116/><W5/><G106/><T96/><D123/><U91/><E125/><V26/><F79/><W95/><G118/><T38/><D129/><U115/><E115/><V4/><F100/><W54/><G130/><T97/><D132/><U29/><E135/><V109/><F109/><W134/><G134/><T71/><D111/><U1/><E1/><V35/><F112/><W24/><G110/><T16/><D105/><U133/><E133/><V114/><F114/><W121/><G121/><T59/><D71/><U82/><E37/><V31/><F35/><W99/><G127/><T93/><D83/><U107/><E107/><V89/><F26/><W30/><G85/><T56/><D61/><U102/><E102/><V14/><F14/><W19/><G54/><T23/><D8/><U28/><E108/><V51/><F36/><W87/><G87/><T128/><D128/><U7/><E7/><V90/><F32/><W48/><REACH who="3" step="1"/><G5/><REACH who="3" ten="230,240,290,230" step="2"/><T81/><D96/><U126/><E126/><V34/><F4/><W70/><G70/><T39/><D80/><U76/><E76/><V124/><F124/><W98/><G98/><T42/><D93/><U113/><E113/><V131/><F131/><W11/><G11/><T65/><D97/><U52/><E69/><V86/><F86/><W33/><G33/><T49/><D65/><U122/><E122/><V75/><F34/><W17/><G17/><T53/><D16/><U0/><E66/><V101/><F67/><RYUUKYOKU ba="0,1" sc="230,-10,240,-10,290,-10,230,30" hai3="18,19,22,24,30,43,46,48,60,64,68,95,99" /><INIT seed="2,1,1,1,5,56" ten="220,230,280,260" oya="2" hai0="6,97,100,125,32,115,49,81,85,66,123,21,71" hai1="7,109,67,55,133,79,111,37,122,36,88,82,48" hai2="107,124,20,75,69,98,127,9,114,3,86,70,108" hai3="121,120,53,99,23,52,30,54,17,92,118,35,83"/><V50/><F75/><W38/><G118/><T29/><D32/><U95/><E122/><V68/><F114/><W106/><G106/><T1/><D123/><U59/><E7/><N who="2" m="1279" /><F108/><N who="1" m="41545" /><E67/><V28/><F86/><W110/><G38/><T105/><D115/><U5/><E5/><V119/><F50/><W43/><G43/><T11/><D125/><N who="2" m="48202" /><F119/><W47/><G110/><T19/><D29/><U116/><E133/><V103/><F20/><W18/><G47/><T46/><D66/><U135/><E135/><V78/><F28/><W10/><G120/><T89/><D71/><U26/><E26/><V27/><F27/><N who="3" m="16767" /><G121/><T130/><D130/><U112/><E112/><V33/><F78/><W12/><G35/><AGARI ba="1,1" hai="33,35,68,69,70,98,103,107" m="48202,1279" machi="35" ten="40,3900,0" yaku="18,1,23,1" doraHai="56" who="2" fromWho="3" sc="220,0,230,0,280,52,260,-42" /><INIT seed="2,2,0,1,0,116" ten="220,230,332,218" oya="2" hai0="114,74,76,100,50,36,83,60,104,65,99,49,72" hai1="82,21,18,37,33,44,90,14,62,134,23,126,128" hai2="30,8,81,45,125,42,113,11,133,98,31,1,129" hai3="68,127,19,86,106,55,17,46,78,77,69,34,124"/><V9/><F1/><W93/><G106/><T87/><D114/><U6/><E33/><V40/><F113/><W59/><G34/><T105/><D36/><U84/><E128/><V111/><F125/><N who="3" m="48203" /><G46/><T88/><D105/><U51/><E126/><V102/><F133/><W4/><G4/><T54/><D54/><U110/><E6/><V25/><F111/><W39/><G39/><T28/><D28/><U61/><E37/><V91/><F45/><W22/><G93/><N who="0" m="54431" /><D74/><U63/><E134/><V75/><F75/><W94/><G94/><T117/><D117/><U120/><E120/><V35/><F31/><W67/><G67/><T131/><D131/><U27/><E110/><V48/><F30/><W109/><G109/><T24/><D24/><U89/><E89/><V119/><F25/><N who="3" m="14543" /><G19/><T32/><D32/><U85/><E85/><V0/><F35/><W115/><G115/><T29/><D29/><U135/><E135/><V58/><F129/><W97/><G97/><T53/><D53/><N who="1" m="29927" /><E27/><V15/><F98/><W43/><G43/><T118/><D118/><U20/><AGARI ba="2,0" hai="14,18,20,21,23,61,62,63,82,84,90" m="29927" machi="20" ten="30,1100,0" yaku="8,1" doraHai="116" who="1" fromWho="1" sc="220,-5,230,17,332,-7,218,-5" /><INIT seed="3,0,0,4,0,110" ten="215,247,325,213" oya="3" hai0="131,97,78,40,54,51,132,7,4,75,88,127,17" hai1="41,109,10,133,58,93,117,99,42,0,60,16,77" hai2="98,33,38,74,20,122,79,21,105,37,101,124,112" hai3="23,115,113,56,19,14,76,62,61,53,100,108,107"/><W45/><G108/><T28/><D28/><U72/><E109/><V92/><F112/><W73/><G61/><T111/><D111/><U49/><E133/><V18/><F33/><W68/><G68/><T87/><D40/><U22/><E117/><V48/><F124/><W85/><G73/><T1/><D132/><U66/><E77/><V63/><F63/><W52/><G100/><T43/><D43/><U65/><E65/><V26/><F105/><W125/><G107/><T90/><D75/><U120/><E72/><V55/><F79/><W24/><G125/><T82/><D127/><U84/><E84/><V71/><F71/><W15/><G115/><T13/><D1/><U9/><E0/><V96/><F96/><W123/><G123/><T94/><D78/><U32/><E32/><V129/><F129/><W34/><G34/><T135/><D131/><U31/><E31/><V83/><F74/><W47/><G113/><T25/><D25/><N who="1" m="14535" /><E42/><V134/><F134/><W126/><G126/><T103/><D135/><U70/><E70/><V64/><F64/><W86/><G86/><T104/><D104/><U3/><E3/><V6/><F122/><W27/><G27/><T128/><D128/><U67/><E67/><V46/><F37/><W36/><G36/><T119/><D119/><U29/><E29/><N who="2" m="17607" /><F38/><W59/><G59/><N who="0" m="33247" /><D103/><N who="1" m="60911" /><E120/><V81/><F6/><W95/><G76/><T57/><D57/><U121/><E121/><V2/><F2/><W30/><G53/><T8/><AGARI ba="0,0" hai="4,7,8,13,17,82,87,88,90,94,97" m="33247" machi="8" ten="30,2000,0" yaku="8,1,54,1" doraHai="110" who="0" fromWho="0" sc="215,20,247,-5,325,-5,213,-10" owari="235,-16.0,242,4.0,320,42.0,203,-30.0" /></mjloggm>