<mjloggm ver="2.3"><GO type="225" lobby="0"/><UN n0="%E3%81%BE%E3%82%8A%E3%82%82%E2%98%86%E5%A4%AA%E9%83%8E" n1="%73%65%6E%75%72%6C" n2="%E3%83%88%E3%83%88%E3%83%AA%E5%85%88%E7%94%9F%31%39%E6%AD%B3" n3="%E5%B8%82%E5%B7%9D%E8%BF%B7%E7%A0%82" dan="16,17,17,16" rate="2144.52,2234.94,2210.85,2220.87" sx="M,F,F,F"/><TAIKYOKU oya="0"/><INIT seed="0,0,0,5,0,51" ten="250,250,250,250" oya="0" hai0="98,88,39,119,118,68,31,117,106,82,74,42,58" hai1="79,2,3,81,1,104,91,95,38,0,84,96,11" hai2="57,15,124,120,23,126,70,44,63,65,64,35,114" hai3="112,28,37,72,40,19,113,55,121,100,125,33,116"/><T25/><D68/><U130/><E130/><V50/><F114/><W80/><G19/><T132/><D132/><U86/><E38/><V4/><F35/><W7/><G7/><T41/><D74/><U77/><E104/><V27/><F120/><W17/><G17/><T122/><D122/><U24/><E24/><V20/><F70/><W129/><G121/><T92/><D39/><U75/><REACH who="1" step="1"/><E79/><REACH who="1" ten="250,240,250,250" step="2"/><V45/><F27/><W59/><G129/><T90/><D106/><U16/><E16/><V99/><F124/><W36/><G37/><T94/><D82/><U5/><AGARI ba="0,1" hai="0,1,2,3,5,11,75,77,81,84,86,91,95,96" machi="5" ten="40,5200,0" yaku="1,1,0,1,53,1" doraHai="51" doraHaiUra="73" who="1" fromWho="1" sc="250,-26,240,62,250,-13,250,-13" /><INIT seed="1,0,0,2,2,76" ten="224,302,237,237" oya="1" hai0="15,11,110,73,119,82,64,56,2,67,131,35,39" hai1="25,42,12,114,93,87,79,128,94,29,18,104,17" hai2="52,14,3,45,27,84,109,124,0,69,13,134,50" hai3="121,78,97,86,9,100,32,58,113,21,70,102,30"/><U75/><E104/><V7/><F69/><W4/><G121/><T68/><D119/><U63/><E114/><V117/><F117/><W88/><G70/><T37/><D110/><U123/><E123/><V23/><F109/><W129/><G32/><T72/><D131/><U38/><E75/><V106/><F106/><W80/><G129/><T122/><D122/><U115/><E115/><V65/><F65/><W66/><G113/><T108/><D108/><U71/><E128/><V105/><F105/><W20/><G78/><T118/><D118/><U95/><E42/><V127/><F134/><W120/><G120/><T133/><D133/><U46/><E46/><V132/><F132/><W135/><G135/><T22/><D35/><U31/><E38/><V49/><F49/><W53/><G66/><T77/><D73/><U8/><E63/><V19/><F13/><N who="3" m="5287" /><G97/><T90/><D68/><U74/><E74/><V125/><F84/><W41/><G41/><T61/><D67/><U26/><E71/><V40/><F40/><W16/><G30/><N who="1" m="11274" /><E18/><V130/><REACH who="2" step="1"/><F130/><REACH who="2" ten="224,302,227,237" step="2"/><W43/><G43/><T47/><D39/><U1/><E1/><V34/><F34/><W28/><G28/><T48/><D37/><U24/><E87/><V44/><F44/><W81/><G86/><T98/><D2/><U55/><E55/><V51/><F51/><W92/><G53/><T103/><D48/><U5/><E12/><V112/><F112/><W36/><G36/><T83/><D47/><U10/><E5/><V126/><F126/><W91/><G58/><T59/><D59/><U116/><E116/><RYUUKYOKU ba="0,1" sc="224,-10,302,-10,227,30,237,-10" hai2="0,3,7,14,19,23,27,45,50,52,124,125,127" /><INIT seed="2,1,1,3,5,8" ten="214,292,257,227" oya="2" hai0="126,130,25,11,74,127,129,7,89,94,75,49,0" hai1="133,88,101,19,39,20,15,44,21,63,69,103,53" hai2="78,131,105,81,77,70,100,24,50,60,56,71,58" hai3="61,10,68,40,32,37,55,117,1,5,73,46,12"/><V14/><F131/><N who="0" m="50186" /><D49/><N who="1" m="28839" /><E69/><V79/><F81/><W82/><G32/><T123/><D25/><U62/><E39/><V108/><F108/><W86/><G117/><T125/><D123/><U33/><E33/><V18/><F24/><W6/><G73/><T64/><D64/><U107/><E107/><V51/><F51/><W4/><G1/><T106/><D106/><U45/><E133/><V91/><F91/><W104/><G104/><T41/><D41/><U67/><E45/><V112/><F112/><W3/><G3/><T93/><D93/><U43/><E43/><V92/><F105/><W28/><G28/><T111/><D111/><U135/><E135/><V122/><F122/><W13/><G68/><T16/><D16/><N who="1" m="10271" /><E88/><V97/><F50/><N who="3" m="26951" /><G10/><T119/><D119/><U85/><E67/><V87/><F70/><W2/><G37/><T90/><D90/><U42/><E42/><V120/><F71/><W110/><G110/><T38/><D38/><U118/><E118/><V132/><F120/><W124/><G2/><T113/><D113/><U54/><E54/><V114/><F114/><W109/><G109/><T80/><D80/><U72/><E63/><V116/><F116/><W48/><G61/><T134/><D134/><U84/><E62/><V57/><F132/><W128/><G128/><T35/><D35/><U65/><E65/><V99/><F60/><W47/><G124/><N who="0" m="31747" /><T83/><DORA hai="27" /><D83/><U115/><E115/><V102/><F102/><W121/><G121/><T9/><D9/><U66/><E66/><V95/><F100/><W98/><G98/><AGARI ba="1,1" hai="0,7,11,74,75,89,94,98" m="31747,50186" machi="98" ten="40,2600,0" yaku="19,1,18,1" doraHai="8,27" who="0" fromWho="3" sc="214,39,292,0,257,0,227,-29" /><INIT seed="3,0,0,1,0,100" ten="253,292,257,198" oya="3" hai0="110,118,69,35,98,60,72,21,9,135,125,57,99" hai1="29,32,123,115,23,129,10,90,121,61,70,65,34" hai2="133,75,89,67,27,130,131,4,124,73,18,103,39" hai3="50,127,14,13,2,26,55,8,104,122,20,0,5"/><W91/><G104/><T106/><D118/><U62/><E115/><V79/><F39/><W49/><G122/><T17/><D35/><U76/><E76/><V88/><F124/><W59/><G127/><T6/><D69/><U132/><E132/><V43/><F133/><W116/><G116/><T24/><D110/><U51/><E129/><V74/><F43/><W58/><G2/><T38/><D135/><U40/><E90/><V97/><F79/><W66/><G91/><T15/><D125/><U93/><E93/><V82/><F4/><W37/><G37/><T48/><D38/><U16/><E10/><V87/><F89/><W134/><G134/><T126/><D126/><U128/><E128/><N who="2" m="49195" /><F67/><W19/><REACH who="3" step="1"/><G66/><REACH who="3" ten="253,292,257,188" step="2"/><T85/><D106/><U31/><E65/><V112/><F112/><W30/><G30/><T81/><D72/><U64/><E31/><V102/><F102/><W95/><G95/><T78/><D48/><U94/><E51/><V119/><F119/><W63/><G63/><T109/><D109/><U44/><E62/><V3/><F3/><W25/><G25/><T114/><REACH who="0" step="1"/><D114/><REACH who="0" ten="243,292,257,188" step="2"/><U54/><E121/><V56/><F74/><W36/><G36/><T108/><D108/><U96/><E123/><V86/><F75/><W28/><G28/><T68/><D68/><U22/><E29/><V12/><F73/><W53/><AGARI ba="0,2" hai="0,5,8,13,14,19,20,26,49,50,53,55,58,59" machi="53" ten="30,11700,0" yaku="1,1,0,1,9,1,53,1" doraHai="100" doraHaiUra="7" who="3" fromWho="3" sc="243,-39,292,-39,257,-39,188,137" owari="204,-30.0,253,5.0,218,-18.0,325,43.0" /></mjloggm>