<mjloggm ver="2.3"><GO type="169" lobby="0"/><UN n0="%E4%B8%8D%E8%81%B4%E7%89%8C%E3%83%AA%E3%83%BC%E3%83%81" n1="%E3%82%82%E3%82%81%E3%82%93%E3%81%AA%E3%81%A1%E3%82%83%E3%81%84" n2="%E5%B0%B1%E6%B4%BB%E7%94%9F%40%E5%B7%9D%E6%9D%91%E8%BB%8D%E5%9B%A3" n3="%E3%83%AA%E3%82%B9%E3%83%83%E3%83%81" dan="16,16,16,16" rate="2121.61,2148.60,2044.95,2050.57" sx="M,F,M,M"/><TAIKYOKU oya="0"/><INIT seed="0,0,0,3,4,58" ten="250,250,250,250" oya="0" hai0="23,130,100,125,74,71,33,3,26,108,107,93,72" hai1="96,9,70,126,115,29,0,131,88,6,55,87,10" hai2="8,135,121,92,46,79,22,53,34,129,39,114,99" hai3="76,37,15,50,68,48,25,118,32,5,1,75,101"/><T31/><D3/><U61/><E126/><V36/><F34/><W24/><G101/><T56/><D125/><U95/><E131/><V103/><F121/><W11/><G118/><T83/><D71/><U122/><E122/><V60/><F129/><W128/><G128/><T16/><D130/><U44/><E115/><V67/><F114/><W42/><G15/><T86/><D107/><U111/><E111/><V124/><F135/><W78/><G78/><T106/><D106/><U57/><E29/><V77/><F8/><W13/><G13/><T89/><D108/><U18/><E70/><V7/><F7/><W49/><G68/><T27/><D100/><U41/><E18/><V94/><F22/><W40/><G32/><T63/><REACH who="0" step="1"/><D83/><REACH who="0" ten="240,250,250,250" step="2"/><U80/><E0/><V54/><F124/><W98/><G1/><T65/><AGARI ba="0,1" hai="16,23,26,27,31,33,56,63,65,72,74,86,89,93" machi="65" ten="20,18000,2" yaku="1,1,2,1,0,1,7,1,52,1,54,1,53,0" doraHai="58" doraHaiUra="69" who="0" fromWho="0" sc="240,190,250,-60,250,-60,250,-60" /><INIT seed="0,1,0,2,3,120" ten="430,190,190,190" oya="0" hai0="73,44,54,61,52,118,23,7,106,31,80,101,123" hai1="6,71,88,15,97,50,17,14,35,22,18,3,86" hai2="45,60,102,40,24,132,81,126,114,90,21,62,11" hai3="42,115,96,69,66,116,98,122,68,32,119,48,12"/><T121/><D118/><U104/><E71/><V0/><F114/><W117/><G32/><T89/><D54/><U76/><E35/><V110/><F126/><W112/><G12/><T133/><D133/><U9/><E76/><V131/><F102/><W16/><G66/><T93/><D7/><U36/><E36/><V13/><F0/><W109/><G16/><T78/><D101/><U134/><E134/><V49/><F131/><W64/><G64/><T65/><D106/><U51/><E97/><N who="3" m="37482" /><G48/><T107/><D107/><U27/><E104/><V94/><F81/><W34/><G42/><T57/><D31/><U77/><E77/><V128/><F128/><W37/><G37/><T99/><D44/><U75/><E75/><V20/><F132/><W5/><G5/><T8/><D8/><U82/><REACH who="1" step="1"/><E3/><REACH who="1" ten="430,180,190,190" step="2"/><V91/><F91/><W95/><G34/><T33/><D33/><U125/><E125/><V113/><F113/><W63/><G68/><T58/><D121/><U29/><E29/><V59/><F90/><W129/><G122/><T43/><D123/><U72/><E72/><V4/><F59/><W56/><G69/><T130/><D58/><U26/><E26/><V111/><F24/><W1/><G1/><T100/><D57/><U28/><E28/><V2/><F2/><W108/><G129/><T135/><D130/><U10/><AGARI ba="1,1" hai="6,9,10,14,15,17,18,22,27,50,51,82,86,88" machi="10" ten="20,8000,1" yaku="1,1,0,1,7,1,8,1,54,1,53,0" doraHai="120" doraHaiUra="103" who="1" fromWho="1" sc="430,-41,180,93,190,-21,190,-21" /><INIT seed="1,0,0,1,4,100" ten="389,273,169,169" oya="1" hai0="101,6,107,10,14,135,131,91,23,26,117,121,56" hai1="58,8,2,87,129,29,133,96,82,62,41,21,37" hai2="105,4,19,83,17,132,79,102,90,53,109,24,7" hai3="76,27,35,124,115,33,16,127,110,128,46,65,119"/><U71/><E133/><V123/><F123/><W86/><G119/><T74/><D74/><U89/><E129/><V20/><F132/><W51/><G115/><T108/><D135/><U32/><E71/><V9/><F109/><W57/><G110/><T66/><D108/><U44/><E32/><V125/><F125/><N who="3" m="48203" /><G128/><T47/><D117/><U77/><E2/><V81/><F53/><N who="3" m="29943" /><G76/><T97/><D131/><U39/><E8/><V15/><F90/><W68/><G68/><T54/><D121/><U34/><E34/><V84/><REACH who="2" step="1"/><F81/><REACH who="2" ten="389,273,159,169" step="2"/><W49/><G65/><T70/><D66/><U92/><E41/><V104/><F104/><W36/><G36/><T116/><D91/><U122/><E122/><V93/><F93/><W78/><G78/><T85/><D116/><U22/><E37/><V111/><F111/><W75/><G75/><T0/><D107/><U59/><E39/><V13/><F13/><W25/><G25/><T73/><D14/><U113/><E77/><V5/><F5/><W28/><G33/><T114/><D26/><U48/><E92/><V88/><F88/><W3/><G3/><T30/><D73/><U40/><E40/><V42/><F42/><W80/><G35/><T134/><D0/><U118/><E118/><V18/><F18/><W99/><G16/><T38/><D38/><U31/><E82/><V126/><F126/><W64/><G64/><T60/><D134/><U98/><E89/><V11/><F11/><W61/><G27/><T52/><D10/><U63/><E113/><V106/><F106/><W55/><G80/><T72/><D114/><RYUUKYOKU ba="0,1" sc="389,-10,273,-10,159,30,169,-10" hai2="4,7,9,15,17,19,20,24,79,83,84,102,105" /><INIT seed="2,1,1,4,0,126" ten="379,263,189,159" oya="2" hai0="58,40,25,50,99,130,79,65,61,68,10,102,48" hai1="88,19,114,31,70,41,13,7,104,122,1,22,105" hai2="23,8,100,81,53,35,89,85,135,82,4,59,119" hai3="56,93,11,27,80,96,92,91,57,3,128,54,95"/><V20/><F35/><W15/><G3/><T12/><D40/><U86/><E122/><V118/><F135/><W43/><G43/><T74/><D68/><U133/><E70/><V76/><F100/><W101/><G128/><T5/><D130/><U55/><E114/><V116/><F82/><W129/><G129/><T121/><D121/><U66/><E66/><V109/><F109/><W18/><G27/><T84/><D74/><U134/><E41/><V125/><F125/><W67/><G80/><T38/><D38/><U39/><E39/><V2/><REACH who="2" step="1"/><F76/><REACH who="2" ten="379,263,179,159" step="2"/><W62/><REACH who="3" step="1"/><G101/><REACH who="3" ten="379,263,179,149" step="2"/><T75/><D102/><U52/><E134/><V14/><F14/><W44/><G44/><T78/><D12/><U83/><E133/><V49/><AGARI ba="1,3" hai="2,4,8,20,23,49,53,59,81,85,89,116,118,119" machi="49" ten="30,3000,0" yaku="1,1,0,1,53,0" doraHai="126" doraHaiUra="127" who="2" fromWho="2" sc="379,-11,263,-11,179,63,149,-11" /><INIT seed="2,2,0,2,1,28" ten="368,252,242,138" oya="2" hai0="46,132,23,2,79,71,3,24,8,89,94,96,0" hai1="134,43,133,119,100,32,34,59,57,19,55,37,106" hai2="63,31,102,98,78,121,61,116,111,67,107,73,86" hai3="11,16,64,5,54,69,87,15,101,25,40,36,66"/><V65/><F116/><W12/><G101/><T4/><D71/><U62/><E119/><V33/><F121/><W13/><G54/><T45/><D132/><N who="1" m="50795" /><E19/><V39/><F111/><W21/><G69/><T93/><D79/><U117/><E117/><V18/><F18/><W51/><G36/><T75/><D75/><U17/><E17/><V22/><F22/><W7/><G87/><T90/><D24/><U35/><E37/><V42/><F86/><W68/><G68/><T91/><D23/><U80/><E43/><V30/><F30/><W110/><G110/><T70/><D70/><U124/><E124/><V135/><F135/><W38/><G38/><T113/><D113/><U27/><E80/><N who="2" m="45135" /><F63/><W84/><G84/><T82/><D82/><U60/><E100/><V128/><F65/><N who="3" m="25195" /><G7/><T85/><D91/><U104/><E27/><N who="2" m="18687" /><F61/><N who="1" m="23657" /><E55/><V92/><F67/><W112/><G112/><T97/><D85/><U49/><E49/><V131/><F92/><W114/><G114/><T122/><D122/><U120/><E120/><V10/><F10/><W123/><G123/><T125/><D125/><U76/><E76/><V81/><F81/><W29/><G5/><T20/><D20/><U26/><E26/><V48/><F48/><W53/><G40/><T127/><D127/><U130/><E130/><V52/><F52/><W118/><G118/><T109/><D109/><U95/><E95/><V129/><F39/><W115/><G115/><T108/><D108/><U44/><E44/><AGARI ba="2,0" hai="11,12,13,15,16,21,25,29,44,51,53" m="25195" machi="44" ten="30,2000,0" yaku="8,1,54,1" doraHai="28" who="3" fromWho="1" sc="368,0,252,-26,242,0,138,26" /><AGARI ba="2,0" hai="0,2,3,4,8,44,45,46,89,90,93,94,96,97" machi="44" ten="40,1300,0" yaku="9,1" doraHai="28" who="0" fromWho="1" sc="368,13,226,-13,242,0,164,0" /><INIT seed="3,0,0,3,0,89" ten="381,213,242,164" oya="3" hai0="53,4,36,105,103,109,112,42,57,82,48,92,83" hai1="76,107,60,49,43,50,121,59,56,67,131,77,71" hai2="134,38,125,33,73,21,128,3,51,2,7,35,102" hai3="14,90,19,101,20,74,61,123,127,132,78,27,5"/><W93/><G123/><T25/><D105/><U94/><E107/><V97/><F128/><W15/><G132/><T22/><D109/><U63/><E131/><V95/><F125/><W24/><G127/><T32/><D32/><U68/><E121/><V116/><F116/><W44/><G101/><T118/><D118/><U119/><E119/><V72/><F134/><W62/><G44/><N who="0" m="25623" /><D36/><U1/><E1/><V54/><F38/><W9/><G78/><T34/><D34/><U99/><E43/><V23/><F35/><W66/><G74/><T114/><D4/><U79/><E71/><V70/><F70/><W0/><G0/><T16/><D114/><U122/><E122/><V117/><F33/><W85/><REACH who="3" step="1"/><G61/><REACH who="3" ten="381,213,242,154" step="2"/><N who="0" m="36015" /><D112/><U37/><E68/><AGARI ba="0,1" hai="5,9,14,15,19,20,24,27,62,66,68,85,90,93" machi="68" ten="30,5800,0" yaku="1,1,7,1,52,1,53,0" doraHai="89" doraHaiUra="129" who="3" fromWho="1" sc="381,0,213,-58,242,0,154,68" /><INIT seed="3,1,0,2,4,52" ten="381,155,242,222" oya="3" hai0="69,28,66,109,59,90,51,55,79,53,132,11,135" hai1="2,3,37,64,56,114,80,94,97,123,34,33,27" hai2="49,122,104,129,29,45,78,92,62,126,21,124,96" hai3="71,117,73,93,119,50,95,65,100,85,133,7,83"/><W70/><G50/><T77/><D28/><U42/><E123/><V67/><F104/><W14/><G7/><T74/><D74/><U54/><E114/><V128/><F78/><W112/><G112/><T88/><D11/><U75/><E64/><V102/><F21/><W84/><G14/><T41/><D41/><U72/><E37/><V103/><F29/><W0/><G0/><T58/><D66/><U82/><E42/><N who="2" m="24759" /><F103/><W115/><G115/><T125/><D51/><U116/><E116/><V60/><F122/><W32/><G32/><T99/><D99/><U89/><E72/><V98/><F98/><W31/><G31/><T18/><D69/><U57/><E75/><V39/><F39/><W101/><G65/><T120/><D120/><U121/><E121/><V15/><F15/><W16/><G133/><T26/><D26/><U38/><E38/><V23/><F23/><W81/><REACH who="3" step="1"/><G73/><REACH who="3" ten="381,155,242,212" step="2"/><T8/><D135/><U108/><E34/><V10/><F62/><W113/><G113/><T35/><D35/><U110/><E2/><V36/><F36/><W25/><G25/><T106/><D132/><U22/><E3/><V44/><F60/><W68/><G68/><T9/><D18/><AGARI ba="1,1" hai="16,18,70,71,81,83,84,85,93,95,100,101,117,119" machi="18" ten="25,9600,0" yaku="1,1,22,2,54,1,53,0" doraHai="52" doraHaiUra="111" who="3" fromWho="0" sc="381,-99,155,0,242,0,212,109" /><INIT seed="3,2,0,3,0,79" ten="282,155,242,321" oya="3" hai0="27,108,118,133,73,17,129,54,36,123,21,61,88" hai1="125,44,35,86,115,76,64,94,134,112,105,120,0" hai2="109,130,106,100,117,40,66,132,38,87,84,37,52" hai3="34,78,3,6,9,18,16,127,14,55,135,124,63"/><W81/><G135/><T111/><D123/><U33/><E134/><V60/><F117/><W8/><G34/><T110/><D36/><U50/><E105/><V39/><F109/><W104/><G104/><T67/><D73/><U68/><E120/><V126/><F132/><W4/><G55/><T122/><D122/><U113/><E0/><V99/><F130/><W103/><G103/><T30/><D133/><U83/><E125/><N who="3" m="48202" /><G63/><T121/><D121/><U10/><E10/><V25/><F126/><W11/><G11/><T45/><D118/><U89/><E64/><V59/><F40/><W47/><G47/><T32/><D129/><U62/><E62/><V65/><F25/><W97/><G97/><T90/><D54/><U49/><E68/><V98/><F98/><W56/><G56/><N who="0" m="37287" /><D45/><U69/><E69/><V28/><F28/><W114/><G114/><T22/><D32/><U71/><E71/><V41/><F41/><W51/><G51/><T107/><D107/><U102/><E49/><V75/><F75/><AGARI ba="2,0" hai="3,4,6,8,9,14,16,18,75,78,81" m="48202" machi="75" ten="30,5800,0" yaku="18,1,52,1,54,1" doraHai="79" who="3" fromWho="2" sc="282,0,155,0,242,-64,321,64" /><INIT seed="3,3,0,1,3,86" ten="282,155,178,385" oya="3" hai0="76,118,121,23,97,47,73,37,54,126,110,115,42" hai1="75,135,82,104,43,81,83,127,111,79,5,77,27" hai2="34,117,60,85,28,35,41,24,105,107,102,122,93" hai3="21,112,26,61,16,78,134,50,88,113,45,95,22"/><W8/><G134/><T11/><D121/><U123/><E135/><V38/><F117/><W133/><G133/><T14/><D118/><U91/><E123/><V10/><F122/><W63/><G78/><T2/><D2/><U103/><E5/><V59/><F34/><W7/><G22/><T32/><D32/><U17/><E43/><V0/><F41/><N who="3" m="24879" /><G113/><T114/><D23/><U53/><E127/><V52/><F38/><W51/><G112/><T15/><D126/><U124/><E124/><V99/><F0/><W57/><G8/><T72/><D114/><U58/><E111/><V46/><F46/><W71/><G71/><T44/><D115/><U131/><E131/><V101/><F101/><W70/><G70/><T31/><D31/><U92/><E103/><V25/><F25/><W96/><G7/><T87/><D110/><U67/><E104/><V94/><REACH who="2" step="1"/><F10/><REACH who="2" ten="282,155,168,385" step="2"/><W69/><G69/><T55/><D44/><U3/><E3/><V39/><F39/><W49/><G61/><T18/><D11/><U13/><E27/><V109/><F109/><W132/><G132/><T120/><D37/><U66/><E75/><V89/><AGARI ba="3,1" hai="24,28,35,52,59,60,85,89,93,94,99,102,105,107" machi="89" ten="30,7900,0" yaku="1,1,0,1,52,1,54,1,53,0" doraHai="86" doraHaiUra="4" who="2" fromWho="2" sc="282,-23,155,-23,168,98,385,-42" /><INIT seed="4,0,0,5,2,26" ten="259,132,266,343" oya="0" hai0="8,90,41,35,55,127,64,89,17,48,119,108,87" hai1="111,79,20,9,72,6,121,27,133,95,59,71,65" hai2="28,18,135,100,62,57,34,45,103,80,88,77,85" hai3="92,132,102,53,73,54,7,91,37,93,109,1,83"/><T46/><D119/><U74/><E121/><V51/><F135/><W70/><G70/><T82/><D127/><U68/><E111/><V110/><F110/><W12/><G109/><T112/><D108/><U56/><E133/><V97/><F18/><W114/><G114/><T96/><D35/><U131/><E131/><V122/><F122/><W126/><G132/><T42/><D112/><U3/><E95/><N who="2" m="56551" /><F34/><W0/><G37/><T130/><D130/><U105/><E105/><V98/><F28/><W5/><G126/><T101/><D64/><U129/><E129/><V11/><F11/><W36/><G36/><T78/><D90/><U38/><E38/><V39/><F98/><W2/><G102/><T113/><D113/><U120/><E120/><V24/><F24/><W116/><G116/><T76/><D101/><U125/><E125/><V84/><F84/><W67/><G67/><T61/><D96/><U134/><E134/><V86/><F86/><W31/><G73/><T47/><D8/><U115/><E115/><V19/><F19/><W25/><G83/><T104/><D17/><N who="1" m="12687" /><E74/><V40/><F39/><W123/><G123/><T10/><D10/><U44/><E71/><V128/><F128/><W21/><G7/><T49/><D104/><U66/><E68/><V4/><F4/><W16/><G5/><T15/><D15/><U94/><E72/><V118/><F118/><W30/><G12/><T124/><D124/><U13/><E3/><V22/><F22/><W81/><G2/><T23/><D23/><U58/><E6/><V75/><F75/><W106/><G106/><RYUUKYOKU ba="0,0" sc="259,15,132,-15,266,15,343,-15" hai0="41,42,46,47,48,49,55,61,76,78,82,87,89" hai2="40,45,51,57,62,77,80,85,100,103" /><INIT seed="4,1,0,1,2,129" ten="274,117,281,328" oya="0" hai0="49,36,82,55,61,86,130,8,54,10,95,34,38" hai1="83,96,126,106,119,33,74,107,3,134,110,90,29" hai2="125,102,78,17,60,101,7,99,63,105,52,5,46" hai3="30,131,117,104,71,18,122,103,4,65,51,93,2"/><T135/><D34/><U75/><E119/><V6/><F125/><W81/><G104/><N who="1" m="39978" /><E3/><V84/><F102/><W69/><G2/><T20/><D95/><N who="1" m="56439" /><E33/><V67/><F17/><W127/><G122/><T40/><D40/><U57/><E29/><V68/><F84/><W94/><G131/><T14/><D20/><U111/><E57/><V132/><F78/><W48/><G127/><T12/><D61/><U11/><E11/><V15/><F15/><W27/><G4/><T19/><D130/><U24/><E24/><V92/><F105/><W47/><G18/><T79/><D55/><U35/><E35/><V22/><F22/><W76/><G27/><T13/><D13/><U114/><E126/><V62/><F132/><W58/><G58/><T109/><D135/><U97/><E134/><V116/><F116/><W121/><G30/><T0/><D109/><N who="1" m="41483" /><E114/><V87/><F87/><W98/><G47/><T59/><D0/><U50/><E50/><V25/><F25/><W56/><G56/><T21/><D21/><U31/><E31/><V89/><REACH who="2" step="1"/><F101/><REACH who="2" ten="274,117,271,328" step="2"/><W72/><G103/><T113/><D113/><U124/><E124/><V115/><F115/><W1/><G117/><T53/><D14/><U120/><E97/><V128/><F128/><W32/><G98/><T88/><D19/><U77/><E74/><V80/><F80/><W45/><G81/><T64/><D82/><U91/><E91/><V37/><F37/><W23/><G72/><T66/><D88/><U44/><E120/><V42/><F42/><N who="3" m="24631" /><G121/><T70/><D36/><U118/><E118/><V112/><F112/><RYUUKYOKU ba="1,1" sc="274,-15,117,15,271,15,328,-15" hai1="44,75,77,83" hai2="5,6,7,46,52,60,62,63,67,68,89,92,99" /><INIT seed="5,2,1,0,5,4" ten="259,132,286,313" oya="1" hai0="53,92,3,119,11,131,28,62,52,103,26,32,65" hai1="77,79,96,127,6,128,9,39,56,15,100,55,63" hai2="29,38,71,61,25,102,130,82,81,40,94,37,106" hai3="21,33,118,20,87,104,66,73,135,58,10,17,35"/><U121/><E121/><V23/><F130/><W57/><G73/><T30/><D119/><U134/><E134/><V45/><F106/><W43/><G104/><T69/><D131/><U124/><E128/><V95/><F38/><W5/><G135/><T12/><D3/><U90/><E90/><V67/><REACH who="2" step="1"/><F94/><REACH who="2" ten="259,132,276,313" step="2"/><W34/><G118/><T89/><D103/><U49/><E39/><V111/><F111/><W107/><G107/><T22/><D32/><U85/><E85/><V8/><F8/><W7/><G87/><T97/><REACH who="0" step="1"/><D30/><REACH who="0" ten="249,132,276,313" step="2"/><U116/><E116/><V78/><F78/><W75/><G34/><T60/><D60/><U129/><E129/><V19/><F19/><AGARI ba="2,3" hai="11,12,19,22,26,28,52,53,62,65,69,89,92,97" machi="19" ten="30,7700,0" yaku="1,1,7,1,52,1,54,1,53,0" doraHai="4" doraHaiUra="132" who="0" fromWho="2" sc="249,113,132,0,276,-83,313,0" /><INIT seed="6,0,0,2,0,106" ten="362,132,193,313" oya="2" hai0="133,40,26,122,3,43,30,10,129,100,53,78,12" hai1="64,86,126,117,111,105,68,48,67,69,25,44,58" hai2="59,39,33,34,17,70,76,103,8,13,37,114,135" hai3="57,55,116,1,89,119,19,50,29,62,42,102,4"/><V115/><F70/><N who="1" m="27241" /><E105/><V71/><F71/><W15/><G29/><T82/><D3/><U31/><E25/><V38/><F135/><W85/><G102/><T7/><D129/><U54/><E31/><V35/><F103/><W56/><G4/><T73/><D133/><U121/><E86/><V96/><F96/><W60/><G1/><T107/><D122/><U46/><E121/><V66/><F76/><W84/><G42/><T16/><D7/><U109/><E117/><V47/><F47/><N who="1" m="17961" /><E126/><V118/><F118/><W36/><G85/><T9/><D9/><U21/><E21/><V6/><F66/><N who="1" m="25129" /><E109/><V88/><F59/><W99/><G57/><T92/><D107/><U128/><E111/><V75/><F88/><W124/><G124/><T51/><D92/><U49/><E128/><V80/><F80/><W125/><G99/><T77/><D77/><U74/><E74/><V20/><REACH who="2" step="1"/><F75/><REACH who="2" ten="362,132,183,313" step="2"/><W24/><G125/><T22/><D100/><U97/><E97/><V108/><F108/><W132/><G89/><T110/><D110/><U28/><E28/><V72/><F72/><W5/><G119/><T104/><D104/><U101/><E101/><V63/><F63/><AGARI ba="0,1" hai="48,49,54,58,63" m="25129,17961,27241" machi="63" ten="30,8000,1" yaku="35,5" doraHai="106" who="1" fromWho="2" sc="362,0,132,90,183,-80,313,0" /><INIT seed="7,0,0,1,3,95" ten="362,222,103,313" oya="3" hai0="131,33,93,107,25,38,127,24,69,50,26,74,16" hai1="6,99,110,112,19,89,111,114,68,70,46,18,31" hai2="103,10,56,47,49,29,43,0,21,30,118,42,63" hai3="121,132,120,12,94,97,86,37,8,28,104,108,82"/><W3/><G3/><T17/><D38/><U106/><E6/><V116/><F118/><W15/><G37/><T51/><D107/><U48/><E31/><V100/><F116/><W75/><G108/><N who="1" m="41514" /><E46/><V67/><F42/><W5/><G132/><T34/><D74/><U133/><E48/><V7/><F0/><W91/><G12/><T105/><D105/><U76/><E76/><V122/><F122/><W72/><G28/><T125/><D69/><N who="1" m="26731" /><E133/><V45/><F45/><W20/><G20/><T92/><D26/><U61/><E61/><V59/><F59/><W54/><G54/><T14/><D14/><U11/><E11/><V52/><F7/><W109/><G109/><T119/><D119/><U73/><E73/><V129/><F10/><W58/><G58/><T80/><D80/><U35/><E35/><V115/><F115/><N who="1" m="44073" /><E89/><V41/><F129/><AGARI ba="0,0" hai="16,17,24,25,33,34,50,51,92,93,125,127,129,131" machi="129" ten="25,3200,0" yaku="22,2,54,1" doraHai="95" who="0" fromWho="2" sc="362,32,222,0,103,-32,313,0" owari="394,50.0,222,-18.0,71,-43.0,313,11.0" /></mjloggm>