<mjloggm ver="2.3"><GO type="169" lobby="0"/><UN n0="%E3%82%AB%E3%83%96%E3%83%88" n1="%72%69%6F%75%63%68%61%6E" n2="%E3%82%A6%E3%83%AB%E3%83%88%E3%83%A9%E7%AB%8B%E7%9B%B4" n3="%E3%83%81%E3%83%81%E3%82%AB%E3%82%AB%E6%B9%96" dan="17,16,17,16" rate="2169.32,2103.91,2179.51,2109.41" sx="M,M,M,M"/><TAIKYOKU oya="0"/><INIT seed="0,0,0,3,2,101" ten="250,250,250,250" oya="0" hai0="129,71,24,40,94,93,76,117,48,91,132,11,0" hai1="134,17,13,47,22,100,56,80,104,120,44,25,34" hai2="108,105,19,87,68,85,23,116,69,109,54,10,38" hai3="98,50,84,39,32,127,41,81,55,82,58,12,86"/><T95/><D117/><U88/><E120/><V73/><F73/><W7/><G32/><T75/><D71/><U70/><E70/><V133/><F38/><W30/><G127/><T37/><D48/><U114/><E134/><V79/><F116/><W43/><G30/><T5/><D129/><U83/><E114/><V15/><F133/><W64/><G64/><T9/><D132/><U72/><E72/><V135/><F135/><W130/><G130/><T92/><D24/><U35/><E56/><V107/><F68/><W96/><G39/><T125/><D125/><U18/><E35/><V90/><F69/><W123/><G123/><T33/><D33/><U14/><E34/><V115/><F54/><W45/><G84/><T59/><D11/><N who="1" m="6335" /><E104/><V51/><F51/><N who="3" m="27055" /><G43/><T42/><D59/><U16/><E100/><V119/><F119/><W99/><G86/><N who="2" m="32777" /><F90/><W63/><G50/><T67/><D67/><U2/><E88/><V61/><F61/><W28/><G28/><T122/><D122/><U36/><E2/><V113/><F79/><W121/><G121/><T106/><D106/><N who="2" m="40458" /><F10/><AGARI ba="0,0" hai="7,10,12,55,58,63,81,82,96,98,99" m="27055" machi="10" ten="30,1000,0" yaku="8,1" doraHai="101" who="3" fromWho="2" sc="250,0,250,0,250,-10,250,10" /><INIT seed="1,0,0,4,4,109" ten="250,250,240,260" oya="1" hai0="14,119,100,66,9,16,25,75,18,52,125,98,56" hai1="118,86,65,85,17,81,126,44,11,88,61,35,57" hai2="7,68,15,94,128,48,4,114,71,22,10,80,34" hai3="91,49,113,84,92,47,93,64,96,129,39,76,134"/><U123/><E123/><V77/><F34/><W51/><G129/><T20/><D119/><U45/><E118/><V50/><F128/><W115/><G134/><T69/><D75/><U1/><E35/><V21/><F94/><W6/><G39/><T131/><D131/><U28/><E28/><V62/><F7/><W63/><G6/><T26/><D125/><U105/><E105/><V132/><F132/><W111/><G111/><T78/><D78/><N who="1" m="46263" /><E1/><V104/><F104/><W32/><G32/><T72/><D72/><U2/><E2/><V116/><F116/><W13/><G13/><N who="0" m="7215" /><D69/><U60/><E126/><V99/><F99/><W97/><G97/><T107/><D107/><U120/><E120/><V79/><F79/><W36/><G36/><T33/><D66/><U74/><E74/><V102/><F102/><W46/><G51/><T101/><D33/><U124/><E124/><V83/><F71/><W42/><G47/><N who="1" m="17994" /><E61/><V89/><F62/><W40/><G40/><T112/><D101/><U54/><E65/><V43/><F68/><W29/><G29/><T103/><D103/><U122/><E122/><V90/><F43/><W38/><G38/><T12/><D100/><U41/><E41/><V106/><F106/><W110/><G110/><T37/><D37/><U3/><E3/><V121/><F121/><W23/><G23/><N who="2" m="8713" /><F77/><W130/><G130/><T127/><D127/><U59/><E57/><V82/><F114/><W8/><G8/><T27/><D112/><U133/><E133/><V55/><F55/><W31/><G115/><T95/><D52/><U108/><E108/><RYUUKYOKU ba="0,0" sc="250,-10,250,-10,240,30,260,-10" hai2="4,10,15,48,50,80,82,83,89,90" /><INIT seed="2,1,0,5,1,99" ten="240,240,270,250" oya="2" hai0="4,31,6,111,93,95,108,17,76,88,71,62,27" hai1="114,19,107,80,94,21,64,125,24,28,98,110,33" hai2="57,103,75,49,87,85,134,38,102,41,123,133,86" hai3="55,117,132,82,109,14,118,106,39,124,128,127,18"/><V30/><F75/><W70/><G70/><T100/><D76/><U72/><E114/><V48/><F123/><W97/><G109/><N who="0" m="42059" /><D17/><U126/><E110/><V43/><F30/><W15/><G39/><T51/><D51/><N who="2" m="19530" /><F57/><W84/><G55/><T119/><D119/><U9/><E107/><V42/><F38/><W112/><G112/><T5/><D71/><U3/><E64/><V2/><F2/><W89/><G128/><T121/><D62/><U77/><E3/><V37/><F37/><W90/><G132/><AGARI ba="1,0" hai="41,42,43,85,86,87,102,103,132,133,134" m="19530" machi="132" ten="40,12000,1" yaku="28,2,20,1,52,2" doraHai="99" who="2" fromWho="3" sc="240,0,240,0,270,123,250,-123" /><INIT seed="2,2,0,1,1,98" ten="240,240,393,127" oya="2" hai0="65,58,70,38,121,60,23,2,115,75,51,3,103" hai1="42,68,8,127,17,32,64,99,113,39,129,131,83" hai2="112,54,4,84,82,16,0,120,26,109,28,81,105" hai3="30,80,52,72,35,10,57,108,87,44,93,7,36"/><V53/><F120/><W63/><G108/><T71/><D121/><U92/><E113/><V13/><F112/><W5/><G72/><T25/><D115/><U1/><E32/><V31/><F105/><W41/><G93/><T59/><D38/><U47/><E127/><V20/><F109/><W55/><G30/><N who="2" m="11305" /><F0/><W67/><G35/><T27/><D75/><U50/><E83/><N who="2" m="31755" /><F84/><W77/><REACH who="3" step="1"/><G5/><REACH who="3" ten="240,240,393,117" step="2"/><T21/><D2/><AGARI ba="2,1" hai="2,7,10,36,41,44,52,55,57,63,67,77,80,87" machi="2" ten="30,7700,0" yaku="1,1,2,1,7,1,54,1,53,0" doraHai="98" doraHaiUra="45" who="3" fromWho="0" sc="240,-83,240,0,393,0,117,93" /><INIT seed="3,0,0,2,3,20" ten="157,240,393,210" oya="3" hai0="2,78,127,109,58,13,74,89,14,41,121,39,66" hai1="98,10,57,116,71,46,115,111,19,122,40,128,15" hai2="12,3,114,27,81,18,42,103,61,72,73,94,50" hai3="101,53,92,130,0,26,76,75,124,21,52,93,134"/><W119/><G119/><T23/><D121/><U79/><E122/><V104/><F3/><W60/><G124/><T31/><D2/><U8/><E115/><V38/><F104/><W4/><G130/><T37/><D127/><U7/><E71/><V99/><F38/><W43/><G134/><T88/><D109/><U22/><E111/><V17/><F81/><W80/><G43/><T70/><D70/><U123/><E123/><V9/><F61/><W129/><G129/><T113/><D113/><U65/><E128/><V132/><F132/><W95/><G101/><T107/><D107/><U47/><E116/><V30/><F18/><W67/><G4/><T51/><D74/><U106/><E79/><V85/><F85/><W49/><G0/><T24/><D78/><U29/><E29/><V118/><F118/><W135/><G49/><T11/><D37/><U91/><E40/><V1/><F1/><W126/><G126/><T96/><D39/><U82/><E106/><V56/><F114/><W110/><G135/><T77/><D77/><U68/><E68/><V108/><F108/><W117/><G117/><T6/><D96/><U131/><E131/><V25/><F73/><W125/><G110/><T34/><D66/><U63/><E98/><V105/><F72/><W48/><G48/><T62/><D34/><U16/><E91/><V35/><F105/><W32/><G32/><T120/><D120/><U102/><E102/><V69/><F42/><W44/><G125/><T36/><D36/><U33/><E33/><V87/><F35/><W55/><G75/><T84/><D41/><RYUUKYOKU ba="0,0" sc="157,0,240,0,393,0,210,0" /><INIT seed="4,1,0,5,4,60" ten="157,240,393,210" oya="0" hai0="52,33,35,19,44,94,76,34,65,134,4,121,119" hai1="93,71,3,69,43,122,128,129,111,14,98,101,103" hai2="27,18,117,63,38,11,100,84,108,64,91,31,12" hai3="7,123,55,29,82,42,22,9,37,124,25,99,48"/><T133/><D121/><U17/><E111/><V49/><F38/><W116/><G123/><T118/><D4/><U130/><E122/><V5/><F108/><W77/><G124/><T73/><D94/><U0/><E101/><V21/><F100/><W110/><G110/><T13/><D76/><U113/><E113/><V115/><F115/><W30/><G116/><T6/><D6/><U51/><E43/><V54/><F117/><W78/><G37/><T57/><D73/><U61/><E51/><V26/><F54/><W126/><G42/><T24/><D24/><U132/><E132/><N who="0" m="50793" /><D44/><U39/><E39/><V23/><F49/><W107/><G126/><T53/><D119/><U41/><E41/><V72/><F72/><W32/><G107/><T59/><D118/><U85/><E85/><V2/><F2/><N who="1" m="553" /><E61/><V16/><F5/><W50/><G7/><T70/><D70/><U36/><E36/><V28/><F18/><W106/><G106/><T105/><D105/><U45/><E45/><V104/><F104/><W127/><G127/><T10/><D59/><U109/><E109/><V46/><F46/><W112/><G112/><T95/><D95/><U40/><E40/><V131/><F84/><W67/><G99/><T87/><D87/><U90/><E90/><V125/><F91/><W1/><G1/><T58/><D58/><U81/><E81/><V88/><F88/><W83/><G83/><T20/><D10/><AGARI ba="1,0" hai="10,14,17,69,71,93,98,103,128,129,130" m="553" machi="10" ten="40,1300,0" yaku="19,1" doraHai="60" who="1" fromWho="0" sc="157,-16,240,16,393,0,210,0" /><INIT seed="5,0,0,3,0,84" ten="141,256,393,210" oya="1" hai0="94,54,50,134,6,96,3,4,90,78,62,112,88" hai1="104,42,10,113,122,33,35,75,61,34,106,58,85" hai2="20,65,41,38,36,93,48,121,123,26,82,132,25" hai3="109,13,2,70,37,125,103,60,68,127,40,97,119"/><U99/><E122/><V49/><F82/><W124/><G109/><T14/><D3/><U52/><E75/><V79/><F79/><W5/><G119/><T81/><D112/><U18/><E113/><V39/><F93/><W44/><G13/><T107/><D107/><U19/><E42/><V11/><F11/><N who="3" m="2487" /><G60/><T74/><D134/><U21/><E99/><V115/><F38/><W87/><G87/><N who="0" m="48567" /><D62/><U63/><E63/><V111/><F20/><W69/><G69/><T47/><D74/><U53/><E53/><V116/><F41/><W22/><G22/><T135/><D135/><U24/><REACH who="1" step="1"/><E85/><REACH who="1" ten="141,246,393,210" step="2"/><V28/><F115/><W105/><AGARI ba="0,1" hai="37,40,44,68,70,97,103,105,124,125,127" m="2487" machi="105" ten="30,2000,0" yaku="18,1,23,1" doraHai="84" who="3" fromWho="3" sc="141,-5,246,-10,393,-5,210,30" /><INIT seed="6,0,0,5,1,128" ten="136,236,388,240" oya="2" hai0="124,11,132,110,25,112,20,27,102,77,54,97,134" hai1="12,21,39,45,130,93,17,14,133,129,4,75,82" hai2="126,101,118,113,120,114,52,18,80,92,49,41,28" hai3="57,60,115,31,88,38,131,10,50,73,84,62,7"/><V79/><F120/><W69/><G38/><T0/><D110/><U29/><E133/><N who="0" m="51305" /><D112/><U87/><E75/><V51/><F28/><W63/><G73/><T105/><D124/><U103/><E29/><V47/><F118/><W94/><G115/><N who="2" m="44041" /><F18/><W89/><G131/><T117/><D117/><U86/><E39/><V3/><F3/><W30/><G69/><T59/><D77/><U53/><E4/><V23/><F23/><W40/><G89/><T9/><D0/><U33/><E33/><V46/><F126/><W66/><G66/><T111/><D111/><U44/><E130/><V65/><F65/><W100/><G100/><T104/><D104/><U78/><E103/><V56/><F92/><W1/><REACH who="3" step="1"/><G40/><REACH who="3" ten="136,236,388,230" step="2"/><T81/><D81/><U16/><E82/><V106/><F80/><W71/><G71/><T22/><D27/><U67/><E129/><V83/><F83/><W15/><G15/><T108/><D108/><U61/><E12/><V35/><F79/><W64/><G64/><T42/><D42/><U58/><E14/><V125/><F41/><W122/><G122/><T107/><D107/><U34/><E78/><V72/><F106/><W123/><G123/><T19/><D22/><U5/><E21/><V70/><F125/><W76/><G76/><T98/><D98/><U90/><E93/><V68/><F72/><W8/><G8/><T109/><D109/><U24/><E24/><V74/><F74/><W48/><G48/><AGARI ba="0,1" hai="9,11,19,20,25,48,54,59,97,102,105" m="51305" machi="48" ten="30,7700,0" yaku="20,1,52,3" doraHai="128" who="0" fromWho="3" sc="136,87,236,0,388,0,230,-77" /><INIT seed="7,0,0,2,5,51" ten="223,236,388,153" oya="3" hai0="54,5,128,29,59,122,28,112,125,31,117,15,67" hai1="44,114,95,103,134,17,135,56,121,101,55,2,65" hai2="3,26,119,53,107,79,36,57,60,126,115,14,30" hai3="49,88,109,96,7,38,27,41,124,42,23,77,58"/><W106/><G124/><T89/><D122/><U100/><E121/><V91/><F3/><W32/><G32/><T43/><D117/><U6/><E114/><V120/><F107/><W19/><G109/><T82/><D112/><U11/><E17/><V104/><F104/><W35/><G38/><T97/><D128/><U93/><E65/><V45/><F79/><W118/><G118/><T0/><D0/><U40/><E55/><V131/><F14/><W24/><G77/><T132/><D43/><N who="3" m="16393" /><G35/><T92/><D67/><U74/><E56/><V10/><F36/><W133/><G106/><T123/><D123/><U33/><E74/><V9/><F131/><W76/><G133/><N who="1" m="50698" /><E33/><V50/><F126/><W78/><G7/><T34/><D132/><U47/><E47/><V70/><F70/><W39/><G39/><AGARI ba="0,0" hai="2,6,11,39,40,44,93,95,100,101,103" m="50698" machi="39" ten="30,1000,0" yaku="20,1" doraHai="51" who="1" fromWho="3" sc="223,0,236,10,388,0,153,-10" owari="223,-18.0,246,5.0,388,49.0,143,-36.0" /></mjloggm>