<mjloggm ver="2.3"><GO type="169" lobby="0"/><UN n0="%7A%65%6C%64%65%6E" n1="%E3%82%A6%E3%83%AB%E3%83%88%E3%83%A9%E7%AB%8B%E7%9B%B4" n2="%E3%82%B5%E3%83%9C" n3="%E8%A5%BF%E5%9E%A3%E8%AA%A0%E4%B8%80" dan="16,18,17,16" rate="2136.52,2174.65,2171.47,2106.49" sx="M,M,M,M"/><TAIKYOKU oya="0"/><INIT seed="0,0,0,3,4,78" ten="250,250,250,250" oya="0" hai0="43,90,62,27,97,40,41,95,71,4,100,32,3" hai1="120,130,101,9,117,35,131,91,54,50,127,119,8" hai2="21,65,80,51,49,18,114,85,88,60,57,83,96" hai3="74,64,73,118,128,25,16,113,124,111,36,61,108"/><T116/><D116/><U1/><E35/><V42/><F114/><W121/><G113/><T135/><D135/><U52/><E101/><V6/><F6/><W14/><G118/><T72/><D72/><U126/><E91/><V68/><F68/><N who="3" m="41999" /><G124/><T33/><D27/><U87/><E50/><N who="2" m="18955" /><F96/><W44/><G25/><T20/><D20/><U2/><REACH who="1" step="1"/><E87/><REACH who="1" ten="250,240,250,250" step="2"/><V47/><F47/><W34/><G44/><T37/><D37/><U77/><BYE who="0" /><E77/><V112/><F112/><W76/><G36/><T56/><D56/><U98/><E98/><V12/><F42/><W107/><G34/><T109/><D109/><U115/><E115/><V69/><F69/><W55/><G111/><T133/><D133/><U104/><E104/><V24/><F24/><W29/><G107/><T79/><D79/><U22/><E22/><V67/><F67/><W39/><G76/><T58/><D58/><U103/><E103/><V89/><F89/><W53/><G39/><T132/><D132/><U66/><E66/><V10/><F21/><W19/><G108/><T31/><D31/><U70/><E70/><V125/><F125/><W93/><G29/><T106/><D106/><U48/><E48/><V13/><F13/><W122/><G14/><T23/><D23/><U123/><AGARI ba="0,1" hai="1,2,8,9,52,54,117,119,120,123,126,127,130,131" machi="123" ten="25,8000,1" yaku="1,1,0,1,22,2,54,1,53,0" doraHai="78" doraHaiUra="99" who="1" fromWho="1" sc="250,-40,240,90,250,-20,250,-20" /><INIT seed="1,0,0,4,2,100" ten="210,330,230,230" oya="1" hai0="129,38,93,62,61,63,20,57,119,31,14,88,17" hai1="109,79,48,112,16,7,83,135,102,98,108,52,77" hai2="56,115,117,50,110,42,65,72,128,118,99,134,10" hai3="86,94,53,90,121,3,105,66,89,8,70,58,114"/><U95/><E135/><V11/><F72/><W123/><G114/><T80/><D80/><U25/><E7/><V45/><F115/><W18/><G105/><T30/><D30/><U49/><E49/><V24/><F110/><N who="1" m="42601" /><E112/><V60/><F134/><W82/><G66/><T113/><D113/><U126/><E126/><V54/><F128/><W19/><G70/><T85/><D85/><U4/><E4/><V122/><F122/><W15/><G3/><T43/><D43/><U96/><E83/><V23/><F99/><W13/><G13/><T101/><D101/><U47/><E98/><V9/><F117/><W39/><G39/><T5/><D5/><U87/><E87/><V106/><F118/><W12/><G12/><T131/><D131/><U41/><E41/><V71/><F106/><W130/><G130/><T73/><D73/><U124/><E124/><V64/><F71/><W69/><G69/><T111/><D111/><U44/><E44/><V21/><F21/><AGARI ba="0,0" hai="16,21,25,47,48,52,77,79,95,96,102" m="42601" machi="21" ten="30,11600,0" yaku="14,1,10,1,54,2" doraHai="100" who="1" fromWho="2" sc="210,0,330,116,230,-116,230,0" /><INIT seed="1,1,0,0,4,87" ten="210,446,114,230" oya="1" hai0="117,38,119,101,17,74,47,57,22,90,55,120,76" hai1="131,29,128,24,39,83,45,11,15,19,5,89,78" hai2="123,127,37,86,53,41,130,3,61,59,62,65,54" hai3="10,1,105,40,122,36,51,56,80,135,43,125,96"/><U102/><E102/><V12/><F3/><W116/><G116/><T118/><D118/><U70/><E70/><V81/><F123/><W109/><G122/><T35/><D35/><U93/><E45/><V25/><F130/><W28/><G109/><T68/><D68/><U108/><E39/><V72/><F72/><W34/><G125/><T46/><D46/><U110/><E5/><V60/><F127/><W106/><G135/><T121/><D121/><U75/><E24/><V6/><F37/><W100/><G36/><T115/><D115/><U4/><E29/><V104/><F104/><W23/><G34/><T50/><D50/><U82/><E82/><V134/><F41/><W71/><G71/><T99/><D99/><N who="1" m="57775" /><E4/><V42/><F42/><W8/><G43/><T49/><D49/><U103/><E103/><V107/><F107/><W77/><G105/><T2/><D2/><U88/><E88/><N who="2" m="51279" /><F134/><W67/><G1/><T0/><D0/><U95/><E95/><V26/><F60/><W48/><G40/><T7/><D7/><U52/><E131/><V64/><F61/><W124/><G124/><T133/><D133/><U94/><E128/><V132/><F132/><W30/><G106/><T129/><D129/><U32/><E32/><V97/><F97/><W114/><G96/><T20/><D20/><U31/><E110/><V21/><F26/><W27/><G27/><T91/><D91/><U63/><E108/><V113/><F113/><W85/><G114/><T18/><D18/><U112/><E112/><V73/><F73/><W66/><G66/><T84/><D84/><RYUUKYOKU ba="1,0" sc="210,0,446,0,114,0,230,0" /><INIT seed="2,2,0,0,2,105" ten="210,446,114,230" oya="2" hai0="125,44,98,15,74,122,130,7,41,82,119,52,18" hai1="100,31,109,83,96,59,126,29,24,80,19,66,35" hai2="57,43,49,46,33,21,92,26,115,17,62,104,71" hai3="64,87,4,73,112,23,110,1,77,30,103,14,85"/><V2/><F104/><W129/><G110/><T117/><D117/><U132/><E109/><V40/><F115/><W97/><G129/><T12/><D12/><U48/><E126/><V86/><F2/><W69/><G1/><T72/><D72/><U47/><E31/><V101/><F71/><W50/><G112/><T25/><D25/><U37/><E37/><V68/><F68/><W13/><G4/><T28/><D28/><U128/><E128/><V93/><F33/><W135/><G135/><T118/><D118/><U116/><E116/><V134/><F134/><W127/><G127/><T5/><D5/><U91/><E91/><V75/><F75/><W9/><G30/><T34/><D34/><U111/><E19/><V53/><F92/><W102/><G23/><T90/><D90/><U8/><E8/><V120/><F120/><UN n0="%7A%65%6C%64%65%6E" /><W79/><G69/><T10/><D98/><U54/><E132/><V39/><F39/><W42/><G9/><T67/><D67/><U20/><E35/><V121/><F121/><W63/><G97/><T32/><D32/><U56/><E111/><V60/><F60/><W76/><G63/><T0/><D125/><U94/><E59/><V65/><REACH who="2" step="1"/><F101/><REACH who="2" ten="210,446,104,230" step="2"/><W11/><G73/><T27/><D130/><U113/><E113/><V70/><F70/><W108/><G108/><T6/><D122/><U58/><E94/><V38/><F38/><W84/><G102/><T123/><D123/><U78/><E100/><V124/><F124/><W55/><G103/><T81/><D119/><U107/><E107/><V99/><F99/><W3/><G3/><RYUUKYOKU ba="2,1" sc="210,-10,446,-10,104,30,230,-10" hai2="17,21,26,40,43,46,49,53,57,62,65,86,93" /><INIT seed="2,3,1,3,1,88" ten="200,436,134,220" oya="2" hai0="67,4,40,31,121,5,38,2,14,124,102,94,32" hai1="127,99,64,112,119,118,130,56,35,97,93,120,61" hai2="34,20,54,57,9,126,125,92,116,98,60,117,15" hai3="59,68,17,66,53,65,19,109,85,122,69,58,80"/><V47/><F34/><W44/><G122/><T51/><D121/><U133/><E35/><V104/><F104/><W90/><G109/><T132/><D38/><U42/><E112/><V39/><F20/><W84/><G69/><T131/><D2/><U91/><E120/><V0/><F0/><W28/><G68/><T95/><D124/><N who="2" m="47722" /><F47/><W111/><G111/><T74/><D74/><U29/><E29/><V18/><F39/><W134/><G134/><T75/><D75/><U96/><E133/><V78/><F78/><N who="3" m="46103" /><G28/><T43/><D132/><U76/><E76/><V10/><F9/><W25/><G44/><T21/><D32/><U27/><E127/><V108/><F108/><W135/><G135/><T62/><D131/><U87/><E130/><V46/><F46/><W41/><G41/><T24/><D102/><AGARI ba="3,1" hai="10,15,18,54,57,60,92,98,102,116,117" m="47722" machi="102" ten="30,2900,0" yaku="18,1,52,1" doraHai="88" who="2" fromWho="0" sc="200,-38,436,0,134,48,220,0" /><INIT seed="2,4,0,2,0,41" ten="162,436,182,220" oya="2" hai0="10,69,74,114,17,121,15,90,92,8,115,113,108" hai1="109,24,33,9,107,96,117,73,44,106,13,88,50" hai2="99,28,14,63,79,124,12,0,135,130,32,93,52" hai3="129,111,119,29,39,78,100,5,47,55,123,57,66"/><V122/><F122/><W83/><G119/><T104/><D121/><U30/><E73/><V48/><F0/><W76/><G123/><T98/><D108/><U62/><E62/><V97/><F130/><W68/><G129/><T70/><D74/><U64/><E64/><V26/><F124/><W37/><G111/><T133/><D133/><U56/><E56/><V36/><F36/><W35/><G100/><T132/><D132/><U77/><E77/><V46/><F135/><W23/><G35/><T1/><D104/><U80/><E109/><V16/><F79/><W7/><G78/><T65/><REACH who="0" step="1"/><D65/><REACH who="0" ten="152,436,182,220" step="2"/><U102/><E107/><V82/><F82/><W85/><G66/><T25/><D25/><U95/><E80/><V71/><F93/><W84/><G83/><T118/><D118/><U67/><E67/><V18/><F71/><W134/><G68/><T38/><D38/><U128/><E128/><V6/><F63/><W72/><G39/><T127/><D127/><U49/><E106/><V131/><F131/><W34/><G134/><T91/><D91/><U31/><E88/><V94/><F94/><W112/><G76/><T19/><D19/><U116/><E116/><V105/><F105/><W11/><G72/><T126/><D126/><U54/><E117/><V59/><F6/><AGARI ba="4,1" hai="1,6,8,10,15,17,69,70,90,92,98,113,114,115" machi="6" ten="40,1300,0" yaku="1,1,53,0" doraHai="41" doraHaiUra="45" who="0" fromWho="2" sc="152,35,436,0,182,-25,220,0" /><INIT seed="3,0,0,5,0,89" ten="187,436,157,220" oya="3" hai0="45,48,7,58,44,3,50,10,29,135,113,90,110" hai1="88,128,108,53,130,84,32,68,82,4,131,25,64" hai2="100,21,98,74,133,92,118,47,26,103,119,37,120" hai3="67,39,14,94,127,76,51,8,114,56,42,78,79"/><W0/><G0/><T123/><D123/><U30/><E108/><V111/><F74/><W117/><G127/><T126/><D110/><U23/><E4/><V66/><F111/><W28/><G117/><T57/><D126/><U24/><E53/><V63/><F133/><W5/><G39/><T101/><D135/><U52/><E52/><V87/><F120/><W97/><G28/><T22/><D101/><U17/><E64/><V55/><F100/><N who="3" m="60471" /><G114/><T125/><D125/><U11/><E11/><V59/><F87/><W43/><G51/><T83/><D113/><U106/><E68/><V13/><F13/><W60/><AGARI ba="0,0" hai="5,8,14,42,43,56,60,67,76,78,79" m="60471" machi="60" ten="30,3000,0" yaku="8,1,52,1" doraHai="89" who="3" fromWho="3" sc="187,-10,436,-10,157,-10,220,30" /><INIT seed="3,1,0,4,3,106" ten="177,426,147,250" oya="3" hai0="113,22,134,51,100,77,63,3,61,21,36,18,76" hai1="1,48,26,96,2,33,131,4,43,30,112,42,34" hai2="65,93,75,129,90,69,5,98,97,83,84,125,45" hai3="31,110,85,86,132,20,89,121,14,68,94,66,104"/><W37/><G104/><T32/><D36/><U52/><E34/><V49/><F125/><W102/><G121/><T6/><D32/><U57/><E112/><V114/><F114/><W130/><G102/><T38/><D38/><U25/><E25/><V95/><F129/><W108/><G132/><T109/><D113/><U123/><E123/><V24/><F5/><W78/><G130/><T28/><D134/><U59/><E2/><V73/><F69/><W91/><G78/><T27/><D109/><N who="3" m="42089" /><G37/><T16/><D100/><U82/><E4/><V127/><F65/><W71/><G66/><T17/><D22/><U120/><E1/><V105/><F24/><N who="3" m="16775" /><G14/><T88/><D3/><U111/><E111/><V58/><F105/><W128/><G128/><T39/><D39/><U72/><E131/><V118/><F118/><W50/><G50/><T29/><D6/><U133/><E133/><V103/><F127/><W54/><G54/><T87/><D51/><U119/><E119/><V115/><F115/><W107/><G107/><T124/><D124/><U46/><E52/><V117/><F117/><W10/><G10/><T0/><D0/><U74/><E48/><V122/><F122/><W40/><G40/><T92/><D29/><U62/><E43/><V79/><F58/><W19/><G19/><T64/><REACH who="0" step="1"/><D63/><REACH who="0" ten="167,426,147,250" step="2"/><U116/><E62/><V55/><AGARI ba="1,1" hai="45,49,55,73,75,79,83,84,90,93,95,97,98,103" machi="55" ten="20,5200,0" yaku="0,1,7,1,52,2" doraHai="106" who="2" fromWho="2" sc="167,-14,426,-14,147,65,250,-27" /><INIT seed="4,0,0,5,4,34" ten="153,412,212,223" oya="0" hai0="19,30,56,96,122,4,53,42,116,71,120,129,7" hai1="50,103,9,84,17,29,60,93,21,128,48,108,115" hai2="33,112,54,63,40,75,126,37,127,38,36,121,87" hai3="88,10,86,16,12,102,110,18,45,76,52,132,105"/><T114/><D116/><U135/><E108/><V73/><F33/><W92/><G132/><T97/><D114/><U68/><E68/><V107/><F107/><W65/><G110/><T78/><D71/><U111/><E111/><V89/><F121/><W117/><G117/><T43/><D129/><U32/><E32/><V77/><F112/><W31/><G31/><T22/><D30/><U90/><E135/><V125/><F40/><N who="0" m="15402" /><D120/><U106/><E106/><V81/><F77/><W98/><G65/><T47/><D47/><U35/><E35/><V80/><F81/><W69/><G69/><T101/><D78/><U79/><E79/><V24/><F24/><W39/><G76/><T25/><D122/><U118/><E118/><V3/><F3/><W134/><G134/><T133/><D133/><U27/><E128/><V104/><F104/><W123/><G39/><T8/><D8/><U67/><E103/><V59/><AGARI ba="0,0" hai="36,37,38,54,59,63,73,75,80,87,89,125,126,127" machi="59" ten="40,2700,0" yaku="0,1,18,1" doraHai="34" who="2" fromWho="2" sc="153,-13,412,-7,212,27,223,-7" /><INIT seed="5,0,0,3,5,105" ten="140,405,239,216" oya="1" hai0="85,66,75,110,121,115,56,87,134,69,5,99,43" hai1="25,18,22,125,77,103,31,102,35,94,38,8,24" hai2="42,76,20,63,40,120,101,73,91,52,58,122,12" hai3="4,95,97,112,131,53,36,9,68,10,118,132,1"/><U126/><E38/><V32/><F32/><W80/><G112/><T27/><D110/><U23/><E77/><V119/><F119/><W113/><G113/><T64/><D115/><U116/><E116/><V6/><F101/><W50/><G132/><T78/><D134/><U135/><E135/><V45/><F91/><W13/><G118/><T39/><D121/><U123/><E123/><V0/><F0/><W7/><G36/><T33/><D69/><U16/><E94/><V11/><F20/><W96/><G131/><T111/><D111/><U83/><E83/><V86/><F86/><W71/><G80/><T26/><D5/><U65/><E65/><V124/><F124/><W70/><REACH who="3" step="1"/><G95/><REACH who="3" ten="140,405,239,206" step="2"/><T88/><D39/><U107/><E126/><V133/><F133/><W47/><AGARI ba="0,1" hai="1,4,7,9,10,13,47,50,53,68,70,71,96,97" machi="47" ten="30,7900,0" yaku="1,1,2,1,0,1,53,1" doraHai="105" doraHaiUra="46" who="3" fromWho="3" sc="140,-20,405,-39,239,-20,206,89" /><INIT seed="6,0,0,5,3,9" ten="120,366,219,295" oya="2" hai0="42,63,38,108,45,126,51,122,121,115,88,73,128" hai1="66,12,100,69,40,46,0,15,28,76,52,103,127" hai2="123,118,18,50,24,47,134,35,58,56,29,119,68" hai3="41,85,117,71,105,11,96,33,78,48,37,65,59"/><V34/><F123/><W79/><G117/><T101/><D73/><U7/><E127/><V36/><F68/><W110/><G33/><T64/><D101/><U102/><E28/><V87/><F36/><W20/><G110/><T53/><D108/><U77/><E0/><V92/><F35/><W6/><G71/><T57/><D126/><U4/><E66/><V1/><F1/><W27/><G37/><T3/><D3/><U72/><E72/><V30/><F134/><W104/><G41/><T89/><D115/><U131/><E40/><V19/><F30/><W130/><G130/><T82/><D128/><U109/><E69/><V97/><F87/><W125/><G125/><T26/><D26/><U124/><E124/><V91/><F58/><W113/><G113/><T120/><REACH who="0" step="1"/><D82/><REACH who="0" ten="110,366,219,295" step="2"/><U135/><E131/><V132/><F118/><W83/><G83/><T17/><D17/><U90/><E135/><V84/><F119/><W25/><G25/><T98/><D98/><U32/><E102/><V95/><F132/><W43/><G96/><T129/><D129/><U80/><E103/><V14/><F19/><W67/><G27/><T107/><D107/><U55/><E100/><V111/><F111/><W74/><G74/><T93/><D93/><U44/><E80/><V70/><F95/><W5/><G104/><T39/><D39/><U114/><E109/><V31/><F24/><W106/><G106/><T8/><D8/><U2/><E2/><V94/><F94/><W81/><G11/><T23/><D23/><U61/><E114/><V10/><F18/><W49/><G105/><RYUUKYOKU ba="0,1" sc="110,30,366,-10,219,-10,295,-10" hai0="38,42,45,51,53,57,63,64,88,89,120,121,122" /><INIT seed="7,1,1,4,4,35" ten="140,356,209,285" oya="3" hai0="111,91,129,90,102,83,110,106,52,47,31,32,105" hai1="38,69,85,68,87,4,15,61,123,33,30,112,58" hai2="114,13,79,88,62,16,74,43,122,51,63,2,93" hai3="41,128,113,64,133,86,5,71,29,21,37,109,80"/><W97/><G113/><T108/><D129/><U131/><E38/><V17/><F114/><W67/><G109/><T89/><D83/><U1/><E1/><V6/><F122/><W103/><G133/><T25/><REACH who="0" step="1"/><D102/><REACH who="0" ten="130,356,209,285" step="2"/><U115/><E131/><V57/><F74/><W12/><G128/><T46/><D46/><U55/><E115/><V126/><F126/><W22/><G80/><T14/><D14/><U82/><E15/><V65/><F13/><W34/><G12/><T84/><D84/><U117/><E87/><V50/><F79/><W20/><G86/><T8/><D8/><U42/><E85/><V60/><F2/><W76/><G76/><T134/><D134/><U56/><E82/><V75/><F75/><W45/><G103/><T70/><D70/><U48/><E68/><V3/><F3/><W104/><G71/><T130/><D130/><U18/><E69/><V81/><F81/><W28/><G45/><T19/><D19/><U9/><E18/><V27/><F16/><W94/><G29/><T40/><D40/><U119/><E42/><V99/><F17/><W54/><G28/><T78/><D78/><U77/><E77/><V24/><F43/><W98/><G41/><T44/><D44/><U39/><E30/><V7/><F7/><W11/><G5/><T124/><D124/><U132/><E4/><V95/><F6/><W121/><G11/><T36/><D36/><U10/><E9/><V120/><F120/><W135/><G37/><T92/><D92/><U23/><E39/><V0/><F95/><W26/><G94/><T107/><D107/><RYUUKYOKU ba="1,2" sc="130,30,356,-10,209,-10,285,-10" hai0="25,31,32,47,52,89,90,91,105,106,108,110,111" owari="160,-34.0,366,46.0,199,-20.0,275,8.0" /></mjloggm>