<mjloggm ver="2.3"><GO type="225" lobby="0"/><UN n0="%E3%81%B5%E3%81%86%E3%81%8C%E2%99%AA" n1="%E7%B7%8B%E3%81%84%E7%8C%AB%EF%BC%9E%EF%BC%9C%EF%BC%81" n2="%E3%83%88%E3%83%88%E3%83%AA%E5%85%88%E7%94%9F%31%39%E6%AD%B3" n3="%E3%81%BF%E3%81%A3%E3%81%A4%E3%81%83%EF%BD%9E" dan="17,17,17,18" rate="2138.18,2162.88,2139.81,2212.66" sx="M,F,F,F"/><TAIKYOKU oya="0"/><INIT seed="0,0,0,4,2,60" ten="250,250,250,250" oya="0" hai0="95,37,118,58,26,14,129,44,108,117,133,126,15" hai1="51,70,71,52,81,11,130,79,125,53,123,43,120" hai2="86,78,10,132,77,72,109,42,1,48,27,75,41" hai3="104,5,67,83,102,49,35,80,116,3,46,16,127"/><T55/><D129/><U111/><E130/><V97/><F109/><W106/><G35/><T39/><D133/><U96/><E111/><V24/><F132/><W107/><G116/><T30/><D108/><U4/><E125/><V112/><F112/><W29/><G29/><T113/><D113/><U9/><E96/><V124/><F124/><W74/><G127/><T38/><D126/><U6/><E43/><V100/><F1/><W121/><G102/><T101/><D44/><U69/><E9/><V103/><F10/><W92/><G92/><T64/><D118/><U94/><E94/><V76/><F86/><W18/><G5/><T93/><D93/><U20/><E20/><V22/><F97/><W119/><G3/><T87/><D64/><U128/><E128/><V62/><F62/><W61/><G119/><T28/><D28/><U47/><E53/><V122/><F22/><W134/><G121/><T21/><D117/><U23/><E23/><V33/><F76/><W114/><G114/><T25/><D25/><U2/><REACH who="1" step="1"/><E6/><REACH who="1" ten="250,240,250,250" step="2"/><V66/><F33/><W54/><G134/><T88/><REACH who="0" step="1"/><D101/><REACH who="0" ten="240,240,250,250" step="2"/><U98/><E98/><V89/><F122/><W90/><G107/><T68/><D68/><U31/><E31/><V131/><F131/><W105/><G106/><T85/><D85/><AGARI ba="0,2" hai="2,4,11,47,51,52,69,70,71,79,81,85,120,123" machi="85" ten="40,5200,0" yaku="1,1,54,1,53,1" doraHai="60" doraHaiUra="34" who="1" fromWho="0" sc="240,-52,240,72,250,0,250,0" /><INIT seed="1,0,0,3,2,107" ten="188,312,250,250" oya="1" hai0="6,78,10,58,24,77,133,61,96,90,52,109,32" hai1="70,97,86,126,111,4,79,37,44,17,72,48,35" hai2="2,94,8,66,117,121,46,13,127,21,113,57,63" hai3="99,47,93,12,27,134,3,85,68,106,71,18,62"/><U55/><E126/><V60/><F117/><W74/><G134/><T125/><D109/><U43/><E35/><V120/><F127/><W36/><G3/><T22/><D125/><U16/><E111/><V83/><F2/><W105/><G27/><T15/><D32/><U42/><E72/><V50/><F21/><W88/><G74/><T132/><D133/><U0/><E97/><V25/><F25/><W41/><G62/><T53/><D53/><U20/><E70/><V26/><F26/><W69/><REACH who="3" step="1"/><G99/><REACH who="3" ten="188,312,250,240" step="2"/><T65/><D132/><U81/><E0/><V64/><F63/><W100/><G100/><T40/><D65/><U102/><E102/><V30/><F64/><W122/><G122/><T108/><D108/><U28/><E37/><V29/><F121/><W39/><G39/><T67/><D67/><U7/><E28/><V115/><F120/><W128/><G128/><T59/><D59/><U51/><E51/><V116/><F29/><W80/><G80/><T14/><D14/><U114/><E48/><V84/><F83/><W119/><G119/><T104/><D40/><U38/><E43/><N who="2" m="24927" /><F30/><W33/><G33/><T135/><D135/><U75/><E42/><V19/><F116/><W89/><G89/><T92/><D104/><U31/><E31/><AGARI ba="0,1" hai="6,10,15,22,24,31,52,58,61,77,78,90,92,96" machi="31" ten="30,3900,0" yaku="7,1,8,1,54,1" doraHai="107" who="0" fromWho="1" sc="188,49,312,-39,250,0,240,0" /><INIT seed="2,0,0,1,3,27" ten="237,273,250,240" oya="2" hai0="1,0,111,57,67,126,115,59,84,31,95,46,22" hai1="133,94,78,19,65,125,63,130,53,48,108,29,103" hai2="116,96,98,68,100,109,74,55,54,106,85,87,97" hai3="44,13,75,66,60,41,52,107,120,47,64,6,99"/><V28/><F68/><W40/><G120/><T43/><D115/><U24/><E125/><V71/><F71/><W62/><G75/><T114/><D114/><U39/><E39/><V88/><F116/><W16/><G107/><T129/><D111/><U91/><E108/><V30/><F109/><W70/><G99/><N who="2" m="37961" /><F74/><W101/><G101/><T9/><D129/><U112/><E112/><V36/><F36/><W110/><G6/><T21/><D21/><N who="1" m="15503" /><E133/><V105/><F100/><W33/><G33/><T45/><D126/><U77/><E130/><V72/><F72/><W23/><G110/><T17/><D0/><U83/><E83/><V104/><F88/><W38/><G70/><T127/><D127/><U61/><E19/><V89/><F89/><W35/><G35/><T117/><D117/><U12/><E12/><V8/><F8/><W50/><REACH who="3" step="1"/><G41/><REACH who="3" ten="237,273,250,230" step="2"/><T80/><D43/><U119/><E103/><V73/><F98/><W86/><G86/><N who="2" m="32777" /><F73/><W81/><G81/><T34/><D80/><U7/><E119/><V37/><F37/><W3/><G3/><T93/><D1/><U49/><E7/><V15/><F105/><W58/><G58/><N who="0" m="22027" /><D34/><U132/><E91/><V5/><F104/><W122/><G122/><T90/><D84/><U92/><E78/><V4/><F106/><W42/><G42/><T32/><D32/><U79/><E77/><V2/><F4/><W11/><G11/><T26/><D90/><U135/><E135/><V134/><F2/><W10/><G10/><T102/><D102/><U25/><E132/><V18/><F134/><W113/><G113/><RYUUKYOKU ba="0,1" sc="237,-10,273,-10,250,-10,230,30" hai3="13,16,23,38,40,44,47,50,52,60,62,64,66" /><INIT seed="3,1,1,5,1,38" ten="227,263,240,260" oya="3" hai0="56,116,109,88,129,82,18,131,126,14,26,24,105" hai1="40,114,97,119,41,23,90,117,28,5,31,0,122" hai2="121,33,39,11,27,55,13,6,22,99,68,66,100" hai3="86,49,74,10,71,94,79,78,59,8,115,20,3"/><W54/><G115/><T36/><D116/><N who="1" m="44619" /><E122/><V15/><F121/><W58/><G71/><T12/><D109/><U130/><E130/><N who="0" m="49673" /><D105/><U95/><E114/><V83/><F39/><W108/><G74/><T29/><D126/><U63/><E63/><N who="2" m="40031" /><F55/><N who="3" m="32111" /><G3/><T64/><D36/><U4/><E0/><N who="2" m="455" /><F22/><W107/><G107/><T77/><D88/><U81/><E81/><V75/><F83/><N who="3" m="47479" /><G79/><T48/><D18/><U80/><E80/><V112/><F75/><W123/><G123/><T46/><D26/><N who="1" m="16479" /><E31/><V120/><F120/><W47/><G108/><T76/><D76/><U60/><E60/><V134/><F112/><W42/><G94/><T69/><D69/><U30/><E30/><V133/><F27/><W93/><G93/><T104/><D104/><U110/><E110/><V124/><F124/><W92/><G92/><T17/><D17/><U2/><E2/><V67/><F133/><W106/><G106/><T128/><D128/><U91/><E91/><V102/><F134/><W1/><G1/><T72/><D24/><U61/><E61/><V16/><F16/><W44/><G10/><T9/><D9/><U118/><E118/><V70/><F70/><W111/><G8/><T57/><D29/><U35/><E35/><V135/><F33/><W103/><G111/><T73/><D73/><U89/><E89/><V84/><F135/><W19/><G19/><T101/><D101/><N who="2" m="39018" /><F84/><W34/><G103/><T125/><D125/><U96/><E96/><V51/><F99/><W50/><G34/><T65/><D12/><N who="2" m="4682" /><F67/><N who="0" m="25674" /><D14/><U132/><E132/><V98/><F98/><W45/><G20/><RYUUKYOKU ba="1,1" sc="227,0,263,0,240,0,260,0" hai0="46,48,56,57,72,77,82" hai1="4,5,40,41,90,95,97" hai2="51" hai3="42,44,45,47,50,54,59" /><INIT seed="3,2,1,4,1,11" ten="227,263,240,260" oya="3" hai0="97,43,107,75,13,131,91,16,99,113,50,26,114" hai1="122,87,18,22,68,130,65,63,33,56,74,116,12" hai2="41,127,28,23,34,96,6,59,126,72,117,0,95" hai3="135,118,19,111,80,106,9,36,100,5,15,14,78"/><W66/><G118/><T61/><D75/><U125/><E74/><V40/><F117/><W77/><G36/><T88/><D131/><U73/><E73/><V103/><F72/><W17/><G106/><T90/><D26/><U4/><E116/><V70/><F70/><W38/><G38/><T84/><D61/><U102/><E33/><V48/><F34/><W2/><G100/><T81/><D43/><U94/><E122/><V8/><F28/><W10/><G135/><T104/><D50/><U21/><E125/><N who="2" m="47627" /><F23/><W46/><G111/><T112/><D107/><U42/><E42/><N who="2" m="16491" /><F59/><W76/><G46/><T124/><D124/><U32/><E32/><V89/><F48/><W93/><G66/><T134/><D134/><U25/><E130/><V7/><F7/><N who="3" m="3423" /><G2/><T51/><D51/><U119/><E119/><V44/><F44/><W92/><G80/><T120/><D120/><U47/><E47/><V62/><F62/><W109/><G109/><T110/><D110/><U53/><E4/><V128/><F128/><W67/><G67/><T37/><D37/><U133/><E133/><V29/><F103/><W45/><G45/><T60/><D60/><U129/><E129/><V20/><F0/><W35/><G35/><T30/><D30/><N who="1" m="17711" /><E102/><V123/><F123/><W52/><G52/><T64/><D64/><U49/><E68/><V132/><F132/><W58/><G58/><T71/><D71/><U27/><E65/><V55/><F55/><W1/><G1/><T121/><D121/><U105/><E63/><V101/><F101/><W83/><G83/><T69/><D69/><RYUUKYOKU ba="2,1" sc="227,-10,263,-10,240,-10,260,30" hai3="5,9,15,17,19,76,77,78,92,93" /><INIT seed="3,3,1,5,3,100" ten="217,253,230,290" oya="3" hai0="22,66,18,98,132,79,93,62,11,24,33,133,43" hai1="31,102,9,19,59,75,90,129,115,0,65,41,77" hai2="74,20,88,47,49,105,80,126,51,71,60,64,78" hai3="120,48,25,113,135,82,54,81,34,6,128,57,123"/><W83/><G113/><T50/><D33/><U95/><E115/><V52/><F126/><W104/><G104/><T46/><D79/><U38/><E31/><V36/><F105/><W39/><G39/><T12/><D98/><U84/><E102/><V28/><F36/><W110/><G110/><T10/><D93/><U45/><E129/><V21/><F28/><W89/><G128/><T5/><REACH who="0" step="1"/><D11/><REACH who="0" ten="207,253,230,290" step="2"/><U58/><E77/><V63/><F88/><W99/><G89/><T30/><D30/><U73/><E9/><V68/><F51/><W106/><G48/><T127/><D127/><U131/><E131/><V107/><F107/><W67/><G99/><T40/><D40/><U124/><E124/><V69/><REACH who="2" step="1"/><F63/><REACH who="2" ten="207,253,220,290" step="2"/><N who="3" m="36279" /><G106/><T29/><D29/><U87/><E38/><V97/><F97/><W35/><G34/><T125/><D125/><U103/><E90/><V7/><F7/><W91/><G6/><T8/><D8/><U134/><E41/><V17/><F17/><W4/><G91/><T56/><AGARI ba="3,3" hai="5,10,12,18,22,24,43,46,50,56,62,66,132,133" machi="56" ten="30,2000,0" yaku="1,1,0,1,53,0" doraHai="100" doraHaiUra="118" who="0" fromWho="0" sc="207,59,253,-8,220,-8,290,-13" /><INIT seed="4,0,0,3,0,35" ten="266,245,212,277" oya="0" hai0="69,78,76,99,22,19,30,41,7,77,13,106,55" hai1="15,39,54,107,3,17,63,110,40,44,37,88,113" hai2="132,23,20,115,9,90,65,29,42,0,89,81,59" hai3="93,96,10,70,48,82,18,62,104,84,28,6,91"/><T73/><D73/><U94/><E110/><V120/><F120/><W24/><G104/><T117/><D117/><U102/><E113/><V100/><F115/><W111/><G111/><T127/><D127/><U4/><E39/><V27/><F132/><W130/><G130/><T46/><D69/><U34/><E34/><V119/><F119/><W112/><G112/><T116/><D116/><U75/><E75/><V108/><F108/><W131/><G131/><T8/><D55/><U97/><E54/><V124/><F124/><W114/><G114/><T58/><D58/><U64/><E3/><V57/><F100/><W12/><G48/><T86/><D30/><U126/><E4/><V26/><F42/><W135/><G135/><T71/><D71/><U16/><E15/><V11/><F0/><W105/><G105/><T72/><D72/><U43/><E43/><V103/><F103/><W47/><G47/><T25/><D99/><U95/><E126/><V31/><REACH who="2" step="1"/><F81/><REACH who="2" ten="266,245,202,277" step="2"/><W83/><G82/><N who="0" m="47431" /><D106/><U109/><E109/><V61/><F61/><W45/><G62/><T128/><D128/><U68/><E107/><V14/><F14/><W2/><G2/><T134/><D134/><U56/><E68/><V21/><F21/><W118/><G12/><T85/><D85/><AGARI ba="0,1" hai="16,17,37,40,44,56,63,64,85,88,94,95,97,102" machi="85" ten="30,3900,0" yaku="7,1,54,2" doraHai="35" who="1" fromWho="0" sc="266,-39,245,49,202,0,277,0" /><INIT seed="5,0,0,2,0,121" ten="227,294,202,277" oya="1" hai0="56,4,104,5,28,52,41,22,37,31,42,98,55" hai1="7,107,14,134,2,33,67,46,127,73,129,115,69" hai2="81,25,89,112,77,57,60,17,70,68,109,132,34" hai3="91,74,11,47,58,43,101,38,100,51,110,99,124"/><U76/><RYUUKYOKU type="yao9" ba="0,0" sc="227,0,294,0,202,0,277,0" hai1="2,7,14,33,46,67,69,73,76,107,115,127,129,134" /><INIT seed="5,1,0,5,0,103" ten="227,294,202,277" oya="1" hai0="110,118,74,113,122,12,50,3,13,44,100,54,123" hai1="92,134,101,10,75,95,94,49,9,19,129,90,111" hai2="17,55,132,89,96,133,23,108,7,29,117,83,87" hai3="125,32,51,126,28,79,16,119,25,128,18,85,46"/><U42/><E75/><V0/><F108/><W65/><G128/><T88/><D110/><U1/><E111/><V53/><F117/><W41/><G119/><T67/><D118/><U98/><E129/><V60/><F29/><W57/><G79/><T35/><D3/><U80/><E134/><N who="2" m="51819" /><F0/><W72/><G72/><T127/><D113/><U26/><E1/><V82/><F7/><W56/><G85/><T84/><D74/><U38/><E38/><V130/><F130/><W116/><G116/><T69/><D127/><N who="3" m="48649" /><G65/><T34/><D100/><U2/><E2/><V102/><F60/><W61/><G61/><N who="0" m="40175" /><D34/><U104/><E90/><V39/><F39/><W8/><G8/><T31/><D31/><U115/><E10/><V77/><F83/><W109/><G109/><T30/><D30/><U27/><E80/><V6/><F6/><W37/><G37/><T66/><D66/><U106/><E9/><V131/><F77/><W58/><AGARI ba="1,0" hai="16,18,25,28,32,41,46,51,56,57,58" m="48649" machi="58" ten="30,2000,0" yaku="18,1,54,1" doraHai="103" who="3" fromWho="3" sc="227,-6,294,-11,202,-6,277,23" owari="221,-18.0,283,8.0,196,-30.0,300,40.0" /></mjloggm>