<mjloggm ver="2.3"><GO type="225" lobby="0"/><UN n0="%E3%82%AC%E3%83%9F%E3%82%B4%E3%83%B3" n1="%E9%88%B4%E4%BE%8D" n2="%E3%83%90%E3%82%B9%E3%82%BF%E3%83%BC%E5%90%9B" n3="%E3%83%88%E3%83%88%E3%83%AA%E5%85%88%E7%94%9F%31%39%E6%AD%B3" dan="16,17,16,17" rate="2183.48,2161.97,2148.31,2240.58" sx="M,M,M,F"/><TAIKYOKU oya="0"/><INIT seed="0,0,0,4,1,36" ten="250,250,250,250" oya="0" hai0="95,44,130,63,37,91,46,21,106,90,55,24,92" hai1="112,122,114,96,18,81,71,103,26,116,65,121,25" hai2="16,34,14,4,77,82,35,131,98,80,1,68,8" hai3="59,62,118,39,41,33,60,20,135,83,93,47,7"/><T117/><D106/><U125/><E71/><V48/><F68/><W87/><G118/><T58/><D117/><U99/><E116/><V61/><F131/><W32/><G135/><T73/><D73/><U42/><E65/><V115/><F115/><W43/><G62/><T78/><D78/><U134/><E134/><V124/><F124/><W10/><G93/><T84/><D37/><U12/><E125/><V133/><F133/><W13/><G20/><T111/><D111/><U50/><E81/><V107/><F61/><W9/><G9/><T22/><D130/><U127/><E127/><V101/><F48/><W6/><G41/><T97/><REACH who="0" step="1"/><D22/><REACH who="0" ten="240,250,250,250" step="2"/><U119/><E119/><V54/><F77/><W53/><G6/><T17/><AGARI ba="0,1" hai="17,21,24,44,46,55,58,63,84,90,91,92,95,97" machi="17" ten="20,24000,3" yaku="1,1,2,1,0,1,7,1,25,2,8,1,53,2" doraHai="36" doraHaiUra="86" who="0" fromWho="0" sc="240,250,250,-80,250,-80,250,-80" /><INIT seed="0,1,0,3,1,91" ten="490,170,170,170" oya="0" hai0="120,63,73,89,133,53,45,54,36,110,58,56,32" hai1="119,126,90,21,3,86,109,129,118,103,132,64,48" hai2="77,18,13,85,108,25,30,33,113,87,127,46,93" hai3="111,55,94,112,7,15,31,115,97,28,49,100,2"/><T84/><D73/><U8/><E64/><V34/><F113/><W0/><G111/><T39/><D32/><U106/><E3/><V96/><F108/><W130/><G130/><T68/><D120/><U83/><E8/><V22/><F127/><W131/><G131/><T41/><D133/><U134/><E109/><V59/><F46/><W79/><G2/><T123/><D123/><U78/><E129/><V95/><F59/><W23/><G0/><T82/><D110/><U67/><E67/><V40/><F40/><W121/><G121/><T114/><D68/><U1/><E1/><V102/><F77/><W117/><G117/><T38/><D114/><U88/><E48/><AGARI ba="1,0" hai="36,38,39,41,45,48,53,54,56,58,63,82,84,89" machi="48" ten="30,1500,0" yaku="7,1" doraHai="91" who="0" fromWho="1" sc="490,18,170,-18,170,0,170,0" /><INIT seed="0,2,0,5,0,105" ten="508,152,170,170" oya="0" hai0="78,43,18,9,4,49,132,26,83,31,94,126,118" hai1="53,47,129,97,20,54,81,113,44,74,35,22,16" hai2="131,7,130,128,66,122,102,115,24,61,112,8,2" hai3="55,95,17,110,93,123,12,28,56,3,98,36,127"/><T72/><D118/><U38/><E35/><V1/><F122/><W90/><G3/><T101/><D18/><U50/><E129/><V107/><F2/><W14/><G36/><T48/><D43/><U125/><E125/><V87/><F87/><W45/><G123/><T60/><D60/><U21/><E113/><V92/><F92/><W76/><G110/><T62/><D62/><U58/><E97/><N who="2" m="61903" /><F24/><W11/><G127/><T13/><D132/><U59/><E74/><V33/><F33/><W65/><G28/><T0/><D0/><U71/><E71/><AGARI ba="2,0" hai="1,7,8,61,66,71,112,115,128,130,131" m="61903" machi="71" ten="30,2000,0" yaku="19,1,23,1" doraHai="105" who="2" fromWho="1" sc="508,0,152,-26,170,26,170,0" /><INIT seed="1,0,0,3,4,37" ten="508,126,196,170" oya="1" hai0="123,104,68,118,13,109,43,65,129,25,49,131,80" hai1="40,21,44,27,42,29,14,45,17,134,24,53,28" hai2="5,107,19,33,106,108,57,103,94,81,79,98,51" hai3="99,105,26,74,8,76,71,102,78,6,75,39,15"/><U50/><E134/><V4/><F33/><W61/><G39/><T69/><D104/><U119/><E119/><V22/><F108/><W64/><REACH who="3" step="1"/><G26/><REACH who="3" ten="508,126,196,160" step="2"/><N who="1" m="9770" /><E44/><V67/><F106/><W35/><G35/><T59/><D25/><U70/><E70/><V97/><F107/><W32/><G32/><T133/><D69/><U38/><E38/><V110/><F110/><W52/><G52/><T132/><D68/><U111/><E111/><V114/><F67/><W20/><G20/><T125/><D109/><U121/><E121/><V135/><F22/><W83/><G83/><T122/><D123/><U91/><E91/><V31/><F81/><W96/><G96/><T77/><D122/><U73/><E73/><AGARI ba="0,1" hai="6,8,15,61,64,71,73,74,75,76,78,99,102,105" machi="73" ten="40,2600,0" yaku="1,1,53,1" doraHai="37" doraHaiUra="66" who="3" fromWho="1" sc="508,0,126,-26,196,0,160,36" /><INIT seed="2,0,0,2,3,111" ten="508,100,196,196" oya="2" hai0="49,108,95,3,115,48,26,72,87,20,4,101,47" hai1="33,55,69,83,109,38,59,96,53,21,73,41,32" hai2="131,81,86,34,118,8,29,2,10,45,60,110,74" hai3="31,97,93,68,50,56,42,106,132,119,7,70,112"/><V65/><F118/><W64/><G119/><T105/><D115/><U80/><E69/><V39/><F131/><W133/><G106/><T99/><D72/><U77/><E109/><V63/><F110/><W66/><G112/><T84/><D49/><U25/><E38/><V37/><F74/><W27/><G7/><T19/><D105/><U1/><E1/><V35/><F63/><N who="3" m="37991" /><G66/><T114/><D114/><U61/><E41/><V15/><F2/><W78/><G78/><T135/><D135/><N who="3" m="51785" /><G50/><T88/><D101/><U130/><E130/><V46/><F39/><W94/><G42/><T82/><D82/><U12/><E83/><V22/><F8/><W40/><G40/><T134/><D134/><U98/><E53/><V116/><F116/><W18/><G18/><T71/><D71/><N who="3" m="27177" /><G97/><T36/><D95/><U104/><E104/><V30/><F37/><W14/><G14/><T90/><D90/><U75/><E75/><V52/><F45/><W76/><G76/><T79/><D79/><U124/><E12/><V103/><F65/><W67/><G67/><T0/><D0/><U44/><E44/><V28/><F22/><AGARI ba="0,0" hai="22,27,31,93,94" m="27177,51785,37991" machi="22" ten="30,1000,0" yaku="20,1" doraHai="111" who="3" fromWho="2" sc="508,0,100,0,196,-10,196,10" /><INIT seed="3,0,0,2,4,115" ten="508,100,186,206" oya="3" hai0="6,99,68,77,64,120,60,73,47,101,93,98,41" hai1="27,125,67,61,94,35,85,104,72,4,65,44,135" hai2="106,102,12,59,92,74,17,83,46,130,7,81,112" hai3="10,51,8,55,29,23,18,71,56,66,119,117,53"/><W57/><G29/><T90/><D120/><U9/><E125/><V34/><F34/><W38/><G38/><T48/><D6/><U69/><E135/><V21/><F106/><W0/><G66/><T33/><D33/><U19/><E72/><V114/><F130/><W121/><G71/><T95/><D73/><U31/><E67/><V107/><F107/><W14/><G121/><T37/><D77/><U116/><E19/><V89/><F102/><W50/><G0/><T5/><D5/><U133/><E133/><V36/><F74/><W30/><G30/><T3/><D3/><U39/><E85/><V24/><F59/><W87/><G87/><T1/><D1/><U28/><E28/><V127/><F127/><W25/><G25/><T82/><D82/><U84/><E84/><V113/><F7/><W96/><G96/><T100/><D90/><U13/><E94/><V111/><F111/><W123/><G123/><T52/><D52/><U58/><E58/><V43/><REACH who="2" step="1"/><F24/><REACH who="2" ten="508,100,176,206" step="2"/><W70/><G70/><T128/><D128/><U108/><E108/><V118/><F118/><AGARI ba="0,1" hai="8,10,14,18,23,50,51,53,55,56,57,117,118,119" machi="118" ten="40,12000,1" yaku="9,1,52,3" doraHai="115" who="3" fromWho="2" sc="508,0,100,0,176,-120,206,130" /><INIT seed="3,1,0,0,1,83" ten="508,100,56,336" oya="3" hai0="90,100,23,67,29,57,98,45,22,112,96,43,39" hai1="65,104,133,36,49,0,7,51,86,61,88,95,40" hai2="52,123,127,118,38,94,53,69,3,116,16,34,111" hai3="15,117,17,122,103,64,31,12,71,30,33,4,11"/><W124/><G117/><T26/><D112/><U85/><E104/><V75/><RYUUKYOKU type="yao9" ba="1,0" sc="508,0,100,0,56,0,336,0" hai2="3,16,34,38,52,53,69,75,94,111,116,118,123,127" /><INIT seed="3,2,0,2,3,124" ten="508,100,56,336" oya="3" hai0="88,83,17,108,115,130,117,100,52,112,98,9,35" hai1="80,94,43,76,54,0,135,120,13,38,70,58,41" hai2="61,69,118,29,99,84,102,134,73,65,127,66,64" hai3="12,110,45,37,75,14,129,53,36,79,31,93,95"/><W32/><G110/><T2/><D130/><U51/><E120/><V106/><F73/><W128/><G31/><T85/><D117/><U18/><E0/><V10/><F118/><W67/><G32/><T119/><D119/><U68/><E135/><V107/><F134/><W109/><G109/><T78/><D35/><U50/><E38/><V22/><F127/><W123/><G123/><T59/><D108/><U104/><E104/><V74/><F74/><W114/><G114/><T89/><D17/><U3/><E3/><V39/><F39/><N who="3" m="14923" /><G67/><T125/><D125/><U62/><E70/><V7/><F107/><W20/><G75/><T48/><D9/><N who="1" m="6447" /><E68/><V81/><F22/><W121/><G79/><T4/><D4/><U6/><E6/><V28/><F28/><W30/><G121/><T116/><D2/><U87/><E94/><N who="3" m="35850" /><G20/><T23/><D116/><U72/><E72/><V21/><F21/><W90/><G90/><T57/><D112/><U33/><E33/><V111/><F29/><W46/><G30/><T82/><D115/><U42/><AGARI ba="2,0" hai="41,42,43,50,51,54,58,62,76,80,87" m="6447" machi="42" ten="30,1100,0" yaku="8,1" doraHai="124" who="1" fromWho="1" sc="508,-5,100,17,56,-5,336,-7" owari="503,60.0,117,-28.0,51,-45.0,329,13.0" /></mjloggm>