<mjloggm ver="2.3"><GO type="169" lobby="0"/><UN n0="%E3%82%A6%E3%83%AB%E3%83%88%E3%83%A9%E7%AB%8B%E7%9B%B4" n1="%E3%82%81%E3%81%8C%EF%BC%93" n2="%56%4F%4E%41%50%41%4C%54" n3="%CE%BC%E3%81%97%E3%82%82%E3%81%A7" dan="17,16,17,16" rate="2138.56,2081.18,2174.29,2130.49" sx="M,M,M,M"/><TAIKYOKU oya="0"/><INIT seed="0,0,0,5,3,87" ten="250,250,250,250" oya="0" hai0="107,22,129,97,49,72,79,38,7,4,21,77,128" hai1="134,32,64,95,36,65,123,116,74,76,17,11,133" hai2="93,9,60,82,16,91,100,55,113,84,56,0,13" hai3="1,86,57,19,83,110,104,62,29,66,108,8,26"/><T67/><D38/><U89/><E123/><V101/><F113/><W68/><G104/><T71/><D67/><U103/><E36/><V105/><F0/><W20/><G68/><T111/><D71/><U114/><E116/><V122/><F122/><W120/><G120/><T24/><D49/><U35/><E103/><V112/><F112/><W90/><REACH who="3" step="1"/><G19/><REACH who="3" ten="250,250,250,240" step="2"/><T50/><D107/><U12/><E114/><V102/><REACH who="2" step="1"/><F105/><REACH who="2" ten="250,250,240,240" step="2"/><W5/><AGARI ba="0,2" hai="1,5,8,20,26,29,57,62,66,83,86,90,108,110" machi="5" ten="30,7900,0" yaku="1,1,2,1,0,1,52,1,53,0" doraHai="87" doraHaiUra="131" who="3" fromWho="3" sc="250,-39,250,-20,240,-20,240,99" /><INIT seed="1,0,0,0,0,115" ten="211,230,220,339" oya="1" hai0="39,29,125,81,122,45,5,50,3,51,70,129,25" hai1="9,22,27,103,35,69,63,77,21,93,116,4,79" hai2="92,47,15,24,6,30,72,18,57,121,119,32,107" hai3="108,82,65,33,56,88,12,26,53,67,117,58,80"/><U114/><E114/><V89/><F107/><W68/><G108/><T43/><D125/><U78/><E35/><V71/><F71/><W13/><G68/><T90/><D129/><U66/><E116/><V1/><F121/><W75/><G75/><T20/><D70/><U55/><E55/><V130/><F72/><W44/><G44/><T86/><REACH who="0" step="1"/><D122/><REACH who="0" ten="201,230,220,339" step="2"/><U131/><E131/><V105/><F130/><W49/><G33/><T99/><D99/><U111/><E111/><V2/><F119/><W23/><G117/><T61/><D61/><U38/><E38/><V110/><F110/><W91/><G80/><T104/><D104/><U48/><E48/><V62/><F105/><W98/><G98/><T113/><D113/><U112/><E112/><V11/><F47/><W34/><G34/><T97/><D97/><U87/><E103/><V0/><F62/><W126/><G126/><T64/><D64/><U106/><E106/><V134/><F134/><W46/><G65/><T28/><D28/><U101/><E101/><V73/><F57/><N who="3" m="22123" /><G67/><T37/><D37/><U84/><E63/><V74/><F32/><W124/><G124/><T36/><D36/><U10/><E66/><V60/><F60/><W123/><G123/><T118/><D118/><U135/><E135/><V7/><F30/><N who="3" m="17759" /><G82/><T8/><AGARI ba="0,1" hai="3,5,8,20,25,29,39,43,45,50,51,81,86,90" machi="8" ten="30,2000,0" yaku="1,1,0,1,53,0" doraHai="115" doraHaiUra="127" who="0" fromWho="0" sc="201,30,230,-10,220,-5,339,-5" /><INIT seed="2,0,0,3,0,39" ten="231,220,215,334" oya="2" hai0="4,53,75,104,17,5,113,8,55,9,92,40,125" hai1="47,68,77,81,23,46,59,72,95,67,126,134,129" hai2="25,94,27,115,100,56,2,13,117,3,11,64,6" hai3="97,86,109,123,0,36,114,37,112,84,119,124,102"/><V16/><F117/><W130/><G0/><T110/><D104/><U45/><E134/><V101/><F115/><W7/><G7/><T65/><D75/><U60/><E129/><V61/><F3/><W44/><G130/><T76/><D76/><U99/><E126/><V50/><F50/><W49/><G119/><T30/><D30/><U14/><E14/><V107/><F107/><W1/><G1/><T20/><D65/><U69/><REACH who="1" step="1"/><E23/><REACH who="1" ten="231,210,215,334" step="2"/><V42/><F2/><W120/><G124/><T83/><D20/><U10/><E10/><V66/><F27/><W79/><G109/><T87/><D125/><U127/><E127/><V131/><F25/><W51/><G114/><T71/><D113/><U12/><E12/><V33/><F33/><W73/><G112/><T19/><D8/><U116/><E116/><V18/><F131/><W62/><G123/><T32/><D9/><U133/><E133/><V91/><F13/><W63/><G120/><T98/><D32/><U58/><E58/><V48/><F11/><W88/><G73/><T29/><D110/><U24/><E24/><V28/><F6/><W128/><G128/><T70/><D4/><U74/><E74/><V54/><F28/><W132/><G132/><T80/><D5/><U122/><E122/><V35/><F35/><W31/><G31/><T103/><D29/><U111/><E111/><V118/><F118/><W38/><G44/><T21/><D19/><U43/><E43/><V135/><F135/><W106/><G106/><N who="0" m="63863" /><D40/><U15/><E15/><V52/><F42/><W82/><G82/><T105/><D83/><RYUUKYOKU ba="0,1" sc="231,-10,210,30,215,-10,334,-10" hai1="45,46,47,59,60,67,68,69,72,77,81,95,99" /><INIT seed="3,1,1,5,1,24" ten="221,240,205,324" oya="3" hai0="126,0,37,106,38,11,96,62,28,59,74,78,135" hai1="81,90,72,71,105,32,84,26,112,103,125,45,79" hai2="41,101,123,34,29,64,95,130,19,99,31,23,77" hai3="48,82,69,53,4,89,55,128,107,42,20,73,14"/><W127/><G127/><T91/><D78/><U70/><E112/><V3/><F3/><W117/><G117/><T27/><D74/><U104/><E45/><V119/><F119/><W83/><G128/><T35/><D126/><U67/><E125/><V129/><F123/><W110/><G110/><T60/><D135/><U65/><E65/><V109/><F109/><W115/><G115/><T49/><D49/><U124/><E124/><V92/><F34/><W16/><G107/><T102/><D62/><U8/><E8/><V97/><F77/><W43/><G69/><T114/><D114/><U116/><E116/><V75/><F75/><W63/><G73/><T39/><D91/><U120/><E120/><V66/><F41/><W54/><G63/><T76/><D76/><U7/><E7/><V122/><F122/><W46/><G43/><T57/><REACH who="0" step="1"/><D60/><REACH who="0" ten="211,240,205,324" step="2"/><U131/><E79/><V30/><F129/><W80/><REACH who="3" step="1"/><G4/><AGARI ba="1,2" hai="0,4,11,27,28,35,37,38,39,57,59,96,102,106" machi="4" ten="40,5200,0" yaku="1,1,2,1,52,1,53,0" doraHai="24" doraHaiUra="44" who="0" fromWho="3" sc="211,75,240,0,205,0,324,-55" /><INIT seed="4,0,0,3,3,81" ten="286,240,205,269" oya="0" hai0="126,53,6,113,21,64,36,91,92,125,74,94,5" hai1="123,19,129,97,131,79,8,66,84,100,116,32,120" hai2="13,2,102,90,70,89,25,86,112,121,128,135,27" hai3="118,133,35,20,38,72,3,134,108,60,101,24,42"/><T52/><D36/><U69/><E32/><V124/><F2/><W127/><G60/><T93/><D74/><U96/><E116/><V61/><F121/><W59/><G59/><T10/><D64/><U76/><E66/><V55/><F102/><W51/><G101/><T80/><D21/><U88/><E69/><V26/><F124/><N who="0" m="47722" /><D113/><U23/><E8/><V37/><F37/><W15/><G51/><T45/><D45/><U1/><E1/><V41/><F41/><W12/><G42/><T9/><D80/><N who="1" m="49159" /><E19/><V99/><F128/><N who="1" m="49225" /><E23/><V4/><F70/><W68/><G72/><T77/><D9/><U117/><E117/><V130/><F130/><W58/><G68/><T78/><D10/><U105/><E97/><V46/><F99/><W119/><G38/><T43/><D5/><U31/><E31/><V87/><F4/><W98/><G3/><T28/><D28/><U48/><E48/><V33/><F33/><W44/><G35/><T56/><D6/><U49/><E49/><V54/><F61/><W75/><G127/><T18/><D18/><U106/><E106/><V7/><F7/><W40/><G44/><T29/><D29/><U16/><E16/><V111/><F46/><W104/><G104/><T82/><D43/><U14/><E14/><V132/><F13/><W122/><G12/><T17/><D17/><U22/><E22/><V63/><F27/><W67/><G118/><T107/><D107/><U83/><E83/><V103/><F63/><W50/><G119/><T95/><N who="0" m="23552" /><DORA hai="110" /><T39/><D39/><U114/><E114/><V109/><F112/><RYUUKYOKU ba="0,0" sc="286,-15,240,15,205,15,269,-15" hai1="76,79,96,100,105,120,123" hai2="25,26,54,55,86,87,89,90,103,109,111,132,135" /><INIT seed="5,1,0,4,1,21" ten="271,255,220,254" oya="1" hai0="113,19,70,117,49,87,133,67,4,66,104,116,38" hai1="25,134,32,99,52,63,92,12,7,105,65,37,89" hai2="108,31,110,27,46,43,90,126,0,86,130,132,16" hai3="61,23,94,39,36,42,115,107,59,6,79,18,91"/><U114/><E114/><V40/><F0/><W71/><G115/><T135/><D104/><U119/><E119/><V83/><F132/><W60/><G107/><T51/><D4/><U11/><E37/><V74/><F130/><W111/><G111/><T56/><D87/><U127/><E134/><V33/><F126/><W129/><G129/><T41/><D19/><U76/><E127/><V121/><F121/><W24/><G42/><T55/><D113/><U98/><E76/><V103/><F103/><W75/><G6/><T50/><D50/><U69/><E52/><V84/><F74/><W48/><G48/><T73/><D73/><U131/><E131/><V26/><F84/><W96/><G71/><T14/><D14/><U30/><REACH who="1" step="1"/><E105/><REACH who="1" ten="271,245,220,254" step="2"/><V72/><F72/><W15/><G61/><N who="0" m="40271" /><D38/><U77/><E77/><V8/><F40/><W95/><G79/><T3/><D41/><U20/><E20/><V93/><F108/><W80/><G75/><T128/><D128/><U97/><AGARI ba="1,1" hai="7,11,12,25,30,32,63,65,69,89,92,97,98,99" machi="97" ten="20,7800,0" yaku="1,1,0,1,7,1,52,1,53,0" doraHai="21" doraHaiUra="45" who="1" fromWho="1" sc="271,-27,245,91,220,-27,254,-27" /><INIT seed="5,2,0,0,2,29" ten="244,336,193,227" oya="1" hai0="115,12,30,109,98,61,110,9,43,108,73,120,47" hai1="111,13,63,103,21,90,64,135,5,102,70,86,118" hai2="17,6,112,54,48,53,75,91,134,1,107,32,81" hai3="131,100,85,65,104,37,99,55,15,14,0,105,83"/><U68/><E118/><V31/><F107/><W36/><G131/><T123/><D73/><U78/><E135/><V72/><F134/><W25/><G0/><T79/><D79/><U129/><E78/><V128/><F128/><W74/><G105/><T24/><D98/><U34/><E68/><V71/><F71/><W22/><G65/><T49/><D61/><U41/><E41/><V39/><F39/><W94/><G36/><T20/><D115/><U89/><E89/><V56/><F1/><W28/><G37/><T57/><D57/><U93/><E129/><V60/><F6/><W88/><G55/><T126/><D126/><U51/><E51/><V8/><F112/><W46/><G46/><T97/><D97/><U66/><E66/><V84/><F32/><W4/><G4/><T69/><D69/><U116/><E116/><V117/><F31/><W95/><G95/><T7/><AGARI ba="2,0" hai="7,9,12,20,24,30,43,47,49,108,109,110,120,123" machi="7" ten="40,1500,0" yaku="0,1" doraHai="29" who="0" fromWho="0" sc="244,21,336,-9,193,-6,227,-6" /><INIT seed="6,0,0,0,2,68" ten="265,327,187,221" oya="2" hai0="26,134,31,100,122,67,70,129,133,102,33,105,52" hai1="25,120,106,0,34,15,114,90,130,3,69,79,91" hai2="22,126,7,44,12,1,55,117,81,113,74,127,85" hai3="116,48,72,89,109,104,47,83,17,39,107,32,124"/><V111/><F117/><W132/><G116/><T41/><D122/><U60/><E106/><V11/><F111/><W29/><G109/><T36/><D52/><U96/><E79/><N who="2" m="46271" /><F74/><W103/><G124/><N who="2" m="47657" /><F113/><W125/><G125/><T59/><D59/><U23/><E114/><V135/><F135/><N who="0" m="51722" /><D129/><U21/><E130/><V19/><F55/><W128/><G128/><T54/><D54/><U53/><E53/><V86/><F86/><W24/><G132/><T75/><D75/><U61/><E60/><V28/><F28/><W42/><G103/><T8/><D8/><U2/><E61/><V110/><F110/><W49/><G17/><T95/><D95/><U73/><E73/><V131/><F131/><W30/><G30/><T50/><D50/><U58/><E58/><V45/><AGARI ba="0,0" hai="1,7,11,12,19,22,44,45" m="47657,46271" machi="45" ten="30,1500,0" yaku="18,1" doraHai="68" who="2" fromWho="2" sc="265,-5,327,-5,187,15,221,-5" /><INIT seed="6,1,0,2,2,80" ten="260,322,202,216" oya="2" hai0="120,57,92,129,84,68,66,9,87,41,115,131,63" hai1="97,93,72,39,22,26,23,61,100,56,111,121,79" hai2="21,83,102,123,106,86,30,24,73,37,64,82,40" hai3="51,0,62,98,59,88,71,126,11,104,114,32,128"/><V42/><F123/><W34/><G114/><T132/><D120/><U54/><E111/><V103/><F106/><W108/><G108/><T94/><D9/><U96/><E39/><V81/><F73/><W113/><G113/><T135/><D41/><N who="2" m="15978" /><F37/><W38/><G38/><T48/><D115/><U28/><E121/><V52/><F64/><W2/><G128/><N who="0" m="49227" /><D48/><U1/><E1/><V101/><F52/><W125/><G51/><T105/><D105/><U130/><E130/><V15/><F15/><W78/><G78/><AGARI ba="1,0" hai="21,24,30,78,81,82,83,86,101,102,103" m="15978" machi="78" ten="30,2900,0" yaku="8,1,52,1" doraHai="80" who="2" fromWho="3" sc="260,0,322,0,202,32,216,-32" /><INIT seed="6,2,0,3,1,101" ten="260,322,234,184" oya="2" hai0="92,128,6,129,76,26,119,104,33,68,18,110,117" hai1="45,20,55,44,111,89,113,108,11,73,64,70,88" hai2="48,120,7,9,74,61,107,72,105,96,83,16,27" hai3="56,95,21,67,112,1,31,132,116,36,126,37,93"/><V78/><F74/><W66/><G1/><T34/><D68/><U39/><E73/><V0/><F120/><W57/><G116/><N who="0" m="44619" /><D76/><U82/><E113/><V23/><F48/><W103/><G112/><T127/><D104/><U123/><E123/><V98/><REACH who="2" step="1"/><F61/><REACH who="2" ten="260,322,224,184" step="2"/><W25/><G132/><T46/><D110/><U86/><E108/><V75/><F75/><W77/><G126/><T125/><D127/><U90/><E111/><V114/><F114/><W118/><G118/><T121/><D125/><U13/><E39/><V62/><F62/><W29/><G37/><T38/><D121/><U50/><E50/><V71/><F71/><W4/><G36/><T54/><D38/><U91/><E70/><V87/><F87/><W122/><G122/><T19/><D129/><U130/><E130/><V3/><F3/><W14/><G67/><T79/><D128/><U53/><E64/><V80/><F80/><W131/><G66/><T40/><D40/><U8/><E82/><V10/><F10/><W115/><G131/><T63/><D63/><U100/><E8/><V28/><F28/><W15/><G31/><T69/><D69/><U135/><E11/><V58/><F58/><W60/><G56/><T22/><D54/><U85/><E55/><V134/><F134/><W47/><G115/><T49/><D49/><U2/><E135/><V17/><F17/><W43/><G43/><T35/><D19/><N who="1" m="10351" /><E2/><V59/><F59/><W30/><G57/><T81/><D18/><U102/><E53/><V51/><F51/><W32/><G60/><T106/><D81/><N who="1" m="49199" /><E86/><V99/><AGARI ba="2,1" hai="0,7,9,16,23,27,72,78,83,96,98,99,105,107" machi="99" ten="30,18000,2" yaku="1,1,5,1,0,1,52,2,54,1,53,0" doraHai="101" doraHaiUra="133" who="2" fromWho="2" sc="260,-62,322,-62,224,196,184,-62" /><INIT seed="6,3,0,0,1,96" ten="198,260,420,122" oya="2" hai0="6,72,132,30,69,115,15,116,109,110,10,120,9" hai1="2,59,27,79,98,12,66,87,32,26,123,7,121" hai2="13,5,103,70,130,46,76,63,57,75,122,39,1" hai3="111,34,35,51,102,73,91,44,131,19,118,68,47"/><V17/><F122/><N who="1" m="46601" /><E2/><V125/><F70/><W0/><G0/><T61/><D61/><N who="1" m="38207" /><E32/><V65/><F130/><W50/><G68/><T133/><D69/><U78/><E98/><V48/><F39/><W62/><G73/><T8/><D72/><U97/><E97/><V67/><F125/><W106/><G118/><T41/><D41/><U37/><E37/><V14/><F1/><W4/><G4/><T128/><D120/><U77/><E87/><V99/><F75/><W36/><G36/><T95/><D95/><U28/><E28/><V104/><F76/><W60/><G106/><T119/><D128/><U105/><E105/><V112/><F112/><W82/><G82/><T11/><D30/><U22/><E7/><V100/><F100/><W129/><G102/><T126/><D126/><U49/><E49/><V29/><F29/><W85/><G85/><T94/><D94/><U53/><E53/><V114/><F114/><W92/><G92/><T20/><D20/><U107/><E107/><V56/><F104/><W54/><G91/><T86/><D86/><U43/><E77/><V55/><F5/><W83/><G83/><T18/><D115/><U71/><E78/><V31/><F99/><W23/><G54/><T113/><D113/><U21/><E79/><V93/><F55/><W135/><G23/><T80/><D80/><U16/><E22/><V88/><F65/><W52/><G52/><T64/><D64/><U90/><E71/><V3/><F67/><W40/><G40/><T101/><D6/><U33/><E43/><V81/><F3/><W108/><G19/><RYUUKYOKU ba="3,0" sc="198,-10,260,-10,420,-10,122,30" hai3="34,35,44,47,50,51,60,62,108,111,129,131,135" /><INIT seed="7,4,0,2,1,46" ten="188,250,410,152" oya="3" hai0="95,79,20,33,127,104,61,54,133,1,47,22,92" hai1="64,44,51,121,25,7,15,94,85,131,122,82,38" hai2="81,18,58,114,90,5,11,102,52,10,73,106,59" hai3="113,23,12,42,65,116,4,37,29,74,87,128,48"/><W63/><G116/><T93/><D33/><U130/><E38/><V69/><F69/><W40/><G74/><T8/><D104/><U119/><E119/><V26/><F106/><W83/><G37/><T91/><D79/><N who="1" m="46303" /><E25/><V109/><F102/><W60/><G128/><N who="1" m="49194" /><E94/><N who="0" m="36457" /><D91/><U107/><E64/><V21/><F114/><W72/><G72/><T76/><D61/><U89/><E89/><V125/><F90/><W103/><G103/><T13/><D47/><U126/><E126/><V41/><F125/><W86/><G113/><T56/><D22/><U24/><E24/><V77/><F41/><W111/><G111/><T129/><D54/><N who="1" m="30055" /><E107/><V132/><F132/><W27/><G40/><T123/><D133/><U78/><E78/><V17/><F17/><W99/><G99/><T71/><D76/><U45/><E45/><V6/><F109/><W50/><G42/><T3/><D127/><U101/><E101/><V36/><F36/><W57/><G60/><T135/><D135/><U66/><E66/><V9/><F59/><W117/><G117/><T105/><D56/><U120/><E120/><V118/><F118/><W32/><G87/><T0/><D123/><U14/><E14/><V115/><F115/><W62/><G62/><T98/><D13/><U96/><E96/><V75/><F75/><W30/><G30/><T97/><D98/><U68/><E68/><V70/><F70/><W16/><G4/><N who="0" m="1031" /><D71/><U124/><E124/><V100/><F100/><W39/><G39/><T31/><D129/><U88/><E121/><V110/><F110/><W112/><G112/><T35/><D105/><RYUUKYOKU ba="4,0" sc="188,-15,250,-15,410,15,152,15" hai2="5,6,9,10,11,18,21,26,52,58,73,77,81" hai3="12,16,23,27,29,32,48,50,57,63,65,83,86" /><INIT seed="7,5,0,2,4,36" ten="173,235,425,167" oya="3" hai0="75,103,11,71,89,68,73,55,100,52,117,92,88" hai1="101,5,86,50,121,76,66,60,33,10,102,130,19" hai2="45,84,122,27,110,104,109,69,134,120,113,111,131" hai3="133,119,24,96,22,95,127,90,41,25,112,23,15"/><W79/><G119/><T3/><D11/><U30/><E121/><N who="2" m="46699" /><F69/><W44/><G133/><T83/><D92/><U126/><E50/><V12/><F104/><W105/><G127/><T106/><D83/><U91/><E19/><V2/><F2/><W6/><G112/><T16/><D16/><U43/><E76/><V58/><F113/><W123/><G123/><T65/><D65/><U28/><E66/><V82/><F45/><W67/><G105/><T94/><D94/><U35/><E86/><V61/><F27/><N who="3" m="10315" /><G67/><T80/><D106/><U54/><E33/><V40/><F131/><W115/><G115/><T63/><D3/><U118/><E30/><V62/><F12/><W72/><G72/><T74/><D75/><U0/><E60/><N who="2" m="23147" /><F58/><W107/><G79/><T32/><D68/><U78/><E130/><V18/><F18/><W77/><G107/><T93/><D71/><U64/><E78/><N who="2" m="46167" /><F134/><W128/><G77/><T4/><D74/><U99/><E126/><V81/><F81/><W37/><G128/><T39/><D80/><U46/><E91/><V56/><F56/><W129/><G129/><T114/><D89/><U14/><E64/><V20/><F20/><W48/><G37/><T59/><D39/><U57/><E118/><V124/><F124/><W47/><G47/><T132/><D73/><U31/><E35/><V116/><F116/><W26/><G26/><T70/><D132/><U38/><E38/><V125/><F125/><W49/><G49/><T21/><D117/><U7/><E46/><V29/><F29/><W97/><G97/><N who="0" m="57511" /><D114/><U53/><E31/><RYUUKYOKU ba="5,0" sc="173,-15,235,-15,425,15,167,15" hai2="40,109,110,111" hai3="6,15,22,23,41,44,48,90,95,96" /><INIT seed="7,6,0,3,4,117" ten="158,220,440,182" oya="3" hai0="134,25,66,47,95,14,106,118,108,37,2,81,48" hai1="132,39,82,67,85,129,84,97,68,55,27,75,100" hai2="115,83,103,76,104,114,21,111,36,56,88,94,43" hai3="17,65,61,107,120,38,4,41,9,59,45,90,15"/><W12/><G107/><T40/><D106/><U93/><E39/><V18/><F111/><W71/><G90/><T10/><D108/><U29/><E132/><V51/><F36/><W126/><G126/><T5/><D118/><U102/><E129/><V28/><F28/><W69/><REACH who="3" step="1"/><G120/><REACH who="3" ten="158,220,440,172" step="2"/><T119/><D119/><U33/><E102/><V26/><F104/><W30/><G30/><T98/><D134/><U92/><E100/><V58/><F103/><W96/><G96/><T50/><D98/><U123/><E97/><V130/><F130/><W6/><G6/><T101/><D101/><U13/><E123/><V109/><F109/><W42/><G42/><T16/><D95/><U86/><E92/><V46/><F94/><W23/><AGARI ba="6,1" hai="4,9,12,15,17,23,38,41,45,59,61,65,69,71" machi="23" ten="20,3900,0" yaku="1,1,0,1,7,1,53,0" doraHai="117" doraHaiUra="105" who="3" fromWho="3" sc="158,-19,220,-19,440,-19,172,67" /><INIT seed="7,7,0,1,0,66" ten="139,201,421,239" oya="3" hai0="10,48,112,81,16,75,106,64,62,22,58,63,65" hai1="76,131,13,24,132,53,88,113,43,109,31,44,72" hai2="42,6,115,55,114,116,19,1,47,32,20,45,0" hai3="8,51,18,74,104,129,57,121,82,85,117,38,99"/><W105/><G121/><T119/><D106/><U25/><E109/><V59/><F32/><W127/><G117/><T102/><D112/><N who="2" m="43050" /><F6/><W7/><G38/><T33/><D33/><U130/><E113/><V37/><F47/><W91/><G127/><T50/><D119/><U60/><E13/><N who="2" m="9327" /><F116/><W125/><G125/><T26/><D102/><U34/><E25/><V9/><F9/><W11/><G129/><T120/><D120/><U30/><E53/><V101/><F101/><W107/><G74/><T87/><D75/><U92/><E132/><V54/><F55/><W73/><G73/><T67/><D10/><U69/><E31/><V70/><F70/><W41/><G18/><T61/><REACH who="0" step="1"/><D58/><REACH who="0" ten="129,201,421,239" step="2"/><U4/><E72/><V108/><F108/><W110/><G11/><T126/><D126/><U123/><E123/><V128/><F128/><W83/><G110/><T86/><D86/><U103/><E130/><V90/><F90/><AGARI ba="7,1" hai="16,22,26,48,50,61,62,63,64,65,67,81,87,90" machi="90" ten="40,5200,0" yaku="1,1,8,1,54,1,53,0" doraHai="66" doraHaiUra="122" who="0" fromWho="2" sc="129,83,201,0,421,-73,239,0" owari="212,-19.0,201,-30.0,348,45.0,239,4.0" /></mjloggm>