<mjloggm ver="2.3"><GO type="41" lobby="0"/><UN n0="%E5%9C%9F%E6%96%B9%E6%AD%B3%E4%B8%89" n1="%E6%9D%A5%E9%80%B1%E3%81%AE%E7%B3%B8%E4%BA%95" n2="%E3%82%8F%E3%81%B5%E3%82%8F%E3%81%B5%E3%83%BC" n3="%E5%B0%B1%E6%B4%BB%E7%94%9F%40%E5%B7%9D%E6%9D%91%E8%BB%8D%E5%9B%A3" dan="16,15,13,14" rate="1971.94,2002.78,1863.86,1968.68" sx="M,M,M,M"/><TAIKYOKU oya="0"/><INIT seed="0,0,0,5,3,11" ten="250,250,250,250" oya="0" hai0="39,16,103,69,44,23,52,124,122,65,78,56,90" hai1="116,123,47,62,106,29,68,27,18,55,87,41,99" hai2="109,53,102,130,45,34,33,49,100,120,28,113,30" hai3="38,51,48,2,66,121,43,127,108,12,40,7,15"/><T107/><D122/><U4/><E116/><V54/><F113/><W32/><G32/><T97/><D69/><U37/><E123/><V20/><F109/><W6/><G121/><T93/><D65/><U114/><E114/><V63/><F130/><W1/><G66/><T104/><D78/><U131/><E131/><V86/><F120/><W129/><G129/><T91/><D124/><U82/><E4/><N who="3" m="1578" /><G38/><T5/><D5/><U94/><E106/><V31/><F20/><W128/><G108/><T118/><D118/><U14/><E68/><V50/><F63/><W96/><G96/><T25/><D107/><U80/><E55/><V22/><F22/><W13/><G127/><T110/><D110/><U57/><E57/><V9/><F9/><W74/><G74/><T126/><D126/><U10/><E62/><V73/><F73/><W76/><G76/><T83/><D104/><U92/><E87/><V21/><F86/><W79/><G79/><T71/><D71/><U101/><REACH who="1" step="1"/><E94/><REACH who="1" ten="250,240,250,250" step="2"/><V42/><F54/><W75/><G75/><T85/><D85/><U81/><E81/><V70/><F70/><W0/><G128/><T46/><D83/><U98/><E98/><V24/><F34/><AGARI ba="0,1" hai="10,14,18,27,29,34,37,41,47,80,82,92,99,101" machi="34" ten="30,3900,0" yaku="1,1,7,1,52,1,53,0" doraHai="11" doraHaiUra="58" who="1" fromWho="2" sc="250,0,240,49,250,-39,250,0" /><INIT seed="1,0,0,4,0,115" ten="250,289,211,250" oya="1" hai0="101,120,60,118,12,49,17,125,110,62,80,71,63" hai1="89,65,75,4,95,21,34,127,99,26,43,109,3" hai2="74,83,122,56,20,114,113,117,15,128,116,85,90" hai3="30,86,9,130,0,2,98,77,132,96,106,42,103"/><U111/><E127/><V54/><F122/><W78/><G30/><T133/><D125/><U57/><E75/><V58/><F74/><W66/><G66/><T121/><D71/><U87/><E34/><V82/><F128/><W97/><G42/><T25/><D101/><U76/><E43/><V48/><F58/><W72/><G9/><T129/><D129/><U93/><E3/><V61/><F61/><W40/><G40/><T6/><D6/><U47/><E4/><V134/><F134/><W73/><G2/><T131/><D133/><U14/><E14/><V112/><F83/><N who="3" m="45487" /><G0/><T51/><D80/><U18/><E47/><V41/><F41/><W126/><G126/><T39/><D25/><U92/><E76/><V8/><F20/><W33/><G33/><T16/><D39/><U105/><E105/><V37/><F37/><W88/><G132/><T7/><D7/><AGARI ba="0,0" hai="7,8,15,48,54,56,82,85,90,112,113,114,116,117" machi="7" ten="40,5200,0" yaku="11,1,52,2" doraHai="115" who="2" fromWho="0" sc="250,-52,289,0,211,52,250,0" /><INIT seed="2,0,0,4,3,40" ten="198,289,263,250" oya="2" hai0="45,63,79,5,133,124,26,86,90,95,109,9,12" hai1="7,61,37,101,98,57,56,115,27,2,100,130,125" hai2="67,74,75,28,91,82,0,113,33,21,111,4,10" hai3="30,25,64,89,123,48,131,11,104,78,47,6,88"/><V110/><F113/><W77/><G104/><T73/><D109/><N who="2" m="41482" /><F67/><W114/><G131/><T99/><D133/><U55/><E115/><V65/><F65/><W119/><G123/><T94/><D124/><U102/><E37/><V66/><F66/><W116/><G64/><T19/><D63/><U15/><E130/><V96/><F33/><W51/><G114/><T108/><D108/><U117/><E117/><V69/><F69/><W71/><G71/><T43/><D73/><U52/><E125/><V31/><F96/><W87/><G48/><N who="0" m="26687" /><D26/><U126/><E126/><V81/><F91/><W13/><G116/><T72/><D72/><N who="2" m="27690" /><F21/><N who="3" m="15663" /><G119/><T135/><D135/><U42/><E98/><V20/><F31/><W46/><G51/><T92/><D79/><N who="3" m="30217" /><G89/><N who="0" m="55695" /><D94/><AGARI ba="0,0" hai="6,11,13,46,47,87,88,94" m="30217,15663" machi="94" ten="30,7700,0" yaku="8,1,52,2,54,1" doraHai="40" who="3" fromWho="0" sc="198,-77,289,0,263,0,250,77" /><INIT seed="3,0,0,5,4,107" ten="121,289,263,327" oya="3" hai0="93,79,90,32,64,13,111,84,44,8,116,9,27" hai1="126,65,48,24,130,18,11,125,37,83,19,122,118" hai2="109,21,35,66,132,91,41,68,77,42,33,124,92" hai3="51,46,53,86,71,2,78,55,128,85,110,25,59"/><W15/><G71/><T16/><D111/><U62/><E122/><V38/><F109/><W96/><G2/><T6/><D116/><U54/><E130/><V0/><F0/><W113/><G110/><T30/><D64/><U28/><E118/><V39/><F124/><N who="1" m="47721" /><E37/><V104/><F132/><W50/><G113/><T129/><D129/><U14/><E83/><V22/><F104/><W31/><G128/><T94/><D79/><U135/><E135/><V74/><F66/><W101/><G15/><T127/><D127/><U89/><E89/><V75/><F77/><W131/><G78/><T40/><D8/><U80/><E80/><V10/><F91/><W63/><G63/><T133/><D133/><U17/><E54/><V121/><F121/><W45/><G59/><T5/><REACH who="0" step="1"/><D93/><REACH who="0" ten="111,289,263,327" step="2"/><U58/><E11/><V114/><F10/><W70/><G131/><T103/><D103/><U81/><E81/><V49/><F92/><N who="3" m="58503" /><G70/><T112/><D112/><U106/><E106/><V34/><F68/><W7/><G7/><T57/><D57/><U72/><E58/><V120/><F114/><W23/><AGARI ba="0,1" hai="23,25,31,45,46,50,51,53,55,85,86" m="58503" machi="23" ten="30,1500,0" yaku="8,1" doraHai="107" who="3" fromWho="3" sc="111,-5,289,-5,263,-5,327,25" /><INIT seed="3,1,0,5,3,19" ten="106,284,258,352" oya="3" hai0="115,117,125,35,37,93,85,46,131,92,122,123,119" hai1="135,72,99,59,108,7,42,45,75,81,67,94,129" hai2="104,61,58,38,96,66,101,36,62,112,74,128,3" hai3="118,63,9,126,65,113,107,76,20,89,106,98,87"/><W8/><G118/><N who="0" m="45067" /><D35/><U28/><E108/><V15/><F3/><W24/><G113/><T102/><D37/><U43/><E135/><V12/><F112/><W44/><G126/><T2/><D2/><U88/><E129/><V51/><F128/><W133/><G133/><T70/><D70/><U105/><E105/><V16/><F74/><W26/><G26/><T55/><D46/><U78/><E75/><V48/><F15/><W95/><G44/><T116/><N who="0" m="45075" /><T64/><DORA hai="25" /><D55/><U132/><E132/><V17/><F17/><W97/><G107/><T111/><D64/><U30/><E7/><V82/><F82/><W23/><G106/><T110/><D131/><U124/><E124/><V120/><F120/><N who="0" m="46122" /><D125/><U22/><E22/><N who="3" m="8234" /><G24/><T5/><D5/><U1/><E1/><V79/><F38/><W54/><G65/><T34/><D34/><U127/><E127/><V33/><F36/><W0/><G0/><T68/><D68/><U73/><E45/><V53/><F33/><W40/><G40/><T91/><D115/><U31/><E43/><V52/><F66/><W50/><G63/><T114/><D114/><U41/><E42/><V83/><F62/><W47/><G76/><T69/><D69/><U49/><E41/><V100/><F61/><W11/><AGARI ba="1,0" hai="8,9,11,47,50,54,87,89,95,97,98" m="8234" machi="11" ten="30,11700,0" yaku="8,1,52,3" doraHai="19,25" who="3" fromWho="3" sc="106,-40,284,-40,258,-40,352,120" /><INIT seed="3,2,0,0,5,22" ten="66,244,218,472" oya="3" hai0="18,29,106,35,34,103,17,121,109,54,97,45,3" hai1="78,79,95,66,71,68,13,50,27,96,75,56,5" hai2="91,16,9,100,39,11,105,86,76,21,33,46,119" hai3="24,131,102,104,99,70,133,87,128,101,134,42,73"/><W126/><G70/><T4/><D121/><U6/><E75/><V19/><F33/><W32/><G42/><T108/><D35/><U69/><E27/><V129/><F119/><W14/><G14/><T117/><D117/><U135/><E135/><N who="3" m="51722" /><G32/><T1/><D34/><U90/><E66/><V116/><F129/><N who="3" m="49739" /><G24/><T15/><D29/><U10/><E6/><V72/><F19/><W40/><G40/><T38/><D17/><U65/><E65/><V98/><F116/><W25/><G25/><T113/><D113/><U84/><E71/><V61/><F39/><W111/><G111/><N who="0" m="42571" /><D4/><U120/><E68/><V80/><F61/><W114/><G114/><T2/><D38/><U88/><E69/><V44/><F44/><W47/><G47/><T0/><N who="0" m="512" /><DORA hai="107" /><T8/><D45/><U62/><E120/><V53/><F46/><W112/><G112/><T67/><D67/><N who="1" m="39367" /><E50/><V30/><F53/><AGARI ba="2,0" hai="8,15,18,53,54,97,103,106" m="512,42571" machi="53" ten="60,2000,0" yaku="14,1" doraHai="22,107" who="0" fromWho="2" sc="66,26,244,0,218,-26,472,0" /><INIT seed="4,0,0,3,0,38" ten="92,244,192,472" oya="0" hai0="50,77,34,76,119,125,8,28,132,44,47,13,5" hai1="129,62,64,69,113,74,133,84,66,108,12,61,122" hai2="31,102,118,36,25,70,9,104,14,131,92,101,72" hai3="114,54,22,107,128,85,1,105,96,71,116,91,110"/><T79/><D119/><U81/><E74/><V26/><F72/><W17/><G1/><T48/><D132/><U18/><E122/><V59/><F70/><W100/><G71/><T83/><D125/><U130/><E108/><V55/><F131/><N who="1" m="50185" /><E133/><V103/><F104/><W10/><G107/><T20/><D34/><U11/><E113/><V82/><F36/><W127/><G114/><T32/><D32/><U33/><E33/><V117/><F82/><W123/><G110/><T73/><D28/><U98/><E98/><V78/><F78/><W16/><G123/><T135/><D20/><U109/><E109/><V86/><F31/><W21/><G10/><T24/><D24/><U88/><E69/><V112/><F112/><W43/><G22/><T40/><D135/><U57/><E57/><V65/><F65/><AGARI ba="0,0" hai="11,12,18,61,62,64,65,66,81,84,88" m="50185" machi="65" ten="30,2000,0" yaku="19,1,54,1" doraHai="38" who="1" fromWho="2" sc="92,0,244,20,192,-20,472,0" /><INIT seed="5,0,0,3,1,66" ten="92,264,172,472" oya="1" hai0="32,30,99,80,58,74,113,76,46,26,49,89,130" hai1="21,104,121,126,100,13,57,4,70,65,27,132,60" hai2="91,38,23,48,116,90,37,39,54,82,15,135,98" hai3="120,40,105,10,96,36,17,47,129,119,77,81,45"/><U64/><E121/><V134/><F116/><W85/><G120/><T16/><D113/><U7/><E126/><V34/><F34/><W12/><G129/><T14/><D130/><U117/><E117/><V44/><F98/><W78/><G119/><T55/><D99/><U67/><E132/><N who="2" m="50731" /><F82/><W108/><G108/><T63/><D89/><U42/><E42/><V24/><F15/><W92/><G47/><T31/><D26/><U110/><E110/><V11/><F11/><W41/><G41/><T73/><D32/><U28/><E104/><V33/><F33/><W68/><G68/><T101/><D101/><U114/><E100/><V109/><F109/><W93/><G105/><T84/><D74/><U19/><E114/><V29/><AGARI ba="0,0" hai="23,24,29,37,38,39,44,48,54,90,91" m="50731" machi="29" ten="40,1500,0" yaku="20,1" doraHai="66" who="2" fromWho="2" sc="92,-4,264,-7,172,15,472,-4" /><INIT seed="6,0,0,1,0,120" ten="88,257,187,468" oya="2" hai0="108,43,36,91,106,73,98,90,126,16,80,74,125" hai1="88,18,113,82,115,51,87,84,59,133,128,6,34" hai2="77,67,114,42,66,41,72,20,118,104,54,124,100" hai3="70,40,55,2,105,95,117,81,56,0,107,53,52"/><V22/><F118/><W15/><G70/><T3/><D3/><U24/><E128/><V110/><F114/><N who="1" m="43529" /><E133/><V49/><F124/><N who="0" m="47722" /><D36/><U10/><E87/><V31/><F77/><W111/><G95/><N who="0" m="56695" /><D43/><N who="2" m="16394" /><F72/><N who="0" m="27754" /><D16/><U116/><E116/><V68/><F68/><W93/><G81/><T14/><D14/><N who="1" m="5463" /><E18/><V50/><F31/><W131/><G93/><T57/><D57/><U63/><E51/><N who="2" m="19467" /><F104/><W33/><G33/><T48/><D48/><U135/><E135/><V17/><F54/><W127/><G107/><T19/><D19/><U1/><E1/><V27/><F100/><W129/><G105/><T130/><D106/><U132/><E132/><V89/><F17/><W25/><G2/><T123/><D123/><U99/><E34/><V21/><F27/><W71/><G0/><T39/><D39/><U121/><E24/><V4/><F4/><W13/><G25/><T9/><D9/><U5/><E5/><V79/><F67/><W44/><G117/><T7/><D7/><U75/><E121/><V69/><F69/><W62/><G71/><T45/><D45/><U64/><E64/><V85/><F66/><N who="3" m="39239" /><G127/><T76/><D130/><N who="3" m="49673" /><G15/><T30/><D30/><U92/><E59/><V101/><F21/><W134/><G13/><T46/><D46/><U86/><E63/><V32/><F22/><W83/><G83/><T8/><D8/><U37/><E82/><V12/><F20/><W35/><G35/><T60/><D60/><U97/><E37/><V78/><F32/><W96/><G134/><T119/><D119/><U29/><E29/><V65/><F12/><W61/><G61/><RYUUKYOKU ba="0,0" sc="88,0,257,0,187,0,468,0" /><INIT seed="7,1,0,5,0,78" ten="88,257,187,468" oya="3" hai0="56,64,89,16,58,15,55,118,47,75,131,70,106" hai1="19,33,60,10,126,59,14,71,128,107,53,111,100" hai2="48,102,35,23,87,20,31,79,3,13,115,74,68" hai3="135,37,108,124,130,4,28,110,98,132,25,122,117"/><W114/><G37/><T12/><D118/><U27/><E71/><V45/><F68/><W86/><G86/><T104/><D70/><U51/><E111/><N who="3" m="42538" /><G98/><T112/><D75/><U6/><E128/><V26/><F3/><W97/><G97/><T99/><D131/><U84/><E126/><V81/><F115/><W96/><G96/><T57/><D112/><U46/><E84/><V82/><F102/><W67/><G67/><T40/><D64/><U61/><E59/><V49/><F49/><W94/><G94/><T54/><D99/><U120/><E107/><V83/><F74/><W1/><G130/><T63/><D56/><U41/><E120/><V129/><F35/><N who="3" m="20879" /><G124/><T65/><D65/><U62/><E100/><V91/><F79/><W93/><G93/><T125/><D125/><U24/><E33/><V80/><F129/><W127/><G127/><T0/><D0/><U77/><E77/><V90/><F90/><W123/><G114/><T92/><D89/><U119/><E119/><V116/><F116/><W105/><G105/><T52/><D92/><U133/><E133/><N who="3" m="51274" /><G117/><T34/><D34/><U50/><E6/><V43/><F80/><W21/><G21/><T8/><D15/><U30/><E14/><V121/><F121/><W66/><G66/><T7/><D7/><U134/><E134/><V44/><F44/><W5/><G5/><T88/><D88/><U103/><E46/><V73/><F73/><W42/><G42/><T2/><D2/><U109/><E109/><V36/><F36/><W76/><G76/><T9/><D9/><AGARI ba="1,0" hai="1,4,9,122,123" m="51274,20879,42538" machi="9" ten="30,12000,1" yaku="10,1,20,1,23,1,34,2" doraHai="78" who="3" fromWho="0" sc="88,-123,257,0,187,0,468,123" owari="-35,-54.0,257,6.0,187,-21.0,591,69.0" /></mjloggm>