<mjloggm ver="2.3"><GO type="97" lobby="0"/><UN n0="%E9%89%84%E5%B9%B3" n1="%E6%98%9F%E7%A9%BA%E3%81%AB%E8%AA%93%E3%81%86" n2="%E5%B0%B1%E6%B4%BB%E7%94%9F%40%E5%B7%9D%E6%9D%91%E8%BB%8D%E5%9B%A3" n3="%31%35%30%36" dan="15,13,14,14" rate="1997.10,1837.99,1950.54,1966.27" sx="M,F,M,M"/><TAIKYOKU oya="0"/><INIT seed="0,0,0,3,1,114" ten="250,250,250,250" oya="0" hai0="11,54,117,66,135,53,15,44,78,38,1,85,4" hai1="124,130,48,88,29,41,9,56,73,126,93,59,10" hai2="24,32,6,118,109,36,84,2,27,57,125,33,81" hai3="3,5,20,28,120,72,113,40,133,110,134,37,13"/><T90/><D135/><U12/><E73/><V58/><F36/><W16/><G40/><T111/><D78/><U101/><E130/><V103/><F103/><W31/><G72/><T107/><D107/><U131/><E131/><V123/><F123/><W98/><G37/><T129/><D129/><U65/><E101/><V69/><F69/><W49/><G98/><T104/><D104/><U35/><E35/><V50/><F6/><W63/><G49/><T47/><D117/><U51/><E29/><N who="3" m="11338" /><G63/><T52/><D111/><U94/><E41/><V128/><F50/><N who="1" m="18985" /><E12/><V108/><F2/><W43/><G43/><T62/><D1/><U60/><E59/><V21/><F128/><W119/><G113/><T14/><D14/><U7/><E7/><V91/><F125/><N who="1" m="48233" /><E94/><V64/><F118/><W115/><G115/><T77/><D38/><U106/><E106/><V75/><F75/><W55/><G55/><T102/><D102/><U132/><E132/><N who="3" m="50794" /><G120/><T92/><REACH who="0" step="1"/><D77/><REACH who="0" ten="240,250,250,250" step="2"/><U26/><E26/><V70/><F27/><W122/><G122/><T80/><D80/><U22/><E22/><V74/><F74/><W89/><G110/><N who="2" m="42601" /><F21/><W116/><G89/><T30/><D30/><U19/><E19/><V0/><F24/><W83/><G83/><T121/><D121/><U95/><E95/><V68/><F0/><W96/><G96/><AGARI ba="0,1" hai="9,10,56,60,65,88,93,96" m="48233,18985" machi="96" ten="30,2000,0" yaku="18,1,54,1" doraHai="114" who="1" fromWho="3" sc="240,0,250,30,250,0,250,-20" /><INIT seed="1,0,0,4,3,122" ten="240,280,250,230" oya="1" hai0="109,46,85,33,95,127,121,8,119,94,128,133,118" hai1="35,69,50,41,124,98,61,68,1,55,59,76,28" hai2="75,25,79,58,66,16,78,62,12,106,63,97,22" hai3="91,120,48,114,54,116,52,39,87,20,99,67,49"/><U37/><E1/><V71/><F75/><W125/><G120/><T6/><D33/><U126/><E98/><V129/><F129/><W115/><G39/><T9/><D121/><U40/><E76/><V105/><F12/><W10/><G116/><T110/><D128/><U107/><E107/><V83/><F97/><W84/><G125/><N who="1" m="48234" /><E28/><V104/><REACH who="2" step="1"/><F83/><REACH who="2" ten="240,280,240,230" step="2"/><W132/><G132/><T32/><D127/><U43/><E35/><V47/><F47/><W56/><G99/><T64/><D46/><N who="1" m="28119" /><E37/><V53/><AGARI ba="0,1" hai="16,22,25,53,58,62,63,66,71,78,79,104,105,106" machi="53" ten="30,7900,0" yaku="1,1,0,1,54,1,53,1" doraHai="122" doraHaiUra="15" who="2" fromWho="2" sc="240,-20,280,-39,240,89,230,-20" /><INIT seed="2,0,0,2,4,107" ten="220,241,329,210" oya="2" hai0="71,100,118,58,45,19,34,29,88,18,122,53,28" hai1="31,102,17,79,8,32,57,130,126,131,128,12,80" hai2="95,124,60,38,113,65,120,6,22,59,0,89,70" hai3="35,47,133,66,77,52,25,110,109,134,1,129,26"/><V92/><F38/><W39/><G77/><T72/><D122/><U85/><E126/><V62/><F120/><W20/><G1/><T86/><D71/><U76/><E57/><V49/><F113/><W114/><G66/><T4/><D72/><U3/><E3/><V30/><F124/><W101/><G101/><T42/><D100/><U78/><E102/><V82/><F82/><W44/><G114/><T99/><D99/><U73/><E85/><V111/><F111/><N who="3" m="42507" /><G129/><T96/><D96/><U104/><REACH who="1" step="1"/><E104/><REACH who="1" ten="220,231,329,210" step="2"/><V74/><F59/><W7/><G39/><T37/><D86/><U2/><E2/><V81/><F70/><W51/><G35/><T61/><D58/><U10/><E10/><V91/><F0/><W48/><G7/><T21/><D4/><U117/><E117/><V9/><F6/><W69/><G69/><T13/><D34/><U14/><E14/><V97/><F9/><W106/><G106/><T98/><D13/><U67/><E67/><V55/><F65/><W11/><G11/><T64/><D64/><U132/><E132/><N who="3" m="50794" /><G20/><T135/><D135/><U36/><E36/><V121/><F22/><W33/><G33/><T41/><D21/><U54/><E54/><AGARI ba="0,1" hai="25,26,44,47,48,51,52,54" m="50794,42507" machi="54" ten="30,3900,0" yaku="14,1,20,1,54,1" doraHai="107" who="3" fromWho="1" sc="220,0,231,-39,329,0,210,49" /><INIT seed="3,0,0,2,4,54" ten="220,192,329,259" oya="3" hai0="5,41,14,88,96,72,71,77,85,11,94,51,128" hai1="60,133,101,93,99,10,1,120,16,31,15,84,46" hai2="0,89,63,82,130,32,121,30,20,75,111,58,87" hai3="91,70,40,37,48,22,44,18,116,45,132,21,34"/><W26/><G70/><T100/><D128/><U95/><E120/><V38/><F130/><W29/><G116/><T7/><D71/><U135/><E1/><V59/><F38/><W112/><G112/><T24/><D24/><U2/><E2/><V125/><F0/><W12/><G132/><N who="1" m="50762" /><E31/><V8/><F121/><W83/><G83/><N who="0" m="47343" /><D72/><U74/><E74/><V27/><F111/><W9/><REACH who="3" step="1"/><G91/><REACH who="3" ten="220,192,329,249" step="2"/><T115/><D115/><U35/><E35/><V122/><F32/><W108/><G108/><T90/><D90/><N who="1" m="53447" /><E46/><V129/><F122/><W119/><G119/><T127/><D88/><U107/><E60/><V23/><F129/><W81/><G81/><T62/><D62/><U43/><E43/><AGARI ba="0,1" hai="9,12,18,21,22,26,29,34,37,40,43,44,45,48" machi="43" ten="30,11600,0" yaku="1,1,7,1,53,2" doraHai="54" doraHaiUra="36" who="3" fromWho="1" sc="220,0,192,-116,329,0,249,126" owari="220,-18.0,76,-42.0,329,13.0,375,47.0" /></mjloggm>