<mjloggm ver="2.3"><GO type="97" lobby="0"/><UN n0="%E3%81%BE%E3%81%95%E3%82%8B%E3%81%95%E3%82%93%E3%80%82%E3%80%82" n1="%6E%31%32%32%31%31%33%32" n2="%69%6E%69" n3="%E5%B0%B1%E6%B4%BB%E7%94%9F%40%E5%B7%9D%E6%9D%91%E8%BB%8D%E5%9B%A3" dan="16,15,14,15" rate="2040.76,2043.12,1911.54,1973.09" sx="M,M,M,M"/><TAIKYOKU oya="0"/><INIT seed="0,0,0,5,4,29" ten="250,250,250,250" oya="0" hai0="95,5,81,79,74,30,68,106,55,108,133,80,114" hai1="48,75,53,130,113,67,76,77,4,22,0,64,59" hai2="94,21,109,124,11,100,86,135,63,51,45,101,15" hai3="17,116,112,126,10,65,110,49,2,129,57,44,88"/><T14/><D74/><U89/><E113/><V99/><F109/><W18/><G116/><T104/><D68/><U42/><E42/><V96/><F135/><W128/><G112/><T7/><D30/><U34/><E4/><V117/><F124/><W46/><G110/><T122/><D95/><U134/><E0/><V70/><F117/><W20/><G126/><T85/><D114/><U26/><E134/><V91/><F21/><W36/><G36/><T82/><D82/><U39/><E39/><V87/><F63/><W9/><G18/><T131/><D133/><U37/><E37/><V90/><F70/><W120/><G120/><T78/><D122/><U12/><E12/><V8/><F15/><W13/><G2/><T27/><D27/><U38/><E34/><V71/><F71/><W73/><G73/><T102/><D14/><U92/><E38/><V16/><F16/><W3/><G3/><T97/><D108/><U69/><E75/><V83/><F51/><W19/><G19/><T6/><D104/><U33/><E33/><V23/><F23/><W47/><G88/><N who="2" m="33833" /><F45/><W25/><G25/><T28/><D28/><U62/><E67/><V119/><F119/><W107/><G107/><T43/><D102/><U72/><E69/><V1/><F1/><W125/><G125/><T93/><D7/><U132/><E64/><V127/><F127/><W118/><G118/><T84/><D5/><U41/><E132/><V60/><F100/><W58/><G65/><T52/><D6/><U111/><E111/><V54/><F101/><W123/><G123/><T32/><D106/><RYUUKYOKU ba="0,0" sc="250,0,250,0,250,0,250,0" /><INIT seed="1,1,0,1,4,42" ten="250,250,250,250" oya="1" hai0="48,15,27,32,104,107,35,83,111,84,88,60,68" hai1="21,53,102,2,69,18,105,63,1,17,7,41,95" hai2="96,131,22,72,101,43,28,45,134,118,108,0,128" hai3="25,97,135,12,76,126,9,123,3,78,58,89,61"/><U10/><E105/><V79/><F118/><W74/><G3/><T62/><D111/><U13/><E41/><V55/><F134/><W31/><G123/><T4/><D104/><U82/><E82/><N who="2" m="45415" /><F108/><W34/><G126/><T46/><D107/><U124/><E124/><V6/><F55/><W64/><G135/><T98/><D68/><U130/><E130/><N who="2" m="49707" /><F22/><W122/><G122/><T99/><D32/><U73/><E73/><V37/><F28/><W36/><G36/><T92/><D35/><U114/><E114/><V38/><F96/><N who="0" m="36906" /><D27/><U44/><E102/><V103/><F38/><W106/><G74/><T116/><D116/><U23/><E95/><V14/><F14/><W24/><G24/><T71/><D71/><U91/><E69/><V129/><N who="2" m="49715" /><V26/><DORA hai="119" /><F26/><W16/><REACH who="3" step="1"/><G89/><REACH who="3" ten="250,250,250,240" step="2"/><N who="0" m="51359" /><D15/><U77/><E2/><V113/><F113/><W59/><G59/><T109/><D109/><U47/><E1/><V5/><F0/><W52/><G52/><N who="0" m="29719" /><D4/><AGARI ba="1,1" hai="4,5,6,37,43,45,101,103" m="49715,45415" machi="4" ten="40,2600,0" yaku="19,1,52,1" doraHai="42,119" who="2" fromWho="0" sc="250,-29,250,0,250,39,240,0" /><INIT seed="2,0,0,4,0,109" ten="221,250,289,240" oya="2" hai0="116,88,65,82,4,123,122,131,22,118,2,0,106" hai1="77,94,117,134,35,20,111,40,107,89,132,112,24" hai2="7,95,68,85,39,79,10,84,3,29,13,97,104" hai3="45,121,56,133,11,130,53,51,90,52,41,64,92"/><V61/><F39/><W38/><G121/><N who="0" m="46091" /><D106/><U102/><E117/><N who="0" m="45161" /><D65/><U70/><E70/><V73/><F104/><W129/><G133/><N who="1" m="51306" /><E111/><V46/><F73/><W43/><G11/><T71/><D71/><U128/><E35/><V91/><F46/><W37/><G64/><T50/><D131/><N who="3" m="50185" /><G53/><T69/><D69/><U48/><E128/><V75/><F75/><W96/><G41/><T67/><D67/><U120/><E120/><V76/><F68/><W27/><G27/><T33/><D33/><U110/><E110/><V108/><F108/><W72/><G72/><T28/><D4/><U86/><E77/><N who="2" m="29771" /><F61/><AGARI ba="0,0" hai="37,38,43,45,51,52,56,61,90,92,96" m="50185" machi="61" ten="30,2000,0" yaku="19,1,54,1" doraHai="109" who="3" fromWho="2" sc="221,0,250,0,289,-20,240,20" /><INIT seed="3,0,0,0,1,26" ten="221,250,269,260" oya="3" hai0="2,132,93,0,104,79,106,64,25,117,19,111,109" hai1="33,91,71,130,30,133,82,45,107,42,15,99,124" hai2="116,102,123,67,78,28,37,97,114,14,44,74,65" hai3="135,4,27,103,134,8,16,34,121,39,3,11,68"/><W40/><G68/><T105/><D117/><U7/><E71/><V63/><F116/><W125/><G103/><T83/><D132/><N who="3" m="50729" /><G39/><T98/><D64/><U80/><E133/><V23/><F114/><W13/><G40/><T9/><D25/><U17/><E7/><V53/><F78/><W129/><G129/><T56/><D56/><U120/><E120/><V96/><F74/><W21/><G121/><T110/><D19/><U84/><E130/><V118/><F67/><W69/><G69/><T94/><D9/><U61/><E61/><V24/><F102/><W12/><G125/><T36/><D36/><U76/><E124/><V81/><F81/><W126/><G126/><T5/><D5/><U51/><E99/><V122/><F118/><W101/><G101/><N who="0" m="60631" /><D93/><U95/><E107/><N who="0" m="27393" /><T60/><DORA hai="55" /><D60/><U48/><E48/><V20/><F122/><W54/><G54/><T112/><D112/><U38/><E38/><V66/><F37/><W58/><G58/><T75/><AGARI ba="0,0" hai="0,2,75,79,83,109,110,111" m="27393,60631" machi="75" ten="50,1600,0" yaku="14,1" doraHai="26,55" who="0" fromWho="0" sc="221,16,250,-4,269,-4,260,-8" /><INIT seed="4,0,0,0,5,84" ten="237,246,265,252" oya="0" hai0="70,101,57,130,116,90,103,27,47,87,39,6,109" hai1="18,126,106,135,120,52,25,86,88,64,43,95,19" hai2="105,89,92,55,75,42,115,48,8,122,131,54,127" hai3="35,12,74,62,77,15,13,121,16,76,63,97,44"/><T5/><D116/><U65/><E120/><V112/><F122/><W28/><G121/><T104/><D70/><U100/><E43/><V132/><F105/><W111/><G111/><T91/><D130/><U67/><E135/><V51/><F75/><W129/><G129/><T1/><D1/><U72/><E72/><V96/><F131/><W80/><G76/><T60/><D27/><U17/><E126/><V22/><F132/><W71/><G71/><T49/><D39/><U82/><E106/><V56/><F42/><W113/><G113/><T11/><D11/><U30/><E52/><V24/><F8/><W107/><G44/><T110/><D49/><U41/><E41/><V14/><F14/><W3/><G3/><T108/><D47/><U32/><REACH who="1" step="1"/><E100/><REACH who="1" ten="237,236,265,252" step="2"/><N who="0" m="38473" /><D104/><U78/><E78/><V134/><F134/><W68/><G107/><T125/><D125/><U45/><E45/><V10/><F127/><W46/><G46/><T50/><D50/><U4/><E4/><N who="0" m="1641" /><D87/><U31/><E31/><V59/><F10/><W37/><G28/><AGARI ba="0,1" hai="22,24,28,48,51,54,55,56,59,89,92,96,112,115" machi="28" ten="40,2600,0" yaku="9,1,52,1" doraHai="84" who="2" fromWho="3" sc="237,0,236,0,265,36,252,-26" owari="237,4.0,236,-16.0,301,39.0,226,-27.0" /></mjloggm>