<mjloggm ver="2.3"><GO type="41" lobby="0"/><UN n0="%E6%9C%AB%E5%BA%83%E6%97%A5%E8%8F%9C%E5%AD%90" n1="%6E%61%6F%2D%62%66%6D%76" n2="%6F%74%6F%6D%69%6B" n3="%E5%B0%B1%E6%B4%BB%E7%94%9F%40%E5%B7%9D%E6%9D%91%E8%BB%8D%E5%9B%A3" dan="14,13,14,15" rate="1973.98,1822.72,2085.91,1926.66" sx="F,M,M,M"/><TAIKYOKU oya="0"/><INIT seed="0,0,0,2,2,18" ten="250,250,250,250" oya="0" hai0="85,118,58,10,38,0,75,36,133,122,16,131,56" hai1="24,23,79,47,102,19,121,64,105,9,51,86,21" hai2="8,78,126,93,115,135,4,7,81,89,91,11,112" hai3="127,28,128,62,134,113,3,17,111,33,74,66,65"/><T15/><D118/><U37/><E121/><V72/><F135/><W90/><G3/><T31/><D75/><U120/><E120/><V68/><F126/><W73/><G113/><T29/><D122/><U13/><E37/><V129/><F129/><W39/><G39/><T124/><D0/><U70/><E70/><V63/><F63/><W69/><G127/><T53/><D124/><U67/><E105/><V101/><F101/><W14/><G128/><T108/><D131/><U104/><E104/><V60/><F60/><W55/><G134/><T71/><D71/><U6/><E102/><V80/><F68/><W32/><G111/><T5/><D133/><U95/><E95/><V106/><F106/><W100/><G66/><T30/><D108/><U41/><REACH who="1" step="1"/><E23/><REACH who="1" ten="250,240,250,250" step="2"/><V46/><F93/><W61/><G100/><T109/><D109/><U34/><E34/><V94/><F94/><W48/><G32/><T35/><D35/><U88/><E88/><V97/><F97/><W117/><G90/><T43/><D38/><U44/><E44/><V12/><F46/><W45/><G117/><T26/><D36/><U59/><E59/><V119/><F119/><W96/><G96/><T42/><D56/><U27/><E27/><V98/><F98/><W54/><G33/><T114/><D114/><N who="2" m="43562" /><F81/><AGARI ba="0,1" hai="6,9,13,19,21,24,41,47,51,64,67,79,81,86" machi="81" ten="40,12000,2" yaku="1,1,25,2,8,1,52,1,53,1" doraHai="18" doraHaiUra="76" who="1" fromWho="2" sc="250,0,240,130,250,-120,250,0" /><INIT seed="1,0,0,1,0,44" ten="250,370,130,250" oya="1" hai0="79,75,61,127,21,124,20,96,0,15,115,71,31" hai1="33,67,53,97,114,50,64,112,76,25,117,101,89" hai2="95,118,94,85,56,122,123,17,41,34,110,52,32" hai3="69,19,116,42,28,133,98,135,109,125,8,2,6"/><U13/><E117/><V129/><F118/><W105/><G69/><T104/><D115/><U54/><E76/><V68/><F68/><W22/><G105/><T14/><D0/><U40/><E13/><V108/><F41/><W9/><G42/><T29/><D79/><U92/><E114/><V84/><F17/><W11/><G98/><T132/><D75/><U119/><E119/><V107/><F56/><W1/><G116/><T99/><D71/><U100/><E112/><V134/><F134/><N who="3" m="51211" /><G125/><T5/><D132/><U72/><E72/><V10/><F10/><N who="3" m="4203" /><G109/><T30/><D30/><U7/><E7/><V80/><F80/><W49/><G49/><T103/><D61/><U37/><E37/><V102/><F102/><N who="1" m="39529" /><E25/><V43/><F43/><W88/><G88/><T3/><D103/><U73/><E33/><V90/><F90/><W66/><G66/><N who="1" m="25130" /><E73/><V120/><F120/><W46/><G46/><AGARI ba="0,0" hai="40,46,50,53,54,89,92,97" m="25130,39529" machi="46" ten="30,2900,0" yaku="8,1,52,1" doraHai="44" who="1" fromWho="3" sc="250,0,370,29,130,0,250,-29" /><INIT seed="1,1,0,5,1,79" ten="250,399,130,221" oya="1" hai0="107,87,70,93,89,54,83,82,78,33,85,0,44" hai1="29,74,59,109,28,126,47,102,66,8,116,119,135" hai2="108,77,56,31,129,57,5,92,90,23,10,81,64" hai3="32,94,21,99,131,122,22,43,17,52,7,120,51"/><U2/><E74/><V68/><F129/><W62/><G32/><T72/><D70/><U96/><E135/><V41/><F108/><W4/><G131/><T98/><D33/><U113/><E113/><V115/><F115/><W14/><G122/><T36/><D0/><U104/><E126/><V110/><F110/><W121/><G121/><T123/><D123/><U117/><E47/><V25/><F41/><W38/><G38/><T60/><D36/><U61/><E109/><V133/><F133/><W1/><G1/><T27/><D27/><U86/><E86/><V24/><F24/><W40/><G120/><T11/><D11/><U125/><E125/><V114/><F114/><W45/><G21/><T80/><D60/><U6/><AGARI ba="1,0" hai="2,6,8,28,29,59,61,66,96,102,104,116,117,119" machi="6" ten="40,2100,0" yaku="0,1" doraHai="79" who="1" fromWho="1" sc="250,-8,399,24,130,-8,221,-8" /><INIT seed="1,2,0,1,0,81" ten="242,423,122,213" oya="1" hai0="106,107,131,49,2,100,18,7,69,26,96,72,4" hai1="63,88,122,87,101,120,111,114,102,129,64,125,33" hai2="37,16,35,83,11,135,104,133,78,126,115,13,21" hai3="6,10,82,53,105,1,76,46,45,80,48,44,109"/><U66/><E33/><V134/><F104/><W20/><G109/><T123/><D131/><U65/><E114/><V28/><F115/><W24/><G105/><T56/><D123/><U113/><E113/><V71/><F71/><W25/><G25/><T57/><D107/><U54/><E129/><V68/><F68/><W0/><G0/><T99/><D69/><U85/><E125/><V116/><F37/><W31/><REACH who="3" step="1"/><G82/><REACH who="3" ten="242,423,122,203" step="2"/><T73/><D106/><U74/><E111/><V110/><F110/><W79/><G79/><T84/><D2/><U5/><E122/><V36/><F126/><W52/><G52/><T60/><D26/><U22/><E120/><V30/><F116/><W112/><G112/><T89/><D60/><U127/><E54/><V61/><F61/><W58/><G58/><T98/><D57/><U40/><E63/><V103/><F35/><W95/><G95/><T91/><D56/><U130/><E127/><V93/><F36/><W38/><G38/><T90/><D49/><U47/><E66/><V23/><F93/><W121/><G121/><T59/><D59/><U124/><E65/><V92/><F92/><W62/><G62/><T86/><D100/><U51/><E64/><V42/><F103/><W50/><G50/><T97/><N who="0" m="25088" /><DORA hai="3" /><T128/><D128/><U75/><E102/><V118/><F118/><W43/><G43/><T8/><D18/><U15/><E40/><V12/><F42/><W39/><G39/><T14/><REACH who="0" step="1"/><D4/><REACH who="0" ten="232,423,122,203" step="2"/><U19/><E101/><V94/><F16/><W55/><G55/><T27/><D27/><U117/><E124/><RYUUKYOKU ba="2,2" sc="232,15,423,-15,122,-15,203,15" hai0="7,8,14,72,73,84,86,89,90,91" hai3="1,6,10,20,24,31,44,45,46,48,53,76,80" /><INIT seed="2,3,2,2,4,81" ten="247,408,107,218" oya="2" hai0="24,101,37,23,102,103,26,84,57,124,45,74,92" hai1="13,41,132,79,42,65,48,121,77,117,12,73,51" hai2="85,27,126,96,107,62,43,55,118,98,8,28,122" hai3="110,63,93,36,78,97,113,10,69,75,54,130,115"/><V5/><F122/><W52/><G36/><T18/><D74/><U3/><E73/><V116/><F43/><W64/><G130/><T59/><D124/><U60/><E121/><V131/><F126/><W11/><G110/><T123/><D123/><U6/><E6/><V134/><F131/><W0/><G78/><T82/><D92/><U17/><E60/><V61/><F134/><W91/><G75/><T31/><D37/><U125/><E125/><V58/><F62/><W86/><G97/><T4/><D45/><U40/><E17/><V33/><F98/><W106/><G106/><T39/><D4/><U135/><E65/><V95/><F107/><W133/><G133/><T88/><REACH who="0" step="1"/><D39/><REACH who="0" ten="237,408,107,218" step="2"/><U112/><E132/><V20/><F33/><AGARI ba="3,3" hai="18,23,24,26,31,33,57,59,82,84,88,101,102,103" machi="33" ten="40,8000,1" yaku="1,1,2,1,52,1,54,1,53,0" doraHai="81" doraHaiUra="7" who="0" fromWho="2" sc="237,119,408,0,107,-89,218,0" /><INIT seed="3,0,0,0,5,111" ten="356,408,18,218" oya="3" hai0="92,126,14,32,5,80,83,118,121,19,96,58,25" hai1="22,40,109,94,48,56,89,98,107,119,24,122,82" hai2="64,87,62,84,135,97,7,42,93,46,0,11,20" hai3="47,127,65,131,61,70,73,6,105,2,102,86,74"/><W103/><G86/><T35/><D118/><U114/><E109/><V3/><F135/><W43/><G127/><T45/><D121/><U33/><E119/><V1/><F20/><W133/><G133/><T26/><D126/><U72/><E122/><V116/><F116/><W60/><G60/><T13/><D35/><U115/><E33/><V57/><F87/><W71/><G131/><T53/><D32/><U8/><E8/><V41/><F84/><W110/><G110/><T134/><D45/><U124/><E124/><V55/><F64/><W34/><G71/><T44/><D44/><U59/><E107/><V38/><REACH who="2" step="1"/><F42/><REACH who="2" ten="356,408,8,218" step="2"/><W9/><G34/><T36/><D134/><U15/><E40/><V16/><F16/><W128/><G128/><T129/><D129/><U37/><E15/><V99/><F99/><W88/><G88/><AGARI ba="0,1" hai="0,1,3,7,11,38,41,46,55,57,62,88,93,97" machi="88" ten="30,3900,0" yaku="1,1,7,1,54,1,53,0" doraHai="111" doraHaiUra="108" who="2" fromWho="3" sc="356,0,408,0,8,49,218,-39" /><INIT seed="4,0,0,5,4,4" ten="356,408,57,179" oya="0" hai0="58,117,93,41,111,49,9,18,67,135,73,31,48" hai1="6,122,94,7,70,17,118,74,98,81,85,62,113" hai2="11,75,124,109,132,130,47,90,103,84,77,96,114" hai3="107,82,1,29,128,33,27,46,52,108,38,0,34"/><T35/><D117/><U95/><E118/><V16/><F109/><W25/><G107/><T127/><D73/><U120/><E74/><V71/><F71/><W79/><G108/><T61/><D111/><U68/><E62/><V80/><F124/><W24/><G128/><T26/><D127/><U66/><E66/><V105/><F130/><W121/><G121/><T56/><D135/><U8/><E113/><V100/><F132/><W126/><G126/><T76/><D76/><U59/><E59/><V12/><F114/><W91/><G91/><T44/><D93/><U45/><E45/><V89/><F100/><W72/><G25/><T101/><D101/><U86/><E17/><V15/><F75/><W110/><G110/><T19/><D49/><U133/><E81/><V119/><F119/><W65/><G65/><T42/><D42/><U39/><E98/><V102/><F102/><W87/><G87/><T50/><D50/><U57/><E57/><V55/><F55/><W88/><G88/><T30/><D56/><U43/><E43/><V116/><F47/><W123/><G123/><T23/><REACH who="0" step="1"/><D35/><REACH who="0" ten="346,408,57,179" step="2"/><U37/><E133/><V131/><F116/><W83/><G83/><T53/><D53/><U69/><E69/><V32/><F32/><W129/><G129/><T20/><D20/><U78/><E78/><V134/><F134/><W14/><G14/><AGARI ba="0,1" hai="9,14,18,19,23,26,30,31,41,44,48,58,61,67" machi="14" ten="40,7700,0" yaku="1,1,8,1,52,1,53,0" doraHai="4" doraHaiUra="2" who="0" fromWho="3" sc="346,87,408,0,57,0,179,-77" /><INIT seed="4,1,0,4,0,119" ten="433,408,57,102" oya="0" hai0="81,79,19,44,42,116,36,103,64,105,23,96,63" hai1="80,111,15,28,91,65,132,86,9,122,39,57,76" hai2="61,98,66,135,50,120,33,123,7,74,97,71,60" hai3="125,51,48,5,108,109,68,114,70,13,2,16,107"/><T134/><D134/><U8/><E39/><V14/><F74/><W101/><G114/><T46/><D116/><U118/><E118/><V30/><F98/><W52/><G125/><T88/><D88/><U115/><E111/><V47/><F135/><W10/><G51/><T59/><D42/><U49/><E115/><V100/><F60/><W128/><G128/><T131/><D36/><U0/><E28/><V117/><F117/><W77/><G77/><T112/><D131/><U21/><E0/><V99/><F99/><W11/><G101/><T69/><D69/><U55/><E122/><N who="2" m="46635" /><F14/><W124/><G107/><T18/><D112/><U67/><E132/><V78/><F78/><W83/><G83/><T12/><REACH who="0" step="1"/><D19/><REACH who="0" ten="423,408,57,102" step="2"/><N who="1" m="10495" /><E91/><V41/><F41/><W24/><G124/><T38/><D38/><U82/><E82/><V32/><F71/><W72/><G72/><AGARI ba="1,1" hai="12,18,23,44,46,59,63,64,72,79,81,96,103,105" machi="72" ten="30,2900,0" yaku="1,1,7,1,53,0" doraHai="119" doraHaiUra="22" who="0" fromWho="3" sc="423,42,408,0,57,0,102,-32" /><INIT seed="4,2,0,5,1,72" ten="465,408,57,70" oya="0" hai0="32,69,21,60,3,100,42,6,95,103,56,106,26" hai1="0,89,45,11,12,16,38,33,40,34,53,111,1" hai2="15,109,28,87,46,18,55,77,118,82,71,64,114" hai3="65,99,43,127,31,116,133,70,102,20,113,91,83"/><T7/><D32/><U37/><E111/><V96/><F109/><W122/><G116/><T17/><D69/><U47/><E89/><V29/><F118/><W36/><G122/><T128/><D128/><U67/><E67/><V13/><F114/><W81/><G113/><T117/><D117/><U63/><E63/><V41/><F15/><W9/><G127/><T94/><D42/><U61/><E38/><V115/><F115/><W130/><G133/><T134/><D134/><U25/><E25/><V107/><F55/><W124/><G130/><T35/><D35/><U80/><E80/><V48/><F107/><W73/><G124/><T92/><D106/><U129/><E129/><V54/><F96/><W74/><G74/><T5/><REACH who="0" step="1"/><D3/><REACH who="0" ten="455,408,57,70" step="2"/><U97/><E34/><V8/><F41/><W105/><G43/><T131/><D131/><U98/><E33/><V125/><F125/><W51/><G36/><T90/><D90/><U50/><REACH who="1" step="1"/><E61/><REACH who="1" ten="455,398,57,70" step="2"/><V88/><F71/><W59/><G70/><T57/><D57/><U84/><E84/><N who="2" m="48207" /><F64/><AGARI ba="2,2" hai="5,6,7,17,21,26,56,60,64,92,94,95,100,103" machi="64" ten="40,3900,0" yaku="1,1,8,1,53,0" doraHai="72" doraHaiUra="76" who="0" fromWho="2" sc="455,65,398,0,57,-45,70,0" /><INIT seed="4,3,0,0,0,127" ten="520,398,12,70" oya="0" hai0="62,14,107,69,52,71,32,125,40,128,26,34,98" hai1="27,59,79,116,65,47,72,60,67,96,93,117,124" hai2="3,76,54,89,51,35,64,33,25,113,13,16,73" hai3="130,94,8,90,44,110,56,24,0,57,132,131,36"/><T70/><D40/><U101/><E124/><V43/><F3/><W5/><G110/><T10/><D125/><U19/><E67/><V135/><F43/><W53/><G132/><T15/><D128/><U46/><E79/><V63/><F135/><W82/><G82/><T86/><D86/><U88/><E72/><V87/><F113/><W49/><G24/><T129/><D129/><N who="3" m="49161" /><G36/><T102/><D15/><U75/><E75/><V114/><F114/><W42/><G42/><T37/><D37/><U133/><E133/><V48/><F25/><W4/><G4/><T77/><D77/><U55/><E116/><V68/><F48/><W29/><G29/><T74/><D74/><U61/><E117/><V78/><F73/><W134/><G134/><T20/><D20/><N who="1" m="13727" /><E101/><V2/><F2/><W126/><G126/><T81/><D81/><U103/><E103/><V84/><F78/><W23/><G23/><T30/><D34/><U41/><E41/><V7/><F76/><W112/><G112/><T28/><D28/><U99/><E99/><AGARI ba="3,0" hai="0,5,8,44,49,53,56,57,90,94,99" m="49161" machi="99" ten="30,7700,0" yaku="19,1,52,3" doraHai="127" who="3" fromWho="1" sc="520,0,398,-86,12,0,70,86" /><INIT seed="5,0,0,2,2,106" ten="520,312,12,156" oya="1" hai0="22,64,20,97,16,47,4,108,126,46,14,103,23" hai1="5,90,53,25,38,127,8,65,117,121,87,68,72" hai2="75,134,112,69,91,35,78,67,100,59,1,107,43" hai3="84,119,28,60,44,99,110,74,113,70,115,50,55"/><U13/><E121/><V81/><F59/><W123/><G110/><T61/><D108/><U6/><E117/><V130/><F43/><W12/><G123/><T36/><D126/><U131/><E127/><V129/><F67/><W33/><G119/><T88/><D4/><U93/><E38/><V111/><F35/><W56/><G70/><T63/><D36/><U29/><E131/><N who="2" m="50187" /><F69/><W48/><G48/><T66/><D103/><U37/><E37/><V40/><F40/><W80/><G99/><T96/><D96/><U71/><E5/><V15/><F15/><W92/><G92/><N who="0" m="56455" /><D66/><U73/><E53/><V18/><F18/><W94/><G94/><T0/><D0/><U95/><E71/><V62/><F1/><W83/><G83/><T31/><D31/><U17/><E65/><V124/><F111/><W45/><G45/><N who="0" m="16907" /><D64/><U118/><E68/><V82/><F124/><W125/><G125/><T9/><AGARI ba="0,0" hai="9,14,16,20,22,23,61,63" m="16907,56455" machi="9" ten="30,4000,0" yaku="8,1,54,2" doraHai="106" who="0" fromWho="0" sc="520,40,312,-20,12,-10,156,-10" /><INIT seed="6,0,0,5,3,110" ten="560,292,2,146" oya="2" hai0="80,7,39,42,52,30,5,81,105,102,108,12,124" hai1="16,120,6,31,13,43,20,132,121,46,123,18,51" hai2="40,57,9,130,91,122,34,28,3,14,114,49,98" hai3="112,118,101,64,107,53,119,15,135,47,41,75,59"/><V96/><F122/><W111/><G15/><T32/><D108/><U113/><E113/><V115/><F3/><W128/><G101/><T94/><D105/><U100/><E132/><V24/><F130/><W63/><G75/><T36/><D36/><U27/><E100/><V106/><F106/><W38/><G107/><T82/><D39/><U89/><E89/><V78/><F78/><W60/><G111/><T29/><D42/><U65/><E65/><V45/><F57/><W35/><G35/><T126/><D52/><U134/><E134/><V77/><F77/><W131/><G112/><N who="2" m="43049" /><F91/><W109/><G109/><T4/><D12/><U129/><E129/><V72/><F72/><W117/><REACH who="3" step="1"/><G135/><REACH who="3" ten="560,292,2,136" step="2"/><T62/><D32/><U103/><E103/><V104/><F104/><W127/><G127/><N who="0" m="48683" /><D62/><U92/><E92/><V48/><F48/><W67/><G67/><T73/><D73/><U97/><E97/><AGARI ba="0,1" hai="4,5,7,29,30,80,81,82,94,97,102" m="48683" machi="97" ten="40,1300,0" yaku="18,1" doraHai="110" who="0" fromWho="1" sc="560,23,292,-13,2,0,136,0" /><INIT seed="7,0,0,1,2,87" ten="583,279,2,136" oya="3" hai0="65,40,27,79,116,10,103,118,97,67,62,46,78" hai1="42,88,49,132,25,124,99,107,28,16,131,133,38" hai2="15,55,129,57,48,94,9,50,32,77,33,23,59" hai3="100,82,125,70,115,119,61,64,39,113,81,13,26"/><W102/><G13/><T117/><D10/><U69/><E69/><V126/><F126/><W11/><G125/><T130/><D130/><U134/><E124/><V89/><F129/><W106/><G119/><T92/><D27/><U120/><E131/><V8/><F77/><W7/><G26/><T93/><D92/><N who="1" m="56711" /><E107/><V47/><F23/><W121/><G121/><T123/><D123/><U111/><E120/><V108/><F108/><W98/><G102/><T45/><D45/><N who="1" m="25783" /><E111/><V31/><F31/><W35/><G35/><T2/><D2/><U74/><E74/><V101/><F101/><W20/><G20/><T104/><D93/><U24/><E38/><V12/><F94/><W6/><G6/><T37/><REACH who="0" step="1"/><D67/><REACH who="0" ten="573,279,2,136" step="2"/><U127/><E127/><V114/><F47/><W68/><G68/><AGARI ba="0,1" hai="37,40,46,62,65,68,78,79,97,103,104,116,117,118" machi="68" ten="40,2600,0" yaku="1,1,2,1,53,0" doraHai="87" doraHaiUra="0" who="0" fromWho="3" sc="573,36,279,0,2,0,136,-26" owari="609,71.0,279,8.0,2,-50.0,110,-29.0" /></mjloggm>