<mjloggm ver="2.3"><GO type="169" lobby="0"/><UN n0="%30%30%73%61%69" n1="%6B%6F%6B%75%73%68%69%61" n2="%E3%82%A6%E3%83%AB%E3%83%88%E3%83%A9%E7%AB%8B%E7%9B%B4" n3="%E6%9E%9D%E8%B1%86%E3%82%AB%E3%83%AC%E3%83%BC%E7%94%98%E5%8F%A3" dan="17,16,17,16" rate="2121.80,2099.58,2153.35,2129.58" sx="F,M,M,F"/><TAIKYOKU oya="0"/><INIT seed="0,0,0,1,3,87" ten="250,250,250,250" oya="0" hai0="18,28,60,108,123,105,118,132,57,46,128,4,30" hai1="100,106,96,89,88,127,59,82,32,107,52,27,65" hai2="15,134,79,73,12,113,22,21,135,93,102,117,72" hai3="24,103,71,50,104,95,67,25,114,20,77,91,44"/><T14/><D118/><U2/><E107/><V111/><F79/><W90/><G114/><T35/><D123/><U37/><E2/><V115/><F93/><W112/><G112/><T33/><D128/><U124/><E37/><V9/><F102/><W125/><G104/><T47/><D105/><U51/><E65/><V85/><F85/><W54/><G77/><T53/><D132/><U23/><E82/><V11/><REACH who="2" step="1"/><F111/><REACH who="2" ten="250,250,240,250" step="2"/><W39/><G125/><N who="1" m="48202" /><E32/><V0/><F0/><W109/><G109/><T19/><D108/><U122/><E122/><V97/><F97/><N who="3" m="59839" /><G39/><T94/><D35/><U98/><E96/><V133/><F133/><W26/><G71/><T66/><D33/><U69/><E69/><V58/><F58/><W6/><G67/><T38/><D66/><U31/><AGARI ba="0,1" hai="23,27,31,51,52,59,88,89,98,100,106" m="48202" machi="31" ten="30,8000,1" yaku="18,1,52,2,54,2" doraHai="87" who="1" fromWho="1" sc="250,-40,250,90,240,-20,250,-20" /><INIT seed="1,0,0,5,0,129" ten="210,340,220,230" oya="1" hai0="39,86,54,30,57,51,20,15,62,2,64,55,53" hai1="34,93,83,22,47,111,92,126,6,21,50,11,132" hai2="71,114,112,125,10,85,98,80,35,102,108,119,16" hai3="116,69,66,13,123,84,127,27,74,110,14,131,100"/><U120/><E120/><V133/><F35/><W32/><G74/><T115/><D2/><U97/><E34/><V18/><F71/><W81/><G123/><T96/><D115/><N who="2" m="44074" /><F119/><W38/><G38/><T107/><D39/><U105/><E105/><N who="2" m="63703" /><F108/><W24/><G116/><T99/><D107/><U109/><E126/><V78/><F125/><W124/><G110/><N who="1" m="41994" /><E83/><V104/><F104/><W113/><G100/><T36/><D36/><U58/><E58/><V94/><F94/><N who="1" m="36457" /><E97/><V37/><F37/><W43/><G113/><T56/><D86/><U79/><E79/><V130/><F130/><W60/><G131/><T9/><D96/><U3/><E132/><V49/><F49/><W41/><G127/><T0/><D99/><U8/><E11/><V67/><F67/><W103/><G103/><T25/><REACH who="0" step="1"/><D0/><REACH who="0" ten="200,340,220,230" step="2"/><U118/><E118/><V19/><F10/><W77/><G124/><T29/><D29/><U63/><E63/><V70/><F70/><W33/><G69/><T23/><D23/><U48/><E50/><V95/><F95/><W106/><G106/><T134/><D134/><AGARI ba="0,1" hai="16,18,19,78,80,85,133,134" m="63703,44074" machi="134" ten="40,8000,1" yaku="11,1,52,2,54,1" doraHai="129" who="2" fromWho="0" sc="200,-80,340,0,220,90,230,0" /><INIT seed="2,0,0,0,0,134" ten="120,340,310,230" oya="2" hai0="78,1,56,100,53,75,104,60,30,105,2,43,111" hai1="42,0,107,73,109,84,115,70,77,87,122,66,79" hai2="37,10,99,63,110,95,67,124,59,129,29,92,47" hai3="39,118,127,132,116,49,6,26,62,82,57,9,34"/><V24/><F129/><W41/><G132/><T83/><D111/><U135/><E135/><V108/><F10/><W131/><G49/><T38/><D30/><U106/><E109/><N who="2" m="42091" /><F99/><W133/><G133/><T19/><D100/><U89/><E0/><V126/><F95/><W33/><G131/><T94/><D94/><U35/><E35/><N who="2" m="20903" /><F92/><W76/><G26/><T27/><D27/><U119/><E119/><V74/><F74/><W90/><G90/><T8/><D19/><U21/><E89/><V25/><F25/><W121/><G116/><T3/><REACH who="0" step="1"/><D8/><REACH who="0" ten="110,340,310,230" step="2"/><U58/><E107/><V65/><F65/><W45/><G118/><T28/><D28/><U14/><E106/><V7/><F7/><W93/><G93/><T97/><D97/><U20/><E66/><V51/><F37/><W123/><G34/><T71/><D71/><U101/><E70/><V98/><F98/><W12/><G33/><T80/><D80/><U40/><E122/><V120/><F120/><W64/><G123/><T113/><D113/><U48/><E115/><V44/><F44/><AGARI ba="0,1" hai="1,2,3,38,43,44,53,56,60,75,78,83,104,105" machi="44" ten="40,1300,0" yaku="1,1,53,0" doraHai="134" doraHaiUra="86" who="0" fromWho="2" sc="110,23,340,0,310,-13,230,0" /><INIT seed="3,0,0,4,5,121" ten="133,340,297,230" oya="3" hai0="104,131,105,19,48,47,130,26,49,99,91,40,24" hai1="50,14,22,93,68,87,3,128,126,82,123,25,21" hai2="28,127,122,56,95,20,96,27,10,1,108,70,62" hai3="31,15,34,35,129,74,132,90,80,110,51,32,112"/><W5/><G112/><T85/><D49/><U69/><E3/><V54/><F127/><W59/><G132/><T33/><D99/><U120/><E126/><V57/><F70/><W116/><G129/><N who="0" m="49163" /><D19/><U36/><E36/><V83/><F122/><W106/><G116/><T75/><D75/><U2/><E2/><V72/><F57/><W44/><G106/><N who="0" m="41067" /><D33/><U45/><E93/><AGARI ba="0,0" hai="24,26,40,47,48,85,91,93" m="41067,49163" machi="93" ten="30,1000,0" yaku="19,1" doraHai="121" who="0" fromWho="1" sc="133,10,340,-10,297,0,230,0" /><INIT seed="4,0,0,1,5,57" ten="143,330,297,230" oya="0" hai0="58,9,56,75,3,19,118,27,119,125,38,130,26" hai1="42,12,101,55,52,105,93,69,82,11,10,121,108" hai2="50,43,106,103,83,71,133,13,132,100,126,33,98" hai3="122,44,89,16,51,76,35,127,91,85,80,39,17"/><T60/><D75/><U25/><E105/><V84/><F33/><W135/><G122/><T47/><D58/><U15/><E69/><V77/><F13/><W48/><G35/><T30/><D125/><U45/><E108/><V37/><F71/><W92/><G127/><T63/><D130/><U102/><E121/><V21/><F21/><W54/><G39/><T34/><D60/><U112/><E112/><V94/><F50/><W73/><G135/><N who="2" m="51785" /><F126/><W29/><G29/><T78/><D78/><U62/><E25/><V6/><F6/><W117/><G117/><T2/><D2/><U40/><E93/><V41/><F37/><W107/><G107/><T46/><D46/><U70/><E70/><V49/><F49/><W72/><G72/><T109/><D109/><U18/><E45/><V20/><F20/><W86/><REACH who="3" step="1"/><G51/><REACH who="3" ten="143,330,297,220" step="2"/><T5/><D38/><U124/><E124/><V114/><F114/><W8/><G8/><T129/><D129/><U28/><E28/><V115/><F115/><W24/><G24/><T23/><REACH who="0" step="1"/><D47/><REACH who="0" ten="133,330,297,220" step="2"/><U66/><E11/><V128/><F128/><W131/><G131/><T113/><D113/><U53/><E10/><V97/><AGARI ba="0,2" hai="41,43,77,83,84,94,97,98,100,103,106" m="51785" machi="97" ten="30,1100,0" yaku="20,1" doraHai="57" who="2" fromWho="2" sc="133,-5,330,-3,297,31,220,-3" /><INIT seed="5,0,0,4,1,98" ten="128,327,328,217" oya="1" hai0="130,5,129,6,53,93,116,47,72,52,121,33,96" hai1="17,29,1,112,111,11,68,85,91,92,103,83,7" hai2="65,0,135,57,21,73,61,18,90,84,28,128,76" hai3="37,2,86,134,48,32,36,4,125,133,9,107,127"/><U87/><E68/><V113/><F0/><W40/><G107/><T78/><D116/><U132/><E132/><V14/><F135/><N who="3" m="51723" /><G48/><T54/><D33/><U94/><E112/><V51/><F128/><W99/><G99/><T71/><D71/><U82/><E111/><V69/><F73/><W79/><G32/><T124/><D124/><N who="3" m="47689" /><G40/><T13/><D121/><U39/><E39/><N who="3" m="14922" /><G86/><T59/><D59/><U114/><E114/><V70/><F113/><W118/><G79/><T117/><D117/><AGARI ba="0,0" hai="2,4,9,117,118" m="14922,47689,51723" machi="117" ten="40,5200,0" yaku="20,1,18,1,23,1" doraHai="98" who="3" fromWho="0" sc="128,-52,327,0,328,0,217,52" /><INIT seed="6,0,0,5,3,78" ten="76,327,328,269" oya="2" hai0="54,28,100,101,87,37,94,6,130,4,1,71,96" hai1="15,38,120,76,74,115,93,127,29,31,68,77,67" hai2="49,25,45,35,44,23,33,55,95,99,47,57,124" hai3="60,17,110,18,61,75,134,92,64,24,102,84,14"/><V34/><F124/><W0/><G0/><T107/><D107/><U3/><E3/><V51/><F51/><W133/><G75/><T81/><D130/><U59/><E68/><V22/><REACH who="2" step="1"/><F25/><REACH who="2" ten="76,327,318,269" step="2"/><W42/><G24/><T36/><D37/><U122/><E127/><V46/><N who="2" m="11264" /><DORA hai="27" /><V103/><AGARI ba="0,1" hai="22,23,33,34,35,49,55,57,95,99,103" m="11264" machi="103" ten="50,9600,0" yaku="1,1,4,1,0,1,53,0" doraHai="78,27" doraHaiUra="128,62" who="2" fromWho="2" sc="76,-32,327,-32,318,106,269,-32" /><INIT seed="6,1,0,2,1,119" ten="44,295,424,237" oya="2" hai0="118,87,79,48,12,122,4,24,53,6,111,58,47" hai1="14,83,120,39,56,63,57,17,94,110,0,18,34" hai2="62,60,70,36,31,43,37,100,13,99,10,25,107" hai3="74,68,80,20,95,91,42,135,44,101,124,2,50"/><V26/><F26/><W106/><G68/><T103/><D111/><U133/><E110/><V104/><F104/><W115/><G2/><T129/><D118/><U88/><E0/><V113/><F113/><W41/><G115/><T102/><D129/><U92/><E39/><V65/><F60/><W78/><G135/><T125/><D125/><U35/><E133/><V28/><F28/><W109/><G124/><T89/><D122/><U9/><E56/><V76/><F76/><W134/><G134/><T8/><D6/><U73/><E18/><V21/><F43/><W19/><G101/><T61/><D24/><U67/><E120/><V32/><F21/><W132/><G106/><T121/><D121/><U131/><E131/><V116/><F116/><W59/><G59/><T29/><D29/><U66/><E66/><V52/><F52/><W7/><G7/><AGARI ba="1,0" hai="7,10,13,25,31,32,36,37,62,65,70,99,100,107" machi="7" ten="30,5800,0" yaku="7,1,25,2" doraHai="119" who="2" fromWho="3" sc="44,0,295,0,424,61,237,-61" /><INIT seed="6,2,0,4,3,32" ten="44,295,485,176" oya="2" hai0="77,28,82,58,63,120,124,65,119,38,86,76,35" hai1="96,4,55,107,46,94,22,10,72,34,48,5,131" hai2="113,91,126,30,134,106,125,88,108,3,7,31,61" hai3="67,27,133,52,101,20,70,12,47,98,17,36,104"/><V111/><F106/><W121/><G121/><T116/><D120/><U123/><E131/><V132/><F61/><W112/><G112/><T79/><D38/><U92/><E34/><V66/><F66/><W59/><G133/><T51/><D124/><U117/><E117/><V74/><F74/><W90/><G90/><T130/><D130/><U45/><E72/><V80/><F80/><W110/><G110/><T128/><D128/><U73/><E73/><V49/><F49/><W84/><G84/><T37/><D37/><U1/><E5/><V129/><F129/><W11/><G67/><T19/><D19/><U0/><E123/><V43/><F7/><W54/><G70/><T21/><D21/><U62/><E62/><V75/><F75/><W81/><G81/><T26/><REACH who="0" step="1"/><D51/><REACH who="0" ten="34,295,485,176" step="2"/><U57/><E22/><V95/><F126/><W93/><G36/><T85/><D85/><U29/><E48/><V109/><F125/><W97/><G20/><T33/><D33/><U53/><E10/><V41/><F111/><W102/><G11/><T60/><D60/><U71/><E4/><V68/><F109/><W115/><G115/><T83/><D83/><U2/><E96/><V24/><F108/><W39/><G39/><T64/><D64/><U118/><E118/><AGARI ba="2,1" hai="26,28,35,58,63,65,76,77,79,82,86,116,118,119" machi="118" ten="40,2600,0" yaku="1,1,12,1,53,0" doraHai="32" doraHaiUra="99" who="0" fromWho="1" sc="34,42,295,-32,485,0,176,0" /><INIT seed="7,0,0,3,4,15" ten="76,263,485,176" oya="3" hai0="33,90,18,45,10,70,19,106,131,129,108,88,74" hai1="84,89,28,78,64,126,127,73,58,3,62,92,120" hai2="36,104,40,110,114,75,51,130,14,48,22,16,44" hai3="38,91,80,85,76,67,105,93,52,37,43,12,30"/><W125/><G125/><N who="1" m="47626" /><E120/><V1/><F1/><W24/><G67/><T107/><D108/><U31/><E3/><V119/><F119/><W101/><G43/><T39/><D10/><U56/><E56/><V0/><F0/><W41/><G41/><N who="0" m="22719" /><D70/><U111/><E111/><V63/><F114/><W35/><G12/><T7/><D7/><U6/><E6/><V118/><F118/><W122/><G122/><T29/><D74/><U53/><E53/><V25/><F130/><N who="0" m="49674" /><D29/><N who="1" m="11339" /><E78/><V42/><F75/><AGARI ba="0,0" hai="58,62,64,73,75,84,89,92" m="11339,47626" machi="75" ten="30,1000,0" yaku="18,1" doraHai="15" who="1" fromWho="2" sc="76,0,263,10,485,-10,176,0" owari="76,-42.0,273,7.0,475,57.0,176,-22.0" /></mjloggm>