<mjloggm ver="2.3"><GO type="169" lobby="0"/><UN n0="%E3%81%A6%E3%82%8B" n1="%E3%82%A6%E3%83%AB%E3%83%88%E3%83%A9%E7%AB%8B%E7%9B%B4" n2="%E3%81%8F%E3%82%8D%E3%81%AF%E3%81%A1" n3="%E3%83%95%E3%83%AA%E3%83%86%E3%83%B3" dan="16,16,16,17" rate="2068.91,2095.90,2074.19,2127.26" sx="M,M,M,M"/><TAIKYOKU oya="0"/><INIT seed="0,0,0,5,2,57" ten="250,250,250,250" oya="0" hai0="93,135,32,68,78,118,133,64,70,2,112,29,52" hai1="105,126,0,54,101,80,109,95,99,24,43,49,20" hai2="85,96,82,77,56,62,97,45,22,38,123,55,25" hai3="39,113,58,10,48,125,5,6,17,14,51,100,40"/><T28/><D118/><U61/><E0/><V66/><F123/><W84/><G113/><T36/><D2/><U35/><E35/><V131/><F131/><W129/><G129/><T107/><D107/><U116/><E116/><V71/><F38/><W63/><G125/><T34/><D36/><U42/><E109/><V76/><F76/><W104/><G39/><T23/><D78/><U72/><E126/><V89/><F77/><W127/><G127/><T1/><D1/><U86/><E72/><V9/><F9/><W115/><G104/><T50/><D112/><U44/><E105/><V83/><F83/><W130/><G100/><T117/><D117/><U18/><E61/><V65/><F45/><N who="3" m="25639" /><G51/><T31/><D23/><U53/><E43/><V37/><F37/><W4/><G115/><T87/><D64/><N who="2" m="24682" /><F71/><N who="0" m="27178" /><D93/><U134/><E80/><V128/><F128/><W15/><G130/><T108/><D108/><U47/><E86/><V69/><F69/><W19/><G84/><T94/><D87/><U120/><E120/><V111/><F111/><W88/><G88/><T90/><D90/><U122/><E122/><V124/><F124/><W12/><G10/><T33/><D94/><U110/><E110/><V106/><F106/><W102/><G102/><T103/><D103/><U21/><E95/><V114/><F114/><W75/><G75/><T30/><N who="0" m="7680" /><DORA hai="27" /><T79/><D79/><U119/><E101/><V16/><AGARI ba="0,0" hai="16,22,25,55,56,62,82,85,89,96,97" m="24682" machi="16" ten="30,4000,0" yaku="8,1,52,1,54,1" doraHai="57,27" who="2" fromWho="2" sc="250,-20,250,-10,250,40,250,-10" /><INIT seed="1,0,0,4,2,3" ten="230,240,290,240" oya="1" hai0="127,81,103,119,108,25,61,6,129,13,83,132,88" hai1="0,40,50,73,100,78,95,59,113,94,109,106,117" hai2="131,56,72,57,74,104,62,45,10,54,48,28,115" hai3="128,92,34,46,63,91,85,20,1,7,86,67,107"/><U65/><E117/><V41/><F104/><W69/><G34/><T76/><D119/><U70/><E113/><V80/><F115/><W5/><G107/><T4/><D108/><U71/><E109/><V23/><F131/><W47/><G128/><T101/><D129/><U8/><E106/><V93/><F80/><W24/><G1/><T18/><D132/><U105/><E105/><V15/><F93/><W122/><G122/><T42/><D127/><U96/><E78/><V55/><F23/><W99/><G85/><N who="0" m="48295" /><D42/><U12/><E73/><V58/><F28/><W51/><G86/><N who="0" m="50271" /><D61/><N who="1" m="38079" /><E70/><V133/><F133/><W35/><G35/><T31/><D31/><U68/><E68/><V43/><F43/><W82/><G82/><T39/><D25/><U14/><E71/><V118/><F118/><W112/><G112/><T111/><D111/><U22/><E0/><V134/><F134/><W49/><G49/><T2/><D39/><U79/><E50/><V17/><F58/><W125/><G125/><T124/><D2/><U90/><E79/><V98/><F98/><W29/><G47/><T26/><D26/><U110/><E40/><AGARI ba="0,0" hai="5,7,20,24,29,40,46,51,63,67,69,91,92,99" machi="40" ten="30,3900,0" yaku="7,1,52,2" doraHai="3" who="3" fromWho="1" sc="230,0,240,-39,290,0,240,39" /><INIT seed="2,0,0,0,4,126" ten="230,201,290,279" oya="2" hai0="93,38,7,31,61,23,96,83,34,20,1,112,63" hai1="95,47,79,17,120,8,122,119,21,101,117,22,67" hai2="48,66,15,134,24,42,9,50,4,13,54,132,87" hai3="75,116,29,27,102,68,125,65,36,45,129,51,2"/><V130/><F66/><W109/><G51/><T77/><D34/><U25/><E67/><V35/><F42/><W107/><G75/><T135/><D112/><U78/><E8/><V52/><F35/><W3/><G109/><T6/><D38/><U98/><E47/><N who="2" m="27679" /><F24/><W33/><G116/><T89/><D135/><N who="2" m="51754" /><F87/><W62/><G125/><T40/><D40/><U11/><E11/><V16/><F130/><W90/><G90/><T110/><D110/><U85/><E22/><N who="2" m="11551" /><F50/><W37/><G129/><T76/><D23/><U41/><E41/><V64/><F64/><W105/><G37/><T81/><D20/><U111/><E111/><V123/><F54/><W108/><G108/><T71/><D31/><U92/><E119/><V84/><F84/><W53/><G105/><T14/><D14/><U0/><E117/><V10/><F10/><W56/><G36/><T104/><D104/><U118/><E118/><V69/><F123/><W18/><G45/><T82/><D77/><U59/><E79/><V58/><F58/><W28/><G18/><T32/><D76/><U73/><E59/><V133/><N who="2" m="51762" /><V44/><DORA hai="97" /><F69/><W60/><REACH who="3" step="1"/><G29/><REACH who="3" ten="230,201,290,269" step="2"/><T124/><D89/><N who="1" m="53295" /><E122/><V39/><F39/><W121/><G121/><T72/><D71/><U70/><E70/><V12/><F44/><W57/><G57/><T80/><D6/><U86/><E120/><V127/><F127/><W91/><G91/><T5/><D7/><U46/><E46/><V43/><F43/><W99/><AGARI ba="0,1" hai="2,3,27,28,33,53,56,60,62,65,68,99,102,107" machi="99" ten="30,8000,1" yaku="1,1,0,1,25,2,52,1,53,0" doraHai="126,97" doraHaiUra="106,128" who="3" fromWho="3" sc="230,-20,201,-20,290,-40,269,90" /><INIT seed="3,0,0,1,4,54" ten="210,181,250,359" oya="3" hai0="37,58,123,0,130,61,94,51,24,121,67,53,11" hai1="112,25,126,125,127,92,62,64,72,90,46,70,38" hai2="48,84,40,98,29,60,80,108,106,7,78,10,68" hai3="128,34,1,23,14,135,75,134,50,45,88,81,74"/><W111/><G1/><T55/><D130/><U96/><E72/><V19/><F108/><W43/><G34/><T36/><D24/><U47/><E38/><V89/><F29/><W91/><G128/><T85/><D0/><U44/><REACH who="1" step="1"/><E25/><REACH who="1" ten="210,171,250,359" step="2"/><V105/><F105/><W110/><G75/><T12/><D37/><U103/><E103/><V69/><F106/><W99/><G110/><T97/><D36/><U114/><AGARI ba="0,1" hai="44,46,47,62,64,70,90,92,96,112,114,125,126,127" machi="114" ten="40,8000,1" yaku="1,1,0,1,18,1,53,1" doraHai="54" doraHaiUra="57" who="1" fromWho="1" sc="210,-20,171,90,250,-20,359,-40" /><INIT seed="4,0,0,4,5,73" ten="190,261,230,319" oya="0" hai0="29,21,123,82,14,56,57,46,135,48,59,88,106" hai1="122,67,60,75,51,70,133,129,58,79,74,66,55" hai2="38,132,62,34,85,68,64,97,89,120,26,63,61" hai3="101,93,23,92,131,107,102,0,28,69,9,109,15"/><T36/><D106/><U134/><E122/><V110/><F110/><W5/><G109/><T43/><D123/><U33/><E33/><V116/><F120/><W96/><G69/><T13/><D135/><N who="1" m="51723" /><E129/><V19/><F132/><W2/><G131/><T78/><D88/><U22/><E79/><V25/><F38/><W86/><G107/><T65/><D65/><N who="1" m="41255" /><E22/><N who="2" m="13535" /><F34/><W113/><G113/><T35/><D35/><U117/><E117/><V24/><F68/><W103/><G2/><T105/><D105/><U52/><E55/><V128/><F128/><W90/><G0/><T40/><D40/><U111/><E111/><V100/><F64/><AGARI ba="0,0" hai="51,52,58,64,66,67,74,75" m="41255,51723" machi="64" ten="30,2000,0" yaku="20,1,54,1" doraHai="73" who="1" fromWho="2" sc="190,0,261,20,230,-20,319,0" /><INIT seed="5,0,0,0,4,4" ten="190,281,210,319" oya="1" hai0="125,17,98,9,58,101,121,64,112,70,39,65,102" hai1="131,95,61,135,96,71,94,20,18,56,91,63,14" hai2="48,26,113,126,43,13,84,106,25,75,111,122,27" hai3="44,79,118,52,16,115,5,117,89,42,15,90,29"/><U6/><E131/><V72/><F111/><W77/><G115/><T128/><D70/><U40/><E135/><V55/><F122/><W35/><G5/><T51/><D39/><U31/><E71/><V2/><F2/><W66/><G66/><T120/><D112/><U73/><E73/><V109/><F109/><W24/><G77/><T83/><D128/><U100/><E40/><V38/><F106/><W103/><G79/><T28/><D28/><U50/><E31/><V22/><F113/><W0/><G103/><T32/><D32/><U60/><E6/><V8/><F22/><W74/><G74/><T10/><D125/><U49/><E56/><V124/><F84/><AGARI ba="0,0" hai="14,18,20,49,50,60,61,63,84,91,94,95,96,100" machi="84" ten="40,2000,0" yaku="8,1" doraHai="4" who="1" fromWho="2" sc="190,0,281,20,210,-20,319,0" /><INIT seed="5,1,0,5,1,63" ten="190,301,190,319" oya="1" hai0="37,50,49,61,60,123,76,99,134,126,90,113,118" hai1="100,70,103,86,112,116,20,57,32,53,62,68,16" hai2="83,66,122,91,22,94,82,28,73,2,120,74,54" hai3="111,18,25,46,128,45,23,13,104,14,17,117,27"/><U115/><E32/><V41/><F2/><W29/><G111/><T0/><D76/><U132/><E132/><V71/><F41/><W30/><G104/><T43/><D90/><U44/><E44/><V6/><F6/><W52/><G128/><T107/><D99/><U15/><E116/><V101/><F54/><W67/><G117/><T81/><D81/><N who="2" m="30730" /><F22/><N who="3" m="15607" /><G67/><T33/><D61/><U31/><E31/><V121/><F28/><W88/><G88/><T80/><D60/><U119/><E86/><N who="2" m="52599" /><F66/><W72/><G72/><N who="2" m="27753" /><F71/><W42/><G42/><T58/><D58/><U7/><E7/><V4/><F4/><W36/><G36/><T87/><D43/><U34/><E34/><V89/><F89/><W10/><G52/><T26/><D50/><U56/><E56/><V47/><F47/><N who="3" m="17931" /><G14/><T84/><D49/><U106/><E70/><V51/><F51/><W39/><G39/><T109/><D37/><U55/><E68/><V9/><F9/><W8/><G30/><T97/><D33/><U75/><E55/><V102/><AGARI ba="1,0" hai="101,102,120,121,122" m="27753,52599,30730" machi="102" ten="40,2700,0" yaku="34,2" doraHai="63" who="2" fromWho="2" sc="190,-8,301,-14,190,30,319,-8" /><INIT seed="6,0,0,3,1,24" ten="182,287,220,311" oya="2" hai0="135,68,120,103,64,84,54,51,119,76,116,126,96" hai1="55,48,37,88,130,41,79,63,15,60,67,78,117" hai2="125,123,97,52,95,7,12,112,25,4,122,33,53" hai3="74,11,47,49,45,65,22,133,62,39,129,105,2"/><V89/><F112/><W18/><G105/><T6/><D120/><U73/><E73/><V131/><F131/><W3/><G74/><T29/><D135/><U102/><E37/><V93/><F125/><W104/><G104/><T115/><D115/><U30/><E102/><V113/><F113/><W127/><G133/><T82/><D126/><U59/><E117/><N who="0" m="45129" /><D6/><N who="2" m="2090" /><F33/><W66/><G11/><T42/><D42/><U56/><E15/><V20/><F123/><W85/><G85/><T44/><D64/><U58/><E130/><V35/><F35/><W107/><G22/><T21/><D68/><U70/><E70/><V14/><F122/><W109/><G47/><T99/><D103/><U10/><E10/><V38/><F38/><W31/><G39/><T106/><D106/><U101/><E101/><N who="2" m="60591" /><F12/><W72/><G107/><T50/><D51/><U92/><E48/><V16/><F14/><W34/><G49/><T86/><D86/><AGARI ba="0,0" hai="16,20,25,52,53,86,89,95" m="60591,2090" machi="86" ten="30,5800,0" yaku="8,1,54,2" doraHai="24" who="2" fromWho="0" sc="182,-58,287,0,220,58,311,0" /><INIT seed="6,1,0,1,0,19" ten="124,287,278,311" oya="2" hai0="25,70,90,110,36,120,14,40,89,33,135,68,134" hai1="108,130,112,56,96,20,100,86,123,60,63,5,82" hai2="16,109,106,8,126,22,12,75,13,27,69,38,73" hai3="101,72,76,11,61,105,1,50,111,107,28,39,44"/><V49/><F38/><W93/><G111/><T80/><D120/><U77/><E108/><V66/><F109/><W37/><G61/><T115/><D110/><U103/><E130/><V18/><F106/><W128/><G128/><T43/><D115/><U116/><E116/><V54/><F126/><W15/><G28/><T92/><D80/><U46/><E112/><V114/><F114/><W10/><G93/><T132/><D14/><U127/><E127/><V91/><F66/><W64/><G64/><T67/><D67/><N who="1" m="39303" /><E5/><V88/><F69/><W55/><G1/><T48/><D36/><U98/><E63/><V32/><F32/><W87/><G11/><T83/><D83/><U84/><E46/><N who="2" m="27959" /><F73/><W81/><G72/><T47/><D43/><U131/><E86/><V2/><F75/><W4/><G107/><T129/><D129/><U118/><E118/><V117/><F2/><W17/><G4/><T79/><D79/><U3/><E3/><V78/><F78/><W97/><AGARI ba="1,0" hai="10,15,17,37,39,44,50,55,76,81,87,97,101,105" machi="97" ten="30,1100,0" yaku="0,1" doraHai="19" who="3" fromWho="3" sc="124,-4,287,-4,278,-6,311,14" /><INIT seed="7,0,0,5,3,27" ten="120,283,272,325" oya="3" hai0="8,70,99,66,13,46,68,130,81,52,42,63,11" hai1="135,123,122,1,7,60,131,41,44,76,61,96,80" hai2="32,92,134,54,108,14,82,105,26,77,40,85,39" hai3="94,6,30,88,35,25,119,86,53,117,4,37,73"/><W128/><G73/><T65/><D130/><U74/><E131/><V112/><F105/><W57/><G37/><T113/><D99/><U121/><E96/><V31/><F108/><W127/><G128/><T2/><D2/><U45/><E45/><V3/><F3/><W78/><G78/><T23/><D113/><U90/><E90/><V56/><F134/><W124/><G6/><T34/><D34/><U17/><E17/><V126/><F126/><N who="3" m="48171" /><G4/><T33/><D33/><U21/><E21/><V103/><F112/><W59/><G59/><T72/><D23/><U55/><E55/><V95/><F103/><W125/><G125/><T101/><D101/><U89/><E89/><V18/><F40/><W24/><G25/><T19/><D72/><U10/><E135/><V28/><F31/><W36/><G36/><AGARI ba="0,0" hai="1,7,10,36,41,44,60,61,74,76,80,121,122,123" machi="36" ten="40,2600,0" yaku="25,2" doraHai="27" who="1" fromWho="3" sc="120,0,283,26,272,0,325,-26" owari="120,-38.0,309,41.0,272,-13.0,299,10.0" /></mjloggm>