<mjloggm ver="2.3"><GO type="97" lobby="0"/><UN n0="%6A%75%72%69%65%73%75" n1="%64%68%69%6E%61%64%61%6E" n2="%E5%B0%B1%E6%B4%BB%E7%94%9F%40%E5%B7%9D%E6%9D%91%E8%BB%8D%E5%9B%A3" n3="%E3%82%A8%E3%83%83%E3%83%95%E3%82%A7%E3%83%AB%E5%A1%94" dan="14,15,15,15" rate="1911.50,1951.56,1978.14,2009.05" sx="M,M,M,M"/><TAIKYOKU oya="0"/><INIT seed="0,0,0,4,5,9" ten="250,250,250,250" oya="0" hai0="48,92,76,88,61,44,133,8,38,65,33,129,70" hai1="74,11,51,55,97,132,80,56,114,104,2,126,42" hai2="32,108,110,118,85,101,100,21,72,31,45,64,19" hai3="3,47,127,58,96,91,125,98,99,124,134,52,17"/><T43/><D33/><U54/><E132/><V41/><F72/><W115/><G3/><T37/><D133/><U49/><E126/><V94/><F118/><W63/><G134/><T50/><D76/><U30/><E114/><V77/><F32/><W122/><G115/><T68/><D68/><U113/><E113/><V87/><F31/><W25/><G122/><T120/><D120/><U128/><E42/><V24/><F64/><W111/><G111/><N who="2" m="42537" /><F77/><W112/><G112/><T1/><D129/><U95/><E30/><V14/><F24/><W59/><G47/><T12/><D1/><U86/><E74/><V67/><F67/><W71/><G71/><T5/><REACH who="0" step="1"/><D38/><REACH who="0" ten="240,250,250,250" step="2"/><U46/><E128/><V13/><F101/><W28/><G124/><T109/><D109/><U18/><E2/><V123/><F123/><W81/><G125/><T34/><D34/><U4/><E104/><V105/><F105/><W73/><G127/><T57/><D57/><U20/><E56/><V103/><F103/><W27/><G59/><T84/><AGARI ba="0,1" hai="5,8,12,37,43,44,48,50,61,65,70,84,88,92" machi="84" ten="20,18000,2" yaku="1,1,0,1,7,1,52,1,54,1,53,1" doraHai="9" doraHaiUra="62" who="0" fromWho="0" sc="240,190,250,-60,250,-60,250,-60" /><INIT seed="0,1,0,2,4,7" ten="430,190,190,190" oya="0" hai0="123,5,81,54,98,109,48,75,57,12,9,24,62" hai1="76,79,84,52,92,90,107,1,120,72,131,108,20" hai2="78,45,71,33,53,91,82,101,121,28,55,100,65" hai3="67,51,17,59,49,127,29,30,18,31,104,89,58"/><T41/><D123/><U122/><E1/><V21/><F121/><W99/><G127/><T112/><D112/><U114/><E20/><V86/><F33/><W22/><G104/><T40/><D24/><U73/><E52/><N who="2" m="20043" /><F71/><W85/><G99/><T96/><D109/><U15/><E15/><V94/><F65/><W13/><G67/><T0/><D0/><U47/><E47/><V119/><F119/><W34/><G34/><T43/><REACH who="0" step="1"/><D62/><REACH who="0" ten="420,190,190,190" step="2"/><U46/><E108/><V38/><F38/><W115/><G115/><T35/><D35/><U63/><E114/><V116/><F116/><W106/><G30/><T126/><D126/><U69/><E63/><V87/><F45/><W10/><G31/><T129/><D129/><U70/><E46/><V111/><F111/><W132/><G29/><T80/><D80/><U83/><E131/><V19/><F28/><W93/><G51/><T66/><D66/><U37/><E83/><V3/><F3/><W130/><G130/><T39/><D39/><U60/><E37/><V95/><F95/><W4/><G49/><T74/><D74/><U42/><E60/><V118/><F118/><W103/><G93/><T124/><D124/><U2/><E2/><V8/><F94/><W23/><G106/><T97/><D97/><U128/><E107/><V27/><F86/><W44/><G85/><T50/><D50/><U56/><E128/><V113/><F113/><W117/><G117/><T16/><D16/><U134/><E72/><V32/><F32/><W11/><G44/><T25/><D25/><U102/><E84/><V105/><F87/><RYUUKYOKU ba="1,1" sc="420,30,190,-10,190,-10,190,-10" hai0="5,9,12,40,41,43,48,54,57,75,81,96,98" /><INIT seed="0,2,1,1,5,39" ten="450,180,180,180" oya="0" hai0="29,48,33,99,30,75,126,131,91,46,130,133,132" hai1="26,9,71,113,35,37,82,34,105,110,55,123,47" hai2="104,36,76,28,57,43,4,0,108,5,85,58,86" hai3="42,70,17,80,24,119,109,92,38,112,79,72,120"/><T118/><D75/><U114/><E123/><V31/><F104/><W87/><G70/><T69/><D69/><U27/><E110/><V127/><F108/><W56/><G119/><T94/><D118/><U2/><E105/><V20/><F127/><W41/><G109/><T77/><D77/><U19/><E71/><V40/><F36/><W23/><G112/><N who="1" m="43114" /><E82/><N who="2" m="47303" /><F0/><W12/><G38/><T53/><D126/><U135/><E135/><N who="0" m="51785" /><D33/><N who="1" m="12299" /><E55/><V124/><F124/><W103/><G120/><T93/><D94/><U44/><E2/><V128/><F128/><AGARI ba="2,1" hai="29,30,46,48,53,91,93,99,128,130,131" m="51785" machi="128" ten="30,2900,0" yaku="19,1,20,1" doraHai="39" who="0" fromWho="2" sc="450,45,180,0,180,-35,180,0" /><INIT seed="0,3,0,3,3,88" ten="495,180,145,180" oya="0" hai0="99,42,54,90,20,97,126,35,8,122,104,76,94" hai1="65,51,12,85,21,40,49,17,77,111,95,81,91" hai2="45,47,66,29,22,135,6,120,133,33,2,102,121" hai3="58,103,9,69,55,68,131,19,118,73,60,5,23"/><T116/><D116/><U129/><E111/><V80/><F33/><W50/><G131/><T107/><D122/><N who="2" m="47210" /><F102/><W24/><G73/><T15/><D35/><U25/><E129/><V117/><F80/><W72/><G72/><T52/><D76/><U108/><E108/><V132/><F117/><W61/><G118/><T86/><D20/><U82/><E65/><V87/><F87/><W100/><G69/><T4/><D126/><U18/><E40/><V89/><F89/><W30/><G19/><T39/><D39/><U57/><E57/><V113/><F113/><W119/><G119/><T123/><D42/><U48/><REACH who="1" step="1"/><E77/><REACH who="1" ten="495,170,145,180" step="2"/><V13/><F66/><W92/><G68/><T112/><D123/><U96/><E96/><V1/><F47/><W134/><G134/><T67/><D67/><U46/><E46/><V93/><F45/><W101/><REACH who="3" step="1"/><G92/><REACH who="3" ten="495,170,145,170" step="2"/><T27/><D112/><U105/><E105/><V43/><F93/><W38/><G38/><T36/><D104/><U128/><E128/><V64/><F135/><W70/><G70/><T16/><D36/><U11/><AGARI ba="3,2" hai="11,12,17,18,21,25,48,49,51,81,82,85,91,95" machi="11" ten="30,8000,1" yaku="1,1,0,1,8,1,52,1,53,1" doraHai="88" doraHaiUra="7" who="1" fromWho="1" sc="495,-43,170,109,145,-23,170,-23" /><INIT seed="1,0,0,1,0,54" ten="452,279,122,147" oya="1" hai0="99,60,65,76,79,75,12,19,123,124,113,120,31" hai1="73,50,130,3,7,15,18,47,11,36,114,63,135" hai2="33,24,106,21,2,16,125,122,134,49,25,111,121" hai3="127,17,117,95,62,110,107,42,44,13,112,74,108"/><U51/><E114/><V6/><F106/><W40/><G107/><T59/><D113/><U89/><E135/><V115/><F115/><W98/><G112/><T86/><D75/><U77/><E130/><V129/><F49/><W4/><G4/><T93/><D31/><U87/><E63/><V71/><F71/><W109/><G74/><T105/><D105/><U68/><E68/><V96/><F96/><W1/><G1/><T102/><D124/><U131/><E131/><V23/><F129/><W119/><G62/><T14/><D14/><U22/><E36/><V82/><F82/><W80/><G80/><T97/><D97/><U56/><E73/><V46/><F46/><W38/><G42/><T55/><D86/><U10/><E77/><V8/><F134/><W58/><G58/><T92/><D92/><N who="1" m="54335" /><E3/><V27/><F125/><W43/><G43/><T57/><D120/><N who="2" m="46186" /><F111/><W39/><G39/><T61/><D123/><U9/><E7/><V81/><F81/><W72/><G72/><T45/><D45/><U118/><E118/><V69/><F69/><W94/><G127/><T20/><AGARI ba="0,0" hai="12,19,20,55,57,59,60,61,65,76,79,93,99,102" machi="20" ten="20,8000,1" yaku="0,1,7,1,8,1,52,2" doraHai="54" who="0" fromWho="0" sc="452,80,279,-40,122,-20,147,-20" /><INIT seed="2,0,0,3,1,76" ten="532,239,102,127" oya="2" hai0="81,74,122,26,85,110,105,37,55,60,23,87,32" hai1="33,34,52,18,20,14,63,127,80,25,130,83,116" hai2="129,2,36,7,50,123,99,5,86,45,62,46,35" hai3="92,77,96,24,13,30,104,12,44,65,57,72,107"/><V11/><F123/><W39/><G107/><T112/><D122/><U66/><E116/><V117/><F117/><W115/><G104/><T93/><D105/><U19/><E34/><V51/><F35/><W27/><G27/><T15/><D37/><U94/><E130/><V43/><F129/><W28/><G28/><T118/><D118/><U21/><E33/><V75/><F75/><W89/><G115/><T114/><D74/><U47/><E127/><V133/><F133/><W82/><G65/><T120/><D120/><U111/><E111/><V88/><F99/><W97/><G97/><T101/><D110/><U124/><E124/><V90/><F7/><W113/><G113/><T31/><D87/><U100/><E66/><V8/><F8/><W79/><G79/><T67/><D55/><U42/><E42/><V40/><F36/><W73/><G73/><T54/><D54/><U56/><E47/><V102/><F102/><W103/><G57/><T49/><D49/><U126/><E126/><V84/><REACH who="2" step="1"/><F62/><REACH who="2" ten="532,239,92,127" step="2"/><W6/><G103/><T134/><D134/><U121/><E121/><V10/><F10/><W108/><G6/><T128/><D128/><U61/><E63/><V78/><F78/><W59/><G108/><T70/><D32/><U29/><E29/><V38/><F38/><W106/><G39/><T131/><D131/><U9/><E9/><V0/><F0/><W98/><G98/><AGARI ba="0,1" hai="14,18,19,20,21,25,52,56,61,80,83,94,98,100" machi="98" ten="40,8000,1" yaku="8,1,52,2,54,1" doraHai="76" who="1" fromWho="3" sc="532,0,239,90,92,0,127,-80" /><INIT seed="3,0,0,4,4,99" ten="532,329,92,47" oya="3" hai0="125,107,34,69,106,43,61,23,116,53,48,25,38" hai1="52,135,3,109,33,58,9,28,127,93,14,31,65" hai2="64,11,22,112,81,29,111,102,77,21,85,0,88" hai3="89,37,42,124,94,1,67,17,50,71,41,4,49"/><W97/><G124/><T63/><D34/><U18/><E109/><V5/><F112/><W79/><G79/><T101/><D63/><U45/><E135/><V100/><F111/><W105/><G37/><T55/><D116/><U110/><E127/><V75/><F64/><W132/><G105/><T7/><D7/><U134/><E134/><V74/><F74/><W123/><G132/><T35/><D35/><U118/><E118/><V122/><F122/><W83/><G83/><T51/><D43/><N who="3" m="16393" /><G71/><T76/><D38/><U113/><E3/><V6/><F6/><W36/><G36/><T24/><D76/><U15/><E33/><V104/><F104/><W115/><G115/><T20/><D125/><U13/><E113/><V128/><F128/><W130/><G1/><T126/><D126/><U98/><E45/><V91/><F29/><N who="1" m="11337" /><E65/><V39/><F39/><W32/><G32/><T90/><D69/><U30/><E30/><V131/><F131/><W121/><G4/><T54/><D106/><U16/><E9/><V62/><F75/><W19/><G67/><T44/><D23/><U72/><E72/><V120/><F120/><N who="3" m="46155" /><G130/><T47/><D107/><U10/><E10/><V108/><F108/><W87/><G97/><T96/><D96/><U60/><E110/><V133/><F133/><W66/><G66/><T70/><D70/><U114/><E114/><V12/><F62/><W84/><G87/><T2/><D61/><U8/><E8/><V78/><F78/><W103/><G103/><AGARI ba="0,0" hai="13,14,15,16,18,52,58,60,93,98,103" m="11337" machi="103" ten="30,7700,0" yaku="8,1,52,1,54,2" doraHai="99" who="1" fromWho="3" sc="532,0,329,77,92,0,47,-77" owari="532,63.0,406,21.0,92,-31.0,-30,-53.0" /></mjloggm>