<mjloggm ver="2.3"><GO type="97" lobby="0"/><UN n0="%E7%82%B9%E8%8D%89%E7%8B%AC%E6%AD%A9" n1="%E7%B4%85%40%E6%9D%8F%E6%9D%8F%E8%BB%8D%E5%9C%98" n2="%E5%B0%B1%E6%B4%BB%E7%94%9F%40%E5%B7%9D%E6%9D%91%E8%BB%8D%E5%9B%A3" n3="%E3%81%8A%E3%81%BE%E3%81%A4%E3%82%8A" dan="15,15,15,15" rate="2088.81,1976.95,2073.42,2034.03" sx="F,F,M,M"/><TAIKYOKU oya="0"/><INIT seed="0,0,0,5,5,63" ten="250,250,250,250" oya="0" hai0="101,9,84,99,54,74,7,68,115,72,111,71,90" hai1="93,73,38,102,123,120,97,132,56,91,11,80,128" hai2="75,94,114,134,22,89,30,53,17,103,18,25,130" hai3="37,31,1,32,44,12,135,29,45,51,106,129,0"/><T66/><D115/><U70/><E38/><V122/><F114/><W26/><G106/><T88/><D54/><U69/><E128/><V82/><F122/><W36/><G129/><T125/><D71/><U24/><E132/><V118/><F118/><W107/><G107/><T47/><D47/><U13/><E24/><V16/><F130/><W20/><G135/><T92/><D125/><U100/><E56/><V81/><F134/><W64/><G12/><T83/><D111/><U39/><E39/><V34/><F103/><W40/><G64/><T109/><D109/><U62/><E120/><V15/><F53/><W112/><G112/><T14/><REACH who="0" step="1"/><D101/><REACH who="0" ten="240,250,250,250" step="2"/><U23/><E102/><V19/><REACH who="2" step="1"/><F75/><REACH who="2" ten="240,250,240,250" step="2"/><W49/><G40/><T27/><D27/><U127/><E100/><V113/><F113/><W10/><G26/><T98/><D98/><AGARI ba="0,2" hai="15,16,17,18,19,22,25,30,34,81,82,89,94,98" machi="98" ten="40,2600,0" yaku="1,1,54,1,53,0" doraHai="63" doraHaiUra="108" who="2" fromWho="0" sc="240,-26,250,0,240,46,250,0" /><INIT seed="1,0,0,1,1,48" ten="214,250,286,250" oya="1" hai0="40,75,131,68,55,28,38,6,14,57,36,134,16" hai1="42,79,19,20,95,101,122,104,112,88,54,71,87" hai2="100,53,130,109,52,39,132,85,97,61,118,108,11" hai3="56,110,41,107,93,50,5,92,32,2,129,65,115"/><U105/><E122/><V69/><F39/><W35/><G107/><T80/><D68/><U73/><E112/><V125/><F118/><W124/><G110/><N who="2" m="42601" /><F130/><W114/><G65/><T33/><D131/><U27/><E71/><V64/><F132/><W8/><G129/><T74/><D6/><U58/><E42/><V49/><F125/><W37/><G124/><T121/><D121/><U84/><E84/><V116/><F116/><W46/><G92/><T4/><D4/><U34/><E34/><V111/><F111/><W47/><G56/><T59/><D59/><U98/><E105/><N who="2" m="63631" /><F49/><W18/><G114/><T77/><D74/><U135/><E135/><V96/><F96/><W12/><G115/><T78/><D78/><U126/><E126/><V91/><F11/><W66/><G37/><T81/><D134/><U99/><E99/><V117/><F117/><W86/><G35/><T21/><D38/><U13/><E79/><V22/><F22/><W70/><G32/><T103/><D77/><U102/><E73/><V10/><F10/><W127/><G127/><T67/><D75/><U9/><E102/><V82/><AGARI ba="0,0" hai="52,53,61,64,69,82,85,91" m="63631,42601" machi="82" ten="30,7900,0" yaku="14,1,52,2,54,1" doraHai="48" who="2" fromWho="2" sc="214,-20,250,-39,286,79,250,-20" /><INIT seed="2,0,0,2,2,7" ten="194,211,365,230" oya="2" hai0="79,71,48,34,135,106,89,76,44,11,132,51,110" hai1="15,32,0,41,73,105,113,6,134,14,62,68,20" hai2="53,24,119,125,17,100,84,116,87,39,54,9,88" hai3="30,107,36,37,123,128,127,4,93,94,104,63,99"/><V112/><F39/><W111/><G123/><T108/><D34/><U10/><E73/><V118/><F125/><W120/><G120/><T56/><D106/><U31/><E113/><V114/><F100/><W72/><G72/><T130/><D130/><U81/><E105/><V131/><F131/><W96/><G30/><T129/><D129/><U78/><E134/><N who="0" m="51241" /><D71/><U29/><E41/><V75/><F75/><W97/><G127/><T59/><D89/><U38/><E38/><V46/><F84/><W23/><G23/><T2/><D48/><U42/><E42/><V66/><F66/><W26/><G26/><T43/><D59/><U55/><E78/><N who="0" m="29737" /><D56/><U70/><E81/><N who="2" m="49263" /><F54/><W102/><G128/><T83/><D83/><U91/><E70/><V28/><F28/><W60/><G99/><T85/><D85/><U95/><E55/><V19/><F24/><W98/><G98/><T82/><D82/><U22/><E68/><V90/><F53/><W121/><G121/><T8/><D2/><U124/><E124/><V18/><F46/><W1/><G1/><T92/><D92/><U109/><E0/><V40/><F40/><W126/><G126/><T69/><D69/><U61/><E32/><V74/><F74/><W50/><G102/><T67/><D67/><U27/><E27/><V115/><F90/><W35/><G35/><T49/><D49/><U86/><E86/><V57/><F57/><W13/><G50/><T3/><D3/><U5/><E62/><V45/><F45/><W33/><G33/><T58/><D58/><U52/><E61/><V117/><F115/><RYUUKYOKU ba="0,0" sc="194,30,211,-10,365,-10,230,-10" hai0="8,11,43,44,51,108,110" /><INIT seed="3,1,0,4,1,56" ten="224,201,355,220" oya="3" hai0="26,114,9,8,82,97,12,10,63,123,47,116,58" hai1="51,130,43,34,27,115,108,64,98,59,109,17,124" hai2="84,36,70,30,122,80,112,48,79,83,81,7,105" hai3="25,53,88,22,45,23,103,76,32,38,131,118,2"/><W13/><G118/><T100/><D116/><U42/><E115/><V86/><F36/><W46/><G2/><T4/><D123/><U71/><E71/><V65/><F112/><W66/><G76/><T77/><D47/><U0/><E0/><V20/><F105/><W111/><G103/><T90/><D90/><U35/><E130/><V89/><F70/><W119/><G119/><T6/><D26/><U133/><E133/><V31/><F122/><W60/><G32/><T120/><D6/><U78/><E78/><V57/><F7/><W134/><G134/><T99/><D120/><U33/><E98/><N who="0" m="37385" /><D100/><U54/><E124/><V49/><F81/><W104/><G104/><T67/><D114/><U135/><E135/><V95/><F83/><W132/><G132/><T106/><D106/><U85/><E85/><AGARI ba="1,0" hai="4,8,9,10,12,58,63,67,77,82,85" m="37385" machi="85" ten="30,2000,0" yaku="8,1,52,1" doraHai="56" who="0" fromWho="1" sc="224,23,201,-23,355,0,220,0" owari="247,5.0,178,-32.0,355,45.0,220,-18.0" /></mjloggm>