<mjloggm ver="2.3"><GO type="97" lobby="0"/><UN n0="%E3%82%AB%E3%83%8E%E3%83%B3" n1="%5A%65%6E%6F" n2="%E2%98%86%E3%83%89%E3%83%8A%E3%83%AB%E3%83%89%E6%95%99%E5%BE%92%E2%98%86" n3="%E5%B0%B1%E6%B4%BB%E7%94%9F%40%E5%B7%9D%E6%9D%91%E8%BB%8D%E5%9B%A3" dan="15,14,14,14" rate="1998.69,1982.51,2004.52,1968.01" sx="F,M,M,M"/><TAIKYOKU oya="0"/><INIT seed="0,0,0,2,3,9" ten="250,250,250,250" oya="0" hai0="53,75,134,87,59,25,85,14,17,111,20,90,18" hai1="2,76,42,88,109,99,38,37,67,35,133,22,117" hai2="65,21,60,50,13,29,119,121,78,73,39,103,51" hai3="71,132,5,113,56,27,129,34,97,124,135,54,81"/><T36/><D36/><U28/><E35/><V115/><F39/><W100/><G71/><T80/><D75/><U105/><E117/><V64/><F121/><W3/><G113/><T98/><D134/><N who="3" m="51241" /><G129/><T44/><D111/><U61/><E2/><V122/><F122/><W83/><G3/><T89/><D98/><U74/><E42/><V130/><F115/><W69/><G69/><T126/><D126/><U31/><E109/><V110/><F110/><W82/><G5/><T92/><D44/><U46/><E46/><V16/><F119/><W55/><G124/><T8/><D59/><N who="1" m="37311" /><E105/><V52/><F130/><W33/><G27/><T106/><D106/><U24/><E74/><V101/><F29/><N who="1" m="11337" /><E37/><V131/><F131/><W96/><G55/><AGARI ba="0,0" hai="8,14,17,18,20,25,53,55,80,85,87,89,90,92" machi="55" ten="40,3900,0" yaku="8,1,52,1" doraHai="9" who="0" fromWho="3" sc="250,39,250,0,250,0,250,-39" /><INIT seed="0,1,0,5,0,72" ten="289,250,250,211" oya="0" hai0="74,134,69,113,90,88,4,9,54,85,80,135,70" hai1="22,131,120,35,64,129,122,98,62,37,123,103,23" hai2="12,25,52,46,18,17,67,10,44,117,45,112,125" hai3="83,1,132,32,84,91,118,95,116,93,92,101,87"/><T0/><D113/><U78/><E35/><V128/><F112/><W13/><G1/><T19/><D74/><U42/><E42/><V16/><F128/><N who="1" m="49225" /><E37/><V14/><F125/><W89/><G32/><T107/><D107/><N who="1" m="63991" /><E78/><V31/><F117/><N who="3" m="45163" /><G13/><T100/><D100/><U51/><E51/><V57/><F67/><W81/><G132/><N who="0" m="50731" /><D19/><U53/><E53/><V11/><F18/><W102/><AGARI ba="1,0" hai="81,83,84,87,89,91,92,93,95,101,102" m="45163" machi="102" ten="40,2700,0" yaku="34,2" doraHai="72" who="3" fromWho="3" sc="289,-14,250,-8,250,-8,211,30" /><INIT seed="1,0,0,2,1,107" ten="275,242,242,241" oya="1" hai0="29,80,100,122,18,62,112,97,133,135,126,36,39" hai1="31,16,17,69,6,82,13,32,85,79,21,35,2" hai2="19,49,73,70,51,75,53,34,131,45,84,44,113" hai3="4,46,15,116,59,96,71,67,132,86,68,22,10"/><U105/><E105/><V129/><F70/><W125/><G116/><T57/><D112/><U8/><E69/><V106/><F106/><W25/><G132/><N who="0" m="50763" /><D126/><U47/><E31/><V0/><F0/><W60/><G125/><T117/><D117/><U12/><REACH who="1" step="1"/><E47/><REACH who="1" ten="275,232,242,241" step="2"/><V61/><F45/><W109/><G46/><T127/><D127/><U92/><E92/><V128/><F44/><W50/><G68/><T93/><D122/><U87/><E87/><V88/><F84/><W30/><G71/><T58/><D29/><U94/><E94/><V78/><F75/><W123/><G123/><T89/><D58/><U28/><E28/><V23/><F73/><W99/><G109/><T54/><D18/><U72/><E72/><V110/><F19/><W27/><G86/><AGARI ba="0,1" hai="36,39,54,57,62,80,86,89,93,97,100" m="50763" machi="86" ten="30,1000,0" yaku="20,1" doraHai="107" who="0" fromWho="3" sc="275,20,232,0,242,0,241,-10" /><INIT seed="2,0,0,3,5,30" ten="295,232,242,231" oya="2" hai0="29,135,86,43,130,87,129,27,71,50,57,75,23" hai1="26,128,78,5,101,74,70,114,33,76,88,51,116" hai2="96,60,39,59,97,121,31,110,19,99,18,94,9" hai3="56,47,109,73,44,42,104,11,80,7,100,22,2"/><V90/><F121/><W32/><G109/><T63/><D75/><U119/><E70/><V38/><F110/><W24/><G56/><T58/><D135/><U108/><E5/><V3/><F31/><N who="3" m="19559" /><G44/><N who="0" m="25887" /><D71/><U118/><E108/><V62/><F3/><W69/><G22/><T72/><D72/><U91/><E26/><V92/><F9/><W8/><G8/><T55/><D58/><U95/><E51/><V98/><F59/><W48/><G69/><T35/><D23/><U41/><E41/><V14/><F14/><W112/><G48/><T46/><D46/><U79/><E33/><V68/><F68/><W123/><G123/><T25/><D25/><U6/><E6/><V82/><F82/><W111/><G111/><T12/><D12/><U13/><E13/><V134/><F134/><W37/><G112/><T124/><D124/><U107/><E114/><V131/><F131/><AGARI ba="0,0" hai="27,29,35,55,57,63,86,87,129,130,131" m="25887" machi="131" ten="30,2000,0" yaku="19,1,52,1" doraHai="30" who="0" fromWho="2" sc="295,20,232,0,242,-20,231,0" /><INIT seed="3,0,0,2,4,64" ten="315,232,222,231" oya="3" hai0="131,45,61,4,32,87,3,13,96,78,133,36,112" hai1="24,111,27,62,101,75,117,116,33,19,41,98,89" hai2="74,108,0,82,51,106,85,63,60,71,97,34,90" hai3="79,110,52,30,16,57,104,21,91,7,5,10,70"/><W42/><G104/><T9/><D32/><U31/><E75/><V100/><F34/><W128/><G70/><T28/><D133/><U72/><E72/><V66/><F0/><W15/><G128/><T80/><D131/><U99/><E41/><V43/><F108/><W25/><G110/><T124/><D28/><U44/><E111/><V69/><F74/><W26/><G79/><T73/><D124/><U59/><E44/><V77/><F77/><W17/><G42/><N who="0" m="22727" /><D112/><U76/><E76/><V121/><F121/><W115/><G115/><T67/><D96/><U22/><E89/><V40/><F51/><N who="3" m="30879" /><G91/><T46/><D46/><U48/><E48/><V68/><F68/><W6/><G25/><T126/><D13/><U94/><REACH who="1" step="1"/><E99/><REACH who="1" ten="315,222,222,231" step="2"/><V35/><F35/><W18/><AGARI ba="0,1" hai="5,6,7,10,15,16,17,18,21,26,30" m="30879" machi="18" ten="30,6000,0" yaku="8,1,54,2" doraHai="64" who="3" fromWho="3" sc="315,-20,222,-20,222,-20,231,70" owari="295,10.0,202,-20.0,202,-30.0,301,40.0" /></mjloggm>