<mjloggm ver="2.3"><GO type="41" lobby="0"/><UN n0="%6D%61%73%61%66%75%6B%75" n1="%74%6F%6C%6F%6C%6F" n2="%E5%B0%B1%E6%B4%BB%E7%94%9F%40%E5%B7%9D%E6%9D%91%E8%BB%8D%E5%9B%A3" n3="%E6%B0%B4%E6%9C%AC%E3%82%86%E3%81%8B%E3%82%8A" dan="15,14,15,15" rate="1890.02,1842.39,2022.04,1994.56" sx="M,M,M,F"/><TAIKYOKU oya="0"/><INIT seed="0,0,0,4,0,82" ten="250,250,250,250" oya="0" hai0="116,30,92,31,84,128,76,118,103,25,21,44,9" hai1="59,35,98,132,49,124,104,78,86,77,20,32,45" hai2="71,99,64,115,61,66,37,38,125,50,48,23,12" hai3="41,119,53,108,105,129,112,28,1,126,27,40,3"/><T127/><D128/><U123/><E123/><V130/><F115/><W11/><G119/><T39/><D127/><U42/><E124/><V75/><F75/><W2/><G112/><T106/><D31/><U120/><E120/><V46/><F125/><W19/><G126/><T85/><D106/><U121/><E121/><V87/><F130/><W63/><G129/><T113/><D113/><U69/><E69/><V83/><F66/><W65/><G108/><T5/><D76/><U51/><E132/><V47/><F99/><W26/><G53/><T133/><D133/><U74/><E74/><V0/><F0/><W131/><G131/><T117/><D103/><U34/><E20/><V70/><F70/><W114/><G105/><T89/><D44/><U97/><E104/><V107/><F107/><W54/><G54/><T62/><D62/><U4/><E4/><V67/><F67/><W60/><G114/><T18/><D39/><U88/><E59/><V52/><F12/><W6/><G19/><T95/><D30/><U90/><E51/><V72/><F23/><W56/><G63/><T24/><D24/><U16/><E90/><V15/><F15/><W111/><G27/><T10/><D5/><U100/><E100/><V102/><F102/><W8/><G111/><T79/><D79/><U122/><E122/><V14/><F14/><N who="3" m="5399" /><G11/><T94/><REACH who="0" step="1"/><D85/><REACH who="0" ten="240,250,250,250" step="2"/><U68/><E78/><N who="2" m="46583" /><F72/><W81/><G60/><T101/><D101/><U13/><E68/><V55/><F38/><W7/><G7/><T96/><D96/><U91/><E97/><V134/><F37/><W73/><G3/><RYUUKYOKU ba="0,1" sc="240,15,250,-15,250,15,250,-15" hai0="9,10,18,21,25,84,89,92,94,95,116,117,118" hai2="46,47,48,50,52,55,61,64,71,134" /><INIT seed="0,1,1,0,0,49" ten="255,235,265,235" oya="0" hai0="2,5,25,122,4,65,78,70,134,99,50,129,80" hai1="64,59,58,124,83,91,12,43,17,112,38,98,92" hai2="67,60,97,9,26,3,96,27,76,107,7,75,115" hai3="79,16,104,117,54,47,100,108,69,0,84,8,37"/><T125/><D122/><U51/><E124/><V133/><F115/><W73/><G117/><T110/><D125/><U42/><E112/><V24/><F133/><W89/><G108/><T45/><D134/><U131/><E38/><V61/><F107/><W74/><G69/><T106/><D110/><U29/><E29/><V94/><F94/><W66/><G66/><T53/><D2/><U68/><E68/><V33/><F33/><W44/><G79/><T55/><D55/><N who="1" m="32127" /><E131/><V10/><F67/><W118/><G118/><T36/><D36/><U121/><E121/><V31/><F31/><W128/><G100/><T14/><D129/><U101/><E64/><V130/><F130/><W34/><G104/><T114/><D65/><U28/><E28/><V85/><F75/><W32/><G32/><T120/><D70/><U63/><E83/><N who="2" m="47335" /><F7/><W81/><G34/><T90/><D120/><U19/><E101/><V18/><F18/><N who="1" m="6665" /><E12/><V77/><F77/><W88/><G0/><T23/><D114/><U41/><E59/><V62/><F3/><W102/><G102/><T21/><D106/><U57/><E57/><V35/><F35/><W39/><G89/><T105/><D105/><U126/><E126/><V48/><F48/><N who="3" m="28935" /><G128/><T103/><D5/><U135/><E135/><V116/><F116/><W46/><G39/><T127/><D127/><U87/><E63/><V113/><F113/><W86/><G37/><T109/><D109/><U30/><E30/><V20/><F20/><W119/><G119/><T93/><D23/><U1/><E1/><V72/><F72/><W132/><G74/><RYUUKYOKU ba="1,1" sc="255,-15,235,15,265,15,235,-15" hai1="41,42,43,87,91,92,98" hai2="9,10,24,26,27,60,61,62,96,97" /><INIT seed="1,2,1,4,4,99" ten="240,250,280,220" oya="1" hai0="125,112,30,29,2,88,61,109,21,44,101,83,91" hai1="78,115,82,23,59,122,64,89,24,107,95,42,120" hai2="94,35,100,17,60,67,48,7,80,127,55,86,130" hai3="106,36,63,121,108,11,129,3,62,131,90,102,133"/><U135/><E115/><V119/><F35/><W28/><G121/><T8/><D2/><U39/><E107/><V116/><F127/><W104/><G133/><T134/><D112/><U84/><E135/><V72/><F72/><W68/><G108/><T19/><D134/><U37/><E42/><V92/><F130/><N who="3" m="49675" /><G36/><T98/><D109/><U13/><E39/><V9/><F17/><W50/><G28/><T1/><D125/><U52/><E37/><V114/><F114/><W26/><G26/><T56/><D8/><U70/><E13/><V111/><F111/><W34/><G34/><T117/><D1/><U113/><E70/><V22/><F22/><W73/><G73/><T75/><D30/><U128/><E64/><V58/><F116/><W118/><G118/><T126/><D29/><U10/><E10/><V18/><F18/><W31/><G31/><T5/><D126/><U51/><E128/><V40/><F40/><W47/><G90/><T74/><D5/><U123/><E113/><V46/><F119/><W85/><G85/><T38/><D75/><U57/><E23/><V41/><F67/><W12/><G3/><T69/><D117/><U96/><REACH who="1" step="1"/><E24/><REACH who="1" ten="240,240,280,220" step="2"/><V132/><F132/><W49/><G106/><T16/><D69/><U103/><E103/><V76/><F100/><W4/><G68/><T110/><D101/><U45/><AGARI ba="2,2" hai="45,51,52,57,59,78,82,84,89,95,96,120,122,123" machi="45" ten="30,6000,0" yaku="1,1,0,1,54,1,53,0" doraHai="99" doraHaiUra="33" who="1" fromWho="1" sc="240,-22,240,86,280,-22,220,-22" /><INIT seed="1,3,0,5,5,0" ten="218,326,258,198" oya="1" hai0="126,131,89,31,81,3,30,118,129,47,71,15,34" hai1="99,87,132,45,123,113,62,70,2,4,36,73,103" hai2="54,11,82,32,79,16,18,63,7,80,102,20,135" hai3="124,101,33,44,12,128,51,85,25,96,29,86,122"/><U106/><E113/><V75/><F32/><W88/><G128/><T69/><D3/><U111/><E123/><V76/><F135/><W72/><G122/><T1/><D1/><U120/><E120/><V116/><F116/><W107/><G124/><T49/><D118/><U56/><E132/><V64/><F102/><W46/><G72/><T13/><D126/><U27/><E87/><V125/><F54/><W38/><G38/><T5/><D34/><U53/><E27/><V110/><F110/><W91/><G12/><T24/><D24/><U133/><E133/><V23/><F125/><W17/><G17/><T52/><D71/><U35/><E111/><V41/><F41/><W59/><G59/><T60/><D69/><U130/><E73/><V8/><F63/><W28/><G28/><T108/><D60/><U39/><E130/><V83/><F75/><W26/><G26/><T92/><D81/><U10/><E35/><V50/><F80/><W127/><G127/><T94/><D108/><U9/><E9/><V42/><F42/><W114/><G114/><T61/><D129/><U93/><E106/><V112/><F112/><W67/><G67/><T78/><D131/><U109/><E109/><V84/><F64/><W68/><G68/><T100/><D78/><U37/><REACH who="1" step="1"/><E70/><REACH who="1" ten="218,316,258,198" step="2"/><V115/><F115/><W104/><G104/><T40/><D31/><U74/><E74/><V97/><F84/><W119/><G119/><T66/><D30/><U134/><E134/><V22/><F11/><W48/><G86/><T117/><D117/><U121/><E121/><V58/><F8/><RYUUKYOKU ba="3,1" sc="218,-10,316,30,258,-10,198,-10" hai1="2,4,10,36,37,39,45,53,56,62,93,99,103" /><INIT seed="1,4,1,3,4,74" ten="208,346,248,188" oya="1" hai0="111,36,10,12,2,82,61,11,108,38,95,7,75" hai1="78,27,88,63,125,127,105,131,94,67,55,72,65" hai2="122,60,3,26,130,104,71,83,119,68,134,99,101" hai3="23,51,103,5,49,32,34,117,50,56,77,14,64"/><U124/><E105/><V21/><F122/><W85/><G117/><T120/><D120/><U110/><E27/><V98/><F119/><W114/><G114/><T53/><D95/><U43/><E43/><V15/><F3/><W24/><G103/><T106/><D106/><U18/><E18/><V91/><F130/><W39/><G39/><T25/><D25/><U17/><E131/><V20/><F134/><W113/><G113/><T1/><D1/><U29/><E17/><V81/><F15/><W41/><G32/><T116/><D116/><U48/><E29/><V40/><F40/><W59/><G34/><T62/><D2/><U45/><E110/><V37/><F37/><W33/><G33/><T0/><D38/><U87/><E63/><V16/><F21/><W4/><G41/><T86/><D36/><U90/><E90/><V8/><F8/><N who="3" m="4359" /><G5/><T76/><D111/><U112/><E112/><V35/><F35/><W93/><G64/><T107/><D107/><U84/><E72/><V19/><F19/><N who="3" m="12415" /><G93/><T70/><D75/><U73/><E73/><V30/><F30/><W118/><G118/><T121/><D108/><U57/><E45/><V69/><F60/><W133/><G133/><T13/><D0/><U100/><E100/><V89/><F99/><W52/><G59/><N who="0" m="35055" /><D121/><U132/><E132/><V102/><F102/><W31/><G31/><T66/><D7/><U96/><E96/><V46/><F46/><W115/><G115/><T80/><D80/><AGARI ba="4,1" hai="48,55,57,65,67,78,80,84,87,88,94,124,125,127" machi="80" ten="40,7700,0" yaku="18,1,52,1,54,1" doraHai="74" who="1" fromWho="0" sc="208,-89,346,99,248,0,188,0" /><AGARI ba="4,0" hai="49,50,51,52,56,77,80,85" m="12415,4359" machi="80" ten="30,3900,0" yaku="8,1,52,1,54,1" doraHai="74" who="3" fromWho="0" sc="119,-39,445,0,248,0,188,39" /><INIT seed="1,5,0,3,2,102" ten="80,445,248,227" oya="1" hai0="93,75,73,103,0,127,23,124,129,53,22,3,2" hai1="117,14,19,132,97,126,86,55,45,76,1,96,85" hai2="59,108,11,42,67,72,81,27,56,77,5,95,7" hai3="71,84,64,46,123,28,65,39,66,57,104,135,111"/><U29/><E117/><V114/><F114/><W121/><G111/><T115/><D115/><U68/><E1/><V78/><F108/><W119/><G119/><T110/><D110/><U116/><E68/><V91/><F78/><W43/><G135/><T107/><D107/><U82/><E116/><V130/><F130/><W38/><G28/><T58/><D129/><U133/><E29/><V8/><F42/><W62/><G84/><T134/><D134/><N who="1" m="51819" /><E86/><V37/><F37/><N who="3" m="13835" /><G104/><T105/><D105/><U61/><E126/><N who="0" m="48169" /><D93/><U94/><E94/><V112/><F27/><W131/><G131/><T79/><D79/><U6/><E6/><V109/><F109/><W122/><G71/><T106/><D75/><U113/><E113/><V20/><F20/><W99/><G99/><N who="0" m="61823" /><D73/><U54/><E61/><AGARI ba="5,0" hai="0,2,3,22,23,53,58,61" m="61823,48169" machi="61" ten="40,2600,0" yaku="18,1,52,1" doraHai="102" who="0" fromWho="1" sc="80,41,445,-41,248,0,227,0" /><INIT seed="2,0,0,1,1,37" ten="121,404,248,227" oya="2" hai0="64,7,114,65,42,110,54,69,56,107,13,60,6" hai1="73,91,27,48,106,36,128,122,28,70,68,22,62" hai2="88,126,90,67,45,41,111,113,15,59,135,129,1" hai3="132,24,19,119,117,17,0,92,52,32,108,35,124"/><V104/><F1/><W82/><G132/><T53/><D107/><U115/><E106/><V116/><F113/><W44/><G124/><T34/><D34/><U33/><E115/><V2/><F2/><W75/><G108/><T105/><D105/><U120/><E36/><V83/><F104/><W77/><G0/><T30/><D30/><U3/><E73/><V31/><F116/><W23/><G17/><T89/><D114/><U40/><E3/><V84/><F135/><W101/><G35/><T4/><D110/><U43/><E128/><V46/><F126/><W118/><G32/><T86/><D65/><U130/><E130/><V134/><F134/><W93/><REACH who="3" step="1"/><G101/><REACH who="3" ten="121,404,248,217" step="2"/><T80/><D13/><U18/><E120/><V63/><F111/><W57/><G57/><T87/><D69/><U49/><E122/><V21/><F129/><W121/><G121/><T109/><D109/><U123/><E123/><V99/><F46/><W16/><G16/><T61/><D61/><U98/><E18/><N who="2" m="10463" /><F31/><W94/><G94/><T66/><D64/><U102/><E33/><V74/><F74/><W29/><G29/><T39/><REACH who="0" step="1"/><D87/><REACH who="0" ten="111,404,248,217" step="2"/><U100/><E68/><V26/><F63/><W72/><G72/><T25/><D25/><U97/><E62/><V112/><F26/><W81/><G81/><T20/><D20/><U14/><E70/><V50/><F67/><W5/><G5/><T47/><AGARI ba="0,2" hai="4,6,7,39,42,47,53,54,56,60,66,80,86,89" machi="47" ten="30,4000,0" yaku="1,1,0,1,52,1,53,0" doraHai="37" doraHaiUra="133" who="0" fromWho="0" sc="111,60,404,-10,248,-20,217,-10" /><INIT seed="3,0,0,4,4,27" ten="171,394,228,207" oya="3" hai0="25,43,96,59,30,91,116,47,119,28,93,5,44" hai1="69,26,57,133,108,114,24,51,109,65,50,131,87" hai2="64,71,84,94,129,81,103,14,12,89,82,107,127" hai3="66,15,56,76,110,73,74,78,97,125,48,17,104"/><W115/><G115/><T118/><D5/><U23/><E114/><V6/><F129/><W134/><G134/><T86/><D25/><U95/><E133/><V10/><F127/><W98/><G125/><T80/><D59/><U99/><E26/><V36/><F36/><W11/><G110/><N who="1" m="42602" /><E131/><V35/><F35/><W55/><G104/><T18/><D18/><N who="1" m="12407" /><E69/><V79/><F81/><W67/><G74/><T33/><D33/><U101/><E87/><V9/><F64/><N who="3" m="24619" /><G73/><T29/><REACH who="0" step="1"/><D43/><REACH who="0" ten="161,394,228,207" step="2"/><U83/><E83/><V120/><F71/><W58/><G58/><T128/><D128/><U49/><E65/><V63/><F82/><W45/><G56/><AGARI ba="0,1" hai="49,50,51,56,57,95,99,101" m="12407,42602" machi="56" ten="30,1000,0" yaku="14,1" doraHai="27" who="1" fromWho="3" sc="161,0,394,20,228,0,207,-10" /><INIT seed="4,0,0,5,1,70" ten="161,414,228,197" oya="0" hai0="86,61,9,36,75,94,10,59,45,64,74,37,23" hai1="40,92,123,0,124,25,50,91,52,77,17,1,44" hai2="41,46,22,16,101,119,28,33,115,55,4,58,127" hai3="98,128,47,121,39,35,42,130,106,18,103,24,65"/><T8/><D23/><U72/><E123/><V113/><F119/><W54/><G121/><T57/><D45/><U73/><E124/><V6/><F101/><W96/><G96/><T87/><D59/><U32/><E77/><V111/><F28/><W97/><G97/><T43/><D43/><U71/><E71/><V122/><F33/><W30/><G54/><T102/><D87/><U120/><E120/><V63/><F111/><W133/><G18/><T82/><D94/><U5/><E5/><V109/><F127/><W56/><G56/><T125/><D102/><U104/><E104/><V19/><F122/><W99/><G99/><T84/><D84/><U2/><E40/><V38/><F109/><W108/><G108/><T135/><D125/><U13/><E32/><V76/><F76/><W62/><REACH who="3" step="1"/><G133/><REACH who="3" ten="161,414,228,187" step="2"/><T29/><D135/><U49/><E49/><V107/><F19/><W53/><G53/><T100/><D100/><U78/><E17/><V34/><F107/><W116/><G116/><T20/><D29/><U69/><E52/><V118/><F118/><W83/><G83/><T132/><D132/><U12/><E69/><V3/><F55/><W81/><G81/><T117/><D117/><U51/><E92/><V90/><F16/><W95/><G95/><T66/><D66/><U7/><E7/><V31/><F6/><W112/><G112/><T60/><D60/><U14/><E91/><V79/><F63/><W27/><G27/><T131/><D57/><U21/><E25/><V48/><F58/><W11/><G11/><T15/><D10/><U105/><E105/><RYUUKYOKU ba="0,1" sc="161,-10,414,-10,228,-10,187,30" hai3="24,30,35,39,42,47,62,65,98,103,106,128,130" /><INIT seed="5,1,1,2,2,27" ten="151,404,218,217" oya="1" hai0="81,40,60,31,26,54,41,92,49,24,104,108,91" hai1="9,48,131,113,44,38,32,66,50,13,52,100,4" hai2="58,33,70,67,59,11,23,53,83,79,101,95,62" hai3="98,3,45,112,28,8,22,36,77,21,84,2,119"/><U86/><E32/><V42/><F33/><W65/><G112/><T0/><D108/><U123/><E113/><V80/><F42/><W110/><G110/><T89/><D104/><U7/><E123/><V130/><F130/><W133/><G119/><T122/><D0/><U35/><E35/><V114/><F114/><W90/><G133/><T134/><D122/><U56/><E131/><V74/><F80/><W39/><G22/><T72/><D134/><U25/><E38/><V107/><F107/><W111/><G111/><T12/><D60/><U124/><E25/><V46/><F11/><W93/><G65/><T73/><D12/><U132/><E132/><V30/><F46/><W116/><G116/><T5/><D5/><U55/><E124/><V120/><F120/><W51/><G8/><T106/><D106/><U118/><E100/><V20/><F30/><W78/><G2/><T94/><D49/><U61/><E118/><V82/><F82/><N who="3" m="49431" /><G3/><T71/><D81/><U109/><E86/><V125/><F125/><W121/><G39/><T37/><D37/><U69/><E109/><V87/><F70/><W105/><G105/><T63/><D71/><U15/><E15/><V17/><F17/><AGARI ba="1,1" hai="4,7,9,13,17,44,48,50,52,55,56,61,66,69" machi="17" ten="30,2900,0" yaku="7,1,54,1" doraHai="27" who="1" fromWho="2" sc="151,0,404,42,218,-32,217,0" /><INIT seed="5,2,0,5,3,132" ten="151,446,186,217" oya="1" hai0="32,77,65,22,53,122,37,8,30,45,91,70,48" hai1="102,20,44,83,120,92,31,56,125,104,16,15,79" hai2="118,17,24,51,41,23,117,81,50,34,100,133,71" hai3="68,6,80,96,74,107,18,49,27,14,73,108,75"/><U62/><E120/><V21/><F34/><W116/><G108/><T126/><D122/><U5/><E104/><V113/><F133/><W66/><G116/><T131/><D32/><U95/><E44/><V13/><F71/><W101/><G6/><T135/><D77/><U103/><E125/><V115/><F100/><W98/><G27/><T67/><D135/><U85/><E31/><N who="2" m="17807" /><F81/><W93/><G49/><N who="2" m="18441" /><F41/><W43/><G43/><T60/><D37/><U72/><E5/><V10/><F10/><W3/><G3/><T94/><D67/><N who="1" m="39367" /><E72/><V82/><F82/><W78/><G66/><T119/><D119/><U1/><E1/><V130/><F130/><W105/><G68/><T9/><D131/><U0/><E0/><V19/><F17/><W2/><G2/><T69/><D69/><U52/><E52/><V124/><F124/><W61/><G61/><T86/><D126/><U134/><E134/><V28/><F28/><W54/><G54/><T88/><D30/><U39/><E39/><V121/><F121/><W76/><G107/><T59/><D22/><U90/><E79/><V110/><F110/><W128/><G78/><T89/><D70/><U127/><E127/><V46/><F46/><W38/><G38/><T111/><D111/><U11/><E11/><AGARI ba="2,0" hai="8,9,11,45,48,53,59,60,65,86,88,89,91,94" machi="11" ten="40,2600,0" yaku="8,1,54,1" doraHai="132" who="0" fromWho="1" sc="151,32,446,-32,186,0,217,0" /><INIT seed="6,0,0,5,5,82" ten="183,414,186,217" oya="2" hai0="9,8,64,46,11,37,52,72,12,124,33,15,89" hai1="134,0,25,59,116,1,93,132,127,117,63,87,3" hai2="48,123,67,38,68,6,126,99,18,60,61,76,121" hai3="42,41,119,113,109,95,81,108,86,16,22,88,78"/><V115/><F38/><W83/><G119/><T73/><D33/><U97/><E127/><V55/><F126/><W92/><G113/><T98/><D124/><U2/><E25/><V31/><F115/><W57/><G109/><T100/><D89/><N who="1" m="53439" /><E1/><V65/><F6/><W20/><G20/><T133/><D133/><N who="1" m="51307" /><E97/><V66/><F31/><W35/><G35/><T13/><D37/><U79/><E79/><V19/><F99/><W105/><G105/><T129/><D129/><U135/><E135/><V26/><F76/><W107/><G107/><T84/><D73/><U102/><E102/><V112/><F112/><W110/><G110/><T43/><D72/><U106/><E106/><V7/><F7/><W17/><G17/><T54/><D98/><U122/><E122/><V36/><F36/><W53/><G108/><T90/><D100/><U10/><E10/><V51/><F26/><N who="3" m="14663" /><G81/><T131/><D131/><U40/><E40/><N who="3" m="15466" /><G78/><T94/><D43/><U114/><E114/><V27/><F27/><W39/><G39/><T101/><D101/><U29/><E29/><V96/><F19/><W23/><G23/><T5/><D5/><U58/><E63/><AGARI ba="0,0" hai="53,57,63,83,86,88,92,95" m="15466,14663" machi="63" ten="30,7700,0" yaku="8,1,52,1,54,2" doraHai="82" who="3" fromWho="1" sc="183,0,414,-77,186,0,217,77" /><INIT seed="7,0,0,3,3,39" ten="183,337,186,294" oya="3" hai0="123,102,43,5,15,105,38,64,133,60,118,86,59" hai1="35,74,73,78,36,47,4,9,46,18,54,29,124" hai2="109,8,85,126,119,37,30,107,75,114,116,113,97" hai3="7,14,53,91,127,115,50,103,42,134,11,63,101"/><W20/><G134/><T1/><D1/><U56/><E124/><V28/><F75/><W41/><G127/><T106/><D118/><N who="2" m="45098" /><F37/><W89/><G115/><N who="2" m="44041" /><F126/><W31/><G63/><T21/><D133/><U71/><E36/><V99/><F109/><W88/><G31/><N who="2" m="11817" /><F107/><W13/><G103/><T104/><D123/><U125/><E125/><V58/><F8/><N who="3" m="4255" /><G20/><T135/><D135/><U62/><E73/><V49/><F85/><W112/><G101/><T69/><D102/><U98/><E74/><V61/><F49/><W40/><G112/><T76/><D21/><U52/><E62/><V94/><F94/><W92/><G92/><T108/><D108/><U34/><E71/><V33/><F33/><W132/><G132/><T0/><D0/><U84/><E34/><V128/><F128/><W16/><G91/><T90/><D76/><U129/><E78/><V51/><F51/><W93/><G93/><T68/><D5/><U70/><E129/><V19/><F19/><W117/><G117/><T65/><D15/><U17/><E18/><V111/><F111/><W10/><G10/><T100/><D100/><U95/><E17/><V83/><F83/><W72/><G72/><T3/><D3/><U131/><E131/><V96/><F96/><W120/><G120/><T44/><REACH who="0" step="1"/><D65/><AGARI ba="0,0" hai="58,61,65,97,99" m="11817,44041,45098" machi="65" ten="30,1000,0" yaku="15,1" doraHai="39" who="2" fromWho="0" sc="183,-10,337,0,186,10,294,0" owari="173,-33.0,337,44.0,196,-20.0,294,9.0" /></mjloggm>