<mjloggm ver="2.3"><GO type="97" lobby="0"/><UN n0="%E9%B3%B3%E5%87%B0%E5%A4%A9%E3%82%88%E3%82%8A%E5%A0%95%E3%81%A1" n1="%E5%B0%B1%E6%B4%BB%E7%94%9F%40%E5%B7%9D%E6%9D%91%E8%BB%8D%E5%9B%A3" n2="%37%31%33%32%30%34" n3="%E3%82%89%E3%82%8A%E3%81%8F%E3%81%BE" dan="13,14,13,15" rate="1895.16,1965.31,1849.77,1974.80" sx="M,M,M,M"/><TAIKYOKU oya="0"/><INIT seed="0,0,0,1,0,24" ten="250,250,250,250" oya="0" hai0="25,26,10,3,123,102,104,101,52,132,120,83,55" hai1="62,29,81,125,34,80,87,42,11,44,27,59,63" hai2="58,46,111,53,30,4,121,35,75,56,14,109,57" hai3="93,1,31,129,117,67,43,106,39,8,118,54,15"/><T122/><D132/><U33/><E125/><V37/><F121/><W99/><G106/><T105/><D83/><U107/><E107/><N who="0" m="41033" /><D10/><U0/><E34/><V90/><F75/><W89/><G1/><T115/><D3/><U41/><E41/><V49/><F37/><W22/><G67/><T94/><D94/><U5/><E59/><V116/><F116/><W23/><G23/><T6/><D6/><U7/><E7/><V92/><F14/><W124/><G124/><T103/><D115/><U65/><E65/><V95/><F4/><W82/><G54/><AGARI ba="0,0" hai="25,26,52,54,55,101,102,103,120,122,123" m="41033" machi="54" ten="40,7700,0" yaku="28,2,54,1" doraHai="24" who="0" fromWho="3" sc="250,77,250,0,250,0,250,-77" /><INIT seed="0,1,0,5,0,133" ten="327,250,250,173" oya="0" hai0="55,8,40,13,125,44,77,123,90,39,61,16,91" hai1="116,82,108,66,34,11,122,93,14,24,130,80,41" hai2="75,22,50,105,132,92,32,26,129,3,64,79,87" hai3="134,65,113,53,48,54,84,25,67,30,117,81,33"/><T70/><D123/><U85/><E116/><V38/><F38/><W69/><G113/><T18/><D125/><U45/><E122/><V94/><F3/><W95/><G134/><T135/><D135/><U60/><E130/><V131/><F105/><W104/><G104/><T118/><D118/><U20/><E34/><V62/><F132/><W102/><G69/><T121/><D121/><U112/><E112/><V2/><F2/><W88/><G117/><T57/><D77/><U119/><E119/><V97/><F75/><W114/><G114/><T107/><D107/><U19/><E108/><V120/><F32/><W10/><G10/><T58/><D70/><U31/><E93/><V23/><F50/><W78/><G102/><T52/><REACH who="0" step="1"/><D18/><REACH who="0" ten="317,250,250,173" step="2"/><U86/><E80/><N who="2" m="47519" /><F120/><W96/><REACH who="3" step="1"/><G54/><REACH who="3" ten="317,250,250,163" step="2"/><T17/><D17/><U51/><REACH who="1" step="1"/><E82/><REACH who="1" ten="317,240,250,163" step="2"/><V43/><F131/><W7/><G7/><T72/><D72/><U103/><E103/><V109/><F129/><W128/><G128/><T74/><D74/><U36/><E36/><V73/><F73/><W101/><G101/><T83/><D83/><U5/><E5/><V124/><F109/><W6/><G6/><T106/><D106/><U49/><E49/><AGARI ba="1,3" hai="8,13,16,39,40,44,49,52,55,57,58,61,90,91" machi="49" ten="30,11600,0" yaku="1,1,7,1,54,2,53,0" doraHai="133" doraHaiUra="99" who="0" fromWho="1" sc="317,149,240,-119,250,0,163,0" /><INIT seed="0,2,0,2,4,9" ten="466,121,250,163" oya="0" hai0="126,112,30,124,135,106,129,82,46,6,109,12,119" hai1="68,69,104,99,98,51,110,11,36,2,67,24,0" hai2="42,64,40,122,95,86,37,63,31,123,89,27,115" hai3="58,97,13,75,71,14,91,111,73,28,49,116,22"/><T23/><D106/><U7/><E36/><V66/><F115/><W35/><G35/><T134/><D112/><U39/><E39/><V93/><F123/><W127/><G71/><T113/><D113/><U18/><E0/><V10/><F122/><W33/><G33/><T3/><D119/><U94/><E110/><V117/><F117/><W15/><G116/><T56/><D46/><U60/><E104/><V26/><F37/><W78/><G78/><T34/><D56/><U41/><E68/><V84/><F10/><W85/><G97/><T90/><D109/><U50/><E41/><V130/><F130/><W100/><G100/><T70/><D70/><U4/><E4/><V21/><F27/><W54/><G127/><N who="0" m="48683" /><D82/><U101/><E24/><V53/><F53/><W102/><G102/><T72/><D90/><U17/><E17/><V52/><F64/><W61/><G28/><T96/><D96/><U114/><E114/><V108/><F108/><W76/><G76/><T120/><D72/><U16/><E51/><V87/><F66/><N who="3" m="39223" /><G75/><T74/><D74/><U5/><E5/><V19/><F31/><W107/><G107/><T103/><D103/><U80/><E80/><V121/><F121/><W47/><G73/><T20/><D120/><U59/><REACH who="1" step="1"/><E98/><REACH who="1" ten="466,111,250,163" step="2"/><N who="2" m="57647" /><F95/><N who="3" m="54767" /><G111/><T57/><D6/><U118/><E118/><V8/><F8/><W48/><G48/><T44/><D3/><U105/><E105/><V29/><F29/><W55/><G55/><AGARI ba="2,1" hai="2,7,11,16,18,50,55,59,60,67,69,94,99,101" machi="55" ten="40,2600,0" yaku="1,1,54,1,53,0" doraHai="9" doraHaiUra="128" who="1" fromWho="3" sc="466,0,111,42,250,0,163,-32" /><INIT seed="1,0,0,0,3,110" ten="466,153,250,131" oya="1" hai0="90,13,131,64,74,60,35,71,39,37,111,119,72" hai1="116,36,45,62,3,22,92,12,85,53,34,109,89" hai2="125,124,99,81,103,76,100,15,20,102,48,11,87" hai3="86,18,114,96,8,77,127,126,61,132,57,78,25"/><U49/><E116/><V107/><F48/><W59/><G132/><T67/><D119/><U43/><E109/><V10/><F20/><N who="3" m="13463" /><G96/><T41/><D35/><U4/><E34/><V73/><F11/><W31/><G31/><T2/><D2/><U97/><E3/><V68/><F68/><W30/><G30/><T6/><D111/><U117/><E117/><V50/><F50/><W9/><G59/><T75/><D131/><U134/><E134/><V113/><F113/><W91/><G114/><T88/><D67/><U135/><E135/><V133/><F133/><W14/><G127/><N who="2" m="48713" /><F73/><W115/><G115/><T32/><D32/><U122/><E122/><V98/><F98/><W46/><G46/><T51/><D51/><U38/><E62/><V1/><F1/><W130/><G130/><T5/><D41/><U66/><E66/><V16/><AGARI ba="0,0" hai="10,15,16,76,81,87,99,100,102,103,107" m="48713" machi="16" ten="30,2000,0" yaku="18,1,54,1" doraHai="110" who="2" fromWho="2" sc="466,-5,153,-10,250,20,131,-5" /><INIT seed="2,0,0,1,0,57" ten="461,143,270,126" oya="2" hai0="13,128,76,44,41,94,91,60,135,26,132,77,104" hai1="69,24,62,53,108,101,102,34,89,124,70,112,133" hai2="42,51,126,106,93,35,28,82,85,46,21,92,96" hai3="68,47,59,118,63,84,116,105,113,79,100,134,52"/><V20/><F106/><W120/><G120/><T2/><D104/><U54/><E112/><V123/><F123/><W27/><G134/><N who="0" m="51243" /><D2/><U78/><E78/><V48/><F126/><W0/><G0/><T83/><D128/><U81/><E124/><V45/><F28/><W114/><G68/><T103/><D26/><U129/><E129/><V5/><F5/><W22/><G100/><T98/><D60/><U130/><E130/><V122/><F35/><W7/><G7/><T31/><D31/><U12/><E133/><V50/><F122/><W11/><G11/><T43/><D13/><U75/><E108/><V3/><F3/><W71/><G71/><T131/><D131/><U10/><E24/><V73/><F73/><W8/><G8/><T61/><D61/><U117/><E34/><V64/><F64/><W125/><G105/><N who="0" m="63735" /><D83/><U80/><E70/><V25/><F45/><W99/><G125/><T4/><D4/><U109/><E69/><V38/><F25/><W33/><G33/><T97/><D41/><U17/><E109/><V9/><F9/><W55/><G99/><T39/><AGARI ba="0,0" hai="39,43,44,76,77,91,94,97" m="63735,51243" machi="39" ten="30,1100,0" yaku="20,1" doraHai="57" who="0" fromWho="0" sc="461,11,143,-3,270,-5,126,-3" /><INIT seed="3,0,0,5,5,72" ten="472,140,265,123" oya="3" hai0="61,50,83,65,59,18,118,32,10,132,91,70,129" hai1="95,107,108,14,53,7,92,90,44,12,78,119,121" hai2="48,60,24,52,63,58,106,35,34,94,66,26,134" hai3="19,116,104,76,113,103,114,3,82,110,0,46,36"/><W79/><G116/><T49/><D32/><U64/><E107/><V98/><F106/><W100/><G110/><T31/><D31/><U9/><E108/><V81/><F134/><W55/><G55/><T115/><D118/><U37/><E121/><V126/><F126/><W89/><G19/><T39/><D39/><U131/><E131/><V13/><F13/><W4/><G103/><T112/><D129/><U42/><E78/><V8/><F8/><N who="3" m="2055" /><G79/><T123/><D123/><U117/><E64/><V130/><F81/><W122/><G89/><T120/><D120/><U1/><E92/><V22/><F130/><W75/><G3/><T71/><D132/><U28/><E28/><V135/><F26/><W127/><G127/><T20/><D10/><U124/><E124/><V47/><F63/><W5/><G5/><T38/><D38/><U97/><E53/><V51/><F135/><W101/><G101/><T40/><D91/><U125/><E125/><V17/><F51/><N who="0" m="19466" /><D40/><U84/><E117/><V86/><F86/><W27/><G27/><N who="0" m="14743" /><D83/><U30/><E119/><V6/><F6/><W11/><G11/><T56/><D56/><U25/><E97/><V80/><F80/><W111/><G122/><T43/><D43/><U54/><E54/><V67/><F35/><AGARI ba="0,0" hai="1,7,9,12,14,25,30,35,37,42,44,84,90,95" machi="35" ten="30,1000,0" yaku="7,1" doraHai="72" who="1" fromWho="2" sc="472,0,140,10,265,-10,123,0" owari="472,57.0,150,-25.0,255,6.0,123,-38.0" /></mjloggm>