<mjloggm ver="2.3"><GO type="169" lobby="0"/><UN n0="%E3%80%90%E6%B8%9A%E6%A5%93%E3%80%91" n1="%E3%82%A6%E3%83%AB%E3%83%88%E3%83%A9%E7%AB%8B%E7%9B%B4" n2="%61%6D%65%64%69%6F" n3="%E3%82%82%E3%81%90%EF%BD%92%EF%BD%92%EF%BD%92%EF%BD%92%EF%BD%92" dan="17,17,17,16" rate="2147.37,2145.83,2186.62,2070.92" sx="F,M,M,M"/><TAIKYOKU oya="0"/><INIT seed="0,0,0,5,3,69" ten="250,250,250,250" oya="0" hai0="52,70,88,22,87,18,8,29,84,35,24,1,53" hai1="81,39,125,50,130,62,19,74,61,49,79,15,36" hai2="108,72,115,89,45,33,65,68,38,129,104,106,14" hai3="99,82,131,96,17,51,102,124,120,92,66,85,78"/><T60/><D84/><U44/><E125/><V135/><RYUUKYOKU type="yao9" ba="0,0" sc="250,0,250,0,250,0,250,0" hai2="14,33,38,45,65,68,72,89,104,106,108,115,129,135" /><INIT seed="0,1,0,3,4,78" ten="250,250,250,250" oya="0" hai0="73,67,50,69,130,40,17,101,91,131,132,88,44" hai1="55,64,127,33,108,35,5,100,125,96,29,26,11" hai2="123,56,52,89,10,124,51,134,15,21,110,20,112" hai3="32,77,61,116,133,59,97,41,14,22,49,84,103"/><T63/><D132/><U65/><E35/><V126/><F112/><W54/><G32/><T6/><D73/><U47/><E108/><V99/><F123/><W93/><G133/><T115/><D115/><U92/><E55/><V76/><F110/><W8/><G116/><T3/><D101/><U66/><REACH who="1" step="1"/><E47/><REACH who="1" ten="250,240,250,250" step="2"/><V104/><F134/><W111/><G111/><T16/><D3/><AGARI ba="1,1" hai="3,5,11,26,29,33,64,65,66,92,96,100,125,127" machi="3" ten="40,5200,0" yaku="1,1,2,1,53,1" doraHai="78" doraHaiUra="90" who="1" fromWho="0" sc="250,-55,240,65,250,0,250,0" /><INIT seed="1,0,0,0,2,60" ten="195,305,250,250" oya="1" hai0="31,16,124,4,88,133,107,51,42,50,71,23,83" hai1="58,40,41,11,100,78,103,19,5,18,39,7,49" hai2="104,109,122,59,66,75,45,77,91,97,3,9,26" hai3="14,110,131,76,74,52,13,134,96,119,72,85,106"/><U123/><E39/><V28/><F109/><W108/><G134/><T116/><D107/><U95/><E78/><V55/><F122/><W70/><G70/><T105/><D105/><U118/><E118/><V65/><F75/><W62/><G119/><T93/><D116/><U81/><E81/><V129/><F77/><W101/><G131/><T67/><D83/><U121/><E95/><N who="2" m="56575" /><F3/><W33/><G33/><T15/><D133/><U36/><E58/><V27/><F45/><W56/><G85/><T46/><D124/><U8/><REACH who="1" step="1"/><E36/><REACH who="1" ten="195,295,250,250" step="2"/><V1/><F104/><W10/><G76/><T0/><D31/><U43/><E43/><V38/><F38/><W17/><G108/><T130/><D130/><U47/><E47/><V54/><F129/><W114/><G110/><T112/><D112/><U102/><E102/><V84/><F28/><W24/><G114/><T113/><D113/><U73/><E73/><V48/><F1/><W53/><G74/><T87/><D42/><U80/><E80/><V115/><F115/><W64/><G72/><T44/><D46/><U63/><E63/><V22/><F59/><W99/><G101/><T117/><D117/><U57/><E57/><V20/><F48/><AGARI ba="0,1" hai="5,7,8,11,18,19,40,41,48,49,100,103,121,123" machi="48" ten="25,4800,0" yaku="1,1,22,2,53,0" doraHai="60" doraHaiUra="128" who="1" fromWho="2" sc="195,0,295,58,250,-48,250,0" /><INIT seed="1,1,0,0,1,109" ten="195,353,202,250" oya="1" hai0="92,38,106,79,126,7,39,102,72,15,22,103,73" hai1="76,129,67,94,101,74,30,114,69,118,24,96,13" hai2="50,62,95,25,105,71,77,133,115,27,28,121,98" hai3="34,60,134,97,116,80,113,46,33,128,88,43,135"/><U132/><E118/><V42/><F121/><W131/><G116/><T32/><D32/><N who="3" m="12393" /><G60/><T37/><D126/><U16/><E129/><N who="3" m="49738" /><G113/><T78/><D92/><U59/><E132/><N who="3" m="50730" /><G97/><T130/><D130/><U61/><E114/><V63/><F105/><W52/><G52/><T124/><D124/><U75/><E76/><V64/><F77/><W5/><G5/><T83/><D7/><U0/><E69/><V84/><F63/><W4/><G4/><T35/><D106/><U119/><E119/><V45/><F133/><W8/><G8/><T93/><D35/><U122/><E122/><V125/><F125/><W19/><G19/><T26/><D93/><U47/><E61/><V20/><F115/><W112/><G112/><T82/><REACH who="0" step="1"/><D15/><REACH who="0" ten="185,353,202,250" step="2"/><U36/><E13/><V68/><F71/><W55/><G80/><T91/><D91/><U123/><E94/><V86/><F27/><W6/><G6/><T23/><D23/><U111/><E24/><V87/><F87/><W90/><G55/><T104/><D104/><U44/><E123/><V89/><AGARI ba="1,1" hai="20,25,28,42,45,50,62,64,68,84,86,89,95,98" machi="89" ten="20,1500,0" yaku="0,1,7,1" doraHai="109" who="2" fromWho="2" sc="185,-5,353,-8,202,28,250,-5" /><INIT seed="2,0,0,1,4,46" ten="180,345,230,245" oya="2" hai0="79,70,0,108,56,29,131,111,83,42,55,36,20" hai1="21,115,1,34,116,74,89,2,99,133,43,106,52" hai2="13,92,23,100,16,101,93,7,63,48,44,37,67" hai3="28,84,134,121,47,68,110,45,54,130,105,123,5"/><V65/><F37/><W107/><G68/><T73/><D70/><U24/><E34/><V19/><F7/><W122/><G110/><N who="0" m="42027" /><D0/><U112/><E74/><V96/><F19/><W41/><G134/><T58/><D131/><U15/><E43/><V60/><F67/><W126/><G126/><T4/><D4/><U135/><E15/><V22/><F22/><W8/><G130/><T64/><D64/><U14/><E14/><V27/><F27/><W118/><G118/><T132/><D132/><U6/><E21/><V117/><F65/><W11/><G28/><T119/><D119/><U109/><E24/><V88/><F117/><W128/><G128/><T62/><D56/><U87/><E6/><V17/><F17/><W76/><G54/><T32/><D32/><U102/><E52/><N who="2" m="29703" /><F101/><W97/><G47/><N who="0" m="24007" /><D20/><U59/><E109/><V82/><F82/><W90/><G11/><T3/><D3/><U75/><E2/><V78/><F78/><W18/><G18/><T57/><D57/><U40/><E1/><V114/><F114/><W72/><G8/><T85/><D29/><U12/><E115/><V69/><F69/><W39/><G5/><T9/><D9/><U129/><E112/><V104/><F104/><W10/><G10/><T25/><D25/><U125/><E116/><V66/><F66/><W80/><G105/><T94/><D73/><U49/><E133/><V127/><F127/><W33/><G33/><T113/><D113/><U71/><E135/><V77/><F77/><W124/><G124/><T86/><D94/><N who="1" m="54591" /><E125/><V81/><F81/><N who="3" m="45191" /><G122/><T91/><D79/><RYUUKYOKU ba="0,0" sc="180,10,345,-30,230,10,245,10" hai0="55,58,62,83,85,86,91" hai2="13,16,23,60,63,88,92,93,96,100" hai3="39,41,45,80,84,90,97,107,121,123" /><INIT seed="2,1,0,2,3,75" ten="190,315,240,255" oya="2" hai0="21,17,10,107,8,37,54,89,0,56,11,15,87" hai1="135,38,34,74,31,16,13,67,48,40,39,49,112" hai2="81,19,41,42,115,92,95,103,125,122,88,128,93" hai3="7,43,47,72,99,57,80,65,123,114,106,96,35"/><V26/><F115/><W52/><G35/><T51/><D37/><U117/><E74/><V110/><F122/><W71/><G123/><T98/><D107/><U76/><E13/><V111/><F128/><W132/><G114/><T20/><D98/><U27/><E27/><V121/><F125/><W53/><G132/><T66/><D66/><U36/><E38/><V84/><F121/><W134/><G134/><T91/><D0/><U22/><E22/><N who="0" m="8809" /><D91/><U104/><E104/><V12/><F26/><W68/><G106/><T59/><D56/><U130/><E34/><V116/><F103/><W64/><G57/><T30/><D30/><U131/><E39/><V29/><F29/><W50/><G99/><T69/><D69/><U94/><E36/><V58/><F58/><W97/><G96/><T1/><D1/><U45/><E31/><V32/><F32/><W28/><G97/><T60/><D60/><U109/><E131/><V18/><F116/><W118/><G28/><T24/><D24/><U90/><E130/><V6/><F6/><W100/><G7/><T63/><D63/><U55/><E112/><V79/><F88/><W133/><G118/><T127/><D127/><U119/><E90/><V23/><REACH who="2" step="1"/><F19/><REACH who="2" ten="190,315,230,255" step="2"/><W124/><G124/><T85/><D89/><U44/><E16/><V2/><F2/><W102/><G102/><T3/><D3/><U62/><E119/><V86/><F86/><AGARI ba="1,1" hai="8,10,11,15,17,51,54,59,85,86,87" m="8809" machi="86" ten="30,1000,0" yaku="8,1" doraHai="75" who="0" fromWho="2" sc="190,23,315,0,230,-13,255,0" /><INIT seed="3,0,0,5,1,12" ten="213,315,217,255" oya="3" hai0="50,93,54,13,22,23,97,65,74,63,106,89,67" hai1="116,27,20,52,8,71,108,133,119,10,19,61,109" hai2="14,83,131,45,117,58,28,36,49,115,82,48,33" hai3="110,41,17,4,134,38,130,3,0,94,127,95,85"/><W90/><G127/><T102/><D74/><U21/><E71/><V81/><F115/><W25/><G134/><T120/><D120/><U72/><E72/><V129/><F36/><W30/><G130/><N who="2" m="49673" /><F117/><N who="1" m="45129" /><E133/><V125/><F125/><W104/><G104/><T101/><D101/><U40/><E40/><V51/><F45/><W126/><G126/><T55/><D55/><U5/><E5/><V24/><F14/><W43/><G110/><N who="1" m="42602" /><E21/><V34/><F58/><AGARI ba="0,0" hai="8,10,19,20,27,52,58,61" m="42602,45129" machi="58" ten="30,7700,0" yaku="12,1,14,1,52,1,54,1" doraHai="12" who="1" fromWho="2" sc="213,0,315,77,217,-77,255,0" /><INIT seed="4,0,0,3,1,128" ten="213,392,140,255" oya="0" hai0="15,84,49,25,134,18,29,81,22,88,23,4,73" hai1="0,98,21,36,85,61,113,133,37,124,51,135,119" hai2="65,1,9,100,57,122,19,101,63,53,71,47,14" hai3="66,118,80,10,42,77,69,72,96,108,94,67,24"/><T68/><D68/><U50/><E0/><V105/><F122/><W45/><G108/><T76/><D49/><U92/><E85/><V123/><F123/><W17/><G118/><T59/><D59/><U6/><E6/><V27/><F1/><W102/><G69/><T74/><D134/><N who="1" m="51211" /><E124/><V20/><F105/><W3/><G24/><T95/><REACH who="0" step="1"/><D4/><REACH who="0" ten="203,392,140,255" step="2"/><U104/><E51/><N who="2" m="28927" /><F71/><W110/><G110/><T111/><D111/><U127/><E50/><V2/><F2/><W58/><G58/><T125/><D125/><U86/><E127/><V43/><F43/><W132/><G132/><T70/><D70/><U93/><E119/><V87/><F87/><AGARI ba="0,1" hai="15,18,22,23,25,29,73,74,76,81,84,87,88,95" machi="87" ten="30,11600,0" yaku="1,1,7,1,54,1,53,1" doraHai="128" doraHaiUra="91" who="0" fromWho="2" sc="203,126,392,0,140,-116,255,0" /><INIT seed="4,1,0,1,1,7" ten="329,392,24,255" oya="0" hai0="56,48,8,80,32,104,93,111,77,5,46,113,65" hai1="22,71,85,98,117,112,0,122,38,92,126,27,55" hai2="119,100,51,114,109,57,2,95,75,130,53,44,33" hai3="63,25,83,131,50,26,70,124,52,36,16,87,49"/><T23/><D104/><U42/><E71/><V74/><F109/><W67/><G36/><T94/><D32/><U103/><E117/><V127/><F33/><W99/><G124/><T116/><D116/><U118/><E118/><V4/><F119/><W135/><G135/><T47/><D47/><U108/><E122/><V107/><F127/><W59/><G131/><T90/><D23/><U24/><E108/><V10/><F114/><W68/><G68/><T35/><D35/><U45/><E112/><V12/><F130/><W133/><G133/><T19/><D19/><U20/><E0/><V58/><F107/><W34/><G34/><T9/><D5/><U84/><E55/><V18/><F75/><W41/><G99/><T96/><D94/><U73/><E73/><V97/><REACH who="2" step="1"/><F74/><REACH who="2" ten="329,392,14,255" step="2"/><W101/><G101/><T40/><D111/><U54/><E126/><V123/><F123/><W66/><G66/><T60/><D113/><U14/><E103/><V1/><F1/><W88/><G67/><T125/><D125/><U31/><E85/><AGARI ba="1,1" hai="8,9,40,46,48,56,60,65,77,80,85,90,93,96" machi="85" ten="30,11600,0" yaku="7,1,8,1,52,2" doraHai="7" who="0" fromWho="1" sc="329,129,392,-119,14,0,255,0" /><INIT seed="4,2,0,4,4,111" ten="458,273,14,255" oya="0" hai0="68,127,75,27,47,9,78,92,94,59,13,10,14" hai1="114,36,108,88,46,29,135,58,90,101,56,30,31" hai2="121,18,40,23,125,77,28,85,107,84,132,44,41" hai3="53,134,91,133,131,87,71,73,99,65,119,26,1"/><T11/><D68/><U22/><E108/><V80/><F107/><W81/><G1/><T57/><D127/><U55/><E135/><V7/><F125/><W113/><G119/><T105/><D105/><U69/><E69/><V42/><F121/><W16/><G131/><T116/><D116/><U32/><E32/><V5/><F132/><N who="3" m="50795" /><G73/><T51/><D27/><U3/><E3/><V17/><F44/><W24/><G53/><T12/><D78/><U126/><E101/><V96/><F96/><W62/><G113/><T25/><D25/><N who="3" m="9833" /><G99/><T48/><D75/><U64/><E64/><V83/><F28/><W89/><G16/><N who="2" m="6249" /><F23/><W102/><G102/><T54/><D59/><N who="1" m="22571" /><E22/><V66/><F66/><W130/><G130/><T67/><REACH who="0" step="1"/><D67/><REACH who="0" ten="448,273,14,255" step="2"/><U60/><E126/><V76/><AGARI ba="2,1" hai="5,7,40,41,42,76,77,80,83,84,85" m="6249" machi="76" ten="30,2000,0" yaku="8,1,54,1" doraHai="111" who="2" fromWho="2" sc="448,-12,273,-7,14,36,255,-7" /><INIT seed="5,0,0,5,5,37" ten="436,266,50,248" oya="1" hai0="86,131,65,28,107,7,87,70,49,11,27,13,121" hai1="6,117,2,76,96,8,78,3,75,132,100,54,0" hai2="62,118,59,36,135,90,35,15,82,116,105,56,38" hai3="16,112,84,46,19,34,53,18,80,68,85,123,130"/><U74/><E117/><V25/><F105/><W24/><G123/><T124/><D124/><U108/><E132/><V92/><F135/><W71/><G112/><T40/><D131/><U109/><E54/><V97/><F116/><W67/><G130/><T102/><D121/><U45/><E45/><V73/><F118/><W22/><G34/><T9/><D9/><U113/><E113/><V4/><F56/><W101/><G101/><T89/><D89/><U31/><E31/><V119/><F119/><W20/><G67/><T51/><D51/><U43/><E43/><V120/><F120/><W115/><G115/><T32/><D49/><U10/><E6/><V94/><F94/><W114/><G114/><T103/><D40/><U48/><E48/><V64/><F15/><W61/><G46/><T30/><D103/><U129/><E129/><V41/><F4/><W72/><G72/><N who="1" m="27690" /><E96/><V17/><F41/><W39/><G39/><T12/><D30/><U63/><E63/><V44/><F44/><W88/><G85/><T5/><D5/><U83/><E100/><V29/><F17/><W126/><G126/><T104/><D13/><U26/><E26/><V133/><F133/><W69/><REACH who="3" step="1"/><G24/><REACH who="3" ten="436,266,50,238" step="2"/><T128/><D128/><U91/><E91/><V1/><REACH who="2" step="1"/><F1/><REACH who="2" ten="436,266,40,238" step="2"/><W21/><G21/><T110/><D104/><U33/><E33/><V55/><F55/><W42/><G42/><T98/><D32/><U134/><E134/><V79/><AGARI ba="0,2" hai="25,29,35,36,38,59,62,64,73,79,82,90,92,97" machi="79" ten="30,2000,0" yaku="1,1,0,1,53,0" doraHai="37" doraHaiUra="111" who="2" fromWho="2" sc="436,-5,266,-10,40,40,238,-5" /><INIT seed="6,0,0,3,0,76" ten="431,256,80,233" oya="2" hai0="34,86,52,118,128,95,46,108,11,2,6,131,72" hai1="97,74,4,116,50,40,117,103,85,42,84,17,3" hai2="114,124,5,111,112,123,41,77,121,101,61,10,127" hai3="90,48,62,75,105,39,49,36,45,132,32,91,18"/><V107/><F41/><W67/><G105/><T130/><D72/><U71/><E71/><V80/><F61/><W119/><G32/><T135/><D34/><U66/><E3/><N who="2" m="319" /><F101/><W125/><G75/><T47/><D118/><U26/><E74/><N who="2" m="43063" /><F107/><W51/><G119/><T59/><D135/><U7/><E66/><V81/><F81/><W43/><G132/><T58/><D58/><U22/><E116/><V38/><F38/><W92/><G36/><T122/><D122/><N who="2" m="46602" /><F111/><W68/><G90/><N who="0" m="53719" /><D108/><U16/><E17/><V53/><F53/><W65/><G65/><T82/><D82/><U78/><E117/><V29/><F29/><W69/><G69/><T24/><D24/><U64/><E64/><V28/><F28/><W126/><REACH who="3" step="1"/><G18/><REACH who="3" ten="431,256,80,223" step="2"/><T31/><D31/><U20/><E16/><V79/><F79/><W13/><G13/><T104/><D104/><U98/><E78/><V100/><F100/><W25/><G25/><T14/><D14/><U99/><E26/><V30/><F30/><W23/><G23/><T129/><D128/><U12/><E22/><V83/><F83/><W102/><G102/><T37/><D37/><U21/><E103/><V1/><F1/><W55/><G55/><T93/><D93/><U94/><E94/><V54/><F54/><W96/><AGARI ba="0,1" hai="39,43,45,48,49,51,62,67,68,91,92,96,125,126" machi="96" ten="30,4000,0" yaku="1,1,0,1,53,1" doraHai="76" doraHaiUra="57" who="3" fromWho="3" sc="431,-10,256,-10,80,-20,223,50" /><INIT seed="7,0,0,0,1,38" ten="421,246,60,273" oya="3" hai0="129,17,60,132,109,9,81,23,48,93,8,121,113" hai1="19,26,131,108,10,77,4,42,14,119,97,110,7" hai2="11,107,24,54,27,67,86,25,6,61,34,118,21" hai3="69,75,1,55,66,70,78,120,92,99,49,115,106"/><W84/><G1/><T89/><D109/><U15/><E77/><V83/><F54/><W50/><G120/><T41/><D121/><U29/><E97/><V104/><F118/><W28/><G115/><T91/><D132/><U123/><E123/><V16/><F104/><W56/><G28/><T87/><D129/><U18/><E42/><V133/><F107/><W76/><G75/><T43/><D60/><U73/><E73/><V88/><F133/><W96/><G106/><T135/><D135/><U13/><E131/><V3/><F61/><W45/><G96/><N who="0" m="57391" /><D113/><U122/><E122/><V116/><F67/><W59/><G66/><T22/><D22/><N who="1" m="15575" /><E119/><V100/><F100/><W101/><G56/><T0/><D0/><N who="1" m="263" /><E7/><V127/><F127/><W130/><G130/><T68/><D68/><U31/><E31/><V105/><F105/><W102/><G102/><T53/><D43/><U125/><E125/><V51/><F116/><W79/><REACH who="3" step="1"/><G84/><REACH who="3" ten="421,246,60,263" step="2"/><T72/><D72/><U33/><E33/><V32/><REACH who="2" step="1"/><F51/><REACH who="2" ten="421,246,50,263" step="2"/><W12/><G12/><AGARI ba="0,2" hai="3,6,11,12,16,21,24,25,27,32,34,83,86,88" machi="12" ten="40,8000,1" yaku="1,1,2,1,54,2,53,0" doraHai="38" doraHaiUra="57" who="2" fromWho="3" sc="421,0,246,0,50,100,263,-80" owari="421,52.0,246,5.0,150,-35.0,183,-22.0" /></mjloggm>