<mjloggm ver="2.3"><GO type="97" lobby="0"/><UN n0="%E3%81%B2%E3%81%A7%E3%81%A8%E3%82%93" n1="%E5%B0%B1%E6%B4%BB%E7%94%9F%40%E5%B7%9D%E6%9D%91%E8%BB%8D%E5%9B%A3" n2="%E5%A0%B4%E4%BB%A3" n3="%EF%BC%A0%E3%82%A4%E3%83%83%E3%82%B7%EF%BD%9E%EF%BC%BE%2D%EF%BC%BE" dan="14,14,13,14" rate="1897.73,1970.28,1891.33,2002.89" sx="M,M,M,F"/><TAIKYOKU oya="0"/><INIT seed="0,0,0,2,2,40" ten="250,250,250,250" oya="0" hai0="6,55,43,121,93,23,68,98,61,30,129,67,2" hai1="66,81,34,1,46,18,104,74,126,24,130,114,120" hai2="7,17,103,79,94,100,76,134,88,109,124,133,21" hai3="99,35,60,116,15,0,10,77,73,51,91,115,28"/><T119/><D121/><U89/><E120/><V44/><F109/><W12/><G116/><T132/><D119/><U117/><E117/><V14/><F124/><W106/><G115/><T131/><D132/><N who="2" m="50794" /><F7/><W122/><G122/><T27/><D43/><U86/><E104/><V64/><F64/><W48/><G73/><T82/><D82/><U22/><E114/><V42/><F79/><W32/><G77/><T9/><REACH who="0" step="1"/><D55/><REACH who="0" ten="240,250,250,250" step="2"/><U128/><E81/><V3/><F76/><W58/><G35/><T95/><D95/><U37/><E34/><V47/><F3/><W110/><G32/><T41/><D41/><U125/><E1/><V72/><F72/><W83/><G0/><T108/><D108/><U92/><E74/><V29/><F42/><W5/><G106/><T87/><D87/><U107/><E37/><V45/><F29/><W20/><G28/><T111/><D111/><U75/><E107/><V31/><F31/><W8/><G110/><T102/><AGARI ba="0,1" hai="2,6,9,23,27,30,61,67,68,93,98,102,129,131" machi="102" ten="30,3000,0" yaku="1,1,0,1,53,0" doraHai="40" doraHaiUra="11" who="0" fromWho="0" sc="240,40,250,-10,250,-10,250,-10" /><INIT seed="0,1,0,5,2,88" ten="280,240,240,240" oya="0" hai0="13,93,67,21,45,69,97,1,77,58,121,62,64" hai1="117,91,24,4,68,119,80,78,90,29,115,11,73" hai2="110,86,3,56,19,131,41,52,48,16,84,30,37" hai3="38,17,120,105,125,43,100,135,0,54,53,103,89"/><T23/><D121/><U60/><E115/><V31/><F3/><W124/><G0/><T70/><D1/><U36/><E91/><V6/><F110/><W102/><G120/><T128/><D77/><U108/><E108/><V10/><F131/><W44/><G135/><T98/><D128/><U111/><E111/><V109/><F109/><W55/><G17/><N who="2" m="6729" /><F37/><W82/><G105/><T104/><D45/><U114/><E114/><V83/><F41/><W2/><G2/><T51/><D51/><U26/><E36/><V57/><F86/><W132/><G132/><T123/><D123/><U133/><E133/><V18/><F6/><W8/><G8/><T81/><D81/><U106/><E106/><V107/><F107/><W50/><G82/><T47/><D47/><U32/><E26/><V127/><F127/><N who="3" m="48715" /><G89/><T126/><D126/><U87/><E11/><V5/><F5/><W34/><G34/><T75/><D75/><U116/><E4/><V25/><F57/><AGARI ba="1,0" hai="38,43,44,50,53,54,55,57,100,102,103" m="48715" machi="57" ten="30,1000,0" yaku="18,1" doraHai="88" who="3" fromWho="2" sc="280,0,240,0,240,-13,240,13" /><INIT seed="1,0,0,0,0,34" ten="280,240,227,253" oya="1" hai0="94,37,57,55,74,44,124,9,77,39,27,21,66" hai1="42,119,50,5,110,58,71,33,92,73,15,65,104" hai2="51,12,116,132,63,102,85,115,123,135,79,95,60" hai3="23,13,64,69,14,111,29,70,130,35,22,8,38"/><U62/><E104/><V133/><F123/><W125/><G38/><T49/><D124/><U11/><E33/><V28/><F116/><W88/><G125/><T31/><D94/><U108/><E73/><V122/><F122/><W106/><G106/><T1/><D74/><U61/><E119/><V127/><F127/><W101/><G101/><T54/><D77/><U98/><E42/><V128/><F28/><W6/><G130/><T26/><D66/><U18/><E50/><V131/><F115/><W114/><G114/><T129/><D27/><U107/><E107/><V81/><F51/><W118/><G118/><T30/><D30/><U36/><E36/><V75/><F12/><W47/><G47/><T121/><D129/><N who="2" m="49738" /><F85/><W19/><G111/><N who="1" m="42538" /><E61/><V48/><F48/><W100/><G70/><T86/><D86/><U109/><N who="1" m="42546" /><U76/><DORA hai="46" /><E76/><V7/><F7/><W72/><G72/><T53/><D121/><U103/><E71/><V97/><AGARI ba="0,0" hai="60,63,75,79,81,95,97,102,132,133,135" m="49738" machi="97" ten="40,2700,0" yaku="20,1,19,1" doraHai="34,46" who="2" fromWho="2" sc="280,-7,240,-13,227,27,253,-7" /><INIT seed="2,0,0,1,2,92" ten="273,227,254,246" oya="2" hai0="82,72,83,124,43,85,88,1,78,10,45,38,91" hai1="90,97,125,126,39,32,60,80,63,117,110,41,28" hai2="21,132,55,4,29,56,7,57,134,135,128,102,22" hai3="106,76,77,53,24,130,18,112,2,20,133,62,111"/><V15/><F128/><W8/><G106/><T16/><D124/><N who="1" m="47723" /><E117/><V47/><F102/><W19/><G130/><T67/><D67/><U44/><E110/><V58/><F29/><W49/><G111/><T73/><D73/><U96/><E32/><V65/><F65/><W101/><G133/><T71/><D71/><U129/><E129/><V9/><F7/><W27/><G112/><T5/><D16/><U3/><E3/><V131/><F131/><W68/><G101/><T127/><D127/><U93/><E28/><V121/><F121/><W37/><G37/><T81/><D81/><U74/><E97/><V69/><F69/><W31/><G2/><T99/><D99/><U109/><E109/><V95/><F95/><W114/><G114/><T14/><D14/><U42/><E42/><V25/><REACH who="2" step="1"/><F25/><REACH who="2" ten="273,227,244,246" step="2"/><W104/><G104/><T0/><D0/><U61/><E80/><V48/><AGARI ba="0,1" hai="4,9,15,21,22,47,48,55,56,57,58,132,134,135" machi="48" ten="40,12000,1" yaku="1,1,2,1,0,1,20,1,53,1" doraHai="92" doraHaiUra="50" who="2" fromWho="2" sc="273,-40,227,-40,244,130,246,-40" /><INIT seed="2,1,0,2,5,19" ten="233,187,374,206" oya="2" hai0="85,76,86,125,7,24,77,52,115,130,3,69,91" hai1="78,38,119,56,18,120,17,41,16,83,48,25,39" hai2="64,99,32,108,102,114,70,42,0,35,112,36,20" hai3="46,62,23,116,34,98,14,105,82,26,96,21,111"/><V122/><F122/><W2/><G116/><T4/><D115/><U68/><E119/><V13/><F0/><W100/><G2/><T40/><D69/><U45/><E120/><V133/><F133/><W66/><G111/><T88/><D125/><U28/><E68/><V131/><F131/><W51/><G82/><T74/><D74/><U65/><E65/><V9/><F108/><W118/><G118/><T109/><D109/><U81/><E56/><V110/><F110/><W127/><G127/><T59/><D40/><U124/><E124/><V8/><F64/><W132/><G132/><T50/><D3/><U44/><E44/><V90/><F70/><W60/><G96/><T126/><D130/><U71/><E71/><V80/><F35/><W121/><G121/><T72/><D72/><U97/><E97/><V12/><F32/><W27/><G34/><T33/><D33/><U43/><E43/><V31/><F36/><W55/><G14/><N who="2" m="5737" /><F42/><W37/><G37/><T123/><D24/><U10/><E10/><N who="2" m="4203" /><F90/><N who="0" m="34346" /><D126/><U87/><E39/><V6/><F80/><W73/><G73/><T30/><D30/><U54/><E81/><V15/><F99/><W79/><G79/><N who="0" m="30283" /><D123/><U101/><E101/><V104/><F102/><W29/><G66/><T92/><D92/><U57/><REACH who="1" step="1"/><E28/><AGARI ba="1,0" hai="21,23,26,27,28,29,46,51,55,60,62,98,100,105" machi="28" ten="30,7700,0" yaku="7,1,9,1,52,2" doraHai="19" who="3" fromWho="1" sc="233,0,187,-80,374,0,206,80" /><INIT seed="3,0,0,1,5,16" ten="233,107,374,286" oya="3" hai0="13,51,89,38,128,62,47,115,21,40,85,50,122" hai1="126,135,49,77,28,133,9,121,74,68,118,8,101" hai2="100,44,57,4,70,26,30,134,0,105,34,45,24" hai3="132,78,66,97,75,103,42,29,1,33,20,39,76"/><W110/><G1/><T79/><D122/><U67/><E121/><V36/><F134/><W119/><G119/><T55/><D128/><U96/><E118/><V107/><F57/><W124/><G132/><T84/><D115/><U48/><E126/><V46/><F26/><W83/><G124/><T63/><D79/><U31/><E77/><V11/><F70/><W14/><G78/><T108/><D108/><U82/><E82/><V73/><F73/><W17/><G110/><T95/><D38/><U71/><E74/><V92/><F36/><W43/><G39/><T88/><D88/><U15/><E15/><V86/><F86/><W18/><G66/><T22/><D13/><U114/><E67/><V60/><F60/><N who="0" m="23082" /><D84/><U10/><E10/><V125/><F125/><W2/><G2/><T98/><D98/><U56/><E56/><AGARI ba="0,0" hai="21,22,40,47,50,51,55,56,85,89,95" m="23082" machi="56" ten="30,3900,0" yaku="8,1,52,2" doraHai="16" who="0" fromWho="1" sc="233,39,107,-39,374,0,286,0" owari="272,-13.0,68,-43.0,374,47.0,286,9.0" /></mjloggm>