<mjloggm ver="2.3"><GO type="97" lobby="0"/><UN n0="%44%4F%44%4F%4B%4F" n1="%E5%B0%B1%E6%B4%BB%E7%94%9F%40%E5%B7%9D%E6%9D%91%E8%BB%8D%E5%9B%A3" n2="%E8%B5%A4%E9%98%AA%E9%83%81%E4%B9%83" n3="%E3%83%87%E3%82%A3%E3%82%AA%E3%83%90%E3%83%B3" dan="14,14,15,16" rate="1972.14,1956.10,1973.98,2063.17" sx="F,M,F,M"/><TAIKYOKU oya="0"/><INIT seed="0,0,0,4,5,96" ten="250,250,250,250" oya="0" hai0="21,0,75,34,98,29,89,114,97,102,32,106,1" hai1="133,12,31,16,48,111,23,18,53,103,22,14,116" hai2="105,87,131,27,126,127,92,117,66,7,59,134,119" hai3="93,36,60,3,135,70,19,78,41,57,35,79,24"/><T80/><D114/><U71/><E116/><N who="2" m="44619" /><F131/><W13/><G70/><T47/><D34/><U50/><E71/><V95/><F105/><W54/><G3/><T63/><D47/><U74/><E74/><V69/><F69/><W46/><G135/><T72/><D21/><U52/><E133/><V9/><F134/><W58/><G93/><N who="2" m="35913" /><F87/><W37/><G37/><T113/><D113/><U118/><E118/><V101/><F27/><W55/><G24/><N who="0" m="18471" /><D89/><U64/><E64/><V91/><F91/><W56/><G35/><T86/><D86/><U42/><E42/><V129/><F129/><W2/><G79/><N who="0" m="44135" /><D63/><U15/><E31/><V39/><F39/><W33/><G78/><T10/><D97/><U99/><E14/><N who="2" m="5439" /><F101/><W83/><G2/><N who="0" m="1131" /><D10/><U11/><E11/><V120/><F120/><W61/><G33/><T77/><D77/><U4/><E4/><V115/><F115/><W28/><G28/><T88/><D88/><U26/><E26/><V44/><F44/><W107/><G46/><T81/><D81/><U128/><E128/><V110/><F66/><W17/><G83/><T65/><D65/><U85/><E85/><V25/><F25/><W82/><G82/><T5/><D5/><U8/><E8/><V122/><F122/><W132/><G132/><T123/><D123/><U62/><E99/><V76/><F76/><W100/><G100/><T112/><D112/><U84/><E103/><V108/><F59/><W68/><G57/><T43/><D43/><U38/><E84/><V40/><F40/><W125/><G41/><T73/><AGARI ba="0,0" hai="73,75,98,102,106" m="1131,44135,18471" machi="73" ten="30,6000,0" yaku="33,2,52,1" doraHai="96" who="0" fromWho="0" sc="250,60,250,-20,250,-20,250,-20" /><INIT seed="0,1,0,4,3,74" ten="310,230,230,230" oya="0" hai0="32,38,76,108,77,40,107,17,39,128,14,79,23" hai1="58,116,27,133,43,45,57,24,35,98,125,105,114" hai2="26,70,69,91,36,123,37,103,87,0,12,20,22" hai3="84,54,50,59,111,118,85,112,129,46,109,122,134"/><T93/><D107/><U100/><E116/><V63/><F0/><W5/><G118/><T16/><D32/><U68/><E68/><V48/><F103/><W80/><G112/><T97/><D40/><U8/><E114/><V7/><F123/><W101/><G122/><T56/><D128/><U31/><E125/><V19/><F48/><W18/><G129/><T119/><D119/><U121/><E121/><V33/><F33/><W90/><G134/><T55/><D17/><U65/><E133/><V9/><F22/><W3/><G101/><T1/><D1/><U28/><E65/><V120/><F120/><W42/><G3/><T104/><D104/><U94/><E105/><V49/><F49/><W99/><G5/><T61/><REACH who="0" step="1"/><D108/><REACH who="0" ten="300,230,230,230" step="2"/><U92/><E8/><V124/><F124/><W72/><G111/><T4/><D4/><U6/><E6/><V66/><REACH who="2" step="1"/><F70/><REACH who="2" ten="300,230,220,230" step="2"/><W64/><G109/><T106/><D106/><U60/><E35/><V130/><F130/><W117/><G117/><T88/><AGARI ba="1,2" hai="14,16,23,38,39,55,56,61,76,77,79,88,93,97" machi="88" ten="30,18000,2" yaku="1,1,0,1,52,3,54,2,53,0" doraHai="74" doraHaiUra="131" who="0" fromWho="0" sc="300,203,230,-61,220,-61,230,-61" /><INIT seed="0,2,0,4,2,0" ten="503,169,159,169" oya="0" hai0="90,51,49,91,106,69,48,99,6,80,124,87,10" hai1="5,67,24,65,93,54,63,126,84,61,107,26,103" hai2="62,3,108,74,31,27,97,95,111,9,1,96,30" hai3="33,58,98,135,127,25,52,44,28,18,23,75,21"/><T4/><D69/><U38/><E107/><V121/><F121/><W119/><G119/><T109/><D124/><U13/><E126/><V115/><F115/><W68/><G68/><T133/><D133/><U20/><E38/><V102/><F74/><W47/><G75/><T15/><D109/><N who="2" m="42058" /><F62/><N who="1" m="23561" /><E54/><V100/><F9/><W39/><G135/><T78/><D106/><U60/><N who="1" m="23569" /><U86/><DORA hai="57" /><E103/><V134/><F134/><W11/><G39/><T46/><D46/><N who="3" m="17449" /><G33/><T76/><D6/><U42/><E42/><V89/><F89/><W116/><G116/><T41/><D41/><U132/><E132/><V118/><F118/><W131/><G131/><T92/><AGARI ba="2,0" hai="4,10,15,48,49,51,76,78,80,87,90,91,92,99" machi="92" ten="30,6000,0" yaku="0,1,8,1,52,1" doraHai="0,57" who="0" fromWho="0" sc="503,66,169,-22,159,-22,169,-22" /><INIT seed="0,3,0,1,0,17" ten="569,147,137,147" oya="0" hai0="62,101,109,121,13,119,125,5,122,120,64,46,39" hai1="21,38,2,71,133,47,117,29,85,57,70,72,98" hai2="0,63,28,107,76,32,19,43,67,24,124,114,58" hai3="131,11,108,37,34,77,83,118,100,82,73,52,113"/><T30/><D119/><U92/><E117/><V42/><F114/><W7/><G118/><T15/><D101/><U26/><E72/><V75/><F107/><W69/><G113/><T31/><D39/><U88/><E2/><V36/><F124/><W84/><G69/><T128/><D46/><U60/><E133/><V116/><F116/><W132/><G34/><T66/><D125/><U86/><E70/><V127/><F127/><W33/><G33/><T115/><D115/><U35/><E71/><V80/><F0/><W106/><G37/><T90/><D90/><U61/><E35/><V9/><F36/><W130/><G132/><T129/><D62/><U99/><E61/><V96/><F96/><N who="1" m="36905" /><E47/><V50/><F50/><W6/><G106/><T123/><D120/><U110/><E38/><V54/><F67/><N who="0" m="25642" /><D109/><U45/><E45/><V12/><AGARI ba="3,0" hai="9,12,19,24,28,32,42,43,54,58,63,75,76,80" machi="12" ten="30,1100,0" yaku="0,1" doraHai="17" who="2" fromWho="2" sc="569,-8,147,-6,137,20,147,-6" /><INIT seed="1,0,0,0,1,26" ten="561,141,157,141" oya="1" hai0="43,62,42,127,105,36,124,6,93,78,89,129,30" hai1="106,32,34,121,122,102,12,82,77,85,65,135,68" hai2="31,0,125,84,132,71,45,120,3,94,112,60,114" hai3="67,7,52,27,16,8,115,87,48,10,46,118,58"/><U14/><E135/><V51/><F120/><W49/><G115/><N who="2" m="44073" /><F125/><N who="0" m="48202" /><D105/><U15/><E68/><V4/><F31/><W39/><G39/><T18/><D6/><U123/><REACH who="1" step="1"/><E65/><REACH who="1" ten="561,131,157,141" step="2"/><V22/><F132/><W90/><G67/><T98/><D129/><U13/><N who="1" m="3584" /><DORA hai="83" /><U66/><E66/><V37/><F71/><W69/><G69/><T113/><D113/><U104/><E104/><V5/><F0/><W33/><G7/><T72/><D36/><U64/><E64/><V133/><F3/><W57/><G8/><T59/><D43/><U99/><AGARI ba="0,1" hai="32,34,77,82,85,99,102,106,121,122,123" m="3584" machi="99" ten="50,18000,2" yaku="1,1,0,1,52,1,53,3" doraHai="26,83" doraHaiUra="117,131" who="1" fromWho="1" sc="561,-60,131,190,157,-60,141,-60" /><INIT seed="1,1,0,5,2,13" ten="501,321,97,81" oya="1" hai0="117,10,16,86,92,72,68,19,47,54,51,23,95" hai1="123,121,40,67,27,50,41,90,134,132,114,96,61" hai2="26,105,25,120,11,79,119,110,107,83,33,125,3" hai3="2,87,103,131,66,76,78,98,113,55,111,109,91"/><U24/><E96/><V133/><F119/><W84/><G2/><T63/><D72/><U57/><E90/><V52/><F120/><N who="1" m="46153" /><E24/><V80/><F110/><N who="3" m="41995" /><G66/><T69/><D117/><U15/><E27/><V39/><F125/><W31/><G31/><T81/><D10/><U0/><E0/><V49/><F133/><N who="1" m="51305" /><E15/><V115/><F115/><W8/><G55/><T94/><D63/><U21/><E21/><V74/><F39/><W135/><G8/><T64/><D64/><U17/><E17/><V60/><F60/><W122/><G135/><T128/><D23/><U34/><E34/><V118/><F118/><W22/><G22/><T106/><D106/><U73/><E73/><V124/><F124/><W4/><G4/><T65/><D65/><U70/><E114/><V101/><F33/><W6/><G6/><T129/><D69/><U1/><E1/><V20/><F20/><W62/><G113/><T38/><D68/><U126/><E126/><V97/><F107/><N who="3" m="63991" /><G62/><T30/><D30/><U46/><E70/><V18/><F3/><W12/><G122/><T14/><D14/><U116/><E116/><V45/><F25/><W44/><G12/><T32/><D32/><U77/><E77/><N who="3" m="29802" /><G91/><T42/><D19/><U85/><E85/><V56/><F26/><W35/><G35/><T58/><D16/><U7/><E7/><V9/><F18/><W28/><G28/><T59/><D86/><N who="3" m="32809" /><G131/><T48/><D128/><U53/><AGARI ba="1,0" hai="40,41,46,50,53,57,61,67" m="51305,46153" machi="53" ten="30,6000,0" yaku="20,1,34,2" doraHai="13" who="1" fromWho="1" sc="501,-21,321,63,97,-21,81,-21" /><INIT seed="1,2,0,5,1,126" ten="480,384,76,60" oya="1" hai0="134,28,57,120,49,104,96,59,60,10,65,82,78" hai1="48,89,83,80,71,113,63,45,92,56,55,4,94" hai2="6,117,26,16,70,46,132,34,18,97,36,33,109" hai3="22,98,53,124,86,77,24,122,31,130,100,121,51"/><U84/><E113/><V85/><F117/><W9/><G124/><T72/><D120/><U27/><E71/><V107/><F70/><W30/><G130/><T131/><D131/><U74/><E4/><V99/><F6/><W75/><G75/><T7/><D28/><U13/><E13/><V69/><F69/><W44/><G9/><T37/><D37/><U32/><E74/><V0/><F0/><W73/><G73/><T101/><D134/><U35/><E35/><V110/><F36/><W11/><G11/><T8/><D7/><U79/><E32/><V102/><F46/><W39/><G39/><T68/><D59/><U128/><E128/><V62/><F62/><W14/><G14/><T91/><D91/><U76/><E27/><V106/><F26/><W23/><G23/><T52/><AGARI ba="2,0" hai="8,10,49,52,57,60,65,68,72,78,82,96,101,104" machi="52" ten="30,2000,0" yaku="0,1,54,1" doraHai="126" who="0" fromWho="0" sc="480,26,384,-12,76,-7,60,-7" /><INIT seed="2,0,0,0,4,112" ten="506,372,69,53" oya="2" hai0="41,37,85,68,67,48,59,66,77,125,10,33,134" hai1="46,111,122,94,121,106,31,32,69,108,72,28,97" hai2="89,12,0,119,30,2,56,93,102,74,60,114,27" hai3="40,25,71,115,47,44,36,120,124,8,16,58,116"/><V39/><F114/><W127/><G120/><N who="1" m="46186" /><E72/><V76/><F119/><W88/><G115/><T7/><D33/><U78/><E69/><V64/><F39/><W53/><G71/><T104/><D104/><U24/><E78/><V11/><F102/><W103/><G103/><T107/><D107/><U126/><E126/><N who="3" m="48170" /><G47/><T49/><D68/><U50/><E106/><V135/><F135/><W23/><G8/><T84/><D134/><U123/><E123/><V86/><F76/><W98/><G116/><T133/><D133/><U82/><E82/><V65/><F65/><W109/><G109/><N who="1" m="42058" /><E24/><V90/><F74/><W61/><G98/><T87/><D77/><U118/><E118/><V5/><REACH who="2" step="1"/><F90/><AGARI ba="0,0" hai="16,23,25,36,40,44,53,58,61,88,90" m="48170" machi="90" ten="30,3900,0" yaku="18,1,54,2" doraHai="112" who="3" fromWho="2" sc="506,0,372,0,69,-39,53,39" /><INIT seed="3,0,0,5,1,15" ten="506,372,30,92" oya="3" hai0="98,53,84,122,94,103,97,27,31,74,32,33,2" hai1="24,130,63,40,59,14,82,114,45,71,102,42,8" hai2="113,124,17,49,4,3,87,111,56,131,37,60,28" hai3="65,77,11,105,135,19,92,61,89,75,22,96,100"/><W91/><G135/><T26/><D74/><U72/><E114/><V129/><F37/><W48/><G11/><T133/><D2/><U118/><E71/><V16/><F113/><W123/><G123/><T21/><D122/><U112/><E118/><V20/><F111/><W55/><G75/><T117/><D117/><U86/><E112/><V79/><F124/><W52/><G77/><T81/><D98/><U132/><E130/><N who="2" m="49675" /><F49/><W106/><G106/><T90/><D133/><U44/><E72/><V50/><F50/><W101/><G101/><T134/><D134/><U93/><E132/><V41/><F41/><N who="1" m="15977" /><E24/><N who="2" m="16391" /><F3/><W12/><G105/><T18/><D53/><N who="3" m="20553" /><G48/><T10/><D10/><U38/><E38/><V36/><F4/><W80/><G80/><T29/><D29/><U78/><E93/><V119/><F36/><W109/><G109/><T128/><D128/><U1/><E102/><V67/><F119/><W68/><G68/><T69/><D69/><U46/><E1/><V125/><F125/><W110/><G110/><T51/><D51/><U88/><E78/><V104/><F104/><W85/><G100/><T126/><D126/><U95/><E82/><AGARI ba="0,0" hai="16,17,56,60,67,79,82,87" m="16391,49675" machi="82" ten="30,7700,0" yaku="19,1,52,2,54,1" doraHai="15" who="2" fromWho="1" sc="506,0,372,-77,30,77,92,0" owari="506,60.0,295,10.0,107,-29.0,92,-41.0" /></mjloggm>