<mjloggm ver="2.3"><GO type="225" lobby="0"/><UN n0="%E7%B6%BE%E7%80%AC%E5%A5%88%E9%83%BD%E5%B8%8C" n1="%E3%83%88%E3%83%88%E3%83%AA%E5%85%88%E7%94%9F%31%39%E6%AD%B3" n2="%76%69%62%72%61%74%65" n3="%E3%82%B4%E3%83%BC%E3%83%AB%E3%83%87%E3%83%B3%E3%81%B2%E3%82%88%E3%81%93" dan="16,18,16,16" rate="2165.60,2265.64,2067.16,2114.59" sx="F,F,M,M"/><TAIKYOKU oya="0"/><INIT seed="0,0,0,0,2,72" ten="250,250,250,250" oya="0" hai0="15,34,53,2,32,84,94,90,129,35,0,108,124" hai1="45,59,130,114,23,110,1,111,30,92,4,21,8" hai2="109,40,123,75,97,3,19,6,14,68,126,116,16" hai3="24,125,88,11,95,26,29,133,113,135,7,87,51"/><T100/><D129/><U5/><E130/><V132/><F40/><W39/><G39/><T104/><D124/><U36/><E114/><V69/><F97/><W127/><G113/><T82/><D108/><N who="1" m="41515" /><E30/><V54/><F54/><W12/><G51/><T119/><D119/><U122/><E122/><V89/><F89/><W102/><G102/><T65/><D65/><U42/><E5/><V28/><F69/><W60/><G60/><T78/><D15/><U81/><E92/><V76/><F68/><W96/><G96/><N who="0" m="61447" /><D53/><U117/><E117/><V134/><F28/><W61/><G61/><T64/><D64/><U49/><E81/><V107/><F116/><W121/><G121/><T17/><D17/><U57/><E36/><V38/><F38/><W47/><G47/><T118/><D118/><U25/><E25/><N who="3" m="9834" /><G29/><T131/><D131/><U13/><E1/><V115/><F19/><W27/><N who="3" m="9842" /><W98/><DORA hai="46" /><G98/><T62/><D62/><U41/><E41/><V18/><F18/><W80/><G80/><T52/><D52/><U103/><E103/><V74/><F123/><W20/><G20/><AGARI ba="0,0" hai="4,8,13,20,21,23,42,45,49,57,59" m="41515" machi="20" ten="30,2000,0" yaku="14,1,52,1" doraHai="72,46" who="1" fromWho="3" sc="250,0,250,20,250,0,250,-20" /><INIT seed="1,0,0,0,0,42" ten="250,270,250,230" oya="1" hai0="11,5,29,99,132,120,123,19,52,2,126,81,92" hai1="41,72,22,30,1,119,18,68,113,101,13,20,60" hai2="79,124,58,109,21,25,117,10,8,6,53,114,131" hai3="24,31,129,105,95,51,3,56,28,94,38,73,44"/><U116/><E113/><V97/><F114/><W118/><G105/><T133/><D126/><U127/><E72/><V115/><F115/><W96/><G73/><T50/><D29/><U33/><E1/><V75/><F117/><W87/><G118/><T128/><D19/><U40/><E33/><V57/><F131/><W49/><G129/><T16/><D81/><U103/><E127/><V46/><F109/><W112/><G38/><T70/><D70/><U9/><E9/><V26/><F10/><W122/><G3/><T47/><D16/><U32/><E32/><V63/><F58/><W74/><G74/><T7/><D7/><U134/><E134/><N who="0" m="51817" /><D128/><U27/><E116/><V100/><F75/><W23/><G122/><T78/><D78/><U59/><E68/><V34/><F79/><W39/><G39/><T107/><D107/><U89/><E119/><V48/><F34/><W43/><G112/><T45/><D45/><U55/><E89/><AGARI ba="0,0" hai="2,5,11,47,50,52,89,92,99,120,123" m="51817" machi="89" ten="30,3900,0" yaku="20,1,52,1,54,1" doraHai="42" who="0" fromWho="1" sc="250,39,270,-39,250,0,230,0" /><INIT seed="2,0,0,1,5,115" ten="289,231,250,230" oya="2" hai0="68,130,61,118,107,9,106,10,58,7,99,67,19" hai1="3,17,27,22,1,32,11,86,131,105,122,37,47" hai2="26,33,100,38,91,29,103,79,127,42,117,84,133" hai3="113,62,116,40,51,35,53,55,129,94,8,2,0"/><V109/><F127/><W45/><G35/><T101/><D130/><U36/><E105/><V30/><F133/><W69/><G129/><T90/><D118/><U104/><E104/><V49/><F38/><W92/><G113/><T119/><D119/><U28/><E131/><V111/><F117/><W12/><G116/><T134/><D134/><U125/><E125/><V18/><F79/><W64/><G0/><T87/><D106/><U41/><E122/><V132/><F132/><W20/><G2/><T50/><D7/><U13/><E36/><V78/><F78/><W76/><G20/><T15/><D50/><U60/><E60/><V123/><F123/><W6/><G76/><T121/><D121/><U14/><REACH who="1" step="1"/><E86/><REACH who="1" ten="289,221,250,230" step="2"/><V73/><F73/><W128/><G128/><T54/><D87/><U96/><E96/><V82/><F30/><W108/><G108/><N who="2" m="41545" /><F18/><AGARI ba="0,1" hai="1,3,11,13,14,17,18,22,27,28,32,37,41,47" machi="18" ten="30,2000,0" yaku="1,1,7,1,53,0" doraHai="115" doraHaiUra="80" who="1" fromWho="2" sc="289,0,221,30,250,-20,230,0" /><INIT seed="3,0,0,2,0,68" ten="289,251,230,230" oya="3" hai0="27,122,81,54,130,40,95,57,106,66,53,62,113" hai1="104,91,73,70,97,50,79,29,114,37,31,67,16" hai2="118,96,129,6,51,99,64,92,21,34,133,8,123" hai3="43,103,36,42,109,52,125,47,25,90,38,11,55"/><W108/><G103/><T102/><D106/><U17/><E114/><V1/><F118/><W100/><G100/><T5/><D122/><U14/><E37/><N who="3" m="14442" /><G125/><T135/><D40/><N who="3" m="15401" /><G47/><T80/><D5/><U88/><E73/><V30/><F123/><W44/><G44/><T77/><D80/><U115/><E79/><V41/><F41/><W93/><G25/><T74/><D27/><U32/><E97/><V22/><F99/><N who="3" m="57783" /><G11/><T0/><D113/><U39/><E39/><V49/><F22/><W19/><G19/><T121/><D102/><U59/><E104/><V9/><F21/><W28/><G28/><N who="1" m="10826" /><E70/><V4/><F9/><W61/><G61/><T12/><D62/><N who="1" m="38367" /><E32/><V120/><F34/><W24/><G24/><T101/><D101/><U87/><E115/><V10/><F10/><W75/><G75/><T89/><D74/><U119/><E119/><V71/><F30/><W107/><G107/><T72/><D72/><U105/><E105/><V116/><F116/><W126/><G126/><T127/><D127/><U60/><E60/><V33/><F33/><W26/><G26/><T76/><D121/><U132/><E50/><V86/><F51/><W3/><G3/><T15/><D0/><U84/><E91/><V131/><F49/><W83/><G83/><T18/><D81/><N who="1" m="49167" /><E87/><V134/><F86/><W2/><G2/><T58/><D89/><U85/><E85/><V117/><F117/><W110/><AGARI ba="0,0" hai="52,55,108,109,110" m="57783,15401,14442" machi="110" ten="40,18000,2" yaku="14,1,10,1,52,3,54,1" doraHai="68" who="3" fromWho="3" sc="289,-60,251,-60,230,-60,230,180" owari="229,3.0,191,-21.0,170,-33.0,410,51.0" /></mjloggm>