<mjloggm ver="2.3"><GO type="97" lobby="0"/><UN n0="%E8%B5%A4%E8%A3%8F%E3%83%9B%E3%82%B7%E3%83%BC%E3%83%8E" n1="%67%75%70%70%79%39%38" n2="%E7%A5%9E%E5%B4%8E%E3%83%BB%EF%BC%A8%E3%83%BB%E3%82%A2%E3%83%AA%E3%82%A2" n3="%E5%B0%B1%E6%B4%BB%E7%94%9F%40%E5%B7%9D%E6%9D%91%E8%BB%8D%E5%9B%A3" dan="14,13,14,15" rate="1948.61,1931.77,1905.39,1945.61" sx="M,M,M,M"/><TAIKYOKU oya="0"/><INIT seed="0,0,0,4,2,112" ten="250,250,250,250" oya="0" hai0="92,18,123,114,19,70,104,103,49,106,62,54,61" hai1="21,51,68,85,7,108,89,9,131,57,109,1,79" hai2="119,10,96,27,13,122,59,77,98,75,111,117,128" hai3="44,40,73,8,129,43,78,34,76,72,47,84,23"/><T118/><D114/><U67/><E131/><V116/><F122/><W55/><G34/><T63/><D123/><U93/><E68/><V17/><F128/><W33/><G33/><T25/><D70/><U87/><E21/><V15/><F111/><N who="1" m="42569" /><E79/><V24/><F59/><W36/><G129/><T107/><D118/><U28/><E28/><V133/><F133/><W29/><G55/><T37/><D37/><U120/><E120/><V132/><F132/><W52/><G52/><T82/><D82/><U11/><E11/><N who="2" m="6335" /><F75/><W26/><G8/><T113/><D113/><U101/><E101/><V105/><F77/><W126/><G126/><T88/><D103/><U12/><E1/><V102/><F98/><W90/><G73/><T97/><REACH who="0" step="1"/><D25/><REACH who="0" ten="240,250,250,250" step="2"/><U46/><E67/><V39/><F39/><W42/><G72/><T71/><D71/><U14/><E57/><AGARI ba="0,1" hai="18,19,49,54,57,61,62,63,88,92,97,104,106,107" machi="57" ten="50,4800,0" yaku="1,1,54,1,53,0" doraHai="112" doraHaiUra="83" who="0" fromWho="1" sc="240,58,250,-48,250,0,250,0" /><INIT seed="0,1,0,2,0,42" ten="298,202,250,250" oya="0" hai0="117,127,53,2,20,87,80,105,74,124,99,121,100" hai1="118,95,32,60,71,47,92,101,115,77,35,22,62" hai2="113,46,38,26,125,57,98,44,65,122,0,108,94" hai3="33,89,93,126,25,30,81,1,104,83,69,17,131"/><T11/><D117/><U64/><E118/><V132/><F122/><W43/><G104/><T54/><D121/><U6/><E6/><V72/><F125/><N who="0" m="48202" /><D74/><U13/><E115/><V119/><F113/><W3/><G69/><T90/><D20/><U85/><E62/><V21/><F108/><W66/><G131/><T102/><D102/><U5/><E47/><V116/><F132/><W112/><G112/><T73/><D73/><U128/><E128/><V24/><F72/><W91/><G66/><T55/><D11/><U50/><E50/><V41/><F0/><AGARI ba="1,0" hai="0,2,53,54,55,80,87,90,99,100,105" m="48202" machi="0" ten="30,1500,0" yaku="18,1" doraHai="42" who="0" fromWho="2" sc="298,18,202,0,250,-18,250,0" /><INIT seed="0,2,0,3,3,122" ten="316,202,232,250" oya="0" hai0="119,98,97,134,1,64,131,54,80,9,17,135,118" hai1="71,79,125,10,13,130,82,66,46,2,40,30,39" hai2="123,112,58,106,120,0,74,7,38,43,73,50,51" hai3="59,92,3,11,23,100,14,35,24,105,95,77,6"/><T102/><D64/><U53/><E130/><V25/><F112/><W75/><G105/><T41/><D41/><U87/><E125/><V22/><F106/><W16/><G100/><T128/><D128/><U81/><E2/><V20/><F123/><W89/><G89/><T76/><D54/><U61/><E30/><V83/><F120/><W4/><G4/><T52/><D131/><U49/><E82/><V85/><F50/><W26/><G26/><T115/><D115/><U129/><E129/><V65/><F38/><W111/><G111/><T55/><D17/><U84/><E84/><V116/><F116/><N who="0" m="44586" /><D9/><U109/><E109/><V108/><F108/><W110/><G110/><T32/><D32/><U12/><REACH who="1" step="1"/><E10/><REACH who="1" ten="316,192,232,250" step="2"/><V19/><F0/><W36/><G75/><T18/><D1/><U15/><E15/><V94/><F74/><W5/><G3/><T68/><D80/><U96/><E96/><V93/><F73/><W48/><G11/><T113/><D97/><U78/><E78/><N who="2" m="46327" /><F7/><W8/><G6/><T27/><D76/><U88/><E88/><V90/><F90/><W67/><G77/><T28/><D98/><U37/><E37/><V34/><F34/><W126/><G36/><T124/><D28/><U62/><E62/><N who="2" m="38103" /><F22/><W117/><G35/><T127/><D113/><U99/><E99/><V45/><AGARI ba="2,1" hai="19,20,25,43,45,51,93,94" m="38103,46327" machi="45" ten="30,1100,0" yaku="8,1" doraHai="122" who="2" fromWho="2" sc="316,-7,192,-5,232,27,250,-5" /><INIT seed="1,0,0,4,2,109" ten="309,187,259,245" oya="1" hai0="73,55,48,103,59,42,76,91,44,79,97,7,33" hai1="126,19,93,52,125,0,119,11,37,22,54,81,118" hai2="17,63,34,24,31,124,14,105,4,96,121,47,15" hai3="78,107,10,112,36,80,46,5,123,69,45,29,38"/><U58/><E37/><V129/><F121/><W120/><G107/><T64/><D33/><U21/><E81/><V71/><F129/><W101/><G101/><T83/><D7/><U104/><E104/><V60/><F124/><N who="1" m="47721" /><E93/><V13/><F47/><W134/><G69/><T132/><D132/><U115/><E115/><V106/><F4/><W12/><G134/><T26/><D26/><N who="1" m="14655" /><E22/><V41/><F41/><W102/><G102/><T113/><D113/><U70/><E70/><V61/><F71/><W9/><G112/><T56/><D91/><U98/><E98/><V28/><F96/><W133/><G133/><T89/><D89/><U25/><E25/><V94/><F94/><W50/><G29/><T75/><D97/><U35/><E35/><V2/><F2/><W18/><G38/><T122/><D103/><U23/><E23/><V6/><F106/><W85/><G36/><T39/><D122/><U82/><E82/><V131/><F105/><W49/><G120/><T67/><D79/><U72/><E72/><V90/><F90/><W51/><REACH who="3" step="1"/><G123/><REACH who="3" ten="309,187,259,235" step="2"/><T87/><D39/><U40/><E40/><V57/><F34/><W111/><G111/><T74/><D42/><U32/><E32/><V116/><F28/><W128/><G128/><T65/><AGARI ba="0,1" hai="44,48,55,56,59,64,65,67,73,74,75,76,83,87" machi="65" ten="40,1500,0" yaku="0,1" doraHai="109" who="0" fromWho="0" sc="309,25,187,-7,259,-4,235,-4" /><INIT seed="2,0,0,1,0,128" ten="334,180,255,231" oya="2" hai0="76,2,51,80,39,43,90,135,30,96,27,116,85" hai1="32,41,74,68,47,103,10,36,60,86,111,99,100" hai2="61,107,7,26,14,17,95,22,75,123,5,20,119" hai3="44,19,109,69,62,65,114,125,67,122,126,66,63"/><V35/><F123/><W54/><G19/><T71/><D39/><U18/><E111/><V105/><F119/><W64/><G122/><T58/><D71/><U124/><E124/><N who="3" m="47722" /><G109/><T49/><D2/><U11/><E74/><V93/><F75/><W91/><G91/><T104/><D116/><U25/><E86/><V97/><F35/><W56/><G114/><T23/><D104/><U131/><E131/><V134/><F134/><W57/><G44/><T73/><D135/><U92/><E103/><V46/><F46/><W132/><G132/><T50/><D96/><U6/><E6/><V130/><F130/><W72/><G72/><T82/><REACH who="0" step="1"/><D58/><AGARI ba="0,0" hai="54,56,57,58,62,63,64,65,66,67,69" m="47722" machi="58" ten="30,3900,0" yaku="18,1,34,2" doraHai="128" who="3" fromWho="0" sc="334,-39,180,0,255,0,231,39" /><INIT seed="3,0,0,0,3,69" ten="295,180,255,270" oya="3" hai0="38,36,130,84,132,122,101,41,106,72,18,39,80" hai1="51,44,30,131,81,19,109,95,54,129,45,119,48" hai2="8,89,82,92,108,120,112,124,96,100,98,121,61" hai3="135,34,76,5,83,13,50,58,4,104,102,74,105"/><W3/><G34/><T25/><D122/><N who="2" m="47210" /><F112/><W114/><G114/><T71/><D71/><U22/><E109/><V117/><F117/><W57/><G135/><T91/><D132/><U28/><E119/><V65/><F124/><W33/><G33/><T113/><D113/><U127/><E127/><V46/><F108/><W55/><G3/><T64/><D64/><U35/><E81/><V90/><F46/><W134/><G134/><T103/><D41/><U107/><E107/><N who="2" m="63879" /><F8/><W70/><G70/><T93/><D130/><N who="1" m="49675" /><E95/><N who="2" m="56687" /><F61/><W12/><G58/><T11/><D106/><U0/><E0/><V10/><F65/><W59/><G59/><T14/><D25/><N who="1" m="14559" /><E35/><V115/><F10/><W1/><G1/><T85/><REACH who="0" step="1"/><D72/><REACH who="0" ten="285,180,255,270" step="2"/><U37/><E37/><V116/><F115/><W68/><G68/><T62/><D62/><U32/><E32/><V60/><F60/><W29/><G105/><T27/><D27/><U56/><E45/><V118/><F82/><W53/><G83/><T111/><D111/><U88/><E88/><AGARI ba="0,1" hai="11,14,18,36,38,39,80,84,85,88,91,93,101,103" machi="88" ten="40,8000,1" yaku="1,1,52,3,54,1,53,0" doraHai="69" doraHaiUra="66" who="0" fromWho="1" sc="285,90,180,-80,255,0,270,0" owari="375,47.0,100,-40.0,255,-14.0,270,7.0" /></mjloggm>