<mjloggm ver="2.3"><GO type="97" lobby="0"/><UN n0="%6B%75%70%69%70%6F%70%69" n1="%72%79%6F%2D%74%72%65%6B" n2="%E6%B3%A2%E4%B9%97%E3%82%8A%E9%B5%9C" n3="%E5%B0%B1%E6%B4%BB%E7%94%9F%40%E5%B7%9D%E6%9D%91%E8%BB%8D%E5%9B%A3" dan="14,14,15,15" rate="1971.70,1877.68,1970.91,2081.03" sx="M,M,M,M"/><TAIKYOKU oya="0"/><INIT seed="0,0,0,4,4,52" ten="250,250,250,250" oya="0" hai0="69,132,104,30,34,33,9,91,57,114,72,85,99" hai1="95,101,48,5,54,134,106,58,51,88,87,60,10" hai2="68,2,1,115,13,70,50,98,74,64,90,41,96" hai3="120,3,11,67,53,12,130,0,111,20,121,49,84"/><T14/><D114/><U43/><E134/><V21/><F115/><W102/><G102/><T86/><D69/><U4/><E4/><V82/><F70/><W81/><G67/><T93/><D72/><U24/><E24/><V92/><F68/><W28/><G130/><T32/><D132/><U62/><E106/><V79/><F64/><W126/><G28/><T22/><D104/><U6/><E101/><V124/><F124/><W42/><G20/><T66/><D22/><U110/><E110/><V117/><F117/><W45/><G111/><T100/><D30/><U44/><E5/><V77/><F77/><N who="3" m="46127" /><G126/><T97/><D97/><U46/><E46/><V59/><F98/><W63/><G63/><T94/><D94/><U129/><REACH who="1" step="1"/><E129/><REACH who="1" ten="250,240,250,250" step="2"/><V55/><REACH who="2" step="1"/><F41/><REACH who="2" ten="250,240,240,250" step="2"/><W109/><G109/><T131/><D131/><U8/><E8/><V47/><F47/><W128/><G128/><T38/><D100/><U108/><E108/><V107/><F107/><W116/><G116/><T25/><D38/><U27/><E27/><V89/><F89/><W7/><G42/><T78/><D25/><U105/><E105/><V26/><F26/><W71/><G71/><T15/><D78/><U16/><E16/><AGARI ba="0,2" hai="1,2,13,16,21,50,55,59,74,79,82,90,92,96" machi="16" ten="40,5200,0" yaku="1,1,52,1,54,1,53,0" doraHai="52" doraHaiUra="39" who="2" fromWho="1" sc="250,0,240,-52,240,72,250,0" /><INIT seed="1,0,0,2,0,128" ten="250,188,312,250" oya="1" hai0="72,89,5,62,17,8,91,122,76,56,98,68,65" hai1="27,3,79,78,47,19,67,83,40,73,41,25,69" hai2="87,4,111,129,114,121,11,21,77,39,130,97,49" hai3="103,126,66,99,42,92,118,95,53,107,74,88,127"/><U43/><E3/><V14/><F39/><W48/><G74/><T117/><D117/><U82/><E67/><V90/><F121/><W120/><G120/><T51/><D122/><U84/><E69/><V55/><F111/><W75/><G75/><T64/><D17/><U58/><E58/><V70/><F70/><W50/><G66/><T33/><D33/><U125/><E125/><N who="3" m="47626" /><G118/><T22/><D22/><U96/><E96/><V60/><F114/><W36/><G36/><T57/><D68/><U2/><E2/><V7/><F60/><W52/><G42/><T23/><D23/><U85/><E73/><V12/><F97/><N who="3" m="57479" /><G95/><T105/><D105/><U6/><E6/><V106/><F106/><W100/><G103/><T45/><D98/><U44/><E19/><V10/><F21/><W20/><G20/><T135/><D72/><U63/><REACH who="1" step="1"/><E63/><REACH who="1" ten="250,178,312,250" step="2"/><V102/><F102/><W38/><G38/><T123/><D123/><U112/><E112/><V59/><REACH who="2" step="1"/><F77/><REACH who="2" ten="250,178,302,250" step="2"/><W93/><G107/><T34/><D76/><U24/><AGARI ba="0,2" hai="24,25,27,40,41,43,44,47,78,79,82,83,84,85" machi="24" ten="30,18000,2" yaku="1,1,0,1,9,1,8,1,53,2" doraHai="128" doraHaiUra="81" who="1" fromWho="1" sc="250,-60,178,200,302,-60,250,-60" /><INIT seed="1,1,0,4,5,88" ten="190,378,242,190" oya="1" hai0="102,89,47,48,104,70,26,61,91,5,119,16,118" hai1="51,0,36,25,65,41,34,55,31,92,76,62,11" hai2="81,10,120,32,49,123,75,113,107,19,79,80,21" hai3="90,22,77,57,131,43,68,114,30,110,56,50,64"/><U101/><E76/><V111/><F32/><W15/><G114/><T86/><D5/><U28/><E28/><V72/><F107/><W73/><G68/><T7/><D7/><U100/><E0/><V45/><F10/><W1/><G1/><T23/><D102/><U116/><E11/><V98/><F98/><W8/><G131/><T42/><D104/><U18/><E18/><V103/><F103/><W52/><G43/><T115/><D115/><U33/><E33/><V38/><F38/><W74/><G77/><T121/><D121/><U124/><E124/><V133/><F111/><W108/><G57/><T117/><D70/><U53/><E36/><V109/><F109/><N who="3" m="42091" /><G64/><T83/><D61/><U58/><E101/><V105/><F105/><W106/><G106/><T9/><D9/><U24/><E24/><V54/><F113/><W95/><G22/><T12/><REACH who="0" step="1"/><D91/><REACH who="0" ten="180,378,242,190" step="2"/><U112/><E112/><V87/><F120/><W127/><G127/><T78/><D78/><U2/><E2/><V97/><F123/><W128/><G128/><T67/><D67/><U44/><E116/><V134/><F79/><W39/><G39/><T93/><D93/><U63/><E63/><V96/><F75/><W40/><G30/><T20/><D20/><U60/><E60/><V35/><F72/><W94/><G74/><T122/><D122/><U69/><E69/><V132/><F35/><W135/><G73/><T27/><AGARI ba="1,1" hai="12,16,23,26,27,42,47,48,83,86,89,117,118,119" machi="27" ten="40,8000,1" yaku="1,1,0,1,54,1,53,1" doraHai="88" doraHaiUra="84" who="0" fromWho="0" sc="180,93,378,-41,242,-21,190,-21" /><INIT seed="2,0,0,2,5,71" ten="273,337,221,169" oya="2" hai0="125,120,87,4,99,111,88,113,21,115,90,83,51" hai1="39,17,63,100,105,127,16,119,59,55,5,118,33" hai2="47,40,19,84,133,14,29,106,128,31,0,130,78" hai3="42,81,3,69,50,23,86,8,112,110,96,68,117"/><V116/><F116/><W76/><G117/><T45/><D120/><U72/><E33/><V61/><F106/><W49/><G112/><T46/><D111/><U24/><E72/><V80/><F0/><W74/><G110/><T52/><D4/><U28/><E127/><V36/><F61/><W11/><G96/><T132/><D125/><U57/><E5/><V15/><F133/><W70/><G74/><T135/><D21/><U10/><E100/><V41/><F41/><W89/><G76/><T108/><D108/><U67/><E105/><V37/><F37/><W35/><G35/><T1/><D1/><U129/><E39/><V94/><F94/><W12/><G42/><T93/><REACH who="0" step="1"/><D46/><REACH who="0" ten="263,337,221,169" step="2"/><U75/><E118/><V85/><F128/><W91/><G23/><T64/><D64/><U73/><E129/><V18/><F130/><W102/><G3/><T79/><D79/><U114/><E119/><V7/><F7/><W62/><G11/><T134/><AGARI ba="0,1" hai="45,51,52,83,87,88,90,93,99,113,115,132,134,135" machi="134" ten="30,8000,1" yaku="1,1,0,1,20,1,54,2,53,0" doraHai="71" doraHaiUra="65" who="0" fromWho="0" sc="263,90,337,-20,221,-40,169,-20" /><INIT seed="3,0,0,3,5,8" ten="353,317,181,149" oya="3" hai0="33,68,37,92,49,9,95,82,45,48,25,88,58" hai1="22,41,114,38,18,56,127,133,97,55,23,77,54" hai2="42,27,73,61,46,39,31,113,67,117,126,91,2" hai3="76,20,75,78,1,90,6,50,52,17,66,85,10"/><W34/><G34/><T53/><D68/><U14/><E114/><V29/><F113/><W4/><G4/><T96/><D37/><U84/><E127/><V30/><F126/><W62/><G75/><T131/><D131/><U104/><E133/><V64/><F117/><W24/><G66/><T107/><D107/><U16/><E41/><V132/><F132/><W129/><G129/><T98/><D82/><U130/><E38/><V7/><F73/><W121/><G62/><T40/><D9/><U134/><E134/><V43/><F43/><W93/><REACH who="3" step="1"/><G121/><REACH who="3" ten="353,317,181,139" step="2"/><T108/><D33/><U101/><E130/><V26/><F67/><W15/><G15/><T112/><D112/><U12/><E56/><AGARI ba="0,1" hai="1,6,10,17,20,24,50,52,56,76,78,85,90,93" machi="56" ten="30,5800,0" yaku="1,1,7,1,54,1,53,0" doraHai="8" doraHaiUra="60" who="3" fromWho="1" sc="353,0,317,-58,181,0,139,68" /><INIT seed="3,1,0,4,1,98" ten="353,259,181,207" oya="3" hai0="79,131,63,77,95,90,14,24,100,115,96,47,113" hai1="25,130,36,41,21,101,109,124,105,107,97,18,28" hai2="59,53,87,125,82,71,54,118,91,114,55,34,22" hai3="104,29,6,73,75,8,78,80,70,89,69,40,57"/><W99/><G73/><T93/><D24/><U85/><E130/><V4/><F34/><W30/><G40/><T134/><D131/><U51/><E124/><V45/><F71/><W121/><G121/><T60/><D47/><U58/><E36/><V66/><F114/><N who="0" m="43530" /><D14/><U1/><E1/><V119/><F125/><W68/><G57/><T76/><D134/><U33/><E109/><V10/><F45/><W74/><G74/><T52/><D52/><N who="2" m="20074" /><F118/><W12/><REACH who="3" step="1"/><G89/><REACH who="3" ten="353,259,181,197" step="2"/><T2/><D2/><U50/><E58/><V20/><F119/><W132/><G132/><T106/><D90/><U42/><E41/><V133/><F133/><W65/><G65/><T44/><D44/><U17/><E42/><V37/><F37/><W3/><G3/><T56/><D56/><U9/><E50/><N who="2" m="31223" /><F66/><W122/><G122/><T31/><D63/><U46/><E51/><V26/><F26/><W16/><G16/><T81/><D60/><U38/><E18/><V123/><F123/><W120/><G120/><T35/><D31/><U103/><E46/><V19/><F19/><W94/><G94/><T111/><D81/><U88/><E38/><V127/><F127/><W126/><G126/><T43/><D43/><U102/><E107/><V15/><AGARI ba="1,1" hai="4,10,15,20,22,82,87,91" m="31223,20074" machi="15" ten="30,2000,0" yaku="8,1,54,1" doraHai="98" who="2" fromWho="2" sc="353,-6,259,-6,181,33,197,-11" owari="347,45.0,253,5.0,214,-19.0,186,-31.0" /></mjloggm>