<mjloggm ver="2.3"><GO type="41" lobby="0"/><UN n0="%E3%83%AC%E3%82%AA%E5%90%89%E3%81%A4%E3%81%81%E3%82%93" n1="%E3%81%8D%E3%82%93%E3%81%8E%E3%82%87%E3%81%B0%E3%81%A1" n2="%73%65%61%72%69%61%6C" n3="%E5%B0%B1%E6%B4%BB%E7%94%9F%40%E5%B7%9D%E6%9D%91%E8%BB%8D%E5%9B%A3" dan="14,13,14,14" rate="1969.58,2017.79,1965.65,1938.48" sx="M,F,F,M"/><TAIKYOKU oya="0"/><INIT seed="0,0,0,2,5,135" ten="250,250,250,250" oya="0" hai0="119,53,47,0,57,30,107,35,73,52,39,123,66" hai1="77,85,110,17,121,49,94,118,90,130,34,76,44" hai2="134,29,105,82,132,79,114,18,97,41,129,116,128" hai3="101,109,115,100,81,126,12,111,62,74,25,106,27"/><T8/><D123/><U104/><E121/><V1/><F29/><W24/><G115/><T80/><D119/><U125/><E118/><V16/><F116/><W48/><G62/><T96/><D66/><U31/><E110/><N who="3" m="41994" /><G106/><T42/><D57/><U108/><E108/><V14/><F1/><W78/><G126/><T61/><D61/><U38/><E38/><V37/><F114/><W6/><G48/><T65/><D65/><U84/><E130/><N who="2" m="50283" /><F37/><W15/><G6/><N who="0" m="1095" /><D30/><U26/><E125/><V87/><F41/><W51/><G51/><T69/><D35/><U55/><E104/><V98/><F105/><W113/><G113/><T89/><D89/><U103/><E103/><AGARI ba="0,0" hai="12,15,24,25,27,74,78,81,100,101,103" m="41994" machi="103" ten="30,1000,0" yaku="14,1" doraHai="135" who="3" fromWho="1" sc="250,0,250,-10,250,0,250,10" /><INIT seed="1,0,0,0,3,29" ten="250,240,250,260" oya="1" hai0="94,69,26,109,124,98,118,84,51,116,115,81,31" hai1="16,60,110,130,46,90,5,83,65,71,7,21,12" hai2="79,77,6,99,38,100,20,123,103,49,54,127,104" hai3="80,88,86,36,8,48,89,42,18,125,47,64,59"/><U4/><E130/><V68/><F123/><W41/><G125/><T58/><D69/><U17/><E46/><V10/><F127/><W56/><G64/><T72/><D124/><U135/><E135/><V15/><F38/><W112/><G112/><T33/><D72/><U52/><E17/><V9/><F68/><W13/><G36/><T24/><D115/><U96/><E110/><V66/><F100/><W129/><G129/><T120/><D109/><U128/><E128/><V74/><F66/><W106/><G106/><T107/><D107/><U25/><E71/><V102/><F102/><W35/><G35/><T97/><D120/><U63/><E65/><V108/><F108/><W28/><G28/><T11/><D11/><U44/><E25/><V45/><F74/><W2/><G2/><T87/><D94/><N who="1" m="56407" /><E83/><V105/><F105/><W121/><G121/><T101/><D101/><U22/><E22/><V61/><F61/><W57/><REACH who="3" step="1"/><G89/><REACH who="3" ten="250,240,250,250" step="2"/><T131/><D131/><U134/><E134/><V27/><F79/><W76/><G76/><T126/><D126/><U19/><E19/><V85/><F77/><W75/><G75/><T82/><D31/><U32/><E32/><V78/><F78/><W117/><G117/><T93/><D33/><U53/><E53/><AGARI ba="0,1" hai="8,13,18,41,42,47,48,53,56,57,59,80,86,88" machi="53" ten="40,8000,1" yaku="1,1,25,2,8,1,54,1,53,0" doraHai="29" doraHaiUra="113" who="3" fromWho="1" sc="250,0,240,-80,250,0,250,90" /><INIT seed="2,0,0,4,3,91" ten="250,160,250,340" oya="2" hai0="28,21,70,126,32,1,128,97,12,129,51,18,81" hai1="41,17,127,120,8,132,45,102,90,133,79,88,95" hai2="57,13,34,38,63,55,99,20,113,39,98,27,77" hai3="110,37,10,103,66,78,131,9,100,96,68,59,94"/><V7/><F113/><W30/><G68/><T109/><D70/><U112/><E112/><V56/><F77/><W75/><G37/><T35/><D51/><U48/><E79/><V2/><F2/><W58/><G131/><N who="0" m="50251" /><D81/><U62/><E62/><V106/><F34/><N who="0" m="12842" /><D97/><N who="1" m="59711" /><E127/><V114/><F114/><W92/><G110/><T22/><D1/><U82/><E82/><V117/><F117/><W43/><G43/><T67/><D67/><U118/><E118/><V121/><F121/><W115/><G115/><T4/><D126/><U60/><E60/><V36/><F106/><W40/><G40/><T105/><D105/><U135/><E120/><V46/><F46/><W83/><G30/><T111/><D4/><U85/><E85/><V107/><F107/><W6/><G66/><T3/><D3/><U73/><E73/><V87/><F87/><W52/><G6/><T71/><D71/><U24/><E24/><AGARI ba="0,0" hai="12,18,21,22,24,28,109,111" m="12842,50251" machi="24" ten="40,5200,0" yaku="19,1,34,2" doraHai="91" who="0" fromWho="1" sc="250,52,160,-52,250,0,340,0" /><INIT seed="3,0,0,0,0,72" ten="302,108,250,340" oya="3" hai0="8,45,32,38,58,35,73,30,128,19,131,98,120" hai1="53,90,77,134,2,55,7,13,70,103,115,112,67" hai2="59,108,87,31,26,12,109,116,64,52,3,88,79" hai3="113,36,33,61,54,57,100,11,110,48,25,126,42"/><W91/><G113/><T29/><D98/><U97/><E2/><V101/><F3/><W51/><G126/><T104/><D104/><U122/><E122/><V21/><F116/><W82/><G110/><N who="2" m="42601" /><F64/><W132/><G132/><T135/><D58/><U62/><E134/><V117/><F117/><W92/><G36/><T10/><D73/><U71/><E71/><V49/><F101/><W127/><G127/><T24/><D45/><U20/><E90/><V34/><F12/><W56/><G42/><T111/><D38/><U133/><E133/><V99/><F99/><W129/><G129/><N who="0" m="49739" /><D111/><U83/><E115/><V94/><F34/><N who="0" m="12842" /><D120/><U47/><E112/><V125/><F125/><W60/><G100/><T118/><D118/><U74/><E47/><V23/><F23/><W1/><G82/><T9/><D135/><U0/><E0/><V15/><F15/><W121/><G121/><T63/><D63/><U84/><E74/><V16/><F31/><N who="0" m="11786" /><D24/><U46/><E46/><V107/><F107/><W44/><G25/><T80/><D80/><U28/><E28/><V105/><F105/><W50/><G33/><T6/><D19/><U81/><E81/><V114/><F114/><W65/><G44/><T37/><D37/><U95/><REACH who="1" step="1"/><E7/><AGARI ba="0,0" hai="6,7,8,9,10" m="11786,12842,49739" machi="7" ten="40,8000,1" yaku="28,2,19,1,34,2" doraHai="72" who="0" fromWho="1" sc="302,80,108,-80,250,0,340,0" /><INIT seed="4,0,0,2,1,84" ten="382,28,250,340" oya="0" hai0="54,40,115,57,49,38,48,95,17,76,9,98,117" hai1="56,128,125,28,44,39,61,69,55,27,35,70,96" hai2="111,103,64,41,92,45,1,124,126,6,32,33,11" hai3="108,110,104,46,5,37,22,85,74,31,71,134,86"/><T106/><D117/><U30/><E128/><V79/><F64/><W101/><G74/><T118/><D106/><U21/><E125/><N who="2" m="48235" /><F111/><W7/><G134/><T82/><D118/><U123/><E123/><V2/><F2/><W15/><G71/><T100/><D115/><U114/><E114/><V14/><F79/><W109/><G104/><T20/><D38/><U13/><E30/><V26/><F103/><W130/><G101/><T36/><D36/><U72/><E72/><V90/><F1/><W120/><G120/><T12/><D40/><U97/><E35/><N who="2" m="13387" /><F26/><W16/><G130/><T65/><D65/><U34/><E34/><V91/><F92/><W24/><G7/><T127/><D127/><U59/><E59/><V42/><F42/><W121/><G5/><T77/><D82/><U8/><E70/><V73/><F73/><W102/><G102/><T113/><D113/><U94/><E69/><V132/><F132/><W53/><G121/><T58/><D9/><U43/><REACH who="1" step="1"/><E94/><REACH who="1" ten="382,18,250,340" step="2"/><V112/><F112/><W75/><G75/><T60/><D58/><U50/><E50/><AGARI ba="0,1" hai="12,17,20,48,49,50,54,57,60,76,77,95,98,100" machi="50" ten="40,2000,0" yaku="8,1" doraHai="84" who="0" fromWho="1" sc="382,30,18,-20,250,0,340,0" owari="412,51.0,-2,-50.0,250,-15.0,340,14.0" /></mjloggm>