<mjloggm ver="2.3"><GO type="97" lobby="0"/><UN n0="%36%36%31%36%30%36" n1="%E5%B0%B1%E6%B4%BB%E7%94%9F%40%E5%B7%9D%E6%9D%91%E8%BB%8D%E5%9B%A3" n2="%E6%9C%9D%E9%A3%9F%E3%82%B7%E3%83%9E%E3%82%A6%E3%83%9E" n3="%38%E9%9B%80%E8%9C%82%38" dan="14,14,13,15" rate="1944.31,1919.08,1923.89,1968.80" sx="M,M,F,F"/><TAIKYOKU oya="0"/><INIT seed="0,0,0,0,0,38" ten="250,250,250,250" oya="0" hai0="3,96,99,107,80,82,88,117,131,90,19,39,122" hai1="23,9,74,26,51,0,83,68,81,61,67,43,12" hai2="94,123,53,73,133,55,30,86,71,45,135,28,91" hai3="16,97,70,66,84,42,114,33,32,128,92,27,72"/><T65/><D3/><U109/><E0/><V75/><F71/><W115/><G72/><N who="2" m="27721" /><F123/><W13/><G128/><T24/><D122/><U120/><E120/><V36/><F36/><W106/><G84/><T20/><D39/><U7/><E74/><V100/><F100/><W130/><G130/><T50/><D131/><U41/><E109/><V21/><F21/><W101/><G92/><T14/><D117/><U110/><E110/><V119/><F119/><W108/><G108/><T46/><D65/><U47/><REACH who="1" step="1"/><E41/><REACH who="1" ten="250,240,250,250" step="2"/><V129/><F129/><W52/><G42/><N who="0" m="24919" /><D107/><U17/><AGARI ba="0,1" hai="7,9,12,17,23,26,43,47,51,61,67,68,81,83" machi="17" ten="20,5200,0" yaku="1,1,0,1,7,1,52,1,53,0" doraHai="38" doraHaiUra="127" who="1" fromWho="1" sc="250,-26,240,62,250,-13,250,-13" /><INIT seed="1,0,0,0,5,16" ten="224,302,237,237" oya="1" hai0="51,85,119,74,38,100,46,84,8,47,135,103,92" hai1="68,48,114,134,42,10,23,17,24,64,116,2,86" hai2="40,37,127,126,94,63,65,29,26,66,108,21,82" hai3="32,75,44,129,107,97,101,91,115,99,79,13,117"/><U34/><E116/><V53/><F108/><W121/><G115/><T4/><D74/><U11/><E114/><V128/><F128/><W0/><G121/><T90/><D119/><U104/><E104/><V124/><F82/><W95/><G117/><T125/><D125/><U3/><E134/><V18/><F94/><W73/><G0/><T61/><D135/><U96/><E34/><V7/><F7/><W112/><G32/><T45/><D38/><U98/><E68/><V5/><F5/><W87/><G13/><N who="0" m="5255" /><D61/><U78/><E64/><V30/><F53/><W14/><G14/><T1/><D1/><U50/><E3/><V62/><F62/><W54/><G44/><N who="0" m="17003" /><D84/><U22/><E2/><V110/><F110/><W55/><G112/><T123/><D123/><U80/><E23/><N who="2" m="15583" /><F37/><W69/><G69/><T31/><D31/><U111/><E111/><V93/><F40/><AGARI ba="0,0" hai="40,47,51,85,90,92,100,103" m="17003,5255" machi="40" ten="30,1000,0" yaku="8,1" doraHai="16" who="0" fromWho="2" sc="224,10,302,0,237,-10,237,0" /><INIT seed="2,0,0,0,2,102" ten="234,302,227,237" oya="2" hai0="46,135,10,123,106,91,110,38,73,96,58,5,120" hai1="39,11,92,66,51,40,113,29,81,36,112,69,83" hai2="14,43,101,63,124,121,26,17,62,4,50,20,31" hai3="2,0,42,131,41,49,97,128,15,70,25,134,119"/><V126/><F121/><W122/><G70/><T133/><D110/><U24/><E69/><V67/><F4/><W57/><G122/><T82/><D58/><U35/><E66/><V59/><F101/><W21/><G119/><T47/><D91/><U116/><E116/><V75/><F75/><W86/><G134/><N who="0" m="51211" /><D123/><U19/><E92/><V109/><F109/><W18/><G86/><T100/><D120/><U114/><E51/><V48/><F63/><W13/><G97/><T3/><D38/><U7/><E19/><V55/><F43/><W22/><G57/><T12/><D3/><N who="3" m="1065" /><G49/><T37/><D37/><U65/><E65/><V87/><F87/><W94/><G94/><T115/><D115/><U60/><E60/><V72/><F72/><W95/><G95/><T1/><D1/><U107/><E107/><V108/><F108/><W78/><G78/><AGARI ba="0,0" hai="5,10,12,46,47,73,78,82,96,100,106" m="51211" machi="78" ten="30,2000,0" yaku="20,1,52,1" doraHai="102" who="0" fromWho="3" sc="234,20,302,0,227,0,237,-20" /><INIT seed="3,0,0,2,5,24" ten="254,302,227,217" oya="3" hai0="16,17,76,31,106,53,105,13,51,122,95,127,29" hai1="135,28,99,104,117,50,65,0,45,15,80,84,67" hai2="3,52,111,100,32,101,91,85,23,5,118,35,27" hai3="55,88,72,93,119,68,107,133,14,6,7,26,61"/><W57/><G119/><T90/><D106/><U96/><E0/><V115/><F118/><W44/><G107/><T73/><D105/><U123/><E123/><V102/><F115/><W36/><G72/><T40/><D122/><U22/><E135/><V2/><F111/><W74/><G74/><T77/><D40/><N who="1" m="24871" /><E104/><V87/><F87/><N who="3" m="52383" /><G133/><T33/><D33/><U81/><E81/><V108/><F108/><W8/><G26/><T62/><D62/><U114/><E114/><V116/><F116/><W69/><G36/><T49/><D127/><U43/><E43/><V12/><F12/><N who="3" m="5143" /><G68/><T79/><D73/><U30/><E15/><V25/><F25/><W59/><G69/><T11/><D17/><U131/><E131/><V83/><F2/><W38/><G38/><T19/><D19/><U56/><E117/><V70/><F70/><W82/><G82/><T18/><D18/><U34/><E34/><V89/><F3/><W1/><G1/><T98/><D51/><U110/><E110/><V126/><F126/><W42/><G42/><T9/><D9/><U46/><E22/><V20/><F23/><W63/><G44/><AGARI ba="0,0" hai="11,13,16,29,31,44,49,53,76,77,79,90,95,98" machi="44" ten="40,8000,1" yaku="8,1,52,2,54,1" doraHai="24" who="0" fromWho="3" sc="254,80,302,0,227,0,217,-80" owari="334,43.0,302,10.0,227,-17.0,137,-36.0" /></mjloggm>