<mjloggm ver="2.3"><GO type="233" lobby="0"/><UN n0="%E5%B0%8F%E9%98%AA%E3%81%A1%E3%81%B2%E3%82%8D" n1="%E3%82%A6%E3%83%AB%E3%83%88%E3%83%A9%E7%AB%8B%E7%9B%B4" n2="%E9%AF%89%E3%81%AB%E6%81%8B" n3="%E3%83%8A%E3%82%BA%E6%98%9F%40%E6%9D%8F%E6%9D%8F%E8%BB%8D%E5%9C%98" dan="16,17,16,16" rate="2071.01,2200.62,2025.62,2085.02" sx="F,M,M,F"/><TAIKYOKU oya="0"/><INIT seed="0,0,0,3,2,66" ten="250,250,250,250" oya="0" hai0="115,44,75,59,2,80,49,48,33,127,105,107,72" hai1="54,110,10,8,63,91,125,6,30,119,109,4,28" hai2="98,126,102,5,15,77,82,35,123,13,104,7,99" hai3="135,97,14,11,78,43,25,24,34,39,50,27,106"/><T76/><D115/><U103/><E103/><V132/><F123/><W17/><G39/><T32/><D2/><U36/><E36/><V23/><F35/><W19/><G135/><T68/><D68/><U122/><E91/><V84/><F132/><W134/><G134/><T79/><D127/><U37/><E37/><V120/><F120/><W131/><G131/><T112/><D112/><U128/><E63/><V90/><F126/><W29/><G78/><T41/><D59/><U87/><E87/><V57/><F99/><W42/><G42/><T55/><D55/><U12/><E54/><V111/><F111/><N who="1" m="42505" /><E125/><V26/><F57/><W64/><G64/><T74/><D41/><U124/><E124/><V89/><F7/><W61/><G61/><T22/><D72/><U65/><E65/><V62/><F62/><W73/><G73/><T9/><D9/><U60/><E60/><V70/><F70/><W1/><G97/><T133/><D133/><U53/><E53/><V92/><F5/><N who="3" m="1455" /><G106/><T88/><D22/><U100/><E122/><V69/><F69/><W95/><G50/><T67/><D67/><U121/><E121/><V38/><F38/><W56/><G43/><T86/><D86/><U45/><E119/><V83/><F83/><W3/><G56/><T71/><D71/><U16/><E128/><V52/><F52/><W18/><G3/><T0/><D0/><N who="1" m="7" /><E45/><V85/><F77/><W51/><G51/><T130/><D130/><U20/><E100/><V108/><F104/><W113/><G113/><T31/><D80/><U114/><E114/><V117/><F117/><RYUUKYOKU ba="0,0" sc="250,-10,250,30,250,-10,250,-10" hai1="6,10,12,16,20,28,30" /><INIT seed="1,1,0,5,1,14" ten="240,280,240,240" oya="1" hai0="66,28,29,116,108,110,105,77,132,45,11,4,123" hai1="56,24,86,27,76,121,49,46,62,0,33,107,44" hai2="5,135,61,94,106,125,53,57,81,3,72,39,30" hai3="10,112,102,120,25,122,104,127,85,96,65,101,63"/><U100/><E0/><V98/><F39/><W60/><G112/><T74/><D105/><U51/><E121/><V13/><F106/><W128/><G128/><T35/><D116/><U20/><E33/><V32/><F135/><W118/><G118/><T17/><D123/><U84/><E100/><V23/><F32/><W78/><G102/><T50/><D66/><U119/><E107/><V92/><F125/><W126/><G60/><T111/><D132/><U103/><E103/><V48/><F3/><W79/><G79/><T70/><D70/><U130/><E130/><V69/><F72/><W133/><G133/><T41/><D35/><U6/><E6/><V87/><F69/><N who="3" m="42175" /><G25/><T89/><D77/><U54/><E27/><N who="2" m="16767" /><F98/><W16/><G85/><N who="1" m="32874" /><E76/><N who="2" m="46503" /><F61/><W7/><G78/><T58/><D74/><U36/><E36/><V42/><F42/><W59/><G7/><T43/><D43/><BYE who="0" /><U109/><E119/><V34/><F34/><W75/><G75/><T91/><D91/><U113/><E113/><V38/><F38/><W124/><G122/><T99/><D99/><U31/><E31/><V15/><F5/><W9/><G120/><T12/><D12/><AGARI ba="1,0" hai="12,13,15,48,53,57,92,94" m="46503,16767" machi="12" ten="30,1000,0" yaku="8,1" doraHai="14" who="2" fromWho="0" sc="240,-13,280,0,240,13,240,0" /><INIT seed="2,0,0,3,0,108" ten="227,280,253,240" oya="2" hai0="107,59,93,95,83,130,118,129,53,2,71,24,63" hai1="79,45,116,21,61,49,92,54,84,28,69,57,33" hai2="17,75,64,68,7,34,86,25,11,80,29,62,90" hai3="3,97,13,89,56,44,23,111,31,99,123,103,27"/><V39/><F39/><W32/><G123/><T30/><D30/><U9/><E116/><V51/><F51/><W77/><G3/><T18/><D18/><U70/><E33/><UN n0="%E5%B0%8F%E9%98%AA%E3%81%A1%E3%81%B2%E3%82%8D" /><V91/><F75/><W98/><G77/><T8/><D107/><U101/><E9/><V46/><F46/><W72/><G72/><T120/><D120/><U1/><E1/><V14/><REACH who="2" step="1"/><F7/><REACH who="2" ten="227,280,243,240" step="2"/><W78/><G44/><T20/><D118/><U128/><E45/><V65/><F65/><W50/><G111/><T10/><D53/><U109/><E49/><V112/><F112/><W40/><G40/><T100/><D129/><U94/><E54/><V82/><F82/><W102/><G50/><T5/><D130/><U55/><E55/><V41/><F41/><W85/><G103/><T37/><D83/><U36/><E101/><V96/><F96/><W76/><G102/><T74/><D100/><U35/><E36/><V126/><F126/><W105/><G105/><T16/><D74/><U122/><E109/><V42/><F42/><W114/><G114/><T73/><D73/><U135/><E128/><V127/><F127/><W110/><G110/><T117/><D37/><U131/><E131/><V38/><F38/><W134/><G98/><T106/><D106/><U48/><E48/><V6/><F6/><W15/><G99/><T67/><D117/><U133/><E122/><V121/><F121/><W124/><G97/><T132/><D5/><U119/><E119/><V22/><F22/><W115/><G115/><T113/><D67/><U43/><E43/><V47/><F47/><W4/><G124/><RYUUKYOKU ba="0,1" sc="227,-10,280,-10,243,30,240,-10" hai2="11,14,17,25,29,34,62,64,68,80,86,90,91" /><INIT seed="2,1,1,5,0,22" ten="217,270,273,230" oya="2" hai0="118,63,85,42,90,64,38,97,66,41,110,133,4" hai1="135,80,51,112,81,65,55,113,24,17,79,106,122" hai2="95,40,68,43,89,46,134,56,21,102,105,114,96" hai3="47,78,54,6,116,99,23,132,91,0,74,62,127"/><V53/><F114/><W8/><G116/><T92/><D110/><U108/><E106/><V72/><F68/><W88/><G132/><T7/><D133/><U129/><E135/><V11/><F134/><W119/><G119/><T33/><D33/><U30/><E108/><V1/><F72/><W31/><G74/><T94/><D118/><U131/><E65/><N who="0" m="25193" /><D38/><U52/><E17/><V61/><F46/><W45/><G78/><T16/><D63/><U58/><E55/><V57/><F56/><W67/><G127/><T9/><D4/><U13/><E13/><V34/><F34/><W69/><G54/><T20/><D9/><U82/><E79/><V124/><F124/><W36/><G99/><T44/><D7/><U59/><E59/><V5/><REACH who="2" step="1"/><F21/><REACH who="2" ten="217,270,263,230" step="2"/><W128/><G47/><T93/><D44/><U27/><E113/><V12/><F12/><W103/><G45/><T29/><D97/><AGARI ba="1,2" hai="1,5,11,40,43,53,57,61,89,95,96,97,102,105" machi="97" ten="30,2900,0" yaku="1,1,7,1,53,0" doraHai="22" doraHaiUra="77" who="2" fromWho="0" sc="217,-32,270,0,263,52,230,0" /><INIT seed="2,2,0,4,4,59" ten="185,270,315,230" oya="2" hai0="45,74,94,69,105,64,53,128,52,2,72,75,99" hai1="134,121,38,65,81,30,95,34,51,60,26,116,90" hai2="4,21,82,46,109,85,3,80,31,44,133,101,11" hai3="39,28,88,1,130,5,6,132,125,32,55,122,71"/><V108/><F133/><W68/><G55/><T96/><D2/><U117/><E38/><V20/><F101/><W47/><G88/><T66/><D128/><U78/><E121/><V129/><F129/><W89/><G89/><T10/><D105/><U118/><E51/><V73/><F73/><W123/><G130/><T120/><D120/><U127/><E127/><V33/><F33/><W12/><G12/><T14/><D96/><U25/><E25/><N who="2" m="16807" /><F82/><W126/><G132/><T87/><D87/><U15/><E15/><V40/><F21/><W135/><G135/><T54/><D45/><U23/><E134/><V112/><F112/><W76/><G76/><T83/><D83/><U107/><E107/><V131/><F40/><N who="3" m="22943" /><G28/><T36/><D36/><U13/><E13/><V7/><F7/><W114/><G32/><T84/><D84/><U18/><E34/><V9/><F9/><N who="3" m="2223" /><G6/><T77/><D77/><U100/><E30/><V110/><F131/><W91/><G114/><T93/><D69/><N who="3" m="26697" /><G91/><AGARI ba="2,0" hai="3,4,11,44,46,80,85,91,108,109,110" m="16807" machi="91" ten="30,2900,0" yaku="14,1,10,1" doraHai="59" who="2" fromWho="3" sc="185,0,270,0,315,35,230,-35" /><INIT seed="2,3,0,4,5,65" ten="185,270,350,195" oya="2" hai0="133,89,18,3,0,108,10,75,118,54,93,130,98" hai1="25,31,29,51,111,8,95,33,66,34,62,11,99" hai2="57,131,101,78,126,134,79,50,4,74,83,70,104" hai3="55,114,109,13,122,72,17,116,35,28,26,117,73"/><V15/><F131/><W46/><G122/><T53/><D108/><U86/><E111/><V7/><F79/><W2/><G109/><T23/><D130/><U80/><E51/><V120/><F120/><W30/><G114/><T94/><D133/><U97/><E31/><V5/><F134/><W110/><G110/><T47/><D75/><U63/><E34/><V67/><F126/><W115/><G115/><T60/><D118/><U81/><E63/><V38/><F38/><W132/><G132/><T123/><D123/><U128/><E128/><V44/><F67/><W69/><G2/><T121/><D121/><U32/><E32/><V68/><F57/><W59/><G69/><T52/><D60/><U112/><E97/><V113/><F113/><W9/><G73/><T90/><D47/><U49/><E49/><V100/><F15/><W41/><G72/><T85/><REACH who="0" step="1"/><D10/><REACH who="0" ten="175,270,350,195" step="2"/><U16/><E8/><V42/><REACH who="2" step="1"/><F104/><REACH who="2" ten="175,270,340,195" step="2"/><W88/><G117/><T119/><D119/><U24/><E112/><V103/><AGARI ba="3,2" hai="4,5,7,42,44,50,68,70,74,78,83,100,101,103" machi="103" ten="30,12000,1" yaku="1,1,2,1,0,1,52,2,53,0" doraHai="65" doraHaiUra="129" who="2" fromWho="2" sc="175,-43,270,-43,340,149,195,-43" /><INIT seed="2,4,0,1,0,39" ten="132,227,489,152" oya="2" hai0="122,59,96,9,45,65,72,133,123,37,82,124,79" hai1="81,32,107,2,15,85,63,90,14,51,48,21,25" hai2="10,132,67,127,113,117,26,33,41,128,92,109,52" hai3="83,47,53,102,27,24,38,18,114,119,131,22,99"/><V106/><F117/><W61/><G119/><T28/><D133/><U93/><E107/><V23/><F106/><W57/><G131/><T104/><D124/><U103/><E32/><V31/><F128/><W94/><G114/><T76/><D76/><U7/><E2/><V0/><F113/><W97/><G97/><T125/><D125/><U115/><E115/><V77/><F127/><W55/><G83/><T3/><D28/><U35/><E35/><V120/><F77/><W121/><G121/><T86/><D86/><U6/><E63/><V68/><F120/><W4/><G4/><N who="1" m="1578" /><E103/><V40/><F132/><W58/><G47/><T20/><D20/><U75/><E93/><V1/><F92/><W12/><REACH who="3" step="1"/><G38/><REACH who="3" ten="132,227,489,142" step="2"/><T91/><D37/><U73/><E73/><V135/><F135/><W130/><G130/><T110/><D72/><U129/><E75/><V66/><F1/><W116/><G116/><T29/><D3/><U43/><E129/><V118/><F0/><W30/><G30/><T36/><D29/><N who="1" m="17583" /><E51/><AGARI ba="4,1" hai="12,18,22,24,27,51,53,55,57,58,61,94,99,102" machi="51" ten="30,3900,0" yaku="1,1,7,1,8,1,53,0" doraHai="39" doraHaiUra="42" who="3" fromWho="1" sc="132,0,227,-51,489,0,142,61" /><INIT seed="3,0,0,3,0,65" ten="132,176,489,203" oya="3" hai0="121,90,105,122,94,22,102,68,66,126,107,99,30" hai1="79,135,74,44,76,101,8,87,7,83,129,132,114" hai2="46,124,34,73,115,120,16,27,84,67,91,130,3" hai3="37,29,57,97,23,134,36,59,103,4,80,108,56"/><W125/><G4/><T19/><D30/><U62/><E114/><V63/><F73/><W25/><G134/><N who="1" m="51242" /><E129/><V14/><F115/><W127/><G80/><T61/><D126/><N who="3" m="48137" /><G108/><T53/><D53/><U104/><E44/><V43/><F120/><W9/><G9/><T70/><D105/><AGARI ba="0,0" hai="23,25,29,36,37,56,57,59,97,103,105" m="48137" machi="105" ten="30,1500,0" yaku="18,1" doraHai="65" who="3" fromWho="0" sc="132,-15,176,0,489,0,203,15" /><INIT seed="3,1,0,2,3,95" ten="117,176,489,218" oya="3" hai0="46,126,124,63,37,131,83,13,27,9,64,111,14" hai1="33,121,105,135,3,43,114,103,104,44,69,96,108" hai2="32,47,72,36,38,88,125,45,39,65,29,56,20" hai3="93,30,34,132,21,97,49,70,102,2,133,62,81"/><W22/><G2/><T57/><D111/><U31/><E44/><V59/><F72/><W53/><G34/><T89/><D131/><U50/><E50/><V99/><F32/><W17/><G81/><T113/><D113/><U123/><E43/><V77/><F77/><W122/><G122/><T60/><D27/><U79/><E31/><V110/><F110/><W130/><G130/><T85/><D60/><U5/><E5/><V52/><F65/><W41/><G41/><T117/><D117/><U26/><E26/><V120/><F29/><W78/><G78/><T40/><REACH who="0" step="1"/><D9/><REACH who="0" ten="107,176,489,218" step="2"/><U84/><E114/><V134/><F120/><W76/><G62/><T71/><D71/><U48/><E69/><V100/><F134/><W25/><G70/><T90/><D90/><U94/><E135/><V23/><F88/><W107/><G133/><T18/><D18/><U116/><E108/><V4/><F4/><W42/><G132/><T11/><D11/><U15/><E116/><V8/><F8/><W75/><G17/><T129/><D129/><U58/><E123/><V92/><F38/><W87/><G25/><T1/><D1/><U127/><E3/><V28/><F36/><W66/><G30/><T118/><D118/><U55/><E121/><V109/><F28/><W115/><G115/><T35/><D35/><U67/><E33/><V128/><F128/><W74/><G76/><T0/><D0/><U24/><E24/><V80/><F39/><W51/><G21/><T7/><D7/><U101/><E79/><V86/><F109/><W61/><G22/><T98/><D98/><RYUUKYOKU ba="1,1" sc="107,30,176,-10,489,-10,218,-10" hai0="13,14,37,40,46,57,63,64,83,85,89,124,126" /><INIT seed="4,2,1,5,5,110" ten="137,166,479,208" oya="0" hai0="2,81,9,38,75,88,96,101,51,74,28,59,53" hai1="108,64,32,107,35,79,113,67,119,19,49,90,115" hai2="1,92,15,11,16,131,123,72,109,129,3,78,42" hai3="17,34,66,54,118,117,69,86,116,122,40,21,133"/><T87/><D38/><U33/><E107/><V14/><F109/><W83/><G34/><T134/><D134/><U4/><E108/><V6/><F42/><W94/><G40/><T50/><D28/><U55/><E119/><V128/><F123/><W56/><G133/><T71/><D71/><U91/><E4/><V58/><F58/><W103/><G122/><T57/><D2/><U98/><E79/><V8/><F92/><W68/><G66/><N who="1" m="25130" /><E19/><N who="2" m="8647" /><F78/><W132/><G132/><T127/><D127/><U31/><E98/><V10/><F72/><W20/><G69/><T60/><D9/><U30/><E55/><V126/><F3/><W23/><G68/><T111/><D111/><U99/><E49/><V130/><F130/><W62/><G116/><T84/><D84/><U102/><E102/><V24/><F24/><W63/><G118/><T100/><D50/><U120/><E99/><V25/><F25/><W112/><G117/><T85/><D85/><U61/><E61/><V22/><F10/><W0/><G0/><T93/><REACH who="0" step="1"/><D101/><REACH who="0" ten="127,166,479,208" step="2"/><U36/><E36/><V73/><F73/><W125/><G125/><AGARI ba="2,2" hai="1,6,11,15,16,22,125,126,128,129,131" m="8647" machi="125" ten="40,8000,1" yaku="19,1,34,2,54,1" doraHai="110" who="2" fromWho="3" sc="127,0,166,0,479,106,208,-86" /><INIT seed="5,0,0,1,5,126" ten="127,166,585,122" oya="1" hai0="127,61,55,63,14,109,72,106,131,36,18,45,111" hai1="89,91,50,135,23,124,67,1,95,19,35,87,20" hai2="117,129,101,102,26,34,37,98,113,12,62,132,134" hai3="75,99,133,17,97,122,49,86,53,68,43,42,71"/><U100/><E35/><V73/><F37/><W11/><G75/><T9/><D72/><U78/><E1/><V28/><F117/><W16/><G122/><T30/><D106/><U120/><E120/><V60/><F73/><W119/><G119/><T114/><D127/><U128/><E128/><V118/><F129/><W108/><G108/><T2/><D114/><U48/><E135/><V66/><F118/><W54/><G86/><T90/><D131/><U38/><E38/><V32/><F32/><W103/><G11/><T0/><D30/><U27/><E67/><V8/><F113/><W57/><G133/><T52/><D36/><U69/><E69/><N who="2" m="42183" /><F62/><N who="3" m="36143" /><G68/><T115/><D115/><U13/><E100/><V15/><F15/><W29/><G71/><T96/><D0/><U56/><E78/><V6/><F102/><W123/><G29/><T58/><D2/><U88/><E124/><V104/><AGARI ba="0,0" hai="6,8,12,26,28,34,98,101,104,132,134" m="42183" machi="104" ten="30,1100,0" yaku="25,1" doraHai="126" who="2" fromWho="2" sc="127,-3,166,-5,585,11,122,-3" /><INIT seed="6,0,0,4,1,85" ten="124,161,596,119" oya="2" hai0="27,34,109,69,116,52,103,62,70,38,19,120,105" hai1="96,93,134,75,13,20,28,121,14,7,55,1,94" hai2="74,113,118,60,44,67,11,32,4,33,22,107,35" hai3="130,25,10,83,12,15,135,53,132,86,57,39,40"/><V129/><F74/><W47/><G130/><T23/><D120/><U8/><E75/><V117/><F129/><W90/><G25/><T21/><D109/><U50/><E134/><V0/><F113/><W98/><G98/><T29/><D38/><U123/><E28/><V49/><F22/><W102/><G102/><T84/><D116/><U56/><E93/><V65/><F65/><W30/><G30/><T58/><D70/><U133/><E133/><N who="3" m="51274" /><G10/><T112/><D112/><U114/><E114/><V5/><F5/><W71/><G71/><T104/><D69/><U26/><E26/><V6/><F4/><W46/><G46/><T80/><D103/><N who="1" m="60823" /><E20/><V111/><F107/><W59/><G59/><T88/><D34/><U24/><E24/><AGARI ba="0,0" hai="19,21,23,24,27,29,52,58,62,80,84,88,104,105" machi="24" ten="30,7700,0" yaku="7,1,52,1,54,2" doraHai="85" who="0" fromWho="1" sc="124,77,161,-77,596,0,119,0" /><INIT seed="7,0,0,1,4,131" ten="201,84,596,119" oya="3" hai0="116,129,49,103,42,100,83,28,2,16,44,48,80" hai1="115,15,69,85,35,18,132,86,79,77,98,58,64" hai2="93,78,82,57,54,51,39,90,11,3,31,124,29" hai3="30,33,12,41,114,84,62,50,0,125,22,46,88"/><W8/><G114/><T13/><D116/><U26/><E69/><V25/><F39/><W38/><G125/><T70/><D70/><U123/><E123/><V4/><F124/><W118/><G118/><T6/><D2/><U91/><E115/><V60/><F25/><W45/><G0/><T61/><D6/><U68/><E68/><V81/><F60/><W23/><G33/><T34/><D34/><U95/><E35/><V24/><F24/><W36/><G62/><T99/><D28/><U112/><E112/><V108/><F108/><W135/><G135/><T40/><D129/><U127/><E127/><V7/><F7/><W19/><G30/><T47/><D61/><N who="1" m="37943" /><E26/><V120/><F120/><W130/><G130/><T21/><D100/><U43/><E43/><V128/><F128/><W75/><G75/><T10/><D21/><N who="1" m="11487" /><E132/><V126/><F126/><W71/><G71/><T110/><D110/><U122/><E122/><V92/><F31/><W20/><REACH who="3" step="1"/><G45/><REACH who="3" ten="201,84,596,109" step="2"/><T55/><D40/><U94/><E86/><N who="2" m="50519" /><F29/><W73/><G73/><T104/><AGARI ba="0,1" hai="10,13,16,42,44,47,48,49,55,80,83,99,103,104" machi="104" ten="20,2700,0" yaku="0,1,7,1,54,1" doraHai="131" who="0" fromWho="0" sc="201,37,84,-7,596,-7,109,-13" owari="238,4.0,77,-42.0,589,68.0,96,-30.0" /></mjloggm>