<mjloggm ver="2.3"><GO type="97" lobby="0"/><UN n0="%E5%B0%B1%E6%B4%BB%E7%94%9F%40%E5%B7%9D%E6%9D%91%E8%BB%8D%E5%9B%A3" n1="%47%54%53%53" n2="%4A%50%53%E6%9D%B1%E9%A2%A8" n3="%69%62%67%7A" dan="16,14,15,15" rate="2099.41,1925.46,1994.72,2035.27" sx="M,M,M,M"/><TAIKYOKU oya="0"/><INIT seed="0,0,0,5,5,70" ten="250,250,250,250" oya="0" hai0="43,94,51,38,12,86,31,5,127,49,13,22,95" hai1="75,58,118,131,37,103,73,46,104,91,50,3,65" hai2="125,76,41,30,133,93,98,48,122,32,9,35,119" hai3="111,134,60,23,10,74,68,26,17,28,123,107,100"/><T29/><D127/><U24/><E118/><V102/><F125/><W67/><G111/><T85/><D5/><U113/><E3/><V36/><F119/><W69/><G134/><T39/><D22/><U54/><E131/><V63/><F122/><W55/><G74/><T108/><REACH who="0" step="1"/><D43/><REACH who="0" ten="240,250,250,250" step="2"/><U53/><E113/><V115/><F32/><W25/><G123/><T0/><D0/><U7/><E7/><V6/><F133/><W96/><G10/><T71/><D71/><U16/><E75/><V89/><F115/><W124/><G124/><T61/><D61/><U42/><E73/><V80/><F36/><W11/><G11/><T79/><D79/><U72/><E72/><V4/><F63/><W15/><G69/><T47/><D47/><U135/><E135/><V1/><F35/><W90/><G68/><T2/><D2/><U128/><E128/><V78/><F4/><W34/><G60/><T126/><D126/><U40/><E40/><V44/><F30/><W81/><G28/><T114/><D114/><U88/><E37/><V130/><F130/><W101/><G34/><T84/><D84/><U99/><E42/><V92/><F78/><W83/><G23/><T132/><D132/><U57/><E46/><V109/><F109/><AGARI ba="0,1" hai="12,13,29,31,38,39,49,51,85,86,94,95,108,109" machi="109" ten="25,12000,1" yaku="1,1,22,2,52,2,53,0" doraHai="70" doraHaiUra="106" who="0" fromWho="2" sc="240,130,250,0,250,-120,250,0" /><INIT seed="0,1,0,4,5,14" ten="370,250,130,250" oya="0" hai0="108,5,96,50,11,68,93,79,18,16,64,66,69" hai1="22,130,109,46,67,45,48,107,102,52,106,56,132" hai2="85,122,116,36,6,135,37,21,115,125,75,82,117" hai3="53,105,112,83,4,74,8,1,58,31,120,111,17"/><T43/><D108/><U33/><E33/><V128/><F6/><W34/><G112/><T59/><D68/><U110/><E132/><V40/><F40/><W119/><G119/><N who="2" m="45641" /><F21/><W12/><G105/><T62/><D79/><U51/><E130/><V127/><F75/><W2/><G111/><N who="1" m="42506" /><E102/><V77/><F37/><W98/><G98/><T60/><D43/><N who="1" m="24639" /><E22/><V28/><F36/><W29/><G120/><T88/><REACH who="0" step="1"/><D50/><REACH who="0" ten="360,250,130,250" step="2"/><N who="1" m="30743" /><E67/><V13/><F128/><W38/><G38/><T86/><D86/><U7/><E7/><V91/><F135/><W19/><G74/><T49/><D49/><U35/><E35/><V95/><F115/><W39/><G39/><T73/><D73/><U9/><E9/><V87/><F122/><W76/><G34/><T78/><D78/><U55/><AGARI ba="1,1" hai="46,51,55,106,107" m="30743,24639,42506" machi="55" ten="30,2000,0" yaku="14,1,54,1" doraHai="14" who="1" fromWho="1" sc="360,-11,250,33,130,-6,250,-6" /><INIT seed="1,0,0,4,5,75" ten="349,283,124,244" oya="1" hai0="94,58,92,113,9,60,32,90,105,129,78,34,106" hai1="101,126,79,37,80,67,85,46,111,62,50,25,52" hai2="91,104,99,27,118,43,69,7,59,72,120,19,54" hai3="123,102,23,51,125,22,135,13,71,30,36,31,2"/><U112/><E112/><V98/><F120/><W88/><G36/><T65/><D113/><U66/><E126/><V6/><F118/><W8/><G71/><T49/><D129/><U97/><E111/><V38/><F72/><W0/><G102/><T41/><D78/><U127/><E127/><V29/><F69/><W103/><G103/><T63/><D9/><U131/><E131/><V82/><F38/><W64/><G64/><T61/><D65/><U33/><E37/><V42/><F19/><W1/><G51/><T39/><D39/><U81/><E81/><V115/><F115/><W132/><G125/><T84/><D94/><N who="1" m="58551" /><E33/><V68/><F68/><W134/><G88/><T56/><D56/><N who="1" m="35079" /><E25/><V55/><F104/><W57/><G57/><T17/><D34/><U21/><E21/><N who="3" m="7690" /><G123/><T10/><D32/><U14/><E14/><V110/><F110/><W107/><G107/><T114/><D114/><U15/><E15/><V96/><F27/><W28/><G13/><T26/><D105/><U74/><E74/><V40/><F29/><W128/><G8/><T95/><D106/><U109/><E109/><V130/><F130/><AGARI ba="0,0" hai="0,1,2,28,30,31,128,130,132,134,135" m="7690" machi="130" ten="50,12000,2" yaku="29,2,28,2,20,1,34,2" doraHai="75" who="3" fromWho="2" sc="349,0,283,0,124,-120,244,120" /><INIT seed="2,0,0,4,3,111" ten="349,283,4,364" oya="2" hai0="93,80,133,95,47,53,26,91,51,24,97,38,17" hai1="132,30,113,123,25,107,43,73,75,125,77,119,9" hai2="115,104,122,114,102,71,63,64,99,83,7,129,130" hai3="46,79,29,11,42,21,126,13,59,90,118,3,106"/><V58/><F7/><W41/><G118/><T37/><D133/><U54/><E119/><V109/><F122/><W32/><G106/><T74/><D38/><U127/><E132/><V121/><F121/><W94/><G79/><T96/><D37/><U62/><E123/><V117/><F117/><W120/><G120/><T23/><D74/><U101/><E43/><V103/><F103/><W89/><G32/><T49/><D49/><U20/><E9/><V52/><F83/><W33/><G33/><T35/><D80/><U36/><E36/><V40/><F40/><W134/><G134/><T22/><D35/><U135/><E135/><V5/><F5/><W87/><G3/><T39/><D39/><U45/><E107/><V55/><F109/><W84/><G59/><T124/><D124/><N who="1" m="47691" /><E101/><V100/><F100/><W10/><G126/><T16/><D95/><U60/><E75/><V61/><F55/><W14/><G46/><T70/><D70/><U67/><E67/><V27/><F27/><N who="3" m="16623" /><G11/><T128/><D128/><AGARI ba="0,0" hai="52,58,61,63,64,71,99,102,104,114,115,128,129,130" machi="128" ten="40,12000,1" yaku="19,1,52,2,54,1" doraHai="111" who="2" fromWho="0" sc="349,-120,283,0,4,120,364,0" /><INIT seed="2,1,0,5,3,26" ten="229,283,124,364" oya="2" hai0="122,84,19,134,71,54,106,103,46,58,75,97,11" hai1="105,12,65,88,33,67,64,85,15,38,40,111,133" hai2="22,42,99,61,101,90,77,35,24,129,41,68,52" hai3="104,102,91,48,82,87,3,25,45,32,23,118,51"/><V16/><F77/><W69/><G69/><T63/><D75/><U44/><E105/><V93/><F129/><W130/><G130/><T98/><D122/><U86/><E111/><V120/><F120/><W70/><G70/><T28/><D134/><U132/><E33/><V57/><F35/><W117/><G3/><T60/><D98/><U135/><REACH who="1" step="1"/><E86/><REACH who="1" ten="229,273,124,364" step="2"/><V74/><F74/><W96/><G32/><T107/><D84/><U56/><E56/><V8/><F68/><W81/><G118/><T59/><D107/><U72/><E72/><V110/><F110/><W112/><G117/><T66/><D46/><U30/><E30/><V126/><F126/><W83/><G112/><T9/><D28/><U62/><E62/><V39/><F39/><W79/><G45/><T109/><D109/><U47/><E47/><V37/><F37/><W123/><G123/><T27/><D71/><U121/><E121/><V108/><F108/><W95/><G51/><T127/><D127/><U116/><E116/><V92/><F8/><W89/><G48/><T29/><D19/><U49/><E49/><V55/><F55/><W80/><G91/><T124/><D124/><U10/><E10/><V7/><F7/><W13/><G79/><T5/><D5/><U0/><E0/><V50/><F50/><W6/><G104/><T131/><D131/><U125/><E125/><V17/><F17/><N who="3" m="12527" /><G6/><T20/><AGARI ba="1,1" hai="9,11,20,27,29,54,58,59,60,63,66,97,103,106" machi="20" ten="20,2700,0" yaku="0,1,7,1,52,1" doraHai="26" who="0" fromWho="0" sc="229,40,273,-8,124,-14,364,-8" /><INIT seed="3,0,0,3,3,134" ten="269,265,110,356" oya="3" hai0="59,87,98,77,30,118,88,104,33,22,130,17,13" hai1="0,94,107,35,49,51,47,124,99,6,54,34,4" hai2="101,96,113,46,58,71,74,128,57,21,122,43,37" hai3="48,29,15,19,62,91,80,56,38,52,117,93,61"/><W116/><G38/><T111/><D118/><U97/><E107/><V2/><F71/><W50/><G29/><T18/><D130/><U78/><E78/><V75/><F113/><W44/><G116/><T28/><D111/><U123/><E123/><V3/><F122/><W105/><G105/><T8/><D33/><U45/><E0/><V129/><F57/><W120/><G120/><T86/><D104/><U121/><E121/><V42/><F58/><W82/><G82/><N who="0" m="47439" /><D59/><U109/><E109/><V72/><F21/><N who="3" m="11519" /><G80/><N who="0" m="49255" /><D98/><U119/><E119/><V110/><F43/><N who="3" m="24607" /><G117/><T125/><D125/><U132/><E132/><V39/><F39/><W69/><G69/><T126/><D126/><U40/><E124/><V66/><F66/><W127/><G127/><T60/><D60/><U32/><REACH who="1" step="1"/><E97/><AGARI ba="0,0" hai="50,52,56,61,62,91,93,97" m="24607,11519" machi="97" ten="30,2900,0" yaku="8,1,54,1" doraHai="134" who="3" fromWho="1" sc="269,0,265,-29,110,0,356,29" owari="269,7.0,236,-16.0,110,-39.0,385,48.0" /></mjloggm>