<mjloggm ver="2.3"><GO type="169" lobby="0"/><UN n0="%55%52%41%4E" n1="%E9%9D%A2%E6%B8%85%E3%81%AE%E3%83%90%E3%83%93%E3%82%A3" n2="%E3%82%A6%E3%83%AB%E3%83%88%E3%83%A9%E7%AB%8B%E7%9B%B4" n3="%E3%81%91%E3%82%93%31%39%37%30" dan="16,16,17,17" rate="2060.62,2056.32,2216.87,2202.81" sx="F,M,M,M"/><TAIKYOKU oya="0"/><INIT seed="0,0,0,4,5,76" ten="250,250,250,250" oya="0" hai0="59,133,66,134,0,34,35,113,126,61,33,39,123" hai1="132,107,81,109,22,16,130,92,106,112,71,37,20" hai2="124,119,77,89,60,21,115,51,97,40,93,80,65" hai3="104,14,91,4,10,42,50,99,72,118,41,45,19"/><T120/><D39/><U57/><E71/><V2/><F2/><W117/><G42/><T110/><D113/><U24/><E112/><V87/><F115/><W105/><G72/><T111/><D0/><U95/><E57/><V29/><F119/><W18/><G91/><T8/><D8/><U3/><E3/><V68/><F124/><W67/><G67/><T125/><D125/><U12/><E37/><V70/><F70/><W11/><G104/><T69/><D59/><U30/><E132/><N who="0" m="50793" /><D126/><U31/><E130/><V58/><F68/><W47/><G4/><T44/><D44/><U127/><E127/><V75/><F40/><W98/><G105/><T23/><D23/><U28/><E107/><V64/><F51/><W83/><G83/><T27/><D27/><U128/><E106/><V53/><F75/><W63/><G63/><T121/><AGARI ba="0,0" hai="33,34,35,61,66,69,110,111,120,121,123" m="50793" machi="121" ten="50,4800,0" yaku="20,1,23,1" doraHai="76" who="0" fromWho="0" sc="250,48,250,-16,250,-16,250,-16" /><INIT seed="0,1,0,4,1,118" ten="298,234,234,234" oya="0" hai0="11,84,30,86,6,114,15,54,127,35,93,81,63" hai1="126,83,50,51,131,108,46,14,52,112,59,70,135" hai2="61,21,87,105,77,60,132,117,130,104,96,62,92" hai3="74,76,88,44,85,58,20,57,17,97,5,78,72"/><T80/><D114/><U94/><E83/><V29/><F130/><W100/><G5/><T31/><D127/><U33/><E94/><V103/><F132/><W69/><G69/><T102/><D35/><U121/><E14/><V123/><F117/><W13/><G74/><T37/><D37/><U134/><E33/><V116/><F116/><W23/><G72/><T16/><D6/><U106/><E106/><V36/><F36/><W66/><G44/><T53/><D102/><U110/><E70/><V4/><F4/><W49/><G23/><T28/><D63/><U39/><E39/><V95/><F123/><W40/><G58/><T101/><D101/><U82/><E82/><N who="0" m="31849" /><D93/><U68/><E68/><V38/><F38/><W27/><G100/><T22/><D11/><U9/><E9/><V133/><F133/><N who="1" m="50697" /><E112/><V119/><F119/><W125/><G78/><T48/><D54/><N who="1" m="30039" /><E126/><V1/><F104/><W113/><G125/><T99/><D99/><U64/><E64/><V45/><F105/><W18/><G97/><T7/><D7/><U32/><E32/><V73/><F73/><W129/><G76/><T41/><D41/><U34/><E34/><V71/><F77/><W47/><G113/><T8/><D8/><U75/><E75/><V107/><F71/><W12/><G66/><T109/><D15/><U98/><E98/><V128/><F107/><W43/><G43/><T24/><D84/><U91/><E91/><N who="2" m="53375" /><F1/><W2/><G2/><T56/><D86/><U19/><E19/><V65/><F65/><W10/><G18/><T79/><D79/><U42/><E42/><RYUUKYOKU ba="1,0" sc="298,30,234,-10,234,-10,234,-10" hai0="16,22,24,28,30,31,48,53,56,109" /><INIT seed="0,2,0,5,4,4" ten="328,224,224,224" oya="0" hai0="100,80,59,116,92,54,10,25,3,126,86,58,94" hai1="19,129,123,44,97,68,99,69,133,78,121,98,16" hai2="112,131,39,13,76,85,5,40,61,66,0,104,23" hai3="45,73,102,14,77,134,109,26,12,47,60,36,24"/><T83/><D116/><U7/><E78/><V53/><F104/><W6/><G102/><T107/><D126/><U50/><E133/><V64/><F112/><W15/><G134/><T63/><D107/><U1/><E129/><V21/><F131/><W87/><G73/><T119/><D119/><U22/><E69/><V2/><F39/><W11/><G109/><T8/><D3/><U113/><E68/><V62/><F40/><W41/><G60/><T67/><D25/><U88/><E113/><V135/><F135/><W29/><G47/><T132/><D132/><U128/><E128/><V130/><F53/><W115/><G26/><T17/><D17/><U30/><E30/><V20/><F130/><W93/><G115/><T79/><D80/><U56/><E56/><V122/><F122/><W108/><G108/><T75/><D75/><U101/><E101/><V81/><F13/><W34/><REACH who="3" step="1"/><G93/><REACH who="3" ten="328,224,224,214" step="2"/><N who="0" m="35947" /><D100/><U90/><E123/><V35/><F62/><AGARI ba="2,1" hai="8,10,54,58,59,62,63,67,79,83,86" m="35947" machi="62" ten="30,5800,0" yaku="8,1,52,2" doraHai="4" who="0" fromWho="2" sc="328,74,224,0,224,-64,214,0" /><INIT seed="0,3,0,5,2,85" ten="402,224,160,214" oya="0" hai0="107,35,15,102,42,97,96,10,99,123,69,51,113" hai1="104,82,116,111,75,48,0,103,88,124,32,33,120" hai2="45,1,64,93,91,73,4,40,49,3,24,76,77" hai3="129,16,89,23,115,38,18,59,132,108,47,60,130"/><T98/><D35/><U43/><E43/><V117/><F117/><W13/><G115/><T25/><D69/><U30/><E30/><V126/><F126/><W84/><G108/><T19/><D113/><U41/><E41/><V110/><F110/><W128/><G132/><T22/><D123/><U34/><E48/><V67/><F3/><W70/><G70/><T65/><D65/><N who="2" m="25162" /><F1/><W62/><G38/><T121/><D121/><U54/><E0/><V68/><F73/><W27/><G47/><T81/><D81/><U55/><E116/><V72/><F72/><W17/><G59/><T20/><D42/><U90/><E124/><V119/><F119/><W7/><G7/><T37/><D37/><U28/><E111/><V106/><F106/><W86/><G86/><T112/><D112/><U52/><E28/><V135/><F135/><W94/><G18/><T79/><D107/><U101/><E120/><V78/><F68/><W26/><G26/><T87/><D25/><U66/><E66/><V57/><F4/><W122/><G122/><T50/><D102/><N who="1" m="38923" /><E104/><V134/><F134/><W95/><G94/><T9/><D51/><U118/><E118/><V114/><F114/><W133/><G133/><T71/><D50/><U109/><E109/><V74/><F74/><W83/><G95/><T63/><D71/><U6/><E6/><V92/><F92/><W61/><G61/><T14/><D63/><U131/><E75/><V58/><F24/><W29/><G17/><T80/><N who="0" m="24576" /><DORA hai="127" /><T56/><D19/><U21/><E34/><AGARI ba="3,0" hai="13,16,23,27,29,34,60,62,83,84,89,128,129,130" machi="34" ten="40,12000,2" yaku="19,1,52,4,54,1" doraHai="85,127" who="3" fromWho="1" sc="402,0,224,-129,160,0,214,129" /><INIT seed="1,0,0,0,1,24" ten="402,95,160,343" oya="1" hai0="112,26,3,121,43,18,44,61,125,32,83,126,117" hai1="30,49,105,93,120,20,123,41,1,46,66,85,110" hai2="96,47,53,133,73,13,17,45,122,78,63,52,62" hai3="67,15,60,102,36,87,134,64,39,92,100,25,115"/><U108/><E1/><V35/><F122/><N who="1" m="46633" /><E105/><V118/><F118/><W131/><G115/><T107/><D121/><U128/><E93/><V21/><F35/><W111/><G15/><T113/><D107/><U75/><E85/><V90/><F133/><W6/><G134/><T29/><D3/><U59/><E75/><V12/><F73/><W129/><G6/><T56/><D117/><U28/><E20/><V72/><F72/><W91/><G67/><N who="0" m="39335" /><D83/><U14/><E14/><V51/><F78/><W33/><G102/><T103/><D18/><U50/><E128/><N who="3" m="49226" /><G100/><T11/><D11/><U132/><E132/><V94/><F12/><W88/><G91/><T34/><D34/><U104/><E104/><V84/><F96/><W9/><G9/><T119/><D103/><U114/><E114/><V74/><F74/><W55/><G55/><T16/><D119/><U2/><E2/><V54/><F54/><W116/><G116/><T57/><D113/><U97/><E97/><V19/><F19/><W22/><G33/><T81/><D81/><U38/><E66/><V80/><F80/><W27/><G64/><T135/><D135/><U101/><E101/><V48/><AGARI ba="0,0" hai="13,17,21,45,47,48,51,52,53,62,63,84,90,94" machi="48" ten="30,7900,0" yaku="0,1,9,1,8,1,54,1" doraHai="24" who="2" fromWho="2" sc="402,-20,95,-39,160,79,343,-20" /><INIT seed="2,0,0,0,5,94" ten="382,56,239,323" oya="2" hai0="4,109,127,65,9,81,41,35,69,55,30,67,44" hai1="10,57,8,43,66,87,54,70,90,86,100,77,60" hai2="19,118,48,71,134,88,62,119,124,103,63,23,92" hai3="84,132,104,17,47,28,61,34,107,125,13,106,110"/><V24/><F124/><W18/><G125/><T31/><D109/><U99/><E43/><V82/><F134/><W95/><G110/><T7/><D35/><U36/><E36/><V101/><F118/><W76/><G132/><T22/><D127/><U68/><E77/><V2/><F2/><W108/><G108/><T3/><D4/><U37/><E37/><V89/><F119/><W11/><G28/><T6/><D6/><U56/><E86/><N who="2" m="50263" /><F48/><W26/><G34/><T79/><D69/><U73/><E73/><V40/><F40/><W102/><G47/><T114/><D114/><U52/><E66/><V53/><F71/><W122/><G61/><N who="2" m="23049" /><F53/><W16/><G122/><T93/><D55/><U25/><E25/><V83/><F83/><W120/><G120/><T64/><D64/><U113/><E113/><V58/><F58/><W39/><G39/><T105/><D65/><U59/><E70/><V130/><F130/><W116/><G116/><T20/><D67/><U49/><E57/><V85/><AGARI ba="0,0" hai="19,23,24,85,89,92,101,103" m="23049,50263" machi="85" ten="30,3000,0" yaku="8,1,54,1" doraHai="94" who="2" fromWho="2" sc="382,-10,56,-10,239,30,323,-10" /><INIT seed="2,1,0,0,5,59" ten="372,46,269,313" oya="2" hai0="108,99,115,129,21,32,2,107,110,103,57,14,105" hai1="17,64,12,123,48,56,76,4,5,116,29,135,109" hai2="50,83,130,84,49,90,127,67,102,61,92,70,128" hai3="86,35,9,68,118,75,3,43,31,132,37,15,82"/><V87/><F127/><W34/><G118/><T0/><D32/><U91/><E109/><N who="0" m="42089" /><D115/><U51/><E135/><V44/><F102/><W54/><G132/><T16/><D107/><U97/><E116/><V58/><F70/><W94/><G3/><N who="0" m="1067" /><D57/><U95/><E29/><V38/><F38/><W36/><G68/><T30/><D30/><U120/><E76/><V122/><F122/><N who="1" m="46633" /><E51/><V8/><F8/><W47/><G37/><T133/><D133/><U26/><E26/><V10/><F10/><W53/><G31/><T55/><D55/><N who="1" m="31847" /><E64/><V46/><F50/><W114/><G114/><T40/><D40/><U27/><E27/><V73/><F73/><W66/><G66/><T96/><D96/><U18/><E18/><V60/><F60/><W63/><G63/><T33/><D33/><U121/><N who="1" m="46641" /><U23/><AGARI ba="1,0" hai="4,5,12,17,23,91,95,97" m="31847,46641" machi="23" ten="40,2700,0" yaku="4,1,13,1" doraHai="59" who="1" fromWho="1" sc="372,-8,46,30,269,-14,313,-8" /><INIT seed="3,0,0,1,1,109" ten="364,76,255,305" oya="3" hai0="44,45,49,37,48,1,134,120,69,42,20,55,75" hai1="112,114,81,95,115,107,128,66,17,58,108,25,111" hai2="79,62,4,67,94,7,0,106,31,76,98,123,119" hai3="23,132,127,46,32,22,100,73,71,129,117,34,80"/><W93/><G71/><T15/><D1/><U126/><E107/><V41/><F119/><W116/><G46/><T110/><D75/><U83/><E95/><V90/><F123/><W89/><G100/><T3/><D3/><U12/><E25/><V124/><F124/><W103/><G103/><T36/><D120/><U19/><E126/><V59/><F106/><W38/><G38/><N who="0" m="14955" /><D20/><U101/><E101/><V29/><F41/><W50/><G80/><N who="1" m="30794" /><E12/><V68/><F68/><W2/><G2/><T16/><D16/><N who="1" m="6219" /><E128/><V10/><REACH who="2" step="1"/><F4/><REACH who="2" ten="364,76,245,305" step="2"/><W6/><G6/><T74/><D69/><U18/><N who="1" m="6227" /><U91/><DORA hai="88" /><E91/><V64/><F64/><W84/><G89/><T61/><D42/><U121/><E121/><V97/><F97/><W14/><G127/><T122/><D122/><U105/><E105/><V77/><AGARI ba="0,1" hai="0,7,10,29,31,59,62,67,76,77,79,90,94,98" machi="77" ten="30,8000,1" yaku="1,1,0,1,52,1,53,2" doraHai="109,88" doraHaiUra="47,26" who="2" fromWho="2" sc="364,-20,76,-20,245,90,305,-40" /><INIT seed="4,0,0,0,4,57" ten="344,56,335,265" oya="0" hai0="124,86,99,90,24,108,64,125,87,10,134,63,14" hai1="72,47,56,102,85,59,27,12,26,109,70,121,116" hai2="113,48,15,13,68,43,69,52,118,20,16,83,73" hai3="112,131,5,17,0,7,105,31,123,100,35,129,66"/><T74/><D74/><U77/><E70/><V104/><F104/><W119/><G105/><T111/><D134/><U67/><E102/><V94/><F43/><W122/><G100/><T34/><D99/><U37/><E37/><V21/><F113/><W88/><G66/><T45/><D45/><U53/><E72/><V55/><F118/><W6/><G88/><T76/><D34/><U58/><E109/><N who="0" m="42057" /><D24/><U135/><E135/><V8/><F94/><W9/><G119/><T96/><D76/><U132/><E26/><V93/><F93/><W25/><G112/><T28/><D28/><U110/><E27/><V29/><F29/><W114/><G114/><T117/><D96/><U18/><E47/><N who="2" m="27679" /><F69/><W23/><G7/><N who="0" m="3423" /><D117/><U41/><E77/><V33/><F33/><W97/><G97/><T65/><D65/><U79/><E67/><V42/><F73/><W61/><G6/><T2/><D2/><U4/><E79/><V130/><F42/><W128/><G61/><T84/><D90/><U46/><E41/><V62/><F68/><AGARI ba="0,0" hai="63,64,68,84,86,87,124,125" m="3423,42057" machi="68" ten="30,2900,0" yaku="10,1,52,1" doraHai="57" who="0" fromWho="2" sc="344,29,56,0,335,-29,265,0" /><INIT seed="4,1,0,3,4,24" ten="373,56,306,265" oya="0" hai0="60,12,97,74,55,35,1,78,5,73,2,123,135" hai1="83,31,0,67,99,116,7,131,134,111,110,122,72" hai2="101,3,91,40,41,62,118,66,113,45,11,13,124" hai3="52,6,109,17,114,59,77,129,102,57,69,39,16"/><T61/><D123/><U87/><E67/><V120/><F3/><W50/><G69/><T10/><D35/><U128/><E31/><V81/><F120/><W21/><G39/><T65/><D135/><U14/><E14/><V63/><F124/><W68/><G68/><T42/><D42/><U29/><E29/><V46/><F113/><W127/><G109/><T30/><D30/><U25/><E25/><V86/><F101/><W51/><G114/><T49/><D5/><U108/><E7/><V48/><F66/><W84/><G127/><T132/><D12/><U28/><E28/><V103/><F103/><W9/><G102/><T95/><D10/><U98/><E98/><V64/><F64/><W36/><G36/><T88/><D132/><U119/><E0/><V85/><F118/><W89/><G77/><T96/><D96/><U112/><E72/><V56/><F85/><W18/><G129/><N who="1" m="49738" /><E99/><V37/><F56/><W106/><G106/><T92/><D74/><U34/><E34/><V105/><F105/><W53/><G21/><T71/><D73/><U44/><E112/><V38/><REACH who="2" step="1"/><F48/><REACH who="2" ten="373,56,296,265" step="2"/><W79/><G79/><T23/><D1/><U133/><E122/><V117/><F117/><N who="1" m="45129" /><E44/><V8/><F8/><W43/><G9/><T58/><D2/><U93/><E134/><V104/><F104/><W20/><G50/><T4/><D49/><U90/><E133/><V107/><F107/><W32/><G51/><T27/><D65/><U94/><AGARI ba="1,1" hai="83,87,90,93,94,108,110,111" m="45129,49738" machi="94" ten="40,5200,0" yaku="19,1,34,2" doraHai="24" who="1" fromWho="1" sc="373,-27,56,65,296,-14,265,-14" /><INIT seed="5,0,0,4,4,111" ten="346,121,282,251" oya="1" hai0="73,89,30,78,135,60,35,110,11,66,24,59,1" hai1="123,85,71,63,107,9,76,53,75,44,52,103,46" hai2="119,36,64,55,25,23,96,92,67,115,106,84,100" hai3="20,14,33,117,27,120,45,72,48,124,109,8,22"/><U94/><E123/><V83/><F36/><W77/><G109/><T21/><D110/><U12/><E107/><V69/><F69/><W74/><G120/><T57/><D135/><U114/><E75/><V118/><F106/><W17/><G124/><T4/><D89/><U34/><E34/><V102/><F102/><W28/><G77/><T43/><D43/><U108/><E108/><V129/><F129/><W128/><G128/><T105/><D105/><U29/><E29/><V90/><F115/><W19/><G117/><T99/><D99/><N who="1" m="59895" /><E71/><V131/><F131/><W134/><G134/><T127/><D127/><U49/><E63/><V0/><F0/><W2/><G22/><T101/><D101/><U6/><E114/><V10/><F119/><W121/><G121/><T132/><D132/><U16/><E85/><V130/><F130/><W58/><G58/><T39/><D39/><U61/><E76/><V18/><F118/><W13/><G2/><T116/><D116/><U37/><E37/><V70/><F70/><W40/><AGARI ba="0,0" hai="8,13,14,17,19,20,27,28,33,40,45,48,72,74" machi="40" ten="20,1500,0" yaku="0,1,7,1" doraHai="111" who="3" fromWho="3" sc="346,-4,121,-7,282,-4,251,15" /><INIT seed="6,0,0,3,4,30" ten="342,114,278,266" oya="2" hai0="45,5,28,27,58,116,8,31,4,37,96,10,6" hai1="94,61,42,93,39,20,81,112,50,132,129,99,18" hai2="29,97,65,109,119,55,70,48,82,120,66,134,105" hai3="68,102,91,43,83,128,35,14,15,108,106,133,49"/><V87/><F120/><W69/><G108/><T1/><D116/><U34/><E112/><V67/><F119/><W74/><G106/><T2/><D5/><U53/><E129/><V77/><F109/><W0/><G0/><T40/><D27/><U52/><E132/><V130/><F134/><W41/><G102/><T79/><D79/><U88/><E39/><V63/><F130/><W24/><G133/><T21/><D21/><U101/><E81/><V59/><F105/><W12/><G91/><T123/><D123/><U19/><E34/><V46/><F29/><W7/><G7/><T121/><D121/><U26/><E19/><V117/><F117/><W32/><G24/><T104/><D58/><U71/><E71/><V33/><F33/><W36/><G49/><T113/><D113/><U92/><E92/><V122/><F122/><W95/><G95/><T51/><D37/><U38/><E38/><V90/><F70/><W17/><G36/><T62/><D62/><U127/><E127/><V22/><F22/><W9/><G15/><T110/><D110/><U44/><REACH who="1" step="1"/><E61/><REACH who="1" ten="342,104,278,266" step="2"/><V75/><F75/><W115/><G115/><T56/><D104/><U84/><AGARI ba="0,1" hai="18,20,26,42,44,50,52,53,84,88,93,94,99,101" machi="84" ten="20,12000,2" yaku="1,1,2,1,0,1,7,1,8,1,54,2,53,0" doraHai="30" doraHaiUra="103" who="1" fromWho="1" sc="342,-30,104,130,278,-60,266,-30" /><INIT seed="7,0,0,2,3,102" ten="312,234,218,236" oya="3" hai0="41,90,61,11,89,82,54,96,42,98,51,63,69" hai1="48,121,55,110,16,99,50,132,40,108,8,13,39" hai2="83,24,104,45,124,72,44,49,37,71,109,77,68" hai3="4,131,28,21,84,113,101,107,119,65,33,35,103"/><W0/><G119/><T129/><D129/><U30/><E121/><V135/><F109/><W95/><G131/><T7/><D69/><U3/><E132/><V5/><F135/><W114/><G65/><T87/><D90/><U15/><E3/><V6/><F124/><W14/><G0/><T123/><D123/><U100/><E39/><V56/><F56/><W29/><G4/><T46/><D96/><U57/><E30/><V118/><F118/><W128/><G14/><N who="0" m="5503" /><D98/><U105/><REACH who="1" step="1"/><E15/><REACH who="1" ten="312,224,218,236" step="2"/><V93/><F37/><W122/><G122/><T81/><D81/><U2/><E2/><V85/><F83/><W67/><G29/><T10/><D42/><U31/><E31/><V52/><F24/><W78/><G28/><T58/><D41/><U111/><E111/><V25/><F25/><W9/><G35/><T92/><D82/><U106/><E106/><V133/><F104/><W134/><G107/><T120/><D120/><U125/><E125/><V47/><F133/><W127/><G33/><T73/><D73/><U64/><E64/><V116/><F116/><W23/><G67/><T62/><D62/><U126/><E126/><V36/><F72/><W97/><G127/><T88/><D63/><U86/><E86/><V38/><F38/><W59/><G84/><T43/><D87/><U94/><E94/><V117/><F117/><W112/><G95/><T26/><D92/><U115/><E115/><V1/><F1/><W19/><G134/><T53/><D26/><U79/><E79/><V75/><F36/><W17/><G78/><T130/><D43/><U91/><E91/><RYUUKYOKU ba="0,1" sc="312,-10,224,30,218,-10,236,-10" hai1="8,13,16,40,48,50,55,57,99,100,105,108,110" owari="312,41.0,254,5.0,208,-29.0,226,-17.0" /></mjloggm>