<mjloggm ver="2.3"><GO type="193" lobby="0"/><UN n0="%E6%9D%B1%E5%8D%97%E5%80%B6%E6%A5%BD%E9%83%A8" n1="%E3%81%A4%E3%81%8F%E3%81%AD%E3%81%A8%E7%A0%82%E8%82%9D" n2="%4D%6D%61%6E" n3="%E3%83%88%E3%83%88%E3%83%AA%E5%85%88%E7%94%9F%31%39%E6%AD%B3" dan="0,13,11,3" rate="1481.02,1802.31,1646.43,1592.39" sx="F,M,M,F"/><TAIKYOKU oya="0"/><INIT seed="0,0,0,3,3,93" ten="250,250,250,250" oya="0" hai0="29,134,91,64,62,96,100,69,0,43,94,18,97" hai1="53,36,15,68,110,122,41,128,33,86,119,28,46" hai2="88,58,102,83,57,66,131,81,124,129,85,77,52" hai3="107,135,79,54,63,108,6,84,1,133,11,71,121"/><T99/><D0/><U24/><E122/><V78/><F66/><N who="3" m="41439" /><G121/><T126/><D134/><N who="3" m="51209" /><G108/><T89/><D126/><U40/><E119/><V32/><F32/><W42/><G107/><T82/><D43/><U5/><E110/><V114/><F114/><W67/><G67/><T8/><D29/><U109/><E109/><V80/><F124/><W49/><G42/><T111/><D111/><U132/><E128/><V39/><F39/><W16/><G16/><T76/><D89/><U20/><E132/><V118/><F118/><W10/><G10/><T130/><D130/><N who="2" m="49674" /><F102/><W90/><G79/><N who="2" m="30217" /><F57/><N who="3" m="32975" /><G90/><T125/><D125/><U61/><E41/><V127/><F127/><W23/><G84/><T48/><D48/><AGARI ba="0,0" hai="48,52,58,80,81,83,85,88" m="30217,49674" machi="48" ten="30,3900,0" yaku="19,1,54,2" doraHai="93" who="2" fromWho="0" sc="250,-39,250,0,250,39,250,0" /><INIT seed="1,0,0,4,1,92" ten="211,250,289,250" oya="1" hai0="63,123,73,98,31,37,25,10,119,131,1,38,58" hai1="125,128,39,108,114,87,88,133,69,104,44,61,8" hai2="26,116,28,77,101,111,15,70,13,0,52,80,30" hai3="72,57,17,89,74,79,54,4,83,22,75,9,50"/><U135/><E114/><V14/><F116/><W65/><G65/><T68/><D73/><U124/><E104/><V97/><F0/><W132/><G132/><T6/><D119/><U130/><E108/><V122/><F111/><W94/><G9/><T43/><D131/><N who="1" m="50219" /><E8/><V86/><F122/><W102/><G102/><T71/><D123/><U64/><E87/><V45/><F70/><W99/><REACH who="3" step="1"/><G4/><REACH who="3" ten="211,250,289,240" step="2"/><T96/><D71/><U36/><E88/><V91/><F91/><W60/><G60/><T112/><D68/><U12/><E12/><AGARI ba="0,1" hai="12,17,22,50,54,57,72,74,75,79,83,89,94,99" machi="12" ten="30,3900,0" yaku="1,1,7,1,52,1,53,0" doraHai="92" doraHaiUra="117" who="3" fromWho="1" sc="211,0,250,-39,289,0,240,49" /><INIT seed="2,0,0,5,5,6" ten="211,211,289,289" oya="2" hai0="122,74,117,80,56,76,90,37,52,32,13,77,88" hai1="64,50,93,132,78,48,27,95,38,110,87,100,108" hai2="15,16,43,96,3,23,119,121,14,86,20,66,104" hai3="63,106,73,98,24,26,97,57,103,92,99,51,22"/><V129/><F121/><W128/><G73/><T123/><D32/><U120/><E120/><V61/><F119/><W94/><G128/><T85/><D37/><U2/><E2/><V46/><F129/><W112/><G112/><T5/><D117/><U0/><E38/><V82/><F3/><W135/><G135/><T75/><D76/><U54/><E0/><V8/><F104/><W71/><G71/><T72/><D122/><U18/><E132/><V81/><F96/><W28/><G51/><T68/><D68/><U107/><E107/><V45/><F45/><W17/><G94/><T7/><D123/><U113/><E113/><V109/><F109/><N who="1" m="42089" /><E64/><V118/><F118/><W41/><G41/><T131/><D131/><U102/><E78/><V12/><F82/><W134/><G106/><T19/><D90/><N who="1" m="53471" /><E100/><V130/><F130/><W125/><G125/><T30/><D30/><U79/><E79/><V65/><F65/><W40/><G40/><T42/><D42/><U49/><E54/><V69/><F46/><W53/><REACH who="3" step="1"/><G134/><REACH who="3" ten="211,211,289,279" step="2"/><T1/><D1/><U111/><E111/><V47/><F43/><W126/><G126/><T124/><D124/><U127/><E127/><V59/><F69/><W25/><G25/><T29/><D29/><U116/><E116/><V31/><F31/><W114/><G114/><T11/><REACH who="0" step="1"/><D77/><REACH who="0" ten="201,211,289,279" step="2"/><U83/><E49/><AGARI ba="0,2" hai="5,7,11,13,19,49,52,56,72,74,75,80,85,88" machi="49" ten="40,8000,1" yaku="1,1,2,1,52,1,54,2,53,0" doraHai="6" doraHaiUra="89" who="0" fromWho="1" sc="201,100,211,-80,289,0,279,0" /><INIT seed="3,0,0,1,2,48" ten="301,131,289,279" oya="3" hai0="126,98,37,55,134,20,121,100,78,66,104,123,53" hai1="40,50,97,117,75,94,39,85,112,107,96,120,124" hai2="43,61,19,46,31,25,114,77,99,115,42,132,16" hai3="108,59,84,118,56,127,30,113,1,45,72,131,125"/><W0/><G113/><T2/><D37/><U128/><E39/><V44/><F132/><W10/><G118/><T105/><D2/><N who="3" m="1129" /><G72/><T70/><D78/><U71/><E40/><V110/><F77/><W51/><G30/><T79/><D79/><U95/><E71/><V27/><F99/><W74/><G74/><T130/><D20/><U8/><E117/><V83/><F83/><W29/><G29/><T101/><D98/><U15/><E112/><V122/><F122/><N who="0" m="46602" /><D66/><U23/><E120/><V135/><F135/><W90/><G10/><T103/><D70/><U54/><E124/><N who="3" m="47690" /><G131/><T18/><D126/><U36/><E128/><V57/><F31/><W28/><G28/><T41/><D130/><U93/><E107/><N who="0" m="41033" /><D41/><U62/><E75/><V52/><F115/><W34/><G34/><T38/><D38/><U11/><E36/><V67/><F114/><W26/><G26/><T69/><D134/><U12/><E62/><V92/><F25/><W24/><G24/><T88/><D69/><U129/><E129/><V32/><F32/><W35/><G35/><T73/><D18/><U58/><E85/><V102/><F27/><W49/><G108/><T111/><D73/><U106/><E106/><V68/><F110/><W119/><G119/><T22/><D111/><U109/><E109/><V9/><F9/><W81/><G49/><T6/><D22/><U86/><E23/><V80/><F19/><W116/><G116/><T82/><D6/><U63/><E86/><V65/><F16/><W133/><G133/><T91/><D82/><U5/><E63/><V13/><F68/><RYUUKYOKU ba="0,0" sc="301,10,131,10,289,-30,279,10" hai0="53,55,88,91,100,101,103" hai1="5,8,11,12,15,50,54,58,93,94,95,96,97" hai3="45,51,56,59,81,84,90" /><INIT seed="3,1,0,4,0,29" ten="311,141,259,289" oya="3" hai0="115,1,70,20,99,18,101,44,13,19,25,46,84" hai1="92,38,54,56,66,73,118,24,130,89,4,33,71" hai2="67,14,36,80,21,52,30,27,32,63,75,69,59" hai3="39,55,65,105,35,10,131,11,90,74,88,122,26"/><W72/><G122/><T125/><D70/><U87/><E118/><V133/><F36/><W12/><G39/><T124/><D1/><U48/><E130/><V45/><F133/><W64/><G105/><N who="0" m="63679" /><D84/><U97/><E38/><V78/><F45/><W3/><G131/><T119/><D119/><U62/><E73/><V93/><F93/><W83/><G3/><T95/><D95/><U77/><E77/><V134/><F134/><W8/><G12/><T86/><D86/><U107/><E4/><V135/><F135/><W28/><G55/><T108/><D108/><U116/><E116/><V85/><F75/><W98/><G74/><T112/><D46/><U34/><REACH who="1" step="1"/><E24/><REACH who="1" ten="311,131,259,289" step="2"/><V81/><F78/><W51/><G72/><T16/><D25/><U43/><E43/><V41/><F41/><W126/><G26/><T0/><D115/><U6/><E6/><V117/><F117/><W120/><G120/><T47/><D112/><U7/><E7/><V15/><F80/><W96/><G83/><T37/><D37/><U110/><E110/><V106/><F81/><W123/><G123/><T102/><D0/><U132/><E132/><V23/><F27/><N who="3" m="18847" /><G126/><N who="0" m="48747" /><D102/><AGARI ba="1,1" hai="33,34,48,54,56,62,66,71,87,89,92,97,102,107" machi="102" ten="40,5200,0" yaku="1,1,52,2,53,0" doraHai="29" doraHaiUra="121" who="1" fromWho="0" sc="311,-55,131,65,259,0,289,0" /><INIT seed="4,0,0,2,2,135" ten="256,196,259,289" oya="0" hai0="45,26,62,65,78,20,54,14,81,50,61,23,2" hai1="71,44,100,76,31,108,90,105,109,60,131,18,4" hai2="24,28,67,111,115,133,3,42,32,99,114,9,0" hai3="91,5,82,107,125,40,6,36,8,134,98,128,86"/><T35/><D2/><U27/><E131/><V29/><F133/><W96/><G134/><T92/><D92/><U57/><E109/><V38/><F111/><W84/><G128/><T21/><D14/><U73/><E108/><V116/><F116/><W106/><G125/><T77/><D77/><U126/><E126/><V10/><F67/><W117/><G117/><T87/><D35/><U17/><E90/><V79/><F79/><W123/><G123/><T12/><D12/><U83/><E71/><V55/><F55/><W80/><G91/><T72/><D72/><U129/><E129/><V66/><F66/><W110/><G110/><T53/><D65/><U88/><E4/><V39/><F99/><W85/><G85/><T48/><REACH who="0" step="1"/><D26/><REACH who="0" ten="246,196,259,289" step="2"/><U51/><E27/><V34/><F24/><W52/><G82/><T56/><AGARI ba="0,1" hai="20,21,23,45,48,50,53,54,56,61,62,78,81,87" machi="56" ten="30,11700,0" yaku="1,1,2,1,0,1,8,1,53,0" doraHai="135" doraHaiUra="102" who="0" fromWho="0" sc="246,127,196,-39,259,-39,289,-39" owari="373,47.0,157,-34.0,220,-18.0,250,5.0" /></mjloggm>