<mjloggm ver="2.3"><GO type="193" lobby="0"/><UN n0="%E3%83%88%E3%83%88%E3%83%AA%E5%85%88%E7%94%9F%31%39%E6%AD%B3" n1="%68%69%2E%6D%63%63%63%63" n2="%E7%97%B4%E5%91%86%E9%9B%80%E9%AC%BC" n3="%E7%AC%9B%E5%90%B9%E3%81%8D%E8%8A%B1%E3%81%A1%E3%82%83%E3%82%93" dan="5,11,13,10" rate="1604.00,1506.16,1808.46,1711.90" sx="F,M,M,M"/><TAIKYOKU oya="0"/><INIT seed="0,0,0,5,4,76" ten="250,250,250,250" oya="0" hai0="15,39,49,70,98,121,101,25,10,18,83,89,38" hai1="31,26,130,73,68,119,107,115,52,71,96,51,5" hai2="64,66,133,116,111,34,127,21,57,134,46,75,122" hai3="84,59,29,90,6,128,48,106,79,50,81,94,114"/><T87/><D121/><U2/><E119/><V118/><F34/><W62/><G106/><T19/><D70/><U77/><E115/><V88/><F75/><W55/><G114/><T120/><D120/><U0/><E130/><V9/><F122/><W28/><G128/><T103/><D103/><U97/><E107/><V7/><F21/><W78/><G6/><T36/><D25/><U4/><E31/><V22/><F22/><W91/><G50/><T16/><REACH who="0" step="1"/><D49/><REACH who="0" ten="240,250,250,250" step="2"/><U63/><E26/><V123/><F123/><W85/><G48/><T99/><D99/><U82/><E63/><V58/><F116/><W60/><G60/><T95/><AGARI ba="0,1" hai="10,15,16,18,19,36,38,39,83,87,89,95,98,101" machi="95" ten="30,11700,0" yaku="1,1,0,1,52,1,54,1,53,0" doraHai="76" doraHaiUra="102" who="0" fromWho="0" sc="240,127,250,-39,250,-39,250,-39" /><INIT seed="0,1,0,1,1,118" ten="367,211,211,211" oya="0" hai0="89,73,69,12,100,29,82,32,95,68,108,92,60" hai1="58,107,1,98,18,67,123,50,51,126,13,38,24" hai2="49,86,33,8,61,34,120,35,77,90,25,115,5" hai3="22,9,43,4,75,44,66,128,105,135,65,99,56"/><T133/><D133/><U20/><E123/><V27/><F115/><W74/><G135/><T132/><D132/><U28/><E126/><V62/><F77/><W37/><G128/><T14/><D108/><U52/><E38/><V48/><F8/><W111/><G111/><T121/><D121/><U96/><E1/><V84/><F90/><W70/><G56/><T42/><D42/><U91/><E107/><V76/><F76/><W39/><G39/><T23/><D32/><U124/><E124/><V134/><F5/><W72/><G22/><T117/><D117/><U81/><E81/><V57/><F57/><W112/><G112/><T16/><D29/><U119/><E119/><V83/><F83/><W41/><G41/><T55/><D73/><U78/><E78/><V101/><F134/><W17/><G17/><T88/><D55/><U15/><E67/><V80/><F80/><W127/><G127/><T110/><D110/><U94/><E98/><V97/><F97/><W104/><G99/><T47/><D47/><U102/><E51/><N who="2" m="19531" /><F101/><W2/><G66/><N who="0" m="41031" /><D69/><U6/><E102/><V79/><F79/><W114/><G114/><T46/><D46/><U54/><E54/><V131/><F131/><W36/><G36/><T7/><D82/><U103/><E103/><V113/><F113/><W3/><G3/><T10/><D100/><U59/><E58/><V0/><F120/><W63/><AGARI ba="1,0" hai="2,4,9,37,43,44,63,65,70,72,74,75,104,105" machi="63" ten="40,8000,1" yaku="0,1,33,3" doraHai="118" who="3" fromWho="3" sc="367,-41,211,-21,211,-21,211,83" /><INIT seed="1,0,0,3,0,65" ten="326,190,190,294" oya="1" hai0="106,80,34,61,55,23,68,129,28,105,48,120,58" hai1="18,76,39,53,2,133,13,97,73,56,93,83,8" hai2="79,94,6,20,72,91,115,134,31,110,12,63,100" hai3="98,88,1,77,9,30,112,16,32,24,35,21,37"/><U14/><E39/><V107/><F115/><W89/><G37/><T121/><D129/><U44/><E2/><V78/><F110/><W74/><G112/><T128/><D128/><U86/><E133/><V102/><F134/><W46/><G46/><T96/><D23/><U57/><E73/><V116/><F116/><W114/><G114/><T127/><D127/><U87/><E14/><V49/><F107/><W59/><G59/><T71/><D80/><U36/><E36/><V54/><F63/><W62/><G62/><T15/><D15/><U5/><E44/><V131/><F131/><W3/><G98/><T45/><D28/><U69/><E69/><N who="0" m="26697" /><D96/><U104/><E104/><V51/><F72/><W60/><G60/><T27/><D27/><U81/><E5/><V118/><F118/><W113/><G113/><T52/><D34/><U50/><E56/><V125/><F125/><W111/><G111/><T66/><D106/><U122/><E122/><N who="0" m="47209" /><D105/><U90/><REACH who="1" step="1"/><E76/><REACH who="1" ten="326,180,190,294" step="2"/><V38/><F38/><W42/><G1/><T43/><AGARI ba="0,1" hai="43,45,48,52,55,58,61,66" m="47209,26697" machi="43" ten="30,12000,2" yaku="13,1,34,2,52,3,54,1" doraHai="65" who="0" fromWho="0" sc="326,130,180,-60,190,-30,294,-30" /><INIT seed="2,0,0,3,3,65" ten="456,120,160,264" oya="2" hai0="11,91,12,6,123,23,49,39,87,46,34,66,30" hai1="36,8,97,106,71,130,62,64,127,120,32,114,96" hai2="75,125,109,5,76,15,122,26,132,80,16,102,48" hai3="3,57,43,112,40,95,50,25,38,78,79,119,110"/><V70/><F122/><W115/><G110/><T68/><D123/><U133/><RYUUKYOKU type="yao9" ba="0,0" sc="456,0,120,0,160,0,264,0" hai1="8,32,36,62,64,71,96,97,106,114,120,127,130,133" /><INIT seed="2,1,0,5,5,135" ten="456,120,160,264" oya="2" hai0="5,28,112,118,54,7,101,70,130,26,9,115,11" hai1="133,131,40,88,69,86,87,77,109,36,51,123,22" hai2="85,52,79,38,134,83,93,33,50,78,108,10,6" hai3="65,20,106,18,121,12,53,99,107,17,55,84,41"/><V104/><F33/><W68/><G121/><T92/><D70/><U110/><E123/><V3/><F38/><W75/><G75/><T95/><D130/><U37/><E69/><V97/><F104/><W111/><G111/><N who="1" m="42506" /><E131/><V47/><F108/><W60/><G41/><T21/><D118/><U132/><E22/><V34/><F34/><W116/><G116/><T125/><D54/><U27/><E27/><V35/><F35/><W126/><G126/><T25/><D101/><U45/><E77/><V16/><F134/><N who="1" m="51817" /><E86/><V66/><F66/><W29/><G29/><T2/><D125/><U4/><E4/><V90/><REACH who="2" step="1"/><F16/><REACH who="2" ten="456,120,150,264" step="2"/><W113/><G18/><T48/><D28/><U100/><E100/><AGARI ba="1,1" hai="3,6,10,47,50,52,78,79,83,85,90,93,97,100" machi="100" ten="30,11600,0" yaku="1,1,2,1,7,1,54,1,53,0" doraHai="135" doraHaiUra="30" who="2" fromWho="1" sc="456,0,120,-119,150,129,264,0" /><INIT seed="2,2,0,2,4,51" ten="456,1,279,264" oya="2" hai0="91,43,62,4,53,3,20,28,124,133,110,107,100" hai1="50,46,97,135,103,11,132,25,68,30,114,96,15" hai2="10,14,80,60,128,58,59,120,129,95,16,36,29" hai3="98,119,38,105,35,6,22,18,9,94,86,92,49"/><V84/><F36/><W8/><G119/><T75/><D20/><U78/><E68/><V111/><F120/><W67/><G35/><T87/><D91/><U61/><E78/><V93/><F29/><W34/><G38/><T127/><D87/><U40/><E114/><V24/><F24/><W56/><G34/><T130/><D43/><U47/><E135/><V1/><F1/><W116/><G116/><T113/><D62/><U88/><E132/><V70/><F70/><W45/><G105/><T72/><D100/><U2/><E2/><V102/><F111/><W118/><G118/><T0/><D4/><U85/><E61/><V101/><F59/><W65/><G86/><T44/><D28/><U27/><E47/><V41/><F41/><N who="3" m="24751" /><G56/><T109/><D44/><U115/><E115/><V134/><F134/><W90/><G92/><T79/><D133/><U74/><E74/><V69/><F69/><W66/><G6/><T12/><D107/><U21/><E25/><AGARI ba="2,0" hai="8,9,18,22,25,65,66,67,90,94,98" m="24751" machi="25" ten="30,1000,0" yaku="8,1" doraHai="51" who="3" fromWho="1" sc="456,0,1,-16,279,0,264,16" owari="456,56.0,-15,-52.0,279,-12.0,280,8.0" /></mjloggm>