<mjloggm ver="2.3"><GO type="193" lobby="0"/><UN n0="%6D%69%73%61%74%6F" n1="%EF%BC%88%EF%BC%9A%33%EF%BC%89%72%7A" n2="%E3%83%88%E3%83%88%E3%83%AA%E5%85%88%E7%94%9F%31%39%E6%AD%B3" n3="%64%65%6E%74" dan="12,11,5,12" rate="1874.79,1686.92,1630.90,1628.77" sx="M,M,F,M"/><TAIKYOKU oya="0"/><INIT seed="0,0,0,4,2,57" ten="250,250,250,250" oya="0" hai0="104,72,124,63,43,51,45,133,11,100,9,23,21" hai1="122,52,89,54,29,49,25,126,114,30,60,88,3" hai2="127,84,107,2,118,111,12,77,83,117,110,5,47" hai3="132,42,55,69,75,33,24,62,120,135,81,68,101"/><T38/><D72/><U129/><E122/><V59/><F2/><W134/><G120/><T91/><D133/><U10/><E126/><V79/><F127/><W112/><G112/><T28/><D124/><U17/><E129/><V6/><F107/><W116/><G116/><N who="2" m="44649" /><F47/><W65/><G101/><T125/><D125/><U71/><E114/><V67/><F77/><N who="3" m="44223" /><G42/><T130/><D130/><U74/><E74/><V82/><F82/><W53/><G68/><T39/><D91/><U97/><E3/><V108/><F12/><W50/><G50/><T35/><D63/><AGARI ba="0,0" hai="5,6,59,63,67,79,83,84,108,110,111" m="44649" machi="63" ten="40,5200,0" yaku="14,1,12,1,52,1" doraHai="57" who="2" fromWho="0" sc="250,-52,250,0,250,52,250,0" /><INIT seed="1,0,0,3,2,56" ten="198,250,302,250" oya="1" hai0="36,43,104,92,127,40,116,72,44,115,50,6,113" hai1="76,48,60,41,125,28,35,42,31,132,81,109,88" hai2="22,105,133,108,118,4,13,129,85,102,19,46,64" hai3="63,62,51,66,91,52,24,135,114,58,103,124,89"/><U70/><E125/><V57/><F118/><W121/><G114/><T77/><D92/><U111/><E132/><V7/><F133/><W23/><G121/><T123/><D104/><U12/><E12/><V9/><F108/><N who="1" m="41545" /><E35/><V3/><F129/><W16/><G135/><T93/><D93/><U80/><E80/><V29/><F4/><W34/><G124/><T0/><D127/><U67/><E76/><V99/><F29/><N who="1" m="11337" /><E48/><V11/><F11/><W86/><G34/><T79/><D79/><U119/><E119/><V112/><F112/><W1/><G1/><T38/><D50/><U128/><E128/><V45/><REACH who="2" step="1"/><F85/><AGARI ba="0,0" hai="41,42,60,67,70,81,85,88" m="11337,41545" machi="85" ten="30,11600,0" yaku="14,1,10,1,52,1,54,1" doraHai="56" who="1" fromWho="2" sc="198,0,250,116,302,-116,250,0" /><INIT seed="1,1,0,3,2,39" ten="198,366,186,250" oya="1" hai0="79,16,58,63,37,72,7,65,97,23,51,127,14" hai1="59,114,132,15,32,45,19,107,77,13,53,22,115" hai2="35,85,104,40,38,31,90,0,129,49,98,87,111" hai3="25,36,48,130,43,1,54,133,71,95,44,17,123"/><U11/><E32/><V89/><F0/><W2/><G123/><T110/><D127/><U75/><E107/><V120/><F120/><W42/><G130/><T125/><D125/><U108/><E132/><V81/><F38/><W18/><G133/><T94/><D110/><U113/><E108/><V34/><F111/><W119/><G119/><T60/><D37/><U28/><E28/><V69/><F69/><W27/><G71/><T61/><D7/><U134/><E134/><V122/><F122/><W55/><G95/><T56/><D72/><U126/><E126/><V46/><F129/><W52/><G1/><T100/><D79/><U106/><E106/><V78/><F31/><W30/><G2/><T112/><D112/><U96/><E96/><V124/><F124/><W92/><G36/><T101/><REACH who="0" step="1"/><D101/><REACH who="0" ten="188,366,186,250" step="2"/><U68/><E115/><V91/><REACH who="2" step="1"/><F85/><REACH who="2" ten="188,366,176,250" step="2"/><W93/><G30/><T135/><D135/><U12/><E114/><V70/><F70/><W3/><G3/><T74/><D74/><U116/><E75/><V76/><F76/><W5/><G5/><T80/><D80/><U26/><E77/><V84/><F84/><W21/><G43/><T128/><D128/><U20/><E68/><V105/><F105/><W47/><G47/><T109/><D109/><U102/><E45/><V62/><F62/><W41/><G41/><T118/><D118/><U103/><E116/><V10/><F10/><W82/><G82/><T131/><D131/><U24/><E11/><V86/><F86/><W33/><G33/><T99/><D99/><U57/><E113/><V50/><F50/><RYUUKYOKU ba="1,2" sc="188,10,366,-30,176,10,250,10" hai0="14,16,23,51,56,58,60,61,63,65,94,97,100" hai2="34,35,40,46,49,78,81,87,89,90,91,98,104" hai3="17,18,21,25,27,42,44,48,52,54,55,92,93" /><INIT seed="2,2,2,5,0,44" ten="198,336,186,260" oya="2" hai0="108,14,9,63,89,58,1,20,107,130,93,7,56" hai1="98,15,68,36,51,29,50,40,65,37,99,3,6" hai2="100,19,39,73,85,127,114,12,49,23,46,11,48" hai3="84,64,27,97,129,83,106,104,120,131,102,119,112"/><V111/><F114/><W75/><G64/><T78/><D107/><N who="3" m="41001" /><G27/><T79/><D130/><N who="3" m="49673" /><G119/><T133/><D108/><U0/><E29/><V125/><F73/><W18/><G112/><T66/><D133/><U122/><E122/><V8/><F111/><W86/><G120/><T76/><D1/><U135/><E135/><V132/><F132/><W115/><G115/><T95/><D20/><U17/><E6/><V61/><F100/><W53/><G53/><T80/><D56/><U126/><E126/><N who="2" m="48139" /><F61/><W57/><G57/><T13/><D13/><U74/><E74/><V71/><F71/><W87/><G18/><T121/><D121/><U4/><E4/><V30/><F85/><AGARI ba="2,2" hai="7,9,14,58,63,66,76,78,79,80,85,89,93,95" machi="85" ten="40,1300,0" yaku="8,1" doraHai="44" who="0" fromWho="2" sc="198,39,336,0,186,-19,260,0" /><INIT seed="3,0,0,3,2,52" ten="237,336,167,260" oya="3" hai0="90,10,83,29,124,93,134,41,34,117,128,2,32" hai1="94,105,129,9,122,70,87,116,81,119,22,84,47" hai2="103,80,45,85,11,56,31,86,92,110,131,4,108" hai3="115,23,127,111,135,49,133,66,13,106,8,121,46"/><W37/><G121/><T36/><D117/><N who="1" m="45131" /><E122/><V104/><F104/><W79/><G115/><T7/><D124/><U76/><E105/><V101/><F131/><W53/><G127/><T26/><D134/><N who="3" m="51209" /><G106/><T40/><D128/><U1/><E129/><V102/><F31/><W99/><G111/><T15/><D83/><U69/><E47/><V118/><F118/><W61/><G79/><T96/><D34/><U63/><E22/><V82/><F45/><N who="3" m="27823" /><G99/><T71/><D71/><U33/><E33/><V73/><F4/><N who="3" m="3207" /><G23/><T112/><D112/><U25/><E25/><V42/><F42/><N who="3" m="22863" /><G61/><T59/><D36/><U35/><E35/><V88/><F11/><W18/><G18/><T65/><REACH who="0" step="1"/><D2/><REACH who="0" ten="227,336,167,260" step="2"/><U78/><E1/><V44/><F44/><W77/><G77/><T6/><D6/><U125/><E78/><V62/><F73/><W24/><G24/><T109/><D109/><N who="2" m="42090" /><F85/><W64/><AGARI ba="0,1" hai="64,66" m="22863,3207,27823,51209" machi="64" ten="30,1500,0" yaku="20,1" doraHai="52" who="3" fromWho="3" sc="227,-5,336,-5,167,-5,260,25" /><INIT seed="3,1,0,0,0,125" ten="222,331,162,285" oya="3" hai0="131,90,45,35,129,75,40,37,55,128,8,88,84" hai1="86,2,102,92,39,54,130,93,16,111,97,135,12" hai2="115,44,32,53,7,80,62,46,18,25,118,123,81" hai3="19,47,108,72,103,96,4,69,23,22,5,17,70"/><W116/><G116/><T117/><D117/><U13/><E130/><N who="0" m="33281" /><T63/><DORA hai="101" /><D75/><U31/><E2/><V9/><F118/><W100/><G72/><T28/><D8/><U77/><E39/><V14/><F115/><W82/><G82/><N who="0" m="49175" /><D90/><N who="1" m="53335" /><E77/><V60/><F123/><W105/><G47/><T78/><D78/><U71/><E71/><V104/><F104/><W132/><G96/><T0/><D0/><U20/><E111/><V85/><F80/><W124/><G124/><T106/><D106/><U127/><E135/><V133/><F133/><W42/><G132/><T74/><D74/><U89/><E31/><V11/><F32/><W34/><G42/><T65/><D55/><U94/><E54/><V109/><F109/><W112/><G105/><T21/><D21/><U52/><E52/><V87/><F87/><W107/><G107/><T51/><D37/><U113/><E113/><V99/><F99/><W43/><G43/><T76/><D76/><U59/><E127/><V126/><F126/><W120/><G34/><T56/><D35/><U41/><E41/><V134/><F134/><W114/><G108/><T10/><D10/><U57/><E12/><V33/><F33/><W121/><AGARI ba="1,0" hai="4,5,17,19,22,23,69,70,100,103,112,114,120,121" machi="121" ten="25,4800,0" yaku="0,1,22,2" doraHai="125,101" who="3" fromWho="3" sc="222,-17,331,-17,162,-17,285,51" owari="205,-19.0,314,11.0,145,-35.0,336,43.0" /></mjloggm>