<mjloggm ver="2.3"><GO type="97" lobby="0"/><UN n0="%E5%B0%B1%E6%B4%BB%E7%94%9F%40%E5%B7%9D%E6%9D%91%E8%BB%8D%E5%9B%A3" n1="%E3%81%A4%E3%82%A7%E3%81%A8" n2="%6B%6D%6F%32" n3="%75%69%73%64%69%75%66%62" dan="14,14,15,18" rate="1969.89,1892.12,1986.81,2115.10" sx="M,M,M,M"/><TAIKYOKU oya="0"/><INIT seed="0,0,0,1,0,24" ten="250,250,250,250" oya="0" hai0="127,112,107,36,73,45,68,15,38,0,122,102,77" hai1="3,28,88,64,40,133,93,6,96,18,44,22,4" hai2="10,113,99,29,123,115,81,84,128,89,56,52,118" hai3="61,82,49,114,74,21,41,43,69,11,39,59,111"/><T30/><D15/><U67/><E133/><V106/><F123/><W90/><G39/><T72/><D122/><U1/><E1/><V131/><F118/><W120/><G114/><T37/><D112/><U132/><E132/><V23/><F10/><W91/><G69/><T50/><D127/><U101/><E101/><N who="2" m="62783" /><F23/><W70/><G70/><T80/><D72/><U25/><E3/><V121/><F29/><W86/><G120/><T135/><D135/><U9/><E40/><V97/><F97/><W34/><G34/><T79/><D79/><U94/><E94/><V125/><F125/><W55/><G111/><T58/><D58/><U66/><E44/><V98/><F98/><W85/><G74/><T53/><D0/><U35/><E35/><V48/><F121/><W65/><G11/><T13/><D102/><U108/><E108/><V46/><F46/><N who="3" m="28087" /><G21/><T27/><D107/><U100/><E100/><V17/><F17/><W57/><G57/><T103/><D103/><U20/><E9/><V51/><F51/><W7/><G7/><T109/><D109/><U92/><E92/><AGARI ba="0,0" hai="41,43,59,61,65,82,85,86,90,91,92" m="28087" machi="92" ten="30,1000,0" yaku="8,1" doraHai="24" who="3" fromWho="1" sc="250,0,250,-10,250,0,250,10" /><INIT seed="1,0,0,2,1,36" ten="250,240,250,260" oya="1" hai0="43,25,54,87,93,78,47,82,50,39,104,73,17" hai1="74,133,98,66,40,44,131,89,120,5,32,31,46" hai2="124,57,88,70,121,61,9,14,19,10,91,15,37" hai3="95,80,59,79,56,58,108,113,34,29,125,35,13"/><U117/><E120/><V76/><F70/><W18/><G113/><T7/><D104/><U122/><E122/><V8/><F124/><W116/><G125/><T110/><D110/><U30/><E74/><V109/><F109/><W103/><G108/><T128/><D128/><U99/><E32/><V48/><F37/><W94/><G116/><T72/><D7/><U115/><E115/><V92/><F76/><W0/><G0/><T90/><D25/><U6/><E117/><V28/><F28/><N who="1" m="10793" /><E131/><V130/><F130/><W64/><G64/><T114/><D114/><U22/><E66/><N who="2" m="39215" /><F48/><W75/><G103/><T127/><D127/><U112/><E112/><V107/><F107/><W102/><G102/><T126/><D126/><U85/><E133/><V68/><F68/><W135/><G135/><T81/><D17/><U65/><E65/><V27/><F121/><W97/><G29/><T4/><D4/><N who="1" m="1643" /><E22/><N who="2" m="13791" /><F91/><N who="3" m="55519" /><G35/><T42/><D39/><U111/><E111/><V53/><F53/><W96/><G34/><T52/><D54/><U26/><E26/><V67/><F67/><W21/><G75/><T23/><D23/><U123/><E123/><V106/><F106/><W3/><G3/><T83/><D73/><U1/><E1/><V45/><F45/><N who="1" m="17513" /><E85/><AGARI ba="0,0" hai="8,9,10,14,15,85,88,92" m="13791,39215" machi="85" ten="30,2000,0" yaku="8,1,54,1" doraHai="36" who="2" fromWho="1" sc="250,0,240,-20,250,20,260,0" /><INIT seed="2,0,0,0,4,76" ten="250,220,270,260" oya="2" hai0="0,114,118,95,80,91,73,113,130,69,116,41,123" hai1="52,88,133,43,135,39,13,108,66,58,122,29,3" hai2="40,14,64,27,65,49,102,129,23,117,107,48,35" hai3="101,110,4,59,32,121,5,82,67,26,100,61,20"/><V36/><F117/><N who="0" m="45162" /><D0/><U94/><E3/><V134/><F134/><N who="1" m="51209" /><E108/><V7/><F35/><W89/><G110/><T19/><D69/><U2/><E2/><V42/><F129/><W11/><G32/><T128/><D41/><N who="2" m="15978" /><F102/><N who="3" m="39531" /><G11/><T17/><D123/><U70/><E29/><N who="2" m="17663" /><F107/><W127/><G127/><T15/><D15/><U81/><E81/><V60/><F36/><W47/><G47/><T24/><D24/><U57/><E122/><V22/><F60/><W132/><G121/><T93/><D19/><U126/><E126/><V46/><F49/><W55/><G132/><T111/><D17/><U12/><E70/><V56/><F56/><W85/><G67/><T98/><D95/><U72/><E72/><V44/><F22/><W97/><G4/><T79/><D111/><U54/><E66/><N who="2" m="25707" /><F48/><W120/><G120/><T71/><D71/><U8/><E43/><V109/><F109/><W92/><G5/><T37/><D37/><U78/><E78/><V99/><F99/><W75/><G75/><T9/><D9/><AGARI ba="0,0" hai="7,9,14,44,46" m="25707,17663,15978" machi="9" ten="30,1500,0" yaku="8,1" doraHai="76" who="2" fromWho="0" sc="250,-15,220,0,270,15,260,0" /><INIT seed="2,1,0,1,2,132" ten="235,220,285,260" oya="2" hai0="43,13,42,20,14,104,123,12,23,97,9,80,79" hai1="73,98,103,35,64,78,116,52,58,110,76,30,27" hai2="49,92,84,117,77,89,91,54,28,85,107,59,87" hai3="3,50,33,71,51,131,109,86,1,90,70,120,66"/><V105/><F117/><W108/><G120/><T15/><D123/><U127/><E116/><V88/><F28/><W118/><G33/><T44/><D104/><U21/><E110/><N who="3" m="42602" /><G118/><T112/><D112/><U16/><E64/><V5/><F5/><W121/><G121/><T83/><D97/><U99/><E73/><V32/><F32/><W56/><G131/><T19/><D43/><U37/><E37/><V61/><F77/><W46/><G56/><T82/><REACH who="0" step="1"/><D79/><REACH who="0" ten="225,220,285,260" step="2"/><U95/><E99/><V41/><F107/><W133/><G133/><T134/><D134/><U125/><E78/><V65/><F105/><W115/><G115/><T74/><D74/><U63/><REACH who="1" step="1"/><E76/><REACH who="1" ten="225,210,285,260" step="2"/><V102/><F41/><W31/><G86/><N who="2" m="33385" /><F102/><W17/><G71/><T114/><D114/><U129/><E129/><V45/><AGARI ba="1,2" hai="45,49,54,59,61,65,87,88,89,91,92" m="33385" machi="45" ten="30,3000,0" yaku="8,1,54,1" doraHai="132" who="2" fromWho="2" sc="225,-11,210,-11,285,53,260,-11" /><INIT seed="2,2,0,5,0,105" ten="214,199,338,249" oya="2" hai0="25,115,87,1,78,84,41,91,55,46,54,106,45" hai1="65,26,47,72,2,68,120,69,37,60,3,22,89" hai2="19,24,20,90,110,40,134,75,133,38,30,7,82" hai3="123,76,95,43,111,33,124,74,9,17,71,28,114"/><V119/><F119/><W126/><G123/><T48/><D106/><U88/><E120/><V44/><F7/><W11/><G71/><T35/><D1/><U85/><E69/><V108/><F90/><W104/><G104/><T99/><D115/><U10/><E89/><V98/><F98/><W100/><G114/><T39/><D78/><U97/><E97/><V61/><F61/><W112/><G112/><T14/><D14/><U83/><E10/><V122/><F122/><W127/><G111/><N who="2" m="42537" /><F19/><W93/><G17/><T92/><REACH who="0" step="1"/><D54/><REACH who="0" ten="204,199,338,249" step="2"/><U86/><E86/><V21/><F134/><W107/><G126/><T101/><D101/><U66/><E72/><V49/><F133/><W109/><G74/><T79/><D79/><U131/><E66/><V121/><F75/><W13/><G76/><T29/><AGARI ba="2,1" hai="25,29,35,39,41,45,46,48,55,84,87,91,92,99" machi="29" ten="30,2000,0" yaku="1,1,0,1,53,0" doraHai="105" doraHaiUra="103" who="0" fromWho="0" sc="204,36,199,-7,338,-12,249,-7" /><INIT seed="3,0,0,1,0,45" ten="240,192,326,242" oya="3" hai0="33,58,102,22,4,25,13,17,83,29,98,35,28" hai1="64,63,18,76,85,106,2,123,130,26,40,10,8" hai2="5,6,38,117,59,125,49,42,44,91,47,81,128" hai3="93,100,62,107,19,121,104,3,116,41,95,92,111"/><W113/><G121/><T46/><D83/><U68/><E123/><V120/><F117/><W11/><G116/><T69/><D69/><U37/><E130/><V7/><F128/><W97/><G113/><T71/><D71/><U101/><E76/><V110/><F110/><W118/><G118/><T51/><D58/><U94/><E37/><V21/><F125/><W135/><G111/><T56/><D56/><U129/><E40/><V132/><F132/><W119/><G119/><T14/><D4/><U31/><E129/><V1/><F59/><W36/><G135/><T15/><D33/><U52/><E2/><V73/><F21/><W70/><G107/><T87/><D87/><U126/><E18/><V133/><F133/><W9/><G3/><T53/><D29/><U23/><E126/><V80/><F80/><W72/><G72/><T32/><D35/><U60/><E60/><V0/><F120/><W103/><G103/><T86/><D86/><U96/><E52/><V108/><F108/><W99/><G99/><T48/><D48/><U50/><E50/><V27/><F27/><W24/><G36/><T131/><D131/><U109/><E109/><V89/><F89/><W34/><G41/><T20/><D32/><U90/><REACH who="1" step="1"/><E23/><REACH who="1" ten="240,182,326,242" step="2"/><V74/><F0/><W75/><G75/><T16/><D17/><U39/><E39/><V12/><F1/><W61/><G61/><T115/><D115/><U77/><E77/><V30/><F74/><W134/><G134/><T122/><D122/><U55/><E55/><V54/><F73/><W79/><G62/><T67/><D67/><RYUUKYOKU ba="0,1" sc="240,15,182,15,326,-15,242,-15" hai0="13,14,15,16,20,22,25,28,46,51,53,98,102" hai1="8,10,26,31,63,64,68,85,90,94,96,101,106" owari="255,6.0,197,-30.0,321,41.0,227,-17.0" /></mjloggm>