<mjloggm ver="2.3"><GO type="169" lobby="0"/><UN n0="%E9%AC%BC%E5%8F%A3%E3%81%BE%E3%81%93%E3%81%A8" n1="%41%6D%69%63%68%61%6E" n2="%E9%97%98%E5%A3%AB%E2%98%86%E6%B8%8B%E5%B7%9D%E8%80%81" n3="%E3%82%A6%E3%83%AB%E3%83%88%E3%83%A9%E7%AB%8B%E7%9B%B4" dan="16,16,18,17" rate="2079.38,2030.99,2161.46,2148.08" sx="M,M,M,M"/><TAIKYOKU oya="0"/><INIT seed="0,0,0,3,2,88" ten="250,250,250,250" oya="0" hai0="56,92,105,113,87,106,79,22,115,63,7,34,66" hai1="16,52,102,69,107,84,130,24,72,51,67,4,111" hai2="110,65,120,60,44,114,31,5,18,109,103,126,23" hai3="82,41,12,11,133,96,46,3,100,20,68,57,97"/><T15/><D34/><U118/><E72/><V128/><F120/><W73/><G68/><T14/><D79/><U74/><E74/><V1/><F114/><W94/><G133/><T80/><D80/><U104/><E4/><V89/><F103/><W75/><G3/><T127/><D127/><U33/><E118/><V70/><F128/><W6/><G82/><T90/><D115/><U30/><E130/><V116/><F126/><W134/><G134/><T28/><D113/><U124/><E124/><V50/><F31/><W39/><G20/><T125/><D125/><U25/><E102/><V53/><F116/><W71/><G71/><T122/><D122/><U13/><E25/><V21/><F5/><W91/><REACH who="3" step="1"/><G57/><REACH who="3" ten="250,250,250,240" step="2"/><T27/><D15/><U54/><E69/><V108/><F1/><W59/><G59/><T83/><D83/><U132/><E33/><V76/><F23/><W131/><G131/><T95/><D14/><U98/><E13/><N who="2" m="9423" /><F76/><W40/><G40/><T45/><D7/><U8/><E132/><V49/><F70/><W17/><G17/><T35/><D35/><U62/><E30/><V43/><F43/><W58/><G58/><T29/><D29/><U48/><E16/><V86/><F110/><W47/><G47/><T112/><D45/><U85/><E111/><V10/><F108/><W9/><G9/><T37/><D112/><U64/><E8/><V2/><F10/><W129/><G129/><T135/><D135/><U42/><E42/><V78/><F2/><W32/><G32/><T0/><D0/><U93/><E24/><V77/><F109/><RYUUKYOKU ba="0,1" sc="250,-10,250,-10,250,-10,240,30" hai3="6,11,12,39,41,46,73,75,91,94,96,97,100" /><INIT seed="1,1,1,2,2,38" ten="240,240,240,270" oya="1" hai0="65,57,108,125,107,56,7,66,77,106,112,79,134" hai1="84,115,122,99,105,58,123,118,64,119,97,8,102" hai2="80,12,67,0,16,94,89,96,124,121,75,127,85" hai3="130,117,87,33,40,47,10,44,78,135,133,126,100"/><U111/><E64/><V128/><F0/><W41/><G33/><T2/><D2/><U29/><E58/><V6/><F121/><N who="1" m="46089" /><E8/><V91/><F128/><W45/><G130/><T116/><D7/><U93/><E29/><V114/><F114/><W60/><G100/><T14/><D112/><U24/><E24/><V31/><F75/><W129/><G129/><T21/><D14/><U20/><E20/><V63/><F31/><W76/><G117/><N who="1" m="44554" /><E115/><V28/><F28/><W25/><G25/><T110/><D21/><U73/><E73/><V9/><REACH who="2" step="1"/><F6/><REACH who="2" ten="240,240,230,270" step="2"/><W82/><G10/><T90/><D116/><U81/><E111/><V39/><F39/><W50/><G126/><T1/><D125/><U98/><E105/><V72/><F72/><W43/><G60/><T46/><D1/><U59/><E59/><AGARI ba="1,2" hai="9,12,16,59,63,67,80,85,89,91,94,96,124,127" machi="59" ten="40,5200,0" yaku="1,1,54,1,53,1" doraHai="38" doraHaiUra="5" who="2" fromWho="1" sc="240,0,240,-55,230,75,270,0" /><INIT seed="2,0,0,0,0,135" ten="240,185,305,270" oya="2" hai0="1,84,128,124,101,91,21,99,73,53,20,83,44" hai1="81,60,78,109,49,36,42,118,40,71,30,13,113" hai2="72,103,31,16,14,7,77,23,115,76,25,114,122" hai3="41,119,88,26,67,98,45,47,93,97,12,69,85"/><V4/><F103/><W116/><G67/><T90/><D1/><U104/><E104/><V5/><F122/><W2/><G69/><T19/><D73/><U66/><E118/><V121/><F121/><W112/><G2/><T35/><D35/><U110/><E113/><V48/><F48/><W11/><G112/><N who="2" m="43049" /><F77/><W29/><G116/><T10/><D101/><U117/><E117/><V127/><F76/><W102/><G119/><T94/><D53/><U6/><E36/><V132/><F72/><W22/><G41/><T68/><D44/><U57/><E57/><V111/><F132/><W8/><G98/><T54/><D54/><U59/><E71/><V28/><F111/><N who="1" m="42505" /><E49/><V105/><F105/><W56/><G56/><T32/><D99/><U15/><E30/><N who="2" m="11307" /><F127/><W38/><G38/><T43/><D124/><U52/><E66/><V0/><F0/><W3/><G3/><T33/><D68/><U92/><E92/><V95/><F95/><W96/><G102/><T87/><D94/><U131/><E42/><V125/><F125/><W120/><G120/><T9/><D43/><U70/><E70/><V89/><F89/><W27/><G97/><T75/><D83/><U129/><E40/><V82/><F82/><W86/><G96/><T46/><D46/><U24/><E81/><V130/><F130/><N who="1" m="49673" /><E78/><V58/><F58/><W80/><G47/><T133/><D128/><U100/><E100/><V65/><F65/><W61/><G45/><T50/><D50/><U107/><E107/><V108/><F108/><W134/><G80/><T123/><D75/><U34/><E59/><RYUUKYOKU ba="0,0" sc="240,-10,185,-10,305,30,270,-10" hai2="4,5,7,14,16,23,25" /><INIT seed="2,1,0,0,2,129" ten="230,175,335,260" oya="2" hai0="134,5,81,101,55,58,35,50,31,7,63,108,103" hai1="69,25,79,111,110,45,128,133,48,6,113,85,92" hai2="41,24,36,32,33,106,16,107,73,74,42,67,60" hai3="117,75,19,21,43,47,88,71,122,82,2,76,34"/><V84/><F84/><W93/><G34/><T98/><D108/><N who="1" m="41515" /><E69/><V86/><F86/><W14/><G71/><T26/><D134/><U91/><E128/><V51/><F51/><W4/><G117/><T94/><D101/><U95/><E113/><V61/><F24/><W30/><G30/><T13/><D81/><N who="1" m="47295" /><E6/><V15/><F15/><W56/><G56/><T135/><D135/><U53/><E25/><V104/><F104/><W123/><G4/><T52/><REACH who="0" step="1"/><D13/><REACH who="0" ten="220,175,335,260" step="2"/><U116/><E116/><V38/><F107/><W65/><G2/><T40/><D40/><U114/><E114/><V27/><F106/><W105/><G105/><T127/><D127/><U99/><E95/><V66/><F27/><W121/><G121/><T87/><D87/><U9/><E9/><V22/><F41/><W115/><G115/><T57/><AGARI ba="1,1" hai="5,7,26,31,35,50,52,55,57,58,63,94,98,103" machi="57" ten="20,5200,0" yaku="1,1,0,1,7,1,54,1,53,0" doraHai="129" doraHaiUra="37" who="0" fromWho="0" sc="220,65,175,-14,335,-27,260,-14" /><INIT seed="3,0,0,0,2,17" ten="285,161,308,246" oya="3" hai0="86,5,83,59,56,109,131,92,34,9,20,52,96" hai1="105,99,98,121,113,126,134,39,19,32,37,115,48" hai2="67,50,63,78,100,133,70,135,127,90,26,60,54" hai3="16,125,0,111,18,75,7,124,10,68,33,38,130"/><W81/><G38/><T72/><D109/><U25/><E121/><V64/><F78/><W79/><G68/><T89/><D131/><U4/><E4/><V47/><F100/><W117/><G117/><T61/><D34/><U8/><E32/><V30/><F90/><W132/><G130/><T44/><D72/><U65/><E65/><V66/><F127/><N who="3" m="48715" /><G132/><N who="2" m="50761" /><F60/><W108/><G33/><AGARI ba="0,0" hai="26,30,33,47,50,54,63,64,66,67,70" m="50761" machi="33" ten="30,1000,0" yaku="20,1" doraHai="17" who="2" fromWho="3" sc="285,0,161,0,308,10,246,-10" /><INIT seed="4,0,0,2,3,72" ten="285,161,318,236" oya="0" hai0="128,41,37,66,81,61,42,71,117,77,18,36,16" hai1="40,63,124,9,7,103,64,3,95,28,32,19,70" hai2="47,24,43,58,22,131,108,112,118,129,84,114,56" hai3="46,30,79,25,98,51,121,109,6,76,29,69,85"/><T93/><D117/><U134/><E134/><V116/><F84/><W87/><G69/><T57/><D93/><U10/><E124/><V15/><F15/><W39/><G39/><T90/><D90/><U105/><E40/><V123/><F22/><N who="3" m="15543" /><G30/><T44/><D128/><N who="2" m="49226" /><F24/><W100/><G6/><T50/><D42/><U59/><E10/><V34/><F34/><W80/><G109/><T20/><D71/><U83/><E19/><V26/><F26/><W122/><G98/><T75/><D18/><U27/><E95/><V35/><F35/><W2/><G100/><T127/><D127/><U68/><E83/><V125/><F125/><W49/><G2/><T102/><D102/><U126/><E126/><V73/><F73/><W33/><G33/><T88/><D88/><U97/><AGARI ba="0,0" hai="3,7,9,27,28,32,59,63,64,68,70,97,103,105" machi="97" ten="30,1100,0" yaku="0,1" doraHai="72" who="1" fromWho="1" sc="285,-5,161,11,318,-3,236,-3" /><INIT seed="5,0,0,1,0,132" ten="280,172,315,233" oya="1" hai0="79,134,102,25,62,15,40,130,129,69,89,118,33" hai1="73,116,19,2,45,51,7,47,94,121,119,35,109" hai2="128,107,31,22,68,14,105,50,123,8,98,52,18" hai3="90,34,58,65,53,114,17,91,83,20,122,57,81"/><U72/><E121/><V56/><F68/><W21/><G34/><T28/><D79/><U11/><E35/><V6/><F123/><W39/><G39/><T10/><D40/><U70/><E70/><V125/><F125/><W5/><G5/><T4/><D89/><N who="3" m="33801" /><G114/><T112/><D112/><U135/><E135/><V71/><F71/><W117/><G117/><T104/><D134/><U87/><E109/><V44/><F128/><W66/><G122/><T111/><D111/><U85/><E47/><V115/><F31/><W120/><G120/><T1/><D15/><U60/><E60/><V95/><F44/><W96/><G96/><N who="0" m="61511" /><D118/><N who="1" m="45099" /><E19/><V36/><F36/><W76/><G76/><T59/><D59/><N who="3" m="22537" /><G53/><T103/><D103/><U124/><E73/><V101/><REACH who="2" step="1"/><F115/><REACH who="2" ten="280,172,305,233" step="2"/><W110/><G110/><T29/><D29/><U108/><E108/><V131/><F131/><W99/><G99/><T13/><D130/><U74/><E45/><V61/><F61/><W24/><G20/><T46/><D46/><U93/><E51/><V27/><AGARI ba="0,1" hai="6,8,14,18,22,27,50,52,56,95,98,101,105,107" machi="27" ten="20,8000,1" yaku="1,1,0,1,7,1,54,1,53,1" doraHai="132" doraHaiUra="97" who="2" fromWho="2" sc="280,-20,172,-40,305,90,233,-20" /><INIT seed="6,0,0,4,4,73" ten="260,132,395,213" oya="2" hai0="29,107,94,46,47,64,33,117,12,9,113,116,3" hai1="8,10,122,28,5,131,134,27,34,53,4,52,93" hai2="108,104,99,21,31,83,103,43,71,65,75,66,7" hai3="26,11,70,35,41,17,30,56,88,16,86,109,124"/><V87/><F71/><W102/><G70/><T89/><D107/><U120/><E134/><V129/><F43/><W130/><G109/><T77/><D3/><U40/><E40/><V61/><F7/><W36/><G124/><T67/><D77/><U81/><E81/><V114/><F114/><W110/><G110/><T60/><D29/><U79/><E93/><V23/><F129/><W101/><G130/><T13/><D13/><U22/><E131/><V39/><F39/><W97/><G56/><T85/><D33/><U82/><E34/><V19/><F75/><W59/><G59/><N who="0" m="36895" /><D67/><U58/><E10/><V111/><F31/><W24/><G24/><T98/><D85/><U20/><E20/><V91/><F66/><W92/><G11/><T106/><D106/><U57/><E57/><V132/><F23/><W135/><G135/><T38/><D38/><U100/><E100/><V44/><F132/><W125/><G125/><T45/><D113/><U25/><E25/><V15/><F65/><W18/><REACH who="3" step="1"/><G86/><REACH who="3" ten="260,132,395,203" step="2"/><T51/><D117/><U118/><E118/><V1/><F87/><W72/><G72/><T119/><D116/><U121/><E8/><V105/><F111/><W115/><G115/><T42/><D119/><U90/><E90/><V128/><F91/><W76/><G76/><T112/><D112/><U6/><E58/><V133/><F128/><W37/><G37/><T68/><D68/><U55/><E4/><AGARI ba="0,1" hai="4,9,12,42,45,46,47,51,89,94,98" m="36895" machi="4" ten="30,1000,0" yaku="8,1" doraHai="73" who="0" fromWho="1" sc="260,20,132,-10,395,0,203,0" /><INIT seed="7,0,0,2,5,10" ten="280,122,395,203" oya="3" hai0="16,127,74,33,123,129,104,46,30,38,107,23,116" hai1="43,42,128,45,121,12,13,54,14,83,57,109,122" hai2="73,22,18,133,11,85,8,99,95,91,28,75,5" hai3="80,37,88,36,103,40,102,31,50,35,98,100,15"/><W48/><G31/><T106/><D74/><U41/><E109/><V17/><F28/><W24/><G24/><T32/><D123/><U78/><E128/><V119/><F17/><W97/><G35/><T51/><D116/><U96/><E96/><N who="3" m="36970" /><G37/><T111/><D111/><U26/><E45/><V39/><F11/><W134/><G36/><T130/><D38/><U44/><E44/><V131/><F39/><W20/><G40/><N who="0" m="25031" /><D127/><U6/><E26/><V60/><F131/><N who="0" m="50186" /><D30/><U108/><E6/><V135/><F119/><W47/><G47/><T76/><D76/><U89/><E89/><V82/><F8/><W77/><G77/><T65/><D65/><U92/><E92/><V72/><F5/><W64/><G64/><T69/><D69/><U34/><E34/><V52/><F22/><W0/><G0/><T25/><AGARI ba="0,0" hai="16,23,25,32,33,104,106,107" m="50186,25031" machi="25" ten="40,2700,0" yaku="19,1,54,1" doraHai="10" who="0" fromWho="0" sc="280,27,122,-7,395,-7,203,-13" owari="307,11.0,115,-38.0,388,48.0,190,-21.0" /></mjloggm>