<mjloggm ver="2.3"><GO type="169" lobby="0"/><UN n0="%70%65%61%74%65%72" n1="%E7%89%8C%E5%BB%83%E4%BA%BA" n2="%E9%8A%80%E8%9E%8D%E6%A9%9F%E9%96%A2" n3="%E3%82%A6%E3%83%AB%E3%83%88%E3%83%A9%E7%AB%8B%E7%9B%B4" dan="16,16,16,16" rate="2143.12,2245.86,2102.20,2112.29" sx="M,M,M,M"/><TAIKYOKU oya="0"/><INIT seed="0,0,0,5,2,24" ten="250,250,250,250" oya="0" hai0="33,111,30,120,45,68,102,124,36,16,9,35,63" hai1="65,103,100,27,62,69,71,130,107,55,61,56,79" hai2="13,11,77,73,1,51,121,96,23,125,76,74,99" hai3="64,59,20,58,2,75,123,92,128,122,113,105,104"/><T70/><D120/><N who="3" m="46121" /><G113/><T38/><D124/><U112/><E112/><V0/><F121/><W3/><G75/><T34/><D102/><U135/><E135/><V22/><F51/><W15/><G92/><T117/><D117/><U86/><E130/><V57/><F57/><N who="3" m="21515" /><G64/><T95/><D95/><U67/><E107/><N who="3" m="41034" /><G128/><T81/><D63/><U119/><E119/><V106/><F106/><W109/><G109/><T98/><D111/><U28/><E55/><V42/><F42/><W85/><G85/><T46/><D70/><U78/><E56/><V43/><F43/><W84/><G84/><T32/><D68/><U47/><E47/><V80/><F13/><W87/><G87/><T10/><D46/><U40/><E40/><V110/><F110/><W25/><G15/><T60/><D45/><U88/><E103/><V12/><F12/><W37/><G37/><T90/><D38/><U31/><E100/><V72/><F72/><W52/><G52/><T126/><D36/><U132/><E132/><V116/><F116/><W21/><G25/><T39/><D39/><U44/><E44/><V101/><F101/><W94/><G94/><T6/><D60/><U49/><E49/><V26/><F26/><W108/><G108/><T19/><D81/><U118/><E118/><V91/><F80/><W97/><G97/><T29/><D98/><U50/><E50/><V134/><F99/><W41/><G41/><T7/><D90/><U5/><E88/><V54/><F91/><W17/><G17/><N who="0" m="6731" /><D126/><U127/><E127/><V48/><F125/><W133/><G133/><T114/><D114/><RYUUKYOKU ba="0,0" sc="250,-10,250,-10,250,-10,250,30" hai3="2,3,20,21" /><INIT seed="1,1,0,0,4,16" ten="240,240,240,280" oya="1" hai0="111,128,129,103,36,105,61,90,60,115,96,39,53" hai1="98,56,117,65,70,93,40,82,13,72,33,0,55" hai2="43,107,114,57,100,135,15,71,44,1,81,48,92" hai3="12,113,76,66,134,63,37,78,46,29,127,120,109"/><U26/><E117/><V79/><F71/><W9/><G120/><T52/><D115/><U19/><E0/><V89/><F1/><W123/><G113/><T10/><D111/><U49/><E40/><V74/><F74/><W132/><BYE who="2" /><G123/><T51/><D10/><U11/><E70/><V23/><F23/><W110/><G29/><T126/><D126/><UN n2="%E9%8A%80%E8%9E%8D%E6%A9%9F%E9%96%A2" /><U47/><E72/><V94/><F94/><W54/><BYE who="2" /><G127/><T58/><D90/><U7/><E82/><V85/><F85/><W27/><G27/><UN n2="%E9%8A%80%E8%9E%8D%E6%A9%9F%E9%96%A2" /><T91/><D91/><U119/><E119/><V59/><F135/><N who="3" m="51755" /><G78/><T67/><D61/><N who="1" m="38055" /><E33/><V62/><F62/><W87/><BYE who="2" /><G87/><T84/><D84/><U101/><E26/><V64/><F64/><W22/><G76/><T31/><D31/><U5/><AGARI ba="1,0" hai="5,7,11,13,19,47,49,55,93,98,101" m="38055" machi="5" ten="30,1500,0" yaku="8,1" doraHai="16" who="1" fromWho="1" sc="240,-6,240,18,240,-6,280,-6" /><INIT seed="1,2,0,4,2,33" ten="234,258,234,274" oya="1" hai0="119,47,105,96,0,44,103,22,24,132,54,74,20" hai1="45,30,57,102,3,9,4,81,111,55,82,63,97" hai2="86,106,42,13,25,113,124,128,77,121,68,26,23" hai3="129,89,117,29,61,65,114,17,115,19,101,94,43"/><U134/><E134/><V2/><F2/><W5/><G129/><UN n2="%E9%8A%80%E8%9E%8D%E6%A9%9F%E9%96%A2" /><T46/><D119/><U109/><E30/><V131/><F121/><W73/><G73/><T38/><D132/><U123/><E45/><V21/><F106/><W18/><G117/><T130/><D130/><N who="2" m="49706" /><F68/><W84/><G43/><T87/><D74/><U60/><E123/><V72/><F72/><W31/><G101/><T108/><D108/><N who="1" m="41547" /><E63/><V1/><F1/><W80/><G94/><AGARI ba="2,0" hai="3,4,9,55,57,60,81,82,94,97,102" m="41547" machi="94" ten="30,5800,0" yaku="14,1,10,1,52,1" doraHai="33" who="1" fromWho="3" sc="234,0,258,64,234,0,274,-64" /><INIT seed="1,3,0,3,0,55" ten="234,322,234,210" oya="1" hai0="59,85,6,96,0,11,74,25,107,22,124,106,47" hai1="101,92,103,110,48,111,38,81,43,77,86,19,10" hai2="73,18,99,56,52,39,108,66,29,53,82,70,69" hai3="54,37,100,117,78,90,113,49,105,98,112,116,58"/><U16/><E38/><V84/><F73/><W72/><G37/><T3/><D74/><U30/><E30/><V23/><F39/><W34/><G34/><T95/><D124/><U76/><E76/><V2/><F2/><W40/><G40/><T123/><D0/><U134/><E134/><V51/><F108/><N who="1" m="41513" /><E10/><V15/><F66/><W32/><G32/><T131/><D131/><U45/><E92/><V31/><F99/><W68/><G68/><T65/><D85/><U60/><E60/><N who="2" m="35855" /><F69/><W42/><G42/><T67/><D67/><U24/><E24/><V61/><F61/><W21/><G21/><T94/><D94/><U125/><E125/><V26/><F26/><W9/><G9/><T64/><D64/><U88/><E77/><N who="2" m="46159" /><F70/><W97/><G78/><T62/><D123/><U121/><E121/><V104/><F104/><W114/><G72/><T12/><D3/><U35/><E35/><V4/><F4/><W128/><G128/><T135/><D135/><U102/><AGARI ba="3,0" hai="16,19,43,45,48,81,86,88,101,102,103" m="41513" machi="102" ten="30,11700,0" yaku="14,1,10,1,54,2" doraHai="55" who="1" fromWho="1" sc="234,-42,322,126,234,-42,210,-42" /><INIT seed="1,4,0,3,1,51" ten="192,448,192,168" oya="1" hai0="119,38,89,101,67,108,47,130,79,93,49,4,42" hai1="28,122,17,65,69,55,31,41,129,57,106,135,72" hai2="43,118,78,37,102,60,11,40,59,5,56,48,64" hai3="0,126,107,44,34,6,98,74,81,15,90,110,99"/><U29/><E122/><V35/><F118/><W76/><G126/><T86/><D119/><U132/><E106/><V71/><F35/><W52/><G0/><T117/><D117/><U83/><E41/><V77/><F102/><W91/><G34/><T97/><D108/><U45/><E45/><N who="2" m="23695" /><F43/><W134/><G110/><T22/><D130/><U131/><E65/><V88/><F59/><W24/><G24/><T121/><D121/><U54/><E69/><V133/><F133/><N who="1" m="51273" /><E57/><V12/><F88/><N who="3" m="33835" /><G74/><T8/><D22/><U66/><E66/><V32/><F32/><W92/><G107/><T127/><D127/><U115/><E115/><V105/><F105/><W30/><G134/><T27/><D27/><U123/><E123/><V94/><F94/><W80/><G30/><T125/><D125/><U62/><E62/><V109/><F109/><W21/><G76/><T1/><D79/><N who="1" m="44519" /><E17/><V112/><F112/><W18/><G6/><T50/><REACH who="0" step="1"/><D67/><REACH who="0" ten="182,448,192,168" step="2"/><U2/><E2/><V13/><F13/><W95/><G81/><AGARI ba="4,1" hai="1,4,8,38,42,47,49,50,81,86,89,93,97,101" machi="81" ten="30,7700,0" yaku="1,1,2,1,7,1,53,1" doraHai="51" doraHaiUra="39" who="0" fromWho="3" sc="182,99,448,0,192,0,168,-89" /><INIT seed="2,0,0,0,1,66" ten="281,448,192,79" oya="2" hai0="9,91,72,27,120,60,38,70,89,81,99,30,63" hai1="102,90,25,69,85,87,20,100,132,80,115,96,126" hai2="78,24,36,114,106,73,55,43,44,128,1,40,93" hai3="11,103,92,56,124,117,37,54,59,97,125,129,71"/><V84/><F106/><W79/><G37/><T68/><D38/><U58/><E115/><V101/><F73/><W127/><G117/><T14/><D120/><U53/><E132/><V26/><F1/><W8/><G79/><T7/><D72/><U119/><E119/><V95/><F128/><W65/><G129/><T131/><D131/><U45/><E126/><V41/><F36/><W62/><REACH who="3" step="1"/><G59/><REACH who="3" ten="281,448,192,69" step="2"/><T133/><D133/><U39/><E39/><V18/><F78/><W77/><G77/><T134/><D134/><U121/><E58/><V110/><F114/><W50/><AGARI ba="0,1" hai="8,11,50,54,56,62,65,71,92,97,103,124,125,127" machi="50" ten="30,7900,0" yaku="1,1,0,1,18,1,52,1,53,0" doraHai="66" doraHaiUra="21" who="3" fromWho="3" sc="281,-20,448,-20,192,-39,69,89" /><INIT seed="3,0,0,2,0,61" ten="261,428,153,158" oya="3" hai0="12,62,120,53,4,135,25,86,70,132,128,101,67" hai1="16,3,27,52,48,69,111,98,95,102,1,96,28" hai2="89,40,75,88,131,38,122,39,87,90,56,116,57" hai3="83,35,30,108,51,36,99,127,81,54,82,113,46"/><W26/><G113/><T92/><D120/><U17/><E69/><V64/><F75/><W78/><G127/><T119/><D119/><U110/><E98/><V94/><F116/><W41/><G108/><N who="1" m="41514" /><E3/><V74/><F74/><W104/><G104/><T21/><D53/><U129/><E1/><V60/><F122/><W10/><G10/><T134/><D128/><U100/><E102/><V91/><F131/><W9/><G9/><N who="0" m="4135" /><D86/><U44/><E129/><V34/><F34/><AGARI ba="0,0" hai="16,17,27,28,34,44,48,52,95,96,100" m="41514" machi="34" ten="30,3900,0" yaku="14,1,54,2" doraHai="61" who="1" fromWho="2" sc="261,0,428,39,153,-39,158,0" /><INIT seed="4,0,0,1,2,97" ten="261,467,114,158" oya="0" hai0="19,76,104,48,4,39,58,69,86,21,50,96,94" hai1="7,28,92,125,74,72,9,73,25,5,121,2,123" hai2="53,45,31,12,62,68,13,65,35,119,52,82,99" hai3="75,106,11,85,103,49,110,40,32,1,130,16,63"/><T83/><D69/><U109/><E109/><V101/><F119/><W27/><G75/><T37/><D104/><U20/><E125/><V77/><F45/><N who="3" m="25767" /><G106/><T122/><D122/><U117/><E117/><V78/><F12/><N who="3" m="7199" /><G32/><T17/><D4/><U71/><E71/><V98/><F13/><W0/><G0/><T60/><D39/><U105/><E105/><N who="2" m="63671" /><F99/><W14/><G1/><T112/><D112/><U131/><E7/><V132/><F132/><W56/><G130/><T70/><D70/><U59/><E92/><V41/><F41/><W128/><G128/><T114/><D37/><U3/><E3/><V8/><F8/><W129/><G129/><T87/><D87/><U95/><E95/><V44/><F44/><W15/><G27/><N who="0" m="14767" /><D19/><U36/><E36/><V23/><F23/><W55/><G110/><T91/><D114/><U29/><E131/><V115/><F115/><W100/><G85/><T10/><D10/><U90/><E123/><V118/><F118/><W67/><G67/><AGARI ba="0,0" hai="48,50,58,60,67,76,83,86,91,94,96" m="14767" machi="67" ten="30,1500,0" yaku="8,1" doraHai="97" who="0" fromWho="3" sc="261,15,467,0,114,0,158,-15" /><INIT seed="4,1,0,2,1,42" ten="276,467,114,143" oya="0" hai0="123,105,110,4,134,1,74,91,125,93,103,128,43" hai1="20,51,2,104,83,3,55,19,106,111,36,97,99" hai2="118,57,75,22,133,37,46,32,87,109,27,13,90" hai3="127,135,30,80,78,34,47,10,119,26,132,71,76"/><T77/><D123/><U61/><E111/><V63/><F75/><W54/><G71/><T25/><D110/><U84/><E36/><V39/><F133/><N who="3" m="51275" /><G119/><T21/><D128/><U129/><E61/><V120/><F120/><W7/><G127/><T12/><D43/><U24/><E129/><V0/><F0/><N who="3" m="359" /><G80/><T17/><D125/><U15/><E3/><V50/><F118/><W14/><G14/><T11/><D105/><U94/><E2/><V48/><F13/><W100/><G100/><T107/><D107/><U9/><E106/><V23/><F32/><W81/><G81/><T53/><D103/><U29/><E94/><V28/><F22/><W114/><G114/><T124/><D124/><U113/><E113/><V44/><F37/><W70/><G70/><T72/><D77/><N who="1" m="46191" /><E104/><V64/><F39/><W66/><G66/><T131/><D131/><U115/><E115/><V16/><F28/><W82/><G82/><T88/><D91/><U102/><E102/><V8/><F8/><W58/><G47/><AGARI ba="1,0" hai="9,15,19,20,24,29,47,51,55,97,99" m="46191" machi="47" ten="30,2000,0" yaku="8,1,52,1" doraHai="42" who="1" fromWho="3" sc="276,0,467,23,114,0,143,-23" /><INIT seed="5,0,0,0,4,0" ten="276,490,114,120" oya="1" hai0="4,30,19,117,126,8,16,132,74,113,90,57,7" hai1="44,23,118,48,62,68,81,9,120,103,18,42,87" hai2="129,102,49,130,46,40,6,28,97,14,112,106,128" hai3="1,35,123,131,11,24,13,20,56,82,51,133,5"/><U107/><E120/><V50/><F28/><W32/><G123/><T69/><D69/><U127/><E118/><V36/><REACH who="2" step="1"/><F112/><REACH who="2" ten="276,490,104,120" step="2"/><W99/><G131/><T134/><D30/><U93/><E127/><V73/><F73/><W104/><G133/><T65/><D74/><U135/><E135/><V85/><F85/><W75/><G35/><T3/><D113/><U58/><E87/><V60/><F60/><W26/><G32/><T89/><D126/><U55/><E62/><V110/><F110/><W84/><G75/><T86/><D86/><U101/><E68/><V109/><F109/><W34/><G34/><T105/><D134/><U52/><E107/><V95/><F95/><W119/><G104/><T98/><D105/><U100/><E93/><V38/><F38/><W121/><G121/><T43/><D132/><U111/><E111/><V53/><F53/><N who="3" m="31807" /><G119/><T54/><D54/><U61/><E55/><V12/><F12/><W22/><G99/><T83/><D98/><U70/><E70/><V94/><F94/><W41/><G84/><T25/><D117/><U92/><E92/><V39/><F39/><W108/><G108/><T96/><D96/><U15/><E81/><V47/><F47/><W67/><G82/><T80/><D80/><U27/><E101/><V37/><F37/><W116/><G116/><T33/><D83/><U76/><E76/><V71/><F71/><W114/><G114/><T79/><D79/><U77/><E77/><V59/><F59/><W31/><G13/><T115/><D115/><U17/><AGARI ba="0,1" hai="9,15,17,18,23,27,42,44,48,52,58,61,100,103" machi="17" ten="20,7800,0" yaku="0,1,7,1,8,1,54,1" doraHai="0" who="1" fromWho="1" sc="276,-26,490,88,104,-26,120,-26" /><INIT seed="5,1,0,4,2,101" ten="250,578,78,94" oya="1" hai0="18,77,126,6,41,80,59,3,89,42,88,26,128" hai1="98,43,49,15,40,67,37,99,131,106,81,28,69" hai2="132,56,83,48,78,120,1,86,36,20,119,45,63" hai3="50,33,25,53,58,29,22,103,47,91,64,122,102"/><U24/><E37/><V111/><F36/><W5/><G122/><T65/><D128/><U23/><E106/><V100/><F111/><W52/><G64/><T60/><D126/><U105/><E105/><V109/><F109/><W4/><G33/><T8/><D41/><U13/><E69/><V70/><F70/><W90/><G103/><T123/><D42/><U32/><E67/><V7/><F120/><W62/><G102/><T55/><D123/><U31/><E81/><V11/><F119/><W114/><G114/><T117/><D117/><U107/><E107/><V54/><F100/><W0/><G0/><T124/><D124/><U84/><E84/><V30/><F132/><W110/><G110/><T39/><D39/><U133/><E32/><V87/><F20/><W75/><G75/><T82/><D82/><U9/><E49/><V127/><F30/><W129/><G129/><T38/><D38/><U46/><E46/><V130/><F130/><W134/><G134/><T112/><D112/><U21/><E131/><V68/><F68/><W10/><G10/><T19/><D65/><U92/><E9/><V85/><REACH who="2" step="1"/><F127/><REACH who="2" ten="250,578,68,94" step="2"/><W96/><G90/><T34/><D89/><U118/><E133/><V14/><F14/><W79/><G79/><T66/><D88/><U76/><E76/><V116/><F116/><W57/><G91/><T12/><D12/><U2/><E118/><V27/><F27/><W113/><G96/><T94/><D77/><U108/><E108/><V51/><F51/><N who="3" m="30879" /><G113/><T121/><D121/><U115/><E115/><V71/><F71/><W125/><G125/><RYUUKYOKU ba="1,1" sc="250,-15,578,-15,68,15,94,15" hai2="1,7,11,45,48,54,56,63,78,83,85,86,87" hai3="4,5,22,25,29,47,50,53,58,62" /><INIT seed="6,2,1,1,2,117" ten="235,563,83,109" oya="2" hai0="23,1,106,103,10,55,30,81,131,53,50,83,65" hai1="116,32,17,0,33,84,26,29,51,49,91,101,15" hai2="107,93,47,5,89,82,35,122,79,27,64,21,104" hai3="110,77,97,86,25,102,96,24,28,63,124,18,109"/><V7/><F35/><W126/><G18/><T37/><D37/><U128/><E116/><V20/><F64/><W76/><G63/><T31/><D65/><U14/><E33/><V62/><F62/><W129/><G86/><T132/><D55/><U68/><E68/><V120/><F47/><W85/><G85/><T135/><D131/><U19/><E0/><V44/><F44/><W16/><G129/><T100/><D1/><U121/><E101/><N who="0" m="38985" /><D106/><U127/><E128/><V45/><F45/><W38/><G38/><T112/><D112/><U3/><E3/><V114/><F114/><W39/><G39/><T61/><D61/><U113/><E113/><V11/><F104/><W13/><G102/><T115/><D10/><U66/><E66/><V90/><F107/><W119/><G119/><T108/><D108/><U6/><E6/><V73/><F5/><W4/><G4/><T123/><D115/><U111/><E111/><V87/><F90/><W43/><G43/><T52/><D53/><U48/><E48/><V67/><F67/><W42/><G42/><T41/><D41/><U36/><E36/><V56/><F56/><W99/><G109/><T74/><D52/><U88/><E32/><V95/><F95/><W60/><G110/><T22/><D50/><U40/><E40/><V46/><F46/><W71/><G71/><T58/><D58/><U12/><E51/><V72/><F72/><W70/><G70/><T130/><D74/><U125/><E49/><V78/><F78/><N who="3" m="30315" /><G60/><T105/><D130/><U75/><E75/><V54/><F54/><W92/><G92/><RYUUKYOKU ba="2,1" sc="235,0,563,0,83,0,109,0" /><INIT seed="7,3,1,5,5,80" ten="235,563,83,109" oya="3" hai0="115,55,69,62,95,65,64,42,112,118,71,26,12" hai1="44,113,0,58,73,14,28,76,107,82,117,57,75" hai2="4,34,127,46,20,22,5,50,24,56,116,131,23" hai3="9,78,84,86,128,36,67,49,53,15,51,114,105"/><W121/><G105/><T45/><D118/><U17/><E0/><V72/><F116/><W31/><G36/><N who="0" m="21703" /><D26/><U66/><E107/><V32/><F72/><W133/><G114/><N who="0" m="43563" /><D12/><U63/><E113/><V85/><F131/><W132/><G128/><T122/><D122/><U135/><E117/><V11/><F127/><W124/><G67/><N who="0" m="25675" /><D95/><U125/><E125/><V52/><F24/><W70/><G124/><T74/><D74/><U96/><E75/><V110/><F110/><W8/><G15/><T81/><D81/><U123/><E123/><V6/><F11/><W109/><G9/><T59/><AGARI ba="3,1" hai="55,59,62,69,71" m="25675,43563,21703" machi="59" ten="30,7900,0" yaku="15,1,11,1,34,2" doraHai="80" who="0" fromWho="0" sc="235,98,563,-23,83,-23,109,-42" owari="333,13.0,540,64.0,60,-44.0,67,-33.0" /></mjloggm>