<mjloggm ver="2.3"><GO type="97" lobby="0"/><UN n0="%E3%82%A8%E3%82%A4%E3%83%92%E3%83%AC" n1="%E9%80%86%E7%80%AC%E5%B7%9D" n2="%73%65%69%74%79%6F%72%6F" n3="%E5%B0%B1%E6%B4%BB%E7%94%9F%40%E5%B7%9D%E6%9D%91%E8%BB%8D%E5%9B%A3" dan="16,14,14,14" rate="2035.32,1856.19,1926.86,1979.52" sx="M,F,M,M"/><TAIKYOKU oya="0"/><INIT seed="0,0,0,4,0,18" ten="250,250,250,250" oya="0" hai0="110,57,93,62,52,106,80,17,11,67,79,72,124" hai1="117,4,8,64,77,97,23,122,24,32,6,60,22" hai2="112,21,107,46,133,10,9,28,12,120,7,125,38" hai3="91,31,101,13,132,34,59,84,100,103,45,99,36"/><T78/><D106/><U113/><E122/><V16/><F107/><W126/><G132/><T89/><D124/><U30/><E117/><V76/><F76/><W53/><G126/><T111/><D78/><U15/><E113/><V74/><F74/><W128/><G128/><T49/><D11/><U65/><E77/><V39/><F125/><W5/><G34/><T58/><REACH who="0" step="1"/><D17/><REACH who="0" ten="240,250,250,250" step="2"/><U109/><E109/><V81/><F120/><W75/><G75/><T14/><D14/><U26/><E4/><V54/><F112/><W121/><G121/><T115/><D115/><U55/><E97/><AGARI ba="0,1" hai="49,52,57,58,62,67,72,79,80,89,93,97,110,111" machi="97" ten="40,3900,0" yaku="1,1,54,1,53,0" doraHai="18" doraHaiUra="70" who="0" fromWho="1" sc="240,49,250,-39,250,0,250,0" /><INIT seed="0,1,0,2,1,115" ten="289,211,250,250" oya="0" hai0="121,29,107,51,6,37,86,27,71,109,105,33,53" hai1="90,41,116,10,8,108,87,3,99,101,11,96,45" hai2="48,94,26,17,89,19,111,123,102,12,113,132,74" hai3="22,28,126,0,56,76,98,42,4,85,50,47,80"/><T13/><D121/><U84/><E108/><V20/><F74/><W21/><G126/><T130/><D109/><U110/><E3/><V16/><F111/><W125/><G125/><T62/><D37/><U24/><E110/><V88/><F123/><W55/><G28/><T69/><D130/><U122/><E122/><V64/><F113/><W31/><G31/><T9/><D71/><U97/><E24/><V38/><F38/><W34/><G34/><T7/><D7/><U78/><E101/><V75/><F75/><W36/><G0/><T93/><D62/><U104/><E104/><V129/><F64/><W61/><G4/><T59/><D69/><U79/><E116/><V60/><F60/><W35/><G35/><T58/><D58/><U30/><E30/><N who="2" m="17735" /><F129/><W15/><G15/><T112/><D112/><U81/><REACH who="1" step="1"/><E84/><REACH who="1" ten="289,201,250,250" step="2"/><V118/><F132/><W106/><G106/><T46/><D86/><U49/><AGARI ba="1,1" hai="8,10,11,41,45,49,78,79,81,87,90,96,97,99" machi="49" ten="30,7900,0" yaku="1,1,2,1,0,1,8,1,53,0" doraHai="115" doraHaiUra="127" who="1" fromWho="1" sc="289,-40,201,92,250,-21,250,-21" /><INIT seed="1,0,0,3,4,0" ten="249,293,229,229" oya="1" hai0="80,25,94,81,110,97,38,132,44,90,28,85,134" hai1="58,9,114,75,16,84,87,98,21,74,42,105,11" hai2="29,121,54,72,102,78,35,51,127,8,13,64,53" hai3="116,100,117,68,115,83,43,48,12,103,70,67,89"/><U31/><E114/><V50/><F72/><W65/><G115/><T26/><D110/><U23/><E75/><V135/><F121/><W60/><G12/><T46/><D80/><U108/><E74/><V104/><F64/><N who="3" m="24651" /><G60/><T55/><D25/><N who="1" m="16815" /><E42/><V3/><F102/><N who="3" m="38955" /><G89/><T119/><D38/><U99/><E105/><V2/><F104/><W14/><G14/><T101/><D55/><U61/><E108/><V125/><F78/><W92/><G92/><T63/><D63/><U130/><E130/><V91/><F91/><W79/><G83/><T120/><D120/><U123/><E58/><V95/><F95/><W1/><G79/><T20/><D119/><N who="3" m="45641" /><G1/><T88/><REACH who="0" step="1"/><D101/><REACH who="0" ten="239,293,229,229" step="2"/><U18/><E61/><V109/><F109/><W15/><G15/><T17/><D17/><N who="1" m="6763" /><E123/><V36/><F13/><W34/><G34/><T47/><AGARI ba="0,1" hai="20,26,28,44,46,47,81,85,88,90,94,97,132,134" machi="47" ten="30,4000,0" yaku="1,1,0,1,54,1,53,0" doraHai="0" doraHaiUra="5" who="0" fromWho="0" sc="239,50,293,-20,229,-10,229,-10" /><INIT seed="2,0,0,3,0,15" ten="289,273,219,219" oya="2" hai0="76,121,68,67,73,100,6,71,98,89,46,105,82" hai1="124,93,111,21,44,52,26,7,131,31,91,41,62" hai2="64,104,126,29,27,28,8,86,42,36,33,72,83" hai3="66,135,109,87,23,0,24,55,78,132,88,56,122"/><V101/><F72/><W110/><G122/><T17/><D121/><U113/><E111/><N who="3" m="42506" /><G0/><T134/><D134/><N who="3" m="51241" /><G78/><T18/><D6/><U116/><E113/><V118/><F118/><W123/><G123/><T75/><D75/><U102/><E131/><V43/><F126/><W50/><G66/><T74/><D74/><U128/><E128/><V85/><F29/><W32/><G32/><T65/><D65/><U54/><E124/><V80/><F36/><W19/><G87/><T3/><D3/><U16/><E7/><V115/><F115/><W63/><G88/><T108/><D108/><U70/><E70/><V130/><F130/><W97/><G97/><T94/><D46/><U114/><E114/><V51/><F64/><W60/><AGARI ba="0,0" hai="19,23,24,50,55,56,60,63" m="51241,42506" machi="60" ten="40,5200,0" yaku="14,1,20,1,52,1" doraHai="15" who="3" fromWho="3" sc="289,-13,273,-13,219,-26,219,52" /><INIT seed="3,0,0,1,3,94" ten="276,260,193,271" oya="3" hai0="3,36,130,39,76,110,103,78,128,106,85,52,91" hai1="28,93,135,134,116,59,67,123,49,79,102,113,69" hai2="74,101,53,60,6,82,121,131,8,65,55,46,1" hai3="15,56,12,115,122,98,125,73,126,77,42,18,129"/><W108/><G122/><T26/><D3/><U90/><E116/><V86/><F121/><W111/><G115/><T127/><D110/><N who="3" m="42025" /><G42/><T14/><D127/><N who="3" m="48649" /><G129/><N who="0" m="49771" /><D26/><U23/><E79/><N who="0" m="30249" /><D14/><U104/><E69/><V34/><F131/><W105/><G77/><T80/><D52/><U119/><E23/><V100/><F34/><W58/><G73/><T24/><D24/><U31/><E59/><N who="3" m="22570" /><G18/><T19/><D19/><U43/><E43/><V44/><F74/><W114/><G114/><T61/><D61/><U97/><E119/><V68/><F55/><W4/><G4/><T47/><D47/><U25/><E113/><V132/><F132/><W9/><G9/><T107/><D39/><U89/><E123/><V72/><F72/><W96/><G105/><N who="0" m="39947" /><D36/><U27/><E135/><V45/><REACH who="2" step="1"/><F53/><REACH who="2" ten="276,260,183,271" step="2"/><W51/><G51/><T87/><D103/><U117/><E102/><V40/><F40/><W20/><G20/><T112/><D112/><U22/><E49/><V95/><F95/><W32/><G32/><T66/><D66/><U11/><E67/><V54/><F54/><W35/><G35/><T30/><D80/><U7/><E22/><V120/><F120/><W37/><G37/><T5/><D30/><U38/><E31/><V71/><F71/><W0/><G0/><T29/><D29/><U48/><E28/><V124/><F124/><W81/><G81/><T63/><D63/><U133/><E134/><V109/><F109/><W118/><G118/><T83/><D83/><U99/><E133/><V33/><F33/><W62/><G62/><T92/><D5/><U10/><E117/><RYUUKYOKU ba="0,1" sc="276,10,260,-30,183,10,271,10" hai0="85,87,91,92" hai2="1,6,8,44,45,46,60,65,68,82,86,100,101" hai3="12,15,96,98" /><INIT seed="3,1,1,1,3,9" ten="286,230,193,281" oya="3" hai0="130,53,95,47,31,91,120,76,12,3,4,74,117" hai1="123,65,17,82,72,14,89,92,104,20,99,125,16" hai2="81,93,55,86,78,106,67,131,57,80,2,0,62" hai3="48,135,102,88,51,5,100,7,127,124,84,40,126"/><W119/><G119/><T114/><D117/><U52/><E125/><V34/><F106/><W45/><G51/><N who="0" m="28927" /><D3/><U25/><E123/><V13/><F34/><W44/><G44/><T116/><D74/><U24/><E104/><V109/><F131/><W63/><G63/><T129/><D116/><U101/><E65/><V61/><F109/><W28/><G28/><T58/><D120/><U105/><E72/><V19/><F93/><N who="3" m="54407" /><G135/><T110/><D110/><U10/><E82/><V30/><F30/><W83/><G83/><T59/><D76/><U75/><E75/><V97/><F81/><W128/><G128/><N who="0" m="49259" /><D114/><U49/><E105/><V87/><F87/><W69/><G69/><T68/><D68/><U8/><E101/><AGARI ba="1,1" hai="5,7,40,45,48,100,101,102,124,126,127" m="54407" machi="101" ten="30,2900,0" yaku="18,1,54,1" doraHai="9" who="3" fromWho="1" sc="286,0,230,-32,193,0,281,42" owari="286,9.0,198,-20.0,193,-31.0,323,42.0" /></mjloggm>