<mjloggm ver="2.3"><GO type="97" lobby="0"/><UN n0="%69%77%61%6E%6B%6F%66%75" n1="%E5%B0%B1%E6%B4%BB%E7%94%9F%40%E5%B7%9D%E6%9D%91%E8%BB%8D%E5%9B%A3" n2="%28%E3%80%82%E3%83%BB%CF%89%E3%83%BB%E3%80%82%29" n3="%52%52%4F%4F%41%41%52%52" dan="14,15,15,13" rate="1903.67,2075.20,1954.21,1906.61" sx="M,M,M,M"/><TAIKYOKU oya="0"/><INIT seed="0,0,0,0,3,77" ten="250,250,250,250" oya="0" hai0="29,3,116,129,61,34,130,113,115,66,1,10,71" hai1="24,16,63,96,35,72,91,132,88,0,69,21,68" hai2="44,60,38,49,86,82,73,119,128,110,53,94,100" hai3="7,67,51,26,36,121,89,90,117,23,85,43,84"/><T102/><D116/><U5/><E72/><V11/><F119/><W33/><G117/><T135/><D135/><U6/><E132/><V18/><F73/><W109/><G33/><T107/><D10/><U56/><E35/><V83/><F38/><W54/><G67/><T76/><D76/><U131/><E131/><N who="0" m="50185" /><D29/><U45/><E69/><V95/><F128/><W9/><G121/><T108/><D34/><U40/><E68/><V20/><F110/><W57/><G109/><T114/><D108/><U80/><E0/><V93/><F11/><W28/><G36/><T4/><D4/><U41/><E91/><N who="3" m="34826" /><G43/><N who="1" m="16458" /><E45/><V30/><F30/><W112/><G112/><T25/><D25/><U8/><E8/><V122/><F122/><W31/><G28/><T59/><D59/><U98/><E98/><AGARI ba="0,0" hai="1,3,61,66,71,98,102,107,113,114,115" m="50185" machi="98" ten="40,3900,0" yaku="19,1,23,1" doraHai="77" who="0" fromWho="1" sc="250,39,250,-39,250,0,250,0" /><INIT seed="0,1,0,1,5,58" ten="289,211,250,250" oya="0" hai0="132,5,119,24,125,133,9,8,113,39,120,17,27" hai1="122,99,11,35,112,127,69,121,124,70,116,4,22" hai2="16,44,19,68,51,41,55,37,38,64,50,92,26" hai3="135,73,84,89,93,1,32,87,28,82,6,29,23"/><T114/><D39/><U90/><E116/><V49/><F92/><W103/><G135/><N who="0" m="51787" /><D119/><U45/><E35/><V52/><F26/><N who="0" m="9770" /><D120/><U61/><E22/><V108/><F19/><W30/><G32/><T134/><D134/><U43/><E112/><N who="0" m="43113" /><D125/><N who="1" m="48203" /><E90/><V131/><F16/><W46/><G89/><T95/><D95/><U10/><E99/><V91/><F91/><W101/><G93/><T80/><D80/><U21/><E21/><V18/><F18/><W123/><G82/><T67/><D67/><N who="1" m="41199" /><E70/><V60/><F37/><W96/><G123/><N who="1" m="47114" /><E4/><V12/><F12/><W129/><G6/><T117/><D117/><U115/><E115/><V34/><F34/><W63/><G23/><T77/><D77/><U0/><E0/><V100/><F100/><W79/><G103/><T104/><D104/><U54/><E54/><N who="2" m="20523" /><F131/><W48/><G101/><T65/><D65/><U85/><E85/><V97/><F97/><W76/><G87/><T72/><D72/><U33/><E33/><V75/><F75/><W31/><G84/><T2/><D17/><U81/><E81/><V20/><F20/><W36/><G73/><T15/><D8/><U106/><E106/><V66/><F66/><W42/><G96/><T109/><D15/><U86/><E86/><V62/><F62/><W3/><G63/><T40/><D40/><U94/><E94/><V71/><F71/><W59/><G42/><T107/><D107/><U78/><E78/><V56/><F68/><W105/><G79/><T126/><D126/><U13/><E13/><V102/><F102/><W128/><N who="3" m="7680" /><DORA hai="57" /><W98/><G76/><RYUUKYOKU ba="1,0" sc="289,10,211,10,250,10,250,-30" hai0="2,5,9,109" hai1="10,11,43,45" hai2="38,41,44,49,50,51,56,60,64,108" /><INIT seed="0,2,0,2,0,99" ten="299,221,260,220" oya="0" hai0="106,92,78,72,107,40,110,85,30,84,63,130,5" hai1="124,90,17,16,14,21,75,1,114,54,73,26,53" hai2="43,28,111,109,9,23,115,79,81,4,131,22,112" hai3="87,20,34,51,97,36,18,128,55,118,56,100,119"/><T19/><D5/><U57/><E1/><N who="2" m="143" /><F43/><W102/><G36/><T71/><D30/><U88/><E114/><N who="2" m="43563" /><F28/><W67/><G34/><T38/><D72/><U6/><E124/><V105/><F105/><W59/><G128/><T11/><D78/><U127/><E127/><V62/><F62/><N who="3" m="38343" /><G118/><T113/><D63/><N who="1" m="36271" /><E73/><N who="2" m="43247" /><F131/><W33/><G33/><T133/><D71/><U116/><E75/><V80/><F80/><W135/><G119/><T101/><D107/><U108/><E108/><AGARI ba="2,0" hai="22,23,108,109,111" m="43247,43563,143" machi="108" ten="30,1000,0" yaku="14,1" doraHai="99" who="2" fromWho="1" sc="299,0,221,-16,260,16,220,0" /><INIT seed="1,0,0,4,0,98" ten="299,205,276,220" oya="1" hai0="115,58,8,39,122,93,99,92,81,123,29,2,28" hai1="34,127,36,15,21,126,43,1,20,130,87,65,78" hai2="104,7,41,96,27,31,32,111,94,48,84,11,129" hai3="54,16,101,110,67,63,17,18,42,56,26,3,14"/><U106/><E106/><V64/><F111/><W35/><G3/><T40/><D115/><U88/><E1/><V51/><F129/><W131/><G131/><T95/><D81/><N who="1" m="49263" /><E34/><V59/><F41/><W5/><G110/><T118/><D58/><U128/><E78/><V109/><F109/><W105/><G42/><T44/><D118/><U37/><E65/><V49/><F84/><W121/><G121/><N who="0" m="46091" /><D99/><U55/><E55/><V100/><F104/><W53/><G5/><AGARI ba="0,0" hai="2,5,8,28,29,39,40,44,92,93,95" m="46091" machi="5" ten="30,1000,0" yaku="13,1" doraHai="98" who="0" fromWho="3" sc="299,10,205,0,276,0,220,-10" /><INIT seed="2,0,0,0,0,126" ten="309,205,276,210" oya="2" hai0="103,88,49,27,56,6,109,39,44,127,43,77,80" hai1="12,112,33,121,108,65,70,64,116,34,134,21,61" hai2="79,62,25,58,123,42,29,124,24,63,99,20,50" hai3="19,96,10,119,132,40,100,129,60,111,3,90,91"/><V0/><F123/><W17/><G119/><T102/><D109/><U5/><E116/><V2/><F124/><W8/><G111/><T52/><D127/><U72/><E72/><V66/><F79/><W73/><G73/><T75/><D6/><U32/><E112/><V130/><F42/><W16/><G132/><T4/><D4/><U110/><E121/><V107/><F50/><W46/><G60/><T71/><D27/><U38/><E134/><V120/><F120/><W57/><G57/><T106/><D106/><U131/><E131/><V117/><F130/><W18/><G129/><T28/><D28/><U105/><E38/><V15/><F15/><W78/><G78/><T41/><D41/><U7/><E105/><V47/><F47/><W37/><N who="3" m="4608" /><DORA hai="26" /><W36/><G37/><T122/><D122/><U31/><E65/><V35/><F117/><W95/><REACH who="3" step="1"/><G3/><REACH who="3" ten="309,205,276,200" step="2"/><T135/><D135/><U87/><E108/><V93/><F63/><W53/><G53/><T69/><D71/><U22/><E110/><V89/><F0/><W68/><G68/><T74/><D74/><U45/><E45/><V113/><F2/><W115/><G115/><T51/><D69/><U83/><E12/><V76/><F76/><W94/><G94/><T86/><D39/><U55/><E55/><V30/><F113/><W14/><G14/><T13/><D13/><U11/><E11/><AGARI ba="0,1" hai="8,10,11,36,40,46,90,91,95,96,100" m="4608" machi="11" ten="50,8000,1" yaku="1,1,54,1,53,2" doraHai="126,26" doraHaiUra="84,67" who="3" fromWho="1" sc="309,0,205,-80,276,0,200,90" /><INIT seed="3,0,0,3,5,37" ten="309,125,276,290" oya="3" hai0="9,88,1,5,105,129,21,53,24,132,128,133,79" hai1="13,122,46,54,0,3,51,72,124,19,36,73,39" hai2="59,56,84,26,134,14,41,112,77,91,67,85,96" hai3="32,94,120,12,70,27,115,74,80,100,99,22,20"/><W109/><G120/><T44/><D105/><U119/><E122/><V10/><F112/><W101/><G115/><T82/><D88/><U16/><E119/><V55/><F134/><N who="0" m="51818" /><D53/><U104/><E104/><V40/><F67/><W47/><G70/><T121/><D44/><U11/><E124/><V114/><F114/><W103/><G32/><T116/><D116/><U110/><E110/><V30/><F77/><W8/><G109/><T69/><D69/><U34/><E34/><V83/><F96/><W63/><G63/><T127/><D127/><U15/><E39/><V18/><F85/><W65/><G65/><T95/><D95/><U113/><E36/><V64/><F64/><W17/><G47/><T71/><D71/><U76/><E113/><V81/><F81/><W117/><G117/><T111/><D111/><U107/><E107/><V57/><REACH who="2" step="1"/><F55/><REACH who="2" ten="309,125,266,290" step="2"/><W87/><G74/><N who="0" m="43383" /><D121/><U93/><E93/><V29/><F29/><AGARI ba="0,1" hai="1,5,9,21,24,29,128,129" m="43383,51818" machi="29" ten="30,1000,0" yaku="20,1" doraHai="37" who="0" fromWho="2" sc="309,20,125,0,266,-10,290,0" owari="329,42.0,125,-37.0,256,-14.0,290,9.0" /></mjloggm>