<mjloggm ver="2.3"><GO type="41" lobby="0"/><UN n0="%68%65%78%61%31%39%31%39" n1="%E5%B0%B1%E6%B4%BB%E7%94%9F%40%E5%B7%9D%E6%9D%91%E8%BB%8D%E5%9B%A3" n2="%E3%81%AA%E3%81%BF%E3%81%AA%E3%81%BF" n3="%73%73%61%61%74%74" dan="14,15,14,13" rate="1973.16,1966.25,1940.37,1849.40" sx="M,M,M,M"/><TAIKYOKU oya="0"/><INIT seed="0,0,0,0,3,6" ten="250,250,250,250" oya="0" hai0="40,51,78,94,20,133,106,66,55,96,93,56,74" hai1="73,10,130,1,77,117,122,41,102,97,54,59,35" hai2="22,49,11,82,134,28,86,30,58,101,107,88,57" hai3="24,14,110,135,121,5,9,84,111,44,45,89,62"/><T39/><D106/><U128/><E122/><V109/><F109/><N who="3" m="41483" /><G62/><T2/><D94/><U36/><E117/><V72/><F72/><W27/><G121/><T64/><D78/><U3/><E35/><V37/><F37/><W13/><G135/><T87/><D74/><U65/><E65/><V125/><F134/><W52/><G44/><T91/><D96/><U98/><E98/><V50/><F125/><W108/><N who="3" m="41491" /><W80/><DORA hai="60" /><G14/><T76/><D76/><U114/><E114/><V68/><F68/><W79/><G79/><T124/><D124/><U71/><E71/><V69/><F69/><W126/><G126/><T119/><D119/><U38/><E77/><V92/><F107/><W115/><G115/><T12/><D2/><U112/><E73/><V23/><F50/><AGARI ba="0,0" hai="5,9,13,24,27,45,50,52,80,84,89" m="41491" machi="50" ten="40,5200,0" yaku="14,1,52,1,54,1" doraHai="6,60" who="3" fromWho="2" sc="250,0,250,0,250,-52,250,52" /><INIT seed="1,0,0,3,1,11" ten="250,250,198,302" oya="1" hai0="123,111,58,17,10,22,55,61,73,7,14,32,104" hai1="127,117,23,48,25,79,67,125,39,113,98,5,1" hai2="108,57,38,110,29,116,112,105,27,20,63,34,65" hai3="45,30,109,77,64,2,107,120,15,42,130,47,126"/><U62/><E39/><V121/><F38/><W35/><G2/><T93/><D104/><U37/><E37/><V28/><F116/><W13/><G120/><T97/><D73/><U124/><E117/><V115/><F105/><W12/><G107/><T82/><D82/><U89/><E113/><N who="2" m="43595" /><F121/><W129/><G64/><T26/><D123/><U4/><E79/><V16/><F34/><W94/><G77/><T68/><D111/><AGARI ba="0,0" hai="16,20,27,28,29,57,63,65,108,110,111" m="43595" machi="111" ten="30,3900,0" yaku="14,1,11,1,54,1" doraHai="11" who="2" fromWho="0" sc="250,-39,250,0,198,39,302,0" /><INIT seed="2,0,0,1,0,116" ten="211,250,237,302" oya="2" hai0="64,97,93,109,22,1,86,16,65,81,77,76,29" hai1="87,111,107,28,118,19,106,8,115,52,123,59,114" hai2="55,61,94,44,120,47,41,90,15,6,40,132,23" hai3="63,129,39,25,105,69,13,45,133,35,108,17,30"/><V128/><F132/><W84/><G133/><T127/><D77/><U102/><E118/><V54/><F128/><W7/><G7/><T96/><D96/><U42/><E42/><V68/><F68/><W24/><G24/><T82/><D82/><U33/><E111/><V11/><F120/><W103/><G129/><T71/><D1/><U91/><E33/><V112/><F112/><W98/><G108/><T53/><D29/><U125/><E28/><V117/><F117/><W27/><G27/><T0/><D0/><U38/><E38/><V74/><F74/><W95/><G39/><T18/><D109/><U26/><E125/><V34/><F34/><W85/><G45/><T5/><D5/><U119/><E119/><V58/><F23/><N who="3" m="11695" /><G95/><T122/><D18/><U121/><E102/><V56/><F41/><W80/><G80/><T20/><D20/><N who="1" m="13599" /><E8/><V51/><REACH who="2" step="1"/><F40/><REACH who="2" ten="211,250,227,302" step="2"/><W50/><G50/><T31/><D122/><N who="1" m="46603" /><E115/><V101/><F101/><W46/><G46/><T124/><D124/><U131/><E131/><V21/><F21/><W135/><G135/><T48/><D127/><U104/><E114/><V49/><F49/><W60/><G60/><T36/><D36/><U2/><E2/><V126/><F126/><W3/><G3/><T134/><D134/><U32/><E32/><V78/><F78/><W9/><G9/><T79/><D79/><U62/><E107/><V66/><F66/><AGARI ba="0,1" hai="25,30,35,63,66,69,84,85,98,103,105" m="11695" machi="66" ten="30,1000,0" yaku="25,1" doraHai="116" who="3" fromWho="2" sc="211,0,250,0,227,-10,302,20" /><INIT seed="3,0,0,1,5,24" ten="211,250,217,322" oya="3" hai0="124,133,112,105,115,62,43,66,130,74,116,37,42" hai1="58,49,40,90,71,92,12,2,53,3,64,48,75" hai2="117,128,107,110,96,6,82,70,122,39,83,34,56" hai3="13,119,11,93,7,132,20,23,97,31,15,46,38"/><W121/><G121/><T81/><D105/><U68/><E75/><V44/><F6/><W14/><G119/><T67/><D74/><U134/><E134/><V123/><F96/><W41/><G132/><T131/><D81/><U111/><E111/><V80/><F56/><W22/><REACH who="3" step="1"/><G31/><REACH who="3" ten="211,250,217,312" step="2"/><T79/><D133/><U108/><E108/><V76/><F122/><W127/><G127/><T73/><D124/><U10/><E2/><V113/><F117/><W63/><G63/><T104/><D116/><U54/><E3/><V32/><F110/><W25/><G25/><T125/><D125/><U65/><E68/><V135/><F135/><W8/><G8/><T118/><D118/><U45/><E71/><V4/><F123/><W9/><G9/><T50/><D62/><U28/><E28/><V114/><F70/><W26/><G26/><T36/><D115/><U19/><REACH who="1" step="1"/><E40/><REACH who="1" ten="211,240,217,312" step="2"/><V103/><F114/><W95/><G95/><T87/><D112/><U5/><E5/><V52/><F4/><W85/><G85/><AGARI ba="0,2" hai="10,12,19,45,48,49,53,54,58,64,65,85,90,92" machi="85" ten="30,3900,0" yaku="1,1,7,1,8,1,53,0" doraHai="24" doraHaiUra="33" who="1" fromWho="3" sc="211,0,240,59,217,0,312,-39" /><INIT seed="4,0,0,0,4,1" ten="211,299,217,273" oya="0" hai0="117,80,28,48,57,66,62,44,25,105,98,115,61" hai1="91,68,63,32,27,59,102,17,2,23,55,126,6" hai2="94,133,130,84,37,135,47,81,93,106,131,69,121" hai3="132,128,119,19,22,120,14,78,33,76,67,11,10"/><T49/><D117/><U116/><E116/><V104/><F69/><W9/><G119/><T75/><D62/><U29/><E126/><V87/><F47/><W97/><G33/><T70/><D115/><U53/><E68/><V42/><F42/><W40/><G132/><N who="2" m="50761" /><F37/><W13/><G128/><N who="2" m="49193" /><F121/><W77/><G120/><T114/><D114/><U82/><E102/><V99/><F93/><W34/><G34/><T86/><D75/><U107/><E107/><N who="2" m="41003" /><F81/><W100/><G40/><T122/><D122/><U103/><E103/><AGARI ba="0,0" hai="84,87,94,99,103" m="41003,49193,50761" machi="103" ten="40,8000,1" yaku="20,1,19,1,34,2" doraHai="1" who="2" fromWho="1" sc="211,0,299,-80,217,80,273,0" /><INIT seed="5,0,0,3,4,95" ten="211,219,297,273" oya="1" hai0="81,125,35,100,82,14,47,83,132,128,53,121,104" hai1="42,0,101,122,129,115,75,119,19,64,32,112,69" hai2="73,97,56,88,114,13,93,111,113,134,126,23,127" hai3="107,58,96,22,6,106,85,11,48,51,17,37,21"/><U98/><E32/><V26/><F73/><W24/><G37/><T59/><D35/><U66/><E0/><V40/><F111/><W55/><G107/><T70/><D70/><U79/><E122/><V123/><F123/><W90/><G106/><T103/><D121/><U71/><E119/><V67/><F40/><W49/><G96/><T9/><D47/><U135/><E42/><V99/><F13/><N who="3" m="5367" /><G22/><T44/><D44/><U130/><E135/><V20/><F134/><W7/><G7/><T3/><D3/><U94/><E19/><V89/><F67/><N who="1" m="25641" /><E79/><V133/><F56/><W39/><G39/><T61/><D132/><U105/><E105/><V65/><F65/><W62/><G90/><T45/><D45/><U33/><E33/><V30/><F133/><W29/><G85/><T36/><D36/><U118/><E75/><V25/><F93/><W116/><G116/><T34/><D34/><U1/><E1/><V4/><F4/><W10/><G10/><T2/><D2/><U52/><E52/><V84/><F84/><W78/><G78/><T108/><D104/><U120/><E120/><V110/><F110/><W38/><G38/><T57/><D108/><U27/><E27/><V5/><F5/><W50/><N who="3" m="12800" /><DORA hai="124" /><W91/><G91/><T16/><D59/><U68/><E118/><V72/><F72/><W86/><G86/><T54/><D54/><U102/><E102/><V28/><AGARI ba="0,0" hai="20,23,25,26,28,30,88,89,97,99,113,114,126,127" machi="28" ten="25,12000,2" yaku="0,1,22,2,52,2,54,1" doraHai="95,124" who="2" fromWho="2" sc="211,-30,219,-60,297,120,273,-30" /><INIT seed="6,0,0,2,2,19" ten="181,159,417,243" oya="2" hai0="98,118,67,5,6,70,112,119,73,14,86,109,72" hai1="54,27,129,57,56,43,25,100,55,44,32,96,42" hai2="92,61,40,3,38,133,2,85,105,107,74,122,90" hai3="113,51,121,7,60,29,84,106,127,102,64,89,68"/><V39/><F122/><W130/><G121/><T47/><D109/><U124/><E124/><V36/><F133/><W120/><G120/><T95/><D112/><U46/><E129/><V77/><F40/><W88/><G113/><T117/><D86/><U23/><E32/><V37/><N who="2" m="9728" /><DORA hai="58" /><V21/><F61/><W114/><G114/><T69/><D47/><U10/><E10/><V34/><F34/><W63/><G127/><T81/><D81/><U131/><E131/><V22/><F77/><W104/><G130/><T75/><D14/><U24/><E96/><V62/><F74/><W50/><G7/><T132/><D132/><U28/><E100/><V78/><F78/><W97/><G29/><T18/><D18/><U48/><E43/><V33/><F33/><W15/><G15/><T108/><D108/><U13/><E42/><V66/><F105/><W128/><G128/><T4/><D67/><U8/><E46/><V49/><F49/><W16/><G84/><T20/><D20/><U79/><E79/><V31/><F107/><W80/><G80/><T30/><D30/><U116/><E116/><V35/><F35/><W123/><G123/><T91/><AGARI ba="0,0" hai="4,5,6,69,70,72,73,75,91,95,98,117,118,119" machi="91" ten="50,8000,1" yaku="0,1,29,2,12,1" doraHai="19,58" who="0" fromWho="0" sc="181,80,159,-20,417,-40,243,-20" /><INIT seed="7,0,0,4,4,34" ten="261,139,377,223" oya="3" hai0="124,83,105,65,47,21,55,17,60,3,48,36,0" hai1="125,57,33,53,10,113,88,13,11,68,84,92,133" hai2="63,94,25,134,126,62,42,112,51,18,71,82,38" hai3="40,101,32,61,121,100,93,99,95,128,64,78,130"/><W120/><G32/><T27/><D124/><U58/><E125/><V110/><F38/><W114/><G40/><T118/><D118/><U6/><E68/><V19/><F110/><W16/><G64/><T91/><D105/><U39/><E33/><V129/><F112/><W102/><G61/><T1/><D36/><U69/><E113/><V72/><F129/><N who="3" m="49771" /><G114/><T66/><D66/><U49/><E133/><V14/><F126/><W22/><G78/><T119/><D119/><U56/><E69/><V115/><F71/><W79/><G79/><T116/><D116/><U132/><E132/><V86/><F94/><N who="3" m="35851" /><G99/><T70/><D83/><U24/><E39/><V7/><F72/><W81/><G81/><T127/><D127/><U103/><E103/><N who="3" m="26370" /><W31/><DORA hai="122" /><G31/><T117/><D117/><U50/><E24/><AGARI ba="0,0" hai="16,22,24,120,121" m="26370,35851,49771" machi="24" ten="40,3900,0" yaku="19,1,54,1" doraHai="34,122" who="3" fromWho="1" sc="261,0,139,-39,377,0,223,39" /><INIT seed="7,1,0,1,2,80" ten="261,100,377,262" oya="3" hai0="78,72,67,37,10,89,29,42,12,45,97,113,93" hai1="38,126,15,130,2,134,20,62,26,52,132,110,103" hai2="118,21,70,1,90,112,73,59,68,131,117,88,65" hai3="3,87,28,35,101,53,18,8,100,98,109,111,7"/><W50/><G35/><T23/><D113/><U99/><E38/><V133/><F1/><W47/><G28/><T114/><D114/><U61/><E2/><V9/><F73/><W85/><G18/><T33/><D33/><U4/><E110/><N who="3" m="41994" /><G101/><T64/><D72/><U106/><E126/><V71/><F112/><W116/><G116/><T107/><D78/><U95/><E130/><V81/><F131/><W125/><G125/><T77/><D77/><U31/><E106/><AGARI ba="1,0" hai="3,7,8,47,50,53,85,87,98,100,106" m="41994" machi="106" ten="30,5800,0" yaku="10,1,52,2" doraHai="80" who="3" fromWho="1" sc="261,0,100,-61,377,0,262,61" /><INIT seed="7,2,0,3,1,130" ten="261,39,377,323" oya="3" hai0="81,61,87,60,54,101,132,46,14,98,65,15,64" hai1="18,134,30,123,120,40,135,19,84,122,89,117,0" hai2="3,67,133,75,20,35,16,7,31,127,90,50,115" hai3="53,88,36,28,112,77,103,52,39,128,102,6,107"/><W25/><G107/><T83/><D101/><U38/><E0/><V71/><F75/><W69/><G69/><T48/><D98/><U79/><E79/><V27/><F115/><W110/><G77/><T59/><D61/><U74/><E74/><V4/><F133/><W82/><G6/><T13/><D65/><U33/><E33/><V34/><F127/><W23/><G112/><T70/><D70/><U113/><E117/><V68/><F68/><W41/><G128/><T99/><D99/><U49/><E38/><V17/><F50/><W116/><G116/><T2/><D2/><U8/><E30/><V45/><F45/><W100/><G110/><T1/><D1/><U22/><E113/><V62/><F90/><W73/><G73/><T104/><D104/><U93/><E8/><N who="2" m="2079" /><F7/><W109/><G109/><T26/><D26/><U131/><E131/><V121/><F121/><W76/><G76/><T94/><D94/><U24/><E19/><V37/><F37/><W92/><G82/><T91/><REACH who="0" step="1"/><D83/><REACH who="0" ten="251,39,377,323" step="2"/><U66/><E66/><V10/><F62/><W58/><G41/><T78/><D78/><U44/><AGARI ba="2,1" hai="18,22,24,40,44,49,84,89,93,120,122,123,134,135" machi="44" ten="40,5200,0" yaku="0,1,52,2" doraHai="130" who="1" fromWho="1" sc="251,-15,39,68,377,-15,323,-28" owari="236,-16.0,107,-39.0,362,45.0,295,10.0" /></mjloggm>