<mjloggm ver="2.3"><GO type="41" lobby="0"/><UN n0="%E3%81%82%E3%81%8B%E3%81%8E%E3%81%97%E3%81%92%E3%82%89%E3%81%AA%E3%81%84" n1="%E3%83%9E%E3%83%BC%E3%82%B0%E3%83%AA%E3%83%BC%E3%82%BA" n2="%E5%B0%B1%E6%B4%BB%E7%94%9F%40%E5%B7%9D%E6%9D%91%E8%BB%8D%E5%9B%A3" n3="%6B%79%75%75%6B%6F%6B%75" dan="13,13,14,14" rate="1876.17,1882.92,1946.67,1882.18" sx="M,M,M,M"/><TAIKYOKU oya="0"/><INIT seed="0,0,0,3,3,59" ten="250,250,250,250" oya="0" hai0="60,121,127,72,22,115,101,108,27,20,10,33,102" hai1="95,112,6,45,104,14,133,116,58,42,31,98,100" hai2="94,134,125,61,71,89,2,103,88,129,34,135,29" hai3="23,64,117,80,43,105,126,92,19,17,9,36,63"/><T78/><D115/><U69/><E112/><V32/><F2/><W131/><G117/><T30/><D121/><U113/><E69/><V28/><F129/><W73/><G105/><T130/><D130/><U12/><E113/><V35/><F125/><W49/><G131/><T26/><D127/><U111/><E133/><N who="2" m="50699" /><F103/><W79/><G126/><T90/><D108/><U3/><E111/><V68/><F68/><W114/><G114/><T75/><D10/><U107/><E31/><N who="2" m="11851" /><F94/><W84/><G36/><T24/><D30/><U46/><E3/><V39/><F39/><W65/><G65/><AGARI ba="0,0" hai="32,34,35,61,65,71,88,89" m="11851,50699" machi="65" ten="40,5200,0" yaku="20,1,52,1,54,1" doraHai="59" who="2" fromWho="3" sc="250,0,250,0,250,52,250,-52" /><INIT seed="1,0,0,1,3,84" ten="250,250,302,198" oya="1" hai0="101,20,61,46,70,107,23,77,106,29,63,45,11" hai1="33,47,21,95,24,99,64,14,74,86,4,27,123" hai2="13,117,130,135,71,103,49,37,12,134,96,36,100" hai3="112,72,114,116,98,68,69,121,126,52,122,1,38"/><U120/><E74/><V9/><F71/><N who="3" m="27211" /><G72/><T10/><D77/><U113/><E113/><N who="3" m="43626" /><G1/><T119/><D119/><U89/><E64/><V22/><F117/><W105/><G98/><T60/><D70/><U67/><E67/><V93/><F130/><W17/><G17/><T79/><D79/><U76/><E33/><V50/><F22/><N who="0" m="8234" /><D29/><U133/><E133/><N who="2" m="50699" /><F103/><W31/><G31/><T18/><D18/><U0/><E0/><V59/><F13/><W8/><G8/><N who="0" m="3115" /><D101/><N who="1" m="60671" /><E4/><N who="2" m="3111" /><F59/><W48/><G105/><AGARI ba="0,0" hai="45,46,60,61,63,105,106,107" m="3115,8234" machi="105" ten="40,2600,0" yaku="28,2" doraHai="84" who="0" fromWho="3" sc="250,26,250,0,302,0,198,-26" /><INIT seed="2,0,0,3,2,38" ten="276,250,302,172" oya="2" hai0="46,87,22,114,51,5,64,52,65,6,47,43,134" hai1="29,66,101,11,84,61,40,1,25,99,125,8,123" hai2="81,83,96,32,10,82,33,18,111,69,108,56,131" hai3="130,88,119,27,35,44,86,106,117,103,17,74,3"/><V98/><F69/><W122/><G122/><T120/><D120/><U90/><E123/><V95/><F131/><W70/><G70/><T79/><D114/><U4/><E125/><V0/><F56/><W57/><G3/><T104/><D104/><U58/><E11/><V12/><F0/><W28/><G74/><T129/><D129/><U19/><E19/><V15/><F15/><W60/><G130/><T76/><D134/><U71/><E40/><V26/><F98/><W48/><G17/><T113/><D113/><U115/><E115/><V23/><F32/><W16/><G103/><T127/><D127/><U107/><E90/><V100/><REACH who="2" step="1"/><F33/><REACH who="2" ten="276,250,292,172" step="2"/><W54/><G117/><T63/><D22/><U109/><E58/><V121/><F121/><W77/><G119/><T73/><D73/><U42/><E71/><V91/><F91/><W67/><G106/><T39/><D87/><U53/><E99/><V128/><F128/><W30/><G30/><AGARI ba="0,1" hai="10,12,18,23,26,30,81,82,83,95,96,100,108,111" machi="30" ten="40,2000,0" yaku="1,1,53,0" doraHai="38" doraHaiUra="132" who="2" fromWho="3" sc="276,0,250,0,292,30,172,-20" /><INIT seed="2,1,0,2,0,121" ten="276,250,322,152" oya="2" hai0="102,60,106,32,37,116,3,25,54,46,47,101,49" hai1="94,77,105,48,80,63,126,10,7,28,29,82,33" hai2="100,11,6,27,0,31,117,19,65,57,91,84,107" hai3="12,103,75,66,128,8,86,42,62,52,51,50,134"/><V133/><F117/><W89/><G75/><T15/><D3/><U24/><E105/><V41/><F133/><W88/><G128/><T83/><D116/><U35/><E126/><V73/><F73/><W56/><G134/><T78/><D37/><U13/><E82/><V90/><F41/><W79/><G103/><T5/><D106/><U93/><E63/><V108/><F19/><W104/><G104/><T14/><D60/><U124/><E124/><V70/><F57/><W68/><G42/><T36/><D36/><U67/><E67/><V118/><F118/><W97/><G97/><T45/><D32/><U135/><E135/><V23/><F84/><W58/><G68/><T125/><D125/><U127/><E48/><V16/><F65/><W59/><G50/><T109/><D109/><U9/><E127/><V69/><F108/><W64/><G64/><T132/><D132/><U38/><E38/><V26/><F100/><W111/><G59/><T76/><D25/><U120/><E29/><V130/><F130/><W95/><G79/><N who="0" m="30251" /><D83/><U81/><E33/><V98/><F107/><W39/><G39/><T123/><D123/><U20/><E120/><V87/><F98/><W112/><G112/><T44/><D5/><N who="1" m="3247" /><E35/><V53/><F53/><W72/><G72/><T2/><D2/><N who="1" m="375" /><E81/><V55/><F55/><W22/><G111/><T74/><D74/><U43/><E43/><V96/><F96/><W85/><G22/><T110/><D110/><U115/><E115/><V61/><F61/><W99/><G89/><N who="2" m="33801" /><F87/><W1/><G1/><T114/><D114/><U34/><E20/><AGARI ba="1,0" hai="0,6,11,16,20,23,26,27,31,69,70" m="33801" machi="20" ten="30,2900,0" yaku="6,1,54,1" doraHai="121" who="2" fromWho="1" sc="276,0,250,-32,322,32,152,0" /><INIT seed="2,2,0,2,5,50" ten="276,218,354,152" oya="2" hai0="72,46,92,110,98,69,15,60,97,6,30,49,61" hai1="47,79,88,123,131,99,43,96,45,34,107,78,25" hai2="2,3,133,109,54,71,62,85,35,27,29,14,52" hai3="126,81,66,128,39,100,120,115,9,135,130,10,87"/><V124/><F14/><W23/><G120/><T117/><D72/><U122/><E131/><N who="3" m="50218" /><G39/><T90/><D110/><U21/><E34/><V59/><F71/><W8/><G66/><T19/><D117/><U106/><E21/><V55/><F109/><W56/><G100/><T127/><D127/><U68/><E25/><V64/><F124/><W37/><G37/><T51/><D69/><U118/><E68/><V70/><F70/><W33/><G33/><T36/><D36/><U24/><E24/><V74/><F74/><W31/><G126/><T17/><D30/><U58/><E58/><V93/><F133/><W104/><G104/><T83/><D83/><U114/><E114/><V82/><REACH who="2" step="1"/><F93/><REACH who="2" ten="276,218,344,152" step="2"/><W53/><G135/><T111/><D111/><U75/><E75/><V89/><AGARI ba="2,1" hai="2,3,27,29,35,52,54,55,59,62,64,82,85,89" machi="89" ten="30,18000,2" yaku="1,1,2,1,0,1,52,3,54,1,53,0" doraHai="50" doraHaiUra="129" who="2" fromWho="2" sc="276,-62,218,-62,344,196,152,-62" /><INIT seed="2,3,0,4,1,5" ten="214,156,540,90" oya="2" hai0="9,35,72,6,26,117,13,57,17,38,103,128,123" hai1="133,91,82,28,105,77,53,104,74,65,120,1,40" hai2="93,61,116,73,95,24,69,54,56,124,92,2,55" hai3="41,76,131,85,86,71,25,11,15,18,16,79,27"/><V98/><F73/><W68/><G131/><T23/><D72/><U89/><E65/><V47/><F2/><W78/><G41/><T7/><D38/><U36/><E1/><V87/><F116/><W49/><G49/><T62/><D123/><U66/><E66/><V33/><F69/><W111/><G111/><T21/><D117/><U97/><E28/><V114/><F114/><W3/><G3/><T96/><D128/><U51/><E40/><V75/><F75/><W19/><G15/><T12/><D35/><U46/><E36/><V63/><F124/><W58/><G58/><T134/><D134/><U112/><E112/><V0/><F0/><W135/><G135/><T110/><D110/><U80/><E133/><V108/><F108/><W118/><G11/><N who="0" m="4215" /><D103/><U64/><E120/><V122/><F122/><W39/><G39/><T132/><D132/><U126/><E126/><V30/><F87/><N who="3" m="33291" /><G118/><T121/><D121/><U37/><E82/><V20/><F33/><W8/><G8/><T70/><D70/><AGARI ba="3,0" hai="16,18,19,25,27,68,70,71,76,78,79" m="33291" machi="70" ten="40,5200,0" yaku="28,2,54,1" doraHai="5" who="3" fromWho="0" sc="214,-61,156,0,540,0,90,61" /><INIT seed="3,0,0,4,1,93" ten="153,156,540,151" oya="3" hai0="71,120,117,64,43,126,2,115,55,103,20,66,19" hai1="22,17,25,78,85,67,16,13,9,59,47,36,45" hai2="130,11,44,133,86,0,10,75,127,92,99,29,63" hai3="1,35,41,112,21,77,54,83,94,111,124,60,46"/><W114/><G1/><T131/><D117/><U90/><E78/><V15/><F75/><W118/><G118/><T26/><D120/><U87/><E36/><V122/><F122/><W116/><G116/><T32/><D2/><U28/><E87/><V51/><F0/><W123/><G123/><T98/><D126/><U40/><E40/><N who="2" m="24967" /><F130/><W106/><G106/><T24/><D131/><U61/><REACH who="1" step="1"/><E28/><REACH who="1" ten="153,146,540,151" step="2"/><V68/><F86/><W107/><G114/><T101/><D115/><U30/><E30/><V102/><F29/><W110/><G112/><T82/><D71/><U62/><E62/><V132/><F127/><W109/><G124/><T5/><D32/><U91/><E91/><V34/><F34/><W23/><G35/><T79/><D101/><U80/><AGARI ba="0,1" hai="9,13,16,17,22,25,45,47,59,61,67,80,85,90" machi="80" ten="20,8000,1" yaku="1,1,0,1,7,1,8,1,54,1,53,0" doraHai="93" doraHaiUra="39" who="1" fromWho="1" sc="153,-20,146,90,540,-20,151,-40" /><INIT seed="4,0,0,0,1,67" ten="133,236,520,111" oya="0" hai0="64,103,46,92,132,76,127,95,13,25,105,86,82" hai1="50,129,109,124,20,4,53,94,21,58,22,38,125" hai2="0,90,36,52,43,34,126,88,61,55,85,114,42" hai3="72,131,35,96,113,117,97,83,81,121,33,23,63"/><T60/><D127/><N who="1" m="48715" /><E109/><V133/><F34/><W9/><G117/><T106/><D25/><U100/><E38/><V16/><F0/><W45/><G113/><T118/><D118/><U26/><E129/><V14/><F114/><W71/><G131/><T91/><D46/><U29/><E4/><V130/><F36/><W101/><G97/><AGARI ba="0,0" hai="20,21,22,26,29,50,53,58,94,97,100" m="48715" machi="97" ten="30,1000,0" yaku="18,1" doraHai="67" who="1" fromWho="3" sc="133,0,236,10,520,0,111,-10" /><INIT seed="5,0,0,5,1,125" ten="133,246,520,101" oya="1" hai0="7,34,42,68,98,91,60,120,4,123,127,109,16" hai1="83,58,88,53,37,135,2,130,12,51,103,102,96" hai2="134,93,10,72,132,26,9,32,85,110,63,99,131" hai3="69,97,62,28,104,112,71,118,56,40,14,54,124"/><U55/><E2/><V89/><F72/><W114/><G124/><T21/><D34/><U44/><E37/><V33/><F131/><W39/><G28/><T30/><D127/><U6/><E135/><N who="2" m="51755" /><F110/><W94/><G104/><T84/><D30/><U41/><E130/><V46/><F46/><N who="3" m="23839" /><G14/><T65/><D98/><U49/><E55/><V52/><F85/><W29/><G29/><T106/><D106/><U31/><E31/><N who="2" m="19575" /><F33/><W5/><G5/><T116/><D42/><U61/><E61/><V121/><F121/><N who="0" m="46666" /><D109/><U133/><E133/><V48/><F48/><W20/><G20/><T27/><D116/><U0/><E0/><V24/><F24/><W47/><G47/><T101/><D101/><U79/><E96/><V117/><F117/><W115/><G118/><T90/><D90/><AGARI ba="0,0" hai="54,56,62,69,71,90,94,97,112,114,115" m="23839" machi="90" ten="30,1000,0" yaku="15,1" doraHai="125" who="3" fromWho="0" sc="133,-10,246,0,520,0,101,10" /><INIT seed="6,0,0,3,1,94" ten="123,246,520,111" oya="2" hai0="61,3,48,93,26,114,134,17,133,84,75,106,10" hai1="7,52,16,36,97,88,67,6,128,126,45,44,76" hai2="108,13,69,130,14,43,81,46,47,63,31,86,29" hai3="62,66,49,25,99,5,116,2,89,112,53,100,37"/><V42/><F108/><W110/><G110/><T22/><D75/><U41/><E126/><V40/><F130/><W57/><G116/><T104/><D61/><U64/><E128/><V21/><F69/><W79/><G79/><T19/><D114/><U4/><E76/><V123/><F123/><W72/><G72/><T115/><D115/><U65/><E36/><V103/><F63/><W70/><G112/><T125/><D125/><U124/><E41/><V120/><F103/><W35/><G89/><T73/><D73/><U92/><E124/><V51/><F120/><W68/><G2/><T117/><D117/><U12/><E52/><N who="2" m="29815" /><F47/><W55/><G5/><T135/><D48/><U119/><E119/><V33/><F33/><W127/><G127/><T0/><D10/><AGARI ba="0,0" hai="4,6,7,10,12,16,44,45,64,65,67,88,92,97" machi="10" ten="40,8000,1" yaku="8,1,52,1,54,2" doraHai="94" who="1" fromWho="0" sc="123,-80,246,80,520,0,111,0" /><INIT seed="7,0,0,1,4,130" ten="43,326,520,111" oya="3" hai0="92,66,110,2,62,39,42,68,100,27,74,18,105" hai1="118,104,4,131,60,98,97,36,59,0,107,94,88" hai2="22,8,132,21,86,51,56,5,134,58,31,53,57" hai3="106,6,116,75,102,109,47,70,32,122,82,126,73"/><W78/><G116/><T125/><D110/><U103/><E36/><V55/><F86/><W17/><G122/><T20/><D2/><U123/><E0/><V10/><F31/><W135/><G126/><T96/><D74/><U28/><E123/><V49/><F56/><W114/><G17/><T121/><D121/><U64/><E4/><AGARI ba="0,0" hai="4,5,8,10,21,22,49,51,53,55,57,58,132,134" machi="4" ten="25,6400,0" yaku="22,2,52,2" doraHai="130" who="2" fromWho="1" sc="43,0,326,-64,520,64,111,0" owari="43,-46.0,262,6.0,584,69.0,111,-29.0" /></mjloggm>