<mjloggm ver="2.3"><GO type="97" lobby="0"/><UN n0="%E3%81%A1%E3%82%83%E3%81%AD%E3%82%89%E3%83%BC" n1="%E3%83%88%E3%83%88%E3%83%AA%E5%85%88%E7%94%9F%31%39%E6%AD%B3" n2="%4D%72%2E%4B%61%69%74%6F" n3="%E3%82%86%E3%83%BC%E3%81%9B%E3%83%BC" dan="14,15,14,15" rate="2021.16,2060.50,1893.94,1992.38" sx="M,F,M,M"/><TAIKYOKU oya="0"/><INIT seed="0,0,0,1,5,77" ten="250,250,250,250" oya="0" hai0="19,1,81,102,131,21,75,112,100,7,12,114,63" hai1="9,6,50,110,96,28,27,26,95,10,0,55,23" hai2="86,24,97,58,90,88,31,78,129,4,89,70,18" hai3="48,17,127,38,33,39,103,71,119,108,111,98,106"/><T109/><D131/><U52/><E110/><N who="3" m="42026" /><G119/><T62/><D109/><U53/><E26/><V30/><F70/><W113/><G71/><T82/><D75/><U130/><E10/><V29/><F129/><W73/><G113/><T37/><D37/><U61/><E61/><N who="0" m="23049" /><D1/><U133/><E133/><V2/><F2/><W134/><G134/><T83/><D114/><U115/><E130/><V104/><F4/><W16/><G73/><T99/><D112/><U13/><E0/><V79/><F58/><W3/><G3/><T121/><D121/><U64/><E64/><V84/><F97/><W41/><G33/><T93/><D7/><U91/><REACH who="1" step="1"/><E115/><REACH who="1" ten="250,240,250,250" step="2"/><V68/><F68/><W69/><G69/><T46/><D46/><AGARI ba="0,1" hai="6,9,13,23,27,28,46,50,52,53,55,91,95,96" machi="46" ten="30,8000,1" yaku="1,1,2,1,7,1,8,1,54,1,53,0" doraHai="77" doraHaiUra="80" who="1" fromWho="0" sc="250,-80,240,90,250,0,250,0" /><INIT seed="1,0,0,0,2,35" ten="170,330,250,250" oya="1" hai0="124,15,8,41,129,9,64,131,12,17,46,77,51" hai1="134,83,39,36,49,107,109,93,32,74,111,57,20" hai2="80,123,121,44,84,58,114,29,130,48,26,120,53" hai3="18,132,128,94,6,86,34,56,21,106,91,71,92"/><U13/><E32/><V115/><F130/><W73/><G128/><T70/><D131/><U40/><E107/><V61/><F84/><W72/><G71/><T7/><D129/><U105/><E105/><V119/><F80/><W5/><G106/><T89/><D124/><U47/><E134/><V96/><F96/><W88/><G34/><T81/><D70/><U90/><E74/><V10/><F10/><W50/><G132/><T97/><D97/><U0/><E83/><V68/><F68/><W75/><G50/><T102/><D64/><U67/><E0/><V60/><F60/><W108/><G56/><T110/><D110/><N who="1" m="41995" /><E13/><V126/><F126/><W113/><G108/><T19/><D89/><U78/><E20/><V98/><F119/><W45/><G45/><T65/><D65/><U2/><E2/><V16/><F98/><W122/><G113/><N who="2" m="43017" /><F29/><W27/><REACH who="3" step="1"/><G122/><REACH who="3" ten="170,330,250,240" step="2"/><T59/><D7/><U37/><E57/><V103/><F58/><W135/><G135/><T127/><D59/><U118/><E67/><V52/><F123/><W30/><G30/><T125/><REACH who="0" step="1"/><D102/><REACH who="0" ten="160,330,250,240" step="2"/><U1/><E1/><V116/><BYE who="1" /><F103/><W69/><G69/><T4/><D4/><U23/><E23/><N who="2" m="13671" /><F121/><UN n1="%E3%83%88%E3%83%88%E3%83%AA%E5%85%88%E7%94%9F%31%39%E6%AD%B3" /><W85/><AGARI ba="0,2" hai="5,6,18,21,27,72,73,75,85,86,88,91,92,94" machi="85" ten="30,7900,0" yaku="1,1,0,1,9,1,54,1,53,0" doraHai="35" doraHaiUra="28" who="3" fromWho="3" sc="160,-20,330,-39,250,-20,240,99" /><INIT seed="2,0,0,3,4,60" ten="140,291,230,339" oya="2" hai0="34,53,97,56,99,18,107,66,65,28,61,71,4" hai1="5,88,68,128,32,31,104,113,132,13,69,67,43" hai2="20,19,25,10,94,111,8,125,27,117,79,126,40" hai3="7,124,9,44,80,26,114,54,22,85,105,55,127"/><V122/><F40/><W70/><G105/><T62/><D4/><U11/><E113/><V86/><F79/><N who="3" m="46239" /><G70/><T63/><D107/><U100/><E128/><V3/><F122/><W77/><G77/><T37/><D37/><U38/><E132/><V108/><F86/><W115/><G44/><T121/><D121/><U116/><E116/><V84/><F94/><W89/><G89/><T75/><D75/><U0/><E88/><V93/><F84/><W57/><G57/><T6/><D6/><U23/><E43/><V72/><F93/><W74/><G55/><T2/><D2/><U76/><E67/><V133/><F72/><W92/><G54/><T42/><D42/><U41/><E76/><V90/><F90/><W135/><G92/><T95/><D34/><U51/><E51/><V39/><F39/><W15/><G74/><T64/><D28/><U24/><E13/><N who="2" m="7591" /><F117/><W98/><G98/><T45/><D45/><N who="1" m="23735" /><E23/><V48/><F48/><W49/><G49/><N who="0" m="30767" /><D71/><U103/><E103/><V87/><F87/><W1/><G135/><T112/><D112/><N who="3" m="43049" /><G1/><T16/><D97/><AGARI ba="0,0" hai="0,5,11,24,31,32,68,69,97,100,104" m="23735" machi="97" ten="30,2000,0" yaku="33,2" doraHai="60" who="1" fromWho="0" sc="140,-20,291,20,230,0,339,0" /><INIT seed="3,0,0,2,1,45" ten="120,311,230,339" oya="3" hai0="90,86,124,30,38,15,120,117,57,10,5,55,31" hai1="13,119,100,65,79,20,76,36,0,24,73,19,127" hai2="88,116,33,62,35,1,7,95,41,135,77,52,6" hai3="83,18,81,78,97,123,23,75,61,54,106,107,112"/><W8/><G123/><T133/><D117/><U74/><E36/><V58/><F116/><W101/><G112/><T9/><D120/><U47/><E0/><V105/><F105/><W98/><G8/><T14/><D133/><U68/><E119/><V42/><F135/><W111/><G111/><T21/><D38/><U70/><E127/><V27/><F77/><W125/><G125/><T104/><D104/><U28/><E100/><V113/><F113/><W16/><G83/><T43/><D43/><U102/><E76/><V2/><F2/><W108/><G108/><T40/><D40/><U60/><E47/><V26/><F35/><W103/><G23/><T50/><D124/><U72/><E102/><V126/><F126/><W64/><G54/><T59/><D59/><AGARI ba="0,0" hai="16,18,59,61,64,75,78,81,97,98,101,103,106,107" machi="59" ten="30,5800,0" yaku="7,1,9,1,54,1" doraHai="45" who="3" fromWho="0" sc="120,-58,311,0,230,0,339,58" owari="62,-44.0,311,11.0,230,-17.0,397,50.0" /></mjloggm>