<mjloggm ver="2.3"><GO type="97" lobby="0"/><UN n0="%E5%B0%B1%E6%B4%BB%E7%94%9F%40%E5%B7%9D%E6%9D%91%E8%BB%8D%E5%9B%A3" n1="%E7%99%BD%E8%8F%9C" n2="%44%2E%4C%75%6B%65" n3="%79%61%73%75%31%30%31%30" dan="15,14,14,13" rate="2064.90,1914.47,1917.97,1855.05" sx="M,M,M,M"/><TAIKYOKU oya="0"/><INIT seed="0,0,0,4,1,46" ten="250,250,250,250" oya="0" hai0="102,79,12,13,48,2,116,91,95,129,41,76,31" hai1="132,93,88,27,75,65,7,112,73,32,37,33,39" hai2="47,15,53,18,60,128,45,49,30,44,54,1,90" hai3="58,119,9,113,108,120,42,74,123,107,28,34,122"/><T4/><D2/><U98/><E112/><V82/><F1/><W78/><G58/><T61/><D129/><U97/><E65/><V105/><F105/><W124/><G42/><T51/><D102/><U3/><E132/><V24/><F128/><W86/><G9/><N who="0" m="4135" /><D41/><U0/><E7/><V62/><F24/><W81/><G28/><T133/><D133/><U84/><E27/><V8/><F30/><W63/><G63/><T118/><D118/><U135/><E135/><V25/><F25/><W21/><G21/><T92/><D31/><U26/><E26/><V67/><F67/><W66/><G66/><T50/><D61/><N who="2" m="23658" /><F54/><W23/><G23/><T85/><D116/><U134/><E134/><V43/><F43/><W6/><G6/><T104/><D104/><U115/><E115/><V130/><F130/><W100/><G34/><T68/><D68/><U5/><E5/><V59/><F59/><W20/><G20/><T101/><D13/><U125/><E84/><AGARI ba="0,0" hai="8,15,18,44,45,47,49,53,82,84,90" m="23658" machi="84" ten="30,3900,0" yaku="25,1,8,1,52,1" doraHai="46" who="2" fromWho="1" sc="250,0,250,-39,250,39,250,0" /><INIT seed="1,0,0,3,4,34" ten="250,211,289,250" oya="1" hai0="43,12,70,69,126,71,128,84,59,129,105,42,4" hai1="14,32,131,29,112,73,9,108,13,62,48,100,2" hai2="11,85,106,109,114,37,125,133,89,35,67,54,77" hai3="88,28,94,61,123,115,10,83,118,68,52,96,75"/><U51/><E73/><V93/><F106/><W40/><G123/><T64/><D105/><U25/><E112/><V87/><F114/><W7/><G118/><T23/><D84/><U17/><E100/><V45/><F35/><W98/><G115/><T22/><D4/><N who="1" m="1175" /><E62/><V15/><F125/><W99/><G40/><N who="0" m="15403" /><D126/><U110/><E51/><V31/><F31/><W135/><G28/><T33/><D33/><U66/><E66/><V101/><F67/><W36/><G36/><T130/><D12/><N who="1" m="4715" /><E48/><N who="2" m="28943" /><F37/><W76/><G135/><T49/><D64/><U65/><E65/><V16/><F133/><W5/><G5/><T92/><D92/><U57/><E57/><V86/><F101/><W50/><G68/><T18/><D18/><U102/><E102/><V103/><F103/><W107/><G107/><T74/><D74/><U41/><E41/><V95/><F77/><W8/><G8/><T21/><D49/><U1/><E131/><V46/><F46/><W127/><G127/><T55/><D59/><U111/><E17/><V120/><F93/><W27/><G61/><T91/><D91/><U81/><E81/><N who="2" m="49327" /><F87/><W30/><G75/><T117/><D55/><U116/><E116/><AGARI ba="0,0" hai="21,22,23,69,70,71,116,117,128,129,130" m="15403" machi="116" ten="50,8000,1" yaku="29,2,28,2,19,1" doraHai="34" who="0" fromWho="1" sc="250,80,211,-80,289,0,250,0" /><INIT seed="2,0,0,4,2,70" ten="330,131,289,250" oya="2" hai0="1,48,113,72,103,44,76,79,58,110,124,15,49" hai1="40,123,83,59,100,47,117,3,67,127,8,32,107" hai2="9,109,73,77,129,54,75,62,118,116,98,64,43" hai3="87,41,7,53,22,30,31,89,52,16,96,63,85"/><V122/><F122/><W78/><G41/><T55/><D1/><U114/><E100/><V10/><F129/><W68/><G7/><T112/><D110/><U0/><E83/><V57/><F109/><W132/><G78/><T120/><D124/><U135/><E67/><V14/><F10/><W11/><G11/><T84/><D72/><U21/><E21/><V88/><F43/><W26/><G132/><T17/><D103/><U97/><E97/><V28/><F28/><N who="3" m="10795" /><G68/><T18/><D18/><U134/><E59/><V94/><F75/><W69/><G69/><T36/><D36/><U2/><E8/><V61/><F73/><W46/><G53/><T66/><D120/><U6/><E6/><V27/><F77/><W65/><G65/><T81/><D76/><U12/><E12/><V42/><F42/><W111/><G46/><T93/><D93/><U23/><E23/><V130/><F130/><W35/><G35/><T90/><D79/><U33/><E107/><V92/><F92/><N who="3" m="56335" /><G111/><T37/><D37/><N who="1" m="21903" /><E123/><V86/><F98/><W39/><G39/><T131/><D131/><U51/><E51/><V71/><F27/><W106/><G106/><T101/><D101/><U60/><E60/><V133/><REACH who="2" step="1"/><F133/><REACH who="2" ten="330,131,279,250" step="2"/><N who="1" m="50697" /><E117/><V80/><F80/><W128/><G128/><T56/><D81/><U99/><E127/><V121/><F121/><W102/><G102/><T95/><D112/><U50/><E114/><V105/><F105/><W24/><G24/><T115/><D113/><U45/><E32/><V108/><F108/><W126/><G126/><T20/><D115/><U34/><E33/><RYUUKYOKU ba="0,1" sc="330,-15,131,-15,279,15,250,15" hai2="9,14,54,57,61,62,64,71,86,88,94,116,118" hai3="16,22,26,52,63,85,87" /><INIT seed="2,1,1,1,0,58" ten="315,116,294,265" oya="2" hai0="13,45,52,65,77,67,10,98,15,47,111,80,110" hai1="32,19,30,34,28,123,46,97,120,125,103,62,104" hai2="55,134,7,9,121,12,105,130,8,74,128,20,76" hai3="27,5,68,17,109,23,83,59,26,86,106,133,116"/><V11/><F121/><N who="1" m="46665" /><E62/><V89/><F105/><W85/><G106/><T94/><D65/><U0/><E0/><V61/><F89/><W119/><G68/><T60/><D80/><U127/><E46/><V114/><F76/><W2/><G133/><T132/><D77/><U44/><E44/><V66/><F74/><W50/><G109/><N who="0" m="41483" /><D132/><U53/><E53/><V107/><F107/><W39/><G39/><T87/><D87/><U16/><E28/><V35/><F35/><N who="1" m="13353" /><E30/><V99/><F134/><W4/><G2/><T88/><D52/><U42/><E42/><V117/><F99/><W115/><G115/><T82/><D82/><U113/><E113/><V112/><F55/><W129/><G129/><N who="2" m="49769" /><F117/><W37/><G37/><T135/><D15/><U79/><E79/><V18/><F7/><W95/><G86/><T92/><D92/><U108/><E108/><V56/><AGARI ba="1,1" hai="8,9,11,12,18,20,56,61,66,112,114" m="49769" machi="56" ten="30,3000,0" yaku="19,1,52,1" doraHai="58" who="2" fromWho="2" sc="315,-11,116,-11,294,43,265,-11" /><INIT seed="2,2,0,5,3,7" ten="304,105,337,254" oya="2" hai0="29,100,2,56,61,93,102,84,77,89,5,65,111" hai1="55,120,104,116,134,18,4,51,16,36,11,34,103" hai2="106,110,50,131,101,78,58,113,59,48,109,32,74" hai3="107,127,122,94,47,121,41,25,125,13,135,91,21"/><V19/><F32/><W63/><G107/><T69/><D111/><N who="2" m="42506" /><F113/><W39/><G63/><T64/><D29/><U3/><E36/><V75/><F78/><W20/><G135/><T96/><D64/><U70/><E70/><V79/><F79/><W40/><G13/><T98/><D69/><U1/><E1/><V52/><F131/><W62/><G62/><T126/><D126/><N who="3" m="48137" /><G47/><T86/><D5/><U71/><E71/><V117/><F117/><W43/><G39/><T129/><D2/><U85/><E120/><N who="3" m="46186" /><G25/><T118/><D129/><U54/><E116/><V57/><F19/><W132/><G132/><T108/><D108/><U17/><E134/><V99/><F50/><W87/><AGARI ba="2,0" hai="20,21,40,41,43,87,91,94" m="46186,48137" machi="87" ten="40,1500,0" yaku="18,1" doraHai="7" who="3" fromWho="3" sc="304,-6,105,-6,337,-9,254,21" /><INIT seed="3,0,0,5,1,92" ten="298,99,328,275" oya="3" hai0="113,47,109,7,123,16,103,1,126,5,74,29,117" hai1="11,85,6,72,35,75,14,48,50,118,61,94,110" hai2="112,37,76,95,27,21,20,38,133,8,104,78,4" hai3="2,49,77,87,33,81,121,22,31,51,69,45,97"/><W107/><G2/><T39/><D74/><U73/><E35/><V12/><F104/><W65/><G121/><T120/><D103/><U135/><E110/><V32/><F112/><W62/><G22/><T134/><D39/><U111/><E111/><V129/><F129/><W100/><REACH who="3" step="1"/><G45/><REACH who="3" ten="298,99,328,265" step="2"/><T57/><D47/><U108/><E108/><V41/><F32/><W71/><G71/><T17/><D109/><U101/><E118/><V89/><F21/><W43/><G43/><T26/><D117/><U58/><E135/><V132/><F41/><W84/><G84/><T54/><D113/><U128/><E128/><V91/><F38/><W90/><G90/><T34/><D134/><N who="2" m="51818" /><F91/><W59/><G59/><T70/><D70/><U42/><E42/><V15/><F37/><W99/><G99/><T53/><D126/><U131/><E131/><V80/><F15/><W93/><G93/><T36/><D36/><U96/><REACH who="1" step="1"/><E85/><REACH who="1" ten="298,89,328,265" step="2"/><N who="2" m="52655" /><F80/><W127/><G127/><T55/><D123/><U124/><E124/><V10/><F10/><W86/><G86/><T52/><D120/><U82/><E82/><V19/><AGARI ba="0,2" hai="4,8,12,19,20,27,76,78" m="52655,51818" machi="19" ten="30,1100,0" yaku="20,1" doraHai="92" who="2" fromWho="2" sc="298,-3,89,-3,328,31,265,-5" owari="295,10.0,86,-41.0,359,45.0,260,-14.0" /></mjloggm>