<mjloggm ver="2.3"><GO type="97" lobby="0"/><UN n0="%E5%B0%B1%E6%B4%BB%E7%94%9F%40%E5%B7%9D%E6%9D%91%E8%BB%8D%E5%9B%A3" n1="%E6%BC%A3%E8%93%AE" n2="%E3%83%87%E3%83%9C%E3%83%B3%E3%82%B7%E3%83%A3%E3%82%A4%E3%82%A2" n3="%72%65%69%74%61%72%6F%75" dan="15,13,15,13" rate="2007.83,1813.90,1955.86,1894.50" sx="M,M,M,F"/><TAIKYOKU oya="0"/><INIT seed="0,0,0,0,4,87" ten="250,250,250,250" oya="0" hai0="75,110,85,108,128,30,79,54,27,95,14,56,60" hai1="5,134,62,91,28,113,11,71,57,49,100,111,122" hai2="77,101,45,96,130,2,20,127,33,4,74,118,52" hai3="123,114,99,16,132,38,58,8,117,51,92,78,70"/><T65/><D75/><U44/><E122/><V66/><F33/><W125/><G123/><T97/><D128/><U107/><E71/><V3/><F130/><W47/><G117/><T126/><D126/><U103/><E113/><V131/><F131/><W17/><G114/><T120/><D120/><U86/><E107/><V83/><F127/><W42/><G125/><T133/><D133/><U23/><E134/><V9/><F118/><W94/><G132/><T59/><D14/><U13/><E111/><N who="0" m="42537" /><D85/><U102/><E28/><V90/><F66/><W61/><G78/><T112/><D79/><U124/><E124/><V48/><F20/><W129/><G129/><T106/><D106/><U73/><E73/><V55/><F3/><W88/><G70/><N who="0" m="42279" /><D54/><U25/><E25/><V39/><F55/><N who="3" m="34015" /><G38/><T105/><D105/><U67/><E23/><V10/><F39/><W41/><G41/><T7/><D7/><U36/><E36/><V40/><F40/><W31/><G31/><T119/><D112/><U93/><REACH who="1" step="1"/><E103/><REACH who="1" ten="250,240,250,250" step="2"/><V72/><F72/><W18/><G94/><T43/><D119/><U116/><E116/><V121/><F121/><W109/><G109/><T34/><D43/><AGARI ba="0,1" hai="5,11,13,43,44,49,57,62,67,86,91,93,100,102" machi="43" ten="30,7700,0" yaku="1,1,7,1,8,1,52,1,53,0" doraHai="87" doraHaiUra="68" who="1" fromWho="0" sc="250,-77,240,87,250,0,250,0" /><INIT seed="1,0,0,3,4,66" ten="173,327,250,250" oya="1" hai0="48,20,35,120,36,54,70,49,90,88,19,78,57" hai1="117,8,67,93,94,15,103,42,133,111,81,132,11" hai2="2,87,21,96,121,110,98,130,5,109,34,118,71" hai3="56,12,33,29,38,92,27,58,85,77,124,31,7"/><U107/><E117/><V106/><F34/><W74/><G124/><T18/><D35/><U26/><E107/><V82/><F118/><W41/><G31/><T47/><D120/><U22/><E42/><V32/><F32/><W102/><G74/><T17/><D78/><U1/><E1/><V104/><F121/><W131/><G131/><T61/><D20/><U0/><E0/><V40/><F40/><W25/><G27/><T95/><D95/><U6/><E103/><V122/><F122/><W126/><G126/><T86/><D86/><U73/><E67/><V89/><F5/><W135/><G135/><T119/><D49/><U112/><E112/><V80/><F2/><W51/><G38/><T101/><D101/><U75/><E75/><V13/><F71/><W97/><G77/><T52/><D119/><U16/><E73/><V69/><F69/><W91/><G41/><N who="0" m="22951" /><D54/><U84/><E8/><V128/><F21/><W113/><G51/><T53/><D53/><U127/><E111/><N who="2" m="42507" /><F13/><W37/><G37/><T125/><D125/><U24/><E24/><V46/><F46/><W3/><G3/><T99/><D99/><N who="2" m="37930" /><F82/><W4/><G113/><T116/><D116/><U63/><E63/><V45/><F45/><W79/><G79/><T105/><D105/><AGARI ba="0,0" hai="80,87,89,104,105,106,128,130" m="37930,42507" machi="105" ten="40,5200,0" yaku="14,1,34,2" doraHai="66" who="2" fromWho="0" sc="173,-52,327,0,250,52,250,0" /><INIT seed="2,0,0,3,1,15" ten="121,327,302,250" oya="2" hai0="4,113,25,103,134,77,32,129,58,123,51,54,37" hai1="86,128,102,0,43,78,39,62,40,46,2,21,69" hai2="30,67,72,5,135,84,65,131,89,94,35,60,104" hai3="28,38,99,19,34,1,87,122,130,23,106,47,79"/><V133/><F72/><W101/><G122/><T117/><D37/><U100/><E43/><V53/><F131/><W98/><G130/><T82/><D129/><U9/><E128/><V6/><F104/><W116/><G116/><T119/><D123/><U8/><E69/><V66/><F30/><W90/><G1/><T111/><D113/><U126/><E62/><V24/><F24/><W75/><G34/><T95/><D111/><U110/><E110/><V70/><F35/><W45/><G28/><T105/><D134/><N who="2" m="51210" /><F53/><W44/><G98/><T36/><D105/><U108/><E108/><V12/><F12/><W17/><G23/><T33/><D36/><U59/><E8/><V7/><AGARI ba="0,0" hai="5,6,7,60,65,66,67,70,84,89,94" m="51210" machi="7" ten="30,1500,0" yaku="20,1" doraHai="15" who="2" fromWho="2" sc="121,-5,327,-5,302,15,250,-5" /><INIT seed="2,1,0,5,3,80" ten="116,322,317,245" oya="2" hai0="107,118,20,123,38,68,19,16,14,115,131,83,29" hai1="129,4,1,85,69,46,71,126,133,65,60,2,66" hai2="130,114,26,27,32,96,73,81,56,103,39,9,86" hai3="59,35,121,44,51,28,49,125,54,117,105,93,52"/><V120/><F39/><W92/><G105/><T104/><D123/><U36/><E133/><V55/><F120/><W31/><G121/><T33/><D115/><U40/><E129/><V58/><F73/><W97/><G117/><T128/><D68/><U50/><E126/><V0/><F130/><W23/><G125/><T25/><D38/><U3/><E50/><V5/><F114/><W18/><G35/><T11/><D118/><U30/><E30/><V42/><F42/><W8/><G8/><T63/><D128/><U102/><E102/><V134/><F32/><W21/><G21/><T113/><D113/><U89/><E89/><V95/><F134/><W99/><G99/><T41/><D41/><U106/><E85/><V101/><F101/><N who="3" m="60583" /><G93/><T135/><D135/><U84/><E84/><V43/><F43/><W88/><G88/><T90/><D131/><U10/><E106/><V110/><F110/><W122/><G122/><T13/><REACH who="0" step="1"/><D63/><AGARI ba="1,0" hai="1,2,3,4,10,36,40,46,60,63,65,66,69,71" machi="63" ten="40,8000,1" yaku="9,1,33,3" doraHai="80" who="1" fromWho="0" sc="116,-83,322,83,317,0,245,0" /><INIT seed="3,0,0,4,3,23" ten="33,405,317,245" oya="3" hai0="118,117,52,90,87,0,43,69,61,78,60,18,85" hai1="72,20,123,29,40,106,26,125,81,49,53,36,34" hai2="27,94,73,89,21,70,33,79,77,3,102,104,12" hai3="44,59,131,103,112,55,115,84,91,24,8,37,4"/><W9/><G131/><T86/><D90/><U35/><E123/><V65/><F3/><W124/><G124/><T41/><D0/><U56/><E125/><V10/><F33/><W88/><G103/><T54/><D18/><U31/><E106/><V92/><F73/><W62/><G115/><T109/><D78/><U120/><E120/><V133/><F104/><W98/><G112/><T83/><D83/><U121/><E29/><N who="2" m="17647" /><F70/><W1/><G9/><T76/><D76/><U108/><E81/><V22/><F65/><W128/><G128/><T105/><D69/><U13/><E72/><V116/><F116/><W82/><G24/><T28/><D28/><U113/><E108/><V51/><F22/><W135/><G135/><T114/><D105/><U129/><E129/><V2/><F2/><W50/><G37/><T39/><D39/><U63/><E36/><V130/><F133/><W5/><G5/><T32/><D32/><U67/><E121/><V119/><F119/><W97/><REACH who="3" step="1"/><G91/><REACH who="3" ten="33,405,317,235" step="2"/><T19/><D114/><U14/><E113/><V17/><F130/><W38/><G38/><T80/><D80/><U48/><E26/><V110/><F110/><W6/><G6/><T101/><D109/><U16/><E31/><V68/><F102/><W96/><G96/><T99/><D99/><U30/><E30/><V107/><F89/><W74/><G74/><T64/><D101/><U100/><E100/><V132/><F132/><W46/><G46/><T25/><D25/><U75/><E75/><V93/><F107/><W57/><G57/><T42/><D19/><U45/><E45/><RYUUKYOKU ba="0,1" sc="33,-10,405,-10,317,-10,235,30" hai3="1,4,8,44,50,55,59,62,82,84,88,97,98" /><INIT seed="3,1,1,3,2,21" ten="23,395,307,265" oya="3" hai0="7,94,79,108,14,37,82,100,125,77,47,52,11" hai1="36,35,17,25,74,63,51,119,22,41,69,2,105" hai2="106,64,29,78,90,18,84,40,61,110,57,55,116" hai3="122,46,67,56,42,92,96,27,45,48,104,80,89"/><W132/><G122/><T118/><D108/><U130/><E105/><V49/><F110/><W128/><G132/><T58/><D118/><U59/><E74/><V62/><F106/><W19/><G128/><T9/><D125/><U97/><E69/><V99/><F116/><W107/><G46/><T12/><D37/><U70/><E119/><V98/><F78/><W60/><G80/><T127/><D127/><U131/><E70/><V50/><F29/><W111/><G111/><T6/><D47/><N who="1" m="26095" /><E36/><V86/><F86/><W26/><G107/><T65/><D65/><U16/><E2/><V121/><F121/><W68/><G104/><T83/><D94/><U32/><E17/><V23/><F40/><W117/><G117/><T31/><D100/><U114/><E114/><V3/><F3/><W44/><G44/><T95/><D95/><U102/><E102/><V39/><F39/><W115/><G115/><T34/><D34/><U129/><E97/><N who="2" m="36875" /><F62/><W71/><G71/><T38/><D38/><U93/><E93/><N who="2" m="54471" /><F64/><AGARI ba="1,1" hai="16,22,25,32,35,59,63,64,129,130,131" m="26095" machi="64" ten="30,3900,0" yaku="19,1,52,1,54,1" doraHai="21" who="1" fromWho="2" sc="23,0,395,52,307,-42,265,0" owari="23,-48.0,447,54.0,265,7.0,265,-13.0" /></mjloggm>