<mjloggm ver="2.3"><GO type="169" lobby="0"/><UN n0="%E3%81%A8%E3%82%8C%E3%82%82%E3%82%8D" n1="%E3%83%88%E3%83%88%E3%83%AA%E5%85%88%E7%94%9F%31%39%E6%AD%B3" n2="%E3%83%90%E3%83%90%E3%82%A2%E3%81%AE%E6%97%A5%E5%82%98" n3="%6A%75%6D%70%2D%75%70" dan="17,17,17,16" rate="2125.38,2247.70,2179.27,2049.37" sx="M,F,F,M"/><TAIKYOKU oya="0"/><INIT seed="0,0,0,5,2,128" ten="250,250,250,250" oya="0" hai0="104,76,5,101,15,92,0,102,65,40,13,135,127" hai1="98,39,16,77,72,86,20,11,94,109,7,42,14" hai2="36,54,60,95,47,120,105,126,113,51,52,58,57" hai3="59,83,44,19,70,32,3,63,22,21,6,121,67"/><T8/><D104/><U55/><E72/><V97/><F113/><W71/><G32/><T115/><D115/><U108/><E55/><V69/><F120/><W80/><G22/><T34/><D34/><U114/><E114/><V61/><F105/><W25/><G121/><T73/><D127/><U89/><E42/><V74/><F74/><W35/><G35/><T116/><D116/><U81/><REACH who="1" step="1"/><E39/><REACH who="1" ten="250,240,250,250" step="2"/><V111/><F36/><W23/><G23/><T90/><D40/><U93/><E93/><V107/><F107/><W31/><G80/><T24/><D92/><U82/><E82/><V112/><F112/><W87/><G31/><T125/><D73/><U49/><E49/><V103/><F126/><W133/><G133/><T29/><D135/><U56/><E56/><V46/><F111/><W100/><G44/><N who="2" m="16937" /><F69/><W33/><G33/><T129/><D125/><U43/><E43/><V84/><F51/><W123/><G123/><T17/><D29/><U48/><E48/><V30/><F30/><W27/><G70/><T106/><D106/><U96/><E96/><V110/><F110/><W91/><G71/><T4/><D129/><U122/><E122/><V117/><F117/><W68/><G68/><T78/><D65/><U1/><AGARI ba="0,1" hai="1,7,11,14,16,20,77,81,86,89,94,98,108,109" machi="1" ten="30,4000,0" yaku="1,1,0,1,54,1,53,0" doraHai="128" doraHaiUra="41" who="1" fromWho="1" sc="250,-20,240,50,250,-10,250,-10" /><INIT seed="1,0,0,0,0,1" ten="230,290,240,240" oya="1" hai0="118,41,11,129,13,50,7,40,21,123,78,38,55" hai1="45,5,25,131,16,61,43,79,119,89,76,52,97" hai2="65,117,23,70,54,83,113,35,36,135,26,82,64" hai3="30,74,128,67,58,19,60,18,87,107,47,109,46"/><U53/><E119/><V102/><F35/><W37/><G74/><T17/><D118/><U12/><E131/><V110/><F36/><W114/><G128/><T48/><D129/><U56/><E53/><V49/><F110/><W31/><G109/><T68/><D68/><U42/><E25/><V116/><F117/><W105/><G37/><T121/><D38/><U106/><E5/><V99/><F116/><W93/><G105/><T28/><D28/><N who="3" m="10793" /><G107/><T71/><D71/><U22/><E45/><N who="3" m="16906" /><G114/><T108/><D108/><U112/><E112/><V84/><F70/><W4/><G4/><T14/><D78/><N who="1" m="29739" /><E106/><V73/><F73/><W62/><G60/><T44/><REACH who="0" step="1"/><D50/><REACH who="0" ten="220,290,240,240" step="2"/><U57/><E57/><V124/><F49/><W33/><G33/><T120/><AGARI ba="0,1" hai="7,11,13,14,17,21,40,41,44,48,55,120,121,123" machi="120" ten="30,8000,1" yaku="1,1,2,1,0,1,13,1,52,1,53,0" doraHai="1" doraHaiUra="77" who="0" fromWho="0" sc="220,90,290,-40,240,-20,240,-20" /><INIT seed="2,0,0,3,0,48" ten="310,250,220,220" oya="2" hai0="97,25,99,121,40,7,49,26,105,106,101,30,133" hai1="93,107,0,16,114,124,74,110,135,128,53,115,83" hai2="76,75,18,34,63,86,60,15,46,37,100,131,55" hai3="82,8,68,38,54,77,50,88,39,47,73,56,70"/><V43/><F75/><W126/><G126/><T123/><D7/><U89/><E0/><V21/><F34/><W2/><G88/><T116/><D133/><U36/><E107/><V1/><F1/><W6/><G38/><T61/><D116/><U95/><E36/><V66/><F100/><W23/><G23/><T45/><D61/><U44/><E124/><V129/><F76/><W87/><G87/><T94/><D25/><U120/><E135/><V57/><REACH who="2" step="1"/><F86/><REACH who="2" ten="310,250,210,220" step="2"/><W67/><G67/><T3/><D3/><U35/><E74/><V96/><F96/><W92/><G92/><T51/><D106/><U59/><E95/><V13/><F13/><W102/><G102/><T72/><D72/><U10/><E93/><V9/><F9/><W65/><G65/><T28/><D99/><U130/><E10/><V31/><F31/><W62/><G62/><T98/><D30/><U80/><E35/><V27/><F27/><W134/><G134/><T11/><D11/><U14/><E14/><V17/><F17/><W122/><G122/><T33/><D123/><U78/><E16/><V91/><F91/><W42/><AGARI ba="0,1" hai="2,6,8,39,42,47,50,54,56,68,70,73,77,82" machi="42" ten="30,7900,0" yaku="0,1,25,2,52,1" doraHai="48" who="3" fromWho="3" sc="310,-20,250,-20,210,-39,220,89" /><INIT seed="3,0,0,5,2,93" ten="290,230,171,309" oya="3" hai0="123,59,49,87,46,47,41,90,37,118,75,39,95" hai1="38,19,72,131,98,124,104,36,4,84,105,48,80" hai2="20,132,76,35,100,6,126,101,113,55,17,28,85" hai3="82,56,119,127,112,61,130,102,110,21,51,0,86"/><W3/><G112/><T133/><D75/><U26/><E72/><V52/><F35/><W57/><G119/><T44/><D123/><U114/><E114/><V116/><F6/><W77/><G127/><T92/><D133/><U64/><E124/><V45/><F28/><W1/><G130/><T68/><D68/><U11/><E131/><V134/><F113/><W7/><G7/><T54/><D118/><U74/><E74/><V32/><F32/><W83/><G110/><T73/><D73/><U79/><E104/><V103/><F126/><W78/><G102/><T135/><D135/><N who="2" m="51754" /><F45/><W66/><G21/><T117/><D117/><U33/><E64/><V16/><F17/><W63/><G51/><T122/><D122/><U107/><E107/><V97/><F116/><W42/><G42/><T99/><REACH who="0" step="1"/><D39/><REACH who="0" ten="280,230,171,309" step="2"/><U15/><E38/><V10/><F10/><W94/><G78/><T88/><AGARI ba="0,1" hai="37,41,44,46,47,49,54,59,87,88,90,92,95,99" machi="88" ten="20,12000,2" yaku="1,1,2,1,0,1,7,1,52,1,54,1,53,0" doraHai="93" doraHaiUra="9" who="0" fromWho="0" sc="280,130,230,-30,171,-30,309,-60" /><INIT seed="4,0,0,3,2,113" ten="410,200,141,249" oya="0" hai0="2,76,107,28,81,83,115,118,10,52,124,58,45" hai1="39,36,103,59,32,54,72,30,46,57,14,41,130" hai2="87,135,128,120,123,6,122,9,8,116,48,96,79" hai3="62,42,74,71,40,67,121,85,37,61,31,17,49"/><T0/><D115/><U95/><E72/><V90/><F79/><W29/><G74/><T22/><D107/><U100/><E130/><V109/><F109/><W13/><G37/><T12/><D45/><U131/><E131/><V88/><F128/><W112/><G112/><T16/><D118/><U102/><E39/><V119/><F135/><W89/><G62/><T51/><D124/><U110/><E110/><V70/><F70/><W43/><G49/><T126/><D83/><U91/><E32/><V97/><F48/><W19/><G19/><T27/><REACH who="0" step="1"/><D126/><REACH who="0" ten="400,200,141,249" step="2"/><U56/><E46/><V68/><F68/><W25/><G121/><T18/><D18/><U99/><E56/><V101/><F120/><W20/><REACH who="3" step="1"/><G25/><REACH who="3" ten="400,200,141,239" step="2"/><T38/><D38/><U82/><E36/><V1/><F122/><W47/><G47/><T129/><D129/><U11/><E57/><V125/><F123/><W127/><G127/><T65/><D65/><U98/><E59/><V86/><F125/><W24/><G24/><T133/><D133/><U34/><E41/><V4/><F101/><W55/><G55/><T114/><D114/><U33/><E54/><V93/><F93/><AGARI ba="0,2" hai="13,17,20,29,31,40,42,43,61,67,71,85,89,93" machi="93" ten="40,1300,0" yaku="1,1,53,0" doraHai="113" doraHaiUra="35" who="3" fromWho="2" sc="400,0,200,0,141,-13,239,33" /><INIT seed="5,0,0,3,2,14" ten="400,200,128,272" oya="1" hai0="129,3,77,67,45,113,29,107,125,79,23,6,62" hai1="11,68,56,122,15,27,28,64,94,57,133,60,20" hai2="48,78,0,31,4,16,89,88,71,37,46,80,127" hai3="130,131,112,98,120,105,53,42,50,55,21,132,12"/><U58/><E122/><V118/><F71/><W104/><G112/><T34/><D34/><U101/><E133/><V99/><F118/><W35/><G35/><T52/><D107/><U135/><E135/><V69/><F69/><W47/><G120/><T83/><D125/><U38/><E38/><V44/><F127/><W91/><G105/><T109/><D109/><U116/><E116/><V74/><F31/><W51/><G51/><T65/><D129/><N who="3" m="49161" /><G132/><T19/><D29/><U1/><E1/><V40/><F99/><W108/><G108/><T30/><D30/><U106/><E106/><V92/><F92/><N who="3" m="56607" /><G104/><T59/><D79/><U26/><E26/><V82/><F82/><W8/><G21/><T17/><D23/><U76/><E76/><V84/><F84/><W95/><G95/><T96/><D96/><N who="1" m="59543" /><E68/><V124/><F124/><W33/><G33/><T90/><D77/><U66/><E66/><V87/><F87/><W97/><G97/><T102/><D102/><U134/><E134/><V126/><F126/><W24/><G24/><T86/><D113/><U119/><E119/><V117/><F117/><W121/><G121/><T43/><D67/><U110/><E110/><V32/><F32/><W10/><G10/><T39/><D65/><U103/><E103/><V41/><F74/><W111/><G111/><T128/><D128/><U5/><AGARI ba="0,0" hai="5,11,15,20,27,28,56,57,58,60,64" m="59543" machi="5" ten="30,3000,0" yaku="25,1,8,1" doraHai="14" who="1" fromWho="1" sc="400,-10,200,30,128,-10,272,-10" /><INIT seed="5,1,0,2,1,57" ten="390,230,118,262" oya="1" hai0="63,51,107,9,58,59,97,16,22,41,135,47,83" hai1="67,62,52,6,37,3,30,105,12,1,134,127,60" hai2="29,122,114,71,96,108,91,27,111,45,0,120,35" hai3="74,109,119,4,84,43,64,10,46,133,78,92,87"/><U131/><E105/><V36/><F91/><W116/><G109/><N who="2" m="42057" /><F96/><W50/><G133/><T44/><D9/><N who="1" m="4151" /><E37/><V14/><F71/><W129/><G129/><T5/><D5/><U102/><E102/><V66/><F66/><W130/><G130/><T128/><D135/><U118/><E118/><N who="3" m="45098" /><G64/><T42/><D83/><U8/><E131/><V38/><F38/><W81/><G92/><T54/><D128/><U93/><E134/><V104/><F104/><W31/><G31/><T17/><D107/><U11/><E93/><V112/><F45/><W100/><G100/><T34/><D34/><U20/><E67/><V25/><F0/><AGARI ba="1,0" hai="0,4,10,43,46,50,74,78,81,84,87" m="45098" machi="0" ten="30,1000,0" yaku="12,1" doraHai="57" who="3" fromWho="2" sc="390,0,230,0,118,-13,262,13" /><INIT seed="6,0,0,3,2,118" ten="390,230,105,275" oya="2" hai0="58,135,97,72,33,74,32,127,50,122,24,119,84" hai1="5,90,99,62,100,40,27,94,77,121,21,78,109" hai2="133,114,123,29,25,52,16,10,87,103,37,2,126" hai3="6,131,31,116,18,43,38,86,67,56,107,80,7"/><V125/><F37/><W132/><G131/><T63/><D97/><U53/><E109/><V61/><F114/><W41/><G132/><T120/><D50/><U51/><E121/><V9/><F133/><W113/><G107/><T68/><D68/><U48/><E5/><N who="3" m="1546" /><G31/><T65/><D135/><U110/><E110/><V91/><F103/><W15/><G38/><T85/><D72/><U124/><E124/><N who="2" m="47723" /><F2/><W45/><G45/><T22/><D74/><U105/><E40/><V73/><F73/><W19/><G116/><T92/><D127/><U28/><E62/><V129/><F129/><W3/><G3/><T75/><D75/><U49/><REACH who="1" step="1"/><E53/><REACH who="1" ten="390,220,105,275" step="2"/><V0/><F123/><W70/><G41/><T42/><D119/><U34/><E34/><N who="2" m="20783" /><F0/><W93/><G43/><T83/><D42/><U89/><E89/><V14/><F61/><W81/><G113/><T12/><D122/><U44/><E44/><V47/><F47/><W134/><G134/><T59/><D120/><U130/><E130/><V111/><F111/><W55/><G55/><T108/><D63/><U26/><E26/><V112/><F112/><W79/><G67/><T96/><D65/><U46/><E46/><V98/><F52/><W76/><G79/><T54/><D54/><U69/><E69/><V95/><F98/><AGARI ba="0,1" hai="21,27,28,48,49,51,77,78,90,94,98,99,100,105" machi="98" ten="40,1300,0" yaku="1,1,53,0" doraHai="118" doraHaiUra="13" who="1" fromWho="2" sc="390,0,220,23,105,-13,275,0" /><INIT seed="7,0,0,3,4,16" ten="390,243,92,275" oya="3" hai0="101,44,94,38,119,130,41,17,116,1,21,104,55" hai1="9,54,5,11,14,39,123,36,52,97,49,50,79" hai2="77,24,28,105,56,132,81,0,70,69,82,20,99" hai3="113,88,46,112,121,124,10,58,134,27,32,115,93"/><W86/><G121/><T87/><D1/><U75/><E123/><V103/><F132/><W34/><G134/><T47/><D104/><U35/><E35/><V133/><F133/><W62/><G124/><T125/><D125/><U66/><E66/><V65/><F0/><W4/><G27/><T95/><D95/><U73/><E97/><V57/><F82/><W12/><REACH who="3" step="1"/><G46/><REACH who="3" ten="390,243,92,265" step="2"/><T76/><D47/><U83/><E73/><V48/><F57/><W7/><G7/><T89/><D44/><U22/><E5/><V61/><F48/><W8/><G8/><T2/><D119/><U91/><E9/><V37/><F37/><W74/><G74/><T64/><D38/><U45/><E11/><V23/><F70/><W127/><G127/><T80/><D116/><U42/><E39/><V129/><F129/><W40/><G40/><T126/><D41/><U59/><E49/><V30/><F30/><W43/><G43/><T90/><D126/><U109/><E36/><V78/><F78/><W84/><G84/><T117/><D87/><N who="1" m="50687" /><E75/><V114/><F114/><W108/><G108/><T60/><D76/><U135/><E109/><V33/><F56/><W63/><G63/><T118/><D60/><N who="1" m="35943" /><E135/><V92/><REACH who="2" step="1"/><F92/><REACH who="2" ten="390,243,82,265" step="2"/><W19/><G19/><T98/><D17/><N who="1" m="10551" /><E42/><V15/><F15/><W131/><G131/><T68/><D130/><U3/><E3/><V106/><F106/><W13/><G13/><T111/><D2/><U107/><E107/><V51/><F51/><W25/><G25/><T128/><D111/><U102/><E79/><V122/><F122/><W85/><G85/><AGARI ba="0,2" hai="20,23,24,28,33,61,65,69,77,81,85,99,103,105" machi="85" ten="30,16000,3" yaku="1,1,6,1,7,1,25,2,52,2,53,2" doraHai="16" doraHaiUra="18" who="2" fromWho="3" sc="390,0,243,0,82,180,265,-160" owari="390,49.0,243,-16.0,262,6.0,105,-39.0" /></mjloggm>