<mjloggm ver="2.3"><GO type="169" lobby="0"/><UN n0="%6E%6E%6E%6E%6E%6E" n1="%E5%B0%B1%E6%B4%BB%E7%94%9F%40%E5%B7%9D%E6%9D%91%E8%BB%8D%E5%9B%A3" n2="%E3%82%AD%E3%83%A5%E3%82%A2%E3%82%A8%E3%83%BC%E3%82%B9" n3="%E4%B8%89%E8%89%B2%E5%90%8C%E5%88%BB%E2%98%86" dan="17,16,17,16" rate="2147.49,2094.88,2212.24,2078.83" sx="M,M,F,M"/><TAIKYOKU oya="0"/><INIT seed="0,0,0,1,1,24" ten="250,250,250,250" oya="0" hai0="108,5,34,54,36,77,89,40,17,119,2,10,50" hai1="125,58,121,45,92,57,129,94,105,123,8,73,96" hai2="116,85,35,100,107,98,134,97,13,83,18,62,115" hai3="69,80,91,52,27,4,67,101,70,102,31,1,41"/><T16/><D119/><U61/><E73/><V66/><F115/><W19/><G41/><T68/><D68/><U59/><E129/><V51/><F35/><W23/><G4/><T113/><D113/><U90/><E125/><V42/><F134/><W114/><G1/><T46/><D34/><U74/><E74/><V72/><F72/><W126/><G114/><T22/><D77/><U53/><E105/><V93/><F42/><W0/><G0/><T82/><D108/><U43/><E8/><V11/><F51/><W39/><G39/><T48/><D22/><U122/><REACH who="1" step="1"/><E92/><REACH who="1" ten="250,240,250,250" step="2"/><V132/><F116/><W133/><G126/><T120/><D120/><U95/><E95/><V117/><F117/><W26/><G133/><T106/><D106/><U76/><E76/><V103/><F132/><W64/><G69/><T28/><D10/><U71/><E71/><V118/><F118/><W9/><G9/><T37/><D37/><AGARI ba="0,1" hai="37,43,45,53,57,58,59,61,90,94,96,121,122,123" machi="37" ten="40,1300,0" yaku="1,1,53,0" doraHai="24" doraHaiUra="44" who="1" fromWho="0" sc="250,-13,240,23,250,0,250,0" /><INIT seed="1,0,0,0,0,31" ten="237,263,250,250" oya="1" hai0="52,13,69,3,127,55,73,86,107,82,54,70,43" hai1="5,23,29,14,40,12,66,24,25,33,111,68,36" hai2="61,119,101,85,8,91,135,76,77,50,95,105,35" hai3="22,81,67,93,79,58,7,16,90,99,15,125,104"/><U132/><E68/><V92/><F119/><W72/><G125/><T128/><D73/><U75/><E75/><V114/><F105/><W39/><G39/><T26/><D107/><U9/><E66/><V62/><F35/><W34/><G7/><T4/><D3/><N who="1" m="191" /><E40/><V129/><F8/><W113/><G113/><T47/><D128/><U10/><E36/><V134/><F50/><W115/><G115/><T20/><D127/><U37/><E37/><V56/><F129/><W48/><G34/><T28/><D13/><N who="1" m="5227" /><E132/><N who="2" m="50731" /><F114/><W59/><G67/><T106/><D106/><U21/><E111/><V117/><F117/><W122/><G122/><T108/><D108/><U87/><E87/><V96/><F61/><W17/><G17/><T42/><D42/><U18/><E10/><V46/><F46/><W130/><G130/><T32/><D70/><U78/><E78/><V6/><F62/><W109/><G109/><T80/><D69/><U63/><E63/><V60/><F76/><W30/><G104/><T41/><D41/><U88/><E88/><V27/><F77/><W1/><G59/><T19/><D86/><U65/><E65/><V121/><F60/><W84/><G72/><T44/><D44/><U123/><E123/><V97/><F56/><W11/><G58/><T51/><D82/><U100/><E100/><V116/><F121/><W64/><G64/><T49/><D80/><U38/><E38/><V74/><F74/><W94/><G94/><T112/><D49/><U89/><E89/><V71/><F91/><W131/><G131/><T57/><D57/><U83/><E83/><RYUUKYOKU ba="0,0" sc="237,-10,263,30,250,-10,250,-10" hai1="18,21,23,24,25,29,33" /><INIT seed="1,1,0,4,4,21" ten="227,293,240,240" oya="1" hai0="111,63,2,43,53,16,95,0,24,73,119,129,58" hai1="49,100,22,62,10,103,134,124,84,44,26,78,6" hai2="98,77,93,13,108,94,122,3,128,32,48,39,91" hai3="133,5,52,89,47,107,131,28,34,69,9,65,68"/><U61/><E124/><V83/><F122/><W15/><G131/><T114/><D114/><U46/><E134/><V50/><F39/><W118/><G133/><T76/><D119/><U30/><E46/><V57/><F3/><W90/><G107/><T64/><D129/><U126/><E126/><V12/><F108/><W99/><G118/><T72/><D111/><U33/><E33/><V17/><F32/><W80/><G65/><T85/><D43/><U112/><E112/><V116/><F116/><W109/><G109/><T23/><D2/><U37/><E37/><V105/><F105/><W96/><G69/><T18/><D0/><U106/><E106/><V40/><F40/><W82/><G68/><T101/><D64/><U102/><E84/><N who="2" m="48239" /><F57/><W45/><G45/><T54/><D54/><N who="1" m="29991" /><E78/><V31/><F31/><W74/><G74/><T56/><D56/><U19/><E6/><V92/><F13/><AGARI ba="1,0" hai="10,13,19,22,26,30,61,62,100,102,103" m="29991" machi="13" ten="30,2900,0" yaku="8,1,52,1" doraHai="21" who="1" fromWho="2" sc="227,0,293,32,240,-32,240,0" /><INIT seed="1,2,0,4,2,25" ten="227,325,208,240" oya="1" hai0="58,61,78,117,128,64,91,40,123,97,88,104,11" hai1="43,52,51,125,34,114,66,10,71,119,22,101,69" hai2="126,99,100,90,103,131,67,124,83,75,63,9,44" hai3="121,50,79,19,16,46,12,87,107,68,73,2,48"/><U26/><E34/><V30/><F131/><W92/><G2/><T134/><D117/><U17/><E119/><V41/><F9/><W4/><G107/><T65/><D128/><U133/><E114/><V102/><F30/><W76/><G68/><T20/><D134/><U113/><E113/><V94/><F75/><W108/><G121/><T59/><D78/><N who="3" m="29737" /><G73/><T80/><D123/><U122/><E122/><V135/><F83/><W81/><G92/><T49/><D11/><U55/><E125/><V85/><F85/><W8/><G108/><T0/><D0/><U111/><E133/><V70/><REACH who="2" step="1"/><F135/><REACH who="2" ten="227,325,198,240" step="2"/><W7/><G81/><T106/><D80/><U13/><E111/><V53/><F53/><N who="3" m="29847" /><G87/><T36/><D65/><U105/><E66/><V18/><F18/><W127/><G127/><T112/><D64/><U95/><E55/><V32/><F32/><W42/><G19/><T120/><D120/><U37/><E43/><V45/><F45/><AGARI ba="2,1" hai="4,7,8,12,16,42,45,50" m="29847,29737" machi="45" ten="30,2000,0" yaku="8,1,54,1" doraHai="25" who="3" fromWho="2" sc="227,0,325,0,198,-26,240,36" /><INIT seed="2,0,0,1,3,80" ten="227,325,172,276" oya="2" hai0="90,93,54,17,133,129,88,32,104,135,64,131,37" hai1="4,11,130,0,43,78,62,3,111,106,125,75,56" hai2="25,48,47,97,7,2,76,73,34,71,19,67,30" hai3="79,14,21,121,105,74,16,31,115,82,65,42,119"/><V20/><F71/><W6/><G119/><T55/><D32/><U83/><E106/><V100/><F67/><W124/><G121/><T58/><D37/><U109/><E130/><N who="0" m="49673" /><D104/><U118/><E118/><V127/><F127/><W98/><G124/><T41/><D41/><U84/><E125/><V66/><F66/><W49/><G115/><T68/><D68/><U50/><E3/><V120/><F120/><W28/><G6/><T85/><D17/><U87/><E50/><V24/><F76/><W40/><G65/><T122/><D122/><U81/><E43/><V89/><F73/><W103/><REACH who="3" step="1"/><G40/><REACH who="3" ten="227,325,172,266" step="2"/><T9/><D64/><U1/><E1/><V61/><F7/><W8/><G8/><T117/><D9/><U132/><E11/><V29/><F2/><W123/><G123/><T112/><D112/><U44/><E4/><V15/><F34/><W108/><G108/><T69/><D117/><U95/><E0/><V57/><F30/><W10/><G10/><T38/><D69/><U96/><E109/><V45/><F29/><W92/><G92/><N who="0" m="54287" /><D38/><U27/><E111/><V77/><F45/><AGARI ba="0,1" hai="14,16,21,28,31,42,45,49,74,79,82,98,103,105" machi="45" ten="40,5200,0" yaku="1,1,54,1,53,1" doraHai="80" doraHaiUra="46" who="3" fromWho="2" sc="227,0,325,0,172,-52,266,62" /><INIT seed="3,0,0,4,3,42" ten="227,325,120,328" oya="3" hai0="102,1,99,3,6,54,82,20,5,103,38,80,117" hai1="31,26,63,58,116,64,119,23,60,107,36,108,122" hai2="93,92,2,44,57,15,7,19,123,53,29,17,128" hai3="76,85,62,67,96,25,61,113,72,46,105,87,91"/><W114/><G62/><T95/><D38/><U71/><E122/><V37/><F128/><W68/><G25/><T65/><D65/><U111/><E36/><V66/><F123/><W79/><G87/><T33/><D33/><U88/><E107/><V51/><F29/><W97/><G97/><T27/><D117/><N who="1" m="45131" /><E88/><V16/><F2/><W39/><G79/><T69/><D69/><U70/><E70/><V101/><F37/><W9/><G9/><T40/><D40/><U98/><E98/><V110/><F110/><W125/><G125/><T126/><D103/><U127/><E127/><V43/><F101/><W48/><G39/><T100/><D100/><U120/><E120/><V45/><F66/><AGARI ba="0,0" hai="23,26,31,58,60,63,64,66,71,108,111" m="45131" machi="66" ten="30,1000,0" yaku="12,1" doraHai="42" who="1" fromWho="2" sc="227,0,325,10,120,-10,328,0" /><INIT seed="4,0,0,4,5,127" ten="227,335,110,328" oya="0" hai0="57,75,12,1,51,46,26,11,22,25,121,103,30" hai1="131,124,0,90,58,39,56,83,64,24,66,2,38" hai2="21,93,33,91,92,50,104,19,116,97,100,113,20" hai3="44,98,118,101,42,5,45,102,28,63,105,61,23"/><T35/><D75/><U53/><E124/><V78/><F33/><W73/><G73/><T7/><D103/><U82/><E24/><V47/><F113/><W95/><G5/><T16/><D57/><U99/><E99/><V84/><F116/><W8/><G8/><T18/><D121/><U111/><E111/><V123/><F123/><W9/><G9/><N who="0" m="6159" /><D51/><U31/><E31/><V49/><F78/><W59/><G105/><T114/><D46/><U115/><E115/><AGARI ba="0,0" hai="1,7,11,18,22,25,26,30,35,114,115" m="6159" machi="115" ten="30,5800,0" yaku="34,2,54,1" doraHai="127" who="0" fromWho="1" sc="227,58,335,-58,110,0,328,0" /><INIT seed="4,1,0,3,2,82" ten="285,277,110,328" oya="0" hai0="31,84,91,0,17,34,74,72,56,60,76,13,54" hai1="2,51,79,11,86,122,25,14,75,7,53,3,121" hai2="92,101,43,64,109,100,73,108,116,55,77,29,23" hai3="67,71,6,65,83,36,94,128,99,81,39,26,118"/><T33/><D0/><U41/><E75/><V119/><F43/><W1/><G118/><N who="2" m="45097" /><F64/><W68/><G1/><T125/><D125/><U107/><E107/><V123/><F55/><W89/><G26/><T48/><D76/><U40/><E3/><V80/><F23/><W104/><G104/><T4/><D4/><U88/><E2/><V16/><F16/><W10/><G6/><T106/><D106/><U27/><E121/><V114/><F29/><W30/><G94/><T52/><D74/><U32/><E122/><V113/><F123/><W38/><G30/><T15/><D72/><U90/><E32/><V57/><F57/><W18/><G18/><T44/><D31/><U103/><E27/><V47/><F47/><W110/><G38/><T117/><D117/><U133/><E133/><V58/><F58/><W45/><G45/><T61/><D61/><U132/><E25/><V22/><F22/><W130/><G89/><N who="1" m="34410" /><E132/><V35/><F35/><W19/><G19/><T69/><D15/><U85/><E79/><V8/><F8/><W5/><G5/><T124/><D69/><U98/><E41/><V131/><F131/><W127/><G10/><N who="0" m="6327" /><D124/><U63/><E40/><V97/><F101/><W134/><G127/><T66/><D66/><U70/><E70/><V126/><F126/><W9/><G9/><T24/><D24/><U20/><E63/><V21/><F21/><W105/><G130/><T59/><D59/><N who="1" m="33215" /><E20/><V135/><F135/><W93/><G134/><T102/><D102/><U28/><E28/><V42/><F42/><W62/><G128/><T115/><D60/><RYUUKYOKU ba="1,0" sc="285,-15,277,15,110,15,328,-15" hai1="7,11,14,85,86,98,103" hai2="73,77,80,92,97,100,108,109,113,114" /><INIT seed="5,2,0,3,5,60" ten="270,292,125,313" oya="1" hai0="87,4,53,134,117,25,58,6,52,75,12,51,38" hai1="39,96,34,41,11,74,66,99,24,91,127,76,105" hai2="55,20,36,42,45,115,82,118,49,17,56,8,27" hai3="98,103,22,80,57,37,47,73,84,125,71,124,92"/><U86/><E127/><N who="3" m="48714" /><G71/><T112/><D117/><U93/><E41/><V79/><F8/><W131/><G73/><T68/><D68/><U5/><E39/><V21/><F21/><W48/><G37/><T108/><D108/><U83/><E34/><V113/><REACH who="2" step="1"/><F118/><REACH who="2" ten="270,292,115,313" step="2"/><W116/><G22/><T122/><D122/><U90/><E11/><V50/><F50/><W126/><G116/><T121/><D38/><U81/><E5/><V88/><F88/><W35/><G126/><T119/><D119/><U1/><E1/><V19/><F19/><W95/><G35/><T78/><D121/><U64/><E24/><V114/><F114/><W31/><G48/><T69/><D112/><U61/><E61/><V28/><F28/><W70/><G31/><T32/><D25/><U59/><E59/><V100/><F100/><W15/><G103/><T132/><D32/><U3/><E3/><V33/><F33/><W106/><G57/><T85/><D69/><U104/><E91/><V120/><F120/><W94/><G70/><T97/><D6/><U30/><E30/><V26/><F26/><W7/><G7/><T128/><D4/><U43/><E90/><V23/><F23/><W54/><G15/><T9/><D58/><U16/><E16/><V130/><F130/><W101/><G131/><T44/><D128/><U111/><E111/><V62/><F62/><W102/><G101/><T40/><D9/><U29/><E29/><V77/><F77/><N who="3" m="46095" /><G47/><T65/><D44/><U0/><E0/><V133/><F133/><W46/><G46/><T123/><D51/><U67/><E76/><RYUUKYOKU ba="2,1" sc="270,-15,292,-15,115,15,313,15" hai2="17,20,27,36,42,45,49,55,56,79,82,113,115" hai3="54,92,94,95,98,102,106" /><INIT seed="6,3,1,1,4,56" ten="255,277,130,328" oya="2" hai0="11,53,64,34,24,25,4,106,108,105,95,72,6" hai1="114,23,96,128,15,84,76,57,38,44,132,51,18" hai2="118,45,33,77,49,40,50,129,111,17,125,47,87" hai3="10,46,94,126,21,52,102,59,0,43,134,54,93"/><V81/><F118/><W89/><G134/><T100/><D72/><U41/><E128/><V5/><F129/><W26/><G126/><T75/><D75/><U61/><E132/><V101/><F125/><W65/><G102/><T67/><D108/><U48/><E114/><V70/><F111/><W60/><G10/><T90/><D105/><U112/><E112/><V85/><F70/><W69/><G0/><T127/><D106/><U30/><E30/><V22/><F33/><W110/><G110/><T130/><D100/><U14/><E96/><V82/><F101/><W86/><G94/><T115/><D115/><U80/><E15/><V122/><F5/><W36/><G69/><T73/><D73/><U12/><E14/><V20/><F17/><AGARI ba="3,1" hai="17,21,26,36,43,46,52,54,59,60,65,86,89,93" machi="17" ten="30,3900,0" yaku="7,1,52,1,54,1" doraHai="56" who="3" fromWho="2" sc="255,0,277,0,130,-48,328,58" /><INIT seed="7,0,0,2,0,90" ten="255,277,82,386" oya="3" hai0="95,69,21,100,117,19,3,99,1,27,0,68,124" hai1="65,70,53,103,24,39,109,37,94,93,132,9,97" hai2="76,43,58,29,17,12,4,8,121,118,87,20,62" hai3="82,33,7,88,128,122,23,5,31,22,92,6,25"/><W55/><G122/><T123/><D117/><U110/><E132/><V73/><F73/><W119/><G119/><T129/><D129/><U18/><E70/><V63/><F118/><W112/><G82/><T38/><D124/><U10/><E65/><V105/><F105/><W75/><G75/><T50/><D38/><U81/><E81/><V98/><F121/><W135/><G128/><T41/><REACH who="0" step="1"/><D123/><REACH who="0" ten="245,277,82,386" step="2"/><U67/><E39/><V83/><F29/><N who="3" m="17599" /><G135/><T114/><D114/><U2/><E37/><V57/><F98/><W111/><G31/><T102/><D102/><U89/><E109/><V11/><F43/><W34/><G112/><T28/><D28/><U40/><E40/><V32/><F32/><W61/><G34/><T79/><D79/><U74/><E74/><V36/><F36/><W54/><G33/><T120/><D120/><U51/><E67/><V115/><F115/><W47/><G111/><T77/><D77/><U85/><E110/><V134/><F134/><W71/><G55/><T106/><D106/><U48/><E2/><V45/><F45/><AGARI ba="0,1" hai="0,1,3,19,21,27,41,45,50,68,69,95,99,100" machi="45" ten="40,2600,0" yaku="1,1,52,1,53,0" doraHai="90" doraHaiUra="52" who="0" fromWho="2" sc="245,36,277,0,82,-26,386,0" owari="281,8.0,277,-12.0,56,-44.0,386,48.0" /></mjloggm>