<mjloggm ver="2.3"><GO type="225" lobby="0"/><UN n0="%63%75%72%65%74%61%70%65" n1="%E3%83%88%E3%83%88%E3%83%AA%E5%85%88%E7%94%9F%31%39%E6%AD%B3" n2="%E3%83%8F%E3%83%94%E3%83%8A%E5%90%8D%E6%8E%9B%E4%B8%81" n3="%56%65%6E%75%73%53%61%79" dan="16,18,16,18" rate="2120.69,2279.18,2113.67,2210.00" sx="M,F,M,F"/><TAIKYOKU oya="0"/><INIT seed="0,0,0,5,2,78" ten="250,250,250,250" oya="0" hai0="19,80,133,94,9,132,59,134,76,120,15,118,51" hai1="67,70,79,40,130,127,2,100,27,64,54,58,72" hai2="14,111,125,99,65,87,82,77,44,36,23,6,5" hai3="107,88,104,62,84,112,89,55,10,56,26,102,3"/><T17/><D120/><U85/><E2/><V4/><F125/><W124/><G112/><T91/><D118/><U48/><E72/><V66/><F111/><W52/><G124/><T21/><D59/><U50/><E70/><V32/><F32/><W119/><G119/><T106/><D106/><U33/><E130/><V57/><F36/><W12/><G3/><T98/><D51/><U116/><E116/><V37/><F37/><W121/><G121/><T68/><D68/><U128/><E128/><V35/><F35/><W53/><G26/><T47/><D47/><N who="1" m="25703" /><E33/><V16/><F44/><W126/><G89/><T73/><REACH who="0" step="1"/><D21/><REACH who="0" ten="240,250,250,250" step="2"/><U39/><E39/><V7/><N who="2" m="1536" /><DORA hai="69" /><V122/><F122/><W110/><G126/><T25/><D25/><U1/><E27/><V101/><REACH who="2" step="1"/><F57/><REACH who="2" ten="240,250,240,250" step="2"/><W61/><G56/><T83/><D83/><N who="1" m="47359" /><E127/><V103/><F103/><W20/><G102/><T123/><D123/><U93/><E1/><V113/><F113/><W34/><G34/><T74/><D74/><U95/><E100/><V129/><F129/><W42/><G110/><T81/><D81/><U24/><E64/><V71/><F71/><W31/><G107/><AGARI ba="0,2" hai="14,16,23,65,66,77,82,87,99,101,107" m="1536" machi="107" ten="50,8000,1" yaku="1,1,52,1,54,1,53,1" doraHai="78,69" doraHaiUra="135,11" who="2" fromWho="3" sc="240,0,250,0,240,100,250,-80" /><INIT seed="1,0,0,0,2,78" ten="240,250,340,170" oya="1" hai0="17,20,48,115,35,125,73,4,66,77,128,7,129" hai1="95,5,29,110,81,56,74,107,53,82,123,46,86" hai2="108,96,32,24,36,6,117,105,118,23,127,12,84" hai3="50,97,58,68,60,49,55,54,109,126,16,75,43"/><U134/><E123/><V1/><F36/><W61/><G75/><T69/><D115/><U39/><E107/><V71/><F71/><W135/><G109/><T111/><D35/><U89/><E110/><V18/><F127/><W44/><G126/><T62/><D111/><U132/><E29/><V15/><F108/><W37/><G135/><N who="1" m="51754" /><E74/><V40/><F40/><W94/><G16/><T102/><D125/><U106/><E106/><V101/><F15/><W116/><G116/><T38/><D38/><U130/><E130/><N who="0" m="50281" /><D102/><U33/><E33/><V52/><F84/><W72/><G72/><T11/><D11/><U122/><E122/><V85/><F85/><W98/><G98/><T88/><D48/><N who="1" m="30759" /><E5/><V120/><F120/><W99/><G99/><T2/><D2/><U76/><E76/><V42/><F42/><AGARI ba="0,0" hai="39,42,46,81,82,86,89,95" m="30759,51754" machi="42" ten="30,5800,0" yaku="20,1,52,2" doraHai="78" who="1" fromWho="2" sc="240,0,250,58,340,-58,170,0" /><INIT seed="1,1,0,0,2,91" ten="240,308,282,170" oya="1" hai0="22,88,4,63,113,126,38,54,84,97,93,9,99" hai1="76,123,15,83,127,29,6,131,73,89,125,48,11" hai2="17,107,132,130,72,112,129,51,31,75,120,100,80" hai3="0,10,27,16,30,1,118,26,21,121,103,116,46"/><U134/><E123/><V47/><F120/><W95/><G46/><T40/><D113/><U122/><E122/><V58/><F112/><W110/><G121/><T19/><D126/><N who="1" m="48139" /><E131/><N who="2" m="50187" /><F58/><W124/><G124/><T8/><D38/><U14/><E134/><V44/><F31/><W23/><G110/><T96/><D40/><U79/><E29/><V70/><F70/><W12/><G95/><T133/><D133/><U32/><E32/><V56/><F56/><W101/><G101/><T92/><D4/><U69/><E69/><V39/><F132/><W71/><G103/><N who="0" m="60847" /><D9/><N who="1" m="4407" /><E48/><V36/><F17/><N who="3" m="12655" /><G71/><T35/><D8/><U49/><E49/><V24/><F24/><W65/><G65/><T7/><D7/><N who="1" m="3583" /><E89/><V106/><F100/><W41/><G41/><T66/><D35/><U2/><E79/><V108/><F108/><W33/><G33/><T119/><D66/><U28/><E28/><V81/><F51/><W64/><G64/><T53/><D63/><U34/><E34/><V117/><F117/><AGARI ba="1,0" hai="0,1,10,12,16,21,27,30,116,117,118" m="12655" machi="117" ten="30,7700,0" yaku="12,1,34,2,54,1" doraHai="91" who="3" fromWho="2" sc="240,0,308,0,282,-80,170,80" /><INIT seed="2,0,0,5,0,30" ten="240,308,202,250" oya="2" hai0="119,87,21,32,104,62,90,70,103,94,42,73,10" hai1="133,6,85,123,57,129,51,132,127,58,63,99,108" hai2="102,48,24,126,109,27,97,135,29,16,53,47,60" hai3="131,77,4,9,18,111,78,115,7,35,98,96,82"/><V120/><F120/><W121/><G121/><T134/><D73/><U20/><E123/><V113/><F113/><W50/><G35/><T101/><D134/><N who="1" m="51819" /><E108/><V72/><F72/><W84/><G111/><T5/><D119/><U114/><E114/><V2/><F2/><W65/><G131/><T79/><D79/><N who="3" m="30217" /><G65/><T43/><D32/><U92/><E85/><V55/><F135/><W61/><G61/><T122/><D122/><U100/><E127/><V3/><F3/><W125/><G125/><T106/><D21/><U124/><E124/><V76/><F76/><N who="3" m="46151" /><G115/><T71/><D106/><U45/><E6/><N who="3" m="2090" /><G50/><T68/><D62/><U36/><E36/><V40/><F109/><W130/><G130/><T44/><D104/><U22/><E129/><V13/><F126/><W128/><G128/><T25/><D25/><U105/><E63/><V15/><F60/><W116/><G116/><T117/><D117/><U19/><E105/><V12/><F29/><W49/><G49/><T110/><D110/><U41/><E22/><N who="2" m="13383" /><F27/><AGARI ba="0,0" hai="19,20,27,41,45,51,57,58,92,99,100" m="51819" machi="27" ten="30,1000,0" yaku="20,1" doraHai="30" who="1" fromWho="2" sc="240,0,308,10,202,-10,250,0" /><INIT seed="3,0,0,0,5,90" ten="240,318,192,250" oya="3" hai0="117,92,6,124,62,81,55,121,51,86,131,39,82" hai1="95,116,50,36,23,112,25,17,33,57,77,80,75" hai2="60,99,122,126,70,21,102,32,109,3,9,110,87" hai3="48,128,38,47,91,98,37,30,118,104,115,22,65"/><W114/><G118/><T14/><D117/><U103/><E116/><V67/><F122/><W135/><G128/><T29/><D121/><U53/><E112/><V130/><F126/><W76/><G135/><T49/><D39/><U123/><E123/><V134/><F130/><W35/><G38/><T61/><D131/><U63/><E36/><V132/><F87/><W2/><G2/><T1/><D124/><U18/><E33/><V12/><F21/><W45/><G76/><T74/><D74/><U105/><E105/><V10/><F32/><W56/><G35/><T4/><D1/><U73/><E73/><V28/><F28/><W19/><G30/><T93/><D29/><U96/><E50/><N who="0" m="18953" /><D82/><U111/><E111/><V66/><F67/><W97/><G65/><T83/><D83/><U26/><E18/><V34/><F34/><W127/><G19/><T15/><D15/><AGARI ba="0,0" hai="15,17,23,25,26,53,57,63,75,77,80,95,96,103" machi="15" ten="30,2000,0" yaku="7,1,52,1" doraHai="90" who="1" fromWho="0" sc="240,-20,318,20,192,0,250,0" owari="220,-18.0,338,44.0,192,-31.0,250,5.0" /></mjloggm>