<mjloggm ver="2.3"><GO type="169" lobby="0"/><UN n0="%E4%B8%96%E3%82%92%E7%9B%B4%E3%81%99%E8%80%85" n1="%E3%82%A6%E3%83%AB%E3%83%88%E3%83%A9%E7%AB%8B%E7%9B%B4" n2="%E9%96%8B%E9%81%8B%E5%BE%A1%E5%AE%88" n3="%E7%AB%8B%E8%8F%AF%E5%A5%8F" dan="16,17,17,17" rate="2087.43,2200.53,2138.05,2182.86" sx="M,M,M,F"/><TAIKYOKU oya="0"/><INIT seed="0,0,0,2,4,13" ten="250,250,250,250" oya="0" hai0="121,123,83,114,51,0,36,104,52,106,77,17,6" hai1="95,93,39,80,20,75,4,30,122,55,58,113,86" hai2="101,3,22,38,131,44,76,40,27,43,47,96,67" hai3="92,129,105,21,19,29,15,12,115,25,16,18,112"/><T56/><D114/><N who="3" m="43561" /><G105/><T5/><D36/><U10/><E75/><V133/><F133/><W54/><G92/><T81/><D0/><U35/><E35/><V82/><F131/><W74/><G74/><T34/><D34/><U128/><E128/><V134/><F134/><W90/><G90/><T68/><D68/><U124/><E39/><V11/><F67/><W73/><G73/><T66/><D66/><U50/><E113/><V46/><F46/><W24/><G54/><T9/><D106/><U63/><E63/><V8/><F3/><W97/><G97/><T79/><D104/><U42/><E42/><V14/><F96/><W135/><G135/><T41/><D41/><U48/><E48/><V89/><F89/><W107/><G107/><T119/><D119/><U132/><E132/><V49/><F101/><W111/><G111/><T23/><D123/><U60/><E95/><V125/><F125/><W110/><G110/><T26/><D121/><U70/><E124/><V94/><F94/><W108/><G108/><T87/><D9/><U103/><E93/><V120/><F120/><W33/><G129/><T126/><D126/><U28/><E103/><V45/><F45/><W7/><G7/><T1/><D1/><N who="1" m="271" /><E122/><V102/><F102/><W59/><G59/><T71/><D71/><U109/><E109/><V2/><F2/><W62/><G62/><T37/><D37/><U84/><E60/><V88/><F38/><W100/><G100/><T91/><D91/><N who="1" m="51591" /><E70/><V78/><F43/><W130/><G130/><T61/><D61/><U117/><E117/><V72/><F40/><RYUUKYOKU ba="0,0" sc="250,15,250,-15,250,-15,250,15" hai0="5,6,17,23,26,51,52,56,77,79,81,83,87" hai3="12,15,16,18,19,21,24,25,29,33" /><INIT seed="0,1,0,4,4,60" ten="265,235,235,265" oya="0" hai0="35,33,68,46,127,102,31,113,88,42,63,57,45" hai1="123,130,134,43,6,117,90,49,34,27,78,28,12" hai2="5,1,53,39,83,110,107,104,87,44,119,2,40" hai3="66,51,105,132,99,41,30,20,95,109,38,76,0"/><T93/><D113/><U103/><E123/><V98/><F110/><W121/><G109/><T8/><D68/><U55/><E117/><V115/><F115/><W62/><G121/><T7/><D102/><U3/><E130/><V19/><F119/><W29/><G132/><T85/><D127/><U36/><E134/><V82/><F82/><W73/><G105/><T89/><D89/><U79/><E103/><V67/><F53/><W58/><G38/><T18/><D18/><U108/><E3/><V122/><F122/><W84/><G0/><T91/><D91/><U69/><E69/><V72/><F72/><W75/><G75/><T16/><D16/><U80/><E43/><V74/><F74/><W120/><G73/><T114/><D114/><U59/><E36/><V50/><F39/><W65/><G120/><T128/><D128/><U129/><E129/><V81/><F81/><N who="3" m="47143" /><G20/><T101/><D101/><U9/><E108/><V61/><F19/><W96/><G41/><T135/><D135/><U125/><E125/><V22/><F22/><W124/><G124/><T116/><D116/><U86/><AGARI ba="1,0" hai="6,9,12,27,28,34,49,55,59,78,79,80,86,90" machi="86" ten="30,1100,0" yaku="0,1" doraHai="60" who="1" fromWho="1" sc="265,-6,235,14,235,-4,265,-4" /><INIT seed="1,0,0,4,4,66" ten="259,249,231,261" oya="1" hai0="132,85,11,120,104,55,44,134,106,12,33,125,75" hai1="8,61,34,62,100,90,36,80,38,15,3,51,47" hai2="23,10,32,87,5,52,123,78,127,124,81,57,7" hai3="96,0,26,84,131,83,43,30,70,117,111,110,98"/><U48/><E34/><V92/><F32/><W42/><G0/><T64/><D75/><U31/><E3/><V58/><F123/><W35/><G131/><T129/><D33/><U113/><E113/><V46/><F23/><W105/><G117/><T119/><D119/><U68/><E31/><V95/><F46/><W54/><G54/><T109/><D120/><U39/><E100/><V108/><F108/><N who="3" m="41515" /><G70/><T16/><D109/><U122/><E122/><V126/><F58/><W114/><G114/><T128/><D64/><U82/><E51/><N who="2" m="30879" /><F7/><W41/><G105/><N who="0" m="40555" /><D85/><U94/><E68/><V88/><F78/><AGARI ba="0,0" hai="26,30,35,41,42,43,78,83,84,96,98" m="41515" machi="78" ten="30,1000,0" yaku="14,1" doraHai="66" who="3" fromWho="2" sc="259,0,249,0,231,-10,261,10" /><INIT seed="2,0,0,4,5,97" ten="259,249,221,271" oya="2" hai0="130,124,116,88,103,54,106,26,35,90,5,75,62" hai1="50,131,9,85,122,80,67,6,39,46,32,73,78" hai2="42,109,22,129,128,4,37,25,92,10,79,93,18" hai3="57,126,123,34,24,94,63,65,91,86,105,38,119"/><V55/><F37/><W23/><G119/><T74/><D116/><U121/><E32/><V64/><F64/><W59/><G123/><T51/><D130/><N who="2" m="50282" /><F42/><W118/><G118/><T99/><D124/><U12/><E131/><V115/><F115/><W89/><G126/><T44/><D5/><U98/><E39/><V14/><F79/><W87/><G34/><T0/><D0/><U71/><E73/><V52/><F109/><W2/><G2/><T95/><D90/><U11/><E11/><V19/><F19/><W13/><G38/><T69/><D69/><U84/><E67/><V56/><F55/><W28/><G105/><T127/><D62/><AGARI ba="0,0" hai="4,10,14,18,22,25,52,56,62,92,93" m="50282" machi="62" ten="30,2900,0" yaku="19,1,54,1" doraHai="97" who="2" fromWho="0" sc="259,-29,249,0,221,29,271,0" /><INIT seed="2,1,0,2,1,76" ten="230,249,250,271" oya="2" hai0="117,49,100,33,11,37,67,97,24,57,19,66,28" hai1="51,75,29,5,17,105,2,107,104,14,125,109,68" hai2="64,92,108,135,25,102,62,127,54,114,42,79,0" hai3="47,9,15,65,121,72,16,110,131,13,40,106,23"/><V95/><F114/><W86/><G110/><T99/><D37/><U112/><E68/><V12/><F0/><W89/><G72/><T101/><D117/><U129/><E112/><V58/><F108/><W80/><G121/><T46/><D11/><U132/><E109/><V43/><F135/><W6/><G131/><T111/><D19/><U22/><E129/><V55/><F127/><W26/><G106/><T71/><D111/><U88/><E125/><V113/><F113/><W70/><G70/><T74/><D74/><U4/><E75/><V73/><F25/><W96/><G96/><T94/><D57/><U77/><E77/><V93/><F102/><W41/><G65/><T103/><D71/><U34/><E2/><V36/><F36/><W91/><G91/><T1/><D1/><U10/><E34/><V120/><F120/><W60/><G60/><T87/><D87/><U123/><E132/><V63/><F12/><W133/><G133/><T61/><D61/><U44/><E29/><V52/><REACH who="2" step="1"/><F63/><REACH who="2" ten="230,249,240,271" step="2"/><W84/><G26/><T56/><D103/><U130/><E123/><V83/><AGARI ba="1,1" hai="42,43,52,54,55,58,62,64,73,79,83,92,93,95" machi="83" ten="40,12000,1" yaku="1,1,2,1,0,1,52,1,54,1,53,0" doraHai="76" doraHaiUra="31" who="2" fromWho="2" sc="230,-41,249,-41,240,133,271,-41" /><INIT seed="2,2,0,0,5,127" ten="189,208,373,230" oya="2" hai0="101,133,54,118,38,46,10,35,108,26,47,119,114" hai1="112,100,129,79,134,18,62,32,22,78,3,97,84" hai2="76,124,24,91,53,106,122,34,0,63,49,6,73" hai3="121,41,128,23,43,109,5,103,33,75,71,68,105"/><V123/><F124/><W29/><G109/><T74/><D114/><U87/><E32/><V11/><F106/><W25/><G121/><T67/><D74/><U16/><E3/><V48/><F63/><W12/><G75/><T130/><D108/><U90/><E112/><V83/><F49/><W92/><G105/><T44/><D67/><U7/><E7/><V85/><F24/><W125/><G125/><T72/><D72/><U107/><E134/><V69/><F69/><W55/><G55/><T56/><D133/><U70/><E129/><V31/><F31/><W115/><G128/><T131/><D38/><U82/><E18/><V61/><F61/><W95/><G115/><T117/><D101/><U96/><E96/><V27/><F27/><W50/><G103/><T20/><D10/><U39/><E39/><V77/><F77/><W65/><G65/><T42/><D42/><U120/><E120/><V9/><F9/><W13/><G5/><T15/><D15/><U17/><E17/><V132/><F34/><W8/><G8/><T126/><D35/><U94/><E78/><V81/><REACH who="2" step="1"/><F132/><REACH who="2" ten="189,208,363,230" step="2"/><W80/><G33/><T104/><D104/><U102/><E62/><V30/><F30/><W93/><G50/><N who="0" m="30807" /><D126/><U111/><E70/><V59/><AGARI ba="2,1" hai="0,6,11,48,53,59,73,76,81,83,85,91,122,123" machi="59" ten="20,7800,0" yaku="1,1,0,1,7,1,53,1" doraHai="127" doraHaiUra="51" who="2" fromWho="2" sc="189,-28,208,-28,363,94,230,-28" /><INIT seed="2,3,0,1,3,16" ten="161,180,457,202" oya="2" hai0="85,120,103,130,135,116,28,11,25,69,27,79,47" hai1="134,57,81,106,90,109,67,24,108,46,3,20,12" hai2="58,44,55,94,100,132,43,2,34,124,70,36,121" hai3="91,82,93,63,84,56,75,6,42,40,131,87,83"/><V123/><F2/><W126/><G126/><T133/><D120/><U74/><E3/><V30/><F34/><W21/><G131/><T98/><D69/><U52/><E106/><V122/><F30/><W54/><G6/><T76/><D130/><U105/><E105/><V23/><F100/><W35/><G35/><T107/><D116/><U118/><E12/><V0/><F0/><W96/><G75/><T7/><D47/><U119/><E67/><V92/><F70/><W41/><G21/><N who="0" m="15407" /><D27/><U51/><E46/><V110/><F124/><W129/><G129/><T102/><D103/><U18/><E134/><N who="0" m="51209" /><D85/><AGARI ba="3,0" hai="40,41,42,54,56,63,82,83,84,85,87,91,93,96" machi="85" ten="40,1300,0" yaku="8,1" doraHai="16" who="3" fromWho="0" sc="161,-22,180,0,457,0,202,22" /><INIT seed="3,0,0,5,4,35" ten="139,180,457,224" oya="3" hai0="1,40,31,111,49,26,30,112,50,10,99,124,24" hai1="14,19,100,52,8,86,81,127,134,132,88,25,119" hai2="18,37,89,108,45,71,94,4,85,110,5,135,105" hai3="22,84,3,56,27,66,47,109,64,15,58,115,79"/><W106/><G115/><T23/><D112/><U121/><E121/><V61/><F105/><W103/><G106/><T46/><D111/><N who="2" m="42538" /><F135/><N who="1" m="51753" /><E127/><V53/><F18/><W0/><G109/><T32/><D124/><U113/><E113/><V51/><F37/><W72/><G103/><T80/><D99/><U77/><E100/><V129/><F129/><W6/><G72/><T42/><D80/><U21/><E119/><V114/><F114/><W131/><G131/><T91/><D91/><U74/><E52/><V57/><F71/><W92/><G47/><T122/><D122/><U12/><E8/><V90/><F90/><W104/><G104/><T67/><D67/><AGARI ba="0,0" hai="4,5,45,51,53,57,61,67,85,89,94" m="42538" machi="67" ten="30,1000,0" yaku="14,1" doraHai="35" who="2" fromWho="0" sc="139,-10,180,0,457,10,224,0" /><INIT seed="4,0,0,4,3,9" ten="129,180,467,224" oya="0" hai0="52,7,81,17,84,98,33,103,83,44,27,57,60" hai1="58,72,117,115,102,25,128,123,1,94,119,8,71" hai2="20,106,85,134,124,67,40,121,96,26,132,49,47" hai3="89,24,6,92,108,111,37,75,99,104,120,59,110"/><T127/><D127/><U105/><E94/><V101/><F121/><W12/><G120/><T131/><D131/><U14/><E58/><V107/><F124/><W70/><G70/><T97/><D7/><U126/><E102/><V62/><F85/><W79/><G37/><T76/><D83/><U125/><E25/><V22/><F107/><W35/><G104/><T2/><D2/><U36/><E8/><V4/><F4/><W56/><G75/><T86/><D84/><U118/><E14/><V18/><REACH who="2" step="1"/><F22/><REACH who="2" ten="129,180,457,224" step="2"/><W42/><G111/><T129/><D129/><U66/><E125/><V80/><F80/><W16/><G110/><T88/><D76/><U54/><E119/><V74/><F74/><W130/><G108/><T122/><D122/><U15/><E118/><V55/><F55/><W29/><G130/><T31/><D103/><U0/><E54/><V32/><F32/><W41/><G79/><T82/><D81/><U69/><E117/><V13/><F13/><W11/><REACH who="3" step="1"/><G6/><REACH who="3" ten="129,180,457,214" step="2"/><T73/><D73/><U91/><E72/><V51/><F51/><W43/><AGARI ba="0,2" hai="11,12,16,24,29,35,41,42,43,56,59,89,92,99" machi="43" ten="30,12000,2" yaku="1,1,2,1,0,1,52,1,54,1,53,1" doraHai="9" doraHaiUra="30" who="3" fromWho="3" sc="129,-60,180,-30,457,-30,214,140" /><INIT seed="5,0,0,2,0,81" ten="69,150,427,354" oya="1" hai0="11,107,16,101,65,92,75,54,37,128,40,103,18" hai1="99,67,48,61,123,126,120,122,28,72,108,53,88" hai2="102,84,23,116,135,121,35,60,30,76,9,29,0" hai3="86,94,17,124,46,89,52,3,83,57,25,131,19"/><U90/><E72/><V56/><F135/><W8/><G124/><T127/><D75/><U77/><E77/><V22/><F116/><W62/><G131/><T63/><D107/><U7/><E126/><V113/><F121/><W36/><G36/><T32/><D32/><U133/><E133/><V42/><F42/><W26/><G46/><T47/><D127/><U15/><E28/><N who="2" m="10859" /><F35/><W129/><G129/><T79/><D128/><U1/><E1/><V104/><F104/><W12/><G3/><T44/><D79/><U115/><E115/><V109/><F102/><W98/><REACH who="3" step="1"/><G17/><REACH who="3" ten="69,150,427,344" step="2"/><T10/><D18/><U34/><E123/><V78/><F109/><W64/><G64/><T24/><D47/><U74/><E67/><V43/><F113/><W91/><AGARI ba="0,1" hai="8,12,19,25,26,52,57,62,83,86,89,91,94,98" machi="91" ten="20,12000,2" yaku="1,1,0,1,7,1,8,1,52,1,54,1,53,0" doraHai="81" doraHaiUra="39" who="3" fromWho="3" sc="69,-30,150,-60,427,-30,344,130" /><INIT seed="6,0,0,0,3,133" ten="39,90,397,474" oya="2" hai0="55,127,26,122,111,63,132,58,45,120,80,68,119" hai1="17,118,22,103,53,34,78,69,31,126,11,62,46" hai2="13,121,108,74,134,95,66,5,42,48,87,71,76" hai3="27,44,9,131,29,83,51,30,7,110,73,113,92"/><V33/><F121/><N who="0" m="46698" /><D80/><U84/><E103/><V0/><F0/><W124/><G124/><T106/><D26/><U97/><E126/><V105/><F105/><W104/><G131/><T38/><D106/><U101/><E11/><N who="2" m="4335" /><F33/><W25/><G104/><T96/><D96/><U35/><E84/><V40/><F134/><W94/><G113/><T130/><D132/><U117/><E78/><V125/><F125/><W32/><G110/><T2/><D2/><U99/><E97/><V12/><F108/><W89/><G73/><T90/><D90/><U85/><E85/><V52/><F74/><W18/><G18/><T135/><D135/><U93/><E17/><V15/><F66/><W41/><G83/><T56/><D127/><U19/><E19/><V109/><F71/><W21/><G89/><T86/><D111/><U16/><E31/><V91/><F76/><W3/><AGARI ba="0,0" hai="3,7,9,21,25,27,29,30,32,41,44,51,92,94" machi="3" ten="20,1500,0" yaku="0,1,7,1" doraHai="133" who="3" fromWho="3" sc="39,-4,90,-4,397,-7,474,15" /><INIT seed="7,0,0,3,4,54" ten="35,86,390,489" oya="3" hai0="56,95,68,91,97,47,117,4,8,115,107,29,32" hai1="15,67,87,5,124,44,109,42,70,9,114,99,112" hai2="80,69,84,60,58,120,108,90,38,55,48,35,75" hai3="50,103,59,34,72,110,37,40,7,49,11,105,77"/><W82/><G34/><T132/><D68/><U21/><E109/><V18/><F108/><W96/><G110/><T122/><D117/><U74/><E74/><V41/><F120/><W81/><G81/><T23/><D122/><U20/><E87/><V128/><F128/><W111/><G111/><T27/><D132/><U28/><E28/><V130/><F130/><W1/><G59/><T133/><D133/><U118/><E124/><V0/><F0/><W36/><G36/><T127/><D127/><U43/><E43/><V45/><F35/><W2/><G2/><T104/><D115/><N who="1" m="44075" /><E99/><V126/><F126/><W119/><G119/><T116/><D116/><U88/><E88/><V125/><F125/><W135/><G135/><T53/><D32/><U98/><E98/><V13/><F75/><W14/><G14/><T76/><D76/><U89/><E89/><V19/><REACH who="2" step="1"/><F13/><REACH who="2" ten="35,86,380,489" step="2"/><W39/><G39/><T102/><D102/><U6/><E15/><V123/><F123/><W65/><G103/><T85/><D85/><U78/><E118/><V33/><F33/><W26/><G72/><T134/><D134/><U66/><E6/><V12/><F12/><W22/><G7/><T63/><REACH who="0" step="1"/><D47/><REACH who="0" ten="25,86,380,489" step="2"/><U93/><E44/><V24/><F24/><W61/><G26/><T92/><D92/><U31/><E93/><V94/><F94/><W25/><G1/><AGARI ba="0,2" hai="1,4,8,23,27,29,53,56,63,91,95,97,104,107" machi="1" ten="30,7700,0" yaku="1,1,7,1,52,1,53,1" doraHai="54" doraHaiUra="57" who="0" fromWho="3" sc="25,97,86,0,380,0,489,-77" owari="122,-28.0,86,-41.0,380,18.0,412,51.0" /></mjloggm>