<mjloggm ver="2.3"><GO type="169" lobby="0"/><UN n0="%E3%82%A2%E3%82%AB%E3%82%AE%EF%BC%A0%E5%B7%9D%E6%9D%91%E8%BB%8D%E5%9B%A3" n1="%E3%83%88%E3%83%88%E3%83%AA%E5%85%88%E7%94%9F%31%39%E6%AD%B3" n2="%E5%A4%A9%E7%A9%BA%73%61%79%61" n3="%E3%82%82%E3%81%90%EF%BD%92%EF%BD%92%EF%BD%92%EF%BD%92%EF%BD%92" dan="16,18,16,16" rate="2131.94,2162.29,2108.74,2082.17" sx="M,F,M,M"/><TAIKYOKU oya="0"/><INIT seed="0,0,0,4,4,74" ten="250,250,250,250" oya="0" hai0="61,57,121,81,11,59,100,17,87,93,47,37,6" hai1="63,80,78,13,62,36,42,44,125,18,105,39,103" hai2="23,116,102,50,84,96,83,22,128,120,53,99,65" hai3="110,55,131,130,4,38,25,127,5,77,41,89,54"/><T71/><D121/><U9/><E39/><V94/><F120/><W2/><G110/><T101/><D71/><U0/><E125/><V122/><F122/><W104/><G104/><T67/><D59/><U124/><E124/><V108/><F108/><W85/><G127/><T26/><D93/><U68/><E68/><V92/><F128/><W76/><G25/><T8/><D37/><U123/><E123/><V132/><F132/><W12/><G2/><T66/><D66/><U106/><E0/><V46/><F65/><W48/><G38/><T28/><D47/><U118/><E118/><V1/><F1/><W20/><G41/><T91/><D17/><U135/><E135/><V73/><F73/><W117/><G117/><T115/><D115/><U114/><E114/><V119/><F119/><W109/><G109/><T129/><D129/><N who="3" m="49161" /><G20/><N who="0" m="15431" /><D6/><N who="3" m="2665" /><G12/><T111/><D111/><U29/><E29/><V112/><F112/><W35/><G35/><T72/><D72/><U49/><E36/><V14/><F14/><W52/><G48/><T15/><D15/><U30/><E30/><V98/><F116/><W70/><G70/><T95/><D11/><U113/><E113/><V86/><F86/><W43/><G43/><T40/><D40/><U60/><E106/><V45/><F98/><W58/><G58/><T27/><D8/><U79/><E105/><V7/><F7/><W75/><G75/><T69/><D69/><U90/><E42/><V134/><F134/><W16/><G16/><T19/><D19/><U10/><E9/><V51/><F51/><W33/><G33/><T82/><D27/><RYUUKYOKU ba="0,0" sc="250,15,250,-15,250,-15,250,15" hai0="57,61,67,81,82,87,91,95,100,101" hai3="52,54,55,76,77,85,89" /><INIT seed="0,1,0,2,0,110" ten="265,235,235,265" oya="0" hai0="127,0,108,68,63,112,130,26,120,131,31,78,121" hai1="27,134,24,48,118,73,117,132,124,19,55,12,104" hai2="41,107,129,39,81,20,44,22,62,60,51,87,45" hai3="42,4,50,90,59,109,113,79,123,115,95,93,46"/><T98/><D127/><U43/><E73/><V103/><F129/><N who="0" m="49162" /><D108/><U101/><E43/><V13/><F107/><W36/><G109/><T72/><D0/><U111/><E111/><V75/><F75/><W88/><G79/><T99/><D78/><U1/><E1/><V16/><F20/><W119/><G119/><N who="1" m="45578" /><E101/><V53/><REACH who="2" step="1"/><F103/><REACH who="2" ten="265,235,225,265" step="2"/><W97/><G123/><T61/><D72/><U125/><E104/><V91/><AGARI ba="1,1" hai="13,16,22,39,41,44,45,51,53,60,62,81,87,91" machi="91" ten="20,12000,2" yaku="1,1,2,1,0,1,7,1,54,1,53,1" doraHai="110" doraHaiUra="38" who="2" fromWho="2" sc="265,-61,235,-31,225,133,265,-31" /><INIT seed="1,0,0,5,3,59" ten="204,204,358,234" oya="1" hai0="99,77,112,8,22,133,49,120,63,3,38,131,7" hai1="71,9,21,128,113,68,25,64,108,46,31,81,4" hai2="11,69,114,79,130,76,80,98,47,95,107,51,87" hai3="92,86,17,55,109,54,48,41,117,115,67,89,40"/><U97/><E113/><V39/><F69/><W96/><G115/><T135/><D112/><U19/><E128/><V32/><F114/><W101/><G109/><T0/><D38/><U2/><E108/><V16/><F39/><W110/><G110/><T105/><D131/><U121/><E121/><V42/><F107/><W44/><G117/><T125/><D120/><U27/><E46/><V126/><F130/><W36/><G67/><T119/><D119/><U28/><E64/><V1/><F32/><W6/><G6/><T104/><D0/><U84/><E97/><V123/><F123/><W70/><G70/><T45/><D77/><U35/><REACH who="1" step="1"/><E31/><REACH who="1" ten="204,194,358,234" step="2"/><V10/><F98/><W30/><G30/><T116/><D99/><U66/><E66/><V52/><F47/><W106/><G106/><T61/><D116/><U85/><E85/><V124/><F87/><W53/><G86/><T33/><D105/><U132/><E132/><V65/><F65/><W93/><G96/><T57/><D104/><U23/><E23/><V90/><F126/><W78/><G44/><T111/><D125/><U24/><E24/><V58/><F124/><W103/><G103/><T91/><D111/><U118/><E118/><V60/><F11/><W26/><G101/><T50/><D22/><U20/><E20/><V88/><F10/><W100/><G100/><T74/><D135/><U13/><E13/><V14/><F14/><W82/><G26/><T43/><D133/><U122/><E122/><V129/><F129/><W72/><G72/><T5/><D74/><U73/><E73/><N who="2" m="43023" /><F1/><W34/><G34/><RYUUKYOKU ba="0,1" sc="204,-10,194,30,358,-10,234,-10" hai1="2,4,9,19,21,25,27,28,35,68,71,81,84" /><INIT seed="1,1,1,5,5,66" ten="194,224,348,224" oya="1" hai0="6,126,115,42,71,33,16,2,130,57,68,5,122" hai1="64,78,79,75,26,91,113,93,30,70,14,58,23" hai2="80,114,4,105,84,49,67,100,17,111,90,8,22" hai3="86,3,98,25,106,131,129,77,21,108,13,11,95"/><U92/><E113/><V29/><F111/><W97/><G3/><T65/><D115/><U119/><E119/><V118/><F118/><W34/><G34/><T99/><D33/><U132/><E132/><V112/><F67/><W87/><G108/><T74/><D74/><U51/><E70/><V76/><F29/><N who="3" m="17583" /><G106/><T83/><D42/><U24/><E75/><V46/><F100/><N who="3" m="60479" /><G77/><T37/><D37/><U9/><E26/><V35/><F35/><W81/><G81/><T107/><D83/><U20/><E20/><V0/><F105/><W19/><G98/><T110/><D110/><U59/><E92/><V50/><F76/><N who="1" m="29225" /><E51/><V12/><REACH who="2" step="1"/><F50/><REACH who="2" ten="194,224,338,224" step="2"/><W134/><G134/><T117/><D117/><U40/><E64/><V133/><F133/><W60/><G60/><T104/><D65/><U102/><E102/><V10/><F10/><W39/><G39/><T47/><D107/><U7/><E9/><V54/><AGARI ba="1,2" hai="0,4,8,12,17,22,46,49,54,80,84,90,112,114" machi="54" ten="30,2000,0" yaku="1,1,0,1,53,0" doraHai="66" doraHaiUra="120" who="2" fromWho="2" sc="194,-6,224,-11,338,43,224,-6" /><INIT seed="2,0,0,0,3,114" ten="188,213,381,218" oya="2" hai0="34,105,44,120,21,23,1,113,46,30,29,38,33" hai1="72,58,85,117,15,48,111,43,94,69,32,125,7" hai2="19,118,82,77,37,27,16,102,17,6,56,45,100" hai3="31,36,91,65,9,121,115,24,41,28,110,80,98"/><V0/><F118/><W83/><G121/><T81/><D105/><U79/><E32/><N who="0" m="12393" /><D38/><U71/><E111/><V84/><F27/><W93/><G110/><T59/><D59/><U2/><E125/><V99/><F56/><W123/><G115/><T64/><D64/><U112/><E112/><V128/><F128/><W86/><G123/><T20/><D113/><U90/><E2/><V63/><F63/><W22/><G65/><T106/><D106/><U11/><E117/><V47/><F37/><W50/><G36/><T55/><D81/><N who="1" m="47295" /><E58/><V54/><F54/><W68/><G68/><T92/><D92/><U130/><E72/><V14/><F0/><W78/><G9/><T107/><D107/><U3/><E3/><V35/><F35/><W74/><G41/><T10/><D55/><U95/><E95/><N who="2" m="58495" /><F102/><W129/><G129/><T18/><D120/><U66/><E66/><V4/><F14/><W132/><G132/><T88/><D46/><AGARI ba="0,0" hai="4,6,16,17,19,45,46,47,77,82,84" m="58495" machi="46" ten="30,2900,0" yaku="8,1,54,1" doraHai="114" who="2" fromWho="0" sc="188,-29,213,0,381,29,218,0" /><INIT seed="2,1,0,4,1,77" ten="159,213,410,218" oya="2" hai0="109,53,105,35,6,99,95,63,56,131,26,47,111" hai1="91,75,32,76,70,103,22,21,40,5,100,96,123" hai2="67,9,81,119,107,60,85,10,79,120,62,30,48" hai3="92,0,68,78,87,65,64,132,51,134,11,130,133"/><V29/><F120/><W82/><G130/><T58/><D105/><U88/><E70/><V89/><F119/><W18/><G68/><T2/><D131/><U31/><E123/><V13/><F107/><W94/><G51/><T41/><D6/><U90/><E103/><V46/><F89/><W37/><G37/><T102/><D2/><U122/><E122/><V4/><F9/><W126/><G126/><T66/><D26/><U39/><E5/><V24/><F67/><N who="3" m="25675" /><G0/><T121/><D35/><U129/><E129/><V135/><F135/><N who="3" m="34563" /><W93/><DORA hai="19" /><G11/><T73/><D73/><U116/><E116/><V115/><F115/><W44/><G44/><T27/><D121/><U125/><E125/><V16/><F4/><W12/><G18/><T74/><D74/><U1/><E1/><V42/><REACH who="2" step="1"/><F30/><REACH who="2" ten="159,213,400,218" step="2"/><W8/><G8/><T101/><D101/><U3/><E3/><V52/><F52/><W7/><G7/><T50/><REACH who="0" step="1"/><D27/><REACH who="0" ten="149,213,400,218" step="2"/><U72/><E100/><V117/><F117/><W17/><G17/><T124/><D124/><U54/><E31/><V104/><F104/><W34/><G34/><AGARI ba="1,2" hai="10,13,16,24,29,34,42,46,48,60,62,79,81,85" machi="34" ten="30,12000,1" yaku="1,1,7,1,52,1,54,1,53,1" doraHai="77,19" doraHaiUra="55,15" who="2" fromWho="3" sc="149,0,213,0,400,143,218,-123" /><INIT seed="2,2,0,5,2,26" ten="149,213,543,95" oya="2" hai0="121,116,18,9,55,44,70,27,112,83,111,7,119" hai1="123,71,34,72,45,130,101,37,120,109,12,105,86" hai2="53,0,2,131,63,64,82,87,102,134,51,103,97" hai3="60,56,42,98,90,30,118,32,11,24,126,115,94"/><V125/><F125/><W4/><G115/><T104/><D104/><U69/><E72/><V92/><F103/><W43/><G126/><T68/><D112/><U15/><E34/><V35/><F35/><W114/><G118/><T73/><D121/><N who="1" m="46667" /><E109/><V40/><F40/><W132/><G132/><T75/><D111/><U129/><E86/><V36/><F36/><W78/><G78/><T8/><D75/><U13/><E101/><V91/><F131/><N who="1" m="50185" /><E105/><V61/><F134/><W6/><G114/><T48/><D73/><U21/><E21/><V85/><F85/><W133/><G133/><T79/><D79/><U57/><E57/><V81/><F81/><W31/><G31/><T84/><D84/><U128/><E128/><V16/><F2/><W66/><REACH who="3" step="1"/><G4/><REACH who="3" ten="149,213,543,85" step="2"/><T52/><D7/><U88/><E88/><V74/><F74/><W95/><G95/><T127/><D127/><U29/><E29/><V47/><F91/><W41/><G41/><AGARI ba="2,1" hai="12,13,15,37,41,45,69,71" m="50185,46667" machi="41" ten="40,2600,0" yaku="13,1,19,1" doraHai="26" who="1" fromWho="3" sc="149,0,213,42,543,0,85,-32" /><INIT seed="3,0,0,5,2,19" ten="149,255,543,53" oya="3" hai0="71,25,0,35,46,54,36,103,134,121,122,110,45" hai1="116,119,97,94,83,42,33,14,82,85,126,115,107" hai2="55,34,32,120,10,86,31,130,30,109,11,113,1" hai3="8,72,63,15,118,61,117,92,50,79,77,70,125"/><W23/><G125/><T28/><D0/><U51/><E33/><N who="2" m="12907" /><F55/><W2/><G2/><T17/><D110/><U129/><E126/><V16/><F86/><W27/><G117/><N who="1" m="45130" /><E129/><V65/><F65/><W43/><G118/><T132/><D71/><U104/><E115/><V99/><F99/><W102/><G70/><T69/><D103/><N who="1" m="60855" /><E83/><V47/><F47/><N who="3" m="25983" /><G72/><T89/><D46/><N who="1" m="26071" /><E14/><N who="2" m="7263" /><F109/><W74/><G74/><T108/><D108/><U3/><E3/><V106/><F106/><W95/><G102/><T98/><D69/><U62/><E62/><N who="3" m="23562" /><G95/><T24/><D36/><U60/><E60/><V135/><F113/><W59/><G92/><T37/><D37/><U87/><E87/><V112/><F112/><W22/><G59/><T40/><D98/><U88/><AGARI ba="0,0" hai="82,85,88,104,107" m="26071,60855,45130" machi="88" ten="30,2000,0" yaku="12,1,54,1" doraHai="19" who="1" fromWho="1" sc="149,-5,255,20,543,-5,53,-10" /><INIT seed="4,0,0,2,2,48" ten="144,275,538,43" oya="0" hai0="127,32,83,92,100,130,46,60,10,103,30,18,111" hai1="99,5,67,59,117,95,39,26,36,45,8,20,98" hai2="96,131,129,33,87,113,13,126,57,68,75,3,86" hai3="123,91,81,132,62,119,28,64,16,61,104,107,15"/><T77/><D127/><U2/><E117/><V78/><F68/><W114/><G119/><T56/><D130/><U89/><E67/><V50/><F3/><W134/><G28/><T37/><D111/><U101/><E45/><V44/><F33/><W105/><G114/><T88/><D30/><U128/><E128/><V121/><F96/><W19/><G123/><T82/><D32/><U1/><E1/><V58/><F50/><W31/><G31/><T70/><D70/><U66/><E66/><V106/><F44/><W7/><G7/><T9/><D37/><U34/><E34/><V49/><F49/><W112/><G112/><T90/><D46/><U94/><E59/><V102/><F57/><W53/><G62/><T4/><D90/><U24/><E24/><V63/><F126/><W73/><G91/><T79/><D18/><AGARI ba="0,0" hai="2,5,8,18,20,26,36,39,89,94,95,98,99,101" machi="18" ten="30,1000,0" yaku="7,1" doraHai="48" who="1" fromWho="0" sc="144,-10,275,10,538,0,43,0" /><INIT seed="5,0,0,3,1,128" ten="134,285,538,43" oya="1" hai0="58,60,115,42,69,43,5,18,53,81,17,110,4" hai1="85,120,59,6,12,91,28,102,46,14,73,132,65" hai2="125,52,77,90,62,33,119,20,0,130,8,123,24" hai3="2,13,104,74,106,95,15,23,66,83,87,127,37"/><U124/><E120/><V82/><F123/><W134/><G2/><T25/><D110/><U111/><E73/><V29/><F119/><W79/><G37/><T30/><D69/><U68/><E68/><V63/><F130/><W11/><G127/><T45/><D115/><U48/><E124/><V27/><F125/><W78/><G66/><T40/><D45/><U97/><E111/><V57/><F90/><W70/><G70/><T1/><D81/><U16/><E132/><V107/><F107/><W96/><G74/><T116/><D116/><U61/><E28/><V55/><F8/><W117/><G78/><T41/><N who="0" m="10240" /><DORA hai="3" /><T21/><D1/><U35/><E35/><V84/><F0/><W39/><G39/><T54/><D53/><N who="1" m="29847" /><E97/><V75/><F75/><W118/><G118/><T135/><D135/><U44/><E102/><V10/><F10/><W93/><G117/><T133/><D133/><U72/><E72/><V67/><F63/><W80/><G80/><T34/><D34/><U126/><E44/><V98/><F98/><W92/><G134/><T101/><D101/><U32/><E32/><V108/><F108/><W114/><G114/><T129/><D129/><U100/><E100/><V121/><F121/><W131/><G131/><T51/><D60/><U7/><E126/><V109/><F109/><W19/><REACH who="3" step="1"/><G96/><REACH who="3" ten="134,285,538,33" step="2"/><T26/><D30/><AGARI ba="0,1" hai="20,24,27,29,30,33,52,55,57,62,67,77,82,84" machi="30" ten="30,2000,0" yaku="7,1,54,1" doraHai="128,3" who="2" fromWho="0" sc="134,-20,285,0,538,30,33,0" /><INIT seed="6,0,0,5,4,71" ten="114,285,568,33" oya="2" hai0="133,19,65,13,100,89,33,79,43,113,90,32,21" hai1="121,114,55,73,54,40,119,6,44,28,37,108,116" hai2="53,112,70,135,75,72,80,111,95,86,64,85,66" hai3="62,18,31,94,52,87,128,124,14,110,56,5,105"/><V130/><F112/><W125/><G110/><T74/><D113/><U123/><E114/><V93/><F70/><W20/><G105/><T84/><D65/><U109/><E73/><V49/><F53/><N who="1" m="19977" /><E28/><V23/><F23/><W104/><G104/><T77/><D89/><U9/><E9/><V132/><F130/><W51/><G128/><T4/><D13/><U60/><E60/><V126/><F126/><W67/><G5/><T91/><D84/><U0/><E0/><V107/><F107/><W27/><G94/><T8/><D133/><U96/><E96/><V36/><F49/><W26/><G87/><T120/><D19/><U42/><E42/><V118/><F118/><N who="1" m="45097" /><E6/><V3/><F3/><W12/><G124/><T58/><D120/><AGARI ba="0,0" hai="37,40,44,108,109,120,121,123" m="45097,19977" machi="120" ten="30,7700,0" yaku="13,1,34,2,52,1" doraHai="71" who="1" fromWho="0" sc="114,-77,285,77,568,0,33,0" /><INIT seed="7,0,0,1,0,16" ten="37,362,568,33" oya="3" hai0="9,36,51,50,102,94,69,124,39,60,62,78,21" hai1="112,57,95,92,84,43,76,117,66,106,12,44,31" hai2="128,122,49,111,5,65,24,126,125,82,13,3,52" hai3="33,0,61,15,134,81,23,53,45,87,47,97,88"/><W22/><G33/><T120/><D120/><U73/><E106/><V123/><F111/><W64/><G0/><T121/><D121/><N who="2" m="46090" /><F3/><W108/><G108/><T59/><D78/><U8/><E73/><V131/><F65/><W113/><G113/><T110/><D110/><U75/><E75/><V135/><F135/><W10/><G134/><T129/><D9/><U4/><E112/><V109/><F109/><W68/><G97/><T63/><D21/><N who="3" m="7689" /><G68/><T115/><D69/><U2/><E31/><V37/><F24/><W101/><G101/><T56/><D115/><U105/><E105/><V71/><F71/><W46/><G64/><T58/><D129/><U14/><E117/><V118/><F37/><W1/><G1/><T86/><D102/><U114/><E114/><V35/><F118/><W18/><G61/><T7/><D39/><U89/><E2/><V79/><F35/><W70/><G70/><T130/><D36/><U90/><E66/><V83/><F131/><W27/><G27/><T20/><D130/><U38/><E38/><V100/><F128/><W40/><G53/><T80/><D63/><U133/><E133/><V99/><F100/><W54/><G54/><T11/><D62/><U103/><E103/><V48/><F99/><W72/><G72/><T85/><D60/><U127/><E127/><V67/><F52/><W17/><G18/><T42/><D124/><U30/><E30/><V116/><F126/><W34/><G34/><T32/><D32/><U132/><E132/><V6/><F125/><W26/><G26/><T25/><D25/><U96/><E96/><RYUUKYOKU ba="0,0" sc="37,-10,362,-10,568,-10,33,30" hai3="10,15,17,40,45,46,47,81,87,88" /><INIT seed="7,1,0,0,5,23" ten="27,352,558,63" oya="3" hai0="6,125,91,101,67,131,45,82,29,25,114,62,68" hai1="135,116,123,63,95,8,93,2,83,46,0,118,130" hai2="108,44,21,92,103,100,10,40,109,72,90,69,98" hai3="71,96,85,105,78,84,94,133,112,12,86,107,18"/><W128/><G71/><T5/><D131/><U33/><E123/><V65/><F72/><W9/><G128/><T126/><D114/><U129/><E33/><V24/><F10/><W110/><G112/><T30/><D30/><U113/><E113/><V88/><F103/><W59/><G78/><T124/><D101/><U39/><E135/><V87/><F65/><W15/><G133/><T134/><D134/><U80/><E8/><V27/><F27/><W64/><G110/><T61/><D61/><U34/><E63/><V11/><F11/><W42/><G42/><T76/><D91/><U111/><E46/><V17/><F69/><W102/><G59/><T75/><REACH who="0" step="1"/><D45/><REACH who="0" ten="17,352,558,63" step="2"/><U56/><E39/><V41/><F41/><W74/><G64/><T58/><D58/><U37/><E34/><AGARI ba="1,1" hai="5,6,25,29,34,62,67,68,75,76,82,124,125,126" machi="34" ten="40,5200,0" yaku="1,1,18,1,52,1,53,0" doraHai="23" doraHaiUra="36" who="0" fromWho="1" sc="17,65,352,-55,558,0,63,0" owari="82,-32.0,297,10.0,558,66.0,63,-44.0" /></mjloggm>