<mjloggm ver="2.3"><GO type="169" lobby="0"/><UN n0="%E8%AA%B2%E9%95%B7%E8%A6%96%E9%87%8E%E7%8B%AD%E7%AA%84" n1="%E3%82%A6%E3%83%AB%E3%83%88%E3%83%A9%E7%AB%8B%E7%9B%B4" n2="%E5%82%B7%E3%81%AF%E6%B5%85%E3%81%84%E3%81%86%E3%81%A1%E3%81%AB" n3="%E3%82%AF%E3%83%AD%E3%83%8E%E3%82%B9%40" dan="17,17,16,16" rate="2196.47,2200.05,2021.64,2121.94" sx="M,M,M,M"/><TAIKYOKU oya="0"/><INIT seed="0,0,0,1,5,23" ten="250,250,250,250" oya="0" hai0="57,62,79,35,11,32,105,75,106,103,123,67,43" hai1="65,119,98,132,56,84,17,129,41,111,93,135,40" hai2="122,37,51,112,127,27,59,134,108,87,38,33,49" hai3="24,88,81,101,63,124,34,29,70,18,74,125,25"/><T99/><D123/><U121/><E119/><V90/><F122/><W48/><G101/><T6/><D106/><U128/><E121/><V0/><F112/><W73/><G48/><T22/><D43/><N who="1" m="16459" /><E84/><V130/><F0/><W28/><G18/><T91/><D91/><N who="1" m="55615" /><E17/><V64/><F37/><W36/><G36/><T54/><D75/><U126/><E111/><V14/><F38/><W44/><G44/><T117/><D117/><U80/><E80/><V42/><F108/><W60/><G70/><T133/><D79/><U110/><E110/><V83/><F42/><W76/><G88/><T114/><D114/><U107/><E107/><V16/><F16/><W68/><G74/><T77/><D77/><U53/><E65/><V118/><F118/><W30/><G68/><T131/><D67/><U1/><E1/><V9/><F14/><W21/><REACH who="3" step="1"/><G30/><REACH who="3" ten="250,250,250,240" step="2"/><T47/><D103/><U86/><E86/><V26/><F87/><W7/><G7/><T4/><D6/><U71/><E71/><V19/><F90/><W100/><G100/><T50/><D4/><U31/><E31/><V55/><F19/><W66/><G66/><T85/><D85/><U94/><E94/><V115/><F64/><W45/><G45/><T109/><D47/><U72/><E72/><V97/><F115/><W2/><G2/><T102/><D50/><N who="1" m="30775" /><E126/><AGARI ba="0,1" hai="21,24,25,28,29,34,60,63,73,76,81,124,125,126" machi="126" ten="40,8000,1" yaku="1,1,18,1,52,2,53,0" doraHai="23" doraHaiUra="3" who="3" fromWho="1" sc="250,0,250,-80,250,0,240,90" /><INIT seed="1,0,0,5,2,126" ten="250,170,250,330" oya="1" hai0="38,103,111,36,120,123,116,76,61,62,108,67,66" hai1="51,74,59,124,23,55,109,28,71,121,78,19,70" hai2="131,22,87,4,54,122,69,64,84,80,49,14,26" hai3="41,91,96,33,44,11,132,57,20,95,46,118,13"/><U89/><E121/><N who="0" m="46665" /><D76/><U37/><E37/><N who="0" m="14441" /><D103/><U98/><E124/><V77/><F122/><W31/><G132/><T45/><D45/><U43/><E109/><N who="0" m="42057" /><D116/><U25/><E43/><V56/><F69/><W42/><G41/><T10/><D10/><U34/><E78/><V32/><F64/><AGARI ba="0,0" hai="61,62,64,66,67" m="42057,14441,46665" machi="64" ten="40,12000,2" yaku="28,2,13,1,14,1,34,2" doraHai="126" who="0" fromWho="2" sc="250,120,170,0,250,-120,330,0" /><INIT seed="2,0,0,1,2,91" ten="370,170,130,330" oya="2" hai0="38,74,21,56,94,104,95,132,7,60,35,2,11" hai1="101,17,62,97,29,75,45,89,68,43,92,27,78" hai2="88,52,8,131,40,57,47,121,37,61,30,76,122" hai3="10,72,117,102,12,100,85,15,84,25,106,79,103"/><V90/><F131/><W50/><G117/><T112/><D35/><U119/><E119/><V3/><F76/><W66/><G106/><T124/><D38/><U1/><E1/><V20/><F122/><W53/><G72/><T39/><D39/><U32/><E78/><V31/><F121/><W111/><G111/><T51/><D104/><U19/><E75/><V34/><F34/><W59/><G66/><T73/><D112/><U14/><E68/><V46/><F46/><W127/><G127/><T55/><D124/><U108/><E108/><V44/><F44/><W24/><G15/><T4/><D4/><U126/><E126/><V107/><F107/><W83/><REACH who="3" step="1"/><G84/><REACH who="3" ten="370,170,130,320" step="2"/><T129/><D74/><U70/><E14/><V71/><F71/><W58/><G58/><T48/><D73/><U28/><E70/><V123/><F123/><W33/><G33/><T99/><D129/><U135/><E135/><V81/><F81/><W22/><G22/><T116/><D116/><U125/><E125/><V0/><F20/><W82/><G82/><T80/><D132/><U128/><E128/><V49/><F37/><W6/><AGARI ba="0,1" hai="6,10,12,24,25,50,53,59,79,83,85,100,102,103" machi="6" ten="30,4000,0" yaku="1,1,0,1,8,1,53,0" doraHai="91" doraHaiUra="109" who="3" fromWho="3" sc="370,-10,170,-10,130,-20,320,50" /><INIT seed="3,0,0,0,3,6" ten="360,160,110,370" oya="3" hai0="52,33,113,89,39,41,18,67,29,74,112,49,68" hai1="10,103,84,40,5,60,11,93,44,95,82,134,100" hai2="64,70,45,94,17,30,35,69,135,128,53,8,13" hai3="106,36,59,3,129,85,79,66,21,98,23,42,16"/><W104/><G3/><T46/><D74/><U86/><E134/><V117/><F117/><W118/><G118/><T121/><D89/><N who="1" m="51351" /><E5/><V55/><F135/><W105/><G129/><T127/><D18/><U116/><E116/><V114/><F114/><N who="0" m="44138" /><D121/><U51/><E60/><V58/><F128/><W22/><G42/><T54/><D127/><U119/><E119/><V32/><F64/><W101/><G36/><T2/><D2/><U31/><E31/><V25/><F35/><W83/><G66/><T99/><D99/><N who="1" m="59503" /><E103/><V28/><F28/><W0/><G0/><T124/><D124/><U62/><E62/><V123/><F123/><W73/><G73/><T132/><D132/><U76/><E76/><V90/><F45/><W107/><REACH who="3" step="1"/><G59/><REACH who="3" ten="360,160,110,360" step="2"/><T12/><D39/><U50/><E50/><V111/><F111/><W57/><G57/><T115/><D115/><U4/><E4/><V43/><F43/><W14/><AGARI ba="0,1" hai="14,16,21,22,23,79,83,85,98,101,104,105,106,107" machi="14" ten="30,11700,0" yaku="1,1,0,1,54,1,53,1" doraHai="6" doraHaiUra="75" who="3" fromWho="3" sc="360,-39,160,-39,110,-39,360,127" /><INIT seed="3,1,0,0,4,115" ten="321,121,71,487" oya="3" hai0="34,58,98,64,122,13,8,92,15,51,71,73,82" hai1="27,107,83,2,84,75,100,9,25,10,29,95,3" hai2="47,103,124,11,35,80,20,6,74,128,119,101,14" hai3="130,41,89,56,52,72,106,16,49,48,94,86,53"/><W68/><G106/><T40/><D34/><U105/><E75/><V12/><F35/><W50/><G72/><T18/><D122/><U19/><E95/><V81/><F124/><W7/><G68/><T126/><D71/><U87/><E100/><N who="2" m="38475" /><F74/><W45/><G130/><T39/><D39/><U77/><E77/><V93/><F119/><W66/><G7/><T17/><D126/><U78/><E78/><V90/><F128/><W61/><REACH who="3" step="1"/><G16/><REACH who="3" ten="321,121,71,477" step="2"/><T109/><D73/><U125/><E19/><N who="2" m="10359" /><F47/><W24/><G24/><T76/><D18/><U65/><E107/><V37/><F37/><AGARI ba="1,1" hai="37,41,45,48,49,50,52,53,56,61,66,86,89,94" machi="37" ten="40,3900,0" yaku="1,1,54,1,53,0" doraHai="115" doraHaiUra="129" who="3" fromWho="2" sc="321,0,121,0,71,-42,477,52" /><INIT seed="3,2,0,5,1,13" ten="321,121,29,529" oya="3" hai0="56,105,82,111,93,114,133,58,99,38,22,129,50" hai1="30,61,29,130,88,55,16,54,27,90,41,131,20" hai2="71,113,17,74,85,91,68,49,116,97,53,125,36" hai3="77,45,31,123,103,1,5,122,62,119,47,6,120"/><W4/><G119/><T100/><D38/><U76/><E76/><V118/><F113/><W32/><G77/><T33/><D33/><U19/><E41/><V3/><F3/><W73/><G73/><T23/><D114/><U70/><E70/><V95/><F74/><W78/><G78/><T79/><D111/><U21/><E27/><V104/><F36/><W59/><G103/><T24/><D105/><U94/><E94/><V26/><F125/><W14/><G1/><T67/><D133/><U115/><E61/><V117/><F104/><W66/><G32/><T43/><D129/><U92/><E92/><V46/><REACH who="2" step="1"/><F97/><REACH who="2" ten="321,121,19,529" step="2"/><W72/><G72/><T86/><D99/><U44/><E115/><V69/><F69/><W81/><G120/><T124/><D124/><U89/><E89/><V11/><F11/><W101/><G122/><T63/><D86/><U106/><E106/><V40/><F40/><W108/><G123/><T128/><D43/><U28/><E28/><V112/><F112/><W25/><G31/><T64/><D128/><U110/><E110/><V102/><F102/><W134/><G101/><T12/><D100/><U52/><E90/><V96/><F96/><W126/><G108/><T109/><D109/><U98/><E88/><V8/><F8/><W51/><G126/><T9/><D9/><U107/><E98/><V35/><F35/><W121/><G121/><T87/><D87/><U15/><E107/><V39/><F39/><W48/><G134/><T18/><D79/><U83/><E30/><V37/><F37/><W132/><G132/><T57/><D23/><AGARI ba="2,1" hai="17,23,26,46,49,53,68,71,85,91,95,116,117,118" machi="23" ten="40,8000,1" yaku="1,1,6,1,52,1,53,1" doraHai="13" doraHaiUra="84" who="2" fromWho="0" sc="321,-86,121,0,19,96,529,0" /><INIT seed="4,0,0,0,0,22" ten="235,121,115,529" oya="0" hai0="89,45,67,120,81,127,13,60,58,114,112,63,72" hai1="132,133,50,27,15,82,99,62,46,4,125,8,113" hai2="7,107,64,20,44,53,55,105,69,93,42,65,11" hai3="40,87,49,14,101,131,24,79,117,98,68,86,35"/><T56/><D120/><U54/><E125/><V2/><F93/><W90/><G117/><T119/><D119/><U38/><E38/><V118/><F118/><W111/><G111/><T30/><D127/><U33/><E113/><N who="0" m="43625" /><D45/><U37/><E37/><V130/><F130/><W104/><G131/><T5/><D30/><U9/><E99/><V29/><F55/><W102/><G102/><T110/><D110/><U47/><E62/><V59/><F69/><W77/><G68/><T36/><D36/><U48/><E82/><V115/><F115/><W3/><G3/><T97/><D72/><U76/><E76/><V28/><F28/><W100/><G100/><T16/><D5/><U10/><E33/><V61/><F107/><W43/><G35/><T25/><D13/><U83/><E83/><V106/><F106/><W108/><G14/><T75/><D75/><U23/><E15/><V70/><F105/><W32/><G108/><T1/><D1/><U92/><E92/><V95/><F95/><W109/><G109/><T21/><D97/><U17/><REACH who="1" step="1"/><E4/><REACH who="1" ten="235,111,115,529" step="2"/><V134/><F7/><W91/><G104/><T122/><D122/><U41/><AGARI ba="0,1" hai="8,9,10,17,23,27,41,46,47,48,50,54,132,133" machi="41" ten="30,8000,1" yaku="1,1,2,1,0,1,52,1,53,1" doraHai="22" doraHaiUra="51" who="1" fromWho="1" sc="235,-40,111,90,115,-20,529,-20" /><INIT seed="5,0,0,2,2,113" ten="195,201,95,509" oya="1" hai0="91,98,121,33,24,53,15,36,0,67,75,48,16" hai1="76,96,28,112,119,128,66,23,87,14,86,49,57" hai2="18,58,10,55,83,122,115,101,82,118,26,59,43" hai3="135,50,27,126,63,100,6,11,25,20,81,54,42"/><U72/><E119/><V131/><F122/><W95/><G126/><T32/><D36/><U109/><E112/><V74/><F115/><W90/><G135/><T1/><D75/><U38/><E38/><V107/><F131/><W34/><G34/><T47/><D33/><U116/><E116/><V21/><F118/><W65/><G42/><T61/><D121/><U79/><E128/><V12/><F43/><W114/><G114/><T111/><D111/><U69/><E69/><V8/><F74/><W4/><G81/><T106/><D24/><N who="1" m="16415" /><E72/><V92/><F107/><W108/><G108/><T71/><D32/><U84/><E109/><V78/><F78/><W102/><G63/><T56/><D106/><U35/><E35/><V97/><F8/><W29/><G27/><T3/><D71/><U134/><E134/><V46/><F46/><N who="3" m="27991" /><G65/><T52/><D67/><U120/><E120/><V88/><F101/><N who="3" m="39019" /><G11/><T70/><D70/><U85/><E96/><AGARI ba="0,0" hai="4,6,20,25,29,90,95,96" m="39019,27991" machi="96" ten="30,1000,0" yaku="8,1" doraHai="113" who="3" fromWho="1" sc="195,0,201,-10,95,0,509,10" /><INIT seed="6,0,0,1,2,117" ten="195,191,95,519" oya="2" hai0="89,92,32,62,127,23,10,48,39,105,101,55,25" hai1="42,106,7,80,35,26,20,11,130,45,108,93,98" hai2="27,44,69,129,102,126,72,6,64,77,91,5,28" hai3="22,70,0,132,110,73,33,75,2,90,13,88,18"/><V59/><F69/><W63/><G110/><T58/><D39/><U114/><E114/><V61/><F126/><W97/><G132/><T37/><D37/><U99/><E130/><V118/><F118/><W100/><G33/><T103/><D32/><U24/><E106/><V113/><F129/><W12/><G70/><T53/><D105/><U83/><E35/><V31/><F113/><W86/><G63/><T133/><D10/><U54/><E54/><V123/><F123/><W36/><G36/><T121/><D127/><U124/><E124/><V76/><F102/><W1/><G13/><T14/><D133/><U128/><E108/><V57/><F72/><W107/><G90/><T34/><D34/><U66/><E66/><V104/><F104/><W17/><G18/><N who="0" m="12535" /><D14/><N who="1" m="5503" /><E26/><V112/><F112/><W125/><G125/><T15/><D121/><U96/><E93/><V9/><F27/><W120/><G120/><T8/><D15/><U3/><E3/><V116/><F116/><W115/><G115/><T68/><D8/><U52/><E42/><V16/><F44/><W131/><G131/><T40/><D40/><U49/><E128/><V43/><F43/><W74/><G74/><T41/><D41/><U82/><E82/><V87/><F59/><W134/><G134/><T19/><D68/><U79/><E79/><N who="2" m="30283" /><F16/><AGARI ba="0,0" hai="16,20,24,45,49,52,80,83,96,98,99" m="5503" machi="16" ten="30,3900,0" yaku="8,1,54,2" doraHai="117" who="1" fromWho="2" sc="195,0,191,39,95,-39,519,0" /><INIT seed="7,0,0,4,5,29" ten="195,230,56,519" oya="3" hai0="11,1,43,49,114,104,97,100,79,55,81,112,35" hai1="109,118,28,23,94,106,77,60,76,75,108,101,66" hai2="38,70,6,71,46,7,125,16,111,78,73,17,117" hai3="98,89,21,133,123,25,62,19,87,135,92,39,44"/><W121/><G62/><T41/><D35/><U64/><E106/><V107/><F107/><W33/><G33/><T122/><D122/><U36/><E36/><V110/><F117/><W82/><G39/><T68/><D68/><U128/><E66/><V32/><F125/><W119/><G44/><N who="0" m="28071" /><D11/><U88/><E101/><V10/><F32/><W105/><G105/><T61/><D61/><U30/><E128/><V3/><F7/><W72/><G72/><T18/><D18/><U34/><E34/><V52/><F71/><W83/><G83/><T0/><D43/><U129/><E129/><V40/><F70/><W90/><G119/><T127/><D41/><U102/><E102/><V37/><F37/><W15/><G25/><T65/><D65/><U20/><E118/><V47/><F111/><N who="1" m="42569" /><E75/><V50/><REACH who="2" step="1"/><F110/><REACH who="2" ten="195,230,46,519" step="2"/><W74/><G74/><N who="0" m="43255" /><D127/><U63/><E63/><V103/><F103/><W5/><G5/><T69/><D69/><N who="1" m="42119" /><E30/><V24/><F24/><W93/><G123/><T14/><D14/><U51/><E51/><V132/><F132/><N who="3" m="50763" /><G121/><T85/><D85/><N who="1" m="52495" /><E28/><V124/><F124/><W134/><G134/><T58/><D58/><U116/><E116/><V42/><F42/><W95/><AGARI ba="0,1" hai="15,19,21,82,87,89,90,92,93,95,98" m="50763" machi="95" ten="30,1500,0" yaku="20,1" doraHai="29" who="3" fromWho="3" sc="195,-5,230,-5,46,-5,519,25" owari="190,-21.0,225,3.0,41,-46.0,544,64.0" /></mjloggm>