<mjloggm ver="2.3"><GO type="169" lobby="0"/><UN n0="%56%69%56%49" n1="%E3%82%A6%E3%83%AB%E3%83%88%E3%83%A9%E7%AB%8B%E7%9B%B4" n2="%E7%A5%AD%E4%BA%BA" n3="%E3%83%8D%E3%83%BC%E3%83%A0%E3%83%AC%E3%82%B9%EF%BC%97" dan="16,17,17,18" rate="2138.42,2176.72,2161.36,2153.79" sx="M,M,M,M"/><TAIKYOKU oya="0"/><INIT seed="0,0,0,2,1,47" ten="250,250,250,250" oya="0" hai0="106,37,52,113,88,97,28,7,6,107,131,109,64" hai1="45,75,114,42,71,68,120,126,63,69,127,34,31" hai2="24,4,128,105,79,80,103,54,110,49,61,112,15" hai3="87,13,104,58,16,91,116,53,92,82,124,72,38"/><T85/><D37/><U27/><E120/><V74/><F112/><W23/><G116/><T133/><D113/><U81/><E114/><V25/><F110/><W76/><G124/><T111/><D64/><U57/><E81/><V78/><F128/><W70/><G70/><T21/><D131/><U43/><E75/><V84/><F61/><W11/><G38/><T115/><D115/><U135/><E135/><V96/><F79/><W22/><REACH who="3" step="1"/><G104/><REACH who="3" ten="250,250,250,240" step="2"/><T86/><D107/><U66/><REACH who="1" step="1"/><E43/><REACH who="1" ten="250,240,250,240" step="2"/><V41/><F41/><W59/><G59/><T125/><D111/><U1/><E1/><V60/><F74/><W77/><G77/><T67/><D109/><U134/><E134/><V46/><F78/><W36/><G36/><AGARI ba="0,2" hai="27,31,34,36,42,45,57,63,66,68,69,71,126,127" machi="36" ten="40,1300,0" yaku="1,1,53,0" doraHai="47" doraHaiUra="93" who="1" fromWho="3" sc="250,0,240,33,250,0,240,-13" /><INIT seed="1,0,0,0,3,124" ten="250,273,250,227" oya="1" hai0="47,5,22,10,119,48,11,21,34,62,100,31,14" hai1="97,0,106,49,28,12,122,7,60,132,16,91,110" hai2="81,98,41,79,56,19,92,37,38,20,94,44,6" hai3="59,134,73,118,99,68,82,75,104,72,29,95,90"/><U25/><E122/><V105/><F38/><W40/><G68/><T61/><D119/><U109/><E132/><V85/><F6/><W128/><G40/><T24/><D100/><U26/><E60/><V74/><F105/><W32/><G32/><T87/><D87/><U114/><E114/><V116/><F116/><W45/><G45/><T117/><D117/><U42/><E7/><V80/><F98/><N who="3" m="57719" /><G59/><T36/><D36/><U46/><E0/><V23/><F56/><W43/><G43/><T54/><D34/><U120/><E120/><V130/><F130/><W17/><G17/><T108/><D108/><N who="1" m="41579" /><E28/><V55/><F55/><W63/><G63/><T126/><D126/><U121/><E121/><V39/><F39/><W89/><G29/><T115/><D115/><U52/><E42/><V51/><F37/><W15/><G15/><N who="0" m="5583" /><D21/><N who="1" m="11399" /><E106/><V113/><F113/><W102/><G118/><T27/><D24/><U57/><E46/><V112/><F112/><W76/><G134/><T131/><D131/><U71/><E71/><V4/><F4/><AGARI ba="0,0" hai="4,11,14,22,27,31,47,48,54,61,62" m="5583" machi="4" ten="30,1000,0" yaku="8,1" doraHai="124" who="0" fromWho="2" sc="250,10,273,0,250,-10,227,0" /><INIT seed="2,0,0,5,4,90" ten="260,273,240,227" oya="2" hai0="41,91,17,35,4,76,61,116,121,48,49,20,103" hai1="108,27,70,86,45,14,97,12,81,25,21,105,114" hai2="126,3,26,63,52,36,8,62,124,135,33,66,106" hai3="101,117,84,112,134,40,65,77,11,29,110,132,85"/><V39/><F106/><W79/><G117/><T99/><D35/><U13/><E114/><V111/><F135/><N who="3" m="51755" /><G65/><T118/><D121/><U83/><E70/><N who="2" m="42335" /><F111/><W32/><G40/><T100/><D76/><N who="3" m="29257" /><G11/><T98/><D4/><U43/><E108/><V75/><F75/><W80/><G29/><T71/><D41/><U38/><E86/><N who="3" m="33386" /><G32/><T123/><D71/><U115/><E27/><V51/><F62/><W87/><G101/><T67/><D103/><U64/><E64/><V82/><F3/><W37/><G37/><T74/><D100/><N who="1" m="62607" /><E25/><V44/><F8/><W119/><G119/><T69/><D74/><U54/><E21/><V30/><F82/><W53/><G53/><T89/><D67/><U50/><E83/><V94/><F36/><W1/><G1/><T47/><D69/><U120/><E81/><V56/><F39/><W113/><G110/><T16/><D20/><U122/><E13/><V28/><F28/><W19/><G19/><T104/><D61/><U10/><E14/><V68/><F68/><W130/><G130/><T88/><D116/><U34/><E12/><V55/><F55/><W24/><G24/><T73/><D118/><U7/><E10/><V15/><F15/><W78/><AGARI ba="0,0" hai="78,80,87,112,113" m="33386,29257,51755" machi="78" ten="40,5200,0" yaku="20,1,34,2" doraHai="90" who="3" fromWho="3" sc="260,-13,273,-13,240,-26,227,52" /><INIT seed="3,0,0,1,5,101" ten="247,260,214,279" oya="3" hai0="62,27,44,43,13,25,32,6,130,1,73,76,110" hai1="45,21,123,98,92,109,31,85,19,86,51,80,29" hai2="94,46,60,3,129,16,106,30,135,10,15,82,8" hai3="9,49,89,117,61,81,128,100,34,20,48,23,24"/><W17/><G117/><T74/><D130/><U33/><E33/><V12/><F3/><W72/><G128/><T124/><D110/><U79/><E109/><V97/><F129/><W37/><G37/><T90/><D124/><U88/><E98/><V58/><F135/><W63/><G34/><T93/><D1/><U36/><E36/><V104/><F46/><W35/><G35/><T132/><D132/><U99/><E99/><V4/><F82/><W122/><G122/><T133/><D133/><U53/><REACH who="1" step="1"/><E123/><REACH who="1" ten="247,250,214,279" step="2"/><V102/><F30/><N who="3" m="17671" /><G100/><T41/><D32/><U114/><E114/><V115/><REACH who="2" step="1"/><F115/><REACH who="2" ten="247,250,204,279" step="2"/><W91/><G72/><T134/><D134/><U47/><E47/><V70/><F70/><W127/><G127/><T103/><D44/><U113/><E113/><V66/><AGARI ba="0,2" hai="4,8,10,12,15,16,58,60,66,94,97,102,104,106" machi="66" ten="20,12000,2" yaku="1,1,0,1,7,1,52,2,54,1,53,0" doraHai="101" doraHaiUra="69" who="2" fromWho="2" sc="247,-30,250,-30,204,140,279,-60" /><INIT seed="4,0,0,3,1,13" ten="217,220,344,219" oya="0" hai0="111,41,122,115,21,88,64,5,106,49,127,126,82" hai1="22,11,112,110,1,108,87,40,102,105,63,37,9" hai2="107,76,65,84,30,119,32,56,118,52,77,114,85" hai3="33,6,92,20,4,80,69,74,38,51,113,117,24"/><T23/><D122/><U18/><E112/><V46/><F107/><W131/><G38/><T71/><D106/><U133/><E133/><V125/><F65/><W47/><G69/><T90/><D115/><U109/><E1/><V29/><F114/><W35/><G117/><N who="2" m="44553" /><F46/><W100/><G113/><T70/><D111/><U25/><E87/><N who="2" m="33355" /><F125/><N who="0" m="47626" /><D5/><U89/><E89/><N who="0" m="34409" /><D82/><U94/><E94/><V36/><F36/><W72/><G80/><T45/><D71/><U99/><REACH who="1" step="1"/><E63/><AGARI ba="0,0" hai="21,23,41,45,49,63,64,70" m="34409,47626" machi="63" ten="30,2900,0" yaku="18,1,54,1" doraHai="13" who="0" fromWho="1" sc="217,29,220,-29,344,0,219,0" /><INIT seed="4,1,0,2,1,57" ten="246,191,344,219" oya="0" hai0="129,95,78,89,113,5,32,34,47,134,126,102,24" hai1="64,69,56,44,11,17,43,66,7,85,38,133,28" hai2="0,60,109,132,9,91,103,84,135,58,50,110,93" hai3="117,77,76,14,122,114,33,8,81,118,61,40,101"/><T97/><D126/><U12/><E133/><N who="2" m="51275" /><F50/><W92/><G33/><T86/><D134/><U80/><E69/><V37/><F37/><W107/><G114/><T48/><D113/><U19/><E28/><V121/><F121/><W128/><G128/><T71/><D129/><U30/><E30/><V120/><F120/><W25/><G122/><T35/><D71/><U46/><E44/><V20/><F20/><W2/><G107/><T104/><D5/><U70/><E70/><V52/><F103/><W82/><G2/><T16/><D78/><N who="3" m="30313" /><G40/><T3/><D3/><U10/><E10/><V63/><F60/><W68/><G68/><T21/><REACH who="0" step="1"/><D34/><REACH who="0" ten="236,191,344,219" step="2"/><U65/><REACH who="1" step="1"/><E56/><REACH who="1" ten="236,181,344,219" step="2"/><V74/><F74/><W131/><G131/><T115/><D115/><U100/><E100/><V29/><F29/><W127/><G101/><T26/><D26/><U79/><AGARI ba="1,2" hai="7,11,12,17,19,38,43,46,64,65,66,79,80,85" machi="79" ten="30,2000,0" yaku="1,1,0,1,53,0" doraHai="57" doraHaiUra="112" who="1" fromWho="1" sc="236,-11,181,43,344,-6,219,-6" /><INIT seed="5,0,0,1,3,117" ten="225,224,338,213" oya="1" hai0="7,36,84,14,85,91,56,12,125,31,65,64,135" hai1="71,104,89,118,60,18,50,101,58,68,54,11,109" hai2="29,40,74,48,55,110,114,63,61,69,122,82,24" hai3="133,119,17,88,39,98,93,76,103,126,72,51,3"/><U79/><E118/><V115/><F110/><W33/><G39/><T37/><D31/><U47/><E109/><V22/><F40/><W25/><G119/><T92/><D135/><U19/><E79/><N who="2" m="44407" /><F69/><W123/><G3/><T121/><D121/><U112/><E112/><N who="2" m="43051" /><F122/><W44/><G123/><T78/><D125/><U105/><E71/><V8/><F8/><W113/><G126/><T34/><D34/><U87/><E68/><V107/><F107/><W1/><G133/><T57/><D37/><U111/><E111/><V94/><F94/><W20/><G113/><T49/><D36/><U96/><E104/><V120/><F120/><W127/><G127/><T130/><D130/><U97/><E11/><V124/><F124/><W90/><G1/><T75/><D75/><U129/><E129/><V9/><F9/><W15/><G72/><T2/><D2/><U134/><E134/><V32/><F32/><W42/><G76/><T52/><D7/><U86/><E96/><V128/><F128/><W16/><G33/><T45/><D78/><U38/><E38/><V62/><F62/><W5/><G5/><T99/><D85/><U4/><E4/><V10/><F10/><AGARI ba="0,0" hai="10,15,16,17,20,25,42,44,51,88,90,93,98,103" machi="10" ten="30,7700,0" yaku="7,1,8,1,54,2" doraHai="117" who="3" fromWho="2" sc="225,0,224,0,338,-77,213,77" /><INIT seed="6,0,0,2,5,124" ten="225,224,261,290" oya="2" hai0="54,47,45,87,49,79,102,44,103,4,53,22,101" hai1="15,50,92,127,41,0,73,76,107,21,58,133,74" hai2="43,62,52,60,10,67,7,14,1,18,114,9,13" hai3="96,113,97,106,68,42,111,112,104,71,93,23,36"/><V37/><F114/><N who="3" m="44139" /><G111/><T59/><D4/><U122/><E107/><N who="3" m="41002" /><G23/><T48/><D22/><U81/><E0/><V135/><F135/><W116/><G116/><T56/><D87/><U84/><E127/><V98/><F98/><N who="3" m="37995" /><G93/><T40/><REACH who="0" step="1"/><D79/><REACH who="0" ten="215,224,261,290" step="2"/><U129/><E76/><V17/><F10/><W61/><G61/><AGARI ba="0,1" hai="40,44,45,47,48,49,53,54,56,59,61,101,102,103" machi="61" ten="40,5200,0" yaku="1,1,2,1,8,1,53,0" doraHai="124" doraHaiUra="95" who="0" fromWho="3" sc="215,62,224,0,261,0,290,-52" /><INIT seed="7,0,0,0,5,121" ten="277,224,261,238" oya="3" hai0="134,93,1,116,131,4,84,117,115,86,30,90,9" hai1="61,20,2,88,87,69,3,56,7,72,29,39,111" hai2="120,128,12,13,32,34,70,33,63,71,49,89,82" hai3="11,51,60,124,106,126,83,91,66,135,31,8,17"/><W23/><G106/><T65/><D115/><U119/><E111/><V6/><F120/><W118/><G118/><T16/><D131/><U96/><E119/><V101/><F101/><W21/><G135/><T108/><D134/><U80/><E39/><V98/><F128/><W125/><G51/><T68/><D108/><U133/><E133/><V41/><F6/><W35/><G35/><T36/><D36/><U27/><E69/><V22/><F22/><N who="3" m="8203" /><G31/><T19/><D30/><U42/><E42/><V24/><F24/><W85/><G17/><T62/><D117/><U99/><E72/><V53/><F41/><W46/><G46/><T122/><D116/><U44/><E44/><V38/><F38/><W92/><G83/><T114/><D114/><U55/><REACH who="1" step="1"/><E7/><REACH who="1" ten="277,214,261,238" step="2"/><V130/><F130/><W54/><G54/><T59/><D122/><U45/><E45/><V28/><F71/><AGARI ba="0,1" hai="8,11,60,66,71,85,91,92,124,125,126" m="8203" machi="71" ten="30,1500,0" yaku="18,1" doraHai="121" who="3" fromWho="2" sc="277,0,214,0,261,-15,238,25" /><INIT seed="7,1,0,5,1,65" ten="277,214,246,263" oya="3" hai0="80,5,32,35,104,30,44,134,81,9,28,97,16" hai1="121,62,86,129,75,17,120,128,13,127,106,22,117" hai2="119,29,109,133,70,111,123,20,132,55,73,67,135" hai3="51,21,126,69,101,19,103,131,8,50,49,110,36"/><W39/><G8/><T12/><D134/><U64/><E75/><V2/><F73/><W96/><G69/><T74/><D104/><U82/><E106/><V41/><F2/><W87/><G131/><T108/><D108/><N who="2" m="41546" /><F119/><W58/><G126/><T45/><D74/><U34/><E34/><V37/><F29/><N who="0" m="11370" /><D35/><U105/><E105/><V61/><F20/><W26/><G110/><T27/><D32/><U46/><E46/><N who="0" m="18025" /><D97/><U57/><E127/><V113/><F113/><W59/><G87/><T10/><D10/><U4/><E4/><V7/><F7/><W124/><G124/><T99/><D99/><U79/><REACH who="1" step="1"/><E117/><REACH who="1" ten="277,204,246,263" step="2"/><V14/><F133/><W43/><G103/><T31/><D31/><U40/><E40/><V11/><F135/><W100/><G43/><T85/><D85/><U72/><E72/><V1/><F132/><W115/><G115/><T56/><D56/><U94/><E94/><V130/><F41/><W53/><G101/><T63/><D81/><U102/><E102/><V15/><F130/><AGARI ba="1,1" hai="13,17,22,57,62,64,79,82,86,120,121,128,129,130" machi="130" ten="40,2600,0" yaku="1,1,19,1,53,0" doraHai="65" doraHaiUra="88" who="1" fromWho="2" sc="277,0,204,39,246,-29,263,0" /><INIT seed="8,0,0,5,2,117" ten="277,243,217,263" oya="0" hai0="35,76,24,105,40,8,65,41,47,122,59,125,21" hai1="67,10,113,34,127,66,26,111,104,3,14,74,126" hai2="0,39,119,49,123,31,77,94,11,27,30,54,108" hai3="16,116,2,5,64,44,52,78,37,61,73,15,107"/><T4/><D35/><U9/><E104/><V131/><F108/><W33/><G107/><T48/><D105/><U56/><E111/><V1/><F39/><W109/><G109/><T120/><D125/><N who="1" m="47627" /><E74/><V43/><F43/><W91/><G33/><T102/><D102/><U46/><E113/><V96/><F131/><W20/><G116/><T58/><D41/><U132/><E132/><V82/><F119/><W7/><G2/><T88/><D76/><U13/><E46/><V55/><F123/><W110/><G110/><T50/><D50/><U112/><E112/><V53/><F49/><N who="3" m="28711" /><G73/><T128/><D128/><U93/><E93/><V51/><F51/><W99/><G78/><T79/><D79/><U6/><E56/><V38/><F38/><W32/><G32/><T63/><D59/><U133/><E133/><V84/><F11/><W81/><G37/><T90/><D122/><U19/><E3/><V92/><F92/><N who="3" m="56735" /><G81/><T22/><D120/><U135/><E135/><V12/><F12/><W86/><G86/><T115/><D115/><U57/><E57/><AGARI ba="0,0" hai="5,7,15,16,20,57,61,64" m="56735,28711" machi="57" ten="30,3900,0" yaku="8,1,54,2" doraHai="117" who="3" fromWho="1" sc="277,0,243,-39,217,0,263,39" owari="277,8.0,204,-30.0,217,-18.0,302,40.0" /></mjloggm>