<mjloggm ver="2.3"><GO type="169" lobby="0"/><UN n0="%E3%83%92%E3%83%AB%E3%83%99%E3%83%AB%E3%83%88" n1="%E3%82%A6%E3%83%AB%E3%83%88%E3%83%A9%E7%AB%8B%E7%9B%B4" n2="%E6%94%BE%E9%8A%83%E7%8E%8B%EF%BC%94" n3="%68%61%79%61%74%6F%E2%98%86" dan="17,17,16,16" rate="2167.41,2201.07,2096.03,2140.95" sx="M,M,F,M"/><TAIKYOKU oya="0"/><INIT seed="0,0,0,0,5,129" ten="250,250,250,250" oya="0" hai0="85,62,12,3,76,96,11,90,94,73,57,4,98" hai1="46,99,123,107,68,27,36,31,130,117,120,19,6" hai2="23,66,7,59,47,64,93,118,104,109,84,26,65" hai3="39,37,79,18,78,111,67,128,8,74,112,38,1"/><T29/><D3/><U41/><E19/><V45/><F104/><W119/><G112/><T58/><D73/><U125/><E117/><V135/><F118/><W87/><G119/><T15/><D29/><U108/><E130/><V91/><F109/><W56/><G74/><T16/><D76/><U33/><E108/><V49/><F7/><W101/><G101/><T121/><D121/><U43/><E125/><V126/><F126/><W97/><G97/><T77/><D77/><U134/><E43/><V70/><F70/><W102/><G102/><T20/><REACH who="0" step="1"/><D58/><REACH who="0" ten="240,250,250,250" step="2"/><U44/><E123/><V106/><F59/><W28/><G1/><T25/><D25/><U103/><E120/><V54/><F26/><W32/><G28/><T132/><D132/><U55/><E68/><V52/><F135/><W86/><G78/><T50/><D50/><U124/><E124/><V5/><F106/><W0/><G79/><T13/><D13/><U22/><E134/><V63/><F63/><W48/><G0/><T2/><D2/><U51/><E33/><V110/><F49/><W17/><G48/><T122/><D122/><U114/><E114/><V75/><F75/><W92/><G32/><T95/><D95/><U30/><E30/><V100/><F110/><W61/><G111/><T35/><D35/><U81/><E81/><V60/><F60/><W10/><G92/><T82/><D82/><U131/><E131/><V42/><F93/><W127/><G127/><T113/><D113/><U88/><E31/><V71/><F71/><W24/><G128/><T89/><D89/><U72/><E88/><RYUUKYOKU ba="0,1" sc="240,30,250,-10,250,-10,250,-10" hai0="4,11,12,15,16,20,57,62,85,90,94,96,98" /><INIT seed="0,1,1,4,1,62" ten="270,240,240,240" oya="0" hai0="121,69,22,95,51,19,118,99,67,16,89,85,55" hai1="102,119,88,105,66,26,72,41,20,21,133,32,48" hai2="70,101,126,81,46,53,0,111,103,124,90,17,123" hai3="23,93,36,7,106,8,109,75,127,47,116,94,18"/><T12/><D118/><U65/><E72/><V9/><F123/><W3/><G106/><T132/><D132/><U92/><E119/><V10/><F70/><W129/><G127/><N who="2" m="48681" /><F111/><W130/><G109/><T77/><D121/><U4/><E32/><V25/><F0/><W96/><G75/><T71/><D67/><N who="1" m="25611" /><E105/><V112/><F112/><W83/><G83/><T97/><D69/><U35/><E35/><V54/><F25/><W2/><G2/><T115/><D71/><U28/><E133/><V64/><F64/><W39/><G93/><T31/><D31/><U61/><E61/><V76/><F90/><N who="3" m="55383" /><G47/><T45/><D115/><U68/><E68/><V59/><F46/><W30/><G30/><T104/><D104/><U100/><E4/><V84/><F54/><W15/><G116/><T80/><D19/><U14/><E41/><V24/><F103/><W43/><G43/><T120/><D120/><U52/><E52/><V56/><F101/><W98/><G39/><T125/><D125/><U34/><E48/><V5/><F53/><W110/><G36/><T78/><D78/><U37/><E37/><V33/><F5/><W13/><G110/><T49/><D51/><U63/><E63/><V113/><F113/><W107/><G3/><T60/><D60/><U1/><E1/><V29/><F59/><W42/><G42/><T134/><D134/><U27/><E34/><V79/><F56/><W135/><G135/><T57/><D57/><U44/><E44/><V40/><F40/><W38/><G38/><T73/><AGARI ba="1,1" hai="12,16,22,45,49,55,73,77,80,85,89,95,97,99" machi="73" ten="20,3900,0" yaku="0,1,7,1,54,1" doraHai="62" who="0" fromWho="0" sc="270,52,240,-14,240,-14,240,-14" /><INIT seed="0,2,0,3,2,91" ten="322,226,226,226" oya="0" hai0="54,51,50,48,25,108,56,113,117,131,124,61,13" hai1="11,135,104,75,79,21,84,115,1,39,27,17,42" hai2="85,93,59,15,78,63,102,95,43,19,26,2,94" hai3="55,9,119,88,80,114,96,73,90,3,18,112,133"/><T47/><D113/><U89/><E104/><V101/><F2/><W30/><G119/><T129/><D25/><U23/><E115/><V70/><F70/><W14/><G30/><T107/><D107/><U40/><E135/><V72/><F72/><W99/><G133/><T127/><D117/><U134/><E134/><V121/><F43/><W62/><G3/><T69/><D69/><U122/><E39/><V33/><F33/><W52/><G62/><T130/><D13/><U116/><E116/><V123/><F26/><W86/><G73/><T66/><D108/><U87/><E75/><V57/><F123/><W38/><G38/><T92/><D92/><N who="2" m="23554" /><V35/><DORA hai="28" /><F35/><W20/><G112/><T76/><D76/><U126/><E79/><V31/><F31/><W98/><G114/><T29/><D29/><U4/><E42/><V16/><F121/><W82/><G20/><T7/><D7/><U111/><E23/><N who="2" m="11679" /><F19/><W12/><G12/><T0/><D0/><U60/><E17/><V77/><F59/><W109/><G109/><T128/><N who="0" m="32768" /><DORA hai="100" /><T10/><D10/><U22/><E11/><V125/><F125/><AGARI ba="2,0" hai="47,48,50,51,54,56,61,66,124,125,127" m="32768" machi="125" ten="70,12000,1" yaku="18,1,19,1,34,3" doraHai="91,28,100" who="0" fromWho="2" sc="322,126,226,0,226,-126,226,0" /><INIT seed="0,3,0,4,0,66" ten="448,226,100,226" oya="0" hai0="12,25,92,112,123,15,8,63,118,120,98,4,43" hai1="122,29,128,117,81,97,72,90,34,21,57,39,55" hai2="116,40,35,82,115,130,113,114,58,133,49,75,76" hai3="17,18,9,10,125,104,109,93,121,48,51,126,60"/><T88/><D112/><U68/><E34/><V20/><F35/><W42/><G104/><T111/><D118/><U59/><E39/><V31/><F116/><W53/><G121/><T13/><D43/><U124/><E57/><V47/><F133/><W105/><G105/><T119/><D119/><U103/><E21/><V134/><F134/><W56/><G93/><T14/><D111/><U135/><E29/><V100/><F130/><W46/><G109/><T80/><D63/><U22/><E22/><V2/><F2/><W50/><G10/><T70/><D70/><U67/><E67/><V62/><F100/><W27/><G9/><T91/><D80/><U54/><E54/><V28/><REACH who="2" step="1"/><F20/><REACH who="2" ten="448,226,90,226" step="2"/><W65/><G27/><T69/><D25/><U106/><E135/><V11/><F11/><W5/><G5/><T86/><D123/><U101/><E101/><V83/><F83/><W132/><G132/><T96/><D120/><U131/><E103/><V79/><F79/><W129/><G129/><T77/><D77/><U110/><E81/><V45/><F45/><W73/><G17/><T3/><D91/><U30/><E90/><V61/><F61/><W89/><G18/><T41/><D3/><U38/><E131/><V32/><F32/><W84/><G89/><T23/><D23/><U94/><E128/><V36/><F36/><W37/><G73/><T87/><D8/><U6/><E72/><V95/><F95/><W19/><G19/><T107/><D92/><U44/><E94/><V85/><F85/><W7/><G84/><T78/><N who="0" m="3072" /><DORA hai="127" /><T102/><D87/><RYUUKYOKU ba="3,1" sc="448,-10,226,-10,90,30,226,-10" hai2="28,31,40,47,49,58,62,75,76,82,113,114,115" /><INIT seed="1,4,1,3,3,34" ten="438,216,120,216" oya="1" hai0="67,85,92,33,1,21,36,75,109,40,28,61,108" hai1="22,126,73,4,95,58,71,104,127,14,76,63,19" hai2="16,103,128,120,88,37,60,134,54,89,31,53,10" hai3="38,5,18,83,29,101,70,55,48,111,72,84,114"/><U45/><E104/><V11/><F120/><W59/><G38/><T125/><D75/><U121/><E121/><V47/><F134/><W130/><G72/><T79/><D33/><U90/><E71/><V51/><F128/><W116/><G114/><T86/><D125/><N who="1" m="47627" /><E76/><V20/><F37/><W98/><G29/><T43/><D79/><U9/><E45/><V64/><F31/><W2/><G70/><T69/><D36/><U112/><E73/><V94/><F103/><W133/><G116/><T81/><D86/><U23/><E112/><V24/><F54/><W68/><G68/><T82/><D40/><U80/><E80/><V49/><F49/><W87/><G130/><T42/><D43/><U78/><E78/><V65/><F89/><W30/><G133/><T50/><D50/><U44/><E44/><V118/><F118/><W99/><G84/><T122/><D42/><U57/><E23/><V131/><F131/><W6/><G83/><T12/><D122/><U110/><E63/><V0/><F0/><W35/><G2/><T13/><D1/><N who="1" m="143" /><E110/><N who="0" m="42601" /><D92/><U113/><E113/><V96/><REACH who="2" step="1"/><F60/><REACH who="2" ten="438,216,110,216" step="2"/><W91/><G111/><T26/><D85/><AGARI ba="4,2" hai="14,19,22,57,58,85,90,95" m="143,47627" machi="85" ten="30,2900,0" yaku="18,1,52,1" doraHai="34" who="1" fromWho="0" sc="438,-41,216,61,110,0,216,0" /><INIT seed="1,5,0,3,3,124" ten="397,277,110,216" oya="1" hai0="69,70,16,0,55,4,60,45,105,36,48,75,87" hai1="66,86,15,112,26,59,50,13,2,65,17,128,113" hai2="8,120,85,22,127,126,108,31,89,132,41,64,130" hai3="39,58,18,32,6,72,21,44,74,83,10,81,97"/><U61/><E2/><V122/><F64/><W1/><G32/><T131/><D75/><U24/><E50/><V54/><F41/><W98/><G81/><T51/><D105/><U42/><E42/><V12/><F108/><W49/><G72/><T110/><D4/><U43/><E43/><V106/><F106/><W25/><G58/><T11/><D16/><U123/><E86/><V9/><F54/><W80/><G80/><T102/><D87/><U76/><E76/><V115/><F115/><W104/><G104/><T7/><D11/><U96/><E96/><V101/><F101/><W99/><G39/><T84/><D7/><U134/><E134/><V78/><F78/><W29/><G49/><N who="0" m="29103" /><D102/><U79/><E79/><V91/><F132/><W90/><G44/><T71/><D84/><U62/><E59/><V73/><F73/><W109/><G90/><T20/><D20/><U27/><E27/><V52/><F85/><W133/><G133/><T93/><D93/><U88/><E17/><V92/><F92/><W5/><G5/><T40/><D0/><U129/><E123/><V14/><F122/><W33/><G83/><T95/><D95/><U94/><E94/><V116/><F120/><W56/><G74/><T117/><D110/><U19/><E19/><V121/><F121/><W30/><G109/><T135/><D135/><U28/><E28/><N who="3" m="10858" /><G33/><T100/><D100/><U38/><E38/><V23/><F31/><W47/><G47/><N who="0" m="23943" /><D117/><U114/><E114/><V103/><F116/><W68/><G56/><T57/><D131/><U37/><E37/><V34/><F130/><RYUUKYOKU ba="5,0" sc="397,10,277,10,110,-30,216,10" hai0="48,51,57,60,69,70,71" hai1="13,15,24,26,61,62,65,66,88,112,113,128,129" hai3="1,6,10,18,21,25,68,97,98,99" /><INIT seed="1,6,0,2,0,59" ten="407,287,80,226" oya="1" hai0="65,35,129,66,118,84,69,11,115,14,119,28,117" hai1="73,63,68,41,12,24,82,120,116,106,51,92,89" hai2="20,57,10,126,34,104,13,81,9,40,30,90,52" hai3="102,26,130,79,71,60,123,58,25,19,43,132,109"/><U0/><E0/><V27/><F104/><W99/><G123/><T70/><D115/><U49/><E106/><V31/><F126/><W16/><G130/><T48/><D129/><U45/><E116/><V54/><F40/><W101/><G71/><T133/><D133/><U100/><E120/><V125/><F125/><W18/><G43/><T77/><D48/><U128/><E128/><V1/><F1/><W53/><G109/><T32/><D28/><U67/><E12/><V85/><F34/><W87/><G132/><T72/><D72/><U42/><E100/><N who="3" m="38506" /><G99/><T23/><D23/><U93/><E24/><V15/><F31/><W108/><G108/><T8/><D14/><N who="2" m="5130" /><F54/><W124/><G124/><T22/><D22/><U5/><E5/><V6/><F6/><W4/><G4/><T74/><D74/><U135/><E135/><V127/><F127/><W56/><G58/><T37/><D84/><U95/><E73/><V131/><F131/><W83/><AGARI ba="6,0" hai="16,18,19,25,26,53,56,60,79,83,87" m="38506" machi="83" ten="30,4000,0" yaku="8,1,52,1,54,1" doraHai="59" who="3" fromWho="3" sc="407,-16,287,-26,80,-16,226,58" /><INIT seed="2,0,0,0,1,19" ten="391,261,64,284" oya="2" hai0="120,9,33,53,88,59,75,29,66,123,117,102,22" hai1="60,7,78,50,134,52,121,87,70,81,11,103,113" hai2="27,135,42,131,89,106,51,86,3,47,74,122,90" hai3="129,100,124,99,80,101,67,58,20,125,5,126,57"/><V2/><F122/><W76/><G5/><T10/><D75/><U26/><E113/><V79/><F135/><W110/><G110/><T40/><D33/><U111/><E111/><V109/><F109/><W61/><G129/><T28/><D117/><U23/><E134/><V97/><F131/><W16/><G58/><T77/><D77/><U43/><E103/><V105/><F105/><W118/><G99/><T98/><D40/><U62/><E70/><V18/><F74/><N who="3" m="43031" /><G118/><T41/><D41/><U31/><E43/><V128/><F128/><W48/><G48/><T84/><D66/><U82/><E82/><N who="2" m="47455" /><F2/><W21/><G21/><T114/><D29/><U130/><E121/><V56/><F3/><W72/><G72/><T44/><D44/><U24/><E130/><V91/><F106/><W34/><G34/><T65/><D65/><U45/><E26/><AGARI ba="0,0" hai="16,20,26,57,61,67,100,101,124,125,126" m="43031" machi="26" ten="30,3900,0" yaku="18,1,52,1,54,1" doraHai="19" who="3" fromWho="1" sc="391,0,261,-39,64,0,284,39" /><INIT seed="3,0,0,2,2,23" ten="391,222,64,323" oya="3" hai0="33,68,50,47,15,98,17,71,110,127,14,72,34" hai1="116,80,11,25,83,104,114,74,46,134,70,79,5" hai2="39,118,96,3,10,88,75,132,111,19,94,4,18" hai3="121,120,93,56,45,61,24,131,62,108,97,21,107"/><W20/><G107/><T65/><D72/><U2/><E104/><V64/><F118/><W73/><G73/><T90/><D110/><U124/><E114/><V63/><F111/><W57/><G108/><T84/><D127/><U129/><E124/><V135/><F39/><W31/><G131/><T54/><D98/><U105/><E105/><V52/><F75/><W109/><G109/><T32/><D65/><U1/><E129/><V26/><F52/><N who="3" m="33927" /><G45/><T58/><D15/><U35/><E134/><N who="2" m="51243" /><F26/><W133/><G20/><T0/><D0/><N who="1" m="423" /><E83/><V40/><F40/><W128/><G128/><T13/><D13/><U27/><E27/><V29/><F29/><W6/><G6/><T60/><D60/><U101/><E116/><V78/><F78/><W125/><G125/><T77/><D77/><U82/><E82/><V30/><F30/><W42/><G42/><T48/><D48/><U9/><E46/><V16/><F19/><W99/><G99/><T112/><D112/><U12/><E2/><V102/><F102/><N who="3" m="60719" /><G133/><T7/><D7/><U113/><E1/><V119/><F119/><W22/><G22/><N who="0" m="11575" /><D47/><U103/><E70/><AGARI ba="0,0" hai="3,4,10,16,18,63,64,70,88,94,96" m="51243" machi="70" ten="30,3900,0" yaku="20,1,54,2" doraHai="23" who="2" fromWho="1" sc="391,0,222,-39,64,39,323,0" /><INIT seed="4,0,0,2,2,127" ten="391,183,103,323" oya="0" hai0="80,129,84,74,100,36,60,79,122,116,6,97,45" hai1="96,46,134,26,64,63,44,4,114,40,78,30,62" hai2="65,125,68,58,98,120,73,93,54,95,103,77,92" hai3="23,15,56,43,34,25,128,0,69,32,17,119,110"/><T59/><D116/><U89/><E134/><V67/><F120/><W11/><G69/><T37/><D122/><U126/><E126/><V111/><F111/><W82/><G43/><T132/><D132/><U19/><E114/><V22/><F125/><W13/><G82/><T29/><D6/><U133/><E133/><V72/><F68/><W130/><G56/><T2/><D2/><U66/><E78/><V61/><F77/><W8/><G119/><T99/><D29/><U123/><E19/><V121/><F121/><W70/><G70/><T57/><D57/><U21/><E4/><V18/><F73/><W109/><G0/><T87/><D99/><U91/><E96/><V16/><F72/><W94/><G94/><T14/><D14/><N who="3" m="5129" /><G8/><T50/><D87/><U102/><E102/><V101/><F101/><W41/><G41/><T104/><D74/><U33/><E33/><N who="3" m="12906" /><G11/><T85/><D84/><U81/><E81/><V42/><F42/><W9/><G9/><T117/><D117/><U105/><E105/><V38/><F38/><N who="0" m="14954" /><D59/><U3/><E3/><V20/><F103/><W108/><AGARI ba="0,0" hai="17,23,25,108,109,110,128,130" m="12906,5129" machi="108" ten="40,8000,1" yaku="34,2,52,2" doraHai="127" who="3" fromWho="3" sc="391,-40,183,-20,103,-20,323,80" /><INIT seed="5,0,0,4,2,134" ten="351,163,83,403" oya="1" hai0="94,125,37,40,57,31,123,98,38,135,82,35,130" hai1="23,73,42,12,16,26,132,13,131,36,88,14,76" hai2="50,24,83,79,106,28,109,2,62,9,44,74,56" hai3="25,114,29,100,87,63,104,92,117,124,32,60,51"/><U61/><E132/><V47/><F109/><W19/><G117/><T119/><D119/><U54/><E131/><V91/><F106/><W85/><G114/><T46/><D130/><U103/><E103/><V113/><F113/><W77/><G104/><T69/><D69/><U21/><E76/><V41/><F91/><W58/><G19/><T34/><D135/><U17/><E73/><V110/><F110/><W15/><G15/><T5/><D123/><U55/><E42/><V20/><F47/><W102/><G51/><T99/><D5/><U72/><E72/><V126/><F126/><W7/><G124/><T108/><D125/><U80/><E36/><V64/><F9/><W59/><G7/><T96/><D94/><U65/><E65/><V33/><REACH who="2" step="1"/><F2/><REACH who="2" ten="351,163,73,403" step="2"/><W101/><G77/><T48/><D108/><U107/><E107/><V39/><F39/><W8/><G8/><T122/><D38/><U112/><E112/><V22/><AGARI ba="0,1" hai="20,22,24,28,33,41,44,50,56,62,64,74,79,83" machi="22" ten="30,4000,0" yaku="1,1,0,1,53,1" doraHai="134" doraHaiUra="53" who="2" fromWho="2" sc="351,-10,163,-20,73,50,403,-10" /><INIT seed="6,0,0,2,3,89" ten="341,143,123,393" oya="2" hai0="27,85,69,84,73,108,91,30,29,88,90,79,48" hai1="25,105,114,120,72,67,62,97,82,20,78,17,115" hai2="61,95,64,0,121,58,76,94,11,80,6,49,38" hai3="41,36,92,112,129,98,126,56,77,5,14,7,125"/><V107/><F121/><W75/><G112/><T43/><D69/><U87/><E120/><V32/><F38/><W134/><G14/><T9/><D108/><U44/><E44/><V131/><F107/><W65/><G77/><T57/><D9/><U16/><E72/><V55/><F32/><W21/><G21/><T28/><D27/><U103/><REACH who="1" step="1"/><E17/><REACH who="1" ten="341,133,123,393" step="2"/><V70/><REACH who="2" step="1"/><F131/><REACH who="2" ten="341,133,113,393" step="2"/><W110/><G129/><T93/><D73/><AGARI ba="0,2" hai="0,6,11,49,55,58,61,64,70,73,76,80,94,95" machi="73" ten="30,18000,2" yaku="1,1,2,1,7,1,52,2,53,1" doraHai="89" doraHaiUra="63" who="2" fromWho="0" sc="341,-180,133,0,113,200,393,0" /><INIT seed="6,1,0,3,4,90" ten="161,133,313,393" oya="2" hai0="113,38,39,70,34,14,108,130,71,133,116,21,81" hai1="2,49,41,76,96,30,8,6,18,40,125,105,111" hai2="112,107,5,57,63,126,60,37,20,104,50,115,29" hai3="15,123,7,53,98,58,80,75,106,62,79,31,64"/><V69/><F37/><W48/><G123/><T19/><D81/><U124/><E30/><V82/><F5/><W17/><G31/><T99/><D99/><U16/><E76/><V86/><F126/><N who="1" m="48745" /><E111/><V134/><F134/><W47/><G7/><T61/><D108/><U78/><E78/><N who="2" m="46423" /><F69/><W59/><G98/><T54/><D34/><U13/><E49/><V93/><F50/><W65/><G106/><T44/><D39/><U101/><E18/><V95/><F107/><W109/><G109/><T102/><D116/><U46/><E46/><V55/><F104/><W66/><G47/><T103/><D133/><U83/><E83/><V117/><F117/><W23/><AGARI ba="1,0" hai="15,17,23,48,53,58,59,62,64,65,66,75,79,80" machi="23" ten="20,1500,0" yaku="0,1,7,1" doraHai="90" who="3" fromWho="3" sc="161,-5,133,-5,313,-8,393,18" /><INIT seed="7,0,0,5,0,53" ten="156,128,305,411" oya="3" hai0="58,110,2,135,17,36,48,79,96,133,107,66,44" hai1="6,102,10,45,51,33,32,106,26,37,87,60,88" hai2="128,1,85,7,46,4,28,118,131,55,18,43,95" hai3="100,42,124,132,29,117,62,116,127,125,57,104,103"/><W76/><G132/><N who="0" m="50763" /><D110/><U91/><E37/><V75/><F118/><N who="3" m="45675" /><G29/><T23/><D2/><U120/><E120/><V22/><F28/><W9/><G104/><T112/><D112/><U35/><E102/><V54/><F75/><W86/><G42/><N who="0" m="22599" /><D79/><U69/><E106/><V34/><F34/><W19/><G19/><T41/><D41/><U77/><E77/><V38/><F95/><W114/><G9/><T113/><D113/><U98/><E98/><V78/><F1/><W39/><G39/><T121/><D121/><U115/><E115/><V64/><F64/><N who="3" m="38991" /><G114/><T89/><D89/><U5/><E91/><V109/><F109/><W134/><G134/><T97/><D107/><U82/><E26/><V0/><F85/><W123/><G123/><T65/><D97/><U83/><E83/><AGARI ba="0,0" hai="76,83,86,100,103,124,125,127" m="38991,45675" machi="83" ten="40,3900,0" yaku="18,1,52,1" doraHai="53" who="3" fromWho="1" sc="156,0,128,-39,305,0,411,39" owari="156,-24.0,89,-41.0,305,11.0,450,54.0" /></mjloggm>