<mjloggm ver="2.3"><GO type="97" lobby="0"/><UN n0="%E5%B0%B1%E6%B4%BB%E7%94%9F%40%E5%B7%9D%E6%9D%91%E8%BB%8D%E5%9B%A3" n1="%E8%B5%A4%E3%83%9E%E9%9B%80%E5%A3%AB" n2="%E3%81%93%E3%82%8C%E3%81%AF%EF%BD%97%EF%BD%97%EF%BD%97" n3="%E3%81%BF%E3%81%8B%E3%82%93%E3%82%BF%E3%82%A4%E3%83%A0" dan="14,14,14,14" rate="2016.40,1958.09,1973.46,1945.82" sx="M,M,F,M"/><TAIKYOKU oya="0"/><INIT seed="0,0,0,0,4,105" ten="250,250,250,250" oya="0" hai0="73,20,7,67,49,129,51,81,66,54,125,119,92" hai1="87,48,17,114,59,3,113,46,24,71,110,88,109" hai2="32,70,12,135,22,19,72,103,93,11,50,106,36" hai3="77,44,99,37,34,102,16,58,104,35,118,62,89"/><T39/><D119/><U100/><E71/><V9/><F106/><W97/><G118/><T111/><D39/><U56/><E3/><V98/><F70/><W74/><G77/><T31/><D7/><U95/><E100/><V15/><F135/><W86/><G16/><T0/><D0/><U30/><E17/><V2/><F32/><W75/><G99/><T120/><D120/><U108/><E46/><V8/><F36/><W132/><G132/><T26/><D125/><U18/><E18/><V14/><F2/><W128/><G128/><T25/><D129/><U94/><E95/><V33/><F33/><W28/><G44/><T6/><D6/><U85/><E87/><V101/><F72/><W79/><G79/><T69/><D69/><U27/><E27/><V52/><REACH who="2" step="1"/><F103/><REACH who="2" ten="250,250,240,250" step="2"/><W121/><G37/><T47/><D73/><U83/><E114/><V115/><F115/><W4/><G35/><T61/><D111/><U13/><E113/><V29/><F29/><W40/><G121/><T43/><D31/><U65/><E110/><V41/><F41/><W107/><G40/><T91/><D43/><U84/><E109/><V117/><F117/><W76/><G107/><T80/><D91/><U126/><E108/><V130/><F130/><W131/><G131/><T134/><D134/><U124/><E124/><V55/><F55/><W45/><G76/><T112/><D54/><N who="1" m="31815" /><E126/><V38/><F38/><W96/><G28/><T1/><D112/><U68/><E68/><V57/><AGARI ba="0,1" hai="8,9,11,12,14,15,19,22,50,52,57,93,98,101" machi="57" ten="30,7900,0" yaku="1,1,0,1,8,1,54,1,53,0" doraHai="105" doraHaiUra="122" who="2" fromWho="2" sc="250,-39,250,-20,240,89,250,-20" /><INIT seed="1,0,0,4,0,47" ten="211,230,329,230" oya="1" hai0="81,131,27,68,6,130,58,40,133,62,107,9,35" hai1="120,118,126,97,11,38,135,86,17,54,104,29,22" hai2="19,93,80,100,83,98,67,25,8,31,75,106,59" hai3="115,76,51,12,113,85,108,53,2,109,57,52,94"/><U87/><E120/><V84/><F8/><W88/><G2/><T119/><D68/><U102/><E118/><V32/><F19/><W111/><G76/><T92/><D107/><U77/><E38/><V24/><F25/><W20/><G53/><T28/><D119/><U39/><E39/><V71/><F59/><W50/><G50/><T26/><D133/><U116/><E116/><V5/><F5/><W129/><G129/><N who="0" m="49163" /><D27/><U114/><E114/><V82/><F75/><W10/><G20/><T0/><D92/><U18/><E135/><V3/><F3/><W69/><G69/><T16/><D81/><U73/><E126/><V21/><F21/><W44/><G57/><T96/><D40/><U30/><E11/><V43/><F43/><W7/><AGARI ba="0,0" hai="7,10,12,44,51,52,85,88,94,108,109,111,113,115" machi="7" ten="30,8000,1" yaku="0,1,14,1,52,1,54,2" doraHai="47" who="3" fromWho="3" sc="211,-20,230,-40,329,-20,230,80" /><INIT seed="2,0,0,0,0,27" ten="191,190,309,310" oya="2" hai0="110,131,2,86,35,121,75,45,44,65,130,87,96" hai1="95,51,132,90,99,47,89,77,133,70,6,69,76" hai2="12,73,37,129,62,122,59,72,82,108,46,111,25" hai3="61,71,105,13,57,84,40,124,94,125,19,98,8"/><V42/><F122/><W3/><G71/><T41/><D2/><U0/><E70/><V29/><F12/><W85/><G40/><T109/><D75/><U38/><E69/><V101/><F101/><W11/><G105/><T14/><D121/><U21/><E38/><V1/><F1/><W28/><G3/><T115/><D115/><U74/><E21/><V80/><F129/><N who="0" m="49162" /><D35/><U91/><E0/><V93/><F93/><W100/><G11/><T53/><D65/><U112/><E6/><V50/><F37/><W17/><G17/><T88/><D14/><U126/><E112/><V39/><F39/><W117/><G117/><T16/><D53/><U97/><E126/><N who="3" m="48746" /><G28/><T23/><D96/><N who="1" m="36939" /><E51/><V18/><F18/><W119/><G119/><T9/><D9/><U127/><E127/><V104/><F104/><W49/><G49/><T24/><D87/><N who="1" m="52671" /><E47/><N who="0" m="17993" /><D41/><U34/><E34/><V60/><F73/><W102/><G102/><T15/><D15/><U63/><E63/><V48/><F48/><W58/><G58/><T55/><D55/><AGARI ba="0,0" hai="8,13,19,55,57,61,84,85,94,98,100" m="48746" machi="55" ten="30,1000,0" yaku="18,1" doraHai="27" who="3" fromWho="0" sc="191,-10,190,0,309,0,310,10" /><INIT seed="3,0,0,2,2,6" ten="181,190,309,320" oya="3" hai0="21,12,50,117,45,58,126,27,114,67,95,129,37" hai1="38,24,72,41,36,85,39,107,28,98,79,83,81" hai2="124,49,74,4,100,127,132,119,99,69,18,106,121" hai3="35,71,87,96,32,54,75,57,33,17,118,108,55"/><W116/><G75/><T89/><D117/><U48/><E48/><V134/><F119/><W77/><G71/><T80/><D37/><U125/><E125/><N who="2" m="48203" /><F121/><W110/><G17/><N who="0" m="12719" /><D126/><U78/><E41/><V130/><F130/><W16/><G55/><N who="0" m="30159" /><D129/><U123/><E123/><V43/><F69/><W73/><G73/><T2/><D2/><U10/><E10/><V13/><F4/><W44/><G44/><T56/><D114/><U102/><E39/><V30/><F30/><W42/><G42/><T64/><D80/><U88/><E88/><V84/><F74/><W0/><G0/><T14/><D58/><U97/><E98/><V60/><F60/><W128/><G128/><T22/><D22/><AGARI ba="0,0" hai="22,24,28,36,38,72,78,79,81,83,85,97,102,107" machi="22" ten="30,1000,0" yaku="7,1" doraHai="6" who="1" fromWho="0" sc="181,-10,190,10,309,0,320,0" owari="171,-33.0,200,-20.0,309,11.0,320,42.0" /></mjloggm>