<mjloggm ver="2.3"><GO type="169" lobby="0"/><UN n0="%EF%BC%A6%EF%BC%B8%E9%9B%80%E5%A3%AB" n1="%E9%81%8B%E3%81%8C%E3%81%BB%E3%81%BC%E5%85%A8%E3%81%A6" n2="%64%75%72%72%72%72%72" n3="%E3%82%A6%E3%83%AB%E3%83%88%E3%83%A9%E7%AB%8B%E7%9B%B4" dan="17,16,18,17" rate="2137.77,2120.82,2259.83,2123.77" sx="M,M,M,M"/><TAIKYOKU oya="0"/><INIT seed="0,0,0,0,0,122" ten="250,250,250,250" oya="0" hai0="29,18,41,17,56,128,20,110,121,126,120,65,2" hai1="68,125,8,11,90,134,89,87,57,38,116,114,36" hai2="46,76,9,130,35,72,107,75,111,135,30,25,7" hai3="62,16,95,96,88,47,26,60,123,3,53,82,10"/><T71/><D71/><U48/><E68/><V1/><F135/><W64/><G123/><N who="0" m="47179" /><D41/><U61/><E116/><V86/><F86/><N who="3" m="50263" /><G3/><T79/><D56/><U105/><E105/><V24/><F130/><W104/><G104/><T52/><D52/><U63/><E134/><V78/><F25/><W42/><G42/><T45/><D45/><U124/><E114/><V101/><F46/><W19/><G64/><T99/><D65/><U50/><E87/><V14/><F78/><W40/><G40/><T73/><D99/><U4/><E57/><V31/><F14/><N who="3" m="7255" /><G26/><N who="0" m="16583" /><D73/><U74/><REACH who="1" step="1"/><E4/><REACH who="1" ten="250,240,250,250" step="2"/><V13/><F7/><W6/><G6/><T133/><D133/><U70/><E70/><V23/><F107/><W132/><G132/><T81/><D128/><U21/><E21/><V112/><F75/><AGARI ba="0,1" hai="8,11,36,38,48,50,61,63,74,75,89,90,124,125" machi="75" ten="25,8000,1" yaku="1,1,22,2,53,2" doraHai="122" doraHaiUra="106" who="1" fromWho="2" sc="250,0,240,90,250,-80,250,0" /><INIT seed="1,0,0,4,5,40" ten="250,330,170,250" oya="1" hai0="131,96,87,56,99,22,60,107,98,112,114,8,76" hai1="126,4,75,81,117,93,49,21,0,13,43,68,95" hai2="18,26,42,101,121,57,11,79,58,54,27,106,31" hai3="17,15,132,77,12,52,72,109,51,119,86,123,6"/><U110/><E117/><V28/><F121/><W46/><G72/><T19/><D131/><U44/><E68/><V7/><F79/><W115/><G115/><T108/><D108/><U116/><E116/><V55/><F42/><W30/><G123/><T41/><D107/><U59/><E126/><V111/><F111/><W97/><G119/><T32/><D32/><U82/><E110/><V91/><F18/><W102/><G132/><T74/><D74/><U39/><E0/><V80/><F101/><W45/><G30/><T34/><D34/><U9/><E21/><V5/><F106/><W37/><G37/><T65/><D8/><U113/><E113/><V1/><F80/><N who="1" m="30825" /><E39/><V83/><F83/><N who="3" m="47471" /><G109/><T134/><D134/><U89/><E75/><V103/><F103/><W78/><G78/><T38/><D76/><U63/><E89/><V3/><REACH who="2" step="1"/><F11/><REACH who="2" ten="250,330,160,250" step="2"/><N who="3" m="4215" /><G102/><T120/><D120/><U35/><E35/><V88/><AGARI ba="0,1" hai="1,3,5,7,26,27,28,31,54,55,57,58,88,91" machi="88" ten="25,8000,1" yaku="1,1,0,1,22,2,54,1,53,0" doraHai="40" doraHaiUra="105" who="2" fromWho="2" sc="250,-20,330,-40,160,90,250,-20" /><INIT seed="2,0,0,5,0,41" ten="230,290,250,230" oya="2" hai0="54,36,128,56,4,130,40,107,61,110,121,65,3" hai1="48,6,105,21,17,9,75,96,13,80,72,133,58" hai2="94,27,49,39,42,134,122,117,116,131,124,10,31" hai3="8,77,1,108,68,135,62,22,15,101,59,125,64"/><V53/><F122/><W127/><G1/><T0/><D107/><U84/><E133/><V12/><F134/><W87/><G101/><T85/><D121/><U35/><E35/><V126/><F94/><W20/><G68/><T83/><D110/><U51/><E105/><V104/><F104/><W7/><G135/><T33/><D33/><U120/><E120/><V119/><F131/><N who="0" m="50218" /><D4/><U112/><E112/><V24/><F42/><W16/><G108/><T123/><D123/><U25/><E96/><V92/><F92/><W18/><G7/><T95/><D95/><U88/><REACH who="1" step="1"/><E58/><REACH who="1" ten="230,280,250,230" step="2"/><V69/><F69/><W118/><G118/><T71/><D71/><U23/><E23/><V78/><F117/><W102/><G22/><T99/><D99/><U55/><E55/><V63/><F53/><W5/><G20/><T50/><D54/><U79/><E79/><V30/><F78/><W103/><G125/><T14/><D56/><U66/><E66/><V115/><F115/><W97/><G127/><T57/><D57/><U76/><E76/><V90/><F124/><W26/><G97/><T2/><D65/><U38/><E38/><V28/><F39/><W113/><G113/><T106/><D36/><U82/><E82/><V100/><F126/><W74/><G59/><T32/><D32/><U91/><E91/><V46/><F119/><W43/><G64/><T44/><D106/><U52/><E52/><V60/><F116/><W111/><G111/><T98/><D98/><U47/><E47/><V70/><F70/><W86/><G77/><N who="0" m="46319" /><D61/><N who="2" m="23626" /><F90/><W34/><G62/><T73/><D73/><AGARI ba="0,1" hai="6,9,13,17,21,25,48,51,72,73,75,80,84,88" machi="73" ten="40,5200,0" yaku="1,1,6,1,54,1,53,0" doraHai="41" doraHaiUra="29" who="1" fromWho="0" sc="230,-52,280,62,250,0,230,0" /><INIT seed="3,0,0,1,3,80" ten="178,342,250,230" oya="3" hai0="117,6,15,19,70,22,125,94,133,92,104,69,16" hai1="46,120,115,111,54,59,26,84,105,76,29,106,122" hai2="61,9,4,118,77,130,43,86,0,11,12,30,36" hai3="1,10,64,57,131,82,63,56,39,38,21,41,107"/><W119/><G131/><T116/><D104/><U102/><E115/><V58/><F118/><W42/><G107/><T32/><D32/><U14/><E111/><V123/><F130/><W126/><G119/><T96/><D6/><U55/><E14/><V97/><F123/><W134/><G1/><T33/><D33/><U53/><E59/><V34/><F97/><W99/><G10/><T25/><D133/><U8/><E8/><V93/><F43/><N who="3" m="16395" /><G82/><T66/><D125/><U108/><E108/><V128/><F36/><N who="3" m="13867" /><G99/><T100/><D66/><U95/><E105/><V65/><F128/><W62/><G21/><T20/><D116/><U98/><E76/><V35/><F30/><W27/><G27/><T68/><D117/><U7/><E106/><V110/><F77/><W18/><G18/><T124/><D124/><U31/><E7/><N who="2" m="3199" /><F110/><W113/><G113/><T73/><REACH who="0" step="1"/><D92/><REACH who="0" ten="168,342,250,230" step="2"/><U45/><E95/><V127/><F127/><W17/><G126/><T83/><D83/><U60/><E122/><V91/><F35/><W28/><G134/><T85/><D85/><U52/><E84/><V109/><F34/><W71/><G28/><T103/><D103/><U2/><E102/><V89/><F109/><W81/><G81/><T112/><D112/><U47/><E31/><V121/><F91/><W132/><G132/><T37/><D37/><U48/><E29/><V114/><F114/><W79/><G17/><T44/><D44/><U24/><E47/><V13/><F121/><W23/><G79/><T74/><AGARI ba="0,1" hai="15,16,19,20,22,25,68,69,70,73,74,94,96,100" machi="74" ten="40,5200,0" yaku="1,1,0,1,54,1,53,0" doraHai="80" doraHaiUra="40" who="0" fromWho="0" sc="168,62,342,-13,250,-13,230,-26" /><INIT seed="4,0,0,3,3,46" ten="230,329,237,204" oya="0" hai0="69,84,50,126,108,54,34,16,109,87,91,71,79" hai1="17,93,81,129,65,36,103,5,125,95,0,117,57" hai2="96,106,107,101,113,12,6,11,123,35,66,121,27" hai3="105,29,76,104,74,73,56,19,116,128,53,30,82"/><T70/><D34/><U88/><E117/><V38/><F107/><W49/><G116/><T47/><D126/><U39/><E129/><V18/><F113/><W43/><G128/><T124/><D124/><U94/><E125/><V78/><F38/><W130/><G130/><T8/><D79/><U89/><E103/><V9/><F78/><W64/><G73/><T75/><D75/><U45/><E0/><V24/><F66/><W48/><G64/><T118/><D118/><U14/><E5/><V23/><F11/><W15/><G105/><T77/><D77/><U4/><E4/><V31/><AGARI ba="0,0" hai="6,9,12,18,23,24,27,31,35,96,101,106,121,123" machi="31" ten="30,1100,0" yaku="0,1" doraHai="46" who="2" fromWho="2" sc="230,-5,329,-3,237,11,204,-3" /><INIT seed="5,0,0,2,5,75" ten="225,326,248,201" oya="1" hai0="37,64,38,28,12,34,33,105,83,49,3,109,50" hai1="66,42,26,125,129,9,2,88,82,65,52,0,123" hai2="108,97,122,14,113,18,29,11,104,95,32,48,6" hai3="73,103,60,93,13,54,39,114,84,67,98,134,27"/><U121/><E129/><V10/><F104/><W7/><G73/><T120/><D3/><U20/><E125/><V94/><F108/><W53/><G39/><N who="0" m="14859" /><D105/><U76/><E42/><V47/><F122/><W127/><G127/><T43/><D83/><U106/><E106/><V71/><F71/><W80/><G114/><T62/><D12/><U132/><E132/><V46/><F113/><W119/><G134/><T1/><D28/><U118/><E118/><V23/><F95/><W91/><G119/><T63/><D1/><U72/><E123/><V31/><F47/><W90/><G27/><T100/><D100/><U55/><E121/><V61/><F61/><N who="0" m="23050" /><D33/><U45/><E88/><N who="2" m="55495" /><F32/><W15/><G91/><T77/><D34/><U56/><E2/><V89/><F89/><W51/><G7/><T115/><D109/><U59/><E0/><V36/><F36/><W25/><G90/><T58/><D115/><U107/><E9/><N who="2" m="3083" /><F6/><W92/><G92/><T133/><D133/><U74/><E107/><V40/><AGARI ba="0,0" hai="14,18,23,29,31,40,46,48" m="3083,55495" machi="40" ten="30,2000,0" yaku="8,1,54,1" doraHai="75" who="2" fromWho="2" sc="225,-5,326,-10,248,20,201,-5" /><INIT seed="6,0,0,0,1,20" ten="220,316,268,196" oya="2" hai0="121,128,58,22,18,117,66,6,61,107,55,106,45" hai1="126,14,95,46,10,77,110,105,76,74,41,59,9" hai2="108,103,63,78,109,65,119,21,42,23,82,135,12" hai3="75,123,113,40,112,131,125,2,85,124,67,99,71"/><V102/><F42/><W72/><G2/><T97/><D121/><U13/><E105/><V39/><F39/><W73/><G123/><T101/><D128/><U116/><E116/><V93/><F119/><W118/><G118/><T62/><D117/><U19/><E110/><N who="2" m="42603" /><F135/><W129/><G40/><T34/><D34/><U37/><E126/><N who="3" m="48746" /><G85/><T70/><D45/><U24/><E74/><N who="3" m="18946" /><W92/><DORA hai="33" /><G67/><T0/><D106/><U27/><E59/><V79/><F82/><W86/><G86/><T68/><D70/><U51/><E37/><V84/><F23/><W115/><G71/><T3/><D6/><N who="1" m="3255" /><E95/><V120/><F120/><W104/><G104/><T43/><D43/><U69/><E69/><V133/><F133/><W32/><G32/><T38/><D38/><U56/><E56/><N who="2" m="37095" /><F84/><W15/><G15/><AGARI ba="0,0" hai="0,3,15,18,22,55,58,61,62,66,68,97,101,107" machi="15" ten="30,3900,0" yaku="7,1,52,2" doraHai="20,33" who="0" fromWho="3" sc="220,39,316,0,268,0,196,-39" /><INIT seed="7,0,0,3,0,33" ten="259,316,268,157" oya="3" hai0="118,43,111,66,119,5,18,54,109,94,67,6,126" hai1="47,82,120,85,113,97,87,26,12,37,86,84,44" hai2="98,123,104,101,3,17,23,68,122,1,99,21,24" hai3="45,16,65,75,31,100,128,10,30,103,116,91,62"/><W135/><G116/><T8/><D94/><U56/><E120/><N who="2" m="46123" /><F68/><W22/><G75/><T60/><D18/><U130/><E130/><V79/><F79/><W41/><G128/><T35/><D35/><U90/><E113/><V105/><F23/><W127/><G127/><T70/><D8/><U74/><E74/><V11/><F11/><W46/><G135/><T89/><D89/><U124/><E124/><V4/><F4/><W78/><G91/><T88/><D88/><U48/><E37/><V34/><F34/><W38/><G78/><T69/><D126/><U76/><E26/><V42/><F42/><W25/><G46/><T80/><D80/><U29/><E29/><V61/><F61/><W39/><G39/><T7/><D54/><N who="1" m="31815" /><E12/><V129/><F129/><W73/><G73/><T93/><D93/><AGARI ba="0,0" hai="44,47,76,82,84,85,86,87,90,93,97" m="31815" machi="93" ten="30,1000,0" yaku="8,1" doraHai="33" who="1" fromWho="0" sc="259,-10,316,10,268,0,157,0" owari="249,-15.0,326,42.0,268,7.0,157,-34.0" /></mjloggm>