<mjloggm ver="2.3"><GO type="41" lobby="0"/><UN n0="%E5%B0%B1%E6%B4%BB%E7%94%9F%40%E5%B7%9D%E6%9D%91%E8%BB%8D%E5%9B%A3" n1="%34%6B%4B%65%6C%76%69%6E" n2="%4A%61%6D%69%65%2D%44" n3="%68%6F%70%65%5F%31%30" dan="15,13,13,13" rate="1947.65,1893.14,1864.40,1917.25" sx="M,M,M,M"/><TAIKYOKU oya="0"/><INIT seed="0,0,0,5,0,104" ten="250,250,250,250" oya="0" hai0="114,67,119,111,32,98,0,3,82,12,68,23,131" hai1="78,4,77,35,59,86,121,6,73,14,63,133,5" hai2="125,115,15,71,62,30,26,92,70,127,17,69,22" hai3="105,123,91,8,88,33,128,72,81,21,16,89,100"/><T36/><D32/><U54/><E35/><V120/><F120/><W126/><G33/><T60/><D36/><U20/><E121/><V103/><F115/><W7/><G123/><T118/><D114/><U108/><E108/><V109/><F109/><W124/><G128/><T1/><D111/><U97/><E133/><V47/><F47/><W37/><G37/><T65/><D131/><U93/><E73/><V2/><F2/><W117/><G117/><T56/><D98/><U76/><E86/><V95/><F62/><W84/><G100/><T38/><D38/><U51/><E20/><V90/><F103/><W61/><G61/><T53/><D82/><U102/><REACH who="1" step="1"/><E14/><REACH who="1" ten="250,240,250,250" step="2"/><V110/><F110/><W112/><G112/><T42/><D12/><U107/><E107/><V99/><REACH who="2" step="1"/><F95/><REACH who="2" ten="250,240,240,250" step="2"/><W87/><G105/><T66/><D3/><U27/><E27/><V49/><F49/><AGARI ba="0,2" hai="4,5,6,49,51,54,59,63,76,77,78,93,97,102" machi="49" ten="40,2600,0" yaku="1,1,8,1,53,0" doraHai="104" doraHaiUra="79" who="1" fromWho="2" sc="250,0,240,46,240,-26,250,0" /><INIT seed="1,0,0,5,3,0" ten="250,286,214,250" oya="1" hai0="94,120,117,57,76,134,21,125,6,43,50,56,33" hai1="49,128,81,34,18,38,32,130,129,61,46,127,83" hai2="106,99,53,123,108,74,113,59,69,31,101,17,79" hai3="82,48,115,72,122,37,54,64,35,20,132,93,7"/><U75/><E38/><V3/><F108/><W133/><G35/><T36/><D33/><U10/><E127/><V100/><F123/><W62/><G37/><T11/><D36/><U80/><E75/><V111/><F111/><W28/><G122/><T41/><D120/><U58/><E10/><V60/><F113/><W102/><G115/><T9/><D117/><U84/><E84/><V23/><F101/><W52/><G82/><T109/><D125/><U45/><E18/><V5/><F31/><W47/><G72/><T1/><D134/><N who="3" m="51817" /><G54/><T131/><D131/><U19/><E19/><V105/><F69/><W114/><G114/><T13/><D109/><U95/><E95/><V4/><F3/><W119/><G119/><T16/><D76/><U27/><E27/><V15/><REACH who="2" step="1"/><F106/><REACH who="2" ten="250,286,204,250" step="2"/><W78/><G102/><T66/><D66/><U98/><E128/><V112/><F112/><W44/><G78/><T70/><D70/><U51/><E129/><V73/><F73/><W96/><G64/><T121/><D121/><U40/><E130/><V29/><F29/><W118/><G28/><T116/><D116/><U110/><E110/><V65/><F65/><W39/><G118/><T89/><D1/><U26/><E34/><V12/><F12/><W97/><G48/><T68/><D68/><U85/><E32/><V24/><F24/><W22/><G39/><T124/><D124/><U104/><E26/><V71/><F71/><W135/><G135/><T8/><D50/><U42/><E104/><V92/><F92/><W77/><G93/><T25/><D94/><U103/><E103/><RYUUKYOKU ba="0,1" sc="250,-10,286,-10,204,30,250,-10" hai2="4,5,15,17,23,53,59,60,74,79,99,100,105" /><INIT seed="2,1,1,1,3,94" ten="240,276,234,240" oya="2" hai0="40,75,107,19,110,28,132,98,101,79,68,80,72" hai1="87,7,113,104,53,117,73,12,123,61,38,36,120" hai2="30,41,100,90,1,92,133,43,22,115,93,69,16" hai3="33,56,83,102,50,114,91,51,88,60,34,23,64"/><V2/><F115/><W134/><G114/><T39/><D68/><U15/><E117/><V70/><F30/><W59/><G134/><T121/><D121/><N who="1" m="46667" /><E73/><V109/><F133/><W10/><G102/><T0/><D132/><U82/><E113/><V116/><F116/><W103/><G103/><T20/><D110/><U32/><E32/><V55/><F100/><W37/><G37/><T46/><D0/><U45/><E104/><V5/><F5/><W47/><G34/><T111/><D111/><U14/><E7/><V24/><F93/><W4/><G33/><T58/><D28/><U49/><E61/><V126/><F126/><W81/><G23/><T65/><D75/><U129/><E129/><V85/><F109/><W52/><G10/><T17/><REACH who="0" step="1"/><D20/><REACH who="0" ten="230,276,234,240" step="2"/><U13/><E13/><N who="2" m="9487" /><F1/><W67/><G4/><T74/><D74/><U97/><E15/><V86/><F2/><W63/><G51/><T6/><D6/><U35/><E14/><V27/><F70/><W124/><G124/><T119/><D119/><U54/><E12/><V48/><F69/><W26/><G26/><N who="2" m="9769" /><F85/><W31/><REACH who="3" step="1"/><G31/><REACH who="3" ten="230,276,234,230" step="2"/><T25/><D25/><U131/><E49/><V44/><AGARI ba="1,3" hai="41,43,44,48,55,86,90,92" m="9769,9487" machi="44" ten="30,3000,0" yaku="8,1,54,1" doraHai="94" who="2" fromWho="2" sc="230,-11,276,-11,234,63,230,-11" /><INIT seed="2,2,0,3,2,111" ten="219,265,297,219" oya="2" hai0="36,112,64,119,51,135,56,71,127,26,131,4,124" hai1="113,126,47,49,122,3,105,53,55,2,65,121,21" hai2="96,40,72,9,100,67,59,8,33,46,57,34,104" hai3="116,125,76,48,106,132,13,1,79,37,66,83,80"/><V22/><F72/><W52/><G106/><T43/><D4/><U68/><E105/><V110/><F59/><W78/><G37/><T109/><D26/><U92/><E126/><N who="0" m="48169" /><D119/><U58/><E68/><V16/><F110/><W73/><G1/><T61/><D109/><U23/><E65/><V35/><F57/><W12/><G116/><T97/><D97/><U6/><E92/><V90/><F90/><W99/><G125/><T60/><D131/><U120/><E6/><V84/><F84/><W14/><G73/><T123/><D123/><U0/><REACH who="1" step="1"/><E113/><REACH who="1" ten="219,255,297,219" step="2"/><V42/><F67/><W115/><G115/><T10/><D112/><U91/><E91/><V62/><F62/><AGARI ba="2,1" hai="0,2,3,21,23,47,49,53,55,58,62,120,121,122" machi="62" ten="50,3200,0" yaku="1,1,13,1,53,0" doraHai="111" doraHaiUra="114" who="1" fromWho="2" sc="219,0,255,48,297,-38,219,0" /><INIT seed="3,0,0,1,1,117" ten="219,303,259,219" oya="3" hai0="113,111,26,108,19,109,101,24,62,89,110,69,95" hai1="131,135,55,27,3,128,79,114,45,8,7,83,35" hai2="60,84,127,74,100,115,59,14,77,30,1,48,66" hai3="13,4,118,72,85,96,25,81,116,70,124,52,133"/><W39/><G70/><T6/><D113/><U107/><E114/><V21/><F115/><W82/><G39/><T73/><D73/><U22/><E107/><V125/><F1/><W56/><G72/><T68/><D101/><U102/><E102/><V76/><F74/><W0/><G0/><T20/><N who="0" m="27648" /><DORA hai="10" /><T63/><D6/><U11/><E35/><V104/><F48/><W9/><G124/><N who="2" m="47689" /><F30/><W31/><G133/><T134/><D134/><U16/><E135/><V44/><F44/><W65/><G65/><T90/><D26/><U12/><E55/><V106/><F84/><W40/><G40/><T34/><D34/><U130/><E45/><V2/><F2/><W36/><G36/><T58/><D90/><U98/><E98/><N who="2" m="61463" /><F106/><W29/><G29/><T132/><D132/><U23/><E27/><V126/><N who="2" m="47697" /><V53/><DORA hai="33" /><F53/><W41/><G41/><T61/><REACH who="0" step="1"/><D58/><REACH who="0" ten="209,303,259,219" step="2"/><U103/><E103/><V88/><F88/><N who="3" m="51247" /><G116/><T47/><D47/><U43/><E43/><V91/><F91/><W86/><G118/><T119/><D119/><U105/><E105/><V15/><F21/><N who="3" m="15791" /><G96/><AGARI ba="0,1" hai="19,20,24,61,62,63,68,69,89,95,96" m="27648" machi="96" ten="70,4500,0" yaku="1,1,14,1,53,0" doraHai="117,10,33" doraHaiUra="80,28,32" who="0" fromWho="3" sc="209,55,303,0,259,0,219,-45" /><INIT seed="4,0,0,5,3,114" ten="264,303,259,174" oya="0" hai0="87,134,131,35,84,71,8,108,121,80,2,32,122" hai1="19,43,16,45,63,38,105,118,99,37,13,6,129" hai2="23,42,116,61,3,1,92,70,100,107,47,125,49" hai3="135,46,83,22,74,120,82,126,123,9,95,96,27"/><T50/><D71/><U79/><E38/><V85/><F107/><W94/><G46/><T20/><D108/><U56/><E79/><V124/><F23/><W44/><G44/><T34/><D131/><U132/><E129/><V60/><F100/><W75/><G9/><T98/><D134/><U81/><E81/><V24/><F24/><W52/><G22/><T128/><D128/><U59/><E59/><V102/><F102/><W104/><G27/><T58/><D98/><U106/><E132/><V68/><F92/><W29/><G29/><T33/><D20/><U119/><E99/><V21/><F85/><W28/><G28/><T101/><D101/><U48/><E37/><V86/><F86/><W103/><G52/><T77/><D84/><U4/><E19/><V117/><F21/><W26/><G26/><T11/><N who="0" m="8192" /><DORA hai="39" /><T25/><D25/><U112/><E112/><V12/><F12/><W97/><G135/><T7/><REACH who="0" step="1"/><D11/><REACH who="0" ten="254,303,259,174" step="2"/><U15/><E105/><V113/><F113/><W91/><G104/><T127/><D127/><N who="2" m="48714" /><F70/><W36/><G126/><T115/><D115/><U41/><E106/><V88/><F68/><W110/><G110/><T93/><D93/><U51/><E41/><V64/><F88/><W40/><G40/><T72/><D72/><N who="3" m="27689" /><G36/><T53/><AGARI ba="0,1" hai="2,7,8,50,53,58,77,80,87,121,122" m="8192" machi="53" ten="60,6000,0" yaku="1,1,0,1,53,0" doraHai="114,39" doraHaiUra="17,14" who="0" fromWho="0" sc="254,70,303,-20,259,-20,174,-20" /><INIT seed="4,1,0,2,2,45" ten="324,283,239,154" oya="0" hai0="110,128,26,25,69,102,67,133,39,101,118,54,40" hai1="100,44,114,72,115,109,81,38,42,6,123,77,24" hai2="75,134,53,16,59,126,36,132,57,17,27,111,63" hai3="120,61,79,112,82,130,86,32,94,87,85,22,28"/><T7/><D118/><U96/><E109/><V51/><F111/><W105/><G105/><T0/><D110/><U122/><E24/><V58/><F75/><W33/><G120/><T74/><D74/><U113/><REACH who="1" step="1"/><E6/><REACH who="1" ten="324,273,239,154" step="2"/><V104/><F27/><N who="3" m="16503" /><G130/><T55/><D7/><U5/><E5/><V66/><F126/><W64/><G112/><T13/><D26/><U65/><E65/><V15/><F104/><AGARI ba="1,1" hai="38,42,44,72,77,81,96,100,104,113,114,115,122,123" machi="104" ten="40,8000,1" yaku="1,1,15,1,11,1,23,2,53,0" doraHai="45" doraHaiUra="31" who="1" fromWho="2" sc="324,0,273,93,239,-83,154,0" /><INIT seed="5,0,0,1,4,108" ten="324,366,156,154" oya="1" hai0="26,71,64,11,90,97,31,78,29,24,43,9,120" hai1="116,68,36,69,15,47,44,100,109,134,113,104,1" hai2="92,18,96,89,25,34,59,118,99,127,27,4,115" hai3="49,83,75,39,41,8,70,74,42,107,17,123,125"/><U57/><E116/><V60/><F118/><W130/><G123/><T23/><D120/><U2/><E100/><V22/><F127/><W50/><G107/><T117/><D117/><U45/><E104/><V58/><F4/><W67/><G125/><T32/><D43/><U54/><E36/><V81/><F81/><W93/><G130/><T16/><D78/><U129/><E129/><V37/><F37/><W19/><G93/><T95/><REACH who="0" step="1"/><D31/><REACH who="0" ten="314,366,156,154" step="2"/><U51/><E109/><V132/><F132/><W82/><G39/><T21/><D21/><U85/><E134/><V86/><F34/><W88/><G8/><T102/><D102/><U126/><E126/><V35/><F35/><W10/><G10/><T128/><D128/><U48/><E69/><V79/><F79/><W20/><G20/><T121/><D121/><U62/><E68/><V6/><F6/><W63/><G70/><T122/><D122/><U0/><E0/><V94/><F115/><W52/><G63/><AGARI ba="0,1" hai="9,11,16,23,24,26,29,32,63,64,71,90,95,97" machi="63" ten="40,2600,0" yaku="1,1,54,1,53,0" doraHai="108" doraHaiUra="135" who="0" fromWho="3" sc="314,36,366,0,156,0,154,-26" /><INIT seed="6,0,0,2,2,95" ten="350,366,156,128" oya="2" hai0="105,55,119,58,90,121,63,88,35,22,28,82,0" hai1="125,94,132,3,78,14,71,26,42,45,79,77,9" hai2="104,111,32,107,70,43,61,68,75,44,127,116,53" hai3="120,19,80,34,56,87,57,51,128,48,96,21,124"/><V134/><F75/><W66/><G34/><T54/><D35/><U81/><E71/><V130/><F32/><W31/><G120/><T113/><D0/><U40/><E132/><V41/><F116/><W15/><G31/><T8/><D121/><U91/><E125/><V5/><F5/><W38/><G38/><T27/><D119/><U11/><E3/><V123/><F123/><W24/><G124/><T83/><D105/><U33/><E33/><V13/><F127/><W69/><G69/><N who="2" m="26729" /><F13/><W2/><G2/><T92/><D113/><U102/><E102/><V10/><F10/><N who="1" m="3593" /><E26/><V52/><F134/><W60/><G128/><T46/><D8/><U12/><E81/><N who="0" m="30729" /><D92/><U67/><E67/><V4/><F4/><W103/><G24/><T115/><D115/><U85/><E45/><V36/><F130/><W114/><G114/><T7/><D7/><U65/><E65/><V1/><F1/><W135/><G135/><T100/><D100/><U98/><E85/><V99/><F111/><W64/><G57/><N who="0" m="35255" /><D46/><U72/><E72/><V6/><F6/><W62/><G62/><AGARI ba="0,0" hai="22,27,28,55,58,62,88,90" m="35255,30729" machi="62" ten="30,2000,0" yaku="8,1,54,1" doraHai="95" who="0" fromWho="3" sc="350,20,366,0,156,0,128,-20" /><INIT seed="7,0,0,1,0,5" ten="370,366,156,108" oya="3" hai0="80,62,109,111,119,1,130,27,50,76,120,20,10" hai1="28,114,64,93,39,70,72,58,48,21,106,105,60" hai2="55,127,41,88,3,45,79,81,86,56,46,95,122" hai3="112,30,52,35,107,104,99,97,44,108,6,15,102"/><W14/><G108/><T103/><D120/><U42/><E39/><V78/><F127/><W19/><G112/><T57/><D119/><U18/><E72/><V37/><F3/><W83/><G83/><T16/><D103/><U77/><E114/><V0/><F0/><W67/><G67/><T32/><D130/><U25/><E77/><V51/><F122/><W40/><G30/><T135/><D135/><U13/><E105/><V96/><F46/><W129/><G35/><T74/><D50/><U121/><E121/><V123/><F123/><W49/><G129/><T22/><D32/><U59/><E106/><V92/><F92/><W38/><G38/><T36/><D36/><U71/><E93/><V134/><F134/><W101/><G6/><T31/><D10/><N who="1" m="6455" /><E70/><V34/><F34/><W4/><G4/><T65/><D1/><U128/><E128/><V61/><F37/><W94/><G40/><T115/><D115/><U17/><E71/><V2/><F2/><W75/><G75/><T85/><D74/><U43/><E28/><V29/><F29/><W26/><REACH who="3" step="1"/><G94/><REACH who="3" ten="370,366,156,98" step="2"/><T7/><D7/><U68/><E68/><V82/><F81/><W53/><G53/><AGARI ba="0,1" hai="17,21,25,42,43,48,53,58,59,60,64" m="6455" machi="53" ten="30,2000,0" yaku="8,1,52,1" doraHai="5" who="1" fromWho="3" sc="370,0,366,30,156,0,98,-20" owari="370,17.0,396,49.0,156,-24.0,78,-42.0" /></mjloggm>