<mjloggm ver="2.3"><GO type="41" lobby="0"/><UN n0="%E5%B0%B1%E6%B4%BB%E7%94%9F%40%E5%B7%9D%E6%9D%91%E8%BB%8D%E5%9B%A3" n1="%61%6E%64%2E%79%6F%75" n2="%6B%75%72%6F%61%6E%6A%69" n3="%74%2D%6B%6F%74%6F" dan="14,13,13,14" rate="1986.27,1841.56,1847.16,2056.12" sx="M,M,M,M"/><TAIKYOKU oya="0"/><INIT seed="0,0,0,0,3,100" ten="250,250,250,250" oya="0" hai0="116,41,50,60,88,21,26,10,39,16,102,53,31" hai1="69,126,3,132,90,58,25,92,81,106,114,0,12" hai2="5,42,63,6,46,49,67,78,82,43,30,38,29" hai3="123,27,128,34,28,2,79,134,95,32,52,109,96"/><T87/><D116/><U48/><E106/><V125/><F125/><W122/><G2/><T19/><D39/><U18/><E69/><V71/><F42/><W7/><G7/><T108/><D102/><U133/><E126/><V15/><F5/><W74/><G128/><T37/><D37/><U24/><E81/><V99/><F99/><W75/><G134/><T127/><D127/><U98/><E114/><V62/><F38/><W4/><G4/><T47/><D108/><U65/><E3/><V91/><F91/><W8/><G8/><T94/><D10/><U111/><E111/><V40/><F40/><W36/><G36/><T77/><D77/><U22/><E0/><V33/><F33/><W105/><G34/><T70/><D70/><U59/><E59/><AGARI ba="0,0" hai="16,19,21,26,31,41,47,50,53,59,60,87,88,94" machi="59" ten="40,7700,0" yaku="8,1,54,2" doraHai="100" who="0" fromWho="1" sc="250,77,250,-77,250,0,250,0" /><INIT seed="0,1,0,0,0,118" ten="327,173,250,250" oya="0" hai0="106,124,131,37,29,100,74,27,19,14,16,120,129" hai1="47,127,134,95,58,8,43,68,44,13,93,122,56" hai2="128,119,53,115,60,116,114,82,62,70,1,7,111" hai3="25,24,88,76,66,79,6,64,38,130,126,61,15"/><T63/><D74/><U55/><E68/><V73/><F82/><W112/><G112/><N who="2" m="43049" /><F73/><W46/><G126/><T48/><D37/><U110/><E127/><V97/><F97/><W83/><G130/><N who="0" m="49675" /><D124/><U11/><E110/><V41/><F7/><W133/><G133/><T4/><D4/><U80/><E134/><V92/><F92/><W132/><G132/><T98/><D63/><U42/><E80/><V101/><F101/><W99/><G38/><T67/><D67/><U0/><E55/><V75/><F75/><W21/><G46/><T94/><D106/><U65/><E13/><V36/><F1/><W2/><G2/><T20/><D120/><U22/><E0/><V3/><F3/><W33/><G33/><T12/><D48/><U69/><E69/><V18/><F18/><AGARI ba="1,0" hai="12,14,16,18,19,20,27,29,94,98,100" m="49675" machi="18" ten="30,2900,0" yaku="19,1,54,1" doraHai="118" who="0" fromWho="2" sc="327,32,173,0,250,-32,250,0" /><INIT seed="0,2,0,5,4,37" ten="359,173,218,250" oya="0" hai0="52,116,57,41,129,3,59,15,96,107,7,123,36" hai1="86,65,42,54,76,16,0,63,127,46,25,109,70" hai2="118,2,88,19,6,102,111,43,105,14,22,10,80" hai3="32,82,64,90,68,29,133,17,21,77,49,131,66"/><T9/><D116/><U126/><E0/><V28/><F118/><W5/><G131/><T50/><D123/><U24/><E109/><V103/><F111/><W75/><G133/><T72/><D129/><U13/><E76/><V106/><F28/><W34/><G5/><T113/><D72/><U124/><E54/><V120/><F120/><W81/><G68/><T115/><D3/><U23/><REACH who="1" step="1"/><E86/><REACH who="1" ten="359,163,218,250" step="2"/><V135/><F135/><W112/><G112/><T69/><D113/><U122/><E122/><V97/><F43/><W33/><G64/><T61/><D115/><U12/><E12/><V73/><F73/><W108/><G66/><T110/><D110/><U71/><E71/><V99/><F80/><W31/><G108/><T104/><D69/><U95/><E95/><V78/><F78/><W18/><G75/><T100/><D107/><U44/><E44/><V74/><F74/><W91/><G77/><T93/><D104/><U8/><E8/><V62/><F62/><W26/><G81/><T58/><D36/><AGARI ba="2,1" hai="13,16,23,24,25,36,42,46,63,65,70,124,126,127" machi="36" ten="40,8000,1" yaku="1,1,18,1,52,1,54,1,53,0" doraHai="37" doraHaiUra="79" who="1" fromWho="0" sc="359,-86,163,96,218,0,250,0" /><INIT seed="1,0,0,0,3,93" ten="273,259,218,250" oya="1" hai0="106,13,95,67,10,81,97,63,37,31,117,78,35" hai1="0,43,45,64,25,88,100,55,36,29,128,32,40" hai2="9,12,22,76,82,50,114,96,120,80,135,125,1" hai3="86,57,11,72,73,77,28,7,108,74,20,51,3"/><U133/><E0/><V65/><F120/><W116/><G116/><T101/><D117/><U34/><E64/><V46/><F1/><W18/><G108/><T42/><D35/><U53/><E133/><V115/><F135/><W56/><G28/><T54/><D31/><U68/><E68/><V131/><F131/><W112/><G112/><N who="2" m="43049" /><F65/><W75/><G77/><T6/><D54/><U130/><E43/><N who="2" m="24927" /><F22/><W107/><G107/><T66/><D66/><U2/><E100/><V15/><F82/><W104/><G104/><T60/><D60/><U62/><E2/><V121/><F121/><W16/><G86/><T113/><D113/><U127/><E34/><V69/><F69/><W123/><G123/><T70/><D42/><U94/><E62/><V110/><F110/><W21/><G51/><T103/><D37/><U52/><REACH who="1" step="1"/><E127/><REACH who="1" ten="273,249,218,250" step="2"/><V87/><F125/><W41/><G41/><T79/><D103/><U129/><E129/><V27/><F27/><W111/><G111/><T24/><D106/><U134/><E134/><V83/><F15/><W132/><G132/><T98/><D101/><U14/><E14/><V84/><F12/><W23/><N who="3" m="18944" /><DORA hai="118" /><W102/><REACH who="3" step="1"/><G102/><REACH who="3" ten="273,249,218,240" step="2"/><N who="0" m="60735" /><D63/><U17/><E17/><AGARI ba="0,2" hai="3,7,11,16,17,18,20,21,23,56,57" m="18944" machi="17" ten="70,8000,1" yaku="1,1,54,1,53,1" doraHai="93,118" doraHaiUra="44,5" who="3" fromWho="1" sc="273,0,249,-80,218,0,240,100" /><INIT seed="2,0,0,5,5,11" ten="273,169,218,340" oya="2" hai0="8,89,34,7,47,101,63,66,55,93,17,61,24" hai1="16,116,88,83,4,129,133,68,64,58,107,92,128" hai2="95,65,6,53,135,33,97,71,123,25,45,73,9" hai3="38,98,125,77,122,108,50,28,109,3,99,94,96"/><V15/><F73/><W84/><G3/><T1/><D101/><U106/><E116/><V42/><F123/><W100/><G38/><T130/><D130/><N who="1" m="50283" /><E4/><V59/><F135/><W22/><G28/><T76/><D76/><U49/><E68/><V18/><F65/><W12/><G50/><T126/><D126/><U69/><E69/><V48/><F71/><W20/><G122/><T32/><D17/><U5/><E5/><V131/><F131/><W26/><G125/><T86/><D24/><U120/><E83/><V90/><F33/><W67/><G67/><T40/><D55/><N who="1" m="32111" /><E64/><V103/><F103/><W117/><G117/><T43/><D43/><U13/><E120/><V0/><F25/><W56/><G56/><T75/><D75/><U52/><E52/><V127/><F127/><W74/><G26/><T10/><D63/><U112/><E112/><V80/><F80/><N who="3" m="45111" /><G22/><T51/><D10/><N who="1" m="6199" /><E133/><V113/><F113/><W31/><G31/><T21/><D21/><U29/><E29/><V115/><F115/><W119/><G119/><T54/><D54/><U23/><E23/><V35/><F35/><W110/><G84/><AGARI ba="0,0" hai="84,88,92,106,107" m="6199,32111,50283" machi="84" ten="30,7700,0" yaku="19,1,52,1,54,2" doraHai="11" who="1" fromWho="3" sc="273,0,169,77,218,0,340,-77" /><INIT seed="3,0,0,0,1,79" ten="273,246,218,263" oya="3" hai0="121,27,107,131,130,42,45,89,128,50,15,28,23" hai1="77,8,43,32,31,85,69,106,115,39,120,44,1" hai2="5,25,102,21,111,133,119,17,78,110,126,99,48" hai3="97,9,101,0,59,38,132,129,6,124,35,84,80"/><W19/><G38/><T122/><D107/><U63/><E106/><V100/><F119/><W37/><G37/><T123/><D15/><U93/><E120/><V36/><F36/><W117/><G117/><T65/><D65/><U109/><E109/><N who="2" m="41483" /><F126/><W55/><G124/><T3/><D89/><U81/><E63/><V76/><F133/><W16/><G132/><T57/><D57/><U92/><E69/><V66/><F66/><W46/><G46/><T14/><D14/><U4/><E115/><V116/><F116/><W113/><G35/><T125/><D125/><U12/><E12/><V108/><F5/><W118/><G118/><T29/><D3/><U87/><E87/><V75/><F108/><W60/><G129/><T134/><D134/><U11/><E11/><V54/><F102/><W72/><G72/><T90/><D90/><U105/><E105/><N who="2" m="63647" /><F75/><W104/><REACH who="3" step="1"/><G113/><REACH who="3" ten="273,246,218,253" step="2"/><T91/><D123/><U51/><E39/><V74/><F74/><W67/><G67/><T98/><D122/><U61/><E32/><V95/><F54/><W82/><G82/><T10/><D121/><U73/><E73/><V53/><F53/><W127/><G127/><T52/><D42/><U7/><E44/><V22/><F48/><W33/><G33/><T34/><D34/><U135/><E43/><V83/><F83/><W68/><G68/><T94/><D10/><U47/><E8/><V103/><F22/><W49/><G49/><T112/><D112/><U88/><E51/><V58/><F58/><W30/><G30/><AGARI ba="0,1" hai="23,27,28,29,30,45,50,52,91,94,98,128,130,131" machi="30" ten="40,2600,0" yaku="19,1,54,1" doraHai="79" who="0" fromWho="3" sc="273,36,246,0,218,0,253,-26" /><INIT seed="4,0,0,4,1,52" ten="309,246,218,227" oya="0" hai0="114,60,62,94,66,12,41,132,108,3,58,105,81" hai1="11,102,38,47,15,40,21,5,134,34,71,125,16" hai2="95,113,22,33,44,68,70,14,39,122,120,128,18" hai3="86,118,106,89,54,7,27,127,10,31,50,19,42"/><T28/><D105/><U6/><E71/><V115/><F33/><W93/><G118/><T30/><D3/><U1/><E102/><V57/><F128/><W85/><G127/><T87/><D114/><N who="2" m="43530" /><F95/><W121/><G121/><N who="2" m="46697" /><F44/><W131/><G131/><T92/><D108/><U37/><E6/><V133/><F39/><W135/><G135/><T65/><D132/><U63/><E134/><V117/><F133/><W2/><G106/><T123/><D41/><U77/><E125/><V79/><F79/><W91/><G42/><T80/><D12/><U53/><E34/><V8/><F117/><W112/><G112/><T64/><D123/><U55/><E77/><V49/><F8/><W32/><G19/><T88/><D94/><U74/><E38/><V13/><F13/><W9/><G2/><T25/><D30/><U24/><E1/><V101/><F101/><W78/><G7/><T96/><D62/><U61/><E74/><V0/><F0/><W75/><G78/><T84/><D84/><U107/><E107/><V82/><F82/><W99/><G75/><T76/><REACH who="0" step="1"/><D81/><REACH who="0" ten="299,246,218,227" step="2"/><U130/><E130/><V111/><F111/><W103/><G85/><T72/><D72/><U97/><REACH who="1" step="1"/><E97/><REACH who="1" ten="299,236,218,227" step="2"/><V116/><F116/><W100/><G99/><T26/><D26/><U45/><E45/><V83/><F14/><W43/><G100/><T67/><D67/><U124/><E124/><V110/><F110/><W59/><G103/><T48/><D48/><U126/><E126/><V56/><F49/><W73/><G73/><T109/><D109/><U104/><E104/><V69/><F83/><RYUUKYOKU ba="0,2" sc="299,10,236,10,218,10,227,-30" hai0="25,28,58,60,64,65,66,76,80,87,88,92,96" hai1="5,11,15,16,21,24,37,40,47,53,55,61,63" hai2="18,22,56,57,68,69,70" /><INIT seed="4,1,2,2,5,108" ten="309,246,228,197" oya="0" hai0="34,72,8,91,102,7,105,17,38,96,66,26,54" hai1="79,128,67,82,75,61,117,120,127,12,13,9,51" hai2="31,21,90,15,37,87,88,65,104,103,24,130,47" hai3="98,11,119,101,114,106,45,6,3,99,63,41,33"/><T85/><D38/><U77/><E120/><V44/><F130/><W50/><G119/><T62/><D72/><U19/><E117/><V84/><F103/><W83/><G114/><T22/><D34/><U123/><E123/><V129/><F104/><W71/><G98/><T125/><D125/><U76/><E128/><V135/><F129/><W20/><G20/><T80/><D54/><U126/><E51/><V39/><F65/><W14/><G14/><T122/><D122/><U112/><E112/><V35/><F135/><W32/><G83/><T29/><D7/><U115/><E115/><V25/><F15/><W97/><G99/><T100/><D100/><U52/><E52/><V40/><F21/><W118/><G118/><T56/><D8/><U107/><E107/><V43/><F31/><W86/><G86/><T23/><D23/><U49/><E49/><V53/><REACH who="2" step="1"/><F53/><REACH who="2" ten="309,246,218,197" step="2"/><W36/><G50/><T60/><D60/><U55/><E55/><V89/><F89/><W5/><G6/><T57/><D29/><U59/><E12/><V121/><F121/><W81/><G81/><T30/><D30/><U16/><E19/><V110/><F110/><W58/><G58/><AGARI ba="1,3" hai="17,22,26,56,57,58,62,66,80,85,91,96,102,105" machi="58" ten="30,1500,0" yaku="7,1" doraHai="108" who="0" fromWho="3" sc="309,48,246,0,218,0,197,-18" /><INIT seed="4,2,0,2,3,41" ten="357,246,218,179" oya="0" hai0="22,26,133,129,2,44,112,91,65,72,35,50,21" hai1="127,126,68,40,1,58,67,128,100,114,59,5,25" hai2="53,85,17,117,74,46,118,0,37,123,103,12,132" hai3="9,110,101,33,6,28,69,34,73,3,75,63,48"/><T10/><D72/><U131/><E100/><V11/><F123/><W81/><G110/><T66/><D112/><U45/><E1/><V49/><F74/><N who="3" m="28171" /><G81/><T4/><D129/><N who="1" m="49739" /><E5/><V120/><F120/><W93/><G48/><T13/><D133/><U96/><E96/><V15/><F0/><W84/><G84/><T105/><D105/><U102/><E102/><V88/><F103/><W43/><G93/><T92/><D35/><U23/><E114/><V71/><F71/><W95/><G95/><T8/><D8/><U36/><E25/><V94/><F132/><W57/><G57/><N who="1" m="21514" /><E23/><V60/><F60/><AGARI ba="2,0" hai="36,40,45,60,67,68,126,127" m="21514,49739" machi="60" ten="30,7700,0" yaku="19,1,34,2,52,1" doraHai="41" who="1" fromWho="2" sc="357,0,246,83,218,-83,179,0" /><INIT seed="5,0,0,3,1,90" ten="357,329,135,179" oya="1" hai0="69,81,29,102,130,47,93,98,27,89,60,83,128" hai1="58,31,12,19,44,103,120,86,132,65,38,15,80" hai2="14,112,84,96,99,3,57,100,131,70,55,124,13" hai3="48,67,110,6,39,32,121,30,54,1,106,49,113"/><U104/><E120/><V97/><F3/><W20/><G121/><T26/><D47/><U71/><E71/><V40/><F40/><W2/><G110/><T73/><D73/><U88/><E31/><V77/><F70/><W23/><G39/><T107/><D60/><U16/><E38/><V0/><F0/><W82/><G106/><T33/><D69/><U4/><E44/><V91/><F124/><W53/><G113/><T5/><D5/><U78/><E104/><V68/><F68/><W45/><G67/><T62/><D27/><U74/><E103/><V24/><F24/><W22/><G32/><T66/><D66/><U35/><E35/><V7/><F131/><N who="0" m="50218" /><D62/><N who="1" m="38103" /><E74/><V119/><F119/><W109/><G109/><T94/><D107/><U127/><E127/><V85/><F7/><W59/><G30/><T92/><D83/><U11/><E132/><V72/><F57/><W133/><G133/><T116/><D116/><U117/><E117/><V111/><F55/><W108/><G108/><T34/><D34/><U36/><E36/><V125/><F14/><W118/><G118/><T79/><D79/><U9/><E19/><V76/><F13/><W56/><G6/><T18/><D18/><U10/><E11/><V135/><F135/><W126/><G126/><T105/><D81/><U134/><E134/><V114/><F125/><W37/><G82/><T123/><D123/><U43/><E43/><AGARI ba="0,0" hai="1,2,20,22,23,37,43,45,48,49,53,54,56,59" machi="43" ten="40,1300,0" yaku="9,1" doraHai="90" who="3" fromWho="1" sc="357,0,329,-13,135,0,179,13" /><INIT seed="6,0,0,3,3,53" ten="357,316,135,192" oya="2" hai0="133,5,111,132,102,72,48,99,16,120,51,117,54" hai1="9,56,15,126,103,17,123,63,34,81,59,128,42" hai2="20,46,45,116,1,6,75,10,61,70,119,98,95" hai3="67,92,78,131,13,24,14,80,26,36,43,88,79"/><V115/><F75/><W91/><G131/><T101/><D72/><U38/><E34/><V134/><F115/><W129/><G129/><T107/><D117/><U50/><E128/><V55/><F134/><N who="0" m="51818" /><D111/><U85/><E38/><V84/><F84/><N who="3" m="50183" /><G36/><T29/><D120/><U23/><E126/><V44/><F119/><W33/><G43/><T68/><D68/><U73/><E73/><V62/><F116/><W109/><G33/><T66/><D66/><U100/><E123/><V104/><F104/><W90/><G109/><T30/><D5/><U4/><E63/><V11/><F70/><W96/><G67/><T35/><D35/><U86/><E86/><V76/><F76/><N who="3" m="29227" /><G91/><T69/><D69/><U87/><E87/><V108/><F108/><W32/><G32/><T2/><D2/><U60/><E42/><V93/><F93/><W7/><G13/><T121/><D102/><U124/><E124/><V89/><F11/><AGARI ba="0,0" hai="7,11,14,24,26,90,92,96" m="29227,50183" machi="11" ten="30,2000,0" yaku="8,1,54,1" doraHai="53" who="3" fromWho="2" sc="357,0,316,0,135,-20,192,20" /><INIT seed="7,0,0,3,1,57" ten="357,316,115,212" oya="3" hai0="22,64,90,42,43,8,101,80,104,66,21,127,89" hai1="128,93,46,45,81,102,18,2,99,33,95,61,41" hai2="76,67,30,10,68,119,34,59,133,131,36,38,123" hai3="125,98,130,62,134,16,35,58,27,29,121,116,14"/><W129/><G121/><T84/><D127/><U112/><E33/><V56/><F76/><W20/><G125/><T113/><D113/><U6/><E112/><V65/><F10/><W135/><G116/><T49/><D104/><U92/><E128/><N who="3" m="49258" /><G98/><T5/><D101/><U28/><E28/><V32/><F131/><W83/><G83/><T96/><D96/><U7/><E2/><V117/><F30/><W51/><G51/><T118/><D90/><U24/><E81/><V70/><F34/><W0/><G0/><T31/><D118/><U37/><E45/><V126/><F32/><W115/><G115/><T71/><D71/><U12/><E24/><V63/><F126/><W103/><G103/><T114/><D114/><U94/><REACH who="1" step="1"/><E61/><REACH who="1" ten="357,306,115,212" step="2"/><N who="2" m="39983" /><F123/><W11/><G35/><T19/><D31/><U48/><E48/><V53/><F133/><W106/><G106/><T4/><D49/><U1/><E1/><V132/><F132/><W74/><G74/><T124/><D124/><U54/><E54/><AGARI ba="0,1" hai="11,14,16,20,27,29,54,58,62,134,135" m="49258" machi="54" ten="30,5800,0" yaku="19,1,52,1,54,1" doraHai="57" who="3" fromWho="1" sc="357,0,306,-58,115,0,212,68" /><INIT seed="7,1,0,1,1,80" ten="357,248,115,280" oya="3" hai0="101,126,82,51,122,75,15,116,72,33,130,14,57" hai1="98,100,87,25,53,86,85,96,37,70,112,20,13" hai2="119,35,93,49,43,121,28,111,52,69,128,78,47" hai3="114,83,67,88,73,102,92,46,95,19,117,105,1"/><W26/><G117/><T48/><D33/><U62/><E37/><V36/><F111/><W56/><G1/><T127/><D130/><U24/><E112/><V113/><F119/><W30/><G114/><T32/><D32/><U65/><E53/><V64/><F113/><W63/><G46/><T110/><D110/><U39/><E39/><V58/><F128/><W11/><G105/><T10/><D122/><U104/><E98/><V54/><F78/><W125/><G125/><N who="0" m="47627" /><D116/><U27/><REACH who="1" step="1"/><E13/><REACH who="1" ten="357,238,115,280" step="2"/><V106/><F121/><W55/><G55/><T12/><D15/><U0/><E0/><V120/><F120/><W6/><G73/><T23/><D14/><U38/><E38/><V91/><F54/><W81/><G102/><T103/><D101/><U118/><E118/><V94/><F106/><W42/><G42/><T34/><D103/><U132/><E132/><V16/><F35/><W22/><G95/><T76/><D34/><U107/><E107/><V97/><F28/><AGARI ba="1,1" hai="20,24,25,27,28,62,65,70,85,86,87,96,100,104" machi="28" ten="40,8000,1" yaku="1,1,52,3,53,0" doraHai="80" doraHaiUra="45" who="1" fromWho="2" sc="357,0,238,93,115,-83,280,0" owari="357,46.0,331,13.0,32,-47.0,280,-12.0" /></mjloggm>