<mjloggm ver="2.3"><GO type="169" lobby="0"/><UN n0="%E5%AE%AE%E6%9C%AC%E4%BE%86%E5%A4%8F" n1="%E5%B0%B1%E6%B4%BB%E7%94%9F%40%E5%B7%9D%E6%9D%91%E8%BB%8D%E5%9B%A3" n2="%E7%A5%9E%E8%8A%9D%E5%B1%85" n3="%E3%81%8A%E7%9F%A5%E3%82%89%E3%81%9B" dan="16,16,16,16" rate="2143.04,2134.29,2032.28,2141.18" sx="F,M,M,M"/><TAIKYOKU oya="0"/><INIT seed="0,0,0,0,3,63" ten="250,250,250,250" oya="0" hai0="25,126,24,27,112,12,30,122,114,17,48,35,14" hai1="131,45,110,129,119,41,15,94,69,92,61,39,44" hai2="55,71,10,74,11,49,23,7,120,51,80,70,101" hai3="9,118,16,116,28,65,60,106,75,78,127,81,21"/><T56/><D122/><U83/><E119/><V19/><F101/><W40/><G127/><T53/><D126/><U0/><E0/><V59/><F120/><W132/><G106/><T2/><D2/><U130/><E110/><V73/><F51/><W43/><G132/><T105/><D105/><U102/><E102/><V29/><F29/><W13/><G28/><T79/><D79/><U42/><E15/><V95/><F71/><W96/><G96/><T109/><D14/><U125/><E83/><V113/><F70/><W34/><G34/><T54/><D109/><U88/><E125/><V108/><F108/><W20/><G43/><T36/><D36/><U133/><E133/><V62/><F113/><W68/><REACH who="3" step="1"/><G40/><REACH who="3" ten="250,250,250,240" step="2"/><T100/><D112/><U76/><E42/><V89/><F74/><W86/><G86/><T72/><D114/><U6/><E41/><V134/><F73/><W32/><G32/><T57/><D72/><U50/><E39/><V31/><F134/><W52/><G52/><T103/><D30/><U33/><E33/><V124/><F31/><W90/><G90/><T26/><D35/><U135/><E135/><V99/><F124/><W97/><G97/><T85/><D85/><U104/><E104/><V5/><F99/><W67/><G67/><T46/><N who="0" m="6144" /><DORA hai="22" /><T91/><D91/><U93/><E88/><V66/><F66/><W115/><G115/><T58/><REACH who="0" step="1"/><D54/><REACH who="0" ten="240,250,250,240" step="2"/><N who="1" m="30023" /><E131/><V38/><F55/><W64/><G64/><T98/><D98/><U82/><E130/><V1/><F89/><W84/><G84/><T8/><AGARI ba="0,2" hai="8,12,17,46,48,53,56,57,58,100,103" m="6144" machi="8" ten="50,18000,2" yaku="1,1,0,1,8,1,52,4,53,0" doraHai="63,22" doraHaiUra="37,3" who="0" fromWho="0" sc="240,200,250,-60,250,-60,240,-60" /><INIT seed="0,1,0,1,3,69" ten="440,190,190,180" oya="0" hai0="36,7,11,113,38,55,35,65,42,114,118,117,73" hai1="89,78,85,44,52,128,103,58,40,76,28,37,108" hai2="4,24,107,68,96,21,129,92,91,101,67,116,87" hai3="70,25,82,98,135,106,8,2,95,56,83,105,109"/><T74/><D35/><U84/><E108/><V54/><F129/><W23/><G109/><T49/><D42/><U26/><E128/><V90/><F116/><W61/><G70/><T59/><D65/><U48/><E103/><V30/><F4/><W5/><G135/><T131/><D131/><U77/><REACH who="1" step="1"/><E89/><REACH who="1" ten="440,180,190,180" step="2"/><V3/><F3/><W97/><G106/><T133/><D117/><U47/><E47/><V29/><F107/><W27/><G105/><T15/><D118/><U41/><E41/><V104/><F104/><W17/><G27/><T13/><D133/><U94/><E94/><V125/><F101/><W119/><G119/><T127/><D114/><U120/><E120/><V39/><F91/><N who="3" m="55551" /><G98/><T16/><D113/><U130/><E130/><V123/><F96/><W32/><G32/><AGARI ba="1,1" hai="26,28,32,37,40,44,48,52,58,76,77,78,84,85" machi="32" ten="40,8000,1" yaku="1,1,52,1,54,1,53,1" doraHai="69" doraHaiUra="31" who="1" fromWho="3" sc="440,0,180,93,190,0,180,-83" /><INIT seed="1,0,0,3,3,114" ten="440,273,190,97" oya="1" hai0="2,89,94,1,59,34,60,119,39,108,38,33,62" hai1="123,46,28,30,48,68,101,27,132,93,19,107,111" hai2="80,25,117,5,52,102,74,84,57,9,130,127,103" hai3="72,47,11,58,36,41,24,44,97,109,120,50,21"/><U118/><E123/><V122/><F122/><W86/><G120/><T18/><D108/><U99/><E107/><V40/><F74/><W42/><G72/><T17/><D59/><U83/><E68/><V29/><F127/><W14/><G109/><T0/><D94/><U128/><E111/><V3/><F40/><W75/><G75/><T13/><D89/><U115/><E132/><V133/><F130/><W55/><G86/><T23/><D119/><U77/><E118/><V85/><F85/><W31/><G97/><T112/><D112/><U125/><E125/><V90/><F133/><W45/><REACH who="3" step="1"/><G36/><REACH who="3" ten="440,273,190,87" step="2"/><T100/><D39/><U98/><E115/><V10/><F117/><W65/><G65/><T73/><D38/><U43/><E128/><V134/><F134/><W12/><G12/><T15/><D73/><U106/><E77/><V53/><F9/><W104/><G104/><T78/><D2/><U16/><E83/><V76/><F76/><W63/><G63/><T35/><D78/><U88/><REACH who="1" step="1"/><E30/><REACH who="1" ten="440,263,190,87" step="2"/><V96/><F29/><W113/><G113/><T49/><D1/><U69/><E69/><V20/><F80/><W92/><G92/><T131/><D0/><U6/><E6/><AGARI ba="0,2" hai="6,11,14,21,24,31,41,42,44,45,47,50,55,58" machi="6" ten="40,5200,0" yaku="1,1,8,1,53,1" doraHai="114" doraHaiUra="26" who="3" fromWho="1" sc="440,0,263,-52,190,0,87,72" /><INIT seed="2,0,0,0,0,102" ten="440,211,190,159" oya="2" hai0="108,134,3,56,82,14,27,38,111,70,135,52,97" hai1="16,67,48,81,116,7,129,44,124,130,10,18,11" hai2="8,123,99,46,96,23,105,69,33,65,13,86,20" hai3="80,110,39,120,74,93,78,5,24,12,42,36,49"/><V47/><F123/><W29/><G120/><T28/><D3/><N who="1" m="383" /><E116/><V15/><F33/><W54/><G110/><N who="0" m="42027" /><D70/><U31/><E67/><V107/><F8/><W109/><G42/><T114/><D38/><U104/><E104/><N who="2" m="40011" /><F86/><W58/><G109/><T75/><D97/><N who="2" m="37450" /><F65/><W121/><G121/><T122/><D114/><U113/><E113/><V53/><F53/><W50/><G93/><T66/><D14/><N who="2" m="5130" /><F69/><W17/><G39/><T6/><D66/><U112/><E11/><V79/><F79/><W91/><G36/><T32/><D6/><U77/><E112/><V19/><F19/><N who="1" m="7209" /><E31/><V84/><F84/><W117/><G5/><T57/><D122/><U4/><E4/><V90/><F90/><W45/><G91/><T43/><D32/><U68/><E68/><V103/><F103/><W35/><G17/><T34/><D34/><U100/><E100/><V83/><F83/><W101/><G101/><T94/><D28/><U26/><E81/><V51/><F51/><W128/><G12/><T118/><D82/><U40/><E77/><V37/><F37/><W59/><G50/><T30/><D30/><U132/><E26/><V106/><N who="2" m="40019" /><V115/><DORA hai="2" /><F115/><W87/><G87/><T25/><D27/><U22/><E48/><V76/><F76/><W127/><G24/><T133/><D25/><U92/><E92/><V88/><F88/><W71/><G71/><T61/><D94/><U72/><E22/><AGARI ba="0,0" hai="20,22,23,46,47" m="5130,37450,40019" machi="22" ten="50,18000,2" yaku="28,2,52,4" doraHai="102,2" who="2" fromWho="1" sc="440,0,211,-180,190,180,159,0" /><INIT seed="2,1,0,5,2,96" ten="440,31,370,159" oya="2" hai0="30,56,2,82,27,118,121,130,104,3,31,51,117" hai1="84,77,39,33,0,52,132,4,127,109,128,114,131" hai2="69,49,89,14,43,129,112,26,79,100,61,86,95" hai3="25,116,102,21,93,123,108,16,1,81,46,119,37"/><V42/><F112/><W103/><G123/><T87/><D130/><N who="1" m="49707" /><E39/><V99/><F129/><W113/><G113/><T45/><D104/><U22/><E33/><V98/><F79/><W125/><G1/><T12/><D12/><U58/><E114/><V133/><F133/><W18/><G108/><T107/><D107/><U68/><E68/><V44/><F99/><W20/><G125/><T65/><D31/><U15/><E0/><V83/><F26/><W54/><G81/><T72/><D72/><U35/><E35/><V29/><F29/><W70/><G70/><T36/><D36/><U9/><E109/><V90/><F90/><W53/><G37/><T55/><D65/><U13/><E127/><V105/><F105/><W57/><G46/><T134/><D45/><U91/><E77/><V76/><F14/><W8/><G8/><T110/><D121/><U71/><E71/><V111/><F111/><W23/><G23/><N who="0" m="15743" /><D134/><U62/><E132/><V6/><F6/><W7/><G7/><T5/><D5/><U92/><E22/><V60/><F76/><W126/><G126/><T41/><D110/><U11/><E15/><V38/><F69/><W32/><G32/><T34/><D34/><U124/><E124/><V78/><F78/><W47/><G47/><N who="0" m="26095" /><D3/><U73/><E11/><V59/><F42/><W122/><G25/><T48/><D2/><U28/><E28/><V74/><REACH who="2" step="1"/><F74/><AGARI ba="1,0" hai="4,9,13,52,58,62,73,74,84,91,92" m="49707" machi="74" ten="30,2000,0" yaku="19,1,54,1" doraHai="96" who="1" fromWho="2" sc="440,0,31,23,370,-23,159,0" /><INIT seed="3,0,0,3,1,3" ten="440,54,347,159" oya="3" hai0="56,36,107,115,62,11,39,76,91,26,41,122,33" hai1="27,123,31,42,19,85,28,80,135,103,100,72,71" hai2="70,97,29,111,50,24,88,89,67,79,118,23,129" hai3="86,106,74,105,49,0,119,93,65,128,46,94,104"/><W32/><G32/><T75/><D122/><U131/><E72/><V18/><F118/><W78/><G0/><T7/><D107/><U108/><E123/><V15/><F111/><W101/><G65/><T92/><D76/><U132/><E108/><V87/><F129/><W52/><G119/><T68/><D75/><U21/><E71/><V77/><F70/><W63/><G128/><T25/><D68/><U2/><E2/><V22/><F67/><W13/><G63/><T17/><D26/><U40/><E131/><V61/><F61/><W30/><G30/><T37/><D33/><U43/><E31/><V14/><F14/><W127/><G127/><T34/><D34/><U55/><E55/><V73/><F73/><W134/><G134/><T54/><D115/><U9/><E135/><V133/><F133/><W121/><G121/><T112/><D41/><U12/><REACH who="1" step="1"/><E132/><REACH who="1" ten="440,44,347,159" step="2"/><V16/><F29/><W84/><G74/><T114/><D112/><U102/><E102/><V48/><F89/><AGARI ba="0,1" hai="9,12,19,21,27,28,40,42,43,80,85,89,100,103" machi="89" ten="40,8000,1" yaku="1,1,8,1,53,2" doraHai="3" doraHaiUra="98" who="1" fromWho="2" sc="440,0,44,90,347,-80,159,0" /><INIT seed="4,0,0,3,0,4" ten="440,134,267,159" oya="0" hai0="40,20,75,55,31,56,88,2,22,80,112,128,109" hai1="106,17,131,76,58,57,102,96,98,34,44,90,16" hai2="117,10,91,25,92,135,104,85,64,11,3,103,73" hai3="19,101,83,13,84,30,105,97,118,24,39,53,51"/><T41/><D112/><U107/><E34/><V68/><F3/><W126/><G39/><T50/><D128/><U114/><E76/><V132/><F73/><W82/><G126/><T0/><D75/><U130/><E44/><V77/><F117/><W36/><G36/><T8/><D2/><U43/><E43/><V65/><F25/><W29/><G118/><T62/><D31/><U134/><E134/><N who="2" m="51243" /><F77/><W100/><G100/><T63/><D41/><U12/><E12/><V67/><F68/><W26/><G26/><T33/><D33/><U133/><E133/><V46/><F46/><W48/><G24/><T15/><D0/><U86/><E114/><V47/><F47/><W111/><G111/><T70/><D40/><U52/><E107/><V74/><F74/><W6/><G6/><N who="0" m="3479" /><D70/><U120/><E58/><V78/><F78/><W93/><G105/><T71/><D71/><U59/><E57/><V115/><F115/><W72/><G72/><T54/><D109/><U127/><E127/><V60/><F60/><N who="0" m="23082" /><D55/><U99/><E120/><V9/><F104/><W124/><G124/><T35/><D35/><U42/><E42/><V81/><F103/><W27/><G27/><T129/><D129/><N who="1" m="49163" /><E102/><V113/><F113/><W18/><G29/><T1/><D1/><U49/><E106/><V125/><F125/><W110/><G30/><T119/><D119/><U89/><E89/><V5/><F5/><W116/><G110/><T37/><D37/><U7/><E7/><V79/><F79/><N who="3" m="46175" /><G116/><T61/><D61/><U38/><E38/><V66/><N who="2" m="16384" /><DORA hai="94" /><V121/><F121/><RYUUKYOKU ba="0,0" sc="440,10,134,10,267,10,159,-30" hai0="20,22,50,54,56,80,88" hai1="16,17,49,52,59,86,90,96,98,99" hai2="9,10,11,81,85,91,92" /><INIT seed="4,1,0,0,5,65" ten="450,144,277,129" oya="0" hai0="105,4,135,84,14,0,101,129,131,41,108,70,50" hai1="37,97,92,72,128,67,22,120,107,32,114,132,12" hai2="81,79,46,110,93,77,118,52,56,47,33,113,115" hai3="17,40,1,25,74,36,29,6,68,82,3,64,76"/><T39/><D135/><U8/><E32/><V111/><F33/><N who="3" m="20655" /><G17/><T103/><D84/><U55/><E107/><V54/><F93/><W87/><G87/><T109/><D50/><U98/><E72/><V69/><F118/><W102/><G102/><T44/><D14/><U86/><E37/><V95/><F95/><W24/><G24/><T122/><D70/><U38/><E38/><V100/><F100/><N who="0" m="38474" /><D122/><U58/><E67/><V117/><F117/><W51/><G51/><T99/><D99/><U23/><E98/><V42/><F56/><W49/><G49/><T5/><D105/><U10/><E97/><V127/><F127/><W60/><G6/><N who="0" m="2667" /><D0/><U83/><E86/><V124/><F124/><W90/><G90/><T62/><D62/><U26/><E92/><V123/><F123/><W125/><G125/><T104/><D104/><U91/><E12/><V75/><F75/><W88/><G88/><T133/><D133/><U119/><E91/><V106/><F106/><W21/><G21/><T45/><D45/><AGARI ba="1,0" hai="1,3,36,40,45,60,64,68,74,76,82" m="20655" machi="45" ten="30,3900,0" yaku="33,2,52,1" doraHai="65" who="3" fromWho="0" sc="450,-42,144,0,277,0,129,42" /><INIT seed="5,0,0,0,0,125" ten="408,144,277,171" oya="1" hai0="63,112,68,20,10,23,115,33,19,30,1,130,42" hai1="11,77,28,119,108,98,93,124,32,128,89,99,58" hai2="74,16,24,35,5,48,62,2,135,52,131,14,38" hai3="111,26,70,56,101,43,41,21,102,27,54,51,61"/><U97/><E119/><V110/><F110/><W85/><G111/><T126/><D42/><N who="3" m="15881" /><G70/><T55/><D126/><U122/><E108/><V37/><F62/><W92/><G51/><T49/><D130/><U40/><E124/><V59/><F131/><W95/><G27/><N who="0" m="18655" /><D63/><U3/><E122/><V39/><F74/><W69/><G69/><T114/><D68/><U8/><E128/><V29/><F135/><W120/><G120/><T34/><D34/><U31/><E3/><V88/><F88/><N who="3" m="53263" /><G95/><T18/><D18/><AGARI ba="0,0" hai="18,21,26,54,56,61,101,102" m="53263,15881" machi="18" ten="30,2000,0" yaku="8,1,54,1" doraHai="125" who="3" fromWho="0" sc="408,-20,144,0,277,0,171,20" /><INIT seed="6,0,0,4,3,26" ten="388,144,277,191" oya="2" hai0="44,15,135,59,84,32,79,19,74,27,118,71,58" hai1="30,94,130,48,91,56,34,77,95,123,14,50,78" hai2="102,134,1,100,20,60,63,107,103,17,96,113,76" hai3="104,114,89,122,2,70,57,51,81,85,98,38,115"/><V99/><F1/><W52/><G38/><T106/><D71/><U110/><E110/><V92/><F113/><N who="3" m="43019" /><G70/><T90/><D74/><U42/><E123/><V8/><F134/><W31/><G31/><T5/><D79/><N who="1" m="30219" /><E130/><V131/><F131/><W9/><G122/><T16/><D59/><U41/><E34/><V72/><F8/><W80/><G80/><T109/><D19/><U129/><E129/><V10/><F10/><W23/><G23/><T0/><D90/><U111/><E111/><V127/><F127/><W6/><G98/><T124/><D84/><U28/><E14/><V87/><F72/><W83/><G83/><T116/><D16/><U121/><E56/><V62/><F76/><W24/><G24/><T126/><D15/><U54/><E54/><V119/><F119/><W12/><G104/><T35/><D27/><U64/><E64/><V66/><F87/><W3/><AGARI ba="0,0" hai="2,3,6,9,12,51,52,57,81,85,89" m="43019" machi="3" ten="30,4000,0" yaku="15,1,11,1,54,1" doraHai="26" who="3" fromWho="3" sc="388,-10,144,-10,277,-20,191,40" /><INIT seed="7,0,0,2,4,59" ten="378,134,257,231" oya="3" hai0="33,76,70,79,68,87,50,131,7,34,65,135,80" hai1="89,99,109,10,42,98,61,45,29,103,44,32,62" hai2="0,14,84,72,134,94,3,86,116,120,66,47,19" hai3="25,112,92,122,105,27,13,28,124,121,97,52,74"/><W39/><G105/><T12/><D135/><U111/><E32/><V23/><F72/><W125/><G74/><T128/><D79/><U85/><E29/><V118/><F3/><W106/><G39/><T114/><D114/><U90/><E10/><V30/><F0/><W8/><G106/><T57/><D7/><U113/><E113/><V71/><F134/><W129/><G112/><T126/><D12/><U6/><E42/><V51/><F30/><W41/><G41/><T102/><D102/><U93/><E6/><V58/><F71/><N who="0" m="27178" /><D126/><N who="3" m="48745" /><G129/><N who="0" m="49739" /><D65/><U88/><E85/><V49/><F120/><N who="3" m="46187" /><G28/><T69/><D69/><U91/><N who="1" m="22528" /><DORA hai="107" /><U101/><E111/><V100/><F116/><W40/><G52/><AGARI ba="0,0" hai="33,34,50,52,57,76,80,87" m="49739,27178" machi="52" ten="30,2000,0" yaku="19,1,54,1" doraHai="59,107" who="0" fromWho="3" sc="378,20,134,0,257,0,231,-20" owari="398,50.0,134,-37.0,257,6.0,211,-19.0" /></mjloggm>