<mjloggm ver="2.3"><GO type="41" lobby="0"/><UN n0="%E3%81%B2%E3%82%82%E3%81%B1%E3%81%81%E3%82%93" n1="%E5%B0%B1%E6%B4%BB%E7%94%9F%40%E5%B7%9D%E6%9D%91%E8%BB%8D%E5%9B%A3" n2="%78%64%72%63%66%74" n3="%2A%47%41%4F%2A" dan="14,14,14,14" rate="1951.97,1977.72,1893.47,1920.28" sx="M,M,M,F"/><TAIKYOKU oya="0"/><INIT seed="0,0,0,3,0,119" ten="250,250,250,250" oya="0" hai0="19,56,43,133,129,34,99,41,71,50,93,12,55" hai1="73,5,89,92,106,109,114,124,98,51,20,63,118" hai2="21,65,95,42,7,84,100,52,122,2,127,25,9" hai3="72,113,16,10,66,116,97,17,121,23,31,102,61"/><T0/><D0/><U70/><E118/><V44/><F127/><W22/><G113/><T33/><D71/><U103/><E114/><V88/><F122/><W80/><G116/><T30/><D133/><U107/><E124/><V105/><F65/><W38/><G31/><T3/><D3/><U45/><E73/><V130/><F130/><W134/><G38/><T24/><D34/><U40/><E109/><V39/><F105/><W4/><G134/><T28/><D28/><U117/><E117/><V67/><F67/><W87/><G72/><T104/><D104/><U54/><E5/><V101/><REACH who="2" step="1"/><F52/><REACH who="2" ten="250,250,240,250" step="2"/><W96/><G121/><T111/><D129/><U135/><E135/><V78/><F78/><N who="3" m="46487" /><G66/><T76/><D76/><U90/><E70/><V35/><F35/><W27/><G61/><T81/><D111/><U49/><E63/><V120/><F120/><W79/><G79/><T57/><D55/><U85/><E107/><V1/><F1/><W11/><G4/><T8/><D33/><U60/><E60/><V108/><F108/><W91/><G102/><T46/><D43/><U132/><E132/><V13/><F13/><N who="3" m="9487" /><G91/><T32/><REACH who="0" step="1"/><D81/><REACH who="0" ten="240,250,240,250" step="2"/><N who="1" m="49327" /><E54/><V36/><F36/><W53/><G53/><T37/><D37/><U29/><E106/><V125/><F125/><W18/><G18/><AGARI ba="0,2" hai="2,7,9,18,21,25,39,42,44,84,88,95,100,101" machi="18" ten="30,3900,0" yaku="1,1,7,1,54,1,53,0" doraHai="119" doraHaiUra="59" who="2" fromWho="3" sc="240,0,250,0,240,59,250,-39" /><INIT seed="1,0,0,5,3,109" ten="240,250,299,211" oya="1" hai0="14,30,121,72,7,1,84,120,18,118,61,78,62" hai1="113,2,82,53,31,52,75,69,25,11,122,43,58" hai2="64,130,19,97,129,115,117,96,57,107,135,81,22" hai3="110,34,38,119,93,68,114,108,21,70,83,88,85"/><U36/><E122/><V49/><F117/><W132/><G119/><T79/><D118/><U60/><E69/><N who="3" m="26730" /><G21/><T27/><D72/><U95/><E36/><V73/><F135/><W9/><G9/><N who="0" m="2287" /><D62/><U29/><E43/><V33/><F33/><W17/><G17/><T99/><D61/><U10/><E113/><V106/><F115/><W71/><G114/><T92/><D84/><U37/><E37/><V35/><F35/><W13/><G13/><T131/><D131/><N who="2" m="50186" /><F64/><W54/><G71/><T39/><D39/><U47/><E29/><V8/><F8/><W5/><G38/><T44/><D44/><U128/><E128/><V55/><F73/><W100/><G5/><T26/><D26/><U94/><E10/><V123/><F81/><W15/><G15/><T4/><D4/><U87/><E75/><V23/><F23/><W112/><G34/><N who="0" m="20831" /><D18/><U102/><E25/><N who="2" m="14559" /><F123/><N who="0" m="47178" /><D14/><U50/><E31/><V41/><F41/><W16/><G112/><T56/><D56/><U3/><E3/><V48/><F48/><W12/><G54/><T67/><D67/><U46/><E11/><V125/><F49/><W63/><G63/><T111/><D111/><N who="3" m="42537" /><G12/><T66/><D66/><U124/><E2/><V0/><F55/><W86/><G16/><T42/><D42/><U126/><E47/><V98/><F0/><W32/><G32/><T76/><D78/><N who="1" m="46551" /><E102/><AGARI ba="0,0" hai="76,79,92,99,102" m="47178,20831,2287" machi="102" ten="30,1000,0" yaku="13,1" doraHai="109" who="0" fromWho="1" sc="240,10,250,-10,299,0,211,0" /><INIT seed="2,0,0,3,2,74" ten="250,240,299,211" oya="2" hai0="85,100,15,110,98,36,29,3,54,127,116,1,123" hai1="31,18,37,2,81,43,9,69,91,83,57,42,24" hai2="12,52,112,76,124,105,11,129,48,95,121,14,71" hai3="92,66,73,22,33,34,38,132,80,109,133,126,135"/><V125/><F105/><W45/><G109/><T101/><D123/><U47/><E69/><V96/><F121/><W108/><G108/><T103/><D36/><U6/><E43/><V20/><F112/><W39/><G126/><N who="2" m="48745" /><F71/><W50/><G66/><T26/><D110/><U56/><E18/><V4/><F129/><W27/><G92/><T64/><D64/><U114/><E114/><V13/><F20/><W19/><G80/><T86/><D116/><U77/><E91/><N who="2" m="55423" /><F76/><W87/><G87/><T16/><D98/><U30/><E83/><V23/><F23/><W55/><REACH who="3" step="1"/><G73/><REACH who="3" ten="250,240,299,201" step="2"/><T44/><D86/><U115/><E115/><V59/><AGARI ba="0,1" hai="4,11,12,13,14,48,52,59" m="55423,48745" machi="59" ten="30,3000,0" yaku="18,1,54,1" doraHai="74" who="2" fromWho="2" sc="250,-10,240,-10,299,40,201,-10" /><INIT seed="2,1,0,5,0,49" ten="240,230,339,191" oya="2" hai0="52,102,126,91,59,116,30,128,115,23,79,127,64" hai1="24,25,85,65,53,107,22,19,12,63,135,88,21" hai2="61,81,32,76,40,35,83,26,75,3,67,84,42" hai3="119,2,109,37,108,36,130,78,69,1,46,14,43"/><V34/><F3/><N who="3" m="1035" /><G14/><T9/><D115/><U117/><E107/><V16/><F42/><N who="3" m="22855" /><G78/><T99/><D116/><U51/><E117/><V57/><F40/><W29/><G119/><T124/><D64/><U100/><E100/><V94/><F94/><W105/><G29/><T68/><D68/><U74/><E74/><V60/><F60/><W10/><G10/><T72/><D9/><U62/><E135/><V4/><F4/><W58/><G58/><T11/><D11/><U20/><E65/><V82/><F75/><W134/><G69/><T131/><D91/><U56/><E24/><V73/><F73/><W54/><G54/><T112/><D112/><U97/><E97/><V17/><F26/><W93/><G93/><N who="0" m="58735" /><D79/><U95/><E22/><V92/><F76/><W120/><G105/><T125/><D72/><U111/><REACH who="1" step="1"/><E111/><REACH who="1" ten="240,220,339,191" step="2"/><N who="3" m="42570" /><G134/><T8/><D127/><U55/><E55/><V80/><F67/><W129/><G120/><T31/><D8/><U114/><E114/><V101/><F34/><W47/><AGARI ba="1,1" hai="37,43,47,129,130" m="42570,22855,1035" machi="47" ten="40,2700,0" yaku="14,1,23,1" doraHai="49" who="3" fromWho="3" sc="240,-8,220,-8,339,-14,191,40" /><INIT seed="3,0,0,1,2,89" ten="232,212,325,231" oya="3" hai0="7,35,76,93,44,20,21,11,131,123,50,47,84" hai1="63,98,127,95,125,6,67,12,43,41,78,4,128" hai2="101,94,60,113,13,90,66,30,91,72,104,68,3" hai3="54,106,73,51,69,111,65,8,70,10,86,39,88"/><W33/><G33/><T120/><D35/><U126/><E128/><V38/><F3/><W77/><G39/><T5/><D131/><U2/><E78/><V42/><F113/><W80/><G111/><T37/><D7/><U58/><E2/><V46/><F72/><W96/><G8/><T32/><D32/><U57/><E57/><V28/><F91/><W24/><G24/><T53/><D123/><U79/><E79/><V62/><F104/><W124/><G124/><T22/><D120/><U121/><E121/><V132/><F101/><N who="3" m="62759" /><G10/><T135/><D135/><U85/><E85/><V130/><F132/><W26/><G26/><T48/><D37/><U109/><E109/><V16/><F130/><W122/><G65/><T87/><D76/><U133/><E133/><V99/><F60/><W108/><G108/><T116/><D116/><U59/><E59/><V82/><F82/><W31/><G31/><T92/><D84/><U40/><REACH who="1" step="1"/><E12/><REACH who="1" ten="232,202,325,231" step="2"/><V1/><F1/><W97/><G122/><T36/><D87/><U56/><E56/><V110/><F110/><W29/><G97/><T71/><D71/><U34/><E34/><V102/><F13/><W129/><G129/><T64/><D64/><U19/><E19/><V105/><F16/><W134/><G134/><T25/><D25/><U0/><E0/><V18/><F18/><W45/><G29/><T107/><D5/><U75/><E75/><V15/><F15/><W114/><G114/><T23/><D47/><U83/><E83/><V55/><F30/><W100/><G100/><AGARI ba="0,1" hai="4,6,40,41,43,58,63,67,95,98,100,125,126,127" machi="100" ten="50,6400,0" yaku="1,1,18,1,52,1,53,0" doraHai="89" doraHaiUra="115" who="1" fromWho="3" sc="232,0,202,74,325,0,231,-64" /><INIT seed="4,0,0,0,0,125" ten="232,276,325,167" oya="0" hai0="31,33,27,61,42,13,54,8,6,16,119,47,74" hai1="104,98,23,82,38,113,117,76,32,29,52,1,69" hai2="37,58,64,87,34,49,40,133,107,65,14,131,128" hai3="4,59,35,86,89,2,12,70,21,24,79,109,99"/><T60/><D74/><U123/><E117/><V19/><F34/><W39/><G109/><T95/><D119/><U108/><E123/><V118/><F107/><W28/><G70/><T57/><D95/><U91/><E69/><V122/><F118/><W129/><G39/><T120/><D120/><U112/><E38/><V53/><F122/><W73/><G129/><N who="2" m="49737" /><F133/><W134/><G134/><T121/><D121/><U114/><E1/><V116/><F116/><W71/><G71/><T48/><REACH who="0" step="1"/><D6/><REACH who="0" ten="222,276,325,167" step="2"/><U92/><E104/><V110/><F110/><W94/><G59/><T135/><D135/><U66/><E108/><V41/><F65/><W50/><G73/><T10/><D10/><U11/><E11/><N who="2" m="6623" /><F64/><W9/><G50/><AGARI ba="0,1" hai="8,13,16,27,31,33,42,47,48,50,54,57,60,61" machi="50" ten="30,11600,0" yaku="1,1,7,1,54,1,53,1" doraHai="125" doraHaiUra="36" who="0" fromWho="3" sc="222,126,276,0,325,0,167,-116" /><INIT seed="4,1,0,2,3,133" ten="348,276,325,51" oya="0" hai0="32,84,16,10,24,83,119,62,73,43,100,52,87" hai1="38,89,2,123,76,59,25,135,33,131,42,4,36" hai2="37,7,55,104,125,3,54,57,11,40,109,17,44" hai3="112,116,71,19,67,88,22,77,108,91,18,28,46"/><T31/><D119/><U124/><E123/><V94/><F104/><W12/><G108/><T107/><D43/><U58/><E135/><V47/><F109/><W69/><G112/><T48/><D62/><U27/><E131/><V114/><F114/><W75/><G116/><T128/><D128/><U134/><E134/><V26/><F125/><W80/><G28/><T78/><D100/><U0/><E89/><V6/><F6/><W86/><G91/><T30/><D107/><U1/><E124/><V101/><F44/><W49/><G67/><T117/><D31/><U21/><E4/><V14/><F26/><W106/><G19/><T53/><D53/><U29/><E76/><V8/><F57/><W82/><REACH who="3" step="1"/><G106/><REACH who="3" ten="348,276,325,41" step="2"/><T93/><D117/><U13/><E29/><V121/><F121/><W64/><G64/><T20/><D30/><U120/><E33/><V103/><F17/><W130/><G130/><T122/><D32/><U34/><E34/><V132/><F132/><W72/><G72/><T23/><D73/><U56/><E120/><V15/><F7/><W9/><G9/><T35/><D10/><U113/><E113/><V92/><F11/><W95/><G95/><T66/><D35/><U65/><E65/><V98/><F8/><W110/><G110/><T129/><D66/><U63/><E63/><V97/><F3/><W126/><G126/><T127/><D129/><U51/><E2/><V96/><F94/><W5/><G5/><T85/><D122/><U50/><E1/><V105/><F92/><W68/><G68/><T61/><D127/><U111/><E0/><RYUUKYOKU ba="1,1" sc="348,-10,276,-10,325,-10,41,30" hai3="12,18,22,46,49,69,71,75,77,80,82,86,88" /><INIT seed="5,2,1,5,4,5" ten="338,266,315,71" oya="1" hai0="7,55,71,33,102,23,82,39,38,47,107,70,81" hai1="80,30,27,72,133,134,57,79,0,131,35,11,42" hai2="95,126,45,68,135,44,96,21,97,128,91,88,87" hai3="1,73,46,6,100,93,63,16,122,34,60,9,109"/><U2/><E131/><V54/><F68/><W52/><G109/><T103/><D33/><U31/><E31/><V121/><F121/><W51/><G122/><T49/><D23/><U66/><E42/><V65/><F135/><N who="1" m="51721" /><E11/><V118/><F128/><W64/><G73/><T115/><D7/><U130/><E130/><V77/><F126/><W89/><G100/><T123/><D123/><U76/><E79/><V41/><F118/><W129/><G129/><T106/><D115/><U94/><E94/><N who="2" m="56391" /><F65/><W69/><G34/><T13/><D39/><U53/><E66/><V14/><F41/><W119/><G119/><T116/><D38/><U108/><E108/><V86/><F77/><W84/><G63/><AGARI ba="2,1" hai="0,2,27,30,35,53,57,63,72,76,80" m="51721" machi="63" ten="30,1500,0" yaku="20,1" doraHai="5" who="1" fromWho="3" sc="338,0,266,31,315,0,71,-21" /><INIT seed="5,3,0,2,2,67" ten="338,297,315,50" oya="1" hai0="122,91,71,17,5,10,34,64,114,19,33,121,1" hai1="58,117,16,12,8,134,62,127,129,102,11,108,126" hai2="125,74,131,57,63,76,65,105,123,7,47,21,132" hai3="133,48,18,77,109,61,73,38,92,124,25,35,94"/><U85/><E117/><V54/><F123/><N who="0" m="47114" /><D91/><U23/><E108/><V26/><F132/><W84/><G109/><T43/><D43/><U87/><E134/><V60/><F131/><W110/><G133/><T6/><D114/><U70/><E129/><V30/><F125/><N who="1" m="47625" /><E102/><V28/><F105/><W75/><G124/><T82/><D82/><U24/><E70/><V40/><F7/><W81/><G110/><T72/><D72/><U49/><E49/><V45/><F74/><W4/><G38/><T78/><D78/><U2/><E2/><V37/><F76/><W111/><G75/><T107/><D107/><U31/><E11/><V93/><F93/><W97/><G111/><T56/><D71/><U36/><E36/><V86/><F86/><W95/><G4/><T119/><D119/><U29/><E29/><V14/><F14/><W3/><G73/><T53/><D6/><U103/><E103/><V79/><F79/><W80/><G3/><T116/><D116/><U22/><E22/><V55/><F30/><W51/><G81/><T112/><D112/><U32/><E32/><N who="0" m="12393" /><D64/><AGARI ba="3,0" hai="8,12,16,23,24,31,58,62,64,85,87" m="47625" machi="64" ten="30,2900,0" yaku="18,1,54,1" doraHai="67" who="1" fromWho="0" sc="338,-38,297,38,315,0,50,0" /><INIT seed="5,4,0,5,2,135" ten="300,335,315,50" oya="1" hai0="131,10,6,71,133,2,85,12,78,127,111,107,4" hai1="125,36,124,119,115,42,5,51,43,74,33,118,19" hai2="24,23,105,92,38,114,25,45,64,11,26,100,66" hai3="15,83,104,44,112,121,39,21,86,81,20,116,126"/><U106/><E106/><V49/><F105/><W46/><G121/><T58/><D107/><U65/><E36/><V3/><F38/><W120/><G112/><T60/><D71/><U54/><E74/><V129/><F114/><W69/><G120/><T87/><D111/><U28/><E5/><V17/><F129/><W79/><G104/><T122/><D133/><U18/><E65/><N who="2" m="25195" /><F3/><W73/><G69/><T96/><D122/><U67/><E67/><V53/><F11/><W59/><G116/><N who="1" m="44586" /><E28/><V99/><AGARI ba="4,0" hai="17,23,24,25,26,45,49,53,92,99,100" m="25195" machi="99" ten="30,1100,0" yaku="8,1" doraHai="135" who="2" fromWho="2" sc="300,-7,335,-9,315,23,50,-7" /><INIT seed="6,0,0,0,3,124" ten="293,326,338,43" oya="2" hai0="50,33,89,24,116,113,43,57,129,63,19,80,107" hai1="47,118,51,100,58,86,76,64,36,22,98,132,106" hai2="131,46,52,133,72,109,37,82,105,32,25,18,78" hai3="95,65,12,23,125,120,126,4,49,68,134,15,3"/><V122/><F122/><W108/><G108/><T54/><D113/><U10/><E118/><V97/><F109/><W20/><G134/><T92/><D107/><U73/><E132/><V11/><F133/><W5/><G95/><T83/><D116/><U111/><E111/><V110/><F110/><W2/><G49/><T48/><D129/><U112/><E112/><V104/><F37/><W128/><G65/><T26/><D33/><U91/><E36/><V0/><F131/><W84/><G84/><T40/><D26/><U101/><E101/><V35/><F97/><W7/><G68/><T87/><D83/><U42/><E22/><N who="3" m="8234" /><G120/><T17/><D17/><U21/><E21/><V70/><F35/><W28/><G128/><T56/><D80/><U81/><E10/><V114/><F70/><W115/><G115/><T6/><D6/><N who="3" m="1537" /><W71/><DORA hai="61" /><G71/><T13/><D50/><U29/><E29/><V8/><F0/><N who="3" m="43" /><G28/><T74/><D74/><U14/><E58/><V67/><F105/><W45/><G45/><T69/><D69/><U59/><E59/><V41/><F104/><W99/><G99/><T38/><D38/><U62/><E73/><V31/><F67/><W88/><G88/><T123/><D123/><U16/><E91/><V96/><F96/><W135/><G135/><T90/><D90/><U39/><E39/><V121/><F114/><W85/><G85/><T77/><D89/><U1/><E1/><V79/><F121/><W119/><G119/><T44/><D87/><U130/><E130/><V103/><F31/><W55/><G55/><T30/><D30/><RYUUKYOKU ba="0,0" sc="293,-10,326,-10,338,-10,43,30" hai3="12,15,125,126" /><INIT seed="7,1,0,1,4,98" ten="283,316,328,73" oya="3" hai0="94,48,96,60,117,33,61,41,13,28,106,100,40" hai1="129,14,15,69,55,32,109,0,67,101,11,64,111" hai2="82,120,79,107,29,105,92,3,81,20,110,88,122" hai3="128,35,62,83,58,74,126,2,77,25,97,1,43"/><W63/><G128/><T21/><D117/><U65/><E32/><V49/><F3/><W66/><G126/><T95/><D33/><U84/><E69/><V27/><F110/><W34/><G43/><T39/><D39/><U76/><E129/><V89/><F49/><W99/><G1/><T112/><D112/><U42/><E0/><V44/><F44/><W59/><G2/><T130/><D130/><U18/><E42/><N who="0" m="16489" /><D48/><U56/><E101/><V103/><F103/><W124/><G124/><T57/><D106/><N who="2" m="40458" /><F92/><W85/><G74/><T121/><D95/><U87/><E76/><V37/><F37/><W6/><G6/><T51/><D121/><N who="2" m="46698" /><F82/><W54/><REACH who="3" step="1"/><G35/><REACH who="3" ten="283,316,328,63" step="2"/><T47/><D57/><U90/><E109/><V16/><F29/><AGARI ba="1,1" hai="25,29,34,54,58,59,62,63,66,77,83,85,97,99" machi="29" ten="40,3900,0" yaku="1,1,2,1,53,0" doraHai="98" doraHaiUra="102" who="3" fromWho="2" sc="283,0,316,0,328,-42,63,52" /><INIT seed="7,2,0,5,3,132" ten="283,316,286,115" oya="3" hai0="72,63,21,117,23,131,123,2,47,129,68,91,46" hai1="43,4,58,37,35,65,5,108,95,36,67,134,57" hai2="53,28,116,62,54,110,41,34,40,133,130,33,24" hai3="29,106,42,84,15,119,17,94,79,104,13,49,26"/><W83/><G119/><T78/><D2/><U19/><E108/><V102/><F110/><W118/><G118/><T85/><D123/><U88/><E35/><V122/><F116/><W64/><G64/><N who="1" m="24650" /><E37/><V115/><F115/><W56/><G106/><T55/><D117/><U18/><E36/><V105/><F130/><N who="0" m="49674" /><D78/><U75/><E43/><N who="2" m="16459" /><F133/><W30/><G104/><T126/><D72/><U127/><E75/><V113/><F113/><W52/><G42/><T22/><D126/><U98/><E127/><V76/><F122/><W89/><G13/><T39/><D39/><U66/><E134/><V9/><F34/><W135/><G26/><T74/><D74/><U103/><E103/><V20/><F33/><W11/><REACH who="3" step="1"/><G135/><REACH who="3" ten="283,316,286,105" step="2"/><T60/><D68/><U93/><E66/><V69/><F105/><W124/><G124/><T38/><D38/><U99/><E5/><V70/><F69/><W90/><G90/><T25/><D25/><U109/><E4/><V27/><F70/><W14/><G14/><T7/><D7/><U45/><E109/><V61/><F24/><W120/><G120/><T51/><D46/><U125/><E45/><V80/><F27/><W112/><G112/><T0/><D0/><U71/><E71/><V92/><F28/><W48/><G48/><T59/><D47/><U121/><E121/><V31/><F31/><W6/><G6/><T3/><D3/><U114/><E125/><V8/><F62/><W101/><G101/><T73/><D73/><AGARI ba="2,1" hai="11,15,17,29,30,49,52,56,73,79,83,84,89,94" machi="73" ten="30,11600,0" yaku="1,1,7,1,54,1,53,1" doraHai="132" doraHaiUra="44" who="3" fromWho="0" sc="283,-122,316,0,286,0,105,132" /><INIT seed="7,3,0,5,5,75" ten="161,316,286,237" oya="3" hai0="18,130,127,106,44,64,120,123,19,110,121,72,8" hai1="11,67,30,53,55,22,135,41,1,5,40,28,6" hai2="48,39,34,116,107,96,13,101,89,73,59,74,69" hai3="45,131,132,25,37,65,62,87,100,97,51,80,118"/><W54/><G118/><T93/><D106/><U26/><E135/><V12/><F116/><W92/><G132/><T14/><D127/><U103/><E67/><V71/><F39/><W129/><G25/><T50/><D110/><U52/><E103/><V128/><F128/><W0/><G37/><T20/><D130/><U2/><E30/><V15/><F34/><W104/><G0/><T10/><D64/><U113/><E113/><V31/><F31/><W9/><G9/><AGARI ba="3,0" hai="1,2,5,6,9,11,22,26,28,40,41,52,53,55" machi="9" ten="40,2600,0" yaku="9,1,54,1" doraHai="75" who="1" fromWho="3" sc="161,0,316,35,286,0,237,-35" owari="161,-34.0,351,45.0,286,9.0,202,-20.0" /></mjloggm>