<mjloggm ver="2.3"><GO type="97" lobby="0"/><UN n0="%EF%BC%A0%E8%8B%A5%E6%9E%97" n1="%E5%B0%B1%E6%B4%BB%E7%94%9F%40%E5%B7%9D%E6%9D%91%E8%BB%8D%E5%9B%A3" n2="%E5%8D%B0%E5%8D%97%E3%81%BE%E3%81%B2%E3%82%8B" n3="%E7%A7%80%E5%96%84" dan="15,15,14,14" rate="2017.34,2052.59,1992.81,1947.60" sx="M,M,F,M"/><TAIKYOKU oya="0"/><INIT seed="0,0,0,2,1,72" ten="250,250,250,250" oya="0" hai0="29,122,100,93,16,82,56,60,78,12,74,91,30" hai1="75,126,70,55,47,62,61,94,128,1,80,90,114" hai2="76,127,24,49,58,96,135,88,69,84,119,125,113" hai3="65,99,115,41,98,46,116,43,85,120,44,130,64"/><T81/><D122/><U2/><E114/><V87/><F113/><W26/><G115/><T35/><D100/><U117/><E117/><V103/><F69/><W66/><G116/><T17/><D35/><U83/><E126/><N who="2" m="48139" /><F119/><W109/><G120/><T57/><D81/><U54/><E128/><V6/><F6/><W107/><G107/><T111/><D111/><U45/><E75/><V32/><F135/><W97/><G109/><T50/><D50/><U105/><E105/><N who="2" m="63719" /><F58/><W14/><G130/><T129/><D56/><U132/><E132/><V71/><F49/><W33/><G33/><T86/><D17/><U133/><E133/><V34/><F71/><W92/><G26/><T11/><REACH who="0" step="1"/><D129/><REACH who="0" ten="240,250,250,250" step="2"/><U108/><E70/><V79/><F34/><W4/><G44/><T13/><D13/><U19/><E19/><V36/><F36/><W67/><N who="3" m="16896" /><DORA hai="5" /><W37/><G46/><T8/><D8/><U101/><E101/><V89/><F32/><W73/><G37/><T95/><D95/><U28/><E94/><N who="2" m="54535" /><F24/><W106/><G14/><T22/><D22/><U40/><E108/><V39/><F39/><W15/><G15/><T7/><D7/><U25/><E25/><V51/><F51/><W38/><G4/><T9/><D9/><U77/><E45/><V104/><F104/><W52/><G106/><T63/><D63/><U68/><E47/><V31/><F31/><W48/><G38/><T123/><D123/><U59/><E28/><V20/><F20/><W124/><G124/><T10/><D10/><U134/><E134/><V3/><F3/><N who="1" m="1033" /><E59/><V102/><F102/><RYUUKYOKU ba="0,1" sc="240,15,250,-15,250,15,250,-15" hai0="11,12,16,29,30,57,60,74,78,82,86,91,93" hai2="76,79,87,89" /><INIT seed="0,1,1,4,0,36" ten="255,235,265,235" oya="0" hai0="71,81,14,86,16,4,15,134,59,109,34,18,103" hai1="46,90,108,30,78,37,127,125,20,84,63,33,43" hai2="27,29,133,101,21,41,1,114,92,119,115,66,83" hai3="58,69,135,104,116,105,60,13,28,77,17,23,9"/><T57/><D71/><U126/><E108/><V35/><F1/><W98/><G116/><T49/><D34/><U95/><E33/><V19/><F119/><W99/><G69/><T26/><D134/><U45/><E45/><V8/><F133/><W91/><G105/><T80/><D109/><U124/><N who="1" m="32256" /><DORA hai="11" /><U31/><E78/><V52/><F8/><W68/><G104/><T22/><D103/><U51/><E37/><V113/><F66/><N who="3" m="39191" /><G68/><T5/><D26/><U38/><E38/><V73/><F83/><N who="0" m="31818" /><D86/><U122/><E122/><V32/><F73/><W130/><G130/><T107/><D107/><U112/><E112/><V89/><F101/><W117/><G117/><T120/><D120/><U25/><E63/><V118/><F118/><W106/><G106/><T97/><D97/><N who="3" m="36873" /><G77/><T82/><N who="0" m="31826" /><T132/><DORA hai="24" /><D132/><U131/><E131/><V100/><F35/><W102/><G102/><T61/><D49/><U54/><REACH who="1" step="1"/><E31/><REACH who="1" ten="255,225,265,235" step="2"/><N who="2" m="17903" /><F32/><W128/><G135/><T76/><D76/><U110/><E110/><V6/><F29/><W56/><G128/><T12/><D61/><U44/><E44/><V65/><F114/><W85/><G28/><T53/><D4/><U39/><E39/><V7/><F6/><W67/><G91/><T74/><D5/><U94/><E94/><V111/><F7/><W93/><G93/><T10/><D74/><U2/><E2/><V129/><F129/><W70/><G70/><T121/><D121/><U64/><E64/><V62/><F65/><W48/><G67/><T96/><D10/><U75/><E75/><V47/><F113/><RYUUKYOKU ba="1,2" sc="255,-10,225,30,265,-10,235,-10" hai1="20,25,30,43,46,51,54,84,90,95" /><INIT seed="1,2,2,2,2,53" ten="245,255,255,225" oya="1" hai0="42,18,127,62,98,22,40,91,59,39,38,19,123" hai1="122,72,83,109,135,89,36,25,80,27,8,26,55" hai2="103,23,99,85,132,124,70,86,1,12,28,134,41" hai3="48,93,84,114,101,6,96,68,79,81,45,20,120"/><U104/><E122/><V66/><F1/><W131/><G114/><T49/><D127/><U117/><E117/><V118/><F118/><W90/><G131/><T60/><D123/><U102/><E135/><N who="2" m="51755" /><F124/><W3/><G120/><T47/><D42/><U44/><E109/><V31/><F41/><W43/><G68/><T14/><D60/><U24/><E72/><V5/><F70/><W112/><G112/><T58/><D58/><U21/><E8/><N who="2" m="4111" /><F66/><W52/><G3/><T115/><D115/><U77/><E77/><V92/><F23/><W82/><G6/><T94/><REACH who="0" step="1"/><D19/><REACH who="0" ten="235,255,255,225" step="2"/><N who="1" m="12351" /><E36/><V29/><AGARI ba="2,3" hai="28,29,31,85,86,92,99,103" m="4111,51755" machi="29" ten="30,1100,0" yaku="20,1" doraHai="53" who="2" fromWho="2" sc="235,-5,255,-7,255,47,225,-5" /><INIT seed="2,0,0,5,5,0" ten="230,248,302,220" oya="2" hai0="130,114,10,79,135,96,85,3,95,99,132,19,1" hai1="57,44,62,66,33,55,101,25,92,2,8,116,109" hai2="77,37,53,58,28,83,84,67,45,71,73,14,69" hai3="22,26,111,17,29,107,68,90,18,128,11,89,21"/><V27/><F73/><W13/><G107/><T36/><D36/><U108/><E116/><V64/><F14/><N who="3" m="9399" /><G68/><T131/><D114/><U134/><E134/><N who="0" m="51241" /><D19/><U122/><E122/><V6/><F71/><W88/><G111/><N who="1" m="42570" /><E33/><V98/><F98/><N who="0" m="37418" /><D10/><U74/><E74/><V117/><F69/><W104/><G104/><T118/><D118/><U46/><E101/><V24/><F37/><W39/><G39/><T5/><D5/><N who="1" m="1079" /><E92/><V30/><F117/><W20/><G128/><N who="0" m="49195" /><D95/><U110/><E110/><V52/><F6/><N who="3" m="3319" /><G22/><T23/><D23/><U93/><E93/><V78/><F83/><AGARI ba="0,0" hai="1,3,79,83,85" m="49195,37418,51241" machi="83" ten="40,2600,0" yaku="20,1,19,1" doraHai="0" who="0" fromWho="2" sc="230,26,248,0,302,-26,220,0" /><INIT seed="3,0,0,1,1,7" ten="256,248,276,220" oya="3" hai0="12,16,127,62,112,18,86,53,35,75,123,14,33" hai1="65,81,109,106,66,98,88,61,32,117,114,60,122" hai2="94,45,31,135,23,9,126,111,113,110,67,68,39" hai3="8,11,24,42,90,78,104,120,125,77,95,85,1"/><W27/><G1/><T124/><D75/><U51/><E114/><V20/><F113/><W57/><G104/><T128/><D123/><U92/><E32/><N who="0" m="12361" /><D128/><U17/><E122/><V79/><F79/><N who="3" m="30219" /><G120/><T130/><D86/><N who="1" m="50255" /><E106/><V70/><F67/><N who="1" m="25609" /><E109/><V22/><F31/><W59/><G125/><N who="0" m="48203" /><D130/><U115/><E115/><V58/><F126/><W41/><G57/><N who="0" m="35119" /><D112/><U50/><E17/><AGARI ba="0,0" hai="12,14,16,17,18" m="35119,48203,12361" machi="17" ten="30,2000,0" yaku="18,1,54,1" doraHai="7" who="0" fromWho="1" sc="256,20,248,-20,276,0,220,0" /><INIT seed="4,0,0,1,4,42" ten="276,228,276,220" oya="0" hai0="16,46,120,36,29,101,126,74,96,2,10,131,103" hai1="128,110,67,22,90,109,73,93,20,77,8,82,28" hai2="59,7,108,115,121,118,81,68,25,65,43,102,18" hai3="132,71,106,127,112,50,57,95,97,89,41,130,17"/><T31/><D120/><U23/><E128/><V83/><F68/><W75/><G71/><T19/><D126/><U134/><E134/><V40/><F7/><W54/><G75/><T107/><D103/><U117/><E117/><V63/><F108/><W88/><G106/><T34/><D74/><U5/><E28/><V53/><F121/><W1/><G127/><T133/><D133/><U4/><E67/><V105/><F115/><W52/><G1/><T119/><D119/><U94/><E5/><V92/><F105/><W80/><G130/><T61/><D61/><U21/><N who="1" m="5632" /><DORA hai="24" /><U49/><E49/><V72/><F18/><W33/><G17/><T44/><D36/><U99/><REACH who="1" step="1"/><E93/><REACH who="1" ten="276,218,276,220" step="2"/><V47/><F65/><W13/><G112/><T9/><D131/><U12/><AGARI ba="0,1" hai="4,8,12,73,77,82,90,94,99,109,110" m="5632" machi="12" ten="40,8000,1" yaku="1,1,2,1,0,1,53,1" doraHai="42,24" doraHaiUra="76,98" who="1" fromWho="1" sc="276,-40,218,90,276,-20,220,-20" owari="236,-16.0,308,40.0,256,6.0,200,-30.0" /></mjloggm>