<mjloggm ver="2.3"><GO type="41" lobby="0"/><UN n0="%45%6C%67%69%6E%31%32%33" n1="%E8%8A%B1%E8%88%9E%E3%83%81%E3%83%AB%E3%83%8E" n2="%E5%B0%B1%E6%B4%BB%E7%94%9F%40%E5%B7%9D%E6%9D%91%E8%BB%8D%E5%9B%A3" n3="%E6%82%B2%E3%81%97%E3%81%BF%E3%81%AE%E9%83%BD%E4%BC%9A%E7%A0%82%E6%BC%A0" dan="15,15,17,13" rate="2072.46,2029.11,2136.91,1830.07" sx="M,M,M,F"/><TAIKYOKU oya="0"/><INIT seed="0,0,0,3,0,22" ten="250,250,250,250" oya="0" hai0="132,8,131,73,61,116,121,134,36,133,39,82,53" hai1="78,91,44,55,88,125,29,90,79,72,106,89,87" hai2="13,97,23,123,40,26,117,49,94,92,38,119,59" hai3="84,4,41,110,11,3,2,126,48,86,71,24,122"/><T52/><D73/><U118/><E118/><N who="2" m="45067" /><F123/><W135/><G122/><T74/><D74/><U62/><E125/><V130/><F130/><W75/><G126/><T111/><D82/><U18/><E29/><N who="2" m="17631" /><F38/><N who="0" m="14378" /><D8/><U112/><E112/><V63/><F97/><W96/><G75/><T56/><D116/><U70/><E70/><V77/><F77/><W35/><G71/><T50/><D121/><U15/><E106/><V113/><F113/><W115/><G115/><T42/><D42/><U6/><E72/><V10/><F49/><W108/><G3/><T93/><D93/><N who="1" m="54431" /><E6/><N who="2" m="3287" /><F40/><W101/><G41/><T80/><D80/><U25/><E78/><V67/><AGARI ba="0,0" hai="59,63,67,92,94" m="3287,17631,45067" machi="67" ten="30,2000,0" yaku="12,1,52,1" doraHai="22" who="2" fromWho="2" sc="250,-10,250,-5,250,20,250,-5" /><INIT seed="1,0,0,3,3,3" ten="240,245,270,245" oya="1" hai0="40,91,70,86,119,73,7,76,29,111,77,43,78" hai1="81,45,120,13,114,49,110,11,1,20,66,94,55" hai2="39,84,122,99,60,79,54,80,32,116,51,50,15" hai3="115,46,59,4,25,124,0,58,125,129,74,14,72"/><U92/><E120/><V113/><F39/><W71/><G115/><T101/><D119/><U133/><E114/><V102/><F32/><W5/><G71/><T132/><D70/><U48/><E133/><V63/><F116/><W97/><G0/><T109/><D73/><N who="3" m="28265" /><G46/><T19/><D29/><U8/><E110/><N who="0" m="41993" /><D19/><U100/><E66/><V95/><F122/><W47/><G47/><T90/><D101/><U6/><E20/><V10/><F113/><W108/><G108/><T89/><D132/><U62/><E62/><V44/><REACH who="2" step="1"/><F50/><REACH who="2" ten="240,245,260,245" step="2"/><W103/><G129/><T23/><D86/><U83/><E49/><V57/><F57/><W107/><G59/><T106/><D23/><U67/><E67/><V64/><F64/><W127/><G58/><T105/><D7/><AGARI ba="0,1" hai="7,10,15,44,51,54,60,63,79,80,84,95,99,102" machi="7" ten="30,8000,1" yaku="1,1,7,1,8,1,52,1,53,1" doraHai="3" doraHaiUra="2" who="2" fromWho="0" sc="240,-80,245,0,260,90,245,0" /><INIT seed="2,0,0,0,2,81" ten="160,245,350,245" oya="2" hai0="36,128,19,15,7,95,97,38,115,87,27,106,18" hai1="54,39,101,35,57,29,127,121,24,53,86,58,0" hai2="94,73,134,66,23,3,124,70,108,11,103,109,67" hai3="75,91,114,42,46,133,8,107,132,85,122,30,31"/><V74/><F124/><W72/><G122/><T69/><D115/><U65/><E121/><V43/><F43/><W2/><G114/><T49/><D69/><U82/><E127/><V4/><F134/><N who="3" m="51819" /><G107/><T80/><D128/><U28/><E0/><V118/><F118/><W48/><G8/><T59/><D106/><U99/><E39/><V16/><F74/><N who="3" m="28203" /><G2/><T50/><D38/><U71/><E71/><V98/><F73/><W41/><G41/><T22/><D36/><U76/><E28/><V135/><F135/><W68/><G68/><T123/><D123/><U61/><REACH who="1" step="1"/><E58/><REACH who="1" ten="160,235,350,245" step="2"/><V102/><F70/><W12/><G12/><T93/><D59/><U51/><E51/><V37/><F37/><W52/><G42/><T125/><D125/><U113/><E113/><V47/><F47/><W33/><G33/><T13/><D50/><U60/><E60/><V120/><F120/><W111/><G111/><N who="2" m="42569" /><F103/><W44/><G46/><T83/><D49/><U1/><E1/><V100/><F100/><W63/><G63/><T9/><D7/><U88/><E88/><V78/><F78/><W62/><G62/><T32/><D32/><U17/><E17/><V64/><F67/><W6/><G6/><T104/><D19/><U105/><AGARI ba="0,1" hai="24,29,35,53,54,57,61,65,76,82,86,99,101,105" machi="105" ten="20,5200,0" yaku="1,1,0,1,7,1,52,1,53,0" doraHai="81" doraHaiUra="89" who="1" fromWho="1" sc="160,-13,235,62,350,-26,245,-13" /><INIT seed="3,0,0,5,4,72" ten="147,297,324,232" oya="3" hai0="128,14,2,134,34,7,41,43,115,73,109,101,84" hai1="58,23,0,3,121,80,25,70,74,59,5,110,60" hai2="9,97,20,53,79,124,103,26,99,117,123,51,66" hai3="90,126,89,81,75,49,82,71,28,1,106,77,130"/><W68/><G1/><T122/><D122/><U21/><E121/><V15/><F117/><W52/><G106/><T67/><D73/><U88/><E110/><V116/><F123/><W46/><G130/><T10/><D109/><U13/><E70/><V127/><F116/><W129/><G129/><T95/><D128/><U48/><E48/><V55/><F66/><W114/><G114/><T78/><D115/><U31/><E58/><V112/><F79/><W94/><G126/><N who="2" m="48169" /><F112/><W24/><G81/><T63/><D134/><U131/><E131/><V19/><F51/><W108/><G108/><T32/><D32/><U65/><E21/><V12/><F12/><W50/><G50/><T35/><D35/><U40/><E40/><V113/><F113/><W11/><G11/><T102/><D34/><U61/><E61/><V133/><F133/><W16/><G16/><N who="0" m="8279" /><D2/><U120/><E120/><V45/><F45/><W56/><G46/><T132/><D7/><U47/><E47/><V22/><F22/><W93/><G93/><T118/><D118/><U39/><E39/><V57/><F57/><W105/><G105/><T119/><D132/><U8/><E74/><V27/><F27/><W107/><G107/><T18/><D18/><U100/><E100/><N who="0" m="38505" /><D119/><U36/><E36/><V38/><F38/><W54/><G54/><N who="2" m="20489" /><F103/><W17/><G17/><AGARI ba="0,0" hai="9,15,17,19,20,26,97,99" m="20489,48169" machi="17" ten="30,1000,0" yaku="18,1" doraHai="72" who="2" fromWho="3" sc="147,0,297,0,324,10,232,-10" /><INIT seed="4,0,0,1,5,7" ten="147,297,334,222" oya="0" hai0="8,0,37,12,50,59,108,30,102,116,40,72,98" hai1="42,66,126,3,134,13,2,36,1,73,120,64,4" hai2="22,18,127,27,43,56,44,95,53,21,29,33,67" hai3="123,92,5,69,84,100,55,124,121,81,77,135,15"/><T34/><D116/><U28/><E120/><N who="3" m="46154" /><G69/><T52/><D72/><U129/><E73/><V63/><F127/><W75/><G124/><T111/><D0/><U130/><E126/><V89/><F67/><N who="1" m="25641" /><E28/><V39/><REACH who="2" step="1"/><F18/><REACH who="2" ten="147,297,324,222" step="2"/><W11/><G135/><T49/><D30/><U62/><E134/><V38/><F38/><W110/><G110/><T83/><D37/><U119/><E119/><V103/><F103/><W122/><G122/><T106/><D34/><U23/><E4/><V82/><F82/><W99/><G75/><T80/><D80/><U76/><E36/><V85/><AGARI ba="0,1" hai="21,22,27,29,33,39,43,44,53,56,63,85,89,95" machi="85" ten="20,5200,0" yaku="1,1,0,1,7,1,53,1" doraHai="7" doraHaiUra="31" who="2" fromWho="2" sc="147,-26,297,-13,324,62,222,-13" /><INIT seed="5,0,0,1,5,102" ten="121,284,386,209" oya="1" hai0="75,36,5,64,72,107,33,118,104,51,71,46,25" hai1="10,6,131,68,112,31,15,92,7,41,49,48,37" hai2="22,114,52,116,121,117,135,111,24,133,1,11,100" hai3="57,125,39,87,90,82,20,69,29,43,54,134,65"/><U78/><E112/><V27/><F100/><W19/><G125/><T124/><D51/><U0/><E68/><V4/><F111/><W99/><G134/><N who="2" m="51209" /><F121/><W105/><G29/><N who="0" m="19631" /><D5/><U74/><E131/><V88/><F114/><W17/><G43/><N who="0" m="22887" /><D124/><U108/><E108/><V84/><F52/><W8/><G8/><T109/><D109/><U129/><E31/><N who="2" m="17815" /><F27/><W56/><G39/><T85/><D85/><U60/><E129/><V67/><F67/><W12/><G17/><T120/><D118/><U66/><E92/><AGARI ba="0,0" hai="1,4,11,84,88,92,116,117" m="17815,51209" machi="92" ten="30,2000,0" yaku="20,1,54,1" doraHai="102" who="2" fromWho="1" sc="121,0,284,-20,386,20,209,0" /><INIT seed="6,0,0,3,4,2" ten="121,264,406,209" oya="2" hai0="21,5,115,41,111,63,10,101,118,113,54,47,110" hai1="13,83,15,75,6,89,133,98,119,40,67,114,104" hai2="4,69,3,109,49,81,23,120,106,9,68,74,22" hai3="88,105,121,93,29,18,25,0,66,71,11,108,65"/><V82/><F109/><N who="0" m="41482" /><D101/><U52/><E119/><V128/><F106/><W24/><G121/><T38/><D21/><U20/><E114/><N who="0" m="43529" /><D5/><U84/><E133/><V44/><F128/><W85/><G108/><T103/><D10/><U46/><E67/><V122/><F23/><W30/><G105/><T91/><D91/><U42/><E75/><V102/><F22/><W7/><G71/><T1/><D103/><U135/><E135/><V8/><F102/><W53/><G53/><T92/><D92/><U33/><E33/><V59/><F59/><W100/><G100/><T31/><D1/><U45/><E104/><V124/><F124/><W86/><G86/><T134/><D31/><U32/><E32/><V94/><F94/><W123/><G123/><T28/><D28/><U112/><E112/><V56/><F56/><W96/><G96/><T37/><D134/><U70/><E98/><V116/><F116/><W36/><G36/><N who="0" m="21927" /><D118/><U35/><E20/><V87/><F8/><W95/><G95/><T77/><D77/><U61/><E83/><V126/><F122/><W19/><G30/><T90/><D90/><U12/><E89/><V78/><F120/><W76/><G76/><T80/><D80/><U107/><E107/><V51/><F82/><W43/><G29/><T17/><D17/><U60/><E84/><V50/><F81/><W14/><G19/><T117/><D117/><U62/><E35/><V64/><F87/><W57/><G85/><T48/><D63/><U72/><E62/><V16/><F78/><W125/><G0/><T79/><D79/><U97/><E61/><RYUUKYOKU ba="0,0" sc="121,30,264,-10,406,-10,209,-10" hai0="37,38,48,54" /><INIT seed="7,1,0,4,4,78" ten="151,254,396,199" oya="3" hai0="31,6,52,99,23,15,39,98,44,36,81,49,59" hai1="68,43,117,4,82,30,17,100,51,19,106,50,1" hai2="121,83,115,92,70,8,73,109,9,46,26,28,12" hai3="66,105,7,87,3,22,58,104,122,57,74,112,37"/><W35/><G122/><T93/><D99/><U108/><E68/><V16/><F70/><W41/><G35/><T13/><D39/><U77/><E108/><V53/><F121/><W33/><G33/><T61/><D36/><U24/><E117/><V11/><F109/><W97/><G74/><T47/><D47/><U133/><E133/><V85/><F115/><W114/><G41/><T32/><D32/><U2/><E2/><V75/><F92/><W88/><G37/><T25/><D6/><U129/><E129/><V34/><F75/><W116/><G116/><T63/><D63/><U0/><E0/><V107/><F73/><W132/><G132/><T69/><D69/><U101/><E106/><N who="3" m="41066" /><G97/><T110/><D110/><U127/><E43/><V91/><F107/><W71/><G22/><T94/><D94/><U90/><E4/><V64/><F64/><W60/><G7/><T130/><D81/><U21/><E1/><V126/><F126/><W119/><G3/><T124/><D124/><U45/><E127/><V14/><F14/><W20/><G20/><T54/><D130/><U125/><E125/><V120/><F120/><W62/><G62/><T18/><D31/><U56/><E56/><V135/><F135/><W79/><G79/><T27/><D27/><U95/><E77/><V102/><F102/><N who="1" m="39529" /><E51/><AGARI ba="1,0" hai="8,9,11,12,16,26,28,34,46,51,53,83,85,91" machi="51" ten="40,8000,1" yaku="25,2,52,1,54,1" doraHai="78" who="2" fromWho="1" sc="151,0,254,-83,396,83,199,0" owari="151,-35.0,171,-23.0,479,58.0,199,0.0" /></mjloggm>