<mjloggm ver="2.3"><GO type="169" lobby="0"/><UN n0="%E3%82%A6%E3%83%AB%E3%83%88%E3%83%A9%E7%AB%8B%E7%9B%B4" n1="%6D%69%6E%32%30%30%32" n2="%61%6B%61%75%6E%74%6F" n3="%E3%81%9C%E3%82%8D%E3%82%81%E3%81%90" dan="17,16,16,16" rate="2129.79,2101.64,2151.57,2057.53" sx="M,F,M,F"/><TAIKYOKU oya="0"/><INIT seed="0,0,0,0,0,76" ten="250,250,250,250" oya="0" hai0="116,29,2,96,7,99,42,24,13,119,34,112,11" hai1="65,63,39,70,18,57,132,105,52,37,61,126,95" hai2="43,135,82,20,130,59,118,62,108,17,12,15,90" hai3="128,10,46,16,84,94,113,50,134,48,104,74,69"/><T36/><D112/><U4/><E105/><V89/><F108/><W8/><G113/><T32/><D96/><U1/><E1/><V80/><F130/><W98/><G128/><T72/><D99/><U91/><E4/><V92/><F135/><W56/><G69/><T103/><D103/><U53/><E132/><V86/><F43/><W47/><G74/><T6/><D72/><U51/><E18/><N who="2" m="10311" /><F90/><W38/><G134/><T123/><D42/><U93/><E126/><V114/><F118/><W111/><G111/><T102/><D102/><U85/><REACH who="1" step="1"/><E95/><REACH who="1" ten="250,240,250,250" step="2"/><V75/><F114/><W45/><G104/><T40/><D123/><U55/><E55/><N who="2" m="34175" /><F75/><W83/><G94/><T100/><D7/><U19/><E19/><V41/><F41/><W129/><G16/><T44/><D100/><U23/><E23/><AGARI ba="0,1" hai="15,17,23,80,82,86,89,92" m="34175,10311" machi="23" ten="30,3900,0" yaku="8,1,52,2" doraHai="76" who="2" fromWho="1" sc="250,0,240,-39,250,49,250,0" /><INIT seed="1,0,0,1,1,111" ten="250,201,299,250" oya="1" hai0="50,72,31,76,16,8,25,100,54,79,132,36,5" hai1="66,105,58,60,112,116,90,80,7,127,82,118,92" hai2="17,120,34,62,10,19,93,12,121,106,69,70,26" hai3="41,122,134,110,45,99,32,77,130,13,87,15,119"/><U102/><E105/><V9/><F106/><W104/><G122/><T4/><D36/><U71/><E127/><V131/><F131/><W47/><G130/><T114/><D132/><U109/><E112/><V35/><F93/><W18/><G110/><T21/><D114/><U24/><E109/><V43/><F43/><W83/><G134/><T125/><D125/><U129/><E129/><V63/><F12/><W22/><G32/><T126/><D126/><U128/><E128/><V40/><F40/><W52/><G119/><T55/><D100/><U101/><E116/><V135/><REACH who="2" step="1"/><F26/><REACH who="2" ten="250,201,289,250" step="2"/><W113/><G113/><T117/><D117/><U91/><E118/><V97/><F97/><W73/><G104/><T56/><D72/><U65/><E92/><V42/><F42/><W86/><G99/><T14/><D5/><U29/><E7/><V88/><F88/><N who="1" m="33833" /><E101/><V37/><F37/><W59/><G13/><T39/><D39/><U84/><E102/><V103/><F103/><W28/><G41/><T98/><D98/><U30/><E24/><V96/><F96/><W89/><G73/><T57/><REACH who="0" step="1"/><D4/><REACH who="0" ten="240,201,289,250" step="2"/><U38/><E38/><V49/><F49/><AGARI ba="0,2" hai="8,14,16,21,25,31,49,50,54,55,56,57,76,79" machi="49" ten="30,12000,2" yaku="1,1,2,1,7,1,9,1,8,1,54,1,53,0" doraHai="111" doraHaiUra="115" who="0" fromWho="2" sc="240,140,201,0,289,-120,250,0" /><INIT seed="2,0,0,0,1,135" ten="380,201,169,250" oya="2" hai0="60,61,39,45,131,113,66,64,26,134,22,5,36" hai1="63,114,48,2,25,8,127,67,49,38,14,54,69" hai2="30,124,37,100,6,73,122,57,130,58,83,119,112" hai3="86,98,116,93,52,1,110,51,89,123,107,12,121"/><V17/><F37/><W111/><G1/><T132/><D5/><U72/><E72/><V106/><F30/><W7/><G116/><T94/><D94/><U97/><E38/><V87/><F6/><W75/><G75/><T18/><D113/><U88/><E2/><V3/><F3/><W31/><G31/><T23/><D131/><U115/><E25/><V42/><F42/><W104/><G12/><T65/><D45/><U44/><E49/><V50/><F50/><W96/><G7/><T10/><D10/><U80/><E97/><N who="3" m="37482" /><G52/><T92/><D92/><U46/><E46/><V71/><F57/><W0/><G51/><T56/><D65/><U16/><E127/><V128/><F58/><W81/><G0/><T19/><D26/><U9/><E9/><V28/><F124/><W62/><G62/><T43/><D56/><U35/><E35/><V11/><F28/><W68/><G68/><T47/><D47/><U59/><E69/><V84/><F119/><W108/><G93/><T99/><D99/><U74/><E74/><V20/><F73/><W103/><G103/><T29/><D29/><U129/><E129/><V78/><F100/><W118/><G118/><T91/><D43/><U32/><E32/><V102/><F102/><W40/><G40/><T105/><D105/><AGARI ba="0,0" hai="81,86,89,104,105,107,108,110,111,121,123" m="37482" machi="105" ten="40,5200,0" yaku="14,1,34,2" doraHai="135" who="3" fromWho="0" sc="380,-52,201,0,169,0,250,52" /><INIT seed="3,0,0,2,3,120" ten="328,201,169,302" oya="3" hai0="55,109,71,79,105,4,125,48,36,118,44,123,20" hai1="7,92,106,37,122,85,100,130,73,2,17,129,39" hai2="41,121,61,29,49,8,68,97,19,50,38,115,101" hai3="46,119,45,63,75,12,98,86,93,91,110,51,96"/><W117/><G75/><T59/><D105/><U64/><E122/><V90/><F38/><W134/><G134/><T89/><D123/><U9/><E106/><V133/><F133/><W99/><G63/><T135/><D79/><U3/><E3/><V6/><F115/><W65/><G65/><T34/><D4/><U15/><E73/><V16/><F29/><W76/><G76/><T25/><D34/><U28/><E28/><V107/><F121/><W30/><G30/><N who="0" m="17703" /><D89/><N who="1" m="53295" /><E64/><V84/><F61/><W69/><G69/><T11/><D11/><N who="1" m="6399" /><E100/><V21/><F68/><W54/><G46/><T66/><D44/><U103/><E103/><V112/><F41/><W102/><G102/><T43/><D43/><U40/><E40/><V31/><F112/><W116/><REACH who="3" step="1"/><G12/><REACH who="3" ten="328,201,169,292" step="2"/><T82/><D66/><U113/><E113/><V114/><F114/><W87/><G87/><T42/><D71/><U95/><E39/><V62/><F84/><W104/><G104/><T74/><D74/><U132/><E37/><V1/><F107/><W35/><G35/><T56/><D36/><U108/><E132/><V32/><F32/><W88/><G88/><T0/><D135/><U10/><E2/><V58/><F90/><W47/><G47/><T126/><D0/><U111/><E130/><V60/><F101/><W14/><G14/><T5/><D59/><U128/><E128/><V77/><F77/><W94/><G94/><T26/><D56/><U33/><E129/><V72/><F72/><W57/><G57/><T23/><D48/><N who="2" m="18538" /><F1/><W83/><G83/><T18/><D82/><U52/><E95/><RYUUKYOKU ba="0,1" sc="328,-10,201,-10,169,-10,292,30" hai3="45,51,54,86,91,93,96,98,99,110,116,117,119" /><INIT seed="3,1,1,2,5,72" ten="318,191,159,322" oya="3" hai0="44,133,48,40,75,130,118,27,113,46,68,55,24" hai1="64,115,29,99,6,93,106,9,36,13,67,98,82" hai2="25,50,47,124,10,34,62,45,33,39,31,1,22" hai3="127,74,116,58,23,134,92,103,129,107,79,43,60"/><W86/><G116/><T121/><D118/><U16/><E115/><V104/><F104/><W53/><G127/><T66/><D121/><U2/><E36/><V15/><F124/><W102/><G107/><T30/><D113/><U88/><E29/><V41/><F62/><W110/><G134/><T51/><D133/><U14/><E2/><V80/><F1/><W109/><G129/><T95/><D75/><U4/><E106/><V78/><F45/><W69/><G69/><T18/><D130/><U11/><E82/><V96/><F96/><W32/><G32/><T131/><D131/><U20/><E99/><V112/><F39/><W56/><G43/><T91/><D18/><U76/><E76/><V120/><F120/><W83/><G58/><T5/><D5/><U128/><E128/><V38/><F38/><W114/><G23/><T85/><D30/><U65/><E20/><V105/><F105/><W89/><REACH who="3" step="1"/><G114/><REACH who="3" ten="318,191,159,312" step="2"/><T37/><D37/><U28/><E28/><V119/><F119/><W77/><G77/><T63/><AGARI ba="1,2" hai="24,27,40,44,46,48,51,55,63,66,68,85,91,95" machi="63" ten="30,1100,0" yaku="0,1" doraHai="72" who="0" fromWho="0" sc="318,34,191,-4,159,-4,312,-6" /><INIT seed="4,0,0,2,0,48" ten="352,187,155,306" oya="0" hai0="117,108,74,69,2,110,64,58,85,49,71,133,93" hai1="4,116,121,90,33,23,30,56,14,52,46,95,66" hai2="16,75,43,17,78,28,53,118,128,6,35,73,18" hai3="60,5,0,27,98,13,77,91,21,51,101,42,63"/><T31/><D74/><U45/><E33/><V82/><F43/><W100/><G0/><T97/><D2/><U20/><E121/><V113/><F6/><W32/><G32/><T105/><D117/><U8/><E66/><V87/><F118/><W126/><G126/><T25/><D133/><U111/><E111/><N who="0" m="42537" /><D85/><N who="1" m="52687" /><E116/><V9/><F9/><N who="3" m="4271" /><G77/><T83/><D83/><U89/><E89/><V19/><F113/><W70/><G70/><T55/><D105/><U123/><E123/><V61/><F128/><W7/><G7/><T76/><D64/><U54/><E30/><V92/><N who="2" m="4096" /><DORA hai="24" /><V130/><F92/><N who="3" m="56607" /><G100/><N who="0" m="60463" /><D76/><U120/><E120/><V3/><F3/><W132/><G101/><T115/><D115/><U22/><E56/><V102/><F102/><W57/><G132/><T94/><D94/><U15/><E15/><V112/><F112/><W103/><G103/><T37/><D37/><U12/><E12/><V62/><F75/><W34/><G34/><AGARI ba="0,0" hai="25,31,34,49,55,58,69,71" m="60463,42537" machi="34" ten="30,5800,0" yaku="10,1,52,2" doraHai="48,24" who="0" fromWho="3" sc="352,58,187,0,155,0,306,-58" /><INIT seed="4,1,0,2,5,27" ten="410,187,155,248" oya="0" hai0="118,61,33,5,53,19,23,29,99,129,113,119,52" hai1="49,8,39,81,4,123,115,78,132,83,75,95,20" hai2="120,13,14,103,122,77,124,102,105,126,48,100,50" hai3="107,88,72,82,28,55,96,54,7,9,60,47,21"/><T79/><D129/><U41/><E123/><N who="2" m="47147" /><F77/><W2/><G72/><T10/><D113/><U1/><E115/><V85/><F85/><W110/><G110/><T32/><D99/><U109/><E109/><V90/><F90/><W128/><G128/><T24/><D79/><U130/><E130/><V106/><F14/><W76/><G76/><T42/><D42/><U111/><E111/><V69/><F13/><W65/><G47/><T62/><D62/><U35/><E83/><V40/><F69/><W104/><G104/><N who="2" m="40041" /><F40/><W16/><G107/><T101/><D101/><N who="2" m="25858" /><V74/><DORA hai="84" /><F74/><W25/><G82/><T70/><D70/><U43/><E43/><V58/><F58/><W26/><G88/><T114/><D114/><U22/><E95/><V44/><F44/><W97/><G97/><T108/><D108/><U15/><E15/><V11/><F11/><W68/><G96/><T131/><D131/><U46/><E49/><AGARI ba="1,0" hai="48,49,50,124,126" m="25858,40041,47147" machi="49" ten="40,2600,0" yaku="28,2" doraHai="27,84" who="2" fromWho="1" sc="410,0,187,-29,155,29,248,0" /><INIT seed="5,0,0,2,0,33" ten="410,158,184,248" oya="1" hai0="19,55,71,86,10,31,116,9,126,100,18,35,54" hai1="101,50,5,11,42,6,63,99,112,109,61,49,62" hai2="46,75,1,7,78,84,41,113,58,121,91,119,79" hai3="45,59,89,108,21,13,105,2,83,43,95,87,36"/><U110/><E112/><V39/><F119/><W14/><G108/><N who="1" m="41578" /><E42/><V104/><F104/><W81/><G105/><T94/><D71/><U74/><E74/><V47/><F121/><W48/><G2/><T93/><D35/><U34/><E34/><V0/><F113/><W128/><G128/><T67/><D67/><U125/><E125/><V4/><F58/><W134/><G134/><T118/><D31/><U123/><E123/><V51/><F7/><N who="1" m="2569" /><E11/><N who="2" m="2439" /><F1/><W27/><G59/><T56/><D126/><U30/><E30/><V82/><F79/><W114/><G114/><T97/><D10/><U92/><AGARI ba="0,0" hai="49,50,61,62,63,92,99,101" m="2569,41578" machi="92" ten="40,2100,0" yaku="10,1" doraHai="33" who="1" fromWho="1" sc="410,-7,158,21,184,-7,248,-7" /><INIT seed="5,1,0,0,3,88" ten="403,179,177,241" oya="1" hai0="128,17,117,104,124,105,132,52,109,32,122,119,78" hai1="13,25,79,95,98,4,47,112,81,16,84,38,2" hai2="59,36,70,121,46,14,51,65,135,18,131,34,10" hai3="55,94,99,66,67,89,110,83,116,93,129,39,0"/><U114/><E25/><V21/><F34/><W127/><G110/><T87/><D32/><U44/><E4/><V50/><F121/><W130/><G0/><T90/><D17/><U6/><E6/><V108/><F108/><W7/><G7/><T22/><D22/><N who="1" m="11535" /><E2/><V24/><F131/><N who="3" m="50187" /><G127/><T23/><D105/><U91/><E38/><V82/><F135/><W63/><G116/><T126/><D104/><U100/><E100/><V61/><F82/><W20/><G39/><T73/><D132/><U76/><E76/><V62/><F46/><W42/><G42/><T134/><D78/><U11/><E11/><V92/><F36/><W64/><G20/><T29/><D23/><U120/><E120/><V1/><F1/><W15/><G15/><T5/><D5/><U97/><E97/><V56/><F70/><W125/><G125/><T106/><D126/><U9/><E9/><V101/><F24/><W115/><G115/><AGARI ba="1,0" hai="44,47,79,81,84,91,95,98,112,114,115" m="11535" machi="115" ten="30,5800,0" yaku="15,1,52,1,54,1" doraHai="88" who="1" fromWho="3" sc="403,0,179,61,177,0,241,-61" /><INIT seed="5,2,0,4,3,0" ten="403,240,177,180" oya="1" hai0="53,117,110,50,121,78,15,85,61,120,118,73,21" hai1="81,47,113,63,119,123,55,1,40,131,115,128,30" hai2="19,77,96,57,133,107,102,93,71,58,37,14,24" hai3="51,20,68,49,34,35,114,59,135,116,18,127,33"/><U126/><E30/><V62/><F37/><W89/><G68/><T94/><D73/><U75/><E1/><V108/><F133/><W56/><G135/><T10/><D61/><U99/><E99/><V91/><F77/><W125/><G114/><N who="1" m="43530" /><E75/><V12/><F108/><W5/><G116/><T43/><D21/><U8/><E8/><V88/><F71/><W82/><G5/><N who="0" m="3535" /><D110/><U80/><E119/><V44/><F44/><W74/><G89/><N who="0" m="53551" /><D43/><U9/><E9/><V4/><F107/><W3/><G3/><T39/><D39/><N who="1" m="21919" /><E123/><N who="0" m="47177" /><D78/><U16/><E16/><V2/><F19/><W87/><G74/><T22/><D22/><U41/><E41/><V76/><F24/><W109/><G109/><T7/><D7/><U6/><E6/><V84/><F4/><W122/><G122/><T23/><D23/><U60/><E60/><V52/><F2/><W130/><G20/><T98/><D98/><U111/><E111/><V46/><F62/><W17/><G17/><T54/><D118/><U32/><E32/><V38/><F96/><W11/><G18/><T79/><D79/><U64/><E55/><V65/><F52/><W132/><G11/><T112/><D117/><U90/><E90/><V97/><F91/><N who="3" m="51703" /><G132/><T104/><D112/><U31/><E31/><V92/><F76/><W48/><G34/><T129/><D54/><U25/><E25/><V83/><F12/><W124/><G33/><T29/><D29/><U42/><E42/><N who="2" m="22871" /><F14/><W67/><G35/><T106/><D53/><U95/><E63/><N who="2" m="38127" /><F83/><W69/><G69/><T27/><D27/><U86/><E81/><RYUUKYOKU ba="2,0" sc="403,-10,240,-10,177,30,180,-10" hai2="58,84,88,92,93,97,102" /><INIT seed="6,3,0,3,2,66" ten="393,230,207,170" oya="2" hai0="3,28,29,103,79,53,19,134,6,101,86,75,0" hai1="31,24,96,45,73,49,72,40,4,82,113,22,10" hai2="39,16,35,84,17,91,2,104,58,52,116,97,68" hai3="123,34,36,20,60,70,129,115,107,27,5,50,13"/><V9/><F68/><W100/><G36/><T61/><D75/><U106/><E82/><V15/><F35/><W18/><G123/><T74/><D74/><U81/><E81/><V127/><F2/><W11/><G129/><T42/><D42/><U92/><E106/><V121/><F39/><W88/><G115/><T131/><D6/><U133/><E133/><V59/><F127/><W132/><G132/><T57/><D19/><U93/><E93/><N who="2" m="54503" /><F104/><W37/><G37/><T56/><D86/><U44/><E44/><V46/><F116/><W12/><G34/><T95/><D95/><U126/><E126/><V23/><F97/><W87/><G50/><T38/><D79/><U77/><E77/><V54/><F121/><W110/><G110/><T122/><D122/><U108/><E108/><V26/><F46/><W67/><G100/><T30/><D38/><U7/><E113/><V78/><F78/><W76/><G76/><T124/><D124/><U118/><E118/><V47/><F47/><W114/><G114/><T65/><D134/><U112/><E112/><V48/><F48/><W109/><G109/><T14/><D3/><U25/><E73/><V85/><F85/><W94/><REACH who="3" step="1"/><G107/><REACH who="3" ten="393,230,207,160" step="2"/><T99/><D103/><U1/><E72/><V111/><F111/><W21/><G21/><T125/><D101/><U128/><E128/><V98/><F98/><W33/><G33/><T41/><D99/><U80/><E96/><V117/><F117/><W55/><G55/><AGARI ba="3,1" hai="9,15,16,17,23,26,52,54,55,58,59" m="54503" machi="55" ten="30,5800,0" yaku="8,1,54,2" doraHai="66" who="2" fromWho="3" sc="393,0,230,0,207,77,160,-67" /><INIT seed="6,4,0,2,2,131" ten="393,230,284,93" oya="2" hai0="23,11,98,39,120,108,60,89,67,0,46,116,3" hai1="118,99,63,12,85,110,28,36,41,47,102,78,13" hai2="44,5,100,107,20,73,133,132,112,70,61,30,59" hai3="9,111,103,80,27,52,82,130,76,8,135,101,105"/><V68/><F73/><W86/><G130/><T128/><D108/><U104/><E118/><V26/><F112/><W29/><G111/><T15/><D23/><U38/><E38/><V115/><F115/><W6/><G82/><T50/><D39/><U119/><E119/><V124/><F5/><W113/><G113/><T31/><D31/><U123/><E110/><V64/><F124/><W96/><G103/><T114/><D120/><U55/><E28/><V109/><F109/><W62/><G6/><T24/><D24/><U75/><E75/><V95/><F44/><W81/><G81/><T65/><D65/><U87/><E123/><V43/><F43/><W21/><REACH who="3" step="1"/><G135/><REACH who="3" ten="393,230,284,83" step="2"/><T79/><D128/><U14/><E78/><V134/><F107/><W92/><G92/><T16/><D79/><U106/><E106/><V71/><F100/><W53/><G53/><T125/><D125/><U90/><E90/><V56/><F95/><W77/><G77/><T32/><D89/><U34/><E55/><V83/><F83/><W94/><G94/><T51/><D114/><U54/><E54/><V25/><F132/><W17/><G17/><T58/><D16/><U84/><E104/><V35/><F133/><W129/><G129/><T37/><D116/><U91/><E102/><V19/><F134/><W74/><G74/><T126/><D126/><U66/><E91/><V97/><F19/><W42/><G42/><T7/><D7/><U45/><E41/><V48/><F64/><W49/><G49/><N who="0" m="18443" /><D67/><U2/><E66/><V122/><F48/><W88/><G88/><T69/><D37/><RYUUKYOKU ba="4,1" sc="393,-10,230,-10,284,-10,83,30" hai3="8,9,21,27,29,52,62,76,80,86,96,101,105" /><INIT seed="7,5,1,4,2,112" ten="383,220,274,113" oya="3" hai0="120,108,45,3,33,68,115,9,100,98,66,4,18" hai1="43,0,60,50,96,103,88,81,135,5,77,72,14" hai2="82,40,54,30,122,17,107,21,47,129,117,105,61" hai3="34,12,52,75,92,101,86,39,20,124,76,95,55"/><W13/><G34/><T11/><D18/><U90/><E0/><V132/><F30/><W118/><G75/><T89/><D89/><U41/><E60/><V27/><F117/><W53/><G118/><T49/><D45/><U48/><E135/><V69/><F129/><W58/><G39/><T67/><D11/><U38/><E38/><V57/><F69/><W111/><G124/><T74/><D66/><U109/><E109/><V1/><F1/><W131/><G131/><T46/><D115/><U85/><E43/><V10/><F10/><W79/><G111/><T25/><D49/><U80/><E90/><V119/><F119/><W2/><G2/><T35/><D46/><U93/><E41/><V94/><F132/><W102/><G58/><T127/><D127/><U121/><E121/><V133/><F122/><W126/><G126/><T71/><D67/><U83/><E83/><V106/><F82/><W125/><G125/><T128/><D35/><U56/><E56/><V26/><F57/><W24/><G55/><T62/><D128/><U36/><E36/><V113/><F54/><W59/><G59/><T114/><D114/><U6/><E6/><V19/><F113/><W78/><G78/><T134/><D134/><U73/><E73/><V110/><F110/><W65/><G65/><N who="0" m="41015" /><D71/><U7/><E7/><V99/><F107/><W32/><G32/><T28/><D74/><U22/><E5/><V31/><F106/><W104/><G104/><N who="0" m="63511" /><D108/><U44/><E44/><V42/><F105/><W64/><G64/><T91/><D120/><U116/><E116/><V97/><F133/><RYUUKYOKU ba="5,1" sc="383,15,220,15,274,-15,113,-15" hai0="3,4,9,25,28,33,91" hai1="14,22,48,50,72,77,80,81,85,88,93,96,103" owari="408,50.0,235,-16.0,259,6.0,98,-40.0" /></mjloggm>