<mjloggm ver="2.3"><GO type="169" lobby="0"/><UN n0="%E6%B8%8B%E8%B0%B7%E3%81%AE%64%6F%76%65" n1="%74%61%6B%65%2D%79%6F%75" n2="%E3%83%88%E3%83%88%E3%83%AA%E5%85%88%E7%94%9F%31%39%E6%AD%B3" n3="%E3%81%BF%E3%81%A3%E3%81%A4%E3%81%83%EF%BD%9E" dan="16,16,18,18" rate="2139.13,2007.94,2240.83,2195.11" sx="M,M,F,F"/><TAIKYOKU oya="0"/><INIT seed="0,0,0,5,0,118" ten="250,250,250,250" oya="0" hai0="37,46,106,71,117,22,112,12,80,69,32,44,4" hai1="6,114,100,81,2,52,24,11,128,42,82,30,1" hai2="58,9,110,18,23,17,78,27,65,28,132,16,15" hai3="29,109,35,133,60,91,51,66,99,88,61,83,125"/><T97/><D117/><U105/><E128/><V108/><F78/><W47/><G109/><N who="2" m="42089" /><F65/><W85/><G133/><T104/><D32/><U10/><E114/><V49/><F58/><W5/><G125/><T79/><D112/><U98/><E42/><V127/><F49/><W96/><G5/><T72/><D44/><U63/><E2/><V113/><F113/><W36/><G36/><T43/><D97/><U55/><E11/><V116/><F116/><W90/><G35/><T39/><D39/><U59/><REACH who="1" step="1"/><E55/><REACH who="1" ten="250,240,250,250" step="2"/><V45/><F132/><W75/><G66/><T40/><D40/><U57/><E57/><V120/><F45/><W94/><G75/><T67/><D67/><U135/><E135/><V124/><F120/><W93/><G29/><T19/><D4/><AGARI ba="0,1" hai="4,9,15,16,17,18,23,27,28,124,127" m="42089" machi="4" ten="30,7700,0" yaku="14,1,34,2,54,1" doraHai="118" who="2" fromWho="0" sc="250,-77,240,0,250,87,250,0" /><INIT seed="1,0,0,1,2,65" ten="173,240,337,250" oya="1" hai0="109,72,68,46,42,112,39,36,99,81,29,104,67" hai1="66,80,85,115,59,128,32,110,58,71,55,96,40" hai2="1,26,77,50,119,78,130,27,43,34,70,38,54" hai3="31,2,16,48,92,107,133,120,9,49,76,91,105"/><U97/><E115/><V0/><F119/><W131/><G31/><T64/><D112/><U114/><E114/><V18/><F130/><W15/><G131/><T35/><D64/><U20/><E128/><V23/><F70/><W75/><G120/><T101/><D109/><U95/><E32/><V56/><F0/><W52/><G49/><T117/><D117/><U14/><E110/><V69/><F1/><W98/><G2/><T83/><D36/><U22/><E40/><V100/><F69/><W44/><REACH who="3" step="1"/><G133/><REACH who="3" ten="173,240,337,240" step="2"/><T13/><D13/><U111/><E111/><V6/><F38/><W90/><G90/><T134/><D134/><U94/><E14/><V88/><F34/><W47/><G47/><T53/><D29/><U87/><E71/><V122/><F122/><W51/><G51/><T121/><D35/><U123/><E123/><V4/><F43/><W25/><G25/><T84/><D121/><U63/><E63/><V57/><F27/><W11/><G11/><T19/><D68/><U102/><E59/><V125/><F57/><W61/><G61/><T82/><D42/><U73/><E58/><V41/><F41/><W3/><G3/><T106/><D39/><U30/><E30/><V93/><F100/><W17/><G17/><T129/><D101/><U12/><E102/><V118/><F118/><W132/><G132/><T79/><D46/><U127/><E12/><V28/><F28/><W21/><G21/><T103/><D19/><U8/><E20/><V24/><F24/><W10/><G10/><T126/><D129/><U135/><E135/><V116/><F116/><RYUUKYOKU ba="0,1" sc="173,-10,240,-10,337,-10,240,30" hai3="9,15,16,44,48,52,75,76,91,92,98,105,107" /><INIT seed="2,1,1,5,4,51" ten="163,230,327,270" oya="2" hai0="130,58,4,78,79,126,42,34,40,50,96,19,83" hai1="17,115,46,43,87,70,28,61,2,99,93,74,16" hai2="18,7,123,90,111,35,9,95,75,1,71,69,27" hai3="62,63,98,129,31,13,102,3,103,124,131,106,37"/><V101/><F123/><W8/><G3/><T80/><D34/><U100/><E74/><V10/><F75/><W15/><G37/><T119/><D130/><N who="3" m="49673" /><G124/><T49/><D4/><U45/><E115/><V41/><F111/><W116/><G116/><T21/><D126/><U6/><E28/><V88/><F101/><W108/><G108/><T105/><D105/><U77/><E6/><V20/><F90/><W114/><G114/><T29/><D29/><U120/><E2/><V72/><F72/><W30/><G13/><T66/><D96/><U73/><E73/><V38/><F10/><W36/><G36/><T97/><D97/><U104/><E120/><V89/><F89/><W109/><G103/><T85/><D66/><U23/><E104/><V32/><F41/><N who="0" m="15978" /><D58/><U65/><E23/><V118/><F38/><W81/><G109/><T94/><D94/><U12/><E12/><V121/><F121/><W56/><G81/><T48/><D119/><U54/><E43/><V112/><F112/><W64/><G63/><T134/><D134/><U57/><E70/><V128/><F128/><W22/><G22/><T92/><D92/><U133/><E133/><V82/><F82/><W125/><G125/><T122/><D122/><U39/><E39/><V25/><F118/><W113/><G113/><T0/><D0/><U132/><E132/><V52/><F32/><W127/><G127/><T91/><D80/><N who="1" m="47503" /><E65/><V135/><F135/><W14/><G8/><T76/><D76/><U47/><AGARI ba="1,1" hai="16,17,45,46,47,54,57,61,93,99,100" m="47503" machi="47" ten="30,4000,0" yaku="8,1,52,1,54,1" doraHai="51" who="1" fromWho="1" sc="163,-11,230,53,327,-21,270,-11" /><INIT seed="3,0,0,2,0,44" ten="152,283,306,259" oya="3" hai0="24,115,107,43,32,58,41,123,13,60,113,8,47" hai1="108,54,31,49,38,25,23,81,51,126,1,7,33" hai2="118,63,89,59,20,114,3,72,84,46,67,39,50" hai3="76,37,79,5,15,116,0,6,30,22,29,17,53"/><W112/><G37/><T93/><D107/><U57/><E38/><V65/><F114/><N who="0" m="43530" /><D123/><U98/><E108/><V36/><F118/><W61/><G116/><T104/><D104/><U83/><E126/><V35/><F35/><W111/><G111/><T88/><D32/><U42/><E33/><V133/><F3/><W91/><G0/><T92/><D24/><U69/><E69/><V9/><F72/><W80/><G112/><T62/><D92/><U105/><E1/><V122/><F133/><W131/><G131/><T77/><D77/><N who="3" m="29769" /><G30/><T74/><D74/><U120/><E7/><V40/><F122/><W2/><G29/><T27/><D27/><U110/><E110/><V125/><F125/><W66/><G66/><N who="0" m="39191" /><D62/><U94/><E105/><V99/><F67/><W109/><G2/><T70/><D70/><U96/><E120/><V52/><F65/><W90/><G109/><T119/><D47/><N who="1" m="25847" /><E98/><V102/><F99/><W4/><G80/><T100/><D119/><U134/><E134/><V130/><F130/><W11/><G22/><T16/><D100/><AGARI ba="0,0" hai="23,25,31,51,54,57,81,83,94,96,100" m="25847" machi="100" ten="30,3900,0" yaku="8,1,52,2" doraHai="44" who="1" fromWho="0" sc="152,-39,283,39,306,0,259,0" /><INIT seed="4,0,0,2,3,11" ten="113,322,306,259" oya="0" hai0="86,8,80,77,20,75,124,16,65,18,69,44,13" hai1="41,76,60,120,97,134,101,83,71,49,26,94,67" hai2="130,0,92,29,10,132,79,88,102,112,63,123,105" hai3="99,95,36,82,56,42,113,106,98,48,31,54,117"/><T35/><D35/><U119/><E119/><V27/><F123/><W52/><G113/><T133/><D133/><U24/><E134/><V57/><F132/><W9/><G117/><T135/><D135/><U107/><E107/><V100/><F112/><W62/><G36/><T64/><D124/><U91/><E101/><V121/><F121/><W89/><G42/><T110/><D110/><U90/><E90/><V25/><F105/><W87/><G31/><T84/><D44/><U3/><E3/><V73/><F130/><W104/><G9/><T72/><D86/><U32/><E32/><V68/><F68/><W103/><REACH who="3" step="1"/><G99/><REACH who="3" ten="113,322,306,249" step="2"/><T6/><D18/><U114/><E114/><V50/><F10/><W126/><G126/><T116/><D116/><U21/><E41/><V131/><F29/><W22/><G22/><T1/><REACH who="0" step="1"/><D69/><REACH who="0" ten="103,322,306,249" step="2"/><N who="1" m="42215" /><E120/><V85/><F131/><W7/><G7/><T127/><D127/><U5/><E5/><V78/><F85/><W118/><G118/><T70/><D70/><U58/><E71/><V40/><F73/><AGARI ba="0,2" hai="1,6,8,13,16,20,64,65,72,73,75,77,80,84" machi="73" ten="40,7700,0" yaku="1,1,52,1,54,1,53,0" doraHai="11" doraHaiUra="59" who="0" fromWho="2" sc="103,97,322,0,306,-77,249,0" /><INIT seed="4,1,0,1,4,96" ten="200,322,229,249" oya="0" hai0="49,53,99,134,71,117,114,30,20,25,100,90,44" hai1="101,14,123,35,51,75,1,16,60,67,111,94,13" hai2="83,37,12,32,48,89,133,26,6,132,55,73,118" hai3="77,19,52,130,103,21,24,127,124,39,69,8,62"/><T104/><D117/><U23/><E1/><V105/><F37/><W4/><G39/><T98/><D114/><U85/><E75/><V125/><F118/><W79/><G130/><T3/><D3/><U63/><E111/><V28/><F125/><N who="3" m="48203" /><G103/><T74/><D74/><U126/><E123/><V78/><F105/><W34/><G34/><T33/><D71/><U0/><E0/><V29/><F29/><W31/><G19/><T68/><D68/><U86/><E35/><V93/><F12/><N who="3" m="5127" /><G52/><T40/><D33/><U115/><E115/><V106/><F6/><W45/><G45/><T80/><D134/><U87/><E126/><V15/><F15/><W64/><AGARI ba="1,0" hai="21,24,31,62,64,69,77,79" m="5127,48203" machi="64" ten="30,1100,0" yaku="18,1" doraHai="96" who="3" fromWho="3" sc="200,-6,322,-4,229,-4,249,14" /><INIT seed="5,0,0,4,3,76" ten="194,318,225,263" oya="1" hai0="36,103,6,25,20,128,130,32,77,86,29,57,2" hai1="30,74,92,97,21,43,68,26,24,71,123,91,120" hai2="44,8,105,85,98,66,42,81,17,121,90,134,3" hai3="14,55,46,101,12,127,122,95,39,104,49,37,64"/><U67/><E74/><V45/><F121/><W129/><G104/><T117/><D117/><U7/><E43/><V70/><F134/><W16/><G39/><T69/><D69/><U58/><E7/><V87/><F70/><W54/><G37/><T96/><D36/><U31/><E71/><V62/><F42/><W40/><G122/><T13/><D57/><U50/><E68/><V22/><F62/><W51/><G129/><N who="0" m="49771" /><D2/><U119/><E119/><V1/><F66/><W53/><G127/><T131/><D131/><U79/><E79/><V124/><F124/><W93/><G64/><T35/><D6/><U27/><E27/><V118/><F118/><W94/><G14/><T102/><D13/><U133/><E133/><V52/><F8/><W59/><REACH who="3" step="1"/><G101/><REACH who="3" ten="194,318,225,253" step="2"/><T112/><D103/><U38/><E38/><V132/><F132/><W72/><G72/><T108/><D108/><U5/><E67/><V115/><F3/><W47/><G47/><T10/><D10/><AGARI ba="0,1" hai="10,12,16,40,46,49,51,53,54,55,59,93,94,95" machi="10" ten="40,5200,0" yaku="1,1,8,1,54,1,53,0" doraHai="76" doraHaiUra="106" who="3" fromWho="0" sc="194,-52,318,0,225,0,253,62" /><INIT seed="6,0,0,3,1,8" ten="142,318,225,315" oya="2" hai0="83,27,25,43,68,96,94,126,100,3,74,2,56" hai1="14,48,61,28,131,30,32,72,78,20,76,113,67" hai2="35,70,127,71,86,97,45,87,55,107,29,1,109" hai3="19,44,22,46,31,57,53,88,80,125,24,10,4"/><V110/><F1/><W12/><G125/><T103/><D68/><N who="2" m="26154" /><F127/><W81/><G81/><T85/><D126/><U128/><E32/><V106/><F55/><W54/><G54/><T123/><D123/><U5/><E113/><V95/><F45/><W13/><G80/><T98/><D74/><U114/><E114/><V117/><F117/><W47/><G88/><T40/><D56/><N who="1" m="37287" /><E48/><V102/><F29/><W34/><REACH who="3" step="1"/><G46/><REACH who="3" ten="142,318,225,305" step="2"/><T41/><D83/><U51/><E76/><V7/><F86/><W82/><G82/><T89/><D85/><U42/><E78/><V39/><F87/><W50/><AGARI ba="0,1" hai="4,10,12,13,19,22,24,31,34,44,47,50,53,57" machi="50" ten="20,8000,1" yaku="1,1,0,1,7,1,52,2,53,0" doraHai="8" doraHaiUra="105" who="3" fromWho="3" sc="142,-20,318,-20,225,-40,305,90" /><INIT seed="7,0,0,2,2,39" ten="122,298,185,395" oya="3" hai0="4,92,115,128,18,56,121,54,17,26,68,132,97" hai1="130,75,46,85,117,104,89,67,109,13,44,32,81" hai2="36,93,72,19,84,126,10,45,24,73,71,82,8" hai3="108,131,100,5,91,11,55,88,79,41,113,129,66"/><W49/><G113/><T12/><D121/><U43/><E32/><V124/><F71/><W98/><G108/><T80/><D68/><U29/><E29/><V42/><F93/><N who="3" m="58447" /><G66/><T3/><D3/><U135/><E104/><V1/><F24/><W2/><G79/><T65/><D115/><U106/><E106/><V99/><F99/><W107/><G107/><T83/><D128/><N who="3" m="49225" /><G41/><T37/><D37/><U112/><E117/><V38/><F38/><W51/><G51/><T50/><D132/><U20/><E75/><N who="2" m="28747" /><F19/><W15/><G2/><T6/><D65/><U48/><E67/><V120/><F120/><W21/><G21/><T133/><D133/><U105/><E105/><V63/><F63/><W9/><G11/><T78/><D26/><U103/><E103/><V28/><F28/><W77/><G77/><T25/><D25/><U102/><E102/><V90/><F1/><W61/><G61/><T86/><D80/><U95/><E112/><V33/><F33/><W101/><G101/><T60/><D60/><U122/><E130/><V27/><F27/><W0/><G0/><T123/><D123/><U34/><E34/><V127/><AGARI ba="0,0" hai="8,10,36,42,45,82,84,90,124,126,127" m="28747" machi="127" ten="40,2700,0" yaku="18,1,52,1" doraHai="39" who="2" fromWho="2" sc="122,-7,298,-7,185,27,395,-13" owari="115,-38.0,291,9.0,212,-19.0,382,48.0" /></mjloggm>