<mjloggm ver="2.3"><GO type="41" lobby="0"/><UN n0="%43%61%74%2D%35%35%37" n1="%E5%B0%B1%E6%B4%BB%E7%94%9F%40%E5%B7%9D%E6%9D%91%E8%BB%8D%E5%9B%A3" n2="%E3%83%AA%E3%83%BC%E3%83%81%E3%81%8B%E3%82%89%E3%83%88%E3%82%A4%E3%83%AC" n3="%61%79%61%6D%61%64%61" dan="14,15,15,14" rate="1975.67,2094.06,1988.20,1882.64" sx="M,M,F,M"/><TAIKYOKU oya="0"/><INIT seed="0,0,0,5,2,32" ten="250,250,250,250" oya="0" hai0="87,93,20,80,128,35,131,19,29,113,99,42,56" hai1="102,48,90,44,33,114,57,133,76,69,27,61,125" hai2="1,85,62,100,8,126,45,106,78,105,66,92,88" hai3="28,60,63,58,11,26,41,112,95,39,13,7,73"/><T72/><D72/><U3/><E69/><V12/><F126/><W50/><G39/><T115/><D42/><U94/><E125/><V71/><F100/><W79/><G112/><N who="0" m="43083" /><D29/><U49/><E133/><V65/><F65/><W6/><G60/><T98/><D35/><U67/><E114/><V24/><F78/><W14/><G79/><N who="0" m="46495" /><D56/><U111/><E111/><V51/><F24/><W97/><G73/><T36/><D36/><U103/><E76/><V77/><F77/><W83/><G83/><T134/><D134/><U101/><E3/><V54/><REACH who="2" step="1"/><F1/><REACH who="2" ten="250,250,240,250" step="2"/><W117/><G117/><T68/><D68/><U0/><E0/><V22/><F22/><W127/><G127/><T64/><D64/><U116/><E116/><V132/><F132/><W86/><G26/><T10/><D20/><U129/><E27/><V84/><F84/><W118/><G118/><T23/><D23/><U108/><E33/><V107/><F107/><W34/><G34/><T15/><D99/><U43/><E108/><V110/><F110/><W30/><G86/><T52/><D98/><U123/><E103/><V18/><AGARI ba="0,1" hai="8,12,18,45,51,54,62,66,71,85,88,92,105,106" machi="18" ten="20,8000,1" yaku="1,1,0,1,7,1,54,1,53,1" doraHai="32" doraHaiUra="82" who="2" fromWho="2" sc="250,-40,250,-20,240,90,250,-20" /><INIT seed="1,0,0,5,0,99" ten="210,230,330,230" oya="1" hai0="112,71,24,127,95,47,8,2,89,83,129,94,78" hai1="120,108,105,4,113,32,38,15,9,102,92,13,68" hai2="117,90,30,133,17,39,84,109,29,74,5,88,59" hai3="104,33,58,69,53,28,77,11,100,98,87,52,35"/><U60/><E105/><V107/><F74/><W10/><G69/><T51/><D112/><U45/><E120/><V34/><F39/><W12/><G28/><T132/><D71/><U48/><E113/><V19/><F107/><W106/><G106/><T14/><D2/><U0/><E32/><V75/><F75/><W91/><G77/><T46/><D127/><U82/><E38/><V124/><F34/><W65/><G65/><T73/><D129/><U40/><E82/><V27/><F5/><W36/><G53/><T57/><D95/><U23/><E108/><V42/><F42/><W1/><G11/><T6/><D132/><U21/><E0/><V20/><F133/><W81/><G36/><T128/><D128/><U123/><E123/><V16/><F124/><W134/><G1/><T70/><D70/><U101/><E92/><N who="2" m="54279" /><F109/><W62/><G134/><T131/><D24/><U64/><REACH who="1" step="1"/><E15/><REACH who="1" ten="210,220,330,230" step="2"/><V103/><F117/><W49/><REACH who="3" step="1"/><G62/><REACH who="3" ten="210,220,330,220" step="2"/><T41/><D131/><U72/><E72/><V22/><F22/><AGARI ba="0,2" hai="4,9,13,21,22,23,40,45,48,60,64,68,101,102" machi="22" ten="40,12000,1" yaku="1,1,52,2,53,1" doraHai="99" doraHaiUra="63" who="1" fromWho="2" sc="210,0,220,140,330,-120,220,0" /><INIT seed="1,1,0,2,2,135" ten="210,360,210,220" oya="1" hai0="112,32,133,120,62,101,22,12,67,100,19,104,11" hai1="7,33,117,114,73,60,26,129,103,106,59,119,91" hai2="35,115,24,93,58,99,79,52,76,124,39,118,72" hai3="56,125,78,23,34,65,126,38,64,66,86,98,37"/><U75/><E7/><V28/><F118/><W31/><G34/><T18/><D112/><U0/><E0/><V80/><F39/><W42/><G98/><T70/><D133/><U54/><E129/><V43/><F43/><W30/><G42/><T130/><D130/><U88/><E114/><V116/><F79/><W107/><G107/><T36/><D36/><N who="3" m="13929" /><G23/><T55/><D32/><U5/><E5/><V40/><F40/><W102/><G102/><T8/><D104/><U90/><E106/><V57/><F116/><W95/><G95/><T83/><D83/><U111/><E103/><V13/><F58/><W63/><G86/><T17/><D120/><U128/><E128/><V10/><F115/><W82/><G82/><T41/><D41/><U50/><E117/><V81/><F81/><W45/><G45/><T51/><D22/><U61/><E119/><V27/><F27/><W122/><G122/><T109/><D109/><U68/><E111/><V108/><F108/><W3/><G3/><T21/><D21/><U16/><E75/><V15/><F10/><W25/><G25/><T74/><D74/><U96/><E73/><V53/><F53/><W29/><G78/><T134/><D134/><U85/><E85/><V2/><F2/><W6/><G6/><T89/><D89/><U44/><E96/><V47/><F47/><W113/><G113/><T127/><D101/><U14/><E33/><V97/><F97/><W121/><G121/><T94/><D100/><U71/><E26/><V84/><F84/><W48/><G48/><T105/><D105/><U46/><E90/><RYUUKYOKU ba="1,0" sc="210,-10,360,-10,210,-10,220,30" hai3="29,30,31,56,63,64,65,66,125,126" /><INIT seed="2,2,0,2,3,104" ten="200,350,200,250" oya="2" hai0="107,128,87,34,68,70,120,20,122,45,5,100,67" hai1="11,16,69,3,18,96,117,93,62,64,42,63,58" hai2="36,130,22,29,72,84,30,129,132,19,75,112,118" hai3="131,13,98,82,90,55,57,114,108,109,35,80,51"/><V49/><F36/><W103/><G114/><T83/><D34/><U60/><E117/><V0/><F0/><W14/><G35/><T56/><D5/><U105/><E105/><V79/><F112/><W28/><G28/><N who="2" m="10857" /><F118/><W7/><G131/><N who="2" m="50185" /><F132/><W48/><G48/><T77/><D128/><U53/><E42/><V91/><F79/><W31/><G31/><T76/><D76/><U126/><E126/><V52/><F19/><W86/><G82/><T116/><D116/><U127/><E127/><V110/><F110/><N who="3" m="42603" /><G7/><T71/><D45/><U47/><E3/><V2/><F22/><W101/><G101/><T46/><D46/><U121/><E121/><V6/><F6/><W94/><AGARI ba="2,0" hai="13,14,51,55,57,80,86,90,94,98,103" m="42603" machi="94" ten="30,1100,0" yaku="14,1" doraHai="104" who="3" fromWho="3" sc="200,-5,350,-5,200,-7,250,17" /><INIT seed="3,0,0,2,1,44" ten="195,345,193,267" oya="3" hai0="94,8,17,3,21,20,9,22,67,97,99,129,34" hai1="7,109,38,91,47,4,100,107,2,92,50,39,5" hai2="48,82,98,113,28,23,29,118,72,96,88,117,62" hai3="58,68,32,24,133,103,108,14,76,78,27,121,71"/><W120/><G103/><T132/><D67/><U10/><E109/><V74/><F113/><W53/><G108/><T87/><D34/><U55/><E100/><V114/><F114/><W52/><G14/><T127/><D3/><U59/><E107/><V40/><F62/><W75/><G58/><T61/><D61/><U106/><E106/><V15/><F15/><W69/><G133/><T19/><D132/><U46/><E46/><V90/><F23/><W41/><G41/><T56/><D56/><U110/><E110/><V73/><F73/><W18/><G18/><N who="0" m="6667" /><D127/><U43/><REACH who="1" step="1"/><E39/><REACH who="1" ten="195,335,193,267" step="2"/><V116/><F116/><W16/><G121/><T65/><D129/><U123/><E123/><V31/><F31/><W79/><G120/><T84/><D94/><U49/><E49/><V66/><F48/><W119/><G119/><T80/><D80/><U77/><E77/><V112/><F112/><W105/><G105/><T124/><D124/><U81/><E81/><V0/><F82/><W26/><G75/><T104/><D104/><U70/><E70/><V37/><F37/><W131/><G131/><T126/><D126/><U60/><E60/><V101/><F101/><W45/><G45/><T95/><D95/><U130/><E130/><V57/><F57/><W51/><G51/><T83/><D83/><U128/><E128/><V11/><F117/><W89/><G89/><T134/><D134/><U12/><E12/><V86/><F118/><W42/><G76/><T13/><D13/><U54/><E54/><V64/><F90/><W63/><G53/><T122/><D122/><U93/><E93/><RYUUKYOKU ba="0,1" sc="195,-10,335,30,193,-10,267,-10" hai1="2,4,5,7,10,38,43,47,50,55,59,91,92" /><INIT seed="4,1,1,5,1,133" ten="185,365,183,257" oya="0" hai0="90,29,37,68,112,27,53,20,132,79,12,106,101" hai1="2,88,98,49,113,36,0,72,64,15,93,86,107" hai2="30,50,1,54,56,71,82,21,115,91,89,8,40" hai3="135,76,104,35,14,75,57,5,109,67,129,41,122"/><T77/><D37/><U74/><E36/><V48/><F115/><W60/><G135/><T121/><D132/><U31/><E113/><V38/><F38/><W43/><G109/><T95/><D121/><U131/><E131/><V125/><F71/><W62/><G129/><T25/><D112/><U10/><E31/><V28/><F1/><W119/><G119/><T118/><D68/><U126/><E126/><V80/><F125/><W111/><G111/><T19/><D118/><U102/><E64/><V7/><F7/><W66/><G35/><T63/><D106/><U124/><E124/><V33/><F8/><W92/><G104/><T18/><D101/><U34/><E34/><V128/><F33/><W117/><G117/><T51/><D63/><U9/><E49/><V83/><F128/><W85/><G75/><T32/><D19/><U23/><E23/><V103/><F103/><W97/><G122/><T105/><D27/><U45/><E45/><N who="2" m="25639" /><F30/><W13/><G13/><T4/><D4/><U59/><E59/><V26/><AGARI ba="1,1" hai="21,26,28,50,54,56,80,82,83,89,91" m="25639" machi="26" ten="30,1100,0" yaku="8,1" doraHai="133" who="2" fromWho="2" sc="185,-6,365,-4,183,24,257,-4" /><INIT seed="5,0,0,5,5,135" ten="179,361,207,253" oya="1" hai0="130,129,99,100,27,121,65,111,70,74,94,23,4" hai1="52,47,102,41,31,134,11,133,125,45,71,22,46" hai2="72,40,78,86,54,21,50,60,112,73,90,101,67" hai3="28,79,58,87,33,83,80,84,89,43,63,39,9"/><U92/><E71/><V96/><F112/><W0/><G28/><T118/><D118/><U68/><E68/><V25/><F78/><W37/><G33/><T104/><D111/><U42/><E11/><V66/><F40/><W64/><G43/><N who="1" m="16394" /><E92/><V69/><F67/><W59/><G0/><T36/><D36/><U30/><E102/><V12/><F12/><W132/><G132/><N who="1" m="50794" /><E22/><V81/><F101/><W49/><G49/><T34/><D4/><U24/><E24/><V119/><F96/><W107/><G107/><T95/><D34/><U124/><E52/><V17/><REACH who="2" step="1"/><F119/><REACH who="2" ten="179,361,197,253" step="2"/><W56/><G37/><T77/><D77/><U5/><E5/><V38/><F38/><W35/><G39/><T51/><D65/><U106/><E106/><V76/><F76/><W114/><G114/><T20/><D104/><U1/><E1/><V55/><F55/><W115/><G115/><T98/><D100/><U131/><E131/><V32/><F32/><W3/><G35/><T128/><D128/><U18/><E18/><V105/><F105/><W113/><G113/><T85/><D99/><U48/><E48/><V19/><F19/><W7/><AGARI ba="0,1" hai="3,7,9,56,58,59,63,64,79,80,83,84,87,89" machi="7" ten="30,1100,0" yaku="0,1" doraHai="135" who="3" fromWho="3" sc="179,-3,361,-5,197,-3,253,21" /><INIT seed="6,0,0,5,3,50" ten="176,356,194,274" oya="2" hai0="68,80,56,105,9,45,59,36,83,30,17,67,35" hai1="58,123,18,69,7,112,24,93,26,11,102,62,57" hai2="132,2,111,79,61,78,107,1,90,86,37,133,74" hai3="25,97,96,114,10,44,108,75,48,115,64,100,27"/><V43/><F107/><W53/><G108/><T28/><D105/><U0/><E123/><V42/><F37/><W101/><G75/><T113/><D68/><U31/><E112/><N who="3" m="43050" /><G10/><T121/><D121/><U109/><E69/><V124/><F124/><W72/><G64/><T41/><D35/><U21/><E109/><V23/><F23/><W77/><G77/><N who="2" m="29193" /><F61/><W71/><G71/><T130/><D113/><U127/><E127/><V89/><F86/><W94/><G72/><T95/><D130/><U22/><E62/><V63/><F63/><W34/><G34/><T122/><D122/><U20/><E20/><V84/><F84/><W87/><G87/><T46/><D67/><U125/><E125/><V128/><F128/><W38/><G38/><T49/><D36/><U3/><E3/><N who="2" m="1035" /><F74/><W8/><G8/><T60/><D60/><U98/><AGARI ba="0,0" hai="0,7,11,18,21,22,24,26,31,57,58,93,98,102" machi="98" ten="30,1100,0" yaku="0,1" doraHai="50" who="1" fromWho="1" sc="176,-3,356,11,194,-5,274,-3" /><INIT seed="7,0,0,4,3,116" ten="173,367,189,271" oya="3" hai0="55,121,45,20,118,24,2,75,84,111,88,85,110" hai1="25,129,126,86,34,21,113,101,81,4,119,39,62" hai2="38,50,105,30,107,28,10,23,59,49,52,15,6" hai3="78,17,71,40,22,127,70,44,58,61,63,108,94"/><W96/><G78/><T9/><D118/><U18/><E39/><V66/><F38/><W79/><G127/><T117/><D117/><U80/><E113/><V5/><F66/><W92/><G92/><N who="0" m="54279" /><D121/><U114/><E114/><V87/><F107/><W76/><G108/><T99/><D75/><U69/><E129/><V133/><F105/><W12/><G71/><T82/><D2/><U104/><E4/><N who="2" m="3527" /><F133/><W7/><G7/><N who="2" m="2569" /><F87/><W41/><G70/><T56/><D111/><U67/><E126/><V72/><F72/><W68/><G68/><T54/><D110/><U134/><E134/><V33/><F33/><W0/><G0/><T64/><D9/><U120/><E120/><V13/><F50/><N who="3" m="26887" /><G41/><T46/><D99/><N who="1" m="61503" /><E86/><V122/><F122/><W115/><G115/><T132/><D132/><U91/><E91/><V60/><F49/><W1/><G1/><T42/><D42/><U26/><E119/><V35/><F35/><W128/><G128/><T130/><D130/><U93/><E93/><V14/><F23/><W3/><G3/><T32/><D32/><U123/><E123/><V51/><F51/><W90/><G63/><N who="0" m="37991" /><D45/><U43/><E43/><V74/><F74/><W73/><G73/><T37/><D46/><U109/><E109/><V103/><F103/><W112/><G112/><T124/><D124/><U8/><E8/><V95/><F95/><W102/><G102/><T31/><D37/><U98/><E98/><V36/><F36/><W19/><G19/><T47/><D47/><U125/><E125/><V27/><F30/><AGARI ba="0,0" hai="18,21,25,26,30,34,62,67,69,80,81" m="61503" machi="30" ten="30,1000,0" yaku="25,1" doraHai="116" who="1" fromWho="2" sc="173,0,367,10,189,-10,271,0" owari="173,-33.0,377,48.0,179,-22.0,271,7.0" /></mjloggm>