<mjloggm ver="2.3"><GO type="169" lobby="0"/><UN n0="%E3%82%A6%E3%83%AB%E3%83%88%E3%83%A9%E7%AB%8B%E7%9B%B4" n1="%E3%81%A9%E3%81%B0%E3%81%A8%E3%81%A1%E3%82%83%E3%82%93" n2="%73%68%75%6E%70%79" n3="%66%75%6B%75%30%32" dan="17,16,16,17" rate="2174.37,2112.33,2052.76,2114.23" sx="M,F,M,M"/><TAIKYOKU oya="0"/><INIT seed="0,0,0,3,2,102" ten="250,250,250,250" oya="0" hai0="33,95,58,50,3,57,28,74,86,66,11,111,37" hai1="126,73,13,72,125,62,25,108,128,96,104,67,76" hai2="59,12,31,47,55,135,24,56,9,100,93,34,129" hai3="123,42,32,82,22,117,18,27,83,107,109,63,101"/><T84/><D37/><U46/><E108/><V132/><F129/><W39/><G109/><T23/><D111/><U98/><E128/><V70/><F70/><W68/><G117/><T48/><D74/><U113/><E113/><V52/><F100/><W92/><G123/><T105/><D33/><U60/><E25/><V85/><F93/><W36/><G32/><T38/><D38/><U17/><E46/><V130/><F130/><W53/><G92/><T124/><D105/><U1/><E1/><V133/><F85/><W87/><G42/><T97/><D124/><N who="1" m="47723" /><E62/><V8/><F47/><W69/><G69/><T122/><D122/><U64/><E64/><V110/><F110/><W112/><G112/><T21/><D11/><N who="1" m="6335" /><E76/><V40/><F40/><W131/><G131/><T90/><D3/><U103/><E98/><V134/><N who="2" m="34304" /><DORA hai="35" /><V2/><F2/><W19/><G19/><T77/><D28/><U65/><E65/><V121/><F121/><W14/><G27/><T15/><D15/><U16/><E16/><N who="2" m="8199" /><F9/><W91/><G18/><T116/><D66/><U4/><E4/><V43/><F43/><W20/><G39/><T106/><D57/><AGARI ba="0,0" hai="57,60,67,72,73,96,103,104" m="6335,47723" machi="57" ten="30,2000,0" yaku="18,1,52,1" doraHai="102,35" who="1" fromWho="0" sc="250,-20,250,20,250,0,250,0" /><AGARI ba="0,0" hai="24,31,34,52,55,56,57,59" m="8199,34304" machi="57" ten="60,7700,0" yaku="20,1,54,2" doraHai="102,35" who="2" fromWho="0" sc="230,-77,270,0,250,77,250,0" /><INIT seed="1,0,0,4,5,65" ten="153,270,327,250" oya="1" hai0="105,45,107,119,59,51,90,38,21,2,117,62,112" hai1="29,110,104,56,6,129,122,124,43,72,81,71,95" hai2="50,99,5,46,18,125,96,101,108,27,7,40,14" hai3="87,67,10,128,17,74,97,133,69,73,121,88,13"/><U103/><E122/><V15/><F108/><W22/><G121/><T41/><D2/><U130/><E110/><V91/><F125/><W77/><G128/><N who="1" m="49258" /><E104/><V80/><F27/><W19/><G133/><T11/><D112/><U126/><E6/><V12/><F18/><W94/><G77/><T37/><D105/><U79/><E29/><V83/><F91/><W16/><G97/><N who="2" m="37449" /><F101/><W61/><REACH who="3" step="1"/><G19/><REACH who="3" ten="153,270,327,240" step="2"/><T33/><D119/><U64/><E79/><V44/><F7/><W60/><G60/><T118/><D62/><U9/><E126/><V98/><F5/><W0/><G0/><T115/><D117/><U34/><E124/><V113/><F98/><W66/><G66/><T127/><D118/><U55/><E64/><V49/><F113/><W42/><G42/><AGARI ba="0,1" hai="12,14,15,40,42,44,46,49,50,80,83" m="37449" machi="42" ten="30,1000,0" yaku="8,1" doraHai="65" who="2" fromWho="3" sc="153,0,270,0,327,20,240,-10" /><INIT seed="2,0,0,5,3,131" ten="153,270,347,230" oya="2" hai0="51,116,36,62,75,126,105,68,63,90,3,83,134" hai1="98,45,17,110,25,8,55,81,107,2,102,76,40" hai2="124,0,6,133,1,125,104,35,31,60,114,21,71" hai3="67,29,34,42,132,119,95,58,78,135,79,122,130"/><V22/><F104/><W61/><G122/><T73/><D105/><U19/><E110/><V27/><F71/><W56/><G119/><T7/><D36/><N who="1" m="21639" /><E55/><V128/><F60/><W120/><G120/><T46/><D116/><U14/><E14/><V53/><F53/><W37/><G130/><T65/><D126/><N who="2" m="48746" /><F128/><W70/><G42/><T23/><D63/><U77/><E25/><V103/><F103/><W115/><G37/><T12/><D3/><N who="2" m="1098" /><F114/><W44/><G115/><T97/><D51/><U123/><E77/><N who="3" m="29194" /><G95/><T96/><D46/><U52/><E52/><V39/><F39/><W129/><G44/><T106/><D106/><U15/><E123/><V112/><F112/><W85/><G85/><T28/><D62/><U10/><E102/><V109/><F109/><W80/><G80/><T117/><D83/><U86/><E81/><V111/><F111/><W26/><G129/><T16/><D68/><U11/><E86/><V99/><F99/><W59/><G70/><T20/><D96/><U69/><E98/><V74/><F74/><W72/><G72/><T4/><D97/><U49/><E69/><V48/><F48/><W38/><G38/><T43/><D75/><U54/><E49/><V100/><F100/><W18/><G61/><T33/><D73/><U94/><E107/><V47/><F47/><W88/><G67/><T5/><D65/><U50/><E50/><V9/><F133/><N who="3" m="51275" /><G88/><T118/><D90/><U84/><E84/><V127/><N who="2" m="48754" /><V24/><DORA hai="92" /><F24/><W87/><G87/><T64/><D134/><U121/><E121/><V13/><AGARI ba="0,0" hai="6,9,13,21,22,27,31,35" m="1098,48754" machi="13" ten="50,12000,1" yaku="5,1,18,1,34,2" doraHai="131,92" who="2" fromWho="2" sc="153,-40,270,-40,347,120,230,-40" /><INIT seed="2,1,0,2,3,80" ten="113,230,467,190" oya="2" hai0="89,98,73,76,60,45,91,75,119,35,131,10,46" hai1="28,36,95,48,71,99,97,13,59,102,21,52,126" hai2="17,12,25,11,49,66,41,124,121,77,88,135,65" hai3="57,120,16,27,2,9,108,104,112,14,55,117,110"/><V38/><F38/><W32/><G120/><T39/><D35/><U86/><E71/><V109/><F121/><W78/><G117/><T15/><D131/><U100/><E36/><V0/><F0/><W20/><G104/><T54/><D119/><U47/><E126/><V62/><F124/><W58/><G112/><T19/><D76/><U128/><E128/><V69/><F135/><W24/><G78/><T81/><D45/><U4/><E47/><V30/><F77/><W82/><G82/><T33/><D33/><U22/><E28/><V79/><F79/><W68/><G68/><T134/><D134/><U5/><E86/><V61/><F109/><N who="3" m="42091" /><G32/><T133/><D133/><U31/><E31/><V8/><F41/><W106/><G106/><T84/><D60/><U64/><E64/><V107/><F49/><N who="3" m="30959" /><G58/><T113/><D113/><U50/><E50/><V123/><F123/><W101/><G101/><T94/><REACH who="0" step="1"/><D39/><REACH who="0" ten="103,230,467,190" step="2"/><U72/><E72/><V67/><F69/><W83/><G83/><T43/><D43/><U125/><E125/><V53/><F62/><W127/><G127/><T42/><D42/><U6/><REACH who="1" step="1"/><E13/><REACH who="1" ten="103,220,467,190" step="2"/><N who="2" m="7335" /><F61/><W103/><G2/><T18/><D18/><U63/><E63/><V87/><F65/><W1/><G1/><T74/><D74/><U92/><AGARI ba="1,2" hai="4,5,6,21,22,48,52,59,92,95,97,99,100,102" machi="92" ten="30,8000,1" yaku="1,1,0,1,9,1,8,1,54,1,53,0" doraHai="80" doraHaiUra="40" who="1" fromWho="1" sc="103,-21,220,103,467,-41,190,-21" /><INIT seed="3,0,0,3,0,62" ten="82,323,426,169" oya="3" hai0="74,49,66,124,14,72,132,55,57,95,128,110,104" hai1="17,122,123,48,98,60,108,0,27,18,10,111,64" hai2="120,20,45,93,71,11,2,101,51,87,6,76,90" hai3="63,135,1,75,131,50,26,61,24,103,58,34,42"/><W83/><G1/><T112/><D104/><U121/><E98/><V125/><F71/><W102/><G135/><T32/><D132/><U54/><E27/><N who="3" m="10282" /><G75/><T56/><D32/><U92/><E92/><V126/><F120/><W16/><G131/><T79/><D124/><U91/><E91/><V9/><F20/><W80/><G34/><T116/><D116/><U12/><E17/><V129/><F129/><W100/><G16/><T35/><D35/><U94/><E94/><V39/><F101/><W38/><G38/><T105/><D105/><U99/><E99/><V82/><F11/><W40/><G50/><T30/><D30/><U134/><E0/><V85/><F39/><W33/><G33/><T69/><D128/><U106/><E106/><V68/><F68/><W41/><G58/><T3/><D69/><U7/><E18/><V67/><F125/><W31/><G31/><T113/><D3/><U114/><E114/><N who="0" m="44137" /><D14/><U133/><E133/><V115/><F126/><W130/><G130/><T119/><D119/><U22/><E134/><V117/><F115/><W19/><G19/><T109/><D95/><U107/><E107/><V15/><F117/><W97/><G97/><T88/><D88/><U29/><E29/><V89/><F2/><W4/><G4/><T36/><D36/><U46/><E22/><V78/><F89/><W73/><G73/><N who="0" m="28267" /><D79/><U21/><E21/><V8/><F78/><W86/><G86/><T23/><D23/><U127/><E127/><V13/><F76/><W84/><G84/><T52/><D55/><U47/><E47/><V81/><F45/><RYUUKYOKU ba="0,0" sc="82,10,323,10,426,-30,169,10" hai0="49,52,56,57,66,109,110" hai1="7,10,12,46,48,54,60,64,108,111,121,122,123" hai3="40,41,42,61,63,80,83,100,102,103" /><INIT seed="3,1,0,4,4,87" ten="92,333,396,179" oya="3" hai0="68,11,20,2,88,113,23,40,27,99,125,52,103" hai1="89,114,100,107,0,13,119,28,43,44,82,93,33" hai2="22,66,117,19,92,94,78,77,60,95,122,108,35" hai3="90,91,21,45,106,16,70,30,85,96,49,50,51"/><W10/><G70/><T111/><D68/><U63/><E0/><V118/><F108/><W29/><G10/><T62/><D111/><U37/><E114/><V34/><F122/><W72/><G72/><T69/><D113/><U38/><E82/><V12/><F117/><W57/><G45/><T120/><D120/><U24/><E119/><V15/><F118/><W109/><G109/><T86/><D125/><U1/><E1/><V55/><F35/><W115/><G115/><T36/><D36/><U64/><E13/><V112/><F34/><W8/><G8/><T7/><D40/><U132/><E100/><V6/><F112/><W5/><G5/><T76/><D76/><U98/><E107/><V81/><F66/><W126/><G126/><T83/><D27/><U31/><E31/><N who="3" m="11786" /><G106/><T48/><D62/><U84/><E132/><V14/><F6/><W17/><G57/><T104/><D69/><U123/><E123/><V105/><F105/><W110/><G110/><T129/><D129/><U54/><E38/><V56/><REACH who="2" step="1"/><F77/><REACH who="2" ten="92,333,386,179" step="2"/><W3/><G3/><T59/><AGARI ba="1,1" hai="2,7,11,20,23,48,52,59,83,86,88,99,103,104" machi="59" ten="20,8000,1" yaku="0,1,7,1,52,1,54,2" doraHai="87" who="0" fromWho="0" sc="92,93,333,-21,386,-21,179,-41" /><INIT seed="4,0,0,1,1,58" ten="185,312,365,138" oya="0" hai0="0,59,111,96,130,77,84,31,82,51,64,68,14" hai1="134,55,79,33,83,28,13,97,63,116,41,48,12" hai2="101,16,43,106,57,109,107,4,18,91,120,8,92" hai3="122,76,99,127,24,50,90,27,34,11,66,75,94"/><T26/><D0/><U117/><E33/><V10/><F120/><W36/><G36/><T123/><D123/><U17/><E28/><V113/><F109/><W108/><G108/><T40/><D111/><U103/><E41/><V56/><F113/><W46/><G122/><T88/><D130/><U60/><E134/><V1/><F43/><W112/><G112/><T102/><D14/><U89/><E89/><V15/><F18/><W9/><G127/><T78/><D68/><U128/><E12/><V100/><F106/><W61/><G76/><T85/><D85/><N who="1" m="48383" /><E128/><V38/><F38/><W105/><G75/><T19/><D19/><U23/><E117/><V73/><F73/><W29/><G27/><T135/><D135/><U47/><E116/><V69/><F69/><W54/><REACH who="3" step="1"/><G105/><REACH who="3" ten="185,312,365,128" step="2"/><T25/><D25/><U7/><E7/><V45/><F107/><W39/><G39/><T3/><D78/><U5/><E5/><V118/><F118/><W52/><G52/><T81/><D77/><U80/><E80/><V110/><F110/><W30/><G30/><T53/><D81/><U87/><E87/><V121/><F121/><W72/><G72/><T129/><D129/><U133/><E133/><V93/><F93/><AGARI ba="0,1" hai="13,17,23,47,48,55,60,63,93,97,103" m="48383" machi="93" ten="30,3900,0" yaku="8,1,52,2" doraHai="58" who="1" fromWho="2" sc="185,0,312,49,365,-39,128,0" /><INIT seed="5,0,0,0,1,25" ten="185,361,326,128" oya="1" hai0="48,77,27,121,82,98,100,91,65,75,111,71,120" hai1="99,64,90,81,104,96,97,87,50,92,69,118,55" hai2="124,35,43,18,29,34,37,85,83,123,23,31,122" hai3="67,40,54,78,134,28,115,13,12,74,130,51,33"/><U60/><E118/><V9/><F43/><W108/><G115/><T131/><D111/><U36/><E36/><V107/><F107/><W58/><G108/><T125/><D48/><U95/><REACH who="1" step="1"/><E104/><REACH who="1" ten="185,351,326,128" step="2"/><V42/><F37/><W114/><G114/><T135/><D121/><N who="2" m="46090" /><F42/><W113/><G40/><T17/><D120/><U127/><E127/><V73/><F124/><W132/><G113/><T66/><D125/><U30/><E30/><N who="2" m="11275" /><F85/><W119/><G119/><T89/><D75/><U22/><E22/><V3/><F73/><W14/><G74/><T32/><D131/><U61/><E61/><V72/><F72/><W128/><G130/><T2/><D135/><U7/><E7/><N who="2" m="1279" /><F83/><W4/><G132/><T93/><D82/><U102/><E102/><V19/><F23/><W126/><G134/><T79/><D100/><U52/><E52/><V80/><F80/><W15/><G126/><T49/><D49/><U8/><E8/><V24/><F24/><W110/><G128/><T41/><D27/><U10/><E10/><V133/><F133/><W62/><G110/><T63/><D63/><U39/><E39/><V109/><F109/><W53/><G4/><T103/><D103/><U101/><E101/><V0/><F0/><W105/><G105/><T46/><D2/><U94/><E94/><V44/><F44/><AGARI ba="0,1" hai="44,50,55,60,64,69,81,87,90,92,95,96,97,99" machi="44" ten="40,2000,0" yaku="1,1,53,0" doraHai="25" doraHaiUra="116" who="1" fromWho="2" sc="185,0,351,30,326,-20,128,0" /><INIT seed="5,1,0,2,1,39" ten="185,381,306,128" oya="1" hai0="131,63,35,34,90,132,98,19,88,32,28,50,116" hai1="44,110,47,64,37,122,68,120,69,111,36,125,106" hai2="112,38,24,134,74,1,10,124,65,46,7,77,80" hai3="114,84,17,101,81,113,8,104,103,53,102,130,9"/><U51/><E106/><V23/><F65/><W126/><G104/><T115/><D116/><U79/><E79/><V91/><F124/><W60/><G126/><T6/><D131/><U12/><E12/><V66/><F66/><W100/><N who="3" m="25600" /><DORA hai="95" /><W15/><G130/><T56/><D132/><U45/><E125/><V105/><F134/><W128/><G128/><T31/><D115/><N who="3" m="44041" /><G60/><T62/><D6/><U33/><E51/><V26/><F105/><W94/><G94/><T82/><D19/><U3/><E33/><V107/><F107/><W27/><G27/><T0/><D0/><U71/><E3/><V20/><F112/><W67/><G67/><T119/><D32/><U59/><E64/><V4/><F4/><W86/><G53/><T83/><D35/><U92/><E92/><V52/><F91/><N who="3" m="51599" /><G86/><T42/><D63/><U97/><E69/><V14/><F52/><W85/><G85/><T87/><D87/><U96/><E45/><V135/><F135/><W78/><G78/><T133/><D62/><U25/><E25/><N who="2" m="9835" /><F14/><W16/><G17/><T123/><D133/><U121/><E122/><V76/><F77/><W117/><G117/><T61/><D119/><U11/><E59/><V72/><F72/><W75/><G75/><T41/><D56/><U49/><E49/><V30/><F30/><W21/><AGARI ba="1,0" hai="8,9,15,16,21" m="51599,44041,25600" machi="21" ten="50,3200,0" yaku="15,1,54,1" doraHai="39,95" who="3" fromWho="3" sc="185,-9,381,-17,306,-9,128,35" /><INIT seed="6,0,0,4,5,23" ten="176,364,297,163" oya="2" hai0="40,45,39,29,52,30,25,66,48,93,33,67,110" hai1="76,89,129,62,10,28,53,96,0,109,82,63,77" hai2="133,73,37,14,7,97,21,100,59,81,44,102,43" hai3="90,20,120,55,79,9,85,69,125,32,18,46,135"/><V113/><F113/><W88/><G32/><T106/><D106/><U54/><E109/><V13/><F133/><W80/><G120/><T47/><D110/><U15/><E0/><V92/><F100/><W117/><G117/><T121/><D121/><U68/><E28/><V8/><F59/><W118/><G118/><T65/><D93/><U61/><E68/><V1/><REACH who="2" step="1"/><F21/><REACH who="2" ten="176,364,287,163" step="2"/><W12/><G135/><T16/><D33/><U27/><E129/><V58/><F58/><W99/><G69/><T87/><D66/><U104/><E63/><V36/><F36/><W70/><G70/><T127/><D39/><U123/><E62/><V17/><F17/><W128/><G128/><T111/><D67/><U130/><E61/><V86/><F86/><W42/><G20/><N who="0" m="13447" /><D65/><U49/><E130/><V126/><F126/><W116/><G125/><T35/><D35/><U2/><E123/><V4/><F4/><W98/><G116/><T132/><D127/><U72/><E72/><V122/><F122/><W51/><G99/><T71/><D71/><U94/><E96/><V119/><F119/><W74/><G74/><T105/><D132/><U64/><E64/><V41/><F41/><W114/><G114/><T57/><D111/><U134/><E134/><V115/><F115/><W84/><G98/><T6/><D6/><U103/><E103/><V19/><F19/><W107/><G107/><T5/><D105/><U56/><E104/><V78/><AGARI ba="0,1" hai="1,7,8,13,14,37,43,44,73,78,81,92,97,102" machi="78" ten="30,11700,0" yaku="1,1,0,1,25,2,53,0" doraHai="23" doraHaiUra="50" who="2" fromWho="2" sc="176,-39,364,-39,287,127,163,-39" /><INIT seed="6,1,0,2,3,122" ten="137,325,414,124" oya="2" hai0="133,31,47,104,19,38,53,56,26,22,76,103,90" hai1="124,48,21,67,52,85,17,100,15,49,84,37,11" hai2="8,87,120,93,102,134,34,30,68,114,35,58,83" hai3="40,125,81,69,108,77,113,9,79,70,118,115,75"/><V29/><F114/><N who="3" m="43531" /><G118/><T88/><D133/><U97/><E37/><V23/><F68/><N who="3" m="26219" /><G125/><T106/><D76/><U55/><E67/><V7/><F120/><W28/><G79/><T43/><D31/><U98/><E11/><V107/><F107/><W13/><G28/><T86/><D103/><U3/><E3/><V123/><F123/><W25/><G25/><T6/><D6/><U116/><E124/><V4/><F134/><W73/><G40/><T71/><D90/><U110/><E116/><V82/><F58/><W91/><G91/><T60/><REACH who="0" step="1"/><D71/><REACH who="0" ten="127,325,414,124" step="2"/><U92/><E100/><V54/><F102/><W105/><G105/><T126/><D126/><U99/><E17/><V95/><F30/><W0/><G0/><T94/><AGARI ba="1,1" hai="19,22,26,38,43,47,53,56,60,86,88,94,104,106" machi="94" ten="20,5200,0" yaku="1,1,0,1,7,1,54,1,53,0" doraHai="122" doraHaiUra="132" who="0" fromWho="0" sc="127,65,325,-14,414,-27,124,-14" /><INIT seed="7,0,0,2,0,45" ten="192,311,387,110" oya="3" hai0="116,89,29,38,121,36,93,40,131,90,109,9,122" hai1="108,134,4,28,8,27,126,110,79,32,11,64,76" hai2="102,46,112,52,80,61,103,107,51,22,99,2,13" hai3="3,58,48,91,72,41,88,17,24,117,19,0,21"/><W65/><G72/><T5/><D116/><U124/><E64/><V119/><F2/><W94/><G117/><T74/><D109/><U71/><E71/><V55/><F119/><W47/><G19/><T33/><D131/><U83/><E134/><V123/><F112/><W77/><G77/><T120/><D74/><U18/><E79/><V73/><F123/><W31/><G31/><T98/><D40/><U95/><E95/><V118/><F118/><W37/><G91/><T50/><D50/><U60/><E60/><V57/><F107/><W62/><REACH who="3" step="1"/><G37/><REACH who="3" ten="192,311,387,100" step="2"/><T30/><D90/><U113/><E76/><V135/><F73/><W39/><G39/><T23/><D30/><U69/><E18/><N who="2" m="10575" /><F135/><W56/><G56/><T15/><D33/><U92/><E28/><V54/><F80/><W42/><G42/><T114/><D114/><U82/><E32/><V115/><F115/><W59/><G59/><T10/><D10/><U104/><E8/><V43/><F99/><AGARI ba="0,1" hai="0,3,17,21,24,41,47,48,58,62,65,88,94,99" machi="99" ten="30,12000,1" yaku="1,1,7,1,52,1,54,1,53,1" doraHai="45" doraHaiUra="20" who="3" fromWho="2" sc="192,0,311,0,387,-120,100,130" /><INIT seed="7,1,0,3,5,114" ten="192,311,267,230" oya="3" hai0="16,131,111,124,78,58,31,54,91,113,108,20,2" hai1="59,47,99,43,6,84,23,75,41,27,119,34,48" hai2="71,110,1,44,22,11,101,37,36,12,97,49,50" hai3="73,102,130,14,53,28,90,123,4,128,66,38,46"/><W100/><G123/><T62/><D113/><U32/><E75/><V21/><F110/><W17/><G73/><T76/><D124/><U40/><E32/><V72/><F71/><W29/><G66/><T107/><D131/><N who="3" m="50217" /><G4/><T105/><D2/><U18/><E119/><V69/><F69/><W61/><G90/><T118/><D118/><U121/><E34/><V35/><F35/><W7/><G7/><T30/><D107/><U42/><E6/><V57/><F72/><W117/><G117/><T103/><D103/><N who="3" m="39465" /><G38/><T104/><D105/><U26/><E99/><V89/><F36/><W5/><G5/><T39/><D104/><U15/><E121/><V96/><F37/><W95/><G95/><T19/><D39/><U132/><E132/><V83/><F1/><W56/><G46/><T24/><D108/><U133/><E133/><V116/><F116/><W68/><G68/><T82/><D111/><U3/><E3/><V9/><F101/><W60/><G60/><T120/><D120/><U93/><E59/><V112/><F112/><W77/><G77/><N who="0" m="29803" /><D82/><U86/><E93/><N who="2" m="56367" /><F83/><W33/><G33/><T106/><D106/><U70/><E70/><V25/><F97/><W80/><G80/><T126/><D126/><U94/><E94/><V88/><F88/><W51/><G61/><T115/><D115/><U85/><AGARI ba="1,0" hai="15,18,23,26,27,40,41,42,43,47,48,84,85,86" machi="85" ten="30,2000,0" yaku="0,1,8,1" doraHai="114" who="1" fromWho="1" sc="192,-6,311,23,267,-6,230,-11" owari="186,-31.0,334,43.0,261,6.0,219,-18.0" /></mjloggm>