<mjloggm ver="2.3"><GO type="41" lobby="0"/><UN n0="%E3%82%A2%E3%83%AB%E3%83%87%E3%83%B3%E3%83%86" n1="%E5%B0%B1%E6%B4%BB%E7%94%9F%40%E5%B7%9D%E6%9D%91%E8%BB%8D%E5%9B%A3" n2="%E6%96%AC%E9%AC%BC%E9%83%8E" n3="%40%6E%65%78%74%40" dan="15,16,14,13" rate="2009.36,2019.04,1952.66,1873.10" sx="M,M,M,M"/><TAIKYOKU oya="0"/><INIT seed="0,0,0,5,0,46" ten="250,250,250,250" oya="0" hai0="32,133,104,114,79,39,89,25,52,116,131,6,15" hai1="121,84,77,11,44,2,53,91,85,76,73,130,7" hai2="108,9,107,67,22,102,63,29,110,112,60,95,36" hai3="5,65,55,0,26,128,48,122,118,97,99,19,42"/><T126/><D79/><U87/><E121/><V45/><F107/><W135/><G118/><T74/><D25/><U134/><E130/><V66/><F112/><W31/><G128/><T58/><D89/><U18/><E134/><V123/><F123/><W23/><G135/><T27/><D27/><U119/><E119/><V24/><F9/><W98/><G122/><T16/><D6/><U59/><E73/><V101/><F95/><W1/><G65/><T120/><D15/><U70/><E70/><V13/><F13/><W94/><G42/><T12/><D16/><U35/><E35/><V82/><F82/><W81/><G81/><T105/><D12/><U93/><E44/><V47/><F36/><W49/><G55/><T78/><D52/><U3/><E3/><V62/><F62/><W113/><G1/><T83/><D78/><U124/><E124/><V21/><REACH who="2" step="1"/><F24/><REACH who="2" ten="250,250,240,250" step="2"/><W10/><G113/><T56/><D83/><U96/><REACH who="1" step="1"/><E18/><REACH who="1" ten="250,240,240,250" step="2"/><V8/><F8/><W90/><REACH who="3" step="1"/><G19/><REACH who="3" ten="250,240,240,240" step="2"/><T34/><D116/><U20/><E20/><V75/><F75/><W106/><G106/><T103/><D74/><U68/><E68/><V61/><F61/><AGARI ba="0,3" hai="2,7,11,53,59,61,76,77,84,85,87,91,93,96" machi="61" ten="40,2600,0" yaku="1,1,53,1" doraHai="46" doraHaiUra="92" who="1" fromWho="2" sc="250,0,240,56,240,-26,240,0" /><INIT seed="1,0,0,4,2,112" ten="250,296,214,240" oya="1" hai0="76,54,33,30,26,10,0,110,87,131,46,91,120" hai1="23,81,97,100,21,88,84,79,94,64,78,44,47" hai2="34,105,96,70,86,95,51,126,71,108,85,68,22" hai3="61,59,99,45,50,14,135,69,16,82,57,133,24"/><U101/><E64/><V25/><F105/><W127/><G127/><T58/><D110/><U6/><E6/><V77/><F108/><W92/><G24/><T60/><D76/><N who="1" m="29227" /><E100/><V5/><F126/><W48/><G69/><T9/><D131/><U106/><E106/><V89/><F34/><W27/><G27/><T111/><D111/><U53/><E47/><V8/><F77/><W19/><G82/><T2/><D46/><U63/><E44/><V52/><F25/><W118/><G118/><T3/><REACH who="0" step="1"/><D120/><REACH who="0" ten="240,296,214,240" step="2"/><U104/><E104/><V90/><F22/><W123/><G45/><T73/><D73/><U31/><E31/><V116/><F116/><W29/><G29/><T117/><D117/><U122/><E122/><V4/><F96/><W1/><G123/><T98/><D98/><U28/><E28/><V113/><F113/><W49/><G99/><T83/><AGARI ba="0,1" hai="0,2,3,9,10,26,30,33,54,58,60,83,87,91" machi="83" ten="30,8000,1" yaku="1,1,0,1,53,3" doraHai="112" doraHaiUra="35" who="0" fromWho="0" sc="240,90,296,-40,214,-20,240,-20" /><INIT seed="2,0,0,5,2,14" ten="330,256,194,220" oya="2" hai0="133,72,42,94,60,51,7,63,115,95,107,16,117" hai1="28,83,125,4,47,20,74,9,12,86,122,104,54" hai2="1,25,106,64,29,113,82,123,112,65,114,105,130" hai3="68,128,79,126,132,124,27,6,76,91,17,78,37"/><V0/><F123/><W93/><G68/><T131/><D115/><U135/><E125/><V120/><F120/><W127/><G37/><T45/><D107/><U92/><E135/><V40/><F40/><W108/><G108/><T34/><D34/><U23/><E104/><V89/><F130/><W15/><G128/><T81/><D131/><U39/><E122/><V71/><F71/><W70/><G70/><T50/><D7/><U19/><E74/><V84/><F106/><W97/><G132/><T58/><D133/><U13/><E92/><N who="0" m="35369" /><D72/><U52/><E39/><V10/><F105/><W24/><REACH who="3" step="1"/><G6/><REACH who="3" ten="330,256,194,210" step="2"/><T118/><D117/><U90/><E47/><V21/><REACH who="2" step="1"/><F10/><AGARI ba="0,1" hai="10,15,17,24,27,76,78,79,91,93,97,124,126,127" machi="10" ten="50,8000,1" yaku="1,1,2,1,18,1,52,1,53,0" doraHai="14" doraHaiUra="129" who="3" fromWho="2" sc="330,0,256,0,194,-80,210,90" /><INIT seed="3,0,0,3,2,71" ten="330,256,114,300" oya="3" hai0="84,88,87,15,113,6,76,0,44,74,1,131,2" hai1="18,64,34,16,48,45,47,10,120,5,46,99,61" hai2="85,72,50,52,37,104,57,79,97,14,128,78,80" hai3="89,41,101,83,58,132,112,116,110,66,68,59,55"/><W70/><G116/><T43/><D131/><U98/><E120/><V123/><F123/><W20/><G112/><T121/><D121/><U53/><E34/><V54/><F128/><W21/><G132/><T134/><D134/><U33/><E33/><V119/><F119/><W107/><G110/><T109/><D109/><U38/><E99/><V65/><F65/><W3/><G3/><T125/><D113/><U36/><E98/><V19/><F37/><W25/><G107/><T11/><D125/><U69/><E46/><V56/><F72/><W115/><G101/><T118/><D118/><U9/><E47/><V111/><F111/><W27/><G115/><T75/><D76/><U8/><REACH who="1" step="1"/><E5/><REACH who="1" ten="330,246,114,300" step="2"/><V40/><F97/><W105/><G105/><T30/><D6/><U28/><E28/><V100/><F104/><W4/><G4/><T96/><D30/><U106/><E106/><V135/><F135/><W12/><G70/><T73/><D96/><U51/><E51/><V24/><F100/><W86/><G68/><T26/><D44/><U23/><E23/><N who="3" m="8778" /><G41/><T95/><D43/><U7/><E7/><V81/><F40/><W90/><G12/><T62/><D26/><U67/><E67/><V126/><F24/><W77/><G27/><T17/><D62/><U31/><E31/><V22/><F126/><W39/><G39/><AGARI ba="0,1" hai="8,9,10,16,18,36,38,39,45,48,53,61,64,69" machi="39" ten="40,8000,1" yaku="1,1,52,3,54,1,53,0" doraHai="71" doraHaiUra="114" who="1" fromWho="3" sc="330,0,246,90,114,0,300,-80" /><INIT seed="4,0,0,4,0,88" ten="330,336,114,220" oya="0" hai0="62,74,70,118,112,3,32,73,26,99,72,69,123" hai1="55,12,92,58,91,14,34,120,131,89,11,22,38" hai2="40,29,132,82,134,106,85,93,90,108,30,127,31" hai3="49,102,0,113,36,86,83,44,57,119,53,16,79"/><T129/><D118/><U15/><E34/><V104/><F40/><W124/><G119/><T13/><D123/><U68/><E68/><V135/><F108/><W41/><G0/><T80/><D3/><U64/><E38/><V100/><F127/><W37/><G124/><T111/><D112/><U35/><E35/><V2/><F2/><W114/><G102/><T115/><D115/><U101/><E120/><V25/><F25/><W126/><G126/><T5/><D129/><U116/><E116/><V28/><N who="2" m="7168" /><DORA hai="10" /><V125/><REACH who="2" step="1"/><F125/><REACH who="2" ten="330,336,104,220" step="2"/><W128/><G114/><T23/><D111/><U7/><E131/><V96/><AGARI ba="0,1" hai="82,85,90,93,96,100,104,106,132,134,135" m="7168" machi="96" ten="50,12000,2" yaku="1,1,2,1,0,1,20,1,52,1,53,1" doraHai="88,10" doraHaiUra="77,4" who="2" fromWho="2" sc="330,-60,336,-30,104,130,220,-30" /><INIT seed="5,0,0,2,1,18" ten="270,306,234,190" oya="1" hai0="84,121,86,56,30,107,76,26,132,27,51,75,67" hai1="25,37,61,35,90,105,63,104,113,21,79,123,3" hai2="102,130,28,71,50,17,109,111,94,52,80,47,135" hai3="29,7,64,12,119,85,2,1,127,11,9,69,125"/><U4/><E123/><V115/><F71/><W73/><G73/><T13/><D107/><U38/><E35/><V72/><F28/><W108/><G108/><T16/><D121/><U20/><E79/><V126/><F135/><W58/><G69/><T46/><D75/><U74/><E74/><V117/><F117/><W70/><G70/><T77/><D132/><U68/><E113/><V87/><F115/><W81/><G119/><T41/><D84/><U106/><E90/><V78/><F126/><W10/><G29/><T89/><D67/><U0/><E25/><N who="0" m="9225" /><D56/><U24/><E24/><V95/><F130/><W48/><G2/><N who="1" m="554" /><E4/><V110/><F72/><W5/><G11/><N who="0" m="6207" /><D30/><U92/><E92/><AGARI ba="0,0" hai="41,46,51,76,77,86,89,92" m="6207,9225" machi="92" ten="30,2000,0" yaku="8,1,54,1" doraHai="18" who="0" fromWho="1" sc="270,20,306,-20,234,0,190,0" /><INIT seed="6,0,0,2,0,67" ten="290,286,234,190" oya="2" hai0="27,20,74,5,4,38,106,34,48,94,56,78,11" hai1="97,12,6,0,40,88,114,25,100,103,43,19,84" hai2="118,63,86,18,111,57,87,110,36,22,16,47,52" hai3="33,29,104,65,102,72,46,39,61,99,121,93,7"/><V116/><F18/><W112/><G121/><T42/><D106/><U79/><E114/><V96/><F96/><W50/><G72/><T119/><D34/><U24/><E0/><V98/><F98/><W132/><G112/><T131/><D131/><U32/><E6/><V62/><F36/><W107/><G132/><T51/><D119/><N who="2" m="45610" /><F47/><W120/><G120/><T1/><D4/><U134/><E79/><V77/><F63/><W92/><G39/><T117/><D94/><N who="1" m="58423" /><E134/><V21/><F21/><W105/><G7/><T68/><D117/><U13/><E13/><N who="2" m="9487" /><F77/><W70/><G107/><T128/><D128/><U15/><E15/><V44/><F44/><W129/><G105/><T123/><D123/><U49/><E103/><V124/><F124/><W3/><G3/><T35/><D35/><U135/><E32/><V30/><F30/><W17/><G17/><T60/><D38/><U66/><E66/><V90/><F90/><W71/><G71/><T31/><D42/><N who="1" m="15915" /><E49/><V133/><F133/><W41/><REACH who="3" step="1"/><G129/><REACH who="3" ten="290,286,234,180" step="2"/><T37/><D37/><U101/><E135/><V14/><F14/><W69/><G69/><T95/><D68/><U125/><E125/><V91/><F91/><W76/><G76/><T59/><D78/><U75/><E101/><V82/><F82/><W55/><G55/><T64/><D1/><U53/><E53/><V23/><F23/><W10/><G10/><T26/><D20/><N who="1" m="11367" /><E75/><V8/><F8/><W54/><G54/><T45/><D74/><U126/><E126/><V2/><F2/><W115/><G115/><T58/><D11/><U73/><E73/><RYUUKYOKU ba="0,1" sc="290,-30,286,10,234,10,180,10" hai1="24,25,84,88" hai2="52,57,62,86,87,110,111" hai3="29,33,41,46,50,61,65,70,92,93,99,102,104" /><INIT seed="6,1,1,5,5,19" ten="260,296,244,190" oya="2" hai0="49,111,17,65,32,109,47,23,52,70,67,130,81" hai1="123,41,120,5,99,33,50,116,91,46,26,102,103" hai2="74,44,131,115,86,76,15,97,78,127,1,118,28" hai3="104,27,53,85,88,0,57,84,8,10,105,126,3"/><V89/><F118/><W13/><G126/><T25/><D130/><U114/><E5/><V2/><F127/><W21/><G85/><T54/><D81/><U75/><E75/><V39/><F131/><W30/><G10/><T66/><D32/><U6/><E6/><V45/><F115/><W77/><G77/><T106/><D106/><U87/><E116/><V63/><F97/><W133/><G133/><T62/><REACH who="0" step="1"/><D54/><REACH who="0" ten="250,296,244,190" step="2"/><U4/><E33/><V125/><F125/><W64/><G105/><T36/><D36/><U40/><E120/><V34/><F39/><W98/><G104/><T93/><D93/><U135/><E114/><V128/><F128/><W94/><G64/><AGARI ba="1,2" hai="17,23,25,47,49,52,62,64,65,66,67,70,109,111" machi="64" ten="40,8000,1" yaku="1,1,52,1,54,1,53,1" doraHai="19" doraHaiUra="56" who="0" fromWho="3" sc="250,103,296,0,244,0,190,-83" /><INIT seed="7,0,0,0,3,41" ten="353,296,244,107" oya="3" hai0="111,58,0,57,83,53,128,77,25,120,93,33,35" hai1="101,109,124,84,98,59,28,1,54,123,129,86,76" hai2="22,80,10,99,70,32,13,69,17,23,126,6,92" hai3="100,73,31,37,102,39,62,87,78,81,125,118,74"/><W127/><G118/><T71/><D111/><U60/><E1/><V16/><F126/><W88/><G31/><T36/><D71/><U24/><E123/><V42/><F32/><W3/><G3/><T103/><D120/><U91/><E109/><V47/><F80/><N who="3" m="49255" /><G62/><T61/><D36/><U50/><E129/><V114/><F114/><W20/><G20/><T135/><D128/><U110/><E110/><V51/><F23/><W45/><G45/><T30/><D135/><U117/><E117/><V131/><F131/><W29/><G29/><T108/><D108/><U56/><E76/><V11/><F11/><W2/><G2/><T132/><D132/><U75/><E75/><N who="3" m="28682" /><G39/><T96/><D0/><U85/><E124/><N who="3" m="47690" /><G37/><T94/><D58/><U90/><E56/><V82/><F6/><W34/><G34/><T119/><D119/><U52/><E54/><V7/><F7/><W79/><G79/><T49/><D35/><U4/><E4/><V27/><REACH who="2" step="1"/><F82/><REACH who="2" ten="353,296,234,107" step="2"/><W48/><G48/><T121/><D83/><U68/><E50/><V89/><AGARI ba="0,1" hai="10,13,16,17,22,27,42,47,51,69,70,89,92,99" machi="89" ten="20,16000,3" yaku="1,1,2,1,0,1,7,1,52,1,54,1,53,2" doraHai="41" doraHaiUra="15" who="2" fromWho="2" sc="353,-40,296,-40,234,170,107,-80" owari="313,11.0,256,-14.0,404,50.0,27,-47.0" /></mjloggm>