<mjloggm ver="2.3"><GO type="97" lobby="0"/><UN n0="%E5%B0%B1%E6%B4%BB%E7%94%9F%40%E5%B7%9D%E6%9D%91%E8%BB%8D%E5%9B%A3" n1="%E6%8D%A8%E3%81%A6%E5%9E%A2%30%34" n2="%E3%80%93%E3%82%A2%E3%83%AB%E3%83%9F%E3%82%B0%E3%83%A9%E3%82%B9%E3%80%93" n3="%E6%98%8E%E6%B2%BB%E3%81%AE%E9%9D%A9%E5%91%BD%E5%85%90" dan="14,13,15,14" rate="1993.00,1861.20,1981.40,1968.93" sx="M,M,M,F"/><TAIKYOKU oya="0"/><INIT seed="0,0,0,1,1,90" ten="250,250,250,250" oya="0" hai0="135,110,35,72,67,43,14,133,63,15,8,28,24" hai1="82,70,91,122,7,78,81,109,0,26,50,11,48" hai2="119,134,115,55,107,9,46,69,60,52,10,93,106" hai3="101,118,114,1,6,129,117,86,12,89,131,76,88"/><T19/><D72/><U75/><E122/><V45/><F115/><W65/><G1/><T94/><D43/><U121/><E121/><V74/><F74/><W116/><G114/><T68/><D110/><U79/><E109/><V25/><F134/><W112/><G112/><T120/><D120/><U130/><E70/><V98/><F119/><W44/><G65/><T37/><D37/><U62/><E130/><N who="3" m="49674" /><G44/><N who="2" m="17001" /><F69/><W16/><G6/><T97/><REACH who="0" step="1"/><D14/><REACH who="0" ten="240,250,250,250" step="2"/><U56/><E26/><V100/><F107/><W3/><G3/><T92/><D92/><U103/><E103/><AGARI ba="0,1" hai="8,15,19,24,28,35,63,67,68,94,97,103,133,135" machi="103" ten="40,3900,0" yaku="1,1,52,1,53,0" doraHai="90" doraHaiUra="33" who="0" fromWho="1" sc="240,49,250,-39,250,0,250,0" /><INIT seed="0,1,0,5,1,85" ten="289,211,250,250" oya="0" hai0="79,19,51,103,70,15,17,127,126,9,28,84,62" hai1="43,55,83,95,30,100,63,11,98,49,59,120,40" hai2="68,91,32,117,129,65,115,41,101,60,77,42,47" hai3="81,132,114,31,27,61,6,14,74,64,107,75,110"/><T133/><D103/><U50/><E120/><V123/><F123/><W130/><G114/><T44/><D28/><U53/><E30/><V37/><F115/><W0/><G107/><T10/><D133/><U36/><E36/><V113/><F113/><W12/><G132/><T109/><D109/><U78/><E11/><V2/><F32/><N who="3" m="20607" /><G12/><T18/><D70/><U121/><E121/><V106/><F2/><W4/><G14/><T104/><D62/><U135/><E135/><V66/><F77/><N who="3" m="44215" /><G4/><T71/><D71/><U80/><E63/><V7/><F7/><W33/><G110/><T8/><D104/><U38/><E38/><V73/><F73/><W21/><G21/><T97/><D97/><U96/><E96/><V69/><F117/><W93/><G93/><T46/><D15/><U82/><REACH who="1" step="1"/><E78/><REACH who="1" ten="289,201,250,250" step="2"/><V102/><F106/><W25/><G61/><T108/><D108/><U116/><E116/><V26/><F60/><W24/><G33/><T3/><D3/><U87/><E87/><V52/><F37/><W128/><G0/><T1/><D1/><U54/><E54/><V124/><F52/><W112/><G75/><T29/><D29/><U34/><E34/><V67/><F67/><W119/><G64/><T5/><D5/><U89/><E89/><V94/><F65/><W118/><G6/><T72/><D72/><U35/><E35/><V86/><F66/><W88/><G112/><T57/><D79/><U22/><E22/><V58/><F91/><W20/><G88/><T99/><D84/><U111/><E111/><V131/><F86/><W90/><G90/><RYUUKYOKU ba="1,1" sc="289,-10,201,30,250,-10,250,-10" hai1="40,43,49,50,53,55,59,80,82,83,95,98,100" /><INIT seed="1,2,1,5,1,64" ten="279,231,240,240" oya="1" hai0="30,95,33,39,44,117,80,40,66,88,12,114,51" hai1="9,96,75,132,38,82,86,21,72,118,1,83,15" hai2="16,67,14,61,48,76,37,23,46,87,19,63,77" hai3="71,78,119,105,130,97,70,85,113,108,74,134,109"/><U84/><E38/><V135/><F37/><W53/><G85/><T52/><D117/><U104/><E1/><V11/><F135/><W73/><G53/><T8/><D114/><U81/><E21/><V90/><F19/><W123/><G78/><N who="2" m="30313" /><F67/><W56/><G56/><T22/><D66/><U93/><E9/><V10/><F23/><W127/><G97/><T36/><D33/><U69/><E15/><V43/><F10/><W121/><G105/><T4/><D80/><AGARI ba="2,1" hai="11,14,16,43,46,48,61,63,80,87,90" m="30313" machi="80" ten="30,2000,0" yaku="8,1,54,1" doraHai="64" who="2" fromWho="0" sc="279,-26,231,0,240,36,240,0" /><INIT seed="2,0,0,1,5,87" ten="253,231,276,240" oya="2" hai0="12,42,105,58,30,33,32,11,26,66,114,56,79" hai1="102,131,86,82,37,80,29,94,3,89,107,88,5" hai2="36,41,113,73,28,31,14,104,0,108,13,120,116" hai3="57,112,92,125,117,71,67,53,100,101,2,38,75"/><V130/><RYUUKYOKU type="yao9" ba="0,0" sc="253,0,231,0,276,0,240,0" hai2="0,13,14,28,31,36,41,73,104,108,113,116,120,130" /><INIT seed="2,1,0,2,3,70" ten="253,231,276,240" oya="2" hai0="16,95,56,101,76,121,69,55,92,24,109,29,57" hai1="114,33,21,20,127,18,10,130,6,39,54,75,82" hai2="7,52,90,131,51,41,132,71,96,108,5,14,25" hai3="63,45,78,22,124,66,122,88,103,85,81,9,104"/><V106/><F71/><W2/><G122/><T13/><D69/><U31/><E39/><V133/><F131/><W73/><G124/><T83/><D121/><U119/><E75/><V77/><F108/><W49/><G22/><N who="1" m="8810" /><E82/><V98/><F77/><W61/><G2/><T107/><D109/><U128/><E54/><V43/><F25/><W86/><G9/><T93/><D107/><U125/><E119/><V118/><F118/><W42/><G66/><T15/><D101/><U64/><E64/><V53/><F90/><W135/><G135/><N who="2" m="51785" /><F14/><W116/><G116/><T89/><D15/><N who="1" m="5591" /><E114/><V94/><F106/><W12/><G12/><T34/><D89/><U58/><E58/><N who="2" m="33055" /><F53/><W46/><G46/><T8/><REACH who="0" step="1"/><D55/><REACH who="0" ten="243,231,276,240" step="2"/><U3/><E3/><V23/><F98/><W74/><G104/><T0/><D0/><U113/><E113/><V105/><F105/><W99/><G103/><T102/><D102/><U68/><E68/><V123/><F123/><W117/><G117/><T84/><AGARI ba="1,1" hai="8,13,16,24,29,34,56,57,76,83,84,92,93,95" machi="84" ten="30,4000,0" yaku="1,1,0,1,54,1,53,0" doraHai="70" doraHaiUra="19" who="0" fromWho="0" sc="243,53,231,-11,276,-21,240,-11" /><INIT seed="3,0,0,0,0,54" ten="296,220,255,229" oya="3" hai0="99,97,111,117,36,76,60,131,67,84,14,50,45" hai1="1,124,95,121,32,127,33,87,81,27,68,22,123" hai2="16,125,92,129,44,41,53,18,103,25,0,58,52" hai3="96,128,74,114,65,70,17,59,9,108,31,64,15"/><W63/><G114/><T3/><D3/><U35/><E68/><V112/><F112/><W100/><G74/><T110/><D36/><U38/><E38/><V102/><F0/><W46/><G128/><T51/><D131/><U105/><E105/><V82/><F129/><W130/><G130/><T113/><D117/><U47/><E95/><V132/><F132/><W6/><G108/><N who="0" m="41515" /><D14/><U106/><E106/><V28/><F125/><N who="1" m="48201" /><E1/><V49/><F82/><W13/><G31/><T5/><D5/><U116/><E116/><V61/><F41/><W80/><G80/><N who="0" m="47111" /><D113/><U73/><E47/><V134/><F134/><W69/><G46/><T21/><D21/><U71/><E71/><V89/><F28/><W48/><G48/><N who="0" m="18475" /><D45/><U55/><E55/><V57/><F44/><W120/><G120/><N who="1" m="46154" /><E73/><V26/><F26/><W94/><G65/><T118/><D118/><U75/><E75/><V126/><F126/><W23/><AGARI ba="0,0" hai="6,9,13,15,17,23,59,63,64,69,70,94,96,100" machi="23" ten="20,3900,0" yaku="0,1,7,1,52,1" doraHai="54" who="3" fromWho="3" sc="296,-13,220,-13,255,-13,229,39" /><INIT seed="3,1,0,5,5,93" ten="283,207,242,268" oya="3" hai0="89,32,109,27,116,16,49,20,50,106,10,56,75" hai1="62,19,60,112,110,126,74,46,134,76,8,7,22" hai2="115,14,108,52,85,79,44,3,129,30,23,11,131" hai3="102,2,72,87,47,127,135,21,80,35,36,122,12"/><W45/><G35/><T100/><D116/><U66/><E112/><V29/><F115/><W120/><G2/><T25/><D75/><U24/><E126/><V132/><F3/><W1/><G1/><T84/><D109/><U82/><E134/><V121/><F108/><W38/><G72/><T104/><D10/><U91/><E110/><V37/><F132/><W34/><G135/><T33/><D106/><U40/><E91/><V125/><F125/><W113/><G34/><T61/><D100/><U111/><E111/><V73/><F73/><W71/><G127/><T15/><D104/><U53/><E53/><V13/><F121/><W68/><G113/><T70/><D70/><U48/><E66/><V6/><F14/><W4/><G68/><T69/><D69/><U65/><E65/><V97/><F23/><W88/><G71/><T101/><D101/><U90/><E90/><V26/><F26/><N who="0" m="9738" /><D32/><U63/><REACH who="1" step="1"/><E60/><REACH who="1" ten="283,197,242,268" step="2"/><V83/><F131/><W39/><G122/><T31/><D33/><U128/><E128/><V78/><F129/><W9/><G120/><T118/><D118/><U43/><E43/><V59/><F78/><W55/><G38/><T94/><D31/><N who="2" m="11786" /><F37/><W124/><G36/><T103/><D103/><U64/><E64/><AGARI ba="1,1" hai="15,16,20,49,50,56,61,64,84,89,94" m="9738" machi="64" ten="30,2000,0" yaku="8,1,54,1" doraHai="93" who="0" fromWho="1" sc="283,33,197,-23,242,0,268,0" owari="316,42.0,174,-33.0,242,-16.0,268,7.0" /></mjloggm>