<mjloggm ver="2.3"><GO type="225" lobby="0"/><UN n0="%E9%95%B7%E5%B7%9E%E3%81%AE%E5%85%8B" n1="%E5%B0%B1%E6%B4%BB%E7%94%9F%40%E5%B7%9D%E6%9D%91%E8%BB%8D%E5%9B%A3" n2="%E8%92%BC%E8%A1%A3%E9%88%B4" n3="%E7%99%BD%E6%B2%B3%E3%81%84%E3%81%8A%E3%82%8A" dan="17,16,16,17" rate="2194.60,2089.05,2049.04,2123.26" sx="M,M,F,F"/><TAIKYOKU oya="0"/><INIT seed="0,0,0,0,1,13" ten="250,250,250,250" oya="0" hai0="8,115,104,17,16,126,83,18,33,45,72,63,66" hai1="135,90,1,131,64,87,48,73,95,119,49,103,101" hai2="102,123,86,30,62,134,56,32,111,107,60,106,27" hai3="25,53,15,67,109,85,26,43,9,125,128,94,100"/><T118/><D104/><U3/><E119/><V108/><F123/><W34/><G109/><N who="2" m="42057" /><F134/><W50/><G128/><T52/><D118/><U0/><E73/><V41/><F41/><W68/><G43/><T61/><D33/><U110/><E135/><V65/><F102/><W105/><G125/><T39/><D115/><U5/><E131/><V10/><F86/><W47/><G105/><N who="2" m="39945" /><F62/><W21/><G34/><T38/><D126/><U4/><E110/><V22/><F10/><W35/><G35/><AGARI ba="0,0" hai="22,27,30,32,35,56,60,65" m="39945,42057" machi="35" ten="30,1000,0" yaku="14,1" doraHai="13" who="2" fromWho="3" sc="250,0,250,0,250,10,250,-10" /><INIT seed="1,0,0,0,4,54" ten="250,250,260,240" oya="1" hai0="71,4,99,39,46,127,130,24,26,14,17,10,128" hai1="121,59,132,38,18,80,13,55,109,32,110,114,44" hai2="57,131,8,3,47,61,40,107,45,0,2,68,63" hai3="120,12,103,105,66,86,76,100,125,58,36,118,52"/><U29/><E121/><V23/><F107/><W95/><G120/><T91/><D71/><U11/><E114/><V56/><F131/><N who="0" m="50218" /><D127/><U33/><E132/><V117/><F117/><W20/><G36/><T64/><D64/><U101/><E101/><V123/><F123/><W77/><G125/><T81/><D4/><U72/><E29/><V84/><F68/><W74/><G66/><T7/><D7/><U48/><E72/><V41/><F8/><W88/><G118/><T34/><D34/><U119/><E119/><V67/><F23/><W42/><G42/><N who="2" m="16489" /><F84/><W98/><G103/><T96/><D46/><N who="2" m="17418" /><F67/><W5/><G74/><T16/><D39/><U35/><REACH who="1" step="1"/><E80/><REACH who="1" ten="250,240,260,240" step="2"/><V122/><F122/><W51/><REACH who="3" step="1"/><G5/><REACH who="3" ten="250,240,260,230" step="2"/><T60/><D17/><AGARI ba="0,2" hai="12,17,20,51,52,58,76,77,86,88,95,98,100,105" machi="17" ten="40,16000,3" yaku="1,1,2,1,25,2,52,1,54,2,53,1" doraHai="54" doraHaiUra="82" who="3" fromWho="0" sc="250,-160,240,0,260,0,230,180" /><INIT seed="2,0,0,1,1,23" ten="90,240,260,410" oya="2" hai0="67,90,84,85,12,63,41,32,114,110,127,93,69" hai1="0,102,55,100,19,73,14,122,30,43,94,95,17" hai2="124,87,11,6,104,25,76,38,97,27,16,33,52" hai3="115,77,42,7,135,65,121,10,68,112,20,44,3"/><V131/><F38/><W128/><G121/><T4/><D110/><U26/><E0/><V61/><F124/><W60/><G135/><T59/><D114/><U105/><E73/><V80/><F131/><W66/><G66/><T71/><D32/><U31/><E122/><V99/><F104/><W22/><G128/><T58/><D127/><U36/><E36/><V18/><F33/><W29/><G22/><T15/><D41/><U13/><E43/><V78/><F78/><W51/><G77/><T21/><D15/><U54/><E105/><V116/><F116/><W8/><G8/><T45/><D45/><U89/><E89/><V34/><F34/><W92/><G92/><T53/><D84/><U64/><E64/><V117/><F117/><W109/><G109/><T57/><D71/><U125/><E125/><V50/><F61/><W40/><G40/><T81/><D81/><U9/><E9/><V75/><F75/><W133/><G133/><T91/><D90/><U96/><E96/><N who="2" m="36939" /><F11/><W5/><G10/><T62/><D4/><U134/><E134/><V113/><F113/><N who="3" m="43595" /><G3/><T126/><D126/><U47/><E47/><N who="2" m="27743" /><F6/><W39/><G39/><T49/><REACH who="0" step="1"/><D62/><REACH who="0" ten="80,240,260,410" step="2"/><U2/><E2/><V88/><F76/><W132/><G132/><T108/><D108/><U106/><E106/><V123/><F123/><W56/><G68/><T103/><D103/><U46/><E46/><V83/><F83/><W35/><G35/><T120/><D120/><U111/><E111/><V130/><F130/><W118/><G118/><T74/><D74/><U37/><E37/><V79/><F79/><RYUUKYOKU ba="0,1" sc="80,0,240,0,260,0,410,0" hai0="12,21,49,53,57,58,59,63,67,69,85,91,93" hai1="13,14,17,19,26,30,31,54,55,94,95,100,102" hai2="16,18,25,27,80,87,88" hai3="5,7,20,29,42,44,51,56,60,65" /><INIT seed="2,1,1,2,5,1" ten="80,240,260,410" oya="2" hai0="21,53,113,112,56,131,49,87,3,59,95,34,47" hai1="35,104,60,65,122,105,29,24,71,2,133,126,61" hai2="93,101,111,100,4,32,51,12,83,94,28,27,52" hai3="123,18,66,9,14,48,50,117,88,77,22,57,85"/><V58/><F111/><W17/><G123/><T86/><D34/><U125/><E122/><V76/><F101/><W89/><G117/><T44/><D21/><U75/><E75/><V33/><F33/><W134/><G77/><T39/><D3/><U84/><E133/><V8/><REACH who="2" step="1"/><F100/><REACH who="2" ten="80,240,250,410" step="2"/><W46/><G134/><T7/><D131/><U115/><E115/><V70/><F70/><W55/><G66/><T10/><D112/><U116/><E116/><V127/><F127/><N who="1" m="48649" /><E2/><V67/><F67/><W103/><G103/><T91/><D113/><U0/><E0/><V124/><F124/><W13/><G85/><AGARI ba="1,2" hai="4,8,12,27,28,32,51,52,58,76,83,85,93,94" machi="85" ten="30,11600,0" yaku="1,1,7,1,52,1,54,1,53,0" doraHai="1" doraHaiUra="98" who="2" fromWho="3" sc="80,0,240,0,250,139,410,-119" /><INIT seed="2,2,0,4,0,126" ten="80,240,389,291" oya="2" hai0="36,21,56,0,105,132,70,121,22,92,69,80,19" hai1="96,111,90,60,27,129,62,78,28,82,42,63,131" hai2="13,113,23,73,54,47,117,124,25,8,128,99,37" hai3="35,20,61,65,32,31,103,15,43,53,122,64,49"/><V108/><F128/><N who="1" m="49225" /><E111/><V34/><F34/><W106/><G43/><T39/><D0/><U86/><E42/><V41/><F113/><W4/><G65/><T123/><D105/><U40/><E40/><V98/><F117/><W6/><G6/><T133/><D80/><U72/><E96/><V1/><F73/><W3/><G3/><T10/><D92/><N who="1" m="54359" /><E63/><V67/><F1/><W120/><G103/><T85/><D56/><U29/><E29/><V94/><F67/><W58/><G106/><T2/><D85/><U44/><E44/><V75/><F75/><W14/><G31/><T81/><D2/><U125/><E125/><V110/><F124/><W112/><G112/><T48/><D81/><U87/><E87/><V93/><F54/><W118/><G118/><T79/><D48/><U52/><E52/><V77/><F98/><W12/><G120/><T88/><D79/><U5/><E5/><N who="2" m="3215" /><F77/><W95/><G122/><T7/><D7/><U26/><E26/><V114/><F99/><W46/><G4/><T38/><D10/><U84/><E72/><V134/><F114/><W101/><G32/><AGARI ba="2,0" hai="27,28,32,60,62,78,82,84" m="54359,49225" machi="32" ten="30,7700,0" yaku="19,1,52,3" doraHai="126" who="1" fromWho="3" sc="80,0,240,83,389,0,291,-83" /><INIT seed="3,0,0,2,2,42" ten="80,323,389,208" oya="3" hai0="43,117,48,49,65,67,51,11,40,131,17,19,10" hai1="58,36,39,70,125,45,95,14,47,35,52,100,113" hai2="63,32,127,4,57,7,24,112,105,87,22,46,98" hai3="133,18,129,75,109,1,121,68,38,88,54,23,108"/><W30/><G121/><T102/><D117/><U122/><E35/><V74/><F74/><W64/><G1/><T25/><D131/><U53/><E122/><V69/><F112/><W91/><G75/><T50/><D102/><U61/><E113/><V118/><F118/><W104/><G104/><T15/><N who="0" m="12288" /><DORA hai="103" /><T120/><D120/><U79/><E125/><V41/><F32/><W44/><G30/><T107/><D25/><U33/><E33/><V76/><F69/><W5/><G5/><T128/><D128/><U3/><E3/><V130/><F127/><W27/><G54/><T71/><D71/><U135/><E135/><V86/><F130/><W84/><G133/><T6/><D6/><U34/><E34/><V89/><F76/><W37/><G37/><T94/><D94/><U59/><E70/><V124/><F124/><W72/><G72/><T29/><D29/><U97/><E79/><V134/><F134/><W96/><G129/><T81/><D81/><U110/><E110/><N who="3" m="42602" /><G68/><T85/><D85/><U21/><E39/><V12/><F105/><W111/><G111/><T126/><D126/><U16/><E36/><V0/><F0/><W132/><G38/><T106/><D107/><U26/><E26/><V80/><F4/><W116/><G84/><T92/><D92/><U62/><AGARI ba="0,0" hai="14,16,21,45,47,52,53,58,59,61,62,95,97,100" machi="62" ten="20,16000,3" yaku="0,1,7,1,9,1,8,1,52,2,54,2" doraHai="42,103" who="1" fromWho="1" sc="80,-40,323,160,389,-40,208,-80" owari="40,-46.0,483,58.0,349,15.0,128,-27.0" /></mjloggm>