<mjloggm ver="2.3"><GO type="169" lobby="0"/><UN n0="%E3%82%A6%E3%83%AB%E3%83%88%E3%83%A9%E7%AB%8B%E7%9B%B4" n1="%E3%83%AD%E3%83%83%E3%83%86%E9%9B%80%E7%90%83" n2="%E6%9D%91%E5%85%AB%E5%88%86" n3="%4E%47%EF%BC%A0%E5%B7%9D%E6%9D%91%E8%BB%8D%E5%9B%A3" dan="17,16,17,17" rate="2209.23,2120.62,2156.94,2175.64" sx="M,M,M,M"/><TAIKYOKU oya="0"/><INIT seed="0,0,0,4,4,42" ten="250,250,250,250" oya="0" hai0="27,35,92,132,62,103,117,2,28,8,104,127,30" hai1="26,93,31,18,124,52,89,133,23,32,94,71,1" hai2="129,99,61,60,76,119,96,6,49,113,123,97,102" hai3="90,25,39,118,70,38,20,46,10,4,54,63,87"/><T43/><D117/><U37/><E124/><V24/><F113/><W19/><G118/><T125/><D104/><U77/><E133/><V12/><F119/><W105/><G105/><T86/><D132/><U66/><E1/><V135/><F135/><W81/><G70/><T79/><D30/><U58/><E37/><V51/><F123/><W36/><G63/><N who="2" m="24137" /><F129/><W22/><G20/><T126/><D43/><U9/><E71/><V121/><F121/><W73/><G73/><T55/><D79/><U41/><E41/><V59/><F76/><W101/><G101/><T40/><D40/><U5/><E66/><V106/><F106/><W68/><G68/><T47/><D62/><N who="1" m="36167" /><E32/><V13/><F102/><W128/><G128/><T108/><D108/><U48/><E77/><V109/><F109/><W110/><G110/><T16/><D2/><U44/><E5/><V85/><F24/><W88/><G90/><N who="0" m="53335" /><D103/><U130/><E130/><V3/><F3/><W57/><G39/><T21/><D35/><U17/><E89/><V67/><F85/><W91/><G91/><T75/><D75/><U33/><E33/><V64/><F6/><W53/><G38/><T72/><D72/><U120/><E120/><V80/><F51/><N who="3" m="28919" /><G36/><T65/><D65/><U115/><E115/><V111/><F111/><W82/><G4/><T29/><D8/><U50/><E9/><V56/><F67/><W15/><G10/><T114/><D114/><U14/><E31/><V84/><F64/><W98/><G98/><T74/><D74/><U45/><E50/><AGARI ba="0,0" hai="16,21,27,28,29,47,50,55,125,126,127" m="53335" machi="50" ten="30,5800,0" yaku="18,1,52,1,54,1" doraHai="42" who="0" fromWho="1" sc="250,58,250,-58,250,0,250,0" /><INIT seed="0,1,0,0,1,59" ten="308,192,250,250" oya="0" hai0="67,15,116,55,52,115,127,134,128,43,70,11,49" hai1="91,135,50,126,105,66,130,21,31,18,6,61,3" hai2="118,56,71,53,58,9,63,133,132,62,107,34,109" hai3="90,51,17,33,42,22,84,10,65,26,32,88,1"/><T8/><D116/><U125/><E135/><N who="2" m="51787" /><F118/><W20/><G22/><T23/><D115/><U29/><E130/><V102/><F34/><W121/><G121/><T48/><D134/><U78/><E105/><V114/><F114/><W80/><G90/><T16/><D128/><U77/><E50/><V122/><F122/><W36/><G36/><T106/><D106/><U27/><E6/><V35/><F35/><W112/><G112/><T98/><D127/><N who="1" m="48651" /><E3/><V104/><F109/><W12/><G1/><T28/><D43/><U41/><E41/><V99/><F71/><W82/><G82/><T64/><D98/><U119/><E91/><V111/><F111/><W110/><G110/><T76/><D76/><N who="1" m="29291" /><E119/><V39/><F39/><W113/><G113/><T131/><D131/><U69/><AGARI ba="1,0" hai="18,21,27,29,31,61,66,69" m="29291,48651" machi="69" ten="30,2000,0" yaku="18,1,52,1" doraHai="59" who="1" fromWho="1" sc="308,-11,192,23,250,-6,250,-6" /><INIT seed="1,0,0,3,0,82" ten="297,215,244,244" oya="1" hai0="110,115,125,128,50,62,60,59,41,30,120,19,13" hai1="89,124,21,12,117,53,81,35,69,132,49,54,17" hai2="90,51,80,134,101,70,108,121,16,94,63,66,135" hai3="98,114,2,24,56,52,72,107,123,7,58,78,88"/><U33/><E117/><V99/><F121/><W32/><G123/><T22/><D115/><U84/><E124/><V75/><F108/><W130/><G114/><T0/><D0/><U93/><E132/><N who="2" m="50731" /><F51/><W122/><G122/><T39/><D120/><U133/><E133/><V116/><F116/><W119/><G119/><T29/><D110/><U34/><E69/><V104/><F16/><W74/><G78/><T64/><D39/><U47/><REACH who="1" step="1"/><E81/><REACH who="1" ten="297,205,244,244" step="2"/><V68/><F68/><W103/><G130/><T102/><D128/><U6/><E6/><V25/><F70/><W28/><G7/><T118/><D118/><U91/><E91/><V42/><F90/><W31/><G88/><T127/><D125/><U95/><E95/><V61/><F94/><W9/><G107/><T40/><D127/><U97/><E97/><V57/><F104/><W96/><G96/><T10/><D102/><U92/><E92/><V14/><F99/><W73/><G98/><T71/><D71/><U86/><E86/><V43/><F101/><W26/><G103/><T112/><D112/><U77/><E77/><V38/><F80/><W27/><G74/><T65/><D29/><U8/><E8/><V48/><F75/><W18/><G73/><T100/><D30/><U23/><E23/><V113/><F113/><W44/><G72/><T126/><D22/><U85/><E85/><V3/><F42/><AGARI ba="0,1" hai="12,17,21,33,34,35,42,47,49,53,54,84,89,93" machi="42" ten="40,3900,0" yaku="1,1,52,1,53,0" doraHai="82" doraHaiUra="55" who="1" fromWho="2" sc="297,0,205,49,244,-39,244,0" /><INIT seed="1,1,0,2,4,131" ten="297,254,205,244" oya="1" hai0="123,50,84,21,132,113,0,37,41,99,48,53,45" hai1="77,88,107,16,22,120,17,61,109,126,102,110,125" hai2="24,108,4,133,119,60,121,78,35,86,101,33,3" hai3="100,36,47,79,58,8,89,38,7,12,93,46,52"/><U29/><E120/><V81/><F121/><W94/><G79/><T30/><D0/><U111/><E77/><V2/><F119/><W49/><G100/><T87/><D113/><U40/><E40/><V122/><F122/><W39/><REACH who="3" step="1"/><G94/><REACH who="3" ten="297,254,205,234" step="2"/><T19/><D123/><U31/><E102/><V11/><F101/><W25/><G25/><T90/><D90/><U80/><E107/><V26/><F78/><W1/><G1/><T130/><D130/><U54/><E88/><V57/><F3/><W76/><G76/><T59/><D87/><AGARI ba="1,1" hai="7,8,12,36,38,39,46,47,49,52,58,87,89,93" machi="87" ten="40,2600,0" yaku="1,1,54,1,53,0" doraHai="131" doraHaiUra="112" who="3" fromWho="0" sc="297,-29,254,0,205,0,234,39" /><INIT seed="2,0,0,1,0,55" ten="268,254,205,273" oya="2" hai0="61,77,41,3,94,62,8,131,85,44,99,90,111" hai1="95,71,113,89,81,36,50,47,65,49,12,130,6" hai2="4,46,66,13,23,57,126,119,91,104,98,20,124" hai3="45,42,24,27,51,5,26,16,30,54,108,35,116"/><V14/><F119/><W72/><G72/><T0/><D111/><U112/><E81/><V18/><F46/><W1/><G116/><T132/><D131/><U129/><E12/><V110/><F110/><W31/><G108/><T67/><D132/><U125/><E89/><V82/><F104/><W93/><G93/><T105/><D8/><U7/><E95/><V74/><F74/><W133/><G133/><T100/><D77/><U68/><E47/><V32/><F32/><W92/><G92/><T101/><D101/><U86/><E86/><N who="2" m="50647" /><F98/><W135/><G135/><T15/><D15/><U115/><E36/><V38/><F38/><W109/><G109/><T40/><D62/><U39/><E39/><V25/><F4/><W22/><G42/><T107/><D107/><U56/><E125/><N who="2" m="48235" /><F23/><W80/><G80/><T102/><D102/><U78/><E6/><V128/><F128/><N who="1" m="49257" /><E7/><V127/><N who="2" m="48243" /><V11/><DORA hai="53" /><F11/><W9/><REACH who="3" step="1"/><G35/><REACH who="3" ten="268,254,205,263" step="2"/><T64/><D105/><U33/><E33/><V2/><F2/><W84/><G84/><T79/><D85/><U88/><E113/><V87/><F87/><W10/><G10/><T48/><D3/><U83/><E115/><V97/><F97/><W114/><G114/><T103/><D0/><U34/><E112/><V76/><F76/><W120/><G120/><T134/><D79/><U63/><E34/><V21/><F21/><W106/><G106/><T96/><D96/><U121/><E121/><V70/><F70/><W58/><G58/><N who="0" m="36919" /><D134/><U122/><E122/><V69/><F69/><N who="1" m="26697" /><E78/><V59/><F59/><W19/><G19/><RYUUKYOKU ba="0,1" sc="268,-30,254,10,205,10,263,10" hai1="49,50,56,63,65,83,88" hai2="13,14,18,20,25,57,66" hai3="1,5,9,16,22,24,26,27,30,31,45,51,54" /><INIT seed="2,1,1,3,4,100" ten="238,264,215,273" oya="2" hai0="121,43,10,82,65,37,116,110,125,126,76,75,6" hai1="90,131,120,0,81,64,19,124,123,41,67,129,135" hai2="77,72,42,132,40,74,70,35,92,93,51,31,80" hai3="52,133,69,22,107,78,58,71,130,83,46,89,16"/><V108/><F70/><W86/><G107/><T26/><D121/><N who="1" m="46667" /><E0/><V122/><F122/><W2/><G2/><N who="0" m="343" /><D110/><U119/><E119/><V54/><F108/><W98/><G130/><N who="1" m="49674" /><E124/><N who="0" m="47721" /><D26/><U30/><E135/><V34/><F132/><W25/><G46/><N who="0" m="23919" /><D65/><U63/><E30/><V29/><F51/><W112/><G133/><T95/><D95/><U53/><E19/><V127/><F127/><W55/><G112/><T13/><D13/><U104/><E104/><V28/><F80/><W36/><G36/><T62/><D62/><U109/><E109/><V59/><F59/><W32/><G32/><T45/><D45/><U99/><E41/><V111/><F111/><W48/><G55/><T68/><D68/><U84/><E99/><V88/><F28/><W60/><G48/><T47/><D47/><U96/><E96/><V11/><F54/><W15/><G15/><T102/><D102/><U117/><E117/><AGARI ba="1,1" hai="75,76,82,116,117" m="23919,47721,343" machi="117" ten="30,3900,0" yaku="25,1,18,1,23,1" doraHai="100" who="0" fromWho="1" sc="238,52,264,-42,215,0,273,0" /><INIT seed="3,0,0,4,4,61" ten="290,222,215,273" oya="3" hai0="114,64,93,17,30,101,88,65,9,47,20,18,94" hai1="51,106,56,112,21,95,49,125,62,14,73,79,76" hai2="24,70,67,102,7,84,132,15,71,11,48,28,69" hai3="116,96,3,91,36,34,103,16,135,131,1,105,40"/><W0/><G34/><T25/><D114/><U63/><E112/><V39/><F39/><W32/><G32/><T129/><D129/><U44/><E106/><V77/><F132/><W85/><G116/><T104/><D104/><U107/><E107/><V46/><F102/><W99/><G131/><T120/><D120/><U81/><E125/><V13/><F13/><W38/><G135/><T60/><D60/><U83/><E95/><V133/><F133/><W2/><G99/><N who="0" m="59631" /><D47/><U110/><E110/><V127/><F127/><W8/><G40/><T4/><D4/><U126/><E126/><V121/><F121/><W10/><G0/><T75/><D75/><U97/><E97/><V43/><F67/><N who="0" m="25674" /><D9/><U57/><E73/><V5/><F5/><W59/><G8/><T90/><D90/><U27/><E44/><V58/><F58/><W22/><G59/><T117/><D117/><U109/><E109/><V37/><F37/><W66/><G10/><T122/><D122/><U6/><E6/><V41/><F43/><W31/><G66/><T89/><D89/><U74/><E74/><V19/><F7/><W23/><G38/><T78/><D78/><U100/><E79/><V130/><F130/><W50/><G36/><T45/><D45/><U33/><E76/><V115/><F115/><W68/><G68/><T52/><D52/><U134/><E63/><V86/><REACH who="2" step="1"/><F77/><REACH who="2" ten="290,222,205,273" step="2"/><W123/><G123/><T111/><D111/><U42/><E134/><V119/><F119/><W108/><G108/><T118/><D118/><U26/><E62/><V82/><F82/><W12/><G1/><RYUUKYOKU ba="0,1" sc="290,15,222,-15,205,15,273,-15" hai0="17,18,20,25,30,88,94" hai2="11,15,19,24,28,41,46,48,69,70,71,84,86" /><INIT seed="4,1,1,0,3,28" ten="305,207,220,258" oya="0" hai0="106,7,20,6,135,36,133,18,5,72,12,116,105" hai1="35,61,16,125,49,62,122,117,102,100,33,101,10" hai2="76,4,67,77,54,90,59,31,52,3,124,60,86" hai3="84,78,44,69,74,14,65,99,2,53,132,121,0"/><T26/><D36/><U38/><E117/><V119/><F119/><W111/><G111/><T37/><D37/><U66/><E122/><V123/><F123/><W13/><G74/><T43/><D43/><U131/><E38/><V30/><F124/><W19/><G13/><T118/><D72/><U92/><E125/><V88/><F3/><W107/><G121/><T51/><D51/><U80/><E80/><V21/><F4/><N who="0" m="1642" /><D105/><U70/><E131/><V45/><F90/><W129/><G69/><T71/><D106/><U23/><E10/><V127/><F127/><W134/><G65/><T79/><D79/><N who="2" m="30282" /><F45/><W15/><G78/><T82/><D82/><U91/><E62/><V93/><F21/><W22/><G44/><T103/><D103/><U113/><E49/><V94/><F94/><W96/><G107/><T41/><D41/><U47/><E113/><V34/><F34/><W8/><G84/><T25/><D71/><U81/><E81/><V1/><F1/><W40/><G40/><T42/><D42/><U130/><E130/><V46/><F46/><W114/><G129/><T17/><D7/><U97/><REACH who="1" step="1"/><E47/><REACH who="1" ten="305,197,220,258" step="2"/><V29/><AGARI ba="1,2" hai="29,30,31,52,54,59,60,67,86,88,93" m="30282" machi="29" ten="30,4000,0" yaku="8,1,54,2" doraHai="28" who="2" fromWho="2" sc="305,-21,197,-11,220,63,258,-11" /><INIT seed="5,0,0,4,0,128" ten="284,186,283,247" oya="1" hai0="57,133,51,32,99,17,105,89,122,131,39,101,59" hai1="76,15,67,94,5,115,126,56,10,103,113,107,81" hai2="112,55,58,85,134,129,38,52,64,31,91,49,53" hai3="47,118,7,123,16,108,77,119,33,35,74,45,111"/><U23/><E126/><V3/><F3/><W26/><G123/><T50/><D32/><N who="3" m="12361" /><G7/><T117/><D39/><U6/><E107/><V104/><F104/><W61/><G61/><T40/><D117/><N who="3" m="44553" /><G77/><T73/><D131/><U69/><E69/><V124/><F38/><W84/><G74/><T11/><D73/><U27/><E6/><V41/><F124/><W46/><G84/><T30/><D51/><U83/><E56/><V110/><F85/><W12/><G26/><T0/><D50/><U29/><E67/><V96/><F49/><W66/><G66/><T44/><D122/><U8/><E8/><AGARI ba="0,0" hai="8,12,16,45,46,47,108,111" m="44553,12361" machi="8" ten="40,2600,0" yaku="12,1,54,1" doraHai="128" who="3" fromWho="1" sc="284,0,186,-26,283,0,247,26" /><INIT seed="6,0,0,3,3,102" ten="284,160,283,273" oya="2" hai0="15,38,121,79,75,124,80,25,112,8,98,110,64" hai1="10,132,44,134,45,35,43,101,127,23,18,24,88" hai2="68,20,73,47,42,104,106,31,90,55,32,123,19" hai3="133,115,22,76,2,27,135,85,125,48,117,56,89"/><V30/><F123/><W63/><G2/><T122/><D110/><U6/><E127/><V12/><F73/><W58/><G117/><T7/><D38/><U36/><E101/><V130/><F68/><W120/><G120/><T69/><D124/><U53/><E35/><V116/><F116/><W87/><G125/><T54/><D112/><U103/><E103/><V59/><F130/><W13/><G13/><T50/><D98/><U67/><E67/><V131/><F131/><W109/><G109/><T41/><D41/><U94/><E53/><V119/><F119/><W1/><G1/><T78/><D78/><U37/><E44/><V72/><F72/><W28/><G115/><T113/><D113/><U21/><E21/><V57/><F90/><W81/><G48/><T65/><D65/><U9/><E37/><V5/><F5/><W100/><G100/><T111/><D111/><U107/><E107/><V86/><F86/><W71/><G71/><T114/><D114/><U60/><E60/><V52/><F55/><W26/><G27/><T96/><D96/><U105/><E105/><V3/><F3/><W108/><G108/><T62/><D25/><U74/><E74/><V128/><F128/><W34/><G34/><T92/><D92/><U66/><E66/><V91/><F91/><W17/><G28/><N who="2" m="10793" /><F32/><W51/><G51/><T83/><D83/><U129/><E129/><V46/><F46/><AGARI ba="0,0" hai="7,8,15,46,50,54,62,64,69,75,79,80,121,122" machi="46" ten="30,1000,0" yaku="7,1" doraHai="102" who="0" fromWho="2" sc="284,10,160,0,283,-10,273,0" /><INIT seed="7,0,0,0,3,1" ten="294,160,273,273" oya="3" hai0="49,111,53,120,2,47,5,135,6,7,127,99,59" hai1="115,84,69,50,133,40,79,24,31,118,38,121,82" hai2="131,129,123,110,128,45,91,62,46,28,112,66,104" hai3="105,14,9,71,22,55,57,18,96,48,19,21,83"/><W97/><G71/><T85/><D111/><U12/><E121/><V52/><F110/><W130/><G130/><T23/><D2/><U88/><E115/><V89/><F104/><W25/><G105/><T100/><D127/><U125/><E125/><V36/><F112/><W98/><G83/><T106/><D135/><U126/><E126/><V117/><F117/><W15/><G97/><T65/><D23/><U94/><E133/><V78/><F78/><W27/><G15/><T75/><D75/><U43/><E118/><V61/><F28/><AGARI ba="0,0" hai="9,14,18,19,21,22,25,27,28,48,55,57,96,98" machi="28" ten="30,2900,0" yaku="7,1,8,1" doraHai="1" who="3" fromWho="2" sc="294,0,160,0,273,-29,273,29" owari="294,9.0,160,-34.0,244,-16.0,302,41.0" /></mjloggm>