<mjloggm ver="2.3"><GO type="169" lobby="0"/><UN n0="%E3%81%8C%E3%83%BC%E3%81%AD%E3%81%A3%E3%81%A8" n1="%31%73%E3%81%A7%E3%81%84%E3%81%84%E3%81%9D%E3%81%86" n2="%E3%82%A6%E3%83%AB%E3%83%88%E3%83%A9%E7%AB%8B%E7%9B%B4" n3="%E5%8F%8A%E5%B7%9D%E5%86%B0%E9%BA%97" dan="16,16,17,16" rate="2050.40,2058.47,2134.77,2127.51" sx="M,M,M,M"/><TAIKYOKU oya="0"/><INIT seed="0,0,0,1,4,7" ten="250,250,250,250" oya="0" hai0="74,134,78,121,133,4,72,6,90,46,80,24,59" hai1="120,26,110,99,98,88,105,108,57,34,64,129,76" hai2="36,79,61,23,106,115,97,49,94,123,30,125,71" hai3="17,83,84,82,85,111,54,32,130,113,41,77,126"/><T12/><D121/><U29/><E120/><V119/><F123/><W18/><G113/><T56/><D24/><U87/><E129/><V122/><F36/><W40/><G111/><N who="1" m="42538" /><E76/><V104/><F125/><W70/><G70/><T131/><D131/><U107/><E64/><V93/><F79/><W15/><G32/><T69/><D69/><U112/><E57/><V50/><F49/><W95/><G95/><T43/><D90/><U86/><E112/><V35/><F61/><W16/><G126/><T65/><D65/><U39/><E39/><V42/><F71/><W33/><G33/><T25/><D25/><U31/><E31/><V58/><F35/><W128/><G128/><T132/><D74/><U8/><E8/><V116/><F30/><W68/><G68/><T63/><D63/><U92/><E87/><V9/><F9/><N who="3" m="6255" /><G54/><T27/><D27/><U38/><E38/><V0/><F115/><W75/><G75/><T103/><D103/><U100/><E99/><V101/><F97/><W22/><G130/><T47/><D4/><U127/><E127/><V89/><F122/><W44/><G44/><N who="0" m="16939" /><D43/><N who="3" m="16457" /><G22/><T66/><D66/><U55/><E55/><V20/><F23/><W11/><G11/><AGARI ba="0,0" hai="6,11,12,56,59,72,78,80,132,133,134" m="16939" machi="11" ten="40,3900,0" yaku="20,1,52,1" doraHai="7" who="0" fromWho="3" sc="250,39,250,0,250,0,250,-39" /><INIT seed="0,1,0,5,1,19" ten="289,250,250,211" oya="0" hai0="93,54,55,39,103,100,14,95,109,72,114,89,108" hai1="40,8,61,129,132,118,82,105,31,130,112,134,101" hai2="5,113,75,121,34,94,12,41,4,78,49,25,26" hai3="52,56,30,85,17,67,90,10,125,33,22,68,53"/><T47/><D114/><U20/><E118/><V9/><F121/><W57/><G68/><T119/><D72/><U60/><E40/><V133/><F113/><W126/><G33/><T135/><D119/><U76/><E112/><V15/><F78/><W46/><G30/><T80/><D135/><N who="1" m="51755" /><E8/><N who="2" m="4103" /><F75/><W0/><G46/><T16/><D80/><U50/><E50/><V7/><F94/><N who="3" m="54607" /><G10/><T128/><D128/><N who="1" m="49259" /><E101/><V107/><F49/><N who="3" m="30735" /><G0/><T83/><D83/><U43/><E43/><V102/><F41/><W123/><G123/><T64/><D93/><U1/><E1/><V58/><F102/><W74/><G74/><T91/><D100/><U18/><E31/><V28/><F133/><W97/><G97/><T38/><D103/><U6/><E6/><N who="2" m="3511" /><F107/><W70/><G70/><T79/><D38/><U84/><E105/><V63/><F63/><N who="3" m="36271" /><G67/><T23/><D39/><U13/><AGARI ba="1,0" hai="13,18,20,60,61,76,82,84" m="49259,51755" machi="13" ten="30,4000,0" yaku="20,1,19,1,52,1" doraHai="19" who="1" fromWho="1" sc="289,-21,250,43,250,-11,211,-11" /><INIT seed="1,0,0,0,5,67" ten="268,293,239,200" oya="1" hai0="16,100,74,79,87,131,12,107,53,86,7,99,30" hai1="22,116,92,125,18,101,4,123,104,60,51,132,84" hai2="38,54,29,71,58,37,63,129,17,40,127,31,5" hai3="48,111,28,64,72,133,108,113,78,24,19,89,1"/><U33/><E123/><V81/><F5/><W106/><G113/><T32/><D131/><U66/><E116/><V15/><F129/><W50/><G133/><T10/><D7/><U11/><E33/><V76/><F127/><W128/><G128/><T61/><D74/><U135/><E125/><V102/><F102/><W95/><G106/><T35/><D79/><U124/><E104/><V69/><F31/><W2/><G19/><T82/><D82/><U77/><E51/><V44/><F29/><W73/><G78/><T117/><D117/><U130/><E130/><V105/><F105/><W39/><G28/><T0/><D0/><U109/><E124/><V59/><F59/><W85/><G64/><T42/><D42/><U27/><E109/><N who="3" m="42058" /><G24/><T8/><D35/><U88/><E101/><V98/><F98/><W14/><G14/><T110/><D30/><U118/><E77/><V94/><F94/><W57/><G39/><T126/><D32/><U112/><E112/><V90/><F90/><W97/><G73/><T70/><D110/><U6/><E118/><V80/><F38/><W34/><G72/><T49/><D126/><U36/><E36/><V121/><F121/><W43/><G34/><T23/><D8/><U41/><E41/><V21/><F81/><N who="3" m="49327" /><G48/><T55/><D10/><U25/><E25/><V20/><F21/><W103/><G43/><T119/><D119/><U46/><E46/><V52/><F54/><AGARI ba="0,0" hai="1,2,50,54,57,95,97,103" m="49327,42058" machi="54" ten="30,1000,0" yaku="14,1" doraHai="67" who="3" fromWho="2" sc="268,0,293,0,239,-10,200,10" /><INIT seed="2,0,0,0,2,45" ten="268,293,229,210" oya="2" hai0="10,24,71,6,3,77,15,103,90,108,14,5,130" hai1="99,41,54,8,120,121,64,122,36,16,12,89,111" hai2="98,129,20,21,101,107,22,49,127,62,29,1,37" hai3="74,59,42,88,67,113,13,4,43,112,85,58,97"/><V0/><F37/><W81/><G74/><T73/><D71/><U39/><E111/><V32/><F127/><W119/><G119/><T82/><D130/><U31/><E64/><V18/><F129/><W109/><G109/><T93/><D103/><U95/><E41/><N who="3" m="15370" /><G67/><T76/><D76/><U38/><E31/><V117/><F117/><W19/><G4/><T11/><D24/><U83/><E83/><V115/><F115/><N who="3" m="44107" /><G97/><T69/><D69/><U118/><E118/><V48/><F62/><W28/><G28/><T17/><D17/><U92/><E92/><V80/><F80/><W66/><G66/><T44/><D44/><U57/><REACH who="1" step="1"/><E39/><REACH who="1" ten="268,283,229,210" step="2"/><V65/><F65/><W116/><G116/><T34/><D108/><U131/><E131/><V9/><F29/><W26/><G26/><T126/><D126/><U94/><E94/><V134/><F32/><W114/><N who="3" m="44115" /><W133/><DORA hai="35" /><G133/><T2/><D34/><U51/><AGARI ba="0,1" hai="8,12,16,36,38,51,54,57,89,95,99,120,121,122" machi="51" ten="30,8000,1" yaku="1,1,0,1,13,1,52,1,54,1,53,0" doraHai="45,35" doraHaiUra="30,27" who="1" fromWho="1" sc="268,-20,283,90,229,-40,210,-20" /><INIT seed="3,0,0,4,0,54" ten="248,373,189,190" oya="3" hai0="9,36,126,134,94,3,71,68,24,35,76,23,96" hai1="19,118,72,52,95,121,1,49,39,120,111,112,45" hai2="7,75,13,58,43,11,15,100,42,57,113,64,37" hai3="29,114,31,104,67,115,129,106,105,48,99,33,66"/><W41/><G99/><T60/><D35/><U130/><E112/><N who="3" m="43050" /><G41/><N who="2" m="15369" /><F75/><W77/><G48/><T5/><D36/><U83/><E39/><V28/><F37/><W8/><G8/><T107/><D107/><U56/><E111/><V87/><F113/><W16/><G16/><T89/><D134/><U22/><E130/><V26/><F64/><N who="3" m="24619" /><G77/><T91/><D126/><U4/><E118/><V81/><F100/><W59/><G59/><N who="2" m="22537" /><F15/><W82/><G82/><T21/><D76/><U119/><E119/><V109/><F109/><W86/><G86/><T70/><D60/><U14/><E83/><V110/><F110/><W44/><G44/><T40/><D40/><U123/><E72/><V78/><F26/><W84/><G84/><T135/><D24/><U6/><E45/><V102/><F102/><W62/><G62/><T0/><D0/><U80/><E1/><V47/><F47/><W46/><G46/><T117/><D117/><U53/><E53/><V108/><F108/><W90/><G33/><T50/><D50/><U93/><REACH who="1" step="1"/><E80/><REACH who="1" ten="248,363,189,190" step="2"/><V97/><F97/><W12/><G129/><T131/><D131/><U30/><E30/><AGARI ba="0,1" hai="7,11,13,28,30,78,81,87" m="22537,15369" machi="30" ten="30,7700,0" yaku="8,1,52,3" doraHai="54" who="2" fromWho="1" sc="248,0,363,-77,189,87,190,0" /><INIT seed="4,0,0,0,5,77" ten="248,286,276,190" oya="0" hai0="47,59,111,39,18,108,130,14,7,43,9,55,54" hai1="32,44,102,103,106,86,94,110,131,120,61,52,74" hai2="95,82,36,71,118,63,13,58,0,62,119,132,34" hai3="6,84,33,50,68,109,85,16,97,92,41,135,30"/><T22/><D130/><U93/><E120/><V87/><F36/><W35/><G109/><T72/><D72/><U29/><E110/><V5/><F34/><W126/><G68/><T64/><D111/><U69/><E74/><V105/><F105/><W53/><G126/><T124/><D124/><U73/><E73/><V23/><F132/><W46/><G135/><T8/><D108/><U28/><E131/><V27/><F95/><W89/><G6/><T45/><D8/><U37/><E106/><V2/><F71/><W90/><G97/><T48/><D64/><U21/><E32/><V129/><F13/><W128/><G128/><T12/><REACH who="0" step="1"/><D59/><REACH who="0" ten="238,286,276,190" step="2"/><U75/><E75/><V117/><F58/><W40/><G46/><T31/><D31/><U67/><E29/><N who="2" m="17663" /><F129/><W121/><G30/><T134/><D134/><U66/><E66/><V101/><F2/><W60/><G121/><T127/><D127/><U98/><E28/><V49/><F0/><W11/><G33/><T99/><D99/><U1/><E1/><V116/><F116/><W26/><G35/><T17/><D17/><U19/><E19/><V91/><F5/><W65/><G11/><T25/><D25/><U100/><E21/><V79/><F119/><W107/><G26/><T42/><AGARI ba="0,1" hai="7,9,12,14,18,22,39,42,43,45,47,48,54,55" machi="42" ten="20,3900,0" yaku="1,1,0,1,7,1,53,0" doraHai="77" doraHaiUra="83" who="0" fromWho="0" sc="238,49,286,-13,276,-13,190,-13" /><INIT seed="4,1,0,5,4,33" ten="287,273,263,177" oya="0" hai0="53,28,5,0,106,43,36,81,21,130,62,59,34" hai1="63,98,15,69,77,111,105,85,120,110,10,38,127" hai2="119,50,99,29,121,102,41,109,88,54,132,57,115" hai3="58,20,79,35,46,8,49,123,56,7,74,66,114"/><T14/><D106/><U92/><E120/><V6/><F121/><W65/><G123/><T4/><D130/><U94/><E38/><V108/><F115/><W23/><G35/><T103/><D103/><U9/><E127/><V26/><F132/><W91/><G114/><T76/><D34/><U22/><E105/><V97/><F119/><W25/><G20/><T32/><D32/><U42/><E111/><V122/><F122/><W13/><G91/><T68/><D68/><U37/><E110/><V89/><F41/><W80/><G58/><T73/><D0/><U67/><E42/><V113/><F113/><W30/><REACH who="3" step="1"/><G56/><REACH who="3" ten="287,273,263,167" step="2"/><T19/><D28/><U78/><E22/><N who="2" m="15575" /><F89/><W17/><G17/><T117/><D117/><U128/><E69/><V44/><F57/><W112/><G112/><T133/><D133/><U48/><E128/><V101/><F88/><W39/><G39/><T84/><D36/><U3/><E37/><V47/><F109/><W27/><G27/><T24/><D43/><AGARI ba="1,1" hai="7,8,13,23,25,30,43,46,49,65,66,74,79,80" machi="43" ten="30,2000,0" yaku="1,1,7,1,53,0" doraHai="33" doraHaiUra="87" who="3" fromWho="0" sc="287,-23,273,0,263,0,167,33" /><INIT seed="5,0,0,0,2,39" ten="264,273,263,200" oya="1" hai0="21,62,6,46,113,75,55,48,78,0,58,95,96" hai1="65,22,129,125,92,133,88,60,112,16,36,27,19" hai2="80,23,97,109,45,57,84,82,5,11,20,51,76" hai3="63,115,124,33,93,99,85,13,98,30,31,90,64"/><U118/><E118/><V87/><F97/><W1/><G1/><T101/><D113/><U126/><E112/><V61/><F109/><W73/><G73/><T44/><D75/><U119/><E119/><V123/><F123/><W67/><G115/><T47/><D78/><U8/><E129/><V100/><F100/><W94/><G85/><T7/><D21/><U24/><E133/><V72/><F72/><W127/><G33/><T2/><D2/><U128/><E36/><V40/><F11/><W70/><G13/><T37/><D37/><U71/><E128/><V116/><F5/><N who="0" m="1546" /><D0/><U102/><E102/><V3/><F3/><W104/><G104/><T130/><D130/><U53/><E53/><AGARI ba="0,0" hai="44,46,47,48,53,55,58,62,95,96,101" m="1546" machi="53" ten="30,1000,0" yaku="8,1" doraHai="39" who="0" fromWho="1" sc="264,10,273,-10,263,0,200,0" /><INIT seed="6,0,0,3,4,116" ten="274,263,263,200" oya="2" hai0="37,107,49,50,76,133,75,131,127,129,125,17,91" hai1="47,118,16,130,123,15,26,112,100,105,4,71,124" hai2="90,126,119,70,43,41,38,86,103,42,39,1,95" hai3="13,93,32,92,64,56,78,134,58,117,81,46,128"/><V68/><F1/><W25/><G117/><T74/><D37/><U121/><E118/><V109/><F119/><W113/><G128/><N who="0" m="49227" /><D107/><U82/><E130/><V115/><F109/><W52/><G134/><T27/><D91/><U22/><E112/><V88/><F115/><W12/><G113/><T97/><D97/><U57/><E71/><V122/><F103/><W3/><G3/><T30/><D17/><U54/><E124/><N who="0" m="47689" /><D76/><U53/><E82/><V21/><F126/><W80/><G32/><N who="0" m="20575" /><D133/><U101/><E105/><V62/><F38/><W94/><G25/><T79/><D79/><U29/><E4/><V45/><F90/><W20/><G78/><T85/><D85/><U24/><E100/><V19/><F88/><W67/><G20/><T89/><D89/><U6/><E101/><V31/><F86/><W77/><G77/><T111/><D111/><U2/><E6/><V61/><F21/><W8/><G8/><T59/><D59/><N who="3" m="22569" /><G80/><T72/><AGARI ba="0,0" hai="49,50,72,74,75" m="20575,47689,49227" machi="72" ten="40,2700,0" yaku="19,1,18,1" doraHai="116" who="0" fromWho="0" sc="274,27,263,-7,263,-13,200,-7" /><INIT seed="7,0,0,4,0,60" ten="301,256,250,193" oya="3" hai0="88,79,32,7,2,69,3,100,53,93,34,129,29" hai1="63,97,42,8,35,14,76,131,33,50,104,58,24" hai2="84,57,74,46,118,77,135,1,43,39,18,62,111" hai3="45,106,31,81,48,68,44,51,71,73,13,112,11"/><W0/><G112/><T117/><D69/><U10/><E131/><V6/><F111/><W110/><G106/><T52/><D100/><U90/><E33/><V5/><F118/><W37/><G110/><T82/><D129/><U108/><E108/><V126/><F126/><W15/><G31/><T120/><D120/><U9/><E35/><V107/><F107/><W27/><G27/><T70/><D70/><U113/><E113/><V121/><F135/><W54/><G37/><T85/><D32/><U4/><E24/><V40/><F40/><W30/><G30/><T95/><D29/><U133/><E76/><V36/><F18/><W26/><G26/><T83/><D7/><U61/><E104/><V122/><F84/><W98/><G98/><T94/><D34/><U65/><E63/><V28/><F28/><W101/><G101/><T125/><D125/><U64/><E64/><N who="2" m="38991" /><F39/><W41/><G0/><T119/><D2/><U67/><E67/><V38/><F38/><W124/><G124/><T19/><D3/><U86/><E97/><V55/><F55/><W128/><G128/><T134/><D52/><U75/><E75/><V99/><F99/><W92/><G92/><N who="0" m="35435" /><D53/><U66/><E66/><V16/><F16/><N who="3" m="8255" /><G15/><T20/><D117/><U47/><REACH who="1" step="1"/><E133/><REACH who="1" ten="301,246,250,193" step="2"/><V21/><F74/><W109/><G109/><T87/><D134/><U96/><E96/><V91/><F77/><N who="3" m="44207" /><G71/><T17/><D119/><U72/><E72/><V105/><F105/><W115/><G68/><T114/><D114/><U12/><E12/><V116/><F116/><W103/><G115/><T80/><D79/><RYUUKYOKU ba="0,1" sc="301,-15,246,15,250,-15,193,15" hai1="4,8,9,10,14,42,47,50,58,61,65,86,90" hai3="41,44,45,48,51,54,103" /><INIT seed="7,1,1,5,1,103" ten="286,261,235,208" oya="3" hai0="77,32,9,48,41,100,78,107,64,94,110,74,112" hai1="21,115,55,44,95,37,30,24,61,81,89,92,70" hai2="111,38,49,67,129,18,25,76,10,90,56,36,31" hai3="109,134,87,1,131,20,19,80,88,126,58,130,83"/><W46/><G1/><T102/><D32/><U105/><E115/><V52/><F111/><W11/><G11/><T22/><D107/><U85/><E105/><V57/><F129/><N who="3" m="49163" /><G109/><T17/><D74/><U45/><E70/><V33/><F76/><N who="0" m="29290" /><D64/><U63/><E37/><V60/><REACH who="2" step="1"/><F90/><REACH who="2" ten="286,261,225,208" step="2"/><W62/><G126/><T35/><D110/><U39/><E39/><V114/><F114/><W120/><G120/><T27/><D112/><U99/><E95/><V116/><F116/><W54/><G134/><T50/><D94/><U68/><E92/><V96/><F96/><W124/><G124/><T125/><D125/><U123/><E99/><V104/><F104/><W79/><G79/><T72/><D102/><U132/><E132/><V133/><F133/><W16/><G83/><T108/><D100/><U14/><E123/><V98/><F98/><W42/><G20/><T3/><D108/><U86/><E86/><V135/><F135/><W43/><G43/><T59/><D41/><U82/><E82/><V127/><F127/><W26/><G26/><T101/><D101/><U12/><E89/><V119/><F119/><W84/><G84/><T71/><D72/><U15/><E85/><V128/><F128/><W93/><G93/><T5/><D35/><U66/><E81/><V4/><F4/><W53/><G53/><T113/><D113/><U97/><E97/><V29/><F29/><W23/><G23/><T47/><D22/><U13/><N who="1" m="3072" /><DORA hai="122" /><U40/><E40/><V8/><F8/><W34/><G34/><T2/><D9/><U28/><E28/><V73/><F73/><RYUUKYOKU ba="1,2" sc="286,-30,261,10,225,10,208,10" hai1="21,24,30,44,45,55,61,63,66,68" hai2="10,18,25,31,33,36,38,49,52,56,57,60,67" hai3="16,19,42,46,54,58,62,80,87,88" /><INIT seed="7,2,2,2,0,51" ten="256,271,235,218" oya="3" hai0="17,123,31,54,9,73,77,95,69,84,78,21,20" hai1="64,124,103,41,49,67,122,101,104,68,100,113,98" hai2="30,125,120,18,96,28,59,75,97,119,90,10,62" hai3="45,40,39,2,1,70,87,52,48,0,117,61,7"/><W86/><G117/><T115/><D69/><U29/><E122/><V112/><F75/><W37/><G7/><T89/><D123/><U134/><E113/><V109/><F109/><W121/><G121/><T24/><D73/><U6/><E124/><V106/><F106/><W5/><G5/><T105/><D105/><U91/><E134/><V14/><F125/><W133/><G133/><T102/><D102/><U92/><E104/><V94/><F112/><W22/><G22/><N who="0" m="15767" /><D115/><U42/><E68/><V26/><F119/><W81/><G86/><T4/><D4/><U27/><E6/><V93/><F26/><W19/><G19/><T46/><D9/><U127/><E127/><V47/><F47/><W99/><G99/><T55/><D46/><N who="1" m="25807" /><E42/><V12/><F12/><W43/><G43/><T114/><D114/><U57/><E57/><V58/><F58/><W107/><G107/><T135/><D21/><AGARI ba="2,2" hai="21,27,29,64,67,91,92,98,100,101,103" m="25807" machi="21" ten="30,1000,0" yaku="8,1" doraHai="51" who="1" fromWho="0" sc="256,-16,271,36,235,0,218,0" owari="240,4.0,307,40.0,235,-16.0,218,-28.0" /></mjloggm>