<mjloggm ver="2.3"><GO type="169" lobby="0"/><UN n0="%E3%82%A6%E3%83%AB%E3%83%88%E3%83%A9%E7%AB%8B%E7%9B%B4" n1="%E5%A4%95%E5%87%AA" n2="%70%6F%6E%2D%65%6E" n3="%E8%8F%AF%E6%B5%81" dan="17,18,17,16" rate="2100.26,2180.73,2155.30,2066.17" sx="M,M,M,F"/><TAIKYOKU oya="0"/><INIT seed="0,0,0,1,2,109" ten="250,250,250,250" oya="0" hai0="8,77,93,125,71,81,54,91,130,102,128,0,14" hai1="9,92,111,19,79,33,18,69,11,42,47,129,127" hai2="90,105,120,117,72,101,32,75,64,29,34,6,132" hai3="2,52,134,114,30,13,122,84,126,74,53,121,7"/><T25/><D71/><U44/><E69/><V66/><F90/><W87/><G74/><T57/><D102/><U23/><E33/><V108/><F101/><W26/><G2/><T82/><D25/><U62/><E79/><V85/><F85/><N who="3" m="32843" /><G126/><T106/><D106/><U17/><E127/><V37/><F6/><W76/><G76/><T61/><D0/><U60/><E42/><V15/><F15/><W31/><G134/><T48/><D61/><N who="1" m="23659" /><E111/><V40/><F40/><W78/><G78/><T133/><D133/><U103/><E23/><V50/><F32/><W12/><G7/><T124/><D125/><U3/><E3/><V24/><F34/><W80/><G80/><T1/><D1/><U131/><E92/><V116/><F105/><W5/><G5/><N who="0" m="3343" /><D77/><U135/><E103/><V36/><F132/><W63/><G12/><T70/><D70/><U27/><E27/><V89/><F108/><W97/><G13/><T98/><D124/><U20/><E20/><V115/><F72/><W38/><G26/><T95/><D95/><U55/><E135/><V4/><F75/><W112/><G30/><T104/><D104/><U88/><E9/><V99/><F29/><W123/><G31/><T41/><D41/><U96/><E11/><V43/><F24/><W56/><G38/><T73/><D73/><U65/><E19/><V22/><F37/><W35/><G35/><T67/><D67/><N who="2" m="25642" /><F36/><W113/><G53/><T58/><D58/><U86/><E18/><V83/><F4/><W68/><G68/><T100/><D100/><U46/><E17/><V39/><F39/><RYUUKYOKU ba="0,0" sc="250,15,250,-15,250,-15,250,15" hai0="48,54,57,81,82,91,93,98,128,130" hai3="52,56,63,97,112,113,114,121,122,123" /><INIT seed="0,1,0,2,2,61" ten="265,235,235,265" oya="0" hai0="51,8,42,58,115,38,109,71,101,48,105,5,0" hai1="117,119,12,39,130,23,1,49,111,123,87,36,88" hai2="9,33,96,118,74,135,110,64,30,100,103,13,31" hai3="78,127,32,122,133,26,50,124,21,54,108,97,44"/><T7/><D115/><U52/><E1/><V80/><F110/><W75/><G108/><T57/><D109/><U76/><E111/><V95/><F135/><W47/><G133/><T91/><D71/><U25/><E123/><V106/><F118/><W65/><G122/><T79/><D7/><U89/><E76/><V83/><F33/><W114/><G114/><T10/><D10/><U24/><E130/><V6/><F103/><W86/><G75/><T93/><D101/><U104/><E104/><V37/><F37/><W102/><G32/><T2/><D105/><U84/><E12/><V53/><F106/><W63/><G47/><T41/><D79/><U132/><E132/><V112/><F112/><W62/><G62/><T66/><D2/><U82/><E119/><V99/><F99/><W11/><G11/><T56/><D66/><U19/><E25/><V27/><F64/><W107/><G86/><T73/><D73/><U28/><E117/><V116/><F116/><W55/><G55/><T129/><D129/><U18/><E39/><V81/><F74/><W60/><G60/><T22/><D22/><U29/><E36/><V125/><F125/><W34/><G78/><T68/><D68/><U59/><E29/><N who="2" m="10763" /><F27/><W134/><G134/><T113/><D113/><U128/><E128/><V43/><F43/><N who="0" m="16394" /><D38/><U45/><E45/><V94/><F53/><W14/><G34/><T67/><D67/><U15/><E15/><V20/><F20/><W46/><G14/><T121/><D121/><U120/><E120/><V92/><AGARI ba="1,0" hai="6,9,13,80,81,83,92,94,95,96,100" m="10763" machi="92" ten="30,1100,0" yaku="8,1" doraHai="61" who="2" fromWho="2" sc="265,-6,235,-4,235,14,265,-4" /><INIT seed="1,0,0,5,0,87" ten="259,231,249,261" oya="1" hai0="31,22,129,99,130,45,11,76,16,97,57,73,125" hai1="131,69,122,23,123,35,79,107,72,92,65,30,95" hai2="4,113,75,109,127,77,28,111,59,82,83,67,12" hai3="93,133,124,89,120,51,101,58,52,44,74,21,98"/><U55/><E55/><V0/><F12/><W2/><G2/><T81/><D125/><U68/><E23/><V38/><F28/><W114/><G114/><T41/><D31/><U5/><E5/><V94/><F83/><W10/><G74/><T90/><D57/><U71/><E65/><V18/><F18/><W117/><G120/><T110/><D11/><U40/><E40/><V29/><F29/><W27/><G124/><T7/><D7/><U78/><E131/><N who="0" m="50185" /><D90/><U121/><E107/><V24/><F59/><W56/><G117/><T70/><D70/><U36/><E36/><V48/><F4/><W102/><G10/><T119/><D110/><U53/><E53/><V96/><F67/><W115/><G115/><T66/><D66/><U37/><E37/><V14/><F38/><W9/><G9/><T43/><D119/><U126/><E126/><V118/><F0/><W15/><G15/><N who="0" m="9503" /><D41/><U116/><E116/><V26/><F14/><W47/><G58/><T50/><AGARI ba="0,0" hai="43,45,50,73,76,81,97,99" m="9503,50185" machi="50" ten="30,2000,0" yaku="19,1,54,1" doraHai="87" who="0" fromWho="0" sc="259,20,231,-10,249,-5,261,-5" /><INIT seed="2,0,0,4,3,65" ten="279,221,244,256" oya="2" hai0="24,83,0,100,108,49,16,79,60,10,67,35,58" hai1="74,45,127,59,42,114,91,128,118,19,17,125,36" hai2="107,47,87,34,53,102,80,117,77,70,94,26,123" hai3="56,31,97,89,8,38,3,64,54,111,14,18,109"/><V62/><F117/><W92/><G38/><T116/><D108/><U6/><E118/><V72/><F123/><W23/><G64/><T28/><D116/><U103/><E114/><V73/><F107/><W25/><REACH who="3" step="1"/><G3/><REACH who="3" ten="279,221,244,246" step="2"/><T46/><D0/><U86/><E36/><V4/><F73/><W5/><G5/><T126/><D126/><U84/><E6/><V130/><F72/><W57/><G57/><T90/><D58/><U50/><E74/><V55/><F4/><W131/><G131/><T29/><D67/><U115/><E128/><V51/><F130/><W27/><G27/><T48/><D24/><U134/><E115/><V39/><F39/><W37/><G37/><T71/><D46/><U106/><E127/><V101/><F26/><W66/><G66/><T110/><D110/><U135/><E125/><V113/><F113/><W133/><G133/><T32/><D32/><U99/><E59/><V76/><F34/><W82/><G82/><T44/><D83/><U2/><E2/><V81/><F81/><W93/><G93/><T75/><D44/><U105/><E105/><V85/><F77/><W119/><G119/><T1/><D79/><U61/><E135/><V124/><F124/><W69/><G69/><T95/><D71/><U78/><E134/><V88/><F70/><W40/><G40/><T11/><D35/><U41/><E41/><V52/><F55/><W122/><G122/><T12/><D1/><U13/><E78/><V63/><F53/><W22/><G22/><N who="0" m="11527" /><D75/><U30/><E106/><V129/><F129/><W98/><G98/><T104/><D104/><RYUUKYOKU ba="0,1" sc="279,-15,221,-15,244,15,246,15" hai2="47,51,52,62,63,76,80,85,87,88,94,101,102" hai3="8,14,18,23,25,31,54,56,89,92,97,109,111" /><INIT seed="2,1,1,0,1,131" ten="264,206,259,261" oya="2" hai0="33,105,54,43,70,19,126,113,76,94,14,44,85" hai1="23,69,128,10,49,99,108,88,75,65,1,38,86" hai2="55,90,133,64,12,3,106,13,109,4,5,72,93" hai3="77,87,41,73,98,22,121,11,96,81,46,50,0"/><V17/><F106/><W107/><G121/><T117/><D105/><U58/><E75/><V100/><F100/><W6/><G22/><T92/><D113/><U26/><E38/><V118/><F72/><W135/><G107/><T31/><D70/><U130/><E69/><V21/><F3/><W67/><G67/><T103/><D126/><U61/><E99/><V127/><F64/><W30/><G30/><T63/><D31/><U57/><E108/><V110/><F118/><W20/><G20/><T29/><D29/><U52/><E1/><V129/><F129/><N who="1" m="49769" /><E10/><V45/><F127/><W35/><G35/><T34/><D34/><U51/><E51/><N who="2" m="29167" /><F13/><W47/><G73/><T71/><D33/><U32/><E32/><V132/><F5/><W74/><G74/><T84/><D71/><U24/><E23/><V56/><F56/><W104/><G104/><T95/><D103/><U66/><E66/><V8/><F21/><W124/><G124/><T36/><D117/><U28/><E28/><V27/><F27/><W25/><G25/><T119/><D119/><U125/><E125/><V53/><F53/><W122/><G0/><T59/><D14/><U7/><E7/><V83/><F4/><W78/><G6/><T89/><D19/><U39/><E39/><V80/><F110/><W120/><G120/><T16/><D16/><U101/><E101/><V111/><F109/><W82/><G122/><T48/><D36/><U116/><E116/><V62/><F111/><W60/><G11/><T18/><D18/><U42/><E42/><V102/><F8/><W2/><G2/><RYUUKYOKU ba="1,1" sc="264,15,206,15,259,-15,261,-15" hai0="43,44,48,54,59,63,76,84,85,89,92,94,95" hai1="24,26,49,52,57,58,61,65,86,88" /><INIT seed="3,2,1,0,3,37" ten="279,221,244,246" oya="3" hai0="117,119,80,94,63,110,50,68,24,4,48,46,15" hai1="115,33,10,107,105,20,64,76,99,104,57,9,87" hai2="85,39,32,73,11,19,14,133,96,59,93,8,41" hai3="29,129,79,112,116,128,132,95,120,118,102,45,65"/><W89/><G112/><T36/><D36/><U106/><E33/><V62/><F73/><W86/><G120/><T44/><D110/><U60/><E115/><V88/><F32/><W81/><G132/><T53/><D24/><U134/><E134/><V23/><F133/><W109/><G109/><T58/><D94/><U82/><N who="1" m="26624" /><DORA hai="26" /><U122/><E122/><V21/><F21/><W13/><G102/><T83/><D68/><U131/><E131/><N who="3" m="50250" /><G65/><T34/><D34/><U2/><E2/><V49/><F39/><W7/><G29/><T100/><D100/><U51/><E99/><V126/><F126/><W47/><G7/><T0/><D0/><U6/><E6/><V42/><F96/><N who="3" m="57455" /><G13/><T52/><D119/><AGARI ba="2,1" hai="45,47,79,81,86,116,118,119" m="57455,50250" machi="119" ten="30,1500,0" yaku="19,1" doraHai="37,26" who="3" fromWho="0" sc="279,-21,221,0,244,0,246,31" /><INIT seed="3,3,0,0,5,129" ten="258,221,244,277" oya="3" hai0="117,123,62,28,19,21,24,63,70,115,78,35,10" hai1="8,87,65,79,26,45,135,127,56,73,57,29,20" hai2="106,86,121,71,43,110,67,30,58,72,124,18,17" hai3="126,82,103,74,97,16,64,2,122,91,51,60,13"/><W55/><G2/><T4/><D117/><U99/><E127/><V102/><F58/><W132/><G122/><T12/><D123/><U9/><E73/><V116/><F86/><W88/><G126/><T66/><D78/><U41/><E135/><V3/><F102/><W44/><G132/><T36/><D36/><U39/><E99/><V100/><F100/><W31/><G31/><T6/><D115/><U50/><E39/><V134/><F67/><W80/><G74/><T23/><D62/><N who="1" m="38087" /><E50/><V34/><F18/><W114/><G114/><T68/><D68/><U119/><E119/><V27/><F17/><W95/><G60/><T94/><D94/><U38/><E38/><V53/><F27/><W52/><G64/><T5/><AGARI ba="3,0" hai="4,5,6,10,12,19,21,23,24,28,35,63,66,70" machi="5" ten="30,1100,0" yaku="0,1" doraHai="129" who="0" fromWho="0" sc="258,20,221,-6,244,-6,277,-8" /><INIT seed="4,0,0,3,2,27" ten="278,215,238,269" oya="0" hai0="9,134,2,87,120,125,108,103,47,57,111,7,43" hai1="123,113,19,131,105,94,63,96,67,109,72,5,38" hai2="65,25,35,41,121,8,6,20,46,31,17,39,126" hai3="34,91,48,42,130,90,84,127,114,132,86,66,28"/><T16/><D120/><U55/><E123/><V10/><F126/><W32/><G127/><T60/><D125/><U92/><E109/><N who="0" m="42057" /><D103/><U82/><E38/><V101/><F121/><W52/><G66/><N who="0" m="39183" /><D87/><U11/><E105/><V107/><F65/><W76/><G76/><T78/><D78/><U62/><E82/><V12/><REACH who="2" step="1"/><F6/><REACH who="2" ten="278,215,228,269" step="2"/><W106/><G114/><T102/><D134/><U99/><E5/><V124/><F124/><W74/><G132/><T98/><D7/><U30/><E67/><V21/><F21/><W93/><G34/><T133/><D133/><U71/><E113/><V118/><F118/><W15/><G32/><T24/><D9/><U45/><E11/><V59/><F59/><W128/><G128/><T100/><D2/><U115/><E131/><V80/><F80/><W73/><G130/><T129/><D129/><U49/><E115/><V23/><F23/><W22/><G22/><N who="0" m="13383" /><D98/><AGARI ba="0,1" hai="8,10,12,17,20,25,31,35,39,41,46,98,101,107" machi="98" ten="40,2600,0" yaku="1,1,52,1,53,0" doraHai="27" doraHaiUra="117" who="2" fromWho="0" sc="278,-26,215,0,228,36,269,0" /><INIT seed="5,0,0,0,0,95" ten="252,215,264,269" oya="1" hai0="114,19,3,124,2,24,34,36,131,1,129,118,73" hai1="22,100,41,109,102,81,75,82,134,96,74,64,123" hai2="40,78,37,48,63,112,122,110,56,88,39,67,108" hai3="94,119,42,121,38,106,92,85,29,105,12,25,80"/><U51/><E123/><V15/><F88/><N who="3" m="51239" /><G38/><N who="2" m="14345" /><F15/><W5/><G42/><T33/><D36/><U59/><E109/><V93/><F93/><N who="3" m="35947" /><G121/><T9/><D73/><U4/><E64/><N who="2" m="39015" /><F78/><W30/><G119/><T125/><D118/><U28/><E134/><V26/><F26/><W91/><G106/><T21/><D114/><U97/><E4/><V61/><F122/><W70/><G70/><T62/><D62/><U79/><E79/><V68/><F112/><W43/><G43/><T49/><D49/><U45/><E59/><V71/><F68/><W135/><G105/><T117/><D9/><U86/><E75/><V111/><F111/><W55/><G91/><T10/><D10/><U57/><E74/><V101/><F101/><N who="1" m="39017" /><E57/><V58/><F40/><W84/><G12/><T69/><D69/><U89/><E82/><V50/><F50/><W35/><G5/><T132/><D117/><U54/><E41/><V47/><F47/><W72/><G72/><T16/><D132/><U133/><E133/><V83/><F83/><W107/><G107/><T116/><D116/><U11/><E11/><V20/><F20/><W0/><G135/><T7/><D7/><U127/><E127/><N who="0" m="48713" /><D34/><U17/><E28/><V14/><F71/><W103/><G30/><N who="0" m="17679" /><D33/><U104/><E104/><V66/><F110/><W126/><G126/><T115/><D115/><U98/><E22/><V32/><F32/><W128/><G35/><T46/><D46/><U52/><E17/><AGARI ba="0,0" hai="1,2,3,16,17,19,129,131" m="17679,48713" machi="17" ten="40,8000,1" yaku="18,1,34,2,54,1" doraHai="95" who="0" fromWho="1" sc="252,80,215,-80,264,0,269,0" /><INIT seed="6,0,0,2,5,90" ten="332,135,264,269" oya="2" hai0="40,38,27,133,16,41,36,39,77,82,23,131,33" hai1="116,117,0,134,128,28,95,102,31,13,22,114,35" hai2="51,53,34,107,8,120,108,85,94,61,79,42,30" hai3="88,81,44,50,98,69,7,14,60,49,9,112,10"/><V19/><F107/><W96/><G112/><T66/><D33/><U118/><E102/><V70/><F120/><W32/><G32/><T97/><D66/><U92/><E114/><V15/><F108/><W123/><G123/><T130/><D97/><N who="3" m="37481" /><G69/><T127/><D133/><U111/><E111/><V101/><F101/><W124/><G124/><T121/><D127/><U129/><E0/><V106/><F106/><W62/><G10/><T109/><D121/><U84/><E84/><V46/><F79/><W17/><G7/><T113/><D113/><U1/><E1/><V86/><F94/><N who="1" m="35881" /><E35/><V29/><F34/><W99/><G50/><T59/><D109/><U18/><E134/><V57/><F70/><W76/><G76/><T103/><D103/><U132/><E132/><V71/><F71/><W122/><G122/><T89/><D77/><U43/><E43/><V3/><F3/><W58/><G58/><T72/><D59/><U83/><E83/><V87/><AGARI ba="0,0" hai="8,15,19,29,30,42,46,51,53,57,61,85,86,87" machi="87" ten="30,3000,0" yaku="0,1,8,1" doraHai="90" who="2" fromWho="2" sc="332,-10,135,-10,264,30,269,-10" /><INIT seed="6,1,0,5,4,16" ten="322,125,294,259" oya="2" hai0="131,97,128,28,24,80,134,76,2,27,101,130,103" hai1="73,88,14,116,29,20,32,125,91,86,26,6,122" hai2="11,7,110,33,8,31,4,93,94,34,19,127,68" hai3="3,46,48,21,22,129,69,121,60,23,36,47,92"/><V65/><F65/><W58/><G121/><T117/><D2/><U44/><E122/><V133/><F68/><W54/><G3/><T105/><D134/><U64/><E116/><V50/><F50/><W0/><G0/><T18/><D117/><U102/><E73/><V111/><F19/><W17/><G69/><T9/><D101/><U89/><E125/><V39/><F31/><W126/><G126/><T35/><D24/><U106/><E64/><V59/><F59/><N who="3" m="33223" /><G36/><T85/><D18/><U55/><E106/><V135/><REACH who="2" step="1"/><F127/><REACH who="2" ten="322,125,284,259" step="2"/><W62/><G17/><T81/><D9/><U30/><E30/><V108/><F108/><W52/><G129/><T72/><D130/><U107/><E32/><V118/><F118/><W109/><G109/><T41/><D131/><U100/><E29/><V84/><F84/><W67/><G67/><T113/><D128/><U104/><E86/><V71/><F71/><W120/><G120/><T57/><D57/><U99/><E99/><V56/><F56/><W43/><G60/><T115/><D85/><U45/><E26/><V95/><F95/><W38/><G38/><AGARI ba="1,1" hai="4,7,8,11,33,34,38,39,93,94,110,111,133,135" machi="38" ten="25,4800,0" yaku="1,1,22,2,53,0" doraHai="16" doraHaiUra="83" who="2" fromWho="3" sc="322,0,125,0,284,61,259,-51" /><INIT seed="6,2,0,5,1,97" ten="322,125,345,208" oya="2" hai0="20,55,102,11,64,67,16,105,17,119,23,6,76" hai1="38,7,79,24,12,29,37,92,112,122,43,95,73" hai2="121,71,47,0,51,18,134,126,90,98,116,80,65" hai3="58,53,1,14,45,59,63,91,57,114,107,25,93"/><V41/><F0/><W72/><G72/><T75/><D75/><U108/><E108/><V133/><F116/><W100/><G114/><T44/><D76/><U69/><E69/><V70/><F121/><W42/><G1/><T9/><D105/><U117/><E112/><V123/><F123/><W27/><G107/><T86/><D86/><U127/><E117/><V99/><F126/><W28/><G100/><T89/><D102/><U21/><E127/><V32/><F32/><W52/><G14/><N who="0" m="9239" /><D89/><U50/><E38/><V13/><F65/><W35/><G25/><N who="0" m="14575" /><D119/><U54/><E43/><V113/><F113/><W85/><REACH who="3" step="1"/><G53/><REACH who="3" ten="322,125,345,198" step="2"/><T31/><D9/><N who="1" m="4159" /><E122/><V34/><F13/><W62/><G62/><T135/><D11/><U19/><E73/><V68/><F133/><W4/><G4/><T48/><D135/><U60/><E60/><V39/><F134/><W40/><G40/><T120/><D6/><U46/><E37/><AGARI ba="2,1" hai="27,28,35,37,42,45,52,57,58,59,63,85,91,93" machi="37" ten="30,7700,0" yaku="1,1,7,1,54,1,53,1" doraHai="97" doraHaiUra="83" who="3" fromWho="1" sc="322,0,125,-83,345,0,198,93" /><INIT seed="7,0,0,2,5,88" ten="322,42,345,291" oya="3" hai0="45,51,17,36,3,109,25,49,44,48,59,5,92" hai1="130,54,89,1,65,6,55,85,60,74,70,31,123" hai2="127,135,104,35,116,71,13,22,47,118,50,68,11" hai3="106,57,111,2,56,9,30,124,24,23,121,61,79"/><W119/><G106/><T90/><D109/><U133/><E74/><V95/><F35/><W41/><G111/><T86/><D36/><U97/><E1/><V46/><F104/><W99/><G119/><T87/><D59/><U114/><E6/><V117/><F22/><W101/><G121/><T69/><D69/><U103/><E123/><V32/><F32/><W28/><G124/><T4/><D3/><U67/><E67/><V12/><F127/><W107/><G79/><T42/><D86/><U93/><E130/><V38/><F38/><W18/><G41/><N who="0" m="24591" /><D49/><U72/><E72/><V27/><F71/><W80/><G80/><T39/><D39/><U113/><E31/><V76/><F68/><W43/><G43/><T34/><D34/><U20/><E20/><AGARI ba="0,0" hai="4,5,17,20,25,42,45,51,87,90,92" m="24591" machi="20" ten="30,2000,0" yaku="8,1,52,1" doraHai="88" who="0" fromWho="1" sc="322,20,42,-20,345,0,291,0" owari="342,14.0,22,-48.0,345,45.0,291,-11.0" /></mjloggm>