<mjloggm ver="2.3"><GO type="41" lobby="0"/><UN n0="%E5%B0%B1%E6%B4%BB%E7%94%9F%40%E5%B7%9D%E6%9D%91%E8%BB%8D%E5%9B%A3" n1="%73%2E%77%61%64%61" n2="%E3%81%97%E3%81%8A%E3%82%8A%E3%82%93%E3%81%AF%E5%80%A6%E6%80%A0%E6%9C%9F" n3="%28%7E%2D%5E%29" dan="14,13,15,13" rate="1912.15,1871.86,1916.22,1893.95" sx="M,M,M,M"/><TAIKYOKU oya="0"/><INIT seed="0,0,0,5,5,76" ten="250,250,250,250" oya="0" hai0="39,66,1,2,9,44,71,85,49,6,122,50,64" hai1="113,7,93,79,24,17,30,127,15,134,58,91,95" hai2="75,80,111,90,8,63,106,51,124,36,82,68,73" hai3="22,18,0,110,12,3,108,96,55,133,10,37,109"/><T20/><D122/><U34/><E127/><V132/><F36/><W54/><G37/><T59/><D2/><N who="3" m="553" /><G96/><T116/><D116/><U125/><E125/><V99/><F124/><W135/><G54/><T48/><D71/><U83/><E134/><N who="3" m="51210" /><G55/><T35/><D35/><U5/><E113/><V105/><F132/><W89/><G89/><T120/><D120/><U53/><E95/><N who="2" m="56823" /><F8/><AGARI ba="0,0" hai="8,10,12,18,22,108,109,110" m="51210,553" machi="8" ten="40,8000,1" yaku="14,1,20,1,34,2" doraHai="76" who="3" fromWho="2" sc="250,0,250,0,250,-80,250,80" /><INIT seed="1,0,0,2,4,135" ten="250,250,170,330" oya="1" hai0="58,62,76,80,22,92,19,104,118,101,85,56,93" hai1="131,30,53,81,119,48,124,78,6,18,70,1,100" hai2="108,115,103,3,42,79,61,32,74,43,111,49,44" hai3="84,34,64,38,13,73,107,45,63,120,25,83,95"/><U39/><E119/><V130/><F32/><W57/><G120/><T82/><D118/><U31/><E70/><V40/><F3/><W14/><G73/><T24/><D104/><U109/><E39/><V59/><F103/><W112/><G107/><T17/><D101/><U26/><E131/><V21/><F21/><W129/><G112/><T65/><D80/><U126/><E109/><N who="2" m="42059" /><F79/><W16/><G129/><T94/><REACH who="0" step="1"/><D58/><REACH who="0" ten="240,250,170,330" step="2"/><N who="1" m="33063" /><E100/><V72/><F130/><W47/><G95/><T23/><D23/><N who="1" m="13687" /><E1/><V117/><F117/><W132/><G132/><T33/><D33/><U54/><E6/><V55/><F115/><W98/><G34/><T91/><D91/><U52/><E31/><AGARI ba="0,1" hai="17,19,22,24,31,56,62,65,76,82,85,92,93,94" machi="31" ten="40,2600,0" yaku="1,1,8,1,53,0" doraHai="135" doraHaiUra="41" who="0" fromWho="1" sc="240,36,250,-26,170,0,330,0" /><INIT seed="2,0,0,2,2,132" ten="276,224,170,330" oya="2" hai0="98,26,14,81,106,32,129,46,34,85,128,74,23" hai1="63,127,133,7,42,37,52,22,113,41,79,82,4" hai2="95,126,19,110,96,21,31,6,70,72,71,122,28" hai3="108,30,1,75,27,60,20,38,77,94,53,135,84"/><V117/><F122/><W112/><G38/><T78/><D14/><U73/><E113/><V29/><F117/><W101/><G1/><T10/><D10/><U44/><E42/><V99/><F72/><W66/><G135/><T58/><D46/><U100/><E133/><V61/><F6/><W15/><G108/><T83/><D58/><U40/><E40/><V90/><F110/><W2/><G112/><T13/><D13/><U48/><E100/><V49/><F49/><W103/><G2/><T76/><D98/><U17/><E127/><V130/><F130/><N who="0" m="50282" /><D106/><U102/><E102/><N who="3" m="38922" /><G75/><T47/><D47/><U56/><REACH who="1" step="1"/><E37/><REACH who="1" ten="276,214,170,330" step="2"/><V124/><F99/><W35/><G66/><T120/><D120/><U16/><E16/><AGARI ba="0,1" hai="16,23,26,32,34,74,76,78,81,83,85" m="50282" machi="16" ten="30,2000,0" yaku="19,1,54,1" doraHai="132" who="0" fromWho="1" sc="276,30,214,-20,170,0,330,0" /><INIT seed="3,0,0,1,5,89" ten="306,194,170,330" oya="3" hai0="35,73,52,39,80,105,14,118,98,29,119,23,53" hai1="94,15,55,17,6,113,84,104,134,45,93,122,50" hai2="112,121,109,58,78,63,3,68,1,116,96,7,132" hai3="87,32,34,25,126,76,27,38,127,67,28,56,51"/><W22/><G38/><T12/><D39/><U129/><E113/><V107/><F78/><W111/><G76/><T49/><D35/><N who="3" m="13353" /><G87/><T130/><D130/><U88/><E122/><V74/><F58/><W128/><G67/><T31/><D73/><U18/><E104/><V102/><F7/><W124/><G51/><T117/><D80/><N who="1" m="49159" /><E134/><V70/><F63/><W47/><G56/><T95/><D105/><U33/><E33/><V13/><F13/><W4/><G47/><T61/><D61/><U101/><E101/><V43/><F43/><W75/><G75/><T71/><D71/><N who="2" m="27178" /><F74/><W83/><G83/><T36/><D36/><U66/><E66/><V19/><F19/><N who="1" m="7177" /><E129/><V9/><F9/><AGARI ba="0,0" hai="6,9,15,45,50,55,93,94" m="7177,49159" machi="9" ten="30,7700,0" yaku="8,1,52,2,54,1" doraHai="89" who="1" fromWho="2" sc="306,0,194,77,170,-77,330,0" /><INIT seed="4,0,0,5,5,106" ten="306,271,93,330" oya="0" hai0="52,30,24,119,31,117,2,46,123,54,21,85,20" hai1="118,12,14,78,35,51,84,50,93,89,104,110,74" hai2="7,128,76,56,120,87,1,38,105,3,29,58,49" hai3="62,0,6,73,127,9,66,83,113,101,65,72,86"/><T94/><D2/><U130/><E110/><V36/><F120/><W134/><G66/><T97/><D123/><U8/><E118/><V125/><F105/><W82/><G113/><T111/><D111/><U80/><E35/><V4/><F29/><W88/><G127/><T5/><D5/><U121/><E121/><V18/><F125/><W107/><G134/><T59/><D46/><U32/><E32/><V77/><F49/><W71/><REACH who="3" step="1"/><G83/><REACH who="3" ten="306,271,93,320" step="2"/><T26/><D85/><U109/><E109/><V135/><F87/><W47/><G47/><T48/><REACH who="0" step="1"/><D54/><REACH who="0" ten="296,271,93,320" step="2"/><U95/><E130/><V15/><F128/><W132/><G132/><T45/><D45/><U55/><E104/><V43/><F135/><W23/><G23/><T81/><D81/><U131/><E131/><V122/><F122/><W112/><G112/><T28/><D28/><U22/><E95/><V99/><F99/><AGARI ba="0,2" hai="0,6,9,62,65,71,72,73,82,86,88,99,101,107" machi="99" ten="40,8000,1" yaku="1,1,52,2,54,1,53,1" doraHai="106" doraHaiUra="92" who="3" fromWho="2" sc="296,0,271,0,93,-80,320,100" /><INIT seed="5,0,0,2,0,7" ten="296,271,13,420" oya="1" hai0="114,70,115,103,12,44,76,81,133,122,6,89,29" hai1="9,32,127,109,118,69,132,83,87,85,13,10,46" hai2="34,94,42,67,93,18,111,130,98,86,39,116,71" hai3="11,119,59,23,53,82,35,112,25,79,38,31,121"/><U125/><E118/><V26/><F116/><W1/><G112/><N who="0" m="43051" /><D70/><U124/><E69/><V16/><F111/><W43/><G119/><T97/><D122/><U2/><E32/><V15/><F130/><W84/><G121/><T105/><D29/><U63/><E132/><V56/><F71/><W135/><G135/><T107/><D133/><U74/><E109/><V49/><F39/><W41/><G35/><T33/><D33/><U37/><E63/><N who="2" m="38375" /><F34/><W52/><G38/><T117/><D117/><U73/><E2/><V36/><F36/><W99/><G99/><T101/><D44/><U95/><E13/><V110/><F110/><W24/><G24/><T131/><D131/><U40/><E95/><N who="2" m="36363" /><F98/><W4/><G53/><T66/><D66/><U22/><E22/><N who="2" m="13639" /><F86/><N who="1" m="32777" /><E83/><V120/><F120/><W48/><AGARI ba="0,0" hai="1,4,11,23,25,31,41,43,48,52,59,79,82,84" machi="48" ten="20,5200,0" yaku="0,1,7,1,52,1,54,1" doraHai="7" who="3" fromWho="3" sc="296,-13,271,-26,13,-13,420,52" /><INIT seed="6,0,0,2,0,44" ten="283,245,0,472" oya="2" hai0="7,37,121,46,86,28,16,76,33,31,130,105,87" hai1="71,43,112,96,8,117,118,12,80,0,95,72,57" hai2="120,81,134,113,25,77,59,23,49,68,106,98,90" hai3="116,19,38,128,36,41,123,83,55,127,4,69,103"/><V91/><F120/><W47/><G19/><T45/><D105/><U13/><E112/><V124/><F68/><W122/><G103/><T100/><D33/><U93/><E71/><V10/><F113/><W11/><G116/><T40/><D121/><N who="3" m="46089" /><G55/><T99/><D130/><U109/><E109/><V60/><F124/><W104/><G104/><T24/><D7/><U6/><E93/><N who="2" m="56631" /><F106/><W101/><G101/><T133/><D133/><U126/><E126/><V64/><F134/><W89/><G89/><T58/><D45/><U27/><E27/><V53/><F77/><W22/><G22/><T48/><D37/><N who="3" m="14441" /><G83/><T15/><D58/><U50/><E72/><V115/><F115/><W51/><G11/><N who="0" m="6271" /><D76/><U63/><E80/><V114/><F114/><W56/><G4/><T54/><D54/><U135/><E135/><V88/><F10/><W20/><G20/><N who="0" m="15367" /><D31/><U111/><E111/><V131/><F81/><W34/><G34/><T73/><D73/><U32/><E32/><V84/><F84/><W39/><G127/><T129/><D129/><U2/><E118/><V35/><F35/><W66/><G128/><T61/><D61/><U132/><E132/><V70/><F131/><W67/><G69/><T79/><D79/><U94/><E117/><V14/><F14/><W85/><G85/><T108/><D108/><U29/><E29/><N who="2" m="17599" /><F70/><W26/><G26/><T125/><D125/><U75/><E75/><V65/><F60/><N who="3" m="38151" /><G39/><T18/><D18/><U119/><E119/><V52/><F53/><W21/><G21/><T42/><D42/><U92/><E0/><V107/><F107/><RYUUKYOKU ba="0,0" sc="283,10,245,-30,0,10,472,10" hai0="40,46,48,86,87,99,100" hai2="49,52,59,64,65,88,91" hai3="41,47,51,67" /><INIT seed="6,1,0,0,3,76" ten="293,215,10,482" oya="2" hai0="135,89,30,82,132,71,33,11,64,52,40,36,50" hai1="95,117,66,105,12,98,94,70,9,39,41,97,35" hai2="129,121,113,103,126,16,112,67,37,45,93,6,57" hai3="61,25,109,5,27,91,24,28,19,134,32,59,73"/><V116/><F121/><W83/><G109/><T110/><D110/><U62/><E117/><V0/><F116/><W58/><G134/><N who="0" m="51243" /><D36/><U125/><E125/><V10/><F126/><W65/><G5/><T34/><D40/><U118/><E118/><V130/><F16/><W120/><G120/><T4/><D64/><U14/><E35/><N who="0" m="13321" /><D30/><U1/><E105/><V20/><F20/><W43/><G43/><T78/><D89/><U55/><E39/><V7/><F7/><W127/><G127/><T60/><D60/><U44/><E1/><V31/><F31/><W128/><G128/><N who="2" m="49257" /><F37/><W42/><G42/><T23/><D71/><U72/><E72/><V114/><F45/><W79/><G58/><N who="0" m="33047" /><D23/><U100/><E9/><V104/><F104/><W3/><G3/><T133/><N who="0" m="51251" /><T49/><DORA hai="123" /><D49/><U111/><E111/><V53/><F67/><W69/><G69/><T13/><D78/><U46/><E41/><V26/><F26/><W54/><G65/><T77/><D77/><U74/><E74/><V92/><F103/><W15/><G91/><T90/><D90/><U102/><E55/><V96/><F96/><W51/><REACH who="3" step="1"/><G61/><AGARI ba="1,0" hai="0,6,10,53,57,61,92,93,112,113,114" m="49257" machi="61" ten="40,3900,0" yaku="15,1,19,1" doraHai="76,123" who="2" fromWho="3" sc="293,0,215,0,10,42,482,-42" /><INIT seed="6,2,0,2,1,53" ten="293,215,52,440" oya="2" hai0="19,26,11,95,40,39,27,73,4,100,22,94,78" hai1="71,92,48,101,54,132,72,30,75,37,15,80,31" hai2="6,129,55,58,3,106,91,28,88,49,77,9,69" hai3="43,23,85,56,84,32,124,57,10,107,64,42,36"/><V82/><F129/><W16/><G32/><T45/><D100/><U86/><E37/><V122/><F122/><W83/><G107/><T20/><D78/><U99/><E71/><V133/><F133/><W47/><G124/><T105/><D73/><U126/><E132/><V135/><F135/><W5/><G64/><T127/><D105/><U134/><E126/><V66/><F106/><W17/><G85/><T51/><D39/><U113/><E113/><V119/><F119/><W96/><G96/><T130/><D130/><U62/><E134/><V2/><F2/><W131/><G131/><T109/><D109/><U76/><E62/><V89/><F28/><W34/><G34/><T120/><D120/><U87/><E75/><V67/><REACH who="2" step="1"/><F69/><REACH who="2" ten="293,215,42,440" step="2"/><W90/><G43/><T7/><D127/><U44/><E31/><V116/><F116/><W38/><G38/><T63/><D95/><U115/><E115/><V8/><F8/><W35/><G35/><T74/><D94/><U79/><E30/><V111/><F111/><W110/><G110/><T70/><D11/><U93/><E79/><V52/><F52/><W98/><G98/><T33/><D33/><U97/><E15/><V60/><F60/><W125/><G125/><T18/><D74/><AGARI ba="2,1" hai="3,6,9,49,55,58,66,67,74,77,82,88,89,91" machi="74" ten="40,7700,0" yaku="1,1,52,1,54,1,53,0" doraHai="53" doraHaiUra="41" who="2" fromWho="0" sc="293,-83,215,0,42,93,440,0" /><INIT seed="6,3,0,4,0,18" ten="210,215,135,440" oya="2" hai0="5,49,97,130,68,101,89,110,112,43,100,82,109" hai1="65,13,90,21,47,40,85,15,3,131,36,95,92" hai2="117,34,88,87,58,83,62,2,56,30,27,135,57" hai3="126,77,134,26,17,66,14,12,63,46,16,20,44"/><V115/><F117/><W8/><G126/><T35/><D68/><U67/><E3/><V124/><F124/><W72/><G134/><T69/><D35/><U38/><E38/><V71/><F135/><W111/><G111/><T114/><D69/><U22/><E131/><V19/><F115/><N who="0" m="44074" /><D5/><U118/><E118/><V104/><F2/><W74/><G77/><T98/><D43/><U132/><E132/><V91/><F104/><W64/><G26/><T116/><D49/><N who="1" m="26855" /><E95/><V78/><REACH who="2" step="1"/><F19/><REACH who="2" ten="210,215,125,440" step="2"/><W84/><G74/><T70/><D116/><U11/><E36/><V37/><F37/><W55/><G72/><T51/><D130/><U50/><E50/><V96/><F96/><N who="0" m="36970" /><D51/><U1/><E1/><V94/><F94/><W128/><G84/><N who="0" m="50327" /><D70/><U119/><E119/><V32/><F32/><W133/><G128/><T123/><D123/><U31/><E31/><V24/><F24/><W75/><G75/><T107/><D107/><U102/><E102/><AGARI ba="3,1" hai="100,101,102,109,110" m="50327,36970,44074" machi="102" ten="30,3900,0" yaku="15,1,34,2" doraHai="18" who="0" fromWho="1" sc="210,58,215,-48,125,0,440,0" /><INIT seed="7,0,0,1,0,1" ten="268,167,125,440" oya="3" hai0="43,6,113,32,96,69,121,128,35,59,115,124,11" hai1="8,109,66,24,53,120,52,25,100,17,12,119,48" hai2="0,55,130,88,63,103,20,99,19,127,38,84,40" hai3="44,41,93,29,98,107,31,33,114,122,56,125,72"/><W123/><G114/><N who="0" m="43531" /><D69/><U75/><E109/><V105/><F130/><W47/><G56/><T79/><D121/><U135/><E120/><V102/><F127/><W49/><G125/><T57/><D124/><U23/><E135/><V68/><F0/><W91/><G72/><T101/><D128/><U3/><E75/><V87/><F103/><W62/><G107/><N who="0" m="63911" /><D79/><U82/><E119/><V71/><F84/><W112/><G112/><T67/><D43/><U106/><E82/><V108/><F108/><W39/><G62/><N who="0" m="38351" /><D59/><U16/><E66/><V13/><F40/><W85/><G33/><T2/><AGARI ba="0,0" hai="2,6,11,32,35" m="38351,63911,43531" machi="2" ten="30,4000,0" yaku="15,1,11,1,52,1" doraHai="1" who="0" fromWho="0" sc="268,40,167,-10,125,-10,440,-20" owari="308,11.0,157,-24.0,115,-38.0,420,51.0" /></mjloggm>