<mjloggm ver="2.3"><GO type="169" lobby="0"/><UN n0="%E5%8D%9A%E9%BA%97%E3%82%86%E3%81%8B%E3%82%8A" n1="%E3%82%A6%E3%83%AB%E3%83%88%E3%83%A9%E7%AB%8B%E7%9B%B4" n2="%E3%82%AE%E3%82%AC%E3%83%9E%E3%82%A4%E3%83%B3" n3="%31%73%E3%81%A7%E3%81%84%E3%81%84%E3%81%9D%E3%81%86" dan="17,17,16,16" rate="2133.95,2140.93,2101.93,2056.20" sx="M,M,M,M"/><TAIKYOKU oya="0"/><INIT seed="0,0,0,3,2,78" ten="250,250,250,250" oya="0" hai0="130,100,23,65,15,121,132,93,75,14,108,40,28" hai1="106,34,66,30,99,56,77,35,61,85,57,54,43" hai2="102,11,98,18,25,76,80,119,49,90,104,111,127" hai3="60,26,73,134,22,110,74,8,95,59,45,9,58"/><T116/><D121/><U46/><E30/><V79/><F111/><W122/><G110/><T47/><D108/><U114/><E114/><V112/><F112/><W89/><G122/><T51/><D75/><U12/><E12/><V68/><F68/><W72/><G134/><T53/><D116/><U33/><E99/><V21/><F127/><W3/><G45/><T6/><D130/><U124/><E106/><V69/><F69/><W42/><G42/><T87/><D132/><U120/><E124/><V82/><F119/><W19/><G3/><T71/><D40/><U131/><E131/><V84/><F49/><W2/><G2/><T128/><D128/><U20/><E20/><V92/><REACH who="2" step="1"/><F11/><REACH who="2" ten="250,250,240,250" step="2"/><W86/><REACH who="3" step="1"/><G58/><REACH who="3" ten="250,250,240,240" step="2"/><T103/><D71/><U94/><E57/><V101/><F101/><W109/><G109/><T126/><D100/><U81/><E120/><V67/><F67/><AGARI ba="0,2" hai="8,9,19,22,26,59,60,67,72,73,74,86,89,95" machi="67" ten="40,1300,0" yaku="1,1,53,0" doraHai="78" doraHaiUra="113" who="3" fromWho="2" sc="250,0,250,0,240,-13,240,33" /><INIT seed="1,0,0,5,1,40" ten="250,250,227,273" oya="1" hai0="99,127,7,44,107,26,71,46,61,130,84,51,15" hai1="42,92,128,66,10,31,5,126,34,97,111,83,9" hai2="16,87,135,18,69,95,89,17,91,106,28,27,23" hai3="13,79,29,117,120,0,52,109,14,115,62,6,58"/><U134/><E126/><V22/><F106/><W133/><G120/><T63/><D127/><U19/><E128/><V90/><F69/><W132/><G115/><T60/><D130/><U112/><E112/><V11/><F135/><N who="3" m="51787" /><G109/><T64/><D51/><U116/><E116/><V113/><F113/><W70/><G117/><T65/><D84/><U80/><E111/><V54/><F23/><W2/><G70/><T86/><D26/><U73/><E34/><V78/><F78/><W74/><G29/><T85/><D71/><U47/><E31/><V102/><F102/><W12/><G6/><T88/><D107/><U104/><E104/><V38/><F38/><W77/><G74/><T49/><D49/><N who="1" m="26871" /><E73/><V131/><F131/><W121/><G121/><T57/><D86/><U110/><E110/><V100/><F100/><W55/><G55/><T35/><D99/><U105/><E66/><N who="0" m="25705" /><D57/><U8/><E105/><V43/><F43/><W32/><G32/><T114/><D35/><U82/><E5/><V72/><F72/><W96/><G96/><T119/><D119/><U103/><E134/><V24/><F24/><W81/><G81/><N who="0" m="49199" /><D114/><U67/><E67/><V76/><F76/><AGARI ba="0,0" hai="0,2,12,13,14,52,58,62,76,77,79" m="51787" machi="76" ten="30,2000,0" yaku="20,1,54,1" doraHai="40" who="3" fromWho="2" sc="250,0,250,0,227,-20,273,20" /><INIT seed="2,0,0,2,2,25" ten="250,250,207,293" oya="2" hai0="107,129,21,23,24,95,115,66,113,97,14,11,51" hai1="26,73,102,110,60,69,112,130,128,111,56,12,109" hai2="57,124,49,85,117,65,7,55,10,86,116,83,64" hai3="27,2,16,70,93,0,13,37,41,79,53,81,44"/><V32/><F32/><W75/><G70/><T72/><D72/><U119/><E73/><V89/><F124/><W39/><G39/><T121/><D107/><U101/><E119/><V38/><F38/><W62/><G27/><T47/><D129/><N who="1" m="49771" /><E112/><V88/><F117/><W4/><G4/><T105/><D23/><U8/><E69/><V108/><F116/><W1/><G93/><T54/><D66/><N who="1" m="39175" /><E26/><V131/><F108/><W126/><G126/><T125/><D105/><U28/><E28/><V134/><F134/><W58/><REACH who="3" step="1"/><G0/><REACH who="3" ten="250,250,207,283" step="2"/><T94/><D125/><U77/><E77/><V29/><F131/><W99/><G99/><T22/><D97/><U9/><E9/><AGARI ba="0,1" hai="1,2,9,13,16,37,41,44,53,58,62,75,79,81" machi="9" ten="30,3900,0" yaku="1,1,7,1,54,1,53,0" doraHai="25" doraHaiUra="61" who="3" fromWho="1" sc="250,0,250,-39,207,0,283,49" /><INIT seed="3,0,0,1,1,26" ten="250,211,207,332" oya="3" hai0="125,31,28,105,112,3,111,69,80,119,56,18,75" hai1="50,90,61,44,45,48,76,121,73,62,53,114,101" hai2="113,64,30,81,66,91,70,133,98,54,12,106,21" hai3="126,116,55,129,85,43,49,123,65,100,115,127,8"/><W103/><G115/><T108/><D119/><U41/><E114/><V23/><F113/><W17/><G116/><T77/><D112/><U24/><E121/><V16/><F133/><W135/><G123/><T72/><D125/><N who="3" m="47625" /><G135/><T63/><D69/><U92/><E101/><N who="3" m="38986" /><G129/><T47/><D105/><U68/><E68/><V78/><F106/><W88/><G65/><N who="0" m="39143" /><D3/><U117/><E117/><V96/><F70/><W109/><G43/><T27/><D47/><U124/><E124/><V39/><F39/><W20/><G8/><T38/><D75/><U52/><E41/><V83/><F54/><W84/><G109/><N who="0" m="42059" /><D38/><U9/><E9/><V0/><F0/><W71/><G71/><T22/><AGARI ba="0,0" hai="18,22,27,28,31,72,77,80" m="42059,39143" machi="22" ten="30,4000,0" yaku="14,1,52,2" doraHai="26" who="0" fromWho="0" sc="250,40,211,-10,207,-10,332,-20" /><INIT seed="4,0,0,1,3,7" ten="290,201,197,312" oya="0" hai0="75,90,60,4,8,32,89,116,82,45,2,38,85" hai1="119,0,135,24,11,43,61,132,97,30,23,21,77" hai2="92,131,62,29,71,109,128,112,70,107,15,100,53" hai3="19,18,3,6,68,63,49,13,26,81,36,39,94"/><T87/><D116/><U91/><E77/><V31/><F107/><W134/><G134/><N who="1" m="51242" /><E43/><V110/><F112/><W103/><G26/><T59/><D75/><U72/><E72/><V124/><F124/><W117/><G117/><T52/><D32/><N who="1" m="20551" /><E61/><V118/><F118/><W99/><G3/><T27/><D27/><U105/><E119/><V123/><F123/><W114/><G114/><T9/><D4/><N who="1" m="1415" /><E91/><V42/><F42/><W1/><G39/><T127/><D127/><U122/><E122/><V125/><F125/><W14/><G36/><T78/><D78/><U50/><E50/><V79/><F79/><W54/><G63/><T83/><D2/><U65/><E65/><V64/><F64/><W12/><G68/><T34/><D34/><U40/><E40/><AGARI ba="0,0" hai="8,9,38,40,45,52,59,60,82,83,85,87,89,90" machi="40" ten="40,12000,1" yaku="9,1,52,2,54,1" doraHai="7" who="0" fromWho="1" sc="290,120,201,-120,197,0,312,0" /><INIT seed="4,1,0,0,0,44" ten="410,81,197,312" oya="0" hai0="69,68,92,127,16,28,78,27,6,63,50,24,102" hai1="10,77,105,23,25,8,70,119,65,118,47,30,109" hai2="97,93,40,1,7,18,80,5,132,75,52,128,67" hai3="3,37,117,11,126,99,19,88,107,56,135,55,103"/><T21/><D127/><U121/><E121/><V95/><F132/><W113/><G117/><T87/><D6/><U131/><E109/><V61/><F128/><W17/><G135/><T53/><D63/><U43/><E131/><V74/><F40/><W48/><G37/><T15/><D68/><U54/><E105/><V33/><F33/><W49/><G113/><T106/><D106/><U98/><E77/><V123/><F123/><W62/><G126/><T130/><D69/><U111/><E111/><V45/><F18/><W133/><G133/><T64/><D64/><U129/><E129/><V108/><F108/><W73/><G73/><T101/><D130/><U72/><E72/><V32/><F32/><W134/><G134/><T29/><D29/><U51/><E98/><V9/><F7/><W12/><G3/><T82/><D92/><U14/><E65/><V34/><F34/><W71/><G19/><T38/><D38/><U116/><E70/><V39/><F95/><W4/><G4/><T76/><D76/><U35/><E35/><V91/><F80/><W84/><G71/><T60/><D60/><U41/><REACH who="1" step="1"/><E10/><REACH who="1" ten="410,71,197,312" step="2"/><V0/><F67/><W86/><G86/><T124/><D87/><U20/><E20/><V2/><F75/><W79/><REACH who="3" step="1"/><G79/><REACH who="3" ten="410,71,197,302" step="2"/><T120/><D78/><U125/><E125/><V100/><F74/><W42/><G42/><T57/><D124/><U85/><E85/><V46/><F97/><W94/><AGARI ba="1,2" hai="11,12,17,48,49,55,56,62,84,88,94,99,103,107" machi="94" ten="20,12000,2" yaku="1,1,0,1,7,1,52,2,54,1,53,0" doraHai="44" doraHaiUra="115" who="3" fromWho="3" sc="410,-61,71,-31,197,-31,302,143" /><INIT seed="5,0,0,3,4,102" ten="349,40,166,445" oya="1" hai0="75,73,124,48,80,68,77,91,24,19,34,66,17" hai1="33,10,4,18,114,120,11,25,84,98,62,60,125" hai2="15,108,100,92,97,23,41,9,78,82,106,32,57" hai3="112,129,74,55,105,116,59,90,85,117,113,71,36"/><U109/><E120/><V13/><F108/><W101/><G74/><T28/><D124/><U111/><E125/><V38/><F32/><W123/><G71/><T133/><D75/><U35/><E114/><N who="3" m="44138" /><G123/><T45/><D133/><U134/><E134/><V22/><F57/><W30/><G36/><T50/><D50/><U99/><E84/><V7/><F13/><W8/><G30/><T83/><D83/><U40/><E40/><V0/><F15/><W93/><G8/><N who="1" m="3114" /><E4/><V131/><F131/><W5/><G5/><T52/><REACH who="0" step="1"/><D91/><REACH who="0" ten="339,40,166,445" step="2"/><U43/><E43/><V96/><F41/><W12/><G129/><T21/><D21/><N who="1" m="13495" /><E33/><V61/><F38/><W14/><G116/><T63/><AGARI ba="0,1" hai="17,19,24,28,34,45,48,52,63,66,68,73,77,80" machi="63" ten="30,7900,0" yaku="1,1,0,1,54,1,53,1" doraHai="102" doraHaiUra="79" who="0" fromWho="0" sc="339,89,40,-39,166,-20,445,-20" /><INIT seed="6,0,0,3,0,110" ten="428,1,146,425" oya="2" hai0="87,62,80,0,23,17,41,29,128,45,42,119,69" hai1="92,90,59,84,68,107,102,130,30,22,120,127,49" hai2="55,121,28,47,12,113,98,14,114,108,99,20,57" hai3="60,105,74,44,70,63,37,72,131,111,32,15,123"/><V6/><F121/><W38/><G111/><T79/><D0/><U85/><E68/><V82/><F108/><W116/><G123/><T133/><D133/><U77/><E120/><V78/><F47/><W18/><G116/><T54/><D119/><U48/><E127/><V24/><F98/><W124/><G105/><T117/><D117/><U94/><E130/><V52/><F99/><W50/><G32/><T31/><D128/><U81/><E107/><V100/><F100/><W125/><G131/><T4/><D4/><U34/><E34/><V11/><F14/><W106/><G106/><T39/><D42/><U65/><E102/><V122/><F122/><W40/><G72/><T76/><D76/><U91/><E65/><V13/><F13/><W58/><G74/><T9/><D9/><U115/><E59/><V135/><F135/><W8/><G70/><T71/><D71/><U75/><E115/><N who="2" m="44043" /><F57/><W129/><G129/><T27/><D69/><U35/><E35/><V19/><F6/><W103/><G103/><T53/><D45/><U83/><E83/><V16/><F28/><W5/><G5/><T21/><D31/><U73/><E73/><AGARI ba="0,0" hai="11,12,16,19,20,24,52,55,73,78,82" m="44043" machi="73" ten="30,18000,2" yaku="15,1,52,3,54,2" doraHai="110" who="2" fromWho="1" sc="428,0,1,-180,146,180,425,0" owari="428,52.0,-179,-68.0,326,-7.0,425,23.0" /></mjloggm>