<mjloggm ver="2.3"><GO type="225" lobby="0"/><UN n0="%E3%81%8D%E3%81%BF%E3%81%9F%E3%81%BE%E3%81%94" n1="%E6%B3%95%E6%94%BF%E5%A4%A7%E5%AD%A6%EF%BC%93%E5%B9%B4" n2="%E5%B0%B1%E6%B4%BB%E7%94%9F%40%E5%B7%9D%E6%9D%91%E8%BB%8D%E5%9B%A3" n3="%61%73%73%65%72%74%69%76" dan="16,17,16,16" rate="2109.59,2169.31,2076.57,2156.60" sx="M,M,M,M"/><TAIKYOKU oya="0"/><INIT seed="0,0,0,1,0,93" ten="250,250,250,250" oya="0" hai0="2,65,54,1,92,81,115,9,52,68,84,72,50" hai1="57,25,104,27,13,109,20,36,88,133,77,66,40" hai2="29,6,73,113,126,24,12,134,121,118,129,91,64" hai3="61,48,82,127,130,95,45,116,69,5,71,53,35"/><T17/><D115/><U90/><E104/><V41/><F73/><W75/><G35/><T108/><D54/><U60/><E109/><V123/><F41/><W83/><G5/><T26/><D108/><U37/><E133/><V21/><F91/><W33/><G33/><T11/><D72/><U97/><E77/><V70/><F70/><W87/><G116/><T58/><D68/><U23/><E13/><V18/><F64/><W0/><G0/><T51/><D2/><U107/><E40/><V124/><F118/><W112/><G127/><N who="2" m="48681" /><F113/><W44/><G130/><T43/><D65/><U15/><E15/><V7/><F129/><W14/><G14/><T101/><D1/><U67/><E107/><V79/><F79/><W62/><G95/><T103/><D81/><U63/><E57/><V117/><F117/><W135/><G75/><T47/><D84/><U8/><E8/><N who="0" m="3145" /><D92/><U76/><E76/><V30/><F134/><W98/><G87/><T122/><D122/><N who="2" m="46602" /><F30/><W49/><G135/><T96/><D96/><AGARI ba="0,0" hai="20,23,25,27,36,37,60,63,66,67,88,90,96,97" machi="96" ten="25,8000,1" yaku="22,2,52,2,54,1" doraHai="93" who="1" fromWho="0" sc="250,-80,250,80,250,0,250,0" /><INIT seed="1,0,0,3,3,25" ten="170,330,250,250" oya="1" hai0="10,45,126,6,107,110,74,63,91,105,11,24,119" hai1="32,0,62,113,101,5,35,58,89,7,29,51,79" hai2="135,30,8,55,127,116,49,92,73,95,117,90,16" hai3="99,42,130,103,115,100,88,20,13,70,83,134,60"/><U129/><E129/><V15/><F73/><W102/><G115/><T97/><D74/><U21/><E113/><V87/><F127/><W48/><G130/><T125/><D119/><U28/><E101/><V85/><F135/><W68/><G134/><T33/><D110/><U38/><E38/><V41/><F41/><W122/><G122/><T47/><D63/><U34/><E79/><V39/><F39/><W71/><G60/><T31/><D91/><U59/><E0/><V112/><F112/><W108/><G108/><T121/><D121/><U106/><E106/><N who="0" m="40457" /><D97/><U133/><E133/><V67/><F67/><W44/><G99/><T66/><D66/><U78/><E78/><V46/><F30/><N who="1" m="11881" /><E62/><V40/><F40/><W132/><G132/><T53/><D53/><U27/><E89/><AGARI ba="0,0" hai="8,15,16,46,49,55,85,87,89,90,92,95,116,117" machi="89" ten="40,2600,0" yaku="9,1,54,1" doraHai="25" who="2" fromWho="1" sc="170,0,330,-26,250,26,250,0" /><INIT seed="2,0,0,1,5,56" ten="170,304,276,250" oya="2" hai0="35,99,98,62,88,77,69,100,50,78,13,61,19" hai1="132,113,47,127,85,121,45,81,8,95,44,53,117" hai2="106,18,11,21,48,104,129,84,15,90,1,116,119" hai3="39,134,108,37,118,54,94,55,115,17,6,27,123"/><V96/><F129/><W91/><G118/><T105/><D35/><U83/><E117/><V0/><F119/><W101/><G123/><T75/><D69/><U59/><E113/><V60/><F116/><W76/><G115/><T4/><D4/><U65/><E121/><V72/><F72/><W86/><G6/><T63/><D50/><N who="1" m="31159" /><E127/><V16/><F96/><W57/><G76/><T52/><D75/><U42/><E132/><V120/><F120/><W28/><G101/><T126/><D126/><U30/><E42/><V2/><F60/><N who="0" m="23146" /><D105/><U43/><E43/><V14/><REACH who="2" step="1"/><F48/><REACH who="2" ten="170,304,266,250" step="2"/><W87/><G134/><T73/><D73/><U7/><E65/><V9/><F9/><W58/><G39/><T29/><D100/><U51/><E51/><V31/><F31/><W38/><G37/><T23/><D29/><U124/><E30/><V32/><F32/><W46/><G38/><T79/><D88/><N who="1" m="53647" /><E124/><V103/><F103/><W128/><G91/><T33/><D33/><U112/><E112/><V131/><F131/><W26/><G128/><T24/><D24/><U125/><E125/><V20/><F20/><W68/><G28/><T122/><D122/><U10/><E7/><V12/><F12/><W102/><G102/><T111/><D111/><U34/><E34/><V110/><F110/><W82/><G108/><T70/><D70/><U3/><E3/><V66/><F66/><W41/><G68/><T49/><N who="0" m="23154" /><T67/><DORA hai="80" /><D67/><U135/><E135/><V74/><F74/><W5/><G27/><T36/><D36/><U71/><E71/><V133/><F133/><RYUUKYOKU ba="0,1" sc="170,10,304,10,266,10,250,-30" hai0="13,19,23,49,52,77,78,79,98,99" hai1="8,10,44,45,47,81,83" hai2="0,1,2,11,14,15,16,18,21,84,90,104,106" /><INIT seed="2,1,1,5,5,73" ten="180,314,276,220" oya="2" hai0="61,119,92,79,113,90,53,31,7,40,28,17,108" hai1="32,78,65,19,76,43,123,116,131,62,47,64,6" hai2="63,2,67,104,44,59,100,87,126,81,36,118,52" hai3="22,4,133,107,93,135,112,23,125,41,11,130,14"/><V10/><F118/><W99/><G107/><T51/><D113/><U102/><E116/><V106/><F126/><W121/><G41/><T21/><D7/><U124/><E32/><V105/><F100/><W128/><G125/><T26/><D108/><U101/><E124/><V5/><F36/><W57/><G57/><T34/><D119/><U55/><E6/><V9/><F9/><W109/><G109/><T27/><D40/><U127/><E127/><V37/><F37/><W114/><G93/><T49/><D31/><U103/><E131/><N who="3" m="50218" /><G99/><N who="0" m="57751" /><D79/><N who="1" m="30251" /><E123/><V0/><F0/><W129/><N who="3" m="50226" /><W72/><DORA hai="70" /><G72/><T98/><D98/><U80/><E80/><V50/><F106/><W71/><G71/><T29/><D29/><U84/><E84/><V25/><F25/><W110/><G110/><T95/><D95/><U132/><E132/><N who="3" m="50762" /><G121/><T74/><D74/><U96/><E96/><V42/><F42/><W54/><G54/><T58/><AGARI ba="1,1" hai="17,21,26,27,28,34,49,51,53,58,61" m="57751" machi="58" ten="30,1100,0" yaku="25,1" doraHai="73,70" who="0" fromWho="0" sc="180,24,314,-4,276,-6,220,-4" /><INIT seed="3,0,0,5,0,14" ten="204,310,270,216" oya="3" hai0="111,66,72,115,104,33,112,89,90,47,75,39,26" hai1="127,13,18,109,95,54,15,80,64,36,60,81,56" hai2="61,98,5,41,45,31,7,70,97,85,58,131,6" hai3="22,119,132,101,21,4,57,94,1,126,40,8,16"/><W43/><G119/><T117/><D104/><U50/><E36/><V100/><F131/><W42/><G126/><T2/><D2/><U0/><E0/><V68/><F31/><W51/><G132/><T46/><D111/><U130/><E109/><V113/><F113/><N who="0" m="43594" /><D117/><U12/><E127/><V79/><F79/><W62/><G22/><T87/><D66/><U118/><E118/><V76/><F76/><W120/><G120/><T134/><D134/><U9/><E130/><V44/><F85/><W108/><G108/><T3/><D3/><U37/><E37/><V49/><F45/><N who="0" m="16906" /><D39/><U35/><E35/><V123/><F123/><W103/><G94/><N who="0" m="54591" /><D90/><U78/><E95/><V27/><F27/><W105/><G105/><T88/><D88/><U24/><E78/><V65/><F98/><W135/><G135/><T20/><D33/><U59/><E9/><V124/><F124/><W129/><G129/><T67/><D67/><U48/><E80/><V71/><F97/><W29/><G51/><T63/><D63/><N who="1" m="38015" /><E81/><V125/><F125/><W110/><G110/><T122/><D122/><U96/><E96/><V106/><F106/><W83/><G83/><T102/><D102/><U23/><AGARI ba="0,0" hai="12,13,15,18,23,24,48,50,54,56,60" m="38015" machi="23" ten="30,2000,0" yaku="8,1,52,1" doraHai="14" who="1" fromWho="1" sc="204,-5,310,20,270,-5,216,-10" owari="199,-30.0,330,42.0,265,7.0,206,-19.0" /></mjloggm>