<mjloggm ver="2.3"><GO type="169" lobby="0"/><UN n0="%E7%B4%85%E3%81%84%E7%9E%B3%E3%81%AE%E6%AD%A6%E4%B8%B8" n1="%74%61%72%6F%33%39%30%30" n2="%E3%82%A6%E3%83%AB%E3%83%88%E3%83%A9%E7%AB%8B%E7%9B%B4" n3="%E3%82%A2%E3%82%A6%E3%83%A9%E3%83%B3%E3%82%B0%E3%82%BC%E3%83%BC%E3%83%96" dan="16,18,17,16" rate="2140.87,2243.11,2206.15,2097.82" sx="M,M,M,M"/><TAIKYOKU oya="0"/><INIT seed="0,0,0,0,5,91" ten="250,250,250,250" oya="0" hai0="30,69,114,40,96,80,124,17,14,39,118,126,0" hai1="107,54,102,9,89,127,94,49,27,88,61,20,132" hai2="81,13,44,83,36,23,73,42,105,57,8,10,41" hai3="67,123,120,7,22,122,134,78,47,51,29,125,32"/><T35/><D69/><U26/><E132/><V6/><F105/><W34/><G134/><T135/><D135/><U64/><E127/><N who="0" m="48681" /><D118/><U75/><E75/><V79/><F42/><N who="3" m="25079" /><G125/><T53/><D0/><U109/><E107/><V71/><F71/><W50/><G67/><T113/><D80/><U116/><E109/><V68/><F68/><W104/><G104/><T21/><D53/><U60/><E116/><V85/><F57/><W76/><G7/><T87/><D87/><U133/><E133/><V86/><F23/><W98/><G98/><T52/><D96/><N who="1" m="59671" /><E9/><V3/><REACH who="2" step="1"/><F83/><REACH who="2" ten="250,250,240,250" step="2"/><W58/><G22/><T131/><D21/><U99/><E26/><V108/><F108/><W111/><G111/><T11/><D35/><U115/><E27/><V77/><F77/><N who="3" m="29803" /><G29/><T121/><D114/><U56/><E115/><V38/><F38/><W4/><G34/><T62/><D39/><U43/><E20/><V74/><F74/><W110/><G32/><T16/><D113/><U28/><E28/><V128/><F128/><W12/><G110/><T70/><D70/><U15/><E43/><V18/><AGARI ba="0,1" hai="3,6,8,10,13,18,36,41,44,73,79,81,85,86" machi="18" ten="20,8000,1" yaku="1,1,0,1,7,1,25,2,53,0" doraHai="91" doraHaiUra="100" who="2" fromWho="2" sc="250,-40,250,-20,240,90,250,-20" /><INIT seed="1,0,0,2,1,65" ten="210,230,330,230" oya="1" hai0="68,131,24,128,58,23,8,72,5,60,94,91,27" hai1="85,12,54,35,129,103,4,3,126,64,10,61,119" hai2="101,121,135,18,7,111,21,16,113,130,37,124,98" hai3="112,78,38,50,81,20,84,52,76,2,32,114,109"/><U39/><E119/><V99/><F121/><W25/><G38/><T92/><D72/><U36/><E35/><V29/><F37/><W122/><G122/><T97/><D92/><U22/><E129/><N who="0" m="49737" /><D23/><U106/><E126/><V87/><F124/><W117/><G117/><T70/><D58/><U42/><E54/><V88/><F135/><W118/><G118/><T100/><D60/><U17/><E42/><V0/><F111/><W45/><G109/><T62/><D62/><U26/><E85/><V108/><F108/><W63/><G2/><N who="0" m="55" /><D91/><U90/><E90/><V116/><F116/><W110/><G110/><T13/><D13/><U53/><E53/><V134/><F88/><W15/><G78/><T125/><D125/><U105/><E105/><V82/><F21/><W40/><G15/><T69/><AGARI ba="0,0" hai="24,27,68,69,70,94,97,100" m="55,49737" machi="69" ten="40,8000,1" yaku="19,1,52,3" doraHai="65" who="0" fromWho="0" sc="210,80,230,-40,330,-20,230,-20" /><INIT seed="2,0,0,3,4,62" ten="290,190,310,210" oya="2" hai0="105,108,89,10,81,32,6,125,63,5,58,109,110" hai1="19,122,80,61,91,43,67,0,97,128,15,75,8" hai2="18,60,118,42,59,21,14,17,116,7,131,40,13" hai3="74,76,22,129,84,70,56,4,90,48,102,117,66"/><V104/><F104/><W54/><G117/><T96/><D32/><U132/><E128/><V3/><F131/><W92/><G129/><T126/><D81/><U29/><E132/><V77/><F3/><W23/><G4/><T20/><D20/><U82/><E122/><V49/><F7/><W36/><G36/><T88/><D6/><U87/><E43/><V112/><F112/><W37/><G37/><T101/><D10/><U120/><E120/><V73/><F73/><W121/><G121/><T85/><D5/><U35/><E0/><V115/><F115/><W9/><G9/><T79/><D79/><U71/><E97/><V55/><F77/><W111/><G111/><T28/><D28/><U83/><REACH who="1" step="1"/><E75/><REACH who="1" ten="290,180,310,210" step="2"/><V134/><F134/><W78/><G74/><T68/><D96/><U95/><E95/><V46/><F40/><W16/><G92/><T51/><D110/><U38/><E38/><V133/><F133/><W94/><G94/><T30/><D109/><U45/><E45/><V50/><F50/><W12/><G48/><T99/><D51/><U103/><E103/><V113/><F113/><W130/><G102/><T86/><D108/><U69/><E69/><V27/><F27/><AGARI ba="0,1" hai="8,15,19,27,29,35,61,67,71,80,82,83,87,91" machi="27" ten="40,5200,0" yaku="1,1,52,1,53,1" doraHai="62" doraHaiUra="64" who="1" fromWho="2" sc="290,0,180,62,310,-52,210,0" /><INIT seed="3,0,0,4,3,126" ten="290,242,258,210" oya="3" hai0="29,60,65,119,100,69,80,2,97,3,134,129,105" hai1="78,9,16,8,15,81,38,48,55,47,103,127,94" hai2="106,66,113,12,11,54,109,56,10,104,42,133,72" hai3="95,19,50,70,49,0,86,84,123,32,14,124,20"/><W62/><G124/><T135/><D119/><U74/><E127/><V24/><F113/><W28/><G123/><T21/><D80/><U87/><E38/><V43/><F72/><W71/><G0/><T111/><D111/><U17/><E74/><V92/><F66/><W77/><G86/><T120/><D120/><U57/><E57/><V83/><F83/><W88/><G77/><T132/><D129/><U96/><REACH who="1" step="1"/><E8/><REACH who="1" ten="290,232,258,210" step="2"/><V7/><F109/><W63/><G71/><T35/><D21/><U68/><E68/><V91/><F133/><W25/><REACH who="3" step="1"/><G70/><REACH who="3" ten="290,232,258,200" step="2"/><T64/><D134/><U44/><E44/><V115/><F115/><W34/><G34/><T98/><D132/><U130/><E130/><V51/><F11/><W26/><G26/><T116/><D35/><U102/><E102/><V39/><F24/><W128/><G128/><T18/><D135/><U13/><E13/><V53/><F12/><W118/><G118/><T61/><D116/><U33/><E33/><V1/><F10/><W85/><G85/><T112/><D69/><U76/><E76/><V122/><F1/><W52/><G52/><T107/><D112/><U4/><AGARI ba="0,2" hai="4,9,15,16,17,47,48,55,78,81,87,94,96,103" machi="4" ten="20,12000,2" yaku="1,1,0,1,7,1,8,1,54,1,53,1" doraHai="126" doraHaiUra="82" who="1" fromWho="1" sc="290,-30,232,140,258,-30,200,-60" /><INIT seed="4,0,0,1,2,41" ten="260,372,228,140" oya="0" hai0="24,56,3,112,69,32,61,113,98,22,59,66,33" hai1="116,90,29,92,48,109,7,79,131,67,86,38,52" hai2="87,77,103,111,128,8,122,119,106,105,100,93,11" hai3="94,47,19,68,74,16,45,18,21,58,102,135,89"/><T37/><D3/><U104/><E109/><V62/><F62/><W114/><G68/><T115/><D37/><U73/><E116/><V6/><F6/><W39/><G74/><T80/><D80/><U20/><E104/><N who="2" m="40043" /><F8/><W75/><G75/><T13/><D13/><U57/><E131/><V101/><F11/><W118/><G118/><T49/><D98/><U124/><E124/><V88/><F119/><W132/><G39/><T95/><D95/><U96/><E73/><V1/><F1/><W46/><G102/><T9/><D9/><U36/><E7/><V25/><F25/><N who="3" m="14503" /><G58/><N who="0" m="22059" /><D49/><U54/><E67/><V110/><F122/><W71/><G71/><T31/><AGARI ba="0,0" hai="22,24,31,32,33,61,66,69,112,113,115" m="22059" machi="31" ten="40,2100,0" yaku="15,1" doraHai="41" who="0" fromWho="0" sc="260,21,372,-7,228,-7,140,-7" /><INIT seed="4,1,0,1,3,91" ten="281,365,221,133" oya="0" hai0="121,70,110,88,75,15,11,105,83,2,14,123,119" hai1="6,31,135,84,25,12,128,131,59,127,115,46,86" hai2="9,58,133,112,65,87,47,111,92,0,124,20,82" hai3="132,81,49,37,30,16,67,18,103,96,40,122,101"/><T53/><D119/><U73/><E73/><V71/><F71/><W43/><G37/><T113/><D105/><U64/><E135/><V29/><F111/><W118/><G118/><T51/><D110/><U134/><E134/><V38/><F133/><W94/><G132/><T3/><D70/><U41/><E127/><V1/><F124/><W60/><G122/><T62/><D62/><U79/><E115/><V125/><F125/><W33/><G103/><T50/><D113/><U102/><E102/><V97/><F112/><W100/><G100/><T32/><D32/><U48/><E64/><V28/><F1/><W13/><G81/><T55/><D75/><U8/><E59/><V4/><F47/><W57/><G49/><T61/><D61/><U34/><E84/><V42/><F42/><W95/><G95/><T69/><D69/><U26/><E26/><V85/><F38/><W54/><G67/><T90/><D11/><U68/><E68/><V19/><F58/><W77/><G77/><T36/><D36/><U72/><E72/><V108/><F65/><W126/><G126/><T106/><D106/><U93/><E93/><V116/><F116/><W17/><REACH who="3" step="1"/><G13/><REACH who="3" ten="281,365,221,123" step="2"/><T98/><D98/><U66/><E66/><V22/><F97/><W45/><G45/><T10/><D83/><AGARI ba="1,1" hai="6,8,12,25,31,34,41,46,48,79,83,86,128,131" machi="83" ten="40,2600,0" yaku="25,2" doraHai="91" who="1" fromWho="0" sc="281,-29,365,39,221,0,123,0" /><INIT seed="5,0,0,5,0,103" ten="252,404,221,123" oya="1" hai0="68,42,54,24,122,7,117,32,52,63,19,99,108" hai1="53,59,4,109,112,50,77,15,116,35,104,26,61" hai2="97,114,36,21,56,58,71,111,87,129,39,74,82" hai3="102,69,130,76,38,20,18,46,1,113,62,134,12"/><U75/><E116/><V125/><F74/><W94/><G1/><T23/><D108/><U70/><E104/><V11/><F71/><W133/><G76/><T9/><D117/><U37/><E37/><V95/><F111/><W67/><G113/><T84/><D32/><U47/><E109/><V131/><F114/><W64/><G64/><T98/><D122/><U79/><E70/><V10/><F21/><W22/><G130/><N who="2" m="49673" /><F125/><W124/><G124/><T29/><D42/><U2/><E2/><V78/><F56/><W105/><G94/><T132/><D132/><U126/><E126/><V45/><F58/><W118/><G118/><T31/><D68/><U127/><E75/><V40/><F39/><W100/><G22/><T93/><D63/><U6/><E112/><V89/><AGARI ba="0,0" hai="10,11,36,40,45,78,82,87,89,95,97" m="49673" machi="89" ten="30,1100,0" yaku="19,1" doraHai="103" who="2" fromWho="2" sc="252,-3,404,-5,221,11,123,-3" /><INIT seed="6,0,0,2,2,105" ten="249,399,232,120" oya="2" hai0="120,102,114,15,25,65,94,97,43,13,115,81,53" hai1="9,70,61,46,51,80,130,116,23,28,74,77,62" hai2="59,110,44,133,50,119,40,64,91,98,8,60,78" hai3="122,99,86,124,41,30,3,134,127,22,132,72,106"/><V42/><F119/><W0/><G41/><T45/><D120/><U84/><E116/><V19/><F133/><N who="3" m="51307" /><G122/><T95/><D65/><U90/><E130/><V55/><F110/><W66/><G66/><T20/><D53/><U100/><E70/><V34/><F34/><W29/><G86/><T82/><D94/><U18/><E28/><N who="3" m="10858" /><G22/><T16/><D82/><U75/><E100/><V83/><F98/><W71/><G71/><T33/><D81/><U12/><E23/><V4/><F91/><W68/><G68/><T54/><D54/><N who="1" m="30071" /><E77/><V121/><F121/><W129/><G129/><T93/><D93/><U109/><E109/><V17/><F42/><W35/><G35/><T135/><D135/><U103/><E103/><V11/><F64/><W118/><G118/><T108/><D108/><U21/><E21/><V107/><F107/><W92/><G106/><T63/><D33/><U88/><E90/><V87/><REACH who="2" step="1"/><F11/><REACH who="2" ten="249,399,222,120" step="2"/><W131/><G131/><T38/><D97/><U49/><E88/><V69/><F69/><W7/><G99/><T39/><D43/><U24/><E9/><V112/><F112/><W27/><G92/><T57/><D114/><U128/><E128/><V104/><F104/><W58/><G127/><T6/><D95/><U117/><E117/><V14/><AGARI ba="0,1" hai="4,8,14,17,19,40,44,50,55,59,60,78,83,87" machi="14" ten="20,18000,2" yaku="1,1,0,1,7,1,25,2,8,1,53,1" doraHai="105" doraHaiUra="36" who="2" fromWho="2" sc="249,-60,399,-60,222,190,120,-60" /><INIT seed="6,1,0,5,0,9" ten="189,339,412,60" oya="2" hai0="130,121,32,99,111,4,55,100,116,134,64,38,49" hai1="84,53,15,105,74,66,70,69,103,60,51,80,56" hai2="92,76,31,86,117,19,85,73,8,128,27,25,67" hai3="125,113,57,48,39,126,62,34,124,72,58,14,23"/><V54/><F117/><W87/><G72/><T135/><D111/><U78/><E105/><V45/><F128/><W10/><G34/><T89/><D32/><U52/><E103/><V71/><F71/><W40/><G39/><T44/><D121/><U94/><E53/><V5/><F67/><W2/><G2/><T36/><D130/><U59/><E94/><V37/><F19/><W1/><G1/><T42/><D4/><U115/><E115/><V13/><F73/><W95/><G23/><T118/><D89/><U16/><E74/><V22/><F76/><W26/><G26/><T131/><D131/><U132/><E132/><N who="0" m="50729" /><D64/><U102/><E102/><V112/><F112/><W108/><G108/><T96/><D96/><U35/><E35/><V63/><F27/><W68/><G113/><T104/><D38/><U93/><E93/><V20/><F20/><AGARI ba="1,0" hai="15,16,20,51,52,56,59,60,66,69,70,78,80,84" machi="20" ten="30,7700,0" yaku="7,1,52,1,54,2" doraHai="9" who="1" fromWho="2" sc="189,0,339,80,412,-80,60,0" /><INIT seed="7,0,0,5,5,23" ten="189,419,332,60" oya="3" hai0="51,71,15,62,52,16,95,36,92,4,19,76,56" hai1="22,87,2,113,100,124,7,41,35,101,114,82,25" hai2="74,48,46,28,63,26,84,24,59,108,107,32,50" hai3="97,77,106,129,105,47,103,111,54,99,18,115,102"/><W55/><G115/><N who="1" m="44042" /><E35/><V134/><F74/><W60/><G129/><T57/><D36/><U34/><E34/><V20/><F108/><W104/><G111/><T21/><D71/><U121/><E124/><V122/><F107/><W118/><G118/><T69/><D69/><U44/><E121/><V133/><F122/><W126/><G126/><T131/><D76/><N who="1" m="46535" /><E7/><V42/><F84/><W53/><G77/><T88/><D131/><U110/><E2/><V93/><F93/><W79/><G79/><T9/><D92/><U75/><E75/><V12/><F50/><W94/><G47/><T31/><D31/><N who="1" m="17847" /><E110/><V0/><F12/><W37/><G37/><AGARI ba="0,0" hai="37,41,44,100,101" m="17847,46535,44042" machi="37" ten="30,2000,0" yaku="15,1,52,1" doraHai="23" who="1" fromWho="3" sc="189,0,419,20,332,0,60,-20" owari="189,-21.0,439,54.0,332,13.0,40,-46.0" /></mjloggm>