<mjloggm ver="2.3"><GO type="41" lobby="0"/><UN n0="%E5%9B%BD%E5%A3%AB%E4%BC%9A" n1="%48%54%50%50" n2="%E5%B0%B1%E6%B4%BB%E7%94%9F%40%E5%B7%9D%E6%9D%91%E8%BB%8D%E5%9B%A3" n3="%79%6D%69%6C%6B%79" dan="14,13,15,14" rate="1868.78,1880.14,2035.11,1978.51" sx="M,M,M,M"/><TAIKYOKU oya="0"/><INIT seed="0,0,0,0,4,26" ten="250,250,250,250" oya="0" hai0="72,97,101,52,45,84,85,33,131,23,128,90,34" hai1="125,58,119,32,107,126,124,7,91,40,117,122,47" hai2="132,110,38,57,77,61,118,37,48,99,21,27,28" hai3="54,35,55,68,74,31,65,135,87,56,29,18,73"/><T127/><D127/><BYE who="0" /><U102/><E122/><V96/><F118/><UN n0="%E5%9B%BD%E5%A3%AB%E4%BC%9A" /><W104/><G35/><T60/><D60/><U78/><BYE who="0" /><E7/><UN n0="%E5%9B%BD%E5%A3%AB%E4%BC%9A" /><V64/><F132/><W50/><G104/><T59/><D59/><U44/><BYE who="0" /><E32/><UN n0="%E5%9B%BD%E5%A3%AB%E4%BC%9A" /><V16/><F110/><W114/><G114/><T105/><D72/><U17/><E17/><V81/><F48/><W86/><G135/><T66/><D66/><U113/><E113/><V53/><F64/><W82/><G68/><T51/><D23/><U15/><E15/><V103/><F96/><W2/><G2/><T129/><REACH who="0" step="1"/><D85/><REACH who="0" ten="240,250,250,250" step="2"/><U79/><E58/><V75/><REACH who="2" step="1"/><F28/><REACH who="2" ten="240,250,240,250" step="2"/><N who="3" m="10827" /><G73/><T130/><N who="0" m="33280" /><DORA hai="14" /><T43/><D43/><U13/><E40/><V3/><F3/><W8/><G74/><T0/><D0/><U24/><E117/><V120/><F120/><W94/><G65/><T111/><D111/><U98/><E119/><V121/><F121/><W10/><G55/><T109/><D109/><U92/><E124/><V49/><F49/><W20/><G87/><T133/><D133/><U41/><E125/><V1/><F1/><W106/><G106/><AGARI ba="0,2" hai="16,21,27,37,38,53,57,61,75,77,81,99,103,106" machi="106" ten="30,12000,2" yaku="1,1,7,1,52,1,54,1,53,2" doraHai="26,14" doraHaiUra="71,9" who="2" fromWho="3" sc="240,0,250,0,240,140,250,-120" /><INIT seed="1,0,0,5,3,9" ten="240,250,380,130" oya="1" hai0="100,53,27,50,95,23,107,51,106,56,13,38,119" hai1="116,125,11,79,120,117,112,77,105,57,82,110,111" hai2="14,40,42,108,37,22,25,28,71,29,54,0,118" hai3="30,55,34,65,97,101,121,60,33,1,18,88,73"/><U31/><E105/><V87/><F0/><W104/><G1/><T122/><D119/><U26/><E57/><V43/><F118/><W41/><G121/><T46/><D38/><U126/><E120/><V78/><F71/><W94/><G41/><T98/><D122/><U102/><E102/><V47/><F108/><N who="1" m="41513" /><E112/><V3/><F3/><W81/><G55/><T48/><D48/><U8/><E116/><V96/><F96/><W15/><G30/><T135/><D135/><U35/><E117/><V16/><F29/><W39/><G39/><T92/><D107/><U115/><E115/><V36/><F54/><W61/><G61/><T128/><D128/><U17/><E17/><V132/><F132/><W45/><G45/><T74/><D74/><U69/><E77/><V103/><F103/><W113/><G113/><T70/><D70/><U72/><E69/><V4/><F4/><W66/><G66/><T89/><D106/><U68/><E68/><V19/><F19/><W67/><G67/><T12/><D92/><U114/><E114/><V20/><F37/><W58/><G104/><T52/><D100/><U127/><AGARI ba="0,0" hai="8,11,26,31,35,72,79,82,125,126,127" m="41513" machi="127" ten="40,7800,0" yaku="18,1,14,1,10,1" doraHai="9" who="1" fromWho="1" sc="240,-26,250,78,380,-26,130,-26" /><INIT seed="1,1,0,2,1,116" ten="214,328,354,104" oya="1" hai0="73,36,80,4,84,50,96,120,38,21,51,32,42" hai1="93,63,54,0,90,2,88,23,39,128,8,78,95" hai2="92,107,82,125,119,68,44,37,86,111,112,19,60" hai3="135,45,18,77,127,25,129,49,22,15,65,67,76"/><U28/><E39/><V41/><F107/><W14/><G127/><T55/><D32/><U13/><E78/><N who="3" m="30314" /><G129/><T104/><D73/><U1/><E128/><V110/><F119/><W101/><G135/><T87/><D4/><U98/><E28/><V30/><F30/><W47/><G101/><T9/><D9/><U100/><E13/><N who="3" m="4618" /><G45/><T40/><D104/><U71/><E23/><V62/><F19/><W7/><G7/><T99/><D80/><U103/><E71/><V130/><F130/><W12/><N who="3" m="4626" /><W66/><DORA hai="57" /><G66/><T5/><D5/><U43/><E2/><V113/><F125/><W61/><G61/><N who="2" m="23657" /><F92/><W79/><N who="3" m="30322" /><W121/><DORA hai="20" /><G121/><T46/><D46/><U134/><E0/><V53/><F53/><AGARI ba="1,0" hai="18,22,25,47,49,53,65,67" m="4626,30322" machi="53" ten="40,2600,0" yaku="8,1,52,1" doraHai="116,57,20" who="3" fromWho="2" sc="214,0,328,0,354,-29,104,29" /><INIT seed="2,0,0,2,1,114" ten="214,328,325,133" oya="2" hai0="94,69,99,39,60,109,82,26,2,54,28,107,30" hai1="67,70,7,12,85,78,10,118,133,104,48,1,106" hai2="125,22,68,127,92,40,83,86,32,42,56,24,95" hai3="51,8,103,16,101,62,21,53,117,79,122,76,11"/><V3/><F68/><W17/><G117/><T88/><D109/><U72/><E72/><V131/><F32/><W18/><G62/><T64/><D39/><U50/><E133/><V66/><F3/><W130/><G130/><T108/><D2/><U23/><E104/><V25/><F131/><W123/><G21/><T36/><D108/><U116/><E106/><V135/><F135/><W37/><G37/><T55/><D36/><U43/><E70/><V77/><F24/><W34/><G34/><T31/><D107/><U126/><E67/><V97/><F95/><W47/><G123/><T49/><D82/><U0/><E126/><N who="2" m="48139" /><F56/><W105/><G105/><T96/><D96/><U124/><E124/><V115/><F66/><W93/><G93/><T14/><D14/><U132/><E132/><V15/><F15/><W80/><G122/><T81/><D81/><N who="1" m="47287" /><E23/><V46/><F46/><W128/><G128/><T87/><D99/><U4/><E4/><V59/><F59/><W45/><G45/><T89/><D89/><U90/><E90/><N who="2" m="55447" /><F115/><W57/><G47/><T84/><D84/><U71/><E71/><V29/><AGARI ba="0,0" hai="22,25,29,40,42,77,83,86" m="55447,48139" machi="29" ten="30,1500,0" yaku="18,1" doraHai="114" who="2" fromWho="2" sc="214,-5,328,-5,325,15,133,-5" /><INIT seed="2,1,0,1,1,121" ten="209,323,340,128" oya="2" hai0="76,89,10,83,126,132,11,110,128,61,90,111,7" hai1="31,22,116,125,69,66,81,72,32,51,40,43,9" hai2="47,123,135,0,84,64,74,13,2,87,4,92,12" hai3="48,54,49,62,108,36,42,55,3,113,24,86,119"/><V107/><F123/><W45/><G24/><T104/><D104/><U28/><E116/><V20/><F107/><W77/><G86/><T70/><D126/><U63/><E32/><V73/><F135/><W131/><G77/><T6/><D132/><U102/><E125/><V46/><F20/><W91/><G91/><T39/><D39/><U85/><E72/><V101/><F64/><W14/><G14/><T60/><D70/><U41/><E102/><V122/><F122/><W26/><G26/><T17/><D17/><U15/><E51/><V79/><F79/><W29/><G3/><T98/><D98/><U1/><E1/><V106/><F106/><W109/><G29/><T100/><D100/><U71/><E71/><V96/><F101/><W30/><G30/><T33/><D76/><U58/><E69/><V21/><F21/><W5/><G5/><T50/><D50/><N who="3" m="19561" /><G119/><T52/><D83/><U127/><E127/><V93/><F96/><W80/><G80/><T44/><D33/><U67/><E67/><V129/><F129/><W35/><G35/><T95/><D44/><U112/><E112/><V88/><F4/><W53/><G131/><T103/><D103/><U16/><E9/><V105/><F105/><W38/><G113/><T34/><D34/><U82/><E82/><V68/><F68/><W75/><G75/><T37/><D37/><N who="3" m="14441" /><G62/><T97/><D97/><U115/><E115/><V117/><F117/><W134/><G134/><T130/><D95/><U27/><E27/><V118/><F118/><W25/><G25/><T8/><D8/><U120/><E120/><RYUUKYOKU ba="1,0" sc="209,0,323,0,340,0,128,0" hai0="6,7,10,11,52,60,61,89,90,110,111,128,130" hai1="15,16,22,28,31,40,41,43,58,63,66,81,85" hai2="0,2,12,13,46,47,73,74,84,87,88,92,93" hai3="42,45,53,54,55,108,109" /><INIT seed="2,2,0,1,1,112" ten="209,323,340,128" oya="2" hai0="27,28,29,71,42,116,95,44,63,9,66,97,43" hai1="114,52,68,80,117,39,88,128,109,82,92,20,30" hai2="115,74,67,1,7,72,119,58,127,100,105,19,55" hai3="45,18,134,86,47,124,2,24,16,4,110,48,91"/><V83/><F119/><W3/><G110/><T64/><D9/><U111/><E39/><V125/><F115/><W101/><G124/><N who="2" m="47689" /><F67/><W8/><G134/><T11/><D11/><U135/><E114/><V53/><F1/><W60/><G2/><T103/><D66/><U36/><E36/><V78/><F7/><W59/><G101/><T126/><D126/><U25/><E68/><V121/><F121/><W73/><G73/><T15/><D15/><U129/><E135/><V76/><F19/><W108/><G108/><N who="1" m="41546" /><E117/><V17/><F17/><W61/><G45/><T62/><D62/><U37/><E37/><V107/><F100/><W38/><G38/><T104/><D29/><U84/><E52/><N who="2" m="20043" /><F58/><W120/><G120/><T33/><D116/><U5/><E5/><V65/><F65/><W96/><G60/><T22/><D22/><U130/><AGARI ba="2,0" hai="20,25,30,80,82,84,88,92,128,129,130" m="41546" machi="130" ten="40,5200,0" yaku="19,1,14,1,54,1" doraHai="112" who="1" fromWho="1" sc="209,-15,323,58,340,-28,128,-15" /><INIT seed="3,0,0,1,1,82" ten="194,381,312,113" oya="3" hai0="6,25,135,99,73,70,122,65,58,84,14,95,81" hai1="124,64,75,126,57,118,107,7,69,76,89,87,26" hai2="90,30,91,27,108,77,72,49,111,41,134,45,129" hai3="127,113,23,40,18,4,93,39,117,102,80,62,74"/><W61/><G117/><T131/><D122/><U60/><E107/><V109/><F129/><W59/><G113/><T119/><D131/><U115/><E115/><V68/><F68/><W47/><G127/><N who="1" m="48682" /><E118/><V94/><F134/><W114/><G114/><T101/><D135/><U15/><E26/><V98/><F72/><W50/><G4/><T106/><D119/><U32/><E32/><V120/><F77/><W85/><G74/><T13/><D70/><U86/><E75/><V8/><F8/><W3/><G3/><T22/><D6/><U19/><E7/><V28/><F120/><W123/><G123/><T21/><D22/><N who="1" m="11647" /><E76/><V79/><F79/><N who="3" m="46239" /><G59/><T54/><D73/><U38/><E38/><V16/><F91/><W67/><G39/><T78/><D65/><U11/><E11/><V20/><AGARI ba="0,0" hai="16,20,27,28,30,41,45,49,90,94,98,108,109,111" machi="20" ten="40,5200,0" yaku="0,1,14,1,54,1" doraHai="82" who="2" fromWho="2" sc="194,-13,381,-13,312,52,113,-26" /><INIT seed="4,0,0,0,5,86" ten="181,368,364,87" oya="0" hai0="57,131,65,133,135,79,61,109,44,25,5,120,88" hai1="7,92,68,55,102,110,53,106,19,22,1,71,30" hai2="62,10,40,112,96,83,72,103,97,4,115,129,119" hai3="75,94,67,58,29,117,95,82,20,39,27,23,16"/><T87/><D120/><U107/><E110/><V12/><F119/><W9/><G39/><T130/><D79/><U122/><E122/><V3/><F129/><N who="0" m="49162" /><D109/><U80/><E71/><V123/><F123/><W60/><G117/><T66/><D5/><U33/><E68/><V108/><F108/><W78/><REACH who="3" step="1"/><G9/><REACH who="3" ten="181,368,364,77" step="2"/><T13/><D25/><AGARI ba="0,1" hai="16,20,23,25,27,29,58,60,67,75,78,82,94,95" machi="25" ten="30,8000,1" yaku="1,1,2,1,7,1,54,1,53,1" doraHai="86" doraHaiUra="73" who="3" fromWho="0" sc="181,-80,368,0,364,0,77,90" /><INIT seed="5,0,0,1,0,81" ten="101,368,364,167" oya="1" hai0="23,32,11,68,52,134,28,35,17,119,109,70,49" hai1="48,1,53,92,6,115,8,97,76,121,63,13,113" hai2="125,89,78,34,84,72,51,16,129,95,83,61,26" hai3="112,126,30,114,132,12,91,87,45,50,58,128,96"/><U116/><E121/><V85/><F125/><W82/><G126/><T18/><D109/><U133/><E116/><V2/><F2/><W127/><G127/><T25/><D119/><U37/><E37/><V122/><F122/><W100/><G128/><T24/><D134/><U0/><E76/><V41/><F129/><W135/><G58/><T56/><REACH who="0" step="1"/><D32/><REACH who="0" ten="91,368,364,167" step="2"/><U111/><E133/><N who="3" m="51274" /><G30/><T108/><D108/><U99/><E111/><V86/><F61/><W105/><G12/><AGARI ba="0,1" hai="11,12,17,18,23,24,25,28,35,49,52,56,68,70" machi="12" ten="40,5200,0" yaku="1,1,54,1,53,1" doraHai="81" doraHaiUra="7" who="0" fromWho="3" sc="91,62,368,0,364,0,167,-52" /><INIT seed="6,0,0,2,2,110" ten="153,368,364,115" oya="2" hai0="97,95,99,117,69,94,25,14,29,15,68,13,56" hai1="17,57,120,11,10,122,61,51,47,71,92,105,65" hai2="22,5,63,112,37,4,84,70,125,79,19,0,127" hai3="31,82,111,44,36,21,77,58,9,66,109,2,49"/><V108/><F37/><W131/><G131/><T8/><D117/><U89/><E105/><V54/><F108/><W119/><G119/><T28/><D56/><U123/><E17/><V60/><F0/><W52/><G21/><T24/><D15/><U72/><E72/><V78/><F54/><W104/><G31/><T93/><D93/><U130/><E130/><V96/><F96/><W107/><G104/><T64/><D8/><U62/><E62/><N who="2" m="23595" /><F70/><W128/><G107/><T43/><D43/><N who="1" m="25087" /><E71/><V85/><F112/><W113/><G128/><T75/><D75/><U38/><E38/><V40/><F40/><W102/><G102/><T46/><D46/><U26/><E26/><V35/><F35/><W48/><G66/><AGARI ba="0,0" hai="13,14,24,25,28,29,64,66,68,69,94,95,97,99" machi="66" ten="25,1600,0" yaku="22,2" doraHai="110" who="0" fromWho="3" sc="153,16,368,0,364,0,115,-16" /><INIT seed="7,0,0,0,4,94" ten="169,368,364,99" oya="3" hai0="107,135,14,105,95,129,26,27,64,44,112,116,3" hai1="114,65,34,81,11,58,108,24,70,10,33,125,98" hai2="106,61,122,9,15,120,29,48,4,63,68,43,7" hai3="132,86,20,126,66,99,59,118,53,76,77,123,90"/><W38/><G123/><N who="2" m="47145" /><F106/><W16/><G118/><T113/><D3/><U46/><E108/><V30/><F4/><W117/><G117/><T97/><D116/><U127/><E70/><V111/><F111/><W56/><G38/><T51/><D64/><U72/><E98/><V40/><F68/><W69/><G69/><T92/><D135/><U22/><E34/><V124/><F124/><W17/><G132/><T78/><D78/><N who="3" m="30313" /><G126/><N who="1" m="48138" /><E33/><V134/><F134/><W79/><N who="3" m="30321" /><W62/><DORA hai="88" /><G20/><T6/><D95/><U49/><E72/><V18/><F7/><W37/><G37/><T133/><D133/><U103/><E103/><V31/><F48/><N who="3" m="30759" /><G99/><T110/><D110/><U25/><E22/><V13/><F13/><W55/><G66/><T45/><D129/><U35/><E65/><V83/><F83/><AGARI ba="0,0" hai="16,17,55,59,62,83,86,90" m="30759,30321" machi="83" ten="30,2900,0" yaku="8,1,54,1" doraHai="94,88" who="3" fromWho="2" sc="169,0,368,0,364,-29,99,29" /><INIT seed="7,1,0,4,5,42" ten="169,368,335,128" oya="3" hai0="74,106,55,103,21,60,101,3,12,51,130,22,27" hai1="128,126,134,135,121,91,29,100,39,102,107,87,68" hai2="82,53,48,46,115,41,63,129,32,72,9,37,18" hai3="54,56,105,127,1,57,16,24,113,125,80,13,5"/><W20/><G105/><T25/><D130/><U45/><E121/><V90/><F32/><W131/><G131/><T123/><D74/><U65/><E126/><N who="3" m="48138" /><G1/><T109/><D3/><U132/><E128/><V31/><F129/><W133/><G113/><T98/><D109/><U69/><E29/><V76/><F115/><W23/><G133/><T86/><D123/><U110/><E110/><V26/><F90/><W43/><G43/><T30/><D60/><N who="1" m="39975" /><E69/><V89/><F89/><W81/><G5/><T34/><D86/><U47/><E107/><V4/><F63/><N who="3" m="36247" /><G57/><T94/><D12/><U2/><E2/><N who="2" m="151" /><F18/><AGARI ba="1,0" hai="13,16,18,20,23,24,80,81" m="36247,48138" machi="18" ten="30,2900,0" yaku="18,1,54,1" doraHai="42" who="3" fromWho="2" sc="169,0,368,0,335,-32,128,32" /><INIT seed="7,2,0,5,1,110" ten="169,368,303,160" oya="3" hai0="53,94,49,76,48,113,121,82,92,111,97,16,89" hai1="0,22,36,45,86,34,9,65,127,84,72,50,67" hai2="99,70,101,46,25,68,27,88,41,93,47,57,32" hai3="96,77,3,106,38,61,109,85,134,59,6,114,2"/><W21/><G38/><T26/><D111/><U58/><E72/><V80/><F68/><W40/><G109/><T90/><D121/><U104/><E34/><V69/><F69/><W10/><G40/><T100/><D113/><U5/><E104/><V63/><F70/><W19/><G134/><T124/><D124/><U43/><E127/><V132/><F132/><W23/><G114/><T125/><D125/><U24/><E36/><V29/><F25/><W11/><G106/><T55/><D100/><U39/><E39/><V33/><F33/><W130/><G130/><T35/><D35/><U44/><E44/><V71/><F71/><W12/><G96/><T37/><D37/><U31/><REACH who="1" step="1"/><E67/><REACH who="1" ten="169,358,303,160" step="2"/><V73/><F41/><W91/><G77/><T126/><D126/><U98/><E98/><V120/><F120/><W95/><REACH who="3" step="1"/><G2/><REACH who="3" ten="169,358,303,150" step="2"/><T108/><D108/><U83/><E83/><V54/><F73/><W115/><G115/><T78/><D78/><U116/><E116/><V119/><F119/><W56/><G56/><T62/><D82/><U18/><E18/><V64/><F64/><AGARI ba="2,2" hai="3,6,10,11,12,19,21,23,59,61,64,85,91,95" machi="64" ten="30,5800,0" yaku="1,1,7,1,53,1" doraHai="110" doraHaiUra="1" who="3" fromWho="2" sc="169,0,358,0,303,-64,150,84" /><INIT seed="7,3,0,2,0,16" ten="169,358,239,234" oya="3" hai0="43,106,62,74,42,88,37,120,81,54,51,45,94" hai1="124,56,127,107,21,17,118,91,31,87,100,33,52" hai2="82,101,123,35,135,3,97,44,95,1,14,125,20" hai3="121,11,84,130,117,103,89,53,58,114,28,75,102"/><W2/><G121/><T19/><D120/><U18/><E107/><V46/><F35/><W48/><G117/><T32/><D106/><U38/><E38/><V50/><F123/><W67/><G114/><T111/><D32/><U8/><E118/><V64/><F125/><N who="1" m="48201" /><E100/><V26/><F135/><W72/><G130/><T98/><D111/><U113/><E113/><V77/><F64/><W39/><G39/><T93/><D62/><N who="1" m="36103" /><E33/><V73/><F14/><W10/><G72/><T70/><D70/><U110/><E110/><V116/><F116/><W24/><G75/><T115/><D115/><U132/><E132/><V108/><F108/><W105/><G67/><T79/><D37/><U69/><E69/><V99/><F46/><W85/><G85/><T23/><REACH who="0" step="1"/><D94/><REACH who="0" ten="159,358,239,234" step="2"/><N who="1" m="54655" /><E8/><N who="3" m="3114" /><G2/><T30/><D30/><U78/><E78/><V29/><F1/><W13/><G105/><T61/><D61/><U57/><E57/><V49/><F3/><W96/><G96/><T22/><D22/><U133/><E133/><V7/><F20/><N who="3" m="15367" /><G13/><AGARI ba="3,1" hai="13,19,23,42,43,45,51,54,74,79,81,88,93,98" machi="13" ten="30,8000,1" yaku="1,1,7,1,52,1,54,1,53,1" doraHai="16" doraHaiUra="92" who="0" fromWho="3" sc="159,99,358,0,239,0,234,-89" owari="258,6.0,358,45.0,239,-16.0,145,-35.0" /></mjloggm>