<mjloggm ver="2.3"><GO type="97" lobby="0"/><UN n0="%E3%81%84%E3%81%8D%E3%81%97%E3%81%A1" n1="%E5%B0%B1%E6%B4%BB%E7%94%9F%40%E5%B7%9D%E6%9D%91%E8%BB%8D%E5%9B%A3" n2="%E3%81%A6%E3%81%83%E3%81%BF%E3%82%93" n3="%E9%A7%92%E5%BD%A2%E9%BE%8D" dan="15,15,15,13" rate="1973.67,2059.04,2057.29,1929.01" sx="M,M,M,M"/><TAIKYOKU oya="0"/><INIT seed="0,0,0,2,1,48" ten="250,250,250,250" oya="0" hai0="119,60,92,86,31,88,63,9,6,51,76,16,98" hai1="96,120,104,2,80,101,61,23,122,78,14,28,58" hai2="117,71,36,84,121,100,32,34,26,130,27,46,125" hai3="102,7,12,55,56,131,99,62,89,127,69,22,135"/><T132/><D119/><U15/><E2/><V5/><F71/><W24/><G135/><T0/><D132/><U44/><E44/><V94/><F100/><W73/><G73/><T18/><D31/><U4/><E15/><V129/><F129/><W106/><G131/><T77/><D77/><U67/><E4/><V111/><F121/><W93/><G69/><T39/><D39/><U97/><E96/><V65/><F94/><W54/><G127/><T74/><D74/><U105/><E104/><V75/><F34/><W19/><G7/><T87/><D87/><U43/><E43/><N who="2" m="22887" /><F32/><W29/><G106/><T133/><D133/><U30/><E30/><V134/><F75/><W57/><G89/><T114/><D114/><U128/><E128/><V35/><F35/><W47/><G47/><T3/><D3/><U123/><E28/><V83/><F117/><W52/><G57/><T112/><D112/><U90/><E90/><N who="2" m="51487" /><F130/><W64/><G12/><T17/><REACH who="0" step="1"/><D51/><REACH who="0" ten="240,250,250,250" step="2"/><U20/><E120/><V118/><F134/><W109/><G109/><T115/><D115/><U11/><E122/><V37/><F111/><W82/><G82/><AGARI ba="0,1" hai="0,6,9,16,17,18,60,63,76,82,86,88,92,98" machi="82" ten="40,7700,0" yaku="1,1,54,2,53,0" doraHai="48" doraHaiUra="21" who="0" fromWho="3" sc="240,87,250,0,250,0,250,-77" /><INIT seed="0,1,0,5,0,73" ten="327,250,250,173" oya="0" hai0="5,15,67,119,20,34,53,27,70,84,14,76,117" hai1="93,80,7,43,129,11,115,0,77,107,85,64,99" hai2="42,96,130,52,122,4,23,114,91,134,28,105,86" hai3="56,29,111,10,63,123,36,74,132,57,12,66,16"/><T81/><D34/><U24/><E129/><V3/><F122/><W68/><G74/><T126/><D126/><U61/><E115/><V40/><F114/><W38/><G123/><T45/><D119/><U104/><E43/><N who="2" m="16427" /><F3/><W131/><G131/><T46/><D117/><U22/><E22/><V41/><F105/><W50/><G111/><T89/><D70/><U58/><REACH who="1" step="1"/><E24/><REACH who="1" ten="327,240,250,173" step="2"/><V31/><F41/><W110/><G110/><T75/><D27/><U21/><E21/><V54/><F23/><W82/><G29/><T135/><D135/><U69/><E69/><V39/><F31/><W13/><G132/><T108/><D108/><U26/><E26/><V113/><F28/><W78/><G12/><T19/><D14/><U98/><E98/><V133/><F96/><W8/><G68/><T94/><D5/><U95/><E95/><V2/><F4/><W17/><G10/><T118/><D118/><U72/><E72/><V79/><F133/><W18/><G8/><T109/><D109/><U6/><E6/><V62/><F134/><W47/><G13/><T71/><D71/><U102/><AGARI ba="1,1" hai="0,7,11,58,61,64,77,80,85,93,99,102,104,107" machi="102" ten="20,8000,1" yaku="1,1,0,1,7,1,52,1,53,1" doraHai="73" doraHaiUra="55" who="1" fromWho="1" sc="327,-41,240,93,250,-21,173,-21" /><INIT seed="1,0,0,5,2,103" ten="286,333,229,152" oya="1" hai0="42,126,65,27,19,124,49,35,38,131,95,52,25" hai1="6,114,5,97,0,36,37,21,109,20,22,133,68" hai2="85,99,50,121,129,51,66,118,101,84,119,81,56" hai3="17,135,1,40,59,26,92,98,76,80,43,102,13"/><U18/><E68/><V3/><F3/><W87/><G135/><T58/><D131/><U24/><E114/><V34/><F34/><W63/><G1/><T30/><D65/><U15/><E133/><V23/><F121/><W64/><REACH who="3" step="1"/><G26/><REACH who="3" ten="286,333,229,142" step="2"/><T46/><D27/><U112/><E0/><V2/><F2/><W122/><G122/><T33/><D126/><U31/><E112/><V41/><F129/><W47/><G47/><T28/><D124/><U108/><E97/><V89/><F99/><W116/><G116/><T117/><D117/><U45/><E45/><V70/><F119/><W90/><G90/><T88/><D25/><U12/><E37/><V123/><F89/><W91/><G91/><T54/><D35/><U94/><E36/><V32/><F32/><W113/><G113/><T53/><D33/><U71/><E71/><V11/><F118/><W61/><G61/><T67/><D46/><U125/><E125/><V130/><F123/><W107/><G107/><T83/><D42/><U86/><E24/><V106/><F41/><W132/><G132/><T73/><D38/><U4/><E31/><V120/><F120/><W105/><G105/><T72/><D30/><U10/><E15/><V100/><F106/><W9/><AGARI ba="0,1" hai="9,13,17,40,43,59,63,64,76,80,87,92,98,102" machi="9" ten="20,8000,1" yaku="1,1,0,1,7,1,8,1,53,1" doraHai="103" doraHaiUra="82" who="3" fromWho="3" sc="286,-20,333,-40,229,-20,142,90" /><INIT seed="2,0,0,2,0,108" ten="266,293,209,232" oya="2" hai0="86,18,74,62,24,122,130,98,71,40,85,135,35" hai1="91,77,93,119,96,116,64,124,52,75,90,68,128" hai2="133,100,13,5,8,65,29,82,42,131,92,125,84" hai3="31,33,115,41,76,21,69,59,113,45,51,36,127"/><V111/><F111/><W27/><G76/><T37/><D122/><U15/><E68/><V4/><F131/><W101/><G101/><T26/><D130/><U44/><E64/><V55/><F133/><W2/><G2/><T107/><D135/><U56/><E124/><V106/><F106/><W67/><G127/><T63/><D74/><U23/><E44/><V110/><F110/><W0/><G0/><T1/><D1/><U6/><E128/><V54/><F125/><W103/><G103/><T58/><D26/><U123/><E123/><V94/><F29/><W78/><G78/><T61/><D71/><U28/><E75/><V11/><F65/><W105/><G105/><T48/><D37/><U112/><E77/><N who="2" m="46159" /><F42/><W72/><G72/><T10/><D35/><U134/><E112/><N who="3" m="43082" /><G69/><T114/><D114/><U102/><E134/><V50/><F100/><W20/><G36/><T53/><D40/><U39/><E39/><V118/><F118/><W14/><G14/><N who="0" m="7511" /><D107/><U129/><E129/><V30/><F30/><W89/><G89/><N who="1" m="33802" /><E119/><V66/><F92/><W32/><G32/><T80/><D98/><U9/><E116/><V12/><F94/><W34/><G33/><T87/><D24/><N who="1" m="16415" /><E93/><V99/><F99/><W109/><G109/><T47/><D47/><U3/><E3/><V43/><F66/><W121/><G121/><T104/><D104/><U70/><E70/><V46/><AGARI ba="0,0" hai="4,5,8,11,12,13,43,46,50,54,55" m="46159" machi="46" ten="30,3000,0" yaku="25,1,8,1" doraHai="108" who="2" fromWho="2" sc="266,-10,293,-10,209,30,232,-10" /><INIT seed="2,1,0,1,1,25" ten="256,283,239,222" oya="2" hai0="31,80,106,67,134,33,34,108,125,7,32,64,5" hai1="74,14,93,29,97,53,58,59,127,117,60,133,81" hai2="84,62,109,54,43,46,37,24,36,51,20,87,8" hai3="40,61,28,98,104,12,11,4,57,42,23,119,83"/><V82/><F109/><W100/><G119/><T135/><D108/><U15/><E127/><V94/><F94/><W103/><G103/><T9/><D125/><U47/><E133/><N who="0" m="50697" /><D106/><U0/><E0/><V86/><F8/><W50/><G83/><T65/><D80/><U78/><E47/><V27/><F27/><W52/><G23/><T3/><D7/><U18/><E29/><AGARI ba="1,0" hai="3,5,9,29,31,32,33,34,64,65,67" m="50697" machi="29" ten="40,5200,0" yaku="20,1,52,2" doraHai="25" who="0" fromWho="1" sc="256,55,283,-55,239,0,222,0" /><INIT seed="3,0,0,2,3,54" ten="311,228,239,222" oya="3" hai0="79,0,88,8,49,20,29,52,119,74,118,108,130" hai1="21,105,125,24,103,12,131,5,6,93,27,106,98" hai2="37,90,25,11,94,58,9,101,73,39,117,66,76" hai3="53,19,13,33,129,127,122,113,1,34,59,17,71"/><W47/><G122/><T123/><D123/><U78/><E131/><V16/><F117/><W22/><G113/><T28/><D130/><U43/><E125/><V110/><F110/><W57/><G129/><T3/><D108/><U102/><E43/><V75/><F101/><W10/><G71/><T18/><D74/><U70/><E70/><V91/><F75/><W97/><G127/><T2/><D79/><U134/><E134/><V84/><F73/><W65/><G1/><T86/><D8/><N who="2" m="3146" /><F37/><W83/><G34/><T112/><D112/><U61/><E78/><V4/><F39/><W96/><G33/><T77/><D77/><U99/><E93/><V81/><F4/><W31/><G31/><T133/><D133/><U111/><E111/><V107/><F107/><W128/><G128/><T80/><D119/><U67/><E12/><V55/><F66/><W38/><G38/><T68/><D118/><U124/><E27/><V7/><F7/><W32/><G32/><T109/><D109/><U64/><E124/><V36/><F94/><W95/><G95/><T121/><D121/><U15/><E15/><V26/><F36/><W135/><G135/><T48/><D68/><U115/><E115/><V89/><F16/><W85/><G19/><T42/><D42/><U60/><E24/><V62/><AGARI ba="0,0" hai="25,26,55,58,62,76,81,84,89,90,91" m="3146" machi="62" ten="30,2000,0" yaku="8,1,52,1" doraHai="54" who="2" fromWho="2" sc="311,-5,228,-5,239,20,222,-10" owari="306,41.0,223,-18.0,259,6.0,212,-29.0" /></mjloggm>