<mjloggm ver="2.3"><GO type="97" lobby="0"/><UN n0="%E3%81%A1%E3%82%83%E3%82%93%E3%81%93%EF%BC%92" n1="%E3%81%BD%E3%81%93" n2="%E3%83%88%E3%83%88%E3%83%AA%E5%85%88%E7%94%9F%31%39%E6%AD%B3" n3="%70%61%78%65%6C%6C" dan="14,14,14,15" rate="1966.55,1926.84,2034.54,1985.04" sx="M,M,F,M"/><TAIKYOKU oya="0"/><INIT seed="0,0,0,3,2,85" ten="250,250,250,250" oya="0" hai0="65,17,114,124,74,109,122,90,128,61,129,84,38" hai1="28,117,50,47,42,97,93,116,88,15,63,40,10" hai2="108,39,41,115,76,46,69,127,92,9,24,123,58" hai3="3,56,55,31,35,73,43,91,132,120,54,26,48"/><T44/><D122/><U30/><E42/><V119/><F115/><W96/><G73/><T59/><D114/><U11/><E11/><V130/><F123/><W78/><G78/><T60/><D74/><U82/><E117/><V68/><F119/><W13/><G3/><T23/><D124/><U57/><E82/><V0/><F127/><W52/><G120/><T8/><D8/><U67/><E116/><V107/><F107/><W135/><G13/><T94/><D109/><U6/><AGARI ba="0,0" hai="6,10,15,28,30,40,47,50,57,63,67,88,93,97" machi="6" ten="20,8000,1" yaku="0,1,7,1,8,1,52,1,54,1" doraHai="85" who="1" fromWho="1" sc="250,-40,250,80,250,-20,250,-20" /><INIT seed="1,0,0,5,5,132" ten="210,330,230,230" oya="1" hai0="0,94,61,26,43,83,73,87,90,102,33,66,55" hai1="64,114,2,25,20,38,49,62,14,92,121,69,58" hai2="27,95,30,56,85,67,88,45,78,3,107,15,36" hai3="6,101,119,70,42,75,124,41,109,4,113,52,100"/><U63/><E2/><V131/><F3/><W21/><G113/><T98/><D0/><U9/><E38/><V22/><F131/><W1/><G70/><T127/><D43/><U32/><E32/><V122/><F122/><W60/><G75/><T84/><D55/><U106/><E106/><V65/><F107/><W24/><G109/><T110/><D110/><U99/><E49/><V103/><F103/><W130/><G130/><T12/><D12/><U44/><E44/><V128/><F128/><W40/><G119/><T93/><D33/><U134/><E114/><V117/><F117/><W96/><G1/><T135/><D135/><U120/><E134/><V82/><F36/><W35/><G35/><T129/><D129/><U7/><E63/><V68/><F68/><W48/><G60/><T125/><D26/><U74/><E74/><V19/><F56/><N who="3" m="32775" /><G124/><N who="0" m="47691" /><D73/><U115/><E115/><V89/><F45/><W126/><G126/><T23/><D23/><U105/><E105/><V8/><F67/><W111/><G111/><T80/><D87/><U47/><E47/><V54/><F65/><W71/><G71/><AGARI ba="0,0" hai="61,66,71,80,83,84,90,93,94,98,102" m="47691" machi="71" ten="30,7700,0" yaku="18,1,52,3" doraHai="132" who="0" fromWho="3" sc="210,77,330,0,230,0,230,-77" /><INIT seed="2,0,0,5,3,118" ten="287,330,230,153" oya="2" hai0="12,14,41,10,72,3,54,65,115,16,44,117,64" hai1="97,35,66,128,116,135,36,120,61,114,109,130,22" hai2="104,90,111,29,88,1,74,46,20,77,129,93,59" hai3="60,43,123,19,52,57,121,38,85,48,37,124,102"/><V27/><F1/><W28/><G28/><T9/><D115/><U122/><E22/><V98/><F129/><W105/><G105/><T13/><D117/><U4/><E4/><V62/><F111/><W76/><G102/><T75/><D3/><U112/><E97/><V47/><F104/><W45/><G76/><T91/><D54/><U24/><E24/><V80/><REACH who="2" step="1"/><F90/><REACH who="2" ten="287,330,220,153" step="2"/><W33/><G124/><T21/><D91/><U131/><E35/><V55/><AGARI ba="0,1" hai="20,27,29,46,47,55,59,62,74,77,80,88,93,98" machi="55" ten="20,12000,1" yaku="1,1,2,1,0,1,7,1,54,1,53,0" doraHai="118" doraHaiUra="103" who="2" fromWho="2" sc="287,-40,330,-40,220,130,153,-40" /><INIT seed="2,1,0,2,1,46" ten="247,290,350,113" oya="2" hai0="111,94,1,6,18,50,85,20,45,80,77,131,115" hai1="130,114,9,12,64,88,63,32,72,51,109,31,49" hai2="87,100,104,119,93,89,15,82,4,25,33,118,52" hai3="117,67,57,35,40,126,16,21,128,73,58,92,105"/><V83/><F104/><W55/><G105/><T122/><D122/><U96/><E72/><V70/><F70/><W75/><G35/><T66/><D115/><U56/><E114/><V65/><F65/><W91/><G117/><T27/><D131/><U97/><E130/><V24/><F118/><W108/><G128/><T5/><D111/><U106/><E109/><V22/><F119/><W3/><G3/><T124/><D124/><U121/><E121/><V112/><F112/><W68/><G108/><T61/><D1/><U101/><E96/><N who="2" m="59407" /><F33/><W44/><G126/><T13/><D94/><U54/><E64/><V48/><F83/><W43/><G68/><T129/><D129/><U120/><E120/><V42/><F42/><W17/><G67/><T26/><D26/><U69/><E69/><V23/><F4/><W36/><G43/><T84/><D84/><U102/><E102/><V98/><F98/><W113/><G113/><T39/><D39/><U99/><E32/><V11/><F11/><W29/><G73/><T8/><D66/><U135/><E31/><V60/><F60/><N who="3" m="35903" /><G58/><T10/><D61/><U116/><E116/><V0/><F0/><W34/><G75/><T127/><D127/><U81/><E135/><V41/><F41/><W123/><G123/><T134/><D134/><U86/><E97/><V90/><F87/><N who="3" m="52351" /><G34/><T14/><D45/><U110/><E110/><V107/><F107/><W74/><G74/><T7/><D7/><AGARI ba="1,0" hai="7,9,12,49,51,54,56,63,81,86,88,99,101,106" machi="7" ten="30,7700,0" yaku="7,1,52,2,54,1" doraHai="46" who="1" fromWho="0" sc="247,-80,290,80,350,0,113,0" /><INIT seed="3,0,0,5,4,96" ten="167,370,350,113" oya="3" hai0="126,112,83,44,41,35,102,71,7,18,45,128,131" hai1="37,64,76,3,78,29,118,30,14,80,82,8,106" hai2="86,123,90,77,108,65,66,60,16,52,24,38,55" hai3="34,56,127,110,48,2,74,23,121,105,61,15,103"/><W28/><G121/><T115/><D71/><U132/><E3/><V59/><F38/><W122/><G122/><T109/><D35/><U100/><E37/><V63/><F123/><W13/><G2/><T91/><D7/><U12/><E64/><N who="2" m="24683" /><F108/><W57/><G74/><T9/><D9/><U134/><E8/><V22/><F77/><W49/><G34/><T31/><D31/><U95/><E106/><V19/><F19/><W84/><G110/><T46/><D109/><U116/><E95/><N who="2" m="54743" /><F55/><W32/><G127/><T11/><D126/><U47/><E47/><V130/><F130/><N who="0" m="49706" /><D102/><AGARI ba="0,0" hai="12,14,29,30,76,78,80,82,100,102,116,118,132,134" machi="102" ten="25,6400,0" yaku="22,2,52,2" doraHai="96" who="1" fromWho="0" sc="167,-64,370,64,350,0,113,0" owari="103,-40.0,434,54.0,350,15.0,113,-29.0" /></mjloggm>