<mjloggm ver="2.3"><GO type="41" lobby="0"/><UN n0="%E5%B0%B1%E6%B4%BB%E7%94%9F%40%E5%B7%9D%E6%9D%91%E8%BB%8D%E5%9B%A3" n1="%E3%81%AD%E3%81%8E%E3%81%9D%E3%81%B0%EF%BC%88%E7%85%A7%E7%AC%91" n2="%54%45%53" n3="%E3%81%81%EF%BD%9E%E3%81%8F%E3%82%93%EF%BC%A0%E5%BC%90%E5%8F%B7%E6%A9%9F" dan="17,14,14,13" rate="2084.00,1933.37,2043.44,1839.77" sx="M,M,M,M"/><TAIKYOKU oya="0"/><INIT seed="0,0,0,5,5,18" ten="250,250,250,250" oya="0" hai0="41,102,78,63,117,12,87,76,20,126,37,10,46" hai1="75,95,27,1,19,130,11,79,53,72,96,17,44" hai2="0,45,32,42,56,77,43,120,84,108,24,128,69" hai3="2,132,35,111,3,49,114,51,48,101,105,109,70"/><T50/><D117/><U98/><E130/><V135/><F120/><W22/><G70/><T92/><D126/><U68/><E68/><V93/><F69/><W97/><G114/><T66/><D37/><U34/><E79/><V123/><F128/><W36/><G36/><T88/><D102/><U8/><E1/><V121/><F0/><W65/><G35/><T31/><D10/><U57/><E44/><V81/><F108/><N who="3" m="41547" /><G132/><T47/><D47/><U21/><E98/><V112/><F43/><W100/><G65/><T83/><D83/><U94/><E95/><V125/><F125/><W124/><G124/><T58/><REACH who="0" step="1"/><D12/><REACH who="0" ten="240,250,250,250" step="2"/><U107/><E107/><V127/><F127/><W29/><G100/><T55/><D55/><U13/><E34/><V62/><F32/><W54/><G54/><T74/><D74/><U16/><E8/><V59/><F121/><W129/><G129/><T38/><D38/><U15/><E72/><V113/><F123/><W7/><G7/><T6/><D6/><N who="1" m="3319" /><E75/><V71/><F112/><W99/><G3/><T14/><D14/><U122/><E15/><V26/><F113/><W5/><G2/><T25/><AGARI ba="0,1" hai="20,25,31,41,46,50,58,63,66,76,78,87,88,92" machi="25" ten="30,12000,1" yaku="1,1,0,1,8,1,52,1,54,1,53,0" doraHai="18" doraHaiUra="131" who="0" fromWho="0" sc="240,130,250,-40,250,-40,250,-40" /><INIT seed="0,1,0,2,5,4" ten="370,210,210,210" oya="0" hai0="43,125,20,90,93,58,34,115,114,109,104,108,61" hai1="92,14,80,28,71,17,82,31,59,81,132,42,46" hai2="130,95,64,26,45,11,1,13,111,44,70,69,5" hai3="19,35,78,105,99,53,127,118,113,121,106,124,72"/><T73/><D34/><U79/><E71/><V37/><F111/><N who="0" m="42570" /><D104/><U129/><E129/><V24/><F130/><W8/><G35/><T39/><D73/><U98/><E132/><V23/><F24/><W116/><G113/><N who="0" m="43019" /><D125/><N who="3" m="48201" /><G53/><T66/><D20/><U48/><E59/><V22/><F64/><W50/><G50/><T120/><D120/><U103/><REACH who="1" step="1"/><E79/><REACH who="1" ten="370,200,210,210" step="2"/><V102/><F69/><W74/><G78/><T56/><D58/><U96/><E96/><V100/><F70/><W62/><G99/><N who="0" m="57783" /><D43/><U117/><E117/><V30/><F44/><W85/><G121/><T126/><D126/><U2/><E2/><V84/><F45/><W60/><G116/><T32/><D32/><U67/><E67/><V119/><F1/><W83/><G118/><T18/><D39/><U97/><E97/><V55/><F37/><W122/><G122/><T25/><D56/><U40/><E40/><V107/><F119/><W133/><G133/><T68/><D66/><U27/><E27/><V112/><F112/><W123/><G123/><T63/><D68/><U52/><E52/><V3/><F55/><W91/><G62/><T128/><D128/><U131/><E131/><V15/><F3/><W134/><G60/><T41/><D41/><U7/><E7/><V29/><F5/><W89/><G134/><T94/><D63/><U54/><E54/><V6/><F6/><W38/><G38/><T57/><D61/><U16/><E16/><V12/><F26/><W0/><G19/><T65/><D57/><U47/><E47/><V87/><F29/><W51/><G0/><T76/><D65/><RYUUKYOKU ba="1,1" sc="370,-10,200,30,210,-10,210,-10" hai1="14,17,28,31,42,46,48,80,81,82,92,98,103" /><INIT seed="1,2,1,3,3,44" ten="360,230,200,200" oya="1" hai0="37,104,29,40,1,20,38,77,52,100,34,98,65" hai1="14,131,126,56,80,49,96,75,67,103,123,28,36" hai2="87,5,55,110,11,84,12,8,128,132,33,51,16" hai3="106,73,113,99,119,50,121,66,27,60,10,23,32"/><U129/><E123/><V57/><F128/><N who="1" m="49225" /><E36/><V82/><F110/><W45/><G113/><T93/><D1/><U17/><E28/><V19/><F132/><W35/><G73/><T24/><D65/><U97/><E126/><V109/><F33/><W116/><G121/><T122/><D122/><U18/><E80/><V64/><F64/><W7/><G106/><T89/><D77/><U43/><E75/><V108/><F108/><W74/><G74/><T13/><D40/><U54/><E43/><V130/><F130/><W83/><G99/><N who="1" m="37962" /><E103/><V102/><F102/><W30/><G83/><T79/><D79/><U115/><E115/><V91/><F109/><W39/><G39/><T15/><D104/><U105/><E105/><V70/><F70/><W114/><G114/><T118/><D100/><U47/><E14/><N who="2" m="5391" /><F84/><W76/><G76/><T124/><D124/><U53/><E67/><V68/><F68/><W58/><G116/><T21/><D118/><U3/><E3/><V135/><F135/><W46/><G119/><T90/><D15/><U86/><E86/><V42/><F42/><W125/><G125/><T62/><D13/><U95/><E95/><V112/><F112/><W26/><G32/><T94/><D37/><U48/><AGARI ba="2,1" hai="17,18,47,48,49,53,54,56" m="37962,49225" machi="48" ten="30,6000,0" yaku="19,1,52,2" doraHai="44" who="1" fromWho="1" sc="360,-22,230,76,200,-22,200,-22" /><INIT seed="1,3,0,3,5,63" ten="338,306,178,178" oya="1" hai0="2,10,55,89,107,37,51,98,45,21,125,69,78" hai1="103,61,39,53,97,46,75,6,124,4,34,127,27" hai2="132,80,120,43,77,52,74,16,115,71,17,13,72" hai3="86,9,116,67,135,104,133,111,20,24,129,87,32"/><U105/><E75/><V122/><F120/><W8/><G104/><T31/><D125/><U35/><E27/><V112/><F122/><W42/><G129/><T1/><D69/><U81/><E81/><V40/><F132/><N who="3" m="50763" /><G111/><T18/><D78/><U47/><E46/><V94/><F74/><W54/><G32/><T99/><D31/><U113/><E113/><N who="2" m="43595" /><F71/><W58/><G42/><N who="2" m="15913" /><F13/><W49/><G116/><T96/><D37/><U128/><E128/><V130/><F94/><W50/><G50/><T93/><D107/><U62/><E62/><V108/><F108/><W15/><G15/><T65/><D65/><U117/><E117/><V110/><F110/><W106/><G106/><T66/><D66/><U82/><E82/><V83/><F83/><W7/><G7/><T88/><D10/><N who="3" m="4201" /><G67/><T12/><REACH who="0" step="1"/><D89/><REACH who="0" ten="328,306,178,178" step="2"/><U25/><E39/><V5/><F130/><W91/><G91/><T76/><D76/><U57/><E124/><V33/><F33/><W23/><G20/><T84/><AGARI ba="3,1" hai="1,2,12,18,21,45,51,55,84,88,93,96,98,99" machi="84" ten="30,4000,0" yaku="1,1,0,1,54,1,53,0" doraHai="63" doraHaiUra="38" who="0" fromWho="0" sc="328,59,306,-23,178,-13,178,-13" /><INIT seed="2,0,0,5,2,2" ten="387,283,165,165" oya="2" hai0="8,39,55,34,99,124,107,18,91,113,20,122,76" hai1="61,16,30,65,79,74,106,114,96,92,41,130,104" hai2="88,64,101,120,70,1,73,14,72,40,111,115,116" hai3="7,31,118,100,0,44,33,9,109,83,134,75,117"/><V42/><F1/><W103/><G134/><T52/><D34/><U87/><E114/><V19/><F115/><W11/><G109/><T89/><D39/><U93/><E30/><V66/><F111/><W13/><G103/><T85/><D113/><U10/><E41/><V110/><F110/><W67/><G67/><T121/><D124/><U84/><E130/><V60/><F101/><W80/><G100/><T43/><D43/><U21/><E10/><V4/><F120/><W32/><G44/><T25/><D107/><U38/><E38/><V5/><F116/><W54/><G54/><T6/><D99/><U71/><E74/><V22/><F72/><W123/><G83/><T105/><D105/><U35/><E35/><N who="3" m="13386" /><G80/><T28/><D76/><U128/><E128/><V131/><F73/><W12/><G75/><T45/><D28/><U36/><E36/><V51/><F66/><W97/><G97/><T132/><D132/><U26/><E93/><V133/><F133/><W3/><G31/><T82/><D91/><U48/><E48/><V29/><F29/><W126/><G126/><T50/><REACH who="0" step="1"/><D55/><REACH who="0" ten="377,283,165,165" step="2"/><U59/><E104/><V135/><F135/><W17/><G123/><T37/><D37/><U94/><E106/><V49/><F42/><W63/><G63/><T46/><D46/><U53/><E79/><V23/><F131/><W62/><G62/><T68/><D68/><U108/><E108/><V86/><F40/><W24/><G117/><T27/><D27/><U125/><E125/><V77/><F77/><W69/><G69/><T56/><D56/><U57/><E57/><RYUUKYOKU ba="0,1" sc="377,30,283,-10,165,-10,165,-10" hai0="6,8,18,20,25,45,50,52,82,85,89,121,122" /><INIT seed="3,1,1,3,1,123" ten="407,273,155,155" oya="3" hai0="47,57,55,30,74,17,22,86,124,135,134,20,15" hai1="72,24,2,48,69,36,118,33,102,110,85,122,13" hai2="54,34,105,38,28,93,111,80,106,7,97,71,125" hai3="32,59,115,4,127,58,117,16,42,114,62,112,19"/><W75/><G117/><T50/><D74/><U104/><E102/><V5/><F125/><W132/><G75/><T60/><D124/><U91/><E24/><V29/><F93/><W90/><G127/><T96/><D96/><U129/><E13/><V8/><F97/><W3/><G32/><T31/><D86/><U64/><E64/><V121/><F121/><W103/><G42/><T68/><D68/><U65/><E65/><V46/><F71/><W92/><G103/><T107/><D107/><U26/><E26/><V77/><F54/><W0/><G132/><N who="0" m="50731" /><D22/><U9/><E9/><V61/><F61/><W43/><G43/><AGARI ba="1,1" hai="15,17,20,30,31,43,47,50,55,57,60" m="50731" machi="43" ten="30,1000,0" yaku="20,1" doraHai="123" who="0" fromWho="3" sc="407,23,273,0,155,0,155,-13" /><INIT seed="4,0,0,0,1,75" ten="430,273,155,142" oya="0" hai0="25,2,57,124,128,118,12,61,116,3,96,83,111" hai1="20,101,53,82,19,88,39,125,47,115,42,68,93" hai2="62,114,123,46,95,60,11,26,110,89,65,24,45" hai3="66,9,108,79,113,80,120,59,6,41,64,37,1"/><T0/><D111/><U78/><E125/><V21/><F110/><W69/><G108/><T34/><D124/><U14/><E68/><V77/><F123/><W28/><G59/><T127/><D127/><U43/><E115/><V31/><F114/><W70/><G113/><T119/><D128/><U5/><E101/><V133/><F133/><W27/><G120/><T8/><D96/><U100/><E100/><V129/><F129/><W29/><G66/><T109/><D109/><U91/><E5/><V18/><F11/><W74/><G28/><T52/><D83/><U87/><E43/><V130/><F77/><W13/><G13/><T72/><D72/><U49/><REACH who="1" step="1"/><E93/><REACH who="1" ten="430,263,155,142" step="2"/><V32/><F130/><W36/><G37/><T134/><D134/><U4/><E4/><V35/><F95/><W131/><G131/><T30/><REACH who="0" step="1"/><D119/><REACH who="0" ten="420,263,155,142" step="2"/><U94/><E94/><V92/><F92/><W106/><G106/><T7/><AGARI ba="0,2" hai="0,2,3,7,8,12,25,30,34,52,57,61,116,118" machi="7" ten="30,11700,0" yaku="1,1,2,1,0,1,54,1,53,0" doraHai="75" doraHaiUra="73" who="0" fromWho="0" sc="420,137,263,-39,155,-39,142,-39" /><INIT seed="4,1,0,0,3,71" ten="557,224,116,103" oya="0" hai0="42,34,31,67,17,5,0,102,119,8,80,116,133" hai1="74,50,77,52,24,19,94,55,46,66,16,130,22" hai2="122,135,78,115,30,44,131,9,13,120,126,107,104" hai3="73,56,81,68,58,12,108,38,69,15,37,105,62"/><T33/><D42/><U6/><E6/><V76/><F30/><W75/><G108/><T134/><D67/><U53/><E130/><V21/><F44/><W35/><G35/><N who="0" m="13323" /><D102/><U61/><E94/><V113/><F21/><W85/><G62/><T93/><D93/><U125/><E125/><V65/><F13/><W95/><G95/><T89/><D89/><U87/><E74/><V60/><F9/><W91/><G91/><T49/><D49/><U57/><REACH who="1" step="1"/><E19/><REACH who="1" ten="557,214,116,103" step="2"/><V10/><F131/><W129/><G129/><T88/><D17/><U100/><E100/><V59/><F126/><W40/><G81/><AGARI ba="1,1" hai="16,22,24,46,50,52,53,55,57,61,66,77,81,87" machi="81" ten="40,12000,2" yaku="1,1,8,1,54,2,53,3" doraHai="71" doraHaiUra="48" who="1" fromWho="3" sc="557,0,214,133,116,0,103,-123" owari="557,65.0,347,15.0,116,-28.0,-20,-52.0" /></mjloggm>