<mjloggm ver="2.3"><GO type="97" lobby="0"/><UN n0="%E5%B0%B1%E6%B4%BB%E7%94%9F%40%E5%B7%9D%E6%9D%91%E8%BB%8D%E5%9B%A3" n1="%E3%81%A7%E3%82%80%E3%81%B1" n2="%E6%BE%A4%E6%9D%91%E6%8B%93%E4%B8%80" n3="%E5%BF%83%E6%BB%85" dan="14,13,14,14" rate="1999.15,1806.72,2012.63,2050.97" sx="M,F,M,M"/><TAIKYOKU oya="0"/><INIT seed="0,0,0,4,1,121" ten="250,250,250,250" oya="0" hai0="29,128,135,108,86,109,60,74,42,124,55,127,76" hai1="90,12,7,70,114,37,80,24,54,32,69,104,72" hai2="66,130,71,126,116,67,75,34,22,101,43,134,5" hai3="117,62,50,102,106,82,17,118,27,91,68,105,77"/><T107/><BYE who="1" /><D107/><U31/><E31/><V23/><F34/><W93/><G50/><T123/><D123/><U25/><E25/><V30/><F75/><UN n1="%E3%81%A7%E3%82%80%E3%81%B1" /><W1/><G1/><T57/><D74/><U39/><E37/><V85/><F71/><W125/><G17/><T38/><D128/><U2/><E54/><V33/><F130/><W97/><G27/><T21/><D135/><U99/><E7/><V51/><F33/><W120/><G62/><T129/><D129/><U92/><E12/><V113/><F113/><W133/><G68/><T46/><D29/><U84/><E90/><V83/><F134/><W79/><G120/><T65/><D21/><N who="2" m="7690" /><F30/><W18/><G18/><T89/><D76/><N who="3" m="29257" /><G125/><N who="0" m="48203" /><D65/><U73/><E80/><AGARI ba="0,0" hai="38,42,46,55,57,60,80,86,89,108,109" m="48203" machi="80" ten="30,5800,0" yaku="18,1,52,2" doraHai="121" who="0" fromWho="1" sc="250,58,250,-58,250,0,250,0" /><INIT seed="0,1,0,2,4,65" ten="308,192,250,250" oya="0" hai0="50,0,32,114,124,20,44,56,7,8,96,33,3" hai1="45,102,41,23,5,53,80,37,106,29,119,64,13" hai2="98,82,73,38,71,26,121,40,55,105,30,112,39" hai3="110,79,104,11,1,10,48,76,17,131,109,87,74"/><T66/><D114/><U111/><E119/><V70/><F55/><W95/><G104/><T125/><D3/><U12/><E111/><N who="3" m="42506" /><G74/><T83/><D96/><U88/><E64/><V60/><F121/><W47/><G131/><T123/><D123/><U127/><E127/><N who="0" m="48713" /><D20/><U43/><E43/><V67/><F40/><W77/><G1/><T103/><D103/><U35/><E35/><N who="2" m="20951" /><F70/><W15/><G11/><T42/><D83/><U90/><E53/><V94/><F94/><W86/><G95/><T92/><D92/><U108/><E102/><N who="2" m="62679" /><F112/><W21/><G21/><T4/><D4/><U54/><E106/><V91/><F91/><W31/><G31/><T69/><D56/><U115/><E88/><V22/><F22/><W59/><G59/><T117/><D117/><U25/><E23/><V52/><F52/><AGARI ba="1,0" hai="10,15,17,47,48,52,76,77,79,86,87" m="42506" machi="52" ten="30,2000,0" yaku="14,1,54,1" doraHai="65" who="3" fromWho="2" sc="308,0,192,0,250,-23,250,23" /><INIT seed="1,0,0,4,2,108" ten="308,192,227,273" oya="1" hai0="52,55,50,135,85,64,67,109,123,71,46,120,49" hai1="41,16,77,129,33,0,115,82,114,70,44,12,4" hai2="39,15,65,51,110,121,61,17,83,34,69,94,11" hai3="86,36,45,132,130,63,79,76,95,20,99,2,68"/><U23/><E70/><V21/><F110/><W134/><G2/><T28/><D28/><U133/><E33/><V25/><F39/><W54/><G130/><T78/><D109/><U116/><E129/><V6/><F121/><N who="0" m="46666" /><D135/><N who="3" m="51753" /><G86/><T40/><D78/><U102/><E102/><V111/><F111/><W90/><G20/><T3/><D3/><U53/><E53/><N who="0" m="20553" /><D85/><U97/><E97/><V101/><F34/><W81/><G81/><T87/><D87/><U107/><E116/><V75/><F83/><W38/><G68/><T131/><D131/><U58/><E58/><V57/><F75/><W8/><G8/><T103/><D103/><U24/><E107/><V106/><F106/><W125/><G125/><T7/><D7/><U80/><E80/><V104/><F104/><W117/><G117/><T22/><D22/><U92/><E92/><V37/><F37/><W5/><G5/><T124/><D124/><U56/><E24/><V19/><F69/><W48/><G38/><N who="0" m="21783" /><D71/><U128/><E128/><V1/><F1/><W113/><G76/><T59/><D59/><U60/><E133/><V10/><F10/><W88/><G79/><T32/><D32/><U73/><E0/><V43/><F101/><W118/><G90/><T31/><D31/><U127/><E4/><V72/><F72/><W98/><G118/><T93/><D93/><U9/><E9/><V126/><F126/><W119/><G119/><T96/><D96/><U13/><E127/><V91/><F6/><W29/><G99/><T35/><D35/><U47/><E13/><V27/><F15/><W66/><G95/><RYUUKYOKU ba="0,0" sc="308,30,192,-10,227,-10,273,-10" hai0="49,50,64,67" /><INIT seed="2,1,0,0,2,30" ten="338,182,217,263" oya="2" hai0="45,63,53,97,58,87,22,122,86,101,121,38,90" hai1="26,41,27,81,12,103,127,75,95,1,7,64,39" hai2="91,59,79,23,31,93,19,13,106,99,32,51,109" hai3="49,105,80,98,8,129,42,9,128,4,40,74,73"/><V100/><F109/><W10/><G4/><T62/><D62/><U113/><E127/><V44/><F79/><W69/><G69/><T18/><D45/><U60/><E113/><V2/><F2/><W110/><G110/><T34/><D38/><U17/><E1/><V16/><F59/><W52/><G98/><T104/><D34/><U77/><E7/><V116/><F116/><W56/><G105/><T84/><REACH who="0" step="1"/><D90/><REACH who="0" ten="328,182,217,263" step="2"/><U108/><E39/><V14/><F32/><W66/><G66/><T67/><D67/><U0/><E108/><V132/><F132/><W21/><G42/><T36/><D36/><U11/><E41/><V133/><F133/><W5/><G40/><T135/><D135/><U88/><E103/><V68/><F68/><W96/><G49/><T72/><D72/><U92/><E0/><V25/><F100/><W125/><G74/><T50/><D50/><U102/><E102/><V15/><F106/><W37/><G73/><T54/><D54/><AGARI ba="1,1" hai="13,14,15,16,19,23,25,31,44,51,54,91,93,99" machi="54" ten="40,3900,0" yaku="8,1,54,1" doraHai="30" who="2" fromWho="0" sc="328,-42,182,0,217,52,263,0" /><INIT seed="2,2,0,0,1,72" ten="286,182,269,263" oya="2" hai0="45,94,62,66,87,131,125,98,36,84,91,100,54" hai1="109,128,29,133,68,73,88,3,39,37,47,113,6" hai2="49,33,21,18,55,38,95,57,60,14,112,132,77" hai3="22,17,28,104,129,20,89,16,46,34,107,7,61"/><V105/><F105/><W25/><G129/><T79/><D131/><U2/><E128/><V65/><F38/><W106/><G7/><T44/><D125/><U90/><E113/><V97/><F112/><W82/><G61/><T92/><D36/><U93/><E68/><V52/><F33/><W40/><G34/><T80/><REACH who="0" step="1"/><D54/><REACH who="0" ten="276,182,269,263" step="2"/><U102/><E109/><V19/><F132/><W32/><G40/><T123/><D123/><U120/><E37/><V96/><F55/><W114/><G114/><T4/><D4/><U63/><E39/><V134/><F134/><W51/><G107/><T12/><D12/><U42/><E6/><V9/><F77/><W10/><G106/><T127/><D127/><U64/><E133/><V50/><F65/><W26/><G104/><T121/><D121/><U13/><E120/><V24/><REACH who="2" step="1"/><F97/><REACH who="2" ten="276,182,259,263" step="2"/><W78/><G78/><T85/><D85/><U8/><E2/><V111/><F111/><W69/><G32/><T48/><D48/><U41/><E3/><V103/><AGARI ba="2,2" hai="9,14,18,19,21,24,49,50,52,57,60,95,96,103" machi="103" ten="20,18000,2" yaku="1,1,0,1,7,1,8,1,54,1,53,1" doraHai="72" doraHaiUra="56" who="2" fromWho="2" sc="276,-62,182,-62,259,206,263,-62" /><INIT seed="2,3,0,5,1,121" ten="214,120,465,201" oya="2" hai0="43,110,65,36,132,95,81,12,51,124,25,112,10" hai1="49,119,117,22,14,94,98,0,44,120,50,15,125" hai2="135,100,114,42,123,29,129,35,53,48,77,58,115" hai3="109,1,2,64,9,60,128,19,30,68,106,70,67"/><V101/><F123/><W116/><G19/><T88/><D110/><U89/><E120/><V34/><F135/><W28/><G116/><T105/><D105/><U86/><E125/><V93/><F42/><W16/><G106/><T47/><D112/><U59/><E0/><V90/><F77/><W4/><G128/><T31/><D124/><U113/><E113/><V21/><F34/><W61/><G109/><T74/><D65/><U33/><E33/><V76/><F35/><W20/><REACH who="3" step="1"/><G1/><REACH who="3" ten="214,120,465,191" step="2"/><T5/><D132/><U45/><E98/><N who="2" m="57655" /><F129/><W97/><G97/><T3/><D3/><U66/><E119/><V133/><F133/><W24/><AGARI ba="3,1" hai="2,4,9,16,20,24,28,30,60,61,64,67,68,70" machi="24" ten="20,8000,1" yaku="1,1,0,1,7,1,9,1,54,1,53,0" doraHai="121" doraHaiUra="73" who="3" fromWho="3" sc="214,-23,120,-23,465,-43,191,99" /><INIT seed="3,0,0,0,1,91" ten="191,97,422,290" oya="3" hai0="59,39,15,110,90,104,30,27,49,54,24,56,106" hai1="57,119,37,22,19,43,115,29,13,121,11,94,6" hai2="87,88,82,132,101,109,105,89,50,117,128,55,63" hai3="0,77,118,33,51,99,102,126,42,3,41,125,58"/><W131/><G33/><T100/><D39/><U85/><E119/><V80/><F109/><W16/><G118/><T97/><D110/><U108/><E115/><V34/><F117/><W68/><G68/><T69/><D69/><U111/><E108/><V1/><F1/><W10/><G77/><T83/><D106/><U44/><E111/><V26/><F128/><W45/><G131/><T40/><D40/><U120/><E121/><V76/><F132/><W123/><G42/><T79/><D90/><U107/><E107/><V70/><F105/><W84/><G84/><T32/><D24/><U2/><E120/><V12/><F101/><W7/><G123/><T60/><D15/><U98/><E85/><V96/><F96/><W86/><G86/><T74/><D60/><U114/><E114/><V48/><F12/><W4/><G58/><AGARI ba="0,0" hai="27,30,32,49,54,56,58,59,74,79,83,97,100,104" machi="58" ten="30,1000,0" yaku="7,1" doraHai="91" who="0" fromWho="3" sc="191,10,97,0,422,0,290,-10" owari="201,-20.0,97,-40.0,422,52.0,280,8.0" /></mjloggm>