<mjloggm ver="2.3"><GO type="97" lobby="0"/><UN n0="%E3%82%89%E3%81%84%E3%81%B6" n1="%E9%BB%92%E5%B8%AF%E3%83%89%E3%83%A9%E3%82%B4%E3%83%B3" n2="%E5%B0%B1%E6%B4%BB%E7%94%9F%40%E5%B7%9D%E6%9D%91%E8%BB%8D%E5%9B%A3" n3="%EF%BC%BA%EF%BC%A5%EF%BC%B2%EF%BC%AF%EF%BC%8D%EF%BC%AD%EF%BC%A1%EF%BC%B8" dan="13,14,15,15" rate="2013.22,1910.75,2015.81,2006.78" sx="M,M,M,M"/><TAIKYOKU oya="0"/><INIT seed="0,0,0,1,3,127" ten="250,250,250,250" oya="0" hai0="6,15,103,21,94,16,18,33,125,38,109,70,10" hai1="126,97,59,69,52,111,120,28,26,0,91,23,108" hai2="17,123,3,8,128,89,131,114,49,118,79,83,117" hai3="45,57,106,132,107,77,44,55,25,32,133,116,124"/><T100/><D33/><U58/><E0/><V93/><F114/><W19/><G124/><T78/><D70/><U48/><E69/><V29/><F29/><N who="3" m="19503" /><G116/><N who="2" m="44649" /><F123/><W112/><G77/><T37/><D125/><U7/><E120/><V66/><F66/><W31/><G31/><T110/><D78/><U134/><E126/><V63/><F63/><W88/><G112/><T104/><D104/><N who="3" m="39977" /><G88/><T2/><D18/><U47/><E134/><N who="3" m="51818" /><G19/><T39/><REACH who="0" step="1"/><D94/><REACH who="0" ten="240,250,250,250" step="2"/><N who="1" m="56543" /><E7/><N who="2" m="1151" /><F17/><W135/><G135/><T82/><D82/><U115/><E115/><V5/><F5/><W43/><G43/><T84/><D84/><U54/><E54/><V129/><F83/><W24/><G24/><T68/><D68/><U80/><E80/><V92/><F79/><W76/><G76/><T53/><D53/><U22/><E22/><V35/><F35/><W90/><G90/><T30/><D30/><U86/><E86/><V81/><F81/><W27/><G27/><T73/><D73/><U119/><E119/><V60/><F89/><W105/><G105/><T62/><D62/><AGARI ba="0,1" hai="44,45,55,57,62" m="51818,39977,19503" machi="62" ten="30,1000,0" yaku="20,1" doraHai="127" who="3" fromWho="0" sc="240,-10,250,0,250,0,250,20" /><INIT seed="1,0,0,5,1,75" ten="230,250,250,270" oya="1" hai0="10,72,56,108,76,12,97,110,109,131,130,81,47" hai1="34,111,121,129,103,55,65,68,59,29,124,126,57" hai2="92,46,4,24,49,93,31,135,104,80,86,98,45" hai3="0,11,18,112,28,51,83,99,113,6,26,133,116"/><U122/><E103/><V102/><F135/><W70/><G133/><T117/><D117/><U123/><E29/><V79/><F4/><W95/><G116/><T67/><D97/><U30/><E30/><V5/><F5/><W13/><G70/><T127/><D127/><N who="1" m="48683" /><E34/><V23/><REACH who="2" step="1"/><F45/><REACH who="2" ten="230,250,240,270" step="2"/><W64/><G6/><N who="0" m="3159" /><D47/><U19/><E19/><V14/><F14/><W3/><G3/><T41/><D41/><AGARI ba="0,1" hai="23,24,31,41,46,49,79,80,86,92,93,98,102,104" machi="41" ten="30,3900,0" yaku="1,1,7,1,52,1,53,0" doraHai="75" doraHaiUra="118" who="2" fromWho="0" sc="230,-39,250,0,240,49,270,0" /><INIT seed="2,0,0,2,0,108" ten="191,250,289,270" oya="2" hai0="37,81,134,2,53,135,96,98,68,129,95,15,49" hai1="42,47,93,94,74,109,25,126,8,0,10,88,13" hai2="22,82,99,84,110,21,122,32,4,26,64,46,125" hai3="79,45,50,119,130,55,19,48,6,104,61,62,91"/><V36/><F122/><W66/><G119/><T63/><D2/><U100/><E74/><V85/><F110/><W73/><G104/><T75/><D37/><U16/><E109/><V1/><F125/><W72/><G130/><T9/><D129/><U3/><E126/><V106/><F64/><W20/><G6/><T54/><D95/><U71/><E71/><V127/><F127/><W18/><G79/><N who="0" m="44287" /><D63/><U44/><E25/><V58/><F58/><W30/><G30/><T114/><D68/><U12/><E44/><V133/><F133/><N who="0" m="50698" /><D54/><U38/><E94/><V24/><F32/><W117/><G117/><T92/><D92/><U116/><E100/><V124/><F124/><W23/><G62/><T41/><D41/><U39/><E39/><V60/><F60/><W97/><G50/><T59/><D114/><U132/><E132/><V120/><F120/><W83/><G61/><T43/><D43/><U80/><E80/><V87/><F46/><W69/><G66/><T5/><AGARI ba="0,0" hai="5,9,15,49,53,59,96,98" m="50698,44287" machi="5" ten="30,1100,0" yaku="20,1" doraHai="108" who="0" fromWho="0" sc="191,11,250,-3,289,-5,270,-3" /><INIT seed="3,0,0,5,2,77" ten="202,247,284,267" oya="3" hai0="19,67,34,6,37,56,7,11,124,50,109,63,65" hai1="94,53,113,3,26,100,46,1,23,21,112,2,128" hai2="39,48,31,107,14,118,131,57,103,40,92,89,96" hai3="75,129,44,117,110,20,81,51,66,91,18,15,102"/><W17/><G117/><T42/><D37/><U90/><E128/><V87/><F118/><W99/><G129/><T58/><D34/><U0/><E100/><V55/><F131/><W62/><G110/><T36/><D36/><U98/><N who="1" m="512" /><DORA hai="29" /><U72/><E72/><V71/><F71/><W54/><G18/><T25/><D109/><U134/><E134/><V52/><F31/><W88/><G81/><T69/><D69/><U123/><E123/><V38/><F40/><W115/><G75/><T101/><D101/><U133/><E133/><V83/><F55/><W41/><G41/><T27/><D124/><U60/><E21/><V12/><F39/><W70/><REACH who="3" step="1"/><G115/><REACH who="3" ten="202,247,284,257" step="2"/><T45/><D19/><U22/><E113/><V125/><F125/><W8/><G8/><T5/><REACH who="0" step="1"/><D11/><REACH who="0" ten="192,247,284,257" step="2"/><U119/><E112/><V32/><F38/><W127/><G127/><T33/><D33/><U10/><E10/><V116/><F32/><W16/><G16/><T86/><D86/><U13/><E119/><V68/><F116/><W4/><G4/><T120/><D120/><U95/><E22/><V121/><F121/><W105/><AGARI ba="0,2" hai="15,17,20,44,51,54,62,66,70,88,91,99,102,105" machi="105" ten="20,18000,2" yaku="1,1,0,1,7,1,54,1,53,2" doraHai="77,29" doraHaiUra="9,64" who="3" fromWho="3" sc="192,-60,247,-60,284,-60,257,200" owari="132,-37.0,187,-21.0,224,2.0,457,56.0" /></mjloggm>