<mjloggm ver="2.3"><GO type="193" lobby="0"/><UN n0="%53%69%6C%30%38%32%34" n1="%E3%81%8A%E3%81%A7%E3%82%93%E3%81%8F%E3%82%93" n2="%E6%BA%80%E4%BD%9C" n3="%E3%83%88%E3%83%88%E3%83%AA%E5%85%88%E7%94%9F%31%39%E6%AD%B3" dan="11,12,12,12" rate="1843.41,1947.27,1690.51,1865.17" sx="M,M,M,F"/><TAIKYOKU oya="0"/><INIT seed="0,0,0,3,4,42" ten="250,250,250,250" oya="0" hai0="91,101,22,87,35,95,50,64,117,19,118,92,38" hai1="125,32,93,24,37,103,58,105,113,120,33,34,94" hai2="116,49,76,3,46,107,115,28,51,71,23,12,132" hai3="119,4,69,1,82,7,44,8,126,17,88,30,122"/><T20/><D35/><U62/><E120/><V56/><F3/><W78/><G119/><T85/><D38/><U84/><E37/><V43/><F71/><W83/><G69/><T90/><D64/><U40/><E125/><V53/><F107/><W29/><G126/><T133/><D133/><U25/><E113/><V61/><F132/><W47/><G122/><T57/><D101/><U52/><E40/><V80/><F116/><W14/><G83/><T72/><D72/><U21/><E105/><V26/><F115/><W74/><G7/><T100/><D100/><U106/><E106/><V55/><F12/><W96/><G30/><T89/><D117/><U127/><E127/><V0/><F0/><W134/><G134/><T31/><D118/><U59/><E59/><V41/><F61/><W11/><REACH who="3" step="1"/><G29/><REACH who="3" ten="250,250,250,240" step="2"/><T112/><D112/><U73/><E34/><V98/><F98/><W99/><G99/><T65/><D31/><U5/><E5/><V129/><F129/><W110/><G110/><T66/><D91/><U67/><E33/><V39/><F39/><W123/><G123/><T45/><D22/><U63/><E32/><V27/><F27/><W108/><G108/><T6/><D6/><U54/><E25/><V121/><F121/><W70/><G70/><T18/><D18/><U48/><E24/><V36/><F36/><W13/><G13/><N who="0" m="9327" /><D57/><N who="1" m="37327" /><E21/><V128/><F128/><W135/><G135/><T68/><D68/><U79/><E58/><V131/><F131/><W15/><G15/><T2/><D2/><U77/><E79/><V9/><F9/><W114/><G114/><RYUUKYOKU ba="0,1" sc="250,10,250,-30,250,10,240,10" hai0="45,50,65,66,85,87,89,90,92,95" hai2="23,26,28,41,43,46,49,51,53,55,56,76,80" hai3="1,4,8,11,14,17,44,47,74,78,82,88,96" /><INIT seed="0,1,1,3,1,23" ten="260,220,260,250" oya="0" hai0="50,67,117,27,19,95,31,26,94,123,28,55,0" hai1="129,102,93,60,128,97,80,52,79,112,121,77,81" hai2="54,11,75,103,34,49,47,32,9,16,78,115,25" hai3="6,84,116,13,110,86,1,127,65,91,122,8,125"/><T59/><D0/><U64/><E121/><V29/><F115/><W48/><G116/><T43/><D123/><U82/><E112/><V10/><F34/><W133/><G122/><T24/><D117/><U14/><E14/><V87/><F75/><W61/><G110/><T45/><D19/><U114/><E114/><V106/><F106/><W71/><G133/><T56/><D67/><U124/><E64/><V126/><F126/><N who="3" m="48139" /><G48/><N who="0" m="26687" /><D59/><N who="1" m="34919" /><E124/><V96/><F78/><N who="1" m="29705" /><E129/><V37/><F37/><W39/><G39/><T70/><D70/><U20/><E128/><V5/><F5/><N who="3" m="1071" /><G91/><T111/><D111/><U120/><E120/><V57/><F87/><N who="3" m="33323" /><G13/><T18/><D18/><U85/><E85/><V53/><F103/><W22/><G22/><AGARI ba="1,1" hai="20,22,80,81,82,93,97,102" m="29705,34919" machi="22" ten="30,2000,0" yaku="8,1,54,1" doraHai="23" who="1" fromWho="3" sc="260,0,220,33,260,0,250,-23" /><INIT seed="1,0,0,3,5,28" ten="260,253,260,227" oya="1" hai0="32,3,74,130,78,69,92,54,35,37,39,13,81" hai1="42,4,121,100,80,125,0,68,127,116,86,43,109" hai2="25,2,59,67,23,108,50,85,56,48,47,62,93" hai3="122,91,65,87,66,29,117,89,105,70,5,15,51"/><U14/><E68/><V132/><F2/><W110/><G122/><T30/><D30/><U55/><E121/><V88/><F108/><W79/><G105/><T7/><D13/><U131/><E116/><V104/><F132/><W8/><G110/><T41/><D54/><U129/><E109/><V22/><F104/><W103/><G103/><T36/><D92/><U90/><E100/><V101/><F101/><W106/><G106/><T75/><D130/><N who="1" m="49675" /><E0/><V63/><F47/><W9/><G117/><T58/><D58/><U83/><E83/><V119/><F119/><W53/><G70/><T99/><D99/><U124/><E55/><V57/><F57/><N who="3" m="32959" /><G29/><T72/><D41/><N who="1" m="15371" /><E14/><V135/><F135/><W44/><G44/><T12/><D12/><U114/><E4/><V64/><F22/><W16/><G9/><N who="0" m="2303" /><D69/><U46/><E46/><V26/><F26/><W98/><G5/><T102/><D102/><U17/><E17/><AGARI ba="0,0" hai="17,23,25,48,50,56,59,62,63,64,67,85,88,93" machi="17" ten="30,7700,0" yaku="7,1,9,1,8,1,54,1" doraHai="28" who="2" fromWho="1" sc="260,0,253,-77,260,77,227,0" /><INIT seed="2,0,0,3,1,93" ten="260,176,337,227" oya="2" hai0="51,92,33,35,60,114,40,59,4,54,73,26,81" hai1="85,126,58,110,7,117,90,57,133,63,49,48,65" hai2="32,62,21,128,106,116,107,19,15,89,2,14,55" hai3="61,64,109,112,82,77,87,56,79,88,71,46,125"/><V119/><F32/><W127/><G109/><T39/><D114/><U66/><E117/><V28/><F2/><W108/><G108/><T123/><D123/><U75/><E110/><V101/><F128/><W29/><G112/><T84/><D73/><U13/><E75/><V38/><F38/><W86/><G29/><T31/><D4/><U72/><E72/><V67/><F28/><W124/><G46/><T83/><D35/><U16/><E7/><V129/><F129/><W102/><G102/><T18/><D18/><U36/><E36/><V99/><F107/><W78/><REACH who="3" step="1"/><G71/><REACH who="3" ten="260,176,337,217" step="2"/><T42/><D39/><U52/><E133/><V45/><F119/><W111/><G111/><T104/><D104/><U80/><E126/><V27/><F116/><W94/><AGARI ba="0,1" hai="56,61,64,77,78,79,82,86,87,88,94,124,125,127" machi="94" ten="30,7900,0" yaku="1,1,0,1,18,1,54,1,53,0" doraHai="93" doraHaiUra="50" who="3" fromWho="3" sc="260,-20,176,-20,337,-39,217,89" /><INIT seed="3,0,0,2,1,65" ten="240,156,298,306" oya="3" hai0="117,42,53,84,113,44,77,100,85,27,55,15,95" hai1="59,4,104,111,67,28,6,127,54,102,32,131,9" hai2="58,11,75,122,110,80,21,73,118,132,70,16,36" hai3="112,68,52,89,125,99,1,25,64,135,38,90,7"/><W121/><G112/><T8/><D113/><U56/><E111/><V93/><F70/><W23/><G121/><T78/><D117/><U71/><E131/><V103/><F36/><W115/><G115/><T49/><D27/><U92/><E127/><V18/><F118/><W126/><G38/><T97/><D84/><U33/><E92/><V108/><F132/><W5/><G135/><T24/><D24/><U94/><E94/><V45/><F122/><W114/><G114/><T31/><D31/><U13/><E4/><N who="3" m="1610" /><G1/><T3/><D3/><U37/><E37/><V48/><F58/><W105/><G52/><T35/><D35/><U129/><E129/><V109/><F11/><W50/><G50/><T87/><D87/><U134/><E134/><V107/><F107/><W2/><G2/><T66/><D66/><U40/><E40/><N who="2" m="24615" /><F80/><W123/><G123/><T22/><D22/><U39/><E39/><V19/><F21/><W43/><G43/><T34/><D34/><U14/><E14/><V81/><F81/><W26/><G26/><T96/><D96/><AGARI ba="0,0" hai="16,18,19,73,75,93,96,103,108,109,110" m="24615" machi="96" ten="40,2600,0" yaku="14,1,54,1" doraHai="65" who="2" fromWho="0" sc="240,-26,156,0,298,26,306,0" owari="214,-19.0,156,-34.0,324,42.0,306,11.0" /></mjloggm>