<mjloggm ver="2.3"><GO type="225" lobby="0"/><UN n0="%E6%84%9B%E5%AE%95%E3%83%8D%E3%82%AD%E3%80%82" n1="%6D%69%79%61%79%61" n2="%6B%61%6D%6F%73%75%6B%65" n3="%E3%83%88%E3%83%88%E3%83%AA%E5%85%88%E7%94%9F%31%39%E6%AD%B3" dan="16,16,17,16" rate="2063.12,2040.25,2234.88,2182.34" sx="M,F,M,F"/><TAIKYOKU oya="0"/><INIT seed="0,0,0,5,3,31" ten="250,250,250,250" oya="0" hai0="41,100,13,116,129,132,91,90,1,39,8,27,20" hai1="58,110,79,21,0,42,96,33,35,125,56,29,50" hai2="14,67,105,62,92,134,19,43,113,47,85,104,128" hai3="103,97,32,107,17,38,7,93,30,18,114,126,46"/><T4/><D116/><U16/><E110/><V61/><F113/><W49/><G114/><T82/><D132/><U135/><E0/><V11/><F62/><W68/><G38/><T74/><D129/><U119/><E119/><V99/><F85/><W76/><G126/><T59/><D100/><U120/><E120/><V112/><F134/><W88/><G68/><T81/><D1/><U52/><E135/><V83/><F83/><W106/><G7/><T3/><D3/><U131/><E125/><V15/><F15/><W44/><G76/><T108/><D108/><U12/><E131/><V95/><F95/><W101/><G101/><T45/><D59/><U37/><E79/><V115/><F128/><W64/><G64/><T118/><D118/><U10/><E96/><V55/><F55/><W48/><G48/><N who="0" m="26671" /><D74/><U23/><E58/><V72/><F72/><W121/><G121/><T26/><D26/><U54/><E54/><V89/><F115/><W40/><G44/><T69/><D69/><U71/><E71/><V65/><F65/><W80/><G106/><T130/><D39/><U2/><E2/><V117/><F117/><W36/><G36/><T66/><D66/><U84/><E84/><V122/><F122/><W9/><G107/><T57/><D57/><U86/><E86/><V94/><F94/><W87/><REACH who="3" step="1"/><G9/><REACH who="3" ten="250,250,250,240" step="2"/><T98/><D130/><U24/><REACH who="1" step="1"/><E10/><REACH who="1" ten="250,240,250,240" step="2"/><V127/><F127/><W53/><G53/><T70/><D70/><U28/><E28/><V22/><F11/><W78/><G78/><T63/><D8/><U133/><E133/><V51/><F112/><RYUUKYOKU ba="0,2" sc="250,-30,240,10,250,10,240,10" hai1="12,16,21,23,24,29,33,35,37,42,50,52,56" hai2="14,19,22,43,47,51,61,67,89,92,99,104,105" hai3="17,18,30,32,40,46,49,80,87,88,93,97,103" /><INIT seed="1,1,2,2,5,62" ten="220,250,260,250" oya="1" hai0="75,85,68,30,9,44,57,36,71,116,123,83,72" hai1="63,22,97,109,24,84,70,11,6,13,86,119,134" hai2="129,69,101,113,1,3,47,54,42,17,115,79,64" hai3="32,130,16,35,52,45,118,56,81,88,20,131,107"/><U73/><E119/><V59/><F79/><W127/><G107/><T55/><D116/><U102/><E73/><V37/><F101/><W4/><G45/><T135/><D30/><U89/><E134/><V114/><F17/><W26/><G4/><T105/><D105/><U111/><E70/><V90/><F90/><W8/><G8/><T104/><D104/><U43/><E43/><V7/><F7/><W93/><G81/><T77/><D135/><U65/><E102/><V28/><F28/><W133/><G127/><T87/><D123/><U10/><E10/><V100/><F100/><W126/><G126/><T66/><D75/><U99/><E63/><N who="2" m="40095" /><F129/><N who="3" m="49163" /><G133/><T103/><D103/><U78/><E65/><V38/><F38/><W34/><G118/><T112/><D112/><N who="2" m="28674" /><V125/><DORA hai="46" /><F125/><W132/><G132/><T122/><D122/><U14/><E78/><V82/><F82/><W58/><G52/><T18/><D55/><U49/><E89/><V39/><F39/><W128/><N who="3" m="49171" /><W5/><DORA hai="110" /><G5/><T120/><D36/><U51/><E6/><V121/><F121/><W19/><G19/><T27/><D18/><U96/><E96/><AGARI ba="1,2" hai="16,20,26,32,34,35,56,58,88,93,96" m="49171" machi="96" ten="50,6400,0" yaku="19,1,54,2" doraHai="62,46,110" who="3" fromWho="1" sc="220,0,250,-67,260,0,250,87" /><INIT seed="2,0,0,0,4,51" ten="220,183,260,337" oya="2" hai0="40,6,89,105,42,65,112,120,30,27,104,114,69" hai1="12,63,9,35,75,123,23,11,10,121,129,88,59" hai2="117,38,99,18,118,17,3,22,15,103,93,130,94" hai3="2,70,66,0,131,95,134,29,52,24,53,77,87"/><V56/><F38/><W132/><G131/><T49/><D120/><N who="1" m="46155" /><E35/><V78/><F3/><N who="3" m="1067" /><G66/><T54/><D6/><U16/><E75/><V113/><F130/><W32/><G70/><T106/><D65/><U85/><E129/><V58/><F113/><W83/><G95/><T135/><D69/><U128/><E128/><V76/><F99/><W100/><G100/><T133/><D89/><U20/><E20/><V72/><F72/><W60/><G60/><T115/><D42/><U39/><E39/><V98/><F98/><W80/><G80/><T31/><D40/><U119/><E119/><V36/><F36/><W1/><G1/><T73/><D73/><U34/><E34/><V126/><F103/><W125/><G125/><T86/><D86/><U81/><E9/><V43/><F43/><W101/><G101/><T57/><REACH who="0" step="1"/><D27/><REACH who="0" ten="210,183,260,337" step="2"/><U7/><E7/><V102/><F118/><W25/><G25/><T46/><D46/><U5/><E5/><V50/><F117/><W96/><G96/><T62/><D62/><U122/><N who="1" m="46163" /><U61/><DORA hai="84" /><E61/><V45/><F45/><W107/><G24/><T91/><D91/><U124/><E124/><V19/><F126/><W55/><G87/><T79/><D79/><U109/><E109/><V116/><F78/><W71/><G77/><T21/><D21/><U48/><E48/><V37/><F76/><W111/><G32/><T110/><D110/><U64/><AGARI ba="0,1" hai="10,11,12,16,23,59,63,64,81,85,88" m="46163" machi="64" ten="40,8000,1" yaku="13,1,52,1,54,2" doraHai="51,84" who="1" fromWho="1" sc="210,-20,183,90,260,-40,337,-20" /><INIT seed="3,0,0,5,3,60" ten="190,273,220,317" oya="3" hai0="32,111,89,103,38,44,3,127,92,24,80,124,66" hai1="57,63,123,108,95,12,79,15,7,85,110,69,25" hai2="54,83,71,133,86,61,56,115,6,5,73,40,42" hai3="65,17,62,34,101,27,18,128,21,113,87,29,47"/><W37/><G113/><T131/><D3/><U72/><E69/><V77/><F115/><W102/><G128/><T78/><D131/><U93/><E123/><V45/><F71/><W112/><G112/><T46/><D103/><U43/><E43/><N who="2" m="16427" /><F73/><W51/><G37/><T67/><D111/><N who="1" m="42539" /><E72/><V70/><F70/><W132/><G132/><T1/><D1/><U105/><E105/><V33/><F33/><W135/><G135/><T74/><D38/><U107/><E107/><V30/><F133/><W59/><G18/><T22/><D32/><U109/><E25/><V88/><F30/><W104/><G104/><T55/><D44/><U11/><E15/><V96/><F45/><W9/><G34/><T100/><D100/><U91/><E79/><V35/><F35/><W130/><G130/><T98/><D55/><N who="1" m="34239" /><E109/><V19/><F77/><W114/><G114/><T8/><D46/><U50/><E50/><V39/><F39/><W20/><G51/><T53/><D53/><U106/><E106/><V64/><F54/><W58/><G47/><T90/><D90/><U94/><AGARI ba="0,0" hai="7,11,12,85,91,93,94,95" m="34239,42539" machi="94" ten="30,1100,0" yaku="14,1" doraHai="60" who="1" fromWho="1" sc="190,-3,273,11,220,-3,317,-5" owari="187,-31.0,284,8.0,217,-18.0,312,41.0" /></mjloggm>