<mjloggm ver="2.3"><GO type="41" lobby="0"/><UN n0="%4E%75%74%61%37%39" n1="%E5%B0%B1%E6%B4%BB%E7%94%9F%40%E5%B7%9D%E6%9D%91%E8%BB%8D%E5%9B%A3" n2="%73%75%62%74%65%72" n3="%46%61%72%61%68" dan="15,15,14,14" rate="2039.23,1965.49,1906.64,1977.37" sx="M,M,M,M"/><TAIKYOKU oya="0"/><INIT seed="0,0,0,4,0,6" ten="250,250,250,250" oya="0" hai0="31,101,8,92,51,76,129,135,117,104,74,91,79" hai1="68,53,97,45,69,36,67,17,123,88,81,52,124" hai2="118,22,41,42,40,46,107,126,89,82,86,28,15" hai3="100,55,90,77,112,62,58,16,59,61,44,0,13"/><T37/><D37/><U57/><E123/><V35/><F118/><W5/><G112/><T65/><D117/><U72/><E124/><V29/><F126/><W127/><G127/><T131/><D65/><U20/><E72/><V120/><F120/><W103/><G77/><T95/><D31/><U48/><E67/><V121/><F121/><W119/><G119/><T134/><D51/><U102/><E102/><V109/><F107/><W83/><G0/><T94/><D8/><U23/><E23/><V14/><F35/><W64/><G5/><T111/><D111/><U93/><E81/><V96/><F109/><W32/><G32/><T110/><D110/><U105/><E105/><V24/><F29/><W49/><G83/><N who="0" m="45463" /><D79/><U113/><E113/><V3/><F3/><W130/><G90/><T132/><D91/><U56/><E56/><V10/><F96/><AGARI ba="0,0" hai="92,94,95,96,101,104,129,131,132,134,135" m="45463" machi="96" ten="40,7700,0" yaku="20,1,34,2" doraHai="6" who="0" fromWho="2" sc="250,77,250,0,250,-77,250,0" /><INIT seed="0,1,0,2,1,14" ten="327,250,173,250" oya="0" hai0="105,94,103,106,22,110,127,119,27,56,32,45,118" hai1="51,4,68,40,10,9,90,83,31,102,65,78,67" hai2="5,126,122,88,104,57,131,75,108,61,114,72,58" hai3="55,53,82,41,24,120,44,115,47,37,93,26,123"/><T69/><D69/><U33/><E33/><V30/><F122/><N who="3" m="46635" /><G115/><T117/><D32/><U130/><E130/><V96/><F114/><W12/><G82/><T129/><D129/><U20/><E68/><V112/><F131/><W134/><G134/><T71/><D71/><U39/><E102/><V34/><F112/><W99/><G12/><T111/><D127/><U87/><E39/><V8/><F126/><W50/><G53/><T13/><D13/><N who="1" m="5287" /><E10/><V91/><F108/><N who="0" m="41514" /><D45/><N who="1" m="26023" /><E90/><AGARI ba="1,0" hai="24,26,37,41,44,47,50,55,90,93,99" m="46635" machi="90" ten="30,1000,0" yaku="13,1" doraHai="14" who="3" fromWho="1" sc="327,0,250,-13,173,0,250,13" /><INIT seed="1,0,0,5,0,62" ten="327,237,173,263" oya="1" hai0="128,69,35,42,4,17,59,113,116,8,134,6,100" hai1="25,11,70,49,103,135,41,89,114,58,109,12,28" hai2="108,52,54,87,66,39,123,5,21,73,36,46,97" hai3="95,78,117,63,10,43,23,93,86,64,96,22,106"/><U92/><E109/><V81/><F123/><W76/><G43/><T129/><D69/><U127/><E70/><V104/><F73/><W65/><G117/><T67/><D35/><U51/><E114/><V101/><F108/><W132/><G132/><T72/><D72/><U84/><E127/><V13/><F66/><N who="3" m="25707" /><G63/><N who="0" m="38399" /><D134/><U107/><E135/><V102/><F102/><N who="3" m="60687" /><G106/><T18/><D100/><U68/><E103/><V50/><F54/><W60/><G60/><T71/><D71/><U29/><E68/><V79/><REACH who="2" step="1"/><F21/><REACH who="2" ten="327,237,163,263" step="2"/><N who="3" m="7691" /><G10/><AGARI ba="0,1" hai="5,10,13,36,39,46,50,52,79,81,87,97,101,104" machi="10" ten="40,2600,0" yaku="1,1,54,1,53,0" doraHai="62" doraHaiUra="16" who="2" fromWho="3" sc="327,0,237,0,163,36,263,-26" /><INIT seed="2,0,0,4,2,38" ten="327,237,199,237" oya="2" hai0="50,124,130,111,42,100,84,23,70,82,127,41,77" hai1="131,68,26,69,1,86,17,8,43,52,15,61,110" hai2="29,73,122,67,51,78,74,99,102,104,90,123,21" hai3="44,59,132,83,113,97,54,5,108,53,31,76,98"/><V66/><F90/><W118/><G118/><T56/><D70/><U134/><E110/><V45/><F29/><W7/><G108/><T103/><D130/><U37/><E1/><V55/><F21/><W13/><G113/><T89/><D111/><U88/><E131/><V60/><F67/><W106/><G132/><T2/><D2/><U34/><E134/><V28/><F28/><W85/><G31/><T18/><D89/><U22/><E34/><V114/><F114/><W57/><G106/><T93/><D93/><U10/><E10/><V65/><F65/><W12/><G44/><T75/><D75/><U101/><E101/><N who="0" m="38985" /><D56/><N who="1" m="34951" /><E68/><V3/><F3/><W72/><G72/><T94/><D94/><N who="1" m="54551" /><E69/><V16/><F73/><W92/><G92/><T116/><D116/><U39/><E39/><V62/><F74/><W24/><G24/><N who="0" m="14455" /><D50/><U49/><E37/><V20/><F78/><W120/><G76/><T46/><D46/><N who="1" m="25823" /><E8/><V121/><REACH who="2" step="1"/><F66/><REACH who="2" ten="327,237,189,237" step="2"/><W36/><G36/><T112/><D112/><U63/><E63/><V133/><F133/><W80/><G85/><T115/><D115/><U128/><E128/><V47/><F47/><W107/><G107/><T71/><D71/><U0/><E0/><V58/><F58/><W81/><G59/><T64/><D64/><U119/><E119/><V117/><F117/><W135/><G57/><T30/><D84/><U79/><E79/><V109/><F109/><W6/><G135/><T19/><D77/><U129/><E129/><V27/><AGARI ba="0,1" hai="16,20,27,45,51,55,60,62,99,102,104,121,122,123" machi="27" ten="30,6000,0" yaku="1,1,0,1,54,1,53,0" doraHai="38" doraHaiUra="9" who="2" fromWho="2" sc="327,-20,237,-20,189,70,237,-20" /><INIT seed="2,1,0,3,1,86" ten="307,217,259,217" oya="2" hai0="43,123,93,116,17,76,111,79,66,110,74,24,99" hai1="45,105,119,107,68,112,75,121,25,51,118,106,21" hai2="50,64,87,131,89,127,85,26,53,129,20,91,35" hai3="18,69,115,33,49,134,109,52,71,11,4,14,92"/><V2/><F35/><W12/><G115/><T27/><D123/><U56/><E112/><V135/><F64/><W46/><G109/><N who="0" m="41483" /><D116/><U108/><E68/><V16/><F2/><W122/><G122/><T132/><D132/><U72/><E108/><V28/><F28/><W36/><G134/><T29/><D66/><U90/><E121/><V62/><F62/><W48/><G33/><N who="0" m="20647" /><D43/><U1/><E1/><V82/><F127/><W38/><G48/><T117/><D74/><U9/><E9/><V130/><F135/><W55/><G55/><T19/><D117/><U60/><E75/><V37/><F37/><W100/><G69/><T96/><D96/><U113/><E72/><V59/><F85/><W124/><G71/><T34/><D34/><U126/><E113/><V5/><F5/><W114/><G124/><T42/><D42/><U31/><E126/><V0/><F0/><W10/><G114/><T32/><D32/><U23/><E23/><V6/><F6/><W78/><G38/><T41/><D41/><U83/><E45/><V103/><F103/><W81/><G36/><T58/><D58/><U133/><E51/><V70/><F70/><W40/><G40/><T101/><D27/><U94/><E133/><V67/><F67/><W63/><G63/><T30/><D30/><U57/><E83/><V102/><F102/><W47/><G47/><T39/><D39/><U44/><E44/><V8/><F8/><W15/><G15/><T84/><D84/><U22/><E22/><V61/><F61/><W73/><G100/><T54/><D54/><N who="1" m="33815" /><E57/><V65/><F65/><RYUUKYOKU ba="1,0" sc="307,0,217,0,259,0,217,0" hai0="17,19,76,79,93,99,101" hai1="21,25,31,90,94,105,106,107,118,119" hai2="16,20,26,50,53,59,82,87,89,91,129,130,131" hai3="4,10,11,12,14,18,46,49,52,73,78,81,92" /><INIT seed="2,2,0,1,1,85" ten="307,217,259,217" oya="2" hai0="25,66,120,16,117,32,52,128,9,72,108,41,27" hai1="56,111,26,130,106,83,69,17,131,121,50,23,31" hai2="3,126,107,39,59,109,93,134,47,30,103,14,15" hai3="123,63,38,87,105,110,73,119,80,88,98,112,10"/><V49/><F3/><W24/><G38/><T127/><D72/><U58/><E69/><V70/><F70/><W102/><G119/><T21/><D120/><U6/><E106/><V2/><F2/><W90/><G123/><T84/><D117/><U95/><E121/><V125/><F107/><W48/><G10/><T43/><D127/><N who="2" m="48650" /><F134/><W45/><G110/><T79/><D66/><U91/><E6/><V29/><F39/><W20/><G112/><T4/><D128/><N who="1" m="49195" /><E111/><V34/><F59/><N who="1" m="22569" /><E50/><V132/><F132/><W115/><G63/><T46/><D108/><U113/><E113/><V100/><F109/><W40/><G73/><T60/><D60/><U18/><E83/><V64/><F64/><W94/><G115/><T11/><D4/><U42/><E42/><N who="2" m="24823" /><F34/><W76/><REACH who="3" step="1"/><G105/><REACH who="3" ten="307,217,259,207" step="2"/><T82/><D11/><U8/><E8/><V36/><F36/><W97/><G97/><AGARI ba="2,1" hai="17,18,23,26,31,91,95,97" m="22569,49195" machi="97" ten="30,2000,0" yaku="19,1,52,1" doraHai="85" who="1" fromWho="3" sc="307,0,217,36,259,0,207,-26" /><INIT seed="3,0,0,5,1,67" ten="307,253,259,181" oya="3" hai0="57,122,118,31,45,51,76,119,56,27,50,107,79" hai1="10,130,87,123,25,24,8,54,105,84,38,18,53" hai2="89,124,12,20,30,74,28,85,88,134,13,103,9" hai3="71,72,131,26,5,7,135,110,52,60,95,80,98"/><W126/><G135/><T116/><D107/><U29/><E105/><V82/><F74/><W75/><G131/><T15/><D122/><U43/><E130/><V115/><F115/><W4/><G126/><T129/><D129/><U49/><E123/><V35/><F134/><W59/><G110/><T104/><D104/><U86/><E38/><V106/><F124/><W117/><G117/><T83/><D15/><U22/><E43/><V69/><F35/><W91/><G26/><T3/><D3/><U63/><E63/><V46/><F69/><W21/><G21/><T73/><D79/><U78/><E78/><V33/><F33/><W61/><REACH who="3" step="1"/><G80/><REACH who="3" ten="307,253,259,171" step="2"/><T132/><D132/><U42/><E42/><V47/><F20/><W125/><G125/><T90/><D27/><U114/><E114/><V121/><F82/><W120/><G120/><T55/><D31/><U6/><E25/><V36/><F28/><W41/><G41/><T16/><D119/><U68/><E29/><V44/><F30/><W0/><G0/><T23/><D116/><U58/><E10/><V70/><F9/><W37/><G37/><T99/><D118/><U1/><REACH who="1" step="1"/><E54/><REACH who="1" ten="307,243,259,171" step="2"/><V92/><F36/><W93/><G93/><T81/><D55/><U2/><E2/><V108/><F92/><W32/><G32/><T111/><D23/><U94/><E94/><V113/><F121/><W133/><G133/><T11/><D11/><U109/><E109/><V77/><F108/><W96/><G96/><T39/><D99/><U66/><E66/><AGARI ba="0,2" hai="4,5,7,52,59,60,61,66,71,72,75,91,95,98" machi="66" ten="40,7700,0" yaku="1,1,52,1,54,1,53,0" doraHai="67" doraHaiUra="34" who="3" fromWho="1" sc="307,0,243,-77,259,0,171,97" /><INIT seed="3,1,0,5,4,92" ten="307,166,259,268" oya="3" hai0="126,87,79,97,40,58,63,108,38,11,21,18,55" hai1="111,19,128,35,23,1,30,114,4,80,116,37,123" hai2="46,52,98,10,66,124,56,33,44,131,17,31,122" hai3="13,115,95,42,8,78,106,39,22,81,100,28,6"/><W118/><G118/><T102/><D126/><U109/><E37/><V89/><F124/><W107/><G115/><T71/><D108/><N who="1" m="41547" /><E35/><V12/><F122/><W29/><G39/><T133/><D71/><U59/><E80/><V86/><F131/><W85/><G42/><T26/><D133/><U90/><E30/><V70/><F66/><W132/><G132/><T25/><D38/><U93/><E114/><V117/><F70/><W34/><G34/><T76/><D40/><U77/><E116/><V134/><F134/><W68/><G68/><T7/><D25/><U125/><E77/><V99/><F31/><N who="3" m="11851" /><G107/><T62/><D87/><N who="1" m="52447" /><E4/><V103/><F33/><W82/><G106/><T2/><REACH who="0" step="1"/><D62/><REACH who="0" ten="297,166,259,268" step="2"/><U69/><E69/><V94/><F117/><W54/><G85/><T20/><D20/><U113/><E113/><V119/><F119/><W14/><G22/><T60/><D60/><U121/><E1/><V36/><F36/><W129/><G129/><T83/><D83/><U73/><E128/><V3/><F3/><W135/><G135/><T27/><D27/><N who="1" m="14847" /><E125/><V41/><F41/><W88/><G82/><T75/><D75/><U43/><E43/><V61/><F86/><N who="3" m="52631" /><G81/><T57/><D57/><U130/><E73/><V24/><F24/><W47/><G78/><T72/><D72/><U120/><E59/><V49/><F61/><W110/><G110/><T96/><D96/><U32/><E130/><V53/><F99/><W15/><G8/><T105/><AGARI ba="1,1" hai="2,7,11,18,21,26,55,58,63,76,79,97,102,105" machi="105" ten="20,5200,0" yaku="1,1,0,1,7,1,52,1,53,0" doraHai="92" doraHaiUra="112" who="0" fromWho="0" sc="297,65,166,-14,259,-14,268,-27" /><INIT seed="4,0,0,3,5,16" ten="362,152,245,241" oya="0" hai0="89,34,106,63,110,24,108,122,26,71,52,73,10" hai1="117,36,62,75,13,93,95,131,7,121,103,92,44" hai2="107,97,17,40,82,79,0,48,96,66,20,12,109" hai3="35,91,88,31,30,130,39,32,77,127,60,135,8"/><T11/><D122/><U15/><E75/><V98/><F109/><N who="0" m="42090" /><D106/><U42/><E121/><V116/><F116/><W3/><G39/><T22/><D73/><U78/><E117/><V68/><F0/><W55/><G135/><T112/><D112/><U23/><E131/><V104/><F66/><W50/><G130/><T84/><D71/><U56/><E78/><V28/><F68/><W124/><G77/><T27/><D34/><U43/><E103/><V41/><F28/><N who="3" m="10795" /><G60/><T45/><D22/><U29/><E7/><V101/><F101/><W120/><G120/><T105/><D105/><U87/><E87/><V38/><F38/><W18/><G35/><T90/><D90/><U53/><REACH who="1" step="1"/><E43/><REACH who="1" ten="362,142,245,241" step="2"/><V61/><F40/><W64/><G32/><T119/><D119/><U125/><E125/><V4/><F4/><W14/><G124/><T59/><D45/><U67/><E67/><V72/><REACH who="2" step="1"/><F61/><REACH who="2" ten="362,142,235,241" step="2"/><W33/><G64/><T2/><D2/><U86/><E86/><V81/><F81/><AGARI ba="0,2" hai="10,11,24,26,27,52,59,63,81,84,89" m="42090" machi="81" ten="30,2900,0" yaku="10,1,54,1" doraHai="16" who="0" fromWho="2" sc="362,49,142,0,235,-29,241,0" /><INIT seed="4,1,0,1,4,127" ten="411,142,206,241" oya="0" hai0="73,108,114,120,34,51,22,91,9,8,15,58,49" hai1="113,14,132,116,121,117,83,28,109,53,131,18,25" hai2="90,115,110,82,98,21,42,106,39,129,78,62,2" hai3="6,72,119,79,63,96,26,100,57,52,86,35,66"/><T27/><D73/><U130/><E53/><V103/><F2/><W94/><G119/><N who="1" m="45642" /><E83/><V92/><F110/><W56/><G72/><T104/><D120/><U95/><E95/><V48/><F115/><W105/><G105/><T93/><D114/><U50/><E50/><V10/><F39/><W20/><G35/><T30/><D104/><U102/><E102/><V81/><F62/><W135/><G135/><T24/><D108/><U89/><E89/><V29/><F10/><W59/><G6/><T4/><D8/><N who="1" m="6471" /><E109/><V31/><F81/><N who="3" m="47423" /><G66/><T88/><D58/><U36/><E36/><V13/><F48/><W80/><G80/><T12/><D91/><U133/><E113/><V5/><F42/><W112/><G112/><T64/><D64/><U19/><E19/><AGARI ba="1,0" hai="19,20,26,52,56,57,59,63,94,96,100" m="47423" machi="19" ten="30,2000,0" yaku="8,1,54,1" doraHai="127" who="3" fromWho="1" sc="411,0,142,-23,206,0,241,23" /><INIT seed="5,0,0,4,5,115" ten="411,119,206,264" oya="1" hai0="29,25,56,72,39,104,117,129,85,5,135,43,20" hai1="89,55,68,97,121,8,80,48,76,118,24,21,98" hai2="93,47,6,128,16,0,67,41,11,54,30,106,49" hai3="32,105,31,99,75,123,73,111,1,74,83,33,7"/><U88/><E121/><V134/><F106/><W90/><G111/><T42/><D104/><U102/><E68/><V131/><F134/><W96/><G123/><T50/><D72/><U64/><E64/><V60/><F30/><W66/><G66/><T59/><D135/><U44/><E8/><V100/><F41/><W2/><G31/><T17/><D39/><U84/><E118/><V108/><F108/><W112/><G112/><T82/><D117/><U87/><E102/><V110/><F110/><W94/><G83/><T114/><D129/><U12/><E12/><V79/><F79/><W132/><G132/><T124/><D124/><U122/><E122/><V119/><F119/><W78/><G78/><N who="0" m="46295" /><D5/><U107/><E107/><V38/><F38/><W125/><G125/><T34/><D34/><U130/><E130/><V63/><F63/><W37/><G7/><T57/><D114/><U15/><E15/><V95/><F16/><W69/><G37/><T109/><D109/><U23/><E23/><V14/><F0/><N who="3" m="107" /><G69/><T18/><D43/><U133/><E133/><V65/><F65/><W103/><G105/><T3/><D3/><U9/><E9/><V126/><F126/><W62/><G62/><T45/><AGARI ba="0,0" hai="17,18,20,25,29,42,45,50,56,57,59" m="46295" machi="45" ten="30,1100,0" yaku="8,1" doraHai="115" who="0" fromWho="0" sc="411,11,119,-5,206,-3,264,-3" /><INIT seed="6,0,0,0,1,97" ten="422,114,203,261" oya="2" hai0="1,113,107,83,114,38,48,115,4,31,45,2,55" hai1="14,60,92,30,116,88,7,8,59,118,13,93,106" hai2="22,34,100,74,85,12,24,53,110,41,134,46,61" hai3="101,47,130,64,125,66,36,51,120,79,91,10,25"/><V67/><F74/><W75/><G120/><T43/><D107/><U49/><E106/><V103/><F110/><W20/><G130/><T105/><D105/><U99/><E30/><V76/><F134/><W81/><G36/><T131/><D131/><U109/><E109/><V77/><F34/><W117/><G117/><T127/><D127/><U21/><E49/><N who="2" m="28855" /><F41/><W0/><G125/><T27/><D83/><U98/><E21/><V37/><F37/><W72/><G72/><T96/><D96/><U50/><E50/><V69/><F69/><W133/><G133/><T87/><D87/><U28/><E28/><N who="2" m="17431" /><F12/><W62/><G91/><T33/><D4/><U126/><E126/><V129/><F129/><W58/><G0/><T35/><D35/><U18/><E18/><V119/><F119/><W44/><G44/><AGARI ba="0,0" hai="1,2,27,31,33,38,43,44,45,48,55,113,114,115" machi="44" ten="40,1300,0" yaku="15,1" doraHai="97" who="0" fromWho="3" sc="422,13,114,0,203,0,261,-13" /><INIT seed="7,0,0,3,1,39" ten="435,114,203,248" oya="3" hai0="28,25,83,116,16,40,0,22,118,1,129,5,134" hai1="70,3,10,79,44,135,115,43,41,45,125,133,61" hai2="104,112,18,90,52,119,27,84,66,109,110,121,75" hai3="60,73,9,103,80,77,62,4,2,126,20,55,91"/><W12/><G126/><T69/><D40/><N who="1" m="15435" /><E79/><V57/><F75/><W127/><G127/><T46/><D83/><U78/><E78/><V88/><F121/><W33/><G33/><N who="0" m="20623" /><D46/><N who="1" m="18027" /><E125/><V85/><F112/><W108/><G108/><T63/><D63/><U15/><E3/><N who="0" m="1097" /><D69/><U59/><E70/><V97/><F119/><W124/><G124/><T48/><D48/><U76/><E76/><V50/><F66/><W99/><G91/><T96/><D96/><U54/><E115/><V111/><F104/><W117/><G117/><T89/><D89/><U58/><E135/><V6/><F6/><W130/><G99/><T53/><D129/><U113/><E113/><V101/><F101/><W92/><G103/><T24/><D53/><N who="1" m="33999" /><E133/><V106/><F106/><W23/><G2/><T51/><D51/><N who="1" m="31199" /><E15/><V107/><F107/><W120/><G12/><T7/><D134/><U67/><E10/><V14/><F90/><W30/><G9/><T122/><D122/><U93/><E93/><V132/><F132/><W38/><G92/><T68/><D68/><U131/><E131/><V49/><F97/><W71/><G120/><T100/><D100/><U13/><E13/><V81/><F85/><W65/><G71/><T42/><D42/><U105/><E105/><V128/><F128/><W123/><G130/><T19/><D19/><U17/><E67/><V95/><F95/><W21/><G123/><T86/><D86/><U64/><E64/><V37/><F14/><W47/><G65/><T56/><D118/><U72/><E72/><V35/><F49/><W94/><G73/><T74/><D74/><RYUUKYOKU ba="0,0" sc="435,-10,114,30,203,-10,248,-10" hai1="17" owari="425,53.0,144,-36.0,193,-21.0,238,4.0" /></mjloggm>