<mjloggm ver="2.3"><GO type="169" lobby="0"/><UN n0="%E3%82%A6%E3%83%AB%E3%83%88%E3%83%A9%E7%AB%8B%E7%9B%B4" n1="%E3%81%92%E3%82%93%E3%81%9F%E3%82%8D%EF%BD%9E" n2="%E3%81%86%E3%81%83%E3%83%BC%E3%81%A1%E3%82%83%E3%82%93" n3="%E3%83%99%E3%82%BF%E3%82%AA%E3%83%AA%E3%82%B9%E3%82%AF" dan="18,17,16,17" rate="2197.32,2175.83,2155.00,2202.25" sx="M,M,M,M"/><TAIKYOKU oya="0"/><INIT seed="0,0,0,4,5,133" ten="250,250,250,250" oya="0" hai0="109,115,4,14,44,127,15,103,94,60,11,105,43" hai1="47,112,70,35,93,27,31,10,74,113,88,120,53" hai2="131,24,32,25,71,0,29,7,95,134,124,62,91" hai3="85,130,99,63,111,117,98,102,81,16,135,110,69"/><T21/><D115/><N who="1" m="44107" /><E120/><V77/><F131/><W1/><G1/><T66/><D105/><U17/><E74/><V82/><F134/><W40/><G135/><T51/><D109/><U57/><E70/><V20/><F7/><W106/><G117/><T46/><D127/><U79/><E79/><V58/><F0/><W67/><G130/><T28/><D46/><U61/><E47/><V123/><F71/><W121/><G121/><T89/><D103/><U76/><E76/><V68/><F68/><W34/><G99/><T128/><D128/><U101/><E101/><V23/><F123/><W125/><G125/><T73/><D73/><U49/><E10/><V83/><F124/><W87/><G40/><T13/><D21/><U22/><E49/><V75/><F82/><W33/><G16/><T36/><D28/><U50/><E50/><V114/><F25/><W30/><G87/><T104/><D104/><U97/><E35/><V3/><F3/><W116/><G116/><T65/><D36/><U108/><E108/><N who="3" m="41514" /><G30/><AGARI ba="0,0" hai="17,22,27,30,31,53,57,61,88,93,97" m="44107" machi="30" ten="30,3900,0" yaku="25,1,11,1,54,1" doraHai="133" who="1" fromWho="3" sc="250,0,250,39,250,0,250,-39" /><INIT seed="1,0,0,5,0,112" ten="250,289,250,211" oya="1" hai0="9,87,11,35,4,26,52,38,0,46,106,3,62" hai1="118,20,89,57,121,80,17,81,71,13,73,25,42" hai2="19,58,63,27,129,15,99,83,48,32,5,124,12" hai3="128,2,36,68,8,24,103,34,30,109,47,105,104"/><U98/><E71/><V45/><F124/><W18/><G68/><T91/><D106/><U23/><E121/><V66/><F129/><W74/><G109/><T16/><D38/><U123/><E123/><V55/><F32/><W65/><G65/><T113/><D113/><U72/><E72/><V54/><F99/><W70/><G70/><T135/><D135/><U93/><E73/><V114/><F114/><W75/><G105/><T78/><D78/><U133/><E133/><V84/><F66/><W119/><G128/><T6/><D35/><U69/><E69/><V131/><F131/><W64/><G64/><T61/><D26/><U96/><E118/><V29/><F29/><W41/><G18/><T22/><D46/><U130/><E130/><V94/><F94/><W79/><G79/><T132/><D132/><U116/><E116/><V60/><F60/><W127/><G127/><T134/><D134/><U117/><E117/><V59/><F45/><W120/><G120/><T97/><D97/><U100/><E42/><V33/><F33/><W28/><G28/><T115/><D115/><U111/><E57/><V101/><F101/><W110/><G110/><T21/><D52/><U82/><E111/><V43/><F43/><W76/><G119/><T85/><D91/><U108/><E108/><V67/><F55/><W49/><G76/><T53/><D53/><U95/><REACH who="1" step="1"/><E82/><REACH who="1" ten="250,279,250,211" step="2"/><V44/><F83/><W7/><G74/><T126/><D126/><U125/><E125/><V10/><F59/><W31/><G75/><T102/><D102/><U50/><E50/><V39/><F48/><RYUUKYOKU ba="0,1" sc="250,15,279,15,250,-15,211,-15" hai0="0,3,4,6,9,11,16,21,22,61,62,85,87" hai1="13,17,20,23,25,80,81,89,93,95,96,98,100" /><INIT seed="1,1,1,0,1,126" ten="265,294,235,196" oya="1" hai0="27,109,39,21,131,40,96,113,12,29,55,33,102" hai1="51,23,68,9,50,104,94,48,80,11,62,92,46" hai2="25,116,15,53,114,107,71,100,1,49,22,117,77" hai3="82,73,42,105,79,18,76,87,119,88,99,60,72"/><U59/><E104/><V90/><F1/><W91/><G42/><T16/><D113/><U10/><E68/><V110/><F71/><W134/><G60/><T81/><D109/><U125/><E125/><V130/><F110/><W34/><G18/><T101/><D81/><U85/><E23/><V37/><F114/><W54/><G54/><T123/><D123/><U32/><E46/><V41/><F77/><N who="3" m="29771" /><G34/><T47/><D131/><U20/><E20/><V108/><F130/><W78/><G134/><T58/><REACH who="0" step="1"/><D96/><REACH who="0" ten="255,294,235,196" step="2"/><U89/><REACH who="1" step="1"/><E32/><REACH who="1" ten="255,284,235,196" step="2"/><V57/><F108/><W135/><G135/><T124/><D124/><U65/><AGARI ba="1,3" hai="9,10,11,48,50,51,59,62,65,80,85,89,92,94" machi="65" ten="30,11700,0" yaku="1,1,2,1,0,1,8,1,53,0" doraHai="126" doraHaiUra="31" who="1" fromWho="1" sc="255,-40,284,150,235,-40,196,-40" /><INIT seed="1,2,0,2,4,109" ten="215,434,195,156" oya="1" hai0="114,9,5,0,135,104,51,35,52,97,17,14,69" hai1="8,101,90,40,30,2,80,19,115,122,99,82,23" hai2="11,127,13,16,6,21,25,58,32,110,92,56,74" hai3="64,103,81,45,121,39,57,68,76,95,72,31,44"/><U84/><E122/><V108/><F74/><W53/><G121/><T54/><D69/><U129/><E129/><V4/><F92/><W12/><G31/><T73/><D73/><U125/><E125/><V28/><F127/><W55/><G39/><T130/><D130/><U65/><E30/><V98/><F98/><W60/><G53/><T107/><D135/><U66/><E115/><V47/><F47/><W18/><G95/><T10/><D35/><U128/><E128/><V33/><F58/><W86/><G103/><T43/><D114/><U1/><E40/><V75/><F56/><W34/><G34/><N who="2" m="13417" /><F75/><W22/><REACH who="3" step="1"/><G72/><REACH who="3" ten="215,434,195,146" step="2"/><T37/><D54/><U15/><E82/><V62/><F62/><AGARI ba="2,1" hai="12,18,22,44,45,55,57,60,62,64,68,76,81,86" machi="62" ten="30,3900,0" yaku="1,1,2,1,7,1,53,0" doraHai="109" doraHaiUra="124" who="3" fromWho="2" sc="215,0,434,0,195,-45,146,55" /><INIT seed="2,0,0,3,2,83" ten="215,434,150,201" oya="2" hai0="36,52,72,102,81,133,38,126,100,60,57,3,127" hai1="44,42,130,99,14,82,88,128,15,49,64,12,28" hai2="131,120,132,112,45,118,96,75,77,24,106,13,65" hai3="46,114,26,0,8,19,93,47,16,18,104,37,80"/><V121/><F118/><W35/><G104/><T78/><D3/><U86/><E28/><V90/><F112/><W30/><G37/><T113/><D113/><U111/><E111/><V43/><F131/><W66/><G66/><T41/><D133/><U33/><E33/><V53/><F132/><W135/><G135/><T95/><D41/><U39/><E64/><V27/><F65/><W110/><G110/><T7/><D7/><U4/><E4/><V87/><F53/><W51/><G0/><T40/><D40/><U79/><REACH who="1" step="1"/><E39/><REACH who="1" ten="215,424,150,201" step="2"/><V76/><F121/><W105/><G114/><T20/><D36/><U122/><E122/><V6/><F120/><W107/><G35/><T17/><D38/><U63/><E63/><V134/><F134/><W108/><G30/><T117/><D117/><U91/><E91/><V103/><F77/><W1/><G108/><T109/><D109/><U129/><E129/><V55/><F76/><W50/><G51/><T48/><D48/><U115/><E115/><V94/><F75/><W59/><G50/><T123/><D123/><U21/><E21/><V23/><F55/><W69/><G8/><T31/><D31/><U62/><E62/><V116/><F116/><W54/><G54/><T84/><D20/><U22/><E22/><V68/><F68/><W101/><G69/><T71/><D71/><U67/><E67/><V5/><F45/><W97/><G47/><T73/><D60/><U32/><E32/><V25/><REACH who="2" step="1"/><F43/><REACH who="2" ten="215,424,140,201" step="2"/><W119/><G46/><T11/><D78/><U58/><E58/><V89/><F89/><N who="3" m="55471" /><G119/><T61/><D52/><RYUUKYOKU ba="0,2" sc="215,-15,424,15,140,15,201,-15" hai1="12,14,15,42,44,49,79,82,86,88,99,128,130" hai2="5,6,13,23,24,25,27,87,90,94,96,103,106" /><INIT seed="2,1,2,4,3,88" ten="200,439,155,186" oya="2" hai0="75,129,73,124,8,69,40,109,2,12,79,84,125" hai1="29,43,95,49,27,102,33,26,28,111,112,71,131" hai2="97,107,78,18,59,37,94,56,74,30,25,134,128" hai3="67,133,51,118,106,63,100,15,6,35,76,5,48"/><V57/><F128/><W132/><G35/><T113/><D113/><U47/><E112/><V87/><F134/><N who="3" m="51819" /><G76/><T58/><D69/><U89/><E131/><V65/><F37/><W114/><G118/><T90/><D2/><U86/><E111/><V83/><F18/><W42/><G114/><T38/><D129/><U77/><E71/><V117/><F117/><W81/><G81/><T98/><D79/><U64/><E64/><V34/><F107/><W120/><G120/><T22/><D22/><U55/><E77/><V10/><F10/><N who="3" m="4559" /><G42/><T130/><D130/><U1/><E1/><V60/><REACH who="2" step="1"/><F74/><REACH who="2" ten="200,439,145,186" step="2"/><W16/><G16/><T96/><D73/><U72/><E72/><V39/><F39/><W53/><G106/><T70/><D75/><U52/><REACH who="1" step="1"/><E102/><AGARI ba="1,3" hai="25,30,34,56,57,59,60,65,78,83,87,94,97,102" machi="102" ten="30,5800,0" yaku="1,1,7,1,52,1,53,0" doraHai="88" doraHaiUra="68" who="2" fromWho="1" sc="200,0,439,-61,145,91,186,0" /><INIT seed="2,2,0,2,3,39" ten="200,378,236,186" oya="2" hai0="69,131,37,53,25,38,60,41,105,77,119,127,102" hai1="125,6,52,74,36,122,134,76,86,106,54,133,91" hai2="73,113,67,107,15,5,40,110,104,20,72,49,61" hai3="29,94,130,100,65,24,88,31,121,22,129,42,85"/><V30/><F113/><W2/><G121/><T97/><D127/><U7/><E106/><V132/><F132/><N who="1" m="50793" /><E36/><V95/><F110/><W108/><G2/><T81/><D131/><N who="3" m="50185" /><G65/><T9/><D119/><U44/><E125/><V59/><F104/><W90/><G100/><T82/><D82/><N who="1" m="45335" /><E122/><V93/><F107/><W79/><G79/><T116/><D116/><U84/><E84/><V17/><F72/><W1/><G1/><T47/><D9/><U48/><E54/><V18/><F73/><W66/><G66/><T70/><D38/><U111/><E111/><V51/><F5/><W120/><G120/><T71/><D25/><U114/><E114/><V55/><F30/><N who="3" m="17687" /><G108/><T27/><D27/><U11/><E11/><V83/><F83/><AGARI ba="2,0" hai="6,7,44,48,52,83,86,91" m="45335,50793" machi="83" ten="30,2000,0" yaku="20,1,54,1" doraHai="39" who="1" fromWho="2" sc="200,0,378,26,236,-26,186,0" /><INIT seed="3,0,0,1,1,64" ten="200,404,210,186" oya="3" hai0="6,60,36,100,111,117,40,89,76,38,31,104,16" hai1="53,19,8,83,29,65,1,132,24,23,55,101,70" hai2="58,96,67,134,66,79,128,41,50,121,125,20,12" hai3="103,35,13,3,74,107,48,133,46,0,57,108,11"/><W32/><G74/><T22/><D117/><U42/><E132/><V93/><F121/><W92/><G107/><T131/><D111/><U87/><E42/><V91/><F134/><W116/><G116/><T80/><D131/><U126/><E126/><V84/><F128/><W98/><G133/><T52/><D6/><U71/><E101/><V81/><F125/><W110/><G57/><T9/><D9/><U127/><E127/><V45/><REACH who="2" step="1"/><F58/><REACH who="2" ten="200,404,200,186" step="2"/><W130/><G130/><T68/><D38/><U7/><E71/><V14/><F14/><W106/><G3/><T30/><D36/><U90/><E70/><V21/><F21/><W2/><G2/><T94/><D68/><U88/><E1/><V99/><F99/><W28/><G0/><T120/><D22/><U59/><E59/><V72/><F72/><W97/><G35/><T123/><D123/><U95/><E23/><V124/><F124/><W26/><G98/><T49/><D120/><U85/><E85/><V115/><F115/><W109/><G106/><T118/><D104/><U78/><E87/><V61/><F61/><W51/><REACH who="3" step="1"/><G46/><REACH who="3" ten="200,404,200,176" step="2"/><T39/><D118/><U62/><E62/><V69/><F69/><W119/><G119/><T37/><D60/><U18/><E65/><V105/><F105/><W44/><G44/><T129/><D129/><U82/><E29/><V10/><F10/><W112/><G112/><T33/><D31/><U5/><E8/><V86/><F86/><W63/><G63/><T4/><D30/><U15/><E7/><AGARI ba="0,2" hai="7,11,13,26,28,32,48,51,92,97,103,108,109,110" machi="7" ten="40,7700,0" yaku="1,1,14,1,10,1,53,0" doraHai="64" doraHaiUra="102" who="3" fromWho="1" sc="200,0,404,-77,200,0,176,97" /><INIT seed="3,1,0,5,0,30" ten="200,327,200,273" oya="3" hai0="119,112,44,107,114,57,59,123,128,129,4,99,21" hai1="67,61,46,76,95,17,40,13,25,102,90,42,2" hai2="51,70,85,54,100,133,56,77,26,22,9,84,18" hai3="111,91,63,50,72,23,94,122,98,53,20,43,65"/><W113/><G113/><N who="0" m="43627" /><D119/><U71/><E2/><V6/><F133/><W62/><G72/><T33/><D123/><U75/><E102/><V97/><F77/><W48/><G122/><T29/><D4/><U132/><E132/><V117/><F70/><W125/><G125/><T69/><D21/><U78/><E25/><V32/><F32/><W73/><G73/><T92/><D107/><U0/><E0/><V24/><F24/><W124/><G124/><T5/><D5/><U12/><E12/><V116/><F116/><W88/><G43/><T38/><D69/><U10/><E75/><V121/><F121/><W126/><G111/><T37/><D29/><U41/><REACH who="1" step="1"/><E46/><REACH who="1" ten="200,317,200,273" step="2"/><V106/><F117/><W134/><G134/><T31/><D44/><U68/><E68/><V110/><F110/><W8/><G126/><T1/><D1/><AGARI ba="1,1" hai="1,6,9,18,22,26,51,54,56,84,85,97,100,106" machi="1" ten="30,1000,0" yaku="7,1" doraHai="30" who="2" fromWho="0" sc="200,-13,317,0,200,23,273,0" /><INIT seed="4,0,0,1,0,81" ten="187,317,223,273" oya="0" hai0="28,133,70,124,100,35,102,109,114,60,57,40,105" hai1="108,13,6,26,47,29,0,80,22,62,32,44,7" hai2="21,107,30,132,23,66,96,98,126,85,53,94,38" hai3="106,104,65,50,83,59,4,75,117,77,118,55,110"/><T119/><D119/><U74/><E108/><V19/><F38/><W79/><G110/><T128/><D109/><U52/><E7/><V49/><F126/><W93/><G79/><T33/><D124/><U95/><E74/><V86/><F132/><W123/><G123/><T41/><D133/><U5/><E80/><V120/><F120/><W82/><G82/><T45/><D114/><U51/><E62/><V2/><F2/><W129/><G129/><T14/><D128/><U134/><E134/><V16/><F66/><W58/><G4/><T64/><D14/><U48/><E0/><V8/><F8/><W89/><G65/><T20/><D41/><U73/><E73/><V113/><F30/><W99/><REACH who="3" step="1"/><G59/><REACH who="3" ten="187,317,223,263" step="2"/><T103/><D57/><U130/><E130/><V67/><F67/><W56/><G56/><T63/><D105/><AGARI ba="0,1" hai="50,55,58,75,77,83,89,93,99,104,105,106,117,118" machi="105" ten="40,5200,0" yaku="1,1,53,2" doraHai="81" doraHaiUra="115" who="3" fromWho="0" sc="187,-52,317,0,223,0,263,62" /><INIT seed="5,0,0,1,1,56" ten="135,317,223,325" oya="1" hai0="100,60,74,80,4,27,23,11,91,64,36,107,43" hai1="108,15,126,44,16,125,1,45,73,110,109,54,95" hai2="92,49,128,66,63,14,83,121,48,30,46,20,85" hai3="79,82,76,61,119,93,65,106,31,33,98,131,115"/><U57/><E95/><V129/><F121/><W132/><G115/><T40/><D36/><U10/><E73/><V116/><F92/><W89/><G132/><T68/><D100/><U9/><E9/><V52/><F116/><W19/><G131/><T96/><D107/><U123/><E1/><V59/><F48/><W103/><G82/><T32/><D32/><U37/><E123/><V133/><F133/><W97/><G119/><T90/><D96/><U84/><E84/><V94/><F94/><W13/><G31/><T18/><D91/><U81/><E81/><V87/><F14/><W12/><G33/><T102/><D102/><U99/><E99/><V3/><F3/><W7/><G7/><T42/><D90/><U22/><E22/><V105/><F105/><W118/><G118/><T112/><D112/><U120/><E120/><V41/><F41/><W135/><G135/><T111/><D111/><U104/><E104/><V117/><F117/><W127/><G127/><N who="1" m="48650" /><E37/><V0/><F0/><W130/><G130/><N who="2" m="50281" /><F83/><W8/><G13/><T28/><D28/><U35/><E35/><V51/><F51/><AGARI ba="0,0" hai="10,15,16,44,45,51,54,57,108,109,110" m="48650" machi="51" ten="40,7700,0" yaku="10,1,18,1,54,1" doraHai="56" who="1" fromWho="2" sc="135,0,317,77,223,-77,325,0" /><INIT seed="5,1,0,1,3,15" ten="135,394,146,325" oya="1" hai0="51,115,77,87,68,96,30,109,72,52,22,4,112" hai1="114,39,35,120,116,2,69,113,119,23,17,3,132" hai2="110,20,34,62,11,94,33,85,124,55,90,58,130" hai3="28,46,9,12,48,7,134,83,50,108,0,104,107"/><U26/><E69/><V74/><F74/><W103/><G108/><T14/><D68/><U44/><E44/><V6/><F110/><W37/><G37/><T76/><D109/><U27/><E39/><V56/><F124/><W60/><G28/><T81/><D96/><U127/><E132/><V42/><F130/><W80/><G103/><T61/><D61/><U19/><E120/><V135/><F135/><W38/><G38/><T32/><D72/><U133/><E133/><V43/><F34/><W18/><G60/><T88/><D32/><U13/><E127/><V105/><F105/><W1/><G1/><N who="1" m="10" /><E35/><V67/><F20/><W25/><G50/><T117/><D117/><N who="1" m="45131" /><E27/><V49/><REACH who="2" step="1"/><F33/><REACH who="2" ten="135,394,136,325" step="2"/><W111/><G111/><T98/><D115/><N who="1" m="44043" /><E13/><AGARI ba="1,1" hai="6,11,13,42,43,49,55,56,58,62,67,85,90,94" machi="13" ten="30,7700,0" yaku="1,1,7,1,8,1,53,1" doraHai="15" doraHaiUra="59" who="2" fromWho="1" sc="135,0,394,-80,136,90,325,0" /><INIT seed="6,0,0,0,5,57" ten="135,314,226,325" oya="2" hai0="122,121,37,40,133,77,114,88,119,54,68,0,22" hai1="70,59,44,53,127,31,118,58,42,21,65,80,90" hai2="24,20,5,71,72,9,76,16,124,25,12,117,111" hai3="60,45,14,84,18,23,75,78,26,100,4,10,41"/><V129/><F71/><W73/><G100/><T81/><D114/><U48/><E118/><V39/><F39/><W51/><G60/><T96/><D119/><U106/><E106/><V35/><F117/><W110/><G110/><T86/><D133/><U85/><E127/><V56/><F124/><W83/><AGARI ba="0,0" hai="4,10,14,18,23,26,41,45,51,73,75,78,83,84" machi="83" ten="30,4000,0" yaku="0,1,25,2" doraHai="57" who="3" fromWho="3" sc="135,-10,314,-10,226,-20,325,40" /><INIT seed="7,0,0,0,0,36" ten="125,304,206,365" oya="3" hai0="9,118,91,13,72,58,65,69,38,26,44,55,68" hai1="27,18,116,16,123,96,105,87,25,4,114,19,0" hai2="5,120,95,57,88,94,97,43,109,47,83,76,101" hai3="124,99,74,127,133,67,80,70,89,60,125,28,92"/><W86/><G133/><T73/><D118/><U51/><E123/><V78/><F120/><W135/><G135/><T63/><D26/><U46/><E116/><V33/><F33/><W34/><G74/><T90/><D68/><U8/><E114/><V93/><F109/><W41/><G41/><T119/><D119/><U50/><E87/><V117/><F117/><W30/><G34/><T49/><D73/><U39/><E39/><V56/><F5/><W112/><G112/><T82/><D82/><U77/><E77/><AGARI ba="0,0" hai="28,30,60,67,70,77,80,86,89,92,99,124,125,127" machi="77" ten="40,2000,0" yaku="18,1" doraHai="36" who="3" fromWho="1" sc="125,0,304,-20,206,0,365,20" owari="125,-37.0,284,8.0,206,-19.0,385,48.0" /></mjloggm>