<mjloggm ver="2.3"><GO type="41" lobby="0"/><UN n0="%4C%75%63%69%66%65%72%E2%98%86" n1="%41%6D%75%73%61%6D%61" n2="%E5%B0%B1%E6%B4%BB%E7%94%9F%40%E5%B7%9D%E6%9D%91%E8%BB%8D%E5%9B%A3" n3="%E8%BC%9D%E7%99%BD%E7%AB%9C" dan="14,13,15,13" rate="1944.29,1852.55,2000.84,1838.91" sx="F,M,M,M"/><TAIKYOKU oya="0"/><INIT seed="0,0,0,3,3,48" ten="250,250,250,250" oya="0" hai0="133,89,106,54,0,80,122,69,10,107,77,103,85" hai1="83,129,115,21,16,123,11,63,130,3,97,6,31" hai2="104,41,58,20,34,84,61,135,125,23,68,62,111" hai3="112,25,110,18,132,28,8,13,14,92,113,114,75"/><T134/><D69/><U72/><E123/><V118/><F34/><N who="3" m="20751" /><G75/><T86/><D122/><U66/><E115/><N who="3" m="29442" /><W93/><DORA hai="45" /><G92/><N who="0" m="54319" /><D54/><U79/><E97/><V127/><F104/><N who="0" m="39978" /><D10/><U33/><E33/><V51/><F84/><W47/><G93/><T30/><D30/><U27/><E129/><V99/><F99/><W65/><G65/><T116/><D0/><U119/><E130/><V56/><F68/><W59/><G59/><T55/><D55/><U35/><E119/><V121/><F41/><W96/><G96/><T50/><D50/><U53/><E66/><V2/><F51/><W42/><G42/><T46/><D46/><U128/><E128/><V71/><F118/><W52/><G52/><T78/><D116/><U38/><E38/><V131/><F71/><W9/><G47/><T22/><D22/><U29/><E53/><V39/><F39/><W91/><G91/><N who="0" m="51655" /><D103/><U76/><E63/><V17/><F131/><W19/><G132/><AGARI ba="0,0" hai="77,78,132,133,134" m="51655,39978,54319" machi="132" ten="30,5800,0" yaku="20,1,34,2" doraHai="48,45" who="0" fromWho="3" sc="250,58,250,0,250,0,250,-58" /><INIT seed="0,1,0,3,0,86" ten="308,250,250,192" oya="0" hai0="85,45,101,67,55,60,70,111,100,99,49,83,16" hai1="131,96,69,59,27,6,113,38,71,48,66,52,58" hai2="77,89,17,132,76,120,97,39,106,34,115,0,51" hai3="11,65,88,81,121,122,128,63,61,110,73,134,123"/><T91/><D111/><U116/><E6/><V20/><F34/><W41/><G110/><T24/><D99/><U9/><E9/><V125/><F0/><W95/><G41/><T33/><REACH who="0" step="1"/><D16/><REACH who="0" ten="298,250,250,192" step="2"/><U5/><E116/><V22/><F39/><W75/><G11/><T15/><D15/><U28/><E38/><V124/><F17/><W25/><G25/><T114/><D114/><U119/><E113/><V2/><F2/><W103/><G134/><T105/><D105/><U74/><E119/><V54/><F97/><N who="3" m="59839" /><G65/><T129/><D129/><U57/><E96/><V133/><F106/><W43/><G43/><T19/><D19/><U68/><E131/><V37/><F115/><W23/><G128/><T93/><D93/><U1/><E1/><V117/><F117/><W112/><G112/><T135/><D135/><U18/><E18/><V26/><F133/><W31/><G31/><AGARI ba="1,1" hai="24,31,33,45,49,55,60,67,70,83,85,91,100,101" machi="31" ten="40,3900,0" yaku="1,1,52,1,53,0" doraHai="86" doraHaiUra="36" who="0" fromWho="3" sc="298,52,250,0,250,0,192,-42" /><INIT seed="0,2,0,4,2,70" ten="350,250,250,150" oya="0" hai0="14,59,1,36,111,65,125,8,82,97,6,60,64" hai1="134,113,24,61,90,123,21,23,83,129,13,41,33" hai2="57,20,100,80,75,29,106,77,85,98,130,102,122" hai3="49,37,67,19,15,63,126,66,51,78,27,38,95"/><T88/><D125/><U108/><E123/><V119/><F122/><W18/><G78/><T0/><D111/><U110/><E113/><V89/><F119/><W107/><G107/><T46/><D65/><N who="3" m="24585" /><G95/><T94/><REACH who="0" step="1"/><D82/><REACH who="0" ten="340,250,250,150" step="2"/><U116/><E83/><V17/><F80/><W34/><G34/><T52/><D52/><U115/><E115/><V62/><F75/><W5/><G5/><T12/><D12/><U109/><E116/><V25/><F77/><W69/><G15/><T71/><D71/><U47/><E13/><V68/><F68/><W48/><G27/><T132/><D132/><U10/><E134/><V58/><F25/><W112/><G112/><T121/><D121/><U117/><E117/><V31/><F130/><W16/><G69/><T104/><D104/><U101/><E129/><V105/><F106/><W84/><G126/><T7/><D7/><U93/><E24/><V127/><F105/><W118/><G118/><T72/><D72/><U79/><E110/><V42/><F127/><W56/><G84/><T124/><D124/><U45/><E109/><V43/><F85/><W26/><G26/><T135/><D135/><U92/><E108/><V54/><F54/><W87/><G87/><T74/><D74/><U11/><E41/><AGARI ba="2,1" hai="0,1,6,8,14,36,41,46,59,60,64,88,94,97" machi="41" ten="40,7700,0" yaku="1,1,52,1,54,1,53,0" doraHai="70" doraHaiUra="114" who="0" fromWho="1" sc="340,93,250,-83,250,0,150,0" /><INIT seed="0,3,0,1,4,46" ten="433,167,250,150" oya="0" hai0="74,114,44,19,25,28,49,56,53,96,10,126,89" hai1="97,7,31,71,14,82,3,33,22,129,16,39,20" hai2="67,100,120,79,121,0,95,35,13,63,17,26,4" hai3="122,76,87,29,92,8,81,1,38,130,90,51,62"/><T55/><D114/><U117/><E71/><V91/><F100/><W124/><G38/><T61/><D74/><U68/><E68/><V101/><F101/><W85/><G130/><T93/><D126/><U69/><E69/><V60/><F79/><W109/><G109/><T66/><D19/><U75/><E39/><V78/><F78/><W73/><G124/><T111/><D10/><N who="1" m="2431" /><E97/><V21/><F0/><W133/><G133/><T134/><D134/><U94/><E94/><V107/><F107/><W116/><G116/><T127/><D127/><U105/><E105/><V41/><F41/><W59/><G122/><T112/><D112/><U83/><E82/><V70/><F60/><W99/><G29/><T119/><D111/><U98/><E98/><V115/><F115/><W24/><G24/><T64/><REACH who="0" step="1"/><D119/><REACH who="0" ten="423,167,250,150" step="2"/><U42/><E117/><V30/><F4/><W48/><G1/><T57/><D57/><U58/><E75/><V27/><F26/><W6/><G6/><T86/><D86/><AGARI ba="3,1" hai="13,17,21,27,30,35,63,67,70,86,91,95,120,121" machi="86" ten="30,1000,0" yaku="7,1" doraHai="46" who="2" fromWho="0" sc="423,-19,167,0,250,29,150,0" /><INIT seed="1,0,0,5,2,12" ten="404,167,279,150" oya="1" hai0="39,131,63,100,101,34,17,82,69,10,42,99,40" hai1="56,36,124,75,13,4,64,97,103,41,2,114,9" hai2="71,33,83,73,24,7,125,19,67,66,87,45,68" hai3="128,38,15,117,89,26,91,85,78,135,119,58,11"/><U110/><E75/><V106/><F73/><W111/><G38/><T93/><D34/><U95/><E114/><V5/><F106/><W84/><G26/><T8/><D131/><U121/><E121/><V22/><F33/><W48/><G48/><T61/><D82/><U29/><E29/><V60/><F125/><W92/><G58/><T107/><D107/><U52/><E124/><V25/><F25/><W127/><G15/><T86/><D86/><U0/><E64/><V3/><F3/><W134/><G11/><T76/><D76/><U123/><E123/><V115/><F115/><W120/><G120/><T27/><D27/><U132/><E132/><N who="3" m="50730" /><G127/><T105/><D105/><U43/><E110/><V77/><F45/><W113/><G113/><T35/><D35/><U65/><E65/><V16/><REACH who="2" step="1"/><F19/><REACH who="2" ten="404,167,269,150" step="2"/><W50/><G50/><T108/><D108/><U1/><REACH who="1" step="1"/><E36/><REACH who="1" ten="404,157,269,150" step="2"/><V31/><F31/><W96/><G111/><T98/><D39/><U102/><E102/><V118/><F118/><N who="3" m="45067" /><G128/><T23/><D101/><U59/><E59/><V90/><F90/><N who="3" m="55319" /><G78/><T109/><D109/><U51/><AGARI ba="0,2" hai="0,1,2,4,9,13,41,43,51,52,56,95,97,103" machi="51" ten="30,6000,0" yaku="1,1,0,1,54,1,53,0" doraHai="12" doraHaiUra="116" who="1" fromWho="1" sc="404,-20,157,80,269,-20,150,-20" /><INIT seed="1,1,0,2,4,34" ten="384,237,249,130" oya="1" hai0="24,12,19,97,91,125,67,110,56,134,17,68,81" hai1="98,55,87,69,133,131,4,104,46,96,3,78,30" hai2="109,118,54,112,114,115,92,31,132,63,49,79,36" hai3="5,35,100,10,130,37,52,21,43,93,48,32,107"/><U86/><E69/><V29/><F36/><W22/><G107/><T23/><D68/><U82/><E30/><V117/><F79/><W11/><G37/><T8/><D110/><U0/><E4/><V61/><F109/><W64/><G43/><T14/><D134/><U99/><E133/><V111/><F111/><W101/><G64/><T84/><D125/><U33/><E33/><V123/><F123/><W90/><G32/><T77/><D24/><U15/><E15/><V80/><F80/><W70/><G35/><T124/><D124/><U113/><E113/><V105/><F105/><W72/><G72/><T62/><D97/><U119/><E119/><N who="2" m="45579" /><F92/><W25/><G130/><T13/><D13/><U88/><E131/><V59/><F132/><W47/><G70/><T129/><D129/><U20/><E20/><N who="3" m="7786" /><G25/><T75/><D75/><U41/><E55/><V66/><F31/><W18/><G5/><T44/><D44/><U38/><REACH who="1" step="1"/><E104/><REACH who="1" ten="384,227,249,130" step="2"/><V71/><F29/><W128/><G128/><T28/><D28/><U103/><E103/><N who="3" m="39498" /><G18/><T73/><D73/><U135/><E135/><V83/><F115/><W108/><G108/><T53/><D53/><U39/><E39/><V27/><F114/><W116/><G116/><T120/><D120/><U9/><E9/><V94/><F54/><W65/><G65/><T126/><D126/><U57/><E57/><V102/><F71/><W7/><G7/><T74/><D74/><U16/><E16/><V58/><F112/><W51/><G51/><T106/><D106/><U76/><E76/><AGARI ba="1,1" hai="8,12,14,17,19,23,56,62,67,76,77,81,84,91" machi="76" ten="40,1300,0" yaku="8,1" doraHai="34" who="0" fromWho="1" sc="384,26,227,-16,249,0,130,0" /><INIT seed="2,0,0,4,1,80" ten="410,211,249,130" oya="2" hai0="12,0,25,39,112,72,51,54,59,120,44,127,89" hai1="75,69,129,13,32,58,14,64,100,11,34,45,27" hai2="9,5,99,50,103,111,118,78,41,84,126,82,23" hai3="101,20,108,105,133,36,55,124,104,24,47,3,77"/><V91/><F118/><W121/><G3/><T76/><D112/><U52/><E69/><V21/><F126/><W26/><G121/><T113/><D113/><U116/><E75/><V102/><F111/><W85/><G108/><T16/><D127/><U35/><E116/><V110/><F110/><W87/><G124/><T96/><D0/><U93/><E64/><V19/><F91/><W95/><G133/><T71/><D71/><U31/><E45/><N who="2" m="25903" /><F99/><N who="3" m="59647" /><G104/><T43/><D25/><N who="3" m="9833" /><G105/><T114/><D114/><U18/><E129/><V40/><F40/><W53/><G36/><T98/><D120/><U22/><E100/><N who="2" m="38443" /><F19/><W132/><G132/><T6/><D6/><U122/><E93/><V57/><F57/><W48/><G77/><T60/><D39/><U28/><E52/><N who="3" m="20042" /><G20/><N who="0" m="11271" /><D72/><U135/><E135/><V107/><F107/><W10/><G10/><T4/><D76/><U115/><E115/><V83/><F83/><W7/><G7/><T30/><D4/><N who="1" m="3303" /><E58/><V67/><F67/><W70/><G70/><T130/><D30/><N who="1" m="11307" /><E122/><V63/><F63/><W109/><G109/><T15/><D130/><U29/><AGARI ba="0,0" hai="14,18,22,27,29,32,34,35" m="11307,3303" machi="29" ten="30,8000,1" yaku="35,5" doraHai="80" who="1" fromWho="1" sc="410,-20,211,80,249,-40,130,-20" /><INIT seed="3,0,0,3,4,92" ten="390,291,209,110" oya="3" hai0="78,5,115,94,22,88,24,101,73,38,116,63,90" hai1="57,121,122,64,35,55,10,107,65,132,44,62,9" hai2="54,52,56,106,87,37,117,114,41,110,130,80,89" hai3="105,93,82,77,28,21,32,46,69,59,29,16,104"/><W48/><G69/><T129/><D116/><U47/><E107/><V97/><F110/><W103/><G32/><T79/><D38/><U43/><E35/><V1/><F1/><W4/><G4/><T123/><D123/><U13/><E132/><V25/><F114/><W124/><G124/><T118/><D118/><U19/><E122/><V53/><F130/><W49/><G104/><T3/><D129/><U14/><E47/><V85/><F117/><W39/><G105/><T58/><D115/><U67/><E121/><V113/><F113/><W2/><G2/><T50/><D50/><U96/><E96/><V135/><F135/><W91/><G103/><T99/><D5/><U18/><REACH who="1" step="1"/><E65/><REACH who="1" ten="390,281,209,110" step="2"/><V66/><F106/><W131/><G131/><T15/><D73/><U108/><E108/><V128/><F97/><N who="3" m="57535" /><G39/><AGARI ba="0,1" hai="9,10,13,14,18,19,39,43,44,55,57,62,64,67" machi="39" ten="30,3900,0" yaku="1,1,7,1,9,1,53,0" doraHai="92" doraHaiUra="100" who="1" fromWho="3" sc="390,0,281,49,209,0,110,-39" /><INIT seed="4,0,0,5,4,73" ten="390,330,209,71" oya="0" hai0="98,25,125,18,32,72,70,116,7,113,42,24,79" hai1="36,104,40,128,39,2,21,37,109,101,111,38,41" hai2="63,133,83,118,81,96,14,44,130,62,132,86,69" hai3="59,114,78,122,65,58,77,52,1,33,60,80,10"/><T9/><D116/><U6/><E21/><V34/><F34/><W47/><G33/><T92/><D70/><U115/><E128/><V75/><F130/><W19/><G80/><T95/><D113/><U8/><E115/><V0/><F0/><W105/><G105/><T123/><D123/><U49/><E49/><V131/><F75/><W22/><G114/><T82/><D95/><U108/><N who="1" m="9728" /><DORA hai="126" /><U15/><REACH who="1" step="1"/><E15/><REACH who="1" ten="390,320,209,71" step="2"/><V103/><F14/><N who="3" m="7639" /><G1/><T27/><D32/><U55/><E55/><V64/><F131/><W93/><G122/><T67/><D42/><U29/><E29/><V129/><F129/><W48/><G22/><T120/><D120/><U74/><E74/><V28/><F118/><W135/><G135/><T84/><D125/><U112/><E112/><V46/><F133/><W89/><G47/><T26/><D72/><U127/><E127/><V99/><F46/><W106/><G106/><T35/><D35/><U124/><E124/><V102/><F44/><W31/><G31/><T91/><D67/><U20/><E20/><V4/><F132/><W23/><G23/><T121/><D121/><U57/><E57/><V12/><F64/><W110/><G110/><T45/><D45/><U3/><E3/><V88/><F28/><W56/><G56/><T11/><D11/><U53/><E53/><V54/><F54/><W97/><AGARI ba="0,1" hai="48,52,58,59,60,65,77,78,89,93,97" m="7639" machi="97" ten="30,7900,0" yaku="8,1,52,2,54,1" doraHai="73,126" who="3" fromWho="3" sc="390,-39,320,-20,209,-20,71,89" /><INIT seed="5,0,0,3,2,2" ten="351,300,189,160" oya="1" hai0="13,99,94,120,39,1,84,65,133,88,58,103,15" hai1="37,40,32,45,3,61,97,66,125,105,54,121,76" hai2="49,132,89,122,55,10,102,128,73,27,19,21,104" hai3="59,7,109,86,36,123,42,50,95,8,126,33,4"/><U23/><E32/><V67/><F73/><W9/><G123/><T79/><D39/><U12/><E3/><V24/><F122/><W44/><G109/><T29/><D120/><U26/><E121/><V107/><F128/><W85/><G33/><T90/><D1/><U117/><E117/><V116/><F116/><W81/><G126/><T129/><D129/><U134/><E134/><V130/><F130/><W100/><G36/><T111/><D111/><U30/><E76/><V127/><F127/><W98/><G59/><T64/><D133/><U108/><E108/><V115/><F67/><N who="0" m="25674" /><D58/><U47/><E12/><N who="0" m="4681" /><D29/><U119/><E119/><V82/><F107/><W52/><G42/><T71/><D71/><U80/><E80/><AGARI ba="0,0" hai="79,80,84,88,90,94,99,103" m="4681,25674" machi="80" ten="30,2000,0" yaku="8,1,54,1" doraHai="2" who="0" fromWho="1" sc="351,20,300,-20,189,0,160,0" /><INIT seed="6,0,0,2,4,123" ten="371,280,189,160" oya="2" hai0="20,50,116,64,86,127,134,135,24,5,0,91,25" hai1="130,57,111,40,67,1,83,56,12,99,7,87,77" hai2="58,8,82,79,45,132,11,92,118,109,110,48,62" hai3="30,27,6,63,13,124,44,51,106,128,102,117,52"/><V15/><F118/><W54/><G117/><T53/><D127/><U76/><E1/><V125/><F125/><W94/><G124/><T33/><D116/><U19/><E7/><N who="2" m="3487" /><F92/><W35/><G106/><T100/><D100/><U60/><E40/><N who="2" m="24615" /><F11/><W47/><G128/><T113/><D113/><U101/><E111/><N who="2" m="42507" /><F132/><W85/><G6/><T90/><D135/><U10/><E130/><V31/><F31/><W22/><G13/><T104/><D134/><U84/><E84/><V71/><F71/><W55/><G35/><T81/><D33/><U121/><E121/><V26/><F26/><W34/><G34/><T126/><D25/><U32/><E32/><V43/><F43/><N who="3" m="24991" /><G47/><T29/><D29/><U98/><E57/><V105/><F105/><W119/><G119/><T74/><D104/><U66/><E101/><V72/><F58/><N who="3" m="35271" /><G102/><T16/><D24/><U93/><E93/><V42/><F42/><W23/><G23/><T133/><D20/><U131/><E131/><V108/><N who="2" m="42515" /><V89/><DORA hai="97" /><F89/><AGARI ba="0,0" hai="22,27,30,54,55,85,89,94" m="35271,24991" machi="89" ten="30,2000,0" yaku="8,1,54,1" doraHai="123,97" who="3" fromWho="2" sc="371,0,280,0,189,-20,160,20" /><INIT seed="7,0,0,4,5,117" ten="371,280,169,180" oya="3" hai0="107,79,37,104,45,20,95,56,119,19,89,53,5" hai1="127,92,128,98,47,38,18,114,33,27,116,23,3" hai2="57,67,35,110,44,129,36,21,28,11,41,123,133" hai3="58,132,14,65,17,126,113,97,90,61,86,62,16"/><W52/><G113/><T120/><D119/><U125/><E3/><V2/><F110/><W74/><G74/><T68/><D120/><U70/><E70/><V87/><F35/><W43/><G132/><T66/><D5/><U4/><E4/><V25/><F133/><W30/><G126/><T26/><D79/><U64/><E64/><V48/><F129/><W83/><G43/><T80/><D80/><U34/><E116/><V115/><F115/><W75/><G75/><T101/><D101/><U9/><E9/><V85/><F2/><W108/><G108/><T100/><D100/><U22/><E22/><V31/><F36/><W42/><G42/><T99/><D37/><U24/><E114/><V6/><F31/><W76/><G30/><T39/><D39/><U84/><E84/><V81/><F123/><W96/><G76/><T40/><D40/><U71/><E71/><V0/><REACH who="2" step="1"/><F81/><REACH who="2" ten="371,280,159,180" step="2"/><W135/><G135/><T15/><D26/><U51/><E27/><V13/><F13/><W59/><REACH who="3" step="1"/><G17/><REACH who="3" ten="371,280,159,170" step="2"/><T1/><D19/><U10/><E18/><V109/><F109/><W112/><G112/><T111/><D111/><U29/><E29/><V103/><F103/><W54/><G54/><T32/><D53/><U50/><E127/><V88/><F88/><W69/><G69/><T78/><D78/><U8/><E125/><V77/><F77/><W72/><G72/><T134/><D89/><U94/><E38/><V121/><F121/><W93/><G93/><T102/><D95/><U12/><E94/><V131/><F131/><W46/><G46/><T55/><D134/><RYUUKYOKU ba="0,2" sc="371,-15,280,-15,159,15,170,15" hai2="0,6,11,21,25,28,41,44,48,57,67,85,87" hai3="14,16,52,58,59,61,62,65,83,86,90,96,97" /><INIT seed="7,1,2,2,0,67" ten="356,265,174,185" oya="3" hai0="85,50,17,33,73,79,121,45,60,22,12,74,86" hai1="120,135,65,53,131,47,35,130,46,104,95,63,9" hai2="112,77,81,7,49,88,71,54,44,105,10,18,82" hai3="117,101,32,16,109,106,128,21,19,25,76,125,124"/><W30/><G76/><T20/><D33/><U51/><E104/><V43/><F105/><W113/><G106/><T48/><D121/><U0/><E35/><V94/><F71/><W55/><G101/><T108/><D108/><U118/><E118/><V83/><F112/><W111/><G117/><T134/><D134/><U126/><E120/><V75/><F18/><N who="3" m="6699" /><G55/><T70/><D48/><U103/><E135/><V123/><F123/><W122/><G122/><T93/><D22/><U78/><E78/><V28/><F28/><W110/><G113/><T69/><D86/><U5/><E126/><N who="3" m="48746" /><G128/><N who="1" m="49194" /><E103/><V61/><F61/><W98/><G98/><T58/><D73/><U133/><E133/><V127/><F127/><W59/><G59/><T8/><D74/><U114/><E114/><V15/><F54/><W96/><G96/><AGARI ba="1,2" hai="7,10,15,43,44,49,75,77,81,82,83,88,94,96" machi="96" ten="30,2000,0" yaku="7,1,54,1" doraHai="67" who="2" fromWho="3" sc="356,0,265,0,174,43,185,-23" owari="356,45.0,265,7.0,217,-18.0,162,-34.0" /></mjloggm>