<mjloggm ver="2.3"><GO type="97" lobby="0"/><UN n0="%66%65%6C%66%65%6E" n1="%E5%B0%B1%E6%B4%BB%E7%94%9F%40%E5%B7%9D%E6%9D%91%E8%BB%8D%E5%9B%A3" n2="%E3%81%88%E3%81%B9%E3%81%99" n3="%E3%82%8C%E3%81%8A%E3%81%97%E3%82%87%E3%81%86" dan="13,15,14,13" rate="1894.71,2085.67,1926.08,1884.64" sx="F,M,M,M"/><TAIKYOKU oya="0"/><INIT seed="0,0,0,5,2,107" ten="250,250,250,250" oya="0" hai0="119,104,51,80,7,25,35,19,44,122,123,62,49" hai1="85,89,132,69,30,129,113,24,26,65,10,39,3" hai2="17,77,103,72,31,28,47,0,126,78,20,108,74" hai3="100,27,93,106,86,124,101,130,46,8,9,68,12"/><T110/><D119/><U135/><E39/><V6/><F103/><W83/><G124/><T1/><D104/><U11/><E113/><V75/><F126/><W131/><G68/><T63/><D51/><U22/><E129/><N who="3" m="49162" /><G27/><T79/><D110/><U60/><E26/><V115/><F115/><W21/><G106/><T102/><D102/><N who="3" m="39529" /><G93/><T5/><D5/><U91/><E91/><V58/><F108/><W99/><G99/><T81/><D81/><U15/><E3/><V36/><F58/><W87/><G46/><T109/><D109/><U42/><E42/><N who="2" m="22983" /><F31/><W57/><G57/><T14/><D35/><U38/><E38/><V128/><F77/><N who="3" m="46447" /><G87/><T64/><D25/><U55/><E55/><V61/><F28/><W70/><G70/><T23/><D123/><U94/><REACH who="1" step="1"/><E11/><REACH who="1" ten="250,240,250,250" step="2"/><V50/><F128/><W120/><G120/><T118/><D122/><U54/><E54/><V73/><F0/><W43/><G43/><T105/><D118/><U90/><E90/><V117/><F78/><W18/><AGARI ba="0,1" hai="8,9,12,18,21" m="46447,39529,49162" machi="18" ten="30,1100,0" yaku="19,1" doraHai="107" who="3" fromWho="3" sc="250,-5,240,-3,250,-3,250,21" /><INIT seed="1,0,0,0,4,102" ten="245,237,247,271" oya="1" hai0="129,30,111,5,65,6,82,45,131,0,81,16,51" hai1="53,39,124,110,106,8,107,74,17,58,13,4,86" hai2="22,130,44,20,2,34,28,91,18,9,97,93,3" hai3="100,134,66,135,29,62,70,7,75,98,96,133,56"/><U89/><E74/><V61/><F130/><N who="0" m="49674" /><D111/><U31/><E39/><V87/><F44/><W84/><G75/><T88/><D65/><U77/><E77/><V92/><F22/><W49/><G7/><N who="0" m="2571" /><D30/><U123/><E123/><V38/><F38/><W60/><G84/><N who="0" m="50191" /><D0/><U104/><E110/><V23/><F34/><W99/><G29/><T94/><D94/><U1/><E124/><V27/><F2/><W71/><G49/><T35/><D16/><U10/><E31/><V24/><F3/><W32/><G32/><T69/><D82/><U127/><E127/><V67/><F9/><W26/><G26/><T36/><D36/><U78/><E78/><V42/><F42/><W85/><G85/><T33/><D69/><N who="3" m="26121" /><G62/><T113/><D113/><U52/><REACH who="1" step="1"/><E58/><REACH who="1" ten="245,227,247,271" step="2"/><N who="2" m="37303" /><F97/><W19/><G100/><T50/><D33/><U103/><E103/><V25/><F25/><W59/><G19/><T116/><D35/><U115/><E115/><V54/><F27/><W95/><G56/><T73/><D73/><U79/><E79/><V80/><F28/><W48/><G99/><T15/><D116/><U64/><E64/><V47/><F24/><W128/><G98/><T90/><D45/><U126/><E126/><V21/><F18/><W68/><G128/><T121/><D121/><U122/><E122/><V76/><F76/><W114/><G114/><T11/><D90/><U41/><E41/><V120/><F120/><W101/><G59/><T57/><D57/><U117/><E117/><V83/><F47/><W46/><G46/><T37/><D37/><U12/><E12/><V105/><F91/><RYUUKYOKU ba="0,1" sc="245,10,227,10,247,-30,271,10" hai0="11,15,50,51" hai1="1,4,8,10,13,17,52,53,86,89,104,106,107" hai3="48,60,66,68,95,96,101,133,134,135" /><INIT seed="1,1,1,5,2,101" ten="255,237,217,281" oya="1" hai0="84,39,35,113,110,86,91,72,52,43,9,24,30" hai1="77,1,73,46,69,132,92,3,80,19,49,64,109" hai2="89,60,135,7,123,50,47,2,78,98,37,102,93" hai3="15,100,44,68,70,26,40,134,5,8,41,4,85"/><U75/><E75/><V21/><F123/><W36/><G134/><T27/><D72/><U18/><E132/><V107/><F135/><W82/><G100/><T88/><D110/><U133/><E133/><V106/><F37/><W62/><G62/><T28/><D113/><U130/><E130/><V90/><F60/><W125/><G125/><T14/><D52/><U61/><E109/><V71/><F71/><W124/><G124/><T111/><D111/><U42/><REACH who="1" step="1"/><E92/><REACH who="1" ten="255,227,217,281" step="2"/><V81/><F93/><W74/><G74/><T53/><D39/><U119/><E119/><V22/><F81/><W65/><G65/><T116/><D116/><U79/><E79/><V118/><F78/><W97/><G97/><T59/><D43/><U56/><E56/><V13/><F118/><W67/><G67/><T96/><D59/><U114/><E114/><V99/><F99/><W117/><G40/><T94/><D53/><U57/><E57/><V66/><F66/><W83/><G117/><T129/><D129/><U131/><E131/><V127/><F98/><W120/><G83/><T31/><D96/><U51/><E51/><V17/><F50/><W25/><G120/><T6/><D35/><U63/><E63/><V108/><F127/><W95/><G95/><AGARI ba="1,2" hai="6,9,14,24,27,28,30,31,84,86,88,91,94,95" machi="95" ten="40,5200,0" yaku="9,1,8,1,54,1" doraHai="101" who="0" fromWho="3" sc="255,75,227,0,217,0,281,-55" /><INIT seed="2,0,0,1,0,51" ten="330,227,217,226" oya="2" hai0="83,71,16,6,76,40,0,112,126,36,104,94,67" hai1="118,124,58,12,78,56,32,99,95,65,131,100,121" hai2="88,64,59,89,7,87,93,22,120,44,47,60,81" hai3="74,80,57,39,45,109,43,82,110,19,115,77,134"/><V62/><F120/><W97/><G134/><T63/><D104/><U119/><E32/><V79/><F7/><W101/><G115/><T117/><D117/><U17/><E121/><V8/><F8/><W106/><G19/><T102/><D16/><U111/><E111/><V42/><F42/><W14/><G14/><T23/><D23/><U46/><E124/><V127/><F127/><W122/><G122/><T26/><D26/><U66/><E131/><V20/><F89/><W105/><G105/><T33/><D33/><U125/><E125/><V37/><F37/><W108/><G57/><N who="1" m="22122" /><E78/><V25/><F62/><W113/><G82/><T24/><D94/><U130/><E130/><V135/><F20/><W107/><G107/><T35/><D102/><U84/><E119/><V34/><F34/><W114/><AGARI ba="0,0" hai="39,43,45,74,77,80,97,101,106,108,109,110,113,114" machi="114" ten="40,8000,1" yaku="0,1,14,1,23,2" doraHai="51" who="3" fromWho="3" sc="330,-20,227,-20,217,-40,226,80" /><INIT seed="3,0,0,3,4,94" ten="310,207,177,306" oya="3" hai0="115,39,83,107,91,131,128,14,32,28,26,16,96" hai1="66,125,100,35,64,53,65,6,80,134,8,99,1" hai2="86,27,69,121,77,0,71,102,124,25,82,72,81" hai3="98,10,49,113,40,23,79,106,103,122,120,44,18"/><W93/><G113/><T24/><D39/><U133/><E35/><V51/><F0/><W135/><G135/><N who="1" m="51722" /><E125/><V9/><F121/><W119/><G119/><T114/><D26/><U34/><E34/><V60/><F124/><W126/><G126/><T55/><D55/><U110/><E110/><V76/><F9/><W117/><G117/><T12/><D83/><U59/><E80/><V92/><F51/><W38/><G10/><N who="0" m="6167" /><D14/><U63/><E53/><V109/><F109/><W127/><G127/><T78/><D78/><U48/><E48/><V30/><F60/><W52/><G79/><T5/><D5/><U56/><E63/><V62/><F62/><W101/><G101/><N who="0" m="62887" /><D91/><U3/><E3/><V132/><F132/><W47/><G106/><AGARI ba="0,0" hai="1,6,8,56,59,64,65,66,99,100,106" m="51722" machi="106" ten="30,2000,0" yaku="20,1,52,1" doraHai="94" who="1" fromWho="3" sc="310,0,207,20,177,0,306,-20" owari="310,40.0,227,-17.0,177,-32.0,286,9.0" /></mjloggm>