<mjloggm ver="2.3"><GO type="169" lobby="0"/><UN n0="%E3%83%97%E3%83%AD%E3%83%86%E3%82%A4%E3%83%B3%E5%BE%97%E7%9B%9B" n1="%E3%82%A6%E3%83%AB%E3%83%88%E3%83%A9%E7%AB%8B%E7%9B%B4" n2="%E3%82%B3%E3%83%BC%E3%83%A9%E4%B8%8B%E3%81%95%E3%81%84" n3="%E3%82%B1%E3%82%A4%EF%BC%91%EF%BC%93" dan="17,17,16,16" rate="2120.24,2124.04,2175.36,2062.78" sx="M,M,M,M"/><TAIKYOKU oya="0"/><INIT seed="0,0,0,2,0,45" ten="250,250,250,250" oya="0" hai0="55,39,42,101,41,72,79,52,46,4,110,73,8" hai1="40,106,104,43,64,105,28,88,126,1,14,122,53" hai2="15,86,48,74,100,50,3,24,94,115,13,81,36" hai3="90,107,34,135,38,82,58,102,78,118,97,57,56"/><T114/><D114/><U23/><E1/><V47/><F3/><W121/><G34/><T108/><D101/><U96/><E122/><V27/><F74/><W54/><G38/><T65/><D65/><U7/><E64/><V2/><F2/><W16/><G90/><T49/><D42/><U130/><E130/><V71/><F36/><W99/><G99/><T33/><D33/><U129/><E129/><V84/><F71/><W111/><G118/><T66/><D66/><U103/><E126/><V112/><F47/><W19/><G121/><T75/><D79/><U132/><E132/><V44/><F44/><W9/><G135/><T5/><D55/><U69/><E69/><V120/><F120/><W12/><G111/><N who="0" m="42539" /><D8/><U85/><E43/><V123/><F123/><W35/><G35/><T11/><D11/><U21/><E40/><V89/><F100/><W59/><G19/><T6/><D52/><U67/><E67/><V93/><F81/><W30/><G30/><T62/><D62/><U134/><E53/><V22/><F22/><W124/><G59/><T113/><D113/><U83/><E134/><V25/><F25/><W92/><G107/><T31/><D31/><U26/><E23/><V116/><F89/><W77/><G77/><T76/><D76/><U61/><E61/><V80/><F80/><W60/><G124/><T127/><D127/><U98/><E103/><V10/><F10/><W87/><AGARI ba="0,0" hai="9,12,16,54,56,57,58,60,78,82,87,92,97,102" machi="87" ten="20,5200,0" yaku="0,1,7,1,8,1,54,1" doraHai="45" who="3" fromWho="3" sc="250,-26,250,-13,250,-13,250,52" /><INIT seed="1,0,0,4,1,32" ten="224,237,237,302" oya="1" hai0="1,104,33,69,16,58,6,132,9,42,89,91,57" hai1="11,68,22,2,23,109,72,67,92,20,38,99,97" hai2="60,125,134,59,54,5,51,28,129,112,121,75,70" hai3="34,12,116,55,18,133,27,87,111,98,94,36,19"/><U66/><E72/><V117/><F5/><W25/><G36/><T130/><D69/><U88/><E38/><V37/><F28/><W56/><G133/><T119/><D104/><U115/><E115/><V10/><F10/><W64/><G111/><T65/><D119/><U128/><E109/><V81/><F81/><W113/><G113/><T15/><D33/><U122/><E122/><V105/><F51/><W126/><G64/><T46/><D132/><U63/><E67/><V21/><F21/><W49/><G126/><T24/><D24/><U48/><E128/><V110/><F54/><W50/><G34/><T8/><D130/><U77/><E77/><V135/><F59/><W106/><G106/><T107/><D107/><U14/><E48/><V74/><F60/><W96/><G87/><T114/><D114/><U118/><E118/><V30/><F30/><W0/><G0/><T83/><D83/><U4/><REACH who="1" step="1"/><E99/><REACH who="1" ten="224,227,237,302" step="2"/><V44/><F75/><W123/><G96/><T76/><D76/><U3/><AGARI ba="0,1" hai="2,3,4,11,14,20,22,23,63,66,68,88,92,97" machi="3" ten="30,18000,2" yaku="1,1,2,1,0,1,52,2,54,1,53,0" doraHai="32" doraHaiUra="45" who="1" fromWho="1" sc="224,-60,227,190,237,-60,302,-60" /><INIT seed="1,1,0,2,3,53" ten="164,417,177,242" oya="1" hai0="39,113,76,128,27,36,65,57,26,84,78,4,62" hai1="119,116,47,18,63,93,51,75,104,92,21,121,79" hai2="135,98,44,94,131,101,24,114,102,46,91,55,10" hai3="77,74,96,112,133,58,15,73,69,95,6,13,99"/><U125/><E104/><V49/><F131/><W16/><G69/><T115/><D128/><U59/><E121/><V48/><F135/><W37/><G133/><T85/><D4/><U64/><E125/><V110/><F110/><W54/><G37/><T122/><D122/><U66/><E66/><V105/><F114/><W70/><G70/><T61/><REACH who="0" step="1"/><D65/><REACH who="0" ten="154,417,177,242" step="2"/><U124/><E64/><V3/><F105/><W109/><G112/><T60/><D60/><U40/><E63/><V88/><F3/><W56/><G109/><T71/><D71/><U8/><E119/><V90/><F10/><W35/><G6/><T11/><D11/><U52/><E8/><V117/><F117/><W31/><G73/><T19/><D19/><U29/><E18/><V100/><REACH who="2" step="1"/><F24/><REACH who="2" ten="154,417,167,242" step="2"/><W68/><G68/><T20/><D20/><U89/><E21/><V97/><F97/><W127/><G96/><T118/><D118/><U107/><E107/><V33/><F33/><W23/><G99/><T72/><D72/><U1/><E75/><V5/><F5/><W17/><G74/><T123/><D123/><U9/><E1/><V83/><F83/><W108/><G23/><T22/><D22/><U80/><E80/><V120/><F120/><W42/><G35/><T12/><D12/><U30/><E9/><V43/><AGARI ba="1,2" hai="43,44,46,48,49,55,88,90,91,94,98,100,101,102" machi="43" ten="30,8000,1" yaku="1,1,0,1,8,1,54,1,53,1" doraHai="53" doraHaiUra="38" who="2" fromWho="2" sc="154,-21,417,-41,167,103,242,-21" /><INIT seed="2,0,0,2,1,13" ten="133,376,270,221" oya="2" hai0="72,48,117,134,124,35,73,78,75,7,27,90,66" hai1="31,80,30,64,83,113,57,60,116,2,34,123,3" hai2="131,108,86,120,37,44,22,4,111,89,17,38,43" hai3="92,33,16,42,87,74,93,1,36,65,132,6,114"/><V85/><F120/><W25/><G74/><T70/><D7/><U127/><E116/><V61/><F4/><W58/><G33/><T97/><D117/><U115/><E57/><V106/><F106/><W54/><G65/><T21/><D35/><U8/><E60/><V103/><F103/><W19/><G25/><T29/><D124/><U107/><E64/><V50/><F61/><W5/><G42/><T24/><D134/><U11/><E34/><V47/><F131/><W9/><G36/><T95/><D70/><U82/><E82/><N who="2" m="49335" /><F86/><W105/><G105/><T26/><D66/><U121/><E107/><V71/><F71/><W99/><G6/><T128/><D128/><U62/><E62/><V56/><F56/><W52/><G114/><T109/><D109/><N who="2" m="42058" /><F44/><W104/><G132/><T59/><REACH who="0" step="1"/><D78/><REACH who="0" ten="123,376,270,221" step="2"/><U46/><E127/><V18/><F22/><W81/><G1/><T122/><D122/><U41/><E2/><V112/><F112/><W10/><G5/><T40/><D40/><U0/><E41/><V133/><F133/><W126/><G126/><T68/><D68/><U23/><E23/><V125/><F125/><W55/><G10/><T79/><D79/><U20/><E20/><V51/><F37/><W130/><G9/><T69/><D69/><U12/><E0/><V14/><F14/><W119/><G119/><T88/><D88/><U76/><E3/><V96/><F96/><W84/><G130/><T101/><D101/><U102/><E102/><V118/><F118/><W63/><G99/><T39/><D39/><U100/><E100/><V45/><F38/><RYUUKYOKU ba="0,1" sc="123,15,376,-15,270,15,221,-15" hai0="21,24,26,27,29,48,59,72,73,75,90,95,97" hai2="17,18,43,45,47,50,51" /><INIT seed="2,1,1,2,2,68" ten="138,361,285,206" oya="2" hai0="54,65,134,89,77,92,28,59,124,94,123,98,6" hai1="132,128,114,58,101,86,97,25,110,40,120,115,45" hai2="49,43,96,85,113,22,56,31,12,36,37,108,3" hai3="121,21,41,111,15,82,35,71,62,70,0,112,44"/><V126/><F3/><W106/><G35/><T60/><D123/><U107/><E120/><V91/><F113/><W90/><G112/><T29/><D124/><U52/><E110/><V109/><F96/><W18/><G111/><N who="2" m="42569" /><F126/><W74/><G0/><T39/><D134/><U34/><E128/><V47/><F56/><W48/><G106/><T88/><D77/><U95/><E132/><V30/><F12/><W73/><G121/><T75/><D75/><U81/><E107/><V87/><F87/><W63/><G63/><T69/><D6/><U119/><E119/><V135/><F135/><W80/><G80/><T102/><D39/><N who="2" m="14922" /><F22/><W64/><G71/><T17/><D17/><U125/><E86/><V46/><F46/><W103/><G103/><T129/><D129/><U33/><E45/><V16/><F16/><W7/><G7/><T57/><D69/><U32/><E101/><V42/><F42/><W20/><G21/><T51/><REACH who="0" step="1"/><D102/><REACH who="0" ten="128,361,285,206" step="2"/><U78/><E125/><V127/><F127/><W79/><G90/><T122/><D122/><U67/><E115/><V8/><F8/><W5/><G5/><T104/><D104/><U9/><E114/><V72/><F72/><AGARI ba="1,2" hai="15,18,20,41,44,48,62,64,70,72,73,74,79,82" machi="72" ten="30,1000,0" yaku="7,1" doraHai="68" who="3" fromWho="2" sc="128,0,361,0,285,-13,206,33" /><INIT seed="3,0,0,0,3,101" ten="128,361,272,239" oya="3" hai0="78,104,7,52,27,72,66,126,68,69,30,109,85" hai1="14,73,90,53,41,103,17,105,24,45,87,92,64" hai2="122,56,129,57,124,36,79,125,49,4,62,51,34" hai3="70,31,46,128,39,127,29,8,40,55,118,108,43"/><W75/><G75/><T58/><D72/><U38/><E64/><V100/><F34/><W65/><G128/><T35/><D109/><U107/><E103/><V130/><F100/><W106/><G108/><T96/><D126/><N who="2" m="48746" /><F79/><W110/><G106/><T80/><D7/><U131/><E131/><N who="2" m="50187" /><F4/><W133/><G127/><T86/><D86/><U94/><E94/><V2/><F2/><W42/><G110/><T22/><D66/><U102/><E102/><V117/><F117/><W98/><G65/><T61/><D96/><U60/><E24/><V37/><F122/><W1/><G98/><T3/><D3/><U63/><E73/><V5/><F5/><W114/><G70/><T9/><D9/><U16/><E105/><V20/><F20/><W99/><G8/><T23/><REACH who="0" step="1"/><D104/><REACH who="0" ten="118,361,272,239" step="2"/><U21/><E107/><V132/><F132/><W121/><G133/><T115/><D115/><U134/><E134/><V82/><F82/><W47/><G114/><T50/><D50/><N who="2" m="18954" /><F62/><W77/><G1/><T135/><D135/><U59/><E63/><V32/><F32/><W25/><G99/><T28/><D28/><U83/><E83/><V48/><F48/><W18/><G29/><T13/><D13/><U89/><E14/><V91/><F91/><W95/><G31/><T15/><D15/><N who="1" m="9375" /><E89/><V81/><F81/><W74/><G77/><T113/><D113/><U112/><E112/><V84/><F84/><W6/><G6/><T119/><D119/><U10/><E10/><V88/><F88/><W12/><G118/><T120/><D120/><U11/><E11/><V123/><F123/><RYUUKYOKU ba="0,1" sc="118,10,361,10,272,10,239,-30" hai0="22,23,27,30,35,52,58,61,68,69,78,80,85" hai1="17,38,41,45,53,59,60,87,90,92" hai2="36,37,56,57" /><INIT seed="4,1,1,3,3,47" ten="128,371,282,209" oya="0" hai0="34,74,27,58,23,121,35,51,13,78,44,9,112" hai1="36,53,114,81,8,54,111,135,22,127,14,33,104" hai2="6,134,32,1,72,117,96,59,90,77,88,116,55" hai3="79,122,25,89,95,61,110,57,119,130,3,2,126"/><T21/><D121/><U85/><E33/><V106/><F32/><W94/><G122/><T80/><D112/><U42/><E104/><V17/><F134/><W62/><G79/><T67/><D23/><U52/><E111/><V56/><F56/><W40/><G25/><T39/><D39/><U19/><E36/><V60/><F6/><W83/><G57/><T91/><D91/><U115/><E42/><V45/><F1/><W98/><G89/><T84/><D74/><U24/><E127/><V69/><F69/><W63/><G40/><N who="0" m="24967" /><D58/><U128/><E135/><V109/><F45/><W113/><G110/><T124/><D124/><U41/><E41/><V66/><F109/><W92/><G113/><N who="1" m="43018" /><E128/><V75/><F66/><W71/><G71/><T93/><D93/><U82/><E85/><V133/><F133/><W123/><G123/><T76/><D76/><U18/><AGARI ba="1,1" hai="8,14,18,19,22,24,52,53,54,81,82" m="43018" machi="18" ten="30,4000,0" yaku="15,1,11,1,54,1" doraHai="47" who="1" fromWho="1" sc="128,-21,371,53,282,-11,209,-11" /><INIT seed="5,0,0,3,0,22" ten="107,424,271,198" oya="1" hai0="81,96,135,6,105,19,84,31,32,49,113,72,115" hai1="56,25,106,124,16,128,79,64,61,83,45,125,101" hai2="134,42,44,2,100,33,67,99,69,73,68,130,60" hai3="89,40,76,9,36,122,90,114,86,74,27,104,30"/><U43/><E101/><V71/><F130/><W62/><G104/><T20/><D6/><U91/><E91/><V8/><F134/><W92/><G76/><T3/><D3/><U47/><E106/><N who="2" m="63775" /><F73/><W118/><G74/><T117/><D72/><U120/><E120/><V17/><F17/><W66/><G122/><T102/><D117/><U52/><E128/><V87/><F87/><W65/><G118/><T55/><D135/><U21/><E83/><V127/><F127/><W119/><G119/><T103/><D103/><U29/><E79/><V133/><F133/><W85/><G9/><T4/><D4/><U23/><E64/><V1/><F33/><W82/><G114/><T37/><D37/><U11/><E11/><V39/><F2/><W18/><G18/><T70/><D70/><U77/><E77/><V121/><F121/><W34/><REACH who="3" step="1"/><G62/><REACH who="3" ten="107,424,271,188" step="2"/><T63/><D63/><U88/><E61/><V107/><F107/><W59/><G59/><T35/><D31/><U129/><E56/><V57/><F57/><W132/><G132/><T28/><D28/><U94/><E29/><V5/><AGARI ba="0,1" hai="1,5,8,39,42,44,60,67,68,69,71" m="63775" machi="5" ten="30,2000,0" yaku="33,2" doraHai="22" who="2" fromWho="2" sc="107,-5,424,-10,271,30,188,-5" /><INIT seed="6,0,0,2,2,107" ten="102,414,301,183" oya="2" hai0="131,50,60,47,123,6,94,125,135,53,57,112,122" hai1="25,27,104,106,78,76,56,89,36,109,130,22,103" hai2="132,90,72,34,9,92,2,0,39,134,44,126,73" hai3="16,91,48,62,40,23,111,20,82,67,15,5,13"/><V37/><F34/><W52/><G40/><T77/><D6/><U4/><E22/><V10/><F126/><W66/><G111/><T133/><D77/><U7/><E36/><N who="2" m="13899" /><F44/><W43/><G43/><N who="0" m="24959" /><D94/><U117/><E56/><V51/><F51/><W115/><G62/><N who="0" m="36143" /><D125/><U41/><E41/><V127/><F127/><W26/><G115/><T30/><D30/><U45/><E109/><V105/><F105/><W29/><G82/><T18/><D18/><U110/><E104/><V88/><F10/><W46/><REACH who="3" step="1"/><G91/><REACH who="3" ten="102,414,301,173" step="2"/><N who="2" m="34857" /><F92/><W120/><G120/><N who="0" m="46123" /><D112/><U98/><E106/><V93/><F93/><W79/><G79/><T81/><D81/><U33/><E78/><V119/><F119/><W101/><G101/><T21/><D21/><U59/><E103/><V99/><F9/><AGARI ba="0,1" hai="5,9,13,15,16,20,23,26,29,46,48,52,66,67" machi="9" ten="40,8000,1" yaku="1,1,8,1,54,2,53,0" doraHai="107" doraHaiUra="86" who="3" fromWho="2" sc="102,0,414,0,301,-80,173,90" /><INIT seed="7,0,0,3,2,127" ten="102,414,221,263" oya="3" hai0="47,116,126,60,87,14,117,41,16,22,83,99,118" hai1="120,28,55,135,27,12,23,80,58,62,102,70,66" hai2="3,21,77,59,101,122,45,35,89,38,72,49,50" hai3="73,61,128,104,18,103,124,1,111,20,106,131,88"/><W52/><G73/><T40/><D126/><U63/><E120/><V74/><F35/><W98/><G1/><T25/><D99/><U33/><E135/><V46/><F101/><W11/><G11/><T107/><D107/><U121/><E121/><V48/><F77/><W13/><G124/><T44/><D60/><U134/><E134/><V17/><F3/><W75/><G75/><T129/><D44/><U114/><E114/><V30/><F30/><W54/><G104/><T57/><D57/><U51/><E102/><V24/><F59/><W65/><G111/><T130/><D25/><U76/><E12/><V56/><F56/><W2/><G2/><T86/><D41/><U97/><E97/><V31/><F31/><W96/><G65/><T15/><D15/><U90/><E90/><V37/><F122/><W84/><G96/><T26/><D26/><U32/><E62/><V0/><F0/><W125/><G61/><T36/><REACH who="0" step="1"/><D87/><AGARI ba="0,0" hai="23,27,28,32,33,51,55,58,63,66,70,76,80,87" machi="87" ten="30,1000,0" yaku="7,1" doraHai="127" who="1" fromWho="0" sc="102,-10,414,10,221,0,263,0" owari="92,-41.0,424,53.0,221,-18.0,263,6.0" /></mjloggm>