<mjloggm ver="2.3"><GO type="169" lobby="0"/><UN n0="%E5%B0%B1%E6%B4%BB%E7%94%9F%40%E5%B7%9D%E6%9D%91%E8%BB%8D%E5%9B%A3" n1="%E3%82%A6%E3%83%92%E3%83%A7%E5%8A%A9" n2="%6D%6F%6E%65%79%2E%2E%2E" n3="%64%6F%6F%6F%6F%77%79" dan="17,16,17,16" rate="2151.43,2090.37,2140.54,2079.35" sx="M,M,M,M"/><TAIKYOKU oya="0"/><INIT seed="0,0,0,2,3,99" ten="250,250,250,250" oya="0" hai0="69,22,122,117,130,94,103,50,85,135,7,33,116" hai1="29,15,104,72,5,125,53,70,36,84,51,23,115" hai2="111,31,92,121,6,58,14,66,1,12,133,77,2" hai3="34,11,60,67,39,49,20,107,9,62,26,83,120"/><T78/><D33/><U90/><E72/><V118/><F77/><W16/><G39/><T0/><D69/><U86/><E36/><V113/><F58/><W63/><G120/><T128/><D0/><U79/><E70/><V4/><F66/><W82/><G107/><T41/><D7/><U17/><E104/><V13/><F92/><W55/><G34/><T134/><D122/><U112/><E5/><N who="2" m="2155" /><F121/><W102/><G102/><T65/><D65/><U54/><E29/><V30/><F113/><N who="1" m="43593" /><E51/><V114/><F114/><W132/><G132/><N who="0" m="50731" /><D50/><U32/><E32/><V129/><F133/><W131/><G131/><N who="0" m="50219" /><D41/><U59/><E79/><V45/><F45/><N who="3" m="28079" /><G67/><T40/><D40/><U100/><E86/><V93/><F129/><W37/><G37/><T27/><D78/><U18/><E54/><V52/><F52/><W73/><G73/><T28/><D85/><U57/><E53/><V76/><F76/><W19/><G19/><T96/><AGARI ba="0,0" hai="22,27,28,94,96,103,116,117" m="50219,50731" machi="96" ten="40,7800,0" yaku="20,1,19,1,52,1" doraHai="99" who="0" fromWho="0" sc="250,78,250,-26,250,-26,250,-26" /><INIT seed="0,1,0,1,2,79" ten="328,224,224,224" oya="0" hai0="14,83,62,70,127,88,45,119,123,77,76,126,117" hai1="114,3,63,12,65,9,128,134,50,81,113,135,23" hai2="118,22,26,64,18,41,19,90,21,73,97,106,43" hai3="78,116,10,96,85,57,51,110,2,5,20,36,72"/><T31/><D31/><U87/><E3/><V68/><F73/><W80/><G116/><N who="0" m="44619" /><D45/><U61/><E23/><V130/><F118/><W103/><G110/><T75/><D14/><U82/><E87/><V38/><F130/><W120/><G120/><T71/><D62/><N who="1" m="23563" /><E50/><V101/><F64/><W39/><G20/><T89/><D123/><U46/><E46/><V49/><F68/><N who="0" m="26154" /><D77/><U33/><E65/><V6/><F6/><W29/><G29/><T35/><D35/><U47/><E47/><V4/><F4/><W92/><REACH who="3" step="1"/><G72/><REACH who="3" ten="328,224,224,214" step="2"/><T17/><D17/><N who="1" m="8335" /><E33/><V100/><F19/><W25/><G25/><T40/><D40/><U53/><E128/><V132/><F22/><W13/><G13/><T107/><D107/><U98/><E114/><V24/><F106/><W52/><AGARI ba="1,1" hai="2,5,10,36,39,51,52,57,78,80,85,92,96,103" machi="52" ten="30,7900,0" yaku="1,1,0,1,52,1,54,1,53,0" doraHai="79" doraHaiUra="42" who="3" fromWho="3" sc="328,-40,224,-21,224,-21,214,92" /><INIT seed="1,0,0,0,5,101" ten="288,203,203,306" oya="1" hai0="99,122,19,116,75,82,6,80,60,88,110,106,48" hai1="109,121,81,119,36,54,0,5,102,23,20,112,52" hai2="55,42,124,39,103,131,65,51,67,46,127,24,93" hai3="73,108,97,9,84,89,77,134,66,32,30,57,113"/><U2/><E119/><V38/><F24/><W25/><G113/><T96/><D116/><U64/><E121/><V126/><F103/><W14/><G108/><T100/><D6/><U37/><E112/><V28/><F28/><W61/><G134/><T71/><D110/><U69/><E109/><V58/><F93/><W33/><G97/><T35/><D35/><U68/><E81/><V34/><F34/><W4/><G73/><T10/><D122/><U118/><E102/><V59/><F131/><W94/><G77/><T92/><D48/><U31/><E118/><V83/><F83/><W120/><G120/><T16/><D10/><U1/><E1/><V129/><F129/><W107/><REACH who="3" step="1"/><G33/><REACH who="3" ten="288,203,203,296" step="2"/><T3/><D75/><U111/><E111/><V8/><F8/><W133/><G133/><T43/><D3/><U87/><E87/><V125/><F125/><W128/><G128/><T90/><D90/><U78/><E78/><V70/><F70/><W22/><G22/><T114/><D114/><U132/><E132/><V95/><F95/><W74/><G74/><T104/><D82/><U47/><E69/><V86/><F86/><W44/><G44/><T27/><D80/><U49/><E68/><V53/><F39/><W130/><G130/><T45/><D104/><AGARI ba="0,1" hai="4,9,14,25,30,32,57,61,66,84,89,94,104,107" machi="104" ten="40,5200,0" yaku="1,1,52,2,53,0" doraHai="101" doraHaiUra="12" who="3" fromWho="0" sc="288,-52,203,0,203,0,296,62" /><INIT seed="2,0,0,4,3,91" ten="236,203,203,358" oya="2" hai0="134,22,24,130,75,5,99,27,125,6,52,56,77" hai1="26,107,123,60,20,120,96,64,76,57,10,46,55" hai2="23,30,67,37,54,118,15,19,13,7,121,12,44" hai3="72,79,16,51,31,28,111,66,108,106,35,58,11"/><V53/><F118/><W47/><G106/><T86/><D75/><U124/><E124/><V65/><F121/><N who="1" m="46665" /><E76/><V98/><F30/><W21/><G11/><T70/><D70/><U17/><E10/><N who="2" m="4191" /><F37/><W38/><G38/><T84/><D125/><U62/><E107/><V1/><F1/><W110/><G35/><T85/><D130/><U113/><E113/><V2/><F2/><W116/><G116/><T32/><D134/><U36/><E96/><V80/><F80/><N who="3" m="45159" /><G58/><T18/><D77/><U8/><E8/><V71/><F71/><W40/><G66/><N who="2" m="25097" /><F44/><W100/><G100/><T129/><D129/><U127/><E127/><V68/><F68/><W97/><G97/><T109/><D109/><U133/><E46/><V115/><F115/><W92/><G92/><T78/><D78/><U29/><E36/><V45/><F45/><W69/><G69/><T82/><D82/><U14/><E64/><V59/><F98/><W0/><G0/><T104/><D24/><AGARI ba="0,0" hai="16,21,24,28,31,40,47,51,108,110,111" m="45159" machi="24" ten="30,2000,0" yaku="14,1,54,1" doraHai="91" who="3" fromWho="0" sc="236,-20,203,0,203,0,358,20" /><INIT seed="3,0,0,0,2,93" ten="216,203,203,378" oya="3" hai0="126,110,56,116,68,27,32,96,121,97,1,128,87" hai1="120,35,19,50,85,43,22,133,24,48,45,122,58" hai2="13,67,39,42,46,34,92,79,88,105,98,75,37" hai3="123,54,64,81,61,83,59,70,73,78,15,100,38"/><W11/><G123/><T69/><D121/><U103/><E35/><V112/><F112/><W33/><G33/><T107/><D1/><U71/><E71/><V41/><F34/><W31/><G31/><T125/><D116/><U49/><E103/><V115/><F115/><W91/><G38/><T18/><D110/><U130/><E85/><V63/><F105/><W16/><G100/><T134/><D107/><U6/><E6/><V17/><F79/><W118/><G118/><T23/><D32/><U74/><E74/><V65/><F75/><W8/><G83/><T113/><D113/><U28/><E28/><V102/><F102/><W5/><G91/><T124/><D134/><U0/><E0/><V111/><F111/><W60/><REACH who="3" step="1"/><G5/><REACH who="3" ten="216,203,203,368" step="2"/><T95/><D128/><U3/><E130/><V20/><F63/><W9/><AGARI ba="0,1" hai="8,9,11,15,16,54,59,60,61,64,70,73,78,81" machi="9" ten="20,12000,1" yaku="1,1,2,1,0,1,7,1,54,1,53,0" doraHai="93" doraHaiUra="99" who="3" fromWho="3" sc="216,-40,203,-40,203,-40,368,130" /><INIT seed="3,1,0,4,0,26" ten="176,163,163,498" oya="3" hai0="45,24,126,124,43,32,102,88,91,68,5,134,108" hai1="4,11,109,94,121,58,53,49,113,83,77,87,90" hai2="33,75,42,135,92,89,115,104,82,46,13,112,3" hai3="74,84,127,39,130,50,98,8,30,12,106,78,27"/><W79/><G39/><T20/><D32/><U47/><E121/><V81/><F3/><W1/><G1/><T73/><D73/><U69/><E69/><V28/><F104/><W29/><G74/><T122/><D122/><U40/><E109/><V44/><F13/><W133/><G133/><T59/><D68/><U18/><E18/><V25/><F135/><W95/><G106/><T60/><D134/><U48/><E113/><V36/><F46/><W0/><G0/><T114/><D102/><U132/><E132/><V118/><F118/><W14/><G27/><T61/><D114/><U6/><REACH who="1" step="1"/><E11/><REACH who="1" ten="176,153,163,498" step="2"/><V66/><F112/><W99/><G8/><T119/><D108/><U10/><E10/><V64/><F115/><W125/><G130/><T15/><D119/><U117/><E117/><V107/><F75/><AGARI ba="1,1" hai="4,6,40,47,48,49,53,58,75,77,83,87,90,94" machi="75" ten="30,3900,0" yaku="1,1,7,1,53,1" doraHai="26" doraHaiUra="72" who="1" fromWho="2" sc="176,0,153,52,163,-42,498,0" /><INIT seed="4,0,0,4,0,31" ten="176,205,121,498" oya="0" hai0="16,109,99,115,107,106,33,49,52,68,90,51,123" hai1="95,91,105,12,37,103,67,43,104,126,1,8,22" hai2="73,40,86,77,41,124,59,57,7,112,17,96,87" hai3="134,56,60,100,92,20,25,89,27,39,34,19,133"/><T3/><D123/><U108/><E108/><V72/><F17/><W128/><G39/><T15/><D109/><U120/><E1/><V116/><F96/><W64/><G100/><T119/><D3/><U63/><E120/><V125/><F77/><W42/><G42/><N who="2" m="16489" /><F7/><W28/><REACH who="3" step="1"/><G128/><REACH who="3" ten="176,205,121,488" step="2"/><T38/><D119/><U35/><E37/><V53/><F116/><W66/><G66/><T94/><D38/><U13/><E103/><V97/><F112/><W113/><G113/><T93/><D115/><U71/><E67/><V21/><F53/><W117/><G117/><T55/><D107/><U6/><E104/><V65/><F65/><W88/><G88/><T127/><D106/><U75/><E91/><V58/><F97/><AGARI ba="0,1" hai="19,20,25,27,28,34,56,60,64,89,92,97,133,134" machi="97" ten="40,2600,0" yaku="1,1,52,1,53,0" doraHai="31" doraHaiUra="80" who="3" fromWho="2" sc="176,0,205,0,121,-26,488,36" /><INIT seed="5,0,0,0,5,7" ten="176,205,95,524" oya="1" hai0="110,86,109,67,74,2,46,22,26,73,121,131,84" hai1="6,53,80,81,36,99,75,60,72,13,119,118,3" hai2="87,77,113,66,78,101,29,45,61,31,94,82,18" hai3="58,97,96,38,32,41,59,65,4,50,49,132,106"/><U47/><E3/><V23/><F113/><W68/><G32/><T51/><D2/><U5/><E60/><V42/><F77/><W12/><G68/><T111/><D121/><U1/><E1/><V27/><F101/><W54/><G38/><T70/><D131/><U64/><E64/><V114/><F114/><W124/><G106/><T115/><D115/><U14/><E99/><V16/><F94/><W33/><G33/><T79/><D67/><U85/><E85/><V37/><REACH who="2" step="1"/><F31/><REACH who="2" ten="176,205,85,524" step="2"/><W102/><G102/><T127/><D127/><U92/><E92/><V15/><F15/><W76/><G12/><T134/><D134/><U52/><E14/><V20/><F20/><W62/><G76/><T133/><D133/><U95/><E95/><V126/><F126/><W19/><G124/><T44/><D79/><U117/><E13/><V98/><F98/><W120/><G97/><T105/><D105/><U83/><E75/><V88/><F88/><W130/><G96/><T17/><D74/><U125/><E72/><V8/><F8/><W39/><G132/><T43/><D73/><U123/><E125/><V11/><F11/><W69/><G130/><T57/><D109/><U28/><E28/><V103/><F103/><W30/><G30/><T129/><D110/><U25/><E25/><V91/><F91/><W89/><G89/><T35/><D111/><U71/><E123/><V63/><F63/><W55/><G120/><T107/><D107/><U48/><E119/><V40/><F40/><W122/><G122/><T21/><D43/><N who="1" m="23015" /><E118/><V108/><F108/><W34/><G62/><RYUUKYOKU ba="0,1" sc="176,-10,205,-10,85,30,524,-10" hai2="16,18,23,27,29,37,42,45,61,66,78,82,87" /><INIT seed="6,1,1,1,0,133" ten="166,195,115,514" oya="2" hai0="22,47,50,97,6,77,71,83,1,25,33,48,53" hai1="80,64,135,88,18,76,49,131,134,111,81,78,61" hai2="30,115,112,87,58,117,129,11,127,100,118,60,12" hai3="59,84,94,66,96,73,54,35,108,82,38,42,104"/><V69/><F69/><W55/><G35/><T2/><D71/><U34/><E34/><V101/><F30/><W123/><G108/><T110/><D33/><U43/><E111/><V106/><F129/><W72/><G104/><T126/><D110/><U16/><E131/><V20/><F20/><W74/><G123/><T65/><D65/><U19/><E135/><V98/><F101/><W132/><G132/><T56/><D6/><U122/><E122/><V70/><F70/><W75/><G75/><T95/><D126/><U51/><E43/><V90/><F127/><W4/><G4/><T27/><D27/><U68/><E134/><V125/><F125/><W124/><G124/><T93/><D93/><U0/><E0/><V39/><F39/><W29/><G29/><T40/><D83/><U36/><E36/><V67/><F90/><W114/><G114/><N who="2" m="43561" /><F87/><W10/><G10/><T21/><D21/><U52/><E88/><V14/><F14/><W31/><G31/><T5/><D5/><AGARI ba="1,1" hai="5,11,12,58,60,67,98,100,106,117,118" m="43561" machi="5" ten="30,1500,0" yaku="15,1" doraHai="133" who="2" fromWho="0" sc="166,-18,195,0,115,28,514,0" /><INIT seed="6,2,0,3,4,113" ten="148,195,143,514" oya="2" hai0="111,14,57,20,86,43,99,31,3,18,26,131,24" hai1="5,118,25,88,107,41,47,52,102,78,55,109,123" hai2="73,106,53,15,110,42,93,122,84,68,126,0,6" hai3="11,63,13,92,95,81,46,101,76,77,33,17,71"/><V116/><F53/><W58/><G71/><T32/><D111/><U8/><E118/><V44/><F15/><W87/><G33/><T39/><D131/><U119/><E109/><V85/><F110/><W30/><G30/><T36/><D3/><U134/><E119/><V49/><F116/><W35/><G35/><T125/><D125/><U75/><E25/><V27/><F106/><W121/><G77/><T40/><D99/><U74/><E52/><V4/><F73/><W100/><G46/><T50/><D86/><U80/><E55/><V61/><F122/><W28/><G28/><T16/><D57/><U12/><E75/><V135/><F135/><W94/><G121/><T108/><D108/><U97/><E134/><V37/><F37/><W65/><AGARI ba="2,0" hai="11,13,17,58,63,65,76,81,87,92,94,95,100,101" machi="65" ten="30,2000,0" yaku="0,1,8,1" doraHai="113" who="3" fromWho="3" sc="148,-7,195,-7,143,-12,514,26" /><INIT seed="7,0,0,3,5,65" ten="141,188,131,540" oya="3" hai0="48,38,75,135,46,33,93,129,120,44,125,14,104" hai1="70,5,15,99,47,16,6,30,41,133,62,64,111" hai2="67,127,0,100,13,36,117,17,79,21,29,105,113" hai3="66,52,76,131,58,20,32,123,94,126,83,114,55"/><W92/><G32/><T97/><D120/><U103/><E30/><V108/><F108/><W71/><G71/><T110/><D33/><U116/><E133/><V19/><F117/><W119/><G119/><T45/><D110/><U3/><E3/><V43/><F0/><W77/><G123/><T60/><D38/><U81/><E81/><V122/><F122/><W91/><G114/><T57/><D104/><U72/><E72/><V118/><F118/><W84/><G126/><T101/><D75/><U31/><E31/><V1/><F1/><W80/><G131/><T37/><D135/><U88/><E88/><V132/><F132/><W9/><G9/><T82/><D37/><U50/><E111/><V96/><F29/><W24/><G66/><N who="0" m="39183" /><D129/><U95/><E116/><V54/><F67/><W74/><G94/><T128/><D128/><U121/><E121/><V40/><F36/><W61/><G55/><T89/><D125/><U115/><E115/><V102/><F127/><W56/><G56/><T69/><D69/><U7/><E7/><V78/><F113/><W26/><G20/><AGARI ba="0,0" hai="5,6,15,16,20,41,47,50,62,64,70,95,99,103" machi="20" ten="30,3900,0" yaku="7,1,52,1,54,1" doraHai="65" who="1" fromWho="3" sc="141,0,188,39,131,0,540,-39" owari="141,-26.0,227,3.0,131,-37.0,501,60.0" /></mjloggm>