<mjloggm ver="2.3"><GO type="169" lobby="0"/><UN n0="%E7%89%8C%E3%81%AE%E9%9F%B3%E8%89%B2" n1="%E3%82%A6%E3%83%AB%E3%83%88%E3%83%A9%E7%AB%8B%E7%9B%B4" n2="%52%6F%62%69%4E" n3="%E9%BB%92%E7%8C%AB%40%E3%81%BA%E3%82%8D%E3%81%BA%E3%82%8D%E2%98%86" dan="16,17,17,16" rate="2041.32,2125.09,2147.40,2110.55" sx="M,M,M,F"/><TAIKYOKU oya="0"/><INIT seed="0,0,0,2,0,13" ten="250,250,250,250" oya="0" hai0="42,74,40,105,75,30,29,19,132,104,76,103,52" hai1="46,10,130,119,95,8,86,12,96,27,35,66,122" hai2="70,134,113,68,5,106,77,37,91,124,31,88,133" hai3="90,26,3,110,24,63,34,131,72,85,116,69,47"/><T102/><D76/><U62/><E122/><V57/><F113/><W78/><G110/><T36/><D132/><N who="2" m="50794" /><F37/><W14/><G3/><T84/><D84/><U98/><E130/><V61/><F106/><W83/><G131/><T67/><D67/><U129/><E129/><V126/><F31/><W17/><G116/><T94/><D94/><U118/><E46/><V79/><F5/><W32/><G69/><N who="2" m="26729" /><F79/><W120/><G120/><T108/><D108/><U43/><E95/><V41/><F41/><W82/><G63/><T44/><D44/><U73/><E43/><V128/><F77/><W81/><G81/><T28/><D28/><U7/><E96/><V60/><F60/><W23/><REACH who="3" step="1"/><G47/><REACH who="3" ten="250,250,250,240" step="2"/><T53/><REACH who="0" step="1"/><D36/><REACH who="0" ten="240,250,250,240" step="2"/><U11/><E119/><V45/><F128/><W80/><G80/><T54/><D54/><U20/><E118/><V33/><F45/><W71/><G71/><T99/><D99/><U115/><E98/><V58/><F58/><W97/><G97/><T22/><D22/><U135/><E20/><V100/><F57/><W56/><G56/><T64/><D64/><U109/><E66/><V125/><F125/><W38/><G38/><T1/><D1/><U55/><E135/><V87/><F124/><W49/><G49/><T121/><D121/><U18/><E55/><V111/><F126/><W65/><G65/><T25/><D25/><AGARI ba="0,2" hai="14,17,23,24,25,26,32,34,72,78,82,83,85,90" machi="25" ten="40,2600,0" yaku="1,1,52,1,53,0" doraHai="13" doraHaiUra="114" who="3" fromWho="0" sc="240,-26,250,0,250,0,240,46" /><INIT seed="1,0,0,0,2,47" ten="214,250,250,286" oya="1" hai0="46,125,9,98,81,105,13,21,32,135,113,15,52" hai1="25,110,131,82,0,86,93,121,85,23,116,75,70" hai2="62,114,8,48,104,119,64,73,10,117,134,12,91" hai3="1,108,94,87,92,42,19,103,96,130,39,112,14"/><U59/><E70/><V63/><F104/><W123/><G1/><T17/><D113/><U20/><E0/><V55/><F114/><W66/><G112/><T50/><D32/><U37/><E37/><V58/><F73/><W76/><G123/><T33/><D33/><U78/><E121/><V26/><F134/><W29/><G130/><T122/><D122/><U35/><E116/><V71/><F26/><W102/><G108/><T5/><D135/><U28/><E110/><V45/><F91/><W89/><G29/><T54/><D81/><U99/><E131/><V36/><F10/><W67/><G76/><T57/><D125/><U126/><E126/><V53/><REACH who="2" step="1"/><F36/><REACH who="2" ten="214,250,240,286" step="2"/><W101/><G101/><T77/><D77/><U68/><E75/><V97/><F97/><W16/><G102/><T38/><D38/><U30/><E86/><V7/><AGARI ba="0,1" hai="7,8,12,45,48,53,55,58,62,63,64,71,117,119" machi="7" ten="20,12000,2" yaku="1,1,0,1,7,1,52,1,53,2" doraHai="47" doraHaiUra="56" who="2" fromWho="2" sc="214,-30,250,-60,240,130,286,-30" /><INIT seed="2,0,0,1,5,51" ten="184,190,370,256" oya="2" hai0="72,45,115,67,32,73,47,10,91,97,105,102,126" hai1="37,49,125,12,48,78,33,121,58,123,75,128,76" hai2="86,103,17,87,52,89,2,63,38,129,21,31,59" hai3="20,124,44,131,26,27,79,110,19,81,114,70,14"/><V132/><F2/><W134/><G70/><T111/><D115/><U61/><E33/><V85/><F38/><W113/><G110/><T112/><D112/><N who="3" m="43113" /><G134/><T109/><D32/><U117/><E117/><V15/><F132/><W6/><G131/><T11/><D67/><U13/><E37/><V101/><F129/><W56/><G124/><T96/><D126/><U92/><E92/><V16/><F31/><W88/><G44/><T119/><D91/><U35/><E35/><V18/><F89/><W74/><G6/><T55/><D105/><U54/><E125/><V60/><F60/><W53/><G88/><T62/><D62/><AGARI ba="0,0" hai="14,19,20,26,27,53,56,62,74,79,81" m="43113" machi="62" ten="30,2000,0" yaku="11,1,52,1" doraHai="51" who="3" fromWho="0" sc="184,-20,190,0,370,0,256,20" /><INIT seed="3,0,0,2,5,99" ten="164,190,370,276" oya="3" hai0="53,14,125,85,94,79,50,110,5,10,78,97,17" hai1="118,103,64,25,68,40,34,52,55,0,120,16,123" hai2="88,42,66,101,32,49,105,7,98,60,127,39,19" hai3="80,116,37,117,112,71,15,12,51,89,106,132,22"/><W20/><G37/><T74/><D74/><U48/><E0/><V93/><F39/><W67/><G112/><T70/><D70/><U134/><E40/><V59/><F32/><W26/><G106/><T113/><D113/><U29/><E134/><V9/><F127/><W58/><G132/><T102/><D110/><U126/><E126/><V75/><F75/><W63/><G20/><T61/><D61/><N who="1" m="39951" /><E16/><V62/><F62/><W18/><G15/><T121/><D121/><U43/><E43/><V2/><F19/><W8/><G89/><T44/><D125/><U83/><E83/><V115/><F115/><W128/><G80/><T6/><D85/><U65/><E65/><V131/><F131/><W111/><G128/><T90/><REACH who="0" step="1"/><D90/><REACH who="0" ten="154,190,370,276" step="2"/><U24/><E123/><V73/><F73/><W87/><G87/><T36/><D36/><U108/><E120/><V119/><F88/><W13/><G111/><T107/><D107/><U47/><E108/><V33/><F105/><W46/><G71/><T133/><D133/><U57/><E118/><V122/><F119/><W130/><G130/><T31/><D31/><U124/><E124/><V38/><F38/><W86/><G86/><T82/><D82/><U3/><E29/><V27/><F122/><W23/><G117/><T92/><D92/><U1/><E1/><V81/><F81/><W76/><G116/><T21/><D21/><U11/><E3/><V35/><F2/><W135/><G23/><T91/><D91/><U4/><E34/><V56/><F33/><W95/><G135/><T96/><D96/><U69/><E69/><RYUUKYOKU ba="0,1" sc="154,30,190,-10,370,-10,276,-10" hai0="5,6,10,14,17,44,50,53,78,79,94,97,102" /><INIT seed="4,1,1,2,1,23" ten="184,180,360,266" oya="0" hai0="52,64,6,39,58,56,8,130,15,118,37,48,19" hai1="97,74,94,67,65,13,14,105,119,25,116,5,106" hai2="91,44,62,33,61,22,95,71,46,54,4,57,103" hai3="31,114,68,11,88,110,2,98,28,50,89,9,123"/><T0/><D118/><U16/><E74/><V87/><F33/><W86/><G110/><T115/><D115/><U79/><E79/><V121/><F121/><W72/><G72/><T32/><D130/><U47/><E47/><V124/><F124/><W51/><G68/><T20/><D64/><U77/><E77/><V76/><F4/><W55/><G123/><T101/><D101/><U127/><E5/><V45/><F103/><W36/><G36/><T40/><D40/><U21/><E127/><V85/><F22/><W132/><G132/><T27/><D58/><U17/><E21/><V73/><F73/><W81/><G2/><T1/><D1/><U82/><E94/><V41/><F71/><W38/><G38/><T129/><D129/><U96/><REACH who="1" step="1"/><E25/><REACH who="1" ten="184,170,360,266" step="2"/><V70/><F41/><W35/><G9/><T133/><REACH who="0" step="1"/><D133/><REACH who="0" ten="174,170,360,266" step="2"/><U135/><E135/><V128/><F128/><W43/><G43/><T59/><D59/><U120/><E120/><V18/><F57/><W100/><G114/><T69/><D69/><U7/><E7/><V125/><F70/><W84/><G100/><T99/><D99/><U113/><E113/><V34/><F125/><W26/><G98/><T92/><D92/><U53/><E53/><V108/><F95/><W10/><G55/><T80/><D80/><AGARI ba="1,3" hai="13,14,16,17,65,67,80,82,96,97,105,106,116,119" machi="80" ten="25,12000,2" yaku="1,1,22,2,54,1,53,2" doraHai="23" doraHaiUra="12" who="1" fromWho="0" sc="174,-123,170,153,360,0,266,0" /><INIT seed="5,0,0,4,0,31" ten="51,323,360,266" oya="1" hai0="45,61,69,114,17,109,107,2,58,108,8,83,80" hai1="10,49,27,52,91,120,104,135,48,35,93,23,37" hai2="81,57,124,21,127,74,96,36,28,78,77,24,113" hai3="123,3,13,73,32,66,106,72,34,62,40,56,64"/><U39/><E104/><V110/><F110/><W95/><G106/><T6/><D107/><U9/><E120/><V134/><F134/><W63/><G3/><T98/><D69/><U102/><E135/><V132/><F132/><W129/><G123/><T86/><D114/><U97/><E35/><V18/><F36/><W59/><G40/><T92/><D45/><N who="1" m="27695" /><E39/><V131/><F78/><W43/><G43/><T26/><D83/><U121/><E37/><V75/><F113/><W30/><G129/><T4/><D4/><U111/><E121/><V55/><F131/><W44/><G44/><T119/><D119/><U128/><E128/><V47/><F47/><W19/><G95/><T90/><D86/><U84/><E48/><N who="2" m="30951" /><F96/><W29/><G19/><T70/><D80/><N who="1" m="49543" /><E111/><V112/><F112/><W11/><G13/><T101/><D101/><U118/><E118/><V68/><F68/><W103/><G103/><T50/><D50/><U130/><E130/><V105/><F105/><W94/><G94/><T53/><REACH who="0" step="1"/><D70/><REACH who="0" ten="41,323,360,266" step="2"/><U33/><E33/><V89/><F81/><W133/><G133/><T46/><D46/><U7/><E7/><V71/><F71/><W65/><G34/><T41/><D41/><U54/><E54/><V126/><F126/><W82/><G32/><T14/><D14/><U20/><E27/><V67/><F24/><W38/><G38/><T100/><D100/><U60/><E60/><V51/><F124/><W1/><G82/><T116/><D116/><U125/><E125/><V0/><F127/><W88/><G62/><T15/><D15/><U115/><E115/><RYUUKYOKU ba="0,1" sc="41,15,323,15,360,-15,266,-15" hai0="2,6,8,17,26,53,58,61,90,92,98,108,109" hai1="9,10,20,23,93,97,102" /><INIT seed="5,1,1,2,5,93" ten="56,338,345,251" oya="1" hai0="75,3,120,101,24,86,103,11,107,30,39,92,70" hai1="63,16,133,10,111,50,26,113,40,58,122,55,125" hai2="94,98,123,1,85,72,0,124,20,116,45,12,8" hai3="37,34,54,36,74,35,9,106,108,60,67,31,76"/><U105/><E122/><V78/><F123/><W87/><G74/><T135/><D92/><U6/><E105/><V66/><F116/><W57/><G108/><T73/><D86/><U89/><E111/><V127/><F72/><W53/><G106/><T84/><D84/><U83/><E125/><N who="2" m="48203" /><F66/><W104/><G104/><T15/><D103/><U118/><E113/><V17/><F45/><W46/><G9/><T21/><D120/><U22/><E133/><V51/><F51/><W61/><G31/><T68/><D135/><U110/><E118/><V129/><F129/><W88/><G76/><T119/><D119/><U128/><E128/><V49/><F49/><W69/><G53/><T42/><D3/><U121/><E121/><V5/><F85/><W77/><G77/><T126/><D126/><U71/><E71/><V29/><F29/><W59/><G69/><T65/><D68/><U102/><E110/><V64/><F64/><W13/><G13/><T52/><D42/><U28/><E28/><V43/><F43/><W33/><REACH who="3" step="1"/><G46/><REACH who="3" ten="56,338,345,241" step="2"/><T131/><D131/><U19/><E55/><V112/><F78/><W81/><AGARI ba="1,2" hai="33,34,35,36,37,54,57,59,60,61,67,81,87,88" machi="81" ten="30,7900,0" yaku="1,1,2,1,0,1,54,1,53,0" doraHai="93" doraHaiUra="38" who="3" fromWho="3" sc="56,-21,338,-40,345,-21,241,102" /><INIT seed="6,0,0,2,4,71" ten="35,298,324,343" oya="2" hai0="66,35,122,36,101,10,63,2,58,28,111,98,103" hai1="34,38,131,49,102,59,104,113,116,25,70,32,22" hai2="52,75,3,30,45,11,125,77,67,29,15,26,89" hai3="82,14,127,37,76,85,115,48,13,99,93,5,55"/><V65/><F125/><W53/><G37/><T42/><D122/><U124/><E70/><V87/><F3/><W9/><G127/><T135/><D103/><U72/><E72/><V110/><F75/><W132/><G132/><T12/><D135/><U107/><E49/><N who="2" m="28719" /><F77/><W81/><G115/><T54/><D111/><U80/><E102/><V16/><F110/><W56/><G81/><T73/><D73/><U4/><E80/><N who="2" m="49383" /><F30/><W133/><G133/><T68/><D2/><U46/><E34/><AGARI ba="0,0" hai="11,15,16,26,29,34,65,67" m="49383,28719" machi="34" ten="30,5800,0" yaku="25,1,54,2" doraHai="71" who="2" fromWho="1" sc="35,0,298,-58,324,58,343,0" /><INIT seed="6,1,0,0,5,103" ten="35,240,382,343" oya="2" hai0="39,54,60,133,16,114,73,135,81,67,7,109,57" hai1="78,80,3,93,6,69,11,97,30,61,106,91,124" hai2="94,99,25,1,63,72,123,49,59,86,48,46,82" hai3="9,22,77,96,75,53,130,19,55,56,90,101,126"/><V50/><F123/><W35/><G35/><T24/><D109/><U15/><E124/><V85/><F1/><W113/><G126/><T79/><D39/><U2/><E30/><V26/><F72/><W129/><G9/><T14/><D114/><U10/><E10/><V87/><F82/><W43/><G113/><T47/><D7/><U42/><E42/><V71/><F71/><W125/><G125/><T40/><D24/><U88/><E91/><V120/><F46/><W122/><G122/><T89/><D89/><U117/><E117/><V45/><F45/><W132/><G132/><T84/><D135/><U107/><E2/><V64/><F120/><W121/><G90/><AGARI ba="1,0" hai="25,26,48,49,50,59,63,64,85,86,87,90,94,99" machi="90" ten="40,2000,0" yaku="8,1" doraHai="103" who="2" fromWho="3" sc="35,0,240,0,382,23,343,-23" /><INIT seed="6,2,0,0,3,100" ten="35,240,405,320" oya="2" hai0="41,22,108,24,130,48,6,62,27,85,121,98,123" hai1="65,70,14,23,39,32,87,20,90,105,13,12,35" hai2="18,51,95,132,75,104,7,44,125,114,66,67,72" hai3="107,119,26,89,34,11,68,97,64,134,3,0,129"/><V131/><F114/><W61/><G119/><T4/><D108/><U2/><E39/><V84/><F104/><W74/><G134/><T50/><D62/><U106/><E65/><V126/><F131/><W115/><G129/><T38/><D130/><U25/><E90/><V111/><F7/><W122/><G89/><T113/><D85/><U86/><E25/><V19/><F84/><N who="1" m="32297" /><E2/><V77/><F95/><W40/><G40/><T30/><D41/><U93/><E93/><V110/><F132/><W49/><G49/><T63/><D38/><U47/><E47/><V128/><F128/><W16/><G74/><T55/><D63/><U43/><E70/><V92/><F92/><W9/><G9/><T133/><D133/><U33/><E43/><V83/><F44/><W45/><G45/><T36/><D36/><U127/><E127/><V71/><F71/><W59/><G68/><T58/><D113/><U102/><E102/><V94/><F94/><W99/><G115/><T1/><D1/><U117/><E117/><V103/><F103/><N who="3" m="62959" /><G99/><T8/><D98/><U46/><E46/><V60/><F125/><W78/><G78/><T91/><D91/><U52/><E52/><V124/><F77/><W56/><G56/><T69/><D69/><U135/><E135/><V88/><F88/><W79/><G79/><T10/><D50/><U101/><E101/><V116/><F116/><W54/><G3/><N who="0" m="95" /><D27/><U28/><E28/><V5/><F126/><W17/><G54/><T53/><D53/><U120/><E120/><V57/><F124/><W29/><G122/><T118/><D118/><RYUUKYOKU ba="2,0" sc="35,10,240,10,405,-30,320,10" hai0="4,10,22,24,30,48,55,58,121,123" hai1="12,13,14,20,23,32,33,35,105,106" hai3="0,11,16,17,26,29,34,59,61,64" /><INIT seed="7,3,0,1,1,15" ten="45,250,375,330" oya="3" hai0="96,45,112,103,40,119,72,39,7,21,54,64,52" hai1="35,111,44,25,57,33,0,88,11,36,115,89,127" hai2="13,66,20,16,120,24,106,5,71,126,116,99,18" hai3="48,105,50,98,108,69,4,6,46,90,134,55,85"/><W63/><G134/><T122/><D96/><U80/><E111/><V130/><F116/><W87/><G108/><T107/><D103/><U51/><E127/><V83/><F5/><W77/><G77/><T110/><D107/><U31/><E115/><V41/><F41/><W30/><G30/><T124/><D72/><U58/><E35/><V118/><F118/><W109/><G109/><T121/><D21/><U128/><E128/><V76/><F126/><W2/><G69/><T129/><D7/><U65/><E36/><V135/><F106/><W43/><G63/><T125/><D110/><U86/><E65/><V27/><F99/><W47/><G2/><T84/><D84/><U114/><E114/><V97/><F97/><W132/><G132/><T133/><D119/><U10/><E89/><V23/><F130/><W91/><G105/><T68/><D129/><U101/><E101/><V38/><F38/><W79/><G98/><T123/><D133/><U32/><E32/><V100/><F100/><W113/><G79/><T22/><D22/><U8/><REACH who="1" step="1"/><E0/><REACH who="1" ten="45,240,375,330" step="2"/><V1/><F1/><W53/><G113/><T19/><D112/><U73/><E73/><V70/><F66/><W3/><G3/><T94/><D94/><U56/><E56/><V74/><F135/><W9/><G9/><T26/><D125/><U104/><E104/><V131/><F131/><W78/><G78/><T42/><D124/><U12/><E12/><V81/><F13/><W14/><G14/><T37/><D122/><U75/><E75/><V29/><F74/><W92/><G92/><T49/><D123/><RYUUKYOKU ba="3,1" sc="45,-15,240,15,375,-15,330,15" hai1="8,10,11,25,31,33,44,51,57,58,80,86,88" hai3="4,6,43,46,47,48,50,53,55,85,87,90,91" /><INIT seed="7,4,1,4,0,8" ten="30,255,360,345" oya="3" hai0="128,87,56,69,68,101,6,109,50,120,61,1,93" hai1="131,103,19,106,17,119,74,72,48,129,44,66,36" hai2="27,12,38,65,124,116,135,130,79,104,41,126,16" hai3="132,115,63,33,29,34,10,123,105,37,102,71,43"/><W60/><G123/><T94/><D6/><U55/><E103/><V52/><F116/><W59/><G115/><T26/><D26/><U0/><E106/><V46/><F104/><W96/><G132/><T77/><D1/><U75/><E0/><V49/><F135/><W76/><G76/><T108/><D50/><U40/><E66/><V133/><F133/><W15/><G71/><T92/><D77/><U70/><E70/><V134/><F134/><W78/><G78/><T21/><D21/><U118/><E19/><V127/><F130/><W91/><G91/><T39/><D39/><U95/><E95/><V62/><F79/><W45/><G29/><T114/><D68/><U13/><E36/><V14/><F65/><W18/><G60/><T2/><D69/><U25/><E25/><V7/><F7/><W9/><G9/><T57/><D2/><U5/><E5/><V22/><F62/><W112/><G112/><T31/><D31/><U73/><N who="1" m="18432" /><DORA hai="85" /><U58/><E58/><AGARI ba="4,1" hai="12,14,16,22,27,38,41,46,49,52,58,124,126,127" machi="58" ten="40,8000,1" yaku="18,1,52,2,54,2" doraHai="8,85" who="2" fromWho="1" sc="30,0,255,-92,360,102,345,0" owari="30,-47.0,163,-24.0,462,56.0,345,15.0" /></mjloggm>