<mjloggm ver="2.3"><GO type="41" lobby="0"/><UN n0="%E5%B0%B1%E6%B4%BB%E7%94%9F%40%E5%B7%9D%E6%9D%91%E8%BB%8D%E5%9B%A3" n1="%E2%80%A0%E6%A1%9C%E8%8F%9C%E3%80%85%E5%AD%90%E2%80%A0" n2="%66%61%62%6C%65" n3="%61%70%68%65%78" dan="15,13,15,14" rate="2017.04,1830.77,1981.80,1923.61" sx="M,F,M,M"/><TAIKYOKU oya="0"/><INIT seed="0,0,0,4,0,64" ten="250,250,250,250" oya="0" hai0="73,48,96,90,1,46,2,8,3,124,88,84,44" hai1="94,41,100,135,61,23,31,98,25,18,33,119,53" hai2="58,49,78,79,27,43,7,37,26,75,36,85,35" hai3="122,105,55,97,89,38,109,22,47,30,134,69,4"/><T57/><D73/><U91/><E119/><V76/><F75/><W42/><G109/><T99/><D124/><U66/><E41/><V93/><F7/><W12/><G134/><T72/><D72/><U19/><E135/><V108/><F108/><W103/><G122/><T50/><D57/><U67/><E19/><V63/><F49/><N who="0" m="19050" /><D84/><U131/><E131/><V68/><F68/><W125/><G125/><T54/><D54/><U60/><E61/><V9/><F9/><W24/><G55/><T16/><D8/><U28/><E28/><V133/><F133/><W5/><G89/><N who="0" m="34411" /><D16/><U104/><E53/><V62/><F85/><W70/><REACH who="3" step="1"/><G5/><REACH who="3" ten="250,250,250,240" step="2"/><T102/><D102/><U80/><E60/><V14/><F62/><W117/><G117/><T106/><D106/><U59/><E59/><V71/><F58/><W123/><G123/><T107/><D107/><U40/><E40/><V29/><F43/><W101/><G101/><T113/><D113/><U32/><E104/><V20/><F63/><W39/><G39/><T87/><D87/><U118/><E118/><V116/><F116/><W112/><G112/><T83/><D83/><U128/><E128/><V132/><F132/><W130/><G130/><T21/><D21/><U120/><E120/><V51/><F37/><W6/><G6/><T92/><D92/><U56/><E56/><V10/><F36/><W81/><G81/><T82/><D82/><U74/><E80/><V114/><F93/><W11/><AGARI ba="0,1" hai="4,11,12,22,24,30,38,42,47,69,70,97,103,105" machi="11" ten="30,7900,0" yaku="1,1,0,1,52,2,53,0" doraHai="64" doraHaiUra="126" who="3" fromWho="3" sc="250,-39,250,-20,250,-20,240,89" /><INIT seed="1,0,0,5,0,53" ten="211,230,230,329" oya="1" hai0="50,116,106,105,128,127,67,132,119,60,78,0,107" hai1="25,73,31,69,66,14,45,8,123,129,21,76,11" hai2="36,1,19,81,122,83,55,126,79,104,72,30,93" hai3="63,58,26,77,109,125,108,131,18,17,22,98,96"/><U87/><E73/><V6/><F126/><W51/><G125/><T4/><D127/><U24/><E123/><V43/><F104/><W95/><G131/><T99/><D128/><U40/><E129/><V13/><F122/><W65/><G77/><T62/><D132/><U89/><E76/><V92/><F30/><N who="3" m="17751" /><G51/><T57/><D78/><U49/><E69/><V112/><F112/><W32/><G32/><T27/><D99/><N who="3" m="37929" /><G95/><T56/><D50/><U2/><E66/><V15/><F1/><W52/><G65/><T97/><D97/><U135/><E2/><V117/><F36/><W110/><AGARI ba="0,0" hai="17,18,52,58,63,108,109,110" m="37929,17751" machi="110" ten="40,5200,0" yaku="14,1,52,1,54,1" doraHai="53" who="3" fromWho="3" sc="211,-13,230,-26,230,-13,329,52" /><INIT seed="2,0,0,2,5,107" ten="198,204,217,381" oya="2" hai0="110,28,134,68,76,52,36,120,69,130,66,80,92" hai1="58,67,117,86,64,124,111,65,113,114,98,20,85" hai2="75,44,60,126,31,30,97,133,46,118,9,4,43" hai3="109,91,104,24,105,14,131,99,25,48,17,13,39"/><V57/><F118/><W3/><G39/><T34/><D120/><U115/><E117/><V93/><F133/><W37/><G37/><T101/><D36/><U103/><E124/><V83/><F126/><W32/><G3/><T77/><D110/><U19/><E111/><V72/><F83/><W88/><G99/><T62/><D134/><U38/><E58/><V106/><F106/><W112/><G17/><T89/><D130/><U23/><E38/><V94/><F97/><W96/><G48/><T73/><D101/><U47/><E47/><V78/><F78/><W95/><G96/><T59/><D76/><U81/><E19/><V1/><F57/><W127/><G127/><T7/><D7/><U41/><E41/><V61/><F9/><W33/><G95/><T123/><D123/><U10/><E10/><V128/><F4/><W70/><G109/><T63/><D28/><U82/><E98/><V132/><F132/><W6/><G6/><T8/><D8/><U49/><E49/><V102/><F102/><W53/><G53/><T55/><D34/><U116/><E103/><V5/><F5/><W129/><G70/><T18/><D18/><U100/><E100/><V21/><F21/><N who="1" m="8265" /><E116/><V125/><F125/><W71/><G71/><T121/><D121/><U35/><E35/><V16/><F128/><W15/><G15/><T11/><D11/><U122/><E122/><V54/><F16/><W50/><G50/><T84/><D69/><U2/><E2/><V79/><F31/><W12/><G12/><T74/><D74/><U108/><E108/><V87/><F30/><RYUUKYOKU ba="0,0" sc="198,10,204,10,217,-30,381,10" hai0="52,55,59,62,63,66,68,73,77,80,84,89,92" hai1="64,65,67,81,82,85,86,113,114,115" hai3="13,14,24,25,32,33,88,91,104,105,112,129,131" /><INIT seed="3,1,0,4,2,55" ten="208,214,187,391" oya="3" hai0="77,97,129,128,0,42,91,50,27,5,60,81,104" hai1="98,93,36,73,66,53,30,18,52,113,8,67,112" hai2="17,39,122,46,101,21,4,47,135,40,78,88,114" hai3="15,31,72,130,134,125,80,26,68,74,118,86,6"/><W1/><G118/><T62/><D5/><U45/><E73/><V109/><F114/><W65/><G125/><T57/><D0/><U59/><E30/><V96/><F122/><W89/><G130/><N who="0" m="50283" /><D27/><U16/><E36/><V61/><F78/><W83/><G134/><T102/><D91/><N who="1" m="55615" /><E112/><V131/><F135/><W116/><G1/><T108/><D108/><U76/><E76/><V20/><F109/><W19/><G116/><T12/><D12/><N who="1" m="7175" /><E18/><V11/><F131/><W33/><G6/><T75/><D42/><U99/><E99/><V22/><F17/><W56/><G68/><T23/><D23/><U124/><E124/><V115/><F115/><W123/><G123/><T71/><D71/><U29/><E29/><V79/><F79/><W82/><G74/><T106/><D106/><U32/><E32/><V127/><F127/><W35/><G72/><T85/><D75/><U24/><E24/><V58/><F47/><W43/><G35/><T90/><D77/><U9/><E9/><V126/><F126/><W14/><G14/><T95/><D104/><U87/><E87/><V49/><F39/><W133/><G133/><T92/><D81/><U28/><E28/><V84/><F96/><W13/><G13/><T100/><D100/><U121/><E121/><V94/><F101/><W34/><G34/><T105/><D105/><U54/><E113/><V132/><F132/><W41/><G82/><T64/><D64/><N who="1" m="24619" /><E45/><V70/><F70/><W48/><G80/><T117/><D117/><U51/><AGARI ba="1,0" hai="51,52,53,54,59" m="24619,7175,55615" machi="51" ten="30,7900,0" yaku="8,1,52,1,54,2" doraHai="55" who="1" fromWho="1" sc="208,-21,214,82,187,-21,391,-40" /><INIT seed="4,0,0,5,0,76" ten="187,296,166,351" oya="0" hai0="104,5,109,19,51,28,99,91,127,7,102,68,85" hai1="24,6,52,130,81,3,57,65,14,0,111,16,75" hai2="92,96,73,100,94,107,72,21,27,20,80,41,55" hai3="40,23,78,95,33,37,58,105,113,124,38,22,4"/><T25/><D109/><U71/><E130/><V63/><F41/><W90/><G124/><T47/><D68/><U125/><E125/><V79/><F73/><W93/><G113/><T103/><D127/><U89/><E71/><V66/><F55/><W121/><G121/><T17/><D102/><U101/><E101/><V69/><REACH who="2" step="1"/><F21/><REACH who="2" ten="187,296,156,351" step="2"/><W43/><G23/><T117/><D117/><U30/><E111/><V83/><F83/><W82/><G22/><T116/><D116/><U87/><E65/><V31/><AGARI ba="0,1" hai="20,27,31,63,66,69,72,79,80,92,94,96,100,107" machi="31" ten="20,5200,0" yaku="1,1,0,1,7,1,52,1,53,0" doraHai="76" doraHaiUra="35" who="2" fromWho="2" sc="187,-26,296,-13,156,62,351,-13" /><INIT seed="5,0,0,5,2,50" ten="161,283,218,338" oya="1" hai0="123,48,38,23,2,127,109,40,115,92,7,128,119" hai1="102,87,12,88,94,29,49,26,36,108,84,73,4" hai2="135,61,39,121,76,96,99,122,32,21,20,126,14" hai3="75,28,43,130,31,1,120,98,70,113,17,77,19"/><U132/><E36/><V30/><F39/><W13/><G120/><T133/><RYUUKYOKU type="yao9" ba="0,0" sc="161,0,283,0,218,0,338,0" hai0="2,7,23,38,40,48,92,109,115,119,123,127,128,133" /><INIT seed="5,1,0,0,5,56" ten="161,283,218,338" oya="1" hai0="19,131,23,41,124,40,120,57,50,52,48,3,94" hai1="60,15,126,129,122,80,27,42,123,12,58,0,64" hai2="93,9,121,75,106,54,61,33,83,65,72,1,63" hai3="14,49,128,102,97,47,21,81,13,53,113,5,10"/><U20/><E0/><V51/><F106/><W66/><G113/><T105/><D105/><U36/><E129/><V127/><F121/><W108/><G108/><T110/><D110/><U99/><E126/><V118/><F118/><W119/><G128/><T29/><D124/><U117/><E117/><V95/><F127/><W34/><G34/><T111/><D111/><U31/><E36/><V78/><F33/><W112/><G112/><T100/><D120/><U16/><E42/><V39/><F39/><W2/><G119/><T71/><D131/><U91/><E15/><V79/><F65/><W87/><G66/><T62/><D3/><U70/><E70/><V8/><F1/><W101/><G21/><T135/><D135/><U38/><E38/><V107/><F107/><W114/><G114/><T22/><D71/><U74/><E74/><V17/><F17/><W45/><G45/><T133/><D133/><U67/><E67/><V92/><F78/><W109/><G109/><T43/><D29/><U28/><E28/><V4/><F75/><W84/><G84/><T26/><REACH who="0" step="1"/><D23/><REACH who="0" ten="151,283,218,338" step="2"/><U88/><E122/><V86/><F72/><W98/><G2/><T132/><D132/><U89/><E123/><V6/><F8/><W37/><G10/><T35/><D35/><U125/><E125/><V24/><F9/><W25/><G102/><T104/><D104/><U44/><E80/><V85/><F83/><W32/><G101/><T134/><D134/><U11/><REACH who="1" step="1"/><E44/><REACH who="1" ten="151,273,218,338" step="2"/><V76/><F93/><W82/><G81/><T18/><D18/><U69/><E69/><V55/><F92/><RYUUKYOKU ba="1,2" sc="151,15,273,15,218,-15,338,-15" hai0="19,22,26,40,41,43,48,50,52,57,62,94,100" hai1="11,12,16,20,27,31,58,60,64,88,89,91,99" /><INIT seed="5,2,2,3,1,54" ten="166,288,203,323" oya="1" hai0="32,7,3,121,110,118,5,36,66,49,42,25,59" hai1="126,129,96,135,2,127,90,23,18,35,79,103,104" hai2="132,75,22,77,47,93,64,38,98,53,122,108,112" hai3="94,92,17,57,46,4,128,41,70,131,9,16,27"/><U34/><E2/><V40/><F108/><W43/><G70/><T6/><D110/><U133/><E79/><V81/><F122/><W48/><G43/><T100/><D3/><U55/><E90/><V65/><F132/><N who="1" m="50761" /><E55/><V67/><F112/><W117/><G57/><T60/><D121/><U102/><E102/><V85/><F75/><W72/><G72/><T106/><D118/><U11/><E11/><V20/><REACH who="2" step="1"/><F53/><REACH who="2" ten="166,288,193,323" step="2"/><W124/><G117/><T1/><D1/><U111/><E111/><V120/><F120/><W37/><G128/><T87/><D36/><U71/><E129/><V91/><AGARI ba="2,3" hai="20,22,38,40,47,64,65,67,77,81,85,91,93,98" machi="91" ten="30,2000,0" yaku="1,1,0,1,53,0" doraHai="54" doraHaiUra="130" who="2" fromWho="2" sc="166,-7,288,-12,193,56,323,-7" /><INIT seed="6,0,0,3,5,77" ten="159,276,249,316" oya="2" hai0="48,18,131,14,10,3,75,6,94,69,8,58,22" hai1="61,26,46,38,97,134,86,81,92,125,21,40,62" hai2="112,43,98,32,16,23,130,42,53,50,29,123,95" hai3="101,133,116,122,39,11,83,111,85,34,20,115,64"/><V84/><F130/><W19/><G116/><T35/><D69/><U33/><E125/><V54/><F112/><W88/><G122/><T7/><D75/><U13/><E13/><V82/><F123/><W108/><G115/><T1/><D131/><U27/><E33/><V31/><F32/><W2/><G133/><T80/><D94/><U113/><E113/><V78/><F29/><W17/><G39/><T25/><D58/><U102/><E134/><V66/><F31/><W44/><G34/><T89/><D48/><U47/><E47/><N who="2" m="27871" /><F54/><W127/><G101/><T132/><D132/><U73/><E27/><N who="2" m="14823" /><F66/><W119/><G127/><T4/><D89/><AGARI ba="0,0" hai="42,43,78,82,84,89,95,98" m="14823,27871" machi="89" ten="30,5800,0" yaku="8,1,52,1,54,1" doraHai="77" who="2" fromWho="0" sc="159,-58,276,0,249,58,316,0" /><INIT seed="6,1,0,4,0,0" ten="101,276,307,316" oya="2" hai0="22,7,5,33,133,19,54,115,83,74,73,107,104" hai1="63,77,39,106,69,99,102,97,18,60,111,116,44" hai2="91,93,36,1,129,9,72,86,50,40,35,132,119" hai3="52,108,23,2,26,82,127,75,25,68,55,100,101"/><V28/><F72/><W96/><G127/><T114/><D33/><U11/><E111/><V105/><F105/><N who="0" m="40522" /><D83/><U134/><E134/><V88/><F36/><W94/><G108/><T65/><D54/><U103/><E116/><V71/><F119/><W12/><G68/><T58/><D58/><U120/><E63/><V64/><F132/><W41/><G2/><T38/><D65/><U53/><E53/><V87/><F28/><W84/><G41/><T32/><D32/><U27/><E99/><V130/><F35/><W43/><G43/><T17/><D22/><U47/><E103/><V31/><F31/><W66/><G101/><T113/><D38/><U85/><E47/><N who="2" m="25959" /><F64/><W124/><G124/><T29/><D29/><U49/><E49/><V30/><F30/><W48/><G75/><N who="0" m="28683" /><D133/><U122/><E18/><AGARI ba="1,0" hai="5,7,17,18,19,113,114,115" m="28683,40522" machi="18" ten="40,8000,1" yaku="28,2,15,1,52,2" doraHai="0" who="0" fromWho="1" sc="101,83,276,-83,307,0,316,0" /><INIT seed="7,0,0,1,3,94" ten="184,193,307,316" oya="3" hai0="127,24,5,11,63,15,135,35,93,58,68,26,56" hai1="98,121,43,41,100,125,37,28,1,103,45,40,61" hai2="55,126,105,79,48,73,36,7,9,119,14,52,39" hai3="106,78,118,57,113,47,72,89,21,3,117,122,32"/><W51/><G122/><T8/><D127/><U120/><E1/><V16/><F126/><W91/><G32/><T102/><D135/><U62/><E28/><V81/><F119/><W114/><G3/><T74/><D74/><U84/><E125/><V59/><F105/><W92/><G106/><T88/><D102/><N who="1" m="38955" /><E84/><V20/><F55/><N who="3" m="30207" /><G57/><N who="0" m="22123" /><D35/><U22/><E45/><V124/><F124/><W96/><G21/><T66/><D68/><U112/><E37/><V34/><F34/><W99/><G99/><N who="0" m="57767" /><D63/><N who="1" m="24075" /><E22/><V109/><F109/><W104/><G104/><T101/><D66/><U42/><N who="1" m="10240" /><DORA hai="131" /><U0/><E0/><AGARI ba="0,0" hai="0,7,9,14,16,20,36,39,48,52,59,73,79,81" machi="0" ten="30,3900,0" yaku="7,1,54,2" doraHai="94,131" who="2" fromWho="1" sc="184,0,193,-39,307,39,316,0" owari="184,-22.0,154,-35.0,346,45.0,316,12.0" /></mjloggm>