<mjloggm ver="2.3"><GO type="41" lobby="0"/><UN n0="%E5%B0%B1%E6%B4%BB%E7%94%9F%40%E5%B7%9D%E6%9D%91%E8%BB%8D%E5%9B%A3" n1="%E4%B8%83%E7%95%AA%E5%A4%A9" n2="%E6%99%82%E9%9B%A8%E6%AB%BB" n3="%E3%83%91%E3%83%A9%E3%82%B9%E3%83%BB%E3%82%A2%E3%83%86%E3%83%8A" dan="15,13,14,14" rate="2039.55,1894.27,1919.63,1934.90" sx="M,M,M,F"/><TAIKYOKU oya="0"/><INIT seed="0,0,0,1,5,84" ten="250,250,250,250" oya="0" hai0="29,80,23,62,58,1,28,13,57,26,100,21,67" hai1="34,68,37,8,14,81,115,96,45,128,108,35,63" hai2="97,116,66,85,72,95,52,24,101,123,82,17,3" hai3="99,117,78,36,133,129,41,60,87,55,5,12,46"/><T110/><D1/><U7/><E108/><V105/><F123/><W90/><G133/><T120/><D120/><U25/><E128/><V18/><F3/><W77/><G129/><T92/><D110/><U106/><E115/><V47/><F66/><W109/><G109/><T50/><D80/><U32/><E37/><V76/><F116/><W27/><G117/><T49/><D58/><U131/><E45/><V40/><F24/><W91/><G27/><T130/><D130/><U56/><E131/><V125/><F125/><W83/><G99/><T61/><D61/><U121/><E121/><V11/><F11/><W54/><G78/><T75/><D75/><U86/><E68/><V126/><F126/><W93/><G60/><T73/><D73/><U30/><E96/><V122/><F122/><W15/><G15/><T9/><D23/><U64/><E106/><V65/><F65/><W74/><G74/><T70/><D29/><U111/><REACH who="1" step="1"/><E111/><REACH who="1" ten="250,240,250,250" step="2"/><V118/><F118/><W114/><G114/><T53/><D70/><U38/><E38/><V31/><F105/><W102/><G36/><T19/><D53/><U71/><E71/><V79/><F52/><N who="3" m="20011" /><G46/><T89/><REACH who="0" step="1"/><D100/><REACH who="0" ten="240,240,250,250" step="2"/><U33/><E33/><V39/><F101/><W2/><G2/><T6/><D6/><U94/><E94/><V16/><F95/><W98/><G41/><T51/><D51/><U135/><E135/><V10/><F82/><W43/><G43/><T22/><D22/><U44/><E44/><V42/><F40/><W113/><G113/><T132/><D132/><U69/><E69/><V127/><F42/><RYUUKYOKU ba="0,2" sc="240,10,240,10,250,-30,250,10" hai0="9,13,19,21,26,28,49,50,57,62,67,89,92" hai1="7,8,14,25,30,32,34,35,56,63,64,81,86" hai3="5,12,77,83,87,90,91,93,98,102" /><INIT seed="0,1,2,1,1,112" ten="250,250,220,260" oya="0" hai0="105,4,69,115,11,47,100,15,50,122,38,87,121" hai1="64,63,25,3,33,0,129,92,77,24,53,13,123" hai2="102,67,35,59,128,26,10,113,131,49,6,120,125" hai3="99,55,88,134,45,31,32,95,132,17,74,43,54"/><T93/><D38/><U60/><E129/><N who="2" m="49739" /><F113/><W85/><G74/><T9/><D115/><U58/><E123/><V80/><F120/><W42/><G31/><T86/><D69/><U94/><E33/><V16/><F102/><W12/><G32/><T27/><D105/><U19/><E3/><N who="2" m="351" /><F125/><W124/><G124/><T44/><D44/><U56/><E0/><V130/><F80/><W97/><G43/><T14/><D27/><U20/><E77/><V22/><N who="2" m="49747" /><V110/><DORA hai="71" /><F110/><W37/><G99/><N who="0" m="59503" /><D122/><U82/><E82/><V52/><F67/><W18/><G97/><T40/><D121/><U5/><E5/><AGARI ba="1,2" hai="4,5,9,11,14,15,40,47,50,86,87" m="59503" machi="5" ten="30,1500,0" yaku="8,1" doraHai="112,71" who="0" fromWho="1" sc="250,38,250,-18,220,0,260,0" /><INIT seed="0,2,0,2,5,104" ten="288,232,220,260" oya="0" hai0="66,108,77,128,71,63,126,52,20,31,127,21,58" hai1="35,14,132,106,87,44,11,80,48,29,64,115,43" hai2="53,125,131,45,103,105,113,6,78,122,116,85,16" hai3="38,118,62,59,82,88,22,42,69,114,55,23,135"/><T70/><D128/><U99/><E132/><V50/><F113/><W133/><G118/><T107/><D107/><U30/><E115/><V33/><F122/><W111/><G114/><T10/><D108/><U60/><E35/><V7/><F33/><W13/><G69/><T26/><D77/><U24/><E99/><V51/><F131/><W123/><G111/><T65/><D20/><U101/><E106/><V94/><F125/><N who="0" m="47626" /><D10/><U19/><E101/><V39/><F39/><W68/><G123/><T67/><AGARI ba="2,0" hai="21,26,31,52,58,63,65,66,67,70,71" m="47626" machi="67" ten="30,3000,0" yaku="18,1,54,1" doraHai="104" who="0" fromWho="0" sc="288,36,232,-12,220,-12,260,-12" /><INIT seed="0,3,0,2,1,76" ten="324,220,208,248" oya="0" hai0="19,74,88,65,71,59,124,52,80,83,54,40,82" hai1="107,119,32,66,108,14,77,134,9,36,113,35,90" hai2="106,28,6,47,89,98,50,33,38,121,78,7,132" hai3="100,42,125,45,4,18,39,135,2,13,37,120,60"/><T3/><D3/><U15/><E119/><V8/><F38/><W130/><G120/><T11/><D71/><U118/><E113/><V57/><F121/><W21/><G100/><T27/><D40/><U53/><E118/><V122/><F122/><W61/><G39/><T17/><D74/><U93/><E108/><V68/><F68/><W94/><G135/><T117/><D117/><U49/><E107/><V12/><F78/><W96/><G125/><T64/><D124/><U22/><E36/><V128/><F128/><W73/><G130/><T123/><D123/><U24/><E66/><N who="0" m="25705" /><D27/><U131/><E134/><V0/><F132/><W101/><REACH who="3" step="1"/><G73/><REACH who="3" ten="324,220,208,238" step="2"/><T67/><D11/><AGARI ba="3,1" hai="2,4,11,13,18,21,37,42,45,60,61,94,96,101" machi="11" ten="40,2600,0" yaku="1,1,2,1,53,0" doraHai="76" doraHaiUra="81" who="3" fromWho="0" sc="324,-35,220,0,208,0,238,45" /><INIT seed="1,0,0,0,2,12" ten="289,220,208,283" oya="1" hai0="117,17,114,104,97,37,48,63,92,125,77,34,81" hai1="109,135,94,0,134,129,6,88,24,19,44,10,108" hai2="69,5,61,70,98,53,127,112,25,2,68,39,130" hai3="47,113,57,8,82,46,55,95,123,31,27,43,119"/><U111/><E44/><V126/><F39/><W52/><G123/><T30/><D37/><U101/><E101/><V106/><F130/><W133/><G119/><T9/><D104/><U65/><E65/><V14/><F2/><W62/><G113/><T83/><D114/><U50/><E50/><V128/><F128/><W7/><G133/><N who="1" m="50698" /><E129/><V28/><F112/><W38/><G95/><T86/><D63/><U42/><E42/><V124/><F53/><W99/><G99/><T118/><D48/><U33/><E19/><V64/><F5/><W20/><G47/><T16/><D81/><U89/><E94/><V41/><F41/><W90/><G55/><T73/><D73/><U67/><E67/><V80/><F14/><W75/><G75/><T54/><D54/><U18/><E18/><V71/><F80/><W26/><G26/><T35/><D30/><AGARI ba="0,0" hai="0,6,10,24,30,33,88,89,108,109,111" m="50698" machi="30" ten="40,12000,1" yaku="14,1,10,1,20,1,54,1" doraHai="12" who="1" fromWho="0" sc="289,-120,220,120,208,0,283,0" /><INIT seed="1,1,0,5,3,77" ten="169,340,208,283" oya="1" hai0="79,96,121,27,120,135,80,37,117,57,60,3,20" hai1="98,88,7,50,49,13,110,75,100,47,86,31,15" hai2="16,58,67,68,33,85,61,90,62,93,102,70,97" hai3="122,55,14,35,83,32,73,65,89,1,81,8,128"/><U101/><E75/><V113/><F33/><W9/><G122/><N who="0" m="47211" /><D37/><U109/><E31/><V19/><F113/><W38/><G65/><N who="0" m="39055" /><D3/><U106/><E100/><V10/><F10/><W118/><G118/><T99/><D117/><U24/><E7/><V116/><F116/><W29/><G38/><T94/><D94/><N who="1" m="54551" /><E24/><V125/><F125/><W28/><G73/><N who="0" m="43119" /><D135/><U53/><E50/><V39/><F39/><W132/><G132/><T54/><D54/><U11/><E11/><V69/><REACH who="2" step="1"/><F61/><REACH who="2" ten="169,340,198,283" step="2"/><W5/><G9/><T82/><D82/><AGARI ba="1,1" hai="16,19,58,62,67,68,69,70,82,85,90,93,97,102" machi="82" ten="40,8000,1" yaku="1,1,2,1,52,1,54,1,53,1" doraHai="77" doraHaiUra="84" who="2" fromWho="0" sc="169,-83,340,0,198,93,283,0" /><INIT seed="2,0,0,4,4,51" ten="86,340,291,283" oya="2" hai0="128,17,96,102,13,15,56,10,46,80,118,135,125" hai1="120,85,7,8,104,28,14,5,113,123,115,34,40" hai2="109,4,57,9,23,50,52,37,114,117,78,69,27" hai3="65,11,110,48,3,59,86,21,68,107,16,91,106"/><V92/><F117/><W26/><G110/><T121/><D118/><U2/><E40/><V90/><F114/><W126/><G126/><T1/><D1/><U64/><E104/><V82/><F37/><W44/><G68/><T53/><D125/><U22/><E64/><V30/><F69/><W124/><G124/><T18/><D121/><N who="1" m="46667" /><E85/><N who="2" m="48343" /><F109/><W60/><G3/><T77/><D135/><U119/><E7/><V33/><F33/><W98/><G11/><T43/><D128/><U97/><E97/><N who="2" m="57495" /><F9/><W95/><G86/><T62/><D96/><U71/><E71/><V134/><F134/><W42/><AGARI ba="0,0" hai="16,21,26,42,44,48,59,60,65,91,95,98,106,107" machi="42" ten="20,2700,0" yaku="0,1,7,1,54,1" doraHai="51" who="3" fromWho="3" sc="86,-7,340,-7,291,-13,283,27" /><INIT seed="3,0,0,1,3,7" ten="79,333,278,310" oya="3" hai0="44,35,42,11,23,126,33,4,22,107,108,128,78" hai1="74,135,36,118,77,127,105,111,90,5,21,68,53" hai2="103,99,81,123,41,73,39,82,98,62,61,40,65" hai3="70,130,110,129,60,101,95,84,58,89,75,113,19"/><W80/><G70/><T32/><D107/><U1/><RYUUKYOKU type="yao9" ba="0,0" sc="79,0,333,0,278,0,310,0" hai1="1,5,21,36,53,68,74,77,90,105,111,118,127,135" /><INIT seed="3,1,0,3,2,50" ten="79,333,278,310" oya="3" hai0="87,127,98,130,67,60,100,99,25,66,75,30,116" hai1="26,8,48,69,109,128,125,131,35,103,113,77,27" hai2="43,44,40,80,64,81,16,0,135,36,82,2,129" hai3="37,33,94,123,84,68,115,121,95,14,20,105,59"/><W117/><G37/><T120/><D116/><U62/><E113/><V13/><F135/><W53/><G68/><T4/><D130/><N who="1" m="49707" /><E109/><V1/><F129/><W41/><G33/><T45/><D127/><U122/><E35/><V78/><F64/><W90/><G105/><T88/><D120/><U18/><E122/><V73/><REACH who="2" step="1"/><F43/><REACH who="2" ten="79,333,268,310" step="2"/><W124/><G41/><T3/><D3/><U15/><E125/><V126/><F126/><W51/><G124/><T74/><D4/><U34/><E34/><V92/><F92/><W134/><G134/><T85/><D45/><U54/><E103/><V55/><F55/><W5/><G117/><T9/><D9/><AGARI ba="1,1" hai="0,1,2,9,13,16,36,40,44,73,78,80,81,82" machi="9" ten="40,2600,0" yaku="1,1,54,1,53,0" doraHai="50" doraHaiUra="101" who="2" fromWho="0" sc="79,-29,333,0,268,39,310,0" /><INIT seed="4,0,0,1,0,6" ten="50,333,307,310" oya="0" hai0="126,134,43,48,98,95,132,55,68,125,4,104,85" hai1="21,46,78,131,28,32,36,79,93,129,66,112,133" hai2="128,30,24,67,0,42,60,40,96,124,74,115,59" hai3="88,35,130,14,5,70,99,75,11,44,90,80,71"/><T110/><D68/><U33/><E36/><V117/><F115/><W50/><G35/><T56/><D104/><U92/><E112/><V19/><F74/><W62/><G130/><N who="1" m="49674" /><E66/><V65/><F128/><W73/><G73/><T16/><D4/><U63/><E133/><N who="0" m="51305" /><D110/><U87/><E63/><V116/><F19/><W27/><G27/><T25/><D43/><U121/><E121/><V76/><F76/><N who="1" m="29225" /><E87/><V118/><F0/><W23/><G75/><T31/><D85/><U111/><E111/><V45/><F67/><W51/><G71/><T22/><D31/><U77/><N who="1" m="29233" /><U47/><DORA hai="103" /><E21/><V41/><F96/><W108/><G108/><T3/><D3/><U9/><E9/><V69/><F69/><W61/><G70/><T102/><AGARI ba="0,0" hai="16,22,25,48,55,56,95,98,102,125,126" m="51305" machi="102" ten="30,3000,0" yaku="20,1,54,1" doraHai="6,103" who="0" fromWho="0" sc="50,30,333,-10,307,-10,310,-10" /><INIT seed="4,1,0,2,1,85" ten="80,323,297,300" oya="0" hai0="121,87,35,105,32,2,43,78,71,101,113,73,22" hai1="68,51,126,20,3,86,93,17,31,60,9,24,13" hai2="132,1,77,94,21,39,109,57,54,70,23,6,67" hai3="74,18,95,124,66,37,112,75,65,91,59,12,53"/><T52/><D121/><U8/><E126/><V0/><F39/><W15/><G37/><T111/><D73/><U104/><E104/><V128/><F109/><W16/><G112/><T92/><D71/><U47/><E68/><V42/><F42/><W55/><G124/><T96/><D2/><U117/><E60/><V64/><F132/><W25/><G25/><T49/><D111/><U33/><E117/><V118/><F118/><W50/><G75/><T115/><D43/><U28/><E3/><V135/><F135/><W30/><G30/><T41/><D41/><U63/><E63/><V125/><F125/><W26/><G26/><T108/><D108/><U76/><E31/><V133/><F133/><W58/><G74/><T134/><D134/><U106/><E106/><V27/><F70/><W99/><G15/><T103/><D22/><U110/><E110/><V29/><F21/><N who="3" m="11399" /><G18/><T127/><D127/><U82/><E93/><V36/><F36/><W72/><G72/><T83/><D103/><U80/><E82/><V79/><F94/><W81/><G81/><T90/><D105/><U61/><E61/><AGARI ba="1,0" hai="50,53,55,58,59,61,65,66,91,95,99" m="11399" machi="61" ten="30,3900,0" yaku="8,1,52,1,54,1" doraHai="85" who="3" fromWho="1" sc="80,0,323,-42,297,0,300,42" /><INIT seed="5,0,0,2,5,13" ten="80,281,297,342" oya="1" hai0="87,16,92,99,79,10,100,33,74,82,81,93,96" hai1="124,135,65,18,52,23,32,53,91,85,1,118,27" hai2="94,98,14,80,63,35,37,78,5,126,122,103,71" hai3="77,70,43,75,38,111,48,110,117,15,17,47,54"/><U29/><E118/><V123/><F37/><W105/><G105/><T3/><D33/><U50/><E135/><V42/><F42/><W9/><G117/><T108/><D108/><U88/><E124/><V0/><F0/><W30/><G30/><T69/><D69/><U49/><E1/><V62/><F35/><W6/><G70/><T2/><D81/><U26/><E65/><V131/><F126/><W128/><G128/><T86/><D86/><U7/><E7/><V11/><F131/><W8/><G77/><T25/><D74/><U61/><E61/><V68/><F68/><W24/><G75/><T39/><D39/><U89/><E53/><V12/><F12/><W119/><G24/><T44/><D44/><U67/><E50/><V51/><F51/><W22/><G119/><T130/><D130/><U66/><REACH who="1" step="1"/><E85/><REACH who="1" ten="80,271,297,342" step="2"/><V59/><F5/><N who="3" m="3471" /><G111/><T125/><D125/><U58/><AGARI ba="0,1" hai="18,23,26,27,29,32,49,52,58,66,67,88,89,91" machi="58" ten="30,12000,1" yaku="1,1,0,1,52,1,54,2,53,0" doraHai="13" doraHaiUra="90" who="1" fromWho="1" sc="80,-40,271,130,297,-40,342,-40" /><INIT seed="5,1,0,4,1,100" ten="40,401,257,302" oya="1" hai0="124,12,132,85,79,93,78,47,119,113,88,135,76" hai1="122,80,38,109,5,64,70,55,74,10,115,37,81" hai2="59,45,15,128,13,108,7,104,2,14,26,116,112" hai3="94,16,68,58,87,95,40,90,0,51,118,56,21"/><U50/><E122/><V121/><F116/><W25/><G68/><T72/><D47/><U1/><E109/><V91/><F108/><W33/><G0/><T62/><D12/><U66/><E115/><V63/><F104/><W129/><G33/><T18/><D62/><U125/><E125/><V102/><F121/><W23/><G129/><T107/><D18/><U22/><E38/><V27/><F128/><W29/><G118/><T89/><D113/><U96/><E70/><V84/><F112/><W48/><G95/><N who="0" m="54671" /><D119/><U134/><E134/><N who="0" m="51241" /><D124/><U43/><E81/><V39/><F102/><W120/><G120/><T98/><D107/><U34/><E96/><V123/><F123/><W117/><G117/><T41/><D41/><U133/><E133/><V30/><F2/><W36/><G36/><T19/><D19/><U92/><E34/><V130/><F130/><W71/><G71/><T105/><D105/><U31/><E22/><N who="2" m="15703" /><F39/><W77/><G77/><T54/><D54/><U69/><E31/><V44/><F27/><W101/><G101/><T111/><D111/><U75/><E69/><V97/><F7/><W110/><G110/><T114/><D114/><U49/><E37/><V127/><F127/><W11/><G11/><T99/><D99/><U126/><E10/><V6/><F6/><W103/><G103/><T131/><D131/><U46/><E5/><V32/><F32/><W86/><G86/><T3/><D3/><U17/><E1/><V24/><F24/><N who="3" m="14375" /><G40/><T57/><D57/><AGARI ba="1,0" hai="23,25,29,48,51,56,57,58,87,90,94" m="14375" machi="57" ten="30,2000,0" yaku="8,1,54,1" doraHai="100" who="3" fromWho="0" sc="40,-23,401,0,257,0,302,23" /><INIT seed="6,0,0,2,3,76" ten="17,401,257,325" oya="2" hai0="82,17,132,38,35,99,62,107,119,128,67,10,111" hai1="52,56,22,7,109,26,72,112,113,79,59,114,66" hai2="57,68,32,1,28,12,6,60,40,25,54,46,4" hai3="96,19,9,125,48,15,122,33,118,58,131,5,123"/><V133/><F133/><W94/><G118/><T11/><D38/><U8/><E109/><V110/><F110/><W50/><G33/><T83/><D119/><U77/><E66/><V27/><F27/><W64/><G131/><T86/><D111/><U31/><E59/><V98/><F68/><W87/><G125/><T44/><D128/><U97/><E97/><V39/><F1/><W134/><G134/><T29/><D132/><U100/><E100/><V84/><F98/><W85/><G123/><T20/><D44/><U81/><E77/><V51/><F12/><W126/><G126/><T127/><D127/><U21/><E8/><V37/><F37/><W18/><G64/><T49/><D49/><N who="3" m="19049" /><G58/><T0/><D86/><N who="3" m="32777" /><G122/><T93/><D93/><U34/><E7/><V91/><REACH who="2" step="1"/><F39/><REACH who="2" ten="17,401,247,325" step="2"/><W121/><G121/><T24/><D0/><U69/><E69/><V103/><F103/><AGARI ba="0,1" hai="5,9,15,18,19,94,96,103" m="32777,19049" machi="103" ten="30,1000,0" yaku="8,1" doraHai="76" who="3" fromWho="2" sc="17,0,401,0,247,-10,325,20" /><INIT seed="7,0,0,4,3,57" ten="17,401,237,345" oya="3" hai0="93,18,73,88,71,63,32,59,16,77,67,135,89" hai1="118,98,122,121,7,30,114,40,58,68,107,11,45" hai2="92,76,14,126,101,117,15,33,1,46,129,23,123" hai3="120,9,69,21,91,0,115,95,83,22,41,28,106"/><W100/><G120/><T64/><D32/><U39/><E58/><V61/><F117/><W6/><G115/><T2/><D2/><N who="1" m="503" /><E114/><V110/><F33/><W128/><G128/><T133/><D73/><U47/><E47/><V66/><F110/><W109/><G109/><T53/><D77/><U52/><E52/><V85/><F123/><N who="1" m="47113" /><E30/><V5/><F129/><W31/><G69/><T80/><D80/><U56/><E56/><V74/><F126/><W8/><G41/><T62/><D59/><U27/><E27/><V112/><F112/><W134/><G134/><T34/><D34/><U102/><E118/><V119/><F119/><W10/><G106/><T104/><D53/><U24/><E24/><V60/><F1/><W99/><G0/><T55/><D55/><U51/><E51/><V29/><F74/><W44/><G6/><T87/><D87/><U26/><E26/><V50/><F5/><W131/><G131/><T84/><D84/><U124/><E124/><V72/><F72/><W19/><G44/><T90/><D93/><U4/><E4/><V75/><F75/><W97/><G97/><T132/><D104/><U38/><E38/><V116/><F116/><W13/><G22/><T17/><D71/><AGARI ba="0,0" hai="39,40,45,68,71,98,102,107" m="47113,503" machi="71" ten="30,1000,0" yaku="23,1" doraHai="57" who="1" fromWho="0" sc="17,-10,401,10,237,0,345,0" owari="7,-49.0,411,50.0,237,-16.0,345,15.0" /></mjloggm>