<mjloggm ver="2.3"><GO type="169" lobby="0"/><UN n0="%E3%83%88%E3%82%B7%E3%83%95%E3%83%BC%E3%83%8B" n1="%75%6E%63%68%6F%76%76%76" n2="%E3%82%A6%E3%83%AB%E3%83%88%E3%83%A9%E7%AB%8B%E7%9B%B4" n3="%E3%81%8A%E7%9F%A5%E3%82%89%E3%81%9B" dan="16,16,17,17" rate="2134.54,2086.65,2132.62,2183.78" sx="M,M,M,M"/><TAIKYOKU oya="0"/><INIT seed="0,0,0,5,5,4" ten="250,250,250,250" oya="0" hai0="76,42,40,128,0,33,53,91,98,57,52,127,113" hai1="17,115,45,121,133,102,47,50,95,27,101,11,31" hai2="13,131,22,114,110,3,120,73,19,100,108,37,103" hai3="5,84,55,9,118,80,41,28,74,125,29,135,119"/><T35/><D113/><U63/><E121/><V71/><F71/><W34/><G74/><T54/><D76/><U16/><E115/><V2/><F37/><W112/><G41/><T24/><D127/><U87/><E63/><V64/><F114/><W51/><G112/><T49/><D128/><U72/><E72/><V21/><F64/><W83/><G125/><T82/><D0/><U79/><E133/><V70/><F70/><W43/><G43/><N who="0" m="16427" /><D33/><U61/><E61/><V62/><F73/><W38/><G38/><T66/><D35/><U7/><E50/><V132/><F62/><W59/><G135/><T67/><D24/><U12/><E31/><V75/><F75/><W20/><G34/><T39/><D39/><U69/><E69/><V123/><F132/><W94/><G29/><T106/><D106/><U124/><E124/><V130/><F13/><W77/><G28/><T117/><D117/><U46/><E27/><V23/><F22/><W96/><G20/><T14/><D14/><U18/><E79/><V105/><F19/><W85/><G118/><T111/><D111/><U92/><REACH who="1" step="1"/><E87/><REACH who="1" ten="250,240,250,250" step="2"/><V60/><F60/><W65/><G84/><N who="0" m="50583" /><D98/><U58/><E58/><V99/><F99/><W134/><G134/><T26/><D26/><U15/><E15/><V25/><F25/><W6/><G119/><T48/><D57/><U129/><E129/><V97/><F97/><W8/><G96/><T116/><D116/><U90/><E90/><V10/><F105/><W86/><G59/><T56/><D56/><U78/><E78/><V68/><F68/><W122/><G77/><RYUUKYOKU ba="0,1" sc="250,10,240,10,250,10,250,-30" hai0="48,49,52,53,54,66,67" hai1="7,11,12,16,17,18,45,46,47,92,95,101,102" hai2="2,3,10,21,23,100,103,108,110,120,123,130,131" /><INIT seed="0,1,1,5,5,38" ten="260,250,260,220" oya="0" hai0="31,10,46,111,19,80,89,63,118,75,91,129,45" hai1="12,95,116,52,92,26,8,109,123,55,107,41,126" hai2="56,128,131,115,96,5,134,67,101,24,135,110,78" hai3="122,29,36,103,106,54,53,104,40,84,39,18,98"/><T51/><D118/><U28/><E107/><V71/><F115/><W50/><G122/><T124/><D124/><U66/><E116/><V35/><F110/><W16/><G104/><T64/><D111/><U25/><E123/><V74/><F56/><W76/><G29/><T13/><D129/><N who="2" m="49738" /><F5/><W44/><G39/><T130/><D130/><U33/><E109/><V30/><F78/><W81/><REACH who="3" step="1"/><G54/><REACH who="3" ten="260,250,260,210" step="2"/><T72/><D31/><U42/><E126/><V65/><F74/><W99/><G99/><T79/><D75/><U21/><E66/><N who="2" m="25099" /><F71/><W62/><G62/><T14/><D63/><U59/><E55/><V90/><F90/><W2/><G2/><T100/><D64/><U83/><E33/><V125/><F125/><W3/><G3/><T17/><D100/><U132/><E132/><V112/><F112/><W20/><G20/><T133/><D133/><U94/><E26/><V85/><F85/><W6/><G6/><T15/><D10/><U4/><E83/><V97/><F97/><W49/><G49/><AGARI ba="1,2" hai="4,8,12,21,25,28,41,42,49,52,59,92,94,95" machi="49" ten="40,8000,1" yaku="8,1,52,2,54,1" doraHai="38" who="1" fromWho="3" sc="260,0,250,103,260,0,210,-83" /><INIT seed="1,0,0,5,0,135" ten="260,353,260,127" oya="1" hai0="129,100,131,21,49,43,123,106,81,69,103,52,114" hai1="14,99,98,113,42,41,121,11,63,25,50,22,104" hai2="54,86,13,124,16,37,3,89,118,110,40,12,26" hai3="134,72,79,45,2,94,66,71,112,119,125,62,68"/><U117/><E121/><V97/><F3/><W56/><G2/><T126/><D114/><U74/><E74/><V91/><F118/><W35/><G35/><T111/><D123/><U46/><E117/><V34/><F40/><W65/><G79/><T38/><D111/><U77/><E77/><V73/><F37/><W44/><G72/><T78/><D69/><N who="3" m="26697" /><G94/><T107/><D43/><U31/><E63/><V39/><F39/><W109/><G119/><T93/><D38/><U105/><E42/><V48/><F73/><W96/><G96/><N who="0" m="59407" /><D103/><U70/><E70/><V120/><F120/><W108/><G112/><T1/><D1/><U92/><E113/><V85/><F97/><W47/><G134/><T10/><D10/><U116/><E116/><V20/><F34/><W53/><G125/><T19/><D81/><U59/><E59/><N who="2" m="33223" /><F124/><W132/><G132/><T84/><D84/><N who="2" m="32362" /><F110/><AGARI ba="0,0" hai="44,45,47,53,56,62,65,66,108,109,110" m="26697" machi="110" ten="40,5200,0" yaku="14,1,34,2" doraHai="135" who="3" fromWho="2" sc="260,0,353,0,260,-52,127,52" /><INIT seed="2,0,0,2,5,61" ten="260,353,208,179" oya="2" hai0="70,40,123,79,49,24,119,107,64,59,23,134,125" hai1="97,10,77,15,80,6,104,25,133,86,37,124,9" hai2="22,103,122,27,83,101,19,72,20,69,117,30,63" hai3="73,16,39,55,67,28,7,21,50,81,76,132,115"/><V88/><F122/><W108/><G39/><T44/><D123/><U98/><E37/><V41/><F117/><W2/><G108/><T128/><D119/><U3/><E133/><V57/><F41/><W5/><G28/><T42/><D107/><U121/><E121/><V91/><F69/><W54/><G132/><T87/><D70/><U4/><E104/><V62/><F62/><W65/><G115/><T135/><D128/><U105/><E105/><V85/><F91/><W96/><G2/><T106/><D106/><U56/><E124/><V8/><F8/><W66/><G96/><T126/><D42/><U102/><E102/><V71/><F72/><W32/><G32/><T34/><D34/><U112/><E112/><V92/><F83/><W35/><G35/><T131/><D131/><U93/><E93/><V110/><F71/><W84/><G73/><T26/><D134/><U100/><E100/><V60/><F60/><W47/><G55/><T52/><D135/><U14/><E3/><V74/><F74/><W75/><G75/><T36/><D64/><U12/><E12/><AGARI ba="0,0" hai="5,7,12,16,21,47,50,54,65,66,67,76,81,84" machi="12" ten="40,8000,1" yaku="8,1,52,3,54,1" doraHai="61" who="3" fromWho="1" sc="260,0,353,-80,208,0,179,80" /><INIT seed="3,0,0,5,1,55" ten="260,273,208,259" oya="3" hai0="51,68,102,80,34,33,103,107,60,91,58,23,50" hai1="111,54,85,96,113,5,20,30,82,71,94,27,120" hai2="99,19,122,121,70,11,76,72,98,108,24,84,101" hai3="67,6,57,65,32,100,59,2,13,15,4,86,134"/><W129/><G32/><T118/><D118/><U9/><E71/><V126/><F70/><W1/><G100/><N who="0" m="38443" /><D68/><U88/><E120/><N who="2" m="46187" /><F72/><W117/><G129/><T109/><D33/><U0/><E113/><V21/><F108/><W18/><G134/><T62/><D34/><U38/><E111/><V132/><F132/><W26/><G26/><T114/><D62/><U14/><E38/><V125/><F11/><W110/><G110/><T39/><D39/><U106/><E106/><N who="2" m="63799" /><F99/><W28/><G28/><T52/><D114/><U46/><E0/><V22/><F22/><W131/><G18/><T66/><D107/><U43/><E43/><V53/><F53/><W44/><G44/><T130/><D130/><U78/><E54/><V8/><F8/><W83/><G131/><T48/><D109/><U69/><E69/><V89/><F76/><W75/><G75/><T95/><D23/><U63/><E63/><V93/><AGARI ba="0,0" hai="19,21,24,84,89,93,125,126" m="63799,46187" machi="93" ten="30,1100,0" yaku="13,1" doraHai="55" who="2" fromWho="2" sc="260,-3,273,-3,208,11,259,-5" /><INIT seed="4,0,0,5,0,109" ten="257,270,219,254" oya="0" hai0="41,13,52,69,76,93,113,133,105,45,74,61,7" hai1="14,62,132,125,44,82,37,89,27,66,12,32,72" hai2="115,53,6,111,8,20,80,35,78,119,127,79,2" hai3="57,17,90,47,100,4,15,55,84,25,73,112,101"/><T95/><D105/><U58/><E132/><V5/><F35/><W70/><G70/><T39/><D133/><U123/><E123/><V71/><F71/><W33/><G73/><T1/><D13/><U121/><E121/><V87/><F111/><W134/><G112/><T54/><D113/><U128/><E128/><V122/><F122/><W120/><G120/><T129/><D129/><U22/><E32/><V51/><F127/><W114/><G114/><T30/><D30/><U9/><E9/><V83/><F119/><W135/><G4/><T96/><D69/><U43/><E125/><V48/><F115/><W23/><G47/><T60/><D60/><U38/><E38/><V68/><F68/><W24/><G134/><T46/><D61/><U16/><REACH who="1" step="1"/><E89/><REACH who="1" ten="257,260,219,254" step="2"/><V19/><F8/><W99/><G33/><T49/><D54/><U81/><E81/><V36/><F36/><W42/><G55/><T59/><D46/><U0/><E0/><V91/><F2/><W131/><G90/><T104/><D1/><U108/><E108/><V110/><F110/><W67/><G135/><T11/><D11/><U21/><E21/><V75/><F91/><W18/><G23/><T86/><D39/><U50/><E50/><V102/><F51/><W130/><G130/><T103/><D45/><U31/><E31/><V106/><F48/><W107/><G131/><T26/><D49/><U118/><E118/><V28/><F28/><W40/><G40/><T77/><D41/><U64/><E64/><V92/><F53/><W34/><G42/><T97/><D52/><U10/><E10/><RYUUKYOKU ba="0,1" sc="257,-10,260,30,219,-10,254,-10" hai1="12,14,16,22,27,37,43,44,58,62,66,72,82" /><INIT seed="5,1,1,4,3,53" ten="247,290,209,244" oya="1" hai0="27,44,22,108,50,10,78,20,77,85,26,81,6" hai1="38,127,63,102,73,122,89,52,54,29,35,91,5" hai2="103,86,58,40,99,113,14,60,69,106,92,123,39" hai3="104,133,15,126,8,87,43,70,94,12,13,82,41"/><U117/><E73/><V98/><F123/><W116/><G104/><T48/><D108/><U109/><E38/><V134/><F69/><W121/><G70/><T19/><D78/><U17/><E122/><V74/><F74/><W46/><G121/><T107/><D107/><U49/><E5/><V45/><F134/><W33/><G33/><T4/><D10/><U36/><E36/><V67/><F113/><W56/><G126/><T37/><D37/><U90/><E117/><V57/><F14/><N who="3" m="5739" /><G46/><T100/><D100/><U55/><E109/><V59/><F86/><W101/><G133/><T32/><D32/><U16/><E63/><V64/><F64/><W0/><G0/><T84/><D84/><U111/><E111/><V129/><F129/><W68/><G68/><T51/><REACH who="0" step="1"/><D44/><REACH who="0" ten="237,290,209,244" step="2"/><U23/><E102/><AGARI ba="1,2" hai="39,40,45,57,58,59,60,67,92,98,99,102,103,106" machi="102" ten="30,7700,0" yaku="7,1,52,3" doraHai="53" who="2" fromWho="1" sc="237,0,290,-80,209,100,244,0" /><INIT seed="6,0,0,0,1,30" ten="237,210,309,244" oya="2" hai0="68,16,39,90,105,119,29,5,81,32,130,57,133" hai1="131,44,25,99,115,112,86,20,78,77,128,126,67" hai2="121,47,18,4,84,13,45,88,66,36,6,96,74" hai3="9,54,2,95,75,100,129,21,120,19,116,92,22"/><V103/><F74/><W127/><G75/><T79/><D68/><U55/><E67/><V91/><F66/><W111/><G100/><T124/><D105/><U0/><E0/><V61/><F61/><W11/><G54/><T98/><D39/><U122/><E122/><V62/><F62/><W132/><G19/><T33/><D5/><U40/><E126/><V125/><F125/><W71/><G127/><T97/><D124/><U117/><E117/><V58/><F58/><W114/><G71/><T135/><D29/><U94/><E55/><V70/><F70/><W43/><G43/><T82/><D119/><U3/><E3/><V46/><F36/><W7/><G2/><T80/><D79/><U63/><E63/><V42/><F42/><W34/><G7/><T23/><D57/><U87/><E77/><V31/><F31/><W56/><G56/><T24/><D130/><N who="1" m="49707" /><E78/><V113/><F113/><N who="1" m="43593" /><E40/><V134/><F121/><W73/><G114/><T53/><D53/><U89/><E44/><V85/><F46/><W35/><G129/><T106/><D106/><U104/><E104/><N who="2" m="63591" /><F47/><W48/><G116/><T17/><D17/><AGARI ba="0,0" hai="17,20,25,86,87,89,94,99" m="43593,49707" machi="17" ten="30,2000,0" yaku="19,1,15,1" doraHai="30" who="1" fromWho="0" sc="237,-20,210,20,309,0,244,0" /><INIT seed="7,0,0,0,3,6" ten="217,230,309,244" oya="3" hai0="19,106,122,37,68,94,100,71,72,16,40,42,5" hai1="58,44,97,125,134,14,69,66,79,26,1,85,22" hai2="34,78,90,76,126,119,87,102,114,93,60,38,21" hai3="39,15,75,52,67,129,113,55,63,105,32,57,53"/><W95/><G105/><T45/><D106/><U131/><E1/><V130/><F34/><W88/><G75/><T64/><D122/><U103/><E69/><V0/><F0/><W70/><G32/><T84/><D72/><U10/><E125/><V115/><F38/><W3/><G3/><T128/><D42/><U33/><E33/><V54/><F102/><W117/><G39/><T50/><D37/><U61/><E44/><V2/><F2/><W7/><G113/><T41/><D41/><U127/><E127/><V81/><F21/><W4/><G129/><T80/><D128/><U120/><E120/><V99/><F130/><W83/><G83/><T30/><D30/><N who="1" m="17751" /><E131/><V62/><F119/><W110/><G117/><T12/><D71/><U121/><E121/><V109/><F78/><W18/><G70/><T43/><D43/><U25/><E25/><V133/><F109/><W96/><G110/><T89/><D64/><U20/><E20/><AGARI ba="0,0" hai="4,7,15,18,20,52,53,55,57,63,67,88,95,96" machi="20" ten="40,7700,0" yaku="8,1,54,2" doraHai="6" who="3" fromWho="1" sc="217,0,230,-77,309,0,244,77" owari="217,-18.0,153,-35.0,309,11.0,321,42.0" /></mjloggm>