<mjloggm ver="2.3"><GO type="41" lobby="0"/><UN n0="%6B%61%6B%69%68%61%74%6F" n1="%E3%81%A9%E3%81%84%EF%BC%8D%E3%82%93" n2="%E5%B0%B1%E6%B4%BB%E7%94%9F%40%E5%B7%9D%E6%9D%91%E8%BB%8D%E5%9B%A3" n3="%E3%81%AE%E3%81%B3%E3%81%88%E3%82%82%E3%82%93" dan="13,16,17,13" rate="1814.85,2025.59,2142.61,1807.26" sx="M,M,M,M"/><TAIKYOKU oya="0"/><INIT seed="0,0,0,0,5,74" ten="250,250,250,250" oya="0" hai0="36,88,43,116,31,60,80,49,110,20,8,35,111" hai1="76,68,102,14,44,53,66,75,98,64,62,18,92" hai2="45,15,65,113,81,2,118,27,55,40,127,21,47" hai3="56,83,120,69,50,112,37,133,22,121,1,134,71"/><T115/><D35/><U16/><E66/><V107/><F2/><W90/><G1/><T99/><D36/><U23/><E75/><V13/><F107/><W93/><G83/><T89/><D116/><U86/><E44/><V30/><F118/><W85/><G22/><T19/><D115/><U117/><E117/><V57/><F113/><W82/><G93/><N who="0" m="56743" /><D31/><U130/><E130/><V95/><F127/><W33/><G33/><T59/><D8/><U34/><E34/><V54/><F65/><W58/><G37/><T128/><D128/><U39/><E39/><V129/><F129/><W3/><G3/><T124/><D124/><U51/><E18/><V0/><F0/><W108/><G108/><N who="0" m="41515" /><D49/><U114/><E114/><V24/><F30/><W123/><G50/><T6/><D6/><U9/><E9/><V106/><F21/><W91/><G112/><T61/><D43/><U96/><E96/><V125/><F106/><W28/><G28/><T26/><D80/><N who="1" m="47367" /><E51/><V70/><F81/><W84/><G123/><T94/><D59/><N who="1" m="35183" /><E68/><V126/><F57/><W97/><G82/><T38/><D38/><U46/><E46/><V132/><F40/><W63/><G63/><T72/><D72/><U67/><AGARI ba="0,0" hai="14,16,23,64,67,92,98,102" m="35183,47367" machi="67" ten="30,4000,0" yaku="8,1,52,1,54,1" doraHai="74" who="1" fromWho="1" sc="250,-20,250,40,250,-10,250,-10" /><INIT seed="1,0,0,3,2,26" ten="230,290,240,240" oya="1" hai0="3,10,91,15,59,41,108,45,19,47,67,60,123" hai1="104,69,35,25,131,109,80,132,87,130,36,20,14" hai2="134,13,18,99,8,86,50,39,73,58,97,30,75" hai3="1,24,55,53,7,49,0,103,4,79,85,128,126"/><U61/><E104/><V74/><F39/><W89/><G103/><T68/><D3/><U81/><E36/><V57/><F134/><W65/><G65/><T96/><D123/><U129/><E132/><V21/><F86/><W101/><G101/><T94/><D108/><U46/><E109/><V72/><N who="2" m="18944" /><DORA hai="56" /><V120/><F120/><W23/><G79/><T98/><D68/><U34/><E46/><V37/><F37/><W64/><G64/><T119/><D119/><U111/><E111/><V12/><F50/><W133/><G133/><T122/><D122/><U106/><E106/><V62/><F57/><W16/><G128/><T33/><D33/><U6/><E6/><V115/><F115/><W44/><G126/><T100/><D41/><U9/><E9/><V90/><F90/><W113/><G113/><T92/><AGARI ba="0,0" hai="10,15,19,45,47,59,60,67,91,92,94,96,98,100" machi="92" ten="20,5200,0" yaku="0,1,7,1,8,1,52,1" doraHai="26,56" who="0" fromWho="0" sc="230,52,290,-26,240,-13,240,-13" /><INIT seed="2,0,0,5,1,10" ten="282,264,227,227" oya="2" hai0="29,62,111,84,45,90,121,79,95,0,104,97,33" hai1="5,65,17,106,26,94,19,67,123,129,16,27,52" hai2="103,42,130,56,63,68,81,92,2,38,31,46,75" hai3="91,70,117,100,115,96,105,23,86,126,1,82,107"/><V4/><F130/><W76/><G70/><T122/><D0/><U24/><E106/><V59/><F31/><W14/><G1/><T113/><D62/><U114/><E114/><V9/><F68/><W44/><G44/><T50/><D33/><U8/><E129/><V132/><F132/><W127/><G23/><T18/><D29/><U61/><E123/><V48/><F48/><W49/><G49/><T30/><D30/><U21/><E21/><V77/><REACH who="2" step="1"/><F63/><REACH who="2" ten="282,264,217,227" step="2"/><W47/><G115/><T85/><D122/><U60/><E60/><V13/><F13/><W36/><G14/><T98/><D121/><U41/><E41/><V120/><F120/><W6/><G117/><T88/><D113/><U20/><E20/><V101/><F101/><W74/><G100/><T3/><D3/><U87/><E61/><V39/><F39/><W109/><G36/><T128/><D128/><U135/><E135/><V43/><F43/><W73/><G127/><T28/><D28/><U112/><E112/><V69/><F69/><W11/><G126/><T89/><D50/><U12/><E52/><V25/><F25/><W108/><G108/><T66/><D111/><U131/><E131/><V72/><F72/><W71/><G109/><T102/><D102/><U116/><E116/><V22/><F22/><W93/><G71/><T83/><D66/><U125/><E125/><V58/><F58/><W133/><G133/><T34/><D45/><U110/><E110/><V57/><F57/><W51/><G73/><T134/><D134/><U53/><E53/><V40/><F40/><N who="3" m="25063" /><G74/><N who="0" m="43511" /><D34/><U55/><E55/><RYUUKYOKU ba="0,1" sc="282,-30,264,10,217,10,227,10" hai1="5,8,12,16,17,19,24,26,27,65,67,87,94" hai2="2,4,9,38,42,46,56,59,75,77,81,92,103" hai3="6,11,76,82,86,91,93,96,105,107" /><INIT seed="2,1,1,5,4,37" ten="252,274,227,237" oya="2" hai0="5,133,4,91,63,127,32,66,23,12,9,112,25" hai1="18,82,17,92,74,118,72,13,104,65,125,70,26" hai2="40,16,30,39,131,85,135,0,22,111,96,46,11" hai3="69,93,36,45,42,52,75,1,116,50,110,98,47"/><V124/><F131/><W56/><G110/><T15/><D91/><U108/><E104/><V95/><F111/><W73/><G1/><T105/><D105/><U76/><E74/><V130/><F130/><W33/><G33/><T90/><D90/><U101/><E118/><V29/><F124/><W115/><G116/><T128/><D128/><U123/><E125/><V59/><F135/><W62/><G115/><T14/><D127/><U61/><E108/><V103/><F85/><W119/><G119/><T58/><D112/><U31/><E123/><V35/><F35/><W106/><G106/><T60/><D133/><U64/><E64/><V51/><F11/><W97/><G97/><T81/><D81/><U120/><E120/><V28/><F0/><W38/><G38/><T55/><D32/><U68/><E68/><V87/><F87/><W113/><G113/><T41/><D41/><U114/><E114/><V2/><F2/><W19/><G19/><T121/><D121/><U83/><E83/><V77/><F77/><W49/><G49/><T88/><D88/><U132/><E132/><V3/><F3/><W100/><REACH who="3" step="1"/><G69/><REACH who="3" ten="252,274,227,227" step="2"/><T102/><D4/><U129/><E129/><V67/><F39/><W86/><G86/><T84/><D84/><U78/><E70/><V99/><F99/><W79/><G79/><T117/><D117/><U80/><E78/><V10/><F10/><W57/><G57/><T71/><REACH who="0" step="1"/><D102/><REACH who="0" ten="242,274,227,227" step="2"/><U54/><E76/><V109/><F109/><W53/><AGARI ba="1,3" hai="36,42,45,47,50,52,53,56,62,73,75,93,98,100" machi="53" ten="20,8000,1" yaku="1,1,0,1,7,1,52,1,54,1,53,0" doraHai="37" doraHaiUra="134" who="3" fromWho="3" sc="242,-21,274,-21,227,-41,227,113" /><INIT seed="3,0,0,2,0,111" ten="221,253,186,340" oya="3" hai0="131,63,12,133,79,130,73,8,97,34,0,21,118" hai1="44,16,22,25,122,5,115,85,50,104,26,13,105" hai2="64,3,84,76,128,41,100,23,17,28,77,121,93" hai3="67,48,117,66,80,112,33,96,43,101,89,19,83"/><W86/><G117/><T108/><D73/><U116/><E122/><V82/><F121/><W113/><G33/><T51/><D79/><U106/><E116/><V94/><F3/><W30/><G30/><T61/><D118/><U132/><E132/><V9/><F128/><N who="0" m="49194" /><D133/><U68/><E68/><V60/><F77/><W103/><G80/><T123/><D123/><U59/><E59/><V20/><F41/><W135/><G135/><T102/><D108/><U129/><E129/><V78/><F78/><W81/><G81/><T14/><D34/><U29/><E5/><V10/><F28/><W52/><G19/><N who="0" m="10471" /><D0/><U95/><E26/><V74/><F23/><W70/><G43/><T4/><D51/><U98/><E85/><V7/><F7/><W90/><G90/><T27/><D27/><U42/><E95/><AGARI ba="0,0" hai="4,8,14,61,63,95,97,102" m="10471,49194" machi="95" ten="30,1000,0" yaku="19,1" doraHai="111" who="0" fromWho="1" sc="221,10,253,-10,186,0,340,0" /><INIT seed="4,0,0,1,4,41" ten="231,243,186,340" oya="0" hai0="132,22,107,96,64,27,49,43,114,47,80,112,131" hai1="17,21,135,79,133,122,13,31,40,119,59,95,38" hai2="92,88,28,120,104,67,9,10,6,26,87,74,69" hai3="110,70,25,56,134,62,2,58,32,42,85,73,103"/><T111/><D111/><U99/><E119/><V60/><F120/><W93/><G110/><T124/><D131/><U71/><E122/><V90/><F104/><W75/><G2/><T105/><D132/><U77/><E71/><V113/><F74/><W72/><G134/><N who="1" m="51210" /><E38/><V63/><F113/><N who="0" m="43626" /><D124/><U89/><E40/><V101/><F101/><W20/><G32/><T46/><D96/><U51/><E31/><V11/><F63/><W5/><G5/><T35/><D35/><U82/><E82/><V97/><F6/><W84/><G42/><N who="0" m="24791" /><D80/><U19/><E19/><V48/><F48/><W94/><G103/><T45/><D64/><U128/><E128/><V3/><F3/><W100/><G100/><T123/><D123/><U4/><E4/><V23/><REACH who="2" step="1"/><F90/><REACH who="2" ten="231,243,176,340" step="2"/><W52/><G73/><T12/><D107/><U78/><E78/><V126/><F126/><W108/><G108/><T53/><D105/><U54/><AGARI ba="0,1" hai="13,17,21,51,54,59,77,79,89,95,99" m="51210" machi="54" ten="30,1100,0" yaku="20,1" doraHai="41" who="1" fromWho="1" sc="231,-5,243,21,176,-3,340,-3" /><INIT seed="5,0,0,2,3,113" ten="226,264,173,337" oya="1" hai0="74,92,28,132,14,35,72,8,75,43,101,115,48" hai1="116,29,110,25,130,102,93,50,37,126,67,88,19" hai2="71,56,114,78,89,120,54,96,123,34,99,31,80" hai3="53,18,30,27,68,129,49,63,105,9,87,106,39"/><U4/><E37/><V21/><F71/><W91/><G39/><T131/><D115/><U127/><E116/><V103/><F34/><W135/><G135/><T36/><D132/><U44/><E4/><V33/><F33/><W32/><G129/><T70/><D36/><U62/><E130/><V46/><F114/><W133/><G133/><T64/><D70/><U104/><E19/><V58/><F46/><W61/><G9/><T3/><D131/><U1/><E1/><V84/><F56/><W47/><G18/><T77/><D3/><U65/><E102/><V10/><F10/><W2/><G2/><T117/><D117/><U112/><E104/><V69/><F69/><W83/><REACH who="3" step="1"/><G68/><REACH who="3" ten="226,264,173,327" step="2"/><T128/><D128/><U119/><E112/><V79/><F120/><W100/><G100/><T6/><D28/><U124/><E119/><V7/><F123/><W16/><G16/><T26/><D101/><U12/><E110/><V52/><F7/><W81/><G81/><T22/><D6/><U41/><E12/><V121/><F121/><W60/><AGARI ba="0,1" hai="27,30,32,47,49,53,60,61,63,83,87,91,105,106" machi="60" ten="30,4000,0" yaku="1,1,0,1,53,1" doraHai="113" doraHaiUra="76" who="3" fromWho="3" sc="226,-10,264,-20,173,-10,327,50" /><INIT seed="6,0,0,3,5,46" ten="216,244,163,377" oya="2" hai0="135,10,106,113,22,96,45,54,12,37,57,49,75" hai1="101,77,89,48,78,43,94,33,80,93,81,18,130" hai2="41,29,35,124,63,91,53,83,19,112,71,134,30" hai3="118,97,127,58,44,69,60,21,15,13,115,6,103"/><V56/><F35/><W125/><G118/><T85/><D75/><U92/><E33/><V32/><F32/><W26/><G115/><T76/><D113/><U34/><E34/><V24/><F112/><W9/><G44/><T70/><D70/><U1/><E1/><V68/><F124/><N who="3" m="47691" /><G69/><T133/><D22/><U28/><E28/><N who="2" m="10859" /><F134/><N who="0" m="51210" /><D106/><U8/><E130/><V38/><F71/><W121/><G121/><T7/><D96/><U88/><E101/><V95/><F68/><W123/><G123/><T84/><D76/><N who="1" m="29291" /><E8/><V47/><F38/><W87/><G87/><T39/><D39/><U23/><E43/><AGARI ba="0,0" hai="7,10,12,37,43,45,49,54,57,84,85" m="51210" machi="43" ten="30,2000,0" yaku="20,1,52,1" doraHai="46" who="0" fromWho="1" sc="216,20,244,-20,163,0,377,0" /><INIT seed="7,0,0,2,2,131" ten="236,224,163,377" oya="3" hai0="94,26,114,54,49,28,117,75,47,18,87,129,76" hai1="108,119,11,8,105,10,38,122,16,63,116,68,102" hai2="118,121,37,19,74,80,60,109,43,135,110,133,9" hai3="6,40,90,61,29,85,46,82,7,33,52,25,126"/><W62/><G126/><T65/><D117/><U93/><E38/><V67/><F118/><W59/><G62/><T53/><D75/><U88/><E108/><N who="2" m="41579" /><F19/><W128/><G128/><T24/><D129/><U107/><E102/><V95/><F95/><W55/><G55/><T51/><D114/><U99/><E116/><V0/><F121/><W41/><G41/><T70/><D70/><U113/><E119/><V42/><F9/><W134/><G134/><N who="2" m="51209" /><F0/><W79/><G79/><T125/><D125/><U4/><E113/><V92/><F92/><W30/><G30/><T32/><D65/><U89/><E122/><V12/><F12/><W44/><G44/><T81/><D94/><U98/><E16/><V36/><F80/><W101/><G101/><T127/><D127/><U64/><E4/><V96/><F96/><W91/><G91/><T69/><D69/><U20/><E89/><V78/><F78/><W73/><G73/><T15/><D32/><U17/><E99/><V57/><F74/><W35/><G33/><T14/><D28/><U132/><E132/><V48/><F48/><AGARI ba="0,0" hai="6,7,25,29,35,40,46,48,52,59,61,82,85,90" machi="48" ten="30,2900,0" yaku="7,1,54,1" doraHai="131" who="3" fromWho="2" sc="236,0,224,0,163,-29,377,29" owari="236,4.0,224,-18.0,134,-37.0,406,51.0" /></mjloggm>