<mjloggm ver="2.3"><GO type="97" lobby="0"/><UN n0="%79%6F%74%75%62%61%30" n1="%E5%B0%B1%E6%B4%BB%E7%94%9F%40%E5%B7%9D%E6%9D%91%E8%BB%8D%E5%9B%A3" n2="%73%61%6E%6E%64%61%73%75" n3="%E7%AC%AC%E4%BA%8C%E9%9F%B3%E6%A5%BD%E5%AE%A4" dan="13,15,15,15" rate="1869.67,2059.33,1987.07,1951.18" sx="M,M,M,M"/><TAIKYOKU oya="0"/><INIT seed="0,0,0,4,3,102" ten="250,250,250,250" oya="0" hai0="70,44,76,4,32,6,80,91,43,31,61,21,108" hai1="126,22,17,72,41,135,16,100,105,129,26,39,115" hai2="29,49,46,125,33,3,35,79,104,131,99,40,117" hai3="106,2,110,132,37,109,122,13,124,88,68,11,7"/><T77/><D32/><U54/><E115/><V65/><F131/><W86/><G122/><T101/><D101/><U114/><E114/><V55/><F125/><W94/><G124/><T84/><D108/><N who="3" m="41577" /><G132/><T12/><D70/><U50/><E129/><V113/><F113/><W19/><G68/><T56/><D4/><U83/><E126/><V69/><F79/><W15/><G37/><T36/><D31/><U38/><E135/><V42/><F3/><W24/><G106/><T107/><D107/><U34/><E34/><V92/><F117/><W30/><G19/><T127/><D127/><U8/><E41/><V98/><F92/><W123/><G123/><T74/><D74/><U48/><E48/><V27/><F98/><W97/><G97/><T45/><D44/><U23/><E8/><V96/><F99/><W121/><G121/><T111/><D111/><U128/><E100/><N who="2" m="62471" /><F35/><AGARI ba="0,0" hai="2,7,11,13,15,24,30,35,86,88,94" m="41577" machi="35" ten="30,2000,0" yaku="14,1,54,1" doraHai="102" who="3" fromWho="2" sc="250,0,250,0,250,-20,250,20" /><INIT seed="1,0,0,5,2,122" ten="250,250,230,270" oya="1" hai0="61,34,45,17,30,82,92,2,53,132,105,88,50" hai1="124,56,125,94,133,103,29,3,112,32,44,24,101" hai2="102,31,40,104,37,14,36,98,51,123,25,38,69" hai3="80,65,10,54,75,76,114,90,109,129,121,52,5"/><U64/><E3/><V91/><F123/><W27/><G121/><T49/><D2/><U81/><E112/><V18/><F69/><W1/><G114/><T79/><D105/><U42/><E133/><V16/><F91/><W15/><G129/><T74/><D34/><U73/><E73/><V86/><F86/><W48/><G65/><T66/><D30/><U108/><E81/><V95/><F104/><W134/><G134/><T6/><D132/><U93/><E56/><V89/><F102/><N who="1" m="38921" /><E64/><V117/><F117/><W41/><G27/><T55/><D6/><U126/><E108/><V35/><REACH who="2" step="1"/><F14/><REACH who="2" ten="250,250,220,270" step="2"/><W130/><G15/><T107/><D107/><U113/><E113/><V72/><F72/><W120/><G120/><T87/><D66/><U100/><E100/><V60/><F60/><W39/><G76/><T47/><D61/><U21/><E32/><V13/><F13/><W12/><G75/><T83/><D82/><U127/><E127/><V106/><F106/><W71/><G12/><T77/><D77/><U110/><E110/><V11/><F11/><W135/><G10/><T22/><D22/><U7/><E7/><V33/><F33/><W116/><G5/><T9/><D9/><U57/><E126/><V26/><F26/><W23/><G1/><T68/><D68/><U58/><E125/><V20/><F20/><W118/><G71/><T99/><D74/><U128/><E124/><V78/><F78/><W96/><G109/><T46/><D17/><U4/><E4/><V8/><F8/><W97/><G23/><T85/><D87/><U19/><E19/><RYUUKYOKU ba="0,1" sc="250,15,250,-15,220,15,270,-15" hai0="45,46,47,49,50,53,55,79,83,85,88,92,99" hai2="16,18,25,31,35,36,37,38,40,51,89,95,98" /><INIT seed="2,1,1,5,3,89" ten="265,235,235,255" oya="2" hai0="98,18,118,126,96,107,14,4,28,76,93,12,105" hai1="9,86,100,132,63,68,64,80,38,84,113,15,20" hai2="59,106,125,135,37,13,43,36,51,53,111,134,115" hai3="103,17,50,23,55,22,121,30,99,128,72,31,70"/><V40/><F106/><W77/><G121/><T87/><D118/><U34/><E34/><V124/><F13/><W92/><G128/><T0/><D0/><U127/><E38/><N who="2" m="14955" /><F115/><W52/><G70/><T44/><D28/><U67/><E113/><V73/><F73/><W11/><G11/><T56/><D126/><N who="2" m="48746" /><F111/><W130/><G130/><T3/><D3/><U26/><E132/><AGARI ba="1,1" hai="40,43,51,53,59,132,134,135" m="48746,14955" machi="132" ten="40,12000,1" yaku="20,1,18,1,34,2" doraHai="89" who="2" fromWho="1" sc="265,0,235,-123,235,133,255,0" /><INIT seed="2,2,0,4,2,58" ten="265,112,368,255" oya="2" hai0="80,28,93,123,100,92,131,98,134,64,126,121,76" hai1="104,18,29,48,38,94,130,59,2,43,22,24,25" hai2="14,108,135,83,105,32,88,120,52,119,114,53,20" hai3="79,122,61,23,66,107,90,42,86,62,124,89,118"/><V33/><F120/><W51/><G122/><N who="0" m="46603" /><D28/><U26/><E104/><V67/><F119/><W87/><G118/><T129/><D64/><U9/><E130/><N who="0" m="49673" /><D134/><U10/><E38/><V57/><F114/><W110/><G107/><N who="0" m="63895" /><D126/><U113/><E113/><V7/><F105/><W36/><G124/><T73/><AGARI ba="2,0" hai="73,76,80,92,93" m="63895,49673,46603" machi="73" ten="30,4000,0" yaku="19,1,34,2" doraHai="58" who="0" fromWho="0" sc="265,46,112,-12,368,-22,255,-12" /><INIT seed="3,0,0,4,5,14" ten="311,100,346,243" oya="3" hai0="64,58,124,134,98,102,70,109,118,30,26,97,121" hai1="135,131,2,69,128,87,111,11,12,116,37,20,47" hai2="42,18,105,25,86,90,22,130,72,32,5,48,89" hai3="27,127,24,41,71,77,9,78,120,74,13,101,114"/><W36/><G120/><T133/><D121/><U7/><E87/><V132/><F105/><W21/><G114/><T59/><D118/><U106/><E47/><V81/><F72/><W126/><G71/><T53/><D124/><N who="3" m="47657" /><G101/><T83/><D83/><U63/><E63/><V50/><F132/><W57/><G74/><T60/><D109/><U29/><E69/><V39/><F130/><W122/><G122/><T16/><D98/><U112/><E106/><V91/><F32/><W56/><G27/><T84/><D84/><U129/><E37/><V113/><F113/><W80/><G41/><T93/><D53/><U82/><E82/><V34/><F34/><W88/><G36/><T94/><D94/><U43/><E43/><V79/><F5/><N who="3" m="3247" /><G88/><T3/><D3/><U52/><E52/><V117/><F117/><W31/><G80/><T40/><D40/><U4/><E112/><V6/><F6/><W33/><G33/><N who="0" m="20695" /><D134/><U96/><E96/><V61/><F61/><W100/><G100/><T123/><D133/><U85/><E85/><V65/><F65/><W38/><G38/><T28/><D123/><U119/><E135/><V35/><F35/><W0/><G0/><T75/><D75/><U23/><E111/><V55/><F39/><W103/><G103/><T15/><D28/><U44/><E44/><V8/><F42/><W51/><G51/><T73/><D73/><U45/><E45/><N who="2" m="28047" /><F50/><W95/><G95/><T115/><D115/><U17/><REACH who="1" step="1"/><E4/><REACH who="1" ten="311,90,346,243" step="2"/><V19/><F8/><W62/><G62/><T125/><D125/><U67/><E67/><V110/><F110/><RYUUKYOKU ba="0,1" sc="311,0,90,0,346,0,243,0" hai0="15,16,58,59,60,64,70,93,97,102" hai1="2,7,11,12,17,20,23,29,116,119,128,129,131" hai2="18,19,22,25,79,81,86,89,90,91" hai3="21,24,31,56,57,77,78" /><INIT seed="3,1,1,4,1,16" ten="311,90,346,243" oya="3" hai0="14,63,58,31,75,68,129,52,116,119,50,57,29" hai1="82,70,74,123,114,59,96,106,108,73,13,19,65" hai2="42,1,86,110,27,102,45,17,54,72,41,91,99" hai3="56,24,127,83,132,55,120,107,66,60,43,117,131"/><W30/><G120/><T112/><D75/><U118/><E114/><V32/><F110/><W87/><G117/><T79/><D79/><U125/><E123/><V93/><F72/><W121/><G121/><T97/><D112/><U28/><E118/><V44/><F1/><W21/><G127/><T25/><D129/><U94/><E108/><V9/><F32/><W109/><G131/><T126/><D126/><U6/><E125/><V62/><F27/><W47/><G109/><T85/><D14/><U18/><E106/><V5/><F5/><W10/><G132/><T7/><D7/><U20/><E70/><V48/><F62/><W64/><G107/><T12/><D12/><U15/><E6/><V81/><F44/><W80/><G10/><T39/><D39/><U11/><E82/><V111/><F111/><W78/><REACH who="3" step="1"/><G83/><REACH who="3" ten="311,90,346,233" step="2"/><T38/><D119/><U101/><E73/><V89/><F9/><W95/><G95/><T51/><D116/><U104/><E74/><V53/><F17/><W67/><G67/><T135/><D31/><U105/><E105/><V34/><F34/><W49/><AGARI ba="1,2" hai="21,24,30,43,47,49,55,56,60,64,66,78,80,87" machi="49" ten="20,18000,2" yaku="1,1,0,1,7,1,8,1,52,1,53,1" doraHai="16" doraHaiUra="40" who="3" fromWho="3" sc="311,-61,90,-61,346,-61,233,203" owari="250,-15.0,29,-47.0,285,9.0,436,53.0" /></mjloggm>