<mjloggm ver="2.3"><GO type="169" lobby="0"/><UN n0="%E8%88%AC%E5%8D%93%E3%81%AE%E9%A4%8A%E5%88%86" n1="%EF%BC%88%63%72%6F%73%73%EF%BC%89" n2="%E3%82%A6%E3%83%AB%E3%83%88%E3%83%A9%E7%AB%8B%E7%9B%B4" n3="%67%69%6A%79%75%74%75" dan="16,16,17,17" rate="2049.97,2066.36,2142.04,2176.03" sx="M,M,M,M"/><TAIKYOKU oya="0"/><INIT seed="0,0,0,1,1,101" ten="250,250,250,250" oya="0" hai0="82,112,39,0,16,19,72,83,117,97,50,52,4" hai1="71,92,36,115,73,89,81,27,77,47,17,130,91" hai2="60,93,114,105,113,96,98,126,131,124,23,6,22" hai3="9,46,55,79,45,59,35,99,21,80,86,8,128"/><T56/><D39/><U2/><E2/><V122/><F6/><W118/><G35/><T110/><D112/><U43/><E115/><V62/><F93/><W30/><G118/><T34/><D34/><U49/><E130/><V14/><F14/><W134/><G128/><T95/><D117/><U87/><E71/><V51/><F51/><W70/><G70/><T31/><D31/><U42/><E36/><V121/><F131/><W58/><G134/><T5/><D110/><U33/><E33/><V127/><F126/><W129/><G129/><T37/><D37/><U125/><E125/><V65/><F65/><W25/><G59/><T133/><D133/><U135/><E135/><V67/><F67/><W44/><REACH who="3" step="1"/><G99/><REACH who="3" ten="250,250,250,240" step="2"/><T54/><D97/><U1/><E47/><V85/><F85/><W76/><G76/><T57/><D57/><U12/><E87/><V3/><F98/><W61/><AGARI ba="0,1" hai="8,9,21,25,30,44,45,46,55,58,61,79,80,86" machi="61" ten="30,4000,0" yaku="1,1,0,1,8,1,53,0" doraHai="101" doraHaiUra="120" who="3" fromWho="3" sc="250,-20,250,-10,250,-10,240,50" /><INIT seed="1,0,0,0,4,10" ten="230,240,240,290" oya="1" hai0="61,87,62,54,56,88,90,64,40,120,111,53,81" hai1="41,25,114,58,28,75,121,97,33,26,102,95,11" hai2="132,16,47,134,130,23,109,52,39,112,59,44,92" hai3="127,24,57,67,0,21,117,108,100,125,86,42,1"/><U93/><E114/><V70/><F70/><W5/><G42/><T20/><D111/><U43/><E121/><V115/><F130/><W98/><G108/><T119/><D119/><U135/><E75/><V17/><F92/><N who="3" m="58439" /><G117/><T107/><D107/><U19/><E135/><N who="2" m="51755" /><F17/><W118/><G118/><T50/><D120/><U13/><E26/><N who="2" m="14695" /><F109/><W91/><G5/><T15/><D40/><U96/><REACH who="1" step="1"/><E58/><REACH who="1" ten="230,230,240,290" step="2"/><V94/><F115/><W66/><G57/><T14/><D20/><U74/><E74/><V36/><F112/><W55/><G24/><T133/><D133/><U122/><E122/><V103/><F39/><W2/><G21/><T79/><D53/><U45/><E45/><V106/><F36/><W129/><G55/><T72/><D62/><U123/><E123/><V68/><F47/><W84/><G129/><T113/><D113/><U128/><E128/><V85/><F44/><W18/><G67/><T22/><D22/><U77/><E77/><V89/><F59/><W83/><G66/><T80/><D90/><AGARI ba="0,1" hai="11,13,19,25,28,33,41,43,90,93,95,96,97,102" machi="90" ten="30,11600,0" yaku="1,1,7,1,52,1,53,1" doraHai="10" doraHaiUra="12" who="1" fromWho="0" sc="230,-116,230,126,240,0,290,0" /><INIT seed="1,1,0,2,5,31" ten="114,356,240,290" oya="1" hai0="52,34,120,98,62,19,36,23,80,24,89,14,119" hai1="33,72,59,112,76,18,93,61,91,108,12,13,37" hai2="42,6,73,65,124,133,111,125,74,122,110,21,70" hai3="92,22,51,118,114,2,15,105,26,47,86,75,25"/><U39/><E112/><V123/><F6/><W106/><G2/><T57/><D119/><U5/><E5/><V45/><F21/><W20/><G75/><T69/><D36/><U41/><E13/><V7/><F7/><W48/><G114/><T10/><D34/><U46/><E108/><N who="2" m="41515" /><F74/><W11/><G118/><T130/><D130/><U129/><E129/><V83/><F83/><W54/><G106/><T67/><D120/><U55/><E33/><V107/><F107/><W101/><G105/><T103/><D80/><U68/><E72/><V104/><F104/><W85/><G20/><T16/><D89/><U127/><E76/><V71/><F73/><W82/><G51/><T50/><D98/><U100/><E100/><V4/><F4/><N who="3" m="3559" /><G22/><T134/><REACH who="0" step="1"/><D103/><REACH who="0" ten="104,356,240,290" step="2"/><U95/><E91/><V96/><F96/><N who="3" m="59527" /><G82/><T131/><D131/><U113/><E113/><V88/><F123/><W79/><G79/><T43/><D43/><U117/><E41/><V8/><F88/><W3/><G3/><T53/><D53/><U87/><E55/><V77/><F42/><W60/><G54/><T116/><D116/><U97/><E117/><V90/><F90/><W132/><G132/><AGARI ba="1,1" hai="10,14,16,19,23,24,50,52,57,62,67,69,132,134" machi="132" ten="40,5200,0" yaku="1,1,54,2,53,0" doraHai="31" doraHaiUra="81" who="0" fromWho="3" sc="104,65,356,0,240,0,290,-55" /><INIT seed="2,0,0,2,3,21" ten="169,356,240,235" oya="2" hai0="70,35,22,40,38,24,10,116,71,27,96,76,32" hai1="23,59,46,68,18,113,91,9,108,133,72,102,36" hai2="95,42,103,25,89,53,131,81,11,135,94,57,69" hai3="12,13,118,114,45,128,117,33,106,84,130,28,47"/><V67/><F131/><N who="3" m="50219" /><G106/><T104/><D116/><N who="3" m="44649" /><G84/><T50/><D38/><U56/><E9/><V93/><F135/><W77/><G77/><T85/><D32/><U111/><E133/><V134/><F134/><W54/><G54/><T62/><D35/><U49/><E68/><V44/><F11/><W39/><G39/><T112/><D112/><U120/><E102/><V87/><F103/><W90/><G90/><T64/><D71/><U121/><E72/><V3/><F3/><W78/><G78/><T37/><D37/><U43/><E113/><V122/><F122/><N who="1" m="47209" /><E91/><V107/><F107/><W31/><G114/><T19/><D10/><U74/><E74/><V132/><F132/><W124/><G124/><T55/><D40/><U52/><E56/><V15/><F69/><W41/><G41/><T8/><D8/><U100/><E100/><V123/><F42/><W66/><G66/><T83/><D104/><U82/><E82/><V6/><F67/><W2/><G2/><T129/><D129/><U4/><E4/><V127/><F127/><W61/><G61/><T1/><D1/><U7/><E7/><V75/><F75/><W65/><G65/><T126/><D126/><U73/><E73/><V105/><F105/><W5/><G5/><T109/><D109/><U48/><E36/><V110/><F123/><W86/><G86/><T92/><D96/><U58/><E58/><V125/><F57/><W99/><G99/><T51/><D92/><U16/><E108/><V20/><F110/><W34/><G34/><T14/><D51/><U119/><E111/><V63/><F125/><RYUUKYOKU ba="0,0" sc="169,30,356,-10,240,-10,235,-10" hai0="14,19,22,24,27,50,55,62,64,70,76,83,85" /><INIT seed="3,1,0,1,2,18" ten="199,346,230,225" oya="3" hai0="62,88,3,4,70,90,78,22,29,85,63,133,41" hai1="44,54,116,23,101,16,135,20,93,82,24,127,33" hai2="103,108,69,67,64,115,113,26,84,15,52,61,0" hai3="110,124,7,17,105,120,37,79,126,122,40,77,38"/><W11/><G105/><T57/><D133/><U35/><E135/><V25/><F0/><W30/><G30/><T42/><D70/><U97/><E127/><N who="3" m="48682" /><G17/><T12/><D3/><U130/><E130/><V56/><F103/><W48/><G48/><T55/><D78/><N who="3" m="29705" /><G110/><T72/><D72/><U119/><E82/><V109/><F25/><W68/><G68/><T53/><D90/><U81/><E81/><V43/><F26/><W49/><G49/><T5/><D5/><U87/><E87/><V14/><F69/><W86/><G86/><T123/><D123/><N who="3" m="47145" /><G40/><T10/><D29/><N who="1" m="17567" /><E44/><V71/><F84/><W31/><G31/><T13/><D62/><U65/><E54/><V106/><F106/><W83/><G83/><N who="0" m="49215" /><D55/><U132/><E65/><V112/><F67/><W121/><N who="3" m="47153" /><W2/><AGARI ba="1,0" hai="2,7,11,37,38" m="47153,29705,48682" machi="2" ten="50,4800,0" yaku="4,1,18,1" doraHai="18" who="3" fromWho="3" sc="199,-17,346,-17,230,-17,225,51" /><INIT seed="3,2,0,2,2,99" ten="182,329,213,276" oya="3" hai0="63,43,78,10,119,72,129,75,28,19,97,7,85" hai1="48,36,50,101,131,69,116,61,20,16,1,31,95" hai2="5,71,62,88,58,115,52,91,77,0,38,134,15" hai3="46,127,123,14,53,135,89,30,57,86,11,79,8"/><W74/><G123/><T24/><D119/><U12/><E116/><V122/><F115/><W112/><G112/><T49/><D129/><U13/><E1/><V92/><F122/><W65/><G30/><T98/><D19/><U124/><E36/><V111/><F0/><W26/><G26/><T47/><D63/><U39/><E39/><V130/><F38/><W125/><G65/><T94/><D85/><U113/><E113/><V102/><F71/><W68/><G68/><T2/><D78/><U110/><E110/><V37/><F111/><W4/><G46/><T3/><D3/><U121/><E121/><V42/><F134/><W82/><G135/><T70/><D70/><U104/><E104/><V17/><F5/><W60/><REACH who="3" step="1"/><G8/><REACH who="3" ten="182,329,213,266" step="2"/><T66/><D66/><U108/><E108/><V51/><F130/><W105/><G105/><T22/><REACH who="0" step="1"/><D98/><REACH who="0" ten="172,329,213,266" step="2"/><U106/><E131/><V107/><F107/><W128/><G128/><T100/><AGARI ba="2,2" hai="2,7,10,22,24,28,43,47,49,72,75,94,97,100" machi="100" ten="20,12000,2" yaku="1,1,2,1,0,1,7,1,52,1,53,1" doraHai="99" doraHaiUra="18" who="0" fromWho="0" sc="172,146,329,-32,213,-32,266,-62" /><INIT seed="4,0,0,3,2,129" ten="318,297,181,204" oya="0" hai0="100,16,113,67,133,125,97,71,117,93,4,47,105" hai1="9,11,5,90,87,70,27,76,92,46,72,126,112" hai2="131,38,54,3,39,91,109,30,61,44,6,82,123" hai3="13,48,96,28,127,110,98,23,58,1,14,73,7"/><T53/><D117/><U122/><E122/><V29/><F123/><W94/><G110/><T68/><D4/><U66/><E126/><V59/><F109/><W62/><G73/><T24/><D125/><U101/><E112/><V52/><F131/><W134/><G1/><T18/><D113/><U0/><E101/><V83/><F3/><W135/><G127/><T116/><D116/><U86/><E72/><V42/><F6/><W89/><G48/><T37/><D37/><U20/><E46/><V115/><F115/><W19/><G28/><T132/><D105/><U111/><E111/><V8/><F8/><W85/><G7/><T22/><D18/><U78/><E87/><V107/><F107/><W108/><G13/><T65/><D65/><U21/><E21/><V75/><F38/><W56/><G108/><T130/><D130/><U118/><E118/><V124/><F124/><W88/><G56/><T45/><D67/><U33/><E33/><V106/><F106/><W15/><G15/><T12/><D12/><U64/><E64/><V63/><F75/><W119/><G119/><T57/><D47/><U43/><E11/><V79/><F79/><W104/><G104/><T17/><D17/><U34/><E34/><V10/><F10/><W69/><G69/><T102/><D102/><U84/><E70/><V99/><F29/><W40/><G40/><T49/><D45/><U103/><E43/><V41/><F30/><W81/><REACH who="3" step="1"/><G98/><REACH who="3" ten="318,297,181,194" step="2"/><T77/><D71/><U31/><E0/><V114/><F42/><W121/><G121/><T55/><D68/><U50/><E5/><RYUUKYOKU ba="0,1" sc="318,-10,297,-10,181,-10,194,30" hai3="14,19,23,58,62,81,85,88,89,94,96,134,135" /><INIT seed="5,1,1,5,0,64" ten="308,287,171,224" oya="1" hai0="49,127,32,75,72,128,41,130,112,21,39,110,1" hai1="2,74,13,107,90,37,101,116,93,91,123,87,73" hai2="10,16,113,82,17,88,97,69,84,51,59,38,34" hai3="15,108,9,33,125,117,65,80,24,22,124,104,58"/><U4/><E2/><V28/><F38/><W53/><G104/><T20/><D32/><U56/><E37/><V132/><F69/><W85/><G33/><T29/><D1/><U81/><E116/><V12/><F132/><W96/><G96/><T50/><D39/><U118/><E118/><V52/><F113/><W119/><G65/><T103/><D112/><U98/><E56/><V114/><F114/><W57/><G57/><T3/><D3/><U46/><E46/><V18/><F34/><W27/><G85/><T54/><D41/><U106/><E123/><V23/><F97/><W135/><G80/><T78/><D127/><N who="3" m="48713" /><G53/><T30/><D110/><U36/><E36/><V111/><F111/><W79/><G79/><T129/><D103/><U44/><E44/><V48/><F48/><N who="0" m="18538" /><D54/><U68/><E68/><V55/><F55/><W133/><G58/><T102/><D102/><U109/><E109/><V25/><AGARI ba="1,1" hai="10,12,16,17,18,23,25,28,51,52,59,82,84,88" machi="25" ten="30,8000,1" yaku="0,1,8,1,54,3" doraHai="64" who="2" fromWho="2" sc="308,-21,287,-41,171,93,224,-21" /><INIT seed="6,0,0,2,1,57" ten="287,246,264,203" oya="2" hai0="11,119,7,68,95,71,58,65,53,115,26,42,72" hai1="33,87,135,32,27,96,2,55,89,109,99,9,84" hai2="6,40,94,47,52,118,67,124,110,49,101,133,17" hai3="29,102,15,4,69,121,21,70,90,62,41,34,106"/><V125/><F118/><W30/><G121/><T120/><D120/><U122/><E122/><V73/><F73/><W61/><G34/><T86/><D72/><U113/><E109/><V48/><F6/><W28/><G41/><T83/><D42/><U8/><E135/><V54/><F133/><W50/><G50/><T0/><D119/><U24/><E113/><V74/><F74/><W1/><G1/><T14/><D115/><U10/><E2/><V116/><F116/><W127/><G127/><N who="2" m="48713" /><F67/><W82/><G106/><T45/><D45/><U75/><E75/><V19/><F40/><W78/><G78/><T3/><D3/><U63/><E55/><V23/><F23/><W91/><G102/><T128/><D128/><U76/><E89/><N who="3" m="33802" /><G70/><T92/><D0/><U103/><E9/><V134/><F134/><W81/><G69/><T130/><D130/><U108/><E108/><V31/><F31/><W117/><G117/><T93/><D65/><U43/><E43/><V97/><F110/><W20/><G4/><T85/><D26/><U18/><E18/><V35/><F35/><W64/><G64/><T51/><REACH who="0" step="1"/><D85/><REACH who="0" ten="277,246,264,203" step="2"/><U38/><E38/><V46/><AGARI ba="0,1" hai="17,19,46,47,48,49,52,54,94,97,101" m="48713" machi="46" ten="30,3000,0" yaku="18,1,54,1" doraHai="57" who="2" fromWho="2" sc="277,-10,246,-10,264,40,203,-10" /><INIT seed="6,1,0,0,3,43" ten="267,236,304,193" oya="2" hai0="55,65,75,87,42,22,91,113,102,106,3,60,66" hai1="0,111,30,34,25,100,1,63,117,8,131,92,85" hai2="121,50,46,64,134,76,9,54,96,128,135,83,101" hai3="104,13,73,98,32,23,28,12,74,39,99,97,84"/><V72/><F128/><W56/><G104/><T62/><D75/><U132/><E117/><V78/><F64/><W20/><G32/><T31/><D113/><U110/><E131/><V112/><F9/><W70/><G70/><T49/><D42/><U24/><E132/><N who="2" m="50731" /><F78/><W114/><G39/><T119/><D119/><U58/><E25/><V19/><F19/><W103/><G103/><T94/><D3/><U40/><E40/><V69/><F69/><W51/><G114/><T95/><D106/><U48/><E48/><V36/><F36/><W93/><G74/><T4/><D4/><U45/><E45/><V61/><F61/><W105/><G105/><T116/><D116/><U10/><E10/><V129/><F129/><W29/><G73/><T86/><D31/><N who="3" m="11849" /><G84/><T133/><D133/><U77/><E77/><V47/><F121/><W18/><G93/><T90/><D102/><U118/><E118/><V14/><F101/><W16/><G97/><T5/><D5/><U89/><E100/><V122/><F96/><W82/><G82/><T7/><D7/><N who="1" m="1127" /><E1/><V44/><F122/><W57/><G57/><N who="0" m="33007" /><D22/><U21/><E21/><V67/><F112/><W115/><G115/><T53/><D53/><AGARI ba="1,0" hai="12,13,16,18,20,23,51,53,56,98,99" m="11849" machi="53" ten="30,2000,0" yaku="8,1,54,1" doraHai="43" who="3" fromWho="0" sc="267,-23,236,0,304,0,193,23" /><INIT seed="7,0,0,3,2,66" ten="244,236,304,216" oya="3" hai0="43,3,133,76,105,2,31,58,56,116,40,73,77" hai1="19,24,127,33,83,80,134,118,15,57,35,108,21" hai2="101,117,14,86,119,23,102,4,82,122,87,30,92" hai3="6,26,25,68,112,44,62,52,95,74,115,81,107"/><W84/><G107/><T97/><D116/><U100/><E108/><V106/><F106/><W34/><G6/><T36/><D133/><U9/><E134/><V93/><F4/><W47/><G74/><T49/><D36/><U89/><E100/><V75/><F14/><W104/><G104/><T79/><D73/><U27/><E118/><V130/><F23/><W99/><G34/><T63/><D31/><U111/><E111/><V71/><F30/><W91/><G25/><N who="1" m="9802" /><E33/><V17/><F17/><W114/><G26/><T10/><D10/><U129/><E35/><V120/><F82/><W109/><G109/><T48/><D105/><U135/><E135/><V53/><F75/><W45/><G68/><T126/><D126/><U1/><E127/><V29/><F71/><W50/><REACH who="3" step="1"/><G62/><REACH who="3" ten="244,236,304,206" step="2"/><T123/><D63/><U46/><E1/><V22/><F119/><W110/><G110/><T41/><D2/><U0/><E0/><V85/><F117/><W124/><G124/><T94/><D3/><U128/><E128/><V38/><F130/><W65/><G65/><T90/><D123/><U64/><E129/><V11/><F122/><W8/><G8/><T69/><D69/><U67/><E9/><V7/><F11/><W132/><G132/><T59/><AGARI ba="0,1" hai="40,41,43,48,49,56,58,59,76,77,79,90,94,97" machi="59" ten="40,8000,1" yaku="0,1,29,2,8,1" doraHai="66" who="0" fromWho="0" sc="244,90,236,-20,304,-20,206,-40" owari="334,43.0,216,-18.0,284,8.0,166,-33.0" /></mjloggm>