<mjloggm ver="2.3"><GO type="97" lobby="0"/><UN n0="%E5%B0%B1%E6%B4%BB%E7%94%9F%40%E5%B7%9D%E6%9D%91%E8%BB%8D%E5%9B%A3" n1="%E4%B8%83%E4%BA%94%E4%B8%89" n2="%54%41%4B%41%50%4E%47" n3="%E3%83%B4%E3%82%A3%E3%83%A9%E3%81%AE%E7%A5%9E" dan="14,14,15,14" rate="1976.62,1809.43,1935.20,1978.02" sx="M,M,M,M"/><TAIKYOKU oya="0"/><INIT seed="0,0,0,4,2,25" ten="250,250,250,250" oya="0" hai0="1,23,74,32,135,66,36,88,27,60,41,52,110" hai1="45,87,51,15,62,75,95,48,59,93,8,131,120" hai2="124,58,85,78,133,127,69,71,4,61,39,53,98" hai3="79,111,134,121,128,91,55,37,112,72,11,103,73"/><T113/><D32/><U86/><E131/><V125/><F133/><W97/><G111/><T106/><D106/><U96/><E75/><V82/><F39/><W104/><G112/><T115/><D74/><U31/><E120/><V44/><F4/><W117/><G128/><T12/><D1/><U57/><E96/><V29/><F44/><W102/><G117/><T7/><D110/><U56/><E62/><V92/><REACH who="2" step="1"/><F29/><REACH who="2" ten="250,250,240,250" step="2"/><W3/><G134/><T33/><D135/><U90/><E31/><V107/><F107/><W100/><G37/><T76/><D36/><U77/><E45/><V70/><F70/><W132/><G132/><T20/><D115/><U35/><E35/><V13/><F13/><W63/><G121/><T10/><D113/><U0/><E0/><V114/><F114/><W119/><G3/><T65/><D41/><U17/><E77/><V81/><F81/><W26/><G104/><T34/><D76/><U18/><E15/><V118/><F118/><W47/><G119/><T129/><D129/><U22/><E59/><V122/><F122/><W9/><G73/><T50/><D34/><U40/><E40/><V94/><F94/><W30/><G72/><T83/><D33/><U43/><E43/><V14/><F14/><W5/><G5/><T80/><D80/><U84/><E95/><V116/><F116/><W24/><G79/><T101/><D83/><U68/><E68/><V105/><F105/><W109/><G109/><T126/><D7/><U21/><E93/><V19/><F19/><W67/><G47/><T54/><D12/><U49/><E8/><RYUUKYOKU ba="0,1" sc="250,-10,250,-10,240,30,250,-10" hai2="53,58,61,69,71,78,82,85,92,98,124,125,127" /><INIT seed="1,1,1,4,3,104" ten="240,240,270,240" oya="1" hai0="118,103,19,76,117,77,106,4,17,48,108,98,101" hai1="9,28,123,116,52,107,45,36,12,91,66,43,40" hai2="24,21,93,100,62,67,0,54,61,115,64,16,74" hai3="109,41,110,120,63,97,22,31,89,129,50,3,32"/><U10/><E107/><V33/><F74/><W75/><G3/><T37/><D37/><U55/><E116/><V130/><F0/><W14/><G32/><T68/><D68/><U18/><E123/><V2/><F2/><W134/><G129/><T47/><D4/><U5/><E66/><N who="2" m="25131" /><F130/><W35/><G35/><T1/><D1/><U85/><E43/><V25/><F115/><W69/><G134/><T53/><D108/><N who="3" m="41577" /><G75/><T60/><D103/><U99/><E28/><V119/><F33/><W30/><G63/><N who="2" m="24073" /><F119/><W114/><G69/><T57/><D117/><U8/><E99/><N who="2" m="59503" /><F54/><W113/><G120/><T58/><D118/><U87/><E5/><V72/><F72/><W105/><G105/><T65/><D17/><U15/><E15/><AGARI ba="1,1" hai="15,16,21,24,25" m="59503,24073,25131" machi="15" ten="30,2000,0" yaku="8,1,54,1" doraHai="104" who="2" fromWho="1" sc="240,0,240,-23,270,33,240,0" /><INIT seed="2,0,0,3,2,117" ten="240,217,303,240" oya="2" hai0="87,7,66,81,98,116,10,24,109,77,111,94,18" hai1="62,17,135,70,2,96,28,68,11,49,105,6,41" hai2="42,90,72,27,128,67,91,36,93,125,80,129,45" hai3="52,26,101,25,37,63,65,88,15,20,51,127,118"/><V107/><F107/><W132/><G37/><T30/><D116/><U134/><E28/><V60/><F125/><W8/><G101/><T108/><D66/><U35/><E35/><V14/><F27/><N who="3" m="10251" /><G132/><N who="1" m="50730" /><E17/><V39/><F36/><W100/><G100/><T61/><D18/><U85/><E105/><V76/><F14/><W74/><G74/><T130/><D130/><N who="2" m="50282" /><F93/><W5/><G20/><N who="0" m="15623" /><D61/><U32/><E32/><V34/><F34/><W3/><G3/><N who="0" m="383" /><D94/><U123/><E96/><AGARI ba="0,0" hai="77,81,87,96,98,108,109,111" m="383,15623" machi="96" ten="30,1000,0" yaku="14,1" doraHai="117" who="0" fromWho="1" sc="240,10,217,-10,303,0,240,0" /><INIT seed="3,0,0,2,5,48" ten="250,207,303,240" oya="3" hai0="31,12,118,43,115,117,73,20,109,89,105,127,8" hai1="119,56,79,71,42,22,67,80,68,112,29,125,95" hai2="58,7,91,85,131,72,84,111,69,49,88,107,134" hai3="45,13,19,93,54,9,25,83,50,97,96,53,101"/><W110/><G110/><T130/><D105/><U78/><E112/><V40/><F111/><W129/><G129/><T17/><D73/><U60/><E42/><V108/><F107/><W114/><G114/><T121/><D109/><U63/><E125/><V123/><F108/><W44/><G83/><T23/><D115/><U102/><E119/><N who="0" m="45577" /><D43/><U1/><E1/><V94/><F69/><W90/><G25/><N who="0" m="16807" /><D89/><U86/><E63/><V113/><F72/><W132/><G132/><T76/><D76/><U100/><E78/><V2/><F113/><W75/><G75/><T26/><D121/><U124/><E124/><V62/><F123/><W57/><REACH who="3" step="1"/><G53/><REACH who="3" ten="250,207,303,230" step="2"/><T70/><D130/><U87/><E71/><V32/><F131/><W15/><G15/><T116/><D127/><U65/><E68/><V38/><F134/><W81/><G81/><T128/><D128/><U6/><E67/><N who="2" m="39383" /><F38/><W39/><G39/><T27/><D70/><U11/><E95/><AGARI ba="0,1" hai="9,13,19,44,45,50,54,57,90,93,95,96,97,101" machi="95" ten="30,11600,0" yaku="1,1,7,1,8,1,52,1,53,0" doraHai="48" doraHaiUra="103" who="3" fromWho="1" sc="250,0,207,-116,303,0,230,126" owari="250,-15.0,91,-41.0,303,10.0,356,46.0" /></mjloggm>