<mjloggm ver="2.3"><GO type="97" lobby="0"/><UN n0="%E9%9B%B2%E6%B7%A1%E9%A2%A8%E6%B8%85" n1="%67%61%63%68%61%30%30" n2="%E3%83%88%E3%83%88%E3%83%AA%E5%85%88%E7%94%9F%31%39%E6%AD%B3" n3="%E3%82%BF%E3%83%BC%E3%83%AB%E3%83%BB%E3%82%BF%E3%83%90%E3%83%83%E3%82%B3" dan="13,13,14,14" rate="1889.68,1839.88,2024.39,1912.19" sx="M,M,F,M"/><TAIKYOKU oya="0"/><INIT seed="0,0,0,2,0,1" ten="250,250,250,250" oya="0" hai0="51,32,106,69,30,86,41,17,43,47,59,99,90" hai1="126,129,36,125,128,40,16,4,93,53,11,25,19" hai2="9,75,81,39,66,50,38,82,14,21,120,13,64" hai3="26,118,112,0,84,58,33,31,35,88,101,70,46"/><T104/><D69/><U87/><E53/><V108/><F108/><W105/><G118/><T72/><D72/><U130/><E36/><V79/><F120/><W42/><G70/><T34/><D59/><U48/><E25/><V2/><F2/><W85/><G0/><T29/><D17/><N who="1" m="6731" /><E93/><V110/><F110/><W97/><G35/><T24/><D41/><U10/><E87/><V80/><F21/><W56/><G84/><T7/><D7/><U18/><E40/><V117/><F117/><W76/><G76/><T15/><D15/><N who="1" m="7543" /><E48/><V63/><F50/><W109/><G109/><T73/><D73/><U8/><E8/><V20/><F20/><W44/><G42/><T68/><D68/><U123/><E123/><V102/><F75/><W27/><G27/><T57/><D99/><U94/><E94/><V54/><F79/><W22/><G33/><T124/><D124/><U83/><E83/><V62/><F81/><W116/><G116/><T37/><D30/><U111/><E111/><V113/><F9/><W92/><G31/><T114/><D32/><U28/><E28/><V122/><F122/><W132/><G105/><T6/><D6/><U23/><E23/><V60/><F60/><W65/><G22/><T74/><D74/><U49/><E49/><V135/><F54/><W107/><G26/><T45/><D37/><U78/><E78/><V55/><F55/><W95/><G107/><T100/><D106/><U61/><E61/><V91/><F39/><W89/><G97/><T131/><D104/><U52/><E52/><V127/><F38/><W77/><G77/><RYUUKYOKU ba="0,0" sc="250,-10,250,30,250,-10,250,-10" hai1="4,11,125,126,128,129,130" /><INIT seed="1,1,0,0,4,8" ten="240,280,240,240" oya="1" hai0="35,45,116,68,40,12,28,118,122,100,102,11,24" hai1="106,37,91,32,93,94,29,85,72,79,9,57,78" hai2="59,7,96,115,66,10,114,90,109,1,125,129,81" hai3="49,92,134,130,67,113,87,50,61,41,63,3,17"/><U53/><E37/><V80/><F109/><W44/><G3/><T4/><D68/><U107/><E9/><V69/><F69/><W33/><G33/><T89/><D89/><U135/><E32/><V64/><F129/><W88/><G113/><N who="2" m="43017" /><F125/><W126/><G134/><T15/><D15/><U19/><E29/><V86/><F59/><W13/><G130/><T14/><D14/><U31/><E31/><V55/><F55/><W70/><G126/><T110/><D110/><U76/><E19/><V56/><F56/><W119/><G63/><T77/><D77/><N who="1" m="29803" /><E53/><V123/><F123/><W108/><G119/><T27/><D27/><U95/><E57/><V82/><F96/><W22/><REACH who="3" step="1"/><G108/><REACH who="3" ten="240,280,240,230" step="2"/><T39/><REACH who="0" step="1"/><D122/><REACH who="0" ten="230,280,240,230" step="2"/><U60/><E135/><V58/><F66/><W48/><AGARI ba="1,2" hai="13,17,22,41,44,48,49,50,61,67,70,87,88,92" machi="48" ten="20,12000,2" yaku="1,1,2,1,0,1,7,1,52,1,54,1,53,0" doraHai="8" doraHaiUra="0" who="3" fromWho="3" sc="230,-31,280,-61,240,-31,230,143" /><INIT seed="2,0,0,0,3,64" ten="199,219,209,373" oya="2" hai0="3,88,92,117,14,131,74,128,91,53,63,102,109" hai1="89,62,35,20,120,75,51,42,31,65,13,12,52" hai2="59,56,29,55,23,47,54,49,1,25,11,93,100" hai3="114,84,113,41,18,97,40,24,118,125,26,107,119"/><V90/><F1/><W19/><G84/><T108/><D3/><U21/><E75/><V15/><F100/><W81/><G81/><T135/><D74/><U22/><E42/><V70/><F70/><W79/><G79/><T73/><D73/><U85/><E120/><V33/><F33/><W50/><G50/><T134/><D14/><N who="1" m="5739" /><E35/><V130/><F130/><N who="0" m="49706" /><D117/><U99/><E99/><V101/><F101/><W58/><G97/><N who="0" m="59687" /><D63/><U4/><E4/><V110/><F110/><N who="0" m="42602" /><D53/><U27/><E65/><V37/><F37/><W133/><G119/><T121/><D121/><U8/><E8/><V72/><F54/><W28/><G118/><T80/><D80/><N who="1" m="49319" /><E62/><V127/><F72/><W38/><G38/><T87/><D87/><U9/><E9/><V68/><F68/><W0/><G0/><T39/><D39/><U36/><E36/><V44/><F11/><W10/><G10/><T77/><D77/><U48/><E48/><N who="2" m="29087" /><F15/><W76/><G41/><T30/><D30/><U66/><E66/><V67/><F67/><W78/><G40/><T132/><AGARI ba="0,0" hai="88,91,132,134,135" m="42602,59687,49706" machi="132" ten="40,12000,2" yaku="20,1,19,1,14,1,34,2,54,1" doraHai="64" who="0" fromWho="0" sc="199,120,219,-30,209,-60,373,-30" /><INIT seed="3,0,0,3,1,23" ten="319,189,149,343" oya="3" hai0="9,78,80,94,95,121,30,38,69,129,19,103,44" hai1="11,17,81,53,107,31,67,91,116,37,27,65,85" hai2="10,62,96,47,51,76,16,106,111,43,119,55,8" hai3="40,124,57,75,117,115,102,66,14,60,63,126,26"/><W6/><G117/><T2/><D69/><U93/><E107/><V24/><F119/><W110/><G75/><T35/><D129/><U118/><E37/><V59/><F111/><W87/><G110/><T71/><D121/><U42/><E42/><V13/><F76/><W1/><G1/><T74/><D103/><U135/><E135/><V120/><F120/><W20/><G115/><T134/><D134/><U90/><E53/><V22/><F106/><W133/><G102/><T79/><D79/><U54/><E54/><V89/><F13/><W132/><G40/><N who="0" m="22551" /><D19/><U114/><E114/><V25/><F25/><W128/><G128/><T36/><D71/><U50/><E50/><V0/><F0/><W56/><G87/><T100/><D100/><U92/><E118/><V97/><F89/><W122/><G122/><T32/><D36/><U39/><E39/><V34/><F34/><W4/><G133/><T58/><D58/><U73/><E116/><V12/><REACH who="2" step="1"/><F10/><REACH who="2" ten="319,189,139,343" step="2"/><N who="3" m="4423" /><G132/><T33/><D35/><U29/><E27/><V101/><F101/><W41/><G26/><N who="0" m="18519" /><D33/><U125/><E90/><V21/><F21/><W105/><G20/><T72/><D72/><U109/><E73/><V113/><F113/><W46/><G105/><T77/><D77/><U64/><E91/><V127/><F127/><W28/><G126/><T131/><D131/><U18/><E125/><V48/><F48/><W84/><G124/><T104/><D104/><U70/><E109/><V82/><F82/><W88/><G88/><T52/><D52/><U7/><E81/><V45/><F45/><W108/><G108/><RYUUKYOKU ba="0,1" sc="319,15,189,-15,139,15,343,-15" hai0="2,9,74,78,80,94,95" hai2="8,12,16,22,24,43,47,51,55,59,62,96,97" owari="344,45.0,174,-23.0,154,-35.0,328,13.0" /></mjloggm>