<mjloggm ver="2.3"><GO type="41" lobby="0"/><UN n0="%E5%B0%B1%E6%B4%BB%E7%94%9F%40%E5%B7%9D%E6%9D%91%E8%BB%8D%E5%9B%A3" n1="%50%75%72%75%74%61%6E" n2="%4C%45%4E%41%55%4C%54" n3="%E3%81%8B%E3%81%AE%E3%82%93%E2%99%AA" dan="15,15,13,14" rate="2031.55,2019.22,1928.83,1956.32" sx="M,M,M,M"/><TAIKYOKU oya="0"/><INIT seed="0,0,0,3,5,11" ten="250,250,250,250" oya="0" hai0="48,135,103,65,68,83,123,12,80,57,100,24,85" hai1="99,120,132,117,10,81,114,101,82,15,72,8,55" hai2="87,73,60,33,133,129,96,54,31,6,5,64,124" hai3="9,22,131,134,115,78,36,41,29,88,77,20,30"/><T95/><D123/><U106/><E120/><V121/><F73/><W86/><G115/><T42/><D68/><U74/><E117/><V112/><F112/><W25/><G131/><T56/><D135/><U125/><E132/><V69/><F133/><W108/><G41/><T40/><D24/><U63/><E125/><V34/><F121/><W107/><G36/><T43/><D83/><U79/><E114/><V105/><F87/><W16/><G107/><T102/><D95/><U47/><E8/><V93/><F34/><W23/><G108/><T27/><D65/><U91/><E91/><V52/><F93/><W17/><G134/><T26/><D26/><U3/><E3/><V21/><F21/><N who="3" m="8299" /><G9/><T62/><D27/><U89/><E89/><V128/><F124/><W50/><G50/><T97/><D97/><U111/><E111/><V37/><F37/><W76/><G30/><T1/><D1/><U14/><E10/><V35/><F35/><W61/><G61/><T51/><D12/><U2/><E2/><V127/><F127/><W104/><G104/><T46/><D62/><U113/><E113/><V53/><F31/><W45/><G45/><N who="0" m="25639" /><D42/><U94/><E106/><V71/><F33/><W90/><G90/><AGARI ba="0,0" hai="43,46,51,56,57,80,85,90,100,102,103" m="25639" machi="90" ten="30,1500,0" yaku="8,1" doraHai="11" who="0" fromWho="3" sc="250,15,250,0,250,0,250,-15" /><INIT seed="0,1,0,3,2,87" ten="265,250,250,235" oya="0" hai0="28,79,55,32,105,128,100,10,51,96,24,59,41" hai1="31,103,125,74,129,12,110,118,22,42,90,60,116" hai2="113,104,106,18,82,73,34,1,102,58,124,120,130" hai3="36,17,25,44,65,48,133,23,99,64,75,35,108"/><T83/><D128/><U67/><E110/><V38/><RYUUKYOKU type="yao9" ba="1,0" sc="265,0,250,0,250,0,235,0" hai2="1,18,34,38,58,73,82,102,104,106,113,120,124,130" /><INIT seed="0,2,0,1,4,27" ten="265,250,250,235" oya="0" hai0="57,21,35,11,93,47,69,119,95,44,76,83,101" hai1="4,53,88,71,41,102,55,78,81,63,29,128,85" hai2="2,110,23,3,132,17,113,54,87,46,38,68,0" hai3="31,52,79,14,126,20,120,8,108,123,129,111,26"/><T36/><D35/><U5/><E128/><V86/><F68/><W22/><G79/><T25/><D69/><U61/><E102/><V13/><F113/><W80/><G80/><T60/><D119/><U109/><E109/><N who="3" m="42058" /><G129/><T9/><D36/><U34/><E41/><V125/><F110/><W39/><G39/><T15/><D47/><U16/><E63/><V84/><F125/><W18/><G126/><T45/><D45/><U104/><E104/><V33/><F33/><N who="3" m="20727" /><G52/><N who="0" m="33831" /><D44/><U65/><E78/><V64/><F64/><W127/><G127/><T40/><D40/><U70/><E70/><V106/><F106/><W96/><G96/><N who="0" m="59535" /><D15/><U97/><E71/><V92/><F132/><W94/><G94/><T100/><D100/><U51/><E34/><V32/><F32/><W133/><G133/><T118/><D95/><U7/><E81/><V58/><F92/><W12/><G12/><T10/><D118/><U115/><E115/><V98/><F98/><W131/><G131/><T67/><D67/><U77/><E97/><V74/><F74/><W73/><G73/><T6/><D6/><U56/><E65/><V116/><F116/><W91/><G91/><T50/><D50/><U117/><E88/><V135/><F135/><W24/><G22/><T107/><D107/><U103/><E4/><AGARI ba="2,0" hai="4,8,14,18,20,24,120,123" m="20727,42058" machi="4" ten="30,7700,0" yaku="14,1,34,2,52,1" doraHai="27" who="3" fromWho="1" sc="265,0,250,-83,250,0,235,83" /><INIT seed="1,0,0,0,3,99" ten="265,167,250,318" oya="1" hai0="37,14,133,13,72,32,91,94,81,7,20,118,68" hai1="131,8,9,41,26,90,42,110,57,50,108,22,61" hai2="16,10,70,62,102,69,59,47,71,23,67,82,79" hai3="88,33,104,44,111,89,96,48,115,63,128,87,65"/><U4/><E90/><V66/><F10/><W24/><G111/><N who="1" m="42538" /><E131/><V18/><F47/><W107/><G128/><T29/><D68/><U92/><E92/><V19/><F23/><W103/><G115/><T113/><D72/><U98/><E98/><V84/><REACH who="2" step="1"/><F102/><REACH who="2" ten="265,167,240,318" step="2"/><W127/><G103/><T60/><D20/><U86/><E8/><V97/><F97/><W49/><G96/><T40/><D7/><U129/><E129/><V75/><F75/><W28/><G33/><T64/><D118/><U11/><E86/><V95/><F95/><W85/><G87/><T130/><D94/><U30/><E9/><V100/><F100/><W125/><G85/><T105/><D105/><U56/><E11/><V27/><F27/><W25/><G44/><T51/><D32/><U126/><E4/><V58/><F58/><W114/><G114/><T123/><D123/><U134/><E57/><V74/><F74/><W112/><G112/><T21/><D130/><U132/><E56/><V36/><F36/><W121/><G121/><T43/><D21/><U55/><E26/><V54/><AGARI ba="0,1" hai="16,18,19,54,59,62,66,67,69,70,71,79,82,84" machi="54" ten="40,5200,0" yaku="1,1,0,1,54,1,53,0" doraHai="99" doraHaiUra="120" who="2" fromWho="2" sc="265,-13,167,-26,240,62,318,-13" /><INIT seed="2,0,0,1,5,19" ten="252,141,302,305" oya="2" hai0="95,130,88,111,84,30,20,13,40,114,51,50,54" hai1="56,55,119,104,63,52,28,117,122,118,134,66,83" hai2="42,26,22,120,74,53,1,126,33,10,98,69,72" hai3="3,64,127,97,12,45,124,77,7,125,38,99,92"/><V5/><F120/><W25/><G77/><T121/><D114/><U67/><E104/><V59/><F69/><W17/><G64/><N who="1" m="24618" /><E83/><V11/><F33/><W48/><G38/><T108/><D121/><U18/><E28/><V41/><F126/><W79/><G79/><T31/><D130/><U87/><E87/><V80/><F10/><N who="3" m="2431" /><G25/><T129/><D129/><U57/><E18/><V131/><F131/><W73/><G92/><T65/><D65/><N who="1" m="39143" /><E122/><V93/><F74/><W106/><G106/><T112/><D40/><U91/><E91/><V58/><F58/><W107/><G73/><T60/><D112/><U0/><E0/><V15/><F1/><W62/><G62/><T102/><D102/><U68/><E68/><V110/><F110/><N who="0" m="42026" /><D60/><N who="1" m="35879" /><E55/><V70/><F70/><W23/><G107/><T78/><D78/><U75/><E75/><V116/><F80/><W37/><G37/><T14/><D54/><AGARI ba="0,0" hai="12,17,23,45,48,54,97,99,124,125,127" m="2431" machi="54" ten="30,2000,0" yaku="18,1,52,1" doraHai="19" who="3" fromWho="0" sc="252,-20,141,0,302,0,305,20" /><INIT seed="3,0,0,2,1,98" ten="232,141,302,325" oya="3" hai0="112,0,134,23,91,42,123,11,114,129,48,113,115" hai1="24,19,25,4,46,78,32,108,58,62,22,111,103" hai2="135,60,43,131,57,12,86,44,21,20,125,56,40" hai3="77,39,119,59,117,105,96,94,102,28,18,85,71"/><W70/><G39/><T74/><D74/><U55/><E78/><V27/><F125/><W34/><G70/><T67/><D123/><U37/><E4/><V128/><F135/><W2/><G71/><T6/><D134/><U121/><E121/><V3/><F3/><W101/><G2/><T5/><D129/><U29/><E37/><V68/><F68/><W45/><G34/><T97/><D6/><U15/><E46/><V30/><F86/><W38/><G38/><T36/><D36/><U99/><REACH who="1" step="1"/><E25/><REACH who="1" ten="232,131,302,325" step="2"/><V1/><F44/><W72/><G77/><T53/><D112/><U132/><E132/><V79/><F79/><W33/><G45/><T26/><D42/><U106/><AGARI ba="0,1" hai="15,19,22,24,29,32,55,58,62,99,103,106,108,111" machi="106" ten="30,7900,0" yaku="1,1,0,1,52,1,53,1" doraHai="98" doraHaiUra="49" who="1" fromWho="1" sc="232,-20,131,89,302,-20,325,-39" /><INIT seed="4,0,0,4,0,117" ten="212,220,282,286" oya="0" hai0="6,127,19,113,20,74,38,27,114,123,118,104,129" hai1="99,54,32,90,50,102,14,94,89,22,1,36,120" hai2="55,58,134,43,26,28,131,45,95,84,18,92,25" hai3="44,135,100,15,93,47,66,86,108,85,9,34,98"/><T77/><D104/><U119/><E119/><V61/><F134/><W12/><G34/><T37/><D118/><U62/><E36/><V3/><F3/><W75/><G75/><T76/><D127/><U133/><E133/><V49/><F131/><W70/><G70/><T91/><D129/><U16/><E32/><V60/><F60/><W128/><G135/><T51/><D6/><U33/><E33/><V31/><F18/><N who="3" m="8463" /><G128/><T126/><D126/><U2/><E120/><V23/><REACH who="2" step="1"/><F84/><REACH who="2" ten="212,220,272,286" step="2"/><W64/><G86/><T0/><D0/><U24/><E62/><V96/><F96/><W72/><G85/><T69/><D74/><U5/><E1/><V79/><F79/><W112/><G98/><T48/><D77/><U10/><REACH who="1" step="1"/><E2/><REACH who="1" ten="212,210,272,286" step="2"/><V56/><F56/><AGARI ba="0,2" hai="5,10,14,16,22,24,50,54,56,89,90,94,99,102" machi="56" ten="30,8000,1" yaku="1,1,2,1,7,1,8,1,54,1,53,0" doraHai="117" doraHaiUra="65" who="1" fromWho="2" sc="212,0,210,100,272,-80,286,0" /><INIT seed="5,0,0,2,2,85" ten="212,310,192,286" oya="1" hai0="8,91,102,121,26,12,16,90,70,56,1,14,98" hai1="67,42,39,126,4,125,34,41,76,97,78,82,45" hai2="62,127,18,104,73,123,21,89,84,24,129,128,59" hai3="96,108,80,53,109,64,7,17,101,51,118,119,94"/><U33/><E41/><V36/><F73/><W81/><G64/><T74/><D70/><U22/><E4/><V6/><F36/><W113/><G7/><N who="0" m="3103" /><D1/><U87/><E67/><V2/><F104/><W57/><G113/><T116/><D74/><U44/><E44/><V32/><F123/><W60/><G109/><T106/><D106/><U72/><E97/><V86/><F86/><W133/><G133/><T35/><D121/><U66/><E66/><V20/><F32/><N who="1" m="12393" /><E22/><V25/><F6/><W10/><G108/><T23/><D35/><U69/><E69/><V49/><F49/><W47/><G118/><T132/><D132/><U131/><E131/><V68/><F68/><W28/><G28/><N who="0" m="17503" /><D116/><U40/><E40/><V117/><F2/><W43/><G119/><T9/><D102/><U122/><E122/><V112/><F117/><W71/><G71/><T15/><D98/><U100/><E100/><V77/><F77/><W88/><G101/><T111/><D111/><U95/><E72/><V65/><F112/><W79/><G79/><T135/><D135/><U58/><E78/><V75/><F75/><W55/><G43/><T30/><D30/><U27/><E42/><V50/><F50/><W93/><G93/><T83/><D83/><U103/><E95/><N who="2" m="54695" /><F127/><W105/><G105/><T114/><D114/><U54/><E126/><V99/><F99/><W134/><G134/><T0/><D0/><U46/><E125/><V3/><F3/><W110/><G110/><T13/><D56/><U11/><E58/><V120/><F120/><W48/><G51/><T92/><D92/><RYUUKYOKU ba="0,0" sc="212,10,310,-30,192,10,286,10" hai0="9,13,14,15,16,90,91" hai2="18,20,21,24,25,59,62,65,128,129" hai3="10,17,47,48,53,55,57,60,80,81,88,94,96" /><INIT seed="6,1,0,1,1,116" ten="222,280,202,296" oya="2" hai0="47,28,91,114,50,15,76,45,17,107,121,101,66" hai1="36,19,122,63,52,20,62,110,125,8,0,59,71" hai2="95,113,83,14,21,89,2,1,34,131,124,27,126" hai3="106,86,49,54,90,99,80,43,5,38,75,64,13"/><V88/><F34/><W46/><G64/><T85/><D114/><U118/><E118/><V87/><F113/><W98/><G75/><T119/><D119/><U115/><E110/><V108/><F108/><W7/><G106/><T79/><D121/><U67/><E115/><V132/><F14/><W109/><G109/><T94/><D28/><U68/><E36/><V6/><F132/><W30/><G30/><T69/><D69/><U133/><E133/><V4/><F131/><W37/><G37/><T73/><D66/><U44/><E125/><V120/><F120/><W74/><G74/><T130/><D130/><U111/><E111/><V32/><F32/><W22/><G5/><T25/><D25/><U3/><E122/><V81/><F95/><W82/><G82/><T12/><D12/><U55/><E71/><V10/><F21/><W40/><G40/><T57/><D73/><U39/><E8/><V127/><F27/><W9/><REACH who="3" step="1"/><G22/><REACH who="3" ten="222,280,202,286" step="2"/><T16/><D107/><U23/><E20/><V42/><F42/><W105/><G105/><T72/><D72/><U65/><E67/><V58/><F58/><AGARI ba="1,1" hai="7,9,13,38,43,46,49,54,58,80,86,90,98,99" machi="58" ten="30,3900,0" yaku="1,1,7,1,53,1" doraHai="116" doraHaiUra="77" who="3" fromWho="2" sc="222,0,280,0,202,-42,286,52" /><INIT seed="7,0,0,0,4,18" ten="222,280,160,338" oya="3" hai0="43,124,95,133,69,110,129,90,58,54,4,61,29" hai1="74,10,38,83,131,76,72,5,6,12,49,55,101" hai2="77,3,23,92,20,115,8,15,27,7,37,26,75" hai3="96,86,94,70,32,17,67,73,107,35,123,135,108"/><W33/><G123/><T1/><D110/><U9/><E38/><V122/><F92/><W57/><G73/><T88/><D124/><U68/><E131/><V84/><F84/><W134/><G70/><T71/><D129/><U118/><E68/><V119/><F37/><W19/><G107/><T2/><D133/><N who="3" m="50697" /><G86/><T56/><D43/><U109/><E101/><V104/><F104/><W125/><G125/><T45/><D45/><U132/><E132/><V48/><F48/><W41/><G41/><T100/><D100/><U105/><E105/><V40/><F40/><W14/><G14/><T103/><D103/><U36/><E36/><V93/><F93/><W66/><G108/><T98/><D29/><U78/><E109/><V106/><F106/><W59/><G57/><T85/><D56/><U97/><E97/><V62/><F62/><N who="3" m="38239" /><G67/><T126/><D126/><U13/><E118/><V65/><F65/><W82/><G82/><T11/><REACH who="0" step="1"/><D2/><REACH who="0" ten="212,280,160,338" step="2"/><U113/><E113/><V42/><F42/><W128/><G128/><T53/><D53/><U116/><E116/><V0/><F119/><W117/><G117/><T28/><D28/><U16/><E55/><V102/><F102/><AGARI ba="0,1" hai="17,19,32,33,35,94,96,102" m="38239,50697" machi="102" ten="40,2000,0" yaku="20,1" doraHai="18" who="3" fromWho="2" sc="212,0,280,0,160,-20,338,30" owari="212,-19.0,280,8.0,140,-36.0,368,47.0" /></mjloggm>