<mjloggm ver="2.3"><GO type="169" lobby="0"/><UN n0="%4E%61%72%75%6B%61" n1="%E2%99%AA%E3%82%A6%E3%82%B5%E3%82%AE%E2%99%AA" n2="%6A%75%6D%70%2D%75%70" n3="%E3%82%A6%E3%83%AB%E3%83%88%E3%83%A9%E7%AB%8B%E7%9B%B4" dan="16,16,16,17" rate="2061.53,2090.88,2095.42,2140.30" sx="F,F,M,M"/><TAIKYOKU oya="0"/><INIT seed="0,0,0,3,5,108" ten="250,250,250,250" oya="0" hai0="24,40,132,100,2,27,34,32,92,85,123,29,80" hai1="28,121,69,95,122,91,76,41,48,0,118,101,10" hai2="59,60,68,31,43,42,47,84,97,87,52,54,67" hai3="98,70,16,79,15,114,128,5,3,18,53,93,135"/><T44/><D123/><U94/><E69/><V107/><F31/><W17/><G70/><T35/><D132/><U130/><E118/><V30/><F42/><W106/><G106/><T109/><D109/><U51/><E76/><V133/><F133/><W22/><G135/><T25/><D2/><U1/><E28/><V56/><F30/><W6/><G114/><T119/><D119/><U23/><E23/><V120/><F120/><W12/><G128/><T55/><D29/><U11/><E41/><V50/><F56/><W89/><G3/><T103/><D55/><U45/><E45/><V105/><F54/><W117/><G117/><T86/><D92/><U66/><E66/><V33/><F33/><W14/><G22/><T78/><REACH who="0" step="1"/><D86/><REACH who="0" ten="240,250,250,250" step="2"/><U37/><E121/><V111/><F111/><W81/><REACH who="3" step="1"/><G53/><REACH who="3" ten="240,250,250,240" step="2"/><T125/><D125/><U90/><E122/><V71/><F105/><W113/><G113/><T104/><D104/><U124/><E124/><V21/><F107/><W112/><G112/><T73/><D73/><AGARI ba="0,2" hai="5,6,12,14,15,16,17,18,73,79,81,89,93,98" machi="73" ten="40,2600,0" yaku="1,1,54,1,53,0" doraHai="108" doraHaiUra="65" who="3" fromWho="0" sc="240,-26,250,0,250,0,240,46" /><INIT seed="1,0,0,3,2,0" ten="214,250,250,286" oya="1" hai0="10,61,70,81,57,115,54,59,118,9,30,72,53" hai1="40,94,120,73,32,90,3,134,98,133,88,39,82" hai2="66,76,46,84,107,28,34,102,67,11,51,108,48" hai3="105,89,58,33,62,83,101,45,24,111,37,87,69"/><U52/><E32/><V130/><F130/><W56/><G45/><T27/><D115/><U2/><E120/><V44/><F108/><W122/><G37/><T117/><D70/><U95/><E73/><V85/><F28/><N who="3" m="19591" /><G111/><T113/><D113/><U103/><E82/><V124/><F34/><W64/><G122/><T71/><D71/><U42/><E39/><V21/><F124/><W55/><G55/><T23/><D118/><U104/><E104/><V29/><F102/><W20/><G20/><T6/><D117/><U129/><E129/><V97/><F97/><AGARI ba="0,0" hai="56,58,62,64,69,83,87,89,97,101,105" m="19591" machi="97" ten="30,1000,0" yaku="25,1" doraHai="0" who="3" fromWho="2" sc="214,0,250,0,250,-10,286,10" /><INIT seed="2,0,0,2,5,44" ten="214,250,240,296" oya="2" hai0="67,9,100,115,1,58,27,20,87,88,123,52,89" hai1="29,127,19,79,34,2,75,112,12,11,7,41,126" hai2="68,30,101,97,78,108,80,135,10,113,131,116,117" hai3="37,96,72,66,5,53,36,16,74,84,95,98,102"/><V128/><F68/><W103/><G5/><T133/><D115/><U57/><E112/><V83/><F113/><W111/><G66/><T46/><D133/><U85/><E85/><N who="2" m="48279" /><F30/><W56/><G111/><T81/><D123/><U60/><E75/><V0/><F0/><W45/><G84/><T3/><D100/><U130/><E79/><V40/><F40/><W104/><G16/><T69/><D69/><U31/><E41/><V99/><F99/><W63/><REACH who="3" step="1"/><G45/><REACH who="3" ten="214,250,240,286" step="2"/><T122/><D122/><U55/><E31/><V76/><F108/><W82/><G82/><T42/><D3/><U49/><E29/><V105/><F10/><W28/><G28/><N who="0" m="17511" /><D9/><U121/><E121/><V77/><F135/><W35/><G35/><T38/><D1/><U47/><E34/><V17/><F17/><W129/><G129/><N who="2" m="49737" /><F77/><W61/><G61/><N who="0" m="36039" /><D67/><U119/><E130/><V22/><F22/><W8/><G8/><T65/><D65/><N who="1" m="39055" /><E2/><V124/><F124/><N who="1" m="47657" /><E7/><V107/><F107/><W4/><G4/><T15/><D15/><U32/><E32/><V114/><F114/><W70/><G70/><T109/><D109/><U25/><E25/><V73/><AGARI ba="0,1" hai="73,76,83,97,101,105,116,117" m="49737,48279" machi="73" ten="30,6000,0" yaku="19,1,34,2" doraHai="44" who="2" fromWho="2" sc="214,-20,250,-20,240,70,286,-20" /><INIT seed="2,1,0,4,4,86" ten="194,230,310,266" oya="2" hai0="46,96,81,65,76,40,57,4,85,83,114,105,48" hai1="45,124,125,118,61,52,111,134,36,37,91,90,122" hai2="72,107,70,23,29,73,89,56,8,21,42,9,97" hai3="77,7,50,64,2,14,127,109,49,113,28,126,99"/><V43/><F70/><W20/><G109/><T93/><D114/><U115/><E118/><V100/><F29/><W27/><G2/><T87/><D105/><U132/><E115/><V78/><F56/><W15/><G113/><T34/><D34/><U121/><E111/><V106/><F78/><W18/><G64/><T66/><D4/><U16/><E61/><V128/><F97/><W19/><G77/><T110/><D110/><U79/><E79/><V58/><F58/><W80/><G80/><T130/><D130/><U68/><E16/><N who="3" m="6186" /><G99/><T75/><D75/><U67/><E67/><N who="0" m="25609" /><D57/><U119/><E119/><V69/><F69/><W98/><G98/><T31/><D31/><U103/><E103/><V84/><F100/><W3/><G50/><T92/><D96/><U10/><E68/><V33/><F84/><N who="0" m="32330" /><D76/><U30/><E30/><V47/><F33/><W123/><G49/><T6/><D6/><U94/><E10/><V102/><F102/><W38/><G38/><T12/><D12/><N who="3" m="4649" /><G123/><T17/><D17/><U112/><E112/><V51/><F51/><W108/><G108/><T62/><D62/><U82/><E82/><AGARI ba="1,0" hai="40,46,48,81,82,83,92,93" m="32330,25609" machi="82" ten="30,1000,0" yaku="8,1" doraHai="86" who="0" fromWho="1" sc="194,13,230,-13,310,0,266,0" /><INIT seed="3,0,0,1,0,74" ten="207,217,310,266" oya="3" hai0="91,60,107,109,53,128,119,27,52,112,108,38,87" hai1="50,12,94,83,61,46,54,115,11,56,63,102,21" hai2="69,0,47,135,8,123,67,84,106,4,14,3,117" hai3="57,7,78,90,5,13,29,129,42,70,81,58,16"/><W48/><G70/><T43/><D119/><U28/><E115/><V120/><F117/><W23/><G29/><T71/><D128/><U104/><E104/><V77/><F106/><W127/><G127/><T18/><D107/><U44/><E102/><V118/><F135/><W82/><G129/><T105/><D105/><U15/><E94/><V6/><F6/><W34/><G34/><T85/><D112/><U86/><E46/><V10/><F10/><W40/><G40/><T103/><D103/><U33/><E33/><V131/><F131/><W55/><G42/><T132/><D132/><U72/><E72/><V68/><F47/><W35/><G35/><T41/><D38/><U30/><E61/><N who="2" m="40047" /><F69/><W22/><G22/><N who="0" m="13783" /><D43/><U111/><E111/><N who="0" m="42569" /><D41/><U101/><E101/><V17/><F4/><W98/><G58/><T24/><D24/><U51/><E51/><V121/><F118/><W116/><G116/><T66/><D87/><U89/><E21/><V99/><F99/><W80/><REACH who="3" step="1"/><G78/><REACH who="3" ten="207,217,310,256" step="2"/><T97/><D97/><U134/><E134/><V79/><F79/><W59/><G59/><T93/><AGARI ba="0,1" hai="52,53,60,66,71,85,91,93" m="42569,13783" machi="93" ten="30,2000,0" yaku="14,1,54,1" doraHai="74" who="0" fromWho="0" sc="207,30,217,-5,310,-5,256,-10" /><INIT seed="4,0,0,5,0,57" ten="237,212,305,246" oya="0" hai0="56,79,17,52,59,64,103,0,82,111,50,3,129" hai1="114,60,92,12,13,25,54,73,5,55,21,42,126" hai2="66,62,78,32,81,9,116,124,130,27,83,113,19" hai3="2,10,44,132,131,33,58,39,91,70,7,93,14"/><T100/><D129/><U63/><E73/><V8/><F113/><W74/><G70/><T49/><D111/><U22/><E126/><V87/><F124/><W24/><G132/><T68/><D68/><U85/><E114/><V53/><F53/><N who="1" m="19977" /><E42/><V102/><F102/><W80/><G58/><T107/><D107/><U123/><E123/><V109/><F130/><W121/><G14/><N who="1" m="5738" /><E5/><V16/><F109/><W125/><G121/><T35/><D35/><U106/><E106/><V89/><F116/><W72/><G72/><T43/><D43/><U69/><E69/><V77/><F32/><W133/><G33/><T41/><D41/><U46/><E46/><V67/><F27/><W112/><G44/><T127/><D127/><U97/><E85/><V29/><F29/><W105/><G105/><T84/><D17/><N who="1" m="12463" /><E22/><V86/><F89/><AGARI ba="0,0" hai="60,63,89,92,97" m="12463,5738,19977" machi="89" ten="30,3900,0" yaku="8,1,52,2" doraHai="57" who="1" fromWho="2" sc="237,0,212,39,305,-39,246,0" /><INIT seed="5,0,0,0,0,32" ten="237,251,266,246" oya="1" hai0="49,46,93,101,35,131,56,77,59,87,1,66,84" hai1="30,126,133,48,127,134,37,31,88,54,105,45,96" hai2="118,6,50,47,82,51,103,24,132,97,39,43,86" hai3="38,15,71,67,27,2,116,33,111,69,109,124,55"/><U81/><E37/><V75/><F132/><N who="1" m="50793" /><E105/><V130/><F130/><W22/><G15/><T19/><D131/><U91/><E96/><V76/><F75/><W113/><G22/><T3/><D35/><U120/><E120/><V23/><F6/><W9/><G55/><T8/><D19/><U10/><E10/><V98/><F98/><W128/><G128/><T72/><D72/><U99/><E99/><V125/><F125/><N who="1" m="47625" /><E81/><V73/><F73/><W29/><G124/><T65/><D8/><U63/><E63/><V52/><F118/><W4/><G116/><T7/><D101/><U85/><E85/><V102/><F97/><W129/><G129/><T53/><D93/><U112/><E112/><V107/><F39/><W41/><G113/><T36/><D36/><U123/><E123/><V80/><F80/><W104/><G104/><T100/><D100/><U28/><AGARI ba="0,0" hai="28,30,31,45,48,54,88,91" m="47625,50793" machi="28" ten="40,7800,0" yaku="20,1,18,1,54,1" doraHai="32" who="1" fromWho="1" sc="237,-26,251,78,266,-26,246,-26" /><INIT seed="5,1,0,2,0,65" ten="211,329,240,220" oya="1" hai0="56,38,41,70,30,79,51,29,63,76,6,96,50" hai1="10,130,132,135,37,33,112,55,103,27,20,113,47" hai2="26,115,131,22,18,40,97,72,15,60,1,82,68" hai3="17,116,54,77,21,123,124,105,85,86,108,89,44"/><U118/><E103/><V109/><F131/><W36/><G105/><T134/><D134/><N who="1" m="51243" /><E118/><V9/><F109/><W95/><G124/><T84/><D96/><U129/><E37/><V12/><F97/><W98/><G123/><T92/><D6/><U87/><E87/><V59/><F40/><W100/><G116/><T75/><D75/><U11/><E55/><V74/><F1/><W93/><G108/><T4/><D4/><U42/><E47/><V61/><F15/><W122/><G122/><T28/><D38/><U48/><E48/><V88/><F68/><W126/><G126/><T2/><D2/><U128/><E42/><V80/><F61/><W111/><G111/><T71/><D41/><U13/><E33/><V16/><F115/><N who="1" m="44105" /><E13/><V101/><F101/><W24/><G36/><T46/><D46/><U91/><E91/><V3/><F3/><W99/><G77/><T23/><D76/><U7/><E7/><V69/><F69/><W107/><G107/><T120/><D79/><U78/><E78/><V14/><F14/><W43/><G43/><T62/><D56/><U32/><E32/><V117/><F117/><W119/><G119/><T25/><D84/><U94/><E94/><V34/><F34/><W102/><G89/><T39/><D92/><U73/><E73/><N who="2" m="28267" /><F88/><W8/><G44/><T127/><D39/><U52/><E52/><N who="2" m="33895" /><F80/><W110/><G54/><T121/><D127/><U67/><E67/><V58/><F82/><W45/><G45/><T49/><D121/><U5/><E5/><V104/><F104/><W35/><G35/><T64/><D120/><RYUUKYOKU ba="1,0" sc="211,10,329,10,240,10,220,-30" hai0="23,25,28,29,30,49,50,51,62,63,64,70,71" hai1="10,11,20,27,128,129,130" hai2="9,12,16,18,22,26,58" /><INIT seed="5,2,0,2,2,87" ten="221,339,250,190" oya="1" hai0="115,52,109,18,135,122,19,43,124,49,29,31,56" hai1="97,32,10,1,119,126,131,25,80,110,108,88,94" hai2="81,129,103,93,20,67,133,72,2,123,35,73,77" hai3="86,62,13,44,71,23,68,117,63,55,16,92,39"/><U76/><E119/><V47/><F35/><W83/><G117/><T21/><D109/><U30/><E131/><V6/><F129/><W53/><G92/><T0/><D122/><U28/><E28/><N who="0" m="10825" /><D135/><U132/><E132/><V107/><F107/><W5/><G5/><T79/><D124/><U8/><E126/><V48/><F123/><W7/><G7/><T40/><D0/><U134/><E134/><V127/><F127/><W96/><G96/><T101/><D115/><U27/><E27/><V12/><F2/><W75/><G75/><T125/><D125/><U58/><E58/><V51/><F73/><W57/><G63/><T69/><D69/><U17/><E17/><N who="0" m="6153" /><D101/><U74/><REACH who="1" step="1"/><E1/><REACH who="1" ten="221,329,250,190" step="2"/><V36/><F133/><W113/><G71/><T85/><D21/><U120/><E120/><V22/><F20/><W42/><G68/><T84/><D79/><U91/><E91/><V116/><F22/><W61/><G113/><T100/><D100/><U3/><E3/><V90/><F90/><W59/><G59/><T114/><D114/><U38/><E38/><V128/><F77/><W66/><G61/><T11/><D11/><AGARI ba="2,1" hai="8,10,11,25,30,32,74,76,80,88,94,97,108,110" machi="11" ten="40,7700,0" yaku="1,1,52,1,54,1,53,0" doraHai="87" doraHaiUra="41" who="1" fromWho="0" sc="221,-83,329,93,250,0,190,0" /><INIT seed="5,3,0,1,3,115" ten="138,422,250,190" oya="1" hai0="60,66,93,43,62,116,30,111,15,2,8,41,108" hai1="57,128,76,65,125,58,17,49,84,96,19,68,81" hai2="105,132,99,36,92,51,78,73,1,44,16,55,3" hai3="21,38,118,52,32,124,12,75,63,119,123,54,50"/><U29/><E128/><V133/><F105/><W90/><G32/><T121/><D121/><U112/><E112/><V104/><F104/><W82/><G38/><T5/><D93/><U13/><E125/><V25/><F36/><W28/><G123/><T61/><D30/><U72/><E29/><V103/><F78/><W102/><G102/><T120/><D120/><U39/><E39/><V97/><F97/><W33/><G33/><T7/><D66/><U122/><E122/><V134/><F73/><W20/><G124/><T91/><D91/><U42/><E72/><V80/><F80/><W98/><G98/><T10/><D15/><U135/><E96/><V131/><F131/><W67/><G12/><T26/><D26/><U23/><E135/><V107/><F107/><W64/><G64/><T6/><D2/><U114/><E68/><V109/><F109/><W9/><G9/><N who="0" m="3691" /><D116/><N who="3" m="44585" /><G28/><T87/><D87/><U31/><E65/><V110/><F110/><AGARI ba="3,0" hai="5,6,7,41,43,60,61,62,108,110,111" m="3691" machi="110" ten="40,2600,0" yaku="28,2" doraHai="115" who="0" fromWho="2" sc="138,35,422,0,250,-35,190,0" /><INIT seed="6,0,0,1,4,84" ten="173,422,215,190" oya="2" hai0="107,46,70,121,17,34,135,111,52,54,90,3,36" hai1="96,13,91,8,40,117,127,79,18,39,57,61,92" hai2="32,6,98,21,35,33,133,80,123,25,93,134,41" hai3="71,60,109,19,118,63,130,23,53,112,78,110,73"/><V76/><F41/><W122/><G118/><T87/><D111/><U95/><E127/><V86/><F6/><W9/><G122/><T113/><D121/><U69/><E69/><V56/><F56/><W82/><G130/><T97/><D135/><U101/><E117/><V88/><REACH who="2" step="1"/><F123/><REACH who="2" ten="173,422,205,190" step="2"/><W11/><G110/><T44/><D70/><U22/><E40/><V15/><F15/><W24/><G109/><T75/><D3/><U10/><E39/><V124/><F124/><W119/><G119/><T4/><D4/><U108/><E108/><V74/><F74/><W62/><G71/><T132/><D75/><U99/><REACH who="1" step="1"/><E79/><REACH who="1" ten="173,412,205,190" step="2"/><V94/><F94/><W28/><G78/><T120/><D120/><U129/><E129/><V30/><AGARI ba="0,2" hai="21,25,30,32,33,35,76,80,86,88,93,98,133,134" machi="30" ten="40,12000,1" yaku="1,1,0,1,52,1,54,1,53,0" doraHai="84" doraHaiUra="58" who="2" fromWho="2" sc="173,-40,412,-40,205,140,190,-40" /><INIT seed="6,1,0,1,5,117" ten="133,372,345,150" oya="2" hai0="81,36,19,123,7,3,30,13,77,103,124,108,93" hai1="54,76,5,91,128,134,1,38,129,105,78,33,27" hai2="51,104,135,86,49,65,11,112,47,43,130,73,70" hai3="68,32,31,58,84,75,41,2,107,18,21,74,95"/><V120/><F120/><W79/><G68/><T45/><D108/><U96/><E38/><V115/><F73/><W44/><G107/><T24/><D124/><U52/><E134/><V8/><F104/><W37/><G2/><T111/><D111/><U85/><E5/><V66/><F135/><W59/><G31/><T42/><D103/><U97/><E1/><V23/><F130/><W94/><G32/><T82/><D93/><U87/><E27/><V69/><F23/><W50/><G75/><N who="0" m="43199" /><D82/><U55/><E33/><V9/><F86/><N who="1" m="32777" /><E91/><V106/><F106/><W98/><G37/><T57/><D57/><N who="3" m="21513" /><G98/><N who="1" m="37994" /><E105/><V64/><REACH who="2" step="1"/><F51/><REACH who="2" ten="133,372,335,150" step="2"/><W39/><G74/><T126/><D123/><U92/><E92/><V109/><F109/><W22/><G39/><T110/><D110/><U99/><E99/><V10/><F10/><W121/><G121/><T20/><D126/><U26/><E129/><V127/><F127/><W113/><G21/><T4/><D30/><U48/><E128/><V125/><F125/><W40/><G94/><T114/><D24/><U14/><E26/><V6/><F6/><W35/><G95/><T0/><D7/><U15/><E48/><V12/><F12/><AGARI ba="1,1" hai="12,14,15,52,54,55,76,78" m="37994,32777" machi="12" ten="30,7700,0" yaku="28,2,8,1,54,1" doraHai="117" who="1" fromWho="2" sc="133,0,372,90,335,-80,150,0" /><INIT seed="7,0,0,2,1,20" ten="133,462,255,150" oya="3" hai0="93,13,100,66,6,12,16,104,108,71,127,25,99" hai1="89,111,121,9,42,86,102,120,58,21,2,44,76" hai2="59,70,82,14,33,128,3,92,130,62,18,38,125" hai3="132,109,119,24,26,32,67,34,83,11,72,60,117"/><W40/><G40/><T95/><D108/><U135/><E76/><V55/><F33/><W122/><G122/><T43/><D127/><U68/><E68/><V112/><F3/><W29/><G11/><N who="0" m="4215" /><D104/><U48/><E135/><V51/><F112/><W113/><G132/><T1/><D1/><U31/><E111/><V91/><F82/><W19/><G113/><T134/><D134/><U106/><E58/><V53/><F38/><W5/><G5/><T110/><D110/><U64/><E64/><V124/><F70/><N who="3" m="42343" /><G109/><T129/><D71/><U96/><E2/><V35/><F35/><W131/><G131/><N who="2" m="50217" /><F18/><W22/><G19/><T0/><D0/><U81/><E9/><V69/><F14/><W23/><G22/><N who="0" m="13511" /><D129/><U47/><E47/><N who="2" m="27903" /><F69/><W118/><G23/><T126/><D126/><U123/><E21/><V17/><F17/><W88/><G118/><T65/><D13/><U27/><E121/><V30/><F30/><N who="3" m="19527" /><G72/><T52/><D52/><U101/><E120/><V8/><F8/><W97/><G119/><T90/><D43/><U54/><E42/><V4/><F4/><W73/><G117/><T133/><D133/><U84/><E123/><V75/><F75/><W105/><G73/><T37/><D37/><U85/><E31/><V45/><F45/><W79/><G105/><T39/><D39/><U15/><E106/><V78/><F78/><W49/><G49/><T56/><D56/><U61/><E15/><V116/><F116/><W63/><G63/><T114/><D114/><U115/><E61/><V50/><F62/><W36/><G36/><T28/><D28/><RYUUKYOKU ba="0,0" sc="133,15,462,-15,255,15,150,-15" hai0="65,66,90,93,95,99,100" hai2="50,55,59,91,92,124,125" owari="148,-25.0,447,54.0,270,7.0,135,-36.0" /></mjloggm>