<mjloggm ver="2.3"><GO type="169" lobby="0"/><UN n0="%64%61%72%74%65%72" n1="%E3%82%A6%E3%83%AB%E3%83%88%E3%83%A9%E7%AB%8B%E7%9B%B4" n2="%66%65%65%73" n3="%E2%80%A0%58%54%45%4E%44%E2%80%A0" dan="18,17,16,17" rate="2219.02,2175.65,2109.98,2154.14" sx="M,M,M,F"/><TAIKYOKU oya="0"/><INIT seed="0,0,0,1,0,48" ten="250,250,250,250" oya="0" hai0="133,31,20,78,63,24,84,123,62,99,86,102,128" hai1="70,135,10,47,11,29,52,127,91,96,60,4,17" hai2="104,125,9,27,25,132,54,50,66,118,92,38,23" hai3="55,101,69,87,85,61,79,113,111,72,12,106,59"/><T33/><D123/><U26/><E127/><V13/><F38/><W95/><G113/><T56/><D128/><U98/><E135/><V83/><F104/><W53/><G69/><T94/><D133/><U0/><E70/><V22/><F132/><W28/><G111/><T107/><D107/><U71/><E71/><V8/><F66/><N who="3" m="39231" /><G72/><T46/><D46/><U119/><E119/><V6/><F125/><W30/><G106/><T58/><D33/><U14/><E91/><V121/><F121/><W122/><G122/><T19/><D19/><U73/><E73/><V124/><F124/><W57/><G12/><T64/><D78/><U35/><REACH who="1" step="1"/><E47/><REACH who="1" ten="250,240,250,250" step="2"/><V109/><F118/><W45/><G45/><T3/><REACH who="0" step="1"/><D3/><REACH who="0" ten="240,240,250,250" step="2"/><U97/><E97/><V43/><F109/><W93/><G79/><T21/><D21/><U68/><E68/><V88/><F23/><W51/><G57/><AGARI ba="0,2" hai="0,4,10,11,14,17,26,29,35,52,57,60,96,98" machi="57" ten="40,5200,0" yaku="1,1,52,1,54,1,53,0" doraHai="48" doraHaiUra="103" who="1" fromWho="3" sc="240,0,240,72,250,0,250,-52" /><INIT seed="1,0,0,1,3,102" ten="240,312,250,198" oya="1" hai0="47,57,11,134,99,10,59,50,4,93,74,116,119" hai1="23,104,15,103,61,124,85,72,27,68,19,86,112" hai2="130,79,129,0,90,98,94,20,29,111,60,48,25" hai3="84,2,128,51,108,75,118,12,135,13,115,106,81"/><U127/><E72/><V67/><F0/><W121/><RYUUKYOKU type="yao9" ba="0,0" sc="240,0,312,0,250,0,198,0" hai3="2,12,13,51,75,81,84,106,108,115,118,121,128,135" /><INIT seed="1,1,0,4,4,126" ten="240,312,250,198" oya="1" hai0="120,96,105,8,33,37,22,68,87,99,86,49,42" hai1="47,35,113,69,71,50,112,32,97,102,123,135,56" hai2="75,51,61,131,14,106,110,29,40,6,73,101,15" hai3="38,133,11,67,12,13,77,119,3,95,107,52,31"/><U62/><E123/><V64/><F29/><W2/><G107/><T111/><D68/><U117/><E117/><V27/><F27/><W60/><G38/><T28/><D33/><U94/><E135/><V0/><F0/><W100/><G133/><T10/><D28/><U9/><E71/><V24/><F24/><W16/><G119/><T109/><D37/><U5/><E69/><V114/><F110/><W54/><G31/><T39/><D39/><U118/><E118/><V124/><F101/><W127/><G127/><T48/><D22/><U1/><E113/><V91/><F106/><W23/><G77/><T45/><D105/><U93/><E112/><V72/><F124/><W115/><G115/><T59/><D59/><U98/><E56/><V92/><F6/><N who="3" m="3191" /><G3/><T58/><D58/><U84/><E84/><V134/><F73/><W80/><G80/><T82/><D82/><U74/><E62/><V4/><F72/><W103/><G2/><T70/><D70/><U116/><E74/><V36/><F36/><W46/><G67/><T65/><D65/><U104/><E104/><V89/><F64/><W53/><G60/><T25/><D120/><U41/><REACH who="1" step="1"/><E116/><REACH who="1" ten="240,302,250,198" step="2"/><V125/><F75/><W17/><G46/><T30/><D45/><U128/><E128/><V85/><F131/><W57/><G57/><T122/><D122/><U19/><E19/><V18/><F18/><W88/><G17/><T78/><D30/><U7/><E7/><V129/><F4/><W81/><G81/><T121/><D121/><U43/><E43/><V108/><F40/><W34/><G34/><RYUUKYOKU ba="1,1" sc="240,-15,302,15,250,-15,198,15" hai1="1,5,9,32,35,41,47,50,93,94,97,98,102" hai3="13,16,23,52,53,54,88,95,100,103" /><INIT seed="1,2,1,3,0,30" ten="225,317,235,213" oya="1" hai0="123,26,63,125,87,92,73,108,33,66,113,129,47" hai1="39,5,52,6,89,36,101,118,69,71,122,75,24" hai2="78,40,11,37,65,0,29,48,109,56,9,91,15" hai3="43,83,57,103,85,22,14,2,49,61,107,99,95"/><U76/><E122/><V81/><F29/><W42/><G2/><T60/><D113/><U3/><E118/><V115/><F91/><W46/><G107/><T130/><D73/><U135/><E89/><V114/><F109/><W64/><G14/><T10/><D108/><U133/><E101/><V55/><F11/><W124/><G124/><T70/><D125/><U67/><E24/><V110/><F110/><W17/><G17/><T131/><D123/><U104/><E104/><V58/><F58/><W59/><G22/><T51/><D60/><U79/><E67/><V54/><F54/><N who="3" m="31951" /><G46/><T28/><D10/><U126/><E126/><V127/><F65/><W90/><AGARI ba="2,1" hai="42,43,59,61,64,83,85,90,95,99,103" m="31951" machi="90" ten="30,1100,0" yaku="8,1" doraHai="30" who="3" fromWho="3" sc="225,-5,317,-7,235,-5,213,27" /><INIT seed="2,0,0,4,4,28" ten="220,310,230,240" oya="2" hai0="117,34,1,60,7,115,105,71,58,54,82,66,78" hai1="102,9,12,22,45,51,55,79,93,44,110,3,27" hai2="100,6,94,124,87,91,47,74,42,83,49,116,108" hai3="98,95,24,92,41,72,130,120,4,21,122,61,80"/><V112/><F116/><W35/><G130/><T134/><D115/><U133/><E3/><V13/><F112/><W53/><G41/><T29/><D134/><U63/><E110/><V25/><F124/><W73/><G4/><T0/><D117/><U127/><E133/><V14/><F108/><W62/><G80/><T23/><D105/><U31/><E79/><V121/><F6/><W52/><G21/><T106/><D106/><U39/><E63/><V56/><F121/><W103/><G24/><T84/><D7/><N who="1" m="3135" /><E39/><V26/><F56/><W86/><G86/><T114/><D114/><U113/><E127/><V10/><F74/><W33/><G98/><T48/><D29/><U43/><E43/><V70/><F70/><W32/><G32/><T123/><D123/><U36/><E36/><V77/><F13/><W97/><G97/><T104/><D104/><U89/><E102/><AGARI ba="0,0" hai="33,35,52,53,61,62,72,73,92,95,102,103,120,122" machi="102" ten="25,8000,1" yaku="22,2,52,2,54,1" doraHai="28" who="3" fromWho="1" sc="220,0,310,-80,230,0,240,80" /><INIT seed="3,0,0,2,4,129" ten="220,230,230,320" oya="3" hai0="72,42,58,85,97,45,124,118,94,113,64,120,91" hai1="92,12,3,110,35,116,60,89,47,88,59,37,100" hai2="119,107,32,20,50,36,52,90,77,80,127,51,46" hai3="84,83,68,41,75,21,108,39,5,1,125,93,33"/><W31/><G68/><T13/><D118/><U126/><E3/><V9/><F32/><W53/><G33/><T57/><D120/><U16/><E110/><V7/><F36/><W109/><G125/><T130/><D124/><U132/><E35/><V115/><F127/><W40/><G75/><T61/><D130/><U56/><E126/><V25/><F107/><W74/><G74/><T123/><D123/><U38/><E116/><V10/><F115/><W15/><G1/><T121/><D121/><U34/><E34/><V27/><F27/><W99/><G53/><T14/><D72/><U6/><E6/><V44/><F7/><W103/><G39/><T101/><D57/><U69/><E69/><V81/><F90/><W135/><G135/><T62/><D62/><U22/><E132/><V24/><F119/><W28/><G109/><T29/><D29/><N who="3" m="11337" /><G108/><T111/><D113/><U71/><E71/><V23/><F77/><N who="3" m="46191" /><G21/><T18/><D111/><U49/><E38/><V112/><F112/><W54/><G54/><AGARI ba="0,0" hai="9,10,20,23,24,25,44,46,50,51,52,54,80,81" machi="54" ten="25,6400,0" yaku="22,2,8,1,54,1" doraHai="129" who="2" fromWho="3" sc="220,0,230,0,230,64,320,-64" /><INIT seed="4,0,0,1,2,83" ten="220,230,294,256" oya="0" hai0="46,6,88,114,58,108,91,53,132,42,82,106,70" hai1="75,61,2,37,84,41,44,12,11,39,14,103,133" hai2="97,101,74,30,45,4,131,51,71,81,122,55,79" hai3="50,22,63,123,111,35,31,60,118,72,56,128,21"/><T89/><D106/><U93/><E133/><V77/><F122/><W73/><G111/><T19/><D132/><U49/><E75/><V104/><F71/><W78/><G118/><T99/><D70/><U127/><E127/><V65/><F65/><W3/><G3/><T38/><D108/><U135/><E135/><V76/><F131/><W116/><G116/><T29/><D114/><U18/><E2/><V126/><F126/><W10/><G128/><T9/><D29/><U5/><E61/><V23/><F4/><W130/><G123/><T129/><D129/><U47/><E47/><V7/><F7/><W8/><G130/><T54/><D19/><U119/><E119/><V25/><AGARI ba="0,0" hai="23,25,30,45,51,55,74,76,77,79,81,97,101,104" machi="25" ten="30,1100,0" yaku="0,1" doraHai="83" who="2" fromWho="2" sc="220,-5,230,-3,294,11,256,-3" /><INIT seed="5,0,0,1,1,63" ten="215,227,305,253" oya="1" hai0="69,100,20,110,48,8,54,55,103,50,26,83,70" hai1="3,123,129,56,102,11,34,24,61,122,33,9,18" hai2="43,128,85,29,124,60,2,73,126,80,135,57,106" hai3="89,28,121,104,41,81,101,27,94,39,87,82,71"/><U117/><E117/><V35/><F73/><W59/><G71/><T51/><D110/><U77/><E129/><V66/><F2/><W79/><G121/><T23/><D8/><U76/><E102/><N who="0" m="38953" /><D26/><U47/><E47/><V44/><F106/><W109/><G104/><T12/><D12/><N who="1" m="7455" /><E76/><V112/><F128/><W5/><G39/><T46/><D46/><U1/><E61/><V133/><F29/><W14/><G41/><T111/><D111/><U68/><E56/><V132/><F35/><N who="1" m="13321" /><E77/><V19/><F85/><W75/><G101/><T10/><D10/><U99/><E99/><V95/><F80/><W88/><G59/><T17/><D17/><U30/><E68/><N who="0" m="26217" /><D83/><U98/><E98/><V49/><F44/><W119/><G82/><T32/><D32/><N who="1" m="20551" /><E9/><V67/><F133/><W25/><G109/><T40/><D40/><U65/><E65/><V7/><F67/><W74/><G81/><T42/><D42/><U118/><E118/><V84/><F43/><W37/><G79/><T114/><D54/><U62/><E62/><V4/><F60/><W21/><G119/><T58/><D55/><U120/><AGARI ba="0,0" hai="1,3,120,122,123" m="20551,13321,7455" machi="120" ten="40,3900,0" yaku="34,2" doraHai="63" who="1" fromWho="1" sc="215,-13,227,39,305,-13,253,-13" /><INIT seed="5,1,0,1,1,134" ten="202,266,292,240" oya="1" hai0="6,130,135,52,40,18,91,15,27,5,95,78,65" hai1="30,16,83,81,14,28,128,60,126,12,102,20,63" hai2="79,29,125,50,106,103,114,94,100,57,110,68,34" hai3="47,62,75,24,131,42,116,71,38,133,48,19,76"/><U32/><E126/><V119/><F68/><W112/><G133/><T99/><D135/><U11/><E128/><V85/><F34/><W82/><G131/><T22/><D130/><U51/><E102/><V41/><F29/><N who="1" m="11369" /><E51/><V84/><F125/><W89/><G112/><T55/><D78/><U93/><E93/><V0/><F50/><W54/><G89/><T25/><D40/><U21/><E32/><V90/><F57/><W122/><G122/><T88/><D65/><U4/><E21/><V72/><F41/><W7/><G116/><T44/><D91/><U121/><E121/><V8/><F8/><W23/><G71/><T109/><D109/><U37/><E37/><V74/><F0/><W80/><G38/><T2/><D2/><U61/><AGARI ba="1,0" hai="4,11,12,14,16,20,60,61,63,81,83" m="11369" machi="61" ten="30,3000,0" yaku="8,1,54,1" doraHai="134" who="1" fromWho="1" sc="202,-11,266,33,292,-11,240,-11" /><INIT seed="5,2,0,4,2,33" ten="191,299,281,229" oya="1" hai0="30,13,5,122,11,28,1,26,36,80,125,114,113" hai1="34,12,64,62,65,48,124,9,58,131,94,104,46" hai2="111,51,41,77,57,86,117,14,95,129,10,71,23" hai3="108,83,130,37,75,60,45,132,109,135,53,74,134"/><U2/><E104/><V35/><F35/><W24/><G130/><T16/><D36/><U128/><E34/><V72/><F71/><W123/><G123/><T15/><D122/><U54/><E124/><V25/><F111/><N who="3" m="42571" /><G24/><T110/><D110/><U66/><E94/><V70/><F70/><W18/><G18/><T43/><D43/><U100/><E100/><V56/><F117/><W42/><G83/><T21/><D80/><U39/><E39/><V133/><F72/><W61/><G53/><T82/><D82/><U105/><E105/><V79/><F133/><W97/><G97/><T84/><D84/><U106/><E12/><N who="0" m="4681" /><D125/><U20/><E20/><V22/><F22/><W63/><AGARI ba="2,0" hai="37,42,45,60,61,63,74,75,132,134,135" m="42571" machi="63" ten="40,1500,0" yaku="20,1" doraHai="33" who="3" fromWho="3" sc="191,-6,299,-9,281,-6,229,21" /><INIT seed="6,0,0,4,4,31" ten="185,290,275,250" oya="2" hai0="104,96,114,42,60,105,34,64,93,116,23,48,113" hai1="82,74,88,101,84,0,53,59,13,14,80,99,79" hai2="28,29,57,16,21,30,19,26,126,66,18,17,102" hai3="62,55,72,71,1,7,97,33,58,61,73,25,50"/><V121/><F121/><W133/><G133/><T106/><D116/><U15/><E0/><V41/><F41/><W4/><G97/><T83/><D83/><U56/><REACH who="1" step="1"/><E53/><REACH who="1" ten="185,280,275,250" step="2"/><V68/><F126/><W112/><G55/><T125/><D125/><U43/><E43/><V134/><F134/><W54/><G54/><T90/><D114/><U94/><AGARI ba="0,1" hai="13,14,15,56,59,74,79,80,82,84,88,94,99,101" machi="94" ten="30,4000,0" yaku="1,1,0,1,54,1,53,0" doraHai="31" doraHaiUra="35" who="1" fromWho="1" sc="185,-10,280,50,275,-20,250,-10" /><INIT seed="7,0,0,1,5,57" ten="175,330,255,240" oya="3" hai0="18,129,15,53,43,80,0,93,36,42,52,121,108" hai1="97,103,59,106,9,77,67,113,27,23,34,70,1" hai2="100,10,4,17,29,68,88,55,7,46,74,98,115" hai3="30,109,49,91,126,25,39,37,102,28,96,101,33"/><W63/><G126/><T62/><D121/><U44/><E59/><V5/><F68/><W50/><G109/><T13/><D108/><U58/><E23/><V64/><F64/><W127/><G127/><T123/><D0/><U125/><E58/><V41/><F74/><W69/><G28/><T94/><D123/><U130/><E113/><V105/><F29/><W83/><G102/><T56/><D129/><U19/><E19/><V71/><F71/><W66/><G91/><T114/><D114/><U31/><E44/><V51/><F115/><W8/><G83/><T120/><D120/><U45/><E45/><V65/><F65/><W112/><G8/><T24/><D36/><N who="3" m="13897" /><G112/><T47/><D80/><U104/><E77/><V128/><F100/><W54/><G54/><T90/><D94/><U2/><E9/><V21/><F105/><N who="3" m="63655" /><G50/><N who="0" m="28767" /><D42/><U11/><E106/><V118/><F41/><W92/><G49/><T124/><D43/><U107/><E107/><V116/><F51/><W119/><G92/><T117/><D117/><AGARI ba="0,0" hai="25,30,33,63,66,69,117,119" m="63655,13897" machi="117" ten="30,5800,0" yaku="25,1,23,1,52,1" doraHai="57" who="3" fromWho="0" sc="175,-58,330,0,255,0,240,58" /><INIT seed="7,1,0,2,1,36" ten="117,330,255,298" oya="3" hai0="121,72,111,0,51,59,83,56,88,10,20,24,75" hai1="15,100,42,114,129,120,104,76,97,41,107,81,68" hai2="57,28,73,118,92,98,74,64,3,43,80,117,82" hai3="46,34,8,116,122,101,27,131,70,49,102,16,35"/><W127/><G122/><T110/><D121/><U39/><E120/><V22/><F3/><W77/><G70/><T66/><D72/><N who="1" m="43143" /><E42/><V124/><F43/><W130/><G116/><T47/><D47/><N who="1" m="23999" /><E15/><V25/><F124/><W79/><G127/><T14/><D14/><U63/><E114/><V67/><F67/><W84/><G8/><T40/><D75/><N who="2" m="28682" /><F82/><N who="3" m="47183" /><G79/><T9/><D0/><U87/><E87/><V17/><F80/><W54/><G35/><T109/><D66/><N who="1" m="41055" /><E129/><N who="3" m="49162" /><G34/><T65/><D65/><U6/><E6/><V2/><F64/><W5/><G5/><T21/><D21/><AGARI ba="1,0" hai="16,21,27,46,49,54,101,102" m="49162,47183" machi="21" ten="30,2900,0" yaku="19,1,54,1" doraHai="36" who="3" fromWho="0" sc="117,-32,330,0,255,0,298,32" /><INIT seed="7,2,0,3,3,103" ten="85,330,255,330" oya="3" hai0="38,16,110,1,61,118,56,25,0,84,87,45,9" hai1="62,99,7,92,67,135,41,83,86,3,48,21,127" hai2="34,125,14,114,116,126,90,112,108,70,117,39,33" hai3="74,40,32,2,55,5,65,30,46,24,89,101,26"/><W81/><G101/><T53/><D118/><N who="2" m="45674" /><F70/><W29/><G65/><T107/><D110/><U19/><E127/><N who="2" m="48651" /><F39/><N who="3" m="21791" /><G55/><T69/><D0/><U91/><E3/><V72/><F72/><W122/><G89/><T12/><D1/><U10/><E91/><V57/><F90/><W42/><G122/><T124/><D124/><U85/><E83/><V111/><F14/><W28/><G42/><T17/><D69/><U64/><E41/><V97/><F97/><W35/><G29/><T104/><D38/><U88/><E99/><V123/><F57/><W75/><G81/><T96/><D45/><U23/><E88/><V66/><F66/><W4/><G4/><T76/><D96/><U18/><E7/><V94/><F94/><W134/><G134/><T82/><REACH who="0" step="1"/><D87/><REACH who="0" ten="75,330,255,330" step="2"/><U115/><E86/><V13/><F111/><W106/><G75/><T6/><D6/><U22/><E85/><V49/><F108/><W102/><G74/><T80/><D80/><U59/><E135/><V71/><F71/><W131/><G131/><T54/><D54/><U77/><E67/><V63/><F123/><W78/><G78/><T47/><D47/><U20/><E77/><V15/><F112/><W95/><G95/><T79/><D79/><U100/><N who="1" m="5120" /><DORA hai="11" /><U73/><E115/><V68/><F114/><W50/><G5/><T119/><D119/><U43/><E92/><V121/><F121/><W51/><G2/><T58/><D58/><U105/><E59/><V129/><F129/><W31/><G31/><T44/><D44/><U133/><E64/><V98/><F98/><N who="3" m="61783" /><G30/><T120/><D120/><RYUUKYOKU ba="2,1" sc="75,15,330,-15,255,-15,330,15" hai0="9,12,16,17,25,53,56,61,76,82,84,104,107" hai3="24,26,28,32,35,50,51" owari="90,-41.0,315,12.0,240,-16.0,355,45.0" /></mjloggm>