<mjloggm ver="2.3"><GO type="225" lobby="0"/><UN n0="%E2%98%86%E9%BB%84%E7%80%AC%E3%82%84%E3%82%88%E3%81%84%E2%98%86" n1="%E3%81%8D%E3%81%BF%E3%81%9F%E3%81%BE%E3%81%94" n2="%E5%B0%B1%E6%B4%BB%E7%94%9F%40%E5%B7%9D%E6%9D%91%E8%BB%8D%E5%9B%A3" n3="%E3%81%AA%E3%81%A3%E3%81%8D%E3%82%8A" dan="16,16,17,16" rate="2155.81,2138.08,2102.37,2070.22" sx="M,M,M,M"/><TAIKYOKU oya="0"/><INIT seed="0,0,0,3,3,71" ten="250,250,250,250" oya="0" hai0="45,118,112,77,47,132,99,25,51,54,88,121,22" hai1="76,39,134,38,4,84,94,93,98,117,53,90,61" hai2="133,60,0,97,44,68,100,70,50,128,59,113,16" hai3="29,80,106,40,72,49,125,65,109,21,129,101,3"/><T73/><D121/><U127/><E117/><V43/><F0/><W11/><G49/><T1/><D118/><U126/><E4/><V79/><F113/><W23/><G23/><T74/><D112/><U103/><E134/><V8/><F79/><N who="3" m="44135" /><G21/><T87/><D132/><U114/><E114/><V20/><F128/><W26/><G65/><T105/><D1/><U31/><E31/><V15/><F8/><W24/><G24/><T69/><D69/><U92/><E76/><V85/><F85/><W131/><G40/><T83/><D47/><U17/><E93/><V102/><F102/><W115/><G115/><T33/><D33/><U135/><E17/><V81/><F81/><W34/><G125/><N who="1" m="47626" /><E135/><V107/><REACH who="2" step="1"/><F133/><REACH who="2" ten="250,250,240,250" step="2"/><W42/><G131/><T110/><D105/><U5/><E5/><V130/><F130/><W75/><G129/><T30/><D74/><U27/><E27/><V9/><F9/><W6/><G75/><T82/><REACH who="0" step="1"/><D99/><REACH who="0" ten="240,250,240,250" step="2"/><U91/><E103/><V48/><F48/><W64/><G101/><T56/><D56/><AGARI ba="0,2" hai="38,39,53,56,61,84,90,91,92,94,98" m="47626" machi="56" ten="30,3900,0" yaku="18,1,52,2" doraHai="71" who="1" fromWho="0" sc="240,-39,250,59,240,0,250,0" /><INIT seed="1,0,0,3,4,25" ten="201,309,240,250" oya="1" hai0="52,49,35,43,96,64,112,65,8,87,99,59,111" hai1="32,88,51,73,130,105,45,104,9,80,39,5,60" hai2="119,101,20,27,41,128,131,46,15,129,132,107,125" hai3="91,68,17,116,54,2,106,95,110,28,127,114,70"/><U103/><E130/><V4/><F119/><W30/><G114/><T57/><D112/><U100/><E39/><V89/><F125/><W0/><G106/><T77/><D111/><U109/><E32/><V71/><F71/><W63/><G110/><T33/><D43/><U94/><E60/><V86/><F132/><W118/><G127/><T122/><D122/><U74/><E109/><V79/><F79/><W98/><G17/><T135/><D135/><U34/><E34/><V76/><F76/><W37/><G37/><T90/><D77/><U126/><E126/><V31/><F101/><N who="1" m="38985" /><E51/><V113/><F107/><N who="1" m="41033" /><E45/><V3/><F3/><N who="3" m="1067" /><G54/><N who="0" m="31951" /><D8/><U18/><E18/><V26/><F26/><W36/><G36/><T29/><D35/><U67/><E9/><N who="2" m="4519" /><F113/><W61/><G61/><N who="0" m="36071" /><D33/><U6/><E6/><V85/><F89/><W50/><G50/><AGARI ba="0,0" hai="20,27,31,41,46,50,85,86,128,129,131" m="4519" machi="50" ten="30,2000,0" yaku="19,1,52,1" doraHai="25" who="2" fromWho="3" sc="201,0,309,0,240,20,250,-20" /><INIT seed="2,0,0,5,2,97" ten="201,309,260,230" oya="2" hai0="12,96,20,74,90,57,38,2,54,70,118,41,73" hai1="130,83,77,56,81,4,101,109,25,51,68,44,111" hai2="69,22,123,23,85,72,46,89,86,59,45,119,103" hai3="31,112,117,62,36,14,92,43,125,135,61,94,35"/><V6/><F72/><W106/><G106/><T48/><D70/><U133/><E68/><V93/><F69/><W40/><G117/><T95/><D2/><U79/><E4/><V42/><F119/><W100/><G125/><T11/><D118/><U82/><E56/><V49/><F6/><W18/><G135/><T128/><D128/><U126/><E25/><V120/><F46/><W53/><G31/><T13/><D38/><U50/><E133/><V32/><F32/><W0/><G0/><T37/><D37/><U10/><E10/><V132/><F132/><W129/><G35/><T64/><D41/><N who="3" m="15945" /><G112/><T3/><D64/><U39/><E39/><V29/><F86/><W104/><G104/><T71/><D71/><U124/><E130/><V15/><F59/><N who="3" m="35055" /><G36/><T134/><D134/><U80/><N who="1" m="20992" /><DORA hai="21" /><U84/><E84/><V99/><F23/><W19/><G19/><T63/><D3/><U16/><E16/><V115/><F115/><W127/><G127/><T8/><D20/><U30/><E30/><V24/><REACH who="2" step="1"/><F15/><REACH who="2" ten="201,309,250,230" step="2"/><N who="0" m="5706" /><D74/><U47/><E47/><V110/><F110/><N who="1" m="41993" /><E44/><V116/><F116/><W113/><G113/><T78/><D73/><U9/><E126/><V7/><F7/><W58/><G129/><T65/><D78/><U5/><E124/><V27/><F27/><W33/><G14/><T107/><D11/><U60/><E9/><V52/><F52/><W105/><G33/><T1/><D8/><U66/><E5/><V26/><F26/><W121/><G18/><T34/><D1/><U102/><E77/><V75/><F75/><W114/><G114/><RYUUKYOKU ba="0,1" sc="201,-10,309,-10,250,30,230,-10" hai2="22,24,29,42,45,49,85,89,93,99,103,120,123" /><INIT seed="2,1,1,5,1,132" ten="191,299,280,220" oya="2" hai0="104,50,33,11,39,20,117,77,99,30,86,51,56" hai1="124,52,93,89,57,109,70,111,90,21,13,9,120" hai2="69,94,54,24,87,55,14,15,126,38,102,10,75" hai3="7,78,4,92,76,116,122,68,23,40,74,48,31"/><V47/><F69/><W71/><G116/><T128/><D39/><U53/><E70/><V121/><F121/><W72/><G122/><T28/><D117/><U103/><E124/><V123/><F123/><W110/><G110/><N who="1" m="41994" /><E21/><V45/><F126/><W130/><G130/><T29/><D128/><U36/><E36/><V26/><F75/><W97/><G74/><T80/><D33/><U66/><E120/><V62/><F38/><W67/><G72/><T108/><D108/><U1/><E1/><V16/><F15/><W60/><G71/><T118/><D118/><U100/><E66/><V101/><F62/><W96/><G96/><T59/><D11/><U106/><E106/><V65/><F65/><W41/><G67/><T37/><D37/><U46/><E46/><N who="2" m="17419" /><F101/><N who="1" m="38985" /><E90/><N who="2" m="53599" /><F102/><N who="3" m="60711" /><G60/><T64/><D104/><U27/><E57/><N who="0" m="22089" /><D64/><U119/><E119/><V25/><AGARI ba="1,1" hai="10,14,16,24,25,26,54,55" m="53599,17419" machi="25" ten="30,3000,0" yaku="8,1,54,1" doraHai="132" who="2" fromWho="2" sc="191,-11,299,-11,280,43,220,-11" /><INIT seed="2,2,0,4,2,93" ten="180,288,323,209" oya="2" hai0="33,124,22,24,6,26,84,10,31,55,47,94,17" hai1="59,44,48,63,80,135,95,37,113,0,83,38,112" hai2="30,69,1,98,40,9,130,115,14,3,85,43,122" hai3="35,41,92,128,78,102,75,91,54,119,23,61,81"/><V53/><F69/><W118/><G128/><T72/><D72/><U64/><E0/><V70/><F115/><W58/><G35/><T114/><D114/><U134/><E83/><V76/><F70/><W104/><G41/><T60/><D124/><U25/><E25/><V97/><F3/><W68/><G68/><T15/><D84/><U126/><E80/><N who="2" m="47239" /><F1/><W111/><G111/><T89/><D47/><U74/><E74/><V27/><F53/><W2/><G2/><T88/><REACH who="0" step="1"/><D94/><REACH who="0" ten="170,288,323,209" step="2"/><U18/><E95/><V99/><F130/><W5/><G92/><T56/><AGARI ba="2,1" hai="6,10,15,17,22,24,26,31,33,55,56,60,88,89" machi="56" ten="30,7900,0" yaku="1,1,2,1,0,1,54,1,53,0" doraHai="93" doraHaiUra="120" who="0" fromWho="0" sc="170,95,288,-22,323,-41,209,-22" /><INIT seed="3,0,0,5,0,77" ten="265,266,282,187" oya="3" hai0="102,53,103,4,18,47,117,14,134,113,36,90,25" hai1="72,135,30,116,34,24,76,73,123,69,45,17,120" hai2="38,121,16,80,87,95,96,9,67,108,101,46,99" hai3="51,88,48,20,3,122,125,13,92,40,49,93,112"/><W114/><G3/><T133/><D117/><U86/><E69/><V10/><F108/><W74/><G122/><T84/><D113/><U65/><E65/><V127/><F121/><W22/><G74/><T94/><D4/><U91/><E135/><N who="0" m="51721" /><D25/><U119/><E45/><V7/><F67/><W104/><G104/><T115/><D115/><N who="3" m="44073" /><G40/><N who="0" m="22919" /><D53/><U50/><E50/><V85/><F38/><W11/><G125/><T110/><D110/><U33/><E33/><V32/><F32/><W43/><G43/><T105/><D105/><U62/><E17/><V27/><F46/><W89/><G13/><T28/><D28/><U111/><E111/><V129/><F129/><W66/><G11/><AGARI ba="0,0" hai="11,14,18,84,90,94,102,103" m="22919,51721" machi="11" ten="30,1000,0" yaku="20,1" doraHai="77" who="0" fromWho="3" sc="265,10,266,0,282,0,187,-10" /><INIT seed="4,0,0,5,0,25" ten="275,266,282,177" oya="0" hai0="81,68,94,31,134,96,108,117,24,7,125,52,60" hai1="23,26,99,30,39,82,87,77,58,80,2,76,40" hai2="73,65,92,43,6,19,103,120,89,124,38,36,131" hai3="61,135,41,118,47,88,70,62,105,0,121,85,32"/><T12/><D117/><U20/><E2/><V33/><F73/><W37/><G118/><T18/><D108/><U3/><E3/><V104/><F33/><W127/><G135/><T8/><D125/><U35/><E99/><V93/><F120/><W122/><G127/><T1/><D134/><U56/><E40/><V44/><F104/><W119/><G119/><T22/><D81/><U55/><E39/><V111/><F38/><W4/><G105/><T95/><D96/><U21/><REACH who="1" step="1"/><E55/><REACH who="1" ten="275,256,282,177" step="2"/><V9/><F43/><W51/><G37/><T46/><D46/><U53/><E53/><V67/><F36/><W10/><G32/><N who="0" m="20583" /><D52/><U5/><E5/><V29/><F67/><AGARI ba="0,1" hai="1,7,8,12,18,22,60,67,68,94,95" m="20583" machi="67" ten="30,2900,0" yaku="24,1,52,1" doraHai="25" who="0" fromWho="2" sc="275,39,256,0,282,-29,177,0" owari="314,41.0,256,6.0,253,-15.0,177,-32.0" /></mjloggm>