<mjloggm ver="2.3"><GO type="97" lobby="0"/><UN n0="%E5%8F%A4%E6%B2%A2%E4%BA%9C%E7%B4%94" n1="%E5%B0%B1%E6%B4%BB%E7%94%9F%40%E5%B7%9D%E6%9D%91%E8%BB%8D%E5%9B%A3" n2="%4C%6F%74" n3="%E6%AD%A3%E9%96%80%E3%81%AE%E3%83%A1%E3%82%A4%E3%81%A1%E3%82%83%E3%82%93" dan="14,15,13,13" rate="1941.40,1994.13,1898.05,1933.46" sx="F,M,M,M"/><TAIKYOKU oya="0"/><INIT seed="0,0,0,1,0,47" ten="250,250,250,250" oya="0" hai0="88,49,63,54,104,134,115,90,65,23,58,17,119" hai1="83,33,46,81,15,19,117,27,3,131,35,40,56" hai2="118,18,29,8,113,116,9,96,39,4,30,108,111" hai3="130,127,38,84,132,97,69,73,11,44,101,48,67"/><T87/><D119/><N who="2" m="45610" /><F39/><W6/><G127/><T85/><D115/><U78/><E3/><N who="2" m="31" /><F96/><W31/><G130/><T25/><D104/><U13/><E131/><V55/><F55/><W66/><G132/><T107/><D107/><U42/><E117/><V100/><F100/><W123/><G123/><T32/><D32/><U92/><E92/><V114/><F9/><W28/><G38/><T109/><D109/><N who="2" m="42058" /><F18/><W86/><G73/><T68/><D134/><U75/><E19/><V53/><F53/><W22/><G97/><T82/><D87/><U7/><E40/><V106/><F106/><W60/><G101/><T91/><AGARI ba="0,0" hai="17,23,25,49,54,58,63,65,68,82,85,88,90,91" machi="91" ten="20,7800,0" yaku="0,1,7,1,52,1,54,1" doraHai="47" who="0" fromWho="0" sc="250,78,250,-26,250,-26,250,-26" /><INIT seed="0,1,0,4,1,81" ten="328,224,224,224" oya="0" hai0="26,32,110,20,58,64,120,113,126,42,87,11,13" hai1="15,16,1,68,27,45,101,40,93,30,83,72,43" hai2="53,28,111,134,122,112,62,54,132,4,85,35,86" hai3="90,10,94,33,44,96,0,73,82,60,36,39,104"/><T17/><D120/><U121/><E1/><V77/><F112/><W70/><G33/><T108/><D113/><U125/><E68/><V98/><F122/><W79/><G104/><T89/><D126/><U7/><E121/><V117/><F117/><W130/><G130/><T114/><D114/><U131/><E7/><V51/><F4/><W23/><G0/><T71/><D71/><U100/><E125/><V103/><F111/><N who="0" m="42538" /><D42/><U52/><E131/><V37/><F37/><W95/><G10/><T78/><D78/><U41/><E72/><V124/><F124/><W109/><G109/><T19/><D32/><U91/><E83/><V12/><F77/><W88/><G23/><T67/><D58/><U116/><E27/><N who="2" m="18847" /><F12/><W75/><G75/><T24/><D24/><U129/><E30/><V128/><F128/><W34/><G34/><T8/><D8/><N who="1" m="6247" /><E129/><V57/><F62/><W5/><G5/><T105/><D105/><U48/><E116/><V80/><F80/><AGARI ba="1,0" hai="11,13,17,19,20,26,64,67,80,87,89" m="42538" machi="80" ten="30,5800,0" yaku="14,1,10,1,52,1" doraHai="81" who="0" fromWho="2" sc="328,61,224,0,224,-61,224,0" /><INIT seed="0,2,0,5,2,22" ten="389,224,163,224" oya="0" hai0="53,62,26,134,46,77,75,85,128,115,82,123,16" hai1="131,32,84,103,21,79,92,91,127,11,126,64,120" hai2="2,96,36,121,74,47,107,13,17,110,31,132,124" hai3="43,57,89,70,114,108,41,111,100,81,34,88,106"/><T54/><D123/><U35/><E120/><V42/><F121/><W116/><G70/><T63/><D115/><U28/><E64/><V15/><F132/><W33/><G114/><T45/><D134/><U94/><E131/><V59/><F124/><N who="1" m="47657" /><E11/><V76/><F110/><N who="3" m="42027" /><G116/><T50/><D75/><U118/><E118/><V67/><F2/><W12/><G57/><T49/><D128/><U95/><E79/><V78/><F15/><W44/><G12/><T29/><D16/><U61/><E61/><V9/><F31/><W129/><G129/><T122/><REACH who="0" step="1"/><D122/><REACH who="0" ten="379,224,163,224" step="2"/><U93/><E103/><V10/><F74/><W14/><G100/><T113/><D113/><U40/><E40/><V19/><F19/><W65/><G41/><T71/><D71/><U55/><E55/><V102/><F17/><W48/><G43/><T83/><D83/><U38/><E38/><V23/><F36/><W109/><G81/><T99/><D99/><U4/><E4/><V58/><F96/><W0/><G109/><T5/><D5/><U97/><E97/><V72/><F72/><W24/><G65/><T101/><D101/><U30/><E30/><V117/><F102/><W20/><G106/><T87/><D87/><U105/><E105/><V39/><F107/><W66/><G66/><T86/><D86/><U52/><E52/><V18/><F39/><W90/><G0/><T8/><D8/><U104/><E104/><V51/><F9/><W130/><G130/><T133/><D133/><U125/><E125/><V119/><F10/><W68/><G68/><T3/><D3/><U25/><AGARI ba="2,1" hai="21,25,28,32,35,84,91,92,93,94,95" m="47657" machi="25" ten="40,5200,0" yaku="5,1,18,1,52,1" doraHai="22" who="1" fromWho="1" sc="379,-28,224,68,163,-15,224,-15" /><INIT seed="1,0,0,3,4,51" ten="351,292,148,209" oya="1" hai0="127,65,128,62,33,133,37,101,113,110,38,5,98" hai1="111,106,0,116,40,99,105,125,132,119,124,82,95" hai2="108,63,88,61,9,135,129,30,35,24,72,7,123" hai3="4,92,91,80,122,74,10,31,23,81,79,56,19"/><U60/><E0/><V67/><F72/><W126/><G122/><T69/><D113/><U39/><E39/><V41/><F123/><W44/><G126/><N who="1" m="48746" /><E40/><V68/><F129/><W114/><G114/><T49/><D127/><U84/><E60/><V85/><F135/><W104/><G31/><T121/><D121/><U21/><E21/><V11/><F108/><W28/><G28/><T26/><D110/><U59/><E59/><V36/><F61/><W45/><G104/><N who="1" m="40042" /><E132/><V75/><F75/><W20/><G20/><T115/><D133/><U1/><E1/><V118/><F118/><W53/><G56/><T15/><D33/><U42/><E42/><V100/><F100/><W14/><G44/><T17/><D38/><U93/><E111/><V89/><F89/><W43/><G43/><T27/><D37/><U120/><E120/><V103/><F103/><W117/><G117/><N who="1" m="45130" /><E99/><V107/><F107/><W3/><G3/><T109/><D98/><U94/><E82/><V6/><F6/><W58/><G80/><T55/><D5/><U12/><E12/><V2/><F36/><W46/><G4/><T18/><D15/><U22/><E22/><V29/><F41/><W76/><G23/><T8/><D62/><U83/><E83/><V73/><F73/><W71/><G74/><T48/><D109/><U78/><E78/><V131/><F30/><W32/><G81/><T112/><D112/><U102/><E102/><V52/><F11/><W54/><G76/><T50/><D115/><U96/><E96/><V134/><F134/><W64/><G79/><T90/><D101/><RYUUKYOKU ba="0,0" sc="351,-10,292,30,148,-10,209,-10" hai1="84,93,94,95" /><INIT seed="1,1,0,5,2,79" ten="341,322,138,199" oya="1" hai0="0,39,43,92,52,55,85,71,90,2,20,132,109" hai1="61,27,17,29,111,64,115,84,15,130,82,26,3" hai2="125,87,135,112,102,34,21,120,95,32,40,70,81" hai3="5,126,73,74,16,128,133,93,91,67,78,7,123"/><U41/><E115/><V19/><F120/><W66/><G123/><T30/><D71/><U31/><E3/><V106/><F70/><W35/><G35/><T46/><D109/><U12/><E41/><V89/><F112/><W129/><G126/><T121/><D121/><U60/><E130/><N who="3" m="50282" /><G133/><T114/><D114/><U97/><E97/><V33/><F135/><W1/><G16/><T80/><D132/><U54/><E54/><V127/><F125/><W51/><G51/><T58/><D55/><U117/><E15/><V53/><F127/><W101/><G101/><T119/><D119/><U56/><E61/><V9/><F40/><W4/><G1/><T76/><D20/><N who="1" m="11303" /><E111/><V118/><F118/><W113/><G113/><T99/><REACH who="0" step="1"/><D30/><REACH who="0" ten="331,322,138,199" step="2"/><N who="1" m="11275" /><E117/><V75/><F53/><W72/><G78/><AGARI ba="1,1" hai="26,27,56,60,64,78,82,84" m="11275,11303" machi="78" ten="30,2900,0" yaku="8,1,52,1" doraHai="79" who="1" fromWho="3" sc="331,0,322,42,138,0,199,-32" /><INIT seed="1,2,0,2,5,5" ten="331,364,138,167" oya="1" hai0="69,107,54,52,102,115,64,74,12,37,131,31,72" hai1="60,70,23,106,87,133,130,124,26,127,21,32,110" hai2="98,46,134,78,91,63,58,101,53,79,128,15,88" hai3="99,62,29,43,1,41,28,108,109,39,95,73,11"/><U96/><E130/><V50/><F128/><W135/><G135/><T6/><D115/><U97/><E133/><V24/><F134/><W48/><G73/><T86/><D37/><U89/><E110/><N who="3" m="42602" /><G39/><T117/><D117/><U80/><E32/><V90/><F24/><W9/><G62/><T103/><D131/><U49/><E49/><V114/><F114/><W76/><G76/><T85/><D31/><N who="3" m="11849" /><G1/><T16/><D69/><U104/><E60/><V51/><F15/><W132/><G132/><T7/><D12/><U3/><E3/><V92/><REACH who="2" step="1"/><F51/><REACH who="2" ten="331,364,128,167" step="2"/><W55/><G43/><AGARI ba="2,1" hai="43,46,50,53,58,63,78,79,88,90,91,92,98,101" machi="43" ten="40,8000,1" yaku="1,1,2,1,8,1,54,1,53,0" doraHai="5" doraHaiUra="68" who="2" fromWho="3" sc="331,0,364,0,128,96,167,-86" /><INIT seed="2,0,0,3,3,56" ten="331,364,224,81" oya="2" hai0="52,37,2,116,101,27,41,57,125,3,60,34,51" hai1="78,117,70,9,104,30,49,77,26,95,17,118,134" hai2="109,105,61,112,14,20,80,100,82,25,33,76,50" hai3="87,10,7,53,11,40,88,102,119,47,65,135,39"/><V90/><F112/><W43/><G119/><T55/><D116/><U45/><E104/><V23/><F33/><W19/><G135/><T36/><D125/><U67/><E134/><V59/><F109/><W62/><G102/><T18/><D101/><U31/><E70/><V111/><F111/><W42/><G53/><T32/><D41/><U122/><E67/><V114/><F114/><W93/><G19/><T127/><D127/><U73/><E73/><V79/><F105/><W108/><G108/><T1/><D18/><U12/><E122/><V72/><F100/><W24/><G24/><T54/><D27/><U107/><E107/><V4/><F90/><W44/><G39/><T86/><D86/><U74/><E74/><V16/><F50/><W13/><REACH who="3" step="1"/><G11/><REACH who="3" ten="331,364,224,71" step="2"/><T48/><D54/><N who="1" m="29999" /><E118/><V110/><F110/><W132/><G132/><T81/><D37/><U35/><E35/><V69/><F69/><AGARI ba="0,1" hai="7,10,13,40,42,43,44,47,62,65,69,87,88,93" machi="69" ten="40,5200,0" yaku="1,1,52,1,54,1,53,0" doraHai="56" doraHaiUra="124" who="3" fromWho="2" sc="331,0,364,0,224,-52,71,62" /><INIT seed="3,0,0,3,0,94" ten="331,364,172,133" oya="3" hai0="132,12,131,82,35,79,10,22,80,127,102,59,17" hai1="106,126,125,14,105,93,71,1,112,26,57,52,66" hai2="60,107,68,19,81,133,49,111,8,34,55,24,36" hai3="84,42,4,13,73,83,33,113,114,101,108,97,56"/><W135/><G33/><T121/><D35/><U3/><E112/><N who="3" m="43114" /><G42/><T98/><D121/><U75/><E75/><V46/><F36/><W128/><G56/><T87/><D127/><N who="1" m="48651" /><E26/><V29/><F107/><N who="1" m="40969" /><E66/><V85/><F133/><W39/><G39/><T15/><D131/><U21/><E71/><V88/><F111/><W103/><G13/><T0/><D0/><U76/><E76/><V43/><F68/><W92/><G4/><T77/><D132/><U6/><E93/><V50/><F60/><W124/><G135/><T90/><D80/><U118/><E118/><V16/><F8/><W48/><G124/><T38/><D38/><U47/><E47/><AGARI ba="0,0" hai="16,19,24,29,34,43,46,47,49,50,55,81,85,88" machi="47" ten="30,3900,0" yaku="7,1,54,2" doraHai="94" who="2" fromWho="1" sc="331,0,364,-39,172,39,133,0" owari="331,43.0,325,13.0,211,-19.0,133,-37.0" /></mjloggm>