<mjloggm ver="2.3"><GO type="41" lobby="0"/><UN n0="%6D%6F%6F%6E%63%72%79" n1="%50%4F%54%44%41%59" n2="%E5%B0%B1%E6%B4%BB%E7%94%9F%40%E5%B7%9D%E6%9D%91%E8%BB%8D%E5%9B%A3" n3="%6D%69%6B%61%6E%69%6D%61" dan="14,15,15,13" rate="1933.97,2012.09,2021.02,1880.21" sx="M,M,M,M"/><TAIKYOKU oya="0"/><INIT seed="0,0,0,0,2,94" ten="250,250,250,250" oya="0" hai0="92,70,52,91,17,46,47,27,99,125,10,119,19" hai1="8,67,43,74,133,134,95,61,131,0,129,106,41" hai2="80,36,84,23,81,62,123,48,120,11,112,30,25" hai3="32,132,63,110,102,124,114,89,113,83,96,28,65"/><T33/><D70/><U49/><E74/><V50/><F36/><W75/><G110/><T128/><D119/><U45/><E106/><V59/><F112/><W101/><G132/><N who="1" m="50794" /><E95/><V135/><F135/><W26/><G124/><T57/><D128/><N who="1" m="49227" /><E8/><V122/><F80/><W64/><G64/><T85/><D125/><U16/><E0/><V24/><F25/><W121/><G121/><T38/><D38/><U4/><E16/><N who="0" m="6217" /><D33/><U93/><E93/><V13/><F13/><W3/><G102/><N who="0" m="60775" /><D27/><U109/><E4/><V44/><F11/><W40/><G3/><T72/><D72/><U115/><E109/><V71/><F71/><N who="3" m="42431" /><G89/><T42/><D42/><N who="1" m="24759" /><E115/><V117/><F117/><W76/><G40/><T29/><D29/><U5/><E5/><V7/><F7/><W60/><G60/><N who="0" m="35879" /><D10/><U15/><E15/><V118/><F118/><W35/><G35/><T82/><AGARI ba="0,0" hai="46,47,82,85,91" m="35879,60775,6217" machi="82" ten="30,11700,0" yaku="8,1,52,1,54,2" doraHai="94" who="0" fromWho="0" sc="250,117,250,-39,250,-39,250,-39" /><INIT seed="0,1,0,5,4,30" ten="367,211,211,211" oya="0" hai0="23,3,14,121,135,1,119,75,53,68,11,116,94" hai1="60,42,80,107,130,70,111,58,106,103,33,26,6" hai2="98,12,134,88,63,16,61,25,31,13,66,34,127" hai3="29,113,48,84,128,78,49,131,27,54,62,96,118"/><T77/><D121/><U86/><E111/><V117/><F117/><W15/><G118/><T85/><D68/><U120/><E130/><N who="3" m="49706" /><G113/><T71/><D71/><U109/><E109/><V9/><F134/><W132/><G132/><T105/><D105/><U81/><E120/><V17/><F127/><W129/><G129/><T82/><D135/><U124/><E42/><V87/><F98/><W28/><G96/><T133/><D133/><U65/><E6/><V64/><F64/><W95/><G15/><T108/><D108/><U76/><E124/><V39/><F39/><W91/><G78/><T55/><D3/><U35/><E26/><V90/><F66/><W10/><G10/><T67/><D67/><U2/><E2/><V19/><F90/><W50/><G27/><T126/><D126/><U5/><E5/><V18/><REACH who="2" step="1"/><F13/><REACH who="2" ten="367,211,201,211" step="2"/><W37/><G37/><T123/><D123/><U4/><E70/><V38/><F38/><W92/><G91/><T22/><D119/><U46/><E103/><V79/><F79/><W36/><G36/><T89/><D116/><U115/><E115/><V125/><F125/><W40/><G40/><T57/><D1/><U32/><E4/><V93/><AGARI ba="1,1" hai="9,12,16,17,18,19,25,31,34,61,63,87,88,93" machi="93" ten="30,12000,2" yaku="1,1,0,1,52,1,54,2,53,1" doraHai="30" doraHaiUra="7" who="2" fromWho="2" sc="367,-61,211,-31,201,133,211,-31" /><INIT seed="1,0,0,1,2,3" ten="306,180,334,180" oya="1" hai0="20,104,59,97,85,62,42,44,57,9,35,110,50" hai1="91,37,80,109,47,58,86,12,17,133,129,119,73" hai2="15,43,26,49,98,55,29,120,39,30,90,103,38" hai3="92,70,134,99,36,0,18,19,2,24,33,5,102"/><U71/><E71/><V76/><F120/><W22/><G36/><T113/><D35/><U118/><E73/><V10/><F76/><W121/><G70/><T32/><D32/><U64/><E133/><V25/><F43/><W66/><G134/><T4/><D113/><U45/><E129/><V56/><F90/><W94/><G121/><T16/><D110/><U108/><E64/><V124/><F124/><W96/><G33/><T14/><D104/><U89/><E58/><V135/><F135/><W95/><G66/><T83/><D97/><U132/><E132/><V11/><F11/><W100/><G92/><T106/><D62/><U128/><E128/><V21/><F26/><W87/><G87/><T125/><D106/><U84/><E12/><V69/><F30/><W51/><G51/><T107/><D107/><U60/><E60/><V115/><F69/><W117/><G117/><T61/><D61/><U72/><E72/><V93/><REACH who="2" step="1"/><F115/><REACH who="2" ten="306,180,324,180" step="2"/><W53/><G53/><T126/><D126/><U111/><E37/><V23/><F23/><W123/><G123/><T46/><D125/><U7/><E17/><AGARI ba="0,1" hai="10,15,17,21,25,29,38,39,49,55,56,93,98,103" machi="17" ten="30,2000,0" yaku="1,1,7,1,53,0" doraHai="3" doraHaiUra="77" who="2" fromWho="1" sc="306,0,180,-20,324,30,180,0" /><INIT seed="2,0,0,4,1,105" ten="306,160,354,180" oya="2" hai0="95,4,119,23,133,58,2,101,93,108,66,24,55" hai1="46,70,8,117,28,106,99,52,79,12,31,39,111" hai2="65,71,13,30,126,27,61,14,26,20,90,120,109" hai3="32,25,92,96,19,21,87,132,97,53,1,38,76"/><V127/><F120/><W123/><G123/><T113/><D113/><U130/><E117/><V128/><F128/><W80/><G1/><T49/><D133/><U0/><E0/><V115/><F115/><W50/><G38/><T11/><D108/><U86/><E70/><V85/><F109/><W104/><G132/><T114/><D114/><U98/><E111/><V112/><F112/><W94/><G32/><T77/><D119/><U22/><E130/><V63/><F63/><W35/><G35/><T59/><D101/><U3/><E3/><V42/><F42/><W110/><G110/><T121/><D121/><U89/><E79/><V118/><F118/><W129/><G129/><T67/><D67/><U10/><E39/><V54/><F54/><W41/><G41/><T69/><D69/><U7/><E8/><V131/><F131/><W17/><G17/><T74/><D66/><U64/><E64/><V72/><F72/><W134/><G134/><T44/><D95/><U37/><E37/><V15/><REACH who="2" step="1"/><F27/><REACH who="2" ten="306,160,344,180" step="2"/><W33/><G53/><T43/><D55/><U102/><E106/><V73/><F73/><W91/><G104/><T29/><D93/><AGARI ba="0,1" hai="13,14,15,20,26,30,61,65,71,85,90,93,126,127" machi="93" ten="40,2000,0" yaku="1,1,53,0" doraHai="105" doraHaiUra="68" who="2" fromWho="0" sc="306,-20,160,0,344,30,180,0" /><INIT seed="2,1,0,2,2,38" ten="286,160,374,180" oya="2" hai0="72,132,119,11,56,103,120,26,123,75,22,5,0" hai1="48,20,39,14,52,84,102,4,59,74,87,86,101" hai2="9,6,117,51,65,111,90,29,104,96,116,66,73" hai3="2,105,100,42,15,68,37,106,23,49,71,121,95"/><V50/><F73/><W32/><G2/><T1/><D103/><U41/><E74/><V109/><F29/><W127/><G32/><T135/><D56/><U58/><E58/><V19/><F19/><W33/><G33/><T108/><D75/><U35/><E35/><V55/><F51/><W10/><G121/><N who="0" m="46667" /><D72/><U21/><E4/><V114/><F114/><W53/><G127/><T76/><D76/><U122/><E122/><V43/><F66/><W27/><G95/><T60/><D60/><N who="1" m="35943" /><E39/><V85/><F65/><W133/><G133/><N who="0" m="51275" /><D108/><N who="2" m="41546" /><F96/><W113/><G113/><T46/><D46/><N who="1" m="25679" /><E14/><N who="2" m="5431" /><F104/><W40/><G37/><T18/><D119/><U92/><E102/><V45/><F55/><W36/><G36/><T89/><D89/><U57/><E57/><V124/><F124/><W44/><G106/><T24/><D24/><U31/><E31/><V25/><F25/><W16/><G105/><T82/><D82/><AGARI ba="1,0" hai="43,45,50,82,85,90,116,117" m="5431,41546" machi="82" ten="30,5800,0" yaku="14,1,10,1,52,1" doraHai="38" who="2" fromWho="0" sc="286,-61,160,0,374,61,180,0" /><INIT seed="2,2,0,2,3,95" ten="225,160,435,180" oya="2" hai0="55,92,65,19,35,27,121,14,108,74,126,0,135" hai1="32,57,69,82,42,86,8,41,106,33,100,44,107" hai2="31,125,48,20,13,25,94,64,90,88,61,79,116" hai3="112,117,129,91,52,123,87,84,15,34,99,80,127"/><V101/><F116/><W68/><G34/><T66/><D74/><U97/><E107/><V21/><F125/><W16/><G117/><T81/><D121/><U62/><E69/><V40/><F79/><W122/><G68/><T59/><D0/><U71/><E71/><V29/><F101/><W4/><G4/><T83/><D135/><U51/><E8/><V7/><F7/><W56/><G127/><T17/><D108/><U22/><E22/><V98/><F48/><W110/><G110/><T3/><D3/><U130/><E41/><V28/><F40/><W54/><G129/><T103/><D66/><U124/><E130/><V102/><F13/><W58/><G112/><T38/><D65/><U18/><E18/><V96/><F21/><W6/><G6/><T89/><D103/><U46/><E46/><V111/><F111/><W2/><G2/><T30/><D38/><U47/><E47/><V37/><F37/><W67/><G67/><T114/><D19/><U115/><E115/><V132/><F132/><W134/><G134/><T118/><D114/><U93/><E106/><V72/><F72/><W133/><G133/><T109/><D109/><U9/><E9/><V49/><F49/><W128/><G128/><T73/><D73/><U113/><E113/><V1/><F1/><W50/><G99/><N who="0" m="57743" /><D126/><U23/><E23/><V70/><F90/><W131/><G131/><T78/><D78/><N who="1" m="46423" /><E124/><V119/><F119/><W12/><G84/><T5/><D5/><U26/><E26/><V105/><AGARI ba="2,0" hai="20,25,28,29,31,61,64,70,88,94,96,98,102,105" machi="105" ten="20,12000,1" yaku="0,1,7,1,52,2,54,1" doraHai="95" who="2" fromWho="2" sc="225,-42,160,-42,435,126,180,-42" /><INIT seed="2,3,0,1,3,23" ten="183,118,561,138" oya="2" hai0="126,101,58,5,97,18,67,50,108,24,15,63,133" hai1="26,2,53,12,39,61,122,119,56,78,106,27,127" hai2="48,107,82,99,35,81,51,98,10,45,57,38,92" hai3="105,76,93,4,100,37,14,116,79,11,96,68,7"/><V22/><F35/><W109/><G116/><T3/><D108/><U89/><E119/><V125/><F107/><W74/><G68/><T80/><D133/><U33/><E2/><V52/><F125/><W123/><G123/><T19/><D80/><U1/><E1/><V34/><F34/><W30/><G37/><T86/><D86/><U94/><E106/><V118/><F118/><W65/><G65/><T25/><D126/><U44/><E33/><V120/><F120/><W31/><G109/><T124/><D3/><U16/><E127/><V62/><F38/><W0/><G105/><T77/><D77/><U104/><E104/><V134/><F134/><W111/><G111/><T121/><D121/><U88/><E122/><V84/><F10/><W66/><G66/><T69/><D124/><U6/><E6/><V36/><F36/><W112/><G112/><T43/><D5/><U40/><E78/><N who="3" m="29738" /><G74/><T32/><D32/><U132/><E132/><V49/><F45/><W91/><G0/><T28/><D28/><N who="3" m="10793" /><G7/><T60/><D19/><U46/><E46/><V64/><F64/><W17/><G4/><T73/><D73/><U55/><E55/><V113/><F113/><W115/><G115/><T71/><D43/><U117/><E117/><V87/><F22/><W129/><G129/><T21/><D50/><N who="1" m="26887" /><E89/><AGARI ba="3,0" hai="11,14,17,89,91,93,96,100" m="10793,29738" machi="89" ten="30,1000,0" yaku="8,1" doraHai="23" who="3" fromWho="1" sc="183,0,118,-19,561,0,138,19" /><INIT seed="3,0,0,5,1,90" ten="183,99,561,157" oya="3" hai0="15,118,101,133,93,47,1,116,25,79,34,75,60" hai1="16,58,14,8,98,21,22,74,85,80,10,92,121" hai2="19,61,24,33,50,54,120,89,2,129,65,94,30" hai3="115,113,72,51,27,96,36,117,20,124,4,46,3"/><W105/><G117/><T69/><D1/><U32/><E32/><V111/><F120/><W104/><G36/><T71/><D133/><U108/><E108/><V5/><F111/><W29/><G72/><T119/><D47/><U62/><E121/><V134/><F129/><W114/><G124/><T57/><D75/><U95/><E74/><V102/><F134/><W122/><G122/><T43/><D79/><U59/><E98/><V132/><F132/><W38/><G38/><T40/><D15/><N who="1" m="7271" /><E58/><V97/><F19/><W78/><G78/><T103/><D103/><U67/><E22/><V88/><F5/><W28/><G28/><T99/><D43/><U123/><E123/><V52/><F2/><W55/><REACH who="3" step="1"/><G96/><REACH who="3" ten="183,99,561,147" step="2"/><T130/><D130/><U53/><E21/><V63/><F63/><W49/><G49/><T131/><D131/><U110/><E110/><V35/><F35/><W45/><G45/><T11/><D40/><U9/><E9/><AGARI ba="0,1" hai="3,4,9,20,27,29,46,51,55,104,105,113,114,115" machi="9" ten="40,3900,0" yaku="1,1,53,1" doraHai="90" doraHaiUra="0" who="3" fromWho="1" sc="183,0,99,-39,561,0,147,49" /><INIT seed="3,1,0,2,1,64" ten="183,60,561,196" oya="3" hai0="24,92,126,75,132,91,81,7,59,25,56,18,95" hai1="22,28,10,42,6,125,0,78,96,14,36,41,71" hai2="88,77,62,80,4,130,93,39,2,66,70,47,67" hai3="51,20,117,12,54,111,26,65,104,60,116,13,53"/><W43/><G104/><T30/><D132/><U100/><E125/><V46/><F130/><W115/><G115/><T57/><D126/><U48/><E48/><V131/><F131/><W16/><G43/><T11/><D18/><U38/><E38/><V58/><F39/><W120/><G120/><T121/><D121/><U23/><E42/><V113/><F113/><W83/><G111/><T79/><D25/><U90/><E90/><V108/><F108/><W129/><G129/><T110/><D110/><U31/><E78/><V101/><F101/><W89/><G117/><T44/><D44/><U9/><E71/><V123/><F123/><W102/><G102/><T85/><D95/><U103/><E41/><V8/><F66/><W5/><G116/><T112/><D112/><U37/><E96/><V34/><F58/><W52/><G5/><T29/><REACH who="0" step="1"/><D24/><REACH who="0" ten="173,60,561,196" step="2"/><U106/><E106/><V118/><F118/><W33/><G33/><T124/><D124/><U99/><E99/><V17/><F34/><W97/><G51/><T82/><D82/><U3/><E6/><V49/><F17/><W128/><G128/><T133/><D133/><U72/><E72/><V32/><F49/><W107/><G107/><T87/><D87/><U105/><E105/><V21/><F32/><W94/><REACH who="3" step="1"/><G83/><REACH who="3" ten="173,60,561,186" step="2"/><T19/><D19/><U15/><AGARI ba="1,2" hai="0,3,9,10,14,15,22,23,28,31,36,37,100,103" machi="15" ten="25,3200,0" yaku="0,1,22,2" doraHai="64" who="1" fromWho="1" sc="173,-9,60,55,561,-9,186,-17" /><INIT seed="4,0,0,4,4,109" ten="164,115,552,169" oya="0" hai0="39,101,64,38,0,68,76,97,59,81,2,80,27" hai1="119,66,21,78,77,34,90,87,95,48,30,25,135" hai2="12,6,57,72,92,29,13,121,84,40,65,86,74" hai3="104,112,49,110,115,54,117,28,91,131,16,94,93"/><T113/><D81/><U133/><E119/><V33/><F121/><W123/><G123/><T73/><D59/><U79/><E66/><V42/><F33/><W44/><G110/><T134/><D134/><N who="1" m="51211" /><E48/><V7/><F29/><W61/><G104/><T71/><D113/><N who="3" m="43593" /><G28/><T63/><D68/><U118/><E118/><V100/><F65/><W18/><G117/><T1/><REACH who="0" step="1"/><D27/><REACH who="0" ten="154,115,552,169" step="2"/><U96/><E34/><V128/><F57/><N who="3" m="34999" /><G131/><T26/><D26/><U15/><E15/><V32/><F13/><W46/><G46/><T58/><D58/><U19/><E30/><V85/><F12/><W130/><G130/><T8/><D8/><U56/><E56/><V82/><F82/><AGARI ba="0,1" hai="19,21,25,77,78,79,82,87,90,95,96" m="51211" machi="82" ten="30,1000,0" yaku="20,1" doraHai="109" who="1" fromWho="2" sc="154,0,115,20,552,-10,169,0" /><INIT seed="5,0,0,5,1,104" ten="154,135,542,169" oya="1" hai0="11,128,12,2,90,1,44,61,32,108,63,27,0" hai1="41,42,116,3,28,120,5,43,98,70,6,22,131" hai2="86,31,133,87,76,29,125,62,50,102,52,123,10" hai3="59,18,13,74,92,45,38,119,109,33,60,35,110"/><U55/><E116/><V66/><F123/><W57/><G119/><T84/><D108/><U111/><E120/><V93/><F125/><W72/><G45/><T4/><D128/><U135/><E70/><V54/><F133/><W26/><G38/><T96/><D96/><U73/><E73/><V8/><F76/><W88/><G13/><T64/><D44/><U36/><E36/><V30/><F102/><W134/><G134/><T114/><D114/><U48/><E135/><V68/><F54/><W81/><G81/><T20/><D32/><U107/><E3/><V129/><F129/><W75/><G33/><T40/><D40/><U16/><E28/><V79/><F87/><W56/><G60/><T17/><REACH who="0" step="1"/><D64/><REACH who="0" ten="144,135,542,169" step="2"/><U21/><E131/><V49/><F66/><W101/><G101/><T121/><D121/><U124/><E111/><V15/><F68/><W132/><G132/><T94/><AGARI ba="0,1" hai="0,1,2,4,11,12,17,20,27,61,63,84,90,94" machi="94" ten="30,2000,0" yaku="1,1,0,1,53,0" doraHai="104" doraHaiUra="115" who="0" fromWho="0" sc="144,30,135,-10,542,-5,169,-5" /><INIT seed="6,0,0,5,4,5" ten="174,125,537,164" oya="2" hai0="59,54,11,39,13,15,108,110,77,14,133,17,119" hai1="125,1,24,72,33,28,19,123,62,29,40,23,58" hai2="63,36,131,68,64,56,89,38,42,2,30,113,135" hai3="66,121,91,31,115,112,116,18,111,9,70,83,130"/><V85/><F113/><W90/><G111/><T49/><D39/><U57/><E72/><V71/><F131/><W7/><G31/><T21/><D119/><U32/><E40/><V93/><F135/><W129/><G116/><T16/><D133/><U132/><E132/><V95/><F2/><W120/><G66/><T37/><D37/><U81/><E81/><V103/><F30/><W97/><G70/><T3/><D3/><U96/><E125/><V52/><F71/><W26/><G26/><T99/><D77/><U127/><E127/><V27/><F27/><W47/><G47/><T69/><D69/><U101/><E123/><N who="3" m="47178" /><G18/><T80/><D80/><U102/><E1/><V114/><F42/><W75/><G9/><T43/><D43/><U76/><E76/><V50/><F114/><N who="3" m="43563" /><G7/><T109/><REACH who="0" step="1"/><D99/><REACH who="0" ten="164,125,537,164" step="2"/><U53/><E96/><V61/><F38/><W104/><G75/><T79/><D79/><U100/><E33/><V20/><F36/><W107/><G83/><T34/><D34/><U46/><E32/><V117/><F117/><W98/><G97/><T92/><D92/><U118/><E118/><V94/><F103/><N who="3" m="62583" /><G107/><T8/><D8/><U87/><E87/><V55/><F20/><W6/><G6/><T73/><D73/><U67/><REACH who="1" step="1"/><E46/><AGARI ba="0,1" hai="46,50,52,55,56,61,63,64,68,85,89,93,94,95" machi="46" ten="30,2900,0" yaku="7,1,54,1" doraHai="5" who="2" fromWho="1" sc="164,0,125,-29,537,39,164,0" /><INIT seed="6,1,0,2,3,94" ten="164,96,576,164" oya="2" hai0="104,105,33,67,135,85,7,75,110,98,131,38,15" hai1="54,48,126,106,111,70,83,26,3,114,92,84,129" hai2="128,10,76,125,115,64,87,68,37,95,121,86,49" hai3="13,99,116,123,12,101,55,9,88,96,25,74,80"/><V130/><F37/><W28/><G116/><T61/><D75/><U119/><E111/><V23/><F121/><W19/><G123/><T30/><D110/><U36/><E36/><V69/><F115/><W21/><G101/><T127/><D38/><U71/><E106/><V16/><F125/><W18/><G55/><T89/><D105/><U65/><E3/><V79/><F10/><W20/><G74/><T39/><D39/><U66/><E119/><V120/><F120/><W109/><G109/><T5/><D15/><U44/><E114/><V90/><F49/><W81/><G81/><T60/><D60/><U73/><E129/><N who="2" m="49771" /><F64/><W93/><G80/><T14/><D14/><U47/><E126/><V57/><F57/><W108/><G108/><T2/><D2/><U4/><E4/><V97/><F86/><AGARI ba="1,0" hai="9,12,13,18,19,20,21,25,28,86,88,93,96,99" machi="86" ten="30,8000,1" yaku="7,1,8,1,52,2,54,1" doraHai="94" who="3" fromWho="2" sc="164,0,96,0,576,-83,164,83" /><INIT seed="7,0,0,1,2,20" ten="164,96,493,247" oya="3" hai0="131,94,128,86,66,59,111,97,103,28,114,118,36" hai1="78,121,19,41,49,133,102,5,81,26,21,73,44" hai2="117,70,60,43,72,55,84,88,100,80,119,22,67" hai3="89,112,83,4,132,126,34,130,3,29,87,58,68"/><W16/><G68/><T105/><D36/><U106/><E133/><V6/><F72/><W57/><G132/><T42/><D42/><U15/><E121/><V10/><F100/><W79/><G112/><T7/><D7/><U135/><E135/><V109/><F109/><W31/><G31/><T25/><D111/><U35/><E102/><V64/><F64/><W120/><G120/><T134/><D134/><U91/><E106/><V82/><F43/><W122/><G122/><T69/><D118/><U51/><E35/><V53/><F22/><W108/><G108/><T99/><D86/><U115/><E115/><V40/><F40/><W27/><G126/><T75/><D75/><U12/><E5/><V32/><F32/><W45/><G130/><T110/><D110/><U30/><E91/><V101/><F101/><W24/><G45/><T113/><D99/><U14/><REACH who="1" step="1"/><E30/><REACH who="1" ten="164,86,493,247" step="2"/><V123/><F119/><W9/><G89/><T92/><D114/><U127/><E127/><V62/><F117/><W90/><G90/><T85/><D113/><U17/><E17/><V18/><F123/><W95/><G16/><T107/><D107/><U0/><E0/><V23/><F18/><W96/><G29/><T65/><D105/><U56/><E56/><V47/><F23/><W93/><G34/><T13/><D103/><U77/><E77/><V11/><F6/><W52/><G58/><T125/><D59/><U1/><E1/><V38/><F11/><W50/><G9/><T37/><D125/><U8/><E8/><V129/><F10/><W46/><G57/><T76/><D76/><RYUUKYOKU ba="0,1" sc="164,-10,86,30,493,-10,247,-10" hai1="12,14,15,19,21,26,41,44,49,51,73,78,81" owari="154,-25.0,116,-38.0,493,59.0,237,4.0" /></mjloggm>