<mjloggm ver="2.3"><GO type="41" lobby="0"/><UN n0="%E5%B0%B1%E6%B4%BB%E7%94%9F%40%E5%B7%9D%E6%9D%91%E8%BB%8D%E5%9B%A3" n1="%53%6C%6C%69%76%69%61%6E" n2="%4E%61%6F%31%30%31%34%30" n3="%33%72%69%62%61" dan="15,14,13,14" rate="2018.35,1918.70,1853.52,2034.33" sx="M,M,M,M"/><TAIKYOKU oya="0"/><INIT seed="0,0,0,4,4,108" ten="250,250,250,250" oya="0" hai0="118,32,95,20,109,10,126,8,62,96,15,1,70" hai1="69,74,78,76,41,133,50,54,46,48,104,5,80" hai2="40,114,27,132,101,111,134,33,4,112,106,135,71" hai3="21,93,123,45,24,39,94,52,9,0,79,131,129"/><T72/><D32/><U122/><E122/><V63/><F40/><W43/><G123/><T56/><D118/><U25/><E69/><V98/><F4/><W83/><G52/><T3/><D72/><U92/><E104/><V47/><F47/><W119/><G119/><T14/><D109/><U90/><E133/><V75/><F111/><W51/><G51/><T117/><D70/><U77/><E5/><V61/><F75/><W12/><G129/><T67/><D117/><U7/><E25/><V88/><F71/><W68/><G68/><T19/><D126/><U130/><E130/><V6/><F6/><W87/><G131/><T110/><D110/><U84/><REACH who="1" step="1"/><E7/><REACH who="1" ten="250,240,250,250" step="2"/><V85/><F27/><W97/><G0/><T113/><D3/><U107/><E107/><V115/><REACH who="2" step="1"/><F33/><REACH who="2" ten="250,240,240,250" step="2"/><W22/><G24/><N who="0" m="14367" /><D1/><U99/><E99/><V38/><F38/><W116/><G39/><T59/><D15/><U49/><E49/><V65/><F65/><W89/><G12/><T100/><D14/><U128/><E128/><V58/><F58/><AGARI ba="0,2" hai="41,46,48,50,54,58,74,76,77,78,80,84,90,92" machi="58" ten="30,3900,0" yaku="1,1,7,1,53,1" doraHai="108" doraHaiUra="53" who="1" fromWho="2" sc="250,0,240,59,240,-39,250,0" /><INIT seed="1,0,0,0,2,61" ten="250,299,201,250" oya="1" hai0="100,3,77,13,76,24,86,15,14,63,54,125,80" hai1="55,25,94,57,39,85,68,67,75,84,79,108,102" hai2="47,134,93,7,74,28,92,115,36,22,96,27,52" hai3="65,26,97,6,29,106,103,98,0,88,34,49,31"/><U82/><E39/><V128/><F128/><W133/><G133/><T10/><D125/><U78/><E108/><V87/><F134/><W117/><G117/><T129/><D129/><U33/><E33/><V62/><F74/><W69/><G31/><T126/><D126/><U44/><E44/><V46/><F115/><W83/><G49/><T38/><D38/><U127/><E127/><V23/><F7/><W50/><G50/><T113/><D113/><U58/><E68/><V2/><F2/><W104/><G6/><T30/><D100/><U37/><E37/><V122/><F122/><W60/><G83/><T4/><D76/><N who="1" m="46151" /><E75/><V114/><F114/><W135/><G135/><T17/><D54/><U20/><E57/><N who="2" m="35111" /><F36/><W124/><G124/><T48/><D48/><N who="1" m="31079" /><E67/><V132/><F132/><W91/><G0/><T112/><D112/><U21/><E21/><V116/><F116/><W1/><G1/><T99/><D63/><U107/><E107/><V130/><F130/><W110/><G110/><T118/><D118/><U101/><E102/><AGARI ba="0,0" hai="26,29,34,60,65,69,88,91,97,98,102,103,104,106" machi="102" ten="40,8000,1" yaku="9,1,25,2,52,1,54,1" doraHai="61" who="3" fromWho="1" sc="250,0,299,-80,201,0,250,80" /><INIT seed="2,0,0,5,1,120" ten="250,219,201,330" oya="2" hai0="79,92,105,49,54,100,63,102,37,80,74,65,10" hai1="19,22,89,133,39,118,2,24,35,67,9,135,31" hai2="73,64,53,91,106,20,114,130,4,77,17,90,61" hai3="82,129,11,76,42,40,25,70,62,81,128,14,97"/><V103/><F114/><W7/><G97/><T101/><D37/><U44/><E67/><V23/><F130/><N who="3" m="50283" /><G25/><T111/><D105/><U50/><E39/><V123/><F123/><W47/><G47/><T59/><D10/><U18/><E118/><V124/><F124/><W3/><G3/><T28/><D28/><U38/><E38/><V0/><F23/><W60/><G82/><T87/><D111/><U36/><E36/><V12/><F53/><W112/><G112/><T1/><D1/><U15/><E89/><V71/><F106/><W88/><G88/><T110/><D110/><U132/><E2/><V94/><F73/><N who="3" m="43151" /><G70/><T99/><REACH who="0" step="1"/><D74/><REACH who="0" ten="240,219,201,330" step="2"/><U115/><E115/><V43/><F0/><W109/><G109/><T32/><D32/><U107/><E107/><V121/><F121/><W41/><AGARI ba="0,1" hai="7,11,14,40,41,42,60,62" m="43151,50283" machi="41" ten="30,1100,0" yaku="19,1" doraHai="120" who="3" fromWho="3" sc="240,-3,219,-3,201,-5,330,21" /><INIT seed="3,0,0,4,4,79" ten="237,216,196,351" oya="3" hai0="132,12,68,38,72,65,59,92,124,53,70,77,86" hai1="31,118,28,97,69,42,114,135,58,112,16,63,33" hai2="22,74,56,87,80,23,105,2,17,0,117,25,44" hai3="107,29,75,66,115,35,27,102,104,113,83,55,127"/><W60/><G127/><T90/><D38/><U39/><E69/><V78/><F117/><W54/><G54/><T64/><D124/><U134/><E118/><V81/><F105/><W95/><G95/><T96/><D132/><N who="1" m="50731" /><E97/><V106/><F106/><N who="3" m="40491" /><G55/><T4/><D72/><U6/><E6/><V51/><F56/><W125/><G102/><T15/><D70/><U94/><E94/><V57/><F57/><W40/><G40/><T99/><D68/><U45/><E16/><V123/><F123/><W120/><G125/><T19/><D4/><U10/><E10/><V61/><F61/><W7/><G7/><T67/><D77/><U3/><E3/><V43/><REACH who="2" step="1"/><F23/><REACH who="2" ten="237,216,186,351" step="2"/><W91/><G120/><T41/><D65/><N who="1" m="39159" /><E33/><V121/><F121/><W101/><G60/><T1/><D67/><U37/><E112/><V100/><F100/><W11/><G66/><T84/><D64/><U21/><E114/><V103/><F103/><W108/><G101/><T85/><D59/><U119/><E119/><V71/><F71/><W20/><G20/><T129/><D129/><U47/><E21/><V26/><F26/><W133/><G133/><T116/><D116/><U130/><E47/><V13/><F13/><W88/><G115/><T8/><D12/><U52/><E45/><V14/><F14/><W93/><G113/><T48/><D1/><U73/><E42/><V50/><F50/><W34/><G27/><T18/><D41/><U126/><E52/><V49/><F49/><W128/><G34/><T62/><D53/><U131/><E126/><V111/><F111/><W98/><G35/><RYUUKYOKU ba="0,1" sc="237,-10,216,-10,186,30,351,-10" hai2="0,2,17,22,25,43,44,51,74,78,80,81,87" /><INIT seed="4,1,1,5,2,95" ten="227,206,216,341" oya="0" hai0="18,31,43,32,110,66,9,46,21,54,112,28,65" hai1="72,87,102,68,96,49,34,113,92,48,41,132,7" hai2="135,128,61,117,105,94,58,93,106,114,88,118,36" hai3="30,37,60,101,19,64,56,8,124,55,111,23,4"/><T2/><D112/><U86/><E72/><V123/><F36/><W11/><G37/><T33/><D110/><U116/><E116/><N who="2" m="44651" /><F114/><W25/><G111/><T40/><D32/><U109/><E109/><V125/><F123/><W27/><G124/><T14/><D33/><U50/><E113/><V5/><F5/><W131/><G131/><T81/><D81/><U45/><E68/><V26/><F128/><W12/><G101/><T99/><D2/><U15/><E34/><V134/><F125/><W75/><G75/><T91/><D54/><U82/><E132/><N who="2" m="50731" /><F26/><W83/><G83/><T108/><D108/><U119/><E119/><V0/><F0/><W44/><G27/><N who="0" m="16495" /><D31/><U38/><REACH who="1" step="1"/><E82/><REACH who="1" ten="227,196,216,341" step="2"/><V76/><F76/><W74/><G74/><T35/><D35/><U80/><E80/><V52/><F94/><W97/><G30/><T13/><D13/><U122/><E122/><V90/><F90/><W59/><G12/><T20/><D9/><AGARI ba="1,2" hai="7,9,15,38,41,45,48,49,50,86,87,92,96,102" machi="9" ten="40,5200,0" yaku="1,1,52,1,53,1" doraHai="95" doraHaiUra="3" who="1" fromWho="0" sc="227,-55,196,75,216,0,341,0" /><INIT seed="5,0,0,2,5,66" ten="172,271,216,341" oya="1" hai0="116,45,120,103,106,60,46,73,64,47,39,100,88" hai1="95,28,125,56,61,112,35,107,80,74,4,111,43" hai2="36,1,59,72,75,2,115,29,78,82,129,50,91" hai3="124,67,24,89,18,14,23,85,98,81,119,93,53"/><U55/><E107/><V40/><F129/><W12/><G119/><T57/><D73/><U94/><E112/><V62/><F115/><W5/><G124/><T33/><D120/><U87/><E125/><V133/><F75/><W26/><G67/><T27/><D116/><U13/><E74/><V114/><F114/><W38/><G38/><T51/><D39/><U63/><E111/><V54/><F133/><W83/><G83/><T86/><D51/><N who="1" m="30847" /><E35/><V30/><F36/><W102/><G5/><T90/><D106/><U20/><E43/><V65/><F40/><W97/><G26/><T52/><D64/><U131/><E131/><V11/><F91/><N who="0" m="34858" /><D33/><U104/><E104/><V71/><F1/><W77/><G53/><T122/><D122/><U96/><E96/><V10/><REACH who="2" step="1"/><F10/><REACH who="2" ten="172,271,206,341" step="2"/><W128/><G128/><T19/><D86/><U15/><E87/><V16/><F16/><W31/><G18/><T32/><D32/><U7/><E7/><AGARI ba="0,1" hai="2,7,11,29,30,50,54,59,62,65,71,72,78,82" machi="7" ten="40,5200,0" yaku="1,1,52,1,53,1" doraHai="66" doraHaiUra="48" who="2" fromWho="1" sc="172,0,271,-52,206,62,341,0" /><INIT seed="6,0,0,5,2,123" ten="172,219,268,341" oya="2" hai0="13,106,28,125,114,110,6,1,69,73,20,94,45" hai1="32,33,80,59,19,55,56,15,124,54,40,91,65" hai2="118,127,112,100,42,97,41,50,11,113,85,63,134" hai3="84,23,8,121,25,51,96,103,61,128,24,86,10"/><V43/><F118/><W89/><G121/><T9/><D106/><U93/><E124/><V46/><F127/><W105/><G128/><T135/><D73/><U82/><E65/><V111/><F111/><W58/><G51/><T14/><D69/><U83/><E40/><V79/><F134/><W7/><G89/><T12/><D45/><U57/><E32/><V78/><F11/><W68/><G68/><T52/><D94/><U109/><E33/><V77/><F85/><W3/><G10/><N who="0" m="2383" /><D52/><U108/><E108/><V126/><F126/><W26/><REACH who="3" step="1"/><G23/><REACH who="3" ten="172,219,268,331" step="2"/><T131/><D125/><U76/><E76/><V115/><REACH who="2" step="1"/><F63/><REACH who="2" ten="172,219,258,331" step="2"/><W39/><G39/><T47/><D110/><U21/><REACH who="1" step="1"/><E109/><REACH who="1" ten="172,209,258,331" step="2"/><V102/><F102/><W18/><G18/><T117/><D117/><U116/><E116/><V48/><F48/><W90/><G90/><T22/><D131/><U36/><E36/><V44/><F44/><W81/><G81/><T16/><D47/><U87/><AGARI ba="0,3" hai="15,19,21,54,55,56,57,59,80,82,83,87,91,93" machi="87" ten="30,4000,0" yaku="1,1,0,1,8,1,53,0" doraHai="123" doraHaiUra="67" who="1" fromWho="1" sc="172,-10,209,70,258,-20,331,-10" /><INIT seed="7,0,0,1,4,20" ten="162,279,238,321" oya="3" hai0="117,36,64,26,7,69,119,80,98,122,106,71,83" hai1="65,5,67,27,87,125,31,72,59,35,24,44,40" hai2="93,25,57,81,110,21,22,53,62,28,18,74,90" hai3="88,16,52,103,79,105,12,86,120,84,126,131,58"/><W13/><G120/><T77/><D122/><U41/><E72/><V32/><F110/><W10/><G126/><T108/><D36/><U29/><E125/><V45/><F32/><W42/><G131/><T114/><D108/><U43/><E5/><V130/><F130/><W89/><G42/><T91/><D7/><U49/><E87/><V3/><F3/><W61/><G103/><T78/><D114/><U96/><E96/><V37/><F74/><W51/><G105/><T6/><D6/><U2/><E2/><V92/><F37/><W111/><G111/><T47/><D47/><U118/><E118/><V60/><F60/><W8/><G61/><T104/><D98/><U11/><E11/><V55/><F55/><W100/><G100/><T97/><D97/><U9/><E9/><V127/><F127/><W30/><G30/><T15/><D15/><U99/><E99/><V19/><F28/><W115/><G115/><T85/><D85/><N who="3" m="32873" /><G79/><T39/><D39/><U95/><E95/><V38/><F38/><W82/><G82/><T112/><D112/><U50/><E59/><V124/><F124/><W73/><G73/><T121/><D121/><U134/><E134/><V68/><F68/><W101/><G101/><T70/><D64/><U56/><E56/><V113/><F113/><W107/><G107/><N who="0" m="41003" /><D91/><U63/><E63/><V116/><F116/><N who="0" m="44618" /><D80/><U109/><E109/><V129/><F129/><W66/><G66/><T135/><D135/><U133/><E133/><V4/><F4/><AGARI ba="0,0" hai="4,8,10,12,13,16,51,52,58,88,89" m="32873" machi="4" ten="30,11600,0" yaku="8,1,54,3" doraHai="20" who="3" fromWho="2" sc="162,0,279,0,238,-116,321,116" owari="162,-24.0,279,8.0,122,-38.0,437,54.0" /></mjloggm>