<mjloggm ver="2.3"><GO type="97" lobby="0"/><UN n0="%E3%81%A9%E3%82%93%E3%82%8A%E3%82%85%E3%81%86" n1="%E3%83%88%E3%83%88%E3%83%AA%E5%85%88%E7%94%9F%31%39%E6%AD%B3" n2="%E5%B7%9D%E6%9D%91%E8%BB%8D%E5%9B%A3%E8%BB%8D%E6%9D%91%E5%B7%9D" n3="%E5%B0%8F%E5%AD%A6%E7%94%9F" dan="14,15,14,14" rate="1944.71,2062.77,1968.35,1967.05" sx="M,F,F,M"/><TAIKYOKU oya="0"/><INIT seed="0,0,0,1,5,81" ten="250,250,250,250" oya="0" hai0="72,35,88,64,111,1,29,57,128,70,7,3,59" hai1="116,120,83,33,123,89,129,87,102,86,17,63,79" hai2="134,61,56,45,25,15,30,133,76,23,54,90,39" hai3="53,131,103,91,124,113,126,99,68,21,51,125,43"/><T105/><D105/><U114/><E33/><V10/><F76/><W73/><G113/><T14/><D72/><U46/><E114/><V2/><F2/><W122/><G73/><T37/><D37/><U42/><E116/><V60/><F39/><W115/><G122/><T48/><D128/><U132/><E129/><V34/><F45/><W67/><G115/><T119/><D119/><U85/><E132/><N who="2" m="50795" /><F90/><W38/><G131/><T20/><D70/><U16/><E102/><V101/><F101/><W107/><G21/><T19/><D111/><U77/><E120/><V5/><F34/><W84/><G38/><T127/><D127/><U50/><E123/><V40/><F40/><W0/><G0/><T100/><D100/><U66/><E79/><V6/><F6/><W62/><G43/><T130/><D130/><U93/><E85/><V108/><F108/><W8/><G8/><N who="0" m="2159" /><D3/><U75/><E75/><V97/><F97/><W27/><G27/><N who="0" m="18879" /><D64/><U24/><E24/><V112/><F112/><W4/><G4/><T121/><D121/><U26/><E26/><V135/><N who="2" m="50803" /><V12/><DORA hai="31" /><F12/><W80/><REACH who="3" step="1"/><G126/><REACH who="3" ten="250,250,250,240" step="2"/><T11/><D20/><U22/><E22/><V44/><F44/><AGARI ba="0,1" hai="44,51,53,62,67,68,80,84,91,99,103,107,124,125" machi="44" ten="40,5200,0" yaku="1,1,2,1,52,1,53,0" doraHai="81,31" doraHaiUra="69,9" who="3" fromWho="2" sc="250,0,250,0,250,-52,240,62" /><INIT seed="1,0,0,0,2,63" ten="250,250,198,302" oya="1" hai0="64,126,6,8,110,92,118,78,125,117,122,121,27" hai1="65,43,113,19,69,70,59,35,25,83,95,32,91" hai2="116,123,134,130,72,84,50,105,76,23,80,98,36" hai3="24,47,120,101,107,33,127,77,104,51,58,31,16"/><U5/><E113/><V112/><F123/><N who="0" m="47114" /><D78/><U66/><E5/><V74/><F116/><W22/><G120/><T28/><D92/><U68/><E43/><V0/><F36/><W73/><G127/><N who="0" m="48651" /><D110/><U14/><E83/><V56/><F0/><W11/><G11/><T44/><D44/><U135/><E135/><V88/><F23/><W20/><G101/><T62/><D6/><U7/><E7/><V2/><F2/><W124/><G124/><T15/><D15/><U71/><E59/><V49/><F112/><W132/><G132/><T100/><D8/><U52/><E69/><V81/><F134/><W54/><G33/><N who="0" m="20639" /><D100/><U85/><E35/><V41/><F130/><W53/><G77/><T55/><D55/><U48/><E32/><V111/><F111/><W86/><G73/><T67/><D67/><U129/><E25/><V45/><F49/><W39/><G39/><T109/><D109/><U42/><E42/><V1/><F1/><W57/><G86/><T114/><D114/><U90/><E90/><V82/><F105/><W93/><G93/><T75/><D75/><U26/><E26/><V3/><F3/><W29/><G104/><T46/><D46/><U131/><E131/><V38/><F98/><W21/><G107/><T106/><D106/><U40/><E40/><V108/><F108/><W10/><G47/><T30/><D30/><N who="3" m="11273" /><G10/><T60/><D60/><AGARI ba="0,0" hai="16,20,21,22,24,51,53,54,57,58,60" m="11273" machi="60" ten="30,2000,0" yaku="8,1,54,1" doraHai="63" who="3" fromWho="0" sc="250,-20,250,0,198,0,302,20" /><INIT seed="2,0,0,3,4,121" ten="230,250,198,322" oya="2" hai0="50,57,110,126,71,6,124,109,24,49,48,33,81" hai1="12,105,52,92,94,104,135,70,64,1,25,100,14" hai2="102,36,86,83,26,88,95,91,122,73,80,132,117" hai3="5,23,34,87,15,54,65,3,129,4,112,61,9"/><V35/><F36/><W43/><G129/><T79/><D71/><U119/><E119/><V45/><F117/><W76/><G112/><T46/><D6/><U103/><E1/><V20/><F122/><W8/><G34/><T13/><D13/><U41/><E25/><V53/><F35/><W51/><G43/><T127/><D57/><U29/><E41/><V114/><F114/><W89/><G76/><T101/><D101/><U134/><E70/><V30/><F73/><W84/><G23/><T19/><D46/><U99/><E64/><V56/><F132/><W116/><G116/><T68/><D68/><U82/><E82/><V97/><F45/><W42/><G42/><T130/><D130/><U93/><E29/><V16/><F30/><W120/><G120/><T74/><REACH who="0" step="1"/><D19/><REACH who="0" ten="220,250,198,322" step="2"/><U10/><E14/><V59/><F56/><N who="3" m="37031" /><G15/><T40/><D40/><U123/><E123/><V131/><F131/><W98/><G5/><T77/><D77/><U21/><E10/><V17/><F17/><W55/><G9/><T38/><D38/><U113/><E113/><V32/><F32/><W69/><G69/><T39/><D39/><U108/><E134/><V22/><F22/><W96/><G8/><T63/><D63/><U7/><E135/><V11/><F11/><W47/><G4/><T125/><N who="0" m="32256" /><DORA hai="67" /><T118/><D118/><U37/><E37/><V106/><REACH who="2" step="1"/><F91/><REACH who="2" ten="220,250,188,322" step="2"/><W66/><G89/><T58/><D58/><U133/><E133/><V62/><AGARI ba="0,2" hai="16,20,26,53,59,62,80,83,86,88,95,97,102,106" machi="62" ten="20,18000,2" yaku="1,1,2,1,0,1,7,1,54,2,53,0" doraHai="121,67" doraHaiUra="75,107" who="2" fromWho="2" sc="220,-60,250,-60,188,200,322,-60" /><INIT seed="2,1,0,1,0,120" ten="160,190,388,262" oya="2" hai0="50,86,119,130,37,51,131,124,81,35,54,69,116" hai1="93,110,40,48,115,79,92,21,112,108,117,64,96" hai2="91,114,90,62,74,0,53,113,32,63,15,83,16" hai3="56,104,80,97,26,68,73,78,84,102,10,58,12"/><V24/><F0/><W28/><G68/><T126/><D35/><U134/><E117/><N who="0" m="45129" /><D37/><U46/><E134/><V111/><F111/><N who="1" m="42537" /><E64/><V3/><F3/><W98/><G98/><T38/><D38/><U8/><E79/><V34/><F114/><N who="1" m="43561" /><E8/><V30/><F113/><W49/><G49/><N who="0" m="18443" /><D69/><U55/><E21/><V39/><F39/><W1/><G1/><T61/><D81/><U71/><E71/><V89/><F32/><W19/><REACH who="3" step="1"/><G73/><REACH who="3" ten="160,190,388,252" step="2"/><T118/><D118/><U41/><E93/><V67/><F74/><W6/><G6/><T4/><D4/><U109/><E109/><V22/><F53/><W87/><G87/><T60/><D86/><U105/><E105/><V127/><F127/><N who="0" m="48682" /><D54/><U25/><E92/><V52/><F52/><W76/><G76/><T31/><D31/><U121/><E121/><V17/><F17/><W107/><G107/><T65/><D65/><U100/><E55/><V123/><F123/><W42/><G42/><T36/><D36/><U2/><E41/><V7/><F7/><W103/><G103/><T33/><D33/><AGARI ba="1,1" hai="10,12,19,26,28,33,56,58,78,80,84,97,102,104" machi="33" ten="30,2000,0" yaku="1,1,7,1,53,0" doraHai="120" doraHaiUra="133" who="3" fromWho="0" sc="160,-23,190,0,388,0,252,33" /><INIT seed="3,0,0,2,0,35" ten="137,190,388,285" oya="3" hai0="56,105,103,83,5,65,112,88,57,94,21,67,108" hai1="76,123,68,31,19,129,54,80,24,109,73,32,2" hai2="27,20,121,69,75,128,48,120,133,17,18,93,87" hai3="101,91,12,36,14,43,15,28,131,23,114,55,126"/><W127/><G114/><T42/><D112/><U77/><E123/><N who="2" m="47179" /><F75/><W99/><G131/><T118/><D118/><U66/><E19/><V104/><F69/><W106/><G91/><T117/><D117/><U13/><E13/><V62/><F104/><W53/><G43/><T70/><D108/><U86/><E54/><V16/><F133/><W98/><G36/><T11/><D42/><U122/><E24/><V59/><F128/><W29/><G99/><T10/><D105/><U46/><E46/><V58/><F48/><W41/><G41/><T63/><D103/><U7/><E7/><V1/><F1/><W9/><G9/><T124/><D124/><U85/><E66/><N who="2" m="39255" /><F59/><W47/><G47/><T102/><D102/><U72/><E32/><V79/><F93/><W33/><G33/><T40/><D40/><U96/><E96/><V92/><F92/><W125/><REACH who="3" step="1"/><G23/><REACH who="3" ten="137,190,388,275" step="2"/><T34/><D34/><U26/><E122/><V116/><F116/><W8/><G8/><T45/><D21/><U95/><E129/><V90/><F90/><W132/><G132/><T3/><D45/><U135/><E135/><V61/><F61/><W100/><G100/><T82/><D11/><U4/><E77/><V64/><F64/><W50/><G50/><T81/><REACH who="0" step="1"/><D67/><REACH who="0" ten="127,190,388,275" step="2"/><U74/><E109/><V113/><F113/><W38/><G38/><T119/><D119/><U134/><E134/><V49/><F20/><W89/><G89/><T97/><AGARI ba="0,2" hai="3,5,10,56,57,63,65,70,81,82,83,88,94,97" machi="97" ten="30,7900,0" yaku="1,1,0,1,52,1,54,1,53,0" doraHai="35" doraHaiUra="25" who="0" fromWho="0" sc="127,99,190,-20,388,-20,275,-39" owari="226,-17.0,170,-33.0,368,46.0,236,4.0" /></mjloggm>