<mjloggm ver="2.3"><GO type="169" lobby="0"/><UN n0="%72%6F%61%73%73%6F%32%38" n1="%E3%82%AF%E3%83%AD%E3%83%8E%E3%82%B9%40" n2="%E7%8B%AC%E6%AD%A9" n3="%E3%82%A6%E3%83%AB%E3%83%88%E3%83%A9%E7%AB%8B%E7%9B%B4" dan="16,18,20,18" rate="2107.80,2213.40,2238.63,2225.89" sx="M,M,M,M"/><TAIKYOKU oya="0"/><INIT seed="0,0,0,1,0,109" ten="250,250,250,250" oya="0" hai0="68,53,51,119,11,38,84,66,107,0,128,99,6" hai1="125,1,30,111,24,43,92,127,45,113,95,23,129" hai2="35,12,71,15,83,7,26,34,65,117,42,105,116" hai3="16,79,104,70,32,106,87,48,13,91,94,100,132"/><T134/><D119/><N who="2" m="45642" /><F105/><W77/><G70/><T72/><D134/><U93/><E111/><V47/><F83/><W123/><G32/><N who="2" m="12329" /><F26/><W75/><G132/><T52/><D128/><U76/><E76/><V110/><F110/><W96/><G106/><T120/><D120/><U62/><E1/><V19/><F7/><W85/><G123/><T135/><D135/><U89/><E129/><V122/><F122/><W14/><G14/><T49/><D72/><U88/><E62/><N who="2" m="40375" /><F19/><W101/><G75/><T21/><D107/><U55/><E55/><V4/><F4/><W98/><G48/><AGARI ba="0,0" hai="12,15,42,47,48" m="40375,12329,45642" machi="48" ten="30,1000,0" yaku="12,1" doraHai="109" who="2" fromWho="3" sc="250,0,250,0,250,10,250,-10" /><INIT seed="1,0,0,2,2,39" ten="250,250,260,240" oya="1" hai0="69,79,54,31,102,118,12,119,113,28,126,55,5" hai1="23,27,32,9,112,129,3,110,0,91,25,122,101" hai2="20,83,103,7,97,52,77,70,131,59,37,67,46" hai3="30,38,57,124,73,42,34,40,105,2,72,130,68"/><U62/><E101/><V13/><F131/><W80/><G68/><T92/><D113/><U15/><E91/><V89/><F89/><W90/><G105/><T41/><D69/><U60/><E60/><V61/><F7/><W47/><G2/><N who="1" m="554" /><E62/><V99/><F13/><W82/><G30/><T22/><D92/><U65/><E65/><V95/><F20/><W93/><G34/><T88/><D22/><U100/><E100/><V11/><F11/><W71/><G71/><T107/><D5/><N who="1" m="3503" /><E112/><V64/><F97/><W66/><G66/><T1/><D79/><U63/><E63/><V45/><F70/><W17/><G93/><T74/><D1/><U111/><E129/><V127/><F67/><W53/><G82/><T128/><D74/><U116/><E116/><V10/><F64/><W26/><G73/><T125/><D107/><U56/><E56/><V96/><F96/><W87/><G72/><T8/><D102/><U18/><E122/><V135/><F83/><W133/><G80/><T49/><D88/><U21/><E32/><V114/><F114/><W19/><G90/><T36/><D49/><U115/><E115/><V104/><F104/><W76/><G57/><T75/><D36/><U58/><E58/><V50/><F37/><W14/><G38/><T121/><D75/><U16/><AGARI ba="0,0" hai="16,18,21,23,25,27,110,111" m="3503,554" machi="16" ten="30,6000,0" yaku="34,2,54,1" doraHai="39" who="1" fromWho="1" sc="250,-20,250,60,260,-20,240,-20" /><INIT seed="1,1,0,2,4,56" ten="230,310,240,220" oya="1" hai0="2,41,98,36,125,105,37,13,85,34,38,108,127" hai1="90,126,19,104,45,67,94,70,100,86,55,22,65" hai2="43,50,79,123,115,73,40,64,107,120,33,103,128" hai3="129,28,17,57,130,62,75,16,9,7,119,122,93"/><U32/><E32/><V113/><F33/><W78/><G122/><N who="2" m="46633" /><F103/><W92/><G28/><T68/><D2/><U131/><E131/><N who="3" m="50186" /><G119/><T18/><D34/><U96/><E126/><N who="0" m="48137" /><D108/><U114/><E114/><N who="2" m="43531" /><F107/><W21/><G78/><T54/><D68/><U133/><E133/><V77/><F128/><W29/><G75/><T124/><N who="0" m="48145" /><T31/><DORA hai="0" /><D98/><U25/><REACH who="1" step="1"/><E70/><REACH who="1" ten="230,300,240,220" step="2"/><V39/><F73/><W59/><G59/><T132/><D132/><U3/><E3/><V118/><F118/><W97/><G97/><T134/><D134/><U109/><E109/><V66/><F79/><W121/><G121/><T106/><D106/><U89/><E89/><V53/><F77/><W69/><G69/><T110/><D105/><U58/><E58/><N who="2" m="33079" /><F39/><W24/><G57/><T83/><D36/><U72/><E72/><V102/><F102/><W76/><G76/><T46/><D37/><U52/><E52/><V112/><F112/><W47/><G47/><T84/><D54/><U60/><E60/><V48/><F40/><W99/><G62/><T95/><D110/><U10/><E10/><V42/><F42/><W4/><G9/><T71/><D71/><U82/><E82/><V5/><F43/><W135/><G135/><T44/><D83/><U51/><AGARI ba="1,1" hai="19,22,25,45,51,55,65,67,86,90,94,96,100,104" machi="51" ten="30,11700,0" yaku="1,1,0,1,53,2" doraHai="56,0" doraHaiUra="23,91" who="1" fromWho="1" sc="230,-40,300,130,240,-40,220,-40" /><INIT seed="1,2,0,1,3,4" ten="190,430,200,180" oya="1" hai0="134,14,127,95,105,29,110,0,43,129,81,54,27" hai1="80,46,87,82,73,12,57,41,22,7,67,92,64" hai2="89,16,40,84,48,115,53,100,61,52,91,90,108" hai3="118,125,101,72,120,26,135,17,23,10,117,50,130"/><U77/><E92/><V3/><F3/><W114/><G120/><T31/><D95/><U68/><E68/><V116/><F115/><W109/><G114/><T96/><D27/><U30/><E57/><N who="2" m="34983" /><F116/><N who="3" m="44651" /><G109/><T83/><D14/><U25/><E80/><N who="2" m="49287" /><F108/><W106/><G72/><T49/><D54/><U78/><E78/><V128/><F128/><W24/><G130/><T39/><D49/><N who="1" m="26831" /><E73/><V85/><F100/><W38/><G38/><T9/><D39/><U121/><E121/><V47/><F85/><W98/><G125/><T32/><D81/><U119/><E119/><V5/><F5/><W66/><G66/><T18/><D83/><U88/><E77/><V79/><F79/><W19/><G135/><T112/><D105/><U70/><E70/><V13/><F40/><W93/><G106/><T133/><D0/><U123/><E123/><V37/><F37/><W69/><G69/><T76/><D43/><U56/><E56/><V20/><AGARI ba="2,0" hai="13,16,20,47,48,53,90,91" m="49287,34983" machi="20" ten="30,4000,0" yaku="8,1,54,2" doraHai="4" who="2" fromWho="2" sc="190,-12,430,-22,200,46,180,-12" /><INIT seed="2,0,0,2,2,43" ten="178,408,246,168" oya="2" hai0="110,80,89,47,38,24,71,22,35,128,104,84,77" hai1="85,120,33,122,60,130,90,18,99,23,123,106,56" hai2="49,31,94,17,93,30,29,67,59,87,78,65,64" hai3="40,79,82,103,107,119,91,112,132,48,19,102,124"/><V111/><F111/><W92/><G119/><T50/><D71/><U101/><E33/><V116/><F116/><W39/><G39/><T15/><D110/><U134/><E130/><V8/><F78/><W36/><G36/><T57/><D128/><U42/><E42/><V95/><F87/><W96/><G124/><T115/><D104/><U75/><E75/><V117/><F117/><W53/><G40/><T11/><D115/><U69/><E69/><V7/><F17/><W10/><G132/><T3/><D3/><U121/><E121/><V133/><F133/><W0/><G112/><T86/><D35/><U81/><E134/><V28/><N who="2" m="7168" /><DORA hai="6" /><V66/><N who="2" m="16384" /><DORA hai="131" /><V55/><REACH who="2" step="1"/><F95/><REACH who="2" ten="178,408,236,168" step="2"/><W16/><G19/><T13/><D86/><U63/><E18/><V74/><F74/><W25/><G107/><T41/><D84/><U46/><E123/><V9/><F9/><W135/><G135/><T21/><D11/><U62/><E122/><V34/><F34/><W4/><G79/><T83/><D77/><U44/><E120/><V70/><F70/><W72/><G72/><T118/><D118/><U14/><E85/><V20/><F20/><W68/><G68/><T54/><D21/><U100/><E23/><V127/><F127/><W52/><G16/><T37/><D37/><U129/><E129/><V113/><F113/><W1/><G10/><T98/><D80/><U105/><E81/><V2/><AGARI ba="0,1" hai="2,7,8,49,55,59,93,94" m="16384,7168" machi="2" ten="60,12000,1" yaku="1,1,0,1,52,1,53,2" doraHai="43,6,131" doraHaiUra="32,97,45" who="2" fromWho="2" sc="178,-40,408,-40,236,130,168,-40" /><INIT seed="2,1,0,3,0,92" ten="138,368,366,128" oya="2" hai0="8,77,13,83,94,128,31,33,86,19,95,55,61" hai1="1,21,67,80,132,12,35,20,53,57,62,16,110" hai2="70,111,29,11,45,104,97,116,0,129,81,34,54" hai3="6,84,118,36,89,124,25,108,112,42,65,101,5"/><V91/><F116/><W22/><G118/><T82/><D33/><U73/><E35/><V127/><F70/><W23/><G108/><T47/><D31/><U74/><E1/><V96/><F104/><W2/><G124/><T68/><D128/><U26/><E110/><V71/><F71/><W60/><G112/><T106/><D106/><U102/><E132/><V32/><F111/><W3/><G101/><T121/><D121/><U90/><E102/><V63/><F127/><W79/><G79/><T72/><D68/><U99/><E67/><V133/><F133/><W46/><G22/><T75/><D75/><U135/><E135/><V120/><F120/><W4/><G60/><T123/><D123/><U17/><E80/><V125/><F125/><W98/><G65/><T44/><D47/><U87/><E87/><N who="2" m="50671" /><F129/><W66/><G66/><T114/><D114/><U40/><E40/><V24/><F34/><W59/><G59/><T85/><D72/><U51/><E51/><N who="2" m="29039" /><F63/><W119/><G119/><T50/><D61/><U15/><E26/><V105/><F105/><W41/><G41/><T109/><D109/><U18/><E18/><V9/><F0/><W122/><G122/><T115/><D115/><U27/><E27/><V37/><F37/><W38/><G38/><T48/><D50/><U76/><E76/><AGARI ba="1,0" hai="8,13,19,44,48,55,76,77,82,83,85,86,94,95" machi="76" ten="30,3900,0" yaku="7,1,9,1,8,1" doraHai="92" who="0" fromWho="1" sc="138,42,368,-42,366,0,128,0" /><INIT seed="3,0,0,4,3,15" ten="180,326,366,128" oya="3" hai0="117,48,46,129,1,33,59,5,13,76,32,113,118" hai1="96,80,30,34,114,133,86,39,108,24,42,125,126" hai2="121,49,25,61,87,78,89,31,64,14,50,132,7" hai3="29,128,2,35,99,37,134,73,102,6,116,72,11"/><W119/><G37/><T65/><D1/><U85/><E114/><V20/><F78/><W60/><G128/><T68/><D68/><U120/><E108/><V104/><F104/><N who="3" m="63583" /><G60/><T17/><D129/><U45/><E133/><V83/><F132/><W107/><G107/><T130/><D5/><U28/><E120/><V4/><F121/><W0/><G0/><T26/><D113/><U115/><E115/><V112/><F112/><W10/><G10/><T71/><D71/><U3/><E3/><V123/><F123/><W51/><G51/><N who="2" m="19465" /><F14/><W52/><G52/><T18/><D33/><U92/><E30/><V103/><F103/><W63/><G63/><T62/><D76/><U97/><E86/><V91/><F91/><W23/><G23/><T95/><D32/><U56/><E56/><AGARI ba="0,0" hai="4,7,20,25,31,56,61,64,83,87,89" m="19465" machi="56" ten="30,1000,0" yaku="8,1" doraHai="15" who="2" fromWho="1" sc="180,0,326,-10,366,10,128,0" /><INIT seed="4,0,0,4,4,24" ten="180,316,376,128" oya="0" hai0="47,72,46,15,0,110,93,34,52,105,56,99,48" hai1="4,95,119,101,39,69,25,98,80,118,76,135,106" hai2="58,86,108,54,32,41,16,13,79,30,83,64,26" hai3="20,45,124,107,43,1,37,3,94,19,67,57,11"/><T31/><D0/><U14/><E39/><V85/><F41/><W74/><G107/><T73/><D105/><U128/><E69/><V126/><F126/><W75/><G124/><T21/><D34/><U131/><E25/><V44/><F44/><N who="0" m="16938" /><D73/><N who="1" m="43023" /><E14/><V103/><F103/><W10/><G75/><T117/><D72/><U71/><E4/><V61/><F86/><W51/><G74/><T18/><D117/><N who="1" m="44555" /><E71/><V27/><F27/><W109/><G109/><T65/><D110/><U123/><E123/><V63/><F108/><W53/><G1/><T7/><D7/><U127/><E127/><V125/><F125/><W133/><G3/><T96/><D65/><U5/><E5/><V35/><F35/><W22/><G67/><T89/><D96/><U97/><E106/><V66/><REACH who="2" step="1"/><F63/><REACH who="2" ten="180,316,366,128" step="2"/><W129/><G43/><T38/><D38/><U121/><E121/><V49/><F49/><W2/><G51/><T132/><D132/><U60/><E135/><V115/><F115/><W81/><G133/><T100/><D100/><U55/><E98/><V91/><F91/><W120/><G37/><T114/><D114/><U42/><E42/><V23/><AGARI ba="0,1" hai="13,16,23,26,30,32,54,58,61,64,66,79,83,85" machi="23" ten="20,12000,2" yaku="1,1,0,1,7,1,52,1,54,1,53,1" doraHai="24" doraHaiUra="29" who="2" fromWho="2" sc="180,-60,316,-30,366,130,128,-30" /><INIT seed="5,0,0,1,1,101" ten="120,286,496,98" oya="1" hai0="3,22,80,28,112,107,9,93,62,97,92,94,17" hai1="68,26,24,133,91,12,100,42,45,125,95,76,20" hai2="43,51,86,66,113,71,78,47,39,127,124,59,16" hai3="110,34,41,69,121,52,81,67,114,108,40,55,73"/><U48/><E68/><V36/><F16/><W132/><G34/><T6/><D112/><U44/><E133/><V106/><F106/><W122/><G81/><T111/><D111/><N who="3" m="42537" /><G73/><T102/><D80/><U60/><E125/><N who="2" m="48203" /><F113/><W31/><G31/><T70/><D28/><U49/><E60/><N who="2" m="38175" /><F71/><W120/><G114/><T64/><REACH who="0" step="1"/><D94/><REACH who="0" ten="110,286,496,98" step="2"/><U57/><E95/><V75/><F75/><W11/><G132/><T134/><D134/><U58/><E76/><V61/><F78/><W99/><G120/><T53/><D53/><U32/><E32/><V115/><F115/><W96/><G52/><T135/><D135/><U105/><E42/><V126/><F126/><W15/><G55/><T63/><D63/><U74/><E74/><V117/><F61/><N who="3" m="40175" /><G41/><T104/><D104/><U37/><E105/><V46/><F43/><W109/><G40/><T103/><D103/><U30/><E100/><V85/><F39/><W129/><G109/><T21/><D21/><U25/><E37/><V4/><F36/><W87/><G122/><T33/><D33/><U29/><E91/><V116/><F51/><N who="1" m="19529" /><E30/><V14/><F47/><N who="1" m="17993" /><E29/><V131/><F46/><W56/><G121/><T82/><D82/><U38/><E38/><V23/><F23/><W1/><G129/><T8/><D8/><U13/><E20/><V54/><F131/><W5/><G11/><T77/><D77/><U19/><E19/><V118/><F54/><W83/><G83/><T2/><D2/><U65/><E65/><V0/><F0/><W119/><G1/><T7/><D7/><U84/><E84/><N who="2" m="32363" /><F4/><W50/><G5/><RYUUKYOKU ba="0,1" sc="110,10,286,10,496,10,98,-30" hai0="3,6,9,17,22,62,64,70,92,93,97,102,107" hai1="12,13,24,25,26,57,58" hai2="14,116,117,118" /><INIT seed="5,1,1,2,5,84" ten="120,296,506,68" oya="1" hai0="115,66,69,75,117,28,127,13,93,129,37,83,106" hai1="124,21,119,31,5,43,65,78,55,122,27,26,30" hai2="90,12,42,24,61,34,120,100,107,79,125,16,45" hai3="68,135,1,49,64,46,44,18,121,0,33,56,29"/><U103/><E122/><V104/><F120/><W80/><G121/><T8/><D93/><U60/><E119/><V36/><F79/><W54/><G135/><T11/><D83/><U20/><E124/><V133/><F133/><W123/><G123/><T62/><D13/><U71/><E43/><V82/><F125/><W77/><G29/><T76/><D11/><U86/><E5/><V59/><F100/><W73/><G33/><T111/><D8/><U38/><E38/><V74/><F24/><W108/><G108/><T85/><D85/><U47/><E103/><V63/><F34/><W51/><G18/><T58/><D58/><U4/><E4/><V7/><F7/><W91/><G56/><T87/><D62/><U52/><E47/><V132/><F63/><W67/><G91/><T48/><D87/><U25/><E27/><V113/><F90/><W131/><G131/><T105/><D48/><U2/><E2/><V96/><F59/><W88/><G88/><T94/><D28/><U57/><E71/><V3/><F61/><W40/><REACH who="3" step="1"/><G68/><REACH who="3" ten="120,296,506,58" step="2"/><T32/><D69/><U109/><E109/><V23/><F16/><W97/><G97/><T81/><D32/><U35/><E35/><V50/><F96/><W22/><G22/><T15/><D117/><U130/><E130/><V53/><F23/><W128/><G128/><T98/><D129/><U19/><E19/><V101/><F132/><W110/><G110/><T116/><D98/><U92/><E78/><V95/><F101/><W6/><G6/><T126/><D76/><U118/><E118/><V114/><F45/><RYUUKYOKU ba="1,2" sc="120,-15,296,15,506,-15,58,15" hai1="20,21,25,26,30,31,52,55,57,60,65,86,92" hai3="0,1,40,44,46,49,51,54,64,67,73,77,80" /><INIT seed="5,2,2,4,4,76" ten="105,311,491,73" oya="1" hai0="97,93,121,73,108,64,48,51,100,54,1,80,35" hai1="26,15,75,23,43,71,49,19,92,3,40,12,78" hai2="115,33,5,65,90,0,114,129,79,87,110,84,82" hai3="57,45,60,132,10,133,69,6,4,116,124,103,14"/><U94/><E71/><V81/><F33/><W91/><G116/><T128/><D108/><U127/><E3/><V8/><F110/><W106/><G124/><T50/><D35/><U130/><E127/><V99/><F65/><W122/><G122/><T123/><D1/><U20/><E130/><V2/><F2/><W85/><G69/><T77/><D128/><U61/><E61/><V107/><F129/><W104/><G45/><T52/><REACH who="0" step="1"/><D64/><REACH who="0" ten="95,311,491,73" step="2"/><U29/><E75/><V88/><F79/><W18/><G4/><T7/><D7/><U68/><E78/><V32/><F32/><W9/><G6/><T13/><D13/><U111/><E111/><V105/><F5/><W46/><G132/><T24/><D24/><U25/><E12/><V113/><F0/><W117/><G133/><T135/><D135/><U16/><E68/><V41/><F114/><W125/><G125/><T31/><D31/><U55/><E40/><V22/><F41/><W109/><G109/><T119/><D119/><U30/><E43/><V38/><F113/><W74/><G117/><T101/><D101/><U72/><E72/><V42/><F42/><W126/><G103/><T21/><D21/><N who="1" m="11423" /><E30/><V70/><F115/><W56/><G74/><T102/><D102/><U118/><E118/><V28/><F70/><W98/><G126/><T27/><D27/><U62/><E26/><V37/><F22/><W47/><G14/><T96/><D96/><U11/><E23/><V112/><F112/><W66/><G98/><T39/><D39/><U89/><E25/><V17/><F38/><W36/><G36/><RYUUKYOKU ba="2,3" sc="95,30,311,-10,491,-10,73,-10" hai0="48,50,51,52,54,73,77,80,93,97,100,121,123" /><INIT seed="6,3,3,5,0,48" ten="125,301,481,63" oya="2" hai0="30,104,11,87,24,40,96,19,107,74,26,117,81" hai1="101,130,57,56,9,62,64,123,46,16,105,1,85" hai2="23,43,82,67,27,75,33,54,66,52,121,133,47" hai3="113,20,93,32,37,134,71,106,120,22,35,127,69"/><V36/><F33/><W70/><G120/><T15/><D74/><U111/><E111/><V98/><F121/><W21/><G37/><T109/><D109/><U119/><E119/><V84/><F75/><W112/><G93/><T6/><D117/><U73/><E73/><V28/><F133/><W78/><G78/><T80/><D80/><U4/><E130/><V42/><F98/><W102/><G134/><T38/><D96/><U29/><E29/><V92/><F92/><W14/><G14/><T44/><D19/><U13/><E123/><V131/><F131/><W115/><G127/><T34/><REACH who="0" step="1"/><D26/><REACH who="0" ten="115,301,481,63" step="2"/><U132/><E132/><V31/><F82/><W79/><G79/><AGARI ba="3,4" hai="6,11,15,24,30,34,38,40,44,79,81,87,104,107" machi="79" ten="30,3900,0" yaku="1,1,2,1,7,1,53,0" doraHai="48" doraHaiUra="126" who="0" fromWho="3" sc="115,88,301,0,481,0,63,-48" /><INIT seed="7,0,0,1,1,58" ten="203,301,481,15" oya="3" hai0="95,22,130,65,36,34,1,129,126,82,8,24,59" hai1="96,37,46,64,68,112,23,42,78,52,90,89,21" hai2="19,74,105,119,101,4,9,57,50,91,117,73,38" hai3="14,62,115,12,66,32,43,87,60,40,99,48,31"/><W88/><G115/><T104/><D36/><U132/><E112/><V45/><F38/><W11/><G66/><T76/><D104/><U63/><E132/><V124/><F19/><W29/><G32/><T134/><D34/><U17/><E78/><V3/><F101/><W103/><G99/><T107/><D107/><U94/><E90/><V25/><F25/><W108/><G103/><T85/><D95/><U51/><E17/><V83/><F105/><W33/><G33/><T47/><D47/><AGARI ba="0,0" hai="21,23,37,42,46,47,51,52,63,64,68,89,94,96" machi="47" ten="30,3900,0" yaku="7,1,52,1,54,1" doraHai="58" who="1" fromWho="0" sc="203,-39,301,39,481,0,15,0" owari="164,-24.0,340,14.0,481,58.0,15,-48.0" /></mjloggm>