<mjloggm ver="2.3"><GO type="169" lobby="0"/><UN n0="%E9%9B%AA%E4%B9%83%E7%80%AC%E9%BA%97" n1="%E3%82%A6%E3%83%AB%E3%83%88%E3%83%A9%E7%AB%8B%E7%9B%B4" n2="%43%52%41%5A%59%42%45%45" n3="%E6%A5%A0%E5%B9%B8%E6%9D%91" dan="16,17,17,17" rate="2109.05,2168.31,2163.76,2221.57" sx="M,M,M,F"/><TAIKYOKU oya="0"/><INIT seed="0,0,0,0,0,95" ten="250,250,250,250" oya="0" hai0="132,51,130,29,61,100,7,23,53,92,19,30,31" hai1="0,106,117,129,70,1,4,33,43,26,94,124,122" hai2="58,9,56,121,48,35,112,89,83,34,77,127,22" hai3="14,40,74,135,101,49,66,41,115,123,62,113,119"/><T38/><D130/><U98/><E94/><V12/><F112/><W2/><G74/><T32/><D132/><U133/><E43/><V108/><F121/><W25/><G2/><T20/><D38/><U84/><E84/><V17/><F108/><W118/><G25/><T87/><D7/><U39/><E98/><V91/><F127/><W67/><G14/><T10/><D61/><U3/><E26/><V8/><F35/><W79/><G79/><T37/><D37/><U5/><E4/><V36/><F34/><W59/><G101/><T27/><D10/><U96/><E96/><V42/><F36/><W102/><G102/><T97/><D87/><U71/><E5/><V6/><F8/><W126/><G126/><T107/><D32/><U110/><E71/><V54/><F56/><W73/><G73/><T99/><D23/><U82/><E82/><V18/><F42/><W11/><G135/><T21/><D21/><U103/><E103/><V15/><F6/><W128/><G67/><T69/><D69/><U109/><E3/><V28/><F28/><W68/><G66/><T75/><D75/><AGARI ba="0,0" hai="9,12,15,17,18,22,48,54,58,75,77,83,89,91" machi="75" ten="30,1000,0" yaku="7,1" doraHai="95" who="2" fromWho="0" sc="250,-10,250,0,250,10,250,0" /><INIT seed="1,0,0,0,4,94" ten="240,250,260,250" oya="1" hai0="126,45,111,16,19,46,53,57,114,85,76,71,74" hai1="8,108,52,48,122,93,75,77,56,41,58,133,86" hai2="59,5,9,106,80,104,43,20,36,112,39,32,55" hai3="30,129,132,89,22,97,81,84,65,107,101,131,113"/><U95/><E75/><V14/><F112/><W29/><G113/><T100/><D111/><U54/><E41/><V21/><F32/><W115/><G115/><T7/><D71/><U51/><E122/><V25/><F21/><W130/><G132/><T69/><D69/><U61/><E133/><V128/><F128/><W109/><G109/><T40/><D126/><U125/><E125/><V82/><F39/><W127/><G127/><T17/><D74/><U135/><E135/><V18/><F36/><W96/><G65/><T15/><D114/><U12/><E61/><V123/><F43/><W102/><REACH who="3" step="1"/><G22/><REACH who="3" ten="240,250,260,240" step="2"/><T87/><D100/><U27/><E108/><V33/><F33/><W70/><G70/><T3/><D3/><U78/><E27/><V67/><F67/><W118/><G118/><T88/><D76/><U1/><E1/><V79/><F123/><W38/><G38/><T90/><D90/><U98/><E12/><V13/><F14/><W44/><G44/><N who="0" m="17003" /><D88/><N who="1" m="53399" /><E8/><V116/><F116/><W117/><G117/><T11/><D40/><U92/><E92/><AGARI ba="0,1" hai="29,30,81,84,89,92,96,97,101,102,107,129,130,131" machi="92" ten="40,8000,1" yaku="1,1,19,1,52,2,53,0" doraHai="94" doraHaiUra="31" who="3" fromWho="1" sc="240,0,250,-80,260,0,240,90" /><INIT seed="2,0,0,0,5,31" ten="240,170,260,330" oya="2" hai0="16,134,12,107,64,23,115,55,90,127,35,122,121" hai1="26,34,29,38,97,8,109,40,57,10,9,58,119" hai2="0,62,85,39,129,3,88,42,41,78,110,2,104" hai3="77,70,22,14,130,74,131,84,36,68,81,118,123"/><V66/><F104/><W112/><G123/><T19/><D115/><U126/><E40/><V113/><F113/><W94/><G112/><T103/><D134/><U73/><E38/><V124/><F39/><W63/><G36/><T59/><D127/><U52/><E73/><V24/><F124/><W98/><G118/><T1/><D1/><U117/><E126/><V100/><F100/><W79/><G63/><T106/><D64/><U18/><E109/><V60/><F78/><W80/><G22/><T33/><D103/><U95/><E18/><V92/><F129/><N who="3" m="49163" /><G14/><T128/><D128/><U17/><E17/><V32/><F110/><W125/><G125/><T111/><D111/><U67/><E57/><V105/><F105/><W15/><G15/><T7/><D7/><U30/><E30/><V11/><F11/><W6/><G6/><T71/><D71/><U5/><E67/><V114/><F114/><W27/><G27/><T87/><D19/><U75/><E75/><V69/><REACH who="2" step="1"/><F62/><REACH who="2" ten="240,170,250,330" step="2"/><W21/><G21/><T72/><D107/><U44/><E117/><V83/><F83/><W120/><G120/><T76/><D106/><U45/><E119/><V37/><F37/><W25/><G80/><N who="0" m="45063" /><D121/><U133/><E5/><V13/><F13/><W53/><G79/><T20/><D20/><U4/><E4/><V43/><F43/><W82/><G82/><T50/><D122/><U116/><E116/><V61/><F61/><W65/><G81/><T96/><D96/><U102/><E133/><V46/><F46/><W89/><G98/><T86/><D90/><U47/><E47/><RYUUKYOKU ba="0,1" sc="240,10,170,10,250,10,330,-30" hai0="12,16,23,33,35,50,55,59,86,87" hai1="8,9,10,26,29,34,44,45,52,58,95,97,102" hai2="0,2,3,24,32,41,42,60,66,69,85,88,92" /><INIT seed="2,1,1,3,1,122" ten="250,180,260,300" oya="2" hai0="27,6,85,12,89,102,119,41,24,46,49,43,66" hai1="56,57,96,23,128,127,106,19,40,116,60,115,104" hai2="78,0,103,47,35,13,107,123,52,124,11,83,20" hai3="44,86,110,70,28,81,32,2,98,16,68,101,77"/><V53/><F123/><W17/><G110/><T42/><D119/><U59/><E116/><V15/><F35/><W71/><G2/><T63/><D102/><U34/><E34/><V61/><F124/><W65/><G65/><T131/><D131/><U73/><E73/><V48/><F0/><W87/><G87/><T135/><D135/><U91/><E115/><V90/><F90/><W120/><G120/><T95/><D12/><U80/><E40/><V112/><F112/><W97/><G97/><T3/><D6/><U129/><E127/><V93/><F107/><W88/><G77/><T51/><D3/><U64/><E80/><V109/><F109/><W126/><G126/><T74/><D74/><U33/><E33/><V121/><F121/><W54/><G28/><T10/><D10/><U94/><E106/><V25/><F11/><W30/><G30/><T125/><D125/><U75/><E75/><V37/><F37/><W117/><G32/><T18/><D18/><U82/><E82/><V108/><F108/><W114/><G114/><T21/><D21/><U29/><E29/><N who="2" m="17575" /><F83/><W134/><G134/><T105/><D105/><U38/><E38/><V4/><F4/><W111/><G111/><T45/><REACH who="0" step="1"/><D42/><REACH who="0" ten="240,180,260,300" step="2"/><U58/><E104/><V1/><F1/><W36/><G117/><T69/><AGARI ba="1,2" hai="24,27,41,43,45,46,49,51,63,66,69,85,89,95" machi="69" ten="20,8000,1" yaku="1,1,2,1,0,1,7,1,9,1,53,0" doraHai="122" doraHaiUra="8" who="0" fromWho="0" sc="240,103,180,-21,260,-41,300,-21" /><INIT seed="3,0,0,3,4,83" ten="343,159,219,279" oya="3" hai0="128,53,39,109,46,59,58,124,52,131,16,35,111" hai1="92,22,95,15,56,38,122,90,94,119,62,86,32" hai2="5,13,135,110,24,21,48,40,101,69,82,57,75" hai3="0,60,104,125,130,114,65,103,26,44,14,6,102"/><W2/><G114/><T66/><D35/><U9/><E32/><V99/><F69/><W7/><G130/><N who="0" m="49707" /><D66/><U68/><E38/><V123/><F110/><N who="0" m="41994" /><D16/><N who="1" m="8303" /><E68/><V73/><F123/><W133/><G133/><T80/><D80/><N who="1" m="49479" /><E122/><V115/><F135/><W67/><G60/><T20/><D20/><U116/><E22/><V50/><F21/><W76/><G65/><T12/><D12/><U55/><E119/><V34/><F13/><W17/><G14/><T37/><D124/><U70/><E70/><V3/><F34/><W51/><G2/><T1/><D1/><U112/><E112/><V30/><F115/><W81/><G0/><T78/><D78/><U19/><E116/><V45/><F3/><W47/><G76/><T49/><D58/><U127/><E127/><V74/><F57/><W108/><G108/><T132/><D132/><U63/><E19/><V91/><F73/><W31/><G17/><T93/><D93/><U43/><E43/><V107/><F40/><W79/><G79/><T4/><D4/><U105/><E105/><V54/><F5/><W29/><G6/><T126/><D126/><U10/><E10/><V121/><F121/><W129/><G7/><T8/><D8/><U27/><E27/><V100/><F107/><W61/><G26/><T85/><D39/><U36/><E36/><V120/><F120/><W11/><G104/><T84/><D37/><U117/><E117/><V42/><F24/><W18/><G11/><T72/><D72/><U89/><E63/><AGARI ba="0,0" hai="46,49,52,53,59,63,84,85" m="41994,49707" machi="63" ten="30,8000,1" yaku="19,1,14,1,52,2,54,1" doraHai="83" who="0" fromWho="1" sc="343,80,159,-80,219,0,279,0" /><INIT seed="4,0,0,5,5,110" ten="423,79,219,279" oya="0" hai0="111,4,100,72,82,108,14,24,91,68,8,56,40" hai1="63,118,0,49,70,101,85,6,30,135,132,17,122" hai2="18,35,66,115,11,89,103,125,86,126,88,93,116" hai3="78,27,5,120,127,15,7,20,22,71,28,129,73"/><T44/><D68/><U54/><E6/><N who="3" m="2058" /><G71/><T99/><D24/><U1/><E30/><V48/><F35/><N who="3" m="20895" /><G78/><T79/><D91/><U52/><E17/><V114/><F116/><W50/><G50/><T45/><D56/><N who="1" m="35207" /><E101/><V23/><F11/><W74/><G74/><T69/><D69/><U94/><E70/><V32/><F32/><W104/><G104/><T19/><D19/><U75/><E75/><V61/><F48/><W9/><G73/><T2/><D14/><U76/><E122/><V25/><F103/><W133/><G120/><T105/><D45/><U77/><E118/><V121/><F121/><W47/><G47/><T83/><D82/><N who="1" m="47303" /><E94/><N who="2" m="54551" /><F61/><W10/><G15/><T98/><D98/><U117/><E117/><V26/><F66/><W16/><G16/><T38/><AGARI ba="0,0" hai="2,4,8,38,40,44,72,79,83,99,100,105,108,111" machi="38" ten="30,12000,1" yaku="0,1,25,2,23,2" doraHai="110" who="0" fromWho="0" sc="423,120,79,-40,219,-40,279,-40" /><INIT seed="4,1,0,5,5,38" ten="543,39,179,239" oya="0" hai0="122,22,28,87,24,81,130,45,23,73,116,59,48" hai1="55,50,25,106,121,44,32,94,89,58,2,127,56" hai2="112,67,17,39,115,114,16,92,14,19,134,105,103" hai3="60,95,113,42,49,51,110,108,63,99,65,111,30"/><T133/><D116/><U132/><E106/><V0/><F105/><W123/><G30/><T47/><D73/><U61/><E121/><V1/><F39/><W52/><G123/><T12/><D133/><U43/><E2/><N who="2" m="1131" /><F67/><W68/><G113/><T107/><D107/><U9/><E9/><N who="2" m="6351" /><F134/><W125/><G125/><T98/><D98/><AGARI ba="1,0" hai="16,19,92,98,103,112,114,115" m="6351,1131" machi="98" ten="40,2600,0" yaku="15,1,54,1" doraHai="38" who="2" fromWho="0" sc="543,-29,39,0,179,29,239,0" /><INIT seed="5,0,0,3,1,37" ten="514,39,208,239" oya="1" hai0="16,19,65,77,103,113,83,31,30,91,126,1,18" hai1="20,8,32,33,114,98,58,14,101,53,49,70,28" hai2="115,119,116,74,130,122,48,55,109,94,23,50,27" hai3="132,51,46,42,118,96,121,79,54,40,97,82,89"/><U86/><E70/><V111/><F74/><W110/><G121/><T88/><D1/><U87/><E114/><V21/><F122/><W76/><G132/><T0/><D0/><U80/><E32/><V44/><F115/><W64/><G110/><T61/><D103/><U25/><E33/><V134/><F134/><W72/><G118/><T93/><D126/><U11/><E11/><V85/><F130/><W10/><G64/><T69/><D113/><U105/><REACH who="1" step="1"/><E80/><REACH who="1" ten="514,29,208,239" step="2"/><V43/><F119/><W62/><G10/><T12/><D12/><U67/><E67/><V84/><F116/><W104/><G82/><T9/><D9/><U45/><E45/><V129/><F111/><W95/><G46/><T47/><D47/><U57/><E57/><N who="2" m="32999" /><F109/><W102/><G72/><T99/><REACH who="0" step="1"/><D91/><REACH who="0" ten="504,29,208,239" step="2"/><U127/><E127/><V17/><F44/><W92/><G89/><T3/><D3/><U107/><E107/><V117/><F117/><W112/><G104/><T22/><D22/><U38/><E38/><V135/><F23/><W108/><G112/><T60/><D60/><U78/><E78/><V29/><F21/><W6/><G62/><T59/><D59/><U123/><E123/><V5/><F135/><W66/><G76/><T15/><D15/><U90/><E90/><V68/><F68/><W36/><G79/><T41/><D41/><U26/><E26/><V56/><F43/><W125/><G40/><T4/><D4/><AGARI ba="0,2" hai="4,8,14,20,25,28,49,53,58,86,87,98,101,105" machi="4" ten="30,2900,0" yaku="1,1,7,1,53,0" doraHai="37" doraHaiUra="75" who="1" fromWho="0" sc="504,-29,29,49,208,0,239,0" /><INIT seed="5,1,0,1,3,72" ten="475,78,208,239" oya="1" hai0="10,106,123,116,127,95,30,79,111,91,8,68,114" hai1="76,3,121,99,24,31,26,82,28,124,41,46,118" hai2="110,93,27,7,48,132,56,100,60,125,122,54,75" hai3="74,29,18,109,40,15,39,102,112,25,58,113,11"/><U135/><E121/><V81/><F122/><W133/><G74/><T32/><D111/><U77/><E3/><V14/><F110/><W62/><G109/><T88/><D68/><U42/><E118/><V69/><F132/><W130/><G133/><T97/><D106/><U34/><E135/><V126/><F27/><W19/><G130/><T47/><D127/><N who="2" m="48650" /><F100/><W64/><G102/><T35/><D91/><U49/><E124/><V21/><F93/><W89/><G89/><T71/><D71/><U59/><E82/><V86/><F75/><W5/><G40/><T4/><D8/><U38/><E99/><V128/><F128/><W51/><G39/><T94/><D94/><U105/><E105/><V119/><F119/><W16/><REACH who="3" step="1"/><G51/><REACH who="3" ten="475,78,208,229" step="2"/><T134/><D88/><U90/><E90/><V131/><F131/><W53/><G53/><T78/><D116/><U83/><E83/><V115/><F48/><W45/><G45/><T50/><D47/><U22/><REACH who="1" step="1"/><E41/><REACH who="1" ten="475,68,208,229" step="2"/><V43/><F43/><W12/><G12/><T66/><D134/><U23/><E23/><AGARI ba="1,2" hai="5,11,15,16,18,19,23,25,29,58,62,64,112,113" machi="23" ten="40,2600,0" yaku="1,1,54,1,53,0" doraHai="72" doraHaiUra="84" who="3" fromWho="1" sc="475,0,68,-29,208,0,229,49" /><INIT seed="6,0,0,1,1,117" ten="475,39,208,278" oya="2" hai0="69,127,74,79,71,131,77,60,40,95,5,122,25" hai1="70,78,33,7,61,81,63,2,83,118,109,112,31" hai2="24,91,11,10,54,113,14,93,50,43,76,121,16" hai3="42,23,52,20,56,45,51,102,133,19,53,8,98"/><V111/><F121/><W130/><G133/><T46/><D122/><U128/><E31/><V134/><F113/><W135/><G135/><T75/><D5/><U120/><E7/><V28/><F134/><W62/><G130/><T12/><D12/><U107/><E78/><V65/><F43/><W44/><G8/><T15/><D15/><U85/><E85/><V126/><F126/><W132/><G132/><T115/><D60/><U104/><E33/><V36/><F111/><W105/><REACH who="3" step="1"/><G19/><REACH who="3" ten="475,39,208,268" step="2"/><T21/><D131/><U0/><E128/><V4/><F11/><W80/><G80/><T68/><D127/><U123/><E70/><V84/><F36/><AGARI ba="0,1" hai="20,23,36,42,44,45,51,52,53,56,62,98,102,105" machi="36" ten="30,3900,0" yaku="1,1,7,1,54,1,53,0" doraHai="117" doraHaiUra="88" who="3" fromWho="2" sc="475,0,39,0,208,-39,268,49" /><INIT seed="7,0,0,2,4,71" ten="475,39,169,317" oya="3" hai0="63,68,128,75,99,56,37,88,70,59,5,47,110" hai1="94,112,36,69,30,87,109,91,115,81,35,8,13" hai2="43,107,27,40,101,126,100,42,72,23,55,85,95" hai3="54,62,2,104,25,52,7,53,32,114,61,20,3"/><W93/><G104/><T118/><D110/><U0/><E0/><V78/><F72/><W15/><G32/><T16/><D75/><U66/><E109/><V57/><F107/><W130/><G130/><T117/><D5/><U92/><E66/><V103/><F126/><W64/><G114/><T83/><D56/><U10/><E69/><V90/><F78/><W116/><G116/><T19/><D37/><U46/><E30/><N who="2" m="17791" /><F103/><W113/><G113/><T74/><D47/><U119/><E35/><V86/><F86/><W60/><G64/><T135/><D74/><U98/><E119/><V39/><F39/><W41/><G41/><T45/><D45/><U14/><E46/><V76/><F76/><W124/><G124/><T132/><D128/><U125/><E125/><V12/><F12/><W111/><G111/><T80/><D59/><U48/><E48/><AGARI ba="0,0" hai="40,42,43,48,55,57,85,90,95,100,101" m="17791" machi="48" ten="30,1000,0" yaku="8,1" doraHai="71" who="2" fromWho="1" sc="475,0,39,-10,169,10,317,0" owari="475,57.0,29,-47.0,179,-22.0,317,12.0" /></mjloggm>