<mjloggm ver="2.3"><GO type="225" lobby="0"/><UN n0="%E3%82%A6%E3%83%AB%E3%83%88%E3%83%A9%E7%AB%8B%E7%9B%B4" n1="%E5%B0%8F%E6%B4%A5%E6%AD%8C%E9%9F%B3" n2="%E3%82%B1%E3%83%B3%E3%83%A4%E2%98%85" n3="%55%4E%4B%4F%63%68%61%6E" dan="17,16,18,16" rate="2129.11,2100.62,2199.76,2130.68" sx="M,M,M,M"/><TAIKYOKU oya="0"/><INIT seed="0,0,0,4,3,49" ten="250,250,250,250" oya="0" hai0="33,40,48,110,5,120,121,24,61,45,23,118,57" hai1="28,7,98,106,47,107,77,4,30,101,36,56,89" hai2="59,22,122,80,53,99,20,66,70,38,72,114,60" hai3="31,37,27,35,85,113,102,81,13,39,100,12,86"/><T87/><D33/><U75/><E89/><V65/><F122/><W78/><G113/><T132/><D118/><U130/><E130/><V125/><F114/><W119/><G119/><T82/><D132/><U124/><E124/><V104/><F38/><W94/><G39/><T92/><D92/><U127/><E127/><V1/><F1/><W117/><G37/><T105/><D5/><U63/><E106/><V17/><F125/><W69/><G69/><T55/><D105/><U34/><E77/><V88/><F22/><W25/><G117/><T90/><REACH who="0" step="1"/><D110/><REACH who="0" ten="240,250,250,250" step="2"/><U26/><E7/><V109/><F109/><W42/><G35/><T6/><D6/><U64/><E4/><V9/><F104/><W79/><G94/><T134/><D134/><U0/><E0/><V52/><F80/><W46/><G81/><T112/><D112/><U129/><E129/><V29/><F72/><W76/><G100/><T2/><D2/><U133/><E75/><V91/><F99/><W96/><G102/><T18/><AGARI ba="0,1" hai="18,23,24,40,45,48,55,57,61,82,87,90,120,121" machi="18" ten="20,7800,0" yaku="1,1,0,1,7,1,52,1,53,0" doraHai="49" doraHaiUra="3" who="0" fromWho="0" sc="240,88,250,-26,250,-26,250,-26" /><INIT seed="0,1,0,2,4,78" ten="328,224,224,224" oya="0" hai0="51,127,126,20,89,56,30,18,117,105,77,17,64" hai1="55,27,108,35,130,12,34,9,5,71,42,129,58" hai2="31,39,125,111,29,119,67,96,114,40,6,25,33" hai3="37,122,82,104,28,41,75,68,84,133,85,36,102"/><T121/><D121/><U49/><E108/><V135/><F114/><W48/><G68/><T73/><D105/><U98/><E71/><V59/><F111/><W118/><G118/><T10/><D117/><U52/><E42/><V54/><F31/><W44/><G75/><T107/><D107/><U101/><E55/><V95/><F119/><W109/><G109/><T23/><D89/><U32/><REACH who="1" step="1"/><E27/><REACH who="1" ten="328,214,224,224" step="2"/><V50/><F40/><W81/><G122/><T100/><D64/><U0/><E0/><V66/><F66/><W24/><G133/><T65/><D65/><U60/><E60/><V72/><F67/><W21/><G37/><T70/><D51/><U1/><E1/><V110/><F39/><W128/><G36/><T13/><D70/><U103/><E103/><V90/><F110/><W74/><G102/><T106/><D100/><U124/><E124/><V57/><F125/><W92/><G24/><T14/><D126/><U99/><E99/><V15/><F135/><W134/><G41/><T132/><D127/><U22/><E22/><V4/><F50/><W16/><G48/><T47/><D23/><U91/><E91/><V69/><F69/><W8/><G21/><T62/><D20/><U86/><E86/><V26/><F26/><W3/><G84/><T123/><D62/><U46/><E46/><V2/><F72/><W76/><G44/><T97/><D47/><U11/><E11/><N who="2" m="2455" /><F54/><W79/><G74/><T131/><D73/><U19/><E19/><V112/><F112/><W53/><G134/><T120/><D132/><U83/><E83/><V93/><F93/><AGARI ba="1,1" hai="5,9,12,32,34,35,49,52,58,93,98,101,129,130" machi="93" ten="40,5200,0" yaku="1,1,6,1,54,1,53,0" doraHai="78" doraHaiUra="38" who="1" fromWho="2" sc="328,0,214,65,224,-55,224,0" /><INIT seed="1,0,0,1,3,39" ten="328,279,169,224" oya="1" hai0="61,55,64,127,26,116,126,132,81,128,54,21,63" hai1="12,53,93,3,79,89,37,52,124,96,13,1,71" hai2="25,40,10,80,2,50,15,32,74,19,41,112,43" hai3="68,70,8,59,28,16,121,131,97,109,57,18,9"/><U104/><E71/><V106/><F112/><W22/><G121/><T84/><D116/><U7/><E37/><V83/><F106/><W99/><G109/><T123/><D128/><U78/><E104/><V14/><F74/><W82/><G82/><N who="2" m="31273" /><F32/><W91/><G131/><T29/><D132/><U92/><E124/><N who="0" m="47657" /><D123/><U77/><E92/><V6/><F2/><W114/><G114/><T88/><D61/><U49/><E53/><V42/><F25/><W60/><G70/><AGARI ba="0,0" hai="21,26,29,54,55,63,64,70,81,84,88" m="47657" machi="70" ten="30,2000,0" yaku="18,1,54,1" doraHai="39" who="0" fromWho="3" sc="328,20,279,0,169,0,224,-20" /><INIT seed="2,0,0,0,2,47" ten="348,279,169,204" oya="2" hai0="39,62,17,131,28,72,31,67,6,116,54,45,7" hai1="46,35,124,1,95,91,109,132,55,41,99,3,110" hai2="26,13,121,97,64,128,92,32,86,40,0,117,96" hai3="85,8,9,89,51,27,48,75,33,49,102,94,57"/><V126/><F121/><W15/><G75/><T50/><D72/><U76/><E35/><V118/><F0/><W12/><G33/><T58/><D131/><U60/><E132/><V78/><F128/><W82/><G27/><T10/><D39/><U81/><E124/><V133/><F126/><W44/><G57/><T106/><D106/><U88/><E91/><V25/><F133/><W123/><G123/><T69/><D69/><U125/><E125/><V135/><F135/><W127/><G127/><T19/><D116/><U74/><E60/><V36/><F64/><W68/><G68/><T129/><D129/><U65/><E65/><V104/><F104/><W18/><G102/><T66/><D66/><U100/><E100/><V73/><F73/><W53/><G94/><T98/><D98/><N who="2" m="37994" /><F32/><W80/><G80/><T70/><D70/><U5/><E55/><V107/><F107/><W16/><AGARI ba="0,0" hai="8,9,12,15,16,18,44,48,49,51,53,82,85,89" machi="16" ten="20,16000,3" yaku="0,1,7,1,9,1,25,2,8,1,52,3,54,1" doraHai="47" who="3" fromWho="3" sc="348,-40,279,-40,169,-80,204,160" /><INIT seed="3,0,0,3,1,53" ten="308,239,89,364" oya="3" hai0="95,119,130,28,27,132,56,125,41,127,111,85,104" hai1="50,17,2,63,118,55,4,13,66,23,89,113,126" hai2="46,123,75,42,128,112,94,67,97,78,115,25,65" hai3="29,58,87,45,22,88,99,39,5,71,35,107,133"/><W54/><G71/><T20/><D104/><U100/><E113/><V90/><F46/><W48/><G35/><T105/><D105/><U21/><E126/><N who="0" m="48137" /><D119/><U72/><E72/><V117/><F42/><W61/><G133/><T47/><D132/><U1/><E118/><V114/><F117/><W37/><G5/><T49/><D111/><U44/><E100/><V34/><F25/><N who="3" m="16567" /><G107/><T12/><D12/><U15/><E89/><V8/><F8/><W106/><G106/><T91/><D130/><U14/><E4/><V131/><F34/><W24/><G39/><T59/><AGARI ba="0,0" hai="20,27,28,41,47,49,56,59,85,91,95" m="48137" machi="59" ten="30,4000,0" yaku="18,1,52,2" doraHai="53" who="0" fromWho="0" sc="308,40,239,-10,89,-10,364,-20" owari="348,45.0,229,-17.0,79,-42.0,344,14.0" /></mjloggm>