<mjloggm ver="2.3"><GO type="169" lobby="0"/><UN n0="%E5%B0%B1%E6%B4%BB%E7%94%9F%40%E5%B7%9D%E6%9D%91%E8%BB%8D%E5%9B%A3" n1="%E3%83%B4%E3%81%81%E3%81%AB%E3%82%89%E3%81%82%E3%81%84%E3%81%99" n2="%E3%81%8D%E3%81%97%E3%82%8A%E3%81%A3%E3%81%97%E3%82%85" n3="%E7%8B%AC%E6%AD%A9" dan="16,16,16,20" rate="2068.49,2151.73,2103.62,2246.16" sx="M,M,F,M"/><TAIKYOKU oya="0"/><INIT seed="0,0,0,0,3,65" ten="250,250,250,250" oya="0" hai0="50,82,64,123,117,110,30,20,39,26,97,38,45" hai1="79,92,129,2,22,52,100,106,47,95,128,46,93" hai2="68,3,71,0,21,122,42,127,75,6,81,78,125" hai3="24,108,109,60,114,77,132,118,55,74,62,107,133"/><T23/><D117/><U89/><E2/><N who="2" m="555" /><F21/><W5/><G5/><T36/><D123/><U51/><E79/><V61/><F6/><W57/><G107/><T101/><D110/><N who="3" m="42601" /><G24/><T43/><D64/><U67/><E67/><V7/><F7/><W98/><G98/><T91/><D91/><U13/><E46/><V85/><F61/><N who="3" m="36031" /><G77/><T56/><D82/><U8/><E22/><V84/><F122/><W11/><G11/><T29/><D23/><U1/><E1/><V9/><F9/><W17/><G74/><T102/><D102/><U70/><E70/><N who="2" m="26667" /><F42/><W27/><G118/><T53/><REACH who="0" step="1"/><D30/><REACH who="0" ten="240,250,250,250" step="2"/><U49/><E100/><V96/><F96/><W37/><G27/><T115/><D115/><U48/><E89/><V76/><F76/><W14/><G114/><T88/><D88/><U99/><E99/><V124/><AGARI ba="0,1" hai="75,78,81,84,85,124,125,127" m="26667,555" machi="124" ten="40,8000,1" yaku="18,1,52,3" doraHai="65" who="2" fromWho="2" sc="240,-40,250,-20,250,90,250,-20" /><INIT seed="1,0,0,3,5,124" ten="200,230,340,230" oya="1" hai0="83,34,3,114,57,56,125,35,65,79,61,74,16" hai1="95,99,1,100,33,86,19,132,90,122,129,12,44" hai2="113,43,119,72,78,108,31,115,110,91,98,25,8" hai3="2,92,30,67,54,96,97,126,42,45,120,26,88"/><U60/><E122/><V106/><F43/><W24/><G2/><T4/><D125/><U64/><E33/><V84/><F8/><W135/><G120/><T127/><D114/><N who="2" m="43530" /><F25/><W22/><G135/><T128/><D127/><U41/><E132/><V59/><F31/><W17/><G67/><T77/><D4/><U28/><E1/><V116/><F59/><W29/><G126/><T14/><D3/><U27/><E129/><V73/><F78/><W71/><G71/><T111/><D111/><N who="2" m="42538" /><F98/><W37/><G54/><T68/><D128/><U121/><E41/><V10/><F10/><W76/><G76/><T107/><D107/><U66/><E44/><V9/><F9/><W32/><G30/><T80/><D57/><N who="1" m="36879" /><E66/><V62/><F62/><W23/><REACH who="3" step="1"/><G96/><REACH who="3" ten="200,230,340,220" step="2"/><T52/><D65/><U50/><E28/><V46/><F46/><W117/><G117/><T36/><D68/><U13/><E121/><V101/><F119/><W112/><G112/><T11/><REACH who="0" step="1"/><D36/><REACH who="0" ten="190,230,340,220" step="2"/><U6/><E6/><V51/><F116/><W102/><G102/><T105/><D105/><U55/><E100/><V104/><F101/><W20/><AGARI ba="0,2" hai="17,20,22,23,24,26,29,32,37,42,45,88,92,97" machi="20" ten="30,7900,0" yaku="1,1,0,1,54,1,53,1" doraHai="124" doraHaiUra="89" who="3" fromWho="3" sc="190,-20,230,-39,340,-20,220,99" /><INIT seed="2,0,0,4,1,3" ten="170,191,320,319" oya="2" hai0="56,30,123,102,41,93,106,105,24,25,5,119,64" hai1="42,94,97,115,83,34,21,65,37,60,101,79,73" hai2="48,81,80,57,103,23,72,121,35,100,50,70,32" hai3="19,127,99,63,45,29,107,78,31,4,120,1,111"/><V132/><F70/><W89/><G120/><T87/><D119/><U98/><E115/><V112/><F112/><W95/><G111/><T22/><D123/><U38/><E34/><V126/><F121/><W20/><G127/><T113/><D113/><U46/><E98/><V134/><F23/><W133/><G78/><T135/><D135/><U66/><E66/><V8/><F8/><W90/><G107/><T49/><D25/><U17/><E46/><V16/><F57/><W2/><G2/><T39/><D39/><U76/><E76/><V86/><F86/><W82/><G45/><T13/><D41/><U36/><E42/><V51/><F72/><W77/><G90/><T125/><D125/><U58/><REACH who="1" step="1"/><E38/><REACH who="1" ten="170,181,320,319" step="2"/><V9/><F126/><W68/><G133/><T43/><D43/><U44/><E44/><V124/><F124/><W84/><G68/><T59/><D56/><U114/><E114/><V69/><F69/><W122/><G122/><T52/><D64/><U74/><E74/><V91/><F35/><W128/><G99/><T7/><D105/><U0/><E0/><V33/><F32/><W28/><G1/><T85/><D106/><U11/><E11/><V71/><F33/><W54/><G77/><T55/><D55/><U109/><E109/><V67/><F71/><W27/><G54/><T10/><D5/><U40/><E40/><V130/><F67/><W26/><G4/><T129/><D129/><U61/><E61/><V104/><F130/><W62/><G128/><T92/><D102/><U15/><AGARI ba="0,1" hai="15,17,21,36,37,58,60,65,73,79,83,94,97,101" machi="15" ten="20,2700,0" yaku="1,1,0,1,7,1,53,0" doraHai="3" doraHaiUra="117" who="1" fromWho="1" sc="170,-7,181,37,320,-13,319,-7" /><INIT seed="3,0,0,2,2,83" ten="163,218,307,312" oya="3" hai0="9,22,40,21,96,95,47,63,103,106,11,28,73" hai1="82,14,117,77,23,13,16,107,64,60,3,52,75" hai2="133,15,122,70,36,41,90,61,66,93,115,111,72" hai3="85,1,26,43,30,18,79,74,78,48,58,132,126"/><W89/><G1/><T69/><D73/><U20/><E107/><V130/><F115/><W56/><G132/><T114/><D114/><U101/><E3/><V7/><F72/><W34/><G126/><T57/><D69/><U105/><E117/><V110/><F130/><W123/><G123/><T38/><D106/><U99/><E52/><V45/><F133/><W134/><G134/><T116/><D116/><U10/><REACH who="1" step="1"/><E14/><REACH who="1" ten="163,208,307,312" step="2"/><V0/><F15/><W124/><G124/><T129/><D129/><U19/><E19/><V49/><F122/><W68/><G18/><T98/><D21/><U86/><E86/><N who="2" m="52439" /><F7/><W92/><G74/><T37/><D98/><U87/><E87/><V53/><F0/><W67/><G43/><T33/><D33/><U112/><E112/><V46/><F46/><W65/><G65/><T128/><D128/><U97/><E97/><V76/><F53/><W17/><G17/><T62/><D62/><U39/><E39/><V4/><F36/><W113/><G113/><T131/><D38/><U29/><E29/><V27/><F4/><W120/><G120/><T84/><D84/><U5/><E5/><V6/><F6/><W121/><G121/><T55/><D131/><U32/><E32/><V35/><F35/><W100/><G85/><T42/><D42/><U59/><AGARI ba="0,1" hai="10,13,16,20,23,59,60,64,75,77,82,99,101,105" machi="59" ten="20,5200,0" yaku="1,1,0,1,7,1,54,1,53,0" doraHai="83" doraHaiUra="50" who="1" fromWho="1" sc="163,-13,208,62,307,-13,312,-26" /><INIT seed="4,0,0,0,2,113" ten="150,270,294,286" oya="0" hai0="1,47,8,99,102,103,3,22,18,37,121,34,125" hai1="67,20,42,129,96,2,95,32,58,94,50,90,69" hai2="117,115,122,23,79,25,64,108,54,106,89,14,63" hai3="128,49,68,123,132,19,55,97,15,5,78,131,12"/><T93/><D34/><U26/><E2/><V86/><F108/><W112/><G68/><T124/><D121/><U73/><E73/><V120/><F106/><W59/><G123/><T62/><D103/><U16/><E129/><N who="3" m="49738" /><G132/><T31/><D31/><U119/><E119/><V77/><F14/><W39/><G39/><T24/><D62/><N who="1" m="38359" /><E69/><V100/><F54/><W107/><G78/><T116/><D116/><U85/><E32/><V41/><F100/><N who="3" m="62863" /><G5/><T80/><D80/><N who="1" m="49447" /><E96/><V6/><F6/><W111/><G112/><T66/><D66/><U118/><E118/><V133/><F117/><W76/><G76/><T13/><D37/><U83/><E83/><V10/><F10/><N who="3" m="6551" /><G15/><T35/><D47/><AGARI ba="0,0" hai="16,20,26,42,47,50,94,95" m="49447,38359" machi="47" ten="30,2000,0" yaku="8,1,54,1" doraHai="113" who="1" fromWho="0" sc="150,-20,270,20,294,0,286,0" /><INIT seed="5,0,0,0,4,5" ten="130,290,294,286" oya="1" hai0="67,70,110,118,112,3,34,90,9,64,72,8,49" hai1="55,69,119,80,42,73,128,47,105,85,129,79,113" hai2="51,106,53,115,89,31,52,35,103,126,120,108,58" hai3="57,121,95,24,76,101,109,102,65,82,22,62,88"/><U77/><E69/><V132/><F108/><W44/><G121/><T111/><D34/><U124/><E119/><V1/><F120/><W39/><G109/><T30/><D118/><U98/><E113/><V130/><F106/><W7/><G7/><T84/><D112/><U127/><E55/><V81/><F103/><W133/><G133/><T122/><D72/><U114/><E114/><V116/><F116/><W66/><G44/><T4/><D122/><U18/><E18/><V2/><F31/><W107/><G39/><T97/><D30/><U104/><E47/><V43/><F35/><W94/><G107/><N who="1" m="41034" /><E98/><V21/><F43/><W83/><G95/><T45/><D97/><U99/><E99/><V117/><F53/><W125/><G65/><T56/><D70/><U61/><E61/><V37/><F52/><W123/><G123/><T71/><D71/><U27/><E42/><V28/><F51/><W0/><G0/><T96/><D96/><U50/><E27/><V131/><F115/><W54/><G66/><T41/><D64/><U13/><E50/><V100/><F37/><W93/><G101/><T91/><D9/><U6/><E13/><V33/><F2/><W68/><G102/><T87/><D56/><U20/><E20/><V11/><F1/><W23/><G68/><T40/><D67/><U74/><E6/><V26/><F58/><W25/><G23/><T38/><D41/><U16/><E16/><V59/><F100/><W14/><G22/><T86/><D38/><U46/><E46/><V12/><F117/><W19/><G57/><T29/><D29/><RYUUKYOKU ba="0,0" sc="130,30,290,-10,294,-10,286,-10" hai0="3,4,8,40,45,49,84,86,87,90,91,110,111" /><INIT seed="6,1,0,3,2,9" ten="160,280,284,276" oya="2" hai0="52,98,116,57,99,127,95,50,8,13,93,44,15" hai1="117,43,119,21,29,16,77,135,90,124,64,63,23" hai2="129,17,71,91,60,128,69,27,58,132,1,72,34" hai3="2,39,82,105,41,62,30,37,102,83,89,3,76"/><V25/><F72/><N who="3" m="43271" /><G89/><N who="0" m="55599" /><D127/><U79/><E124/><V33/><F1/><N who="3" m="11" /><G83/><T131/><D131/><N who="2" m="50250" /><F91/><W78/><G78/><N who="1" m="29706" /><E135/><V5/><F5/><W126/><G126/><T6/><D116/><U54/><E43/><V106/><F106/><W81/><G81/><T84/><D84/><U66/><E119/><V18/><F58/><W68/><G30/><T114/><D114/><U94/><E29/><V87/><F87/><W32/><G41/><N who="0" m="24847" /><D8/><U0/><E0/><V31/><F132/><W24/><G24/><N who="2" m="9289" /><F60/><W112/><G32/><N who="2" m="12393" /><F31/><W74/><G112/><T36/><D36/><U107/><E107/><V123/><F123/><W19/><G74/><T110/><D110/><U10/><E117/><V38/><F38/><W108/><G108/><T51/><D6/><U65/><E63/><V109/><F109/><W111/><G111/><T20/><D20/><U113/><E23/><V59/><F59/><W26/><G37/><T104/><D104/><U120/><E21/><V42/><F42/><W125/><G39/><T55/><D55/><U118/><E120/><V115/><F115/><W75/><G75/><T85/><D85/><N who="1" m="52559" /><E118/><V48/><F48/><W11/><G125/><T134/><D134/><U96/><E113/><V53/><F53/><W86/><G86/><T122/><D122/><U45/><E54/><V67/><F67/><W80/><G105/><T49/><D49/><U47/><E96/><V92/><F92/><W100/><G62/><T130/><D130/><U56/><E56/><V70/><AGARI ba="1,0" hai="17,18,69,70,71" m="12393,9289,50250" machi="70" ten="40,7800,0" yaku="28,2,19,1" doraHai="9" who="2" fromWho="2" sc="160,-27,280,-27,284,81,276,-27" /><INIT seed="6,2,0,2,2,44" ten="133,253,365,249" oya="2" hai0="20,25,92,42,134,58,81,128,61,117,57,71,69" hai1="11,97,116,22,70,125,66,47,30,85,49,21,105" hai2="104,82,56,109,127,129,86,13,89,48,135,54,51" hai3="115,3,83,111,79,1,33,62,34,112,103,68,16"/><V121/><F121/><W99/><G111/><T126/><D117/><U24/><E116/><V100/><F109/><W88/><G16/><T107/><D107/><U52/><E125/><V17/><F129/><W119/><G119/><T110/><D128/><U122/><E122/><V0/><F0/><N who="3" m="75" /><G62/><T10/><D126/><U75/><E75/><V28/><F135/><W5/><G5/><T74/><D134/><U132/><E132/><V46/><F127/><W77/><G68/><T36/><D110/><U123/><E123/><V2/><F2/><W45/><G45/><T4/><D36/><U31/><E85/><V27/><F104/><N who="3" m="63615" /><G88/><T101/><D42/><U32/><E11/><N who="2" m="6335" /><F100/><W8/><G79/><T38/><D58/><U43/><E43/><N who="2" m="24671" /><F27/><W76/><G76/><T131/><D131/><U91/><E32/><N who="3" m="12394" /><G8/><T93/><D93/><N who="1" m="56511" /><E105/><V80/><F28/><N who="1" m="10793" /><E70/><V35/><F35/><W87/><G87/><T118/><D71/><U18/><E22/><V60/><F82/><W53/><G83/><T120/><D69/><U26/><E26/><V72/><F72/><W90/><G77/><T133/><D74/><U114/><E114/><V84/><F86/><W67/><G115/><T65/><D133/><U113/><E113/><V50/><AGARI ba="2,0" hai="50,51,54,56,60,80,84,89" m="24671,6335" machi="50" ten="30,11700,0" yaku="8,1,52,3" doraHai="44" who="2" fromWho="2" sc="133,-41,253,-41,365,123,249,-41" /><INIT seed="6,3,0,1,5,62" ten="92,212,488,208" oya="2" hai0="124,4,121,1,133,65,127,79,93,28,66,5,16" hai1="123,43,22,7,50,0,34,108,107,19,17,45,9" hai2="48,30,42,27,128,134,39,68,36,118,116,54,126" hai3="85,76,23,57,77,120,80,74,98,96,59,115,132"/><V32/><F126/><N who="0" m="48170" /><D121/><U18/><E107/><V2/><F128/><W13/><G120/><T64/><D133/><U20/><E123/><V81/><F134/><W131/><G131/><T97/><D28/><U78/><E34/><V49/><F2/><W25/><G132/><T3/><D79/><U75/><E108/><V83/><F42/><W113/><G13/><T11/><D16/><U63/><E63/><V26/><F54/><W6/><G6/><N who="0" m="2667" /><D11/><U35/><E35/><V24/><F68/><W53/><G77/><T92/><D92/><U73/><REACH who="1" step="1"/><E78/><REACH who="1" ten="92,202,488,208" step="2"/><V52/><F32/><W55/><G113/><T135/><D135/><U82/><E82/><V91/><F83/><W117/><G115/><T122/><D122/><U10/><E10/><V51/><F81/><W89/><G76/><T86/><D86/><U38/><E38/><V94/><F39/><W100/><G85/><T119/><D119/><U31/><E31/><V33/><F36/><W29/><G117/><T130/><D130/><U46/><E46/><V12/><F118/><W69/><G80/><T114/><D114/><U60/><E60/><V125/><F116/><W109/><G29/><T111/><D111/><U102/><E102/><AGARI ba="3,1" hai="1,3,64,65,66,93,97,102" m="2667,48170" machi="102" ten="30,7700,0" yaku="18,1,52,3" doraHai="62" who="0" fromWho="1" sc="92,96,202,-86,488,0,208,0" /><INIT seed="7,0,0,2,2,75" ten="188,116,488,208" oya="3" hai0="101,128,116,45,36,117,7,102,4,62,79,32,98" hai1="15,124,71,129,48,103,0,97,13,131,93,35,29" hai2="6,109,41,17,82,120,130,118,26,68,18,42,78" hai3="55,95,132,108,100,119,73,66,107,11,8,3,135"/><W57/><G119/><T84/><D32/><U54/><E0/><V63/><F109/><W83/><G107/><T46/><D128/><U89/><E71/><V133/><F118/><W67/><G108/><T16/><D62/><U39/><E39/><V112/><F6/><W74/><G95/><T24/><D36/><U9/><E124/><V91/><F91/><W50/><G100/><T2/><D2/><U134/><E134/><N who="3" m="51242" /><G73/><T52/><D46/><U92/><E35/><V33/><F33/><W20/><G20/><N who="0" m="13319" /><D117/><U27/><E131/><V110/><F110/><W115/><G115/><T96/><D116/><U22/><E9/><N who="3" m="3658" /><G3/><T51/><D102/><U61/><E61/><V126/><F112/><W125/><G125/><T90/><D79/><AGARI ba="0,0" hai="50,55,57,66,67,74,79,83" m="3658,51242" machi="79" ten="30,2900,0" yaku="20,1,52,1" doraHai="75" who="3" fromWho="0" sc="188,-29,116,0,488,0,208,29" /><INIT seed="7,1,0,2,4,94" ten="159,116,488,237" oya="3" hai0="27,0,51,40,13,132,18,79,135,117,97,50,28" hai1="122,36,65,73,37,47,4,17,14,125,8,76,68" hai2="25,15,71,32,66,114,5,99,106,92,31,45,43" hai3="83,41,101,60,134,80,38,105,112,89,23,110,75"/><W26/><G112/><T109/><D0/><U129/><E122/><V59/><F59/><W16/><G134/><N who="0" m="51243" /><D109/><U116/><E116/><V87/><F87/><W33/><G33/><N who="0" m="20639" /><D117/><U85/><E129/><V115/><F92/><W48/><G110/><T7/><D7/><U20/><E85/><V61/><F15/><W128/><G128/><T91/><D79/><U69/><E125/><V52/><F52/><W118/><G118/><T49/><D40/><U81/><E65/><V78/><F78/><W119/><G105/><T10/><D91/><U98/><E98/><AGARI ba="1,0" hai="10,13,18,49,50,51,97,98" m="20639,51243" machi="98" ten="30,3900,0" yaku="20,1,52,2" doraHai="94" who="0" fromWho="1" sc="159,42,116,-42,488,0,237,0" owari="201,-20.0,74,-43.0,488,59.0,237,4.0" /></mjloggm>