<mjloggm ver="2.3"><GO type="97" lobby="0"/><UN n0="%68%69%6D%75%72%6F%33%39" n1="%E3%83%9E%E3%83%BB%E3%83%B3%E3%83%BB%E3%82%B3%EF%BC%BE%EF%BC%8D%EF%BC%BE" n2="%E5%B0%B1%E6%B4%BB%E7%94%9F%40%E5%B7%9D%E6%9D%91%E8%BB%8D%E5%9B%A3" n3="%67%61%63%68%61%30%30" dan="13,15,15,13" rate="1839.08,2108.10,2048.75,1836.51" sx="M,F,M,M"/><TAIKYOKU oya="0"/><INIT seed="0,0,0,4,2,23" ten="250,250,250,250" oya="0" hai0="74,27,41,42,107,71,66,44,94,102,52,60,51" hai1="113,56,43,64,79,55,101,76,97,90,125,33,126" hai2="14,104,73,28,22,109,115,6,4,105,72,5,24" hai3="18,21,108,134,10,67,135,40,25,59,50,11,49"/><T118/><D118/><U84/><E64/><V132/><F115/><W0/><G108/><T57/><D74/><U68/><E68/><V116/><F116/><W36/><G36/><T117/><D107/><N who="1" m="63919" /><E43/><V32/><F132/><N who="3" m="50731" /><G0/><T91/><D117/><U99/><E33/><V48/><F109/><W86/><G86/><T110/><D110/><U93/><E113/><V128/><F128/><W85/><G85/><T9/><D102/><N who="1" m="60783" /><E55/><V35/><F48/><N who="3" m="18539" /><G40/><T54/><D9/><U16/><E16/><V121/><F121/><W31/><G18/><T103/><D103/><U114/><E56/><V80/><F80/><W30/><G30/><T13/><D13/><U82/><E114/><V20/><F20/><W78/><G67/><T87/><REACH who="0" step="1"/><D27/><REACH who="0" ten="240,250,250,250" step="2"/><U69/><E69/><V133/><F133/><W12/><G11/><T17/><D17/><U131/><E131/><V88/><F73/><W8/><G10/><T112/><D112/><U45/><E45/><V15/><F72/><W2/><G8/><T77/><D77/><AGARI ba="0,1" hai="76,77,79,82,84,90,125,126" m="60783,63919" machi="77" ten="30,2000,0" yaku="34,2" doraHai="23" who="1" fromWho="0" sc="240,-20,250,30,250,0,250,0" /><INIT seed="1,0,0,0,3,124" ten="220,280,250,250" oya="1" hai0="68,88,62,81,63,21,83,23,44,127,51,67,135" hai1="42,126,130,125,7,31,65,43,19,10,111,61,134" hai2="17,72,14,85,113,132,89,133,26,118,93,60,34" hai3="59,58,107,71,70,29,103,75,28,39,8,45,30"/><U15/><E31/><N who="2" m="19831" /><F72/><W73/><G8/><T46/><D127/><N who="1" m="48651" /><E134/><N who="2" m="51819" /><F113/><W55/><G103/><T66/><D135/><U87/><E87/><V115/><F115/><W16/><G107/><T3/><D3/><U114/><E114/><V74/><F74/><W104/><G104/><T110/><D110/><U122/><E122/><V37/><F37/><W119/><G39/><T121/><D121/><U38/><E38/><V69/><F118/><W78/><G119/><T56/><D46/><U52/><E65/><N who="2" m="41127" /><F14/><W116/><G116/><T77/><D81/><U100/><E111/><V41/><F41/><W47/><G75/><T25/><D25/><U106/><E43/><V13/><F13/><W11/><G73/><T80/><D80/><U76/><E42/><V99/><F17/><W33/><G47/><T95/><D51/><U117/><E19/><V0/><F0/><W109/><G16/><T6/><D44/><U101/><E117/><V35/><F35/><W5/><G33/><T4/><D6/><U90/><E15/><V123/><F123/><W112/><G5/><T131/><D4/><U98/><E7/><V129/><F99/><W54/><G112/><T57/><D68/><U40/><E98/><V12/><F12/><W79/><G71/><T82/><D77/><N who="3" m="29193" /><G70/><T9/><D9/><U53/><E76/><V84/><F84/><W36/><G36/><T120/><D120/><U20/><E10/><V18/><F18/><W24/><G11/><T48/><D48/><U27/><E40/><V1/><F1/><W108/><G108/><T102/><D102/><U64/><E100/><RYUUKYOKU ba="0,0" sc="220,-10,280,-10,250,30,250,-10" hai2="85,89,93,129" /><INIT seed="2,1,0,5,1,94" ten="210,270,280,240" oya="2" hai0="124,107,81,66,116,115,57,74,101,64,121,132,95" hai1="49,78,84,33,103,125,110,58,119,73,69,105,118" hai2="26,123,97,102,34,6,114,134,100,122,12,85,131" hai3="120,106,83,38,52,37,99,15,28,11,0,126,20"/><V21/><F114/><W130/><G120/><T104/><D57/><U93/><E33/><V72/><F72/><W76/><G0/><T60/><D60/><U18/><E69/><V98/><F131/><W87/><G130/><T133/><D64/><U36/><E36/><V54/><F34/><W96/><G126/><T14/><D66/><U79/><E18/><V68/><F68/><W9/><G106/><N who="0" m="40491" /><D14/><U112/><E49/><V75/><F75/><W67/><G67/><T4/><D4/><U40/><E40/><V25/><F85/><N who="3" m="48359" /><G38/><T2/><D2/><U22/><E22/><V53/><F134/><N who="0" m="51818" /><D115/><U63/><E63/><V8/><F122/><W24/><G37/><T127/><D121/><U5/><E58/><V91/><F123/><W89/><G52/><N who="2" m="20073" /><F91/><W13/><G13/><T7/><D7/><U82/><E5/><V48/><F48/><W27/><G27/><N who="2" m="10249" /><F21/><W108/><G15/><T43/><D43/><U80/><E112/><V30/><F30/><W3/><G3/><T128/><D128/><U39/><E39/><V62/><F62/><W71/><G71/><T135/><D116/><U23/><E23/><V1/><F1/><W129/><G129/><T10/><N who="0" m="51826" /><T29/><DORA hai="77" /><D29/><U56/><E118/><V111/><F111/><W31/><G108/><T16/><D16/><U46/><E110/><V41/><F41/><W45/><G31/><T70/><D10/><N who="3" m="3593" /><G45/><T44/><D70/><U92/><E46/><V59/><F59/><W19/><G28/><T51/><D44/><U86/><E119/><V113/><F113/><W109/><G109/><RYUUKYOKU ba="1,0" sc="210,-15,270,-15,280,15,240,15" hai2="6,8,12,97,98,100,102" hai3="19,20,24,87,89,96,99" /><INIT seed="2,2,0,1,0,30" ten="195,255,295,255" oya="2" hai0="105,114,73,113,116,92,62,45,125,77,20,53,41" hai1="15,70,1,6,78,2,18,81,83,33,101,28,88" hai2="102,134,119,68,75,38,63,42,37,69,110,91,99" hai3="66,100,108,60,16,52,67,128,64,5,86,36,84"/><V132/><F75/><W25/><G36/><N who="2" m="13929" /><F119/><W82/><G108/><T21/><D105/><U22/><E70/><N who="2" m="27243" /><F42/><W98/><G128/><T79/><D116/><U129/><E129/><V40/><F40/><W109/><G109/><T126/><D73/><U120/><E120/><V131/><F131/><W89/><G5/><T106/><D41/><U46/><E46/><V65/><F91/><W61/><G86/><T121/><D121/><U123/><E123/><V104/><F110/><W34/><G61/><T112/><D106/><U11/><E101/><V96/><F96/><W17/><G34/><T74/><D92/><U90/><E1/><V93/><F93/><N who="3" m="58447" /><G25/><T103/><D103/><U49/><E49/><V35/><F35/><W27/><G27/><T85/><D74/><N who="1" m="43223" /><E83/><V39/><F39/><W117/><G117/><T12/><D85/><U87/><E87/><V23/><F23/><N who="0" m="8778" /><D12/><U24/><AGARI ba="2,0" hai="2,6,11,15,18,22,24,28,33,88,90" m="43223" machi="24" ten="30,4000,0" yaku="24,1,52,1,54,1" doraHai="30" who="1" fromWho="1" sc="195,-12,255,46,295,-22,255,-12" /><INIT seed="3,0,0,0,2,127" ten="183,301,273,243" oya="3" hai0="122,107,45,106,5,54,119,34,50,91,99,16,94" hai1="95,59,7,47,46,68,85,32,98,73,70,76,53" hai2="9,52,39,135,120,41,103,30,10,26,20,111,79" hai3="51,57,105,126,128,60,15,118,93,71,36,113,3"/><W100/><G118/><T0/><D119/><U78/><E32/><V108/><F120/><W35/><G3/><T130/><D122/><U6/><E73/><V55/><F79/><N who="1" m="30249" /><E70/><V75/><F75/><W1/><G1/><T4/><D34/><U28/><E68/><V80/><F80/><W123/><G36/><T69/><D69/><U66/><E66/><V83/><F83/><W2/><G105/><T112/><D0/><U21/><E85/><V17/><F135/><W77/><G2/><T49/><D112/><U18/><E28/><V14/><F103/><W27/><G35/><T88/><D130/><U92/><E7/><V131/><F131/><W44/><G128/><T87/><D106/><U48/><E6/><V116/><F116/><W74/><G74/><T125/><D125/><U61/><E61/><V124/><F124/><W84/><G126/><T37/><D37/><U33/><E33/><V72/><F72/><W8/><G71/><T110/><D107/><U109/><E109/><N who="2" m="42059" /><F9/><W129/><G129/><T19/><D50/><U90/><E92/><V115/><F115/><W22/><G123/><T64/><D64/><U114/><E114/><V133/><F133/><W12/><G113/><T63/><D63/><U102/><E102/><V81/><F81/><W121/><G121/><T29/><D110/><U117/><E117/><V97/><F97/><W25/><G60/><T38/><D29/><U67/><E67/><V43/><F43/><W24/><G51/><T31/><D38/><U40/><E40/><V11/><F11/><W23/><G8/><T42/><D31/><RYUUKYOKU ba="0,0" sc="183,-15,301,15,273,15,243,-15" hai1="18,21,46,47,48,53,59,90,95,98" hai2="10,14,17,20,26,30,39,41,52,55" owari="168,-33.0,316,41.0,288,9.0,228,-17.0" /></mjloggm>