<mjloggm ver="2.3"><GO type="97" lobby="0"/><UN n0="%69%64%70%61%70%61%70%61" n1="%56%6F%6C%75%6D%65%31" n2="%E5%B0%B1%E6%B4%BB%E7%94%9F%40%E5%B7%9D%E6%9D%91%E8%BB%8D%E5%9B%A3" n3="%53%72%61%6D" dan="14,13,15,15" rate="1951.57,1873.64,2064.13,1993.24" sx="M,F,M,M"/><TAIKYOKU oya="0"/><INIT seed="0,0,0,1,5,34" ten="250,250,250,250" oya="0" hai0="29,18,123,13,118,87,40,12,8,131,68,67,52" hai1="31,44,23,17,125,86,35,88,128,78,134,84,22" hai2="80,43,60,97,83,55,112,33,46,25,1,82,11" hai3="107,119,39,135,5,51,0,105,101,132,89,79,126"/><T65/><D123/><U103/><E125/><V113/><F97/><W71/><G39/><T121/><D121/><U110/><E110/><V117/><F117/><W36/><G36/><T106/><D118/><U75/><E128/><V81/><N who="2" m="20992" /><DORA hai="90" /><V28/><F55/><W50/><G79/><T9/><D106/><N who="3" m="40457" /><G101/><T42/><D131/><U41/><E78/><V129/><F129/><W56/><G71/><T73/><D73/><U27/><E134/><N who="3" m="51242" /><G119/><T122/><D122/><U133/><E133/><V57/><F57/><W62/><G126/><T124/><D124/><U53/><E103/><V47/><F60/><W114/><G89/><T3/><D3/><U92/><E53/><V64/><F64/><N who="0" m="24650" /><D68/><U74/><E84/><V111/><F111/><W16/><G114/><T37/><D37/><U76/><E35/><V4/><REACH who="2" step="1"/><F47/><REACH who="2" ten="250,250,240,250" step="2"/><W130/><G130/><T6/><D29/><U116/><E76/><V63/><F63/><W91/><G62/><T15/><D87/><U30/><E30/><V72/><F72/><W38/><G56/><T49/><D15/><U98/><E98/><V7/><F7/><W45/><G45/><AGARI ba="0,1" hai="6,8,9,12,13,18,40,42,45,49,52" m="24650" machi="45" ten="30,2900,0" yaku="8,1,54,1" doraHai="34,90" who="0" fromWho="3" sc="250,39,250,0,240,0,250,-29" /><INIT seed="0,1,0,4,2,56" ten="289,250,240,221" oya="0" hai0="93,16,66,125,29,61,11,128,51,120,78,80,0" hai1="36,70,106,43,134,67,28,27,97,113,94,88,23" hai2="58,2,73,119,49,35,133,131,84,91,108,50,32" hai3="24,10,42,96,13,40,54,62,26,79,114,68,48"/><T57/><D120/><U116/><E116/><V72/><F2/><W127/><G114/><T17/><D0/><U90/><E134/><V99/><F119/><W8/><G127/><T98/><D125/><U89/><E106/><V118/><F118/><W38/><G79/><T9/><D128/><U64/><E113/><V25/><F131/><W121/><G121/><T65/><D29/><U92/><E43/><V7/><F7/><W63/><G68/><T39/><D39/><U75/><E75/><V52/><F108/><W3/><G96/><T41/><D66/><U101/><E36/><V124/><F124/><W102/><G102/><N who="0" m="60751" /><D78/><U46/><E46/><V76/><F133/><W60/><G3/><T5/><D80/><U103/><E70/><V30/><F35/><W74/><G74/><T122/><D122/><U20/><E23/><V14/><F14/><W123/><G123/><T6/><D6/><U4/><E4/><V69/><F69/><W111/><G111/><T22/><D5/><U110/><E110/><V18/><F18/><N who="0" m="7274" /><D22/><U53/><E53/><V129/><F129/><W59/><G38/><T77/><D77/><U44/><E44/><AGARI ba="1,0" hai="9,11,41,44,51,57,61,65" m="7274,60751" machi="44" ten="30,5800,0" yaku="8,1,52,1,54,1" doraHai="56" who="0" fromWho="1" sc="289,61,250,-61,240,0,221,0" /><INIT seed="0,2,0,4,4,44" ten="350,189,240,221" oya="0" hai0="116,129,61,62,35,22,43,71,108,73,121,96,14" hai1="36,104,92,9,31,111,13,30,101,54,115,28,109" hai2="51,103,72,78,100,133,48,37,42,33,19,112,4" hai3="127,79,106,89,99,27,119,16,50,134,135,105,17"/><T5/><D116/><U18/><E36/><V46/><F33/><W24/><G119/><T53/><D121/><U0/><E104/><N who="3" m="40042" /><G79/><T128/><D73/><U107/><E107/><V8/><F112/><W40/><G127/><T10/><D35/><U70/><E70/><V110/><F19/><N who="3" m="7243" /><G89/><T77/><D108/><N who="1" m="41547" /><E115/><V52/><F133/><N who="3" m="50699" /><G99/><T86/><D43/><U102/><E0/><N who="2" m="7" /><F110/><W12/><G12/><T74/><D74/><U91/><E54/><V81/><F51/><W69/><G69/><T45/><D22/><U32/><E32/><V82/><F81/><W38/><G38/><T29/><D29/><N who="1" m="7427" /><U63/><DORA hai="11" /><E63/><V122/><F122/><W57/><G57/><AGARI ba="2,0" hai="37,42,46,48,52,57,72,78,82,100,103" m="7" machi="57" ten="30,3900,0" yaku="25,1,52,1,54,1" doraHai="44,11" who="2" fromWho="3" sc="350,0,189,0,240,45,221,-45" /><INIT seed="1,0,0,1,0,104" ten="350,189,285,176" oya="1" hai0="55,132,7,64,105,11,50,70,47,73,88,128,18" hai1="28,109,44,135,67,127,53,10,45,48,120,68,33" hai2="0,79,107,100,133,102,62,115,59,96,15,32,94" hai3="56,63,113,78,75,98,27,89,117,95,24,12,41"/><U130/><E120/><V46/><F0/><W99/><G113/><T110/><D105/><U38/><E127/><V85/><F32/><W125/><G125/><T81/><D18/><U116/><E116/><V108/><F115/><W71/><G71/><T52/><D73/><U82/><E135/><V16/><F133/><W8/><G117/><T21/><D132/><U61/><E130/><V25/><F108/><W122/><G41/><T14/><D128/><U93/><E109/><V106/><F106/><W86/><G75/><T3/><D110/><U112/><E112/><V23/><F107/><W72/><G122/><T13/><D3/><U30/><E33/><V129/><F129/><W58/><G58/><T36/><D36/><U39/><E82/><N who="2" m="47327" /><F46/><W54/><G98/><T49/><D21/><U134/><E134/><V119/><F119/><W118/><G118/><T74/><D14/><U87/><E10/><V114/><F114/><W57/><G57/><T9/><D9/><U42/><E38/><V60/><F15/><W97/><G97/><T131/><D131/><U34/><REACH who="1" step="1"/><E34/><REACH who="1" ten="350,179,285,176" step="2"/><V35/><F35/><W92/><G99/><T66/><D11/><U103/><E103/><N who="2" m="60823" /><F62/><W65/><G63/><T5/><D5/><U111/><E111/><V6/><F6/><W51/><G8/><T90/><D7/><U76/><E76/><V80/><F80/><W26/><G78/><T77/><D81/><U31/><E31/><V124/><F124/><W2/><G2/><T1/><D1/><U43/><E43/><V22/><F22/><W123/><G123/><T69/><D77/><RYUUKYOKU ba="0,1" sc="350,-15,179,15,285,15,176,-15" hai1="28,30,39,42,44,45,48,53,61,67,68,87,93" hai2="16,23,25,59,60,100,102" /><INIT seed="1,1,1,4,5,61" ten="335,194,300,161" oya="1" hai0="134,42,92,36,113,106,67,126,58,108,20,33,0" hai1="88,43,50,25,52,21,121,57,74,109,105,86,93" hai2="30,9,12,84,79,8,47,128,59,13,64,45,99" hai3="135,118,1,110,127,34,71,22,75,119,130,114,56"/><U31/><E121/><V116/><F116/><N who="3" m="44587" /><G34/><T122/><D92/><U15/><E74/><V26/><F128/><W124/><G1/><T63/><D20/><U27/><E105/><V91/><F79/><W51/><G22/><T5/><D5/><U60/><E109/><V24/><F99/><W77/><G77/><T44/><D113/><U2/><E2/><V100/><F100/><W14/><G14/><N who="2" m="5737" /><F45/><W18/><G18/><T101/><D106/><U11/><E43/><V131/><F47/><W129/><G71/><T10/><D101/><U32/><E25/><N who="2" m="9835" /><F30/><W69/><G69/><T72/><D72/><U96/><E32/><V23/><F23/><W87/><G87/><T85/><D108/><U120/><E120/><V16/><F16/><W65/><G75/><T112/><D122/><U73/><E73/><V123/><F123/><W90/><G90/><T117/><D112/><U82/><E60/><N who="2" m="37919" /><F131/><N who="3" m="50187" /><G110/><T132/><D117/><U54/><E54/><V7/><F7/><W133/><G114/><T89/><D33/><U3/><E3/><V46/><F46/><W35/><G35/><T94/><D0/><U49/><E49/><V66/><F66/><W6/><G6/><T70/><D10/><U76/><E11/><V104/><F104/><W17/><G17/><T41/><D41/><U102/><E15/><V48/><F48/><W4/><G4/><T37/><D37/><U78/><AGARI ba="1,1" hai="21,27,31,50,52,57,76,78,82,86,88,93,96,102" machi="78" ten="30,11700,0" yaku="0,1,8,1,54,2" doraHai="61" who="1" fromWho="1" sc="335,-40,194,130,300,-40,161,-40" /><INIT seed="1,2,0,2,5,86" ten="295,324,260,121" oya="1" hai0="10,103,126,13,58,122,129,120,90,94,45,2,119" hai1="127,107,97,21,54,22,67,79,23,133,17,114,30" hai2="0,62,47,14,105,40,128,37,9,20,42,7,55" hai3="18,43,44,6,101,89,33,65,104,121,32,130,27"/><U59/><E114/><V123/><F105/><W29/><G121/><N who="0" m="46699" /><D119/><U106/><E127/><V112/><F123/><W56/><G130/><T110/><D126/><U98/><E133/><V39/><F112/><W26/><G6/><T68/><D68/><U52/><E79/><V61/><F128/><W76/><G76/><T73/><D129/><U118/><E118/><V134/><F134/><W24/><G89/><T69/><D2/><U28/><E17/><V38/><F55/><N who="1" m="21033" /><E59/><V50/><F40/><W5/><G5/><T66/><D73/><U3/><E67/><V25/><REACH who="2" step="1"/><F0/><REACH who="2" ten="295,324,250,121" step="2"/><W80/><G104/><N who="1" m="39978" /><E3/><V84/><F84/><W88/><G18/><AGARI ba="2,1" hai="7,9,14,18,20,25,37,38,39,42,47,50,61,62" machi="18" ten="40,1300,0" yaku="1,1,53,0" doraHai="86" doraHaiUra="131" who="2" fromWho="3" sc="295,0,324,0,250,29,121,-19" /><INIT seed="2,0,0,2,1,6" ten="295,324,279,102" oya="2" hai0="105,18,28,53,93,131,101,35,60,106,15,109,42" hai1="72,1,69,61,107,114,63,89,13,103,3,51,2" hai2="50,5,84,71,117,112,54,99,125,113,90,116,121" hai3="88,130,36,135,85,97,34,10,30,49,67,29,76"/><V24/><F121/><W94/><G36/><T7/><D42/><U21/><E114/><V8/><F71/><W31/><G34/><T38/><D38/><U104/><E72/><V128/><F128/><W14/><G130/><T56/><D131/><U119/><E119/><V64/><F125/><W33/><G33/><T40/><D40/><U100/><E89/><V57/><F99/><W44/><G67/><T17/><D7/><U91/><E91/><V86/><F64/><W83/><G135/><T23/><D35/><U78/><E78/><V80/><F24/><W120/><G120/><T55/><D28/><U126/><E126/><V39/><F39/><W110/><G110/><T20/><D109/><U129/><E51/><V79/><F113/><W123/><G123/><T96/><REACH who="0" step="1"/><D55/><REACH who="0" ten="285,324,279,102" step="2"/><U115/><E129/><V124/><F112/><W122/><G122/><T81/><D81/><U65/><E115/><V75/><F124/><W9/><REACH who="3" step="1"/><G14/><AGARI ba="0,1" hai="14,15,17,18,20,23,53,56,60,93,96,101,105,106" machi="14" ten="30,3900,0" yaku="1,1,7,1,9,1,53,0" doraHai="6" doraHaiUra="108" who="0" fromWho="3" sc="285,49,324,0,279,0,102,-39" /><INIT seed="3,0,0,2,5,77" ten="334,324,279,63" oya="3" hai0="44,1,71,127,33,29,8,13,120,134,17,18,62" hai1="50,12,24,93,52,38,83,110,45,9,63,69,90" hai2="111,135,19,133,123,104,35,131,129,34,119,20,89" hai3="7,66,98,75,78,122,42,102,76,39,4,15,132"/><W115/><G122/><T3/><D120/><U88/><E110/><V0/><F104/><W74/><G115/><T64/><D44/><U72/><E38/><V112/><F123/><W95/><G132/><N who="2" m="50761" /><F89/><N who="1" m="34409" /><E72/><V61/><F61/><W54/><G66/><T31/><D134/><U80/><E93/><V11/><F111/><W14/><G74/><T86/><D127/><U106/><E69/><V58/><F58/><W128/><G128/><N who="2" m="49225" /><F112/><W10/><G54/><T113/><D113/><U117/><E117/><V100/><F100/><W130/><G130/><T92/><D31/><U109/><E24/><N who="2" m="14367" /><F119/><W108/><G108/><T97/><D86/><U79/><E109/><V124/><F124/><W60/><G60/><T37/><D37/><U16/><E106/><V82/><F82/><N who="1" m="31273" /><E63/><V118/><F118/><W84/><G75/><T116/><D116/><U85/><E85/><V107/><F107/><W114/><G114/><T59/><D59/><U96/><E96/><V81/><F81/><W53/><G53/><T22/><D92/><U101/><E101/><V87/><F87/><W126/><G126/><T121/><D121/><U70/><E70/><V21/><F21/><W68/><G68/><T57/><D97/><U91/><N who="1" m="34417" /><U43/><DORA hai="41" /><E43/><V36/><F36/><W103/><G103/><T49/><D71/><U94/><E94/><V105/><F105/><W99/><G99/><T46/><D46/><U30/><E79/><V48/><F48/><W56/><G56/><T27/><D49/><U67/><E67/><V5/><AGARI ba="0,0" hai="0,5,11,34,35" m="14367,49225,50761" machi="5" ten="40,8000,1" yaku="20,1,19,1,34,2" doraHai="77,41" who="2" fromWho="2" sc="334,-20,324,-20,279,80,63,-40" owari="314,11.0,304,-10.0,359,47.0,23,-48.0" /></mjloggm>