<mjloggm ver="2.3"><GO type="169" lobby="0"/><UN n0="%E3%83%A9%E3%82%BB%E3%83%83%E3%83%88" n1="%63%68%75%62%75%37%34" n2="%E3%82%A6%E3%83%AB%E3%83%88%E3%83%A9%E7%AB%8B%E7%9B%B4" n3="%E3%82%B7%E3%83%AB%E3%83%93%E3%82%A3" dan="16,16,16,18" rate="2066.50,2110.51,2108.48,2233.74" sx="M,M,M,F"/><TAIKYOKU oya="0"/><INIT seed="0,0,0,4,1,83" ten="250,250,250,250" oya="0" hai0="87,5,123,0,75,134,32,70,94,44,108,92,128" hai1="50,103,60,82,12,9,6,63,3,43,15,37,41" hai2="61,34,120,16,119,17,52,8,39,117,113,23,33" hai3="31,80,114,125,97,21,130,133,102,131,81,19,72"/><T95/><D70/><U27/><E103/><V48/><F39/><W77/><G114/><T54/><D75/><U111/><E111/><V2/><F113/><W26/><G125/><T100/><D123/><U18/><E37/><V36/><F61/><W109/><G109/><T122/><D122/><U104/><E104/><V35/><F36/><W47/><G133/><T71/><D71/><U78/><E27/><V96/><F96/><W40/><G81/><T13/><D32/><U29/><E29/><V98/><F98/><W106/><REACH who="3" step="1"/><G31/><REACH who="3" ten="250,250,250,240" step="2"/><T67/><D108/><U7/><E3/><V28/><F120/><W24/><G24/><T57/><D134/><U85/><E7/><N who="2" m="1143" /><F28/><W14/><G14/><T86/><D0/><U58/><E43/><V25/><F17/><W124/><G124/><T4/><D13/><U56/><E56/><V62/><F119/><W110/><G110/><T115/><D115/><U53/><E41/><V68/><F117/><W45/><G45/><T129/><D100/><U126/><REACH who="1" step="1"/><E126/><REACH who="1" ten="250,240,250,240" step="2"/><V91/><F25/><W84/><G84/><N who="0" m="32299" /><D5/><U51/><E51/><AGARI ba="0,2" hai="19,21,26,40,47,51,72,77,80,97,102,106,130,131" machi="51" ten="40,1300,0" yaku="1,1,53,0" doraHai="83" doraHaiUra="55" who="3" fromWho="1" sc="250,0,240,-13,250,0,240,33" /><INIT seed="1,0,0,4,0,50" ten="250,227,250,273" oya="1" hai0="42,135,122,14,101,19,13,80,8,72,88,132,107" hai1="78,5,2,95,90,18,92,38,116,105,65,69,82" hai2="126,75,57,39,16,86,49,123,112,25,93,54,6" hai3="91,63,119,1,20,97,31,76,10,87,77,3,60"/><U106/><E116/><V29/><F123/><W85/><G119/><T73/><D122/><U111/><E38/><V121/><F121/><W47/><G97/><T4/><D101/><U131/><E5/><V23/><F126/><W58/><G47/><T41/><D107/><U117/><E2/><V134/><F134/><W55/><G85/><N who="0" m="50215" /><D73/><N who="1" m="43343" /><E18/><V64/><F112/><W0/><G10/><N who="0" m="4295" /><D72/><U48/><E48/><V15/><F75/><W130/><G130/><T114/><D114/><U53/><E53/><V125/><F125/><W52/><G20/><T66/><D66/><U56/><E56/><V26/><F39/><W37/><G31/><T27/><D135/><U133/><E65/><V71/><F6/><W104/><G104/><N who="1" m="40042" /><E69/><V7/><F7/><W21/><G21/><N who="0" m="13759" /><D132/><U44/><E44/><V61/><F29/><W74/><G74/><T24/><D24/><U103/><E117/><V109/><F26/><W34/><G34/><T32/><D32/><U128/><E133/><V30/><F25/><W33/><G33/><T115/><D115/><U40/><E40/><V120/><F30/><W129/><G129/><T68/><D68/><U62/><E111/><V83/><F109/><W67/><G37/><T11/><D14/><U17/><E17/><V43/><F120/><W102/><G102/><T9/><AGARI ba="0,0" hai="8,9,11,41,42" m="13759,4295,50215" machi="9" ten="30,2000,0" yaku="8,1,54,1" doraHai="50" who="0" fromWho="0" sc="250,20,227,-10,250,-5,273,-5" /><INIT seed="2,0,0,3,4,27" ten="270,217,245,268" oya="2" hai0="81,128,74,133,102,29,46,132,10,57,72,130,92" hai1="98,134,114,2,0,117,67,56,94,116,50,14,31" hai2="32,96,17,40,22,51,87,113,79,135,109,41,78" hai3="101,43,90,34,25,35,131,52,70,4,65,99,30"/><V86/><F113/><W16/><G35/><T126/><D46/><U45/><E114/><V121/><F32/><W13/><G43/><N who="2" m="16457" /><F121/><W23/><G131/><N who="0" m="50219" /><D57/><U93/><E134/><N who="0" m="51817" /><D10/><U82/><E2/><V97/><F109/><W80/><G4/><T60/><D60/><U55/><E0/><V105/><F105/><N who="3" m="63679" /><G90/><T58/><D58/><U21/><E117/><V88/><F51/><W12/><G80/><T7/><D7/><U95/><E116/><V6/><F6/><W123/><G123/><T39/><D39/><U63/><E82/><N who="2" m="49271" /><F135/><W76/><G76/><N who="2" m="29225" /><F86/><W124/><G70/><T5/><D5/><U85/><E85/><V115/><F115/><W9/><G34/><T103/><D81/><U108/><E108/><V100/><F100/><W20/><G9/><T75/><D103/><N who="1" m="60879" /><E14/><AGARI ba="0,0" hai="14,17,22,96,97" m="29225,49271,16457" machi="14" ten="30,2900,0" yaku="8,1,54,1" doraHai="27" who="2" fromWho="1" sc="270,0,217,-29,245,29,268,0" /><INIT seed="2,1,0,2,4,48" ten="270,188,274,268" oya="2" hai0="133,45,129,87,100,118,90,54,102,34,31,7,10" hai1="86,77,69,47,115,62,2,44,28,72,56,15,16" hai2="124,22,134,58,85,70,41,25,55,40,111,101,125" hai3="84,113,37,67,116,38,112,89,21,68,82,91,35"/><V30/><F70/><W108/><G35/><T19/><D133/><U9/><E69/><V126/><F134/><W26/><G108/><T24/><D129/><U49/><E72/><V76/><F111/><W107/><G107/><T120/><D120/><U135/><E135/><V110/><F110/><W29/><G116/><T20/><D118/><U51/><E115/><N who="3" m="44106" /><G91/><T78/><D78/><U93/><E2/><V99/><F85/><W57/><G68/><T96/><D96/><U53/><E28/><V66/><F76/><W123/><G123/><T42/><D42/><U13/><E13/><V6/><F66/><W71/><G71/><T83/><D34/><U0/><E0/><V23/><F23/><W109/><G109/><T122/><D122/><U117/><E117/><V64/><F64/><W65/><G65/><T81/><D81/><N who="1" m="47407" /><E93/><N who="2" m="58607" /><F6/><W114/><G114/><T79/><D79/><U128/><E128/><V95/><F95/><W17/><G29/><T130/><D130/><U18/><E18/><V94/><F94/><W52/><G67/><T127/><D7/><U4/><E4/><V132/><F132/><W60/><AGARI ba="1,0" hai="17,21,26,37,38,52,57,60,82,84,89" m="44106" machi="60" ten="30,4000,0" yaku="11,1,52,1,54,1" doraHai="48" who="3" fromWho="3" sc="270,-11,188,-11,274,-21,268,43" /><INIT seed="3,0,0,5,3,17" ten="259,177,253,311" oya="3" hai0="38,28,55,11,26,31,3,30,9,71,85,88,110" hai1="121,96,78,33,99,118,111,68,64,42,94,97,14" hai2="116,80,34,44,130,65,117,18,58,5,53,102,54" hai3="16,87,127,1,77,50,123,126,91,70,27,82,114"/><W4/><G70/><T12/><D38/><U76/><E33/><V124/><F34/><W133/><G114/><T104/><D104/><U128/><E68/><V41/><F5/><W62/><G123/><T125/><D110/><U8/><E64/><V98/><F124/><W67/><G133/><T61/><D125/><N who="3" m="47625" /><G50/><T39/><D39/><U66/><E66/><V101/><F130/><W103/><G103/><T57/><D3/><U45/><E121/><V23/><F80/><W47/><G47/><T105/><D105/><U120/><E120/><V59/><F65/><W132/><G132/><T134/><D134/><U84/><E111/><V109/><F109/><W2/><G4/><T19/><D71/><U95/><E128/><V119/><F41/><W29/><G29/><T129/><D129/><U56/><E56/><V135/><F135/><W10/><G77/><T49/><D49/><N who="1" m="26807" /><E118/><V113/><F113/><W75/><G75/><T6/><D6/><N who="1" m="3351" /><E78/><V122/><F44/><W115/><G115/><T48/><D48/><U7/><E7/><V35/><F122/><W32/><G32/><T46/><D46/><U51/><E51/><V43/><F35/><W69/><G10/><T63/><D11/><U52/><E52/><N who="2" m="20075" /><F43/><W92/><G1/><T13/><D63/><U112/><E112/><V93/><F59/><W36/><G2/><T21/><D9/><U106/><E106/><V40/><F40/><W72/><G36/><T60/><D61/><U79/><E79/><V25/><F58/><W107/><G107/><T108/><D108/><U73/><E73/><V89/><AGARI ba="0,0" hai="18,23,25,89,93,98,101,102,116,117,119" m="20075" machi="89" ten="40,5200,0" yaku="5,1,52,1,54,1" doraHai="17" who="2" fromWho="2" sc="259,-13,177,-13,253,52,311,-26" /><INIT seed="4,0,0,4,3,76" ten="246,164,305,285" oya="0" hai0="72,42,27,19,104,79,97,111,37,1,51,39,106" hai1="90,80,102,135,75,71,123,112,94,92,115,86,53" hai2="49,89,63,116,68,113,73,55,100,46,127,65,26" hai3="82,81,38,91,22,9,23,41,126,31,0,64,110"/><T84/><D1/><U88/><E71/><V117/><F113/><N who="1" m="43593" /><E123/><V83/><F127/><W13/><G110/><T119/><D119/><N who="2" m="45642" /><F100/><W121/><G126/><T12/><D111/><U32/><E32/><V50/><F26/><W109/><G109/><T20/><D72/><U129/><E129/><V34/><F34/><W131/><G131/><T85/><D27/><U87/><E135/><V40/><F89/><W78/><G121/><T45/><D104/><U18/><E18/><V52/><F83/><N who="3" m="31755" /><G0/><T61/><D61/><U15/><E15/><V11/><F11/><W3/><G3/><T14/><D14/><U124/><E53/><N who="2" m="20555" /><F73/><W62/><G78/><T67/><D67/><U70/><E70/><V54/><N who="2" m="20563" /><V74/><DORA hai="16" /><F74/><W114/><G31/><T25/><D79/><N who="1" m="44159" /><E102/><V56/><F68/><W134/><G114/><T10/><D106/><U99/><E124/><V130/><F130/><W128/><G128/><T107/><D107/><U108/><E108/><V58/><F58/><W33/><G33/><T101/><D101/><U8/><E8/><V7/><F7/><W4/><G134/><T44/><D10/><U57/><E57/><V28/><F28/><W60/><G91/><T77/><D77/><U122/><E122/><V93/><F93/><W96/><G9/><T133/><D133/><U47/><E47/><V120/><F120/><W59/><G59/><T29/><D45/><U5/><E5/><V36/><AGARI ba="0,0" hai="36,40,46,49,50,56,63,65" m="20563,45642" machi="36" ten="40,8000,1" yaku="12,1,34,2,54,1" doraHai="76,16" who="2" fromWho="2" sc="246,-40,164,-20,305,80,285,-20" /><INIT seed="5,0,0,3,1,99" ten="206,144,385,265" oya="1" hai0="65,64,129,49,10,81,29,53,90,74,132,36,120" hai1="40,48,51,52,55,116,27,54,12,89,126,13,60" hai2="26,119,17,22,19,102,9,114,128,78,113,83,97" hai3="106,4,117,110,84,59,61,68,50,107,23,125,43"/><U85/><E126/><V123/><F128/><W56/><G125/><T37/><D120/><U7/><E116/><V35/><F35/><W134/><G23/><T8/><D129/><U76/><E76/><V104/><F123/><W91/><G4/><T44/><D132/><U109/><E109/><V82/><F119/><W25/><G25/><T95/><D37/><U33/><E33/><V62/><F62/><W63/><G110/><T98/><D36/><U121/><E121/><V5/><F19/><W24/><G24/><T124/><D124/><U133/><E133/><V88/><F88/><W105/><G134/><T79/><D29/><U92/><E27/><V101/><F101/><W103/><G103/><T14/><D10/><U66/><E7/><AGARI ba="0,0" hai="7,8,14,44,49,53,64,65,74,79,81,90,95,98" machi="7" ten="30,1000,0" yaku="7,1" doraHai="99" who="0" fromWho="1" sc="206,10,144,-10,385,0,265,0" /><INIT seed="6,0,0,5,2,59" ten="216,134,385,265" oya="2" hai0="28,38,109,121,35,30,123,24,46,44,83,81,15" hai1="39,31,116,32,98,16,49,5,131,57,60,73,126" hai2="113,110,96,9,102,47,51,103,112,26,36,42,43" hai3="11,133,135,79,128,12,40,29,34,111,104,27,82"/><V130/><F130/><W25/><G111/><T8/><D109/><U74/><E39/><V61/><F110/><W106/><G128/><T14/><D24/><U6/><E116/><V67/><F9/><W21/><G40/><T10/><D35/><U45/><E131/><V75/><F75/><W127/><G127/><T101/><D101/><U0/><E126/><V48/><F26/><W105/><G27/><T88/><D88/><U87/><E31/><V2/><F2/><W54/><G54/><T64/><D64/><U72/><E32/><V41/><F36/><AGARI ba="0,0" hai="8,10,14,15,28,30,36,38,44,46,81,83,121,123" machi="36" ten="25,1600,0" yaku="22,2" doraHai="59" who="0" fromWho="2" sc="216,16,134,0,385,-16,265,0" /><INIT seed="7,0,0,1,4,122" ten="232,134,369,265" oya="3" hai0="23,82,59,76,118,65,93,45,71,115,121,124,100" hai1="109,95,111,9,25,20,38,16,78,30,3,15,101" hai2="74,114,57,39,13,31,119,0,10,69,17,33,110" hai3="1,46,50,48,107,83,94,135,60,27,81,66,55"/><W133/><G107/><T68/><D118/><U7/><E78/><V58/><F69/><W52/><G1/><T127/><D121/><U47/><E101/><V29/><F74/><W24/><G94/><T51/><D23/><U49/><E95/><V125/><F39/><W35/><G35/><T98/><D115/><U85/><E85/><V62/><F31/><W53/><G66/><T8/><D8/><U32/><E38/><V92/><F58/><W6/><G60/><T129/><D59/><U43/><AGARI ba="0,0" hai="3,7,9,15,16,20,25,30,32,43,47,49,109,111" machi="43" ten="20,12000,2" yaku="0,1,7,1,24,2,52,2,54,1" doraHai="122" who="1" fromWho="1" sc="232,-30,134,120,369,-30,265,-60" owari="202,-30.0,254,5.0,339,44.0,205,-19.0" /></mjloggm>