<mjloggm ver="2.3"><GO type="97" lobby="0"/><UN n0="%E3%81%98%E3%81%BE%E3%81%AE%E3%82%8A" n1="%E5%B0%B1%E6%B4%BB%E7%94%9F%40%E5%B7%9D%E6%9D%91%E8%BB%8D%E5%9B%A3" n2="%4E%47%40%34%35" n3="%E3%83%AA%E3%83%9D%E3%83%87%E3%82%A3" dan="15,14,14,14" rate="1934.76,2010.57,1875.55,1941.31" sx="M,M,M,M"/><TAIKYOKU oya="0"/><INIT seed="0,0,0,4,0,100" ten="250,250,250,250" oya="0" hai0="83,60,102,1,133,27,51,86,120,118,106,111,43" hai1="15,128,10,96,11,30,52,53,98,132,23,99,17" hai2="66,8,12,55,107,34,46,88,50,31,129,77,65" hai3="0,38,79,35,70,121,16,67,75,127,81,36,7"/><T29/><D118/><U104/><E128/><V112/><F77/><W113/><G113/><T117/><D117/><U6/><E132/><V26/><F112/><W63/><G127/><T48/><D120/><U28/><E104/><V84/><F107/><W47/><G121/><T101/><D1/><U114/><E114/><V57/><F57/><W92/><G92/><T44/><D102/><U125/><E125/><V68/><F129/><W24/><G47/><T110/><D133/><U20/><E11/><V135/><F68/><W87/><G87/><T80/><D60/><U40/><E40/><V39/><F39/><W37/><G16/><T13/><D13/><U9/><E9/><V62/><F62/><W32/><G24/><T90/><D80/><U105/><E105/><V73/><F73/><W95/><G95/><T21/><REACH who="0" step="1"/><D48/><REACH who="0" ten="240,250,250,250" step="2"/><U97/><N who="1" m="25088" /><DORA hai="33" /><U89/><E89/><V103/><F103/><W45/><G37/><T41/><D41/><U91/><E91/><V56/><F135/><W108/><G36/><T18/><D18/><U123/><E123/><V19/><F46/><W54/><G38/><T109/><D109/><U93/><E93/><AGARI ba="0,1" hai="8,12,19,26,31,34,50,55,56,65,66,84,88,93" machi="93" ten="30,2000,0" yaku="7,1,54,1" doraHai="100,33" who="2" fromWho="1" sc="240,0,250,-20,250,30,250,0" /><INIT seed="1,0,0,1,2,122" ten="240,230,280,250" oya="1" hai0="78,125,36,47,24,119,30,79,17,12,77,63,100" hai1="27,48,107,111,130,26,62,84,87,96,86,34,10" hai2="80,58,128,9,103,91,45,28,71,67,75,41,39" hai3="52,2,134,131,68,97,35,109,82,51,88,98,6"/><U76/><E76/><V104/><F128/><W120/><G120/><T1/><D119/><U123/><E123/><V135/><F9/><W73/><G35/><T3/><D125/><U33/><E130/><V101/><F135/><W54/><G131/><T74/><D100/><U70/><E10/><V94/><F28/><W121/><G121/><T46/><D74/><U20/><E48/><V5/><F5/><W93/><G68/><T4/><D63/><U16/><E111/><V129/><F71/><W14/><G2/><T42/><D46/><U115/><E115/><V95/><F95/><W43/><G109/><T108/><D108/><U56/><E70/><V23/><F23/><W37/><G37/><T32/><REACH who="0" step="1"/><D4/><REACH who="0" ten="230,230,280,250" step="2"/><U49/><E49/><N who="2" m="26799" /><F129/><W64/><G134/><T124/><D124/><U112/><E112/><V40/><F39/><W61/><G6/><T113/><D113/><U66/><REACH who="1" step="1"/><E26/><REACH who="1" ten="230,220,280,250" step="2"/><V55/><F75/><W92/><G73/><T110/><D110/><U85/><N who="1" m="22016" /><DORA hai="65" /><U127/><E127/><V50/><F50/><W11/><G51/><T89/><D89/><U13/><E13/><V106/><F91/><W22/><G14/><T25/><D25/><U0/><E0/><V133/><F133/><W8/><G88/><T116/><D116/><U21/><E21/><AGARI ba="0,2" hai="1,3,12,17,21,24,30,32,36,42,47,77,78,79" machi="21" ten="40,1300,0" yaku="1,1,53,0" doraHai="122,65" doraHaiUra="114,57" who="0" fromWho="1" sc="230,33,220,-13,280,0,250,0" /><INIT seed="2,0,0,3,4,110" ten="263,207,280,250" oya="2" hai0="24,102,100,40,11,133,127,108,41,107,5,21,17" hai1="95,99,124,67,75,91,125,6,77,104,71,120,70" hai2="68,85,26,25,103,89,79,118,90,88,58,53,82" hai3="28,4,65,112,123,46,131,14,39,81,66,30,12"/><V61/><F68/><W64/><G123/><T93/><D108/><U98/><E6/><V132/><F118/><W106/><G106/><T33/><D127/><N who="1" m="48715" /><E67/><V121/><F121/><W31/><G131/><T43/><D133/><U36/><E36/><V1/><F1/><W122/><G122/><T9/><D107/><U29/><E29/><V74/><F74/><W134/><G134/><T19/><D33/><U111/><E111/><V38/><F38/><W69/><G69/><N who="1" m="26122" /><E120/><V83/><F83/><W87/><G4/><T96/><D100/><N who="1" m="62487" /><E77/><V3/><F3/><W49/><G39/><T115/><D5/><U55/><E55/><V105/><F132/><W119/><G119/><T94/><D94/><U34/><E34/><V7/><F7/><W129/><G31/><T113/><REACH who="0" step="1"/><D17/><REACH who="0" ten="253,207,280,250" step="2"/><U44/><E75/><V63/><F105/><W73/><G73/><T84/><D84/><U60/><E60/><N who="2" m="23115" /><F103/><W128/><G87/><T117/><D117/><U42/><E95/><V97/><F97/><W59/><G128/><T27/><D27/><U20/><E99/><V22/><F26/><W23/><G129/><T18/><D18/><U50/><E20/><V2/><F25/><W13/><G23/><T109/><D109/><U8/><E8/><AGARI ba="0,1" hai="8,9,11,19,21,24,40,41,43,93,96,102,113,115" machi="8" ten="40,5200,0" yaku="1,1,52,2,53,0" doraHai="110" doraHaiUra="10" who="0" fromWho="1" sc="253,62,207,-52,280,0,250,0" /><INIT seed="3,0,0,4,4,61" ten="315,155,280,250" oya="3" hai0="72,1,88,94,67,121,90,35,89,92,52,70,118" hai1="53,14,39,45,106,19,114,2,34,44,119,7,107" hai2="11,3,15,111,133,96,38,4,130,51,66,30,47" hai3="112,20,93,41,132,71,98,40,80,13,57,82,43"/><W86/><G112/><T5/><D118/><U68/><E119/><V49/><F66/><W83/><G71/><T129/><D121/><U25/><E114/><V22/><F111/><W127/><G127/><T8/><D72/><U97/><E68/><V60/><F133/><W115/><G115/><T87/><D35/><U74/><E74/><V56/><F130/><W110/><G132/><T21/><D129/><U91/><E39/><V116/><F116/><W102/><G110/><T81/><D21/><U16/><E106/><V103/><F38/><W117/><G117/><T75/><D75/><U120/><E120/><V32/><F47/><W64/><G86/><T78/><D52/><U28/><E19/><V99/><F99/><W95/><G95/><T122/><D122/><U126/><E126/><V113/><F113/><W77/><G77/><T63/><AGARI ba="0,0" hai="1,5,8,63,67,70,78,81,87,88,89,90,92,94" machi="63" ten="30,4000,0" yaku="0,1,52,1,54,1" doraHai="61" who="0" fromWho="0" sc="315,40,155,-10,280,-10,250,-20" owari="355,45.0,145,-35.0,270,7.0,230,-17.0" /></mjloggm>