<mjloggm ver="2.3"><GO type="41" lobby="0"/><UN n0="%E6%A5%B5%E9%99%90%E7%8A%B6%E6%85%8B" n1="%58%E7%8C%AB" n2="%E9%BA%BB%E9%9B%80%E4%B9%9D%E7%B4%9A" n3="%E5%B0%B1%E6%B4%BB%E7%94%9F%40%E5%B7%9D%E6%9D%91%E8%BB%8D%E5%9B%A3" dan="13,15,15,15" rate="1808.94,2011.31,1970.72,1988.69" sx="M,M,M,M"/><TAIKYOKU oya="0"/><INIT seed="0,0,0,1,4,55" ten="250,250,250,250" oya="0" hai0="64,38,93,3,63,68,61,118,104,82,41,39,36" hai1="79,11,121,29,71,88,45,134,58,107,23,119,20" hai2="84,89,128,115,22,110,31,13,102,129,14,127,35" hai3="1,25,10,122,4,52,69,70,16,105,53,44,30"/><T8/><D118/><U7/><E119/><V37/><F115/><W78/><G122/><T49/><D104/><U85/><E121/><V12/><F37/><W90/><G105/><T67/><D93/><U75/><E71/><V9/><F102/><W74/><G90/><T101/><D101/><U81/><E134/><V87/><F87/><W60/><G53/><T33/><D33/><U42/><E107/><V32/><F84/><W124/><G124/><T131/><D131/><N who="2" m="50250" /><F89/><W54/><G54/><T112/><D112/><U24/><E58/><V86/><F86/><W47/><G47/><T120/><D120/><U130/><E130/><V46/><F46/><W99/><G99/><T66/><D82/><U114/><E114/><V91/><F91/><W126/><G126/><T27/><D27/><U73/><E23/><V83/><F83/><W135/><G135/><T21/><D21/><U98/><E98/><V5/><F127/><W26/><G78/><T94/><D94/><U59/><E59/><V62/><F62/><N who="0" m="23562" /><D8/><U108/><E108/><V97/><F110/><W6/><G74/><T100/><D100/><U18/><E29/><V19/><F97/><W103/><G103/><T76/><D76/><U48/><REACH who="1" step="1"/><E79/><REACH who="1" ten="250,240,250,250" step="2"/><V56/><F56/><W28/><G70/><T117/><D117/><U2/><AGARI ba="0,1" hai="2,7,11,18,20,24,42,45,48,73,75,81,85,88" machi="2" ten="20,8000,1" yaku="1,1,2,1,0,1,7,1,54,1,53,0" doraHai="55" doraHaiUra="111" who="1" fromWho="1" sc="250,-40,240,90,250,-20,250,-20" /><INIT seed="1,0,0,1,3,78" ten="210,330,230,230" oya="1" hai0="93,87,99,47,111,14,48,36,37,29,41,109,40" hai1="32,100,23,33,130,42,50,25,84,4,132,122,66" hai2="7,51,19,89,9,77,105,106,11,39,120,104,55" hai3="118,114,74,2,56,52,43,94,65,60,28,86,91"/><U110/><E122/><V95/><F39/><W128/><G114/><T112/><D112/><U1/><E66/><V113/><F113/><W121/><G121/><T119/><D119/><U115/><E115/><V79/><F120/><W8/><G74/><T64/><D64/><U16/><E130/><V131/><F131/><W27/><G128/><T88/><D29/><U59/><E132/><V76/><F19/><W17/><G118/><T18/><D41/><U124/><E124/><V62/><F62/><W92/><G43/><T30/><D30/><U49/><E100/><V45/><REACH who="2" step="1"/><F7/><REACH who="2" ten="210,330,220,230" step="2"/><W0/><G65/><T6/><D6/><U69/><E110/><V22/><F22/><W123/><G123/><T31/><D31/><U72/><E33/><V61/><F61/><W116/><G116/><T83/><D111/><U125/><E32/><V21/><F21/><W90/><G28/><T135/><D109/><U81/><E50/><V70/><F70/><W117/><G117/><T3/><D135/><U82/><E69/><V75/><F75/><W15/><REACH who="3" step="1"/><G27/><REACH who="3" ten="210,330,220,220" step="2"/><T103/><REACH who="0" step="1"/><D3/><REACH who="0" ten="200,330,220,220" step="2"/><U73/><E1/><V54/><F54/><W80/><G80/><T34/><D34/><U133/><E82/><V67/><F67/><W129/><G129/><T13/><D13/><U68/><E25/><V57/><F57/><W10/><G10/><AGARI ba="0,3" hai="10,14,18,36,37,40,47,48,83,87,88,93,99,103" machi="10" ten="30,7700,0" yaku="1,1,7,1,52,1,54,1,53,0" doraHai="78" doraHaiUra="58" who="0" fromWho="3" sc="200,107,330,0,220,0,220,-77" /><INIT seed="2,0,0,1,4,125" ten="307,330,220,143" oya="2" hai0="21,22,71,4,122,104,97,81,7,23,59,30,39" hai1="51,48,72,75,134,85,33,63,120,84,26,29,58" hai2="57,0,127,74,64,1,98,107,25,131,9,121,46" hai3="68,117,14,82,124,78,47,32,35,52,95,88,105"/><V101/><F127/><W79/><G105/><T27/><D71/><U116/><E116/><V132/><F121/><W38/><G117/><T109/><D122/><U91/><E120/><V129/><F74/><W41/><G68/><T99/><D39/><U86/><E134/><V16/><F132/><W40/><G124/><T93/><D109/><U56/><E91/><V77/><F77/><W19/><G41/><T76/><D104/><U12/><E12/><N who="2" m="7183" /><F46/><W119/><G119/><T135/><D135/><U44/><E51/><V53/><F25/><W66/><G66/><T94/><D59/><U65/><REACH who="1" step="1"/><E58/><REACH who="1" ten="307,320,220,143" step="2"/><V54/><F57/><W49/><G79/><T15/><D76/><U11/><E11/><V5/><F64/><W118/><G118/><T3/><D27/><U83/><E83/><V100/><F101/><W24/><G82/><T114/><D81/><U113/><E113/><V6/><F0/><W103/><G78/><T18/><D114/><U67/><E67/><V10/><F5/><W108/><G103/><T110/><D3/><U31/><E31/><V20/><F1/><W34/><G108/><T8/><D30/><U45/><E45/><V115/><F6/><W60/><G38/><T133/><D110/><U62/><E62/><V80/><F10/><N who="3" m="6615" /><G60/><T126/><D133/><U87/><N who="1" m="22016" /><DORA hai="90" /><U111/><E111/><V69/><F80/><W130/><G47/><T89/><D126/><U112/><E112/><V92/><F115/><W96/><G49/><T123/><D123/><U70/><E70/><V2/><F69/><W36/><G36/><T17/><D4/><RYUUKYOKU ba="0,1" sc="307,15,320,15,220,-15,143,-15" hai0="7,8,15,17,18,21,22,23,89,93,94,97,99" hai1="26,29,33,44,48,56,63,65,72,75" /><INIT seed="3,1,1,3,4,79" ten="322,335,205,128" oya="3" hai0="52,131,58,59,98,117,94,133,111,87,96,7,80" hai1="17,75,89,13,69,88,93,81,10,77,18,71,90" hai2="56,103,128,123,99,16,130,27,73,50,43,70,41" hai3="109,105,106,61,121,14,62,127,68,47,28,110,108"/><W3/><G3/><T132/><D111/><U124/><E124/><V20/><F70/><W21/><G121/><T25/><D117/><U100/><E100/><V55/><F73/><W135/><G127/><T129/><D7/><U48/><E93/><V42/><REACH who="2" step="1"/><F123/><REACH who="2" ten="322,335,195,128" step="2"/><W104/><G135/><T31/><D133/><U33/><E71/><V0/><F0/><W125/><G68/><T76/><D132/><U40/><E69/><V91/><F91/><W38/><G125/><T74/><D74/><U63/><E75/><V113/><F113/><W8/><G21/><T6/><D129/><U116/><E33/><V4/><F4/><W120/><G120/><T84/><D131/><U86/><E116/><V35/><F35/><W67/><G67/><T66/><D66/><U34/><E34/><V11/><F11/><W53/><G28/><T102/><D6/><U46/><E63/><V107/><AGARI ba="1,2" hai="16,20,27,41,42,43,50,55,56,99,103,107,128,130" machi="107" ten="30,7900,0" yaku="1,1,0,1,54,1,53,1" doraHai="79" doraHaiUra="49" who="2" fromWho="2" sc="322,-21,335,-21,195,102,128,-40" /><INIT seed="4,0,0,3,2,103" ten="301,314,297,88" oya="0" hai0="90,4,86,11,13,122,104,133,94,6,121,37,53" hai1="14,115,30,48,81,108,44,16,72,20,36,34,47" hai2="43,105,21,89,2,67,42,18,125,69,134,102,12" hai3="10,135,127,56,73,8,35,88,92,57,131,61,19"/><T123/><D37/><U109/><E108/><V113/><F2/><W110/><G73/><T51/><D133/><U85/><E109/><V126/><F134/><W129/><G110/><T99/><D6/><U38/><E72/><V111/><F111/><W80/><G35/><T45/><REACH who="0" step="1"/><D123/><REACH who="0" ten="291,314,297,88" step="2"/><U132/><E132/><V39/><F39/><W76/><G135/><T33/><D33/><U26/><E115/><V93/><F113/><W25/><G131/><T79/><D79/><U7/><E7/><V15/><F126/><W46/><G129/><T55/><D55/><U124/><E124/><V54/><F125/><W107/><G127/><T5/><D5/><U17/><E38/><V114/><F54/><W119/><G76/><T120/><D120/><U106/><E36/><V95/><F114/><W112/><G119/><T97/><D97/><U75/><E34/><V74/><F42/><W62/><G112/><T98/><D98/><U0/><E0/><V91/><F43/><W100/><G8/><T118/><D118/><U117/><E117/><V128/><F128/><W50/><G10/><T77/><D77/><U23/><E20/><V63/><F21/><W22/><G22/><T71/><D71/><U70/><E70/><V24/><F69/><W96/><G96/><T31/><D31/><U52/><E30/><V60/><F67/><W58/><G19/><T28/><D28/><U29/><E17/><V9/><F18/><W68/><G68/><T130/><D130/><U83/><E29/><V66/><F66/><W49/><G62/><T64/><D64/><U65/><E65/><RYUUKYOKU ba="0,1" sc="291,30,314,-10,297,-10,88,-10" hai0="4,11,13,45,51,53,86,90,94,99,104,121,122" /><INIT seed="4,1,1,2,0,113" ten="321,304,287,78" oya="0" hai0="6,76,123,122,49,110,97,96,85,95,98,52,106" hai1="47,1,103,53,40,65,20,10,2,70,11,56,60" hai2="21,36,48,84,0,44,133,15,22,42,63,9,114" hai3="58,115,24,67,28,18,91,3,86,104,93,90,73"/><T101/><D6/><U30/><E103/><V99/><F114/><W59/><G115/><T34/><D34/><U66/><E66/><V131/><F0/><W112/><G112/><T61/><D61/><U26/><E2/><V23/><F133/><W75/><G104/><T5/><D5/><U119/><E1/><V92/><F131/><W19/><G3/><T62/><D62/><U12/><E119/><V111/><F111/><W27/><G86/><T79/><D110/><U7/><E11/><V50/><F84/><W64/><REACH who="3" step="1"/><G93/><REACH who="3" ten="321,304,287,68" step="2"/><T132/><D132/><U41/><E47/><V89/><F44/><W14/><G14/><T29/><D85/><U71/><E71/><V37/><F15/><W81/><G81/><T32/><D106/><U102/><E102/><V116/><F92/><W33/><G33/><T74/><D101/><U128/><E128/><V130/><F130/><W124/><G124/><T4/><D95/><U78/><E78/><V118/><F116/><W51/><G51/><AGARI ba="1,2" hai="7,10,12,20,26,30,40,41,51,53,56,60,65,70" machi="51" ten="30,1000,0" yaku="7,1" doraHai="113" who="1" fromWho="3" sc="321,0,304,33,287,0,68,-13" /><INIT seed="5,0,0,5,3,130" ten="321,337,287,55" oya="1" hai0="28,106,82,65,73,86,77,107,48,21,19,117,108" hai1="71,127,113,69,53,30,79,83,51,126,5,131,94" hai2="109,49,67,66,80,31,114,89,88,133,135,92,81" hai3="12,24,52,68,85,35,98,129,37,7,2,76,1"/><U27/><E131/><V0/><F109/><W43/><G129/><T17/><D108/><U32/><E5/><V18/><F0/><W33/><G68/><T40/><D117/><U3/><E3/><V121/><F121/><W118/><G118/><T103/><D65/><N who="2" m="24586" /><F31/><W105/><G43/><T8/><D8/><U124/><E94/><V20/><F49/><W119/><G37/><T23/><D73/><U11/><E11/><V25/><F114/><W74/><G74/><T96/><D107/><U87/><REACH who="1" step="1"/><E113/><REACH who="1" ten="321,327,287,55" step="2"/><V115/><F115/><W78/><G7/><T91/><D106/><U44/><AGARI ba="0,1" hai="27,30,32,44,51,53,69,71,79,83,87,124,126,127" machi="44" ten="30,18000,2" yaku="1,1,2,1,0,1,18,1,53,3" doraHai="130" doraHaiUra="132" who="1" fromWho="1" sc="321,-60,327,190,287,-60,55,-60" owari="261,6.0,517,62.0,227,-17.0,-5,-51.0" /></mjloggm>