<mjloggm ver="2.3"><GO type="97" lobby="0"/><UN n0="%E7%B4%94%E3%83%81%E3%83%A3%E3%83%B3%E5%B0%8F%E5%83%A7" n1="%66%63%6C%6F%74%68" n2="%E3%82%A2%E3%82%B3%E3%82%B9" n3="%E5%B0%B1%E6%B4%BB%E7%94%9F%40%E5%B7%9D%E6%9D%91%E8%BB%8D%E5%9B%A3" dan="15,14,15,14" rate="2029.14,1908.52,1998.11,1926.99" sx="M,M,F,M"/><TAIKYOKU oya="0"/><INIT seed="0,0,0,4,4,39" ten="250,250,250,250" oya="0" hai0="120,125,50,117,101,4,93,44,0,58,96,38,128" hai1="45,70,105,55,42,47,14,65,34,23,131,68,87" hai2="115,134,123,71,88,129,46,64,80,11,85,51,53" hai3="119,124,63,28,103,135,89,12,107,37,98,100,110"/><T15/><D120/><U91/><E34/><V116/><F123/><W61/><G119/><T102/><D117/><U16/><E105/><V33/><F116/><W82/><G37/><T109/><D109/><U26/><E131/><V106/><F115/><W111/><G103/><T25/><D128/><U56/><E65/><V20/><F33/><W78/><G135/><T19/><D125/><U132/><E132/><V21/><F129/><W118/><G118/><T73/><D73/><U7/><E68/><V130/><F106/><W86/><G124/><T113/><D113/><U69/><E69/><V122/><F134/><W66/><G28/><T57/><D38/><U84/><E70/><V99/><F130/><W83/><G12/><T133/><D101/><U22/><E42/><V76/><F122/><W24/><G24/><T112/><D112/><U127/><E127/><V8/><F8/><W97/><G66/><T95/><D95/><N who="1" m="54759" /><E87/><V67/><F99/><W43/><G43/><N who="0" m="24863" /><D0/><U74/><E74/><V62/><F67/><W48/><G48/><T35/><D35/><U10/><E23/><V75/><REACH who="2" step="1"/><F11/><REACH who="2" ten="250,250,240,250" step="2"/><W52/><G98/><T40/><D133/><U114/><E114/><V32/><F32/><W104/><G104/><T81/><D96/><U49/><AGARI ba="0,1" hai="7,10,14,16,22,26,45,47,49,55,56" m="54759" machi="49" ten="30,2000,0" yaku="8,1,54,1" doraHai="39" who="1" fromWho="1" sc="250,-10,250,30,240,-5,250,-5" /><INIT seed="1,0,0,1,5,43" ten="240,280,235,245" oya="1" hai0="35,102,77,72,80,74,98,97,67,133,100,1,95" hai1="63,25,59,84,113,10,36,122,23,19,135,51,128" hai2="69,31,126,2,93,5,101,111,8,11,12,86,132" hai3="22,47,83,76,108,90,130,33,88,129,127,112,92"/><U53/><E122/><V9/><F69/><W7/><G33/><T16/><D1/><U27/><E36/><V99/><F111/><W50/><G112/><T46/><D35/><U62/><E135/><V115/><F132/><W82/><G108/><T73/><D133/><U40/><E128/><N who="3" m="49258" /><G127/><T116/><D67/><N who="1" m="39391" /><E40/><V48/><F115/><W96/><G7/><T66/><D66/><U54/><E113/><V65/><F126/><W41/><G22/><T81/><D116/><U70/><E70/><V18/><F65/><W17/><G17/><T75/><D46/><N who="1" m="27895" /><E84/><V55/><F86/><N who="3" m="48455" /><G83/><N who="0" m="45479" /><D16/><N who="1" m="12519" /><E10/><V61/><F31/><W68/><G68/><T106/><AGARI ba="0,0" hai="73,74,75,80,81,95,97,98,100,102,106" m="45479" machi="106" ten="30,8000,1" yaku="35,5" doraHai="43" who="0" fromWho="0" sc="240,80,280,-40,235,-20,245,-20" /><INIT seed="2,0,0,1,1,114" ten="320,240,215,225" oya="2" hai0="52,80,1,133,117,23,118,83,120,112,119,73,106" hai1="24,11,18,22,45,128,8,121,51,132,5,33,101" hai2="100,91,109,90,41,19,107,38,105,99,10,61,82" hai3="78,96,63,65,95,72,69,126,88,27,50,60,110"/><V43/><F38/><W115/><G115/><T70/><D1/><U3/><E121/><V86/><F61/><W25/><G126/><T127/><D112/><U42/><E132/><V135/><F135/><W36/><G36/><T12/><D120/><U67/><E128/><V77/><F109/><W46/><G110/><T92/><D127/><U122/><E122/><V66/><F66/><W30/><G63/><T4/><D106/><U124/><E124/><V16/><F105/><W40/><REACH who="3" step="1"/><G30/><REACH who="3" ten="320,240,215,215" step="2"/><T37/><D37/><U111/><E111/><V48/><F19/><W17/><G17/><T131/><D133/><U20/><E67/><V76/><F76/><W53/><G53/><T55/><D131/><U49/><E11/><V57/><F43/><W44/><G44/><T102/><D52/><U71/><E42/><V32/><F32/><W62/><G62/><T29/><D55/><U47/><E33/><V81/><F41/><W58/><G58/><T97/><D29/><N who="1" m="17543" /><E71/><V56/><F48/><W15/><G15/><T68/><D12/><N who="1" m="9543" /><E49/><V74/><REACH who="2" step="1"/><F91/><REACH who="2" ten="320,240,205,215" step="2"/><W116/><G116/><T14/><D119/><U28/><E51/><V54/><F54/><W2/><G2/><T34/><D118/><U79/><E28/><V35/><F35/><W85/><G85/><T93/><D34/><U113/><E113/><V13/><AGARI ba="0,2" hai="10,13,16,56,57,74,77,81,82,86,90,99,100,107" machi="13" ten="30,11700,0" yaku="1,1,0,1,54,1,53,1" doraHai="114" doraHaiUra="104" who="2" fromWho="2" sc="320,-39,240,-39,205,137,215,-39" /><INIT seed="2,1,0,1,0,126" ten="281,201,342,176" oya="2" hai0="44,38,53,87,92,122,93,59,48,94,19,54,79" hai1="134,67,22,70,12,108,80,96,20,47,56,125,6" hai2="23,63,62,35,66,95,130,51,90,121,109,46,102" hai3="68,57,74,89,3,28,124,4,33,84,40,49,81"/><V120/><F35/><W128/><G124/><T132/><D122/><U111/><E125/><V117/><F117/><W103/><G68/><T11/><D132/><U8/><E70/><V98/><F23/><W127/><G127/><T37/><D38/><U52/><E134/><V14/><F14/><W41/><G103/><T76/><D37/><U71/><E71/><V91/><F63/><W106/><G106/><T10/><D87/><U18/><E96/><V110/><F130/><W1/><G74/><T100/><D100/><U78/><E47/><V133/><F133/><W82/><G33/><T118/><D118/><U131/><E67/><V24/><F24/><W7/><G28/><T61/><D11/><U112/><E131/><V129/><F129/><W29/><G29/><T135/><D135/><U77/><E20/><V115/><F62/><W36/><G36/><T13/><AGARI ba="1,0" hai="10,13,19,44,48,53,54,59,61,76,79,92,93,94" machi="13" ten="30,2000,0" yaku="0,1,8,1" doraHai="126" who="0" fromWho="0" sc="281,23,201,-6,342,-11,176,-6" /><INIT seed="3,0,0,0,2,29" ten="304,195,331,170" oya="3" hai0="1,122,34,44,103,45,99,109,74,14,84,57,25" hai1="33,35,42,66,97,102,10,30,9,110,21,119,127" hai2="69,86,48,89,91,18,90,47,43,46,105,15,124" hai3="77,20,128,31,49,60,3,75,115,108,59,120,76"/><W113/><G120/><T123/><D74/><U0/><E110/><V26/><F105/><W23/><G3/><T11/><D1/><U106/><E42/><V16/><F69/><W98/><G108/><T88/><D109/><U13/><E0/><V130/><F130/><W71/><G71/><T39/><D57/><U38/><E38/><V134/><F134/><W82/><G128/><T2/><D2/><U125/><E119/><V22/><F46/><W135/><G135/><T101/><D101/><U78/><E78/><V116/><F124/><N who="1" m="47689" /><E66/><V95/><F116/><W8/><G77/><T27/><D27/><N who="1" m="16751" /><E10/><AGARI ba="0,0" hai="10,15,16,18,22,26,43,47,48,86,89,90,91,95" machi="10" ten="30,3900,0" yaku="7,1,8,1,54,1" doraHai="29" who="2" fromWho="1" sc="304,0,195,-39,331,39,170,0" owari="304,10.0,156,-34.0,370,47.0,170,-23.0" /></mjloggm>