<mjloggm ver="2.3"><GO type="169" lobby="0"/><UN n0="%EF%BC%91%EF%BC%93%EF%BC%91%EF%BC%90" n1="%E3%82%A6%E3%83%AB%E3%83%88%E3%83%A9%E7%AB%8B%E7%9B%B4" n2="%6B%77%5F%67%69%66%75" n3="%78%74%79%72%61%6E%74%78" dan="16,17,16,16" rate="2087.58,2153.47,2040.93,2054.71" sx="F,M,M,M"/><TAIKYOKU oya="0"/><INIT seed="0,0,0,4,5,19" ten="250,250,250,250" oya="0" hai0="33,126,123,70,114,118,56,77,43,135,40,44,105" hai1="120,64,21,122,113,108,63,24,6,8,29,10,22" hai2="18,28,89,72,55,79,2,67,60,71,50,12,51" hai3="76,86,57,133,92,25,81,110,104,90,58,49,103"/><T115/><D77/><U65/><E65/><V101/><F2/><W93/><G110/><T84/><D84/><U5/><E64/><V38/><F38/><W59/><G133/><T9/><D9/><N who="1" m="3691" /><E63/><V23/><F101/><W66/><G93/><T106/><D123/><N who="1" m="47147" /><E108/><V14/><F14/><W34/><G34/><T88/><D135/><U125/><E113/><V85/><F28/><W16/><G103/><T20/><D118/><U53/><E53/><V128/><F128/><W130/><G104/><T42/><D33/><N who="1" m="20647" /><E125/><V119/><F119/><W62/><G49/><T132/><D126/><U98/><E98/><V7/><F55/><W127/><G130/><T1/><D88/><U46/><E46/><V37/><F37/><W80/><G127/><T15/><D70/><U4/><AGARI ba="0,0" hai="4,5,6,21,22" m="20647,47147,3691" machi="4" ten="40,8000,1" yaku="34,2,52,2" doraHai="19" who="1" fromWho="1" sc="250,-40,250,80,250,-20,250,-20" /><INIT seed="1,0,0,3,2,23" ten="210,330,230,230" oya="1" hai0="92,79,55,123,98,60,52,67,73,129,8,56,18" hai1="53,94,1,47,87,59,51,6,58,91,61,13,116" hai2="106,133,9,27,7,64,125,50,89,21,100,132,4" hai3="3,101,122,45,70,24,99,20,104,71,107,33,90"/><U112/><E112/><V75/><F75/><W88/><G122/><T78/><D123/><U12/><E116/><V35/><F35/><W103/><G3/><T130/><D73/><U108/><E108/><V29/><F125/><W36/><G33/><T49/><D55/><U127/><E127/><V48/><F64/><W113/><G113/><T66/><D66/><U16/><E1/><V115/><F115/><W114/><G114/><T109/><D109/><U0/><E0/><V44/><F89/><W43/><G70/><T72/><D72/><U119/><E119/><V97/><F48/><W111/><G71/><T80/><D80/><U110/><E110/><V2/><REACH who="2" step="1"/><F7/><REACH who="2" ten="210,330,220,230" step="2"/><W42/><G111/><T10/><D130/><U62/><E61/><V93/><F93/><W68/><G90/><T102/><D129/><U54/><E6/><V117/><F117/><W57/><G88/><T31/><D49/><U65/><E65/><V41/><AGARI ba="0,1" hai="2,4,9,21,27,29,41,44,50,97,100,106,132,133" machi="41" ten="30,4000,0" yaku="1,1,0,1,52,1,53,0" doraHai="23" doraHaiUra="15" who="2" fromWho="2" sc="210,-10,330,-20,220,50,230,-10" /><INIT seed="2,0,0,5,4,37" ten="200,310,270,220" oya="2" hai0="103,127,72,56,122,50,119,132,120,20,90,77,59" hai1="94,43,8,55,91,131,75,61,100,46,33,66,96" hai2="60,135,19,85,76,68,117,84,106,111,35,24,65" hai3="16,3,82,58,36,5,31,133,98,116,47,92,107"/><V0/><F117/><W89/><G116/><T44/><D119/><U17/><E33/><V78/><F0/><W109/><G107/><T4/><D132/><U15/><E75/><V49/><F135/><W128/><G133/><T41/><D127/><U73/><E73/><V51/><F106/><W67/><G31/><T121/><D103/><U53/><E131/><V108/><F78/><W1/><G128/><T26/><D4/><U54/><E100/><V28/><F19/><W70/><G70/><T74/><D90/><U79/><E79/><V115/><F115/><W113/><G113/><T99/><D99/><U114/><E114/><V123/><F123/><W57/><G82/><T87/><D87/><N who="2" m="33354" /><F76/><W130/><G130/><T30/><REACH who="0" step="1"/><D74/><REACH who="0" ten="190,310,270,220" step="2"/><U52/><N who="1" m="13312" /><DORA hai="69" /><U34/><E96/><V124/><F124/><W88/><G98/><T48/><D48/><U29/><E91/><V129/><F129/><W10/><G89/><T2/><D2/><U45/><E94/><V110/><AGARI ba="0,1" hai="24,28,35,49,51,60,65,68,108,110,111" m="33354" machi="110" ten="40,3900,0" yaku="14,1,10,1" doraHai="37,69" who="2" fromWho="2" sc="190,-13,310,-13,270,49,220,-13" /><INIT seed="2,1,0,2,4,2" ten="177,297,319,207" oya="2" hai0="127,133,108,61,45,94,79,132,87,102,37,121,91" hai1="34,6,104,29,53,123,85,60,15,77,4,106,55" hai2="52,35,114,86,126,5,100,11,19,131,99,42,36" hai3="27,66,50,14,12,103,65,122,44,128,74,51,107"/><V98/><F114/><W31/><G122/><T16/><D121/><U129/><E123/><V22/><F35/><W21/><G74/><T41/><D108/><U73/><E73/><V89/><F131/><W120/><G120/><T101/><D127/><U67/><E29/><V118/><F126/><W113/><G113/><T13/><D79/><U134/><E34/><V26/><F118/><W59/><G128/><T115/><D61/><U117/><E117/><V18/><F18/><W90/><G90/><T71/><D71/><U83/><E129/><V39/><F52/><N who="1" m="20041" /><E106/><V68/><F68/><W92/><G107/><T116/><D116/><U43/><E104/><V78/><F78/><W75/><G75/><T49/><D37/><U84/><E43/><V109/><F109/><W30/><G30/><T95/><D115/><U97/><E97/><V105/><F98/><W24/><G31/><T47/><D47/><U48/><E48/><V93/><REACH who="2" step="1"/><F42/><REACH who="2" ten="177,297,309,207" step="2"/><W62/><G27/><T135/><REACH who="0" step="1"/><D95/><REACH who="0" ten="167,297,309,207" step="2"/><U64/><E60/><V112/><F112/><W72/><G92/><T8/><AGARI ba="1,2" hai="8,13,16,41,45,49,87,91,94,101,102,132,133,135" machi="8" ten="30,12000,2" yaku="1,1,2,1,0,1,20,1,54,1,53,1" doraHai="2" doraHaiUra="10" who="0" fromWho="0" sc="167,143,297,-31,309,-61,207,-31" /><INIT seed="3,0,0,1,2,46" ten="310,266,248,176" oya="3" hai0="90,133,121,135,15,112,65,38,54,107,126,105,87" hai1="132,103,67,56,25,6,64,16,23,109,123,82,32" hai2="14,73,47,116,39,78,35,79,96,83,92,18,93" hai3="27,59,74,41,84,22,8,37,3,124,57,97,75"/><W52/><G124/><T63/><D38/><U29/><E109/><V43/><F35/><W42/><G97/><T101/><D121/><U108/><E108/><V110/><F110/><W77/><G74/><T17/><D126/><U11/><E123/><V114/><F114/><W129/><G75/><T85/><D54/><U113/><E113/><V58/><F79/><W86/><G129/><T0/><D0/><U51/><E103/><V50/><F116/><W10/><G3/><T106/><D101/><U24/><E82/><V128/><F128/><W55/><G37/><T60/><D60/><U19/><E19/><V34/><F34/><W76/><G22/><N who="0" m="11583" /><D90/><U115/><E115/><V36/><F58/><W66/><G27/><T70/><D112/><U1/><E132/><AGARI ba="0,0" hai="63,65,70,85,87,105,106,107,132,133,135" m="11583" machi="132" ten="40,1300,0" yaku="20,1" doraHai="46" who="0" fromWho="1" sc="310,13,266,-13,248,0,176,0" /><INIT seed="4,0,0,2,0,57" ten="323,253,248,176" oya="0" hai0="21,75,2,56,8,118,78,114,64,91,22,105,109" hai1="134,84,96,35,34,38,16,48,42,97,98,1,50" hai2="60,41,4,25,14,90,65,23,30,99,9,28,5" hai3="53,71,63,76,46,102,117,61,101,68,27,29,26"/><T116/><D114/><U106/><E1/><V31/><F41/><W18/><G117/><T58/><D105/><U119/><E106/><V37/><F37/><W10/><G76/><T112/><D112/><U59/><E119/><V83/><F4/><W62/><G68/><T131/><D131/><U44/><E134/><V70/><REACH who="2" step="1"/><F99/><REACH who="2" ten="323,253,238,176" step="2"/><W66/><G71/><T100/><D118/><U0/><E38/><V129/><F129/><W12/><G66/><T89/><D116/><U39/><E39/><V11/><F11/><W17/><G17/><T55/><D8/><U47/><E16/><V92/><F92/><W135/><G135/><T67/><D109/><U24/><E97/><V88/><F88/><W128/><G128/><T110/><D110/><U51/><E96/><V80/><F80/><W133/><G133/><T120/><D91/><U111/><E98/><V19/><F19/><W54/><G46/><T15/><D89/><U124/><E47/><V52/><F52/><N who="3" m="20075" /><G29/><T125/><D55/><U115/><E44/><V74/><F74/><W82/><G82/><T49/><D67/><U108/><E115/><V32/><F32/><W113/><G113/><T94/><D64/><U127/><E35/><V103/><F103/><AGARI ba="0,1" hai="10,12,18,26,27,61,62,63,101,102,103" m="20075" machi="103" ten="30,8000,1" yaku="8,1,52,3,54,1" doraHai="57" who="3" fromWho="2" sc="323,0,253,0,238,-80,176,90" /><INIT seed="5,0,0,5,0,88" ten="323,253,158,266" oya="1" hai0="14,3,57,83,69,52,50,84,109,10,115,34,95" hai1="11,123,117,124,75,0,79,7,106,94,16,76,26" hai2="8,90,32,135,127,28,81,18,78,54,64,33,60" hai3="13,44,111,4,132,122,70,47,31,6,67,23,110"/><U82/><E106/><V77/><F127/><W5/><G122/><T37/><D3/><U46/><E123/><V96/><F135/><W113/><G132/><T103/><D37/><U71/><E71/><V48/><F18/><W20/><G113/><T25/><D69/><U116/><E124/><V87/><F8/><W85/><G70/><T15/><D109/><U120/><E120/><V63/><F63/><W17/><G67/><T74/><D74/><U134/><E134/><V56/><F28/><W98/><G110/><T58/><D115/><U27/><E79/><V91/><F90/><W51/><G111/><T21/><D34/><U43/><E94/><V97/><F97/><W133/><G133/><T102/><D58/><U92/><E92/><V114/><F114/><W42/><G98/><N who="0" m="59743" /><D10/><U126/><E126/><V24/><F24/><N who="3" m="16799" /><G47/><T104/><D103/><U41/><E41/><V119/><F119/><W112/><G112/><T49/><D49/><U66/><E66/><V30/><F30/><W130/><G130/><T100/><D100/><U61/><E61/><V2/><F2/><W62/><G62/><T89/><D104/><U39/><E27/><V105/><F105/><W101/><G101/><T35/><D35/><N who="2" m="13386" /><F96/><W12/><G85/><T73/><D73/><U131/><E131/><V125/><F125/><W99/><G99/><T29/><AGARI ba="0,0" hai="14,15,21,25,29,50,52,57,83,84,89" m="59743" machi="29" ten="30,4000,0" yaku="8,1,52,1,54,1" doraHai="88" who="0" fromWho="0" sc="323,40,253,-20,158,-10,266,-10" /><INIT seed="6,0,0,0,4,48" ten="363,233,148,256" oya="2" hai0="52,15,53,88,2,69,55,12,44,116,120,3,23" hai1="110,9,58,90,18,73,108,77,20,66,34,38,118" hai2="75,79,93,71,33,74,99,45,82,4,42,31,121" hai3="84,40,83,119,132,133,131,8,64,107,103,5,59"/><V39/><F121/><W1/><G119/><T63/><D120/><U35/><E38/><V6/><F71/><W61/><G40/><T29/><D116/><U30/><E77/><V122/><F122/><W27/><G27/><N who="0" m="16639" /><D69/><U114/><E73/><V101/><REACH who="2" step="1"/><F75/><REACH who="2" ten="363,233,138,256" step="2"/><W62/><G133/><T76/><D2/><U21/><E118/><V85/><F85/><W124/><G132/><T46/><D3/><U105/><E110/><V37/><F37/><W49/><G131/><T129/><D129/><U102/><E108/><V94/><F94/><W111/><G111/><T43/><D43/><U24/><E105/><V125/><F125/><W10/><G107/><T113/><D113/><U32/><E114/><V50/><F50/><W57/><G49/><T17/><D63/><U86/><E86/><V95/><F95/><W117/><G61/><T78/><D44/><U70/><E70/><V7/><F7/><W97/><G62/><T115/><D46/><U92/><E92/><V11/><F11/><W96/><G8/><N who="0" m="6279" /><D115/><U60/><E9/><V130/><F130/><W41/><G10/><T19/><D78/><U106/><E60/><V13/><F13/><W25/><G1/><T54/><D76/><U91/><E66/><V67/><F67/><W123/><G64/><T109/><D109/><U87/><E87/><V98/><F98/><W128/><G84/><T68/><D68/><U0/><E0/><V134/><F134/><W89/><G123/><T16/><N who="0" m="13312" /><DORA hai="26" /><T112/><D112/><U126/><E106/><V28/><F28/><W104/><G117/><T72/><D15/><RYUUKYOKU ba="0,1" sc="363,-10,233,-10,138,30,256,-10" hai2="4,6,31,33,39,42,45,74,79,82,93,99,101" /><INIT seed="6,1,1,2,2,48" ten="353,223,168,246" oya="2" hai0="51,12,11,102,28,94,27,4,21,52,34,31,29" hai1="35,65,45,88,126,109,89,60,108,71,124,90,70" hai2="22,2,91,14,40,115,116,93,83,128,50,114,76" hai3="84,134,54,23,118,86,107,3,101,38,75,36,13"/><V18/><F2/><W55/><G118/><T72/><D72/><U66/><E35/><V0/><F0/><W49/><G3/><T26/><D102/><U64/><E45/><N who="2" m="25895" /><F128/><W105/><G75/><T73/><D73/><U103/><E103/><V39/><F116/><W15/><G49/><T53/><D94/><U104/><E104/><V46/><F46/><W9/><G101/><T99/><D99/><U17/><E17/><V133/><F133/><W6/><G23/><T80/><D80/><U59/><E59/><V47/><F47/><W122/><G9/><T44/><D31/><U74/><E74/><V57/><F57/><W24/><G24/><T61/><D61/><U131/><E131/><V63/><F63/><W56/><G56/><T95/><D95/><U58/><E58/><V33/><F33/><W79/><G134/><T111/><D111/><N who="1" m="42571" /><E60/><V106/><F106/><W127/><G6/><T87/><D87/><U19/><E19/><V30/><F30/><W7/><G7/><T119/><D119/><U123/><E123/><V1/><F1/><W112/><G122/><T32/><D34/><U97/><E97/><N who="2" m="57535" /><F39/><W62/><G62/><T117/><D117/><U82/><E82/><V77/><F83/><W92/><G92/><T113/><D29/><U121/><E121/><V43/><F43/><W68/><G79/><T85/><D32/><U129/><E129/><V25/><F25/><W81/><G81/><T96/><D27/><U78/><E78/><V20/><F20/><W125/><G68/><AGARI ba="1,1" hai="64,65,66,68,70,71,88,89,90,124,126" m="42571" machi="68" ten="40,5200,0" yaku="28,2,54,1" doraHai="48" who="1" fromWho="3" sc="353,0,223,65,168,0,246,-55" /><INIT seed="7,0,0,3,5,100" ten="353,288,168,191" oya="3" hai0="26,37,101,79,103,119,67,52,9,91,11,54,6" hai1="65,128,59,14,116,29,73,102,41,53,80,135,81" hai2="99,64,61,96,62,4,129,134,28,82,60,42,93" hai3="7,30,123,13,21,125,47,40,55,33,22,94,130"/><W39/><G123/><T83/><D91/><U76/><E128/><V84/><F129/><W36/><G130/><T50/><D37/><U87/><E135/><V86/><F134/><W92/><G39/><T25/><D67/><U109/><E41/><V68/><F4/><W90/><G125/><T49/><D83/><U107/><E29/><V70/><F28/><W69/><G69/><T16/><D79/><U45/><E45/><V15/><F42/><W71/><G71/><T117/><D16/><U3/><E3/><V51/><F15/><W85/><G55/><T57/><D57/><U133/><E65/><V72/><F72/><W24/><REACH who="3" step="1"/><G94/><REACH who="3" ten="353,288,168,181" step="2"/><T88/><D54/><U23/><E53/><V0/><F68/><W38/><G38/><T44/><D52/><U32/><E133/><V105/><F105/><W66/><G66/><T63/><D117/><U18/><E107/><V31/><F70/><W12/><G12/><T108/><D119/><U19/><E14/><V113/><F64/><W112/><G112/><T5/><D6/><U74/><E116/><V132/><F113/><W46/><G46/><T43/><D5/><U48/><E59/><V98/><F0/><W110/><G110/><T106/><D44/><U35/><E109/><V58/><F132/><W118/><G118/><T97/><D108/><U114/><E114/><V111/><F111/><W8/><BYE who="2" /><AGARI ba="0,1" hai="7,8,13,21,22,24,30,33,36,40,47,85,90,92" machi="8" ten="30,3000,0" yaku="1,1,0,1,53,0" doraHai="100" doraHaiUra="78" who="3" fromWho="3" sc="353,-10,288,-10,168,-10,181,40" /><INIT seed="7,1,0,1,3,9" ten="343,278,158,221" oya="3" hai0="25,29,130,83,95,4,122,113,47,65,41,71,119" hai1="114,33,48,93,10,44,92,16,124,56,77,67,1" hai2="133,74,27,121,105,22,32,107,17,39,127,99,108" hai3="112,54,88,46,90,60,69,109,2,81,34,49,31"/><W100/><G2/><T79/><D122/><U21/><E33/><V135/><F135/><W57/><G69/><T132/><D119/><U110/><E110/><V86/><F86/><W55/><G109/><T28/><D132/><U37/><E37/><V120/><F120/><W43/><G100/><T72/><D4/><U59/><E114/><V51/><F51/><W126/><G112/><T13/><D13/><N who="1" m="7223" /><E124/><V134/><F134/><W64/><G126/><T36/><D113/><U104/><E104/><V7/><F7/><W52/><REACH who="3" step="1"/><G81/><REACH who="3" ten="343,278,158,211" step="2"/><T96/><D83/><U82/><E1/><V97/><F97/><W24/><AGARI ba="1,1" hai="24,31,34,43,46,49,52,54,55,57,60,64,88,90" machi="24" ten="30,12000,1" yaku="1,1,2,1,0,1,54,2,53,0" doraHai="9" doraHaiUra="0" who="3" fromWho="3" sc="343,-41,278,-41,158,-41,211,133" owari="302,10.0,237,-16.0,117,-38.0,344,44.0" /></mjloggm>