<mjloggm ver="2.3"><GO type="169" lobby="0"/><UN n0="%74%61%74%73%75%37%30%32" n1="%E3%82%AA%E3%82%A2%E3%83%AA%E3%83%A0%E3%81%AE%E8%A9%A0%E5%94%B1" n2="%E3%83%80%E3%83%9C" n3="%E3%83%88%E3%83%88%E3%83%AA%E5%85%88%E7%94%9F%31%39%E6%AD%B3" dan="17,17,16,18" rate="2206.16,2195.10,2085.13,2276.29" sx="M,M,M,F"/><TAIKYOKU oya="0"/><INIT seed="0,0,0,0,0,1" ten="250,250,250,250" oya="0" hai0="108,13,117,107,59,97,79,118,115,72,37,54,31" hai1="81,122,12,70,60,55,28,56,69,87,110,65,5" hai2="96,2,25,17,50,114,95,80,68,99,135,6,38" hai3="125,20,16,61,127,71,26,49,121,112,109,77,27"/><T42/><D115/><U76/><E122/><V19/><F38/><W15/><G112/><T116/><D31/><U63/><E110/><V39/><F39/><W90/><G109/><T89/><D108/><U113/><E113/><V91/><F68/><W3/><G121/><T51/><D72/><U57/><REACH who="1" step="1"/><E28/><REACH who="1" ten="250,240,250,250" step="2"/><V132/><F114/><W18/><G127/><T130/><D130/><U62/><E62/><V29/><F135/><W9/><G125/><T4/><D79/><U82/><E82/><V43/><F132/><W123/><G123/><T74/><D74/><U45/><E45/><V66/><F80/><W126/><G126/><T23/><D37/><U133/><E133/><V73/><F73/><W24/><G77/><T129/><D129/><U44/><E44/><V21/><F50/><W83/><G49/><T58/><D42/><U111/><E111/><V119/><F43/><W128/><G128/><T53/><D118/><U40/><E40/><V41/><F41/><W88/><G83/><T134/><D134/><U100/><E100/><V48/><F48/><W92/><G90/><T14/><D117/><U93/><E93/><V35/><F119/><W7/><G61/><N who="0" m="36047" /><D116/><U84/><E84/><V101/><F101/><W22/><REACH who="3" step="1"/><G71/><REACH who="3" ten="250,240,250,240" step="2"/><T102/><D89/><U78/><E78/><V104/><F91/><W94/><G94/><T85/><D102/><U33/><E33/><V124/><F124/><W32/><G32/><T120/><D51/><U30/><E30/><V11/><F29/><W0/><G0/><T98/><D120/><U106/><E106/><V47/><F104/><RYUUKYOKU ba="0,2" sc="250,-15,240,15,250,-15,240,15" hai1="5,12,55,56,57,60,63,65,69,70,76,81,87" hai3="3,7,9,15,16,18,20,22,24,26,27,88,92" /><INIT seed="1,1,2,0,2,69" ten="235,255,235,255" oya="1" hai0="111,17,10,23,121,3,30,113,80,18,6,105,88" hai1="83,4,37,62,35,60,11,68,28,46,50,36,110" hai2="57,56,54,55,61,72,52,91,71,98,101,95,43" hai3="118,32,106,133,14,16,22,117,99,70,49,74,1"/><U127/><E127/><V129/><F72/><W100/><G70/><T78/><D111/><U79/><E110/><V123/><F123/><W89/><G32/><T120/><D105/><U85/><E28/><V108/><F108/><W73/><G1/><T9/><D113/><U97/><E35/><V125/><F125/><W59/><G133/><T77/><D10/><U92/><E68/><V102/><F129/><W7/><G7/><T114/><D114/><U122/><E122/><N who="0" m="47209" /><D30/><U31/><E31/><V76/><F76/><N who="0" m="29290" /><D23/><U19/><E19/><V33/><F33/><W82/><G89/><T96/><D96/><U58/><E11/><V24/><F24/><W47/><G59/><T0/><D0/><U103/><E4/><V27/><F27/><W90/><G90/><T40/><D40/><U44/><E44/><V86/><F43/><W25/><G25/><T41/><D41/><U135/><E135/><V116/><F116/><N who="3" m="44651" /><G82/><T126/><D126/><U93/><E93/><V131/><F71/><W51/><G47/><T132/><D132/><U53/><REACH who="1" step="1"/><E62/><REACH who="1" ten="235,245,235,255" step="2"/><V12/><F61/><W107/><G106/><T38/><D17/><U81/><E81/><V34/><F34/><W48/><AGARI ba="1,3" hai="14,16,22,48,49,51,73,74,99,100,107" m="44651" machi="48" ten="30,2000,0" yaku="12,1,54,1" doraHai="69" who="3" fromWho="3" sc="235,-6,245,-11,235,-6,255,53" /><INIT seed="2,0,0,4,4,95" ten="229,234,229,308" oya="2" hai0="122,59,86,14,82,35,132,134,94,45,103,81,131" hai1="21,105,4,115,20,109,106,70,39,118,112,126,0" hai2="117,55,111,74,99,52,2,128,51,68,30,23,104" hai3="85,92,96,75,64,54,67,29,5,22,58,49,36"/><V19/><F2/><W50/><G75/><T17/><D35/><U114/><E70/><V133/><F117/><W121/><G121/><T44/><D122/><U65/><E65/><V130/><F68/><W80/><G36/><T32/><D32/><U135/><E39/><V63/><F30/><W66/><G5/><T6/><D6/><U46/><E118/><V119/><F74/><W127/><G127/><T43/><D131/><N who="2" m="50218" /><F119/><W57/><G22/><T60/><D82/><U76/><E126/><V116/><F116/><W3/><G3/><T53/><D43/><U7/><E0/><V113/><F113/><W79/><G29/><T100/><D103/><U37/><E114/><V120/><F120/><W34/><G34/><T10/><D132/><U38/><E135/><V18/><F133/><W124/><G124/><T88/><REACH who="0" step="1"/><D134/><REACH who="0" ten="219,234,229,308" step="2"/><U25/><E112/><V110/><F111/><W97/><G92/><T11/><D11/><U26/><E109/><V27/><F110/><W108/><G108/><T15/><D15/><U72/><E115/><V84/><F27/><W83/><G83/><T101/><D101/><U91/><E26/><V40/><F40/><W16/><G80/><T90/><D90/><U107/><E25/><V69/><F23/><W129/><G129/><T28/><D28/><U31/><E31/><V78/><F78/><W123/><G123/><T93/><D93/><U24/><E24/><V77/><F77/><W13/><G13/><T87/><D87/><U48/><E76/><V71/><F84/><W61/><G85/><T62/><D62/><U98/><E72/><RYUUKYOKU ba="0,1" sc="219,30,234,-10,229,-10,308,-10" hai0="10,14,17,44,45,53,59,60,81,86,88,94,100" /><INIT seed="3,1,1,5,1,115" ten="249,224,219,298" oya="3" hai0="53,58,4,59,69,93,120,5,94,74,50,6,96" hai1="27,68,47,19,98,121,35,89,113,16,33,99,102" hai2="82,132,116,84,76,77,63,109,40,73,21,15,90" hai3="39,131,134,67,118,135,17,133,10,91,37,14,34"/><W125/><G34/><T32/><D120/><U88/><E121/><V8/><F109/><W85/><G67/><T56/><D69/><U31/><E68/><V124/><F124/><W111/><G125/><T80/><D32/><U81/><E113/><V126/><F126/><W7/><G111/><T13/><D74/><U45/><E81/><V51/><F21/><W122/><G122/><T117/><D117/><U71/><E71/><V24/><F24/><W29/><G29/><T103/><D80/><U110/><E110/><V26/><F26/><W107/><G107/><T22/><D94/><U97/><E102/><V43/><F63/><W66/><G131/><T2/><D2/><U83/><E83/><V70/><F70/><W86/><G66/><T130/><D130/><U23/><E35/><V1/><F1/><N who="3" m="367" /><G118/><T57/><D22/><U55/><E33/><V9/><F116/><W11/><G91/><N who="1" m="34890" /><E55/><V114/><F114/><W20/><G20/><T49/><REACH who="0" step="1"/><D50/><REACH who="0" ten="239,224,219,298" step="2"/><U28/><E28/><V62/><F51/><W42/><G39/><T41/><D41/><U30/><E30/><V64/><F43/><W78/><G78/><T12/><AGARI ba="1,2" hai="4,5,6,12,13,49,53,56,57,58,59,93,96,103" machi="12" ten="40,12000,2" yaku="1,1,0,1,8,1,53,3" doraHai="115" doraHaiUra="3" who="0" fromWho="0" sc="239,143,224,-31,219,-31,298,-61" /><INIT seed="4,0,0,3,0,19" ten="382,193,188,237" oya="0" hai0="60,26,50,91,56,95,34,70,21,37,99,65,122" hai1="130,84,25,1,52,13,10,7,14,90,85,4,49" hai2="0,133,24,36,109,51,78,87,42,29,108,93,41" hai3="121,76,125,123,77,116,59,45,117,96,128,20,115"/><T73/><D122/><N who="3" m="46601" /><G128/><T2/><D73/><U80/><E130/><V54/><F0/><W107/><G45/><T48/><D2/><U92/><E7/><V101/><F133/><W131/><G131/><T118/><D34/><U47/><REACH who="1" step="1"/><E25/><REACH who="1" ten="382,183,188,237" step="2"/><V57/><F108/><W111/><G111/><T113/><D118/><U39/><E39/><V68/><F109/><W124/><G116/><T40/><D113/><U53/><E53/><V55/><F36/><W126/><G115/><T110/><D110/><U44/><E44/><V134/><F55/><W94/><G117/><T132/><D132/><U74/><E74/><V8/><F134/><W17/><G107/><T38/><D37/><U119/><E119/><V112/><F112/><W135/><G135/><T114/><D114/><U97/><E97/><V27/><F27/><N who="3" m="14735" /><G59/><T88/><D38/><U15/><E15/><V63/><F57/><W28/><G28/><N who="0" m="17487" /><D70/><U6/><E6/><V43/><F68/><W100/><AGARI ba="0,1" hai="76,77,94,96,100,124,125,126" m="14735,46601" machi="100" ten="40,5200,0" yaku="18,1,13,1,52,1" doraHai="19" who="3" fromWho="3" sc="382,-26,183,-13,188,-13,237,62" /><INIT seed="5,0,0,2,1,69" ten="356,170,175,299" oya="1" hai0="73,6,90,82,101,61,51,114,31,108,48,72,42" hai1="41,52,50,98,33,35,19,8,57,105,34,115,74" hai2="85,118,83,131,124,71,126,32,22,113,59,53,134" hai3="117,79,78,58,39,106,110,116,54,84,10,20,7"/><U125/><E74/><V44/><F32/><W81/><G110/><T47/><D108/><U30/><E115/><V135/><F22/><W89/><G106/><T91/><D114/><U28/><E125/><N who="2" m="48235" /><F113/><W65/><G65/><T76/><D73/><U23/><E8/><V133/><F71/><W14/><G39/><T38/><D101/><U60/><E105/><V56/><F118/><N who="3" m="45675" /><G20/><T55/><D31/><U9/><E9/><V0/><F0/><W87/><G87/><T121/><D121/><U67/><E41/><V49/><F85/><W120/><G120/><T5/><D51/><AGARI ba="0,0" hai="7,10,14,51,54,58,78,79,81,84,89" m="45675" machi="51" ten="30,1000,0" yaku="12,1" doraHai="69" who="3" fromWho="0" sc="356,-10,170,0,175,0,299,10" /><INIT seed="6,0,0,5,3,23" ten="346,170,175,309" oya="2" hai0="25,44,91,10,104,73,32,45,109,15,100,59,1" hai1="101,131,132,127,116,16,72,122,103,79,48,78,38" hai2="18,129,43,69,21,61,2,90,133,85,49,13,8" hai3="19,89,42,114,41,125,6,60,37,95,106,50,86"/><V68/><F129/><W74/><G106/><T93/><D73/><U107/><E38/><V51/><F133/><W20/><G74/><T99/><D109/><U30/><E116/><V108/><F108/><W17/><G37/><T24/><D1/><U22/><E132/><V54/><F43/><W98/><G114/><T36/><D32/><U53/><E131/><V26/><F2/><W96/><G125/><T92/><D104/><U130/><E130/><V9/><F9/><W29/><G6/><T3/><D3/><U87/><E72/><V135/><F135/><W111/><G111/><T121/><D59/><U47/><E127/><V80/><F61/><W63/><G29/><T28/><D28/><U33/><E122/><V118/><F51/><W4/><G4/><N who="0" m="3527" /><D36/><U66/><E66/><V134/><F118/><W88/><G17/><T55/><D121/><U31/><E107/><V83/><F80/><N who="3" m="49223" /><G98/><N who="0" m="57631" /><D45/><U82/><E33/><V12/><F134/><W57/><G50/><AGARI ba="0,0" hai="24,25,44,50,55,93,99,100" m="57631,3527" machi="50" ten="30,3900,0" yaku="8,1,52,2" doraHai="23" who="0" fromWho="3" sc="346,39,170,0,175,0,309,-39" /><INIT seed="7,0,0,1,0,80" ten="385,170,175,270" oya="3" hai0="37,116,78,77,38,114,71,10,7,50,102,14,2" hai1="0,76,47,99,49,92,130,46,118,22,93,125,13" hai2="51,110,4,127,63,117,9,115,73,84,65,15,100" hai3="30,101,36,1,66,81,18,60,132,40,94,104,122"/><W24/><G122/><T5/><D116/><U91/><E0/><V42/><F73/><W133/><G1/><T17/><D71/><U61/><E118/><V70/><F110/><W89/><G18/><T124/><D114/><U72/><E130/><V98/><F117/><W97/><G81/><T120/><D124/><U85/><E125/><V26/><F127/><W119/><G119/><T45/><D120/><U52/><E72/><V48/><F115/><W56/><G40/><T23/><D7/><U25/><E13/><V105/><F42/><W90/><G36/><T20/><D102/><N who="1" m="60775" /><E76/><V8/><F9/><W58/><G58/><T113/><D113/><U44/><E61/><V34/><F84/><W123/><G123/><T41/><D23/><U112/><E112/><V135/><F135/><N who="3" m="51787" /><G104/><T95/><D95/><U6/><E6/><V31/><AGARI ba="0,0" hai="4,8,15,26,31,34,48,51,63,65,70,98,100,105" machi="31" ten="30,4000,0" yaku="0,1,25,2" doraHai="80" who="2" fromWho="2" sc="385,-10,170,-10,175,40,270,-20" owari="375,47.0,160,-34.0,215,-18.0,250,5.0" /></mjloggm>