<mjloggm ver="2.3"><GO type="97" lobby="0"/><UN n0="%E4%B8%96%E3%82%92%E7%9B%B4%E3%81%99%E8%80%85" n1="%61%78%65%6C%33" n2="%E5%B0%B1%E6%B4%BB%E7%94%9F%40%E5%B7%9D%E6%9D%91%E8%BB%8D%E5%9B%A3" n3="%E3%82%B4%E3%83%9F%E3%82%AF%E3%82%BA%E4%B8%83%E6%AE%B5" dan="15,15,14,16" rate="1986.31,2018.16,1975.07,2099.27" sx="M,M,M,F"/><TAIKYOKU oya="0"/><INIT seed="0,0,0,1,5,113" ten="250,250,250,250" oya="0" hai0="132,47,81,35,100,7,87,8,131,60,23,64,91" hai1="58,65,45,2,50,93,56,20,98,24,125,41,53" hai2="94,16,4,63,121,71,101,11,48,123,30,115,126" hai3="46,116,111,1,133,135,99,95,10,33,44,106,120"/><T112/><D35/><U122/><E2/><V3/><F115/><W114/><G111/><T110/><D112/><U74/><E74/><V84/><F126/><W92/><G114/><T67/><D110/><U102/><E122/><V119/><F30/><W18/><G120/><T37/><D131/><U21/><E125/><V9/><F119/><W61/><G33/><T26/><D132/><N who="3" m="50761" /><G116/><T43/><D100/><U14/><E14/><V82/><F48/><W77/><G77/><T59/><D67/><U34/><E34/><V117/><F117/><W13/><G106/><T78/><D91/><U36/><E20/><V39/><F39/><W130/><G130/><T32/><D32/><U49/><E36/><V17/><F71/><W134/><N who="3" m="50769" /><W83/><DORA hai="105" /><G83/><T68/><D68/><U69/><E69/><V127/><F127/><W54/><G1/><T22/><REACH who="0" step="1"/><D26/><REACH who="0" ten="240,250,250,250" step="2"/><U15/><E65/><V28/><F121/><W70/><G70/><T76/><D76/><U88/><E102/><V103/><F101/><N who="3" m="60647" /><G95/><T75/><D75/><U38/><E24/><V40/><F94/><W96/><G96/><T90/><D90/><U104/><E104/><V108/><F103/><W19/><G19/><T73/><D73/><U42/><E98/><V72/><F108/><W55/><G61/><T79/><D79/><U129/><E93/><V80/><F63/><W89/><G89/><T0/><AGARI ba="0,1" hai="0,7,8,22,23,37,43,47,59,60,64,78,81,87" machi="0" ten="20,3900,0" yaku="1,1,0,1,7,1,53,0" doraHai="113,105" doraHaiUra="29,85" who="0" fromWho="0" sc="240,49,250,-13,250,-13,250,-13" /><INIT seed="0,1,0,3,5,49" ten="289,237,237,237" oya="0" hai0="103,34,66,56,93,27,104,24,121,13,54,127,73" hai1="120,4,23,135,50,85,6,118,115,41,88,107,126" hai2="25,28,74,31,67,70,15,77,21,72,17,36,57" hai3="101,52,69,128,59,86,114,18,134,38,92,108,132"/><T20/><D121/><U109/><E107/><V113/><F36/><W82/><G114/><T3/><D3/><U58/><E120/><V99/><F113/><W130/><G108/><T51/><D73/><U65/><E115/><V95/><F70/><W1/><G69/><T111/><D104/><U9/><E109/><V8/><F77/><N who="3" m="46415" /><G38/><T83/><D111/><U44/><E118/><V110/><F110/><W124/><G1/><T14/><D83/><U78/><E78/><V30/><F72/><W75/><G75/><T116/><D116/><U43/><E43/><V71/><F71/><W22/><G124/><T125/><D34/><U11/><E126/><V106/><F106/><W53/><G101/><T105/><D105/><U7/><E23/><V131/><F74/><W84/><G84/><T10/><D125/><U90/><E90/><V94/><F131/><N who="3" m="50219" /><G92/><T45/><D93/><N who="1" m="54415" /><E135/><N who="3" m="51754" /><G59/><T119/><D56/><U32/><E32/><V91/><F95/><W37/><G37/><T89/><D127/><U35/><E35/><V68/><F68/><W102/><G102/><T87/><D103/><U80/><E80/><V63/><AGARI ba="1,0" hai="8,15,17,21,25,28,30,31,57,63,67,91,94,99" machi="63" ten="30,2000,0" yaku="0,1,8,1" doraHai="49" who="2" fromWho="2" sc="289,-11,237,-6,237,23,237,-6" /><INIT seed="1,0,0,5,3,36" ten="278,231,260,231" oya="1" hai0="112,91,35,115,64,118,34,120,50,95,131,49,80" hai1="39,60,116,77,100,4,33,0,48,79,78,117,24" hai2="114,124,38,85,12,53,86,3,104,101,71,83,65" hai3="133,108,113,84,7,107,123,32,102,74,98,29,37"/><U27/><E39/><V122/><F3/><W110/><G123/><T66/><D80/><U30/><E0/><V20/><F122/><W59/><G113/><N who="0" m="43595" /><D120/><U54/><E4/><V109/><F114/><W62/><G133/><T8/><D8/><U55/><E100/><V129/><F38/><W97/><G74/><T75/><D95/><U19/><E60/><V88/><F109/><N who="3" m="42091" /><G37/><T51/><D75/><U9/><E55/><V31/><F124/><W94/><G7/><T106/><D106/><U103/><E103/><V105/><F129/><W44/><G44/><T135/><D91/><U23/><REACH who="1" step="1"/><E9/><REACH who="1" ten="278,221,260,231" step="2"/><V132/><F101/><N who="3" m="60631" /><G107/><T69/><D131/><U70/><E70/><V58/><F65/><W130/><G130/><T15/><D69/><U61/><E61/><V13/><F71/><W96/><G102/><T73/><D66/><U41/><E41/><V14/><F132/><W42/><G42/><T21/><D135/><U67/><E67/><V56/><F105/><W22/><G62/><T76/><D64/><U6/><E6/><V134/><F104/><W68/><G68/><T46/><D118/><U126/><E126/><V125/><F125/><W82/><G59/><AGARI ba="0,1" hai="19,23,24,27,30,33,48,54,59,77,78,79,116,117" machi="59" ten="40,2000,0" yaku="1,1,53,0" doraHai="36" doraHaiUra="90" who="1" fromWho="3" sc="278,0,221,30,260,0,231,-20" /><INIT seed="1,1,0,2,5,64" ten="278,251,260,211" oya="1" hai0="83,20,57,33,19,67,36,31,48,117,26,119,87" hai1="107,130,99,101,113,7,80,71,100,32,132,47,79" hai2="28,1,93,13,40,17,125,6,104,41,106,112,116" hai3="72,3,51,9,63,60,74,122,49,58,70,77,111"/><U18/><E113/><V5/><F116/><W59/><G122/><T92/><D36/><U50/><E130/><V24/><F112/><W126/><G111/><T35/><D33/><U95/><E132/><V97/><F125/><W38/><G38/><T127/><D127/><U69/><E32/><V135/><F135/><W133/><G126/><T134/><D134/><U53/><E18/><V105/><F1/><W128/><G133/><T27/><D92/><U8/><E101/><V14/><F41/><W39/><G39/><T121/><D121/><U78/><E78/><V75/><F75/><W114/><G114/><T44/><D57/><U90/><E107/><V86/><F40/><W129/><G77/><T110/><D67/><U10/><E100/><V89/><F97/><W23/><G9/><T56/><D56/><U98/><E10/><V88/><F89/><W29/><G3/><T46/><D110/><U109/><E98/><V61/><F61/><W22/><REACH who="3" step="1"/><G70/><REACH who="3" ten="278,251,260,201" step="2"/><T76/><D119/><U68/><E109/><V0/><F0/><W118/><G118/><T52/><D117/><U65/><E7/><V120/><F120/><W55/><G55/><T115/><D115/><U2/><E8/><V85/><F6/><W45/><G45/><T54/><D46/><U73/><E2/><V37/><F37/><W131/><G131/><T84/><D54/><U21/><E65/><V103/><F5/><W30/><AGARI ba="1,1" hai="22,23,29,30,49,51,58,59,60,63,72,74,128,129" machi="30" ten="25,6400,0" yaku="1,1,0,1,22,2,53,0" doraHai="64" doraHaiUra="81" who="3" fromWho="3" sc="278,-17,251,-33,260,-17,201,77" /><INIT seed="2,0,0,4,3,108" ten="261,218,243,278" oya="2" hai0="18,13,93,26,106,127,4,131,101,36,126,121,83" hai1="19,68,98,62,72,125,1,54,3,61,37,113,31" hai2="111,128,29,12,71,34,30,66,115,60,78,76,105" hai3="80,56,2,97,92,50,17,45,5,119,69,114,58"/><V81/><F105/><W52/><G119/><T90/><D36/><U42/><E19/><V27/><F111/><W116/><G116/><T135/><D121/><U48/><E61/><V109/><F109/><W39/><G69/><T99/><D131/><U21/><E21/><V11/><F128/><W130/><G130/><T38/><D38/><U94/><E72/><V110/><F110/><W70/><G70/><T87/><D4/><U59/><E31/><V91/><F30/><W20/><G114/><T7/><D7/><U122/><E122/><V117/><F117/><W15/><G39/><T82/><D26/><U134/><E125/><N who="0" m="47625" /><D135/><U25/><E25/><V67/><F67/><W23/><G23/><AGARI ba="0,0" hai="13,18,23,82,83,87,90,93,99,101,106" m="47625" machi="23" ten="30,1000,0" yaku="18,1" doraHai="108" who="0" fromWho="3" sc="261,10,218,0,243,0,278,-10" /><INIT seed="3,0,0,2,2,25" ten="271,218,243,268" oya="3" hai0="17,88,80,73,109,115,49,20,87,21,129,66,100" hai1="60,55,2,61,0,110,79,8,6,19,22,53,74" hai2="75,123,130,82,15,24,133,47,65,13,78,35,1" hai3="18,23,57,96,16,92,12,135,94,9,69,119,77"/><W127/><G119/><T59/><D109/><U81/><E110/><V101/><F1/><W27/><G69/><T63/><D129/><U4/><E60/><V54/><F130/><W98/><G127/><T128/><D128/><U70/><E70/><V121/><F133/><W40/><G135/><T116/><D116/><U90/><E61/><V31/><F101/><W48/><G77/><T64/><D115/><U50/><E90/><V37/><F65/><W134/><G134/><T102/><D66/><U120/><E120/><N who="2" m="46155" /><F37/><W124/><G124/><T89/><D73/><U10/><REACH who="1" step="1"/><E50/><AGARI ba="0,0" hai="13,15,24,31,35,47,50,54,75,78,82" m="46155" machi="50" ten="30,2000,0" yaku="13,1,52,1" doraHai="25" who="2" fromWho="1" sc="271,0,218,-20,243,20,268,0" /><INIT seed="4,0,0,2,5,85" ten="271,198,263,268" oya="0" hai0="46,49,62,94,63,133,71,35,3,92,101,28,67" hai1="19,50,18,64,111,22,87,103,53,70,93,10,121" hai2="126,11,83,52,135,36,69,40,1,0,73,5,80" hai3="74,27,17,98,78,4,118,24,68,33,7,124,131"/><T116/><D3/><U107/><E121/><V96/><F1/><W119/><G68/><T90/><D116/><U41/><E111/><V6/><F69/><W128/><G98/><T114/><D114/><U60/><E107/><V112/><F5/><N who="3" m="2123" /><G78/><T86/><D133/><U129/><E129/><N who="3" m="49738" /><G74/><T23/><D35/><U76/><E10/><V54/><F112/><W31/><G124/><T84/><D63/><U48/><E41/><V61/><F126/><W9/><G9/><T109/><D109/><U32/><E32/><V115/><F115/><W39/><G39/><T105/><D105/><U108/><E108/><V99/><F135/><W79/><G79/><T89/><D101/><U125/><E125/><V82/><F73/><W38/><G38/><T97/><D97/><U66/><E66/><V102/><F96/><W16/><G24/><T134/><D134/><U55/><E103/><V29/><F29/><W113/><G113/><T21/><D28/><U58/><E22/><V34/><F99/><W30/><G30/><T42/><AGARI ba="0,0" hai="21,23,42,46,49,62,67,71,84,86,89,90,92,94" machi="42" ten="20,12000,1" yaku="0,1,7,1,9,1,52,2" doraHai="85" who="0" fromWho="0" sc="271,120,198,-40,263,-40,268,-40" owari="391,49.0,158,-34.0,223,-18.0,228,3.0" /></mjloggm>