<mjloggm ver="2.3"><GO type="97" lobby="0"/><UN n0="%E3%83%88%E3%83%88%E3%83%AA%E5%85%88%E7%94%9F%31%39%E6%AD%B3" n1="%E5%AF%BE%E9%9D%A2%E3%81%AE%E5%A7%89" n2="%E3%82%B9%E3%83%AB%E3%83%A1" n3="%E5%9B%A3%E9%95%B7%EF%BC%A0%E5%B7%9D%E6%9D%91%E8%BB%8D%E5%9B%A3" dan="15,14,13,15" rate="2020.29,1956.30,1867.60,1967.99" sx="F,F,M,M"/><TAIKYOKU oya="0"/><INIT seed="0,0,0,4,5,127" ten="250,250,250,250" oya="0" hai0="35,105,57,18,43,61,53,23,72,82,64,65,99" hai1="93,116,130,79,113,55,134,112,81,28,47,27,9" hai2="74,3,44,135,40,20,77,83,133,15,39,92,115" hai3="60,8,42,26,123,98,31,58,67,120,14,32,118"/><T16/><D35/><U17/><E116/><V21/><F115/><W90/><G118/><T41/><D72/><U109/><E109/><V125/><F125/><W1/><G42/><N who="0" m="15883" /><D105/><U114/><E134/><N who="2" m="51211" /><F3/><W108/><G108/><T2/><D2/><U111/><E111/><V4/><F92/><W63/><G1/><T106/><D106/><U126/><E126/><V51/><F39/><W13/><G63/><T119/><D119/><U88/><E9/><AGARI ba="0,0" hai="4,9,15,20,21,40,44,51,74,77,83" m="51211" machi="9" ten="30,1000,0" yaku="20,1" doraHai="127" who="2" fromWho="1" sc="250,0,250,-10,250,10,250,0" /><INIT seed="1,0,0,3,1,2" ten="250,240,260,250" oya="1" hai0="38,97,22,12,8,64,36,125,102,41,63,86,79" hai1="5,131,108,54,129,90,74,133,56,127,101,24,123" hai2="26,42,9,77,89,39,124,100,44,119,4,109,17" hai3="43,51,28,37,16,48,66,117,53,80,47,104,128"/><U20/><E123/><V34/><F119/><W33/><G104/><T30/><D125/><U31/><E74/><V99/><F124/><W106/><G117/><T98/><D41/><U60/><E127/><V45/><F109/><W69/><G106/><T11/><D11/><U13/><E101/><V112/><F112/><W78/><G128/><N who="1" m="49226" /><E108/><V50/><F77/><W40/><G16/><T96/><D102/><U1/><E1/><V32/><F89/><W87/><G43/><T135/><D135/><U75/><E75/><V7/><F7/><W18/><G18/><T21/><D30/><U88/><E133/><V15/><F17/><W81/><G53/><T85/><D79/><U126/><E126/><V49/><F26/><W23/><G33/><T65/><D63/><U115/><E115/><V55/><REACH who="2" step="1"/><F39/><REACH who="2" ten="250,240,250,250" step="2"/><W70/><G81/><T93/><D38/><U72/><E72/><V92/><AGARI ba="0,1" hai="4,9,15,32,34,42,44,45,49,50,55,92,99,100" machi="92" ten="20,8000,1" yaku="1,1,2,1,0,1,7,1,52,1,53,0" doraHai="2" doraHaiUra="134" who="2" fromWho="2" sc="250,-20,240,-40,250,90,250,-20" /><INIT seed="2,0,0,3,1,114" ten="230,200,340,230" oya="2" hai0="5,65,16,41,82,48,121,81,91,85,37,89,46" hai1="26,6,132,27,129,4,108,103,90,30,71,50,29" hai2="36,122,69,107,3,66,76,58,119,98,40,72,44" hai3="47,125,88,59,118,135,83,34,56,25,2,0,9"/><V92/><F3/><W67/><G118/><T87/><D121/><U35/><E71/><V23/><F107/><W12/><G125/><T21/><D5/><U106/><E103/><V45/><F122/><W52/><G135/><T86/><D65/><U15/><E106/><V11/><F119/><W43/><G67/><T28/><D28/><U62/><E62/><V100/><F45/><W97/><G59/><T116/><D116/><U64/><E64/><V54/><F23/><W1/><G25/><T74/><D74/><U60/><E60/><V32/><F32/><W133/><G34/><T96/><D96/><U38/><E38/><V134/><F134/><W14/><G133/><T55/><D86/><U105/><E105/><V84/><F11/><W70/><G70/><T80/><D80/><U113/><E132/><V53/><F72/><W61/><G9/><T130/><D130/><U24/><E113/><V19/><F19/><W115/><G115/><T128/><D128/><U124/><E129/><V78/><F84/><W93/><REACH who="3" step="1"/><G83/><REACH who="3" ten="230,200,340,220" step="2"/><T77/><D77/><U31/><E124/><V102/><F69/><W99/><G99/><T10/><D10/><U42/><E35/><V51/><F58/><W49/><AGARI ba="0,1" hai="0,1,2,12,14,43,47,49,52,56,61,88,93,97" machi="49" ten="30,7900,0" yaku="1,1,0,1,54,2,53,0" doraHai="114" doraHaiUra="117" who="3" fromWho="3" sc="230,-20,200,-20,340,-39,220,89" /><INIT seed="3,0,0,0,4,24" ten="210,180,301,309" oya="3" hai0="74,95,32,45,76,48,10,122,96,83,89,43,132" hai1="25,22,41,40,85,35,99,47,65,92,123,118,15" hai2="103,114,17,44,75,21,51,63,62,52,77,55,46" hai3="84,33,121,9,88,73,100,116,56,91,101,61,37"/><W102/><G116/><T109/><D122/><U80/><E123/><V11/><F114/><W82/><G121/><T124/><D109/><U94/><E118/><V54/><F75/><W106/><G37/><T111/><D111/><U14/><E65/><V12/><F77/><W67/><G33/><T34/><D132/><U27/><E35/><V39/><F103/><W108/><G108/><T64/><D124/><U38/><E41/><V93/><F39/><W68/><G73/><T81/><D81/><U98/><E27/><N who="2" m="14767" /><F93/><W16/><G106/><T134/><D134/><U133/><E133/><V125/><F125/><W71/><REACH who="3" step="1"/><G91/><REACH who="3" ten="210,180,301,299" step="2"/><T127/><D127/><U5/><E94/><V72/><F72/><W87/><G87/><T26/><D34/><U28/><E5/><N who="2" m="3183" /><F46/><W113/><G113/><T107/><D32/><U78/><REACH who="1" step="1"/><E99/><REACH who="1" ten="210,170,301,299" step="2"/><V135/><F135/><W59/><G59/><T13/><D107/><U104/><E104/><V36/><F36/><W0/><G0/><T128/><D96/><U70/><E70/><V69/><F69/><W20/><G20/><T130/><D95/><U90/><AGARI ba="0,2" hai="14,15,22,25,28,38,40,47,78,80,85,90,92,98" machi="90" ten="20,8000,1" yaku="1,1,0,1,7,1,52,1,53,1" doraHai="24" doraHaiUra="86" who="1" fromWho="1" sc="210,-20,170,100,301,-20,299,-40" /><INIT seed="4,0,0,1,2,21" ten="190,270,281,259" oya="0" hai0="58,134,7,5,83,17,127,43,80,1,82,87,18" hai1="124,8,29,109,37,23,64,89,93,129,27,114,101" hai2="47,9,111,31,33,52,88,65,126,24,30,10,103" hai3="70,59,56,66,39,121,94,68,35,104,51,63,116"/><T50/><D134/><U90/><E109/><V20/><F111/><W130/><G104/><T0/><D127/><U4/><E37/><V48/><F126/><W3/><G3/><T119/><D119/><U86/><E124/><V69/><F103/><W54/><G35/><T125/><D125/><U46/><E129/><V95/><F69/><N who="3" m="42207" /><G94/><T105/><D105/><U45/><E64/><V132/><F132/><W16/><G16/><N who="0" m="6251" /><D0/><U120/><E120/><V118/><F118/><W38/><G116/><T73/><D1/><U53/><E114/><V115/><F115/><W92/><G92/><T15/><D73/><U98/><E53/><V71/><F71/><N who="3" m="27179" /><G130/><T67/><D43/><U57/><E57/><N who="3" m="22090" /><G121/><T117/><D117/><U28/><E28/><N who="2" m="10795" /><F33/><W2/><G2/><T60/><D50/><U110/><E110/><V106/><F106/><W40/><G40/><T34/><D34/><U13/><REACH who="1" step="1"/><E90/><REACH who="1" ten="190,260,281,259" step="2"/><V133/><F65/><W99/><G99/><T123/><D123/><U62/><E62/><V97/><F133/><W135/><G135/><T41/><D41/><U36/><E36/><V81/><F81/><AGARI ba="0,1" hai="4,8,13,23,27,29,45,46,81,86,89,93,98,101" machi="81" ten="30,7700,0" yaku="1,1,7,1,8,1,52,1,53,0" doraHai="21" doraHaiUra="113" who="1" fromWho="2" sc="190,0,260,87,281,-77,259,0" owari="190,-31.0,347,45.0,204,-20.0,259,6.0" /></mjloggm>