<mjloggm ver="2.3"><GO type="169" lobby="0"/><UN n0="%E3%82%A6%E3%83%AB%E3%83%88%E3%83%A9%E7%AB%8B%E7%9B%B4" n1="%74%65%6E%6B%65%79%33" n2="%E3%83%AD%E3%83%83%E3%83%86%E9%9B%80%E7%90%83" n3="%E3%81%8A%E3%81%95%E3%81%A3%E3%81%A1%E3%82%87" dan="18,16,17,16" rate="2196.41,2031.43,2147.26,2101.83" sx="M,M,M,M"/><TAIKYOKU oya="0"/><INIT seed="0,0,0,4,5,102" ten="250,250,250,250" oya="0" hai0="107,8,21,4,19,87,56,131,32,0,95,36,70" hai1="57,50,62,6,72,9,74,101,3,1,47,67,111" hai2="75,83,22,123,89,43,116,69,82,114,42,60,135" hai3="20,52,55,23,65,133,78,106,61,29,16,59,130"/><T127/><D70/><U93/><E111/><V17/><F114/><W92/><G106/><T121/><D121/><U45/><E1/><V26/><F123/><W76/><G130/><T96/><D131/><U40/><E101/><V38/><F135/><W63/><G133/><T79/><D36/><U85/><E93/><V108/><F108/><W30/><G92/><T97/><D127/><U35/><E35/><V118/><F89/><W105/><G105/><T13/><D107/><U103/><E103/><V34/><F34/><W71/><G71/><T68/><D68/><U25/><E25/><V7/><F7/><W66/><G59/><T81/><D32/><U115/><E115/><V110/><F110/><W15/><G15/><T58/><D97/><U24/><E24/><V33/><F33/><W112/><G112/><T94/><REACH who="0" step="1"/><D95/><REACH who="0" ten="240,250,250,250" step="2"/><U53/><E85/><V51/><F38/><AGARI ba="0,1" hai="3,6,9,38,40,45,47,50,53,57,62,67,72,74" machi="38" ten="30,1000,0" yaku="7,1" doraHai="102" who="1" fromWho="2" sc="240,0,250,20,250,-10,250,0" /><INIT seed="1,0,0,3,4,40" ten="240,270,240,250" oya="1" hai0="85,90,61,102,26,117,20,100,6,14,16,64,94" hai1="120,7,49,39,46,72,74,50,127,113,37,78,69" hai2="31,133,76,124,41,118,44,95,106,81,97,105,57" hai3="134,15,132,12,111,104,110,129,11,10,114,55,29"/><U28/><E120/><V2/><F118/><W103/><G104/><T84/><D117/><U51/><E113/><V121/><F121/><W70/><G70/><T3/><D3/><U71/><E28/><V79/><F124/><W0/><G103/><T48/><D85/><U89/><E127/><V5/><F133/><N who="3" m="51307" /><G55/><T96/><D48/><U1/><E89/><V131/><F131/><W25/><G114/><T53/><D53/><U59/><E59/><V56/><F31/><W128/><G25/><T88/><D6/><U13/><E39/><V42/><F42/><W60/><G29/><T62/><D26/><U4/><E13/><N who="3" m="5194" /><G60/><N who="0" m="23147" /><D64/><U98/><E74/><V83/><F106/><W123/><G0/><T92/><AGARI ba="0,0" hai="14,16,20,84,88,90,92,94,96,100,102" m="23147" machi="92" ten="30,4000,0" yaku="8,1,54,2" doraHai="40" who="0" fromWho="0" sc="240,40,270,-20,240,-10,250,-10" /><INIT seed="2,0,0,0,4,128" ten="280,250,230,240" oya="2" hai0="81,5,16,33,11,109,63,119,7,73,131,99,1" hai1="21,27,129,18,105,76,61,110,34,41,15,98,113" hai2="120,88,84,36,85,106,116,45,58,101,24,107,118" hai3="90,26,38,43,92,39,123,59,0,89,115,4,80"/><V54/><F120/><W111/><G111/><T94/><D33/><U91/><E110/><V126/><F126/><W124/><G123/><T12/><D109/><U51/><E129/><V77/><F77/><W52/><G124/><T97/><D131/><U10/><E34/><V96/><F107/><W69/><G69/><T68/><D119/><U95/><E105/><V83/><F85/><W132/><G26/><T121/><D121/><U87/><E61/><V125/><F125/><W103/><G103/><T55/><D1/><U53/><E41/><V130/><F130/><W13/><G0/><T57/><D68/><U14/><E113/><V64/><F64/><W49/><G115/><T42/><D42/><U8/><E76/><V135/><F45/><W78/><G43/><T40/><D40/><U93/><E8/><V31/><F36/><W71/><G71/><T60/><D73/><U46/><REACH who="1" step="1"/><E10/><REACH who="1" ten="280,240,230,240" step="2"/><V9/><F9/><W62/><G62/><T114/><D63/><U56/><E56/><V102/><F58/><W2/><G4/><T32/><D32/><U79/><E79/><V3/><F106/><W70/><G2/><T82/><D114/><U30/><E30/><V17/><F31/><W65/><G70/><T35/><D35/><U66/><E66/><V74/><F3/><W112/><G112/><T72/><D5/><U117/><E117/><V48/><F116/><W133/><G65/><T50/><D7/><U23/><E23/><V25/><F118/><W100/><G78/><T6/><D6/><U47/><E47/><V44/><F44/><W19/><G59/><RYUUKYOKU ba="0,1" sc="280,-10,240,30,230,-10,240,-10" hai1="14,15,18,21,27,46,51,53,87,91,93,95,98" /><INIT seed="3,1,1,3,1,7" ten="270,270,220,230" oya="3" hai0="87,116,38,16,130,88,12,77,70,85,21,117,18" hai1="9,59,98,68,102,109,48,100,37,132,84,133,11" hai2="60,30,81,45,126,43,115,65,55,72,128,118,10" hai3="83,0,108,93,97,44,42,56,101,36,74,66,95"/><W64/><G0/><T13/><D70/><U25/><E37/><V41/><F115/><W113/><G113/><T51/><D38/><U78/><E68/><V79/><F118/><W127/><G127/><T8/><D130/><U80/><E109/><V17/><F126/><W111/><G93/><T61/><D61/><U58/><E25/><V90/><F128/><W86/><G74/><T4/><D51/><U91/><E78/><V75/><F75/><W52/><G83/><T96/><D96/><U31/><E31/><V134/><F134/><N who="1" m="51817" /><E102/><V76/><F76/><W34/><G86/><T124/><D124/><U112/><E112/><V92/><F30/><W89/><G101/><T39/><D39/><U32/><E32/><V14/><F55/><W53/><G53/><T62/><D62/><U106/><E48/><V47/><F41/><W99/><G99/><T54/><D54/><U125/><E125/><V6/><F43/><W123/><G34/><T121/><D121/><U67/><E67/><V82/><F82/><W107/><G107/><T3/><D85/><U110/><E110/><N who="3" m="42026" /><G123/><T114/><D77/><U15/><E15/><V69/><REACH who="2" step="1"/><F6/><REACH who="2" ten="270,270,210,230" step="2"/><W22/><G22/><T63/><D114/><U26/><E80/><V24/><F24/><W2/><G2/><T27/><D3/><U20/><E26/><V23/><F23/><W5/><G5/><T1/><D1/><U28/><E20/><V46/><F46/><W35/><G35/><T19/><D116/><U120/><E120/><V104/><F104/><W49/><AGARI ba="1,2" hai="36,42,44,49,52,56,64,66,89,95,97" m="42026" machi="49" ten="30,6000,0" yaku="14,1,10,1,54,1" doraHai="7" who="3" fromWho="3" sc="270,-21,270,-21,210,-21,230,83" /><INIT seed="3,2,0,5,1,111" ten="249,249,189,313" oya="3" hai0="115,6,53,0,31,14,13,54,127,9,68,82,97" hai1="90,120,38,73,134,88,92,80,3,43,93,94,51" hai2="91,98,123,62,20,44,23,27,113,124,19,18,102" hai3="7,11,36,133,85,22,59,76,71,1,109,112,39"/><W60/><G71/><T40/><D68/><U130/><E120/><V41/><F124/><W29/><G133/><T86/><D127/><U69/><E69/><V42/><F123/><W95/><G109/><T72/><D72/><U81/><E134/><V30/><F113/><W96/><G112/><T87/><D115/><U135/><E135/><V100/><F62/><W49/><G49/><T58/><D40/><U74/><E38/><V50/><F42/><W48/><G48/><T35/><D97/><U65/><E65/><V46/><F46/><W32/><G32/><T119/><D119/><U99/><E3/><V105/><F105/><W45/><G45/><T66/><D66/><U125/><E125/><V21/><F30/><W52/><G85/><T106/><D106/><U101/><E51/><V114/><F114/><W8/><G8/><T110/><D110/><U129/><E43/><V118/><F118/><W132/><G76/><T107/><D107/><U47/><E47/><V131/><F131/><N who="1" m="50185" /><E101/><N who="2" m="39019" /><F27/><W28/><G132/><T83/><D58/><U84/><E99/><V75/><F75/><N who="1" m="28681" /><E84/><V126/><F126/><W34/><G34/><T128/><D128/><U5/><E5/><V16/><F98/><W25/><G28/><T77/><D31/><U33/><E33/><V15/><F91/><AGARI ba="2,0" hai="1,7,11,22,25,29,36,39,52,59,60,91,95,96" machi="91" ten="30,2900,0" yaku="7,1,54,1" doraHai="111" who="3" fromWho="2" sc="249,0,249,0,189,-35,313,35" /><AGARI ba="2,0" hai="80,81,88,90,91,92,93,94" m="28681,50185" machi="91" ten="40,12000,2" yaku="28,2,19,1,34,2,54,1" doraHai="111" who="1" fromWho="2" sc="249,0,249,120,154,-120,348,0" /><INIT seed="3,3,0,1,0,47" ten="249,369,34,348" oya="3" hai0="87,55,29,30,21,102,70,114,110,33,59,105,77" hai1="64,31,51,133,106,95,25,17,81,53,131,135,72" hai2="99,4,100,32,46,113,94,90,16,15,80,112,97" hai3="43,127,11,68,57,6,116,56,126,107,67,104,54"/><W63/><G116/><T75/><D70/><U78/><E106/><V66/><F32/><W1/><G43/><T28/><D33/><U45/><E131/><V119/><F119/><W88/><G68/><T52/><D75/><U93/><E64/><V26/><F26/><W111/><G111/><T50/><D110/><U84/><E17/><V92/><F66/><W103/><G88/><T12/><D114/><U39/><E39/><V0/><F0/><W71/><G71/><T58/><D105/><U61/><E61/><V101/><F4/><W125/><REACH who="3" step="1"/><G103/><REACH who="3" ten="249,369,34,338" step="2"/><T27/><D102/><U35/><E72/><V98/><F98/><W120/><G120/><T7/><D87/><U128/><E128/><V9/><REACH who="2" step="1"/><F46/><REACH who="2" ten="249,369,24,338" step="2"/><W23/><G23/><T36/><D21/><U20/><E20/><V18/><F18/><W79/><G79/><T117/><D77/><U60/><E78/><V91/><F91/><W134/><G134/><T122/><D117/><U13/><E45/><V48/><F48/><AGARI ba="3,2" hai="1,6,11,48,54,56,57,63,67,104,107,125,126,127" machi="48" ten="40,7700,0" yaku="1,1,18,1,52,1,53,0" doraHai="47" doraHaiUra="124" who="3" fromWho="2" sc="249,0,369,0,24,-86,338,106" owari="249,-15.0,369,17.0,-62,-56.0,444,54.0" /></mjloggm>