<mjloggm ver="2.3"><GO type="169" lobby="0"/><UN n0="%E3%81%B2%E3%82%89%E3%81%A3%E3%81%95%E3%82%93" n1="%E5%8D%81%E5%AD%97%E7%8C%9B%E5%A4%AB" n2="%E6%93%8D" n3="%E5%B0%B1%E6%B4%BB%E7%94%9F%40%E5%B7%9D%E6%9D%91%E8%BB%8D%E5%9B%A3" dan="16,16,17,16" rate="2075.13,2097.53,2133.96,2137.04" sx="F,M,M,M"/><TAIKYOKU oya="0"/><INIT seed="0,0,0,3,5,102" ten="250,250,250,250" oya="0" hai0="121,2,12,107,51,95,5,120,26,97,27,96,34" hai1="71,44,14,100,30,91,28,10,92,58,62,8,130" hai2="88,55,135,98,56,115,60,37,31,83,54,78,3" hai3="21,117,41,47,118,35,76,11,84,108,80,89,134"/><T64/><D2/><U132/><E71/><V77/><F3/><W73/><G35/><T0/><D0/><U66/><E132/><V119/><F115/><W85/><G134/><T93/><D64/><U125/><E125/><V17/><F135/><W131/><G131/><T4/><D51/><U9/><E130/><V68/><F68/><W65/><G65/><T75/><D12/><U6/><E100/><V133/><F133/><W86/><G108/><T23/><D23/><U90/><E44/><V103/><F37/><W53/><G53/><T16/><D16/><N who="1" m="8263" /><E90/><V79/><F31/><N who="1" m="11817" /><E6/><V42/><F42/><W40/><G40/><T38/><D38/><U112/><E112/><V15/><F119/><W13/><G21/><T19/><D19/><U124/><E124/><V1/><F1/><W57/><G57/><T52/><D75/><U116/><E116/><V50/><F103/><W72/><G72/><T59/><D59/><U25/><E25/><V45/><F98/><AGARI ba="0,0" hai="9,10,58,62,66,91,92,98" m="11817,8263" machi="98" ten="30,2000,0" yaku="8,1,54,1" doraHai="102" who="1" fromWho="2" sc="250,0,250,20,250,-20,250,0" /><INIT seed="1,0,0,4,0,26" ten="250,270,230,250" oya="1" hai0="106,63,124,131,56,100,33,48,53,17,120,84,47" hai1="3,103,27,0,126,41,89,105,45,128,79,109,87" hai2="61,38,132,76,82,110,134,97,28,30,81,1,96" hai3="46,67,125,10,19,73,8,24,52,112,88,123,65"/><U104/><E128/><V85/><F38/><W22/><G73/><T115/><D131/><U95/><E126/><V129/><F1/><W130/><G123/><T74/><D124/><U71/><E71/><V86/><F129/><W13/><G112/><T6/><D74/><U59/><E105/><V78/><REACH who="2" step="1"/><F61/><REACH who="2" ten="250,270,220,250" step="2"/><W62/><G130/><T55/><D120/><U16/><E3/><V18/><F18/><W92/><G125/><T77/><D115/><U5/><E109/><AGARI ba="0,1" hai="28,30,76,78,81,82,85,86,96,97,109,110,132,134" machi="109" ten="25,8000,1" yaku="1,1,22,2,52,2,53,0" doraHai="26" doraHaiUra="66" who="2" fromWho="1" sc="250,0,270,-80,220,90,250,0" /><INIT seed="2,0,0,3,4,1" ten="250,190,310,250" oya="2" hai0="39,102,91,70,134,72,83,58,105,13,117,43,104" hai1="122,54,96,116,14,30,28,17,86,95,53,27,69" hai2="133,36,25,112,110,21,81,60,101,10,115,26,107" hai3="46,68,57,113,5,3,73,75,37,80,42,7,18"/><V121/><F36/><W67/><G113/><T71/><D117/><U76/><E116/><V38/><F38/><W93/><G68/><T128/><D134/><U108/><E108/><V131/><F121/><W6/><G3/><T78/><D128/><U61/><E122/><V65/><F131/><W97/><G18/><T89/><D58/><U33/><E30/><V44/><F133/><W129/><G129/><T94/><D91/><U40/><E40/><V77/><F110/><W82/><G75/><T23/><D104/><U123/><E123/><V32/><F44/><W92/><G92/><T127/><D127/><U55/><E86/><V59/><F32/><W103/><REACH who="3" step="1"/><G73/><REACH who="3" ten="250,190,310,240" step="2"/><T45/><D105/><U118/><E118/><V111/><F111/><W16/><G16/><T12/><D71/><U2/><E2/><V52/><F115/><W87/><G87/><T62/><D70/><U109/><E109/><V4/><F112/><W8/><G8/><T74/><D72/><U126/><E126/><V98/><F26/><W64/><G64/><T11/><D74/><U41/><E69/><V31/><F65/><W19/><G19/><T132/><D132/><U35/><E17/><V0/><F81/><W119/><G119/><T135/><D83/><U15/><E27/><V99/><F99/><W34/><G34/><T124/><D135/><U85/><E35/><V106/><F106/><W114/><G114/><T79/><D124/><U48/><E33/><V51/><F77/><W9/><G9/><T88/><D78/><U125/><E125/><V130/><F130/><W100/><G100/><RYUUKYOKU ba="0,1" sc="250,-15,190,-15,310,15,240,15" hai2="0,4,10,21,25,31,51,52,59,60,98,101,107" hai3="5,6,7,37,42,46,57,67,80,82,93,97,103" /><INIT seed="2,1,1,2,2,46" ten="235,175,325,255" oya="2" hai0="64,25,43,125,86,59,48,99,121,79,1,11,107" hai1="82,8,122,102,104,133,123,54,49,111,40,0,92" hai2="24,10,14,97,83,47,115,33,53,132,93,4,57" hai3="98,58,77,74,90,13,3,95,118,22,91,26,87"/><V85/><F115/><W62/><G3/><T52/><D121/><N who="1" m="46091" /><E111/><V89/><F132/><W32/><G32/><T70/><D125/><U39/><E104/><V135/><F135/><W23/><G118/><T108/><D108/><U50/><E133/><V17/><F33/><W60/><G74/><T67/><D25/><U72/><E54/><V109/><F109/><W84/><G77/><T31/><D31/><U105/><E105/><V16/><F24/><W120/><G120/><T63/><D67/><U96/><E40/><V45/><F17/><N who="3" m="10543" /><G58/><T75/><D75/><U2/><E39/><V127/><F4/><W103/><G103/><T117/><D117/><U18/><E18/><V88/><F127/><W114/><G114/><T55/><D70/><U78/><E0/><V66/><F66/><W112/><G112/><T6/><D107/><U21/><E21/><V80/><F80/><N who="3" m="49415" /><G98/><T76/><D99/><U42/><E42/><V106/><REACH who="2" step="1"/><F106/><REACH who="2" ten="235,175,315,255" step="2"/><W69/><G69/><T94/><D64/><U20/><E20/><V19/><F19/><AGARI ba="1,2" hai="19,23,26,60,62,87,91,95" m="49415,10543" machi="19" ten="30,1000,0" yaku="8,1" doraHai="46" who="3" fromWho="2" sc="235,0,175,0,315,-13,255,33" /><INIT seed="3,0,0,2,0,32" ten="235,175,302,288" oya="3" hai0="57,80,104,7,64,31,128,30,54,60,125,88,115" hai1="71,66,111,82,63,97,15,52,91,39,26,79,67" hai2="68,20,1,118,49,34,72,25,78,0,120,23,62" hai3="127,81,83,24,89,45,10,108,132,22,114,112,70"/><W119/><G70/><T123/><D123/><U98/><E111/><V58/><F118/><W4/><G119/><T21/><D104/><U5/><E39/><V16/><F120/><W95/><G127/><T14/><D125/><U19/><E91/><V84/><F72/><W133/><G108/><T126/><D126/><U9/><E67/><V46/><F68/><W74/><G45/><T47/><D115/><U40/><E40/><V33/><F78/><W92/><G92/><T76/><D128/><U41/><E41/><V8/><F84/><W90/><G89/><T77/><D77/><U124/><E124/><V94/><F94/><W100/><G100/><T42/><D64/><U44/><E26/><V107/><F107/><W102/><G102/><T101/><D101/><U56/><E19/><V85/><F85/><W135/><G74/><T3/><D3/><U65/><E44/><V103/><F103/><W86/><G114/><T12/><D88/><U75/><E66/><V29/><F34/><W109/><G109/><T96/><D96/><U38/><E38/><V121/><F121/><W110/><G110/><T131/><D131/><U50/><AGARI ba="0,0" hai="5,9,15,50,52,56,63,65,71,75,79,82,97,98" machi="50" ten="20,2700,0" yaku="0,1,7,1,54,1" doraHai="32" who="1" fromWho="1" sc="235,-7,175,27,302,-7,288,-13" /><INIT seed="4,0,0,3,1,91" ten="228,202,295,275" oya="0" hai0="24,117,37,21,63,124,87,16,112,81,29,1,34" hai1="104,118,54,126,56,105,73,103,20,125,90,79,77" hai2="5,57,86,61,114,26,66,96,45,69,42,30,93" hai3="122,25,19,22,88,83,52,67,62,0,92,107,123"/><T65/><D117/><U43/><E43/><V111/><F114/><W98/><G0/><T110/><D112/><U53/><E118/><V94/><F111/><W51/><G107/><N who="1" m="41034" /><E20/><V119/><F119/><W131/><G131/><T95/><D110/><U41/><E41/><V75/><F75/><W55/><G83/><T108/><D108/><U23/><E23/><V109/><F109/><W134/><G134/><T82/><D37/><U38/><E38/><V129/><F129/><W11/><G11/><T120/><D120/><N who="3" m="46121" /><G51/><T132/><D132/><U116/><E103/><V12/><F86/><W33/><G33/><T68/><D1/><U14/><E116/><V46/><F96/><W100/><G100/><T9/><D9/><U78/><E14/><V15/><F69/><AGARI ba="0,0" hai="19,22,25,52,55,62,67,69,88,92,98" m="46121" machi="69" ten="30,7700,0" yaku="13,1,52,1,54,2" doraHai="91" who="3" fromWho="2" sc="228,0,202,0,295,-77,275,77" /><INIT seed="5,0,0,2,2,11" ten="228,202,218,352" oya="1" hai0="84,76,19,13,108,46,18,117,53,16,129,87,0" hai1="65,32,121,29,124,127,130,102,3,54,104,126,10" hai2="37,31,106,86,74,83,135,120,36,38,1,69,98" hai3="8,58,49,112,35,59,131,6,9,70,55,123,85"/><U118/><E118/><V94/><F120/><W101/><G70/><T100/><D0/><U67/><E121/><V24/><F106/><W103/><G123/><T60/><D108/><U4/><E130/><V45/><F74/><W23/><G35/><T79/><D129/><U73/><E73/><V47/><F69/><W92/><G131/><T115/><D115/><U72/><E72/><V63/><F1/><W105/><G105/><T39/><D117/><U15/><E54/><V26/><F63/><W17/><G59/><N who="0" m="34927" /><D39/><U22/><E102/><V27/><F135/><W34/><G34/><T96/><D46/><U25/><E104/><V50/><F31/><W113/><G101/><T20/><D96/><U51/><E51/><V90/><REACH who="2" step="1"/><F50/><REACH who="2" ten="228,202,208,352" step="2"/><W91/><G112/><T64/><D20/><U75/><E75/><V134/><F134/><W30/><G23/><T2/><D2/><U116/><E116/><V71/><F71/><W82/><G49/><T77/><D100/><AGARI ba="0,1" hai="24,26,27,36,37,38,45,47,83,86,90,94,98,100" machi="100" ten="50,6400,0" yaku="1,1,53,2" doraHai="11" doraHaiUra="42" who="2" fromWho="0" sc="228,-64,202,0,208,74,352,0" /><INIT seed="6,0,0,5,1,107" ten="164,202,282,352" oya="2" hai0="43,44,96,33,133,82,102,6,15,66,86,106,19" hai1="130,41,1,5,23,109,85,56,127,26,110,74,12" hai2="59,67,72,20,48,54,84,79,65,34,99,126,13" hai3="18,75,108,103,95,39,91,2,131,70,132,128,17"/><V93/><F34/><W47/><G70/><T24/><D133/><U92/><E130/><N who="3" m="49706" /><G2/><T31/><D6/><U8/><E127/><V53/><F126/><W118/><G75/><T9/><D66/><U21/><E41/><V114/><F114/><W28/><G28/><T88/><D44/><U101/><E74/><V57/><F72/><W37/><G132/><T73/><D73/><U32/><E56/><V10/><F20/><W64/><G64/><T124/><D43/><U7/><E101/><V78/><F84/><W115/><G103/><T100/><D100/><U4/><E92/><V71/><F71/><W98/><G115/><T22/><REACH who="0" step="1"/><D124/><REACH who="0" ten="154,202,282,352" step="2"/><U45/><E45/><V105/><F67/><W52/><G108/><T116/><D116/><U25/><E1/><V62/><F65/><W68/><G68/><T0/><D0/><U38/><E110/><V49/><F105/><W46/><G118/><T135/><D135/><U121/><E109/><V113/><F113/><W3/><G3/><T123/><D123/><U55/><E121/><V51/><F79/><W83/><G46/><T42/><D42/><U76/><E76/><V81/><F78/><W69/><G69/><T111/><D111/><U87/><E7/><N who="2" m="3295" /><F81/><W36/><G83/><T77/><D77/><U80/><E80/><V134/><F134/><W40/><G52/><T104/><D104/><U119/><E55/><V50/><F54/><W97/><G47/><T11/><AGARI ba="0,1" hai="9,11,15,19,22,24,31,33,82,86,88,96,102,106" machi="11" ten="30,4000,0" yaku="1,1,0,1,54,1,53,0" doraHai="107" doraHaiUra="112" who="0" fromWho="0" sc="154,50,202,-10,282,-20,352,-10" /><INIT seed="7,0,0,0,5,125" ten="204,192,262,342" oya="3" hai0="87,90,133,21,124,45,52,92,115,123,51,41,121" hai1="23,63,28,20,9,77,97,14,109,67,30,40,39" hai2="71,11,135,127,3,65,61,76,35,36,43,110,106" hai3="102,112,17,128,37,74,118,22,5,55,91,12,60"/><W25/><G74/><T78/><D124/><U126/><E109/><V46/><F127/><W96/><G37/><T73/><D133/><U95/><E126/><V33/><F135/><W7/><G91/><T107/><D107/><U57/><E77/><V31/><F110/><W80/><G80/><T119/><D119/><U42/><E39/><V86/><F86/><W47/><G47/><T101/><D101/><U18/><E23/><V38/><F38/><W56/><G112/><T111/><D111/><U1/><E1/><V64/><F64/><W54/><G128/><T44/><D115/><U26/><E30/><V83/><F31/><W0/><G0/><T27/><D78/><U89/><AGARI ba="0,0" hai="9,14,18,20,26,28,40,42,57,63,67,89,95,97" machi="89" ten="20,2700,0" yaku="0,1,7,1,8,1" doraHai="125" who="1" fromWho="1" sc="204,-7,192,27,262,-7,342,-13" owari="197,-30.0,219,-18.0,255,6.0,329,42.0" /></mjloggm>