<mjloggm ver="2.3"><GO type="169" lobby="0"/><UN n0="%61%69%73%79%6F" n1="%E6%96%B0%E6%BD%9F%E3%83%89%E3%83%A9%E3%82%B4%E3%83%B3" n2="%74%6F%69%74%6F%69%34" n3="%E3%82%A6%E3%83%AB%E3%83%88%E3%83%A9%E7%AB%8B%E7%9B%B4" dan="17,16,16,17" rate="2219.98,2106.93,2061.68,2160.41" sx="M,M,M,M"/><TAIKYOKU oya="0"/><INIT seed="0,0,0,1,1,75" ten="250,250,250,250" oya="0" hai0="30,2,130,72,26,41,90,77,21,89,104,73,39" hai1="80,61,71,10,119,122,116,97,88,34,109,35,85" hai2="13,87,93,81,76,31,57,45,7,18,121,33,0" hai3="135,133,127,60,20,15,105,67,49,24,107,56,134"/><T114/><D104/><U48/><E122/><V94/><F121/><W101/><G127/><T117/><D117/><U38/><E38/><V108/><F108/><W83/><G101/><T111/><D2/><U118/><E109/><V25/><F45/><W110/><G110/><T92/><D114/><U82/><E10/><V125/><F125/><W131/><G131/><T23/><D130/><U36/><E36/><V5/><F57/><W65/><G65/><T59/><D39/><U4/><E4/><V124/><F124/><W79/><G15/><T51/><D111/><U53/><E97/><V100/><F100/><W115/><G49/><T96/><D89/><U46/><REACH who="1" step="1"/><E82/><REACH who="1" ten="250,240,250,250" step="2"/><V22/><F5/><W9/><G9/><AGARI ba="0,1" hai="0,7,9,13,18,22,25,31,33,76,81,87,93,94" machi="9" ten="40,5200,0" yaku="24,2,52,1" doraHai="75" who="2" fromWho="3" sc="250,0,240,0,250,62,250,-52" /><INIT seed="1,0,0,5,5,106" ten="250,240,312,198" oya="1" hai0="131,43,128,16,34,58,49,119,4,72,116,28,114" hai1="83,70,127,38,75,64,103,81,130,117,90,47,51" hai2="19,98,87,133,35,88,77,122,107,31,26,85,59" hai3="41,7,22,63,57,71,108,99,55,30,120,121,97"/><U118/><E38/><V10/><F122/><W132/><G132/><T109/><D109/><U82/><E130/><N who="0" m="49705" /><D4/><U92/><E127/><V54/><F133/><W78/><G108/><T135/><D34/><U45/><E103/><V0/><F77/><W48/><G7/><T93/><D28/><U113/><E113/><V42/><F42/><W13/><G97/><T52/><D114/><U17/><E17/><V23/><F107/><W125/><G125/><T74/><D135/><U39/><E39/><V44/><F44/><W80/><G99/><T29/><D29/><U61/><E75/><N who="0" m="28713" /><D93/><U11/><E11/><V36/><F10/><W126/><G30/><T53/><D43/><U15/><E118/><N who="0" m="45097" /><D53/><U110/><E117/><V104/><F54/><W21/><G55/><T14/><D14/><U3/><E110/><V66/><F35/><W32/><G13/><T105/><D105/><U24/><E15/><V134/><F104/><W18/><G32/><T96/><D96/><U1/><E92/><V84/><F98/><W62/><G41/><T6/><D6/><U123/><E3/><V79/><F0/><W65/><G121/><T25/><D25/><U69/><E24/><V2/><F2/><W40/><G120/><T129/><N who="0" m="49713" /><T86/><DORA hai="5" /><D86/><U12/><E1/><V20/><F26/><W33/><G33/><T60/><D60/><U101/><E61/><V56/><F85/><W9/><G63/><T73/><N who="0" m="28721" /><T89/><DORA hai="115" /><D89/><U100/><E12/><V46/><F31/><W37/><G62/><T67/><D67/><U94/><E64/><RYUUKYOKU ba="0,0" sc="250,30,240,-10,312,-10,198,-10" hai0="16,49,52,58" /><INIT seed="2,1,0,5,2,30" ten="280,230,302,188" oya="2" hai0="98,20,38,62,105,46,115,21,70,12,120,54,15" hai1="61,44,9,39,82,93,108,19,84,114,48,58,40" hai2="112,72,86,122,55,8,24,75,3,132,77,126,94" hai3="32,134,6,57,22,125,131,60,117,71,135,0,47"/><V68/><F68/><W66/><G117/><T121/><D115/><U111/><E114/><V80/><F112/><W128/><G6/><T73/><D73/><U118/><E118/><V17/><F122/><W64/><G0/><T119/><D119/><U123/><E123/><V43/><F43/><W76/><G76/><T96/><D38/><U129/><E129/><N who="3" m="49738" /><G22/><T51/><D15/><U10/><E93/><V4/><F132/><N who="3" m="50731" /><G32/><T91/><D21/><U7/><E19/><V56/><F24/><W37/><G125/><T104/><D20/><U59/><E7/><V103/><F126/><W85/><G85/><T29/><D12/><U124/><E124/><V45/><F17/><W28/><G28/><T109/><D29/><U81/><E84/><V50/><F103/><W100/><G100/><T74/><D121/><U27/><E27/><V102/><F102/><W83/><G83/><T99/><D120/><U95/><E82/><V16/><F16/><W1/><G1/><T106/><D106/><U25/><E25/><V107/><F107/><W130/><N who="3" m="49746" /><W92/><DORA hai="42" /><G92/><T116/><D105/><U101/><E81/><V113/><F94/><W13/><G13/><T88/><D104/><U2/><E2/><V33/><F33/><W90/><G90/><T5/><D91/><U89/><E101/><V49/><F113/><W23/><G23/><T14/><D88/><U97/><E89/><V87/><F87/><W63/><G37/><T36/><D36/><U31/><E39/><V65/><F75/><W110/><G110/><T133/><D74/><U79/><E111/><RYUUKYOKU ba="1,0" sc="280,-10,230,-10,302,-10,188,30" hai3="47,57,60,63,64,66,71" /><INIT seed="3,2,0,4,2,2" ten="270,220,292,218" oya="3" hai0="20,34,25,120,64,18,118,104,98,114,14,46,39" hai1="3,38,74,57,100,91,48,82,10,123,132,60,94" hai2="84,17,105,59,93,4,61,41,53,16,113,67,26" hai3="12,35,102,75,6,85,80,28,135,52,126,22,79"/><W87/><G126/><T58/><D118/><U71/><E38/><V133/><F105/><W66/><G135/><T45/><D114/><U73/><E123/><V54/><F113/><W32/><G66/><T108/><D108/><U130/><E100/><V127/><F127/><W116/><G116/><T96/><D120/><U36/><E36/><V11/><F41/><W9/><G102/><T115/><D115/><U13/><E3/><V112/><F112/><W78/><G52/><N who="2" m="20073" /><F133/><W47/><G47/><T109/><D109/><U92/><E48/><V72/><F72/><W63/><G63/><N who="0" m="38007" /><D34/><U55/><E71/><V62/><F62/><W122/><G122/><T21/><D104/><U129/><E132/><V29/><F29/><W76/><G75/><T0/><D0/><U69/><E69/><V131/><F26/><N who="3" m="16471" /><G32/><T31/><D39/><U88/><E74/><V51/><F51/><W110/><G35/><T27/><D25/><U30/><E30/><V56/><F56/><W89/><G110/><T97/><AGARI ba="2,0" hai="14,18,20,21,27,31,45,46,96,97,98" m="38007" machi="97" ten="30,1100,0" yaku="8,1" doraHai="2" who="0" fromWho="0" sc="270,17,220,-5,292,-5,218,-7" /><INIT seed="4,0,0,0,5,98" ten="287,215,287,211" oya="0" hai0="69,19,112,78,127,57,24,75,22,29,108,113,89" hai1="37,87,135,58,60,134,82,23,102,28,33,119,116" hai2="5,70,30,66,97,118,20,26,64,6,43,14,122" hai3="52,79,44,133,74,9,68,11,27,15,109,100,101"/><T130/><D69/><U105/><E37/><V94/><F122/><W13/><G68/><T10/><D130/><U71/><E71/><V72/><F72/><W2/><G2/><T84/><D127/><U96/><E33/><V50/><F118/><W111/><G74/><T106/><D106/><U12/><E28/><V53/><F43/><W120/><G120/><T36/><D36/><U125/><E125/><V104/><F104/><W123/><G123/><T67/><D75/><U8/><E23/><V83/><F83/><W21/><G79/><T124/><D78/><U99/><E99/><V49/><F49/><N who="3" m="28711" /><G111/><T47/><D47/><U34/><E34/><V45/><F70/><W32/><G32/><T42/><D42/><U117/><E12/><N who="3" m="4682" /><G109/><T7/><D108/><U40/><E8/><N who="3" m="3146" /><G133/><T103/><D10/><U18/><E18/><AGARI ba="0,0" hai="18,21,27,100,101" m="3146,4682,28711" machi="18" ten="30,7700,0" yaku="8,1,52,2,54,1" doraHai="98" who="3" fromWho="1" sc="287,0,215,-77,287,0,211,77" /><INIT seed="5,0,0,5,0,120" ten="287,138,287,288" oya="1" hai0="124,61,48,34,65,17,86,122,92,4,44,26,87" hai1="33,12,108,93,111,50,23,74,18,41,134,69,127" hai2="125,56,115,119,129,24,82,0,97,75,2,53,8" hai3="57,100,121,38,95,78,25,13,79,51,55,27,19"/><U99/><E74/><V28/><F119/><W29/><G38/><T16/><D124/><U126/><E69/><V59/><F125/><N who="1" m="47625" /><E33/><V64/><F129/><W91/><G100/><T106/><D106/><U107/><E134/><V135/><F135/><W133/><G121/><T104/><D104/><U63/><E107/><V88/><F64/><W5/><G5/><T130/><D4/><U85/><E85/><V98/><F59/><W113/><G113/><T40/><D130/><U112/><E112/><V9/><F115/><W117/><G117/><T101/><D87/><U114/><E114/><V66/><F66/><W123/><G123/><T43/><D43/><U96/><E63/><V83/><F75/><W7/><G7/><T54/><D40/><U45/><E99/><V6/><F9/><N who="3" m="6575" /><G133/><T30/><D122/><U32/><E32/><V42/><F2/><W103/><G79/><T15/><D15/><U68/><E68/><V81/><F42/><W58/><G78/><T116/><D116/><U1/><E1/><V109/><F98/><N who="3" m="59871" /><G29/><T72/><D72/><U89/><AGARI ba="0,0" hai="12,18,23,41,45,50,89,93,96,108,111" m="47625" machi="89" ten="30,6000,0" yaku="18,1,52,2" doraHai="120" who="1" fromWho="1" sc="287,-20,138,60,287,-20,288,-20" /><INIT seed="5,1,0,5,0,67" ten="267,198,267,268" oya="1" hai0="104,105,115,3,15,36,48,62,85,49,110,128,96" hai1="24,28,127,52,98,82,53,109,33,11,126,42,77" hai2="35,135,100,70,94,46,37,122,121,113,117,93,9" hai3="21,44,30,6,102,31,68,61,83,125,87,84,78"/><U56/><E109/><V97/><F117/><W26/><G125/><N who="1" m="47626" /><E42/><V91/><F35/><W72/><G102/><T51/><D36/><U118/><E118/><V5/><F135/><W120/><G120/><T63/><D3/><U80/><E11/><V4/><F4/><W92/><G6/><T1/><D1/><U25/><E98/><V108/><F108/><W131/><G131/><T66/><D128/><U76/><E25/><V111/><F111/><W134/><G31/><T54/><D96/><U119/><E119/><V59/><F59/><W73/><G44/><T64/><D15/><U32/><E33/><V90/><F100/><W8/><G8/><T79/><D110/><U130/><E130/><V75/><F75/><W69/><G134/><T74/><D74/><N who="1" m="43031" /><E56/><V39/><F97/><W106/><G73/><AGARI ba="1,0" hai="24,28,32,52,53,73,77,82" m="43031,47626" machi="73" ten="30,2900,0" yaku="18,1,54,1" doraHai="67" who="1" fromWho="3" sc="267,0,198,32,267,0,268,-32" /><INIT seed="5,2,0,5,3,43" ten="267,230,267,236" oya="1" hai0="27,122,24,42,88,87,86,23,44,52,129,130,68" hai1="81,26,25,72,80,21,67,15,14,135,99,46,85" hai2="102,119,11,82,91,110,2,60,100,30,98,18,64" hai3="134,78,65,28,120,31,76,59,127,71,4,56,10"/><U55/><E135/><V36/><F119/><W40/><G120/><T3/><D3/><U133/><E133/><V95/><F110/><W1/><G134/><T49/><D68/><U109/><E109/><V116/><F116/><W61/><G127/><T121/><D86/><U117/><E117/><V113/><F113/><W74/><G40/><T118/><D42/><U32/><E32/><V39/><F30/><W92/><G92/><N who="0" m="54303" /><D27/><U125/><E125/><V79/><F39/><W22/><G74/><T103/><D103/><U38/><E67/><V37/><F37/><W107/><G107/><T108/><D118/><U57/><E99/><V131/><F131/><N who="0" m="50186" /><D108/><U29/><E26/><V66/><F36/><W9/><G71/><T20/><D20/><U54/><E72/><V51/><F66/><W6/><G22/><T48/><D49/><N who="1" m="28983" /><E38/><V97/><F51/><W101/><G101/><T12/><D12/><N who="1" m="4651" /><E85/><V45/><F2/><W35/><G35/><T84/><D84/><U41/><E41/><V73/><F98/><W70/><G70/><T13/><D13/><U53/><E53/><V69/><F100/><W94/><G1/><T93/><D93/><U90/><E90/><V33/><F91/><W5/><G94/><T0/><D0/><U58/><E58/><V105/><F33/><W16/><G59/><T112/><D112/><U7/><E7/><V126/><F95/><W77/><G10/><T132/><D132/><U75/><E75/><V111/><F111/><W96/><G96/><T124/><D124/><U89/><E89/><V63/><F126/><W62/><G62/><AGARI ba="2,0" hai="21,25,29,55,57,62,80,81" m="4651,28983" machi="62" ten="30,5800,0" yaku="6,1,8,1,52,1" doraHai="43" who="1" fromWho="3" sc="267,0,230,64,267,0,236,-64" /><INIT seed="5,3,0,4,3,104" ten="267,294,267,172" oya="1" hai0="53,8,118,98,33,111,92,42,56,131,77,27,16" hai1="108,129,17,135,114,57,110,26,52,96,127,38,23" hai2="25,103,24,39,62,9,22,58,99,123,84,0,86" hai3="91,15,134,90,76,1,88,48,35,54,105,119,79"/><U89/><E38/><V121/><F39/><W49/><G1/><T7/><D118/><U63/><E114/><V106/><F25/><W37/><G35/><T65/><D131/><U28/><E129/><V81/><F0/><W61/><G37/><T67/><D111/><N who="1" m="42539" /><E135/><V30/><F9/><W80/><G105/><T21/><D42/><U20/><E127/><V5/><F5/><W116/><G134/><T74/><D33/><N who="1" m="20631" /><E17/><V120/><REACH who="2" step="1"/><F81/><REACH who="2" ten="267,294,257,172" step="2"/><W113/><G113/><T4/><D4/><U82/><E82/><V36/><F36/><W117/><G15/><T44/><D7/><U51/><E51/><N who="3" m="19530" /><G80/><T55/><D8/><U12/><E12/><V124/><F124/><W87/><G87/><T32/><D27/><U10/><E10/><V41/><F41/><W85/><G85/><T122/><D122/><U73/><E73/><V83/><F83/><W11/><G11/><T109/><D74/><U93/><AGARI ba="3,1" hai="20,23,52,57,63,89,93,96" m="20631,42539" machi="93" ten="30,3000,0" yaku="10,1,54,1" doraHai="104" who="1" fromWho="1" sc="267,-13,294,49,257,-13,172,-13" /><INIT seed="5,4,0,2,2,88" ten="254,343,244,159" oya="1" hai0="24,23,97,53,43,63,121,102,42,132,126,0,130" hai1="21,55,9,31,99,58,73,39,80,117,60,13,25" hai2="2,131,104,87,83,57,81,77,12,109,96,107,70" hai3="85,90,128,118,61,116,106,103,33,29,89,15,113"/><U72/><E117/><N who="3" m="45162" /><G29/><T135/><D0/><U76/><E39/><V3/><F70/><W32/><G103/><T11/><D11/><U1/><E1/><V18/><F109/><W74/><G74/><T93/><D126/><U36/><E36/><V68/><F68/><W120/><G106/><T66/><D53/><U67/><E99/><V16/><F131/><W134/><G120/><T5/><D5/><U38/><E38/><V41/><F41/><W123/><G123/><T115/><D115/><U17/><E67/><V112/><F112/><W110/><G110/><T119/><D130/><U49/><E49/><V114/><F114/><W122/><G122/><T84/><D84/><AGARI ba="4,0" hai="9,13,17,21,25,31,55,58,60,72,73,76,80,84" machi="84" ten="30,1500,0" yaku="7,1" doraHai="88" who="1" fromWho="0" sc="254,-27,343,27,244,0,159,0" /><INIT seed="5,5,0,2,0,44" ten="227,370,244,159" oya="1" hai0="108,13,20,51,68,55,73,132,63,120,121,84,60" hai1="45,35,109,87,107,94,47,57,53,8,96,112,17" hai2="97,115,89,105,130,39,38,134,41,21,49,103,19" hai3="131,82,102,3,42,59,127,61,129,114,92,11,111"/><U116/><E35/><V122/><F122/><N who="0" m="47210" /><D73/><U32/><E32/><V10/><F134/><W91/><G111/><T95/><D108/><U117/><E107/><V118/><F118/><W24/><G127/><T52/><D68/><U48/><E109/><V88/><F130/><N who="3" m="49675" /><G114/><T36/><D36/><U27/><E112/><V86/><F115/><W119/><G119/><T106/><D55/><U25/><E87/><V81/><F10/><W62/><G102/><T5/><D106/><U33/><E33/><V66/><F66/><W126/><G126/><T46/><D132/><U9/><E117/><V99/><F99/><N who="3" m="57759" /><G42/><T0/><D0/><U65/><E116/><V40/><F40/><W100/><G100/><T77/><D95/><U98/><E94/><N who="2" m="58807" /><F39/><W78/><G24/><T79/><D79/><U6/><E27/><N who="2" m="14783" /><F38/><W133/><G133/><T113/><D113/><U101/><E101/><V110/><F110/><W12/><G3/><T70/><D70/><U128/><E128/><V124/><F105/><W34/><G34/><T83/><D5/><U69/><E6/><V135/><F135/><W85/><G59/><T4/><D4/><AGARI ba="5,0" hai="4,11,12,61,62,78,82,85" m="57759,49675" machi="4" ten="30,1000,0" yaku="19,1" doraHai="44" who="3" fromWho="0" sc="227,-25,370,0,244,0,159,25" /><INIT seed="6,0,0,5,2,63" ten="202,370,244,184" oya="2" hai0="48,122,37,73,6,3,20,127,56,11,40,36,1" hai1="101,17,18,80,134,104,27,39,46,135,130,58,88" hai2="78,33,102,45,54,50,66,131,117,65,112,110,132" hai3="0,16,38,29,107,108,72,77,129,25,99,41,105"/><V61/><F117/><W13/><G0/><T49/><D127/><U52/><E101/><V64/><F33/><W120/><G120/><T71/><D71/><U74/><E104/><V96/><F78/><W79/><G108/><T118/><D122/><U12/><E27/><V22/><F110/><W133/><G107/><T57/><D118/><U28/><E28/><V53/><F132/><W81/><G133/><N who="1" m="50698" /><E130/><V94/><F131/><W86/><G129/><T19/><D49/><N who="1" m="30991" /><E12/><V126/><F126/><W31/><G31/><T93/><D3/><U70/><E70/><V128/><F128/><W10/><G99/><T24/><D37/><U121/><E121/><V76/><F76/><W119/><G105/><T60/><D36/><U14/><E14/><V26/><F112/><W35/><G119/><T23/><D24/><U51/><E39/><V5/><F5/><W75/><REACH who="3" step="1"/><G79/><REACH who="3" ten="202,370,244,174" step="2"/><T62/><D1/><U123/><E123/><V47/><F96/><W106/><G106/><T91/><D91/><U82/><E88/><V42/><F102/><W8/><G8/><T113/><D11/><U55/><E74/><V32/><F32/><W68/><G68/><T109/><D73/><U87/><E87/><V124/><F124/><W67/><G67/><T90/><D109/><U2/><E2/><V115/><F66/><W21/><G21/><T98/><D23/><U69/><E69/><V30/><F65/><W103/><G103/><T84/><D84/><U125/><E125/><V43/><F64/><W9/><G9/><T44/><D20/><U59/><E82/><V4/><F22/><RYUUKYOKU ba="0,1" sc="202,-10,370,-10,244,-10,174,30" hai3="10,13,16,25,29,35,38,41,72,75,77,81,86" /><INIT seed="7,1,1,5,2,71" ten="192,360,234,204" oya="3" hai0="104,115,121,122,12,32,117,31,107,3,124,95,1" hai1="88,131,108,65,56,34,0,38,119,47,81,86,79" hai2="89,118,91,27,6,28,41,4,62,20,125,22,55" hai3="83,92,45,82,102,128,80,14,101,94,132,90,18"/><W5/><G128/><T15/><D117/><U11/><E108/><V63/><F118/><W70/><G70/><T8/><D95/><N who="3" m="36393" /><G132/><T74/><D74/><U64/><E34/><V133/><F133/><W46/><G5/><N who="2" m="2153" /><F125/><W130/><G90/><N who="2" m="34313" /><F41/><W10/><G130/><T97/><D124/><U52/><E56/><V75/><F75/><W9/><G9/><T77/><D8/><U26/><E65/><V93/><F93/><W111/><G111/><T110/><D110/><U98/><E11/><V25/><F55/><W103/><AGARI ba="1,1" hai="10,14,18,45,46,80,82,83,101,102,103" m="36393" machi="103" ten="40,2100,0" yaku="8,1" doraHai="71" who="3" fromWho="3" sc="192,-8,360,-8,234,-8,204,34" /><INIT seed="7,2,0,5,0,80" ten="184,352,226,238" oya="3" hai0="65,66,22,133,99,26,90,83,46,97,27,71,126" hai1="96,77,125,74,29,130,54,123,131,35,18,91,103" hai2="100,81,61,118,92,58,19,30,16,55,75,98,12" hai3="50,41,48,5,119,78,49,82,10,102,120,6,107"/><W38/><G6/><T129/><D71/><U34/><E123/><V95/><F118/><W60/><G102/><T31/><D133/><U70/><E70/><V105/><F30/><W108/><G107/><T114/><D129/><U84/><E18/><V15/><F75/><W24/><G60/><T1/><D1/><U85/><E54/><V68/><F68/><W104/><G104/><T117/><D117/><U113/><E29/><V37/><F37/><W116/><G24/><T89/><D126/><U2/><E2/><V109/><F109/><W44/><G120/><T67/><D114/><U135/><E35/><V53/><F53/><W32/><G32/><T112/><D112/><U39/><E34/><V72/><F72/><N who="3" m="43335" /><G108/><T23/><D46/><U4/><E74/><V121/><F121/><W88/><G88/><T21/><D31/><U17/><E91/><N who="0" m="34825" /><D83/><U86/><E113/><V9/><F81/><W69/><G69/><T101/><D101/><U7/><E103/><V14/><F14/><W43/><G43/><T111/><D111/><U59/><E131/><V33/><F33/><W79/><G79/><T115/><D115/><U45/><E77/><V25/><F25/><AGARI ba="2,0" hai="21,22,23,25,26,27,65,66,67,97,99" m="34825" machi="25" ten="40,5200,0" yaku="28,2,8,1" doraHai="80" who="0" fromWho="2" sc="184,58,352,0,226,-58,238,0" owari="242,4.0,352,45.0,168,-33.0,238,-16.0" /></mjloggm>