<mjloggm ver="2.3"><GO type="97" lobby="0"/><UN n0="%E3%83%88%E3%83%88%E3%83%AA%E5%85%88%E7%94%9F%31%39%E6%AD%B3" n1="%E9%83%A1%E5%B1%B1%E7%83%88%E7%81%AB" n2="%E3%83%90%E3%83%88%E3%83%AB%E3%83%92%E3%83%BC%E3%83%AD%E3%83%BC" n3="%E3%82%B3%E3%83%9F" dan="14,13,13,15" rate="2065.87,1820.87,1881.76,1976.74" sx="F,M,M,M"/><TAIKYOKU oya="0"/><INIT seed="0,0,0,2,4,49" ten="250,250,250,250" oya="0" hai0="116,70,31,131,9,1,118,107,79,30,121,35,81" hai1="68,124,130,23,14,2,42,41,93,24,106,71,3" hai2="66,22,101,11,33,50,72,82,40,135,87,80,95" hai3="44,98,61,20,55,6,17,26,19,59,117,52,45"/><T58/><D121/><U110/><E106/><V129/><F33/><W108/><G117/><T120/><D120/><U100/><E130/><V111/><F135/><W32/><G32/><T133/><D70/><U43/><E124/><V126/><F129/><W56/><G108/><T51/><D107/><U88/><E110/><V128/><F128/><W76/><G6/><T12/><D131/><U39/><E39/><V109/><F126/><W134/><G134/><T91/><D1/><U90/><E100/><V16/><F11/><W18/><G76/><T5/><D133/><U54/><E90/><V25/><F66/><W4/><G4/><T132/><D132/><U77/><E77/><V29/><F72/><W62/><G98/><T127/><D127/><U53/><E3/><V47/><F101/><W75/><G75/><T38/><D38/><U65/><E2/><V99/><F99/><W21/><G17/><T123/><D123/><U86/><E14/><AGARI ba="0,0" hai="14,18,19,20,21,26,44,45,52,55,56,59,61,62" machi="14" ten="30,12000,2" yaku="7,1,9,1,8,1,52,2,54,1" doraHai="49" who="3" fromWho="1" sc="250,0,250,-120,250,0,250,120" /><INIT seed="1,0,0,2,5,115" ten="250,130,250,370" oya="1" hai0="22,54,117,27,91,132,45,35,89,32,74,127,121" hai1="94,88,90,71,82,108,126,36,16,107,76,2,105" hai2="39,10,13,118,70,29,3,87,86,95,12,7,49" hai3="81,21,114,20,41,4,130,59,57,48,37,42,102"/><U124/><E71/><V30/><F70/><W5/><G114/><T43/><D74/><N who="1" m="43287" /><E36/><V26/><F39/><W134/><G37/><T129/><D129/><U69/><E69/><V47/><F95/><W97/><G134/><T62/><D132/><U119/><E16/><V58/><F58/><W135/><G135/><T93/><D54/><U63/><E63/><V96/><F96/><W14/><G130/><T84/><D62/><U72/><E2/><V55/><F118/><W61/><G81/><T66/><D117/><U44/><E44/><V122/><F122/><W75/><G75/><T106/><D66/><U85/><E72/><V67/><F67/><W103/><G48/><T24/><D121/><U99/><E108/><V104/><F104/><N who="1" m="40009" /><E119/><V0/><F30/><W46/><G61/><T11/><D45/><U56/><E56/><V109/><F109/><W53/><G46/><T77/><D35/><U6/><E6/><V38/><F38/><W128/><G53/><T112/><D32/><U50/><E50/><V111/><F111/><W31/><G128/><T83/><D43/><U17/><E17/><V73/><F73/><W100/><G31/><T34/><D34/><U15/><E15/><N who="2" m="5707" /><F0/><W101/><G57/><T131/><D131/><U110/><E110/><V40/><F40/><W52/><G59/><T23/><D27/><U60/><E60/><V125/><F125/><W78/><G42/><T133/><D24/><U25/><E25/><V120/><F120/><W123/><G41/><T19/><D133/><U79/><E79/><V1/><F1/><W68/><G78/><RYUUKYOKU ba="0,0" sc="250,-15,130,15,250,15,370,-15" hai1="85,88,90,94,99,124,126" hai2="3,7,10,26,29,47,49,55,86,87" /><INIT seed="1,1,0,5,0,22" ten="235,145,265,355" oya="1" hai0="82,19,47,115,71,105,88,29,24,84,78,77,48" hai1="67,41,20,8,5,30,18,39,131,114,124,94,53" hai2="43,125,6,123,79,9,63,57,135,87,68,133,61" hai3="50,26,103,126,27,46,110,2,13,104,134,130,4"/><U121/><E121/><V10/><F125/><W93/><G2/><T122/><D115/><U98/><E114/><V37/><F123/><W72/><G104/><T51/><D122/><U42/><E39/><V92/><F68/><W23/><G72/><T38/><D71/><U75/><E75/><V55/><F63/><W73/><G73/><T64/><D105/><U25/><E131/><V101/><F79/><W80/><G130/><T35/><D64/><U76/><E76/><V62/><F62/><W69/><G69/><T66/><D66/><U108/><E108/><V100/><F37/><W74/><G74/><T45/><D38/><U14/><E67/><V91/><F43/><N who="1" m="16393" /><E124/><V52/><F55/><N who="3" m="30167" /><G126/><T83/><D48/><U111/><E53/><V17/><F17/><N who="3" m="10671" /><G134/><N who="2" m="51209" /><F10/><W102/><G4/><T128/><D128/><U107/><E107/><V81/><F81/><W0/><G0/><T118/><D82/><U40/><N who="1" m="16401" /><U7/><DORA hai="113" /><E111/><V58/><F58/><W90/><G110/><T96/><D47/><U120/><E120/><V33/><F33/><W56/><G56/><T32/><D32/><U116/><E116/><V11/><F11/><W1/><G1/><AGARI ba="1,0" hai="1,6,9,52,57,61,87,91,92,100,101" m="51209" machi="1" ten="30,2000,0" yaku="20,1,54,1" doraHai="22,113" who="2" fromWho="3" sc="235,0,145,0,265,23,355,-23" /><INIT seed="2,0,0,1,5,43" ten="235,145,288,332" oya="2" hai0="61,102,30,2,119,129,91,86,106,56,121,135,54" hai1="75,53,0,41,49,33,111,90,81,110,15,126,13" hai2="69,92,101,132,93,117,37,105,58,29,51,35,18" hai3="59,47,115,17,10,74,96,45,57,21,4,113,19"/><V24/><F117/><W26/><G74/><T63/><D121/><U89/><E33/><V99/><F132/><W82/><G82/><T103/><D2/><U25/><E25/><V133/><F37/><W52/><G96/><T130/><D135/><U107/><E107/><V67/><F133/><W128/><G128/><N who="0" m="49259" /><D119/><U65/><E65/><V11/><F51/><N who="3" m="30879" /><G19/><T76/><D76/><U9/><E126/><V100/><F100/><N who="0" m="38442" /><D30/><U104/><E104/><V95/><F58/><W3/><G59/><T94/><D106/><U8/><E0/><V79/><F79/><W125/><G125/><T46/><D46/><U77/><E41/><V112/><F112/><N who="3" m="43083" /><G3/><T134/><D134/><U1/><E1/><V73/><F73/><W28/><G4/><T12/><D12/><AGARI ba="0,0" hai="10,12,17,21,26,28,45,47" m="43083,30879" machi="12" ten="30,7700,0" yaku="11,1,52,2,54,1" doraHai="43" who="3" fromWho="0" sc="235,-77,145,0,288,0,332,77" /><INIT seed="3,0,0,0,0,15" ten="158,145,288,409" oya="3" hai0="133,91,10,4,29,37,69,121,30,71,81,67,40" hai1="12,104,123,24,17,84,79,86,20,31,93,65,99" hai2="111,128,95,89,60,6,35,126,96,122,110,124,13" hai3="103,8,75,66,80,43,88,32,77,23,85,28,55"/><W68/><G32/><T1/><D121/><U100/><E123/><V54/><F122/><W41/><G103/><T108/><D108/><N who="2" m="41514" /><F35/><W38/><G8/><T39/><D133/><U115/><E115/><V16/><F6/><W117/><G117/><T62/><D69/><U106/><E65/><V105/><F128/><W25/><G38/><T21/><D40/><U94/><E93/><V58/><F105/><W18/><G55/><T118/><D118/><U98/><E79/><V64/><F64/><W61/><G28/><T44/><D44/><U73/><E73/><V59/><F59/><W5/><G5/><T74/><D30/><U72/><E72/><V120/><F120/><W82/><AGARI ba="0,0" hai="18,23,25,41,43,61,66,68,75,77,80,82,85,88" machi="82" ten="20,7800,0" yaku="0,1,7,1,52,1,54,1" doraHai="15" who="3" fromWho="3" sc="158,-26,145,-26,288,-26,409,78" owari="132,-27.0,119,-38.0,262,6.0,487,59.0" /></mjloggm>