<mjloggm ver="2.3"><GO type="41" lobby="0"/><UN n0="%E3%83%9E%E3%83%87%E3%83%A5%E3%83%A9" n1="%E6%9D%A5%E7%A6%8F" n2="%E5%B0%B1%E6%B4%BB%E7%94%9F%40%E5%B7%9D%E6%9D%91%E8%BB%8D%E5%9B%A3" n3="%E6%98%A5%E2%98%86%E5%A4%8F%E2%98%86%E7%A7%8B%E2%98%86%E5%86%AC" dan="14,14,14,13" rate="1875.64,1921.25,1952.64,1884.57" sx="M,M,M,M"/><TAIKYOKU oya="0"/><INIT seed="0,0,0,4,0,85" ten="250,250,250,250" oya="0" hai0="17,27,23,5,76,78,64,81,42,43,131,8,130" hai1="128,98,44,135,116,118,1,53,80,109,49,87,117" hai2="120,59,112,58,123,102,54,36,29,104,84,30,47" hai3="12,40,101,89,32,13,55,4,46,19,65,111,107"/><T37/><D64/><U97/><E109/><V114/><F104/><W134/><G32/><T110/><D110/><U68/><E1/><V83/><F102/><W105/><G111/><T125/><D125/><U108/><E108/><V41/><F30/><W79/><G79/><T20/><D20/><U45/><E128/><V7/><F7/><W2/><G65/><T10/><D10/><U67/><E135/><V71/><F29/><W69/><G69/><T129/><D37/><U18/><E18/><V52/><F71/><W133/><G2/><T77/><REACH who="0" step="1"/><D81/><REACH who="0" ten="240,250,250,250" step="2"/><U122/><E67/><V93/><F114/><W14/><G133/><T61/><D61/><U96/><E122/><V92/><F112/><W90/><G134/><T94/><D94/><U106/><E106/><V119/><F119/><W51/><G107/><T66/><D66/><U113/><E113/><V6/><F6/><W99/><G4/><T16/><D16/><U121/><E121/><V25/><F120/><W95/><G105/><T62/><D62/><U72/><E68/><V15/><F123/><W115/><G115/><T126/><D126/><U11/><E11/><V75/><F92/><W21/><REACH who="3" step="1"/><G40/><REACH who="3" ten="240,250,250,240" step="2"/><T24/><D24/><AGARI ba="0,2" hai="12,13,14,19,21,24,46,51,55,89,90,95,99,101" machi="24" ten="40,8000,1" yaku="1,1,2,1,8,1,52,2,53,0" doraHai="85" doraHaiUra="103" who="3" fromWho="0" sc="240,-80,250,0,250,0,240,100" /><INIT seed="1,0,0,0,1,20" ten="160,250,250,340" oya="1" hai0="66,79,0,43,135,44,1,89,132,92,49,114,100" hai1="128,17,111,95,15,120,126,33,102,38,68,65,72" hai2="96,116,69,85,70,45,131,27,13,78,123,124,106" hai3="73,81,129,12,31,115,125,107,121,94,34,50,90"/><U3/><RYUUKYOKU type="yao9" ba="0,0" sc="160,0,250,0,250,0,340,0" hai1="3,15,17,33,38,65,68,72,95,102,111,120,126,128" /><INIT seed="1,1,0,5,0,123" ten="160,250,250,340" oya="1" hai0="42,104,6,30,94,7,8,44,12,40,37,108,48" hai1="32,62,9,52,134,3,78,67,36,14,71,90,101" hai2="34,49,53,18,29,61,65,98,63,74,59,28,2" hai3="130,20,57,106,25,39,85,54,110,22,91,82,92"/><U89/><E32/><V116/><F2/><W118/><G39/><T77/><D104/><U21/><E36/><V88/><F116/><W26/><G106/><T117/><D117/><U121/><E121/><V60/><F74/><W102/><G118/><T56/><D30/><U68/><E134/><V112/><F112/><W76/><G130/><T64/><D7/><U105/><E78/><V79/><F79/><W24/><G102/><T15/><D108/><U129/><E129/><V87/><F98/><W135/><G110/><T51/><D15/><U73/><E73/><V99/><F99/><W93/><G135/><T45/><D37/><U128/><E128/><V46/><F18/><W81/><G81/><T70/><D70/><U97/><E3/><V115/><F115/><W66/><G66/><T124/><D124/><U132/><E132/><V103/><F103/><W80/><G80/><T75/><D94/><N who="3" m="36457" /><G76/><T131/><D131/><U111/><E111/><V84/><F84/><W58/><G58/><T120/><D120/><U69/><E21/><V114/><F114/><W19/><G19/><T27/><D27/><N who="3" m="6913" /><W0/><DORA hai="119" /><G0/><T11/><D11/><U125/><E125/><V47/><F34/><W100/><G100/><T72/><D77/><U86/><E90/><V55/><F65/><W33/><G33/><T107/><D107/><U109/><E109/><V17/><F17/><W113/><G113/><T10/><D8/><U4/><REACH who="1" step="1"/><E52/><REACH who="1" ten="160,240,250,340" step="2"/><V43/><F55/><W16/><G54/><T5/><D6/><U41/><E41/><V38/><F47/><W13/><G22/><RYUUKYOKU ba="1,1" sc="160,0,240,0,250,0,340,0" hai0="5,10,12,40,42,44,45,48,51,56,64,72,75" hai1="4,9,14,62,67,68,69,71,86,89,97,101,105" hai2="28,29,38,43,46,49,53,59,60,61,63,87,88" hai3="13,16,20,57,82,85,91" /><INIT seed="1,2,1,1,3,99" ten="160,240,250,340" oya="1" hai0="5,93,53,43,52,37,70,64,78,108,30,62,135" hai1="67,90,124,9,6,133,34,80,120,14,51,98,32" hai2="56,87,104,84,77,35,66,68,40,58,20,11,47" hai3="24,131,61,82,85,71,105,92,118,95,25,38,123"/><U17/><E120/><V97/><F35/><W75/><G38/><T129/><D78/><U3/><E133/><V111/><F68/><W113/><G113/><T13/><D135/><U132/><E132/><V48/><F111/><W91/><G105/><T23/><D108/><U127/><E67/><V65/><F104/><W8/><G123/><T15/><D129/><U83/><E51/><V7/><F97/><W94/><G131/><T57/><D53/><U122/><E122/><V109/><F109/><W73/><G118/><T81/><D81/><U119/><E119/><V130/><F130/><W128/><G128/><T60/><D5/><U101/><E80/><V54/><F20/><W4/><G75/><T116/><D116/><U69/><E69/><V19/><F19/><W114/><G73/><T50/><D62/><U10/><E127/><V89/><F77/><W76/><G76/><T103/><D30/><U26/><E26/><V117/><F87/><W28/><G114/><T27/><D27/><U88/><E124/><V79/><F79/><W72/><G72/><T1/><D1/><U18/><E18/><V46/><F46/><W96/><G71/><T45/><D23/><U2/><E2/><V115/><F115/><W86/><G61/><T22/><D22/><U121/><E121/><V29/><F29/><W110/><G110/><T44/><D45/><U125/><E125/><V126/><F126/><W59/><G28/><T41/><D41/><U31/><E31/><V107/><F107/><W49/><G24/><T33/><D33/><N who="1" m="12907" /><E83/><N who="2" m="49311" /><F117/><W55/><G25/><T42/><D42/><RYUUKYOKU ba="2,1" sc="160,15,240,15,250,-15,340,-15" hai0="13,15,37,43,44,50,52,57,60,64,70,93,103" hai1="3,6,9,10,14,17,88,90,98,101" /><INIT seed="1,3,1,1,3,87" ten="175,255,235,325" oya="1" hai0="92,53,76,62,124,12,14,90,118,27,64,131,26" hai1="85,109,103,29,16,95,1,127,35,44,108,6,134" hai2="110,13,58,40,2,75,79,72,93,119,125,59,97" hai3="28,91,116,31,42,130,39,106,123,51,20,67,69"/><U101/><E134/><V41/><F2/><W117/><G123/><T49/><D118/><N who="3" m="45673" /><G39/><T17/><D131/><U7/><E127/><V60/><F119/><W70/><G106/><T94/><D124/><U98/><E44/><V34/><F34/><W50/><G130/><T112/><D76/><U77/><E103/><V96/><F125/><W15/><G31/><T105/><D105/><U84/><E84/><V71/><F71/><N who="3" m="27147" /><G67/><T63/><D112/><U48/><E48/><V68/><F68/><W114/><G42/><T122/><D122/><U38/><E38/><V52/><F110/><N who="1" m="42601" /><E1/><V23/><F75/><W74/><G74/><T88/><D64/><U100/><E100/><V61/><F72/><W19/><G28/><T82/><D82/><N who="1" m="47311" /><E29/><V45/><F79/><W30/><G30/><T8/><D62/><U86/><E35/><V11/><F23/><W133/><G133/><T89/><D63/><U25/><E86/><V73/><F73/><W33/><G33/><T66/><D66/><U54/><E54/><N who="2" m="33879" /><F45/><W121/><G114/><T43/><D43/><N who="2" m="16458" /><F93/><N who="0" m="35946" /><D14/><U21/><AGARI ba="3,1" hai="6,7,16,21,25,95,98,101" m="47311,42601" machi="21" ten="30,6000,0" yaku="14,1,10,1,54,1" doraHai="87" who="1" fromWho="1" sc="175,-23,255,79,235,-23,325,-23" /><INIT seed="1,4,0,2,0,82" ten="152,334,212,302" oya="1" hai0="10,58,135,80,133,52,123,112,24,20,122,103,48" hai1="28,55,116,33,84,91,39,131,61,86,107,134,42" hai2="4,40,115,54,17,64,8,59,6,66,111,62,53" hai3="7,35,96,93,110,100,45,14,85,87,77,49,89"/><U78/><E116/><V117/><F115/><W23/><G35/><T43/><D112/><U92/><E107/><V109/><F117/><W74/><G110/><N who="2" m="41993" /><F40/><N who="3" m="24743" /><G74/><T36/><D103/><U63/><E134/><N who="0" m="51209" /><D10/><U128/><E33/><V68/><F66/><W125/><G125/><T1/><D1/><U126/><E28/><V71/><F54/><W113/><G113/><T65/><D65/><U2/><E2/><V5/><F64/><W79/><G100/><T34/><D34/><U118/><E118/><V114/><F114/><W94/><G93/><T70/><D70/><N who="2" m="26666" /><F17/><N who="3" m="10679" /><G7/><T31/><D36/><U30/><E30/><V46/><F46/><W27/><G27/><T51/><D43/><U108/><E108/><V37/><F37/><W29/><G29/><T73/><D51/><U11/><E126/><V124/><F124/><W57/><G57/><T12/><D12/><AGARI ba="4,0" hai="4,5,6,8,12,53,59,62" m="26666,41993" machi="12" ten="30,1000,0" yaku="14,1" doraHai="82" who="2" fromWho="0" sc="152,-22,334,0,212,22,302,0" /><INIT seed="2,0,0,1,0,111" ten="130,334,234,302" oya="2" hai0="61,80,21,26,108,94,117,67,17,124,65,84,12" hai1="42,57,100,121,98,45,46,102,32,20,50,115,87" hai2="114,109,36,69,120,40,7,34,131,66,130,123,44" hai3="106,29,119,128,3,101,24,4,5,132,51,99,54"/><V129/><F34/><W72/><G119/><T58/><D108/><U103/><E32/><V38/><F7/><W78/><G3/><T135/><D117/><U9/><E115/><V55/><F109/><W85/><G72/><T107/><D107/><U105/><E121/><N who="2" m="46667" /><F55/><W8/><G8/><T13/><D135/><U43/><E9/><V2/><F2/><W35/><G128/><T28/><D124/><U30/><E87/><V64/><F114/><W56/><G132/><T76/><D94/><U1/><E1/><V83/><F83/><W118/><G118/><T97/><D97/><U91/><E91/><V31/><F31/><W86/><G78/><T59/><D28/><U96/><E57/><V62/><F66/><W63/><G5/><T6/><D6/><U18/><E30/><V73/><F73/><W39/><G4/><T104/><D104/><U127/><E127/><V125/><F125/><W68/><G39/><AGARI ba="0,0" hai="36,38,39,40,44,62,64,69,129,130,131" m="46667" machi="39" ten="40,12000,1" yaku="19,1,23,1,34,2" doraHai="111" who="2" fromWho="3" sc="130,0,334,0,234,120,302,-120" /><INIT seed="2,1,0,1,1,85" ten="130,334,354,182" oya="2" hai0="39,34,44,102,19,30,10,107,115,58,66,96,23" hai1="87,12,25,113,42,101,82,90,69,17,73,46,121" hai2="133,51,29,61,47,84,111,49,75,6,120,108,106" hai3="2,16,118,14,59,48,36,131,125,32,7,1,76"/><V68/><F75/><W78/><G118/><T11/><D115/><U62/><E113/><V80/><F106/><W95/><G36/><T135/><D135/><U89/><E121/><V74/><F74/><W27/><G125/><T64/><D64/><U126/><E126/><V123/><F6/><W119/><G119/><T65/><D65/><U93/><E25/><V92/><F29/><W45/><G131/><T15/><D39/><U28/><E28/><V83/><F133/><W13/><G59/><T0/><D44/><U114/><E114/><V130/><F130/><W20/><G32/><T43/><D43/><U3/><E3/><V109/><F92/><W35/><G35/><T86/><D0/><U41/><E101/><V116/><F116/><W94/><G2/><T128/><D128/><U104/><E104/><V129/><F129/><W31/><G1/><T9/><D86/><U100/><E100/><V122/><F47/><W5/><G31/><T8/><D34/><U33/><E33/><V67/><F83/><W21/><G21/><T91/><D91/><AGARI ba="1,0" hai="49,51,61,67,68,80,84,91,108,109,111,120,122,123" machi="91" ten="50,9600,0" yaku="14,1,10,1,52,1" doraHai="85" who="2" fromWho="0" sc="130,-99,334,0,354,99,182,0" /><INIT seed="2,2,0,0,0,78" ten="31,334,453,182" oya="2" hai0="65,121,72,14,107,68,85,93,94,6,125,62,5" hai1="66,25,116,16,29,135,133,60,9,19,75,30,24" hai2="22,91,126,36,47,69,115,123,129,46,84,80,92" hai3="34,43,83,45,58,50,31,122,119,71,105,82,95"/><V11/><F69/><W124/><G119/><T57/><D121/><U32/><E75/><V10/><F123/><W67/><G105/><T55/><D72/><U7/><E116/><V102/><F115/><W96/><G122/><T18/><D107/><U48/><E48/><V73/><F126/><W3/><G3/><T39/><D125/><U128/><E128/><V8/><F129/><W87/><G71/><T64/><D64/><U61/><E61/><V108/><F108/><W88/><G34/><T132/><D132/><N who="1" m="50763" /><E60/><V52/><F36/><W33/><G124/><T44/><D94/><U53/><E53/><V54/><F22/><W38/><G31/><T70/><D70/><U90/><E90/><V109/><F109/><W131/><G33/><T23/><D93/><U101/><E101/><V117/><F117/><W0/><G0/><T134/><D134/><U42/><E42/><V74/><F74/><W81/><G131/><T2/><D2/><N who="1" m="247" /><E66/><V49/><F73/><W86/><G38/><T77/><D39/><U40/><E40/><N who="2" m="24775" /><F47/><W15/><G15/><T127/><D44/><U106/><E106/><V104/><F104/><W97/><G97/><AGARI ba="2,0" hai="8,10,11,52,54,80,84,91,92,97,102" m="24775" machi="97" ten="30,5800,0" yaku="8,1,52,1,54,1" doraHai="78" who="2" fromWho="3" sc="31,0,334,0,453,64,182,-64" /><INIT seed="2,3,0,0,2,129" ten="31,334,517,118" oya="2" hai0="80,37,51,54,127,46,59,12,44,118,119,40,126" hai1="48,63,56,124,131,72,57,106,78,4,116,68,128" hai2="79,65,98,20,61,92,95,33,5,55,130,111,71" hai3="74,32,42,60,91,97,47,133,36,1,41,8,114"/><V29/><F130/><N who="1" m="49705" /><E116/><N who="0" m="44585" /><D80/><N who="1" m="45127" /><E106/><V10/><F111/><W43/><G91/><T0/><D12/><U17/><E4/><V11/><F79/><W102/><G60/><T88/><D88/><U66/><E124/><N who="0" m="47657" /><D0/><U108/><E108/><V70/><F33/><W34/><G114/><T135/><D135/><U122/><E122/><V113/><F71/><W35/><G133/><T81/><D81/><U19/><E48/><V93/><F113/><W90/><G90/><T77/><D77/><U83/><E83/><V132/><F132/><W23/><G23/><T62/><D46/><U26/><E26/><V115/><F115/><W9/><G74/><T2/><D2/><U6/><E6/><V104/><F104/><W27/><G27/><T89/><D89/><U134/><E134/><V85/><F85/><W94/><REACH who="3" step="1"/><G1/><REACH who="3" ten="31,334,517,108" step="2"/><T125/><N who="0" m="47665" /><T31/><DORA hai="22" /><D31/><U25/><E25/><V101/><F20/><W105/><G105/><T75/><D75/><U121/><E121/><V30/><F29/><W24/><G24/><T112/><D112/><U73/><E73/><V58/><F30/><W100/><G100/><T39/><AGARI ba="3,1" hai="37,39,40,44,51,54,59,62" m="47665,44585" machi="39" ten="50,8000,1" yaku="12,1,18,1,34,2" doraHai="129,22" who="0" fromWho="0" sc="31,99,334,-23,517,-43,108,-23" /><INIT seed="3,0,0,0,0,40" ten="130,311,474,85" oya="3" hai0="66,87,38,42,91,53,37,104,61,134,111,67,13" hai1="123,126,112,32,101,57,12,43,48,7,54,121,71" hai2="80,6,99,33,14,17,72,58,10,89,4,92,97" hai3="103,59,84,26,49,31,93,2,20,120,75,117,86"/><W60/><G2/><T94/><D111/><U34/><E112/><V106/><F33/><W133/><G75/><T3/><D134/><U30/><E71/><V47/><F106/><W100/><G133/><T51/><D3/><U105/><E126/><V11/><F72/><W107/><G120/><T56/><D104/><U114/><E114/><V19/><F80/><W62/><G107/><T15/><D67/><U8/><E43/><V45/><F58/><W64/><G62/><T82/><D82/><U85/><E85/><V119/><F119/><W95/><G117/><T98/><D98/><U55/><E55/><V113/><F113/><W18/><G18/><N who="2" m="6665" /><F99/><W52/><G95/><T21/><D21/><U63/><E63/><V0/><F0/><W1/><G1/><T110/><D110/><U69/><E69/><V16/><F10/><W127/><G127/><T24/><D24/><U28/><E34/><V77/><F77/><W79/><G79/><T132/><D132/><U9/><E9/><V96/><F96/><N who="3" m="59407" /><G103/><T46/><REACH who="0" step="1"/><D38/><REACH who="0" ten="120,311,474,85" step="2"/><U70/><E105/><V115/><F115/><W44/><AGARI ba="0,1" hai="20,26,31,44,49,52,59,60,64,84,86" m="59407" machi="44" ten="30,11700,0" yaku="25,1,8,1,52,1,54,1" doraHai="40" who="3" fromWho="3" sc="120,-39,311,-39,474,-39,85,127" /><INIT seed="3,1,0,4,1,11" ten="81,272,435,212" oya="3" hai0="73,112,52,81,53,17,88,67,8,26,71,89,64" hai1="122,14,78,18,42,101,16,55,68,118,51,12,30" hai2="126,29,22,90,54,109,105,132,131,58,135,40,28" hai3="97,87,32,6,19,128,1,24,57,120,100,95,9"/><W85/><G120/><T103/><D112/><U21/><E122/><V82/><F105/><W33/><G128/><T3/><D71/><U48/><E68/><V63/><F109/><W124/><G124/><T125/><D125/><U47/><E101/><V35/><F35/><W119/><G119/><T93/><D103/><U61/><E118/><V99/><F126/><W102/><G100/><T79/><D89/><U56/><E78/><V27/><F131/><W121/><G121/><T130/><D130/><U23/><E30/><V62/><F40/><W37/><G37/><AGARI ba="1,0" hai="12,14,16,18,21,23,37,42,47,48,51,55,56,61" machi="37" ten="30,8000,1" yaku="7,1,9,1,52,2,54,1" doraHai="11" who="1" fromWho="3" sc="81,0,272,83,435,0,212,-83" /><INIT seed="4,0,0,5,5,131" ten="81,355,435,129" oya="0" hai0="68,83,60,7,90,1,76,115,104,66,64,73,9" hai1="128,91,51,101,62,134,125,102,98,122,86,133,94" hai2="44,71,32,118,96,13,41,135,126,22,57,29,23" hai3="54,93,121,53,16,61,108,19,56,6,81,24,95"/><T63/><D90/><U8/><E122/><V21/><F71/><W12/><G108/><T38/><D115/><U130/><E62/><V117/><F126/><W116/><G116/><N who="2" m="44649" /><F32/><W34/><G34/><T25/><D25/><U78/><E125/><V20/><F135/><N who="1" m="51721" /><E8/><V111/><F111/><W59/><G121/><T84/><D84/><U35/><E35/><V58/><F96/><W10/><G81/><T4/><D4/><U55/><E78/><V85/><F85/><W31/><G19/><T33/><D33/><U97/><E97/><V82/><F82/><W89/><G31/><T2/><D38/><U3/><E3/><V26/><F13/><W14/><G24/><T124/><D124/><U110/><E110/><V43/><F43/><W40/><G40/><T48/><D48/><AGARI ba="0,0" hai="20,21,22,23,26,29,41,44,48,57,58" m="44649" machi="48" ten="30,1000,0" yaku="12,1" doraHai="131" who="2" fromWho="0" sc="81,-10,355,0,435,10,129,0" /><INIT seed="5,0,0,3,4,133" ten="71,355,445,129" oya="1" hai0="16,96,93,19,105,48,59,85,51,88,123,104,129" hai1="127,3,43,38,11,100,98,6,78,134,131,41,50" hai2="101,113,42,117,23,63,72,120,87,71,52,99,103" hai3="94,24,81,27,10,64,75,82,13,77,33,30,97"/><U126/><E134/><V20/><F72/><W86/><G27/><T28/><D129/><U7/><E131/><V102/><F120/><W32/><G64/><T67/><D123/><U110/><E110/><V92/><F117/><W122/><G122/><T68/><D68/><U62/><E78/><V0/><F0/><W109/><G109/><T135/><D135/><U36/><E62/><V56/><F113/><W111/><G111/><T119/><D119/><U39/><E7/><V79/><F71/><W70/><G70/><T14/><D28/><U73/><E73/><V91/><F42/><W65/><G65/><T57/><D105/><U128/><E128/><V112/><F112/><W60/><G60/><T118/><D118/><U54/><E54/><V18/><F18/><W107/><G107/><T12/><D104/><N who="1" m="63511" /><E50/><N who="0" m="18985" /><D96/><U31/><E31/><V25/><F25/><W125/><G33/><T17/><D67/><U40/><E40/><V76/><F76/><W37/><G37/><N who="1" m="14442" /><E41/><V130/><F130/><W61/><G61/><T108/><D108/><U69/><E69/><V83/><AGARI ba="0,0" hai="20,23,52,56,63,79,83,87,91,92,99,101,102,103" machi="83" ten="30,4000,0" yaku="0,1,8,1,54,1" doraHai="133" who="2" fromWho="2" sc="71,-10,355,-20,445,40,129,-10" /><INIT seed="6,0,0,5,2,82" ten="61,335,485,119" oya="2" hai0="105,116,11,78,59,89,109,45,40,134,95,73,18" hai1="20,51,70,71,84,62,26,36,123,25,23,69,1" hai2="28,15,57,56,112,43,122,86,55,114,64,47,97" hai3="61,101,42,119,24,14,107,96,50,124,76,0,135"/><V128/><F122/><W48/><G119/><T87/><D109/><U100/><E36/><V44/><F128/><W31/><G0/><T19/><D116/><U4/><E100/><V79/><F28/><W125/><G76/><T6/><D105/><U9/><E123/><V117/><F117/><W7/><G42/><T66/><D134/><U72/><E72/><V113/><F97/><W54/><G135/><T32/><D32/><U126/><E126/><N who="3" m="48746" /><G14/><T85/><D73/><U106/><E106/><V90/><F79/><W60/><G7/><T33/><D33/><U91/><E62/><N who="3" m="24170" /><G54/><T17/><D66/><U52/><E26/><V129/><F129/><W94/><G107/><T46/><D59/><U8/><E25/><V99/><F99/><W65/><G65/><T68/><D68/><U111/><E8/><V27/><F64/><W115/><G115/><T75/><D75/><U35/><E35/><AGARI ba="0,0" hai="24,31,35,48,50,94,96,101" m="24170,48746" machi="35" ten="30,1000,0" yaku="18,1" doraHai="82" who="3" fromWho="1" sc="61,0,335,-10,485,0,119,10" /><INIT seed="7,0,0,1,1,57" ten="61,325,485,129" oya="3" hai0="60,6,102,14,61,52,28,82,40,75,119,107,68" hai1="96,41,11,18,118,70,50,77,131,27,46,66,43" hai2="31,129,39,8,49,24,34,54,23,125,32,2,100" hai3="133,84,62,47,90,132,87,93,108,85,10,72,122"/><W73/><G122/><T42/><D119/><U25/><E118/><V94/><F39/><W95/><G47/><T106/><D106/><U65/><E131/><V67/><F125/><W117/><G10/><T124/><D124/><U135/><E135/><N who="3" m="51786" /><G117/><T127/><D127/><U126/><E126/><V16/><F129/><W3/><G3/><T88/><D88/><U26/><E77/><V45/><F67/><W44/><G44/><T35/><D35/><BYE who="0" /><U76/><E76/><V30/><F30/><W115/><G62/><T114/><D114/><U5/><E18/><V80/><F80/><W33/><G33/><T112/><D112/><U9/><E43/><V20/><F20/><W130/><G115/><T56/><D56/><U128/><E128/><V81/><F81/><W123/><G123/><T99/><D99/><U53/><E96/><V79/><F79/><W97/><G130/><T22/><D22/><U37/><E70/><V29/><F29/><W89/><G108/><T105/><D105/><U83/><E83/><V91/><F100/><W58/><G58/><T51/><D51/><U19/><E11/><V48/><F48/><W13/><G13/><T55/><D55/><U101/><E101/><V98/><F2/><W38/><G38/><T78/><D78/><U113/><E113/><V109/><F109/><W36/><G36/><T116/><D116/><U15/><E5/><V69/><F69/><W17/><G17/><T104/><D104/><U4/><E19/><V21/><F8/><W134/><N who="3" m="51794" /><W59/><DORA hai="63" /><G59/><T86/><D86/><N who="3" m="22017" /><W92/><DORA hai="64" /><G97/><RYUUKYOKU ba="0,0" sc="61,-30,325,10,485,10,129,10" hai1="4,9,15,25,26,27,37,41,46,50,53,65,66" hai2="16,21,23,24,31,32,34,45,49,54,91,94,98" hai3="72,73,89,90,92,93,95" /><INIT seed="7,1,0,0,1,132" ten="31,335,495,139" oya="3" hai0="98,68,57,32,44,5,117,90,63,79,102,77,116" hai1="95,92,72,36,125,114,29,33,54,49,46,67,53" hai2="0,133,7,20,76,43,127,71,40,128,39,26,78" hai3="19,85,8,27,129,66,31,4,74,42,108,2,15"/><W96/><G74/><T56/><D56/><U82/><E114/><V1/><F127/><W24/><G108/><T48/><D48/><U69/><E125/><V120/><F71/><W87/><G129/><T105/><D105/><U62/><E36/><V119/><F119/><W23/><G42/><T34/><D34/><U99/><E54/><V70/><F70/><W91/><G66/><T109/><D109/><U9/><E9/><V104/><F104/><W134/><G27/><T123/><D123/><U118/><E118/><V93/><F128/><W86/><G96/><T126/><D126/><U22/><E33/><V30/><F120/><W101/><G101/><T52/><D52/><U83/><E72/><V131/><F131/><W21/><G134/><T115/><D115/><U18/><E29/><V47/><F133/><W89/><AGARI ba="1,0" hai="2,4,8,15,19,21,23,24,31,85,86,87,89,91" machi="89" ten="30,1500,0" yaku="0,1" doraHai="132" who="3" fromWho="3" sc="31,-6,335,-6,495,-6,139,18" /><INIT seed="7,2,0,1,1,105" ten="25,329,489,157" oya="3" hai0="64,121,40,79,131,90,67,91,126,2,36,128,14" hai1="95,110,9,12,16,73,116,115,129,83,54,119,113" hai2="25,89,60,55,31,96,10,42,48,101,99,98,88" hai3="86,118,27,39,92,84,66,3,20,51,24,7,114"/><W49/><G39/><T71/><D71/><U53/><E110/><V41/><F101/><W29/><G118/><N who="1" m="45098" /><E95/><V100/><F100/><W43/><G27/><T61/><D61/><U26/><E26/><V6/><F60/><W134/><G66/><T8/><D8/><U15/><E15/><N who="2" m="5591" /><F31/><W22/><G20/><T82/><D82/><U47/><E129/><V97/><F25/><W70/><G70/><T19/><D19/><U78/><E47/><N who="2" m="28063" /><F97/><W85/><G7/><T75/><D75/><UN n0="%E3%83%9E%E3%83%87%E3%83%A5%E3%83%A9" /><U109/><E109/><V17/><F17/><W62/><G3/><T46/><D121/><U127/><E127/><V93/><F93/><W35/><G35/><T94/><D126/><U120/><E120/><V21/><F21/><W106/><G106/><T57/><D2/><U38/><E38/><V111/><F111/><W72/><G72/><T123/><D123/><U50/><BYE who="0" /><E54/><V69/><F69/><W59/><G43/><AGARI ba="2,0" hai="41,42,43,88,89,96,98,99" m="28063,5591" machi="43" ten="30,2000,0" yaku="8,1,54,1" doraHai="105" who="2" fromWho="3" sc="25,0,329,0,489,26,157,-26" owari="25,-47.0,329,13.0,515,61.0,131,-27.0" /></mjloggm>