<mjloggm ver="2.3"><GO type="97" lobby="0"/><UN n0="%68%69%67%65%33%30" n1="%E8%8A%B8%E8%A1%93%E7%82%B9%E9%87%8D%E8%A6%96" n2="%E5%B0%B1%E6%B4%BB%E7%94%9F%40%E5%B7%9D%E6%9D%91%E8%BB%8D%E5%9B%A3" n3="%E3%82%B4%E3%83%9E" dan="13,14,15,14" rate="1806.22,1917.14,2042.00,1928.29" sx="M,M,M,M"/><TAIKYOKU oya="0"/><INIT seed="0,0,0,1,0,39" ten="250,250,250,250" oya="0" hai0="6,119,97,22,11,5,49,123,135,109,80,0,47" hai1="14,107,105,2,55,103,72,34,17,108,40,100,54" hai2="87,41,79,101,63,7,115,24,45,91,118,1,78" hai3="8,124,65,68,56,32,102,58,23,112,15,43,73"/><T3/><D123/><U76/><E2/><V16/><F115/><W121/><G112/><T10/><D119/><U9/><E34/><V64/><F118/><W51/><G124/><T104/><D135/><U38/><E108/><V98/><F1/><W33/><G121/><T133/><D22/><U116/><E116/><V18/><F7/><W12/><G73/><T46/><D133/><U83/><E100/><V125/><F125/><W62/><G102/><T117/><D117/><U86/><E72/><V44/><F79/><W36/><G23/><T111/><D80/><U127/><E127/><V69/><F45/><N who="3" m="23783" /><G58/><T95/><D104/><U120/><E120/><V84/><F78/><W128/><G128/><T42/><D47/><U35/><E35/><N who="3" m="13386" /><G8/><T82/><REACH who="0" step="1"/><D82/><REACH who="0" ten="240,250,250,250" step="2"/><U26/><E107/><V31/><F31/><W25/><G25/><T19/><D19/><U57/><E105/><V93/><F24/><W59/><G59/><T53/><D53/><AGARI ba="0,1" hai="12,15,51,53,56,62,65,68" m="13386,23783" machi="53" ten="30,2000,0" yaku="24,1,52,1" doraHai="39" who="3" fromWho="0" sc="240,-20,250,0,250,0,250,30" /><INIT seed="1,0,0,1,1,62" ten="220,250,250,280" oya="1" hai0="25,9,119,59,85,87,88,106,117,56,74,107,122" hai1="82,53,66,96,28,60,124,47,19,115,37,13,72" hai2="1,129,38,44,133,83,6,68,45,102,33,58,46" hai3="65,75,121,24,131,104,94,55,40,110,64,86,32"/><U105/><E115/><V57/><F68/><W118/><G121/><T30/><D9/><U23/><E124/><V91/><F38/><W120/><G120/><T92/><D74/><U101/><E28/><V26/><F129/><W18/><G110/><T22/><D122/><U77/><E37/><V29/><F133/><W7/><G131/><T90/><D56/><U112/><E112/><V89/><F102/><W99/><G75/><T73/><D73/><U113/><E113/><V126/><F126/><W5/><G104/><T71/><D59/><U61/><E47/><V135/><F135/><W17/><G40/><T8/><D8/><U4/><E4/><N who="3" m="1610" /><G32/><T48/><D48/><U43/><E43/><V67/><F83/><W103/><G118/><T95/><REACH who="0" step="1"/><D71/><REACH who="0" ten="210,250,250,280" step="2"/><U49/><E49/><V15/><F1/><W3/><G3/><T81/><D81/><U70/><E60/><V78/><F58/><W35/><G35/><T21/><D21/><U11/><E23/><V84/><F6/><W42/><G24/><T125/><D125/><U128/><E128/><V50/><F15/><W10/><G10/><T16/><D16/><U34/><E34/><V54/><F50/><W127/><G17/><T14/><D14/><U31/><E31/><V98/><F57/><W123/><G18/><T93/><D93/><U100/><E70/><V114/><F29/><W76/><G127/><T39/><D39/><U51/><E51/><V109/><F33/><W111/><G123/><T52/><D52/><U27/><E19/><V41/><F114/><W12/><G12/><T97/><D97/><RYUUKYOKU ba="0,1" sc="210,30,250,-10,250,-10,280,-10" hai0="22,25,30,85,87,88,90,92,95,106,107,117,119" /><INIT seed="2,1,1,4,5,12" ten="240,240,240,270" oya="2" hai0="75,32,42,122,70,65,132,73,13,120,109,50,74" hai1="9,92,31,43,68,108,24,29,56,96,87,101,131" hai2="34,85,86,76,62,118,64,113,11,129,61,67,81" hai3="119,41,21,116,130,82,48,99,107,80,57,135,7"/><V2/><F118/><W126/><G126/><T46/><D32/><U23/><E68/><V30/><F113/><W104/><G135/><T133/><D65/><U91/><E108/><V79/><F129/><W4/><G130/><T127/><D70/><U111/><E111/><V112/><F112/><W54/><G41/><T25/><D25/><U77/><E131/><V39/><F39/><W36/><G36/><T28/><D28/><U5/><E43/><V47/><F47/><W98/><G21/><T110/><D127/><U60/><E77/><V124/><F124/><W17/><G48/><T88/><D13/><N who="1" m="5295" /><E31/><V102/><F102/><W106/><G57/><T100/><D100/><U40/><E40/><V89/><F34/><W49/><G49/><T27/><D27/><U0/><E0/><V53/><F30/><W128/><G107/><T78/><D78/><U71/><E71/><V59/><F62/><W103/><G128/><T84/><D110/><U69/><E69/><V14/><F2/><W37/><G37/><T93/><REACH who="0" step="1"/><D109/><REACH who="0" ten="230,240,240,270" step="2"/><U6/><E101/><V18/><REACH who="2" step="1"/><F76/><REACH who="2" ten="230,240,230,270" step="2"/><W58/><G103/><T22/><D22/><U51/><E23/><V26/><F26/><W20/><G20/><T38/><D38/><U63/><E24/><V125/><F125/><W66/><G119/><T134/><AGARI ba="1,3" hai="42,46,50,73,74,75,84,88,93,120,122,132,133,134" machi="134" ten="40,8000,1" yaku="1,1,0,1,20,1,54,1,53,0" doraHai="12" doraHaiUra="8" who="0" fromWho="0" sc="230,113,240,-21,230,-41,270,-21" /><INIT seed="3,0,0,0,5,43" ten="343,219,189,249" oya="3" hai0="89,112,131,13,6,18,48,39,110,86,134,75,99" hai1="119,2,59,80,71,5,87,115,67,124,116,98,42" hai2="3,83,36,45,44,114,126,46,33,28,29,22,50" hai3="65,85,20,35,7,102,81,91,64,107,90,14,120"/><W129/><G120/><T34/><D39/><U121/><E115/><V54/><F33/><W60/><G129/><T55/><D75/><U11/><E121/><V58/><F114/><W96/><G35/><T88/><D34/><U37/><E124/><V125/><F3/><W66/><G90/><T101/><D131/><U92/><E71/><V117/><F117/><N who="1" m="45129" /><E42/><V70/><F70/><W26/><G14/><T41/><D41/><U108/><E37/><V8/><F8/><W109/><G7/><T16/><D112/><U103/><E108/><V24/><F36/><W72/><G72/><T94/><D134/><U0/><E67/><V128/><F128/><W4/><G4/><T25/><D25/><U56/><E0/><V10/><F10/><W123/><G123/><T23/><D6/><U79/><AGARI ba="0,0" hai="2,5,11,56,59,79,80,87,92,98,103" m="45129" machi="79" ten="30,1100,0" yaku="12,1" doraHai="43" who="1" fromWho="1" sc="343,-3,219,11,189,-3,249,-5" owari="340,44.0,230,-17.0,186,-31.0,244,4.0" /></mjloggm>