<mjloggm ver="2.3"><GO type="41" lobby="0"/><UN n0="%72%61%6B%75%E6%9D%B1%E9%A2%A8%E8%8D%98" n1="%E5%B0%B1%E6%B4%BB%E7%94%9F%40%E5%B7%9D%E6%9D%91%E8%BB%8D%E5%9B%A3" n2="%74%6F%74%6F%74%61%72%6F" n3="%E3%82%88%E3%83%BC%EF%BC%A0%E3%83%AD%E3%83%83%E3%82%AF" dan="13,15,16,14" rate="1858.45,1986.14,2089.86,1973.23" sx="M,M,M,M"/><TAIKYOKU oya="0"/><INIT seed="0,0,0,4,5,114" ten="250,250,250,250" oya="0" hai0="73,124,31,1,59,12,118,81,33,135,3,132,133" hai1="17,65,61,21,112,57,52,2,45,11,67,9,7" hai2="91,20,24,87,22,60,18,113,97,53,104,115,71" hai3="84,74,68,94,32,36,16,100,50,101,105,103,56"/><T121/><D118/><U63/><E112/><V13/><F104/><W109/><G36/><T26/><D59/><U28/><E28/><V99/><F115/><W111/><G68/><T34/><D12/><U14/><E45/><V62/><F113/><W90/><G32/><N who="0" m="20599" /><D121/><U107/><E107/><V76/><F76/><W47/><G56/><T102/><D102/><U125/><E125/><V48/><F97/><W35/><G35/><N who="0" m="13323" /><D124/><U95/><E63/><V6/><F99/><W49/><G74/><T10/><D10/><U130/><E130/><V85/><F85/><W96/><G96/><T126/><D126/><U131/><E131/><V46/><F71/><W66/><G105/><T15/><D15/><U79/><E79/><AGARI ba="0,0" hai="1,3,73,79,81,132,133,135" m="13323,20599" machi="79" ten="40,3900,0" yaku="20,1,23,1" doraHai="114" who="0" fromWho="1" sc="250,39,250,-39,250,0,250,0" /><INIT seed="0,1,0,3,5,18" ten="289,211,250,250" oya="0" hai0="98,2,115,50,20,7,114,57,78,120,17,49,60" hai1="130,29,5,55,65,101,54,1,48,69,4,123,10" hai2="86,122,8,0,38,94,131,111,73,103,132,91,31" hai3="110,71,68,100,51,133,92,107,28,95,116,72,16"/><T85/><D120/><U112/><E123/><V128/><F122/><W19/><G116/><T61/><D7/><U27/><E112/><V105/><F38/><W58/><G72/><T124/><D2/><U109/><E130/><V35/><F8/><W37/><G37/><T42/><D124/><U56/><E109/><V62/><F62/><W84/><G110/><T121/><D121/><U9/><E101/><V135/><F31/><W47/><G133/><N who="2" m="51273" /><F35/><W33/><G107/><T46/><D114/><U83/><E83/><V53/><F53/><W12/><G58/><T21/><D17/><U67/><E69/><V3/><F111/><W134/><G134/><T32/><D32/><U63/><E27/><V26/><F26/><W45/><G45/><N who="0" m="25783" /><D98/><U129/><E29/><V11/><F11/><W64/><G28/><T93/><D115/><U118/><E118/><V76/><F0/><W106/><G33/><T75/><D75/><U108/><E108/><V87/><F3/><W52/><G68/><T117/><D117/><U89/><E129/><N who="2" m="49739" /><F73/><W14/><G71/><T41/><D60/><U127/><E9/><V77/><F87/><W81/><G84/><T59/><D57/><U74/><E5/><V39/><F39/><W40/><G40/><T82/><D93/><U36/><E74/><V66/><F66/><AGARI ba="1,0" hai="20,21,41,46,50,59,61,66,78,82,85" m="25783" machi="66" ten="30,5800,0" yaku="8,1,52,2" doraHai="18" who="0" fromWho="2" sc="289,61,211,0,250,-61,250,0" /><INIT seed="0,2,0,2,3,3" ten="350,211,189,250" oya="0" hai0="33,58,115,57,45,51,73,100,61,49,50,66,78" hai1="135,47,14,89,11,79,54,105,46,4,22,130,5" hai2="32,101,17,104,6,9,23,113,52,10,87,80,48" hai3="76,12,91,31,99,37,24,128,72,102,77,55,7"/><T15/><D33/><U43/><E105/><V27/><F113/><W53/><G128/><T123/><D73/><U39/><E130/><V41/><F41/><W111/><G111/><T71/><D100/><U36/><E135/><V114/><F114/><W28/><G37/><T60/><D15/><U131/><E131/><V124/><F124/><W18/><G91/><T103/><D103/><U126/><E126/><V1/><F10/><W97/><G72/><T44/><D78/><U59/><E79/><V86/><F80/><W95/><G99/><T110/><D115/><U127/><E127/><V74/><F74/><W134/><G134/><T108/><D123/><U69/><E69/><V96/><REACH who="2" step="1"/><F32/><REACH who="2" ten="350,211,179,250" step="2"/><W38/><G38/><T109/><D71/><U40/><E89/><V85/><F85/><W125/><G125/><T0/><D0/><U98/><E98/><V94/><F94/><W116/><G95/><T129/><D129/><U64/><E22/><V13/><F13/><W2/><G12/><T67/><AGARI ba="2,1" hai="44,45,49,50,51,57,58,60,61,66,67,108,109,110" machi="67" ten="40,18000,2" yaku="0,1,9,1,14,1,10,1,34,3" doraHai="3" who="0" fromWho="0" sc="350,196,211,-62,179,-62,250,-62" /><INIT seed="0,3,0,4,4,125" ten="546,149,117,188" oya="0" hai0="87,1,93,42,64,26,16,121,6,102,11,82,41" hai1="95,59,79,111,119,24,70,132,19,117,44,122,49" hai2="55,134,94,85,17,47,4,35,23,32,88,13,89" hai3="34,53,133,12,72,45,106,20,100,30,114,57,103"/><T56/><D121/><U80/><E70/><V62/><F134/><W123/><G133/><T91/><D64/><U31/><E132/><V5/><F32/><W115/><G72/><T58/><D102/><U38/><E122/><V101/><F35/><W63/><G123/><T29/><D16/><U110/><E38/><V105/><F105/><W36/><G34/><T113/><D113/><U25/><E59/><V48/><F101/><W109/><G109/><N who="1" m="41482" /><E95/><V98/><REACH who="2" step="1"/><F62/><REACH who="2" ten="546,149,107,188" step="2"/><W0/><G103/><T81/><D56/><U108/><E108/><V131/><F131/><W68/><G100/><T46/><D58/><U54/><E19/><V112/><F112/><W118/><G106/><T99/><D46/><U130/><E130/><V116/><F116/><N who="1" m="44617" /><E31/><V40/><F40/><W37/><G118/><T22/><REACH who="0" step="1"/><D82/><AGARI ba="3,1" hai="4,5,13,17,23,47,48,55,82,85,88,89,94,98" machi="82" ten="30,7700,0" yaku="1,1,7,1,8,1,54,1,53,0" doraHai="125" doraHaiUra="75" who="2" fromWho="0" sc="546,-86,149,0,107,96,188,0" /><INIT seed="1,0,0,2,1,0" ten="460,149,203,188" oya="1" hai0="18,29,90,99,8,129,78,40,100,88,12,52,55" hai1="38,126,31,45,71,63,95,25,16,101,10,103,133" hai2="28,119,24,59,94,57,48,134,41,80,11,128,86" hai3="69,15,37,54,58,77,32,85,51,76,104,82,118"/><U108/><E126/><V106/><F106/><W111/><G37/><T98/><D129/><U105/><E105/><V2/><F128/><W130/><G69/><T112/><D112/><U79/><E133/><V81/><F134/><W22/><G130/><T113/><D113/><U74/><E108/><V62/><F119/><W122/><G111/><T91/><D40/><U6/><E71/><V61/><F94/><W73/><G32/><T30/><D78/><U75/><E63/><V13/><F2/><W123/><G118/><T26/><D26/><U21/><E31/><N who="0" m="11785" /><D100/><U93/><E103/><V96/><F96/><AGARI ba="0,0" hai="8,12,18,52,55,88,90,91,96,98,99" m="11785" machi="96" ten="30,3900,0" yaku="8,1,54,2" doraHai="0" who="0" fromWho="2" sc="460,39,149,0,203,-39,188,0" /><INIT seed="2,0,0,3,1,115" ten="499,149,164,188" oya="2" hai0="56,67,37,120,36,133,47,24,40,51,110,23,117" hai1="2,90,71,6,29,64,49,108,65,5,94,14,74" hai2="124,112,123,69,62,39,41,30,98,60,77,130,53" hai3="15,35,89,109,85,38,127,68,92,61,132,107,101"/><V84/><F112/><W87/><G109/><T8/><D120/><U129/><E74/><V80/><F123/><W31/><G38/><T114/><D114/><U32/><E2/><V134/><F30/><W79/><G132/><T126/><D8/><U18/><E129/><V96/><F134/><W121/><G121/><T111/><D23/><U11/><E108/><N who="0" m="41513" /><D24/><U125/><E125/><V86/><F130/><W20/><G127/><T26/><D26/><U4/><E71/><V52/><F69/><W93/><G107/><T12/><D126/><U75/><E75/><V44/><F124/><W91/><G101/><T43/><D12/><U83/><E83/><V33/><F33/><W106/><G106/><T50/><D133/><U78/><E78/><V102/><F86/><W73/><G73/><T28/><D28/><U103/><E103/><V27/><F27/><W104/><G104/><T34/><D34/><U21/><E32/><V82/><F82/><W54/><G79/><T10/><D10/><U128/><E128/><V3/><F3/><W116/><G35/><T13/><D13/><U113/><E113/><V66/><F102/><W19/><G31/><T58/><D117/><U46/><E29/><V135/><F135/><W88/><G116/><T131/><D131/><U81/><E81/><V105/><F105/><W97/><G97/><N who="2" m="37481" /><F66/><W122/><G122/><T9/><D9/><U118/><E118/><V42/><F42/><N who="0" m="15914" /><D67/><U25/><E65/><V59/><F53/><W95/><G54/><N who="0" m="30047" /><D51/><U99/><E64/><V0/><F0/><W55/><G55/><AGARI ba="0,0" hai="4,5,6,11,14,18,21,25,46,49,55,90,94,99" machi="55" ten="30,2000,0" yaku="7,1,8,1" doraHai="115" who="1" fromWho="3" sc="499,0,149,20,164,0,188,-20" /><INIT seed="3,0,0,1,1,133" ten="499,169,164,168" oya="3" hai0="116,32,2,69,65,0,129,6,49,82,88,121,56" hai1="41,83,13,21,38,93,3,114,48,91,108,23,74" hai2="15,119,110,31,95,126,22,68,1,111,70,54,20" hai3="50,103,14,77,44,101,18,87,125,36,134,66,17"/><W57/><G134/><T62/><D121/><U12/><E3/><V10/><F119/><W60/><G36/><T35/><D116/><U78/><E38/><V42/><F1/><W67/><G67/><T79/><D129/><U102/><E114/><V81/><F42/><W30/><G30/><T55/><D88/><U63/><E108/><N who="2" m="41515" /><F95/><W105/><G125/><T118/><D118/><U4/><E102/><V71/><F81/><N who="3" m="47535" /><G105/><T24/><D6/><U132/><E132/><V19/><F54/><N who="3" m="30023" /><G18/><T46/><D24/><U33/><E33/><V29/><F126/><W99/><G99/><T130/><D130/><U122/><E122/><V127/><F127/><W51/><G51/><T131/><D131/><U135/><E135/><V86/><F86/><W26/><G26/><T92/><D92/><U113/><E113/><V39/><F39/><W5/><G5/><T52/><D2/><U120/><E120/><V11/><F31/><W100/><G100/><T43/><D55/><U107/><E107/><V25/><AGARI ba="0,0" hai="10,11,15,19,20,22,25,29,68,70,71" m="41515" machi="25" ten="40,1500,0" yaku="14,1" doraHai="133" who="2" fromWho="2" sc="499,-4,169,-4,164,15,168,-7" /><INIT seed="4,0,0,2,4,120" ten="495,165,179,161" oya="0" hai0="90,88,74,65,82,27,2,114,48,0,57,108,4" hai1="124,93,59,118,112,20,69,101,18,10,22,46,97" hai2="107,96,5,32,104,91,23,135,13,103,85,12,30" hai3="62,42,55,47,39,28,131,100,83,133,102,117,15"/><T41/><D114/><U64/><E118/><V75/><F135/><W53/><G133/><T115/><D115/><U79/><E112/><V129/><F129/><W134/><G134/><T105/><D105/><U35/><E35/><V29/><F107/><W87/><G131/><T106/><D106/><U19/><E124/><V123/><F123/><W44/><G117/><T110/><D27/><U38/><E69/><V84/><F32/><W92/><G28/><T116/><D116/><U6/><E79/><V60/><F75/><W128/><G128/><T119/><D119/><U66/><E59/><V54/><F85/><W78/><G92/><T1/><D4/><U7/><E46/><V49/><F60/><W58/><G47/><N who="0" m="25711" /><D82/><U127/><E38/><V52/><F54/><W109/><G53/><T34/><D74/><U81/><E81/><V61/><F61/><W3/><G3/><T8/><D8/><U122/><E122/><V130/><F130/><W86/><G87/><T94/><D34/><U25/><E127/><V14/><F5/><N who="1" m="1545" /><E10/><V31/><F23/><W73/><G73/><T76/><D76/><U50/><E50/><V71/><F71/><W33/><G33/><T51/><D94/><U98/><E98/><V77/><F77/><W26/><G78/><T67/><D51/><U111/><E111/><N who="0" m="42537" /><D57/><U80/><E80/><N who="2" m="49543" /><F49/><W72/><G72/><T70/><D70/><U11/><E11/><V40/><F40/><W125/><G109/><T24/><D24/><AGARI ba="0,0" hai="18,19,20,22,24,25,64,66,93,97,101" m="1545" machi="24" ten="30,1000,0" yaku="8,1" doraHai="120" who="1" fromWho="0" sc="495,-10,165,10,179,0,161,0" /><INIT seed="5,0,0,3,3,37" ten="485,175,179,161" oya="1" hai0="9,0,107,86,1,24,39,111,75,84,89,33,124" hai1="34,65,116,71,131,40,122,61,20,26,128,106,5" hai2="66,110,103,125,100,44,35,135,67,114,18,109,113" hai3="132,126,98,41,59,88,80,45,22,54,64,121,112"/><U60/><E116/><V108/><F35/><W52/><G121/><T73/><D111/><U38/><E122/><V29/><F29/><W97/><G126/><T115/><D86/><U92/><E106/><V42/><F18/><W56/><G112/><N who="2" m="43113" /><F125/><W51/><G132/><T77/><D124/><U134/><E134/><V91/><F91/><W16/><G64/><N who="2" m="24617" /><F135/><W11/><G11/><T118/><D118/><U7/><E34/><V69/><F69/><W2/><G2/><T102/><D115/><U53/><E92/><V49/><AGARI ba="0,0" hai="42,44,49,100,103,108,109,110" m="24617,43113" machi="49" ten="40,5200,0" yaku="15,1,11,1,52,1" doraHai="37" who="2" fromWho="2" sc="485,-13,175,-26,179,52,161,-13" /><INIT seed="6,0,0,3,2,71" ten="472,149,231,148" oya="2" hai0="101,123,19,20,52,104,72,106,25,113,21,121,83" hai1="49,54,10,78,77,53,0,5,129,24,131,115,33" hai2="97,110,38,128,13,132,134,109,6,105,69,107,27" hai3="30,79,22,84,42,76,70,40,108,98,12,46,1"/><V45/><F69/><W86/><G1/><T91/><D113/><U36/><E115/><V103/><F105/><W62/><G108/><N who="2" m="41577" /><F27/><W114/><G114/><T117/><D117/><U7/><E33/><V135/><F128/><W66/><G98/><T41/><D41/><U43/><E24/><V80/><F80/><W74/><G74/><T32/><D32/><U94/><E94/><V85/><F85/><W4/><G40/><T9/><D9/><U82/><E7/><V17/><F6/><W116/><G116/><T23/><D121/><U75/><E78/><V28/><F28/><W99/><G99/><T50/><D123/><U125/><E125/><V120/><F120/><W124/><G124/><T34/><D34/><U18/><E18/><V96/><F96/><W68/><G68/><T57/><D101/><U111/><E111/><V112/><F112/><W130/><G130/><N who="1" m="49674" /><E49/><V87/><F87/><W93/><G86/><N who="0" m="50655" /><D72/><U95/><E95/><V26/><F26/><W119/><G119/><T14/><D106/><U44/><AGARI ba="0,0" hai="0,5,10,36,43,44,53,54,75,77,82" m="49674" machi="44" ten="30,4000,0" yaku="25,1,19,1,52,1" doraHai="71" who="1" fromWho="1" sc="472,-10,149,40,231,-20,148,-10" /><INIT seed="7,0,0,0,0,6" ten="462,189,211,138" oya="3" hai0="92,24,44,126,106,91,26,94,7,87,28,59,112" hai1="121,120,18,8,132,109,63,73,49,25,99,36,105" hai2="117,124,62,42,61,70,16,104,27,12,97,50,45" hai3="15,13,29,111,52,133,32,41,82,43,22,47,90"/><W134/><G32/><T1/><D106/><U31/><E36/><V64/><F124/><W107/><G107/><T4/><D126/><U74/><E109/><V85/><F61/><W89/><G111/><T80/><D112/><U5/><E132/><N who="3" m="50794" /><G82/><T119/><D119/><U127/><E49/><V20/><F117/><W95/><G89/><T76/><D92/><U57/><E18/><V75/><F75/><W123/><G123/><T53/><D44/><U122/><E127/><V79/><F85/><N who="3" m="52687" /><G29/><T56/><D1/><U113/><E113/><V55/><F79/><W10/><G22/><N who="0" m="15383" /><D26/><U118/><E118/><V86/><F86/><W100/><G100/><T83/><D59/><U46/><E46/><V71/><F27/><W72/><G72/><T37/><D37/><U129/><E129/><V125/><F125/><W131/><G131/><T0/><D0/><U19/><E99/><V23/><F97/><W66/><G66/><T17/><D83/><U33/><E105/><V84/><F84/><W130/><G130/><T21/><D76/><U88/><E88/><V60/><F104/><W54/><G15/><N who="0" m="9407" /><D80/><U40/><E40/><N who="3" m="15434" /><G47/><T67/><D67/><U98/><E98/><V34/><F34/><W58/><G58/><T35/><D35/><U102/><E102/><V103/><F103/><W48/><G48/><AGARI ba="0,0" hai="4,7,48,53,56,87,91,94" m="9407,15383" machi="48" ten="30,2000,0" yaku="25,1,8,1" doraHai="6" who="0" fromWho="3" sc="462,20,189,0,211,0,138,-20" owari="482,58.0,189,-21.0,211,1.0,118,-38.0" /></mjloggm>