<mjloggm ver="2.3"><GO type="97" lobby="0"/><UN n0="%63%68%69%6E%75%35%30" n1="%E6%A3%AE%E5%B4%8E%E6%9C%89%E4%B8%89" n2="%E5%B0%B1%E6%B4%BB%E7%94%9F%40%E5%B7%9D%E6%9D%91%E8%BB%8D%E5%9B%A3" n3="%E6%9D%B1%E9%A2%A8%E7%A5%9E%59%75%75%6B%69" dan="14,13,14,14" rate="2003.04,1919.26,2027.52,1983.05" sx="M,M,M,F"/><TAIKYOKU oya="0"/><INIT seed="0,0,0,5,4,70" ten="250,250,250,250" oya="0" hai0="83,88,79,71,27,97,28,5,120,134,119,69,67" hai1="84,131,104,113,46,58,135,15,95,54,72,125,92" hai2="91,130,118,30,132,82,62,21,2,77,7,115,16" hai3="117,89,116,68,57,112,48,40,107,3,101,63,47"/><T19/><D120/><U90/><E125/><V4/><F115/><W22/><G3/><T42/><D119/><U41/><E131/><V14/><F118/><W126/><G112/><T55/><D134/><U43/><E113/><V32/><F132/><W18/><G68/><T59/><D42/><U9/><E135/><V102/><F130/><W65/><G126/><T109/><D5/><U1/><E1/><V26/><F102/><W38/><G48/><T6/><D6/><U98/><E72/><V12/><F2/><W124/><G124/><T76/><D109/><U110/><E110/><V51/><F62/><W127/><G127/><T96/><D76/><U81/><E104/><V66/><F66/><W61/><G61/><T105/><D97/><U128/><E128/><V129/><F129/><W24/><G107/><T75/><D19/><N who="1" m="8687" /><E46/><V37/><F37/><W56/><G101/><T133/><D133/><U78/><E95/><V122/><F122/><W10/><G57/><T100/><D67/><U35/><E35/><V73/><F14/><W44/><G44/><T108/><D108/><U31/><E31/><V86/><REACH who="2" step="1"/><F51/><AGARI ba="0,0" hai="41,43,51,54,58,78,81,84,90,92,98" m="8687" machi="51" ten="30,1000,0" yaku="8,1" doraHai="70" who="1" fromWho="2" sc="250,0,250,10,250,-10,250,0" /><INIT seed="1,0,0,2,3,105" ten="250,260,240,250" oya="1" hai0="101,74,104,33,15,36,38,46,26,44,11,39,118" hai1="132,29,135,128,112,85,67,82,97,45,126,111,7" hai2="96,8,60,78,131,2,103,115,71,119,76,89,50" hai3="5,72,68,59,25,57,55,23,91,81,114,48,90"/><U77/><E112/><V56/><F119/><W35/><G114/><T9/><D118/><U121/><E111/><V21/><F115/><W53/><G68/><T100/><D104/><U49/><E126/><V61/><F131/><W52/><G35/><T134/><D134/><N who="1" m="51243" /><E128/><V79/><F89/><W88/><G5/><T18/><D11/><U125/><E125/><V10/><F71/><W31/><G72/><T75/><D101/><U12/><E121/><V127/><F127/><W120/><G120/><T66/><D66/><U13/><E7/><V14/><F2/><W93/><G81/><T122/><D100/><U95/><E29/><V129/><F129/><W133/><G133/><T20/><D33/><U34/><E67/><V130/><F130/><W94/><REACH who="3" step="1"/><G55/><REACH who="3" ten="250,260,240,240" step="2"/><T65/><D122/><U62/><E34/><V32/><F32/><W22/><G22/><T1/><D65/><U58/><E13/><V116/><F21/><W41/><G41/><T70/><D70/><U84/><E12/><V63/><F116/><W51/><AGARI ba="0,1" hai="23,25,31,48,51,52,53,57,59,88,90,91,93,94" machi="51" ten="30,12000,2" yaku="1,1,0,1,9,1,8,1,54,2,53,0" doraHai="105" doraHaiUra="69" who="3" fromWho="3" sc="250,-30,260,-60,240,-30,240,130" /><INIT seed="2,0,0,2,1,29" ten="220,200,210,370" oya="2" hai0="40,33,1,127,19,134,116,95,126,17,90,13,52" hai1="111,15,38,48,106,44,21,115,50,96,103,118,112" hai2="27,71,123,62,82,2,55,8,124,49,61,129,32" hai3="72,86,128,56,36,73,69,7,98,54,76,24,18"/><V58/><F123/><W51/><G69/><T84/><D1/><U101/><E111/><V107/><F124/><N who="0" m="47658" /><D40/><U3/><E118/><V60/><F129/><W108/><G128/><T23/><D134/><U41/><E3/><V125/><F125/><W63/><G108/><T135/><D135/><U65/><E65/><V133/><F133/><W16/><G36/><T110/><D110/><U0/><E0/><V81/><F107/><W89/><G7/><T88/><D116/><U105/><E15/><V74/><F71/><W70/><G70/><T113/><D113/><U30/><E21/><V46/><F74/><W57/><G76/><T14/><D90/><U64/><E30/><V92/><F92/><N who="3" m="56591" /><G86/><T22/><D52/><U43/><E64/><V66/><F82/><W35/><G35/><AGARI ba="0,0" hai="13,14,17,19,22,23,33,35,84,88,95" m="47658" machi="35" ten="30,7700,0" yaku="18,1,52,2,54,1" doraHai="29" who="0" fromWho="3" sc="220,77,200,0,210,0,370,-77" /><INIT seed="3,0,0,5,5,78" ten="297,200,210,293" oya="3" hai0="29,92,75,126,52,26,83,14,99,131,49,133,97" hai1="115,135,91,40,84,86,73,98,15,120,32,68,67" hai2="76,66,6,31,39,70,71,109,107,12,112,79,96" hai3="37,116,18,58,41,36,87,57,132,102,53,5,114"/><W93/><G116/><T119/><D119/><U124/><E115/><V59/><F39/><W22/><G114/><T88/><D133/><U74/><E120/><V121/><F31/><W27/><G132/><T80/><D126/><U69/><E135/><V94/><F107/><W3/><G58/><T90/><D131/><U61/><E124/><V51/><F112/><W123/><G123/><T4/><D75/><U113/><E113/><V100/><F121/><W35/><G35/><T105/><D105/><U129/><E129/><V48/><F109/><W42/><G37/><T134/><D134/><U81/><E69/><V11/><F70/><W85/><G36/><T21/><D99/><U33/><E40/><N who="3" m="15466" /><G3/><T28/><D28/><U43/><E43/><V110/><F110/><W23/><G5/><T117/><D90/><U77/><E98/><V127/><F127/><W34/><G34/><T44/><D117/><U56/><E68/><V60/><F71/><W89/><G23/><T17/><D4/><U64/><E64/><V108/><F108/><W54/><G102/><T50/><D50/><AGARI ba="0,0" hai="6,11,12,48,50,51,59,60,66,76,79,94,96,100" machi="50" ten="40,1300,0" yaku="8,1" doraHai="78" who="2" fromWho="0" sc="297,-13,200,0,210,13,293,0" /><INIT seed="4,0,0,1,5,92" ten="284,200,223,293" oya="0" hai0="126,102,23,79,133,100,1,105,121,21,56,61,44" hai1="109,22,104,119,25,99,93,24,73,101,80,129,40" hai2="14,37,13,115,46,9,8,87,76,86,66,134,132" hai3="113,131,135,123,26,48,47,50,28,42,4,19,43"/><T67/><D121/><U96/><E109/><V65/><F46/><N who="3" m="25687" /><G123/><T127/><D1/><U111/><E129/><V107/><F107/><W33/><G33/><T52/><D133/><N who="2" m="51306" /><F37/><W117/><G135/><T90/><D79/><U85/><E111/><V70/><F70/><W77/><G117/><T63/><D90/><U120/><E120/><V69/><F69/><W11/><G131/><T95/><D105/><U83/><E119/><V57/><F57/><W15/><G113/><T122/><D122/><U81/><E40/><V30/><F30/><W38/><G38/><T116/><D116/><U88/><E24/><V6/><F115/><W53/><G77/><T114/><D114/><U54/><E54/><V78/><F78/><W35/><G35/><T97/><D102/><U68/><E68/><V118/><F118/><W89/><G89/><T84/><D84/><N who="2" m="32298" /><F76/><W110/><G110/><T94/><D94/><U31/><REACH who="1" step="1"/><E96/><REACH who="1" ten="284,190,223,293" step="2"/><V130/><F130/><W74/><G43/><T18/><D44/><U108/><E108/><V125/><F125/><N who="0" m="47626" /><D18/><AGARI ba="0,1" hai="6,8,9,13,14,18,65,66" m="32298,51306" machi="18" ten="30,1000,0" yaku="20,1" doraHai="92" who="2" fromWho="0" sc="284,-10,190,0,223,20,293,0" /><INIT seed="5,0,0,2,5,37" ten="274,190,243,293" oya="1" hai0="57,41,43,84,129,35,101,6,9,85,111,86,66" hai1="75,100,70,17,16,131,94,47,23,55,44,61,29" hai2="46,112,8,63,88,81,42,105,79,107,52,93,1" hai3="110,121,83,7,78,108,126,54,31,38,51,120,2"/><U89/><E131/><V45/><F45/><N who="1" m="17481" /><E75/><N who="2" m="43263" /><F112/><W97/><G38/><T28/><D111/><N who="3" m="42537" /><G126/><T95/><D129/><U125/><E70/><V99/><F63/><W33/><G97/><N who="0" m="59583" /><D35/><U122/><E122/><N who="3" m="47210" /><G7/><T117/><D117/><U25/><E125/><V36/><F52/><W90/><G2/><T58/><D28/><U133/><E133/><V118/><F118/><W19/><G90/><T114/><D114/><U80/><E100/><V98/><F98/><W22/><G31/><T87/><N who="0" m="22016" /><DORA hai="82" /><T135/><D135/><U113/><E113/><V56/><F56/><N who="0" m="21610" /><D66/><U13/><E80/><V72/><F72/><W65/><G33/><T103/><D103/><U116/><E116/><V15/><F15/><AGARI ba="0,0" hai="6,9,15,41,43" m="21610,22016,59583" machi="15" ten="40,12000,2" yaku="8,1,52,6" doraHai="37,82" who="0" fromWho="2" sc="274,120,190,0,243,-120,293,0" owari="394,50.0,190,-21.0,123,-38.0,293,9.0" /></mjloggm>