<mjloggm ver="2.3"><GO type="169" lobby="0"/><UN n0="%E3%83%88%E3%83%88%E3%83%AA%E5%85%88%E7%94%9F%31%39%E6%AD%B3" n1="%65%72%61%6E%76%69%74%61" n2="%E3%82%AA%E3%82%AB%E3%83%AB%E3%83%88%E4%B8%80%E8%89%B2" n3="%E9%81%8A%E8%B5%B0" dan="17,17,16,17" rate="2259.42,2133.93,2044.63,2201.55" sx="F,M,M,M"/><TAIKYOKU oya="0"/><INIT seed="0,0,0,4,4,127" ten="250,250,250,250" oya="0" hai0="72,49,26,50,130,38,115,76,85,123,126,31,55" hai1="61,43,103,63,56,98,58,22,0,36,107,128,10" hai2="60,2,53,73,119,41,74,96,79,110,87,18,129" hai3="86,28,69,95,13,65,46,135,35,124,101,24,78"/><T54/><D115/><U12/><E0/><V92/><F2/><W81/><G124/><T52/><D123/><U118/><E118/><V66/><F41/><W116/><G116/><T114/><D126/><U67/><E22/><V27/><F119/><W34/><G135/><T122/><D114/><U93/><E43/><V75/><F110/><W111/><G111/><T89/><D122/><U20/><E20/><V120/><F120/><W99/><G35/><T7/><D38/><U6/><E36/><V125/><F125/><W44/><REACH who="3" step="1"/><G13/><REACH who="3" ten="250,250,250,240" step="2"/><T15/><D15/><U45/><E45/><V109/><F109/><W84/><G84/><T91/><D85/><U37/><E37/><V68/><F87/><W134/><G134/><T47/><D47/><U90/><E128/><V29/><F129/><W131/><G131/><T80/><D130/><U51/><E51/><V132/><F73/><W108/><G108/><T17/><D50/><U106/><REACH who="1" step="1"/><E103/><REACH who="1" ten="250,240,250,240" step="2"/><V97/><F132/><W70/><G70/><T33/><D49/><U105/><E105/><V40/><F68/><W100/><G100/><T39/><D39/><U82/><E82/><V77/><F92/><W21/><G21/><T94/><D94/><U88/><E88/><V16/><F79/><W11/><G11/><T62/><D91/><U42/><E42/><V14/><F77/><W102/><G102/><T57/><D89/><U30/><E30/><V83/><F83/><W3/><G3/><T9/><D31/><U8/><E8/><V113/><F29/><W5/><G5/><T112/><D33/><U104/><E104/><RYUUKYOKU ba="0,2" sc="250,-15,240,15,250,-15,240,15" hai1="6,10,12,56,58,61,63,67,90,93,98,106,107" hai3="24,28,34,44,46,65,69,78,81,86,95,99,101" /><INIT seed="1,1,2,4,0,54" ten="235,255,235,255" oya="1" hai0="92,118,94,95,32,59,71,57,130,134,21,119,12" hai1="4,40,50,126,98,99,5,93,14,2,82,103,1" hai2="16,113,43,80,84,35,70,122,124,42,89,8,64" hai3="115,125,36,101,110,78,77,86,75,55,56,76,51"/><U33/><E33/><V63/><F122/><W104/><G115/><T29/><D71/><U13/><E126/><V11/><F124/><W26/><G75/><T116/><D32/><U62/><E50/><V87/><F113/><W133/><G125/><T25/><D130/><U7/><E82/><V24/><F35/><W18/><G133/><T107/><D107/><U53/><E40/><V90/><F11/><W129/><G129/><T97/><D134/><U127/><E127/><V31/><F31/><W58/><G36/><T106/><REACH who="0" step="1"/><D12/><REACH who="0" ten="225,255,235,255" step="2"/><U81/><E13/><V6/><F6/><W100/><G110/><T41/><D41/><U132/><E14/><V111/><F111/><W72/><G104/><T52/><D52/><U128/><E53/><V117/><F117/><W108/><G108/><T28/><D28/><U135/><E128/><V20/><REACH who="2" step="1"/><F8/><REACH who="2" ten="225,255,225,255" step="2"/><W123/><G123/><T61/><D61/><U44/><E62/><V46/><F46/><W37/><G72/><T48/><D48/><U69/><E7/><V27/><F27/><W96/><G26/><T91/><D91/><U19/><E44/><V45/><F45/><W3/><G51/><T66/><D66/><U22/><E135/><V30/><F30/><W47/><G47/><T114/><D114/><U131/><E5/><V0/><F0/><W68/><G3/><T120/><D120/><U10/><E4/><V109/><F109/><W85/><G55/><T60/><D60/><U9/><E2/><V73/><F73/><W112/><G112/><T39/><D39/><U121/><E1/><V38/><F38/><RYUUKYOKU ba="1,4" sc="225,15,255,-15,225,15,255,-15" hai0="21,25,29,57,59,92,94,95,97,106,116,118,119" hai2="16,20,24,42,43,63,64,70,80,84,87,89,90" /><INIT seed="2,2,4,0,3,131" ten="240,240,240,240" oya="2" hai0="102,63,129,11,36,86,25,94,42,128,22,17,110" hai1="54,92,34,65,105,19,71,103,117,98,68,46,10" hai2="61,123,107,15,26,20,47,69,77,78,119,104,49" hai3="58,45,70,18,60,24,8,99,85,87,81,127,91"/><V106/><F119/><W51/><G70/><T3/><D110/><U75/><E117/><V48/><F123/><W96/><G127/><T28/><D36/><U118/><E118/><V72/><F15/><N who="3" m="7527" /><G87/><T39/><D39/><U38/><E75/><V124/><F124/><W21/><G58/><T120/><D42/><U76/><E76/><V55/><F72/><W79/><G79/><T7/><D120/><U1/><E54/><V66/><REACH who="2" step="1"/><F49/><REACH who="2" ten="240,240,230,240" step="2"/><W4/><G4/><T73/><D73/><U100/><E38/><V111/><F111/><W74/><G74/><T6/><D6/><U50/><E50/><V32/><F32/><W29/><G60/><T121/><D121/><U30/><E34/><V125/><F125/><W57/><G57/><T95/><D63/><U53/><E71/><V83/><F83/><W56/><G56/><T52/><D128/><U90/><E68/><V115/><F115/><W135/><G135/><T109/><D129/><U40/><E1/><V44/><F44/><W0/><G0/><T37/><D109/><U130/><E46/><V132/><F132/><W5/><G5/><T41/><D7/><U93/><E130/><V16/><AGARI ba="2,5" hai="16,20,26,47,48,55,61,66,69,77,78,104,106,107" machi="16" ten="30,11700,0" yaku="1,1,0,1,54,1,53,1" doraHai="131" doraHaiUra="59" who="2" fromWho="2" sc="240,-41,240,-41,230,173,240,-41" /><INIT seed="2,3,0,0,5,100" ten="199,199,403,199" oya="2" hai0="82,66,63,15,52,108,80,21,11,71,41,128,60" hai1="86,129,88,116,121,6,115,105,49,72,94,59,131" hai2="119,31,109,97,17,124,62,24,56,87,85,74,34" hai3="33,43,53,114,77,103,14,46,99,61,45,91,68"/><V110/><F119/><W47/><G33/><T13/><D108/><N who="2" m="41578" /><F74/><W76/><G114/><T67/><D128/><N who="1" m="49227" /><E72/><V64/><F124/><W26/><G43/><T92/><D41/><U125/><E125/><V36/><F36/><W9/><G91/><T69/><D92/><U65/><E115/><V55/><F17/><W18/><G26/><T5/><D21/><U16/><E6/><V81/><F97/><W73/><G73/><T57/><REACH who="0" step="1"/><D15/><REACH who="0" ten="189,199,403,199" step="2"/><U111/><E111/><V30/><F30/><W104/><REACH who="3" step="1"/><G53/><REACH who="3" ten="189,199,403,189" step="2"/><T118/><D118/><U0/><E116/><V126/><F126/><W123/><G123/><T39/><D39/><U107/><E121/><V12/><F55/><W84/><G84/><T38/><D38/><U50/><E0/><V79/><F85/><W8/><G8/><T95/><D95/><U135/><E135/><V44/><F12/><W4/><G4/><T102/><D102/><U106/><E16/><V10/><F10/><W25/><G25/><T122/><D122/><U130/><E130/><V133/><F133/><W27/><G27/><T23/><D23/><U112/><E112/><V120/><F120/><W134/><G134/><T40/><D40/><U48/><E65/><AGARI ba="3,2" hai="9,14,18,45,46,47,61,65,68,76,77,99,103,104" machi="65" ten="40,2600,0" yaku="1,1,52,1,53,0" doraHai="100" doraHaiUra="3" who="3" fromWho="1" sc="189,0,199,-35,403,0,189,55" /><INIT seed="3,0,0,5,2,103" ten="189,164,403,244" oya="3" hai0="102,30,124,62,42,89,63,26,84,21,114,100,133" hai1="14,121,12,0,130,128,69,95,29,46,70,2,33" hai2="39,98,32,17,54,88,104,53,99,51,109,135,74" hai3="18,86,24,28,115,79,134,47,66,119,3,40,123"/><W23/><G123/><T1/><D1/><N who="1" m="619" /><E95/><V107/><F74/><W80/><G119/><T11/><D133/><U4/><E46/><V91/><F39/><W37/><G115/><T65/><D124/><U112/><E112/><V85/><F32/><W96/><G134/><T20/><D114/><U10/><E121/><V16/><F135/><W13/><G3/><T68/><D11/><N who="1" m="4199" /><E70/><V38/><F38/><W72/><G66/><T97/><D42/><U92/><E92/><V76/><F85/><W43/><G43/><T52/><D97/><U61/><E61/><V5/><F5/><W78/><G96/><T82/><REACH who="0" step="1"/><D21/><REACH who="0" ten="179,164,403,244" step="2"/><U31/><E33/><V120/><F98/><W131/><G131/><N who="1" m="50218" /><E69/><V19/><F99/><W67/><G40/><T34/><D34/><U77/><E77/><V105/><F76/><W113/><G78/><T127/><D127/><U25/><E25/><V126/><F126/><W117/><G24/><T60/><D60/><U90/><E90/><V36/><F88/><W93/><G79/><T35/><D35/><U83/><E83/><V81/><F91/><W94/><G80/><T106/><D106/><U8/><E8/><V55/><F81/><W116/><G113/><T132/><D132/><U129/><N who="1" m="50226" /><U41/><DORA hai="87" /><E41/><V111/><F104/><W58/><G94/><T101/><D101/><U118/><E118/><V27/><F105/><W64/><G93/><T56/><AGARI ba="0,1" hai="20,26,30,52,56,62,63,65,68,82,84,89,100,102" machi="56" ten="30,7900,0" yaku="1,1,0,1,52,1,54,1,53,0" doraHai="103,87" doraHaiUra="125,71" who="0" fromWho="0" sc="179,89,164,-20,403,-20,244,-39" /><INIT seed="4,0,0,3,4,48" ten="268,144,383,205" oya="0" hai0="119,86,50,72,90,67,133,57,128,125,42,18,110" hai1="33,52,111,99,69,14,127,1,62,79,59,108,37" hai2="98,60,49,23,80,106,134,103,120,51,7,32,5" hai3="45,58,78,124,74,84,3,122,116,38,31,40,17"/><T25/><D119/><U135/><E1/><V83/><F120/><W96/><G116/><T20/><D72/><U112/><E33/><V114/><F32/><W73/><G122/><T55/><D128/><U113/><E37/><V121/><F121/><W89/><G3/><T130/><D130/><U76/><E135/><V44/><F134/><W109/><G109/><T12/><D133/><U117/><E117/><V93/><F114/><N who="1" m="44137" /><E127/><V43/><F60/><W6/><G124/><T105/><D110/><N who="1" m="42027" /><E99/><V68/><F68/><W26/><G6/><T132/><D132/><U63/><E14/><V13/><F13/><W2/><G2/><T54/><D105/><U11/><E11/><V82/><F106/><W102/><G17/><N who="0" m="12431" /><D125/><U36/><E36/><V35/><F35/><W39/><G39/><T27/><D27/><U126/><E126/><V4/><F23/><W95/><G78/><T77/><D77/><U92/><E92/><V19/><F19/><W65/><G26/><T123/><D123/><U41/><E41/><V24/><F24/><W10/><G10/><N who="0" m="6423" /><D42/><U91/><E91/><V15/><F15/><W131/><G131/><T29/><D29/><U30/><E30/><V34/><F34/><W71/><G31/><T9/><D9/><U46/><E46/><V8/><F8/><W64/><G71/><T70/><D70/><U47/><E47/><V53/><F7/><W61/><REACH who="3" step="1"/><G64/><AGARI ba="0,0" hai="52,59,62,63,64,69,76,79" m="42027,44137" machi="64" ten="30,7700,0" yaku="15,1,11,1,52,1,54,1" doraHai="48" who="1" fromWho="3" sc="268,0,144,77,383,0,205,-77" /><INIT seed="5,0,0,1,4,24" ten="268,221,383,128" oya="1" hai0="113,2,97,40,27,69,127,65,42,123,38,3,11" hai1="46,77,50,15,1,108,134,28,75,85,67,66,74" hai2="87,59,54,5,58,30,102,23,110,10,7,107,14" hai3="112,4,6,37,125,9,12,17,78,48,135,120,94"/><U103/><E1/><V106/><F110/><W13/><G120/><T111/><D111/><U116/><E116/><V39/><F39/><W131/><G112/><T71/><D123/><U34/><E108/><V68/><F68/><W81/><G37/><T26/><D113/><U109/><E103/><V44/><F106/><W84/><G135/><T124/><D38/><U133/><E85/><V22/><F107/><W122/><G122/><T132/><D97/><U43/><E77/><V130/><F130/><W121/><G131/><T126/><D11/><U51/><E15/><V57/><F102/><W79/><G121/><T63/><D132/><U117/><E34/><V64/><F64/><W31/><G125/><T72/><D72/><U80/><E80/><V19/><F87/><W76/><G94/><T104/><D104/><U91/><E91/><V41/><F41/><N who="0" m="15978" /><D71/><U82/><E82/><V114/><F114/><W89/><G13/><T21/><D27/><U96/><E96/><V100/><F100/><W129/><G129/><T90/><D90/><U56/><E43/><V20/><F7/><W93/><G93/><T128/><D128/><U83/><E83/><V99/><F99/><W105/><G105/><T25/><D25/><U86/><E86/><V70/><F5/><N who="3" m="2155" /><G48/><T60/><D60/><U49/><E49/><N who="2" m="28967" /><F70/><W36/><G36/><T47/><D2/><U33/><E117/><V88/><F88/><W92/><G81/><T95/><D3/><U16/><E109/><V118/><F118/><W62/><G62/><T119/><D119/><U98/><E134/><V52/><F14/><RYUUKYOKU ba="0,0" sc="268,-10,221,-10,383,-10,128,30" hai3="9,12,17,31,76,78,79,84,89,92" /><INIT seed="6,1,0,3,4,8" ten="258,211,373,158" oya="2" hai0="28,121,125,50,52,126,54,14,63,75,53,110,124" hai1="106,3,111,67,41,46,1,91,127,122,80,79,2" hai2="133,19,81,4,70,0,59,135,116,101,44,114,22" hai3="33,9,56,103,73,115,57,129,7,65,62,16,30"/><V132/><F116/><W112/><G73/><T94/><D121/><U32/><E111/><V102/><F70/><W11/><G129/><T72/><D110/><U23/><E91/><V92/><F114/><N who="3" m="43563" /><G33/><T20/><D50/><U55/><E55/><V34/><F34/><W100/><G30/><T86/><D63/><U108/><E23/><V107/><F107/><W95/><G57/><T90/><REACH who="0" step="1"/><D14/><REACH who="0" ten="248,211,373,158" step="2"/><U105/><E108/><V37/><F132/><W113/><N who="3" m="43571" /><W58/><DORA hai="77" /><G58/><T131/><D131/><U76/><E122/><V85/><F59/><W120/><G120/><T96/><D96/><U93/><E2/><V21/><F0/><N who="3" m="231" /><G95/><T68/><D68/><U31/><E93/><V123/><F92/><W17/><G11/><T15/><D15/><U36/><E1/><V64/><F123/><W60/><G60/><T98/><D98/><U48/><E3/><V117/><F133/><W35/><G35/><T43/><D43/><U118/><E41/><V24/><F135/><W71/><G71/><T97/><D97/><U26/><E32/><V109/><F109/><W49/><G49/><T27/><AGARI ba="1,1" hai="20,27,28,52,53,54,72,75,86,90,94,124,125,126" machi="27" ten="40,8000,1" yaku="1,1,0,1,18,1,54,1,53,0" doraHai="8,77" doraHaiUra="130,38" who="0" fromWho="0" sc="248,93,211,-21,373,-41,158,-21" /><INIT seed="7,0,0,2,1,71" ten="341,190,332,137" oya="3" hai0="23,96,47,38,12,62,68,105,44,129,127,15,80" hai1="0,51,70,135,94,55,49,22,72,17,120,77,123" hai2="31,115,98,112,102,121,54,8,67,133,81,63,9" hai3="75,30,4,85,35,114,69,109,124,78,107,108,45"/><W132/><G114/><N who="2" m="43561" /><F133/><W106/><G132/><T128/><D127/><U76/><E51/><V25/><F54/><W66/><G4/><T126/><D126/><U43/><E0/><V39/><F39/><W88/><G124/><T90/><D80/><U87/><E94/><N who="2" m="58711" /><F81/><N who="3" m="49199" /><G75/><T61/><D90/><U104/><E70/><N who="2" m="42367" /><F121/><W2/><G78/><T103/><D47/><U125/><E17/><V74/><F74/><W10/><G45/><T48/><D38/><U18/><E22/><AGARI ba="0,0" hai="8,9,22,25,31" m="42367,58711,43561" machi="22" ten="30,1000,0" yaku="15,1" doraHai="71" who="2" fromWho="1" sc="341,0,190,-10,332,10,137,0" owari="341,14.0,180,-22.0,342,44.0,137,-36.0" /></mjloggm>