<mjloggm ver="2.3"><GO type="97" lobby="0"/><UN n0="%E5%9B%A3%E9%95%B7%EF%BC%A0%E5%B7%9D%E6%9D%91%E8%BB%8D%E5%9B%A3" n1="%E5%B0%B1%E6%B4%BB%E7%94%9F%40%E5%B7%9D%E6%9D%91%E8%BB%8D%E5%9B%A3" n2="%79%75%6B%6B%6F%32%32" n3="%72%68%79%6D%65" dan="15,14,14,15" rate="1977.50,2027.96,2034.96,1975.64" sx="M,M,M,M"/><TAIKYOKU oya="0"/><INIT seed="0,0,0,3,3,129" ten="250,250,250,250" oya="0" hai0="55,71,17,103,117,35,92,18,131,73,38,94,64" hai1="83,74,25,16,22,1,10,113,36,14,29,34,78" hai2="109,119,70,50,105,79,12,33,56,89,77,66,41" hai3="116,44,59,0,68,115,98,40,101,57,45,52,21"/><T75/><D117/><U125/><E113/><V20/><F33/><W99/><G0/><T67/><D35/><U2/><E36/><V3/><F3/><W58/><G115/><T85/><D38/><U81/><E125/><V96/><F70/><W114/><G68/><T104/><D104/><U87/><REACH who="1" step="1"/><E34/><REACH who="1" ten="250,240,250,250" step="2"/><V60/><F119/><W123/><G116/><T11/><D131/><U9/><E9/><V90/><F20/><W126/><G114/><T102/><D11/><U80/><E80/><V84/><F105/><W130/><G126/><T127/><D127/><U13/><E13/><V28/><F12/><W100/><G130/><T118/><D118/><U128/><E128/><V63/><F77/><AGARI ba="0,1" hai="1,2,10,14,16,22,25,29,74,77,78,81,83,87" machi="77" ten="30,3900,0" yaku="1,1,7,1,54,1,53,0" doraHai="129" doraHaiUra="95" who="1" fromWho="2" sc="250,0,240,49,250,-39,250,0" /><INIT seed="1,0,0,3,0,43" ten="250,289,211,250" oya="1" hai0="118,101,7,38,10,121,40,72,98,14,82,55,79" hai1="117,88,112,75,67,70,99,102,45,21,86,48,8" hai2="105,37,39,113,111,5,65,119,100,109,81,63,83" hai3="0,53,61,30,135,50,95,9,133,77,41,16,94"/><U78/><E117/><V13/><F119/><W123/><G30/><T97/><D118/><U134/><E112/><V12/><F113/><W74/><G123/><T31/><D121/><U132/><E78/><V124/><F124/><W6/><G61/><T27/><D55/><U116/><E75/><V28/><F28/><W103/><G41/><T11/><D101/><U56/><E70/><V20/><F105/><W62/><G62/><T23/><REACH who="0" step="1"/><D11/><REACH who="0" ten="240,289,211,250" step="2"/><U106/><E8/><V42/><F100/><W131/><G103/><T108/><D108/><U49/><E116/><V3/><F42/><W128/><G131/><T73/><D73/><U69/><E67/><V35/><F65/><W58/><G128/><T47/><AGARI ba="0,1" hai="7,10,14,23,27,31,38,40,47,72,79,82,97,98" machi="47" ten="30,4000,0" yaku="1,1,0,1,52,1,53,0" doraHai="43" doraHaiUra="54" who="0" fromWho="0" sc="240,50,289,-20,211,-10,250,-10" /><INIT seed="2,0,0,5,1,89" ten="290,269,201,240" oya="2" hai0="60,116,107,29,5,102,26,2,84,25,94,111,57" hai1="13,96,39,51,106,95,135,47,38,28,104,36,43" hai2="81,77,119,129,45,92,40,68,73,122,61,114,113" hai3="23,132,133,54,10,48,101,17,74,117,16,98,0"/><V118/><F68/><W42/><G74/><T78/><D111/><U99/><E135/><N who="3" m="51786" /><G42/><T62/><D107/><U124/><E124/><V66/><F122/><W34/><G34/><T32/><D116/><U18/><E28/><V70/><F129/><W11/><G117/><T1/><D26/><U72/><E99/><V3/><F3/><W127/><G127/><T67/><D5/><U110/><E72/><V108/><F108/><W120/><G120/><T22/><D32/><U97/><E110/><V35/><F35/><W37/><G37/><T88/><D78/><U49/><E97/><V63/><F63/><W58/><G0/><T93/><D62/><U50/><E104/><V59/><F59/><W27/><G17/><T109/><D109/><U44/><E106/><AGARI ba="0,0" hai="10,11,16,23,27,48,54,58,98,101,106" m="51786" machi="106" ten="30,2000,0" yaku="20,1,54,1" doraHai="89" who="3" fromWho="1" sc="290,0,269,-20,201,0,240,20" /><INIT seed="3,0,0,5,1,97" ten="290,249,201,260" oya="3" hai0="1,12,56,90,99,52,18,93,133,59,74,50,69" hai1="32,118,30,53,134,130,35,79,72,29,10,82,80" hai2="43,54,110,23,126,33,111,98,76,13,49,9,87" hai3="19,96,8,45,65,71,48,21,25,16,83,34,64"/><W62/><G34/><T108/><D69/><U44/><E118/><V42/><F33/><W73/><G65/><T58/><D1/><U91/><E130/><V40/><F126/><W94/><G73/><T92/><D74/><U47/><E134/><V77/><F23/><W7/><G83/><T101/><D108/><U5/><E72/><V22/><F22/><W127/><G127/><T78/><D78/><U6/><E10/><V122/><F122/><W67/><G19/><T124/><D133/><U4/><E91/><V113/><F113/><W135/><G135/><T115/><D115/><U88/><E6/><V3/><F3/><W20/><G20/><N who="0" m="11335" /><D124/><U27/><E53/><V66/><F66/><W106/><G106/><T116/><D116/><U89/><REACH who="1" step="1"/><E27/><REACH who="1" ten="290,239,201,260" step="2"/><V104/><F87/><AGARI ba="0,1" hai="50,52,56,58,59,87,90,92,93,99,101" m="11335" machi="87" ten="30,7700,0" yaku="25,1,8,1,52,1,54,1" doraHai="97" who="0" fromWho="2" sc="290,87,239,0,201,-77,260,0" owari="377,48.0,239,-16.0,124,-38.0,260,6.0" /></mjloggm>