<mjloggm ver="2.3"><GO type="41" lobby="0"/><UN n0="%55%54%49" n1="%72%65%62%65%72%69%32%35" n2="%E5%B0%B1%E6%B4%BB%E7%94%9F%40%E5%B7%9D%E6%9D%91%E8%BB%8D%E5%9B%A3" n3="%73%66%68%6E%36%30" dan="13,13,15,14" rate="1866.42,1923.95,2021.16,1923.05" sx="M,F,M,M"/><TAIKYOKU oya="0"/><INIT seed="0,0,0,2,0,126" ten="250,250,250,250" oya="0" hai0="44,60,114,1,127,8,107,39,98,131,90,117,64" hai1="17,72,102,46,48,113,118,109,38,0,37,20,129" hai2="71,18,54,22,7,19,49,58,128,75,81,31,51" hai3="35,132,30,47,111,125,69,41,78,27,11,104,87"/><T45/><D117/><U134/><E109/><V133/><F71/><W21/><G125/><T103/><D114/><U122/><E118/><V94/><F133/><W53/><G104/><T93/><D127/><U85/><E122/><V56/><F7/><W76/><G111/><T119/><D119/><U24/><E72/><V67/><F31/><W57/><G69/><T74/><D74/><U26/><E0/><V124/><F124/><W70/><G70/><T9/><D39/><U96/><E134/><V120/><F120/><W4/><G132/><T123/><D123/><U135/><E135/><V10/><F10/><W40/><G35/><T130/><D8/><U33/><E113/><V95/><F75/><W3/><G87/><T110/><D110/><U15/><E85/><V42/><F42/><W91/><G91/><T43/><D90/><U59/><E59/><V99/><F81/><W28/><G28/><T83/><D93/><U16/><E33/><V23/><F99/><W108/><G108/><T6/><D83/><U100/><E100/><V116/><F116/><W68/><G68/><N who="0" m="41991" /><D43/><U97/><E96/><V88/><F88/><W101/><G101/><T61/><D61/><U12/><E38/><V92/><F67/><W112/><G112/><T34/><D34/><U115/><E115/><V79/><F79/><W55/><G55/><T36/><D36/><U50/><E37/><V13/><F58/><W84/><G84/><T89/><D89/><U121/><E121/><V62/><F51/><N who="3" m="27111" /><G41/><T80/><D80/><U66/><E50/><V106/><F49/><W65/><G65/><RYUUKYOKU ba="0,0" sc="250,15,250,-15,250,-15,250,15" hai0="1,6,9,44,45,98,103,107,130,131" hai3="3,4,11,21,27,30,53,57,76,78" /><INIT seed="0,1,0,3,1,53" ten="265,235,235,265" oya="0" hai0="86,26,27,123,110,60,74,103,37,51,5,92,52" hai1="78,13,106,23,28,133,80,120,93,55,54,0,8" hai2="75,124,96,135,62,91,104,40,41,34,18,72,107" hai3="125,109,3,25,83,101,43,98,29,121,59,119,118"/><T64/><D123/><U20/><E106/><N who="2" m="40491" /><F34/><W14/><G3/><T69/><D74/><N who="2" m="28202" /><F62/><W117/><G109/><T94/><D110/><U56/><E133/><V129/><F18/><W126/><G121/><T70/><D37/><U79/><E0/><V76/><F41/><W61/><G43/><T113/><D113/><U38/><E38/><V30/><F30/><W57/><G83/><T21/><D5/><U45/><E120/><V87/><F40/><W9/><G61/><T15/><D70/><U81/><E93/><N who="2" m="56383" /><F135/><W63/><G63/><T95/><D103/><U12/><E28/><V122/><F122/><W111/><G111/><T17/><REACH who="0" step="1"/><D86/><REACH who="0" ten="255,235,235,265" step="2"/><U132/><E132/><V71/><F71/><W84/><G84/><T49/><D49/><U22/><E45/><AGARI ba="1,1" hai="15,17,21,26,27,45,51,52,60,64,69,92,94,95" machi="45" ten="40,3900,0" yaku="1,1,54,1,53,0" doraHai="53" doraHaiUra="39" who="0" fromWho="1" sc="255,52,235,-42,235,0,265,0" /><INIT seed="0,2,0,3,2,131" ten="307,193,235,265" oya="0" hai0="2,75,21,24,108,71,50,9,73,34,83,26,94" hai1="111,113,11,45,91,82,6,127,17,92,112,60,36" hai2="31,13,107,81,116,42,109,32,101,134,99,93,5" hai3="97,89,28,51,39,7,125,66,110,33,69,76,79"/><T52/><D71/><U105/><E111/><V106/><F116/><W70/><G39/><T55/><D108/><U135/><E105/><V22/><F109/><W124/><G110/><T80/><D34/><U57/><E135/><V20/><F32/><W3/><G3/><T37/><D37/><U85/><E127/><N who="3" m="48714" /><G7/><T18/><D2/><U102/><E36/><V19/><F5/><W30/><G51/><T12/><D55/><U23/><E45/><V119/><F119/><W64/><G89/><T121/><D121/><U53/><E102/><V126/><F126/><W47/><G97/><T100/><D100/><U0/><REACH who="1" step="1"/><E82/><REACH who="1" ten="307,183,235,265" step="2"/><V15/><F134/><W117/><G47/><N who="0" m="27743" /><D73/><U62/><E62/><V130/><F130/><W86/><G117/><T128/><D75/><U58/><E58/><V4/><F81/><W35/><G86/><T104/><D104/><U129/><E129/><V43/><F107/><W132/><G132/><T120/><D120/><U1/><E1/><V115/><F106/><W65/><G35/><T114/><D114/><U49/><E49/><V16/><F115/><W133/><G33/><T103/><D128/><U25/><AGARI ba="2,1" hai="0,6,11,17,23,25,53,57,60,85,91,92,112,113" machi="25" ten="30,2000,0" yaku="1,1,0,1,53,0" doraHai="131" doraHaiUra="29" who="1" fromWho="1" sc="307,-12,183,36,235,-7,265,-7" /><INIT seed="1,0,0,1,1,105" ten="295,219,228,258" oya="1" hai0="99,2,40,39,93,28,110,69,94,73,32,12,102" hai1="44,85,6,4,64,82,25,111,22,133,5,24,1" hai2="47,54,59,112,71,122,0,107,67,11,74,76,84" hai3="78,128,14,26,130,20,8,17,37,75,97,98,86"/><U57/><E133/><V88/><F122/><W131/><G37/><T16/><D73/><U96/><E111/><V27/><F107/><W58/><G58/><T77/><D77/><U10/><E96/><V29/><F112/><W80/><REACH who="3" step="1"/><G86/><REACH who="3" ten="295,219,228,248" step="2"/><T3/><D69/><U101/><E44/><V43/><F71/><W9/><G9/><T66/><D39/><U21/><E1/><V63/><F11/><W51/><G51/><T108/><D28/><AGARI ba="0,1" hai="8,14,17,20,26,28,75,78,80,97,98,128,130,131" machi="28" ten="40,8000,1" yaku="1,1,19,1,52,1,53,2" doraHai="105" doraHaiUra="92" who="3" fromWho="0" sc="295,-80,219,0,228,0,248,90" /><INIT seed="2,0,0,0,3,78" ten="215,219,228,338" oya="2" hai0="86,29,93,10,26,105,45,101,49,94,56,38,89" hai1="71,75,64,11,32,43,65,134,59,27,63,135,124" hai2="17,117,73,47,81,3,83,22,100,69,88,113,19" hai3="36,33,77,120,107,133,118,129,85,121,102,23,52"/><V61/><F3/><W1/><G36/><T7/><D105/><U114/><E114/><V67/><F117/><W55/><G33/><T90/><D101/><U2/><E124/><V115/><F100/><W44/><G1/><T21/><D38/><U128/><E128/><V14/><F47/><W109/><G118/><T112/><D112/><U46/><E64/><V28/><F28/><W66/><G66/><T99/><D56/><U48/><E59/><V72/><F19/><W92/><G107/><T42/><D10/><U95/><E95/><V31/><F31/><W9/><G9/><T80/><D7/><U54/><E54/><V18/><F18/><W84/><G129/><T123/><D93/><U16/><E75/><V62/><F62/><W131/><G131/><T30/><D30/><U108/><E108/><V41/><F41/><W15/><G109/><T87/><D99/><U110/><E110/><V119/><F119/><W13/><G133/><T20/><D123/><U70/><E70/><V111/><F111/><W126/><G126/><T76/><REACH who="0" step="1"/><D76/><REACH who="0" ten="205,219,228,338" step="2"/><U132/><E32/><AGARI ba="0,1" hai="20,21,26,29,32,42,45,49,80,86,87,89,90,94" machi="32" ten="30,7700,0" yaku="1,1,2,1,7,1,52,1,53,0" doraHai="78" doraHaiUra="98" who="0" fromWho="1" sc="205,87,219,-77,228,0,338,0" /><INIT seed="3,0,0,2,0,88" ten="292,142,228,338" oya="3" hai0="76,58,34,86,94,50,55,69,74,116,45,95,56" hai1="132,100,20,111,97,4,26,118,44,8,17,25,28" hai2="15,84,64,106,122,85,114,131,38,113,7,60,115" hai3="124,37,79,10,135,120,80,54,24,90,71,47,12"/><W89/><G120/><T18/><D69/><U35/><E111/><V40/><F106/><W73/><G71/><T66/><D74/><U21/><E132/><V105/><F105/><W109/><G135/><T41/><D116/><U77/><E77/><V5/><F122/><W57/><G124/><T53/><D34/><N who="1" m="20751" /><E44/><V16/><F131/><W61/><G24/><T72/><D72/><U117/><E100/><V112/><F40/><W14/><G14/><T108/><D108/><U128/><E97/><V70/><F38/><W3/><G109/><T99/><D66/><U43/><E43/><V0/><N who="2" m="29184" /><DORA hai="126" /><V93/><F0/><W98/><G98/><T83/><D18/><U59/><E59/><N who="0" m="22569" /><D99/><U42/><E42/><V2/><F85/><W32/><G32/><T78/><D78/><U123/><E123/><V68/><F68/><W39/><G3/><T30/><D30/><N who="1" m="19927" /><E128/><V107/><F107/><W129/><G129/><T110/><D110/><U22/><E17/><V52/><F52/><AGARI ba="0,0" hai="41,45,50,52,53,55,76,83,86,94,95" m="22569" machi="52" ten="30,7700,0" yaku="8,1,52,2,54,1" doraHai="88,126" who="0" fromWho="2" sc="292,77,142,0,228,-77,338,0" /><INIT seed="4,0,0,1,0,60" ten="369,142,151,338" oya="0" hai0="59,100,105,48,129,77,42,15,130,107,124,84,103" hai1="10,88,41,110,125,127,116,53,47,113,43,133,118" hai2="4,132,95,52,76,28,25,21,89,96,134,94,36" hai3="72,109,87,122,54,51,115,101,23,38,19,123,39"/><T106/><D15/><U67/><E10/><V81/><F36/><W99/><G72/><T68/><D68/><U35/><E35/><V37/><F37/><W34/><G34/><T104/><D124/><N who="1" m="47691" /><E110/><V44/><F4/><W3/><G3/><T117/><D117/><N who="1" m="45163" /><E133/><V120/><F120/><N who="3" m="46123" /><G109/><T32/><D32/><U90/><E67/><V111/><F111/><W55/><G115/><T40/><N who="0" m="27136" /><DORA hai="64" /><T62/><D48/><N who="1" m="28831" /><E113/><V63/><F95/><N who="3" m="58623" /><G87/><T97/><D84/><U128/><E128/><N who="0" m="49257" /><D77/><U0/><E0/><V50/><REACH who="2" step="1"/><F63/><REACH who="2" ten="369,142,141,338" step="2"/><W70/><G70/><T58/><D103/><U74/><E74/><AGARI ba="0,1" hai="21,25,28,44,50,52,74,76,81,89,94,96,132,134" machi="74" ten="40,5200,0" yaku="1,1,2,1,54,1,53,0" doraHai="60,64" doraHaiUra="29,65" who="2" fromWho="1" sc="369,0,142,-52,141,62,338,0" /><INIT seed="5,0,0,2,5,124" ten="369,90,203,338" oya="1" hai0="106,118,18,1,14,103,0,50,64,108,48,27,75" hai1="119,71,83,105,96,49,10,63,84,54,3,46,110" hai2="69,59,132,97,31,77,107,11,24,15,121,12,90" hai3="26,66,85,113,16,87,57,53,114,9,115,89,45"/><U41/><E119/><V117/><F69/><W25/><G66/><T73/><D118/><U28/><E110/><V17/><F121/><W20/><G45/><T6/><D64/><U88/><E28/><V100/><F117/><W109/><G109/><T112/><D108/><U91/><E3/><V43/><F132/><W99/><G9/><T95/><D106/><U78/><E10/><V101/><F77/><W33/><G33/><T21/><D112/><U2/><E2/><V133/><F133/><W37/><G37/><T5/><D75/><U76/><E105/><V56/><F43/><W82/><G26/><T30/><D73/><U60/><E71/><V72/><F72/><W79/><G79/><N who="1" m="30250" /><E41/><V62/><F59/><W74/><G74/><T38/><D38/><U93/><AGARI ba="0,0" hai="46,49,54,60,63,83,84,88,91,93,96" m="30250" machi="93" ten="30,3000,0" yaku="8,1,54,1" doraHai="124" who="1" fromWho="1" sc="369,-10,90,30,203,-10,338,-10" /><INIT seed="5,1,0,5,3,112" ten="359,120,193,328" oya="1" hai0="17,3,0,65,5,121,110,30,8,56,31,57,87" hai1="91,9,80,58,15,131,102,104,82,46,99,16,95" hai2="90,122,107,85,44,20,18,23,53,114,100,103,51" hai3="68,101,25,128,34,69,27,33,42,119,76,86,28"/><U70/><E131/><V123/><F114/><W97/><G86/><T6/><D87/><U39/><E70/><V79/><F79/><W130/><G76/><T127/><D65/><U37/><E37/><V19/><F107/><N who="3" m="63919" /><G42/><T115/><D115/><U84/><E39/><V52/><F123/><W71/><G119/><T126/><D57/><U105/><E46/><V133/><F122/><W1/><G1/><T129/><D56/><U2/><E2/><V26/><F133/><W59/><G59/><T45/><D45/><U83/><REACH who="1" step="1"/><E58/><REACH who="1" ten="359,110,193,328" step="2"/><V132/><F132/><W50/><G50/><T21/><D129/><N who="3" m="49769" /><G25/><N who="0" m="14511" /><D121/><U98/><E98/><V55/><F51/><W49/><G49/><T96/><D96/><U94/><AGARI ba="1,1" hai="9,15,16,80,82,83,84,91,94,95,99,102,104,105" machi="94" ten="30,11700,0" yaku="1,1,0,1,54,1,53,1" doraHai="112" doraHaiUra="13" who="1" fromWho="1" sc="359,-40,110,130,193,-40,328,-40" /><INIT seed="5,2,0,0,4,79" ten="319,240,153,288" oya="1" hai0="52,48,135,20,32,117,9,39,118,34,111,76,97" hai1="130,133,70,42,45,54,3,98,24,121,61,85,27" hai2="66,125,77,30,62,33,17,123,104,25,115,68,14" hai3="55,38,18,2,131,29,75,99,109,132,59,129,60"/><U0/><E121/><V96/><F123/><W58/><G2/><T93/><D111/><U113/><E113/><V8/><F115/><W53/><G29/><T69/><D69/><U95/><E133/><V28/><F125/><W16/><G75/><T43/><D135/><U89/><E130/><N who="3" m="49674" /><G132/><T126/><D126/><U88/><E3/><V10/><F77/><W122/><G122/><T5/><D76/><U50/><E0/><V105/><F30/><W41/><G109/><T80/><D80/><U116/><E116/><V92/><REACH who="2" step="1"/><F8/><REACH who="2" ten="319,240,143,288" step="2"/><W83/><G99/><T22/><D118/><U101/><E89/><AGARI ba="2,1" hai="10,14,17,25,28,33,62,66,68,89,92,96,104,105" machi="89" ten="30,3900,0" yaku="1,1,2,1,7,1,53,0" doraHai="79" doraHaiUra="74" who="2" fromWho="1" sc="319,0,240,-45,143,55,288,0" /><INIT seed="6,0,0,4,4,130" ten="319,195,198,288" oya="2" hai0="20,112,114,122,110,24,31,68,32,132,58,46,11" hai1="83,79,28,9,55,64,14,57,38,41,90,118,35" hai2="89,53,51,104,40,63,56,21,52,135,48,73,131" hai3="126,80,86,37,13,30,26,97,60,8,133,18,103"/><V54/><F104/><W10/><G37/><T5/><D122/><U77/><E118/><V25/><F73/><W129/><G129/><T95/><D68/><U16/><E64/><N who="2" m="39015" /><F131/><W105/><G126/><T116/><D116/><U70/><E70/><V42/><F135/><W62/><G133/><T78/><D78/><U19/><E35/><V128/><F128/><W108/><G108/><T96/><D110/><U121/><E28/><N who="2" m="17455" /><F89/><W113/><G113/><N who="0" m="43627" /><D132/><U87/><E121/><V134/><F134/><W71/><G71/><T22/><D58/><U107/><E107/><V72/><F72/><W101/><G101/><N who="0" m="60575" /><D46/><U93/><E38/><V85/><F85/><W39/><G39/><T43/><D43/><AGARI ba="0,0" hai="40,42,43,48,51,52,53,54" m="17455,39015" machi="43" ten="30,2900,0" yaku="8,1,54,1" doraHai="130" who="2" fromWho="0" sc="319,-29,195,0,198,29,288,0" /><INIT seed="6,1,0,5,4,100" ten="290,195,227,288" oya="2" hai0="69,0,21,36,48,8,37,5,13,102,134,127,39" hai1="57,116,130,30,122,67,73,111,59,46,64,23,105" hai2="107,22,1,109,106,129,71,126,19,76,99,78,85" hai3="118,120,94,92,63,44,117,96,114,26,52,3,103"/><V15/><F1/><W84/><G3/><T49/><D127/><U34/><E111/><V80/><F71/><W9/><G120/><T115/><D69/><U95/><E116/><V110/><F126/><W119/><G9/><T20/><D134/><U2/><E2/><V62/><F129/><W10/><G10/><T65/><D65/><U7/><E7/><V121/><F121/><W61/><G26/><T89/><D115/><U93/><E73/><V128/><F128/><W91/><G114/><T40/><D102/><U90/><E130/><V33/><F33/><W98/><G84/><T97/><D97/><U18/><E122/><V77/><F62/><W112/><REACH who="3" step="1"/><G112/><REACH who="3" ten="290,195,227,278" step="2"/><T75/><D75/><U29/><E34/><V86/><F99/><W55/><G55/><T58/><D40/><U81/><E30/><V87/><REACH who="2" step="1"/><F80/><REACH who="2" ten="290,195,217,278" step="2"/><W66/><G66/><T6/><D0/><U135/><E81/><V43/><F43/><W4/><G4/><T101/><D6/><U45/><E67/><V108/><AGARI ba="1,2" hai="15,19,22,76,77,78,85,86,87,106,107,108,109,110" machi="108" ten="40,18000,2" yaku="1,1,0,1,29,2,10,1,52,2,53,0" doraHai="100" doraHaiUra="50" who="2" fromWho="2" sc="290,-61,195,-61,217,203,278,-61" /><INIT seed="6,2,0,0,2,73" ten="229,134,420,217" oya="2" hai0="121,119,6,47,117,112,63,36,102,51,72,125,127" hai1="100,3,55,28,23,115,91,44,89,21,70,68,123" hai2="60,114,78,128,90,86,27,53,52,111,35,93,56" hai3="40,31,69,18,75,88,20,59,0,132,87,1,126"/><V109/><F114/><W54/><G69/><T58/><D6/><U45/><E115/><V19/><F128/><W14/><G75/><T10/><D10/><U84/><E123/><V129/><F129/><W83/><G40/><N who="0" m="22919" /><D72/><U57/><E100/><V62/><F78/><W61/><G132/><T118/><D102/><U48/><E3/><V103/><F103/><W66/><G126/><N who="0" m="48139" /><D112/><U85/><E57/><V65/><F60/><W108/><G108/><N who="2" m="41545" /><F35/><W12/><G12/><T106/><D106/><U96/><E55/><V9/><F27/><W30/><REACH who="3" step="1"/><G54/><REACH who="3" ten="229,134,420,207" step="2"/><N who="0" m="32095" /><D63/><U4/><E4/><V98/><F62/><W22/><G22/><T43/><D43/><U80/><E48/><V110/><F110/><W92/><G92/><T97/><D97/><U82/><REACH who="1" step="1"/><E96/><REACH who="1" ten="229,124,420,207" step="2"/><V13/><F98/><W15/><G15/><T101/><D101/><U25/><E25/><V34/><F13/><W17/><G17/><T11/><D11/><U122/><E122/><AGARI ba="2,2" hai="117,118,119,121,122" m="32095,48139,22919" machi="122" ten="40,8000,1" yaku="12,1,18,1,34,2" doraHai="73" who="0" fromWho="1" sc="229,106,124,-86,420,0,207,0" /><INIT seed="7,0,0,4,2,53" ten="335,38,420,207" oya="3" hai0="108,8,20,103,11,1,37,34,56,102,107,39,63" hai1="0,116,57,55,66,13,104,132,17,105,6,25,44" hai2="31,117,64,52,42,82,9,23,101,65,75,98,112" hai3="87,12,58,54,62,88,78,7,91,129,85,68,131"/><W30/><G30/><T38/><D34/><U61/><E132/><V133/><F112/><W35/><G35/><T86/><D108/><U99/><E99/><V81/><F133/><W124/><G124/><T71/><D71/><U94/><E116/><V49/><F117/><W126/><G126/><T118/><D118/><U119/><E119/><V125/><F42/><W135/><G135/><T114/><D114/><U5/><E0/><V26/><F125/><W77/><G68/><T89/><D8/><U22/><E105/><V113/><F113/><W36/><G36/><T28/><D28/><U128/><E104/><V130/><F130/><N who="3" m="49675" /><G12/><T48/><D20/><U121/><E128/><V123/><F123/><W134/><G7/><T110/><D110/><U97/><E121/><V95/><F9/><W106/><G106/><T45/><D107/><U72/><E72/><V90/><F75/><W41/><G41/><T111/><D111/><U83/><E83/><N who="2" m="31755" /><F101/><W32/><G32/><T27/><D27/><U84/><E84/><N who="3" m="32330" /><G134/><T21/><D11/><U59/><E44/><AGARI ba="0,0" hai="23,26,31,44,49,52,64,65,90,95,98" m="31755" machi="44" ten="30,2000,0" yaku="8,1,54,1" doraHai="53" who="2" fromWho="1" sc="335,0,38,-20,420,20,207,0" owari="335,14.0,18,-48.0,440,53.0,207,-19.0" /></mjloggm>