<mjloggm ver="2.3"><GO type="41" lobby="0"/><UN n0="%E5%B0%B1%E6%B4%BB%E7%94%9F%40%E5%B7%9D%E6%9D%91%E8%BB%8D%E5%9B%A3" n1="%47%75%72%65%6E%6E" n2="%E3%81%A9%E3%83%BC%E3%81%91" n3="%E9%A3%9B%E3%81%B3%E3%82%B7%E3%83%A3%E3%83%81" dan="14,14,14,15" rate="1939.65,1897.06,1994.54,1993.74" sx="M,M,M,F"/><TAIKYOKU oya="0"/><INIT seed="0,0,0,5,0,80" ten="250,250,250,250" oya="0" hai0="9,105,64,5,69,134,76,110,44,19,29,39,41" hai1="77,107,12,52,112,30,87,73,45,51,40,86,70" hai2="21,119,10,16,127,122,46,22,0,82,96,78,63" hai3="66,109,17,94,91,37,11,65,24,103,88,75,71"/><T130/><D134/><U8/><E112/><V31/><F122/><W25/><G37/><T117/><D117/><U26/><E107/><V23/><F119/><W131/><G75/><T104/><D130/><U32/><E70/><V121/><F121/><W33/><G131/><T123/><D123/><U81/><REACH who="1" step="1"/><E40/><REACH who="1" ten="250,240,250,250" step="2"/><V14/><F127/><W2/><G71/><T56/><D110/><U128/><E128/><V4/><F31/><W115/><G109/><T62/><D29/><U47/><E47/><V20/><F46/><W102/><G115/><T93/><D19/><AGARI ba="0,1" hai="8,12,19,26,30,32,45,51,52,73,77,81,86,87" machi="19" ten="30,8000,1" yaku="1,1,7,1,52,2,54,1,53,0" doraHai="80" doraHaiUra="35" who="1" fromWho="0" sc="250,-80,240,90,250,0,250,0" /><INIT seed="1,0,0,2,3,55" ten="170,330,250,250" oya="1" hai0="86,115,118,107,23,75,102,77,30,3,68,135,15" hai1="91,43,116,10,111,125,44,87,37,134,122,58,95" hai2="126,51,66,16,80,52,121,33,89,49,39,19,13" hai3="97,106,63,130,14,101,67,35,128,29,27,65,132"/><U82/><E116/><V6/><F33/><W109/><G14/><T24/><D3/><U5/><E122/><V84/><F39/><W113/><G113/><T96/><D118/><U105/><E105/><V8/><F121/><W103/><G109/><T129/><D115/><U12/><E134/><V94/><F126/><W119/><G119/><T45/><D135/><U100/><E125/><V48/><F66/><W117/><G117/><T59/><D129/><N who="3" m="49769" /><G103/><T21/><D68/><U123/><E123/><V18/><REACH who="2" step="1"/><F80/><REACH who="2" ten="170,330,240,250" step="2"/><W46/><G132/><T110/><D110/><U76/><E111/><V99/><F99/><W78/><G67/><T41/><D75/><U74/><REACH who="1" step="1"/><E100/><REACH who="1" ten="170,320,240,250" step="2"/><V124/><F124/><W127/><G127/><T62/><D102/><U47/><E47/><AGARI ba="0,2" hai="6,8,13,16,18,19,47,48,49,51,52,84,89,94" machi="47" ten="40,8000,1" yaku="1,1,8,1,54,2,53,0" doraHai="55" doraHaiUra="25" who="2" fromWho="1" sc="170,0,320,-80,240,100,250,0" /><INIT seed="2,0,0,1,5,20" ten="170,240,340,250" oya="2" hai0="10,119,2,36,29,21,113,70,114,105,34,16,32" hai1="12,72,77,56,37,9,18,52,40,129,71,43,61" hai2="28,84,125,25,30,47,73,130,117,94,76,66,14" hai3="64,4,96,0,126,98,97,123,99,23,57,91,115"/><V65/><F117/><W49/><G123/><T55/><D105/><U93/><E129/><V69/><F130/><W11/><G126/><T62/><D36/><U7/><E71/><V95/><F73/><W1/><G115/><N who="0" m="44043" /><D70/><U31/><E31/><V107/><F107/><W116/><G116/><T135/><D62/><U134/><E134/><V86/><F69/><W131/><G131/><T15/><D55/><U5/><E77/><V74/><F74/><W124/><G124/><T102/><D102/><U46/><E72/><V85/><F85/><W87/><G0/><T121/><D119/><U127/><E127/><V45/><F125/><W51/><N who="3" m="24576" /><DORA hai="17" /><W88/><G23/><T104/><D104/><U100/><E93/><V111/><F14/><W50/><REACH who="3" step="1"/><G87/><REACH who="3" ten="170,240,340,240" step="2"/><T27/><D121/><U80/><E100/><V75/><F75/><W13/><G13/><N who="0" m="9359" /><D135/><U58/><E43/><V48/><F76/><W41/><G41/><T6/><D34/><U63/><REACH who="1" step="1"/><E80/><REACH who="1" ten="170,230,340,240" step="2"/><V109/><F109/><W19/><G19/><T22/><D32/><U53/><AGARI ba="0,2" hai="5,7,9,12,18,37,40,46,52,53,56,58,61,63" machi="53" ten="20,16000,3" yaku="1,1,2,1,0,1,7,1,9,1,54,1,53,2" doraHai="20,17" doraHaiUra="67,59" who="1" fromWho="1" sc="170,-40,230,180,340,-80,240,-40" /><INIT seed="3,0,0,4,2,105" ten="130,410,260,200" oya="3" hai0="78,110,11,10,45,116,101,94,0,122,24,83,134" hai1="69,120,75,132,51,112,131,85,6,82,121,35,80" hai2="16,12,9,77,50,52,47,70,32,98,36,5,135" hai3="1,18,90,107,4,30,119,128,66,58,65,129,76"/><W19/><G107/><T27/><D122/><U71/><E35/><V25/><F135/><W49/><G119/><T118/><D110/><U46/><E6/><V126/><F126/><W109/><G76/><T62/><D134/><U72/><E132/><V91/><F70/><W33/><G109/><T87/><D118/><U41/><E112/><V21/><F77/><W104/><G104/><T117/><D117/><U8/><E8/><V88/><F98/><W37/><G37/><T81/><D116/><U13/><E13/><V73/><F73/><W48/><G4/><T38/><D62/><U108/><E108/><V3/><F36/><W53/><G1/><T64/><D64/><N who="3" m="24681" /><G48/><T96/><D0/><U89/><E131/><N who="3" m="50250" /><G90/><T22/><D27/><AGARI ba="0,0" hai="18,19,27,30,33,49,53,58" m="50250,24681" machi="27" ten="30,1500,0" yaku="19,1" doraHai="105" who="3" fromWho="0" sc="130,-15,410,0,260,0,200,15" /><INIT seed="3,1,0,4,5,82" ten="115,410,260,215" oya="3" hai0="59,64,34,88,26,4,35,55,121,24,134,53,79" hai1="48,38,132,115,29,67,85,76,50,120,107,52,101" hai2="94,91,108,58,68,75,28,112,15,70,103,41,42" hai3="23,96,16,66,44,12,9,54,110,122,36,99,135"/><W123/><G66/><T92/><D121/><U86/><E38/><V62/><F75/><W57/><G135/><T49/><D134/><U111/><E120/><V98/><F112/><W46/><G123/><T116/><D116/><U124/><E132/><V89/><F108/><W33/><G33/><T25/><D79/><U0/><E0/><V31/><F70/><W13/><G110/><T22/><D4/><U113/><E111/><V80/><F68/><W104/><G36/><T87/><D64/><U69/><E29/><N who="2" m="11339" /><F15/><W40/><G40/><N who="2" m="15465" /><F80/><W5/><G122/><T133/><D133/><U37/><E37/><V127/><F127/><W43/><G43/><T30/><D35/><U129/><E124/><V106/><F106/><W131/><G131/><T72/><D72/><U71/><E129/><V17/><F17/><W109/><G109/><T93/><D34/><U78/><E107/><V128/><F128/><W56/><G104/><T45/><D93/><U39/><E39/><V21/><F21/><W65/><G65/><AGARI ba="1,0" hai="58,62,65,89,91,94,98,103" m="15465,11339" machi="65" ten="30,1000,0" yaku="8,1" doraHai="82" who="2" fromWho="3" sc="115,0,410,0,260,13,215,-13" /><INIT seed="4,0,0,5,5,76" ten="115,410,273,202" oya="0" hai0="45,27,53,14,95,90,122,102,88,132,37,127,68" hai1="58,8,52,20,26,56,4,12,19,21,104,44,75" hai2="62,36,41,83,60,65,119,133,97,91,101,96,70" hai3="106,10,78,9,33,11,34,85,67,86,18,108,113"/><T72/><D122/><U23/><E104/><V35/><F35/><W94/><G106/><T131/><D68/><U47/><E75/><V59/><F119/><W30/><G113/><T31/><D72/><U63/><E58/><V105/><F133/><W135/><G108/><T15/><D132/><U92/><E92/><V114/><F114/><W61/><G135/><T51/><D131/><U13/><REACH who="1" step="1"/><E23/><REACH who="1" ten="115,400,273,202" step="2"/><V121/><F121/><W110/><G94/><T22/><D127/><U69/><E69/><V99/><F105/><W6/><G110/><T50/><D37/><U130/><E130/><V81/><F101/><W111/><G111/><T77/><D77/><U89/><E89/><N who="0" m="34409" /><D50/><U129/><E129/><V28/><F91/><W123/><G78/><T39/><D39/><U73/><E73/><V71/><F71/><W107/><G107/><T38/><D38/><U126/><E126/><V64/><REACH who="2" step="1"/><F28/><AGARI ba="0,1" hai="4,8,12,13,19,20,21,26,28,44,47,52,56,63" machi="28" ten="30,8000,1" yaku="1,1,7,1,8,1,54,1,53,1" doraHai="76" doraHaiUra="54" who="1" fromWho="2" sc="115,0,400,90,273,-80,202,0" /><INIT seed="5,0,0,1,3,72" ten="115,490,193,202" oya="1" hai0="56,122,26,17,46,12,62,23,88,91,85,58,43" hai1="21,59,101,40,134,103,110,127,10,49,76,95,135" hai2="2,83,69,67,0,33,41,11,74,79,15,63,29" hai3="61,55,107,99,102,24,64,133,119,18,130,111,70"/><U30/><E127/><V71/><F15/><W86/><G111/><T80/><D122/><U90/><E10/><V52/><F52/><W36/><G36/><T9/><D91/><U5/><E5/><N who="2" m="1447" /><F41/><W78/><G130/><T65/><D56/><U37/><E37/><V124/><F124/><W6/><G133/><T25/><REACH who="0" step="1"/><D9/><REACH who="0" ten="105,490,193,202" step="2"/><U118/><E118/><V7/><F71/><W3/><G119/><T50/><AGARI ba="0,1" hai="12,17,23,25,26,43,46,50,58,62,65,80,85,88" machi="50" ten="20,12000,2" yaku="1,1,2,1,0,1,7,1,8,1,54,1,53,0" doraHai="72" doraHaiUra="128" who="0" fromWho="0" sc="105,130,490,-60,193,-30,202,-30" /><INIT seed="6,0,0,0,2,14" ten="235,430,163,172" oya="2" hai0="109,11,34,97,68,99,77,131,130,47,90,111,115" hai1="87,24,91,60,113,32,100,12,127,104,132,124,55" hai2="94,86,23,31,10,15,37,16,84,43,0,44,53" hai3="21,33,17,103,98,50,107,110,134,42,126,61,59"/><V129/><F129/><N who="0" m="49162" /><D68/><U128/><E128/><V19/><F31/><W135/><G110/><N who="0" m="41995" /><D34/><U89/><E113/><V36/><F0/><W122/><G33/><T118/><D11/><U71/><E132/><N who="3" m="50730" /><G122/><T46/><D115/><U78/><E78/><V41/><F94/><W83/><G83/><T96/><D77/><U108/><E108/><V79/><F79/><W93/><G126/><N who="1" m="48170" /><E12/><V101/><F101/><W114/><G114/><T57/><D57/><U65/><E55/><V81/><F53/><N who="3" m="34031" /><G42/><T112/><D112/><U67/><E67/><V1/><F1/><W22/><G22/><T35/><D35/><U82/><E82/><V5/><F5/><W85/><G50/><T7/><D7/><U25/><E87/><V106/><F106/><W88/><G107/><T26/><D26/><N who="1" m="10347" /><E32/><V121/><F121/><W56/><G56/><T64/><D64/><U4/><E4/><N who="2" m="3527" /><F23/><W18/><G21/><T119/><D90/><U13/><E13/><V28/><F37/><W70/><G70/><T117/><AGARI ba="0,0" hai="46,47,96,97,99,117,118,119" m="41995,49162" machi="117" ten="50,8000,1" yaku="28,2,12,1,19,1" doraHai="14" who="0" fromWho="0" sc="235,80,430,-20,163,-40,172,-20" /><INIT seed="7,0,0,5,1,104" ten="315,410,123,152" oya="3" hai0="92,37,3,134,91,118,111,43,2,44,18,135,97" hai1="32,28,131,117,15,112,100,83,85,59,39,40,16" hai2="35,82,22,9,6,5,0,63,67,90,122,27,57" hai3="101,38,88,69,42,98,34,86,10,25,55,20,80"/><W79/><G34/><T8/><D8/><U12/><E100/><V52/><F122/><W113/><G69/><T95/><D118/><U115/><E117/><V132/><F35/><W64/><G64/><T31/><D111/><U121/><E121/><V33/><F33/><W116/><G116/><T99/><D31/><U105/><E105/><V123/><F123/><W17/><G113/><N who="1" m="43594" /><E131/><V26/><F132/><N who="0" m="50730" /><D18/><U96/><E96/><V74/><F27/><W56/><G10/><T65/><D65/><U53/><E39/><V81/><F6/><W120/><G120/><T48/><D48/><N who="1" m="31143" /><E16/><V46/><F46/><W45/><G79/><T130/><D130/><U29/><E40/><V1/><F1/><W89/><G89/><AGARI ba="0,0" hai="2,3,37,43,44,89,91,92,95,97,99" m="50730" machi="89" ten="30,1000,0" yaku="20,1" doraHai="104" who="0" fromWho="3" sc="315,10,410,0,123,0,152,-10" owari="325,13.0,410,51.0,123,-38.0,142,-26.0" /></mjloggm>