<mjloggm ver="2.3"><GO type="97" lobby="0"/><UN n0="%E9%80%86%E7%90%86%40%E6%9D%8F%E6%9D%8F%E8%BB%8D%E5%9C%98" n1="%E6%B2%99%E8%80%B6%E5%8A%A0%E4%BD%90%E5%80%89" n2="%E5%B0%B1%E6%B4%BB%E7%94%9F%40%E5%B7%9D%E6%9D%91%E8%BB%8D%E5%9B%A3" n3="%E3%83%84%E3%83%8E%E3%82%AB%E3%83%8E%E2%85%A1" dan="13,15,15,14" rate="1879.93,1959.84,1970.18,1939.56" sx="M,M,M,F"/><TAIKYOKU oya="0"/><INIT seed="0,0,0,4,2,82" ten="250,250,250,250" oya="0" hai0="106,3,81,1,89,120,115,49,62,40,77,7,133" hai1="122,78,103,31,24,110,75,56,46,33,61,95,91" hai2="44,83,102,68,42,43,13,92,12,90,37,6,97" hai3="25,5,45,34,121,11,99,66,0,35,16,105,86"/><T67/><D120/><U29/><E122/><V53/><F68/><W119/><G121/><T111/><D115/><U19/><E31/><V41/><F6/><W104/><G119/><T71/><D133/><U80/><E110/><V10/><F10/><W2/><G66/><T126/><D111/><U134/><E134/><V96/><F37/><W38/><G0/><T70/><D106/><U64/><E46/><V60/><F83/><W116/><G116/><T84/><D71/><U54/><E19/><V85/><F102/><W112/><G112/><T117/><D117/><U48/><E103/><V118/><F118/><W18/><G105/><T69/><D69/><U17/><E17/><V79/><F79/><W27/><G104/><T100/><D100/><U59/><E95/><V114/><F114/><W131/><G131/><T20/><D126/><U98/><E91/><V14/><REACH who="2" step="1"/><F44/><REACH who="2" ten="250,250,240,250" step="2"/><W113/><G113/><T4/><D7/><U47/><E47/><V50/><F50/><W130/><G38/><T21/><D4/><U51/><E98/><V52/><F52/><W30/><G99/><T135/><D135/><U72/><E72/><V127/><F127/><W129/><G5/><T74/><D74/><U108/><E108/><V101/><F101/><W94/><G45/><N who="0" m="25767" /><D77/><U9/><E9/><V23/><F23/><W22/><G11/><T128/><D128/><U73/><E73/><V124/><F124/><W57/><G130/><T87/><D87/><U88/><E88/><V109/><F109/><W123/><G86/><T32/><D32/><U107/><E51/><V26/><F26/><RYUUKYOKU ba="0,1" sc="250,10,250,10,240,10,250,-30" hai0="1,3,20,21,62,67,70,81,84,89" hai1="24,29,33,48,54,56,59,61,64,75,78,80,107" hai2="12,13,14,41,42,43,53,60,85,90,92,96,97" /><INIT seed="0,1,1,4,4,86" ten="260,260,250,220" oya="0" hai0="57,37,97,134,61,123,55,20,80,116,13,82,73" hai1="85,0,90,9,79,19,15,59,26,120,117,94,102" hai2="47,124,93,112,39,119,1,84,7,111,135,110,56" hai3="78,50,49,88,5,3,126,101,14,53,54,104,22"/><T77/><D123/><U24/><E120/><V133/><F112/><W105/><G126/><T99/><D116/><U17/><E117/><V95/><F124/><W28/><G3/><T131/><D131/><U40/><E0/><V109/><F119/><W100/><G5/><T6/><D37/><U125/><E125/><V25/><F7/><W132/><G132/><N who="2" m="50761" /><F1/><W4/><G4/><T113/><D113/><U8/><E40/><N who="2" m="22943" /><F84/><W62/><G78/><T92/><D134/><U96/><E79/><V127/><F127/><W67/><G105/><T63/><D82/><N who="1" m="49463" /><E59/><V106/><F106/><W89/><G104/><T48/><D99/><U51/><E51/><N who="3" m="19466" /><G28/><T83/><D83/><U71/><E71/><V29/><F56/><N who="3" m="37319" /><G22/><AGARI ba="1,1" hai="22,25,29,93,95,109,110,111" m="22943,50761" machi="22" ten="40,2600,0" yaku="14,1,20,1" doraHai="86" who="2" fromWho="3" sc="260,0,260,0,250,39,220,-29" /><INIT seed="1,0,0,5,4,45" ten="260,260,289,191" oya="1" hai0="132,13,64,124,87,22,70,77,19,23,66,120,118" hai1="18,135,116,100,125,47,126,110,17,93,96,108,113" hai2="84,26,63,35,1,43,107,4,89,67,41,90,128" hai3="61,20,79,122,65,62,82,8,98,134,109,2,119"/><U75/><E113/><V27/><F107/><W49/><G122/><T74/><D120/><U9/><E116/><V111/><F128/><W44/><G119/><T55/><D118/><U30/><E75/><V39/><F39/><W51/><G109/><N who="1" m="42090" /><E135/><V37/><F37/><W88/><G134/><T25/><D132/><U12/><E30/><V3/><F111/><W52/><G20/><T114/><D114/><U83/><E83/><V133/><F133/><W99/><G2/><T59/><D74/><U16/><E47/><V11/><F1/><W129/><G129/><T92/><D124/><AGARI ba="0,0" hai="9,12,16,17,18,93,96,100,124,125,126" m="42090" machi="124" ten="30,11600,0" yaku="18,1,14,1,10,1,54,1" doraHai="45" who="1" fromWho="0" sc="260,-116,260,116,289,0,191,0" /><INIT seed="1,1,0,0,1,90" ten="144,376,289,191" oya="1" hai0="117,81,82,36,31,29,33,4,46,84,96,93,77" hai1="112,63,116,48,122,2,104,83,124,100,78,16,37" hai2="64,118,113,105,13,98,54,19,61,53,74,38,40" hai3="10,65,52,101,132,86,0,130,9,35,60,6,21"/><U22/><E116/><V62/><F74/><W125/><G125/><T11/><D117/><U85/><E124/><V75/><F118/><W34/><G130/><T59/><D33/><U25/><E37/><V3/><F3/><W97/><G132/><T89/><D59/><U114/><E122/><V23/><F75/><W131/><G131/><T8/><D81/><U43/><E2/><V106/><F113/><W115/><G115/><T49/><D36/><U45/><REACH who="1" step="1"/><E63/><REACH who="1" ten="144,366,289,191" step="2"/><V24/><F62/><W88/><G0/><T41/><REACH who="0" step="1"/><D11/><REACH who="0" ten="134,366,289,191" step="2"/><U87/><E87/><V135/><F135/><W12/><G9/><T103/><D103/><U126/><E126/><V108/><F108/><W119/><G119/><T57/><D57/><U47/><E47/><V110/><F110/><W102/><G102/><T80/><D80/><U94/><E94/><V66/><F106/><W111/><G111/><T44/><D44/><U76/><E76/><V120/><F105/><W55/><G101/><T68/><D68/><U30/><E30/><V134/><F120/><W14/><G97/><AGARI ba="1,2" hai="16,22,25,43,45,48,78,83,85,97,100,104,112,114" machi="97" ten="40,3900,0" yaku="1,1,54,1,53,0" doraHai="90" doraHaiUra="133" who="1" fromWho="3" sc="134,0,366,62,289,0,191,-42" /><INIT seed="1,2,0,3,5,36" ten="134,428,289,149" oya="1" hai0="25,115,74,133,47,80,18,88,110,20,38,134,57" hai1="69,76,15,10,37,1,79,49,52,99,106,112,33" hai2="132,105,66,125,6,73,100,32,111,48,86,96,50" hai3="71,51,68,101,120,2,126,98,7,11,95,17,87"/><U131/><E37/><V13/><F73/><W77/><G120/><T21/><D115/><U16/><E69/><V62/><F111/><W103/><G126/><T4/><D110/><U116/><E112/><V128/><F125/><W72/><G17/><T64/><D4/><U30/><E1/><V122/><F122/><W123/><G123/><T90/><D21/><U55/><E131/><V24/><F132/><N who="0" m="50794" /><D64/><U0/><E0/><V42/><F86/><W29/><G29/><T70/><D70/><U130/><E130/><V59/><F128/><W54/><G103/><T39/><D57/><U22/><E116/><V23/><F32/><W63/><G72/><T107/><D107/><U113/><E33/><V91/><F91/><N who="0" m="34858" /><D47/><U83/><E113/><V5/><F13/><W84/><G63/><T41/><D41/><U102/><E49/><V81/><F81/><W67/><G67/><T53/><D53/><U19/><E30/><V97/><F48/><W61/><G61/><T43/><D43/><U8/><E8/><V65/><F65/><W93/><G93/><T108/><D108/><U118/><E118/><V85/><F50/><W94/><G94/><T27/><D27/><N who="1" m="14791" /><E55/><V117/><F42/><W44/><REACH who="3" step="1"/><G87/><REACH who="3" ten="134,428,289,139" step="2"/><T82/><D74/><N who="1" m="43415" /><E52/><V114/><F114/><W129/><G129/><T135/><D135/><U75/><E75/><V60/><F117/><W46/><G46/><T40/><D39/><U121/><E121/><V26/><F62/><W28/><G28/><T12/><D38/><U35/><E35/><V104/><F60/><W89/><G89/><T109/><D109/><RYUUKYOKU ba="2,1" sc="134,-15,428,15,289,-15,139,15" hai1="10,15,19,79,99,102,106" hai3="2,7,11,44,51,54,68,71,77,84,95,98,101" /><INIT seed="1,3,1,5,3,65" ten="119,443,274,154" oya="1" hai0="12,42,30,51,45,73,1,61,48,26,22,52,94" hai1="81,74,96,79,14,43,13,89,11,15,90,98,131" hai2="99,63,37,113,122,85,10,125,66,86,20,91,93" hai3="105,25,92,53,7,64,130,102,41,59,58,100,76"/><U38/><E131/><V3/><F122/><W6/><G130/><T69/><D1/><U9/><E38/><V87/><F113/><W88/><G76/><T18/><D73/><U80/><E43/><V54/><F125/><W32/><G41/><T21/><D94/><U97/><E79/><V34/><F34/><W110/><G110/><T0/><D0/><U39/><E74/><V24/><F37/><W101/><G105/><T77/><D77/><U35/><E39/><V67/><F10/><N who="1" m="3593" /><E35/><V60/><F3/><W118/><G118/><T70/><D61/><N who="2" m="23626" /><F54/><W19/><G59/><AGARI ba="3,1" hai="12,18,21,22,26,30,42,45,48,51,52,59,69,70" machi="59" ten="30,7700,0" yaku="7,1,52,2,54,1" doraHai="65" who="0" fromWho="3" sc="119,96,443,0,274,0,154,-86" /><INIT seed="2,0,0,2,3,64" ten="215,443,274,68" oya="2" hai0="68,85,20,123,35,135,9,21,69,82,10,77,81" hai1="11,86,67,102,43,94,121,79,95,6,114,13,28" hai2="19,93,83,104,59,76,22,98,112,109,5,120,31" hai3="84,131,50,49,73,25,134,18,65,32,24,48,124"/><V103/><F120/><W51/><G124/><T0/><D123/><U80/><E121/><V72/><F112/><W101/><G131/><T58/><D35/><U53/><E114/><V106/><F31/><W100/><G134/><T108/><D135/><U87/><E67/><V16/><F5/><W66/><G73/><T47/><D108/><U45/><E53/><V74/><F74/><W17/><N who="3" m="12800" /><DORA hai="39" /><W125/><G125/><T119/><D47/><U71/><E71/><V60/><F109/><W92/><G32/><T129/><D129/><U97/><E45/><V2/><F2/><W44/><G44/><T96/><D119/><U88/><E28/><V132/><F132/><W34/><G34/><T57/><D96/><U3/><E3/><V61/><F19/><N who="3" m="7179" /><G84/><T75/><D0/><U110/><E110/><V78/><F78/><W91/><G92/><T33/><D33/><U30/><E30/><V117/><F117/><W56/><G91/><T1/><D1/><U116/><E116/><V40/><F40/><AGARI ba="0,0" hai="6,11,13,40,43,79,80,86,87,88,94,95,97,102" machi="40" ten="40,8000,1" yaku="8,1,52,2,54,1" doraHai="64,39" who="1" fromWho="2" sc="215,0,443,80,274,-80,68,0" /><INIT seed="3,0,0,5,5,43" ten="215,523,194,68" oya="3" hai0="17,81,104,76,70,86,89,20,13,18,113,7,23" hai1="65,11,19,32,46,91,132,61,130,107,68,111,58" hai2="106,63,105,133,59,52,14,54,12,1,31,66,82" hai3="36,85,131,67,129,8,103,29,79,77,0,114,122"/><W119/><G114/><T99/><D113/><U27/><E111/><V49/><F1/><W115/><G115/><T26/><D70/><U121/><E107/><V24/><F133/><W35/><G119/><T50/><D7/><U55/><E132/><V124/><F124/><W112/><G112/><T6/><D6/><U110/><E110/><V101/><F82/><W22/><G122/><T5/><D5/><U73/><E121/><V74/><F74/><W38/><G35/><T123/><D123/><U21/><E73/><V10/><F54/><W64/><G103/><T95/><D104/><U94/><E32/><V72/><F72/><W109/><G109/><T120/><D120/><U116/><E130/><N who="3" m="49674" /><G0/><T117/><D117/><U134/><E116/><V42/><F42/><W108/><G108/><T69/><D69/><U90/><E134/><V45/><F101/><W48/><G8/><T25/><D13/><U41/><E68/><V9/><F14/><W84/><G29/><T16/><D50/><N who="1" m="26959" /><E11/><V44/><F10/><W80/><G22/><AGARI ba="0,0" hai="16,17,18,20,22,23,25,26,76,81,86,89,95,99" machi="22" ten="40,2600,0" yaku="8,1,54,1" doraHai="43" who="0" fromWho="3" sc="215,26,523,0,194,0,68,-26" owari="241,4.0,523,63.0,194,-21.0,42,-46.0" /></mjloggm>