<mjloggm ver="2.3"><GO type="169" lobby="0"/><UN n0="%E3%81%95%E3%81%95%E3%81%95%E3%81%95" n1="%E3%82%A6%E3%83%AB%E3%83%88%E3%83%A9%E7%AB%8B%E7%9B%B4" n2="%E3%82%A4%E3%82%B5%E3%82%AD" n3="%E3%81%BE%E3%81%95%E3%81%A8%E3%81%97" dan="16,17,17,17" rate="2087.17,2128.01,2188.66,2129.23" sx="M,M,M,M"/><TAIKYOKU oya="0"/><INIT seed="0,0,0,4,3,46" ten="250,250,250,250" oya="0" hai0="113,129,117,79,34,80,8,6,13,53,82,77,50" hai1="1,0,40,128,103,86,108,74,85,66,98,31,51" hai2="4,81,93,35,25,111,49,18,9,120,78,135,19" hai3="57,109,64,104,92,39,17,106,95,119,21,7,73"/><T12/><D117/><U26/><E74/><V44/><F120/><W88/><G39/><T69/><D69/><U124/><E124/><V123/><F123/><W30/><G73/><T5/><D113/><U28/><E1/><V36/><F135/><W89/><G119/><T42/><D42/><U134/><E0/><V15/><F111/><W101/><G7/><T96/><D34/><U27/><E66/><V43/><F93/><W122/><G122/><T127/><D127/><U3/><E3/><V99/><F99/><W16/><G109/><T2/><D96/><U76/><E128/><V132/><F36/><W70/><G70/><T110/><D129/><U61/><E61/><V41/><F41/><W32/><G32/><T48/><D110/><U60/><E60/><V90/><F90/><N who="3" m="34923" /><G106/><T67/><D67/><U91/><E76/><V130/><F132/><W100/><G104/><T125/><D2/><U62/><E91/><V52/><F130/><W97/><G30/><T59/><D125/><U24/><E62/><V45/><F25/><N who="3" m="14503" /><G17/><T112/><D112/><U63/><E108/><V105/><F105/><W20/><G20/><T11/><D77/><U94/><E134/><V22/><F22/><W75/><G75/><T133/><D133/><U47/><E31/><V54/><F35/><W126/><G126/><T131/><D131/><U38/><E38/><V55/><REACH who="2" step="1"/><F44/><REACH who="2" ten="250,250,240,250" step="2"/><W65/><G57/><N who="0" m="32935" /><D79/><U121/><E28/><V37/><F37/><W84/><G101/><T29/><D29/><U107/><E121/><V114/><F114/><W68/><G68/><T87/><D87/><AGARI ba="0,1" hai="4,9,15,18,19,43,45,49,52,54,55,78,81,87" machi="87" ten="40,16000,3" yaku="1,1,6,1,25,2,8,1,52,1,54,1,53,1" doraHai="46" doraHaiUra="10" who="2" fromWho="0" sc="250,-160,250,0,240,170,250,0" /><INIT seed="1,0,0,0,3,3" ten="90,250,410,250" oya="1" hai0="91,111,132,62,115,35,104,127,109,6,119,14,110" hai1="77,125,106,58,121,50,128,25,103,134,46,84,38" hai2="64,100,32,68,78,8,49,107,101,51,72,112,15" hai3="130,2,7,83,56,45,122,76,92,48,135,28,89"/><U17/><E121/><V33/><F112/><W52/><G122/><T55/><D104/><U13/><E38/><V81/><F64/><W40/><G130/><T24/><D119/><U21/><E106/><V93/><F68/><W86/><G135/><T60/><D115/><U75/><E75/><V73/><F73/><W54/><G28/><N who="0" m="19847" /><D132/><U27/><E128/><V95/><F32/><W16/><G2/><T80/><D127/><U113/><E125/><V22/><F33/><W53/><G7/><T71/><D71/><U118/><E118/><V102/><F22/><W26/><G26/><N who="1" m="9738" /><E103/><V65/><F65/><W66/><G16/><T30/><D30/><U41/><E113/><V74/><F74/><W11/><G11/><N who="0" m="4471" /><D55/><U116/><E116/><V4/><F107/><W37/><REACH who="3" step="1"/><G66/><REACH who="3" ten="90,250,410,240" step="2"/><T87/><AGARI ba="0,1" hai="60,62,80,87,91,109,110,111" m="4471,19847" machi="87" ten="40,2700,0" yaku="14,1,52,1" doraHai="3" who="0" fromWho="0" sc="90,37,250,-13,410,-7,240,-7" /><INIT seed="2,0,0,0,0,53" ten="127,237,403,233" oya="2" hai0="93,124,117,88,98,108,99,92,23,61,40,119,73" hai1="44,83,55,11,78,14,46,121,49,57,114,51,129" hai2="2,87,8,30,106,48,107,132,77,74,21,82,27" hai3="91,120,76,31,102,85,95,113,29,81,36,104,128"/><V20/><F132/><W52/><G120/><T66/><D73/><U111/><E114/><V134/><F134/><W110/><G113/><T15/><D108/><U65/><E111/><V17/><F74/><W59/><G110/><T42/><D124/><U13/><E129/><V105/><F48/><W22/><G36/><T103/><D15/><U0/><E0/><V45/><F45/><W41/><G41/><T135/><D135/><U71/><E71/><V28/><F21/><W7/><G7/><T80/><D80/><U5/><E14/><V90/><F77/><W122/><G122/><T54/><D54/><U130/><E130/><V125/><F125/><W64/><G64/><T35/><D35/><U112/><E112/><V32/><F32/><W109/><G128/><T127/><D127/><U25/><E25/><V89/><F89/><W58/><G109/><T131/><D131/><U24/><E24/><V72/><F72/><N who="3" m="43143" /><G22/><T16/><D117/><U47/><E65/><V19/><F30/><N who="3" m="11275" /><G52/><T1/><D1/><U116/><E116/><V86/><F20/><W63/><G63/><T6/><D6/><U43/><E121/><V69/><F27/><W94/><G94/><T123/><D123/><U34/><E34/><V97/><F107/><W56/><G56/><N who="0" m="37159" /><D119/><U100/><E100/><V68/><F106/><W38/><G38/><T133/><D133/><U101/><E101/><V96/><F105/><W115/><G115/><T126/><D126/><U75/><AGARI ba="0,0" hai="5,11,13,43,44,46,47,49,51,55,57,75,78,83" machi="75" ten="20,2700,0" yaku="0,1,7,1,52,1" doraHai="53" who="1" fromWho="1" sc="127,-7,237,27,403,-13,233,-7" /><INIT seed="3,0,0,1,3,10" ten="120,264,390,226" oya="3" hai0="132,105,26,99,59,129,61,51,32,40,11,94,27" hai1="4,42,109,5,50,1,96,130,23,128,66,124,22" hai2="12,110,84,46,0,63,73,21,134,30,98,34,6" hai3="55,14,108,116,85,77,60,135,13,95,8,81,82"/><W49/><G116/><T41/><D105/><U65/><E96/><V93/><F73/><W58/><G135/><T18/><D132/><U133/><E133/><V71/><F110/><W15/><G108/><T76/><D76/><U90/><E90/><V57/><F71/><W126/><G126/><T47/><D129/><U72/><E72/><V113/><F113/><W106/><G106/><T117/><D117/><U53/><E42/><V97/><F34/><W119/><G119/><T24/><D40/><U36/><E36/><V64/><F0/><W86/><G95/><T17/><D32/><U102/><E102/><V91/><F46/><W35/><G35/><T103/><REACH who="0" step="1"/><D11/><REACH who="0" ten="110,264,390,226" step="2"/><U88/><E128/><V122/><F134/><W100/><G100/><T125/><D125/><U68/><E124/><V127/><F127/><W121/><G121/><T16/><D16/><U39/><E130/><V45/><F122/><W107/><G107/><T79/><D79/><U7/><E7/><V69/><F6/><N who="3" m="3223" /><G60/><T115/><D115/><U2/><E109/><V111/><F63/><W74/><G74/><T75/><D75/><U20/><E2/><V54/><F111/><W3/><G3/><T29/><D29/><U131/><E1/><V56/><F30/><W67/><G67/><AGARI ba="0,1" hai="17,18,24,26,27,41,47,51,59,61,67,94,99,103" machi="67" ten="40,2600,0" yaku="1,1,8,1,53,0" doraHai="10" doraHaiUra="120" who="0" fromWho="3" sc="110,36,264,0,390,0,226,-26" /><INIT seed="4,0,0,2,5,73" ten="146,264,390,200" oya="0" hai0="58,51,7,97,35,61,128,113,70,14,15,63,32" hai1="55,67,54,12,52,134,75,74,105,44,132,108,37" hai2="13,100,124,71,94,2,0,130,21,119,56,36,82" hai3="3,25,102,69,43,27,10,8,1,49,92,135,112"/><T114/><D128/><U22/><E105/><V93/><F71/><W30/><G69/><T86/><D70/><U117/><E67/><V98/><F36/><W50/><G112/><N who="0" m="43115" /><D97/><U133/><E117/><V88/><F130/><W48/><G43/><T5/><D51/><U84/><E108/><V96/><F124/><W68/><G68/><T104/><D104/><U87/><E44/><V107/><F56/><W76/><G76/><T122/><D122/><U90/><BYE who="0" /><E37/><UN n0="%E3%81%95%E3%81%95%E3%81%95%E3%81%95" /><V53/><F53/><W45/><G135/><T41/><D41/><U23/><E12/><N who="0" m="4649" /><D86/><U83/><E87/><V38/><F38/><W28/><G45/><T116/><D116/><U91/><E75/><V42/><F42/><W127/><G127/><T89/><D89/><N who="1" m="51359" /><E74/><V39/><F39/><W115/><G115/><T103/><D103/><U131/><E131/><V16/><F119/><W85/><G85/><T46/><D46/><U19/><E91/><V101/><F107/><W99/><G3/><T62/><D58/><U57/><E90/><V59/><F59/><W106/><G1/><T123/><D123/><U77/><E57/><V95/><F82/><W17/><G106/><T26/><D26/><N who="3" m="9737" /><G10/><T125/><D125/><U40/><E40/><V64/><F94/><W79/><G79/><T72/><D72/><U31/><E77/><V126/><F126/><W47/><G47/><T118/><D118/><U78/><E78/><V24/><F24/><W29/><G8/><T20/><D20/><U4/><E23/><V111/><F21/><W109/><G109/><T11/><D11/><U129/><E22/><RYUUKYOKU ba="0,0" sc="146,15,264,-15,390,-15,200,15" hai0="5,7,32,35,61,62,63" hai3="17,28,29,30,48,49,50,92,99,102" /><INIT seed="4,1,0,2,4,130" ten="161,249,375,215" oya="0" hai0="81,69,25,61,92,131,120,118,43,26,82,60,117" hai1="103,4,124,2,121,89,74,27,3,90,73,106,91" hai2="83,8,108,134,65,21,105,126,38,23,66,6,93" hai3="42,67,100,125,55,41,112,46,19,35,56,50,44"/><T15/><D120/><U99/><E121/><V86/><F105/><W76/><G112/><T96/><D131/><U36/><E36/><V78/><F38/><W37/><G35/><T31/><D43/><U22/><E124/><V64/><F108/><W71/><G100/><T45/><D45/><N who="3" m="17513" /><G19/><T29/><D15/><U123/><E123/><V59/><F134/><W113/><G76/><T129/><D129/><U132/><E132/><V34/><F34/><W17/><G17/><T1/><D92/><U119/><E119/><V97/><F59/><W39/><G113/><T104/><D1/><U95/><E106/><V0/><REACH who="2" step="1"/><F126/><REACH who="2" ten="161,249,365,215" step="2"/><W110/><G125/><T47/><D104/><U94/><E94/><V107/><F107/><W30/><G110/><T32/><D47/><U13/><E95/><V68/><F68/><W33/><G33/><T7/><D69/><U84/><E99/><V133/><F133/><W5/><G39/><T12/><D32/><U80/><E80/><V88/><AGARI ba="1,1" hai="0,6,8,21,23,64,65,66,78,83,86,88,93,97" machi="88" ten="30,12000,2" yaku="1,1,0,1,54,1,53,3" doraHai="130" doraHaiUra="62" who="2" fromWho="2" sc="161,-61,249,-31,365,133,215,-31" /><INIT seed="5,0,0,0,0,15" ten="100,218,498,184" oya="1" hai0="107,53,43,92,121,29,21,118,77,16,30,87,103" hai1="17,130,75,44,13,25,4,100,39,115,26,110,20" hai2="86,88,46,120,72,33,91,124,112,10,69,129,131" hai3="31,62,132,11,79,108,42,56,57,98,36,105,63"/><U50/><E75/><V135/><F69/><W89/><G108/><T41/><D118/><U67/><E39/><V122/><F72/><W71/><G132/><T27/><D27/><BYE who="0" /><U76/><E115/><V55/><F124/><UN n0="%E3%81%95%E3%81%95%E3%81%95%E3%81%95" /><W47/><G31/><N who="0" m="11787" /><D107/><U24/><E130/><V104/><F104/><W95/><G71/><T38/><D38/><U32/><E32/><V128/><F135/><W134/><G134/><T111/><D111/><U82/><E100/><V97/><F112/><W102/><G79/><T109/><D109/><U80/><E76/><V126/><F126/><W45/><G45/><T54/><D121/><U23/><E67/><V58/><F33/><W18/><G63/><T9/><D9/><N who="1" m="4263" /><E110/><V34/><F34/><W28/><G62/><T119/><D119/><U22/><E22/><V133/><F133/><W37/><G28/><T12/><D103/><U2/><E2/><V113/><F113/><W0/><G37/><T1/><D1/><U14/><E23/><V85/><F122/><W106/><G0/><T123/><D123/><U61/><E61/><V96/><F120/><W83/><G106/><T3/><D3/><U60/><E60/><V73/><F73/><W7/><G105/><T81/><D92/><U116/><E116/><V114/><F114/><W19/><G83/><T49/><D54/><AGARI ba="0,0" hai="14,17,20,24,25,26,44,50,54,80,82" m="4263" machi="54" ten="30,2900,0" yaku="8,1,52,1" doraHai="15" who="1" fromWho="0" sc="100,-29,218,29,498,0,184,0" /><INIT seed="5,1,0,1,4,8" ten="71,247,498,184" oya="1" hai0="51,130,112,63,122,91,62,55,22,34,29,133,134" hai1="78,123,110,128,59,6,54,68,71,37,4,70,99" hai2="90,16,121,9,105,107,106,40,101,109,60,57,95" hai3="43,97,2,15,125,124,103,75,47,108,82,33,19"/><U48/><E123/><V32/><F32/><W98/><G108/><T38/><D38/><U114/><E110/><V41/><F121/><W56/><G2/><T127/><D122/><U1/><E1/><V80/><F101/><W25/><G56/><T10/><D34/><U14/><E37/><V24/><F80/><W53/><G53/><T61/><D112/><U3/><E3/><V52/><F109/><W87/><G75/><T18/><D127/><N who="3" m="48713" /><G25/><T132/><D130/><U116/><E116/><V11/><F11/><N who="3" m="6655" /><G33/><T131/><D131/><U93/><E128/><V28/><F28/><W76/><G103/><T92/><D10/><U12/><E114/><V81/><F81/><W31/><G31/><T35/><D29/><U126/><E126/><V50/><F50/><AGARI ba="1,0" hai="43,47,50,76,82,87,97,98" m="6655,48713" machi="50" ten="30,2000,0" yaku="18,1,52,1" doraHai="8" who="3" fromWho="2" sc="71,0,247,0,498,-23,184,23" /><INIT seed="6,0,0,3,1,41" ten="71,247,475,207" oya="2" hai0="77,100,52,122,98,70,81,6,67,99,74,86,48" hai1="38,92,35,83,15,121,103,66,133,17,65,12,54" hai2="46,49,62,58,115,135,130,63,19,118,53,106,68" hai3="55,107,73,4,60,20,104,7,44,134,84,129,56"/><V91/><F106/><W0/><G73/><T1/><D122/><U27/><E15/><V2/><F2/><W31/><G129/><T57/><D74/><U33/><E83/><V61/><F68/><W47/><G0/><T110/><D110/><U109/><E109/><V95/><F115/><W87/><G107/><T25/><D25/><U23/><E38/><V45/><F135/><W82/><G104/><T93/><D98/><N who="1" m="59847" /><E33/><V123/><F118/><W69/><G69/><T124/><D124/><U102/><E102/><V101/><F101/><W126/><G126/><T75/><D75/><U89/><E89/><V79/><F79/><N who="3" m="46175" /><G87/><T132/><D132/><U114/><E114/><V80/><F80/><W50/><G134/><T13/><D1/><U120/><E133/><V24/><F130/><W59/><G20/><T30/><D30/><N who="1" m="19935" /><E54/><V3/><F123/><AGARI ba="0,0" hai="12,17,23,65,66,120,121,123" m="19935,59847" machi="123" ten="30,1000,0" yaku="13,1" doraHai="41" who="1" fromWho="2" sc="71,0,247,10,475,-10,207,0" /><INIT seed="7,0,0,0,3,98" ten="71,257,465,207" oya="3" hai0="121,38,6,74,45,21,13,77,91,125,59,62,106" hai1="68,83,53,71,134,4,73,113,109,5,104,118,52" hai2="15,28,119,43,79,95,26,72,99,132,65,64,129" hai3="36,96,29,114,25,55,34,57,100,76,123,82,20"/><W61/><G114/><T70/><D91/><U16/><E83/><V75/><F43/><W39/><G123/><T115/><D21/><U92/><E92/><V44/><F44/><W8/><G8/><T87/><D87/><U41/><E113/><V86/><F119/><W103/><G34/><T11/><D13/><U97/><E97/><V89/><F132/><W135/><G135/><T35/><D115/><U93/><E93/><V17/><F72/><W108/><G108/><T37/><D59/><U42/><E104/><V40/><F40/><W51/><G51/><T117/><D117/><U19/><E73/><V54/><F75/><W0/><G0/><T1/><D121/><U46/><E46/><V80/><F54/><W107/><REACH who="3" step="1"/><G100/><REACH who="3" ten="71,257,465,197" step="2"/><T47/><D125/><U127/><E134/><V84/><F129/><W60/><G60/><T2/><D2/><U56/><E118/><V7/><F7/><W116/><G116/><T49/><D49/><U78/><E109/><V22/><F99/><W69/><G69/><T126/><D126/><U33/><E33/><AGARI ba="0,1" hai="15,17,22,26,28,33,64,65,79,80,84,86,89,95" machi="33" ten="30,1000,0" yaku="7,1" doraHai="98" who="2" fromWho="1" sc="71,0,257,-10,465,20,197,0" owari="71,-43.0,247,5.0,485,58.0,197,-20.0" /></mjloggm>