<mjloggm ver="2.3"><GO type="97" lobby="0"/><UN n0="%E3%82%BF%E3%83%B3%E3%83%A4%E3%82%AA%E8%B0%B7%E5%B7%9D" n1="%E3%82%A2%E3%83%89%E3%83%AA%E3%83%96%E2%98%86%E7%8E%8B%E5%AD%90" n2="%E5%B0%B1%E6%B4%BB%E7%94%9F%40%E5%B7%9D%E6%9D%91%E8%BB%8D%E5%9B%A3" n3="%E9%89%84%E4%B8%B8" dan="15,14,15,14" rate="1989.94,1936.80,2048.10,1892.01" sx="M,M,M,M"/><TAIKYOKU oya="0"/><INIT seed="0,0,0,3,3,56" ten="250,250,250,250" oya="0" hai0="38,22,119,66,65,71,72,130,4,55,70,107,86" hai1="18,122,2,9,114,75,37,91,93,28,128,123,78" hai2="117,64,101,12,11,127,53,88,43,40,116,96,102" hai3="81,83,0,100,1,106,34,25,76,82,85,134,57"/><T104/><D119/><N who="2" m="45642" /><F127/><W50/><G134/><T69/><D72/><U77/><E75/><V24/><F64/><W87/><G106/><T112/><D112/><U80/><E114/><V21/><F53/><W110/><G110/><T6/><D38/><U126/><E126/><V16/><F101/><W121/><G121/><T59/><D130/><U15/><E128/><V103/><F103/><W108/><G100/><T60/><D22/><U132/><E132/><V68/><F68/><W115/><G108/><T52/><D86/><U32/><E37/><V74/><F74/><W124/><G124/><T35/><D35/><U113/><E113/><V109/><F109/><W20/><G34/><T19/><D19/><U98/><E123/><V10/><F10/><W67/><G115/><T63/><D70/><U90/><E122/><V26/><F26/><W8/><G8/><T46/><REACH who="0" step="1"/><D59/><REACH who="0" ten="240,250,250,250" step="2"/><U48/><E32/><V73/><F73/><W31/><G87/><T3/><D3/><U89/><E2/><V61/><F21/><W49/><G0/><T131/><D131/><U30/><E80/><V135/><F135/><W79/><G1/><T36/><D36/><U120/><E120/><V118/><F118/><W44/><G85/><T39/><D39/><U105/><E105/><N who="2" m="63687" /><F24/><W99/><G20/><T111/><D111/><U27/><E27/><V92/><F61/><N who="3" m="38319" /><G25/><T41/><D41/><U133/><E133/><V7/><F7/><W23/><G23/><T84/><D84/><AGARI ba="0,1" hai="11,12,16,40,43,84,88,92" m="63687,45642" machi="84" ten="30,3900,0" yaku="12,1,54,2" doraHai="56" who="2" fromWho="0" sc="240,-39,250,0,250,49,250,0" /><INIT seed="1,0,0,4,5,88" ten="201,250,299,250" oya="1" hai0="36,14,103,117,69,63,90,102,11,54,132,13,28" hai1="33,35,44,123,7,133,87,128,52,101,81,66,110" hai2="114,120,82,4,125,67,134,29,72,79,2,116,71" hai3="55,56,112,9,37,21,20,119,26,46,131,64,49"/><U73/><E123/><V62/><F116/><W57/><G112/><T106/><D117/><U98/><E66/><V115/><F120/><W85/><G119/><T70/><D132/><U32/><E133/><V84/><F134/><W100/><G131/><T0/><D0/><U91/><E128/><V74/><F125/><W95/><G37/><T127/><D127/><U105/><E7/><V16/><F29/><W45/><G9/><T77/><D77/><U107/><E107/><V86/><F4/><W61/><G20/><T60/><D36/><U10/><E10/><V43/><F2/><W129/><G129/><T118/><D118/><U19/><E19/><V80/><F43/><W48/><G48/><T51/><D28/><U5/><E5/><V83/><F83/><W121/><G121/><T30/><D30/><U76/><E110/><V53/><F53/><W75/><G75/><T23/><D23/><U65/><E65/><V59/><F71/><W25/><G25/><T93/><D106/><U42/><E52/><V96/><F96/><N who="3" m="59423" /><G85/><T24/><D24/><U108/><E108/><V31/><F31/><AGARI ba="0,0" hai="21,26,31,45,46,49,55,56,57,61,64" m="59423" machi="31" ten="30,3900,0" yaku="25,1,8,1,52,1" doraHai="88" who="3" fromWho="2" sc="201,0,250,0,299,-39,250,39" /><INIT seed="2,0,0,3,0,117" ten="201,250,260,289" oya="2" hai0="100,39,116,44,128,123,81,91,101,9,121,2,22" hai1="82,0,98,108,23,133,15,95,120,69,41,125,122" hai2="97,1,52,126,18,5,12,78,26,70,48,6,56" hai3="93,34,65,77,119,80,118,50,113,88,49,76,67"/><V45/><F70/><W112/><G34/><T20/><D128/><U127/><E0/><V35/><F126/><N who="1" m="48137" /><E69/><V131/><F131/><W33/><G33/><T51/><D39/><U106/><E106/><V8/><F78/><N who="3" m="30315" /><G80/><T37/><D37/><U107/><E107/><V129/><F129/><W28/><G28/><T90/><D116/><N who="3" m="44585" /><G88/><N who="0" m="33835" /><D81/><U27/><E82/><V124/><F124/><W111/><G93/><T10/><D2/><U135/><E15/><V85/><F85/><W109/><G50/><T3/><D44/><U43/><E108/><N who="3" m="41546" /><G49/><T104/><D51/><U32/><E32/><V62/><F97/><W38/><G38/><T59/><D59/><U13/><E13/><V46/><F46/><W63/><G63/><T16/><D3/><U92/><E92/><V4/><F35/><W53/><G53/><T87/><D87/><U74/><E74/><V66/><REACH who="2" step="1"/><F26/><REACH who="2" ten="201,250,250,289" step="2"/><W11/><G11/><AGARI ba="0,1" hai="1,4,5,6,8,11,12,18,45,48,52,56,62,66" machi="11" ten="30,11600,0" yaku="1,1,2,1,7,1,54,1,53,0" doraHai="117" doraHaiUra="72" who="2" fromWho="3" sc="201,0,250,0,250,126,289,-116" /><INIT seed="2,1,0,5,4,132" ten="201,250,376,173" oya="2" hai0="80,126,40,96,60,51,67,120,115,36,105,77,33" hai1="71,50,94,108,13,43,30,131,128,23,52,44,24" hai2="17,21,118,127,54,9,55,12,110,74,48,123,91" hai3="68,78,89,11,106,15,84,22,37,66,53,63,47"/><V46/><F118/><W135/><G135/><T72/><D120/><U38/><E108/><V2/><F74/><W29/><G106/><T104/><D115/><U4/><E94/><V49/><F123/><W90/><G78/><T57/><D33/><U1/><E1/><V117/><F117/><W113/><G113/><T69/><D96/><U99/><E99/><V86/><F110/><W76/><G76/><T39/><D126/><U97/><E97/><V18/><F127/><W81/><G90/><T130/><D130/><U32/><E71/><V119/><F119/><W0/><G0/><T16/><D39/><U100/><E100/><V88/><F86/><W65/><G65/><T129/><D129/><U124/><E124/><V41/><F2/><W20/><G29/><T93/><D93/><U62/><E62/><V8/><F8/><W28/><G28/><T87/><D72/><U122/><E122/><V114/><F114/><W102/><G102/><T58/><D58/><U19/><REACH who="1" step="1"/><E4/><REACH who="1" ten="201,240,376,173" step="2"/><V25/><F41/><W3/><G3/><T121/><D121/><U125/><E125/><V109/><F109/><W101/><G101/><T95/><D95/><U98/><E98/><V7/><F7/><W134/><G134/><T42/><D105/><U107/><E107/><V103/><F103/><W79/><G68/><T45/><D104/><U10/><E10/><V34/><F34/><W5/><G11/><T31/><D42/><U26/><E26/><V92/><F92/><W64/><G5/><T56/><D69/><U70/><E70/><V73/><F9/><W6/><G6/><RYUUKYOKU ba="1,1" sc="201,-10,240,30,376,-10,173,-10" hai1="13,19,23,24,30,32,38,43,44,50,52,128,131" /><INIT seed="3,2,1,5,5,39" ten="191,270,366,163" oya="3" hai0="5,125,0,122,38,21,110,33,52,107,90,112,9" hai1="71,103,25,18,132,108,88,30,82,46,29,79,111" hai2="118,64,99,119,75,34,126,100,69,40,57,129,74" hai3="59,53,55,49,65,28,87,115,83,101,130,78,113"/><W32/><G130/><T72/><RYUUKYOKU type="yao9" ba="2,1" sc="191,0,270,0,366,0,163,0" hai0="0,5,9,21,33,38,52,72,90,107,110,112,122,125" /><INIT seed="3,3,1,0,2,116" ten="191,270,366,163" oya="3" hai0="97,8,5,37,110,130,67,125,95,71,86,43,31" hai1="4,109,75,99,36,106,14,94,66,133,40,35,46" hai2="29,34,78,2,15,80,121,82,115,27,119,62,83" hai3="53,129,68,16,33,101,105,84,18,32,44,19,114"/><W26/><G114/><T123/><D123/><U42/><E35/><V57/><F119/><W73/><G73/><T92/><D110/><U96/><E14/><V25/><F115/><W60/><G129/><T49/><D125/><U124/><E4/><V100/><F2/><W103/><G105/><T41/><D130/><U13/><E13/><V6/><F121/><W22/><G68/><T107/><D37/><U69/><E75/><V39/><F39/><W9/><G33/><T127/><D127/><U132/><E94/><V118/><F100/><N who="3" m="38475" /><G32/><T54/><D107/><U61/><E96/><V48/><F48/><N who="3" m="28807" /><G9/><T112/><D112/><U10/><E10/><N who="2" m="4567" /><F34/><W50/><G60/><T3/><D71/><U63/><E124/><V23/><F118/><W88/><G50/><T93/><D67/><U98/><E98/><V38/><F38/><W0/><G0/><T135/><D97/><U104/><E109/><V72/><F72/><W117/><G117/><T51/><D31/><U30/><E42/><V45/><F45/><W81/><AGARI ba="3,1" hai="16,18,19,22,26,81,84,88" m="28807,38475" machi="81" ten="30,6000,0" yaku="8,1,54,2" doraHai="116" who="3" fromWho="3" sc="191,-23,270,-23,366,-23,163,79" /><INIT seed="3,4,0,3,0,47" ten="168,247,343,242" oya="3" hai0="56,36,67,103,114,19,79,68,12,60,81,5,62" hai1="133,104,102,84,54,46,127,66,99,6,93,39,63" hai2="28,76,121,27,49,41,75,40,118,123,94,88,53" hai3="131,4,8,130,72,113,101,26,55,13,105,128,83"/><W2/><G113/><T108/><D108/><U97/><E133/><V52/><F118/><W73/><G26/><T90/><D36/><U7/><E127/><V107/><F107/><W125/><G125/><T89/><D5/><U119/><E119/><V59/><F75/><W51/><G13/><T48/><D103/><U18/><E84/><N who="2" m="52487" /><F76/><W115/><G115/><T44/><D114/><U0/><E18/><V77/><F53/><W82/><G82/><T122/><D122/><N who="2" m="46602" /><F77/><W29/><G29/><T111/><D111/><U23/><E23/><AGARI ba="4,0" hai="23,27,28,40,41,49,52,59" m="46602,52487" machi="23" ten="30,7700,0" yaku="13,1,52,1,54,2" doraHai="47" who="2" fromWho="1" sc="168,0,247,-89,343,89,242,0" owari="168,-23.0,158,-34.0,432,53.0,242,4.0" /></mjloggm>