<mjloggm ver="2.3"><GO type="169" lobby="0"/><UN n0="%E6%B0%B7%E6%B2%B3%E9%A2%A8" n1="%E3%82%B1%E3%83%B3%E3%83%A4%E2%98%85" n2="%EF%BC%91%EF%BC%92%EF%BC%94%EF%BC%98%EF%BC%91%EF%BC%96%EF%BC%93%EF%BC%92" n3="%E3%82%A6%E3%83%AB%E3%83%88%E3%83%A9%E7%AB%8B%E7%9B%B4" dan="18,16,16,17" rate="2192.52,2071.05,2131.09,2163.06" sx="M,M,M,M"/><TAIKYOKU oya="0"/><INIT seed="0,0,0,3,0,23" ten="250,250,250,250" oya="0" hai0="46,132,105,13,80,92,20,16,90,109,34,89,78" hai1="54,79,114,31,104,125,24,64,68,84,81,62,129" hai2="0,26,12,77,47,50,41,127,98,28,59,49,122" hai3="60,25,118,4,83,115,117,121,131,123,116,87,71"/><T76/><D105/><U19/><E125/><V82/><F0/><W93/><G115/><T48/><D34/><U8/><E129/><V40/><F122/><N who="3" m="46603" /><G131/><T38/><D38/><U108/><E108/><V96/><F127/><W113/><G113/><T107/><D107/><U66/><E104/><V86/><F12/><W134/><G134/><T74/><D132/><U106/><E106/><V135/><F135/><W9/><G93/><T120/><D120/><U55/><E66/><V39/><F39/><W43/><G43/><T30/><D109/><U52/><E114/><V63/><F49/><W101/><G101/><T110/><D110/><U53/><E53/><V119/><F119/><W94/><G94/><T45/><D30/><U103/><E103/><V61/><F41/><W18/><G60/><T100/><D46/><U112/><E112/><V33/><REACH who="2" step="1"/><F63/><REACH who="2" ten="250,250,240,250" step="2"/><W72/><G118/><T22/><D48/><U124/><E124/><V67/><AGARI ba="0,1" hai="26,28,33,40,47,50,59,61,67,77,82,86,96,98" machi="67" ten="20,8000,1" yaku="1,1,2,1,0,1,7,1,52,1,53,0" doraHai="23" doraHaiUra="35" who="2" fromWho="2" sc="250,-40,250,-20,240,90,250,-20" /><INIT seed="1,0,0,2,2,41" ten="210,230,330,230" oya="1" hai0="38,105,131,92,82,56,30,76,4,134,43,7,130" hai1="11,17,21,49,103,9,50,42,35,20,48,106,8" hai2="107,59,46,34,26,85,44,51,117,112,115,118,66" hai3="10,25,83,63,5,6,90,101,31,133,62,124,120"/><U86/><E35/><V128/><F107/><W111/><G120/><T0/><D105/><U94/><E106/><V15/><F128/><W54/><G111/><T121/><D134/><U135/><E135/><V53/><F15/><W12/><G133/><T99/><D121/><U108/><E108/><V113/><F85/><W71/><G124/><T72/><D30/><U102/><E42/><V95/><F95/><W55/><G101/><N who="1" m="38410" /><E17/><V33/><F66/><W127/><G127/><T123/><D123/><U23/><E94/><V87/><F87/><AGARI ba="0,0" hai="8,9,11,20,21,23,48,49,50,86,87" m="38410" machi="87" ten="40,12000,1" yaku="29,2,28,2,8,1" doraHai="41" who="1" fromWho="2" sc="210,0,230,120,330,-120,230,0" /><INIT seed="1,1,0,0,3,45" ten="210,350,210,230" oya="1" hai0="70,111,108,11,89,130,58,115,66,82,42,47,110" hai1="57,21,64,23,31,93,116,38,114,63,40,62,112" hai2="8,67,126,51,27,61,4,118,133,73,92,101,5" hai3="80,34,134,30,19,128,16,49,46,106,2,79,85"/><U28/><E116/><V17/><F118/><W127/><G127/><T94/><D115/><U95/><E40/><V109/><F73/><W72/><G128/><T35/><D130/><U75/><E75/><V84/><F126/><W103/><G134/><T37/><D35/><U44/><E44/><V52/><F133/><W13/><G2/><T107/><D107/><U1/><E1/><V129/><F129/><W121/><G121/><T39/><D82/><U124/><E124/><V32/><F109/><W41/><G85/><T117/><D11/><U83/><E83/><V9/><F32/><W99/><REACH who="3" step="1"/><G13/><REACH who="3" ten="210,350,210,220" step="2"/><T24/><D117/><U123/><E123/><V56/><F84/><W71/><G71/><T65/><D70/><U10/><E112/><V29/><F4/><W100/><G100/><T14/><D14/><U96/><E114/><V98/><F5/><W6/><G6/><T97/><D24/><AGARI ba="1,1" hai="16,19,24,30,34,41,46,49,72,79,80,99,103,106" machi="24" ten="40,8000,1" yaku="1,1,52,1,54,1,53,1" doraHai="45" doraHaiUra="77" who="3" fromWho="0" sc="210,-83,350,0,210,0,220,93" /><INIT seed="2,0,0,1,5,95" ten="127,350,210,313" oya="2" hai0="124,103,32,109,74,27,35,122,108,79,21,57,14" hai1="125,16,12,89,18,11,100,133,51,39,68,127,85" hai2="80,8,23,84,99,114,119,44,134,78,128,17,131" hai3="13,71,3,129,42,112,104,132,19,113,135,30,62"/><V121/><F121/><W65/><G3/><T116/><D122/><U28/><E39/><V101/><F119/><W69/><G129/><N who="2" m="49737" /><F114/><N who="3" m="44139" /><G104/><T53/><D116/><U75/><E75/><V5/><F44/><W94/><G30/><T130/><D130/><U50/><E28/><V59/><F59/><N who="3" m="37087" /><G94/><T96/><D124/><U111/><E68/><N who="3" m="26186" /><G42/><T73/><D14/><U123/><E12/><N who="2" m="9639" /><F134/><W118/><G118/><T120/><D120/><U40/><E133/><V1/><F101/><W49/><G49/><N who="0" m="30895" /><D32/><U72/><E51/><V56/><F56/><W24/><G24/><T6/><D35/><U92/><E50/><V60/><F60/><W22/><AGARI ba="0,0" hai="13,19,22,132,135" m="26186,37087,44139" machi="22" ten="40,1500,0" yaku="11,1" doraHai="95" who="3" fromWho="3" sc="127,-4,350,-4,210,-7,313,15" /><INIT seed="3,0,0,2,2,11" ten="123,346,203,328" oya="3" hai0="69,99,133,89,56,21,91,88,34,113,37,78,7" hai1="1,13,35,28,87,9,42,39,122,38,17,73,63" hai2="107,132,25,97,31,76,86,112,72,22,125,85,0" hai3="50,62,54,45,95,92,109,29,51,43,33,67,106"/><W84/><G106/><T60/><D37/><U40/><E73/><V53/><F0/><W14/><G109/><T59/><D34/><U83/><E122/><V19/><F112/><W75/><G75/><T81/><D113/><U65/><E1/><V57/><F132/><W134/><G134/><T110/><D110/><U105/><E105/><V58/><F125/><W101/><G101/><T41/><D41/><U4/><E4/><V79/><F107/><W32/><G29/><T5/><D133/><U36/><E35/><V66/><F97/><W119/><G119/><T128/><D128/><U126/><E28/><V120/><F120/><W23/><G33/><T48/><D69/><U3/><E3/><V71/><F71/><W55/><G32/><T70/><D70/><U6/><E6/><V100/><F100/><W123/><G123/><T46/><D21/><U15/><E15/><N who="2" m="9599" /><F72/><W94/><G84/><N who="2" m="32361" /><F66/><W96/><G96/><T90/><D78/><N who="2" m="29738" /><F53/><W103/><G103/><T47/><D81/><U102/><E102/><V135/><F135/><W68/><G55/><N who="0" m="31847" /><D99/><U24/><E126/><V27/><F31/><W104/><G104/><T30/><N who="0" m="23040" /><DORA hai="114" /><T111/><D30/><U16/><E36/><V121/><F121/><W98/><G98/><T124/><D124/><U131/><E39/><V20/><F20/><W2/><G2/><T117/><D117/><U77/><E38/><V115/><F115/><W127/><G127/><T52/><D111/><U8/><E131/><V64/><F64/><W116/><G116/><T93/><D93/><N who="3" m="23809" /><W26/><DORA hai="49" /><G67/><T44/><AGARI ba="0,0" hai="5,7,44,46,47,52,59,60" m="23040,31847" machi="44" ten="50,12000,2" yaku="5,1,8,1,52,2,54,2" doraHai="11,114,49" who="0" fromWho="0" sc="123,120,346,-30,203,-30,328,-60" /><INIT seed="4,0,0,4,0,16" ten="243,316,173,268" oya="0" hai0="70,4,40,6,101,78,89,1,60,64,76,123,36" hai1="62,119,85,83,10,44,43,51,118,37,49,68,23" hai2="22,47,74,11,33,5,106,96,50,39,116,131,110" hai3="94,108,65,121,63,93,95,12,67,24,102,125,77"/><T97/><D123/><U71/><E10/><V42/><F110/><W13/><G108/><T134/><D134/><U7/><E7/><V100/><F33/><W8/><G121/><T80/><D89/><U113/><E113/><V25/><F74/><W69/><G125/><T46/><D1/><U35/><E35/><V14/><F131/><W3/><G3/><T99/><D99/><U122/><E122/><V20/><F116/><W92/><G67/><T133/><D78/><U30/><E37/><V58/><REACH who="2" step="1"/><F25/><REACH who="2" ten="243,316,163,268" step="2"/><W72/><G24/><T26/><D26/><U29/><E119/><V53/><AGARI ba="0,1" hai="5,11,14,20,22,39,42,47,50,53,58,96,100,106" machi="53" ten="30,12000,2" yaku="1,1,2,1,0,1,52,2,53,1" doraHai="16" doraHaiUra="52" who="2" fromWho="2" sc="243,-60,316,-30,163,130,268,-30" /><INIT seed="5,0,0,3,5,87" ten="183,286,293,238" oya="1" hai0="103,8,1,99,114,133,86,44,38,121,51,39,81" hai1="96,98,35,124,135,68,52,17,83,56,130,64,6" hai2="71,78,5,30,107,134,115,85,20,18,108,122,94" hai3="126,84,45,77,73,10,24,43,21,31,131,90,34"/><U70/><E35/><V104/><F71/><W80/><G126/><T25/><D114/><U55/><E124/><V42/><F122/><W27/><G131/><T119/><D119/><U120/><E120/><V37/><F108/><W128/><G128/><T16/><D133/><U69/><E130/><V3/><F134/><W113/><G113/><T58/><D58/><U11/><E135/><V72/><F30/><W75/><G10/><T125/><D125/><U40/><E40/><V82/><F115/><W95/><G27/><T54/><D121/><U100/><E17/><V0/><F42/><W36/><REACH who="3" step="1"/><G34/><REACH who="3" ten="183,286,293,228" step="2"/><T88/><D1/><U66/><E11/><V97/><F3/><W61/><G61/><T93/><REACH who="0" step="1"/><D25/><REACH who="0" ten="173,286,293,228" step="2"/><U111/><E111/><V4/><F0/><W112/><G112/><T110/><D110/><U63/><E69/><V67/><F20/><W28/><G28/><T41/><D41/><U101/><E68/><V116/><F116/><W127/><G127/><T32/><D32/><U89/><E70/><V106/><F4/><W74/><AGARI ba="0,2" hai="21,24,31,36,43,45,73,74,75,77,80,84,90,95" machi="74" ten="20,5200,0" yaku="1,1,0,1,7,1,52,1,53,0" doraHai="87" doraHaiUra="65" who="3" fromWho="3" sc="173,-13,286,-26,293,-13,228,72" /><INIT seed="6,0,0,4,1,131" ten="160,260,280,300" oya="2" hai0="104,132,82,42,45,120,54,96,80,114,49,50,29" hai1="40,76,58,129,77,106,16,111,28,48,75,36,122" hai2="37,124,135,61,46,52,57,81,100,41,84,11,35" hai3="33,89,43,70,8,78,94,2,83,62,127,30,5"/><V27/><F100/><W59/><G127/><T55/><D120/><U22/><E111/><V71/><F124/><W128/><G128/><T60/><D114/><U47/><E129/><V44/><F11/><W24/><G43/><T102/><D29/><U32/><E106/><V26/><F71/><W126/><G126/><T79/><D42/><U63/><E122/><V25/><F135/><W72/><G70/><T125/><D125/><U119/><E119/><V51/><F35/><W13/><G2/><T1/><D1/><U99/><E75/><V53/><REACH who="2" step="1"/><F26/><REACH who="2" ten="160,260,270,300" step="2"/><W97/><G33/><T113/><D113/><U68/><E68/><V66/><F66/><W87/><G24/><T74/><D132/><U116/><E32/><V39/><F39/><W7/><G7/><T69/><D69/><U133/><E133/><V93/><F93/><W95/><G95/><T0/><D0/><U31/><E36/><V92/><F92/><W101/><G8/><T105/><D105/><U14/><E116/><V130/><F130/><W21/><G5/><T134/><D134/><U34/><E34/><V112/><F112/><W64/><G21/><T86/><D80/><U56/><E22/><V121/><F121/><W65/><G65/><T73/><REACH who="0" step="1"/><D60/><REACH who="0" ten="150,260,270,300" step="2"/><U20/><E63/><V108/><F108/><W118/><G62/><T107/><D107/><U12/><E31/><V103/><F103/><W90/><G30/><T15/><D15/><U117/><E28/><V19/><F19/><W67/><G13/><T6/><D6/><U9/><E12/><V85/><F85/><W17/><G87/><RYUUKYOKU ba="0,2" sc="150,15,260,-15,270,15,300,-15" hai0="45,49,50,54,55,73,74,79,82,86,96,102,104" hai2="25,27,37,41,44,46,51,52,53,57,61,81,84" /><INIT seed="6,1,2,2,5,64" ten="165,245,285,285" oya="2" hai0="20,12,52,24,23,120,21,51,25,126,27,98,72" hai1="125,11,111,90,16,92,22,132,84,113,121,31,59" hai2="7,36,56,33,100,54,8,124,37,102,60,0,15" hai3="47,18,109,68,97,79,131,40,74,77,76,96,5"/><V71/><F33/><W48/><G74/><T107/><D120/><U39/><E111/><V44/><F124/><W135/><G109/><T14/><D126/><U80/><E125/><V46/><F0/><W85/><G68/><T73/><D107/><U1/><E39/><V67/><F37/><W81/><G131/><T55/><D98/><N who="3" m="37993" /><G5/><T130/><D130/><U66/><E113/><V95/><F95/><W114/><G135/><T65/><D65/><U17/><E132/><V112/><F112/><W62/><G114/><T88/><D88/><U41/><E41/><N who="2" m="22567" /><F46/><W45/><G62/><T4/><D4/><U6/><E121/><V2/><F2/><W116/><G116/><T78/><D78/><U70/><E59/><V3/><F3/><W50/><G18/><T117/><D117/><U133/><E133/><V69/><F71/><W63/><G63/><T93/><D93/><U108/><E108/><V115/><F115/><W43/><AGARI ba="1,2" hai="40,43,45,47,48,50,76,77,79,81,85" m="37993" machi="43" ten="30,1100,0" yaku="8,1" doraHai="64" who="3" fromWho="3" sc="165,-4,245,-4,285,-6,285,34" /><INIT seed="7,0,0,5,1,62" ten="161,241,279,319" oya="3" hai0="104,5,114,100,7,101,45,29,48,75,95,74,8" hai1="35,44,107,56,36,92,31,117,72,119,73,93,1" hai2="65,13,89,34,103,64,26,51,20,113,86,22,38" hai3="106,28,49,111,40,60,79,11,18,78,6,47,90"/><W37/><G106/><T69/><D104/><U123/><E1/><V132/><F38/><W84/><G28/><T19/><D29/><U112/><E123/><V88/><F34/><W67/><G18/><T52/><D69/><U99/><E112/><V39/><F39/><W23/><G23/><T25/><D114/><U129/><E129/><V120/><F113/><W105/><G105/><T66/><D66/><N who="2" m="25706" /><F120/><W63/><G63/><T2/><D7/><U55/><E93/><N who="2" m="54423" /><F103/><W4/><G37/><T91/><D75/><U0/><E73/><V10/><F132/><W126/><G126/><T122/><D74/><U59/><E36/><V68/><F68/><W127/><G127/><T9/><D122/><U83/><E0/><V87/><F51/><W70/><G111/><T121/><D121/><U76/><E72/><V94/><F26/><W85/><G49/><T32/><D32/><U57/><E35/><V80/><F94/><W54/><G60/><T124/><D124/><U42/><E92/><V81/><F80/><W110/><G70/><T125/><D125/><U43/><E83/><V71/><F71/><W53/><G110/><T109/><D109/><U131/><E107/><V97/><F97/><W27/><G27/><T21/><REACH who="0" step="1"/><D9/><REACH who="0" ten="151,241,279,319" step="2"/><U61/><E119/><V14/><F10/><W50/><G11/><T16/><D16/><U30/><E117/><V133/><F133/><W115/><G6/><T98/><AGARI ba="0,1" hai="2,5,8,19,21,25,45,48,52,91,95,98,100,101" machi="98" ten="20,8000,1" yaku="1,1,0,1,7,1,54,1,53,1" doraHai="62" doraHaiUra="3" who="0" fromWho="0" sc="151,90,241,-20,279,-20,319,-40" /><INIT seed="8,0,0,4,0,32" ten="241,221,259,279" oya="0" hai0="108,123,22,100,65,119,70,85,131,52,120,113,82" hai1="84,73,109,97,117,111,62,77,18,66,24,38,42" hai2="122,33,37,103,54,68,90,4,129,50,5,31,6" hai3="9,14,106,104,44,133,35,91,125,101,105,69,23"/><T13/><D113/><U98/><E117/><V27/><F122/><W72/><G35/><T67/><D119/><U56/><E73/><V58/><F68/><W60/><G72/><T134/><D70/><U45/><E109/><V128/><F37/><W26/><G125/><T112/><D112/><U135/><E135/><V94/><REACH who="2" step="1"/><F103/><REACH who="2" ten="241,221,249,279" step="2"/><W78/><G101/><T110/><D100/><U95/><E111/><N who="0" m="42537" /><D134/><U21/><REACH who="1" step="1"/><E95/><REACH who="1" ten="241,211,249,279" step="2"/><V132/><F132/><W17/><G133/><T87/><D123/><U64/><E64/><V49/><F49/><W86/><G105/><T74/><D120/><U0/><E0/><V88/><F88/><W127/><G91/><T55/><D67/><U20/><E20/><V47/><F47/><W57/><G44/><T63/><D65/><U59/><E59/><V61/><F61/><W53/><G69/><T1/><D1/><U7/><E7/><V29/><F29/><W79/><G104/><T96/><D63/><U118/><E118/><V15/><F15/><W2/><G2/><T71/><D71/><U115/><E115/><V114/><F114/><W107/><G106/><T130/><D13/><U83/><AGARI ba="0,2" hai="18,21,24,38,42,45,56,62,66,77,83,84,97,98" machi="83" ten="30,2000,0" yaku="1,1,0,1,53,0" doraHai="32" doraHaiUra="102" who="1" fromWho="1" sc="241,-10,211,40,249,-5,279,-5" /><INIT seed="9,0,0,4,3,46" ten="231,251,244,274" oya="1" hai0="25,69,97,102,78,40,37,56,123,60,6,10,12" hai1="32,36,41,67,76,115,24,79,114,13,68,11,91" hai2="4,44,134,20,19,77,94,29,113,116,28,112,89" hai3="17,82,106,7,55,53,66,15,118,64,1,49,124"/><U52/><E36/><V16/><F116/><W86/><G106/><T33/><D123/><U38/><E38/><V105/><F105/><W75/><G75/><T18/><D69/><U133/><E41/><V43/><F134/><W2/><G2/><T131/><D131/><U22/><E133/><V45/><F77/><W81/><G1/><T70/><D70/><U61/><E32/><V109/><F4/><W54/><G7/><T111/><D111/><U14/><E14/><N who="2" m="9239" /><F19/><W96/><G96/><T107/><D78/><U119/><E119/><V83/><F83/><N who="3" m="31755" /><G124/><T65/><D37/><U90/><E76/><V117/><F117/><W127/><G118/><T71/><D40/><U88/><E79/><V62/><F62/><W120/><G86/><T48/><D33/><U31/><REACH who="1" step="1"/><E52/><REACH who="1" ten="231,241,244,274" step="2"/><V85/><F43/><W121/><G55/><T39/><D39/><U98/><E98/><V42/><F42/><W125/><G54/><T21/><D48/><U128/><E128/><V47/><F109/><W3/><G121/><T110/><D110/><U51/><E51/><V130/><F130/><W30/><G120/><T87/><D87/><U27/><E27/><V34/><F34/><W129/><G129/><T63/><D63/><U23/><E23/><V74/><F74/><W72/><G72/><T92/><D71/><U0/><E0/><V35/><F35/><W57/><G3/><T104/><AGARI ba="0,1" hai="6,10,12,18,21,25,56,60,65,92,97,102,104,107" machi="104" ten="30,1100,0" yaku="0,1" doraHai="46" who="0" fromWho="0" sc="231,21,241,-5,244,-3,274,-3" /><INIT seed="10,0,0,4,5,66" ten="252,236,241,271" oya="2" hai0="19,26,67,107,36,17,39,14,117,104,128,108,74" hai1="45,22,35,30,77,132,130,90,112,91,28,20,31" hai2="16,121,23,83,85,70,86,84,99,125,7,80,88" hai3="71,64,56,8,118,21,105,63,3,58,89,0,61"/><V53/><F121/><W27/><G105/><T9/><D108/><U41/><E112/><V100/><F125/><W37/><G37/><T95/><D74/><U29/><E130/><V10/><F70/><W103/><G103/><T33/><D128/><U51/><E132/><V81/><F53/><W110/><G110/><T44/><D67/><U42/><E35/><V1/><F100/><W55/><G118/><T48/><D117/><U79/><E30/><V24/><REACH who="2" step="1"/><F99/><REACH who="2" ten="252,236,231,271" step="2"/><W34/><G71/><T133/><D133/><U97/><E97/><V25/><F25/><W18/><G27/><T102/><D102/><U94/><E94/><AGARI ba="0,1" hai="1,7,10,16,23,24,80,81,83,84,85,86,88,94" machi="94" ten="40,7700,0" yaku="1,1,54,2,53,0" doraHai="66" doraHaiUra="120" who="2" fromWho="1" sc="252,0,236,-77,231,87,271,0" owari="252,-15.0,159,-34.0,318,42.0,271,7.0" /></mjloggm>