<mjloggm ver="2.3"><GO type="97" lobby="0"/><UN n0="%E7%BE%8E%E9%88%B4%E5%92%8C%E5%84%AA%E6%84%9B" n1="%E5%A4%A9%E6%9C%88%E7%B4%97%E7%9F%A2%E9%A6%99" n2="%E3%82%B7%E3%83%A3%E3%83%B3%E3%83%87%E3%82%A3%E3%83%BB%E3%82%AC%E3%83%95" n3="%E5%B0%B1%E6%B4%BB%E7%94%9F%40%E5%B7%9D%E6%9D%91%E8%BB%8D%E5%9B%A3" dan="13,15,13,14" rate="1879.70,2055.19,1910.09,1990.80" sx="M,M,M,M"/><TAIKYOKU oya="0"/><INIT seed="0,0,0,5,5,19" ten="250,250,250,250" oya="0" hai0="129,5,132,45,57,20,37,112,89,96,115,53,66" hai1="26,100,85,122,121,113,65,1,46,102,131,75,48" hai2="62,7,21,123,106,33,38,32,71,68,63,128,109" hai3="54,59,92,27,41,114,55,105,86,25,67,104,70"/><T18/><D132/><U42/><E75/><V17/><F123/><W77/><G114/><T35/><D35/><N who="2" m="13386" /><F38/><W72/><G72/><T16/><D129/><U84/><E1/><V13/><F128/><W23/><G27/><T118/><D118/><U95/><E113/><V8/><F7/><W108/><G108/><T31/><D5/><U135/><E131/><V94/><F17/><N who="0" m="6762" /><D37/><U69/><E26/><V99/><F94/><W74/><G74/><T126/><D126/><U119/><E119/><V60/><F99/><W10/><G70/><N who="2" m="26665" /><F109/><W61/><G41/><T93/><D115/><U50/><E135/><V43/><F43/><W58/><G10/><T107/><D107/><U98/><E69/><V34/><F34/><W101/><G77/><T14/><D112/><U2/><E65/><V12/><F8/><W127/><G127/><T51/><D66/><U111/><E111/><V11/><F11/><W47/><G47/><T130/><D130/><U116/><E116/><V24/><F106/><W79/><G79/><T80/><D14/><N who="2" m="5738" /><F24/><W39/><G39/><T6/><D6/><U134/><E122/><V0/><F0/><W120/><G120/><T30/><D45/><U4/><E46/><V64/><F64/><W73/><G73/><T22/><D80/><U3/><E2/><V117/><F117/><W133/><G133/><T52/><D53/><N who="3" m="19977" /><G105/><T36/><D36/><U44/><E3/><V110/><F110/><W78/><G104/><T76/><D76/><U91/><E134/><V81/><F81/><N who="3" m="47415" /><G67/><T56/><D56/><U124/><E121/><V103/><F103/><RYUUKYOKU ba="0,0" sc="250,15,250,-15,250,15,250,-15" hai0="20,22,30,31,51,52,57,89,93,96" hai2="21,60,62,63" /><INIT seed="0,1,0,5,4,84" ten="265,235,265,235" oya="0" hai0="135,44,104,67,47,134,88,108,34,105,59,79,37" hai1="116,14,102,99,50,52,6,129,62,27,1,83,56" hai2="9,77,82,100,39,128,97,48,89,8,31,78,20" hai3="80,127,30,49,43,15,36,123,93,7,74,40,57"/><T5/><D34/><U120/><E116/><V13/><F128/><W51/><G123/><T86/><D79/><N who="2" m="30218" /><F39/><W118/><G118/><T18/><D5/><U28/><E120/><V19/><F100/><W114/><G114/><T91/><D108/><U46/><E129/><V54/><F31/><W106/><G106/><T85/><D37/><U4/><E1/><V76/><F76/><W65/><G74/><T23/><D67/><U16/><E83/><V121/><F121/><W35/><G80/><T131/><D131/><U61/><E61/><V58/><F82/><W115/><G115/><T71/><D71/><U60/><E60/><V126/><F126/><W94/><G127/><T29/><D29/><U70/><E70/><V10/><F97/><W33/><G36/><T133/><D59/><U69/><E69/><V90/><AGARI ba="1,0" hai="8,9,10,13,19,20,48,54,58,89,90" m="30218" machi="90" ten="30,4000,0" yaku="8,1,52,2" doraHai="84" who="2" fromWho="2" sc="265,-21,235,-11,265,43,235,-11" /><INIT seed="1,0,0,3,0,64" ten="244,224,308,224" oya="1" hai0="12,102,47,114,125,60,37,120,42,89,106,83,54" hai1="13,33,70,10,113,36,95,131,72,96,24,97,26" hai2="107,78,91,133,9,45,105,110,66,20,3,71,111" hai3="117,27,124,8,119,74,43,128,69,90,87,30,51"/><U101/><E113/><V46/><F133/><W1/><G74/><T25/><D114/><U121/><E121/><V80/><F91/><W7/><G128/><T93/><D120/><U116/><E116/><N who="3" m="44618" /><G124/><T85/><D125/><U17/><E72/><N who="2" m="43079" /><F20/><N who="3" m="15719" /><G51/><T67/><D54/><U28/><E36/><V6/><F46/><W29/><G29/><T61/><D106/><N who="2" m="40458" /><F45/><W21/><G21/><T32/><D12/><U48/><E131/><V76/><F76/><W112/><G43/><T68/><D60/><AGARI ba="0,0" hai="3,6,9,60,66,71,110,111" m="40458,43079" machi="60" ten="30,2000,0" yaku="23,1,52,1" doraHai="64" who="2" fromWho="0" sc="244,-20,224,0,308,20,224,0" /><INIT seed="2,0,0,4,0,75" ten="224,224,328,224" oya="2" hai0="51,105,15,1,106,128,2,89,64,113,0,73,130" hai1="62,61,30,83,26,104,86,35,23,27,17,108,124" hai2="97,123,80,13,46,14,81,88,9,131,20,103,57" hai3="91,84,85,93,126,122,47,8,6,119,112,39,43"/><V63/><F131/><N who="0" m="50218" /><D113/><U98/><E108/><V72/><F123/><W38/><G119/><T100/><D64/><U95/><E104/><N who="0" m="40041" /><D100/><U116/><E116/><V65/><F46/><W18/><G122/><T10/><D89/><U31/><E124/><V68/><F68/><W111/><G126/><T34/><D51/><U41/><E41/><V42/><F42/><W29/><G111/><T19/><D73/><U55/><E55/><V90/><F72/><W49/><G112/><T110/><D110/><U3/><E3/><N who="0" m="769" /><T44/><DORA hai="53" /><D44/><U16/><E61/><V21/><F103/><W109/><G109/><T94/><D34/><U45/><E45/><V36/><F90/><W74/><G74/><T135/><D135/><U4/><E62/><V99/><F88/><W107/><G107/><T79/><D79/><U54/><E54/><V127/><F127/><W28/><G39/><T134/><D134/><U32/><E4/><N who="2" m="3239" /><F36/><W48/><G6/><T117/><D117/><U60/><E60/><V52/><F65/><W59/><G84/><T33/><D33/><U70/><E70/><V78/><F78/><W76/><G76/><T58/><D58/><U120/><E120/><V92/><F52/><N who="3" m="32135" /><G38/><T40/><D40/><U132/><E132/><V82/><F63/><W22/><G8/><T121/><D121/><U56/><E56/><V25/><F57/><W101/><G101/><T102/><D102/><N who="1" m="60767" /><E35/><V12/><F81/><W67/><G67/><T69/><D69/><U125/><E125/><V11/><F82/><W115/><G115/><T24/><D94/><U114/><E114/><RYUUKYOKU ba="0,0" sc="224,10,224,10,328,-30,224,10" hai0="10,15,19,24" hai1="16,17,23,26,27,30,31,32,83,86" hai3="18,22,28,29,43,47,49,85,91,93" /><INIT seed="3,1,0,2,5,129" ten="234,234,298,234" oya="3" hai0="105,41,131,55,134,80,106,28,118,59,91,95,84" hai1="71,87,115,23,79,27,112,18,66,0,61,8,50" hai2="103,124,42,120,100,20,51,38,5,93,45,29,111" hai3="49,33,3,94,114,14,35,56,17,36,25,90,113"/><W7/><G36/><T52/><D118/><U98/><E98/><N who="2" m="59471" /><F111/><W92/><G3/><T85/><D131/><U31/><E50/><V16/><F124/><W107/><G107/><T48/><D41/><U1/><E1/><V119/><F119/><W13/><G92/><T6/><D6/><U46/><E46/><V74/><F74/><W75/><G75/><T110/><D110/><U121/><E121/><V99/><F38/><W70/><G70/><T108/><D108/><U132/><E132/><V32/><F32/><W57/><G7/><T11/><D11/><U43/><E43/><V53/><F120/><W97/><G14/><T133/><D28/><U135/><E135/><N who="0" m="51721" /><D55/><U128/><E128/><V39/><F39/><W34/><G25/><T68/><D68/><U81/><E0/><V64/><F29/><W82/><G82/><T47/><D47/><U26/><E8/><V63/><F5/><W101/><G101/><T76/><AGARI ba="1,0" hai="48,52,59,76,80,84,85,91,95,105,106" m="51721" machi="76" ten="30,8000,1" yaku="20,1,52,3,54,1" doraHai="129" who="0" fromWho="0" sc="234,83,234,-21,298,-21,234,-41" owari="317,42.0,213,-19.0,277,8.0,193,-31.0" /></mjloggm>