<mjloggm ver="2.3"><GO type="169" lobby="0"/><UN n0="%E3%82%8A%E3%82%87%E3%81%86%E3%81%BE%35%37%32%34" n1="%E3%82%A6%E3%83%AB%E3%83%88%E3%83%A9%E7%AB%8B%E7%9B%B4" n2="%62%75%74%69%74%61%6D%61" n3="%E7%8A%AC%E4%BE%8D" dan="16,17,17,16" rate="2195.20,2154.46,2120.32,2106.99" sx="M,M,M,M"/><TAIKYOKU oya="0"/><INIT seed="0,0,0,2,0,125" ten="250,250,250,250" oya="0" hai0="17,67,62,55,23,73,22,102,13,59,76,84,88" hai1="77,69,36,108,30,34,10,72,130,117,25,6,60" hai2="61,40,48,82,51,94,26,132,79,123,45,33,1" hai3="7,43,118,57,32,121,47,116,50,65,24,21,19"/><T71/><D102/><U89/><E89/><V3/><F123/><W42/><G121/><T53/><D73/><U31/><E31/><V113/><F113/><W16/><G7/><T9/><D76/><U56/><E56/><V28/><F132/><W106/><G106/><T2/><D2/><U80/><E117/><V115/><F115/><W8/><G32/><T101/><D101/><U86/><E86/><V133/><F133/><W135/><G135/><T37/><D37/><U11/><E11/><V64/><F94/><W131/><G131/><T122/><D122/><U29/><E29/><V128/><F48/><W100/><G100/><T63/><REACH who="0" step="1"/><D55/><REACH who="0" ten="240,250,250,250" step="2"/><U126/><E36/><V120/><F120/><W68/><G43/><T99/><D99/><U124/><E126/><V66/><F128/><W111/><G42/><T96/><D96/><U81/><E124/><V104/><F104/><W41/><G41/><T91/><D91/><U74/><E130/><V46/><F1/><W5/><G118/><T52/><D52/><U129/><E129/><V107/><F3/><W85/><G116/><T54/><D54/><U119/><E119/><V78/><F107/><W15/><G85/><T44/><D44/><U14/><E74/><N who="2" m="43351" /><F46/><W49/><G47/><T35/><D35/><U127/><E127/><V87/><F87/><W75/><G75/><T70/><D70/><U103/><E72/><V18/><F79/><W110/><G68/><T98/><D98/><U109/><E77/><V83/><F45/><W95/><G49/><T58/><D58/><U38/><E38/><V105/><F51/><RYUUKYOKU ba="0,1" sc="240,30,250,-10,250,-10,250,-10" hai0="9,13,17,22,23,53,59,62,63,67,71,84,88" /><INIT seed="0,1,1,3,3,98" ten="270,240,240,240" oya="0" hai0="74,101,17,58,76,15,111,13,20,93,106,92,38" hai1="40,14,94,86,99,75,42,128,117,60,25,83,11" hai2="36,124,29,44,63,110,8,52,53,72,4,2,6" hai3="62,19,134,125,66,102,121,24,5,10,116,46,47"/><T112/><D38/><U120/><E75/><V3/><F110/><W7/><G116/><T104/><D112/><U123/><E117/><V0/><F124/><W114/><G114/><T78/><D74/><U69/><E128/><V51/><F72/><W105/><G125/><T33/><D33/><U54/><E123/><V48/><F36/><W127/><G127/><T41/><D41/><U32/><E120/><V88/><F63/><W59/><G134/><T39/><D39/><U1/><E1/><V57/><F29/><W119/><G119/><T12/><D111/><U87/><E25/><V31/><F31/><W108/><G108/><T109/><D109/><U90/><E32/><V18/><F18/><W89/><G89/><T49/><D106/><U30/><E30/><V65/><F65/><W122/><G122/><T43/><D104/><U107/><E107/><V22/><F22/><W56/><G56/><T9/><D93/><U82/><E69/><V103/><F103/><W91/><G91/><T71/><D71/><U113/><E113/><V21/><F21/><W45/><G121/><T37/><D37/><U34/><E34/><V129/><F129/><W16/><G102/><T67/><D67/><U64/><E64/><V133/><F133/><W84/><G105/><T132/><D132/><U68/><E68/><V85/><REACH who="2" step="1"/><F6/><REACH who="2" ten="270,240,230,240" step="2"/><W61/><G5/><N who="0" m="3119" /><D101/><N who="1" m="60663" /><E60/><V126/><F126/><W100/><G62/><T115/><D115/><U26/><E26/><V96/><F96/><W55/><G24/><T73/><D73/><U118/><E118/><V95/><AGARI ba="1,2" hai="0,2,3,4,8,44,48,51,52,53,57,85,88,95" machi="95" ten="20,8000,1" yaku="1,1,0,1,7,1,54,2,53,0" doraHai="98" doraHaiUra="77" who="2" fromWho="2" sc="270,-41,240,-21,230,103,240,-21" /><INIT seed="1,0,0,5,4,3" ten="229,219,333,219" oya="1" hai0="58,26,25,103,74,105,27,109,1,63,4,91,18" hai1="23,16,48,73,45,94,92,34,126,6,104,131,35" hai2="89,115,128,24,107,100,81,55,133,102,75,51,60" hai3="121,33,62,57,38,101,83,67,0,80,72,110,85"/><U15/><E104/><V111/><F111/><W77/><G121/><T119/><D119/><U79/><E126/><V5/><F133/><W129/><G110/><T70/><D70/><U42/><E131/><V134/><F134/><W13/><G0/><T17/><D74/><U22/><E73/><V53/><F128/><W50/><G38/><T61/><D109/><U118/><E118/><V98/><F102/><W20/><G33/><T29/><D29/><U124/><E124/><V46/><F115/><W65/><G129/><T82/><D103/><U127/><E127/><V108/><F108/><W31/><G101/><T87/><D105/><U14/><E79/><V2/><F24/><W37/><G37/><T39/><D39/><U99/><E35/><V71/><F71/><W78/><G50/><T97/><D97/><U130/><E34/><V122/><F122/><W9/><G20/><T95/><D82/><U86/><E130/><V59/><F75/><W66/><REACH who="3" step="1"/><G31/><REACH who="3" ten="229,219,333,209" step="2"/><T49/><D49/><U8/><E23/><V30/><F30/><W132/><G132/><T96/><D63/><U125/><E125/><V84/><F2/><W76/><G76/><T123/><D123/><U10/><E22/><V7/><AGARI ba="0,1" hai="5,7,46,51,53,55,59,60,81,84,89,98,100,107" machi="7" ten="30,4000,0" yaku="0,1,52,2" doraHai="3" who="2" fromWho="2" sc="229,-10,219,-20,333,50,209,-10" /><INIT seed="2,0,0,5,0,19" ten="219,199,383,199" oya="2" hai0="90,88,108,77,49,22,4,59,29,0,48,41,30" hai1="50,75,25,65,28,116,124,5,120,81,42,45,83" hai2="12,53,14,82,72,93,96,9,134,89,24,71,34" hai3="66,132,56,135,95,46,16,111,13,98,2,114,129"/><V31/><F71/><W125/><G2/><T40/><D0/><U60/><E116/><V43/><F134/><N who="3" m="51243" /><G111/><T35/><D35/><U6/><E124/><V3/><F3/><W1/><G1/><T86/><D4/><U23/><E120/><V91/><F43/><N who="0" m="16458" /><D108/><U94/><E94/><V102/><F14/><W101/><G125/><T113/><D113/><U128/><E128/><V126/><F126/><W18/><G129/><T7/><D7/><U79/><REACH who="1" step="1"/><E81/><REACH who="1" ten="219,189,383,199" step="2"/><V84/><F93/><W80/><G80/><N who="0" m="47375" /><D30/><U121/><E121/><V69/><F82/><W106/><G95/><T70/><D70/><AGARI ba="0,1" hai="5,6,23,25,28,42,45,50,60,65,70,75,79,83" machi="70" ten="30,3900,0" yaku="1,1,7,1,52,1,53,0" doraHai="19" doraHaiUra="92" who="1" fromWho="0" sc="219,-39,189,49,383,0,199,0" /><INIT seed="3,0,0,0,5,26" ten="180,238,383,199" oya="3" hai0="4,81,53,14,107,20,7,39,82,50,95,80,30" hai1="86,120,93,127,35,28,42,110,109,114,11,15,83" hai2="128,22,72,65,21,0,45,25,38,47,67,59,123" hai3="61,113,6,60,33,70,62,92,49,68,17,52,131"/><W84/><G113/><T118/><D107/><U40/><E120/><V135/><F72/><W122/><G122/><T119/><D39/><U87/><E127/><V85/><F0/><W12/><G131/><T56/><D95/><U79/><E114/><V129/><F123/><W54/><G6/><T111/><D111/><N who="1" m="42507" /><E35/><V105/><F105/><W55/><G33/><T46/><D119/><U132/><E132/><V13/><F135/><W32/><G32/><T37/><D118/><U91/><E28/><V2/><F2/><W1/><G1/><T74/><D74/><U34/><E34/><V58/><F13/><W27/><G27/><T66/><D37/><U97/><E87/><V63/><F85/><W99/><G84/><T116/><D116/><U24/><E24/><V98/><F98/><W41/><G41/><T102/><D102/><U73/><E73/><V31/><F38/><W16/><G49/><T100/><D100/><U75/><E75/><V96/><F96/><W112/><G112/><T117/><D30/><U126/><E126/><V101/><F101/><W125/><G125/><T51/><D117/><U104/><E104/><V5/><F5/><AGARI ba="0,0" hai="5,11,15,40,42,79,83,86,91,93,97" m="42507" machi="5" ten="30,1000,0" yaku="14,1" doraHai="26" who="1" fromWho="2" sc="180,0,238,10,383,-10,199,0" /><INIT seed="4,0,0,5,2,46" ten="180,248,373,199" oya="0" hai0="0,121,127,108,26,128,103,99,45,82,62,80,5" hai1="63,129,8,30,47,38,31,69,93,107,133,3,120" hai2="73,35,44,112,65,18,83,43,39,124,113,56,29" hai3="130,6,76,52,9,89,13,77,21,51,60,64,32"/><T90/><D121/><U84/><E107/><V10/><F124/><W74/><G32/><T105/><D127/><U115/><E120/><V91/><F29/><W25/><G74/><T58/><D128/><U4/><E129/><V19/><F35/><W14/><G14/><T7/><D108/><U92/><E133/><V116/><F116/><W70/><G89/><T20/><D45/><U27/><E115/><N who="2" m="44107" /><F10/><W50/><G130/><T119/><D119/><U55/><E31/><V71/><F71/><W72/><G72/><T131/><D131/><U66/><E84/><N who="2" m="50591" /><F73/><W34/><G34/><T104/><D104/><U53/><E38/><V109/><F109/><W68/><G68/><T88/><D0/><U87/><E87/><V48/><F39/><W98/><G98/><T17/><D82/><U125/><E125/><V117/><F117/><W122/><G122/><T79/><D7/><U59/><E47/><V49/><F65/><W134/><G134/><T11/><D11/><U2/><E2/><V132/><F132/><W100/><G100/><T67/><REACH who="0" step="1"/><D5/><REACH who="0" ten="170,248,373,199" step="2"/><U37/><E8/><V42/><F42/><W36/><G36/><T135/><D135/><U111/><E4/><V123/><F123/><W41/><G41/><T118/><D118/><U95/><E3/><V114/><F114/><W15/><G6/><T101/><D101/><U12/><E111/><V102/><F102/><W1/><G1/><T57/><D57/><U97/><E59/><V24/><F56/><W110/><G110/><T86/><AGARI ba="0,1" hai="17,20,26,58,62,67,79,80,86,88,90,99,103,105" machi="86" ten="20,7800,0" yaku="1,1,0,1,7,1,54,1,53,0" doraHai="46" doraHaiUra="28" who="0" fromWho="0" sc="170,88,248,-26,373,-26,199,-26" /><INIT seed="4,1,0,1,5,120" ten="258,222,347,173" oya="0" hai0="13,114,43,86,75,64,77,98,72,25,62,90,61" hai1="118,108,132,26,45,104,68,122,116,91,5,19,56" hai2="27,51,46,73,4,127,28,6,70,21,112,95,8" hai3="31,113,24,109,57,131,71,42,125,110,87,44,94"/><T30/><D114/><U1/><E56/><V130/><F73/><W49/><G71/><T96/><D43/><U129/><E45/><V119/><F70/><W15/><G113/><T35/><D62/><U106/><E91/><V41/><F112/><W10/><G125/><T83/><D13/><U89/><E89/><V18/><F127/><W103/><G131/><T126/><D126/><U22/><E106/><V66/><F130/><W59/><G87/><T88/><D90/><U20/><E104/><V115/><F115/><W54/><G94/><T17/><D17/><N who="1" m="12559" /><E68/><V9/><F119/><N who="1" m="45609" /><E129/><V82/><F66/><W29/><G103/><T102/><D77/><U105/><E105/><V2/><F82/><W67/><G67/><T111/><D111/><U107/><E107/><V74/><F74/><W53/><G57/><T92/><D98/><U69/><E69/><AGARI ba="1,0" hai="25,30,35,61,64,69,72,75,83,86,88,92,96,102" machi="69" ten="30,2900,0" yaku="7,1,54,1" doraHai="120" who="0" fromWho="1" sc="258,32,222,-32,347,0,173,0" /><INIT seed="4,2,0,2,2,130" ten="290,190,347,173" oya="0" hai0="52,46,125,26,31,83,43,13,123,68,71,115,91" hai1="25,3,109,102,118,133,16,0,86,79,88,100,131" hai2="14,45,134,78,120,56,87,94,84,40,35,28,29" hai3="73,126,103,64,58,63,66,41,21,113,15,90,114"/><T4/><D123/><U38/><E38/><V74/><F120/><W124/><G73/><T1/><D1/><U85/><E109/><V122/><F122/><W75/><G75/><T34/><D115/><N who="3" m="44041" /><G103/><T36/><D125/><N who="3" m="48233" /><G90/><T30/><D30/><U9/><E131/><V98/><F74/><W81/><G81/><T47/><D4/><U2/><E118/><V69/><F78/><W101/><G101/><T17/><D47/><U111/><E111/><V135/><F69/><W51/><G21/><T33/><D33/><U128/><E128/><V67/><F84/><W96/><G15/><T95/><D83/><U59/><E79/><V108/><F108/><W7/><G96/><T129/><D129/><U27/><E86/><V116/><F87/><W77/><G7/><T92/><D52/><U32/><E102/><N who="2" m="60759" /><F116/><W127/><G77/><T57/><D57/><U110/><E59/><V23/><F35/><W132/><G127/><T11/><D95/><N who="1" m="54671" /><E100/><V20/><F28/><W99/><G99/><AGARI ba="2,0" hai="11,13,17,26,31,34,36,43,46,68,71,91,92,99" machi="99" ten="30,1500,0" yaku="7,1" doraHai="130" who="0" fromWho="3" sc="290,21,190,0,347,0,173,-21" /><INIT seed="4,3,0,0,0,126" ten="311,190,347,152" oya="0" hai0="53,8,99,69,132,85,36,67,74,55,58,42,10" hai1="27,90,78,34,22,30,125,135,133,56,100,31,84" hai2="32,35,94,98,73,59,113,33,37,65,28,48,102" hai3="120,75,54,47,112,44,124,41,38,82,108,130,1"/><T6/><D74/><U4/><E100/><V29/><F37/><W122/><G108/><T63/><D132/><N who="1" m="50763" /><E78/><V134/><F134/><W128/><G124/><T106/><D85/><U3/><E125/><V83/><F113/><W62/><G1/><T7/><D55/><U117/><E117/><V5/><F5/><W95/><G95/><T97/><D106/><U11/><E56/><V57/><F57/><N who="3" m="35127" /><G112/><T111/><D111/><U45/><E45/><V20/><F48/><W17/><G17/><T72/><D72/><U116/><E116/><V39/><F39/><W23/><G23/><T14/><D42/><U50/><E50/><V66/><F20/><W101/><G101/><T129/><D36/><U115/><E115/><V12/><F12/><W127/><G127/><T15/><REACH who="0" step="1"/><D129/><REACH who="0" ten="301,190,347,152" step="2"/><N who="3" m="49769" /><G47/><T88/><D88/><U81/><E34/><V43/><F33/><W121/><G75/><T91/><D91/><U103/><E103/><V64/><F102/><W25/><G82/><T87/><D87/><U71/><E90/><V104/><F83/><W9/><G9/><T61/><AGARI ba="3,1" hai="6,7,8,10,14,15,53,58,61,63,67,69,97,99" machi="61" ten="20,7800,0" yaku="1,1,0,1,7,1,9,1,53,0" doraHai="126" doraHaiUra="18" who="0" fromWho="0" sc="301,97,190,-29,347,-29,152,-29" /><INIT seed="4,4,0,3,4,75" ten="398,161,318,123" oya="0" hai0="3,49,68,15,132,18,89,5,20,87,103,131,77" hai1="47,69,90,112,26,128,22,71,67,57,102,115,70" hai2="1,85,95,53,61,41,23,42,36,117,16,126,123" hai3="97,64,31,40,27,114,52,88,59,62,13,60,51"/><T72/><D68/><U63/><E102/><V133/><F1/><W99/><G114/><N who="1" m="43562" /><E90/><N who="2" m="53711" /><F36/><W45/><G13/><T2/><D131/><U9/><E9/><V32/><F32/><W43/><G43/><T11/><D132/><U101/><E101/><V34/><F34/><W84/><G62/><T39/><D39/><U74/><E74/><V54/><F123/><W24/><G64/><T79/><D72/><U38/><E128/><V134/><F126/><W76/><G76/><T73/><D73/><U12/><E12/><N who="2" m="9607" /><F117/><W110/><G110/><T30/><D3/><U98/><E98/><N who="3" m="37386" /><G31/><T48/><D103/><U21/><E26/><V92/><F92/><AGARI ba="4,0" hai="24,27,40,45,51,52,59,60,84,88,92" m="37386" machi="92" ten="30,3900,0" yaku="8,1,54,2" doraHai="75" who="3" fromWho="2" sc="398,0,161,0,318,-51,123,51" /><INIT seed="5,0,0,5,4,91" ten="398,161,267,174" oya="1" hai0="115,35,90,77,48,44,102,101,70,25,37,105,71" hai1="32,89,52,36,46,29,75,126,98,16,82,47,104" hai2="60,27,34,97,103,133,67,109,121,96,83,134,123" hai3="41,84,78,125,10,122,55,1,9,43,28,8,135"/><U2/><E2/><V31/><F97/><W107/><G1/><T108/><D37/><U20/><E126/><V3/><F3/><W94/><G107/><T85/><D77/><U42/><E29/><V72/><F109/><W11/><G122/><T113/><D108/><U53/><E32/><V79/><F133/><W38/><G38/><T50/><D25/><U100/><E47/><V73/><F73/><W106/><G106/><T131/><D131/><U120/><E120/><V40/><F40/><W54/><G135/><T81/><D35/><U76/><REACH who="1" step="1"/><E89/><REACH who="1" ten="398,151,267,174" step="2"/><V99/><F134/><W116/><G125/><T51/><D44/><U111/><E111/><V39/><F39/><W58/><G116/><T128/><D128/><U23/><E23/><V80/><F121/><W127/><G127/><T63/><D90/><U13/><AGARI ba="0,1" hai="13,16,20,36,42,46,52,53,75,76,82,98,100,104" machi="13" ten="20,18000,2" yaku="1,1,0,1,7,1,54,2,53,1" doraHai="91" doraHaiUra="93" who="1" fromWho="1" sc="398,-60,151,190,267,-60,174,-60" /><INIT seed="5,1,0,5,2,119" ten="338,341,207,114" oya="1" hai0="63,81,37,87,27,51,95,26,106,113,104,48,25" hai1="112,70,39,32,93,45,30,10,17,135,8,111,35" hai2="6,61,117,115,52,57,97,2,116,73,19,92,124" hai3="78,77,40,66,9,21,44,133,101,109,118,65,49"/><U100/><E70/><V131/><F73/><W91/><G109/><T82/><D37/><U107/><E107/><V67/><F124/><W76/><G118/><T47/><D113/><U129/><E111/><V15/><F131/><W55/><G133/><T105/><D63/><U36/><E30/><V38/><F38/><W64/><G101/><T12/><D12/><U23/><E39/><V75/><F75/><W125/><G125/><T3/><D3/><U33/><E112/><V102/><F115/><W69/><G9/><T128/><D128/><U42/><E129/><V88/><F2/><W122/><G69/><T130/><D130/><U24/><REACH who="1" step="1"/><E135/><REACH who="1" ten="338,331,207,114" step="2"/><V110/><F110/><W43/><G122/><T29/><D29/><U72/><E72/><V89/><F117/><W132/><G132/><T16/><D106/><U114/><E114/><V94/><F116/><W120/><G120/><T79/><D105/><U56/><E56/><V14/><F6/><W31/><G31/><T123/><D104/><U127/><E127/><V60/><F19/><W46/><G46/><T134/><D16/><U98/><AGARI ba="1,1" hai="8,10,17,23,24,32,33,35,36,42,45,93,98,100" machi="98" ten="40,3900,0" yaku="1,1,0,1,53,0" doraHai="119" doraHaiUra="62" who="1" fromWho="1" sc="338,-14,331,52,207,-14,114,-14" /><INIT seed="5,2,0,3,4,117" ten="324,383,193,100" oya="1" hai0="81,17,20,127,115,32,84,88,80,58,62,57,106" hai1="129,52,122,100,54,135,61,124,73,97,0,4,71" hai2="35,114,96,18,82,134,85,55,120,33,110,42,93" hai3="8,112,105,103,60,14,77,89,118,31,83,44,7"/><U132/><E73/><V119/><F119/><W1/><G118/><T2/><D32/><U79/><E79/><V109/><F35/><W9/><G112/><T26/><D115/><U75/><E75/><V94/><F33/><W16/><G31/><T46/><D2/><U59/><E71/><V128/><F42/><W130/><G130/><T98/><D127/><U108/><E129/><V90/><F114/><W51/><G60/><T24/><D24/><U11/><E124/><V12/><F128/><W29/><G29/><T38/><D81/><U101/><E108/><V6/><F6/><W78/><G103/><T19/><D19/><U43/><E43/><V34/><F34/><W13/><G105/><T133/><D133/><N who="1" m="51275" /><E54/><V68/><F68/><W116/><G1/><T47/><D38/><U40/><E40/><V49/><F94/><W70/><G70/><T30/><D30/><U74/><E74/><V66/><F66/><W25/><G25/><T41/><D41/><U91/><E91/><V86/><F86/><N who="3" m="50399" /><G116/><T63/><D106/><N who="1" m="63759" /><E101/><N who="2" m="60559" /><F134/><W92/><G92/><N who="0" m="56583" /><D63/><U67/><E67/><V37/><F37/><W3/><G3/><T27/><D27/><U72/><E72/><V76/><F110/><W99/><G99/><T48/><D62/><U28/><E28/><V50/><F109/><W123/><G78/><N who="0" m="46103" /><D48/><U39/><E39/><V111/><F76/><W64/><G77/><T45/><AGARI ba="2,0" hai="17,20,26,45,46,47,57,58" m="46103,56583" machi="45" ten="30,2000,0" yaku="8,1,54,1" doraHai="117" who="0" fromWho="0" sc="324,26,383,-12,193,-7,100,-7" /><INIT seed="6,0,0,0,3,66" ten="350,371,186,93" oya="2" hai0="51,74,55,78,14,18,85,33,58,106,2,120,87" hai1="54,65,114,47,62,16,9,57,76,13,7,11,77" hai2="94,107,90,84,21,12,98,3,25,35,126,63,103" hai3="40,71,110,67,127,121,119,8,86,108,111,27,24"/><V102/><F3/><W72/><G72/><T75/><D106/><U82/><E114/><V43/><F126/><W15/><G119/><T92/><D33/><U56/><E47/><V88/><F35/><W44/><G121/><T134/><D2/><U68/><E82/><V113/><F113/><W1/><G1/><T46/><D134/><U50/><E57/><V91/><F43/><W59/><G59/><T99/><D120/><U89/><E89/><V37/><F37/><W34/><G127/><T100/><D78/><U19/><E19/><V133/><F103/><W105/><G105/><T36/><D75/><U93/><E93/><V39/><F39/><W80/><G34/><T17/><D17/><U69/><E69/><V96/><F133/><W48/><G67/><T117/><D74/><U26/><E26/><V49/><F12/><AGARI ba="0,0" hai="7,9,11,12,13,16,50,54,56,62,65,68,76,77" machi="12" ten="30,3900,0" yaku="7,1,52,1,54,1" doraHai="66" who="1" fromWho="2" sc="350,0,371,39,186,-39,93,0" /><INIT seed="7,0,0,3,4,83" ten="350,410,147,93" oya="3" hai0="53,75,13,32,54,87,91,135,70,42,8,19,106" hai1="48,23,125,134,103,16,63,37,60,131,1,120,113" hai2="14,68,5,57,108,43,85,31,51,36,119,94,34" hai3="4,17,0,128,100,89,122,95,65,26,86,107,114"/><W12/><G122/><T41/><D106/><U102/><E37/><V79/><F68/><W66/><G114/><T112/><D32/><U88/><E1/><V64/><F36/><W27/><G128/><T25/><D75/><U7/><E7/><V2/><F2/><W38/><G38/><T9/><D70/><U44/><E125/><V93/><F108/><W30/><G4/><T56/><D135/><U82/><E131/><V6/><F119/><W77/><G0/><T45/><D112/><U78/><E78/><V133/><F133/><W81/><G100/><N who="1" m="38442" /><E134/><V73/><F73/><W92/><G107/><T105/><D25/><N who="3" m="9225" /><G30/><T29/><D29/><U10/><E10/><N who="2" m="4431" /><F6/><W18/><G18/><T84/><D105/><U33/><E33/><V69/><F69/><W40/><G40/><T90/><D45/><U47/><E47/><N who="2" m="26111" /><F31/><W118/><G118/><T15/><REACH who="0" step="1"/><D19/><REACH who="0" ten="340,410,147,93" step="2"/><U3/><E113/><V117/><F34/><W76/><G76/><T74/><D74/><U72/><E72/><V110/><F117/><W127/><G127/><T62/><D62/><U11/><E63/><N who="2" m="37999" /><F110/><W52/><G17/><T126/><D126/><U59/><E60/><V96/><F79/><W55/><G12/><T46/><D46/><U80/><E44/><V124/><F124/><W116/><G116/><T123/><D123/><U99/><E16/><V50/><F50/><W28/><G28/><T61/><D61/><U71/><E120/><V121/><F121/><W49/><G49/><T111/><D111/><U97/><E48/><V35/><F35/><W24/><N who="3" m="9233" /><W115/><DORA hai="101" /><G115/><RYUUKYOKU ba="0,1" sc="340,30,410,-10,147,-10,93,-10" hai0="8,9,13,15,41,42,53,54,56,84,87,90,91" owari="370,17.0,410,51.0,137,-26.0,83,-42.0" /></mjloggm>