<mjloggm ver="2.3"><GO type="97" lobby="0"/><UN n0="%E5%B0%B1%E6%B4%BB%E7%94%9F%40%E5%B7%9D%E6%9D%91%E8%BB%8D%E5%9B%A3" n1="%E6%84%9B%E5%AE%95%E3%83%8D%E3%82%AD%E3%80%82" n2="%48%61%69%4A%69%6E" n3="%E3%83%89%E3%83%AA%E3%82%A3%E3%81%AE%E9%A3%AF" dan="15,14,14,13" rate="2072.45,1916.90,1867.91,1854.28" sx="M,M,M,M"/><TAIKYOKU oya="0"/><INIT seed="0,0,0,2,4,47" ten="250,250,250,250" oya="0" hai0="57,46,102,118,131,29,87,15,4,58,100,12,71" hai1="59,73,39,17,130,116,112,85,76,60,62,121,134" hai2="9,80,135,99,74,128,27,67,40,30,98,63,101" hai3="31,64,65,0,20,120,7,55,48,21,108,129,18"/><T133/><D71/><U93/><E17/><V10/><F40/><W16/><G129/><T1/><D1/><U66/><E93/><V25/><F128/><W125/><G125/><T82/><D133/><U50/><E85/><V49/><F135/><W2/><G108/><T81/><D118/><U28/><E28/><V11/><F74/><W106/><G106/><T110/><D110/><U126/><E76/><V84/><F49/><W53/><G31/><T19/><D29/><U69/><E112/><V43/><F43/><W83/><G83/><T14/><D4/><U23/><E23/><V124/><F124/><W3/><G7/><T95/><D19/><N who="3" m="7209" /><G120/><T72/><D72/><U96/><E39/><V114/><F114/><W70/><G70/><T104/><D104/><U38/><E38/><V75/><F75/><W122/><G122/><T113/><D113/><U32/><E32/><V115/><F115/><W90/><G90/><N who="0" m="53727" /><D46/><U24/><E121/><V86/><F80/><N who="0" m="30826" /><D131/><U26/><E130/><V132/><F132/><W5/><G5/><T123/><D123/><U77/><E134/><V127/><F127/><W52/><G48/><T45/><D45/><U54/><E126/><V109/><F109/><W36/><G36/><T92/><D92/><U68/><E50/><V6/><F6/><W105/><G105/><T33/><D33/><U34/><E34/><V97/><F101/><AGARI ba="0,0" hai="12,14,15,57,58,100,101,102" m="30826,53727" machi="101" ten="30,1500,0" yaku="8,1" doraHai="47" who="0" fromWho="2" sc="250,15,250,0,250,-15,250,0" /><INIT seed="0,1,0,0,2,21" ten="265,250,235,250" oya="0" hai0="122,1,105,11,84,132,101,86,78,62,26,20,64" hai1="14,4,63,71,32,114,127,25,104,112,9,8,103" hai2="133,81,123,100,61,41,75,118,109,131,110,70,135" hai3="50,98,58,69,12,7,45,82,18,94,48,43,44"/><T53/><D132/><N who="2" m="50762" /><F41/><W10/><G69/><T108/><D53/><U51/><E127/><V56/><F100/><N who="3" m="60503" /><G82/><T27/><D20/><U13/><E51/><V72/><F123/><W130/><G130/><T38/><D38/><U0/><E0/><V124/><F70/><W128/><G128/><T55/><D55/><U129/><E129/><V23/><F131/><W89/><G89/><T95/><D105/><U24/><E103/><V111/><F124/><W83/><G83/><T2/><D2/><U73/><E32/><V15/><F81/><W107/><G107/><T54/><D54/><U113/><E73/><N who="2" m="28235" /><F56/><W106/><G106/><T68/><D78/><U93/><E93/><V92/><F92/><W5/><G58/><T99/><D122/><U46/><E46/><N who="3" m="18026" /><G43/><T40/><D40/><U96/><E96/><V115/><F61/><W59/><G59/><T91/><D101/><U90/><E104/><V102/><F102/><W134/><G134/><T28/><D95/><U121/><E121/><V49/><F49/><AGARI ba="1,0" hai="5,7,10,12,18,48,49,50" m="18026,60503" machi="49" ten="30,1000,0" yaku="8,1" doraHai="21" who="3" fromWho="2" sc="265,0,250,0,235,-13,250,13" /><INIT seed="1,0,0,3,5,8" ten="265,250,222,263" oya="1" hai0="43,115,40,82,69,98,9,38,101,113,11,116,37" hai1="2,107,70,0,111,49,135,47,72,44,89,121,117" hai2="23,97,12,67,54,112,119,29,120,56,134,78,104" hai3="52,30,32,131,3,24,123,58,18,81,93,60,86"/><U124/><RYUUKYOKU type="yao9" ba="0,0" sc="265,0,250,0,222,0,263,0" hai1="0,2,44,47,49,70,72,89,107,111,117,121,124,135" /><INIT seed="1,1,0,2,0,135" ten="265,250,222,263" oya="1" hai0="125,67,13,47,123,88,14,77,94,27,97,19,21" hai1="100,132,62,86,59,17,66,90,107,55,16,72,31" hai2="36,92,20,64,61,99,131,3,51,12,91,30,18" hai3="126,112,70,84,115,4,22,129,49,50,108,106,110"/><U71/><E72/><V113/><F36/><W82/><G106/><T93/><D125/><U28/><E132/><V105/><F3/><W133/><G70/><T75/><D67/><U10/><E107/><V15/><F113/><N who="3" m="43595" /><G4/><T53/><D123/><U23/><E100/><V98/><F131/><W7/><G7/><T120/><D120/><U109/><E109/><N who="3" m="42090" /><G133/><T69/><D69/><U116/><E116/><V76/><F76/><N who="3" m="46151" /><G129/><T33/><D33/><U80/><E10/><V78/><F78/><W121/><G121/><T63/><D77/><U44/><E17/><V119/><F119/><W11/><G11/><T42/><D75/><U56/><E44/><V68/><F51/><N who="3" m="19467" /><G22/><T5/><D5/><U104/><E104/><V101/><F30/><W95/><G95/><T85/><D42/><U81/><E81/><V57/><REACH who="2" step="1"/><F68/><REACH who="2" ten="265,250,212,263" step="2"/><W35/><G35/><T118/><D118/><U6/><E71/><V52/><F52/><W29/><G29/><T74/><D74/><U9/><E55/><V102/><F102/><W46/><G46/><T43/><D43/><U38/><E38/><V111/><F111/><W8/><G8/><T45/><D47/><U34/><E34/><V39/><F39/><W89/><G89/><N who="0" m="55503" /><D45/><U58/><E28/><V73/><F73/><W96/><G96/><T60/><D53/><U1/><REACH who="1" step="1"/><E31/><REACH who="1" ten="265,240,212,263" step="2"/><V25/><AGARI ba="1,2" hai="12,15,18,20,25,57,61,64,91,92,98,99,101,105" machi="25" ten="20,2700,0" yaku="1,1,0,1,7,1,53,0" doraHai="135" doraHaiUra="79" who="2" fromWho="2" sc="265,-8,240,-14,212,50,263,-8" /><INIT seed="2,0,0,1,2,132" ten="257,226,262,255" oya="2" hai0="73,2,40,20,87,49,8,37,41,67,23,86,118" hai1="109,26,101,78,50,75,105,81,30,107,60,28,10" hai2="66,31,123,76,34,99,4,1,21,94,127,110,7" hai3="46,54,113,52,72,3,61,58,29,80,45,91,68"/><V104/><F34/><W112/><G68/><T106/><D106/><U55/><E109/><V121/><F104/><W6/><G29/><T83/><D67/><U44/><E10/><V36/><F36/><W12/><G3/><T74/><D37/><U11/><E11/><V53/><F1/><W114/><G6/><T18/><D8/><U128/><E128/><V59/><F110/><W124/><G12/><T119/><D2/><U25/><E60/><V108/><F108/><W122/><G122/><T131/><D131/><U17/><E17/><V56/><F121/><W16/><G16/><T33/><D83/><U93/><E93/><V32/><F32/><W71/><G71/><T24/><D33/><U70/><E70/><V62/><F123/><W111/><G111/><T82/><D82/><U69/><E69/><V130/><F130/><W64/><G124/><T57/><D57/><U129/><E129/><V14/><F127/><W63/><G61/><T51/><D18/><U38/><E38/><V133/><F133/><W19/><G19/><T100/><D100/><U65/><E65/><V116/><F116/><W95/><G80/><T102/><D102/><U103/><E107/><V125/><F125/><W43/><G72/><T35/><REACH who="0" step="1"/><D35/><REACH who="0" ten="247,226,262,255" step="2"/><N who="1" m="20879" /><E105/><V47/><F76/><W89/><G46/><T48/><D48/><U90/><E90/><N who="3" m="34314" /><G95/><T115/><D115/><U15/><E15/><V9/><F94/><W98/><G98/><T134/><D134/><U97/><E97/><V126/><F99/><W84/><G84/><T13/><D13/><U135/><E135/><V27/><F126/><RYUUKYOKU ba="0,1" sc="247,10,226,10,262,-30,255,10" hai0="20,23,24,40,41,49,51,73,74,86,87,118,119" hai1="26,30,44,50,55,75,78,81,101,103" hai3="43,45,52,54,58,63,64,112,113,114" /><INIT seed="3,1,1,3,3,36" ten="257,236,232,265" oya="3" hai0="122,60,23,7,27,45,73,76,67,8,135,64,21" hai1="68,88,99,110,69,101,96,123,50,0,19,17,63" hai2="70,125,75,34,78,46,33,12,49,13,77,48,103" hai3="31,26,105,55,97,129,87,91,124,35,114,39,42"/><W128/><G114/><T62/><D135/><U126/><E0/><V38/><F38/><W47/><G55/><T74/><D45/><U65/><E123/><V32/><F70/><W107/><G124/><T120/><D27/><U98/><E126/><V82/><F125/><W86/><G97/><T71/><D76/><U95/><E110/><V14/><F103/><W119/><G119/><T112/><D112/><U6/><E6/><V116/><F116/><W10/><G10/><T37/><D37/><U11/><E11/><V132/><F132/><W109/><G109/><T90/><D90/><U2/><E2/><V92/><F92/><W80/><REACH who="3" step="1"/><G87/><REACH who="3" ten="257,236,232,255" step="2"/><T111/><D8/><U127/><E127/><V85/><F46/><W58/><G58/><T133/><D133/><U108/><E108/><V93/><F77/><W9/><G9/><T84/><D111/><U18/><E69/><V118/><F118/><W24/><G24/><T4/><D71/><U56/><E101/><V79/><F79/><W130/><AGARI ba="1,2" hai="26,31,35,39,42,47,80,86,91,105,107,128,129,130" machi="130" ten="30,12000,1" yaku="1,1,0,1,19,1,52,1,53,1" doraHai="36" doraHaiUra="22" who="3" fromWho="3" sc="257,-41,236,-41,232,-41,255,143" owari="216,2.0,195,-20.0,191,-31.0,398,49.0" /></mjloggm>