<mjloggm ver="2.3"><GO type="97" lobby="0"/><UN n0="%E5%B0%B1%E6%B4%BB%E7%94%9F%40%E5%B7%9D%E6%9D%91%E8%BB%8D%E5%9B%A3" n1="%62%6C%61%75%38%38" n2="%4C%63%64%34%34%30" n3="%E3%81%84%E3%81%8F%E3%82%84%E3%81%BE%E2%98%86%E3%81%95%E3%82%80%E3%81%8A" dan="14,14,13,15" rate="1919.15,1887.41,1826.92,2000.96" sx="M,M,M,M"/><TAIKYOKU oya="0"/><INIT seed="0,0,0,1,3,41" ten="250,250,250,250" oya="0" hai0="108,83,12,39,54,106,71,94,57,99,105,76,24" hai1="17,120,69,7,73,1,34,28,119,116,22,104,135" hai2="14,134,95,113,26,132,103,110,52,61,19,30,122" hai3="42,3,80,85,66,46,107,126,87,55,40,2,84"/><T133/><D71/><U35/><E69/><V29/><F122/><W64/><G126/><T91/><D39/><U18/><E104/><V21/><F113/><W70/><G70/><T79/><D133/><U37/><E37/><V9/><F110/><W115/><G107/><T44/><D108/><U33/><E73/><V45/><F30/><W36/><G115/><T82/><D24/><U81/><E135/><V68/><F68/><W77/><G42/><T56/><D12/><U101/><E101/><V124/><F124/><W92/><G55/><T112/><D112/><U32/><E81/><V4/><F134/><W62/><G92/><T58/><D106/><U102/><E102/><V89/><F103/><W47/><G47/><T59/><D105/><U93/><E93/><V60/><F132/><W128/><G128/><T67/><D67/><U16/><E120/><V23/><F23/><W90/><G62/><T86/><N who="0" m="14848" /><DORA hai="75" /><T114/><D114/><U50/><E50/><N who="2" m="28751" /><F29/><W100/><G100/><N who="0" m="60535" /><D83/><U127/><E127/><V78/><F78/><W53/><G2/><T31/><D31/><U0/><E7/><V11/><F11/><W96/><G3/><N who="1" m="1098" /><E116/><V129/><F129/><W121/><G121/><T13/><D13/><N who="1" m="9487" /><E119/><V118/><F118/><W117/><G117/><T48/><AGARI ba="0,0" hai="44,48,54,76,79,82,86,91" m="60535,14848" machi="48" ten="40,12000,1" yaku="8,1,52,3" doraHai="41,75" who="0" fromWho="0" sc="250,120,250,-40,250,-40,250,-40" /><INIT seed="0,1,0,1,3,56" ten="370,210,210,210" oya="0" hai0="50,39,22,121,62,44,99,115,32,94,109,58,19" hai1="61,120,10,37,70,69,38,76,40,90,107,135,128" hai2="48,14,8,78,110,2,43,123,0,11,81,29,36" hai3="88,46,49,47,126,119,79,114,26,41,122,12,92"/><T35/><D39/><U54/><E107/><V42/><F123/><W131/><G114/><T65/><D115/><U53/><E120/><V80/><F110/><W82/><G119/><T59/><D109/><U63/><E76/><V45/><F36/><N who="1" m="13929" /><E90/><V30/><F78/><W98/><G122/><T97/><D121/><U87/><E87/><V111/><F14/><W100/><G131/><T17/><D59/><U13/><E13/><V95/><F95/><W89/><G47/><T7/><D7/><U106/><E106/><V127/><F111/><W31/><G126/><T51/><D51/><U71/><E10/><V105/><F105/><W52/><G41/><T116/><D116/><U124/><E128/><V84/><F84/><W73/><REACH who="3" step="1"/><G12/><REACH who="3" ten="370,210,210,200" step="2"/><T27/><D35/><AGARI ba="1,1" hai="26,31,35,46,49,52,73,79,82,88,89,92,98,100" machi="35" ten="30,8000,1" yaku="1,1,2,1,7,1,54,2,53,0" doraHai="56" doraHaiUra="15" who="3" fromWho="0" sc="370,-83,210,0,210,0,200,93" /><INIT seed="1,0,0,4,0,63" ten="287,210,210,293" oya="1" hai0="134,106,121,44,67,59,36,45,86,81,115,62,99" hai1="93,22,102,18,8,21,58,61,126,46,14,1,48" hai2="132,127,15,129,75,107,120,87,85,7,92,0,5" hai3="33,123,50,117,128,65,113,83,80,40,112,9,119"/><U79/><E126/><V84/><F75/><W124/><G33/><T41/><D115/><N who="3" m="44105" /><G9/><T97/><D121/><U76/><E1/><V57/><F107/><W19/><G19/><T111/><D111/><U35/><E35/><V73/><F73/><W2/><G2/><T54/><D134/><U90/><E102/><V66/><F120/><W78/><G83/><T25/><D106/><U12/><E22/><V110/><F110/><W74/><G123/><T131/><D131/><U71/><E71/><V70/><F70/><W4/><G4/><T64/><D25/><U103/><E103/><V94/><F132/><W29/><G29/><T52/><D36/><U82/><E82/><V96/><F0/><W30/><G30/><T89/><D54/><U53/><E12/><V116/><F116/><N who="3" m="44619" /><G128/><T77/><D41/><U28/><E28/><V88/><F127/><W118/><G118/><T24/><D24/><U72/><E72/><V91/><F15/><W31/><G31/><T100/><D77/><U49/><E8/><V32/><F32/><W10/><G10/><T109/><D109/><U122/><E122/><V42/><F42/><W114/><G114/><T105/><D99/><U125/><E125/><V26/><F26/><W133/><G133/><T6/><D6/><N who="2" m="2058" /><F129/><W3/><G3/><T69/><REACH who="0" step="1"/><D64/><REACH who="0" ten="277,210,210,293" step="2"/><N who="1" m="38967" /><E48/><AGARI ba="0,1" hai="44,45,48,52,59,62,67,69,81,86,89,97,100,105" machi="48" ten="30,7700,0" yaku="1,1,7,1,52,1,54,1,53,0" doraHai="63" doraHaiUra="68" who="0" fromWho="1" sc="277,87,210,-77,210,0,293,0" /><INIT seed="2,0,0,4,5,10" ten="364,133,210,293" oya="2" hai0="50,78,19,116,6,18,62,94,39,1,29,45,60" hai1="44,59,130,4,30,24,99,76,105,70,92,49,95" hai2="16,110,69,100,108,83,55,134,91,38,0,118,54" hai3="114,61,112,125,33,21,23,80,77,97,135,71,58"/><V46/><F0/><W53/><G33/><T12/><D39/><U120/><E130/><V111/><F100/><W15/><G135/><T28/><D116/><U84/><E120/><V89/><F134/><W64/><G125/><T67/><D1/><U8/><E70/><V22/><F118/><W42/><G42/><N who="0" m="24887" /><D78/><U122/><E122/><V51/><F69/><W127/><G127/><T63/><D67/><U74/><E74/><V72/><F38/><W115/><G97/><T37/><D37/><U48/><E105/><V11/><F11/><W123/><G123/><T2/><D2/><U26/><E26/><V131/><F131/><W117/><G117/><T66/><D66/><U40/><E99/><V79/><REACH who="2" step="1"/><F54/><REACH who="2" ten="364,133,200,293" step="2"/><W32/><G53/><T20/><D6/><U109/><E109/><V52/><F52/><W98/><G71/><T107/><D107/><U119/><E119/><V41/><F41/><W17/><G115/><T133/><D133/><U124/><E124/><V126/><F126/><W27/><G114/><T106/><D106/><U5/><E49/><V14/><AGARI ba="0,1" hai="14,16,22,46,51,55,72,79,83,89,91,108,110,111" machi="14" ten="30,18000,2" yaku="1,1,0,1,14,1,10,1,52,1,54,1,53,0" doraHai="10" doraHaiUra="101" who="2" fromWho="2" sc="364,-60,133,-60,200,190,293,-60" /><INIT seed="2,1,0,0,0,124" ten="304,73,390,233" oya="2" hai0="35,96,93,113,103,20,121,100,72,28,114,36,86" hai1="104,11,99,108,57,80,62,45,22,82,97,105,92" hai2="126,38,77,26,9,74,130,64,0,117,75,33,131" hai3="56,6,19,16,133,83,90,128,58,69,39,48,63"/><V98/><F38/><W112/><G39/><T73/><D36/><U107/><E45/><V85/><F64/><W34/><G34/><T135/><D35/><U50/><E50/><V78/><F117/><W68/><G133/><T71/><D71/><U13/><E22/><V67/><F67/><W88/><G6/><T37/><D37/><U122/><E11/><V5/><F85/><W18/><G48/><T21/><D28/><U1/><E57/><V87/><F87/><W118/><G118/><T25/><D25/><U49/><E49/><V125/><F98/><W27/><G27/><T47/><D121/><U111/><E13/><V46/><F46/><W61/><G19/><T132/><D47/><U95/><E62/><V53/><F53/><W42/><G83/><N who="1" m="31786" /><E122/><V91/><F91/><W94/><G94/><N who="1" m="35882" /><E1/><V59/><F59/><W43/><REACH who="3" step="1"/><G128/><REACH who="3" ten="304,73,390,223" step="2"/><N who="2" m="49193" /><F77/><W24/><G24/><T12/><D113/><AGARI ba="1,1" hai="16,18,42,43,56,58,61,63,68,69,88,90,112,113" machi="113" ten="25,12000,2" yaku="1,1,22,2,54,2,53,2" doraHai="124" doraHaiUra="66" who="3" fromWho="0" sc="304,-123,73,0,390,0,223,133" /><INIT seed="3,0,0,3,2,13" ten="181,73,390,356" oya="3" hai0="118,79,121,47,17,75,23,86,64,91,49,63,43" hai1="73,126,42,28,11,50,40,99,6,104,72,95,81" hai2="82,44,111,85,39,62,98,135,94,32,56,117,29" hai3="68,77,24,100,97,127,84,107,128,14,76,58,116"/><W133/><G68/><T20/><D118/><U16/><E104/><V36/><F117/><W122/><G116/><T19/><D121/><U45/><E28/><V80/><F32/><W103/><G122/><T110/><D75/><U113/><E113/><V31/><F111/><W131/><G24/><T90/><D79/><U61/><E126/><V67/><F135/><W55/><G127/><T33/><D33/><U53/><E72/><V71/><F71/><W115/><G133/><T60/><D110/><U70/><E73/><V51/><F39/><W120/><G120/><T69/><D86/><U52/><E6/><V130/><F36/><W25/><G25/><T89/><D63/><U87/><E70/><V2/><F2/><W30/><G30/><N who="2" m="11273" /><F85/><W26/><G26/><T88/><N who="0" m="23040" /><DORA hai="27" /><T3/><REACH who="0" step="1"/><D3/><REACH who="0" ten="171,73,390,356" step="2"/><U22/><E87/><V93/><F82/><W59/><G84/><T48/><D48/><U108/><E81/><V92/><F80/><W134/><G134/><T9/><D9/><U41/><E11/><V1/><F1/><W54/><G115/><T125/><D125/><U10/><E10/><V34/><F34/><W65/><G76/><T0/><D0/><U119/><E108/><V18/><F51/><W74/><G77/><T5/><D5/><U21/><E119/><V46/><F98/><W124/><G97/><T7/><D7/><U38/><E38/><V83/><F83/><W123/><G74/><T106/><D106/><U8/><E61/><V102/><F62/><W132/><G107/><T4/><D4/><U78/><E78/><V35/><F35/><RYUUKYOKU ba="0,1" sc="171,30,73,-10,390,-10,356,-10" hai0="17,19,20,23,43,47,49,60,64,69" owari="201,-20.0,63,-44.0,390,49.0,346,15.0" /></mjloggm>