<mjloggm ver="2.3"><GO type="169" lobby="0"/><UN n0="%E5%B0%B1%E6%B4%BB%E7%94%9F%40%E5%B7%9D%E6%9D%91%E8%BB%8D%E5%9B%A3" n1="%E2%80%A0%58%54%45%4E%44%E2%80%A0" n2="%6C%61%62" n3="%E3%83%9F%E3%83%A9%E3%82%AF%E3%83%AB%E3%81%8A%E3%81%98%E3%81%95%E3%82%93" dan="17,17,16,16" rate="2192.18,2154.71,2025.13,2065.99" sx="M,F,M,M"/><TAIKYOKU oya="0"/><INIT seed="0,0,0,1,5,43" ten="250,250,250,250" oya="0" hai0="125,55,74,89,69,77,99,91,109,61,28,128,72" hai1="0,108,115,86,49,131,62,85,40,50,47,44,9" hai2="31,114,66,88,21,87,22,119,118,11,17,135,105" hai3="60,100,67,36,6,29,133,117,27,2,4,78,110"/><T97/><D125/><U79/><E108/><V82/><F114/><W94/><G117/><N who="2" m="44553" /><F105/><W98/><G110/><T23/><D128/><U58/><E131/><V3/><F135/><W42/><G133/><T68/><D109/><U81/><E115/><V84/><F31/><W122/><G122/><T106/><D77/><U5/><E86/><N who="2" m="50263" /><F66/><W130/><G130/><T113/><D113/><U30/><E30/><V59/><F59/><W75/><G2/><T92/><D55/><U13/><E0/><V121/><F22/><W20/><G78/><T70/><D61/><U73/><E73/><V80/><F80/><W52/><G75/><T101/><REACH who="0" step="1"/><D89/><REACH who="0" ten="240,250,250,250" step="2"/><U123/><E123/><V24/><F121/><W120/><G120/><T65/><D65/><N who="1" m="39127" /><E40/><V1/><F1/><W25/><G52/><T126/><D126/><U7/><E7/><AGARI ba="0,1" hai="3,7,11,17,21,24,84,87" m="50263,44553" machi="7" ten="30,2000,0" yaku="12,1,54,1" doraHai="43" who="2" fromWho="1" sc="240,0,250,-20,250,30,250,0" /><INIT seed="1,0,0,1,1,111" ten="240,230,280,250" oya="1" hai0="121,123,52,98,65,22,61,26,127,23,44,3,39" hai1="134,86,100,27,115,89,124,110,45,82,116,133,103" hai2="119,109,131,117,7,48,37,34,58,1,0,46,81" hai3="87,85,88,36,66,94,55,80,32,38,77,76,99"/><U93/><E45/><V51/><F34/><W92/><G32/><T15/><D3/><U31/><E110/><V107/><F107/><W62/><G55/><T64/><D127/><U59/><E59/><V5/><F109/><W21/><G21/><T95/><D15/><U79/><E124/><V69/><F81/><W20/><G20/><T19/><D39/><U130/><E27/><V122/><F58/><W49/><G49/><T56/><D23/><U91/><E31/><V63/><F131/><W70/><REACH who="3" step="1"/><G77/><REACH who="3" ten="240,230,280,240" step="2"/><T8/><D8/><U68/><E130/><V73/><F51/><W118/><G118/><T75/><D75/><N who="1" m="43391" /><E116/><V114/><F48/><W125/><G125/><T41/><D41/><U74/><E74/><V97/><F73/><W120/><G120/><N who="0" m="46155" /><D44/><U12/><E68/><V50/><F46/><W105/><G105/><T128/><D128/><U18/><E134/><V4/><F122/><W25/><G25/><T28/><D28/><U84/><E133/><V90/><F50/><W16/><G16/><T60/><D60/><U135/><E135/><V102/><F63/><W24/><G24/><T35/><D35/><U96/><E18/><V78/><F69/><W29/><G29/><T126/><D126/><U83/><E12/><V72/><F119/><W42/><G42/><T132/><D132/><U33/><E33/><V112/><F117/><W47/><G47/><T17/><D19/><U108/><E108/><V10/><F72/><W6/><G6/><T54/><D54/><U129/><E129/><V43/><F5/><W40/><G40/><T71/><D71/><RYUUKYOKU ba="0,1" sc="240,15,230,-15,280,-15,240,15" hai0="17,22,26,52,56,61,64,65,95,98" hai3="36,38,62,66,70,76,80,85,87,88,92,94,99" /><INIT seed="2,1,1,3,2,129" ten="255,215,265,255" oya="2" hai0="98,67,123,71,36,49,56,13,132,95,97,62,31" hai1="124,38,113,121,60,120,77,105,134,24,2,81,78" hai2="19,37,53,58,40,88,127,1,104,112,61,83,110" hai3="94,100,106,101,119,8,131,75,50,10,116,93,14"/><V29/><F112/><W17/><G75/><T96/><D123/><U80/><E113/><V92/><F104/><W4/><G131/><T6/><D36/><U69/><E38/><V72/><F1/><W7/><G106/><T43/><D31/><U87/><E2/><V59/><F127/><W28/><G28/><T20/><D132/><U9/><E105/><V45/><F29/><W64/><G64/><T16/><D6/><U33/><E9/><V12/><F110/><W103/><G50/><T18/><D18/><U42/><E42/><V117/><F117/><W108/><G108/><T26/><D13/><U66/><E124/><V46/><F59/><W3/><REACH who="3" step="1"/><G7/><REACH who="3" ten="255,215,265,245" step="2"/><T114/><D114/><U82/><E66/><V118/><F118/><AGARI ba="1,2" hai="3,4,8,10,14,17,93,94,100,101,103,116,118,119" machi="118" ten="40,5200,0" yaku="1,1,2,1,53,1" doraHai="129" doraHaiUra="0" who="3" fromWho="2" sc="255,0,215,0,265,-55,245,75" /><INIT seed="3,0,0,1,3,6" ten="255,215,210,320" oya="3" hai0="82,135,99,89,119,7,124,38,107,46,37,25,21" hai1="12,92,96,130,77,16,68,90,47,39,14,80,28" hai2="64,30,31,128,72,114,19,55,105,133,86,24,22" hai3="53,100,33,63,42,44,35,108,93,78,71,9,70"/><W109/><G78/><T131/><D119/><U101/><E68/><N who="3" m="26154" /><G100/><T91/><D131/><U113/><E113/><V52/><F114/><W73/><G73/><T48/><D124/><U32/><E130/><V29/><F128/><W4/><G93/><T111/><D135/><U45/><E12/><V18/><F72/><W116/><G116/><T58/><D111/><N who="3" m="42569" /><G63/><T0/><D58/><U110/><E110/><V62/><F105/><W83/><G83/><T5/><D107/><U74/><E39/><V51/><F133/><W79/><G79/><T134/><D38/><U129/><E129/><V34/><F86/><W98/><G98/><T75/><D37/><U2/><E2/><V54/><F19/><W112/><G112/><T40/><D134/><U103/><E103/><V60/><F64/><W23/><G23/><T69/><D69/><U43/><E101/><V106/><F106/><W57/><G57/><T122/><D99/><U95/><E95/><V126/><F126/><W132/><G53/><N who="2" m="20585" /><F34/><W87/><G87/><T123/><D82/><U59/><E59/><AGARI ba="0,0" hai="18,22,24,29,30,31,51,55,59,60,62" m="20585" machi="59" ten="30,2000,0" yaku="8,1,54,1" doraHai="6" who="2" fromWho="1" sc="255,0,215,-20,210,20,320,0" /><INIT seed="4,0,0,4,0,125" ten="255,195,230,320" oya="0" hai0="105,43,68,53,13,132,97,64,118,15,76,88,46" hai1="23,78,5,108,116,85,81,6,126,35,65,8,66" hai2="9,119,124,4,17,83,80,56,11,57,59,98,86" hai3="104,91,2,134,73,7,102,37,61,28,10,71,109"/><T79/><D118/><U84/><E116/><V0/><F124/><W24/><G109/><T77/><D132/><U114/><E108/><V20/><F119/><W107/><G134/><T45/><D68/><U133/><E133/><V31/><F31/><W94/><G37/><T128/><D64/><U87/><E126/><V115/><F115/><W95/><G73/><T22/><D128/><U82/><E35/><V52/><F98/><W131/><G102/><T19/><D105/><U75/><E114/><V29/><F29/><W25/><G131/><T67/><D67/><U110/><E110/><V72/><F9/><W122/><G122/><T32/><D32/><U62/><E23/><V50/><F72/><W106/><G71/><T38/><D46/><U27/><E27/><V40/><F40/><W3/><G61/><T26/><REACH who="0" step="1"/><D53/><REACH who="0" ten="245,195,230,320" step="2"/><U111/><E111/><V60/><F60/><W12/><G106/><T89/><D89/><U33/><E33/><V36/><F56/><W112/><G91/><T127/><D127/><U70/><E65/><V58/><F57/><W1/><G107/><T103/><D103/><U21/><E66/><V55/><F59/><W51/><G104/><T41/><D41/><U100/><E62/><V44/><F55/><W93/><G112/><T30/><D30/><U18/><E70/><V96/><F58/><W74/><G28/><T130/><D130/><U101/><E100/><V69/><F69/><W120/><G120/><T117/><D117/><U49/><E101/><V14/><F52/><W129/><G129/><T113/><D113/><U121/><E121/><RYUUKYOKU ba="0,1" sc="245,30,195,-10,230,-10,320,-10" hai0="13,15,19,22,26,38,43,45,76,77,79,88,97" /><INIT seed="4,1,1,5,3,105" ten="275,185,220,310" oya="0" hai0="76,86,50,132,25,116,48,39,5,79,111,24,133" hai1="38,62,129,44,114,88,126,99,15,102,96,23,46" hai2="123,52,87,32,47,13,64,78,119,124,56,82,42" hai3="68,97,53,125,135,51,6,36,11,14,34,22,1"/><T85/><D5/><U12/><E129/><V91/><F123/><W10/><G36/><T0/><D39/><U77/><E126/><V106/><F32/><W69/><G34/><T55/><D116/><U100/><E114/><V113/><F113/><W115/><G115/><T40/><D40/><U112/><E112/><V130/><F130/><W94/><G22/><T118/><D118/><U71/><E77/><N who="0" m="29769" /><D55/><U110/><E110/><V61/><F106/><W101/><G135/><N who="0" m="51787" /><D0/><U122/><E122/><V28/><F124/><W131/><G125/><T7/><D7/><U35/><E35/><V16/><F119/><W89/><G131/><T21/><D21/><U2/><E2/><V63/><F28/><W104/><G53/><T70/><D70/><U93/><E38/><V67/><F63/><W75/><G51/><N who="0" m="19499" /><D111/><U109/><E109/><V72/><F42/><W65/><G68/><T33/><D33/><U49/><E23/><V73/><F47/><W19/><G69/><T74/><D74/><U60/><E71/><V3/><F3/><W90/><G65/><T31/><D31/><U26/><E49/><V66/><REACH who="2" step="1"/><F78/><REACH who="2" ten="275,185,210,310" step="2"/><W4/><G104/><T27/><AGARI ba="1,2" hai="24,25,27,85,86" m="19499,51787,29769" machi="27" ten="40,7800,0" yaku="28,2,20,1" doraHai="105" who="0" fromWho="0" sc="275,101,185,-27,210,-27,310,-27" /><INIT seed="4,2,0,1,1,20" ten="376,158,183,283" oya="0" hai0="70,121,65,4,42,105,27,5,18,98,87,100,47" hai1="76,9,6,135,56,117,57,73,113,66,30,61,32" hai2="102,10,83,81,35,50,99,59,24,110,51,28,111" hai3="97,11,2,106,40,1,22,21,63,116,34,8,23"/><T3/><D121/><U132/><E117/><V94/><F51/><W90/><G40/><T31/><D18/><U12/><E113/><V15/><F50/><W17/><G116/><T60/><D87/><U91/><E76/><V26/><F59/><W49/><G49/><T71/><D71/><U68/><E73/><V46/><F46/><W39/><G39/><T128/><D3/><N who="3" m="1033" /><G63/><T130/><D5/><U134/><REACH who="1" step="1"/><E91/><REACH who="1" ten="376,148,183,283" step="2"/><V48/><F111/><W78/><G90/><T53/><D130/><U124/><E124/><V112/><F110/><W36/><G78/><T129/><D129/><U69/><E69/><V55/><F112/><W88/><G88/><T103/><D128/><U64/><E64/><V126/><F126/><W67/><G67/><T127/><D127/><U108/><E108/><V0/><F0/><W58/><G106/><T77/><D77/><U25/><AGARI ba="2,1" hai="6,9,12,25,30,32,56,57,61,66,68,132,134,135" machi="25" ten="40,8000,1" yaku="1,1,0,1,20,1,52,1,53,0" doraHai="20" doraHaiUra="44" who="1" fromWho="1" sc="376,-42,148,96,183,-22,283,-22" /><INIT seed="5,0,0,1,1,52" ten="334,244,161,261" oya="1" hai0="81,62,40,28,106,63,85,18,55,82,135,124,32" hai1="60,17,99,120,91,93,68,100,38,130,46,45,102" hai2="97,26,64,13,117,95,7,105,112,96,128,56,84" hai3="37,134,113,74,36,47,69,3,108,5,79,16,122"/><U43/><E120/><V25/><F117/><W41/><G122/><T121/><D106/><U103/><E130/><V51/><F128/><W119/><G108/><T1/><D1/><U8/><E46/><V115/><F105/><W126/><G37/><T101/><D101/><U71/><E17/><V114/><F84/><W11/><G119/><T20/><D40/><U70/><REACH who="1" step="1"/><E8/><REACH who="1" ten="334,234,161,261" step="2"/><N who="2" m="4255" /><F97/><W9/><G16/><T12/><D121/><U35/><E35/><V110/><F110/><W23/><G9/><T10/><D32/><U31/><E31/><V131/><F131/><W6/><G11/><T61/><D28/><U125/><E125/><V21/><F21/><W54/><G23/><T89/><D124/><U123/><E123/><V75/><F75/><W77/><G74/><T33/><D33/><U0/><E0/><V30/><F30/><W22/><G22/><T73/><D20/><U44/><E44/><V29/><F29/><W116/><G47/><T104/><D73/><U129/><E129/><V111/><F111/><W19/><G126/><T72/><D72/><U50/><E50/><V2/><F2/><W14/><G3/><T34/><D34/><U109/><E109/><V133/><F133/><W86/><G134/><T76/><D135/><U65/><AGARI ba="0,1" hai="38,43,45,60,65,68,70,71,91,93,99,100,102,103" machi="65" ten="30,12000,1" yaku="1,1,0,1,53,3" doraHai="52" doraHaiUra="67" who="1" fromWho="1" sc="334,-40,234,130,161,-40,261,-40" /><INIT seed="5,1,0,5,3,99" ten="294,364,121,221" oya="1" hai0="41,133,93,58,117,39,89,13,121,124,32,36,10" hai1="74,40,15,127,97,31,2,50,113,6,108,119,71" hai2="59,27,46,29,70,19,126,100,48,22,96,20,86" hai3="63,84,77,0,65,107,106,87,92,78,5,60,105"/><U18/><E71/><V91/><F126/><W43/><G43/><T68/><D68/><U101/><E74/><V44/><F70/><W80/><G65/><T53/><D32/><U83/><E2/><V102/><F96/><W25/><G25/><T55/><D124/><U134/><E119/><V90/><F46/><W82/><REACH who="3" step="1"/><G92/><REACH who="3" ten="294,364,121,211" step="2"/><T88/><D41/><U3/><E40/><N who="2" m="24583" /><F59/><W135/><G135/><T122/><D133/><U112/><E134/><V7/><F7/><W49/><G49/><T38/><D117/><U61/><E50/><V110/><F110/><W109/><G109/><T30/><D30/><U95/><E6/><V123/><F123/><N who="0" m="47114" /><D93/><U37/><E95/><N who="2" m="54743" /><F91/><N who="0" m="34890" /><D58/><U132/><E132/><V129/><F129/><W103/><G103/><T24/><D24/><AGARI ba="1,1" hai="19,20,22,24,27,29,100,102" m="54743,24583" machi="24" ten="30,3900,0" yaku="8,1,52,2" doraHai="99" who="2" fromWho="0" sc="294,-42,364,0,121,52,211,0" /><INIT seed="6,0,0,5,1,120" ten="252,364,173,211" oya="2" hai0="95,82,89,65,107,129,101,40,11,108,63,83,126" hai1="37,75,93,90,54,79,44,39,57,130,68,92,30" hai2="91,124,13,117,59,122,52,36,55,29,114,134,66" hai3="41,116,47,64,112,50,0,78,43,104,113,46,42"/><V125/><F122/><W22/><G104/><T18/><D108/><U15/><E68/><V51/><F117/><W61/><G0/><T87/><D129/><U38/><E30/><V84/><F114/><N who="3" m="44139" /><G78/><T127/><D40/><N who="3" m="15465" /><G22/><T76/><D18/><U118/><E79/><V70/><F36/><N who="3" m="21863" /><G116/><T105/><D11/><U85/><E118/><V3/><F3/><W121/><G121/><T72/><D83/><U81/><E81/><V60/><F29/><W99/><G99/><N who="0" m="61631" /><D107/><U88/><E38/><V96/><F96/><W103/><G103/><T86/><D86/><U1/><E85/><V100/><F100/><W31/><G31/><T21/><D21/><U27/><E1/><V12/><F91/><W45/><G50/><T110/><D110/><U80/><E90/><V73/><F73/><W133/><G133/><T123/><D123/><U128/><E75/><V7/><F84/><W131/><G131/><T24/><D24/><U97/><E27/><V34/><F134/><W4/><G4/><T115/><D115/><U2/><E2/><V16/><F34/><W20/><G20/><T132/><D132/><U28/><E88/><V94/><F94/><W111/><G111/><T67/><D95/><U106/><E106/><V102/><F102/><W26/><G26/><T71/><D89/><N who="1" m="55439" /><E93/><V53/><F7/><W10/><G10/><T135/><D135/><U19/><E28/><V33/><F33/><W8/><G8/><T14/><D14/><N who="2" m="5738" /><F16/><W56/><AGARI ba="0,0" hai="45,47,56,61,64" m="21863,15465,44139" machi="56" ten="30,7900,0" yaku="15,1,11,1,34,2" doraHai="120" who="3" fromWho="3" sc="252,-20,364,-20,173,-39,211,79" /><INIT seed="7,0,0,3,3,101" ten="232,344,134,290" oya="3" hai0="122,31,28,52,60,85,51,62,120,42,96,107,124" hai1="32,20,71,89,48,24,114,26,30,112,76,54,37" hai2="94,58,86,128,108,4,69,79,134,50,81,15,73" hai3="41,61,75,9,80,0,55,65,106,92,111,123,77"/><W45/><G106/><T36/><D124/><U72/><E71/><V19/><F69/><W132/><G123/><T119/><D119/><U3/><E3/><V8/><F108/><W43/><G111/><T46/><D31/><U57/><E37/><V2/><F134/><W40/><G132/><T34/><D28/><U14/><E14/><V127/><F127/><W33/><G33/><T109/><D34/><U12/><E12/><V130/><F130/><W74/><G92/><T64/><D85/><U7/><E7/><V67/><F128/><W49/><G75/><T131/><D131/><U133/><E89/><V115/><F115/><N who="1" m="44073" /><E133/><V103/><F2/><W22/><G22/><T70/><D107/><U98/><E98/><V102/><F4/><W23/><G23/><T118/><D96/><U110/><E110/><V39/><F39/><W97/><G97/><T91/><D91/><U56/><E76/><V88/><REACH who="2" step="1"/><F67/><REACH who="2" ten="232,344,124,290" step="2"/><W13/><G0/><T21/><D109/><U6/><E6/><V18/><F18/><W104/><G65/><N who="0" m="41255" /><D118/><U27/><E30/><V47/><F47/><W83/><G45/><N who="0" m="27759" /><D21/><U78/><E20/><V66/><F66/><W126/><G126/><T38/><D122/><U125/><E125/><V135/><F135/><W29/><G29/><T10/><D10/><U117/><E117/><V105/><F105/><W99/><G104/><T1/><D120/><U63/><E32/><V121/><F121/><W84/><G9/><T87/><D1/><U25/><N who="1" m="6144" /><DORA hai="35" /><U17/><E17/><V90/><F90/><W116/><G116/><T44/><D38/><RYUUKYOKU ba="0,1" sc="232,-10,344,-10,124,30,290,-10" hai2="8,15,19,50,58,73,79,81,86,88,94,102,103" owari="222,-18.0,344,45.0,154,-35.0,280,8.0" /></mjloggm>