<mjloggm ver="2.3"><GO type="169" lobby="0"/><UN n0="%E3%83%AD%E3%83%83%E3%83%86%E9%9B%80%E7%90%83" n1="%E6%AF%94%E5%98%89%E7%A7%80%E4%BB%81" n2="%E6%98%9F%E3%81%AE%E3%81%8A%E3%81%98%E3%81%84%E6%A7%98" n3="%E5%B0%B1%E6%B4%BB%E7%94%9F%40%E5%B7%9D%E6%9D%91%E8%BB%8D%E5%9B%A3" dan="17,16,16,16" rate="2189.57,2126.92,2118.94,2063.25" sx="M,M,F,M"/><TAIKYOKU oya="0"/><INIT seed="0,0,0,1,0,46" ten="250,250,250,250" oya="0" hai0="36,34,38,103,120,56,77,123,116,6,44,117,93" hai1="45,26,113,27,50,22,130,65,90,84,60,89,9" hai2="12,35,23,30,106,129,40,21,96,48,2,85,92" hai3="67,95,0,111,54,11,1,108,20,73,104,57,97"/><T124/><D34/><U99/><E130/><V102/><F2/><W8/><G104/><T39/><D6/><U5/><E113/><V127/><F129/><W63/><G73/><T119/><D77/><U10/><E99/><V33/><F127/><W107/><G107/><T32/><D32/><U18/><E27/><V13/><F33/><W28/><G54/><T78/><D78/><U58/><E5/><V91/><F35/><W17/><G28/><T31/><D31/><U109/><E109/><N who="3" m="42058" /><G11/><T100/><D124/><U112/><E112/><V68/><F68/><W86/><G86/><T7/><D7/><U55/><REACH who="1" step="1"/><E89/><REACH who="1" ten="250,240,250,250" step="2"/><V41/><F30/><W133/><G133/><T115/><D115/><U74/><E74/><V121/><F12/><N who="3" m="7303" /><G20/><T4/><D4/><U52/><E52/><V47/><F121/><W94/><G97/><T126/><D126/><U132/><E132/><V98/><F96/><W64/><G64/><T66/><D120/><U70/><E70/><V19/><REACH who="2" step="1"/><F23/><REACH who="2" ten="250,240,240,250" step="2"/><W75/><G0/><T82/><D123/><U118/><E118/><V125/><F125/><W110/><G1/><T3/><D3/><U76/><E76/><V24/><F24/><W122/><G122/><T59/><D117/><U25/><E25/><V128/><F128/><W87/><G110/><T49/><D119/><U42/><E42/><AGARI ba="0,2" hai="13,19,21,40,41,42,47,48,85,91,92,98,102,106" machi="42" ten="30,7700,0" yaku="1,1,7,1,52,1,53,1" doraHai="46" doraHaiUra="88" who="2" fromWho="1" sc="250,0,240,-77,240,97,250,0" /><INIT seed="1,0,0,0,4,84" ten="250,163,337,250" oya="1" hai0="41,103,34,19,75,39,118,22,83,57,122,13,111" hai1="124,65,53,104,55,125,3,6,16,80,126,14,110" hai2="12,25,23,29,79,58,129,26,43,119,102,54,134" hai3="109,91,121,33,0,115,87,64,78,8,48,7,116"/><U50/><E104/><V28/><F119/><W98/><G116/><T11/><D34/><U81/><E110/><V42/><F129/><W67/><G109/><T62/><D111/><U35/><E35/><V74/><F134/><W45/><G115/><T106/><D118/><U82/><E65/><V40/><F102/><W24/><G121/><T120/><D41/><U93/><E3/><V96/><F96/><W100/><G78/><T107/><D39/><U38/><E38/><V32/><F12/><W2/><G2/><T114/><D114/><U123/><E123/><N who="0" m="47145" /><D103/><U105/><E105/><V21/><F32/><W97/><G33/><T68/><D68/><U108/><E108/><V112/><F112/><W128/><G24/><N who="0" m="14431" /><D83/><U73/><E73/><V61/><F74/><W92/><G98/><T17/><D75/><U127/><E6/><V37/><F79/><W135/><G135/><T72/><D72/><U31/><E31/><V52/><REACH who="2" step="1"/><F37/><REACH who="2" ten="250,163,327,250" step="2"/><W101/><G128/><T77/><D77/><U59/><E127/><V90/><F90/><W60/><G101/><T89/><D89/><U27/><E27/><V66/><AGARI ba="0,1" hai="21,23,25,26,28,29,40,42,43,52,54,58,61,66" machi="66" ten="30,8000,1" yaku="1,1,0,1,9,1,8,1,54,1,53,0" doraHai="84" doraHaiUra="15" who="2" fromWho="2" sc="250,-20,163,-40,327,90,250,-20" /><INIT seed="2,0,0,2,3,73" ten="230,123,417,230" oya="2" hai0="78,99,11,41,30,49,5,56,81,65,130,23,119" hai1="127,55,115,93,40,48,8,62,83,38,71,14,87" hai2="98,124,34,1,28,77,125,45,84,33,54,112,79" hai3="4,32,90,114,76,16,66,59,101,104,10,132,92"/><V107/><F1/><W57/><G32/><N who="2" m="12393" /><F28/><W35/><G35/><T2/><D130/><U22/><E127/><N who="2" m="48715" /><F112/><W86/><G114/><T74/><D119/><U7/><E115/><V37/><F84/><W91/><G132/><T135/><D135/><U0/><E93/><V46/><F54/><W51/><G91/><T111/><D111/><U36/><E40/><N who="2" m="22671" /><F46/><W123/><G123/><T134/><D41/><U85/><E85/><V27/><F27/><W75/><G66/><T89/><D65/><U131/><E131/><V15/><F15/><N who="3" m="7287" /><G51/><T122/><D49/><U88/><E62/><V126/><F126/><W39/><G4/><T3/><D3/><U128/><E71/><V70/><F70/><W53/><G53/><T72/><D72/><U67/><E67/><V58/><F58/><W61/><G61/><T50/><D122/><U31/><E128/><V24/><F24/><W12/><G12/><T69/><D69/><U44/><REACH who="1" step="1"/><E31/><REACH who="1" ten="230,113,417,230" step="2"/><V129/><F129/><W21/><G39/><T109/><D30/><U110/><E110/><V97/><F97/><N who="3" m="61487" /><G21/><T47/><D23/><U106/><E106/><V95/><F107/><W121/><G121/><T117/><D109/><U133/><E133/><V118/><F118/><W13/><G13/><T116/><D116/><U52/><E52/><V60/><F60/><W94/><G94/><T26/><D117/><U113/><E113/><V19/><F19/><AGARI ba="0,1" hai="0,7,8,14,19,22,36,38,44,48,55,83,87,88" machi="19" ten="40,5200,0" yaku="1,1,54,1,53,1" doraHai="73" doraHaiUra="18" who="1" fromWho="2" sc="230,0,113,62,417,-52,230,0" /><INIT seed="3,0,0,4,5,111" ten="230,175,365,230" oya="3" hai0="76,2,55,57,33,42,107,129,73,49,16,46,21" hai1="125,87,5,56,19,47,26,44,94,84,3,29,31" hai2="62,121,101,128,80,41,54,108,70,4,12,110,45" hai3="118,81,104,113,77,114,60,64,61,99,6,8,38"/><W13/><G118/><T96/><D129/><U72/><E125/><V115/><F101/><W93/><G104/><T112/><D33/><U122/><E122/><V17/><F4/><W9/><G38/><T92/><D2/><U82/><E72/><V48/><F128/><W20/><G20/><T66/><D66/><U85/><E3/><V91/><F121/><W135/><G9/><T43/><D107/><U71/><E71/><V10/><F115/><W86/><G60/><T105/><D105/><U98/><E5/><V27/><F27/><W15/><G15/><T23/><D23/><N who="1" m="13695" /><E56/><V116/><F116/><W22/><G22/><T50/><D112/><U52/><E82/><V11/><F11/><W58/><G135/><T109/><D109/><U131/><E131/><V69/><F41/><W102/><AGARI ba="0,0" hai="6,8,13,58,61,64,77,81,86,93,99,102,113,114" machi="102" ten="20,7800,0" yaku="0,1,7,1,52,2" doraHai="111" who="3" fromWho="3" sc="230,-26,175,-26,365,-26,230,78" /><INIT seed="3,1,0,0,4,95" ten="204,149,339,308" oya="3" hai0="28,101,86,135,77,52,40,73,109,98,11,37,122" hai1="100,61,62,23,116,38,20,123,76,4,93,58,9" hai2="115,88,48,91,31,127,105,2,114,44,111,26,41" hai3="74,87,134,83,39,33,103,79,6,5,12,19,80"/><W45/><G33/><T8/><D122/><U25/><E38/><V7/><F111/><W35/><G35/><T50/><D109/><U99/><E123/><V34/><F127/><W27/><G134/><T106/><D135/><U32/><E116/><V36/><F105/><W125/><G27/><T112/><D73/><U68/><E76/><V108/><F108/><W117/><G117/><T15/><D112/><U67/><E32/><V89/><REACH who="2" step="1"/><F36/><REACH who="2" ten="204,149,329,308" step="2"/><W64/><G125/><T120/><D37/><U3/><REACH who="1" step="1"/><E25/><REACH who="1" ten="204,139,329,308" step="2"/><V53/><F53/><AGARI ba="1,2" hai="3,4,9,20,23,53,58,61,62,67,68,93,99,100" machi="53" ten="30,8000,1" yaku="1,1,2,1,7,1,52,1,53,1" doraHai="95" doraHaiUra="90" who="1" fromWho="2" sc="204,0,139,103,329,-83,308,0" /><INIT seed="4,0,0,5,1,74" ten="204,242,246,308" oya="0" hai0="69,75,91,121,117,82,36,135,37,46,24,43,21" hai1="53,85,47,6,95,77,34,16,93,100,20,11,71" hai2="113,79,49,112,30,4,57,127,132,124,8,96,134" hai3="73,63,81,65,55,38,86,118,102,28,119,17,56"/><T54/><D117/><U59/><E71/><V1/><F96/><W110/><G110/><T23/><D121/><U92/><E34/><V89/><F89/><W94/><G38/><T7/><D135/><N who="2" m="51754" /><F57/><W44/><G73/><T60/><D7/><U78/><E100/><V41/><F49/><W14/><G28/><T128/><D128/><U70/><E70/><V15/><F41/><W133/><G133/><T61/><D37/><U115/><E115/><N who="2" m="44107" /><F79/><N who="1" m="30217" /><E47/><V98/><F98/><W131/><G131/><T83/><D75/><U42/><E42/><V13/><F30/><W5/><G5/><T76/><D76/><U26/><E85/><V97/><F97/><W50/><G102/><T68/><D68/><U10/><E6/><V25/><F25/><W101/><G101/><T27/><D69/><U18/><E18/><V12/><AGARI ba="0,0" hai="1,4,8,12,13,15,124,127" m="44107,51754" machi="12" ten="40,8000,1" yaku="20,1,15,1,34,2" doraHai="74" who="2" fromWho="2" sc="204,-40,242,-20,246,80,308,-20" /><INIT seed="5,0,0,2,1,124" ten="164,222,326,288" oya="1" hai0="112,127,120,89,70,71,87,23,116,35,74,37,13" hai1="126,66,81,40,60,135,17,43,129,85,28,107,10" hai2="78,102,8,27,131,76,46,110,130,51,63,29,88" hai3="104,79,75,84,44,38,118,54,26,67,134,12,123"/><U48/><E107/><V82/><F102/><W117/><G104/><T101/><D116/><N who="3" m="44649" /><G134/><T114/><D127/><U115/><E126/><V91/><F63/><W80/><G123/><T109/><D109/><U34/><E115/><N who="0" m="44073" /><D120/><U108/><E108/><V105/><F8/><W106/><G106/><T50/><D37/><U18/><E135/><V16/><F105/><W61/><G26/><T42/><D101/><U58/><E34/><N who="2" m="20799" /><F16/><N who="1" m="6249" /><E28/><V128/><F110/><W62/><G12/><T6/><D74/><U39/><E39/><V57/><F57/><N who="3" m="37295" /><G62/><T64/><D35/><U59/><E10/><V92/><F92/><W55/><G75/><T97/><D64/><U3/><E3/><V72/><F78/><W41/><AGARI ba="0,0" hai="38,41,44,54,55,79,80,84" m="37295,44649" machi="41" ten="30,1100,0" yaku="12,1" doraHai="124" who="3" fromWho="3" sc="164,-3,222,-5,326,-3,288,11" /><INIT seed="6,0,0,1,2,39" ten="161,217,323,299" oya="2" hai0="86,115,93,135,113,1,107,132,77,52,3,92,42" hai1="125,108,56,50,9,58,47,70,55,57,73,101,16" hai2="4,130,25,64,51,43,129,68,8,49,65,35,2" hai3="121,119,109,40,27,97,54,20,90,12,22,34,117"/><V96/><F96/><W11/><G109/><T89/><D107/><U26/><E108/><V75/><F75/><W63/><G121/><T37/><D77/><U118/><E118/><V44/><F51/><W60/><G34/><T36/><D52/><U85/><E73/><V110/><F110/><W111/><G111/><T24/><D24/><U38/><E125/><V17/><F17/><N who="3" m="12687" /><G40/><T81/><D81/><U62/><E101/><V0/><F0/><N who="0" m="74" /><D42/><N who="1" m="22999" /><E85/><V94/><F94/><N who="0" m="36458" /><D89/><U82/><E82/><V32/><F32/><W61/><G117/><T13/><D13/><N who="1" m="7215" /><E26/><V10/><F10/><W105/><G105/><T30/><D86/><U124/><E124/><V106/><F106/><W127/><G127/><T69/><D30/><U122/><E122/><V83/><F83/><W33/><G33/><T6/><D6/><U120/><E120/><V53/><F53/><W29/><G119/><T19/><D19/><U91/><E91/><V21/><F21/><W80/><G97/><T126/><D69/><U100/><E100/><V15/><F68/><W102/><G102/><T84/><D84/><U45/><E45/><V128/><REACH who="2" step="1"/><F2/><REACH who="2" ten="161,217,313,299" step="2"/><W133/><G80/><T14/><D126/><U67/><AGARI ba="0,1" hai="50,55,56,57,58,62,67,70" m="7215,22999" machi="67" ten="30,4000,0" yaku="24,1,52,1,54,1" doraHai="39" who="1" fromWho="1" sc="161,-10,217,50,313,-20,299,-10" /><INIT seed="7,0,0,3,3,112" ten="151,267,293,289" oya="3" hai0="86,100,40,75,101,22,49,36,104,63,89,26,61" hai1="109,16,1,102,90,82,111,66,69,94,71,38,92" hai2="14,81,18,91,64,30,106,25,129,122,116,88,95" hai3="85,60,84,120,29,62,12,2,13,8,17,55,65"/><W53/><G120/><T127/><D75/><U21/><E38/><V77/><F106/><W132/><G2/><T98/><D36/><U113/><E1/><V5/><F116/><W78/><G132/><T105/><D127/><U126/><E126/><V133/><F129/><W124/><G124/><T128/><D128/><U135/><E135/><V79/><F5/><N who="3" m="3087" /><G29/><T31/><D40/><U70/><E66/><V131/><F64/><W35/><G35/><T45/><D101/><U57/><E57/><V24/><F131/><W32/><G32/><T23/><D105/><U20/><E113/><V83/><F133/><W51/><G55/><T73/><D73/><U80/><E21/><N who="2" m="11479" /><F122/><W93/><G93/><T11/><D23/><U58/><E58/><V4/><F4/><W0/><G0/><T41/><REACH who="0" step="1"/><D11/><REACH who="0" ten="141,267,293,289" step="2"/><U96/><E111/><V19/><F30/><W59/><G78/><T117/><D117/><U44/><E109/><V68/><F77/><W125/><G125/><T54/><D54/><U134/><E134/><V108/><F79/><W118/><G118/><T6/><D6/><U99/><REACH who="1" step="1"/><E44/><REACH who="1" ten="141,257,293,289" step="2"/><V27/><F108/><W39/><G65/><T103/><D103/><U28/><E28/><V72/><F72/><W56/><G59/><T114/><D114/><U119/><E119/><V3/><F3/><W43/><G43/><T87/><D87/><N who="3" m="33353" /><G39/><T46/><D46/><U74/><E74/><V42/><F42/><W9/><AGARI ba="0,2" hai="9,13,17,51,53,56,60,62" m="33353,3087" machi="9" ten="30,1500,0" yaku="8,1" doraHai="112" who="3" fromWho="3" sc="141,-5,257,-5,293,-5,289,35" owari="136,-36.0,252,-15.0,288,9.0,324,42.0" /></mjloggm>