<mjloggm ver="2.3"><GO type="169" lobby="0"/><UN n0="%66%75%6B%75%30%32" n1="%74%61%74%73%75%37%30%32" n2="%E3%83%87%E3%83%AB%E3%83%90%E3%83%A9%E3%83%89" n3="%E5%B0%B1%E6%B4%BB%E7%94%9F%40%E5%B7%9D%E6%9D%91%E8%BB%8D%E5%9B%A3" dan="16,16,16,16" rate="2119.99,2194.99,2140.94,2157.65" sx="M,M,M,M"/><TAIKYOKU oya="0"/><INIT seed="0,0,0,1,4,19" ten="250,250,250,250" oya="0" hai0="85,125,70,127,30,80,22,92,39,79,76,52,51" hai1="68,88,114,67,3,61,89,18,41,81,94,24,115" hai2="87,13,14,107,36,82,96,131,106,34,91,112,5" hai3="120,84,77,17,95,73,100,46,71,8,109,40,93"/><T42/><D70/><U10/><E41/><V4/><F112/><N who="1" m="43049" /><E81/><V110/><F110/><W118/><G71/><T33/><D33/><U32/><E94/><V43/><F131/><W23/><G109/><T6/><D6/><N who="1" m="1375" /><E32/><V123/><F34/><W69/><G69/><T20/><D79/><U135/><E135/><V27/><F123/><W119/><G73/><T75/><D42/><U65/><E65/><V12/><F27/><W44/><G44/><T122/><D39/><U59/><E68/><V111/><F111/><W64/><G64/><T29/><D122/><U113/><N who="1" m="43057" /><U21/><AGARI ba="0,0" hai="18,21,24,59,61,67,88,89" m="1375,43057" machi="21" ten="40,8000,1" yaku="4,1,11,1,52,1,54,1" doraHai="19" who="1" fromWho="1" sc="250,-40,250,80,250,-20,250,-20" /><INIT seed="1,0,0,1,1,115" ten="210,330,230,230" oya="1" hai0="14,104,70,63,118,87,42,55,12,131,65,54,132" hai1="15,128,82,89,69,120,110,77,48,41,74,129,108" hai2="96,119,90,84,31,25,123,92,30,9,45,5,36" hai3="38,85,88,94,86,8,44,83,57,60,39,28,124"/><U130/><E69/><V67/><F123/><W134/><G124/><T23/><D104/><U4/><E120/><V6/><F67/><W53/><G134/><T2/><D2/><U81/><E4/><V114/><F114/><W111/><G111/><N who="1" m="42538" /><E15/><V16/><F119/><W47/><G28/><N who="2" m="10793" /><F36/><W79/><G39/><T116/><D118/><U101/><E101/><N who="2" m="60551" /><F45/><W59/><G38/><T76/><D116/><U127/><E48/><V43/><F43/><W99/><G8/><T109/><D132/><U93/><E41/><V51/><F51/><W125/><G125/><T113/><D42/><U68/><E68/><V73/><F73/><W64/><G99/><T72/><D113/><U121/><E82/><V102/><F102/><W11/><G11/><T17/><D70/><U21/><E21/><N who="2" m="13479" /><F9/><W18/><G18/><T37/><D109/><U35/><E35/><V80/><AGARI ba="0,0" hai="5,6,80,84,90" m="13479,60551,10793" machi="80" ten="30,2000,0" yaku="8,1,54,1" doraHai="115" who="2" fromWho="2" sc="210,-5,330,-10,230,20,230,-5" /><INIT seed="2,0,0,0,3,111" ten="205,320,250,225" oya="2" hai0="117,135,24,55,80,37,18,53,65,94,74,16,66" hai1="91,43,83,72,84,131,101,59,133,58,87,114,129" hai2="103,23,2,51,100,98,89,30,11,88,20,90,81" hai3="78,41,34,27,126,7,99,33,97,70,79,127,6"/><V1/><F1/><W132/><G27/><T122/><D37/><U120/><E43/><V123/><F123/><W107/><G41/><T112/><D122/><U13/><E120/><V10/><F2/><W69/><REACH who="3" step="1"/><G107/><REACH who="3" ten="205,320,250,215" step="2"/><T44/><D24/><U14/><E131/><V95/><F81/><W71/><G71/><T49/><D80/><U9/><E129/><V102/><F51/><W40/><G40/><T3/><D49/><U82/><E72/><V0/><F0/><W57/><G57/><T118/><D74/><U12/><E133/><AGARI ba="0,1" hai="6,7,33,34,69,70,78,79,97,99,126,127,132,133" machi="133" ten="25,3200,0" yaku="1,1,22,2,53,0" doraHai="111" doraHaiUra="21" who="3" fromWho="1" sc="205,0,320,-32,250,0,215,42" /><INIT seed="3,0,0,4,2,116" ten="205,288,250,257" oya="3" hai0="115,120,19,51,124,40,60,32,107,17,56,95,47" hai1="114,31,23,130,33,104,86,110,36,15,61,103,70" hai2="87,16,131,28,83,89,62,96,24,71,109,74,128" hai3="91,55,49,59,34,80,11,102,27,81,117,72,44"/><W1/><G117/><T6/><D107/><U119/><E86/><V132/><F109/><W39/><G102/><T48/><D32/><U12/><E15/><V3/><F3/><W97/><G97/><T99/><D124/><U4/><E12/><V41/><F41/><W135/><G135/><T18/><D115/><U73/><E23/><V94/><F74/><W26/><G81/><T118/><D118/><U46/><E4/><V45/><F45/><W13/><G34/><T64/><D6/><U126/><E46/><V14/><F132/><W52/><G1/><T20/><D120/><U63/><E61/><V5/><F5/><W112/><G112/><T76/><D76/><U101/><E63/><V78/><F62/><W10/><G10/><T125/><D125/><U129/><E31/><V42/><F42/><W123/><G123/><T133/><D133/><U106/><E103/><V85/><F71/><W108/><G108/><T134/><D134/><U25/><E101/><V75/><F131/><N who="1" m="50185" /><E119/><V113/><F113/><W122/><G39/><T121/><D121/><U79/><E70/><V0/><F0/><W92/><G80/><T38/><REACH who="0" step="1"/><D20/><REACH who="0" ten="195,288,250,257" step="2"/><U7/><E126/><V37/><F128/><W66/><G122/><T93/><D93/><U69/><E114/><V127/><F127/><W50/><G72/><T68/><D68/><U88/><E69/><V53/><F94/><W65/><G11/><T9/><D9/><U29/><E73/><V111/><F75/><W30/><G92/><T22/><D22/><N who="1" m="15543" /><E106/><V8/><F111/><W67/><G30/><T57/><D57/><RYUUKYOKU ba="0,1" sc="195,30,288,-10,250,-10,257,-10" hai0="17,18,19,38,40,47,48,51,56,60,64,95,99" /><INIT seed="4,1,1,4,4,123" ten="225,278,240,247" oya="0" hai0="127,73,23,72,97,134,86,32,75,55,89,26,81" hai1="38,0,95,60,122,25,7,101,27,49,69,63,132" hai2="45,130,61,18,1,84,115,57,77,31,14,120,105" hai3="52,79,113,12,92,96,47,125,93,30,78,42,90"/><T129/><D32/><U108/><E38/><V88/><F1/><W71/><G71/><T37/><D37/><U135/><E122/><V133/><F120/><W94/><G113/><T20/><D127/><U22/><E108/><V34/><F105/><W10/><G125/><T85/><D129/><U2/><E49/><V128/><F77/><W117/><G30/><T4/><D134/><N who="1" m="51243" /><E7/><V76/><F76/><N who="3" m="29227" /><G42/><T111/><D4/><U80/><E80/><V103/><F103/><W58/><G47/><T110/><D86/><U17/><E27/><V16/><F45/><W3/><G3/><N who="1" m="1066" /><E69/><V99/><F133/><W116/><G116/><T19/><D55/><U119/><E119/><V56/><F115/><W107/><G107/><T100/><REACH who="0" step="1"/><D23/><REACH who="0" ten="215,278,240,247" step="2"/><U11/><E11/><V6/><F6/><W8/><G117/><T59/><D59/><U104/><E104/><AGARI ba="1,2" hai="19,20,26,72,73,75,81,85,89,97,100,104,110,111" machi="104" ten="40,12000,1" yaku="1,1,52,2,53,1" doraHai="123" doraHaiUra="83" who="0" fromWho="1" sc="215,143,278,-123,240,0,247,0" /><INIT seed="4,2,0,0,5,114" ten="358,155,240,247" oya="0" hai0="25,75,61,23,83,20,67,19,8,96,28,98,78" hai1="87,65,119,89,70,2,44,38,80,12,112,125,24" hai2="64,31,128,92,10,1,22,129,107,100,54,11,41" hai3="69,27,48,5,55,113,53,93,111,82,50,57,73"/><T132/><D8/><U131/><E112/><V42/><F107/><W118/><G69/><T21/><D132/><U36/><E2/><V18/><F31/><W49/><G111/><T16/><D20/><U105/><E105/><V72/><F72/><W108/><G113/><T17/><REACH who="0" step="1"/><D23/><REACH who="0" ten="348,155,240,247" step="2"/><U109/><E119/><V66/><F11/><W9/><G118/><T126/><D126/><U94/><E125/><V127/><F127/><W133/><G133/><T59/><AGARI ba="2,1" hai="16,17,19,21,25,28,59,61,67,75,78,83,96,98" machi="59" ten="30,11700,0" yaku="1,1,0,1,54,1,53,1" doraHai="114" doraHaiUra="106" who="0" fromWho="0" sc="348,133,155,-41,240,-41,247,-41" /><INIT seed="4,3,0,5,4,85" ten="481,114,199,206" oya="0" hai0="82,22,68,5,43,97,121,41,61,105,93,127,8" hai1="32,7,58,111,116,92,48,108,77,100,40,69,3" hai2="70,39,129,66,47,74,95,67,53,91,125,56,23" hai3="120,103,83,57,60,52,42,90,80,124,76,54,130"/><T115/><D105/><U15/><E32/><V45/><F74/><W101/><G120/><T112/><D121/><U65/><E69/><V75/><F75/><W55/><G124/><T117/><D117/><U29/><E3/><V51/><F129/><W59/><G130/><T37/><D127/><U79/><E116/><V123/><F123/><W30/><G42/><T96/><D82/><U78/><E29/><V126/><F126/><W16/><G30/><T131/><D131/><U119/><E119/><V34/><F34/><W63/><G55/><T46/><D43/><U14/><E7/><V106/><F106/><W107/><G107/><T109/><D109/><U89/><E100/><V27/><F70/><W132/><G132/><T50/><D37/><U26/><E26/><V104/><F104/><W18/><REACH who="3" step="1"/><G90/><REACH who="3" ten="481,114,199,196" step="2"/><T17/><D41/><U25/><E111/><V135/><F135/><W35/><G35/><T86/><D115/><U21/><E108/><V12/><F125/><W128/><G128/><T20/><D112/><U49/><E40/><V0/><F39/><W134/><G134/><T98/><D98/><N who="1" m="57615" /><E49/><V88/><F91/><W2/><G2/><T33/><D50/><U81/><E81/><V11/><F0/><W73/><G73/><T19/><D33/><U13/><E48/><V94/><F47/><W4/><G4/><T64/><D46/><U9/><E9/><V110/><F45/><W44/><G44/><T36/><D8/><U28/><E65/><N who="2" m="24587" /><F110/><W113/><G113/><T72/><D36/><U71/><E71/><V102/><F88/><W10/><G10/><RYUUKYOKU ba="3,1" sc="481,-15,114,15,199,-15,196,15" hai1="13,14,15,21,25,28,58,77,78,79" hai3="16,18,52,54,57,59,60,63,76,80,83,101,103" /><INIT seed="5,4,1,5,3,21" ten="466,129,184,211" oya="1" hai0="59,31,74,83,55,110,58,46,38,7,86,27,54" hai1="96,17,132,52,125,105,99,113,20,5,107,108,134" hai2="100,82,48,115,3,92,37,94,130,43,68,40,114" hai3="16,34,57,49,77,36,131,56,79,117,72,90,85"/><U135/><E5/><V97/><F37/><W98/><G34/><T112/><D110/><U61/><E113/><N who="2" m="43019" /><F68/><W116/><G36/><T51/><D74/><U29/><E29/><V123/><F123/><W15/><G131/><T30/><D112/><U122/><E122/><V1/><F130/><W71/><G71/><T76/><D7/><U102/><E108/><V104/><F82/><N who="3" m="49463" /><G98/><N who="1" m="37418" /><E125/><V41/><F48/><W95/><G95/><AGARI ba="4,1" hai="1,3,40,41,43,92,94,95,97,100,104" m="43019" machi="95" ten="30,2000,0" yaku="15,1,11,1" doraHai="21" who="2" fromWho="3" sc="466,0,129,0,184,42,211,-32" /><INIT seed="6,0,0,0,5,104" ten="466,129,226,179" oya="2" hai0="4,63,46,130,124,43,30,111,72,107,115,116,33" hai1="61,69,25,125,15,35,66,28,89,12,14,103,85" hai2="51,83,135,114,100,44,122,45,22,86,80,59,101" hai3="129,8,67,65,55,21,109,0,128,117,84,3,96"/><V102/><F122/><W64/><G117/><T127/><D107/><U120/><E120/><V79/><F114/><W87/><G109/><T105/><D105/><U57/><E125/><V5/><F135/><W132/><G132/><T126/><D111/><U92/><REACH who="1" step="1"/><E103/><REACH who="1" ten="466,119,226,179" step="2"/><V70/><F102/><W131/><G21/><T18/><D126/><U133/><E133/><V76/><F101/><W49/><G96/><T97/><D127/><U112/><E112/><V119/><F100/><W47/><G8/><T94/><D97/><U10/><E10/><V58/><F119/><W24/><G24/><T53/><D116/><U37/><E37/><V29/><F70/><AGARI ba="0,1" hai="12,14,15,25,28,35,57,61,66,69,70,85,89,92" machi="70" ten="40,1300,0" yaku="1,1,53,0" doraHai="104" doraHaiUra="32" who="1" fromWho="2" sc="466,0,119,23,226,-13,179,0" /><INIT seed="7,0,0,3,1,120" ten="466,142,213,179" oya="3" hai0="60,81,30,42,5,99,38,18,52,121,84,48,27" hai1="54,131,35,24,107,17,94,1,51,78,15,16,31" hai2="90,74,77,76,33,40,73,25,101,92,12,103,53" hai3="71,70,114,66,14,23,93,133,56,130,96,80,123"/><W86/><G123/><T29/><D121/><U127/><E107/><V0/><F0/><W102/><G130/><T87/><D5/><U113/><E131/><V63/><F74/><W20/><G133/><T45/><D60/><U116/><E1/><V43/><F73/><W97/><G114/><T41/><D99/><U36/><E113/><V119/><F33/><W49/><G96/><T11/><D87/><U118/><E36/><V3/><F3/><W6/><G71/><T68/><D68/><U85/><E127/><V22/><F12/><W7/><G70/><T9/><D18/><U26/><E26/><V88/><F119/><W124/><G124/><T58/><D42/><N who="2" m="15914" /><F90/><W126/><G126/><T37/><D37/><U19/><E15/><V110/><F110/><W95/><G95/><T13/><D13/><U125/><E125/><V59/><F101/><W82/><G82/><T111/><D111/><U50/><E50/><V61/><F103/><W4/><G14/><T100/><D100/><U83/><REACH who="1" step="1"/><E94/><REACH who="1" ten="466,132,213,179" step="2"/><V112/><F112/><W10/><G10/><T132/><D9/><U98/><E98/><N who="2" m="57607" /><F63/><N who="3" m="38247" /><G49/><T47/><D11/><U79/><E79/><AGARI ba="0,1" hai="4,6,7,20,23,79,80,86,93,97,102" m="38247" machi="79" ten="30,1500,0" yaku="8,1" doraHai="120" who="3" fromWho="1" sc="466,0,132,-15,213,0,179,25" /><INIT seed="7,1,0,5,1,30" ten="466,117,213,204" oya="3" hai0="23,31,49,79,11,34,70,50,134,62,76,67,110" hai1="25,1,77,106,57,56,37,33,47,9,82,16,120" hai2="2,104,39,52,116,27,122,4,80,54,113,42,75" hai3="18,123,119,105,97,0,65,133,74,94,26,108,46"/><W102/><G0/><T95/><D110/><U127/><E127/><V45/><F116/><W98/><G119/><T8/><D134/><U112/><E112/><V92/><F104/><W64/><G74/><T96/><D34/><U121/><E106/><V38/><F38/><W73/><G73/><T12/><D8/><U135/><E135/><V129/><F129/><W83/><G133/><T103/><D23/><U59/><E47/><V124/><F92/><W131/><G108/><T90/><D31/><U43/><E43/><V99/><F99/><W126/><G126/><T71/><D71/><U63/><E37/><V36/><F36/><W118/><G118/><T3/><D3/><U17/><E63/><V93/><F93/><W21/><G131/><T101/><D101/><U48/><E48/><V28/><F124/><W5/><G5/><T60/><D60/><U125/><E125/><V130/><F130/><W68/><G68/><T87/><D79/><U117/><E117/><V41/><F41/><W69/><G69/><T10/><D76/><U44/><E44/><V24/><F24/><W14/><G123/><T72/><D10/><U51/><E51/><V128/><F122/><N who="1" m="47209" /><E33/><N who="2" m="20639" /><F113/><W13/><G46/><T109/><D72/><N who="1" m="43303" /><E25/><V29/><F128/><W107/><G65/><T81/><D109/><U7/><E17/><AGARI ba="1,0" hai="11,12,17,49,50,62,67,70,81,87,90,95,96,103" machi="17" ten="30,1000,0" yaku="7,1" doraHai="30" who="0" fromWho="1" sc="466,13,117,-13,213,0,204,0" owari="479,59.0,104,-40.0,213,1.0,204,-20.0" /></mjloggm>