<mjloggm ver="2.3"><GO type="225" lobby="0"/><UN n0="%E7%B7%8B%E3%81%84%E7%8C%AB%EF%BC%9E%EF%BC%9C%EF%BC%81" n1="%E3%83%88%E3%83%88%E3%83%AA%E5%85%88%E7%94%9F%31%39%E6%AD%B3" n2="%E6%BF%80%E8%BE%9B" n3="%E6%84%9B%E5%AE%95%E3%83%8D%E3%82%AD%E3%80%82" dan="16,16,16,16" rate="2021.75,2159.64,2121.05,2068.41" sx="F,F,M,M"/><TAIKYOKU oya="0"/><INIT seed="0,0,0,0,0,82" ten="250,250,250,250" oya="0" hai0="66,60,34,53,79,14,107,93,134,16,35,49,11" hai1="127,46,113,111,25,77,125,36,58,18,102,52,22" hai2="101,120,17,133,55,20,47,48,129,4,32,131,126" hai3="57,124,84,51,68,98,42,117,1,21,89,71,86"/><T81/><D107/><U61/><E111/><V37/><F120/><W64/><G1/><T30/><D134/><U106/><E113/><V97/><F32/><W41/><G117/><T31/><D93/><U28/><E77/><V87/><F133/><W50/><G71/><T13/><D13/><U40/><E106/><V110/><F110/><W88/><G68/><T23/><D23/><U96/><E102/><V69/><F69/><W80/><G98/><T130/><D130/><N who="2" m="49674" /><F4/><W12/><G124/><N who="1" m="47690" /><E96/><V56/><F126/><W43/><G12/><T54/><D34/><U27/><E27/><N who="2" m="14735" /><F37/><W123/><G21/><T121/><D35/><U135/><E135/><V103/><F97/><W24/><G24/><T59/><D54/><U44/><E44/><V29/><F29/><AGARI ba="0,0" hai="18,22,25,28,29,36,40,46,52,58,61" m="47690" machi="29" ten="30,2000,0" yaku="18,1,54,1" doraHai="82" who="1" fromWho="2" sc="250,0,250,20,250,-20,250,0" /><INIT seed="1,0,0,5,5,17" ten="250,270,230,250" oya="1" hai0="30,89,2,91,10,63,18,128,33,60,101,45,108" hai1="41,36,110,54,125,98,111,88,21,129,68,48,74" hai2="46,52,73,99,7,35,95,70,39,92,11,120,8" hai3="55,28,9,34,71,14,58,132,25,62,4,126,79"/><U85/><E74/><V113/><F120/><W6/><G132/><T76/><D108/><N who="1" m="41515" /><E68/><V49/><F73/><W80/><G71/><T32/><D76/><U123/><E123/><V94/><F113/><W31/><G31/><T3/><D128/><U112/><E112/><V84/><F35/><W69/><G69/><T106/><D45/><N who="1" m="23719" /><E125/><V135/><F135/><W29/><G29/><T122/><D30/><U133/><E133/><V117/><F117/><W37/><G37/><T15/><D122/><U114/><E114/><V59/><F84/><W20/><G126/><T16/><D101/><U100/><E129/><V50/><F39/><W131/><G131/><T115/><D115/><U116/><E116/><V124/><F124/><W134/><G134/><T78/><D78/><U65/><E65/><V102/><F70/><W0/><G0/><T103/><D103/><U47/><E21/><V93/><REACH who="2" step="1"/><F7/><REACH who="2" ten="250,270,220,250" step="2"/><N who="3" m="3391" /><G34/><T23/><D33/><U127/><E127/><V86/><F86/><AGARI ba="0,1" hai="4,6,20,25,28,55,58,62,79,80,86" m="3391" machi="86" ten="30,2000,0" yaku="8,1,52,1" doraHai="17" who="3" fromWho="2" sc="250,0,270,0,220,-20,250,30" /><INIT seed="2,0,0,5,3,109" ten="250,270,200,280" oya="2" hai0="108,65,119,6,19,10,27,74,57,104,14,101,52" hai1="117,114,56,135,110,111,79,105,15,35,102,50,8" hai2="100,39,118,25,85,133,91,126,78,37,96,87,13" hai3="132,47,130,89,40,21,103,113,88,33,4,63,17"/><V23/><F118/><W121/><G33/><T75/><D119/><U73/><E117/><V58/><F126/><W92/><G121/><T20/><D108/><N who="1" m="41515" /><E35/><V129/><F133/><W120/><G4/><T97/><REACH who="0" step="1"/><D65/><REACH who="0" ten="240,270,200,280" step="2"/><U36/><E135/><V90/><F129/><W3/><G132/><T107/><D107/><U32/><E105/><V115/><F39/><W106/><G130/><T48/><AGARI ba="0,1" hai="6,10,14,19,20,27,48,52,57,74,75,97,101,104" machi="48" ten="20,8000,1" yaku="1,1,0,1,7,1,54,1,53,1" doraHai="109" doraHaiUra="5" who="0" fromWho="0" sc="240,90,270,-20,200,-40,280,-20" /><INIT seed="3,0,0,2,1,127" ten="330,250,160,260" oya="3" hai0="110,124,108,28,29,40,50,13,37,111,61,33,52" hai1="23,36,25,17,10,122,100,69,12,59,3,46,32" hai2="132,15,39,6,9,90,92,116,117,102,7,103,38" hai3="62,131,128,119,71,67,76,57,78,41,106,105,70"/><W85/><G119/><T73/><D73/><U113/><E122/><V112/><F112/><W86/><G41/><T134/><D124/><U88/><E113/><V74/><F74/><W42/><G42/><T123/><D123/><U58/><E69/><V104/><F132/><W47/><G47/><N who="0" m="23951" /><D134/><U126/><E126/><V118/><F104/><W89/><G57/><N who="0" m="32919" /><D33/><U65/><E65/><V94/><F90/><W21/><G21/><T80/><D80/><U115/><E46/><V2/><F15/><W95/><G71/><T0/><D0/><U120/><E36/><V43/><F7/><W55/><G55/><T135/><D135/><U133/><E133/><V44/><F39/><W114/><G114/><T30/><D61/><U19/><E120/><V97/><REACH who="2" step="1"/><F117/><REACH who="2" ten="330,250,150,260" step="2"/><W79/><G106/><T82/><D13/><N who="1" m="7607" /><E115/><V72/><F72/><W26/><G105/><T49/><D82/><U64/><E3/><V107/><F107/><W101/><G101/><T121/><D121/><U14/><E100/><V20/><F20/><W34/><G34/><T99/><D108/><U24/><E88/><V48/><F48/><W125/><G125/><T11/><D49/><U54/><E32/><V75/><F75/><W130/><G26/><T60/><D110/><U84/><E25/><V16/><F16/><W56/><G89/><T68/><D111/><U83/><E14/><V109/><F109/><W53/><G95/><T1/><D1/><U81/><E24/><V5/><F5/><W51/><AGARI ba="0,1" hai="51,53,56,62,67,70,76,78,79,85,86,128,130,131" machi="51" ten="40,12000,1" yaku="0,1,19,1,52,3" doraHai="127" who="3" fromWho="3" sc="330,-40,250,-40,150,-40,260,130" owari="290,9.0,210,-19.0,110,-39.0,390,49.0" /></mjloggm>