<mjloggm ver="2.3"><GO type="169" lobby="0"/><UN n0="%E3%80%90%E3%81%A1%E3%82%85%E3%81%AE%E3%81%A0%E3%80%91" n1="%E7%89%8C%E5%BB%83%E4%BA%BA" n2="%E3%82%A6%E3%83%AB%E3%83%88%E3%83%A9%E7%AB%8B%E7%9B%B4" n3="%72%61%6E%61%2A" dan="16,16,17,16" rate="2087.14,2227.59,2100.85,2141.93" sx="M,M,M,F"/><TAIKYOKU oya="0"/><INIT seed="0,0,0,1,0,134" ten="250,250,250,250" oya="0" hai0="2,66,30,74,77,130,125,92,75,5,89,34,29" hai1="112,64,94,18,27,120,97,117,102,42,31,52,11" hai2="19,126,110,17,33,128,40,123,76,16,132,96,68" hai3="104,85,44,116,91,99,4,79,35,15,86,6,7"/><T119/><D119/><U57/><E117/><V21/><F33/><W111/><G35/><T106/><D130/><U121/><E112/><V83/><F68/><W39/><G111/><T13/><D2/><U59/><E42/><V103/><F123/><W95/><G104/><T69/><D106/><U22/><E59/><V90/><F110/><W100/><G15/><T72/><D77/><U88/><E64/><V47/><F132/><W20/><G20/><T84/><D34/><U51/><E11/><V109/><F90/><W3/><G3/><T70/><D125/><U46/><E46/><V122/><F126/><W23/><G23/><T67/><D67/><U9/><E9/><V114/><F109/><W80/><G116/><T61/><REACH who="0" step="1"/><D70/><REACH who="0" ten="240,250,250,250" step="2"/><U71/><E71/><V41/><F128/><W32/><G79/><T38/><D38/><U45/><E45/><V78/><F47/><W14/><G39/><T49/><D49/><U58/><E57/><V87/><F78/><W53/><G44/><T98/><D98/><U107/><REACH who="1" step="1"/><E31/><REACH who="1" ten="240,240,250,250" step="2"/><V73/><F114/><W48/><G4/><T108/><D108/><U10/><E10/><AGARI ba="0,2" hai="5,10,13,29,30,61,66,69,72,74,75,84,89,92" machi="10" ten="40,2000,0" yaku="1,1,53,0" doraHai="134" doraHaiUra="129" who="0" fromWho="1" sc="240,40,240,-20,250,0,250,0" /><INIT seed="0,1,0,5,3,12" ten="280,220,250,250" oya="0" hai0="17,120,94,81,51,71,86,6,103,28,65,83,121" hai1="5,107,8,109,2,74,44,88,127,133,126,76,4" hai2="16,100,106,117,59,105,116,95,115,113,3,9,123" hai3="29,58,82,132,23,61,77,40,68,108,11,45,104"/><T10/><D28/><U57/><E107/><N who="2" m="40971" /><F3/><W118/><G108/><T90/><D51/><U53/><E109/><V97/><F59/><W39/><G68/><T128/><D128/><U31/><E133/><V47/><F47/><W84/><G104/><T48/><D48/><U67/><E67/><V13/><F123/><W41/><G41/><T79/><D103/><U130/><E130/><V15/><F15/><W73/><G118/><AGARI ba="1,0" hai="9,13,16,95,97,100,113,115,116,117,118" m="40971" machi="118" ten="30,3900,0" yaku="12,1,52,1,54,1" doraHai="12" who="2" fromWho="3" sc="280,0,220,0,250,42,250,-42" /><INIT seed="1,0,0,3,0,56" ten="280,220,292,208" oya="1" hai0="103,35,33,21,8,6,113,84,19,62,10,89,123" hai1="64,118,27,58,73,102,92,68,90,60,127,125,9" hai2="80,13,93,122,121,85,54,88,44,25,96,32,116" hai3="42,16,94,86,3,70,22,41,134,18,131,45,95"/><U71/><E118/><V104/><F116/><W40/><G70/><T117/><D113/><U108/><E73/><V124/><F124/><N who="1" m="47689" /><E102/><V48/><F104/><W130/><G3/><T51/><D103/><U133/><E133/><V38/><F38/><W12/><G45/><T82/><D117/><U11/><E27/><V110/><F110/><W109/><G109/><T65/><D51/><U29/><E29/><V24/><F13/><W2/><G2/><T111/><D111/><U128/><E128/><N who="3" m="49194" /><G86/><T14/><D123/><U114/><E114/><V46/><F32/><W129/><N who="3" m="49202" /><W106/><DORA hai="28" /><G106/><T39/><D39/><U115/><E115/><V43/><F121/><W36/><G36/><T66/><D66/><U105/><E105/><V91/><F122/><W53/><G53/><T63/><D10/><N who="1" m="3595" /><E108/><V98/><F25/><N who="3" m="14535" /><G134/><T55/><D33/><U126/><N who="1" m="47697" /><U132/><DORA hai="83" /><E132/><V4/><F24/><W34/><G34/><T30/><D35/><U31/><E31/><V99/><F4/><W78/><G78/><T87/><D30/><U0/><E0/><V72/><F72/><W100/><G100/><T49/><D6/><U97/><AGARI ba="0,0" hai="58,60,64,68,71,90,92,97" m="3595,47697" machi="97" ten="40,3900,0" yaku="18,1,52,1" doraHai="56,28,83" who="1" fromWho="1" sc="280,-13,220,39,292,-13,208,-13" /><INIT seed="1,1,0,4,1,63" ten="267,259,279,195" oya="1" hai0="23,90,62,72,15,108,120,98,60,81,80,47,71" hai1="119,96,54,44,34,45,18,112,129,22,134,55,107" hai2="99,95,42,115,100,33,103,76,73,87,101,78,93" hai3="5,118,64,37,128,48,94,91,104,89,106,26,6"/><U65/><E112/><V116/><F33/><W43/><G37/><T2/><D2/><U57/><E34/><V79/><F42/><W61/><G128/><T41/><D108/><U127/><E119/><V84/><F116/><W102/><G26/><T66/><D120/><U25/><E129/><V38/><F38/><W132/><G132/><T123/><D123/><U68/><E134/><V30/><F30/><W135/><G118/><T133/><D72/><U75/><E75/><V131/><F131/><W12/><G106/><T3/><D3/><U17/><E68/><V20/><F20/><W88/><G12/><T69/><D133/><U28/><E127/><V21/><F21/><W56/><G104/><T50/><D98/><U7/><E7/><V77/><F115/><W51/><G135/><T74/><D90/><N who="3" m="34921" /><G102/><N who="2" m="39529" /><F95/><W52/><G43/><T111/><D74/><U114/><E96/><V11/><F11/><W27/><G27/><T32/><D32/><U67/><E107/><V124/><F124/><W97/><G51/><T110/><D110/><U130/><E130/><V31/><F31/><W9/><G9/><T14/><D111/><U122/><E122/><V1/><F1/><W113/><G113/><T58/><D71/><U4/><E114/><V92/><F92/><W10/><G10/><T109/><D109/><U125/><E125/><V39/><F39/><W83/><G83/><AGARI ba="1,0" hai="73,76,77,78,79,83,84,87,93,99,103" m="39529" machi="83" ten="30,8000,1" yaku="35,5" doraHai="63" who="2" fromWho="3" sc="267,0,259,0,279,83,195,-83" /><INIT seed="2,0,0,3,5,16" ten="267,259,362,112" oya="2" hai0="5,64,71,65,86,115,13,88,105,6,77,124,9" hai1="129,75,114,95,4,126,22,85,62,49,133,94,29" hai2="110,38,92,27,87,130,90,121,20,11,1,96,28" hai3="70,99,57,116,23,84,76,34,104,36,61,40,106"/><V44/><F121/><W72/><G34/><T24/><D115/><U113/><E75/><V122/><F122/><W30/><G70/><T52/><D105/><U118/><E118/><V42/><F130/><W97/><G72/><T59/><D71/><U43/><E4/><V68/><F68/><W32/><G32/><T101/><D101/><U120/><E120/><V14/><F110/><W98/><G40/><T125/><D77/><U54/><E129/><V25/><F25/><W79/><G36/><T55/><D5/><U103/><E43/><V100/><F1/><W107/><G84/><T132/><D132/><U51/><E133/><V8/><REACH who="2" step="1"/><F14/><REACH who="2" ten="267,259,352,112" step="2"/><W50/><G116/><T123/><D24/><U128/><E128/><V69/><F69/><W15/><G15/><T63/><D123/><U48/><E114/><V81/><AGARI ba="0,1" hai="8,11,20,27,28,38,42,44,81,87,90,92,96,100" machi="81" ten="20,12000,1" yaku="1,1,0,1,7,1,52,1,53,1" doraHai="16" doraHaiUra="39" who="2" fromWho="2" sc="267,-40,259,-40,352,130,112,-40" /><INIT seed="2,1,0,1,1,106" ten="227,219,482,72" oya="2" hai0="45,12,6,125,100,5,17,122,120,90,129,24,18" hai1="101,54,70,32,86,51,46,91,21,55,33,30,75" hai2="3,62,78,59,35,64,105,47,96,77,19,121,63" hai3="98,127,82,114,109,104,67,76,48,26,57,50,8"/><V133/><F3/><W85/><G109/><T95/><D100/><U43/><E70/><V111/><F35/><W23/><G127/><T134/><D125/><U112/><E112/><V118/><F121/><W80/><G114/><T71/><D71/><U103/><E33/><V115/><F118/><W60/><G8/><T102/><D102/><U92/><E32/><V25/><F115/><W113/><G113/><T40/><D129/><U81/><E30/><V131/><F105/><W119/><G98/><T94/><D134/><U97/><E21/><N who="2" m="13503" /><F131/><W13/><G13/><T87/><D95/><U15/><E103/><V49/><F111/><W117/><G104/><T128/><D128/><U4/><REACH who="1" step="1"/><E75/><REACH who="1" ten="227,209,482,72" step="2"/><V44/><F133/><W36/><G119/><T28/><D122/><U31/><E31/><V1/><F1/><W110/><G110/><T93/><D28/><U37/><E37/><V68/><F68/><W65/><G36/><T108/><D108/><U2/><E2/><V7/><F47/><W132/><G132/><T66/><D45/><U38/><E38/><V52/><F44/><W56/><G117/><T79/><D120/><U39/><E39/><V123/><F123/><W72/><G23/><T135/><D135/><U116/><E116/><V89/><F59/><W20/><G20/><T124/><D124/><U130/><E130/><V83/><F64/><W88/><REACH who="3" step="1"/><G26/><REACH who="3" ten="227,209,482,62" step="2"/><T0/><D24/><U53/><E53/><V42/><F52/><W41/><G41/><T27/><D27/><U99/><E99/><V11/><F96/><W126/><G126/><T29/><D40/><RYUUKYOKU ba="1,2" sc="227,-15,209,15,482,-15,62,15" hai1="4,15,43,46,51,54,55,81,86,91,92,97,101" hai3="48,50,56,57,60,65,67,72,76,80,82,85,88" /><INIT seed="3,2,2,5,0,81" ten="212,224,467,77" oya="3" hai0="88,24,97,114,41,111,61,7,44,90,85,79,99" hai1="129,13,118,46,2,94,54,37,120,113,89,35,14" hai2="108,103,66,91,83,134,78,47,93,95,77,102,3" hai3="22,18,76,12,70,56,80,51,55,115,38,109,107"/><W36/><G115/><T20/><D114/><U130/><E113/><V8/><F3/><W5/><G107/><T105/><D111/><U11/><E35/><V82/><F66/><W21/><G109/><T33/><D33/><U84/><E120/><V126/><F8/><W124/><G124/><T45/><D7/><N who="1" m="1527" /><E118/><V16/><F16/><W40/><G70/><T48/><D105/><U87/><E37/><V110/><F47/><W86/><G40/><T117/><D117/><U10/><E10/><V59/><F59/><W121/><G121/><T125/><D125/><U52/><E87/><V53/><F53/><N who="1" m="20585" /><E46/><V49/><F49/><W135/><G5/><T27/><D61/><U28/><E28/><V30/><F30/><W112/><G112/><T43/><D20/><U104/><E104/><V101/><F101/><W127/><G22/><T4/><D4/><U62/><E62/><V69/><F69/><W63/><G127/><T19/><D19/><U15/><E15/><V119/><F126/><W57/><G38/><T68/><D68/><U50/><E50/><V98/><F119/><W58/><G36/><T132/><D48/><U32/><E32/><V17/><F17/><W100/><G100/><T42/><D42/><U123/><E123/><V6/><F6/><W75/><G75/><T74/><D74/><U116/><E116/><V64/><F64/><N who="3" m="39015" /><G57/><T65/><D65/><U131/><AGARI ba="2,2" hai="13,14,84,89,94,129,130,131" m="20585,1527" machi="131" ten="40,5200,0" yaku="19,1,52,1,54,1" doraHai="81" who="1" fromWho="1" sc="212,-15,224,78,467,-15,77,-28" /><INIT seed="4,0,0,2,1,76" ten="197,302,452,49" oya="0" hai0="32,40,99,53,124,93,47,25,10,107,100,36,126" hai1="109,78,60,101,103,39,89,33,62,84,43,86,113" hai2="1,104,71,17,108,83,111,64,94,127,56,117,66" hai3="58,59,28,26,0,135,119,12,123,92,77,131,9"/><T90/><D10/><U133/><E109/><V114/><F104/><W46/><G0/><T118/><D118/><U41/><E33/><V45/><F17/><W102/><G135/><T115/><D115/><U80/><E133/><V98/><F56/><W120/><G131/><T20/><D53/><U130/><E130/><V75/><F94/><W3/><G3/><T81/><D32/><U112/><E39/><V97/><F98/><W11/><G119/><T116/><D116/><U52/><E43/><V6/><F97/><W91/><G102/><N who="1" m="38922" /><E41/><V4/><F45/><W95/><G77/><T44/><D44/><U8/><E8/><V73/><F71/><W19/><G9/><T125/><D107/><U129/><E129/><V15/><F1/><W55/><G46/><T110/><D110/><U24/><E24/><V38/><F38/><W79/><G79/><T48/><D36/><U23/><E23/><V132/><F132/><W7/><G7/><T16/><REACH who="0" step="1"/><D100/><REACH who="0" ten="187,302,452,49" step="2"/><U14/><E52/><V27/><F117/><W13/><G13/><T63/><D63/><U30/><E14/><V88/><F15/><W74/><G74/><T96/><D96/><U5/><E5/><V87/><F6/><W50/><G59/><T49/><D49/><U21/><E113/><V57/><F4/><W68/><G68/><T69/><D69/><U35/><E112/><V51/><F114/><W2/><G2/><T42/><D42/><U67/><E35/><V72/><F111/><W54/><G54/><T61/><D61/><U34/><E34/><V122/><F108/><W128/><G128/><RYUUKYOKU ba="0,1" sc="187,30,302,-10,452,-10,49,-10" hai0="16,20,25,40,47,48,81,90,93,99,124,125,126" /><INIT seed="4,1,1,0,3,91" ten="217,292,442,39" oya="0" hai0="69,17,27,13,57,61,71,4,132,33,100,76,11" hai1="35,16,123,90,129,49,95,24,74,124,72,62,131" hai2="65,117,26,59,38,53,30,93,55,80,75,121,134" hai3="102,7,110,12,23,109,125,42,37,32,120,64,58"/><T78/><D132/><U29/><E123/><V5/><F38/><W9/><G32/><T92/><D69/><U31/><E124/><V50/><F121/><W56/><G120/><T101/><D71/><U22/><E62/><V46/><F65/><W43/><G125/><T60/><D33/><U112/><E112/><V115/><F134/><W89/><G102/><N who="0" m="39531" /><D92/><U94/><E49/><V84/><F75/><N who="1" m="28713" /><E90/><V79/><F5/><W104/><G104/><T119/><D119/><U0/><E0/><V8/><F8/><W133/><G133/><T34/><D34/><U82/><E82/><V36/><F36/><W135/><G135/><T118/><D118/><U111/><E31/><V3/><F3/><W41/><G37/><T45/><D45/><U83/><E83/><V20/><F115/><W73/><G73/><T103/><D103/><U128/><E111/><V25/><F117/><W108/><G64/><N who="0" m="38927" /><D61/><U130/><N who="1" m="32768" /><DORA hai="40" /><U21/><E35/><V28/><F80/><W44/><G44/><T81/><D81/><U127/><E127/><V54/><F46/><W14/><REACH who="3" step="1"/><G89/><REACH who="3" ten="217,292,442,29" step="2"/><T39/><D39/><U6/><E6/><V85/><F79/><W97/><G97/><T63/><D76/><U98/><E98/><V107/><F107/><W86/><G86/><T99/><D99/><U113/><E113/><V47/><F47/><W122/><G122/><T116/><D116/><U15/><AGARI ba="1,2" hai="15,16,21,22,24,29,94,95" m="32768,28713" machi="15" ten="60,8000,1" yaku="19,1,52,2,54,1" doraHai="91,40" who="1" fromWho="1" sc="217,-41,292,103,442,-21,29,-21" /><INIT seed="5,0,0,2,4,120" ten="176,395,421,8" oya="1" hai0="134,48,101,108,107,16,50,54,129,60,97,133,105" hai1="73,9,15,17,33,111,75,53,67,102,72,42,27" hai2="36,8,37,61,12,4,31,26,1,122,47,125,24" hai3="13,81,135,103,110,95,128,3,94,83,0,132,116"/><U59/><E42/><V74/><F122/><W10/><G103/><T34/><D108/><U91/><E102/><V45/><F74/><W5/><G116/><T39/><D39/><U14/><E67/><V43/><F125/><W29/><G29/><T55/><D34/><U21/><E33/><V71/><F12/><W76/><G128/><T7/><D7/><U119/><E119/><V118/><F118/><W79/><G13/><T65/><D129/><U98/><E111/><V23/><F26/><W66/><G66/><T86/><D107/><U18/><E15/><V46/><F37/><W44/><G44/><T52/><D86/><U32/><E32/><V62/><F61/><W87/><G87/><T40/><D16/><U78/><E78/><V130/><F130/><W114/><G5/><T100/><D100/><U77/><E77/><V85/><REACH who="2" step="1"/><F85/><REACH who="2" ten="176,395,411,8" step="2"/><W20/><G20/><T56/><D50/><U88/><REACH who="1" step="1"/><E98/><REACH who="1" ten="176,385,411,8" step="2"/><V113/><F113/><W126/><G10/><T123/><D123/><U93/><E93/><V92/><F92/><W80/><G80/><T99/><D97/><U117/><E117/><V51/><F51/><AGARI ba="0,2" hai="9,14,17,18,21,27,51,53,59,72,73,75,88,91" machi="51" ten="40,3900,0" yaku="1,1,54,1,53,0" doraHai="120" doraHaiUra="82" who="1" fromWho="2" sc="176,0,385,59,411,-39,8,0" /><INIT seed="5,1,0,1,2,0" ten="176,444,372,8" oya="1" hai0="131,69,10,26,48,3,15,113,65,119,59,120,47" hai1="19,73,93,99,34,92,114,2,50,111,36,42,1" hai2="18,86,112,105,13,102,74,75,103,66,115,25,94" hai3="38,100,30,127,132,51,61,134,110,64,83,43,135"/><U117/><E117/><V52/><F66/><W95/><G83/><T14/><D69/><U29/><E73/><N who="2" m="27659" /><F25/><W91/><G95/><T54/><D113/><N who="2" m="43594" /><F105/><W125/><G91/><T101/><D101/><N who="2" m="38410" /><F13/><W128/><G100/><T12/><D26/><U89/><E114/><V41/><F18/><W45/><G51/><T68/><D15/><U62/><E36/><V126/><F41/><W49/><G49/><T116/><D14/><U32/><E29/><V55/><F126/><N who="3" m="48139" /><G30/><T81/><D48/><U72/><E42/><V37/><F37/><W33/><G33/><T31/><D31/><U8/><E50/><V67/><F67/><W6/><G6/><T106/><D65/><U118/><E19/><V90/><AGARI ba="1,0" hai="52,55,86,90,94" m="38410,43594,27659" machi="90" ten="40,5200,0" yaku="15,1,11,1,54,1" doraHai="0" who="2" fromWho="2" sc="176,-14,444,-27,372,55,8,-14" owari="162,-24.0,417,22.0,427,53.0,-6,-51.0" /></mjloggm>