<mjloggm ver="2.3"><GO type="97" lobby="0"/><UN n0="%E6%B9%8A%E3%83%9F%E3%82%B5%E3%82%AD" n1="%E3%82%82%E3%82%82%E3%81%A8%E3%81%8F%E3%82%8D" n2="%E3%83%88%E3%83%88%E3%83%AA%E5%85%88%E7%94%9F%31%39%E6%AD%B3" n3="%4A%48%4E" dan="15,15,14,14" rate="1963.60,1980.04,2017.65,1945.28" sx="F,M,F,M"/><TAIKYOKU oya="0"/><INIT seed="0,0,0,2,1,68" ten="250,250,250,250" oya="0" hai0="64,95,88,108,53,6,16,87,5,35,75,63,17" hai1="134,8,73,40,79,125,82,97,52,86,9,112,120" hai2="36,4,90,42,78,47,71,72,50,38,133,51,41" hai3="83,60,114,92,129,69,10,55,132,127,62,100,80"/><T130/><D75/><U58/><E120/><V116/><F71/><W7/><G114/><T117/><D117/><U1/><E112/><V28/><F116/><W2/><G127/><T113/><D113/><U45/><E125/><V110/><F110/><W104/><G129/><T22/><D130/><U102/><E73/><V128/><F128/><W105/><G132/><T61/><D35/><U76/><E76/><V96/><F133/><W33/><G33/><T84/><D108/><U74/><E74/><V70/><F70/><W65/><G105/><T56/><D84/><U93/><E1/><V67/><F67/><W32/><G32/><T122/><D122/><U29/><E29/><V111/><F28/><W109/><G104/><T66/><D17/><U81/><E81/><V89/><F111/><W59/><G109/><T30/><D30/><U25/><E25/><V118/><F118/><W44/><G100/><T37/><D37/><U12/><E12/><V94/><F4/><W0/><G0/><T119/><D119/><U54/><E54/><V31/><F31/><W99/><G99/><T121/><D121/><U23/><E23/><V91/><F78/><W34/><G34/><T107/><D107/><U46/><E46/><V85/><F72/><W15/><G92/><T126/><D126/><U13/><E13/><V57/><F85/><W103/><G103/><T20/><D20/><U101/><E102/><N who="2" m="60695" /><F42/><W106/><G106/><T131/><D131/><U18/><E18/><V11/><F11/><N who="3" m="2551" /><G44/><T21/><D21/><U123/><E123/><V3/><F3/><W77/><G77/><RYUUKYOKU ba="0,0" sc="250,-15,250,-15,250,15,250,15" hai2="36,38,41,47,50,51,57,89,90,91" hai3="10,15,55,59,60,62,65,69,80,83" /><INIT seed="1,1,0,5,2,66" ten="235,235,265,265" oya="1" hai0="73,55,135,30,40,14,82,54,125,57,118,96,129" hai1="133,23,70,89,132,11,61,36,26,50,110,42,46" hai2="97,65,33,86,35,85,84,109,120,116,48,119,112" hai3="63,80,24,95,62,32,126,69,1,104,106,88,105"/><U15/><E89/><V47/><F120/><W4/><G1/><T31/><D118/><U79/><E79/><V83/><F109/><W67/><G4/><T124/><D125/><U53/><E110/><V39/><F39/><W99/><G126/><T75/><D129/><U92/><E92/><V76/><F112/><W5/><G5/><T81/><D135/><N who="1" m="51787" /><E15/><V45/><F45/><W111/><G111/><T134/><D124/><U131/><E11/><V34/><F97/><W59/><G80/><T78/><D134/><U28/><E28/><V25/><F25/><W87/><G87/><T44/><D96/><U100/><E100/><V7/><F65/><W56/><G56/><T90/><D14/><U0/><E0/><V21/><F21/><W94/><G94/><T93/><D82/><U8/><E8/><V9/><F119/><W41/><G41/><T122/><D75/><U121/><E121/><V77/><F116/><W13/><G13/><T37/><D122/><U72/><E72/><V49/><F49/><W98/><G98/><T29/><REACH who="0" step="1"/><D57/><REACH who="0" ten="225,235,265,265" step="2"/><N who="1" m="34991" /><E131/><V101/><F83/><W115/><G115/><T19/><D19/><N who="1" m="12671" /><E36/><V117/><F117/><W91/><G24/><T113/><D113/><U10/><E10/><V16/><F7/><W102/><REACH who="3" step="1"/><G32/><REACH who="3" ten="225,235,265,255" step="2"/><T108/><D108/><U18/><E18/><V58/><F16/><W71/><G71/><AGARI ba="1,2" hai="42,46,50,70,71" m="12671,34991,51787" machi="71" ten="30,5800,0" yaku="20,1,52,2" doraHai="66" who="1" fromWho="3" sc="225,0,235,81,265,0,255,-61" /><INIT seed="1,2,0,1,3,86" ten="225,316,265,194" oya="1" hai0="10,62,132,92,129,89,135,130,58,8,123,47,81" hai1="34,106,82,19,78,83,97,22,71,4,59,119,88" hai2="3,131,63,55,51,42,18,17,21,103,134,46,93" hai3="90,45,6,109,13,126,122,5,54,133,24,43,12"/><U35/><E119/><V25/><F3/><W64/><G122/><T108/><D123/><U7/><E71/><V2/><F2/><W111/><G64/><T80/><D108/><N who="3" m="41545" /><G24/><T69/><D69/><U101/><E35/><V53/><F131/><N who="0" m="50186" /><D47/><U125/><E125/><V16/><F134/><N who="0" m="51242" /><D8/><U110/><E34/><V9/><F63/><W128/><G126/><T26/><D10/><U75/><E59/><V61/><F61/><W121/><G128/><T27/><D26/><U39/><E39/><V60/><F60/><W11/><G133/><T100/><D100/><U65/><E65/><V33/><F33/><W91/><G54/><N who="2" m="20489" /><F9/><N who="3" m="4143" /><G121/><T32/><D27/><U70/><E70/><V87/><F103/><W95/><G95/><T15/><D15/><N who="1" m="9599" /><E110/><V1/><F1/><W96/><G96/><N who="0" m="57359" /><D32/><U77/><E7/><V38/><F38/><AGARI ba="2,0" hai="6,11,13,38,43,45,90,91" m="4143,41545" machi="38" ten="30,3900,0" yaku="14,1,52,2" doraHai="86" who="3" fromWho="2" sc="225,0,316,0,265,-45,194,45" /><INIT seed="2,0,0,3,1,91" ten="225,316,220,239" oya="2" hai0="92,6,113,108,54,42,46,2,81,41,82,110,50" hai1="97,38,20,127,63,116,111,124,133,94,61,114,72" hai2="5,52,56,67,85,99,62,107,100,102,64,39,104" hai3="48,55,80,60,77,37,131,89,76,105,32,35,16"/><V125/><F39/><W9/><G105/><T7/><D113/><U66/><E114/><V59/><F125/><N who="1" m="48201" /><E116/><V15/><F85/><W28/><G37/><T75/><D2/><U78/><E38/><V1/><F1/><W13/><G131/><T118/><D118/><U47/><E47/><V117/><F117/><W70/><G28/><T115/><D115/><U126/><E63/><V65/><F5/><N who="0" m="1546" /><D92/><U18/><E78/><V27/><F15/><W88/><G70/><T23/><D23/><U21/><E21/><V68/><F27/><W106/><G60/><T0/><D0/><U49/><E49/><V11/><F11/><W74/><G106/><T121/><D121/><U53/><E53/><V36/><F36/><W112/><G77/><T51/><D75/><U119/><E72/><V122/><F122/><W103/><G103/><T134/><D134/><U10/><E10/><V40/><F40/><N who="0" m="15466" /><D82/><U128/><E133/><V87/><F87/><W58/><REACH who="3" step="1"/><G112/><REACH who="3" ten="225,316,220,229" step="2"/><T84/><D108/><U22/><E111/><V8/><F68/><W132/><G132/><T90/><D110/><U86/><E119/><V12/><F102/><W26/><G26/><T19/><D51/><U25/><E128/><V34/><F107/><W57/><G57/><T43/><D19/><U4/><E4/><N who="2" m="3079" /><F59/><W14/><G14/><T31/><D31/><U109/><E109/><V101/><F101/><W29/><G29/><T79/><D79/><U45/><E18/><V129/><F129/><W93/><G93/><T44/><D44/><U120/><N who="1" m="48209" /><U96/><DORA hai="98" /><E25/><V69/><F69/><RYUUKYOKU ba="0,1" sc="225,10,316,-30,220,10,229,10" hai0="43,46,50,54,81,84,90" hai2="34,52,56,62,64,65,67,99,100,104" hai3="9,13,16,32,35,48,55,58,74,76,80,88,89" /><INIT seed="2,1,1,3,3,69" ten="235,286,230,239" oya="2" hai0="48,44,108,126,50,59,117,123,65,54,35,72,132" hai1="135,125,78,76,84,116,36,19,37,47,120,124,102" hai2="127,31,61,38,70,8,98,46,42,12,62,29,27" hai3="134,53,60,15,25,106,113,71,2,95,39,87,80"/><V129/><F129/><W34/><G113/><T22/><D35/><U13/><E116/><V118/><F118/><W68/><G106/><T115/><D72/><U32/><E32/><V107/><F127/><N who="1" m="48713" /><E135/><V119/><F119/><W28/><G2/><T67/><D126/><U112/><E112/><V94/><F107/><W82/><G134/><T133/><D117/><U88/><E102/><V104/><F104/><W83/><G15/><T92/><D22/><N who="1" m="11631" /><E47/><V16/><F70/><W81/><G39/><N who="1" m="14922" /><E120/><V55/><F55/><W52/><G95/><AGARI ba="1,1" hai="76,78,84,88,95" m="14922,11631,48713" machi="95" ten="30,8000,1" yaku="18,1,52,3,54,1" doraHai="69" who="1" fromWho="3" sc="235,0,286,93,230,0,239,-83" /><INIT seed="3,0,0,5,1,99" ten="235,379,230,156" oya="3" hai0="58,133,131,97,8,106,68,71,11,6,108,61,75" hai1="134,111,121,132,67,46,102,24,38,93,37,14,56" hai2="77,127,112,33,20,90,119,128,48,45,73,100,89" hai3="5,103,94,29,135,47,4,63,118,18,62,19,42"/><W123/><G118/><T64/><D75/><U52/><E121/><V23/><F33/><W129/><G123/><T1/><D108/><U16/><E111/><V34/><F34/><W32/><G135/><N who="1" m="51754" /><E24/><V69/><F119/><W65/><G129/><T88/><D133/><U98/><E46/><V130/><F112/><W49/><G32/><T104/><D131/><N who="2" m="50218" /><F69/><W31/><G5/><T43/><D43/><U107/><E107/><V105/><F127/><W36/><G36/><T80/><D11/><N who="1" m="6239" /><E67/><V96/><F77/><W9/><G9/><T53/><D71/><U30/><E30/><N who="3" m="11274" /><G4/><T125/><D125/><U51/><AGARI ba="0,0" hai="37,38,51,52,56,93,98,102" m="6239,51754" machi="51" ten="30,7900,0" yaku="20,1,52,1,54,2" doraHai="99" who="1" fromWho="1" sc="235,-20,379,79,230,-20,156,-39" owari="215,2.0,458,55.0,210,-19.0,117,-38.0" /></mjloggm>