<mjloggm ver="2.3"><GO type="41" lobby="0"/><UN n0="%63%72%61%7A%79%E6%B8%A1%E6%B5%B7" n1="%44%2D%4A%4F%48%4E%4E%59" n2="%E5%B0%B1%E6%B4%BB%E7%94%9F%40%E5%B7%9D%E6%9D%91%E8%BB%8D%E5%9B%A3" n3="%4F%5A%4B%59" dan="15,14,15,14" rate="1939.46,2017.76,2029.29,1997.52" sx="M,M,M,M"/><TAIKYOKU oya="0"/><INIT seed="0,0,0,3,5,81" ten="250,250,250,250" oya="0" hai0="96,86,1,114,112,128,36,3,18,97,30,107,120" hai1="26,90,92,63,69,44,46,2,77,11,45,43,101" hai2="109,66,99,32,24,78,134,111,10,31,119,49,76" hai3="127,73,12,94,67,74,85,131,71,5,4,129,102"/><T132/><D120/><U100/><E77/><V125/><F119/><W87/><G127/><T115/><D36/><U54/><E43/><V33/><F33/><W21/><G71/><T25/><D128/><N who="3" m="49225" /><G67/><T121/><D121/><U84/><E69/><V110/><F125/><W135/><G135/><T37/><D37/><U93/><E2/><V117/><F117/><W14/><G102/><T64/><D132/><U27/><E11/><V75/><F134/><W103/><G103/><N who="1" m="39498" /><E93/><V72/><F99/><W60/><G60/><T124/><D124/><U48/><E63/><V35/><F35/><W41/><G41/><T122/><D122/><U50/><E50/><V105/><F105/><W82/><G94/><T88/><D64/><U0/><E0/><V126/><F66/><W106/><G106/><T62/><D62/><U123/><E123/><V130/><F130/><W38/><G38/><T58/><D58/><AGARI ba="0,0" hai="26,27,44,45,46,48,54,58,84,90,92" m="39498" machi="58" ten="30,2000,0" yaku="8,1,52,1" doraHai="81" who="1" fromWho="0" sc="250,-20,250,20,250,0,250,0" /><INIT seed="1,0,0,2,3,29" ten="230,270,250,250" oya="1" hai0="18,110,57,0,12,81,100,61,56,33,132,109,65" hai1="46,7,130,30,49,106,8,99,54,22,104,96,60" hai2="34,74,71,67,97,52,15,10,37,16,13,114,125" hai3="108,41,44,23,92,102,127,93,115,83,43,94,87"/><U122/><E122/><V62/><F114/><W91/><G115/><T40/><D0/><U4/><E106/><V117/><F117/><W51/><G108/><T95/><D132/><U14/><E104/><V48/><F125/><W63/><G127/><T25/><D40/><U35/><E130/><V27/><F74/><W116/><G116/><T3/><D3/><U90/><E7/><V50/><F37/><W2/><G2/><T1/><D1/><U17/><E60/><V24/><F50/><W124/><G124/><T76/><D109/><U112/><E112/><V86/><F97/><W103/><G43/><T72/><D110/><U59/><E46/><V55/><F55/><W69/><G69/><T32/><D25/><U58/><E58/><V107/><F107/><W75/><G75/><T19/><D19/><U113/><E90/><V66/><F66/><W78/><G78/><T5/><D5/><U11/><E113/><V133/><F34/><W20/><G63/><T9/><REACH who="0" step="1"/><D57/><REACH who="0" ten="220,270,250,250" step="2"/><U135/><E135/><V45/><F133/><W101/><AGARI ba="0,1" hai="20,23,41,44,51,83,87,91,92,93,94,101,102,103" machi="101" ten="30,2000,0" yaku="0,1,8,1" doraHai="29" who="3" fromWho="3" sc="220,-5,270,-10,250,-5,250,30" /><INIT seed="2,0,0,1,3,113" ten="215,260,245,280" oya="2" hai0="90,4,99,29,131,97,48,54,124,105,107,51,72" hai1="75,34,63,38,73,93,40,103,127,81,77,112,67" hai2="135,101,85,20,118,6,14,119,58,33,102,9,104" hai3="46,27,37,28,39,32,44,106,108,35,126,91,13"/><V70/><F33/><W62/><G106/><T22/><D72/><U129/><E112/><V50/><F70/><W2/><G2/><T100/><D131/><U53/><E129/><V23/><F135/><W83/><G108/><T42/><D124/><U64/><E127/><V43/><F85/><W65/><G126/><T120/><D120/><U76/><E34/><V5/><F5/><W36/><G35/><T123/><D123/><U92/><E53/><V21/><F104/><W8/><G91/><T66/><D66/><U121/><E121/><V96/><F96/><W57/><REACH who="3" step="1"/><G83/><REACH who="3" ten="215,260,245,270" step="2"/><T132/><D90/><U89/><E81/><V15/><F15/><W71/><G71/><T128/><D105/><U80/><E89/><V0/><F0/><W122/><G122/><T74/><D107/><U16/><E80/><V17/><F101/><W133/><G133/><T84/><D100/><U56/><E103/><V114/><F102/><W110/><G110/><T10/><D132/><U30/><E76/><V111/><F111/><W82/><G82/><T24/><D128/><U87/><E77/><V19/><F114/><W115/><G115/><T68/><D68/><U88/><E88/><V11/><F11/><W7/><AGARI ba="0,1" hai="7,8,13,27,28,32,36,37,39,44,46,57,62,65" machi="7" ten="30,2000,0" yaku="1,1,0,1,53,0" doraHai="113" doraHaiUra="18" who="3" fromWho="3" sc="215,-5,260,-5,245,-10,270,30" /><INIT seed="3,0,0,0,5,132" ten="210,255,235,300" oya="3" hai0="6,130,92,35,89,49,44,71,87,19,66,1,101" hai1="81,8,85,79,135,12,36,5,0,33,57,10,102" hai2="122,43,78,75,98,68,73,131,42,31,82,117,13" hai3="83,64,111,65,128,23,104,60,47,123,97,14,62"/><W114/><G123/><T21/><D35/><U32/><E135/><V30/><F117/><W11/><G114/><T133/><D133/><U52/><E102/><V63/><F131/><W93/><G104/><T84/><D130/><U109/><E36/><V108/><F108/><W22/><G128/><T100/><D71/><U16/><E109/><V121/><F98/><W91/><G111/><T118/><D118/><U115/><E115/><V112/><F112/><W26/><G47/><T20/><D66/><N who="3" m="25705" /><G83/><T37/><D37/><U34/><E34/><V18/><F68/><W74/><G74/><T70/><D70/><U9/><E8/><V105/><F73/><W96/><G96/><T125/><D1/><U90/><E79/><V55/><F105/><W46/><G46/><T103/><D6/><U54/><E54/><V134/><F134/><W99/><G99/><T59/><D59/><U88/><E90/><V107/><F107/><W76/><G76/><T80/><D19/><U40/><E40/><V17/><F43/><W127/><G127/><T48/><D48/><AGARI ba="0,0" hai="0,5,9,10,12,16,32,33,48,52,57,81,85,88" machi="48" ten="30,7700,0" yaku="7,1,54,3" doraHai="132" who="1" fromWho="0" sc="210,-77,255,77,235,0,300,0" /><INIT seed="4,0,0,0,0,76" ten="133,332,235,300" oya="0" hai0="97,115,56,30,61,128,81,7,48,87,8,130,50" hai1="57,135,63,49,70,35,92,78,119,101,121,113,127" hai2="6,118,71,66,112,4,100,58,122,17,93,34,15" hai3="67,24,37,133,68,25,38,91,10,65,74,99,51"/><T75/><D75/><U96/><E35/><V131/><F71/><W31/><G74/><T123/><D123/><U95/><E121/><V132/><F34/><W79/><G133/><T9/><D30/><U94/><E135/><V105/><F105/><W19/><G79/><T90/><D115/><U84/><E113/><V62/><F112/><W110/><G110/><T3/><D8/><U104/><E119/><V64/><F122/><W52/><G99/><T77/><D48/><U44/><E70/><V111/><F111/><W45/><G91/><T0/><D0/><U55/><E127/><V83/><F131/><N who="0" m="50218" /><D50/><U59/><E104/><V12/><F66/><W41/><G68/><T26/><D26/><U120/><E120/><V89/><F15/><W82/><G82/><N who="0" m="49527" /><D97/><U106/><E59/><V14/><F14/><W107/><G37/><T40/><D40/><U114/><E114/><V46/><F132/><W39/><G38/><T108/><D108/><U11/><E11/><N who="2" m="6303" /><F118/><W28/><G39/><T109/><D109/><U53/><E106/><V116/><F116/><W85/><G107/><T103/><D103/><U2/><E2/><V13/><F100/><W42/><G41/><T80/><D77/><U23/><E23/><V73/><F13/><W88/><G10/><T69/><D69/><U5/><E5/><V86/><F4/><W124/><G42/><T125/><D125/><U18/><E18/><V134/><F6/><W126/><G124/><T43/><D43/><U33/><E33/><V117/><F117/><W21/><G126/><T20/><D20/><U22/><E22/><RYUUKYOKU ba="0,0" sc="133,15,332,15,235,-15,300,-15" hai0="3,7,9,56,61,80,81" hai1="44,49,53,55,57,63,78,84,92,94,95,96,101" /><INIT seed="4,1,0,1,1,132" ten="148,347,220,285" oya="0" hai0="22,59,76,130,7,98,41,19,83,1,15,70,118" hai1="116,13,73,53,93,0,106,48,18,88,104,25,66" hai2="47,37,96,14,17,92,5,109,89,74,77,125,36" hai3="56,38,121,114,44,124,35,28,67,43,97,134,4"/><T71/><D118/><U40/><E73/><V50/><F109/><W52/><G134/><T102/><D130/><U39/><E116/><V63/><F5/><W45/><G114/><T133/><D133/><U33/><E0/><V82/><F63/><W90/><G124/><T79/><D79/><U24/><E66/><V30/><F30/><W34/><G121/><T86/><D41/><U113/><E113/><V94/><F125/><W87/><G67/><T120/><D120/><U126/><E126/><V58/><F58/><W9/><G97/><T10/><REACH who="0" step="1"/><D59/><REACH who="0" ten="138,347,220,285" step="2"/><U46/><E40/><V115/><F115/><W91/><G56/><T8/><D8/><U62/><E33/><V135/><F135/><W64/><G35/><T68/><D68/><U129/><E129/><V57/><F57/><W49/><G34/><T42/><D42/><U32/><E32/><V80/><F36/><W16/><G9/><T111/><D111/><U131/><E39/><V61/><F37/><W85/><G43/><T99/><D99/><U108/><E131/><V21/><F61/><W110/><G38/><T101/><D101/><U95/><E108/><V27/><F96/><W2/><G110/><T81/><D81/><U54/><E62/><V60/><F60/><W6/><G64/><T51/><D51/><U107/><E54/><V55/><F82/><W117/><G49/><T11/><D11/><U65/><E65/><V100/><F100/><W26/><G52/><T112/><D112/><U105/><E95/><AGARI ba="1,1" hai="1,7,10,15,19,22,70,71,76,83,86,95,98,102" machi="95" ten="30,5800,0" yaku="1,1,7,1,53,1" doraHai="132" doraHaiUra="12" who="0" fromWho="1" sc="138,71,347,-61,220,0,285,0" /><INIT seed="4,2,0,1,1,3" ten="209,286,220,285" oya="0" hai0="27,90,36,80,62,44,116,28,74,122,7,18,63" hai1="42,52,69,132,103,126,21,112,123,119,58,72,33" hai2="92,85,88,73,91,64,70,57,6,121,114,84,87" hai3="54,120,16,24,37,40,41,130,81,128,34,97,53"/><T98/><D116/><U11/><E69/><V129/><F70/><W94/><G120/><T39/><D122/><U101/><E123/><V107/><F107/><W20/><G34/><T1/><D36/><U25/><E72/><V59/><F73/><W14/><G81/><T29/><D29/><U99/><E119/><V30/><F121/><W86/><G86/><N who="2" m="33385" /><F129/><N who="3" m="49771" /><G24/><T109/><D109/><U12/><E112/><V127/><F127/><W50/><G37/><T55/><D98/><U125/><E42/><N who="3" m="16490" /><G50/><T117/><D117/><U47/><E33/><V110/><F30/><W76/><G76/><N who="0" m="44055" /><D18/><U49/><E47/><V61/><F114/><W113/><G113/><T46/><D90/><AGARI ba="2,0" hai="14,16,20,53,54,90,94,97" m="16490,49771" machi="90" ten="30,2000,0" yaku="19,1,54,1" doraHai="3" who="3" fromWho="0" sc="209,-26,286,0,220,0,285,26" /><INIT seed="5,0,0,0,1,51" ten="183,286,220,311" oya="1" hai0="99,108,104,32,31,45,82,40,67,118,3,103,62" hai1="71,18,61,91,42,83,132,111,54,27,17,48,59" hai2="26,46,64,6,127,75,8,88,74,101,73,35,93" hai3="122,4,120,115,72,68,85,130,135,22,78,0,134"/><U112/><E132/><N who="3" m="50730" /><G68/><T57/><D108/><U77/><E111/><V66/><F127/><W70/><G70/><T117/><D3/><U90/><E112/><V20/><F35/><W60/><G60/><T43/><D43/><U86/><E18/><V10/><F46/><W94/><G115/><T129/><D129/><U95/><E71/><V49/><F49/><W106/><G106/><T28/><D28/><U110/><E110/><V97/><F101/><W37/><G37/><T11/><D11/><U109/><E109/><V81/><F81/><N who="3" m="45255" /><G22/><T124/><D124/><U2/><E2/><V131/><F131/><W29/><G29/><T80/><D80/><U100/><E42/><V58/><F6/><W133/><G130/><T39/><D32/><U113/><E113/><V107/><F107/><W52/><G0/><T53/><D31/><U21/><E61/><V114/><F114/><W23/><G23/><T65/><REACH who="0" step="1"/><D82/><REACH who="0" ten="173,286,220,311" step="2"/><U34/><E34/><V16/><F8/><W44/><G133/><T125/><D125/><U14/><E27/><V89/><F10/><W50/><G4/><T79/><D79/><U9/><E9/><V63/><REACH who="2" step="1"/><F89/><AGARI ba="0,1" hai="44,50,52,85,89,94,120,122" m="45255,50730" machi="89" ten="30,3900,0" yaku="20,1,52,1,54,1" doraHai="51" who="3" fromWho="2" sc="173,0,286,0,220,-39,311,49" /><INIT seed="6,0,0,0,0,32" ten="173,286,181,360" oya="2" hai0="30,51,31,18,15,39,59,14,83,63,95,52,110" hai1="114,35,66,108,111,40,72,16,22,87,101,62,56" hai2="20,85,64,69,107,61,124,38,54,68,7,106,121" hai3="120,88,98,76,13,119,55,91,1,46,75,29,132"/><V86/><F121/><W89/><G119/><T131/><D39/><U92/><E35/><V12/><F38/><W70/><G120/><T21/><D110/><U41/><E72/><V27/><F124/><W97/><G70/><T103/><D131/><U44/><E114/><V78/><F69/><W99/><G1/><T79/><D14/><U122/><E122/><V118/><F118/><W6/><G132/><T82/><D82/><U5/><E5/><V57/><F106/><W24/><G76/><T19/><D19/><U9/><E9/><V96/><F107/><W71/><G75/><T94/><D94/><U102/><E111/><V50/><F78/><W23/><G71/><T11/><D11/><U60/><E60/><V28/><REACH who="2" step="1"/><F96/><REACH who="2" ten="173,286,171,360" step="2"/><W127/><G127/><T10/><D79/><U133/><E108/><V117/><F117/><W126/><G126/><T116/><D116/><U134/><E133/><V2/><F2/><W8/><G99/><N who="0" m="59903" /><D83/><U17/><E134/><V47/><F47/><W65/><G98/><T53/><D21/><U128/><E128/><V123/><F123/><W49/><G97/><T90/><D90/><N who="1" m="53343" /><E44/><AGARI ba="0,1" hai="10,15,18,30,31,44,51,52,53,59,63" m="59903" machi="44" ten="30,2000,0" yaku="8,1,54,1" doraHai="32" who="0" fromWho="1" sc="173,30,286,-20,171,0,360,0" /><INIT seed="7,0,0,0,0,0" ten="203,266,171,360" oya="3" hai0="2,110,28,16,20,71,44,19,67,133,39,90,36" hai1="69,24,30,109,59,135,13,60,52,81,97,129,42" hai2="132,105,12,82,106,8,117,80,22,108,99,131,83" hai3="112,134,43,85,29,63,116,88,78,18,6,1,98"/><W107/><G116/><T93/><D110/><U27/><E109/><V92/><F108/><W94/><G112/><T95/><D133/><U33/><E135/><V50/><F117/><W73/><G134/><T47/><D2/><U32/><E42/><V17/><F132/><W77/><G29/><T66/><D28/><U72/><E129/><V115/><F131/><W91/><G73/><T34/><D71/><U26/><E33/><V79/><F115/><W89/><G43/><T53/><D20/><U111/><E111/><V119/><F119/><W55/><G107/><T57/><D34/><U11/><E97/><V96/><F79/><W3/><G18/><T7/><D57/><U121/><E121/><V113/><F113/><W54/><G63/><T58/><D58/><U76/><REACH who="1" step="1"/><E69/><REACH who="1" ten="203,256,171,360" step="2"/><V124/><F124/><W123/><G98/><T45/><D45/><U70/><E70/><V49/><F96/><W35/><G35/><T101/><D101/><U68/><E68/><V5/><F106/><W118/><G123/><T125/><D125/><U86/><E86/><V104/><F104/><W38/><G85/><T51/><D51/><U122/><E122/><V48/><F105/><W75/><G118/><T102/><D102/><U126/><E126/><V9/><REACH who="2" step="1"/><F5/><AGARI ba="0,1" hai="5,11,13,24,26,27,30,32,52,59,60,72,76,81" machi="5" ten="30,7700,0" yaku="1,1,7,1,52,1,54,1,53,0" doraHai="0" doraHaiUra="41" who="1" fromWho="2" sc="203,0,256,87,171,-77,360,0" owari="203,-20.0,343,14.0,94,-41.0,360,47.0" /></mjloggm>