<mjloggm ver="2.3"><GO type="169" lobby="0"/><UN n0="%28%5E%5E%5E%29" n1="%6C%69%62%72%61%72%79" n2="%E3%82%A6%E3%83%AB%E3%83%88%E3%83%A9%E7%AB%8B%E7%9B%B4" n3="%4A%E3%83%BB%E3%82%AF%E3%83%AD%E3%82%B9" dan="16,16,17,16" rate="2000.50,2048.24,2187.02,2081.23" sx="M,M,M,M"/><TAIKYOKU oya="0"/><INIT seed="0,0,0,0,4,52" ten="250,250,250,250" oya="0" hai0="75,48,58,38,70,21,47,73,89,127,8,108,101" hai1="56,16,88,60,80,77,66,100,35,130,121,134,93" hai2="3,1,69,83,102,132,2,30,15,128,54,62,59" hai3="41,4,74,39,92,107,78,40,55,87,25,51,112"/><T96/><D127/><U22/><E121/><V7/><F128/><W98/><G112/><T53/><D70/><U28/><E130/><V91/><F132/><W72/><G4/><T31/><D8/><U124/><E134/><V126/><F126/><W24/><G72/><T129/><D129/><U44/><E124/><V99/><F30/><W84/><G84/><T109/><D89/><U114/><E114/><V12/><F7/><W118/><G118/><T105/><D31/><U117/><E117/><V97/><F69/><W34/><G34/><T79/><D21/><U11/><E100/><V9/><F9/><W46/><G74/><T116/><D116/><U119/><E119/><V68/><F68/><W37/><G37/><T57/><D38/><U65/><E44/><V23/><F23/><W43/><G107/><T125/><D125/><U135/><E135/><V27/><F27/><W76/><G39/><T36/><D36/><U103/><E103/><V110/><F110/><N who="0" m="42602" /><D73/><U32/><E11/><V14/><REACH who="2" step="1"/><F102/><REACH who="2" ten="250,250,240,250" step="2"/><N who="3" m="60743" /><G25/><T63/><D63/><U120/><E35/><V61/><F61/><W33/><G24/><T0/><D0/><U10/><E32/><V18/><F18/><W86/><G33/><T71/><D71/><U17/><E10/><V19/><F19/><W64/><G64/><T49/><D49/><U106/><E65/><V50/><F50/><W81/><G51/><T45/><D45/><U104/><E66/><V82/><F82/><AGARI ba="0,1" hai="47,48,53,57,58,75,79,82,96,101,105" m="42602" machi="82" ten="30,11600,0" yaku="14,1,10,1,52,2" doraHai="52" who="0" fromWho="2" sc="250,126,250,0,240,-116,250,0" /><INIT seed="0,1,0,0,5,91" ten="376,250,124,250" oya="0" hai0="11,61,17,126,31,53,41,46,16,118,26,10,85" hai1="117,97,68,135,20,63,107,43,76,77,88,5,122" hai2="106,29,56,21,59,74,2,9,71,57,89,83,72" hai3="98,12,48,75,4,102,66,100,78,34,25,110,105"/><T42/><D118/><U50/><E117/><V14/><F106/><W114/><G114/><T30/><D126/><U40/><E122/><V112/><F71/><W99/><G110/><T119/><D119/><U19/><E135/><V44/><F112/><W24/><G66/><T58/><D85/><U22/><E5/><V86/><F44/><W8/><G34/><T60/><D60/><U36/><E36/><V132/><F132/><W104/><G48/><N who="0" m="26711" /><D41/><U54/><E68/><V65/><F65/><W47/><G47/><T129/><D129/><U87/><E63/><V15/><F2/><W127/><G127/><T69/><D69/><U120/><E120/><V37/><F37/><W70/><G70/><T90/><D90/><U7/><E107/><V81/><F81/><AGARI ba="1,0" hai="4,8,12,24,25,75,78,81,98,99,100,102,104,105" machi="81" ten="40,1300,0" yaku="9,1" doraHai="91" who="3" fromWho="2" sc="376,0,250,0,124,-16,250,16" /><INIT seed="1,0,0,2,3,111" ten="376,250,108,266" oya="1" hai0="52,132,95,116,56,30,100,65,2,123,91,61,48" hai1="96,24,67,133,42,114,79,80,22,110,39,18,81" hai2="87,124,13,64,131,60,32,36,8,107,62,37,16" hai3="89,11,118,117,82,75,50,97,0,76,5,46,53"/><U68/><E114/><V10/><F124/><W128/><REACH who="3" step="1"/><G128/><REACH who="3" ten="376,250,108,256" step="2"/><T29/><D116/><U105/><E110/><V109/><F131/><W21/><G21/><T23/><D23/><U115/><E115/><V108/><F32/><W113/><G113/><T9/><D123/><U58/><E133/><V19/><F109/><W4/><G4/><T14/><D132/><U44/><E68/><V103/><F108/><W70/><G70/><T122/><D122/><U129/><E129/><V90/><F8/><W7/><G7/><N who="0" m="3391" /><D2/><U47/><E47/><V59/><F19/><W34/><G34/><T125/><D125/><U57/><E67/><V17/><F17/><W6/><G6/><T26/><D26/><U106/><E80/><V102/><F62/><W3/><G3/><T33/><D33/><U40/><E40/><V51/><F60/><W54/><G54/><T134/><D134/><U78/><E81/><V121/><F64/><W112/><G112/><T98/><D65/><U69/><E69/><V74/><F121/><W120/><G120/><T49/><D61/><U72/><E24/><V35/><F35/><W93/><AGARI ba="0,1" hai="0,5,11,46,50,53,75,76,82,89,93,97,117,118" machi="93" ten="30,4000,0" yaku="21,2,0,1,53,0" doraHai="111" doraHaiUra="99" who="3" fromWho="3" sc="376,-10,250,-20,108,-10,256,50" /><INIT seed="2,0,0,3,2,74" ten="366,230,98,306" oya="2" hai0="76,81,104,119,129,17,35,108,115,134,73,70,121" hai1="9,2,78,48,85,72,132,28,112,26,66,80,38" hai2="101,59,89,60,4,61,55,16,65,3,110,30,40" hai3="62,118,131,117,96,13,46,79,12,34,75,111,126"/><V53/><F110/><W36/><G34/><T77/><D77/><U57/><E112/><V32/><F101/><W21/><G111/><T6/><D6/><U10/><E132/><V102/><F102/><W15/><G131/><T41/><D41/><U22/><E38/><V47/><F32/><W123/><G123/><T88/><D76/><U5/><E10/><V19/><F30/><W64/><G126/><T86/><D88/><U97/><E97/><V49/><F3/><W90/><G21/><T33/><D86/><U27/><E27/><V125/><F4/><W45/><G96/><T133/><D81/><U84/><E66/><V95/><F125/><W18/><G18/><T120/><D17/><U109/><E109/><V8/><F8/><W82/><G90/><T31/><D31/><U103/><E103/><V94/><F94/><W44/><REACH who="3" step="1"/><G36/><REACH who="3" ten="366,230,98,296" step="2"/><T93/><D35/><U69/><E22/><V128/><F128/><W37/><G37/><T113/><D121/><U91/><E91/><V92/><F92/><W105/><G105/><T135/><D93/><U24/><E80/><V51/><F95/><W39/><G39/><T14/><D135/><U56/><E28/><V124/><F89/><W67/><G67/><T83/><D134/><U43/><E5/><V122/><F122/><W29/><G29/><T7/><D120/><U114/><E114/><V87/><F124/><W25/><G25/><T68/><D115/><U100/><E24/><V50/><F65/><W11/><G11/><T23/><D113/><U54/><E26/><V106/><F106/><W116/><G116/><RYUUKYOKU ba="0,1" sc="366,-10,230,-10,98,-10,296,30" hai3="12,13,15,44,45,46,62,64,75,79,82,117,118" /><INIT seed="3,1,1,3,4,73" ten="356,220,88,326" oya="3" hai0="70,8,107,85,118,102,36,108,124,112,109,42,20" hai1="4,40,127,94,58,116,2,18,47,56,23,51,97" hai2="50,84,95,54,98,90,65,61,103,131,88,57,122" hai3="133,75,35,30,126,80,69,86,38,13,62,99,82"/><W14/><G38/><T132/><D118/><U60/><E127/><V49/><F131/><W15/><G126/><T25/><D124/><U10/><E60/><V46/><F122/><W55/><G133/><T22/><D132/><U68/><E68/><V0/><F0/><W24/><G99/><N who="0" m="61919" /><D85/><U96/><E96/><V37/><F37/><W29/><G29/><T115/><D8/><U104/><E104/><V34/><F34/><W28/><G28/><N who="0" m="17447" /><D22/><U63/><E63/><V117/><F117/><W9/><G75/><T113/><D70/><U71/><E71/><V106/><F90/><W53/><G9/><T17/><D17/><U12/><E116/><V48/><REACH who="2" step="1"/><F106/><REACH who="2" ten="356,220,78,326" step="2"/><W21/><G35/><T19/><D115/><U129/><E129/><V43/><F43/><W66/><REACH who="3" step="1"/><G82/><REACH who="3" ten="356,220,78,316" step="2"/><T41/><D113/><U130/><E130/><V100/><F100/><AGARI ba="1,3" hai="2,4,10,12,18,23,40,47,51,56,58,94,97,100" machi="100" ten="30,1000,0" yaku="7,1" doraHai="73" who="1" fromWho="2" sc="356,0,220,43,78,-13,316,0" /><INIT seed="4,0,0,1,2,134" ten="356,263,65,316" oya="0" hai0="98,67,15,20,19,62,36,86,129,131,85,93,121" hai1="125,70,11,66,52,105,120,3,68,58,33,103,31" hai2="91,118,16,22,56,97,79,48,44,101,88,74,124" hai3="92,54,114,14,102,84,50,18,0,126,82,26,7"/><T100/><D121/><U128/><E120/><V8/><F118/><W107/><G114/><T75/><D36/><U106/><E128/><N who="0" m="49225" /><D75/><U80/><E80/><V17/><F56/><AGARI ba="0,0" hai="15,19,20,56,62,67,85,86,93,98,100" m="49225" machi="56" ten="30,1500,0" yaku="19,1" doraHai="134" who="0" fromWho="2" sc="356,15,263,0,65,-15,316,0" /><INIT seed="4,1,0,2,5,100" ten="371,263,50,316" oya="0" hai0="58,77,106,78,103,128,22,46,44,76,49,118,39" hai1="16,104,132,65,87,74,18,71,70,7,121,6,134" hai2="50,69,108,95,66,14,31,3,1,45,40,122,109" hai3="91,135,133,86,24,73,113,11,85,15,33,80,34"/><T61/><D118/><U67/><E74/><V54/><F122/><W23/><G113/><T51/><D128/><U112/><E87/><V94/><F31/><W26/><G73/><T79/><D79/><U127/><E127/><V28/><F28/><W37/><G37/><T93/><D22/><U123/><E112/><V90/><F14/><W110/><G110/><T56/><D106/><AGARI ba="1,0" hai="6,7,16,18,65,67,70,71,104,106,121,123,132,134" machi="106" ten="25,8000,1" yaku="22,2,52,2,54,1" doraHai="100" who="1" fromWho="0" sc="371,-83,263,83,50,0,316,0" /><INIT seed="5,0,0,3,1,28" ten="288,346,50,316" oya="1" hai0="99,16,76,93,54,109,107,22,4,20,79,66,108" hai1="101,130,132,120,35,94,57,69,0,9,6,90,106" hai2="45,39,131,30,119,58,113,100,37,48,104,82,5" hai3="21,17,117,10,127,92,64,67,12,129,59,111,31"/><U34/><E69/><V15/><F119/><W24/><G111/><T36/><D107/><U123/><E130/><V29/><F131/><W72/><G72/><T122/><D122/><U26/><E132/><V78/><F113/><W110/><G110/><T51/><D66/><U135/><E135/><V125/><F125/><W128/><G129/><T19/><D4/><U55/><E101/><V85/><F39/><W96/><G127/><T42/><D36/><U47/><E47/><V74/><F74/><W97/><G128/><T53/><D42/><U126/><E106/><V40/><F37/><W105/><G117/><T23/><D108/><U52/><E55/><V2/><F2/><W86/><G105/><T68/><D68/><U89/><E89/><V124/><F124/><W114/><G114/><T91/><D109/><U83/><E83/><V134/><F134/><W32/><G32/><T116/><D116/><U70/><E70/><V112/><F112/><W60/><G67/><T87/><D54/><U73/><E73/><V27/><F58/><W49/><G49/><T98/><D98/><U133/><E133/><V95/><F104/><W71/><G71/><T43/><D43/><U11/><E11/><N who="2" m="4591" /><F27/><W80/><REACH who="3" step="1"/><G92/><REACH who="3" ten="288,346,50,306" step="2"/><T41/><D41/><U84/><E126/><V25/><F25/><W62/><G62/><T102/><D76/><AGARI ba="0,1" hai="10,12,17,21,24,31,59,60,64,76,80,86,96,97" machi="76" ten="30,3900,0" yaku="1,1,7,1,8,1,53,0" doraHai="28" doraHaiUra="88" who="3" fromWho="0" sc="288,-39,346,0,50,0,306,49" /><INIT seed="6,0,0,5,2,55" ten="249,346,50,355" oya="2" hai0="91,48,78,15,133,19,27,134,57,18,2,74,94" hai1="12,79,35,124,115,110,65,129,26,127,112,128,54" hai2="95,120,29,122,86,92,63,97,67,106,130,64,118" hai3="96,58,103,111,89,60,52,53,24,21,61,7,17"/><V20/><F118/><W38/><G38/><T1/><D78/><U42/><E79/><V50/><F130/><N who="1" m="50281" /><E110/><V98/><F106/><W90/><G7/><T68/><D68/><U23/><E42/><V104/><F104/><W108/><G108/><T123/><D27/><U16/><E54/><V25/><F50/><W109/><G109/><T56/><D19/><N who="1" m="12671" /><E35/><V83/><F120/><W5/><G5/><T22/><D48/><U88/><E88/><N who="2" m="51295" /><F122/><W70/><G70/><T8/><D74/><U66/><E66/><N who="2" m="25131" /><F63/><W102/><G111/><T34/><D34/><U116/><E65/><V81/><F81/><W105/><G103/><T14/><D123/><U4/><E116/><V125/><F125/><N who="1" m="48201" /><E4/><V49/><F49/><W39/><G39/><T31/><D31/><U32/><E32/><V100/><F100/><W119/><G119/><T132/><D2/><U51/><E51/><V87/><F87/><W82/><G82/><T76/><D1/><U117/><E117/><V6/><F6/><W10/><G10/><AGARI ba="0,0" hai="10,12,16,112,115" m="48201,12671,50281" machi="10" ten="30,8000,1" yaku="19,1,18,1,34,2,54,1" doraHai="55" who="1" fromWho="3" sc="249,0,346,80,50,0,355,-80" /><INIT seed="7,0,0,1,1,58" ten="249,426,50,275" oya="3" hai0="78,50,3,82,85,117,26,12,108,86,83,103,13" hai1="118,106,132,8,128,94,101,4,16,75,46,9,112" hai2="44,61,21,121,22,99,125,126,68,120,28,19,34" hai3="119,10,92,25,36,70,90,135,40,62,64,114,122"/><W130/><G119/><T97/><D108/><U35/><E94/><V20/><F44/><W45/><G122/><T77/><D117/><U6/><E75/><V14/><F99/><W38/><G114/><T104/><D3/><U29/><E101/><V47/><F47/><W2/><G135/><T33/><REACH who="0" step="1"/><D50/><REACH who="0" ten="239,426,50,275" step="2"/><U41/><E118/><V109/><F61/><W37/><G130/><T56/><D56/><U59/><E41/><V11/><F68/><W93/><G93/><T17/><D17/><U67/><E8/><V1/><F1/><W129/><G129/><T79/><D79/><U39/><E67/><V105/><F105/><W65/><G65/><T81/><D81/><U98/><E35/><V113/><F113/><W76/><G76/><T43/><D43/><U24/><E98/><V48/><F48/><W87/><REACH who="3" step="1"/><G25/><REACH who="3" ten="239,426,50,265" step="2"/><T69/><D69/><U91/><E24/><V66/><F66/><W133/><G133/><T42/><D42/><U51/><E112/><V57/><F109/><W7/><AGARI ba="0,2" hai="2,7,10,36,37,38,40,45,62,64,70,87,90,92" machi="7" ten="30,6000,0" yaku="1,1,0,1,52,1,53,0" doraHai="58" doraHaiUra="53" who="3" fromWho="3" sc="239,-20,426,-20,50,-20,265,80" /><INIT seed="7,1,0,3,4,120" ten="219,406,30,345" oya="3" hai0="109,7,20,32,128,69,63,95,11,119,17,22,52" hai1="45,68,105,67,77,76,24,122,56,93,46,107,27" hai2="10,81,59,5,13,37,110,112,78,9,92,30,90" hai3="18,0,85,31,102,114,58,43,19,26,35,116,123"/><W75/><G123/><T12/><D119/><U135/><E68/><V25/><F112/><W82/><G116/><T125/><D95/><U87/><E122/><V49/><F37/><W108/><G0/><T97/><D52/><U79/><E107/><V62/><F110/><W51/><G114/><T64/><D97/><U113/><E105/><V83/><F10/><W94/><G75/><T96/><D22/><U4/><E4/><V66/><F25/><N who="1" m="9801" /><E113/><V89/><F30/><W33/><G33/><T118/><D118/><U60/><E135/><V44/><F92/><W100/><G108/><T91/><D125/><U72/><E72/><V29/><F29/><W16/><G94/><T23/><D128/><U28/><E28/><V98/><F98/><W74/><G74/><T132/><D91/><AGARI ba="1,0" hai="45,46,56,60,67,76,77,79,87,91,93" m="9801" machi="91" ten="30,1000,0" yaku="8,1" doraHai="120" who="1" fromWho="0" sc="219,-13,406,13,30,0,345,0" owari="206,-19.0,419,51.0,30,-47.0,345,15.0" /></mjloggm>