<mjloggm ver="2.3"><GO type="169" lobby="0"/><UN n0="%E3%81%BA%E3%82%8A%E3%81%8B%E3%82%93" n1="%E3%83%88%E3%83%88%E3%83%AA%E5%85%88%E7%94%9F%31%39%E6%AD%B3" n2="%72%79%6F%E2%80%A6%31%35" n3="%64%61%72%74%65%72" dan="17,18,17,17" rate="2179.83,2170.10,2130.28,2233.60" sx="F,F,M,M"/><TAIKYOKU oya="0"/><INIT seed="0,0,0,2,5,119" ten="250,250,250,250" oya="0" hai0="64,113,117,42,11,81,37,28,124,84,79,50,18" hai1="114,3,1,74,53,7,127,22,78,16,54,122,70" hai2="75,112,15,25,13,86,63,14,51,34,5,26,129" hai3="23,107,88,82,9,45,2,12,109,104,85,67,49"/><T33/><D117/><U44/><E70/><V41/><F75/><W98/><G109/><T95/><D37/><U20/><E20/><V65/><F112/><W115/><G115/><T46/><D113/><U118/><E118/><V108/><F108/><W24/><G2/><T83/><D124/><U52/><E114/><V57/><F5/><W120/><G67/><T131/><D64/><U71/><E71/><V110/><F110/><W87/><G120/><T56/><D56/><U69/><E69/><V123/><F123/><W58/><G58/><T91/><D131/><U132/><E122/><V68/><F34/><W72/><G72/><T55/><D28/><U106/><E106/><V4/><F4/><W35/><G35/><T73/><D33/><U6/><E127/><V40/><F129/><W48/><G87/><T43/><REACH who="0" step="1"/><D95/><REACH who="0" ten="240,250,250,250" step="2"/><U8/><E44/><V31/><F31/><N who="3" m="17823" /><G107/><T130/><D130/><U94/><E94/><V66/><F66/><W32/><G32/><T10/><D10/><U93/><E93/><V90/><F68/><W121/><G121/><T21/><D21/><U96/><E8/><V30/><F30/><W116/><G116/><T135/><D135/><U134/><E132/><V19/><F65/><W92/><G104/><T100/><D100/><U105/><E134/><V80/><F57/><W101/><G45/><T126/><D126/><U99/><E105/><V125/><F125/><W103/><G101/><T61/><D61/><U38/><E38/><V0/><F63/><W77/><G103/><T102/><D102/><U27/><E22/><N who="2" m="13535" /><F51/><W62/><G62/><RYUUKYOKU ba="0,1" sc="240,15,250,-15,250,-15,250,15" hai0="11,18,42,43,46,50,55,73,79,81,83,84,91" hai3="9,12,48,49,77,82,85,88,92,98" /><INIT seed="0,1,1,4,3,27" ten="255,235,235,265" oya="0" hai0="83,70,39,58,129,30,16,88,24,13,127,51,71" hai1="46,23,60,38,101,37,9,64,79,102,11,57,6" hai2="29,5,108,21,74,34,118,4,93,62,31,119,28" hai3="67,111,133,35,14,82,56,80,97,55,106,63,1"/><T117/><D39/><U104/><E11/><V19/><F74/><W81/><G1/><T68/><D117/><N who="2" m="44554" /><F108/><W53/><G133/><T114/><D114/><U48/><E79/><V36/><F36/><W3/><G3/><T89/><D83/><U132/><E132/><V43/><F43/><W61/><G35/><T22/><D127/><U54/><E104/><V69/><F93/><W95/><G106/><T99/><D99/><U86/><E86/><V125/><F125/><W122/><G122/><T123/><D123/><U17/><E37/><V87/><F87/><W32/><G32/><T107/><D107/><U98/><E98/><V121/><F34/><W75/><G75/><T49/><D129/><U25/><REACH who="1" step="1"/><E38/><REACH who="1" ten="255,225,235,265" step="2"/><V131/><F121/><W72/><G72/><T77/><D77/><U45/><E45/><V126/><F126/><W73/><G73/><T8/><REACH who="0" step="1"/><D51/><REACH who="0" ten="245,225,235,265" step="2"/><U0/><AGARI ba="1,3" hai="0,6,9,17,23,25,46,48,54,57,60,64,101,102" machi="0" ten="20,5200,0" yaku="1,1,0,1,7,1,53,1" doraHai="27" doraHaiUra="44" who="1" fromWho="1" sc="245,-27,225,85,235,-14,265,-14" /><INIT seed="1,0,0,2,3,26" ten="218,310,221,251" oya="1" hai0="60,74,88,125,80,25,89,34,135,71,82,115,43" hai1="67,28,72,47,19,16,111,128,6,22,17,32,7" hai2="37,12,121,1,30,29,102,68,93,64,65,50,59" hai3="49,96,110,129,57,73,92,3,83,15,109,40,130"/><U23/><E72/><V41/><F1/><W8/><G3/><T9/><D115/><U20/><E67/><N who="2" m="25675" /><F37/><W94/><G83/><T51/><D60/><U31/><E47/><N who="2" m="25967" /><F68/><W117/><G73/><T56/><D56/><U116/><E116/><V107/><F107/><W75/><G75/><T118/><D9/><U54/><E54/><V69/><F69/><W5/><G117/><T103/><D71/><U104/><E104/><V61/><F12/><W18/><G5/><N who="1" m="1546" /><E111/><V77/><F77/><W99/><G40/><T21/><D34/><U70/><E70/><V79/><F79/><W2/><G2/><T132/><D118/><U123/><E123/><V108/><F108/><N who="3" m="41579" /><G49/><T120/><D51/><U55/><E55/><N who="2" m="34047" /><F121/><W13/><G57/><T63/><D74/><U46/><E46/><V35/><F35/><W42/><G42/><T127/><D43/><U98/><E32/><V100/><F93/><W85/><G94/><T134/><D120/><U119/><E119/><V39/><F39/><W0/><G92/><T62/><D63/><U86/><E98/><V112/><F112/><W90/><G0/><T14/><D62/><U101/><E101/><AGARI ba="0,0" hai="29,30,100,101,102" m="34047,25967,25675" machi="101" ten="30,3900,0" yaku="8,1,52,2" doraHai="26" who="2" fromWho="1" sc="218,0,310,-39,221,39,251,0" /><INIT seed="2,0,0,3,2,87" ten="218,271,260,251" oya="2" hai0="76,79,55,67,70,10,97,61,17,71,45,68,131" hai1="89,46,37,36,42,60,77,105,2,0,135,122,115" hai2="12,19,88,80,1,64,53,116,84,3,56,78,99" hai3="103,98,123,127,7,91,120,132,90,59,101,11,40"/><V72/><F116/><W8/><G40/><T94/><D131/><U117/><E117/><V49/><F64/><W48/><G127/><T34/><D34/><U54/><E115/><V20/><REACH who="2" step="1"/><F99/><REACH who="2" ten="218,271,250,251" step="2"/><W26/><G98/><T38/><D67/><U24/><E122/><V85/><F85/><W108/><G123/><T113/><D113/><U30/><E135/><V73/><F73/><W31/><G120/><T52/><D68/><U66/><E66/><V28/><F28/><W6/><G132/><T107/><D70/><U65/><E30/><V33/><F33/><W82/><G31/><T95/><D71/><U13/><E65/><V18/><F18/><W27/><G7/><T39/><D97/><U121/><E121/><V69/><F69/><W15/><G6/><T62/><D17/><U100/><E37/><V126/><F126/><W4/><G4/><T44/><REACH who="0" step="1"/><D107/><REACH who="0" ten="208,271,250,251" step="2"/><U96/><E105/><V133/><F133/><W35/><G35/><T25/><D25/><U14/><E24/><V114/><F114/><W102/><G27/><T41/><D41/><U63/><E96/><V109/><F109/><W86/><G26/><T106/><D106/><U51/><E42/><V134/><F134/><W58/><G108/><T21/><D21/><U5/><E5/><V29/><F29/><W112/><G112/><T22/><D22/><U43/><E43/><V130/><F130/><W81/><G11/><AGARI ba="0,2" hai="10,11,38,39,44,45,52,55,61,62,76,79,94,95" machi="11" ten="25,6400,0" yaku="1,1,22,2,54,1,53,0" doraHai="87" doraHaiUra="124" who="0" fromWho="3" sc="208,84,271,0,250,0,251,-64" /><INIT seed="3,0,0,0,5,14" ten="292,271,250,187" oya="3" hai0="92,41,7,35,16,69,53,125,84,2,52,66,56" hai1="31,120,20,17,38,33,63,18,102,28,3,11,58" hai2="42,114,97,108,112,95,78,67,111,70,34,71,89" hai3="68,6,82,21,26,96,44,133,9,131,19,119,30"/><W10/><G119/><T128/><D35/><U116/><E120/><V129/><F34/><W57/><G68/><T32/><D32/><U15/><E38/><V47/><F78/><W13/><G133/><T86/><D69/><N who="2" m="26122" /><F67/><W134/><G134/><T121/><D66/><N who="1" m="39287" /><E3/><V48/><F129/><W1/><G131/><T132/><D53/><U101/><E33/><V135/><F135/><W39/><G57/><T127/><D41/><U118/><E118/><V105/><F105/><W106/><G82/><T0/><D121/><U88/><E116/><V51/><F48/><W123/><G123/><T50/><D128/><U45/><E45/><V4/><F4/><W80/><G80/><T46/><D46/><U99/><E88/><V104/><F104/><W25/><G25/><T109/><D86/><U94/><E101/><V107/><F107/><W83/><G83/><T61/><D50/><U37/><E37/><V126/><F126/><N who="0" m="48138" /><D7/><U40/><E40/><V73/><F73/><W8/><G106/><T72/><D72/><U117/><E117/><V75/><F75/><W5/><G96/><T49/><D61/><U43/><E43/><V54/><F42/><W81/><G81/><T64/><D64/><U79/><E79/><V115/><F47/><W103/><G103/><T55/><D55/><U62/><E62/><V74/><F74/><W22/><G6/><T65/><D65/><U85/><E85/><V124/><F124/><W59/><G59/><T130/><D56/><U93/><E93/><V29/><F54/><W27/><G1/><T87/><D132/><U77/><E77/><RYUUKYOKU ba="0,0" sc="292,-15,271,15,250,-15,187,15" hai1="11,15,17,18,20,28,31,94,99,102" hai3="5,8,9,10,13,19,21,22,26,27,30,39,44" /><INIT seed="3,1,0,3,3,39" ten="277,286,235,202" oya="3" hai0="68,34,63,56,115,64,13,6,54,112,60,126,119" hai1="30,61,117,21,1,87,48,0,69,19,80,121,89" hai2="18,3,109,94,75,27,33,62,4,67,132,133,130" hai3="5,52,110,11,72,57,135,83,97,93,95,88,92"/><W43/><G135/><N who="2" m="51785" /><F94/><W131/><G131/><T44/><D34/><U49/><E121/><V47/><F75/><W111/><G43/><T99/><D99/><U91/><E117/><V116/><F109/><N who="3" m="41483" /><G83/><T12/><D6/><U98/><E30/><V24/><F33/><W53/><G72/><T107/><D107/><U36/><E36/><V73/><F73/><W78/><G78/><T9/><D9/><U90/><E69/><V129/><F116/><W31/><G31/><T7/><D7/><U45/><E80/><V120/><F120/><W51/><G53/><T59/><D119/><U29/><E29/><V114/><F114/><W128/><G128/><T82/><D82/><U66/><E0/><AGARI ba="1,0" hai="0,5,11,51,52,57,88,92,93,95,97" m="41483" machi="0" ten="30,11600,0" yaku="14,1,10,1,54,2" doraHai="39" who="3" fromWho="1" sc="277,0,286,-119,235,0,202,119" /><INIT seed="3,2,0,3,5,130" ten="277,167,235,321" oya="3" hai0="7,69,13,99,55,102,1,52,94,86,113,126,14" hai1="66,129,6,91,90,56,33,35,25,78,76,61,74" hai2="103,48,104,108,131,118,47,20,124,3,8,134,119" hai3="36,100,17,24,87,43,105,40,80,49,12,70,120"/><W29/><G36/><T21/><D69/><U98/><E129/><V32/><F131/><W115/><G70/><T109/><D109/><U65/><E6/><V83/><F32/><W79/><G120/><T116/><D116/><U73/><E56/><V75/><F20/><N who="3" m="15495" /><G105/><T60/><D126/><U41/><E25/><V72/><F108/><W31/><G31/><T9/><D113/><U82/><E82/><V128/><F75/><W34/><G34/><T71/><D86/><U93/><E93/><V11/><F3/><W42/><G100/><T22/><D1/><U111/><E98/><V101/><F103/><W50/><G115/><T58/><D71/><U39/><E111/><V68/><F101/><W81/><G80/><T122/><D122/><U133/><E39/><V135/><F68/><W10/><AGARI ba="2,0" hai="10,12,17,40,42,43,49,50,79,81,87" m="15495" machi="10" ten="30,1500,0" yaku="8,1" doraHai="130" who="3" fromWho="3" sc="277,-7,167,-7,235,-7,321,21" /><INIT seed="3,3,0,5,5,101" ten="270,160,228,342" oya="3" hai0="115,75,26,25,98,109,114,65,21,57,66,87,99" hai1="30,78,18,95,0,43,62,132,94,29,103,89,80" hai2="50,36,126,42,111,31,73,38,6,63,106,34,27" hai3="20,118,51,32,104,122,92,70,71,16,1,5,47"/><W79/><G104/><T72/><D109/><U91/><E0/><V97/><F111/><W12/><G32/><T74/><D87/><U81/><E132/><V46/><F73/><W54/><G122/><T85/><D85/><U124/><E124/><V8/><F126/><W88/><G118/><T128/><D57/><U107/><E43/><V96/><F63/><W55/><G79/><T48/><D48/><U120/><E120/><V117/><F117/><W130/><G130/><T131/><D74/><U121/><E121/><V127/><F127/><W11/><REACH who="3" step="1"/><G55/><REACH who="3" ten="270,160,228,332" step="2"/><T19/><D131/><U9/><E78/><V7/><F106/><W15/><G15/><T53/><D53/><U135/><E107/><V90/><F34/><W84/><AGARI ba="3,1" hai="1,5,11,12,16,20,47,51,54,70,71,84,88,92" machi="84" ten="20,18000,2" yaku="1,1,0,1,7,1,54,2,53,1" doraHai="101" doraHaiUra="40" who="3" fromWho="3" sc="270,-63,160,-63,228,-63,332,199" /><INIT seed="3,4,0,3,3,103" ten="207,97,165,531" oya="3" hai0="35,38,84,93,87,39,121,112,101,68,89,126,25" hai1="3,81,97,46,135,70,74,31,66,51,64,106,91" hai2="40,12,69,78,56,105,119,24,36,20,14,125,44" hai3="21,33,115,60,71,111,67,90,63,29,130,17,83"/><W62/><G115/><T113/><D121/><U108/><E3/><V95/><F69/><W52/><G130/><T109/><D68/><U82/><E108/><V80/><F119/><W22/><G111/><T107/><D109/><U79/><E135/><V9/><F125/><W65/><G33/><T30/><D84/><U133/><E133/><V58/><F105/><W42/><G42/><T48/><D48/><U110/><E110/><V85/><F95/><W4/><G4/><T23/><D35/><U2/><E2/><V5/><REACH who="2" step="1"/><F14/><REACH who="2" ten="207,97,155,531" step="2"/><W26/><G71/><T98/><REACH who="0" step="1"/><D126/><REACH who="0" ten="197,97,155,531" step="2"/><U41/><E70/><V0/><F0/><W13/><G83/><T77/><D77/><U100/><E82/><V61/><F61/><W131/><G63/><T15/><D15/><U120/><E120/><V34/><F34/><W54/><G62/><T73/><D73/><U114/><E74/><V8/><F8/><W99/><G60/><T57/><D57/><U50/><E81/><V53/><F53/><W116/><G54/><T132/><D132/><U43/><E66/><V75/><F75/><W122/><G52/><T27/><D27/><U1/><E64/><V49/><F49/><W104/><G65/><T92/><D92/><U59/><E79/><V76/><F76/><W10/><G67/><T47/><D47/><N who="1" m="25967" /><E59/><V124/><F124/><W55/><G55/><T123/><D123/><U19/><E1/><V37/><F37/><AGARI ba="4,2" hai="23,25,30,37,38,39,87,89,93,98,101,107,112,113" machi="37" ten="40,5200,0" yaku="1,1,52,1,53,1" doraHai="103" doraHaiUra="16" who="0" fromWho="2" sc="197,84,97,0,155,-64,531,0" /><INIT seed="4,0,0,5,1,64" ten="281,97,91,531" oya="0" hai0="126,113,125,34,9,38,25,116,23,31,96,54,112" hai1="86,81,69,12,123,35,32,71,119,92,114,72,115" hai2="15,10,60,95,78,5,39,94,128,102,82,22,105" hai3="2,19,58,90,98,40,4,24,6,110,29,68,117"/><T84/><D116/><U73/><E119/><V100/><F39/><W129/><G68/><N who="1" m="26186" /><E92/><V17/><F128/><W132/><G132/><T47/><D96/><U75/><E12/><V76/><F105/><W66/><G40/><T27/><D84/><U16/><E16/><V30/><F60/><W52/><G66/><T111/><D111/><U59/><E59/><V13/><F30/><W124/><G124/><N who="0" m="47723" /><D9/><U36/><E36/><V51/><F82/><W62/><G98/><T18/><D38/><U7/><E7/><V89/><F95/><W53/><G110/><T121/><D121/><U131/><E131/><V91/><F91/><W106/><G90/><T37/><D37/><U55/><E55/><V80/><F80/><W3/><G6/><T120/><D120/><U14/><E14/><V118/><F118/><W103/><G4/><T70/><D70/><U67/><E67/><V0/><F102/><W134/><G103/><T63/><D63/><U48/><E48/><AGARI ba="0,0" hai="18,23,25,27,31,34,47,48,54,112,113" m="47723" machi="48" ten="30,1500,0" yaku="18,1" doraHai="64" who="0" fromWho="1" sc="281,15,97,-15,91,0,531,0" /><INIT seed="4,1,0,4,3,49" ten="296,82,91,531" oya="0" hai0="67,40,83,86,129,37,96,35,76,102,26,2,51" hai1="132,92,117,48,39,27,32,60,58,72,73,107,74" hai2="98,101,90,121,108,64,57,28,82,84,1,128,85" hai3="130,70,52,56,69,20,55,68,43,11,15,134,21"/><T79/><D2/><U14/><E117/><V80/><F1/><W113/><G113/><T61/><D37/><U42/><E107/><V120/><F108/><W133/><G43/><T131/><D79/><U50/><E132/><N who="3" m="50794" /><G130/><T25/><D51/><U127/><E127/><V54/><F64/><W99/><G99/><T109/><D109/><U94/><E48/><V12/><F28/><W93/><G93/><T34/><D26/><U88/><E39/><V125/><F125/><W38/><G38/><T13/><D13/><U23/><E32/><V97/><F12/><W8/><G56/><T75/><D86/><U126/><E14/><V65/><F65/><W41/><G41/><T3/><D3/><U62/><E126/><V106/><F98/><W29/><G11/><T5/><D40/><U9/><E9/><V81/><F128/><W59/><G59/><T36/><D36/><U66/><E94/><V18/><F82/><W78/><G78/><T77/><D83/><U100/><E100/><V105/><F105/><W6/><G21/><T53/><D34/><U124/><E124/><V122/><F81/><W118/><G118/><T16/><D35/><U116/><E116/><V135/><F135/><W0/><G15/><T17/><D131/><U31/><E66/><V71/><F71/><W19/><G19/><T89/><D67/><U30/><E30/><V111/><F18/><W22/><G22/><T7/><D129/><U4/><E42/><V110/><REACH who="2" step="1"/><F85/><REACH who="2" ten="296,82,81,531" step="2"/><W91/><G29/><T10/><D17/><U119/><E119/><V87/><F87/><W103/><G0/><RYUUKYOKU ba="1,1" sc="296,-10,82,-10,81,30,531,-10" hai2="54,57,80,84,90,97,101,106,110,111,120,121,122" /><INIT seed="5,2,1,0,4,91" ten="286,72,111,521" oya="1" hai0="81,8,93,3,1,15,134,41,107,11,19,120,57" hai1="68,108,25,85,4,112,6,130,10,126,48,60,47" hai2="124,73,96,76,101,53,77,63,46,59,106,33,29" hai3="75,82,31,92,113,34,61,35,87,105,119,62,131"/><U89/><E112/><V95/><F73/><W58/><G105/><T110/><D107/><U40/><E130/><V69/><F124/><W16/><G75/><T30/><D110/><U9/><E126/><V42/><F69/><W72/><G72/><T56/><D134/><U0/><E108/><V32/><F106/><W26/><G35/><T17/><D30/><U38/><E25/><V102/><F102/><W104/><G104/><T64/><D81/><U133/><E133/><V132/><F132/><W114/><G119/><T111/><D111/><U129/><E129/><V121/><F121/><W90/><G131/><T103/><D41/><U13/><E60/><V125/><F125/><W7/><G7/><T28/><D28/><U122/><E68/><V43/><F43/><W123/><G123/><T71/><D71/><U83/><REACH who="1" step="1"/><E122/><REACH who="1" ten="286,62,111,521" step="2"/><V78/><REACH who="2" step="1"/><F29/><REACH who="2" ten="286,62,101,521" step="2"/><W50/><G31/><T79/><D120/><U67/><E67/><V65/><F65/><W22/><G113/><T98/><D64/><U80/><E80/><V51/><AGARI ba="2,3" hai="32,33,42,46,51,53,59,63,76,77,78,95,96,101" machi="51" ten="30,7900,0" yaku="1,1,0,1,52,1,53,1" doraHai="91" doraHaiUra="49" who="2" fromWho="2" sc="286,-22,62,-41,101,115,521,-22" /><INIT seed="6,0,0,2,4,55" ten="264,21,216,499" oya="2" hai0="130,121,91,87,50,81,86,27,98,58,122,32,4" hai1="88,45,118,73,6,83,99,103,107,109,12,11,84" hai2="72,10,101,110,18,54,23,80,111,106,3,120,9" hai3="62,34,19,2,13,76,108,68,96,70,47,60,33"/><V102/><F120/><W24/><G2/><T66/><D130/><U63/><E109/><N who="2" m="41483" /><F106/><W115/><G70/><T20/><D32/><U40/><E118/><V30/><F30/><W26/><G68/><T104/><D4/><U129/><E129/><V0/><F80/><W79/><G34/><T36/><D36/><U65/><E73/><V116/><F72/><W21/><G33/><T117/><D117/><U124/><E124/><V61/><F116/><W38/><G38/><T25/><D27/><U114/><E114/><V77/><F77/><W105/><G105/><T131/><D131/><U1/><E1/><N who="2" m="587" /><F10/><W46/><G115/><T44/><D86/><U95/><E107/><V132/><F9/><W75/><G79/><T5/><D98/><U127/><E127/><V7/><F7/><W100/><G76/><T123/><D104/><U15/><E11/><V64/><F54/><W52/><G75/><T53/><D5/><U94/><E83/><V113/><F132/><W69/><G52/><T17/><REACH who="0" step="1"/><D66/><REACH who="0" ten="254,21,216,499" step="2"/><U125/><E6/><V16/><F113/><W128/><G128/><T74/><D74/><U93/><E93/><V134/><F134/><W59/><G96/><T35/><D35/><U14/><E125/><V90/><F90/><W97/><G97/><T51/><D51/><U42/><REACH who="1" step="1"/><E45/><AGARI ba="0,1" hai="17,20,25,44,45,50,53,58,81,87,91,121,122,123" machi="45" ten="40,5200,0" yaku="1,1,52,1,53,1" doraHai="55" doraHaiUra="48" who="0" fromWho="1" sc="254,62,21,-52,216,0,499,0" owari="316,12.0,-31,-53.0,216,-18.0,499,59.0" /></mjloggm>