<mjloggm ver="2.3"><GO type="41" lobby="0"/><UN n0="%73%61%6C%6D%6F%6E%31%33" n1="%6A%6F%65%5F%6A%61%6E" n2="%E3%81%86%E3%81%AA%E3%81%8E" n3="%E5%B0%B1%E6%B4%BB%E7%94%9F%40%E5%B7%9D%E6%9D%91%E8%BB%8D%E5%9B%A3" dan="13,14,15,15" rate="1872.96,1903.08,1960.67,1959.66" sx="M,M,F,M"/><TAIKYOKU oya="0"/><INIT seed="0,0,0,4,4,18" ten="250,250,250,250" oya="0" hai0="42,82,28,37,2,69,89,75,112,113,123,7,47" hai1="79,9,130,27,63,39,77,97,86,51,119,17,64" hai2="101,93,26,43,72,106,134,68,4,81,88,11,40" hai3="60,104,53,10,117,90,55,105,65,14,122,3,58"/><T109/><D123/><U34/><E39/><V29/><F68/><W35/><G3/><T56/><D69/><U127/><E119/><V87/><F134/><W52/><G117/><T107/><D107/><U30/><E127/><V102/><F72/><W38/><G35/><T45/><D28/><U128/><E97/><V124/><F124/><W83/><G38/><T54/><D47/><U108/><E108/><V114/><F114/><W13/><G122/><T44/><D44/><U98/><E98/><V15/><F106/><W25/><G25/><T57/><D57/><U24/><E51/><V95/><F102/><W59/><G59/><T67/><D67/><U135/><E135/><V61/><F61/><W118/><G118/><T131/><D131/><N who="1" m="50219" /><E86/><V94/><REACH who="2" step="1"/><F101/><REACH who="2" ten="250,250,240,250" step="2"/><W133/><G133/><T33/><D113/><U84/><E63/><V70/><F70/><W85/><REACH who="3" step="1"/><G14/><REACH who="3" ten="250,250,240,240" step="2"/><T32/><D112/><U1/><E64/><V120/><F120/><W46/><G46/><T116/><D45/><U31/><E1/><V103/><F103/><W62/><G62/><T12/><D2/><U22/><E31/><V126/><F126/><W73/><G73/><T100/><D116/><U8/><E77/><V20/><AGARI ba="0,2" hai="4,11,15,20,26,29,40,43,81,87,88,93,94,95" machi="20" ten="30,12000,2" yaku="1,1,0,1,8,1,52,1,54,1,53,1" doraHai="18" doraHaiUra="21" who="2" fromWho="2" sc="250,-60,250,-30,240,140,240,-30" /><INIT seed="1,0,0,1,1,114" ten="190,220,380,210" oya="1" hai0="18,14,132,27,72,35,79,29,32,104,90,93,28" hai1="30,67,130,42,44,129,110,95,3,66,101,5,82" hai2="19,4,73,99,49,2,76,25,77,113,122,75,63" hai3="69,17,13,15,34,100,16,88,56,86,117,87,124"/><U106/><E106/><V61/><F122/><W111/><G69/><T71/><D71/><U121/><E121/><V118/><F118/><W116/><G34/><T24/><D132/><U36/><E30/><V123/><F123/><W51/><G100/><T120/><D120/><U115/><E115/><V83/><F113/><W55/><G111/><T23/><D104/><U45/><E82/><V33/><F99/><W89/><G124/><T48/><D72/><U7/><E110/><V0/><F49/><W8/><G87/><T127/><D127/><U47/><E101/><V102/><F102/><W26/><G26/><T80/><D79/><U60/><E95/><V96/><F96/><W65/><G65/><T103/><D80/><U98/><E98/><V64/><F4/><W105/><G105/><T10/><D103/><U81/><E81/><V62/><F64/><W131/><G131/><N who="1" m="50186" /><E3/><V68/><F76/><W97/><G97/><T59/><D59/><N who="1" m="37151" /><E5/><V57/><F73/><W92/><G89/><T37/><D48/><U22/><E22/><AGARI ba="0,0" hai="8,13,15,16,17,22,51,55,56,86,88,92,116,117" machi="22" ten="40,12000,2" yaku="25,2,52,2,54,2" doraHai="114" who="3" fromWho="1" sc="190,0,220,-120,380,0,210,120" /><INIT seed="2,0,0,1,3,93" ten="190,100,380,330" oya="2" hai0="115,76,40,105,122,75,104,19,12,108,88,7,8" hai1="25,69,36,6,98,124,28,86,82,14,117,129,91" hai2="58,61,21,15,34,0,65,53,10,116,55,113,78" hai3="33,90,24,3,35,62,26,66,130,110,72,67,95"/><V20/><F34/><W80/><G3/><T85/><D115/><U38/><E69/><V123/><F116/><W63/><G130/><T54/><D122/><U92/><E129/><V41/><F123/><W114/><G114/><T37/><D108/><U119/><E124/><V50/><F113/><W125/><G125/><T74/><D74/><U128/><E128/><V16/><F0/><W87/><G110/><T79/><D79/><U112/><E112/><V118/><F118/><W1/><G1/><T27/><D75/><U100/><E119/><V39/><F39/><W42/><G42/><T23/><D76/><U96/><E117/><V45/><F78/><W32/><G72/><T135/><D135/><U99/><E36/><V60/><F55/><W29/><G24/><T57/><D40/><U94/><E38/><V52/><REACH who="2" step="1"/><F53/><REACH who="2" ten="190,100,370,330" step="2"/><W11/><G35/><T30/><D37/><U134/><E134/><V97/><F97/><W84/><G33/><T56/><D54/><U133/><E133/><V47/><F47/><W132/><G132/><T2/><D104/><U77/><E77/><V48/><F48/><W71/><G66/><T73/><D105/><U49/><E49/><V127/><F127/><W5/><G67/><T101/><D2/><U83/><E28/><V126/><F126/><W89/><G71/><AGARI ba="0,1" hai="10,15,16,20,21,41,45,50,52,58,60,61,65,71" machi="71" ten="30,12000,1" yaku="1,1,7,1,54,2,53,1" doraHai="93" doraHaiUra="13" who="2" fromWho="3" sc="190,0,100,0,370,130,330,-120" /><INIT seed="2,1,0,1,1,57" ten="190,100,500,210" oya="2" hai0="53,10,23,132,130,127,18,88,17,75,9,4,84" hai1="55,73,100,111,82,21,133,129,63,45,35,52,68" hai2="81,78,105,26,80,118,94,108,61,86,116,87,16" hai3="49,131,34,37,103,91,46,74,25,60,85,5,69"/><V58/><F105/><W77/><G74/><T96/><D127/><U33/><E111/><V67/><F108/><W126/><G37/><T101/><D130/><U104/><E129/><V92/><F118/><W115/><G131/><T123/><D123/><U29/><E133/><V1/><F1/><W109/><G77/><T119/><D132/><U15/><E104/><V43/><F43/><W122/><G5/><T106/><D119/><U59/><E100/><V134/><F134/><W12/><G109/><T110/><D110/><U38/><E73/><V97/><F97/><W71/><G115/><T114/><D114/><U56/><E82/><V102/><F102/><W3/><G3/><T121/><D121/><U19/><E68/><V7/><F7/><W83/><G122/><T135/><D135/><U32/><E45/><V64/><F64/><W70/><G126/><T54/><D75/><U36/><REACH who="1" step="1"/><E29/><REACH who="1" ten="190,90,500,210" step="2"/><V50/><F116/><W90/><G103/><T39/><D106/><U41/><E41/><V124/><F80/><W66/><G90/><T24/><D101/><U95/><E95/><V0/><F94/><W120/><G120/><T14/><D10/><U11/><E11/><V72/><F92/><W117/><G117/><T93/><D9/><U62/><AGARI ba="1,1" hai="15,19,21,32,33,35,36,38,52,55,56,59,62,63" machi="62" ten="30,12000,2" yaku="1,1,0,1,9,1,52,2,54,1,53,0" doraHai="57" doraHaiUra="47" who="1" fromWho="1" sc="190,-31,90,133,500,-61,210,-31" /><INIT seed="3,0,0,1,0,8" ten="159,223,439,179" oya="3" hai0="82,27,91,95,7,33,115,129,65,0,105,127,99" hai1="73,13,45,55,53,84,109,49,101,51,12,23,93" hai2="4,131,3,57,106,71,116,108,132,107,1,118,79" hai3="61,56,72,83,58,6,121,46,54,117,87,9,42"/><W52/><G117/><T10/><D127/><U103/><E73/><V29/><F108/><W67/><G121/><T124/><D124/><U16/><E109/><V104/><F131/><W75/><G75/><T39/><D129/><U43/><E43/><V35/><F71/><W66/><G66/><T40/><D115/><U130/><E130/><V94/><F132/><W89/><G72/><T102/><D65/><U85/><E85/><V80/><F94/><W62/><G67/><T41/><D39/><U126/><E126/><V97/><F97/><W77/><G89/><T81/><D41/><U19/><E84/><V18/><F57/><W37/><G9/><T32/><D40/><U68/><E93/><V122/><F122/><W60/><REACH who="3" step="1"/><G6/><REACH who="3" ten="159,223,439,169" step="2"/><T24/><D91/><U48/><E68/><V34/><F118/><W88/><G88/><T28/><D7/><U86/><E86/><V44/><F4/><W74/><G74/><T30/><D10/><U17/><E45/><V70/><F116/><W128/><G128/><T114/><D114/><U64/><E64/><V25/><F44/><W113/><G113/><T38/><D38/><U135/><E135/><V112/><F112/><W98/><G98/><T92/><D0/><U110/><E110/><V69/><F1/><W15/><G15/><N who="1" m="5706" /><E23/><V76/><F3/><W78/><G78/><T50/><D99/><U96/><E96/><V123/><F79/><W36/><G36/><T134/><D134/><U133/><E133/><V47/><F76/><W90/><G90/><T125/><D125/><U59/><E59/><AGARI ba="0,1" hai="37,42,46,52,54,56,58,59,60,61,62,77,83,87" machi="59" ten="40,3900,0" yaku="1,1,54,1,53,0" doraHai="8" doraHaiUra="63" who="3" fromWho="1" sc="159,0,223,-39,439,0,169,49" /><INIT seed="3,1,0,4,4,13" ten="159,184,439,218" oya="3" hai0="0,135,127,34,73,12,43,83,80,18,40,114,70" hai1="41,35,90,38,124,29,94,89,42,14,97,39,45" hai2="112,119,10,95,71,46,44,132,57,102,72,113,11" hai3="130,117,96,28,118,9,78,86,52,31,115,84,75"/><W15/><G115/><T37/><D114/><U131/><E124/><V68/><F72/><W128/><G75/><T7/><D127/><U91/><E131/><N who="3" m="50218" /><G96/><T120/><D120/><U24/><E14/><V25/><F119/><N who="3" m="45579" /><G52/><T50/><D135/><U3/><E3/><V21/><F132/><W6/><G78/><T22/><D34/><U116/><E116/><V27/><F112/><W2/><G86/><T26/><D70/><U1/><E1/><V16/><F113/><W5/><G84/><T79/><D0/><U109/><E109/><V66/><F25/><W108/><G108/><T63/><D37/><U126/><E126/><V92/><F71/><W32/><G32/><T62/><D80/><U30/><E30/><N who="3" m="11306" /><G2/><T23/><D43/><U4/><E4/><AGARI ba="1,0" hai="4,5,6,9,15" m="11306,45579,50218" machi="4" ten="40,7700,0" yaku="19,1,34,2" doraHai="13" who="3" fromWho="1" sc="159,0,184,-80,439,0,218,80" /><INIT seed="3,2,0,5,5,79" ten="159,104,439,298" oya="3" hai0="83,123,13,27,49,129,66,18,15,127,75,23,107" hai1="100,0,67,10,56,72,30,14,77,84,44,104,102" hai2="33,118,116,32,114,57,110,46,73,3,117,96,59" hai3="17,16,22,52,76,134,91,81,60,120,74,125,38"/><W135/><G38/><T25/><D123/><U101/><E0/><V97/><F73/><W68/><G120/><T36/><D127/><U4/><E72/><V8/><F46/><W21/><G125/><T37/><D129/><U41/><E30/><V63/><F63/><W93/><G22/><T51/><D107/><U90/><E104/><V131/><F131/><W58/><G68/><T92/><D66/><U9/><E67/><V85/><F85/><W124/><G124/><T20/><D18/><U26/><E26/><V109/><F8/><W88/><G91/><T115/><D75/><U71/><E71/><V54/><F3/><W86/><REACH who="3" step="1"/><G17/><REACH who="3" ten="159,104,439,288" step="2"/><T70/><D70/><U12/><E56/><V108/><F114/><W40/><G40/><T122/><D122/><U28/><E28/><V6/><F6/><W132/><G132/><T42/><D42/><U65/><E65/><V99/><REACH who="2" step="1"/><F54/><REACH who="2" ten="159,104,429,288" step="2"/><W24/><AGARI ba="2,2" hai="16,21,24,52,58,60,74,76,81,86,88,93,134,135" machi="24" ten="30,18000,2" yaku="1,1,0,1,52,1,54,3,53,0" doraHai="79" doraHaiUra="95" who="3" fromWho="3" sc="159,-62,104,-62,429,-62,288,206" /><INIT seed="3,3,0,4,4,81" ten="97,42,367,494" oya="3" hai0="42,13,92,71,47,27,129,43,64,65,68,56,33" hai1="16,58,38,8,103,134,90,116,76,29,75,125,67" hai2="11,62,34,66,80,23,73,109,100,105,121,50,59" hai3="91,131,78,94,89,57,1,25,111,135,30,4,107"/><W3/><G107/><T28/><D129/><U88/><E38/><V55/><F34/><W117/><G117/><T2/><D2/><U7/><E29/><V108/><F121/><W10/><G111/><N who="2" m="42569" /><F11/><W113/><G113/><T39/><D43/><U85/><E116/><V41/><F41/><W48/><G131/><T83/><D92/><U46/><E75/><V132/><F132/><W110/><G135/><T133/><D133/><U17/><E134/><V61/><F23/><W52/><G110/><T102/><D102/><U18/><E103/><V112/><F112/><W6/><G78/><T96/><D96/><U79/><E125/><V126/><F126/><W5/><G91/><T72/><D64/><U35/><E90/><V36/><F36/><W9/><G6/><T74/><D13/><N who="1" m="5279" /><E35/><V124/><F124/><W104/><G104/><T19/><D19/><U31/><E31/><V118/><F118/><W123/><G123/><T70/><D56/><U114/><E46/><V101/><F105/><W98/><G30/><T20/><D20/><U63/><E114/><V106/><F106/><W44/><G25/><T45/><D45/><AGARI ba="3,0" hai="1,3,4,5,9,10,44,45,48,52,57,89,94,98" machi="45" ten="40,3900,0" yaku="9,1,54,1" doraHai="81" who="3" fromWho="0" sc="97,-48,42,0,367,0,494,48" /><INIT seed="3,4,0,4,1,31" ten="49,42,367,542" oya="3" hai0="110,98,4,83,130,97,49,1,66,43,9,104,46" hai1="75,65,107,105,45,85,101,38,44,27,76,57,128" hai2="81,82,26,21,8,2,19,40,16,55,131,53,41" hai3="115,51,117,94,99,92,77,103,93,95,73,37,96"/><W123/><G37/><T114/><D110/><U5/><E27/><V33/><F131/><W68/><G68/><T112/><D130/><U111/><E128/><V127/><F127/><W50/><G117/><T7/><D66/><U88/><E111/><V126/><F126/><W118/><G118/><T71/><D71/><U6/><E65/><V135/><F135/><W89/><G123/><T47/><D83/><U86/><E57/><V132/><F132/><W124/><G124/><T78/><D78/><U62/><E62/><V42/><F33/><W133/><G133/><T56/><D56/><U35/><E35/><V90/><F2/><W32/><G32/><T28/><D28/><U10/><E101/><V113/><F113/><W36/><G36/><T23/><D23/><U11/><E38/><V34/><F34/><W119/><G119/><T102/><D7/><U64/><E64/><V22/><F8/><W63/><G63/><T120/><D120/><U67/><E67/><V58/><F90/><W13/><G115/><T125/><D125/><U69/><E69/><V134/><F134/><W48/><G73/><T72/><D72/><U29/><E75/><V59/><F40/><W20/><G77/><T15/><D15/><U52/><E29/><V121/><F26/><W91/><G103/><T39/><D98/><U108/><E76/><V109/><F121/><W25/><G13/><T100/><D49/><U18/><E108/><AGARI ba="4,0" hai="16,19,21,22,41,42,53,55,58,59,81,82,108,109" machi="108" ten="25,3200,0" yaku="22,2,54,1" doraHai="31" who="2" fromWho="1" sc="49,0,42,-44,367,44,542,0" owari="49,-35.0,-2,-50.0,411,21.0,542,64.0" /></mjloggm>