<mjloggm ver="2.3"><GO type="169" lobby="0"/><UN n0="%EF%BC%9D%E4%BC%8A%E8%97%A4%E3%81%8B%E3%81%AA%E6%81%B5%EF%BC%9D" n1="%61%72%6F%65%35%2E" n2="%E3%82%A6%E3%83%AB%E3%83%88%E3%83%A9%E7%AB%8B%E7%9B%B4" n3="%63%68%61%72%6C%69%65%37" dan="17,16,17,16" rate="2178.32,2054.56,2146.20,2104.72" sx="F,M,M,M"/><TAIKYOKU oya="0"/><INIT seed="0,0,0,0,4,24" ten="250,250,250,250" oya="0" hai0="50,107,71,98,129,94,127,90,76,47,12,114,68" hai1="67,109,128,121,11,113,36,40,111,130,120,48,27" hai2="134,133,131,115,75,4,104,96,65,22,20,117,53" hai3="41,9,72,73,101,106,38,10,58,18,1,26,52"/><T5/><D114/><U83/><E36/><V2/><F115/><W84/><G41/><T100/><D127/><U135/><E67/><V116/><F75/><W56/><G38/><T123/><D123/><U86/><E113/><V92/><F104/><W88/><G101/><T44/><D129/><N who="1" m="49771" /><E135/><N who="2" m="51723" /><F65/><W99/><G106/><T132/><D132/><U61/><E61/><V69/><F69/><W30/><G99/><T108/><D108/><N who="1" m="41547" /><E11/><N who="2" m="2455" /><F53/><W14/><G58/><T89/><D71/><U35/><E40/><V87/><F87/><W57/><G57/><T78/><D68/><U55/><E35/><V105/><F105/><W29/><G1/><T77/><D107/><U95/><E95/><V74/><F131/><W93/><G30/><T21/><D50/><U82/><E27/><V60/><F60/><W0/><G9/><T103/><D94/><U79/><E82/><V126/><F74/><W7/><G7/><T91/><D5/><U43/><E43/><V46/><F46/><AGARI ba="0,0" hai="46,48,55,79,83,86,120,121" m="41547,49771" machi="46" ten="30,2000,0" yaku="19,1,14,1" doraHai="24" who="1" fromWho="2" sc="250,0,250,20,250,-20,250,0" /><INIT seed="1,0,0,5,4,56" ten="250,270,230,250" oya="1" hai0="18,105,77,24,95,45,42,28,3,125,126,124,44" hai1="108,116,29,20,30,65,130,66,123,89,39,21,93" hai2="78,11,122,62,71,134,81,10,1,0,7,47,60" hai3="6,68,52,79,88,107,74,22,128,86,129,114,94"/><U84/><E123/><V117/><F122/><W31/><G68/><T49/><D105/><U109/><E116/><V118/><F134/><W57/><G107/><T132/><D132/><U101/><E39/><V80/><F47/><W83/><G114/><T59/><D3/><U33/><E130/><N who="3" m="50282" /><G6/><T8/><D77/><U51/><E101/><V96/><F96/><W92/><G31/><N who="1" m="11786" /><E33/><V67/><F80/><N who="3" m="45175" /><G22/><N who="1" m="8810" /><E51/><AGARI ba="0,0" hai="51,52,57,83,86,88,92,94" m="45175,50282" machi="51" ten="30,3900,0" yaku="19,1,54,2" doraHai="56" who="3" fromWho="1" sc="250,0,270,-39,230,0,250,39" /><INIT seed="2,0,0,4,0,0" ten="250,231,230,289" oya="2" hai0="15,23,20,31,7,37,70,27,5,67,58,119,53" hai1="104,73,91,39,107,24,92,124,101,49,130,79,54" hai2="68,78,90,89,82,17,126,51,112,13,74,2,69" hai3="113,43,127,48,52,116,115,33,128,50,134,108,38"/><V45/><F2/><W84/><G33/><T56/><D37/><U123/><E39/><V19/><F112/><N who="3" m="43083" /><G116/><T34/><D119/><U32/><E123/><V83/><F126/><W57/><G127/><T99/><D70/><U129/><E124/><V21/><F19/><W72/><G72/><T109/><D109/><U117/><E117/><V18/><F18/><W86/><G108/><T9/><D7/><U131/><E101/><V102/><F102/><W132/><G128/><T105/><D67/><U103/><E103/><V76/><F69/><W25/><G25/><T120/><D120/><U118/><E118/><V100/><F100/><W66/><G66/><T111/><D105/><U26/><E79/><V40/><REACH who="2" step="1"/><F68/><REACH who="2" ten="250,231,220,289" step="2"/><W94/><G134/><T114/><D111/><U93/><E131/><V3/><F3/><W71/><G132/><T12/><D114/><U30/><E130/><V22/><F22/><W41/><G71/><T80/><D20/><U97/><E129/><V122/><F122/><W46/><G38/><T133/><D23/><U88/><E32/><V87/><AGARI ba="0,1" hai="13,17,21,40,45,51,74,76,78,82,83,87,89,90" machi="87" ten="20,3900,0" yaku="1,1,0,1,7,1,53,0" doraHai="0" doraHaiUra="135" who="2" fromWho="2" sc="250,-13,231,-13,220,49,289,-13" /><INIT seed="2,1,0,0,0,97" ten="237,218,269,276" oya="2" hai0="114,59,16,105,104,135,94,58,98,74,7,92,21" hai1="1,22,55,107,14,52,120,39,111,38,20,129,67" hai2="84,69,118,9,18,81,44,100,33,115,88,40,66" hai3="13,85,128,91,79,112,130,23,133,122,32,89,132"/><V75/><F115/><W50/><G32/><T90/><D114/><U68/><E1/><V28/><F118/><W86/><G112/><T119/><D119/><U106/><E111/><V131/><F131/><N who="3" m="50219" /><G122/><T93/><D74/><U60/><E120/><V45/><F75/><W109/><G109/><T0/><D135/><N who="3" m="51785" /><G50/><T117/><D117/><U80/><E129/><V10/><F69/><W51/><G51/><T126/><D105/><U24/><E80/><V30/><F66/><W2/><G2/><T101/><D90/><N who="3" m="34313" /><G23/><T121/><D121/><U54/><E107/><V110/><F110/><W64/><G64/><T123/><D123/><U42/><E106/><V65/><F65/><W95/><G13/><T82/><D0/><U6/><E42/><V56/><F33/><W17/><G17/><T99/><D16/><U4/><E22/><V43/><F18/><W71/><G71/><T46/><D21/><U35/><E35/><V11/><F43/><W87/><G95/><T41/><D93/><U12/><E12/><V78/><F40/><W76/><AGARI ba="1,0" hai="76,79,85,86,87" m="34313,51785,50219" machi="76" ten="40,12000,2" yaku="28,2,19,1,20,1,34,2" doraHai="97" who="3" fromWho="3" sc="237,-31,218,-31,269,-61,276,123" /><INIT seed="3,0,0,5,1,112" ten="206,187,208,399" oya="3" hai0="6,40,80,25,33,84,121,123,88,20,7,73,119" hai1="78,41,19,100,62,63,97,115,30,108,18,12,46" hai2="27,118,67,76,59,95,47,87,93,22,13,11,92" hai3="50,102,48,54,26,131,79,68,56,120,65,101,109"/><W69/><G120/><T39/><D33/><U83/><E115/><V42/><F118/><W82/><G131/><T49/><D39/><U129/><E30/><V125/><F125/><W81/><G109/><T53/><D40/><U110/><E129/><V31/><F59/><W71/><G65/><T58/><D73/><U91/><E91/><V45/><F67/><W111/><G111/><T74/><D74/><U14/><E108/><V37/><F47/><W1/><G1/><T16/><REACH who="0" step="1"/><D119/><REACH who="0" ten="196,187,208,399" step="2"/><U23/><E110/><V55/><F37/><W117/><G117/><T36/><D36/><U34/><E34/><V103/><F42/><W114/><G114/><T57/><D57/><U90/><E41/><V85/><F45/><W106/><G71/><T104/><D104/><U72/><E46/><V4/><F103/><W38/><G38/><T17/><D17/><U105/><REACH who="1" step="1"/><E90/><REACH who="1" ten="196,177,208,399" step="2"/><V99/><F31/><W43/><G43/><T128/><D128/><U86/><E86/><V64/><F87/><W5/><G106/><T60/><D60/><U135/><E135/><V52/><F85/><W130/><G130/><T132/><D132/><U75/><E75/><V116/><F116/><W70/><G102/><T32/><D32/><U24/><E24/><V107/><F27/><W113/><G26/><T77/><D77/><U2/><E2/><V10/><F107/><W21/><G101/><T44/><D44/><U66/><E66/><V94/><F64/><W9/><G113/><T96/><D96/><U89/><E89/><V134/><N who="2" m="23552" /><DORA hai="8" /><V0/><F99/><W61/><G79/><RYUUKYOKU ba="0,2" sc="196,15,177,15,208,-15,399,-15" hai0="6,7,16,20,25,49,53,58,80,84,88,121,123" hai1="12,14,18,19,23,62,63,72,78,83,97,100,105" /><INIT seed="4,1,2,4,3,4" ten="211,192,193,384" oya="0" hai0="32,64,104,47,114,36,126,16,44,93,61,79,2" hai1="110,31,38,111,51,113,115,133,96,48,95,45,119" hai2="35,43,102,90,37,40,124,6,86,78,103,54,9" hai3="21,52,84,39,0,18,33,49,67,60,132,8,14"/><T116/><D114/><N who="1" m="43531" /><E119/><V125/><F78/><W89/><G39/><T108/><D116/><U65/><E133/><V131/><F35/><W100/><G132/><T24/><D2/><U66/><E31/><V23/><F23/><W99/><G33/><T69/><D126/><N who="2" m="48746" /><F54/><W98/><G0/><T94/><D108/><N who="1" m="41515" /><E38/><V73/><F73/><W122/><G122/><T134/><D134/><U106/><E106/><V91/><F131/><W17/><G100/><N who="2" m="38441" /><F37/><W77/><G77/><T25/><D104/><U5/><E5/><V30/><F30/><W59/><G18/><T20/><D36/><U83/><E83/><N who="2" m="49503" /><F91/><W121/><G121/><T11/><D79/><U75/><E75/><V97/><F97/><W10/><G98/><T58/><D32/><U128/><E128/><V62/><F62/><W105/><G99/><T57/><D25/><U53/><E51/><V46/><F46/><N who="3" m="27703" /><G105/><T29/><D47/><U28/><E28/><V12/><AGARI ba="1,2" hai="6,9,12,40,43" m="49503,38441,48746" machi="12" ten="30,2000,0" yaku="18,1,52,1" doraHai="4" who="2" fromWho="2" sc="211,-11,192,-6,193,43,384,-6" /><INIT seed="5,0,0,4,2,132" ten="200,186,236,378" oya="1" hai0="131,20,35,125,126,95,64,11,32,93,115,45,0" hai1="17,44,18,10,118,83,120,121,63,113,79,72,19" hai2="24,108,71,67,81,116,58,53,101,90,100,98,129" hai3="38,133,91,99,107,2,16,111,51,109,106,7,73"/><U1/><E118/><V70/><F108/><W61/><G73/><T33/><D115/><U48/><E113/><V88/><F116/><W103/><G133/><T26/><D131/><U40/><REACH who="1" step="1"/><E63/><REACH who="1" ten="200,176,236,378" step="2"/><V5/><F129/><W42/><G61/><T84/><D35/><U14/><E14/><V21/><F71/><W50/><G111/><T27/><D33/><U119/><E119/><V134/><F70/><W122/><G109/><T39/><D32/><U86/><E86/><V3/><F3/><W68/><G68/><T92/><D84/><U78/><E78/><V52/><F134/><W4/><G2/><T130/><D130/><U128/><E128/><V23/><F24/><W74/><G74/><T47/><D27/><U89/><E89/><V94/><F90/><W31/><G91/><T22/><D26/><U102/><E102/><V96/><F88/><W9/><G103/><T82/><D0/><U59/><E59/><V57/><F57/><W97/><G99/><T110/><D110/><U36/><E36/><V6/><F58/><W69/><G97/><T104/><D39/><U46/><E46/><V66/><F94/><W135/><G69/><T60/><D93/><U114/><E114/><V77/><F77/><W80/><G38/><T28/><D92/><U105/><E105/><V55/><F98/><W65/><G135/><T41/><D95/><U12/><E12/><V85/><F96/><W87/><G106/><T117/><D104/><U54/><E54/><V30/><F55/><W76/><G107/><T112/><D117/><U123/><E123/><V124/><F53/><RYUUKYOKU ba="0,1" sc="200,-10,176,30,236,-10,378,-10" hai1="1,10,17,18,19,40,44,48,72,79,83,120,121" /><INIT seed="5,1,1,0,5,97" ten="190,206,226,368" oya="1" hai0="5,108,0,56,98,116,89,15,30,14,22,21,45" hai1="74,10,4,3,8,115,90,57,31,130,106,46,87" hai2="9,53,47,60,133,127,100,85,109,63,77,134,118" hai3="124,76,37,132,18,51,80,94,83,72,49,114,125"/><U42/><E106/><V25/><F109/><W52/><G37/><T105/><D108/><U43/><E74/><V38/><F118/><W93/><G83/><T41/><D116/><U84/><E31/><V23/><F9/><W121/><G121/><T29/><D0/><U120/><E120/><V58/><F63/><W104/><G104/><T59/><D105/><U79/><E130/><V73/><F85/><W111/><G111/><T69/><D69/><U50/><E115/><V36/><F100/><W135/><G114/><T34/><D34/><U55/><E10/><V20/><F47/><N who="3" m="27711" /><G18/><N who="0" m="10463" /><D41/><U113/><E113/><V122/><F38/><W62/><G62/><T54/><D45/><U24/><E24/><V96/><F25/><W129/><G51/><N who="0" m="30815" /><D59/><U35/><E35/><V131/><F36/><W26/><G26/><T1/><D1/><U107/><E107/><V11/><F122/><W61/><G61/><T88/><D5/><U126/><E126/><N who="3" m="48746" /><G129/><T65/><D65/><U7/><E7/><V67/><F67/><W101/><G101/><T32/><D32/><U19/><E19/><V102/><F127/><W75/><G75/><T48/><D48/><U123/><E123/><V33/><F131/><W119/><G119/><T91/><D98/><U110/><E110/><V40/><F96/><W2/><G2/><T13/><D30/><U86/><E43/><V44/><F40/><W16/><G16/><N who="0" m="10519" /><D29/><U92/><REACH who="1" step="1"/><E79/><REACH who="1" ten="190,196,226,368" step="2"/><V99/><F77/><W17/><G17/><T12/><AGARI ba="1,2" hai="12,13,88,89,91" m="10519,30815,10463" machi="12" ten="30,4000,0" yaku="8,1,54,2" doraHai="97" who="0" fromWho="0" sc="190,63,196,-21,226,-11,368,-11" /><INIT seed="6,0,0,2,2,29" ten="253,175,215,357" oya="2" hai0="129,62,89,90,53,112,134,31,32,81,9,35,2" hai1="118,23,80,59,130,47,6,77,87,91,75,43,69" hai2="119,114,18,64,45,95,56,97,5,116,55,84,131" hai3="25,92,20,10,133,7,109,63,49,126,123,73,121"/><V94/><F131/><W22/><G73/><T30/><D129/><U57/><E130/><V106/><F114/><W79/><G79/><T88/><D112/><U107/><E107/><V39/><F106/><W124/><G92/><T100/><D100/><U65/><E118/><V34/><F34/><W98/><G98/><T127/><D81/><U74/><E74/><V68/><F5/><W93/><G93/><T0/><D134/><U110/><E110/><V66/><F84/><W60/><G109/><T132/><D132/><U67/><E23/><N who="3" m="8746" /><G49/><T4/><D127/><N who="3" m="48681" /><G25/><T102/><D102/><U113/><E113/><V40/><F95/><W52/><G133/><T14/><D62/><N who="3" m="23593" /><G52/><T58/><D53/><U103/><E103/><V125/><F94/><W1/><AGARI ba="0,0" hai="1,7,10,121,123" m="23593,48681,8746" machi="1" ten="30,1100,0" yaku="18,1" doraHai="29" who="3" fromWho="3" sc="253,-3,175,-3,215,-5,357,11" /><INIT seed="7,0,0,0,0,54" ten="250,172,210,368" oya="3" hai0="33,82,55,65,126,43,58,31,115,67,131,10,104" hai1="46,23,95,13,94,108,30,111,1,37,11,85,26" hai2="69,21,99,68,113,89,15,77,98,40,70,74,87" hai3="64,133,127,52,129,84,38,105,90,0,109,25,14"/><W59/><G38/><T34/><D104/><U8/><E1/><V121/><F40/><W29/><G105/><T17/><D43/><U86/><E37/><V76/><F74/><W71/><G0/><T63/><D126/><U62/><E46/><V118/><F118/><W2/><G127/><T44/><D131/><U116/><E116/><V92/><F121/><W132/><G129/><T100/><D100/><U101/><E111/><V96/><F113/><W78/><G2/><T130/><D130/><U48/><E48/><V39/><F39/><W114/><G78/><T16/><D34/><U28/><E28/><V53/><F53/><W110/><G114/><T106/><D106/><U102/><E108/><N who="3" m="41578" /><G14/><T12/><D33/><U120/><E120/><V20/><F15/><W7/><G7/><T97/><D97/><U57/><E101/><V135/><F135/><W66/><G71/><T32/><D12/><U88/><E13/><V107/><F107/><W75/><G75/><T49/><D10/><U51/><E51/><V123/><F123/><W103/><G103/><T93/><D49/><U22/><E22/><V4/><F4/><W72/><G72/><T24/><D32/><U81/><E102/><V42/><F21/><N who="3" m="15535" /><G132/><T45/><D115/><U117/><E117/><V112/><F112/><W41/><G41/><T124/><D124/><U36/><E36/><V91/><F42/><W19/><G133/><T9/><D9/><N who="1" m="3659" /><E86/><N who="2" m="52279" /><F20/><W6/><G6/><T83/><D24/><U35/><E35/><V128/><F128/><W50/><G50/><T119/><D119/><U79/><E79/><RYUUKYOKU ba="0,0" sc="250,-15,172,15,210,15,368,-15" hai1="23,26,30,57,62,81,85,88,94,95" hai2="68,69,70,76,77,87,91,96,98,99" owari="235,4.0,187,-31.0,225,-17.0,353,44.0" /></mjloggm>