<mjloggm ver="2.3"><GO type="41" lobby="0"/><UN n0="%E5%B0%B1%E6%B4%BB%E7%94%9F%40%E5%B7%9D%E6%9D%91%E8%BB%8D%E5%9B%A3" n1="%74%6F%72%69%30%36%31%32" n2="%E5%A6%99%E3%81%A1%E3%82%83%E3%82%93" n3="%E3%81%99%E3%81%A0%E3%81%A1%E5%A4%A7%E9%AD%94%E7%8E%8B" dan="15,16,15,14" rate="1986.85,2076.50,2034.53,1947.12" sx="M,M,F,M"/><TAIKYOKU oya="0"/><INIT seed="0,0,0,3,5,8" ten="250,250,250,250" oya="0" hai0="35,25,49,37,130,122,133,19,71,0,93,15,111" hai1="4,112,38,27,78,131,36,60,109,68,73,100,41" hai2="104,95,66,10,135,57,74,56,45,76,75,2,72" hai3="125,53,92,126,62,61,22,77,55,107,110,47,64"/><T65/><D122/><U87/><E73/><V30/><F104/><W85/><G107/><T9/><D9/><U79/><E100/><V31/><F76/><W134/><G110/><T102/><D102/><U84/><E41/><V21/><F135/><W5/><G134/><T52/><D52/><U33/><E4/><V50/><F95/><W120/><G5/><T67/><D67/><U82/><E131/><V43/><F21/><W105/><G105/><T129/><D129/><U44/><E44/><V69/><F69/><W124/><G120/><T11/><D11/><U113/><E109/><V121/><F121/><W132/><G132/><T97/><D97/><U58/><E68/><V94/><F94/><W106/><G106/><T115/><D115/><U23/><E33/><V119/><F119/><W59/><G22/><T24/><D24/><U123/><E123/><V7/><REACH who="2" step="1"/><F66/><REACH who="2" ten="250,250,240,250" step="2"/><W90/><G77/><T18/><D49/><U114/><E79/><V63/><F63/><W96/><G61/><T14/><D19/><N who="1" m="12799" /><E87/><V98/><F98/><W51/><G85/><T54/><D15/><U127/><E36/><V26/><F26/><W48/><G64/><T42/><D54/><N who="1" m="33879" /><E38/><V86/><F86/><W116/><G116/><T81/><D81/><U99/><E99/><V80/><F80/><W108/><G108/><T88/><D88/><U118/><E118/><V103/><F103/><W28/><G90/><T17/><D42/><U70/><E70/><V117/><F117/><W6/><G96/><T40/><D25/><U89/><E89/><V20/><F20/><W101/><G101/><RYUUKYOKU ba="0,1" sc="250,-15,250,15,240,15,250,-15" hai1="78,82,84,112,113,114,127" hai2="2,7,10,30,31,43,45,50,56,57,72,74,75" /><INIT seed="1,1,1,5,0,96" ten="235,265,255,235" oya="1" hai0="126,88,131,16,62,64,93,34,28,76,129,23,7" hai1="20,60,104,49,85,124,118,98,115,33,22,40,1" hai2="50,108,66,57,128,132,45,117,38,100,91,6,73" hai3="8,52,114,15,68,29,9,46,55,134,27,90,70"/><U35/><E118/><V44/><F117/><W21/><G114/><T24/><D126/><U80/><E1/><V59/><F73/><W110/><G110/><T56/><D76/><U127/><E115/><V82/><F38/><W65/><G134/><T109/><D7/><U120/><E60/><V103/><F108/><W25/><G25/><T5/><D5/><U2/><E2/><V26/><F132/><W10/><G15/><T99/><D109/><U84/><E49/><V105/><F105/><W54/><G65/><T112/><D112/><U43/><E98/><V0/><F128/><W102/><G46/><N who="2" m="18025" /><F0/><W74/><G74/><T77/><D77/><U83/><REACH who="1" step="1"/><E104/><REACH who="1" ten="235,255,255,235" step="2"/><V101/><F50/><W107/><REACH who="3" step="1"/><G90/><REACH who="3" ten="235,255,255,225" step="2"/><T122/><D93/><U116/><E116/><V18/><F91/><W92/><G92/><T133/><D16/><U123/><AGARI ba="1,3" hai="20,22,33,35,40,43,80,83,84,85,120,123,124,127" machi="123" ten="25,18000,2" yaku="1,1,0,1,22,2,53,2" doraHai="96" doraHaiUra="30" who="1" fromWho="1" sc="235,-61,255,213,255,-61,225,-61" /><INIT seed="1,2,0,5,2,74" ten="174,468,194,164" oya="1" hai0="41,45,12,131,106,133,49,15,3,128,81,10,114" hai1="76,92,63,134,111,71,21,64,68,69,87,61,102" hai2="4,2,123,72,60,121,25,11,122,46,18,100,57" hai3="85,129,8,34,50,43,0,73,22,36,67,86,119"/><U127/><E127/><V23/><F46/><W117/><G34/><T32/><D81/><U97/><E134/><V105/><F72/><W58/><G73/><T126/><D126/><U79/><E111/><V99/><REACH who="2" step="1"/><F123/><REACH who="2" ten="174,468,184,164" step="2"/><W88/><G36/><T47/><D15/><U29/><E87/><V89/><F89/><W5/><G86/><T52/><D52/><AGARI ba="2,1" hai="2,4,11,18,23,25,52,57,60,99,100,105,121,122" machi="52" ten="30,3900,0" yaku="1,1,7,1,54,1,53,0" doraHai="74" doraHaiUra="30" who="2" fromWho="0" sc="174,-45,468,0,184,55,164,0" /><INIT seed="2,0,0,2,0,70" ten="129,468,239,164" oya="2" hai0="54,6,33,134,83,55,21,135,115,129,84,62,85" hai1="72,53,23,38,131,31,105,95,17,24,63,60,112" hai2="42,20,50,90,109,110,8,37,35,97,98,5,65" hai3="49,92,47,40,68,58,25,69,57,108,96,52,71"/><V130/><F35/><W125/><G108/><N who="2" m="41577" /><F130/><W16/><G125/><T104/><D104/><U9/><E105/><V81/><F65/><W101/><REACH who="3" step="1"/><G40/><REACH who="3" ten="129,468,239,154" step="2"/><T2/><D2/><U7/><E131/><V119/><F119/><W114/><G114/><T80/><D80/><U56/><E112/><V26/><F81/><W36/><G36/><T76/><D76/><U3/><E38/><V87/><F37/><W34/><G34/><T46/><D46/><U107/><E72/><V79/><F79/><W89/><G89/><T121/><D55/><U128/><E128/><V93/><F42/><W99/><G99/><T41/><D21/><AGARI ba="0,1" hai="16,21,25,47,49,52,57,58,68,69,71,92,96,101" machi="21" ten="40,5200,0" yaku="1,1,54,2,53,0" doraHai="70" doraHaiUra="117" who="3" fromWho="0" sc="129,-52,468,0,239,0,154,62" /><INIT seed="3,0,0,5,5,28" ten="77,468,239,216" oya="3" hai0="106,90,34,38,80,11,65,81,14,24,4,66,76" hai1="31,48,93,87,101,83,37,114,97,100,29,23,63" hai2="22,110,10,53,104,69,118,41,92,109,55,67,115" hai3="113,21,88,85,2,36,54,47,129,75,112,91,19"/><W42/><G75/><T117/><D117/><U130/><E37/><V74/><F104/><W0/><G129/><T58/><D58/><U124/><E114/><V84/><F115/><W3/><G54/><T39/><D39/><U57/><E124/><V122/><F74/><W126/><G91/><T82/><D82/><U105/><E130/><V134/><F118/><W128/><G128/><T62/><D62/><U61/><E101/><V135/><F122/><W8/><G8/><T35/><D35/><U43/><E105/><V40/><F69/><W102/><G102/><T13/><D13/><U25/><E29/><V5/><F67/><W59/><G59/><T32/><D32/><U45/><E57/><V133/><F22/><W71/><G71/><T12/><D12/><U98/><E98/><V56/><F92/><W99/><G99/><T96/><D96/><U107/><E107/><V86/><F5/><W78/><G78/><AGARI ba="0,0" hai="23,25,31,43,45,48,61,63,78,83,87,93,97,100" machi="78" ten="30,2000,0" yaku="7,1,8,1" doraHai="28" who="1" fromWho="3" sc="77,0,468,20,239,0,216,-20" /><INIT seed="4,0,0,2,1,26" ten="77,488,239,196" oya="0" hai0="38,117,104,46,86,50,40,110,102,44,43,62,70" hai1="88,35,48,108,18,130,45,20,69,83,47,54,95" hai2="24,96,49,11,129,103,82,4,12,125,19,78,66" hai3="41,119,116,114,121,36,113,80,75,126,85,34,77"/><T91/><D91/><U84/><E69/><V21/><F66/><W120/><G34/><T25/><D25/><U33/><E130/><V90/><F129/><W8/><G8/><T98/><D98/><U32/><E108/><V51/><F90/><W52/><G52/><T37/><D37/><U131/><E131/><V71/><F71/><W122/><G126/><T2/><D2/><U115/><E115/><N who="3" m="44042" /><G41/><T89/><D89/><U64/><E64/><V55/><F55/><W73/><G36/><T123/><D123/><U5/><E5/><V28/><F4/><W101/><G101/><T53/><D53/><U15/><REACH who="1" step="1"/><E83/><REACH who="1" ten="77,478,239,196" step="2"/><V81/><F125/><W10/><G10/><T133/><D133/><U97/><E97/><V118/><F118/><AGARI ba="0,1" hai="73,75,77,80,85,116,118,119,120,121,122" m="44042" machi="118" ten="40,8000,1" yaku="13,1,15,1,34,2" doraHai="26" who="3" fromWho="2" sc="77,0,478,0,239,-80,196,90" /><INIT seed="5,0,0,4,0,33" ten="77,478,159,286" oya="1" hai0="109,132,18,78,103,64,66,82,73,26,79,44,40" hai1="117,49,93,24,48,57,37,15,67,85,107,124,43" hai2="38,86,100,42,127,102,28,87,62,91,83,7,126" hai3="98,45,134,4,53,19,65,95,105,35,60,56,9"/><U96/><E107/><V59/><F38/><W1/><G35/><T135/><D135/><U54/><E117/><V128/><F42/><W32/><G32/><T81/><D81/><U71/><E85/><V27/><F7/><W101/><G134/><T131/><D131/><U39/><E24/><V125/><F87/><W90/><G19/><T16/><D16/><U74/><E74/><V133/><F128/><W129/><G129/><T120/><D120/><U111/><E15/><V14/><F14/><W94/><G90/><T70/><D70/><U99/><E99/><V29/><F133/><W89/><G89/><T31/><D31/><U12/><E12/><V97/><F27/><W3/><G3/><T0/><D0/><U104/><E104/><V17/><F17/><W75/><G75/><T61/><D61/><N who="1" m="40431" /><E93/><N who="2" m="58671" /><F100/><W47/><G47/><T23/><D23/><U58/><E96/><V5/><F5/><W121/><G121/><T11/><D11/><U123/><E123/><V115/><F115/><W25/><G25/><T51/><D51/><U68/><E111/><V110/><F110/><W69/><G45/><T84/><D84/><U76/><E68/><V118/><F118/><W36/><G36/><N who="1" m="13898" /><E76/><V106/><F106/><W122/><G122/><T41/><D44/><N who="1" m="25631" /><E124/><V30/><F28/><W46/><REACH who="3" step="1"/><G46/><AGARI ba="0,0" hai="46,49,54,57,58" m="25631,13898,40431" machi="46" ten="30,12000,1" yaku="35,5" doraHai="33" who="1" fromWho="3" sc="77,0,478,120,159,0,286,-120" /><INIT seed="5,1,0,5,1,49" ten="77,598,159,166" oya="1" hai0="0,20,132,120,130,26,121,114,50,99,71,73,62" hai1="64,33,22,83,135,75,65,47,111,24,21,10,30" hai2="107,66,133,15,39,46,6,8,79,38,29,25,17" hai3="131,51,126,122,78,103,113,16,27,96,97,92,18"/><U123/><E123/><V112/><F107/><W106/><G122/><T5/><D5/><U45/><E111/><V70/><F133/><W7/><G7/><T37/><D37/><U108/><E108/><V56/><F70/><W76/><G113/><T93/><D93/><U41/><E135/><V118/><F118/><W53/><G131/><T128/><D128/><U104/><E104/><V48/><F112/><W67/><G67/><T52/><D52/><U63/><E10/><V98/><F98/><W2/><G2/><T84/><D84/><U102/><E102/><V94/><F94/><W44/><G126/><T32/><D32/><U88/><E47/><V125/><F79/><W87/><G87/><T116/><D116/><U134/><E65/><V101/><F101/><W28/><G97/><T81/><D81/><U68/><E134/><V61/><F6/><W4/><G4/><T127/><D127/><U74/><E88/><V124/><F125/><W58/><G106/><T86/><D86/><U117/><E117/><V109/><F109/><W115/><G115/><T85/><D85/><U40/><E40/><N who="2" m="24647" /><F124/><W11/><G11/><T105/><D105/><U54/><E75/><V14/><F14/><W80/><G80/><T72/><D72/><U12/><E12/><V59/><F39/><W100/><G100/><T95/><D95/><U19/><E83/><V90/><F38/><W9/><G44/><T110/><D110/><U36/><E74/><V69/><F90/><W129/><G129/><T23/><D23/><N who="1" m="8715" /><E19/><N who="3" m="7210" /><G9/><T43/><D43/><U77/><E77/><V3/><F3/><RYUUKYOKU ba="1,0" sc="77,-30,598,10,159,10,166,10" hai1="24,30,33,36,41,45,54,63,64,68" hai2="8,15,17,25,29,56,59,61,66,69" hai3="27,28,51,53,58,76,78,92,96,103" /><INIT seed="5,2,0,1,3,102" ten="47,608,169,176" oya="1" hai0="69,108,57,67,47,107,124,41,51,4,19,12,22" hai1="21,98,58,132,50,74,60,122,81,56,42,115,120" hai2="37,135,109,40,119,35,15,117,105,86,16,106,30" hai3="70,31,43,65,32,118,79,29,72,133,2,110,45"/><U0/><E0/><V27/><F109/><W131/><G110/><T68/><D68/><U89/><E115/><V44/><F135/><W23/><G23/><T39/><D39/><U126/><E132/><V49/><F37/><W54/><G54/><T130/><D130/><U52/><E126/><V134/><F134/><W64/><G64/><T113/><D113/><U46/><E74/><V5/><F5/><W63/><G133/><T28/><D28/><U17/><E81/><V93/><F86/><W48/><G48/><T8/><D8/><U129/><E129/><V18/><F93/><W80/><G131/><T76/><D76/><U75/><E75/><V59/><F59/><W33/><G29/><T116/><D116/><U125/><E125/><V94/><F94/><W7/><G118/><T38/><D38/><U10/><BYE who="0" /><E10/><V6/><F6/><W92/><G92/><T66/><D66/><U91/><E98/><V123/><F123/><W53/><G53/><T96/><D96/><U61/><E120/><V121/><F121/><W71/><G71/><T55/><D55/><N who="1" m="33823" /><E122/><V95/><F95/><W103/><G103/><T101/><D101/><U99/><E99/><V62/><F117/><W114/><G114/><T97/><D97/><U104/><E104/><V111/><F119/><W87/><G72/><T9/><D9/><U26/><AGARI ba="2,0" hai="17,21,26,42,46,50,52,58,61,89,91" m="33823" machi="26" ten="30,3000,0" yaku="8,1,54,1" doraHai="102" who="1" fromWho="1" sc="47,-12,608,36,169,-12,176,-12" /><INIT seed="5,3,0,5,1,62" ten="35,644,157,164" oya="1" hai0="117,104,52,119,82,5,112,3,133,86,18,83,90" hai1="99,78,95,132,73,108,46,121,40,68,42,111,92" hai2="56,81,120,25,39,89,22,0,96,100,57,109,134" hai3="4,36,126,110,55,122,114,28,74,125,69,93,103"/><U13/><E121/><V33/><F120/><W50/><G122/><T59/><D59/><U87/><E73/><V38/><F109/><N who="1" m="42057" /><E132/><V128/><F0/><W21/><G110/><T17/><D17/><U123/><E123/><V35/><F134/><W12/><G36/><T106/><D106/><U91/><E68/><V129/><F81/><W27/><G74/><T135/><D135/><U1/><E1/><V65/><F89/><W8/><G69/><T48/><D48/><U79/><E13/><V32/><F100/><W63/><G63/><T118/><D118/><U115/><E115/><V130/><F96/><W10/><G10/><T61/><D61/><U41/><E46/><V102/><F102/><AGARI ba="3,0" hai="40,41,42,78,79,87,91,92,95,99,102" m="42057" machi="102" ten="30,1500,0" yaku="10,1" doraHai="62" who="1" fromWho="2" sc="35,0,644,24,157,-24,164,0" /><INIT seed="5,4,0,2,0,70" ten="35,668,133,164" oya="1" hai0="43,9,131,84,38,79,3,61,58,26,121,62,87" hai1="88,47,111,127,5,72,36,56,19,104,42,114,24" hai2="71,123,0,8,128,106,91,75,107,95,7,112,18" hai3="65,120,81,135,69,49,116,1,103,27,25,40,94"/><U74/><E104/><V31/><F123/><W15/><G1/><T30/><D30/><U37/><E127/><V130/><F75/><W118/><G120/><T129/><D129/><N who="2" m="49770" /><F112/><W57/><G81/><T29/><D29/><U13/><E114/><V110/><F110/><W60/><G135/><T12/><D12/><U34/><E34/><V54/><F71/><W35/><G15/><T85/><D85/><U51/><E111/><V22/><F31/><W89/><G103/><T100/><D100/><U73/><E24/><N who="2" m="14423" /><F54/><N who="3" m="31951" /><G35/><T32/><D32/><U63/><E5/><V2/><F2/><W124/><G124/><T133/><D133/><U76/><E76/><V125/><F125/><W14/><G14/><T33/><D33/><U102/><E102/><V21/><F21/><W83/><G83/><T67/><D67/><U96/><E96/><AGARI ba="4,0" hai="0,7,8,91,95,96,106,107" m="14423,49770" machi="96" ten="30,1000,0" yaku="19,1" doraHai="70" who="2" fromWho="1" sc="35,0,668,-22,133,22,164,0" /><INIT seed="6,0,0,5,3,56" ten="35,646,155,164" oya="2" hai0="95,72,32,16,91,110,119,57,17,129,66,81,114" hai1="132,7,128,75,105,111,27,39,115,46,25,71,89" hai2="112,50,30,120,126,43,93,73,52,22,65,53,78" hai3="102,101,70,62,20,9,127,34,92,48,122,63,86"/><V98/><F120/><W13/><G34/><T94/><D94/><U134/><E89/><V47/><F126/><W60/><G70/><T6/><D6/><U117/><E7/><V80/><F65/><UN n0="%E5%B0%B1%E6%B4%BB%E7%94%9F%40%E5%B7%9D%E6%9D%91%E8%BB%8D%E5%9B%A3" /><W108/><G108/><T79/><D79/><U113/><BYE who="0" /><E25/><V69/><F69/><W3/><G3/><T82/><D82/><U135/><E27/><N who="2" m="16759" /><F73/><W133/><G127/><T116/><D116/><U67/><E75/><V88/><F112/><N who="1" m="43081" /><E105/><V55/><F80/><W38/><G38/><T28/><D28/><U104/><E104/><V107/><F107/><W58/><G122/><T51/><D51/><U42/><E117/><V59/><F78/><W45/><G20/><T131/><D131/><U40/><E128/><V4/><F4/><N who="3" m="3239" /><G58/><AGARI ba="0,0" hai="43,47,50,52,53,55,58,59,88,93,98" m="16759" machi="58" ten="30,5800,0" yaku="8,1,54,2" doraHai="56" who="2" fromWho="3" sc="35,0,646,0,155,58,164,-58" /><INIT seed="6,1,0,5,1,129" ten="35,646,213,106" oya="2" hai0="62,31,58,3,5,83,26,99,100,36,48,122,43" hai1="4,86,93,53,46,119,56,110,20,57,95,50,104" hai2="35,108,8,109,11,6,69,76,112,25,107,106,118" hai3="18,19,75,116,92,70,82,60,67,101,65,71,103"/><V81/><F118/><W102/><G116/><T21/><D21/><U80/><E104/><V47/><F112/><W91/><G82/><T27/><D27/><U16/><E110/><N who="2" m="42603" /><F69/><W38/><G38/><T124/><D124/><U52/><E4/><V127/><F127/><W55/><G55/><T135/><D135/><U12/><E119/><V111/><F47/><W113/><G75/><T41/><D41/><U17/><E17/><V61/><F61/><W13/><G13/><T123/><D123/><U87/><E46/><V7/><F111/><W77/><G77/><T98/><D98/><U126/><E126/><V30/><F7/><W22/><G22/><T78/><D78/><N who="1" m="46359" /><E87/><N who="2" m="48551" /><F11/><W10/><G10/><T51/><D51/><AGARI ba="1,0" hai="12,16,20,50,51,52,53,56,57,93,95" m="46359" machi="51" ten="30,3900,0" yaku="8,1,54,2" doraHai="129" who="1" fromWho="0" sc="35,-42,646,42,213,0,106,0" owari="-7,-51.0,688,79.0,213,1.0,106,-29.0" /></mjloggm>