<mjloggm ver="2.3"><GO type="41" lobby="0"/><UN n0="%68%69%64%65%35%32%31" n1="%E5%B0%B1%E6%B4%BB%E7%94%9F%40%E5%B7%9D%E6%9D%91%E8%BB%8D%E5%9B%A3" n2="%E9%98%BF%E9%BC%BB%E5%8F%AB%E5%96%9A" n3="%E9%9C%8D%E9%9D%92%E5%A8%A5" dan="13,17,15,16" rate="1833.66,2157.18,1990.55,2110.78" sx="M,M,M,F"/><TAIKYOKU oya="0"/><INIT seed="0,0,0,3,0,90" ten="250,250,250,250" oya="0" hai0="14,18,24,41,68,84,97,104,128,32,91,55,110" hai1="11,17,107,127,57,45,89,37,74,21,46,85,123" hai2="73,19,75,22,72,124,64,25,66,60,56,116,76" hai3="88,77,54,15,63,115,93,103,130,5,27,23,58"/><T40/><D68/><U122/><E74/><V62/><F124/><W36/><G115/><T38/><D128/><U102/><E127/><V33/><F33/><W108/><G108/><T35/><D38/><U121/><E11/><V125/><F125/><W86/><G130/><T49/><D104/><U118/><E118/><V12/><F116/><W100/><G36/><T31/><D97/><U135/><E135/><V39/><F39/><W67/><G77/><T117/><D35/><U42/><E46/><V26/><REACH who="2" step="1"/><F76/><REACH who="2" ten="250,250,240,250" step="2"/><W129/><G129/><T4/><D117/><U20/><E123/><V0/><F0/><W48/><G15/><T112/><D110/><U95/><E122/><V7/><F7/><W132/><G5/><T44/><D112/><U2/><E121/><V114/><F114/><W69/><REACH who="3" step="1"/><G132/><REACH who="3" ten="250,250,240,240" step="2"/><T87/><D4/><U52/><E37/><V30/><F30/><AGARI ba="0,2" hai="23,27,30,48,54,58,63,67,69,86,88,93,100,103" machi="30" ten="30,8000,1" yaku="1,1,2,1,7,1,52,1,54,1,53,0" doraHai="90" doraHaiUra="9" who="3" fromWho="2" sc="250,0,250,0,240,-80,240,100" /><INIT seed="1,0,0,5,1,10" ten="250,250,160,340" oya="1" hai0="24,4,32,48,78,92,135,86,55,37,40,41,96" hai1="35,131,98,47,123,126,14,13,52,104,45,79,74" hai2="82,0,117,66,3,30,112,22,89,130,119,90,12" hai3="97,61,49,39,103,54,87,7,113,108,19,65,85"/><U72/><E35/><V120/><F120/><W84/><G113/><T42/><D135/><U114/><E123/><V93/><F112/><W105/><G39/><T69/><D37/><U81/><E114/><V95/><F130/><W102/><G108/><T11/><D69/><U60/><E74/><V122/><F122/><W36/><G36/><T31/><D86/><U62/><E131/><V106/><F82/><W15/><G7/><T71/><D78/><U77/><E126/><V5/><F66/><W118/><G103/><T111/><D71/><U88/><E104/><V23/><F5/><W53/><G49/><T51/><D111/><U29/><E29/><V68/><F68/><W57/><REACH who="3" step="1"/><G118/><REACH who="3" ten="250,250,160,330" step="2"/><T16/><D4/><U46/><E72/><V58/><F119/><W70/><G70/><T80/><D48/><U127/><E127/><V76/><F117/><W75/><G75/><T116/><D116/><U129/><E129/><V18/><F106/><W67/><G67/><T125/><D125/><U99/><E62/><V64/><F64/><W91/><G91/><T50/><D51/><U124/><E124/><V94/><F76/><N who="1" m="29257" /><E52/><V56/><F93/><W34/><G34/><T73/><D55/><U9/><E60/><V59/><F59/><W20/><AGARI ba="0,1" hai="15,19,20,53,54,57,61,65,84,85,87,97,102,105" machi="20" ten="30,4000,0" yaku="1,1,0,1,52,1,53,0" doraHai="10" doraHaiUra="109" who="3" fromWho="3" sc="250,-10,250,-20,160,-10,330,50" /><INIT seed="2,0,0,4,1,101" ten="240,230,150,380" oya="2" hai0="31,40,67,128,123,48,52,90,45,121,58,107,78" hai1="73,69,57,17,47,50,33,51,36,19,4,132,109" hai2="104,122,23,77,93,60,115,124,80,62,2,87,9" hai3="68,84,118,64,5,79,61,11,126,135,24,129,82"/><V108/><F122/><W102/><G118/><T37/><D128/><U55/><E69/><V41/><F115/><W125/><G129/><T14/><D78/><U66/><E73/><V106/><F124/><N who="3" m="47723" /><G135/><T75/><D75/><U44/><E33/><V133/><F133/><W63/><G102/><T35/><D31/><U49/><E109/><V134/><F134/><W127/><G127/><T65/><D35/><U96/><E132/><V88/><F41/><W76/><G24/><T30/><D30/><U100/><E4/><V0/><F23/><W70/><G79/><T113/><D113/><U8/><E36/><V117/><F117/><W98/><G98/><T13/><D90/><U34/><E34/><V112/><F112/><W105/><G105/><T59/><D107/><U16/><E8/><V53/><F108/><W20/><G20/><T15/><REACH who="0" step="1"/><D58/><REACH who="0" ten="230,230,150,380" step="2"/><U99/><E100/><V7/><F0/><W54/><G76/><T92/><D92/><U110/><E110/><V22/><F22/><W18/><G82/><T94/><D94/><U32/><E32/><V46/><F62/><W111/><G63/><T97/><D97/><N who="1" m="37451" /><E66/><AGARI ba="0,1" hai="13,14,15,37,40,45,48,52,59,65,66,67,121,123" machi="66" ten="40,2600,0" yaku="1,1,54,1,53,0" doraHai="101" doraHaiUra="91" who="0" fromWho="1" sc="230,36,230,-26,150,0,380,0" /><INIT seed="3,0,0,2,0,117" ten="266,204,150,380" oya="3" hai0="77,25,98,116,71,21,28,111,27,57,54,14,105" hai1="33,81,79,96,83,53,126,44,95,114,60,36,40" hai2="128,73,30,43,120,107,103,99,5,102,22,104,129" hai3="78,132,94,58,48,10,115,13,39,8,92,88,112"/><W75/><G39/><T55/><D116/><U37/><E114/><V108/><F43/><W65/><G94/><T118/><D71/><U124/><E33/><V20/><F5/><W113/><G132/><T45/><D118/><U26/><E37/><V101/><F30/><W61/><G48/><T125/><D77/><U68/><E26/><V119/><F119/><W19/><G10/><T67/><D125/><N who="1" m="48235" /><E79/><V2/><F2/><W1/><G1/><T63/><D105/><N who="2" m="40522" /><F73/><W17/><G78/><T74/><D74/><U6/><E6/><V7/><F7/><W59/><G75/><T133/><D133/><U85/><E85/><V135/><F135/><W90/><G90/><T24/><D98/><U34/><E34/><V86/><F86/><W15/><G59/><T18/><D111/><U12/><E12/><V123/><F108/><W127/><G127/><T93/><D93/><U0/><E0/><V16/><F99/><W70/><G70/><T4/><D4/><U122/><E81/><V51/><F51/><W131/><G15/><T42/><D28/><U50/><E83/><V52/><F52/><W66/><G13/><T47/><REACH who="0" step="1"/><D45/><REACH who="0" ten="256,204,150,380" step="2"/><U109/><E109/><V31/><F31/><W80/><G112/><T97/><D97/><U130/><E95/><V11/><F22/><W100/><G113/><T23/><D23/><U110/><E96/><V87/><F87/><W72/><G115/><T91/><D91/><U134/><E110/><V3/><F20/><W106/><G72/><T64/><D64/><U69/><E134/><V121/><F3/><W46/><G66/><RYUUKYOKU ba="0,1" sc="256,15,204,-15,150,15,380,-15" hai0="14,18,21,24,25,27,42,47,54,55,57,63,67" hai2="11,16,101,102,103,120,121,123,128,129" /><INIT seed="4,1,1,3,4,1" ten="271,189,165,365" oya="0" hai0="80,48,20,116,115,74,54,26,14,98,67,36,89" hai1="35,6,13,122,41,34,30,88,52,7,66,40,130" hai2="73,101,0,106,8,55,12,132,9,134,82,45,129" hai3="86,68,84,133,109,56,77,78,99,117,127,118,90"/><T59/><D116/><U33/><E122/><V131/><F0/><W97/><G68/><T105/><D36/><U108/><E108/><V124/><F101/><W58/><G90/><T111/><D67/><U57/><E66/><V95/><F106/><W4/><G4/><T15/><D111/><U65/><E65/><V28/><F28/><W100/><G100/><T38/><D38/><U43/><E130/><N who="2" m="49675" /><F95/><W87/><G109/><T135/><D135/><N who="2" m="51754" /><F82/><W103/><G133/><T76/><D115/><U128/><E128/><V79/><F79/><W83/><G103/><T31/><D105/><U69/><E69/><V114/><F73/><W2/><G2/><T17/><D98/><U123/><E123/><V102/><F102/><W11/><G97/><T64/><D64/><U51/><E30/><V70/><F70/><W121/><G99/><T18/><D89/><U16/><REACH who="1" step="1"/><E88/><REACH who="1" ten="271,179,165,365" step="2"/><V96/><F114/><W29/><G121/><T92/><D92/><U50/><E50/><N who="2" m="29135" /><F96/><W75/><G29/><T39/><D31/><U21/><AGARI ba="1,2" hai="6,7,13,16,21,33,34,35,40,41,43,51,52,57" machi="21" ten="40,12000,2" yaku="1,1,0,1,52,2,54,2,53,0" doraHai="1" doraHaiUra="85" who="1" fromWho="1" sc="271,-61,179,143,165,-31,365,-31" /><INIT seed="5,0,0,0,5,94" ten="210,322,134,334" oya="1" hai0="133,88,89,82,121,125,130,134,11,56,60,35,80" hai1="38,34,75,27,1,25,21,19,4,57,45,48,5" hai2="126,83,54,40,73,128,52,84,63,39,115,55,120" hai3="50,28,86,81,61,135,118,23,70,97,76,77,3"/><U100/><E75/><V10/><F120/><W68/><G3/><T13/><D35/><U16/><E38/><V30/><F128/><W123/><G123/><T22/><D121/><U66/><E1/><V59/><F73/><W65/><G135/><T44/><D44/><U96/><E57/><V104/><F104/><W85/><G118/><T17/><D130/><U103/><E66/><V111/><F111/><W114/><G114/><T102/><D102/><U110/><E110/><V42/><F126/><W117/><G117/><T8/><D125/><U90/><E90/><V7/><F30/><W92/><G50/><T49/><D49/><U15/><E100/><V31/><F31/><W74/><G70/><T113/><D113/><U119/><E119/><V95/><F95/><W67/><G67/><T32/><D32/><U108/><E108/><V69/><F69/><W131/><G77/><T41/><D41/><N who="2" m="15978" /><F39/><W64/><G64/><T12/><D22/><U29/><E96/><V62/><F115/><W0/><G0/><T6/><D134/><U132/><E103/><V107/><F59/><N who="3" m="37055" /><G131/><T112/><D112/><U99/><E99/><V33/><F33/><W24/><G68/><T37/><D37/><U98/><E98/><V20/><F20/><W87/><G74/><T105/><D105/><U106/><E106/><V43/><N who="2" m="15986" /><V14/><DORA hai="26" /><F107/><W47/><G47/><T46/><D46/><U122/><E122/><V109/><F109/><W101/><AGARI ba="0,0" hai="23,24,28,76,81,85,86,87,92,97,101" m="37055" machi="101" ten="30,7900,0" yaku="25,1,8,1,52,2" doraHai="94,26" who="3" fromWho="3" sc="210,-20,322,-39,134,-20,334,79" /><INIT seed="6,0,0,5,2,43" ten="190,283,114,413" oya="2" hai0="108,111,12,17,19,3,94,128,76,64,116,48,66" hai1="60,104,44,27,57,14,101,112,114,42,47,85,10" hai2="58,127,93,65,133,37,28,26,8,51,105,52,22" hai3="39,82,103,49,23,119,13,54,77,59,80,74,45"/><V7/><F105/><W124/><G119/><T40/><D40/><U63/><E104/><V55/><F37/><W1/><G1/><T15/><D3/><U86/><E101/><V35/><F133/><W81/><G103/><T70/><D76/><U62/><E27/><V115/><F127/><W72/><G72/><T6/><D6/><U79/><E57/><V53/><F115/><N who="1" m="44073" /><E79/><V31/><F35/><W4/><G124/><T98/><D70/><U67/><E67/><V32/><F32/><W18/><G4/><T88/><D128/><U126/><E126/><V92/><F31/><W9/><G23/><T24/><D24/><U30/><E30/><V89/><F65/><W25/><G25/><T87/><D116/><U100/><E100/><V99/><REACH who="2" step="1"/><F93/><REACH who="2" ten="190,283,104,413" step="2"/><W56/><G39/><T131/><D111/><U121/><E121/><V75/><F75/><W134/><G134/><T117/><D108/><U130/><E130/><V107/><F107/><W118/><G118/><T132/><D117/><U36/><E60/><V61/><F61/><W73/><G73/><T102/><D131/><U113/><E63/><V46/><F46/><W78/><G74/><T83/><D132/><U16/><E62/><V11/><F11/><W50/><G45/><T110/><D48/><N who="1" m="26647" /><E113/><V68/><F68/><W33/><G33/><T34/><D34/><U120/><E120/><V5/><F5/><W106/><G106/><T123/><D123/><U41/><AGARI ba="0,1" hai="10,14,16,36,41,47,85,86" m="26647,44073" machi="41" ten="30,7900,0" yaku="15,1,52,2,54,1" doraHai="43" who="1" fromWho="1" sc="190,-20,283,89,104,-39,413,-20" /><INIT seed="7,0,0,5,5,99" ten="170,372,65,393" oya="3" hai0="120,63,57,121,59,133,97,34,9,14,1,103,13" hai1="123,65,76,58,88,83,56,19,75,78,22,33,60" hai2="108,80,32,48,129,36,54,25,86,94,61,5,37" hai3="20,17,29,70,47,101,35,114,106,73,0,118,122"/><W39/><RYUUKYOKU type="yao9" ba="0,0" sc="170,0,372,0,65,0,393,0" hai3="0,17,20,29,35,39,47,70,73,101,106,114,118,122" /><INIT seed="7,1,0,2,3,62" ten="170,372,65,393" oya="3" hai0="27,2,111,91,84,127,125,101,16,59,133,97,7" hai1="67,26,28,95,41,3,50,94,43,4,103,36,120" hai2="19,71,99,44,115,39,53,11,109,1,121,80,9" hai3="30,47,130,31,73,38,107,102,113,15,76,61,48"/><W29/><G38/><T81/><D111/><U114/><E36/><V93/><F109/><W132/><G113/><T88/><D7/><U12/><E114/><V77/><F121/><W8/><G130/><T90/><D2/><U23/><E120/><V21/><F115/><W66/><G132/><T122/><D122/><U22/><E3/><V34/><F71/><W42/><G107/><T18/><D133/><U17/><E4/><V119/><F34/><W32/><G32/><T35/><D59/><U131/><E131/><V72/><F119/><W56/><G102/><T112/><D112/><U96/><E67/><V57/><F1/><W104/><G104/><T70/><D70/><U49/><REACH who="1" step="1"/><E95/><REACH who="1" ten="170,362,65,393" step="2"/><V25/><F39/><W123/><G123/><T37/><D37/><U92/><E92/><V40/><F40/><AGARI ba="1,1" hai="12,17,22,23,26,28,40,41,43,49,50,94,96,103" machi="40" ten="40,2600,0" yaku="1,1,8,1,53,0" doraHai="62" doraHaiUra="79" who="1" fromWho="2" sc="170,0,362,39,65,-29,393,0" owari="170,-23.0,401,50.0,36,-46.0,393,19.0" /></mjloggm>