<mjloggm ver="2.3"><GO type="225" lobby="0"/><UN n0="%E6%9D%89%E6%B5%A6%E7%B6%BE%E4%B9%83%76" n1="%E3%83%88%E3%83%88%E3%83%AA%E5%85%88%E7%94%9F%31%39%E6%AD%B3" n2="%E7%89%B9%E4%B8%8A%E3%81%AE%E9%A4%8A%E5%88%86" n3="%6B%79%6F%6E%6B%6F%31%31" dan="16,17,16,17" rate="2164.64,2234.22,2092.08,2222.21" sx="M,F,M,M"/><TAIKYOKU oya="0"/><INIT seed="0,0,0,4,0,25" ten="250,250,250,250" oya="0" hai0="123,76,40,77,45,84,53,11,122,78,44,28,30" hai1="124,109,75,59,10,41,6,43,126,33,114,0,32" hai2="63,135,36,58,67,99,91,21,90,38,13,5,48" hai3="16,15,72,52,57,23,35,9,118,110,103,22,87"/><T93/><D11/><U98/><E75/><V133/><F48/><W68/><G72/><T86/><D53/><U83/><E109/><V27/><F38/><W106/><G68/><T69/><D69/><U71/><E71/><V85/><F36/><W34/><G118/><T17/><D17/><U29/><E114/><V42/><F42/><W116/><G116/><T74/><D74/><U112/><E112/><V56/><F56/><W125/><G110/><T14/><D14/><U37/><E83/><V65/><F65/><W129/><G125/><N who="1" m="48234" /><E29/><N who="0" m="11369" /><D40/><N who="1" m="15435" /><E37/><V120/><F120/><N who="0" m="46122" /><D93/><U81/><E81/><V24/><F13/><W54/><G35/><T19/><D19/><U46/><E46/><AGARI ba="0,0" hai="44,45,46,76,77,78,84,86" m="46122,11369" machi="46" ten="40,12000,1" yaku="28,2,52,3" doraHai="25" who="0" fromWho="1" sc="250,120,250,-120,250,0,250,0" /><INIT seed="0,1,0,2,3,38" ten="370,130,250,250" oya="0" hai0="24,81,22,26,102,121,106,15,85,37,33,118,49" hai1="105,71,103,77,57,93,9,7,110,78,129,17,31" hai2="48,124,94,101,34,56,69,74,5,134,130,32,21" hai3="80,53,61,27,41,28,75,114,133,59,107,132,125"/><T6/><D37/><U88/><E71/><V46/><F69/><W23/><G107/><T104/><D118/><U0/><E110/><V10/><F74/><W45/><G114/><T36/><D36/><U108/><E108/><V42/><F124/><W35/><G125/><T47/><D121/><U50/><E129/><V92/><F130/><W43/><G35/><T19/><D102/><U66/><E31/><V90/><F134/><N who="3" m="51819" /><G45/><T72/><D72/><U95/><E105/><V100/><F21/><W119/><G119/><T135/><D135/><U99/><E17/><V116/><F116/><W39/><G39/><T96/><D96/><U52/><REACH who="1" step="1"/><E66/><REACH who="1" ten="370,120,250,250" step="2"/><V11/><F34/><W87/><G75/><T62/><D33/><U98/><AGARI ba="1,1" hai="0,7,9,50,52,57,77,78,88,93,95,98,99,103" machi="98" ten="20,12000,2" yaku="1,1,2,1,0,1,7,1,54,2,53,0" doraHai="38" doraHaiUra="12" who="1" fromWho="1" sc="370,-61,120,133,250,-31,250,-31" /><INIT seed="1,0,0,3,4,55" ten="309,253,219,219" oya="1" hai0="78,89,31,51,127,107,114,22,109,47,121,130,71" hai1="0,88,111,99,43,16,68,75,82,23,52,113,59" hai2="134,5,122,67,72,11,40,63,25,30,131,60,50" hai3="123,20,80,42,70,84,15,119,13,112,12,93,48"/><U106/><E113/><V79/><F122/><W38/><G70/><T64/><D114/><U105/><E68/><V10/><F134/><W28/><G112/><T6/><D107/><U86/><E0/><V2/><F131/><W108/><G123/><T66/><D121/><U8/><E111/><V74/><F11/><W34/><G38/><T4/><D109/><U87/><E75/><V61/><F67/><N who="0" m="25642" /><D71/><U26/><E43/><V97/><F97/><W83/><G34/><T65/><D65/><U100/><E8/><V33/><REACH who="2" step="1"/><F79/><REACH who="2" ten="309,253,209,219" step="2"/><W124/><G108/><T73/><D78/><U9/><E9/><V49/><F49/><W98/><G119/><T77/><D51/><U90/><E99/><V129/><F129/><W14/><G124/><T101/><D77/><U58/><E100/><V56/><F56/><W7/><G7/><T44/><D101/><U81/><E58/><V17/><F17/><N who="3" m="10279" /><G28/><T24/><D127/><U18/><E18/><V3/><F3/><W69/><G69/><T46/><D130/><U103/><E103/><V35/><F35/><W41/><G48/><AGARI ba="0,1" hai="16,23,26,48,52,59,81,82,86,87,88,90,105,106" machi="48" ten="30,18000,2" yaku="7,1,9,1,52,1,54,3" doraHai="55" who="1" fromWho="3" sc="309,0,253,190,209,0,219,-180" /><INIT seed="1,1,0,5,2,67" ten="309,443,209,39" oya="1" hai0="96,50,83,18,121,93,120,133,106,114,6,8,42" hai1="53,123,99,58,21,31,116,90,125,118,47,43,82" hai2="95,32,117,1,14,40,126,20,102,92,134,113,69" hai3="49,19,104,79,107,13,17,132,105,7,64,60,22"/><U25/><E123/><N who="0" m="47177" /><D106/><U78/><E125/><V85/><F32/><W103/><G132/><T12/><D114/><U108/><E108/><V80/><F1/><W29/><G79/><T24/><D133/><U65/><E65/><V44/><F117/><W56/><G7/><T76/><D24/><U23/><E23/><V88/><F134/><W51/><G29/><T5/><D50/><U52/><E90/><V86/><F126/><W84/><G103/><N who="0" m="60815" /><D42/><U2/><E99/><V36/><F113/><W48/><G84/><AGARI ba="1,0" hai="5,6,8,12,18,76,83,84" m="60815,47177" machi="84" ten="30,1000,0" yaku="13,1" doraHai="67" who="0" fromWho="3" sc="309,13,443,0,209,0,39,-13" /><INIT seed="2,0,0,1,0,132" ten="322,443,209,26" oya="2" hai0="26,92,59,72,121,11,86,60,109,51,88,82,133" hai1="14,15,35,5,16,30,19,29,49,126,37,102,43" hai2="90,8,87,33,73,4,70,40,101,135,61,27,68" hai3="2,48,120,91,124,50,6,46,78,116,113,131,69"/><V119/><F73/><W31/><G69/><T45/><D121/><U41/><E37/><V117/><F135/><W130/><G78/><T39/><D133/><U85/><E126/><V13/><F40/><W76/><G76/><T54/><D39/><U110/><E110/><V94/><F101/><W114/><G31/><T28/><D109/><U10/><E102/><V23/><F33/><W127/><G120/><T21/><D72/><U47/><E35/><V122/><F122/><W104/><G104/><T58/><D92/><U99/><E99/><V98/><F87/><W79/><G79/><T81/><D81/><U22/><E43/><V3/><F3/><W38/><G116/><T57/><REACH who="0" step="1"/><D11/><REACH who="0" ten="312,443,209,26" step="2"/><N who="1" m="4463" /><E85/><V32/><F119/><W66/><G38/><T115/><D115/><N who="3" m="44041" /><G66/><T112/><D112/><U12/><AGARI ba="0,1" hai="10,12,15,16,19,22,29,30,41,47,49" m="4463" machi="12" ten="30,2000,0" yaku="8,1,54,1" doraHai="132" who="1" fromWho="1" sc="312,-5,443,30,209,-10,26,-5" /><INIT seed="3,0,0,5,5,25" ten="307,473,199,21" oya="3" hai0="15,60,94,96,21,14,106,75,109,123,88,9,132" hai1="119,18,3,0,34,37,91,13,111,116,117,4,74" hai2="126,51,12,120,49,71,40,107,41,7,32,16,56" hai3="5,80,127,114,110,30,35,38,48,1,105,57,79"/><W54/><G114/><T84/><D123/><U115/><E115/><V89/><F71/><W133/><G105/><T101/><D75/><U83/><E111/><V102/><F32/><W19/><G38/><T27/><D109/><U46/><E34/><V52/><F120/><W64/><G110/><T103/><D132/><U67/><E67/><V68/><F68/><W99/><G133/><T92/><D106/><U6/><E46/><V98/><F126/><W130/><G127/><T50/><D50/><U81/><E37/><V95/><F7/><N who="1" m="2601" /><E91/><V108/><F108/><W24/><G130/><T85/><D9/><N who="1" m="6447" /><E74/><V11/><F51/><W87/><G64/><T45/><D45/><U135/><E135/><V78/><F78/><W72/><G19/><T39/><D85/><AGARI ba="0,0" hai="11,12,16,40,41,49,52,56,85,89,95,98,102,107" machi="85" ten="30,3900,0" yaku="7,1,54,2" doraHai="25" who="2" fromWho="0" sc="307,-39,473,0,199,39,21,0" owari="268,7.0,473,57.0,238,-16.0,21,-48.0" /></mjloggm>