<mjloggm ver="2.3"><GO type="97" lobby="0"/><UN n0="%E9%AD%82%E9%AD%84%E5%A6%96%E5%A4%A2%2A" n1="%E3%81%B7%E3%83%BC%E3%81%A9%E3%82%8B%E3%81%A1%E3%82%83%E3%82%93" n2="%E3%81%AF%E3%81%AA%E3%81%BE%E3%82%8B%E3%81%8D" n3="%E5%B0%B1%E6%B4%BB%E7%94%9F%40%E5%B7%9D%E6%9D%91%E8%BB%8D%E5%9B%A3" dan="14,14,15,15" rate="1927.67,1874.67,1951.84,1986.32" sx="F,M,M,M"/><TAIKYOKU oya="0"/><INIT seed="0,0,0,5,4,11" ten="250,250,250,250" oya="0" hai0="49,117,85,98,68,75,20,30,105,67,21,58,132" hai1="10,33,13,6,37,29,71,84,76,115,78,53,62" hai2="121,102,83,43,3,70,63,99,36,24,56,12,120" hai3="129,23,50,16,73,41,28,111,38,80,133,57,32"/><T5/><D75/><U118/><E37/><V125/><F3/><W79/><G38/><T40/><D68/><U127/><E118/><V101/><F70/><W61/><G129/><T47/><D5/><U27/><E115/><V19/><F125/><W109/><G133/><T39/><D132/><U25/><E127/><V0/><F0/><W119/><G119/><T131/><D131/><U4/><E27/><V89/><F24/><W97/><G97/><T1/><D1/><U86/><E86/><V51/><F36/><W35/><G28/><T100/><D117/><U42/><E42/><V113/><F113/><W18/><G50/><T17/><D30/><U72/><E72/><V96/><F121/><W55/><G41/><T54/><D17/><N who="3" m="6761" /><G23/><T128/><D128/><U31/><E4/><V123/><F123/><W106/><G106/><T95/><D67/><U26/><E84/><N who="2" m="50335" /><F120/><W88/><G88/><T94/><D85/><U22/><E71/><V124/><F124/><W87/><G73/><T112/><D112/><U130/><E130/><V82/><F82/><W135/><G135/><T48/><D39/><U93/><E93/><V126/><F126/><W74/><G74/><T64/><D64/><U108/><E108/><AGARI ba="0,0" hai="32,35,55,57,61,79,80,87,108,109,111" m="6761" machi="108" ten="30,2000,0" yaku="14,1,54,1" doraHai="11" who="3" fromWho="1" sc="250,0,250,-20,250,0,250,20" /><INIT seed="1,0,0,2,5,1" ten="250,230,250,270" oya="1" hai0="123,96,31,99,79,119,113,25,7,38,74,81,86" hai1="41,107,36,23,61,56,16,64,101,44,112,70,72" hai2="8,21,90,128,88,3,65,102,114,68,13,48,100" hai3="67,130,89,63,59,51,60,29,43,111,105,32,39"/><U77/><E112/><V42/><F3/><W97/><G39/><T11/><D119/><U103/><E107/><V30/><F114/><W93/><G130/><T78/><D113/><U117/><E117/><V69/><F128/><W62/><G111/><T108/><D108/><U131/><E131/><V12/><F69/><W33/><G105/><T75/><D123/><U98/><E98/><V0/><F0/><W34/><REACH who="3" step="1"/><G29/><REACH who="3" ten="250,230,250,260" step="2"/><T122/><D122/><U115/><E115/><V55/><F30/><W40/><G40/><T73/><D38/><U22/><E22/><V120/><F42/><W129/><G129/><T84/><D31/><U4/><E4/><V10/><F21/><W37/><G37/><T118/><D118/><U76/><E72/><V24/><F120/><W135/><G135/><T52/><D75/><U46/><E46/><AGARI ba="0,1" hai="32,33,34,43,46,51,59,60,62,63,67,89,93,97" machi="46" ten="40,1300,0" yaku="1,1,53,0" doraHai="1" doraHaiUra="132" who="3" fromWho="1" sc="250,0,230,-13,250,0,260,23" /><INIT seed="2,0,0,5,1,82" ten="250,217,250,283" oya="2" hai0="51,13,96,105,132,37,83,84,60,15,50,22,73" hai1="70,53,56,9,35,71,89,32,24,129,77,118,33" hai2="112,65,103,102,18,64,20,16,17,93,76,4,100" hai3="34,19,59,111,43,123,55,3,114,57,133,134,95"/><V46/><F112/><W67/><G34/><T36/><D132/><N who="3" m="50793" /><G3/><T116/><D73/><U41/><E118/><V48/><F4/><W92/><G114/><T72/><D72/><U124/><E124/><V122/><F122/><W10/><G111/><T0/><D0/><U79/><E129/><V42/><F76/><W125/><G125/><T128/><D128/><U44/><E9/><V14/><F93/><N who="3" m="35915" /><G43/><T5/><D116/><U12/><E12/><V87/><F87/><W88/><G123/><T30/><D37/><U78/><E24/><N who="2" m="14343" /><F18/><W115/><G115/><T1/><D36/><U31/><E89/><V127/><F127/><W85/><G67/><T104/><D1/><U58/><E31/><V109/><F109/><W23/><G55/><T94/><D5/><U130/><E130/><V39/><F39/><W101/><G101/><T27/><D60/><U126/><E126/><V80/><F80/><N who="3" m="49191" /><G10/><AGARI ba="0,0" hai="10,14,17,42,46,48,64,65,100,102,103" m="14343" machi="10" ten="30,2900,0" yaku="8,1,54,1" doraHai="82" who="2" fromWho="3" sc="250,0,217,0,250,29,283,-29" /><INIT seed="2,1,0,0,4,45" ten="250,217,279,254" oya="2" hai0="78,5,118,26,20,88,58,119,86,98,38,9,134" hai1="48,125,105,103,97,42,16,109,15,17,29,101,65" hai2="122,127,49,28,18,129,46,132,77,7,112,131,80" hai3="47,85,27,114,87,117,59,102,106,123,10,116,73"/><V23/><F122/><W64/><G73/><T1/><D38/><U96/><E125/><V55/><F127/><W2/><G123/><T39/><D39/><U126/><E126/><V84/><F112/><W52/><G114/><T104/><D134/><U12/><E109/><V81/><F132/><W43/><G64/><T14/><D78/><U82/><E65/><V75/><F7/><W61/><G106/><T44/><D44/><U35/><E82/><V13/><REACH who="2" step="1"/><F28/><REACH who="2" ten="250,217,269,254" step="2"/><W91/><G116/><T25/><D118/><U24/><E42/><V11/><F11/><W57/><G117/><T4/><D119/><U100/><E105/><V74/><F74/><W53/><G10/><T54/><D5/><U68/><E68/><V8/><F8/><W3/><G3/><T115/><D1/><U121/><E121/><V135/><F135/><W92/><G2/><T67/><D4/><U99/><REACH who="1" step="1"/><E48/><REACH who="1" ten="250,207,269,254" step="2"/><V69/><F69/><W70/><G70/><T120/><D120/><U60/><E60/><V22/><F22/><W130/><G61/><T36/><D20/><U32/><E32/><V62/><F62/><W30/><G43/><T128/><D104/><U83/><E83/><V31/><F31/><W124/><G30/><T56/><D128/><U41/><E41/><V34/><F34/><W33/><G33/><T108/><D115/><U79/><E79/><AGARI ba="1,2" hai="13,18,23,46,49,55,75,77,79,80,81,84,129,131" machi="79" ten="40,3900,0" yaku="1,1,52,1,53,0" doraHai="45" doraHaiUra="89" who="2" fromWho="1" sc="250,0,207,-42,269,62,254,0" /><INIT seed="2,2,0,0,0,111" ten="250,165,331,254" oya="2" hai0="20,59,71,91,125,93,73,132,2,18,32,23,113" hai1="76,116,115,78,43,53,80,29,66,102,88,83,38" hai2="30,16,6,0,74,104,64,82,60,61,110,25,17" hai3="11,114,34,107,27,117,97,129,5,105,31,8,57"/><V103/><F110/><W96/><G117/><T35/><D71/><U1/><E116/><V52/><F61/><W39/><G39/><T135/><D73/><U119/><E115/><V63/><F60/><W108/><G108/><T56/><D2/><U14/><E119/><V51/><F0/><W131/><G57/><T68/><D113/><U67/><E1/><V123/><F6/><W112/><G97/><N who="0" m="57535" /><D68/><U4/><E38/><V72/><F123/><W45/><G45/><T19/><D125/><U47/><E102/><V15/><F15/><N who="3" m="5519" /><G11/><T69/><D69/><U86/><E29/><V90/><F72/><W95/><G107/><T84/><D84/><U33/><E53/><V100/><F74/><W62/><G62/><T36/><D36/><U46/><E43/><V50/><F104/><W118/><G105/><T28/><D35/><U120/><E120/><V7/><F52/><W26/><G26/><N who="0" m="18455" /><D59/><U94/><E33/><V58/><F58/><W37/><G118/><T75/><D56/><U22/><E4/><V130/><F63/><W87/><G87/><T79/><D79/><U122/><E122/><V121/><F121/><W133/><G37/><T124/><D75/><U24/><E14/><V13/><F13/><W106/><G106/><T89/><D20/><U9/><E22/><V128/><F25/><W48/><G48/><T40/><D23/><U65/><E9/><V21/><F51/><W81/><G81/><N who="1" m="31306" /><E24/><V134/><F50/><W99/><G99/><T42/><D40/><U127/><E127/><V41/><F41/><W12/><G114/><T10/><D124/><RYUUKYOKU ba="2,0" sc="250,-10,165,30,331,-10,254,-10" hai1="46,47,65,66,67,76,78,86,88,94" /><INIT seed="3,3,0,3,1,59" ten="240,195,321,244" oya="3" hai0="63,4,116,121,76,119,20,56,8,126,130,7,51" hai1="72,43,41,38,2,26,78,111,50,3,16,71,92" hai2="58,91,114,74,79,37,6,54,123,9,68,83,53" hai3="19,13,73,60,134,24,98,40,89,87,14,125,80"/><W64/><G125/><T124/><D121/><U52/><E71/><V46/><F123/><W57/><G134/><T101/><D101/><U39/><E111/><V11/><F68/><W122/><G122/><T12/><D76/><U77/><E92/><V96/><F114/><W42/><G73/><T67/><D130/><U113/><E113/><V97/><F11/><W95/><G24/><T103/><D103/><U33/><E33/><V129/><F129/><W30/><G30/><T115/><D115/><U100/><E100/><V112/><F112/><W104/><G104/><T117/><D20/><U105/><E105/><V34/><F34/><W82/><G14/><T23/><D23/><U10/><E10/><V109/><F109/><W61/><G61/><T102/><D102/><U110/><E110/><V118/><F118/><W18/><G18/><T48/><D4/><U47/><E72/><V44/><F44/><W81/><REACH who="3" step="1"/><G98/><REACH who="3" ten="240,195,321,234" step="2"/><T25/><D25/><U120/><E120/><V22/><F97/><W127/><G127/><AGARI ba="3,1" hai="7,8,12,48,51,56,63,67,116,117,119,124,126,127" machi="127" ten="50,3200,0" yaku="18,1,52,1" doraHai="59" who="0" fromWho="3" sc="240,51,195,0,321,0,234,-41" owari="291,9.0,195,-20.0,321,42.0,193,-31.0" /></mjloggm>