<mjloggm ver="2.3"><GO type="97" lobby="0"/><UN n0="%73%68%75%6B%61" n1="%E5%B0%B1%E6%B4%BB%E7%94%9F%40%E5%B7%9D%E6%9D%91%E8%BB%8D%E5%9B%A3" n2="%E6%B8%8B%E8%B0%B7%E5%B0%AD%E6%B7%B1%EF%BC%A0%E8%99%8E%E5%A7%AB" n3="%E3%83%96%E3%83%B3%E3%82%AC%E3%82%AF" dan="14,15,14,13" rate="1913.78,2051.84,1910.82,1872.96" sx="M,M,F,M"/><TAIKYOKU oya="0"/><INIT seed="0,0,0,5,3,28" ten="250,250,250,250" oya="0" hai0="107,45,7,20,91,32,12,60,126,69,97,128,50" hai1="129,17,127,31,135,120,99,125,98,51,106,11,19" hai2="9,89,118,134,113,14,81,71,35,115,57,56,131" hai3="124,68,37,8,38,61,53,43,84,33,54,47,132"/><T105/><D126/><N who="1" m="48139" /><E120/><V36/><F118/><W102/><G102/><T117/><D117/><U25/><E129/><V30/><F71/><W76/><G132/><T5/><D128/><U103/><E135/><V24/><F36/><W78/><G124/><T21/><D32/><N who="1" m="20591" /><E98/><V29/><F134/><W64/><G8/><T65/><D105/><U93/><E106/><V80/><F30/><W18/><G76/><T63/><D107/><U22/><E22/><V110/><F131/><W119/><G119/><T13/><D69/><U90/><E103/><V70/><F70/><W6/><G6/><N who="0" m="2059" /><D65/><U10/><E51/><V23/><F115/><W58/><G18/><AGARI ba="0,0" hai="10,11,17,18,19,90,93,99" m="20591,48139" machi="18" ten="30,2000,0" yaku="18,1,52,1" doraHai="28" who="1" fromWho="3" sc="250,0,250,20,250,0,250,-20" /><INIT seed="1,0,0,1,3,6" ten="250,270,250,230" oya="1" hai0="117,120,97,124,96,53,86,7,105,73,55,93,104" hai1="112,77,64,134,26,27,66,103,101,71,32,125,126" hai2="75,16,118,41,45,131,121,91,70,58,47,15,92" hai3="123,3,63,0,43,2,13,67,100,135,89,83,79"/><U61/><E112/><V54/><F118/><W1/><G123/><T9/><D117/><U49/><E134/><V81/><F121/><W28/><G135/><T65/><D120/><U17/><E77/><V30/><F70/><W11/><G100/><T122/><D73/><U69/><E49/><N who="2" m="31055" /><F131/><W95/><G43/><T24/><D122/><U111/><E111/><V18/><F75/><W109/><G28/><T44/><D124/><N who="1" m="47723" /><E17/><V48/><F30/><W106/><G106/><T82/><D65/><N who="1" m="25195" /><E61/><V127/><F127/><W80/><G109/><T85/><D104/><U74/><E74/><V76/><F47/><W88/><N who="3" m="512" /><DORA hai="68" /><W20/><G20/><T42/><D105/><U102/><E32/><V37/><F18/><W94/><G79/><T129/><D129/><U4/><E4/><V133/><F37/><W46/><G46/><T90/><D24/><AGARI ba="0,0" hai="24,26,27,69,71,101,102,103" m="25195,47723" machi="24" ten="40,7700,0" yaku="28,2,18,1" doraHai="6,68" who="1" fromWho="0" sc="250,-77,270,77,250,0,230,0" /><INIT seed="1,1,0,4,2,72" ten="173,347,250,230" oya="1" hai0="110,135,76,129,2,52,123,116,120,1,117,32,7" hai1="109,104,14,69,67,75,12,125,64,35,102,4,113" hai2="27,98,66,78,22,112,130,48,21,23,93,11,111" hai3="96,19,100,31,47,10,105,81,36,115,30,20,128"/><U29/><E75/><V103/><F130/><W80/><G115/><T119/><D32/><U99/><E113/><V0/><F111/><W17/><G128/><T25/><D129/><U127/><E109/><V87/><F112/><W106/><G10/><T59/><D110/><U90/><E90/><V108/><F66/><W58/><G58/><T6/><D135/><U74/><E74/><V51/><F108/><W55/><G105/><T79/><D25/><N who="1" m="18863" /><E64/><V61/><F61/><W45/><G17/><T40/><D40/><U122/><E122/><N who="0" m="46633" /><D7/><U85/><E85/><V118/><F0/><N who="0" m="106" /><D6/><U60/><E4/><V28/><F11/><W134/><G134/><T34/><D34/><U68/><E68/><V94/><F118/><W131/><G131/><T24/><D24/><U84/><E84/><V41/><F41/><W92/><G106/><T82/><D82/><N who="3" m="31849" /><G36/><T53/><D53/><U97/><E97/><V9/><F9/><W65/><G65/><T43/><D43/><U33/><E33/><V37/><F37/><W132/><G132/><T39/><D39/><U13/><AGARI ba="1,0" hai="12,13,14,60,67,69,99,102,104,125,127" m="18863" machi="13" ten="30,1500,0" yaku="25,1" doraHai="72" who="1" fromWho="1" sc="173,-6,347,18,250,-6,230,-6" /><INIT seed="1,2,0,2,2,6" ten="167,365,244,224" oya="1" hai0="76,30,9,65,107,15,81,114,115,98,47,11,110" hai1="1,14,52,57,60,22,50,0,4,117,39,5,43" hai2="99,94,126,128,103,40,53,3,96,70,86,27,79" hai3="20,87,68,7,51,18,133,106,116,109,118,17,75"/><U55/><E117/><N who="3" m="45162" /><G75/><T71/><D110/><U122/><E122/><V92/><F70/><W130/><G68/><T113/><D30/><U124/><E124/><V88/><F3/><W10/><G106/><T100/><D71/><U41/><E39/><V34/><F128/><W36/><G36/><T97/><D65/><U90/><E4/><V13/><F40/><W59/><G109/><T29/><D29/><U104/><E104/><V72/><F34/><W61/><G130/><T12/><D98/><U44/><E1/><V101/><F27/><W32/><G32/><T73/><D47/><U102/><E102/><V125/><F53/><N who="3" m="34031" /><G133/><T31/><D31/><U120/><E120/><V38/><F38/><W80/><G51/><T89/><D15/><U74/><E74/><V54/><F54/><W129/><G20/><T105/><D107/><U37/><E22/><V127/><F13/><N who="3" m="5343" /><G129/><T132/><D132/><U84/><E0/><V56/><F56/><W112/><G112/><T83/><REACH who="0" step="1"/><D12/><REACH who="0" ten="157,365,244,224" step="2"/><U28/><E28/><V46/><F46/><W16/><G17/><T23/><D23/><U135/><E135/><V48/><F127/><W93/><G93/><T35/><D35/><U121/><E121/><V62/><F126/><W66/><G66/><T63/><D63/><U8/><E37/><V134/><F62/><W58/><G58/><T2/><D2/><U33/><E33/><V123/><F125/><W49/><G49/><T64/><D64/><U21/><E21/><V111/><F48/><W91/><AGARI ba="2,1" hai="16,18,80,87,91" m="5343,34031,45162" machi="91" ten="30,4000,0" yaku="12,1,52,1,54,1" doraHai="6" who="3" fromWho="3" sc="157,-12,365,-22,244,-12,224,56" /><INIT seed="2,0,0,5,2,65" ten="145,343,232,280" oya="2" hai0="85,94,98,2,9,80,41,48,43,38,40,81,71" hai1="29,1,62,133,83,86,102,10,127,64,84,44,42" hai2="27,117,115,92,107,60,87,53,131,49,8,123,72" hai3="57,22,16,103,26,118,99,58,88,95,96,70,78"/><V106/><F123/><W113/><G70/><T36/><D38/><U51/><E127/><V125/><F117/><W90/><G118/><T135/><D36/><U100/><E133/><V89/><F115/><W6/><G113/><T129/><D135/><U132/><E132/><V33/><F131/><W104/><G78/><T50/><D129/><U31/><E1/><V35/><F125/><W54/><G6/><T112/><D112/><U56/><E10/><V4/><F72/><W122/><G122/><T11/><D2/><U5/><E5/><V76/><F60/><N who="3" m="35895" /><G90/><T34/><D34/><U116/><E84/><V110/><F76/><W30/><G58/><T67/><D67/><U121/><E121/><V24/><F110/><W119/><G119/><T79/><D71/><U91/><E116/><V37/><F37/><W0/><G0/><T45/><D81/><U12/><E12/><V23/><F33/><W134/><G134/><T59/><D59/><U15/><E15/><V74/><F27/><W63/><G63/><T20/><D20/><U128/><E128/><V18/><F74/><W7/><G7/><T126/><D126/><U124/><E124/><V47/><REACH who="2" step="1"/><F35/><REACH who="2" ten="145,343,222,280" step="2"/><W13/><G13/><AGARI ba="0,1" hai="4,8,13,18,23,24,47,49,53,87,89,92,106,107" machi="13" ten="30,5800,0" yaku="1,1,2,1,7,1,53,0" doraHai="65" doraHaiUra="32" who="2" fromWho="3" sc="145,0,343,0,222,68,280,-58" /><INIT seed="2,1,0,1,4,119" ten="145,343,290,222" oya="2" hai0="122,84,101,99,117,61,5,86,103,75,106,46,47" hai1="41,19,57,28,72,69,113,109,81,102,52,104,82" hai2="14,67,135,0,94,54,60,96,18,16,30,55,44" hai3="114,65,123,87,45,134,108,95,21,79,11,133,59"/><V131/><F135/><N who="3" m="51723" /><G108/><T100/><D75/><U34/><E109/><V12/><F131/><W50/><G114/><T15/><D117/><U64/><E64/><V2/><F30/><W7/><G21/><T93/><D106/><U107/><E69/><V66/><F60/><N who="3" m="38047" /><G79/><T62/><D122/><U125/><E41/><V6/><F44/><W91/><G45/><T129/><D129/><U8/><E102/><V40/><F40/><W48/><G123/><T1/><D1/><AGARI ba="1,0" hai="1,7,11,48,50,87,91,95" m="38047,51723" machi="1" ten="30,1000,0" yaku="20,1" doraHai="119" who="3" fromWho="0" sc="145,-13,343,0,290,0,222,13" /><INIT seed="3,0,0,4,2,8" ten="132,343,290,235" oya="3" hai0="25,100,121,47,71,117,110,104,16,95,131,65,133" hai1="23,49,18,59,106,50,38,46,56,91,55,24,124" hai2="93,115,32,98,118,116,44,7,67,79,90,68,31" hai3="127,10,0,97,111,70,58,6,114,126,105,76,132"/><W107/><G70/><T119/><D121/><U89/><E106/><V64/><F115/><W41/><G114/><T108/><D104/><U125/><E38/><V45/><F68/><W78/><G41/><T102/><D71/><U54/><E46/><V109/><F79/><N who="3" m="30251" /><G97/><T30/><D65/><U60/><E60/><V51/><F32/><W128/><G128/><T2/><D2/><U61/><E61/><V57/><F109/><W82/><G82/><T135/><D47/><U129/><E129/><V19/><F98/><W101/><G101/><T43/><D43/><U20/><E20/><V15/><F31/><W4/><G4/><T28/><D95/><U22/><E22/><V35/><F7/><W11/><G11/><T94/><D94/><U77/><E77/><V52/><F35/><W81/><G81/><T21/><D131/><U75/><E75/><V66/><F118/><N who="0" m="45066" /><D102/><U86/><E91/><V39/><F116/><W42/><G42/><T29/><D100/><U103/><E103/><V74/><F74/><W63/><G132/><AGARI ba="0,0" hai="16,21,25,28,29,30,108,110,132,133,135" m="45066" machi="132" ten="40,8000,1" yaku="20,1,34,2,54,1" doraHai="8" who="0" fromWho="3" sc="132,80,343,0,290,0,235,-80" owari="212,-19.0,343,44.0,290,9.0,155,-34.0" /></mjloggm>