<mjloggm ver="2.3"><GO type="97" lobby="0"/><UN n0="%E3%81%A3%E3%81%A1" n1="%6B%61%63%2D%72%65%64" n2="%E3%81%9D%E3%82%8C%E3%82%86%E3%81%91%E3%81%A1%E3%83%BC%E3%81%B4%E3%82%93" n3="%E5%B0%B1%E6%B4%BB%E7%94%9F%40%E5%B7%9D%E6%9D%91%E8%BB%8D%E5%9B%A3" dan="14,14,16,15" rate="1908.94,1858.71,2026.08,1954.74" sx="M,M,M,M"/><TAIKYOKU oya="0"/><INIT seed="0,0,0,4,2,82" ten="250,250,250,250" oya="0" hai0="27,71,72,66,69,23,43,118,54,58,130,53,37" hai1="128,28,40,127,34,45,78,3,73,126,77,105,121" hai2="55,116,0,92,123,38,94,64,19,24,22,83,96" hai3="18,109,75,10,68,5,132,17,102,32,61,120,7"/><T13/><D118/><U97/><E121/><V16/><F123/><W85/><G75/><T89/><D72/><U63/><E3/><V30/><F0/><W48/><G32/><T56/><D130/><U87/><E128/><V108/><F108/><W60/><G120/><T29/><D37/><U104/><E63/><N who="3" m="24138" /><G68/><T57/><D43/><U74/><E34/><V70/><F70/><W119/><G119/><T101/><D101/><U124/><E28/><V100/><F38/><W14/><G109/><T79/><D79/><N who="1" m="30219" /><E40/><V84/><F64/><W15/><G102/><T35/><D66/><U9/><E45/><V21/><F116/><W106/><G106/><N who="1" m="41066" /><E9/><V46/><F94/><W112/><G112/><T76/><D76/><U81/><E97/><V111/><F111/><W98/><G98/><T86/><D35/><U90/><AGARI ba="0,0" hai="73,74,81,87,90,124,126,127" m="41066,30219" machi="90" ten="40,8000,1" yaku="18,1,34,2,52,1" doraHai="82" who="1" fromWho="1" sc="250,-40,250,80,250,-20,250,-20" /><INIT seed="1,0,0,3,4,49" ten="210,330,230,230" oya="1" hai0="50,57,69,103,17,31,0,12,134,25,47,6,19" hai1="87,61,41,23,99,46,108,16,1,135,109,82,125" hai2="42,86,63,65,26,132,113,90,9,72,66,129,38" hai3="79,60,93,7,45,111,120,5,123,20,68,97,30"/><U56/><E125/><V128/><F72/><W2/><G111/><T133/><D69/><U27/><E1/><V54/><F132/><N who="0" m="50794" /><D103/><U48/><E135/><V114/><F26/><W88/><G79/><T24/><D57/><U81/><E99/><V83/><F42/><W76/><G76/><T36/><D36/><U102/><E102/><V116/><F38/><W8/><G5/><T107/><D107/><U126/><E126/><V3/><F116/><W119/><G119/><T101/><D101/><U117/><E117/><V59/><F9/><W115/><G115/><N who="2" m="44041" /><F3/><W96/><G96/><T55/><D0/><U64/><REACH who="1" step="1"/><E87/><REACH who="1" ten="210,320,230,230" step="2"/><V94/><F129/><W77/><G120/><T105/><D105/><U98/><E98/><V74/><F128/><W40/><G123/><T21/><D24/><U28/><E28/><V53/><F74/><W112/><G112/><T29/><D6/><U13/><E13/><V43/><F86/><W14/><G14/><T100/><D100/><U35/><E35/><V11/><F90/><W39/><G30/><T80/><D80/><AGARI ba="0,1" hai="16,23,27,41,46,48,56,61,64,80,81,82,108,109" machi="80" ten="40,7700,0" yaku="1,1,54,1,53,1" doraHai="49" doraHaiUra="18" who="1" fromWho="0" sc="210,-77,320,87,230,0,230,0" /><INIT seed="1,1,0,5,4,19" ten="133,407,230,230" oya="1" hai0="2,108,12,44,8,3,52,10,49,122,102,127,63" hai1="41,132,118,134,43,60,101,6,9,25,50,29,21" hai2="131,92,74,89,59,105,67,58,70,81,17,113,37" hai3="62,121,87,130,7,24,100,119,133,124,96,23,36"/><U110/><E118/><V11/><F105/><W135/><G121/><T94/><D122/><U64/><E101/><V72/><F37/><W16/><G36/><T71/><D108/><U85/><E85/><V34/><F34/><W0/><G124/><T128/><D128/><U76/><E76/><V125/><F125/><W18/><G130/><T79/><D79/><U47/><E110/><V40/><F40/><W51/><G119/><T22/><D127/><U53/><E132/><N who="3" m="50762" /><G87/><T56/><D71/><U111/><E111/><V20/><F131/><W75/><G75/><T99/><D22/><U78/><E78/><V109/><F11/><N who="3" m="2535" /><G51/><T104/><D104/><U123/><E123/><V116/><F116/><W39/><G39/><T117/><D117/><U115/><E115/><V66/><F109/><W27/><G62/><T90/><D102/><U84/><E84/><V120/><F120/><W4/><G4/><T5/><REACH who="0" step="1"/><D10/><REACH who="0" ten="123,407,230,230" step="2"/><U82/><E134/><V46/><F113/><W26/><G23/><T65/><AGARI ba="1,1" hai="2,3,5,8,12,44,49,52,56,63,65,90,94,99" machi="65" ten="20,8000,1" yaku="1,1,2,1,0,1,7,1,54,1,53,0" doraHai="19" doraHaiUra="106" who="0" fromWho="0" sc="123,93,407,-41,230,-21,230,-21" /><INIT seed="2,0,0,0,3,108" ten="216,366,209,209" oya="2" hai0="64,66,39,88,87,8,118,99,22,65,80,107,93" hai1="105,11,33,20,9,112,76,17,56,60,38,69,89" hai2="94,59,127,133,110,117,130,14,78,129,47,25,5" hai3="13,51,30,101,34,98,115,18,102,91,109,116,103"/><V81/><F117/><W35/><G109/><T55/><D39/><U15/><E69/><V106/><F106/><W42/><G116/><T126/><D126/><U120/><E38/><V77/><F127/><W63/><G115/><T23/><D118/><U68/><E68/><V32/><F110/><W3/><G3/><T119/><D119/><U90/><E33/><V12/><F133/><W125/><G125/><T31/><D107/><U121/><E105/><V82/><F47/><W16/><G30/><T58/><D8/><N who="1" m="3147" /><E76/><N who="2" m="29291" /><F5/><W114/><G114/><T49/><REACH who="0" step="1"/><D31/><REACH who="0" ten="206,366,209,209" step="2"/><U111/><E111/><V21/><F32/><W7/><G35/><T122/><D122/><U97/><E120/><V45/><F130/><W92/><G34/><T96/><D96/><U50/><E97/><V74/><F129/><W0/><G0/><T62/><D62/><U124/><E121/><V84/><F74/><W4/><G63/><T52/><D52/><U37/><E124/><V1/><F1/><W73/><G73/><T57/><D57/><U19/><E37/><V104/><F104/><W27/><G42/><T41/><D41/><U24/><E60/><V72/><F72/><W100/><N who="3" m="26112" /><DORA hai="128" /><W48/><G48/><T40/><D40/><U71/><E56/><V135/><F59/><W29/><G51/><T95/><D95/><U53/><E50/><V6/><F135/><W44/><G44/><T123/><D123/><U61/><E53/><V83/><F45/><W10/><G29/><T79/><AGARI ba="0,1" hai="22,23,49,55,58,64,65,66,79,80,87,88,93,99" machi="79" ten="30,7900,0" yaku="1,1,0,1,8,1,54,1,53,0" doraHai="108,128" doraHaiUra="26,36" who="0" fromWho="0" sc="206,89,366,-20,209,-39,209,-20" /><INIT seed="3,0,0,1,0,40" ten="295,346,170,189" oya="3" hai0="111,0,25,126,116,53,12,74,11,95,37,79,100" hai1="86,38,39,123,3,65,88,34,80,7,121,120,128" hai2="46,22,89,2,5,104,101,81,32,67,42,87,24" hai3="18,76,14,125,20,109,59,19,71,70,99,127,21"/><W66/><G76/><T1/><D116/><U31/><E128/><V64/><F32/><W96/><G59/><T135/><D37/><U94/><E65/><V106/><F5/><W9/><G9/><T122/><D74/><U97/><E7/><V51/><F2/><W124/><G109/><T13/><D79/><U110/><E3/><V90/><F101/><W23/><G66/><T92/><D111/><U48/><E110/><V50/><F50/><W36/><G36/><T26/><D53/><U47/><E31/><V85/><F106/><W73/><G73/><T63/><D63/><U41/><REACH who="1" step="1"/><E34/><REACH who="1" ten="295,336,170,189" step="2"/><V69/><F69/><N who="3" m="26123" /><G14/><T112/><D13/><U129/><E129/><V119/><F119/><W58/><G58/><T54/><D1/><U115/><E115/><V43/><F104/><W6/><G6/><T93/><D12/><U103/><AGARI ba="0,1" hai="38,39,41,47,48,80,86,88,94,97,103,120,121,123" machi="103" ten="30,7900,0" yaku="1,1,0,1,52,1,54,1,53,0" doraHai="40" doraHaiUra="27" who="1" fromWho="1" sc="295,-20,336,89,170,-20,189,-39" owari="275,8.0,425,52.0,150,-25.0,150,-35.0" /></mjloggm>