<mjloggm ver="2.3"><GO type="41" lobby="0"/><UN n0="%73%69%78%E3%83%94%E3%82%B9%E3%83%88%E3%83%AB%E3%82%BA" n1="%E5%B0%B1%E6%B4%BB%E7%94%9F%40%E5%B7%9D%E6%9D%91%E8%BB%8D%E5%9B%A3" n2="%E3%82%B4%E3%83%9E" n3="%E9%BB%92%E6%9C%A8%E8%80%B3" dan="14,15,14,14" rate="2042.48,2064.93,1962.29,1919.39" sx="M,M,M,F"/><TAIKYOKU oya="0"/><INIT seed="0,0,0,3,3,106" ten="250,250,250,250" oya="0" hai0="43,85,127,9,87,65,37,61,89,54,5,129,120" hai1="98,40,46,48,72,77,100,116,124,23,55,22,4" hai2="121,31,110,93,122,78,36,49,63,53,64,99,60" hai3="103,10,108,35,90,83,56,105,115,67,71,27,45"/><T20/><D120/><U88/><E116/><V107/><F107/><W62/><G115/><T86/><D129/><U113/><E113/><V13/><F110/><W14/><G108/><T104/><D104/><U102/><E124/><V117/><F117/><W84/><G45/><T68/><D127/><U81/><E4/><V133/><F133/><W101/><G56/><T80/><D20/><U16/><E23/><V47/><F31/><W12/><G12/><T6/><D5/><U66/><E66/><V79/><F60/><W18/><G105/><T111/><D111/><U28/><E28/><V8/><F122/><W51/><G51/><T50/><D43/><U7/><E7/><V114/><F36/><W70/><G71/><T0/><REACH who="0" step="1"/><D37/><REACH who="0" ten="240,250,250,250" step="2"/><U119/><E119/><V3/><F121/><W21/><G35/><T130/><D130/><U25/><REACH who="1" step="1"/><E40/><REACH who="1" ten="240,240,250,250" step="2"/><V30/><F114/><W17/><AGARI ba="0,2" hai="10,14,17,18,21,27,62,67,70,83,84,90,101,103" machi="17" ten="20,1500,0" yaku="0,1,7,1" doraHai="106" who="3" fromWho="3" sc="240,-7,240,-4,250,-4,250,35" /><INIT seed="1,0,0,4,0,100" ten="233,236,246,285" oya="1" hai0="92,8,112,103,93,29,82,68,42,114,35,46,59" hai1="89,0,48,87,109,44,61,129,66,11,38,122,75" hai2="76,51,57,62,71,33,70,86,107,24,40,69,101" hai3="78,31,108,125,124,21,17,133,37,67,97,81,104"/><U98/><E122/><V135/><F135/><W88/><G133/><T116/><D68/><U90/><E75/><V60/><F33/><W55/><G37/><T22/><D35/><U121/><E38/><V77/><F24/><W128/><G128/><T65/><D8/><U4/><E121/><V26/><F26/><W106/><G108/><T45/><D82/><U132/><E129/><V105/><F101/><W5/><G67/><T123/><D123/><U102/><E132/><V39/><F39/><W131/><G131/><T134/><D134/><U20/><E20/><V113/><F113/><W10/><G31/><T32/><D32/><U54/><E109/><V34/><F34/><W79/><G55/><T43/><D116/><U27/><E27/><V80/><F76/><W47/><G47/><T119/><D119/><U12/><E0/><V25/><F25/><W56/><G56/><T19/><D22/><U110/><E87/><V96/><F96/><W83/><G21/><T127/><D29/><U63/><E63/><V16/><F16/><W49/><G17/><T7/><D19/><U52/><E54/><V14/><F14/><W117/><G117/><T91/><D7/><U15/><E15/><V30/><F30/><W111/><G111/><T74/><D74/><U85/><E85/><V126/><F126/><N who="3" m="48747" /><G49/><N who="0" m="26807" /><D127/><U118/><E118/><V120/><F120/><W3/><G79/><T13/><D114/><U53/><E53/><N who="2" m="31935" /><F40/><W1/><G3/><T6/><D112/><U2/><E2/><V41/><F41/><W95/><G78/><T28/><D43/><U115/><E115/><RYUUKYOKU ba="0,0" sc="233,-15,236,-15,246,15,285,15" hai2="60,62,69,70,71,77,80,86,105,107" hai3="1,5,10,81,83,88,95,97,104,106" /><INIT seed="2,1,0,2,5,100" ten="218,221,261,300" oya="2" hai0="69,117,105,95,27,86,75,0,116,67,130,106,48" hai1="83,91,85,43,64,29,7,18,46,23,50,132,109" hai2="19,31,98,94,15,110,70,49,61,134,10,32,90" hai3="97,82,33,26,17,2,74,133,12,28,118,68,122"/><V107/><F134/><W45/><G122/><T5/><D75/><U112/><E109/><V21/><F110/><W58/><G118/><N who="0" m="45675" /><D130/><U103/><E112/><V14/><F32/><W80/><G68/><T126/><D126/><U124/><E132/><V113/><F113/><W76/><G133/><T30/><D48/><U77/><E124/><V56/><F107/><N who="0" m="40970" /><D5/><U24/><E103/><V55/><F70/><W6/><G45/><T121/><D0/><U104/><E64/><V22/><F31/><W3/><G3/><T36/><D36/><U99/><E7/><N who="2" m="3423" /><F49/><W57/><G82/><T127/><D127/><U41/><E104/><V125/><F125/><W16/><G97/><T102/><D67/><U62/><E99/><V108/><F108/><W129/><G129/><T73/><D73/><U93/><E43/><V135/><F135/><W40/><G40/><T20/><D121/><U11/><E50/><V51/><F51/><W114/><G114/><T101/><D69/><U13/><E46/><V88/><F90/><AGARI ba="1,0" hai="20,27,30,86,90,95,101,102" m="40970,45675" machi="90" ten="30,7700,0" yaku="12,1,52,3" doraHai="100" who="0" fromWho="2" sc="218,80,221,0,261,-80,300,0" /><INIT seed="3,0,0,3,4,99" ten="298,221,181,300" oya="3" hai0="131,83,101,95,7,1,50,11,88,125,133,39,68" hai1="100,103,76,45,47,34,12,24,42,52,60,135,114" hai2="82,36,6,4,67,23,111,108,134,35,72,10,31" hai3="38,61,115,2,19,91,127,118,30,112,84,85,32"/><W110/><G118/><T78/><D133/><U9/><E114/><V13/><F36/><W79/><G38/><T106/><D68/><U71/><E135/><V16/><F67/><W124/><G2/><T87/><D39/><U0/><E0/><N who="2" m="263" /><F82/><W70/><G79/><T56/><D131/><U48/><E76/><V89/><F89/><W63/><G19/><T21/><D21/><U64/><E34/><V25/><F72/><W104/><G104/><T46/><D56/><U129/><E24/><N who="2" m="18919" /><F134/><W58/><G70/><T117/><D117/><U121/><E121/><V40/><F40/><W122/><G122/><T22/><D22/><U3/><E3/><V128/><F128/><W37/><G37/><T74/><D125/><N who="3" m="48201" /><G110/><N who="2" m="42025" /><F6/><W93/><G85/><T80/><D80/><U27/><E129/><V59/><F59/><W94/><G93/><T73/><D73/><U8/><E45/><V53/><F53/><N who="3" m="33999" /><G63/><T33/><D106/><U26/><E71/><V77/><F77/><W90/><G91/><T113/><D74/><U107/><E107/><V66/><F66/><W18/><G90/><T15/><D88/><U96/><E64/><V49/><F49/><W28/><G94/><T14/><D95/><U20/><E60/><V65/><F65/><W81/><G81/><T102/><D83/><U126/><E126/><V44/><F44/><W92/><G92/><T120/><D46/><U41/><E41/><V57/><F57/><W29/><G84/><T69/><D87/><U5/><E42/><V54/><F54/><W116/><G115/><T130/><D113/><U105/><E105/><RYUUKYOKU ba="0,0" sc="298,-10,221,-10,181,30,300,-10" hai2="13,16,23,25" /><INIT seed="4,1,0,5,5,133" ten="288,211,211,290" oya="0" hai0="13,129,50,38,66,123,53,127,72,3,9,74,65" hai1="117,75,122,63,22,134,52,34,99,73,15,55,37" hai2="47,19,28,48,78,33,97,60,35,25,107,24,79" hai3="105,82,41,58,14,51,109,23,8,92,44,21,18"/><T71/><D3/><U113/><E34/><V104/><F60/><W62/><G105/><T118/><D123/><U101/><E122/><V119/><F119/><W45/><G109/><T57/><D118/><U106/><E117/><V125/><F125/><W11/><G82/><T108/><D38/><U30/><E37/><V132/><F132/><W32/><G32/><T6/><D108/><U100/><E134/><V17/><F97/><W116/><G116/><T61/><D129/><U135/><E135/><V20/><F48/><N who="3" m="26639" /><G92/><T2/><D66/><U81/><E113/><V69/><F47/><W27/><G62/><T124/><REACH who="0" step="1"/><D2/><REACH who="0" ten="278,211,211,290" step="2"/><U114/><E114/><V89/><F69/><W56/><G11/><T102/><D102/><U90/><E101/><V98/><F107/><W96/><G8/><T85/><D85/><U131/><E75/><AGARI ba="1,1" hai="6,9,13,50,53,57,61,65,71,72,74,75,124,127" machi="75" ten="40,7700,0" yaku="1,1,52,2,53,0" doraHai="133" doraHaiUra="87" who="0" fromWho="1" sc="278,90,211,-80,211,0,290,0" /><INIT seed="4,2,0,3,4,45" ten="368,131,211,290" oya="0" hai0="40,62,134,97,100,9,81,83,76,27,21,8,0" hai1="87,109,99,7,118,90,37,42,35,128,124,111,112" hai2="60,19,101,107,69,65,16,98,59,55,14,13,26" hai3="39,22,18,68,131,49,30,119,73,25,126,127,103"/><T116/><D134/><U105/><E35/><V1/><F1/><W106/><G119/><T86/><D0/><U122/><E7/><V54/><F54/><W67/><G39/><T129/><D129/><U2/><E2/><V102/><F102/><W96/><G131/><T78/><D62/><U58/><E37/><V113/><F113/><W41/><G73/><T82/><D40/><U36/><E36/><V79/><F79/><W64/><G30/><T133/><D133/><U121/><E42/><V5/><F5/><W108/><G108/><N who="1" m="41546" /><E58/><V32/><F19/><W38/><G38/><T31/><D116/><U114/><E124/><N who="3" m="47658" /><G68/><T120/><D120/><N who="1" m="46187" /><E128/><V34/><F26/><W123/><G123/><T80/><REACH who="0" step="1"/><D78/><REACH who="0" ten="358,131,211,290" step="2"/><U53/><E53/><V48/><REACH who="2" step="1"/><F13/><REACH who="2" ten="358,131,201,290" step="2"/><W130/><G130/><T47/><D47/><AGARI ba="2,2" hai="18,22,25,41,47,49,64,67,96,103,106" m="47658" machi="47" ten="30,2000,0" yaku="18,1,52,1" doraHai="45" who="3" fromWho="0" sc="358,-26,131,0,201,0,290,46" /><INIT seed="5,0,0,1,3,5" ten="332,131,201,336" oya="1" hai0="46,68,62,6,125,30,95,61,96,111,17,131,117" hai1="2,25,84,130,123,78,9,19,0,86,90,122,48" hai2="126,72,113,70,110,87,89,105,56,67,52,60,4" hai3="116,119,106,36,115,133,109,76,91,88,21,29,41"/><U93/><E130/><V124/><F110/><W114/><G109/><T49/><D117/><N who="3" m="45129" /><G106/><T75/><D75/><U57/><E123/><V39/><F72/><W8/><G76/><T3/><D30/><U10/><E122/><V40/><F105/><W23/><G133/><T58/><D131/><U121/><E121/><V12/><F113/><W135/><G8/><N who="1" m="3178" /><E0/><V80/><F4/><W54/><G36/><T51/><D6/><U42/><E2/><V99/><F12/><W50/><G135/><T38/><D3/><U22/><E78/><V31/><F99/><W79/><G79/><T81/><D68/><U128/><E128/><V83/><F31/><W108/><G29/><T101/><D38/><U65/><E65/><V127/><F83/><W107/><G107/><T73/><D73/><U104/><E104/><V82/><F82/><W1/><G1/><T120/><D120/><U85/><E57/><V13/><F13/><W35/><G35/><T37/><D37/><U15/><E15/><V43/><REACH who="2" step="1"/><F39/><REACH who="2" ten="332,131,191,336" step="2"/><W66/><G108/><T28/><D111/><U33/><E33/><V18/><F18/><W134/><G114/><T53/><D28/><U71/><E71/><V26/><F26/><W100/><G115/><T129/><D17/><U94/><E94/><V112/><F112/><W74/><G134/><T98/><D95/><U77/><E77/><V102/><F102/><W59/><G100/><T44/><D101/><U132/><E132/><V11/><F11/><W47/><G74/><T97/><D129/><U34/><E34/><V92/><F92/><W20/><G66/><RYUUKYOKU ba="0,1" sc="332,-30,131,10,191,10,336,10" hai1="19,22,25,42,48,84,85,86,90,93" hai2="40,43,52,56,60,67,70,80,87,89,124,126,127" hai3="20,21,23,41,47,50,54,59,88,91" /><INIT seed="5,1,1,5,0,122" ten="302,141,201,346" oya="1" hai0="36,98,117,97,84,114,56,135,63,71,40,31,3" hai1="111,17,96,11,24,95,41,30,65,23,51,18,12" hai2="102,58,21,70,109,130,87,78,54,128,125,101,14" hai3="67,116,76,28,16,9,126,53,61,132,5,85,123"/><U39/><E39/><V120/><F120/><W82/><G123/><T10/><D71/><U22/><E65/><V115/><F125/><W73/><G126/><T113/><D31/><U68/><E68/><V35/><F35/><W129/><G129/><N who="2" m="49769" /><F115/><N who="0" m="44042" /><D117/><U60/><E60/><N who="2" m="35927" /><F70/><W8/><G116/><T90/><D3/><U49/><E41/><V91/><F78/><W69/><G28/><T119/><D10/><U47/><E47/><V45/><F109/><W118/><G118/><T121/><D121/><U55/><E55/><V89/><F45/><W52/><G132/><T106/><D106/><U133/><E133/><V77/><F77/><W81/><G16/><T80/><D119/><U107/><E107/><V19/><F91/><W110/><G110/><T94/><D135/><U33/><E111/><V20/><F20/><W27/><G27/><T50/><D36/><U112/><E112/><V2/><F2/><W1/><G9/><T88/><D40/><U4/><E23/><V13/><F13/><W83/><REACH who="3" step="1"/><G81/><AGARI ba="1,1" hai="14,19,21,81,87,89,101,102" m="35927,49769" machi="81" ten="30,1000,0" yaku="19,1" doraHai="122" who="2" fromWho="3" sc="302,0,141,0,201,23,346,-13" /><INIT seed="6,0,0,1,0,117" ten="302,141,224,333" oya="2" hai0="130,17,135,44,95,1,131,86,123,43,99,124,58" hai1="16,77,37,31,119,79,39,41,83,89,104,45,109" hai2="53,97,134,63,103,55,128,12,70,57,2,112,75" hai3="40,4,92,68,72,36,120,84,65,106,78,110,121"/><V5/><F112/><W62/><G110/><T3/><D135/><U49/><E109/><V11/><F134/><W54/><G106/><T10/><D86/><U108/><E108/><V14/><F128/><W126/><G126/><T94/><D124/><U56/><E119/><V35/><F75/><W132/><G132/><T113/><D113/><U8/><E104/><V50/><F35/><W64/><G72/><T27/><D58/><U51/><E31/><V33/><F33/><W67/><G4/><T34/><D34/><U42/><E89/><V127/><F127/><W30/><G30/><T115/><D115/><U98/><E98/><V32/><F32/><W91/><G78/><T71/><D71/><U38/><E83/><V60/><F60/><W101/><G101/><T23/><D94/><U48/><E56/><V116/><F116/><W25/><G25/><T100/><D10/><U111/><E111/><V85/><F85/><W88/><G91/><T69/><D69/><U21/><E8/><V6/><F6/><W15/><G15/><T66/><D66/><U9/><E9/><V19/><F70/><W13/><G13/><T114/><D114/><U24/><REACH who="1" step="1"/><E45/><REACH who="1" ten="302,131,224,333" step="2"/><V90/><F90/><W82/><G82/><T105/><D105/><U102/><E102/><V46/><F103/><W74/><G88/><T118/><D118/><U20/><E20/><V125/><F97/><W18/><G68/><T87/><D99/><U122/><E122/><V28/><F28/><W107/><G120/><T59/><D123/><U96/><E96/><V129/><F125/><W133/><G121/><RYUUKYOKU ba="0,1" sc="302,-10,131,30,224,-10,333,-10" hai1="16,21,24,37,38,39,41,42,48,49,51,77,79" /><INIT seed="7,1,1,1,0,50" ten="292,161,214,323" oya="3" hai0="2,128,132,120,76,94,44,102,82,38,88,64,27" hai1="130,42,35,108,72,113,12,39,91,109,131,14,5" hai2="15,134,67,85,90,112,97,29,9,89,63,48,99" hai3="124,103,73,77,31,121,6,95,84,69,111,28,107"/><W79/><G121/><T1/><D120/><U26/><E72/><V47/><F112/><W52/><G69/><T75/><D64/><U106/><E106/><V118/><F118/><W104/><G124/><T100/><D27/><U117/><E39/><V86/><F134/><W119/><G119/><T23/><D23/><U18/><E42/><V51/><F29/><W3/><G111/><N who="1" m="42570" /><E91/><N who="2" m="34827" /><F63/><W110/><G110/><T101/><D128/><N who="1" m="49195" /><E117/><V87/><F67/><W41/><G41/><T16/><D132/><U62/><E62/><V10/><F10/><W25/><G104/><T54/><D38/><U135/><E135/><V36/><F36/><W55/><G107/><T58/><D44/><U66/><E66/><V4/><F51/><W0/><G73/><T49/><REACH who="0" step="1"/><D16/><REACH who="0" ten="282,161,214,323" step="2"/><U11/><E113/><V53/><AGARI ba="1,2" hai="4,9,15,47,48,53,85,86,87,97,99" m="34827" machi="53" ten="30,2000,0" yaku="8,1,52,1" doraHai="50" who="2" fromWho="2" sc="282,-6,161,-6,214,43,323,-11" owari="276,8.0,155,-34.0,257,-14.0,312,40.0" /></mjloggm>