<mjloggm ver="2.3"><GO type="97" lobby="0"/><UN n0="%72%79%6F%74%61%31%31" n1="%6B%61%69%2E%73%2E" n2="%E6%B8%8B%E8%B0%B7%E3%81%AE%E3%82%AD%E3%83%B3%E3%82%B0" n3="%E5%B0%B1%E6%B4%BB%E7%94%9F%40%E5%B7%9D%E6%9D%91%E8%BB%8D%E5%9B%A3" dan="13,15,14,14" rate="1853.35,2023.72,2020.68,1983.45" sx="M,M,M,M"/><TAIKYOKU oya="0"/><INIT seed="0,0,0,2,0,43" ten="250,250,250,250" oya="0" hai0="88,128,11,14,76,28,6,0,92,25,40,90,101" hai1="19,83,34,27,61,17,108,106,102,7,32,122,26" hai2="110,63,131,12,58,45,96,16,104,39,94,4,107" hai3="93,46,115,86,89,9,120,10,64,125,135,1,21"/><T127/><D128/><U71/><E122/><V103/><F131/><W66/><G115/><T35/><D127/><U33/><E108/><V81/><F110/><W70/><G70/><T133/><D133/><U74/><E7/><V29/><F81/><W134/><G120/><T62/><D76/><U87/><E74/><V126/><F29/><W44/><G21/><T132/><D132/><N who="3" m="50729" /><G125/><T20/><D40/><U38/><E38/><V117/><F117/><W23/><G23/><T60/><D101/><U22/><E102/><V114/><F126/><W85/><G85/><T97/><D90/><U57/><E106/><V72/><F72/><W59/><G1/><T54/><D54/><U121/><E71/><V65/><F114/><W49/><G49/><T112/><D112/><U18/><E27/><V5/><F107/><W109/><G109/><T78/><D78/><U52/><REACH who="1" step="1"/><E121/><REACH who="1" ten="250,240,250,250" step="2"/><V36/><F104/><W68/><G68/><T80/><REACH who="0" step="1"/><D80/><REACH who="0" ten="240,240,250,250" step="2"/><U42/><E42/><V113/><F113/><W82/><G82/><T47/><D47/><N who="3" m="17961" /><G59/><T116/><D116/><U119/><E119/><V77/><F39/><W31/><G31/><T15/><D15/><U100/><E100/><V55/><F36/><W24/><G24/><T130/><D130/><U75/><E75/><V118/><F118/><W98/><G86/><T123/><D123/><U13/><E13/><V30/><F30/><W41/><G41/><T8/><D8/><AGARI ba="0,2" hai="8,9,10,64,66,89,93,98" m="17961,50729" machi="8" ten="30,7700,0" yaku="20,1,52,3" doraHai="43" who="3" fromWho="0" sc="240,-77,240,0,250,0,250,97" /><INIT seed="1,0,0,3,3,61" ten="163,240,250,347" oya="1" hai0="108,92,70,66,79,129,114,39,20,128,101,121,40" hai1="88,9,26,111,10,134,86,53,24,14,6,76,65" hai2="82,135,127,8,36,126,105,11,84,22,3,130,31" hai3="75,63,115,72,118,19,2,55,99,102,27,47,25"/><U54/><E134/><V42/><F36/><W58/><G115/><T62/><D79/><U21/><E111/><V35/><F42/><W16/><G2/><T117/><D20/><U103/><E103/><V132/><F105/><W12/><G118/><T73/><D73/><U83/><E65/><V131/><F84/><W94/><G72/><T50/><D101/><U80/><E9/><N who="2" m="3659" /><F35/><W74/><G74/><T0/><D0/><U5/><E5/><V17/><F82/><W106/><G106/><T67/><D92/><U109/><E109/><V23/><F31/><W87/><G75/><T93/><D108/><U37/><E37/><V15/><F3/><W34/><G34/><T81/><D81/><U48/><E80/><V7/><F7/><W28/><G28/><T77/><D93/><U56/><E21/><V41/><F41/><W96/><G96/><T85/><D85/><U32/><E32/><V123/><F23/><N who="3" m="11655" /><G19/><T49/><D77/><U110/><E110/><V46/><F46/><W52/><G87/><T57/><D114/><U29/><E29/><V98/><F98/><W122/><G122/><T125/><D117/><U60/><REACH who="1" step="1"/><E76/><REACH who="1" ten="163,230,250,347" step="2"/><V124/><F123/><W107/><G107/><T100/><D100/><U4/><E4/><V97/><F97/><W113/><G113/><T44/><D121/><U1/><E1/><V68/><F68/><W64/><G64/><T69/><D125/><U13/><E13/><V71/><F71/><N who="0" m="27146" /><D67/><U43/><E43/><V38/><F38/><W90/><G102/><T116/><D116/><U95/><E95/><V104/><F104/><RYUUKYOKU ba="0,1" sc="163,0,230,0,250,0,347,0" hai0="39,40,44,49,50,57,62,66,128,129" hai1="6,10,14,24,26,48,53,54,56,60,83,86,88" hai2="15,17,22,124,126,127,130,131,132,135" hai3="25,27,47,52,55,58,63,90,94,99" /><INIT seed="1,1,1,4,3,24" ten="163,230,250,347" oya="1" hai0="57,132,67,101,130,43,59,128,28,75,90,34,44" hai1="20,93,133,100,66,134,25,115,14,96,53,81,54" hai2="105,70,10,91,8,107,17,37,119,49,110,45,122" hai3="123,12,82,118,68,117,38,6,77,5,62,125,2"/><U97/><E115/><V113/><F70/><W78/><G2/><T39/><D75/><U102/><E66/><V103/><F113/><W52/><G38/><T35/><D101/><U76/><E14/><V69/><F69/><W1/><G1/><T46/><D90/><U104/><E81/><V65/><F65/><W22/><G123/><T92/><D92/><U32/><E32/><V63/><F122/><W9/><G125/><T4/><D4/><U50/><E76/><V31/><F110/><W27/><G5/><T15/><D15/><U55/><REACH who="1" step="1"/><E50/><REACH who="1" ten="163,220,250,347" step="2"/><V126/><F49/><W48/><G82/><T51/><D35/><U112/><E112/><V108/><F126/><W87/><G87/><T16/><D67/><U116/><E116/><N who="3" m="44650" /><G68/><T88/><D132/><U129/><E129/><V109/><F119/><W106/><G62/><T95/><D130/><U33/><E33/><V58/><F63/><W111/><G111/><T73/><D128/><U121/><E121/><V124/><F109/><W89/><G78/><T42/><D73/><U98/><E98/><V30/><F124/><W120/><G77/><T99/><REACH who="0" step="1"/><D16/><AGARI ba="1,2" hai="16,20,25,53,54,55,93,96,97,100,102,104,133,134" machi="16" ten="40,12000,1" yaku="1,1,54,1,53,2" doraHai="24" doraHaiUra="94" who="1" fromWho="0" sc="163,-123,220,143,250,0,347,0" /><INIT seed="1,2,0,0,2,78" ten="40,363,250,347" oya="1" hai0="122,47,129,100,60,14,76,77,0,22,69,50,20" hai1="88,101,130,15,98,112,48,73,16,62,107,102,72" hai2="64,80,6,126,106,116,135,49,8,68,33,38,55" hai3="46,125,82,95,34,53,123,105,117,25,1,75,32"/><U74/><E112/><V89/><F38/><W23/><G105/><T44/><D122/><U114/><E114/><V113/><F106/><W134/><G1/><T65/><D0/><U127/><E127/><V91/><F116/><W115/><G123/><T63/><D129/><U2/><E2/><V39/><F113/><W119/><G115/><T85/><D100/><U21/><E130/><V61/><F33/><W86/><G125/><T36/><D36/><U30/><E102/><V67/><F39/><W35/><G134/><T99/><D99/><U111/><E111/><V26/><F135/><W51/><G75/><T31/><D60/><U24/><E48/><V92/><F67/><W10/><G10/><T4/><D44/><U45/><E45/><V83/><F126/><W54/><G95/><T57/><D69/><U43/><E43/><V87/><F26/><W131/><G131/><T97/><D97/><U104/><E104/><V70/><F91/><W3/><G3/><T13/><D77/><U52/><E88/><V108/><F70/><W71/><G71/><T132/><D132/><U94/><E107/><V96/><F96/><W66/><G66/><T79/><D79/><U133/><E133/><V56/><F108/><W12/><G12/><AGARI ba="2,0" hai="6,8,12,49,55,56,61,64,68,80,83,87,89,92" machi="12" ten="30,3900,0" yaku="7,1,52,2" doraHai="78" who="2" fromWho="3" sc="40,0,363,0,250,45,347,-45" /><INIT seed="2,0,0,5,3,13" ten="40,363,295,302" oya="2" hai0="106,24,28,52,105,46,59,34,64,61,86,57,112" hai1="108,83,12,99,101,100,81,29,117,22,90,126,55" hai2="113,96,127,3,94,33,79,20,7,58,19,50,8" hai3="5,21,130,76,9,49,124,51,88,47,27,41,70"/><V68/><F113/><W116/><G70/><T87/><D112/><U63/><E117/><V133/><F68/><W2/><G116/><T35/><D46/><U17/><E108/><V110/><F33/><W89/><G124/><T37/><D37/><U91/><E126/><V128/><F127/><W115/><G115/><T31/><D64/><U118/><E29/><V132/><F110/><W40/><G130/><T123/><D123/><U39/><E39/><V18/><F128/><W104/><G104/><T15/><D15/><U32/><E32/><V119/><F79/><W62/><G76/><T36/><D36/><U125/><E118/><V65/><F20/><W0/><G0/><T14/><D14/><U73/><E73/><V111/><F111/><W84/><G62/><T30/><D30/><U1/><E1/><V67/><F67/><W103/><G103/><T38/><D38/><U98/><E125/><V82/><F82/><W48/><G41/><T4/><D4/><U135/><E135/><N who="2" m="51787" /><F119/><W74/><G74/><T23/><D23/><U131/><E131/><V53/><F65/><W11/><G11/><T43/><D43/><U75/><E75/><V25/><F25/><W10/><G10/><T93/><D93/><N who="1" m="58447" /><E83/><V77/><F77/><W129/><G129/><T66/><D106/><N who="1" m="63807" /><E81/><V44/><F44/><W109/><G109/><T45/><D105/><U92/><E92/><V6/><F6/><W26/><G26/><T107/><D107/><U120/><E120/><V97/><F97/><W54/><G40/><T80/><D24/><U85/><E85/><V69/><F69/><RYUUKYOKU ba="0,0" sc="40,-15,363,15,295,15,302,-15" hai1="12,17,22,55,63,90,91" hai2="3,7,8,18,19,50,53,58,94,96" /><INIT seed="2,1,0,3,1,4" ten="25,378,310,287" oya="2" hai0="103,60,121,98,63,38,93,113,17,81,46,39,55" hai1="83,24,15,75,101,43,96,35,27,62,126,86,23" hai2="18,130,49,109,68,105,12,47,1,79,77,80,97" hai3="48,70,76,53,112,57,54,7,117,44,135,11,82"/><V132/><F1/><W3/><G112/><T108/><D113/><U58/><E75/><V111/><F68/><W91/><G117/><T31/><D121/><U64/><E126/><V13/><F132/><W72/><G135/><T69/><D108/><N who="2" m="41546" /><F130/><W29/><G29/><T34/><D81/><U10/><E43/><N who="2" m="24831" /><F13/><W115/><G115/><T84/><D84/><U89/><E35/><V124/><F124/><W5/><G5/><T134/><D134/><U52/><E64/><V0/><F0/><W59/><G70/><T65/><D17/><U122/><E23/><N who="2" m="11719" /><F80/><W88/><REACH who="3" step="1"/><G44/><REACH who="3" ten="25,378,310,277" step="2"/><T99/><D46/><U50/><E122/><V2/><F2/><W30/><G30/><T56/><D99/><U41/><E96/><V20/><F20/><W95/><G95/><T71/><D71/><U90/><E101/><AGARI ba="1,1" hai="77,79,97,101,105" m="11719,24831,41546" machi="101" ten="30,2900,0" yaku="14,1,10,1" doraHai="4" who="2" fromWho="1" sc="25,0,378,-32,310,42,277,0" /><INIT seed="2,2,0,4,0,102" ten="25,346,352,277" oya="2" hai0="30,107,12,84,5,125,38,33,34,54,110,13,32" hai1="45,0,78,40,15,72,122,74,68,135,79,7,77" hai2="51,62,48,117,131,126,103,67,58,100,18,71,121" hai3="85,29,52,27,93,3,22,17,97,36,116,60,59"/><V80/><F121/><W1/><G116/><T81/><D38/><U14/><E68/><V111/><F117/><W66/><G36/><T37/><D37/><U19/><E135/><V86/><F131/><W114/><G114/><T130/><D54/><U127/><E127/><V89/><F126/><W24/><G85/><T53/><D125/><U112/><E112/><V44/><F71/><W28/><G66/><T75/><D75/><U94/><E94/><V115/><F115/><W55/><G55/><T56/><D130/><U120/><E0/><V2/><F2/><W47/><G47/><T57/><D30/><U21/><E7/><V118/><F118/><W49/><G49/><T82/><D110/><U128/><E128/><V92/><F48/><W65/><G65/><T91/><D81/><U132/><E132/><V25/><F111/><W4/><G4/><T23/><D57/><U20/><E45/><V9/><F92/><W90/><G29/><T41/><D41/><U133/><E40/><V16/><F18/><W61/><G60/><T43/><D43/><U39/><E39/><V26/><F103/><W73/><G73/><N who="1" m="28266" /><E133/><V46/><F100/><W64/><G64/><T113/><D113/><U76/><E76/><V106/><F106/><W98/><G98/><T50/><D107/><U35/><E35/><AGARI ba="2,0" hai="1,3,17,22,24,27,28,35,52,59,61,90,93,97" machi="35" ten="30,7700,0" yaku="7,1,25,2,54,1" doraHai="102" who="3" fromWho="1" sc="25,0,346,-83,352,0,277,83" /><INIT seed="3,0,0,2,2,94" ten="25,263,352,360" oya="3" hai0="14,130,106,67,108,97,11,112,80,89,70,36,60" hai1="118,81,83,85,77,59,132,65,110,2,21,129,4" hai2="92,111,84,119,125,52,25,47,69,64,124,62,7" hai3="109,104,131,128,122,100,126,24,75,66,9,87,91"/><W26/><G75/><T13/><D130/><N who="3" m="49705" /><G126/><N who="2" m="48745" /><F119/><W51/><G109/><T23/><D108/><U45/><E110/><V5/><F111/><W98/><G122/><T127/><D112/><U93/><E129/><V102/><F25/><N who="3" m="9835" /><G9/><T17/><D127/><U71/><E118/><V41/><F52/><W56/><G51/><T53/><D36/><U8/><E132/><V22/><F22/><W46/><G46/><T48/><D80/><U0/><E45/><V31/><F31/><W38/><G38/><T6/><D106/><U117/><E117/><V73/><F73/><W134/><G134/><T103/><D103/><U96/><E21/><V115/><F115/><W27/><N who="3" m="9843" /><W44/><DORA hai="105" /><G44/><T18/><D89/><U95/><E71/><V90/><F102/><W72/><G72/><T88/><D6/><U49/><E83/><V43/><F43/><W79/><G79/><T78/><D78/><U3/><E95/><V34/><F34/><W30/><G30/><T32/><D32/><U57/><E57/><V35/><F35/><W50/><G50/><AGARI ba="0,0" hai="5,7,41,47,50,62,64,69,84,90,92" m="48745" machi="50" ten="30,1000,0" yaku="18,1" doraHai="94,105" who="2" fromWho="3" sc="25,0,263,0,352,10,360,-10" owari="25,-47.0,263,-14.0,362,46.0,350,15.0" /></mjloggm>