<mjloggm ver="2.3"><GO type="169" lobby="0"/><UN n0="%E3%82%A6%E3%83%AB%E3%83%88%E3%83%A9%E7%AB%8B%E7%9B%B4" n1="%E3%83%90%E3%83%90%E3%82%A2%E3%81%AE%E6%97%A5%E5%82%98" n2="%52%69%2D%4D%6F%2D" n3="%E3%82%89%E3%81%84%E3%81%A1%E3%82%87%E3%81%86" dan="17,16,17,17" rate="2176.07,2122.59,2157.82,2181.00" sx="M,F,M,M"/><TAIKYOKU oya="0"/><INIT seed="0,0,0,5,1,91" ten="250,250,250,250" oya="0" hai0="64,30,100,122,24,16,101,70,134,103,129,36,33" hai1="117,110,93,48,87,124,39,31,60,15,130,8,55" hai2="52,47,106,92,18,74,42,79,114,41,9,88,62" hai3="7,27,54,59,26,61,73,128,71,28,58,126,65"/><T80/><D122/><U109/><E39/><V46/><F114/><W75/><G128/><T19/><D129/><U81/><E130/><V63/><F106/><W22/><G126/><T44/><D134/><U113/><E117/><V115/><F115/><W45/><G7/><T43/><REACH who="0" step="1"/><D80/><REACH who="0" ten="240,250,250,250" step="2"/><U118/><E118/><V127/><F127/><W82/><G82/><T123/><D123/><U86/><E81/><V35/><F74/><W20/><G75/><T66/><D66/><U90/><E124/><V78/><F35/><W116/><G73/><T50/><D50/><U10/><E48/><N who="2" m="28703" /><F62/><AGARI ba="0,1" hai="16,19,24,30,33,36,43,44,62,64,70,100,101,103" machi="62" ten="40,7700,0" yaku="1,1,54,1,53,1" doraHai="91" doraHaiUra="67" who="0" fromWho="2" sc="240,87,250,0,250,-77,250,0" /><INIT seed="0,1,0,0,5,32" ten="327,250,173,250" oya="0" hai0="127,60,7,50,36,88,77,24,43,6,72,39,78" hai1="80,66,46,4,15,95,22,99,73,25,90,49,131" hai2="102,123,23,19,126,84,1,34,105,67,129,8,93" hai3="89,48,37,21,125,81,104,118,101,128,133,52,69"/><T40/><D72/><U85/><E73/><V11/><F123/><W70/><G37/><T10/><D127/><U92/><E66/><V30/><F126/><W103/><G118/><T64/><D24/><U117/><E131/><V58/><F129/><W107/><G125/><T106/><D106/><U83/><E117/><V33/><F105/><W28/><G128/><T75/><D75/><U29/><E4/><N who="0" m="1577" /><D10/><U86/><E15/><V42/><F42/><N who="0" m="15914" /><D50/><U121/><E121/><V38/><F38/><N who="0" m="14378" /><D88/><N who="1" m="55783" /><E85/><V44/><F84/><N who="3" m="50319" /><G107/><T12/><D12/><U59/><E59/><V109/><F58/><W98/><G104/><T115/><D115/><U20/><E20/><V31/><F23/><W96/><G21/><T87/><D87/><U114/><E114/><V5/><F5/><W91/><G91/><T130/><D130/><U41/><AGARI ba="1,0" hai="22,25,29,41,46,49,80,83,86,90,92" m="55783" machi="41" ten="30,2000,0" yaku="8,1,54,1" doraHai="32" who="1" fromWho="1" sc="327,-11,250,23,173,-6,250,-6" /><INIT seed="1,0,0,1,1,44" ten="316,273,167,244" oya="1" hai0="19,29,70,45,118,36,8,64,31,33,4,125,41" hai1="100,114,74,66,80,82,132,42,30,83,108,5,121" hai2="135,68,26,48,53,81,13,122,60,1,97,129,51" hai3="112,18,25,16,110,92,105,119,84,58,2,52,65"/><U104/><E121/><V131/><F1/><W72/><G112/><T28/><D118/><U10/><E114/><V32/><F122/><W77/><G105/><T133/><D125/><U85/><E74/><V98/><F135/><W59/><G2/><T37/><D133/><U91/><E132/><V55/><F13/><W90/><G119/><T50/><D33/><U9/><E108/><V56/><F81/><N who="3" m="47151" /><G72/><T27/><D27/><U12/><E30/><N who="2" m="19543" /><F68/><W113/><G110/><T95/><D19/><U69/><E104/><V62/><F62/><N who="3" m="38103" /><G25/><T75/><D75/><U130/><E100/><V0/><F0/><W21/><G21/><T7/><D95/><U96/><E130/><N who="2" m="49675" /><F60/><N who="3" m="35943" /><G113/><T107/><D107/><U73/><E73/><V134/><F134/><W17/><G17/><T76/><D31/><U126/><E69/><V94/><F94/><W120/><G120/><T14/><D29/><U47/><E80/><V39/><F39/><W93/><G93/><T87/><D28/><U40/><E82/><V24/><F24/><W6/><G6/><T99/><D4/><U63/><E5/><V11/><F11/><W102/><G102/><T57/><D70/><N who="1" m="42335" /><E12/><V124/><F124/><W101/><G101/><T103/><D37/><U3/><E126/><V116/><F116/><W106/><G106/><T34/><D36/><N who="1" m="21895" /><E3/><V54/><F56/><W15/><G15/><T117/><D117/><U128/><E128/><V61/><F61/><W71/><G71/><T46/><D34/><U20/><E9/><V88/><F98/><AGARI ba="0,0" hai="16,18,90,92,98" m="35943,38103,47151" machi="98" ten="30,3900,0" yaku="8,1,54,2" doraHai="44" who="3" fromWho="2" sc="316,0,273,0,167,-39,244,39" /><INIT seed="2,0,0,2,3,130" ten="316,273,128,283" oya="2" hai0="15,24,33,16,26,48,109,125,78,41,58,43,119" hai1="94,2,23,93,49,19,83,11,121,128,113,112,37" hai2="18,65,22,104,13,29,81,31,91,57,28,123,108" hai3="114,107,97,72,101,54,90,111,118,122,115,76,34"/><V39/><F123/><W69/><G34/><T99/><D109/><U10/><E37/><V44/><F104/><W40/><G69/><T62/><D125/><U56/><E128/><V102/><F108/><W98/><G40/><T103/><D119/><U20/><E83/><V96/><F39/><W100/><G54/><T77/><D78/><U110/><E110/><V85/><F44/><W59/><G111/><T67/><D77/><U71/><E71/><V73/><F73/><W32/><G59/><T135/><D135/><U53/><E121/><V79/><F102/><N who="3" m="62927" /><G32/><T30/><D26/><U84/><E23/><V6/><F6/><W5/><G5/><T0/><D48/><U87/><E112/><N who="3" m="43050" /><G118/><T63/><D63/><U95/><E113/><V61/><REACH who="2" step="1"/><F96/><REACH who="2" ten="316,273,118,283" step="2"/><W47/><G47/><T75/><D75/><U21/><E2/><V50/><F50/><W127/><G122/><T134/><D0/><U51/><E49/><V80/><F80/><N who="3" m="45063" /><G127/><T92/><D134/><U14/><E51/><V45/><F45/><W88/><G101/><T17/><D43/><U36/><E36/><V12/><F12/><W3/><G3/><T27/><D41/><U60/><E14/><V42/><F42/><W117/><G117/><T4/><D4/><U46/><E46/><V105/><F105/><AGARI ba="0,1" hai="88,90,98,100,105" m="45063,43050,62927" machi="105" ten="30,7700,0" yaku="11,1,34,2,54,1" doraHai="130" who="3" fromWho="2" sc="316,0,273,0,118,-77,283,87" /><INIT seed="3,0,0,4,3,71" ten="316,273,41,370" oya="3" hai0="3,63,61,13,85,43,99,57,117,122,92,90,126" hai1="76,107,86,31,41,53,37,46,35,17,51,48,58" hai2="102,127,78,88,119,21,0,125,59,115,9,101,73" hai3="114,24,40,124,103,22,93,87,11,113,19,52,134"/><W33/><G33/><T7/><D3/><U47/><E107/><V50/><F115/><W54/><G114/><T56/><D122/><U121/><E121/><V112/><F112/><W67/><G113/><T28/><D117/><U130/><E130/><V128/><F119/><W82/><G67/><T135/><D126/><N who="2" m="48138" /><F128/><W1/><G124/><T20/><D135/><U4/><E4/><N who="2" m="1159" /><F21/><W108/><G134/><T80/><D43/><U79/><E31/><V106/><F106/><W64/><G64/><T2/><D2/><U89/><E17/><V131/><F131/><W66/><G66/><T36/><D57/><U77/><E35/><V129/><F129/><W29/><G1/><T26/><D56/><U10/><E10/><V5/><F5/><W27/><G11/><N who="0" m="4351" /><D36/><U14/><E14/><V42/><F88/><AGARI ba="0,0" hai="20,26,28,61,63,80,85,88,90,92,99" m="4351" machi="88" ten="30,2000,0" yaku="8,1,54,1" doraHai="71" who="0" fromWho="2" sc="316,20,273,0,41,-20,370,0" /><INIT seed="4,0,0,3,1,129" ten="336,273,21,370" oya="0" hai0="116,61,132,40,56,44,121,87,80,83,89,27,102" hai1="20,101,45,79,92,37,90,24,53,114,66,29,65" hai2="12,67,76,110,107,26,97,111,39,59,9,133,60" hai3="104,131,88,85,120,1,47,57,46,77,68,11,106"/><T33/><D121/><U3/><E3/><V35/><F39/><W52/><G68/><T127/><D116/><U71/><E71/><V51/><F76/><W98/><G131/><T117/><D117/><U113/><E101/><V23/><F35/><W5/><G120/><T75/><D127/><U6/><E79/><V108/><F51/><W43/><G77/><T126/><D126/><U49/><E6/><V123/><F123/><W119/><G119/><T25/><D75/><U74/><E74/><V50/><F50/><W62/><G98/><T28/><D102/><U124/><E37/><V122/><F122/><W21/><G21/><T7/><D7/><U105/><E105/><V91/><F107/><W13/><G1/><T99/><D99/><N who="1" m="57751" /><E124/><V10/><F12/><W42/><G106/><T32/><D83/><U93/><E93/><V54/><F67/><W84/><G104/><T64/><D132/><U19/><E29/><V2/><F2/><W128/><G128/><T36/><D27/><U134/><E134/><V14/><F133/><W94/><G84/><T8/><D8/><U125/><E125/><V95/><REACH who="2" step="1"/><F14/><REACH who="2" ten="336,273,11,370" step="2"/><W22/><G13/><T96/><D33/><U78/><E78/><V69/><F69/><W86/><G62/><T18/><D36/><U38/><E38/><V31/><AGARI ba="0,1" hai="9,10,23,26,31,54,59,60,91,95,97,108,110,111" machi="31" ten="30,2000,0" yaku="1,1,0,1,53,0" doraHai="129" doraHaiUra="135" who="2" fromWho="2" sc="336,-10,273,-5,11,30,370,-5" /><INIT seed="5,0,0,5,1,73" ten="326,268,41,365" oya="1" hai0="71,50,22,19,94,132,61,114,82,49,41,129,96" hai1="36,98,42,23,66,90,99,0,108,44,121,106,47" hai2="3,69,34,112,123,118,92,15,25,119,32,100,16" hai3="28,77,103,102,109,88,51,56,43,70,11,21,86"/><U78/><E121/><V128/><F69/><W74/><G70/><T111/><D111/><U130/><E0/><V55/><F55/><W58/><G74/><T81/><D114/><U105/><E108/><V101/><F92/><N who="3" m="54295" /><G77/><T37/><D129/><U30/><E130/><V104/><F128/><W64/><G11/><T68/><D132/><U29/><E66/><V79/><F79/><W116/><G109/><T85/><D37/><U26/><E30/><V127/><F104/><W18/><G28/><T134/><D134/><U75/><E47/><V87/><F87/><W93/><G116/><N who="2" m="44585" /><F100/><N who="3" m="38443" /><G93/><T95/><D95/><U113/><E113/><V52/><F101/><W1/><G1/><T54/><D94/><U115/><E115/><V83/><F112/><W8/><G8/><T57/><D96/><U35/><E35/><N who="2" m="13355" /><F3/><W131/><G131/><T80/><D85/><U39/><E39/><V6/><F123/><W120/><G64/><T60/><D71/><U12/><E90/><V33/><F83/><W27/><G120/><T72/><D68/><U31/><E31/><N who="2" m="19695" /><F127/><W135/><G135/><T24/><D72/><U53/><E105/><V124/><F124/><W97/><G97/><N who="1" m="36874" /><E106/><V133/><F133/><W5/><G43/><T14/><D41/><U65/><E65/><V7/><F52/><N who="3" m="31775" /><G58/><N who="0" m="34903" /><D81/><N who="1" m="45279" /><E53/><V67/><F67/><W76/><G76/><T40/><D80/><U63/><E63/><V62/><F62/><W126/><G126/><T91/><D82/><U13/><E36/><V84/><F84/><W48/><G48/><N who="0" m="18539" /><D40/><U4/><E4/><AGARI ba="0,0" hai="4,5,18,21,27" m="31775,38443,54295" machi="4" ten="30,3900,0" yaku="8,1,54,2" doraHai="73" who="3" fromWho="1" sc="326,0,268,-39,41,0,365,39" /><INIT seed="6,0,0,5,5,90" ten="326,229,41,404" oya="2" hai0="69,128,67,40,84,76,94,7,41,99,9,43,50" hai1="12,24,127,16,81,17,125,92,15,97,68,70,8" hai2="61,102,34,27,59,108,64,116,121,85,86,20,74" hai3="60,1,88,132,48,37,111,47,114,71,21,77,32"/><V30/><F121/><W73/><G32/><T4/><D128/><U57/><E81/><V119/><F74/><W107/><G107/><T31/><D31/><U109/><E24/><V10/><F108/><W112/><G111/><T26/><D26/><U2/><E2/><V28/><F34/><W131/><G37/><T38/><D38/><U46/><E46/><V95/><F30/><W87/><G1/><T39/><D39/><U82/><E82/><V53/><F53/><W78/><G131/><T117/><D117/><U110/><E68/><V75/><F75/><W3/><G3/><T33/><D33/><U29/><E70/><V130/><F130/><W135/><G21/><T54/><D69/><U5/><E29/><V66/><F66/><N who="3" m="41415" /><G73/><T104/><D104/><U55/><E109/><V56/><F56/><W129/><G129/><T42/><D42/><U106/><E106/><V79/><F10/><W0/><G0/><T91/><D67/><U101/><E110/><V25/><F25/><W122/><G122/><T103/><D9/><U19/><REACH who="1" step="1"/><E12/><REACH who="1" ten="326,219,41,404" step="2"/><V63/><F63/><AGARI ba="0,1" hai="5,8,15,16,17,19,55,57,63,92,97,101,125,127" machi="63" ten="40,12000,2" yaku="1,1,2,1,52,1,54,1,53,2" doraHai="90" doraHaiUra="133" who="1" fromWho="2" sc="326,0,219,130,41,-120,404,0" owari="326,-7.0,349,15.0,-79,-58.0,404,50.0" /></mjloggm>