<mjloggm ver="2.3"><GO type="169" lobby="0"/><UN n0="%67%6F%69%73%75%62%61%69" n1="%E3%82%A4%E3%83%8B%E3%82%A8%E3%82%B9%E3%82%BF" n2="%4E%61%72%75%6B%61" n3="%E3%83%88%E3%83%88%E3%83%AA%E5%85%88%E7%94%9F%31%39%E6%AD%B3" dan="16,18,16,18" rate="2032.61,2225.25,2069.41,2251.37" sx="M,M,F,F"/><TAIKYOKU oya="0"/><INIT seed="0,0,0,2,5,64" ten="250,250,250,250" oya="0" hai0="20,48,57,71,46,61,89,68,112,116,56,58,8" hai1="76,60,19,133,43,93,117,9,53,42,78,4,11" hai2="88,27,127,0,110,132,109,82,15,96,21,13,99" hai3="2,105,104,38,98,121,126,100,16,83,34,120,94"/><T95/><D116/><U111/><E117/><V50/><F0/><W131/><G2/><T66/><D112/><U44/><E111/><N who="2" m="42507" /><F50/><W113/><G113/><T6/><D20/><U128/><E133/><V1/><F1/><W107/><G34/><T54/><D8/><U35/><E35/><V23/><F127/><W135/><G38/><T37/><D6/><U134/><E134/><V14/><F132/><W74/><G135/><T81/><D81/><U7/><E128/><V12/><F12/><W26/><G126/><T86/><REACH who="0" step="1"/><D71/><REACH who="0" ten="240,250,250,250" step="2"/><U91/><E4/><V130/><F23/><N who="3" m="13671" /><G83/><T25/><D25/><U97/><E7/><V30/><F130/><W84/><G131/><T52/><D52/><U67/><E11/><V49/><F49/><W114/><G114/><T10/><D10/><U41/><E53/><V45/><F45/><W115/><G115/><T118/><D118/><U79/><E9/><V24/><F24/><W51/><G51/><T123/><D123/><N who="3" m="47177" /><G74/><T124/><D124/><U55/><E55/><V80/><F80/><W32/><G32/><T36/><AGARI ba="0,1" hai="36,37,46,48,54,56,57,58,61,66,68,86,89,95" machi="36" ten="30,11700,0" yaku="1,1,0,1,52,1,53,1" doraHai="64" doraHaiUra="40" who="0" fromWho="0" sc="240,127,250,-39,250,-39,250,-39" /><INIT seed="0,1,0,3,5,57" ten="367,211,211,211" oya="0" hai0="40,97,111,64,132,5,135,47,85,10,38,84,30" hai1="66,90,130,72,3,78,86,21,99,39,96,94,92" hai2="67,80,71,89,88,55,104,44,106,74,32,69,37" hai3="9,8,58,54,73,19,112,82,11,75,83,14,0"/><T41/><D111/><U116/><E3/><V56/><F32/><W70/><G112/><T36/><D30/><U110/><E39/><V62/><F71/><W51/><G70/><T12/><D97/><U107/><E21/><V25/><F25/><W122/><G122/><T109/><D109/><U125/><E66/><V134/><F134/><N who="0" m="51242" /><D64/><U53/><E53/><V113/><F113/><W46/><G0/><T17/><D17/><U29/><E29/><V26/><F26/><W34/><G34/><T63/><D63/><U42/><E110/><V79/><F106/><W22/><G75/><T119/><D119/><U59/><E116/><V126/><F104/><W124/><G124/><T13/><D13/><U81/><E125/><V2/><F2/><W31/><G73/><T133/><N who="0" m="51250" /><T7/><DORA hai="115" /><D7/><U103/><E42/><N who="2" m="22607" /><F126/><W95/><G31/><T23/><D23/><U60/><E130/><V43/><F43/><W91/><REACH who="3" step="1"/><G46/><AGARI ba="1,0" hai="5,10,12,36,38,40,41,46,47,84,85" m="51250" machi="46" ten="40,2000,0" yaku="20,1" doraHai="57,115" who="0" fromWho="3" sc="367,23,211,0,211,0,211,-23" /><INIT seed="0,2,0,5,3,72" ten="390,211,211,188" oya="0" hai0="118,53,105,62,41,7,95,22,75,69,59,11,1" hai1="82,46,20,106,61,107,122,116,130,77,113,49,15" hai2="2,120,101,93,90,56,12,65,17,89,84,37,134" hai3="68,133,32,63,111,33,114,57,71,92,125,79,24"/><T126/><D105/><U35/><E116/><V83/><F134/><W104/><G104/><T74/><D118/><U100/><E122/><V121/><F2/><W55/><G114/><T127/><D69/><U5/><E35/><V36/><F120/><W109/><G133/><T102/><D41/><U119/><E119/><V27/><F27/><W123/><G123/><T81/><D22/><U129/><E113/><V18/><F101/><W21/><G125/><N who="0" m="47627" /><D81/><U51/><E61/><V16/><F12/><W0/><G0/><T31/><D31/><U10/><E20/><V88/><F121/><W19/><G71/><T8/><D8/><U45/><E51/><V30/><F30/><W86/><G68/><T117/><D117/><U128/><E100/><V135/><F135/><W110/><G92/><T98/><AGARI ba="2,0" hai="1,7,11,53,59,62,74,75,95,98,102" m="47627" machi="98" ten="30,1500,0" yaku="18,1" doraHai="72" who="0" fromWho="0" sc="390,21,211,-7,211,-7,188,-7" /><INIT seed="0,3,0,2,3,63" ten="411,204,204,181" oya="0" hai0="66,125,127,9,55,70,64,35,46,65,69,76,48" hai1="121,99,120,28,23,67,94,22,106,40,36,119,19" hai2="57,77,97,128,111,37,43,75,53,60,58,81,105" hai3="30,98,12,93,42,107,91,84,3,92,24,20,78"/><T115/><D35/><U83/><E106/><V8/><F111/><W95/><G3/><T39/><D76/><U96/><E83/><V90/><F128/><W85/><G107/><T38/><D115/><U102/><E119/><V68/><F8/><W109/><G109/><T126/><D9/><U56/><E40/><V33/><F33/><W130/><G130/><T74/><D74/><U101/><E36/><AGARI ba="3,0" hai="36,38,39,46,48,55,64,65,66,69,70,125,126,127" machi="36" ten="50,18000,2" yaku="18,1,34,3,52,3" doraHai="63" who="0" fromWho="1" sc="411,189,204,-189,204,0,181,0" /><INIT seed="0,4,0,1,4,71" ten="600,15,204,181" oya="0" hai0="79,64,8,54,108,21,66,115,52,49,62,135,118" hai1="39,67,81,0,102,26,10,42,46,124,96,82,75" hai2="2,44,85,19,126,5,29,114,72,104,47,7,4" hai3="106,25,27,70,83,125,65,17,130,103,121,100,24"/><T73/><D115/><U117/><E117/><V55/><F72/><W3/><G3/><T92/><D118/><U87/><E124/><V94/><F2/><W13/><G125/><T80/><D135/><U61/><E26/><V91/><F104/><W30/><G130/><T14/><D108/><U129/><E129/><V34/><F114/><W131/><G131/><T57/><D21/><U23/><E23/><V1/><F1/><W53/><G121/><T20/><D20/><U18/><E75/><V119/><F34/><W89/><G30/><T128/><D128/><U133/><E133/><V32/><F32/><W88/><G106/><T50/><D92/><U123/><E123/><V90/><F29/><W40/><G40/><T86/><D73/><U11/><E18/><V22/><F126/><W101/><G83/><T31/><D31/><U76/><E82/><N who="2" m="49463" /><F55/><W110/><G110/><T43/><D43/><U127/><E0/><V109/><F109/><W45/><G65/><T68/><D68/><U37/><E37/><V74/><F74/><W35/><G70/><T9/><D9/><U116/><E116/><V97/><F119/><W98/><G98/><T33/><D33/><U51/><E39/><V69/><F69/><W15/><G35/><T112/><D112/><U132/><E127/><V113/><F113/><W84/><G84/><T38/><D38/><U48/><E48/><N who="0" m="18537" /><D54/><U78/><E132/><V122/><F122/><W16/><G17/><AGARI ba="4,0" hai="8,14,17,52,57,62,64,66,79,80,86" m="18537" machi="17" ten="30,2900,0" yaku="8,1,54,1" doraHai="71" who="0" fromWho="3" sc="600,41,15,0,204,0,181,-41" /><INIT seed="0,5,0,1,0,24" ten="641,15,204,140" oya="0" hai0="120,29,12,63,13,114,14,23,16,44,80,61,89" hai1="60,40,123,105,125,65,75,57,30,109,128,108,35" hai2="51,119,28,118,78,111,47,69,130,133,103,70,127" hai3="99,48,32,91,36,17,135,2,46,77,43,34,41"/><T86/><D114/><U104/><E123/><V67/><F111/><N who="1" m="42569" /><E75/><V92/><F127/><W83/><G2/><T31/><D120/><U3/><E3/><V7/><F130/><W55/><G135/><T96/><D96/><U56/><E128/><V79/><F133/><W39/><G17/><T82/><D82/><U66/><E40/><N who="2" m="25063" /><F28/><N who="0" m="10826" /><D44/><U72/><E72/><V102/><F7/><W38/><G32/><T1/><D1/><U113/><E113/><V25/><F25/><AGARI ba="5,0" hai="12,13,14,16,23,25,61,63,80,86,89" m="10826" machi="25" ten="30,12000,1" yaku="8,1,52,3,54,1" doraHai="24" who="0" fromWho="2" sc="641,135,15,0,204,-135,140,0" /><INIT seed="0,6,0,2,2,0" ten="776,15,69,140" oya="0" hai0="34,15,10,43,29,42,99,128,28,131,54,61,76" hai1="114,53,14,8,108,84,41,58,44,63,126,67,21" hai2="129,55,23,18,5,46,32,24,89,17,2,105,116" hai3="102,93,127,88,40,37,35,101,12,83,79,66,68"/><T111/><D111/><U97/><E108/><V36/><F105/><W74/><G35/><T51/><D76/><U27/><E126/><V65/><F129/><N who="0" m="49738" /><D34/><U57/><E114/><V80/><F32/><W33/><G33/><T19/><D99/><U48/><E97/><V124/><F124/><W16/><G127/><T77/><D77/><U113/><E113/><V70/><F116/><W121/><G121/><T90/><D90/><U94/><E94/><V112/><F112/><W71/><G40/><N who="0" m="15403" /><D61/><U118/><E118/><V25/><F36/><W85/><G37/><T107/><D107/><U75/><E75/><V69/><F89/><W26/><G102/><T20/><D20/><U125/><E125/><V119/><F80/><W59/><G101/><T72/><D72/><U11/><E84/><V3/><F119/><W106/><G106/><T132/><D132/><U95/><E95/><V96/><F96/><W103/><G103/><T87/><D87/><U78/><E78/><V45/><F23/><W81/><G81/><T1/><D1/><U50/><REACH who="1" step="1"/><E14/><REACH who="1" ten="776,5,69,140" step="2"/><V104/><F104/><W39/><G12/><T115/><D115/><U22/><E22/><V4/><REACH who="2" step="1"/><F55/><REACH who="2" ten="776,5,59,140" step="2"/><W134/><G83/><T123/><D123/><U38/><E38/><V31/><F31/><AGARI ba="6,2" hai="8,11,21,27,31,41,44,48,50,53,57,58,63,67" machi="31" ten="30,7700,0" yaku="1,1,7,1,8,1,53,1" doraHai="0" doraHaiUra="60" who="1" fromWho="2" sc="776,0,5,115,59,-95,140,0" owari="776,88.0,120,-28.0,-36,-54.0,140,-6.0" /></mjloggm>