<mjloggm ver="2.3"><GO type="169" lobby="0"/><UN n0="%64%61%6E%6E%63%68%69" n1="%E3%81%97%E3%82%87%E3%81%BC%E3%82%93%EF%BD%8E" n2="%63%68%61%72%6C%69%65%37" n3="%E3%82%A6%E3%83%AB%E3%83%88%E3%83%A9%E7%AB%8B%E7%9B%B4" dan="16,17,18,17" rate="2044.64,2176.62,2248.20,2183.55" sx="M,F,M,M"/><TAIKYOKU oya="0"/><INIT seed="0,0,0,4,1,27" ten="250,250,250,250" oya="0" hai0="59,100,2,115,26,73,125,7,93,75,13,103,60" hai1="32,14,51,20,41,72,65,106,36,9,37,62,3" hai2="29,19,33,109,78,66,11,56,28,25,124,38,50" hai3="70,48,46,42,47,61,6,117,30,107,86,10,118"/><T92/><D115/><U71/><E72/><V119/><F119/><W83/><G107/><T101/><D2/><U23/><E32/><V113/><F38/><W22/><G70/><T12/><D125/><U114/><E114/><V15/><F113/><W96/><G61/><T84/><D73/><U122/><E122/><V105/><F105/><W0/><G96/><T16/><D75/><U40/><E3/><V35/><F124/><W110/><G110/><T111/><D111/><U31/><E106/><V90/><F78/><W127/><G127/><T49/><D49/><U44/><E40/><V1/><F109/><W63/><G63/><T99/><D84/><U79/><E79/><V108/><F108/><W134/><G134/><T104/><D104/><U18/><E20/><V135/><F135/><W133/><G47/><T57/><D7/><U91/><E91/><V82/><F1/><W21/><G133/><T58/><D60/><U98/><E98/><V45/><F56/><W4/><G4/><T39/><D39/><U130/><E130/><V53/><F66/><W88/><G22/><N who="0" m="13639" /><D92/><U76/><E76/><V55/><F55/><W121/><G121/><T132/><D132/><U95/><E95/><V123/><F123/><W128/><G128/><T112/><D112/><U34/><E34/><N who="2" m="12811" /><F25/><N who="3" m="16687" /><G118/><T77/><D77/><U24/><AGARI ba="0,0" hai="9,14,18,23,24,31,36,37,41,44,51,62,65,71" machi="24" ten="30,2000,0" yaku="0,1,52,1" doraHai="27" who="1" fromWho="1" sc="250,-10,250,20,250,-5,250,-5" /><INIT seed="1,0,0,1,2,73" ten="240,270,245,245" oya="1" hai0="14,67,52,124,22,61,103,78,90,88,54,6,97" hai1="19,99,84,30,16,2,79,112,106,102,33,53,109" hai2="44,8,126,122,134,39,41,129,5,119,92,85,17" hai3="51,28,72,37,128,118,81,87,120,7,15,65,11"/><U113/><E2/><V25/><F122/><W127/><G120/><T36/><D36/><U12/><E109/><V49/><F119/><W59/><G37/><T10/><D124/><U115/><E33/><V76/><F126/><W83/><G127/><T91/><D78/><U18/><E30/><V64/><F64/><W63/><G118/><T107/><REACH who="0" step="1"/><D22/><REACH who="0" ten="230,270,245,245" step="2"/><U114/><E114/><V94/><F39/><W57/><G128/><T23/><D23/><U4/><E113/><V3/><F129/><W40/><G72/><T66/><D66/><U105/><E115/><V69/><F134/><W86/><G65/><T110/><D110/><U48/><E112/><V100/><F69/><AGARI ba="0,1" hai="6,10,14,52,54,61,67,69,88,90,91,97,103,107" machi="69" ten="40,5200,0" yaku="1,1,54,2,53,0" doraHai="73" doraHaiUra="75" who="0" fromWho="2" sc="230,62,270,0,245,-52,245,0" /><INIT seed="2,0,0,1,3,92" ten="292,270,193,245" oya="2" hai0="79,95,31,61,54,53,40,131,121,94,114,13,4" hai1="62,105,63,32,51,99,98,82,117,124,23,104,84" hai2="46,50,24,133,48,56,75,17,20,91,120,14,83" hai3="89,116,34,119,19,86,112,90,101,21,125,16,123"/><V127/><F120/><W45/><G34/><T10/><D121/><U33/><E51/><V128/><F128/><W6/><G123/><T38/><D114/><U29/><E117/><V80/><F133/><W64/><G125/><T106/><D106/><U132/><E124/><V66/><F127/><W27/><G112/><T88/><D131/><U74/><E74/><V55/><F66/><W97/><G6/><T25/><D79/><U72/><E72/><V52/><F75/><W7/><G7/><T12/><D12/><U78/><E23/><V109/><F109/><W18/><G64/><T107/><D107/><U103/><E132/><V8/><REACH who="2" step="1"/><F91/><REACH who="2" ten="292,270,183,245" step="2"/><W110/><G110/><T70/><D88/><U65/><E65/><V102/><F102/><W81/><G90/><T58/><D70/><U26/><E33/><V69/><F69/><W122/><G122/><T76/><D76/><U39/><E39/><V11/><F11/><W2/><G119/><T9/><D9/><U87/><E87/><V37/><F37/><W96/><G116/><T42/><D38/><U73/><E84/><V77/><F77/><W43/><G101/><AGARI ba="0,1" hai="26,29,32,62,63,73,78,82,98,99,101,103,104,105" machi="101" ten="40,5200,0" yaku="9,1,52,2" doraHai="92" who="1" fromWho="3" sc="292,0,270,62,183,0,245,-52" /><INIT seed="3,0,0,3,1,76" ten="292,332,183,193" oya="3" hai0="91,128,62,39,21,66,34,71,99,3,20,132,79" hai1="93,125,109,121,89,135,28,65,38,110,74,63,96" hai2="123,133,1,36,9,6,37,51,56,33,43,17,26" hai3="86,120,60,134,119,41,98,70,80,55,53,90,61"/><W83/><G120/><T25/><D39/><U87/><E121/><V8/><F123/><W19/><G119/><T106/><D128/><U10/><E74/><V108/><F108/><W35/><G35/><T49/><D3/><U14/><E38/><V40/><F133/><W114/><G114/><T31/><D132/><U77/><E135/><V44/><F9/><W68/><G134/><T127/><D127/><U85/><E28/><V118/><F118/><W7/><G7/><T30/><D30/><U32/><E32/><V73/><F73/><W52/><G41/><T88/><D49/><U2/><E2/><V130/><F130/><W117/><G117/><T12/><D79/><U58/><E125/><V112/><F112/><W82/><G98/><T67/><D67/><U131/><E131/><V111/><F111/><N who="1" m="42505" /><E77/><V101/><F37/><W126/><G126/><T59/><D59/><U57/><E57/><V104/><F56/><W13/><G70/><T4/><D4/><AGARI ba="0,0" hai="4,10,14,58,63,65,85,87,89,93,96" m="42505" machi="4" ten="30,1000,0" yaku="14,1" doraHai="76" who="1" fromWho="0" sc="292,-10,332,10,183,0,193,0" /><INIT seed="4,0,0,4,3,117" ten="282,342,183,193" oya="0" hai0="90,38,75,44,84,9,8,17,78,43,37,96,41" hai1="27,128,51,49,92,55,68,3,70,67,114,40,72" hai2="54,129,25,48,39,93,21,66,99,91,16,108,42" hai3="104,95,59,103,30,101,87,34,94,56,98,76,102"/><T85/><D96/><U89/><E3/><V88/><F108/><W105/><G34/><T119/><D119/><U28/><E72/><V73/><F73/><W24/><G24/><T127/><D127/><U77/><E77/><V33/><F33/><W109/><G30/><T121/><D17/><U131/><E114/><V52/><F66/><W79/><G109/><T61/><D61/><U74/><E74/><V18/><F129/><N who="1" m="49737" /><E40/><V120/><F120/><W26/><G26/><T81/><D121/><U13/><E13/><V46/><F18/><W126/><G126/><T47/><REACH who="0" step="1"/><D75/><REACH who="0" ten="272,342,183,193" step="2"/><U57/><E68/><V113/><F113/><W4/><G98/><T107/><D107/><U32/><E70/><V135/><F135/><W50/><G105/><T45/><D45/><U65/><E49/><V69/><F69/><W62/><G50/><T12/><D12/><U23/><E51/><V134/><F134/><W19/><G104/><T11/><D11/><U6/><E57/><V115/><F115/><W100/><G59/><T122/><D122/><U36/><E28/><V86/><F48/><W0/><G19/><T1/><D1/><U71/><E71/><V124/><F124/><W130/><G130/><T60/><D60/><U63/><E63/><V125/><F125/><W97/><G0/><T83/><AGARI ba="0,1" hai="8,9,37,38,41,43,44,47,78,81,83,84,85,90" machi="83" ten="20,7800,0" yaku="1,1,0,1,7,1,9,1,53,0" doraHai="117" doraHaiUra="112" who="0" fromWho="0" sc="272,88,342,-26,183,-26,193,-26" /><INIT seed="4,1,0,0,3,37" ten="360,316,157,167" oya="0" hai0="1,90,81,14,94,55,78,93,109,35,91,124,71" hai1="75,22,63,0,67,64,118,107,69,89,8,80,112" hai2="128,106,88,46,30,77,28,9,134,121,116,62,132" hai3="70,65,74,73,105,48,20,45,97,95,17,72,2"/><T125/><D1/><U66/><E118/><V11/><F106/><W44/><G2/><T10/><D35/><U110/><E107/><V86/><F116/><W102/><G105/><T120/><D120/><U84/><E110/><V122/><F121/><W49/><G65/><T24/><D24/><U12/><E112/><V98/><F128/><W130/><G70/><T114/><D71/><U34/><E34/><V25/><F62/><W101/><G130/><T18/><D114/><U32/><E32/><N who="2" m="20495" /><F98/><W92/><G92/><T123/><D123/><U21/><E75/><V129/><F129/><W131/><G131/><T103/><D109/><U133/><E0/><V42/><F30/><W56/><G101/><T99/><D55/><U135/><E63/><V26/><F77/><W39/><G56/><T33/><D33/><U108/><E69/><V13/><F13/><W61/><G61/><T76/><D76/><U60/><E60/><V27/><F27/><W38/><G17/><T29/><D29/><U79/><E79/><V117/><F26/><W4/><G20/><T119/><D119/><U6/><REACH who="1" step="1"/><E108/><REACH who="1" ten="360,306,157,167" step="2"/><V53/><F122/><W41/><REACH who="3" step="1"/><G4/><REACH who="3" ten="360,306,157,157" step="2"/><T82/><D124/><U127/><E127/><V15/><F117/><W40/><AGARI ba="1,2" hai="38,39,40,41,44,45,48,49,72,73,74,95,97,102" machi="40" ten="40,12000,2" yaku="1,1,2,1,0,1,9,1,52,2,53,0" doraHai="37" doraHaiUra="115" who="3" fromWho="3" sc="360,-61,306,-31,157,-31,157,143" /><INIT seed="5,0,0,4,2,128" ten="299,275,126,300" oya="1" hai0="36,34,15,40,99,47,79,61,129,46,108,19,24" hai1="44,49,9,0,5,76,22,77,37,17,42,97,4" hai2="134,75,65,68,86,110,103,78,3,55,32,7,62" hai3="107,72,23,54,127,132,66,118,60,13,71,93,91"/><U111/><E111/><V92/><F110/><W10/><G107/><T18/><D108/><U1/><E37/><V102/><F32/><W53/><G72/><T11/><D79/><U124/><E124/><V70/><F70/><W59/><G127/><T83/><D83/><U56/><E56/><V96/><F75/><W90/><G132/><T117/><D117/><U80/><E97/><V41/><F41/><W12/><G118/><T51/><D129/><U43/><E43/><V126/><F126/><W33/><G33/><T94/><D61/><U122/><E122/><V104/><F103/><W31/><G71/><T20/><D34/><U82/><E77/><V73/><F55/><N who="3" m="21003" /><G93/><T123/><D123/><U88/><E88/><N who="3" m="33834" /><G10/><T64/><D94/><U85/><E80/><N who="2" m="45135" /><F86/><W130/><G130/><T35/><D99/><U8/><E22/><V21/><F21/><W45/><G45/><T26/><D35/><U67/><REACH who="1" step="1"/><E17/><REACH who="1" ten="299,265,126,300" step="2"/><V101/><F101/><W95/><G95/><T116/><D116/><U98/><E98/><V74/><F92/><W113/><G113/><T58/><D46/><U50/><E50/><V120/><F120/><W112/><G112/><T84/><D36/><U135/><E135/><V16/><F16/><W69/><G69/><T52/><D40/><U14/><E14/><V48/><F48/><W27/><AGARI ba="0,1" hai="12,13,23,27,31,59,60,66" m="33834,21003" machi="27" ten="30,2000,0" yaku="8,1,54,1" doraHai="128" who="3" fromWho="3" sc="299,-5,265,-10,126,-5,300,30" /><INIT seed="6,0,0,0,4,120" ten="294,255,121,330" oya="2" hai0="115,42,44,129,15,38,53,43,114,128,125,102,8" hai1="46,133,94,121,1,37,66,17,84,107,76,111,75" hai2="36,9,127,57,123,55,126,134,95,105,70,6,58" hai3="72,28,97,7,89,73,130,30,63,25,65,91,77"/><V93/><F105/><W74/><G130/><N who="0" m="50283" /><D102/><U100/><E121/><V86/><F70/><W4/><G77/><T54/><D125/><N who="2" m="47626" /><F36/><W135/><G135/><T88/><D88/><U83/><E37/><V82/><F123/><W21/><G30/><T26/><D26/><U48/><E1/><N who="2" m="207" /><F134/><W52/><G52/><N who="0" m="20075" /><D42/><U119/><E107/><V13/><F13/><W47/><G47/><T32/><D32/><U59/><E133/><V117/><F117/><W124/><G124/><T27/><D27/><U104/><E104/><V71/><F71/><W81/><G91/><T101/><D101/><U19/><E100/><V64/><F64/><W2/><G2/><T35/><D35/><U16/><E119/><V23/><F23/><W0/><G0/><T113/><D113/><U98/><E66/><V110/><F110/><W99/><G4/><AGARI ba="0,0" hai="4,8,15,38,43,44,114,115" m="20075,50283" machi="4" ten="30,2000,0" yaku="19,1,54,1" doraHai="120" who="0" fromWho="3" sc="294,20,255,0,121,0,330,-20" /><INIT seed="7,0,0,0,4,78" ten="314,255,121,310" oya="3" hai0="74,49,116,53,60,62,103,106,41,72,24,47,69" hai1="89,26,10,50,99,98,40,70,121,107,84,16,110" hai2="91,90,48,67,33,36,102,97,76,119,1,58,15" hai3="54,39,123,94,2,105,112,7,81,125,13,120,101"/><W96/><G2/><T56/><D116/><U17/><E110/><V71/><F119/><W59/><G39/><T38/><D60/><U37/><E37/><V5/><F36/><W44/><G105/><T118/><D118/><U126/><E70/><V61/><F1/><W134/><G134/><T3/><D3/><U66/><E66/><V128/><F128/><W31/><G125/><T23/><D103/><U93/><E126/><V82/><F33/><W43/><G112/><T57/><D106/><U51/><E121/><V18/><F5/><W63/><G31/><N who="0" m="17823" /><D57/><U127/><E127/><V52/><F97/><W35/><G35/><T122/><D122/><U108/><E108/><V79/><F102/><W30/><G30/><T32/><D32/><U87/><E107/><V28/><F28/><W11/><G81/><T14/><D14/><U22/><E99/><V100/><F100/><W111/><G111/><T27/><D27/><U117/><E117/><V114/><F114/><W131/><G131/><T109/><D109/><U21/><E10/><V124/><F124/><W86/><G86/><T73/><D73/><U0/><E0/><V104/><F104/><W130/><G130/><T113/><D113/><U77/><E77/><V65/><F65/><AGARI ba="0,0" hai="38,41,47,49,53,56,62,65,69,72,74" m="17823" machi="65" ten="30,1000,0" yaku="24,1" doraHai="78" who="0" fromWho="2" sc="314,10,255,0,121,-10,310,0" owari="324,42.0,255,-14.0,111,-39.0,310,11.0" /></mjloggm>