<mjloggm ver="2.3"><GO type="169" lobby="0"/><UN n0="%E3%82%89%E3%81%84%E3%81%A1%E3%82%87%E3%81%86" n1="%E3%82%88%E3%81%86%E3%81%B8%E3%83%BC%58" n2="%63%61%6C%6C%33" n3="%E3%82%A6%E3%83%AB%E3%83%88%E3%83%A9%E7%AB%8B%E7%9B%B4" dan="16,16,16,17" rate="2065.54,2041.85,2078.97,2225.20" sx="M,M,M,M"/><TAIKYOKU oya="0"/><INIT seed="0,0,0,3,1,7" ten="250,250,250,250" oya="0" hai0="51,33,109,126,67,38,82,110,39,70,127,76,56" hai1="19,132,58,37,89,6,25,112,71,86,80,103,131" hai2="29,128,14,65,117,32,119,123,44,2,74,16,120" hai3="111,134,24,1,118,5,102,83,90,27,122,55,113"/><T12/><D33/><U18/><E71/><V129/><F74/><W30/><G113/><T21/><D21/><U87/><E37/><N who="0" m="13833" /><D12/><U47/><E112/><V34/><F44/><W79/><G24/><T62/><D82/><U64/><E132/><V46/><F46/><W104/><G134/><T15/><D15/><U73/><E131/><N who="2" m="50251" /><F65/><W77/><G77/><T108/><D76/><U98/><E73/><V54/><F54/><AGARI ba="0,0" hai="51,54,56,62,67,70,108,109,110,126,127" m="13833" machi="54" ten="40,12000,1" yaku="14,1,10,1,34,2" doraHai="7" who="0" fromWho="2" sc="250,120,250,0,250,-120,250,0" /><INIT seed="0,1,0,2,2,30" ten="370,250,130,250" oya="0" hai0="20,53,56,35,50,41,125,12,98,69,91,1,117" hai1="68,36,40,39,51,28,81,101,54,29,95,104,27" hai2="37,100,123,48,7,119,85,78,10,89,83,21,94" hai3="84,92,73,19,55,96,106,59,134,71,74,33,116"/><T86/><D117/><U9/><E104/><V113/><F123/><W62/><G116/><T82/><D1/><U13/><E68/><V22/><F119/><W135/><G71/><T110/><D69/><U67/><E67/><V99/><F113/><W132/><G19/><T57/><D125/><U63/><E63/><V47/><F37/><W129/><G129/><T115/><D115/><U11/><E81/><V76/><F76/><W25/><G84/><T114/><D114/><U34/><E29/><V126/><F126/><W23/><G106/><T130/><D130/><U8/><E40/><V87/><F10/><W90/><G23/><T6/><D41/><U17/><E39/><V3/><F7/><W72/><G25/><T75/><D75/><U46/><E36/><V122/><F3/><W43/><G43/><T93/><D35/><AGARI ba="1,0" hai="33,35,55,59,62,72,73,74,90,92,96,132,134,135" machi="35" ten="50,6400,0" yaku="20,1,52,2" doraHai="30" who="3" fromWho="0" sc="370,-67,250,0,130,0,250,67" /><INIT seed="1,0,0,0,3,101" ten="303,250,130,317" oya="1" hai0="83,103,17,135,80,96,39,34,108,87,62,42,117" hai1="71,132,3,46,88,90,13,99,22,14,95,1,60" hai2="48,58,73,130,134,72,24,47,127,12,2,56,6" hai3="129,65,4,33,114,57,18,67,123,116,122,49,43"/><U70/><E132/><V105/><F105/><W110/><G33/><T79/><D117/><U82/><E46/><V98/><F2/><W81/><G114/><T35/><D135/><U124/><E124/><V63/><F127/><W55/><G116/><T15/><D108/><U31/><E31/><V23/><F134/><W91/><G110/><T118/><D118/><U28/><E28/><V125/><F130/><W113/><G113/><T107/><D62/><U30/><E30/><V128/><F128/><W64/><G129/><T44/><REACH who="0" step="1"/><D83/><REACH who="0" ten="293,250,130,317" step="2"/><U68/><E82/><V7/><F125/><W16/><G123/><T41/><D41/><U59/><E90/><V120/><F120/><W126/><G122/><T66/><D66/><U25/><E1/><V45/><F63/><W89/><G126/><T50/><D50/><U74/><E3/><V100/><F48/><W10/><G43/><T11/><AGARI ba="0,1" hai="11,15,17,34,35,39,42,44,79,80,87,96,103,107" machi="11" ten="20,5200,0" yaku="1,1,0,1,7,1,52,1,53,0" doraHai="101" doraHaiUra="111" who="0" fromWho="0" sc="293,62,250,-26,130,-13,317,-13" /><INIT seed="2,0,0,4,2,14" ten="355,224,117,304" oya="2" hai0="118,112,98,0,62,20,103,21,52,17,84,119,92" hai1="87,9,2,124,93,42,8,27,39,13,90,51,63" hai2="120,121,44,101,99,64,133,113,23,26,80,5,77" hai3="22,16,69,56,95,37,53,35,122,106,135,3,41"/><V4/><F113/><W134/><G106/><T12/><D112/><U40/><E39/><V94/><F133/><N who="3" m="50699" /><G69/><T32/><D32/><U104/><E104/><V110/><F120/><W45/><G3/><T86/><D0/><U7/><E124/><V57/><F44/><W66/><G35/><T131/><D21/><U33/><E51/><V129/><F129/><W34/><G34/><T108/><D108/><U109/><E63/><N who="2" m="37999" /><F121/><W6/><G6/><N who="2" m="2665" /><F110/><W72/><G72/><T58/><REACH who="0" step="1"/><D131/><REACH who="0" ten="345,224,117,304" step="2"/><U102/><E109/><V19/><F77/><W48/><G122/><T67/><D67/><U49/><E2/><V73/><F73/><W46/><G66/><T117/><AGARI ba="0,1" hai="12,17,20,52,58,62,84,86,92,98,103,117,118,119" machi="117" ten="30,8000,1" yaku="1,1,0,1,12,1,52,1,54,1,53,0" doraHai="14" doraHaiUra="111" who="0" fromWho="0" sc="345,90,224,-20,117,-40,304,-20" /><INIT seed="3,0,0,1,2,44" ten="435,204,77,284" oya="3" hai0="93,52,21,94,59,107,57,117,23,103,75,96,37" hai1="74,28,32,20,72,29,70,90,22,120,40,60,111" hai2="80,9,0,99,45,119,77,101,64,95,38,16,1" hai3="125,134,97,83,42,15,50,87,49,89,46,48,5"/><W67/><G125/><T84/><D75/><U19/><E120/><V100/><F119/><W33/><G33/><T102/><D37/><U82/><E40/><V110/><F110/><W14/><G134/><T53/><D117/><U51/><E32/><V6/><F1/><W61/><G97/><N who="0" m="59695" /><D84/><U3/><E90/><V127/><F127/><W108/><G108/><T123/><D107/><U54/><E82/><V69/><F100/><W106/><G106/><T129/><D129/><U41/><E41/><V66/><F16/><W76/><G89/><T24/><D123/><U88/><E88/><V11/><F11/><N who="3" m="4463" /><G15/><T114/><D114/><U118/><E19/><V92/><F92/><W17/><G17/><N who="0" m="12335" /><D23/><U43/><E43/><N who="2" m="22775" /><F69/><AGARI ba="0,0" hai="42,46,48,49,50,61,67,69,76,83,87" m="4463" machi="69" ten="30,11600,0" yaku="25,1,52,3" doraHai="44" who="3" fromWho="2" sc="435,0,204,0,77,-116,284,116" owari="435,54.0,204,-20.0,-39,-54.0,400,20.0" /></mjloggm>