<mjloggm ver="2.3"><GO type="41" lobby="0"/><UN n0="%4E%47%EF%BC%A0%E5%B7%9D%E6%9D%91%E8%BB%8D%E5%9B%A3" n1="%E5%B0%B1%E6%B4%BB%E7%94%9F%40%E5%B7%9D%E6%9D%91%E8%BB%8D%E5%9B%A3" n2="%E8%B5%A4%E3%81%AE%E6%B4%9E%E7%AA%9F" n3="%E2%98%86%E3%82%B7%E3%83%A3%E3%83%81%E3%83%8F%E3%82%B2%CE%B2%E2%98%86" dan="17,15,15,15" rate="2107.21,1963.28,2022.16,2075.46" sx="M,M,M,M"/><TAIKYOKU oya="0"/><INIT seed="0,0,0,1,3,77" ten="250,250,250,250" oya="0" hai0="104,103,50,20,14,37,45,116,13,129,47,59,66" hai1="102,91,57,90,119,41,132,7,70,27,43,21,111" hai2="81,121,117,46,123,101,108,99,58,55,65,42,75" hai3="31,9,97,98,8,109,28,17,94,96,93,106,86"/><T16/><D116/><U4/><E70/><V48/><F117/><W54/><G109/><T18/><D129/><U63/><E111/><V36/><F108/><W51/><G106/><T69/><D69/><U100/><E132/><V30/><F30/><W12/><G9/><T25/><D37/><U105/><E91/><V0/><F0/><W74/><G74/><T127/><D127/><U11/><E90/><V53/><F65/><W6/><G6/><N who="1" m="2090" /><E11/><V82/><F75/><W120/><G120/><T128/><D128/><U76/><E76/><V61/><F123/><W114/><G114/><T40/><D47/><U72/><E72/><V83/><F121/><W80/><G31/><N who="0" m="17831" /><D104/><U135/><E105/><V67/><REACH who="2" step="1"/><F48/><REACH who="2" ten="250,250,240,250" step="2"/><W73/><G28/><T56/><D66/><N who="1" m="39279" /><E119/><V33/><F33/><W22/><G73/><T134/><D134/><U107/><E107/><AGARI ba="0,1" hai="36,42,46,53,55,58,61,67,81,82,83,99,101,107" machi="107" ten="40,8000,1" yaku="1,1,52,3,53,0" doraHai="77" doraHaiUra="126" who="2" fromWho="1" sc="250,0,250,-80,240,90,250,0" /><INIT seed="1,0,0,1,5,77" ten="250,170,330,250" oya="1" hai0="134,75,101,72,45,125,48,128,58,65,56,59,122" hai1="129,64,57,109,132,67,28,133,18,14,49,86,22" hai2="113,112,0,126,42,54,68,123,105,135,124,90,61" hai3="73,39,94,116,23,50,46,5,82,95,6,32,30"/><U33/><E129/><V34/><F34/><W15/><G32/><T102/><D65/><U63/><E67/><N who="2" m="41071" /><F0/><W55/><G116/><T19/><D128/><U92/><E109/><V89/><F105/><W4/><G39/><T97/><D125/><N who="2" m="48234" /><F123/><W85/><G73/><T37/><D122/><U80/><E92/><V2/><F2/><W127/><G127/><T118/><D118/><U81/><E49/><V121/><F121/><W8/><G30/><T111/><D111/><U13/><E13/><V93/><F42/><W36/><G23/><T43/><D134/><N who="1" m="51819" /><E86/><N who="2" m="52407" /><F135/><W100/><G36/><T26/><D37/><U52/><E64/><V104/><F104/><W11/><G100/><T103/><D97/><U17/><E17/><V84/><F54/><W131/><G131/><T60/><D60/><U117/><E117/><V120/><F120/><W44/><G44/><T27/><REACH who="0" step="1"/><D19/><REACH who="0" ten="240,170,330,250" step="2"/><U83/><E28/><V96/><F96/><W106/><G106/><T29/><D29/><U41/><E41/><V98/><F98/><W53/><G6/><T87/><D87/><U66/><E66/><V47/><F47/><W130/><G130/><T71/><D71/><U99/><E99/><V69/><F69/><W21/><G5/><T70/><D70/><U108/><E108/><V110/><F110/><W79/><G4/><T35/><D35/><AGARI ba="0,1" hai="14,18,22,33,35,52,57,63,80,81,83" m="51819" machi="35" ten="30,12000,1" yaku="20,1,52,3,54,1" doraHai="77" who="1" fromWho="0" sc="240,-120,170,130,330,0,250,0" /><INIT seed="1,1,0,1,0,101" ten="120,300,330,250" oya="1" hai0="4,28,79,22,120,92,44,69,118,41,126,76,103" hai1="14,86,51,85,117,90,134,7,63,128,71,112,129" hai2="125,56,60,98,10,19,9,49,110,122,30,0,5" hai3="64,62,52,75,31,94,124,104,123,74,33,48,93"/><U16/><E117/><V133/><F122/><W91/><G123/><T84/><D118/><U68/><E112/><V2/><F133/><W12/><G124/><T59/><D69/><U15/><E134/><V58/><F110/><W55/><G12/><T23/><D120/><U36/><E36/><V99/><F125/><W13/><G104/><T88/><D126/><U29/><E29/><V34/><F30/><W130/><G130/><N who="1" m="50282" /><E51/><V105/><F34/><W26/><G13/><T87/><D4/><U111/><E85/><V61/><F49/><W113/><G94/><T127/><D127/><U39/><E39/><V80/><F80/><W109/><G109/><T121/><D121/><U95/><E111/><V20/><F20/><W66/><G55/><T54/><D103/><U65/><E14/><V100/><F19/><W131/><G131/><T97/><D87/><U27/><E27/><V108/><F100/><W77/><G113/><T107/><D107/><U38/><E38/><V116/><F108/><W40/><G40/><T35/><D35/><U50/><E50/><V72/><F116/><W132/><G132/><T81/><D79/><U46/><E46/><V115/><F115/><W106/><G77/><T57/><D28/><U18/><E71/><V8/><F105/><W21/><G106/><T1/><D1/><U45/><E45/><V17/><F0/><W67/><G33/><T24/><D24/><U114/><E114/><V119/><F119/><W43/><G43/><T135/><D135/><U3/><E3/><V82/><F2/><W32/><G32/><T11/><D44/><RYUUKYOKU ba="1,0" sc="120,-10,300,30,330,-10,250,-10" hai1="7,15,16,18,63,65,68,86,90,95" /><INIT seed="1,2,0,3,1,18" ten="110,330,320,240" oya="1" hai0="31,20,68,67,4,22,3,45,27,133,59,88,75" hai1="112,10,90,86,122,87,23,105,117,109,129,111,107" hai2="58,1,84,52,96,40,8,118,30,26,135,32,11" hai3="47,103,134,65,131,16,35,15,101,2,93,100,17"/><U6/><E122/><V43/><F118/><W13/><G2/><T81/><D68/><U125/><E117/><V94/><F135/><W76/><G35/><T80/><D133/><U95/><E112/><V61/><F84/><W19/><G134/><T63/><D75/><U98/><E129/><V12/><F1/><W83/><G131/><T14/><D3/><U39/><E39/><V120/><F120/><W48/><G65/><T41/><D88/><N who="1" m="55655" /><E125/><V72/><F72/><W37/><G37/><T128/><D128/><U60/><E60/><V89/><REACH who="2" step="1"/><F8/><REACH who="2" ten="110,330,310,240" step="2"/><W104/><G104/><T116/><D116/><U25/><E105/><V126/><F126/><W9/><G9/><T34/><D34/><U124/><E107/><V113/><F113/><W36/><G36/><T38/><REACH who="0" step="1"/><D4/><AGARI ba="2,1" hai="4,11,12,26,30,32,40,43,52,58,61,89,94,96" machi="4" ten="30,7700,0" yaku="1,1,7,1,54,1,53,1" doraHai="18" doraHaiUra="57" who="2" fromWho="0" sc="110,-83,330,0,310,93,240,0" /><INIT seed="2,0,0,1,2,84" ten="27,330,403,240" oya="2" hai0="54,104,90,57,21,39,61,13,133,119,5,27,50" hai1="81,108,44,86,75,112,11,22,97,96,56,36,55" hai2="79,131,73,116,91,18,7,23,118,117,129,132,49" hai3="6,70,106,19,41,83,92,98,29,95,9,126,46"/><V0/><F49/><W127/><G70/><T20/><D104/><U16/><E75/><V121/><F121/><W102/><G29/><T45/><D133/><U71/><E71/><V60/><F60/><W10/><G83/><T4/><D39/><U99/><E112/><V125/><F132/><W93/><G93/><T105/><D105/><U69/><E69/><V24/><F125/><N who="3" m="47627" /><G19/><T33/><D119/><U103/><E108/><V12/><F79/><W47/><G47/><T38/><D38/><U17/><E36/><V66/><F66/><W30/><G30/><T74/><D74/><U101/><E11/><N who="3" m="4106" /><G6/><T111/><D33/><U128/><E44/><V80/><F73/><W31/><G31/><T40/><D111/><U14/><E17/><V62/><F62/><W35/><G35/><T43/><D43/><U67/><E128/><N who="2" m="49227" /><F0/><W8/><N who="3" m="4114" /><W37/><AGARI ba="0,0" hai="37,41,46,92,95,98,102,106" m="4114,47627" machi="37" ten="40,2700,0" yaku="4,1,18,1" doraHai="84" who="3" fromWho="3" sc="27,-7,330,-7,403,-13,240,27" /><INIT seed="3,0,0,2,5,57" ten="20,323,390,267" oya="3" hai0="23,7,83,119,80,55,133,39,10,9,30,90,78" hai1="99,127,107,15,1,14,59,6,79,130,11,19,67" hai2="65,104,66,18,42,122,74,53,87,60,132,36,32" hai3="89,61,68,37,46,81,49,118,47,86,72,63,4"/><W41/><G118/><T22/><D119/><U20/><E127/><V117/><F74/><W102/><G68/><T101/><D133/><U24/><E130/><V8/><F32/><W123/><G123/><T70/><D39/><U128/><E128/><V106/><F117/><W85/><G72/><T98/><D70/><U51/><E79/><V64/><F132/><W50/><G37/><T124/><D124/><U75/><E75/><V121/><F87/><W96/><G86/><T131/><D131/><U110/><E110/><V88/><F88/><W126/><G4/><T40/><D40/><U2/><E2/><V12/><F42/><W26/><G26/><T35/><D35/><U28/><E107/><V134/><F36/><W29/><G29/><T105/><D30/><U109/><E109/><V114/><F114/><W129/><G126/><T95/><D55/><U115/><E115/><V97/><F97/><W31/><G31/><T27/><D27/><U108/><E99/><V34/><F34/><W84/><G84/><T33/><D33/><N who="1" m="20615" /><E14/><V77/><F77/><W69/><G69/><T76/><D105/><N who="2" m="40554" /><F134/><W112/><G112/><T25/><D78/><U16/><E108/><V125/><F125/><W21/><G21/><N who="0" m="7691" /><D25/><U113/><E113/><V82/><F82/><N who="0" m="31274" /><D76/><U120/><E120/><V116/><F116/><W58/><G58/><T62/><D62/><N who="3" m="23561" /><G129/><T103/><D7/><U44/><E59/><N who="2" m="34927" /><F122/><W3/><G3/><T71/><D71/><U73/><E73/><V48/><F121/><W111/><G111/><T100/><AGARI ba="0,0" hai="9,10,90,95,98,100,101,103" m="31274,7691" machi="100" ten="30,1100,0" yaku="8,1" doraHai="57" who="0" fromWho="0" sc="20,11,323,-3,390,-3,267,-5" /><INIT seed="4,0,0,3,1,16" ten="31,320,387,262" oya="0" hai0="129,20,80,27,87,62,47,105,98,22,50,124,89" hai1="53,69,14,91,123,12,130,118,64,57,86,111,55" hai2="21,35,3,121,45,106,131,133,43,49,29,28,93" hai3="8,82,23,119,60,134,100,6,115,76,15,17,110"/><T75/><D129/><U92/><E69/><V72/><F106/><W126/><G115/><T2/><D2/><U58/><E111/><V46/><F72/><W59/><G119/><T66/><D124/><U41/><E130/><V107/><F107/><W40/><G126/><T34/><D75/><U68/><E68/><V122/><F133/><W114/><G114/><T96/><D34/><U25/><E118/><V0/><F35/><W54/><G134/><T5/><D5/><U52/><E123/><V108/><F108/><W103/><G110/><T73/><D73/><U85/><E41/><V95/><F131/><W33/><G33/><T113/><D113/><U125/><E125/><V11/><F11/><W78/><G40/><N who="0" m="24935" /><D27/><U117/><E117/><V51/><F43/><W7/><G7/><T112/><D105/><U77/><E25/><V127/><F127/><W10/><G10/><T116/><D112/><U13/><E64/><V135/><F135/><W19/><G19/><T99/><D116/><U104/><E104/><V36/><F36/><W63/><G63/><T31/><D31/><U94/><E77/><V42/><F42/><W101/><REACH who="3" step="1"/><G82/><REACH who="3" ten="31,320,387,252" step="2"/><T32/><D32/><U120/><E120/><V67/><F122/><W109/><G109/><T128/><D128/><U71/><E71/><V9/><F121/><W81/><G81/><T65/><D62/><U61/><E61/><V26/><F9/><W39/><G39/><T18/><D18/><U102/><E102/><V83/><F83/><W74/><G74/><T1/><D1/><AGARI ba="0,1" hai="1,6,8,15,17,23,54,59,60,76,78,100,101,103" machi="1" ten="40,2600,0" yaku="1,1,52,1,53,0" doraHai="16" doraHaiUra="84" who="3" fromWho="0" sc="31,-26,320,0,387,0,252,36" /><INIT seed="5,0,0,0,3,107" ten="5,320,387,288" oya="1" hai0="58,35,84,47,101,74,113,48,43,133,125,34,103" hai1="37,38,134,90,39,135,45,75,118,85,7,128,86" hai2="120,91,93,13,59,111,117,83,112,81,66,54,9" hai3="94,82,104,62,71,16,4,130,80,61,20,40,64"/><U57/><E118/><V25/><F120/><W31/><G104/><T122/><D74/><U68/><E68/><V22/><F111/><W2/><G130/><T8/><D122/><U87/><E128/><V10/><F66/><W124/><G124/><T1/><D125/><U72/><E7/><N who="2" m="3263" /><F10/><W78/><G31/><T102/><D113/><U100/><E100/><V30/><F117/><W12/><G40/><T97/><D133/><N who="1" m="50699" /><E45/><V129/><F129/><W51/><G51/><T29/><D29/><U95/><E57/><V55/><F55/><W98/><G62/><T116/><D116/><U60/><E60/><N who="2" m="35959" /><F112/><W132/><G132/><T109/><D109/><U27/><E27/><V49/><F49/><W50/><G50/><T52/><D97/><AGARI ba="0,0" hai="37,38,39,72,75,85,86,87,90,95,97" m="50699" machi="97" ten="40,7700,0" yaku="20,1,52,2" doraHai="107" who="1" fromWho="0" sc="5,-77,320,77,387,0,288,0" /><AGARI ba="0,0" hai="22,25,30,81,83,91,93,97" m="35959,3263" machi="97" ten="30,1000,0" yaku="8,1" doraHai="107" who="2" fromWho="0" sc="-72,-10,397,0,387,10,288,0" owari="-82,-58.0,397,49.0,397,20.0,288,-11.0" /></mjloggm>