<mjloggm ver="2.3"><GO type="97" lobby="0"/><UN n0="%E3%83%88%E3%83%88%E3%83%AA%E5%85%88%E7%94%9F%31%39%E6%AD%B3" n1="%E7%94%B0%E4%B8%AD%E7%94%B0%E4%B8%AD" n2="%E3%82%8A%E3%82%81%E3%82%8D" n3="%E3%82%B9%E3%82%AF%E3%83%A9%E3%83%BC%E3%83%88" dan="15,14,14,13" rate="2049.21,2006.71,1959.61,1867.29" sx="F,F,M,M"/><TAIKYOKU oya="0"/><INIT seed="0,0,0,1,0,104" ten="250,250,250,250" oya="0" hai0="70,114,30,131,79,5,16,26,106,116,95,69,28" hai1="134,111,72,66,45,117,99,123,21,14,87,102,38" hai2="101,57,115,25,83,13,64,63,121,32,39,33,10" hai3="130,53,19,133,103,1,61,75,82,65,50,73,6"/><T89/><D114/><U24/><E123/><V85/><F115/><W2/><G103/><T35/><D116/><U135/><E117/><V17/><F121/><W0/><G6/><T20/><D106/><U86/><E111/><V9/><F39/><W98/><G98/><T124/><D131/><U78/><E66/><V8/><F101/><W81/><G130/><T108/><D124/><U18/><E45/><V71/><F32/><W68/><G19/><T67/><D108/><U46/><E46/><V96/><F96/><W44/><REACH who="3" step="1"/><G133/><REACH who="3" ten="250,250,250,240" step="2"/><T119/><D119/><U94/><E135/><V62/><F33/><W88/><G88/><T60/><D5/><U97/><E134/><V132/><F132/><W42/><G42/><T56/><D79/><U110/><E99/><V23/><F25/><W92/><G92/><T36/><D30/><U80/><E110/><V43/><F43/><W7/><G7/><T59/><D95/><U100/><E102/><V93/><F93/><W54/><G54/><T127/><D89/><U12/><E38/><V74/><F17/><W112/><G112/><T126/><D36/><U48/><REACH who="1" step="1"/><E48/><REACH who="1" ten="250,240,250,240" step="2"/><V90/><F8/><W128/><G128/><T107/><D126/><U4/><E4/><V37/><F9/><W84/><G84/><AGARI ba="0,2" hai="12,14,18,21,24,72,78,80,84,86,87,94,97,100" machi="84" ten="40,8000,1" yaku="1,1,52,1,53,2" doraHai="104" doraHaiUra="11" who="1" fromWho="3" sc="250,0,240,100,250,0,240,-80" /><INIT seed="1,0,0,3,1,51" ten="250,340,250,160" oya="1" hai0="15,109,41,88,49,80,107,66,116,22,129,11,55" hai1="128,12,72,19,121,48,18,14,102,68,111,6,26" hai2="58,96,86,105,63,16,5,81,29,75,122,76,43" hai3="124,110,73,4,106,31,61,95,101,36,123,2,134"/><U112/><E121/><V35/><F122/><W53/><G36/><T127/><D116/><U92/><E72/><V74/><F43/><W135/><G73/><T69/><D107/><U54/><E68/><V59/><F5/><W82/><G123/><T32/><D32/><U50/><E112/><V60/><F35/><W40/><G40/><T115/><D115/><U45/><E128/><V120/><F29/><W85/><G31/><T97/><D129/><U10/><E111/><V28/><F28/><W94/><G110/><T38/><D109/><U87/><E26/><V83/><F83/><W98/><G4/><T23/><D127/><U79/><E14/><V133/><F133/><N who="3" m="50699" /><G2/><T126/><D126/><U56/><E102/><V130/><F130/><W84/><G124/><T100/><D41/><N who="1" m="24623" /><E92/><N who="3" m="35370" /><G82/><AGARI ba="0,0" hai="6,10,12,18,19,50,54,56,79,82,87" m="24623" machi="82" ten="30,5800,0" yaku="25,1,8,1,52,1" doraHai="51" who="1" fromWho="3" sc="250,0,340,58,250,0,160,-58" /><INIT seed="1,1,0,4,2,110" ten="250,398,250,102" oya="1" hai0="46,9,75,0,125,89,97,124,52,107,68,39,32" hai1="135,83,51,33,117,30,73,100,23,45,119,80,85" hai2="48,44,79,53,6,76,59,70,87,111,8,7,60" hai3="104,91,133,41,88,62,116,106,90,108,35,61,31"/><U38/><E33/><V26/><F111/><W103/><G108/><T13/><D32/><U115/><E135/><V81/><F70/><W17/><G133/><T113/><D0/><U72/><E38/><V43/><F26/><W123/><G123/><T16/><D68/><U3/><E3/><V40/><F40/><W14/><G41/><N who="0" m="22847" /><D75/><U12/><E100/><V19/><F79/><W134/><G134/><T34/><D34/><U1/><E1/><V5/><REACH who="2" step="1"/><F19/><REACH who="2" ten="250,398,240,102" step="2"/><W18/><G116/><T78/><D78/><U69/><E119/><V50/><F50/><W4/><G31/><T132/><D132/><U20/><E69/><V121/><F121/><W118/><G118/><T15/><D16/><U84/><E51/><V95/><F95/><W28/><G28/><T105/><D105/><U57/><E30/><V71/><F71/><W114/><G35/><T130/><D107/><U98/><E117/><V112/><F112/><W2/><G104/><T49/><D113/><U58/><E115/><V67/><F67/><W86/><G106/><T77/><D77/><U131/><E12/><AGARI ba="1,1" hai="5,6,7,8,12,43,44,48,53,59,60,76,81,87" machi="12" ten="30,8000,1" yaku="1,1,7,1,25,2,8,1,53,0" doraHai="110" doraHaiUra="25" who="2" fromWho="1" sc="250,0,398,-83,240,93,102,0" /><INIT seed="2,0,0,3,4,58" ten="250,315,333,102" oya="2" hai0="13,134,124,103,127,104,85,83,49,114,36,126,65" hai1="71,106,92,118,10,70,81,122,112,47,79,33,9" hai2="41,82,27,5,135,108,131,68,72,109,93,133,39" hai3="18,95,111,87,34,60,64,28,32,1,38,7,86"/><V77/><F131/><W57/><G38/><T73/><D36/><U52/><E122/><V107/><F107/><W14/><G111/><N who="2" m="42569" /><F68/><W130/><G130/><T48/><D73/><U61/><E106/><V78/><F78/><W67/><G28/><T25/><D114/><U30/><E112/><V80/><F80/><W50/><G50/><T101/><D134/><U17/><E92/><V123/><F123/><W29/><G29/><T91/><D25/><U110/><E118/><V116/><F116/><W94/><G7/><T53/><D48/><U35/><E110/><V23/><F5/><W96/><G1/><T100/><D13/><U115/><E115/><V63/><F93/><W31/><G31/><T90/><D104/><U74/><E30/><N who="2" m="17791" /><F63/><W88/><G67/><T0/><D0/><U12/><E10/><V76/><F76/><W56/><G56/><N who="0" m="32815" /><D65/><U55/><E55/><V21/><F21/><W121/><G121/><T46/><D46/><AGARI ba="0,0" hai="39,41,46,72,77,82,133,135" m="17791,42569" machi="46" ten="30,2900,0" yaku="14,1,10,1" doraHai="58" who="2" fromWho="0" sc="250,-29,315,0,333,29,102,0" /><INIT seed="2,1,0,0,4,129" ten="221,315,362,102" oya="2" hai0="73,99,82,3,124,88,41,84,10,49,74,125,69" hai1="14,45,22,18,39,43,91,55,123,135,1,109,68" hai2="90,128,79,24,120,77,58,2,30,34,104,126,94" hai3="132,83,40,27,6,71,119,54,108,9,100,8,19"/><V105/><F120/><W76/><G71/><T80/><D69/><U106/><E106/><V101/><F128/><W72/><G119/><T85/><D41/><U48/><E109/><V107/><F2/><W12/><G108/><T110/><D49/><U122/><E68/><V53/><F126/><N who="0" m="48746" /><D10/><U112/><E112/><V46/><F46/><W113/><G113/><T115/><D3/><U32/><E32/><V121/><F101/><W11/><G40/><T16/><D16/><U103/><E103/><V89/><F121/><W114/><G114/><T117/><D110/><U116/><E116/><V37/><F37/><W17/><G100/><T134/><D115/><U47/><E1/><V26/><F26/><W60/><G19/><T70/><D70/><U61/><E61/><V130/><F90/><W97/><G97/><T57/><D57/><U67/><E67/><V86/><REACH who="2" step="1"/><F130/><REACH who="2" ten="221,315,352,102" step="2"/><W78/><G27/><T96/><D117/><U15/><E122/><V92/><F92/><W131/><G131/><T52/><D99/><U4/><E123/><V28/><F28/><W7/><G78/><N who="0" m="46167" /><D96/><U51/><E39/><V64/><F64/><W38/><G38/><T50/><D88/><U118/><E118/><V23/><F23/><W65/><G76/><T56/><D80/><U42/><E91/><V66/><F66/><W127/><G83/><T93/><D93/><U0/><E0/><V63/><AGARI ba="1,1" hai="24,30,34,53,58,63,77,79,86,89,94,104,105,107" machi="63" ten="30,12000,1" yaku="1,1,0,1,53,3" doraHai="129" doraHaiUra="102" who="2" fromWho="2" sc="221,-41,315,-41,352,133,102,-41" /><INIT seed="2,2,0,0,1,87" ten="180,274,485,61" oya="2" hai0="48,0,123,91,54,11,52,128,102,114,57,26,112" hai1="107,96,9,98,40,99,118,58,17,75,49,12,77" hai2="82,14,53,94,83,90,127,51,19,44,132,60,6" hai3="108,50,33,130,45,133,100,72,24,110,66,115,1"/><V42/><F127/><W2/><G72/><T29/><D123/><U27/><E118/><V28/><F28/><W62/><G115/><T97/><D128/><U55/><E107/><V89/><F132/><W74/><G74/><T10/><D54/><U4/><E75/><V35/><F35/><W129/><G100/><T34/><D91/><N who="2" m="34826" /><F6/><W106/><G106/><T38/><D38/><U78/><E40/><V36/><F36/><W43/><G133/><T59/><D59/><U56/><E56/><N who="2" m="34831" /><F94/><W65/><G65/><T135/><D135/><U125/><E125/><V119/><F119/><W79/><G79/><T7/><D112/><U76/><E27/><V122/><F122/><W25/><G2/><T23/><D114/><U5/><AGARI ba="2,0" hai="4,5,9,12,17,49,55,58,76,77,78,96,98,99" machi="5" ten="40,2700,0" yaku="0,1,8,1" doraHai="87" who="1" fromWho="1" sc="180,-9,274,33,485,-15,61,-9" /><INIT seed="3,0,0,3,0,12" ten="171,307,470,52" oya="3" hai0="31,42,69,103,75,73,71,29,23,91,21,22,40" hai1="20,41,119,131,83,2,90,0,97,95,48,46,135" hai2="87,63,4,58,74,114,102,3,101,134,78,127,51" hai3="43,66,36,118,106,109,105,16,18,82,24,9,115"/><W84/><G118/><T17/><D91/><U15/><E131/><V7/><F74/><W99/><G115/><T50/><D50/><U121/><E121/><V65/><F3/><W107/><G99/><T86/><D86/><U128/><E128/><V47/><F127/><W61/><G109/><T32/><D32/><U113/><E119/><V39/><F39/><W124/><G124/><T122/><D103/><N who="2" m="39434" /><F134/><W33/><G43/><T53/><D53/><U110/><E113/><V5/><F114/><W28/><G36/><T62/><D62/><U133/><E110/><V93/><F7/><W81/><G9/><T92/><D92/><U26/><E15/><V49/><F49/><W64/><G64/><T27/><D27/><U108/><E108/><V112/><F112/><W79/><REACH who="3" step="1"/><G82/><REACH who="3" ten="171,307,470,42" step="2"/><T68/><D122/><U120/><E120/><V59/><F65/><W10/><G10/><T72/><D17/><N who="1" m="12559" /><E83/><V8/><F8/><W57/><AGARI ba="0,1" hai="16,18,24,28,33,57,61,66,79,81,84,105,106,107" machi="57" ten="30,12000,1" yaku="1,1,0,1,52,2,54,1,53,0" doraHai="12" doraHaiUra="129" who="3" fromWho="3" sc="171,-40,307,-40,470,-40,42,130" /><INIT seed="3,1,0,4,2,56" ten="131,267,430,172" oya="3" hai0="23,27,94,124,63,50,122,131,59,129,3,17,109" hai1="92,4,18,62,103,73,72,31,57,114,95,14,80" hai2="26,48,25,40,110,35,84,86,21,10,6,106,81" hai3="5,58,97,120,118,41,130,66,0,13,32,46,67"/><W107/><G120/><T8/><D122/><U34/><E114/><V44/><F110/><W87/><G118/><T42/><D109/><U134/><E134/><V104/><F35/><W105/><G32/><T101/><D124/><U93/><E103/><V115/><F115/><W96/><G0/><T16/><D50/><U117/><E4/><V38/><F38/><W49/><G107/><T133/><D42/><U1/><E1/><V20/><F86/><W89/><G105/><T82/><D133/><U132/><E132/><V112/><F112/><W121/><G121/><T36/><D36/><U90/><E117/><V83/><F83/><N who="3" m="49407" /><G130/><N who="0" m="49675" /><D82/><U64/><E90/><V102/><F102/><W113/><G113/><T45/><D45/><U79/><E72/><V37/><F37/><W111/><G111/><T55/><D3/><U29/><REACH who="1" step="1"/><E34/><REACH who="1" ten="131,257,430,172" step="2"/><V123/><F123/><W33/><G33/><T28/><D8/><AGARI ba="1,1" hai="8,14,18,29,31,57,62,64,73,79,80,92,93,95" machi="8" ten="40,8000,1" yaku="1,1,2,1,52,1,53,1" doraHai="56" doraHaiUra="9" who="1" fromWho="0" sc="131,-83,257,93,430,0,172,0" owari="48,-45.0,350,15.0,430,53.0,172,-23.0" /></mjloggm>