<mjloggm ver="2.3"><GO type="169" lobby="0"/><UN n0="%E3%81%95%E3%82%8A%E3%83%BC%E3%81%99%E3%81%93%E3%81%A3%E3%81%A8" n1="%E3%83%80%E3%83%9C" n2="%73%68%6F%6F%74%33%39" n3="%E5%B0%B1%E6%B4%BB%E7%94%9F%40%E5%B7%9D%E6%9D%91%E8%BB%8D%E5%9B%A3" dan="16,16,18,17" rate="2112.06,2105.11,2241.74,2192.69" sx="F,M,M,M"/><TAIKYOKU oya="0"/><INIT seed="0,0,0,0,4,3" ten="250,250,250,250" oya="0" hai0="57,99,97,7,44,63,11,117,92,4,18,30,132" hai1="53,31,125,131,81,87,119,42,79,27,86,10,2" hai2="1,77,15,51,91,94,16,90,109,25,12,78,128" hai3="80,76,89,32,50,64,28,107,112,39,118,82,71"/><T106/><D117/><U24/><E119/><V72/><F1/><W23/><G118/><T40/><D106/><U110/><E110/><V67/><F109/><W6/><G39/><T66/><D30/><U45/><E125/><V103/><F128/><W130/><G107/><T17/><D132/><U83/><E131/><V36/><F36/><W61/><G130/><T121/><D121/><U47/><E53/><V38/><F38/><W58/><G112/><T43/><D99/><U85/><E31/><V8/><F25/><W52/><G32/><T22/><D11/><U95/><E95/><V75/><F67/><W59/><G71/><T70/><D70/><U108/><E108/><V68/><F68/><W14/><G89/><N who="2" m="33801" /><F72/><W73/><G73/><T105/><D105/><U111/><E111/><V0/><F0/><W114/><G76/><T113/><D113/><U54/><E2/><V74/><F74/><W104/><G104/><T60/><D60/><U33/><E33/><V129/><F75/><W124/><G124/><T120/><D120/><U126/><E126/><V49/><F129/><W115/><G115/><T29/><D29/><U20/><E79/><N who="2" m="30219" /><F15/><W5/><G114/><T98/><D98/><AGARI ba="0,0" hai="8,12,16,49,51,94,98,103" m="30219,33801" machi="98" ten="30,2000,0" yaku="8,1,54,1" doraHai="3" who="2" fromWho="0" sc="250,-20,250,0,250,20,250,0" /><INIT seed="1,0,0,1,4,36" ten="230,250,270,250" oya="1" hai0="96,24,41,47,33,77,128,58,117,80,48,130,54" hai1="120,118,105,35,43,18,89,46,7,5,132,108,40" hai2="26,62,10,30,133,84,73,28,68,125,116,31,122" hai3="110,127,74,25,64,19,101,70,103,11,113,52,22"/><U38/><E120/><V0/><F73/><W6/><G74/><T76/><D117/><U37/><E35/><V102/><F122/><W134/><G113/><T90/><D96/><U50/><E105/><V95/><F116/><W88/><G127/><T49/><D90/><U104/><E104/><V114/><F125/><W129/><G110/><T100/><D100/><U82/><E118/><V71/><F114/><W13/><G134/><T44/><D58/><U1/><E18/><V79/><F133/><W55/><G129/><N who="0" m="49771" /><D80/><U107/><E107/><V39/><F39/><W53/><G64/><T124/><D124/><U17/><E132/><V131/><F79/><N who="0" m="30282" /><D24/><U20/><E108/><V27/><F102/><N who="3" m="38923" /><G70/><T97/><D97/><U109/><E109/><V57/><F71/><W65/><G65/><T15/><D15/><U86/><E1/><V34/><F68/><W14/><G14/><T87/><D33/><U81/><E50/><V106/><F106/><W61/><G61/><T66/><D66/><U45/><E82/><V135/><F135/><W42/><G88/><T72/><D72/><U32/><E32/><V98/><F34/><W4/><G4/><T126/><D126/><U59/><E59/><V67/><F131/><W56/><G56/><T91/><D91/><U3/><E3/><V119/><F119/><W21/><G21/><T85/><AGARI ba="0,0" hai="41,44,47,48,49,54,85,87" m="30282,49771" machi="85" ten="30,2000,0" yaku="19,1,52,1" doraHai="36" who="0" fromWho="0" sc="230,20,250,-10,270,-5,250,-5" /><INIT seed="2,0,0,0,5,67" ten="250,240,265,245" oya="2" hai0="95,100,102,106,101,63,36,134,24,41,60,68,26" hai1="16,105,131,35,23,46,72,135,17,10,123,49,40" hai2="54,11,66,33,69,76,59,9,39,91,99,51,13" hai3="107,71,84,34,25,44,1,48,116,75,130,103,132"/><V27/><F76/><W52/><G116/><T22/><D106/><U112/><E105/><V128/><F128/><W42/><G1/><T5/><D5/><U61/><E72/><V77/><F77/><W0/><G0/><T78/><D78/><U70/><E35/><V19/><F39/><W111/><G75/><T45/><D134/><U119/><E112/><V86/><F99/><W122/><G122/><T65/><D95/><U124/><E119/><V18/><F33/><W64/><G130/><T6/><D6/><U62/><E131/><V7/><F27/><W109/><G84/><T29/><D24/><U126/><E123/><V120/><F120/><W82/><G82/><T81/><D81/><U30/><E135/><V58/><F69/><W53/><G132/><T28/><REACH who="0" step="1"/><D63/><REACH who="0" ten="240,240,265,245" step="2"/><U12/><E62/><N who="2" m="38239" /><F11/><W47/><G25/><T115/><D115/><U43/><E61/><V37/><F37/><N who="3" m="21583" /><G34/><T129/><D129/><U8/><E124/><V121/><F121/><W31/><G107/><T98/><D98/><U133/><E126/><V55/><F7/><W4/><G4/><T114/><D114/><U83/><E133/><V57/><F9/><W3/><G3/><T94/><D94/><U118/><E8/><V89/><F13/><W2/><G2/><T108/><D108/><N who="3" m="41545" /><G31/><AGARI ba="0,1" hai="22,26,28,29,31,36,41,45,60,65,68,100,101,102" machi="31" ten="40,5200,0" yaku="1,1,52,1,53,1" doraHai="67" doraHaiUra="21" who="0" fromWho="3" sc="240,62,240,0,265,0,245,-52" /><INIT seed="3,0,0,0,0,67" ten="302,240,265,193" oya="3" hai0="91,105,70,12,101,127,124,97,4,48,50,27,111" hai1="109,15,32,14,128,118,112,92,85,106,102,61,20" hai2="43,19,45,55,87,10,0,9,30,115,44,52,122" hai3="72,13,35,36,37,90,114,88,16,74,24,130,94"/><W75/><G114/><T60/><D111/><U40/><E112/><V93/><F115/><W86/><G130/><T123/><D123/><U131/><E32/><V56/><F122/><W113/><G113/><T133/><D133/><U22/><E106/><V66/><F30/><W51/><G51/><T78/><D27/><U3/><E40/><V54/><F0/><W107/><G107/><T121/><D78/><U108/><E61/><N who="2" m="38183" /><F43/><W76/><G76/><T5/><D91/><U120/><E120/><V23/><F93/><W29/><REACH who="3" step="1"/><G90/><REACH who="3" ten="302,240,265,183" step="2"/><T42/><D48/><U7/><E109/><V89/><F89/><W84/><G84/><T49/><D50/><U110/><E108/><V31/><F87/><W77/><G77/><T21/><D49/><U71/><E85/><V62/><F45/><W39/><G39/><T25/><D42/><U64/><E110/><V83/><F44/><W129/><G129/><T100/><D121/><U58/><E131/><V116/><F116/><W41/><G41/><T38/><D38/><U82/><E128/><V81/><F81/><W53/><G53/><T95/><D105/><U65/><E118/><V28/><F83/><W80/><G80/><T96/><D96/><U57/><E82/><V103/><F55/><W117/><G117/><T59/><D97/><U11/><E92/><V33/><F54/><W119/><G119/><T79/><D95/><U46/><E102/><V132/><F103/><W26/><G26/><T126/><D101/><U1/><E46/><V34/><F52/><W135/><G135/><T99/><D100/><U125/><E1/><RYUUKYOKU ba="0,1" sc="302,-10,240,-10,265,-10,183,30" hai3="13,16,24,29,35,36,37,72,74,75,86,88,94" /><INIT seed="3,1,1,0,3,75" ten="292,230,255,213" oya="3" hai0="126,33,79,46,91,90,31,24,86,35,135,42,109" hai1="34,39,50,18,104,30,131,28,125,127,56,114,47" hai2="130,61,65,118,6,92,111,44,82,115,117,19,108" hai3="20,110,113,8,87,14,83,120,21,60,78,96,81"/><W123/><G113/><T77/><D109/><N who="2" m="42058" /><F115/><W100/><G110/><T41/><D135/><U128/><E114/><V121/><F6/><W7/><G60/><T67/><D33/><U17/><E104/><V32/><F32/><W124/><G124/><N who="1" m="47690" /><E56/><V57/><F130/><N who="1" m="49705" /><E39/><V73/><F121/><W102/><G102/><T43/><D126/><U129/><N who="1" m="49713" /><U119/><DORA hai="66" /><E34/><V101/><F44/><W10/><G10/><T93/><D67/><U98/><E98/><N who="2" m="59591" /><F19/><N who="1" m="7177" /><E119/><V22/><F22/><W54/><G54/><AGARI ba="1,1" hai="28,30,47,50,54" m="7177,49713,47690" machi="54" ten="50,3200,0" yaku="18,1,19,1" doraHai="75,66" who="1" fromWho="3" sc="292,0,230,45,255,0,213,-35" /><INIT seed="4,0,0,2,2,88" ten="292,275,255,178" oya="0" hai0="133,22,99,132,108,104,63,87,26,134,42,121,54" hai1="52,65,39,94,115,98,122,105,91,12,97,100,28" hai2="31,101,78,71,49,29,32,130,68,113,70,6,110" hai3="120,23,69,25,56,37,3,95,15,33,11,135,117"/><T74/><D121/><U8/><E39/><V2/><F110/><W127/><G69/><T45/><D74/><U81/><E122/><V18/><F78/><W13/><G120/><T21/><D87/><U72/><E65/><V114/><F130/><W14/><G37/><N who="0" m="21711" /><D108/><U41/><E41/><V64/><F49/><W76/><G117/><T27/><D63/><U93/><E28/><V47/><F47/><W17/><G127/><T7/><D7/><U66/><E66/><V128/><F128/><W35/><G135/><T118/><D54/><U96/><E115/><N who="2" m="44043" /><F32/><N who="3" m="12363" /><G95/><T55/><D55/><U75/><E81/><V44/><F44/><W46/><G56/><T79/><D79/><U73/><E52/><V112/><F112/><W24/><G46/><T38/><D38/><U85/><REACH who="1" step="1"/><E105/><REACH who="1" ten="292,265,255,178" step="2"/><V0/><F64/><W92/><G76/><T67/><D67/><U124/><E124/><V82/><F71/><W9/><G92/><T20/><D118/><U103/><E103/><AGARI ba="0,1" hai="20,21,22,26,27,99,103,104,132,133,134" m="21711" machi="103" ten="40,2000,0" yaku="20,1" doraHai="88" who="0" fromWho="1" sc="292,30,265,-20,255,0,178,0" /><INIT seed="4,1,0,4,5,106" ten="322,245,255,178" oya="0" hai0="43,64,33,40,69,112,18,44,46,102,57,47,103" hai1="107,96,17,84,62,26,53,15,109,101,20,104,86" hai2="72,52,68,6,121,81,41,135,67,54,14,111,119" hai3="7,115,0,1,38,128,118,21,61,87,127,49,50"/><T110/><D33/><U13/><E109/><V8/><F121/><W79/><G38/><T23/><D112/><U88/><E107/><V76/><F111/><W105/><G105/><T39/><D110/><U5/><E86/><V77/><F135/><W97/><G118/><T92/><D69/><U55/><E62/><V91/><F119/><W12/><G115/><T24/><D92/><U11/><REACH who="1" step="1"/><E26/><REACH who="1" ten="322,235,255,178" step="2"/><V48/><F77/><W9/><G61/><N who="0" m="37935" /><D39/><U16/><E16/><V36/><F36/><W85/><G85/><T116/><D116/><U75/><E75/><V95/><F68/><W32/><G87/><T42/><AGARI ba="1,1" hai="18,23,24,40,42,43,44,46,47,102,103" m="37935" machi="42" ten="30,1500,0" yaku="8,1" doraHai="106" who="0" fromWho="0" sc="322,28,235,-6,255,-6,178,-6" /><INIT seed="4,2,0,1,2,43" ten="350,229,249,172" oya="0" hai0="85,27,80,77,98,61,81,112,44,83,118,124,9" hai1="87,38,46,55,107,5,20,110,90,102,123,17,12" hai2="121,94,54,68,82,22,100,79,59,91,41,45,40" hai3="52,31,122,16,39,71,25,3,10,132,116,7,49"/><T34/><D118/><U36/><E123/><V75/><F68/><W70/><G122/><T103/><D112/><U18/><E110/><V113/><F121/><W73/><G116/><T13/><D61/><U56/><E5/><V11/><F113/><W26/><G73/><T99/><D99/><U134/><E134/><V33/><F33/><W30/><G39/><T109/><D109/><U42/><E38/><V101/><F22/><W29/><G132/><T15/><D15/><U2/><E2/><V72/><F72/><W128/><G128/><T88/><D124/><U21/><E102/><V51/><F11/><W60/><G60/><T89/><D44/><U86/><E107/><V84/><REACH who="2" step="1"/><F40/><REACH who="2" ten="350,229,239,172" step="2"/><W19/><G71/><T32/><D32/><U74/><E74/><V0/><F0/><W23/><G70/><T131/><D34/><U66/><E66/><V64/><F64/><W76/><G76/><T119/><D119/><U130/><E130/><V96/><F96/><W135/><G135/><T47/><D131/><U97/><E97/><V24/><F24/><W95/><G95/><T127/><D27/><U115/><E115/><V129/><F129/><W69/><G69/><T67/><D98/><U65/><E65/><V133/><F133/><W108/><G108/><T63/><D67/><U120/><E120/><V57/><F57/><W117/><G117/><T48/><D77/><U58/><E58/><V37/><AGARI ba="2,1" hai="37,41,45,51,54,59,75,79,82,84,91,94,100,101" machi="37" ten="20,5200,0" yaku="1,1,0,1,7,1,52,1,53,0" doraHai="43" doraHaiUra="28" who="2" fromWho="2" sc="350,-28,229,-15,239,68,172,-15" /><INIT seed="5,0,0,5,3,25" ten="322,214,307,157" oya="1" hai0="1,105,15,69,12,62,2,39,27,6,88,73,131" hai1="54,40,133,66,77,116,93,72,123,16,94,37,135" hai2="18,20,126,21,52,107,86,109,111,24,57,83,56" hai3="125,63,5,68,19,98,130,10,38,33,101,60,11"/><U3/><E3/><V65/><F107/><W71/><G125/><T99/><D39/><U90/><E123/><V32/><F32/><W75/><G75/><T46/><D73/><U134/><E66/><V122/><F122/><W110/><G110/><T13/><D46/><N who="1" m="23823" /><E116/><V132/><F132/><N who="1" m="33793" /><U47/><DORA hai="8" /><E77/><V53/><F126/><W35/><G38/><T26/><D131/><U100/><E72/><V55/><F109/><W124/><G124/><T106/><D1/><U30/><E30/><N who="2" m="17671" /><F65/><W108/><G108/><T43/><D2/><U34/><E34/><V120/><F120/><W74/><G74/><T9/><D6/><U127/><E127/><V7/><F7/><W67/><G130/><T119/><D105/><U82/><E100/><V87/><F111/><W0/><G19/><T118/><D106/><U29/><E29/><V84/><F83/><W42/><G11/><T92/><D9/><U14/><E82/><V49/><F57/><W128/><G128/><T45/><D69/><U59/><E47/><V112/><F112/><W129/><G129/><T114/><D114/><U28/><E28/><V113/><F113/><W50/><G68/><T23/><D119/><U78/><E78/><V97/><F97/><W80/><G80/><T89/><D118/><U85/><E59/><V115/><F115/><W48/><G67/><T102/><D45/><U91/><E54/><V117/><F117/><W4/><G71/><T79/><D79/><U61/><E61/><N who="3" m="23626" /><G5/><T58/><D62/><U44/><E44/><V51/><F56/><W121/><G121/><T76/><D58/><RYUUKYOKU ba="0,0" sc="322,-10,214,-10,307,30,157,-10" hai2="18,21,49,51,52,53,55,84,86,87" /><INIT seed="6,1,0,1,4,130" ten="312,204,337,147" oya="2" hai0="110,6,57,71,41,124,104,28,116,108,38,65,98" hai1="122,88,94,17,58,96,118,120,48,37,8,63,56" hai2="75,72,5,39,30,128,70,66,1,34,44,79,81" hai3="50,129,95,24,105,106,7,131,45,117,62,42,9"/><V112/><F128/><W40/><G117/><T55/><D6/><U92/><E37/><V27/><F112/><W119/><G119/><T11/><D11/><U83/><E118/><V78/><F78/><W107/><G42/><T51/><D28/><U125/><E125/><V134/><F72/><W121/><G121/><T29/><D29/><U23/><E8/><N who="2" m="2095" /><F66/><W22/><G95/><T18/><D18/><U126/><E126/><V80/><F80/><W101/><G101/><T3/><D3/><U127/><E127/><V19/><F19/><W90/><G90/><T32/><D32/><U89/><E83/><V0/><F0/><W74/><G74/><T59/><D116/><U53/><E56/><V26/><F26/><W99/><G99/><T16/><D98/><U13/><REACH who="1" step="1"/><E63/><REACH who="1" ten="312,194,337,147" step="2"/><V60/><F60/><W91/><G62/><N who="0" m="40375" /><D124/><U64/><E64/><V47/><F47/><W49/><G49/><T68/><D59/><U86/><AGARI ba="1,1" hai="13,17,23,48,53,58,86,88,89,92,94,96,120,122" machi="86" ten="30,8000,1" yaku="1,1,0,1,25,2,54,1,53,0" doraHai="130" doraHaiUra="33" who="1" fromWho="1" sc="312,-21,194,93,337,-41,147,-21" /><INIT seed="7,0,0,5,2,91" ten="291,287,296,126" oya="3" hai0="107,15,77,65,81,100,17,20,46,43,90,69,42" hai1="6,50,47,74,68,23,96,58,34,21,134,85,126" hai2="55,44,89,51,62,18,28,9,0,73,45,33,29" hai3="92,108,61,99,66,88,86,78,67,133,104,109,119"/><W128/><G119/><T93/><D100/><U83/><E68/><V2/><F73/><W94/><G104/><T64/><D107/><U60/><E74/><V13/><F33/><W72/><G128/><T25/><D69/><U121/><E34/><V35/><F35/><W116/><G116/><T103/><D103/><U84/><E121/><V56/><F0/><W80/><G133/><T41/><D46/><N who="2" m="18026" /><F2/><W11/><G11/><T31/><D81/><U39/><E39/><V36/><F36/><W102/><REACH who="3" step="1"/><G61/><REACH who="3" ten="291,287,296,116" step="2"/><T10/><REACH who="0" step="1"/><D77/><REACH who="0" ten="281,287,296,116" step="2"/><U124/><E134/><V120/><F120/><W114/><G114/><T115/><D115/><U111/><E126/><V82/><F62/><W113/><G113/><T16/><D16/><U48/><E124/><V125/><F125/><W12/><G12/><T101/><D101/><U5/><E60/><V87/><AGARI ba="0,2" hai="9,13,18,28,29,51,55,56,82,87,89" m="18026" machi="87" ten="30,1100,0" yaku="8,1" doraHai="91" who="2" fromWho="2" sc="281,-3,287,-3,296,31,116,-5" owari="278,-12.0,284,8.0,327,43.0,111,-39.0" /></mjloggm>