<mjloggm ver="2.3"><GO type="97" lobby="0"/><UN n0="%E6%9C%89%E5%88%A9" n1="%E5%B0%B1%E6%B4%BB%E7%94%9F%40%E5%B7%9D%E6%9D%91%E8%BB%8D%E5%9B%A3" n2="%E5%B0%8F%E6%89%8B%E8%BF%94%E6%92%B2%E6%BB%85%E4%BC%9A%E9%95%B7" n3="%67%65%6D%73" dan="13,15,14,14" rate="1864.21,2008.34,1923.22,1991.16" sx="M,M,M,F"/><TAIKYOKU oya="0"/><INIT seed="0,0,0,5,1,122" ten="250,250,250,250" oya="0" hai0="4,81,13,98,76,32,30,10,49,89,20,132,106" hai1="55,134,35,114,73,47,79,105,113,16,110,123,121" hai2="74,5,65,67,80,86,18,6,25,70,63,9,26" hai3="56,88,130,19,131,11,135,71,58,27,103,120,104"/><T42/><D132/><U0/><E105/><V125/><F74/><W116/><G71/><T21/><D106/><U7/><E35/><V78/><F125/><W37/><G37/><T109/><D109/><U82/><E134/><V119/><F119/><W33/><G135/><T40/><D32/><U112/><E110/><V14/><F67/><W15/><G120/><T117/><D117/><U44/><E0/><V12/><REACH who="2" step="1"/><F6/><REACH who="2" ten="250,250,240,250" step="2"/><W111/><G116/><T69/><D69/><U84/><E7/><V46/><F46/><W51/><G111/><T66/><D66/><U2/><E73/><V29/><F29/><W128/><G33/><T102/><D30/><U61/><E47/><V133/><F133/><W43/><G27/><T94/><D40/><U108/><E121/><V54/><F54/><W118/><G118/><T85/><D76/><U126/><E123/><V93/><F93/><W8/><G43/><T57/><D57/><U75/><E126/><V39/><F39/><W77/><G77/><T90/><D42/><U23/><E75/><V91/><F91/><W22/><G88/><T87/><D49/><U3/><E108/><V38/><F38/><W1/><G56/><T48/><D48/><N who="1" m="29063" /><E61/><V52/><F52/><N who="3" m="32031" /><G1/><T62/><D62/><U124/><E124/><V60/><F60/><W107/><G104/><T96/><D102/><U41/><E41/><V72/><F72/><W95/><G107/><T101/><D101/><U115/><N who="1" m="29184" /><DORA hai="64" /><U36/><E36/><V97/><F97/><AGARI ba="0,1" hai="8,11,15,19,22,95,97,103,128,130,131" m="32031" machi="97" ten="30,2000,0" yaku="19,1,54,1" doraHai="122,64" who="3" fromWho="2" sc="250,0,250,0,240,-20,250,30" /><AGARI ba="0,0" hai="4,10,13,20,21,81,85,87,89,90,94,96,97,98" machi="97" ten="40,2000,0" yaku="8,1" doraHai="122,64" who="0" fromWho="2" sc="250,20,250,0,220,-20,280,0" /><INIT seed="0,1,0,1,2,113" ten="270,250,200,280" oya="0" hai0="111,94,45,60,14,85,123,74,121,98,135,26,23" hai1="120,65,0,53,24,29,117,75,21,40,42,70,100" hai2="7,1,79,57,48,30,12,20,54,69,36,32,110" hai3="9,55,109,119,31,47,78,89,129,4,101,18,11"/><T128/><D74/><U131/><E120/><V59/><F69/><W58/><G119/><T122/><D135/><U107/><E0/><V132/><F36/><W116/><G31/><T76/><D128/><U86/><E75/><V3/><F132/><W64/><G101/><T35/><D35/><U95/><E131/><V126/><F32/><W102/><G129/><T72/><D72/><U41/><E107/><V88/><F79/><W108/><G102/><T15/><D111/><N who="3" m="42569" /><G78/><T43/><D60/><U99/><E53/><V52/><F126/><W106/><G106/><T90/><D76/><U73/><E73/><V19/><F30/><W10/><G64/><T96/><D96/><U16/><E86/><V84/><F7/><W39/><G89/><T63/><D63/><U115/><E115/><V67/><F67/><W56/><G18/><T80/><D98/><U87/><E87/><V44/><F110/><W49/><G39/><T82/><D82/><U13/><E65/><V124/><F124/><W125/><G125/><T50/><REACH who="0" step="1"/><D80/><REACH who="0" ten="260,250,200,280" step="2"/><U83/><E83/><V33/><F33/><W27/><G4/><T38/><D38/><U105/><E70/><V37/><F37/><W61/><G61/><T97/><D97/><U93/><REACH who="1" step="1"/><E117/><REACH who="1" ten="260,240,200,280" step="2"/><V118/><F118/><W46/><G116/><T22/><D22/><AGARI ba="1,2" hai="13,16,21,22,24,29,40,41,42,93,95,99,100,105" machi="22" ten="40,5200,0" yaku="1,1,2,1,54,1,53,0" doraHai="113" doraHaiUra="81" who="1" fromWho="0" sc="260,-55,240,75,200,0,280,0" /><INIT seed="1,0,0,3,3,84" ten="205,315,200,280" oya="1" hai0="52,10,94,135,68,16,113,51,21,5,131,129,111" hai1="107,50,55,32,49,96,17,106,1,18,62,99,57" hai2="4,34,130,61,74,64,28,27,66,114,92,117,108" hai3="45,22,73,26,44,8,23,80,123,29,71,89,82"/><U87/><E32/><V40/><F117/><W112/><G71/><T13/><D68/><U2/><E87/><V110/><F74/><W77/><G123/><T58/><D113/><U90/><E62/><V14/><F114/><W20/><G112/><T37/><D37/><U115/><E115/><V132/><F132/><W53/><G8/><T19/><D135/><U81/><E81/><V54/><F130/><W60/><G60/><T124/><D124/><U91/><E57/><V133/><F133/><W69/><G69/><T86/><D111/><N who="2" m="42538" /><F92/><W125/><G125/><T43/><D43/><U79/><E55/><V75/><F75/><W105/><G105/><T83/><D94/><U9/><E9/><N who="2" m="4391" /><F40/><W39/><G45/><T3/><REACH who="0" step="1"/><D19/><REACH who="0" ten="195,315,200,280" step="2"/><U104/><E104/><V88/><F61/><W85/><REACH who="3" step="1"/><G39/><REACH who="3" ten="195,315,200,270" step="2"/><T42/><D42/><U72/><E107/><V134/><F134/><W31/><G31/><T65/><D65/><U38/><E106/><V122/><F54/><W76/><G76/><AGARI ba="0,2" hai="3,5,10,13,16,21,51,52,58,76,83,86,129,131" machi="76" ten="40,8000,1" yaku="1,1,54,2,53,1" doraHai="84" doraHaiUra="47" who="0" fromWho="3" sc="195,100,315,0,200,0,270,-80" /><INIT seed="2,0,0,1,1,18" ten="295,315,200,190" oya="2" hai0="132,54,22,29,79,41,127,80,35,14,102,112,45" hai1="36,3,113,47,12,37,74,6,110,32,100,117,44" hai2="9,126,55,123,4,86,78,17,43,90,81,82,97" hai3="85,120,128,5,135,21,109,28,42,103,119,31,25"/><V125/><F123/><W76/><G120/><T92/><D112/><U33/><E74/><V69/><F69/><W39/><G119/><T107/><D107/><U72/><E72/><V56/><F43/><W8/><G135/><T46/><D132/><U71/><E71/><V104/><F104/><W67/><G128/><T88/><D127/><U38/><E117/><V96/><F126/><W16/><G109/><T49/><D102/><U91/><E100/><V106/><F106/><W40/><G103/><T61/><D61/><U115/><E3/><V48/><F125/><W73/><G67/><T27/><D35/><U129/><E129/><V57/><F57/><W23/><G73/><T0/><D0/><U2/><E2/><V118/><F118/><W111/><G111/><T122/><D122/><U34/><E110/><V95/><F4/><W66/><G66/><T64/><D64/><U58/><E58/><V30/><F30/><W7/><G39/><T1/><D1/><U114/><E91/><V60/><F48/><W87/><G76/><T24/><D41/><N who="3" m="15977" /><G31/><T116/><D116/><U131/><E131/><V62/><F62/><W130/><G130/><T15/><D45/><U53/><E53/><V124/><F124/><W89/><G87/><N who="0" m="48543" /><D24/><U133/><E133/><V52/><F55/><W105/><G105/><T10/><D10/><AGARI ba="0,0" hai="6,10,12,32,33,34,36,37,38,44,47,113,114,115" machi="10" ten="60,3900,0" yaku="29,2" doraHai="18" who="1" fromWho="0" sc="295,-39,315,39,200,0,190,0" /><INIT seed="3,0,0,4,5,127" ten="256,354,200,190" oya="3" hai0="61,41,1,109,2,11,51,26,52,33,132,106,3" hai1="39,95,101,17,86,116,99,94,125,64,31,44,112" hai2="63,107,55,28,16,43,85,25,135,50,23,15,75" hai3="67,78,120,42,90,121,113,100,70,119,60,79,40"/><W98/><G113/><T88/><D106/><U103/><E112/><V13/><F75/><W131/><G119/><T6/><D132/><U73/><E73/><V62/><F107/><W123/><G90/><T124/><D124/><U82/><E116/><V108/><F108/><W10/><G10/><T115/><D115/><U19/><E125/><V96/><F135/><W56/><G70/><T105/><D105/><U54/><E31/><V91/><F96/><W69/><G69/><T71/><D109/><U35/><E35/><V104/><F104/><W128/><G79/><T111/><D111/><U34/><E34/><V4/><F4/><W9/><G78/><T81/><D41/><U92/><E64/><V18/><F43/><W20/><G20/><T38/><D38/><U114/><E114/><V46/><F15/><W68/><G9/><T77/><D77/><U0/><E0/><V7/><F7/><W24/><G24/><T133/><D133/><U66/><E66/><V110/><F110/><W84/><G84/><T47/><D71/><U130/><E130/><N who="3" m="49706" /><G68/><T102/><D102/><N who="1" m="38923" /><E39/><V48/><F18/><W89/><G89/><T87/><D26/><U22/><E22/><N who="2" m="15415" /><F50/><W118/><G118/><T12/><D33/><U29/><E29/><V37/><F37/><W97/><G97/><T57/><D3/><U32/><E32/><V83/><AGARI ba="0,0" hai="13,16,23,46,48,55,62,63,83,85,91" m="15415" machi="83" ten="30,2000,0" yaku="8,1,54,1" doraHai="127" who="2" fromWho="2" sc="256,-5,354,-5,200,20,190,-10" owari="251,5.0,349,45.0,220,-18.0,180,-32.0" /></mjloggm>