<mjloggm ver="2.3"><GO type="41" lobby="0"/><UN n0="%64%61%69%6D%61%6A%69%6E" n1="%E9%9B%80%5A" n2="%E5%B0%B1%E6%B4%BB%E7%94%9F%40%E5%B7%9D%E6%9D%91%E8%BB%8D%E5%9B%A3" n3="%E3%82%8F%E3%81%97%E3%81%A3%E3%81%9A" dan="13,14,15,14" rate="1855.12,1898.16,2027.78,1961.45" sx="M,M,M,M"/><TAIKYOKU oya="0"/><INIT seed="0,0,0,2,4,131" ten="250,250,250,250" oya="0" hai0="96,44,66,9,125,126,108,6,48,29,128,21,62" hai1="23,35,47,13,25,12,16,114,30,112,53,130,95" hai2="92,80,115,109,69,129,31,37,8,43,97,103,134" hai3="59,24,10,38,33,91,27,71,113,17,124,78,120"/><T122/><D122/><U15/><E95/><V60/><F109/><W22/><G71/><N who="0" m="42455" /><D96/><U51/><REACH who="1" step="1"/><E130/><REACH who="1" ten="250,240,250,250" step="2"/><V54/><F92/><W110/><G120/><T67/><D128/><U19/><E19/><V1/><F129/><W75/><G17/><T127/><D108/><U87/><E87/><V11/><F31/><W39/><G75/><T135/><D29/><U26/><AGARI ba="0,1" hai="12,13,15,16,23,25,26,30,35,47,51,53,112,114" machi="26" ten="30,4000,0" yaku="1,1,0,1,54,1,53,0" doraHai="131" doraHaiUra="32" who="1" fromWho="1" sc="250,-20,240,50,250,-10,250,-10" /><INIT seed="1,0,0,3,0,131" ten="230,290,240,240" oya="1" hai0="43,50,127,121,1,91,75,110,5,42,53,135,57" hai1="89,115,123,92,134,129,122,34,56,84,30,108,88" hai2="78,74,39,49,104,100,62,10,14,51,79,55,128" hai3="31,113,54,82,96,109,3,17,37,67,6,0,22"/><U85/><E115/><V20/><F128/><W111/><G37/><T40/><D75/><U47/><E129/><V112/><F39/><W2/><G113/><T93/><D110/><N who="3" m="41993" /><G67/><T7/><D121/><U120/><E108/><V38/><F38/><W35/><G82/><T28/><D127/><U101/><E101/><V107/><F112/><W133/><G96/><T118/><D118/><U87/><E47/><V19/><F62/><W103/><G103/><T106/><D106/><U119/><E119/><V132/><F132/><W61/><G61/><T63/><D28/><U76/><E56/><V86/><F74/><W95/><G95/><T116/><D116/><U69/><E69/><V59/><F104/><W46/><G46/><T48/><D1/><U13/><E13/><V21/><F107/><W83/><G83/><T99/><D135/><U73/><E134/><V105/><F105/><W94/><G94/><T4/><AGARI ba="0,0" hai="4,5,7,40,42,43,48,50,53,57,63,91,93,99" machi="4" ten="30,2000,0" yaku="0,1,8,1" doraHai="131" who="0" fromWho="0" sc="230,20,290,-10,240,-5,240,-5" /><INIT seed="2,0,0,0,0,105" ten="250,280,235,235" oya="2" hai0="62,81,2,43,48,111,114,133,107,25,29,77,7" hai1="39,61,103,119,118,132,28,110,26,37,1,134,63" hai2="38,98,3,31,128,56,87,115,73,124,92,64,22" hai3="4,27,120,42,102,41,44,113,116,6,101,55,9"/><V100/><F3/><W121/><G116/><N who="1" m="44586" /><E1/><V99/><F115/><W130/><G130/><T11/><D114/><U35/><E103/><V85/><F128/><W65/><G113/><T84/><D107/><U8/><E8/><V129/><F38/><N who="1" m="14345" /><E110/><V58/><F129/><W106/><G106/><T91/><D111/><U97/><E97/><V16/><F124/><W12/><G65/><T49/><D133/><AGARI ba="0,0" hai="26,28,35,61,63,132,133,134" m="14345,44586" machi="133" ten="40,1300,0" yaku="20,1" doraHai="105" who="1" fromWho="0" sc="250,-13,280,13,235,0,235,0" /><INIT seed="3,0,0,2,4,92" ten="237,293,235,235" oya="3" hai0="52,124,123,114,36,21,0,6,59,49,61,80,128" hai1="43,3,48,113,100,29,106,81,18,126,77,56,94" hai2="35,23,75,37,5,133,31,25,60,63,74,13,79" hai3="89,67,129,73,17,70,41,62,32,104,125,90,10"/><W42/><G32/><T111/><D123/><U20/><E106/><V99/><F37/><W130/><G104/><T101/><D36/><U68/><E113/><V11/><F133/><W134/><G73/><T69/><D111/><U93/><E68/><V34/><F75/><W110/><G134/><T53/><D128/><N who="3" m="49257" /><G125/><T91/><D124/><U121/><E3/><V51/><F51/><W107/><G107/><T45/><D114/><U8/><E121/><V40/><F40/><N who="3" m="15467" /><G110/><T132/><D132/><U86/><E126/><V105/><F79/><W22/><G10/><T64/><D0/><U46/><E100/><V88/><F74/><W96/><G96/><T115/><D115/><U14/><E56/><V120/><F120/><W58/><G58/><T83/><D6/><N who="1" m="3351" /><E29/><V108/><F108/><W87/><G87/><T47/><D21/><U65/><E65/><V97/><F35/><W131/><N who="3" m="49265" /><W9/><DORA hai="109" /><G9/><T27/><D27/><AGARI ba="0,0" hai="18,20,27,43,46,48,77,81,86,93,94" m="3351" machi="27" ten="30,2000,0" yaku="25,1,8,1" doraHai="92,109" who="1" fromWho="0" sc="237,-20,293,20,235,0,235,0" /><AGARI ba="0,0" hai="17,22,27,62,67,70,89,90" m="15467,49265" machi="27" ten="40,2000,0" yaku="19,1" doraHai="92,109" who="3" fromWho="0" sc="217,-20,313,0,235,0,235,20" /><INIT seed="3,1,0,4,0,111" ten="197,313,235,255" oya="3" hai0="113,2,15,101,99,126,49,31,68,0,91,81,38" hai1="104,32,75,74,97,5,89,60,4,114,102,80,46" hai2="33,63,62,73,100,14,92,121,83,87,85,112,78" hai3="132,42,128,50,17,94,116,3,103,19,36,120,109"/><W25/><G36/><T52/><D68/><U82/><E32/><V122/><F33/><W106/><G3/><T90/><D38/><U40/><E60/><N who="2" m="23083" /><F14/><W57/><G106/><T9/><D31/><U70/><E70/><V131/><F131/><W129/><G120/><N who="2" m="46185" /><F112/><W7/><G116/><T119/><D119/><U37/><E114/><V18/><F18/><W35/><G7/><T96/><D113/><U76/><REACH who="1" step="1"/><E89/><REACH who="1" ten="197,303,235,255" step="2"/><N who="2" m="53295" /><F100/><W47/><G128/><T13/><D101/><U130/><E130/><V95/><F95/><W41/><G129/><T29/><D81/><U34/><E34/><V72/><AGARI ba="1,1" hai="72,73,78,83,87" m="53295,46185,23083" machi="72" ten="30,1100,0" yaku="13,1" doraHai="111" who="2" fromWho="2" sc="197,-4,303,-4,235,24,255,-6" /><INIT seed="4,0,0,5,1,71" ten="193,299,259,249" oya="0" hai0="67,73,64,70,98,90,58,134,21,122,60,72,80" hai1="125,74,45,10,33,128,113,135,118,38,89,123,52" hai2="12,32,34,81,91,0,1,92,108,117,28,43,2" hai3="86,30,11,39,63,95,54,50,40,77,19,100,6"/><T5/><D122/><U99/><RYUUKYOKU type="yao9" ba="0,0" sc="193,0,299,0,259,0,249,0" hai1="10,33,38,45,52,74,89,99,113,118,123,125,128,135" /><INIT seed="4,1,0,2,4,89" ten="193,299,259,249" oya="0" hai0="7,105,53,57,103,66,67,109,80,123,24,15,13" hai1="102,28,41,100,93,30,86,88,113,69,32,134,90" hai2="47,87,94,129,52,11,36,116,50,70,17,82,16" hai3="18,126,25,77,84,127,46,135,111,10,83,124,60"/><T108/><D123/><U131/><E69/><V96/><F70/><W37/><G111/><N who="0" m="42571" /><D24/><U112/><E134/><V44/><F116/><W42/><G135/><T31/><D31/><N who="1" m="11819" /><E32/><V20/><F129/><W2/><G60/><N who="0" m="35887" /><D80/><N who="1" m="49223" /><E41/><V97/><F97/><W63/><G63/><T43/><D43/><U3/><E3/><V107/><F107/><W48/><G2/><T55/><D55/><U81/><E81/><V99/><F99/><W35/><G35/><T4/><D105/><U38/><E38/><V72/><F72/><W78/><G78/><T79/><D79/><U85/><E131/><V101/><F36/><W21/><G10/><N who="0" m="4295" /><D103/><U29/><N who="1" m="11827" /><U19/><DORA hai="58" /><E19/><N who="2" m="7243" /><F20/><W132/><G132/><T119/><D119/><U64/><E64/><V62/><F62/><W130/><G130/><T6/><D6/><U120/><E120/><V34/><F34/><W75/><REACH who="3" step="1"/><G37/><REACH who="3" ten="193,299,259,239" step="2"/><T0/><D0/><U76/><E76/><N who="2" m="46535" /><F11/><AGARI ba="1,1" hai="7,11,15,66,67" m="4295,35887,42571" machi="11" ten="30,2900,0" yaku="10,1,52,1" doraHai="89,58" who="0" fromWho="2" sc="193,42,299,0,259,-32,239,0" /><INIT seed="4,2,0,3,0,60" ten="235,299,227,239" oya="0" hai0="107,100,110,45,112,89,37,53,98,105,91,51,101" hai1="87,84,32,54,134,59,26,126,48,42,16,77,93" hai2="63,33,24,3,80,13,0,117,88,14,25,30,52" hai3="1,39,5,132,115,123,135,72,131,69,56,109,114"/><T40/><D112/><U97/><E32/><V71/><F117/><W58/><RYUUKYOKU type="yao9" ba="2,0" sc="235,0,299,0,227,0,239,0" hai3="1,5,39,56,58,69,72,109,114,115,123,131,132,135" /><INIT seed="4,3,0,4,1,72" ten="235,299,227,239" oya="0" hai0="83,0,81,20,62,30,64,95,134,8,99,45,11" hai1="114,116,76,55,26,28,4,113,60,120,107,123,19" hai2="12,70,59,66,129,84,82,37,128,42,108,109,18" hai3="47,102,52,96,9,133,126,77,132,10,85,41,23"/><T58/><D134/><N who="3" m="51817" /><G126/><T94/><D0/><U131/><E107/><V127/><F70/><W135/><N who="3" m="51825" /><W115/><DORA hai="97" /><G115/><N who="1" m="44042" /><E116/><V91/><F37/><N who="3" m="21935" /><G23/><T121/><D121/><U15/><E131/><N who="2" m="50251" /><F42/><W90/><G52/><T48/><D94/><U3/><E60/><N who="2" m="38175" /><F127/><W6/><G6/><T124/><D124/><U130/><E55/><V5/><F5/><W106/><G77/><T104/><D104/><U38/><E76/><V46/><F46/><W7/><G7/><T89/><D8/><AGARI ba="3,0" hai="8,12,18,82,84,91,108,109" m="38175,50251" machi="8" ten="30,1000,0" yaku="19,1" doraHai="72,97" who="2" fromWho="0" sc="235,-19,299,0,227,19,239,0" /><INIT seed="5,0,0,0,0,110" ten="216,299,246,239" oya="1" hai0="45,31,15,82,116,76,27,97,2,108,78,91,135" hai1="130,127,85,131,25,30,94,53,62,64,113,50,49" hai2="96,102,12,80,48,8,43,19,90,57,106,17,101" hai3="56,39,0,95,87,68,74,123,72,35,52,61,100"/><U21/><E127/><V73/><F73/><W36/><G35/><T4/><D108/><U18/><E94/><N who="2" m="56407" /><F106/><W69/><G0/><T24/><D116/><U122/><E122/><V134/><F134/><W70/><G123/><T42/><D135/><U81/><E30/><V63/><F80/><W119/><G119/><T67/><D2/><U98/><E98/><V29/><F29/><W132/><G132/><T10/><D67/><U13/><E25/><V114/><F19/><W1/><G1/><T125/><D125/><U129/><E53/><N who="2" m="34223" /><F114/><W99/><REACH who="3" step="1"/><G87/><REACH who="3" ten="216,299,246,229" step="2"/><T93/><D31/><U109/><E109/><V66/><F66/><W55/><G55/><T111/><D111/><U79/><REACH who="1" step="1"/><E113/><REACH who="1" ten="216,289,246,229" step="2"/><V23/><F102/><W3/><G3/><T120/><D120/><U9/><E9/><V105/><F101/><W33/><G33/><T75/><D10/><U46/><E46/><N who="2" m="25695" /><F105/><W65/><G65/><T126/><D45/><U83/><E83/><V104/><F104/><W88/><G88/><T112/><D91/><U11/><E11/><AGARI ba="0,2" hai="8,11,12,17,23" m="25695,34223,56407" machi="11" ten="30,1000,0" yaku="8,1" doraHai="110" who="2" fromWho="1" sc="216,0,289,-10,246,30,229,0" /><INIT seed="6,0,0,1,0,74" ten="216,279,276,229" oya="2" hai0="35,81,22,123,33,77,16,104,90,106,45,67,134" hai1="83,42,29,2,100,76,48,113,63,47,130,32,5" hai2="116,59,3,1,13,127,118,84,132,66,55,68,109" hai3="108,19,82,105,129,23,126,101,110,52,85,98,38"/><V88/><F68/><W50/><G38/><T36/><D123/><U115/><E100/><V51/><F66/><W92/><G129/><T120/><D120/><U11/><E63/><V86/><F109/><W57/><G126/><T0/><D67/><U71/><E71/><V131/><F131/><W121/><G121/><T73/><D134/><U61/><E61/><V20/><F127/><W103/><G103/><T95/><D0/><N who="2" m="74" /><F84/><W58/><G58/><T79/><D35/><U39/><E48/><V93/><F132/><W31/><G31/><T12/><D33/><U7/><E7/><V78/><F78/><N who="0" m="29706" /><D73/><N who="1" m="43407" /><E130/><V43/><F43/><W114/><G114/><N who="1" m="43530" /><E32/><V89/><F89/><N who="3" m="53295" /><G82/><T14/><D36/><U37/><E37/><V128/><F128/><W44/><G44/><T28/><D28/><AGARI ba="0,0" hai="2,5,11,28,29,39,42,47" m="43530,43407" machi="28" ten="30,3900,0" yaku="25,1,15,1,52,1" doraHai="74" who="1" fromWho="0" sc="216,-39,279,39,276,0,229,0" /><INIT seed="7,0,0,5,4,112" ten="177,318,276,229" oya="3" hai0="106,2,90,52,22,118,65,95,7,15,43,121,31" hai1="128,30,103,37,110,114,71,51,8,131,68,74,77" hai2="5,18,20,116,88,101,117,96,46,11,111,59,4" hai3="58,62,17,115,84,85,83,130,14,36,66,104,73"/><W44/><G104/><T80/><D106/><U50/><E110/><V55/><F111/><W67/><G115/><T19/><D121/><U45/><E114/><V33/><F33/><W89/><G130/><N who="1" m="49706" /><E30/><V108/><F108/><W23/><G73/><T91/><D65/><U86/><E8/><V34/><F34/><W79/><G36/><T123/><D123/><U76/><E103/><V135/><F46/><W26/><G44/><T72/><D43/><U70/><E86/><V63/><F5/><W21/><G67/><T75/><D31/><U0/><E0/><N who="2" m="391" /><F101/><W94/><REACH who="3" step="1"/><G26/><REACH who="3" ten="177,318,276,219" step="2"/><T92/><D118/><U41/><E74/><V119/><F117/><W57/><G57/><T60/><D2/><U32/><E37/><V124/><F59/><W93/><G93/><N who="0" m="35915" /><D72/><U97/><E45/><V40/><F119/><W53/><G53/><T126/><D75/><U133/><E41/><V27/><F55/><W6/><G6/><T42/><D42/><U132/><E70/><V49/><F40/><W9/><AGARI ba="0,1" hai="9,14,17,21,23,58,62,66,79,83,84,85,89,94" machi="9" ten="20,7800,0" yaku="1,1,0,1,7,1,8,1,53,0" doraHai="112" doraHaiUra="47" who="3" fromWho="3" sc="177,-26,318,-26,276,-26,219,88" owari="151,-35.0,292,9.0,250,-15.0,307,41.0" /></mjloggm>