<mjloggm ver="2.3"><GO type="97" lobby="0"/><UN n0="%E5%A6%B9%E5%A6%B9%40%E6%9D%8F%E6%9D%8F%E8%BB%8D%E5%9C%98" n1="%E6%83%85%E7%86%B1%E3%81%8A%E3%81%AA%E3%81%8B" n2="%E3%83%88%E3%83%88%E3%83%AA%E5%85%88%E7%94%9F%31%39%E6%AD%B3" n3="%E3%82%B7%E3%83%B3%E3%83%9C%E3%83%AA%E5%85%BC%E5%AD%90" dan="14,13,13,13" rate="1890.33,1883.55,2014.39,1888.62" sx="F,F,F,M"/><TAIKYOKU oya="0"/><INIT seed="0,0,0,0,3,90" ten="250,250,250,250" oya="0" hai0="106,49,85,115,20,99,81,113,93,51,73,69,55" hai1="0,98,125,46,57,131,39,35,130,121,4,53,89" hai2="91,13,95,45,9,108,64,37,71,32,27,76,128" hai3="19,58,70,12,17,52,86,30,5,43,104,87,38"/><T117/><D106/><U40/><E35/><V100/><F108/><W60/><G104/><T6/><D117/><U126/><E0/><V109/><F109/><W21/><G70/><T61/><D73/><U135/><E4/><V25/><F128/><N who="1" m="49193" /><E98/><V68/><F100/><W34/><G5/><T22/><D6/><U31/><E31/><V119/><F119/><W116/><G116/><T78/><D115/><U18/><E18/><V63/><F71/><W118/><G118/><T1/><D1/><U114/><E121/><V10/><F76/><W29/><G34/><T36/><D36/><U120/><E120/><V77/><F77/><W15/><G38/><T23/><D69/><U65/><E114/><V48/><F37/><W72/><G43/><T56/><REACH who="0" step="1"/><D113/><REACH who="0" ten="240,250,250,250" step="2"/><U112/><E112/><V97/><F68/><W107/><G72/><T123/><D123/><U42/><E42/><V101/><F13/><W82/><G107/><T24/><D24/><U127/><E89/><AGARI ba="0,1" hai="20,22,23,49,51,55,56,61,78,81,85,89,93,99" machi="89" ten="40,12000,1" yaku="1,1,8,1,52,1,53,1" doraHai="90" doraHaiUra="88" who="0" fromWho="1" sc="240,130,250,-120,250,0,250,0" /><INIT seed="0,1,0,5,0,111" ten="370,130,250,250" oya="0" hai0="1,106,48,93,6,115,135,28,49,30,42,35,122" hai1="68,20,11,105,128,124,24,2,104,43,53,40,12" hai2="76,101,85,102,116,130,46,66,9,99,100,133,3" hai3="84,64,134,47,60,61,13,132,34,121,113,91,81"/><T15/><D122/><U59/><E68/><V7/><F130/><W95/><G121/><T27/><D106/><U90/><E2/><V120/><F120/><W50/><G34/><T97/><D135/><N who="3" m="51753" /><G113/><T21/><D42/><U108/><E124/><V32/><F32/><W31/><G31/><T4/><D115/><U127/><E108/><V117/><F133/><W41/><G13/><T16/><D30/><U33/><E127/><V103/><F66/><W58/><G61/><T69/><D69/><U55/><E33/><V45/><F85/><W44/><G44/><T77/><D77/><U88/><E128/><V57/><F57/><W110/><G110/><T71/><D71/><U118/><E118/><N who="2" m="45675" /><F76/><W89/><G91/><N who="1" m="34858" /><E105/><AGARI ba="1,0" hai="3,7,9,45,46,99,100,101,102,103,105" m="45675" machi="105" ten="30,1000,0" yaku="12,1" doraHai="111" who="2" fromWho="1" sc="370,0,130,-13,250,13,250,0" /><INIT seed="1,0,0,4,3,8" ten="370,117,263,250" oya="1" hai0="9,72,133,60,120,104,89,29,49,25,100,93,125" hai1="114,34,10,19,52,76,41,14,88,82,74,79,24" hai2="21,64,67,57,112,48,65,98,135,17,4,26,35" hai3="101,97,128,103,38,5,55,107,122,117,42,62,132"/><U123/><E123/><V51/><F135/><W20/><G122/><T75/><D120/><U7/><E114/><V71/><F71/><W50/><G38/><T32/><D133/><U59/><E41/><V124/><F112/><W69/><G132/><T115/><D115/><U118/><E118/><V15/><F124/><W92/><G117/><T73/><D125/><U119/><E119/><V45/><F35/><W99/><G128/><T86/><D60/><U81/><E88/><V47/><F98/><W110/><G110/><T130/><D130/><U44/><E44/><N who="2" m="16971" /><F57/><W22/><G42/><T33/><D49/><N who="2" m="19018" /><F4/><W1/><G1/><T40/><D40/><U134/><E134/><V70/><F70/><W87/><G5/><T6/><D104/><U54/><E59/><V58/><F58/><W94/><G107/><T84/><D100/><U53/><E34/><V105/><F105/><W77/><G62/><T121/><D121/><U113/><E113/><V31/><F31/><W109/><G69/><T3/><D84/><U27/><REACH who="1" step="1"/><E7/><REACH who="1" ten="370,107,263,250" step="2"/><V0/><F0/><W66/><G77/><T12/><D33/><U61/><E61/><V30/><F67/><W91/><G66/><T28/><D32/><U83/><E83/><V43/><F43/><W78/><G78/><T16/><D89/><U85/><AGARI ba="0,1" hai="10,14,19,24,27,52,53,54,74,76,79,81,82,85" machi="85" ten="30,12000,1" yaku="1,1,0,1,52,1,54,1,53,1" doraHai="8" doraHaiUra="80" who="1" fromWho="1" sc="370,-40,107,130,263,-40,250,-40" /><INIT seed="1,1,0,5,5,121" ten="330,237,223,210" oya="1" hai0="97,81,106,120,58,11,56,9,50,118,37,109,28" hai1="64,102,12,135,113,112,25,40,4,86,73,8,43" hai2="80,83,104,132,60,22,129,47,10,51,42,67,117" hai3="23,63,44,32,89,48,115,36,29,105,78,30,33"/><U16/><E73/><V72/><F117/><W82/><G115/><T62/><D37/><U0/><E102/><V134/><F104/><W126/><G105/><T19/><D118/><U88/><E135/><N who="2" m="51755" /><F72/><W68/><G36/><T7/><D109/><U6/><E64/><V39/><F129/><W1/><G1/><T55/><D28/><U18/><E113/><V103/><F103/><W110/><G126/><T70/><D70/><U13/><E112/><V131/><F131/><W34/><G89/><T45/><D120/><U54/><E54/><V98/><F98/><W41/><G23/><T91/><D106/><U59/><E59/><N who="2" m="37279" /><F22/><W108/><G63/><T116/><D116/><U26/><E0/><V20/><F20/><W96/><G96/><T46/><D7/><N who="1" m="2603" /><E43/><V99/><F99/><W24/><G68/><T124/><D124/><U130/><E40/><V74/><F10/><W17/><G17/><T90/><D19/><U31/><E130/><V35/><F35/><W79/><G79/><T21/><D21/><N who="1" m="11471" /><E31/><V5/><F5/><W71/><G71/><T69/><D69/><U61/><E61/><V114/><F114/><W38/><G38/><T95/><D9/><U100/><E100/><V3/><F74/><N who="3" m="43351" /><G24/><T66/><D11/><U65/><E65/><V92/><F3/><W107/><G107/><T85/><AGARI ba="1,0" hai="45,46,50,55,56,58,62,66,81,85,90,91,95,97" machi="85" ten="30,2000,0" yaku="0,1,8,1" doraHai="121" who="0" fromWho="0" sc="330,23,237,-11,223,-6,210,-6" /><INIT seed="2,0,0,0,5,9" ten="353,226,217,204" oya="2" hai0="52,91,56,48,105,33,36,38,15,124,130,107,100" hai1="123,50,18,121,51,77,27,135,62,85,2,122,49" hai2="21,90,5,54,89,96,24,120,116,44,32,128,67" hai3="35,109,3,94,98,68,64,4,42,10,72,71,1"/><V39/><F116/><W125/><G109/><T31/><D130/><U111/><E2/><V22/><F120/><W106/><G125/><T104/><D124/><U53/><E111/><V134/><F128/><W73/><G64/><T28/><D100/><U13/><E27/><V63/><F134/><W81/><G94/><T45/><D33/><U102/><E102/><V59/><F5/><W66/><G42/><T58/><D91/><U14/><E135/><V57/><F32/><W40/><G40/><T92/><D92/><U126/><E126/><V65/><F39/><W74/><G3/><T60/><D56/><N who="1" m="35087" /><E18/><V30/><F44/><W131/><G131/><T55/><D36/><U114/><E114/><V82/><F96/><W132/><G132/><T76/><D38/><U75/><E75/><N who="3" m="28746" /><G66/><T25/><D76/><U69/><E69/><V133/><F133/><W110/><G110/><T20/><D28/><U97/><E97/><V43/><F43/><W80/><G80/><AGARI ba="0,0" hai="13,14,49,50,51,77,80,85,121,122,123" m="35087" machi="80" ten="40,5200,0" yaku="13,1,52,2" doraHai="9" who="1" fromWho="3" sc="353,0,226,52,217,0,204,-52" /><INIT seed="3,0,0,3,5,124" ten="353,278,217,152" oya="3" hai0="10,49,8,16,66,80,29,24,131,53,108,25,33" hai1="50,39,1,126,115,127,94,22,45,12,125,81,97" hai2="19,83,27,76,0,20,93,60,85,64,99,7,5" hai3="48,92,111,74,70,103,44,41,63,17,28,86,58"/><W71/><G74/><T51/><D108/><U15/><E1/><V116/><F0/><W130/><G28/><T21/><D131/><U69/><E39/><V72/><F72/><W120/><G120/><T132/><D66/><U123/><E69/><V46/><F46/><W91/><G103/><T65/><D65/><U26/><E123/><V32/><F32/><W114/><G114/><T101/><D132/><U62/><E62/><V73/><F73/><W89/><G111/><T107/><D51/><U112/><E81/><V133/><F133/><W18/><G91/><T34/><D34/><U106/><E106/><V110/><F116/><W35/><G35/><T54/><D53/><U87/><E87/><V104/><F104/><W56/><G56/><T52/><D54/><N who="1" m="30031" /><E115/><V11/><F11/><W3/><G3/><T129/><D129/><U135/><E112/><V43/><F43/><W119/><G119/><T78/><D101/><N who="1" m="60599" /><E135/><V57/><REACH who="2" step="1"/><F110/><REACH who="2" ten="353,278,207,152" step="2"/><W6/><G6/><T61/><D107/><U55/><E55/><V105/><F105/><W37/><G130/><T90/><D61/><U109/><E109/><V40/><F40/><W113/><G113/><T118/><D118/><U88/><E88/><AGARI ba="0,1" hai="5,7,19,20,27,57,60,64,76,83,85,88,93,99" machi="88" ten="30,8000,1" yaku="1,1,7,1,8,1,54,1,53,1" doraHai="124" doraHaiUra="23" who="2" fromWho="1" sc="353,0,278,-80,207,90,152,0" owari="353,45.0,198,-20.0,297,10.0,152,-35.0" /></mjloggm>