<mjloggm ver="2.3"><GO type="169" lobby="0"/><UN n0="%E5%B0%B1%E6%B4%BB%E7%94%9F%40%E5%B7%9D%E6%9D%91%E8%BB%8D%E5%9B%A3" n1="%E3%81%84%E3%82%82%E3%81%91%E3%82%93%70" n2="%E3%82%86%E3%81%86%E5%A0%95%E5%A4%A9%E4%BD%BF" n3="%E3%82%BF%E3%82%B1%E3%82%BF%E3%82%B1%E3%82%BF%E3%82%B1" dan="16,16,16,16" rate="2065.70,2068.49,2099.05,2068.79" sx="M,M,F,M"/><TAIKYOKU oya="0"/><INIT seed="0,0,0,3,1,134" ten="250,250,250,250" oya="0" hai0="20,43,66,28,53,89,90,36,46,133,125,41,118" hai1="124,39,84,81,109,17,51,87,48,99,130,37,85" hai2="0,70,32,108,38,126,8,49,103,71,82,122,42" hai3="16,115,33,63,135,2,59,123,23,22,50,6,10"/><T104/><D118/><U78/><E109/><V60/><F49/><W95/><G115/><T35/><D133/><U62/><E130/><V47/><F122/><W18/><G33/><T30/><D35/><U45/><E99/><V54/><F108/><W72/><G72/><T121/><D104/><U101/><E101/><V7/><F103/><W24/><G135/><T31/><D121/><U64/><E17/><V29/><F82/><W68/><G123/><T129/><D129/><U132/><E132/><V21/><F21/><W27/><G50/><T74/><D74/><U91/><E51/><V86/><F86/><W93/><REACH who="3" step="1"/><G68/><REACH who="3" ten="250,250,250,240" step="2"/><T57/><D43/><U80/><E37/><V106/><F70/><W15/><G15/><T3/><D3/><U88/><E39/><V120/><F71/><W34/><G34/><T128/><D128/><U1/><E1/><V102/><F120/><W12/><G12/><T67/><D20/><U117/><E80/><V105/><F32/><W52/><AGARI ba="0,1" hai="2,6,10,16,18,22,23,24,27,52,59,63,93,95" machi="52" ten="20,16000,3" yaku="1,1,0,1,7,1,9,1,54,2,53,2" doraHai="134" doraHaiUra="19" who="3" fromWho="3" sc="250,-80,250,-40,250,-40,240,170" /><INIT seed="1,0,0,4,5,56" ten="170,210,210,410" oya="1" hai0="112,133,111,126,67,21,48,49,66,80,120,59,44" hai1="102,98,127,17,125,90,30,40,14,110,100,50,119" hai2="22,131,93,37,85,118,33,6,52,91,24,81,69" hai3="19,121,43,7,71,1,103,58,123,92,12,82,20"/><U45/><E119/><V117/><F37/><W135/><G71/><T130/><D112/><U99/><E30/><V128/><F33/><W74/><G135/><T78/><D133/><U79/><E79/><V89/><F69/><W55/><G43/><T105/><D105/><U26/><E26/><V31/><F52/><W34/><G34/><T47/><D120/><U83/><E83/><V107/><F6/><W36/><G36/><T70/><D70/><U2/><E2/><V77/><F107/><W124/><G124/><N who="1" m="47690" /><E110/><V46/><F46/><W42/><G42/><T134/><D126/><U11/><E90/><V39/><F39/><W72/><G82/><T109/><D21/><U73/><E73/><V116/><REACH who="2" step="1"/><F89/><REACH who="2" ten="170,210,200,410" step="2"/><W27/><G7/><T87/><D59/><U41/><E41/><V54/><F54/><W5/><G55/><T15/><D134/><U62/><E62/><V104/><F104/><W132/><G58/><T29/><D66/><U57/><E57/><V10/><F10/><W32/><G132/><T28/><D67/><U68/><E68/><V129/><F129/><W38/><G123/><T16/><D130/><U97/><AGARI ba="0,1" hai="11,14,17,40,45,50,97,98,99,100,102" m="47690" machi="97" ten="30,1500,0" yaku="18,1" doraHai="56" who="1" fromWho="1" sc="170,-5,210,25,200,-5,410,-5" /><INIT seed="1,1,0,0,3,13" ten="165,235,195,405" oya="1" hai0="67,30,98,63,55,7,32,46,27,58,69,31,64" hai1="21,90,12,128,106,17,68,42,45,71,130,83,0" hai2="109,103,72,102,119,61,100,132,95,121,65,99,74" hai3="111,78,134,54,56,38,89,20,37,3,62,44,50"/><U40/><E106/><V114/><F121/><W124/><G3/><T101/><D31/><U70/><E0/><V87/><F119/><W59/><G78/><T122/><D122/><U43/><E45/><V129/><F129/><N who="1" m="49769" /><E90/><V110/><F114/><W81/><G111/><N who="2" m="42505" /><F132/><W19/><G124/><T66/><D46/><U91/><E91/><N who="2" m="53759" /><F99/><W93/><G81/><AGARI ba="1,0" hai="12,17,21,40,42,43,68,70,71,81,83" m="49769" machi="81" ten="40,3900,0" yaku="19,1,52,1" doraHai="13" who="1" fromWho="3" sc="165,0,235,42,195,0,405,-42" /><INIT seed="1,2,0,1,0,129" ten="165,277,195,363" oya="1" hai0="109,107,117,42,122,35,30,66,91,96,89,98,55" hai1="62,112,28,43,113,3,49,32,56,72,61,10,81" hai2="9,67,133,39,103,75,73,69,119,105,135,15,2" hai3="92,86,34,52,38,71,111,95,22,101,0,8,50"/><U74/><E32/><V90/><F90/><W54/><G34/><T41/><D117/><U51/><E28/><V16/><F119/><W99/><G38/><T88/><D122/><U127/><E3/><V124/><F39/><W19/><G71/><T78/><D109/><U5/><E127/><V93/><F105/><W63/><G111/><T59/><D66/><U48/><E43/><N who="0" m="16393" /><D35/><U24/><E24/><V40/><F40/><W13/><G63/><N who="0" m="36351" /><D107/><U128/><E128/><V53/><F53/><W102/><G54/><T29/><D78/><U108/><E108/><V116/><F2/><W123/><G123/><T65/><D65/><U25/><E25/><V84/><F124/><W83/><G0/><T12/><D12/><N who="1" m="5199" /><E113/><V131/><F131/><W97/><G22/><T60/><D60/><U125/><E74/><V64/><F116/><W14/><G14/><T6/><D6/><U76/><E62/><N who="2" m="40087" /><F67/><W44/><G86/><T87/><D87/><N who="1" m="48551" /><E112/><V80/><F75/><W1/><G1/><T77/><D77/><U120/><E72/><V100/><F73/><W18/><G83/><T85/><D85/><U121/><E125/><V110/><F110/><W118/><G118/><T27/><D27/><U134/><E121/><V7/><F7/><AGARI ba="2,0" hai="7,8,13,18,19,44,50,52,92,95,97,99,101,102" machi="7" ten="30,7700,0" yaku="7,1,9,1,8,1,54,1" doraHai="129" who="3" fromWho="2" sc="165,0,277,0,195,-83,363,83" /><INIT seed="2,0,0,3,0,112" ten="165,277,112,446" oya="2" hai0="64,108,84,111,25,104,33,59,8,49,9,110,134" hai1="102,94,32,119,93,7,6,27,99,39,35,63,72" hai2="40,73,70,128,52,116,78,66,62,87,58,100,129" hai3="77,71,92,55,51,97,98,124,23,74,44,127,90"/><V34/><F34/><W105/><G71/><T41/><D104/><U89/><E72/><V61/><F73/><W31/><G77/><T5/><D134/><U14/><E39/><V22/><F100/><W28/><G74/><T2/><D8/><U82/><E82/><N who="2" m="47575" /><F40/><W38/><G38/><T65/><D84/><U30/><E119/><V46/><F46/><W36/><G36/><T68/><D68/><U17/><E35/><V114/><F22/><W118/><G118/><T29/><REACH who="0" step="1"/><D59/><REACH who="0" ten="155,277,112,446" step="2"/><U109/><E6/><V69/><F69/><W26/><G105/><T81/><D81/><U85/><E7/><V15/><F114/><W11/><G11/><T107/><D107/><U13/><E85/><V95/><F95/><W122/><G122/><T121/><D121/><U20/><E94/><V18/><F116/><W115/><G115/><T56/><D56/><U50/><E93/><V88/><F128/><W12/><G98/><T42/><D42/><U37/><E99/><V83/><F129/><W135/><G135/><T96/><D96/><U125/><E102/><V131/><F131/><W86/><G97/><T106/><D106/><U48/><E89/><V21/><F83/><W133/><G133/><T43/><D43/><U24/><E37/><V123/><F88/><W75/><G75/><T60/><D60/><U16/><E63/><V54/><F123/><W0/><G90/><T103/><D103/><U4/><E4/><V3/><F54/><N who="3" m="30055" /><G86/><T130/><D130/><U57/><E57/><N who="2" m="34983" /><F70/><W47/><G92/><T91/><D91/><U53/><E50/><V10/><F10/><RYUUKYOKU ba="0,1" sc="155,15,277,-15,112,15,446,-15" hai0="2,5,9,25,29,33,41,49,64,65,108,110,111" hai2="3,15,18,21,58,62,66" /><INIT seed="2,1,1,4,1,79" ten="170,262,127,431" oya="2" hai0="44,22,89,92,83,23,100,19,133,87,95,112,25" hai1="121,15,36,101,54,71,128,47,113,107,135,37,18" hai2="3,62,35,6,134,116,63,82,104,103,61,0,52" hai3="16,14,129,26,130,28,24,102,69,46,1,97,90"/><V13/><F35/><W45/><G69/><T68/><D133/><U40/><E107/><V29/><F29/><W91/><G1/><T127/><D112/><U32/><E101/><V118/><F134/><W20/><G46/><T88/><D68/><U21/><E135/><V31/><F31/><W76/><G76/><N who="0" m="46567" /><D127/><U94/><E113/><V84/><F13/><W8/><G45/><T60/><D44/><U33/><E71/><V111/><F111/><W74/><G74/><T57/><D23/><U77/><E37/><V48/><F103/><W123/><G123/><T30/><D19/><U34/><E128/><N who="3" m="49258" /><G26/><T38/><D38/><U50/><E121/><V93/><F93/><AGARI ba="1,1" hai="8,14,16,20,24,28,90,91,93,97,102" m="49258" machi="93" ten="30,2000,0" yaku="19,1,54,1" doraHai="79" who="3" fromWho="2" sc="170,0,262,0,127,-23,431,33" /><INIT seed="3,0,0,5,1,12" ten="170,262,104,464" oya="3" hai0="37,65,46,20,97,133,101,73,52,110,62,119,68" hai1="54,8,108,130,135,40,44,60,75,99,87,74,47" hai2="77,102,126,3,124,22,118,76,71,33,29,128,100" hai3="94,57,123,89,50,82,105,51,27,6,93,106,56"/><W48/><G123/><T92/><D119/><U14/><E108/><V23/><F3/><W90/><G6/><T18/><D110/><U15/><E135/><V39/><F39/><W17/><G82/><T55/><D133/><U41/><E130/><V43/><F43/><W107/><G27/><T79/><D73/><U125/><E125/><V103/><F71/><W66/><G17/><T2/><D2/><U9/><E99/><V88/><F118/><W120/><G120/><T69/><D79/><U134/><E134/><V19/><F128/><W127/><G66/><T11/><D69/><U13/><E87/><V132/><F132/><W61/><G61/><T45/><D11/><U117/><E117/><V58/><F58/><N who="3" m="22635" /><G127/><N who="2" m="48681" /><F33/><W4/><G4/><T111/><D111/><U116/><E116/><V104/><F104/><W121/><G121/><T42/><REACH who="0" step="1"/><D46/><REACH who="0" ten="160,262,104,464" step="2"/><U84/><E8/><V109/><F109/><W95/><AGARI ba="0,1" hai="48,50,51,89,90,93,94,95,105,106,107" m="22635" machi="95" ten="40,12000,1" yaku="29,2,28,2" doraHai="12" who="3" fromWho="3" sc="160,-40,262,-40,104,-40,464,130" /><INIT seed="3,1,0,3,5,47" ten="120,222,64,594" oya="3" hai0="4,125,128,44,111,60,8,66,1,43,21,98,79" hai1="119,120,49,56,28,31,114,13,135,17,69,45,63" hai2="109,105,59,95,75,94,51,0,54,34,19,24,3" hai3="104,121,92,130,76,36,127,70,32,100,97,101,122"/><W16/><G70/><T124/><D111/><U81/><E120/><V129/><F105/><W133/><G32/><T26/><D128/><U89/><E114/><V126/><F75/><W53/><G36/><T18/><D79/><U96/><E69/><V131/><F109/><W33/><G33/><T29/><D98/><U78/><E135/><V82/><F82/><W40/><G40/><T77/><D77/><U85/><E119/><V86/><F126/><W132/><G76/><T93/><D93/><N who="1" m="56367" /><E56/><V65/><F65/><W10/><G130/><N who="2" m="49673" /><F94/><W50/><G127/><T14/><D60/><U20/><E63/><V68/><F68/><W73/><G73/><T61/><D61/><U74/><E74/><V116/><F116/><W15/><G101/><T108/><D66/><U67/><E67/><V91/><F34/><W12/><G12/><T57/><D57/><U110/><E110/><V23/><AGARI ba="1,0" hai="0,3,19,23,24,51,54,59,86,91,95" m="49673" machi="23" ten="30,2000,0" yaku="19,1,52,1" doraHai="47" who="2" fromWho="2" sc="120,-6,222,-6,64,23,594,-11" /><INIT seed="4,0,0,2,1,64" ten="114,216,87,583" oya="0" hai0="18,74,111,132,126,127,100,102,68,56,77,43,3" hai1="121,49,120,25,91,19,28,58,130,61,93,13,36" hai2="60,90,30,23,14,11,134,35,8,98,135,80,53" hai3="81,63,51,4,10,62,54,12,110,66,47,104,88"/><T52/><D3/><U55/><E36/><V78/><F35/><W117/><G104/><T5/><D5/><U125/><E125/><N who="0" m="47625" /><D43/><U86/><E130/><V50/><F60/><W129/><G110/><T83/><D111/><U103/><E103/><N who="0" m="39465" /><D18/><U89/><E89/><V31/><F90/><W101/><G101/><T94/><D94/><U26/><E26/><V123/><F98/><W122/><G129/><T38/><D38/><U84/><E84/><V9/><F123/><W17/><G117/><T57/><D132/><U115/><E115/><V34/><F34/><W97/><G122/><T65/><D52/><U119/><E119/><V71/><F71/><W87/><G97/><T133/><D133/><U92/><E92/><V44/><F134/><W109/><G109/><T79/><D79/><U112/><E112/><V15/><F135/><W6/><REACH who="3" step="1"/><G63/><AGARI ba="0,0" hai="56,57,63,65,68,74,77,83" m="39465,47625" machi="63" ten="30,2900,0" yaku="18,1,52,1" doraHai="64" who="0" fromWho="3" sc="114,29,216,0,87,0,583,-29" /><INIT seed="4,1,0,3,5,0" ten="143,216,87,554" oya="0" hai0="132,58,56,92,107,4,82,41,10,53,120,29,105" hai1="49,45,18,87,85,106,68,103,77,116,2,118,33" hai2="113,78,59,14,65,121,79,109,54,6,5,90,111" hai3="114,112,71,31,96,9,27,72,13,80,23,52,8"/><T125/><D120/><U28/><E68/><V22/><F121/><W15/><G71/><T57/><D132/><U124/><E2/><V101/><F101/><W61/><G96/><T130/><D125/><U123/><E106/><V39/><F39/><W55/><G80/><T25/><D130/><U40/><E103/><V133/><F133/><W127/><G72/><T32/><D41/><U37/><E124/><V34/><F34/><W20/><G61/><T117/><D117/><U36/><E28/><V89/><F113/><W84/><G84/><T98/><D82/><U62/><E33/><V67/><F59/><W119/><G127/><T128/><D128/><U60/><E62/><V63/><F63/><W94/><G94/><T73/><D73/><U46/><E60/><V76/><F54/><W17/><G119/><T95/><D53/><N who="1" m="29871" /><E36/><V93/><F93/><W51/><G55/><T102/><REACH who="0" step="1"/><D107/><REACH who="0" ten="133,216,87,554" step="2"/><U12/><E123/><V110/><F22/><N who="3" m="15863" /><G114/><T44/><D44/><U11/><E116/><V131/><F131/><W104/><G104/><T21/><D21/><U70/><E118/><V19/><F109/><W66/><G112/><T135/><D135/><U126/><E126/><V108/><F110/><W69/><G23/><T38/><D38/><U30/><E70/><V83/><F108/><W115/><G20/><T91/><D91/><N who="2" m="34826" /><F83/><W26/><G115/><T134/><D134/><U81/><E30/><V129/><F129/><W100/><G52/><T64/><D64/><N who="2" m="24650" /><F111/><W50/><G66/><T75/><D75/><N who="1" m="43199" /><E37/><V35/><F35/><W43/><G43/><T24/><D24/><RYUUKYOKU ba="1,1" sc="133,10,216,10,87,10,554,-30" hai0="4,10,25,29,32,56,57,58,92,95,98,102,105" hai1="11,12,18,40,46,85,87" hai2="5,6,14,19,76,78,79" /><INIT seed="4,2,1,0,1,7" ten="143,226,97,524" oya="0" hai0="13,104,84,126,26,32,123,117,110,81,36,66,39" hai1="41,88,128,0,31,79,97,24,29,35,23,6,109" hai2="34,95,56,58,52,17,113,30,2,71,78,82,11" hai3="122,68,14,105,74,25,63,47,94,118,119,75,124"/><T57/><D117/><U10/><E41/><V62/><F71/><W73/><G14/><T93/><D123/><U70/><E70/><V89/><F113/><W76/><G25/><T1/><D104/><U20/><E79/><V115/><F115/><W22/><G22/><T133/><D1/><U19/><E109/><V4/><F17/><W64/><G94/><T98/><D110/><U8/><E97/><V77/><F58/><W129/><G47/><T45/><D133/><U28/><E88/><V90/><F95/><W12/><G12/><T116/><D126/><U130/><E10/><V55/><F55/><W53/><G105/><T9/><D116/><U85/><E85/><V72/><REACH who="2" step="1"/><F78/><REACH who="2" ten="143,226,87,524" step="2"/><W59/><G76/><N who="0" m="46119" /><D36/><U127/><E127/><V112/><F112/><W33/><G68/><T67/><D39/><U38/><E38/><V99/><F99/><W50/><G124/><T37/><D37/><U42/><E42/><V16/><F16/><W106/><G119/><T18/><D32/><U134/><E134/><V3/><F3/><W87/><G33/><T61/><D45/><U96/><E35/><V108/><F108/><W48/><G118/><T69/><D69/><U60/><E96/><V83/><F83/><W44/><G44/><T15/><D66/><U102/><E60/><V121/><F121/><W103/><G64/><T80/><D80/><U21/><E102/><V86/><F86/><W111/><G122/><T43/><D43/><U51/><E51/><V5/><F5/><W54/><G111/><T49/><D49/><U107/><E107/><V132/><F132/><RYUUKYOKU ba="2,2" sc="143,-15,226,15,87,15,524,-15" hai1="0,6,8,19,20,21,23,24,28,29,31,128,130" hai2="2,4,11,30,34,52,56,62,72,77,82,89,90" /><INIT seed="5,3,2,0,0,100" ten="128,241,102,509" oya="1" hai0="36,115,108,66,70,107,89,88,90,29,10,56,22" hai1="6,50,37,31,73,48,20,74,39,134,104,109,19" hai2="71,57,124,64,62,98,24,130,58,80,7,106,43" hai3="11,4,30,114,119,46,85,28,49,17,132,116,51"/><U125/><E6/><V86/><F124/><W23/><G114/><T26/><D108/><U55/><E109/><V76/><F130/><W129/><G85/><T111/><D111/><U131/><E31/><V97/><F43/><N who="3" m="24799" /><G51/><T38/><D70/><U21/><E55/><V120/><F120/><W61/><G61/><N who="0" m="38183" /><D107/><U102/><E102/><V122/><F122/><W103/><G103/><T91/><D38/><U95/><E19/><V68/><F68/><W27/><G132/><T41/><D36/><U14/><E95/><V5/><F24/><W60/><G60/><T63/><D115/><U93/><E93/><V105/><F97/><W0/><G129/><T113/><D113/><U16/><E131/><V117/><F117/><AGARI ba="3,2" hai="0,4,11,17,23,27,28,30,116,117,119" m="24799" machi="117" ten="30,1000,0" yaku="12,1" doraHai="100" who="3" fromWho="2" sc="128,0,241,0,102,-19,509,39" /><INIT seed="6,0,0,5,3,123" ten="128,241,83,548" oya="2" hai0="114,126,34,71,42,74,73,121,79,53,28,129,62" hai1="38,36,85,66,40,11,93,3,133,54,10,83,61" hai2="25,106,23,76,109,127,104,29,57,14,52,48,60" hai3="2,75,92,21,132,103,117,84,97,18,17,50,9"/><V46/><F127/><W80/><G75/><N who="0" m="28683" /><D121/><U41/><E3/><V77/><F109/><W4/><G132/><T49/><D79/><U118/><E38/><V47/><F47/><W86/><G86/><T13/><D13/><U94/><E36/><V81/><F14/><W119/><G50/><T43/><D28/><U113/><E66/><V51/><F51/><W131/><G131/><T33/><D62/><U15/><E15/><V7/><F7/><W110/><G110/><T31/><D31/><U27/><E27/><V67/><REACH who="2" step="1"/><F76/><REACH who="2" ten="128,241,73,548" step="2"/><W95/><G4/><T107/><D49/><U112/><E11/><V88/><F88/><W134/><G9/><T111/><D126/><U70/><E10/><V122/><F122/><W63/><G2/><T45/><D111/><U78/><E78/><V69/><F69/><W99/><G119/><T16/><D71/><U102/><E70/><V8/><F8/><W68/><G68/><T5/><D45/><U64/><E61/><V91/><F91/><W128/><G63/><T98/><D5/><U101/><E101/><V65/><F65/><W44/><G117/><T35/><D42/><U108/><E102/><V58/><F58/><W24/><G44/><T56/><D43/><U100/><E100/><V22/><F22/><W0/><G103/><N who="0" m="62967" /><D129/><U124/><E124/><V87/><AGARI ba="0,1" hai="23,25,29,46,48,52,57,60,67,77,81,87,104,106" machi="87" ten="20,7800,0" yaku="1,1,0,1,7,1,54,1,53,0" doraHai="123" doraHaiUra="32" who="2" fromWho="2" sc="128,-26,241,-26,73,88,548,-26" /><INIT seed="6,1,0,2,2,80" ten="102,215,161,522" oya="2" hai0="40,44,10,36,8,87,78,9,92,11,79,101,51" hai1="61,18,70,20,17,34,52,42,94,65,21,128,135" hai2="48,24,124,19,2,86,4,1,113,15,67,38,57" hai3="103,117,130,6,43,32,122,106,29,46,5,102,73"/><V27/><F38/><W66/><G73/><T49/><N who="0" m="2048" /><DORA hai="120" /><T121/><D121/><U23/><E34/><V109/><F113/><W63/><G117/><T30/><D30/><U16/><E135/><V60/><F124/><W108/><G108/><T50/><REACH who="0" step="1"/><D101/><REACH who="0" ten="92,215,161,522" step="2"/><U3/><E3/><V111/><F1/><W110/><G29/><T107/><D107/><U59/><E17/><V64/><F2/><W118/><G103/><T62/><D62/><U129/><E18/><V69/><F4/><W104/><G102/><T54/><D54/><U114/><E16/><V55/><F67/><W91/><G106/><T13/><D13/><U119/><E114/><V14/><F14/><W37/><G104/><T99/><D99/><U53/><E53/><V76/><F19/><W83/><G122/><T100/><D100/><U132/><E119/><V89/><F15/><W58/><G118/><T75/><D75/><U68/><E65/><V28/><F28/><W25/><G6/><T72/><D72/><U74/><E74/><V33/><F33/><W105/><G105/><T0/><D0/><U82/><E61/><V7/><F7/><W90/><G5/><T93/><D93/><U84/><E21/><V77/><F24/><W131/><G25/><T116/><D116/><U88/><E23/><V96/><F27/><W112/><G63/><T39/><D39/><U123/><E20/><V126/><F96/><W41/><G37/><T56/><D56/><U71/><E123/><V35/><F35/><W81/><G58/><T26/><D26/><U134/><E59/><V95/><F126/><RYUUKYOKU ba="1,1" sc="92,15,215,-15,161,15,522,-15" hai0="36,40,44,49,50,51,78,79,87,92" hai2="48,55,57,60,64,69,76,77,86,89,95,109,111" /><INIT seed="6,2,1,3,4,121" ten="107,200,176,507" oya="2" hai0="18,29,30,128,36,84,21,55,60,113,41,134,19" hai1="131,50,1,124,127,96,37,68,58,72,126,123,89" hai2="130,31,61,67,49,97,20,6,73,27,8,46,10" hai3="108,35,114,77,45,3,104,101,79,28,43,24,14"/><V34/><F73/><W15/><G3/><T106/><D106/><U64/><E1/><V22/><F130/><W76/><G108/><T38/><D128/><U92/><E123/><V116/><F97/><W44/><G114/><T132/><D113/><U11/><E131/><V9/><F6/><W94/><G104/><T90/><D19/><U23/><E37/><V112/><F112/><W39/><G44/><T87/><D87/><U93/><E11/><V110/><F116/><W17/><G17/><T32/><D41/><U98/><E72/><V88/><F88/><W63/><G63/><T109/><D32/><U5/><E5/><V120/><F110/><W69/><G69/><T103/><D109/><U86/><E23/><V119/><F119/><W7/><G7/><T107/><D103/><N who="1" m="60807" /><E68/><V65/><F120/><W100/><G101/><T53/><D107/><U99/><E50/><V33/><F22/><W95/><G100/><T125/><D125/><U82/><E82/><V91/><F91/><W12/><AGARI ba="2,1" hai="12,14,15,24,28,35,39,43,45,76,77,79,94,95" machi="12" ten="30,1100,0" yaku="0,1" doraHai="121" who="3" fromWho="3" sc="107,-5,200,-5,176,-7,507,27" /><INIT seed="7,0,0,1,4,15" ten="102,195,169,534" oya="3" hai0="50,47,43,110,58,118,52,24,131,46,82,63,41" hai1="26,119,129,133,116,2,40,65,61,4,135,89,34" hai2="14,101,125,23,87,79,13,77,68,74,32,59,96" hai3="75,91,120,53,25,36,92,81,6,12,0,123,27"/><W126/><G0/><T48/><D24/><U33/><E129/><V107/><F32/><N who="1" m="12393" /><E40/><N who="0" m="15433" /><D82/><U70/><E26/><V10/><F68/><W54/><G36/><T103/><D103/><U88/><E4/><V35/><F35/><W117/><G126/><T90/><D90/><N who="1" m="34923" /><E2/><V21/><F125/><W5/><G117/><AGARI ba="0,0" hai="61,65,70,116,117,119,133,135" m="34923,12393" machi="117" ten="40,2600,0" yaku="12,1,54,1" doraHai="15" who="1" fromWho="3" sc="102,0,195,26,169,0,534,-26" owari="102,-40.0,221,2.0,169,-23.0,508,61.0" /></mjloggm>