<mjloggm ver="2.3"><GO type="97" lobby="0"/><UN n0="%E5%B0%B1%E6%B4%BB%E7%94%9F%40%E5%B7%9D%E6%9D%91%E8%BB%8D%E5%9B%A3" n1="%E3%83%84%E3%83%8E%E3%82%AB%E3%83%8E%E2%85%A1" n2="%69%64%67%6F%72%75%66%75" n3="%74%61%61%6B%75%75" dan="14,14,14,14" rate="1929.62,1941.62,1928.07,1993.94" sx="M,F,M,M"/><TAIKYOKU oya="0"/><INIT seed="0,0,0,1,4,12" ten="250,250,250,250" oya="0" hai0="107,10,21,70,123,74,30,71,28,98,29,92,66" hai1="64,125,14,72,31,34,120,33,75,15,8,109,82" hai2="60,115,22,90,47,118,39,79,68,110,18,121,97" hai3="36,119,35,19,16,127,81,48,67,54,23,69,3"/><T62/><D123/><U43/><E120/><V76/><F115/><W93/><G36/><T20/><D107/><U65/><E109/><V50/><F121/><W85/><G35/><T6/><D74/><U108/><E108/><V44/><F110/><W56/><G3/><T38/><D38/><U52/><E125/><V49/><F118/><W113/><G127/><T101/><REACH who="0" step="1"/><D70/><REACH who="0" ten="240,250,250,250" step="2"/><U58/><E75/><V128/><F39/><W86/><G113/><T1/><AGARI ba="0,1" hai="1,6,10,20,21,28,29,30,62,66,71,92,98,101" machi="1" ten="30,6000,0" yaku="1,1,2,1,0,1,53,0" doraHai="12" doraHaiUra="11" who="0" fromWho="0" sc="240,70,250,-20,250,-20,250,-20" /><INIT seed="0,1,0,2,2,77" ten="310,230,230,230" oya="0" hai0="13,43,28,87,25,6,4,100,38,50,63,90,37" hai1="33,113,1,117,120,80,128,110,115,7,105,92,53" hai2="71,134,106,129,111,10,32,75,88,27,3,22,107" hai3="35,135,86,99,14,11,9,91,116,93,85,122,118"/><T56/><D38/><U19/><E117/><V52/><F129/><W31/><G135/><T36/><D36/><U49/><E120/><V98/><F134/><W79/><G122/><T131/><D131/><U114/><E128/><V15/><F111/><W124/><G124/><T70/><D70/><U30/><E110/><V109/><F109/><W58/><G86/><T24/><D100/><U89/><E105/><V68/><F75/><W130/><G130/><T2/><D2/><U34/><E19/><V39/><F39/><W72/><G72/><T83/><D37/><U41/><E41/><V69/><F32/><W55/><G9/><T44/><D13/><U0/><E30/><V46/><F3/><N who="1" m="1097" /><E7/><V12/><F107/><W62/><G31/><T74/><D74/><U18/><E18/><V95/><F106/><W64/><G35/><T84/><D84/><N who="1" m="50311" /><E92/><V61/><F10/><W132/><G132/><T51/><D51/><U29/><E29/><V26/><F26/><N who="0" m="10346" /><D28/><U125/><E125/><V94/><F95/><W121/><G121/><T67/><AGARI ba="1,0" hai="4,6,43,44,50,56,63,67,83,87,90" m="10346" machi="67" ten="30,3000,0" yaku="8,1,52,1" doraHai="77" who="0" fromWho="0" sc="310,33,230,-11,230,-11,230,-11" /><INIT seed="0,2,0,1,5,40" ten="343,219,219,219" oya="0" hai0="13,75,23,80,132,74,73,78,52,106,32,10,104" hai1="18,98,69,87,134,102,57,58,1,107,60,130,94" hai2="41,63,39,118,61,49,100,47,19,42,79,31,4" hai3="68,16,123,15,82,127,20,97,119,27,0,120,56"/><T17/><D32/><U64/><E130/><V28/><F118/><W72/><G68/><T124/><D124/><U108/><E108/><V67/><F100/><W95/><G0/><T29/><D132/><U112/><E134/><V33/><F4/><W14/><G127/><T48/><D106/><U46/><E1/><V93/><F93/><W71/><G71/><T3/><D104/><U12/><E112/><V2/><F2/><W117/><G117/><T135/><D135/><U66/><E66/><V70/><F19/><W88/><G119/><T114/><D114/><U8/><E107/><V38/><F79/><N who="3" m="44391" /><G56/><T25/><REACH who="0" step="1"/><D3/><REACH who="0" ten="333,219,219,219" step="2"/><U5/><E5/><V9/><F33/><W24/><G24/><T84/><D84/><U105/><E105/><V109/><F109/><W21/><G21/><T110/><D110/><U62/><E87/><V81/><F9/><W22/><G22/><T54/><D54/><U96/><E96/><V36/><F31/><W43/><G43/><T101/><D101/><U99/><E99/><V35/><F28/><W83/><G14/><T11/><D11/><U133/><E133/><V59/><F35/><W50/><G15/><T77/><D77/><U37/><E64/><N who="2" m="38975" /><F81/><W76/><G83/><T86/><D86/><U125/><E125/><V65/><F67/><W51/><G76/><T85/><D85/><U53/><E53/><AGARI ba="2,1" hai="36,38,39,41,42,47,49,53,63,65,70" m="38975" machi="53" ten="30,12000,2" yaku="35,5,52,1" doraHai="40" who="2" fromWho="1" sc="333,0,219,-126,219,136,219,0" /><INIT seed="1,0,0,4,2,123" ten="333,93,355,219" oya="1" hai0="52,84,9,110,108,85,122,80,60,86,69,94,57" hai1="98,31,101,41,112,23,131,106,102,56,39,51,90" hai2="130,18,1,24,107,97,118,66,50,71,89,120,128" hai3="35,96,75,19,44,82,0,2,30,88,113,28,65"/><U72/><E112/><V92/><F120/><W95/><G113/><T46/><D122/><U49/><E131/><N who="2" m="50219" /><F118/><W36/><G65/><T11/><D69/><U32/><E72/><V37/><F1/><W5/><G19/><T59/><D80/><U29/><E32/><V81/><F37/><W109/><G109/><N who="0" m="42091" /><D46/><U119/><E119/><V47/><F107/><W117/><G44/><T54/><D94/><U3/><E3/><V26/><F81/><W134/><G2/><T103/><D103/><U127/><E127/><V77/><F77/><W25/><G82/><T74/><D74/><U87/><E102/><V121/><F121/><W53/><G75/><T126/><D126/><U115/><E115/><V21/><F66/><W64/><G117/><T62/><AGARI ba="0,0" hai="9,11,52,54,57,59,60,62,84,85,86" m="42091" machi="62" ten="30,8000,1" yaku="14,1,52,3,54,1" doraHai="123" who="0" fromWho="0" sc="333,80,93,-40,355,-20,219,-20" /><INIT seed="2,0,0,1,5,61" ten="413,53,335,199" oya="2" hai0="52,123,116,39,98,12,51,62,97,4,120,74,75" hai1="119,107,103,127,93,96,85,58,53,34,80,55,126" hai2="33,84,54,106,29,22,102,60,13,117,82,30,46" hai3="79,131,43,105,59,18,23,19,38,118,101,49,88"/><V114/><F117/><W99/><G118/><T110/><D39/><U90/><E34/><V121/><F114/><W9/><G131/><T115/><D116/><U48/><E119/><V133/><F121/><W16/><G79/><T35/><D35/><U47/><E127/><V83/><F133/><W122/><G122/><T129/><D115/><U7/><E126/><V128/><F128/><W67/><G38/><T89/><D129/><U71/><E7/><V15/><F33/><W50/><G9/><T14/><D110/><U8/><E8/><V87/><F106/><W68/><G23/><T125/><D125/><U31/><E31/><N who="2" m="11787" /><F102/><W73/><G73/><T109/><D109/><U112/><E112/><V65/><F22/><W3/><G3/><T135/><D135/><U81/><REACH who="1" step="1"/><E71/><REACH who="1" ten="413,43,335,199" step="2"/><V113/><F113/><W69/><G68/><T57/><D4/><U78/><E78/><V130/><F130/><W36/><G69/><T10/><D123/><U20/><E20/><V6/><F6/><W32/><G32/><T91/><D120/><U95/><E95/><V76/><F46/><W2/><G18/><T44/><D10/><U21/><E21/><V45/><F45/><W25/><G16/><T0/><D0/><U56/><E56/><N who="2" m="36999" /><F54/><W94/><G2/><T132/><D132/><U86/><E86/><V134/><F134/><W64/><G105/><T66/><D75/><U1/><E1/><V5/><F5/><W42/><G19/><T108/><D74/><U37/><E37/><V41/><F41/><W70/><G42/><T63/><D108/><U124/><E124/><RYUUKYOKU ba="0,1" sc="413,-15,43,15,335,15,199,-15" hai1="47,48,53,55,58,80,81,85,90,93,96,103,107" hai2="13,15,76,82,83,84,87" /><INIT seed="2,1,1,2,5,45" ten="398,58,350,184" oya="2" hai0="119,34,120,60,42,71,114,115,26,21,97,77,99" hai1="16,37,118,17,30,41,12,55,89,110,49,92,27" hai2="107,86,111,81,67,57,47,59,74,56,51,61,95" hai3="135,53,36,101,6,70,13,88,7,50,18,85,14"/><V96/><F74/><W132/><G36/><T2/><D120/><U33/><E110/><V48/><F107/><W98/><G70/><T44/><D2/><U112/><E112/><V124/><F124/><W68/><G68/><T38/><D34/><U10/><E118/><V134/><F111/><W25/><G25/><T103/><D119/><U127/><E127/><V83/><F134/><N who="3" m="51243" /><G14/><T128/><D77/><U104/><E104/><V125/><F125/><W90/><G101/><T133/><D133/><U129/><E129/><V108/><F108/><W11/><G98/><T91/><D128/><U100/><E100/><N who="2" m="60447" /><F81/><N who="3" m="49199" /><G90/><T15/><D91/><U87/><E37/><V29/><F29/><W39/><G39/><T113/><D15/><U1/><E41/><N who="2" m="24687" /><F51/><W5/><G5/><T58/><D71/><U116/><E116/><V69/><F69/><W28/><G28/><T43/><D43/><U52/><E1/><V23/><F23/><W72/><G72/><T84/><D103/><U121/><E121/><V9/><F9/><W73/><G73/><T93/><D93/><U19/><REACH who="1" step="1"/><E55/><REACH who="1" ten="398,48,350,184" step="2"/><V78/><AGARI ba="1,2" hai="56,57,59,61,67,78,83,86" m="24687,60447" machi="78" ten="30,3000,0" yaku="8,1,52,1" doraHai="45" who="2" fromWho="2" sc="398,-11,48,-11,350,53,184,-11" /><INIT seed="2,2,0,4,1,128" ten="387,37,403,173" oya="2" hai0="68,111,42,72,25,5,93,33,82,54,20,87,16" hai1="77,130,75,51,56,89,59,64,60,112,26,50,32" hai2="135,17,132,61,114,45,19,36,71,63,11,106,53" hai3="67,44,37,84,83,46,58,1,22,66,57,48,134"/><V116/><F116/><W107/><G107/><T0/><D68/><U35/><E130/><V105/><F114/><W65/><G1/><T15/><D72/><U108/><E112/><V12/><F19/><W7/><G7/><T13/><D111/><U39/><E108/><V88/><F63/><W14/><G14/><T99/><D42/><U52/><E39/><V118/><F118/><W85/><G22/><T30/><D54/><U47/><E89/><V131/><F131/><W3/><G3/><T40/><D40/><U69/><E75/><V80/><F36/><W31/><G31/><T41/><D41/><U6/><E77/><V129/><F129/><W123/><G123/><T74/><D74/><U92/><E92/><V102/><F102/><W86/><G83/><T2/><D13/><U96/><E96/><V121/><F121/><W49/><G37/><T122/><D5/><U79/><E79/><V98/><F71/><W29/><G134/><N who="2" m="51241" /><F98/><W97/><G97/><T76/><REACH who="0" step="1"/><D122/><REACH who="0" ten="377,37,403,173" step="2"/><U28/><E6/><V120/><F120/><W94/><G67/><T110/><D110/><U10/><E10/><V38/><F38/><W81/><G66/><T124/><D124/><U34/><REACH who="1" step="1"/><E69/><REACH who="1" ten="377,27,403,173" step="2"/><V9/><F9/><W21/><G81/><T43/><D43/><AGARI ba="2,2" hai="26,28,32,34,35,43,47,50,51,52,56,59,60,64" machi="43" ten="30,7700,0" yaku="1,1,2,1,7,1,54,1,53,0" doraHai="128" doraHaiUra="91" who="1" fromWho="0" sc="377,-83,27,103,403,0,173,0" /><INIT seed="3,0,0,0,4,126" ten="294,130,403,173" oya="3" hai0="48,25,123,29,89,30,6,134,60,102,120,93,72" hai1="129,74,43,106,4,61,67,96,10,46,14,125,71" hai2="35,37,22,87,108,15,75,59,124,116,121,47,127" hai3="111,19,119,57,99,18,88,103,118,39,112,12,113"/><W45/><G111/><T56/><D72/><U55/><E125/><N who="2" m="48203" /><F116/><W69/><G69/><T84/><D134/><U44/><E44/><V41/><F108/><W9/><G18/><T13/><D102/><U50/><E74/><V114/><F35/><W32/><G32/><T79/><D79/><U11/><E11/><V92/><F121/><W64/><G39/><T90/><D48/><U128/><E106/><V8/><F22/><W115/><G45/><T135/><D135/><U33/><E33/><V62/><F75/><W40/><G40/><T83/><D13/><U68/><E96/><V104/><F104/><W17/><G17/><T133/><D6/><U34/><E34/><V101/><F114/><W42/><G42/><T122/><D133/><U3/><E3/><V81/><F92/><W107/><REACH who="3" step="1"/><G88/><REACH who="3" ten="294,130,403,163" step="2"/><T117/><D117/><U131/><E71/><V82/><F101/><W28/><G28/><T54/><D25/><U27/><E43/><V58/><F59/><W5/><G5/><T109/><D109/><U98/><E98/><V130/><F130/><W0/><G0/><T86/><AGARI ba="0,1" hai="29,30,54,56,60,83,84,86,89,90,93,120,122,123" machi="86" ten="40,1500,0" yaku="0,1" doraHai="126" who="0" fromWho="0" sc="294,25,130,-4,403,-4,163,-7" owari="319,12.0,126,-37.0,399,49.0,156,-24.0" /></mjloggm>