<mjloggm ver="2.3"><GO type="169" lobby="0"/><UN n0="%61%6B%69%21%21%21" n1="%74%61%6E%69%6D%6F%40" n2="%E3%82%A6%E3%83%AB%E3%83%88%E3%83%A9%E7%AB%8B%E7%9B%B4" n3="%E3%81%82%E3%81%B2%E3%82%8B%E3%81%95%E3%82%93" dan="17,17,17,16" rate="2189.20,2176.20,2157.70,2033.04" sx="M,M,M,M"/><TAIKYOKU oya="0"/><INIT seed="0,0,0,2,2,4" ten="250,250,250,250" oya="0" hai0="25,45,5,57,83,23,106,6,68,13,20,28,47" hai1="125,109,105,72,75,121,134,129,122,3,133,96,34" hai2="15,127,48,18,63,66,118,81,0,70,37,36,97" hai3="31,30,90,103,56,26,33,52,16,82,76,91,32"/><T64/><D68/><U113/><E96/><V7/><F127/><W49/><G103/><T119/><D106/><U44/><E75/><V10/><F118/><W11/><G31/><T88/><D119/><U9/><E122/><V116/><F116/><W124/><G33/><T114/><D114/><U19/><E44/><N who="0" m="16969" /><D20/><U46/><E46/><V65/><F48/><W22/><G124/><T60/><D13/><U100/><E100/><V108/><F108/><W8/><G91/><T40/><D40/><U67/><E67/><V107/><F66/><W53/><G90/><T132/><D132/><U112/><E19/><V74/><F107/><W95/><G95/><T110/><D110/><U86/><E86/><AGARI ba="0,0" hai="5,6,23,25,28,57,60,64,83,86,88" m="16969" machi="86" ten="30,2900,0" yaku="8,1,54,1" doraHai="4" who="0" fromWho="1" sc="250,29,250,-29,250,0,250,0" /><INIT seed="0,1,0,1,5,39" ten="279,221,250,250" oya="0" hai0="129,81,24,53,44,104,69,12,132,99,15,35,50" hai1="26,120,10,113,125,40,84,96,128,83,61,30,48" hai2="66,75,22,0,43,87,6,126,56,133,70,101,37" hai3="135,107,127,13,91,121,88,54,114,93,16,103,65"/><T117/><D117/><U3/><E120/><V38/><F75/><W28/><G114/><T112/><D112/><U17/><E113/><V36/><F6/><W77/><G135/><T34/><D34/><U21/><E125/><V118/><F0/><W47/><G127/><T60/><D129/><U49/><E128/><V4/><F4/><W64/><G121/><T97/><D97/><U92/><E61/><V19/><F126/><W46/><G107/><T42/><D81/><U8/><E3/><V123/><F123/><W115/><G115/><T111/><D132/><U85/><E85/><V52/><F133/><W110/><G110/><T108/><D24/><U79/><E30/><V41/><F118/><W68/><G77/><T1/><D35/><U105/><E105/><V131/><F131/><W58/><G28/><T71/><D1/><U100/><REACH who="1" step="1"/><E49/><REACH who="1" ten="279,211,250,250" step="2"/><V67/><F87/><W134/><G134/><T33/><D104/><U73/><E73/><V25/><F38/><W55/><G68/><T57/><D71/><U51/><E51/><N who="2" m="30751" /><F37/><W20/><G65/><N who="2" m="24585" /><F36/><W5/><G64/><T29/><D69/><U109/><E109/><V76/><F70/><W32/><G32/><T80/><D29/><U62/><E62/><V78/><F101/><W124/><G103/><T18/><D33/><U11/><E11/><V23/><F23/><W94/><G124/><T2/><D111/><U90/><E90/><V102/><F102/><W45/><G88/><T98/><D2/><U9/><E9/><V86/><F86/><W27/><G91/><T82/><D108/><U122/><E122/><RYUUKYOKU ba="1,1" sc="279,-15,211,15,250,15,250,-15" hai1="8,10,17,21,26,40,48,79,83,84,92,96,100" hai2="19,22,25,41,43,76,78" /><INIT seed="1,2,1,2,5,69" ten="264,226,265,235" oya="1" hai0="8,39,79,34,82,101,122,103,64,54,46,44,81" hai1="13,133,31,28,113,18,14,99,60,112,9,53,102" hai2="129,134,12,10,40,93,121,26,125,96,21,43,36" hai3="47,89,78,42,4,68,71,116,77,120,16,65,118"/><U126/><E133/><V48/><F121/><W119/><G120/><T17/><D34/><U74/><E74/><V29/><F134/><W130/><G4/><T56/><D64/><U0/><E126/><V63/><F125/><W7/><G7/><T85/><D122/><U92/><E0/><V27/><F129/><W35/><G35/><T19/><D39/><U100/><E100/><V52/><F27/><W5/><G5/><T37/><D37/><U91/><E113/><V95/><F63/><N who="3" m="39999" /><G71/><T97/><D82/><U76/><E76/><V83/><F83/><W62/><G62/><T50/><D103/><U98/><E13/><V107/><F36/><N who="3" m="21959" /><G130/><T80/><D80/><U3/><E3/><V67/><F67/><W33/><G33/><T24/><D19/><U110/><E110/><V20/><F20/><W73/><G73/><T75/><D75/><U114/><E112/><V23/><F23/><W6/><G6/><T105/><D24/><U117/><E117/><V123/><F123/><W132/><G132/><T106/><D46/><U38/><E38/><V128/><F128/><W131/><G131/><T127/><D44/><U111/><E111/><V104/><F43/><W15/><G89/><T86/><D86/><U108/><E108/><V30/><F40/><W66/><G66/><T45/><D45/><U94/><E114/><V1/><F1/><W2/><G2/><T51/><D127/><U115/><E115/><V11/><F12/><W87/><G87/><T57/><D50/><U58/><AGARI ba="2,1" hai="9,14,18,28,31,53,58,60,91,92,94,98,99,102" machi="58" ten="30,3000,0" yaku="0,1,8,1" doraHai="69" who="1" fromWho="1" sc="264,-12,226,46,265,-12,235,-12" /><INIT seed="1,3,0,2,3,60" ten="252,272,253,223" oya="1" hai0="78,38,72,114,31,28,132,3,116,55,44,94,80" hai1="129,18,14,134,1,4,88,69,66,62,11,10,20" hai2="83,84,29,36,97,5,91,49,104,76,61,110,16" hai3="107,109,47,100,127,39,40,77,33,93,43,119,54"/><U67/><E129/><V122/><F36/><W126/><G33/><T35/><D114/><U85/><E134/><V63/><F122/><W6/><G107/><T7/><D116/><U0/><E67/><V135/><F5/><W8/><G43/><N who="0" m="22647" /><D35/><U32/><E32/><V73/><F29/><W103/><G109/><T124/><D124/><U70/><E70/><V58/><F110/><W92/><G119/><T86/><D55/><U120/><E120/><V37/><F37/><W13/><G77/><T111/><D132/><U115/><E115/><V125/><F125/><N who="3" m="47627" /><G54/><T106/><D106/><U131/><E131/><V2/><F2/><W24/><G24/><T22/><D22/><U123/><E123/><V41/><F135/><W64/><G93/><T105/><D105/><U21/><E1/><V53/><F41/><W79/><G79/><T65/><D111/><U23/><E20/><V46/><F46/><W56/><G92/><AGARI ba="3,0" hai="0,4,10,11,14,18,21,23,62,66,69,85,88,92" machi="92" ten="30,5800,0" yaku="7,1,52,1,54,1" doraHai="60" who="1" fromWho="3" sc="252,0,272,67,253,0,223,-67" /><INIT seed="1,4,0,3,3,48" ten="252,339,253,156" oya="1" hai0="24,91,64,22,106,83,119,97,107,62,4,76,80" hai1="118,37,73,74,17,39,46,15,126,82,67,101,19" hai2="13,94,59,113,87,114,51,135,121,66,95,72,130" hai3="36,43,34,89,32,52,134,58,78,69,102,21,132"/><U61/><E118/><V47/><F72/><W38/><G69/><T96/><D119/><U90/><E126/><V68/><F121/><W116/><G116/><T125/><D4/><U120/><E120/><V103/><F130/><W71/><G71/><T131/><D131/><U23/><E101/><V123/><F123/><W55/><G78/><T44/><D125/><U14/><E73/><V6/><F135/><N who="3" m="51755" /><G102/><T11/><D11/><U42/><E39/><N who="3" m="14890" /><G43/><T112/><D76/><U117/><E117/><V35/><F35/><N who="3" m="13355" /><G58/><T33/><D33/><U50/><E37/><V104/><F68/><W57/><G57/><T79/><D79/><U30/><E30/><V133/><F133/><W100/><G100/><T75/><D75/><U109/><E74/><V108/><F103/><W27/><G89/><T45/><D91/><U9/><E90/><V65/><F59/><W1/><G1/><T41/><D41/><U54/><E82/><V86/><F104/><W7/><G7/><T16/><D83/><U128/><E128/><V3/><F3/><W63/><G63/><T127/><D80/><U60/><E67/><V81/><F66/><W105/><G105/><T25/><D64/><U2/><E2/><V92/><F65/><W40/><G40/><T88/><D127/><U77/><E77/><V115/><F81/><W20/><G20/><T10/><D107/><U26/><E42/><N who="2" m="25079" /><F6/><W111/><G111/><T84/><D106/><U28/><E109/><V99/><F108/><W18/><AGARI ba="4,0" hai="18,21,27,52,55" m="13355,14890,51755" machi="18" ten="40,8000,1" yaku="20,1,52,2,54,1" doraHai="48" who="3" fromWho="3" sc="252,-24,339,-44,253,-24,156,92" /><INIT seed="2,0,0,1,1,32" ten="228,295,229,248" oya="2" hai0="35,67,28,102,60,54,50,118,17,101,64,132,39" hai1="93,34,74,75,5,94,114,16,72,100,92,112,128" hai2="84,131,125,110,122,47,80,129,26,95,71,61,59" hai3="40,73,133,81,63,104,124,2,126,48,21,24,127"/><V123/><F71/><W96/><G133/><T20/><D39/><U62/><E34/><V130/><F125/><W14/><G14/><T115/><D115/><U90/><E128/><V77/><F110/><W13/><G13/><T58/><D132/><U1/><E100/><V43/><F26/><W53/><G40/><T119/><D28/><U69/><E90/><V4/><F4/><W99/><G63/><T56/><D67/><U31/><E31/><V108/><F108/><W76/><G104/><T46/><D35/><U86/><E86/><V8/><F8/><W51/><G2/><T12/><REACH who="0" step="1"/><D46/><REACH who="0" ten="218,295,229,248" step="2"/><U38/><E38/><N who="2" m="22007" /><F95/><W116/><G126/><T37/><D37/><U78/><E94/><V111/><F111/><W88/><G127/><T0/><D0/><U65/><E93/><V113/><F113/><W82/><G124/><T23/><D23/><U44/><E92/><V52/><AGARI ba="0,1" hai="52,59,61,77,80,84,122,123,129,130,131" m="22007" machi="52" ten="30,3000,0" yaku="19,1,54,1" doraHai="32" who="2" fromWho="2" sc="218,-10,295,-10,229,40,248,-10" /><INIT seed="2,1,0,4,2,19" ten="208,285,269,238" oya="2" hai0="35,81,52,40,129,3,18,60,0,64,121,133,41" hai1="13,106,123,128,103,16,84,54,34,113,92,117,70" hai2="33,120,100,44,5,11,99,132,49,79,12,87,69" hai3="59,94,130,111,102,23,86,65,135,4,67,28,93"/><V1/><F120/><W91/><G111/><T71/><D121/><U63/><E123/><V89/><F69/><W116/><G116/><T14/><D35/><U38/><E117/><V46/><F132/><W80/><G130/><T45/><D129/><U134/><E128/><V88/><F33/><W105/><G135/><T107/><D107/><U48/><E38/><V76/><F1/><W126/><G126/><T27/><D133/><U53/><E34/><V73/><F73/><W119/><G119/><T110/><D110/><U85/><E113/><V37/><F37/><W43/><G105/><T109/><D109/><U131/><E106/><V122/><F122/><W118/><G118/><T66/><D66/><U22/><E131/><V75/><F75/><W8/><G43/><T124/><D27/><U30/><E30/><V29/><F29/><W42/><G42/><T127/><D81/><U10/><E10/><V50/><F50/><W72/><G72/><T55/><D41/><U104/><E104/><V83/><F76/><W36/><G36/><N who="0" m="21639" /><D0/><U39/><E39/><V7/><F7/><W95/><G102/><T26/><D3/><U61/><E70/><V112/><F112/><W51/><G4/><T2/><D2/><U56/><E134/><V32/><F32/><W101/><G101/><T9/><D26/><U31/><E31/><V25/><F25/><N who="3" m="16447" /><G8/><T114/><D114/><U90/><E103/><V77/><F100/><W58/><G58/><T20/><D9/><U15/><E15/><V96/><F46/><W21/><G21/><T57/><D71/><U108/><E108/><RYUUKYOKU ba="1,0" sc="208,15,285,-15,269,-15,238,15" hai0="14,18,20,52,55,57,60,64,124,127" hai3="51,59,65,67,80,86,91,93,94,95" /><INIT seed="3,2,0,0,1,93" ten="223,270,254,253" oya="3" hai0="77,71,56,44,6,82,34,48,17,118,62,65,104" hai1="39,18,76,87,75,122,66,99,73,133,125,23,1" hai2="134,10,129,35,12,29,101,132,74,50,67,52,119" hai3="130,26,47,116,113,95,86,57,68,128,115,49,25"/><W85/><G68/><T96/><D34/><U0/><E122/><V37/><F119/><W3/><G3/><T135/><D6/><U16/><E39/><V7/><F37/><W106/><G106/><T80/><D118/><U98/><E125/><V30/><F74/><W51/><G116/><T109/><D109/><U38/><E38/><V110/><F110/><W42/><G57/><T89/><D135/><N who="2" m="51754" /><F129/><W92/><G42/><T114/><D114/><U59/><E73/><V15/><F67/><W100/><G100/><T81/><D17/><U28/><E75/><V112/><F112/><W63/><G63/><T108/><D108/><U14/><E1/><N who="2" m="367" /><F101/><W72/><G72/><T103/><D77/><U90/><E76/><V64/><F64/><W78/><G78/><T127/><D127/><U69/><E69/><V46/><F30/><W107/><G107/><T13/><D71/><U53/><E66/><V9/><F9/><W60/><G60/><T97/><D103/><U121/><E28/><V40/><F40/><W5/><G5/><T31/><D31/><U94/><E0/><V24/><AGARI ba="2,0" hai="12,15,24,29,35,46,50,52" m="367,51754" machi="24" ten="30,2000,0" yaku="20,1,54,1" doraHai="93" who="2" fromWho="2" sc="223,-7,270,-7,254,26,253,-12" /><INIT seed="4,0,0,3,1,107" ten="216,263,280,241" oya="0" hai0="16,95,103,48,60,101,41,64,97,125,77,132,123" hai1="109,127,90,11,62,21,10,58,17,14,126,9,42" hai2="85,36,124,2,29,15,114,59,93,28,91,86,75" hai3="50,88,52,115,106,84,31,92,35,53,56,70,120"/><T98/><D123/><U100/><E109/><V113/><F2/><W80/><G106/><T47/><D125/><N who="1" m="47627" /><E100/><V5/><F124/><W69/><G115/><N who="2" m="44041" /><F36/><W57/><G120/><T135/><D77/><U111/><E111/><V34/><F59/><W110/><G110/><T46/><D46/><U26/><E42/><V99/><F75/><W37/><G37/><T3/><D3/><U117/><E117/><V89/><F34/><W87/><G35/><T27/><D98/><U22/><E90/><V19/><F5/><W25/><G31/><N who="2" m="11849" /><F91/><W79/><REACH who="3" step="1"/><G25/><REACH who="3" ten="216,263,280,231" step="2"/><T49/><D27/><U8/><E26/><V133/><F133/><W54/><G54/><AGARI ba="0,1" hai="8,9,10,11,14,17,21,22,54,58,62" m="47627" machi="54" ten="30,1000,0" yaku="18,1" doraHai="107" who="1" fromWho="3" sc="216,0,263,20,280,0,231,-10" /><INIT seed="5,0,0,3,5,50" ten="216,283,280,221" oya="1" hai0="70,31,86,69,45,48,41,4,28,61,51,44,42" hai1="66,29,76,64,81,116,26,105,100,68,13,115,21" hai2="25,135,103,84,80,40,34,122,134,89,104,113,85" hai3="133,72,43,65,10,15,99,19,5,0,46,8,87"/><U53/><E116/><V57/><F122/><W74/><G133/><N who="2" m="50697" /><F40/><W107/><G65/><T58/><D4/><U128/><E115/><V1/><F1/><W112/><G112/><T83/><D70/><U91/><E128/><V98/><F113/><W108/><G108/><T23/><D23/><U55/><E105/><V18/><F57/><W121/><G121/><T37/><D69/><U119/><E100/><V39/><F39/><W52/><G43/><T118/><D118/><U126/><E119/><V9/><F85/><W36/><G36/><T125/><D125/><U49/><E126/><V47/><F47/><W14/><G0/><T20/><D20/><U95/><E13/><N who="2" m="7471" /><F25/><W123/><G123/><T109/><D109/><U96/><E68/><V35/><AGARI ba="0,0" hai="34,35,80,84,89,98,103,104" m="7471,50697" machi="35" ten="30,1100,0" yaku="20,1" doraHai="50" who="2" fromWho="2" sc="216,-3,283,-5,280,11,221,-3" /><INIT seed="6,0,0,0,5,135" ten="213,278,291,218" oya="2" hai0="122,76,94,33,42,47,60,107,4,96,63,7,55" hai1="34,37,15,125,23,100,39,102,118,3,78,83,64" hai2="17,51,81,127,65,88,117,21,27,103,132,68,44" hai3="70,67,24,82,120,72,74,22,92,62,110,87,90"/><V95/><F117/><W130/><G110/><T59/><D107/><U128/><E118/><V43/><F132/><W80/><G120/><T45/><D122/><U26/><E3/><V28/><F68/><W9/><G130/><T84/><D33/><U108/><E108/><V13/><F65/><W49/><G74/><T6/><D63/><U71/><E128/><V46/><F46/><W124/><G9/><T18/><D18/><U115/><E115/><V5/><F5/><W79/><G49/><T89/><REACH who="0" step="1"/><D42/><REACH who="0" ten="203,278,291,218" step="2"/><U75/><E34/><V61/><F61/><W52/><G52/><T73/><D73/><U41/><E41/><V56/><F17/><W30/><REACH who="3" step="1"/><G80/><AGARI ba="0,1" hai="4,6,7,45,47,55,59,60,76,80,84,89,94,96" machi="80" ten="40,2600,0" yaku="1,1,8,1,53,0" doraHai="135" doraHaiUra="36" who="0" fromWho="3" sc="203,36,278,0,291,0,218,-26" /><INIT seed="7,0,0,3,4,74" ten="239,278,291,192" oya="3" hai0="105,31,48,111,128,104,73,99,134,0,57,33,45" hai1="86,12,107,83,80,84,23,125,29,87,56,7,112" hai2="2,102,19,97,35,52,129,120,100,62,126,132,17" hai3="122,30,58,16,92,5,95,60,34,50,115,64,38"/><W22/><G38/><T130/><D0/><U89/><E107/><V93/><F35/><W21/><G122/><T116/><D111/><U106/><E106/><V36/><F2/><W66/><G115/><T28/><D116/><U11/><E125/><V114/><F36/><W32/><G5/><T27/><D134/><U46/><E112/><V133/><F114/><W98/><G95/><T78/><D31/><U81/><E46/><V8/><F126/><W121/><G121/><T20/><D57/><U26/><REACH who="1" step="1"/><E56/><REACH who="1" ten="239,268,291,192" step="2"/><N who="2" m="35079" /><F120/><W131/><G131/><T14/><D45/><U85/><AGARI ba="0,1" hai="7,11,12,23,26,29,80,81,83,84,85,86,87,89" machi="85" ten="30,12000,2" yaku="1,1,0,1,8,1,53,4" doraHai="74" doraHaiUra="82" who="1" fromWho="1" sc="239,-30,268,130,291,-30,192,-60" owari="209,-19.0,398,50.0,261,6.0,132,-37.0" /></mjloggm>