<mjloggm ver="2.3"><GO type="97" lobby="0"/><UN n0="%E3%83%88%E3%83%88%E3%83%AA%E5%85%88%E7%94%9F%31%39%E6%AD%B3" n1="%E5%A1%9A%E6%9C%AC%E8%91%89%E5%AD%90" n2="%41%55%52%4F%52%41" n3="%65%62%69%6F%73%75" dan="13,15,14,15" rate="1985.09,1953.05,1937.56,1937.71" sx="F,F,M,M"/><TAIKYOKU oya="0"/><INIT seed="0,0,0,3,4,58" ten="250,250,250,250" oya="0" hai0="118,98,63,38,101,42,113,91,26,56,124,65,3" hai1="89,70,86,76,32,15,12,102,5,35,112,94,79" hai2="53,14,36,4,37,50,29,127,96,34,52,25,7" hai3="6,31,126,88,90,97,71,54,78,20,28,75,0"/><T21/><D113/><U133/><E133/><V67/><F127/><W123/><G71/><T27/><D118/><U60/><E32/><V119/><F119/><W68/><G126/><T69/><D124/><U103/><E35/><V55/><F96/><W128/><G68/><T108/><D3/><U132/><E132/><V1/><F1/><W23/><G54/><T121/><D121/><U116/><E116/><V73/><F73/><W111/><G0/><T115/><D115/><U49/><E49/><V131/><F131/><W110/><G78/><N who="1" m="29738" /><E70/><V17/><F50/><W10/><G10/><T95/><D108/><N who="3" m="41513" /><G6/><T117/><D117/><U81/><E112/><V47/><F47/><W87/><G75/><T2/><D2/><U129/><E129/><V125/><F125/><W46/><G128/><T30/><D69/><U72/><E5/><V100/><F100/><W66/><G123/><T130/><D130/><U77/><E102/><V99/><F99/><W22/><G46/><T105/><D26/><U83/><E103/><V39/><REACH who="2" step="1"/><F67/><REACH who="2" ten="250,250,240,250" step="2"/><W45/><G66/><T9/><D105/><U82/><E72/><V57/><F57/><W85/><G45/><T61/><D56/><U92/><E86/><N who="3" m="32778" /><G97/><T62/><D65/><U40/><E40/><V16/><F16/><W122/><G122/><T18/><D101/><U104/><E104/><V114/><F114/><W11/><G11/><AGARI ba="0,1" hai="4,7,11,14,17,25,29,34,36,37,39,52,53,55" machi="11" ten="50,3200,0" yaku="1,1,54,1,53,0" doraHai="58" doraHaiUra="84" who="2" fromWho="3" sc="250,0,250,0,240,42,250,-32" /><INIT seed="1,0,0,5,0,30" ten="250,250,282,218" oya="1" hai0="26,129,107,112,120,25,66,117,0,63,52,95,123" hai1="32,19,9,61,64,91,55,59,93,92,2,130,68" hai2="79,6,69,99,103,71,47,54,121,113,135,57,75" hai3="108,89,65,21,100,35,104,23,110,73,13,119,50"/><U125/><E125/><V83/><F121/><N who="0" m="46666" /><D0/><U49/><E130/><V133/><F113/><W102/><G50/><T33/><D107/><U94/><E32/><V20/><F6/><W17/><G65/><T72/><D112/><U43/><E43/><V24/><F47/><W78/><G89/><T53/><D117/><U62/><E2/><V34/><F99/><W85/><G85/><T128/><D72/><U127/><E127/><V116/><F116/><W118/><G17/><T45/><D95/><U16/><E9/><V106/><F106/><W131/><G13/><T4/><D4/><U29/><E29/><N who="2" m="19751" /><F20/><W27/><G104/><T41/><D26/><U96/><E94/><V101/><F101/><W86/><G27/><T38/><D25/><U126/><E126/><V5/><F103/><W122/><G122/><T88/><D88/><U84/><REACH who="1" step="1"/><E62/><REACH who="1" ten="250,240,282,218" step="2"/><N who="2" m="36151" /><F5/><W56/><G118/><T58/><D33/><U42/><E42/><V80/><F80/><W132/><G35/><T11/><D11/><U18/><E18/><V67/><F67/><W90/><G119/><T109/><D109/><U124/><E124/><V31/><F31/><W115/><G108/><T7/><D7/><U48/><E48/><V3/><F3/><W97/><G110/><T15/><D129/><U98/><E98/><V70/><F133/><W46/><G132/><T12/><D128/><U134/><E134/><V81/><F81/><W74/><G131/><T111/><D111/><U39/><E39/><V36/><F36/><W76/><G97/><T40/><D40/><U10/><E10/><V77/><F135/><RYUUKYOKU ba="0,1" sc="250,10,240,10,282,10,218,-30" hai0="12,15,38,41,45,52,53,58,63,66" hai1="16,19,49,55,59,61,64,68,84,91,92,93,96" hai2="69,70,71,75,77,79,83" /><INIT seed="1,1,1,5,4,108" ten="260,250,292,188" oya="1" hai0="74,102,78,130,4,89,1,44,77,131,56,37,92" hai1="103,129,68,7,48,73,27,115,15,20,62,16,80" hai2="60,99,34,8,105,86,63,134,132,54,65,83,91" hai3="47,133,107,61,21,42,51,111,38,114,41,19,23"/><U71/><E115/><V11/><F34/><W49/><G107/><T35/><D35/><U120/><E120/><V28/><F28/><W104/><G104/><T52/><D102/><U69/><E129/><N who="0" m="49161" /><D74/><U0/><E0/><V55/><F105/><W113/><G19/><T18/><D18/><U25/><E103/><V9/><F99/><W126/><G111/><T14/><D1/><U6/><E62/><V88/><F91/><W116/><G61/><N who="0" m="35975" /><D4/><U117/><E117/><V24/><F63/><W106/><G106/><T96/><D14/><U58/><E6/><V50/><F24/><W125/><G47/><T118/><D118/><U119/><E119/><V40/><F40/><AGARI ba="1,1" hai="37,40,44,77,78,89,92,96" m="35975,49161" machi="40" ten="30,2000,0" yaku="19,1,54,1" doraHai="108" who="0" fromWho="2" sc="260,33,250,0,292,-23,188,0" /><INIT seed="2,0,0,0,3,9" ten="293,250,269,188" oya="2" hai0="75,26,4,77,54,86,125,134,92,45,118,127,109" hai1="132,68,7,98,35,61,42,37,51,126,80,16,40" hai2="10,90,103,28,62,102,38,48,93,120,76,135,0" hai3="128,22,36,91,33,67,49,66,94,124,70,20,114"/><V1/><F120/><W108/><G36/><T104/><D104/><U11/><E37/><V113/><F113/><W60/><G33/><T65/><D109/><U58/><E35/><V85/><F38/><W39/><G39/><T21/><D75/><U99/><E68/><V122/><F122/><W105/><G105/><T88/><D134/><U30/><E30/><V97/><F135/><W89/><G108/><T73/><D118/><U24/><E132/><V117/><F117/><W8/><G114/><T107/><D107/><U44/><E40/><V41/><F28/><W14/><G124/><N who="0" m="47691" /><D65/><U95/><E126/><V17/><F62/><W123/><G128/><T78/><D73/><U18/><E80/><N who="2" m="47239" /><F1/><W15/><G123/><T100/><D100/><U6/><E98/><V29/><F29/><W112/><G112/><T106/><D106/><U12/><E7/><V43/><F0/><W74/><G67/><T82/><D82/><U53/><E24/><V96/><F96/><W83/><G83/><T111/><D111/><U81/><E81/><V72/><F72/><W31/><G74/><T63/><D4/><U71/><E71/><V101/><F48/><W133/><G49/><N who="0" m="28975" /><D63/><U34/><E34/><V25/><F25/><W2/><G2/><T57/><D78/><U116/><E116/><V129/><F129/><W59/><G70/><T50/><D77/><U115/><E115/><V46/><F46/><W5/><G66/><T69/><D69/><U27/><E27/><V84/><F84/><W56/><G60/><T52/><D26/><U32/><E32/><V47/><F47/><RYUUKYOKU ba="0,0" sc="293,10,250,10,269,10,188,-30" hai0="21,50,52,57,86,88,92" hai1="6,11,12,16,18,42,44,51,53,58,61,95,99" hai2="10,17,41,43,90,93,97,101,102,103" /><INIT seed="2,1,0,3,4,45" ten="303,260,279,158" oya="2" hai0="5,17,60,69,14,2,98,91,56,65,113,13,117" hai1="86,59,48,134,25,23,71,33,119,108,26,4,35" hai2="125,43,128,132,99,22,115,54,49,90,10,58,29" hai3="38,73,109,41,3,131,46,88,34,105,57,76,89"/><V20/><F115/><W75/><G57/><T133/><D113/><U126/><E71/><V111/><F128/><W28/><G89/><T53/><D133/><U129/><E119/><V44/><F132/><W74/><G88/><T7/><D117/><U15/><E134/><V121/><F121/><W50/><G131/><T124/><D124/><U9/><E126/><V30/><F125/><W72/><G109/><T31/><D2/><U78/><E108/><V135/><F135/><W11/><G50/><T102/><D31/><N who="2" m="11786" /><F111/><W66/><G66/><T32/><D91/><U85/><E129/><V1/><F1/><W97/><G76/><T40/><D40/><U107/><E107/><V101/><F10/><W127/><G127/><T77/><D77/><U79/><E33/><V64/><F101/><W8/><N who="3" m="18944" /><DORA hai="68" /><W62/><G62/><T100/><D32/><U87/><E35/><V37/><F90/><W61/><G61/><T55/><D14/><U0/><E0/><V94/><F37/><W118/><G118/><T104/><D100/><U83/><E78/><V27/><F27/><N who="1" m="10249" /><E23/><N who="2" m="8747" /><F43/><W84/><G41/><T47/><D69/><U16/><E4/><V92/><F99/><W21/><G3/><T6/><D98/><U70/><E70/><V103/><F103/><W12/><G34/><T95/><D102/><U81/><E79/><V19/><F19/><W82/><G38/><T106/><D17/><U120/><E120/><V63/><AGARI ba="1,0" hai="44,49,54,58,63,64,92,94" m="8747,11786" machi="63" ten="30,3000,0" yaku="8,1,52,1" doraHai="45,68" who="2" fromWho="2" sc="303,-11,260,-11,279,33,158,-11" /><INIT seed="2,2,0,3,3,62" ten="292,249,312,147" oya="2" hai0="25,122,17,58,29,34,55,67,15,0,57,30,75" hai1="106,98,26,38,91,18,6,51,105,130,118,120,45" hai2="104,99,39,112,113,115,107,110,88,3,90,131,35" hai3="33,128,19,40,16,93,48,126,92,8,21,28,125"/><V73/><F3/><W60/><G33/><T116/><D122/><U84/><E118/><V11/><F11/><W74/><G74/><T134/><D75/><U9/><E38/><V102/><F39/><W123/><G123/><T129/><D0/><U53/><E130/><V100/><F35/><W31/><G8/><T119/><D129/><U80/><E120/><V94/><F131/><W46/><G128/><T97/><D134/><U81/><E98/><N who="2" m="61463" /><F73/><W72/><G72/><T42/><D42/><U95/><E81/><V54/><F54/><W20/><G60/><N who="0" m="38295" /><D97/><U135/><E135/><V103/><F110/><W127/><G92/><T56/><D30/><U66/><E95/><N who="2" m="56807" /><F107/><W124/><N who="3" m="32256" /><DORA hai="68" /><W47/><G93/><T23/><D55/><U101/><E101/><V36/><F36/><W52/><G21/><T82/><D82/><U78/><E78/><V4/><F4/><W7/><G7/><T86/><D86/><AGARI ba="2,0" hai="86,90,94,102,103,112,113,115" m="56807,61463" machi="86" ten="30,5800,0" yaku="34,2,54,1" doraHai="62,68" who="2" fromWho="0" sc="292,-64,249,0,312,64,147,0" /><INIT seed="2,3,0,0,3,49" ten="228,249,376,147" oya="2" hai0="71,57,75,8,86,63,79,38,78,42,125,26,103" hai1="31,53,5,51,2,94,55,113,81,69,73,85,132" hai2="25,17,36,66,21,34,76,82,9,116,15,121,93" hai3="40,16,6,130,7,123,4,3,45,50,18,74,89"/><V68/><F116/><W126/><G123/><T107/><D71/><U128/><E113/><V61/><F121/><W24/><G74/><T122/><D75/><U106/><E106/><V62/><F36/><W87/><G87/><T102/><D122/><U32/><E69/><V52/><F93/><W39/><G130/><T12/><D125/><U22/><E32/><V44/><F34/><W111/><G126/><T101/><D107/><U99/><E73/><V48/><F62/><W92/><G111/><T91/><D26/><N who="1" m="16855" /><E2/><V58/><F68/><W135/><G135/><T104/><D42/><U108/><E108/><V112/><F112/><W29/><G39/><T88/><D104/><U10/><E132/><V64/><F82/><W115/><G3/><T23/><D23/><U114/><E114/><V100/><F100/><W131/><G131/><T20/><D20/><U97/><E128/><V65/><F76/><N who="0" m="29226" /><D86/><U43/><E10/><V134/><F134/><W117/><G117/><T47/><D47/><N who="1" m="26111" /><E5/><AGARI ba="3,0" hai="5,9,15,17,21,25,44,48,52,58,61,64,65,66" machi="5" ten="30,11600,0" yaku="7,1,8,1,52,1,54,1" doraHai="49" who="2" fromWho="1" sc="228,0,249,-125,376,125,147,0" /><INIT seed="2,4,0,0,4,105" ten="228,124,501,147" oya="2" hai0="118,97,124,61,55,88,63,53,40,95,22,59,132" hai1="70,11,111,100,73,38,9,94,117,103,121,33,83" hai2="84,8,47,57,46,80,126,66,50,76,68,3,15" hai3="43,107,23,2,35,130,122,92,110,39,44,128,4"/><V79/><F126/><W34/><G110/><T5/><D124/><U51/><E117/><V129/><F129/><N who="3" m="49771" /><G107/><T102/><D118/><U86/><E38/><V116/><F116/><W14/><G122/><T45/><D132/><U1/><E70/><V133/><F133/><W27/><G2/><T74/><D74/><U67/><E33/><V52/><F3/><W10/><G92/><N who="0" m="58663" /><D5/><U113/><E113/><V77/><F68/><W89/><G89/><T81/><D81/><U58/><E111/><V25/><F25/><W24/><G24/><T30/><D40/><U119/><E119/><V104/><F104/><W123/><G123/><T106/><D106/><U18/><E73/><V82/><F66/><W99/><G99/><N who="0" m="57831" /><D45/><N who="2" m="16906" /><F80/><W87/><G87/><T36/><D36/><U75/><E75/><V78/><F78/><W96/><G96/><T20/><D30/><AGARI ba="4,0" hai="4,10,14,23,27,30,34,35,39,43,44" m="49771" machi="30" ten="30,1000,0" yaku="19,1" doraHai="105" who="3" fromWho="0" sc="228,-22,124,0,501,0,147,22" /><INIT seed="3,0,0,0,4,101" ten="206,124,501,169" oya="3" hai0="36,19,130,64,73,26,29,25,97,17,27,12,56" hai1="54,22,28,41,123,11,72,96,4,68,135,89,48" hai2="107,18,40,134,90,129,23,102,61,117,15,1,35" hai3="100,50,7,24,2,131,34,114,51,52,112,111,39"/><W33/><G39/><T5/><D73/><U9/><E123/><V60/><F117/><W113/><G100/><T105/><D36/><U14/><E72/><V16/><F1/><W44/><G131/><T79/><D130/><U88/><E68/><V59/><F35/><W70/><G70/><T43/><D43/><U121/><E121/><V3/><F3/><W47/><G24/><T124/><D124/><U45/><E135/><V10/><F134/><W84/><G84/><T118/><D118/><U71/><E71/><V103/><F107/><W38/><G38/><T42/><D42/><U92/><E11/><V65/><F40/><W55/><G111/><T37/><D37/><U83/><E41/><V122/><F122/><W66/><G66/><T95/><D105/><U13/><E28/><V125/><F125/><W57/><G57/><T6/><D79/><U58/><E45/><V53/><F90/><W133/><G133/><T46/><D46/><U49/><E49/><V31/><F31/><W69/><G69/><T20/><D19/><U126/><E126/><V132/><F129/><W87/><G87/><T120/><D29/><U106/><E106/><V80/><F80/><W62/><G62/><N who="0" m="37959" /><D120/><U91/><REACH who="1" step="1"/><E83/><REACH who="1" ten="206,114,501,169" step="2"/><V104/><F104/><W21/><G21/><T116/><D116/><U78/><E78/><V85/><F132/><W119/><G119/><T75/><D75/><U32/><E32/><V76/><F76/><W8/><AGARI ba="0,1" hai="2,7,8,33,34,44,47,50,51,52,55,112,113,114" machi="8" ten="40,7800,0" yaku="0,1,9,1,54,1" doraHai="101" who="3" fromWho="3" sc="206,-26,114,-26,501,-26,169,88" /><INIT seed="3,1,0,5,0,116" ten="180,88,475,257" oya="3" hai0="70,23,74,31,112,111,58,48,20,32,11,75,44" hai1="16,121,107,65,27,17,42,33,123,69,9,92,19" hai2="57,28,133,45,21,127,14,103,3,98,89,126,64" hai3="117,110,5,122,36,7,76,102,39,134,66,62,91"/><W90/><G117/><T63/><D70/><U114/><E107/><V113/><F113/><W60/><G76/><T129/><D112/><U83/><E42/><V41/><F3/><W56/><G102/><T51/><D111/><U55/><E83/><V73/><F73/><W104/><G56/><T15/><D129/><U24/><E65/><V99/><F133/><W100/><G100/><T12/><D32/><U82/><E82/><V109/><F109/><W96/><G96/><T115/><D115/><U97/><E69/><V124/><F89/><W18/><G18/><N who="1" m="7274" /><E55/><V71/><F71/><W47/><G110/><T38/><D38/><U118/><E92/><V43/><F14/><W10/><G47/><T119/><D58/><U106/><E97/><N who="2" m="36875" /><F45/><W29/><G66/><T52/><D44/><U85/><E85/><V40/><F103/><W37/><G104/><T93/><D93/><U13/><E106/><V30/><F21/><W95/><G95/><T0/><D119/><U49/><E49/><V61/><AGARI ba="1,0" hai="28,30,40,41,43,57,61,64,124,126,127" m="36875" machi="61" ten="40,1500,0" yaku="18,1" doraHai="116" who="2" fromWho="2" sc="180,-5,88,-5,475,18,257,-8" owari="175,-22.0,83,-42.0,493,59.0,249,5.0" /></mjloggm>