<mjloggm ver="2.3"><GO type="97" lobby="0"/><UN n0="%E5%B0%B1%E6%B4%BB%E7%94%9F%40%E5%B7%9D%E6%9D%91%E8%BB%8D%E5%9B%A3" n1="%53%65%6E%61%72" n2="%E5%85%83%E6%B0%97%E4%B8%80%E7%99%BA" n3="%E3%82%8A%E3%81%A3%E3%81%A1%E3%82%83%E3%82%93%E9%9A%8A%E5%93%A1" dan="16,15,13,14" rate="2082.27,1975.21,1916.06,1963.40" sx="M,M,M,F"/><TAIKYOKU oya="0"/><INIT seed="0,0,0,5,0,70" ten="250,250,250,250" oya="0" hai0="6,107,27,94,41,130,131,14,2,57,80,92,93" hai1="56,28,16,97,24,120,26,104,39,82,100,62,91" hai2="72,126,134,95,61,117,37,51,32,90,106,40,66" hai3="74,133,110,20,21,88,15,102,122,75,36,71,78"/><T69/><D69/><U29/><E120/><V42/><F72/><W52/><G122/><T84/><D2/><U89/><E39/><V10/><F106/><W127/><G71/><T109/><D107/><U118/><E118/><V96/><F32/><W31/><G36/><T46/><D27/><U67/><E82/><V83/><F117/><W86/><G110/><T114/><D114/><U64/><E64/><V35/><F35/><W112/><G102/><T48/><D57/><U81/><E26/><V17/><F37/><W63/><G133/><T19/><D109/><U22/><REACH who="1" step="1"/><E81/><REACH who="1" ten="250,240,250,250" step="2"/><V105/><F83/><W116/><G116/><T12/><D6/><U79/><E79/><V123/><F123/><W103/><G78/><T125/><D125/><U85/><E85/><V68/><F126/><W13/><G86/><T53/><D84/><U113/><E113/><V45/><F134/><W77/><G77/><T38/><D80/><U87/><E87/><V30/><F66/><W65/><G65/><T43/><D38/><U98/><E98/><V55/><F96/><W1/><G127/><T60/><D130/><U50/><E50/><V4/><F51/><W135/><G135/><T49/><D131/><U11/><E11/><V58/><F10/><W54/><G112/><T129/><D129/><U18/><E18/><V25/><F17/><W47/><G74/><T73/><D73/><U128/><E128/><V9/><F25/><W115/><G75/><T3/><D19/><U124/><E124/><V119/><F119/><W33/><G115/><T59/><D3/><U101/><E101/><RYUUKYOKU ba="0,1" sc="250,15,240,15,250,-15,250,-15" hai0="12,14,41,43,46,48,49,53,59,60,92,93,94" hai1="16,22,24,28,29,56,62,67,89,91,97,100,104" /><INIT seed="0,1,1,2,4,49" ten="265,255,235,235" oya="0" hai0="76,35,13,45,52,25,123,109,121,110,70,50,93" hai1="83,118,75,11,47,22,27,94,112,7,111,34,97" hai2="102,126,134,89,55,127,107,124,73,51,61,20,114" hai3="69,86,100,56,24,133,63,105,67,30,78,125,12"/><T68/><D76/><U6/><E118/><V129/><F114/><W77/><G133/><T115/><D115/><U104/><E104/><V130/><F73/><W99/><G125/><T66/><D13/><U31/><E112/><V62/><F20/><W40/><G40/><T19/><D93/><U106/><E106/><V41/><F41/><W64/><G12/><T113/><D113/><U71/><E111/><N who="0" m="42505" /><D66/><U122/><E122/><N who="0" m="46601" /><D19/><U5/><E11/><V53/><F134/><W14/><G14/><T80/><D80/><U39/><E83/><V57/><F89/><W18/><G18/><T60/><D60/><N who="2" m="23146" /><F55/><W23/><G67/><T59/><D45/><U117/><E47/><V85/><F85/><W43/><G69/><T15/><D15/><U58/><E71/><V42/><F42/><W33/><G43/><T8/><D8/><U1/><E117/><V81/><F81/><W32/><G32/><T92/><D92/><U65/><E34/><V54/><F54/><W9/><G9/><T82/><D82/><U98/><E94/><V108/><F108/><W26/><G33/><T87/><D87/><U48/><E65/><V2/><F2/><W120/><G86/><T84/><D84/><U28/><E1/><V79/><F79/><N who="3" m="30219" /><G120/><T96/><D96/><AGARI ba="1,1" hai="51,53,57,96,102,107,124,126,127,129,130" m="23146" machi="96" ten="40,2600,0" yaku="18,1,52,1" doraHai="49" who="2" fromWho="0" sc="265,-29,255,0,235,39,235,0" /><INIT seed="1,0,0,1,2,33" ten="236,255,274,235" oya="1" hai0="87,9,62,3,59,101,92,52,112,46,45,20,105" hai1="34,115,42,80,55,43,128,77,103,114,24,118,17" hai2="107,7,133,100,98,125,26,106,109,120,121,63,83" hai3="97,99,32,35,104,89,28,81,44,64,13,31,36"/><U51/><E118/><V49/><F49/><W14/><G64/><T84/><D112/><U68/><E68/><V10/><F106/><W56/><G56/><T116/><D105/><U30/><E128/><V78/><F125/><W37/><G104/><T65/><D116/><U60/><E103/><V54/><F133/><W4/><G81/><T67/><D20/><U50/><E60/><V88/><F26/><W85/><G85/><T76/><D65/><U127/><E127/><V82/><F109/><W12/><G89/><T96/><D67/><U111/><E111/><V113/><F113/><W58/><G58/><T72/><D72/><U25/><E50/><V102/><F102/><W90/><G90/><T39/><D39/><N who="3" m="14921" /><G44/><T41/><D41/><U22/><E43/><V6/><F54/><W0/><G4/><T11/><D11/><U29/><E42/><V75/><F63/><W2/><G35/><T18/><D84/><U108/><E108/><V66/><F66/><W129/><G32/><T38/><D38/><U95/><E95/><V8/><F83/><W79/><G79/><T70/><D70/><U134/><E80/><V126/><F88/><W94/><G94/><T132/><D132/><U57/><E77/><V131/><F126/><W21/><G21/><T1/><D87/><U73/><E73/><V71/><F71/><W117/><G129/><T5/><D76/><U15/><E134/><V135/><F135/><W93/><G93/><T69/><D69/><U23/><AGARI ba="0,0" hai="15,17,22,23,24,25,29,30,34,51,55,57,114,115" machi="23" ten="20,2100,0" yaku="0,1,7,1" doraHai="33" who="1" fromWho="1" sc="236,-7,255,21,274,-7,235,-7" /><INIT seed="1,1,0,0,1,70" ten="229,276,267,228" oya="1" hai0="117,3,51,126,1,124,10,102,47,17,28,128,9" hai1="59,86,37,114,52,105,31,84,11,18,39,30,88" hai2="12,101,21,38,36,29,49,89,119,61,134,83,62" hai3="90,7,32,44,104,71,106,42,123,96,127,121,68"/><U100/><E114/><V24/><F119/><W23/><G32/><T130/><D102/><U63/><E86/><V76/><F101/><W111/><G7/><T26/><D51/><U45/><E105/><V93/><F134/><W22/><G111/><T46/><D46/><U56/><E100/><V16/><F49/><W20/><G127/><N who="0" m="48683" /><D47/><U116/><E116/><V87/><F62/><W103/><G90/><T78/><D78/><U99/><E99/><V98/><REACH who="2" step="1"/><F61/><REACH who="2" ten="229,276,257,228" step="2"/><W14/><G121/><T115/><D117/><U27/><E63/><V5/><F5/><W2/><G103/><T50/><D50/><U80/><E80/><V135/><F135/><W58/><G123/><T110/><D110/><U81/><E59/><V25/><F25/><W74/><G106/><T60/><D60/><U132/><E132/><V120/><F120/><W6/><G6/><T112/><D112/><U13/><E27/><V133/><F133/><W53/><G104/><T72/><D115/><U40/><E56/><V69/><F69/><W55/><G71/><T94/><D1/><U73/><E45/><V65/><F65/><W122/><G58/><T41/><D3/><U79/><E40/><V113/><F113/><W0/><G68/><T54/><D41/><U125/><E125/><V4/><F4/><W95/><G44/><T48/><D48/><U34/><E81/><V66/><F66/><W64/><G42/><T97/><D128/><U33/><E52/><N who="3" m="20042" /><G64/><T8/><D130/><U67/><E67/><V82/><F82/><W118/><G122/><T109/><D109/><U43/><E43/><RYUUKYOKU ba="1,1" sc="229,-10,276,-10,257,30,228,-10" hai2="12,16,21,24,29,36,38,76,83,87,89,93,98" /><INIT seed="2,2,1,3,4,30" ten="219,266,287,218" oya="2" hai0="75,110,85,71,40,46,48,50,82,109,59,20,76" hai1="41,33,22,21,108,4,122,11,135,31,3,66,134" hai2="92,91,68,84,53,52,88,56,126,42,23,125,0" hai3="28,61,101,36,25,130,57,47,13,93,64,89,95"/><V43/><F0/><W83/><G130/><T116/><D71/><U37/><E66/><V97/><F68/><W27/><G13/><T80/><D116/><U87/><E87/><V133/><F133/><N who="1" m="50697" /><E108/><N who="0" m="41577" /><D20/><N who="1" m="7787" /><E41/><N who="2" m="15371" /><F23/><N who="3" m="15423" /><G36/><N who="0" m="21767" /><D59/><U115/><E37/><V32/><F32/><W124/><G124/><N who="2" m="47721" /><F56/><W81/><G27/><T98/><D98/><U114/><E122/><V45/><F45/><W79/><G79/><AGARI ba="2,1" hai="48,50,75,76,79,80,82,85" m="21767,41577" machi="79" ten="30,1000,0" yaku="14,1" doraHai="30" who="0" fromWho="3" sc="219,26,266,0,287,0,218,-16" /><INIT seed="3,0,0,3,2,80" ten="245,266,287,202" oya="3" hai0="101,2,114,128,61,126,33,1,13,6,121,70,52" hai1="78,84,15,14,82,23,69,9,44,123,39,134,56" hai2="129,67,3,22,12,89,43,42,112,51,118,20,104" hai3="4,79,62,66,135,88,105,99,98,124,38,25,72"/><W130/><G38/><T63/><D33/><U93/><E69/><V60/><F3/><W35/><G4/><T127/><D121/><U50/><E134/><V65/><F104/><W45/><G135/><T21/><D101/><U110/><E110/><V17/><F118/><W100/><G130/><T131/><D114/><U120/><E93/><V55/><F112/><W77/><G124/><N who="0" m="47659" /><D70/><U37/><E56/><N who="2" m="36999" /><F67/><W91/><G45/><T32/><D32/><U0/><E0/><N who="0" m="105" /><D52/><U119/><E119/><V71/><F71/><N who="3" m="42455" /><G72/><T48/><D48/><U10/><E123/><V18/><F129/><N who="0" m="49738" /><D6/><U5/><E120/><V68/><F68/><W102/><G79/><T49/><D49/><U16/><E10/><V46/><F89/><W54/><G54/><AGARI ba="0,0" hai="5,9,14,15,16,23,37,39,44,50,54,78,82,84" machi="54" ten="30,3900,0" yaku="7,1,52,1,54,1" doraHai="80" who="1" fromWho="3" sc="245,0,266,39,287,0,202,-39" owari="245,-15.0,305,40.0,287,9.0,163,-34.0" /></mjloggm>