<mjloggm ver="2.3"><GO type="97" lobby="0"/><UN n0="%E3%80%93%E8%9B%AF%E6%B2%A2%E7%9C%9F%E5%86%AC%E3%80%93" n1="%E5%B0%B1%E6%B4%BB%E7%94%9F%40%E5%B7%9D%E6%9D%91%E8%BB%8D%E5%9B%A3" n2="%E6%98%8E%E6%97%A5%E3%81%8B%E3%82%89%E9%9B%80%E9%BE%8D%E9%96%80" n3="%41%4B%42%2D%34%38" dan="14,15,15,14" rate="2040.14,2004.87,2048.79,1904.60" sx="F,M,M,M"/><TAIKYOKU oya="0"/><INIT seed="0,0,0,3,3,80" ten="250,250,250,250" oya="0" hai0="89,92,82,93,130,67,132,26,63,39,11,101,104" hai1="74,87,27,91,135,21,55,78,47,42,131,22,46" hai2="111,71,83,90,58,84,38,5,128,119,73,105,99" hai3="53,16,120,85,127,51,97,75,109,116,98,57,6"/><T56/><BYE who="3" /><D130/><UN n3="%41%4B%42%2D%34%38" /><U70/><E70/><V7/><F71/><W60/><G75/><T40/><D132/><U124/><E131/><V96/><F128/><W35/><G35/><T94/><D104/><U81/><E135/><V95/><F38/><W45/><G116/><T10/><D101/><U115/><E115/><V25/><F119/><W20/><G6/><T31/><D40/><U108/><E124/><V54/><F111/><W110/><G127/><T133/><D39/><U15/><E108/><V107/><F25/><W61/><G120/><T23/><REACH who="0" step="1"/><D133/><REACH who="0" ten="240,250,250,250" step="2"/><U52/><E42/><V18/><F107/><W17/><G110/><T65/><D65/><U100/><E100/><V32/><F105/><W114/><G109/><T19/><D19/><N who="1" m="10495" /><E74/><V33/><F73/><W3/><G17/><T13/><D13/><U123/><E123/><V28/><F18/><W117/><G117/><T88/><D88/><U44/><E91/><V36/><F36/><W112/><G112/><T66/><D66/><U30/><AGARI ba="0,1" hai="22,27,30,44,46,47,52,55,78,81,87" m="10495" machi="30" ten="30,4000,0" yaku="8,1,52,1,54,1" doraHai="80" who="1" fromWho="1" sc="240,-20,250,50,250,-10,250,-10" /><INIT seed="1,0,0,4,1,54" ten="220,300,240,240" oya="1" hai0="39,53,65,61,103,102,122,116,131,40,3,113,88" hai1="119,12,33,106,92,77,125,110,4,36,2,91,105" hai2="71,82,32,44,18,118,59,43,55,15,57,86,5" hai3="34,78,99,13,135,64,89,48,11,56,63,52,27"/><U6/><E119/><V51/><F71/><W35/><G78/><T24/><D113/><U66/><E36/><V127/><F32/><W129/><G129/><T101/><D116/><U85/><E33/><V80/><F118/><W25/><G135/><T16/><D3/><U70/><E2/><V45/><F127/><W28/><G35/><T58/><D131/><U20/><E125/><V94/><F5/><W133/><G133/><T10/><D122/><U93/><E77/><V0/><F0/><W17/><G28/><T21/><D10/><U9/><E110/><V117/><F117/><W111/><G34/><T90/><REACH who="0" step="1"/><D65/><REACH who="0" ten="210,300,240,240" step="2"/><U104/><E66/><V22/><F94/><N who="3" m="56783" /><G111/><T62/><D62/><U8/><E93/><V121/><F121/><W41/><G41/><T95/><D95/><U37/><E105/><V75/><F80/><W1/><G1/><T38/><D38/><U120/><E37/><V108/><F108/><W109/><G109/><T69/><D69/><U72/><E70/><V73/><F43/><W50/><G50/><T74/><D74/><U76/><E106/><V114/><F114/><W128/><G128/><T96/><D96/><U23/><E104/><V130/><F130/><W26/><G64/><T68/><D68/><U87/><E72/><V115/><F115/><W47/><G63/><T123/><D123/><U126/><E120/><V98/><F75/><W112/><G112/><T60/><D60/><U29/><E126/><V79/><F73/><W81/><G81/><T134/><D134/><U97/><E97/><V67/><F98/><W46/><AGARI ba="0,1" hai="11,13,17,25,26,27,46,47,48,52,56" m="56783" machi="46" ten="30,7900,0" yaku="5,1,8,1,52,1,54,1" doraHai="54" who="3" fromWho="3" sc="210,-20,300,-39,240,-20,240,89" /><INIT seed="2,0,0,2,1,95" ten="190,261,220,329" oya="2" hai0="105,134,73,91,69,10,85,42,49,84,17,8,6" hai1="67,45,65,58,26,13,119,131,25,52,121,102,4" hai2="9,106,127,57,19,126,104,114,103,75,83,59,107" hai3="86,93,97,23,113,76,21,94,18,60,35,31,110"/><V128/><F114/><W68/><G113/><T55/><D73/><U43/><E119/><V54/><F128/><W78/><G35/><T112/><D112/><U118/><E118/><V116/><F116/><W51/><G31/><T99/><D69/><U89/><E121/><V108/><F108/><W0/><G0/><T90/><D134/><U3/><E3/><V80/><F9/><W2/><G2/><T16/><D42/><U40/><E102/><V117/><F19/><N who="0" m="7242" /><D105/><U15/><E131/><V48/><F117/><W14/><G110/><T120/><D120/><U71/><E71/><V109/><F109/><W77/><G51/><T130/><D130/><U111/><E111/><V28/><F28/><W133/><G133/><T63/><D63/><N who="1" m="36295" /><E89/><N who="0" m="33801" /><D99/><U61/><E61/><V72/><F72/><W44/><G44/><N who="0" m="28071" /><D6/><U30/><E4/><V34/><F34/><W98/><G23/><T56/><D56/><N who="2" m="21578" /><F75/><W70/><G86/><AGARI ba="0,0" hai="8,10,84,85,86" m="28071,33801,7242" machi="86" ten="30,2000,0" yaku="8,1,54,1" doraHai="95" who="0" fromWho="3" sc="190,20,261,0,220,0,329,-20" /><INIT seed="3,0,0,1,1,129" ten="210,261,220,309" oya="3" hai0="115,87,21,13,122,51,23,44,18,89,65,112,82" hai1="80,94,62,104,95,76,11,8,31,7,77,132,53" hai2="68,57,81,50,90,16,19,83,107,101,49,15,117" hai3="24,12,79,135,1,46,34,60,70,118,106,39,123"/><W0/><G12/><T28/><D122/><U9/><E104/><V35/><F117/><W75/><G118/><T10/><D65/><U111/><E111/><V3/><F3/><W134/><G106/><T22/><REACH who="0" step="1"/><D28/><REACH who="0" ten="200,261,220,309" step="2"/><U100/><E31/><V130/><F130/><W93/><G123/><T5/><D5/><U6/><E6/><V14/><F68/><W125/><G0/><T126/><D126/><U102/><E7/><V30/><F30/><W27/><G1/><T43/><AGARI ba="0,1" hai="10,13,18,21,22,23,43,44,51,82,87,89,112,115" machi="43" ten="30,4000,0" yaku="1,1,0,1,53,1" doraHai="129" doraHaiUra="45" who="0" fromWho="0" sc="200,50,261,-10,220,-10,309,-20" /><INIT seed="4,0,0,3,0,24" ten="250,251,210,289" oya="0" hai0="48,127,65,67,79,49,118,80,88,25,106,110,17" hai1="96,94,87,109,84,130,58,105,43,44,68,57,31" hai2="54,132,50,42,101,86,113,75,0,38,122,30,123" hai3="15,83,1,37,6,11,112,89,102,77,92,9,116"/><T82/><D118/><U125/><E105/><V39/><F75/><W13/><G116/><T64/><D106/><U41/><E68/><V27/><F0/><W100/><G37/><T4/><D127/><U59/><E109/><V104/><F113/><W98/><G112/><T71/><D71/><U19/><E125/><V40/><F132/><W91/><G91/><T46/><D110/><U32/><E130/><V90/><F39/><W124/><G124/><T8/><D49/><N who="1" m="26767" /><E32/><V126/><F126/><W33/><G33/><T63/><D63/><U73/><E73/><V3/><F3/><W131/><G131/><T7/><D79/><U103/><E43/><V28/><F38/><W26/><G26/><T95/><D25/><U2/><E2/><V53/><F104/><W97/><G97/><N who="0" m="57575" /><D17/><U62/><E62/><V66/><F101/><W117/><G117/><T12/><D7/><U121/><E121/><V52/><F66/><W22/><G22/><T135/><D135/><U76/><E76/><V133/><F133/><W29/><G1/><T45/><D45/><U16/><E31/><N who="2" m="11819" /><F123/><W51/><G29/><T134/><D134/><U128/><E128/><V93/><F122/><W21/><G102/><T108/><D108/><U74/><E74/><V34/><F34/><W114/><G100/><T14/><D14/><U61/><E61/><V81/><F27/><W107/><G15/><T35/><D35/><U47/><E47/><N who="2" m="25959" /><F42/><AGARI ba="0,0" hai="4,8,12,42,46,48,64,65,67,80,82" m="57575" machi="42" ten="30,2900,0" yaku="8,1,54,1" doraHai="24" who="0" fromWho="2" sc="250,29,251,0,210,-29,289,0" /><INIT seed="4,1,0,3,5,107" ten="279,251,181,289" oya="0" hai0="97,80,40,22,45,92,130,123,81,60,63,36,124" hai1="50,71,57,70,61,98,119,54,62,116,118,29,12" hai2="16,108,64,20,88,32,111,104,69,38,43,90,15" hai3="24,26,65,74,1,33,100,10,28,110,99,101,51"/><T89/><D123/><U58/><E29/><V121/><F32/><W42/><G110/><T72/><D130/><U84/><E98/><V106/><F121/><W87/><G74/><T122/><D122/><U103/><E103/><V126/><F126/><W3/><G101/><T66/><D124/><U31/><E31/><V49/><F38/><W59/><G26/><T48/><D36/><U56/><E12/><V95/><F106/><W25/><G25/><T78/><D66/><U13/><E13/><V114/><F104/><W8/><G87/><T18/><D81/><U67/><E84/><V96/><F114/><W11/><G42/><T131/><D131/><U109/><E109/><V91/><F69/><W53/><REACH who="3" step="1"/><G65/><AGARI ba="1,0" hai="50,54,56,57,58,61,62,65,67,70,71,116,118,119" machi="65" ten="40,8000,1" yaku="9,1,34,3" doraHai="107" who="1" fromWho="3" sc="279,0,251,83,181,0,289,-83" owari="279,8.0,334,43.0,181,-32.0,206,-19.0" /></mjloggm>