<mjloggm ver="2.3"><GO type="169" lobby="0"/><UN n0="%E3%82%A2%E3%82%AB%E3%82%AE%EF%BC%A0%E5%B7%9D%E6%9D%91%E8%BB%8D%E5%9B%A3" n1="%E3%83%88%E3%83%88%E3%83%AA%E5%85%88%E7%94%9F%31%39%E6%AD%B3" n2="%33%33%62%6C%61%63%6B" n3="%E3%81%87%E3%82%8B%E3%81%87%E3%82%8B" dan="17,18,16,16" rate="2199.46,2285.94,2152.59,2127.16" sx="M,F,M,M"/><TAIKYOKU oya="0"/><INIT seed="0,0,0,4,4,110" ten="250,250,250,250" oya="0" hai0="5,124,54,29,81,63,78,70,118,51,95,47,4" hai1="8,108,80,40,59,74,132,39,42,33,23,14,58" hai2="91,131,134,71,43,38,11,9,100,128,1,21,73" hai3="101,45,125,113,104,98,32,69,61,10,7,89,19"/><T96/><D118/><U112/><E33/><V24/><F71/><W30/><G125/><T93/><D124/><U15/><E108/><V121/><F121/><W120/><G120/><T106/><D106/><U133/><E74/><V75/><F134/><N who="1" m="51817" /><E80/><V36/><F100/><W17/><G45/><T41/><D29/><U64/><E64/><V16/><F91/><W76/><G89/><T2/><D2/><U3/><E3/><V37/><F43/><N who="1" m="16425" /><E39/><V12/><F1/><W127/><G76/><T115/><D95/><U97/><E97/><V57/><F57/><W92/><G92/><T6/><D70/><U28/><E112/><V105/><F105/><W85/><G85/><T26/><D26/><N who="1" m="16479" /><E15/><V46/><F46/><W34/><G34/><T83/><D115/><U18/><AGARI ba="0,0" hai="8,14,18,58,59" m="16479,16425,51817" machi="18" ten="30,1100,0" yaku="20,1" doraHai="110" who="1" fromWho="1" sc="250,-5,250,11,250,-3,250,-3" /><INIT seed="1,0,0,1,4,81" ten="245,261,247,247" oya="1" hai0="105,129,124,40,104,35,82,91,11,111,112,127,98" hai1="22,83,0,47,66,103,106,44,113,102,34,3,52" hai2="20,121,58,43,118,90,19,49,135,108,96,53,77" hai3="10,80,32,21,33,59,9,48,39,101,110,25,2"/><U38/><E113/><V16/><F118/><W89/><G39/><T128/><D35/><U6/><E34/><V88/><F121/><W57/><G110/><T72/><D40/><U92/><E106/><N who="0" m="41065" /><D11/><U100/><E66/><V27/><F108/><W42/><G101/><T76/><D112/><U41/><E6/><V67/><F135/><W99/><G2/><T74/><D74/><U31/><E92/><V125/><F125/><N who="0" m="48202" /><D111/><U55/><E31/><V73/><F43/><W64/><G10/><T114/><D114/><U37/><E22/><V68/><F19/><W14/><G9/><T94/><AGARI ba="0,0" hai="72,76,82,91,94,98,128,129" m="48202,41065" machi="94" ten="40,5200,0" yaku="18,1,34,2" doraHai="81" who="0" fromWho="0" sc="245,52,261,-26,247,-13,247,-13" /><INIT seed="2,0,0,0,1,16" ten="297,235,234,234" oya="2" hai0="25,65,126,73,131,106,45,49,37,31,133,103,29" hai1="10,11,58,87,55,8,91,79,120,41,68,40,135" hai2="100,21,102,57,76,44,24,85,52,34,38,70,86" hai3="14,128,121,18,35,114,78,56,82,36,26,64,88"/><V113/><F70/><W124/><G121/><T43/><D73/><U51/><E68/><V60/><F113/><W134/><G114/><T30/><D126/><U116/><E116/><V129/><F34/><W84/><G36/><T59/><D131/><U12/><E135/><V110/><F129/><W104/><G104/><T98/><D133/><U17/><E79/><V9/><F110/><W125/><G134/><T54/><REACH who="0" step="1"/><D65/><REACH who="0" ten="287,235,234,234" step="2"/><U4/><E120/><V20/><F102/><W42/><G128/><T93/><D93/><N who="1" m="54527" /><E4/><V39/><F100/><W15/><G125/><T23/><AGARI ba="0,1" hai="23,25,29,30,31,37,43,45,49,54,59,98,103,106" machi="23" ten="20,5200,0" yaku="1,1,0,1,7,1,52,1,53,0" doraHai="16" doraHaiUra="81" who="0" fromWho="0" sc="287,62,235,-13,234,-26,234,-13" /><INIT seed="3,0,0,3,5,68" ten="349,222,208,221" oya="3" hai0="35,58,19,86,45,91,20,31,105,129,96,131,7" hai1="124,5,127,33,121,12,103,13,104,4,110,29,67" hai2="79,32,100,23,17,69,63,37,80,101,2,119,57" hai3="56,14,115,111,26,70,61,107,81,65,11,88,134"/><W102/><G115/><T108/><D108/><U6/><E67/><V51/><F32/><W0/><G111/><T34/><D7/><U113/><E110/><V64/><F119/><W73/><G0/><T76/><D76/><U95/><E104/><V120/><F2/><W66/><G134/><T15/><D45/><U3/><E103/><V43/><F120/><W126/><G126/><N who="1" m="48170" /><E95/><V53/><F23/><W84/><G73/><T30/><D58/><U22/><E3/><V18/><F101/><W25/><G66/><T62/><D62/><U128/><E113/><V112/><F100/><W48/><G48/><T98/><D105/><U54/><E54/><V24/><F24/><W130/><G130/><N who="0" m="49675" /><D35/><U36/><E36/><V75/><F112/><W117/><G70/><T55/><D55/><U9/><E128/><V60/><F60/><W133/><G133/><T1/><D1/><N who="1" m="143" /><E121/><V125/><F125/><W135/><G135/><T49/><D49/><U93/><E93/><V122/><F122/><W97/><REACH who="3" step="1"/><G117/><REACH who="3" ten="349,222,208,211" step="2"/><T85/><D20/><U77/><E22/><V118/><F118/><W40/><G40/><T87/><D34/><U109/><E109/><V83/><F83/><W114/><G114/><T39/><D39/><U106/><E33/><V52/><F53/><W10/><G10/><N who="0" m="6647" /><D91/><U44/><E77/><V50/><F51/><W46/><G46/><AGARI ba="0,1" hai="17,18,37,43,46,50,52,57,63,64,69,75,79,80" machi="46" ten="40,8000,1" yaku="24,2,52,1,54,1" doraHai="68" who="2" fromWho="3" sc="349,0,222,0,208,90,211,-80" /><INIT seed="4,0,0,3,1,77" ten="349,222,298,131" oya="0" hai0="10,34,88,28,125,86,50,61,16,4,81,48,114" hai1="23,37,52,119,43,100,58,109,65,56,87,75,63" hai2="99,97,80,71,82,11,108,107,29,94,13,1,115" hai3="123,7,89,21,112,42,96,55,110,22,17,93,41"/><T32/><D125/><U90/><E119/><V124/><F108/><W3/><G110/><T121/><D121/><U5/><E109/><V111/><F111/><W18/><G123/><T95/><D114/><U35/><E75/><V120/><F120/><W57/><G112/><T30/><D34/><U64/><E35/><V26/><F1/><W27/><G3/><T113/><D113/><U122/><E122/><V36/><F36/><W92/><G7/><T49/><D32/><U8/><E100/><V6/><F71/><W78/><G78/><T12/><D61/><U105/><E105/><V118/><F115/><W62/><REACH who="3" step="1"/><G93/><REACH who="3" ten="349,222,298,121" step="2"/><T31/><D4/><U66/><E5/><V68/><F6/><W20/><G20/><T51/><N who="0" m="12288" /><DORA hai="128" /><T44/><D44/><U67/><E8/><V133/><F94/><AGARI ba="0,1" hai="10,12,16,28,30,31,81,86,88,94,95" m="12288" machi="94" ten="60,12000,1" yaku="8,1,52,1,54,2" doraHai="77,128" who="0" fromWho="2" sc="349,130,222,0,298,-120,121,0" /><INIT seed="4,1,0,0,1,124" ten="479,222,178,121" oya="0" hai0="38,101,97,5,80,126,84,33,68,118,23,12,110" hai1="22,117,115,122,28,35,2,6,104,20,92,39,14" hai2="40,64,55,11,71,57,89,113,134,114,133,32,52" hai3="121,106,3,19,31,120,99,4,103,26,100,37,61"/><T127/><D33/><U111/><E92/><V130/><F32/><W27/><G37/><T13/><D38/><U69/><E20/><V58/><F11/><W132/><G132/><N who="2" m="50793" /><F89/><W73/><G73/><T54/><D68/><U125/><E14/><V17/><F17/><W78/><G78/><T82/><D118/><U41/><E41/><V44/><F130/><W91/><G103/><T108/><D54/><N who="2" m="20522" /><F71/><W49/><G4/><T129/><D129/><U116/><E22/><V79/><F79/><W47/><G3/><T85/><D5/><U15/><E15/><V123/><F123/><W75/><G19/><T21/><D97/><U50/><E28/><V112/><F64/><W24/><G31/><T66/><D101/><U90/><E6/><V42/><F42/><W36/><G91/><T119/><D119/><U135/><E90/><V65/><F65/><AGARI ba="1,0" hai="12,13,21,23,65,66,80,82,84,85,108,110,126,127" machi="65" ten="25,2400,0" yaku="22,2" doraHai="124" who="0" fromWho="2" sc="479,27,222,0,178,-27,121,0" /><INIT seed="4,2,0,1,1,79" ten="506,222,151,121" oya="0" hai0="57,117,29,61,118,19,9,121,119,12,112,18,39" hai1="10,62,64,26,81,128,134,97,16,60,84,47,42" hai2="33,7,36,75,28,71,25,91,52,114,72,77,35" hai3="48,74,130,20,23,95,108,41,27,106,17,123,49"/><T50/><D39/><U85/><E128/><V78/><F71/><W76/><G106/><T58/><D121/><U4/><E134/><V15/><F36/><W89/><G108/><T82/><D112/><U102/><E84/><V1/><F1/><W113/><G130/><T125/><D125/><U22/><E64/><V40/><F114/><W0/><G113/><T45/><D29/><U110/><E110/><V99/><F40/><W34/><G0/><T38/><D38/><U111/><E111/><V46/><F35/><W90/><G34/><T32/><D32/><U53/><E53/><V69/><F69/><W93/><G123/><T96/><D96/><U30/><E30/><V37/><F37/><W83/><G41/><T24/><D61/><U116/><E116/><V31/><F31/><W54/><G23/><T131/><D131/><U5/><E47/><V92/><F75/><W8/><G8/><T56/><D24/><U67/><E42/><V11/><REACH who="2" step="1"/><F72/><REACH who="2" ten="506,222,141,121" step="2"/><W122/><G122/><T59/><D119/><U2/><E67/><V100/><F100/><W124/><G124/><T68/><D68/><U127/><E127/><V105/><F105/><W126/><G126/><T94/><D118/><U14/><E2/><V80/><F80/><W44/><REACH who="3" step="1"/><G49/><AGARI ba="2,1" hai="7,11,15,25,28,33,46,49,52,77,78,91,92,99" machi="49" ten="40,5200,0" yaku="1,1,54,1,53,1" doraHai="79" doraHaiUra="51" who="2" fromWho="3" sc="506,0,222,0,141,68,121,-58" /><INIT seed="5,0,0,0,0,100" ten="506,222,209,63" oya="1" hai0="58,69,9,98,57,55,107,20,101,124,5,8,60" hai1="54,52,86,127,61,30,112,2,82,13,89,104,111" hai2="41,93,11,32,102,47,132,134,99,17,109,12,27" hai3="34,79,121,25,74,130,26,133,76,106,73,19,51"/><U46/><E2/><V36/><REACH who="2" step="1"/><F109/><REACH who="2" ten="506,222,199,63" step="2"/><W94/><G121/><T135/><D135/><U87/><E111/><V37/><F37/><W40/><G130/><T42/><D124/><U120/><E127/><V116/><F116/><W0/><G133/><T126/><D126/><U118/><E120/><V115/><F115/><W97/><G74/><T6/><D69/><U33/><E118/><V4/><F4/><W31/><G73/><T29/><D5/><U38/><E112/><V67/><F67/><W128/><G128/><T45/><D6/><U113/><E38/><V48/><F48/><W131/><G131/><T14/><D58/><U71/><E113/><V43/><F43/><W91/><G0/><T105/><D42/><U78/><E71/><V92/><F92/><W35/><G106/><T110/><D107/><U24/><E104/><V90/><F90/><W16/><G79/><T64/><D110/><U125/><E125/><V96/><F96/><W114/><G76/><T119/><D119/><U49/><E54/><V3/><F3/><W66/><G66/><T72/><D72/><U15/><E61/><V88/><F88/><W84/><G97/><T80/><D55/><U68/><E68/><V122/><F122/><W10/><G114/><T39/><D60/><U23/><E33/><V103/><F103/><W65/><G65/><T18/><D64/><U108/><E108/><V75/><F75/><W117/><G117/><T21/><D105/><U59/><E59/><V50/><F50/><W70/><G70/><T129/><D57/><U56/><E56/><V53/><F53/><RYUUKYOKU ba="0,1" sc="506,-15,222,15,199,15,63,-15" hai1="13,15,23,24,30,46,49,52,78,82,86,87,89" hai2="11,12,17,27,32,36,41,47,93,99,102,132,134" /><INIT seed="5,1,1,0,1,58" ten="491,237,214,48" oya="1" hai0="16,108,78,5,133,7,64,97,51,23,53,11,17" hai1="61,22,93,52,101,134,50,102,83,95,32,86,80" hai2="122,84,94,40,92,38,59,111,42,66,35,26,128" hai3="103,56,132,60,115,98,65,118,124,85,31,77,28"/><U75/><E32/><V24/><F111/><W0/><G0/><T79/><D108/><U10/><E134/><V54/><F122/><W72/><G72/><T43/><D133/><U82/><E75/><V81/><F128/><W63/><G132/><T105/><D43/><N who="2" m="16426" /><F66/><W127/><G115/><T8/><D64/><U12/><E22/><V27/><F35/><W112/><G112/><T57/><D97/><U30/><E30/><V109/><F38/><W129/><G129/><T125/><D105/><U104/><E104/><V15/><F15/><W67/><G118/><T4/><D125/><U121/><E121/><V110/><F110/><W55/><G55/><T73/><D73/><U44/><E61/><N who="2" m="36087" /><F109/><W49/><G49/><T74/><D74/><U19/><REACH who="1" step="1"/><E86/><REACH who="1" ten="491,227,214,48" step="2"/><V45/><F45/><W37/><G37/><T131/><D131/><U2/><E2/><V113/><F113/><W88/><G124/><T119/><D119/><U70/><E70/><V47/><F47/><W29/><G127/><T62/><D62/><N who="3" m="23593" /><G56/><T130/><D130/><U21/><E21/><V9/><F9/><W3/><G3/><T1/><D1/><U68/><E68/><V120/><F120/><W100/><G67/><T99/><D11/><U13/><E13/><V71/><F71/><W39/><G65/><T34/><D34/><U89/><E89/><AGARI ba="1,2" hai="24,26,27,81,84,89,92,94" m="36087,16426" machi="89" ten="30,2000,0" yaku="8,1,52,1" doraHai="58" who="2" fromWho="1" sc="491,0,227,-23,214,43,48,0" /><INIT seed="6,0,0,1,4,133" ten="491,204,257,48" oya="2" hai0="31,37,75,15,85,4,24,20,111,74,105,102,70" hai1="108,52,3,2,46,129,71,38,32,100,34,51,126" hai2="16,55,109,125,65,96,39,119,59,6,120,61,89" hai3="13,77,42,118,23,12,86,132,73,113,19,57,94"/><V40/><F120/><W91/><G118/><T64/><D37/><U30/><E71/><V53/><F119/><W82/><G132/><T60/><D111/><U49/><E108/><V17/><F109/><W72/><G42/><T134/><D85/><U62/><E38/><V18/><F6/><W106/><G113/><T87/><D87/><U101/><E62/><V68/><F125/><W10/><G57/><T35/><D134/><U124/><E129/><V54/><F68/><W33/><G33/><T130/><D130/><U66/><E66/><V21/><F39/><W47/><G47/><T99/><D4/><U78/><E78/><V121/><F40/><W50/><G50/><N who="1" m="18954" /><E52/><V114/><F114/><W83/><G106/><T131/><D131/><U110/><E110/><V116/><F121/><W11/><REACH who="3" step="1"/><G13/><REACH who="3" ten="491,204,257,38" step="2"/><T9/><D15/><U29/><E46/><V81/><F116/><W48/><G48/><T58/><D58/><U103/><E34/><V43/><F59/><W104/><G104/><T112/><D112/><U25/><E32/><V63/><F43/><W26/><G26/><T117/><D117/><U22/><E29/><V76/><F63/><W28/><G28/><T56/><D56/><U135/><E135/><V80/><F61/><W97/><G97/><T92/><D105/><U44/><E44/><V14/><F96/><W1/><G1/><T69/><D69/><U123/><E123/><V67/><F14/><W8/><G8/><T122/><D122/><U5/><E2/><V79/><F21/><W45/><G45/><T90/><D35/><U95/><E3/><RYUUKYOKU ba="0,1" sc="491,-10,204,-10,257,-10,38,30" hai3="10,11,12,19,23,72,73,77,82,83,86,91,94" /><INIT seed="7,1,1,5,1,89" ten="481,194,247,68" oya="3" hai0="36,39,105,82,25,6,14,100,66,53,64,97,114" hai1="111,22,27,49,101,88,77,125,38,129,115,16,121" hai2="79,11,61,58,90,94,34,91,119,17,135,134,24" hai3="80,42,1,126,86,68,30,41,31,81,98,109,120"/><W46/><G120/><T3/><D3/><U29/><E111/><V108/><F108/><W96/><G109/><T32/><D66/><U63/><E38/><V2/><F119/><W75/><G68/><T74/><D64/><U48/><E121/><V117/><F117/><W92/><G1/><T107/><D107/><U13/><E115/><V70/><F70/><W118/><G118/><T21/><D32/><U18/><E129/><V43/><F79/><W19/><G126/><T78/><D53/><U112/><E112/><V73/><F73/><W113/><G113/><T35/><D35/><U56/><E125/><V26/><F43/><W8/><G98/><T122/><D6/><U0/><E0/><V40/><F40/><W59/><G59/><T87/><D14/><N who="1" m="9495" /><E101/><V37/><F37/><W132/><G132/><N who="2" m="50729" /><F90/><W57/><G57/><T9/><D87/><U103/><E77/><V102/><F102/><W33/><G75/><T133/><D9/><N who="1" m="6447" /><E103/><V44/><F34/><W130/><G130/><T116/><D116/><U45/><E45/><V52/><F44/><W10/><G19/><T7/><D82/><N who="3" m="31849" /><G86/><T124/><D97/><U67/><E88/><V93/><F91/><N who="3" m="55327" /><G42/><T5/><D124/><U85/><E85/><V131/><F131/><W12/><G12/><T28/><D122/><U47/><E47/><V50/><F17/><W69/><G69/><T51/><D133/><U55/><E67/><V123/><F123/><W127/><G127/><T95/><D114/><U84/><E84/><V83/><F2/><W62/><G62/><T72/><D72/><U128/><E128/><RYUUKYOKU ba="1,1" sc="481,-10,194,30,247,-10,68,-10" hai1="27,29,48,49,55,56,63" owari="481,58.0,224,-18.0,237,4.0,58,-44.0" /></mjloggm>