<mjloggm ver="2.3"><GO type="169" lobby="0"/><UN n0="%E3%83%8D%E3%83%BC%E3%83%A0%E3%83%AC%E3%82%B9%EF%BC%97" n1="%E3%83%88%E3%83%88%E3%83%AA%E5%85%88%E7%94%9F%31%39%E6%AD%B3" n2="%EF%BC%88%E2%88%AA%EF%BC%BE%CF%89%EF%BC%BE%29%E2%98%86" n3="%E3%81%9F%E3%81%BE%E3%81%93%E3%82%8D" dan="16,17,16,16" rate="2078.17,2249.89,2088.91,2112.28" sx="M,F,F,M"/><TAIKYOKU oya="0"/><INIT seed="0,0,0,3,1,6" ten="250,250,250,250" oya="0" hai0="51,24,82,73,61,31,46,65,134,86,56,72,116" hai1="77,14,19,47,55,126,1,27,109,105,95,125,130" hai2="36,17,81,132,127,129,41,15,2,100,58,52,11" hai3="135,32,22,12,87,94,104,42,30,4,43,91,71"/><T88/><D116/><U119/><E119/><V53/><F2/><W50/><G71/><T33/><REACH who="0" step="1"/><D134/><REACH who="0" ten="240,250,250,250" step="2"/><U89/><E126/><V23/><F132/><W75/><G135/><T98/><D98/><U113/><E125/><V34/><F127/><W115/><G115/><T83/><D83/><U108/><E113/><V18/><F81/><W107/><G75/><T66/><D66/><U74/><E74/><V85/><F85/><W9/><G104/><T68/><D68/><U29/><E105/><V84/><F84/><W96/><G107/><T62/><D62/><U35/><E108/><V45/><F129/><W38/><G96/><T122/><D122/><U103/><E109/><V7/><F100/><W121/><G121/><T60/><D60/><U37/><E130/><V25/><F53/><AGARI ba="0,1" hai="24,31,33,46,51,53,56,61,65,72,73,82,86,88" machi="53" ten="30,5800,0" yaku="1,1,7,1,54,1,53,0" doraHai="6" doraHaiUra="69" who="0" fromWho="2" sc="240,68,250,0,250,-58,250,0" /><INIT seed="0,1,0,2,5,28" ten="308,250,192,250" oya="0" hai0="99,17,103,56,52,114,35,97,0,13,77,61,25" hai1="79,58,122,57,128,38,12,44,10,102,84,118,46" hai2="18,85,112,96,41,129,123,108,66,43,54,9,93" hai3="20,105,113,119,94,70,30,60,19,117,67,116,109"/><T81/><D114/><U111/><E118/><V87/><F123/><W59/><G113/><T100/><D0/><U75/><E122/><V32/><F112/><W74/><G74/><T132/><D132/><U23/><E75/><V40/><F32/><W27/><G105/><T64/><D64/><U127/><E111/><V101/><F108/><W125/><G109/><T88/><D25/><U106/><E128/><V95/><F129/><W3/><G3/><T24/><D24/><U89/><E127/><V2/><F66/><W65/><G125/><T130/><D35/><U72/><E23/><V37/><F37/><W86/><G19/><T110/><D110/><U83/><E44/><V71/><F71/><W26/><G26/><T76/><D130/><U16/><E46/><V36/><F36/><W90/><REACH who="3" step="1"/><G67/><REACH who="3" ten="308,250,192,240" step="2"/><T33/><D33/><U62/><E106/><V11/><F2/><W48/><G48/><T1/><D1/><U126/><E38/><V15/><F9/><W80/><G80/><T115/><D115/><U120/><E126/><V73/><F73/><W7/><G7/><T135/><D135/><U34/><E120/><V39/><F39/><W91/><G91/><T107/><D88/><U124/><E124/><V45/><F93/><W98/><G98/><T78/><D81/><N who="1" m="45287" /><E102/><N who="0" m="38953" /><D107/><U104/><E104/><V14/><REACH who="2" step="1"/><F14/><REACH who="2" ten="308,250,182,240" step="2"/><W53/><G53/><T55/><D55/><U121/><E121/><V5/><F5/><W42/><G42/><T50/><D50/><AGARI ba="1,2" hai="11,15,18,40,41,43,45,50,54,85,87,95,96,101" machi="50" ten="40,5200,0" yaku="1,1,8,1,53,1" doraHai="28" doraHaiUra="92" who="2" fromWho="0" sc="308,-55,250,0,182,75,240,0" /><INIT seed="1,0,0,0,2,11" ten="253,250,257,240" oya="1" hai0="95,53,134,54,102,24,93,66,104,78,92,77,72" hai1="87,99,41,17,122,91,70,31,43,79,56,130,83" hai2="113,82,94,105,101,10,45,74,127,7,73,42,35" hai3="121,28,47,71,26,106,20,80,120,27,22,118,60"/><U8/><E122/><V97/><F35/><W98/><G118/><T34/><D66/><U109/><E70/><V65/><F127/><W16/><G80/><T114/><D114/><U132/><E130/><V103/><F65/><W36/><G60/><T125/><D125/><U19/><E132/><V75/><F113/><W81/><G71/><T119/><D119/><U123/><E123/><V3/><F101/><W59/><G59/><T50/><D134/><U86/><E109/><V108/><F108/><W135/><G81/><T110/><D110/><U61/><E31/><V4/><F4/><W21/><G21/><T90/><D72/><U37/><E99/><V12/><F94/><W6/><G6/><T124/><D124/><U39/><E39/><V112/><F112/><W111/><G111/><T62/><D104/><U9/><E9/><V67/><F67/><W32/><G32/><T63/><D102/><U57/><E37/><V117/><F117/><W13/><G27/><T44/><D90/><U29/><E29/><V116/><F116/><W40/><REACH who="3" step="1"/><G135/><REACH who="3" ten="253,250,257,230" step="2"/><T1/><D1/><U68/><E68/><V89/><F3/><W51/><G51/><N who="0" m="28903" /><D34/><U85/><E57/><V76/><F89/><W33/><G33/><T128/><D24/><U100/><E91/><V64/><F64/><W18/><G18/><N who="1" m="6666" /><E100/><AGARI ba="0,1" hai="13,16,20,22,26,28,36,40,47,98,100,106,120,121" machi="100" ten="40,8000,1" yaku="1,1,52,1,54,1,53,1" doraHai="11" doraHaiUra="15" who="3" fromWho="1" sc="253,0,250,-80,257,0,230,90" /><INIT seed="2,0,0,4,0,127" ten="253,170,257,320" oya="2" hai0="48,2,73,122,22,120,74,17,57,94,61,10,123" hai1="23,100,29,89,12,65,21,130,40,112,51,36,62" hai2="105,9,68,34,113,30,86,116,16,78,38,43,111" hai3="69,8,83,131,82,24,46,99,87,26,91,35,106"/><V66/><F113/><W59/><G69/><T5/><D48/><U125/><E112/><V88/><F116/><W47/><G131/><T42/><D94/><U129/><E36/><V15/><F105/><W81/><G35/><T27/><REACH who="0" step="1"/><D42/><REACH who="0" ten="243,170,257,320" step="2"/><U28/><E40/><V13/><F43/><W18/><G81/><T101/><D101/><U128/><E51/><V25/><F38/><W98/><G82/><T97/><D97/><U72/><E100/><V119/><F119/><W60/><G98/><T41/><D41/><U54/><E125/><V79/><F111/><W39/><G99/><T104/><D104/><U132/><E132/><V103/><F103/><W124/><G106/><T71/><D71/><N who="1" m="42423" /><E72/><V84/><F84/><W50/><G124/><T76/><D76/><U0/><E89/><V52/><F79/><W19/><G50/><T75/><D75/><U110/><E110/><V56/><F78/><W92/><G39/><T67/><AGARI ba="0,1" hai="2,5,10,17,22,27,57,61,67,73,74,120,122,123" machi="67" ten="30,2000,0" yaku="1,1,0,1,53,0" doraHai="127" doraHaiUra="37" who="0" fromWho="0" sc="243,30,170,-5,257,-10,320,-5" /><INIT seed="3,0,0,2,3,30" ten="273,165,247,315" oya="3" hai0="17,32,14,65,93,56,69,27,108,128,6,95,44" hai1="103,118,91,107,20,74,62,86,127,89,49,54,36" hai2="75,85,31,43,37,29,40,57,99,77,21,133,60" hai3="97,28,53,96,123,4,81,64,5,33,58,15,34"/><W41/><G123/><T71/><D108/><U105/><E36/><V61/><F75/><W26/><G34/><T79/><D128/><U70/><E74/><V8/><F133/><W80/><G41/><N who="2" m="15945" /><F37/><W59/><G64/><T10/><D44/><U45/><E127/><V116/><F116/><W50/><G59/><T82/><D71/><U117/><E20/><V110/><F110/><W94/><G96/><T120/><D69/><U90/><E86/><V83/><F61/><W16/><G5/><T92/><D120/><U48/><E48/><V112/><F112/><W134/><G4/><T0/><D56/><U24/><E24/><V129/><F129/><W126/><G126/><T131/><D65/><U76/><E76/><V101/><F21/><W66/><G66/><T7/><D131/><U51/><E70/><V72/><F72/><W113/><G134/><T135/><D135/><U47/><E62/><V102/><F8/><W84/><G84/><N who="0" m="48223" /><D0/><U46/><E103/><N who="2" m="39435" /><F99/><W38/><G38/><T63/><D63/><U42/><REACH who="1" step="1"/><E47/><REACH who="1" ten="273,155,247,315" step="2"/><V9/><F9/><N who="3" m="6255" /><G113/><T1/><D1/><U22/><E22/><V78/><F78/><W122/><G122/><T124/><D124/><U39/><E39/><V25/><F25/><W52/><G50/><T88/><D27/><U13/><E13/><V23/><F23/><W11/><G26/><T55/><D10/><U19/><E19/><V73/><F73/><W109/><G11/><T106/><D17/><U12/><E12/><V68/><F68/><W35/><G109/><T3/><D14/><U130/><E130/><V18/><F18/><RYUUKYOKU ba="0,1" sc="273,-15,155,15,247,15,315,-15" hai1="42,45,46,49,51,54,89,90,91,105,107,117,118" hai2="29,31,57,60,77,83,85" /><INIT seed="4,1,1,3,2,16" ten="258,170,262,300" oya="0" hai0="2,132,0,44,130,80,20,53,61,70,134,77,3" hai1="18,58,122,117,113,14,100,102,104,23,120,79,48" hai2="42,22,86,125,50,13,107,83,21,76,119,34,40" hai3="29,105,72,121,41,24,38,54,82,101,99,98,94"/><T106/><D106/><U67/><E117/><V62/><F34/><W73/><G121/><T74/><D130/><U133/><E133/><N who="0" m="51305" /><D44/><U15/><E113/><V57/><F107/><W69/><G69/><T78/><D78/><U85/><E15/><V92/><F125/><W63/><G82/><T115/><D115/><U60/><E48/><V7/><F119/><W123/><G41/><N who="2" m="15977" /><F50/><W30/><G38/><T1/><D1/><U129/><E129/><V9/><F92/><W25/><G123/><T27/><D53/><AGARI ba="1,1" hai="7,9,13,21,22,53,57,62,76,83,86" m="15977" machi="53" ten="30,3900,0" yaku="8,1,52,2" doraHai="16" who="2" fromWho="0" sc="258,-42,170,0,262,52,300,0" /><INIT seed="5,0,0,4,2,43" ten="216,170,314,300" oya="1" hai0="8,109,87,66,118,34,123,13,79,16,20,96,61" hai1="59,18,10,6,21,49,102,127,23,27,97,73,108" hai2="92,54,33,52,83,55,7,2,35,103,36,58,69" hai3="75,91,115,105,45,129,99,62,38,9,42,65,46"/><U4/><E73/><V106/><F69/><W41/><G75/><T25/><D109/><U120/><E120/><V89/><F36/><W74/><G74/><T90/><D118/><U26/><E108/><V63/><F83/><W131/><G9/><T82/><D123/><U114/><E114/><V93/><F106/><W19/><G19/><T37/><D37/><U28/><E127/><V85/><F2/><W98/><G91/><T112/><D112/><U48/><E59/><V32/><REACH who="2" step="1"/><F7/><REACH who="2" ten="216,170,304,300" step="2"/><W81/><G81/><T132/><D132/><U133/><E133/><V86/><F86/><W124/><G115/><T44/><D34/><U50/><REACH who="1" step="1"/><E10/><REACH who="1" ten="216,160,304,300" step="2"/><V121/><F121/><W101/><G124/><T22/><D8/><U100/><E100/><V126/><F126/><W135/><G135/><T125/><D125/><U130/><E130/><V117/><F117/><W68/><G99/><AGARI ba="0,2" hai="32,33,35,52,54,55,58,63,85,89,92,93,99,103" machi="99" ten="40,2600,0" yaku="1,1,54,1,53,0" doraHai="43" doraHaiUra="78" who="2" fromWho="3" sc="216,0,160,0,304,46,300,-26" /><INIT seed="6,0,0,0,5,12" ten="216,160,350,274" oya="2" hai0="13,44,27,39,74,75,101,119,49,102,50,38,45" hai1="33,30,20,112,18,132,28,48,127,99,107,72,34" hai2="98,59,64,63,46,81,118,100,70,117,36,110,123" hai3="96,88,2,91,71,32,80,95,54,128,111,16,60"/><V131/><F123/><W8/><G32/><N who="1" m="12394" /><E48/><V129/><F81/><W126/><G111/><T11/><D13/><N who="1" m="9295" /><E99/><V89/><F89/><W15/><G126/><T14/><D14/><U0/><E107/><V9/><F9/><W52/><G2/><T29/><D11/><U31/><E72/><V61/><F110/><W84/><G128/><N who="2" m="49225" /><F98/><W86/><REACH who="3" step="1"/><G86/><REACH who="3" ten="216,160,350,264" step="2"/><T90/><D74/><U134/><E0/><V21/><F117/><W108/><G108/><T1/><D75/><U120/><E127/><V113/><F118/><W122/><G122/><T26/><D119/><U133/><E112/><V92/><F113/><W3/><G3/><T35/><D1/><U57/><E57/><V115/><F115/><W73/><G73/><T104/><D35/><U106/><E106/><V78/><F59/><W116/><G116/><T51/><D104/><U25/><E120/><V42/><F70/><W69/><G69/><T6/><D45/><U76/><E76/><V53/><F78/><W4/><G4/><T62/><D6/><U58/><E58/><V68/><F68/><W41/><G41/><T93/><D44/><U97/><E97/><N who="2" m="59431" /><F42/><W82/><G82/><T24/><D29/><U94/><E94/><V22/><F46/><W105/><G105/><T65/><D93/><U121/><E121/><V17/><F36/><W5/><G5/><T66/><D39/><U43/><E43/><V83/><F83/><W85/><G85/><T37/><D37/><U125/><E125/><V135/><F53/><W7/><G7/><T114/><D38/><U67/><E67/><AGARI ba="0,1" hai="8,15,16,52,54,60,67,71,80,84,88,91,95,96" machi="67" ten="40,8000,1" yaku="1,1,52,1,54,3,53,0" doraHai="12" doraHaiUra="124" who="3" fromWho="1" sc="216,0,160,-80,350,0,264,90" /><INIT seed="7,0,0,1,1,10" ten="216,80,350,354" oya="3" hai0="53,22,125,113,126,108,70,17,133,7,2,116,11" hai1="101,6,83,50,121,55,132,97,82,74,84,36,72" hai2="95,98,104,99,105,90,34,87,96,48,21,76,18" hai3="127,0,27,40,85,30,24,44,46,124,103,45,66"/><W12/><G0/><T128/><D70/><U13/><E36/><V131/><F34/><N who="3" m="20807" /><G27/><T61/><D53/><U39/><E39/><V15/><F131/><W20/><G103/><T19/><D61/><U102/><E121/><V93/><F76/><W4/><G66/><T41/><D41/><U67/><E67/><V1/><F1/><W80/><G4/><T115/><D108/><U23/><E132/><V107/><REACH who="2" step="1"/><F48/><REACH who="2" ten="216,80,340,354" step="2"/><W49/><G49/><T114/><D116/><U52/><E50/><V51/><F51/><W59/><G40/><T47/><D128/><U42/><E42/><V9/><F9/><W60/><G60/><T92/><D47/><U134/><E134/><V111/><F111/><W38/><G38/><T71/><D71/><U14/><E6/><V135/><F135/><W8/><G59/><T29/><D133/><U130/><E130/><V117/><F117/><W129/><G129/><T57/><D57/><U77/><E77/><V118/><F118/><W79/><G8/><T33/><D92/><AGARI ba="0,1" hai="15,18,21,87,90,92,93,95,96,98,99,104,105,107" machi="92" ten="50,3200,0" yaku="1,1,52,1,53,0" doraHai="10" doraHaiUra="123" who="2" fromWho="0" sc="216,-32,80,0,340,42,354,0" owari="184,-22.0,80,-42.0,382,49.0,354,15.0" /></mjloggm>