<mjloggm ver="2.3"><GO type="97" lobby="0"/><UN n0="%E3%81%84%E3%81%97%E3%81%97%E3%82%93%49%44%E7%B4%9B%E5%A4%B1" n1="%E3%81%8C%E3%81%A3%E3%81%93%E3%81%86%E3%82%84%E3%82%81%E3%81%9F%E3%81%84" n2="%E5%B0%B1%E6%B4%BB%E7%94%9F%40%E5%B7%9D%E6%9D%91%E8%BB%8D%E5%9B%A3" n3="%E7%8E%A9%E5%80%8B%4A%42" dan="15,13,15,13" rate="2011.05,1854.78,2062.82,1946.76" sx="M,M,M,F"/><TAIKYOKU oya="0"/><INIT seed="0,0,0,3,0,45" ten="250,250,250,250" oya="0" hai0="100,120,77,106,80,108,97,88,18,1,132,70,9" hai1="15,26,46,29,49,79,0,61,3,117,10,51,11" hai2="63,35,101,50,24,111,38,83,20,75,94,25,110" hai3="16,127,66,33,8,72,47,60,36,119,7,129,128"/><T6/><D120/><U82/><E117/><V21/><F38/><W107/><G119/><T135/><D70/><U98/><E61/><V42/><F63/><W114/><G114/><T86/><D108/><N who="2" m="41514" /><F75/><W76/><G107/><T28/><D28/><U62/><E62/><V54/><F42/><N who="3" m="22983" /><G33/><T81/><REACH who="0" step="1"/><D18/><REACH who="0" ten="240,250,250,250" step="2"/><U2/><E29/><N who="2" m="19887" /><F24/><W74/><G16/><T55/><D55/><U14/><E26/><V115/><F115/><W30/><G30/><T87/><AGARI ba="0,1" hai="1,6,9,77,80,81,86,87,88,97,100,106,132,135" machi="87" ten="30,11700,0" yaku="1,1,0,1,54,1,53,1" doraHai="45" doraHaiUra="103" who="0" fromWho="0" sc="240,127,250,-39,250,-39,250,-39" /><INIT seed="0,1,0,1,5,80" ten="367,211,211,211" oya="0" hai0="98,7,89,73,49,95,86,96,13,45,18,66,24" hai1="32,58,114,81,92,112,135,126,35,108,43,94,40" hai2="10,106,119,52,5,93,90,20,110,103,71,37,15" hai3="11,124,84,46,26,17,123,2,22,127,118,38,67"/><T113/><D73/><U128/><E108/><V63/><F110/><W53/><G118/><T47/><D113/><N who="1" m="43627" /><E126/><N who="3" m="48170" /><G67/><T16/><D66/><U88/><E128/><V105/><F37/><W69/><G69/><T111/><D111/><U34/><E135/><V25/><F119/><W4/><G123/><T70/><D70/><U83/><E58/><V82/><F71/><W61/><G61/><T129/><D129/><U19/><E19/><N who="0" m="7209" /><D24/><U21/><E21/><V62/><F103/><W33/><G33/><N who="1" m="8450" /><U117/><DORA hai="54" /><E117/><V99/><F82/><N who="1" m="31241" /><E88/><V6/><F6/><W122/><G122/><T74/><D74/><U64/><E64/><V31/><F63/><W14/><G2/><T121/><D121/><U85/><E85/><V116/><F116/><W107/><G84/><T1/><D1/><U41/><AGARI ba="1,0" hai="40,41,43,92,94" m="31241,8450,43627" machi="41" ten="50,6400,0" yaku="28,2,11,1" doraHai="80,54" who="1" fromWho="1" sc="367,-33,211,67,211,-17,211,-17" /><INIT seed="1,0,0,3,2,58" ten="334,278,194,194" oya="1" hai0="52,121,21,76,66,90,49,126,130,97,54,51,65" hai1="129,75,62,131,13,7,125,92,41,37,16,31,1" hai2="115,4,39,104,25,56,44,120,42,119,14,10,99" hai3="96,38,89,135,57,63,5,15,102,48,134,3,109"/><U34/><E75/><V6/><F120/><W22/><G38/><T30/><D121/><U113/><E113/><V116/><F115/><W18/><G109/><T87/><D76/><U106/><E106/><V118/><F25/><W111/><G48/><T108/><D97/><U67/><E125/><V12/><F56/><W74/><G74/><T95/><D108/><U28/><E7/><V100/><REACH who="2" step="1"/><F6/><REACH who="2" ten="334,278,184,194" step="2"/><W93/><G111/><T79/><D126/><U88/><E1/><AGARI ba="0,1" hai="1,4,10,12,14,39,42,44,99,100,104,116,118,119" machi="1" ten="40,2600,0" yaku="1,1,2,1,53,0" doraHai="58" doraHaiUra="78" who="2" fromWho="1" sc="334,0,278,-26,184,36,194,0" /><INIT seed="2,0,0,3,4,117" ten="334,252,220,194" oya="2" hai0="106,128,20,135,16,2,99,69,93,124,102,50,107" hai1="63,109,105,129,42,7,113,14,64,67,97,66,110" hai2="132,35,100,19,23,127,79,15,95,72,28,85,83" hai3="5,18,17,41,84,22,118,48,133,87,45,120,58"/><V36/><F36/><W125/><G118/><T54/><D69/><U89/><E113/><V96/><F127/><W114/><G125/><T37/><D124/><U1/><E129/><V47/><F132/><W26/><G133/><T57/><D135/><U126/><E1/><V68/><F68/><W62/><G5/><T10/><D37/><U56/><E126/><V61/><F35/><W74/><G74/><T52/><D128/><U38/><E42/><V29/><F72/><W51/><G114/><T55/><D2/><U43/><E43/><V40/><REACH who="2" step="1"/><F61/><REACH who="2" ten="334,252,210,194" step="2"/><W21/><G48/><T130/><D130/><U24/><E38/><V33/><F33/><W90/><G62/><T98/><D10/><U71/><E71/><V4/><F4/><W60/><G60/><T92/><D107/><U32/><E105/><V46/><F46/><W53/><G58/><T122/><D106/><U73/><E73/><V11/><F11/><W103/><G51/><T12/><D122/><U0/><E0/><V78/><F78/><W39/><G45/><T116/><D116/><U31/><E56/><V59/><F59/><W86/><G120/><T6/><D6/><U3/><E63/><V91/><F91/><AGARI ba="0,1" hai="12,16,20,50,52,54,55,57,91,92,93,98,99,102" machi="91" ten="30,7700,0" yaku="7,1,8,1,54,2" doraHai="117" who="0" fromWho="2" sc="334,87,252,0,210,-77,194,0" /><INIT seed="3,0,0,4,2,59" ten="421,252,133,194" oya="3" hai0="94,70,21,14,38,57,104,54,87,96,37,97,60" hai1="3,126,50,63,127,6,113,100,27,118,85,17,33" hai2="65,124,133,77,39,40,16,82,24,91,11,29,88" hai3="111,35,107,90,61,78,28,56,116,130,62,19,49"/><W51/><G116/><T22/><D70/><U32/><E113/><V89/><F133/><W42/><G107/><T1/><D1/><U18/><E118/><V120/><F120/><W66/><G78/><T53/><D104/><U99/><E6/><V72/><F124/><N who="1" m="47657" /><E3/><V112/><F112/><W48/><G130/><T44/><D38/><U31/><E33/><V23/><F65/><W75/><G75/><T0/><D0/><U95/><E63/><V80/><F40/><W15/><G28/><T121/><D87/><U8/><E8/><V30/><F39/><W131/><G35/><T4/><D44/><U123/><E123/><V84/><REACH who="2" step="1"/><F11/><REACH who="2" ten="421,252,123,194" step="2"/><N who="3" m="6655" /><G131/><T129/><D96/><U103/><E103/><V52/><F52/><N who="0" m="20074" /><D14/><U71/><E71/><V79/><AGARI ba="0,1" hai="16,23,24,29,30,72,77,79,80,82,84,88,89,91" machi="79" ten="30,7900,0" yaku="1,1,0,1,54,2,53,0" doraHai="59" doraHaiUra="36" who="2" fromWho="2" sc="421,-20,252,-20,123,89,194,-39" owari="401,50.0,232,3.0,212,-19.0,155,-34.0" /></mjloggm>