<mjloggm ver="2.3"><GO type="41" lobby="0"/><UN n0="%E2%98%85%E3%81%9D%E3%82%8B%E2%98%85" n1="%48%52%50%4E" n2="%E5%B0%B1%E6%B4%BB%E7%94%9F%40%E5%B7%9D%E6%9D%91%E8%BB%8D%E5%9B%A3" n3="%2D%52%55%55%2D" dan="14,14,16,13" rate="1952.59,1927.41,2076.40,1856.85" sx="M,M,M,F"/><TAIKYOKU oya="0"/><INIT seed="0,0,0,5,5,87" ten="250,250,250,250" oya="0" hai0="37,100,54,92,111,123,15,98,91,132,102,40,113" hai1="60,4,125,63,45,57,79,78,46,61,32,17,5" hai2="55,105,43,68,89,11,129,56,77,126,74,0,88" hai3="25,120,114,117,9,127,94,13,51,121,115,1,84"/><T47/><D113/><N who="3" m="43017" /><G1/><T103/><D123/><N who="3" m="47177" /><G51/><T49/><D111/><U107/><E107/><V42/><F68/><W14/><G9/><T27/><D132/><U59/><E125/><V12/><F105/><W69/><G69/><T18/><D27/><U81/><E32/><V95/><F0/><W6/><G6/><N who="1" m="2666" /><E17/><V72/><F126/><W2/><G2/><T106/><D106/><U29/><E29/><V64/><F129/><W119/><G127/><T35/><D35/><U41/><E81/><V34/><F34/><W108/><G25/><T130/><D130/><U10/><E10/><V109/><F109/><W93/><G13/><T116/><D116/><N who="3" m="44617" /><G14/><T131/><D131/><U62/><E62/><V96/><F64/><W8/><G8/><T52/><REACH who="0" step="1"/><D37/><REACH who="0" ten="240,250,250,250" step="2"/><U21/><E60/><V82/><F12/><W104/><G104/><T7/><D7/><U23/><E61/><V133/><F133/><W83/><G108/><T76/><D76/><AGARI ba="0,1" hai="76,83,84,93,94" m="44617,47177,43017" machi="76" ten="40,5200,0" yaku="13,1,34,2" doraHai="87" who="3" fromWho="0" sc="240,-52,250,0,250,0,250,62" /><INIT seed="1,0,0,3,1,92" ten="188,250,250,312" oya="1" hai0="119,72,15,110,91,103,122,112,45,16,6,109,59" hai1="58,51,81,89,68,50,127,11,101,75,116,66,22" hai2="115,120,25,20,126,14,124,2,102,106,69,52,36" hai3="39,86,4,7,41,99,17,80,82,85,31,37,64"/><U43/><E116/><V133/><F2/><W10/><G64/><T74/><D122/><U113/><E113/><V46/><F69/><W114/><G114/><T97/><D6/><U77/><E68/><V88/><F115/><W61/><G61/><T67/><D45/><U84/><E127/><V135/><F120/><W57/><G57/><T8/><D91/><U132/><E132/><N who="2" m="50763" /><F14/><W3/><G4/><T55/><D67/><U130/><E130/><V83/><F36/><W12/><G41/><T73/><D112/><U18/><E11/><V33/><F33/><W79/><G31/><T19/><D119/><U100/><E75/><V121/><F121/><W131/><G131/><T117/><D117/><U63/><E77/><V27/><F106/><W47/><G47/><T21/><D21/><U29/><E29/><V78/><F102/><N who="1" m="39529" /><E43/><V32/><F32/><W98/><G37/><T5/><D5/><U26/><AGARI ba="0,0" hai="18,22,26,50,51,58,63,66,81,84,89" m="39529" machi="26" ten="30,1500,0" yaku="8,1" doraHai="92" who="1" fromWho="1" sc="188,-5,250,15,250,-5,312,-5" /><INIT seed="1,1,0,5,4,37" ten="183,265,245,307" oya="1" hai0="39,43,63,135,73,103,121,32,41,93,67,101,127" hai1="81,65,55,123,77,15,88,8,82,78,83,61,3" hai2="125,75,85,102,79,24,26,36,33,49,47,69,86" hai3="116,117,19,56,11,46,74,105,131,92,70,104,133"/><U128/><E3/><V10/><F69/><W89/><G70/><T95/><D39/><U34/><E34/><V107/><F36/><W57/><G74/><T76/><D121/><U64/><E123/><V132/><F132/><W5/><G133/><T48/><D32/><U58/><E128/><V110/><F125/><W53/><G131/><T91/><D127/><U112/><E112/><V126/><F126/><W52/><G19/><T134/><D73/><U42/><E42/><N who="0" m="15881" /><D135/><U27/><E27/><V22/><F33/><W54/><G46/><T109/><D134/><U100/><E100/><N who="0" m="38473" /><D109/><U124/><E124/><V45/><F102/><W23/><G23/><T40/><N who="0" m="15889" /><T6/><DORA hai="119" /><D6/><N who="1" m="3479" /><E88/><V122/><F22/><W99/><G105/><T106/><D106/><U18/><E18/><V16/><F107/><W38/><G104/><T51/><D76/><AGARI ba="1,0" hai="55,58,61,64,65,76,77,78,81,82,83" m="3479" machi="76" ten="30,1500,0" yaku="8,1" doraHai="37,119" who="1" fromWho="0" sc="183,-18,265,18,245,0,307,0" /><INIT seed="1,2,0,5,2,27" ten="165,283,245,307" oya="1" hai0="47,128,61,4,89,49,124,95,114,22,82,29,118" hai1="127,120,131,7,112,107,15,14,12,126,96,51,74" hai2="109,99,56,119,65,129,57,103,1,53,71,110,122" hai3="100,6,42,93,48,105,63,70,58,134,83,108,130"/><U111/><E120/><V117/><F1/><W86/><G70/><T106/><D106/><U135/><E112/><V34/><F34/><W26/><G108/><N who="2" m="41577" /><F103/><W28/><G105/><T115/><D118/><N who="2" m="45066" /><F99/><W54/><G134/><T10/><D124/><N who="1" m="47659" /><E111/><V68/><F129/><W133/><G130/><T87/><D128/><U32/><E135/><V21/><F21/><W116/><G133/><T102/><D61/><U37/><E37/><V84/><F84/><W60/><G116/><T5/><D115/><U67/><E74/><V81/><F81/><W50/><G6/><T30/><D114/><U104/><E32/><V43/><F43/><W8/><G8/><T76/><D102/><U69/><E7/><N who="0" m="2633" /><D10/><U94/><E131/><V0/><F0/><W23/><G42/><N who="0" m="24823" /><D22/><U59/><E94/><V85/><F85/><AGARI ba="2,0" hai="29,30,76,82,85,87,89,95" m="24823,2633" machi="85" ten="30,3900,0" yaku="8,1,52,2" doraHai="27" who="0" fromWho="2" sc="165,45,283,0,245,-45,307,0" /><INIT seed="2,0,0,5,4,96" ten="210,283,200,307" oya="2" hai0="4,133,15,125,103,3,21,135,84,44,72,119,92" hai1="13,6,63,53,90,28,45,48,14,2,51,31,43" hai2="1,24,33,62,106,56,77,86,126,30,7,12,46" hai3="17,41,107,81,67,94,32,10,129,132,50,60,18"/><V130/><F126/><W122/><G122/><T71/><D119/><U23/><E63/><V34/><F130/><W91/><G107/><T40/><D71/><U120/><E120/><V93/><F1/><W118/><G118/><T68/><D68/><U59/><E2/><V98/><F106/><W69/><G132/><N who="0" m="50763" /><D72/><U83/><E14/><V65/><F34/><W123/><G123/><T22/><D125/><U25/><E31/><V109/><F109/><W61/><G129/><T105/><D105/><U39/><E83/><V78/><F86/><W27/><G60/><T47/><D3/><U95/><E13/><V131/><F131/><W79/><G10/><N who="0" m="4551" /><D47/><U70/><E6/><V20/><F46/><W127/><G127/><T37/><D84/><U87/><REACH who="1" step="1"/><E70/><REACH who="1" ten="210,273,200,307" step="2"/><V9/><REACH who="2" step="1"/><F33/><REACH who="2" ten="210,273,190,307" step="2"/><W128/><G32/><T113/><D113/><U49/><AGARI ba="0,2" hai="23,25,28,39,43,45,48,49,51,53,59,87,90,95" machi="49" ten="20,5200,0" yaku="1,1,2,1,0,1,7,1,53,0" doraHai="96" doraHaiUra="117" who="1" fromWho="1" sc="210,-13,273,72,190,-26,307,-13" /><INIT seed="3,0,0,2,4,132" ten="197,345,164,294" oya="3" hai0="0,125,25,7,26,32,64,28,123,114,128,119,49" hai1="116,115,89,62,59,61,102,91,35,36,47,42,52" hai2="50,18,109,44,33,17,8,87,83,63,101,71,108" hai3="30,104,92,45,112,11,113,4,3,10,105,58,1"/><W88/><G30/><T19/><D119/><U2/><E115/><V126/><F33/><W27/><G27/><T133/><D133/><U23/><E35/><V38/><F38/><W94/><G45/><T21/><D114/><U131/><E131/><V51/><F101/><W75/><G75/><T43/><D123/><U134/><E134/><V124/><F71/><W97/><G58/><T135/><D135/><U130/><E130/><V22/><F63/><W48/><G112/><T84/><D128/><U16/><E2/><V46/><F8/><W110/><G113/><T34/><D64/><U106/><E116/><V120/><F120/><W127/><G127/><N who="2" m="48681" /><F46/><W98/><G110/><N who="2" m="42601" /><F22/><W13/><G48/><N who="2" m="18473" /><F44/><W77/><G77/><AGARI ba="0,0" hai="17,18,77,83,87" m="18473,42601,48681" machi="77" ten="30,8000,1" yaku="18,1,14,1,52,3" doraHai="132" who="2" fromWho="3" sc="197,0,345,0,164,80,294,-80" /><INIT seed="4,0,0,3,0,49" ten="197,345,244,214" oya="0" hai0="17,126,46,51,52,128,11,1,57,67,112,127,22" hai1="36,42,119,102,96,116,33,0,82,114,6,103,88" hai2="23,53,86,9,106,89,77,76,19,56,110,109,83" hai3="132,66,38,63,30,118,84,31,3,10,4,43,29"/><T21/><D112/><U104/><E33/><V40/><F106/><W2/><G118/><T74/><D74/><U120/><E120/><V37/><F37/><W72/><G72/><T27/><D128/><U34/><E34/><V44/><F44/><W68/><G132/><T133/><D133/><U113/><E103/><V13/><F40/><W60/><G60/><T45/><D22/><U64/><E64/><V81/><F9/><W125/><G125/><N who="0" m="47627" /><D67/><U101/><E42/><V123/><F123/><W28/><N who="3" m="7680" /><DORA hai="26" /><W61/><G61/><T80/><D80/><U122/><E36/><V90/><F109/><W73/><G73/><T78/><D78/><U100/><E122/><V12/><F12/><W94/><G43/><T121/><D121/><U117/><E6/><AGARI ba="0,0" hai="1,6,11,17,21,27,45,46,51,52,57" m="47627" machi="6" ten="30,5800,0" yaku="18,1,52,1,54,1" doraHai="49,26" who="0" fromWho="1" sc="197,58,345,-58,244,0,214,0" /><INIT seed="4,1,0,2,4,109" ten="255,287,244,214" oya="0" hai0="20,5,11,71,29,108,37,48,86,131,115,58,28" hai1="21,105,18,102,89,56,74,22,42,72,114,27,26" hai2="98,73,111,121,107,99,13,38,117,84,96,91,6" hai3="92,124,23,126,3,94,66,76,116,77,127,41,125"/><T128/><D71/><U87/><E114/><V64/><F111/><W34/><N who="3" m="32256" /><DORA hai="70" /><W130/><G34/><T69/><D69/><U30/><E42/><V75/><F117/><W53/><G3/><T19/><D37/><U12/><E102/><V83/><F107/><W88/><G41/><T120/><D120/><U90/><E105/><V57/><F121/><W59/><G66/><T7/><D108/><U47/><E47/><V45/><F64/><W2/><G2/><T78/><D115/><U132/><E132/><V65/><F65/><W32/><G32/><T14/><D5/><U43/><E43/><V55/><F45/><W129/><G116/><T100/><D100/><U50/><E27/><V112/><F112/><W103/><G103/><T133/><D133/><U49/><E90/><V61/><REACH who="2" step="1"/><F38/><REACH who="2" ten="255,287,234,214" step="2"/><W85/><G23/><T16/><D20/><U135/><E135/><V67/><F67/><W97/><G129/><T0/><D131/><U10/><E22/><V46/><F46/><W39/><G130/><T44/><D128/><U123/><E123/><V31/><F31/><W15/><G39/><T118/><D29/><U113/><E113/><V101/><F101/><N who="3" m="60583" /><G15/><T79/><D28/><U36/><E36/><V51/><F51/><AGARI ba="1,1" hai="51,53,59,76,77,85,88,94" m="60583,32256" machi="51" ten="60,3900,0" yaku="18,1,54,1" doraHai="109,70" who="3" fromWho="2" sc="255,0,287,0,234,-42,214,52" /><INIT seed="5,0,0,1,3,82" ten="255,287,192,266" oya="1" hai0="65,17,38,70,29,72,60,71,114,102,120,34,24" hai1="36,9,99,42,59,64,47,13,118,135,77,110,112" hai2="125,21,53,109,30,91,44,90,19,94,62,61,81" hai3="123,52,96,127,87,16,126,7,88,83,130,103,32"/><U101/><E118/><V5/><F109/><W79/><G123/><T105/><D38/><U2/><E2/><V54/><F125/><N who="3" m="47627" /><G32/><T86/><D72/><U129/><E110/><V69/><F5/><W12/><G7/><T63/><D114/><U131/><E112/><V133/><F133/><W51/><G130/><N who="1" m="49674" /><E135/><V33/><F33/><W113/><G113/><T46/><D120/><U27/><E27/><V106/><F106/><W122/><G122/><T56/><D46/><U43/><E77/><V20/><F30/><W116/><G116/><T11/><D56/><U14/><E43/><V104/><F104/><N who="3" m="63591" /><G79/><T128/><D128/><U68/><E68/><V75/><F75/><W78/><G78/><T132/><D132/><U48/><E9/><V76/><F76/><W92/><G83/><T37/><D37/><U80/><E80/><V108/><F108/><W15/><G16/><T45/><D45/><AGARI ba="0,0" hai="12,15,45,51,52,87,88,92" m="63591,47627" machi="45" ten="30,7700,0" yaku="18,1,52,1,54,2" doraHai="82" who="3" fromWho="0" sc="255,-77,287,0,192,0,266,77" /><INIT seed="6,0,0,0,2,105" ten="178,287,192,343" oya="2" hai0="95,27,120,6,55,67,13,99,116,122,51,11,85" hai1="128,18,93,86,37,124,104,76,48,30,36,70,134" hai2="101,115,126,33,100,69,39,103,50,47,2,65,74" hai3="117,106,81,129,78,96,119,26,44,59,94,125,131"/><V16/><F39/><W34/><G106/><T45/><D116/><U118/><E104/><V43/><F115/><W97/><G125/><T23/><D67/><U135/><E118/><N who="3" m="45066" /><G44/><T64/><D64/><U87/><E128/><N who="3" m="49226" /><G59/><T92/><D85/><U114/><E70/><V91/><F126/><W41/><G41/><T112/><D112/><U12/><E30/><V111/><F111/><W72/><G94/><T54/><D95/><U15/><E48/><V10/><F33/><W19/><G34/><T62/><D62/><U35/><E35/><V132/><F132/><N who="1" m="50729" /><E124/><V89/><F74/><W24/><G19/><T75/><D75/><U84/><E114/><V31/><F31/><W25/><AGARI ba="0,0" hai="24,25,26,72,78,81,96,97" m="49226,45066" machi="25" ten="40,2700,0" yaku="19,1,52,1" doraHai="105" who="3" fromWho="3" sc="178,-7,287,-7,192,-13,343,27" /><INIT seed="7,0,0,2,0,111" ten="171,280,179,370" oya="3" hai0="96,33,83,113,22,71,106,54,67,48,128,135,92" hai1="72,90,97,26,52,82,132,121,20,2,100,59,66" hai2="53,75,49,81,120,80,69,16,124,25,93,63,114" hai3="130,42,133,61,9,31,15,79,119,32,57,115,105"/><W108/><G79/><T7/><D33/><U50/><E121/><V21/><F114/><W89/><G42/><T36/><D36/><U60/><E132/><V95/><F120/><W123/><G89/><T11/><D128/><U117/><E117/><V10/><F124/><W94/><G94/><N who="2" m="35849" /><F69/><W40/><G57/><T46/><D135/><U104/><E2/><V6/><F75/><W56/><G61/><T110/><D110/><U73/><E90/><V118/><F118/><W109/><G56/><T37/><D113/><U131/><E82/><N who="2" m="31851" /><F63/><W85/><G40/><T0/><D106/><U47/><REACH who="1" step="1"/><E131/><REACH who="1" ten="171,270,179,370" step="2"/><V125/><F125/><W77/><G130/><T103/><D83/><U18/><AGARI ba="0,1" hai="18,20,26,47,50,52,59,60,66,72,73,97,100,104" machi="18" ten="20,12000,2" yaku="1,1,2,1,0,1,7,1,54,1,53,1" doraHai="111" doraHaiUra="41" who="1" fromWho="1" sc="171,-30,270,130,179,-30,370,-60" owari="141,-36.0,400,50.0,149,-25.0,310,11.0" /></mjloggm>