<mjloggm ver="2.3"><GO type="41" lobby="0"/><UN n0="%E5%B0%B1%E6%B4%BB%E7%94%9F%40%E5%B7%9D%E6%9D%91%E8%BB%8D%E5%9B%A3" n1="%74%61%69%63%68%61" n2="%63%6F%6C%61%38%37" n3="%73%69%76%69%67%6C%69%61" dan="14,13,14,14" rate="1973.17,1817.51,1902.76,1919.67" sx="M,M,M,M"/><TAIKYOKU oya="0"/><INIT seed="0,0,0,3,0,134" ten="250,250,250,250" oya="0" hai0="52,35,118,122,23,120,64,115,92,69,51,66,132" hai1="25,11,67,0,49,1,58,94,97,14,37,81,59" hai2="102,6,38,91,70,17,65,46,85,107,84,127,133" hai3="103,104,86,28,13,61,108,73,88,101,129,20,15"/><T95/><D118/><U105/><E37/><V34/><F127/><W55/><G108/><T44/><D132/><U50/><E105/><V113/><F133/><W83/><G129/><T123/><D35/><U40/><E25/><V117/><F113/><W19/><G28/><T90/><D115/><U31/><E81/><V54/><F6/><W98/><G101/><T47/><D69/><U4/><E31/><V32/><F117/><W42/><G42/><T30/><D47/><U29/><E29/><V21/><F65/><W56/><REACH who="3" step="1"/><G73/><REACH who="3" ten="250,250,250,240" step="2"/><T62/><D30/><U89/><E40/><V60/><F102/><W110/><G110/><T125/><D122/><U128/><E128/><V48/><F107/><W12/><AGARI ba="0,1" hai="12,13,15,19,20,55,56,61,83,86,88,98,103,104" machi="12" ten="20,12000,2" yaku="1,1,0,1,7,1,54,1,53,3" doraHai="134" doraHaiUra="10" who="3" fromWho="3" sc="250,-60,250,-30,250,-30,240,130" /><INIT seed="1,0,0,3,2,58" ten="190,220,220,370" oya="1" hai0="122,124,17,135,99,21,91,108,53,126,92,96,81" hai1="95,69,24,103,128,94,132,39,130,100,110,97,40" hai2="123,85,61,65,8,119,18,71,111,80,42,31,131" hai3="82,16,28,89,115,0,70,48,12,88,106,102,13"/><U10/><E69/><V67/><F119/><W29/><G115/><T60/><D122/><U59/><E10/><V37/><F123/><W14/><G0/><T38/><D38/><U76/><E76/><V86/><F131/><N who="1" m="50217" /><E132/><V73/><F31/><N who="3" m="11851" /><G70/><T23/><D135/><U101/><E24/><V72/><F111/><W90/><G106/><T83/><D108/><U4/><E4/><V47/><BYE who="1" /><F67/><W45/><G102/><T109/><D99/><U32/><E32/><V118/><F118/><UN n1="%74%61%69%63%68%61" /><W36/><G36/><T25/><D23/><U114/><E114/><V77/><REACH who="2" step="1"/><F72/><REACH who="2" ten="190,220,210,370" step="2"/><W6/><G6/><T62/><D109/><U46/><E110/><V113/><F113/><W116/><G116/><T49/><D124/><U112/><E112/><V3/><F3/><W66/><G66/><T11/><D126/><U134/><E134/><V120/><F120/><W7/><G7/><T125/><D125/><U27/><E97/><V107/><F107/><W50/><G82/><N who="0" m="31243" /><D11/><U56/><E95/><V74/><F74/><W19/><G50/><T104/><D104/><U93/><E94/><V52/><F52/><AGARI ba="0,1" hai="12,13,14,16,19,45,48,52,88,89,90" m="11851" machi="52" ten="30,7700,0" yaku="8,1,54,3" doraHai="58" who="3" fromWho="2" sc="190,0,220,0,210,-77,370,87" /><INIT seed="2,0,0,2,4,93" ten="190,220,133,457" oya="2" hai0="108,76,27,86,92,129,10,89,70,54,112,118,46" hai1="100,31,23,19,44,75,97,82,67,52,121,105,12" hai2="61,102,83,48,94,4,110,28,90,68,124,60,1" hai3="126,21,39,51,69,132,33,106,16,50,18,0,24"/><V71/><F124/><W38/><G106/><T96/><D70/><U113/><E113/><V104/><F28/><W34/><G69/><T107/><D112/><U35/><E67/><V29/><F71/><W26/><G21/><T120/><D120/><U30/><E35/><V95/><F68/><W80/><G80/><N who="0" m="47367" /><D107/><U115/><E121/><V116/><F116/><W127/><G132/><T55/><D118/><U135/><E135/><V45/><F29/><W36/><G39/><T122/><D122/><U114/><E114/><V32/><F32/><W87/><G87/><T130/><D108/><U62/><E115/><V8/><F110/><W77/><G77/><T125/><D125/><U131/><E131/><N who="0" m="50185" /><D46/><U91/><E44/><V117/><F117/><W20/><G20/><T111/><D111/><U74/><E74/><V56/><F104/><W3/><AGARI ba="0,0" hai="0,3,16,18,24,26,33,34,36,38,50,51,126,127" machi="3" ten="25,6400,0" yaku="0,1,22,2,54,1" doraHai="93" who="3" fromWho="3" sc="190,-16,220,-16,133,-32,457,64" /><INIT seed="3,0,0,5,0,44" ten="174,204,101,521" oya="3" hai0="119,131,9,35,132,72,27,76,99,97,52,128,84" hai1="0,101,34,92,32,69,48,12,21,135,13,5,85" hai2="124,26,89,56,43,111,102,77,106,15,62,95,78" hai3="53,60,16,115,94,11,55,10,33,40,14,83,51"/><W87/><G115/><T24/><D119/><U2/><E69/><V96/><F111/><W71/><G33/><T79/><D72/><U37/><E37/><V17/><F124/><W7/><G94/><T42/><D42/><U126/><E135/><V50/><F26/><N who="0" m="9770" /><D35/><U120/><E21/><V39/><F39/><W31/><G31/><T1/><D132/><U61/><E61/><V100/><F106/><W74/><G74/><T20/><D20/><U107/><E85/><V114/><F114/><W22/><G10/><T29/><D29/><U90/><E90/><V112/><F112/><W23/><G23/><T81/><D76/><N who="2" m="29290" /><F62/><W118/><G118/><T98/><D9/><U75/><E75/><V38/><F38/><W30/><G30/><T65/><D65/><U49/><E92/><V66/><F66/><W121/><G121/><T103/><D1/><U64/><E64/><V54/><F43/><W19/><G60/><T117/><D117/><U88/><E88/><V109/><F109/><W36/><G36/><T86/><D103/><U91/><E91/><V127/><F127/><W58/><G71/><T70/><D70/><U47/><E126/><V125/><F125/><W25/><G40/><T110/><D110/><U116/><E116/><V129/><F129/><N who="0" m="49738" /><D86/><U134/><E134/><V130/><F130/><W133/><G133/><T82/><D82/><U45/><E120/><V113/><F113/><W123/><G123/><T122/><D122/><U6/><E101/><V3/><F3/><W93/><G83/><T68/><D68/><U104/><AGARI ba="0,0" hai="0,2,5,6,12,13,32,34,45,47,48,49,104,107" machi="104" ten="25,8000,1" yaku="0,1,22,2,52,2" doraHai="44" who="1" fromWho="1" sc="174,-20,204,80,101,-20,521,-40" /><INIT seed="4,0,0,0,1,54" ten="154,284,81,481" oya="0" hai0="101,114,63,115,42,80,0,16,97,123,84,28,110" hai1="95,124,85,4,87,81,8,24,116,61,41,3,111" hai2="49,1,118,34,120,113,92,25,117,47,73,121,66" hai3="102,62,131,32,19,55,13,31,21,122,56,5,130"/><T105/><D0/><U125/><E111/><V29/><F73/><W128/><G122/><T11/><D123/><U75/><E41/><V79/><F1/><W30/><G102/><T94/><D42/><U40/><E40/><N who="2" m="24807" /><F79/><W23/><G5/><T132/><D28/><N who="3" m="10793" /><G32/><T43/><D43/><U135/><E116/><N who="2" m="44651" /><F113/><N who="0" m="43018" /><D110/><U134/><E75/><V38/><F38/><W9/><AGARI ba="0,0" hai="9,13,19,21,23,55,56,62,128,130,131" m="10793" machi="9" ten="40,2700,0" yaku="19,1,52,1" doraHai="54" who="3" fromWho="3" sc="154,-13,284,-7,81,-7,481,27" /><INIT seed="5,0,0,2,1,124" ten="141,277,74,508" oya="1" hai0="107,39,65,53,27,7,116,15,12,2,87,75,117" hai1="23,29,70,55,129,113,69,40,11,106,128,78,30" hai2="42,114,100,104,120,47,108,25,111,36,14,77,60" hai3="34,135,80,76,58,66,123,98,33,71,62,95,61"/><U21/><E106/><V83/><F120/><W86/><G135/><T115/><D39/><U44/><E113/><V93/><F14/><W96/><G123/><T41/><D75/><U46/><E11/><V109/><F104/><W50/><G50/><T24/><D107/><U133/><E78/><V121/><F121/><W130/><G130/><N who="1" m="50282" /><E55/><V85/><F114/><W37/><G37/><T91/><D115/><U103/><E103/><V122/><F60/><W19/><G19/><T17/><D41/><U22/><E133/><V4/><F4/><W73/><G73/><T20/><D65/><U8/><E8/><V45/><F122/><W52/><G96/><T132/><D132/><U88/><E88/><AGARI ba="0,0" hai="33,34,52,58,61,62,66,71,76,80,86,88,95,98" machi="88" ten="30,3900,0" yaku="7,1,54,2" doraHai="124" who="3" fromWho="1" sc="141,0,277,-39,74,0,508,39" /><INIT seed="6,0,0,3,2,81" ten="141,238,74,547" oya="2" hai0="111,8,7,31,127,130,89,1,28,34,86,39,76" hai1="9,58,126,61,88,26,48,69,108,105,0,118,2" hai2="13,70,47,77,85,128,55,54,84,132,107,40,103" hai3="93,33,59,125,116,19,45,6,65,102,56,106,22"/><V75/><F70/><W134/><G125/><T5/><D39/><U23/><E108/><V17/><F132/><W52/><G33/><T92/><D111/><U14/><E118/><V78/><F128/><W97/><G116/><T119/><D119/><U30/><E105/><V20/><F75/><W64/><G134/><T87/><D127/><U15/><E14/><V135/><F135/><W109/><G109/><T12/><D130/><U110/><E69/><V11/><F107/><W41/><G6/><N who="0" m="3095" /><D34/><U50/><E110/><V80/><F103/><W117/><G106/><T44/><D44/><U83/><E2/><V123/><F123/><W82/><G82/><N who="0" m="47431" /><D1/><U121/><E0/><V60/><F60/><N who="3" m="35847" /><G117/><T129/><D129/><U43/><E121/><V114/><F114/><W36/><G36/><T131/><D131/><U46/><E126/><V29/><F40/><W18/><G59/><T21/><D28/><U115/><E115/><V95/><F29/><W24/><G45/><T79/><D79/><N who="2" m="30218" /><F47/><W90/><G41/><T3/><D3/><U35/><E35/><V67/><F67/><N who="3" m="25675" /><G18/><T112/><D112/><U99/><E43/><V68/><F68/><W133/><G133/><T74/><D74/><U100/><E46/><V62/><F62/><W63/><G63/><T42/><D42/><U113/><E113/><V101/><F55/><W120/><G102/><T51/><D51/><U53/><E100/><V122/><F54/><W4/><G120/><T91/><D91/><U57/><E57/><V37/><F122/><W98/><G4/><T27/><AGARI ba="0,0" hai="5,7,21,27,31,87,89,92" m="47431,3095" machi="27" ten="30,4000,0" yaku="8,1,52,2" doraHai="81" who="0" fromWho="0" sc="141,40,238,-10,74,-20,547,-10" /><INIT seed="7,0,0,3,1,107" ten="181,228,54,537" oya="3" hai0="111,26,115,67,22,0,92,133,124,81,27,75,16" hai1="1,28,108,120,53,39,56,4,128,122,31,90,110" hai2="65,100,23,34,97,30,113,125,71,66,69,35,130" hai3="87,109,59,93,7,88,15,106,76,42,29,18,118"/><W112/><G118/><T9/><D111/><U33/><E39/><V48/><F48/><W64/><G106/><T129/><D133/><U80/><E33/><V89/><F113/><W49/><G112/><T101/><D115/><U121/><E1/><V45/><F89/><W63/><G109/><T10/><D129/><U12/><E108/><V36/><F130/><W20/><G76/><T119/><D119/><U40/><E40/><V91/><F91/><W8/><G29/><T84/><D124/><U99/><E128/><V79/><F79/><W105/><G105/><T44/><D67/><U19/><E4/><V96/><F36/><W47/><G7/><T11/><D0/><U32/><E32/><V78/><F45/><W17/><G17/><T43/><D27/><U41/><E41/><V51/><F51/><W134/><G134/><T58/><D58/><U98/><E110/><V82/><F30/><W114/><G114/><T85/><D92/><U54/><E54/><V103/><F78/><W3/><G3/><T117/><D101/><U72/><E28/><V55/><F23/><AGARI ba="0,0" hai="8,15,18,20,23,42,47,49,59,63,64,87,88,93" machi="23" ten="40,3900,0" yaku="8,1,54,1" doraHai="107" who="3" fromWho="2" sc="181,0,228,0,54,-39,537,39" owari="181,-22.0,228,3.0,15,-48.0,576,67.0" /></mjloggm>