<mjloggm ver="2.3"><GO type="97" lobby="0"/><UN n0="%E3%82%B3%E3%83%B3%E3%83%93%E3%83%8B%E5%BA%97%E9%95%B7" n1="%62%6C%75%74%75%73%32" n2="%E5%B0%B1%E6%B4%BB%E7%94%9F%40%E5%B7%9D%E6%9D%91%E8%BB%8D%E5%9B%A3" n3="%73%74%65%69%6E" dan="13,13,15,15" rate="1885.35,1821.54,1999.94,2031.23" sx="M,M,M,M"/><TAIKYOKU oya="0"/><INIT seed="0,0,0,1,3,46" ten="250,250,250,250" oya="0" hai0="26,83,23,84,45,69,41,104,32,8,126,87,19" hai1="33,38,116,15,125,25,121,37,53,112,129,74,2" hai2="24,73,106,85,68,96,117,3,103,115,40,77,66" hai3="59,105,65,20,131,120,0,4,127,16,133,21,62"/><T27/><D126/><U51/><RYUUKYOKU type="yao9" ba="0,0" sc="250,0,250,0,250,0,250,0" hai1="2,15,25,33,37,38,51,53,74,112,116,121,125,129" /><INIT seed="0,1,0,2,1,132" ten="250,250,250,250" oya="0" hai0="92,119,121,94,81,38,9,58,115,65,87,22,134" hai1="29,113,50,82,63,30,16,110,3,117,1,70,48" hai2="13,19,116,45,33,26,102,43,44,52,68,0,40" hai3="75,24,21,96,100,98,27,101,133,34,109,90,53"/><T61/><D121/><U95/><E117/><V103/><F0/><W80/><G109/><T108/><D119/><U71/><E110/><V86/><F68/><W15/><G133/><T7/><D108/><U47/><E113/><V18/><F116/><W91/><G15/><N who="0" m="5567" /><D38/><U12/><E50/><N who="2" m="28743" /><F33/><W128/><G128/><T89/><D115/><U120/><E120/><V39/><F39/><W37/><G37/><T135/><D135/><U131/><E131/><V64/><F64/><W73/><G53/><T97/><D134/><U114/><E114/><V5/><F86/><W59/><G21/><T66/><D22/><U69/><E63/><V35/><F35/><W125/><G59/><N who="0" m="37055" /><D97/><U57/><E82/><V124/><F124/><W20/><G20/><T25/><D25/><U107/><E107/><V17/><F26/><W105/><G34/><T8/><D8/><U54/><E95/><N who="0" m="36393" /><D66/><U112/><E112/><V72/><F72/><W60/><G60/><T126/><D126/><U83/><E83/><V104/><F104/><W49/><G80/><T123/><D123/><U67/><E67/><V42/><F45/><W78/><G105/><T84/><D58/><U55/><E57/><V74/><F74/><W93/><G93/><T77/><D87/><U31/><REACH who="1" step="1"/><E55/><REACH who="1" ten="250,240,250,250" step="2"/><V79/><F79/><AGARI ba="1,1" hai="77,79,81,84,89" m="36393,37055,5567" machi="79" ten="30,1500,0" yaku="8,1" doraHai="132" who="0" fromWho="2" sc="250,28,240,0,250,-18,250,0" /><INIT seed="0,2,0,4,2,90" ten="278,240,232,250" oya="0" hai0="79,47,92,16,54,134,50,101,69,48,19,7,82" hai1="78,41,32,34,108,49,15,24,89,44,33,113,132" hai2="12,5,86,46,116,17,29,61,38,8,106,114,124" hai3="129,87,122,57,121,0,52,64,20,66,21,107,76"/><T133/><D69/><U74/><E132/><N who="0" m="50793" /><D7/><U11/><E108/><V53/><F106/><W91/><G0/><T30/><D30/><U81/><E113/><V73/><F114/><W109/><G129/><T84/><D50/><U59/><E59/><V9/><F73/><W98/><G109/><T112/><D112/><U99/><E24/><V85/><F116/><W14/><G76/><T119/><D119/><U93/><E34/><V120/><F120/><N who="3" m="46187" /><G14/><T23/><D23/><N who="3" m="8777" /><G98/><AGARI ba="2,0" hai="16,19,47,48,54,79,82,84,92,98,101" m="50793" machi="98" ten="30,5800,0" yaku="20,1,52,1,54,1" doraHai="90" who="0" fromWho="3" sc="278,64,240,0,232,0,250,-64" /><INIT seed="0,3,0,2,3,81" ten="342,240,232,186" oya="0" hai0="17,20,74,110,87,90,108,59,27,3,115,39,95" hai1="94,82,14,62,89,112,121,66,93,135,48,68,105" hai2="25,26,92,44,99,23,113,103,41,2,119,18,24" hai3="58,97,47,128,61,52,124,84,56,22,114,60,34"/><T77/><D115/><U5/><E121/><V106/><F113/><W29/><G34/><T76/><D39/><U118/><E112/><V127/><F119/><W78/><G114/><T42/><D42/><U64/><E118/><V53/><F2/><W21/><G124/><T85/><D74/><U38/><E105/><V72/><F72/><W31/><G128/><T57/><D3/><U111/><E135/><V49/><F127/><W65/><G97/><T102/><D102/><U9/><E111/><N who="0" m="42537" /><D77/><U15/><E38/><V75/><F75/><W79/><G47/><T133/><D133/><U43/><E66/><V11/><F11/><W1/><G1/><T116/><D116/><U129/><E129/><V4/><F4/><W70/><G70/><T36/><D36/><U96/><E94/><V130/><F130/><W120/><G120/><T50/><D50/><U28/><E28/><N who="3" m="10826" /><G78/><T69/><D69/><U126/><E126/><V33/><F33/><W125/><G125/><T54/><D54/><U13/><E82/><AGARI ba="3,0" hai="21,22,52,56,58,60,61,65,79,82,84" m="10826" machi="82" ten="30,3900,0" yaku="8,1,52,1,54,1" doraHai="81" who="3" fromWho="1" sc="342,0,240,-48,232,0,186,48" /><AGARI ba="3,0" hai="17,20,27,57,59,76,82,85,87,90,95" m="42537" machi="82" ten="30,11600,0" yaku="14,1,10,1,52,2" doraHai="81" who="0" fromWho="1" sc="342,116,192,-116,232,0,234,0" /><INIT seed="0,4,0,4,3,22" ten="458,76,232,234" oya="0" hai0="134,77,89,24,133,109,2,129,63,112,69,11,96" hai1="117,113,84,85,120,108,25,40,66,10,67,14,51" hai2="82,64,33,79,97,20,110,91,17,35,18,95,111" hai3="0,71,124,1,39,38,47,58,3,121,12,116,28"/><T106/><D112/><U31/><E117/><V128/><F64/><W59/><G71/><T107/><D89/><U9/><E120/><V73/><F128/><W105/><G116/><T131/><D77/><U36/><E36/><V32/><REACH who="2" step="1"/><F18/><REACH who="2" ten="458,76,222,234" step="2"/><W42/><G121/><T75/><D131/><U80/><E113/><V94/><F94/><W56/><G105/><T126/><D129/><U103/><E108/><V65/><F65/><W6/><G124/><T60/><D126/><U26/><E67/><V49/><F49/><W4/><G38/><T52/><D109/><U21/><E66/><V114/><F114/><W93/><G93/><T44/><D107/><U92/><E14/><AGARI ba="4,1" hai="14,17,20,32,33,35,73,79,82,91,95,97,110,111" machi="14" ten="40,2600,0" yaku="1,1,53,1" doraHai="22" doraHaiUra="74" who="2" fromWho="1" sc="458,0,76,-38,222,48,234,0" /><INIT seed="1,0,0,5,3,100" ten="458,38,270,234" oya="1" hai0="59,122,0,107,125,67,44,28,83,133,66,101,11" hai1="45,57,43,12,123,53,99,54,32,82,14,94,31" hai2="102,51,16,131,60,104,29,9,91,130,78,4,108" hai3="42,89,56,52,95,1,62,8,27,75,106,3,61"/><U86/><E123/><V6/><F108/><W10/><G75/><T36/><D122/><U84/><E32/><V39/><F39/><W90/><G42/><T24/><D125/><U15/><E31/><V25/><F78/><W80/><G27/><T70/><D133/><U17/><E84/><V105/><F91/><W135/><G135/><T71/><D59/><U114/><E114/><V2/><F6/><W103/><G80/><T116/><D83/><U88/><E17/><V50/><F60/><W81/><G81/><T111/><D111/><U5/><E57/><V63/><F63/><W40/><G40/><N who="0" m="22535" /><D66/><U20/><E20/><N who="2" m="13447" /><F29/><W22/><G22/><T77/><D116/><U112/><E112/><V65/><F102/><W128/><G62/><T97/><D67/><U110/><E110/><V55/><F51/><W119/><G119/><T49/><D49/><N who="1" m="26815" /><E5/><V92/><F92/><W93/><G93/><T118/><D77/><AGARI ba="0,0" hai="12,14,15,53,54,77,82,86,88,94,99" m="26815" machi="77" ten="30,2900,0" yaku="8,1,54,1" doraHai="100" who="1" fromWho="0" sc="458,-29,38,29,270,0,234,0" /><INIT seed="1,1,0,5,1,22" ten="429,67,270,234" oya="1" hai0="20,9,56,96,101,43,123,46,33,105,19,10,100" hai1="72,124,79,81,109,76,35,125,78,74,4,92,63" hai2="47,34,77,1,93,70,134,87,84,12,126,29,116" hai3="39,114,64,119,99,121,83,68,8,91,11,122,85"/><U18/><E35/><V62/><F1/><W40/><G114/><T30/><D123/><U90/><E4/><V7/><F116/><W41/><G68/><T69/><D69/><U130/><E18/><V95/><F126/><N who="1" m="48745" /><E63/><V112/><F112/><W44/><G64/><T54/><D30/><U135/><E135/><V86/><F134/><W48/><G119/><T97/><D33/><U128/><E109/><V2/><F2/><W102/><G41/><T131/><D131/><N who="1" m="50219" /><E81/><V15/><F77/><W37/><G8/><T89/><D43/><U14/><E14/><V26/><F47/><W132/><G132/><T50/><D46/><U98/><AGARI ba="1,0" hai="72,74,76,78,79,90,92,98" m="50219,48745" machi="98" ten="40,12000,1" yaku="18,1,19,1,34,2" doraHai="22" who="1" fromWho="1" sc="429,-41,67,123,270,-41,234,-41" /><INIT seed="1,2,0,0,0,110" ten="388,190,229,193" oya="1" hai0="30,32,66,124,95,111,121,0,49,92,67,65,14" hai1="16,73,113,78,131,86,20,76,112,69,37,135,125" hai2="68,91,123,60,34,46,128,12,75,127,102,25,4" hai3="71,106,23,11,7,42,58,117,27,129,109,126,122"/><U90/><E69/><V31/><F123/><W52/><G71/><T77/><D111/><U28/><E37/><V133/><F75/><W24/><G122/><T74/><D121/><U47/><E125/><V21/><F127/><W103/><G109/><T48/><D0/><U40/><E131/><V13/><F128/><W36/><G126/><T39/><D39/><U98/><E135/><V63/><F63/><W53/><G129/><T79/><D74/><U96/><E28/><V104/><F133/><W17/><G117/><T115/><D115/><U82/><E76/><N who="0" m="29257" /><D32/><U134/><E134/><V120/><F91/><W81/><G81/><T45/><D124/><U22/><E22/><V2/><F46/><W114/><G114/><T3/><D3/><U54/><E54/><V62/><F62/><W59/><G106/><T97/><D30/><U72/><E72/><V15/><F120/><W55/><G103/><N who="0" m="60839" /><D14/><U18/><E18/><V38/><F38/><W93/><G36/><T8/><D8/><U84/><E73/><V85/><F2/><W61/><G11/><T116/><D116/><U1/><E1/><V10/><F85/><W80/><G80/><T99/><D45/><U6/><E6/><V56/><F68/><W107/><G7/><T29/><D29/><U33/><E33/><V19/><F34/><W51/><G107/><T108/><D108/><U89/><E78/><V88/><F31/><W87/><G87/><T5/><D5/><U101/><E47/><V83/><F4/><W105/><G105/><T41/><D41/><U70/><E40/><V119/><F104/><RYUUKYOKU ba="2,0" sc="388,30,190,-10,229,-10,193,-10" hai0="48,49,65,66,67,95,99" /><INIT seed="2,3,0,1,0,55" ten="418,180,219,183" oya="2" hai0="31,0,70,91,124,99,103,128,132,104,126,7,4" hai1="94,75,107,34,43,59,58,32,67,84,121,16,37" hai2="5,11,120,96,81,112,73,102,123,62,133,92,12" hai3="130,20,33,97,27,76,52,17,6,74,24,93,54"/><V86/><F112/><W14/><G130/><T65/><D128/><U49/><E107/><V18/><F133/><W26/><G33/><T101/><D132/><U87/><E75/><V100/><F73/><W40/><G40/><T72/><D72/><U39/><E43/><V90/><F102/><W29/><G29/><T10/><D4/><U47/><E67/><V30/><F30/><W60/><G6/><T78/><D78/><U115/><E94/><V118/><F118/><W89/><REACH who="3" step="1"/><G60/><REACH who="3" ten="418,180,219,173" step="2"/><N who="0" m="40231" /><D31/><U110/><E121/><V83/><F62/><W127/><G127/><N who="0" m="48683" /><D104/><U63/><E115/><V69/><F69/><W48/><G48/><T1/><D1/><U71/><E63/><V131/><F131/><W85/><G85/><T56/><D0/><U95/><E71/><V23/><F123/><W57/><G57/><T122/><D56/><U41/><E49/><V44/><F120/><W77/><G77/><T15/><D122/><U109/><E41/><V8/><F44/><W125/><G125/><T36/><D36/><U64/><E47/><V114/><F114/><W66/><G66/><T28/><D28/><U9/><E87/><N who="2" m="50543" /><F5/><W22/><G22/><T53/><D7/><U82/><E84/><V38/><F38/><W119/><G119/><T35/><D35/><U98/><E32/><V129/><F129/><W108/><G108/><T42/><D42/><U46/><E34/><V50/><F50/><W117/><G117/><T134/><D53/><U13/><E110/><V51/><F51/><W111/><G111/><T2/><D2/><U3/><E109/><V88/><AGARI ba="3,1" hai="8,11,12,18,23,83,86,88,92,96,100" m="50543" machi="88" ten="30,6000,0" yaku="5,1,8,1,54,1" doraHai="55" who="2" fromWho="2" sc="418,-23,180,-23,219,79,173,-23" /><INIT seed="2,4,0,3,5,76" ten="395,157,298,150" oya="2" hai0="13,44,101,31,121,65,54,10,122,41,94,71,6" hai1="79,1,69,97,123,29,67,36,99,18,83,131,92" hai2="47,9,5,62,55,104,33,60,45,91,23,40,73" hai3="15,11,63,125,21,66,133,38,80,25,12,87,110"/><V117/><F33/><W84/><G38/><T3/><D31/><U24/><E1/><V30/><F104/><W128/><G110/><T68/><D54/><U0/><E36/><V112/><F117/><W52/><G125/><T72/><D72/><U43/><E43/><V19/><F112/><W78/><G128/><T2/><D2/><U85/><E0/><V64/><F30/><W82/><G133/><T81/><D81/><U124/><E124/><V51/><F73/><W42/><G42/><T134/><D13/><U70/><E131/><V109/><F109/><W129/><G129/><T35/><D134/><U100/><E123/><N who="0" m="47113" /><D94/><U50/><E50/><N who="2" m="26919" /><F64/><W4/><G15/><T49/><D49/><U102/><E18/><V27/><F91/><W53/><G66/><T119/><D101/><U135/><E135/><V86/><F86/><W103/><G103/><T59/><D59/><U46/><E46/><V34/><F34/><W39/><G63/><N who="2" m="24105" /><F9/><W113/><G39/><N who="0" m="21567" /><D119/><U8/><E8/><V111/><F111/><W28/><G113/><T16/><D65/><U74/><E67/><V75/><F75/><W88/><AGARI ba="4,0" hai="4,11,12,21,25,28,52,53,78,80,82,84,87,88" machi="88" ten="20,12000,2" yaku="0,1,7,1,8,1,52,2,54,2" doraHai="76" who="3" fromWho="3" sc="395,-34,157,-34,298,-64,150,132" /><INIT seed="3,0,0,3,2,61" ten="361,123,234,282" oya="3" hai0="84,23,118,31,119,55,117,72,79,111,13,57,73" hai1="130,131,25,134,100,126,82,47,64,41,70,97,5" hai2="81,20,26,9,63,95,105,65,0,38,80,92,129" hai3="109,123,71,42,50,110,4,28,49,27,43,40,106"/><W14/><G106/><T2/><D2/><U124/><E5/><V48/><F105/><W91/><G123/><T113/><D111/><N who="3" m="42505" /><G71/><T101/><D101/><U3/><E3/><V115/><F38/><W128/><G128/><N who="1" m="49194" /><E82/><V103/><F129/><W112/><G112/><T102/><D113/><U35/><E25/><V39/><F115/><W24/><G91/><T44/><D102/><U17/><E35/><V98/><F39/><W78/><G78/><T69/><D69/><U77/><E17/><V54/><F0/><W132/><G132/><T120/><D120/><U133/><E77/><V51/><F9/><N who="3" m="4391" /><G24/><T87/><D73/><U76/><E76/><V18/><F95/><W36/><G36/><T67/><D72/><U8/><E8/><V21/><F21/><AGARI ba="0,0" hai="21,27,28,40,42,43,49,50" m="4391,42505" machi="21" ten="30,2900,0" yaku="14,1,10,1" doraHai="61" who="3" fromWho="2" sc="361,0,123,0,234,-29,282,29" /><INIT seed="3,1,0,4,1,121" ten="361,123,205,311" oya="3" hai0="57,28,58,101,12,95,108,9,52,34,118,119,5" hai1="75,16,112,40,69,81,37,117,23,33,64,120,48" hai2="88,71,97,68,109,135,129,63,59,100,113,65,127" hai3="106,92,80,4,87,55,72,74,18,115,11,15,41"/><W107/><G115/><T79/><D108/><U104/><E112/><V77/><F109/><W17/><G92/><T14/><D118/><U47/><E120/><V93/><F113/><W21/><G41/><T105/><D119/><U43/><E33/><V42/><F127/><W26/><G74/><T6/><D105/><U8/><E117/><V125/><F125/><W54/><G72/><T96/><D34/><U25/><E104/><V83/><F129/><W19/><G107/><T13/><D28/><U133/><E133/><V90/><F135/><W130/><G106/><T76/><D58/><U3/><E40/><V49/><F71/><W46/><G130/><T61/><D14/><U102/><E102/><V56/><F68/><W73/><G73/><T134/><D134/><U7/><E69/><V36/><F36/><W1/><G1/><T131/><D131/><U86/><E64/><V123/><F123/><W84/><G84/><T99/><D96/><U51/><REACH who="1" step="1"/><E86/><REACH who="1" ten="361,113,205,311" step="2"/><N who="2" m="48495" /><F42/><W132/><G132/><T20/><D20/><U53/><E53/><AGARI ba="1,1" hai="49,53,56,59,63,65,88,90,93,97,100" m="48495" machi="53" ten="30,2000,0" yaku="8,1,54,1" doraHai="121" who="2" fromWho="1" sc="361,0,113,-23,205,33,311,0" owari="361,46.0,90,-41.0,238,-16.0,311,11.0" /></mjloggm>