<mjloggm ver="2.3"><GO type="169" lobby="0"/><UN n0="%E7%82%AD%40%E6%9D%8F%E6%9D%8F%E8%BB%8D%E5%9B%A3" n1="%E3%83%89%E3%83%90%E3%82%AF%E3%83%81%E5%A4%A7%E9%87%8E" n2="%E5%B0%B1%E6%B4%BB%E7%94%9F%40%E5%B7%9D%E6%9D%91%E8%BB%8D%E5%9B%A3" n3="%E3%83%96%E3%83%AB%E3%83%96%E3%83%AB%E3%83%8F%E3%83%BC%E3%83%84" dan="16,17,16,18" rate="2129.17,2219.62,2038.43,2211.45" sx="M,M,M,M"/><TAIKYOKU oya="0"/><INIT seed="0,0,0,0,0,8" ten="250,250,250,250" oya="0" hai0="122,107,125,67,85,6,129,86,75,115,135,99,30" hai1="35,40,74,42,54,25,132,113,94,12,100,127,47" hai2="0,55,123,120,111,19,116,81,79,53,90,117,43" hai3="29,72,56,1,98,87,50,70,126,2,34,14,103"/><T91/><D115/><U84/><E74/><V104/><F0/><W23/><G70/><T73/><D122/><U36/><E113/><V45/><F104/><W124/><G72/><T69/><D125/><U66/><E127/><N who="3" m="48682" /><G34/><T130/><D6/><U49/><E132/><V114/><F114/><W17/><G29/><T48/><D30/><U13/><E35/><V32/><F32/><W18/><G87/><N who="0" m="33291" /><D48/><U119/><E119/><N who="2" m="45643" /><F90/><W88/><G17/><T83/><D67/><U76/><E66/><V78/><F19/><W121/><G121/><N who="2" m="46665" /><F111/><W4/><G4/><T39/><D69/><U38/><E25/><V109/><F109/><W82/><G82/><T57/><D39/><U20/><E38/><N who="2" m="21751" /><F81/><W71/><G71/><T65/><D107/><U77/><E36/><V26/><F26/><W11/><G11/><T131/><D83/><N who="1" m="47207" /><E77/><AGARI ba="0,0" hai="53,55,77,78,79" m="21751,46665,45643" machi="77" ten="30,1000,0" yaku="12,1" doraHai="8" who="2" fromWho="1" sc="250,0,250,-10,250,10,250,0" /><INIT seed="1,0,0,0,2,70" ten="250,240,260,250" oya="1" hai0="66,25,61,45,80,124,52,48,8,127,101,58,81" hai1="92,105,46,91,132,93,62,120,110,130,107,49,65" hai2="26,68,13,109,20,43,71,9,116,38,53,67,128" hai3="63,28,64,14,44,24,15,114,89,113,76,72,86"/><U125/><E120/><V30/><F116/><W7/><G76/><T22/><D101/><U75/><E75/><V29/><F128/><W115/><G72/><T90/><D8/><U37/><E130/><V95/><F109/><W41/><G7/><T18/><REACH who="0" step="1"/><D90/><REACH who="0" ten="240,240,260,250" step="2"/><U1/><E110/><V36/><F30/><W50/><G113/><T54/><D54/><U96/><E132/><V55/><F55/><W56/><G114/><T6/><D6/><U126/><E126/><AGARI ba="0,1" hai="18,22,25,45,48,52,58,61,66,80,81,124,126,127" machi="126" ten="40,5200,0" yaku="1,1,18,1,54,1,53,0" doraHai="70" doraHaiUra="118" who="0" fromWho="1" sc="240,62,240,-52,260,0,250,0" /><INIT seed="2,0,0,5,5,100" ten="302,188,260,250" oya="2" hai0="81,61,103,111,60,106,101,130,11,28,124,135,107" hai1="90,112,131,10,76,16,133,127,2,50,3,97,105" hai2="64,120,117,35,38,75,12,132,110,118,20,74,54" hai3="49,19,29,65,22,9,89,91,57,59,43,84,121"/><V15/><F35/><W77/><G121/><T27/><D111/><U73/><E112/><V79/><F38/><W18/><G77/><T47/><D124/><U128/><E127/><V126/><F120/><W39/><G39/><T46/><D130/><N who="1" m="49707" /><E133/><V58/><F126/><W82/><G89/><T67/><D135/><U92/><E73/><V34/><F34/><W113/><G113/><T62/><D67/><U31/><E31/><V115/><F115/><W134/><G134/><T37/><D81/><U8/><E76/><V55/><F79/><W78/><G78/><T108/><D108/><U4/><E50/><V129/><F129/><W69/><G69/><T32/><D11/><U17/><E105/><V21/><F64/><W6/><G29/><T56/><D56/><U88/><E90/><V119/><F132/><W122/><G19/><N who="1" m="7242" /><E10/><V114/><F114/><W33/><G33/><T116/><D116/><U99/><E99/><V70/><F70/><W95/><G59/><T68/><D68/><U25/><E25/><V44/><F110/><W7/><G9/><T85/><D85/><U40/><E40/><V51/><F75/><W102/><G43/><T94/><D103/><U96/><E96/><V63/><F74/><W104/><G104/><T1/><D1/><AGARI ba="0,0" hai="1,2,3,4,8,88,92,97" m="7242,49707" machi="1" ten="30,3900,0" yaku="19,1,54,2" doraHai="100" who="1" fromWho="0" sc="302,-39,188,39,260,0,250,0" /><INIT seed="3,0,0,1,0,23" ten="263,227,260,250" oya="3" hai0="31,7,107,50,115,77,53,2,60,34,100,41,29" hai1="26,61,62,13,117,82,79,63,129,56,112,132,71" hai2="113,118,42,66,95,57,119,22,125,111,10,27,109" hai3="91,75,49,121,81,8,4,3,88,105,59,124,51"/><W114/><G121/><T55/><D115/><U131/><E112/><V87/><F125/><W36/><G114/><T38/><D38/><U58/><E71/><V76/><F113/><W28/><G105/><T73/><D41/><U97/><E117/><V68/><F68/><W89/><G124/><T14/><D2/><U126/><E126/><V54/><F42/><W133/><G133/><T86/><D73/><U70/><E70/><V37/><F37/><W84/><G75/><T108/><D60/><U123/><E123/><V78/><F66/><W110/><G36/><T99/><D55/><U32/><E97/><V25/><F10/><W19/><G19/><T92/><D34/><U5/><E5/><V130/><F22/><W6/><G6/><T39/><D39/><U15/><E13/><V116/><F130/><N who="1" m="49673" /><E15/><V11/><F11/><W47/><G28/><T0/><D0/><U127/><E132/><V45/><F45/><W20/><G20/><T98/><D14/><U135/><E135/><V44/><F44/><W85/><G110/><N who="2" m="41993" /><F95/><W24/><G59/><T35/><D7/><U43/><E43/><V12/><F12/><W64/><G47/><T102/><D35/><U90/><E90/><V128/><F128/><W1/><G91/><T40/><D40/><U16/><E127/><V18/><F18/><W65/><G8/><T134/><D108/><U67/><E67/><V93/><F93/><W21/><G21/><T104/><D134/><U103/><E16/><V83/><F76/><W74/><G4/><T96/><D77/><U17/><E17/><V120/><F120/><RYUUKYOKU ba="0,0" sc="263,-10,227,-10,260,30,250,-10" hai2="25,27,54,57,78,83,87,116,118,119" /><INIT seed="4,1,0,4,4,11" ten="253,217,290,240" oya="0" hai0="108,65,112,83,15,69,24,95,71,37,128,79,21" hai1="14,60,58,81,111,39,0,104,48,57,51,20,42" hai2="126,29,33,63,101,96,13,106,43,53,5,102,97" hai3="47,6,135,36,90,80,64,7,52,9,55,72,32"/><T87/><D112/><U3/><E104/><V86/><F126/><W129/><G7/><T82/><D37/><U76/><E111/><V94/><F43/><W99/><G32/><T56/><D128/><U74/><E39/><V100/><F33/><W119/><G64/><T67/><D108/><U46/><E48/><V127/><F127/><W115/><G115/><T110/><D110/><U61/><E61/><V133/><F29/><W18/><G18/><N who="0" m="10463" /><D24/><U131/><E131/><V85/><F133/><W75/><G75/><T70/><D71/><U1/><REACH who="1" step="1"/><E60/><REACH who="1" ten="253,207,290,240" step="2"/><V34/><F63/><W125/><G129/><T93/><D70/><U105/><E105/><V116/><F106/><W59/><G125/><T84/><D69/><U22/><E22/><V132/><F132/><W117/><G135/><T26/><D67/><U4/><E4/><V130/><F5/><W103/><G36/><T25/><D65/><U91/><E91/><V12/><F130/><W41/><G90/><N who="0" m="51479" /><D56/><U44/><E44/><V27/><F116/><W68/><G68/><T49/><D49/><U2/><N who="1" m="512" /><DORA hai="134" /><U121/><E121/><V124/><F124/><W120/><G120/><T28/><D28/><U8/><E8/><V114/><F114/><W66/><G66/><T45/><D45/><U19/><AGARI ba="1,1" hai="14,19,20,42,46,51,57,58,74,76,81" m="512" machi="19" ten="60,8000,1" yaku="1,1,0,1,52,1,53,2" doraHai="11,134" doraHaiUra="54,109" who="1" fromWho="1" sc="253,-41,207,93,290,-21,240,-21" /><INIT seed="5,0,0,2,1,124" ten="212,300,269,219" oya="1" hai0="3,37,78,21,53,41,119,24,121,88,13,56,62" hai1="89,27,117,72,84,4,106,123,20,133,108,74,110" hai2="91,107,2,87,30,59,38,8,5,71,83,16,116" hai3="122,103,69,100,113,19,102,43,98,1,35,118,60"/><U99/><E4/><V64/><F116/><W49/><G122/><T104/><D119/><U33/><E33/><V63/><F38/><W0/><G35/><T70/><D3/><U125/><E117/><V46/><F107/><W26/><G118/><T45/><D104/><U82/><E123/><V18/><F30/><W25/><G113/><T73/><D121/><U115/><E115/><V40/><REACH who="2" step="1"/><F71/><REACH who="2" ten="212,300,259,219" step="2"/><W12/><G69/><T128/><D70/><U94/><E106/><V23/><F23/><W75/><G0/><T97/><D21/><U67/><E125/><V79/><F79/><W81/><G1/><T127/><D78/><U92/><E20/><V47/><F47/><W34/><G34/><T29/><D45/><U7/><E110/><V105/><F105/><W131/><G25/><T22/><D37/><U109/><E27/><V129/><F129/><W96/><G131/><T52/><D128/><U111/><E111/><V58/><F58/><W101/><G26/><T93/><D127/><U120/><E120/><V17/><F17/><W9/><G19/><T112/><D112/><U132/><E109/><V130/><F130/><W77/><G12/><T31/><D31/><U68/><E108/><V95/><F95/><W15/><G15/><T28/><D13/><U55/><E94/><V57/><F57/><W32/><G32/><T135/><D29/><U65/><E68/><V50/><AGARI ba="0,1" hai="2,5,8,16,18,40,46,50,59,63,64,83,87,91" machi="50" ten="20,5200,0" yaku="1,1,0,1,7,1,54,1,53,0" doraHai="124" doraHaiUra="90" who="2" fromWho="2" sc="212,-13,300,-26,259,62,219,-13" /><INIT seed="6,0,0,0,3,45" ten="199,274,321,206" oya="2" hai0="135,49,63,99,125,51,81,21,70,85,114,37,39" hai1="26,119,15,34,36,115,55,53,56,13,28,96,92" hai2="94,71,3,50,89,112,117,123,23,11,126,65,121" hai3="44,109,66,88,42,17,38,54,120,6,86,127,57"/><V134/><F117/><W97/><G109/><T19/><D114/><U72/><E72/><V32/><F32/><W98/><G120/><T60/><D125/><U111/><E36/><V18/><F126/><W113/><G127/><T82/><D99/><U24/><E111/><V90/><F134/><W116/><G116/><T101/><D101/><U102/><E115/><V108/><F90/><W110/><G110/><T80/><D135/><U8/><E119/><V40/><F108/><W68/><G6/><T27/><D85/><U22/><E8/><V61/><F112/><W47/><G47/><T52/><D51/><U124/><E124/><V79/><F79/><W128/><G128/><T76/><D76/><U122/><E122/><V41/><F41/><W107/><G107/><T2/><D2/><U95/><E95/><V46/><F11/><W100/><G100/><T29/><D39/><U69/><E69/><V10/><F10/><W30/><G30/><T1/><D1/><U132/><E132/><V9/><F9/><W83/><G17/><T48/><D37/><U103/><E103/><V5/><F5/><W106/><G106/><T74/><D74/><U130/><E130/><V33/><F33/><W77/><G77/><T43/><D70/><U0/><E0/><V35/><F35/><W105/><G105/><T118/><D118/><U58/><E34/><V93/><F3/><W78/><G78/><T7/><D7/><U129/><E129/><V20/><F121/><W91/><G91/><T75/><D75/><U4/><E4/><V14/><F123/><W133/><G113/><RYUUKYOKU ba="0,0" sc="199,0,274,0,321,0,206,0" /><INIT seed="7,1,0,0,2,27" ten="199,274,321,206" oya="3" hai0="125,94,84,119,2,46,69,54,68,130,75,91,117" hai1="82,10,99,108,25,51,65,24,107,13,102,57,19" hai2="44,96,72,76,40,15,104,34,88,0,45,133,78" hai3="97,71,111,8,89,109,120,124,37,26,12,35,53"/><W127/><G120/><T47/><D75/><U98/><E108/><N who="3" m="41546" /><G71/><T3/><D125/><N who="3" m="48201" /><G37/><T14/><D130/><U58/><E82/><V90/><F0/><W16/><G53/><T100/><D100/><U95/><E58/><V4/><F34/><W83/><G83/><T129/><D129/><U116/><E116/><V55/><F72/><W30/><G97/><T32/><D14/><U50/><E50/><V39/><F133/><W114/><G89/><T110/><D32/><U20/><E107/><V31/><F90/><W18/><G114/><T7/><D110/><U17/><E99/><V81/><F104/><W23/><G18/><T36/><D54/><N who="1" m="31967" /><E65/><V93/><F55/><W21/><AGARI ba="1,0" hai="8,12,16,21,23,26,30,35" m="48201,41546" machi="21" ten="40,18000,2" yaku="10,1,18,1,34,2,52,1,54,1" doraHai="27" who="3" fromWho="3" sc="199,-61,274,-61,321,-61,206,183" owari="138,-36.0,213,-19.0,260,6.0,389,49.0" /></mjloggm>