<mjloggm ver="2.3"><GO type="97" lobby="0"/><UN n0="%E5%87%9B%E3%81%A1%E3%82%83%E3%82%93%E3%81%AF%EF%BC%95%E6%AD%B3" n1="%46%72%69%63%74%69%6F%6E" n2="%E5%B0%B1%E6%B4%BB%E7%94%9F%40%E5%B7%9D%E6%9D%91%E8%BB%8D%E5%9B%A3" n3="%E3%81%8C%E3%81%A1%E3%82%83%EF%BC%A0%E5%B7%9D%E6%9D%91%E8%BB%8D%E5%9B%A3" dan="13,15,14,14" rate="1826.69,1994.26,2013.33,2064.59" sx="M,M,M,M"/><TAIKYOKU oya="0"/><INIT seed="0,0,0,5,3,106" ten="250,250,250,250" oya="0" hai0="34,117,4,109,57,61,90,9,100,84,124,135,76" hai1="86,89,119,94,35,83,58,25,77,69,54,6,120" hai2="56,45,8,111,95,105,16,0,17,11,107,64,44" hai3="41,48,78,66,93,97,91,42,123,47,7,50,87"/><T92/><D34/><U79/><E69/><V51/><F111/><W70/><G123/><T98/><D117/><U121/><E119/><V59/><F95/><N who="3" m="54783" /><G70/><T53/><D109/><U72/><E6/><V29/><F29/><W96/><G78/><T20/><D135/><U13/><E13/><V75/><F51/><N who="3" m="19499" /><G47/><N who="2" m="17993" /><F64/><W5/><G66/><T55/><D124/><U127/><E127/><V102/><F102/><N who="3" m="60687" /><G97/><T132/><D132/><U104/><E79/><V99/><F99/><W112/><G112/><T118/><D118/><U39/><E39/><V103/><F0/><W26/><G26/><T110/><D110/><U108/><E104/><N who="2" m="40011" /><F75/><W133/><G133/><T10/><D76/><U116/><E116/><V73/><F73/><W130/><G130/><T114/><D114/><U30/><REACH who="1" step="1"/><E108/><REACH who="1" ten="250,240,250,250" step="2"/><V129/><F129/><W23/><G23/><T32/><D32/><U2/><E2/><V37/><F37/><W24/><G24/><T131/><D131/><U27/><E27/><V74/><F74/><W31/><G31/><T12/><D20/><U67/><E67/><V122/><F122/><W62/><G7/><T88/><D10/><N who="2" m="3626" /><F103/><W3/><G3/><T14/><D14/><U126/><E126/><V36/><F36/><W18/><G5/><T68/><D68/><U43/><E43/><V85/><F85/><W115/><G42/><T38/><D38/><U28/><E28/><V134/><F134/><W71/><G41/><T60/><D84/><U82/><E82/><V15/><F15/><W19/><G71/><T63/><D4/><U49/><AGARI ba="0,1" hai="25,30,35,49,54,58,72,77,83,86,89,94,120,121" machi="49" ten="20,5200,0" yaku="1,1,0,1,7,1,52,1,53,0" doraHai="106" doraHaiUra="113" who="1" fromWho="1" sc="250,-26,240,62,250,-13,250,-13" /><INIT seed="1,0,0,1,5,62" ten="224,302,237,237" oya="1" hai0="133,81,76,30,116,110,107,123,74,96,63,126,83" hai1="21,22,39,42,55,124,41,86,108,90,53,10,134" hai2="103,26,51,78,129,121,85,34,17,119,56,31,15" hai3="25,4,43,27,113,18,52,38,132,84,118,91,5"/><U109/><E124/><V29/><F129/><W44/><G113/><T60/><D116/><U50/><E134/><V93/><F121/><W64/><G132/><T14/><D123/><U0/><E39/><V46/><F119/><W24/><G118/><T70/><D133/><U7/><E22/><V45/><F29/><W59/><G18/><T20/><D126/><U128/><E128/><V69/><F69/><W68/><G68/><T57/><D110/><N who="1" m="42603" /><E21/><V105/><F105/><W32/><G64/><T92/><D107/><U79/><E79/><V130/><F130/><W40/><G40/><N who="1" m="15466" /><E50/><V12/><F12/><W115/><G32/><T19/><D30/><U106/><E106/><V67/><F78/><W135/><G115/><T9/><D81/><AGARI ba="0,0" hai="0,7,10,53,55,81,86,90" m="15466,42603" machi="81" ten="30,2900,0" yaku="14,1,10,1" doraHai="62" who="1" fromWho="0" sc="224,-29,302,29,237,0,237,0" /><INIT seed="1,1,0,4,5,70" ten="195,331,237,237" oya="1" hai0="48,125,65,102,12,27,135,110,57,99,61,105,24" hai1="98,94,54,68,39,23,37,104,108,97,11,53,66" hai2="121,7,18,95,9,69,82,131,52,35,109,60,44" hai3="63,46,130,22,76,112,71,134,113,87,72,91,124"/><U118/><E118/><V107/><F107/><W36/><G22/><T21/><D110/><U28/><E108/><V17/><F35/><W10/><G10/><T16/><D135/><U49/><E54/><V33/><F33/><W20/><G20/><T120/><D125/><U79/><E79/><V89/><F109/><W43/><G76/><T29/><D29/><U103/><E66/><V13/><F121/><W55/><G72/><T127/><D127/><U42/><E68/><V8/><F131/><W31/><G31/><T117/><D117/><U122/><E42/><V100/><F100/><W4/><G4/><T75/><D75/><U114/><E122/><V78/><F69/><W119/><G119/><T101/><D120/><U126/><E114/><V6/><F82/><W15/><G15/><T106/><REACH who="0" step="1"/><D48/><REACH who="0" ten="185,331,237,237" step="2"/><U128/><E126/><V115/><F115/><W2/><G124/><T80/><D80/><U30/><E128/><V67/><F78/><W123/><G134/><T34/><D34/><U116/><E30/><V83/><F83/><W25/><G130/><T47/><D47/><U84/><E28/><V32/><F32/><W88/><G123/><T41/><D41/><U132/><E132/><V50/><F60/><W92/><G63/><T111/><D111/><U93/><E116/><V73/><F73/><W133/><G133/><T40/><D40/><U81/><E81/><V0/><REACH who="2" step="1"/><F67/><REACH who="2" ten="185,331,227,237" step="2"/><W51/><G113/><T38/><D38/><U1/><E37/><V129/><F129/><W85/><G112/><T58/><D58/><N who="1" m="33071" /><E39/><V77/><F77/><W74/><G36/><RYUUKYOKU ba="1,2" sc="185,15,331,-15,227,15,237,-15" hai0="12,16,21,24,27,57,61,65,99,101,102,105,106" hai2="0,6,7,8,9,13,17,18,44,50,52,89,95" /><INIT seed="2,2,2,4,1,22" ten="200,316,242,222" oya="2" hai0="47,9,93,116,94,64,34,27,60,76,126,33,74" hai1="130,85,40,120,2,46,39,128,51,53,20,55,45" hai2="124,105,114,117,1,80,71,59,110,102,87,118,54" hai3="125,84,62,42,37,41,77,75,23,3,111,115,24"/><V133/><F71/><W67/><G3/><T65/><D126/><U52/><E2/><V88/><F1/><W4/><G37/><T112/><D112/><U122/><E20/><V35/><F35/><W0/><G115/><T16/><D116/><U30/><E30/><V28/><F114/><W98/><G125/><T89/><D65/><U69/><E69/><V134/><F124/><W113/><G113/><T99/><D47/><U104/><E85/><V63/><F28/><W72/><G111/><T5/><D76/><U38/><E104/><V31/><F31/><W92/><G75/><T32/><D74/><U36/><REACH who="1" step="1"/><E46/><REACH who="1" ten="200,306,242,222" step="2"/><V43/><F110/><W103/><G72/><T121/><D121/><AGARI ba="2,3" hai="36,38,39,40,45,51,52,53,55,120,121,122,128,130" machi="121" ten="50,12000,2" yaku="1,1,2,1,13,1,34,3,54,1,53,0" doraHai="22" doraHaiUra="90" who="1" fromWho="0" sc="200,-126,306,156,242,0,222,0" /><BYE who="0" /><INIT seed="3,0,0,5,5,28" ten="74,462,242,222" oya="3" hai0="87,19,6,89,36,63,70,83,96,67,107,52,56" hai1="59,39,82,110,91,3,98,77,131,81,94,37,97" hai2="13,74,0,43,88,42,95,119,25,1,57,72,133" hai3="27,115,112,130,68,38,44,106,128,53,135,108,80"/><W35/><G106/><T26/><D26/><U116/><E3/><V104/><F104/><W15/><G68/><T7/><D7/><U48/><E110/><V84/><F119/><W109/><G135/><T17/><D17/><U78/><E131/><N who="3" m="50218" /><G15/><T129/><D129/><U14/><E116/><V123/><F123/><W30/><G80/><N who="1" m="30826" /><E39/><V121/><F121/><W65/><G65/><T20/><D20/><U79/><E37/><V50/><F133/><W54/><G54/><T71/><D71/><U12/><E98/><V45/><F42/><N who="3" m="22615" /><G53/><AGARI ba="0,0" hai="12,14,48,53,59,77,78,79,91,94,97" m="30826" machi="53" ten="30,1000,0" yaku="8,1" doraHai="28" who="1" fromWho="3" sc="74,0,462,10,242,0,222,-10" owari="74,-43.0,472,58.0,242,4.0,212,-19.0" /></mjloggm>