<mjloggm ver="2.3"><GO type="193" lobby="0"/><UN n0="%E3%83%88%E3%83%88%E3%83%AA%E5%85%88%E7%94%9F%31%39%E6%AD%B3" n1="%E3%83%A9%E3%83%BC%E6%B2%B9%EF%BC%91%EF%BC%98" n2="%E3%81%8B%E3%81%9A%E3%81%8D%33%33%33%33%33" n3="%64%65%65%70%31%32%33%34" dan="10,12,12,12" rate="1710.78,1633.29,1596.07,1657.32" sx="F,M,M,M"/><TAIKYOKU oya="0"/><INIT seed="0,0,0,2,3,5" ten="250,250,250,250" oya="0" hai0="81,94,66,123,133,42,10,129,103,6,22,0,34" hai1="105,74,2,110,59,28,37,112,64,13,47,134,124" hai2="109,122,29,72,68,102,52,115,39,18,31,80,49" hai3="128,1,20,32,85,70,21,15,63,119,48,82,114"/><T101/><D123/><U93/><E105/><V19/><F122/><W113/><G119/><T58/><D34/><U65/><E110/><V41/><F115/><W16/><G1/><T50/><D129/><U96/><E112/><V100/><F68/><W38/><G128/><T7/><D133/><U67/><E134/><V106/><F109/><W43/><G32/><T108/><D108/><U71/><E124/><V104/><F39/><W88/><G38/><T55/><D42/><U116/><E116/><V131/><F131/><W77/><G70/><T26/><D7/><U84/><E71/><V76/><F41/><W89/><G63/><T79/><D94/><U120/><E120/><V14/><F18/><W35/><G35/><T75/><REACH who="0" step="1"/><D66/><REACH who="0" ten="240,250,250,250" step="2"/><U90/><E65/><V60/><F106/><W83/><G114/><T44/><D44/><U51/><E47/><V87/><F104/><W57/><G113/><T86/><D86/><U56/><E84/><V23/><F72/><W61/><G82/><T4/><D4/><U73/><E67/><V25/><F100/><W130/><G130/><T30/><AGARI ba="0,1" hai="0,6,10,22,26,30,50,55,58,75,79,81,101,103" machi="30" ten="20,7800,0" yaku="1,1,0,1,7,1,52,1,53,0" doraHai="5" doraHaiUra="132" who="0" fromWho="0" sc="240,88,250,-26,250,-26,250,-26" /><INIT seed="0,1,0,3,3,127" ten="328,224,224,224" oya="0" hai0="104,54,98,91,38,7,24,4,0,129,108,52,131" hai1="110,99,25,17,58,26,100,76,1,21,68,121,12" hai2="125,60,32,134,40,62,133,73,30,27,112,31,22" hai3="87,20,48,135,115,107,79,70,10,123,19,36,53"/><T132/><D38/><U2/><E121/><V84/><F73/><W118/><G123/><T78/><D132/><N who="2" m="50794" /><F40/><W69/><G135/><T113/><D113/><U117/><E117/><V23/><F112/><W90/><G115/><T35/><D108/><U29/><E110/><V47/><F47/><W55/><G107/><T122/><D122/><U97/><E68/><V67/><F84/><W72/><G36/><T88/><D78/><U94/><E76/><V103/><F103/><W89/><G118/><T33/><D104/><U6/><E6/><N who="0" m="2089" /><D0/><U64/><E99/><V45/><F45/><W34/><G34/><N who="0" m="12811" /><D24/><U51/><E26/><N who="2" m="18519" /><F67/><W82/><G10/><T66/><D66/><U81/><E81/><V77/><F77/><W124/><G124/><T130/><D98/><U128/><E51/><V14/><F125/><W11/><G11/><T59/><D59/><U65/><E65/><V13/><F62/><W8/><G8/><T37/><D37/><U44/><E44/><V18/><F60/><W119/><G119/><T85/><D91/><U74/><E74/><V41/><F41/><W49/><G69/><T5/><N who="0" m="2097" /><T83/><AGARI ba="1,0" hai="52,54,83,85,88,129,130,131" m="12811,2097" machi="83" ten="50,18000,2" yaku="4,1,19,1,52,3,54,2" doraHai="127" who="0" fromWho="0" sc="328,183,224,-61,224,-61,224,-61" /><INIT seed="0,2,0,2,1,97" ten="511,163,163,163" oya="0" hai0="13,133,59,117,19,25,95,91,36,57,32,108,96" hai1="6,51,128,112,123,79,26,20,111,92,1,118,43" hai2="103,52,106,77,73,28,82,12,70,53,5,90,64" hai3="130,27,89,93,24,15,39,41,9,122,54,63,84"/><T40/><D117/><U67/><E118/><V56/><F70/><W120/><G130/><T132/><D108/><U83/><E128/><V42/><F28/><W134/><G39/><T2/><D2/><U100/><E111/><V80/><F42/><W78/><G41/><T69/><D69/><U60/><E123/><N who="3" m="47146" /><G134/><N who="0" m="51819" /><D40/><U72/><E112/><V75/><F64/><W18/><G78/><T14/><D36/><U47/><E1/><V38/><F38/><W29/><G29/><N who="0" m="19503" /><D13/><U131/><E131/><V81/><F90/><W94/><G93/><T3/><D3/><U45/><E6/><V121/><F121/><W125/><G125/><T23/><AGARI ba="2,0" hai="14,19,23,57,59,91,95,96" m="19503,51819" machi="23" ten="30,1500,0" yaku="20,1" doraHai="97" who="0" fromWho="0" sc="511,21,163,-7,163,-7,163,-7" /><INIT seed="0,3,0,4,2,101" ten="532,156,156,156" oya="0" hai0="14,132,55,65,50,77,113,33,2,129,47,44,5" hai1="43,99,127,122,118,26,57,29,74,45,134,70,125" hai2="18,42,80,19,62,22,35,88,64,58,114,71,112" hai3="3,97,31,67,93,95,25,12,39,100,92,46,56"/><T76/><D113/><U85/><E118/><V102/><F35/><W120/><G3/><T128/><D2/><U91/><E122/><V96/><F71/><W68/><G120/><T133/><D33/><N who="1" m="20663" /><E70/><V49/><F114/><W105/><G12/><T79/><D65/><U90/><E74/><V48/><F112/><W117/><G117/><T84/><D84/><U87/><E99/><V123/><F123/><W131/><G131/><N who="0" m="50251" /><D47/><U108/><E57/><V121/><F121/><W1/><G1/><T135/><D14/><U75/><E75/><V40/><F40/><W27/><G56/><T51/><D5/><U115/><E115/><V124/><F124/><N who="1" m="47689" /><E108/><V126/><F126/><W107/><G100/><T89/><D89/><N who="1" m="33803" /><E134/><V72/><F72/><W16/><G97/><T4/><D4/><U24/><E24/><V119/><F119/><W10/><G68/><T61/><D44/><U21/><E21/><V32/><F32/><N who="3" m="20591" /><G67/><T63/><D55/><U103/><E103/><V106/><F42/><N who="3" m="22879" /><G10/><T66/><D66/><U20/><E20/><V116/><F116/><W94/><N who="3" m="24064" /><DORA hai="110" /><W104/><G27/><T36/><D36/><AGARI ba="3,0" hai="36,43,45,85,87" m="33803,47689,20663" machi="36" ten="30,1000,0" yaku="18,1" doraHai="101,110" who="1" fromWho="0" sc="532,-19,156,19,156,0,156,0" /><INIT seed="1,0,0,5,3,7" ten="513,175,156,156" oya="1" hai0="89,49,11,103,24,81,51,126,42,82,124,15,63" hai1="117,109,119,129,84,19,121,132,88,68,25,13,133" hai2="6,58,127,92,130,20,74,128,50,131,10,43,2" hai3="71,73,30,16,87,26,104,34,76,94,17,23,114"/><U8/><E68/><V22/><F74/><W99/><G114/><T52/><D103/><U125/><E121/><V72/><F72/><W56/><G71/><T46/><D63/><U134/><E109/><V69/><F69/><W102/><G34/><T9/><D24/><U59/><E59/><V48/><F43/><W37/><G37/><T80/><D89/><U18/><E125/><N who="0" m="48233" /><D15/><N who="1" m="7527" /><E129/><V110/><F127/><W97/><G56/><AGARI ba="0,0" hai="9,11,42,46,49,51,52,56,80,81,82" m="48233" machi="56" ten="30,7700,0" yaku="18,1,52,2,54,1" doraHai="7" who="0" fromWho="3" sc="513,77,175,0,156,0,156,-77" /><INIT seed="2,0,0,4,5,37" ten="590,175,156,79" oya="2" hai0="59,8,39,3,115,77,105,83,50,68,134,103,94" hai1="135,13,124,119,120,19,104,52,22,62,109,12,130" hai2="113,49,101,70,92,132,87,23,114,7,35,80,53" hai3="48,56,61,2,9,100,71,18,51,28,72,16,93"/><V75/><F70/><W110/><G72/><T123/><D115/><U133/><E119/><V1/><F35/><W33/><G110/><T128/><D123/><U55/><E120/><V85/><F75/><W20/><G71/><T4/><D68/><U111/><E104/><V74/><F74/><W125/><G33/><T78/><D39/><U21/><E124/><V86/><F132/><N who="1" m="50761" /><E130/><V90/><F114/><W76/><G2/><T5/><D59/><N who="1" m="35175" /><E55/><V42/><F113/><W30/><G125/><T117/><D50/><U107/><E107/><V15/><F42/><W64/><G76/><T66/><D8/><N who="1" m="6535" /><E13/><V26/><F1/><W106/><G106/><T112/><D77/><U43/><E43/><V73/><F73/><W98/><G9/><T102/><D83/><U88/><E88/><V97/><F7/><W89/><G30/><T58/><D58/><U131/><E131/><V17/><REACH who="2" step="1"/><F26/><REACH who="2" ten="590,175,146,79" step="2"/><N who="3" m="16455" /><G89/><T69/><D3/><U82/><E82/><V38/><F38/><W32/><G32/><T44/><D69/><U129/><E129/><V40/><F40/><W6/><G6/><T116/><D5/><U41/><E41/><V118/><F118/><W47/><G51/><T45/><D4/><U121/><E121/><V10/><F10/><W25/><G25/><T24/><D24/><U57/><E57/><AGARI ba="0,1" hai="15,17,23,49,53,57,80,85,86,87,90,92,97,101" machi="57" ten="30,11600,0" yaku="1,1,7,1,8,1,53,1" doraHai="37" doraHaiUra="84" who="2" fromWho="1" sc="590,0,175,-116,146,126,79,0" /><INIT seed="2,1,0,1,2,8" ten="590,59,272,79" oya="2" hai0="28,38,104,134,78,110,103,30,58,83,23,22,131" hai1="53,66,107,90,121,15,77,34,133,122,73,126,16" hai2="48,84,47,127,46,31,0,24,2,120,112,115,29" hai3="93,50,70,68,105,125,36,129,98,11,42,94,111"/><V82/><F120/><N who="1" m="46185" /><E107/><V102/><F102/><W97/><G111/><T62/><D38/><U56/><E34/><V63/><F63/><W45/><G129/><T67/><D110/><U132/><E126/><V41/><F127/><W59/><G125/><T124/><D124/><U130/><E130/><V33/><F29/><W106/><G59/><T61/><D131/><U75/><E66/><V95/><F46/><W44/><G11/><T113/><D113/><U25/><E25/><V76/><F95/><W18/><G18/><T71/><D134/><N who="1" m="51819" /><E90/><V37/><REACH who="2" step="1"/><F37/><REACH who="2" ten="590,59,262,79" step="2"/><W88/><G36/><T13/><D62/><N who="1" m="36111" /><E77/><V3/><AGARI ba="1,1" hai="0,2,3,24,31,33,41,47,48,76,82,84,112,115" machi="3" ten="30,3000,0" yaku="1,1,0,1,53,0" doraHai="8" doraHaiUra="54" who="2" fromWho="2" sc="590,-11,59,-11,262,43,79,-11" /><INIT seed="2,2,0,1,0,35" ten="579,48,305,68" oya="2" hai0="8,26,94,9,40,78,93,133,18,65,58,22,132" hai1="87,27,83,89,111,134,121,59,68,82,42,13,119" hai2="55,4,50,74,75,39,72,114,120,131,92,126,25" hai3="3,76,31,86,64,62,116,49,96,77,54,46,11"/><V118/><F39/><W15/><G116/><T128/><D128/><U80/><E119/><V7/><F118/><W52/><G3/><T20/><D78/><U127/><E111/><V32/><F114/><W21/><G96/><T38/><D38/><U122/><E68/><V108/><F120/><N who="1" m="46185" /><E127/><V17/><F108/><W34/><G34/><T47/><D47/><U102/><E134/><N who="0" m="51817" /><D40/><U60/><E102/><V0/><F126/><W110/><G110/><T71/><D71/><U57/><E42/><V100/><F131/><W41/><G77/><T103/><D22/><U99/><E99/><V16/><F32/><W51/><G31/><T69/><D69/><U48/><E48/><V105/><F105/><W79/><G21/><T101/><D94/><N who="1" m="54591" /><E27/><V91/><F100/><N who="0" m="38474" /><D93/><U135/><E135/><V24/><F4/><N who="3" m="3559" /><G79/><T129/><D129/><U10/><E60/><AGARI ba="2,0" hai="8,9,18,20,26,58,60,65" m="38474,51817" machi="60" ten="30,1000,0" yaku="20,1" doraHai="35" who="0" fromWho="1" sc="579,16,48,-16,305,0,68,0" /><INIT seed="3,0,0,3,0,118" ten="595,32,305,68" oya="3" hai0="70,92,31,69,8,24,115,25,119,125,63,53,122" hai1="56,94,90,26,74,50,127,49,86,65,66,111,133" hai2="44,61,95,17,99,51,43,6,113,98,121,68,117" hai3="73,15,82,28,19,16,55,84,100,89,78,22,58"/><W45/><G100/><T102/><D119/><U35/><E111/><V80/><F117/><W76/><G73/><T124/><D122/><U132/><E127/><V9/><F113/><W110/><G110/><T67/><D115/><U48/><E132/><V112/><F112/><W32/><G32/><T109/><D109/><U130/><E130/><V87/><F68/><W11/><G28/><T131/><D69/><U123/><E123/><V47/><F61/><W0/><G0/><T23/><D131/><U101/><E133/><V72/><F95/><W42/><G58/><T27/><D53/><U62/><E74/><V21/><F72/><W54/><G54/><T39/><D8/><U4/><E4/><V41/><F121/><W2/><G2/><T52/><D39/><U57/><E35/><V34/><F34/><W128/><G128/><T14/><D52/><U30/><E101/><V83/><F83/><W37/><REACH who="3" step="1"/><G55/><REACH who="3" ten="595,32,305,58" step="2"/><T96/><D31/><U91/><E91/><V5/><F5/><W135/><G135/><T97/><D102/><U60/><E30/><V126/><F126/><W38/><G38/><T129/><D124/><U75/><E75/><V88/><F17/><W12/><AGARI ba="0,1" hai="11,12,15,16,19,22,37,42,45,76,78,82,84,89" machi="12" ten="20,12000,1" yaku="1,1,0,1,7,1,54,1,53,1" doraHai="118" doraHaiUra="36" who="3" fromWho="3" sc="595,-40,32,-40,305,-40,58,130" owari="555,65.0,-8,-51.0,265,7.0,188,-21.0" /></mjloggm>