<mjloggm ver="2.3"><GO type="169" lobby="0"/><UN n0="%E3%82%B7%E3%83%A3%E3%83%B3%E3%83%86%E3%83%B3%E5%9C%B0%E7%8D%84%E2%98%86" n1="%E3%83%90%E3%83%90%E3%82%A2%E3%81%AE%E6%97%A5%E5%82%98" n2="%74%6B%38%38" n3="%E3%83%88%E3%83%88%E3%83%AA%E5%85%88%E7%94%9F%31%39%E6%AD%B3" dan="17,17,16,18" rate="2148.57,2172.49,2081.26,2195.39" sx="M,F,M,F"/><TAIKYOKU oya="0"/><INIT seed="0,0,0,5,2,13" ten="250,250,250,250" oya="0" hai0="118,111,71,121,29,11,12,55,102,2,7,27,126" hai1="0,87,129,36,97,84,61,78,25,98,57,67,135" hai2="86,8,4,42,125,93,116,10,43,51,75,119,77" hai3="15,37,106,23,62,60,5,128,83,134,70,53,33"/><T72/><D121/><U56/><E36/><V40/><F125/><W85/><G33/><T76/><D118/><N who="2" m="45098" /><F75/><W66/><G106/><T16/><D126/><U133/><E0/><N who="2" m="7" /><F10/><W30/><G37/><T73/><D102/><U28/><E56/><V54/><F77/><W50/><G128/><T20/><D71/><U99/><E129/><V68/><F68/><W63/><G134/><N who="1" m="51210" /><E78/><V9/><F9/><W74/><G74/><T109/><D55/><U52/><E67/><V17/><F17/><W132/><G5/><T82/><REACH who="0" step="1"/><D73/><REACH who="0" ten="240,250,250,250" step="2"/><U115/><E115/><V103/><F103/><W101/><G101/><T1/><D1/><U79/><E79/><V95/><F86/><W18/><G132/><T65/><D65/><U122/><E122/><V38/><F38/><W58/><G70/><T41/><D41/><U100/><E100/><V90/><F54/><W47/><REACH who="3" step="1"/><G30/><REACH who="3" ten="240,250,250,240" step="2"/><T110/><D110/><U124/><E124/><V120/><F120/><W123/><G123/><T131/><D131/><U46/><E46/><V22/><F51/><W105/><G105/><T69/><D69/><U6/><E6/><V44/><F44/><W32/><G32/><AGARI ba="0,2" hai="2,7,11,12,16,20,27,29,32,72,76,82,109,111" machi="32" ten="40,12000,1" yaku="1,1,24,2,52,1,54,1,53,0" doraHai="13" doraHaiUra="114" who="0" fromWho="3" sc="240,140,250,0,250,0,240,-120" /><AGARI ba="0,0" hai="25,28,32,52,57,61,84,87,97,98,99" m="51210" machi="32" ten="30,2000,0" yaku="20,1,54,1" doraHai="13" who="1" fromWho="3" sc="380,0,250,20,250,0,120,-20" /><INIT seed="0,1,0,2,5,41" ten="380,270,250,100" oya="0" hai0="39,24,93,81,7,101,116,85,111,92,32,18,62" hai1="118,71,33,53,48,133,91,90,23,58,29,107,117" hai2="34,94,114,17,87,129,10,109,8,30,125,51,50" hai3="123,108,28,79,128,100,121,124,15,106,45,66,103"/><T112/><D112/><U95/><E107/><V54/><F114/><W69/><G108/><T119/><D7/><U68/><E33/><V115/><F109/><W113/><G113/><T43/><D111/><U83/><E71/><V44/><F129/><W74/><G128/><T75/><D75/><U14/><E68/><V78/><F125/><W98/><G124/><T47/><D62/><U9/><E133/><V42/><F17/><W21/><G103/><T105/><D105/><U130/><E130/><V61/><F61/><W16/><G28/><T6/><D6/><U134/><E134/><V127/><F127/><W104/><G104/><T135/><D135/><U49/><E83/><N who="2" m="47607" /><F34/><W38/><G66/><T19/><D19/><U65/><E65/><V131/><F30/><W77/><G69/><T59/><D59/><U25/><E90/><V40/><F40/><N who="3" m="22679" /><G74/><T67/><D67/><U89/><E91/><V4/><F4/><W46/><G77/><N who="0" m="46255" /><D101/><U64/><E48/><V73/><F73/><W5/><G5/><T132/><D132/><U72/><E64/><V126/><F126/><W70/><G79/><T22/><D32/><U84/><E72/><V0/><F0/><W3/><G3/><T12/><D24/><U52/><E53/><V86/><F131/><W35/><G35/><T99/><D99/><U80/><E80/><V1/><F1/><W2/><G2/><T57/><D57/><U76/><E76/><V82/><F115/><W55/><G70/><T26/><D26/><U60/><E60/><V110/><F110/><W37/><G37/><T97/><D97/><RYUUKYOKU ba="1,0" sc="380,10,270,10,250,-30,100,10" hai0="12,18,22,39,43,47,92,93,116,119" hai1="9,14,23,25,29,49,52,58,84,89,95,117,118" hai3="15,16,21,46,55,98,100,106,121,123" /><INIT seed="0,2,0,1,4,28" ten="390,280,220,110" oya="0" hai0="59,15,80,61,66,120,132,18,0,101,104,117,90" hai1="46,91,98,42,109,114,106,65,12,19,52,25,4" hai2="126,8,16,74,84,86,113,73,110,20,21,55,71" hai3="108,9,51,26,89,64,27,123,45,34,76,49,56"/><T39/><D39/><U2/><E109/><V24/><F110/><W94/><G108/><T58/><D117/><U115/><E2/><V3/><F71/><W135/><G135/><T125/><D120/><U31/><E4/><V63/><F113/><N who="1" m="43017" /><E65/><V17/><F126/><W68/><G123/><T32/><D132/><U128/><E128/><V23/><F23/><W57/><G76/><T87/><D0/><U67/><E67/><V100/><F100/><W77/><G77/><T92/><D125/><U119/><E52/><V35/><F3/><W88/><G88/><BYE who="3" /><T103/><D104/><U111/><E119/><V70/><F74/><UN n3="%E3%83%88%E3%83%88%E3%83%AA%E5%85%88%E7%94%9F%31%39%E6%AD%B3" /><W82/><G82/><T131/><D131/><U48/><E111/><V43/><F73/><W44/><G68/><T81/><D32/><N who="1" m="20591" /><E91/><V36/><F35/><W72/><G72/><T33/><D33/><U40/><E40/><V14/><F21/><W30/><G64/><T124/><D124/><U107/><E98/><V99/><F99/><W85/><G9/><AGARI ba="2,0" hai="9,12,19,42,46,48,106,107" m="20591,43017" machi="9" ten="30,2000,0" yaku="11,1,52,1" doraHai="28" who="1" fromWho="3" sc="390,0,280,26,220,0,110,-26" /><INIT seed="1,0,0,1,1,14" ten="390,306,220,84" oya="1" hai0="65,60,9,19,59,117,31,11,115,35,4,16,50" hai1="116,124,2,109,81,98,127,10,13,32,8,91,71" hai2="92,34,57,79,48,130,1,53,84,121,29,63,129" hai3="118,41,88,20,27,69,58,51,66,67,122,47,90"/><U64/><E116/><V0/><F121/><W74/><G74/><T93/><D117/><U26/><E109/><V24/><F63/><W105/><G122/><T30/><D115/><U61/><E2/><V62/><F62/><W39/><G118/><T76/><D76/><U23/><E32/><V120/><F120/><W12/><G105/><T73/><D73/><U22/><E23/><V132/><F132/><W15/><G69/><T55/><D93/><N who="1" m="56639" /><E13/><N who="3" m="5194" /><G39/><T113/><D113/><U54/><E54/><V100/><F100/><W21/><G21/><T83/><D83/><U134/><E81/><N who="2" m="47167" /><F92/><W87/><G58/><N who="0" m="37015" /><D4/><U85/><E85/><V33/><F33/><W25/><G25/><T125/><D35/><U52/><E134/><V102/><F102/><W135/><G135/><T111/><D111/><U45/><E45/><V70/><F70/><W95/><G90/><T18/><D125/><N who="1" m="48203" /><E52/><V97/><F97/><W104/><G104/><T128/><D128/><AGARI ba="0,0" hai="0,1,24,29,34,48,53,57,128,129,130" m="47167" machi="128" ten="30,1000,0" yaku="19,1" doraHai="14" who="2" fromWho="0" sc="390,-10,306,0,220,10,84,0" /><INIT seed="2,0,0,2,3,112" ten="380,306,230,84" oya="2" hai0="79,20,47,25,1,14,12,10,86,67,54,135,75" hai1="84,82,117,62,120,131,69,72,32,73,29,80,101" hai2="114,133,77,98,4,15,23,26,130,50,18,53,8" hai3="17,85,6,122,55,126,0,40,5,132,48,105,3"/><V107/><F114/><W34/><G122/><T89/><D135/><U68/><E32/><V42/><F133/><W115/><G105/><T46/><D67/><U74/><E29/><V52/><F130/><W91/><G34/><T36/><D75/><U125/><E131/><V49/><F77/><W45/><G132/><T7/><D79/><U93/><E62/><V11/><F11/><W83/><G115/><T65/><D65/><U99/><E68/><V121/><F121/><W124/><G40/><T38/><D38/><U61/><E61/><V9/><F9/><W109/><G109/><T57/><D36/><U66/><E66/><V118/><F118/><W22/><G3/><T129/><D14/><U90/><E69/><V123/><F123/><W70/><G70/><T127/><D1/><U106/><E120/><V111/><F111/><W103/><G103/><T24/><D127/><N who="3" m="48681" /><G0/><T100/><D100/><U44/><E44/><N who="0" m="16937" /><D20/><U35/><E35/><V128/><F128/><W21/><G21/><T88/><D129/><U102/><E125/><V13/><F42/><W78/><G78/><T37/><D37/><U58/><E58/><N who="2" m="33039" /><F107/><W110/><G110/><T94/><D89/><U116/><E102/><V87/><F26/><AGARI ba="0,0" hai="5,6,17,22,26,45,48,55,83,85,91" m="48681" machi="26" ten="30,1000,0" yaku="18,1" doraHai="112" who="3" fromWho="2" sc="380,0,306,0,230,-10,84,10" /><INIT seed="3,0,0,3,1,9" ten="380,306,220,94" oya="3" hai0="76,70,43,118,35,89,96,128,135,20,103,93,25" hai1="48,24,100,49,110,115,59,47,129,107,15,87,8" hai2="82,101,121,88,6,65,18,57,78,73,17,53,122" hai3="127,92,55,62,113,46,106,33,83,16,104,133,134"/><W26/><G113/><T111/><D118/><U42/><E110/><V34/><F34/><W28/><G127/><T91/><D70/><U130/><E115/><V14/><F101/><W114/><G114/><T40/><D111/><U37/><E107/><V51/><F65/><W3/><G3/><T39/><D35/><U32/><E100/><V75/><F75/><W4/><G4/><T45/><D128/><N who="1" m="49259" /><E59/><V123/><F88/><W63/><G92/><T132/><D40/><U5/><E87/><V60/><F51/><N who="3" m="29175" /><G83/><T41/><D41/><U61/><E61/><V66/><F66/><W109/><G104/><T98/><D76/><U58/><E58/><V7/><REACH who="2" step="1"/><F18/><REACH who="2" ten="380,306,210,94" step="2"/><W99/><G109/><T124/><D89/><U69/><E49/><V1/><F1/><W13/><G99/><T117/><D96/><U22/><E32/><V85/><F85/><W80/><G80/><T0/><D91/><U54/><E37/><V116/><F116/><W68/><G106/><T79/><D0/><U64/><E64/><V23/><AGARI ba="0,1" hai="6,7,14,17,23,53,57,60,73,78,82,121,122,123" machi="23" ten="30,7900,0" yaku="1,1,0,1,13,1,52,1,53,0" doraHai="9" doraHaiUra="97" who="2" fromWho="2" sc="380,-20,306,-20,210,89,94,-39" /><INIT seed="4,0,0,2,2,99" ten="360,286,299,55" oya="0" hai0="70,95,53,0,109,25,15,61,85,16,33,3,57" hai1="6,27,94,21,117,65,22,55,91,127,8,88,133" hai2="20,80,47,32,132,30,19,11,68,105,23,108,113" hai3="77,60,101,35,121,38,43,83,2,73,103,64,97"/><T18/><D109/><U54/><E117/><V34/><F108/><W67/><G121/><T17/><D15/><U125/><E65/><V106/><F132/><W79/><G2/><T104/><D104/><U12/><E22/><V128/><F128/><W81/><G35/><T124/><D124/><N who="1" m="47691" /><E133/><V120/><F47/><W126/><G126/><T62/><D70/><U116/><E116/><V134/><F106/><W112/><G112/><T41/><D41/><U107/><E107/><V42/><F105/><W1/><G97/><T49/><D0/><U72/><E72/><V110/><F68/><W84/><G1/><T130/><D3/><U37/><E37/><V69/><F69/><W63/><G43/><T119/><D119/><U45/><E45/><V78/><F42/><W96/><G96/><T48/><BYE who="3" /><D130/><U115/><E115/><V24/><F113/><W86/><G86/><T114/><D114/><U7/><E7/><UN n3="%E3%83%88%E3%83%88%E3%83%AA%E5%85%88%E7%94%9F%31%39%E6%AD%B3" /><V131/><F120/><W58/><REACH who="3" step="1"/><G38/><REACH who="3" ten="360,286,299,45" step="2"/><T111/><D111/><U135/><E135/><V51/><F134/><W10/><G10/><T100/><D33/><U39/><E39/><V4/><F110/><W14/><G14/><T9/><D9/><U76/><E12/><N who="2" m="5223" /><F131/><W56/><AGARI ba="0,1" hai="56,58,60,63,64,67,73,77,79,81,83,84,101,103" machi="56" ten="20,12000,2" yaku="1,1,0,1,7,1,9,1,52,2,53,0" doraHai="99" doraHaiUra="118" who="3" fromWho="3" sc="360,-60,286,-30,299,-30,45,130" /><INIT seed="5,0,0,2,4,13" ten="300,256,269,175" oya="1" hai0="108,66,3,107,62,58,106,90,12,71,100,48,92" hai1="31,38,19,14,111,118,133,34,105,129,103,2,47" hai2="11,120,16,61,91,8,77,46,51,74,7,53,135" hai3="1,88,9,37,70,36,116,29,64,26,41,28,33"/><U96/><E118/><V52/><F120/><W113/><G116/><T5/><D3/><U99/><E2/><V67/><F135/><W119/><G119/><T132/><D100/><U104/><E133/><V17/><F74/><W18/><G113/><T131/><D108/><U101/><E111/><V6/><F77/><W21/><G41/><T42/><D132/><U93/><E129/><V27/><F27/><W10/><G64/><T114/><D114/><U35/><E31/><V89/><F67/><W40/><G70/><T22/><D131/><U80/><E80/><V121/><F121/><W85/><G29/><T97/><D5/><U20/><REACH who="1" step="1"/><E93/><REACH who="1" ten="300,246,269,175" step="2"/><V30/><F30/><W43/><G1/><T130/><D130/><U128/><E128/><V125/><F125/><W98/><G28/><T39/><D106/><U23/><E23/><V79/><F79/><W124/><G124/><T69/><D107/><U44/><E44/><V102/><F46/><W82/><G33/><T15/><D22/><U76/><E76/><V63/><F51/><W78/><G36/><T56/><D39/><U94/><E94/><V0/><F0/><W24/><G37/><T83/><D83/><U109/><E109/><V4/><F4/><W59/><G78/><T115/><D115/><U110/><E110/><V55/><F55/><W32/><G82/><T87/><D48/><U60/><E60/><V84/><F84/><W134/><G85/><T75/><D87/><U123/><E123/><V45/><F45/><W72/><G134/><T127/><D127/><U65/><E65/><V112/><F112/><RYUUKYOKU ba="0,1" sc="300,-15,246,15,269,15,175,-15" hai1="14,19,20,34,35,38,47,96,99,101,103,104,105" hai2="6,7,8,11,16,17,52,53,61,63,89,91,102" /><INIT seed="5,1,1,3,5,122" ten="285,261,284,160" oya="1" hai0="54,35,120,127,91,96,7,103,117,134,8,62,61" hai1="63,128,135,100,60,104,70,1,84,22,14,23,36" hai2="130,66,131,52,48,25,87,79,78,74,38,94,97" hai3="69,53,76,109,2,5,90,9,30,24,3,20,121"/><U86/><E1/><V43/><F74/><W88/><G121/><T32/><D117/><U26/><E36/><V39/><F66/><W115/><G69/><T15/><D120/><U11/><E104/><V116/><F116/><W4/><G115/><T92/><D134/><U110/><E135/><V119/><F119/><W102/><G109/><T108/><D108/><U44/><E110/><V0/><F0/><W12/><G102/><T41/><D41/><U46/><E100/><N who="2" m="60471" /><F25/><W6/><G76/><N who="2" m="29225" /><F87/><N who="1" m="33321" /><E128/><N who="2" m="49195" /><F43/><W101/><G2/><T40/><D40/><U129/><E70/><V123/><F123/><W45/><G101/><T77/><D77/><U98/><E98/><V85/><F85/><W10/><REACH who="3" step="1"/><G4/><REACH who="3" ten="285,261,284,150" step="2"/><T81/><D103/><U105/><E129/><V133/><F133/><W106/><G106/><T55/><D7/><N who="1" m="3455" /><E105/><V31/><F31/><W107/><G107/><T114/><D114/><U73/><E73/><V118/><F118/><W95/><G95/><T56/><D92/><U132/><E132/><V37/><F37/><W124/><G124/><T67/><D127/><U33/><E33/><V71/><F71/><W59/><G59/><AGARI ba="1,2" hai="38,39,48,52,59" m="49195,29225,60471" machi="59" ten="30,2000,0" yaku="19,1,54,1" doraHai="122" who="2" fromWho="3" sc="285,0,261,0,284,43,150,-23" /><INIT seed="6,0,0,2,3,82" ten="285,261,327,127" oya="2" hai0="4,3,6,108,110,65,50,67,99,70,130,43,34" hai1="12,45,53,125,42,124,0,101,114,128,83,122,88" hai2="18,63,37,103,129,78,36,123,116,77,93,44,55" hai3="9,60,71,35,17,117,106,1,64,105,81,111,120"/><V26/><F123/><W62/><G111/><T100/><D34/><U74/><E0/><V66/><F116/><W59/><G120/><T11/><D130/><U80/><E114/><V16/><F129/><W89/><G117/><T29/><D29/><U21/><E128/><V10/><F37/><W134/><G35/><T115/><D115/><U98/><E53/><V126/><F126/><N who="1" m="48745" /><E74/><V97/><F36/><W73/><G134/><T104/><D4/><U23/><E80/><V61/><F18/><W27/><G73/><T127/><D127/><U8/><E101/><V54/><F54/><W90/><G90/><T84/><D50/><N who="1" m="26935" /><E122/><V22/><F10/><W14/><G1/><T92/><D43/><U87/><E98/><V121/><F121/><W57/><G27/><T72/><D72/><U118/><E118/><V48/><F63/><W119/><G119/><T51/><D51/><U24/><E24/><V33/><F33/><W112/><G112/><T52/><D52/><U91/><E91/><V25/><F25/><W76/><G76/><T41/><D41/><U32/><E32/><V131/><F131/><W75/><G75/><T15/><D3/><U20/><E20/><V5/><F5/><AGARI ba="0,0" hai="5,8,12,21,23,83,87,88" m="26935,48745" machi="5" ten="30,3900,0" yaku="18,1,52,1,54,1" doraHai="82" who="1" fromWho="2" sc="285,0,261,39,327,-39,127,0" /><INIT seed="7,0,0,0,4,29" ten="285,300,288,127" oya="3" hai0="30,49,13,108,94,103,37,22,48,5,80,11,101" hai1="59,75,115,85,31,12,122,77,46,19,134,34,6" hai2="96,98,125,86,18,54,88,93,15,135,28,39,3" hai3="89,116,87,4,25,40,14,117,121,112,38,44,113"/><W55/><G121/><T90/><D108/><U133/><E75/><V95/><F39/><W64/><G64/><T124/><D37/><U63/><E6/><V61/><F135/><N who="1" m="51721" /><E115/><N who="3" m="44106" /><G55/><T9/><D124/><U57/><E122/><V68/><F3/><W47/><G47/><T10/><D80/><N who="1" m="47247" /><E46/><V58/><F125/><W79/><G79/><T71/><D71/><U52/><E59/><V106/><F68/><W20/><G14/><T51/><D5/><U132/><E132/><V26/><F106/><W110/><G4/><T81/><D81/><U41/><E41/><V126/><F95/><N who="3" m="54719" /><G110/><T82/><D82/><U1/><E1/><V67/><F126/><W0/><G0/><T35/><D13/><U66/><E66/><V21/><F67/><W65/><G65/><T8/><D8/><AGARI ba="0,0" hai="8,15,18,21,26,28,54,58,61,86,88,93,96,98" machi="8" ten="30,3900,0" yaku="7,1,8,1,54,1" doraHai="29" who="2" fromWho="0" sc="285,-39,300,0,288,39,127,0" owari="246,-15.0,300,10.0,327,42.0,127,-37.0" /></mjloggm>