<mjloggm ver="2.3"><GO type="41" lobby="0"/><UN n0="%73%68%61%58%6D%75" n1="%E3%81%97%E3%81%8A%E3%82%8A%E3%82%93%E3%81%AF%E5%80%A6%E6%80%A0%E6%9C%9F" n2="%72%64%65%62%70%61%64%78" n3="%E5%B0%B1%E6%B4%BB%E7%94%9F%40%E5%B7%9D%E6%9D%91%E8%BB%8D%E5%9B%A3" dan="13,14,13,16" rate="1832.72,1829.86,1927.62,2142.71" sx="M,M,F,M"/><TAIKYOKU oya="0"/><INIT seed="0,0,0,5,2,24" ten="250,250,250,250" oya="0" hai0="97,28,107,63,92,121,39,37,43,3,75,111,10" hai1="56,67,27,88,93,132,89,48,51,115,79,68,47" hai2="126,19,49,90,60,87,45,54,106,1,34,6,110" hai3="100,78,65,94,14,135,11,57,5,42,71,29,17"/><T112/><D112/><U95/><E115/><V120/><F120/><W99/><G71/><T119/><D119/><U69/><E132/><V109/><F106/><W55/><G135/><T40/><D121/><U0/><E0/><V129/><F34/><W108/><G108/><N who="2" m="41577" /><F60/><W128/><G128/><T38/><D111/><U82/><E56/><V84/><F129/><W70/><G70/><T23/><D107/><U131/><E131/><V91/><F19/><W66/><G42/><T36/><D75/><U61/><E69/><V76/><F126/><W12/><G29/><T50/><D36/><U125/><E125/><V2/><F76/><W102/><G78/><T83/><D63/><U124/><E124/><V96/><F96/><W122/><G102/><T118/><D118/><U53/><E27/><V16/><F16/><W26/><G26/><T98/><D83/><U113/><E113/><V33/><F33/><W4/><G122/><T58/><D37/><U20/><E20/><V134/><F6/><N who="3" m="2667" /><G12/><T44/><D3/><N who="2" m="1034" /><F134/><W130/><G130/><T85/><D39/><U72/><E68/><V22/><F22/><W59/><G59/><T114/><D38/><U123/><E123/><V35/><F35/><W9/><G9/><T31/><D114/><U8/><E8/><V103/><F103/><W52/><G57/><T133/><D23/><U74/><E79/><V64/><F64/><AGARI ba="0,0" hai="11,14,17,52,55,64,65,66,94,99,100" m="2667" machi="64" ten="30,2000,0" yaku="8,1,54,1" doraHai="24" who="3" fromWho="2" sc="250,0,250,0,250,-20,250,20" /><INIT seed="1,0,0,1,5,85" ten="250,250,230,270" oya="1" hai0="111,74,72,135,108,41,4,13,18,134,81,10,11" hai1="34,84,120,106,68,35,26,0,16,12,133,30,107" hai2="39,123,124,104,15,47,132,76,42,25,109,6,38" hai3="89,64,33,126,3,117,14,46,50,75,65,114,122"/><U59/><E120/><V49/><F123/><W131/><G75/><T130/><D41/><U60/><E35/><V31/><F104/><W79/><G3/><N who="0" m="287" /><D74/><U119/><E119/><V93/><F124/><W83/><G33/><T102/><D102/><U55/><E0/><V110/><F76/><W8/><G122/><T118/><D72/><U28/><E28/><V51/><F39/><W36/><G117/><T70/><D70/><U69/><E133/><N who="0" m="50697" /><D118/><U5/><E5/><V91/><F15/><W21/><G36/><T128/><D81/><U100/><E100/><V80/><F6/><W27/><G114/><T7/><D18/><U57/><E69/><V96/><F80/><W23/><G126/><T20/><D20/><U77/><E68/><V115/><F115/><W95/><G131/><AGARI ba="0,0" hai="7,11,13,108,111,128,130,131" m="50697,287" machi="131" ten="30,7700,0" yaku="19,1,20,1,34,2" doraHai="85" who="0" fromWho="3" sc="250,77,250,0,230,0,270,-77" /><INIT seed="2,0,0,0,2,73" ten="327,250,230,193" oya="2" hai0="106,125,89,88,95,66,102,78,59,15,56,17,64" hai1="74,83,34,50,55,62,110,75,90,115,132,45,7" hai2="19,9,24,97,0,126,118,51,26,92,38,77,11" hai3="96,86,87,80,85,65,121,37,6,49,44,130,58"/><V120/><F118/><W101/><G121/><T13/><D125/><U33/><E115/><V5/><F126/><W63/><G130/><T82/><D106/><U14/><E110/><V47/><F38/><W81/><G37/><T127/><D127/><U41/><E132/><V117/><F117/><W114/><G114/><T103/><D95/><U69/><E90/><V4/><F19/><W107/><REACH who="3" step="1"/><G6/><REACH who="3" ten="327,250,230,183" step="2"/><T60/><D60/><U10/><E62/><V105/><F120/><W72/><G72/><T116/><D116/><U57/><E75/><V21/><F5/><W16/><G16/><T67/><D17/><U104/><E74/><V79/><F105/><W111/><G111/><T31/><D31/><U108/><E108/><V18/><F11/><W22/><G22/><T70/><D70/><U28/><E69/><V2/><F2/><W129/><G129/><T54/><D67/><U98/><E104/><V29/><F18/><W36/><G36/><T99/><D64/><U23/><E23/><V27/><F27/><W128/><G128/><T133/><D66/><U123/><E28/><V93/><F24/><W53/><AGARI ba="0,1" hai="44,49,53,58,63,65,80,81,85,86,87,96,101,107" machi="53" ten="30,2000,0" yaku="1,1,0,1,53,0" doraHai="73" doraHaiUra="1" who="3" fromWho="3" sc="327,-5,250,-5,230,-10,183,30" /><INIT seed="3,0,0,3,1,82" ten="322,245,220,213" oya="3" hai0="63,31,79,71,27,59,84,78,132,104,125,4,48" hai1="97,11,10,64,46,123,102,24,94,25,33,86,28" hai2="23,90,53,73,112,98,29,122,130,45,39,88,103" hai3="99,87,105,34,6,54,77,50,60,128,110,81,114"/><W76/><G114/><T101/><D125/><U68/><E123/><V36/><F112/><W41/><G34/><T70/><D132/><U69/><E46/><V35/><F73/><W124/><G128/><T52/><D4/><U21/><E69/><V134/><F35/><W62/><G124/><T113/><D113/><U127/><E127/><V92/><F130/><W18/><G110/><T13/><D13/><U65/><E65/><V129/><F129/><W19/><G76/><T116/><D116/><U74/><E74/><V20/><F134/><W126/><G126/><T16/><D101/><U80/><E64/><V135/><F135/><W26/><G6/><T107/><D104/><U111/><E68/><V3/><F3/><W96/><G41/><T1/><D107/><U109/><E111/><V55/><F29/><W93/><G105/><T66/><D1/><U9/><E109/><V57/><F122/><W61/><G26/><T42/><D70/><U85/><REACH who="1" step="1"/><E80/><REACH who="1" ten="322,235,220,213" step="2"/><V44/><F57/><N who="3" m="32983" /><G99/><T5/><D71/><U17/><AGARI ba="0,1" hai="9,10,11,17,21,24,25,28,33,85,86,94,97,102" machi="17" ten="30,7900,0" yaku="1,1,0,1,52,2,53,0" doraHai="82" doraHaiUra="115" who="1" fromWho="1" sc="322,-20,235,89,220,-20,213,-39" /><INIT seed="4,0,0,3,1,100" ten="302,324,200,174" oya="0" hai0="8,107,6,114,98,18,31,134,108,68,130,46,69" hai1="30,22,37,55,49,1,47,32,122,7,62,73,126" hai2="127,12,124,96,36,27,116,71,4,85,78,118,57" hai3="44,45,95,106,133,67,52,77,34,76,93,128,20"/><T110/><D114/><U66/><E122/><V3/><F36/><W102/><G34/><T121/><D121/><U132/><E73/><V84/><F71/><W40/><G133/><T125/><D134/><U119/><E119/><N who="2" m="45611" /><F27/><W54/><G128/><T120/><D120/><U42/><E132/><V28/><F28/><W111/><G111/><N who="0" m="42539" /><D130/><U60/><E60/><V33/><F33/><W14/><G67/><T91/><D125/><N who="2" m="48202" /><F3/><W80/><G106/><T83/><D31/><U90/><E126/><V39/><F39/><W99/><G93/><T15/><D46/><N who="3" m="18025" /><G40/><T64/><D64/><U123/><E123/><V112/><F78/><N who="3" m="30315" /><G80/><T29/><D29/><U115/><E115/><V75/><F75/><W19/><AGARI ba="0,0" hai="14,19,20,52,54,95,99,102" m="30315,18025" machi="19" ten="30,2000,0" yaku="8,1,54,1" doraHai="100" who="3" fromWho="3" sc="302,-10,324,-5,200,-5,174,20" /><INIT seed="5,0,0,4,1,46" ten="292,319,195,194" oya="1" hai0="99,48,5,135,88,123,37,2,130,129,114,1,33" hai1="68,74,4,7,81,118,112,17,22,47,15,55,52" hai2="54,132,83,113,87,76,29,91,73,24,62,26,126" hai3="67,40,27,11,9,32,108,111,94,35,97,50,79"/><U70/><E118/><V13/><F126/><W125/><G125/><T121/><D37/><U42/><E112/><V14/><F113/><W119/><G119/><T95/><D114/><U90/><E70/><V84/><F132/><W64/><G79/><T105/><D135/><U41/><E68/><V18/><F73/><W102/><G11/><N who="0" m="2479" /><D2/><U36/><E41/><V89/><F76/><W78/><G78/><T34/><D105/><U28/><E74/><V51/><F62/><W6/><G108/><T59/><D34/><U56/><E28/><V69/><F69/><W43/><G111/><T133/><D33/><U77/><E55/><V98/><F98/><W104/><G104/><T75/><D75/><U72/><REACH who="1" step="1"/><E90/><REACH who="1" ten="292,309,195,194" step="2"/><V92/><F18/><W23/><G35/><T39/><D133/><U19/><E19/><V134/><F134/><W57/><G32/><T82/><D39/><U58/><E58/><N who="2" m="33119" /><F29/><W0/><G43/><T31/><D31/><U109/><E109/><V25/><AGARI ba="0,1" hai="13,14,24,25,26,83,84,87,89,91,92" m="33119" machi="25" ten="30,2000,0" yaku="8,1,52,1" doraHai="46" who="2" fromWho="2" sc="292,-5,309,-10,195,30,194,-5" /><INIT seed="6,0,0,5,3,42" ten="287,299,225,189" oya="2" hai0="103,99,113,92,135,28,125,54,111,2,22,0,5" hai1="79,77,124,30,7,31,36,115,55,112,71,27,17" hai2="117,106,82,88,53,57,128,63,76,48,83,122,43" hai3="29,126,105,9,62,131,18,26,13,64,51,73,44"/><V11/><F117/><W84/><G126/><T4/><D111/><U94/><E124/><V129/><F106/><W1/><G131/><N who="2" m="50249" /><F122/><W45/><G105/><T16/><D125/><U20/><E71/><V68/><F76/><N who="1" m="29257" /><E36/><V81/><F11/><W60/><G73/><T37/><D37/><U116/><E116/><V120/><F120/><W52/><G1/><T118/><D118/><U39/><E39/><V3/><F3/><W25/><G29/><T8/><D135/><U96/><E7/><V101/><F101/><W67/><G84/><T38/><D113/><N who="1" m="43595" /><E55/><V72/><F72/><W6/><G6/><T100/><D38/><U69/><E69/><V58/><F68/><W109/><G109/><T87/><D28/><U93/><E93/><V61/><F61/><N who="3" m="23659" /><G45/><T47/><D87/><U15/><E27/><AGARI ba="0,0" hai="9,13,18,25,26,27,44,51,52,64,67" m="23659" machi="27" ten="30,3900,0" yaku="8,1,52,1,54,1" doraHai="42" who="3" fromWho="1" sc="287,0,299,-39,225,0,189,39" /><INIT seed="7,0,0,2,2,75" ten="287,260,225,228" oya="3" hai0="132,107,103,130,4,50,32,23,67,96,110,56,41" hai1="44,31,121,29,38,104,40,91,30,127,119,33,15" hai2="57,55,62,109,25,64,83,84,69,47,85,3,2" hai3="0,97,116,68,94,34,17,52,95,111,131,81,74"/><W101/><G116/><T80/><D110/><U39/><E121/><V63/><F109/><W60/><G0/><T90/><D32/><U16/><E119/><V18/><F85/><W61/><G34/><T6/><D130/><U48/><E127/><V105/><F47/><W43/><G131/><T1/><D132/><U100/><E33/><V26/><F105/><W126/><G111/><T134/><D134/><U42/><E91/><V10/><F3/><W53/><G126/><T71/><D1/><U51/><E104/><V70/><F70/><W76/><G43/><T22/><D71/><U118/><E100/><V117/><F117/><W87/><G68/><T113/><D113/><U27/><E27/><V9/><F9/><W49/><G53/><T106/><D106/><U79/><E118/><V5/><REACH who="2" step="1"/><F18/><REACH who="2" ten="287,260,215,228" step="2"/><W133/><G133/><T128/><D128/><U78/><E39/><V46/><F46/><N who="3" m="27703" /><G74/><T19/><D19/><U123/><E123/><V37/><F37/><W73/><G73/><T129/><D129/><U66/><E38/><V115/><F115/><W45/><G45/><T98/><D107/><U77/><E44/><V125/><F125/><W20/><G94/><T58/><D41/><N who="1" m="15979" /><E66/><V122/><F122/><W82/><G82/><T36/><D67/><U14/><E14/><AGARI ba="0,1" hai="14,17,20,60,61,76,81,87,95,97,101" m="27703" machi="14" ten="30,5800,0" yaku="8,1,52,1,54,1" doraHai="75" who="3" fromWho="1" sc="287,0,260,-58,215,0,228,68" /><INIT seed="7,1,0,1,2,21" ten="287,202,215,296" oya="3" hai0="6,63,28,90,81,4,17,14,89,92,51,93,69" hai1="87,118,98,29,30,34,18,1,40,68,106,117,42" hai2="109,64,99,11,53,41,26,114,132,13,124,83,70" hai3="25,3,85,54,115,2,47,135,134,127,105,16,15"/><W58/><G105/><T74/><D28/><N who="1" m="10859" /><E34/><V104/><F109/><W103/><G115/><T8/><D51/><U49/><E68/><V94/><F104/><W128/><G127/><T126/><D126/><U101/><E1/><V131/><F124/><W102/><G128/><T122/><D122/><U84/><E18/><V12/><F41/><N who="1" m="15977" /><E49/><V10/><F53/><W97/><G25/><T113/><D113/><U79/><E79/><V31/><F114/><W7/><G47/><T76/><D92/><U38/><E38/><V27/><F132/><N who="3" m="50731" /><G85/><N who="1" m="32842" /><E106/><V48/><F48/><N who="3" m="31047" /><G7/><T72/><D72/><U111/><E111/><V120/><F31/><W133/><G133/><T82/><D82/><U45/><E45/><V60/><F120/><W77/><G77/><T46/><D46/><U125/><E125/><V35/><F83/><W116/><G116/><N who="1" m="44650" /><E98/><V80/><F80/><W100/><G97/><T86/><REACH who="0" step="1"/><D89/><REACH who="0" ten="277,202,215,296" step="2"/><U112/><E112/><V32/><F131/><W62/><G62/><T123/><D123/><U88/><E101/><V9/><F35/><W50/><G50/><T78/><D78/><U5/><E88/><V61/><F32/><W119/><G119/><T95/><D95/><U44/><E44/><V73/><F73/><W37/><G37/><T59/><D59/><U129/><E129/><V33/><F33/><W0/><G103/><T19/><D19/><U108/><E108/><V57/><F57/><W23/><AGARI ba="1,1" hai="0,2,3,15,16,23,100,102" m="31047,50731" machi="23" ten="40,3900,0" yaku="20,1,54,1" doraHai="21" who="3" fromWho="3" sc="277,-14,202,-14,215,-14,296,52" owari="263,6.0,188,-31.0,201,-20.0,348,45.0" /></mjloggm>