<mjloggm ver="2.3"><GO type="225" lobby="0"/><UN n0="%6C%65%74%69%74%62%65" n1="%E3%83%88%E3%83%88%E3%83%AA%E5%85%88%E7%94%9F%31%39%E6%AD%B3" n2="%E3%83%AA%E3%83%81%E3%83%A3%21%21" n3="%73%69%72%75%6E%65%6B%6F" dan="16,18,16,16" rate="2133.77,2266.12,2113.16,2114.06" sx="F,F,M,M"/><TAIKYOKU oya="0"/><INIT seed="0,0,0,4,0,120" ten="250,250,250,250" oya="0" hai0="65,114,59,113,36,7,62,83,31,11,102,92,5" hai1="53,38,98,80,61,93,132,91,134,103,4,54,48" hai2="84,107,111,35,42,47,9,45,78,56,75,95,49" hai3="23,118,70,17,0,112,69,87,77,29,37,100,46"/><T6/><D36/><U20/><E38/><V133/><F35/><W30/><G0/><T41/><D41/><U106/><E4/><V109/><F75/><W79/><G118/><T110/><D31/><N who="3" m="11785" /><G69/><T71/><D11/><U105/><E20/><V40/><F107/><W127/><G100/><T89/><D71/><U32/><E32/><V8/><F56/><W55/><G70/><T101/><D83/><U3/><E3/><V73/><F73/><W16/><G37/><T33/><D33/><U99/><E105/><V116/><F116/><W90/><G112/><T82/><D82/><U13/><E13/><V2/><F133/><N who="1" m="51305" /><E61/><V135/><F135/><W72/><G72/><T27/><D27/><U58/><E54/><V10/><F2/><W18/><G23/><T63/><D63/><U66/><E80/><V44/><F78/><W124/><G124/><T50/><D50/><U51/><E51/><V129/><F129/><W81/><G127/><T24/><D24/><U52/><E53/><V97/><F84/><W130/><G130/><T39/><D39/><U25/><E25/><V26/><F26/><W74/><G74/><T22/><D22/><U117/><E66/><V94/><F94/><W115/><G115/><T76/><D114/><U67/><E67/><V119/><F119/><AGARI ba="0,0" hai="48,52,58,91,93,98,99,103,106,117,119" m="51305" machi="119" ten="30,2000,0" yaku="20,1,54,1" doraHai="120" who="1" fromWho="2" sc="250,0,250,20,250,-20,250,0" /><INIT seed="1,0,0,3,2,121" ten="250,270,230,250" oya="1" hai0="100,47,92,97,62,107,26,76,4,57,29,3,12" hai1="25,93,108,80,90,64,48,39,116,94,72,126,98" hai2="65,85,9,122,67,128,119,19,10,50,115,8,36" hai3="54,91,125,55,24,7,106,88,17,18,75,133,43"/><U113/><E113/><V37/><F119/><W134/><G75/><T14/><D76/><N who="1" m="44039" /><E39/><V28/><F122/><W118/><G106/><T95/><D3/><U102/><E48/><V70/><F115/><W53/><G125/><T132/><D132/><N who="3" m="50793" /><G118/><T127/><D127/><U56/><E56/><V96/><F85/><W74/><G74/><T129/><D129/><U11/><E11/><V45/><F128/><W68/><G68/><T32/><D47/><U112/><E25/><V42/><F96/><W135/><N who="3" m="50801" /><W81/><DORA hai="15" /><G43/><T27/><D27/><U69/><E64/><V22/><F28/><W23/><G7/><T117/><D117/><U61/><E61/><V82/><F82/><W99/><G99/><T60/><D60/><U0/><E0/><V1/><F1/><W87/><G91/><T5/><D5/><U124/><E69/><V123/><F123/><W111/><G111/><T34/><D34/><U21/><E116/><V41/><F70/><W77/><G77/><T109/><D109/><U66/><E108/><V130/><F130/><W83/><G83/><T40/><D40/><U51/><E112/><V131/><F131/><W63/><G63/><T58/><D58/><U105/><E105/><V38/><REACH who="2" step="1"/><F42/><REACH who="2" ten="250,270,220,250" step="2"/><W86/><G87/><T59/><D97/><N who="1" m="57527" /><E126/><V6/><F6/><W33/><G33/><T84/><D4/><U79/><E124/><V49/><F49/><W46/><G17/><T103/><D32/><U89/><E98/><V120/><F120/><W2/><G2/><T114/><D114/><U71/><E71/><V44/><F44/><AGARI ba="0,1" hai="18,23,24,44,46,53,54,55,81,86,88" m="50801" machi="44" ten="50,8000,1" yaku="6,1,20,1,52,1,54,1" doraHai="121,15" who="3" fromWho="2" sc="250,0,270,0,220,-80,250,90" /><INIT seed="2,0,0,3,0,105" ten="250,270,140,340" oya="2" hai0="17,34,43,116,126,0,92,89,103,18,50,100,75" hai1="99,24,19,11,12,23,70,68,65,20,6,87,101" hai2="21,108,117,29,134,86,53,112,38,41,93,25,26" hai3="35,131,54,48,130,2,39,10,84,110,52,7,109"/><V36/><F117/><W51/><G39/><T28/><D0/><U118/><E118/><V49/><F112/><W133/><G35/><T37/><D116/><U96/><E65/><V9/><F134/><W113/><G133/><T115/><D37/><U102/><E87/><V125/><F125/><W67/><G113/><T106/><D106/><U94/><REACH who="1" step="1"/><E20/><REACH who="1" ten="250,260,140,340" step="2"/><V71/><F108/><N who="3" m="41579" /><G67/><T62/><D115/><U128/><E128/><N who="3" m="49194" /><G84/><T81/><D126/><U8/><E8/><V129/><F129/><W121/><G121/><T76/><D34/><U91/><E91/><V122/><F122/><W88/><G88/><T63/><D89/><U69/><E69/><V119/><F71/><W78/><G78/><T77/><D76/><U79/><E79/><V58/><F119/><W46/><G51/><T31/><D50/><U60/><E60/><V85/><F9/><W97/><G97/><T40/><D77/><U55/><E55/><AGARI ba="0,1" hai="2,7,10,46,48,52,54,55" m="49194,41579" machi="55" ten="30,3900,0" yaku="14,1,19,1,54,1" doraHai="105" who="3" fromWho="1" sc="250,0,260,-39,140,0,340,49" /><INIT seed="3,0,0,3,0,9" ten="250,221,140,389" oya="3" hai0="78,54,56,102,3,13,75,28,83,131,92,41,90" hai1="86,38,128,95,116,64,76,61,23,79,14,82,49" hai2="114,106,87,4,44,65,5,24,60,88,117,47,2" hai3="98,31,115,105,46,134,84,0,17,63,122,67,42"/><W85/><G0/><T93/><D3/><U34/><E34/><V89/><F114/><W18/><G31/><T135/><D41/><U103/><E38/><V96/><F117/><W21/><G18/><T19/><D28/><U133/><E116/><V39/><F24/><W51/><G134/><T36/><D36/><U12/><E133/><V91/><F87/><W71/><G85/><T57/><D131/><U109/><E128/><V100/><F39/><W35/><G98/><T107/><D107/><U52/><E109/><V119/><F119/><W53/><G105/><T59/><D102/><U94/><E79/><V29/><F29/><W77/><G35/><T130/><D130/><U112/><E112/><V132/><F132/><W120/><G84/><N who="0" m="48247" /><D135/><U26/><E26/><V73/><F73/><W68/><G42/><T111/><D75/><U25/><E25/><V8/><REACH who="2" step="1"/><F5/><REACH who="2" ten="250,221,130,389" step="2"/><W7/><G7/><T33/><D111/><U126/><E86/><V121/><F121/><W124/><G120/><T37/><D37/><U99/><E82/><V123/><F123/><W104/><G122/><T45/><D33/><U72/><E72/><V129/><F129/><W108/><G108/><T118/><D118/><U125/><E76/><V80/><F80/><W11/><G77/><T22/><D19/><U101/><E125/><V32/><F32/><W97/><G124/><T55/><D93/><U6/><E126/><V62/><F62/><W43/><G63/><T74/><D92/><U69/><E94/><V20/><F20/><W50/><G21/><T81/><D74/><U127/><E127/><RYUUKYOKU ba="0,1" sc="250,-10,221,-10,130,30,389,-10" hai2="2,4,8,44,47,60,65,88,89,91,96,100,106" owari="240,4.0,211,-19.0,160,-34.0,389,49.0" /></mjloggm>