<mjloggm ver="2.3"><GO type="97" lobby="0"/><UN n0="%E5%B0%B1%E6%B4%BB%E7%94%9F%40%E5%B7%9D%E6%9D%91%E8%BB%8D%E5%9B%A3" n1="%E9%80%B1%E5%88%8A%E3%82%A8%E3%82%B9%E3%83%86" n2="%44%49%5A%5A%59" n3="%72%63%70%62" dan="14,14,14,15" rate="1966.06,1948.83,2022.52,2046.51" sx="M,M,F,M"/><TAIKYOKU oya="0"/><INIT seed="0,0,0,0,4,31" ten="250,250,250,250" oya="0" hai0="91,92,23,127,55,21,129,64,61,59,41,1,105" hai1="44,116,36,16,71,87,60,28,118,66,84,125,133" hai2="25,121,134,86,107,93,94,110,73,123,132,11,57" hai3="54,126,112,131,5,103,72,111,13,9,95,46,26"/><T96/><D1/><U49/><E133/><N who="2" m="51307" /><F57/><W50/><G112/><T82/><D127/><U114/><E125/><V48/><F48/><W45/><G126/><T90/><D129/><U38/><E114/><V109/><F25/><W8/><G72/><T100/><D41/><U88/><E28/><V101/><F73/><W89/><G103/><T18/><D64/><U27/><E87/><V51/><F51/><W106/><G106/><T74/><D18/><U67/><E67/><V19/><F11/><W76/><G76/><N who="0" m="44311" /><D90/><U12/><E27/><V99/><F19/><W77/><G77/><T52/><D55/><U69/><E69/><V104/><F86/><AGARI ba="0,0" hai="21,23,52,59,61,86,91,92,96,100,105" m="44311" machi="86" ten="30,2900,0" yaku="24,1,54,1" doraHai="31" who="0" fromWho="2" sc="250,29,250,0,250,-29,250,0" /><INIT seed="0,1,0,3,5,15" ten="279,250,221,250" oya="0" hai0="93,23,48,66,82,90,14,28,27,1,67,35,125" hai1="51,63,122,47,129,84,56,70,111,109,104,133,43" hai2="86,118,50,45,106,10,69,53,120,128,22,32,75" hai3="100,121,5,85,134,102,114,20,18,12,74,64,21"/><T99/><D125/><U132/><E104/><V119/><F69/><W73/><G114/><T101/><D1/><U36/><E84/><V112/><F106/><W8/><G134/><N who="1" m="51818" /><E122/><V124/><F75/><W2/><G121/><T4/><D48/><U68/><E129/><V7/><F32/><W123/><G123/><T103/><D82/><U83/><E83/><V17/><F120/><W127/><G127/><T80/><D80/><U13/><E13/><V52/><F124/><W41/><G41/><T95/><D103/><U25/><E25/><N who="2" m="14543" /><F112/><W11/><G64/><T88/><D101/><U96/><E96/><V60/><F86/><W116/><G116/><N who="2" m="44585" /><F128/><W78/><G102/><T49/><D49/><U77/><E77/><V9/><F7/><W26/><G100/><T46/><D46/><U130/><E130/><V115/><F115/><W81/><REACH who="3" step="1"/><G21/><REACH who="3" ten="279,250,221,240" step="2"/><T38/><D38/><U72/><E36/><V37/><F37/><W105/><G105/><T16/><REACH who="0" step="1"/><D4/><AGARI ba="1,1" hai="2,4,5,8,11,12,18,20,26,73,74,78,81,85" machi="4" ten="30,7700,0" yaku="1,1,7,1,52,1,53,1" doraHai="15" doraHaiUra="79" who="3" fromWho="0" sc="279,-80,250,0,221,0,240,90" /><INIT seed="1,0,0,2,0,17" ten="199,250,221,330" oya="1" hai0="59,19,1,46,82,128,79,106,75,23,98,33,132" hai1="90,9,22,134,37,39,135,117,116,112,85,18,103" hai2="107,2,89,35,78,0,113,100,133,125,56,54,25" hai3="93,92,30,97,68,105,108,66,110,7,6,27,21"/><U77/><E77/><V3/><F113/><W12/><G68/><T126/><D33/><U60/><E9/><V61/><F78/><W115/><G66/><T111/><D1/><U72/><E103/><V109/><F109/><N who="3" m="42091" /><G115/><T122/><D122/><U57/><E72/><V38/><F38/><W96/><G105/><T129/><D111/><U32/><E32/><V94/><F125/><W114/><G114/><T119/><D119/><U81/><E112/><V130/><F130/><N who="0" m="50282" /><D126/><U34/><E34/><V52/><F133/><N who="1" m="50697" /><E117/><V73/><F73/><W123/><G123/><T26/><D132/><U127/><E127/><V74/><F74/><W80/><G80/><T53/><D46/><U45/><E45/><V62/><F107/><W120/><G120/><T121/><D121/><U28/><E28/><V44/><F100/><N who="3" m="60423" /><G12/><T102/><D59/><U8/><E8/><V76/><F76/><W99/><G99/><T48/><D48/><U67/><E116/><V47/><F35/><W16/><G30/><T55/><AGARI ba="0,0" hai="19,23,26,53,55,75,79,82,98,102,106" m="50282" machi="55" ten="30,2000,0" yaku="19,1,52,1" doraHai="17" who="0" fromWho="0" sc="199,20,250,-10,221,-5,330,-5" /><INIT seed="2,0,0,0,4,15" ten="219,240,216,325" oya="2" hai0="38,54,73,12,101,65,87,26,125,90,35,51,92" hai1="36,93,116,64,46,67,122,76,117,77,134,32,45" hai2="111,99,28,3,95,102,22,121,25,60,106,19,103" hai3="120,83,118,47,49,96,88,31,115,126,68,56,1"/><V59/><F3/><W29/><G68/><T82/><D38/><U104/><E104/><V11/><F121/><W30/><G1/><T37/><D37/><U21/><E32/><V63/><F106/><W123/><G118/><T43/><D125/><U0/><E0/><V5/><F111/><W40/><G126/><T119/><D119/><U127/><E21/><V100/><F5/><W62/><G115/><T135/><D43/><U108/><E127/><V33/><F63/><W86/><REACH who="3" step="1"/><G96/><REACH who="3" ten="219,240,216,315" step="2"/><T48/><D135/><U114/><E134/><V8/><F33/><W107/><G107/><T27/><D35/><U98/><E114/><V78/><F78/><W17/><G17/><T110/><D110/><U97/><E108/><V61/><F61/><W23/><G23/><T124/><D124/><U79/><E122/><V74/><F74/><W53/><AGARI ba="0,1" hai="29,30,31,40,47,49,53,56,62,83,86,88,120,123" machi="53" ten="30,4000,0" yaku="1,1,0,1,54,1,53,0" doraHai="15" doraHaiUra="10" who="3" fromWho="3" sc="219,-10,240,-10,216,-20,315,50" /><INIT seed="3,0,0,4,1,23" ten="209,230,196,365" oya="3" hai0="21,76,110,122,24,79,61,57,43,25,87,8,9" hai1="107,117,27,2,30,94,62,134,103,66,10,92,29" hai2="78,47,51,83,123,104,5,16,127,96,60,81,44" hai3="72,133,37,86,33,41,102,97,17,18,106,42,98"/><W58/><G58/><T130/><D122/><U101/><E30/><V118/><F118/><W67/><G86/><T90/><D110/><U52/><E117/><V59/><F123/><W112/><G17/><N who="0" m="12335" /><D25/><U125/><E134/><V120/><F120/><W124/><G97/><T7/><D43/><U85/><E125/><V135/><F127/><W48/><G18/><T129/><D129/><U34/><E101/><V50/><F135/><W74/><G48/><N who="2" m="18473" /><F5/><W115/><G42/><T126/><D126/><U20/><E85/><N who="2" m="48311" /><F104/><W28/><G98/><T13/><D130/><U55/><E20/><V91/><F96/><W68/><G41/><T105/><D9/><U88/><E10/><V71/><F71/><W15/><G68/><T99/><D99/><N who="1" m="61951" /><E2/><V38/><F38/><W128/><G37/><T6/><D6/><U53/><E53/><N who="2" m="33903" /><F83/><W132/><G133/><T39/><D39/><U116/><E116/><V49/><N who="2" m="18481" /><V121/><DORA hai="12" /><F121/><W19/><G132/><T31/><D31/><U64/><E64/><V0/><F0/><W111/><G67/><N who="0" m="39343" /><D105/><U108/><E108/><V1/><F1/><W70/><G106/><T84/><D84/><N who="1" m="52231" /><E94/><AGARI ba="0,0" hai="7,8,13,76,79,87,90,94" m="39343,12335" machi="94" ten="30,3900,0" yaku="8,1,52,2" doraHai="23,12" who="0" fromWho="1" sc="209,39,230,-39,196,0,365,0" owari="248,5.0,191,-31.0,196,-20.0,365,46.0" /></mjloggm>