<mjloggm ver="2.3"><GO type="225" lobby="0"/><UN n0="%E3%81%B1%E3%83%BC%E3%81%9D%E3%82%93" n1="%53%65%6E%61%72" n2="%4D%61%6D%65%2D%79%61" n3="%E3%83%88%E3%83%88%E3%83%AA%E5%85%88%E7%94%9F%31%39%E6%AD%B3" dan="16,17,17,18" rate="2174.92,2100.25,2203.20,2278.70" sx="M,M,M,F"/><TAIKYOKU oya="0"/><INIT seed="0,0,0,2,3,22" ten="250,250,250,250" oya="0" hai0="57,52,42,68,26,135,13,21,10,8,117,6,121" hai1="76,82,20,25,46,115,39,95,124,67,128,18,123" hai2="50,48,23,85,17,100,91,87,94,71,118,29,34" hai3="113,27,53,81,35,129,80,130,89,49,41,108,28"/><T96/><D121/><U84/><E123/><V101/><F71/><W125/><G113/><T62/><D117/><U116/><E116/><V63/><F118/><W104/><G104/><T64/><D135/><U5/><E115/><V109/><F109/><W32/><G41/><T78/><D78/><U112/><E112/><V40/><F34/><W2/><G2/><T54/><D42/><U107/><E107/><V43/><F29/><W90/><G125/><T47/><D47/><U31/><E124/><V120/><F120/><W110/><G35/><T75/><D75/><U105/><E105/><V55/><F63/><W103/><G103/><N who="2" m="39497" /><F85/><N who="3" m="50343" /><G90/><T44/><D44/><U61/><E128/><N who="3" m="49258" /><G81/><T92/><D8/><U65/><E61/><V86/><F86/><W93/><G93/><T14/><D14/><U1/><E39/><V59/><F48/><W60/><G60/><T98/><D68/><U114/><E114/><V77/><F77/><W36/><G36/><T45/><D45/><AGARI ba="0,0" hai="27,28,32,45,49,53,108,110" m="49258,50343" machi="45" ten="30,2000,0" yaku="19,1,52,1" doraHai="22" who="3" fromWho="0" sc="250,-20,250,0,250,0,250,20" /><INIT seed="1,0,0,1,2,77" ten="230,250,250,270" oya="1" hai0="110,96,117,125,57,3,104,13,35,60,133,94,32" hai1="50,47,48,61,115,54,33,106,7,124,16,80,128" hai2="109,78,64,29,79,85,4,46,116,51,84,23,22" hai3="74,19,66,113,95,99,126,87,6,86,38,21,45"/><U135/><E115/><V39/><F116/><W36/><G113/><T81/><D3/><U20/><E33/><V90/><F109/><W83/><G126/><T107/><D117/><U43/><E124/><V8/><F39/><W37/><G6/><T114/><D125/><U91/><E128/><V103/><F103/><W132/><G132/><T98/><D114/><U65/><E106/><V71/><F64/><W58/><G74/><T12/><D133/><U53/><E135/><V88/><F71/><W10/><G10/><T93/><D60/><U1/><E7/><V129/><F129/><W130/><G86/><T102/><D57/><N who="1" m="37039" /><E50/><V34/><F34/><W68/><G68/><T67/><D67/><U2/><E2/><V73/><F73/><W27/><G130/><T123/><D123/><U24/><E1/><V28/><F4/><W15/><G58/><T100/><REACH who="0" step="1"/><D110/><REACH who="0" ten="220,250,250,270" step="2"/><U17/><E17/><V97/><F28/><W30/><G66/><T112/><D112/><U44/><E44/><V75/><F29/><W89/><G45/><T5/><D5/><U131/><E131/><V92/><F46/><W122/><G122/><T69/><D69/><U41/><E43/><V101/><F75/><W14/><REACH who="3" step="1"/><G30/><REACH who="3" ten="220,250,250,260" step="2"/><T52/><D52/><U49/><E48/><V40/><F51/><W70/><G70/><T62/><D62/><U111/><E111/><V72/><F40/><W118/><G118/><T119/><D119/><U42/><E41/><V9/><F72/><W120/><G120/><T18/><D18/><U63/><E63/><V56/><F56/><W0/><G0/><RYUUKYOKU ba="0,2" sc="220,10,250,10,250,-30,260,10" hai0="12,13,32,35,81,93,94,96,98,100,102,104,107" hai1="16,20,24,42,47,49,53,54,80,91" hai3="14,15,19,21,27,36,37,38,83,87,89,95,99" /><INIT seed="1,1,2,2,2,12" ten="230,260,220,270" oya="1" hai0="89,86,39,96,79,57,5,45,65,87,116,44,67" hai1="107,1,28,83,55,15,129,7,104,119,127,6,135" hai2="95,60,33,66,19,69,133,11,30,111,4,120,46" hai3="90,29,70,20,32,17,78,103,118,92,13,62,35"/><U106/><E119/><V114/><F120/><W3/><G118/><T53/><D116/><U2/><E127/><V134/><F111/><W113/><G113/><T121/><D121/><U84/><E135/><V68/><F68/><W72/><G3/><T131/><D131/><U43/><E129/><V16/><F114/><W51/><G103/><T81/><D5/><U63/><E43/><V93/><F93/><W18/><G29/><T99/><D39/><U100/><E100/><V77/><F77/><W59/><G70/><T14/><D14/><U117/><E28/><V25/><F46/><N who="0" m="18026" /><D96/><U52/><E117/><V49/><F49/><W97/><G51/><N who="0" m="30911" /><D99/><U110/><E110/><V50/><F50/><W47/><G47/><T75/><D75/><U10/><E63/><V56/><F69/><W123/><G123/><T126/><D126/><U101/><E101/><V105/><F105/><W115/><G78/><T130/><D130/><U94/><E94/><AGARI ba="1,2" hai="65,67,79,81,86,87,89,94" m="30911,18026" machi="94" ten="30,1000,0" yaku="8,1" doraHai="12" who="0" fromWho="1" sc="230,33,260,-13,220,0,270,0" /><INIT seed="2,0,0,1,1,126" ten="263,247,220,270" oya="2" hai0="85,118,57,46,88,30,35,39,44,119,53,12,49" hai1="80,114,109,100,78,123,37,45,32,131,7,29,72" hai2="89,48,74,33,50,17,21,36,76,8,77,31,64" hai3="73,120,20,90,130,58,103,5,25,70,132,121,14"/><V63/><F36/><W95/><G70/><T9/><D35/><U122/><E114/><V55/><F33/><W92/><G73/><T54/><D30/><U22/><E109/><V41/><F31/><W113/><G113/><T111/><D111/><U93/><E32/><V6/><F41/><W87/><G132/><T18/><D39/><U104/><E104/><V10/><F89/><W81/><G130/><T61/><REACH who="0" step="1"/><D44/><REACH who="0" ten="253,247,220,270" step="2"/><U24/><E37/><V112/><F112/><W68/><G120/><T117/><D117/><U51/><E122/><V133/><F133/><W128/><G121/><T4/><D4/><U115/><E7/><V67/><F6/><W79/><G5/><T1/><D1/><U83/><E123/><V66/><F74/><W34/><G34/><T60/><D60/><U107/><E115/><V106/><F63/><W3/><G3/><T56/><D56/><U94/><E72/><V124/><F50/><W71/><G58/><T26/><D26/><U105/><E51/><V101/><F124/><W11/><G68/><T52/><D52/><U84/><E45/><V59/><F59/><W23/><G25/><T99/><D99/><U125/><E125/><V129/><F55/><W108/><G71/><T96/><D96/><U42/><E29/><V38/><F48/><W19/><G108/><T47/><D47/><U65/><E24/><N who="2" m="14383" /><F38/><W82/><G128/><T127/><D127/><U97/><E131/><V16/><F129/><W91/><G19/><T15/><D15/><U102/><E97/><N who="2" m="61743" /><F16/><W135/><G135/><T0/><D0/><U40/><E40/><RYUUKYOKU ba="0,1" sc="253,15,247,-15,220,15,270,-15" hai0="9,12,18,46,49,53,54,57,61,85,88,118,119" hai2="8,10,64,66,67,76,77" /><INIT seed="2,1,1,1,0,76" ten="268,232,235,255" oya="2" hai0="57,29,19,53,35,56,106,77,95,90,58,101,47" hai1="62,129,68,93,98,85,3,110,133,5,74,49,127" hai2="134,28,99,80,131,44,112,71,41,8,75,117,20" hai3="31,79,39,27,50,124,48,12,135,9,22,132,103"/><V73/><F112/><W121/><G121/><T86/><D35/><U109/><E74/><V40/><F117/><W97/><G39/><T105/><D29/><U6/><E3/><V69/><F69/><W120/><G124/><T113/><D113/><U23/><E127/><V32/><F71/><W0/><G0/><T65/><D65/><U45/><E23/><V102/><F32/><W2/><G2/><T36/><D77/><U51/><E85/><V89/><F131/><W59/><G79/><T18/><D105/><U42/><E129/><V61/><F134/><N who="3" m="51243" /><G59/><T88/><D36/><U17/><E17/><N who="0" m="6153" /><D106/><U21/><E21/><V123/><F123/><W67/><G67/><T83/><D101/><N who="1" m="60623" /><E133/><V115/><F115/><W16/><G120/><T11/><D11/><U34/><E34/><V100/><F8/><W84/><G84/><N who="0" m="52679" /><D47/><N who="1" m="25847" /><E62/><AGARI ba="1,1" hai="53,56,57,58,62,83,86,88" m="52679,6153" machi="62" ten="30,3900,0" yaku="8,1,52,1,54,1" doraHai="76" who="0" fromWho="1" sc="268,52,232,-42,235,0,255,0" /><INIT seed="3,0,0,1,1,38" ten="320,190,235,255" oya="3" hai0="6,68,66,132,89,64,124,52,105,34,133,17,120" hai1="94,125,75,28,1,115,77,26,49,103,117,129,47" hai2="81,95,90,76,12,7,54,111,48,99,83,71,5" hai3="4,50,82,37,39,44,19,43,96,55,22,93,23"/><W87/><G4/><T74/><D105/><U121/><E115/><V98/><F111/><W69/><G69/><T65/><D74/><U29/><E121/><V20/><F71/><W31/><G31/><T126/><D34/><U2/><E125/><N who="0" m="48233" /><D120/><U91/><E129/><V56/><F99/><W118/><G118/><T86/><D68/><U24/><E103/><V30/><F83/><W63/><G23/><T51/><D17/><U0/><E117/><V67/><F67/><W15/><G63/><T25/><D25/><U92/><E92/><V42/><F30/><W127/><G127/><T11/><D89/><U35/><E77/><V62/><F20/><W135/><G135/><T131/><D86/><U73/><E91/><V123/><F12/><W109/><G109/><T36/><D36/><U10/><E10/><V58/><F123/><W41/><G39/><T18/><D18/><U14/><E14/><V40/><F5/><W130/><G37/><T134/><D131/><U84/><E84/><V13/><F13/><W16/><G19/><T33/><D33/><U114/><E94/><V21/><F21/><W100/><G130/><T128/><D128/><U116/><E116/><V32/><F32/><W101/><G101/><T122/><D122/><U97/><E97/><V9/><F9/><W60/><G60/><T59/><D132/><U107/><E107/><V45/><F7/><W61/><G61/><T70/><D70/><U79/><E114/><V78/><F78/><AGARI ba="0,0" hai="15,16,22,41,43,44,50,55,78,82,87,93,96,100" machi="78" ten="30,12000,1" yaku="7,1,8,1,52,2,54,1" doraHai="38" who="3" fromWho="2" sc="320,0,190,0,235,-120,255,120" owari="320,12.0,190,-21.0,115,-38.0,375,47.0" /></mjloggm>