<mjloggm ver="2.3"><GO type="41" lobby="0"/><UN n0="%E2%94%90%28%C2%B4%EF%BD%9E%EF%BD%80%29%E2%94%8C" n1="%E3%81%BD%E3%82%80%E3%81%8B%E3%82%88" n2="%E3%83%88%E3%83%88%E3%83%AA%E5%85%88%E7%94%9F%31%39%E6%AD%B3" n3="%E2%98%86%E3%83%92%E3%82%B2%E9%AD%94%E4%BA%BA%E2%98%86" dan="13,14,14,14" rate="1936.20,1890.79,2005.69,1892.59" sx="M,F,F,M"/><TAIKYOKU oya="0"/><INIT seed="0,0,0,3,4,69" ten="250,250,250,250" oya="0" hai0="115,28,26,14,33,16,50,47,114,22,57,45,42" hai1="19,83,6,53,35,124,34,46,134,120,71,70,73" hai2="31,36,125,82,89,38,94,32,21,102,91,9,99" hai3="131,27,61,10,112,85,106,64,119,135,133,111,84"/><T117/><D117/><U25/><E6/><V58/><F32/><W92/><G119/><T54/><REACH who="0" step="1"/><D47/><REACH who="0" ten="240,250,250,250" step="2"/><U80/><E46/><V68/><F125/><W130/><G112/><T79/><D79/><U59/><E124/><V103/><F68/><W109/><G10/><T4/><D4/><U12/><E71/><V86/><F9/><W121/><G121/><T132/><D132/><N who="3" m="50761" /><G27/><T72/><D72/><U118/><E25/><V52/><F21/><W62/><G106/><T105/><D105/><U30/><E70/><V41/><F31/><W51/><G92/><T123/><D123/><U37/><E30/><V7/><F7/><W108/><G51/><AGARI ba="0,1" hai="14,16,22,26,28,33,42,45,50,51,54,57,114,115" machi="51" ten="30,11600,0" yaku="1,1,7,1,54,1,53,1" doraHai="69" doraHaiUra="15" who="0" fromWho="3" sc="240,126,250,0,250,0,250,-116" /><INIT seed="0,1,0,2,5,64" ten="366,250,250,134" oya="0" hai0="72,92,10,23,66,44,11,120,47,79,28,33,6" hai1="17,54,55,78,122,107,56,14,83,62,51,90,18" hai2="8,58,27,34,13,112,113,100,52,132,126,45,103" hai3="114,127,134,60,63,116,125,117,70,32,21,16,135"/><T118/><D120/><U57/><E122/><V87/><F132/><N who="3" m="50731" /><G32/><T61/><D33/><U37/><E107/><V98/><F126/><N who="3" m="48139" /><G114/><T86/><D11/><U80/><E37/><V50/><F103/><W2/><G2/><T95/><D72/><U128/><E128/><V99/><F99/><W36/><G36/><T1/><D92/><U73/><E73/><V20/><F87/><W29/><G29/><T48/><D86/><U31/><E31/><V30/><F34/><W82/><G82/><T106/><D23/><U101/><E101/><V75/><F75/><W111/><G111/><T130/><D10/><U97/><E78/><V26/><F26/><W88/><G88/><T40/><D79/><U129/><E129/><V89/><F89/><W35/><G35/><T110/><D130/><U81/><E14/><V74/><F74/><W105/><G105/><T49/><D106/><U15/><E15/><V85/><F85/><W131/><G131/><T42/><D1/><U12/><E12/><V3/><F3/><W104/><G104/><T39/><D39/><U124/><E124/><V5/><F98/><W24/><G60/><T119/><D61/><U19/><E97/><V91/><F91/><AGARI ba="1,0" hai="17,18,19,51,54,55,56,57,62,80,81,83,90,91" machi="91" ten="40,1300,0" yaku="8,1" doraHai="64" who="1" fromWho="2" sc="366,0,250,16,250,-16,134,0" /><INIT seed="1,0,0,4,2,19" ten="366,266,234,134" oya="1" hai0="29,58,69,26,14,50,97,116,83,70,129,105,113" hai1="109,39,82,76,128,30,15,34,13,135,130,12,24" hai2="72,11,28,64,20,86,77,131,66,33,23,56,53" hai3="87,43,17,96,107,121,104,74,46,119,59,106,54"/><U40/><E135/><V124/><F72/><W100/><G121/><T68/><D116/><U51/><E39/><V31/><F131/><W112/><G112/><T16/><D129/><U108/><E51/><V93/><F124/><W2/><G2/><T80/><D113/><U110/><REACH who="1" step="1"/><E40/><REACH who="1" ten="366,256,234,134" step="2"/><V81/><F33/><W120/><G120/><T89/><D50/><U22/><E22/><N who="2" m="8235" /><F11/><W98/><G119/><T27/><D70/><U101/><E101/><V18/><F18/><W47/><G17/><T62/><D69/><U133/><E133/><V3/><F3/><W67/><G100/><T73/><D68/><U61/><E61/><N who="2" m="35983" /><F93/><W65/><G104/><T92/><D105/><U102/><E102/><V103/><F103/><W48/><G106/><T37/><D37/><U63/><E63/><V78/><F78/><W90/><G107/><T41/><D62/><U6/><E6/><V0/><F0/><W4/><G4/><T122/><D92/><U94/><E94/><V7/><F7/><W91/><G43/><T49/><D41/><U84/><AGARI ba="0,1" hai="12,13,15,24,30,34,76,82,84,108,109,110,128,130" machi="84" ten="40,12000,1" yaku="1,1,0,1,14,1,10,1,53,0" doraHai="19" doraHaiUra="111" who="1" fromWho="1" sc="366,-40,256,130,234,-40,134,-40" /><INIT seed="1,1,0,0,3,104" ten="326,386,194,94" oya="1" hai0="14,82,114,44,75,55,89,100,45,98,41,46,59" hai1="101,105,58,125,90,78,11,25,111,121,128,26,85" hai2="123,129,61,86,107,131,80,50,5,43,60,108,69" hai3="32,62,24,88,15,2,73,65,116,106,119,103,39"/><U47/><E121/><V6/><F123/><W97/><G15/><T63/><D114/><U93/><E47/><N who="2" m="25983" /><F107/><W127/><G127/><T83/><D41/><U124/><E11/><V21/><F108/><W135/><G135/><T96/><D96/><U12/><E12/><V31/><F69/><W37/><G2/><T76/><D14/><U118/><E58/><V117/><F117/><N who="3" m="45131" /><G88/><T23/><D23/><U115/><E118/><V132/><F132/><W79/><G62/><N who="2" m="24169" /><F31/><N who="3" m="19559" /><G65/><T70/><D70/><U77/><E26/><V92/><F21/><W102/><G102/><T34/><D34/><U57/><E25/><V10/><F10/><W22/><G22/><T87/><REACH who="0" step="1"/><D44/><REACH who="0" ten="316,386,194,94" step="2"/><U13/><E13/><V42/><F42/><W35/><G35/><T38/><D38/><U122/><E122/><V16/><F131/><W52/><G52/><T113/><D113/><U68/><E68/><V66/><F129/><W71/><G71/><T33/><D33/><U91/><E115/><V110/><F66/><W94/><G39/><T0/><D0/><U95/><E128/><V56/><F5/><W30/><G37/><T36/><D36/><U74/><E124/><V53/><F6/><W72/><G30/><T19/><D19/><U109/><E125/><V81/><F16/><W54/><G54/><T126/><D126/><U17/><E17/><V112/><F112/><W99/><G99/><T20/><D20/><U120/><E120/><V48/><F110/><W3/><G3/><T67/><D67/><U7/><E111/><V29/><F29/><W18/><G97/><T4/><D4/><RYUUKYOKU ba="1,1" sc="316,15,386,-15,194,15,94,-15" hai0="45,46,55,59,63,75,76,82,83,87,89,98,100" hai2="48,53,56,80,81,86,92" /><INIT seed="2,2,1,3,2,71" ten="331,371,209,79" oya="2" hai0="38,64,49,59,67,132,123,10,122,37,113,94,8" hai1="101,31,81,53,134,27,13,79,34,33,118,97,86" hai2="119,102,77,83,54,41,62,30,96,35,26,131,114" hai3="124,42,61,89,120,47,44,12,95,72,92,112,133"/><V36/><F114/><W98/><G72/><T84/><D113/><U11/><E134/><V69/><F119/><W87/><G112/><T25/><D132/><U15/><E118/><V74/><F131/><W93/><G133/><T55/><D25/><U23/><E53/><V88/><F54/><W82/><G120/><T126/><D126/><U3/><E3/><V1/><F88/><W14/><G124/><T100/><D8/><U17/><E13/><V65/><F41/><W115/><G115/><T7/><D67/><U80/><E81/><V116/><F116/><W29/><G29/><T19/><D19/><U40/><E40/><V0/><F36/><W75/><G61/><T125/><D64/><U106/><AGARI ba="2,1" hai="11,15,17,23,27,31,33,34,79,80,86,97,101,106" machi="106" ten="20,1500,0" yaku="0,1,7,1" doraHai="71" who="1" fromWho="1" sc="331,-6,371,31,209,-9,79,-6" /><INIT seed="3,0,0,1,2,110" ten="325,402,200,73" oya="3" hai0="77,35,62,98,2,111,87,53,75,16,99,135,22" hai1="32,82,132,50,85,134,125,108,57,107,68,133,67" hai2="49,81,8,25,3,120,119,78,91,109,45,43,27" hai3="47,95,58,60,44,104,86,118,23,79,114,59,66"/><W103/><G118/><T97/><D111/><U33/><E108/><V131/><F119/><W29/><G104/><T54/><D35/><U123/><E123/><V117/><F109/><W36/><G79/><T51/><D2/><U11/><E107/><V31/><F117/><W18/><G58/><N who="0" m="35151" /><D75/><U48/><E68/><V124/><F120/><W30/><G114/><T42/><D42/><U89/><E11/><V83/><F131/><W1/><G1/><T38/><D38/><U71/><E71/><V127/><F91/><N who="3" m="53751" /><G36/><T129/><D135/><U106/><E106/><V128/><F128/><W126/><G103/><T52/><D129/><U88/><E89/><V24/><F31/><N who="3" m="11787" /><G126/><N who="2" m="48169" /><F78/><W73/><G73/><T76/><D87/><U46/><E125/><V37/><F37/><W19/><G19/><T20/><D20/><U96/><E96/><V74/><F74/><W34/><G34/><T21/><D21/><U90/><E90/><V113/><F113/><W101/><G101/><T40/><D40/><U5/><E33/><V72/><F72/><W55/><G66/><T56/><D54/><U17/><E32/><V15/><F3/><W115/><G115/><T39/><D39/><U6/><E67/><V80/><F80/><W105/><G105/><T63/><D51/><U26/><E57/><V13/><F83/><W7/><G7/><T84/><D84/><U65/><E50/><V94/><F81/><W93/><G93/><T9/><D99/><U70/><E65/><V61/><F94/><W64/><G64/><T4/><D98/><U130/><E130/><V14/><F61/><RYUUKYOKU ba="0,0" sc="325,-15,402,-15,200,15,73,15" hai2="8,13,14,15,24,25,27,43,45,49" hai3="18,23,44,47,55,59,60" /><INIT seed="3,1,0,5,5,133" ten="310,387,215,88" oya="3" hai0="131,75,76,99,55,53,116,70,104,110,52,118,42" hai1="5,68,127,21,113,44,130,26,6,12,72,36,8" hai2="63,119,109,1,10,93,27,107,13,40,47,59,45" hai3="17,129,114,71,41,39,2,122,100,77,37,35,117"/><W135/><RYUUKYOKU type="yao9" ba="1,0" sc="310,0,387,0,215,0,88,0" hai3="2,17,35,37,39,41,71,77,100,114,117,122,129,135" /><INIT seed="3,2,0,4,1,60" ten="310,387,215,88" oya="3" hai0="113,102,54,1,62,52,31,58,30,28,64,33,80" hai1="131,89,3,2,87,116,127,63,8,53,44,109,132" hai2="133,37,124,110,125,70,9,72,88,78,50,135,117" hai3="82,104,19,118,101,122,99,119,21,29,105,4,76"/><W98/><G122/><T55/><D1/><U12/><E109/><V65/><F117/><W6/><G29/><T23/><D33/><U130/><E116/><V107/><F37/><W92/><G118/><T15/><D113/><U39/><E39/><V108/><F107/><W40/><G119/><T51/><D102/><U84/><E84/><V90/><F9/><W93/><G40/><T83/><D51/><U95/><E3/><V77/><F50/><W5/><G19/><AGARI ba="2,0" hai="15,19,23,28,30,31,52,54,55,58,62,64,80,83" machi="19" ten="40,5200,0" yaku="8,1,52,1,54,1" doraHai="60" who="0" fromWho="3" sc="310,58,387,0,215,0,88,-58" /><INIT seed="4,0,0,4,5,23" ten="368,387,215,30" oya="0" hai0="92,98,37,9,86,41,116,43,119,131,13,83,38" hai1="21,39,99,42,85,111,48,12,24,25,107,1,87" hai2="61,30,11,125,20,114,110,95,124,40,31,104,108" hai3="73,62,79,74,34,19,47,91,126,128,76,115,8"/><T15/><D131/><U106/><E1/><V134/><F104/><W109/><G109/><T103/><D38/><U27/><E111/><N who="2" m="42539" /><F40/><W53/><G115/><T118/><D37/><U130/><E130/><V68/><F95/><W3/><G128/><T94/><D94/><U2/><E2/><V132/><F61/><W135/><G34/><T16/><REACH who="0" step="1"/><D15/><REACH who="0" ten="358,387,215,30" step="2"/><U127/><E39/><V55/><F114/><W26/><G3/><T57/><D57/><U58/><E58/><V17/><F68/><W51/><G135/><N who="2" m="51753" /><F11/><W28/><G126/><N who="2" m="48745" /><F55/><W112/><G112/><T100/><D100/><U84/><E127/><V56/><F56/><W67/><G8/><T5/><D5/><U129/><E129/><V10/><F10/><W0/><G53/><T29/><D29/><U6/><E6/><V66/><F66/><W80/><G28/><T70/><D70/><U59/><E59/><V64/><F64/><W82/><G0/><T117/><N who="0" m="30208" /><DORA hai="63" /><T22/><D22/><U123/><E21/><V60/><F60/><W101/><G101/><T69/><D69/><U32/><E107/><V45/><F45/><W4/><G4/><T7/><D7/><U35/><E106/><V105/><F105/><W52/><G19/><T88/><AGARI ba="0,1" hai="9,13,16,41,43,83,86,88,92,98,103" m="30208" machi="88" ten="60,12000,1" yaku="1,1,0,1,54,2,53,1" doraHai="23,63" doraHaiUra="97,18" who="0" fromWho="0" sc="358,130,387,-40,215,-40,30,-40" owari="488,58.0,347,15.0,175,-22.0,-10,-51.0" /></mjloggm>