<mjloggm ver="2.3"><GO type="169" lobby="0"/><UN n0="%E5%B0%B1%E6%B4%BB%E7%94%9F%40%E5%B7%9D%E6%9D%91%E8%BB%8D%E5%9B%A3" n1="%52%69%2D%4D%6F%2D" n2="%4B%49%4E%4F" n3="%6B%79%6F%6E%6B%6F%31%31" dan="16,17,16,17" rate="2092.20,2107.88,2058.64,2129.58" sx="M,M,F,M"/><TAIKYOKU oya="0"/><INIT seed="0,0,0,1,2,8" ten="250,250,250,250" oya="0" hai0="56,2,0,76,65,27,30,35,122,10,112,86,61" hai1="120,66,36,106,75,133,77,72,13,118,121,119,44" hai2="21,114,107,96,69,39,125,94,25,54,84,57,51" hai3="110,116,50,132,49,33,43,130,1,14,70,17,68"/><T109/><D112/><U74/><E66/><V129/><F114/><W48/><G33/><T64/><D122/><N who="1" m="47211" /><E13/><V92/><F129/><W52/><G1/><T63/><D109/><U55/><E55/><V93/><F125/><W81/><G116/><N who="1" m="44586" /><E77/><V45/><F69/><W134/><G110/><T19/><D76/><U91/><E44/><V58/><F39/><W22/><G130/><T90/><D19/><U16/><E16/><N who="2" m="12455" /><F107/><W3/><G3/><T82/><REACH who="0" step="1"/><D10/><REACH who="0" ten="240,250,250,250" step="2"/><U32/><E133/><V34/><F34/><W97/><G132/><T42/><D42/><U67/><E32/><V41/><F41/><W40/><G134/><T135/><D135/><U123/><E123/><V95/><F84/><W99/><G40/><T117/><D117/><U18/><E75/><V7/><F7/><W53/><G43/><T111/><D111/><U71/><E74/><V23/><F23/><W62/><G22/><T11/><D11/><U88/><E72/><V4/><F4/><W31/><G17/><T126/><D126/><U12/><E18/><V127/><F127/><W73/><G73/><T101/><D101/><AGARI ba="0,1" hai="45,51,54,57,58,92,93,94,95,96,101" m="12455" machi="101" ten="30,2000,0" yaku="8,1,54,1" doraHai="8" who="2" fromWho="0" sc="240,-20,250,0,250,30,250,0" /><INIT seed="1,0,0,5,3,123" ten="220,250,280,250" oya="1" hai0="78,111,99,117,61,93,42,59,1,80,38,131,64" hai1="15,115,109,100,132,97,72,66,101,24,134,39,32" hai2="37,44,33,9,108,55,84,105,107,92,56,62,103" hai3="91,54,79,127,104,31,46,21,68,22,26,98,65"/><U129/><E115/><V125/><F33/><W11/><G79/><T19/><D117/><U96/><E39/><V122/><F122/><W118/><G118/><T12/><D1/><U47/><E47/><V116/><F116/><W14/><G127/><T28/><D131/><U2/><E2/><V133/><F133/><N who="1" m="51305" /><E129/><V20/><F9/><W51/><G68/><T57/><D28/><N who="1" m="19463" /><E72/><V30/><F125/><W71/><G71/><T75/><D38/><U41/><E41/><V63/><F44/><W87/><G65/><T0/><D0/><U8/><E66/><V121/><F37/><W69/><G69/><T82/><D42/><U50/><E50/><V53/><F121/><W58/><G104/><T13/><D80/><U94/><E109/><V130/><F108/><W17/><G98/><N who="1" m="37994" /><E94/><V45/><F130/><W89/><G46/><T60/><D111/><U77/><E77/><V120/><F120/><W34/><REACH who="3" step="1"/><G91/><REACH who="3" ten="220,250,280,240" step="2"/><T6/><D99/><U23/><E23/><V3/><F107/><W102/><G102/><T86/><D64/><U83/><E101/><V16/><F105/><W18/><G18/><T113/><D19/><N who="1" m="8679" /><E100/><V10/><F103/><W36/><G36/><T48/><D113/><U49/><E49/><V27/><F16/><W119/><G119/><T85/><D48/><U25/><E25/><V4/><F45/><W135/><G135/><T40/><D78/><U95/><E95/><AGARI ba="0,1" hai="11,14,17,21,22,26,31,34,51,54,58,87,89,95" machi="95" ten="30,3900,0" yaku="1,1,7,1,53,1" doraHai="123" doraHaiUra="90" who="3" fromWho="1" sc="220,0,250,-39,280,0,240,49" /><INIT seed="2,0,0,1,1,27" ten="220,211,280,289" oya="2" hai0="72,22,122,26,71,113,124,88,49,115,3,14,16" hai1="1,116,6,96,12,45,73,17,54,2,11,55,21" hai2="10,117,64,129,28,95,41,76,80,94,81,130,63" hai3="32,119,18,78,29,61,112,48,44,123,77,5,67"/><V39/><F117/><W101/><G119/><T42/><D72/><U31/><E116/><V110/><F110/><W25/><G123/><T85/><D71/><U65/><E73/><V23/><F10/><W8/><G18/><T24/><D3/><U33/><E65/><V103/><F41/><W91/><G91/><T126/><D122/><U47/><E1/><V127/><F39/><W86/><G101/><T132/><D132/><U34/><E96/><N who="2" m="59799" /><F95/><W105/><G105/><T37/><D37/><U133/><E133/><V30/><F127/><N who="0" m="48682" /><D49/><U46/><REACH who="1" step="1"/><E33/><REACH who="1" ten="220,201,280,289" step="2"/><V98/><F98/><W102/><G112/><N who="0" m="43083" /><D42/><U7/><E7/><V74/><F74/><W120/><G86/><T82/><AGARI ba="0,1" hai="14,16,22,24,26,82,85,88" m="43083,48682" machi="82" ten="30,4000,0" yaku="18,1,54,2" doraHai="27" who="0" fromWho="0" sc="220,50,201,-10,280,-20,289,-10" /><INIT seed="3,0,0,2,1,72" ten="270,191,260,279" oya="3" hai0="60,1,17,89,12,20,132,48,28,27,47,86,56" hai1="92,34,63,125,3,81,109,110,2,32,16,24,130" hai2="58,134,73,82,13,0,133,112,120,96,14,65,114" hai3="18,46,30,66,68,108,45,75,83,106,51,49,128"/><W23/><G106/><T77/><D132/><N who="2" m="50794" /><F0/><N who="1" m="41" /><E92/><V135/><F96/><W103/><G103/><T121/><D1/><U64/><E81/><V131/><F131/><W78/><G128/><T124/><D121/><U57/><E130/><V126/><F126/><W90/><G30/><T9/><D124/><U50/><E50/><V71/><F71/><W87/><G108/><N who="1" m="41578" /><E125/><V31/><F31/><W44/><G66/><T39/><D39/><U33/><E16/><V91/><F120/><W54/><G68/><T117/><D117/><U15/><E15/><N who="2" m="5643" /><F135/><W35/><G35/><T62/><D56/><U37/><E37/><V119/><F119/><W29/><G29/><AGARI ba="0,0" hai="24,29,32,33,34,57,63,64" m="41578,41" machi="29" ten="30,1000,0" yaku="14,1" doraHai="72" who="1" fromWho="3" sc="270,0,191,10,260,0,279,-10" /><INIT seed="4,0,0,5,0,21" ten="270,201,260,269" oya="0" hai0="122,84,49,74,123,108,135,78,54,72,98,8,56" hai1="30,1,20,79,12,35,71,82,110,47,102,77,88" hai2="109,62,132,55,125,38,99,91,22,90,19,128,106" hai3="113,15,18,96,5,11,40,134,61,16,50,31,70"/><T37/><D37/><U127/><E110/><V52/><F109/><W59/><G70/><T64/><D108/><U41/><E71/><V104/><F38/><W45/><G113/><T3/><D135/><U33/><E127/><V7/><F7/><W87/><G134/><T81/><D64/><U24/><E1/><V39/><F39/><W105/><G31/><T25/><D98/><U67/><E67/><V75/><F75/><W95/><G105/><T10/><D10/><U120/><E120/><V131/><F132/><W121/><G121/><T101/><D101/><U114/><E114/><V14/><F125/><W66/><REACH who="3" step="1"/><G87/><REACH who="3" ten="270,201,260,259" step="2"/><T126/><D122/><U80/><E33/><V83/><F106/><W57/><G57/><T92/><D123/><U107/><E35/><V26/><F104/><W116/><G116/><T115/><D126/><U17/><E107/><V63/><F131/><W89/><AGARI ba="0,1" hai="5,11,15,16,18,40,45,50,59,61,66,89,95,96" machi="89" ten="20,8000,1" yaku="1,1,0,1,7,1,8,1,54,1,53,0" doraHai="21" doraHaiUra="68" who="3" fromWho="3" sc="270,-40,201,-20,260,-20,259,90" /><INIT seed="5,0,0,0,1,101" ten="230,181,240,349" oya="1" hai0="92,12,108,56,133,20,85,116,113,111,59,94,1" hai1="66,48,98,3,41,90,4,86,61,49,28,25,46" hai2="67,27,14,19,95,115,75,122,83,68,114,110,124" hai3="63,87,130,15,72,37,93,10,79,8,84,47,21"/><U120/><E120/><V22/><F110/><W57/><G130/><T58/><D1/><U30/><E98/><V96/><F122/><W34/><G34/><T6/><D116/><U106/><E106/><V99/><F124/><W9/><G72/><T2/><D2/><U132/><E132/><V100/><F67/><W65/><G37/><T29/><D133/><U36/><E4/><V104/><F68/><W131/><G131/><T97/><D113/><N who="2" m="43018" /><F14/><W64/><G47/><T107/><D107/><U78/><E78/><N who="2" m="44511" /><F99/><W135/><G135/><T11/><D108/><U5/><E5/><V45/><F45/><W91/><G65/><T118/><D118/><U50/><E25/><V119/><F95/><W16/><G79/><T127/><D127/><U35/><E35/><V13/><F13/><W31/><REACH who="3" step="1"/><G87/><REACH who="3" ten="230,181,240,339" step="2"/><T129/><D111/><U71/><REACH who="1" step="1"/><E3/><REACH who="1" ten="230,171,240,339" step="2"/><V105/><F119/><W62/><G62/><T52/><D129/><U125/><E125/><V51/><F96/><W80/><G80/><AGARI ba="0,2" hai="28,30,36,41,46,48,49,50,61,66,71,80,86,90" machi="80" ten="40,2000,0" yaku="1,1,53,0" doraHai="101" doraHaiUra="53" who="1" fromWho="3" sc="230,0,171,40,240,0,339,-20" /><INIT seed="5,1,0,1,0,71" ten="230,211,240,319" oya="1" hai0="10,77,25,28,34,61,135,103,8,120,99,15,72" hai1="97,32,37,133,66,13,110,112,59,123,107,70,54" hai2="50,65,17,101,76,134,68,95,5,118,90,9,114" hai3="53,56,30,104,39,43,74,52,45,27,23,24,1"/><U94/><E123/><V73/><F118/><W26/><G104/><T69/><D120/><U33/><E107/><V106/><F17/><W46/><G74/><T86/><D135/><U55/><E133/><V125/><F125/><W89/><G1/><T62/><D72/><U111/><E112/><V124/><F124/><W16/><G46/><T132/><D132/><U19/><E70/><V128/><F50/><W12/><G89/><T81/><D69/><U48/><E66/><V91/><F128/><W31/><REACH who="3" step="1"/><G53/><REACH who="3" ten="230,211,240,309" step="2"/><T100/><D100/><N who="1" m="60471" /><E54/><V102/><F106/><W60/><AGARI ba="1,1" hai="12,16,23,24,26,27,30,31,39,43,45,52,56,60" machi="60" ten="30,12000,2" yaku="1,1,0,1,52,1,54,2,53,1" doraHai="71" doraHaiUra="42" who="3" fromWho="3" sc="230,-31,211,-61,240,-31,309,133" /><INIT seed="6,0,0,1,4,43" ten="199,150,209,442" oya="2" hai0="50,97,86,16,5,92,58,132,3,109,80,41,72" hai1="23,62,0,70,77,123,30,53,102,99,73,117,104" hai2="38,111,67,106,85,6,46,51,125,120,40,84,17" hai3="101,74,63,9,126,37,108,90,122,89,22,26,105"/><V27/><F120/><W114/><G74/><T25/><D72/><U29/><E117/><V83/><F106/><W128/><G37/><T57/><D109/><U34/><E123/><V24/><F125/><W54/><G122/><T59/><D132/><U45/><E23/><V93/><F6/><W66/><G108/><T10/><D41/><U133/><E133/><V127/><F127/><W35/><G35/><T113/><D113/><U129/><E129/><V21/><F111/><W91/><G126/><T103/><D50/><U75/><E0/><V134/><F134/><W98/><G54/><T94/><D94/><U18/><E18/><V12/><F67/><W19/><G128/><T110/><D110/><U60/><E77/><N who="2" m="46191" /><F38/><W28/><G114/><T20/><REACH who="0" step="1"/><D59/><REACH who="0" ten="189,150,209,442" step="2"/><U135/><E135/><V87/><F93/><W11/><REACH who="3" step="1"/><G28/><REACH who="3" ten="189,150,209,432" step="2"/><T15/><D15/><U112/><E112/><V56/><F12/><W124/><G124/><T64/><D64/><U131/><E131/><V82/><F40/><W121/><G121/><T69/><D69/><AGARI ba="0,2" hai="9,11,19,22,26,63,66,69,89,90,91,98,101,105" machi="69" ten="40,1300,0" yaku="1,1,53,0" doraHai="43" doraHaiUra="49" who="3" fromWho="0" sc="189,-13,150,0,209,0,432,33" /><INIT seed="7,0,0,5,1,134" ten="176,150,209,465" oya="3" hai0="74,53,58,66,96,82,106,95,20,52,17,79,120" hai1="49,12,42,61,13,2,70,59,135,6,57,47,9" hai2="109,48,50,5,41,99,114,46,93,18,117,28,91" hai3="11,118,133,62,19,27,37,98,78,22,68,56,25"/><W75/><G37/><T55/><D120/><U121/><E121/><V16/><F117/><W123/><G118/><T84/><D106/><U21/><E135/><V103/><F109/><W100/><G123/><T4/><D74/><U60/><E70/><V122/><F114/><W90/><G68/><T85/><D4/><U67/><REACH who="1" step="1"/><E21/><REACH who="1" ten="176,140,209,465" step="2"/><V132/><F132/><W128/><G133/><T31/><D31/><U105/><E105/><V97/><F122/><W110/><G110/><T127/><D127/><U43/><E43/><V14/><F41/><W116/><G128/><T40/><D40/><U24/><E24/><V0/><F28/><W29/><G116/><T89/><D58/><U131/><E131/><V83/><F46/><W8/><G27/><N who="0" m="14735" /><D96/><U15/><E15/><V102/><F14/><W77/><G29/><T101/><D101/><U33/><E33/><V51/><F102/><W125/><G125/><T130/><D130/><U108/><E108/><V129/><F129/><W36/><G36/><T3/><D3/><U63/><E63/><V38/><F38/><W115/><G115/><T23/><D23/><U7/><E7/><V112/><F112/><W1/><G1/><T119/><D119/><U34/><E34/><V92/><F5/><W126/><G126/><T30/><D30/><U88/><E88/><N who="2" m="55431" /><F0/><W86/><G100/><T111/><D111/><U26/><E26/><V107/><F107/><W124/><G124/><T87/><D87/><AGARI ba="0,1" hai="16,18,48,50,51,83,87,91,93,99,103" m="55431" machi="87" ten="30,3900,0" yaku="8,1,54,2" doraHai="134" who="2" fromWho="0" sc="176,-39,140,0,209,49,465,0" owari="137,-36.0,140,-26.0,258,6.0,465,56.0" /></mjloggm>