<mjloggm ver="2.3"><GO type="169" lobby="0"/><UN n0="%72%6F%61%73%73%6F%32%38" n1="%67%61%72%75%63%69%61" n2="%62%65%65%73%6F%6E%6F" n3="%E3%82%A6%E3%83%AB%E3%83%88%E3%83%A9%E7%AB%8B%E7%9B%B4" dan="16,16,16,18" rate="2099.70,2168.18,2088.69,2212.57" sx="M,M,M,M"/><TAIKYOKU oya="0"/><INIT seed="0,0,0,1,2,36" ten="250,250,250,250" oya="0" hai0="69,87,28,119,134,33,84,128,109,26,19,96,38" hai1="82,104,34,13,76,43,106,3,32,125,11,107,97" hai2="99,75,49,108,114,39,86,30,131,58,90,52,18" hai3="23,22,17,24,48,126,105,7,83,50,111,103,9"/><T54/><D119/><U66/><E3/><V8/><F114/><W130/><G111/><T79/><D134/><U63/><E125/><V116/><F39/><W55/><G130/><T27/><D128/><U60/><E60/><V110/><F75/><W92/><G105/><T113/><D113/><U88/><E34/><V127/><F30/><W117/><G117/><T123/><D123/><U122/><E32/><V6/><F116/><W81/><G50/><T77/><D109/><N who="2" m="42090" /><F99/><W59/><G126/><T37/><D96/><U47/><E122/><V1/><F18/><W132/><G132/><T31/><D19/><U45/><E45/><V40/><F131/><W118/><G118/><T68/><D54/><U15/><E11/><V93/><F127/><W21/><G92/><T10/><D10/><U120/><E120/><V64/><F64/><W98/><G98/><T41/><REACH who="0" step="1"/><D33/><REACH who="0" ten="240,250,250,250" step="2"/><U44/><E97/><V67/><F67/><W102/><G102/><T89/><D89/><U4/><E88/><N who="2" m="53399" /><F40/><AGARI ba="0,1" hai="26,27,28,31,37,38,40,41,68,69,77,79,84,87" machi="40" ten="25,12000,1" yaku="1,1,22,2,52,2,53,0" doraHai="36" doraHaiUra="129" who="0" fromWho="2" sc="240,130,250,0,250,-120,250,0" /><INIT seed="0,1,0,2,4,37" ten="370,250,130,250" oya="0" hai0="22,94,108,15,14,12,4,73,39,74,1,31,24" hai1="124,80,2,119,111,105,76,133,36,16,41,120,95" hai2="130,49,91,118,56,62,127,61,65,102,128,26,42" hai3="70,109,47,114,54,44,10,30,69,53,6,27,0"/><T45/><D39/><U129/><RYUUKYOKU type="yao9" ba="1,0" sc="370,0,250,0,130,0,250,0" hai1="2,16,36,41,76,80,95,105,111,119,120,124,129,133" /><INIT seed="0,2,0,0,1,62" ten="370,250,130,250" oya="0" hai0="130,86,27,23,79,32,48,15,112,13,117,63,51" hai1="116,45,31,43,84,65,24,34,9,85,1,98,123" hai2="105,135,78,125,58,7,76,22,10,103,59,33,131" hai3="50,118,68,90,96,3,20,29,2,14,132,0,102"/><T41/><D117/><U128/><E123/><V36/><F33/><W87/><G118/><T126/><D112/><U133/><E116/><V4/><F36/><W5/><G68/><T12/><D32/><U92/><E128/><V75/><F75/><W37/><G37/><T55/><D130/><U72/><E72/><V106/><F131/><W38/><G38/><T110/><D126/><U109/><E109/><V42/><F42/><W115/><G115/><T77/><D110/><U134/><E9/><V60/><F125/><W88/><G132/><N who="1" m="50794" /><E1/><V18/><F135/><W80/><G50/><T64/><D41/><U95/><E95/><V56/><F103/><W124/><G124/><T71/><D86/><U73/><E73/><V113/><F113/><W52/><G52/><T66/><D71/><U104/><E104/><V111/><F111/><W8/><G29/><N who="0" m="17663" /><D63/><U120/><E120/><V53/><F105/><W30/><G30/><T69/><D69/><U35/><E35/><V107/><F106/><W6/><G20/><T121/><D121/><U70/><E45/><V114/><F107/><W91/><REACH who="3" step="1"/><G6/><REACH who="3" ten="370,250,130,240" step="2"/><T93/><D51/><U97/><E43/><V99/><F7/><W47/><G47/><N who="0" m="28063" /><D93/><AGARI ba="2,1" hai="0,2,3,5,8,14,80,87,88,90,91,93,96,102" machi="93" ten="40,2600,0" yaku="1,1,54,1,53,0" doraHai="62" doraHaiUra="54" who="3" fromWho="0" sc="370,-32,250,0,130,0,240,42" /><INIT seed="1,0,0,1,5,88" ten="338,250,130,282" oya="1" hai0="100,86,34,131,46,22,60,83,8,4,117,28,118" hai1="43,11,132,21,64,80,126,116,47,115,1,73,111" hai2="122,24,20,113,50,71,70,124,49,85,128,97,37" hai3="44,76,91,6,120,25,41,29,105,127,57,23,93"/><U98/><E116/><V94/><F37/><W67/><G105/><T121/><D34/><U130/><E21/><V51/><F122/><W87/><G120/><T84/><D121/><U0/><E64/><V14/><F113/><W19/><G127/><T63/><D131/><U45/><E45/><V81/><F128/><W2/><G76/><N who="0" m="46183" /><D118/><U10/><E130/><V32/><F32/><W109/><G109/><T62/><D117/><U110/><E115/><V77/><F124/><W65/><G57/><T12/><D46/><U30/><E30/><V90/><REACH who="2" step="1"/><F14/><REACH who="2" ten="338,250,120,282" step="2"/><W123/><G123/><T135/><D12/><U96/><E126/><V75/><F75/><W95/><G2/><T5/><D135/><U112/><E112/><V74/><F74/><W125/><G125/><T7/><D7/><U39/><E132/><V59/><F59/><W114/><G6/><T103/><D4/><U69/><E69/><V68/><F68/><W129/><G129/><T42/><D5/><U119/><E119/><V13/><F13/><W82/><G114/><T52/><D8/><N who="1" m="3115" /><E1/><V56/><F56/><W36/><G67/><T134/><D134/><U78/><E0/><V3/><F3/><W26/><G65/><T15/><D15/><U99/><E111/><V38/><F38/><W89/><G36/><T101/><D62/><U33/><E110/><V79/><F79/><W40/><G44/><T66/><D63/><U48/><E33/><V9/><F9/><W107/><G23/><T53/><D22/><U108/><E108/><V54/><F54/><W58/><G58/><T35/><D53/><RYUUKYOKU ba="0,1" sc="338,-15,250,15,120,15,282,-15" hai1="39,43,47,48,73,78,80,96,98,99" hai2="20,24,49,50,51,70,71,77,81,85,90,94,97" /><INIT seed="1,1,1,2,1,88" ten="323,265,135,267" oya="1" hai0="32,59,118,80,87,65,104,33,132,45,70,30,64" hai1="71,27,58,41,109,35,13,7,50,63,79,101,75" hai2="66,0,6,36,4,25,61,135,40,103,111,9,110" hai3="94,92,117,86,46,38,56,1,34,22,47,78,93"/><U5/><E71/><V2/><F103/><W115/><G34/><T62/><D118/><U114/><E114/><V96/><F96/><W125/><G1/><T48/><D104/><U129/><E101/><V97/><F97/><W98/><G115/><T119/><D132/><U99/><E99/><V39/><F40/><W51/><G125/><T31/><D119/><U68/><E68/><N who="2" m="42063" /><F25/><W15/><G117/><T77/><D33/><U81/><E129/><V91/><F91/><W72/><G72/><T43/><D32/><U76/><E76/><V54/><F54/><N who="3" m="31839" /><G38/><N who="2" m="14377" /><F135/><W29/><G98/><T57/><D70/><U17/><E41/><V28/><F28/><W42/><G42/><T83/><D80/><U3/><E50/><V24/><F24/><N who="3" m="16535" /><G15/><T19/><D19/><U12/><E3/><V121/><F121/><W44/><G44/><T26/><D26/><U127/><E13/><V60/><F60/><AGARI ba="1,1" hai="30,31,43,45,48,57,59,60,62,64,65,77,83,87" machi="60" ten="40,2600,0" yaku="9,1,8,1" doraHai="88" who="0" fromWho="2" sc="323,39,265,0,135,-29,267,0" /><INIT seed="2,0,0,3,2,19" ten="362,265,106,267" oya="2" hai0="100,58,29,94,5,105,109,120,26,17,16,117,49" hai1="61,64,118,15,45,75,18,13,30,67,110,102,56" hai2="103,41,93,77,91,23,34,71,47,24,85,0,27" hai3="50,63,68,59,14,78,92,123,46,108,122,73,60"/><V1/><F71/><W127/><G78/><T70/><D120/><U69/><E75/><V106/><F77/><W57/><G73/><T130/><D70/><U7/><E118/><V124/><F124/><W80/><G80/><T39/><D105/><U28/><E110/><V87/><F87/><W98/><G68/><T37/><D109/><U43/><E102/><V132/><F132/><W65/><G108/><T12/><D117/><U129/><E129/><V82/><F82/><W32/><G127/><T74/><D130/><U99/><E7/><V86/><F86/><W128/><G32/><T107/><D107/><U96/><E13/><V9/><F9/><W116/><G14/><T101/><D37/><U114/><E114/><V54/><F54/><W40/><G116/><T88/><D39/><U131/><E131/><V44/><F34/><W4/><G4/><T48/><D74/><U66/><E69/><V133/><F133/><W55/><G128/><T6/><D49/><N who="1" m="26815" /><E30/><V90/><F90/><AGARI ba="0,0" hai="40,46,50,55,57,59,60,63,65,90,92,98,122,123" machi="90" ten="30,1000,0" yaku="7,1" doraHai="19" who="3" fromWho="2" sc="362,0,265,0,106,-10,267,10" /><INIT seed="3,0,0,5,5,13" ten="362,265,96,277" oya="3" hai0="44,26,45,100,8,108,42,110,47,125,135,80,77" hai1="81,63,123,52,18,31,16,37,10,34,74,46,88" hai2="66,65,94,115,3,87,127,55,11,6,90,105,39" hai3="92,48,25,73,129,23,101,119,103,68,71,21,79"/><W59/><G119/><T64/><D135/><U133/><E123/><V85/><F39/><W107/><G107/><T106/><D125/><U49/><E37/><V124/><F105/><W91/><G129/><T58/><D100/><U40/><E133/><V114/><F87/><W53/><G68/><T113/><D106/><U112/><E112/><N who="2" m="43051" /><F55/><W60/><G73/><N who="0" m="43055" /><D113/><U5/><E34/><V86/><F86/><W67/><G79/><T95/><D95/><U126/><E31/><V128/><F128/><W32/><G23/><T89/><D89/><U38/><E63/><V109/><F109/><N who="0" m="42090" /><D8/><U111/><E126/><AGARI ba="0,0" hai="3,6,11,65,66,85,90,94,124,126,127" m="43051" machi="126" ten="30,1000,0" yaku="18,1" doraHai="13" who="2" fromWho="1" sc="362,0,265,-10,96,10,277,0" /><INIT seed="4,0,0,0,5,20" ten="362,255,106,277" oya="0" hai0="35,73,114,131,32,34,133,42,43,6,61,48,115" hai1="107,120,53,5,128,71,96,59,56,89,0,76,30" hai2="66,2,41,70,84,15,113,1,12,88,94,63,134" hai3="95,103,72,47,102,97,119,29,36,100,105,116,125"/><T106/><D73/><U21/><E71/><V55/><F134/><W9/><G9/><T109/><D106/><U132/><E120/><V26/><F113/><N who="0" m="43018" /><D133/><U39/><E39/><V124/><F124/><W110/><G36/><T51/><D131/><U28/><E132/><V130/><F130/><W78/><G47/><T121/><D121/><U67/><E128/><V10/><F41/><N who="0" m="15370" /><D6/><U93/><E76/><V49/><F15/><W68/><G105/><T87/><D109/><U54/><E107/><V38/><F38/><W57/><G72/><T24/><D61/><U82/><E82/><V98/><F98/><W25/><G97/><T27/><D87/><U58/><E67/><V135/><F135/><W46/><G110/><T31/><D31/><U8/><REACH who="1" step="1"/><E30/><REACH who="1" ten="362,245,106,277" step="2"/><V64/><F64/><W90/><G29/><T77/><D77/><U126/><E126/><V79/><F79/><W85/><G125/><T14/><D14/><U108/><E108/><V17/><REACH who="2" step="1"/><F26/><AGARI ba="0,1" hai="24,26,27,32,34,35,48,51" m="15370,43018" machi="26" ten="40,18000,2" yaku="28,2,15,1,52,3" doraHai="20" who="0" fromWho="2" sc="362,190,245,0,106,-180,277,0" /><AGARI ba="0,0" hai="0,5,8,21,26,28,53,54,56,58,59,89,93,96" machi="26" ten="40,2600,0" yaku="1,1,52,1,53,0" doraHai="20" doraHaiUra="104" who="1" fromWho="2" sc="552,0,245,26,-74,-26,277,0" owari="552,65.0,271,-13.0,-100,-60.0,277,8.0" /></mjloggm>