<mjloggm ver="2.3"><GO type="169" lobby="0"/><UN n0="%E3%82%8C%E3%81%A3%E3%81%A9%E3%81%82%E3%81%84" n1="%E3%82%A6%E3%83%AB%E3%83%88%E3%83%A9%E7%AB%8B%E7%9B%B4" n2="%E3%83%89%E3%83%BC%E3%83%B3%E3%83%89" n3="%6D%6F%65%2E%6E" dan="16,17,16,16" rate="2090.27,2208.39,2083.43,2055.21" sx="M,M,M,F"/><TAIKYOKU oya="0"/><INIT seed="0,0,0,3,4,37" ten="250,250,250,250" oya="0" hai0="129,52,86,30,113,77,15,69,102,54,26,27,87" hai1="38,46,59,126,92,65,4,21,118,85,112,130,110" hai2="36,68,12,75,48,3,115,132,100,7,97,74,18" hai3="70,13,64,16,131,62,117,20,111,31,78,125,84"/><T91/><D113/><U53/><E118/><V24/><F36/><W0/><G117/><T81/><D129/><U29/><E130/><V28/><F68/><W99/><G131/><T119/><D119/><U47/><E112/><V105/><F115/><W63/><G0/><T41/><D69/><U11/><E126/><V42/><F132/><W88/><G125/><T61/><D102/><U96/><E65/><V1/><F7/><W35/><G111/><T5/><D41/><U116/><E85/><V89/><F89/><W71/><G78/><T127/><D127/><U82/><E82/><V50/><F50/><W22/><G99/><T39/><D39/><U34/><E34/><V109/><F109/><W103/><G103/><T51/><D61/><U90/><E38/><V19/><F19/><W44/><G44/><N who="0" m="27751" /><D54/><U17/><E29/><V135/><F1/><W128/><G128/><T66/><D66/><U104/><E104/><V121/><F3/><W40/><G40/><T2/><D2/><N who="1" m="407" /><E110/><V49/><F42/><W58/><G35/><T80/><D30/><U55/><E55/><V133/><F121/><W6/><G62/><T134/><D134/><N who="2" m="51210" /><F75/><W94/><REACH who="3" step="1"/><G6/><REACH who="3" ten="250,250,250,240" step="2"/><T43/><D43/><U67/><E116/><V9/><F74/><W10/><G10/><AGARI ba="0,1" hai="5,10,15,26,27,77,80,81,86,87,91" m="27751" machi="10" ten="30,2900,0" yaku="8,1,54,1" doraHai="37" who="0" fromWho="3" sc="250,39,250,0,250,0,240,-29" /><INIT seed="0,1,0,0,5,121" ten="289,250,250,211" oya="0" hai0="56,135,52,113,94,54,87,108,100,30,38,123,116" hai1="34,68,11,89,36,57,114,59,32,1,14,48,10" hai2="19,67,23,99,131,101,93,102,29,53,120,28,81" hai3="4,47,31,40,117,92,88,72,119,85,25,110,12"/><T112/><D116/><U64/><E36/><V109/><F120/><W35/><G110/><T33/><D123/><U130/><E68/><V80/><F67/><W134/><G72/><T90/><D108/><U61/><E130/><V71/><F71/><W133/><G4/><T128/><D128/><U122/><E122/><V111/><F131/><W126/><G126/><T77/><D135/><U18/><E114/><V132/><F132/><N who="3" m="50795" /><G12/><T42/><D77/><U13/><E1/><V24/><F102/><W22/><G35/><T26/><D100/><U2/><E2/><V20/><F53/><W96/><G96/><T79/><D54/><U17/><E89/><V55/><F55/><AGARI ba="1,0" hai="10,11,13,14,17,18,32,34,48,55,57,59,61,64" machi="55" ten="40,1300,0" yaku="9,1" doraHai="121" who="1" fromWho="2" sc="289,0,250,16,250,-16,211,0" /><INIT seed="1,0,0,3,1,83" ten="289,266,234,211" oya="1" hai0="71,6,76,86,10,94,132,114,98,82,12,42,77" hai1="89,24,9,85,52,49,104,34,117,0,57,109,119" hai2="1,13,91,36,112,17,14,30,23,75,70,19,20" hai3="90,46,61,93,4,113,27,5,88,72,65,84,105"/><U129/><E104/><V96/><F70/><W51/><G113/><T2/><D114/><U28/><E129/><V50/><F36/><W97/><G72/><T133/><D71/><U116/><E109/><V108/><F75/><W45/><G27/><T7/><D42/><U56/><E56/><V110/><F112/><W81/><G105/><T123/><D123/><U53/><E53/><V124/><F124/><W15/><G15/><T47/><D47/><U80/><E9/><V41/><F41/><W48/><G46/><T79/><D2/><U135/><REACH who="1" step="1"/><E0/><REACH who="1" ten="289,256,234,211" step="2"/><V54/><F1/><W68/><G51/><T43/><D6/><U58/><E58/><V60/><F60/><W111/><G111/><T40/><D133/><AGARI ba="0,1" hai="24,28,34,49,52,57,80,85,89,116,117,119,133,135" machi="133" ten="50,9600,0" yaku="1,1,52,1,54,1,53,0" doraHai="83" doraHaiUra="126" who="1" fromWho="0" sc="289,-96,256,106,234,0,211,0" /><INIT seed="1,1,0,5,5,66" ten="193,362,234,211" oya="1" hai0="10,38,84,92,32,106,135,108,59,73,56,118,9" hai1="133,134,72,71,49,47,132,129,75,103,105,58,104" hai2="95,5,110,46,36,127,14,121,131,86,55,79,112" hai3="31,3,45,61,20,120,74,39,40,52,85,12,26"/><U29/><E103/><V102/><F121/><W15/><G3/><T78/><D118/><U81/><E81/><N who="2" m="47423" /><F5/><W115/><G74/><N who="1" m="28202" /><E58/><V76/><F14/><W130/><G120/><T37/><D106/><N who="1" m="41067" /><E29/><V82/><F55/><W119/><G115/><T18/><D32/><U70/><E129/><V34/><F36/><W1/><G1/><T94/><D78/><U62/><E62/><V27/><F27/><W87/><G130/><T101/><D73/><U19/><E19/><V2/><F2/><W109/><G109/><T43/><D18/><U23/><E23/><V51/><F51/><W99/><G119/><T124/><D108/><U0/><E0/><V97/><F46/><W54/><G99/><T53/><D101/><U125/><E125/><V123/><F34/><W68/><G12/><T30/><D124/><U67/><E67/><V90/><F110/><W35/><G15/><T65/><D65/><U69/><E69/><V48/><F48/><W17/><G68/><T122/><D30/><U13/><E13/><V88/><F127/><W7/><G7/><T24/><D53/><AGARI ba="1,0" hai="47,49,53,70,71,132,133,134" m="41067,28202" machi="53" ten="40,7700,0" yaku="20,1,52,2" doraHai="66" who="1" fromWho="0" sc="193,-80,362,80,234,0,211,0" /><INIT seed="1,2,0,2,2,53" ten="113,442,234,211" oya="1" hai0="67,66,8,20,69,116,131,99,94,17,107,13,82" hai1="46,18,76,128,39,16,81,57,61,51,60,14,35" hai2="10,48,113,9,85,74,27,75,52,44,54,102,112" hai3="80,103,126,124,86,62,106,93,118,23,122,129,91"/><U97/><E39/><V32/><F102/><W90/><G23/><T135/><D116/><U104/><E35/><V95/><F32/><W37/><G37/><T73/><D135/><U6/><E128/><V12/><F27/><W130/><G62/><T55/><D131/><N who="3" m="50185" /><G118/><T49/><D107/><U114/><E114/><N who="2" m="44139" /><F54/><W2/><G2/><T24/><D69/><U121/><E121/><V59/><F44/><W123/><G106/><T56/><D82/><U45/><E45/><V83/><F95/><W78/><G103/><T5/><REACH who="0" step="1"/><D73/><REACH who="0" ten="103,442,234,211" step="2"/><N who="2" m="27658" /><F12/><W108/><G108/><T43/><D43/><U7/><E104/><V87/><F87/><N who="3" m="52479" /><G78/><AGARI ba="2,1" hai="9,10,48,52,59,78,83,85" m="27658,44139" machi="78" ten="30,3900,0" yaku="11,1,52,1,54,1" doraHai="53" who="2" fromWho="3" sc="103,0,442,0,234,55,211,-45" /><INIT seed="2,0,0,0,1,67" ten="103,442,289,166" oya="2" hai0="69,97,78,106,46,37,76,111,7,44,0,20,12" hai1="33,135,5,130,22,118,47,34,13,10,116,26,28" hai2="53,92,103,38,96,29,88,49,71,87,132,91,117" hai3="58,65,134,86,3,32,60,61,72,83,21,95,98"/><V62/><F38/><W133/><G32/><N who="1" m="12394" /><E47/><V9/><F29/><W127/><G3/><T120/><D111/><U11/><E130/><V102/><F117/><W1/><G127/><T64/><D120/><U57/><E57/><V39/><F39/><W27/><G1/><T8/><D20/><U42/><E42/><V107/><F9/><W112/><G112/><T99/><D12/><N who="1" m="5199" /><E135/><N who="3" m="51722" /><G72/><T6/><D6/><AGARI ba="0,0" hai="6,11,13,22,26,28,116,118" m="5199,12394" machi="6" ten="30,2000,0" yaku="34,2" doraHai="67" who="1" fromWho="0" sc="103,-20,442,20,289,0,166,0" /><INIT seed="3,0,0,0,0,104" ten="83,462,289,166" oya="3" hai0="63,56,46,135,68,17,120,111,82,18,107,34,10" hai1="127,61,114,92,69,32,109,51,105,39,16,122,57" hai2="60,50,64,27,102,2,20,87,121,131,35,5,66" hai3="21,71,49,93,118,123,59,74,110,76,88,132,24"/><W42/><G118/><T11/><D111/><U117/><RYUUKYOKU type="yao9" ba="0,0" sc="83,0,462,0,289,0,166,0" hai1="16,32,39,51,57,61,69,92,105,109,114,117,122,127" /><INIT seed="3,1,0,2,5,28" ten="83,462,289,166" oya="3" hai0="135,47,105,82,17,32,94,11,84,133,134,2,15" hai1="108,122,0,89,13,51,19,34,8,30,49,6,26" hai2="78,3,79,73,112,25,71,16,90,50,35,81,107" hai3="12,106,117,69,70,36,38,44,116,86,57,88,58"/><W18/><G106/><T54/><D105/><U68/><E68/><V83/><F3/><W77/><G77/><T96/><D2/><U109/><E122/><V61/><F112/><W43/><G36/><T63/><D63/><U93/><E51/><V76/><F90/><W80/><G70/><T33/><D54/><U115/><E49/><V124/><F50/><W7/><G69/><T56/><D56/><U127/><E115/><V62/><F124/><W130/><G130/><T126/><D47/><U132/><E132/><V92/><F92/><W41/><G7/><T53/><D53/><U10/><E127/><V9/><F107/><W95/><G43/><T119/><D119/><U131/><E131/><V74/><F76/><W121/><G121/><T85/><D126/><U103/><E103/><V99/><F99/><W114/><G114/><T87/><D82/><U37/><E37/><V52/><F52/><W65/><G58/><T111/><D111/><U110/><E89/><V113/><F113/><W42/><G42/><T55/><D55/><U98/><E93/><V75/><F74/><W91/><G57/><T67/><D67/><U1/><E98/><V24/><F71/><W123/><G65/><T20/><D20/><U40/><E40/><V29/><F25/><W5/><G5/><T64/><D64/><U66/><E66/><V101/><F101/><AGARI ba="1,0" hai="11,15,17,32,33,84,85,87,94,96,101,133,134,135" machi="101" ten="50,6400,0" yaku="20,1,52,2" doraHai="28" who="0" fromWho="2" sc="83,67,462,0,289,-67,166,0" /><INIT seed="4,0,0,4,3,132" ten="150,462,222,166" oya="0" hai0="100,76,135,49,5,28,99,122,1,20,106,61,43" hai1="3,32,127,14,37,97,36,105,98,30,33,95,15" hai2="91,103,66,72,75,26,31,80,128,84,62,114,126" hai3="27,78,70,39,54,110,119,51,64,7,83,68,94"/><T40/><D122/><U112/><E3/><V115/><F128/><W18/><G110/><T102/><D135/><U93/><E105/><V16/><F16/><W11/><G119/><T71/><D102/><U81/><E81/><V52/><F52/><W19/><G39/><T44/><D76/><U53/><E53/><V65/><F103/><W88/><G64/><N who="2" m="24681" /><F62/><W116/><G116/><T130/><D130/><U55/><E55/><V123/><F123/><W29/><G68/><T133/><D133/><U46/><E46/><V48/><F48/><W60/><G60/><T58/><D71/><U124/><E30/><V89/><F91/><W56/><G70/><T107/><D43/><U17/><E17/><V41/><F41/><W2/><G78/><T34/><D20/><U82/><E82/><V24/><F24/><W57/><G83/><T59/><D61/><U50/><E50/><V0/><F0/><W118/><G56/><T117/><D117/><U21/><E21/><N who="2" m="15823" /><F126/><W104/><G104/><T96/><D107/><U10/><E10/><V67/><F67/><W23/><REACH who="3" step="1"/><G118/><REACH who="3" ten="150,462,222,156" step="2"/><T131/><D131/><U8/><E8/><V125/><F80/><W69/><G69/><T4/><D59/><U92/><E92/><V86/><F75/><W90/><G90/><T85/><D58/><U9/><E9/><V79/><F89/><W22/><G22/><T101/><D106/><U73/><E73/><V108/><F72/><W121/><G121/><T109/><D109/><U6/><E112/><V45/><F114/><W13/><G13/><T111/><D111/><U74/><E74/><RYUUKYOKU ba="0,1" sc="150,-15,462,15,222,-15,156,15" hai1="6,14,15,32,33,36,37,93,95,97,98,124,127" hai3="2,7,11,18,19,23,27,29,51,54,57,88,94" /><INIT seed="5,1,1,2,4,12" ten="135,477,207,171" oya="1" hai0="38,101,112,13,67,81,115,0,32,2,89,50,92" hai1="19,88,121,47,33,77,84,123,134,105,66,80,125" hai2="102,35,6,106,129,41,119,117,49,91,51,116,57" hai3="60,48,24,69,132,82,124,61,56,113,63,4,74"/><U75/><E33/><V79/><F35/><W64/><G113/><N who="0" m="43595" /><D32/><U107/><E66/><V3/><F91/><W15/><G132/><T22/><D38/><U21/><E134/><V97/><F79/><W94/><G124/><T10/><D67/><U71/><E71/><V7/><F129/><W95/><G24/><T36/><D36/><U37/><E125/><V59/><F3/><W5/><G74/><T28/><D50/><U26/><E107/><V70/><F70/><W108/><G48/><N who="2" m="18505" /><F41/><W17/><G69/><T16/><D101/><U93/><REACH who="1" step="1"/><E105/><REACH who="1" ten="135,467,207,171" step="2"/><V135/><F135/><W110/><G64/><T58/><D58/><N who="2" m="22026" /><F106/><W120/><G56/><T126/><D126/><U25/><E25/><V20/><F116/><W52/><G52/><T76/><D28/><U133/><E133/><V85/><F117/><W30/><G30/><T109/><D109/><U72/><E72/><V73/><F73/><W103/><G108/><T53/><D53/><U40/><AGARI ba="1,2" hai="19,21,26,37,40,47,75,77,80,84,88,93,121,123" machi="40" ten="30,11700,0" yaku="1,1,0,1,52,1,54,1,53,0" doraHai="12" doraHaiUra="31" who="1" fromWho="1" sc="135,-40,467,140,207,-40,171,-40" /><INIT seed="5,2,0,4,1,76" ten="95,607,167,131" oya="1" hai0="36,53,13,108,57,124,0,103,24,59,19,44,102" hai1="73,94,33,62,40,32,116,29,26,113,56,37,7" hai2="30,114,20,132,97,90,83,31,54,72,120,9,42" hai3="52,11,3,16,63,49,119,91,118,109,5,61,6"/><U95/><E116/><N who="3" m="44586" /><G109/><T22/><D108/><U25/><E113/><V66/><F66/><W4/><G91/><T65/><D124/><U123/><E123/><V39/><F90/><W96/><G96/><T131/><D131/><U115/><E115/><V125/><F97/><W88/><G88/><T18/><D0/><U1/><E73/><V105/><F105/><W55/><G3/><T21/><D36/><U135/><E135/><V128/><F39/><W64/><G49/><T75/><D75/><U92/><E40/><V35/><F42/><W50/><G50/><N who="0" m="28871" /><D65/><U86/><E37/><V60/><F60/><N who="3" m="23115" /><G64/><T134/><D134/><U80/><E7/><V133/><F133/><W84/><G84/><T99/><D99/><U46/><E1/><V15/><F128/><W121/><G121/><T28/><D28/><U70/><E46/><V10/><F31/><W126/><G126/><T74/><D74/><U89/><E70/><V129/><F125/><W8/><G16/><T48/><D48/><U47/><E47/><V69/><F72/><W85/><G85/><T38/><D38/><U71/><E71/><V58/><F69/><W130/><G130/><T107/><D107/><U81/><E62/><N who="2" m="36183" /><F132/><W34/><G34/><T106/><D106/><U127/><E127/><V101/><F114/><W117/><G117/><T67/><D67/><U93/><E56/><AGARI ba="2,0" hai="13,18,19,21,22,24,56,57,59,102,103" m="28871" machi="56" ten="30,1000,0" yaku="8,1" doraHai="76" who="0" fromWho="1" sc="95,16,607,-16,167,0,131,0" /><INIT seed="6,0,0,5,4,20" ten="111,591,167,131" oya="2" hai0="77,47,53,36,110,13,52,103,59,39,76,2,55" hai1="99,121,113,64,12,131,49,134,107,29,86,68,23" hai2="87,67,66,0,10,84,48,54,108,51,62,98,71" hai3="5,46,56,8,114,75,65,61,115,109,14,119,3"/><V95/><F108/><W26/><G109/><T101/><D110/><U104/><E104/><V100/><F67/><W83/><G119/><T89/><D89/><U4/><E64/><V135/><F135/><W126/><G126/><T24/><D2/><U72/><E68/><V7/><REACH who="2" step="1"/><F51/><REACH who="2" ten="111,591,157,131" step="2"/><W33/><G65/><T122/><D122/><U43/><E49/><V79/><F79/><W90/><G115/><T50/><D77/><U106/><E113/><V30/><F30/><W125/><G114/><T18/><D76/><U130/><E29/><V97/><F97/><W112/><G112/><T37/><D37/><U42/><E99/><V128/><F128/><W105/><G125/><T73/><D39/><U91/><E134/><V81/><F81/><W132/><G83/><T92/><D36/><U133/><E133/><V16/><F16/><W35/><G132/><T25/><D73/><U17/><E72/><V63/><F63/><W45/><G75/><T82/><D82/><U1/><E17/><V80/><F80/><W32/><G61/><T22/><D59/><AGARI ba="0,1" hai="0,7,10,48,54,59,62,66,71,84,87,95,98,100" machi="59" ten="30,2900,0" yaku="1,1,7,1,53,0" doraHai="20" doraHaiUra="28" who="2" fromWho="0" sc="111,-29,591,0,157,39,131,0" /><INIT seed="6,1,0,2,2,58" ten="82,591,196,131" oya="2" hai0="12,94,133,27,26,30,82,36,127,2,81,102,49" hai1="38,79,66,50,47,135,56,128,53,73,1,21,60" hai2="39,13,131,20,125,109,14,11,51,4,74,71,110" hai3="113,6,99,98,35,104,62,75,16,9,31,103,126"/><V61/><F39/><W83/><G126/><T55/><D36/><U17/><E1/><V91/><F74/><W34/><G113/><T115/><D115/><U18/><E135/><V0/><F51/><W129/><G129/><T63/><D2/><U68/><E128/><V112/><F91/><W88/><G31/><T89/><D133/><U8/><E8/><V92/><F92/><W106/><G16/><T29/><D127/><U96/><E96/><V120/><F120/><W76/><G62/><T52/><D102/><U97/><E97/><V101/><F61/><W15/><G88/><T86/><D12/><U132/><E132/><V78/><F14/><W134/><G134/><T111/><D111/><U5/><E5/><V93/><F0/><W19/><G19/><T24/><D55/><U117/><E117/><V22/><F131/><W40/><G40/><T23/><D23/><U28/><E21/><V119/><F22/><W70/><G70/><T72/><D72/><U95/><E95/><V64/><F71/><W7/><G7/><T85/><D63/><U32/><E28/><N who="0" m="10857" /><D86/><U43/><REACH who="1" step="1"/><E32/><REACH who="1" ten="82,581,196,131" step="2"/><V84/><F119/><W3/><G3/><T10/><D10/><U130/><E130/><V116/><F11/><W48/><G35/><T33/><D33/><U77/><E77/><V46/><F78/><W105/><G34/><T37/><D37/><U65/><E65/><V123/><F116/><W59/><G99/><T41/><D41/><U122/><E122/><V44/><F123/><W100/><G98/><T114/><D114/><U124/><E124/><V42/><F112/><RYUUKYOKU ba="1,1" sc="82,10,581,10,196,-30,131,10" hai0="24,26,27,49,52,81,82,85,89,94" hai1="17,18,38,43,47,50,53,56,60,66,68,73,79" hai3="6,9,15,48,59,75,76,83,100,103,104,105,106" /><INIT seed="7,2,1,2,0,23" ten="92,591,166,141" oya="3" hai0="112,11,70,30,93,71,100,4,90,35,109,68,1" hai1="76,43,107,62,7,52,33,61,66,101,108,133,125" hai2="72,10,40,92,96,9,115,19,55,129,14,18,74" hai3="89,56,38,45,54,32,47,22,84,42,110,50,122"/><W94/><G32/><T12/><D109/><U102/><E33/><V41/><F55/><W15/><G122/><T13/><D100/><U58/><E108/><V67/><F67/><W81/><G110/><T79/><D79/><U116/><E107/><V60/><F60/><W80/><G47/><T5/><D5/><U65/><E65/><V77/><F77/><W29/><G29/><T97/><REACH who="0" step="1"/><D112/><REACH who="0" ten="82,591,166,141" step="2"/><U86/><E62/><V118/><F115/><W59/><G59/><T78/><D78/><U83/><E52/><V106/><F118/><W46/><G45/><T131/><D131/><U64/><E125/><V104/><F129/><W37/><G38/><T111/><D111/><U126/><E126/><V69/><F41/><W82/><G82/><T98/><D98/><U87/><E133/><V95/><F96/><W49/><G37/><T127/><D127/><U27/><E116/><V44/><F44/><W39/><G39/><T99/><D99/><U117/><E27/><AGARI ba="2,2" hai="1,4,11,12,13,27,30,35,68,70,71,90,93,97" machi="27" ten="40,2600,0" yaku="1,1,52,1,53,0" doraHai="23" doraHaiUra="17" who="0" fromWho="1" sc="82,52,591,-32,166,0,141,0" owari="134,-37.0,559,66.0,166,-3.0,141,-26.0" /></mjloggm>