<mjloggm ver="2.3"><GO type="169" lobby="0"/><UN n0="%E3%83%88%E3%83%88%E3%83%AA%E5%85%88%E7%94%9F%31%39%E6%AD%B3" n1="%E3%81%99%E3%81%9A%E3%82%81%E3%82%AF%E3%83%AC%E3%82%A4%E3%82%B8%E3%83%BC" n2="%6C%61%6B%75%63%68%69" n3="%73%61%69%72%61%73%75" dan="17,19,17,17" rate="2200.32,2293.92,2207.54,2153.80" sx="F,M,M,M"/><TAIKYOKU oya="0"/><INIT seed="0,0,0,5,1,0" ten="250,250,250,250" oya="0" hai0="35,100,105,133,92,40,54,108,50,19,127,96,102" hai1="43,34,38,78,120,86,123,83,110,134,79,30,52" hai2="17,67,58,116,11,94,16,93,109,49,71,122,7" hai3="114,53,6,129,33,42,135,63,46,41,112,57,62"/><T89/><D35/><U131/><E110/><V80/><F122/><W130/><G33/><T5/><D127/><U103/><E131/><N who="3" m="50186" /><G6/><T81/><D133/><U12/><E134/><V68/><F109/><W1/><G1/><T126/><D126/><U87/><E103/><V97/><F71/><W101/><G135/><T88/><D108/><U74/><E43/><N who="3" m="16394" /><G101/><T31/><D31/><U8/><E38/><V2/><F68/><W125/><G125/><T48/><D5/><U23/><E34/><V84/><F116/><W15/><G15/><T25/><D40/><U115/><E74/><V85/><F94/><W29/><G29/><T61/><D81/><N who="1" m="47415" /><E115/><N who="3" m="44074" /><G46/><T13/><D25/><N who="1" m="16703" /><E123/><V90/><F85/><W45/><G45/><T51/><D102/><U65/><E12/><V77/><REACH who="2" step="1"/><F67/><REACH who="2" ten="250,250,240,250" step="2"/><W44/><G44/><T64/><D92/><U98/><E65/><V82/><F82/><W47/><G47/><T20/><REACH who="0" step="1"/><D54/><AGARI ba="0,1" hai="2,7,11,16,17,49,54,58,77,80,84,90,93,97" machi="54" ten="40,5200,0" yaku="1,1,52,1,54,1,53,0" doraHai="0" doraHaiUra="36" who="2" fromWho="0" sc="250,-52,250,0,240,62,250,0" /><INIT seed="1,0,0,1,4,20" ten="198,250,302,250" oya="1" hai0="134,49,66,53,7,108,98,113,46,44,121,21,63" hai1="25,51,96,103,40,107,132,0,35,60,15,79,105" hai2="111,26,36,33,5,62,114,95,116,129,43,65,97" hai3="122,120,47,59,83,85,135,19,56,115,78,61,70"/><U104/><E0/><V76/><F116/><W3/><G115/><T11/><D113/><U30/><E132/><V80/><F114/><W4/><G135/><T45/><D134/><U18/><E79/><V123/><F123/><W109/><G70/><T38/><D121/><U22/><E40/><V110/><F5/><W52/><G109/><N who="2" m="41481" /><F129/><W75/><G75/><T55/><D108/><U131/><E131/><V100/><F43/><W9/><G47/><T39/><D98/><U31/><E51/><V24/><F33/><W37/><G37/><T88/><D21/><U57/><REACH who="1" step="1"/><E31/><REACH who="1" ten="198,240,302,250" step="2"/><V112/><F36/><W54/><REACH who="3" step="1"/><G19/><REACH who="3" ten="198,240,302,240" step="2"/><T89/><D39/><U101/><E101/><V119/><F112/><W84/><G84/><T94/><D38/><U42/><E42/><V127/><F119/><W28/><G28/><T130/><D130/><U72/><E72/><N who="2" m="43015" /><F127/><W102/><G102/><T117/><D117/><U23/><E23/><V126/><F126/><W124/><G124/><T1/><D7/><U48/><E48/><AGARI ba="0,2" hai="3,4,9,48,52,54,56,59,61,78,83,85,120,122" machi="48" ten="30,3900,0" yaku="1,1,7,1,54,1,53,0" doraHai="20" doraHaiUra="8" who="3" fromWho="1" sc="198,0,240,-39,302,0,240,59" /><INIT seed="2,0,0,4,2,65" ten="198,201,302,299" oya="2" hai0="87,81,67,96,119,98,116,21,113,108,41,61,107" hai1="38,71,47,44,53,64,69,103,92,132,115,74,117" hai2="128,75,73,57,48,100,29,56,36,99,135,55,40" hai3="101,114,134,70,12,24,91,78,32,124,51,125,8"/><V86/><F135/><W88/><G101/><T130/><D113/><U83/><E115/><V80/><F128/><W43/><G114/><T19/><D41/><U58/><E117/><N who="0" m="45129" /><D107/><U104/><E104/><V0/><F0/><W129/><G78/><N who="0" m="46519" /><D108/><U90/><E64/><V126/><F126/><W23/><G32/><T1/><D1/><U123/><E132/><V9/><F29/><W120/><G70/><N who="0" m="42351" /><D130/><U131/><E131/><V76/><F9/><W35/><G129/><T16/><D19/><U7/><E7/><V84/><F75/><W13/><G134/><T17/><D17/><U118/><E118/><V4/><F4/><W42/><G42/><T110/><D110/><U5/><E5/><V102/><F40/><W105/><G105/><T50/><D50/><U94/><E38/><V72/><F36/><W22/><G51/><T28/><D28/><U31/><E31/><V54/><F73/><W30/><G43/><T20/><D20/><N who="3" m="7721" /><G120/><T25/><AGARI ba="0,0" hai="16,21,25,96,98" m="42351,46519,45129" machi="25" ten="30,4000,0" yaku="12,1,52,1,54,1" doraHai="65" who="0" fromWho="0" sc="198,40,201,-10,302,-20,299,-10" /><INIT seed="3,0,0,3,5,84" ten="238,191,282,289" oya="3" hai0="83,85,61,123,81,18,124,66,33,23,51,118,75" hai1="105,110,129,1,88,20,78,64,67,47,4,48,104" hai2="46,102,77,12,69,35,97,53,106,45,115,0,135" hai3="70,122,41,108,111,32,21,91,126,100,3,107,117"/><W120/><G41/><T44/><D123/><U73/><E105/><V39/><F0/><W8/><G21/><T59/><D118/><U54/><E104/><V5/><F69/><W50/><G50/><T127/><D33/><U86/><E110/><N who="3" m="42026" /><G117/><T27/><D75/><U76/><E129/><V101/><F35/><W28/><G70/><T90/><REACH who="0" step="1"/><D83/><REACH who="0" ten="228,191,282,289" step="2"/><N who="1" m="49247" /><E73/><V14/><F115/><W7/><G122/><T98/><D98/><U116/><E116/><V63/><F97/><N who="3" m="61839" /><G120/><T9/><D9/><U130/><E130/><V19/><F39/><W58/><G126/><T131/><D131/><U68/><E68/><V89/><F45/><W133/><G133/><T42/><AGARI ba="0,1" hai="18,23,27,42,44,51,59,61,66,81,85,90,124,127" machi="42" ten="30,4000,0" yaku="1,1,0,1,52,1,53,0" doraHai="84" doraHaiUra="72" who="0" fromWho="0" sc="228,50,191,-10,282,-10,289,-20" /><INIT seed="4,0,0,4,5,69" ten="278,181,272,269" oya="0" hai0="64,58,115,110,121,83,57,17,74,131,59,49,116" hai1="88,37,126,135,56,85,22,129,11,103,119,52,117" hai2="4,46,114,18,73,105,24,55,93,72,27,122,84" hai3="29,108,12,48,25,75,23,60,81,123,65,20,2"/><T102/><D115/><U111/><E111/><V71/><F105/><W19/><G108/><T68/><D116/><U34/><E34/><V13/><F71/><W77/><G123/><T104/><D121/><U32/><E32/><V101/><F122/><W118/><G2/><T61/><D110/><U28/><E129/><V15/><F73/><W82/><G82/><T70/><D131/><U112/><E112/><V127/><F72/><W109/><G109/><T0/><D0/><U33/><E33/><V21/><F127/><W100/><G100/><T107/><D68/><U106/><E126/><V132/><F132/><W16/><G60/><T40/><D102/><U45/><E135/><V134/><F134/><W10/><G65/><T66/><D66/><U95/><E11/><N who="2" m="4327" /><F114/><W6/><G48/><T80/><D17/><U99/><E22/><V113/><F113/><W120/><G120/><T67/><D67/><U14/><E14/><V3/><F3/><W31/><REACH who="3" step="1"/><G118/><REACH who="3" ten="278,181,272,259" step="2"/><T124/><D124/><U50/><REACH who="1" step="1"/><E28/><REACH who="1" ten="278,171,272,259" step="2"/><N who="2" m="17423" /><F101/><W35/><G35/><T133/><D133/><U98/><E98/><V38/><F15/><W78/><G78/><T79/><D79/><U53/><E53/><V44/><F55/><W41/><G41/><AGARI ba="0,2" hai="37,41,45,50,52,56,85,88,95,99,103,106,117,119" machi="41" ten="40,8000,1" yaku="1,1,52,1,54,2,53,0" doraHai="69" doraHaiUra="130" who="1" fromWho="3" sc="278,0,171,100,272,0,259,-80" /><INIT seed="5,0,0,1,5,18" ten="278,271,272,179" oya="1" hai0="67,60,56,128,92,26,72,32,94,111,95,47,31" hai1="48,98,99,74,66,102,58,8,118,2,133,107,116" hai2="125,108,86,113,71,97,75,85,78,35,87,20,34" hai3="93,80,81,134,89,121,131,82,17,100,109,50,106"/><U101/><E74/><V24/><F108/><W90/><G109/><T16/><D111/><U11/><E133/><V33/><F125/><W7/><G7/><T52/><D72/><U79/><E79/><V84/><F113/><W57/><G121/><T49/><D128/><U124/><E124/><V51/><F71/><W5/><G134/><T70/><REACH who="0" step="1"/><D16/><REACH who="0" ten="268,271,272,179" step="2"/><U64/><E118/><V83/><N who="2" m="21504" /><DORA hai="44" /><V61/><F75/><W91/><G131/><T6/><D6/><U65/><E116/><V3/><F78/><W114/><G114/><T120/><D120/><U9/><E2/><V77/><F77/><W68/><G5/><T4/><D4/><U54/><REACH who="1" step="1"/><E9/><REACH who="1" ten="268,261,272,179" step="2"/><V10/><F3/><W117/><G117/><T96/><D96/><U132/><E132/><V41/><F10/><W123/><G123/><T40/><D40/><U30/><E30/><V23/><F97/><W129/><G129/><T39/><D39/><U15/><E15/><V1/><F1/><W59/><G81/><T115/><D115/><U73/><E73/><V105/><F83/><W12/><G80/><T122/><D122/><U53/><E53/><V25/><F41/><W19/><G82/><T104/><D104/><AGARI ba="0,2" hai="8,11,48,54,58,64,65,66,98,99,101,102,104,107" machi="104" ten="40,7700,0" yaku="1,1,9,1,52,1,53,0" doraHai="18,44" doraHaiUra="21,43" who="1" fromWho="0" sc="268,-77,261,97,272,0,179,0" /><INIT seed="5,1,0,4,2,71" ten="191,358,272,179" oya="1" hai0="54,115,118,129,75,76,127,32,120,23,15,133,116" hai1="55,96,8,45,63,3,29,87,82,111,119,19,18" hai2="59,21,121,122,1,88,64,50,62,97,36,27,126" hai3="79,132,83,25,57,65,104,42,7,26,53,68,43"/><U128/><E128/><V38/><F1/><W31/><G132/><T56/><D32/><U110/><E119/><V72/><F72/><W58/><G7/><T100/><D133/><U10/><E29/><V131/><F131/><W67/><G104/><T2/><D2/><U44/><E96/><V17/><F126/><W14/><G14/><T0/><D0/><U30/><E30/><V40/><F50/><W37/><G57/><T48/><D129/><U49/><E63/><V84/><F97/><W34/><G25/><T46/><D127/><U52/><E3/><V13/><F27/><W81/><G42/><T6/><D115/><U35/><E49/><V85/><F85/><W70/><G70/><T11/><D120/><U28/><E28/><V41/><F41/><W16/><G16/><T86/><D75/><U92/><E87/><V74/><F74/><W9/><G9/><T130/><D130/><U69/><E69/><V123/><REACH who="2" step="1"/><F40/><REACH who="2" ten="191,358,262,179" step="2"/><W93/><G43/><N who="0" m="24671" /><D118/><U108/><E108/><V22/><F22/><W113/><G26/><T61/><D23/><U80/><E35/><V101/><F101/><W5/><G34/><T91/><D100/><U24/><E24/><V73/><F73/><W105/><G31/><T77/><D116/><U12/><E12/><V109/><F109/><W99/><G99/><T112/><D112/><U4/><E111/><V39/><F39/><W125/><G37/><T106/><D106/><U124/><E110/><V47/><F47/><W134/><G113/><T114/><D114/><U98/><E124/><V102/><F102/><W117/><G125/><RYUUKYOKU ba="1,1" sc="191,15,358,-15,262,15,179,-15" hai0="6,11,15,54,56,61,76,77,86,91" hai2="13,17,21,36,38,59,62,64,84,88,121,122,123" /><INIT seed="6,2,1,1,0,20" ten="206,343,277,164" oya="2" hai0="132,96,71,6,95,19,10,18,9,134,82,125,41" hai1="45,27,35,44,29,58,114,92,55,59,7,85,39" hai2="112,115,24,131,89,56,64,48,86,37,57,111,21" hai3="28,72,120,17,98,43,104,1,94,16,99,34,118"/><V67/><F37/><W51/><G120/><T42/><D71/><U102/><E7/><V4/><F4/><W63/><G118/><T83/><D125/><U121/><E114/><N who="2" m="43563" /><F131/><W61/><G72/><T78/><D95/><U106/><E106/><V130/><F130/><W74/><G74/><T75/><D96/><U81/><E121/><V60/><F111/><W91/><G1/><T50/><D50/><U124/><E59/><N who="2" m="36895" /><F48/><W40/><G63/><T54/><D54/><U31/><E39/><V26/><F67/><W68/><G68/><T33/><D33/><U5/><E5/><V65/><F65/><W100/><G61/><T128/><D128/><U77/><E124/><V87/><F87/><W97/><G97/><T108/><D108/><U79/><E55/><V49/><F49/><W73/><G73/><T46/><D75/><U69/><E69/><V103/><F103/><W105/><G105/><T119/><D6/><U38/><E102/><V0/><F0/><W2/><G2/><T84/><D84/><U12/><E85/><V11/><F11/><W22/><G51/><T110/><D110/><U62/><E62/><V36/><F36/><W113/><G113/><T13/><D46/><U116/><E45/><V122/><F122/><W53/><G53/><T117/><D13/><U90/><E44/><V127/><F127/><W47/><G47/><T76/><AGARI ba="2,1" hai="9,10,18,19,41,42,76,78,82,83,117,119,132,134" machi="76" ten="25,3200,0" yaku="0,1,22,2" doraHai="20" who="0" fromWho="0" sc="206,48,343,-10,277,-18,164,-10" /><INIT seed="7,0,0,4,3,14" ten="254,333,259,154" oya="3" hai0="15,85,64,123,95,19,71,72,31,88,43,133,128" hai1="103,10,69,106,36,112,86,53,54,17,22,91,32" hai2="8,117,93,102,109,121,115,62,81,1,126,74,61" hai3="73,23,94,80,96,76,130,16,25,30,40,39,46"/><W26/><G130/><T7/><D123/><U35/><E36/><V111/><F117/><W68/><G68/><T48/><D72/><U44/><E69/><V129/><F1/><W2/><G2/><T98/><D128/><U9/><E35/><V114/><F129/><W29/><REACH who="3" step="1"/><G25/><REACH who="3" ten="254,333,259,144" step="2"/><T67/><D71/><U45/><E112/><V125/><F115/><W101/><AGARI ba="0,1" hai="16,23,26,29,30,39,40,46,73,76,80,94,96,101" machi="101" ten="20,18000,2" yaku="1,1,2,1,0,1,7,1,52,1,54,1,53,1" doraHai="14" doraHaiUra="37" who="3" fromWho="3" sc="254,-60,333,-60,259,-60,144,190" owari="194,-31.0,273,7.0,199,-20.0,334,44.0" /></mjloggm>