<mjloggm ver="2.3"><GO type="169" lobby="0"/><UN n0="%E3%83%88%E3%83%88%E3%83%AA%E5%85%88%E7%94%9F%31%39%E6%AD%B3" n1="%E3%83%8F%E3%83%83%E3%83%94%E3%83%BC%E3%81%A1%E3%82%83%E3%82%93" n2="%6D%61%63%6A%72" n3="%E3%81%AF%E3%82%80" dan="17,16,17,17" rate="2131.81,2031.19,2168.85,2142.73" sx="F,M,M,M"/><TAIKYOKU oya="0"/><INIT seed="0,0,0,2,4,23" ten="250,250,250,250" oya="0" hai0="134,14,83,56,32,67,16,33,28,80,108,30,110" hai1="58,109,52,38,68,6,130,127,76,82,48,12,49" hai2="106,81,85,62,124,84,15,19,123,78,37,116,8" hai3="107,63,98,9,126,1,45,17,11,69,18,13,117"/><T43/><D134/><U87/><E68/><V27/><F123/><W59/><G117/><T111/><D43/><U60/><E38/><V65/><F37/><W31/><G126/><T51/><D30/><U26/><E127/><V74/><F124/><W79/><G31/><T66/><D51/><N who="1" m="19531" /><E109/><V44/><F44/><W70/><G69/><T104/><D104/><U128/><E6/><V36/><F36/><W133/><G70/><T3/><D3/><U118/><E118/><V120/><F120/><W35/><G133/><T86/><D56/><U132/><E132/><V34/><F106/><W46/><G35/><N who="0" m="13387" /><D28/><U125/><E12/><V61/><F116/><W103/><G79/><N who="0" m="46367" /><D83/><U89/><E76/><V105/><F105/><W115/><G115/><T131/><D131/><N who="1" m="50219" /><E125/><V71/><F61/><W112/><G112/><T4/><D4/><U50/><N who="1" m="19539" /><U54/><DORA hai="113" /><E54/><V102/><F102/><W29/><G29/><T93/><D93/><U40/><E40/><V24/><REACH who="2" step="1"/><F34/><REACH who="2" ten="250,250,240,250" step="2"/><W41/><G41/><T97/><D111/><U55/><E55/><V2/><F2/><W114/><G114/><T25/><D110/><U39/><E39/><V90/><F90/><W135/><G135/><T95/><D108/><U88/><E89/><V100/><F100/><W92/><G1/><T121/><D121/><U73/><E73/><V7/><F7/><W20/><G107/><T122/><D122/><U42/><E42/><V10/><F10/><W91/><G103/><N who="0" m="60863" /><D67/><U53/><E53/><V57/><F57/><W5/><G5/><T22/><D66/><U94/><E82/><RYUUKYOKU ba="0,1" sc="250,10,250,10,240,10,250,-30" hai0="14,16,22,25" hai1="26,52,58,60,87,88,94" hai2="8,15,19,24,27,62,65,71,74,78,81,84,85" /><INIT seed="0,1,1,2,3,58" ten="260,260,250,220" oya="0" hai0="28,47,98,36,119,50,92,75,40,51,13,112,3" hai1="86,49,77,85,18,8,7,52,127,62,29,32,121" hai2="55,66,43,0,38,60,9,54,108,31,105,11,91" hai3="120,20,70,27,118,94,123,109,106,1,76,97,35"/><T126/><D112/><U101/><E121/><V22/><F105/><W23/><G106/><T26/><D119/><U14/><E127/><V5/><F108/><W16/><G118/><T117/><D117/><U45/><E101/><V124/><F124/><W33/><G109/><T81/><D3/><U30/><E32/><V80/><F9/><W65/><G1/><T63/><D126/><U116/><E116/><V114/><F114/><W125/><G125/><T56/><D13/><U132/><E132/><V131/><F131/><W93/><G76/><T17/><D17/><U128/><E128/><V67/><F67/><W24/><G65/><T110/><D110/><U129/><E129/><V37/><F31/><N who="1" m="11785" /><E77/><V48/><F22/><W44/><G44/><T59/><D59/><N who="1" m="35175" /><E7/><V53/><F48/><W25/><G70/><T107/><D81/><U69/><E69/><V73/><F43/><AGARI ba="1,1" hai="8,14,18,43,45,49,85,86" m="35175,11785" machi="43" ten="30,3900,0" yaku="8,1,52,1,54,1" doraHai="58" who="1" fromWho="2" sc="260,0,260,52,250,-42,220,0" /><INIT seed="1,0,0,0,3,53" ten="260,312,208,220" oya="1" hai0="84,76,49,105,11,68,0,120,114,112,27,125,58" hai1="93,2,25,15,133,106,1,81,54,99,13,42,79" hai2="24,47,67,55,45,101,61,41,22,102,16,123,92" hai3="87,116,69,128,113,8,97,7,17,26,80,110,21"/><U75/><E106/><V12/><F123/><W78/><G69/><T85/><D105/><U100/><E133/><V31/><F55/><W96/><G113/><T131/><D68/><U107/><E42/><V3/><F3/><W19/><G110/><T50/><D120/><U73/><E73/><V9/><F92/><W38/><G38/><T117/><D117/><U64/><E64/><V36/><REACH who="2" step="1"/><F47/><REACH who="2" ten="260,312,198,220" step="2"/><W89/><G116/><T56/><D114/><U118/><E54/><V129/><F129/><W6/><G128/><T28/><D112/><U4/><E2/><V86/><F86/><W23/><G87/><T134/><D131/><U44/><E44/><V5/><F5/><W20/><G7/><N who="0" m="1511" /><D85/><U88/><E4/><V115/><F115/><W33/><G6/><T34/><D84/><N who="1" m="52359" /><E1/><V91/><F91/><W98/><G89/><T39/><D134/><U95/><E95/><V111/><F111/><W90/><G90/><T14/><D76/><U66/><E66/><V104/><F104/><W62/><G78/><T46/><D46/><U82/><E82/><V48/><F48/><W122/><G122/><T43/><D49/><U77/><E77/><V71/><AGARI ba="0,1" hai="9,12,16,22,24,31,36,41,45,61,67,71,101,102" machi="71" ten="20,8000,1" yaku="1,1,0,1,7,1,54,1,53,1" doraHai="53" doraHaiUra="59" who="2" fromWho="2" sc="260,-20,312,-40,198,90,220,-20" /><INIT seed="2,0,0,2,1,110" ten="240,272,288,200" oya="2" hai0="106,124,78,37,56,57,67,8,94,122,109,96,17" hai1="104,128,92,97,46,112,132,72,123,53,125,129,0" hai2="81,48,24,45,39,27,126,20,61,118,100,30,3" hai3="10,59,86,85,74,34,131,133,23,69,32,51,107"/><V65/><F118/><W77/><G69/><T130/><D122/><U73/><E0/><V18/><F3/><W76/><G107/><T44/><D106/><U25/><E25/><V103/><F126/><W127/><G127/><T113/><D109/><U75/><E46/><V5/><F39/><W33/><G74/><T83/><D124/><U43/><E43/><V105/><F5/><W66/><G133/><T19/><D130/><N who="1" m="50283" /><E53/><V60/><F81/><W68/><G68/><T58/><D113/><U102/><E125/><V116/><F116/><W121/><G121/><T36/><D67/><U40/><E40/><V117/><F117/><W89/><G131/><T63/><D63/><U50/><E50/><V38/><F38/><W12/><G23/><T119/><D119/><U88/><E123/><V79/><F79/><W101/><G101/><T49/><D8/><U22/><E22/><V52/><F105/><W11/><G11/><T16/><D44/><U80/><E132/><V9/><F60/><W91/><G66/><T71/><D71/><U21/><E21/><N who="2" m="13367" /><F9/><W14/><G51/><T108/><D108/><U62/><E62/><V114/><F114/><W64/><G64/><T98/><D49/><U6/><E6/><V31/><F31/><W135/><G10/><T134/><D134/><U15/><E15/><N who="3" m="5674" /><G135/><T7/><D7/><U120/><E120/><V115/><F115/><W29/><G29/><T42/><D37/><U13/><E13/><V87/><F65/><W55/><G33/><T41/><D36/><U2/><E2/><V35/><F35/><W93/><G34/><RYUUKYOKU ba="0,0" sc="240,0,272,0,288,0,200,0" /><INIT seed="3,1,0,5,1,27" ten="240,272,288,200" oya="3" hai0="64,67,128,121,94,57,54,117,59,129,80,73,69" hai1="79,33,66,23,60,56,102,15,104,135,99,77,76" hai2="0,115,75,21,39,106,40,116,100,74,114,12,87" hai3="38,34,53,31,9,109,28,37,62,125,7,58,68"/><W78/><G68/><T42/><D73/><N who="2" m="27658" /><F21/><W120/><G78/><T36/><D80/><U4/><E135/><V50/><F12/><W93/><G120/><T2/><D2/><U122/><E122/><V17/><F17/><W98/><G125/><T29/><D94/><U41/><E41/><V70/><F50/><W119/><G119/><T47/><D29/><U133/><E133/><V35/><F87/><W19/><G109/><T20/><D20/><U6/><E33/><V51/><F51/><W82/><G82/><T61/><D121/><U89/><E89/><V16/><F16/><W124/><G124/><T26/><D26/><U88/><E88/><V22/><F22/><W5/><G34/><T96/><D96/><U65/><E65/><V110/><F116/><W18/><G37/><T71/><D117/><U45/><E45/><N who="2" m="23711" /><F110/><W132/><G38/><T134/><D134/><U97/><REACH who="1" step="1"/><E99/><REACH who="1" ten="240,262,288,200" step="2"/><N who="2" m="61727" /><F35/><W3/><G132/><T91/><D91/><U1/><E1/><V126/><F126/><W44/><G3/><T84/><D67/><U49/><E49/><V101/><F0/><W30/><G44/><T105/><D47/><U113/><E113/><V32/><F32/><W48/><G48/><N who="0" m="31175" /><D42/><U63/><E63/><V81/><F81/><W127/><G127/><T108/><D36/><U131/><E131/><N who="0" m="50249" /><D108/><U24/><E24/><V92/><F115/><W85/><G9/><T107/><D84/><U14/><E14/><V83/><F114/><W25/><G85/><T95/><D95/><U118/><E118/><V111/><F111/><W10/><G93/><T86/><D86/><RYUUKYOKU ba="1,1" sc="240,15,262,15,288,-15,200,-15" hai0="57,61,64,69,71,105,107" hai1="4,6,15,23,56,60,66,76,77,79,97,102,104" /><INIT seed="4,2,1,4,2,12" ten="255,277,273,185" oya="0" hai0="105,23,41,122,74,38,58,108,22,56,9,24,43" hai1="92,25,132,77,31,34,37,57,44,123,47,95,101" hai2="48,53,42,70,86,4,66,112,100,3,126,133,18" hai3="107,76,36,54,81,2,6,1,19,78,118,35,73"/><T30/><D122/><U124/><E123/><V10/><F112/><W64/><G76/><T129/><D74/><U11/><E77/><V98/><F126/><W94/><G107/><T134/><D105/><U26/><E124/><V55/><F133/><W72/><G72/><T87/><D134/><U7/><E132/><V110/><F110/><W40/><G35/><T69/><D69/><U120/><E120/><V131/><F131/><W17/><G64/><T96/><D108/><U49/><E37/><V14/><F86/><W103/><G118/><T16/><D129/><U0/><E26/><V46/><F66/><W106/><G106/><T111/><D111/><U80/><E80/><V20/><REACH who="2" step="1"/><F70/><REACH who="2" ten="255,277,263,185" step="2"/><W119/><G119/><T68/><D68/><U104/><E104/><AGARI ba="2,2" hai="3,4,10,14,18,20,42,46,48,53,55,98,100,104" machi="104" ten="30,8000,1" yaku="1,1,2,1,7,1,52,1,53,1" doraHai="12" doraHaiUra="5" who="2" fromWho="1" sc="255,0,277,-86,263,106,185,0" /><INIT seed="5,0,0,4,2,46" ten="255,191,369,185" oya="1" hai0="23,135,57,2,73,3,88,59,86,51,36,53,7" hai1="10,74,84,101,30,134,128,62,44,93,58,56,13" hai2="102,41,85,76,120,18,40,78,110,50,55,119,80" hai3="81,89,131,63,27,6,5,48,72,123,112,29,121"/><U98/><E74/><V124/><F110/><W130/><G112/><T32/><D32/><U17/><E134/><V90/><F120/><N who="3" m="46155" /><G63/><T92/><D36/><U100/><E128/><N who="3" m="49194" /><G48/><N who="0" m="30887" /><D73/><U129/><E129/><V66/><F119/><W116/><G116/><T15/><D135/><U113/><E113/><V25/><F124/><W61/><G61/><T69/><D69/><U133/><E133/><V12/><F66/><W75/><G75/><T42/><D7/><N who="3" m="2569" /><G72/><T82/><D82/><U91/><E44/><N who="2" m="28103" /><F25/><W47/><G47/><N who="0" m="26103" /><D59/><U132/><E132/><V96/><F102/><W38/><G38/><T22/><D22/><U125/><E125/><V122/><F122/><W60/><G60/><T35/><D35/><U64/><E30/><V105/><F105/><W21/><G81/><T19/><AGARI ba="0,0" hai="2,3,15,19,23,86,88,92" m="26103,30887" machi="19" ten="30,7900,0" yaku="25,1,52,2,54,1" doraHai="46" who="0" fromWho="0" sc="255,79,191,-39,369,-20,185,-20" /><INIT seed="6,0,0,3,4,68" ten="334,152,349,165" oya="2" hai0="19,131,46,126,58,23,29,84,98,69,118,20,37" hai1="48,112,0,1,52,41,101,59,45,97,5,128,92" hai2="25,62,49,99,60,108,57,103,85,7,11,90,26" hai3="114,133,79,38,132,51,80,47,130,50,82,134,13"/><V70/><F108/><W72/><G130/><T94/><D69/><U12/><E112/><V34/><F70/><W31/><G114/><T102/><D131/><U83/><E128/><V55/><F34/><W81/><G31/><T35/><D126/><U16/><E5/><V109/><F109/><W9/><G72/><T71/><D71/><U61/><REACH who="1" step="1"/><E83/><REACH who="1" ten="334,142,349,165" step="2"/><V32/><F7/><N who="3" m="3263" /><G79/><T127/><D127/><U111/><E111/><V115/><F115/><W77/><G77/><T39/><D118/><U17/><E17/><V113/><F113/><W27/><G27/><T40/><D19/><U33/><E33/><V2/><F32/><W124/><G124/><T107/><D35/><U117/><E117/><V8/><F25/><W3/><G3/><T89/><D29/><U104/><E104/><V116/><F26/><W125/><G125/><T28/><D28/><U63/><E63/><V66/><F60/><W67/><G67/><T30/><D30/><U21/><AGARI ba="0,1" hai="0,1,12,16,21,41,45,48,52,59,61,92,97,101" machi="21" ten="20,8000,1" yaku="1,1,0,1,7,1,54,2,53,0" doraHai="68" doraHaiUra="73" who="1" fromWho="1" sc="334,-20,142,90,349,-40,165,-20" /><INIT seed="7,0,0,2,1,50" ten="314,232,309,145" oya="3" hai0="64,65,34,31,71,12,22,76,30,135,49,45,88" hai1="29,38,90,17,57,6,72,1,4,105,74,104,44" hai2="134,21,2,128,55,127,48,123,79,51,118,46,84" hai3="7,75,37,0,107,41,28,8,99,94,47,33,122"/><W89/><G107/><T40/><D76/><U35/><E17/><V24/><F118/><W117/><G117/><T20/><D34/><U130/><E90/><V110/><F2/><W54/><G122/><T133/><D88/><U36/><E57/><V15/><F110/><W82/><G33/><T92/><D92/><U126/><E44/><V95/><F123/><W77/><G28/><N who="0" m="10795" /><D71/><U26/><E6/><V3/><F3/><W63/><G63/><T78/><D78/><U113/><E113/><V52/><F127/><W73/><G73/><T87/><D87/><U114/><E114/><V27/><F128/><W5/><G5/><T131/><D131/><U102/><E102/><V39/><F39/><W96/><G96/><T120/><D120/><U53/><E130/><V68/><F68/><W10/><G10/><T58/><D12/><U61/><E126/><V124/><F134/><N who="0" m="51210" /><D65/><U132/><E132/><V106/><F106/><W19/><G19/><T59/><D59/><N who="1" m="35055" /><E38/><V97/><F124/><W80/><G80/><T98/><D98/><U108/><E36/><V69/><F69/><W13/><G13/><T100/><D100/><U56/><E108/><V91/><F15/><W129/><G129/><T60/><AGARI ba="0,0" hai="20,22,40,45,49,58,60,64" m="51210,10795" machi="60" ten="30,1100,0" yaku="20,1" doraHai="50" who="0" fromWho="0" sc="314,11,232,-3,309,-3,145,-5" owari="325,42.0,229,-17.0,306,11.0,140,-36.0" /></mjloggm>