<mjloggm ver="2.3"><GO type="41" lobby="0"/><UN n0="%35%E4%BA%BA%E6%89%93%E3%81%A1%E9%BA%BB%E9%9B%80" n1="%4B%61%6B%75%73%61%6E" n2="%E6%A1%83%E3%82%84%E3%82%93" n3="%E5%B0%B1%E6%B4%BB%E7%94%9F%40%E5%B7%9D%E6%9D%91%E8%BB%8D%E5%9B%A3" dan="15,14,14,15" rate="1941.53,1900.28,1972.71,2010.56" sx="M,M,M,M"/><TAIKYOKU oya="0"/><INIT seed="0,0,0,2,3,117" ten="250,250,250,250" oya="0" hai0="112,78,31,132,135,11,76,110,40,95,103,118,93" hai1="5,24,107,120,94,133,84,70,100,28,10,37,41" hai2="123,85,102,101,63,16,22,57,91,8,99,79,74" hai3="32,50,60,21,4,68,58,20,113,97,121,128,62"/><T82/><D118/><U39/><E120/><V126/><F126/><W129/><G32/><T66/><D112/><U104/><E70/><V56/><F74/><W53/><G113/><T105/><D110/><U88/><E133/><N who="0" m="51273" /><D40/><U127/><E127/><V59/><F123/><W52/><G4/><T80/><D31/><U89/><E107/><V9/><F79/><N who="0" m="30250" /><D11/><U27/><E27/><V3/><F63/><W87/><G97/><N who="0" m="61679" /><D66/><U43/><E43/><V81/><F3/><W30/><G121/><T25/><D25/><U116/><E116/><V47/><F47/><W130/><G30/><T44/><D44/><U46/><E104/><V77/><F77/><W55/><G68/><T125/><D125/><U131/><E100/><N who="2" m="38507" /><F99/><W114/><G114/><T0/><D0/><U75/><E75/><V109/><F109/><W90/><G50/><T64/><D64/><U7/><E39/><V34/><F34/><W6/><G6/><T61/><D61/><N who="3" m="23657" /><G58/><T73/><D73/><U83/><E10/><V2/><F2/><W111/><G111/><T98/><D98/><U23/><E5/><V51/><F51/><W29/><G29/><T54/><D54/><N who="3" m="13825" /><W122/><DORA hai="108" /><G122/><T65/><D65/><U42/><E7/><V71/><F71/><W33/><G33/><T12/><D12/><AGARI ba="0,0" hai="8,9,12,16,22,56,57,59,81,85,91" m="38507" machi="12" ten="30,2000,0" yaku="8,1,54,1" doraHai="117,108" who="2" fromWho="0" sc="250,-20,250,0,250,20,250,0" /><INIT seed="1,0,0,3,5,64" ten="230,250,270,250" oya="1" hai0="31,116,124,34,50,72,128,27,81,19,70,28,112" hai1="48,67,30,49,91,104,92,133,42,134,125,52,99" hai2="0,108,63,107,58,83,123,54,1,98,96,75,120" hai3="56,82,97,87,57,33,20,37,12,18,35,68,122"/><U24/><E104/><V71/><F108/><W47/><G122/><T113/><D116/><U36/><E125/><V80/><F75/><W77/><G33/><T16/><D124/><U3/><E49/><V110/><F110/><W60/><G35/><T100/><D128/><U115/><E115/><V132/><F63/><W127/><G127/><T89/><D100/><U53/><E3/><V5/><F5/><W114/><G114/><T39/><D39/><U69/><E36/><V102/><F102/><W118/><G118/><T32/><D50/><U11/><E11/><V17/><F58/><W6/><G6/><T55/><D55/><U61/><E42/><V119/><F54/><W111/><G111/><T8/><D70/><U94/><E94/><V40/><F17/><W85/><G85/><T65/><D65/><U41/><E41/><V4/><F40/><W15/><G15/><T25/><D8/><U78/><E78/><V109/><F109/><W66/><G37/><T105/><D105/><U76/><E76/><V9/><F4/><W7/><G7/><T26/><D72/><U84/><E99/><V90/><F9/><W21/><G21/><T126/><D126/><U38/><E38/><V14/><F107/><W46/><REACH who="3" step="1"/><G97/><REACH who="3" ten="230,250,270,240" step="2"/><T103/><D113/><U101/><E48/><V43/><F119/><W88/><G88/><T121/><D112/><U22/><E101/><V45/><F90/><W130/><G130/><T2/><D121/><U62/><E62/><V129/><F120/><W106/><G106/><T10/><D34/><U59/><E59/><AGARI ba="0,1" hai="12,18,20,46,47,56,57,59,60,66,68,77,82,87" machi="59" ten="40,2600,0" yaku="1,1,52,1,53,0" doraHai="64" doraHaiUra="135" who="3" fromWho="1" sc="230,0,250,-26,270,0,240,36" /><INIT seed="2,0,0,5,3,121" ten="230,224,270,276" oya="2" hai0="128,45,14,25,18,66,28,39,84,61,101,26,116" hai1="16,9,62,131,17,6,46,82,88,60,127,19,115" hai2="58,123,125,80,94,13,23,78,55,71,36,30,12" hai3="47,15,135,104,81,120,134,27,31,54,42,49,103"/><V57/><F123/><W113/><G120/><T124/><D116/><U76/><E115/><V75/><F71/><W72/><G113/><T69/><D124/><U48/><E127/><V65/><F36/><W79/><G15/><T102/><D128/><U1/><E131/><V97/><F125/><W63/><G104/><T130/><D130/><U0/><E0/><V95/><F95/><W67/><G103/><T110/><D110/><U21/><E21/><V38/><F38/><W77/><G77/><T10/><D84/><U73/><REACH who="1" step="1"/><E88/><REACH who="1" ten="230,214,270,276" step="2"/><V4/><F23/><W108/><G108/><T91/><D91/><U122/><E122/><V98/><F30/><W7/><G135/><T119/><D119/><U59/><E59/><V118/><F118/><W34/><G134/><T107/><D28/><U109/><E109/><V51/><F98/><W114/><G114/><T85/><D101/><U11/><E11/><V117/><F117/><W5/><REACH who="3" step="1"/><G42/><AGARI ba="0,1" hai="1,6,9,16,17,19,42,46,48,60,62,73,76,82" machi="42" ten="40,2600,0" yaku="1,1,54,1,53,0" doraHai="121" doraHaiUra="111" who="1" fromWho="3" sc="230,0,214,36,270,0,276,-26" /><INIT seed="3,0,0,3,0,38" ten="230,250,270,250" oya="3" hai0="33,53,1,115,126,117,80,94,89,49,51,34,133" hai1="16,5,70,23,120,63,88,125,100,110,14,65,129" hai2="8,39,79,47,43,27,83,78,36,93,15,19,105" hai3="121,7,97,114,42,96,112,58,101,30,55,31,124"/><W25/><G121/><T84/><D117/><U37/><E120/><V103/><F105/><W104/><G124/><T74/><D126/><U28/><E125/><V0/><F79/><W77/><G7/><T73/><D133/><U109/><E129/><V135/><F135/><W134/><G134/><T45/><D115/><U29/><E100/><V111/><F111/><N who="1" m="42505" /><E37/><V67/><F67/><W68/><G68/><T20/><D1/><U86/><E5/><V91/><F103/><W44/><G77/><T132/><D132/><U26/><E26/><V3/><F27/><W24/><G97/><T2/><D2/><U85/><E85/><V119/><F39/><W48/><G25/><T60/><D60/><U13/><E13/><V81/><F81/><AGARI ba="0,0" hai="14,16,23,28,29,63,65,70,81,86,88" m="42505" machi="81" ten="30,3900,0" yaku="14,1,54,2" doraHai="38" who="1" fromWho="2" sc="230,0,250,39,270,-39,250,0" /><INIT seed="4,0,0,2,1,128" ten="230,289,231,250" oya="0" hai0="120,100,50,106,53,108,98,125,95,107,122,111,42" hai1="57,93,73,77,114,6,135,29,39,117,121,14,88" hai2="45,34,123,38,118,80,27,10,71,0,81,67,112" hai3="113,75,9,86,3,33,65,124,132,41,66,78,26"/><T89/><D42/><U94/><E121/><N who="0" m="46697" /><D53/><U119/><E39/><V35/><F123/><W11/><G41/><T2/><D2/><U17/><E6/><V51/><F118/><W52/><G3/><T30/><D30/><U13/><E13/><V31/><F112/><W7/><G7/><T131/><D50/><U90/><E114/><V126/><F126/><W68/><G68/><T87/><D125/><U115/><E115/><V74/><F81/><W15/><G52/><T16/><D16/><U62/><E29/><V60/><F51/><W110/><G66/><T92/><D131/><U130/><E130/><V85/><F85/><W4/><G65/><T21/><D21/><U46/><E46/><V84/><F84/><W48/><G48/><T82/><D95/><U109/><E57/><V8/><F35/><W127/><G75/><T83/><D83/><U72/><E62/><V103/><F0/><W79/><G33/><T32/><D32/><U22/><E22/><V76/><F45/><W64/><G64/><T91/><D107/><U105/><E17/><V36/><F10/><W20/><G113/><T59/><D59/><U70/><E70/><V104/><F8/><W23/><G4/><T5/><D5/><U37/><E37/><V19/><REACH who="2" step="1"/><F19/><REACH who="2" ten="230,289,221,250" step="2"/><W47/><G11/><T101/><D106/><U54/><E105/><V28/><F28/><W63/><G9/><T1/><D1/><U97/><E14/><V56/><F56/><W96/><G124/><T99/><D99/><AGARI ba="0,1" hai="27,31,34,36,38,60,67,71,74,76,80,99,103,104" machi="99" ten="40,12000,2" yaku="1,1,25,2,33,3,53,0" doraHai="128" doraHaiUra="116" who="2" fromWho="0" sc="230,-120,289,0,221,130,250,0" /><INIT seed="5,0,0,5,3,88" ten="110,289,351,250" oya="1" hai0="78,103,102,72,3,134,16,93,36,52,83,43,91" hai1="106,47,13,69,56,21,89,4,128,99,76,85,119" hai2="28,12,19,70,49,31,64,96,1,18,98,71,126" hai3="65,20,14,117,34,38,120,60,74,122,111,11,6"/><U66/><E119/><V54/><F1/><W57/><G34/><T9/><D134/><U7/><E69/><V26/><F64/><W35/><G35/><T129/><D129/><U61/><E128/><V41/><F126/><W101/><G74/><T77/><D77/><U23/><E76/><V73/><F73/><W30/><G38/><T108/><D108/><U125/><E125/><V114/><F41/><W109/><G117/><T95/><D95/><N who="1" m="54703" /><E106/><V53/><F12/><W40/><G40/><T27/><D43/><U115/><E115/><V50/><REACH who="2" step="1"/><F26/><REACH who="2" ten="110,289,341,250" step="2"/><W107/><G111/><T127/><D36/><U87/><E13/><V44/><F44/><W86/><G65/><T58/><D127/><U130/><E47/><V123/><F123/><W2/><G14/><T67/><D67/><U104/><E66/><V17/><F17/><W42/><G2/><T135/><D135/><U82/><E4/><V131/><F131/><W68/><G6/><T62/><D3/><U0/><E7/><V118/><F118/><W132/><G109/><T75/><D75/><U113/><E0/><V8/><F8/><W45/><G11/><T32/><D9/><U51/><E130/><V39/><F39/><W92/><G42/><T5/><D5/><U29/><E29/><V105/><F105/><W97/><G107/><T121/><D121/><U112/><E104/><V25/><F25/><W100/><G45/><T81/><D32/><U59/><E113/><AGARI ba="0,1" hai="18,19,28,31,49,50,53,54,70,71,96,98,113,114" machi="113" ten="25,3200,0" yaku="1,1,22,2,53,0" doraHai="88" doraHaiUra="124" who="2" fromWho="1" sc="110,0,289,-32,341,42,250,0" /><INIT seed="6,0,0,4,2,60" ten="110,257,383,250" oya="2" hai0="5,24,25,44,84,78,3,56,77,1,102,115,107" hai1="16,95,85,35,97,105,38,22,109,20,7,96,66" hai2="55,29,36,62,111,80,75,0,37,13,48,59,34" hai3="132,33,31,91,18,92,30,15,89,127,21,46,43"/><V61/><F0/><W41/><G127/><T73/><D115/><U26/><E38/><V58/><F34/><W74/><G132/><T93/><D56/><U28/><E109/><V99/><F29/><W51/><G74/><T121/><D121/><U17/><E105/><V45/><F99/><W106/><G106/><T65/><D107/><U54/><E7/><V70/><F13/><W100/><G33/><T50/><D73/><U76/><E97/><V94/><F94/><W52/><G100/><T88/><D102/><U104/><E104/><V83/><F80/><W72/><G72/><T82/><D3/><U126/><E126/><V123/><F83/><W63/><G91/><T133/><D133/><U32/><E54/><N who="2" m="29967" /><F75/><W40/><REACH who="3" step="1"/><G63/><REACH who="3" ten="110,257,383,240" step="2"/><T86/><D78/><U118/><E35/><V117/><F123/><W124/><G124/><T135/><D135/><U103/><E32/><V4/><F111/><W67/><G67/><T42/><REACH who="0" step="1"/><D65/><REACH who="0" ten="100,257,383,240" step="2"/><U131/><E66/><N who="2" m="41303" /><F117/><W134/><G134/><T23/><D23/><U87/><E118/><V69/><F69/><W108/><G108/><T119/><D119/><U14/><E22/><V64/><F4/><W12/><G12/><T27/><D27/><U90/><E14/><V129/><F129/><W53/><G53/><T8/><AGARI ba="0,2" hai="1,5,8,24,25,42,44,50,77,82,84,86,88,93" machi="8" ten="30,4000,0" yaku="1,1,0,1,54,1,53,0" doraHai="60" doraHaiUra="71" who="0" fromWho="0" sc="100,60,257,-10,383,-20,240,-10" /><INIT seed="7,0,0,1,5,80" ten="160,247,363,230" oya="3" hai0="55,134,133,16,39,64,10,61,102,101,75,99,36" hai1="103,51,13,52,1,73,22,31,125,104,3,89,88" hai2="114,4,127,67,17,41,70,98,96,58,42,40,20" hai3="110,37,65,90,54,24,116,76,18,131,56,44,126"/><W26/><G116/><T33/><D75/><U72/><E125/><V91/><F70/><W94/><G126/><T53/><D33/><U25/><E73/><V97/><F114/><W57/><G110/><T113/><D113/><U11/><E72/><V5/><F127/><W66/><G131/><T8/><D99/><U14/><E1/><V87/><F58/><N who="3" m="22635" /><G37/><T106/><D61/><U107/><E3/><V46/><F67/><N who="3" m="25611" /><G76/><T124/><D64/><U122/><E122/><V132/><F46/><W81/><G81/><T2/><D124/><U35/><E35/><V128/><F132/><W121/><G121/><T85/><D2/><U112/><E112/><V62/><F62/><W0/><G0/><T63/><D63/><U59/><E107/><V83/><F128/><W79/><G79/><T129/><D129/><U29/><E29/><V130/><F130/><W34/><G34/><T123/><D123/><U43/><E43/><V95/><F83/><W117/><G117/><T48/><D106/><U92/><E104/><V105/><F105/><W15/><G54/><T30/><D30/><U7/><E14/><AGARI ba="0,0" hai="4,5,14,17,20,40,41,42,87,91,95,96,97,98" machi="14" ten="40,2600,0" yaku="8,1,52,1" doraHai="80" who="2" fromWho="1" sc="160,0,247,-26,363,26,230,0" owari="160,-34.0,221,-18.0,389,49.0,230,3.0" /></mjloggm>