<mjloggm ver="2.3"><GO type="97" lobby="0"/><UN n0="%E5%86%8D%E7%94%9F%E7%B4%99%E7%87%83" n1="%E3%82%A6%E3%83%A9%E3%83%83%E3%83%84%E3%82%A7%E3%83%B3" n2="%EF%BC%A1%EF%BC%AB%EF%BC%B2%33%2E%37" n3="%E5%B0%B1%E6%B4%BB%E7%94%9F%40%E5%B7%9D%E6%9D%91%E8%BB%8D%E5%9B%A3" dan="14,14,14,15" rate="2016.64,1866.21,1922.70,1968.32" sx="M,M,M,M"/><TAIKYOKU oya="0"/><INIT seed="0,0,0,1,3,91" ten="250,250,250,250" oya="0" hai0="62,45,118,17,57,38,10,121,68,109,30,64,96" hai1="130,37,8,18,58,27,128,48,102,113,53,105,93" hai2="125,67,0,74,41,111,16,107,110,39,104,35,135" hai3="77,120,46,12,25,69,122,92,83,86,129,36,19"/><T114/><D121/><N who="3" m="46697" /><G69/><T15/><D118/><U87/><E37/><V108/><F74/><W97/><G129/><N who="1" m="49770" /><E113/><V80/><F0/><W123/><N who="3" m="46705" /><W101/><DORA hai="9" /><G25/><T132/><D114/><U131/><N who="1" m="49778" /><U26/><DORA hai="49" /><E105/><V31/><F67/><W84/><G46/><T90/><D30/><U73/><E73/><V42/><F135/><W60/><G60/><T61/><D132/><U98/><E87/><V4/><F4/><W76/><G36/><T11/><D109/><U54/><E8/><V14/><F80/><N who="3" m="47111" /><G19/><T112/><D112/><U59/><E18/><V78/><F78/><W66/><G66/><T119/><D119/><U124/><E124/><V115/><F125/><W43/><G43/><N who="2" m="16393" /><F39/><W72/><G12/><T117/><D117/><U103/><E103/><V106/><F115/><W75/><AGARI ba="0,0" hai="72,75,77,83,86,92,97,101" m="47111,46705" machi="75" ten="40,8000,1" yaku="13,1,34,2,52,1" doraHai="91,9,49" who="3" fromWho="3" sc="250,-40,250,-20,250,-20,250,80" /><INIT seed="1,0,0,4,3,92" ten="210,230,230,330" oya="1" hai0="31,70,7,6,65,115,81,34,80,88,112,52,8" hai1="32,104,23,56,54,93,69,28,96,73,132,103,89" hai2="2,59,61,130,87,129,3,16,113,71,100,55,66" hai3="102,57,22,85,124,111,99,42,118,77,0,95,74"/><U125/><E69/><V106/><F113/><W12/><G0/><T43/><D43/><U58/><E73/><V19/><F87/><W50/><G118/><T35/><D65/><U82/><E32/><V101/><F3/><W116/><G74/><T121/><D70/><U110/><E58/><V41/><F41/><W36/><G36/><T26/><D121/><U79/><E125/><V10/><F2/><W84/><G116/><T20/><D7/><U63/><E132/><V75/><F75/><W131/><G77/><T13/><D81/><U49/><E110/><V76/><F76/><W46/><G131/><N who="2" m="50185" /><F10/><W114/><G111/><T51/><D35/><U29/><E63/><N who="2" m="36351" /><F101/><W120/><G120/><T72/><D34/><U9/><E9/><V17/><F17/><N who="3" m="10535" /><G124/><T60/><D60/><U48/><E48/><V78/><F78/><W94/><G114/><T38/><D72/><N who="1" m="43367" /><E23/><V40/><F40/><W117/><G117/><T53/><D38/><U4/><E4/><V47/><F47/><W134/><G134/><T128/><D128/><U123/><E123/><V39/><F39/><W135/><G135/><T5/><D5/><U67/><E67/><V86/><F86/><AGARI ba="0,0" hai="28,29,49,54,56,86,89,93,96,103,104" m="43367" machi="86" ten="30,2900,0" yaku="24,1,52,1" doraHai="92" who="1" fromWho="2" sc="210,0,230,29,230,-29,330,0" /><INIT seed="1,1,0,2,4,12" ten="210,259,201,330" oya="1" hai0="123,31,84,94,56,54,95,27,40,23,17,114,124" hai1="25,68,15,30,2,61,115,0,78,39,42,80,34" hai2="108,48,103,58,76,14,19,55,60,6,21,113,87" hai3="4,96,107,71,121,130,129,51,70,127,26,49,36"/><U89/><E78/><V74/><F74/><W33/><G121/><T75/><D75/><U79/><E115/><V38/><F38/><W101/><G4/><T63/><D114/><U18/><E89/><V104/><F113/><W53/><G36/><T45/><D124/><U32/><E42/><V44/><F108/><W72/><G72/><T46/><D123/><U62/><E39/><V9/><F104/><W28/><G127/><T37/><D46/><U86/><E34/><V43/><F103/><W92/><G107/><T7/><D7/><U88/><E79/><V133/><F133/><W11/><G11/><T29/><D84/><U52/><E62/><V90/><F76/><W57/><REACH who="3" step="1"/><G51/><REACH who="3" ten="210,259,201,320" step="2"/><T69/><D69/><AGARI ba="1,1" hai="26,28,33,49,53,57,69,70,71,92,96,101,129,130" machi="69" ten="40,8000,1" yaku="1,1,2,1,53,3" doraHai="12" doraHaiUra="64" who="3" fromWho="0" sc="210,-83,259,0,201,0,320,93" /><INIT seed="2,0,0,5,2,81" ten="127,259,201,413" oya="2" hai0="65,69,68,84,86,70,99,110,6,73,104,2,127" hai1="16,90,25,120,42,92,91,53,57,116,72,30,23" hai2="64,126,114,109,24,107,131,59,71,7,27,105,108" hai3="56,37,14,22,31,18,102,112,75,11,115,19,100"/><V49/><F114/><N who="3" m="43563" /><G37/><T118/><D73/><U76/><E116/><V79/><F7/><W121/><G121/><T88/><D118/><U89/><E120/><V134/><F71/><W28/><G75/><T58/><D110/><N who="2" m="42602" /><F79/><W83/><G56/><T132/><D132/><U133/><E133/><V44/><F134/><W135/><G83/><T124/><D104/><N who="2" m="40010" /><F126/><N who="0" m="48170" /><D6/><U77/><E42/><N who="2" m="24727" /><F131/><W15/><G135/><T26/><D2/><U74/><E72/><V55/><F64/><W20/><G102/><T38/><D38/><U128/><E128/><V5/><F5/><N who="3" m="3439" /><G100/><T123/><D123/><U122/><E122/><V94/><F94/><W67/><G67/><T29/><D65/><U32/><E74/><V96/><F96/><W39/><G39/><T61/><D61/><AGARI ba="0,0" hai="24,27,55,59,61" m="24727,40010,42602" machi="61" ten="30,2900,0" yaku="14,1,10,1" doraHai="81" who="2" fromWho="0" sc="127,-29,259,0,201,29,413,0" /><INIT seed="2,1,0,4,2,102" ten="98,259,230,413" oya="2" hai0="128,38,90,36,25,72,87,10,103,39,133,9,134" hai1="3,37,46,16,94,135,31,129,98,28,74,62,41" hai2="26,70,105,61,58,51,11,71,104,76,88,89,127" hai3="116,7,119,22,73,100,49,109,123,32,42,14,2"/><V96/><F76/><W29/><G73/><T43/><D72/><U1/><E74/><V47/><F127/><W107/><G107/><T82/><D43/><U121/><E121/><V45/><F11/><N who="3" m="2551" /><G100/><T77/><D77/><U24/><E31/><V23/><F45/><W97/><G97/><T113/><D113/><U30/><E28/><V68/><F89/><W4/><G109/><T20/><D103/><U6/><E6/><V50/><F50/><W33/><G49/><T80/><D80/><U54/><E3/><V15/><F15/><W34/><G42/><T59/><D59/><U126/><E1/><V115/><F115/><W118/><G123/><T108/><D108/><U99/><E126/><V44/><F44/><W12/><G4/><T67/><D67/><U85/><E99/><V75/><F75/><W57/><G57/><T91/><D90/><N who="1" m="55639" /><E85/><V132/><F132/><W125/><G125/><T19/><REACH who="0" step="1"/><D128/><REACH who="0" ten="88,259,230,413" step="2"/><U92/><E129/><V78/><F78/><W83/><G83/><T65/><D65/><U114/><E114/><V81/><F47/><W106/><G106/><T95/><D95/><U117/><E92/><V60/><F81/><W79/><G79/><T110/><D110/><U69/><E46/><V55/><F61/><W120/><G120/><T84/><D84/><U27/><E62/><V8/><F60/><W21/><G29/><T66/><D66/><U40/><E30/><V93/><F8/><AGARI ba="1,1" hai="8,9,10,19,20,25,36,38,39,82,87,91,133,134" machi="8" ten="50,3200,0" yaku="1,1,53,1" doraHai="102" doraHaiUra="18" who="0" fromWho="2" sc="88,45,259,0,230,-35,413,0" /><INIT seed="3,0,0,3,4,30" ten="133,259,195,413" oya="3" hai0="82,111,63,47,124,75,102,103,99,1,125,97,104" hai1="37,38,78,52,4,15,22,132,90,87,31,57,131" hai2="110,36,115,27,83,80,14,135,42,55,59,0,16" hai3="106,12,72,54,61,98,123,46,11,108,76,127,34"/><W120/><G108/><T81/><D1/><U3/><E78/><V64/><F0/><W92/><G106/><T18/><D63/><U68/><E68/><V8/><F115/><W7/><G34/><T100/><D47/><U5/><E3/><V74/><F64/><W24/><G127/><N who="0" m="48715" /><D18/><U17/><E132/><V85/><F74/><W126/><G126/><T69/><D69/><U79/><E131/><V29/><F135/><W101/><G72/><T94/><D111/><U51/><E79/><V65/><F65/><W129/><G76/><T113/><D113/><U107/><E107/><V6/><F6/><W50/><G129/><T43/><D43/><U116/><E116/><V88/><F36/><W122/><G24/><T28/><D28/><U70/><E70/><V77/><F42/><W39/><G39/><T40/><D40/><U53/><E37/><V133/><F133/><W45/><G61/><T58/><D58/><N who="1" m="33055" /><E31/><V21/><F77/><W49/><G120/><T48/><D48/><N who="1" m="30887" /><E38/><V117/><F110/><W62/><G62/><T114/><D114/><U23/><E23/><V56/><F117/><W105/><G105/><N who="0" m="63631" /><D75/><U20/><E22/><V32/><F32/><W118/><G118/><T93/><D103/><U35/><E35/><V2/><F2/><W66/><G66/><T25/><D25/><U9/><E9/><V10/><F10/><W44/><G44/><T91/><D104/><U134/><E134/><V89/><F55/><AGARI ba="0,0" hai="7,11,12,45,46,49,50,54,55,92,98,101,122,123" machi="55" ten="30,2900,0" yaku="7,1,9,1" doraHai="30" who="3" fromWho="2" sc="133,0,259,0,195,-29,413,29" owari="133,-37.0,259,6.0,166,-23.0,442,54.0" /></mjloggm>