<mjloggm ver="2.3"><GO type="169" lobby="0"/><UN n0="%4B%E3%80%82" n1="%E3%81%87%E3%82%8B%E3%81%87%E3%82%8B" n2="%E2%91%A3%E3%82%BB%E3%83%B3%E3%83%81" n3="%E5%B0%B1%E6%B4%BB%E7%94%9F%40%E5%B7%9D%E6%9D%91%E8%BB%8D%E5%9B%A3" dan="17,16,18,16" rate="2148.68,2115.00,2238.99,2073.89" sx="M,M,M,M"/><TAIKYOKU oya="0"/><INIT seed="0,0,0,2,0,7" ten="250,250,250,250" oya="0" hai0="42,58,96,121,80,91,0,8,21,101,32,102,36" hai1="30,5,123,81,133,110,39,12,44,20,6,116,97" hai2="70,115,38,83,76,77,28,89,35,109,112,46,92" hai3="17,49,23,33,93,62,50,69,74,73,55,106,47"/><T82/><D32/><U87/><E123/><V105/><F70/><W68/><G106/><T85/><D121/><U94/><E116/><V75/><F35/><W31/><G33/><T111/><D111/><U11/><E133/><V45/><F28/><W43/><G31/><T25/><D36/><U63/><E110/><V98/><F109/><W132/><G132/><T34/><D42/><U51/><E63/><V131/><F46/><W113/><G113/><T1/><D34/><U64/><E64/><V22/><F131/><W99/><G73/><T127/><D127/><U37/><E6/><V15/><F77/><W59/><G74/><T19/><D58/><U119/><E39/><V27/><F15/><W128/><G50/><T117/><D117/><U114/><E37/><V124/><F124/><W135/><G135/><T100/><D82/><U90/><E114/><V53/><F105/><W122/><G128/><T134/><D134/><U65/><E65/><V10/><F38/><W125/><G122/><T54/><D54/><N who="1" m="30055" /><E119/><V24/><F53/><W4/><G4/><T67/><D67/><U48/><E48/><V3/><F45/><W103/><G125/><T79/><D1/><U57/><E57/><V16/><F115/><W29/><G29/><N who="0" m="17583" /><D0/><U9/><E30/><V120/><F120/><W86/><G86/><T66/><D66/><U126/><E126/><V60/><F60/><W18/><G18/><T104/><D79/><N who="1" m="46527" /><E5/><N who="2" m="1343" /><F112/><W2/><G2/><T78/><D78/><U52/><E52/><V14/><F75/><W107/><G107/><T41/><D41/><U84/><E84/><RYUUKYOKU ba="0,0" sc="250,0,250,0,250,0,250,0" hai0="8,19,80,85,91,96,100,101,102,104" hai1="9,11,12,20,90,94,97" hai2="14,16,22,24,27,76,83,89,92,98" hai3="17,23,43,47,49,55,59,62,68,69,93,99,103" /><INIT seed="0,1,0,4,2,71" ten="250,250,250,250" oya="0" hai0="61,32,74,41,25,103,119,40,52,11,15,44,35" hai1="49,23,130,90,58,134,14,63,127,2,21,33,94" hai2="4,53,89,47,29,121,51,70,42,106,62,7,117" hai3="59,87,68,38,125,129,115,36,67,92,107,18,57"/><T37/><D119/><U5/><E33/><V10/><F121/><W124/><G107/><T1/><D1/><U27/><E2/><V56/><F117/><W108/><G115/><T109/><D74/><U79/><E79/><V45/><F106/><W3/><G3/><T0/><D0/><U75/><E75/><V64/><F29/><W105/><G105/><T123/><D123/><U91/><E127/><N who="3" m="48714" /><G108/><T8/><D109/><U9/><E130/><V28/><F28/><W98/><G87/><T22/><D103/><U46/><E134/><V83/><F10/><W135/><G135/><T95/><D95/><U16/><E23/><V126/><F126/><W112/><G112/><T17/><D40/><N who="1" m="24775" /><E94/><V96/><F47/><W122/><G129/><T104/><D104/><U86/><E86/><N who="2" m="50399" /><F96/><W111/><G111/><T12/><D61/><U54/><AGARI ba="1,0" hai="5,9,14,16,21,27,54,58,63,90,91" m="24775" machi="54" ten="30,2000,0" yaku="8,1,54,1" doraHai="71" who="1" fromWho="1" sc="250,-11,250,23,250,-6,250,-6" /><INIT seed="1,0,0,0,1,4" ten="239,273,244,244" oya="1" hai0="71,25,106,118,123,3,11,15,61,63,60,120,130" hai1="18,31,132,115,1,21,76,116,88,66,74,109,12" hai2="98,13,46,40,108,75,128,20,59,112,127,129,133" hai3="111,30,69,24,43,48,29,22,81,80,2,44,92"/><U62/><E1/><V126/><F75/><W73/><G111/><T53/><D118/><U17/><E115/><V70/><F108/><W96/><G69/><T93/><D106/><U121/><E116/><V125/><F70/><W14/><G2/><T107/><D107/><U16/><E121/><N who="0" m="46665" /><D130/><N who="2" m="50282" /><F112/><W91/><G30/><T99/><D3/><U95/><E76/><V51/><F98/><W19/><REACH who="3" step="1"/><G73/><REACH who="3" ten="239,273,244,234" step="2"/><T10/><D71/><U124/><E74/><V104/><F104/><W33/><AGARI ba="0,1" hai="14,19,22,24,29,33,43,44,48,80,81,91,92,96" machi="33" ten="20,8000,1" yaku="1,1,2,1,0,1,7,1,53,1" doraHai="4" doraHaiUra="94" who="3" fromWho="3" sc="239,-20,273,-40,244,-20,234,90" /><INIT seed="2,0,0,3,2,86" ten="219,233,224,324" oya="2" hai0="46,80,28,44,75,51,115,101,29,120,83,39,3" hai1="65,31,95,89,132,1,40,69,53,62,98,117,55" hai2="74,63,116,127,72,135,67,57,71,15,78,114,129" hai3="106,76,25,38,93,107,88,102,42,61,91,20,112"/><V99/><F114/><W73/><G112/><T35/><D101/><U108/><E117/><V12/><F116/><W66/><G38/><T30/><D115/><U8/><E108/><V125/><F135/><W126/><G42/><T128/><D3/><U130/><E132/><V121/><F121/><W7/><G7/><T90/><D120/><U68/><E130/><V64/><F129/><W9/><G9/><T103/><D103/><U131/><E131/><V14/><F99/><N who="3" m="59759" /><G126/><N who="2" m="48137" /><F78/><W47/><G47/><T84/><D128/><U41/><E69/><V87/><F87/><W34/><G34/><T111/><D111/><U119/><E119/><V124/><N who="2" m="48145" /><V23/><DORA hai="52" /><F23/><W22/><G76/><T123/><D123/><U48/><E31/><V11/><F11/><W50/><G73/><N who="2" m="28265" /><F67/><W27/><G106/><T49/><D35/><U100/><E100/><V16/><F16/><N who="3" m="12423" /><G107/><T45/><D75/><U96/><E96/><V105/><F105/><W79/><G79/><T2/><D2/><U110/><E110/><V70/><AGARI ba="0,0" hai="12,14,15,57,63,64,70,71" m="28265,48145" machi="70" ten="50,4800,0" yaku="18,1,52,1" doraHai="86,52" who="2" fromWho="2" sc="219,-16,233,-16,224,48,324,-16" /><INIT seed="2,1,0,3,1,35" ten="203,217,272,308" oya="2" hai0="9,109,40,54,95,123,50,124,57,14,128,64,91" hai1="106,26,79,75,10,16,63,20,76,44,12,46,130" hai2="113,103,70,60,49,41,3,39,115,122,82,32,67" hai3="92,42,61,117,5,55,77,125,129,134,34,86,135"/><V100/><F32/><W52/><G34/><T104/><D104/><U118/><E106/><V80/><F80/><W23/><G117/><T89/><D123/><U27/><E118/><V45/><F122/><W66/><G129/><T87/><D109/><U99/><E75/><V84/><F3/><W11/><G42/><T69/><D124/><U101/><E63/><V131/><F131/><W107/><G107/><T133/><D133/><N who="3" m="50697" /><G23/><T47/><D128/><U37/><E37/><V2/><F2/><N who="3" m="439" /><G125/><T71/><D64/><U120/><E120/><V48/><F115/><W85/><G92/><T83/><D91/><U114/><E114/><V132/><F113/><W43/><G43/><T108/><D108/><U72/><E79/><V30/><F30/><W4/><G4/><T21/><D83/><U31/><E76/><V127/><F127/><W28/><G28/><T74/><D74/><U36/><E72/><V119/><F119/><W98/><G98/><T73/><D73/><U38/><E38/><V90/><F132/><W1/><G1/><T97/><D97/><U29/><E36/><V116/><REACH who="2" step="1"/><F116/><REACH who="2" ten="203,217,262,308" step="2"/><W25/><G77/><T96/><D96/><U24/><E130/><V65/><F65/><W62/><G86/><T33/><D33/><U88/><E31/><V102/><AGARI ba="1,1" hai="39,41,45,48,49,60,67,70,82,84,90,100,102,103" machi="102" ten="30,3000,0" yaku="1,1,0,1,53,0" doraHai="35" doraHaiUra="19" who="2" fromWho="2" sc="203,-11,217,-11,262,43,308,-11" /><INIT seed="2,2,0,5,5,27" ten="192,206,305,297" oya="2" hai0="30,42,48,53,37,74,15,9,83,118,125,99,10" hai1="39,7,126,26,124,41,49,3,133,86,105,102,66" hai2="121,29,50,117,54,82,25,90,65,73,20,91,134" hai3="95,93,17,57,109,96,0,35,127,92,40,108,63"/><V55/><F117/><W21/><G35/><T87/><D74/><U123/><E39/><V6/><F121/><W94/><G0/><T104/><D125/><N who="1" m="48235" /><E66/><V58/><F134/><W72/><G72/><T79/><D118/><U88/><E7/><V2/><F65/><W116/><G40/><T23/><D37/><U97/><E3/><V47/><F2/><W107/><G116/><T12/><D42/><U106/><E106/><V85/><F73/><W70/><G70/><T120/><D120/><U84/><E123/><V13/><F6/><W98/><G107/><T51/><D99/><U135/><E135/><V77/><REACH who="2" step="1"/><F13/><REACH who="2" ten="192,206,295,297" step="2"/><W5/><G5/><T4/><D15/><U131/><E133/><V28/><F28/><W45/><G127/><T111/><D4/><U19/><E19/><V69/><F69/><W38/><G98/><T112/><D30/><U61/><E97/><V113/><F113/><W78/><G96/><T8/><D112/><U103/><E103/><V71/><F71/><W75/><G75/><T132/><D132/><U14/><E102/><V119/><F119/><W80/><G17/><T31/><D31/><U110/><E105/><V34/><F34/><W101/><G101/><T36/><D104/><U43/><E14/><V62/><AGARI ba="2,1" hai="20,25,29,47,50,54,55,58,62,77,82,85,90,91" machi="62" ten="20,12000,1" yaku="1,1,0,1,7,1,8,1,52,1,53,0" doraHai="27" doraHaiUra="114" who="2" fromWho="2" sc="192,-42,206,-42,295,136,297,-42" /><INIT seed="2,3,0,0,4,131" ten="150,164,431,255" oya="2" hai0="45,105,93,50,0,61,63,100,27,64,22,17,98" hai1="85,49,91,117,56,86,129,72,52,20,54,19,30" hai2="38,97,99,31,106,132,84,28,14,4,114,127,122" hai3="7,79,58,57,44,107,92,60,83,96,3,24,67"/><V76/><F38/><W18/><G107/><T68/><D0/><U48/><E72/><V66/><F66/><W94/><G3/><T11/><D11/><U135/><E117/><V126/><F114/><W134/><G7/><T69/><D63/><U116/><E116/><V119/><F122/><W73/><G134/><T102/><D105/><U25/><E135/><V42/><F42/><W121/><G121/><T51/><D51/><U75/><E75/><V81/><F132/><W5/><G5/><T10/><D10/><U109/><E129/><V15/><F119/><W125/><G125/><T53/><REACH who="0" step="1"/><D102/><REACH who="0" ten="140,164,431,255" step="2"/><U23/><E109/><V59/><F106/><W1/><G60/><T33/><D33/><U46/><REACH who="1" step="1"/><E91/><REACH who="1" ten="140,154,431,255" step="2"/><V123/><F123/><W55/><G79/><T128/><D128/><U21/><E21/><V41/><F76/><W124/><G124/><T36/><D36/><U115/><E115/><V26/><F127/><W29/><G1/><T65/><D65/><U90/><E90/><V103/><F126/><W43/><G67/><T62/><D62/><U101/><E101/><V35/><F103/><W77/><G77/><T111/><D111/><U118/><E118/><V12/><F35/><W32/><G32/><T133/><D133/><U37/><E37/><V8/><F8/><W108/><G108/><T80/><D80/><U82/><E82/><V2/><F81/><W74/><G83/><T95/><D95/><U39/><E39/><V130/><F130/><W104/><G92/><T6/><D6/><U13/><AGARI ba="3,2" hai="13,19,20,23,25,30,46,48,49,52,54,56,85,86" machi="13" ten="20,8000,1" yaku="1,1,0,1,7,1,8,1,54,1,53,0" doraHai="131" doraHaiUra="78" who="1" fromWho="1" sc="140,-23,154,109,431,-43,255,-23" /><INIT seed="3,0,0,4,3,46" ten="117,263,388,232" oya="3" hai0="121,44,70,99,39,133,61,75,66,1,76,52,67" hai1="56,105,4,107,6,30,96,9,128,38,24,11,41" hai2="64,10,80,47,15,108,123,43,84,5,119,59,29" hai3="14,79,126,8,21,109,50,82,110,132,94,65,26"/><W53/><G126/><T87/><D121/><U45/><E128/><V22/><F119/><W33/><G33/><T3/><D133/><U57/><E96/><V40/><F108/><N who="3" m="41579" /><G132/><T19/><D67/><U73/><E73/><V27/><F123/><W74/><G65/><T103/><D75/><U130/><E130/><V113/><F113/><W2/><G2/><T134/><D134/><U12/><E107/><V127/><F127/><W28/><G94/><T112/><D112/><U97/><E97/><V55/><F47/><N who="3" m="27871" /><G14/><T93/><D19/><U100/><E105/><V17/><F17/><W86/><G8/><T131/><D131/><U16/><E100/><V85/><F64/><W13/><G13/><T102/><D102/><U95/><E95/><V34/><F34/><W20/><G21/><T90/><D76/><U135/><E135/><V120/><F120/><W48/><G48/><T37/><D37/><U31/><E11/><V122/><F122/><W63/><G63/><T51/><REACH who="0" step="1"/><D39/><REACH who="0" ten="107,263,388,232" step="2"/><U124/><E124/><V78/><F78/><W129/><G129/><T58/><D58/><N who="1" m="22635" /><E4/><V42/><F80/><AGARI ba="0,1" hai="1,3,44,51,52,61,66,70,80,87,90,93,99,103" machi="80" ten="30,8000,1" yaku="1,1,7,1,52,1,54,1,53,1" doraHai="46" doraHaiUra="49" who="0" fromWho="2" sc="107,90,263,0,388,-80,232,0" /><INIT seed="4,0,0,0,4,80" ten="197,263,308,232" oya="0" hai0="85,108,70,135,118,105,51,22,64,49,91,46,40" hai1="12,14,75,114,69,128,133,43,45,117,106,93,83" hai2="92,24,2,61,116,62,33,7,72,47,76,38,56" hai3="4,50,20,30,94,1,127,44,86,103,88,130,134"/><T115/><D118/><U39/><E106/><V18/><F116/><W59/><G127/><T66/><D115/><U3/><E3/><V10/><F62/><W60/><G130/><T84/><D135/><U37/><E117/><V99/><F76/><W109/><G109/><T48/><D108/><U90/><E69/><V58/><F72/><W122/><G122/><T9/><D105/><U11/><E128/><V42/><F61/><W111/><G111/><T23/><D9/><U123/><E123/><V0/><F0/><W8/><G134/><T96/><D70/><U112/><E133/><V67/><F67/><N who="0" m="25642" /><D96/><U79/><E39/><V131/><F131/><W32/><G32/><T31/><D91/><U78/><E78/><V26/><F26/><W120/><G120/><T98/><D98/><N who="1" m="57655" /><E11/><V89/><F33/><W57/><G103/><T119/><D119/><U21/><E114/><V77/><F77/><W68/><G68/><T55/><D48/><U124/><E124/><V71/><F71/><W17/><G60/><T125/><D125/><U15/><E112/><V65/><F65/><W6/><G6/><T113/><D113/><U121/><E121/><V132/><F132/><W53/><REACH who="3" step="1"/><G30/><REACH who="3" ten="197,263,308,222" step="2"/><T25/><D23/><U5/><E5/><V81/><F7/><W102/><G102/><T129/><D129/><U97/><E21/><V27/><F2/><W28/><G28/><T73/><D73/><U36/><E36/><V52/><F38/><W100/><G100/><T104/><D104/><U34/><E34/><V13/><F18/><W107/><G107/><T82/><D82/><RYUUKYOKU ba="0,1" sc="197,10,263,10,308,-30,222,10" hai0="22,25,31,40,46,49,51,55,84,85" hai1="12,14,15,37,43,45,75,79,83,97" hai3="1,4,8,17,20,44,50,53,57,59,86,88,94" /><INIT seed="4,1,1,5,2,42" ten="207,273,278,232" oya="0" hai0="77,109,66,89,118,104,103,38,92,54,28,41,122" hai1="56,116,1,97,71,124,24,47,115,110,105,88,114" hai2="70,0,123,69,9,78,27,12,100,45,37,128,32" hai3="31,74,36,76,18,94,29,83,8,58,20,15,34"/><T135/><D118/><U44/><E71/><V30/><F123/><W22/><G36/><T98/><D122/><U101/><E116/><V96/><F78/><W82/><G83/><T57/><D135/><U73/><E73/><V43/><F128/><W46/><G58/><T130/><D130/><U65/><E1/><V67/><F67/><W113/><G113/><N who="1" m="43018" /><E110/><V51/><F51/><W4/><G34/><T81/><D109/><U53/><E24/><V19/><REACH who="2" step="1"/><F0/><REACH who="2" ten="207,273,268,232" step="2"/><W50/><G94/><AGARI ba="1,2" hai="9,12,19,27,30,32,37,43,45,69,70,94,96,100" machi="94" ten="30,7700,0" yaku="1,1,2,1,7,1,52,1,53,0" doraHai="42" doraHaiUra="121" who="2" fromWho="3" sc="207,0,273,0,268,100,232,-80" /><INIT seed="5,0,0,0,5,67" ten="207,273,368,152" oya="1" hai0="105,106,83,11,107,86,14,108,55,80,53,20,103" hai1="34,1,37,113,91,104,43,0,99,29,5,127,87" hai2="19,9,56,4,66,93,54,6,65,129,75,59,110" hai3="114,71,98,27,90,31,94,81,58,133,100,118,72"/><U21/><E21/><V92/><F75/><W117/><G114/><T33/><D33/><U50/><E50/><V73/><F73/><W46/><G133/><T77/><D108/><U134/><E91/><V23/><F129/><W122/><G122/><T96/><D20/><U121/><E87/><V52/><F110/><W10/><G10/><T24/><D24/><N who="1" m="18727" /><E5/><V119/><F119/><W68/><G58/><T8/><D8/><U88/><E88/><V44/><F44/><W89/><G46/><T40/><D40/><U49/><E49/><V74/><F74/><W15/><G15/><T41/><D41/><U123/><E113/><V102/><F23/><N who="3" m="15871" /><G72/><T18/><REACH who="0" step="1"/><D83/><REACH who="0" ten="197,273,368,152" step="2"/><U97/><E123/><V79/><F9/><W131/><G131/><T16/><D16/><U85/><E121/><V95/><F19/><W64/><G81/><T78/><D78/><U32/><E43/><V48/><F79/><W39/><G39/><T38/><D38/><U35/><E37/><V69/><F4/><W62/><G89/><T60/><D60/><U128/><E35/><V125/><F6/><W28/><G28/><T57/><D57/><U51/><E32/><V22/><F59/><N who="3" m="36959" /><G90/><T25/><D25/><U7/><E7/><V126/><F56/><W2/><G2/><T84/><D84/><U76/><E0/><V116/><F54/><AGARI ba="0,1" hai="11,14,18,53,54,55,77,80,86,96,103,105,106,107" machi="54" ten="40,1300,0" yaku="1,1,53,0" doraHai="67" doraHaiUra="132" who="0" fromWho="2" sc="197,23,273,0,368,-13,152,0" /><INIT seed="6,0,0,1,5,115" ten="220,273,355,152" oya="2" hai0="20,120,129,96,91,24,58,2,124,9,77,121,28" hai1="31,25,116,27,52,106,10,85,32,40,17,112,8" hai2="132,64,70,18,59,6,92,89,0,26,78,100,49" hai3="111,35,4,109,65,57,15,47,107,131,93,122,73"/><V60/><F132/><W108/><G107/><T45/><D77/><U39/><E106/><V80/><F100/><W54/><G73/><T135/><D135/><U97/><E97/><V21/><F0/><W102/><G35/><T71/><D71/><U84/><E40/><V105/><F105/><W30/><G122/><T12/><D124/><U68/><E39/><V103/><F103/><W88/><G30/><T87/><D129/><U44/><E68/><V66/><F6/><W69/><G131/><T41/><D58/><U38/><E38/><V48/><F66/><W51/><G102/><T33/><D96/><U128/><E112/><V16/><F18/><W29/><G29/><T118/><D118/><U5/><E31/><V62/><F62/><W113/><G113/><T43/><D43/><U90/><E17/><V72/><F70/><W3/><G3/><T76/><D76/><U95/><E32/><V11/><F11/><W36/><G4/><N who="0" m="1175" /><D91/><U74/><E90/><V94/><F94/><W42/><G15/><T13/><D13/><U134/><E95/><V53/><F64/><W14/><G14/><T83/><D83/><U50/><E134/><V117/><F117/><W86/><REACH who="3" step="1"/><G111/><REACH who="3" ten="220,273,355,142" step="2"/><T23/><D12/><U56/><E128/><V7/><F7/><W1/><G1/><T46/><D120/><U82/><E5/><V125/><F72/><W63/><AGARI ba="0,1" hai="36,42,47,51,54,57,63,65,69,86,88,93,108,109" machi="63" ten="30,12000,2" yaku="1,1,0,1,24,2,54,1,53,1" doraHai="115" doraHaiUra="37" who="3" fromWho="3" sc="220,-30,273,-30,355,-60,142,130" /><INIT seed="7,0,0,1,1,112" ten="190,243,295,272" oya="3" hai0="4,60,90,118,96,102,78,29,28,128,9,64,119" hai1="55,110,80,5,69,17,48,7,74,12,49,79,130" hai2="52,37,71,53,91,22,101,88,44,98,72,89,120" hai3="8,41,54,38,85,133,33,67,25,126,106,86,121"/><W115/><G121/><T135/><D78/><U30/><E110/><V23/><F72/><W36/><G106/><T27/><D135/><U2/><E69/><V134/><F71/><W127/><G67/><T59/><D90/><U14/><E2/><V35/><F35/><W107/><G107/><T62/><D62/><U125/><E30/><V3/><F3/><W39/><G41/><T13/><D128/><U63/><E130/><V81/><F134/><W82/><G133/><T68/><D59/><U75/><E75/><V105/><F120/><W40/><G40/><T6/><D6/><U26/><E63/><V111/><F111/><W83/><G115/><T61/><D61/><U93/><E26/><V109/><F109/><W31/><G8/><T50/><D50/><U73/><E73/><V94/><F105/><W92/><G92/><T95/><REACH who="0" step="1"/><D29/><REACH who="0" ten="180,243,295,272" step="2"/><U43/><E5/><V123/><F123/><W56/><G56/><T20/><AGARI ba="0,1" hai="4,9,13,20,27,28,60,64,68,95,96,102,118,119" machi="20" ten="20,12000,2" yaku="1,1,2,1,0,1,7,1,52,2,53,0" doraHai="112" doraHaiUra="32" who="0" fromWho="0" sc="180,130,243,-30,295,-30,272,-60" owari="310,41.0,213,-19.0,265,7.0,212,-29.0" /></mjloggm>