<mjloggm ver="2.3"><GO type="41" lobby="0"/><UN n0="%E3%82%B9%E3%83%AB%E3%83%A1" n1="%72%69%6F%75%63%68%61%6E" n2="%E3%82%84%E3%81%8F%E3%82%82" n3="%E5%B0%B1%E6%B4%BB%E7%94%9F%40%E5%B7%9D%E6%9D%91%E8%BB%8D%E5%9B%A3" dan="14,15,15,14" rate="1945.59,1969.73,1965.57,1921.59" sx="M,M,M,M"/><TAIKYOKU oya="0"/><INIT seed="0,0,0,1,0,119" ten="250,250,250,250" oya="0" hai0="33,3,113,66,28,93,23,73,71,77,108,59,99" hai1="58,85,72,110,38,128,55,122,76,50,101,68,132" hai2="133,11,56,14,17,134,49,10,102,20,124,88,42" hai3="92,43,69,52,27,46,30,87,114,135,54,29,19"/><T89/><D113/><U21/><E122/><V34/><F34/><W98/><G69/><T129/><D129/><U82/><E128/><V13/><F102/><W86/><G114/><T125/><D108/><U32/><E32/><V100/><F100/><W2/><G2/><T78/><D125/><U47/><E110/><V120/><F124/><W37/><G135/><T5/><D33/><U123/><E123/><V96/><F120/><W80/><G19/><T75/><D71/><U112/><E112/><V4/><F134/><W15/><G15/><T18/><D28/><U9/><E132/><V94/><F133/><W8/><G8/><T104/><D104/><U81/><E68/><V24/><F42/><W12/><G12/><T67/><D75/><U131/><E131/><V44/><F44/><W130/><G130/><T74/><D74/><U109/><E109/><V95/><F95/><W57/><G86/><T117/><D117/><U45/><E38/><V51/><REACH who="2" step="1"/><F56/><REACH who="2" ten="250,250,240,250" step="2"/><W48/><G92/><T107/><D59/><N who="1" m="33271" /><E101/><V115/><F115/><W41/><G57/><T106/><D93/><U121/><E58/><V97/><F97/><W127/><G98/><T105/><D99/><U90/><E121/><V26/><F26/><W60/><G27/><T7/><D107/><U103/><E103/><V83/><F83/><W63/><G127/><T62/><D106/><U1/><E45/><V0/><F0/><W126/><G126/><T84/><D3/><U116/><E47/><V79/><F79/><N who="3" m="46495" /><G43/><T64/><D77/><U70/><E116/><V118/><F118/><W65/><G41/><RYUUKYOKU ba="0,1" sc="250,-10,250,-10,240,30,250,-10" hai2="4,10,11,13,14,17,20,24,49,51,88,94,96" /><INIT seed="1,1,1,4,2,58" ten="240,240,270,240" oya="1" hai0="55,37,119,134,24,73,5,60,112,105,96,135,42" hai1="13,32,95,38,20,125,106,121,86,41,94,81,27" hai2="39,107,120,56,28,89,111,35,10,29,59,54,51" hai3="122,70,87,127,43,116,78,30,90,7,45,131,79"/><U67/><E121/><V18/><F39/><W11/><G122/><T124/><D119/><U101/><E125/><V36/><F36/><W62/><G116/><T2/><D112/><U82/><E32/><V34/><F107/><W85/><G30/><T61/><D124/><U104/><E13/><V110/><F120/><W83/><G131/><T129/><D73/><U50/><E38/><V100/><F100/><W80/><G127/><T93/><D105/><U88/><E67/><V3/><F3/><W98/><G43/><T68/><D129/><U8/><E8/><V75/><F75/><W71/><G45/><N who="0" m="23759" /><D68/><U46/><E106/><V44/><F10/><W63/><G71/><T64/><D64/><U115/><E104/><V57/><F18/><W77/><G70/><T84/><D84/><N who="1" m="50191" /><E101/><V6/><F6/><W53/><G53/><T15/><D2/><U108/><E108/><V12/><F12/><N who="3" m="5247" /><G98/><T126/><D126/><U117/><E117/><V0/><F0/><W52/><G52/><T99/><D24/><U91/><E115/><V76/><F76/><AGARI ba="1,1" hai="62,63,76,77,78,79,80,83,85,87,90" m="5247" machi="76" ten="30,3900,0" yaku="8,1,52,2" doraHai="58" who="3" fromWho="2" sc="240,0,240,0,270,-42,240,52" /><INIT seed="2,0,0,4,2,78" ten="240,240,228,292" oya="2" hai0="11,60,34,106,103,62,101,121,80,74,130,54,114" hai1="45,28,17,120,25,92,132,32,134,93,107,8,119" hai2="125,85,133,129,20,21,44,7,50,95,117,105,13" hai3="112,128,115,100,99,18,0,69,77,131,14,91,113"/><V64/><BYE who="0" /><F117/><W22/><G0/><T29/><D29/><U72/><E119/><UN n0="%E3%82%B9%E3%83%AB%E3%83%A1" /><V124/><F105/><W97/><G69/><T15/><D34/><U110/><E107/><V84/><F64/><W61/><G77/><T82/><D130/><N who="3" m="49705" /><G100/><T118/><D121/><U73/><E120/><V40/><F129/><W30/><G30/><T87/><D118/><U27/><E110/><V48/><F133/><N who="1" m="51305" /><E45/><V12/><F95/><N who="1" m="36425" /><E8/><V41/><F44/><W66/><G91/><T59/><D114/><U135/><N who="1" m="51313" /><U83/><DORA hai="56" /><E83/><N who="0" m="31785" /><D106/><U9/><E9/><V57/><REACH who="2" step="1"/><F57/><REACH who="2" ten="240,240,218,292" step="2"/><N who="3" m="37167" /><G97/><T24/><D74/><U81/><E81/><V26/><F26/><W108/><G99/><T49/><D24/><U67/><E67/><V111/><F111/><AGARI ba="0,1" hai="14,18,22,108,111,112,113,115" m="37167,49705" machi="111" ten="40,5200,0" yaku="11,1,19,1,52,1" doraHai="78,56" who="3" fromWho="2" sc="240,0,240,0,218,-52,292,62" /><INIT seed="3,0,0,0,3,15" ten="240,240,166,354" oya="3" hai0="110,80,4,72,45,129,13,111,1,63,21,109,70" hai1="132,34,9,22,46,54,83,124,10,91,100,64,118" hai2="31,85,25,101,60,47,24,75,33,99,8,131,57" hai3="17,48,128,39,42,81,16,0,82,59,108,84,120"/><W93/><G0/><T76/><D129/><U53/><E34/><V116/><F75/><W2/><G2/><T90/><D45/><U134/><E124/><V88/><F116/><W14/><G120/><T6/><D90/><U71/><E118/><V32/><F131/><W49/><G39/><T77/><D77/><U12/><E100/><V66/><F47/><N who="3" m="25719" /><G108/><T92/><D92/><U52/><E46/><V121/><F121/><W38/><G38/><T104/><D104/><U5/><BYE who="0" /><E22/><V103/><F8/><W28/><G28/><T65/><D65/><U27/><E27/><V69/><F69/><W7/><G128/><T114/><D114/><U43/><E43/><V105/><F103/><W87/><G93/><T44/><D44/><U73/><E10/><UN n0="%E3%82%B9%E3%83%AB%E3%83%A1" /><V78/><F78/><N who="3" m="46135" /><G14/><T119/><D119/><U125/><E125/><V127/><F127/><W30/><G30/><T62/><D70/><U135/><E73/><V79/><F79/><N who="3" m="46559" /><G7/><N who="0" m="2603" /><D1/><U23/><E83/><V123/><F123/><W56/><G56/><T26/><D13/><U126/><E91/><V133/><F133/><W3/><G3/><T95/><D95/><U96/><E126/><V115/><F115/><W68/><G68/><T41/><D41/><U89/><E89/><V113/><F113/><W102/><G102/><T51/><D51/><U18/><E96/><V55/><F88/><W50/><G59/><T58/><D58/><U74/><E74/><V117/><F117/><W98/><G98/><T94/><D94/><U11/><E5/><V40/><F85/><W61/><G61/><AGARI ba="0,0" hai="9,11,12,18,23,52,53,54,61,64,71,132,134,135" machi="61" ten="50,6400,0" yaku="20,1,52,1,54,1" doraHai="15" who="1" fromWho="3" sc="240,0,240,64,166,0,354,-64" /><INIT seed="4,0,0,4,5,17" ten="240,304,166,290" oya="0" hai0="46,69,114,135,109,118,71,49,79,25,6,59,20" hai1="16,107,82,73,64,19,98,68,29,129,88,81,26" hai2="24,86,57,43,119,130,13,104,95,22,58,100,5" hai3="96,45,37,122,28,116,111,14,80,56,67,106,74"/><T41/><D118/><U12/><E129/><V115/><F130/><W9/><G111/><T133/><D114/><U112/><E112/><V93/><F115/><W99/><G116/><T61/><D109/><U85/><E68/><V131/><F131/><W97/><G122/><T101/><D101/><U48/><E64/><V117/><F43/><W8/><G106/><T7/><D79/><U18/><E48/><V125/><F125/><W63/><G28/><T62/><D62/><U121/><E121/><V55/><F104/><W31/><G31/><T34/><D34/><U1/><E1/><V65/><F65/><W4/><G9/><T38/><D38/><U103/><E73/><V113/><F113/><W66/><G66/><N who="0" m="39231" /><D69/><U30/><E30/><V128/><F128/><W84/><G74/><T35/><D35/><U36/><E36/><V21/><F24/><W75/><G75/><T92/><D92/><U44/><E44/><V105/><F105/><W102/><G102/><T132/><D71/><U70/><E70/><V124/><F124/><W2/><G2/><T33/><D33/><U126/><E126/><V78/><F58/><W52/><G37/><T47/><D47/><U0/><E0/><V83/><F117/><W60/><G45/><T89/><D89/><U77/><E77/><V51/><F119/><W108/><G108/><T123/><D123/><U11/><E82/><V42/><F42/><W90/><G67/><T127/><D127/><U87/><E87/><V39/><F39/><W76/><G63/><T53/><D41/><U54/><E54/><V15/><F55/><RYUUKYOKU ba="0,0" sc="240,10,304,10,166,-30,290,10" hai0="6,7,20,25,46,49,53,132,133,135" hai1="11,12,16,18,19,26,29,81,85,88,98,103,107" hai3="4,8,14,52,56,60,76,80,84,90,96,97,99" /><INIT seed="4,1,0,1,1,93" ten="250,314,136,300" oya="0" hai0="99,34,18,0,85,30,12,113,87,45,49,77,121" hai1="92,91,114,32,5,122,4,58,57,115,62,53,61" hai2="38,56,79,75,15,59,133,94,90,129,51,65,123" hai3="2,50,47,64,21,108,84,31,104,127,81,135,105"/><T52/><D121/><U112/><E122/><V96/><F38/><W48/><G2/><T37/><D113/><U69/><E32/><V80/><F129/><W7/><G108/><T86/><D0/><U40/><E40/><V72/><F72/><W43/><G127/><T36/><D77/><U130/><E69/><V116/><F123/><W1/><G135/><T29/><D99/><N who="1" m="57759" /><E130/><V132/><F116/><W63/><G1/><T125/><D125/><U17/><E17/><V11/><F65/><AGARI ba="1,0" hai="4,5,53,57,58,61,62,65,112,114,115" m="57759" machi="65" ten="30,3900,0" yaku="15,1,11,1,52,1" doraHai="93" who="1" fromWho="2" sc="250,0,314,42,136,-42,300,0" /><INIT seed="5,0,0,5,1,115" ten="250,356,94,300" oya="1" hai0="86,13,94,19,59,26,90,69,133,112,54,75,89" hai1="43,73,101,20,97,100,11,120,57,103,50,37,105" hai2="129,60,84,80,81,64,96,72,99,132,77,87,78" hai3="21,41,107,52,25,53,14,2,0,30,7,134,10"/><U6/><E120/><V110/><F110/><W125/><G107/><T121/><D121/><U15/><E73/><V4/><F4/><W45/><G125/><T29/><D112/><U5/><E37/><V109/><F109/><W92/><G134/><T56/><D133/><U44/><E5/><V58/><F132/><W85/><G2/><T122/><D122/><U127/><E127/><V62/><F129/><W18/><G85/><T1/><D1/><U46/><E57/><V67/><REACH who="2" step="1"/><F72/><REACH who="2" ten="250,356,84,300" step="2"/><W27/><G7/><T111/><D111/><U91/><E46/><V119/><F119/><W66/><G0/><T47/><D75/><U32/><E32/><V82/><F82/><W71/><G45/><T76/><D47/><U117/><E117/><V116/><F116/><W68/><G41/><T70/><D70/><AGARI ba="0,1" hai="58,60,62,64,67,70,77,78,80,81,84,87,96,99" machi="70" ten="30,8000,1" yaku="1,1,7,1,9,1,53,2" doraHai="115" doraHaiUra="74" who="2" fromWho="0" sc="250,-80,356,0,84,90,300,0" /><INIT seed="6,0,0,0,0,77" ten="170,356,174,300" oya="2" hai0="89,65,44,93,30,135,63,25,14,66,52,1,9" hai1="92,35,60,115,67,17,29,26,96,68,2,108,8" hai2="42,48,129,55,0,11,21,23,126,99,124,64,22" hai3="110,131,51,40,38,57,73,59,134,18,82,79,113"/><V37/><F64/><W109/><G38/><T39/><D135/><U95/><E108/><V56/><F129/><W10/><G134/><T71/><D1/><U49/><E115/><V127/><F37/><W33/><G33/><T97/><D39/><U87/><E87/><V61/><F99/><W69/><G69/><T4/><D71/><U114/><E114/><V12/><F0/><W75/><G131/><T123/><D123/><U116/><E116/><V28/><F42/><W86/><G113/><T41/><D41/><U83/><E83/><V45/><F45/><W119/><G119/><T107/><D107/><U111/><E111/><V6/><REACH who="2" step="1"/><F28/><REACH who="2" ten="170,356,164,300" step="2"/><W85/><G110/><T122/><D122/><U133/><E133/><V121/><F121/><W104/><G109/><T72/><D72/><U31/><E29/><V117/><F117/><W58/><G75/><T27/><D30/><U80/><E96/><V91/><F91/><W46/><G104/><T90/><D90/><U103/><E31/><V101/><F101/><W32/><G32/><T53/><D44/><U105/><E103/><V54/><F54/><N who="0" m="21098" /><D63/><AGARI ba="0,1" hai="6,11,12,21,22,23,48,55,56,61,63,124,126,127" machi="63" ten="50,4800,0" yaku="1,1,18,1,53,0" doraHai="77" doraHaiUra="118" who="2" fromWho="0" sc="170,-48,356,0,164,58,300,0" /><INIT seed="6,1,0,1,4,19" ten="122,356,222,300" oya="2" hai0="118,89,12,3,17,14,81,49,23,125,62,26,57" hai1="124,99,50,55,75,36,110,105,120,25,100,69,116" hai2="4,88,104,108,132,87,30,35,22,79,40,18,83" hai3="20,64,5,47,11,60,101,67,130,115,37,38,7"/><V43/><F104/><W78/><G130/><T122/><D122/><U117/><E110/><V103/><F103/><W129/><G129/><T61/><D118/><U45/><E120/><V54/><F108/><W98/><G115/><T72/><D125/><U33/><E124/><V106/><F106/><W91/><G78/><T93/><D3/><U96/><E75/><V21/><F35/><W80/><G64/><T34/><D49/><U127/><E127/><V109/><F4/><W31/><G91/><T39/><D39/><U128/><E128/><V28/><F28/><W32/><G80/><T48/><D48/><U94/><E69/><V24/><F132/><W10/><G47/><T126/><D126/><U2/><E2/><V85/><F54/><W56/><G32/><T1/><D1/><U131/><E131/><V97/><F97/><W114/><G114/><T9/><D34/><U53/><E36/><V70/><F70/><W74/><G74/><T107/><D107/><U73/><E73/><V76/><F109/><W77/><G77/><N who="2" m="29769" /><F85/><W84/><G84/><T133/><D72/><U113/><E113/><V59/><F59/><W119/><G119/><T102/><D102/><U65/><E33/><V0/><F0/><W41/><G38/><T27/><D133/><U92/><E105/><V46/><F46/><N who="3" m="23855" /><G7/><T44/><D44/><U68/><E68/><V111/><F111/><W51/><G5/><N who="0" m="3119" /><D81/><U16/><E117/><V86/><F86/><W6/><G6/><T123/><D123/><U134/><E116/><V63/><F63/><N who="0" m="24074" /><D57/><U13/><E134/><V121/><F121/><RYUUKYOKU type="nm" ba="1,0" sc="122,-20,356,80,222,-40,300,-20" hai0="14,17,23,26,27,89,93" hai2="18,21,22,24,30,40,43,83,87,88" /><INIT seed="6,2,0,0,4,88" ten="102,436,182,280" oya="2" hai0="83,30,119,86,75,108,41,4,84,54,43,129,10" hai1="69,9,8,76,64,65,99,130,33,135,32,31,45" hai2="118,18,70,36,113,87,50,91,82,49,60,7,56" hai3="114,78,97,109,15,1,55,22,23,89,95,110,14"/><V63/><F118/><W102/><G1/><T90/><D108/><U107/><E76/><V131/><F36/><W51/><G114/><T71/><D129/><U19/><E130/><V58/><F70/><W2/><G2/><T29/><D119/><U124/><E32/><V79/><F113/><W35/><G35/><T96/><D71/><U123/><E65/><V11/><F131/><W48/><G78/><T0/><D54/><U39/><E19/><V62/><F18/><W122/><G122/><T112/><D112/><U85/><E85/><V106/><F106/><W6/><G110/><T111/><D111/><U104/><E104/><V27/><F27/><W92/><G109/><T37/><D75/><U26/><E123/><V117/><F117/><W74/><G74/><T42/><D96/><U105/><E105/><V94/><F11/><N who="3" m="4471" /><G15/><T98/><D37/><U12/><E12/><V25/><F25/><W28/><G28/><T81/><REACH who="0" step="1"/><D98/><REACH who="0" ten="92,436,182,280" step="2"/><U13/><E39/><V121/><F121/><W68/><G68/><T115/><D115/><U133/><E69/><V66/><F7/><W134/><G51/><T93/><D93/><U120/><E107/><V40/><F40/><W3/><G55/><T52/><D52/><U47/><E120/><V67/><REACH who="2" step="1"/><F62/><REACH who="2" ten="92,436,172,280" step="2"/><W77/><G48/><T44/><D44/><U72/><E47/><V17/><F17/><W38/><G38/><T20/><D20/><U5/><E45/><V46/><F46/><W132/><G23/><T21/><D21/><U34/><E34/><V126/><F126/><W80/><G22/><T59/><D59/><RYUUKYOKU ba="2,2" sc="92,15,436,-15,172,15,280,-15" hai0="0,4,10,29,30,41,42,43,81,83,84,86,90" hai2="49,50,56,58,60,63,66,67,79,82,87,91,94" /><INIT seed="6,3,2,1,0,64" ten="107,421,187,265" oya="2" hai0="96,23,33,129,13,68,29,11,89,111,109,123,47" hai1="132,93,114,42,94,27,95,79,38,112,103,117,16" hai2="48,87,118,80,35,134,57,120,53,21,0,25,92" hai3="26,119,44,101,3,61,127,18,106,105,102,116,31"/><V125/><F120/><W99/><G3/><T37/><D123/><U130/><E130/><V126/><F35/><W28/><G127/><N who="2" m="48649" /><F0/><W82/><G82/><T2/><D129/><U67/><E132/><V83/><F134/><W8/><G61/><T73/><D73/><U56/><E117/><V84/><F118/><W128/><G44/><T63/><D2/><U51/><E38/><V36/><F36/><W10/><G128/><T45/><D33/><U9/><E79/><V6/><F6/><W41/><G41/><T20/><D20/><N who="1" m="13703" /><E9/><V86/><F92/><W55/><G55/><T85/><D96/><N who="1" m="59791" /><E114/><V107/><F107/><W122/><G99/><T71/><D111/><U22/><E22/><V66/><F66/><W14/><G122/><T115/><D115/><U100/><E100/><V52/><F53/><W135/><G135/><T60/><D109/><U133/><E133/><V76/><F76/><W15/><G26/><T1/><D1/><U108/><E108/><V7/><F7/><W74/><G74/><T75/><D75/><U50/><E112/><V5/><F5/><W70/><G18/><AGARI ba="3,2" hai="18,21,25,48,52,57,80,83,84,86,87" m="48649" machi="18" ten="30,2900,0" yaku="18,1,54,1" doraHai="64" who="2" fromWho="3" sc="107,0,421,0,187,58,265,-38" /><INIT seed="6,4,0,3,3,116" ten="107,421,245,227" oya="2" hai0="19,119,37,9,83,127,38,18,106,133,28,26,50" hai1="20,79,81,51,75,100,73,66,24,114,102,35,78" hai2="22,131,96,47,101,58,71,134,126,15,115,56,48" hai3="65,13,85,25,44,129,121,33,45,111,54,7,132"/><V55/><F115/><W57/><G111/><T86/><D119/><U23/><E114/><V4/><F71/><W105/><G105/><T60/><D133/><U62/><E35/><V43/><F134/><W93/><G132/><T125/><D106/><U11/><E20/><V113/><F113/><W3/><G129/><T29/><D60/><U27/><E24/><V92/><F131/><W120/><G3/><T39/><D50/><U36/><E36/><V77/><F126/><W110/><G110/><T17/><D9/><U16/><E51/><V84/><F22/><W30/><G65/><T107/><D107/><U64/><E66/><V8/><REACH who="2" step="1"/><F55/><REACH who="2" ten="107,421,235,227" step="2"/><W32/><G32/><T0/><D127/><U14/><E75/><V40/><F40/><W49/><G33/><T95/><D125/><U21/><E21/><V72/><F72/><W82/><G54/><T76/><D0/><U118/><E118/><V46/><F46/><W112/><G45/><T42/><D42/><U70/><REACH who="1" step="1"/><E79/><REACH who="1" ten="107,411,235,227" step="2"/><V91/><F91/><W108/><G112/><T88/><REACH who="0" step="1"/><D26/><REACH who="0" ten="97,411,235,227" step="2"/><U135/><E135/><V122/><F122/><W128/><G25/><T1/><D1/><U67/><E67/><V10/><F10/><N who="3" m="4319" /><G120/><T74/><AGARI ba="4,3" hai="17,18,19,28,29,37,38,39,74,76,83,86,88,95" machi="74" ten="40,5200,0" yaku="1,1,0,1,54,1,53,0" doraHai="116" doraHaiUra="61" who="0" fromWho="0" sc="97,94,411,-17,235,-30,227,-17" /><INIT seed="7,0,0,0,2,4" ten="191,394,205,210" oya="3" hai0="135,81,0,34,50,38,133,57,113,5,134,100,69" hai1="67,98,16,22,94,75,27,58,45,96,110,76,107" hai2="112,42,6,109,106,103,123,36,65,119,85,11,21" hai3="99,86,92,10,23,101,122,28,126,78,120,52,2"/><W116/><G116/><T61/><D38/><U60/><E110/><V31/><F109/><W90/><G126/><T63/><D34/><U12/><E107/><V14/><F119/><W44/><G78/><T80/><D100/><U51/><E75/><V128/><F112/><W93/><G28/><T37/><D37/><U104/><E76/><V3/><F128/><W24/><G24/><T82/><D113/><U84/><E104/><V74/><F74/><W72/><G72/><T41/><D69/><U47/><E27/><V17/><F65/><W40/><G23/><T8/><D41/><N who="1" m="25007" /><E47/><V118/><F118/><W79/><G79/><T87/><D87/><U9/><E22/><V25/><F123/><W30/><G30/><T56/><D50/><U70/><E70/><V125/><F125/><W43/><G43/><T64/><D81/><U131/><E131/><V62/><F62/><W29/><G29/><T18/><D18/><U54/><E54/><AGARI ba="0,0" hai="0,5,8,54,56,57,61,63,64,80,82,133,134,135" machi="54" ten="40,2600,0" yaku="20,1,52,1" doraHai="4" who="0" fromWho="1" sc="191,26,394,-26,205,0,210,0" owari="217,2.0,368,46.0,205,-29.0,210,-19.0" /></mjloggm>