<mjloggm ver="2.3"><GO type="97" lobby="0"/><UN n0="%68%79%70%73%69%6E" n1="%E8%9C%9C%E6%9F%91%E3%81%AE%E5%AE%B6" n2="%E5%B0%8F%E9%98%AA%E3%81%A1%E3%81%B2%E3%82%8D" n3="%E5%B0%B1%E6%B4%BB%E7%94%9F%40%E5%B7%9D%E6%9D%91%E8%BB%8D%E5%9B%A3" dan="15,13,14,15" rate="1982.67,1926.75,1909.52,1963.13" sx="M,M,F,M"/><TAIKYOKU oya="0"/><INIT seed="0,0,0,2,4,33" ten="250,250,250,250" oya="0" hai0="42,4,67,44,91,1,62,53,77,88,2,51,9" hai1="64,22,107,129,39,104,40,47,19,32,89,21,130" hai2="18,12,74,133,125,108,72,80,103,59,128,79,46" hai3="34,82,26,111,69,81,76,41,29,92,13,109,131"/><T3/><D77/><U14/><E32/><V55/><F72/><W123/><G123/><T54/><D54/><U135/><E135/><V95/><F108/><N who="3" m="41547" /><G69/><T94/><D91/><U100/><E64/><V65/><F133/><W8/><G131/><N who="1" m="50186" /><E89/><V6/><F6/><N who="3" m="3223" /><G41/><T120/><D42/><U50/><E39/><V134/><F134/><W66/><G66/><T83/><D83/><N who="3" m="31753" /><G92/><T37/><D37/><U93/><E93/><V43/><F65/><W10/><G10/><T85/><D120/><U112/><E112/><V24/><F24/><W78/><AGARI ba="0,0" hai="26,29,34,76,78" m="31753,3223,41547" machi="78" ten="30,1100,0" yaku="14,1" doraHai="33" who="3" fromWho="3" sc="250,-5,250,-3,250,-3,250,11" /><INIT seed="1,0,0,3,2,76" ten="245,247,247,261" oya="1" hai0="2,24,101,17,69,52,8,60,130,116,46,134,20" hai1="15,112,102,70,48,68,87,11,29,95,61,64,9" hai2="100,117,22,5,0,41,133,67,79,121,36,127,118" hai3="14,32,92,78,33,21,99,38,1,39,124,77,114"/><U35/><E112/><V74/><F121/><W50/><G114/><T66/><D116/><U75/><E75/><V54/><F67/><W97/><G1/><T113/><D113/><U34/><E68/><V26/><F133/><W19/><G124/><T103/><D134/><U106/><E106/><V123/><F123/><W28/><G97/><T91/><D130/><U83/><E29/><V111/><F111/><W125/><G125/><T80/><D2/><U18/><E48/><V90/><F100/><W110/><G110/><T132/><D132/><U126/><E126/><V37/><F127/><W31/><G50/><T30/><D46/><U45/><E45/><N who="2" m="23719" /><F54/><W57/><G57/><N who="0" m="34855" /><D69/><U62/><E62/><V129/><F90/><W105/><G105/><T71/><D66/><U44/><E44/><V115/><F37/><W88/><G38/><T55/><D55/><U13/><E95/><V27/><F129/><W59/><G39/><T42/><D42/><U4/><E102/><V63/><F63/><W108/><G108/><T81/><D71/><U96/><E96/><V104/><F104/><W82/><G59/><T16/><D103/><U122/><E122/><V25/><F22/><W93/><G33/><T72/><D101/><U73/><E73/><V109/><F109/><W128/><G32/><T98/><D72/><U23/><E23/><V47/><F47/><W107/><G107/><T135/><D135/><U120/><E120/><V119/><F115/><W51/><G51/><T86/><D8/><U58/><E70/><V49/><F49/><W6/><G128/><T40/><D20/><RYUUKYOKU ba="0,0" sc="245,-10,247,30,247,-10,261,-10" hai1="4,9,11,13,15,18,34,35,58,61,64,83,87" /><INIT seed="1,1,0,0,2,88" ten="235,277,237,251" oya="1" hai0="83,52,33,121,59,86,112,69,107,53,25,110,125" hai1="99,90,82,79,133,54,93,24,29,50,94,124,47" hai2="120,28,5,98,6,134,44,49,58,102,78,105,51" hai3="135,77,73,96,126,103,22,35,40,100,108,48,37"/><U43/><E124/><V132/><F120/><W12/><G35/><T119/><D69/><U101/><E133/><N who="2" m="51307" /><F28/><W76/><G37/><T13/><D107/><U56/><E82/><V11/><F78/><N who="3" m="30315" /><G73/><T27/><D112/><U117/><E79/><V38/><F38/><W128/><G108/><T87/><D83/><U68/><E68/><V113/><F113/><W23/><G126/><T70/><D70/><U55/><E117/><V15/><F58/><W9/><G135/><T3/><D3/><U30/><E24/><V123/><F123/><W85/><G85/><T66/><D33/><U7/><E7/><N who="2" m="3583" /><F51/><W130/><G48/><T10/><D121/><U63/><E43/><AGARI ba="1,0" hai="5,6,43,44,49,98,102,105" m="3583,51307" machi="43" ten="30,1000,0" yaku="20,1" doraHai="88" who="2" fromWho="1" sc="235,0,277,-13,237,13,251,0" /><INIT seed="2,0,0,3,2,118" ten="235,264,250,251" oya="2" hai0="36,88,129,56,57,69,23,47,24,0,96,87,17" hai1="128,92,124,45,58,15,10,52,31,35,104,95,130" hai2="111,127,50,133,134,106,77,51,66,135,112,71,30" hai3="42,38,125,115,78,21,55,46,2,81,107,60,63"/><V41/><F106/><W39/><G2/><T72/><D69/><U62/><E104/><V14/><F77/><W26/><G107/><T98/><D72/><U11/><E124/><V33/><F33/><W53/><G125/><T64/><D0/><U132/><E132/><V94/><F30/><W113/><G21/><T108/><D108/><U9/><E15/><V70/><F127/><W121/><G26/><T7/><D129/><N who="1" m="49771" /><E45/><N who="2" m="25903" /><F112/><N who="3" m="43083" /><G121/><T67/><D7/><U105/><E105/><V103/><F111/><W12/><G12/><T65/><D36/><N who="3" m="13865" /><G81/><N who="0" m="49263" /><D47/><U110/><E110/><V5/><F66/><N who="0" m="16898" /><T29/><DORA hai="40" /><D29/><U91/><E91/><V86/><F51/><N who="3" m="27095" /><G78/><T123/><D123/><U116/><E116/><V6/><F86/><W3/><G3/><T19/><D19/><U131/><E131/><V109/><F109/><W79/><G79/><T99/><AGARI ba="0,0" hai="17,23,24,56,57,96,98,99" m="16898,49263" machi="99" ten="40,2700,0" yaku="8,1,54,1" doraHai="118,40" who="0" fromWho="0" sc="235,27,264,-7,250,-13,251,-7" /><INIT seed="3,0,0,4,2,19" ten="262,257,237,244" oya="3" hai0="29,36,126,91,7,47,75,40,59,13,125,50,31" hai1="2,127,20,103,112,77,33,44,28,0,116,35,46" hai2="122,117,57,107,100,98,71,123,61,53,55,82,95" hai3="14,76,84,16,110,12,111,10,78,114,99,34,65"/><W101/><G34/><T63/><D75/><U5/><E103/><V105/><F71/><W23/><G114/><T8/><D36/><U69/><E69/><V6/><F117/><W64/><G64/><T89/><D91/><U85/><E112/><V118/><F118/><W72/><G72/><T134/><D134/><U56/><E56/><N who="2" m="34959" /><F6/><N who="3" m="3159" /><G65/><T113/><D89/><U26/><E77/><V133/><F133/><W93/><G84/><T21/><D113/><U18/><E85/><V51/><F82/><W43/><G43/><T80/><D80/><U60/><E116/><V54/><F54/><W128/><G128/><T9/><D9/><U68/><E0/><V96/><F96/><W38/><G38/><T130/><D130/><U17/><E2/><V41/><F41/><W11/><G11/><T79/><D79/><U74/><E33/><V135/><F135/><W49/><G49/><T119/><D119/><U129/><E35/><V92/><F105/><W45/><G45/><T15/><D15/><U48/><E46/><V4/><F4/><W131/><G131/><T108/><D126/><U30/><E5/><V90/><F90/><W94/><G94/><T120/><D125/><U58/><E44/><V106/><F106/><W37/><G37/><T67/><D47/><U109/><E74/><V115/><F115/><W42/><G42/><T1/><D40/><U104/><E104/><V81/><F81/><W86/><G86/><T87/><D87/><U25/><E127/><V124/><F124/><W73/><G73/><T132/><D132/><U66/><E129/><V27/><F27/><RYUUKYOKU ba="0,0" sc="262,-15,257,-15,237,15,244,15" hai2="51,55,57,92,95,98,100,107,122,123" hai3="14,16,23,76,78,93,99,101,110,111" /><INIT seed="3,1,0,4,3,54" ten="247,242,252,259" oya="3" hai0="79,132,133,9,118,67,11,22,34,70,15,125,134" hai1="44,82,89,123,3,48,74,10,46,121,39,25,8" hai2="104,81,16,4,65,106,23,1,88,98,94,72,55" hai3="103,108,102,122,27,130,101,84,17,109,107,37,117"/><W0/><G122/><T30/><D118/><U73/><E39/><V128/><F65/><W120/><G120/><T96/><D79/><U66/><E66/><V95/><F1/><W111/><G117/><T41/><D41/><U77/><E74/><V26/><F4/><W100/><G37/><T63/><D125/><U47/><E48/><V29/><F128/><W36/><G36/><T50/><D50/><U119/><E119/><V90/><F72/><W45/><G0/><T71/><D71/><U116/><E116/><V127/><F127/><W58/><G130/><T80/><D80/><U42/><E42/><V32/><F81/><W124/><G124/><T2/><D2/><U31/><E10/><V52/><F104/><W110/><G107/><T18/><D96/><U12/><E89/><V131/><F106/><W64/><G45/><T49/><D49/><U83/><E83/><V60/><F60/><N who="3" m="37911" /><G84/><T38/><D38/><U6/><REACH who="1" step="1"/><E3/><REACH who="1" ten="247,232,252,259" step="2"/><V97/><F131/><W28/><G111/><T21/><REACH who="0" step="1"/><D34/><AGARI ba="1,1" hai="6,8,12,25,31,34,44,46,47,73,77,82,121,123" machi="34" ten="40,2600,0" yaku="1,1,2,1,53,0" doraHai="54" doraHaiUra="114" who="1" fromWho="0" sc="247,-29,232,39,252,0,259,0" /><INIT seed="4,0,0,3,5,53" ten="218,271,252,259" oya="0" hai0="90,87,130,25,103,88,112,51,109,118,26,41,23" hai1="91,40,58,97,42,3,73,135,17,99,44,125,22" hai2="105,78,113,39,21,75,19,7,100,110,47,93,45" hai3="111,50,56,66,133,115,20,127,10,83,64,102,32"/><T104/><D118/><U76/><E3/><V62/><F110/><W85/><G32/><T123/><D123/><U107/><E73/><V69/><F105/><W98/><G115/><T33/><D109/><U38/><E76/><V16/><F7/><W129/><G111/><T30/><D130/><U92/><E42/><V77/><F75/><W80/><G129/><T57/><D112/><U2/><E2/><V131/><F131/><W14/><G127/><T65/><D104/><U70/><E70/><V35/><F113/><W67/><G133/><T55/><D103/><U54/><E107/><V71/><F35/><W119/><G20/><T43/><D65/><U122/><E135/><V1/><F1/><W8/><G8/><T49/><D49/><U101/><E125/><V29/><F39/><W6/><G85/><T132/><D132/><U52/><E54/><V82/><F69/><W15/><G15/><T46/><D90/><U121/><E99/><N who="2" m="59503" /><F71/><W96/><G119/><T86/><D86/><U106/><E101/><V18/><F62/><W5/><G5/><T94/><REACH who="0" step="1"/><D46/><REACH who="0" ten="208,271,252,259" step="2"/><N who="2" m="17418" /><F82/><N who="3" m="31275" /><G102/><T124/><D124/><U27/><E106/><V120/><F120/><W28/><G98/><T31/><AGARI ba="0,1" hai="23,25,26,30,31,33,41,43,51,55,57,87,88,94" machi="31" ten="20,12000,1" yaku="1,1,0,1,7,1,52,1,54,1,53,0" doraHai="53" doraHaiUra="13" who="0" fromWho="0" sc="208,130,271,-40,252,-40,259,-40" owari="338,44.0,231,3.0,212,-29.0,219,-18.0" /></mjloggm>