<mjloggm ver="2.3"><GO type="169" lobby="0"/><UN n0="%E7%A9%B6%E6%A5%B5%41%49" n1="%E3%81%A1%E3%81%B3%E3%82%86%E3%81%84%E3%81%82%E3%81%9A%E2%99%AA%E2%99%AA" n2="%E3%82%A6%E3%83%AB%E3%83%88%E3%83%A9%E7%AB%8B%E7%9B%B4" n3="%E3%81%AE%E3%81%B3%E3%81%97%E3%82%8D%E2%99%82" dan="16,16,17,16" rate="2074.13,2048.01,2195.89,2033.39" sx="M,F,M,M"/><TAIKYOKU oya="0"/><INIT seed="0,0,0,3,1,45" ten="250,250,250,250" oya="0" hai0="55,74,83,124,31,3,89,71,28,4,87,59,44" hai1="6,12,115,104,19,81,29,120,56,38,26,76,50" hai2="48,63,41,21,42,69,65,64,60,72,52,46,0" hai3="2,110,66,36,1,132,135,103,53,68,128,40,117"/><T131/><D71/><U119/><E104/><V15/><F0/><W125/><G103/><T43/><D124/><U105/><E105/><V23/><F72/><W37/><G2/><T11/><D131/><U99/><E50/><V51/><F15/><W78/><G78/><T7/><D7/><U121/><E99/><V13/><F13/><W85/><G85/><T101/><D101/><U17/><E56/><N who="2" m="32799" /><F21/><W14/><G14/><T102/><D102/><U86/><E38/><V16/><F16/><N who="1" m="6217" /><E115/><V118/><F23/><W96/><G96/><T97/><D97/><U75/><E75/><V129/><F129/><W95/><G95/><T30/><D74/><U57/><E119/><V106/><F106/><W91/><G91/><T77/><D89/><U133/><E6/><V94/><F94/><W108/><G1/><T54/><REACH who="0" step="1"/><D59/><REACH who="0" ten="240,250,250,250" step="2"/><U22/><E57/><N who="2" m="36879" /><F118/><W35/><G128/><T82/><D82/><U107/><E81/><V47/><F47/><W73/><G73/><T84/><D84/><U34/><E86/><V127/><F127/><W61/><G125/><T112/><D112/><U39/><E76/><V93/><F93/><W100/><G117/><T27/><D27/><U116/><E26/><V67/><F67/><W58/><G66/><T8/><D8/><U122/><E121/><V24/><F24/><W79/><G79/><T123/><D123/><U114/><E122/><V20/><F20/><W90/><G100/><T88/><D88/><U130/><E120/><V92/><F92/><W32/><G90/><T10/><D10/><U62/><E130/><V109/><F69/><RYUUKYOKU ba="0,1" sc="240,30,250,-10,250,-10,250,-10" hai0="3,4,11,28,30,31,43,44,54,55,77,83,87" /><INIT seed="0,1,1,1,0,98" ten="270,240,240,240" oya="0" hai0="103,82,134,72,62,31,14,32,3,104,9,115,48" hai1="81,44,28,63,41,124,15,45,128,26,23,12,97" hai2="52,107,51,123,77,71,54,59,0,55,21,43,34" hai3="108,79,40,121,30,117,46,61,118,120,112,24,29"/><T106/><D115/><U6/><E128/><V113/><F34/><W133/><G79/><T39/><D39/><U25/><E124/><V47/><F0/><W8/><G61/><T7/><D134/><U36/><E63/><V4/><F107/><W122/><G133/><T90/><D32/><U101/><E6/><V11/><F123/><W58/><G58/><T102/><D31/><U87/><E45/><V76/><F71/><W10/><G46/><T119/><D119/><N who="3" m="45577" /><G40/><T17/><D106/><U129/><E129/><V1/><F113/><W116/><G116/><T127/><D104/><U92/><REACH who="1" step="1"/><E26/><REACH who="1" ten="270,230,240,240" step="2"/><V50/><F55/><W125/><G125/><T42/><D127/><U60/><E60/><V35/><F35/><W73/><G24/><T111/><D111/><U93/><E93/><V27/><REACH who="2" step="1"/><F54/><REACH who="2" ten="270,230,230,240" step="2"/><W53/><G53/><T2/><D62/><U95/><E95/><V91/><F91/><AGARI ba="1,3" hai="12,15,23,25,28,36,41,44,81,87,91,92,97,101" machi="91" ten="30,7700,0" yaku="1,1,7,1,52,1,53,1" doraHai="98" doraHaiUra="37" who="1" fromWho="2" sc="270,0,230,110,230,-80,240,0" /><INIT seed="1,0,0,2,4,6" ten="270,340,150,240" oya="1" hai0="72,112,55,28,10,124,120,48,49,95,36,111,122" hai1="46,106,57,5,77,22,39,43,129,104,51,88,93" hai2="107,38,132,4,25,87,2,41,81,98,101,47,45" hai3="125,108,105,113,50,37,135,94,103,54,29,80,1"/><U78/><E129/><V84/><F132/><W110/><G37/><T56/><D36/><U32/><E32/><V12/><F47/><W121/><G121/><N who="0" m="46699" /><D72/><U14/><E39/><V109/><F109/><W33/><G105/><T7/><D112/><U42/><E106/><V16/><F25/><N who="3" m="18607" /><G1/><N who="0" m="367" /><D111/><N who="3" m="42537" /><G113/><T69/><D69/><U128/><E104/><V73/><F73/><W26/><G26/><T9/><D124/><U76/><E57/><V114/><F114/><W52/><G80/><T0/><D28/><U34/><E34/><V115/><F115/><W116/><G135/><T17/><D95/><U24/><E128/><V3/><F4/><W68/><G68/><T20/><D20/><U75/><E75/><V13/><F13/><W131/><G131/><T67/><D67/><U127/><E14/><V100/><F100/><W86/><G125/><T15/><D0/><U60/><E5/><V130/><F130/><W23/><G23/><T83/><D83/><U58/><E127/><V30/><F30/><W74/><G74/><T35/><D35/><U66/><E42/><V99/><F99/><N who="3" m="59895" /><G116/><T90/><D90/><U40/><E43/><V63/><F87/><W44/><G86/><T19/><D19/><N who="1" m="12383" /><E76/><V89/><REACH who="2" step="1"/><F63/><AGARI ba="0,0" hai="9,15,17,48,49,55,56,63" m="367,46699" machi="63" ten="30,3900,0" yaku="13,1,52,2" doraHai="6" who="0" fromWho="2" sc="270,39,340,0,150,-39,240,0" /><INIT seed="2,0,0,4,4,100" ten="309,340,111,240" oya="2" hai0="114,80,109,5,7,51,129,32,130,60,105,12,70" hai1="22,48,68,4,63,84,120,33,11,21,65,82,87" hai2="76,91,59,25,1,113,67,116,98,89,85,58,78" hai3="16,99,111,103,8,44,27,107,38,14,42,81,26"/><V13/><F1/><W102/><G111/><T104/><D32/><U115/><E33/><V127/><F116/><W34/><G102/><T75/><D114/><U125/><E115/><V54/><F113/><W108/><G108/><T56/><D70/><U17/><E125/><V19/><F127/><W6/><G34/><T9/><D51/><U47/><E120/><V40/><F40/><W10/><REACH who="3" step="1"/><G81/><REACH who="3" ten="309,340,111,230" step="2"/><T29/><D109/><U133/><E82/><N who="2" m="49335" /><F25/><W50/><G50/><T94/><D94/><U118/><E118/><V83/><F67/><W15/><AGARI ba="0,1" hai="6,8,10,14,15,16,26,27,38,42,44,99,103,107" machi="15" ten="20,8000,1" yaku="1,1,0,1,7,1,52,1,54,1,53,0" doraHai="100" doraHaiUra="49" who="3" fromWho="3" sc="309,-20,340,-20,111,-40,230,90" /><INIT seed="3,0,0,0,5,72" ten="289,320,71,320" oya="3" hai0="107,60,102,40,110,133,127,81,53,21,116,80,97" hai1="82,78,90,77,27,114,31,89,15,1,111,13,64" hai2="67,8,126,128,37,134,22,118,46,10,2,58,6" hai3="35,25,85,120,59,68,79,130,103,121,61,86,44"/><W84/><G130/><T5/><D116/><U83/><E114/><V93/><F118/><W52/><G103/><T32/><D32/><U73/><E1/><V135/><F128/><W7/><G7/><T71/><D110/><U125/><E111/><V74/><F126/><W55/><G68/><T106/><D106/><U23/><E125/><V14/><F22/><W115/><G115/><T43/><D127/><U124/><E124/><V109/><F109/><W30/><REACH who="3" step="1"/><G79/><REACH who="3" ten="289,320,71,310" step="2"/><T39/><D133/><U48/><E64/><V76/><F134/><W51/><AGARI ba="0,1" hai="25,30,35,44,51,52,55,59,61,84,85,86,120,121" machi="51" ten="30,12000,1" yaku="1,1,2,1,0,1,54,1,53,1" doraHai="72" doraHaiUra="28" who="3" fromWho="3" sc="289,-40,320,-40,71,-40,310,130" /><INIT seed="3,1,0,3,0,90" ten="249,280,31,440" oya="3" hai0="3,118,93,103,23,12,80,85,126,38,124,105,13" hai1="29,64,116,104,42,84,86,92,10,16,0,96,123" hai2="28,40,71,120,63,107,27,110,129,11,91,44,119" hai3="75,94,131,133,20,108,98,5,54,14,78,48,15"/><W97/><G133/><T109/><D3/><U68/><E123/><V56/><F110/><W121/><G131/><T67/><D38/><U60/><E116/><V59/><F119/><W99/><G108/><T50/><D109/><U127/><E104/><V51/><F120/><W125/><G125/><N who="0" m="48235" /><D118/><U102/><E127/><V24/><F107/><W83/><G121/><T39/><D39/><U58/><E29/><V18/><F129/><W115/><G115/><T73/><D73/><U114/><E114/><V111/><F111/><W89/><G14/><T66/><D105/><U17/><E42/><V37/><F37/><W2/><G2/><T21/><D50/><U69/><E69/><V70/><F70/><W6/><G6/><T32/><D32/><U112/><E112/><V113/><F113/><W57/><REACH who="3" step="1"/><G20/><REACH who="3" ten="249,280,31,430" step="2"/><T77/><D23/><U31/><E0/><V122/><F122/><W128/><G128/><T100/><D21/><U1/><E1/><V79/><F24/><W88/><G88/><N who="0" m="53391" /><D13/><U76/><E10/><AGARI ba="1,1" hai="5,10,15,48,54,57,75,78,83,89,94,97,98,99" machi="10" ten="40,3900,0" yaku="1,1,52,1,53,0" doraHai="90" doraHaiUra="34" who="3" fromWho="1" sc="249,0,280,-42,31,0,430,52" /><INIT seed="3,2,0,3,5,119" ten="249,238,31,482" oya="3" hai0="103,69,28,44,76,25,67,1,55,63,8,48,34" hai1="61,108,18,12,129,115,52,116,13,111,68,66,106" hai2="112,5,134,7,97,83,72,56,32,120,53,130,94" hai3="85,10,132,40,87,89,50,43,33,86,127,78,104"/><W6/><G132/><T47/><D103/><U84/><E115/><V20/><F32/><W42/><G127/><T45/><REACH who="0" step="1"/><D76/><REACH who="0" ten="239,238,31,482" step="2"/><U54/><E116/><V57/><F112/><W46/><G78/><T133/><D133/><U17/><E129/><V90/><F134/><W135/><G135/><T70/><D70/><U74/><E106/><V118/><F118/><W125/><G125/><T117/><D117/><U101/><E101/><V36/><F130/><W24/><G104/><T91/><D91/><U81/><E74/><V14/><F72/><W2/><G89/><T80/><D80/><U99/><E99/><V49/><F83/><W65/><G65/><T114/><D114/><U79/><E18/><V11/><F36/><W102/><G102/><T88/><D88/><U123/><E123/><V77/><F77/><W82/><G82/><T22/><D22/><N who="1" m="11559" /><E13/><V3/><F120/><W59/><G33/><T21/><D21/><U121/><E121/><V60/><F20/><W95/><G24/><T29/><D29/><U26/><E26/><V4/><REACH who="2" step="1"/><F3/><REACH who="2" ten="239,238,21,482" step="2"/><W124/><G2/><T16/><D16/><U100/><E100/><V31/><F31/><W126/><G124/><T9/><D9/><U15/><E15/><V62/><F62/><W71/><G126/><T58/><D58/><U107/><E107/><V92/><F92/><W0/><G95/><T38/><D38/><U128/><E128/><V35/><F35/><W39/><G71/><T113/><D113/><U64/><E64/><AGARI ba="2,2" hai="4,5,7,11,14,49,53,56,57,60,64,90,94,97" machi="64" ten="30,3900,0" yaku="1,1,7,1,8,1,53,0" doraHai="119" doraHaiUra="98" who="2" fromWho="1" sc="239,0,238,-45,21,65,482,0" /><INIT seed="4,0,0,2,0,69" ten="239,193,86,482" oya="0" hai0="77,5,61,65,119,96,14,103,85,40,88,56,82" hai1="2,111,68,76,108,95,101,24,17,109,30,32,44" hai2="80,130,55,58,33,60,79,86,10,22,29,66,116" hai3="64,3,131,71,117,87,63,81,27,49,21,129,54"/><T34/><D34/><U91/><E68/><V46/><F130/><N who="3" m="49675" /><G3/><T25/><D119/><U83/><E2/><V51/><F116/><W59/><G117/><T128/><D128/><U104/><E44/><V127/><F127/><W114/><G114/><T120/><D120/><U11/><E11/><V74/><F33/><W31/><G87/><T6/><D25/><U94/><E17/><V47/><F74/><W89/><G89/><T57/><D40/><U99/><REACH who="1" step="1"/><E91/><REACH who="1" ten="239,183,86,482" step="2"/><V0/><F0/><W18/><G18/><T36/><D57/><U118/><E118/><V78/><F10/><W125/><G125/><T13/><D77/><U19/><E19/><V84/><F47/><W113/><G113/><T132/><D132/><U102/><E102/><V126/><F126/><W35/><G71/><T90/><D90/><U23/><E23/><V1/><F1/><W26/><G21/><T92/><REACH who="0" step="1"/><D36/><REACH who="0" ten="229,183,86,482" step="2"/><U7/><E7/><AGARI ba="0,2" hai="5,6,7,13,14,56,61,65,82,85,88,92,96,103" machi="7" ten="40,12000,1" yaku="1,1,2,1,8,1,54,1,53,0" doraHai="69" doraHaiUra="107" who="0" fromWho="1" sc="229,140,183,-120,86,0,482,0" /><INIT seed="4,1,0,3,0,18" ten="369,63,86,482" oya="0" hai0="72,1,14,8,6,104,123,114,82,46,50,85,13" hai1="71,62,135,81,5,49,80,73,41,28,16,60,113" hai2="25,111,103,75,94,79,29,12,65,53,31,20,3" hai3="70,116,54,43,90,127,57,78,97,133,9,56,51"/><T0/><D123/><U26/><E73/><V119/><F3/><W22/><G116/><T44/><D104/><U93/><E71/><V99/><F111/><W10/><G133/><T125/><D72/><U27/><E135/><V134/><F134/><W100/><G70/><T7/><D114/><U83/><E5/><V66/><F119/><W42/><G90/><T33/><D33/><U95/><E113/><V11/><F31/><W36/><G127/><T86/><D125/><U108/><E108/><V118/><F118/><W101/><G78/><T122/><D122/><U87/><E41/><V2/><F2/><W34/><G34/><T48/><D82/><U129/><E129/><V69/><F69/><W32/><G32/><T88/><D88/><N who="1" m="53407" /><E49/><V58/><F79/><W130/><G130/><T74/><D74/><U128/><E128/><V102/><F75/><W59/><G36/><T64/><D64/><U63/><E28/><V126/><F103/><W89/><G89/><T96/><D8/><U39/><E39/><V106/><F106/><W40/><G10/><T4/><D4/><U21/><E95/><V47/><F126/><W109/><G9/><T17/><D17/><U61/><N who="1" m="15360" /><DORA hai="84" /><U45/><E45/><V52/><F47/><W38/><G38/><T110/><D110/><U23/><E23/><V55/><F58/><N who="3" m="33119" /><G109/><T19/><D19/><AGARI ba="1,0" hai="11,12,19,20,25,29,52,53,55,65,66,94,99,102" machi="19" ten="40,5200,0" yaku="8,1,52,1,54,1" doraHai="18,84" who="2" fromWho="0" sc="369,-55,63,0,86,55,482,0" /><INIT seed="5,0,0,1,1,42" ten="314,63,141,482" oya="1" hai0="120,56,104,106,48,44,79,134,84,57,40,85,9" hai1="1,90,24,46,76,67,116,115,38,37,125,92,126" hai2="135,99,58,108,66,4,129,28,91,62,32,53,43" hai3="8,122,96,55,83,127,5,65,61,16,18,80,69"/><U10/><E116/><V27/><F108/><W81/><G127/><N who="1" m="48650" /><E67/><V114/><F129/><W41/><G122/><T103/><D120/><U0/><E76/><V112/><F135/><W72/><G72/><T107/><D134/><U119/><E119/><V82/><F4/><W33/><G33/><T31/><D103/><U21/><E115/><N who="2" m="44075" /><F43/><W74/><G74/><T73/><D31/><N who="1" m="17807" /><E10/><V97/><F66/><W75/><G75/><T93/><D93/><U3/><E46/><V6/><F6/><W34/><G34/><T124/><D124/><U128/><E128/><V23/><F32/><W49/><G41/><T25/><D25/><U26/><E26/><V130/><F130/><W22/><G96/><AGARI ba="0,0" hai="0,1,3,37,38,90,92,96" m="17807,48650" machi="96" ten="40,2000,0" yaku="18,1" doraHai="42" who="1" fromWho="3" sc="314,0,63,20,141,0,482,-20" /><INIT seed="5,1,0,4,2,125" ten="314,83,141,462" oya="1" hai0="93,116,20,76,39,79,32,18,15,122,63,53,117" hai1="62,14,90,68,95,111,113,42,4,127,131,5,132" hai2="10,73,72,104,6,28,134,135,67,57,16,38,107" hai3="3,50,8,81,9,40,96,29,130,55,64,24,82"/><U37/><E127/><V66/><F28/><W80/><G130/><T109/><D109/><U121/><E121/><V105/><F38/><W25/><G40/><T86/><D39/><U118/><E118/><V126/><F126/><W7/><G8/><T119/><D122/><U11/><E131/><V102/><F102/><W75/><G64/><T124/><D124/><U101/><E111/><V115/><F115/><W52/><G55/><T84/><D32/><U97/><E113/><V69/><F69/><W13/><G3/><T78/><D93/><U21/><E132/><N who="2" m="50731" /><F16/><W133/><G133/><T65/><REACH who="0" step="1"/><D53/><REACH who="0" ten="304,83,141,462" step="2"/><U98/><E4/><V12/><F67/><W43/><G52/><T51/><D51/><U74/><E74/><V100/><F100/><W103/><G50/><T112/><D112/><U120/><E120/><V26/><F66/><W106/><G103/><T89/><D89/><U46/><E68/><AGARI ba="1,1" hai="15,18,20,63,65,68,76,78,79,84,86,116,117,119" machi="68" ten="50,3200,0" yaku="1,1,53,1" doraHai="125" doraHaiUra="17" who="0" fromWho="1" sc="304,45,83,-35,141,0,462,0" /><INIT seed="6,0,0,1,5,43" ten="349,48,141,462" oya="2" hai0="13,66,101,2,91,40,28,25,19,88,121,5,52" hai1="110,109,90,9,31,61,95,22,33,14,106,34,114" hai2="62,98,39,32,68,127,116,55,113,26,30,103,96" hai3="10,17,124,42,135,117,112,48,83,80,23,89,133"/><V93/><F116/><W99/><G117/><T46/><D121/><U69/><E106/><V73/><F73/><W92/><G10/><T134/><D66/><U111/><E61/><V24/><F127/><W107/><G124/><T18/><D101/><U131/><E69/><V29/><F113/><W119/><G119/><T53/><D2/><U115/><E90/><V128/><F39/><W102/><G112/><N who="1" m="43050" /><E95/><V1/><F1/><W77/><G48/><T58/><D5/><N who="1" m="3375" /><E22/><V82/><F82/><W59/><G59/><T45/><D134/><N who="3" m="51209" /><G42/><T84/><D91/><U20/><E20/><V76/><F76/><W36/><G36/><T85/><D85/><U12/><E12/><V94/><F68/><W0/><G0/><T41/><D41/><U7/><E7/><V118/><F62/><W21/><G21/><N who="0" m="15407" /><D40/><U75/><E75/><V105/><F105/><W50/><G50/><N who="0" m="30999" /><D53/><U81/><E81/><V130/><F55/><W129/><G129/><T35/><D35/><N who="1" m="13323" /><E31/><V8/><F32/><W122/><G77/><T47/><D13/><U126/><E126/><V54/><F54/><W37/><G37/><T4/><D4/><U67/><E67/><V97/><F118/><W49/><G83/><AGARI ba="0,0" hai="18,19,45,46,47,83,84,88" m="30999,15407" machi="83" ten="30,12000,2" yaku="8,1,52,3,54,2" doraHai="43" who="0" fromWho="3" sc="349,120,48,0,141,0,462,-120" /><INIT seed="7,0,0,2,5,55" ten="469,48,141,342" oya="3" hai0="68,31,5,35,58,59,95,27,3,39,41,115,33" hai1="6,123,73,52,14,47,70,78,22,108,24,25,86" hai2="96,66,92,105,8,107,9,51,116,64,93,26,0" hai3="11,56,133,94,112,77,134,42,48,132,81,45,63"/><W65/><G112/><T20/><D68/><U110/><E70/><V57/><F51/><W36/><G11/><T15/><D115/><U119/><E123/><V111/><F96/><W21/><G21/><T120/><D120/><U79/><E73/><V121/><F26/><W124/><G94/><T99/><D39/><U60/><E119/><V118/><F111/><W69/><G81/><T13/><D41/><U88/><E110/><V10/><F10/><W80/><G80/><T114/><D114/><U74/><E74/><V109/><F109/><W40/><G77/><T43/><D43/><U67/><E108/><V103/><F121/><W90/><G90/><T128/><D128/><U98/><E98/><V50/><F103/><W1/><G1/><T19/><D15/><U117/><E117/><V46/><F0/><W102/><G102/><N who="0" m="60799" /><D35/><U106/><E106/><V49/><F46/><N who="3" m="23815" /><G124/><T89/><D89/><U12/><E67/><V87/><F87/><W44/><G44/><T82/><D82/><N who="1" m="49239" /><E6/><V28/><F28/><W127/><G127/><T83/><D83/><U135/><E135/><N who="3" m="34562" /><W37/><DORA hai="61" /><G37/><T54/><D54/><U75/><E75/><V84/><F84/><W23/><G23/><T113/><D113/><U62/><E25/><V125/><F125/><W32/><G32/><T7/><D7/><U85/><E85/><V17/><F17/><W104/><G104/><T76/><D76/><N who="1" m="29227" /><E62/><V130/><F116/><W34/><G34/><T126/><D126/><U91/><E91/><V71/><F118/><W101/><G101/><T4/><D4/><U16/><E47/><RYUUKYOKU ba="0,0" sc="469,10,48,10,141,-30,342,10" hai0="3,5,13,19,20,27,31,33,58,59" hai1="12,14,16,22,24,52,60" hai3="42,45,48,56,63,65,69" /><INIT seed="7,1,0,5,4,65" ten="479,58,111,352" oya="3" hai0="51,85,9,46,134,133,35,59,90,62,70,67,34" hai1="0,5,24,15,42,120,36,27,127,84,106,86,79" hai2="43,82,95,29,69,12,30,60,93,124,21,125,28" hai3="39,89,73,131,112,114,2,91,47,52,64,22,77"/><W18/><G2/><T97/><D97/><U102/><E120/><V75/><F43/><W17/><G131/><T100/><D9/><N who="1" m="4527" /><E0/><V78/><F69/><W10/><G10/><T66/><D59/><U118/><E36/><V115/><F60/><W110/><G110/><T71/><D71/><U11/><E42/><V61/><F61/><W14/><G64/><T58/><D58/><U135/><E127/><N who="2" m="48715" /><F115/><N who="3" m="44075" /><G17/><AGARI ba="1,0" hai="12,17,21,28,29,30,75,78,82,93,95" m="48715" machi="17" ten="30,1000,0" yaku="18,1" doraHai="65" who="2" fromWho="3" sc="479,0,58,0,111,13,352,-13" owari="479,58.0,58,-44.0,124,-28.0,339,14.0" /></mjloggm>