<mjloggm ver="2.3"><GO type="169" lobby="0"/><UN n0="%EF%BC%84%E3%83%8A%E3%83%8A%E3%82%B7%E3%83%BC%EF%BF%A5" n1="%E5%8D%83%E7%9F%B3%E6%92%AB%E5%AD%90%40" n2="%E5%89%8D%E6%88%AF%33%30%E5%88%86" n3="%E3%82%A6%E3%83%AB%E3%83%88%E3%83%A9%E7%AB%8B%E7%9B%B4" dan="16,16,18,16" rate="2099.17,2081.22,2221.60,2110.18" sx="M,F,M,M"/><TAIKYOKU oya="0"/><INIT seed="0,0,0,0,3,134" ten="250,250,250,250" oya="0" hai0="92,88,48,111,26,17,101,7,71,72,28,109,90" hai1="6,79,96,107,91,70,135,86,12,4,65,21,16" hai2="83,130,52,10,1,69,49,80,110,57,60,132,64" hai3="133,22,99,8,89,100,112,98,105,32,123,27,117"/><T87/><D72/><U54/><E135/><V34/><F110/><N who="0" m="41994" /><D71/><U128/><E79/><V77/><F132/><W15/><G123/><T116/><D116/><U76/><E76/><V24/><F130/><W122/><G122/><T61/><D61/><U102/><E128/><V124/><F124/><W93/><G32/><T51/><D101/><U11/><E54/><V125/><F125/><W45/><G112/><T50/><D7/><U106/><E65/><V14/><F1/><W115/><G115/><T67/><D67/><U29/><E70/><V42/><F42/><W18/><G133/><T126/><D17/><U118/><E118/><V108/><F108/><W55/><G117/><T94/><D126/><U5/><E107/><V39/><F39/><W0/><G0/><T13/><D13/><U97/><E97/><V66/><F66/><W9/><G15/><T19/><D19/><U129/><E29/><V23/><F77/><W120/><G120/><T73/><D73/><U119/><E119/><V82/><F34/><W58/><G45/><T121/><D121/><U113/><E113/><V38/><F38/><W20/><G20/><N who="0" m="15431" /><D48/><AGARI ba="0,0" hai="8,9,18,22,27,48,55,58,89,93,98,99,100,105" machi="48" ten="30,1000,0" yaku="7,1" doraHai="134" who="3" fromWho="0" sc="250,-10,250,0,250,0,250,10" /><INIT seed="1,0,0,2,4,92" ten="240,250,250,260" oya="1" hai0="59,63,110,49,106,48,85,25,16,21,41,98,123" hai1="34,14,90,135,128,122,131,50,27,79,109,18,36" hai2="73,61,65,105,68,76,97,103,12,107,101,7,32" hai3="104,91,9,132,37,52,13,17,24,28,95,10,35"/><U66/><E36/><V94/><F32/><W30/><G104/><T118/><D118/><U108/><E122/><V129/><F129/><N who="1" m="49737" /><E135/><V125/><F125/><W56/><G37/><T67/><D110/><N who="1" m="42603" /><E66/><V81/><F101/><W100/><G132/><T74/><D74/><U89/><E79/><V60/><F60/><W42/><G42/><T86/><D123/><U75/><E75/><V119/><F119/><W127/><G127/><T111/><D111/><U64/><E64/><V15/><F7/><W71/><G71/><T88/><D106/><U38/><E38/><V115/><F115/><W102/><G30/><T126/><D126/><U78/><E78/><V43/><F43/><W93/><G9/><T77/><D77/><U47/><E27/><V39/><F39/><W46/><G46/><N who="0" m="25679" /><D49/><U26/><E26/><V69/><F69/><W11/><G93/><AGARI ba="0,0" hai="16,21,25,59,63,67,85,86,88,93,98" m="25679" machi="93" ten="30,7700,0" yaku="8,1,52,1,54,2" doraHai="92" who="0" fromWho="3" sc="240,77,250,0,250,0,260,-77" /><INIT seed="2,0,0,3,2,133" ten="317,250,250,183" oya="2" hai0="62,51,93,121,25,94,67,90,85,5,117,82,57" hai1="105,71,39,49,116,97,30,34,3,55,12,40,44" hai2="2,79,83,120,9,21,81,61,70,98,65,118,106" hai3="15,29,45,101,68,130,10,91,96,72,50,37,114"/><V104/><F118/><W74/><G68/><T16/><D121/><U36/><E3/><V6/><F120/><W52/><G130/><T7/><D117/><U88/><E71/><V129/><F129/><W89/><G37/><T119/><D119/><U38/><E116/><V42/><F81/><W64/><G64/><T18/><D51/><U75/><E75/><V113/><F113/><W43/><G114/><T78/><D94/><U46/><E12/><V100/><F42/><W125/><G29/><T92/><D93/><U112/><E112/><V53/><F21/><W63/><G74/><T11/><D25/><U99/><E99/><V87/><REACH who="2" step="1"/><F53/><REACH who="2" ten="317,250,240,183" step="2"/><W80/><G80/><T23/><D23/><U86/><E40/><V22/><F22/><W128/><G128/><T60/><D82/><U109/><E55/><V58/><F58/><W26/><G52/><T103/><D57/><U108/><E34/><V107/><AGARI ba="0,1" hai="2,6,9,61,65,70,79,83,87,98,100,104,106,107" machi="107" ten="20,7800,0" yaku="1,1,0,1,7,1,53,1" doraHai="133" doraHaiUra="35" who="2" fromWho="2" sc="317,-26,250,-26,240,88,183,-26" /><INIT seed="2,1,0,0,4,103" ten="291,224,328,157" oya="2" hai0="27,36,0,5,25,88,131,85,8,52,15,97,18" hai1="46,96,70,82,106,13,80,65,57,129,21,130,19" hai2="126,127,132,2,77,34,116,118,111,108,75,109,90" hai3="95,89,115,12,49,73,9,119,17,23,117,32,10"/><V94/><F2/><W60/><G73/><T86/><D36/><U121/><E70/><V50/><F34/><W33/><G49/><T38/><D38/><U87/><E46/><V37/><F37/><W93/><G60/><T114/><D114/><U67/><E121/><V1/><F1/><W42/><G42/><T3/><D3/><U54/><E82/><N who="2" m="45375" /><F50/><W84/><G115/><T16/><D131/><N who="1" m="50187" /><E87/><N who="0" m="33289" /><D0/><U123/><E80/><V92/><F92/><W79/><G79/><T124/><D124/><N who="2" m="47658" /><F132/><W98/><G33/><T100/><D100/><N who="1" m="62727" /><E123/><V134/><F134/><W107/><G32/><T99/><D99/><AGARI ba="1,0" hai="90,94,99,108,109,111,116,118" m="47658,45375" machi="99" ten="40,12000,1" yaku="14,1,10,1,18,1,34,2" doraHai="103" who="2" fromWho="0" sc="291,-123,224,0,328,123,157,0" /><INIT seed="2,2,0,2,5,14" ten="168,224,451,157" oya="2" hai0="77,42,10,85,101,23,46,3,120,70,69,59,37" hai1="89,4,102,130,81,20,52,95,61,58,66,24,134" hai2="28,47,91,80,133,63,60,75,21,96,126,98,116" hai3="12,40,111,90,103,39,114,22,94,74,53,64,17"/><V88/><F116/><W84/><G74/><T87/><D120/><U104/><E130/><V50/><F126/><W105/><G114/><T35/><D35/><U129/><E129/><V5/><F133/><W7/><G111/><T127/><D127/><U113/><E113/><V67/><F5/><W122/><G122/><T34/><D34/><U2/><E134/><V83/><F75/><W78/><G78/><T73/><D101/><U30/><E104/><V97/><F63/><W82/><G7/><N who="0" m="1407" /><D59/><U118/><E118/><V86/><F21/><W16/><G64/><T92/><D23/><U13/><E2/><V117/><F28/><W43/><G39/><T100/><D100/><U54/><E102/><V38/><F38/><W31/><G31/><T132/><D132/><U131/><E81/><V71/><F117/><W65/><G65/><T110/><D110/><U26/><E26/><V18/><F18/><N who="3" m="10567" /><G105/><T27/><D27/><U1/><E1/><V45/><F50/><W8/><G53/><T36/><D36/><U32/><E131/><V33/><F33/><W135/><G135/><T15/><D15/><U41/><E41/><N who="3" m="15946" /><G8/><T29/><D29/><U93/><E32/><V6/><F6/><W123/><G123/><T11/><D11/><N who="1" m="4327" /><E95/><V107/><F107/><W128/><G128/><T68/><D92/><U106/><E106/><V48/><F80/><AGARI ba="2,0" hai="37,42,46,68,69,70,73,77,80,85,87" m="1407" machi="80" ten="30,1000,0" yaku="25,1" doraHai="14" who="0" fromWho="2" sc="168,16,224,0,451,-16,157,0" /><INIT seed="3,0,0,5,1,12" ten="184,224,435,157" oya="3" hai0="65,48,58,126,76,111,39,64,104,11,124,82,56" hai1="133,123,128,52,107,77,95,129,20,32,59,135,68" hai2="50,25,114,117,130,105,22,45,96,101,78,67,98" hai3="132,81,121,108,120,34,63,5,24,118,84,72,26"/><W90/><G118/><T36/><D104/><U13/><E32/><V37/><F117/><W116/><G116/><T9/><D111/><U75/><E68/><V61/><F37/><W14/><G108/><T19/><D39/><U18/><E107/><V119/><F119/><W49/><G132/><N who="1" m="50762" /><E123/><V33/><F96/><W83/><G63/><T6/><D36/><U74/><E95/><V46/><F130/><N who="1" m="50281" /><E77/><V125/><F33/><W7/><G49/><AGARI ba="0,0" hai="13,18,20,49,52,59,74,75" m="50281,50762" machi="49" ten="30,7700,0" yaku="20,1,19,1,52,1,54,1" doraHai="12" who="1" fromWho="3" sc="184,0,224,77,435,0,157,-77" /><INIT seed="4,0,0,3,0,93" ten="184,301,435,80" oya="0" hai0="47,82,1,3,112,40,11,33,135,99,97,132,113" hai1="6,62,14,87,52,92,64,35,128,41,116,36,65" hai2="0,114,71,55,39,8,31,88,117,94,111,23,81" hai3="4,121,129,34,131,37,20,7,21,53,108,122,89"/><T120/><D120/><N who="3" m="46185" /><G89/><T10/><D82/><U46/><E35/><V19/><F71/><W70/><G53/><T73/><D73/><U45/><E116/><V83/><F31/><W2/><G70/><T96/><D33/><U98/><E87/><V80/><F8/><N who="0" m="3114" /><D3/><U24/><E128/><N who="3" m="49226" /><G37/><N who="0" m="21903" /><D1/><U109/><E24/><V100/><F0/><W43/><G43/><T61/><D61/><U50/><E14/><V42/><F39/><W44/><G44/><T95/><D95/><U104/><E6/><N who="3" m="2090" /><G2/><T133/><AGARI ba="0,0" hai="96,97,99,112,113,132,133,135" m="21903,3114" machi="133" ten="40,12000,1" yaku="20,1,52,3" doraHai="93" who="0" fromWho="0" sc="184,120,301,-40,435,-40,80,-40" /><INIT seed="4,1,0,2,3,58" ten="304,261,395,40" oya="0" hai0="34,70,98,84,103,116,42,109,11,125,82,108,107" hai1="115,76,124,53,26,12,120,69,37,6,48,72,65" hai2="131,31,41,87,13,126,119,134,56,102,57,2,44" hai3="1,5,78,93,96,85,28,127,61,104,16,49,99"/><T25/><D116/><U23/><E120/><V129/><F2/><W19/><G127/><T10/><D125/><U54/><E37/><V35/><F126/><W74/><G28/><N who="0" m="19727" /><D42/><U105/><E105/><V128/><F119/><W9/><G49/><T8/><D70/><U17/><E124/><V110/><F110/><N who="0" m="42602" /><D8/><U30/><E115/><V89/><F102/><W50/><G50/><T123/><D123/><U32/><E76/><AGARI ba="1,0" hai="10,11,76,82,84,98,103,107" m="42602,19727" machi="76" ten="30,1500,0" yaku="10,1" doraHai="58" who="0" fromWho="1" sc="304,18,261,-18,395,0,40,0" /><INIT seed="4,2,0,5,2,96" ten="322,243,395,40" oya="0" hai0="121,126,50,43,82,55,7,71,36,59,61,90,66" hai1="6,54,104,15,111,33,80,131,106,48,3,42,2" hai2="88,14,110,122,29,17,95,52,105,23,5,40,114" hai3="132,45,64,25,119,84,92,16,134,116,10,86,11"/><T120/><D7/><U130/><E33/><V18/><F110/><W34/><G64/><T4/><D4/><U123/><E123/><V60/><F105/><W102/><G45/><N who="0" m="23783" /><D126/><U32/><E32/><V37/><F114/><W70/><G34/><T0/><D0/><N who="1" m="43" /><E111/><V93/><F122/><N who="0" m="47210" /><D82/><U117/><E117/><V124/><F37/><W49/><G49/><T1/><D90/><U35/><E35/><V74/><F40/><W19/><G70/><T38/><D1/><U9/><E80/><V24/><F74/><W63/><G63/><T72/><D72/><U128/><E42/><V98/><F124/><W135/><G135/><T41/><D41/><U53/><E53/><V99/><F5/><W91/><G91/><T113/><D113/><U28/><E28/><V77/><F77/><W97/><G97/><T76/><D76/><U103/><E103/><N who="2" m="60879" /><F14/><W108/><G92/><T69/><D38/><U115/><E115/><V83/><F83/><W89/><G89/><T75/><D75/><U62/><E106/><V51/><F60/><W47/><G108/><T39/><D39/><U101/><E62/><V44/><AGARI ba="2,0" hai="17,18,23,24,29,44,51,52,88,95,99" m="60879" machi="44" ten="30,7900,0" yaku="8,1,52,1,54,2" doraHai="96" who="2" fromWho="2" sc="322,-41,243,-22,395,85,40,-22" /><INIT seed="5,0,0,4,5,77" ten="281,221,480,18" oya="1" hai0="125,135,20,82,0,109,53,107,1,46,108,15,78" hai1="112,93,29,133,102,86,122,110,21,36,69,94,92" hai2="24,95,30,83,114,65,66,81,2,23,13,123,126" hai3="4,101,39,124,70,88,106,105,111,6,48,40,61"/><U91/><E36/><V72/><F2/><W37/><G111/><T56/><D107/><U31/><E69/><V33/><F123/><W89/><G48/><T129/><D129/><U50/><E122/><V90/><F126/><W9/><G9/><T45/><D125/><U62/><E110/><V76/><F83/><W19/><G70/><T32/><D32/><U98/><E112/><V22/><F114/><W71/><G71/><T67/><D1/><U80/><E133/><V10/><F23/><W84/><G124/><T118/><D0/><U17/><E62/><V14/><F13/><W103/><G61/><T104/><D104/><U44/><E94/><V38/><F33/><W41/><REACH who="3" step="1"/><G84/><REACH who="3" ten="281,221,480,8" step="2"/><T52/><D109/><U25/><REACH who="1" step="1"/><E93/><REACH who="1" ten="281,211,480,8" step="2"/><V99/><F38/><W54/><G54/><AGARI ba="0,2" hai="17,21,25,29,31,44,50,54,80,86,91,92,98,102" machi="54" ten="30,12000,1" yaku="1,1,2,1,7,1,8,1,52,1,53,0" doraHai="77" doraHaiUra="5" who="1" fromWho="3" sc="281,0,211,140,480,0,8,-120" owari="281,-12.0,351,15.0,480,58.0,-112,-61.0" /></mjloggm>