<mjloggm ver="2.3"><GO type="41" lobby="0"/><UN n0="%E3%82%A4%E3%83%A9%E3%82%A4%E3%83%A9" n1="%E3%81%88%E3%81%84%E3%81%98%E3%81%95%E3%82%93" n2="%53%54%31%33%30%32%31%37" n3="%E5%B0%B1%E6%B4%BB%E7%94%9F%40%E5%B7%9D%E6%9D%91%E8%BB%8D%E5%9B%A3" dan="14,13,14,16" rate="1968.18,1830.98,1909.78,2134.23" sx="F,M,M,M"/><TAIKYOKU oya="0"/><INIT seed="0,0,0,1,2,33" ten="250,250,250,250" oya="0" hai0="50,115,24,127,51,25,26,121,88,9,29,134,107" hai1="47,31,90,38,44,41,20,1,91,119,66,80,12" hai2="3,106,62,42,57,133,65,7,21,100,129,18,48" hai3="36,95,124,54,64,39,5,32,45,4,71,30,19"/><T79/><D121/><U52/><E119/><V126/><F133/><W16/><G124/><T23/><D115/><U72/><E66/><V113/><F113/><W40/><G39/><T120/><D107/><U131/><E131/><V68/><F129/><W83/><G54/><T109/><D120/><U102/><E102/><V11/><F126/><W99/><G32/><T96/><D127/><U93/><E31/><V43/><F106/><W55/><G30/><T114/><D114/><U108/><E108/><V110/><F110/><W15/><G55/><T73/><D73/><U76/><E1/><V69/><F100/><W89/><G19/><T122/><D79/><U2/><E2/><V92/><F92/><W135/><G135/><T60/><D60/><U87/><E52/><V34/><F34/><W70/><G83/><T112/><D112/><U82/><E47/><V74/><F74/><W123/><G123/><T97/><D134/><U84/><E76/><V104/><F104/><W103/><G103/><T128/><D97/><U94/><E72/><V132/><F132/><W130/><G130/><T81/><D128/><U101/><E101/><V27/><REACH who="2" step="1"/><F48/><REACH who="2" ten="250,250,240,250" step="2"/><N who="0" m="18474" /><D122/><U14/><E20/><V67/><F67/><W17/><G64/><T125/><D125/><U98/><E98/><V86/><F86/><W46/><G36/><T61/><D109/><U111/><E111/><V105/><F105/><W85/><G99/><T28/><D96/><U58/><E58/><V118/><F118/><W63/><G85/><T35/><D23/><U117/><E117/><V78/><F78/><W56/><G71/><AGARI ba="0,1" hai="3,7,11,18,21,27,42,43,57,62,65,68,69,71" machi="71" ten="40,5200,0" yaku="1,1,6,1,52,1,53,0" doraHai="33" doraHaiUra="77" who="2" fromWho="3" sc="250,0,250,0,240,62,250,-52" /><INIT seed="1,0,0,0,2,80" ten="250,250,302,198" oya="1" hai0="63,118,116,6,93,5,43,107,90,61,101,30,32" hai1="103,100,13,56,34,29,87,81,19,71,94,134,58" hai2="86,120,91,102,88,57,31,7,99,36,114,77,111" hai3="112,55,26,76,49,54,39,70,85,48,73,59,21"/><U22/><E71/><V42/><F120/><W17/><G112/><T27/><D43/><U2/><E2/><V44/><F111/><W130/><G73/><T84/><D118/><U68/><E68/><V12/><F114/><W83/><G130/><T53/><D116/><U51/><E134/><V40/><F31/><W65/><G39/><T37/><D37/><U133/><E133/><V25/><F25/><W0/><G0/><T8/><D53/><U1/><E1/><V108/><F108/><W28/><G70/><T16/><D16/><U75/><E75/><V79/><F42/><W110/><G110/><T104/><D5/><U15/><E34/><V67/><F91/><W24/><G65/><T41/><D41/><U105/><E105/><V3/><F3/><W14/><REACH who="3" step="1"/><G28/><REACH who="3" ten="250,250,302,188" step="2"/><T60/><REACH who="0" step="1"/><D101/><REACH who="0" ten="240,250,302,188" step="2"/><U66/><E103/><V115/><F115/><W98/><G98/><T89/><D89/><U4/><E100/><V23/><F99/><W82/><G82/><T64/><D64/><U92/><E66/><V121/><F102/><W50/><G50/><T97/><D97/><U47/><E94/><V123/><F67/><W46/><AGARI ba="0,2" hai="14,17,21,24,26,46,48,49,54,55,59,76,83,85" machi="46" ten="20,8000,1" yaku="1,1,0,1,7,1,8,1,52,1,53,0" doraHai="80" doraHaiUra="35" who="3" fromWho="3" sc="240,-20,250,-40,302,-20,188,100" /><INIT seed="2,0,0,1,2,9" ten="220,210,282,288" oya="2" hai0="128,26,6,134,90,135,51,18,92,74,20,112,77" hai1="132,130,54,53,45,99,72,121,25,66,37,84,94" hai2="76,89,100,70,14,68,13,115,82,79,52,49,40" hai3="1,35,2,98,97,29,125,91,120,32,59,24,19"/><V43/><F115/><W4/><G120/><T46/><D6/><U60/><E72/><V28/><F28/><W63/><G35/><T103/><D103/><U33/><E121/><V93/><F100/><W34/><G125/><T101/><D101/><U31/><E130/><V11/><F11/><W83/><G34/><T86/><D128/><U44/><E84/><N who="2" m="48199" /><F70/><W10/><G1/><T48/><D112/><U78/><E78/><V102/><F79/><W73/><G19/><T67/><D67/><U110/><E110/><V95/><F102/><W16/><G73/><T42/><REACH who="0" step="1"/><D51/><REACH who="0" ten="210,210,282,288" step="2"/><U88/><E37/><V15/><F68/><W122/><G122/><T36/><D36/><U69/><REACH who="1" step="1"/><E132/><REACH who="1" ten="210,200,282,288" step="2"/><V80/><F80/><AGARI ba="0,2" hai="18,20,26,42,46,48,74,77,80,86,90,92,134,135" machi="80" ten="40,2600,0" yaku="1,1,53,1" doraHai="9" doraHaiUra="106" who="0" fromWho="2" sc="210,46,200,0,282,-26,288,0" /><INIT seed="3,0,0,5,1,27" ten="256,200,256,288" oya="3" hai0="22,133,57,62,18,66,64,1,20,77,9,85,105" hai1="116,78,63,89,111,46,4,76,75,26,127,69,112" hai2="122,5,132,55,104,91,8,28,88,21,36,54,53" hai3="117,102,10,42,126,103,60,65,13,39,51,93,121"/><W135/><G121/><T106/><D133/><U34/><E111/><V108/><F36/><W67/><G135/><T119/><D119/><U129/><E112/><V56/><F132/><W38/><G117/><T44/><D66/><U115/><E115/><V96/><F108/><W128/><G126/><T130/><D130/><U3/><E127/><V87/><F122/><W16/><G128/><T99/><D44/><U80/><E78/><V124/><F124/><W7/><G65/><T83/><D22/><U107/><E89/><V84/><F104/><W118/><G118/><T123/><D123/><U52/><E129/><V40/><F40/><W32/><G32/><T48/><D48/><U43/><E116/><V95/><F96/><W134/><G134/><T131/><D131/><U23/><E107/><V41/><F41/><W94/><G39/><T72/><D72/><U50/><E34/><V79/><F79/><W47/><G38/><T113/><D99/><U110/><E110/><V14/><F21/><W68/><REACH who="3" step="1"/><G7/><REACH who="3" ten="256,200,256,278" step="2"/><T35/><D35/><U100/><E3/><V59/><F5/><W37/><G37/><T86/><D113/><U58/><E4/><V61/><F59/><W74/><G74/><T90/><D1/><U6/><E6/><V81/><F56/><W73/><G73/><T92/><D57/><U45/><E69/><V0/><F0/><W19/><G19/><T15/><D64/><U114/><E114/><V120/><F120/><W2/><G2/><T12/><D62/><U101/><E46/><V71/><F61/><W49/><G49/><T11/><D11/><RYUUKYOKU ba="0,1" sc="256,10,200,10,256,-30,278,10" hai0="9,12,15,18,20,77,83,85,86,90,92,105,106" hai1="23,26,43,45,50,52,58,63,75,76,80,100,101" hai3="10,13,16,42,47,51,60,67,68,93,94,102,103" /><INIT seed="3,1,1,4,3,72" ten="266,210,226,288" oya="3" hai0="91,101,68,94,48,11,86,118,28,24,73,78,41" hai1="6,105,5,84,109,36,122,3,43,79,0,114,62" hai2="17,47,87,93,121,40,46,25,119,135,50,131,59" hai3="113,33,133,83,77,115,97,95,37,56,90,99,65"/><W89/><G37/><T64/><D118/><U52/><E109/><V32/><F119/><W19/><G33/><T61/><D101/><U10/><E105/><V125/><F135/><W18/><G133/><T100/><D100/><U21/><E114/><V82/><F125/><W132/><G132/><T110/><D110/><U45/><E21/><V111/><F111/><W69/><G69/><T16/><D41/><U81/><E122/><V27/><F121/><W4/><G4/><T128/><D48/><U127/><E127/><V66/><F131/><W42/><G42/><T44/><D44/><U1/><E6/><V30/><F93/><W35/><G35/><T124/><D128/><U9/><E9/><V134/><F47/><W58/><G65/><T117/><D117/><U38/><E38/><V22/><F134/><W120/><G95/><T26/><D28/><U55/><REACH who="1" step="1"/><E62/><REACH who="1" ten="266,200,226,288" step="2"/><V130/><F130/><W54/><G120/><T106/><D106/><U31/><E31/><V8/><F8/><W98/><G115/><T88/><D124/><U102/><E102/><V49/><F30/><W116/><G113/><T67/><D61/><U53/><AGARI ba="1,2" hai="0,1,3,5,10,36,43,45,52,53,55,79,81,84" machi="53" ten="30,7900,0" yaku="1,1,0,1,52,1,54,1,53,0" doraHai="72" doraHaiUra="103" who="1" fromWho="1" sc="266,-21,200,102,226,-21,288,-40" /><INIT seed="4,0,0,3,5,2" ten="245,302,205,248" oya="0" hai0="74,135,96,14,119,75,67,53,79,116,41,27,54" hai1="102,80,52,10,72,68,20,112,91,17,4,69,34" hai2="97,61,133,19,1,62,129,115,93,58,29,130,45" hai3="31,23,98,88,107,3,132,83,11,50,82,28,118"/><T84/><D135/><U37/><E112/><V99/><F133/><W125/><G118/><T32/><D67/><U42/><E102/><V92/><F115/><W64/><G125/><T55/><D41/><U81/><E34/><V87/><F29/><W71/><G132/><T15/><D96/><U33/><E33/><V105/><F1/><W108/><G108/><T78/><D32/><U117/><E117/><N who="0" m="45129" /><D84/><U85/><E42/><V6/><F45/><W47/><G71/><T39/><D27/><U106/><E37/><V63/><F87/><W56/><G3/><T70/><D70/><U12/><E106/><V101/><F19/><W60/><G11/><T73/><D39/><U110/><E110/><V65/><F6/><W9/><G9/><T86/><D86/><U40/><E40/><V124/><F124/><W38/><G38/><T51/><D51/><U134/><E134/><V109/><F109/><W59/><G59/><T49/><D49/><U94/><E72/><V104/><F65/><W123/><G123/><T120/><D120/><U36/><E36/><V48/><F58/><W66/><G66/><T121/><D121/><U18/><E18/><V122/><F48/><W26/><G26/><T21/><D21/><U76/><E76/><AGARI ba="0,0" hai="14,15,53,54,55,73,74,75,76,78,79" m="45129" machi="76" ten="40,3900,0" yaku="28,2" doraHai="2" who="0" fromWho="1" sc="245,39,302,-39,205,0,248,0" /><INIT seed="4,1,0,1,1,82" ten="284,263,205,248" oya="0" hai0="47,19,55,86,67,56,37,94,60,101,20,119,78" hai1="100,84,40,6,7,96,85,12,29,61,2,126,108" hai2="34,109,117,44,22,65,76,89,92,23,91,105,25" hai3="87,63,59,79,48,45,128,9,1,81,127,28,132"/><T112/><D119/><U57/><E126/><V118/><F109/><W74/><G127/><T41/><D112/><U4/><E108/><V135/><F105/><W77/><G128/><T50/><D101/><U115/><E115/><V130/><F65/><W102/><G132/><T49/><D94/><U16/><E40/><V38/><F135/><W95/><G28/><T131/><D131/><U39/><E39/><V43/><F130/><W98/><G1/><T111/><D111/><U10/><E29/><V32/><F76/><W33/><G33/><T110/><D110/><U116/><E2/><V107/><F91/><W62/><G9/><T99/><D99/><U125/><E125/><V120/><F107/><W121/><G121/><T69/><D50/><U13/><E13/><V134/><F120/><W18/><G18/><T8/><D8/><U66/><REACH who="1" step="1"/><E116/><REACH who="1" ten="284,253,205,248" step="2"/><V75/><F134/><W97/><G74/><T73/><D73/><U5/><N who="1" m="1536" /><DORA hai="88" /><U129/><E129/><V122/><F75/><W54/><G77/><T68/><D78/><U11/><E11/><V83/><F118/><W93/><REACH who="3" step="1"/><G59/><REACH who="3" ten="284,253,205,238" step="2"/><T53/><D56/><U90/><E90/><AGARI ba="1,2" hai="45,48,54,62,63,79,81,87,90,93,95,97,98,102" machi="90" ten="30,12000,2" yaku="1,1,2,1,7,1,8,1,52,3,53,0" doraHai="82,88" doraHaiUra="71,21" who="3" fromWho="1" sc="284,0,253,-123,205,0,238,143" /><INIT seed="5,0,0,3,1,87" ten="284,130,205,381" oya="1" hai0="68,20,111,69,109,61,80,44,64,73,72,74,53" hai1="131,40,125,66,70,90,34,116,99,119,76,4,14" hai2="55,123,39,130,67,112,84,41,35,107,56,129,96" hai3="79,124,57,10,83,23,100,26,60,19,102,101,33"/><U28/><E40/><V103/><F35/><W8/><G124/><T65/><D65/><U11/><E76/><V31/><F31/><W38/><G38/><T3/><D69/><U6/><E125/><V51/><F123/><W105/><G105/><T113/><D113/><U106/><E131/><V86/><F67/><W108/><G108/><T1/><D80/><U16/><E116/><V43/><F112/><W120/><G33/><T89/><D20/><U7/><E119/><V95/><F39/><W91/><G120/><T77/><D77/><U32/><E28/><V92/><F107/><W37/><G37/><T18/><D18/><U97/><E106/><V122/><F122/><W12/><G79/><T29/><D29/><U71/><E66/><V117/><F117/><W85/><REACH who="3" step="1"/><G26/><REACH who="3" ten="284,130,205,371" step="2"/><T81/><D111/><U50/><E34/><V134/><F134/><W22/><G22/><T2/><D109/><U63/><E32/><V27/><F27/><W48/><G48/><T98/><D73/><U121/><E121/><V21/><F21/><W30/><G30/><T54/><D74/><U88/><E50/><V93/><F130/><W49/><G49/><T47/><D72/><U133/><E133/><V15/><F129/><W126/><G126/><T118/><D118/><U36/><E36/><V25/><F25/><W62/><G62/><T45/><D61/><U127/><E63/><V128/><F128/><W13/><G13/><T24/><D24/><U59/><E127/><V9/><F43/><W132/><G132/><T115/><D115/><U0/><E0/><V52/><F41/><RYUUKYOKU ba="0,1" sc="284,-10,130,-10,205,-10,371,30" hai3="8,10,12,19,23,57,60,83,85,91,100,101,102" /><INIT seed="6,1,1,1,1,16" ten="274,120,195,401" oya="2" hai0="0,23,30,21,91,55,58,102,37,26,105,73,43" hai1="13,89,75,134,51,129,46,28,52,106,77,14,109" hai2="15,117,40,33,32,101,54,63,92,111,115,11,62" hai3="64,82,45,34,114,8,70,121,49,112,95,93,2"/><V126/><F117/><W35/><G121/><T97/><D73/><U133/><E106/><V128/><F115/><N who="3" m="44075" /><G70/><T27/><D0/><U57/><E28/><V81/><F126/><W123/><G64/><T94/><D43/><U74/><E109/><V18/><F111/><W83/><G123/><T104/><D37/><U29/><E29/><V132/><F132/><N who="1" m="50793" /><E129/><V72/><F128/><W61/><G61/><T110/><D110/><U125/><E125/><V118/><F118/><W127/><G127/><T42/><D42/><U68/><E68/><V122/><F122/><W38/><G38/><T67/><D67/><U3/><E3/><V36/><F40/><N who="3" m="24743" /><G8/><T103/><D105/><U9/><E77/><N who="2" m="44199" /><F36/><W65/><G65/><T78/><D104/><U22/><E89/><V116/><F116/><W53/><G53/><T76/><D76/><U6/><E46/><V20/><F54/><W25/><G2/><T113/><D78/><U88/><E88/><V100/><F100/><W130/><G130/><T99/><D99/><U108/><E108/><V96/><F11/><W120/><G120/><T66/><D66/><U79/><E79/><V71/><F71/><W44/><G44/><T124/><D124/><U1/><E1/><V41/><F41/><W7/><G7/><T86/><D97/><U10/><E10/><V69/><F69/><W12/><G12/><T87/><D113/><U56/><E56/><V19/><F19/><AGARI ba="1,1" hai="6,9,13,14,19,22,51,52,57,74,75" m="50793" machi="19" ten="30,3900,0" yaku="20,1,52,1,54,1" doraHai="16" who="1" fromWho="2" sc="274,0,120,52,195,-42,401,0" /><INIT seed="7,0,0,5,2,101" ten="274,172,153,401" oya="3" hai0="71,85,92,75,37,20,105,15,124,110,48,90,132" hai1="7,60,24,128,122,117,46,54,78,84,42,47,11" hai2="74,135,79,123,40,50,34,97,16,56,130,29,28" hai3="45,87,18,73,36,4,1,116,19,65,38,96,118"/><W13/><G87/><T17/><D37/><U33/><E122/><V70/><F70/><W8/><G65/><T131/><D75/><U30/><E128/><V81/><F135/><W83/><G19/><T134/><D110/><U121/><E121/><V39/><F123/><W93/><G83/><T26/><D124/><U129/><E129/><V32/><F130/><W108/><G73/><T114/><D114/><U126/><E126/><V88/><F39/><W112/><G112/><T63/><D48/><U102/><E102/><V57/><F34/><W115/><G115/><T89/><D63/><U95/><E117/><V103/><F32/><W104/><G108/><T125/><D71/><U61/><E54/><V86/><F57/><W49/><G104/><T64/><D105/><U107/><E107/><V113/><F113/><W72/><G72/><T106/><D106/><U0/><E47/><N who="2" m="25959" /><F74/><W12/><G38/><T109/><D64/><U119/><E119/><V5/><F5/><W55/><G36/><T120/><D120/><U91/><E78/><V9/><F79/><W62/><G62/><T67/><D67/><U80/><E95/><N who="2" m="58815" /><F56/><W21/><G1/><T51/><D125/><U44/><E44/><V127/><F127/><W27/><G27/><T98/><D26/><U3/><E3/><V25/><F25/><W59/><G45/><T111/><D131/><U69/><E69/><V66/><F66/><W133/><G133/><T23/><D111/><U58/><E58/><V82/><F81/><W10/><G10/><T35/><D109/><U14/><E0/><V52/><F52/><RYUUKYOKU ba="0,0" sc="274,-30,172,10,153,10,401,10" hai1="7,11,14,24,30,33,42,46,60,61,80,84,91" hai2="9,16,28,29,82,86,88" hai3="4,8,12,13,18,21,49,55,59,93,96,116,118" owari="244,4.0,182,-22.0,163,-34.0,411,52.0" /></mjloggm>