<mjloggm ver="2.3"><GO type="97" lobby="0"/><UN n0="%E4%B8%80%E5%8F%B7%E6%A9%9F" n1="%E3%83%91%E3%83%91%E3%82%B9%EF%BC%A0%E5%B7%9D%E6%9D%91%E8%BB%8D%E5%9B%A3" n2="%6D%61%63%63%6F%74" n3="%E5%B0%B1%E6%B4%BB%E7%94%9F%40%E5%B7%9D%E6%9D%91%E8%BB%8D%E5%9B%A3" dan="15,15,14,14" rate="1988.05,2044.65,1960.53,2010.42" sx="M,M,M,M"/><TAIKYOKU oya="0"/><INIT seed="0,0,0,2,0,53" ten="250,250,250,250" oya="0" hai0="28,6,108,132,74,75,47,68,79,40,22,133,1" hai1="130,95,23,27,26,43,72,134,64,15,51,5,61" hai2="59,122,89,52,123,9,30,69,126,84,33,135,16" hai3="113,29,119,99,81,90,85,106,91,58,60,25,111"/><T78/><D68/><U80/><E134/><N who="0" m="51817" /><D108/><U42/><E130/><V2/><F135/><W109/><G113/><T115/><D115/><U12/><E27/><V3/><F126/><W65/><G119/><T76/><D22/><U56/><E72/><V57/><F69/><W98/><G91/><T120/><D28/><N who="1" m="17503" /><E80/><V127/><F127/><W118/><G118/><T55/><D55/><U46/><E5/><V8/><F30/><W36/><G36/><N who="0" m="21895" /><D120/><U103/><E43/><V32/><F84/><W110/><REACH who="3" step="1"/><G106/><REACH who="3" ten="250,250,250,240" step="2"/><T45/><D76/><U117/><E117/><V17/><F89/><W63/><G63/><T67/><D78/><U71/><E71/><V112/><F112/><W11/><G11/><T24/><D79/><U20/><E20/><AGARI ba="0,1" hai="20,25,29,58,60,65,81,85,90,98,99,109,110,111" machi="20" ten="40,5200,0" yaku="1,1,14,1,52,1,53,0" doraHai="53" doraHaiUra="37" who="3" fromWho="1" sc="250,0,250,-52,250,0,240,62" /><INIT seed="1,0,0,0,3,108" ten="250,198,250,302" oya="1" hai0="110,26,94,113,133,125,43,88,36,1,23,130,131" hai1="61,62,103,0,134,70,2,35,83,101,74,96,7" hai2="46,50,126,80,49,13,14,104,60,15,67,16,102" hai3="31,4,55,100,112,97,78,53,48,129,69,32,5"/><U84/><E74/><V66/><F126/><W39/><G69/><T120/><D43/><U82/><E35/><V117/><F117/><W111/><G112/><T3/><D120/><U124/><E124/><V27/><F102/><W45/><G111/><T95/><D110/><U24/><E134/><V63/><F104/><W75/><G129/><N who="0" m="49163" /><D125/><U123/><E123/><V47/><F80/><W25/><G39/><T121/><D36/><U92/><E101/><V17/><REACH who="2" step="1"/><F13/><REACH who="2" ten="250,198,240,302" step="2"/><W85/><G75/><T116/><D116/><U107/><E107/><V58/><F58/><W64/><G78/><T38/><D121/><U93/><E83/><V90/><F90/><W115/><G115/><T87/><D113/><U119/><E119/><V89/><F89/><W98/><G100/><T135/><D133/><U56/><E70/><V19/><F19/><W22/><G5/><T6/><D135/><U73/><E73/><V76/><F76/><W28/><G4/><T106/><D106/><U9/><E93/><V79/><F79/><W81/><G81/><T34/><D6/><U105/><E92/><V68/><F68/><W77/><G77/><T72/><D95/><U12/><E2/><V86/><F86/><W42/><G85/><T8/><D72/><U33/><E0/><V57/><F57/><W30/><G97/><T52/><D1/><U122/><E122/><V99/><F99/><W41/><G98/><T21/><D3/><U40/><E56/><V44/><F44/><W54/><G32/><T114/><D114/><U127/><E127/><V29/><F29/><W20/><G31/><RYUUKYOKU ba="0,1" sc="250,-10,198,-10,240,30,302,-10" hai2="14,15,16,17,27,46,47,49,50,60,63,66,67" /><INIT seed="2,1,1,3,5,57" ten="240,188,270,292" oya="2" hai0="81,107,76,94,2,103,126,21,33,17,42,14,11" hai1="27,114,35,31,15,25,4,83,88,100,121,93,60" hai2="131,41,36,84,13,6,97,102,34,24,5,29,71" hai3="109,112,61,53,67,44,1,96,39,98,32,46,8"/><V78/><F131/><W111/><G32/><T74/><D126/><U77/><E114/><V0/><F71/><W110/><G112/><T7/><D42/><U134/><E134/><V56/><F0/><W28/><G28/><T48/><D48/><U50/><E121/><V30/><F30/><W130/><G130/><T70/><D70/><U52/><E100/><V89/><F78/><W62/><G39/><T43/><D43/><U135/><E135/><V64/><F41/><W125/><G125/><T79/><D79/><U51/><E25/><V18/><F36/><W10/><G53/><T49/><D49/><U101/><E101/><V119/><F119/><W127/><G127/><T87/><D74/><U65/><E4/><V75/><F75/><W123/><G123/><T59/><D59/><U105/><E105/><V19/><F64/><W9/><G1/><T80/><D80/><U128/><E15/><V95/><F56/><N who="3" m="37287" /><G62/><T120/><D120/><U104/><E104/><V118/><F18/><W86/><G86/><T85/><D85/><U20/><E35/><V133/><F133/><W132/><G132/><T82/><D82/><U99/><E128/><V40/><F40/><W47/><AGARI ba="1,1" hai="8,9,10,44,46,47,96,98,109,110,111" m="37287" machi="47" ten="40,8000,1" yaku="29,2,14,1,52,1" doraHai="57" who="3" fromWho="3" sc="240,-21,188,-21,270,-41,292,93" /><INIT seed="3,0,0,4,2,10" ten="219,167,229,385" oya="3" hai0="100,119,19,25,99,114,87,118,44,29,43,106,34" hai1="125,55,66,92,121,103,79,77,115,6,1,98,31" hai2="38,47,26,70,129,69,81,116,40,71,15,96,134" hai3="56,80,72,3,89,78,58,126,16,112,91,76,49"/><W23/><G3/><T93/><D114/><U104/><E121/><V84/><F116/><W127/><G112/><T75/><D75/><U59/><E115/><V20/><F134/><W14/><G76/><T108/><D108/><U5/><E125/><N who="3" m="47626" /><G49/><T135/><D135/><U57/><E104/><V48/><F129/><W62/><G58/><T131/><D131/><U13/><E1/><V101/><F38/><W83/><G83/><T33/><D33/><U7/><E31/><V65/><F65/><AGARI ba="0,0" hai="14,16,23,56,62,65,72,78,80,89,91" m="47626" machi="65" ten="30,5800,0" yaku="18,1,52,1,54,1" doraHai="10" who="3" fromWho="2" sc="219,0,167,0,229,-58,385,58" owari="219,2.0,167,-33.0,171,-23.0,443,54.0" /></mjloggm>