<mjloggm ver="2.3"><GO type="97" lobby="0"/><UN n0="%E5%B0%B1%E6%B4%BB%E7%94%9F%40%E5%B7%9D%E6%9D%91%E8%BB%8D%E5%9B%A3" n1="%E3%83%AD%E3%83%9C%E3%82%B3%E3%83%97" n2="%77%61%6E%70%6F%6B%6F%6F" n3="%E6%89%8B%E5%BD%B9%E3%82%A2%E3%83%BC%E3%83%86%E3%82%A3%E3%82%B9%E3%83%88" dan="14,15,13,15" rate="1956.53,2047.95,1840.42,1977.67" sx="M,M,F,M"/><TAIKYOKU oya="0"/><INIT seed="0,0,0,1,5,36" ten="250,250,250,250" oya="0" hai0="75,76,88,98,123,103,127,49,133,19,92,78,59" hai1="25,95,60,35,93,126,62,81,85,66,90,34,134" hai2="22,122,18,31,83,54,115,15,14,50,26,68,77" hai3="116,37,13,72,74,128,56,71,104,55,119,118,16"/><T129/><D123/><U46/><E134/><V48/><F122/><W100/><G71/><T130/><D133/><U45/><E126/><V4/><F115/><W70/><G70/><T12/><D127/><U42/><E46/><V2/><F2/><W109/><G109/><T20/><D103/><U108/><E108/><V101/><F68/><W120/><G128/><N who="0" m="49259" /><D75/><U105/><E105/><V28/><F28/><W96/><G37/><T94/><D94/><U87/><E25/><V125/><F125/><W17/><G120/><T47/><D59/><U99/><E87/><V102/><F50/><W9/><REACH who="3" step="1"/><G17/><REACH who="3" ten="250,250,250,240" step="2"/><T112/><D112/><U52/><E66/><V21/><F4/><W41/><G41/><AGARI ba="0,1" hai="12,19,20,41,47,49,76,78,88,92,98" m="49259" machi="41" ten="30,5800,0" yaku="19,1,52,1,54,1" doraHai="36" who="0" fromWho="3" sc="250,68,250,0,250,0,240,-58" /><INIT seed="0,1,0,3,3,50" ten="318,250,250,182" oya="0" hai0="27,131,10,73,32,46,65,40,135,68,114,101,132" hai1="110,120,0,62,5,41,102,108,63,125,15,20,24" hai2="19,89,90,86,72,69,29,82,83,14,126,70,13" hai3="37,52,88,133,100,9,112,6,53,51,93,106,97"/><T130/><D73/><U2/><E120/><V81/><F126/><W87/><G37/><T7/><D114/><U79/><E125/><V43/><F29/><W117/><G112/><T94/><D68/><U113/><E113/><V66/><F14/><W98/><G117/><T127/><D65/><U35/><E35/><V99/><F43/><W45/><G133/><N who="0" m="51275" /><D127/><U124/><E124/><V96/><F66/><W28/><G28/><N who="0" m="19487" /><D94/><U85/><E102/><V91/><F70/><W78/><G78/><T30/><D101/><U119/><E119/><V57/><F57/><W1/><G98/><N who="2" m="37417" /><F69/><W3/><G3/><N who="0" m="383" /><D30/><U92/><E79/><N who="2" m="44263" /><F19/><W55/><AGARI ba="1,0" hai="1,6,9,45,51,52,53,55,87,88,93,97,100,106" machi="55" ten="20,12000,2" yaku="0,1,7,1,52,3,54,2" doraHai="50" who="3" fromWho="3" sc="318,-61,250,-31,250,-31,182,123" /><INIT seed="1,0,0,3,1,85" ten="257,219,219,305" oya="1" hai0="82,20,114,10,26,106,70,110,6,8,109,111,13" hai1="83,30,34,84,3,101,37,98,24,12,25,39,78" hai2="47,77,113,27,52,102,130,90,21,19,59,62,100" hai3="2,46,116,43,115,23,117,16,105,48,36,54,92"/><U60/><E3/><V31/><F130/><W28/><G105/><T67/><D106/><U14/><E25/><V135/><F135/><W29/><G2/><T123/><D123/><U112/><E112/><V65/><F113/><W72/><G72/><T9/><D114/><U121/><E121/><V38/><F77/><W87/><G115/><T88/><D67/><U86/><E86/><V118/><F118/><N who="3" m="45675" /><G92/><T129/><D70/><U81/><E81/><V1/><F1/><W5/><G5/><T49/><D49/><U71/><E37/><V40/><F65/><W127/><G87/><N who="0" m="50295" /><D129/><U93/><E39/><V124/><F124/><W126/><G43/><T97/><D97/><U53/><REACH who="1" step="1"/><E71/><REACH who="1" ten="257,209,219,305" step="2"/><V4/><F38/><W42/><G127/><T79/><D79/><U61/><E61/><V41/><F62/><W89/><G126/><T69/><D69/><U56/><AGARI ba="0,1" hai="12,14,24,30,34,53,56,60,78,83,84,93,98,101" machi="56" ten="30,3000,0" yaku="1,1,0,1,53,0" doraHai="85" doraHaiUra="0" who="1" fromWho="1" sc="257,-10,209,40,219,-10,305,-10" /><INIT seed="1,1,0,0,1,23" ten="247,249,209,295" oya="1" hai0="114,126,67,122,101,92,9,5,1,134,11,85,40" hai1="20,95,121,132,27,115,79,108,55,32,4,123,43" hai2="116,88,76,111,37,99,102,68,65,129,63,16,86" hai3="38,60,113,94,112,74,12,73,44,93,105,18,19"/><U58/><E115/><V15/><F116/><W70/><G60/><T34/><D114/><U109/><E32/><V33/><F111/><N who="1" m="42569" /><E132/><V84/><F129/><W131/><G44/><T3/><D122/><U46/><E79/><V96/><F33/><W127/><G127/><T39/><D34/><U104/><E104/><V29/><F29/><W72/><G72/><T98/><D126/><U49/><E95/><V48/><F37/><W106/><G38/><T22/><D134/><U103/><E103/><V90/><F48/><W50/><G50/><T14/><D67/><U61/><E4/><V17/><F99/><W82/><G82/><T89/><D40/><U2/><E2/><V59/><F17/><AGARI ba="1,0" hai="17,20,27,43,46,49,55,58,61,121,123" m="42569" machi="17" ten="30,5800,0" yaku="14,1,10,1,52,1" doraHai="23" who="1" fromWho="2" sc="247,0,249,61,209,-61,295,0" /><INIT seed="1,2,0,2,0,80" ten="247,310,148,295" oya="1" hai0="104,60,112,3,97,28,58,41,39,77,134,27,1" hai1="114,129,89,110,108,22,25,107,44,116,36,5,125" hai2="70,86,6,34,21,92,20,119,35,55,93,91,50" hai3="113,105,47,69,71,118,81,54,111,59,42,79,45"/><U11/><E116/><V48/><F119/><W73/><G113/><T127/><D112/><U31/><E114/><V87/><F70/><W132/><G111/><N who="1" m="42538" /><E107/><V102/><F6/><W84/><G132/><T0/><D134/><U117/><E117/><V8/><F8/><W67/><G105/><T62/><D127/><U63/><E129/><V122/><F102/><W131/><G131/><T37/><D77/><U38/><E125/><V101/><F101/><W40/><G118/><T106/><D41/><U7/><E44/><V120/><F55/><W126/><G126/><T24/><D104/><U9/><E89/><AGARI ba="2,0" hai="20,21,34,35,48,50,86,87,89,91,92,93,120,122" machi="89" ten="25,6400,0" yaku="22,2,52,2" doraHai="80" who="2" fromWho="1" sc="247,0,310,-70,148,70,295,0" /><INIT seed="2,0,0,4,0,85" ten="247,240,218,295" oya="2" hai0="78,2,14,37,67,87,49,121,43,113,68,103,124" hai1="51,98,57,42,120,90,7,111,19,25,82,34,58" hai2="130,127,50,39,79,134,66,46,29,128,126,94,15" hai3="106,31,102,22,54,47,32,116,88,107,6,48,13"/><V20/><F39/><W99/><G116/><T33/><D2/><U101/><E7/><V36/><F36/><W84/><G32/><T100/><D33/><U104/><E111/><V55/><F66/><W18/><G31/><T45/><D113/><U35/><E120/><V59/><F59/><W5/><G107/><T26/><D121/><U73/><E35/><V21/><F21/><W17/><G17/><T61/><D124/><N who="2" m="47658" /><F79/><W119/><G119/><T10/><D26/><U93/><E42/><V135/><F94/><AGARI ba="0,0" hai="5,6,13,18,22,47,48,54,84,88,94,99,102,106" machi="94" ten="30,3900,0" yaku="7,1,52,1,54,1" doraHai="85" who="3" fromWho="2" sc="247,0,240,0,218,-39,295,39" /><INIT seed="3,0,0,3,2,5" ten="247,240,179,334" oya="3" hai0="57,17,128,115,108,58,11,21,81,97,83,52,88" hai1="27,118,105,102,99,23,56,31,30,71,100,110,133" hai2="87,74,32,19,44,43,70,46,68,89,86,24,96" hai3="76,117,34,4,61,123,18,26,33,127,79,111,106"/><W113/><G106/><T28/><D108/><U54/><E71/><V29/><F74/><W69/><G113/><T90/><D128/><U131/><E110/><V41/><F96/><W73/><G117/><T7/><D115/><U12/><E118/><V8/><F87/><W22/><G111/><T63/><D28/><U13/><E131/><V126/><F126/><W82/><G79/><T15/><D58/><U42/><E42/><V50/><F19/><W122/><G127/><T92/><REACH who="0" step="1"/><D90/><REACH who="0" ten="237,240,179,334" step="2"/><U101/><E133/><V130/><F130/><W132/><G132/><T48/><D48/><U3/><E30/><V25/><F50/><W59/><G69/><T75/><D75/><U121/><E31/><V94/><F29/><W62/><G62/><T91/><D91/><U10/><E56/><V35/><F89/><W103/><G61/><T104/><D104/><U16/><E105/><V135/><F135/><W49/><G49/><T134/><D134/><U53/><E121/><V51/><F51/><W85/><G59/><T38/><D38/><U125/><E125/><V124/><F124/><W95/><G122/><T2/><AGARI ba="0,1" hai="2,7,11,15,17,21,52,57,63,81,83,88,92,97" machi="2" ten="20,12000,2" yaku="1,1,0,1,7,1,52,1,54,2,53,0" doraHai="5" doraHaiUra="67" who="0" fromWho="0" sc="237,130,240,-30,179,-30,334,-60" owari="367,47.0,210,-19.0,149,-35.0,274,7.0" /></mjloggm>