<mjloggm ver="2.3"><GO type="169" lobby="0"/><UN n0="%E3%83%9F%E3%82%B9%E3%83%86%E3%82%A3%E3%82%B3" n1="%E3%82%A6%E3%83%AB%E3%83%88%E3%83%A9%E7%AB%8B%E7%9B%B4" n2="%E6%93%8D" n3="%E5%8D%81%E5%AD%97%E7%8C%9B%E5%A4%AB" dan="16,17,16,16" rate="2102.44,2138.28,2144.83,2095.34" sx="M,M,M,M"/><TAIKYOKU oya="0"/><INIT seed="0,0,0,2,5,34" ten="250,250,250,250" oya="0" hai0="44,3,112,116,67,6,102,9,115,75,134,38,95" hai1="63,124,35,130,13,61,10,48,96,39,15,0,69" hai2="71,98,87,118,79,29,51,49,85,55,117,45,62" hai3="12,32,132,114,11,40,97,123,77,135,101,73,52"/><T68/><D116/><U57/><E39/><V7/><F29/><W8/><G114/><T14/><D134/><N who="3" m="51241" /><G32/><T100/><D95/><U122/><E35/><V42/><F98/><W113/><G40/><T126/><D14/><U90/><E124/><V31/><F31/><W80/><G113/><T74/><D100/><U65/><E130/><V107/><F107/><N who="3" m="63919" /><G123/><T18/><D18/><U110/><E110/><V53/><F79/><W104/><G104/><T121/><D102/><U66/><E48/><V119/><F7/><W93/><G93/><T24/><D121/><U23/><E122/><V59/><F85/><W1/><G52/><T82/><D126/><U60/><E60/><V127/><F87/><W129/><G11/><T70/><D24/><U37/><E37/><V27/><F27/><W99/><G99/><T105/><D105/><U131/><E131/><V5/><F5/><N who="3" m="1071" /><G12/><T133/><D133/><U41/><E41/><V33/><F33/><W50/><G50/><T86/><D115/><U47/><E47/><N who="2" m="27903" /><F127/><W28/><G28/><T46/><D112/><U58/><E23/><V72/><F72/><N who="0" m="27690" /><D46/><U36/><E36/><V78/><F78/><W64/><G129/><T103/><D103/><U84/><E96/><V91/><F91/><W21/><G21/><T108/><D44/><U109/><E90/><V16/><F16/><W17/><G17/><T54/><D38/><U19/><E84/><V25/><F25/><W125/><G125/><T89/><D86/><U76/><E15/><V83/><F83/><W106/><G106/><T22/><D82/><U111/><E13/><RYUUKYOKU ba="0,0" sc="250,-15,250,-15,250,15,250,15" hai2="42,45,49,55,59,62,71,117,118,119" hai3="64,73,77,80" /><INIT seed="1,1,0,1,3,96" ten="235,235,265,265" oya="1" hai0="64,117,124,31,39,22,104,15,23,86,25,26,119" hai1="103,55,5,99,123,106,134,100,113,45,132,85,13" hai2="8,70,28,10,44,74,50,43,58,68,128,30,80" hai3="87,46,52,94,83,51,14,56,109,32,78,126,53"/><U112/><E123/><V12/><F10/><W24/><G109/><T47/><D124/><U72/><E72/><V129/><F80/><W135/><G135/><N who="1" m="51754" /><E85/><V1/><F1/><W122/><G122/><T35/><D64/><U89/><E89/><V4/><F74/><W101/><G126/><T71/><D71/><U91/><E91/><V48/><F70/><W60/><G14/><T73/><D73/><U59/><E45/><V21/><F68/><W66/><G32/><T127/><D86/><U79/><E79/><V121/><F121/><W84/><G24/><T95/><D95/><U82/><E82/><V77/><F77/><W37/><G37/><T19/><D104/><U130/><E130/><N who="2" m="50283" /><F21/><W76/><G76/><T111/><D127/><U90/><E90/><V40/><F40/><W9/><G9/><T41/><REACH who="0" step="1"/><D111/><REACH who="0" ten="225,235,265,265" step="2"/><U81/><E81/><V36/><F36/><W114/><G87/><T115/><D115/><N who="1" m="44107" /><E106/><V27/><F43/><N who="3" m="25055" /><G114/><T17/><AGARI ba="1,1" hai="15,17,19,22,23,25,26,31,35,39,41,47,117,119" machi="17" ten="20,2700,0" yaku="1,1,0,1,7,1,53,0" doraHai="96" doraHaiUra="88" who="0" fromWho="0" sc="225,40,235,-14,265,-8,265,-8" /><INIT seed="2,0,0,3,2,41" ten="265,221,257,257" oya="2" hai0="54,18,59,92,36,132,107,34,98,35,32,11,5" hai1="26,85,78,88,97,105,108,128,73,91,10,79,83" hai2="37,101,95,129,68,56,87,43,104,60,48,45,9" hai3="74,21,24,62,27,81,112,15,44,64,117,106,13"/><V71/><F104/><W111/><G106/><T119/><D107/><U50/><E10/><V130/><F101/><W126/><G111/><T33/><D119/><U72/><E26/><V96/><F96/><W14/><G117/><T40/><D132/><U47/><E50/><V131/><F9/><W23/><G126/><T122/><D18/><U133/><E47/><N who="2" m="24047" /><F95/><W42/><G112/><T109/><D109/><U75/><E108/><V89/><F89/><N who="1" m="34377" /><E133/><V57/><F87/><W116/><G116/><T51/><D122/><U31/><E128/><V69/><F60/><W0/><G81/><T63/><D36/><U94/><E31/><V70/><N who="2" m="17408" /><DORA hai="4" /><V110/><F110/><W135/><G135/><T46/><N who="0" m="8192" /><DORA hai="58" /><T90/><D11/><U20/><E20/><V53/><AGARI ba="0,0" hai="45,48,53,56,57,129,130,131" m="17408,24047" machi="53" ten="70,12000,1" yaku="19,1,34,2,52,2" doraHai="41,4,58" who="2" fromWho="2" sc="265,-40,221,-40,257,120,257,-40" /><INIT seed="2,1,0,3,1,35" ten="225,181,377,217" oya="2" hai0="1,96,29,106,59,108,74,66,24,135,21,26,92" hai1="36,42,41,45,76,50,22,67,20,7,13,8,128" hai2="3,62,16,53,33,100,69,14,124,107,46,17,120" hai3="27,25,0,112,57,94,12,81,109,51,90,63,15"/><V6/><F120/><W88/><G112/><T86/><D74/><U87/><E128/><V99/><F33/><W97/><G109/><T58/><D108/><U40/><E67/><V126/><F69/><W117/><G117/><T72/><D72/><U85/><E85/><V65/><F65/><W52/><G0/><T131/><D106/><U56/><E56/><N who="2" m="35087" /><F14/><W105/><G105/><T54/><D135/><U70/><E70/><V133/><F46/><W116/><G116/><T93/><D131/><U104/><E104/><V28/><F28/><W134/><G134/><T60/><D86/><U30/><E36/><V34/><F34/><W114/><G114/><T77/><D26/><N who="3" m="9737" /><G81/><T10/><D77/><U130/><E130/><V111/><F133/><W37/><G37/><T47/><D47/><U48/><E30/><V103/><F103/><W79/><G79/><T64/><D64/><U127/><E127/><N who="2" m="48683" /><F111/><W32/><G32/><T102/><D93/><U125/><E125/><V43/><F43/><W80/><G80/><T75/><D75/><U73/><E73/><V68/><F68/><W82/><G82/><T101/><D101/><U98/><E42/><V91/><F91/><W95/><G63/><T129/><D129/><U44/><E45/><V61/><F61/><W118/><G118/><T2/><D10/><AGARI ba="1,0" hai="3,6,10,16,17,99,100,107" m="48683,35087" machi="10" ten="30,5800,0" yaku="18,1,52,1,54,1" doraHai="35" who="2" fromWho="0" sc="225,-61,181,0,377,61,217,0" /><INIT seed="2,2,0,1,3,71" ten="164,181,438,217" oya="2" hai0="68,24,16,27,73,109,55,57,8,49,102,44,51" hai1="46,75,1,87,61,60,42,116,77,67,35,70,83" hai2="84,0,66,30,20,123,69,37,118,9,40,115,108" hai3="78,13,29,45,43,107,85,94,110,11,33,50,59"/><V93/><F123/><W52/><G110/><T32/><D73/><U104/><E116/><V72/><F72/><W54/><G107/><T64/><D109/><U3/><E104/><V127/><F108/><W121/><G121/><T39/><D32/><U12/><E35/><V48/><F118/><W6/><G33/><T129/><D102/><U56/><E12/><V124/><F115/><W34/><G34/><T91/><D129/><U112/><E112/><V128/><F48/><W2/><G2/><T79/><D79/><U5/><E5/><N who="2" m="1191" /><F128/><W105/><G105/><T119/><D119/><U81/><E81/><V120/><F120/><W41/><G29/><T101/><D101/><U4/><E4/><V62/><F20/><W80/><G94/><T134/><D134/><U126/><E126/><N who="2" m="48171" /><F30/><W36/><REACH who="3" step="1"/><G36/><REACH who="3" ten="164,181,438,207" step="2"/><T98/><D39/><U99/><E1/><V117/><F117/><W103/><G103/><T22/><D68/><U74/><E3/><V26/><F93/><W122/><G122/><T31/><D31/><U86/><E70/><V125/><F125/><W28/><G28/><T100/><D100/><U132/><E132/><V65/><F69/><W92/><G92/><T14/><D98/><U76/><E99/><V95/><F95/><W7/><G7/><T38/><D38/><U15/><E83/><V82/><F82/><W97/><G97/><T111/><D111/><U113/><E113/><V90/><F37/><W130/><G130/><T53/><D91/><U10/><E76/><V114/><F90/><W88/><G88/><T47/><D8/><U19/><E10/><RYUUKYOKU ba="2,1" sc="164,15,181,-15,438,-15,207,15" hai0="14,16,22,24,27,44,47,49,51,53,55,57,64" hai3="6,11,13,41,43,45,50,52,54,59,78,80,85" /><INIT seed="3,3,1,4,3,22" ten="179,166,423,222" oya="3" hai0="8,88,9,101,83,100,61,115,78,112,121,87,118" hai1="123,124,70,111,14,0,30,54,94,69,19,58,98" hai2="4,96,126,1,44,13,120,16,110,89,71,129,28" hai3="42,73,57,59,80,20,63,76,79,48,65,66,50"/><W49/><G42/><T12/><D121/><U128/><E0/><V117/><F71/><W85/><G73/><T133/><D118/><U135/><E123/><V122/><F117/><W130/><G130/><T21/><D133/><U51/><E128/><V77/><F129/><W93/><G93/><T40/><D40/><U134/><E124/><V25/><F77/><W62/><G20/><T90/><D61/><U47/><E30/><V113/><F113/><N who="0" m="43594" /><D21/><N who="1" m="11511" /><E111/><V27/><F126/><W56/><REACH who="3" step="1"/><G79/><REACH who="3" ten="179,166,423,212" step="2"/><N who="0" m="46591" /><D8/><U119/><E119/><V55/><F122/><W2/><G2/><T52/><D9/><U23/><E23/><V92/><F120/><W125/><G125/><T10/><D78/><U32/><E32/><V108/><F108/><W103/><G103/><T53/><D100/><N who="1" m="60503" /><E47/><V36/><F110/><W5/><G5/><N who="0" m="3151" /><D101/><U26/><E26/><V15/><F4/><W37/><G37/><T18/><D18/><U68/><E135/><V72/><F1/><W109/><G109/><T39/><D39/><U91/><E134/><V43/><F36/><W105/><G105/><T114/><D114/><U127/><E127/><V67/><F72/><W46/><G46/><T81/><D90/><U6/><E91/><V29/><F43/><W86/><G86/><AGARI ba="3,2" hai="52,53,81,86,88" m="3151,46591,43594" machi="86" ten="30,3900,0" yaku="11,1,54,2" doraHai="22" who="0" fromWho="3" sc="179,68,166,0,423,0,212,-48" /><INIT seed="4,0,0,3,4,54" ten="247,166,423,164" oya="0" hai0="104,107,119,56,2,40,23,32,73,5,128,99,45" hai1="0,60,10,109,27,7,25,103,49,19,93,125,101" hai2="98,78,8,64,134,52,26,87,124,57,80,41,18" hai3="74,110,102,46,30,88,50,47,126,58,33,116,43"/><T68/><D32/><U79/><E109/><V114/><F134/><W4/><G110/><T106/><D68/><U51/><E125/><V97/><F124/><W82/><G126/><T20/><D119/><U13/><E79/><V31/><F114/><W62/><G116/><T35/><D128/><U48/><E60/><V71/><F64/><W16/><G47/><T28/><D99/><U115/><E115/><V53/><F41/><W61/><G61/><T81/><D35/><U133/><E133/><V130/><F71/><W66/><G4/><T111/><D28/><U3/><E93/><V15/><F130/><W42/><G102/><T121/><D121/><U14/><E0/><V6/><F53/><N who="3" m="29911" /><G33/><T12/><D12/><U131/><E131/><V72/><F72/><W91/><G30/><T36/><D111/><U100/><REACH who="1" step="1"/><E3/><REACH who="1" ten="247,156,423,164" step="2"/><V29/><F98/><W120/><G120/><T95/><D95/><U92/><E92/><V118/><F97/><W17/><G74/><T89/><D73/><U117/><E117/><V44/><F118/><W21/><G82/><T76/><D76/><U75/><E75/><V90/><F78/><W127/><G127/><T132/><D132/><U113/><E113/><V108/><F108/><W59/><G62/><T38/><D107/><U11/><AGARI ba="0,1" hai="7,10,11,13,14,19,25,27,48,49,51,100,101,103" machi="11" ten="40,5200,0" yaku="1,1,0,1,8,1,53,0" doraHai="54" doraHaiUra="34" who="1" fromWho="1" sc="247,-26,156,62,423,-13,164,-13" /><INIT seed="5,0,0,4,1,108" ten="221,218,410,151" oya="1" hai0="86,134,68,90,96,128,105,78,52,13,49,119,66" hai1="85,74,62,47,120,18,88,132,27,5,33,28,103" hai2="0,72,118,57,100,32,3,89,80,64,42,116,65" hai3="121,92,26,130,25,106,23,39,123,60,111,81,79"/><U9/><E120/><V102/><F42/><W70/><G111/><T14/><D119/><U73/><E132/><V131/><F57/><W31/><G106/><T126/><D134/><U4/><E103/><V109/><F109/><W24/><G39/><T71/><D128/><U87/><E18/><V54/><F32/><W55/><G130/><T1/><D1/><U11/><E47/><V117/><F131/><W69/><G92/><T97/><D126/><U50/><E50/><V2/><F54/><W93/><G93/><T94/><D105/><U77/><E77/><V95/><F80/><W101/><G101/><T41/><D41/><U107/><E107/><V36/><F36/><W6/><G6/><T51/><D66/><U127/><E62/><V20/><F72/><W30/><G60/><T38/><D38/><U133/><E127/><V10/><F102/><W112/><G55/><T135/><D135/><U84/><E88/><V114/><F100/><W7/><G7/><T40/><D40/><U16/><E133/><V122/><F122/><W59/><G123/><T124/><D124/><U43/><E43/><V115/><F20/><W56/><G23/><T104/><D104/><U46/><E46/><V61/><F10/><W37/><G121/><T15/><D51/><U48/><E48/><V91/><F61/><W125/><G37/><T75/><D75/><N who="1" m="28683" /><E11/><V67/><F95/><W29/><G125/><T113/><D78/><U53/><E53/><V82/><F82/><W129/><G129/><T58/><D52/><U110/><E110/><V98/><F98/><W34/><G81/><RYUUKYOKU ba="0,0" sc="221,-15,218,15,410,15,151,-15" hai1="4,5,9,16,27,28,33,84,85,87" hai2="0,2,3,64,65,67,89,91,114,115,116,117,118" /><INIT seed="5,1,0,0,3,92" ten="206,233,425,136" oya="1" hai0="73,43,133,23,129,63,76,13,33,59,93,0,54" hai1="48,95,79,3,94,72,62,109,84,70,113,22,83" hai2="112,9,86,125,66,68,99,107,120,130,16,10,114" hai3="71,28,115,127,65,78,89,88,50,53,18,108,119"/><U24/><E3/><V91/><F120/><W58/><G108/><T40/><D0/><U30/><E113/><N who="2" m="43627" /><F130/><W102/><G115/><T39/><D33/><U64/><E109/><V106/><F125/><W2/><G127/><T96/><D129/><U6/><E6/><V110/><F110/><W111/><G111/><T128/><D128/><U36/><E36/><V51/><F51/><W57/><G71/><T85/><D73/><U47/><E72/><V121/><F121/><W11/><G78/><T14/><D39/><U15/><REACH who="1" step="1"/><E15/><REACH who="1" ten="206,223,425,136" step="2"/><N who="2" m="7287" /><F68/><W124/><G124/><T104/><D13/><U25/><E25/><V122/><F122/><W103/><G2/><T42/><D14/><U61/><E61/><V49/><F9/><W4/><G4/><T7/><D7/><U116/><E116/><V34/><F49/><W44/><G119/><T27/><D27/><U17/><E17/><V8/><F8/><W38/><G38/><T69/><D63/><U29/><E29/><V21/><F21/><W131/><G28/><T132/><D23/><U20/><E20/><V126/><F34/><W32/><G32/><T98/><D104/><U37/><E37/><V74/><F126/><W56/><G131/><T105/><D105/><U5/><E5/><V123/><F74/><W41/><G18/><T55/><D133/><U52/><AGARI ba="1,1" hai="22,24,30,47,48,52,62,64,70,79,83,84,94,95" machi="52" ten="20,7800,0" yaku="1,1,0,1,7,1,54,1,53,0" doraHai="92" doraHaiUra="31" who="1" fromWho="1" sc="206,-27,223,91,425,-27,136,-27" /><INIT seed="5,2,0,0,2,30" ten="179,314,398,109" oya="1" hai0="9,15,75,2,118,47,66,70,59,109,42,105,32" hai1="90,86,58,60,56,22,72,50,103,49,69,83,98" hai2="23,120,48,114,11,108,26,91,131,121,74,53,65" hai3="84,16,37,10,133,0,132,21,28,3,77,96,104"/><U97/><E72/><V73/><F65/><W113/><G37/><T27/><D118/><U135/><E135/><V33/><F33/><W43/><G43/><T40/><D109/><U123/><E123/><V51/><F108/><W29/><G113/><T92/><D105/><U99/><E103/><V128/><F11/><W119/><G119/><T61/><D75/><N who="2" m="28682" /><F91/><W7/><G3/><T82/><D2/><U85/><E69/><V94/><F94/><W110/><G110/><T134/><D134/><N who="3" m="51817" /><G84/><T79/><D92/><U112/><E112/><V14/><F14/><N who="3" m="9367" /><G77/><T122/><D70/><U38/><E38/><V41/><F41/><W80/><G80/><T46/><D122/><N who="2" m="47210" /><F114/><W64/><G64/><T89/><D79/><U17/><E86/><V116/><F116/><W52/><G52/><T19/><D82/><U101/><E101/><AGARI ba="2,0" hai="0,7,10,28,29,96,101,104" m="9367,51817" machi="101" ten="30,2000,0" yaku="20,1,54,1" doraHai="30" who="3" fromWho="1" sc="179,0,314,-26,398,0,109,26" /><INIT seed="6,0,0,4,3,74" ten="179,288,398,135" oya="2" hai0="1,9,102,125,41,128,84,117,50,100,47,65,58" hai1="133,46,54,106,69,70,134,107,89,8,62,104,27" hai2="28,13,68,26,91,67,64,119,114,92,53,113,0" hai3="57,2,51,115,98,3,52,14,76,6,80,94,131"/><V122/><F122/><W77/><G131/><T34/><D34/><U21/><E8/><V24/><F0/><W96/><G115/><N who="2" m="44041" /><F119/><W45/><G3/><T31/><D31/><U20/><E89/><V110/><F68/><W135/><G2/><T36/><D117/><U120/><E120/><V25/><F28/><W73/><G135/><N who="1" m="51722" /><E27/><V105/><F105/><W103/><G96/><T79/><D128/><U5/><E5/><V7/><F53/><N who="3" m="29935" /><G80/><T32/><D32/><U93/><E93/><V111/><F13/><W90/><G103/><T75/><D84/><U55/><E46/><V85/><F7/><W95/><G94/><T129/><D129/><U82/><E82/><V59/><F59/><W16/><G73/><T43/><D43/><U118/><E118/><V44/><F44/><W29/><G6/><T130/><D130/><U56/><E55/><V116/><F116/><W19/><G29/><T109/><D109/><AGARI ba="0,0" hai="24,25,26,64,67,85,91,92,109,110,111" m="44041" machi="109" ten="40,3900,0" yaku="10,1,15,1" doraHai="74" who="2" fromWho="0" sc="179,-39,288,0,398,39,135,0" /><INIT seed="6,1,0,4,0,130" ten="140,288,437,135" oya="2" hai0="26,132,37,107,4,27,72,39,17,8,113,68,70" hai1="117,25,24,53,87,110,41,16,56,45,6,58,64" hai2="126,35,67,71,88,0,115,18,127,22,30,77,55" hai3="20,81,82,46,112,111,100,97,59,32,102,84,10"/><V114/><F77/><W96/><G111/><T50/><D72/><U14/><E6/><V65/><F0/><W135/><G32/><T63/><D107/><U69/><E69/><V29/><F35/><W49/><G112/><N who="2" m="43049" /><F55/><W134/><G59/><T92/><D113/><U101/><E101/><V121/><F121/><W99/><G10/><T15/><D50/><U116/><E110/><V28/><F71/><W9/><G9/><T93/><D63/><U31/><E31/><V109/><F109/><W12/><G20/><T94/><D70/><U61/><E116/><V89/><F22/><W80/><G12/><T42/><D68/><U5/><E5/><V133/><F18/><W60/><G60/><T47/><D39/><U86/><E117/><V131/><F131/><W129/><G129/><T119/><D119/><U91/><E86/><V44/><F44/><W85/><G46/><T52/><D52/><U13/><E13/><V74/><F74/><W66/><G66/><N who="2" m="25097" /><F133/><N who="3" m="50699" /><G49/><T124/><D132/><U104/><E58/><V98/><F98/><W105/><G99/><T76/><D4/><U11/><E64/><V3/><F3/><W36/><G36/><T108/><D108/><U23/><E23/><V125/><AGARI ba="1,0" hai="28,29,30,88,89,125,126,127" m="25097,43049" machi="125" ten="40,12000,1" yaku="28,2,18,1,15,1,54,1" doraHai="130" who="2" fromWho="2" sc="140,-41,288,-41,437,123,135,-41" /><INIT seed="6,2,0,3,1,24" ten="99,247,560,94" oya="2" hai0="107,86,99,13,100,75,4,82,41,135,3,58,37" hai1="30,57,132,118,95,98,78,96,127,17,7,50,46" hai2="92,112,63,55,113,0,74,125,68,25,54,38,93" hai3="71,88,53,65,85,62,83,33,19,42,81,51,59"/><V5/><F74/><W119/><G119/><T67/><D135/><U6/><E78/><V45/><F5/><W123/><G123/><T52/><D67/><U27/><E127/><V26/><F0/><W124/><G124/><T39/><D3/><U115/><E115/><N who="2" m="44107" /><F125/><W2/><G2/><T18/><D4/><U44/><E17/><V29/><F26/><W103/><G103/><T121/><D75/><U73/><E73/><V34/><F93/><W84/><G33/><T77/><D41/><U130/><E95/><V120/><F120/><W76/><G42/><T23/><REACH who="0" step="1"/><D121/><REACH who="0" ten="89,247,560,94" step="2"/><U47/><E6/><V72/><F72/><W8/><G8/><T70/><D70/><U16/><E7/><V14/><F68/><W128/><G128/><T97/><D97/><U80/><E98/><V90/><F38/><W129/><G129/><T131/><D131/><U56/><E96/><V79/><F55/><W109/><G109/><T49/><AGARI ba="2,1" hai="13,18,23,37,39,49,52,58,77,82,86,99,100,107" machi="49" ten="20,8000,1" yaku="1,1,0,1,7,1,54,1,53,1" doraHai="24" doraHaiUra="101" who="0" fromWho="0" sc="89,96,247,-22,560,-42,94,-22" /><INIT seed="7,0,0,1,0,65" ten="185,225,518,72" oya="3" hai0="23,111,107,15,5,46,62,102,13,70,116,127,129" hai1="131,77,75,81,49,19,95,28,108,7,41,45,126" hai2="68,59,72,22,74,112,31,58,128,34,33,44,114" hai3="101,123,121,97,27,51,16,118,104,84,2,115,69"/><W14/><G118/><T99/><D116/><U52/><E108/><V38/><F22/><W8/><G115/><N who="2" m="44073" /><F31/><W110/><G110/><T93/><D111/><U29/><E126/><V30/><F30/><W21/><G2/><T130/><D127/><U98/><E7/><V106/><F106/><W120/><G51/><T1/><D1/><U122/><E122/><V78/><F78/><W71/><REACH who="3" step="1"/><G84/><REACH who="3" ten="185,225,518,62" step="2"/><T67/><D129/><U26/><E131/><V83/><F128/><W42/><G42/><T56/><D130/><U80/><E41/><V35/><F74/><W134/><G134/><T39/><D39/><U63/><E75/><V109/><F72/><W92/><G92/><T60/><D93/><U25/><E95/><V73/><F73/><W132/><G132/><T88/><D107/><U96/><E49/><V48/><F109/><W9/><G9/><T64/><D99/><U87/><E87/><V24/><F38/><W57/><G57/><T55/><D56/><N who="1" m="35207" /><E98/><V89/><F59/><W40/><G40/><T6/><D62/><U37/><E96/><V32/><F58/><W20/><G20/><T3/><D3/><U17/><E37/><V10/><F35/><W54/><G54/><T18/><D55/><U11/><E11/><V53/><F34/><W117/><G117/><T125/><D23/><N who="1" m="15455" /><E45/><V133/><F33/><W43/><G43/><T79/><D46/><U94/><E94/><V0/><F133/><W36/><G36/><T119/><D60/><U61/><E61/><V66/><F0/><W105/><G105/><T50/><D119/><U113/><E113/><RYUUKYOKU ba="0,1" sc="185,-10,225,-10,518,-10,62,30" hai3="8,14,16,21,27,69,71,97,101,104,120,121,123" /><INIT seed="7,1,1,4,4,29" ten="175,215,508,92" oya="3" hai0="38,5,70,104,87,121,89,118,26,97,56,36,12" hai1="131,53,37,113,0,33,83,61,63,117,24,76,17" hai2="88,108,124,52,106,95,1,94,112,25,102,120,134" hai3="64,84,23,99,32,42,86,133,96,107,49,48,77"/><W98/><G133/><T111/><D70/><U39/><E0/><V125/><F1/><W43/><G107/><T74/><D74/><U132/><E63/><V7/><F7/><W16/><G64/><T59/><D121/><U75/><E33/><V116/><F116/><W92/><G32/><T66/><D118/><U78/><E78/><V28/><F134/><W51/><G77/><T19/><D111/><U45/><E117/><V50/><F108/><W90/><REACH who="3" step="1"/><G86/><REACH who="3" ten="175,215,508,82" step="2"/><T93/><D104/><U62/><E132/><V60/><F106/><W79/><G79/><T109/><D66/><U81/><E76/><V103/><F120/><W68/><G68/><T18/><D87/><U135/><E135/><V114/><F125/><W72/><G72/><T122/><D109/><U110/><E75/><V14/><F124/><W34/><G34/><T30/><D122/><U13/><E110/><V35/><F35/><W2/><G2/><T85/><D85/><U6/><E131/><V67/><F67/><W105/><G105/><T3/><D3/><U80/><E113/><V128/><F128/><W130/><G130/><T47/><D38/><U54/><E39/><V100/><F114/><W71/><G71/><T129/><D36/><U115/><E37/><V27/><F112/><W44/><G44/><T126/><D129/><U65/><E45/><V123/><F123/><W9/><G9/><T55/><D47/><U21/><E115/><V119/><F119/><W8/><G8/><T4/><D126/><U91/><E65/><V69/><F69/><W46/><G46/><T82/><D59/><RYUUKYOKU ba="1,2" sc="175,-10,215,-10,508,-10,82,30" hai3="16,23,42,43,48,49,51,84,90,92,96,98,99" /><INIT seed="7,2,2,1,5,39" ten="165,205,498,112" oya="3" hai0="59,86,107,17,97,61,133,72,98,127,47,3,44" hai1="101,69,89,16,121,36,22,21,38,8,113,46,83" hai2="104,0,134,124,25,94,11,20,79,114,75,87,27" hai3="51,90,9,129,26,120,85,65,115,56,105,62,131"/><W106/><G115/><T60/><D72/><U126/><E69/><V82/><F104/><W78/><G78/><T41/><D3/><U102/><E38/><V7/><F114/><W54/><G120/><T132/><D127/><U10/><E36/><V30/><F124/><W42/><G42/><T32/><D32/><U49/><E22/><V93/><F134/><N who="0" m="51818" /><D86/><N who="1" m="50399" /><E121/><V15/><F75/><W110/><G110/><T118/><D118/><U77/><E77/><V108/><F108/><W130/><G26/><T95/><D107/><U53/><E126/><V12/><F27/><W111/><G111/><T31/><D31/><U125/><E125/><V19/><F15/><W96/><G9/><AGARI ba="2,2" hai="0,7,9,11,12,19,20,25,30,79,82,87,93,94" machi="9" ten="30,1000,0" yaku="7,1" doraHai="39" who="2" fromWho="3" sc="165,0,205,0,498,36,112,-16" owari="165,-23.0,205,1.0,534,62.0,96,-40.0" /></mjloggm>