<mjloggm ver="2.3"><GO type="41" lobby="0"/><UN n0="%E5%B0%B1%E6%B4%BB%E7%94%9F%40%E5%B7%9D%E6%9D%91%E8%BB%8D%E5%9B%A3" n1="%42%45%43" n2="%61%68%6F%64%61%39" n3="%E3%81%A6%E3%81%BD%E3%81%A9%E3%82%93%EF%BC%81" dan="14,13,14,14" rate="1954.38,1817.50,1896.48,1910.71" sx="M,M,M,M"/><TAIKYOKU oya="0"/><INIT seed="0,0,0,2,4,31" ten="250,250,250,250" oya="0" hai0="38,75,106,69,83,104,57,132,51,27,59,35,58" hai1="23,126,98,41,72,125,124,91,82,120,70,77,97" hai2="18,87,105,135,62,39,55,116,100,45,101,84,11" hai3="10,8,92,53,4,2,129,9,114,127,3,17,36"/><T1/><D69/><U40/><E70/><V54/><F135/><W89/><G36/><T107/><D38/><U110/><E120/><V13/><F116/><W33/><G114/><T16/><D1/><U56/><E56/><V28/><F55/><W121/><G121/><T99/><D132/><U22/><E110/><V76/><F87/><W15/><G127/><T80/><D75/><U12/><E12/><V14/><F105/><W61/><G129/><T65/><D65/><U73/><E91/><V21/><F28/><W133/><G133/><T66/><D66/><U113/><E113/><V96/><F96/><W5/><G61/><T60/><D60/><U43/><REACH who="1" step="1"/><E72/><REACH who="1" ten="250,240,250,250" step="2"/><V25/><F14/><W119/><G119/><T128/><D128/><U46/><E46/><V71/><F13/><W94/><G53/><T44/><D99/><AGARI ba="0,1" hai="22,23,40,41,43,73,77,82,97,98,99,124,125,126" machi="99" ten="50,3200,0" yaku="1,1,18,1,53,0" doraHai="31" doraHaiUra="52" who="1" fromWho="0" sc="250,-32,240,42,250,0,250,0" /><INIT seed="1,0,0,1,5,115" ten="218,282,250,250" oya="1" hai0="43,84,79,8,19,32,76,108,25,85,61,120,45" hai1="28,107,117,56,94,124,63,73,135,103,41,16,49" hai2="102,51,18,80,78,0,2,64,101,5,7,133,54" hai3="12,88,104,39,1,113,67,29,14,122,109,81,97"/><U38/><E73/><V114/><F133/><W46/><G113/><T4/><D108/><U72/><E72/><V50/><F64/><W9/><G122/><T93/><D120/><U34/><E38/><V99/><F18/><W30/><G109/><T58/><D32/><U40/><E107/><V127/><F127/><W119/><G67/><T37/><D25/><U36/><E36/><V77/><F114/><W35/><G35/><T92/><D19/><U74/><E74/><V15/><F99/><W106/><G39/><T123/><D123/><U89/><E135/><V22/><F80/><W52/><G1/><T100/><D100/><U53/><E124/><V42/><F54/><W33/><G33/><T55/><D85/><U132/><E132/><V23/><REACH who="2" step="1"/><F15/><REACH who="2" ten="218,282,240,250" step="2"/><W96/><G12/><T129/><D129/><U68/><E16/><V17/><F17/><N who="3" m="8399" /><G106/><T65/><D65/><U71/><E71/><V44/><F44/><W47/><G104/><T91/><D92/><U62/><E68/><V130/><F130/><W27/><G46/><T131/><D131/><U105/><E105/><V126/><F126/><W87/><G27/><T21/><D45/><U121/><E94/><V11/><F11/><W48/><G119/><T83/><D8/><U59/><E121/><V116/><F116/><W110/><G110/><T20/><D83/><U70/><E117/><V31/><F31/><AGARI ba="0,1" hai="29,30,31,47,48,52,81,87,88,96,97" m="8399" machi="31" ten="30,7700,0" yaku="25,1,8,1,54,2" doraHai="115" who="3" fromWho="2" sc="218,0,282,0,240,-77,250,87" /><INIT seed="2,0,0,0,4,0" ten="218,282,163,337" oya="2" hai0="91,95,76,22,121,29,127,81,74,122,126,49,1" hai1="55,20,14,117,4,42,54,106,59,57,71,79,26" hai2="134,5,39,15,120,98,131,2,128,86,97,96,114" hai3="60,16,48,47,61,66,10,130,58,99,21,80,46"/><V37/><F134/><W51/><G130/><N who="2" m="49705" /><F114/><W118/><G118/><T43/><D1/><U19/><E106/><V133/><F133/><W17/><G99/><N who="0" m="57855" /><D29/><U53/><E117/><V8/><F120/><N who="0" m="46186" /><D22/><U109/><E109/><V94/><F2/><W9/><G80/><T125/><D49/><U110/><E110/><V62/><F62/><W100/><G100/><T135/><D43/><U3/><E71/><V33/><F33/><W52/><G61/><T90/><D135/><U34/><E42/><V45/><F45/><W12/><G17/><T103/><D90/><AGARI ba="0,0" hai="5,8,15,37,39,86,90,94,96,97,98" m="49705" machi="90" ten="30,2900,0" yaku="19,1,52,1" doraHai="0" who="2" fromWho="0" sc="218,-29,282,0,163,29,337,0" /><INIT seed="2,1,0,3,2,43" ten="189,282,192,337" oya="2" hai0="34,3,114,32,62,38,115,10,122,132,95,87,48" hai1="96,0,70,30,42,28,89,15,56,83,98,53,65" hai2="124,81,68,31,4,84,77,58,7,22,105,109,71" hai3="17,128,46,120,113,52,112,37,12,97,130,19,131"/><V100/><F124/><W126/><G126/><T25/><D38/><U135/><E0/><V93/><F109/><W26/><G120/><T74/><D122/><U27/><E135/><V66/><F105/><W88/><G37/><T125/><D74/><U103/><E70/><V49/><F68/><W76/><G76/><T44/><D132/><U117/><E117/><V99/><F71/><W94/><G26/><T108/><D125/><U119/><E119/><V102/><F100/><W40/><G40/><T91/><D108/><U107/><E65/><V61/><REACH who="2" step="1"/><F49/><REACH who="2" ten="189,282,182,337" step="2"/><N who="3" m="28727" /><G19/><T92/><D114/><U5/><E103/><V111/><F111/><W75/><G75/><T8/><D115/><U133/><E107/><V24/><AGARI ba="1,1" hai="4,7,22,24,31,58,61,66,77,81,84,93,99,102" machi="24" ten="30,18000,2" yaku="1,1,0,1,25,2,8,1,53,1" doraHai="43" doraHaiUra="72" who="2" fromWho="2" sc="189,-61,282,-61,182,193,337,-61" /><INIT seed="2,2,0,3,1,18" ten="128,221,375,276" oya="2" hai0="134,29,112,4,13,33,30,44,106,107,11,39,1" hai1="109,41,63,35,94,48,6,103,45,80,85,117,56" hai2="23,24,52,123,27,104,77,72,58,2,26,65,69" hai3="74,92,55,22,127,111,124,91,128,86,113,133,130"/><V126/><F126/><N who="3" m="48171" /><G74/><T84/><D112/><U78/><E35/><V9/><F123/><W83/><G55/><T62/><D134/><U71/><E71/><V3/><F104/><W82/><G22/><T93/><D107/><U49/><E109/><V95/><F69/><W101/><G111/><T73/><D106/><U19/><E117/><V34/><F65/><W14/><G14/><T96/><D73/><U76/><E6/><V12/><F34/><W90/><G101/><T129/><D129/><N who="3" m="49769" /><G113/><T7/><D7/><U38/><E38/><V47/><F23/><W114/><G114/><T15/><D84/><U99/><E49/><V70/><F72/><W8/><G8/><T0/><D0/><U75/><E75/><V16/><F9/><W43/><G43/><T54/><D1/><U60/><E56/><V118/><F52/><W110/><G110/><T36/><D15/><U116/><E116/><V37/><F118/><W120/><G120/><T81/><D33/><U105/><E78/><V46/><F12/><W28/><G28/><T59/><D39/><U61/><E105/><V25/><F2/><W68/><G68/><T108/><D108/><U132/><E132/><V119/><F70/><W17/><G17/><AGARI ba="2,0" hai="17,19,41,45,48,60,61,63,76,80,85,94,99,103" machi="17" ten="40,1300,0" yaku="8,1" doraHai="18" who="1" fromWho="3" sc="128,0,221,19,375,0,276,-19" /><INIT seed="3,0,0,4,1,35" ten="128,240,375,257" oya="3" hai0="101,89,73,21,51,135,79,24,100,65,49,14,97" hai1="17,133,93,119,88,80,38,23,77,87,58,0,95" hai2="74,4,32,56,31,50,33,55,28,8,42,52,22" hai3="115,57,60,7,10,70,110,19,61,90,122,113,63"/><W47/><G122/><T105/><D135/><U117/><E38/><V2/><F74/><W106/><G106/><T114/><D114/><U99/><E133/><V18/><F42/><W43/><G110/><T127/><D127/><U126/><E58/><V116/><F116/><N who="1" m="44617" /><E126/><V107/><F107/><W91/><G115/><T129/><D129/><U46/><E46/><V85/><F85/><W94/><G113/><T27/><D100/><U11/><E11/><V102/><F102/><W121/><G121/><T62/><D89/><U118/><N who="1" m="44625" /><U64/><DORA hai="15" /><E64/><V109/><F109/><W82/><G70/><T103/><D103/><U75/><E95/><V12/><REACH who="2" step="1"/><F55/><REACH who="2" ten="128,240,365,257" step="2"/><W26/><G43/><T66/><D73/><U16/><E75/><V108/><F108/><W67/><G67/><T3/><D66/><U71/><E71/><V68/><F68/><W83/><G82/><T44/><D65/><U30/><E0/><V13/><F13/><N who="3" m="5343" /><G83/><T86/><D3/><U120/><E120/><V69/><F69/><W45/><G94/><T130/><D14/><U78/><E78/><V29/><AGARI ba="0,1" hai="2,4,8,12,18,22,28,29,31,32,33,50,52,56" machi="29" ten="30,8000,1" yaku="1,1,0,1,52,2,54,1,53,0" doraHai="35,15" doraHaiUra="41,111" who="2" fromWho="2" sc="128,-20,240,-20,365,90,257,-40" /><INIT seed="4,0,0,3,5,94" ten="108,220,455,217" oya="0" hai0="81,126,85,93,45,36,33,121,19,120,130,9,38" hai1="6,42,47,0,39,72,91,50,37,2,52,87,101" hai2="4,60,44,76,124,90,95,41,49,109,99,69,128" hai3="10,66,74,51,14,27,55,46,63,57,132,21,40"/><T135/><D33/><U35/><E35/><V106/><F124/><W67/><G132/><T131/><D126/><U113/><E72/><V89/><F128/><N who="0" m="49194" /><D135/><U117/><E117/><V125/><F109/><W129/><G129/><T65/><D65/><U54/><E113/><V30/><F125/><W103/><G103/><T119/><D119/><U110/><E110/><V134/><F134/><W116/><G116/><T96/><D19/><U114/><E114/><V13/><F106/><W1/><G1/><T88/><D9/><U79/><E79/><V77/><F30/><W108/><G108/><T73/><D73/><U78/><E78/><V111/><F111/><W32/><G32/><T105/><D105/><U23/><E0/><V104/><F90/><W29/><REACH who="3" step="1"/><G74/><REACH who="3" ten="108,220,455,207" step="2"/><T98/><D45/><U16/><E101/><V59/><F44/><W22/><G22/><T12/><D12/><U97/><E2/><V107/><F13/><W64/><G64/><T17/><D17/><AGARI ba="0,1" hai="10,14,17,21,27,29,40,46,51,55,57,63,66,67" machi="17" ten="30,7700,0" yaku="1,1,7,1,8,1,53,1" doraHai="94" doraHaiUra="58" who="3" fromWho="0" sc="108,-77,220,0,455,0,207,87" /><INIT seed="5,0,0,5,4,22" ten="31,220,455,294" oya="1" hai0="64,87,70,66,90,5,63,82,134,48,57,34,11" hai1="116,37,24,21,73,122,10,38,108,128,58,0,100" hai2="53,19,118,113,77,32,60,105,55,119,61,15,91" hai3="78,114,117,8,92,101,7,132,89,74,120,127,14"/><U28/><E122/><V4/><F105/><W72/><G120/><T85/><D134/><U97/><E116/><V9/><F113/><W130/><G132/><T102/><D34/><U88/><E108/><V109/><F109/><W3/><G117/><T126/><D126/><U125/><E125/><V35/><F77/><W65/><G127/><T50/><D102/><U135/><E135/><V123/><F123/><W79/><G114/><T83/><D66/><U129/><E58/><V25/><F91/><W62/><G130/><N who="1" m="50282" /><E73/><V49/><F55/><W13/><G74/><T110/><D110/><U47/><E47/><V26/><F35/><W71/><G101/><T54/><D50/><U124/><E124/><V30/><F26/><W59/><G71/><T111/><D111/><U27/><E27/><V104/><F104/><W36/><G36/><T39/><D39/><U94/><E100/><V80/><F61/><W2/><G2/><T17/><D17/><U51/><E51/><V131/><F60/><W42/><G42/><T52/><D48/><U93/><E93/><V31/><F131/><W86/><G72/><T69/><D69/><U12/><E0/><V23/><F49/><W40/><G40/><T103/><D103/><U112/><E112/><V68/><F68/><W1/><G1/><T106/><D106/><U33/><E33/><V84/><F119/><W67/><G67/><T115/><D115/><U29/><E29/><V121/><F121/><W6/><G6/><AGARI ba="0,0" hai="6,10,12,21,24,28,37,38,88,94,97" m="50282" machi="6" ten="30,5800,0" yaku="19,1,52,1,54,1" doraHai="22" who="1" fromWho="3" sc="31,0,220,58,455,0,294,-58" /><INIT seed="5,1,0,4,5,62" ten="31,278,455,236" oya="1" hai0="64,130,112,121,26,93,86,100,59,20,109,89,99" hai1="16,37,24,43,111,82,113,75,61,0,6,2,54" hai2="80,46,88,84,103,56,90,135,19,11,60,29,12" hai3="120,28,57,34,53,49,40,127,39,30,74,35,134"/><U131/><E113/><V9/><F135/><W129/><G120/><T21/><D109/><U101/><E111/><V71/><F71/><W51/><G74/><T52/><D121/><U33/><E131/><V36/><F103/><W118/><G118/><T85/><D130/><U104/><E6/><V122/><F122/><W69/><G129/><T47/><D112/><U78/><E54/><V67/><F29/><W17/><G134/><T5/><D5/><U128/><E128/><V106/><F106/><W92/><G127/><T7/><D52/><U66/><E16/><V18/><F90/><W70/><G17/><T3/><D47/><N who="1" m="24047" /><E61/><V63/><F63/><W1/><G1/><T25/><D7/><U91/><E66/><V114/><F114/><W126/><G126/><T10/><D10/><U115/><E91/><V132/><F132/><W77/><G39/><T55/><D3/><U107/><E115/><V81/><F81/><W116/><G40/><T110/><D110/><U119/><E119/><V102/><F102/><W23/><G116/><T42/><D42/><U50/><E50/><V27/><F36/><W58/><G53/><T97/><D64/><U125/><E125/><V38/><F38/><W14/><G77/><T22/><D97/><N who="1" m="61487" /><E107/><V13/><F46/><W72/><G14/><T98/><D98/><U45/><E45/><V44/><F44/><W31/><G23/><T94/><REACH who="0" step="1"/><D85/><REACH who="0" ten="21,278,455,236" step="2"/><U95/><E95/><V73/><F73/><W123/><G72/><T76/><D76/><U32/><E32/><V108/><F108/><W83/><G35/><T87/><D87/><RYUUKYOKU ba="1,1" sc="21,10,278,10,455,10,236,-30" hai0="20,21,22,25,26,55,59,86,89,93,94,99,100" hai1="0,2,24,33,75,78,82" hai2="9,11,12,13,18,19,27,56,60,67,80,84,88" /><INIT seed="5,2,1,3,0,96" ten="31,288,465,206" oya="1" hai0="73,88,94,119,83,71,116,80,68,108,126,3,8" hai1="22,53,16,15,18,111,117,129,27,130,75,66,97" hai2="122,13,26,40,120,32,14,95,70,90,58,4,48" hai3="125,36,44,56,45,6,85,12,62,33,110,69,49"/><U98/><E117/><V11/><F70/><W87/><G110/><T92/><D126/><U74/><E111/><V37/><F37/><W60/><G125/><T17/><D108/><U42/><E66/><V10/><F26/><W57/><G33/><T2/><D73/><U103/><E42/><V127/><F32/><W121/><G121/><T112/><D112/><U99/><E53/><V41/><F127/><W46/><G36/><T114/><D114/><U118/><E118/><V31/><F31/><W101/><G101/><T54/><D8/><U29/><E75/><V78/><F78/><W113/><G113/><T25/><D25/><U30/><E74/><V9/><F9/><W123/><G123/><T64/><D17/><U81/><E81/><V100/><F100/><W28/><G28/><T63/><D63/><N who="3" m="24105" /><G69/><T21/><D21/><U133/><E133/><V61/><F48/><W52/><G12/><T124/><D124/><U102/><E18/><N who="2" m="8503" /><F120/><W86/><G6/><T79/><D79/><U55/><E55/><N who="2" m="34015" /><F122/><W67/><G67/><T105/><D54/><U76/><E76/><V91/><F91/><W128/><G128/><N who="1" m="49258" /><E30/><V132/><F132/><W34/><G34/><AGARI ba="2,1" hai="15,16,22,27,29,34,97,98,99,102,103" m="49258" machi="34" ten="30,11600,0" yaku="19,1,52,2,54,1" doraHai="96" who="1" fromWho="3" sc="31,0,288,132,465,0,206,-122" /><INIT seed="5,3,0,1,5,22" ten="31,420,465,84" oya="1" hai0="32,18,93,13,118,123,99,98,95,43,42,135,37" hai1="133,71,40,96,122,120,85,102,79,87,62,82,39" hai2="5,97,72,52,60,57,41,8,25,83,45,90,69" hai3="50,4,36,67,48,33,80,111,104,2,19,21,131"/><U78/><E39/><V114/><F114/><W128/><G33/><T1/><D118/><U16/><E40/><V76/><F69/><W14/><G111/><T49/><D1/><U116/><E116/><V34/><F34/><W11/><G104/><T88/><D37/><U28/><E133/><V130/><F130/><N who="3" m="49707" /><G36/><T129/><D129/><U10/><E122/><V63/><F63/><W112/><G112/><T92/><D32/><U23/><E28/><V115/><F115/><W59/><G80/><T35/><D35/><U3/><E120/><V58/><F58/><W127/><G127/><T86/><D123/><U103/><E96/><N who="0" m="36905" /><D135/><U84/><E84/><V0/><F25/><N who="3" m="14527" /><G2/><T65/><D65/><U68/><E62/><AGARI ba="3,0" hai="4,11,14,48,50,59,62,67" m="14527,49707" machi="62" ten="30,2000,0" yaku="19,1,52,1" doraHai="22" who="3" fromWho="1" sc="31,0,420,-29,465,0,84,29" /><INIT seed="6,0,0,4,3,28" ten="31,391,465,113" oya="2" hai0="128,84,29,4,110,79,18,2,100,3,31,5,26" hai1="132,127,25,27,36,10,32,39,102,105,76,66,35" hai2="69,37,88,98,99,21,113,81,70,71,107,30,115" hai3="97,103,106,73,72,104,40,87,44,14,124,61,8"/><V126/><F126/><W85/><G124/><T123/><D100/><U67/><E10/><V82/><F37/><W109/><G109/><T17/><D79/><U80/><E127/><V57/><F107/><W121/><G121/><T24/><D84/><U122/><E122/><V86/><F57/><W52/><G106/><T131/><REACH who="0" step="1"/><D123/><REACH who="0" ten="21,391,465,113" step="2"/><U22/><E102/><V94/><F99/><W58/><G85/><T63/><D63/><U116/><E105/><V77/><F82/><W19/><REACH who="3" step="1"/><G87/><REACH who="3" ten="21,391,465,103" step="2"/><T46/><D46/><U42/><E80/><V108/><F108/><AGARI ba="0,2" hai="2,3,4,5,17,18,24,26,29,31,108,110,128,131" machi="108" ten="25,12000,2" yaku="1,1,22,2,34,3,53,0" doraHai="28" doraHaiUra="6" who="0" fromWho="2" sc="21,140,391,0,465,-120,103,0" /><INIT seed="7,0,0,3,2,76" ten="161,391,345,103" oya="3" hai0="98,49,135,58,87,39,53,109,23,79,69,106,13" hai1="7,16,128,97,1,118,74,73,42,130,84,72,88" hai2="80,113,110,78,27,126,77,36,22,35,30,123,33" hai3="100,124,131,82,67,112,61,2,19,64,92,70,51"/><W89/><G2/><T4/><D69/><U133/><E118/><V66/><F113/><W108/><G108/><T18/><D39/><U90/><E42/><V47/><F126/><W91/><G112/><T26/><D109/><U132/><E1/><V56/><F123/><W48/><G124/><T45/><D135/><N who="1" m="51787" /><E7/><V86/><F110/><W95/><G131/><N who="1" m="50218" /><E16/><V55/><F66/><W43/><G70/><T54/><D98/><U11/><E11/><V116/><F116/><W44/><G61/><T52/><D106/><U60/><E60/><V46/><F78/><W119/><G119/><T10/><D58/><U101/><E84/><V81/><F81/><AGARI ba="0,0" hai="4,10,13,18,23,26,45,49,52,53,54,79,81,87" machi="81" ten="40,5200,0" yaku="8,1,52,1,54,1" doraHai="76" who="0" fromWho="2" sc="161,52,391,0,345,-52,103,0" owari="213,-19.0,391,50.0,293,9.0,103,-40.0" /></mjloggm>