<mjloggm ver="2.3"><GO type="169" lobby="0"/><UN n0="%E3%83%89%E3%83%A9%E3%82%B4%E3%83%B3%E3%83%96%E3%83%AA%E3%83%BC%E3%83%89" n1="%E5%B0%B1%E6%B4%BB%E7%94%9F%40%E5%B7%9D%E6%9D%91%E8%BB%8D%E5%9B%A3" n2="%73%61%76%65%69" n3="%41%72%63%75%65%69%64%31" dan="17,16,16,16" rate="2139.67,2114.24,2097.15,2040.30" sx="M,M,M,F"/><TAIKYOKU oya="0"/><INIT seed="0,0,0,5,3,112" ten="250,250,250,250" oya="0" hai0="64,126,79,39,132,54,74,98,41,8,1,94,113" hai1="75,121,82,28,50,15,58,55,91,81,67,100,47" hai2="32,108,12,44,85,20,129,45,103,14,128,11,130" hai3="65,52,80,135,86,18,0,77,3,95,69,83,109"/><T106/><D113/><U68/><E121/><V107/><F32/><W104/><G104/><T120/><D106/><U59/><E100/><V105/><F108/><W21/><G109/><T76/><D64/><U123/><E123/><V9/><F85/><W73/><G135/><T72/><D54/><U5/><E28/><V118/><F20/><W53/><G95/><T124/><D41/><U62/><E75/><N who="0" m="28713" /><D39/><U35/><E35/><V63/><F63/><W23/><G23/><T37/><D37/><U49/><E91/><V24/><F24/><W125/><G125/><N who="0" m="48235" /><D120/><U26/><E26/><V119/><F129/><W36/><G36/><T6/><D132/><U117/><E68/><V90/><F90/><AGARI ba="0,0" hai="1,6,8,76,79,90,94,98" m="48235,28713" machi="90" ten="30,1500,0" yaku="18,1" doraHai="112" who="0" fromWho="2" sc="250,15,250,0,250,-15,250,0" /><INIT seed="0,1,0,4,5,78" ten="265,250,235,250" oya="0" hai0="110,95,107,102,119,118,17,126,115,42,74,65,121" hai1="61,35,112,106,131,127,4,56,91,60,69,68,47" hai2="20,45,97,11,16,28,66,30,49,50,7,89,58" hai3="99,59,41,128,19,90,57,83,64,8,32,2,13"/><T71/><D42/><U87/><E106/><V25/><F66/><W98/><G32/><T55/><D55/><U18/><E35/><V1/><F58/><W31/><G31/><T96/><D17/><U29/><E29/><V109/><F109/><W79/><G128/><T117/><D65/><U12/><E4/><V26/><F26/><W62/><G2/><T46/><D46/><U27/><E27/><V73/><F73/><W34/><G34/><T92/><D71/><U125/><E131/><V82/><F49/><W6/><G41/><T134/><D115/><U51/><E112/><V21/><F21/><W33/><G33/><T135/><D121/><U80/><E68/><V63/><F63/><W67/><G90/><T84/><D126/><N who="1" m="48139" /><E56/><V5/><F5/><W122/><G122/><T116/><D74/><U40/><E69/><V14/><F1/><W94/><G94/><N who="0" m="35883" /><D116/><U0/><E0/><V124/><F124/><W104/><G104/><T15/><D15/><U70/><E70/><V72/><F72/><W113/><G113/><T101/><D110/><U100/><E100/><V39/><F39/><W22/><G59/><T9/><D102/><U37/><E37/><V23/><F28/><W75/><REACH who="3" step="1"/><G67/><REACH who="3" ten="265,250,235,240" step="2"/><T10/><D119/><U54/><E40/><V76/><F30/><W130/><G130/><T132/><D118/><U133/><E133/><V44/><F45/><W114/><G114/><T129/><D129/><U77/><E77/><V48/><F44/><W86/><G86/><T93/><D117/><U111/><E111/><V108/><F108/><W123/><G123/><RYUUKYOKU ba="1,1" sc="265,10,250,10,235,-30,240,10" hai0="9,10,84,93,96,101,107,132,134,135" hai1="12,18,47,51,54,60,61,80,87,91" hai3="6,8,13,19,22,57,62,64,75,79,83,98,99" /><INIT seed="0,2,1,1,1,52" ten="275,260,205,250" oya="0" hai0="38,109,118,39,16,24,85,122,48,83,11,77,79" hai1="28,127,66,0,35,49,45,42,9,123,59,15,20" hai2="73,120,7,6,134,117,57,78,37,106,89,55,23" hai3="133,60,115,43,87,71,128,97,33,58,112,98,41"/><T22/><D118/><U135/><E123/><V129/><F120/><W91/><G71/><T101/><D122/><U104/><E104/><V107/><F37/><W81/><G33/><T27/><D101/><U100/><E135/><V3/><F134/><W29/><G29/><T65/><D65/><U51/><E127/><V88/><F117/><W111/><G111/><T76/><D109/><U92/><E35/><V31/><F6/><W116/><G116/><T119/><D119/><U130/><E0/><V13/><F3/><W61/><G128/><T44/><D11/><U72/><E72/><V103/><F107/><W86/><G133/><T21/><D39/><U10/><E130/><V30/><F106/><W69/><G69/><T4/><D4/><U75/><E75/><V110/><F73/><W40/><G61/><T114/><D38/><U113/><E113/><V94/><F78/><W50/><G50/><T96/><D96/><N who="1" m="59399" /><E49/><N who="2" m="30959" /><F129/><W82/><G115/><T46/><D114/><U8/><E28/><V105/><F105/><W74/><G74/><T93/><D93/><U12/><E20/><V34/><F34/><W99/><G112/><T125/><D125/><U80/><E80/><N who="3" m="30826" /><G91/><N who="2" m="34889" /><F110/><W121/><G121/><T84/><D83/><U108/><E108/><V2/><F94/><W70/><G70/><T132/><D132/><U68/><E68/><V18/><F103/><W1/><G1/><T63/><D63/><AGARI ba="2,1" hai="8,9,10,12,15,42,45,51,59,63,66" m="59399" machi="63" ten="30,2000,0" yaku="8,1,52,1" doraHai="52" who="1" fromWho="0" sc="275,-26,260,36,205,0,250,0" /><INIT seed="1,0,0,0,2,100" ten="249,296,205,250" oya="1" hai0="50,76,37,66,130,94,126,68,77,132,118,45,89" hai1="109,19,5,115,74,99,24,62,2,106,60,64,69" hai2="44,18,32,75,67,40,92,98,107,15,42,124,120" hai3="0,88,90,49,58,91,129,103,135,6,4,121,85"/><U127/><E115/><V16/><F120/><W56/><G121/><T72/><D118/><U71/><E19/><V26/><F75/><W14/><G0/><T25/><D37/><U114/><E114/><V78/><F78/><W35/><G35/><T108/><D108/><U30/><E127/><V10/><F124/><W53/><G129/><T83/><D130/><U104/><E109/><V28/><F44/><W13/><G135/><T17/><D132/><U112/><E99/><V105/><F67/><W86/><G103/><T79/><D66/><N who="1" m="41159" /><E112/><V117/><F117/><W31/><G31/><T43/><D68/><U29/><E29/><V125/><F125/><W7/><REACH who="3" step="1"/><G56/><REACH who="3" ten="249,296,205,240" step="2"/><T55/><D126/><U70/><E70/><V123/><F123/><W81/><G81/><T11/><D83/><U54/><E54/><V87/><F87/><AGARI ba="0,1" hai="4,6,7,13,14,49,53,58,85,86,87,88,90,91" machi="87" ten="40,12000,2" yaku="1,1,8,1,54,1,53,3" doraHai="100" doraHaiUra="80" who="3" fromWho="2" sc="249,0,296,0,205,-120,240,130" /><INIT seed="2,0,0,0,4,27" ten="249,296,85,370" oya="2" hai0="75,63,2,20,6,116,85,34,25,103,135,91,29" hai1="9,64,59,124,112,11,79,131,58,134,114,18,71" hai2="77,24,100,90,82,1,0,129,74,132,52,120,42" hai3="10,126,69,87,67,31,86,66,128,94,22,46,127"/><V123/><F42/><W48/><G128/><T89/><D135/><U12/><E124/><N who="3" m="47658" /><G69/><T110/><D75/><U118/><E118/><V37/><F37/><W32/><G32/><T21/><D110/><U99/><E131/><V60/><F129/><W83/><G94/><T121/><D121/><U105/><E134/><V30/><F132/><W76/><G10/><T33/><D103/><U97/><E79/><V81/><F100/><W98/><G98/><T17/><D63/><U80/><E80/><V130/><F130/><W28/><G87/><T78/><D78/><U108/><E108/><V88/><F0/><W54/><G22/><T7/><D116/><U102/><E97/><V125/><F1/><W107/><G107/><T133/><D133/><U104/><E104/><V101/><F101/><W73/><G73/><T109/><D109/><U36/><E36/><V41/><F41/><W117/><G117/><T106/><D106/><U96/><E96/><V23/><F125/><W26/><G26/><T5/><D2/><U14/><E71/><V70/><F70/><W16/><G16/><T13/><REACH who="0" step="1"/><D91/><REACH who="0" ten="239,296,85,370" step="2"/><U19/><E64/><AGARI ba="0,1" hai="28,31,46,48,54,64,66,67,76,83,86" m="47658" machi="64" ten="30,3900,0" yaku="18,1,52,2" doraHai="27" who="3" fromWho="1" sc="239,0,296,-39,85,0,370,49" /><INIT seed="3,0,0,2,2,11" ten="239,257,85,419" oya="3" hai0="29,111,72,60,115,94,66,75,10,5,112,74,48" hai1="41,34,1,135,50,91,109,15,19,100,61,119,67" hai2="105,8,122,22,93,132,80,47,57,58,62,90,27" hai3="97,49,87,103,20,96,28,127,131,3,108,56,54"/><W118/><G118/><T99/><D29/><U113/><E1/><V133/><F105/><W32/><G3/><T9/><D48/><U51/><E113/><N who="0" m="43593" /><D5/><U114/><E34/><V31/><F122/><W46/><G32/><T89/><D111/><U69/><E109/><V39/><F80/><W68/><G68/><AGARI ba="0,0" hai="9,10,60,66,68,72,74,75,89,94,99" m="43593" machi="68" ten="40,1300,0" yaku="11,1" doraHai="11" who="0" fromWho="3" sc="239,13,257,0,85,0,419,-13" /><INIT seed="4,0,0,3,3,64" ten="252,257,85,406" oya="0" hai0="0,71,10,42,115,106,91,116,130,23,83,3,65" hai1="43,16,63,49,35,124,100,4,57,96,68,19,73" hai2="18,7,129,58,1,118,127,17,97,31,70,120,44" hai3="56,82,54,55,51,113,88,87,62,27,29,38,81"/><T48/><D116/><U37/><E35/><V20/><F120/><W104/><G104/><T50/><D106/><U22/><E73/><V92/><F118/><W77/><G113/><T78/><D130/><U133/><E4/><V52/><F31/><W108/><G108/><T11/><D91/><U40/><E124/><V2/><F129/><W110/><G110/><T21/><D65/><N who="1" m="41023" /><E43/><V114/><F114/><W95/><G38/><T32/><D32/><U47/><E22/><V6/><F44/><W28/><G27/><T8/><D71/><U131/><E131/><V66/><F127/><W41/><G41/><T125/><D115/><U98/><E98/><V9/><F66/><W45/><REACH who="3" step="1"/><G82/><REACH who="3" ten="252,257,85,396" step="2"/><T75/><D125/><U14/><E37/><V99/><F92/><W5/><G5/><T126/><D42/><U117/><E40/><V13/><F6/><W134/><G134/><T123/><D126/><U69/><E133/><V128/><F7/><W94/><G94/><T121/><D121/><U86/><E19/><V105/><F105/><W74/><AGARI ba="0,1" hai="28,29,45,51,54,55,56,62,74,77,81,87,88,95" machi="74" ten="20,5200,0" yaku="1,1,0,1,7,1,54,1,53,0" doraHai="64" doraHaiUra="60" who="3" fromWho="3" sc="252,-26,257,-13,85,-13,396,62" /><INIT seed="5,0,0,5,2,64" ten="226,244,72,458" oya="1" hai0="114,55,23,115,16,107,132,63,135,72,113,92,14" hai1="95,80,3,78,1,43,52,47,40,36,116,48,38" hai2="17,19,130,125,94,13,121,109,93,20,67,10,44" hai3="126,49,124,85,8,68,45,33,56,103,101,41,91"/><U112/><E116/><V12/><F121/><W4/><G33/><T83/><D107/><U131/><E131/><V110/><F130/><W129/><G129/><T21/><D92/><U117/><E117/><V34/><F34/><W22/><G56/><N who="0" m="35231" /><D21/><U97/><E112/><V75/><F75/><W51/><G68/><T71/><D71/><U31/><E31/><V65/><F44/><W28/><G51/><T5/><D5/><U89/><E43/><V9/><REACH who="2" step="1"/><F20/><REACH who="2" ten="226,244,62,458" step="2"/><W77/><G22/><T105/><D72/><U58/><E38/><V99/><F99/><W53/><G45/><T27/><D23/><U84/><AGARI ba="0,1" hai="1,3,36,40,47,48,52,58,78,80,84,89,95,97" machi="84" ten="20,3900,0" yaku="0,1,7,1,54,1" doraHai="64" who="1" fromWho="1" sc="226,-13,244,49,62,-13,458,-13" /><INIT seed="5,1,0,0,0,95" ten="213,293,49,445" oya="1" hai0="80,114,113,105,53,44,92,120,93,99,100,122,60" hai1="128,83,55,17,125,129,116,21,36,26,74,76,22" hai2="127,90,59,12,62,15,109,8,88,34,7,65,126" hai3="38,133,121,52,49,47,84,2,104,33,87,135,72"/><U9/><E36/><V106/><F109/><W19/><G121/><N who="0" m="46699" /><D60/><U43/><E43/><V63/><F34/><W77/><G104/><T16/><D16/><N who="1" m="12583" /><E116/><V123/><F106/><W112/><G2/><T107/><D107/><U6/><E55/><V58/><F123/><W56/><G33/><T4/><D4/><U18/><E125/><V48/><F48/><W101/><G112/><N who="0" m="43115" /><D80/><U32/><E32/><V79/><F79/><W27/><G101/><T69/><D69/><U66/><E66/><V110/><F110/><W108/><G108/><T24/><D24/><U131/><E22/><V132/><F132/><N who="3" m="50763" /><G38/><T91/><D91/><U82/><E83/><V3/><F3/><AGARI ba="1,0" hai="3,6,9,17,18,74,76,82,128,129,131" m="12583" machi="3" ten="30,2900,0" yaku="19,1,54,1" doraHai="95" who="1" fromWho="2" sc="213,0,293,32,49,-32,445,0" /><INIT seed="5,2,0,1,1,69" ten="213,325,17,445" oya="1" hai0="41,4,122,14,80,117,102,119,53,25,82,98,30" hai1="54,87,108,46,99,84,114,52,12,70,27,11,115" hai2="57,16,125,13,66,7,128,51,116,32,75,19,92" hai3="72,90,10,96,86,61,1,93,110,111,21,6,40"/><U91/><E70/><V8/><F116/><W20/><G72/><T38/><D53/><U88/><E108/><V42/><F75/><W135/><G135/><T24/><D14/><U45/><E27/><V22/><F32/><W62/><G40/><T5/><D41/><U36/><E99/><V124/><F128/><W76/><G76/><T109/><D98/><U89/><E12/><N who="2" m="5151" /><F92/><W68/><G68/><T85/><D85/><N who="1" m="32843" /><E11/><V100/><F100/><W34/><G34/><T49/><D102/><U28/><E28/><V26/><F26/><W83/><G110/><T63/><D30/><U60/><E60/><N who="2" m="38159" /><F124/><W118/><G118/><T127/><D63/><U44/><E36/><V73/><F73/><W107/><G107/><T121/><D109/><U67/><E67/><V55/><F42/><W58/><G62/><T112/><D127/><U77/><E77/><V35/><F35/><W81/><G81/><T95/><D95/><U78/><E78/><V71/><F71/><W74/><G74/><T132/><D121/><U48/><E48/><V129/><F129/><W105/><G105/><T103/><D49/><U43/><E43/><V39/><F39/><W9/><G9/><T18/><D38/><U123/><E123/><V33/><F33/><W29/><G111/><T56/><D122/><U2/><E2/><V15/><F125/><W31/><G31/><T64/><D119/><U59/><E59/><N who="2" m="33279" /><F13/><W134/><G29/><T104/><D117/><U120/><E120/><V97/><F97/><W65/><G134/><T50/><D132/><U37/><E37/><V79/><F79/><RYUUKYOKU ba="2,0" sc="213,-30,325,10,17,10,445,10" hai1="44,45,46,52,54,88,89,91,114,115" hai2="15,16,19,22" hai3="1,6,10,20,21,58,61,65,83,86,90,93,96" /><INIT seed="5,3,0,1,1,35" ten="183,335,27,455" oya="1" hai0="59,96,74,129,75,5,105,109,86,43,38,36,101" hai1="115,88,52,128,41,61,53,64,106,112,104,100,6" hai2="117,25,20,24,84,58,1,37,3,7,132,12,76" hai3="114,103,95,111,23,60,91,33,29,51,34,83,90"/><U121/><E121/><V31/><F37/><W99/><G111/><T28/><D109/><U42/><E6/><V131/><F58/><W73/><G114/><N who="1" m="43562" /><E128/><V81/><F131/><W70/><G23/><T45/><D5/><U30/><E30/><V122/><F122/><W116/><G116/><T135/><D28/><U80/><E100/><V4/><F117/><W125/><G125/><T66/><D38/><U93/><E80/><V14/><F132/><W15/><G15/><T102/><D102/><U63/><E42/><V54/><F25/><W107/><G29/><T78/><D129/><U89/><E41/><V77/><F54/><N who="1" m="21097" /><E93/><V0/><REACH who="2" step="1"/><F76/><REACH who="2" ten="183,335,17,455" step="2"/><N who="3" m="44431" /><G70/><T49/><D78/><U68/><E63/><V65/><F65/><W123/><G60/><T118/><D66/><U62/><E61/><V85/><F85/><N who="3" m="52687" /><G123/><T119/><D119/><U11/><E62/><V133/><F133/><W134/><G134/><T21/><D135/><U127/><E64/><V87/><F87/><W113/><G113/><T67/><D86/><U110/><E110/><V108/><F108/><W39/><G39/><T18/><D118/><U120/><E68/><V47/><F47/><W50/><G33/><T8/><D67/><U82/><E120/><V57/><F57/><W22/><G34/><T10/><D59/><U46/><E46/><V72/><F72/><N who="0" m="27690" /><D36/><U16/><E127/><V98/><F98/><W69/><G69/><T56/><D56/><U27/><E27/><V97/><F97/><W124/><G124/><T94/><D45/><U92/><E104/><V44/><F44/><W79/><G107/><RYUUKYOKU ba="3,1" sc="183,-10,335,-10,17,30,455,-10" hai2="0,1,3,4,7,12,14,20,24,31,77,81,84" /><INIT seed="6,4,1,3,5,109" ten="173,325,47,445" oya="2" hai0="41,95,82,107,33,81,94,123,55,135,14,115,24" hai1="46,17,108,60,34,22,61,79,130,72,133,50,66" hai2="128,56,58,21,110,0,67,99,113,102,9,78,40" hai3="127,29,8,53,59,48,32,62,80,7,31,85,68"/><V23/><F40/><W118/><G118/><T2/><D107/><U27/><E108/><V5/><F110/><W89/><G127/><T63/><D2/><U70/><E130/><V3/><F128/><W10/><G32/><T87/><D41/><U35/><E133/><V77/><F0/><W69/><G69/><T36/><D36/><U12/><E61/><V19/><F113/><W15/><G68/><T20/><D33/><U37/><E37/><V45/><F45/><N who="3" m="27791" /><G10/><T30/><D14/><U100/><E100/><V83/><F67/><AGARI ba="4,1" hai="7,8,15,29,31,59,62,67,80,85,89" m="27791" machi="67" ten="30,1000,0" yaku="8,1" doraHai="109" who="3" fromWho="2" sc="173,0,325,0,47,-22,445,32" /><INIT seed="7,0,0,1,3,109" ten="173,325,25,477" oya="3" hai0="103,24,116,78,37,118,125,36,62,47,61,120,69" hai1="39,122,0,98,107,129,19,9,126,66,12,45,81" hai2="29,11,21,72,10,22,115,119,127,68,100,80,133" hai3="113,56,27,14,92,74,48,132,41,60,17,117,135"/><W32/><G117/><T86/><D103/><U5/><E126/><V106/><F68/><W51/><G74/><T99/><D99/><U57/><E129/><V82/><F106/><W67/><G92/><T64/><D24/><U111/><E111/><V4/><F100/><W101/><G101/><T85/><D78/><U130/><E130/><V18/><F72/><W35/><G27/><T3/><D3/><U104/><E122/><V89/><F89/><W77/><G77/><T110/><D110/><U95/><E81/><V88/><F88/><W28/><G28/><T1/><D1/><U108/><E108/><V33/><F80/><W20/><G51/><T50/><D86/><U42/><E57/><V65/><F82/><W59/><G41/><N who="0" m="24943" /><D85/><U73/><E66/><V79/><F65/><W70/><G48/><T84/><D84/><U105/><E73/><V93/><F79/><W38/><G38/><N who="0" m="14955" /><D125/><U34/><E34/><V26/><F93/><W7/><G7/><T102/><D102/><U13/><E19/><V114/><F127/><W76/><G76/><T90/><D90/><U94/><E98/><V25/><F119/><N who="0" m="45610" /><D61/><U43/><E43/><V87/><F87/><W83/><G83/><T31/><D31/><U23/><E23/><V96/><F96/><W112/><G32/><T46/><D46/><U58/><E58/><N who="3" m="22058" /><G35/><T49/><D49/><U134/><E0/><V15/><F133/><AGARI ba="0,0" hai="14,17,20,60,67,70,112,113,132,133,135" m="22058" machi="133" ten="30,5800,0" yaku="20,1,52,2" doraHai="109" who="3" fromWho="2" sc="173,0,325,0,25,-58,477,58" owari="173,-23.0,325,13.0,-33,-53.0,535,63.0" /></mjloggm>