<mjloggm ver="2.3"><GO type="225" lobby="0"/><UN n0="%E3%82%82%E3%82%81%E3%82%93%E3%81%AA%E3%81%A1%E3%82%83%E3%81%84" n1="%65%78%E6%B3%B0%E7%84%B6%E5%9E%8B" n2="%E3%83%88%E3%83%88%E3%83%AA%E5%85%88%E7%94%9F%31%39%E6%AD%B3" n3="%63%75%72%65%74%61%70%65" dan="17,16,17,16" rate="2141.51,2030.04,2181.95,2093.40" sx="F,F,F,M"/><TAIKYOKU oya="0"/><INIT seed="0,0,0,3,4,102" ten="250,250,250,250" oya="0" hai0="8,74,69,57,132,110,129,101,117,42,28,65,26" hai1="11,13,119,105,121,118,73,22,103,93,70,128,17" hai2="77,54,107,45,120,61,47,51,27,82,18,43,63" hai3="48,94,49,72,124,78,32,6,68,37,96,9,21"/><T19/><D117/><U116/><E70/><V4/><F120/><W10/><G68/><T39/><D69/><U76/><E121/><V0/><F107/><W122/><G32/><T115/><D115/><U95/><E128/><V131/><F131/><W99/><G37/><T23/><D129/><U20/><E93/><V112/><F112/><W29/><G124/><T100/><D132/><U125/><E125/><V36/><F18/><W7/><G21/><T71/><D71/><U60/><E60/><V104/><F27/><W35/><G35/><T50/><D110/><U106/><E76/><V24/><F24/><W97/><G94/><T108/><D108/><U86/><E73/><N who="2" m="43311" /><F104/><W123/><G97/><T62/><D74/><U12/><E86/><V1/><F1/><W88/><G72/><T34/><D39/><U89/><E89/><V67/><F67/><W92/><G92/><T111/><D111/><U90/><E22/><V38/><F38/><W91/><REACH who="3" step="1"/><G78/><REACH who="3" ten="250,250,250,240" step="2"/><T3/><D34/><U30/><E119/><V2/><F2/><W75/><G75/><T53/><D3/><U83/><E118/><V56/><F56/><W31/><AGARI ba="0,1" hai="6,7,9,10,29,31,48,49,88,91,96,99,122,123" machi="31" ten="25,8000,1" yaku="1,1,0,1,22,2,54,1,53,0" doraHai="102" doraHaiUra="33" who="3" fromWho="3" sc="250,-40,250,-20,250,-20,240,90" /><INIT seed="1,0,0,5,3,79" ten="210,230,230,330" oya="1" hai0="25,76,99,1,115,37,94,132,123,30,81,84,110" hai1="53,2,62,16,38,51,85,43,4,21,35,22,96" hai2="128,19,20,6,95,47,60,39,75,91,120,130,31" hai3="82,118,124,56,72,129,18,102,24,78,87,116,3"/><U114/><E35/><V45/><F120/><W26/><G3/><T127/><D115/><U119/><E114/><V101/><F75/><W40/><G124/><T131/><D127/><U33/><E33/><V92/><F31/><W17/><G129/><N who="2" m="49769" /><F39/><W111/><G111/><T65/><D131/><U58/><E22/><V57/><F101/><W109/><G109/><T93/><D110/><U106/><E119/><N who="3" m="45610" /><G40/><T59/><D37/><U77/><E2/><V36/><F6/><W44/><G44/><N who="2" m="16969" /><F91/><W64/><G102/><T117/><D1/><U54/><E4/><V52/><F36/><W42/><G42/><T12/><D117/><U126/><E43/><V27/><AGARI ba="0,0" hai="19,20,27,52,57,60,92,95" m="16969,49769" machi="27" ten="30,2000,0" yaku="19,1,54,1" doraHai="79" who="2" fromWho="2" sc="210,-5,230,-10,230,20,330,-5" /><INIT seed="2,0,0,4,0,115" ten="205,220,250,325" oya="2" hai0="23,76,126,48,96,43,34,132,12,108,50,73,58" hai1="95,78,24,45,17,87,59,14,47,49,22,122,10" hai2="86,120,71,127,102,130,18,16,88,98,7,79,57" hai3="93,100,33,101,92,39,13,42,46,28,70,123,62"/><V29/><F120/><W66/><G123/><T69/><D34/><U60/><E122/><V94/><F71/><W27/><G13/><T110/><D69/><U41/><E45/><V121/><F121/><W30/><G30/><T72/><D126/><U5/><E95/><N who="2" m="58719" /><F130/><W91/><G93/><T9/><D132/><U74/><E74/><V1/><F1/><W90/><G90/><T131/><D131/><U37/><E37/><V99/><F7/><W111/><G111/><N who="0" m="42539" /><D23/><U4/><E4/><V68/><F29/><W11/><G11/><T125/><D125/><U32/><E32/><V117/><F68/><W0/><G0/><T103/><D76/><U52/><E87/><AGARI ba="0,0" hai="27,28,33,39,42,46,62,66,70,87,91,92,100,101" machi="87" ten="30,1000,0" yaku="7,1" doraHai="115" who="3" fromWho="1" sc="205,0,220,-10,250,0,325,10" /><INIT seed="3,0,0,5,5,62" ten="205,210,250,335" oya="3" hai0="82,132,11,5,39,117,75,22,43,12,33,25,48" hai1="2,36,84,18,56,107,10,81,79,126,127,102,125" hai2="88,1,94,78,121,124,101,95,116,119,42,17,35" hai3="66,134,9,122,111,93,83,64,8,86,123,76,30"/><W110/><G134/><T97/><D132/><U7/><E36/><V104/><F35/><W50/><G30/><T100/><D117/><U23/><E56/><V91/><F1/><W34/><G34/><T13/><D33/><U115/><E115/><V131/><F42/><W74/><G50/><T54/><D39/><U109/><E109/><N who="3" m="41482" /><G9/><T98/><D43/><U61/><E61/><V114/><F17/><W24/><G24/><T46/><D13/><N who="1" m="9679" /><E102/><V15/><F15/><W135/><G135/><T70/><D70/><U51/><E51/><V63/><F63/><W41/><G41/><T57/><D57/><U32/><E32/><V52/><F114/><W14/><G93/><T40/><D40/><U96/><E96/><V133/><F94/><W103/><G103/><T4/><D4/><U26/><E26/><V85/><F101/><W27/><G27/><T128/><D128/><U90/><E107/><V77/><F104/><W47/><G47/><T68/><D68/><U28/><E28/><V118/><F131/><W45/><G45/><T55/><D55/><U60/><E60/><V112/><F133/><W44/><G44/><T16/><REACH who="0" step="1"/><D100/><REACH who="0" ten="195,210,250,335" step="2"/><U65/><E79/><AGARI ba="0,1" hai="5,11,12,16,22,25,46,48,54,75,79,82,97,98" machi="79" ten="40,5200,0" yaku="1,1,2,1,54,1,53,0" doraHai="62" doraHaiUra="58" who="0" fromWho="1" sc="195,62,210,-52,250,0,335,0" owari="257,6.0,158,-34.0,250,-15.0,335,43.0" /></mjloggm>