<mjloggm ver="2.3"><GO type="97" lobby="0"/><UN n0="%E3%83%88%E3%83%88%E3%83%AA%E5%85%88%E7%94%9F%31%39%E6%AD%B3" n1="%E3%83%81%E3%83%BC%E3%83%91%E3%82%AA%E2%99%AA" n2="%E9%87%8C%E4%B8%AD%E4%BA%9C%E7%9F%A2%E5%AD%90" n3="%41%6F%79%61%67%69%5F%39" dan="14,15,15,13" rate="2012.62,1905.97,2056.58,1857.71" sx="F,M,F,M"/><TAIKYOKU oya="0"/><INIT seed="0,0,0,1,2,79" ten="250,250,250,250" oya="0" hai0="62,78,61,64,6,116,103,75,126,52,83,93,27" hai1="5,100,1,11,33,14,89,46,58,121,101,26,39" hai2="21,72,118,51,115,74,119,19,128,48,44,92,42" hai3="7,70,107,85,80,135,87,77,24,60,2,32,0"/><T38/><D116/><U53/><E121/><V34/><F34/><W102/><G135/><T41/><D126/><U110/><E110/><V35/><F35/><W120/><G87/><T29/><D6/><U15/><E39/><V20/><F115/><W123/><G7/><T113/><D113/><U109/><E109/><V59/><F128/><W68/><G60/><T117/><D117/><N who="2" m="44554" /><F92/><W124/><G124/><T108/><D108/><U36/><E36/><V67/><F67/><W18/><G18/><T132/><D132/><U4/><E46/><N who="2" m="25687" /><F59/><W86/><G86/><T40/><D38/><U3/><E3/><N who="3" m="1066" /><G102/><T25/><D93/><U105/><E105/><V13/><F20/><W69/><G107/><T84/><D103/><U66/><E66/><V96/><F96/><W49/><G49/><T98/><D98/><U106/><E106/><V73/><F73/><N who="3" m="43055" /><G24/><T65/><D75/><U71/><E1/><V22/><F21/><W17/><G17/><T112/><D112/><U50/><E33/><V9/><F22/><W16/><G16/><T10/><D10/><U12/><E26/><N who="0" m="9737" /><D29/><U122/><E122/><N who="3" m="46634" /><G85/><T55/><D65/><U90/><E4/><V57/><F57/><W43/><G32/><T95/><D95/><U91/><E101/><V30/><F30/><W125/><G125/><T130/><D64/><U94/><E100/><V99/><F99/><W134/><G134/><T81/><D62/><U56/><E94/><V131/><F131/><W28/><G28/><T127/><D130/><U114/><E114/><V82/><F74/><W47/><G70/><T37/><D127/><RYUUKYOKU ba="0,0" sc="250,-10,250,-10,250,-10,250,30" hai3="43,47,68,69" /><INIT seed="1,1,0,3,1,107" ten="240,240,240,280" oya="1" hai0="34,2,78,99,59,89,21,88,126,6,26,28,25" hai1="117,0,133,75,53,116,54,69,3,84,135,46,4" hai2="50,47,33,94,60,37,14,63,101,61,18,68,114" hai3="122,57,19,49,71,31,92,20,36,110,106,62,131"/><U120/><E120/><V90/><F37/><W132/><G122/><T45/><D126/><U104/><E69/><V16/><F33/><W103/><G132/><N who="1" m="50762" /><E104/><V127/><F68/><W87/><G131/><T74/><D99/><U7/><E84/><N who="2" m="52551" /><F127/><W23/><G110/><T115/><D115/><U29/><E29/><V109/><F109/><W113/><G71/><T73/><D6/><N who="1" m="2091" /><E46/><V108/><F108/><W35/><G36/><T76/><D2/><N who="1" m="555" /><E75/><V1/><F1/><W112/><G35/><T97/><D45/><U44/><E44/><V64/><F114/><W77/><G106/><T124/><D124/><U43/><E43/><N who="2" m="24959" /><F101/><W81/><G49/><T58/><D34/><U30/><E30/><V134/><F134/><W27/><G20/><T95/><D28/><U11/><E11/><N who="2" m="6239" /><F64/><N who="3" m="38991" /><G19/><AGARI ba="1,0" hai="18,19,60,61,63" m="6239,24959,52551" machi="19" ten="30,2000,0" yaku="8,1,54,1" doraHai="107" who="2" fromWho="3" sc="240,0,240,0,240,23,280,-23" /><INIT seed="2,0,0,3,1,39" ten="240,240,263,257" oya="2" hai0="124,18,13,88,116,72,111,102,3,44,32,2,68" hai1="125,34,12,87,0,52,91,104,57,100,75,37,71" hai2="130,121,86,8,66,74,10,45,49,24,127,22,25" hai3="73,133,92,69,118,38,122,28,56,103,35,117,119"/><V21/><F74/><W84/><G69/><T113/><D113/><U134/><E71/><V59/><F121/><W76/><G38/><T15/><D68/><U106/><E75/><V80/><F130/><W48/><G122/><T7/><D32/><U55/><E0/><V11/><F127/><W41/><G28/><T115/><D115/><U46/><E34/><V58/><F66/><W96/><G35/><T70/><D70/><U110/><E125/><V97/><F97/><W126/><G126/><T30/><D30/><U17/><E134/><V93/><F93/><W83/><G133/><T65/><D65/><U1/><E1/><V4/><F4/><W132/><G132/><T89/><D102/><U60/><E100/><V36/><F36/><W114/><G114/><T27/><D72/><U90/><E90/><N who="2" m="51527" /><F22/><W128/><G128/><T20/><D124/><U61/><E110/><V50/><F50/><W54/><REACH who="3" step="1"/><G73/><REACH who="3" ten="240,240,263,247" step="2"/><T95/><D111/><U120/><E120/><V40/><F25/><W26/><G26/><T112/><D27/><U108/><E108/><V105/><F105/><W29/><G29/><AGARI ba="0,1" hai="8,10,11,21,24,29,40,45,49,58,59" m="51527" machi="29" ten="30,2900,0" yaku="8,1,52,1" doraHai="39" who="2" fromWho="3" sc="240,0,240,0,263,39,247,-29" /><INIT seed="2,1,0,4,0,43" ten="240,240,302,218" oya="2" hai0="132,28,76,23,130,58,19,41,22,3,42,26,47" hai1="96,108,44,40,78,79,84,87,112,88,102,21,70" hai2="14,134,61,124,38,90,107,53,65,113,74,123,36" hai3="15,115,4,30,54,114,6,69,62,39,110,77,12"/><V0/><F123/><W1/><G39/><T82/><D3/><U20/><E70/><V59/><F113/><N who="3" m="43019" /><G77/><T8/><D130/><U97/><E112/><V32/><F0/><W104/><G104/><T91/><D132/><U37/><E108/><V33/><F74/><W25/><G69/><T103/><D8/><U95/><E79/><V63/><F107/><W48/><G62/><T16/><D103/><U89/><E78/><V135/><F124/><W72/><G72/><T49/><D91/><U73/><E73/><V106/><F106/><W11/><G110/><T105/><D105/><U86/><REACH who="1" step="1"/><E89/><REACH who="1" ten="240,230,302,218" step="2"/><V83/><F90/><W27/><G1/><T66/><D76/><U81/><E81/><V45/><F83/><W125/><G125/><T120/><D82/><U17/><E17/><V2/><F2/><W13/><G30/><T68/><D68/><U51/><E51/><N who="2" m="28911" /><F63/><W85/><G85/><T5/><D120/><U24/><E24/><N who="3" m="9290" /><G11/><T121/><D28/><U128/><E128/><V98/><F98/><W56/><AGARI ba="1,1" hai="4,6,12,13,15,48,54,56" m="9290,43019" machi="56" ten="40,1500,0" yaku="11,1" doraHai="43" who="3" fromWho="3" sc="240,-5,230,-5,302,-8,218,28" /><INIT seed="3,0,0,2,2,84" ten="235,225,294,246" oya="3" hai0="63,115,118,47,40,10,34,55,119,29,122,18,39" hai1="57,106,110,93,124,116,100,131,35,103,90,5,50" hai2="12,14,11,70,97,28,49,72,33,79,73,15,92" hai3="32,54,13,101,51,1,27,20,75,58,6,64,135"/><W38/><G75/><T25/><D122/><U99/><E35/><V60/><F70/><W62/><G135/><T56/><D115/><U66/><E116/><V7/><F60/><W134/><G134/><T24/><D10/><U77/><E77/><V114/><F114/><W121/><G32/><T123/><D123/><U89/><E124/><V41/><F28/><W96/><G38/><T59/><D18/><U30/><E30/><V111/><F33/><W86/><G121/><T52/><REACH who="0" step="1"/><D25/><REACH who="0" ten="225,225,294,246" step="2"/><U125/><E125/><V53/><F11/><N who="3" m="4343" /><G1/><T81/><D81/><U120/><E120/><V68/><F12/><W112/><G112/><T104/><D104/><U42/><E106/><V19/><F14/><W102/><G86/><T130/><D130/><U85/><E131/><V44/><F15/><W78/><G78/><T74/><D74/><U105/><E105/><V71/><F79/><W46/><G96/><T31/><D31/><AGARI ba="0,1" hai="20,27,31,46,51,54,58,62,64,101,102" m="4343" machi="31" ten="30,1500,0" yaku="8,1" doraHai="84" who="3" fromWho="0" sc="225,-15,225,0,294,0,246,25" /><INIT seed="3,1,0,2,2,48" ten="210,225,294,271" oya="3" hai0="63,132,26,75,6,4,81,57,104,113,115,130,88" hai1="41,12,76,84,61,87,77,68,101,126,55,18,125" hai2="97,121,8,92,60,109,96,7,3,69,40,14,20" hai3="64,66,90,1,23,5,44,93,106,24,118,129,36"/><W22/><G118/><T31/><D104/><U105/><E41/><V102/><F109/><W70/><G106/><T47/><D47/><U37/><E37/><V111/><F40/><W133/><G133/><T39/><D39/><U35/><E35/><V43/><F43/><W124/><G124/><N who="1" m="47722" /><E68/><V53/><F111/><W89/><G36/><T54/><D130/><U122/><E122/><V95/><F121/><W58/><G70/><T128/><D128/><U116/><E116/><V30/><F69/><W15/><G44/><T108/><D132/><U117/><E117/><V45/><F3/><W135/><G135/><T28/><D108/><U59/><E101/><N who="2" m="60551" /><F45/><W114/><G114/><N who="0" m="43531" /><D75/><U85/><E105/><V51/><F51/><W83/><G1/><T100/><D100/><U62/><E62/><V42/><F42/><W120/><G120/><T27/><D31/><U52/><E55/><V0/><F0/><W79/><G129/><T11/><D11/><AGARI ba="1,0" hai="11,12,18,52,59,61,76,77,84,85,87" m="47722" machi="11" ten="30,3900,0" yaku="18,1,52,1,54,1" doraHai="48" who="1" fromWho="0" sc="210,-42,225,42,294,0,271,0" /><INIT seed="4,0,0,5,3,23" ten="168,267,294,271" oya="0" hai0="116,80,10,3,52,72,93,61,15,102,94,64,14" hai1="60,16,9,90,38,79,84,124,121,117,128,65,37" hai2="33,132,40,22,8,83,134,135,48,82,98,19,106" hai3="120,105,109,18,46,103,29,59,100,87,6,54,115"/><T97/><D116/><U110/><E121/><V57/><F33/><W129/><G109/><T24/><D3/><U77/><E117/><V12/><F8/><W131/><G6/><T101/><D72/><U76/><E110/><V91/><F57/><W74/><G46/><T130/><D130/><N who="3" m="49673" /><G29/><T85/><D24/><U108/><E128/><V5/><F5/><W41/><G41/><T36/><D36/><U43/><E43/><V30/><F30/><W63/><G74/><T112/><D112/><U66/><E124/><V133/><F133/><W56/><G87/><T119/><D119/><U13/><E108/><V39/><F39/><W95/><G120/><T88/><D52/><U96/><E96/><V28/><F28/><W86/><G115/><T21/><D21/><U25/><E25/><V99/><F106/><W4/><G4/><T67/><D67/><U89/><E66/><V2/><F2/><W122/><G105/><T104/><D101/><N who="3" m="38985" /><G122/><T27/><D27/><U58/><REACH who="1" step="1"/><E90/><REACH who="1" ten="168,257,294,271" step="2"/><V123/><F123/><W34/><G34/><T81/><D104/><U69/><E69/><V26/><F26/><W7/><G7/><T49/><D49/><U51/><E51/><V126/><F126/><W78/><G18/><N who="0" m="8535" /><D15/><U62/><E62/><V1/><F1/><W114/><G114/><T20/><D20/><U50/><E50/><V31/><F48/><W107/><G107/><T68/><D68/><U92/><AGARI ba="0,1" hai="9,13,16,37,38,58,60,65,76,77,79,84,89,92" machi="92" ten="30,4000,0" yaku="1,1,0,1,54,1,53,0" doraHai="23" doraHaiUra="17" who="1" fromWho="1" sc="168,-20,257,50,294,-10,271,-10" owari="148,-35.0,307,41.0,284,8.0,261,-14.0" /></mjloggm>