<mjloggm ver="2.3"><GO type="233" lobby="0"/><UN n0="%E3%82%A6%E3%83%AB%E3%83%88%E3%83%A9%E7%AB%8B%E7%9B%B4" n1="%E6%9D%BE%E5%B1%8B%E3%81%8A%E3%81%98%E3%81%95%E3%82%93" n2="%74%61%63%6F%73" n3="%4D%72%2E%6E%69%6B%75%39" dan="17,17,16,17" rate="2211.53,2104.70,2085.77,2139.40" sx="M,M,M,M"/><TAIKYOKU oya="0"/><INIT seed="0,0,0,4,1,52" ten="250,250,250,250" oya="0" hai0="72,18,102,40,28,94,120,85,118,56,2,79,128" hai1="125,22,129,116,9,17,76,111,0,3,15,42,121" hai2="34,14,74,123,130,23,46,113,131,110,57,27,25" hai3="117,126,8,115,100,119,20,35,53,132,103,49,124"/><T12/><D2/><U54/><E42/><V13/><F74/><W43/><G35/><T89/><D120/><U101/><E101/><N who="3" m="38986" /><G115/><T80/><D118/><U127/><E76/><V93/><F113/><W11/><G43/><T37/><D128/><N who="2" m="49194" /><F46/><W71/><G71/><T44/><D102/><U38/><E38/><V99/><F110/><W29/><G132/><T87/><D28/><U108/><E54/><V83/><F83/><W98/><G98/><T5/><D5/><N who="1" m="3503" /><E116/><V78/><F78/><W134/><G134/><T67/><D67/><U68/><E68/><V107/><F107/><W51/><G51/><T33/><D33/><U21/><E129/><V60/><F34/><W62/><G62/><T122/><D122/><U59/><E121/><V77/><F77/><W69/><G69/><T106/><D106/><U41/><E41/><V109/><F123/><W63/><G63/><T84/><REACH who="0" step="1"/><D56/><REACH who="0" ten="240,250,250,250" step="2"/><U47/><E59/><V65/><F109/><N who="1" m="42057" /><E47/><V1/><F1/><N who="1" m="585" /><E17/><V73/><F57/><N who="3" m="32943" /><G117/><T31/><D31/><U75/><E75/><V39/><F73/><W86/><G119/><T90/><D90/><U24/><E127/><V96/><F65/><W7/><G126/><T55/><D55/><U58/><E58/><V105/><F105/><W4/><G124/><T64/><D64/><U36/><E125/><V133/><F60/><W10/><G4/><T88/><D88/><U81/><E22/><AGARI ba="0,1" hai="12,18,22,37,40,44,72,79,80,84,85,87,89,94" machi="22" ten="30,2900,0" yaku="1,1,7,1,53,0" doraHai="52" doraHaiUra="45" who="0" fromWho="1" sc="240,39,250,-29,250,0,250,0" /><INIT seed="0,1,0,4,3,90" ten="279,221,250,250" oya="0" hai0="117,111,10,54,28,52,45,18,128,5,115,92,101" hai1="40,107,64,12,57,36,15,35,11,133,34,96,29" hai2="27,22,109,125,30,65,85,66,68,131,129,91,55" hai3="102,97,83,33,127,44,103,0,114,6,100,13,60"/><T105/><D105/><U1/><E133/><V106/><F106/><W73/><G114/><T61/><D115/><U81/><E1/><V32/><F109/><W50/><G33/><T121/><D121/><U37/><E15/><V70/><F125/><W120/><G127/><T77/><D117/><U8/><E8/><V80/><F55/><W112/><G0/><T75/><D111/><U16/><E81/><V4/><F4/><W51/><G60/><T124/><D28/><U53/><E64/><N who="2" m="24683" /><F32/><W7/><G6/><T132/><D5/><U20/><E35/><V88/><F91/><W108/><G7/><T99/><D124/><U62/><E34/><V25/><F25/><W118/><G83/><T46/><D132/><U67/><E40/><V98/><F98/><W42/><G97/><T113/><D113/><U87/><E87/><V17/><F17/><W130/><G73/><T59/><D75/><U86/><E86/><V63/><F63/><W72/><G72/><T19/><D77/><U14/><E67/><V23/><F23/><W41/><G112/><T47/><D128/><AGARI ba="1,0" hai="22,27,30,68,70,80,85,88,128,129,131" m="24683" machi="128" ten="30,2000,0" yaku="19,1,54,1" doraHai="90" who="2" fromWho="0" sc="279,-23,221,0,250,23,250,0" /><INIT seed="1,0,0,1,2,119" ten="256,221,273,250" oya="1" hai0="4,71,34,19,105,129,99,118,21,64,78,54,116" hai1="68,18,106,74,24,44,65,39,49,104,61,91,57" hai2="25,83,3,46,77,51,117,28,67,97,32,11,96" hai3="75,1,59,0,58,15,128,48,36,5,38,20,60"/><U121/><E121/><V29/><F117/><W26/><G75/><T55/><D4/><U135/><E135/><V87/><F67/><W56/><G128/><T133/><D78/><U115/><E115/><V134/><F134/><W9/><G60/><T126/><D126/><U114/><E114/><V130/><F28/><W80/><G80/><T112/><D129/><U63/><E74/><V43/><REACH who="2" step="1"/><F130/><REACH who="2" ten="256,221,263,250" step="2"/><W37/><REACH who="3" step="1"/><G48/><REACH who="3" ten="256,221,263,240" step="2"/><T82/><D133/><U73/><E49/><V23/><F23/><W10/><G10/><T123/><D21/><U81/><E61/><V109/><F109/><W45/><G45/><T90/><D116/><U52/><E44/><V22/><F22/><W131/><G131/><T113/><D118/><U95/><E63/><V13/><F13/><W2/><G2/><T27/><D112/><U111/><E111/><V50/><F50/><W53/><G53/><T42/><D55/><U100/><E52/><V12/><F12/><W72/><G72/><T84/><D54/><U8/><E73/><V88/><F88/><W35/><G35/><T107/><D90/><U127/><E91/><V98/><F98/><W108/><G108/><T101/><D99/><U102/><E8/><V70/><F70/><W122/><G122/><T16/><D71/><U41/><E68/><V69/><F69/><W103/><G103/><T92/><D101/><U132/><E100/><V6/><AGARI ba="0,2" hai="3,6,11,25,29,32,43,46,51,77,83,87,96,97" machi="6" ten="30,2000,0" yaku="1,1,0,1,53,0" doraHai="119" doraHaiUra="125" who="2" fromWho="2" sc="256,-5,221,-10,263,40,240,-5" /><INIT seed="2,0,0,4,2,128" ten="251,211,303,235" oya="2" hai0="67,36,57,37,60,132,58,123,13,3,70,39,116" hai1="41,63,77,85,76,50,10,102,1,56,125,129,55" hai2="80,97,110,83,131,64,45,84,108,34,126,101,124" hai3="88,106,66,4,32,71,11,15,98,115,100,119,9"/><V99/><F34/><W69/><G119/><T118/><D3/><U48/><E125/><N who="2" m="48235" /><F64/><W133/><G133/><T117/><D13/><U112/><E112/><V95/><F45/><W53/><G115/><T19/><D19/><U0/><E129/><V94/><F131/><W89/><G32/><T26/><D26/><U29/><E29/><V91/><F83/><W62/><G71/><T49/><D123/><U33/><E33/><V96/><F96/><W107/><G107/><T23/><D23/><U46/><E102/><AGARI ba="0,0" hai="80,84,91,94,95,97,99,101,102,108,110" m="48235" machi="102" ten="30,5800,0" yaku="18,1,34,2" doraHai="128" who="2" fromWho="1" sc="251,0,211,-58,303,58,235,0" /><INIT seed="2,1,0,2,4,48" ten="251,153,361,235" oya="2" hai0="36,50,122,84,13,58,91,23,54,35,119,96,59" hai1="68,124,5,49,22,105,57,42,78,101,17,60,126" hai2="93,113,69,40,118,97,9,131,66,76,24,14,120" hai3="79,135,19,64,31,15,61,55,132,134,82,11,121"/><V106/><F120/><W86/><G121/><T110/><D35/><U90/><E78/><V99/><F118/><W56/><REACH who="3" step="1"/><G31/><REACH who="3" ten="251,153,361,225" step="2"/><T2/><D122/><U28/><E28/><V72/><F113/><W62/><G62/><T51/><D119/><U94/><E60/><V109/><F131/><W30/><G30/><T1/><D110/><U41/><E126/><V47/><F109/><W108/><G108/><T44/><D1/><U73/><E124/><V3/><F3/><W127/><G127/><T100/><D2/><U6/><E6/><V116/><F116/><W83/><G83/><T34/><D34/><U18/><E5/><V80/><F80/><W88/><G88/><T103/><D91/><U12/><E90/><V63/><F63/><W7/><G7/><T125/><D125/><U130/><E130/><V32/><F32/><W53/><AGARI ba="1,1" hai="11,15,19,53,55,56,61,64,79,82,86,132,134,135" machi="53" ten="40,8000,1" yaku="1,1,0,1,20,1,52,2,53,0" doraHai="48" doraHaiUra="46" who="3" fromWho="3" sc="251,-21,153,-21,361,-41,225,93" /><INIT seed="3,0,0,2,5,11" ten="230,132,320,318" oya="3" hai0="112,36,37,115,113,47,8,59,65,94,81,123,44" hai1="83,127,54,41,24,89,26,128,49,96,4,46,122" hai2="39,64,80,91,6,110,114,61,35,90,67,19,117" hai3="21,16,51,116,31,52,92,43,56,133,22,7,129"/><W68/><G116/><T111/><D81/><U45/><E122/><V23/><F35/><W77/><G129/><T55/><D94/><U101/><E127/><V48/><F39/><N who="0" m="14922" /><D8/><U15/><E128/><V27/><F114/><W62/><G133/><T121/><D65/><U100/><E46/><N who="0" m="17449" /><D111/><U53/><E26/><V78/><F110/><W98/><G7/><T118/><D118/><U30/><E83/><V104/><F104/><W5/><G5/><T107/><D107/><U126/><E126/><V87/><F6/><W69/><G77/><T60/><AGARI ba="0,0" hai="55,59,60,112,113,115,121,123" m="17449,14922" machi="60" ten="40,5200,0" yaku="11,1,34,2" doraHai="11" who="0" fromWho="0" sc="230,52,132,-13,320,-13,318,-26" /><INIT seed="4,0,0,1,3,39" ten="282,119,307,292" oya="0" hai0="97,117,116,95,44,132,12,49,123,7,67,129,33" hai1="53,69,89,57,4,98,96,91,133,24,58,40,122" hai2="47,50,80,43,83,86,114,63,84,56,121,73,77" hai3="108,31,130,75,110,55,102,48,78,18,88,112,111"/><T109/><D33/><U59/><E122/><V87/><F114/><W60/><G112/><T6/><D123/><U32/><E69/><V105/><F105/><W27/><G102/><T37/><D37/><U64/><E4/><V51/><F121/><W74/><G130/><T28/><D129/><U66/><E32/><V30/><F30/><W38/><G38/><T29/><D117/><U5/><E5/><N who="0" m="1545" /><D116/><U72/><E72/><V3/><F3/><W9/><G78/><T23/><D67/><N who="1" m="25643" /><E24/><V82/><REACH who="2" step="1"/><F50/><REACH who="2" ten="282,119,297,292" step="2"/><W45/><G31/><T68/><D29/><U113/><E113/><V11/><F11/><W8/><G8/><T134/><D28/><U16/><E133/><V70/><F70/><W101/><G9/><T85/><D68/><U19/><E19/><V76/><F76/><W126/><G18/><N who="0" m="10695" /><D134/><U61/><E16/><V25/><F25/><W128/><G27/><T0/><D0/><U94/><E61/><V100/><F100/><W115/><G101/><T81/><D132/><U93/><E91/><V104/><F104/><W1/><G1/><T17/><D17/><U41/><E89/><V14/><F14/><W34/><G128/><T120/><D120/><U13/><E13/><V71/><F71/><W22/><G115/><T127/><D109/><U36/><E36/><V52/><AGARI ba="0,1" hai="43,47,51,52,56,63,73,77,80,82,83,84,86,87" machi="52" ten="30,7900,0" yaku="1,1,0,1,52,1,54,1,53,0" doraHai="39" doraHaiUra="92" who="2" fromWho="2" sc="282,-39,119,-20,297,89,292,-20" /><INIT seed="5,0,0,4,0,57" ten="243,99,386,272" oya="1" hai0="40,86,101,10,96,89,119,77,27,129,24,14,106" hai1="49,15,5,39,52,87,12,104,41,84,124,75,105" hai2="134,112,34,73,121,17,3,55,61,85,25,16,56" hai3="62,46,8,127,79,44,130,100,29,38,63,99,102"/><U35/><E75/><V37/><F73/><W117/><G38/><T122/><D119/><U113/><E35/><V91/><F37/><W2/><G117/><T36/><D129/><U4/><E39/><V32/><F3/><W90/><G130/><T116/><D116/><U114/><E49/><V120/><F134/><W47/><G127/><T28/><D77/><U1/><E52/><V78/><F78/><W48/><G79/><T80/><D122/><U125/><REACH who="1" step="1"/><E1/><REACH who="1" ten="243,89,386,272" step="2"/><V19/><F120/><W60/><G48/><T30/><D36/><U9/><E9/><V118/><F121/><W133/><G133/><T72/><D72/><U98/><E98/><V126/><F118/><W59/><G2/><T67/><D40/><AGARI ba="0,1" hai="4,5,12,15,40,41,84,87,104,105,113,114,124,125" machi="40" ten="25,4800,0" yaku="1,1,22,2,53,0" doraHai="57" doraHaiUra="7" who="1" fromWho="0" sc="243,-48,89,58,386,0,272,0" /><INIT seed="5,1,0,5,0,33" ten="195,147,386,272" oya="1" hai0="72,17,38,24,109,108,15,97,93,70,60,127,95" hai1="76,102,80,7,13,6,73,48,131,91,61,19,86" hai2="32,135,96,14,130,67,21,18,121,107,58,90,41" hai3="39,79,9,88,78,104,63,47,110,100,115,68,134"/><U11/><E131/><V120/><F32/><W111/><G104/><T69/><D72/><U29/><E29/><V1/><F130/><W128/><G100/><T12/><D38/><U122/><E122/><V106/><F1/><W56/><G68/><T89/><D24/><U43/><E102/><V99/><F41/><W71/><G71/><T119/><D119/><U66/><E43/><V117/><F117/><W22/><G128/><T65/><D70/><U133/><E133/><V42/><F42/><W45/><G39/><T0/><D0/><U44/><E61/><V3/><F3/><W37/><G22/><T55/><D127/><U114/><E66/><V81/><F135/><W98/><G37/><T82/><D82/><U35/><E35/><V27/><F106/><W57/><G134/><T4/><D4/><U113/><E48/><V125/><F107/><W26/><G63/><T25/><D25/><U87/><E44/><V126/><F126/><W51/><G26/><T20/><D15/><U64/><E64/><V31/><F125/><W54/><G47/><T10/><D20/><U34/><E34/><N who="2" m="20863" /><F121/><W59/><G45/><T40/><D40/><U84/><REACH who="1" step="1"/><E91/><REACH who="1" ten="195,137,386,272" step="2"/><V112/><F120/><W129/><G88/><N who="0" m="55463" /><D55/><U116/><E116/><V36/><F90/><W23/><G54/><T85/><D60/><U62/><E62/><N who="2" m="38359" /><F36/><W2/><G51/><T123/><D123/><U28/><E28/><V53/><F53/><W30/><G129/><T52/><D52/><U16/><E16/><V132/><F132/><W50/><G30/><T103/><D103/><U92/><E92/><RYUUKYOKU ba="1,1" sc="195,15,137,15,386,-15,272,-15" hai0="10,12,17,65,69,85,89,95,108,109" hai1="6,7,11,13,19,73,76,80,84,86,87,113,114" /><INIT seed="5,2,1,2,5,30" ten="210,152,371,257" oya="1" hai0="63,51,18,83,112,93,61,129,108,84,49,105,114" hai1="134,25,50,10,94,65,123,74,117,135,96,104,59" hai2="103,34,107,132,43,48,8,19,5,116,36,70,126" hai3="3,124,73,62,46,95,109,6,100,119,23,92,21"/><U125/><E104/><V81/><F116/><W85/><G109/><T1/><D105/><U102/><E117/><V66/><F48/><N who="0" m="18506" /><D1/><U72/><E123/><V55/><F55/><W80/><G73/><T110/><D93/><U33/><E125/><V69/><F19/><W133/><G133/><N who="1" m="50698" /><E10/><V28/><F126/><W22/><G46/><T91/><D18/><U40/><E65/><V7/><F7/><W42/><G23/><T14/><D14/><U54/><E40/><V29/><F81/><W0/><G42/><T118/><D118/><U12/><E12/><V9/><F9/><W120/><G120/><T128/><D108/><U57/><E57/><V89/><F8/><W71/><G0/><T121/><D110/><U32/><E25/><V78/><F107/><W44/><G3/><T90/><D121/><U31/><E31/><V15/><F29/><W4/><G4/><T47/><D47/><U113/><E113/><N who="0" m="43625" /><D91/><U35/><AGARI ba="2,1" hai="32,33,35,50,54,59,72,74,94,96,102" m="50698" machi="35" ten="40,12000,1" yaku="20,1,52,3" doraHai="30" who="1" fromWho="1" sc="210,-42,152,136,371,-42,257,-42" /><INIT seed="5,3,0,0,5,37" ten="168,288,329,215" oya="1" hai0="73,23,24,87,103,3,115,68,51,88,62,25,9" hai1="120,26,135,47,67,78,126,36,33,63,53,16,127" hai2="76,117,111,119,34,56,125,20,11,59,85,10,122" hai3="31,39,42,64,113,28,52,61,99,86,44,105,46"/><U112/><E120/><V54/><F111/><W130/><G113/><T1/><D73/><U55/><E78/><V58/><F34/><W131/><G105/><T48/><D115/><U32/><E112/><V70/><F70/><N who="3" m="42255" /><G99/><T49/><D103/><U75/><E75/><V80/><F122/><W116/><G86/><T8/><D68/><U66/><E135/><V65/><F125/><N who="1" m="47625" /><E67/><V128/><F128/><N who="3" m="49195" /><G116/><T21/><D62/><U114/><E114/><V93/><F65/><W27/><G27/><T0/><D87/><U134/><E134/><V84/><F119/><W110/><G110/><T107/><D88/><U12/><E66/><V30/><F54/><N who="1" m="20489" /><E63/><V121/><F121/><W96/><G96/><T13/><D107/><U90/><E26/><N who="0" m="10345" /><D13/><U4/><E4/><V43/><F117/><W109/><G109/><T82/><D82/><U129/><E90/><V22/><F80/><W108/><G108/><T5/><D5/><U7/><E7/><V106/><F76/><W132/><G132/><T92/><D92/><U95/><E95/><V40/><F93/><W45/><G45/><T118/><D118/><U74/><E74/><V97/><F106/><W35/><G35/><T83/><D83/><U133/><E133/><V38/><F30/><W14/><G14/><T98/><D98/><U79/><E79/><V6/><F97/><W57/><G46/><T89/><D89/><U104/><E104/><V100/><F6/><W15/><G15/><T2/><N who="0" m="0" /><DORA hai="29" /><T102/><D102/><U94/><E94/><V19/><F100/><W72/><G72/><T77/><D77/><RYUUKYOKU ba="3,0" sc="168,15,288,-15,329,-15,215,15" hai0="8,9,21,23,48,49,51" hai3="28,31,39,42,44,52,57" /><INIT seed="6,4,0,1,3,66" ten="183,273,314,230" oya="2" hai0="93,60,64,15,42,129,1,123,82,101,28,51,114" hai1="37,135,34,49,9,113,71,32,2,108,106,7,76" hai2="38,83,97,16,119,92,17,46,4,98,58,36,68" hai3="100,90,14,52,133,25,73,132,88,84,72,55,67"/><V107/><F119/><W99/><G14/><T19/><D1/><U122/><RYUUKYOKU type="yao9" ba="4,0" sc="183,0,273,0,314,0,230,0" hai1="2,7,9,32,34,37,49,71,76,106,108,113,122,135" /><INIT seed="6,5,0,0,2,59" ten="183,273,314,230" oya="2" hai0="69,25,109,37,9,105,90,62,110,135,106,52,35" hai1="4,45,115,10,49,31,127,111,81,61,44,56,74" hai2="47,28,39,112,64,65,26,63,15,55,16,17,34" hai3="30,91,72,97,70,36,19,87,124,102,18,8,99"/><V73/><F73/><W11/><G72/><T83/><D37/><U14/><E111/><V121/><F121/><W129/><G36/><T114/><D114/><U94/><E115/><V46/><F112/><W53/><G70/><T104/><D135/><U1/><E127/><V66/><F39/><W120/><G120/><T117/><D117/><U108/><E108/><V60/><F17/><W113/><G113/><T88/><D9/><U51/><E31/><V54/><F54/><W125/><G30/><T77/><D110/><U128/><E128/><V123/><F123/><W118/><G118/><T107/><N who="0" m="26624" /><DORA hai="33" /><T71/><D109/><U130/><E130/><V100/><F100/><W20/><G53/><T89/><D25/><U38/><E94/><V3/><F3/><W92/><G129/><T85/><REACH who="0" step="1"/><D35/><REACH who="0" ten="173,273,314,230" step="2"/><U84/><E38/><V131/><F131/><W57/><G124/><T6/><D6/><U50/><E1/><V67/><F34/><W23/><G125/><T79/><D79/><N who="1" m="46143" /><E74/><V119/><F119/><W40/><G8/><T13/><D13/><U133/><E133/><V75/><F15/><W132/><G132/><T32/><D32/><U21/><E21/><V86/><F26/><W22/><G11/><T48/><D48/><U98/><E45/><V126/><F46/><W7/><G7/><T80/><D80/><U116/><E44/><V101/><F47/><W27/><G22/><T41/><D41/><U76/><E76/><V95/><F126/><W29/><G40/><T0/><D0/><U122/><E116/><V134/><F134/><W103/><G27/><RYUUKYOKU ba="5,1" sc="173,30,273,-10,314,-10,230,-10" hai0="52,62,69,71,77,83,85,88,89,90" /><INIT seed="7,6,1,3,3,56" ten="203,263,304,220" oya="3" hai0="43,125,103,102,119,135,55,20,3,18,48,47,5" hai1="32,7,45,28,27,75,10,123,111,74,6,14,30" hai2="16,95,13,63,83,98,121,33,133,25,52,112,118" hai3="46,23,127,132,76,131,108,0,117,53,71,9,134"/><W122/><G117/><T120/><D119/><U129/><E111/><V82/><F118/><W31/><G122/><T113/><D120/><U37/><E123/><V91/><F121/><W58/><G71/><T62/><D113/><U39/><E129/><V24/><F112/><W1/><G131/><T130/><D130/><U85/><E7/><V79/><F133/><N who="3" m="51307" /><G108/><T17/><D135/><U42/><E37/><V11/><F33/><W29/><G127/><T124/><D3/><N who="3" m="1097" /><G9/><T88/><D5/><U64/><E30/><N who="3" m="11274" /><G46/><T35/><D35/><U50/><E32/><V66/><F79/><W67/><G76/><T22/><D124/><U106/><E10/><V19/><F66/><W54/><G23/><T89/><D125/><U105/><E45/><V80/><F19/><W38/><G38/><T26/><D20/><U96/><E64/><V99/><F99/><W41/><G41/><T87/><D17/><U100/><E42/><V114/><F114/><W8/><G8/><T84/><D84/><U57/><E85/><V92/><F92/><W128/><G128/><T21/><D21/><U94/><E94/><V44/><F44/><W116/><G116/><T93/><D89/><U115/><E115/><V86/><F98/><W15/><G15/><T77/><D77/><U101/><E39/><V49/><F49/><W4/><G4/><T70/><D70/><U34/><E14/><V40/><F40/><W104/><G104/><N who="1" m="40042" /><E6/><V72/><F72/><N who="1" m="27689" /><E96/><V73/><F73/><W65/><G65/><T61/><D43/><U126/><E126/><V81/><F81/><W78/><G78/><RYUUKYOKU ba="6,1" sc="203,0,263,0,304,0,220,0" hai0="18,22,26,47,48,55,61,62,87,88,93,102,103" hai1="27,28,34,50,57,100,101" hai2="11,13,16,24,25,52,63,80,82,83,86,91,95" hai3="53,54,58,67" /><INIT seed="7,7,1,4,0,109" ten="203,263,304,220" oya="3" hai0="85,34,12,81,127,49,105,8,61,7,133,60,126" hai1="67,46,83,115,116,97,24,1,35,72,36,103,50" hai2="71,63,15,130,42,121,76,6,9,40,113,77,20" hai3="27,112,128,123,45,107,48,82,108,10,93,70,125"/><W78/><G123/><T110/><D105/><U37/><E116/><V84/><F113/><W25/><G107/><T14/><D110/><U23/><E1/><V68/><F121/><W21/><G108/><T134/><D34/><U66/><E35/><V55/><F130/><W119/><G119/><T3/><D49/><U31/><E37/><V38/><F38/><W22/><G70/><T26/><D26/><U124/><E36/><V80/><F68/><W16/><G112/><T62/><D12/><U122/><E122/><V19/><F76/><W52/><G125/><N who="0" m="47627" /><D3/><U88/><E124/><V32/><F32/><W59/><G128/><T100/><D100/><U114/><E114/><V5/><F5/><W117/><G117/><T69/><D69/><U111/><E111/><V89/><F77/><AGARI ba="7,1" hai="7,8,14,60,61,62,77,81,85,133,134" m="47627" machi="77" ten="30,1000,0" yaku="18,1" doraHai="109" who="0" fromWho="2" sc="203,41,263,0,304,-31,220,0" /><INIT seed="8,0,0,4,2,41" ten="244,263,273,220" oya="0" hai0="20,48,135,37,98,70,108,123,27,118,21,15,126" hai1="10,39,127,106,31,86,66,132,104,112,59,81,114" hai2="14,58,35,102,57,44,53,28,71,34,54,76,33" hai3="36,51,61,60,130,113,40,23,45,50,0,107,16"/><T134/><D70/><U90/><E39/><V115/><F71/><W97/><G113/><N who="1" m="43626" /><E31/><V100/><F115/><W89/><G0/><T17/><D37/><U32/><E32/><V25/><F76/><W46/><G130/><T22/><D123/><U1/><E66/><V111/><F111/><W72/><G72/><T67/><D67/><U87/><E59/><V65/><F65/><W129/><G129/><T19/><D108/><U133/><E10/><V13/><F44/><W55/><G36/><T69/><D69/><U95/><E1/><V88/><F88/><W93/><G107/><N who="1" m="41002" /><E127/><V109/><F109/><W42/><G55/><N who="2" m="21001" /><F25/><AGARI ba="0,0" hai="16,23,25,40,42,45,46,50,51,60,61,89,93,97" machi="25" ten="30,12000,2" yaku="7,1,9,1,8,1,52,2,54,1" doraHai="41" who="3" fromWho="2" sc="244,0,263,0,273,-120,220,120" owari="244,-16.0,263,6.0,153,-35.0,340,45.0" /></mjloggm>