<mjloggm ver="2.3"><GO type="169" lobby="0"/><UN n0="%E3%81%97%E3%81%8A%E3%81%BE%E3%81%AD%E3%81%8D" n1="%E3%82%A6%E3%83%AB%E3%83%88%E3%83%A9%E7%AB%8B%E7%9B%B4" n2="%4A%65%66%66" n3="%E3%81%8A%E7%9F%A5%E3%82%89%E3%81%9B" dan="17,17,16,16" rate="2151.67,2156.77,2054.55,2088.97" sx="M,M,M,M"/><TAIKYOKU oya="0"/><INIT seed="0,0,0,0,1,41" ten="250,250,250,250" oya="0" hai0="128,74,53,14,39,23,101,106,64,15,69,9,4" hai1="90,83,6,104,129,34,76,46,59,105,109,131,65" hai2="112,44,123,16,88,98,62,80,33,113,21,60,31" hai3="118,120,42,99,133,78,20,102,50,87,130,52,96"/><T124/><D74/><U2/><E34/><V55/><F123/><W12/><G118/><T108/><D53/><U115/><E6/><V17/><F33/><W91/><G120/><T38/><D128/><N who="1" m="49227" /><E2/><V7/><F7/><W58/><G130/><T25/><D124/><U97/><E59/><N who="2" m="34943" /><F44/><N who="3" m="25879" /><G78/><T135/><D135/><U63/><E63/><V0/><F62/><N who="3" m="36167" /><G102/><T30/><D15/><U73/><E65/><V85/><F0/><W134/><G134/><T3/><D108/><U22/><E22/><V57/><F57/><W68/><G68/><T103/><D3/><U94/><E46/><V27/><F112/><W95/><G133/><T28/><D39/><U5/><E5/><V32/><F32/><W77/><G77/><T116/><D38/><U111/><E115/><V47/><F47/><W75/><G75/><T79/><D116/><U114/><E114/><V92/><F113/><W81/><G81/><T18/><D79/><AGARI ba="0,0" hai="16,17,21,27,31,79,80,85,88,92,98" m="34943" machi="79" ten="30,3900,0" yaku="8,1,54,2" doraHai="41" who="2" fromWho="0" sc="250,-39,250,0,250,39,250,0" /><INIT seed="1,0,0,3,2,12" ten="211,250,289,250" oya="1" hai0="64,120,17,125,3,107,74,131,111,113,26,69,29" hai1="92,118,51,134,121,73,27,35,68,36,5,114,20" hai2="0,54,135,93,94,6,105,133,90,123,13,15,126" hai3="82,45,70,60,110,65,2,18,10,91,130,80,127"/><U78/><E36/><V62/><F105/><W76/><G110/><T32/><D64/><U28/><E121/><V16/><F123/><W14/><G130/><T4/><D17/><U89/><E118/><V56/><F126/><W75/><G127/><T124/><D4/><U38/><E38/><V97/><F93/><W101/><G101/><T44/><D26/><U96/><E114/><V77/><F77/><W112/><G112/><T8/><D29/><U83/><E134/><N who="2" m="51211" /><F16/><W55/><G2/><T42/><D44/><U7/><E68/><V37/><F37/><W67/><G67/><T128/><D42/><U104/><E104/><V40/><F40/><W72/><G91/><T116/><D8/><AGARI ba="0,0" hai="0,6,8,13,15,54,56,62,90,94,97" m="51211" machi="8" ten="30,1000,0" yaku="20,1" doraHai="12" who="2" fromWho="0" sc="211,-10,250,0,289,10,250,0" /><INIT seed="2,0,0,0,1,27" ten="201,250,299,250" oya="2" hai0="74,135,16,12,62,98,41,122,87,69,35,46,114" hai1="47,129,128,133,85,99,103,65,0,130,68,31,30" hai2="66,79,76,113,39,38,96,13,111,48,105,106,37" hai3="110,90,2,36,59,20,3,83,67,26,108,84,101"/><V126/><F113/><W28/><G36/><T8/><D74/><U50/><E0/><V6/><F66/><W21/><G101/><T93/><D114/><U40/><E133/><V56/><F126/><W54/><G67/><T117/><D122/><U49/><E49/><V11/><F111/><N who="3" m="42539" /><G21/><T125/><D87/><U91/><E65/><V104/><REACH who="2" step="1"/><F96/><REACH who="2" ten="201,250,289,250" step="2"/><W118/><G118/><T97/><D117/><U81/><REACH who="1" step="1"/><E68/><REACH who="1" ten="201,240,289,250" step="2"/><V72/><F72/><W95/><G83/><T45/><D69/><U52/><E52/><AGARI ba="0,2" hai="6,11,13,37,38,39,48,52,56,76,79,104,105,106" machi="52" ten="50,4800,0" yaku="1,1,54,1,53,0" doraHai="27" doraHaiUra="58" who="2" fromWho="1" sc="201,0,240,-48,289,68,250,0" /><INIT seed="2,1,0,3,3,31" ten="201,192,357,250" oya="2" hai0="116,100,133,89,20,52,48,41,115,126,50,12,43" hai1="72,102,88,47,86,65,135,8,128,118,56,9,125" hai2="77,33,46,127,74,90,39,11,28,44,68,132,111" hai3="61,119,99,70,124,109,67,15,98,110,21,123,0"/><V55/><F68/><W101/><G123/><T94/><D115/><U14/><E72/><V37/><F132/><W7/><G119/><T1/><D1/><U105/><E118/><V96/><F127/><W25/><G124/><T53/><D133/><U5/><E125/><V58/><F74/><W69/><G69/><T97/><D126/><U82/><E135/><V117/><F77/><W51/><G51/><T62/><D116/><U27/><E128/><V81/><F11/><N who="3" m="4607" /><G101/><T73/><D73/><U106/><E102/><V78/><F78/><W63/><G63/><T6/><D100/><U16/><E47/><V84/><F117/><W60/><G60/><T23/><D62/><U107/><E56/><V38/><F96/><W22/><G22/><N who="0" m="8235" /><D50/><U18/><E27/><V64/><F64/><W85/><G85/><T113/><D113/><U122/><E122/><V121/><F111/><N who="3" m="42507" /><G0/><T112/><D112/><U134/><E134/><V29/><F121/><W54/><G54/><N who="0" m="21099" /><D48/><U4/><REACH who="1" step="1"/><E65/><REACH who="1" ten="201,182,357,250" step="2"/><V36/><F44/><W79/><G25/><T32/><D43/><U24/><E24/><V66/><F46/><W92/><G70/><T30/><D41/><U35/><E35/><V45/><F45/><W104/><G67/><T34/><D32/><U40/><E40/><V10/><F66/><W49/><G104/><T91/><D34/><U130/><E130/><V75/><F33/><W2/><G2/><AGARI ba="1,1" hai="2,4,5,8,9,14,16,18,82,86,88,105,106,107" machi="2" ten="40,5200,0" yaku="1,1,54,2,53,0" doraHai="31" doraHaiUra="57" who="1" fromWho="3" sc="201,0,182,65,357,0,250,-55" /><INIT seed="3,0,0,3,3,69" ten="201,247,357,195" oya="3" hai0="96,2,67,4,68,35,128,86,133,97,11,93,131" hai1="102,33,27,104,56,109,40,37,123,89,116,49,41" hai2="100,115,66,79,14,25,119,105,95,10,101,78,72" hai3="46,124,0,47,103,99,62,21,88,114,90,64,43"/><W55/><G114/><T134/><D35/><U34/><E123/><V7/><F119/><W65/><G124/><T60/><D86/><U50/><E102/><V63/><F115/><W31/><G0/><T74/><D74/><U112/><E104/><V6/><F72/><W82/><G55/><T30/><D30/><U126/><E112/><V58/><F105/><W57/><G65/><T29/><D29/><U1/><E1/><V28/><F101/><W77/><G77/><T110/><D110/><U130/><E27/><V32/><F6/><W18/><G31/><T83/><D83/><U73/><E56/><V51/><F51/><W23/><G23/><T12/><D2/><U132/><E89/><V92/><F95/><N who="3" m="58879" /><G43/><T54/><D54/><U118/><E126/><V20/><F32/><W13/><G90/><N who="0" m="55351" /><D97/><AGARI ba="0,0" hai="7,10,14,20,25,28,58,63,66,78,79,92,97,100" machi="97" ten="40,5200,0" yaku="25,2,8,1" doraHai="69" who="2" fromWho="0" sc="201,-52,247,0,357,52,195,0" /><INIT seed="4,0,0,0,3,135" ten="149,247,409,195" oya="0" hai0="133,112,7,98,85,14,122,51,109,60,45,116,120" hai1="89,24,69,9,76,84,18,105,97,71,3,107,48" hai2="25,44,12,28,75,39,31,30,2,95,67,17,83" hai3="113,65,57,86,78,102,131,27,124,16,50,8,0"/><T49/><D133/><U34/><E76/><V42/><F2/><W108/><G108/><T23/><D116/><U110/><E110/><V46/><F44/><W29/><G113/><T104/><D112/><U93/><E69/><V94/><F67/><W77/><G102/><T118/><D118/><U70/><E71/><V92/><F75/><W40/><G131/><T103/><D109/><U127/><E70/><V38/><F83/><W81/><G124/><T115/><D115/><U21/><E127/><V35/><REACH who="2" step="1"/><F39/><REACH who="2" ten="149,247,399,195" step="2"/><W119/><G81/><T33/><D122/><U79/><E3/><V13/><F13/><W61/><G0/><T91/><D120/><U111/><E111/><V88/><F88/><W53/><G65/><T47/><D47/><U117/><E89/><V37/><F37/><W41/><G119/><T11/><D91/><U59/><E79/><V32/><F32/><W22/><G77/><T55/><D33/><U4/><E34/><V96/><F96/><W15/><G78/><T62/><D85/><U99/><E97/><V132/><F132/><W90/><G86/><T19/><D51/><U6/><E99/><V100/><F100/><W58/><G90/><T66/><D66/><U52/><E48/><V125/><F125/><W54/><AGARI ba="0,1" hai="8,15,16,22,27,29,40,41,50,53,54,57,58,61" machi="54" ten="20,5200,0" yaku="0,1,7,1,8,1,54,1" doraHai="135" who="3" fromWho="3" sc="149,-26,247,-13,399,-13,195,62" /><INIT seed="5,0,0,5,5,60" ten="123,234,386,257" oya="1" hai0="131,29,24,13,37,126,98,105,26,115,96,17,66" hai1="11,114,33,109,65,52,28,119,112,67,51,80,70" hai2="117,1,93,0,121,124,46,69,77,113,25,122,41" hai3="75,73,56,50,15,8,58,71,104,57,82,3,2"/><U32/><E70/><V44/><F117/><W110/><G104/><T40/><D115/><N who="1" m="44075" /><E119/><V21/><F69/><W129/><G129/><T83/><D131/><U133/><E109/><V48/><F113/><W7/><G110/><T45/><D126/><U91/><E133/><V107/><F107/><W39/><G39/><T18/><D83/><U61/><E61/><V101/><F124/><W4/><G71/><T38/><D105/><U20/><E11/><V85/><F121/><W88/><G50/><T97/><D38/><U72/><E20/><V14/><F14/><W100/><G100/><T135/><D135/><U42/><E42/><V59/><F59/><W54/><G54/><T130/><D130/><U68/><E68/><V5/><F5/><W92/><G82/><T63/><D29/><U87/><E72/><V22/><F21/><W116/><G116/><T111/><D111/><U99/><E99/><V10/><F10/><W120/><G120/><T78/><D78/><U81/><E81/><V6/><F22/><W108/><G108/><T123/><D123/><U64/><E28/><V128/><F41/><W30/><G30/><T36/><D36/><U12/><E12/><V31/><F1/><N who="3" m="11" /><G4/><T86/><D13/><U34/><E34/><V35/><F6/><W27/><G27/><T84/><D24/><U125/><E125/><V118/><F25/><W76/><G76/><T9/><D9/><U89/><E89/><V132/><F77/><W95/><G88/><T102/><D102/><U23/><E23/><V74/><F101/><W94/><G8/><T134/><D134/><RYUUKYOKU ba="0,0" sc="123,-15,234,15,386,-15,257,15" hai1="32,33,51,52,64,65,67,80,87,91" hai3="7,15,56,57,58,73,75,92,94,95" /><INIT seed="5,1,0,3,1,27" ten="108,249,371,272" oya="1" hai0="44,103,83,134,89,5,127,30,119,121,66,1,81" hai1="49,80,41,109,76,90,37,56,75,20,42,65,46" hai2="32,132,34,110,99,111,17,24,95,105,125,2,53" hai3="15,115,117,128,25,129,82,73,38,91,47,77,6"/><U79/><E109/><V131/><F105/><W102/><G115/><T51/><D121/><U101/><E101/><V122/><F122/><W55/><G102/><T63/><D119/><U22/><E79/><V124/><F2/><W94/><G117/><T114/><D114/><U108/><E108/><V18/><F131/><W59/><G25/><T10/><D134/><U7/><E7/><V126/><F132/><W0/><G0/><T135/><D135/><U40/><E90/><V130/><F53/><W31/><G31/><T58/><D127/><U70/><E20/><N who="2" m="13327" /><F18/><W3/><G15/><T35/><D103/><U69/><E22/><V123/><F123/><W62/><G6/><T39/><D39/><U19/><E19/><V113/><F130/><W36/><G3/><T60/><D60/><N who="1" m="40103" /><E70/><V107/><F107/><W23/><G23/><T93/><D30/><U64/><E64/><V45/><F45/><W54/><G47/><T28/><D28/><U92/><E92/><V33/><F113/><W48/><G128/><T78/><D35/><U68/><E68/><V86/><F86/><W74/><G74/><T97/><REACH who="0" step="1"/><D78/><REACH who="0" ten="98,249,371,272" step="2"/><U61/><E61/><V87/><F110/><W52/><G129/><T71/><D71/><U98/><E37/><V12/><F111/><W29/><G29/><T8/><D8/><U26/><E76/><V57/><F34/><W85/><G36/><T106/><D106/><U13/><E49/><V120/><F33/><W133/><G133/><T14/><D14/><U21/><E13/><V43/><F32/><W72/><G38/><T11/><D11/><RYUUKYOKU ba="1,1" sc="98,30,249,-10,371,-10,272,-10" hai0="1,5,10,44,51,58,63,66,81,83,89,93,97" /><INIT seed="6,2,1,4,5,17" ten="128,239,361,262" oya="2" hai0="77,71,64,41,105,14,85,51,113,42,0,125,78" hai1="73,119,57,29,131,122,109,106,70,115,52,103,7" hai2="11,66,80,62,72,34,96,76,135,43,8,49,97" hai3="63,59,50,56,92,5,114,61,123,128,118,32,98"/><V38/><F38/><W22/><G123/><T19/><D0/><U13/><E70/><V53/><F34/><W46/><G32/><T68/><D105/><U39/><E39/><V1/><F43/><W110/><G118/><T133/><D133/><U36/><E36/><V23/><F135/><W9/><G110/><T20/><D113/><U45/><E73/><V24/><F1/><W108/><G108/><T100/><D100/><U2/><E109/><V31/><F96/><W116/><G116/><T127/><D85/><U95/><E106/><V88/><F88/><N who="3" m="55559" /><G128/><T90/><D90/><U55/><E2/><V3/><F97/><W21/><G114/><T67/><D68/><U16/><E7/><V35/><F35/><W48/><G9/><T120/><D120/><U40/><E95/><V4/><F11/><W130/><G5/><T132/><D132/><U83/><E103/><V15/><F3/><W112/><G112/><T25/><D42/><U27/><E40/><V65/><REACH who="2" step="1"/><F62/><REACH who="2" ten="128,239,351,262" step="2"/><W121/><G61/><T134/><D134/><U93/><E115/><V58/><AGARI ba="2,2" hai="4,8,15,23,24,31,49,53,58,65,66,72,76,80" machi="58" ten="20,18000,2" yaku="1,1,2,1,0,1,7,1,52,1,53,1" doraHai="17" doraHaiUra="44" who="2" fromWho="2" sc="128,-62,239,-62,351,206,262,-62" /><INIT seed="6,3,0,0,0,53" ten="66,177,557,200" oya="2" hai0="54,15,49,134,77,119,41,87,0,14,78,57,12" hai1="51,109,18,83,9,38,45,42,108,103,34,21,125" hai2="81,5,68,17,37,88,55,106,121,93,30,130,4" hai3="43,1,40,44,94,85,8,80,31,132,114,84,25"/><V33/><F106/><W129/><G129/><T22/><D0/><U23/><E34/><V97/><F68/><W50/><G132/><T118/><D134/><U28/><E125/><V124/><F37/><W70/><G70/><T101/><D101/><U6/><E103/><V27/><F124/><W133/><G133/><T76/><D41/><U99/><E99/><V104/><F130/><W73/><G114/><T67/><D67/><U91/><E28/><V105/><F121/><W16/><G43/><T98/><D98/><U48/><E23/><V111/><F111/><W72/><G94/><T13/><N who="0" m="3584" /><DORA hai="123" /><T35/><D35/><U66/><E66/><V102/><F17/><W63/><G63/><T135/><D135/><U75/><E21/><V117/><F81/><W74/><G16/><T96/><D96/><U127/><E18/><V128/><F105/><W65/><G65/><T56/><D22/><U112/><E91/><V10/><F5/><W11/><G11/><T71/><D71/><U92/><E92/><V64/><F64/><W120/><G120/><T29/><D29/><U126/><E112/><V100/><F104/><W26/><G31/><T90/><REACH who="0" step="1"/><D57/><REACH who="0" ten="56,177,557,200" step="2"/><U110/><E126/><V89/><F100/><W116/><G1/><T52/><D52/><U59/><E59/><V131/><F128/><W60/><G40/><T82/><AGARI ba="3,1" hai="49,54,56,76,77,78,82,87,90,118,119" m="3584" machi="82" ten="50,6400,0" yaku="1,1,0,1,52,1,53,0" doraHai="53,123" doraHaiUra="20,2" who="0" fromWho="0" sc="56,83,177,-19,557,-35,200,-19" /><INIT seed="7,0,0,4,4,76" ten="139,158,522,181" oya="3" hai0="114,9,91,30,54,14,127,112,28,32,27,98,75" hai1="63,3,59,0,42,101,62,108,58,52,68,73,8" hai2="36,135,104,122,23,94,82,132,56,60,7,38,126" hai3="43,61,123,66,34,77,35,133,102,13,90,97,109"/><W92/><G123/><T2/><D75/><U37/><E108/><V96/><F122/><W78/><G133/><T134/><D134/><U41/><E68/><V128/><F104/><W110/><G43/><N who="1" m="16394" /><E3/><V18/><F7/><W46/><G46/><T69/><D69/><U48/><E0/><V33/><F33/><W105/><G13/><T64/><D64/><N who="1" m="39007" /><E73/><V11/><F38/><W4/><G4/><N who="0" m="3367" /><D2/><U20/><E37/><V53/><F36/><W6/><G6/><T50/><D127/><U113/><E113/><N who="0" m="43625" /><D30/><U5/><E5/><V116/><F128/><W95/><G109/><T115/><N who="0" m="43633" /><T93/><DORA hai="130" /><D54/><N who="1" m="34263" /><E8/><V44/><F11/><W124/><G110/><T1/><D1/><U55/><E101/><V117/><F126/><W118/><G102/><T80/><D50/><U88/><E48/><V71/><F132/><W51/><G51/><T119/><D119/><U99/><E20/><V29/><F44/><W84/><G118/><T12/><D12/><U72/><E72/><V87/><F135/><W85/><G124/><T103/><D103/><U25/><E25/><V57/><F116/><W129/><G129/><T70/><D70/><U31/><E31/><V120/><F29/><W26/><G26/><T121/><D121/><U65/><E65/><V39/><F117/><W125/><G125/><T86/><D98/><U10/><E10/><V21/><F39/><W131/><G131/><T15/><D15/><U47/><E47/><V106/><F120/><W81/><G97/><T107/><D107/><U67/><E67/><V45/><F96/><N who="3" m="57367" /><G105/><T74/><D74/><RYUUKYOKU ba="0,0" sc="139,15,158,15,522,-15,181,-15" hai0="27,28,32,80,86,91,93" hai1="52,55,88,99" owari="154,-35.0,173,-3.0,507,61.0,166,-23.0" /></mjloggm>