<mjloggm ver="2.3"><GO type="169" lobby="0"/><UN n0="%E5%A4%A9%E9%BC%93" n1="%33%33%62%6C%61%63%6B" n2="%E3%81%97%E3%81%8A%E3%81%BE%E3%81%AD%E3%81%8D" n3="%E5%B0%B1%E6%B4%BB%E7%94%9F%40%E5%B7%9D%E6%9D%91%E8%BB%8D%E5%9B%A3" dan="17,17,16,16" rate="2126.57,2147.89,2144.67,2060.70" sx="M,F,M,M"/><TAIKYOKU oya="0"/><INIT seed="0,0,0,3,1,60" ten="250,250,250,250" oya="0" hai0="65,130,5,129,104,17,41,88,3,12,50,6,32" hai1="34,43,27,106,66,39,93,118,94,108,2,63,77" hai2="98,82,102,90,92,28,7,72,132,9,73,18,127" hai3="117,16,29,23,105,109,58,124,128,70,64,56,67"/><T38/><D38/><U120/><E118/><V112/><F112/><W14/><G105/><T49/><D104/><U51/><E120/><V110/><F110/><W26/><G117/><T71/><D32/><U74/><E108/><V114/><F114/><W53/><G109/><T55/><D3/><U59/><E106/><V76/><F132/><W13/><G128/><N who="0" m="49259" /><D41/><U79/><E39/><V96/><F127/><W97/><G124/><T20/><D50/><U4/><E2/><V89/><F18/><W15/><G70/><T62/><D88/><U37/><E37/><V87/><F28/><W95/><G29/><T10/><D10/><U86/><E43/><V103/><F7/><W30/><G30/><T119/><D119/><U31/><E4/><V116/><F9/><W81/><G81/><T21/><D21/><U57/><E74/><N who="2" m="28779" /><F116/><W91/><G58/><AGARI ba="0,0" hai="5,6,12,17,20,49,55,58,62,65,71" m="49259" machi="58" ten="30,2900,0" yaku="19,1,52,1" doraHai="60" who="0" fromWho="3" sc="250,29,250,0,250,0,250,-29" /><INIT seed="0,1,0,4,4,57" ten="279,250,250,221" oya="0" hai0="109,108,126,110,65,67,95,75,22,99,16,80,68" hai1="70,54,11,74,38,86,97,117,25,100,64,133,15" hai2="115,81,93,42,2,90,35,128,83,13,50,125,112" hai3="21,27,32,1,134,82,48,77,98,102,94,66,29"/><T30/><D126/><U59/><E74/><V84/><F35/><W105/><G134/><T7/><D30/><U37/><E117/><V26/><F2/><W113/><G1/><T130/><D130/><U124/><E133/><V47/><F125/><W46/><G113/><T111/><N who="0" m="27648" /><DORA hai="103" /><T121/><D121/><U58/><E25/><V114/><F128/><W18/><G66/><T0/><D68/><U8/><E124/><V39/><F26/><W92/><G32/><T62/><D62/><U69/><E8/><V106/><F13/><W44/><G44/><T123/><D123/><U9/><E9/><V33/><F33/><W101/><G101/><N who="0" m="60671" /><D80/><U132/><E132/><V55/><REACH who="2" step="1"/><F106/><REACH who="2" ten="279,250,240,221" step="2"/><W14/><G14/><N who="0" m="9495" /><D75/><U73/><E73/><V127/><F127/><W76/><G29/><T20/><D20/><U36/><E15/><V5/><F5/><W24/><G24/><T61/><D61/><U120/><E120/><V107/><F107/><W51/><G105/><T23/><D23/><U45/><E11/><AGARI ba="1,1" hai="0,7,11,65,67" m="9495,60671,27648" machi="11" ten="60,11600,0" yaku="14,1,10,1,54,1" doraHai="57,103" who="0" fromWho="1" sc="279,129,250,-119,240,0,221,0" /><INIT seed="0,2,0,0,1,61" ten="408,131,240,221" oya="0" hai0="12,13,93,48,23,105,56,116,6,16,38,77,97" hai1="99,30,7,94,106,85,32,1,88,112,35,67,44" hai2="25,33,123,43,90,83,59,39,36,52,8,81,63" hai3="132,9,86,119,28,80,100,26,79,11,95,65,47"/><T129/><D38/><U104/><E112/><V60/><F123/><W78/><G119/><T18/><D116/><U49/><E30/><V31/><F8/><W73/><G132/><T124/><D124/><U45/><E45/><V128/><F128/><W75/><G47/><T69/><D69/><U84/><E106/><V37/><F90/><W40/><G40/><T42/><D129/><U125/><E125/><V98/><F98/><W51/><G51/><T92/><D6/><U46/><E46/><V19/><F19/><W14/><G65/><T53/><D42/><U29/><E29/><V34/><F34/><W66/><G66/><T135/><D77/><U126/><E126/><V114/><F114/><W41/><G41/><T62/><D135/><U120/><E120/><V10/><F10/><W54/><G54/><T68/><D68/><U74/><E74/><V5/><F5/><W71/><G71/><T131/><D131/><U70/><E1/><V102/><F102/><W87/><G11/><T121/><D121/><U72/><E7/><V82/><F43/><W108/><G108/><T111/><D111/><U101/><E84/><V76/><REACH who="2" step="1"/><F63/><REACH who="2" ten="408,131,230,221" step="2"/><W118/><G100/><N who="0" m="62607" /><D62/><N who="1" m="40311" /><E32/><V22/><F22/><N who="3" m="15447" /><G118/><T134/><D134/><U103/><E35/><V58/><F58/><W107/><G107/><T122/><D122/><U96/><E103/><V17/><F17/><N who="3" m="8399" /><G79/><AGARI ba="2,1" hai="25,31,33,36,37,39,52,59,60,76,79,81,82,83" machi="79" ten="50,3200,0" yaku="1,1,54,1,53,0" doraHai="61" doraHaiUra="91" who="2" fromWho="3" sc="408,0,131,0,230,48,221,-38" /><INIT seed="1,0,0,3,3,53" ten="408,131,278,183" oya="1" hai0="26,37,44,15,68,36,74,31,109,133,14,45,125" hai1="73,40,103,25,17,41,80,129,90,113,55,54,132" hai2="35,28,102,64,82,69,66,56,128,29,1,79,12" hai3="13,95,106,131,101,134,124,5,0,126,104,81,20"/><U72/><E113/><V67/><F1/><W43/><G0/><T111/><D125/><N who="3" m="48233" /><G43/><T70/><D133/><U47/><E132/><V57/><F69/><N who="0" m="26730" /><D74/><U6/><E129/><V120/><F120/><W76/><G5/><T78/><D78/><U19/><E6/><V52/><F128/><W63/><G13/><N who="0" m="4619" /><D26/><U23/><E103/><V71/><F71/><W92/><G20/><T38/><D31/><N who="2" m="11850" /><F35/><W62/><G131/><T122/><D122/><U7/><E7/><V107/><F102/><W48/><G48/><T33/><D33/><U32/><E32/><V8/><F107/><N who="3" m="41003" /><G134/><T30/><D30/><U116/><E116/><V22/><F22/><W105/><N who="3" m="41011" /><W65/><DORA hai="60" /><G101/><T110/><AGARI ba="0,0" hai="36,37,38,44,45,109,110,111" m="4619,26730" machi="110" ten="50,6400,0" yaku="28,2,14,1" doraHai="53,60" who="0" fromWho="0" sc="408,64,131,-32,278,-16,183,-16" /><INIT seed="2,0,0,3,2,66" ten="472,99,262,167" oya="2" hai0="39,38,129,77,106,88,115,0,7,46,118,134,13" hai1="99,121,83,75,34,108,76,45,21,96,68,24,11" hai2="62,6,3,63,9,56,50,37,112,135,74,35,36" hai3="111,16,100,72,23,89,5,59,126,31,125,91,86"/><V33/><F74/><W69/><G72/><T29/><D115/><U53/><E34/><V1/><F112/><W51/><G111/><T110/><D110/><U10/><E108/><V48/><F135/><W122/><G122/><T55/><D134/><U61/><E121/><V114/><F114/><W131/><G131/><T94/><D106/><U27/><E27/><V87/><F87/><W64/><G100/><T28/><D0/><U14/><E45/><V98/><F98/><W32/><G5/><T20/><D129/><U124/><E124/><N who="3" m="47722" /><G31/><T47/><D118/><U52/><E10/><V12/><F56/><W101/><G101/><T79/><D38/><U44/><E44/><N who="0" m="16937" /><D55/><U57/><E53/><V30/><F30/><N who="0" m="11882" /><D39/><U19/><REACH who="1" step="1"/><E68/><REACH who="1" ten="472,89,262,167" step="2"/><V67/><F9/><W4/><G32/><T41/><D41/><U78/><E78/><V95/><F35/><W127/><G127/><T123/><D123/><U2/><E2/><V18/><F33/><W70/><G4/><AGARI ba="0,1" hai="4,11,14,19,21,24,52,57,61,75,76,83,96,99" machi="4" ten="30,3900,0" yaku="1,1,7,1,54,1,53,0" doraHai="66" doraHaiUra="60" who="1" fromWho="3" sc="472,0,89,49,262,0,167,-39" /><INIT seed="3,0,0,4,2,102" ten="472,138,262,128" oya="3" hai0="109,80,16,6,79,12,68,22,38,1,5,131,121" hai1="69,94,64,100,36,37,77,60,39,63,101,125,127" hai2="104,72,0,47,111,122,55,85,53,105,87,74,88" hai3="62,92,114,26,96,56,133,34,30,90,130,134,81"/><W126/><G114/><T31/><D121/><U91/><E77/><V124/><F0/><W4/><G4/><T18/><D109/><U43/><E43/><V112/><F112/><W57/><G126/><N who="1" m="48138" /><E63/><V83/><F111/><W51/><G130/><T17/><D131/><U84/><AGARI ba="0,0" hai="36,37,39,60,64,69,84,91,94,100,101" m="48138" machi="84" ten="40,1500,0" yaku="18,1" doraHai="102" who="1" fromWho="1" sc="472,-4,138,15,262,-4,128,-7" /><INIT seed="4,0,0,4,0,96" ten="468,153,258,121" oya="0" hai0="70,99,43,94,32,121,11,74,90,25,128,107,8" hai1="98,36,86,45,57,7,124,72,3,84,9,51,110" hai2="52,41,73,33,112,133,95,28,50,80,97,59,23" hai3="63,40,67,118,101,88,117,37,5,13,34,71,17"/><T89/><D121/><U111/><E72/><V132/><F112/><W68/><G34/><T44/><D128/><U109/><E124/><V60/><F33/><W134/><G134/><N who="2" m="51817" /><F80/><W116/><G5/><T120/><D120/><U39/><E57/><V48/><F73/><W83/><G71/><T49/><D74/><U56/><E56/><V18/><F28/><W12/><G17/><T24/><D107/><U47/><E98/><V92/><F92/><W93/><G40/><T91/><D70/><U6/><E6/><V105/><F105/><W129/><G37/><T87/><D87/><U15/><E3/><V55/><F55/><W14/><G129/><T85/><D85/><U130/><E130/><V65/><F65/><W0/><G0/><T77/><D77/><U27/><E27/><N who="0" m="10313" /><D32/><U53/><REACH who="1" step="1"/><E36/><REACH who="1" ten="468,143,258,121" step="2"/><V30/><F60/><W103/><REACH who="3" step="1"/><G83/><REACH who="3" ten="468,143,258,111" step="2"/><T26/><D26/><U127/><E127/><V54/><F41/><AGARI ba="0,2" hai="7,9,15,39,41,45,47,51,53,84,86,109,110,111" machi="41" ten="40,1300,0" yaku="1,1,53,0" doraHai="96" doraHaiUra="119" who="1" fromWho="2" sc="468,0,143,33,258,-13,111,0" /><INIT seed="5,0,0,3,0,129" ten="468,176,245,111" oya="1" hai0="68,4,66,3,5,20,86,76,96,9,58,47,15" hai1="62,63,21,71,93,103,81,23,24,27,78,50,80" hai2="89,91,32,133,60,130,121,122,126,11,2,65,12" hai3="59,115,8,49,33,28,55,72,128,87,38,112,77"/><U18/><E71/><V57/><F130/><W17/><G72/><T127/><D127/><U31/><E50/><V67/><F126/><W134/><G38/><T53/><D68/><U48/><E48/><V82/><F32/><W116/><G128/><T117/><D117/><U90/><E103/><V106/><F106/><W22/><G116/><T120/><D120/><U16/><E31/><V13/><F2/><W14/><G33/><T118/><D66/><U6/><E6/><V109/><F109/><W30/><G77/><T34/><D34/><U104/><E104/><V61/><F82/><W43/><G43/><T84/><D47/><U10/><E10/><V25/><F25/><W132/><G87/><T51/><D96/><U54/><E54/><V95/><F133/><N who="3" m="51307" /><G8/><T36/><D84/><N who="1" m="48151" /><E81/><V108/><F108/><W52/><G55/><T123/><D36/><U92/><E92/><V56/><F95/><W45/><G45/><T79/><D118/><U119/><E119/><V69/><F69/><W64/><G64/><T19/><D123/><U114/><E114/><AGARI ba="0,0" hai="14,17,22,28,30,49,52,59,112,114,115" m="51307" machi="114" ten="30,12000,2" yaku="15,1,20,1,52,3,54,1" doraHai="129" who="3" fromWho="1" sc="468,0,176,-120,245,0,111,120" /><INIT seed="6,0,0,3,3,52" ten="468,56,245,231" oya="2" hai0="61,103,131,36,53,7,69,34,29,1,112,127,98" hai1="115,119,117,72,30,128,99,19,18,122,100,2,56" hai2="14,9,68,104,80,88,123,3,38,15,28,106,27" hai3="111,55,113,129,76,40,63,84,70,135,13,71,10"/><V134/><F68/><W105/><G111/><T118/><D112/><U77/><E2/><V65/><F38/><W67/><G105/><T6/><D127/><U12/><E115/><V57/><F123/><W133/><G40/><T108/><D108/><U95/><E122/><V54/><F134/><N who="3" m="51211" /><G129/><T81/><D131/><U82/><E128/><V74/><F65/><W130/><G130/><T83/><D36/><U23/><E30/><V97/><F3/><W32/><G32/><T37/><D37/><U60/><REACH who="1" step="1"/><E19/><REACH who="1" ten="468,46,245,231" step="2"/><V39/><F28/><W109/><G113/><T132/><D1/><U46/><E46/><V107/><F39/><W90/><G109/><T86/><D29/><U42/><E42/><V31/><F31/><W75/><G75/><T24/><D132/><U66/><AGARI ba="0,1" hai="12,18,23,56,60,66,72,77,82,95,99,100,117,119" machi="66" ten="20,5200,0" yaku="1,1,0,1,7,1,52,1,53,0" doraHai="52" doraHaiUra="110" who="1" fromWho="1" sc="468,-13,46,62,245,-26,231,-13" /><INIT seed="7,0,0,4,0,1" ten="455,108,219,218" oya="3" hai0="128,53,60,66,64,113,90,117,108,76,85,21,25" hai1="6,58,80,109,34,61,126,120,123,132,68,95,78" hai2="112,2,31,24,37,19,87,28,43,9,116,104,48" hai3="114,32,0,42,17,65,14,105,135,46,127,125,4"/><W101/><G32/><T124/><D108/><U56/><E109/><V41/><F104/><W94/><G105/><T92/><D117/><U103/><E34/><V67/><F116/><W3/><G114/><T99/><D128/><U86/><E132/><V59/><F112/><W16/><G65/><T23/><D124/><N who="3" m="47689" /><G135/><T97/><D23/><U110/><E126/><V89/><F37/><N who="3" m="21839" /><G101/><T40/><D40/><U44/><E110/><V119/><F119/><W57/><G57/><N who="0" m="34863" /><D113/><U36/><E68/><V38/><F38/><W131/><G131/><T106/><D106/><U91/><E103/><V88/><F67/><N who="0" m="25642" /><D76/><U83/><E83/><V11/><F59/><W33/><G33/><T93/><D93/><U62/><E36/><V79/><F48/><W45/><G45/><T63/><D63/><U134/><E134/><V75/><F79/><W129/><G94/><T107/><D107/><U74/><E44/><V130/><F130/><W22/><G129/><T81/><D92/><U121/><E121/><V73/><F43/><W7/><G17/><AGARI ba="0,0" hai="17,21,25,81,85,90,97,99" m="25642,34863" machi="17" ten="30,1000,0" yaku="8,1" doraHai="1" who="0" fromWho="3" sc="455,10,108,0,219,0,218,-10" owari="465,56.0,108,-39.0,219,2.0,208,-19.0" /></mjloggm>