<mjloggm ver="2.3"><GO type="97" lobby="0"/><UN n0="%E3%83%8F%E3%83%A1%E3%83%89%E3%83%B3" n1="%E5%B0%B1%E6%B4%BB%E7%94%9F%40%E5%B7%9D%E6%9D%91%E8%BB%8D%E5%9B%A3" n2="%6E%65%73%69%65%72" n3="%E3%82%8A%E3%82%81%E3%82%8D" dan="15,14,15,14" rate="1944.19,1953.15,1958.63,1901.87" sx="M,M,M,M"/><TAIKYOKU oya="0"/><INIT seed="0,0,0,3,4,106" ten="250,250,250,250" oya="0" hai0="115,5,35,71,17,13,32,19,83,42,20,120,50" hai1="16,134,100,78,48,110,30,80,31,99,6,132,97" hai2="92,81,117,37,86,123,94,118,113,0,43,135,125" hai3="84,45,130,54,1,3,26,93,28,58,62,46,129"/><T65/><D115/><U59/><E6/><V49/><F0/><N who="3" m="75" /><G93/><T131/><D120/><U22/><E59/><V108/><F37/><W96/><G96/><T21/><D131/><N who="3" m="50185" /><G84/><T111/><D111/><U4/><E4/><V39/><F39/><W74/><G74/><T18/><D71/><U66/><E66/><V8/><F108/><W44/><G44/><T85/><D65/><U105/><E48/><V47/><F113/><W124/><G124/><T72/><D72/><U55/><E55/><V29/><F123/><W12/><G12/><T33/><D50/><U15/><E99/><V41/><F125/><W90/><G90/><T127/><D42/><U63/><E63/><V69/><F69/><W61/><G61/><T56/><D56/><U121/><E121/><V107/><F107/><W126/><G126/><T91/><D127/><U73/><REACH who="1" step="1"/><E110/><REACH who="1" ten="250,240,250,250" step="2"/><V23/><F49/><W9/><G9/><T88/><D5/><U52/><E52/><V34/><F8/><W76/><G54/><T75/><D13/><U87/><E87/><V77/><F86/><W68/><G62/><T10/><D10/><U7/><E7/><V102/><F41/><W2/><G68/><T64/><D64/><U119/><E119/><V116/><F118/><W109/><G2/><T51/><D51/><U114/><E114/><V101/><F43/><W60/><G109/><T36/><D36/><U133/><AGARI ba="0,1" hai="15,16,22,30,31,73,78,80,97,100,105,132,133,134" machi="133" ten="30,8000,1" yaku="1,1,0,1,20,1,52,1,54,1,53,0" doraHai="106" doraHaiUra="40" who="1" fromWho="1" sc="250,-40,240,90,250,-20,250,-20" /><INIT seed="1,0,0,2,4,6" ten="210,330,230,230" oya="1" hai0="49,131,47,84,134,109,80,56,27,64,31,124,29" hai1="111,102,24,69,25,95,62,20,60,87,18,130,19" hai2="117,96,82,63,132,100,52,128,127,12,81,91,122" hai3="23,116,89,79,118,51,46,44,68,34,36,5,99"/><U3/><E130/><V54/><F117/><N who="3" m="45163" /><G68/><T30/><D109/><U104/><E104/><V105/><F122/><W125/><G34/><T40/><D124/><U106/><E106/><V85/><F128/><W14/><G125/><T83/><D131/><U32/><E3/><V7/><F127/><W33/><G33/><T58/><D134/><U107/><E107/><V71/><F132/><W53/><G79/><T48/><D27/><U45/><E69/><V90/><F71/><W42/><G99/><T66/><D80/><U93/><E111/><V103/><F103/><W86/><G23/><T88/><REACH who="0" step="1"/><D49/><REACH who="0" ten="200,330,230,230" step="2"/><U35/><E25/><V129/><F129/><W133/><G133/><T119/><D119/><U135/><E35/><V39/><F82/><N who="3" m="49367" /><G14/><T92/><D92/><U41/><E93/><V55/><F81/><W108/><G108/><T37/><D37/><U121/><E32/><V26/><F39/><W78/><G51/><T94/><D94/><U115/><E135/><V98/><F12/><W113/><G36/><T9/><D9/><U0/><E0/><V112/><F26/><W70/><G113/><T76/><D76/><U72/><E115/><V15/><F112/><W114/><G78/><T38/><D38/><U16/><E121/><V75/><F15/><W21/><G21/><T11/><D11/><U110/><E110/><V57/><F105/><W50/><G114/><T4/><D4/><U61/><E102/><V2/><F100/><W28/><G5/><T1/><D1/><U59/><E24/><V13/><F2/><W73/><G50/><T120/><D120/><RYUUKYOKU ba="0,1" sc="200,30,330,-10,230,-10,230,-10" hai0="29,30,31,40,47,48,56,58,64,66,83,84,88" /><INIT seed="2,1,1,4,5,133" ten="230,320,220,220" oya="2" hai0="70,44,23,21,71,81,135,76,63,20,111,8,31" hai1="97,12,68,10,108,90,42,121,6,26,118,83,14" hai2="22,74,38,2,119,99,92,110,47,19,114,49,100" hai3="131,87,34,50,124,95,80,18,16,82,65,115,113"/><V30/><F119/><W66/><G131/><T5/><D111/><U89/><E118/><V105/><F114/><N who="3" m="43531" /><G124/><T127/><D127/><U130/><E68/><V112/><F112/><W29/><G50/><T1/><D135/><U109/><E121/><V43/><F110/><N who="1" m="42601" /><E130/><V61/><F74/><W59/><G34/><T4/><D4/><U104/><E42/><V57/><F2/><W58/><G29/><T46/><D31/><U125/><E125/><V77/><F77/><N who="3" m="46479" /><G95/><T101/><D63/><U132/><E26/><V86/><F30/><W64/><G82/><T78/><D81/><U48/><E48/><V25/><F38/><W17/><AGARI ba="1,1" hai="16,17,18,58,59,64,65,66" m="46479,43531" machi="17" ten="40,2700,0" yaku="11,1,54,1" doraHai="133" who="3" fromWho="3" sc="230,-8,320,-8,220,-14,220,40" /><INIT seed="3,0,0,2,1,130" ten="222,312,206,260" oya="3" hai0="124,65,44,122,102,87,64,77,41,66,18,42,34" hai1="15,132,92,108,128,89,105,125,11,93,69,61,83" hai2="118,126,112,1,19,73,99,47,129,22,81,91,45" hai3="43,30,36,20,35,16,78,95,59,52,37,79,40"/><W127/><G127/><T97/><D122/><U86/><E132/><V115/><F118/><W48/><G30/><T98/><D124/><U131/><E105/><V82/><F126/><W114/><G35/><T53/><D34/><U116/><E108/><V62/><F1/><W111/><G114/><T88/><D77/><N who="3" m="29193" /><G37/><T60/><D60/><U117/><E125/><V33/><F33/><W101/><G36/><T123/><D123/><U120/><E61/><V67/><F129/><N who="1" m="49737" /><E69/><V4/><F4/><W7/><G7/><T51/><D18/><N who="1" m="8575" /><E120/><V71/><F115/><W5/><G5/><T90/><D102/><U28/><E28/><V3/><F3/><W31/><G31/><T0/><D0/><U134/><E134/><V13/><F112/><W57/><G57/><T24/><D24/><U119/><AGARI ba="0,0" hai="83,86,89,92,93,116,117,119" m="8575,49737" machi="119" ten="40,2700,0" yaku="12,1,19,1" doraHai="130" who="1" fromWho="1" sc="222,-7,312,27,206,-7,260,-13" owari="215,-18.0,339,43.0,199,-30.0,247,5.0" /></mjloggm>