<mjloggm ver="2.3"><GO type="169" lobby="0"/><UN n0="%EF%BC%B7%EF%BD%81%EF%BD%8C%EF%BD%8C%EF%BD%99" n1="%4B%69%72%63%68%65" n2="%E3%82%A6%E3%83%AB%E3%83%88%E3%83%A9%E7%AB%8B%E7%9B%B4" n3="%5A%68%6F%75%70%69%6E%67" dan="17,17,17,16" rate="2197.13,2159.43,2233.59,2053.51" sx="M,M,M,M"/><TAIKYOKU oya="0"/><INIT seed="0,0,0,3,4,55" ten="250,250,250,250" oya="0" hai0="74,100,41,95,12,120,28,26,65,27,1,33,70" hai1="116,59,51,7,133,49,6,69,85,38,71,35,94" hai2="87,83,3,45,61,47,72,135,44,88,9,62,82" hai3="84,78,42,20,75,121,126,30,15,118,106,123,17"/><T128/><D74/><U57/><E38/><V114/><F114/><W25/><G106/><T67/><D1/><U108/><E116/><V24/><F135/><W14/><G75/><T79/><D79/><U34/><E108/><V4/><REACH who="2" step="1"/><F24/><REACH who="2" ten="250,250,240,250" step="2"/><W124/><G118/><T76/><D27/><U2/><E133/><V91/><F91/><W89/><G78/><AGARI ba="0,1" hai="3,4,9,44,45,47,61,62,72,78,82,83,87,88" machi="78" ten="40,2600,0" yaku="1,1,54,1,53,0" doraHai="55" doraHaiUra="129" who="2" fromWho="3" sc="250,0,250,0,240,36,250,-26" /><INIT seed="1,0,0,3,0,127" ten="250,250,276,224" oya="1" hai0="122,9,16,13,100,81,36,37,121,14,106,20,112" hai1="71,23,18,119,21,50,108,53,99,70,1,111,26" hai2="118,49,131,28,10,102,31,109,56,59,27,84,6" hai3="47,117,5,79,82,11,25,57,66,39,0,72,96"/><U40/><E1/><V133/><F118/><W86/><G117/><T2/><D2/><U104/><E40/><V63/><F133/><W67/><G96/><N who="0" m="61703" /><D81/><U68/><E119/><V92/><F109/><N who="1" m="42057" /><E23/><V61/><F49/><W54/><G86/><T97/><D97/><U33/><E33/><V41/><F41/><N who="3" m="22975" /><G25/><T93/><D93/><U22/><E22/><V78/><F78/><W77/><G77/><T107/><D107/><U113/><E113/><V43/><F84/><W101/><G101/><T24/><D14/><U12/><E26/><V74/><F43/><W91/><G91/><T35/><D35/><U88/><E104/><V134/><F27/><W42/><G42/><T98/><D98/><U7/><E7/><V80/><F6/><W132/><G132/><T123/><D112/><U38/><E38/><V129/><F134/><W105/><G105/><T64/><D64/><U15/><E15/><V103/><F28/><AGARI ba="0,0" hai="9,13,16,20,24,28,36,37,121,122,123" m="61703" machi="28" ten="30,2000,0" yaku="13,1,54,1" doraHai="127" who="0" fromWho="2" sc="250,20,250,0,276,-20,224,0" /><INIT seed="2,0,0,2,4,33" ten="270,250,256,224" oya="2" hai0="69,64,98,109,125,100,103,63,130,104,129,81,35" hai1="38,78,20,25,74,86,132,10,133,135,58,112,5" hai2="46,67,116,40,24,123,73,19,55,80,96,27,84" hai3="15,23,126,39,106,61,47,110,65,93,105,45,62"/><V6/><F123/><W13/><G93/><T11/><D103/><U57/><E38/><V36/><F116/><W60/><G39/><T95/><D95/><U2/><E74/><V17/><F67/><W91/><G91/><T99/><D99/><U102/><E102/><V88/><F73/><W22/><G65/><T51/><D51/><U59/><E112/><V113/><F113/><W115/><G115/><T49/><D49/><U18/><E78/><V79/><F6/><W54/><G126/><T68/><D68/><U119/><REACH who="1" step="1"/><E86/><REACH who="1" ten="270,240,256,224" step="2"/><V53/><F79/><W72/><G72/><T128/><D125/><U42/><E42/><V90/><F90/><W118/><G118/><AGARI ba="0,1" hai="2,5,10,18,20,25,57,58,59,118,119,132,133,135" machi="118" ten="50,6400,0" yaku="1,1,20,1,52,1,53,0" doraHai="33" doraHaiUra="97" who="1" fromWho="3" sc="270,0,240,74,256,0,224,-64" /><INIT seed="3,0,0,1,5,81" ten="270,314,256,160" oya="3" hai0="55,122,134,84,71,21,49,83,114,96,24,118,110" hai1="103,105,34,70,15,113,117,56,54,90,61,102,11" hai2="88,67,23,12,125,87,8,31,44,50,92,101,72" hai3="52,135,4,95,38,69,19,29,91,59,45,111,43"/><W41/><G135/><T100/><D71/><U127/><E113/><V119/><F72/><W27/><G69/><T17/><D110/><U97/><E117/><V82/><F119/><W94/><G111/><T74/><D118/><U75/><E75/><V37/><F37/><W10/><G43/><T35/><D35/><U5/><E34/><V108/><F108/><W30/><G19/><T107/><D74/><U77/><E77/><V60/><F125/><W116/><G116/><T58/><D134/><U2/><E127/><V130/><F130/><W57/><G57/><T39/><D39/><U13/><E70/><V133/><F133/><W28/><G27/><T51/><D114/><U64/><E64/><V86/><F101/><W73/><G73/><T6/><D6/><U26/><E26/><N who="2" m="16863" /><F60/><W129/><G129/><T0/><D0/><U76/><E76/><V89/><F67/><W47/><G47/><T63/><D122/><U128/><E128/><V79/><F79/><AGARI ba="0,0" hai="17,21,24,49,51,55,58,63,79,83,84,96,100,107" machi="79" ten="30,2000,0" yaku="7,1,52,1" doraHai="81" who="0" fromWho="2" sc="270,20,314,0,256,-20,160,0" /><INIT seed="4,0,0,1,2,28" ten="290,314,236,160" oya="0" hai0="56,110,72,13,100,77,126,7,101,48,111,85,41" hai1="38,102,66,24,105,82,103,104,108,18,62,95,26" hai2="12,93,124,33,67,86,71,75,51,112,42,2,109" hai3="49,58,55,128,115,80,73,107,90,9,131,122,32"/><T134/><D72/><U129/><E108/><N who="0" m="41513" /><D134/><U127/><E38/><V119/><F75/><W17/><G107/><T78/><D126/><U61/><E129/><V64/><F2/><W10/><G122/><T25/><D25/><U22/><E127/><V43/><F124/><W125/><G125/><T54/><D41/><U59/><E82/><V114/><F109/><W4/><G115/><N who="2" m="44073" /><F12/><W96/><G17/><T133/><D133/><U83/><E83/><V97/><F86/><W117/><G117/><T30/><D30/><U65/><E95/><V116/><F71/><W0/><G9/><N who="0" m="4287" /><D85/><U113/><E113/><V92/><F33/><W60/><G96/><T34/><D34/><U15/><E15/><V99/><F43/><W91/><G32/><T5/><D5/><U47/><E47/><V63/><F42/><W53/><G73/><T70/><D70/><U81/><E81/><V94/><F51/><W31/><G31/><T46/><D46/><U39/><E39/><V74/><F74/><W19/><G19/><T45/><D45/><U3/><E3/><V6/><F6/><W88/><REACH who="3" step="1"/><G80/><REACH who="3" ten="290,314,236,150" step="2"/><T35/><D35/><U44/><E18/><V135/><F119/><W130/><G130/><T121/><D121/><U36/><E36/><V89/><F116/><W40/><G40/><T20/><D20/><U87/><E22/><V118/><F118/><W16/><G16/><T27/><D27/><U68/><E24/><V14/><F135/><W84/><G84/><T23/><D23/><U11/><E26/><V132/><F132/><W1/><G1/><T52/><D77/><RYUUKYOKU ba="0,1" sc="290,-10,314,-10,236,-10,150,30" hai3="0,4,10,49,53,55,58,60,88,90,91,128,131" /><INIT seed="5,1,1,0,1,108" ten="280,304,226,180" oya="1" hai0="77,100,41,110,61,40,27,56,114,121,73,130,104" hai1="11,25,106,17,23,67,30,125,1,132,83,62,128" hai2="86,122,127,10,13,33,12,6,34,52,109,72,19" hai3="87,28,112,91,76,69,15,135,65,21,131,7,8"/><U68/><E106/><V102/><F72/><W64/><G131/><T74/><D110/><U90/><E128/><V82/><F122/><W29/><G135/><T38/><D38/><U54/><E132/><V85/><F109/><W46/><G76/><T2/><D2/><U117/><E117/><V111/><F111/><W95/><G69/><T26/><D130/><U0/><E125/><V88/><F127/><W94/><G46/><T98/><D121/><U79/><E90/><V115/><F102/><W120/><G120/><T105/><D77/><U101/><E101/><V118/><F118/><W103/><G112/><T9/><D9/><U20/><E54/><V58/><F86/><W4/><G4/><T89/><D89/><U50/><E50/><V31/><F31/><N who="3" m="11851" /><G21/><T97/><D100/><U39/><E39/><V35/><F115/><W32/><G32/><T66/><D56/><U134/><E11/><V107/><F107/><W116/><G116/><T37/><D37/><U44/><E44/><V36/><F36/><W63/><G63/><T126/><D61/><U48/><E48/><V3/><REACH who="2" step="1"/><F19/><REACH who="2" ten="280,304,216,180" step="2"/><W16/><G7/><T24/><D126/><U78/><E134/><V124/><F124/><W129/><G129/><T42/><D114/><U96/><E96/><AGARI ba="1,2" hai="8,15,16,64,65,87,91,94,95,96,103" m="11851" machi="96" ten="30,2000,0" yaku="8,1,54,1" doraHai="108" who="3" fromWho="1" sc="280,0,304,-23,216,0,180,43" /><INIT seed="6,0,0,2,3,126" ten="280,281,216,223" oya="2" hai0="90,127,0,68,75,60,94,19,51,53,25,57,104" hai1="46,69,21,6,48,5,30,23,124,9,112,37,10" hai2="17,102,66,89,64,63,8,3,96,62,114,73,109" hai3="33,91,29,133,4,88,131,100,81,15,32,130,135"/><V26/><F73/><W116/><G116/><T7/><D75/><U123/><E69/><V117/><F117/><W77/><G100/><T79/><D104/><U44/><E123/><V58/><F114/><W27/><G33/><T20/><D79/><U43/><E124/><V2/><F89/><N who="3" m="34379" /><G4/><T76/><D76/><U45/><E45/><V71/><F109/><W107/><G15/><T11/><D127/><U93/><E93/><V47/><F47/><W28/><G28/><T103/><D103/><U113/><E30/><V85/><F85/><N who="3" m="48303" /><G107/><T111/><D111/><U61/><E61/><V52/><F64/><W42/><G42/><T16/><D68/><U128/><E43/><V108/><F108/><W1/><G1/><T82/><D82/><U120/><E120/><V86/><F86/><W92/><G92/><T121/><D121/><U22/><E22/><V99/><F99/><W134/><AGARI ba="0,0" hai="27,29,32,130,131,133,134,135" m="48303,34379" machi="134" ten="40,8000,1" yaku="20,1,52,2,54,1" doraHai="126" who="3" fromWho="3" sc="280,-20,281,-20,216,-40,223,80" /><INIT seed="7,0,0,0,0,16" ten="260,261,176,303" oya="3" hai0="108,114,97,71,64,37,30,13,3,25,128,2,43" hai1="40,67,45,131,93,27,82,119,57,83,100,22,101" hai2="121,135,111,29,35,94,34,87,98,105,59,51,115" hai3="66,11,36,102,54,106,63,46,129,76,8,86,95"/><W110/><G110/><T84/><D84/><U79/><E119/><V91/><F111/><W99/><G129/><T33/><D13/><U19/><E131/><V28/><F121/><W96/><G76/><T80/><D128/><U39/><E83/><V104/><F115/><W109/><G109/><T17/><D17/><U107/><E107/><V55/><F135/><W132/><G132/><T5/><D108/><U42/><E40/><V103/><REACH who="2" step="1"/><F105/><REACH who="2" ten="260,261,166,303" step="2"/><W70/><G106/><T122/><D114/><U58/><E67/><V10/><F10/><W92/><G8/><T14/><D122/><U120/><E120/><V18/><F18/><W77/><G11/><T7/><D64/><U60/><E19/><V6/><F6/><W134/><G134/><T125/><D5/><U89/><E27/><V81/><F81/><W73/><G66/><T41/><D80/><U48/><E82/><V85/><F85/><W88/><G77/><T9/><D7/><U4/><E79/><V126/><F126/><W24/><G86/><T32/><D125/><U118/><E4/><V52/><F52/><W56/><G24/><T44/><D25/><U26/><E26/><V23/><F23/><W61/><G73/><T124/><D9/><U72/><E22/><V15/><F15/><W116/><G116/><T123/><D14/><U127/><E72/><V65/><F65/><W1/><G54/><T62/><D124/><U50/><E127/><V130/><F130/><W49/><G96/><T113/><D97/><U53/><E118/><V68/><F68/><W78/><G99/><T21/><D113/><RYUUKYOKU ba="0,1" sc="260,-10,261,-10,166,30,303,-10" hai2="28,29,34,35,51,55,59,87,91,94,98,103,104" /><INIT seed="8,1,1,5,4,28" ten="250,251,196,293" oya="0" hai0="16,1,71,25,0,18,100,93,21,5,130,96,126" hai1="70,7,104,119,103,133,97,22,60,43,134,102,2" hai2="88,90,65,114,74,56,81,53,76,87,29,110,34" hai3="94,41,122,8,49,115,50,26,23,14,131,78,37"/><T92/><D71/><U4/><E102/><V3/><F114/><W30/><G115/><T39/><D39/><U106/><E106/><V123/><F110/><W31/><G131/><T68/><D68/><U9/><E22/><V83/><F123/><W63/><G122/><T105/><D130/><U113/><E113/><V86/><F3/><W24/><G78/><T95/><D126/><U20/><E20/><V33/><F65/><W47/><G94/><T125/><D125/><U77/><E119/><V84/><F29/><W13/><G63/><T80/><D5/><U112/><E112/><V11/><F11/><W108/><G108/><T128/><D128/><U117/><E117/><V120/><F120/><W118/><G118/><T121/><D121/><U59/><E4/><V116/><F116/><W111/><G111/><T124/><D124/><U64/><E59/><V91/><REACH who="2" step="1"/><F83/><REACH who="2" ten="250,251,186,293" step="2"/><W51/><REACH who="3" step="1"/><G8/><REACH who="3" ten="250,251,186,283" step="2"/><T82/><D82/><U98/><E9/><V66/><F66/><W36/><G36/><T85/><REACH who="0" step="1"/><D18/><REACH who="0" ten="240,251,186,283" step="2"/><U6/><E6/><V40/><F40/><W129/><G129/><T72/><D72/><U57/><E7/><V38/><F38/><W101/><G101/><T55/><D55/><U46/><E43/><V127/><F127/><W75/><G75/><T44/><D44/><U135/><E46/><V67/><F67/><W69/><G69/><T35/><D35/><AGARI ba="1,4" hai="13,14,23,24,26,30,31,35,37,41,47,49,50,51" machi="35" ten="40,2600,0" yaku="1,1,52,1,53,0" doraHai="28" doraHaiUra="58" who="3" fromWho="0" sc="240,-29,251,0,186,0,283,69" owari="211,-19.0,251,5.0,186,-31.0,352,45.0" /></mjloggm>