<mjloggm ver="2.3"><GO type="41" lobby="0"/><UN n0="%48%75%6F%70%75" n1="%E3%81%82%E3%83%BC%E3%82%8A%E3%82%93%E3%81%A7%E3%81%99%E3%80%82%E2%98%86" n2="%E3%83%97%E3%83%AC%E3%82%B9%E3%83%97" n3="%E5%B0%B1%E6%B4%BB%E7%94%9F%40%E5%B7%9D%E6%9D%91%E8%BB%8D%E5%9B%A3" dan="13,13,15,14" rate="1899.02,1860.13,1969.58,1966.67" sx="M,F,M,M"/><TAIKYOKU oya="0"/><INIT seed="0,0,0,4,2,113" ten="250,250,250,250" oya="0" hai0="3,12,2,67,84,94,87,58,92,72,29,85,88" hai1="8,98,83,75,76,48,131,7,9,122,95,19,68" hai2="106,108,30,60,63,77,104,97,34,114,20,107,57" hai3="47,26,93,100,111,32,64,101,80,115,41,6,81"/><T74/><D29/><U49/><E122/><V17/><F114/><W10/><G115/><T46/><D46/><U118/><E68/><V135/><F77/><W61/><G111/><T21/><D74/><U66/><E66/><V119/><F108/><W128/><G128/><T53/><D67/><U31/><E131/><V126/><F135/><W71/><G32/><T5/><D72/><U117/><E31/><V79/><F79/><W50/><G26/><T38/><D38/><U43/><E19/><V127/><F97/><W121/><G121/><T103/><D103/><U120/><E120/><V110/><F110/><W22/><G22/><T56/><D56/><U125/><E125/><V82/><F82/><W40/><G40/><T62/><D94/><U69/><E69/><V102/><F102/><W14/><G93/><T59/><D59/><U16/><E16/><V91/><F91/><W112/><G112/><T70/><D70/><U130/><E130/><V54/><F60/><W44/><G44/><T65/><D65/><U134/><E134/><V15/><F30/><W123/><G123/><T133/><D133/><U28/><E28/><V27/><F34/><W124/><G124/><N who="2" m="47657" /><F27/><W99/><G99/><T42/><D42/><U55/><E43/><V37/><F37/><W52/><G100/><T51/><D62/><U23/><E49/><V35/><F35/><W89/><G101/><T45/><D45/><N who="1" m="28047" /><E23/><V11/><F20/><W129/><G129/><T18/><D5/><U90/><E7/><V36/><F36/><N who="3" m="21927" /><G89/><T33/><D33/><U13/><E8/><V1/><F1/><AGARI ba="0,0" hai="1,2,3,12,18,21,51,53,58,84,85,87,88,92" machi="1" ten="40,12000,1" yaku="6,1,25,2,54,1" doraHai="113" who="0" fromWho="2" sc="250,120,250,0,250,-120,250,0" /><INIT seed="0,1,0,3,0,94" ten="370,250,130,250" oya="0" hai0="99,100,42,2,22,81,71,39,16,98,95,76,23" hai1="65,117,49,70,80,17,4,13,93,38,9,125,87" hai2="126,84,0,8,52,86,60,85,131,25,132,19,124" hai3="28,27,21,110,116,10,103,55,104,36,72,127,97"/><T88/><D71/><U29/><E38/><V89/><F131/><W54/><G116/><T46/><D2/><U35/><E117/><V120/><F120/><W109/><G36/><T66/><D66/><U34/><E125/><N who="2" m="48235" /><F132/><W44/><G127/><T30/><D30/><U123/><E123/><V32/><F0/><W114/><G114/><T133/><D16/><U56/><E70/><V63/><F32/><W57/><G72/><T134/><D134/><U118/><E118/><V92/><F63/><W130/><G130/><T121/><D121/><U69/><E69/><V102/><F102/><W135/><G135/><T74/><D133/><U113/><E113/><V67/><F67/><W43/><G10/><T58/><D58/><U115/><E115/><V20/><F8/><W105/><G105/><AGARI ba="1,0" hai="22,23,39,42,46,74,76,81,88,95,98,99,100,105" machi="105" ten="30,11600,0" yaku="7,1,52,2,54,1" doraHai="94" who="0" fromWho="3" sc="370,119,250,0,130,0,250,-119" /><INIT seed="0,2,0,3,4,118" ten="489,250,130,131" oya="0" hai0="14,66,62,97,55,100,33,26,86,107,95,1,71" hai1="17,7,65,5,103,45,126,75,67,15,68,81,28" hai2="69,3,92,117,11,56,128,111,34,2,20,133,44" hai3="104,119,93,72,31,96,47,53,70,12,76,123,48"/><T79/><D1/><U122/><E126/><V23/><F69/><W8/><G119/><T50/><D14/><U21/><E68/><V102/><F44/><W120/><G70/><T115/><D115/><U124/><E124/><V59/><F117/><W134/><G104/><T130/><D130/><U25/><E122/><N who="3" m="46634" /><G134/><T112/><D112/><U80/><E103/><V10/><F92/><W73/><G31/><N who="0" m="19703" /><D95/><U51/><E75/><V91/><F91/><N who="3" m="55359" /><G76/><T129/><D129/><U85/><E5/><AGARI ba="2,0" hai="5,8,12,47,48,53,72,73" m="55359,46634" machi="5" ten="30,7700,0" yaku="13,1,52,3" doraHai="118" who="3" fromWho="1" sc="489,0,250,-83,130,0,131,83" /><INIT seed="1,0,0,4,3,0" ten="489,167,130,214" oya="1" hai0="79,34,6,51,23,29,53,35,103,3,52,106,133" hai1="126,38,135,77,62,32,4,119,7,108,17,84,8" hai2="11,42,124,55,50,1,37,57,24,65,107,132,87" hai3="49,13,27,129,63,113,112,70,54,46,117,93,104"/><U130/><E119/><V59/><F107/><W22/><G104/><T66/><D66/><U128/><E32/><V86/><F132/><W9/><G117/><T118/><D118/><U122/><E135/><V12/><F1/><W102/><G129/><N who="1" m="49770" /><E122/><V90/><F124/><W121/><G121/><T110/><D133/><U64/><E126/><V15/><F24/><W60/><G102/><T100/><D110/><U69/><E38/><V71/><F15/><W41/><G93/><T105/><D35/><U94/><E108/><V45/><F59/><W47/><G70/><T114/><D34/><U48/><E48/><V101/><F90/><W44/><G113/><T123/><D114/><U19/><E8/><V2/><F2/><W91/><G91/><T109/><D109/><U131/><N who="1" m="49778" /><U116/><DORA hai="67" /><E116/><V99/><F99/><W134/><G134/><T127/><D127/><U21/><E94/><V88/><F88/><W96/><G96/><T95/><D123/><U82/><E19/><V98/><F98/><W76/><G112/><T36/><D36/><U92/><E92/><V43/><F101/><W40/><G40/><T28/><D95/><U120/><E120/><V68/><F43/><W74/><G41/><T89/><D105/><U14/><AGARI ba="0,0" hai="4,7,14,17,21,62,64,69,77,82,84" m="49778" machi="14" ten="40,12000,1" yaku="19,1,52,3" doraHai="0,67" who="1" fromWho="1" sc="489,-40,167,120,130,-40,214,-40" /><INIT seed="1,1,0,2,0,56" ten="449,287,90,174" oya="1" hai0="93,30,86,43,28,67,135,117,45,74,125,51,127" hai1="96,105,115,33,119,65,16,70,9,134,5,68,75" hai2="17,102,24,21,123,11,88,6,36,38,111,2,52" hai3="122,40,50,19,90,18,81,133,27,60,59,97,82"/><U92/><E115/><V128/><F123/><W130/><G122/><T8/><D117/><U12/><E119/><V106/><F111/><W7/><G130/><T99/><D74/><U53/><E33/><V95/><F128/><W57/><G133/><T112/><D112/><U118/><E105/><V46/><F102/><W23/><G7/><T10/><D135/><U61/><E118/><V100/><F100/><W76/><G76/><T62/><D86/><U1/><E75/><V103/><F103/><W48/><G57/><N who="0" m="37327" /><D127/><U108/><E134/><V94/><F106/><W0/><G0/><T34/><D34/><U63/><E108/><V20/><F95/><N who="3" m="56567" /><G18/><T116/><D116/><U22/><E53/><V78/><F78/><W47/><G50/><T131/><D131/><U71/><REACH who="1" step="1"/><E65/><AGARI ba="1,0" hai="19,23,27,40,47,48,59,60,65,81,82" m="56567" machi="65" ten="30,2000,0" yaku="8,1,52,1" doraHai="56" who="3" fromWho="1" sc="449,0,287,-23,90,0,174,23" /><INIT seed="2,0,0,3,5,93" ten="449,264,90,197" oya="2" hai0="46,29,76,77,104,36,65,74,116,2,135,32,103" hai1="38,68,58,113,131,82,33,71,51,40,42,89,14" hai2="129,62,121,86,60,112,23,75,88,20,87,81,37" hai3="1,8,7,90,59,55,49,70,69,128,123,52,18"/><V73/><F37/><W19/><G123/><T102/><D77/><U106/><E33/><V117/><F121/><W125/><G125/><T54/><D54/><U85/><E113/><V45/><F117/><W115/><G128/><T94/><D116/><U17/><E131/><V126/><F129/><W107/><G115/><T122/><D122/><U119/><E119/><V27/><F112/><W105/><G105/><T15/><D2/><U57/><E106/><V9/><F126/><W56/><G107/><T24/><D135/><U31/><E31/><V96/><F75/><W133/><G133/><T127/><D15/><U84/><E38/><V134/><F73/><W30/><G30/><T79/><D127/><U92/><E71/><V101/><F45/><W22/><G90/><T110/><D110/><U44/><E68/><V78/><F9/><W83/><G83/><T109/><D109/><U26/><E26/><V120/><F134/><W132/><G132/><T111/><D74/><U11/><REACH who="1" step="1"/><E40/><REACH who="1" ten="449,254,90,197" step="2"/><V114/><F114/><W16/><REACH who="3" step="1"/><G22/><REACH who="3" ten="449,254,90,187" step="2"/><T28/><D104/><U64/><E64/><V0/><F23/><W50/><AGARI ba="0,2" hai="1,7,8,16,18,19,49,50,52,55,56,59,69,70" machi="50" ten="30,12000,2" yaku="1,1,2,1,0,1,9,1,54,2,53,0" doraHai="93" doraHaiUra="118" who="3" fromWho="3" sc="449,-30,254,-30,90,-60,187,140" /><INIT seed="3,0,0,1,5,115" ten="419,224,30,327" oya="3" hai0="41,98,23,135,96,32,72,62,64,93,52,9,125" hai1="15,119,25,121,87,61,134,69,43,86,1,122,7" hai2="133,123,128,40,112,97,22,49,89,77,132,39,50" hai3="131,3,28,44,6,46,60,33,30,55,92,100,84"/><W113/><G113/><T2/><D32/><U127/><E127/><V65/><F77/><W102/><G131/><T16/><D72/><U27/><E1/><V12/><F97/><W45/><G3/><T34/><D34/><U63/><E134/><N who="2" m="51819" /><F89/><N who="3" m="53287" /><G6/><T47/><D135/><U5/><E43/><V99/><F99/><N who="0" m="37930" /><D125/><U67/><E15/><V48/><F22/><W91/><G33/><T13/><D2/><U37/><E67/><V108/><F12/><W58/><G91/><T10/><D93/><U42/><E42/><V103/><F103/><AGARI ba="0,0" hai="28,30,44,45,46,55,58,60,100,102,103" m="53287" machi="103" ten="30,1500,0" yaku="8,1" doraHai="115" who="3" fromWho="2" sc="419,0,224,0,30,-15,327,15" /><INIT seed="3,1,0,1,1,119" ten="419,224,15,342" oya="3" hai0="103,73,117,122,86,116,29,62,96,121,10,50,43" hai1="131,25,30,126,48,57,81,98,63,72,79,74,18" hai2="115,109,107,120,59,124,21,99,0,36,4,28,60" hai3="20,133,5,102,104,132,125,27,135,88,37,11,19"/><W23/><G37/><T94/><D73/><U44/><E131/><V17/><F115/><W113/><G113/><T134/><D134/><U47/><E126/><V123/><F36/><W92/><G125/><T85/><D29/><U110/><E110/><V90/><F124/><W38/><G38/><T7/><D62/><U51/><E72/><V61/><F109/><W77/><G77/><T40/><D40/><U106/><E18/><V68/><F28/><W2/><G23/><T9/><D50/><U3/><E3/><V32/><F32/><W41/><G41/><T6/><D43/><U8/><E8/><N who="2" m="2055" /><F68/><W82/><G82/><T83/><D83/><U26/><E48/><V71/><F71/><W24/><G104/><T105/><D105/><U45/><E51/><V39/><F39/><W97/><REACH who="3" step="1"/><G102/><REACH who="3" ten="419,224,15,332" step="2"/><T69/><D103/><U35/><E106/><V66/><F107/><W111/><G111/><T130/><D130/><U75/><E81/><V55/><F21/><W127/><G127/><T108/><D108/><U34/><E79/><V1/><F17/><W53/><G53/><T89/><D116/><U100/><E35/><V112/><F112/><W46/><G46/><T56/><D117/><U93/><E45/><V118/><F118/><W14/><AGARI ba="1,1" hai="2,5,11,14,19,20,24,27,88,92,97,132,133,135" machi="14" ten="30,11700,0" yaku="1,1,0,1,20,1,54,1,53,0" doraHai="119" doraHaiUra="114" who="3" fromWho="3" sc="419,-40,224,-40,15,-40,332,130" owari="379,18.0,184,-22.0,-25,-53.0,462,57.0" /></mjloggm>