<mjloggm ver="2.3"><GO type="169" lobby="0"/><UN n0="%6E%69%73%68%69%6B%69" n1="%E3%83%88%E3%83%88%E3%83%AA%E5%85%88%E7%94%9F%31%39%E6%AD%B3" n2="%E4%B8%8A%E5%AE%B6%E3%81%AF%E6%80%AA%E3%81%97%E3%81%84%EF%BC%81%EF%BC%81" n3="%74%61%6E%61%4B%61" dan="16,18,17,17" rate="2146.13,2227.20,2115.39,2162.28" sx="F,F,M,M"/><TAIKYOKU oya="0"/><INIT seed="0,0,0,2,2,98" ten="250,250,250,250" oya="0" hai0="37,39,20,88,54,119,18,47,43,7,116,81,40" hai1="63,89,74,133,52,73,32,6,82,13,44,46,41" hai2="92,79,91,90,17,70,129,120,69,68,28,25,121" hai3="60,107,67,112,49,62,87,61,80,113,53,38,109"/><T16/><D7/><U115/><E32/><V10/><F129/><W42/><G107/><T86/><D54/><U83/><E133/><V48/><F79/><W105/><G105/><T123/><D123/><U0/><E0/><V30/><F48/><W102/><G102/><T22/><D40/><U75/><E115/><N who="3" m="44106" /><G87/><T100/><D100/><U58/><E46/><V11/><F92/><W131/><G80/><T71/><D71/><U97/><E6/><V85/><F85/><W101/><G101/><T31/><D31/><N who="2" m="11818" /><F17/><W5/><G5/><T23/><REACH who="0" step="1"/><D39/><REACH who="0" ten="240,250,250,250" step="2"/><U118/><E41/><V135/><F135/><W51/><G38/><T77/><D77/><U2/><E2/><V34/><F121/><W55/><G42/><T95/><D95/><U59/><E52/><N who="3" m="20042" /><G131/><T127/><D127/><U21/><E89/><V56/><F120/><W36/><G36/><T66/><D66/><U27/><E83/><V50/><F91/><W134/><G134/><T14/><D14/><U24/><E13/><V12/><F90/><W114/><G114/><T65/><D65/><U122/><E82/><V78/><F78/><W106/><G106/><T108/><D108/><U124/><E122/><V76/><F76/><W103/><G103/><T15/><D15/><U132/><E132/><V72/><F12/><W126/><G109/><T94/><D94/><U1/><E1/><V104/><F104/><W3/><G3/><T125/><D125/><U117/><E124/><V99/><F69/><N who="3" m="42215" /><G126/><T33/><D33/><U9/><E74/><V130/><F72/><W84/><G84/><T8/><D8/><RYUUKYOKU ba="0,1" sc="240,15,250,-15,250,-15,250,15" hai0="16,18,20,22,23,37,43,47,81,86,88,116,119" hai3="49,51,61,62" /><INIT seed="0,1,1,3,0,58" ten="255,235,235,265" oya="0" hai0="65,122,33,48,66,10,121,28,87,11,38,57,125" hai1="131,1,126,118,107,130,44,70,26,91,67,103,95" hai2="114,0,110,76,82,123,117,80,132,129,111,51,72" hai3="50,39,134,98,61,5,15,54,43,74,40,84,23"/><T105/><D38/><U93/><E118/><V108/><F0/><W14/><G74/><T46/><D105/><U73/><E1/><V75/><F117/><W60/><G134/><T86/><D125/><U120/><E120/><V127/><F123/><W115/><G115/><T42/><D33/><U17/><E73/><V21/><F114/><W13/><G39/><T20/><D122/><U68/><E126/><V6/><F127/><W96/><G5/><T89/><D121/><U71/><E44/><V18/><F132/><W104/><G84/><T124/><D124/><U106/><E103/><V35/><F35/><W85/><G85/><T27/><D87/><N who="1" m="52479" /><E95/><V69/><F69/><W83/><G83/><T55/><D66/><U119/><E119/><V102/><F129/><N who="1" m="49161" /><E67/><V36/><F36/><W109/><G109/><T100/><D65/><U12/><E26/><V30/><F102/><W112/><G112/><T47/><D100/><U77/><E77/><V24/><F75/><W79/><G79/><T41/><D47/><U45/><E45/><V8/><F76/><W133/><G133/><T52/><D42/><N who="3" m="15913" /><G104/><T53/><REACH who="0" step="1"/><D57/><REACH who="0" ten="245,235,235,265" step="2"/><U49/><E107/><V31/><F72/><W29/><G96/><T97/><D97/><U37/><E106/><V32/><F32/><W16/><G98/><T2/><D2/><U78/><E37/><V56/><F111/><W34/><G34/><T22/><D22/><U9/><E71/><V7/><F110/><W25/><G29/><N who="2" m="10761" /><F108/><W128/><G128/><T59/><D59/><AGARI ba="1,2" hai="13,14,15,16,23,25,50,54,59,60,61" m="15913" machi="59" ten="30,7700,0" yaku="8,1,52,2,54,1" doraHai="58" who="3" fromWho="0" sc="245,-80,235,0,235,0,265,100" /><INIT seed="1,0,0,4,2,35" ten="165,235,235,365" oya="1" hai0="88,29,121,115,65,58,73,60,116,10,114,59,38" hai1="40,19,93,52,8,27,117,76,6,13,39,107,49" hai2="51,67,95,130,101,56,71,111,17,50,96,41,18" hai3="63,4,82,132,69,122,32,113,68,75,44,37,109"/><U120/><E117/><V98/><F111/><W53/><G4/><T102/><D116/><U12/><E120/><V7/><F130/><W61/><G82/><T74/><D121/><U23/><E107/><V45/><F71/><W129/><G53/><T25/><D38/><U103/><E39/><V79/><F79/><W123/><G44/><T118/><D118/><U5/><E40/><V105/><F7/><W112/><G75/><T131/><D131/><U126/><E126/><V90/><REACH who="2" step="1"/><F50/><REACH who="2" ten="165,235,225,365" step="2"/><W72/><G109/><T55/><D115/><U78/><E6/><V15/><F15/><W125/><G129/><T0/><D114/><U57/><E13/><V106/><F106/><W124/><G37/><T14/><D14/><U33/><E33/><V3/><F3/><W133/><G32/><T108/><D0/><U92/><E103/><V24/><F24/><W127/><G125/><T134/><D108/><U62/><E49/><V110/><F110/><W11/><G72/><T99/><D102/><U31/><E5/><V47/><F47/><W34/><G34/><T86/><D74/><U128/><E128/><V84/><F84/><W36/><G36/><T26/><D73/><U2/><E2/><V9/><F9/><AGARI ba="0,1" hai="9,11,61,63,68,69,112,113,122,123,124,127,132,133" machi="9" ten="25,1600,0" yaku="22,2" doraHai="35" who="3" fromWho="2" sc="165,0,235,0,225,-16,365,26" /><INIT seed="2,0,0,5,5,124" ten="165,235,209,391" oya="2" hai0="23,98,52,84,63,93,58,99,62,66,133,68,113" hai1="87,43,128,114,20,17,38,26,44,110,50,103,65" hai2="27,134,96,73,102,130,76,7,12,30,56,104,10" hai3="60,85,115,86,9,89,127,59,94,4,21,70,120"/><V71/><F134/><W90/><G120/><T57/><D113/><U36/><E114/><V16/><F71/><W41/><G127/><T107/><D133/><U34/><E110/><V105/><F76/><W48/><G70/><T123/><D123/><U100/><E65/><V13/><F73/><W40/><G21/><T80/><D107/><U0/><E0/><V122/><F122/><W14/><G48/><T46/><D46/><U111/><E111/><V54/><F104/><W119/><G119/><T91/><D23/><U106/><E34/><V11/><F130/><W118/><G118/><T72/><D72/><U77/><E128/><V74/><F74/><W45/><G45/><T28/><D28/><U29/><E29/><V51/><F30/><W25/><G25/><T24/><D24/><U109/><E109/><V135/><F27/><W129/><G129/><T5/><D5/><U61/><E61/><V35/><REACH who="2" step="1"/><F135/><REACH who="2" ten="165,235,199,391" step="2"/><W47/><G115/><T42/><D68/><U32/><E106/><V15/><F15/><W117/><G117/><T97/><REACH who="0" step="1"/><D42/><REACH who="0" ten="155,235,199,391" step="2"/><U37/><E32/><AGARI ba="0,2" hai="7,10,11,12,13,16,32,35,51,54,56,96,102,105" machi="32" ten="40,7700,0" yaku="1,1,54,1,53,1" doraHai="124" doraHaiUra="49" who="2" fromWho="1" sc="155,0,235,-77,199,97,391,0" /><INIT seed="2,1,0,3,2,88" ten="155,158,296,391" oya="2" hai0="23,3,91,134,35,83,17,89,49,57,108,37,48" hai1="1,69,96,124,78,123,28,94,118,103,116,71,56" hai2="24,113,33,40,77,107,104,12,42,74,36,50,70" hai3="51,41,60,102,110,87,67,127,59,31,120,100,15"/><V114/><F50/><W79/><G120/><T98/><D37/><U117/><E1/><V38/><F12/><W43/><G110/><T47/><D35/><U95/><E123/><V22/><F70/><W9/><G127/><T72/><D3/><U73/><E124/><V64/><F64/><W6/><G31/><T90/><D108/><U111/><E111/><V125/><F125/><W7/><G7/><T10/><D134/><U75/><E28/><N who="2" m="19591" /><F22/><W101/><G51/><T115/><D115/><N who="2" m="44042" /><F42/><W112/><G112/><T29/><D29/><U122/><E122/><V76/><F76/><W30/><G30/><T2/><D2/><U25/><E56/><V99/><F40/><W16/><G6/><T93/><D10/><U21/><E21/><V54/><F54/><W84/><G79/><T86/><D57/><U13/><E25/><V82/><F99/><W133/><G133/><T44/><D72/><U39/><E13/><V126/><F126/><W106/><G43/><T68/><D68/><U20/><E20/><V34/><F34/><W61/><G41/><T58/><D58/><U97/><E39/><AGARI ba="1,0" hai="36,38,39,74,77,82,104,107" m="44042,19591" machi="39" ten="30,1500,0" yaku="23,1" doraHai="88" who="2" fromWho="1" sc="155,0,158,-18,296,18,391,0" /><INIT seed="2,2,0,1,4,4" ten="155,140,314,391" oya="2" hai0="58,120,47,15,134,5,46,133,8,38,56,135,86" hai1="113,7,21,117,92,129,51,12,41,99,106,20,96" hai2="6,75,30,90,36,124,88,101,93,35,3,28,66" hai3="132,60,121,109,122,89,64,108,59,114,130,26,17"/><V79/><F66/><W77/><G77/><T48/><D120/><U43/><E113/><V127/><F36/><W55/><G114/><T74/><D74/><U94/><E117/><V104/><F104/><W39/><G39/><T37/><D86/><U105/><E129/><V126/><F101/><W19/><G130/><T68/><D68/><U14/><E7/><V2/><F35/><W54/><G132/><T57/><REACH who="0" step="1"/><D47/><REACH who="0" ten="145,140,314,391" step="2"/><U82/><E82/><V73/><F126/><W110/><G121/><T116/><D116/><U111/><E111/><V115/><F115/><W98/><G122/><T63/><D63/><U95/><E95/><V29/><F93/><N who="3" m="56623" /><G110/><T11/><D11/><U76/><E76/><V16/><F79/><W24/><G109/><T27/><D27/><U25/><E51/><V125/><F75/><W22/><G108/><T128/><D128/><U65/><E25/><V13/><F73/><W119/><G119/><T71/><D71/><U9/><E65/><V81/><F81/><W97/><G26/><T112/><D112/><U61/><REACH who="1" step="1"/><E9/><REACH who="1" ten="145,130,314,391" step="2"/><N who="2" m="2271" /><F2/><W18/><G24/><T70/><D70/><U83/><E83/><V34/><F34/><W131/><G131/><T84/><D84/><U91/><E91/><V42/><F90/><W85/><G85/><T23/><D23/><U53/><E53/><AGARI ba="2,2" hai="5,8,15,37,38,46,48,53,56,57,58,133,134,135" machi="53" ten="50,8000,1" yaku="1,1,20,1,52,1,53,1" doraHai="4" doraHaiUra="50" who="0" fromWho="1" sc="145,106,130,-86,314,0,391,0" /><INIT seed="3,0,0,5,4,1" ten="251,44,314,391" oya="3" hai0="84,98,68,78,102,46,62,100,65,52,56,79,80" hai1="93,131,116,14,99,94,86,15,132,9,31,127,3" hai2="6,60,89,16,58,121,85,108,5,24,103,63,64" hai3="70,115,26,30,34,120,42,25,37,20,105,50,77"/><W39/><G120/><T41/><D79/><U92/><E131/><V88/><F121/><W124/><G115/><T4/><D4/><N who="2" m="1642" /><F103/><W66/><G105/><T133/><D133/><U109/><E109/><V27/><F108/><W69/><G124/><T57/><D57/><U28/><E127/><V110/><F110/><W2/><G2/><T135/><D135/><U53/><E132/><V13/><F60/><W55/><G77/><T87/><D87/><U90/><E116/><V117/><F117/><W38/><G42/><T51/><D98/><U126/><E3/><V81/><F89/><W113/><G66/><T10/><D10/><AGARI ba="0,0" hai="10,13,16,24,27,58,63,64,81,85,88" m="1642" machi="10" ten="30,12000,2" yaku="8,1,52,3,54,2" doraHai="1" who="2" fromWho="0" sc="251,-120,44,0,314,120,391,0" /><INIT seed="4,0,0,3,2,115" ten="131,44,434,391" oya="0" hai0="110,101,52,120,10,53,74,132,109,63,94,68,78" hai1="47,133,8,35,65,57,93,83,67,6,111,122,87" hai2="102,121,84,117,80,0,56,2,75,60,114,134,39" hai3="77,34,99,40,18,81,72,71,23,1,45,62,19"/><T54/><D120/><U31/><E111/><N who="0" m="42505" /><D132/><U76/><E122/><V17/><F39/><W130/><G34/><T59/><D68/><U125/><E133/><V112/><F75/><W124/><G1/><T100/><D94/><U36/><E125/><V106/><F134/><W90/><G124/><T9/><D78/><U79/><E57/><V11/><F102/><N who="0" m="39530" /><D74/><U3/><E93/><V28/><F106/><W20/><G71/><T46/><D46/><U49/><E36/><V41/><F121/><W107/><G107/><T4/><D4/><U88/><E79/><V89/><F112/><W97/><G77/><T43/><D43/><U21/><E76/><V26/><F41/><W29/><G45/><T92/><D92/><U128/><E35/><V22/><F114/><W73/><G40/><T82/><D82/><U15/><E128/><V86/><F80/><W55/><G81/><T118/><D118/><U108/><E108/><V7/><F89/><W61/><G130/><T12/><D12/><U25/><E3/><V123/><F123/><W33/><G90/><T64/><AGARI ba="0,0" hai="9,10,52,53,54,59,63,64" m="39530,42505" machi="64" ten="40,3900,0" yaku="10,1,54,1" doraHai="115" who="0" fromWho="0" sc="131,39,44,-13,434,-13,391,-13" /><INIT seed="4,1,0,4,1,41" ten="170,31,421,378" oya="0" hai0="47,1,113,119,10,6,69,108,57,121,71,70,63" hai1="58,28,112,53,20,35,62,68,19,97,126,88,29" hai2="45,114,25,2,95,66,130,128,90,89,92,127,118" hai3="42,67,105,106,50,64,34,79,129,14,48,30,18"/><T83/><D119/><U21/><E35/><V0/><F118/><W135/><G79/><T55/><D121/><U37/><E37/><V60/><F25/><W12/><G129/><N who="2" m="49769" /><F127/><W4/><G135/><T39/><D113/><U102/><E126/><V40/><F114/><W104/><G30/><T81/><REACH who="0" step="1"/><D108/><REACH who="0" ten="160,31,421,378" step="2"/><U117/><E117/><V72/><F0/><W22/><G34/><T133/><D133/><U123/><E123/><V107/><F2/><W8/><REACH who="3" step="1"/><G50/><REACH who="3" ten="160,31,421,368" step="2"/><T87/><D87/><U84/><E112/><V15/><F72/><W96/><G96/><T36/><D36/><U131/><E131/><V91/><F60/><W9/><G9/><T109/><D109/><U7/><E84/><V82/><F82/><W61/><G61/><T26/><D26/><U73/><E97/><V110/><F110/><W76/><G76/><T93/><D93/><U23/><E73/><V115/><F115/><W49/><G49/><T124/><D124/><U103/><E62/><V31/><F92/><W99/><G99/><T85/><D85/><U80/><E80/><V94/><F95/><W38/><G38/><T134/><D134/><U59/><E28/><V11/><F31/><W75/><G75/><T17/><D17/><U16/><E29/><V32/><F94/><W116/><G116/><T33/><D33/><U78/><E19/><N who="2" m="8703" /><F32/><W5/><G5/><T132/><D132/><U125/><E125/><V77/><F77/><W51/><G51/><T27/><D27/><U52/><E78/><V101/><F90/><W111/><G111/><T86/><D86/><U100/><E88/><RYUUKYOKU ba="1,2" sc="160,15,31,-15,421,-15,368,15" hai0="1,6,10,39,47,55,57,63,69,70,71,81,83" hai3="4,8,12,14,18,22,42,48,64,67,104,105,106" /><INIT seed="4,2,2,5,2,2" ten="175,16,406,383" oya="0" hai0="107,60,84,48,66,110,114,76,62,80,35,123,45" hai1="41,22,133,10,28,46,89,1,88,86,77,12,116" hai2="44,113,57,43,109,65,39,118,38,50,13,106,19" hai3="64,6,74,55,134,29,124,120,47,92,128,102,115"/><T59/><D123/><U14/><E116/><V34/><F34/><W24/><G74/><T108/><D107/><U49/><E1/><V126/><F106/><W5/><G120/><T79/><D35/><U15/><E133/><V0/><F0/><W31/><G134/><T11/><D114/><U53/><E15/><V75/><F75/><W18/><G115/><T58/><D11/><U83/><E14/><V94/><F118/><W103/><G64/><T78/><D110/><U69/><E69/><V93/><F109/><W96/><G124/><T42/><REACH who="0" step="1"/><D108/><REACH who="0" ten="165,16,406,383" step="2"/><U36/><E22/><V4/><F113/><W17/><G128/><T32/><D32/><U27/><E27/><V63/><F126/><W90/><G24/><T122/><D122/><U97/><E28/><V82/><F38/><W20/><G29/><T131/><D131/><U67/><E67/><AGARI ba="2,3" hai="42,45,48,58,59,60,62,66,67,76,78,79,80,84" machi="67" ten="30,18000,2" yaku="1,1,7,1,9,1,8,1,53,2" doraHai="2" doraHaiUra="54" who="0" fromWho="1" sc="165,216,16,-186,406,0,383,0" owari="381,-2.0,-170,-67.0,406,51.0,383,18.0" /></mjloggm>