<mjloggm ver="2.3"><GO type="41" lobby="0"/><UN n0="%E3%81%A4%E3%81%A1%E3%81%AE%E3%81%93%E5%8D%83%E8%91%89" n1="%70%69%2D%6B%61%72%61" n2="%E3%81%9F%E3%81%AE%E3%81%97%E3%81%84%E6%B1%9F%E5%B4%8E" n3="%E5%B0%B1%E6%B4%BB%E7%94%9F%40%E5%B7%9D%E6%9D%91%E8%BB%8D%E5%9B%A3" dan="15,13,13,15" rate="2048.35,1866.78,1866.03,1962.46" sx="M,M,M,M"/><TAIKYOKU oya="0"/><INIT seed="0,0,0,0,0,24" ten="250,250,250,250" oya="0" hai0="81,0,102,87,14,10,53,85,131,32,66,54,2" hai1="111,72,12,78,76,19,83,20,50,33,89,9,15" hai2="39,122,11,18,67,35,23,65,92,48,103,71,4" hai3="28,31,7,101,98,120,129,105,126,99,91,57,88"/><T133/><D32/><U55/><E33/><V51/><F39/><W40/><G7/><T109/><D133/><U132/><E111/><V61/><F122/><W115/><G115/><T119/><D119/><U13/><E132/><V5/><F67/><W38/><G120/><T114/><D114/><U106/><E106/><V134/><F134/><W22/><G126/><T64/><D131/><U80/><E89/><V17/><F35/><W74/><G74/><T27/><D27/><U104/><E104/><V16/><F23/><W108/><G108/><T75/><D75/><U73/><REACH who="1" step="1"/><E9/><REACH who="1" ten="250,240,250,250" step="2"/><V135/><F135/><W8/><G129/><T77/><D109/><U68/><E68/><V94/><F103/><W3/><G8/><T59/><D102/><U100/><E100/><V97/><F11/><W21/><G101/><T41/><D10/><U60/><E60/><V1/><F61/><W47/><G105/><T30/><D77/><U116/><E116/><V56/><F71/><W45/><G3/><T95/><D0/><U110/><E110/><V34/><F1/><W37/><G40/><T6/><D2/><U36/><E36/><V90/><F34/><W43/><G43/><T117/><D41/><U46/><AGARI ba="0,1" hai="12,13,15,19,20,46,50,55,72,73,76,78,80,83" machi="46" ten="20,5200,0" yaku="1,1,0,1,7,1,9,1,53,0" doraHai="24" doraHaiUra="62" who="1" fromWho="1" sc="250,-26,240,62,250,-13,250,-13" /><INIT seed="1,0,0,3,4,26" ten="224,302,237,237" oya="1" hai0="88,78,81,77,117,30,28,110,108,122,12,72,44" hai1="115,82,29,124,94,39,51,128,125,5,17,65,7" hai2="92,71,64,116,23,56,133,16,15,83,90,32,60" hai3="134,58,54,18,119,31,35,73,21,96,114,112,105"/><U8/><E115/><V0/><F0/><W24/><G73/><T61/><D117/><U19/><E39/><V3/><F3/><W107/><G119/><T6/><D44/><U103/><E65/><V111/><F111/><N who="0" m="42538" /><D61/><U48/><E82/><V87/><F133/><W130/><G134/><T2/><D2/><U68/><E68/><V45/><F32/><W74/><G74/><T91/><D78/><U57/><E128/><V37/><F116/><W106/><G130/><T66/><D66/><U46/><E57/><V79/><F37/><W27/><REACH who="3" step="1"/><G96/><REACH who="3" ten="224,302,237,227" step="2"/><T97/><D97/><U43/><E125/><V76/><F71/><W33/><G33/><T118/><D118/><U102/><E124/><V98/><REACH who="2" step="1"/><F45/><REACH who="2" ten="224,302,227,227" step="2"/><W80/><G80/><T99/><D122/><U52/><E46/><V104/><F104/><W121/><G121/><T100/><D99/><U59/><E94/><V36/><F36/><W95/><G95/><T42/><D100/><AGARI ba="0,2" hai="15,16,23,56,60,64,76,79,83,87,90,92,98,100" machi="100" ten="30,7700,0" yaku="1,1,7,1,8,1,54,1,53,0" doraHai="26" doraHaiUra="40" who="2" fromWho="0" sc="224,-77,302,0,227,97,227,0" /><INIT seed="2,0,0,4,5,60" ten="147,302,324,227" oya="2" hai0="46,25,57,87,115,120,92,126,129,90,30,121,88" hai1="112,32,86,133,65,116,54,64,117,128,33,134,56" hai2="62,47,102,44,68,26,99,91,48,3,108,23,49" hai3="94,93,9,42,67,35,89,0,38,123,31,66,12"/><V50/><F3/><W104/><G104/><T7/><D115/><U81/><E112/><V8/><F8/><W15/><G123/><T127/><D7/><U103/><E103/><V5/><F5/><W17/><G0/><T98/><D46/><U122/><E122/><N who="0" m="47209" /><D57/><U39/><E39/><V4/><F4/><W118/><G118/><N who="1" m="45674" /><E128/><V72/><F72/><W130/><G130/><T101/><D25/><U45/><E45/><V20/><F108/><W73/><G73/><T34/><D30/><U6/><E6/><V75/><F75/><W51/><G38/><T1/><D34/><N who="1" m="13419" /><E86/><V52/><F91/><N who="0" m="34858" /><D1/><U13/><E81/><V19/><F23/><N who="3" m="11687" /><G31/><T119/><D119/><U22/><E22/><V83/><F83/><W107/><G107/><T43/><D43/><U114/><E13/><V80/><F80/><W95/><G35/><T40/><D40/><U55/><E56/><V14/><F14/><W29/><G29/><T132/><D129/><U105/><E105/><V58/><F68/><W21/><G21/><T111/><D111/><U125/><E125/><N who="0" m="47625" /><D87/><U41/><E41/><V28/><F28/><W124/><G124/><T84/><D84/><U79/><E79/><V110/><F110/><W74/><G74/><T61/><D61/><U37/><E37/><V59/><F44/><N who="3" m="26007" /><G15/><T69/><D69/><U71/><E71/><V100/><F47/><W135/><G9/><T36/><D36/><U63/><E63/><V24/><F62/><W82/><G135/><AGARI ba="0,0" hai="92,98,101,132,135" m="47625,34858,47209" machi="135" ten="40,8000,1" yaku="18,1,34,2,54,1" doraHai="60" who="0" fromWho="3" sc="147,80,302,0,324,0,227,-80" /><INIT seed="3,0,0,3,1,9" ten="227,302,324,147" oya="3" hai0="5,33,72,123,46,79,55,62,121,52,101,108,82" hai1="120,17,111,40,59,100,109,1,69,89,113,37,85" hai2="81,4,32,131,99,47,78,7,27,11,66,53,129" hai3="64,77,92,71,75,117,128,2,68,94,93,83,50"/><W19/><G117/><T60/><D108/><U110/><E69/><V57/><F99/><W34/><G34/><T127/><D33/><U16/><E1/><V22/><F32/><W133/><G2/><T29/><D29/><U12/><E113/><V56/><F66/><W124/><G128/><N who="2" m="49225" /><F47/><W65/><G124/><T132/><D127/><U130/><E130/><V106/><F106/><W67/><G133/><T41/><D132/><U10/><E120/><V118/><F118/><W54/><REACH who="3" step="1"/><G19/><REACH who="3" ten="227,302,324,137" step="2"/><T18/><D18/><U61/><E17/><V87/><F7/><W26/><G26/><T20/><D5/><U42/><E37/><V76/><F27/><W95/><G95/><T24/><D121/><U38/><E38/><V90/><F4/><W122/><G122/><T6/><D6/><U8/><E8/><V73/><F11/><W70/><G70/><T119/><D119/><U21/><E10/><V116/><F116/><W0/><G0/><T35/><D35/><U125/><E125/><V15/><F22/><W98/><G98/><T114/><D114/><U115/><E115/><V63/><F81/><W97/><G97/><T86/><D123/><U45/><E111/><V135/><F135/><W91/><G91/><T134/><D134/><U80/><E110/><V25/><F90/><W74/><G74/><T48/><D72/><U102/><E109/><V58/><F25/><W30/><G30/><N who="0" m="17671" /><D101/><U49/><E40/><V36/><F36/><W51/><G51/><T96/><D96/><U104/><E104/><V3/><F73/><W23/><G23/><T126/><D126/><RYUUKYOKU ba="0,1" sc="227,10,302,10,324,-30,137,10" hai0="41,46,48,52,55,60,62,79,82,86" hai1="12,16,21,42,45,49,59,61,80,85,89,100,102" hai3="50,54,64,65,67,68,71,75,77,83,92,93,94" /><INIT seed="3,1,1,0,5,95" ten="237,312,294,147" oya="3" hai0="126,31,16,99,119,6,84,24,65,129,20,78,19" hai1="60,37,43,124,85,91,14,42,41,105,71,66,55" hai2="39,125,23,98,117,131,113,4,79,52,86,21,127" hai3="50,25,18,107,59,67,96,33,108,61,10,92,40"/><W69/><G108/><T22/><D119/><U90/><E105/><V109/><F117/><W121/><G121/><T123/><D123/><U0/><E0/><V70/><F113/><W89/><G107/><T80/><D126/><N who="2" m="48138" /><F109/><W30/><G40/><T97/><D129/><U101/><E124/><V122/><F122/><W76/><G76/><T132/><D132/><U63/><E101/><V77/><F131/><W135/><G135/><T36/><D36/><U102/><E102/><V110/><F39/><W13/><REACH who="3" step="1"/><G50/><REACH who="3" ten="237,312,294,137" step="2"/><T114/><D114/><U87/><E37/><V11/><F79/><W29/><G29/><T9/><D31/><U47/><E41/><V106/><F77/><W28/><G28/><T120/><D120/><U128/><E42/><V72/><F106/><W130/><G130/><T53/><D53/><U133/><E133/><V26/><F52/><W83/><G83/><T134/><D65/><U45/><E128/><V3/><F110/><W88/><G88/><T38/><D38/><U57/><E43/><V54/><F54/><W64/><G64/><T8/><D134/><U100/><E91/><V81/><F81/><W35/><G35/><T94/><D94/><U7/><E90/><V2/><F72/><W32/><G32/><T15/><REACH who="0" step="1"/><D9/><REACH who="0" ten="227,312,294,137" step="2"/><U104/><E66/><V115/><F11/><W62/><G62/><T116/><D116/><U17/><E63/><V49/><F49/><W68/><AGARI ba="1,3" hai="10,13,18,25,30,33,59,61,67,68,69,89,92,96" machi="68" ten="30,11700,0" yaku="1,1,0,1,52,1,53,1" doraHai="95" doraHaiUra="93" who="3" fromWho="3" sc="227,-40,312,-40,294,-40,137,150" /><INIT seed="3,2,0,3,2,67" ten="187,272,254,287" oya="3" hai0="125,21,84,110,64,5,44,17,11,23,69,93,130" hai1="2,4,108,20,124,118,97,60,61,127,26,99,120" hai2="76,68,119,18,9,14,57,10,28,123,58,122,27" hai3="1,47,66,129,56,85,98,53,102,30,90,106,134"/><W88/><G1/><T65/><D110/><U54/><E120/><N who="2" m="46123" /><F76/><W52/><G30/><T15/><D130/><U72/><E72/><V31/><F119/><W91/><G129/><T62/><D125/><N who="1" m="48203" /><E108/><V103/><F103/><W115/><G115/><T133/><D133/><U25/><E118/><V121/><N who="2" m="46131" /><V114/><DORA hai="3" /><F114/><W86/><G134/><T40/><D65/><U29/><E54/><V112/><F112/><W0/><G0/><T89/><REACH who="0" step="1"/><D17/><REACH who="0" ten="177,272,254,287" step="2"/><U78/><E78/><V77/><F18/><W42/><G66/><T73/><D73/><U55/><E55/><V37/><F77/><W41/><G53/><T95/><D95/><U113/><E113/><V126/><F126/><W75/><G75/><T70/><D70/><U32/><E32/><V79/><F68/><W96/><G96/><T63/><D63/><U51/><E61/><V13/><F79/><W39/><REACH who="3" step="1"/><G41/><REACH who="3" ten="177,272,254,277" step="2"/><T24/><D24/><U87/><E26/><V80/><F27/><W131/><G131/><T92/><D92/><U35/><E25/><V135/><F135/><W38/><G38/><AGARI ba="2,2" hai="5,11,15,21,23,38,40,44,62,64,69,84,89,93" machi="38" ten="30,8000,1" yaku="1,1,7,1,52,2,53,1" doraHai="67,3" doraHaiUra="82,22" who="0" fromWho="3" sc="177,106,272,0,254,0,277,-86" /><INIT seed="4,0,0,2,4,65" ten="283,272,254,191" oya="0" hai0="94,52,47,110,85,13,98,10,69,62,25,121,104" hai1="20,123,1,40,81,24,29,127,134,88,22,23,126" hai2="119,122,46,35,12,58,36,103,61,5,87,42,27" hai3="21,115,49,101,76,30,90,68,73,70,83,56,75"/><T133/><D121/><U37/><E123/><V55/><F119/><W72/><G115/><T28/><D133/><U97/><E1/><V18/><F103/><W93/><G101/><T118/><D118/><U14/><E134/><V54/><F122/><W107/><G107/><T89/><D110/><U77/><E37/><V8/><F35/><W9/><G9/><T0/><D0/><U60/><E40/><V78/><F55/><W17/><G30/><T44/><D104/><U111/><E111/><V92/><F27/><W114/><G114/><T129/><D98/><U112/><E112/><V34/><F34/><W15/><G83/><T32/><D129/><U80/><E60/><V74/><F74/><W135/><G76/><T95/><D95/><N who="1" m="56551" /><E14/><V26/><F26/><W108/><G108/><T57/><REACH who="0" step="1"/><D69/><REACH who="0" ten="273,272,254,191" step="2"/><U117/><E117/><V84/><F92/><W79/><G135/><T33/><D33/><N who="1" m="20647" /><E77/><V96/><F78/><W31/><G79/><T100/><D100/><U50/><E50/><V45/><F96/><W86/><G31/><T102/><D102/><U19/><E19/><AGARI ba="0,1" hai="10,13,19,25,28,32,44,47,52,57,62,85,89,94" machi="19" ten="30,5800,0" yaku="1,1,7,1,54,1,53,0" doraHai="65" doraHaiUra="71" who="0" fromWho="1" sc="273,68,272,-58,254,0,191,0" /><INIT seed="4,1,0,2,0,106" ten="341,214,254,191" oya="0" hai0="68,66,133,83,112,78,31,17,131,22,125,90,28" hai1="94,92,109,77,85,75,95,119,84,26,44,98,3" hai2="42,46,54,101,0,15,128,20,43,88,48,118,123" hai3="8,116,1,49,29,60,70,124,64,38,55,32,114"/><T56/><D68/><U62/><E3/><V73/><F123/><W105/><G105/><T52/><D112/><U33/><E26/><V132/><F132/><W59/><G116/><T103/><D133/><U40/><E33/><V36/><F128/><W104/><G104/><T134/><D134/><U120/><E62/><V93/><F101/><W53/><G114/><T6/><D131/><U27/><E27/><V110/><F0/><W65/><G124/><T96/><D6/><U80/><E44/><V24/><F110/><W130/><G130/><T12/><D90/><N who="1" m="53319" /><E40/><V74/><F118/><W14/><G1/><T45/><D125/><U82/><E119/><V61/><F15/><W58/><G38/><T4/><D45/><U63/><E63/><V51/><F42/><W50/><G64/><T67/><D4/><U2/><E2/><V81/><F81/><W135/><G135/><T41/><D41/><U107/><E120/><V108/><F108/><W35/><REACH who="3" step="1"/><G29/><REACH who="3" ten="341,214,254,181" step="2"/><T121/><D121/><U25/><E109/><V111/><F111/><W11/><G11/><T86/><D66/><U5/><E5/><AGARI ba="1,1" hai="5,8,14,32,35,49,50,53,55,58,59,60,65,70" machi="5" ten="30,3900,0" yaku="1,1,7,1,9,1,53,0" doraHai="106" doraHaiUra="23" who="3" fromWho="1" sc="341,0,214,-42,254,0,181,52" /><INIT seed="5,0,0,1,2,76" ten="341,172,254,233" oya="1" hai0="109,10,41,122,57,28,0,30,45,94,56,114,96" hai1="86,22,42,64,31,16,95,39,135,121,85,98,32" hai2="132,128,48,69,127,3,58,117,66,6,67,112,131" hai3="13,133,52,18,108,81,73,46,9,17,47,44,27"/><U89/><E121/><V111/><F3/><W19/><G108/><T7/><D109/><U24/><E135/><V62/><F111/><W29/><G133/><T34/><D114/><U25/><REACH who="1" step="1"/><E64/><REACH who="1" ten="341,162,254,233" step="2"/><N who="2" m="41111" /><F132/><W54/><G73/><T40/><D122/><U99/><E99/><V70/><F112/><W2/><G2/><T97/><D97/><U11/><E11/><V82/><F67/><W103/><G103/><T21/><D96/><U90/><E90/><V93/><F66/><W107/><G107/><T59/><D34/><U60/><E60/><V36/><F131/><W23/><REACH who="3" step="1"/><G81/><REACH who="3" ten="341,162,254,223" step="2"/><T78/><D0/><U134/><E134/><V101/><F82/><W71/><G71/><T65/><D94/><U130/><E130/><V105/><F93/><W20/><G20/><T33/><D21/><U88/><E88/><V4/><F70/><W53/><AGARI ba="0,2" hai="9,13,17,18,19,23,27,29,44,46,47,52,53,54" machi="53" ten="30,7900,0" yaku="1,1,0,1,8,1,54,1,53,0" doraHai="76" doraHaiUra="106" who="3" fromWho="3" sc="341,-20,162,-39,254,-20,223,99" /><INIT seed="6,0,0,1,3,95" ten="321,123,234,322" oya="2" hai0="82,33,120,48,37,118,121,79,97,43,74,96,112" hai1="99,72,12,104,30,46,56,122,44,41,13,78,27" hai2="129,38,28,134,100,62,135,80,6,94,86,102,32" hai3="132,66,88,23,109,52,92,1,8,113,17,101,29"/><V53/><F38/><W77/><G109/><T67/><D33/><U10/><E122/><V36/><F36/><W106/><G132/><N who="2" m="50729" /><F129/><W128/><G128/><T50/><D67/><U87/><E72/><V0/><F53/><W9/><G113/><T127/><D112/><U25/><E56/><V2/><F62/><W119/><G119/><T69/><D69/><U42/><E78/><N who="2" m="46359" /><F6/><W115/><G115/><T26/><D118/><U11/><E104/><V124/><F124/><W49/><G29/><T125/><D37/><U91/><E91/><V58/><F58/><W98/><G66/><T107/><D107/><U47/><E87/><V34/><F34/><W89/><G77/><T19/><D26/><N who="1" m="9739" /><E30/><V70/><F70/><W4/><G9/><N who="1" m="3082" /><E99/><N who="0" m="37961" /><D19/><U103/><E103/><N who="2" m="39467" /><F94/><W61/><G106/><T24/><D24/><AGARI ba="0,0" hai="0,2,24,28,32" m="39467,46359,50729" machi="24" ten="30,1500,0" yaku="20,1" doraHai="95" who="2" fromWho="0" sc="321,-15,123,0,234,15,322,0" /><INIT seed="6,1,0,4,1,33" ten="306,123,249,322" oya="2" hai0="41,70,61,84,67,58,10,69,38,118,79,6,90" hai1="30,68,26,96,75,13,82,24,35,7,2,17,8" hai2="89,16,100,83,123,77,64,52,65,1,29,105,97" hai3="91,124,31,108,101,14,129,121,22,11,130,104,19"/><V49/><F123/><W45/><G121/><T37/><D118/><U74/><E68/><V39/><F39/><W18/><G108/><T4/><D79/><U0/><E96/><V103/><F29/><W111/><G111/><T28/><D28/><N who="1" m="19847" /><E82/><V117/><F117/><W135/><G31/><T128/><D128/><N who="3" m="49257" /><G124/><T88/><D90/><U63/><E63/><V112/><F112/><W48/><G135/><T132/><D132/><U46/><E46/><N who="2" m="27703" /><F1/><N who="1" m="617" /><E74/><V122/><F122/><W21/><G91/><T62/><D70/><U80/><E80/><V87/><F105/><W23/><G101/><N who="2" m="38985" /><F16/><N who="3" m="8287" /><G104/><T15/><D38/><U43/><E43/><AGARI ba="1,0" hai="18,19,21,22,23,43,45,48" m="8287,49257" machi="43" ten="30,2000,0" yaku="19,1,54,1" doraHai="33" who="3" fromWho="1" sc="306,0,123,-23,249,0,322,23" /><INIT seed="7,0,0,2,1,9" ten="306,100,249,345" oya="3" hai0="66,117,27,96,86,48,111,31,80,103,35,90,39" hai1="56,41,29,126,7,123,131,63,61,94,10,37,127" hai2="108,73,36,114,22,119,62,122,74,33,26,78,0" hai3="87,98,72,15,129,50,19,133,53,81,120,8,70"/><W125/><G72/><T68/><D39/><U25/><E123/><V14/><F36/><W47/><G70/><T109/><D117/><U5/><E131/><V118/><F119/><W32/><G32/><T58/><D48/><U28/><E37/><V75/><F108/><W89/><G120/><T69/><D69/><U88/><E41/><V112/><F122/><W105/><G129/><T1/><D1/><U38/><E38/><V76/><F118/><W40/><G125/><T3/><D3/><U46/><E10/><V24/><F0/><W52/><G133/><T21/><D68/><U17/><E46/><V20/><F62/><W64/><G64/><T4/><D4/><U104/><E104/><V124/><F74/><W128/><G128/><T92/><REACH who="0" step="1"/><D35/><REACH who="0" ten="296,100,249,345" step="2"/><U79/><E25/><V84/><F33/><W42/><G53/><T100/><D100/><AGARI ba="0,1" hai="8,15,19,40,42,47,50,52,81,87,89,98,100,105" machi="100" ten="40,12000,1" yaku="25,2,52,1,54,1" doraHai="9" who="3" fromWho="0" sc="296,-120,100,0,249,0,345,130" owari="176,-22.0,100,-40.0,249,5.0,475,57.0" /></mjloggm>