<mjloggm ver="2.3"><GO type="193" lobby="0"/><UN n0="%E3%83%92%E3%83%AD%E3%82%BB" n1="%4D%72%2E%E5%AD%AB%E6%82%9F%E7%A9%BA" n2="%4A%2E%63%75%73%74%6F%6D" n3="%E3%83%88%E3%83%88%E3%83%AA%E5%85%88%E7%94%9F%31%39%E6%AD%B3" dan="11,13,12,10" rate="1648.48,1758.57,1729.99,1790.62" sx="M,M,M,F"/><TAIKYOKU oya="0"/><INIT seed="0,0,0,0,5,37" ten="250,250,250,250" oya="0" hai0="86,7,132,42,101,30,61,91,127,128,56,116,129" hai1="52,119,134,114,70,51,59,95,121,39,71,89,79" hai2="68,105,46,109,73,107,43,123,58,22,27,50,41" hai3="55,93,115,78,106,135,69,113,28,57,6,130,44"/><T90/><D116/><U120/><E79/><V16/><F73/><W33/><G69/><N who="1" m="26122" /><E95/><V88/><F123/><N who="1" m="47177" /><E89/><V112/><F112/><W76/><G106/><T34/><D101/><U0/><E0/><V21/><F68/><W13/><G93/><T12/><D34/><U108/><E119/><V83/><F107/><W104/><G104/><T38/><D30/><U29/><E29/><V125/><F125/><W72/><G78/><T66/><D7/><U45/><E114/><V94/><F105/><W99/><G99/><T4/><D127/><U8/><E8/><V20/><F83/><W24/><G76/><T118/><D118/><U15/><E15/><V60/><F109/><W124/><G72/><T9/><D86/><U85/><E85/><N who="2" m="52495" /><F41/><W62/><G124/><T133/><D91/><U19/><E19/><V18/><F18/><W5/><G115/><T110/><D90/><U77/><E77/><V103/><F103/><W47/><G113/><T92/><D92/><U3/><E3/><V117/><F117/><W64/><G6/><T131/><REACH who="0" step="1"/><D110/><REACH who="0" ten="240,250,250,250" step="2"/><U97/><E108/><V80/><F80/><W11/><G33/><T74/><D74/><U100/><E97/><V1/><F1/><W126/><G126/><T75/><D75/><U48/><E100/><V35/><F35/><W49/><G28/><T17/><D17/><U82/><E82/><V98/><F98/><W84/><G5/><T102/><D102/><U53/><E134/><V23/><F23/><W25/><G135/><T31/><D31/><U111/><E111/><V14/><F27/><W36/><G25/><RYUUKYOKU ba="0,1" sc="240,10,250,10,250,10,250,-30" hai0="4,9,12,38,42,56,61,66,128,129,131,132,133" hai1="39,45,48,51,52,53,59" hai2="14,16,20,21,22,43,46,50,58,60" /><INIT seed="0,1,1,1,1,125" ten="250,260,260,220" oya="0" hai0="43,1,82,80,103,44,96,69,113,85,88,84,73" hai1="126,107,29,45,47,111,30,28,91,120,75,112,60" hai2="12,32,86,50,59,115,8,83,2,127,117,104,131" hai3="3,37,74,95,61,133,35,21,4,55,14,31,65"/><T101/><D69/><U49/><E107/><V51/><F115/><W41/><G74/><T122/><D1/><U17/><E75/><V9/><F104/><W78/><G133/><T24/><D113/><U109/><E126/><V66/><F32/><W38/><G78/><T52/><D24/><U39/><E112/><V87/><F127/><W92/><G55/><T105/><D122/><U77/><E77/><V97/><F117/><W22/><G35/><T106/><D43/><N who="1" m="22783" /><E60/><V114/><F114/><W128/><G3/><T18/><D18/><U56/><E120/><V79/><F97/><W54/><G54/><T10/><D10/><U46/><E91/><V130/><F2/><W123/><G123/><T23/><D23/><U72/><E17/><V19/><F87/><W16/><G4/><T13/><D13/><U7/><E7/><V121/><F121/><W34/><G34/><T68/><D68/><U67/><E72/><V98/><F98/><W5/><G5/><T93/><D52/><N who="1" m="31759" /><E67/><V76/><F76/><W0/><G0/><T119/><D44/><U90/><E90/><V58/><F9/><W11/><G11/><T102/><D119/><U27/><E27/><V64/><F51/><W89/><G38/><T40/><D40/><U63/><E63/><V42/><F42/><W99/><G41/><T70/><D70/><U118/><E118/><V116/><F116/><W25/><G37/><T134/><D134/><U62/><E62/><V135/><F135/><W57/><G92/><N who="0" m="54279" /><D73/><U124/><E124/><V81/><F81/><N who="0" m="31338" /><D85/><U26/><E26/><V71/><F71/><RYUUKYOKU ba="1,1" sc="250,10,260,10,260,-30,220,10" hai0="93,96,101,102,103,105,106" hai1="28,29,30,46,47,109,111" hai3="14,16,21,22,25,31,57,61,65,89,95,99,128" /><INIT seed="0,2,1,4,1,131" ten="260,270,230,230" oya="0" hai0="109,77,133,23,125,128,36,127,40,29,132,115,52" hai1="130,83,45,27,30,12,28,134,118,76,0,56,78" hai2="96,3,46,66,62,57,89,26,54,119,35,100,50" hai3="24,47,8,38,92,65,72,48,93,25,32,97,114"/><T99/><D115/><U43/><E118/><V18/><F3/><W19/><G114/><T16/><D77/><U90/><E130/><V33/><F119/><W42/><G72/><T1/><D1/><U13/><E0/><V17/><F89/><W44/><G65/><T104/><D128/><U79/><E56/><V101/><F101/><W110/><G110/><T61/><D29/><U4/><E30/><V67/><F67/><W123/><G123/><T15/><D36/><U84/><E134/><N who="0" m="51817" /><D40/><U70/><E4/><V60/><F60/><W10/><G32/><T107/><D109/><U39/><REACH who="1" step="1"/><E70/><REACH who="1" ten="260,260,230,230" step="2"/><V64/><F64/><W53/><G19/><T34/><D34/><AGARI ba="2,2" hai="12,13,27,28,34,39,43,45,76,78,79,83,84,90" machi="34" ten="40,2600,0" yaku="1,1,2,1,53,0" doraHai="131" doraHaiUra="116" who="1" fromWho="0" sc="260,-32,260,52,230,0,230,0" /><INIT seed="1,0,0,5,1,31" ten="228,312,230,230" oya="1" hai0="117,88,53,39,86,126,16,123,10,132,33,125,3" hai1="52,2,20,92,1,119,41,32,109,43,135,62,44" hai2="48,97,4,84,100,59,65,37,93,55,26,76,28" hai3="113,127,50,46,120,56,90,13,49,82,71,89,106"/><U66/><E119/><V35/><F37/><W29/><G120/><T101/><D39/><U72/><E72/><V130/><F130/><W27/><G113/><T68/><D117/><U131/><E131/><V102/><F4/><W122/><G122/><T8/><D68/><U36/><E135/><V133/><F133/><W23/><G71/><T22/><D101/><U99/><E32/><V25/><F25/><W54/><G106/><T95/><D132/><U96/><E109/><V104/><F65/><W108/><G108/><T129/><D123/><U57/><E20/><V74/><F74/><W9/><G82/><T5/><D129/><U94/><E43/><V67/><F67/><W12/><G127/><N who="0" m="48651" /><D53/><U116/><E116/><V128/><F128/><W114/><G114/><T75/><D75/><U11/><E11/><V17/><F17/><W112/><G112/><T60/><D60/><U34/><E34/><V83/><F104/><W6/><REACH who="3" step="1"/><G13/><REACH who="3" ten="228,312,230,220" step="2"/><N who="0" m="9487" /><D10/><U45/><E1/><V107/><F107/><W85/><G85/><T110/><D110/><U81/><E2/><V98/><F98/><W80/><G80/><T91/><D91/><AGARI ba="0,1" hai="26,28,35,48,55,59,76,83,84,91,93,97,100,102" machi="91" ten="30,2000,0" yaku="7,1,52,1" doraHai="31" who="2" fromWho="0" sc="228,-20,312,0,230,30,220,0" /><INIT seed="2,0,0,3,3,81" ten="208,312,260,220" oya="2" hai0="49,62,134,127,61,4,68,34,74,7,79,85,47" hai1="131,126,63,64,92,72,35,26,39,87,111,43,99" hai2="30,12,19,53,124,107,98,128,21,70,9,113,135" hai3="77,59,48,67,101,83,112,60,97,6,37,90,57"/><V103/><F113/><W132/><G37/><T13/><D34/><U1/><E131/><V125/><F70/><W23/><G112/><T15/><D74/><U36/><E126/><V54/><F128/><W114/><G114/><T11/><D134/><U71/><E111/><V117/><F117/><W31/><G132/><T110/><D110/><U115/><E115/><V44/><F135/><W2/><G90/><T78/><D78/><U0/><E72/><V133/><F133/><W22/><G31/><T29/><D29/><U104/><E1/><V10/><F44/><W89/><G89/><T94/><D68/><U14/><E0/><V76/><F76/><W58/><G6/><T129/><D129/><U32/><E14/><V27/><REACH who="2" step="1"/><F9/><REACH who="2" ten="208,312,250,220" step="2"/><W130/><G130/><T102/><D127/><AGARI ba="0,1" hai="10,12,19,21,27,30,53,54,98,103,107,124,125,127" machi="127" ten="40,7700,0" yaku="1,1,2,1,18,1,53,0" doraHai="81" doraHaiUra="86" who="2" fromWho="0" sc="208,-77,312,0,250,87,220,0" /><INIT seed="2,1,0,5,0,65" ten="131,312,337,220" oya="2" hai0="9,26,74,77,66,112,107,128,11,33,64,8,115" hai1="4,51,117,3,132,80,58,39,50,63,56,135,96" hai2="122,34,93,129,46,85,121,59,53,84,5,25,105" hai3="54,36,40,17,30,47,133,20,31,125,71,14,127"/><V126/><F105/><W120/><G120/><T103/><D74/><U82/><E117/><V7/><F126/><N who="3" m="48139" /><G133/><N who="1" m="51274" /><E39/><V55/><F129/><W109/><G109/><T28/><D77/><U43/><E96/><V57/><F46/><N who="3" m="23815" /><G71/><T35/><D35/><U1/><E4/><V114/><F114/><W37/><G54/><T32/><D32/><U124/><E124/><V108/><F34/><W38/><G38/><T72/><D72/><U24/><E24/><V22/><F22/><W76/><G76/><T12/><D12/><U49/><E43/><AGARI ba="1,0" hai="14,17,20,30,31,37,43,47" m="23815,48139" machi="43" ten="30,1000,0" yaku="18,1" doraHai="65" who="3" fromWho="1" sc="131,0,312,-13,337,0,220,13" /><INIT seed="3,0,0,4,5,20" ten="131,299,337,233" oya="3" hai0="49,86,55,47,102,107,99,44,69,39,70,125,63" hai1="9,22,62,120,46,115,37,72,119,79,65,130,135" hai2="67,68,73,105,87,91,52,61,71,14,10,134,19" hai3="92,83,36,101,11,93,133,24,17,0,111,89,27"/><W129/><G36/><T41/><D125/><U77/><E120/><V132/><F105/><W106/><G133/><N who="2" m="51305" /><F73/><W117/><G117/><T127/><D127/><U53/><E115/><V32/><F32/><W82/><G106/><T98/><D98/><U78/><E135/><V59/><F67/><W48/><G129/><T131/><D131/><U51/><E119/><V7/><F7/><W118/><G118/><T124/><D124/><U76/><N who="1" m="19456" /><DORA hai="110" /><U100/><E72/><V109/><F109/><W4/><G111/><T57/><REACH who="0" step="1"/><D86/><REACH who="0" ten="121,299,337,233" step="2"/><U121/><E130/><V114/><F114/><W42/><G101/><T66/><AGARI ba="0,1" hai="39,41,44,47,49,55,57,63,66,69,70,99,102,107" machi="66" ten="20,8000,1" yaku="1,1,2,1,0,1,7,1,53,1" doraHai="20,110" doraHaiUra="33,56" who="0" fromWho="0" sc="121,90,299,-20,337,-20,233,-40" owari="211,-19.0,279,8.0,317,42.0,193,-31.0" /></mjloggm>