<mjloggm ver="2.3"><GO type="193" lobby="0"/><UN n0="%E3%83%88%E3%83%88%E3%83%AA%E5%85%88%E7%94%9F%31%39%E6%AD%B3" n1="%E3%82%AD%E3%83%B3%E3%82%B0%E3%83%A4%E3%82%B9" n2="%E3%81%AD%E3%81%98%E3%81%B1%E3%82%8B%E7%89%A1" n3="%E3%81%8B%E3%81%97%E3%82%89%E3%81%82" dan="7,11,10,11" rate="1781.81,1523.36,1684.08,1736.57" sx="F,M,M,M"/><TAIKYOKU oya="0"/><INIT seed="0,0,0,4,3,111" ten="250,250,250,250" oya="0" hai0="42,5,89,52,124,92,9,24,17,37,55,91,23" hai1="33,127,40,45,46,19,84,63,121,106,116,65,135" hai2="73,99,125,107,102,54,14,64,112,93,98,44,48" hai3="74,57,15,108,105,22,66,104,94,30,7,41,118"/><T95/><D124/><U133/><E127/><V69/><F125/><W110/><G118/><T79/><D79/><U8/><E116/><V134/><F134/><N who="1" m="51209" /><E121/><V36/><F73/><W90/><G74/><T38/><D38/><U2/><E106/><V59/><F36/><W82/><G41/><T109/><D109/><N who="3" m="42089" /><G82/><T88/><D42/><U103/><E40/><V53/><F69/><W132/><G132/><T87/><D37/><U47/><E103/><V119/><F119/><W61/><G7/><T130/><D130/><U20/><E33/><V29/><F29/><W27/><G15/><N who="0" m="5551" /><D89/><U113/><E84/><AGARI ba="0,0" hai="22,27,30,57,61,66,84,90,94,104,105" m="42089" machi="84" ten="30,1000,0" yaku="14,1" doraHai="111" who="3" fromWho="1" sc="250,0,250,-10,250,0,250,10" /><AGARI ba="0,0" hai="17,23,24,52,55,84,87,88,91,92,95" m="5551" machi="84" ten="30,5800,0" yaku="8,1,54,2" doraHai="111" who="0" fromWho="1" sc="250,58,240,-58,250,0,260,0" /><INIT seed="0,1,0,1,5,14" ten="308,182,250,260" oya="0" hai0="68,105,133,85,30,57,46,56,63,74,47,107,10" hai1="123,69,38,98,115,76,117,26,114,87,32,1,121" hai2="24,53,55,28,61,42,58,27,60,6,0,134,16" hai3="90,78,111,103,72,33,93,132,34,59,22,99,89"/><T54/><D74/><U108/><E98/><V40/><F0/><W64/><G111/><T122/><D122/><U45/><E87/><V102/><F102/><W116/><G116/><T128/><D68/><U135/><E76/><V39/><F6/><W44/><G132/><T49/><D133/><U9/><E45/><V71/><F39/><W82/><G44/><T77/><D128/><U109/><E26/><V66/><F53/><W13/><G64/><T118/><D118/><U25/><E9/><V21/><REACH who="2" step="1"/><F134/><REACH who="2" ten="308,182,240,260" step="2"/><W131/><G131/><T96/><D54/><U110/><E25/><V119/><F119/><W126/><G126/><T70/><D105/><U48/><E48/><V29/><F29/><W4/><G4/><T112/><D107/><U79/><E79/><V36/><F36/><W104/><G59/><T17/><D57/><U125/><E110/><V75/><F75/><W37/><G37/><T129/><D56/><U11/><E109/><V19/><F19/><W67/><G67/><T50/><D17/><U52/><E121/><V43/><F43/><W51/><G51/><T5/><D50/><U80/><E52/><V7/><F7/><W106/><G89/><T92/><D49/><U120/><E120/><V31/><F31/><W8/><G106/><T65/><D5/><U2/><E115/><V23/><AGARI ba="1,1" hai="16,21,23,24,27,28,40,42,55,58,60,61,66,71" machi="23" ten="20,12000,2" yaku="1,1,0,1,7,1,52,1,54,1,53,1" doraHai="14" doraHaiUra="62" who="2" fromWho="2" sc="308,-61,182,-31,240,133,260,-31" /><INIT seed="1,0,0,4,2,37" ten="247,151,373,229" oya="1" hai0="5,72,4,13,126,70,43,18,109,131,84,133,87" hai1="108,29,2,56,83,129,52,81,130,101,20,47,99" hai2="132,80,59,11,110,113,92,27,36,71,51,38,88" hai3="48,93,16,57,3,63,55,40,127,103,120,114,119"/><U74/><E108/><V28/><F71/><W94/><G3/><T135/><D70/><U12/><E2/><V78/><F110/><W79/><G114/><T90/><D72/><U9/><E74/><V44/><F59/><W122/><G79/><T45/><D109/><U35/><E35/><V82/><F132/><N who="0" m="50762" /><D131/><N who="1" m="50187" /><E47/><V61/><F61/><W39/><G127/><T104/><D104/><N who="1" m="63551" /><E20/><V85/><F80/><W33/><G33/><T23/><D126/><U15/><E29/><V73/><F11/><W128/><G119/><T121/><D121/><U75/><E75/><V69/><F69/><W116/><G39/><N who="0" m="21759" /><D87/><U67/><E67/><V31/><F31/><W86/><G128/><T60/><D60/><N who="1" m="35847" /><E15/><V134/><F113/><W124/><G116/><T91/><D91/><U106/><E106/><V41/><F134/><W65/><G124/><T62/><D62/><U10/><E10/><V112/><F112/><W42/><G122/><T64/><D64/><U0/><E0/><V117/><F117/><W7/><G120/><T66/><D66/><U96/><E96/><V118/><F118/><W24/><G65/><T46/><D46/><U21/><E21/><AGARI ba="0,0" hai="21,27,28,36,38,41,44,51,73,78,82,85,88,92" machi="21" ten="30,3900,0" yaku="7,1,52,1,54,1" doraHai="37" who="2" fromWho="1" sc="247,0,151,-39,373,39,229,0" /><INIT seed="2,0,0,5,5,0" ten="247,112,412,229" oya="2" hai0="48,98,129,62,24,127,125,85,2,55,134,105,109" hai1="47,33,122,91,84,119,96,14,78,126,130,102,44" hai2="42,74,116,107,81,67,106,36,93,16,8,86,111" hai3="121,124,99,117,52,49,45,50,3,7,32,95,77"/><V68/><F116/><W63/><G32/><T31/><D2/><U60/><E47/><V57/><F68/><W58/><G117/><T92/><D105/><U34/><E44/><V4/><F42/><W104/><G104/><T94/><D109/><U90/><E60/><V20/><F36/><W25/><G121/><T29/><D129/><U22/><E14/><V40/><F40/><W56/><G25/><T100/><D134/><U108/><E22/><V83/><F57/><W131/><G124/><N who="0" m="47691" /><D62/><U97/><E34/><V9/><F9/><W66/><G77/><T35/><D29/><U132/><E33/><V113/><F67/><W28/><G28/><T89/><D48/><U12/><E12/><V133/><F133/><W46/><G131/><T38/><D55/><U118/><E132/><V53/><F53/><W54/><G3/><T87/><D87/><U59/><E59/><V51/><F51/><W64/><G66/><T27/><D27/><U88/><E126/><V103/><F106/><W15/><G58/><T18/><D18/><U65/><E65/><V11/><F107/><W5/><G15/><T120/><D120/><U115/><E122/><V135/><F135/><W128/><G128/><T112/><D112/><U114/><E130/><V80/><F113/><W39/><G39/><AGARI ba="0,0" hai="24,31,35,38,39,85,89,92,94,98,100" m="47691" machi="39" ten="30,1000,0" yaku="18,1" doraHai="0" who="0" fromWho="3" sc="247,10,112,0,412,0,229,-10" /><INIT seed="3,0,0,0,4,119" ten="257,112,412,219" oya="3" hai0="55,0,111,84,104,33,77,41,71,105,34,125,126" hai1="131,81,45,103,108,49,86,102,134,110,129,40,116" hai2="7,88,12,70,31,94,121,87,39,62,21,114,100" hai3="118,56,17,54,98,5,107,2,24,29,91,65,23"/><W127/><G118/><T42/><D0/><U46/><E116/><V37/><F114/><W52/><G127/><N who="0" m="48651" /><D111/><U80/><E49/><V79/><F121/><W25/><G2/><T60/><D84/><U101/><E40/><N who="0" m="15465" /><D77/><U123/><E86/><V3/><F100/><W128/><G5/><T83/><D83/><U67/><E67/><V35/><F79/><W133/><G128/><T64/><D55/><U90/><E90/><V61/><F35/><AGARI ba="0,0" hai="33,34,35,60,64,71,104,105" m="15465,48651" machi="35" ten="30,1000,0" yaku="18,1" doraHai="119" who="0" fromWho="2" sc="257,10,112,0,412,-10,219,0" owari="267,7.0,112,-39.0,402,50.0,219,-18.0" /></mjloggm>