<mjloggm ver="2.3"><GO type="169" lobby="0"/><UN n0="%E3%82%A6%E3%83%AB%E3%83%88%E3%83%A9%E7%AB%8B%E7%9B%B4" n1="%E9%9C%8D%E9%9D%92%E5%A8%A5" n2="%E3%81%84%E3%81%AC%E3%81%98%E3%82%83%E3%82%89%EF%BC%94" n3="%E5%81%A5%E5%85%A8%E7%90%86%E7%B3%BB%E7%94%B7%E5%85%90" dan="16,16,18,16" rate="2110.50,2023.10,2226.22,2082.07" sx="M,F,M,M"/><TAIKYOKU oya="0"/><INIT seed="0,0,0,2,0,16" ten="250,250,250,250" oya="0" hai0="102,105,75,89,114,87,78,11,63,94,26,64,59" hai1="109,25,81,73,135,38,50,33,80,47,133,93,2" hai2="7,44,68,125,84,127,85,126,23,40,128,134,129" hai3="67,101,113,77,66,103,131,83,92,54,32,120,116"/><T4/><D114/><U90/><E109/><V97/><F68/><W71/><G113/><T13/><D26/><U5/><E33/><V86/><F7/><W35/><G116/><T118/><D118/><U0/><E25/><V19/><F97/><W112/><G112/><T55/><D64/><U60/><E60/><V12/><REACH who="2" step="1"/><F134/><REACH who="2" ten="250,250,240,250" step="2"/><W108/><G71/><T117/><D117/><U132/><E5/><V10/><F10/><W65/><G108/><T88/><D105/><U123/><E123/><V14/><F14/><W17/><G120/><T34/><D102/><U8/><E8/><V61/><F61/><W27/><G103/><T57/><D13/><U30/><E0/><V115/><F115/><W51/><G101/><T111/><D11/><U28/><E2/><V52/><F52/><W37/><G54/><T82/><D4/><U119/><E119/><V15/><F15/><W49/><G65/><T41/><D111/><U91/><E133/><V31/><F31/><W98/><G66/><T74/><D63/><U42/><E135/><V104/><F104/><W3/><G67/><T21/><D55/><U107/><E132/><V46/><F46/><W100/><G3/><T20/><D59/><U110/><E107/><V45/><F45/><W96/><G96/><T62/><D57/><U1/><E110/><V53/><F53/><W6/><G6/><T56/><D56/><U69/><E1/><V79/><F79/><W130/><G77/><T121/><D62/><U22/><E69/><V122/><F122/><W48/><G98/><T39/><D78/><U9/><E47/><RYUUKYOKU ba="0,1" sc="250,-10,250,-10,240,30,250,-10" hai2="12,19,23,40,44,84,85,86,125,126,127,128,129" /><INIT seed="1,1,1,4,5,61" ten="240,240,270,240" oya="1" hai0="5,9,132,88,42,87,13,97,107,32,43,11,133" hai1="76,40,8,10,79,118,58,122,59,104,73,117,128" hai2="89,69,68,7,67,50,108,81,55,83,25,99,23" hai3="101,112,39,119,121,19,65,116,37,14,34,44,52"/><U70/><E122/><V127/><F108/><W26/><G121/><T46/><D32/><U45/><E70/><V106/><F7/><W77/><G112/><T47/><D11/><U24/><E104/><V110/><F110/><W15/><G101/><T30/><D30/><U96/><E96/><V100/><F127/><W95/><G95/><T129/><D129/><U120/><E120/><V31/><F89/><W22/><G77/><T16/><D5/><U115/><E24/><V36/><F36/><W6/><G65/><T27/><D27/><U98/><E98/><V4/><F4/><W51/><G34/><T94/><D43/><U124/><E40/><V28/><F28/><W135/><G135/><N who="0" m="51787" /><D42/><U105/><E105/><V84/><F67/><W29/><G6/><T111/><D111/><U80/><E80/><V33/><F23/><N who="3" m="11775" /><G14/><T57/><D57/><U17/><E45/><V78/><REACH who="2" step="1"/><F83/><REACH who="2" ten="240,240,260,240" step="2"/><W102/><G102/><AGARI ba="1,2" hai="9,13,16,46,47,87,88,94,97,102,107" m="51787" machi="102" ten="30,3900,0" yaku="20,1,54,2" doraHai="61" who="0" fromWho="3" sc="240,62,240,0,260,0,240,-42" /><INIT seed="2,0,0,1,3,117" ten="302,240,260,198" oya="2" hai0="82,104,92,7,70,93,11,5,47,36,30,28,110" hai1="135,16,108,23,63,54,76,57,99,38,113,37,80" hai2="68,12,81,56,78,69,18,134,125,8,86,65,58" hai3="32,39,52,26,84,128,88,77,111,94,45,72,132"/><V126/><F134/><W98/><G132/><T10/><D70/><U127/><E135/><V24/><F24/><W121/><G121/><T55/><D104/><U96/><E108/><V91/><F78/><W89/><G111/><T130/><D36/><U2/><E2/><V61/><REACH who="2" step="1"/><F58/><REACH who="2" ten="302,240,250,198" step="2"/><W49/><G128/><T90/><D130/><U103/><E113/><V107/><F107/><W20/><G32/><T40/><D110/><U17/><E127/><AGARI ba="0,1" hai="8,12,18,56,61,65,68,69,81,86,91,125,126,127" machi="127" ten="40,3900,0" yaku="1,1,18,1,53,0" doraHai="117" doraHaiUra="102" who="2" fromWho="1" sc="302,0,240,-39,250,49,198,0" /><INIT seed="2,1,0,5,0,2" ten="302,201,299,198" oya="2" hai0="53,58,7,31,14,102,85,59,0,55,61,37,96" hai1="64,89,103,4,81,114,84,110,27,77,28,80,36" hai2="134,25,15,54,122,10,118,5,109,8,117,50,104" hai3="9,130,116,105,100,56,51,43,23,88,66,18,60"/><V108/><F104/><W82/><G116/><T17/><D37/><U48/><E114/><V125/><F122/><W69/><G130/><T75/><D75/><U93/><E110/><N who="2" m="42603" /><F125/><W49/><G43/><T1/><D31/><U92/><E36/><V29/><F134/><W32/><G32/><T26/><D85/><U91/><E103/><V39/><F39/><W38/><G38/><T111/><D26/><U83/><E64/><V127/><F127/><W112/><G112/><T65/><D111/><U52/><E4/><N who="2" m="3463" /><F50/><W40/><G40/><T97/><D65/><U128/><E128/><V67/><F54/><W101/><G105/><T121/><D7/><U33/><E77/><V73/><F73/><W46/><G69/><T132/><D132/><U120/><E120/><V45/><F67/><W78/><G9/><T21/><D121/><U126/><E126/><V86/><F86/><N who="3" m="50263" /><G78/><T24/><D97/><U131/><E131/><V41/><F41/><N who="3" m="24783" /><G51/><T94/><D1/><U135/><E135/><V72/><F45/><W98/><G98/><T44/><D0/><U57/><REACH who="1" step="1"/><E93/><REACH who="1" ten="302,191,299,198" step="2"/><V42/><F72/><W3/><G3/><T63/><D94/><U90/><AGARI ba="1,1" hai="27,28,33,48,52,57,80,81,83,84,89,90,91,92" machi="90" ten="30,7900,0" yaku="1,1,2,1,0,1,54,1,53,0" doraHai="2" doraHaiUra="6" who="1" fromWho="1" sc="302,-21,191,92,299,-40,198,-21" /><INIT seed="3,0,0,5,4,50" ten="281,283,259,177" oya="3" hai0="14,96,121,32,103,9,16,71,1,119,123,130,44" hai1="15,67,94,102,24,59,49,85,125,68,36,10,114" hai2="22,113,91,57,45,69,117,19,93,54,101,6,131" hai3="23,135,37,98,30,76,8,48,87,118,81,120,97"/><W109/><G37/><T5/><D71/><U99/><E114/><V83/><F69/><W90/><G118/><T63/><D119/><U75/><E75/><V133/><F117/><W11/><G120/><T107/><D130/><U95/><E125/><V21/><F113/><W40/><G135/><T58/><D44/><U86/><E36/><V64/><F6/><W33/><G33/><T39/><D32/><U26/><E68/><V88/><F131/><W42/><G109/><T112/><D39/><U134/><E134/><V124/><F124/><W18/><G30/><T116/><D112/><U100/><E86/><N who="2" m="50271" /><F101/><W132/><G132/><T3/><D116/><U52/><E67/><V92/><F133/><W25/><G76/><T53/><REACH who="0" step="1"/><D1/><REACH who="0" ten="271,283,259,177" step="2"/><U35/><E35/><V89/><F45/><N who="3" m="25639" /><G42/><T2/><D2/><U55/><E55/><V43/><F43/><W60/><G60/><T41/><D41/><U82/><E52/><V111/><F64/><W13/><G25/><T74/><D74/><U34/><E34/><V61/><F111/><W115/><G115/><T29/><D29/><U110/><E110/><V77/><F54/><W78/><G78/><T0/><D0/><U70/><E70/><V20/><F77/><W128/><G128/><T27/><D27/><U127/><E127/><V62/><F61/><W73/><G73/><T56/><D56/><U46/><E59/><V80/><F57/><W106/><G106/><T65/><D65/><U31/><E31/><V7/><F62/><W122/><G122/><T108/><D108/><U126/><E126/><V17/><F80/><RYUUKYOKU ba="0,1" sc="271,15,283,-15,259,-15,177,15" hai0="3,5,9,14,16,53,58,63,96,103,107,121,123" hai3="8,11,13,18,23,81,87,90,97,98" /><INIT seed="3,1,1,4,3,64" ten="286,268,244,192" oya="3" hai0="27,31,51,57,47,18,114,103,34,7,130,65,78" hai1="92,26,4,83,30,75,96,10,33,66,6,12,19" hai2="23,37,14,61,21,89,123,79,68,82,29,63,111" hai3="42,20,16,98,58,124,102,8,118,106,15,71,24"/><W126/><G118/><T109/><D109/><U77/><REACH who="1" step="1"/><E66/><REACH who="1" ten="286,258,244,192" step="2"/><V87/><F111/><W55/><G42/><T133/><D65/><U17/><E17/><V119/><F119/><W54/><G71/><T1/><D18/><U49/><E49/><V38/><F68/><W50/><REACH who="3" step="1"/><G55/><REACH who="3" ten="286,258,244,182" step="2"/><T3/><D114/><U129/><E129/><V97/><F37/><W88/><G88/><AGARI ba="1,3" hai="4,6,10,12,19,26,30,33,75,77,83,88,92,96" machi="88" ten="30,7700,0" yaku="21,2,7,1,54,1,53,0" doraHai="64" doraHaiUra="125" who="1" fromWho="3" sc="286,0,258,110,244,0,182,-80" /><INIT seed="4,0,0,0,2,22" ten="286,368,244,102" oya="0" hai0="105,103,45,39,56,78,116,108,63,95,20,11,8" hai1="25,110,84,131,100,28,47,42,61,122,106,58,128" hai2="69,48,73,114,117,36,1,81,6,33,113,2,29" hai3="43,74,21,98,4,75,52,112,135,76,107,88,9"/><T12/><D116/><U67/><E110/><V99/><F117/><W3/><G112/><T50/><D108/><U93/><E122/><V86/><F73/><W92/><G135/><T62/><D105/><U102/><E106/><V34/><F36/><W57/><G76/><T96/><D78/><U129/><E84/><V14/><F69/><W7/><G43/><T23/><D39/><N who="1" m="21983" /><E93/><V40/><F99/><W94/><G107/><T130/><D130/><U41/><E41/><V134/><F134/><W59/><G59/><T49/><D63/><U115/><E115/><V127/><F127/><W51/><G7/><T79/><D79/><U123/><E123/><V91/><F14/><W89/><REACH who="3" step="1"/><G21/><AGARI ba="0,0" hai="21,25,28,58,61,67,100,102,128,129,131" m="21983" machi="21" ten="30,2000,0" yaku="19,1,52,1" doraHai="22" who="1" fromWho="3" sc="286,0,368,20,244,0,102,-20" /><INIT seed="5,0,0,4,3,64" ten="286,388,244,82" oya="1" hai0="134,97,110,130,49,90,57,94,99,79,43,84,104" hai1="120,38,4,59,34,131,58,87,39,112,126,105,135" hai2="133,37,93,107,123,28,83,51,127,80,98,61,77" hai3="9,5,21,45,23,72,50,48,0,68,54,3,89"/><U47/><E120/><V22/><F37/><W128/><G128/><T101/><D110/><U116/><E116/><V82/><F107/><W121/><G121/><T17/><D130/><U44/><E105/><V125/><F133/><W113/><G113/><T13/><D134/><U78/><E135/><V7/><F7/><W33/><G33/><T52/><D43/><U1/><E34/><V60/><F77/><W95/><G3/><T103/><D79/><U86/><E131/><V27/><F123/><W66/><G72/><T115/><D115/><U29/><E78/><V40/><F51/><W36/><G36/><T71/><D71/><U16/><E4/><V11/><F11/><W32/><G32/><T18/><REACH who="0" step="1"/><D13/><REACH who="0" ten="276,388,244,82" step="2"/><U132/><E132/><V19/><F40/><W31/><G31/><T20/><D20/><U100/><E112/><V96/><F127/><W92/><G92/><AGARI ba="0,1" hai="17,18,49,52,57,84,90,92,94,97,99,101,103,104" machi="92" ten="30,3900,0" yaku="1,1,7,1,54,1,53,0" doraHai="64" doraHaiUra="69" who="0" fromWho="3" sc="276,49,388,0,244,0,82,-39" /><INIT seed="6,0,0,0,1,109" ten="325,388,244,43" oya="2" hai0="47,48,1,77,88,68,6,26,10,103,36,108,100" hai1="19,40,44,52,85,46,106,45,12,33,110,99,24" hai2="15,54,120,76,113,57,4,25,112,102,96,95,135" hai3="90,98,37,29,34,73,41,60,18,21,42,13,65"/><V2/><F120/><W27/><G73/><T70/><D108/><U14/><E110/><V28/><F2/><W53/><G37/><T115/><D36/><U111/><E111/><V105/><F135/><W58/><G90/><T35/><D77/><U92/><E106/><V84/><F15/><N who="1" m="5673" /><E33/><V130/><F4/><W23/><G98/><T86/><D68/><U49/><E85/><V129/><F76/><W126/><G126/><T132/><D70/><U116/><E40/><V104/><F84/><W74/><G74/><T7/><D7/><U69/><E69/><V91/><F102/><W133/><G133/><T31/><D132/><U64/><E64/><V79/><F79/><W121/><G121/><T134/><D134/><U43/><E43/><V123/><F123/><W124/><G124/><T78/><D78/><U107/><E107/><N who="2" m="41035" /><F57/><W11/><G23/><T82/><D103/><N who="1" m="60903" /><E116/><V81/><F54/><W16/><REACH who="3" step="1"/><G65/><REACH who="3" ten="325,388,244,33" step="2"/><T122/><D122/><U3/><E3/><V17/><F81/><W30/><G30/><T80/><D80/><U22/><AGARI ba="0,1" hai="19,22,24,44,45,46,49,52" m="60903,5673" machi="22" ten="30,2000,0" yaku="8,1,54,1" doraHai="109" who="1" fromWho="1" sc="325,-5,388,30,244,-10,33,-5" /><INIT seed="7,0,0,4,0,89" ten="320,418,234,28" oya="3" hai0="118,52,120,70,127,16,7,104,132,28,112,19,88" hai1="73,108,44,3,47,97,0,77,84,86,38,10,26" hai2="72,8,42,48,34,21,31,125,114,51,68,49,134" hai3="94,107,100,43,83,135,25,57,122,116,60,12,130"/><W35/><G116/><T14/><D104/><U36/><E97/><V105/><F51/><W115/><G122/><T23/><D70/><U32/><E26/><V103/><F49/><W75/><G107/><T65/><D65/><U66/><E66/><V11/><F48/><W98/><G115/><T119/><D120/><U92/><E92/><V55/><F8/><W102/><G43/><T37/><D37/><U17/><E17/><V56/><F21/><W29/><G130/><T61/><D112/><U4/><E32/><V109/><F11/><W5/><G135/><T76/><D76/><U58/><E58/><V123/><F34/><W128/><G128/><T13/><D132/><U117/><E77/><V18/><F42/><W15/><G5/><T6/><D28/><U30/><E10/><V101/><F105/><W41/><G41/><T64/><D64/><U50/><E4/><V63/><F68/><W106/><G106/><T45/><D45/><U59/><E50/><V53/><F72/><W85/><G75/><T124/><D88/><U20/><E59/><V80/><F123/><W133/><G133/><T99/><D99/><U39/><E39/><V90/><F114/><W126/><G126/><N who="0" m="48171" /><D52/><U111/><E73/><V46/><F46/><W113/><G113/><T131/><D61/><U82/><E82/><V27/><F134/><W33/><G33/><T95/><D131/><U81/><E81/><V93/><F63/><W87/><G100/><T129/><D129/><U96/><E38/><V79/><F125/><W71/><G71/><T62/><D6/><U67/><E36/><RYUUKYOKU ba="0,0" sc="320,0,418,0,234,0,28,0" owari="320,12.0,418,52.0,234,-17.0,28,-47.0" /></mjloggm>