<mjloggm ver="2.3"><GO type="169" lobby="0"/><UN n0="%E2%91%A3%E3%82%BB%E3%83%B3%E3%83%81" n1="%E3%83%AD%E3%83%83%E3%83%86%E9%9B%80%E7%90%83" n2="%E3%82%A6%E3%83%AB%E3%83%88%E3%83%A9%E7%AB%8B%E7%9B%B4" n3="%E8%8D%89%E5%8E%9F%E3%81%AE%E6%B6%BC%E9%A2%A8" dan="18,16,17,16" rate="2231.03,2116.59,2135.36,2059.99" sx="M,M,M,F"/><TAIKYOKU oya="0"/><INIT seed="0,0,0,1,4,81" ten="250,250,250,250" oya="0" hai0="123,113,133,27,33,58,74,97,96,105,94,32,43" hai1="100,47,116,37,117,80,8,128,71,77,3,34,67" hai2="93,35,60,50,82,10,124,118,41,79,98,18,45" hai3="28,11,26,109,9,5,12,23,39,88,25,68,121"/><T102/><D113/><U111/><E111/><V16/><F35/><W38/><G109/><T66/><D123/><U53/><E34/><V1/><F124/><W95/><G68/><T59/><D133/><U104/><E128/><V6/><F60/><W89/><G121/><T78/><D43/><N who="1" m="23023" /><E53/><V107/><F107/><W101/><G26/><T65/><D33/><U30/><E30/><V46/><F46/><W75/><G75/><T21/><D32/><U87/><E67/><V70/><F70/><W119/><G119/><T134/><D134/><U103/><E103/><V44/><F44/><W114/><G114/><T31/><D74/><N who="1" m="43063" /><E71/><V127/><F127/><W120/><G120/><T69/><D78/><U86/><E100/><V0/><F0/><W63/><G63/><T112/><D112/><U52/><E104/><V122/><F122/><W125/><G125/><T61/><REACH who="0" step="1"/><D66/><REACH who="0" ten="240,250,250,250" step="2"/><U20/><E117/><V91/><REACH who="2" step="1"/><F118/><REACH who="2" ten="240,250,240,250" step="2"/><W92/><G38/><T7/><D7/><N who="1" m="1151" /><E116/><V14/><F14/><N who="3" m="5423" /><G39/><T15/><D15/><U73/><E73/><AGARI ba="0,2" hai="1,6,10,16,18,41,45,50,73,79,82,91,93,98" machi="73" ten="30,3900,0" yaku="1,1,7,1,54,1,53,0" doraHai="81" doraHaiUra="49" who="2" fromWho="1" sc="240,0,250,-39,240,59,250,0" /><INIT seed="1,0,0,4,1,65" ten="240,211,299,250" oya="1" hai0="96,64,87,54,102,6,14,132,36,46,97,69,67" hai1="116,13,89,121,33,39,19,21,41,109,62,105,53" hai2="4,10,103,85,40,75,17,95,92,111,60,66,125" hai3="18,81,24,9,72,110,42,74,124,114,71,49,112"/><U84/><E116/><V131/><F75/><W108/><G124/><T120/><D132/><U99/><E121/><V34/><F34/><W25/><G42/><T77/><D120/><U104/><E33/><V16/><F125/><W133/><G133/><T129/><D129/><U22/><E109/><N who="3" m="42090" /><G49/><T8/><D97/><U70/><E22/><V113/><F131/><W117/><G117/><T31/><D31/><U38/><E41/><V128/><F128/><W29/><G71/><T91/><D77/><U1/><E1/><V135/><F135/><W15/><G24/><T127/><D127/><U3/><E3/><V61/><F40/><W44/><G44/><T63/><D67/><U32/><E32/><V90/><F113/><N who="3" m="43627" /><G81/><T37/><D54/><U123/><E123/><V80/><F80/><W5/><G5/><T45/><D37/><U47/><E47/><V101/><F66/><W43/><G43/><T23/><D23/><AGARI ba="0,0" hai="9,15,18,23,25,29,72,74" m="43627,42090" machi="23" ten="30,1000,0" yaku="14,1" doraHai="65" who="3" fromWho="0" sc="240,-10,211,0,299,0,250,10" /><INIT seed="2,0,0,5,1,80" ten="230,211,299,260" oya="2" hai0="130,65,7,46,34,118,61,85,28,82,77,78,21" hai1="62,67,33,8,94,11,81,95,16,132,24,101,43" hai2="14,93,128,79,63,122,113,0,66,2,25,20,103" hai3="102,41,48,131,110,13,96,42,52,39,15,121,36"/><V69/><F122/><W133/><G121/><T98/><D130/><U86/><E132/><V83/><F113/><W75/><G75/><T76/><D118/><U71/><E43/><V112/><F112/><W74/><G74/><T57/><D34/><U23/><E33/><V1/><F128/><W18/><G131/><T115/><D115/><U9/><REACH who="1" step="1"/><E101/><REACH who="1" ten="230,201,299,260" step="2"/><V73/><F103/><W50/><G133/><T87/><D7/><U119/><E119/><V32/><F32/><W37/><G110/><T53/><D98/><U134/><E134/><V123/><F123/><W126/><G126/><T135/><D135/><U59/><E59/><V12/><REACH who="2" step="1"/><F93/><REACH who="2" ten="230,201,289,260" step="2"/><N who="3" m="58639" /><G36/><T30/><D82/><U17/><E17/><AGARI ba="0,2" hai="0,1,2,12,14,17,20,25,63,66,69,73,79,83" machi="17" ten="40,2000,0" yaku="1,1,53,0" doraHai="80" doraHaiUra="27" who="2" fromWho="1" sc="230,0,201,-20,289,40,260,0" /><INIT seed="2,1,0,5,4,18" ten="230,181,329,260" oya="2" hai0="83,128,36,33,54,55,84,74,68,133,73,130,6" hai1="8,116,109,9,70,114,95,43,28,14,34,115,66" hai2="106,15,2,39,12,78,122,58,44,97,16,93,42" hai3="31,10,51,89,120,46,50,119,52,111,75,21,117"/><V99/><F2/><W48/><G120/><T81/><D33/><U69/><E43/><V131/><F122/><W19/><G111/><T1/><D68/><U87/><E116/><V60/><F131/><W101/><G75/><T127/><D36/><U72/><E72/><V35/><F35/><W67/><G67/><T64/><D64/><U25/><E109/><V20/><F78/><W103/><G119/><T104/><D1/><U90/><E8/><V53/><F106/><W38/><G117/><T17/><D17/><U123/><E123/><V96/><REACH who="2" step="1"/><F15/><REACH who="2" ten="230,181,319,260" step="2"/><N who="3" m="7671" /><G38/><T65/><D104/><U27/><E34/><V13/><F13/><W124/><G124/><T91/><D127/><U132/><E14/><V41/><F41/><W77/><G77/><T86/><D130/><U47/><E115/><V30/><F30/><W112/><G112/><T71/><D128/><U76/><E28/><V3/><F3/><W45/><G103/><AGARI ba="1,1" hai="12,16,20,39,42,44,53,58,60,93,96,97,99,103" machi="103" ten="30,11600,0" yaku="1,1,7,1,52,1,54,1,53,0" doraHai="18" doraHaiUra="118" who="2" fromWho="3" sc="230,0,181,0,319,129,260,-119" /><INIT seed="2,2,0,4,3,25" ten="230,181,448,141" oya="2" hai0="60,85,93,98,12,51,49,28,83,9,54,87,90" hai1="15,21,43,113,88,91,70,3,119,123,97,74,131" hai2="13,117,64,111,118,103,106,19,124,55,96,121,44" hai3="80,108,114,110,23,79,31,132,61,53,27,45,46"/><V57/><F121/><W63/><G114/><T122/><D122/><U78/><E113/><V52/><F124/><W112/><G132/><T4/><D28/><U77/><E119/><V133/><F133/><W67/><G112/><T20/><D20/><U69/><E123/><V92/><F111/><N who="3" m="42539" /><G53/><T130/><D130/><U10/><E131/><V127/><F127/><W129/><G129/><T126/><D126/><U56/><E43/><V26/><F64/><W18/><G18/><T48/><D60/><N who="3" m="23113" /><G67/><T135/><D135/><U34/><E56/><V125/><F44/><W7/><G7/><T109/><D109/><U104/><E70/><V82/><F55/><W66/><G66/><T65/><D65/><U71/><E69/><V102/><F125/><W101/><G101/><T99/><REACH who="0" step="1"/><D54/><REACH who="0" ten="220,181,448,141" step="2"/><U75/><E71/><V47/><F52/><W37/><G37/><T59/><D59/><U120/><E120/><V94/><F57/><W68/><G68/><T17/><D17/><U41/><E21/><V81/><F19/><W62/><N who="3" m="23121" /><W50/><DORA hai="1" /><G50/><T86/><D86/><AGARI ba="2,1" hai="23,27,31,45,46,79,80,86" m="23121,42539" machi="86" ten="40,2600,0" yaku="14,1,52,1" doraHai="25,1" who="3" fromWho="0" sc="220,-32,181,0,448,0,141,42" /><INIT seed="3,0,0,0,1,7" ten="188,181,448,183" oya="3" hai0="9,103,52,54,111,82,27,8,73,23,61,0,93" hai1="69,102,65,74,118,109,28,43,85,57,132,70,123" hai2="133,49,39,134,88,58,121,10,50,51,13,127,35" hai3="2,30,62,135,11,117,110,15,122,71,1,84,56"/><W66/><G117/><T124/><D0/><U76/><E109/><V104/><F35/><W19/><G110/><T120/><D120/><U95/><E123/><V87/><F104/><W4/><G122/><T53/><D111/><U25/><E118/><V55/><F39/><W115/><G115/><T112/><D112/><U3/><E132/><N who="2" m="50795" /><F127/><W46/><G135/><T72/><D124/><U47/><E3/><V31/><F31/><W128/><G128/><T26/><D73/><U108/><E108/><V37/><F37/><W98/><G30/><T107/><D107/><U40/><E57/><V119/><F119/><W63/><G46/><T97/><D72/><U86/><E74/><V99/><F99/><W114/><G114/><T80/><D61/><U100/><E76/><V75/><F75/><W64/><G98/><T20/><D20/><U77/><E77/><V6/><F121/><W45/><G45/><T126/><D126/><U79/><E79/><V36/><F36/><W22/><REACH who="3" step="1"/><G84/><REACH who="3" ten="188,181,448,173" step="2"/><T94/><D97/><U92/><E47/><V41/><F41/><W125/><G125/><T113/><D113/><U83/><E28/><V12/><F87/><W59/><G59/><T18/><D103/><U129/><E129/><V131/><F58/><W48/><G48/><T90/><D90/><U67/><E83/><V68/><F50/><W34/><G34/><T44/><D44/><U24/><AGARI ba="0,1" hai="24,25,40,43,65,67,69,70,85,86,92,95,100,102" machi="24" ten="25,3200,0" yaku="0,1,22,2" doraHai="7" who="1" fromWho="1" sc="188,-8,181,42,448,-8,173,-16" /><INIT seed="4,0,0,2,0,106" ten="180,223,440,157" oya="0" hai0="75,77,97,29,119,11,115,28,59,61,1,16,44" hai1="101,55,22,102,26,67,50,93,105,71,120,19,32" hai2="70,125,134,53,99,12,128,72,0,10,74,36,3" hai3="83,103,38,64,126,92,78,6,58,37,27,20,121"/><T56/><D119/><U63/><E120/><V95/><F70/><W89/><G121/><T52/><D115/><U96/><E32/><V81/><F36/><W51/><G6/><T65/><D44/><U33/><E33/><V31/><F31/><W113/><G113/><T108/><D108/><U82/><E82/><V34/><F34/><W124/><G103/><T73/><D97/><U39/><E39/><V49/><F125/><N who="3" m="48235" /><G64/><T117/><D117/><U85/><E85/><V7/><F128/><W60/><G60/><T42/><D42/><U80/><E80/><V122/><F134/><W40/><G92/><T35/><D77/><U129/><E129/><V116/><F116/><W8/><G8/><T94/><D94/><U91/><REACH who="1" step="1"/><E105/><REACH who="1" ten="180,213,440,157" step="2"/><V69/><F81/><W112/><G112/><T23/><D35/><U17/><E17/><V88/><F122/><W41/><G37/><T133/><D133/><U109/><E109/><V111/><F111/><W45/><G38/><T18/><D29/><U13/><E13/><V79/><F12/><W107/><G107/><T123/><D28/><U21/><E21/><V30/><F3/><W2/><G2/><T127/><D127/><U76/><E76/><V68/><F30/><N who="3" m="17767" /><G78/><T135/><D135/><U86/><E86/><V87/><F87/><N who="3" m="50431" /><G40/><T84/><D84/><U48/><E48/><V118/><F79/><W46/><G41/><T66/><D123/><U47/><BYE who="2" /><AGARI ba="0,1" hai="19,22,26,47,50,55,63,67,71,91,93,96,101,102" machi="47" ten="20,5200,0" yaku="1,1,0,1,7,1,53,1" doraHai="106" doraHaiUra="14" who="1" fromWho="1" sc="180,-26,213,62,440,-13,157,-13" /><INIT seed="5,0,0,5,0,112" ten="154,275,427,144" oya="1" hai0="5,45,102,44,43,62,13,98,90,10,51,89,38" hai1="74,34,25,99,119,70,1,75,14,86,0,92,111" hai2="60,39,103,93,107,96,134,120,66,106,77,61,97" hai3="18,54,84,20,12,95,118,72,28,46,76,36,110"/><U87/><E119/><V121/><F121/><W26/><G118/><T85/><D62/><U33/><E70/><V64/><F64/><W130/><G110/><T94/><REACH who="0" step="1"/><D85/><REACH who="0" ten="144,275,427,144" step="2"/><U47/><E87/><V129/><F129/><W79/><G130/><T124/><D124/><U16/><E86/><V78/><F78/><W55/><G72/><T81/><D81/><U17/><E75/><V4/><F4/><W116/><G116/><T63/><D63/><U59/><E74/><V3/><F3/><UN n2="%E3%82%A6%E3%83%AB%E3%83%88%E3%83%A9%E7%AB%8B%E7%9B%B4" /><W8/><G76/><T48/><D48/><U127/><E0/><V11/><F61/><W123/><G123/><T122/><D122/><U105/><E1/><V30/><F60/><W27/><G36/><T49/><D49/><U115/><E127/><V35/><F39/><W19/><G46/><T109/><D109/><U32/><E47/><V83/><F83/><W71/><G71/><T15/><D15/><U117/><E14/><V126/><F126/><W22/><G79/><T82/><D82/><U104/><E111/><V67/><F120/><W132/><G132/><T21/><D21/><U114/><E117/><V24/><F134/><W135/><G135/><T56/><D56/><U40/><E59/><V53/><F67/><W133/><G133/><T69/><D69/><U113/><E113/><V91/><F66/><W37/><G37/><T31/><D31/><U41/><E115/><V125/><F77/><W128/><G128/><T58/><D58/><U6/><E114/><V100/><F125/><W23/><G23/><T42/><AGARI ba="0,1" hai="5,10,13,38,42,43,44,45,51,89,90,94,98,102" machi="42" ten="20,2700,0" yaku="1,1,0,1,7,1,53,0" doraHai="112" doraHaiUra="101" who="0" fromWho="0" sc="144,37,275,-13,427,-7,144,-7" /><INIT seed="6,0,0,2,5,109" ten="181,262,420,137" oya="2" hai0="63,114,121,49,26,18,42,5,69,76,84,28,16" hai1="132,120,89,81,56,3,53,135,127,4,8,31,44" hai2="73,97,102,20,55,23,118,129,103,92,72,29,64" hai3="87,111,2,32,38,10,124,14,86,134,117,59,122"/><V99/><F118/><W91/><G111/><T75/><D75/><U116/><E116/><V128/><F64/><W107/><G117/><T67/><D121/><U30/><E127/><V43/><F43/><W96/><G124/><T61/><D5/><U105/><E105/><V17/><F55/><W45/><G122/><T24/><D63/><N who="1" m="36239" /><E44/><V115/><F29/><W71/><G32/><T36/><D36/><U40/><E40/><V83/><F17/><W106/><G71/><T110/><D110/><U60/><E60/><V94/><F83/><W98/><G2/><T13/><D26/><U119/><E120/><V79/><F79/><W46/><G38/><T130/><D130/><U0/><E0/><V62/><F62/><W133/><G10/><T54/><D42/><U21/><E21/><V19/><F19/><W58/><REACH who="3" step="1"/><G91/><REACH who="3" ten="181,262,420,127" step="2"/><T39/><D39/><U77/><E89/><V6/><F129/><W34/><G34/><T15/><D69/><U93/><E8/><V123/><F128/><W70/><G70/><T9/><D9/><U41/><E3/><V104/><F123/><W101/><G101/><T22/><D67/><U131/><E119/><V1/><F1/><W88/><G88/><T68/><D68/><U112/><E131/><V80/><F103/><W51/><G51/><T85/><D49/><U47/><E135/><V108/><F102/><W65/><G65/><T113/><D22/><U48/><E132/><V82/><F108/><W25/><G25/><T27/><D24/><U125/><E125/><V52/><F23/><W66/><G66/><T35/><D27/><RYUUKYOKU ba="0,1" sc="181,-10,262,-10,420,-10,127,30" hai3="14,45,46,58,59,86,87,96,98,106,107,133,134" /><INIT seed="7,1,1,4,5,123" ten="171,252,410,157" oya="3" hai0="40,100,70,41,109,104,121,3,39,38,25,63,86" hai1="119,19,30,33,10,95,58,72,117,31,135,126,76" hai2="8,134,6,102,12,59,131,125,127,77,132,16,87" hai3="4,18,42,67,20,7,44,80,68,90,71,14,108"/><W50/><G108/><T45/><D121/><U29/><E33/><V128/><F102/><W124/><G124/><N who="2" m="47689" /><F59/><W13/><G67/><N who="0" m="41343" /><D86/><U105/><E135/><N who="2" m="51755" /><F16/><W122/><G122/><T54/><D100/><U91/><E95/><V79/><F87/><N who="3" m="50535" /><G71/><T103/><D109/><U36/><E91/><V97/><F97/><W130/><G68/><T11/><D103/><U9/><E10/><V60/><F60/><W89/><G130/><AGARI ba="1,1" hai="6,8,12,77,79,128,130,131" m="51755,47689" machi="130" ten="40,32000,5" yakuman="39" doraHai="123" who="2" fromWho="3" sc="171,0,252,0,410,333,157,-323" owari="171,-23.0,252,5.0,743,85.0,-166,-67.0" /></mjloggm>