<mjloggm ver="2.3"><GO type="225" lobby="0"/><UN n0="%E5%B0%B1%E6%B4%BB%E7%94%9F%40%E5%B7%9D%E6%9D%91%E8%BB%8D%E5%9B%A3" n1="%E5%8D%81%E5%BC%90%E7%BE%8E%E7%80%AC%E3%81%AA%E3%81%AA" n2="%E3%81%86%E3%82%81%E3%81%99%E3%83%86%E3%83%AB" n3="%E7%A8%B2%E4%BD%9C%E3%83%B4%E3%82%A9%E3%83%AB%E3%82%B1%E3%82%A4%E3%83%8E" dan="17,16,17,17" rate="2088.31,2055.15,2088.69,2136.88" sx="M,F,F,M"/><TAIKYOKU oya="0"/><INIT seed="0,0,0,1,4,41" ten="250,250,250,250" oya="0" hai0="57,92,132,33,52,13,133,6,86,73,5,0,9" hai1="131,88,25,125,17,77,36,55,102,134,66,135,84" hai2="29,82,76,122,4,111,116,20,47,104,51,27,58" hai3="113,37,78,19,26,85,117,11,32,65,35,114,2"/><T31/><D73/><U90/><E125/><V14/><F104/><W60/><G37/><T118/><D118/><U98/><E131/><V72/><F116/><W127/><G117/><T74/><D74/><U130/><E130/><V126/><F122/><W59/><G127/><T109/><D109/><U8/><E66/><V129/><F126/><W10/><G32/><T56/><D56/><U108/><E108/><V48/><F111/><W106/><G106/><T64/><D64/><U40/><E55/><V121/><F121/><W45/><G2/><T119/><D119/><U128/><E128/><V79/><F79/><W101/><G101/><T53/><D53/><U96/><E77/><V83/><F83/><N who="3" m="47351" /><G35/><T81/><D92/><N who="1" m="54279" /><E90/><V28/><F129/><W93/><G93/><T112/><D112/><U43/><E43/><V46/><F29/><W124/><G124/><T12/><D33/><U87/><E87/><N who="2" m="48583" /><F58/><W61/><G60/><N who="0" m="35879" /><D31/><U1/><E1/><V71/><F72/><W21/><G113/><T22/><D0/><U63/><E63/><V110/><F71/><W24/><G114/><T89/><D5/><U44/><E102/><V105/><F105/><W94/><G94/><T95/><D95/><U100/><E100/><V7/><F110/><W115/><G115/><T34/><D34/><U75/><E75/><V80/><F80/><W70/><G70/><T16/><D132/><N who="1" m="50731" /><E8/><N who="2" m="4359" /><F7/><W69/><G69/><T123/><D133/><U42/><E42/><V62/><F62/><W68/><G68/><T15/><D123/><U67/><E67/><V38/><F38/><W97/><G65/><RYUUKYOKU ba="0,0" sc="250,10,250,10,250,10,250,-30" hai0="6,9,12,13,15,16,22,81,86,89" hai1="17,25,36,40,44,96,98" hai2="20,27,28,46,47,48,51" /><INIT seed="0,1,0,2,0,96" ten="260,260,260,220" oya="0" hai0="32,38,17,25,14,8,16,1,114,84,9,122,23" hai1="105,128,134,35,33,66,77,130,107,89,29,72,28" hai2="60,3,113,95,125,42,104,31,64,61,116,11,127" hai3="7,85,94,98,56,99,101,4,81,117,78,87,76"/><T115/><D38/><U59/><E134/><V82/><F104/><N who="1" m="40009" /><E89/><V37/><F113/><N who="0" m="43018" /><D84/><U22/><E77/><V83/><F116/><W39/><G117/><T93/><D93/><U47/><E72/><V48/><F37/><W118/><G118/><T119/><D119/><U109/><E47/><N who="2" m="25719" /><F31/><N who="1" m="11849" /><E22/><V26/><F26/><W41/><G99/><T65/><D65/><U68/><E59/><N who="2" m="36895" /><F61/><W30/><G30/><N who="0" m="19535" /><D122/><U57/><E57/><V74/><F74/><W36/><G56/><T19/><D1/><U103/><E66/><V67/><F67/><W34/><G34/><T52/><D52/><U133/><E68/><V75/><F75/><W91/><G39/><T97/><D97/><U2/><E2/><V71/><F71/><W20/><G20/><N who="0" m="11287" /><D17/><U73/><E73/><V92/><F95/><W13/><G13/><AGARI ba="1,0" hai="8,9,13,19,23" m="11287,19535,43018" machi="13" ten="30,5800,0" yaku="34,2,54,1" doraHai="96" who="0" fromWho="3" sc="260,61,260,0,260,0,220,-61" /><INIT seed="0,2,0,0,0,40" ten="321,260,260,159" oya="0" hai0="98,76,93,49,121,111,118,91,2,38,31,9,116" hai1="100,22,105,56,69,47,42,28,126,104,16,80,72" hai2="75,54,88,24,120,3,108,81,65,89,102,127,18" hai3="64,46,82,109,36,53,99,1,7,51,17,90,125"/><T60/><D121/><U66/><E69/><V10/><F120/><W129/><G109/><T124/><D38/><U57/><E126/><V123/><F123/><W134/><G125/><T11/><D111/><U67/><E28/><V114/><F114/><W113/><G113/><T44/><D124/><U96/><E104/><V4/><F108/><W78/><G129/><T133/><D133/><U122/><E122/><V112/><F112/><W107/><G134/><T48/><D76/><U21/><E21/><V132/><F132/><W34/><G34/><T37/><D37/><U32/><E32/><V106/><F65/><W58/><G17/><T84/><D31/><U0/><E0/><V8/><F127/><W135/><G135/><T86/><D116/><U43/><E43/><V30/><F54/><W74/><G36/><T130/><D118/><U23/><E23/><V50/><F50/><W6/><G1/><T85/><D130/><U79/><E66/><V26/><F102/><W45/><G64/><T55/><D2/><U13/><E67/><V25/><F106/><W103/><REACH who="3" step="1"/><G90/><REACH who="3" ten="321,260,260,149" step="2"/><T27/><D91/><U70/><E70/><V131/><F131/><W83/><G83/><T87/><D27/><U117/><E117/><V68/><F30/><W115/><G115/><T14/><D11/><U119/><E119/><V41/><F89/><W62/><G62/><T77/><D9/><U52/><E52/><V95/><F88/><W110/><G110/><T128/><D60/><U63/><E63/><V12/><F3/><W94/><G94/><T35/><D35/><U92/><E92/><RYUUKYOKU ba="2,1" sc="321,-15,260,15,260,-15,149,15" hai1="13,16,22,42,47,56,57,72,79,80,96,100,105" hai3="6,7,45,46,51,53,58,74,78,82,99,103,107" /><INIT seed="1,3,1,5,3,112" ten="306,275,245,164" oya="1" hai0="85,61,62,19,106,105,135,47,69,81,27,115,0" hai1="80,12,73,53,3,114,22,97,57,48,102,113,24" hai2="16,9,49,50,4,89,108,41,60,34,28,118,59" hai3="64,99,133,77,122,131,7,20,83,30,121,120,67"/><U63/><E3/><V33/><F108/><W82/><G131/><T75/><D0/><U87/><E73/><V103/><F118/><W72/><G133/><T43/><D75/><U84/><E12/><V68/><F68/><W10/><G83/><T110/><D115/><U54/><E54/><V36/><F103/><W117/><G117/><T130/><D110/><U26/><E48/><V104/><F104/><W74/><G74/><T14/><D130/><U101/><E101/><V18/><F36/><W78/><G78/><T95/><D135/><U86/><E80/><V25/><F34/><W32/><G32/><T90/><D27/><U13/><E13/><V98/><F98/><W17/><G30/><T71/><D106/><U91/><E26/><V107/><F89/><W35/><G99/><T66/><D105/><U5/><E5/><V126/><F126/><W93/><G93/><T96/><D69/><U45/><E45/><V55/><F107/><W58/><G58/><T88/><D66/><U40/><E40/><V31/><F31/><W100/><G100/><T119/><D71/><U109/><E102/><V23/><F41/><W92/><G92/><T1/><D1/><U21/><E109/><V111/><F111/><W44/><G44/><T8/><D119/><U124/><E124/><V56/><F33/><W29/><G29/><T2/><D2/><U11/><E113/><V94/><F94/><W42/><G42/><T15/><D15/><U52/><E97/><V39/><F39/><AGARI ba="3,1" hai="8,14,19,39,43,47,61,62,81,85,88,90,95,96" machi="39" ten="30,2000,0" yaku="7,1,54,1" doraHai="112" who="0" fromWho="2" sc="306,39,275,0,245,-29,164,0" /><INIT seed="2,0,0,5,2,115" ten="345,275,216,164" oya="2" hai0="47,65,46,57,131,78,55,54,86,110,106,5,45" hai1="122,49,51,6,4,28,66,14,27,19,41,10,29" hai2="85,42,129,58,117,74,24,21,23,90,68,32,13" hai3="22,34,127,81,17,118,101,125,130,15,93,92,109"/><V37/><F68/><W43/><G34/><T0/><D106/><U53/><E122/><V25/><F74/><W77/><G109/><T123/><D123/><U87/><E66/><V97/><F129/><W82/><G130/><T84/><D131/><U44/><E87/><V61/><F32/><W52/><G43/><T11/><D110/><U121/><E121/><V83/><F97/><W88/><G101/><T135/><D135/><U60/><E60/><V75/><F75/><W128/><G128/><T16/><D16/><U134/><E134/><V132/><F132/><W18/><G118/><T107/><D107/><U124/><E124/><N who="3" m="47690" /><G18/><T114/><D114/><U20/><REACH who="1" step="1"/><E29/><REACH who="1" ten="345,265,216,164" step="2"/><V99/><F99/><N who="3" m="57735" /><G77/><T3/><D86/><U100/><E100/><V102/><F102/><W96/><G96/><T50/><D84/><U59/><AGARI ba="0,1" hai="4,6,10,14,19,20,27,28,41,44,49,51,53,59" machi="59" ten="20,8000,1" yaku="1,1,0,1,7,1,8,1,53,1" doraHai="115" doraHaiUra="8" who="1" fromWho="1" sc="345,-20,265,90,216,-40,164,-20" /><INIT seed="3,0,0,3,3,110" ten="325,355,176,144" oya="3" hai0="98,59,133,127,15,8,26,128,90,122,81,5,99" hai1="95,92,135,60,103,49,37,20,38,46,12,106,119" hai2="25,66,22,19,28,94,80,51,118,93,120,7,57" hai3="73,104,75,30,18,33,72,29,54,114,55,1,23"/><W52/><G104/><T41/><D122/><U124/><E135/><V83/><F118/><W121/><G121/><T34/><D133/><U113/><E124/><V62/><F120/><W89/><G1/><T88/><D128/><U76/><E113/><V108/><F108/><W77/><G33/><T2/><D127/><U71/><E76/><V32/><F7/><W87/><G77/><T129/><D129/><U43/><E119/><V86/><F51/><W109/><G109/><T45/><D59/><U70/><E106/><V35/><F80/><W40/><G40/><T130/><D130/><U96/><E95/><V117/><F117/><W126/><G126/><T44/><D2/><U0/><E0/><V74/><F74/><W131/><G131/><T67/><D67/><U111/><E111/><V4/><F4/><W84/><G114/><T31/><D45/><U64/><E71/><V63/><F63/><W3/><G3/><T115/><D115/><U65/><E64/><V47/><F47/><W61/><G61/><T107/><D107/><U13/><E20/><V39/><F39/><W116/><G116/><T101/><D81/><U48/><E37/><V100/><F100/><W56/><G56/><T53/><D53/><U27/><E27/><V50/><F50/><W17/><G89/><T132/><D132/><U134/><E134/><V102/><F102/><W11/><G11/><T91/><REACH who="0" step="1"/><D101/><REACH who="0" ten="315,355,176,144" step="2"/><U21/><E21/><V97/><F35/><W105/><G105/><T42/><D42/><U36/><E36/><AGARI ba="0,1" hai="5,8,15,26,31,34,36,41,44,88,90,91,98,99" machi="36" ten="40,5200,0" yaku="1,1,54,1,53,1" doraHai="110" doraHaiUra="24" who="0" fromWho="1" sc="315,62,355,-52,176,0,144,0" owari="377,48.0,303,10.0,176,-22.0,144,-36.0" /></mjloggm>