<mjloggm ver="2.3"><GO type="225" lobby="0"/><UN n0="%E3%82%BF%E3%82%B3%EF%BC%92%EF%BC%95%EF%BC%92%EF%BC%95" n1="%E3%83%88%E3%83%88%E3%83%AA%E5%85%88%E7%94%9F%31%39%E6%AD%B3" n2="%E4%BA%8C%E4%BB%A3%E7%9B%AE%E3%82%A2%E3%83%A1%E3%83%96%E3%83%A9" n3="%E4%B8%87%E8%83%BD%E3%81%AD%E3%81%8E" dan="16,16,16,16" rate="2111.24,2147.40,2120.35,2084.09" sx="M,F,M,M"/><TAIKYOKU oya="0"/><INIT seed="0,0,0,3,2,125" ten="250,250,250,250" oya="0" hai0="65,76,44,67,88,42,9,127,28,119,106,118,124" hai1="89,70,40,110,84,105,13,132,0,133,33,135,126" hai2="75,18,23,26,41,114,72,115,101,100,35,38,7" hai3="53,82,16,27,108,48,131,17,63,99,19,15,20"/><T1/><D106/><U90/><E0/><V91/><F35/><W59/><G108/><T60/><D76/><U128/><E126/><N who="0" m="48169" /><D28/><U3/><E3/><V96/><F7/><W103/><G131/><T2/><D88/><N who="1" m="33899" /><E33/><V4/><F4/><W32/><G82/><T69/><D65/><U81/><E70/><V107/><F100/><W64/><G32/><T120/><D120/><U104/><E110/><V54/><F91/><W22/><G22/><T94/><D94/><U117/><E40/><V112/><REACH who="2" step="1"/><F54/><REACH who="2" ten="250,250,240,250" step="2"/><W129/><G129/><T73/><D2/><U92/><E128/><V57/><F57/><W56/><REACH who="3" step="1"/><G27/><REACH who="3" ten="250,250,240,240" step="2"/><T14/><D1/><U12/><E133/><V77/><F77/><W51/><G51/><N who="0" m="27031" /><D73/><U68/><E132/><V11/><F11/><W10/><G10/><T79/><D79/><U93/><E135/><V39/><F39/><W98/><G98/><T52/><D119/><U29/><E117/><V46/><AGARI ba="0,2" hai="18,23,26,38,41,46,72,75,96,101,107,112,114,115" machi="46" ten="40,5200,0" yaku="1,1,0,1,53,1" doraHai="125" doraHaiUra="97" who="2" fromWho="2" sc="250,-26,250,-13,240,72,240,-13" /><INIT seed="1,0,0,2,2,78" ten="224,237,312,227" oya="1" hai0="113,58,3,26,10,97,50,125,108,0,118,19,39" hai1="104,56,100,134,12,119,102,46,52,101,47,79,64" hai2="87,111,129,48,43,103,11,54,23,31,1,68,61" hai3="95,126,16,35,105,76,91,135,107,38,33,65,117"/><U49/><E119/><V5/><F111/><W15/><G117/><T6/><D39/><U9/><E134/><V17/><F31/><W86/><G135/><T20/><D118/><U45/><E79/><V30/><F30/><W109/><G109/><T77/><D108/><U60/><REACH who="1" step="1"/><E104/><REACH who="1" ten="224,227,312,227" step="2"/><V14/><F129/><W34/><G107/><T37/><D77/><U75/><E75/><V82/><F103/><W96/><G105/><T120/><D113/><U130/><E130/><V57/><F68/><W73/><G73/><T89/><D120/><U106/><E106/><V63/><F43/><W122/><G122/><T22/><D37/><U24/><E24/><V4/><F5/><AGARI ba="0,1" hai="5,9,12,45,46,47,49,52,56,60,64,100,101,102" machi="5" ten="40,7700,0" yaku="1,1,8,1,54,1,53,0" doraHai="78" doraHaiUra="74" who="1" fromWho="2" sc="224,0,227,87,312,-77,227,0" /><INIT seed="1,1,0,5,5,2" ten="224,314,235,227" oya="1" hai0="24,76,108,46,125,89,20,61,8,113,91,90,23" hai1="15,28,80,72,22,40,49,60,30,99,101,132,109" hai2="92,107,50,36,120,79,69,64,43,115,18,102,57" hai3="51,14,114,39,135,32,83,45,55,110,112,17,75"/><U35/><E35/><V65/><F120/><W42/><G110/><T38/><D108/><U95/><E109/><V52/><F107/><W9/><G32/><T77/><D113/><U106/><E132/><V86/><F115/><W98/><G135/><T37/><D125/><U85/><E72/><V128/><F128/><W116/><G116/><T103/><D103/><U4/><E106/><V94/><F69/><W87/><G98/><T96/><D96/><U53/><E60/><V48/><F36/><W44/><REACH who="3" step="1"/><G75/><REACH who="3" ten="224,314,235,217" step="2"/><T68/><D38/><U10/><E22/><V1/><F102/><W117/><G117/><T123/><D20/><U34/><E34/><V131/><F131/><W126/><G126/><T122/><D8/><U93/><E99/><V33/><F33/><W133/><G133/><T70/><D123/><U21/><E101/><V88/><F1/><W26/><G26/><T12/><D122/><U3/><E3/><V5/><F86/><W71/><G71/><T82/><D68/><U54/><E21/><V100/><F100/><W6/><G6/><T119/><D119/><U58/><E4/><V121/><F5/><W105/><G105/><T11/><D23/><U63/><E10/><V118/><F118/><W127/><G127/><T62/><D24/><U124/><E124/><V29/><F121/><W25/><G25/><T0/><D70/><U66/><E85/><V97/><F97/><W41/><G41/><N who="0" m="22831" /><D0/><U73/><E73/><V19/><F43/><W67/><G67/><T56/><D11/><U27/><E66/><V129/><F65/><W104/><G104/><RYUUKYOKU ba="1,1" sc="224,-10,314,-10,235,-10,217,30" hai3="9,14,17,39,42,44,45,51,55,83,87,112,114" /><INIT seed="2,2,1,5,0,121" ten="214,304,225,247" oya="2" hai0="108,59,78,2,106,119,68,80,12,51,70,82,130" hai1="125,23,26,1,42,72,67,100,36,85,104,73,29" hai2="8,61,6,115,111,10,43,13,120,56,45,87,113" hai3="109,75,34,132,95,62,28,105,20,40,50,124,48"/><V65/><F120/><W116/><G105/><T57/><D2/><U117/><E117/><V4/><F87/><W97/><G34/><T5/><D106/><U92/><E1/><V63/><F61/><W64/><G116/><T3/><D3/><U99/><E125/><V39/><REACH who="2" step="1"/><F111/><REACH who="2" ten="214,304,215,247" step="2"/><W21/><G109/><T93/><D108/><U77/><E85/><V79/><F79/><W24/><G124/><T44/><D119/><U27/><E77/><V91/><F91/><W98/><G75/><T135/><D78/><U16/><E73/><V60/><F60/><W89/><G62/><T83/><D70/><U74/><E72/><V25/><F25/><W90/><G24/><T14/><D68/><U133/><E74/><V131/><F131/><W7/><G89/><T76/><D130/><U53/><E27/><V41/><F41/><W19/><G40/><T128/><D76/><U47/><E26/><V114/><F114/><W107/><G90/><T123/><D128/><U49/><E42/><V0/><AGARI ba="2,2" hai="0,4,6,8,10,13,39,43,45,56,63,65,113,115" machi="0" ten="20,3900,0" yaku="1,1,0,1,7,1,53,0" doraHai="121" doraHaiUra="129" who="2" fromWho="2" sc="214,-15,304,-15,215,65,247,-15" /><INIT seed="2,3,0,4,2,76" ten="199,289,280,232" oya="2" hai0="117,11,27,94,18,9,106,132,111,77,120,130,88" hai1="89,2,64,41,44,38,66,34,36,28,113,116,26" hai2="96,7,23,82,57,0,129,47,58,4,13,86,110" hai3="67,92,121,100,54,42,78,99,35,103,62,17,134"/><V61/><F0/><W16/><G121/><T80/><D106/><U109/><E113/><V14/><F129/><W52/><G35/><T90/><D120/><U65/><E116/><V105/><F105/><W43/><G134/><T85/><D132/><U133/><E2/><V21/><F96/><W127/><G127/><T24/><D130/><U98/><E133/><V12/><F47/><W59/><G78/><T84/><D111/><U37/><E109/><V123/><F123/><W124/><G103/><T55/><D117/><U135/><E135/><V115/><F115/><W83/><G83/><N who="0" m="47215" /><D55/><N who="3" m="21033" /><G124/><T119/><D119/><U70/><E70/><V114/><F114/><W49/><G49/><T128/><D128/><U75/><E75/><V51/><F51/><W93/><G93/><T71/><D71/><U5/><E5/><N who="2" m="2123" /><F110/><W3/><G3/><T126/><D126/><U108/><E108/><V8/><F8/><N who="0" m="3146" /><D18/><AGARI ba="3,0" hai="16,17,18,42,43,59,62,67,92,99,100" m="21033" machi="18" ten="30,3900,0" yaku="8,1,54,2" doraHai="76" who="3" fromWho="0" sc="199,-48,289,0,280,0,232,48" /><INIT seed="3,0,0,3,2,84" ten="151,289,280,280" oya="3" hai0="79,133,21,123,80,24,13,127,102,101,34,53,26" hai1="51,59,125,55,124,57,14,12,41,58,16,5,93" hai2="6,112,107,104,43,30,66,115,90,74,92,3,45" hai3="122,40,22,70,73,81,49,85,113,69,33,75,27"/><W67/><G33/><T134/><D123/><U54/><E41/><V10/><F74/><W97/><G113/><T100/><D127/><N who="1" m="48715" /><E55/><V42/><F66/><W8/><G8/><T62/><D34/><U35/><E35/><V86/><F30/><W17/><G70/><T11/><D26/><U99/><E5/><V94/><F94/><W128/><G128/><T110/><D110/><U63/><E16/><V109/><F109/><W15/><G27/><T0/><D0/><U38/><E38/><V108/><F108/><W9/><G9/><T78/><D80/><U46/><E63/><V95/><F95/><W118/><G118/><T29/><D134/><U1/><E1/><V56/><F56/><N who="1" m="14337" /><U106/><DORA hai="111" /><E106/><V18/><F18/><W7/><G7/><N who="0" m="3327" /><D133/><U126/><E126/><V89/><F107/><W121/><G67/><T71/><D71/><U129/><E129/><V28/><F104/><W47/><G69/><T116/><D116/><U32/><E32/><V20/><F115/><W120/><REACH who="3" step="1"/><G97/><REACH who="3" ten="151,289,280,270" step="2"/><T87/><D62/><U4/><E4/><V72/><F112/><W132/><G132/><T117/><D117/><U105/><E105/><V135/><F135/><W76/><AGARI ba="0,1" hai="15,17,22,40,47,49,73,75,76,81,85,120,121,122" machi="76" ten="30,18000,2" yaku="1,1,0,1,53,4" doraHai="84,111" doraHaiUra="77,119" who="3" fromWho="3" sc="151,-60,289,-60,280,-60,270,190" owari="91,-41.0,229,3.0,220,-18.0,460,56.0" /></mjloggm>