<mjloggm ver="2.3"><GO type="169" lobby="0"/><UN n0="%E3%81%AF%E3%81%AA%E3%81%B3" n1="%72%61%64%65%72" n2="%E3%81%A0%E3%81%90%E3%81%A9" n3="%E5%B0%B1%E6%B4%BB%E7%94%9F%40%E5%B7%9D%E6%9D%91%E8%BB%8D%E5%9B%A3" dan="16,16,16,16" rate="2052.23,2111.59,2073.02,2065.01" sx="M,M,M,M"/><TAIKYOKU oya="0"/><INIT seed="0,0,0,2,4,31" ten="250,250,250,250" oya="0" hai0="89,109,22,98,56,64,4,28,35,118,129,37,93" hai1="62,79,132,122,112,50,114,107,87,105,53,123,54" hai2="99,67,34,41,74,0,91,40,76,32,88,90,120" hai3="12,27,92,8,117,102,125,80,77,9,10,72,103"/><T17/><D118/><U130/><E87/><V82/><F0/><W36/><G125/><T81/><D37/><U134/><E130/><V110/><F120/><N who="1" m="46121" /><E62/><V100/><F110/><W48/><G117/><T83/><D4/><U14/><E50/><V59/><F67/><W5/><G36/><T128/><D109/><U45/><E45/><V52/><F40/><W95/><G27/><N who="0" m="18847" /><D56/><U69/><E69/><V113/><F41/><W119/><G119/><T26/><D64/><U65/><E79/><V49/><REACH who="2" step="1"/><F113/><REACH who="2" ten="250,250,240,250" step="2"/><N who="1" m="43625" /><E14/><V63/><F63/><W42/><G12/><T115/><D115/><U71/><E65/><V13/><F13/><W94/><G5/><T133/><D133/><N who="1" m="51307" /><E71/><V135/><F135/><W61/><G61/><T101/><D128/><U75/><E75/><V124/><F124/><W38/><G38/><T24/><D129/><U46/><E46/><V73/><F73/><W85/><G72/><T1/><D1/><U19/><E19/><V21/><F21/><W70/><G70/><T51/><D51/><U7/><E7/><V25/><F25/><W131/><G131/><T2/><D2/><U57/><E57/><V43/><F43/><W6/><G6/><T39/><D39/><U127/><E127/><V44/><F44/><AGARI ba="0,1" hai="8,9,10,42,44,48,77,80,85,92,94,95,102,103" machi="44" ten="40,1300,0" yaku="8,1" doraHai="31" who="3" fromWho="2" sc="250,0,250,0,240,-13,250,23" /><INIT seed="1,0,0,3,4,127" ten="250,250,227,273" oya="1" hai0="84,109,60,21,125,18,72,62,106,69,105,43,26" hai1="68,118,116,81,65,113,95,98,112,55,4,52,40" hai2="101,23,121,79,13,34,47,94,128,3,31,119,42" hai3="45,63,99,85,73,91,57,61,50,24,44,10,78"/><U64/><E4/><V56/><F3/><W33/><G73/><T29/><D72/><U74/><E40/><V15/><F121/><W126/><G126/><T70/><D125/><U35/><E35/><V12/><F119/><W80/><G33/><T135/><D109/><U100/><E55/><V75/><F34/><W107/><G61/><T1/><D1/><U88/><E64/><V134/><F134/><W130/><G130/><T25/><D43/><U17/><E17/><V58/><F128/><W7/><G24/><T102/><D84/><U2/><E2/><V129/><F129/><W5/><G45/><T53/><D135/><U76/><E52/><V131/><F131/><W38/><G38/><T22/><D53/><U54/><E54/><V90/><F101/><W6/><G107/><T83/><D83/><U51/><E51/><V93/><F93/><N who="3" m="56767" /><G50/><T46/><D46/><U37/><E37/><V49/><F79/><W36/><G36/><T27/><D27/><U92/><E65/><V16/><F75/><W132/><G132/><T9/><D9/><U114/><E68/><V86/><REACH who="2" step="1"/><F31/><REACH who="2" ten="250,250,217,273" step="2"/><W97/><G78/><T124/><D124/><U0/><E0/><V115/><F115/><W122/><G122/><T110/><D102/><U120/><E120/><V48/><F48/><W108/><G44/><T59/><D29/><U41/><E41/><V104/><F104/><W8/><G108/><T71/><D105/><U28/><E28/><V111/><F111/><W14/><G80/><T30/><D110/><U89/><E100/><V77/><F77/><W133/><G133/><RYUUKYOKU ba="0,1" sc="250,-15,250,15,217,15,273,-15" hai1="74,76,81,88,89,92,95,98,112,113,114,116,118" hai2="12,13,15,16,23,42,47,49,56,58,86,90,94" /><INIT seed="1,1,1,4,5,65" ten="235,265,232,258" oya="1" hai0="73,43,79,16,69,35,131,8,49,101,27,48,31" hai1="40,120,25,134,113,102,82,116,36,17,1,97,96" hai2="50,33,111,30,9,58,47,108,38,118,2,34,81" hai3="61,56,10,5,76,126,20,105,87,107,55,80,6"/><U130/><E120/><V57/><F118/><W19/><G126/><T22/><D131/><U52/><E116/><V32/><F38/><W89/><G6/><T78/><D101/><U115/><E134/><V121/><F121/><W128/><G128/><T18/><D73/><U41/><E1/><V29/><F81/><W14/><REACH who="3" step="1"/><G76/><REACH who="3" ten="235,265,232,248" step="2"/><T0/><D79/><U63/><E130/><V12/><F2/><AGARI ba="1,2" hai="2,5,10,14,19,20,55,56,61,80,87,89,105,107" machi="2" ten="30,3900,0" yaku="1,1,2,1,7,1,53,0" doraHai="65" doraHaiUra="70" who="3" fromWho="2" sc="235,0,265,0,232,-42,248,62" /><INIT seed="2,0,0,3,5,12" ten="235,265,190,310" oya="2" hai0="35,5,10,8,13,103,20,129,104,24,65,68,126" hai1="125,92,100,108,62,89,64,131,45,114,117,19,44" hai2="28,22,21,38,99,132,93,63,40,83,91,74,58" hai3="50,56,110,18,54,97,15,60,86,14,59,72,51"/><V78/><F132/><W29/><G72/><T111/><D104/><U87/><E114/><V16/><F38/><W124/><G124/><T23/><D103/><U32/><E117/><V39/><F39/><W96/><G110/><T31/><D65/><U30/><E108/><V107/><F40/><W0/><G0/><N who="0" m="39" /><D68/><U57/><E125/><V130/><F130/><W3/><G3/><T85/><D85/><U47/><E131/><V67/><F28/><W73/><G73/><T120/><D111/><U82/><E30/><V98/><F107/><W127/><G127/><T41/><D41/><U101/><E32/><V77/><F77/><W121/><G121/><T17/><D126/><U105/><E105/><V49/><F49/><W116/><G116/><T43/><D43/><U7/><E7/><V94/><REACH who="2" step="1"/><F16/><REACH who="2" ten="235,265,180,310" step="2"/><W88/><G29/><T53/><D129/><U84/><E19/><V36/><F36/><W70/><G50/><T119/><D119/><U95/><E92/><V42/><F42/><W134/><G134/><T123/><D120/><U27/><E27/><V75/><F75/><W33/><G33/><T4/><D123/><U113/><E113/><V102/><AGARI ba="0,1" hai="21,22,58,63,67,74,78,83,91,93,94,98,99,102" machi="102" ten="20,3900,0" yaku="1,1,0,1,7,1,53,0" doraHai="12" doraHaiUra="1" who="2" fromWho="2" sc="235,-13,265,-13,180,49,310,-13" /><INIT seed="2,1,0,4,0,35" ten="222,252,229,297" oya="2" hai0="118,126,41,78,120,48,55,116,56,72,31,108,122" hai1="1,131,105,121,23,80,18,51,135,74,70,11,5" hai2="93,7,40,64,62,45,114,33,10,102,103,28,53" hai3="39,87,109,57,134,130,8,100,83,9,123,12,3"/><V19/><F114/><W129/><G39/><T67/><D31/><U60/><E131/><N who="3" m="50186" /><G123/><N who="0" m="47147" /><D72/><U13/><E135/><V65/><F33/><W46/><G109/><T2/><D78/><U111/><E111/><V84/><F28/><W115/><G115/><T17/><D108/><U26/><E121/><V6/><F40/><W22/><G134/><T24/><D17/><U21/><E51/><N who="2" m="28911" /><F19/><N who="3" m="10599" /><G100/><N who="2" m="38441" /><F10/><N who="3" m="4203" /><G57/><T43/><D24/><U25/><E105/><V36/><F36/><W63/><G46/><T81/><D81/><U73/><E80/><V20/><F20/><W124/><G63/><N who="0" m="38375" /><D126/><U79/><E79/><V106/><F106/><W71/><G71/><T113/><D113/><U69/><E26/><V29/><F29/><W89/><G124/><T4/><D4/><N who="2" m="1578" /><F62/><W101/><G101/><T96/><D96/><U44/><E60/><V49/><F49/><W66/><G66/><T59/><D41/><U119/><E70/><V132/><F132/><W76/><G3/><T42/><D2/><U82/><E69/><V68/><F68/><W128/><G128/><T85/><D43/><U27/><E119/><N who="0" m="45609" /><D42/><U98/><E73/><V16/><F65/><W47/><G47/><T37/><D37/><U52/><E44/><V133/><F64/><W15/><G15/><T14/><D14/><U104/><E13/><V110/><F133/><W107/><G107/><T0/><D0/><U99/><E104/><V92/><F110/><W34/><G34/><T88/><D48/><U91/><E1/><V117/><F117/><W127/><G127/><T95/><D55/><U50/><E52/><V94/><F84/><RYUUKYOKU ba="1,0" sc="222,10,252,-30,229,10,297,10" hai0="59,85,88,95" hai2="16,92,93,94" hai3="76,83,87,89" /><INIT seed="2,2,0,4,2,76" ten="232,222,239,307" oya="2" hai0="52,27,33,9,62,100,98,84,16,25,44,121,37" hai1="71,85,78,119,130,125,72,74,111,117,6,90,106" hai2="51,81,12,69,89,39,61,15,21,82,95,1,7" hai3="50,86,80,91,65,42,2,35,10,120,67,20,132"/><V134/><F39/><W3/><G35/><T109/><D121/><U46/><E46/><V24/><F134/><W47/><G120/><T29/><D109/><U45/><E45/><V105/><F105/><W11/><G132/><T54/><D84/><U43/><E43/><V34/><F34/><W133/><G133/><T49/><D37/><U92/><E71/><V135/><F135/><W59/><G3/><T70/><D70/><U127/><E6/><V22/><F1/><W115/><G2/><T129/><D129/><U97/><E130/><V128/><F69/><W107/><G107/><T88/><D88/><N who="1" m="55431" /><E106/><V87/><F61/><N who="3" m="38079" /><G67/><T31/><D62/><U63/><E63/><V101/><F101/><W99/><G115/><T77/><D77/><U28/><E78/><V114/><F114/><W79/><G20/><N who="2" m="7785" /><F128/><W122/><G122/><T0/><D33/><U104/><E28/><N who="0" m="10825" /><D0/><U55/><E55/><V110/><F110/><W57/><G57/><T102/><D54/><U66/><E66/><V60/><F60/><W93/><AGARI ba="2,0" hai="10,11,42,47,50,79,80,86,91,93,99" m="38079" machi="93" ten="30,2000,0" yaku="8,1,52,1" doraHai="76" who="3" fromWho="3" sc="232,-7,222,-7,239,-12,307,26" /><INIT seed="3,0,0,0,5,86" ten="225,215,227,333" oya="3" hai0="16,73,118,19,27,60,123,79,23,84,89,49,134" hai1="26,74,121,100,117,135,94,36,48,92,15,56,62" hai2="104,53,32,20,63,129,103,7,31,130,50,29,88" hai3="109,47,40,54,87,120,51,101,4,80,93,106,85"/><W13/><G120/><T78/><D118/><U105/><E121/><V77/><F77/><N who="0" m="29194" /><D73/><U97/><E94/><V3/><F63/><W37/><G106/><T0/><D0/><U75/><E48/><V33/><F3/><W30/><G30/><N who="2" m="11273" /><F7/><W116/><G116/><T127/><D123/><U82/><E36/><V125/><F125/><W46/><G109/><T115/><D127/><U113/><E113/><V69/><F69/><W17/><G4/><T22/><D134/><U6/><E117/><V34/><F20/><W64/><G64/><T72/><D72/><U55/><E135/><V42/><F42/><W95/><G101/><T76/><D115/><U128/><E128/><N who="2" m="49259" /><F103/><W111/><G85/><T96/><D60/><U68/><E68/><V43/><F43/><W14/><G14/><N who="0" m="9495" /><D96/><U45/><E97/><V10/><F10/><N who="3" m="6327" /><G111/><T38/><D38/><U91/><E100/><V2/><F2/><W25/><G25/><T39/><D39/><U119/><E26/><V61/><F61/><W41/><G41/><T28/><N who="0" m="29202" /><AGARI ba="0,0" hai="37,40,46,47,51,54,76,80,87,93,95" m="6327" machi="76" ten="30,1500,0" yaku="3,1" doraHai="86" who="3" fromWho="0" sc="225,-15,215,0,227,0,333,15" /><INIT seed="3,1,0,2,1,48" ten="210,215,227,348" oya="3" hai0="63,36,121,41,50,78,51,81,94,89,120,114,97" hai1="103,43,53,7,14,9,116,108,131,59,11,29,69" hai2="122,20,65,64,75,17,109,1,111,32,30,82,27" hai3="3,74,85,62,19,84,25,67,54,83,42,129,4"/><W88/><G129/><T2/><D2/><U87/><E108/><V124/><F1/><W15/><G74/><T134/><D36/><U6/><E131/><V13/><F75/><W56/><G3/><T76/><D134/><U8/><E116/><V100/><F100/><W12/><G42/><T60/><D114/><U61/><E69/><V23/><F82/><W106/><G106/><T113/><D113/><U55/><E43/><V79/><F79/><N who="3" m="46207" /><G4/><T49/><D41/><U118/><E118/><V77/><F77/><W68/><G68/><T90/><D120/><U91/><E29/><V35/><F65/><W66/><G25/><T34/><D34/><N who="2" m="12842" /><F64/><N who="3" m="24619" /><G19/><T44/><D121/><U46/><E103/><V95/><F95/><AGARI ba="1,0" hai="12,15,54,56,62,85,88,95" m="24619,46207" machi="95" ten="30,5800,0" yaku="8,1,52,1,54,1" doraHai="48" who="3" fromWho="2" sc="210,0,215,0,227,-61,348,61" /><INIT seed="3,2,0,3,2,0" ten="210,215,166,409" oya="3" hai0="92,56,72,53,70,126,104,68,101,50,41,73,81" hai1="69,71,115,82,106,76,62,43,98,109,114,24,116" hai2="134,94,59,86,65,122,22,4,57,113,58,45,120" hai3="108,40,31,5,99,25,96,27,38,12,118,61,110"/><W63/><G118/><T13/><D104/><U29/><E109/><N who="3" m="42090" /><G38/><T47/><D126/><U89/><E89/><N who="2" m="53559" /><F113/><W15/><G40/><T125/><D125/><U34/><E43/><V127/><F127/><W102/><G5/><T128/><D128/><U19/><E19/><V2/><F134/><W121/><G121/><N who="2" m="46697" /><F45/><W60/><G102/><T42/><D42/><U130/><E130/><V20/><F65/><W93/><G31/><T23/><D68/><U78/><E116/><V55/><F55/><W111/><G93/><T39/><D70/><U95/><E69/><V117/><F117/><W14/><G111/><T91/><D101/><U46/><E46/><V132/><F132/><W129/><G129/><T74/><D81/><U112/><E82/><V103/><F103/><W51/><G51/><T37/><D37/><U49/><E49/><V44/><F44/><W119/><G119/><T85/><REACH who="0" step="1"/><D73/><REACH who="0" ten="200,215,166,409" step="2"/><U84/><E114/><V83/><F83/><W133/><G133/><T52/><D52/><U26/><E115/><V80/><F80/><W8/><G8/><AGARI ba="2,1" hai="2,4,8,20,22,57,58,59" m="46697,53559" machi="8" ten="30,2000,0" yaku="13,1,52,1" doraHai="0" who="2" fromWho="3" sc="200,0,215,0,166,36,409,-26" /><INIT seed="4,0,0,4,2,130" ten="200,215,202,383" oya="0" hai0="114,107,110,16,123,99,83,49,133,36,79,105,73" hai1="67,129,20,28,22,115,65,86,94,60,1,120,52" hai2="7,5,84,37,98,118,75,11,97,40,2,13,108" hai3="18,111,45,33,0,113,104,88,81,119,69,24,3"/><T6/><D36/><U77/><E120/><V96/><F108/><W112/><G104/><T15/><D123/><U23/><E129/><V125/><F75/><W27/><G111/><T63/><D110/><U30/><E115/><V68/><F68/><W38/><G69/><T44/><D6/><U78/><E1/><V31/><F31/><W10/><G38/><T42/><D114/><U12/><E12/><V54/><F125/><W135/><G45/><T8/><D133/><U57/><E78/><V85/><F118/><W70/><G70/><T72/><D72/><U32/><E32/><V82/><F37/><W25/><G135/><T59/><REACH who="0" step="1"/><D99/><REACH who="0" ten="190,215,202,383" step="2"/><U53/><E28/><V102/><F5/><N who="3" m="1319" /><G113/><T56/><D56/><U124/><E30/><V132/><F132/><W4/><G112/><T128/><D128/><U127/><E127/><V109/><F109/><W48/><G4/><T76/><D76/><U58/><E124/><V106/><F2/><W93/><G3/><T101/><D101/><U26/><E26/><V95/><F106/><W61/><G33/><T62/><D62/><N who="1" m="36135" /><E77/><V17/><F7/><W80/><G61/><T41/><D41/><U100/><E100/><V46/><F40/><W126/><G126/><T131/><D131/><U92/><E86/><V103/><F102/><W134/><G134/><T71/><D71/><U66/><AGARI ba="0,1" hai="20,22,23,53,58,60,65,66,67,92,94" m="36135" machi="66" ten="30,2000,0" yaku="8,1,54,1" doraHai="130" who="1" fromWho="1" sc="190,-10,215,30,202,-5,383,-5" /><INIT seed="5,0,0,2,4,21" ten="180,245,197,378" oya="1" hai0="6,76,115,119,83,120,57,124,54,134,19,132,93" hai1="84,1,36,123,28,22,64,69,105,89,44,58,40" hai2="2,68,24,9,88,100,8,99,43,23,109,25,26" hai3="53,118,125,37,71,113,31,90,79,91,82,108,80"/><U47/><E123/><V3/><F68/><W65/><G108/><T112/><D119/><U51/><E105/><V131/><F109/><W62/><G37/><T135/><D6/><U94/><E1/><V29/><F131/><W34/><G113/><N who="0" m="43595" /><D124/><U128/><E69/><V70/><F70/><W73/><G125/><T18/><D93/><U130/><E58/><V133/><F133/><N who="0" m="34050" /><T117/><DORA hai="42" /><D117/><U72/><E64/><V86/><F43/><W52/><G118/><T20/><D120/><U41/><REACH who="1" step="1"/><E72/><REACH who="1" ten="180,235,197,378" step="2"/><V56/><F2/><W96/><G71/><T101/><D101/><U14/><E14/><V27/><F3/><W106/><G65/><T39/><D39/><U126/><E126/><V48/><F56/><W97/><G106/><T92/><D92/><U110/><E110/><V122/><F122/><W38/><G73/><N who="0" m="43407" /><D20/><U63/><E63/><AGARI ba="0,1" hai="18,19,54,57,63" m="43407,34050,43595" machi="63" ten="40,2600,0" yaku="15,1,20,1" doraHai="21,42" who="0" fromWho="1" sc="180,36,235,-26,197,0,378,0" /><INIT seed="6,0,0,0,4,94" ten="216,209,197,378" oya="2" hai0="12,29,88,96,83,48,125,43,22,101,69,127,20" hai1="40,102,130,62,14,71,79,50,126,84,59,97,105" hai2="109,133,68,6,56,131,19,57,34,122,27,60,82" hai3="108,32,91,66,17,99,4,35,115,31,39,49,81"/><V41/><F122/><W52/><G39/><T104/><D69/><U0/><E126/><N who="0" m="48137" /><D29/><U80/><E130/><V98/><F131/><W18/><G66/><T51/><D43/><U110/><E110/><V92/><F133/><W47/><G4/><T36/><D36/><U90/><E0/><V129/><F129/><W106/><G108/><T54/><D12/><U24/><E24/><V23/><F109/><W85/><G115/><T76/><D88/><U77/><E14/><V7/><F41/><W46/><G46/><N who="0" m="27927" /><D51/><U1/><E1/><V113/><F113/><W124/><G124/><T134/><D134/><U65/><REACH who="1" step="1"/><E59/><REACH who="1" ten="216,199,197,378" step="2"/><V30/><F68/><W3/><G3/><T78/><D78/><U119/><E119/><V135/><F57/><W116/><G116/><T10/><D10/><U44/><AGARI ba="0,1" hai="40,44,50,62,65,71,77,79,80,84,90,97,102,105" machi="44" ten="30,4000,0" yaku="1,1,0,1,52,1,53,0" doraHai="94" doraHaiUra="107" who="1" fromWho="1" sc="216,-10,199,50,197,-20,378,-10" /><INIT seed="7,0,0,3,1,135" ten="206,249,177,368" oya="3" hai0="54,106,127,45,9,104,22,67,36,61,76,87,78" hai1="119,66,50,79,96,47,118,15,40,108,44,5,27" hai2="85,18,43,41,99,49,20,26,53,10,70,71,58" hai3="12,125,63,59,60,124,56,83,42,64,95,4,98"/><W62/><G42/><T84/><D104/><U35/><E47/><V80/><F71/><W105/><G105/><T107/><D106/><U116/><E96/><V122/><F70/><W91/><G83/><T117/><D117/><U68/><E79/><V75/><F75/><W114/><G114/><T121/><D121/><U30/><E108/><V102/><F122/><W134/><G134/><T100/><D107/><U39/><E50/><V31/><F102/><W29/><G29/><T128/><D36/><U126/><E15/><V109/><F99/><W17/><G4/><T90/><D100/><U11/><E11/><V16/><F109/><W123/><G123/><T7/><D128/><U133/><E5/><V72/><F72/><W88/><G91/><T65/><D22/><U21/><E21/><V81/><F81/><W82/><G82/><N who="0" m="47191" /><D76/><U101/><E133/><V69/><F69/><W110/><G110/><T111/><D111/><U74/><E74/><V93/><F93/><W14/><G14/><N who="0" m="5439" /><D127/><U37/><E126/><N who="3" m="48746" /><G59/><N who="0" m="35063" /><D45/><U94/><E44/><V129/><F129/><W86/><G86/><T13/><D13/><U115/><E40/><N who="2" m="15435" /><F10/><AGARI ba="0,0" hai="10,12,17,56,60,62,63,64,88,95,98" m="48746" machi="10" ten="30,12000,1" yaku="18,1,52,3,54,1" doraHai="135" who="3" fromWho="2" sc="206,0,249,0,177,-120,368,120" owari="206,-19.0,249,5.0,57,-44.0,488,58.0" /></mjloggm>