<mjloggm ver="2.3"><GO type="41" lobby="0"/><UN n0="%E5%B0%B1%E6%B4%BB%E7%94%9F%40%E5%B7%9D%E6%9D%91%E8%BB%8D%E5%9B%A3" n1="%6B%2E%69%2E%2E%2E" n2="%E3%81%A4%E3%81%8F%E3%81%95" n3="%E6%A3%B2%E9%B3%A5" dan="16,14,13,14" rate="2086.09,1931.43,1915.32,1886.97" sx="M,M,M,M"/><TAIKYOKU oya="0"/><INIT seed="0,0,0,5,0,105" ten="250,250,250,250" oya="0" hai0="52,104,39,84,118,40,113,27,112,71,126,82,23" hai1="41,50,132,15,125,5,37,127,32,119,11,16,36" hai2="0,65,116,33,48,72,19,66,28,89,102,38,79" hai3="56,122,117,87,44,75,108,120,130,103,7,76,9"/><T123/><D71/><U135/><E32/><V53/><F38/><W45/><G117/><T95/><D104/><U97/><E119/><V114/><F114/><W59/><G108/><T10/><D118/><U88/><E50/><V55/><F102/><W25/><G130/><T43/><D123/><N who="3" m="47145" /><G103/><T29/><D126/><N who="1" m="48139" /><E5/><V62/><F116/><W46/><G25/><T34/><D34/><U17/><E17/><V3/><F3/><N who="3" m="255" /><G87/><T57/><D112/><U134/><E41/><V99/><F0/><W94/><G94/><AGARI ba="0,0" hai="11,15,16,36,37,88,94,97,132,134,135" m="48139" machi="94" ten="40,8000,1" yaku="20,1,18,1,54,2" doraHai="105" who="1" fromWho="3" sc="250,0,250,80,250,0,250,-80" /><INIT seed="1,0,0,1,4,111" ten="250,330,250,170" oya="1" hai0="91,5,82,54,11,31,85,50,39,89,117,88,6" hai1="103,64,26,90,7,21,18,46,59,128,1,29,25" hai2="94,84,3,118,23,87,134,20,100,17,75,110,135" hai3="72,51,107,28,74,0,63,76,52,97,101,53,42"/><U114/><E114/><V116/><F75/><W77/><G0/><T79/><D39/><U99/><E128/><V122/><F3/><W106/><G106/><T60/><D117/><U68/><E68/><V62/><F122/><W65/><G28/><T41/><D31/><U35/><E90/><V48/><F110/><W61/><G42/><T8/><D41/><U16/><E46/><V56/><F48/><W33/><G33/><T112/><D112/><U120/><E120/><V71/><F71/><W49/><G107/><T36/><D36/><U32/><E18/><V70/><F70/><W104/><G104/><T102/><D102/><U83/><E83/><V105/><F105/><W133/><G101/><T121/><D60/><U108/><E108/><V119/><F17/><W66/><G97/><T126/><D126/><U78/><E78/><V43/><F43/><W9/><G9/><N who="0" m="3659" /><D121/><U57/><E7/><V130/><F130/><W132/><AGARI ba="0,0" hai="49,51,52,53,61,63,65,66,72,74,76,77,132,133" machi="132" ten="25,6400,0" yaku="0,1,22,2,54,1" doraHai="111" who="3" fromWho="3" sc="250,-16,330,-32,250,-16,170,64" /><INIT seed="2,0,0,3,3,81" ten="234,298,234,234" oya="2" hai0="58,63,24,100,130,38,132,69,67,55,11,124,18" hai1="29,6,33,59,101,13,117,78,57,109,4,99,119" hai2="22,87,50,48,0,85,2,3,94,82,66,61,118" hai3="8,42,95,31,64,106,131,129,116,36,113,49,40"/><V37/><F37/><W88/><G116/><T80/><D130/><N who="3" m="49673" /><G106/><T127/><D38/><U90/><E109/><V44/><F118/><W133/><G133/><T121/><D121/><U77/><E90/><V134/><F134/><W73/><G73/><T51/><D132/><U39/><E39/><V28/><F94/><W52/><G113/><T83/><D100/><U9/><E29/><V70/><F82/><W54/><G64/><T114/><D114/><U74/><E33/><V26/><REACH who="2" step="1"/><F50/><REACH who="2" ten="234,298,224,234" step="2"/><W5/><G49/><T79/><D80/><U92/><E92/><V89/><F89/><W1/><G88/><T12/><REACH who="0" step="1"/><D24/><REACH who="0" ten="224,298,224,234" step="2"/><U19/><E119/><V86/><F86/><AGARI ba="0,2" hai="11,12,18,51,55,58,63,67,69,79,83,86,124,127" machi="86" ten="40,5200,0" yaku="1,1,2,1,52,1,53,0" doraHai="81" doraHaiUra="111" who="0" fromWho="2" sc="224,72,298,0,224,-52,234,0" /><INIT seed="3,0,0,0,4,91" ten="296,298,172,234" oya="3" hai0="7,5,11,12,135,32,56,71,82,114,42,130,57" hai1="99,116,40,54,105,52,58,15,96,2,86,107,112" hai2="119,43,100,132,129,108,4,98,101,21,38,25,29" hai3="72,49,39,128,84,34,126,93,24,0,59,67,123"/><W120/><G0/><T17/><D71/><U109/><E2/><V51/><F119/><W46/><G72/><T16/><D32/><U111/><E112/><V3/><F38/><W110/><G128/><T30/><D30/><U88/><E40/><V115/><F115/><W68/><G126/><T103/><D114/><U19/><E116/><V35/><F129/><W22/><G110/><N who="1" m="41994" /><E96/><V79/><F108/><W36/><G34/><T31/><D31/><U20/><E99/><V41/><F132/><W53/><G68/><T61/><D130/><U8/><E8/><V118/><F118/><W37/><G67/><T50/><D135/><U66/><E66/><V65/><F65/><W131/><G131/><T28/><D28/><U73/><E73/><V83/><F35/><W89/><REACH who="3" step="1"/><G59/><REACH who="3" ten="296,298,172,224" step="2"/><T63/><D57/><U122/><E58/><V48/><F3/><W127/><G127/><T113/><D113/><U134/><E134/><V70/><F70/><W47/><G47/><T13/><D56/><U125/><E125/><V133/><F133/><W45/><G45/><N who="0" m="25911" /><D61/><U104/><E122/><V1/><F1/><W62/><G62/><T55/><D63/><U10/><E20/><V9/><F41/><W102/><G102/><T78/><D55/><U97/><E97/><V27/><F43/><W106/><G106/><T95/><D103/><U94/><AGARI ba="0,1" hai="10,15,19,52,54,86,88,94,104,105,107" m="41994" machi="94" ten="40,8000,1" yaku="14,1,52,1,54,2" doraHai="91" who="1" fromWho="1" sc="296,-20,298,90,172,-20,224,-40" /><INIT seed="4,0,0,2,2,124" ten="276,388,152,184" oya="0" hai0="1,26,41,134,103,2,3,54,29,17,45,112,109" hai1="81,98,131,64,99,90,15,38,116,67,97,126,53" hai2="117,110,107,105,111,93,84,101,77,73,87,74,13" hai3="46,4,47,19,31,56,100,30,9,61,86,71,11"/><T0/><D112/><U37/><E116/><V82/><F13/><W129/><G129/><T121/><D121/><U113/><E131/><V63/><F63/><W33/><G71/><T83/><D134/><U80/><E126/><V128/><F128/><W44/><G100/><T106/><D109/><U16/><E53/><V130/><F130/><W92/><G33/><T20/><D83/><N who="1" m="31819" /><E90/><N who="2" m="53447" /><F117/><W58/><G4/><T66/><D66/><N who="1" m="25131" /><E38/><V39/><F39/><W52/><G58/><T43/><N who="0" m="512" /><DORA hai="23" /><T5/><D5/><U125/><E37/><V24/><F24/><W75/><G75/><T60/><D29/><N who="3" m="10761" /><G19/><T96/><REACH who="0" step="1"/><D60/><REACH who="0" ten="266,388,152,184" step="2"/><U95/><E125/><V25/><F111/><W135/><G61/><T48/><AGARI ba="0,1" hai="17,20,26,41,43,45,48,54,96,103,106" m="512" machi="48" ten="60,12000,1" yaku="1,1,2,1,0,1,52,1,53,0" doraHai="124,23" doraHaiUra="85,119" who="0" fromWho="0" sc="266,130,388,-40,152,-40,184,-40" /><INIT seed="4,1,0,5,3,102" ten="396,348,112,144" oya="0" hai0="52,60,64,35,59,120,10,119,114,54,45,16,47" hai1="128,23,66,15,107,81,131,116,98,105,32,129,49" hai2="76,50,87,108,126,75,133,134,84,17,63,74,41" hai3="122,2,55,99,97,111,7,79,39,46,43,77,26"/><T30/><D119/><U14/><E98/><V53/><F108/><W115/><G111/><T101/><D120/><U132/><E132/><N who="2" m="50795" /><F126/><W123/><G115/><T90/><D114/><U22/><E32/><V71/><F71/><W85/><G2/><T83/><D101/><U80/><E66/><V34/><F34/><W31/><G7/><T82/><D35/><U109/><E109/><V78/><F41/><W95/><G55/><N who="0" m="21035" /><D30/><U25/><E49/><V100/><F17/><W11/><G11/><T124/><D124/><U91/><E91/><V62/><F100/><W68/><G68/><T70/><D70/><U36/><E36/><V125/><F125/><W29/><G123/><T27/><D27/><U1/><E1/><V38/><F38/><W48/><G122/><T93/><D82/><N who="1" m="31851" /><E116/><V61/><F53/><W118/><G39/><T72/><D83/><U104/><E25/><V127/><F50/><W92/><G26/><T113/><D72/><N who="2" m="27690" /><F127/><W42/><G118/><T57/><D113/><U28/><E28/><V5/><F5/><W73/><G48/><T19/><D59/><U130/><E130/><V40/><F40/><W20/><G73/><T86/><D10/><U18/><E18/><AGARI ba="1,0" hai="16,18,19,45,47,57,60,64,86,90,93" m="21035" machi="18" ten="30,5800,0" yaku="8,1,54,2" doraHai="102" who="0" fromWho="1" sc="396,61,348,-61,112,0,144,0" /><INIT seed="4,2,0,5,1,67" ten="457,287,112,144" oya="0" hai0="108,2,13,105,24,117,18,25,72,50,69,76,89" hai1="107,32,61,70,59,34,126,26,88,54,10,38,132" hai2="104,46,118,95,62,4,51,40,135,131,29,63,133" hai3="98,16,79,5,6,106,91,8,75,17,7,0,20"/><T93/><D105/><U97/><E70/><V22/><F104/><W122/><G122/><T23/><D2/><U134/><E38/><V3/><F131/><W49/><G75/><T99/><D117/><U55/><E126/><V86/><F118/><W31/><G79/><T123/><D123/><U52/><E10/><V80/><F95/><W56/><G31/><T65/><D108/><U111/><E111/><V102/><F102/><W35/><G35/><N who="1" m="13354" /><E26/><V47/><F3/><W110/><G110/><T129/><D129/><U48/><E107/><V1/><F46/><W114/><G114/><T37/><D37/><U87/><E97/><V21/><F1/><W66/><G106/><T43/><D76/><U90/><E48/><V36/><F4/><W128/><G128/><T74/><D74/><U33/><N who="1" m="13362" /><U116/><DORA hai="125" /><E116/><V119/><F36/><W109/><G109/><T94/><D72/><U124/><E124/><V96/><F119/><W30/><G49/><T103/><D50/><U115/><E115/><V85/><F96/><W127/><G127/><T60/><REACH who="0" step="1"/><D43/><REACH who="0" ten="447,287,112,144" step="2"/><U12/><E61/><V14/><F63/><W41/><G0/><T101/><D101/><U77/><E77/><V19/><F62/><W42/><G42/><T71/><D71/><U84/><E59/><V45/><F51/><W100/><G100/><T39/><D39/><U9/><E90/><V27/><F40/><W120/><G41/><T113/><D113/><U121/><E121/><V92/><F47/><W68/><G120/><T82/><D82/><N who="1" m="49175" /><E87/><AGARI ba="2,1" hai="13,18,23,24,25,60,65,69,87,89,93,94,99,103" machi="87" ten="30,11600,0" yaku="1,1,7,1,52,1,53,1" doraHai="67,125" doraHaiUra="81,73" who="0" fromWho="1" sc="447,132,287,-122,112,0,144,0" /><INIT seed="4,3,0,3,2,19" ten="579,165,112,144" oya="0" hai0="84,45,118,115,112,77,35,128,70,108,85,121,111" hai1="100,116,44,28,103,101,46,40,21,81,11,99,33" hai2="74,27,117,12,26,119,134,113,71,0,23,48,20" hai3="24,18,73,51,135,65,4,38,5,2,8,60,96"/><T55/><D35/><U78/><E33/><V89/><F71/><W102/><G38/><T10/><D70/><U3/><E116/><N who="2" m="44619" /><F74/><W67/><G73/><T129/><D10/><U49/><E99/><V106/><F106/><W47/><G135/><T94/><D121/><U69/><E69/><V62/><F0/><W80/><G80/><N who="0" m="47119" /><D45/><U82/><E46/><V122/><F122/><W57/><G5/><T53/><D53/><U32/><E32/><V13/><F62/><W98/><G65/><T126/><D55/><U125/><E125/><V29/><F48/><W9/><G102/><T114/><D118/><U91/><E91/><V31/><F134/><W68/><G68/><T123/><D123/><U61/><E61/><V86/><F113/><W63/><G60/><T87/><D126/><U14/><E3/><V133/><F133/><W75/><G9/><T59/><D59/><U1/><E1/><V107/><F107/><W124/><G124/><T95/><D87/><U15/><E15/><V52/><F52/><W39/><G39/><T90/><D95/><AGARI ba="3,0" hai="12,13,20,23,26,27,29,31,86,89,95" m="44619" machi="95" ten="30,3900,0" yaku="12,1,52,2" doraHai="19" who="2" fromWho="0" sc="579,-48,165,0,112,48,144,0" /><INIT seed="5,0,0,2,1,101" ten="531,165,160,144" oya="1" hai0="100,116,57,107,97,65,66,127,68,113,93,115,82" hai1="46,67,15,58,14,112,103,128,31,28,42,131,123" hai2="37,120,35,32,19,0,110,76,129,84,23,40,48" hai3="134,109,1,52,44,51,47,13,59,108,56,133,49"/><U80/><E123/><V121/><F110/><N who="3" m="42603" /><G1/><T88/><D68/><U92/><E112/><N who="0" m="43081" /><D116/><U75/><E58/><N who="3" m="22058" /><G13/><N who="1" m="4618" /><E67/><N who="0" m="25609" /><D127/><U5/><E5/><V4/><F0/><W22/><G22/><T30/><D30/><U39/><E80/><V21/><F4/><W11/><G11/><T105/><D57/><U18/><E18/><V9/><F129/><N who="1" m="49737" /><E75/><V10/><F10/><W34/><G34/><T117/><D117/><U29/><E92/><V126/><F9/><W90/><G90/><T45/><D45/><U135/><E103/><V62/><F126/><W86/><G86/><AGARI ba="0,0" hai="82,86,88,93,97,100,105,107" m="25609,43081" machi="86" ten="30,7700,0" yaku="15,1,52,2,54,1" doraHai="101" who="0" fromWho="3" sc="531,77,165,0,160,0,144,-77" /><INIT seed="6,0,0,5,2,27" ten="608,165,160,67" oya="2" hai0="129,87,35,74,73,3,135,78,108,118,46,98,36" hai1="133,23,10,100,5,33,102,70,47,52,13,114,17" hai2="94,77,91,131,126,39,104,8,2,88,48,75,37" hai3="9,54,115,49,32,122,26,25,0,90,15,83,97"/><V21/><F104/><W71/><G71/><T84/><D35/><U56/><E70/><V99/><F131/><W69/><G69/><T132/><D3/><U22/><E114/><V125/><F48/><W120/><G115/><T19/><D108/><U123/><E33/><V95/><F2/><W82/><G0/><T62/><D129/><U1/><E123/><V101/><F8/><W109/><G109/><T4/><D118/><U55/><E22/><V105/><F21/><W40/><G122/><T110/><D110/><U86/><E133/><N who="0" m="51273" /><D4/><U59/><E47/><V31/><F31/><W16/><G120/><T80/><D98/><U119/><E86/><N who="2" m="52503" /><F37/><W85/><G40/><N who="0" m="22791" /><D73/><U30/><E30/><V51/><F51/><W121/><G121/><T58/><D19/><U45/><E45/><V28/><F28/><W57/><G97/><T38/><D38/><U18/><E18/><V65/><F65/><AGARI ba="0,0" hai="58,62,65,74,78,80,84,87" m="22791,51273" machi="65" ten="30,1000,0" yaku="20,1" doraHai="27" who="0" fromWho="2" sc="608,10,165,0,160,-10,67,0" /><INIT seed="7,0,0,5,0,41" ten="618,165,150,67" oya="3" hai0="12,18,35,39,132,16,96,74,77,89,94,128,7" hai1="111,124,82,61,72,81,70,100,110,1,19,22,20" hai2="65,78,8,13,126,62,114,121,125,105,23,28,83" hai3="55,31,91,135,45,5,67,30,117,88,102,40,109"/><W87/><G117/><T103/><D35/><U11/><E100/><V58/><F105/><W3/><G135/><T53/><D132/><U14/><E124/><N who="2" m="47723" /><F114/><W75/><G75/><T113/><D113/><U33/><E33/><V107/><F107/><W2/><G109/><T71/><D71/><U79/><E1/><V66/><F121/><W98/><G67/><T120/><D120/><U54/><E82/><V26/><F66/><W6/><G55/><T57/><D39/><U130/><E130/><V106/><F106/><W123/><G123/><T0/><D128/><U17/><E11/><V60/><F60/><W134/><G134/><T59/><D59/><U25/><E70/><V99/><F99/><W133/><G133/><T51/><D0/><U112/><E112/><V101/><F101/><W49/><G3/><T42/><D42/><U27/><E14/><V50/><F13/><W93/><G91/><T47/><D77/><U9/><E9/><V95/><F8/><W68/><G68/><T29/><D74/><U127/><E127/><V48/><F95/><N who="3" m="58719" /><G2/><T56/><D29/><AGARI ba="0,0" hai="5,6,29,30,31,40,45,49,87,88,93" m="58719" machi="29" ten="30,5800,0" yaku="8,1,52,1,54,1" doraHai="41" who="3" fromWho="0" sc="618,-58,165,0,150,0,67,58" /><INIT seed="7,1,0,3,2,52" ten="560,165,150,125" oya="3" hai0="35,112,67,1,47,20,30,92,81,71,83,54,39" hai1="135,77,114,88,45,21,101,126,51,16,65,80,64" hai2="97,42,34,28,89,58,86,74,26,107,100,122,25" hai3="124,110,8,59,133,84,85,40,24,105,55,50,5"/><W36/><G133/><T15/><D1/><U75/><E135/><V10/><F122/><W123/><G123/><T57/><D35/><U19/><E114/><V62/><F74/><W72/><G72/><T111/><D111/><U4/><E126/><V128/><F128/><W108/><G124/><T104/><D112/><U11/><E101/><V113/><F113/><W37/><G105/><T6/><D104/><U61/><E88/><V102/><F42/><W117/><G117/><T56/><D71/><U98/><E98/><V3/><F102/><W125/><G125/><T13/><D39/><U7/><E7/><V109/><F109/><N who="3" m="42091" /><G24/><N who="0" m="16647" /><D92/><U115/><E115/><V18/><F25/><W116/><G116/><T131/><D131/><U79/><E75/><V17/><F10/><W121/><G121/><T87/><D67/><U41/><E64/><V29/><F29/><W68/><G68/><T94/><D94/><U44/><E65/><V130/><F3/><N who="3" m="63" /><G36/><T48/><D81/><U134/><E80/><V66/><F130/><W76/><G76/><N who="0" m="46567" /><D6/><U27/><E4/><V38/><F38/><W60/><G37/><T93/><D93/><AGARI ba="1,0" hai="17,18,26,28,34,58,62,66,86,89,93,97,100,107" machi="93" ten="30,2000,0" yaku="7,1,52,1" doraHai="52" who="2" fromWho="0" sc="560,-23,165,0,150,23,125,0" owari="537,63.0,165,-23.0,173,-3.0,125,-37.0" /></mjloggm>