<mjloggm ver="2.3"><GO type="169" lobby="0"/><UN n0="%E5%B0%B1%E6%B4%BB%E7%94%9F%40%E5%B7%9D%E6%9D%91%E8%BB%8D%E5%9B%A3" n1="%E3%81%BF%E3%81%8D%E3%81%BF%E3%81%8D%E2%99%AA" n2="%70%6F%6E%2D%65%6E" n3="%54%2E%54%2E%38" dan="17,17,17,16" rate="2143.34,2115.21,2174.58,2076.93" sx="M,M,M,M"/><TAIKYOKU oya="0"/><INIT seed="0,0,0,0,0,115" ten="250,250,250,250" oya="0" hai0="33,88,118,35,21,112,14,59,56,104,133,30,92" hai1="75,58,42,53,65,47,27,29,95,19,11,50,23" hai2="113,60,28,132,52,49,4,85,6,89,120,111,81" hai3="17,128,79,64,22,68,105,74,122,96,61,131,57"/><T13/><D104/><U62/><E75/><V69/><F120/><W24/><G122/><T43/><D112/><U40/><E95/><V54/><F113/><W44/><G44/><T46/><D133/><U78/><E78/><V124/><F132/><W7/><G7/><T70/><D70/><U66/><E66/><V26/><F111/><W39/><G39/><T2/><D2/><U34/><REACH who="1" step="1"/><E11/><REACH who="1" ten="250,240,250,250" step="2"/><V37/><F124/><W127/><G79/><T123/><D123/><U82/><E82/><V15/><F81/><W102/><G74/><T3/><D118/><U106/><E106/><V51/><F89/><W36/><G127/><T20/><D35/><U87/><E87/><V107/><F85/><W63/><REACH who="3" step="1"/><G36/><REACH who="3" ten="250,240,250,240" step="2"/><T135/><D135/><U41/><E41/><V91/><F37/><W103/><G103/><T130/><D43/><U8/><E8/><V16/><F91/><W90/><G90/><T76/><D88/><U108/><E108/><V98/><F98/><W10/><G10/><T99/><D76/><U125/><E125/><V114/><F114/><W121/><G121/><T31/><D99/><U93/><E93/><V86/><F107/><W72/><G72/><T38/><D92/><U5/><E5/><V116/><F86/><W83/><G83/><T84/><D38/><U55/><E55/><AGARI ba="0,2" hai="17,22,24,55,57,61,63,64,68,96,102,105,128,131" machi="55" ten="40,1300,0" yaku="1,1,53,0" doraHai="115" doraHaiUra="134" who="3" fromWho="1" sc="250,0,240,-13,250,0,240,33" /><INIT seed="1,0,0,2,5,40" ten="250,227,250,273" oya="1" hai0="15,105,41,29,87,125,21,14,46,10,37,65,5" hai1="72,96,122,133,91,22,93,35,83,88,120,61,90" hai2="100,64,54,44,17,109,77,106,12,20,27,71,121" hai3="99,135,24,130,13,16,102,25,134,34,81,53,95"/><U110/><E35/><V19/><F109/><W52/><G130/><T118/><D105/><U98/><E61/><V127/><F127/><W2/><G2/><T36/><D125/><U97/><E22/><V116/><F116/><W129/><G129/><T73/><D118/><U70/><E70/><V48/><F121/><N who="1" m="46697" /><E133/><N who="3" m="50698" /><G81/><T69/><D73/><U117/><E117/><V115/><F115/><W66/><G66/><T6/><D37/><U39/><E39/><V126/><F126/><W92/><G92/><T45/><D36/><U80/><E110/><V132/><F132/><W51/><G34/><T67/><D41/><U59/><E59/><V3/><F3/><W58/><G53/><T60/><D67/><U74/><E93/><V85/><F71/><W75/><G75/><AGARI ba="0,0" hai="72,74,75,80,83,88,90,91,96,97,98" m="46697" machi="75" ten="40,12000,1" yaku="28,2,34,2,54,1" doraHai="40" who="1" fromWho="3" sc="250,0,227,120,250,0,273,-120" /><INIT seed="1,1,0,1,1,14" ten="250,347,250,153" oya="1" hai0="41,47,20,99,49,80,44,122,77,0,18,13,118" hai1="67,126,46,112,70,3,93,48,9,52,98,94,97" hai2="69,86,27,100,90,91,119,54,40,62,38,88,133" hai3="131,124,6,10,35,25,66,45,109,19,113,64,53"/><U115/><E126/><V2/><F2/><W105/><G124/><T92/><D118/><U7/><E70/><V65/><F119/><W30/><G105/><T50/><D122/><U34/><E34/><V17/><F133/><W114/><G113/><T106/><D0/><U72/><E72/><V57/><F100/><W132/><G114/><T134/><D106/><U130/><E130/><V12/><F27/><W8/><G131/><T127/><D127/><U68/><E68/><V32/><F32/><W108/><G132/><T78/><D80/><U51/><E67/><N who="3" m="25642" /><G45/><T42/><D134/><U33/><E33/><V102/><F102/><AGARI ba="1,0" hai="13,18,20,41,42,44,47,49,50,77,78,92,99,102" machi="102" ten="30,7700,0" yaku="7,1,9,1,8,1,52,1" doraHai="14" who="0" fromWho="2" sc="250,80,347,0,250,-80,153,0" /><INIT seed="2,0,0,2,0,117" ten="330,347,170,153" oya="2" hai0="135,24,25,44,132,122,42,79,70,51,113,28,97" hai1="3,6,121,87,4,83,118,129,115,38,23,102,30" hai2="27,13,124,43,76,110,16,88,111,104,37,125,98" hai3="40,35,60,89,11,7,80,94,50,61,107,105,131"/><V10/><F76/><W8/><G35/><T36/><D113/><U18/><E118/><V77/><F77/><W103/><G131/><T58/><D70/><U53/><E115/><V64/><F64/><W12/><G80/><T52/><D79/><U91/><E38/><V126/><F43/><W41/><G107/><T14/><D122/><U116/><E116/><V134/><F37/><W123/><G123/><T32/><D25/><U127/><E127/><V119/><F119/><W39/><G39/><T47/><D14/><U31/><E129/><V96/><F134/><W75/><G75/><T1/><D1/><U48/><E102/><N who="2" m="62535" /><F27/><W85/><G103/><T19/><D19/><U101/><E121/><V92/><AGARI ba="0,0" hai="10,13,16,88,92,98,110,111,124,125,126" m="62535" machi="92" ten="40,7800,0" yaku="18,1,54,2" doraHai="117" who="2" fromWho="2" sc="330,-26,347,-26,170,78,153,-26" /><INIT seed="2,1,0,5,0,94" ten="304,321,248,127" oya="2" hai0="34,64,60,28,20,29,13,27,25,3,26,62,51" hai1="61,135,47,109,40,33,111,114,0,108,8,67,12" hai2="103,66,16,76,55,82,35,123,98,99,125,129,10" hai3="115,102,84,70,23,101,11,104,43,4,68,19,52"/><V121/><F35/><W59/><G115/><T5/><D51/><U117/><E114/><V116/><F66/><W21/><G43/><T119/><D119/><U81/><E117/><V113/><F116/><W95/><G84/><T38/><D38/><U54/><E135/><V86/><F113/><W118/><G104/><T132/><D62/><U65/><E33/><V45/><F125/><W39/><G39/><T90/><D90/><U134/><E134/><V46/><F129/><W133/><G118/><T88/><D88/><U6/><E81/><V37/><F46/><W2/><G133/><T69/><D132/><U44/><E54/><V7/><F16/><W50/><G23/><T85/><D85/><U93/><E93/><V30/><F30/><W126/><G126/><T41/><D41/><U112/><E112/><V58/><F103/><W92/><G92/><T49/><D49/><N who="1" m="26759" /><E47/><V24/><F123/><W80/><G80/><T130/><D130/><U22/><E61/><V124/><F124/><W72/><G72/><T131/><D131/><U57/><E57/><V91/><F76/><W110/><G110/><T128/><D128/><U9/><E22/><V56/><F121/><W32/><G32/><T73/><D73/><U63/><E63/><V120/><F120/><W106/><G106/><T18/><D29/><U87/><E87/><V74/><F74/><W14/><REACH who="3" step="1"/><G95/><REACH who="3" ten="304,321,248,117" step="2"/><T42/><D42/><U83/><E83/><N who="2" m="49631" /><F37/><W122/><G122/><T100/><D34/><U89/><E111/><V15/><F82/><W71/><AGARI ba="1,1" hai="2,4,11,14,19,21,50,52,59,68,70,71,101,102" machi="71" ten="30,7900,0" yaku="1,1,0,1,54,1,53,1" doraHai="94" doraHaiUra="48" who="3" fromWho="3" sc="304,-21,321,-21,248,-40,117,92" /><INIT seed="3,0,0,0,3,49" ten="283,300,208,209" oya="3" hai0="124,130,17,44,109,73,9,4,3,32,43,92,100" hai1="7,87,79,6,82,23,68,123,11,26,12,31,127" hai2="13,107,25,120,128,8,55,106,35,80,98,14,16" hai3="102,84,118,114,46,58,93,29,108,83,63,33,39"/><W81/><G118/><T95/><D109/><U94/><E123/><V50/><F120/><W113/><G108/><T60/><D124/><U22/><E127/><V48/><F128/><W131/><G131/><T15/><D130/><U116/><E116/><V72/><F98/><W88/><G81/><T78/><D32/><U125/><E125/><V67/><F67/><W27/><G46/><T56/><D100/><U75/><E68/><V61/><F61/><W18/><G39/><T1/><D1/><U70/><E70/><V86/><F50/><W126/><G126/><T89/><D78/><U91/><REACH who="1" step="1"/><E7/><REACH who="1" ten="283,290,208,209" step="2"/><V97/><F107/><W122/><G122/><T104/><D104/><U5/><E5/><V85/><F106/><W19/><G114/><T121/><D121/><U28/><E28/><V40/><F35/><AGARI ba="0,1" hai="6,11,12,22,23,26,31,35,75,79,82,87,91,94" machi="35" ten="30,2000,0" yaku="1,1,7,1,53,0" doraHai="49" doraHaiUra="41" who="1" fromWho="2" sc="283,0,290,30,208,-20,209,0" /><INIT seed="4,0,0,3,1,63" ten="283,320,188,209" oya="0" hai0="96,83,15,122,91,132,72,33,52,2,57,9,108" hai1="128,44,93,129,99,103,26,42,113,65,66,8,60" hai2="67,82,112,55,97,24,124,3,61,29,47,85,1" hai3="94,39,34,32,86,20,90,80,51,125,4,64,87"/><T5/><D122/><U84/><E113/><V46/><F112/><W53/><G39/><T111/><D33/><U89/><E60/><V101/><F124/><W107/><G125/><T117/><D117/><U79/><E26/><V110/><F110/><N who="0" m="42026" /><D132/><U68/><E68/><V10/><F55/><W76/><G107/><T116/><D116/><U27/><E27/><V106/><F47/><W98/><G4/><T78/><D96/><U134/><E8/><V54/><F54/><W21/><G34/><T74/><D91/><U40/><E79/><V7/><F46/><W58/><G32/><T69/><D69/><U100/><E134/><V23/><F3/><W49/><G49/><N who="0" m="30863" /><D72/><U45/><E100/><V131/><F131/><N who="1" m="50249" /><E45/><V123/><F123/><W135/><G135/><T56/><D56/><U48/><E42/><V30/><F30/><W28/><G28/><T114/><D114/><U50/><E50/><V105/><F105/><AGARI ba="0,0" hai="40,44,48,65,66,84,89,93,99,103,105" m="50249" machi="105" ten="30,3900,0" yaku="19,1,52,2" doraHai="63" who="1" fromWho="2" sc="283,0,320,39,188,-39,209,0" /><INIT seed="5,0,0,4,3,91" ten="283,359,149,209" oya="1" hai0="133,79,48,72,105,12,110,102,93,14,18,53,11" hai1="45,92,47,44,129,88,80,120,106,128,29,85,27" hai2="31,36,34,51,127,97,9,23,59,5,37,118,22" hai3="70,81,46,121,2,54,104,73,35,111,33,89,67"/><U57/><E120/><V39/><F118/><W75/><G89/><T90/><D110/><U78/><E57/><V77/><F127/><W17/><G54/><T4/><D133/><U69/><E69/><V61/><F77/><W8/><G17/><T20/><D72/><U56/><E56/><V66/><F51/><W95/><G95/><T13/><D79/><U130/><E106/><V42/><F42/><W115/><G81/><T119/><D105/><U76/><E80/><V25/><REACH who="2" step="1"/><F97/><REACH who="2" ten="283,359,139,209" step="2"/><W113/><G121/><T125/><D119/><U10/><E10/><V50/><F50/><W134/><G8/><T16/><D125/><U0/><E0/><AGARI ba="0,1" hai="0,5,9,22,23,25,31,34,36,37,39,59,61,66" machi="0" ten="40,2600,0" yaku="1,1,53,1" doraHai="91" doraHaiUra="7" who="2" fromWho="1" sc="283,0,359,-26,139,36,209,0" /><INIT seed="6,0,0,3,4,70" ten="283,333,175,209" oya="2" hai0="20,35,60,127,41,97,85,54,32,75,52,107,99" hai1="17,78,50,105,126,53,116,109,106,1,42,15,9" hai2="133,135,22,132,48,59,128,18,3,73,49,88,14" hai3="40,51,118,0,23,83,91,64,84,66,26,57,72"/><V74/><F3/><W79/><G118/><T80/><D75/><N who="2" m="28682" /><F128/><W6/><G6/><T100/><D127/><U110/><E126/><V10/><F59/><W46/><G0/><T12/><D41/><U98/><E78/><V5/><F88/><W56/><G72/><T111/><D111/><U129/><E42/><V102/><F102/><W131/><G79/><T44/><D99/><U2/><E129/><V37/><F37/><W4/><G4/><T38/><D38/><U95/><E2/><V34/><F34/><W94/><G131/><T115/><D115/><U124/><E1/><V117/><F117/><W87/><G66/><T58/><D54/><U96/><E124/><V77/><F77/><N who="3" m="46191" /><G64/><T122/><D44/><U61/><E116/><V31/><F31/><AGARI ba="0,0" hai="23,26,31,40,46,51,56,57,87,91,94" m="46191" machi="31" ten="30,1000,0" yaku="8,1" doraHai="70" who="3" fromWho="2" sc="283,0,333,0,175,-10,209,10" /><INIT seed="7,0,0,0,5,32" ten="283,333,165,219" oya="3" hai0="91,92,1,87,113,6,48,134,5,117,22,102,43" hai1="71,131,24,94,73,115,132,123,121,133,122,109,57" hai2="106,64,55,10,108,70,100,21,16,112,129,125,96" hai3="15,79,63,93,89,34,110,66,85,84,37,74,65"/><W97/><G34/><T127/><D1/><U104/><E104/><V19/><F108/><W124/><G110/><T2/><D2/><U18/><E115/><V23/><F112/><W45/><G37/><T76/><D117/><U81/><E71/><V56/><F129/><W111/><G124/><T103/><D134/><U90/><E109/><V128/><F125/><W47/><G111/><T67/><D67/><N who="3" m="25609" /><G74/><T78/><D22/><N who="1" m="13399" /><E131/><V49/><F128/><W98/><G63/><T39/><D39/><U25/><E25/><V3/><F23/><W17/><G79/><N who="0" m="30251" /><D127/><U99/><E57/><V62/><REACH who="2" step="1"/><F21/><REACH who="2" ten="283,333,155,219" step="2"/><N who="3" m="11455" /><G98/><T86/><D113/><U28/><E99/><V114/><F114/><W95/><G84/><T126/><D126/><U59/><E73/><V13/><F13/><W69/><G69/><T29/><D87/><U118/><E121/><V35/><F35/><W7/><G7/><AGARI ba="0,1" hai="3,7,10,16,19,49,55,56,62,64,70,96,100,106" machi="7" ten="40,5200,0" yaku="1,1,52,1,54,1,53,0" doraHai="32" doraHaiUra="36" who="2" fromWho="3" sc="283,0,333,0,155,62,219,-52" owari="283,8.0,333,43.0,217,-18.0,167,-33.0" /></mjloggm>