<mjloggm ver="2.3"><GO type="225" lobby="0"/><UN n0="%E3%82%A6%E3%83%AB%E3%83%88%E3%83%A9%E7%AB%8B%E7%9B%B4" n1="%E8%92%BC%E8%A1%A3%E9%88%B4" n2="%E4%B8%8A%E5%AE%B6%E3%81%AF%E6%80%AA%E3%81%97%E3%81%84%EF%BC%81%EF%BC%81" n3="%E7%AB%B6%E9%A6%AC%E7%A0%94%E7%A9%B6%E6%89%80" dan="17,16,17,16" rate="2128.15,2163.09,2132.24,2167.67" sx="M,F,M,M"/><TAIKYOKU oya="0"/><INIT seed="0,0,0,3,1,97" ten="250,250,250,250" oya="0" hai0="71,36,1,89,56,94,76,114,28,29,20,13,127" hai1="24,93,135,39,17,92,126,9,88,11,91,26,96" hai2="37,128,7,18,108,107,14,51,117,103,49,82,120" hai3="101,84,124,95,22,81,105,32,85,21,67,64,35"/><T123/><D71/><U129/><E39/><V3/><F120/><W109/><G105/><T38/><D1/><U50/><E126/><V132/><F37/><W66/><G124/><T70/><D70/><U125/><E129/><V45/><F128/><W31/><G109/><T23/><D123/><U72/><E72/><V63/><F108/><W100/><G31/><N who="0" m="11851" /><D127/><U83/><E135/><V53/><F132/><W43/><G43/><T55/><D114/><U54/><E125/><V77/><F117/><W0/><G0/><T58/><D76/><U10/><E83/><V52/><F63/><W130/><G130/><T115/><D115/><U40/><E40/><V5/><F3/><W102/><G95/><T15/><D38/><U116/><E17/><V4/><F82/><W27/><G27/><T106/><D106/><U99/><E116/><V62/><F62/><W19/><G19/><T111/><D111/><U48/><E48/><V80/><F80/><W2/><G2/><T65/><D36/><U75/><E75/><V61/><F77/><W98/><G98/><N who="0" m="57679" /><D65/><U118/><E118/><V60/><F107/><W86/><G81/><T112/><D112/><U42/><E42/><V6/><N who="2" m="1024" /><DORA hai="68" /><V16/><F18/><W113/><G113/><T46/><D46/><AGARI ba="0,0" hai="9,10,11,24,26,46,50,54,88,91,92,93,96,99" machi="46" ten="40,5200,0" yaku="9,1,8,1,54,1" doraHai="97,68" who="1" fromWho="0" sc="250,-52,250,52,250,0,250,0" /><INIT seed="1,0,0,0,4,41" ten="198,302,250,250" oya="1" hai0="49,103,132,34,31,46,106,16,98,8,101,45,122" hai1="58,0,51,59,67,21,100,17,25,86,28,38,121" hai2="1,92,119,50,81,135,15,64,105,52,32,90,96" hai3="111,42,47,126,22,118,127,109,124,29,76,74,89"/><U57/><E121/><V44/><F119/><W87/><G118/><T108/><D122/><U55/><E0/><V13/><F1/><W73/><G29/><T113/><D113/><U114/><E114/><V24/><F105/><W66/><G66/><T88/><D132/><U83/><E38/><V102/><F135/><W99/><G22/><T14/><D108/><N who="3" m="41545" /><G99/><T53/><D101/><U94/><E67/><V77/><F102/><W40/><G40/><T130/><D130/><U2/><E2/><V9/><F64/><W56/><G56/><T18/><D88/><N who="1" m="51295" /><E28/><V125/><F125/><W23/><G23/><T116/><D116/><U63/><E63/><V48/><F32/><W20/><G20/><T84/><D84/><U36/><E36/><V82/><F24/><W6/><G6/><T91/><D91/><U104/><E104/><V134/><F134/><W35/><G35/><T78/><D78/><U60/><E60/><V37/><F37/><N who="3" m="21967" /><G76/><T7/><REACH who="0" step="1"/><D46/><REACH who="0" ten="188,302,250,250" step="2"/><N who="1" m="28151" /><E100/><V68/><F77/><W128/><G128/><T80/><D80/><AGARI ba="0,1" hai="73,74,80,87,89,124,126,127" m="21967,41545" machi="80" ten="40,5200,0" yaku="18,1,14,1,52,1" doraHai="41" who="3" fromWho="0" sc="188,-52,302,0,250,0,250,62" /><INIT seed="2,0,0,2,5,5" ten="136,302,250,312" oya="2" hai0="69,127,61,109,53,83,58,3,104,57,71,0,90" hai1="30,12,102,28,72,112,76,45,21,87,98,11,106" hai2="80,65,79,48,129,128,34,67,86,8,26,121,33" hai3="23,119,97,96,100,38,105,60,122,88,125,63,118"/><V6/><F121/><W82/><G38/><T123/><D123/><U99/><E112/><V52/><F65/><W131/><G122/><T95/><D104/><U50/><E72/><V62/><F62/><W13/><G131/><N who="2" m="50249" /><F67/><W44/><G44/><T92/><D127/><U114/><E98/><V75/><F75/><W36/><G36/><T78/><D109/><U115/><E21/><V135/><F135/><W29/><G125/><T113/><D113/><U18/><E114/><V85/><F85/><W103/><G60/><T39/><D39/><U37/><E37/><V41/><F41/><W59/><G82/><T134/><D134/><U22/><E115/><V9/><F6/><W55/><G88/><T54/><D90/><U56/><E56/><N who="2" m="32775" /><F26/><W16/><G29/><T133/><D133/><U94/><E106/><AGARI ba="0,0" hai="13,16,23,55,59,63,96,97,100,103,105,106,118,119" machi="106" ten="30,3900,0" yaku="7,1,9,1,54,1" doraHai="5" who="3" fromWho="1" sc="136,0,302,-39,250,0,312,39" /><INIT seed="3,0,0,1,3,100" ten="136,263,250,351" oya="3" hai0="18,60,113,131,22,82,15,19,2,16,1,127,109" hai1="50,121,108,116,20,117,51,39,40,65,43,28,42" hai2="93,13,30,57,66,6,48,83,97,91,134,5,126" hai3="124,89,70,76,122,94,23,35,86,25,14,101,24"/><W95/><G70/><T78/><D109/><U105/><E121/><V112/><F112/><W103/><G122/><T96/><D113/><U80/><E39/><V62/><F126/><W54/><G35/><T26/><D127/><U129/><E108/><V27/><F134/><W41/><G41/><T132/><D132/><U37/><E37/><V119/><F119/><N who="1" m="45641" /><E80/><V61/><F48/><N who="1" m="18473" /><E105/><V53/><F83/><W33/><G33/><T4/><D131/><U0/><E0/><V74/><F74/><W106/><G106/><T98/><D2/><U128/><E65/><V38/><F38/><W71/><G76/><T99/><D1/><U115/><E115/><V104/><F104/><W45/><G95/><T114/><D114/><U55/><E55/><V133/><F133/><W36/><G54/><T81/><D81/><U79/><E79/><V69/><REACH who="2" step="1"/><F13/><REACH who="2" ten="136,263,240,351" step="2"/><W3/><G14/><T56/><D4/><U7/><E7/><V31/><F31/><W12/><G12/><T135/><D135/><U125/><E125/><V9/><F9/><W77/><G3/><T59/><D15/><U44/><E44/><V75/><F75/><W120/><G45/><T123/><D123/><U52/><E52/><V11/><F11/><W10/><G36/><T67/><REACH who="0" step="1"/><D59/><REACH who="0" ten="126,263,240,351" step="2"/><U63/><E128/><V92/><F92/><W90/><G94/><T102/><D102/><U107/><E129/><V118/><F118/><W72/><G103/><T21/><D21/><AGARI ba="0,2" hai="5,6,21,27,30,53,57,61,62,66,69,91,93,97" machi="21" ten="30,3900,0" yaku="1,1,7,1,53,1" doraHai="100" doraHaiUra="84" who="2" fromWho="0" sc="126,-39,263,0,240,59,351,0" owari="87,-41.0,263,-14.0,299,10.0,351,45.0" /></mjloggm>