<mjloggm ver="2.3"><GO type="97" lobby="0"/><UN n0="%E3%83%88%E3%83%88%E3%83%AA%E5%85%88%E7%94%9F%31%39%E6%AD%B3" n1="%E3%83%AD%E3%83%AA%E3%83%BC%E3%82%BF%E3%81%AA%E7%84%BC%E8%82%89" n2="%E9%8C%AF%E4%B9%B1%E3%82%AB%E3%83%AB%E3%83%94%E3%82%B9" n3="%E3%82%B7%E3%83%A5%E3%83%9A%E3%83%BC%E3%82%A2" dan="14,15,18,13" rate="2026.02,2029.60,2252.60,1825.46" sx="F,M,F,F"/><TAIKYOKU oya="0"/><INIT seed="0,0,0,5,0,38" ten="250,250,250,250" oya="0" hai0="55,65,88,29,8,68,73,51,96,80,9,104,57" hai1="97,90,114,17,118,15,77,35,98,84,13,78,124" hai2="120,79,22,25,129,64,54,94,121,32,85,49,43" hai3="58,99,108,52,100,83,0,109,101,42,87,36,126"/><T48/><D104/><U21/><E35/><V18/><F129/><W106/><G0/><T28/><D68/><U44/><E118/><V113/><F113/><W60/><G126/><T103/><D65/><U123/><E123/><V72/><F72/><W70/><G70/><T30/><D73/><U6/><E124/><V130/><F130/><W135/><G135/><T59/><D103/><U115/><E44/><N who="2" m="25759" /><F32/><W11/><G11/><N who="0" m="4171" /><D80/><N who="1" m="49415" /><E6/><V122/><F64/><W34/><G34/><T133/><D133/><U33/><E33/><V76/><F122/><W67/><G67/><T105/><D105/><U53/><E15/><V89/><F121/><W7/><G7/><T86/><D86/><U45/><E115/><V41/><F54/><W93/><G101/><T14/><D14/><U74/><E114/><V134/><F134/><W66/><G66/><T69/><D69/><U107/><E74/><V91/><F91/><W110/><G106/><T50/><D55/><U4/><E107/><V23/><F23/><W1/><G1/><T112/><D112/><U56/><E4/><V71/><F71/><W31/><G31/><T128/><D128/><U125/><E125/><V39/><F120/><W16/><G16/><T47/><D47/><U82/><E45/><V95/><F95/><AGARI ba="0,0" hai="28,29,30,48,50,51,57,59,88,95,96" m="4171" machi="95" ten="40,3900,0" yaku="8,1,54,1" doraHai="38" who="0" fromWho="2" sc="250,39,250,0,250,-39,250,0" /><INIT seed="0,1,0,1,5,65" ten="289,250,211,250" oya="0" hai0="27,78,97,59,16,98,85,88,33,133,126,73,29" hai1="93,90,74,23,55,50,110,105,64,130,10,131,5" hai2="86,47,116,22,122,89,30,128,124,121,28,106,54" hai3="41,113,3,68,11,35,67,80,125,20,82,6,45"/><T42/><D133/><U123/><E74/><V63/><F106/><W17/><G113/><T58/><D126/><U79/><E123/><V37/><F124/><W99/><G125/><T26/><D42/><U7/><E105/><V120/><F128/><N who="1" m="49193" /><E110/><V83/><F116/><W25/><G99/><N who="0" m="37899" /><D33/><U132/><E132/><V18/><F37/><W91/><G91/><T101/><D73/><U53/><E79/><V71/><F47/><W32/><G32/><T115/><D115/><U51/><E64/><V103/><F103/><W57/><G35/><T104/><D104/><U43/><E23/><V94/><F83/><W39/><REACH who="3" step="1"/><G57/><REACH who="3" ten="289,250,211,240" step="2"/><T19/><D101/><U49/><E90/><V129/><F129/><W38/><G38/><T107/><D78/><U9/><E93/><V118/><F118/><W61/><AGARI ba="1,1" hai="3,6,11,17,20,25,39,41,45,61,67,68,80,82" machi="61" ten="30,4000,0" yaku="1,1,0,1,52,1,53,0" doraHai="65" doraHaiUra="119" who="3" fromWho="3" sc="289,-21,250,-11,211,-11,240,53" /><INIT seed="1,0,0,4,1,128" ten="268,239,200,293" oya="1" hai0="107,88,135,125,68,20,84,43,53,60,115,47,42" hai1="46,30,120,57,130,50,51,98,9,127,36,17,73" hai2="121,126,124,133,75,15,91,45,134,14,70,105,62" hai3="102,112,106,71,56,78,35,48,118,83,74,26,66"/><U64/><E73/><V77/><F121/><W32/><G118/><T34/><D34/><U54/><E120/><V10/><F105/><W95/><G112/><T0/><D115/><U113/><E130/><V109/><F109/><W61/><G95/><T119/><D119/><U132/><E113/><V21/><F21/><W59/><G26/><T18/><D0/><U3/><E36/><V44/><F91/><W94/><G106/><T55/><D125/><N who="2" m="48234" /><F77/><W37/><G37/><T2/><D2/><U90/><E127/><V1/><F1/><W97/><REACH who="3" step="1"/><G59/><REACH who="3" ten="268,239,200,283" step="2"/><T7/><D107/><U29/><E57/><V116/><F116/><W6/><G6/><T96/><D7/><U40/><E29/><V82/><F14/><W79/><G79/><T27/><D27/><U52/><E30/><V23/><F23/><W110/><G110/><T92/><D20/><U69/><E3/><V131/><F131/><W123/><G123/><T81/><D92/><U31/><E31/><V16/><F82/><W5/><G5/><T12/><D81/><U25/><E25/><V24/><F24/><W19/><G19/><T99/><D18/><U65/><E17/><V63/><F75/><W117/><G117/><T76/><D76/><U4/><E4/><V72/><F72/><W103/><G103/><T8/><D12/><U122/><E122/><V11/><F11/><W58/><G58/><T129/><D8/><U100/><E9/><V39/><F39/><W67/><G67/><T86/><D129/><U49/><E65/><N who="2" m="41271" /><F63/><W80/><G80/><T114/><D114/><U28/><E100/><RYUUKYOKU ba="0,1" sc="268,-15,239,-15,200,15,283,15" hai2="10,15,16,44,45,133,134" hai3="32,35,48,56,61,66,71,74,78,83,94,97,102" /><INIT seed="2,1,1,0,0,2" ten="253,224,215,298" oya="2" hai0="89,62,119,16,1,6,81,84,95,104,59,17,122" hai1="97,23,124,107,53,15,109,83,134,47,118,88,79" hai2="49,9,40,30,54,66,69,92,28,13,121,31,106" hai3="39,113,36,38,57,131,73,87,102,7,93,43,14"/><V71/><F106/><W21/><G73/><T0/><D122/><U68/><E118/><V108/><F121/><W85/><G131/><T44/><D104/><U19/><E68/><V10/><F69/><W26/><G113/><T24/><D119/><U77/><E109/><V116/><F116/><W96/><G43/><T114/><D114/><U46/><E134/><V37/><F108/><W4/><G57/><T5/><D1/><U52/><E124/><V94/><F37/><W65/><G65/><N who="0" m="39135" /><D0/><U58/><E107/><V63/><F40/><W60/><G60/><T35/><D35/><U133/><E133/><V123/><F10/><W105/><G105/><T117/><D117/><U86/><E53/><V75/><F75/><W91/><G14/><T76/><D44/><N who="1" m="16939" /><E97/><V34/><F34/><W101/><G87/><N who="0" m="52671" /><D24/><U61/><AGARI ba="1,1" hai="15,19,23,52,58,61,77,79,83,86,88" m="16939" machi="61" ten="30,4000,0" yaku="8,1,54,2" doraHai="2" who="1" fromWho="1" sc="253,-11,224,53,215,-21,298,-11" /><INIT seed="3,0,0,1,2,28" ten="242,277,194,287" oya="3" hai0="33,107,93,66,65,37,7,117,71,77,41,53,82" hai1="92,115,5,20,114,68,129,132,42,39,113,118,12" hai2="54,8,133,131,105,30,44,124,27,21,87,73,127" hai3="83,40,76,69,108,116,122,32,17,103,61,95,70"/><W4/><G122/><T81/><D117/><U6/><E68/><V11/><F73/><W62/><G116/><T112/><D107/><U0/><E118/><V23/><F105/><W74/><G32/><T102/><D33/><U15/><E92/><V31/><F131/><W104/><G104/><T78/><D112/><U96/><E96/><V16/><F133/><W106/><G106/><T45/><D71/><U47/><E47/><V24/><F87/><W120/><G120/><T123/><D123/><U90/><E90/><V49/><REACH who="2" step="1"/><F16/><REACH who="2" ten="242,277,184,287" step="2"/><W13/><G4/><T48/><D7/><U51/><E6/><V85/><F85/><W50/><G108/><T99/><D78/><U98/><E5/><V36/><F36/><W26/><G17/><T72/><D81/><U91/><E39/><V121/><F121/><W125/><G83/><T110/><D110/><U67/><E129/><V57/><F57/><AGARI ba="0,1" hai="37,41,45,48,53,57,65,66,72,77,82,93,99,102" machi="57" ten="30,1000,0" yaku="7,1" doraHai="28" who="0" fromWho="2" sc="242,20,277,0,184,-10,287,0" /><INIT seed="4,0,0,5,3,30" ten="262,277,174,287" oya="0" hai0="49,95,54,83,89,58,62,86,78,33,4,13,5" hai1="44,7,130,72,0,36,134,79,77,11,24,48,131" hai2="111,103,26,104,128,59,96,3,102,116,2,112,92" hai3="120,124,105,25,40,23,118,98,41,99,57,110,10"/><T81/><D33/><U38/><E134/><V126/><F111/><W90/><G118/><T85/><D13/><U121/><E121/><V67/><F116/><W123/><G110/><T71/><D71/><U70/><E70/><V63/><F112/><W69/><G69/><T17/><D17/><U84/><E72/><V15/><F126/><W68/><G68/><T21/><D21/><U122/><E122/><N who="3" m="46634" /><G124/><T27/><D27/><U18/><E18/><V109/><F128/><N who="1" m="49193" /><E24/><V106/><F109/><W115/><G115/><T97/><REACH who="0" step="1"/><D62/><REACH who="0" ten="252,277,174,287" step="2"/><U35/><E35/><V22/><F15/><W93/><G10/><T52/><D52/><N who="1" m="29703" /><E84/><V60/><F60/><W34/><G57/><T12/><D12/><U43/><E43/><V28/><REACH who="2" step="1"/><F106/><REACH who="2" ten="252,277,164,287" step="2"/><W64/><G105/><T61/><D61/><U129/><E129/><V113/><F113/><W53/><G64/><T117/><D117/><U66/><E66/><V76/><F76/><AGARI ba="0,2" hai="4,5,49,54,58,76,78,81,83,85,86,89,95,97" machi="76" ten="30,11600,0" yaku="1,1,7,1,9,1,8,1,53,0" doraHai="30" doraHaiUra="6" who="0" fromWho="2" sc="252,136,277,0,164,-116,287,0" /><AGARI ba="0,0" hai="0,7,11,36,38,76,77,79" m="29703,49193" machi="76" ten="30,2000,0" yaku="19,1,54,1" doraHai="30" who="1" fromWho="2" sc="388,0,277,20,48,-20,287,0" owari="388,48.0,297,10.0,28,-47.0,287,-11.0" /></mjloggm>