<mjloggm ver="2.3"><GO type="169" lobby="0"/><UN n0="%73%61%69%72%61%73%75" n1="%E6%A4%8D%E9%87%8E" n2="%E3%82%A6%E3%83%AB%E3%83%88%E3%83%A9%E7%AB%8B%E7%9B%B4" n3="%63%68%61%72%68%69%6D%65" dan="18,17,17,16" rate="2230.35,2141.24,2163.79,2144.18" sx="M,M,M,F"/><TAIKYOKU oya="0"/><INIT seed="0,0,0,2,3,4" ten="250,250,250,250" oya="0" hai0="132,34,113,68,27,58,55,12,124,80,20,78,88" hai1="108,134,36,74,135,16,64,107,106,117,53,103,60" hai2="70,131,91,26,11,46,54,127,37,99,21,22,83" hai3="7,81,56,40,100,111,130,85,123,128,1,102,50"/><T45/><D113/><U87/><E74/><V65/><F127/><W5/><G123/><T79/><D124/><U101/><E117/><V75/><F131/><N who="3" m="50219" /><G111/><T3/><D3/><U77/><E36/><V43/><F65/><W104/><G104/><T89/><D68/><N who="1" m="41991" /><E53/><V24/><F70/><W72/><G72/><T19/><D132/><N who="1" m="50731" /><E108/><V59/><F99/><W10/><G7/><T97/><D45/><U92/><E16/><V71/><F71/><W18/><G18/><T133/><D133/><U84/><E84/><V25/><F75/><W114/><G114/><T39/><D39/><U47/><E47/><V82/><F22/><W125/><G40/><T109/><D109/><U67/><E67/><V32/><F21/><W95/><G95/><N who="0" m="56551" /><D34/><U2/><E2/><V98/><F32/><W110/><G125/><T28/><D27/><U69/><E69/><V13/><F98/><W17/><G17/><T44/><D44/><U49/><E107/><V90/><F83/><W94/><G94/><T61/><D28/><U122/><E122/><V31/><F82/><W8/><G110/><T42/><D42/><U29/><E29/><V57/><F31/><W0/><G56/><T121/><D121/><U86/><E106/><V38/><F38/><W120/><G120/><T126/><D126/><U115/><E115/><V129/><F129/><W35/><G35/><T112/><D112/><U62/><E92/><V63/><F57/><W30/><G30/><T52/><D55/><U66/><E66/><V6/><AGARI ba="0,0" hai="6,11,13,24,25,26,37,43,46,54,59,63,90,91" machi="6" ten="30,2000,0" yaku="0,1,52,1" doraHai="4" who="2" fromWho="2" sc="250,-10,250,-5,250,20,250,-5" /><INIT seed="1,0,0,2,5,112" ten="240,245,270,245" oya="1" hai0="20,133,128,90,100,11,81,129,60,12,13,27,92" hai1="56,61,70,22,39,85,15,46,98,4,131,16,118" hai2="44,104,110,68,82,130,8,1,53,67,32,134,14" hai3="83,135,93,17,119,7,42,109,101,111,51,66,105"/><U106/><E118/><V23/><F32/><W78/><G135/><T18/><D133/><U102/><E70/><V21/><F1/><W5/><G66/><T114/><D114/><U116/><E116/><V37/><F104/><W121/><G121/><T65/><D81/><U77/><E131/><V79/><F134/><W125/><G119/><T91/><D12/><U19/><E4/><V124/><F130/><N who="0" m="50282" /><D92/><U31/><E31/><V123/><F123/><W55/><G105/><T73/><D73/><U113/><E113/><V69/><F124/><W115/><G125/><T3/><D100/><U59/><E61/><V96/><F110/><N who="3" m="41995" /><G17/><N who="0" m="12687" /><D3/><U41/><REACH who="1" step="1"/><E19/><REACH who="1" ten="240,235,270,245" step="2"/><V122/><F69/><AGARI ba="0,1" hai="11,13,18,60,65,69,90,91" m="12687,50282" machi="69" ten="30,1000,0" yaku="19,1" doraHai="112" who="0" fromWho="2" sc="240,20,235,0,270,-10,245,0" /><INIT seed="2,0,0,2,3,8" ten="260,235,260,245" oya="2" hai0="20,44,123,7,100,26,64,45,3,78,126,70,63" hai1="77,110,124,95,1,82,37,109,60,23,52,80,18" hai2="62,12,61,10,98,53,27,25,132,59,115,6,131" hai3="97,107,119,128,40,129,57,130,65,89,34,103,22"/><V92/><F131/><W16/><G119/><T99/><D123/><U36/><E1/><V9/><F132/><W47/><G34/><T32/><D126/><U81/><E77/><V41/><F115/><W39/><G89/><T105/><D78/><U5/><E5/><V86/><F41/><W17/><G22/><T108/><D108/><N who="1" m="41579" /><E95/><V112/><F112/><W2/><G2/><T68/><D68/><U56/><E124/><V88/><F62/><AGARI ba="0,0" hai="16,17,39,40,47,57,62,65,97,103,107,128,129,130" machi="62" ten="40,2600,0" yaku="19,1,54,1" doraHai="8" who="3" fromWho="2" sc="260,0,235,0,260,-26,245,26" /><INIT seed="3,0,0,4,2,25" ten="260,235,234,271" oya="3" hai0="111,71,55,45,64,123,30,35,94,126,76,129,87" hai1="96,92,133,99,39,116,103,57,128,23,108,69,47" hai2="5,88,48,93,67,32,73,74,72,13,78,8,85" hai3="54,26,24,134,41,43,117,86,16,91,115,75,114"/><W112/><G75/><T7/><D123/><U58/><E69/><V51/><F67/><W31/><G117/><T50/><D111/><U15/><E108/><V42/><F32/><W119/><G119/><T124/><D129/><U113/><E113/><V132/><F132/><W102/><G102/><T46/><D7/><U95/><E116/><V53/><F42/><W49/><G134/><T79/><D71/><U109/><E128/><V120/><F120/><W22/><G54/><T0/><D0/><U110/><E133/><V68/><F68/><W11/><G49/><N who="0" m="29103" /><D64/><U60/><E39/><V37/><F37/><W63/><G63/><T19/><D19/><N who="1" m="10751" /><E110/><V36/><F36/><W33/><REACH who="3" step="1"/><G11/><REACH who="3" ten="260,235,234,261" step="2"/><T1/><D50/><U17/><E103/><V9/><F9/><W121/><G121/><T44/><D126/><U14/><E109/><V61/><F61/><W97/><G97/><T122/><D124/><U38/><E60/><V89/><F51/><W3/><G3/><T90/><D1/><U70/><E38/><V34/><F48/><W59/><G59/><T104/><D122/><U28/><E70/><V66/><F53/><W62/><G62/><T131/><D131/><U105/><E99/><V27/><F66/><W106/><G106/><T2/><D2/><U82/><E105/><V12/><F73/><W107/><G107/><T21/><D104/><U52/><E96/><V125/><F74/><W135/><G135/><T127/><D127/><U84/><E84/><V10/><F125/><W29/><G29/><T118/><D87/><U101/><E28/><V130/><F85/><RYUUKYOKU ba="0,1" sc="260,-10,235,-10,234,-10,261,30" hai3="16,22,24,26,31,33,41,43,86,91,112,114,115" /><INIT seed="3,1,1,3,3,98" ten="250,225,224,291" oya="3" hai0="33,63,112,19,11,127,16,37,83,40,48,123,105" hai1="85,135,20,68,90,102,101,59,86,120,129,31,30" hai2="44,119,110,7,95,97,32,73,70,124,8,61,57" hai3="38,24,58,133,29,114,45,94,51,50,22,66,92"/><W113/><G133/><T49/><D123/><U56/><E68/><V12/><F73/><W60/><G38/><T130/><D33/><U107/><E120/><V47/><F70/><W125/><G125/><T17/><D127/><U78/><E107/><V13/><F32/><W34/><G34/><T99/><D130/><U82/><E129/><V55/><F119/><W39/><G39/><T64/><D11/><U67/><E135/><V115/><F115/><W21/><G21/><T69/><D112/><U89/><E78/><V35/><F35/><W0/><G0/><T111/><D111/><U109/><E109/><V23/><F110/><W79/><G79/><T65/><D83/><N who="1" m="49343" /><E67/><V128/><F128/><W91/><G94/><T42/><D65/><U25/><E31/><V41/><F41/><W6/><G6/><T126/><D42/><U46/><E46/><V81/><F81/><W28/><G28/><T106/><D126/><U18/><E18/><N who="2" m="10703" /><F124/><W121/><G121/><T5/><D5/><U103/><AGARI ba="1,1" hai="20,25,30,56,59,82,86,90,101,102,103" m="49343" machi="103" ten="30,7900,0" yaku="8,1,52,3" doraHai="98" who="1" fromWho="1" sc="250,-21,225,92,224,-21,291,-40" /><INIT seed="4,0,0,1,2,134" ten="229,317,203,251" oya="0" hai0="112,119,53,10,99,14,127,110,26,129,132,130,55" hai1="70,34,100,20,41,59,72,35,1,6,85,19,71" hai2="40,13,38,121,11,120,76,16,74,128,25,51,125" hai3="87,73,21,92,49,96,97,81,4,77,43,75,91"/><T98/><D119/><U84/><E72/><V65/><F38/><W118/><G118/><T29/><D112/><U108/><E100/><V48/><F76/><W39/><G39/><T78/><D132/><U88/><E41/><V28/><F74/><W3/><G97/><N who="0" m="36875" /><D78/><U124/><E85/><V17/><F65/><W62/><G62/><T61/><D110/><U60/><E6/><V52/><F128/><N who="0" m="49258" /><D61/><U82/><E1/><V30/><F125/><W8/><G21/><N who="0" m="15567" /><D127/><U27/><E124/><V79/><F79/><W126/><G126/><T83/><D83/><U23/><E108/><V2/><F2/><W90/><G77/><T68/><D68/><U104/><E104/><V67/><F121/><W42/><G75/><T94/><D94/><U50/><E50/><V22/><F120/><W111/><G73/><T37/><D37/><U105/><E105/><V32/><F67/><W15/><G111/><T56/><D56/><U135/><E135/><V113/><F113/><W116/><G116/><T131/><N who="0" m="49266" /><T86/><DORA hai="24" /><D86/><U115/><E115/><V54/><F32/><W123/><G123/><T64/><D64/><N who="1" m="38943" /><E71/><V0/><F0/><W89/><G3/><T36/><D36/><U69/><E69/><V9/><F51/><W106/><G106/><T117/><D117/><U114/><E70/><V33/><F33/><W46/><G90/><T18/><AGARI ba="0,0" hai="10,14,18,53,55" m="15567,49266,36875" machi="18" ten="40,3900,0" yaku="19,1,52,1" doraHai="134,24" who="0" fromWho="0" sc="229,39,317,-13,203,-13,251,-13" /><INIT seed="4,1,0,5,3,81" ten="268,304,190,238" oya="0" hai0="99,105,37,72,26,128,59,116,71,91,123,50,89" hai1="42,11,62,125,111,117,10,76,8,120,70,28,22" hai2="48,44,46,73,87,1,85,45,126,133,0,60,6" hai3="15,39,78,33,65,34,21,108,135,61,96,119,47"/><T100/><D116/><U112/><E117/><V110/><F6/><W64/><G119/><T19/><D123/><U90/><E111/><V115/><F73/><W43/><G108/><T13/><D71/><U104/><E120/><V75/><F75/><W32/><G135/><T69/><D37/><U53/><E104/><V30/><F110/><W118/><G118/><T131/><D69/><U109/><E109/><V18/><F48/><W107/><G78/><T14/><D72/><U49/><E125/><V7/><F7/><W129/><G129/><N who="0" m="49739" /><D26/><N who="1" m="16471" /><E70/><V27/><F126/><W41/><G41/><T63/><D50/><U80/><E76/><V24/><F115/><W121/><G121/><T82/><D82/><U52/><E112/><V12/><F60/><W40/><G40/><T106/><D106/><U86/><E62/><V114/><F114/><W93/><G107/><T56/><D56/><U9/><E9/><V67/><F133/><W127/><G127/><T3/><D3/><U68/><E68/><V5/><F1/><W102/><G61/><T66/><D14/><U16/><E42/><V20/><F0/><W113/><G113/><T95/><D105/><U51/><E51/><V2/><F2/><W54/><REACH who="3" step="1"/><G54/><REACH who="3" ten="268,304,190,228" step="2"/><N who="1" m="21098" /><E49/><V88/><F67/><W17/><AGARI ba="1,1" hai="15,17,21,32,33,34,39,43,47,64,65,93,96,102" machi="17" ten="40,2700,0" yaku="1,1,0,1,53,0" doraHai="81" doraHaiUra="23" who="3" fromWho="3" sc="268,-14,304,-8,190,-8,228,40" /><INIT seed="5,0,0,1,2,91" ten="254,296,182,268" oya="1" hai0="29,64,1,13,6,79,106,19,39,111,54,90,88" hai1="46,18,98,75,55,21,26,53,5,93,100,125,45" hai2="37,47,17,11,30,131,103,67,123,108,36,62,66" hai3="104,121,119,50,23,82,49,70,96,102,117,74,58"/><U68/><E75/><V85/><F123/><W126/><G121/><T116/><D111/><U110/><E125/><V40/><F108/><W43/><G70/><T51/><D39/><U127/><E68/><V118/><F118/><W78/><G126/><T84/><D116/><N who="3" m="44617" /><G43/><T122/><D106/><U38/><E127/><V41/><F30/><W52/><G23/><T73/><D73/><U89/><E110/><V107/><F107/><W99/><G99/><T77/><D29/><U42/><E5/><V28/><F28/><W101/><G102/><T71/><D90/><U34/><E34/><V63/><F103/><W0/><G0/><T92/><D122/><U76/><E76/><V61/><F85/><W120/><G120/><T32/><D64/><N who="2" m="24618" /><F11/><W14/><G14/><T16/><D71/><U22/><E22/><V87/><F87/><W86/><G74/><T83/><D32/><U24/><E24/><V2/><F2/><W25/><G25/><T128/><D1/><U69/><E69/><V27/><F27/><W65/><G65/><T44/><D128/><U72/><E72/><V132/><F17/><N who="0" m="6730" /><D83/><U124/><E124/><V4/><F4/><W9/><G9/><AGARI ba="0,0" hai="6,9,13,44,51,54,77,79,84,88,92" m="6730" machi="9" ten="30,7700,0" yaku="8,1,52,1,54,2" doraHai="91" who="0" fromWho="3" sc="254,77,296,0,182,0,268,-77" /><INIT seed="6,0,0,5,3,68" ten="331,296,182,191" oya="2" hai0="120,100,38,112,35,66,34,81,105,9,115,133,13" hai1="0,11,110,3,70,101,84,36,26,113,87,23,128" hai2="41,51,55,43,107,12,22,5,71,7,95,75,117" hai3="132,42,52,50,74,91,57,109,63,4,60,69,119"/><V124/><F107/><W97/><G119/><T14/><D120/><U40/><E70/><V10/><F75/><W54/><G109/><T58/><D38/><U65/><E110/><V2/><F71/><W33/><G74/><T47/><D47/><U1/><E65/><V123/><F123/><W125/><G132/><T121/><D81/><U17/><E113/><V90/><F117/><W130/><G130/><T16/><D121/><U122/><E122/><V62/><F62/><W46/><G33/><T80/><D80/><U86/><E128/><V45/><F124/><W48/><G4/><T64/><D133/><U126/><E101/><V56/><F45/><N who="3" m="25655" /><G91/><T99/><D14/><U135/><E126/><V15/><F2/><W28/><G28/><T94/><D64/><U73/><E73/><V18/><REACH who="2" step="1"/><F5/><REACH who="2" ten="331,296,172,191" step="2"/><W53/><G125/><T39/><D105/><U49/><E135/><V106/><F106/><W77/><G97/><AGARI ba="0,1" hai="7,10,12,15,18,22,41,43,51,55,56,90,95,97" machi="97" ten="30,5800,0" yaku="1,1,7,1,8,1,53,0" doraHai="68" doraHaiUra="67" who="2" fromWho="3" sc="331,0,296,0,172,68,191,-58" /><INIT seed="6,1,0,0,1,48" ten="331,296,240,133" oya="2" hai0="64,57,106,52,126,131,43,6,110,116,50,105,109" hai1="115,119,117,9,16,130,120,26,77,107,41,47,39" hai2="76,80,132,93,74,104,12,3,56,31,40,90,0" hai3="124,85,70,83,15,44,134,125,135,45,30,96,35"/><V24/><F132/><N who="3" m="50731" /><G70/><T51/><D6/><U62/><E107/><V68/><F68/><W8/><G96/><T1/><D1/><U98/><E130/><V95/><F104/><W111/><G111/><T58/><D131/><U28/><E115/><V72/><F72/><W46/><G35/><T129/><D129/><U99/><E120/><V19/><F40/><W13/><G30/><T113/><D113/><U11/><E77/><V88/><F95/><W22/><G22/><T82/><D82/><U55/><E9/><V4/><F4/><W5/><G15/><T102/><D126/><N who="3" m="48745" /><G46/><N who="0" m="25951" /><D102/><U101/><E99/><V36/><F24/><W10/><G8/><T54/><D105/><U63/><E98/><V20/><F31/><W73/><G73/><T37/><D116/><U32/><E101/><V67/><F90/><AGARI ba="1,0" hai="5,10,13,44,45,83,85,90" m="48745,50731" machi="90" ten="30,2000,0" yaku="20,1,18,1" doraHai="48" who="3" fromWho="2" sc="331,0,296,0,240,-23,133,23" /><INIT seed="7,0,0,2,0,105" ten="331,296,217,156" oya="3" hai0="38,0,89,113,72,29,101,62,14,50,75,2,132" hai1="112,25,134,130,41,121,117,77,43,49,39,64,5" hai2="88,122,24,8,93,15,37,30,71,23,56,53,114" hai3="6,33,52,44,34,97,20,87,36,100,106,111,7"/><W91/><G111/><T79/><D38/><U27/><E121/><V78/><F71/><W104/><G104/><T26/><D101/><U19/><E39/><V35/><F37/><W55/><G36/><T32/><D72/><U116/><E5/><V86/><F114/><W131/><G131/><T66/><D50/><U125/><E112/><V63/><F122/><W85/><G85/><T40/><D40/><U42/><E130/><V80/><F35/><W58/><G33/><T21/><D113/><U133/><E125/><V118/><F118/><N who="1" m="45673" /><E77/><V4/><F78/><W126/><G34/><T13/><D13/><U51/><E64/><V90/><F90/><W12/><G126/><T1/><D132/><N who="1" m="50795" /><E19/><V102/><F102/><W70/><G70/><T28/><D89/><U127/><E127/><V54/><F80/><W47/><G7/><T3/><D3/><U107/><E107/><V110/><F110/><W67/><G67/><AGARI ba="0,0" hai="4,8,15,23,24,30,53,54,56,63,67,86,88,93" machi="67" ten="30,3900,0" yaku="7,1,8,1,54,1" doraHai="105" who="2" fromWho="3" sc="331,0,296,0,217,39,156,-39" owari="331,42.0,296,10.0,256,-14.0,117,-38.0" /></mjloggm>