<mjloggm ver="2.3"><GO type="171" lobby="0"/><UN n0="%E9%BA%BB%E9%9B%80%E4%B8%96%E7%95%8C" n1="%E3%82%B8%E3%82%AE%E3%82%BF%E3%83%AA%E3%82%B9" n2="%E3%82%A6%E3%83%AB%E3%83%88%E3%83%A9%E7%AB%8B%E7%9B%B4" n3="%E5%A6%B9%E7%B4%85" dan="18,16,17,16" rate="2160.81,2068.03,2160.27,2126.19" sx="M,M,M,F"/><TAIKYOKU oya="0"/><INIT seed="0,0,0,5,0,71" ten="250,250,250,250" oya="0" hai0="116,47,128,90,60,26,103,43,79,24,120,5,94" hai1="112,125,95,68,38,89,85,101,30,73,96,45,31" hai2="21,87,119,2,134,0,88,40,6,59,84,36,46" hai3="12,15,82,100,114,93,16,52,132,121,99,106,20"/><T104/><D116/><U108/><E68/><V133/><F119/><W65/><G114/><T86/><D120/><U102/><E112/><V130/><F130/><W27/><G121/><T50/><D128/><U62/><E62/><V74/><F74/><W63/><G52/><T25/><D5/><U18/><E73/><V54/><F21/><W17/><G82/><T37/><D79/><U117/><E108/><V7/><F7/><W97/><G132/><N who="2" m="50793" /><F6/><W126/><G126/><T64/><D103/><U91/><E18/><V55/><F87/><W3/><G3/><N who="2" m="1065" /><F59/><W32/><G32/><T98/><D104/><U92/><E31/><V127/><F127/><W58/><G17/><T80/><D80/><AGARI ba="0,0" hai="36,40,46,54,55,80,84,88" m="1065,50793" machi="80" ten="30,2000,0" yaku="20,1,52,1" doraHai="71" who="2" fromWho="0" sc="250,-20,250,0,250,20,250,0" /><INIT seed="1,0,0,0,1,122" ten="230,250,270,250" oya="1" hai0="56,80,91,11,40,115,34,14,18,99,41,124,133" hai1="83,103,1,35,82,88,49,12,0,54,48,71,104" hai2="75,95,111,130,129,114,44,131,77,63,128,20,127" hai3="110,28,60,29,74,89,120,30,108,59,3,47,132"/><U72/><E35/><V106/><F106/><W70/><G120/><T10/><D115/><U112/><E71/><V121/><F121/><W55/><G74/><T46/><D34/><U21/><E112/><V96/><F114/><W123/><G123/><T93/><D124/><U39/><E39/><V92/><F127/><W19/><G3/><T69/><D69/><U125/><E125/><V4/><F128/><W50/><G132/><T15/><D133/><U5/><E72/><V78/><F4/><W98/><G19/><T7/><D46/><U113/><E113/><V134/><F134/><W61/><G89/><T52/><REACH who="0" step="1"/><D80/><REACH who="0" ten="220,250,270,250" step="2"/><U25/><E82/><V53/><F129/><W13/><G70/><T43/><D43/><U27/><E83/><V94/><F44/><W24/><G47/><T37/><D37/><U62/><E0/><V66/><F130/><W22/><G29/><T81/><D81/><U58/><E1/><V36/><F36/><W16/><G30/><T85/><D85/><U107/><E107/><V38/><F38/><W8/><REACH who="3" step="1"/><G98/><REACH who="3" ten="220,250,270,240" step="2"/><T23/><D23/><U45/><E21/><V97/><F20/><W126/><G126/><T26/><D26/><U51/><E27/><V100/><F97/><W76/><G76/><T42/><D42/><U33/><E25/><V117/><F77/><W68/><G68/><T32/><D32/><U118/><E33/><V65/><F78/><W86/><G86/><T90/><D90/><U6/><E88/><V87/><F87/><W119/><G119/><T31/><D31/><U79/><E118/><V64/><F117/><RYUUKYOKU ba="0,2" sc="220,15,250,-15,270,-15,240,15" hai0="7,10,11,14,15,18,40,41,52,56,91,93,99" hai3="8,13,16,22,24,28,50,55,59,60,61,108,110" /><INIT seed="2,1,2,4,3,78" ten="235,235,255,255" oya="2" hai0="51,61,130,10,45,57,1,128,56,17,75,37,42" hai1="26,27,4,86,0,55,133,131,46,104,123,95,98" hai2="88,7,18,101,28,15,20,118,58,21,2,65,48" hai3="60,122,62,22,111,77,93,115,85,134,127,108,49"/><V25/><F118/><W53/><G122/><T43/><D75/><U109/><E123/><V113/><F113/><W31/><G134/><T24/><D24/><U11/><E133/><V52/><F101/><W96/><G127/><T92/><D92/><U5/><E131/><N who="0" m="50217" /><D17/><U40/><E109/><N who="3" m="42058" /><G85/><T54/><D10/><U16/><E5/><V112/><F112/><W121/><G77/><T67/><D1/><U64/><E64/><V6/><F2/><W80/><G80/><T110/><D110/><U99/><E55/><V119/><F119/><W117/><G117/><T129/><D129/><U84/><E99/><V102/><F102/><N who="3" m="60687" /><G121/><T126/><D43/><U19/><E104/><V29/><F29/><W107/><G107/><T71/><D126/><U69/><E86/><V36/><F36/><W125/><G125/><T105/><D105/><U14/><E84/><V114/><F114/><W44/><G115/><T100/><D100/><U39/><E69/><AGARI ba="1,2" hai="37,42,45,51,54,56,57,61,67,69,71" m="50217" machi="69" ten="30,3900,0" yaku="19,1,34,2" doraHai="78" who="0" fromWho="1" sc="235,62,235,-42,255,0,255,0" /><INIT seed="3,0,0,0,4,15" ten="297,193,255,255" oya="3" hai0="90,55,101,33,1,76,25,82,17,43,119,130,24" hai1="46,49,60,113,120,131,8,53,122,87,4,74,23" hai2="81,132,93,13,68,83,52,31,100,7,105,86,115" hai3="10,94,107,37,106,80,95,77,72,125,12,85,21"/><W118/><G118/><T26/><D1/><U50/><E113/><V42/><F68/><W27/><G37/><T20/><D119/><U109/><E74/><V92/><F42/><W61/><G61/><T123/><D123/><U121/><E131/><V57/><F105/><W103/><G125/><T75/><D130/><U3/><E109/><V110/><F110/><W47/><G47/><T45/><D33/><U58/><E87/><V84/><F31/><W79/><G79/><T64/><D101/><U66/><E66/><V39/><F39/><W11/><G72/><T91/><D55/><U67/><E50/><V54/><F132/><W36/><G36/><T34/><D64/><U48/><E48/><V102/><F13/><W69/><G69/><T38/><D34/><U73/><E73/><V28/><F28/><W97/><G107/><T116/><D116/><U51/><E51/><V16/><F7/><W112/><G112/><T41/><D41/><U99/><E99/><V5/><F5/><W114/><G114/><T9/><D9/><U19/><REACH who="1" step="1"/><E122/><REACH who="1" ten="297,183,255,255" step="2"/><V70/><F115/><W56/><G85/><T108/><D108/><U2/><E2/><V63/><F70/><W59/><G97/><T32/><D32/><U126/><E126/><V104/><F84/><W65/><G65/><T127/><D127/><U96/><E96/><V18/><F86/><W30/><G80/><T6/><D6/><U29/><E29/><V78/><F78/><W44/><G77/><T134/><D134/><U133/><E133/><V88/><F81/><W35/><G35/><T117/><D117/><RYUUKYOKU ba="0,1" sc="297,15,183,15,255,-15,255,-15" hai0="17,20,24,25,26,38,43,45,75,76,82,90,91" hai1="3,4,8,19,23,46,49,53,58,60,67,120,121" /><INIT seed="4,1,1,2,5,51" ten="312,198,240,240" oya="0" hai0="96,82,58,50,52,42,74,123,14,106,60,128,8" hai1="118,130,133,12,2,37,102,32,62,56,93,79,101" hai2="112,23,119,38,121,31,104,24,44,105,81,61,110" hai3="20,127,36,27,131,108,89,125,30,117,122,35,29"/><T15/><D123/><U107/><E2/><V90/><F121/><W22/><G108/><T64/><D128/><U19/><E32/><V25/><F110/><W54/><G122/><T129/><D129/><U53/><E37/><V83/><F119/><W78/><G36/><T7/><D42/><U66/><E130/><V99/><F112/><W16/><G117/><T75/><D82/><U76/><E118/><V40/><F83/><W73/><G89/><T43/><D43/><U0/><E0/><V88/><F90/><W77/><G73/><T92/><D15/><U98/><E133/><V55/><F25/><W109/><G109/><T45/><REACH who="0" step="1"/><D106/><REACH who="0" ten="302,198,240,240" step="2"/><U47/><E107/><V114/><F105/><W28/><G131/><T70/><D70/><U116/><E116/><V80/><F104/><W95/><G27/><T34/><D34/><U11/><E102/><AGARI ba="1,2" hai="7,8,14,45,50,52,58,60,64,74,75,92,96,102" machi="102" ten="30,11600,0" yaku="1,1,7,1,52,1,53,1" doraHai="51" doraHaiUra="1" who="0" fromWho="1" sc="302,139,198,-119,240,0,240,0" /><INIT seed="4,2,0,0,4,46" ten="441,79,240,240" oya="0" hai0="8,15,50,121,75,74,135,66,56,110,69,72,81" hai1="125,85,129,5,41,93,57,100,40,39,13,61,44" hai2="91,106,10,47,9,35,113,127,54,108,24,68,90" hai3="88,4,82,94,34,118,43,95,96,124,80,87,12"/><T6/><D121/><U30/><E129/><V65/><F106/><W107/><G34/><T97/><D69/><U103/><E125/><V105/><F105/><W62/><G107/><T133/><D110/><U1/><E1/><V36/><F108/><W131/><G131/><T114/><D114/><U130/><E130/><V14/><F10/><W33/><G33/><T134/><D97/><U42/><E30/><V29/><F127/><W112/><G124/><T126/><D126/><U55/><E5/><V59/><F68/><W92/><G112/><T116/><D116/><U84/><E13/><V32/><F32/><W99/><G43/><T79/><D66/><U78/><E85/><V132/><F132/><W76/><G62/><T67/><D67/><U51/><E39/><V37/><F37/><W49/><G49/><T98/><D98/><N who="3" m="37417" /><G12/><T25/><D25/><U86/><E86/><V128/><F113/><W64/><G4/><T3/><D3/><U77/><E93/><N who="3" m="35946" /><G64/><T102/><D102/><U28/><E28/><V31/><F31/><W73/><G118/><T58/><D58/><U45/><E45/><V16/><F128/><W104/><G104/><T21/><D21/><U48/><E44/><V111/><F111/><W71/><G71/><T83/><D83/><AGARI ba="2,0" hai="73,76,80,82,83,87,88,95" m="35946,37417" machi="83" ten="30,8000,1" yaku="35,5" doraHai="46" who="3" fromWho="0" sc="441,-86,79,0,240,0,240,86" /><INIT seed="5,0,0,4,0,52" ten="355,79,240,326" oya="1" hai0="36,102,104,94,110,35,53,91,44,4,41,106,51" hai1="43,73,98,117,107,57,7,58,20,99,49,61,62" hai2="34,92,71,123,135,18,96,115,6,11,50,113,63" hai3="90,13,23,55,121,8,128,95,77,24,109,16,97"/><U70/><E73/><V22/><F34/><W80/><G109/><T72/><D35/><U40/><E117/><V81/><F81/><W122/><G128/><T25/><D110/><U74/><E74/><V118/><F118/><W32/><G32/><T2/><D72/><U39/><E7/><V3/><F50/><W64/><G64/><T126/><D126/><U75/><E75/><V46/><F46/><W133/><G133/><T29/><D102/><U28/><E107/><V67/><F123/><W93/><G80/><T14/><D2/><U79/><E70/><V78/><F78/><W105/><G77/><T9/><D25/><N who="1" m="16423" /><E39/><V66/><F66/><W10/><G95/><T85/><D29/><U84/><E79/><V5/><F5/><W0/><G105/><T37/><D37/><U76/><E76/><V59/><F135/><W27/><G0/><T86/><D86/><U132/><E132/><V1/><F1/><W30/><G121/><T65/><D65/><N who="1" m="39087" /><E84/><V54/><F67/><W12/><G122/><T103/><D103/><U129/><E129/><V130/><F71/><W60/><G30/><T83/><D94/><U19/><E19/><V56/><F130/><W17/><G23/><T89/><D89/><U69/><E69/><V120/><F22/><W101/><G101/><T68/><D68/><U26/><E26/><V47/><F18/><W15/><G15/><T88/><D88/><U125/><E125/><V131/><F120/><W21/><G21/><T100/><D100/><U116/><E116/><V124/><F131/><W33/><G33/><T114/><D114/><RYUUKYOKU ba="0,0" sc="355,15,79,-15,240,-15,326,15" hai0="4,9,14,36,41,44,51,53,83,85,91,104,106" hai3="8,10,12,13,16,17,24,27,55,60,90,93,97" /><INIT seed="6,1,0,5,4,57" ten="370,64,225,341" oya="2" hai0="127,86,53,7,46,126,134,13,120,4,41,101,45" hai1="81,103,97,82,62,69,49,128,61,77,85,18,70" hai2="131,133,32,59,21,48,35,125,36,100,8,1,5" hai3="33,40,50,58,25,107,105,3,89,123,84,121,113"/><V14/><F36/><W110/><G110/><T118/><D120/><U96/><E128/><V106/><F131/><W117/><G117/><T104/><D118/><U60/><E49/><V56/><F125/><W54/><G3/><T93/><D104/><U72/><E18/><V17/><F133/><W37/><G37/><T112/><D134/><U31/><E31/><V16/><F100/><W76/><G76/><T28/><D28/><U87/><E72/><V9/><F106/><W67/><G40/><T22/><D53/><U23/><E23/><V88/><F88/><W0/><G0/><T73/><D73/><U30/><E30/><V29/><F56/><W12/><G105/><T27/><D46/><U6/><E6/><N who="2" m="1231" /><F59/><W102/><G107/><T130/><D13/><U64/><E103/><V98/><F98/><W94/><G102/><T68/><D68/><U115/><E115/><V43/><F43/><W66/><G113/><T92/><D130/><U124/><E124/><N who="0" m="47657" /><D112/><U99/><REACH who="1" step="1"/><E64/><REACH who="1" ten="370,54,225,341" step="2"/><V132/><F132/><W135/><G135/><T109/><D101/><U91/><AGARI ba="1,1" hai="60,61,62,69,70,77,81,82,85,87,91,96,97,99" machi="91" ten="30,16000,3" yaku="1,1,2,1,0,1,52,3,53,3" doraHai="57" doraHaiUra="95" who="1" fromWho="1" sc="370,-41,54,173,225,-81,341,-41" /><INIT seed="7,0,0,5,4,54" ten="329,227,144,300" oya="3" hai0="20,104,101,23,16,26,103,4,76,65,64,68,99" hai1="47,25,84,10,115,37,29,77,34,67,122,59,118" hai2="45,51,113,60,94,107,87,134,53,48,18,13,61" hai3="102,72,124,71,14,24,128,105,15,129,79,98,57"/><W49/><G71/><T133/><D133/><U11/><E122/><V131/><F107/><W96/><G124/><T127/><D127/><U12/><E115/><V70/><F70/><W93/><G24/><T83/><D68/><U21/><E118/><V52/><F134/><W100/><G79/><T75/><D4/><U81/><E37/><V27/><F27/><W32/><G72/><T88/><D103/><U63/><E47/><V44/><F113/><W17/><G32/><T1/><D1/><U92/><E92/><V116/><F116/><W58/><G49/><T132/><D132/><U31/><E29/><V33/><F33/><W78/><G78/><T120/><D120/><U108/><E108/><V39/><F39/><W80/><G80/><T130/><D130/><N who="3" m="50281" /><G15/><T55/><D88/><U8/><E34/><V56/><F131/><W86/><G86/><T117/><D117/><U119/><E119/><V109/><F109/><W114/><G114/><T22/><D26/><U110/><E110/><V62/><F62/><W85/><G85/><T89/><D89/><U30/><E31/><V90/><REACH who="2" step="1"/><F45/><REACH who="2" ten="329,227,134,300" step="2"/><W112/><G112/><T2/><D104/><U111/><E111/><V43/><F43/><W69/><G69/><T50/><D50/><U5/><AGARI ba="0,1" hai="5,8,10,11,12,21,25,30,59,63,67,77,81,84" machi="5" ten="20,5200,0" yaku="0,1,7,1,8,1,52,1" doraHai="54" who="1" fromWho="1" sc="329,-13,227,62,134,-13,300,-26" owari="316,42.0,289,9.0,121,-38.0,274,-13.0" /></mjloggm>