<mjloggm ver="2.3"><GO type="97" lobby="0"/><UN n0="%52%52%4F%4F%41%41%52%52" n1="%E3%82%84%E3%81%99%E3%81%B9%E3%81%88%4F%E5%8E%9F" n2="%E7%8F%A0%E7%8E%96%E7%A0%82%E6%A5%BC" n3="%E5%B0%B1%E6%B4%BB%E7%94%9F%40%E5%B7%9D%E6%9D%91%E8%BB%8D%E5%9B%A3" dan="13,14,13,15" rate="1923.72,1874.98,1838.73,2078.33" sx="M,M,M,M"/><TAIKYOKU oya="0"/><INIT seed="0,0,0,1,4,3" ten="250,250,250,250" oya="0" hai0="19,119,31,82,72,69,107,127,112,102,51,122,129" hai1="16,87,135,7,38,116,1,99,18,90,28,109,26" hai2="95,85,100,89,6,41,83,17,45,104,68,2,94" hai3="101,62,84,50,29,106,120,134,61,22,47,40,114"/><T76/><D122/><U24/><E38/><V93/><F68/><W97/><G114/><T66/><D119/><U103/><E116/><V98/><F17/><W36/><G120/><T9/><D112/><U77/><E77/><V121/><F121/><W131/><G134/><T60/><D31/><U86/><E135/><V79/><F2/><W44/><G131/><T14/><D129/><U74/><E74/><V5/><REACH who="2" step="1"/><F79/><REACH who="2" ten="250,250,240,250" step="2"/><W117/><G117/><T34/><D127/><U8/><E109/><V46/><F46/><W65/><G47/><T128/><D128/><U52/><E26/><V130/><F130/><W115/><G115/><T20/><D76/><U59/><E24/><V0/><F0/><W113/><G113/><T125/><D69/><U54/><E28/><V67/><F67/><W110/><G110/><T53/><D66/><U133/><E59/><V56/><F56/><W35/><G29/><T13/><D19/><U63/><E133/><V78/><F78/><W123/><G65/><T55/><D125/><U75/><E18/><V37/><AGARI ba="0,1" hai="5,6,37,41,45,83,85,89,93,94,95,98,100,104" machi="37" ten="30,12000,2" yaku="1,1,0,1,52,2,53,3" doraHai="3" doraHaiUra="88" who="2" fromWho="2" sc="250,-60,250,-30,240,130,250,-30" /><INIT seed="1,0,0,5,4,125" ten="190,220,370,220" oya="1" hai0="3,60,117,96,42,76,77,56,89,104,34,99,114" hai1="71,100,37,17,101,122,20,88,107,112,81,119,128" hai2="11,70,106,84,59,16,90,87,54,64,118,65,127" hai3="5,2,92,51,134,115,53,62,68,41,69,110,33"/><U75/><E122/><V93/><F106/><W82/><G33/><T72/><D117/><U35/><E37/><V91/><F118/><W44/><G115/><T19/><D114/><U102/><E35/><V18/><F70/><N who="3" m="27243" /><G92/><T30/><D3/><U4/><E71/><V80/><F127/><W57/><G82/><T83/><D76/><U48/><E119/><V129/><F129/><W47/><G5/><T74/><D72/><U95/><E112/><V7/><F65/><N who="3" m="39119" /><G2/><T45/><D19/><U1/><E128/><V38/><F64/><W28/><G28/><T10/><D10/><U40/><E4/><V58/><F38/><N who="3" m="21559" /><G110/><T97/><D104/><U79/><E1/><V13/><REACH who="2" step="1"/><F59/><REACH who="2" ten="190,220,360,220" step="2"/><N who="3" m="33215" /><G134/><T120/><D120/><U61/><E61/><AGARI ba="0,1" hai="7,11,13,16,18,54,58,61,80,84,87,90,91,93" machi="61" ten="30,7700,0" yaku="1,1,7,1,8,1,54,1,53,0" doraHai="125" doraHaiUra="63" who="2" fromWho="1" sc="190,0,220,-77,360,87,220,0" /><INIT seed="2,0,0,0,4,22" ten="190,143,447,220" oya="2" hai0="34,31,86,51,115,67,88,74,94,24,60,132,2" hai1="18,40,21,110,43,37,20,79,42,72,12,100,52" hai2="63,10,45,11,80,129,14,87,33,64,103,61,96" hai3="113,49,98,122,108,9,120,3,89,78,124,66,13"/><V23/><F33/><W107/><G3/><T35/><D115/><U77/><E110/><V1/><F1/><W126/><G108/><T91/><D2/><U16/><E72/><V121/><F121/><W59/><G78/><T95/><D74/><U99/><E37/><V70/><F45/><W76/><G76/><T32/><D51/><U112/><E112/><V53/><F129/><W46/><G113/><T56/><REACH who="0" step="1"/><D132/><REACH who="0" ten="180,143,447,220" step="2"/><U90/><E90/><V125/><F125/><N who="3" m="48235" /><G122/><T85/><AGARI ba="0,1" hai="24,31,32,34,35,56,60,67,85,86,88,91,94,95" machi="85" ten="20,16000,3" yaku="1,1,0,1,7,1,9,1,52,1,54,1,53,2" doraHai="22" doraHaiUra="83" who="0" fromWho="0" sc="180,170,143,-40,447,-80,220,-40" /><INIT seed="3,0,0,2,1,112" ten="350,103,367,180" oya="3" hai0="3,114,102,135,110,65,52,35,90,72,64,77,78" hai1="19,9,1,89,115,25,30,98,26,118,81,23,122" hai2="0,56,87,66,84,17,94,13,105,101,125,41,91" hai3="62,61,33,32,69,104,15,40,54,46,57,132,55"/><W2/><G2/><T6/><D35/><N who="1" m="20943" /><E81/><V8/><F0/><W129/><G104/><T47/><D114/><U93/><E89/><V53/><F125/><W45/><G129/><T103/><D135/><U51/><E93/><V79/><F41/><W27/><G132/><T4/><D110/><U59/><E51/><V44/><F44/><W109/><G109/><T71/><D71/><U106/><E59/><V85/><F66/><N who="0" m="25706" /><D72/><U76/><E98/><V12/><F105/><W99/><G27/><T131/><D131/><U130/><E76/><N who="0" m="29289" /><D3/><U21/><E106/><V86/><F101/><N who="0" m="38410" /><D90/><U116/><E130/><V82/><F13/><W74/><G99/><T42/><D42/><U92/><E92/><V36/><F36/><W48/><G74/><T50/><AGARI ba="0,0" hai="4,6,47,50,52" m="38410,29289,25706" machi="50" ten="30,2000,0" yaku="8,1,54,1" doraHai="112" who="0" fromWho="0" sc="350,20,103,-5,367,-5,180,-10" owari="370,47.0,98,-40.0,362,16.0,170,-23.0" /></mjloggm>