<mjloggm ver="2.3"><GO type="97" lobby="0"/><UN n0="%61%77%75%6E%62" n1="%E3%83%88%E3%83%88%E3%83%AA%E5%85%88%E7%94%9F%31%39%E6%AD%B3" n2="%61%6E%70%61%69%79%61%61" n3="%6B%61%69%2E%73%2E" dan="13,15,14,15" rate="1833.45,2087.42,1943.80,2017.19" sx="M,F,M,F"/><TAIKYOKU oya="0"/><INIT seed="0,0,0,0,1,65" ten="250,250,250,250" oya="0" hai0="125,113,22,2,118,48,115,42,43,120,131,59,92" hai1="8,133,20,100,107,31,26,95,109,63,16,79,53" hai2="134,130,58,91,27,101,129,110,74,126,57,98,13" hai3="36,132,117,38,89,61,84,6,72,127,86,28,75"/><T114/><D2/><U128/><E107/><V70/><F74/><W87/><G117/><T90/><D118/><U45/><E109/><V60/><F110/><W73/><G132/><T1/><D1/><U122/><E122/><V17/><F134/><W111/><G111/><T108/><D108/><U102/><E133/><V34/><F126/><W25/><G127/><T94/><D125/><U97/><E128/><N who="2" m="49259" /><F91/><W33/><G6/><T47/><D131/><U67/><E79/><V30/><F70/><W39/><REACH who="3" step="1"/><G61/><REACH who="3" ten="250,250,250,240" step="2"/><T116/><D116/><U41/><E63/><V5/><F60/><W18/><G18/><T44/><D120/><U21/><E16/><V15/><F5/><W119/><G119/><T104/><D115/><U51/><E31/><V82/><F17/><W88/><AGARI ba="0,1" hai="25,28,33,36,38,39,72,73,75,84,86,87,88,89" machi="88" ten="50,12000,2" yaku="1,1,0,1,29,2,54,1,53,1" doraHai="65" doraHaiUra="23" who="3" fromWho="3" sc="250,-60,250,-30,250,-30,240,130" /><INIT seed="1,0,0,5,4,132" ten="190,220,220,370" oya="1" hai0="103,127,29,69,91,89,58,77,26,37,9,63,70" hai1="43,38,16,117,110,50,51,52,45,33,19,76,31" hai2="65,134,40,4,67,112,130,49,30,23,27,79,106" hai3="15,81,17,85,88,3,121,61,24,60,102,62,135"/><U96/><E117/><V95/><F106/><W46/><G3/><T123/><D37/><U84/><E110/><V129/><F112/><W75/><G135/><T34/><D103/><U54/><E33/><V120/><F120/><W122/><G75/><T108/><D108/><U2/><E2/><V14/><F134/><W71/><G71/><T68/><D123/><U7/><E38/><V21/><F79/><W90/><G102/><T104/><D104/><U97/><E7/><V12/><F95/><W118/><G118/><T44/><D77/><U39/><E31/><V94/><F94/><W66/><G66/><T99/><D44/><N who="1" m="27719" /><E39/><V56/><F4/><W133/><G133/><T82/><D99/><N who="1" m="37963" /><E43/><V6/><F6/><W107/><G107/><T115/><D115/><U74/><E74/><V93/><F93/><W35/><G35/><T87/><D9/><U32/><E32/><V105/><F105/><W64/><G64/><T128/><D128/><U36/><E36/><V22/><F67/><W47/><G122/><T116/><D116/><U25/><E25/><V0/><F0/><W10/><G24/><T83/><D83/><AGARI ba="0,0" hai="16,19,45,51,54,76,83,84" m="37963,27719" machi="83" ten="30,5800,0" yaku="8,1,54,2" doraHai="132" who="1" fromWho="0" sc="190,-58,220,58,220,0,370,0" /><INIT seed="1,1,0,5,4,68" ten="132,278,220,370" oya="1" hai0="99,96,104,71,115,39,70,29,78,51,110,85,14" hai1="2,126,26,42,117,33,5,111,11,67,55,123,12" hai2="20,134,63,72,17,19,84,23,8,28,62,108,131" hai3="4,27,56,112,133,80,24,49,34,93,18,88,45"/><U13/><E117/><V38/><F131/><W107/><G107/><T31/><D115/><U94/><E123/><V10/><F134/><W113/><G112/><T36/><D110/><U101/><E126/><V60/><F72/><W129/><G113/><T76/><D104/><U86/><E111/><V102/><F108/><W44/><G129/><T121/><D14/><U66/><E42/><V6/><F38/><W64/><G133/><T122/><D51/><U32/><E55/><V97/><F84/><AGARI ba="1,0" hai="29,31,36,39,70,71,76,78,84,85,96,99,121,122" machi="84" ten="25,6400,0" yaku="22,2,52,2" doraHai="68" who="0" fromWho="2" sc="132,67,278,0,220,-67,370,0" /><INIT seed="2,0,0,4,1,116" ten="199,278,153,370" oya="2" hai0="98,69,7,83,29,130,59,21,120,111,1,6,24" hai1="30,15,10,57,121,8,134,4,22,87,104,58,23" hai2="80,109,78,77,28,85,19,114,16,132,32,133,129" hai3="40,2,101,35,124,93,43,95,103,20,102,112,119"/><V105/><F114/><W89/><G119/><T75/><D69/><U97/><E134/><N who="2" m="51819" /><F105/><W33/><G112/><T125/><D111/><U47/><E47/><V73/><F109/><W3/><G20/><T65/><D125/><U9/><E104/><V12/><F129/><W51/><G124/><T36/><D36/><U31/><E97/><V96/><F96/><W41/><G51/><T68/><D68/><U107/><E107/><V115/><F115/><W71/><G71/><T27/><D130/><U110/><E110/><V128/><F128/><W56/><G56/><N who="1" m="21610" /><E121/><V53/><F53/><W26/><G26/><T126/><D126/><U18/><E87/><V0/><F0/><N who="3" m="43" /><G89/><T42/><D42/><U131/><E131/><V60/><F60/><W70/><G70/><T118/><D118/><U117/><E117/><V64/><F64/><W76/><G76/><T94/><D1/><U88/><E88/><N who="2" m="51239" /><F73/><W37/><G37/><T90/><D75/><U55/><E55/><V34/><F28/><N who="1" m="10793" /><E23/><N who="2" m="11655" /><F19/><W61/><G61/><T106/><D106/><U38/><E38/><V49/><F49/><W5/><G5/><AGARI ba="0,0" hai="4,5,8,9,10,15,18,22" m="10793,21610" machi="5" ten="30,1000,0" yaku="8,1" doraHai="116" who="1" fromWho="3" sc="199,0,278,10,153,0,370,-10" /><INIT seed="3,0,0,5,3,58" ten="199,288,153,360" oya="3" hai0="49,69,62,130,43,126,7,47,29,125,84,15,39" hai1="133,18,73,122,129,119,41,38,97,23,86,83,67" hai2="25,45,77,27,53,80,12,35,16,78,48,92,103" hai3="40,71,88,75,59,0,50,123,36,134,105,101,70"/><W113/><G123/><T13/><D130/><U98/><E122/><V37/><F37/><W2/><G113/><T63/><D29/><U54/><E73/><V94/><F35/><W99/><G75/><T91/><D69/><U112/><E112/><V3/><F3/><W108/><G134/><T93/><D7/><U128/><E133/><V26/><F103/><W96/><G36/><T44/><D15/><U100/><E119/><V79/><REACH who="2" step="1"/><F80/><REACH who="2" ten="199,288,143,360" step="2"/><W115/><G115/><T42/><D13/><N who="1" m="9679" /><E100/><V120/><F120/><W17/><G2/><T6/><D6/><U55/><E38/><V52/><F52/><W85/><G0/><T76/><D76/><U111/><E41/><V68/><F68/><W60/><G40/><T64/><D64/><U14/><E55/><V117/><F117/><W31/><G71/><T65/><D65/><U10/><E54/><V121/><F121/><W21/><G101/><T72/><D43/><U87/><E83/><V82/><F82/><W24/><G70/><T95/><D72/><U20/><E67/><V118/><F118/><W5/><G105/><T66/><D66/><U74/><E74/><V61/><F61/><W28/><G60/><T135/><D42/><U8/><E14/><V22/><AGARI ba="0,1" hai="12,16,22,25,26,27,45,48,53,77,78,79,92,94" machi="22" ten="30,8000,1" yaku="1,1,0,1,8,1,54,1,53,1" doraHai="58" doraHaiUra="51" who="2" fromWho="2" sc="199,-20,288,-20,143,90,360,-40" owari="179,-32.0,268,7.0,233,-17.0,320,42.0" /></mjloggm>