<mjloggm ver="2.3"><GO type="169" lobby="0"/><UN n0="%61%6B%69%21%21%21" n1="%2A%E3%81%B6%E3%81%A3%E3%81%A1%2A" n2="%E3%82%A6%E3%83%AB%E3%83%88%E3%83%A9%E7%AB%8B%E7%9B%B4" n3="%E3%81%8B%E3%81%AB%E3%83%9E%E3%82%B8%E3%83%B3" dan="17,17,17,18" rate="2188.70,2151.87,2154.96,2162.38" sx="M,M,M,M"/><TAIKYOKU oya="0"/><INIT seed="0,0,0,1,2,40" ten="250,250,250,250" oya="0" hai0="15,65,17,77,52,133,76,121,41,108,115,112,86" hai1="107,60,48,131,88,5,57,78,106,93,67,50,27" hai2="132,122,92,62,29,81,42,38,22,26,54,111,84" hai3="34,64,90,99,21,118,87,61,124,59,0,75,100"/><T46/><D121/><U73/><E131/><V51/><F122/><W1/><G34/><T116/><D116/><U117/><E117/><V104/><F104/><W129/><G75/><T49/><D133/><U31/><E5/><V113/><F113/><W2/><G118/><T130/><D130/><U9/><E9/><V37/><F111/><W85/><G129/><T79/><D108/><U114/><E114/><V96/><F132/><W105/><G124/><T82/><D65/><U45/><E50/><V83/><F62/><W32/><G32/><T25/><D25/><U66/><E66/><V13/><F13/><W91/><G21/><T14/><D14/><U110/><E110/><V74/><F74/><W12/><G12/><T63/><D115/><U23/><E78/><V43/><F38/><W47/><G47/><T103/><D103/><U18/><E31/><V119/><F37/><W71/><G71/><T120/><D120/><U70/><E70/><V126/><F126/><W19/><G19/><T4/><D4/><U135/><E73/><V58/><F119/><W128/><G128/><T33/><D33/><U24/><E24/><V97/><F83/><W89/><AGARI ba="0,0" hai="0,1,2,59,61,64,85,87,89,90,91,99,100,105" machi="89" ten="40,1500,0" yaku="0,1" doraHai="40" who="3" fromWho="3" sc="250,-7,250,-4,250,-4,250,15" /><INIT seed="1,0,0,1,1,37" ten="243,246,246,265" oya="1" hai0="106,124,71,1,68,81,44,64,113,31,43,87,62" hai1="66,60,70,111,51,9,24,17,95,99,47,40,116" hai2="131,108,10,130,107,77,125,118,15,134,117,98,49" hai3="80,50,18,19,89,91,84,72,21,63,0,6,120"/><U55/><E116/><V133/><F77/><W2/><G120/><T126/><D113/><U104/><E104/><V103/><F49/><W67/><G72/><T5/><D106/><U32/><E111/><V92/><F108/><W12/><G50/><N who="0" m="26911" /><D31/><U90/><E32/><V46/><F46/><W22/><G89/><N who="0" m="51439" /><D5/><U79/><E79/><V129/><F107/><W41/><G6/><T105/><D105/><U128/><E128/><V45/><F45/><W56/><REACH who="3" step="1"/><G41/><REACH who="3" ten="243,246,246,255" step="2"/><T57/><D1/><U86/><E40/><V11/><F118/><W100/><G100/><T109/><D109/><U110/><E110/><V52/><F117/><W48/><G48/><T38/><D38/><U83/><E51/><V94/><F103/><W20/><G20/><T39/><D39/><U114/><E114/><V101/><F11/><W30/><G30/><T14/><D14/><AGARI ba="0,1" hai="0,2,12,14,18,19,21,22,56,63,67,80,84,91" machi="14" ten="30,7700,0" yaku="1,1,7,1,9,1,53,1" doraHai="37" doraHaiUra="61" who="3" fromWho="0" sc="243,-77,246,0,246,0,255,87" /><INIT seed="2,0,0,0,2,94" ten="166,246,246,342" oya="2" hai0="50,132,76,7,69,18,42,75,60,82,4,70,32" hai1="11,124,87,113,86,33,56,110,62,15,29,77,120" hai2="37,84,98,106,135,64,131,117,45,97,74,107,38" hai3="9,1,65,92,22,52,121,119,30,78,103,20,14"/><V53/><F74/><W130/><G121/><T5/><D32/><U54/><E113/><V122/><F122/><W73/><G119/><T99/><D132/><U133/><E120/><V125/><F117/><W95/><G130/><T90/><D18/><U34/><E133/><V118/><F118/><W46/><G1/><T66/><D69/><U12/><E110/><V39/><F135/><W55/><G65/><T44/><REACH who="0" step="1"/><D90/><REACH who="0" ten="156,246,246,342" step="2"/><U101/><E34/><V134/><F134/><W8/><G30/><T88/><D88/><U43/><E29/><V51/><F131/><W68/><G68/><T41/><D41/><U129/><E43/><V17/><F17/><W96/><G78/><T80/><D80/><U58/><E77/><V114/><F114/><W102/><G73/><T127/><D127/><U25/><E124/><V57/><F125/><W48/><G55/><T47/><D47/><U49/><E54/><V21/><F84/><W36/><G36/><T24/><D24/><U85/><E25/><V111/><F111/><W2/><G2/><T0/><D0/><U35/><E87/><V108/><F108/><W61/><G61/><T6/><N who="0" m="1024" /><DORA hai="89" /><T3/><D3/><U100/><E129/><V71/><F71/><W91/><G91/><T128/><D128/><U105/><E62/><V28/><F45/><W126/><G126/><T72/><D72/><U112/><E112/><V115/><F115/><W10/><G14/><T79/><D79/><U63/><E63/><V67/><F67/><W27/><G27/><T59/><D59/><U13/><E86/><V16/><F64/><RYUUKYOKU ba="0,1" sc="156,15,246,-15,246,-15,342,15" hai0="42,44,50,60,66,70,75,76,82,99" hai3="8,9,10,20,22,46,48,52,92,95,96,102,103" /><INIT seed="3,1,1,0,0,35" ten="171,231,231,357" oya="3" hai0="18,66,123,3,23,46,7,71,52,26,75,55,108" hai1="36,115,69,95,10,116,68,49,50,33,105,27,114" hai2="58,41,73,25,67,131,130,133,84,81,118,60,12" hai3="127,61,59,14,64,9,15,6,24,51,29,98,91"/><W129/><G127/><T106/><D123/><U82/><E105/><V34/><F118/><W94/><G129/><N who="2" m="49161" /><F133/><W122/><G122/><T30/><D106/><U100/><E36/><V62/><F12/><W53/><G15/><T109/><D75/><U92/><E82/><V65/><F41/><W2/><G14/><N who="0" m="9687" /><D66/><U97/><E116/><V63/><F73/><W103/><G91/><T5/><D71/><U132/><E132/><V80/><F58/><W40/><G40/><T96/><D96/><U88/><E69/><V120/><F120/><W31/><REACH who="3" step="1"/><G24/><REACH who="3" ten="171,231,231,347" step="2"/><T110/><D7/><U99/><E115/><V37/><F25/><W48/><G48/><T85/><D26/><U101/><E114/><V102/><F37/><W39/><G39/><T76/><D5/><U134/><E27/><V16/><F63/><W8/><G8/><T111/><D108/><U28/><E10/><V90/><F62/><W32/><G32/><T83/><D30/><U104/><E28/><V19/><F34/><W117/><G117/><T38/><D3/><U128/><E33/><V70/><F19/><W43/><G43/><AGARI ba="1,2" hai="38,43,46,52,55,76,83,85,109,110,111" m="9687" machi="43" ten="30,2000,0" yaku="14,1,54,1" doraHai="35" who="0" fromWho="3" sc="171,43,231,0,231,0,347,-23" /><INIT seed="4,0,0,3,5,63" ten="214,231,231,324" oya="0" hai0="9,50,104,4,19,32,134,96,97,34,48,46,131" hai1="25,38,108,3,53,113,0,127,124,114,15,118,122" hai2="83,125,22,59,31,99,123,89,42,27,79,5,17" hai3="107,10,1,91,21,57,109,60,54,71,84,74,100"/><T76/><D34/><U61/><E38/><V112/><F123/><W64/><G74/><T69/><D32/><U85/><E122/><V135/><F125/><N who="1" m="48201" /><E108/><V121/><F121/><W77/><G109/><T23/><D131/><U87/><E118/><V129/><F129/><W72/><G72/><T75/><D134/><U130/><E130/><V102/><F135/><W39/><G39/><T45/><D69/><U12/><E25/><V36/><F5/><W37/><G37/><T128/><D104/><U68/><E53/><V28/><F89/><W93/><G77/><T56/><D56/><U33/><E33/><V133/><F133/><W132/><G132/><T49/><D128/><U6/><E6/><V55/><F112/><N who="1" m="43113" /><E85/><V105/><F42/><W51/><G107/><T43/><D43/><U103/><E87/><V24/><F36/><W86/><G86/><T35/><D35/><U98/><E15/><V95/><F24/><W58/><G84/><T101/><D76/><U13/><E12/><V44/><F79/><W65/><G71/><T62/><D75/><U26/><E13/><V92/><F83/><W16/><G1/><T80/><D80/><U52/><E26/><V66/><F31/><W73/><G73/><T117/><D4/><U30/><E30/><V82/><F28/><W110/><G110/><T119/><D9/><U41/><E41/><V90/><F82/><W67/><G10/><T94/><D119/><U40/><E40/><V126/><F126/><W116/><G116/><T7/><D7/><U20/><E0/><V115/><F115/><W2/><G2/><RYUUKYOKU ba="0,0" sc="214,0,231,0,231,0,324,0" /><INIT seed="5,1,0,0,2,30" ten="214,231,231,324" oya="1" hai0="129,6,63,7,80,75,35,91,20,41,82,133,68" hai1="121,31,9,32,44,125,81,17,25,131,10,128,39" hai2="113,67,112,61,54,34,50,104,13,76,94,36,110" hai3="21,72,103,107,124,52,28,18,111,87,102,26,24"/><U2/><E121/><V47/><F104/><W74/><G111/><T105/><D105/><U42/><E125/><V98/><F110/><W130/><G124/><T14/><D35/><U117/><E117/><V71/><F76/><W99/><G130/><N who="1" m="49706" /><E81/><V5/><F34/><W97/><G87/><T40/><D129/><U83/><E83/><N who="0" m="31785" /><D68/><U19/><E10/><V118/><F118/><W101/><G52/><T33/><D33/><U120/><E120/><V84/><F84/><W100/><REACH who="3" step="1"/><G99/><REACH who="3" ten="214,231,231,314" step="2"/><T48/><D75/><U3/><E3/><V27/><F98/><W55/><G55/><T57/><D41/><U46/><E2/><V51/><F54/><W114/><G114/><T65/><D133/><U79/><E42/><V43/><F113/><W123/><G123/><T127/><D127/><U0/><E0/><V23/><F112/><W8/><G8/><T90/><D40/><U126/><E9/><V132/><F132/><W135/><G135/><T109/><D109/><U38/><E126/><V56/><F43/><W45/><G45/><T49/><D49/><U16/><E44/><V119/><F51/><W66/><G66/><T64/><D64/><U22/><E46/><V1/><F50/><W62/><G62/><T15/><D48/><U115/><E115/><V95/><F47/><W73/><G73/><T69/><D63/><U116/><E116/><V134/><F61/><W96/><G96/><T85/><D65/><U88/><E39/><V77/><F36/><W58/><G58/><T92/><D57/><U59/><E59/><V86/><F56/><W12/><G12/><RYUUKYOKU ba="1,1" sc="214,-10,231,-10,231,-10,314,30" hai3="18,21,24,26,28,72,74,97,100,101,102,103,107" /><INIT seed="6,2,1,3,2,131" ten="204,221,221,344" oya="2" hai0="112,59,57,31,97,14,39,15,70,58,88,2,126" hai1="90,64,74,17,13,37,19,125,12,21,82,0,114" hai2="29,46,7,108,84,66,81,130,63,16,3,122,52" hai3="26,133,129,80,4,61,123,60,44,94,49,75,78"/><V103/><F122/><W110/><G123/><T83/><D2/><U132/><E0/><V92/><F130/><W99/><G129/><T98/><D39/><U1/><E1/><V34/><F34/><W135/><G4/><T54/><D70/><U20/><E114/><V24/><F29/><W55/><G26/><T120/><D120/><U118/><E118/><V72/><F72/><W65/><G110/><T91/><D31/><U53/><E125/><V56/><F7/><W73/><G75/><T100/><D126/><U116/><E116/><V32/><F32/><W43/><G43/><T18/><D112/><U96/><E37/><V22/><F3/><W109/><G109/><T47/><D14/><U102/><E53/><V86/><F108/><W124/><G124/><T85/><D91/><U79/><E64/><V10/><F10/><W8/><G8/><N who="0" m="6503" /><D100/><U107/><E90/><V30/><F30/><W117/><G117/><T28/><D28/><U42/><E42/><V33/><F33/><W101/><REACH who="3" step="1"/><G61/><REACH who="3" ten="204,221,221,334" step="2"/><T23/><D23/><U35/><E35/><V68/><F22/><W93/><G93/><T69/><D69/><AGARI ba="2,2" hai="44,49,55,60,65,69,73,78,80,94,99,101,133,135" machi="69" ten="40,8000,1" yaku="1,1,52,2,53,1" doraHai="131" doraHaiUra="89" who="3" fromWho="0" sc="204,-86,221,0,221,0,334,106" /><INIT seed="7,0,0,5,0,51" ten="118,221,221,440" oya="3" hai0="20,87,43,78,57,135,68,33,86,31,60,72,107" hai1="10,119,88,131,4,59,113,129,92,93,18,62,108" hai2="32,50,109,74,89,17,37,3,122,30,9,45,126" hai3="95,116,29,128,121,0,106,41,67,66,127,13,14"/><W53/><G106/><T48/><D135/><U11/><E108/><V26/><F109/><W105/><G105/><T64/><D20/><U82/><E113/><V111/><F111/><W55/><G41/><T5/><D5/><U91/><E119/><V16/><F37/><W125/><G95/><N who="1" m="36426" /><E18/><V1/><F74/><W133/><G29/><T39/><D107/><U110/><E110/><V8/><F89/><N who="1" m="34377" /><E4/><V63/><F63/><W58/><G58/><T120/><D120/><U103/><E103/><V61/><F61/><W71/><G0/><T2/><D2/><U118/><E82/><V80/><F80/><W24/><G24/><T117/><D117/><U46/><E46/><V69/><F69/><W70/><G121/><T34/><D72/><U28/><E28/><V123/><F122/><W99/><G116/><T132/><D132/><U23/><E23/><V35/><F123/><W22/><G22/><T42/><D42/><U96/><E96/><V98/><F98/><W73/><G73/><T130/><D130/><N who="1" m="49675" /><E118/><V19/><F35/><W40/><G128/><T124/><D124/><U54/><AGARI ba="0,0" hai="10,11,54,59,62" m="49675,34377,36426" machi="54" ten="30,4000,0" yaku="19,1,52,1,54,1" doraHai="51" who="1" fromWho="1" sc="118,-10,221,40,221,-10,440,-20" owari="108,-39.0,261,6.0,211,-19.0,420,52.0" /></mjloggm>