<mjloggm ver="2.3"><GO type="41" lobby="0"/><UN n0="%E7%94%B0%E4%B8%AD%E3%81%BE%E3%81%95%E3%81%8A" n1="%E5%B0%B1%E6%B4%BB%E7%94%9F%40%E5%B7%9D%E6%9D%91%E8%BB%8D%E5%9B%A3" n2="%70%6F%6E%6C%6F%6E" n3="%63%6B%62" dan="13,15,14,13" rate="1875.63,2029.73,1938.83,1927.14" sx="M,M,M,M"/><TAIKYOKU oya="0"/><INIT seed="0,0,0,4,4,8" ten="250,250,250,250" oya="0" hai0="63,107,33,39,103,36,87,130,65,85,117,67,12" hai1="113,6,17,49,18,75,40,5,64,68,125,61,110" hai2="133,2,111,47,62,19,104,30,97,9,71,105,124" hai3="74,79,96,121,45,116,90,109,80,70,95,72,48"/><T112/><D112/><U53/><E75/><V76/><F133/><W3/><G116/><T120/><D117/><U55/><E113/><V129/><F124/><W42/><G121/><T83/><D120/><U100/><E125/><V15/><F129/><W88/><G109/><T52/><D33/><U27/><E110/><V20/><F111/><W114/><G114/><T86/><D130/><U132/><E132/><V127/><F127/><W29/><G3/><T14/><D107/><U134/><E134/><V92/><F76/><W73/><G70/><T98/><D83/><U99/><E40/><V25/><F47/><W78/><G29/><T35/><D35/><U50/><E6/><V16/><F71/><W108/><G108/><T24/><D24/><U58/><E5/><V82/><F82/><W122/><G122/><T44/><D39/><U131/><E131/><V119/><F62/><W0/><G0/><T93/><D36/><U66/><E66/><N who="0" m="25097" /><D63/><U89/><E27/><V7/><F119/><W118/><G118/><T91/><D103/><U135/><E135/><V126/><F126/><W41/><G41/><T11/><D11/><U23/><E23/><V54/><F54/><W77/><G42/><T26/><D26/><U69/><E69/><V38/><F38/><W13/><G13/><T123/><D123/><U81/><E100/><N who="2" m="60455" /><F19/><W57/><G45/><T1/><D1/><U46/><E81/><V106/><F106/><W84/><G48/><AGARI ba="0,0" hai="12,14,44,48,52,85,86,87,91,93,98" m="25097" machi="48" ten="30,11600,0" yaku="8,1,52,2,54,1" doraHai="8" who="0" fromWho="3" sc="250,116,250,0,250,0,250,-116" /><INIT seed="0,1,0,4,3,131" ten="366,250,250,134" oya="0" hai0="91,84,30,27,48,121,5,12,26,87,28,94,71" hai1="97,123,129,2,108,40,15,16,83,35,116,76,13" hai2="20,113,1,52,80,133,59,122,45,119,47,18,36" hai3="46,74,79,41,24,37,102,134,111,100,42,125,50"/><T98/><D121/><U64/><E2/><V55/><F1/><W19/><G125/><T78/><D71/><U103/><E116/><V107/><F107/><W51/><G111/><T31/><D48/><U77/><E123/><V60/><F122/><W82/><G134/><T114/><D114/><U3/><E129/><V101/><F113/><W106/><G106/><T135/><D135/><U67/><E3/><V63/><F101/><W115/><G115/><T11/><D78/><U9/><E35/><V33/><F33/><W58/><G41/><T105/><D105/><U57/><E108/><V86/><F133/><W62/><G24/><AGARI ba="1,0" hai="5,11,12,24,26,27,28,30,31,84,87,91,94,98" machi="24" ten="40,2000,0" yaku="8,1" doraHai="131" who="0" fromWho="3" sc="366,23,250,0,250,0,134,-23" /><INIT seed="0,2,0,3,4,67" ten="389,250,250,111" oya="0" hai0="29,53,60,30,6,32,72,75,59,37,18,57,54" hai1="132,102,50,114,44,113,134,12,13,101,108,86,78" hai2="80,11,91,70,131,115,64,122,35,97,111,76,9" hai3="96,106,2,20,28,71,31,94,88,8,130,105,66"/><T62/><D37/><U74/><E74/><V99/><F122/><W34/><G34/><T26/><D30/><U77/><E86/><V10/><F35/><W69/><G66/><T120/><D120/><U40/><E108/><V21/><F111/><W109/><G109/><T87/><D6/><U43/><E44/><V41/><F115/><W92/><G8/><T121/><D121/><U110/><E110/><V127/><F41/><W47/><G2/><T27/><D27/><U93/><E50/><V85/><F127/><W135/><G47/><T83/><REACH who="0" step="1"/><D18/><REACH who="0" ten="379,250,250,111" step="2"/><U125/><E125/><V33/><F33/><W65/><G20/><T68/><D68/><N who="3" m="26185" /><G31/><T84/><D84/><U7/><E7/><V81/><F70/><W63/><G28/><T52/><D52/><U103/><E114/><V104/><F64/><W55/><G65/><T1/><D1/><U22/><E113/><V89/><F21/><W133/><G55/><T82/><D82/><U14/><E22/><V90/><F11/><W48/><G63/><T24/><D24/><U79/><E93/><N who="2" m="56495" /><F10/><W73/><G73/><T51/><D51/><U46/><E46/><V5/><F9/><W38/><G48/><T119/><D119/><U117/><E117/><V61/><F5/><W98/><G38/><T19/><D19/><U56/><E56/><V95/><F61/><W25/><G25/><T116/><D116/><U36/><E36/><V17/><F17/><W107/><G130/><T129/><D129/><U124/><E124/><V42/><F131/><W58/><G58/><T123/><D123/><U49/><E49/><RYUUKYOKU ba="2,1" sc="379,10,250,10,250,-30,111,10" hai0="26,29,32,53,54,57,59,60,62,72,75,83,87" hai1="12,13,14,40,43,77,78,79,101,102,103,132,134" hai3="88,92,94,96,98,105,106,107,133,135" /><INIT seed="0,3,1,0,1,35" ten="389,260,220,121" oya="0" hai0="92,25,121,42,0,134,59,62,133,56,13,63,107" hai1="3,51,32,7,122,57,76,43,95,104,47,41,19" hai2="89,48,87,12,129,81,90,17,114,27,88,132,52" hai3="38,50,39,110,103,68,37,126,44,84,131,70,24"/><T71/><D121/><U64/><E104/><V123/><F114/><W115/><G103/><T45/><D107/><U83/><E122/><V82/><F123/><W98/><G98/><T116/><D71/><U113/><E32/><V21/><F132/><W130/><G84/><T102/><D116/><U111/><E113/><V127/><F129/><W1/><G24/><T9/><D25/><U53/><E111/><V67/><F127/><W4/><G115/><T5/><D102/><U100/><E19/><V112/><F67/><W77/><G77/><T96/><D92/><U109/><E109/><V118/><F118/><W23/><G110/><T105/><D96/><U54/><E95/><V33/><F112/><W65/><G23/><T58/><D105/><U36/><E100/><V8/><F81/><W29/><G29/><T18/><D18/><U34/><E34/><V91/><F33/><W46/><G4/><T74/><D13/><U97/><E97/><V106/><F106/><W55/><G1/><T20/><D20/><U49/><E7/><V28/><REACH who="2" step="1"/><F91/><REACH who="2" ten="389,260,210,121" step="2"/><W75/><G126/><T15/><D134/><U93/><E64/><V86/><F86/><W85/><G85/><T78/><D133/><U61/><E83/><V31/><F31/><W125/><G125/><T135/><D135/><U30/><E30/><V108/><F108/><W6/><G75/><T128/><D74/><U11/><E93/><V2/><F2/><W69/><G130/><T40/><D128/><U10/><E3/><V94/><F94/><W117/><G131/><T99/><D0/><U120/><E120/><RYUUKYOKU ba="3,2" sc="389,-10,260,-10,210,30,121,-10" hai2="8,12,17,21,27,28,48,52,82,87,88,89,90" /><INIT seed="1,4,2,2,5,122" ten="379,250,240,111" oya="1" hai0="54,130,95,48,133,131,132,129,56,89,116,110,69" hai1="135,3,59,49,29,78,46,44,1,5,31,83,51" hai2="120,45,76,84,62,111,102,16,26,52,90,103,65" hai3="128,7,115,125,118,124,50,64,107,41,12,101,99"/><U27/><E135/><N who="0" m="51785" /><D110/><U55/><E59/><V0/><F120/><W105/><G118/><T70/><D116/><U14/><E14/><V117/><F117/><W57/><G115/><T81/><D81/><U21/><E29/><V119/><F111/><W123/><G123/><T40/><D40/><U73/><E5/><V24/><F0/><W94/><G128/><T106/><D106/><U113/><E113/><V121/><F76/><W15/><G7/><T71/><D71/><U80/><E80/><V72/><F72/><W75/><G75/><T13/><D13/><U37/><E37/><V6/><F121/><W47/><G12/><T104/><D104/><U33/><E33/><V60/><F6/><W66/><G15/><T93/><D93/><U2/><E2/><V38/><F119/><W8/><G8/><T68/><D68/><U19/><E31/><V4/><F4/><W22/><G22/><T17/><D17/><U112/><E112/><V30/><F26/><W20/><G20/><T9/><D9/><U114/><E114/><V77/><F77/><W79/><G79/><T61/><D61/><N who="2" m="23658" /><F65/><N who="3" m="25195" /><G57/><T36/><D36/><U35/><E35/><V126/><F30/><W67/><N who="3" m="25203" /><W108/><DORA hai="92" /><G108/><T87/><AGARI ba="4,2" hai="48,54,56,69,70,87,89,95,129,130,131" m="51785" machi="87" ten="40,2700,0" yaku="19,1,20,1" doraHai="122,92" who="0" fromWho="0" sc="379,59,250,-17,240,-11,111,-11" /><INIT seed="2,0,0,0,0,16" ten="438,233,229,100" oya="2" hai0="19,113,21,83,77,42,36,50,41,46,14,13,27" hai1="115,130,127,35,2,18,11,122,80,124,103,75,73" hai2="107,123,24,63,10,55,59,110,60,8,47,90,72" hai3="39,125,109,12,37,70,128,112,129,51,105,52,99"/><V117/><F117/><W32/><G32/><T82/><D113/><U3/><E35/><V17/><F123/><W102/><G112/><T54/><D41/><U85/><E3/><V1/><F107/><W53/><G70/><T76/><D83/><U118/><E2/><V135/><F72/><N who="1" m="27721" /><E11/><N who="2" m="4139" /><F1/><W4/><G4/><T100/><D100/><U69/><E69/><V86/><F135/><W9/><G53/><T57/><D77/><N who="1" m="46223" /><E18/><V45/><F110/><W98/><G109/><T92/><D92/><U38/><E38/><V133/><F133/><W74/><G74/><AGARI ba="0,0" hai="13,14,19,21,27,36,42,46,50,54,57,74,76,82" machi="74" ten="30,2000,0" yaku="7,1,52,1" doraHai="16" who="0" fromWho="3" sc="438,20,233,0,229,0,100,-20" /><INIT seed="3,0,0,0,1,115" ten="458,233,229,80" oya="3" hai0="42,124,30,112,49,5,127,81,90,38,53,113,116" hai1="64,89,121,56,134,108,46,19,27,66,76,14,68" hai2="70,11,79,101,109,17,111,40,39,1,84,25,106" hai3="117,114,7,4,35,50,57,93,69,0,12,105,62"/><W36/><G105/><T122/><D116/><U95/><E68/><V130/><F70/><W78/><G36/><T34/><D122/><U135/><E121/><V100/><F40/><W44/><G35/><T86/><D5/><U83/><E108/><V120/><F39/><W104/><G0/><T20/><D34/><U59/><E27/><V82/><F120/><W71/><G104/><T75/><D75/><U91/><E46/><V43/><F43/><W13/><G114/><N who="0" m="44139" /><D42/><U24/><E24/><V107/><F25/><W61/><G78/><T3/><D3/><U52/><E59/><V98/><F17/><W18/><G117/><T99/><D99/><U63/><E91/><V126/><F11/><W80/><G80/><T9/><D9/><U102/><E102/><V131/><F1/><W77/><G77/><T110/><D110/><N who="2" m="41994" /><F126/><W26/><G93/><T67/><D67/><U88/><E89/><V123/><F123/><W72/><G72/><T41/><D41/><U21/><E83/><V6/><F6/><W29/><G29/><T22/><D38/><U51/><E76/><V132/><F132/><N who="1" m="50729" /><E63/><V33/><F33/><W28/><G61/><T15/><D30/><U60/><E60/><V97/><AGARI ba="0,0" hai="79,82,84,97,98,100,101,106,107,130,131" m="41994" machi="97" ten="30,4000,0" yaku="14,1,34,2" doraHai="115" who="2" fromWho="2" sc="458,-10,233,-10,229,40,80,-20" /><INIT seed="4,0,0,2,4,7" ten="448,223,269,60" oya="0" hai0="71,18,41,36,85,129,30,100,88,72,62,52,49" hai1="131,65,96,66,93,20,132,2,73,21,68,127,55" hai2="63,105,69,108,4,130,89,98,75,80,67,92,128" hai3="54,5,99,94,83,57,116,23,76,123,82,70,106"/><T44/><D129/><U133/><E73/><V109/><F4/><W22/><G70/><T97/><D72/><U9/><E127/><V40/><F40/><W81/><G106/><T125/><D125/><U42/><E131/><V86/><F130/><W103/><G116/><T45/><D30/><U79/><E79/><N who="2" m="44159" /><F128/><W134/><G123/><T91/><D18/><U51/><E42/><V46/><F46/><W58/><G134/><N who="1" m="51818" /><E68/><V117/><F117/><W61/><G76/><T77/><D77/><U24/><E21/><V112/><F112/><W47/><G47/><T1/><D1/><U11/><E2/><V53/><F53/><W95/><G5/><T60/><D85/><U110/><E66/><V135/><F135/><W43/><G43/><T115/><D115/><U124/><E65/><V84/><F84/><W31/><G31/><T74/><D74/><U39/><E39/><V102/><AGARI ba="0,0" hai="63,67,69,86,89,92,98,102,105,108,109" m="44159" machi="102" ten="30,1100,0" yaku="24,1" doraHai="7" who="2" fromWho="2" sc="448,-5,223,-3,269,11,60,-3" /><BYE who="1" /><INIT seed="5,0,0,0,4,124" ten="443,220,280,57" oya="1" hai0="100,6,82,123,101,58,41,60,120,25,79,24,34" hai1="102,16,12,92,98,132,128,105,73,64,114,5,28" hai2="109,107,63,97,33,91,130,127,22,4,52,74,8" hai3="83,45,87,90,121,71,66,134,95,69,94,108,29"/><U40/><E40/><V0/><F33/><UN n1="%E5%B0%B1%E6%B4%BB%E7%94%9F%40%E5%B7%9D%E6%9D%91%E8%BB%8D%E5%9B%A3" /><W135/><G121/><N who="0" m="46667" /><D6/><U38/><E73/><V75/><F109/><W31/><G66/><N who="0" m="39191" /><D41/><U49/><E38/><V1/><F127/><W113/><G45/><T14/><D14/><U35/><E114/><V17/><F0/><W99/><G108/><T59/><D59/><U15/><E132/><V9/><F9/><W117/><G113/><T112/><D112/><U61/><E128/><V43/><F43/><W133/><G117/><T118/><D118/><U26/><E49/><V131/><F107/><W51/><G51/><T122/><D122/><U96/><E5/><V80/><F97/><W88/><REACH who="3" step="1"/><G83/><REACH who="3" ten="443,220,280,47" step="2"/><T7/><D82/><U84/><E84/><N who="2" m="50567" /><F63/><W62/><G62/><T39/><D39/><U106/><E106/><V27/><F52/><W48/><G48/><T93/><D93/><U56/><E96/><V86/><F86/><W47/><G47/><T104/><D104/><U81/><E81/><V72/><F72/><W78/><G78/><T21/><D79/><U125/><E125/><V10/><F75/><W36/><G36/><T37/><D37/><U70/><E92/><V55/><F74/><W110/><G110/><T119/><D119/><U30/><E64/><V65/><F55/><W11/><G11/><T46/><D46/><U103/><E61/><V85/><F65/><W53/><G53/><T54/><D54/><U50/><E105/><V116/><F85/><W68/><AGARI ba="0,1" hai="29,31,68,69,71,87,88,90,94,95,99,133,134,135" machi="68" ten="40,8000,1" yaku="1,1,0,1,20,1,54,1,53,0" doraHai="124" doraHaiUra="57" who="3" fromWho="3" sc="443,-20,220,-40,280,-20,47,90" /><INIT seed="6,0,0,1,1,16" ten="423,180,260,137" oya="2" hai0="110,121,120,13,57,129,58,90,7,86,111,55,8" hai1="30,105,70,122,51,48,33,124,104,42,131,2,61" hai2="134,118,64,109,19,132,81,84,107,25,22,117,6" hai3="68,94,95,1,99,4,49,72,78,40,63,125,9"/><V10/><F107/><W23/><G125/><T62/><D129/><U119/><E2/><V52/><F64/><W89/><G78/><T73/><D73/><U56/><E119/><V97/><F97/><W12/><G72/><T85/><D85/><U135/><E122/><V127/><F127/><W115/><G115/><T26/><D26/><U54/><E124/><V77/><F109/><W36/><G36/><T15/><D15/><U31/><E131/><V114/><F114/><W67/><G40/><T80/><D111/><U101/><E135/><V100/><F52/><W3/><G49/><T44/><D44/><U38/><E48/><V79/><F100/><W5/><G5/><T18/><D7/><U17/><E17/><V35/><F79/><W20/><REACH who="3" step="1"/><G94/><REACH who="3" ten="423,180,260,127" step="2"/><T133/><D110/><U82/><E51/><V112/><F112/><W102/><G102/><T65/><D133/><N who="2" m="51306" /><F35/><W83/><G83/><T27/><D80/><U45/><E101/><V46/><F46/><W37/><G37/><T76/><D76/><U91/><E82/><V32/><F32/><W92/><G92/><T50/><D121/><U60/><E42/><V103/><F103/><W130/><G130/><T87/><D120/><U59/><E45/><V14/><AGARI ba="0,1" hai="6,10,14,19,22,25,77,81,84,117,118" m="51306" machi="14" ten="30,3000,0" yaku="20,1,52,1" doraHai="16" who="2" fromWho="2" sc="423,-10,180,-10,260,40,127,-10" /><INIT seed="6,1,0,1,4,88" ten="413,170,300,117" oya="2" hai0="14,57,19,96,105,82,39,63,32,6,15,79,118" hai1="69,99,133,7,120,59,4,27,18,3,81,50,131" hai2="94,29,41,84,122,0,52,62,132,98,10,47,20" hai3="44,124,54,49,102,53,17,16,30,66,45,36,128"/><V51/><F122/><W22/><G124/><T135/><D32/><U76/><E69/><V72/><F132/><W87/><G128/><T26/><D26/><U56/><E133/><V61/><F72/><W125/><G125/><T34/><D34/><U112/><E120/><V33/><F33/><W8/><G102/><T107/><D39/><U21/><E112/><V90/><F0/><W115/><G115/><T134/><D118/><U117/><E117/><V1/><F1/><W80/><G66/><N who="0" m="39279" /><D96/><U121/><E121/><V114/><F10/><W129/><G129/><T95/><D95/><U85/><E131/><V24/><F114/><W65/><G65/><T106/><D6/><N who="1" m="2091" /><E3/><V58/><REACH who="2" step="1"/><F98/><REACH who="2" ten="413,170,290,117" step="2"/><W5/><G8/><N who="0" m="6599" /><D135/><U70/><E99/><V75/><F75/><W86/><G5/><T73/><D134/><U101/><E85/><V31/><F31/><W13/><G87/><T28/><D73/><U126/><E126/><V35/><F35/><W123/><G123/><T127/><D28/><U71/><E21/><V103/><F103/><W37/><G86/><T60/><D127/><U78/><E101/><V67/><F67/><W42/><G80/><T97/><D82/><U11/><E81/><V23/><F23/><W43/><G30/><T83/><D97/><U68/><E11/><V113/><F113/><W109/><G109/><T89/><D83/><U108/><E108/><V64/><F64/><W9/><G49/><AGARI ba="1,1" hai="20,24,29,41,47,49,51,52,58,61,62,84,90,94" machi="49" ten="30,12000,1" yaku="1,1,7,1,8,1,52,1,54,1,53,0" doraHai="88" doraHaiUra="93" who="2" fromWho="3" sc="413,0,170,0,290,133,117,-123" owari="413,21.0,170,-23.0,423,53.0,-6,-51.0" /></mjloggm>