<mjloggm ver="2.3"><GO type="41" lobby="0"/><UN n0="%E9%80%9F%E6%94%BB%E6%88%A6%E5%A3%AB%EF%BC%81" n1="%61%69%67%69%6E%61" n2="%E3%81%94%E3%82%93%E3%81%9F%E3%81%95%E3%82%93%E2%99%AA" n3="%E5%B0%B1%E6%B4%BB%E7%94%9F%40%E5%B7%9D%E6%9D%91%E8%BB%8D%E5%9B%A3" dan="14,14,14,15" rate="1951.06,1899.89,1936.33,2025.77" sx="M,M,M,M"/><TAIKYOKU oya="0"/><INIT seed="0,0,0,2,0,14" ten="250,250,250,250" oya="0" hai0="126,85,8,6,34,11,47,12,70,135,28,117,69" hai1="72,90,52,65,130,109,112,20,128,58,83,74,19" hai2="61,87,27,105,17,63,110,51,49,94,26,15,88" hai3="132,32,50,67,35,111,81,2,41,127,3,62,4"/><T23/><D117/><U31/><E112/><V84/><F110/><W57/><G127/><T44/><D126/><U29/><E109/><V10/><F105/><W91/><G132/><T134/><D34/><U131/><E65/><V129/><F129/><W42/><G111/><T98/><D98/><U125/><E125/><V120/><F87/><W43/><G4/><T46/><D28/><U66/><E66/><V60/><REACH who="2" step="1"/><F120/><REACH who="2" ten="250,250,240,250" step="2"/><W30/><G3/><T101/><D85/><N who="1" m="50495" /><E74/><V1/><F1/><W5/><G2/><T99/><D134/><U100/><E72/><V95/><F95/><W118/><G118/><T96/><D135/><U102/><E102/><V25/><AGARI ba="0,1" hai="10,15,17,25,26,27,49,51,60,61,63,84,88,94" machi="25" ten="30,8000,1" yaku="1,1,0,1,8,1,52,1,54,1,53,0" doraHai="14" doraHaiUra="38" who="2" fromWho="2" sc="250,-40,250,-20,240,90,250,-20" /><INIT seed="1,0,0,4,5,36" ten="210,230,330,230" oya="1" hai0="2,24,118,46,33,26,63,52,56,79,99,28,126" hai1="98,130,123,30,65,29,4,119,95,108,89,132,60" hai2="5,64,22,125,82,67,37,49,55,88,14,94,20" hai3="131,25,134,73,86,128,110,27,70,45,127,15,18"/><U3/><E119/><V83/><F125/><W84/><G73/><T69/><D79/><U102/><E123/><V91/><F37/><W101/><G70/><T106/><D118/><U51/><E132/><V103/><F103/><W90/><G101/><T1/><D126/><U61/><E130/><N who="3" m="49706" /><G127/><T78/><D78/><U129/><E129/><V81/><F5/><W113/><G134/><T58/><D24/><N who="3" m="9289" /><G113/><T62/><D46/><U107/><E108/><V6/><F6/><W75/><G75/><T100/><REACH who="0" step="1"/><D69/><REACH who="0" ten="200,230,330,230" step="2"/><U48/><E65/><AGARI ba="0,1" hai="1,2,26,28,33,52,56,58,62,63,65,99,100,106" machi="65" ten="30,7700,0" yaku="1,1,2,1,7,1,54,1,53,0" doraHai="36" doraHaiUra="16" who="0" fromWho="1" sc="200,87,230,-77,330,0,230,0" /><INIT seed="2,0,0,5,1,17" ten="287,153,330,230" oya="2" hai0="59,57,3,90,94,114,125,34,19,111,96,5,72" hai1="107,41,0,84,100,39,129,92,87,93,40,120,121" hai2="86,130,118,83,122,119,70,2,42,112,31,35,23" hai3="81,134,13,22,123,133,68,91,69,53,77,28,88"/><V18/><F70/><N who="3" m="27243" /><G123/><T89/><D34/><U74/><E0/><V49/><F122/><W113/><G113/><T82/><D114/><U24/><E129/><V75/><F130/><W11/><G53/><T104/><D125/><U7/><E7/><V36/><F112/><W43/><G43/><T80/><D111/><U116/><E74/><V105/><F105/><W30/><G30/><T106/><D3/><U48/><E116/><V126/><F126/><W103/><G103/><T85/><D5/><U132/><E39/><V67/><F75/><N who="3" m="43199" /><G11/><T78/><D19/><U46/><E40/><V6/><F31/><W131/><G131/><T64/><D64/><U60/><E84/><V128/><F128/><W79/><G79/><T54/><REACH who="0" step="1"/><D57/><REACH who="0" ten="277,153,330,230" step="2"/><U101/><E121/><V27/><F67/><W9/><G9/><T14/><D14/><U10/><E120/><V65/><F65/><W50/><G13/><T66/><D66/><U99/><E10/><V29/><F119/><W71/><G71/><T63/><AGARI ba="0,1" hai="54,59,63,72,78,80,82,85,89,90,94,96,104,106" machi="63" ten="20,2700,0" yaku="1,1,0,1,7,1,53,0" doraHai="17" doraHaiUra="4" who="0" fromWho="0" sc="277,37,153,-7,330,-13,230,-7" /><INIT seed="3,0,0,5,5,23" ten="314,146,317,223" oya="3" hai0="81,45,125,20,26,82,129,110,66,10,30,69,91" hai1="83,16,95,53,87,5,73,111,55,88,12,108,85" hai2="89,72,35,58,86,17,61,42,124,117,24,36,41" hai3="14,51,4,132,57,8,2,76,100,74,98,39,18"/><W7/><G39/><T71/><D110/><U3/><E73/><V46/><F72/><W130/><G132/><T6/><D125/><U59/><E3/><V84/><F124/><W38/><G130/><T31/><D129/><U34/><E34/><V44/><F117/><W135/><G38/><T120/><D120/><U114/><E5/><V56/><F89/><W103/><G135/><T101/><D101/><U123/><E114/><V60/><F58/><W99/><G74/><T22/><D45/><U11/><E123/><V134/><F61/><W107/><G76/><T28/><D66/><U133/><E133/><V67/><F134/><W121/><G121/><T48/><D48/><U128/><E128/><V0/><F0/><W116/><G116/><T43/><D43/><U109/><REACH who="1" step="1"/><E59/><REACH who="1" ten="314,136,317,223" step="2"/><V50/><F35/><W49/><G57/><T40/><D69/><U62/><E62/><V94/><F56/><W47/><G47/><T78/><D71/><U52/><E52/><V102/><F60/><W54/><G54/><T92/><D6/><U19/><E19/><V27/><F17/><W122/><G122/><T15/><D31/><U127/><E127/><V21/><F46/><W68/><G68/><T33/><D30/><U118/><E118/><V131/><F44/><W113/><G113/><T70/><D33/><U29/><E29/><V97/><F131/><W1/><G1/><T9/><D28/><U64/><E64/><V37/><F67/><W25/><G4/><T80/><D70/><U75/><E75/><V32/><F32/><W112/><G112/><T63/><D63/><RYUUKYOKU ba="0,1" sc="314,-10,136,30,317,-10,223,-10" hai1="11,12,16,53,55,83,85,87,88,95,108,109,111" /><INIT seed="4,1,1,0,3,69" ten="304,166,307,213" oya="0" hai0="10,73,57,25,133,34,130,85,49,112,132,40,27" hai1="48,93,5,35,76,44,4,115,47,37,63,135,15" hai2="56,123,68,20,126,98,28,87,14,2,105,51,22" hai3="53,110,30,38,86,121,127,19,134,0,114,92,107"/><T50/><D112/><U102/><E35/><V39/><F2/><W91/><G110/><T88/><D73/><U104/><E115/><V70/><F123/><W36/><G114/><T77/><D77/><U7/><E135/><N who="0" m="51785" /><D10/><U118/><E118/><V33/><F126/><W111/><G134/><T97/><D97/><U82/><E104/><V129/><F129/><W113/><G111/><T55/><D34/><U13/><E63/><V32/><F87/><W74/><G113/><T59/><D130/><U6/><N who="1" m="1536" /><DORA hai="66" /><U90/><E102/><V17/><F98/><W3/><G107/><T8/><D8/><U96/><E37/><V64/><F39/><W83/><G127/><T106/><D106/><U31/><E31/><V95/><F105/><W119/><G121/><T54/><D40/><U67/><E67/><V81/><F33/><W1/><G119/><T89/><D89/><U61/><E61/><V78/><F32/><W24/><G19/><T12/><D12/><U42/><REACH who="1" step="1"/><E44/><REACH who="1" ten="304,156,307,213" step="2"/><V52/><F28/><W71/><G71/><T94/><AGARI ba="1,2" hai="25,27,49,50,54,55,57,59,85,88,94" m="51785" machi="94" ten="30,3000,0" yaku="20,1,54,1" doraHai="69,66" who="0" fromWho="0" sc="304,53,156,-11,307,-11,213,-11" /><INIT seed="4,2,0,2,5,124" ten="357,145,296,202" oya="0" hai0="64,13,100,18,109,42,91,57,128,59,7,135,19" hai1="40,11,6,67,108,33,4,131,51,104,1,85,122" hai2="116,134,118,78,88,92,130,2,34,29,49,28,66" hai3="71,102,26,125,44,39,35,75,37,63,82,77,120"/><T115/><D115/><U114/><E108/><V45/><F2/><W83/><G125/><T95/><D109/><U58/><E104/><V127/><F127/><W69/><G120/><T119/><D119/><N who="2" m="45610" /><F78/><W56/><G83/><T21/><D135/><U36/><E122/><V32/><F134/><W9/><G102/><T133/><D128/><U106/><E106/><V16/><F66/><W107/><G107/><T52/><D7/><U47/><E33/><N who="2" m="12907" /><F130/><W14/><G26/><T101/><D42/><U24/><E24/><V112/><F112/><W43/><G37/><T79/><D19/><U30/><E114/><V53/><F16/><W99/><G99/><AGARI ba="2,0" hai="28,29,45,49,53,88,92,99" m="12907,45610" machi="99" ten="30,2000,0" yaku="12,1,54,1" doraHai="124" who="2" fromWho="3" sc="357,0,145,0,296,26,202,-26" /><INIT seed="5,0,0,3,0,71" ten="357,145,322,176" oya="1" hai0="50,105,17,73,83,75,9,98,55,87,132,119,54" hai1="93,69,115,48,125,134,39,114,63,14,21,70,29" hai2="113,103,112,25,59,108,79,130,102,1,0,56,53" hai3="86,2,45,101,10,82,95,131,104,47,88,24,96"/><U133/><E93/><V13/><F13/><W49/><G131/><T118/><D132/><N who="1" m="50795" /><E29/><V44/><F44/><W31/><G2/><N who="2" m="1129" /><F79/><W20/><G10/><T7/><D17/><N who="1" m="10423" /><E125/><V28/><F130/><W32/><G32/><T61/><D61/><U97/><E97/><V12/><F12/><W74/><G49/><T122/><D122/><U42/><E48/><N who="2" m="30759" /><F59/><W127/><G127/><T78/><D55/><U107/><E107/><V26/><F108/><W11/><G11/><T128/><D128/><U34/><E34/><N who="2" m="20751" /><F26/><W35/><G35/><T135/><D135/><U36/><E42/><V46/><F46/><W120/><G120/><T51/><D51/><U65/><E70/><V121/><F121/><W67/><G67/><T126/><D126/><U110/><E110/><V90/><F90/><W60/><G60/><T116/><D105/><U40/><E40/><V72/><F72/><W5/><G5/><T4/><D98/><U66/><E66/><V68/><F68/><W3/><G3/><T64/><D64/><U100/><E100/><V62/><F62/><W109/><G109/><T16/><D4/><U123/><E123/><V94/><F94/><W27/><G27/><T23/><D7/><U6/><E6/><V19/><F19/><W58/><G58/><T111/><D111/><U91/><E91/><V92/><F92/><W84/><G84/><T22/><D9/><U80/><E80/><V89/><F89/><W117/><G117/><T124/><D124/><U41/><E41/><V81/><F81/><W57/><G57/><N who="0" m="32983" /><D23/><U30/><E30/><V85/><F85/><RYUUKYOKU ba="0,0" sc="357,0,145,0,322,0,176,0" hai0="16,22,73,75,78,83,87,116,118,119" hai1="36,39,63,65,69,114,115" hai2="102,103,112,113" hai3="20,24,31,45,47,74,82,86,88,95,96,101,104" /><INIT seed="5,1,0,0,2,119" ten="357,145,322,176" oya="1" hai0="23,21,135,59,8,17,118,52,35,91,111,101,2" hai1="54,80,45,37,100,102,84,99,46,124,81,74,55" hai2="62,106,48,12,33,116,126,133,89,60,83,109,15" hai3="29,77,1,112,13,108,85,90,16,26,25,32,9"/><U43/><E124/><V5/><F33/><W96/><G108/><T30/><D118/><U38/><E74/><V42/><F116/><W107/><G112/><T31/><D135/><U93/><E102/><V121/><F109/><W128/><G128/><T50/><D101/><U114/><E114/><V120/><F133/><W117/><G117/><T56/><D111/><U49/><E80/><V63/><F106/><W19/><G77/><T65/><D35/><U41/><REACH who="1" step="1"/><E49/><REACH who="1" ten="357,135,322,176" step="2"/><V71/><F48/><W87/><G107/><T24/><D50/><U44/><E44/><V11/><F83/><W58/><G96/><T76/><D76/><AGARI ba="1,1" hai="37,38,41,43,45,46,54,55,76,81,84,93,99,100" machi="76" ten="30,5800,0" yaku="1,1,7,1,9,1,53,0" doraHai="119" doraHaiUra="14" who="1" fromWho="0" sc="357,-61,135,71,322,0,176,0" /><INIT seed="5,2,0,0,5,133" ten="296,206,322,176" oya="1" hai0="39,48,71,55,61,22,117,83,79,91,3,35,27" hai1="122,58,29,88,95,87,111,32,103,51,7,121,8" hai2="19,40,63,44,45,66,102,42,2,43,54,12,125" hai3="135,53,60,15,47,28,84,113,77,123,127,9,101"/><U30/><E111/><V10/><F125/><W6/><G135/><T78/><D35/><U124/><E124/><V64/><F2/><W59/><G123/><T126/><D3/><U50/><E103/><V134/><F102/><W26/><G113/><T104/><D39/><U74/><E74/><V114/><F114/><W72/><G72/><T128/><D104/><U14/><E32/><V109/><F109/><W99/><G127/><T17/><D128/><U25/><E122/><V70/><F134/><W18/><G47/><T90/><D126/><U98/><E121/><V36/><REACH who="2" step="1"/><F66/><REACH who="2" ten="296,206,312,176" step="2"/><W1/><G1/><T89/><D117/><U33/><E30/><V119/><F119/><W130/><G130/><T67/><REACH who="0" step="1"/><D83/><REACH who="0" ten="286,206,312,176" step="2"/><U94/><E94/><V20/><F20/><W52/><G9/><T49/><D49/><AGARI ba="2,2" hai="10,12,19,36,40,42,43,44,45,49,54,63,64,70" machi="49" ten="40,1300,0" yaku="1,1,53,0" doraHai="133" doraHaiUra="92" who="2" fromWho="0" sc="286,-19,206,0,312,39,176,0" /><INIT seed="6,0,0,4,2,125" ten="267,206,351,176" oya="2" hai0="95,107,69,50,102,48,101,28,92,103,67,45,64" hai1="46,80,65,115,51,114,20,47,123,36,124,14,112" hai2="96,73,100,16,58,17,7,79,21,59,11,109,94" hai3="8,72,133,61,127,38,121,22,75,85,106,12,3"/><V57/><F109/><W32/><G127/><T119/><D119/><U131/><E124/><V113/><F113/><W23/><G32/><T27/><D107/><U49/><E80/><V5/><F73/><W117/><G121/><T71/><D27/><U78/><E78/><V116/><F79/><W34/><G117/><T37/><D37/><U84/><E84/><V15/><REACH who="2" step="1"/><F116/><REACH who="2" ten="267,206,341,176" step="2"/><W97/><G75/><T105/><D105/><U13/><E123/><V10/><F10/><W111/><G72/><T1/><D1/><U18/><E13/><AGARI ba="0,1" hai="5,7,11,13,15,16,17,21,57,58,59,94,96,100" machi="13" ten="40,7700,0" yaku="1,1,8,1,54,1,53,0" doraHai="125" doraHaiUra="108" who="2" fromWho="1" sc="267,0,206,-77,341,87,176,0" /><INIT seed="6,1,0,3,5,132" ten="267,129,428,176" oya="2" hai0="18,115,12,50,114,63,51,61,95,105,74,101,103" hai1="53,8,28,99,78,81,90,48,0,7,96,106,67" hai2="38,116,126,6,102,24,124,27,1,108,58,56,86" hai3="111,127,112,129,9,22,128,4,2,26,35,97,40"/><V49/><F38/><W73/><G73/><T41/><D74/><U19/><E106/><V118/><F108/><W121/><G40/><T88/><D105/><U130/><E130/><N who="3" m="50282" /><G97/><T54/><D41/><U84/><E28/><V16/><F102/><W25/><G111/><T21/><D51/><U5/><E67/><V17/><F86/><W14/><G121/><T135/><D135/><U10/><E19/><N who="2" m="7243" /><F1/><W34/><G112/><N who="0" m="43051" /><D101/><U76/><E76/><V37/><F6/><W71/><G71/><T60/><D103/><U3/><REACH who="1" step="1"/><E78/><REACH who="1" ten="267,119,428,176" step="2"/><V68/><F118/><W72/><G72/><T119/><D119/><U109/><E109/><V110/><F116/><W64/><G64/><T120/><D120/><U45/><AGARI ba="1,1" hai="0,3,5,7,8,10,45,48,53,81,84,90,96,99" machi="45" ten="20,5200,0" yaku="1,1,0,1,7,1,9,1,53,0" doraHai="132" doraHaiUra="30" who="1" fromWho="1" sc="267,-14,119,65,428,-27,176,-14" /><INIT seed="7,0,0,2,2,120" ten="253,184,401,162" oya="3" hai0="94,40,92,36,2,50,8,74,53,6,133,0,99" hai1="106,11,71,35,7,39,122,48,118,30,130,107,84" hai2="75,20,128,134,22,79,3,131,60,43,98,38,108" hai3="44,64,41,83,76,51,101,42,77,15,127,126,117"/><W81/><G117/><T37/><D133/><U5/><E122/><V135/><F108/><W29/><G29/><T34/><D74/><U27/><E71/><V129/><F3/><W91/><G101/><T57/><D34/><U19/><E118/><V55/><F43/><W90/><G64/><T59/><D0/><U88/><E39/><V45/><F38/><W46/><G15/><T132/><D132/><N who="2" m="50730" /><F98/><W14/><G14/><T97/><D59/><U67/><E67/><V112/><F112/><W70/><G51/><T26/><D26/><U111/><E111/><V85/><F75/><W69/><AGARI ba="0,0" hai="41,42,44,46,69,70,76,77,81,83,90,91,126,127" machi="69" ten="25,4800,0" yaku="0,1,22,2" doraHai="120" who="3" fromWho="3" sc="253,-16,184,-16,401,-16,162,48" /><INIT seed="7,1,0,4,4,132" ten="237,168,385,210" oya="3" hai0="91,111,7,127,80,114,59,122,85,116,74,115,21" hai1="99,46,117,126,60,62,133,68,118,123,109,19,106" hai2="71,54,26,39,42,86,101,16,95,70,44,89,130" hai3="35,78,48,12,125,108,124,55,79,131,134,2,27"/><W24/><G2/><T32/><D116/><U128/><E19/><V105/><F130/><W1/><G1/><T8/><D32/><U5/><E5/><V30/><F16/><W50/><G134/><T47/><D122/><U93/><E46/><V104/><F104/><W83/><G131/><T17/><D47/><U113/><E93/><V63/><F101/><W22/><G108/><T9/><D59/><U65/><E60/><V6/><F105/><W37/><G37/><T119/><D111/><U33/><E128/><V45/><F6/><W77/><G83/><T102/><D102/><U38/><E123/><V58/><F45/><W107/><G107/><T15/><D119/><U28/><E109/><V20/><AGARI ba="1,0" hai="20,26,30,39,42,44,54,58,63,70,71,86,89,95" machi="20" ten="20,1500,0" yaku="0,1,7,1" doraHai="132" who="2" fromWho="2" sc="237,-5,168,-5,385,18,210,-8" owari="232,3.0,163,-34.0,403,51.0,202,-20.0" /></mjloggm>