<mjloggm ver="2.3"><GO type="169" lobby="0"/><UN n0="%E3%82%A6%E3%82%A7%E3%83%AB" n1="%E3%82%AF%E3%83%AD%E3%83%8E%E3%82%B9%40" n2="%E3%82%A6%E3%83%AB%E3%83%88%E3%83%A9%E7%AB%8B%E7%9B%B4" n3="%6E%6E%6E%6E%6E%6E" dan="16,17,17,17" rate="2128.16,2204.01,2124.01,2171.14" sx="F,M,M,M"/><TAIKYOKU oya="0"/><INIT seed="0,0,0,2,0,98" ten="250,250,250,250" oya="0" hai0="119,108,130,15,75,9,38,23,48,94,34,116,83" hai1="6,63,43,39,64,57,2,14,91,51,22,37,50" hai2="84,29,4,26,36,59,97,106,132,71,25,69,124" hai3="99,52,5,92,58,16,11,70,61,27,47,56,20"/><T21/><D38/><U41/><E2/><V117/><F36/><W44/><G70/><T49/><D34/><U72/><E72/><V95/><F106/><W40/><G40/><T77/><D130/><U28/><E39/><V109/><F25/><W62/><G11/><T76/><D108/><U24/><E37/><V85/><F4/><W135/><G5/><T121/><D121/><U114/><E114/><V126/><F59/><W101/><G135/><T88/><D76/><U125/><E125/><N who="2" m="48235" /><F132/><W105/><G105/><T107/><D107/><U30/><E30/><V1/><F1/><W33/><G33/><T73/><D73/><U66/><E66/><AGARI ba="0,0" hai="16,20,27,44,47,52,56,58,61,62,66,92,99,101" machi="66" ten="30,8000,1" yaku="7,1,8,1,52,1,54,2" doraHai="98" who="3" fromWho="1" sc="250,0,250,-80,250,0,250,80" /><INIT seed="1,0,0,4,3,10" ten="250,170,250,330" oya="1" hai0="37,18,4,16,73,98,92,5,70,45,44,129,96" hai1="62,72,101,123,48,66,76,30,41,23,81,43,2" hai2="120,106,54,9,102,46,111,84,75,13,114,80,105" hai3="57,36,51,17,25,8,134,52,132,78,19,86,64"/><U112/><E123/><V85/><F120/><W32/><G36/><T113/><D73/><U103/><E112/><V119/><F119/><W104/><G104/><T130/><D70/><U110/><E2/><V118/><F118/><W89/><G78/><T67/><D67/><U27/><E110/><V26/><F75/><W128/><G64/><T47/><D37/><U115/><E115/><V74/><F74/><W0/><G25/><T33/><D33/><U109/><E109/><V6/><F111/><W63/><G32/><T31/><D31/><U49/><E49/><N who="2" m="28983" /><F106/><W79/><G79/><T124/><D124/><U22/><E22/><V29/><F105/><W42/><G128/><N who="0" m="49259" /><D113/><U94/><E48/><V3/><F3/><W68/><G68/><T121/><D121/><U28/><E28/><V12/><F102/><W1/><G51/><T99/><D92/><U11/><E11/><N who="2" m="4215" /><F80/><N who="3" m="49351" /><G42/><T55/><D55/><U38/><E38/><V50/><F50/><W56/><G56/><T135/><D135/><N who="3" m="51753" /><G0/><T87/><D87/><U91/><E103/><V83/><F83/><W127/><G127/><T61/><D61/><U59/><REACH who="1" step="1"/><E101/><REACH who="1" ten="250,160,250,330" step="2"/><V117/><F114/><W20/><G20/><T34/><D34/><U15/><E15/><V14/><F117/><W88/><G1/><T7/><AGARI ba="0,1" hai="4,5,7,16,18,44,45,47,96,98,99" m="49259" machi="7" ten="40,12000,2" yaku="29,2,28,2,19,1,54,1" doraHai="10" who="0" fromWho="0" sc="250,130,160,-60,250,-30,330,-30" /><INIT seed="2,0,0,1,1,105" ten="380,100,220,300" oya="2" hai0="65,39,93,66,20,58,56,85,37,124,108,30,55" hai1="101,4,100,95,121,107,77,87,135,99,72,69,102" hai2="123,127,98,89,2,10,128,88,132,43,48,22,78" hai3="11,130,118,27,35,42,71,44,119,73,8,104,62"/><V75/><F123/><W9/><G130/><T79/><D108/><U111/><E69/><V70/><F70/><W24/><G104/><T15/><D124/><U122/><E4/><V113/><F113/><W17/><G73/><T26/><D39/><U109/><E135/><V50/><F132/><W59/><G71/><T51/><D37/><U86/><E107/><V126/><F128/><W112/><G112/><T60/><D15/><U76/><E87/><V49/><F22/><W33/><G33/><T18/><D66/><U14/><E14/><V47/><BYE who="1" /><F98/><UN n1="%E3%82%AF%E3%83%AD%E3%83%8E%E3%82%B9%40" /><W91/><G91/><N who="0" m="53487" /><D79/><N who="1" m="30283" /><E86/><V16/><F16/><AGARI ba="0,0" hai="16,18,20,26,30,51,55,56,58,60,65" m="53487" machi="16" ten="30,2000,0" yaku="8,1,54,1" doraHai="105" who="0" fromWho="2" sc="380,20,100,0,220,-20,300,0" /><INIT seed="3,0,0,5,0,41" ten="400,100,200,300" oya="3" hai0="11,47,93,114,94,79,10,60,43,54,116,12,4" hai1="96,85,1,17,38,68,134,119,111,130,22,117,107" hai2="13,91,129,74,35,31,73,113,64,24,115,104,23" hai3="67,112,49,5,7,71,16,55,99,15,101,103,70"/><W53/><G112/><T20/><D116/><N who="1" m="44619" /><E68/><V132/><F104/><W8/><G103/><T77/><D114/><U69/><E69/><V90/><F64/><W95/><G67/><T86/><D11/><U50/><E1/><V36/><F36/><W21/><G71/><T2/><D2/><U135/><E38/><V25/><F13/><N who="3" m="9359" /><G70/><T37/><D20/><U66/><E66/><V97/><F23/><W123/><G123/><T127/><D127/><U27/><E111/><V133/><F97/><W76/><G76/><T57/><REACH who="0" step="1"/><D77/><REACH who="0" ten="390,100,200,300" step="2"/><U39/><E134/><V29/><F35/><W88/><G101/><T118/><D118/><U51/><E135/><V26/><F26/><W0/><G0/><T6/><D6/><U18/><E130/><AGARI ba="0,1" hai="24,25,29,31,73,74,90,91,113,115,129,130,132,133" machi="130" ten="25,1600,0" yaku="22,2" doraHai="41" who="2" fromWho="1" sc="390,0,100,-16,200,26,300,0" /><INIT seed="4,0,0,3,1,91" ten="390,84,226,300" oya="0" hai0="62,75,33,69,56,3,128,110,53,40,76,9,123" hai1="105,130,27,80,78,15,114,34,29,83,14,46,116" hai2="117,87,106,58,120,131,133,11,59,26,124,49,129" hai3="23,60,16,42,24,98,67,132,57,97,84,99,101"/><T126/><D123/><U104/><E116/><V112/><F106/><W13/><G132/><T21/><D33/><U95/><E130/><N who="2" m="49675" /><F120/><W43/><G101/><T7/><D128/><U19/><E114/><V107/><F107/><W88/><REACH who="3" step="1"/><G24/><REACH who="3" ten="390,84,226,290" step="2"/><T79/><D110/><U18/><E105/><V38/><F133/><W92/><AGARI ba="0,1" hai="13,16,23,42,43,57,60,67,84,88,92,97,98,99" machi="92" ten="30,12000,2" yaku="1,1,2,1,0,1,8,1,52,1,54,2,53,0" doraHai="91" doraHaiUra="134" who="3" fromWho="3" sc="390,-60,84,-30,226,-30,290,130" /><INIT seed="5,0,0,5,5,70" ten="330,54,196,420" oya="1" hai0="79,127,22,0,95,76,124,6,65,16,29,82,86" hai1="51,61,4,78,108,118,67,116,134,45,71,57,30" hai2="135,62,60,81,12,94,98,17,92,32,96,7,125" hai3="46,28,25,120,24,109,15,33,39,42,63,27,85"/><U74/><E30/><V119/><F32/><W122/><G109/><T113/><D29/><U1/><E108/><V83/><F7/><W13/><G85/><T88/><D65/><U99/><E134/><V101/><F125/><N who="0" m="48202" /><D113/><U106/><E106/><V3/><F3/><W117/><G117/><T112/><D112/><U14/><E99/><V91/><F119/><W72/><G63/><N who="2" m="24105" /><F135/><W55/><G55/><T18/><D18/><U123/><E123/><V59/><F59/><W87/><G13/><N who="0" m="9487" /><D82/><U2/><E118/><V19/><F19/><W131/><G122/><T53/><D53/><U129/><E116/><V8/><AGARI ba="0,0" hai="8,12,17,81,83,91,92,94,96,98,101" m="24105" machi="8" ten="30,1100,0" yaku="8,1" doraHai="70" who="2" fromWho="2" sc="330,-3,54,-5,196,11,420,-3" /><INIT seed="6,0,0,3,5,98" ten="327,49,207,417" oya="2" hai0="71,27,96,26,56,29,21,8,64,33,38,127,130" hai1="131,123,1,81,76,82,111,104,46,73,3,122,134" hai2="51,57,25,120,60,50,109,113,15,32,68,6,36" hai3="62,24,58,69,4,135,37,67,65,35,90,126,97"/><V61/><F15/><W63/><G37/><T91/><D38/><U133/><E46/><V99/><F6/><W19/><G4/><T103/><D71/><U34/><E34/><V115/><F25/><W78/><G78/><T70/><D130/><U72/><E131/><V112/><F32/><W52/><G135/><N who="1" m="51722" /><E111/><V114/><F114/><W31/><G126/><T100/><D127/><U125/><E125/><V11/><F11/><W108/><G19/><T95/><D70/><U118/><E118/><V74/><F74/><N who="1" m="28777" /><E76/><V10/><F10/><W55/><G108/><T18/><REACH who="0" step="1"/><D8/><REACH who="0" ten="317,49,207,417" step="2"/><U85/><E104/><V0/><F36/><W44/><G44/><T49/><D49/><U41/><E41/><V13/><F51/><W66/><G69/><T105/><D105/><U79/><E79/><V106/><F68/><W59/><G67/><T80/><D80/><N who="1" m="30827" /><E85/><V30/><F50/><W23/><G65/><T42/><D42/><U89/><E89/><V43/><F109/><W77/><G66/><T84/><D84/><U88/><E88/><V12/><F43/><W116/><G116/><T2/><D2/><AGARI ba="0,1" hai="1,2,3,122,123" m="30827,28777,51722" machi="2" ten="40,5200,0" yaku="28,2,20,1" doraHai="98" who="1" fromWho="0" sc="317,-52,49,62,207,0,417,0" /><INIT seed="7,0,0,0,1,122" ten="265,111,207,417" oya="3" hai0="65,34,8,60,57,13,120,93,82,23,2,12,25" hai1="48,69,119,38,135,67,70,118,117,29,4,124,89" hai2="107,7,24,49,31,92,59,21,125,115,18,46,19" hai3="98,64,58,33,131,9,116,61,123,85,74,22,17"/><W78/><G74/><T129/><D120/><U88/><E38/><V110/><F110/><W63/><G33/><T28/><D129/><U41/><E4/><V111/><F111/><W130/><G9/><T106/><D106/><U77/><E77/><V99/><F107/><W102/><G63/><T76/><D34/><U79/><E79/><V126/><F115/><W43/><G43/><T50/><D93/><U121/><E121/><V101/><F59/><W108/><G108/><T86/><D2/><U42/><E29/><V75/><F75/><W27/><G85/><T104/><D104/><U47/><E135/><V5/><F5/><W87/><G87/><T11/><D50/><U127/><E67/><V56/><F56/><W26/><G78/><T100/><D100/><U134/><E134/><V113/><F113/><W62/><G62/><T83/><D83/><U51/><REACH who="1" step="1"/><E118/><REACH who="1" ten="265,101,207,417" step="2"/><V52/><F7/><W132/><G102/><T55/><D65/><U6/><E6/><V54/><F31/><W39/><G123/><T44/><D28/><U0/><E0/><V40/><F19/><W68/><G130/><T84/><D76/><U73/><E73/><V91/><F125/><W30/><G131/><T94/><D82/><U109/><E109/><V96/><F126/><W10/><G64/><T1/><D1/><U90/><E90/><V35/><F91/><W133/><G30/><T66/><D66/><U81/><E81/><V114/><F18/><W105/><G133/><T72/><D72/><U37/><E37/><V95/><F35/><W32/><G39/><T53/><D8/><RYUUKYOKU ba="0,1" sc="265,-10,101,30,207,-10,417,-10" hai1="41,42,47,48,51,69,70,88,89,117,119,124,127" owari="255,6.0,131,-37.0,197,-20.0,417,51.0" /></mjloggm>