<mjloggm ver="2.3"><GO type="97" lobby="0"/><UN n0="%E3%82%BF%E3%83%BC%E3%83%AB%E3%83%BB%E3%82%BF%E3%83%90%E3%83%83%E3%82%B3" n1="%E2%98%86%E4%BA%9C%E7%BE%8E" n2="%36%36%31%36%30%36" n3="%E5%B0%B1%E6%B4%BB%E7%94%9F%40%E5%B7%9D%E6%9D%91%E8%BB%8D%E5%9B%A3" dan="14,14,14,15" rate="1900.96,1869.74,1966.46,2004.19" sx="F,F,M,M"/><TAIKYOKU oya="0"/><INIT seed="0,0,0,3,0,81" ten="250,250,250,250" oya="0" hai0="100,119,107,47,72,39,113,92,30,15,125,135,6" hai1="103,84,11,80,38,129,54,67,76,32,4,46,63" hai2="99,51,112,115,43,123,109,9,87,40,19,16,34" hai3="48,77,45,126,56,108,121,105,134,23,114,25,59"/><T50/><D119/><U0/><E32/><V36/><F123/><W111/><G105/><T83/><D39/><U71/><E129/><V28/><F34/><W31/><G114/><T24/><D107/><U101/><E54/><V8/><F109/><N who="3" m="42059" /><G121/><T12/><D125/><U35/><REACH who="1" step="1"/><E35/><REACH who="1" ten="250,240,250,250" step="2"/><V131/><F112/><W122/><G122/><T37/><D113/><U65/><E65/><V91/><F131/><W33/><G126/><T20/><D135/><U53/><E53/><V3/><F115/><W26/><G134/><T10/><D37/><U52/><E52/><V7/><F36/><W66/><G66/><T86/><D72/><U132/><E132/><V49/><F40/><AGARI ba="0,1" hai="0,4,11,38,40,46,63,67,71,76,80,84,101,103" machi="40" ten="40,5200,0" yaku="1,1,52,1,53,1" doraHai="81" doraHaiUra="60" who="1" fromWho="2" sc="250,0,240,62,250,-52,250,0" /><INIT seed="1,0,0,0,5,120" ten="250,302,198,250" oya="1" hai0="76,0,62,37,80,70,106,110,39,45,9,82,48" hai1="63,10,31,118,119,34,74,102,117,135,27,8,107" hai2="6,55,71,59,68,105,42,50,16,52,95,40,60" hai3="33,75,13,64,38,132,73,12,129,93,115,99,104"/><U100/><E74/><V3/><F105/><W35/><G38/><T85/><D82/><U81/><E135/><V72/><F72/><W88/><G115/><T101/><D48/><U49/><E81/><V94/><F6/><W126/><G132/><T29/><D29/><U25/><E25/><V17/><F3/><W28/><G104/><T67/><D85/><U113/><E113/><V15/><F71/><W7/><G129/><T54/><D54/><U19/><E49/><V109/><F109/><W53/><G126/><T128/><D80/><U23/><E63/><V77/><F77/><W121/><G64/><T58/><D58/><U18/><E107/><V114/><F114/><W127/><G127/><T36/><D76/><U87/><E87/><V4/><F4/><W5/><G121/><T124/><D128/><U103/><REACH who="1" step="1"/><E34/><REACH who="1" ten="250,292,198,250" step="2"/><V51/><F51/><W84/><G73/><T86/><D86/><U116/><N who="1" m="29696" /><DORA hai="108" /><U123/><E123/><V14/><F68/><W30/><G75/><T111/><D124/><U112/><E112/><V43/><F50/><W2/><G35/><T79/><D106/><U66/><E66/><V26/><F26/><W24/><G33/><T92/><D37/><U65/><E65/><N who="2" m="39071" /><F95/><W22/><G93/><T32/><D36/><U131/><E131/><V47/><F94/><W41/><G84/><T90/><D92/><U89/><E89/><V130/><F130/><W78/><G88/><T134/><D90/><U44/><E44/><V57/><F57/><W46/><G46/><T91/><D45/><U21/><E21/><N who="2" m="11415" /><F47/><W133/><G24/><RYUUKYOKU ba="0,1" sc="250,-15,292,15,198,15,250,-15" hai1="8,10,18,19,23,27,31,100,102,103" hai2="15,17,40,42,43,52,55" /><INIT seed="1,1,1,0,0,35" ten="235,307,213,235" oya="1" hai0="122,18,83,43,97,60,23,32,37,70,25,17,90" hai1="15,84,76,24,120,4,134,14,96,59,42,65,13" hai2="74,108,128,40,0,94,75,116,49,6,62,64,50" hai3="54,92,36,112,66,63,72,124,88,79,45,121,10"/><U22/><E120/><V126/><F116/><W61/><G121/><T104/><D32/><U48/><E134/><V12/><F108/><W105/><G112/><T47/><D122/><U101/><E4/><V119/><F119/><W28/><G105/><T80/><D17/><U78/><E84/><V55/><F128/><W44/><G124/><T127/><D127/><U107/><E42/><V98/><F126/><W46/><G36/><T73/><D73/><U31/><REACH who="1" step="1"/><E48/><REACH who="1" ten="235,297,213,235" step="2"/><V130/><F130/><W27/><G72/><T99/><D43/><U19/><E19/><V132/><F40/><W85/><G79/><T71/><D18/><U39/><E39/><V1/><F132/><W11/><G61/><AGARI ba="1,2" hai="13,14,15,22,24,31,59,61,65,76,78,96,101,107" machi="61" ten="40,2000,0" yaku="1,1,53,0" doraHai="35" doraHaiUra="117" who="1" fromWho="3" sc="235,0,297,43,213,0,235,-23" /><INIT seed="1,2,0,0,3,104" ten="235,340,213,212" oya="1" hai0="122,99,133,111,51,74,106,126,135,38,115,89,52" hai1="47,113,86,44,28,66,22,93,17,12,9,63,83" hai2="35,24,42,107,77,62,40,2,105,7,129,33,41" hai3="45,103,34,92,119,43,69,0,78,64,36,131,21"/><U97/><E113/><V18/><F129/><W112/><G34/><T39/><D115/><U11/><E47/><V31/><F35/><W37/><G112/><T90/><D111/><U56/><E44/><V46/><F105/><W15/><G0/><T57/><D126/><U26/><E86/><V60/><F107/><W91/><G119/><T98/><D74/><U123/><E83/><V8/><F46/><W13/><G131/><T19/><D19/><U88/><E123/><V125/><F125/><W117/><G117/><T32/><D32/><AGARI ba="2,0" hai="9,11,12,17,22,26,28,32,56,63,66,88,93,97" machi="32" ten="30,2900,0" yaku="7,1,54,1" doraHai="104" who="1" fromWho="0" sc="235,-35,340,35,213,0,212,0" /><INIT seed="1,3,0,5,2,111" ten="200,375,213,212" oya="1" hai0="3,54,121,96,26,31,102,72,34,118,116,107,132" hai1="92,42,17,41,1,21,4,33,44,40,67,83,120" hai2="75,65,56,62,103,122,66,133,58,59,105,94,24" hai3="9,2,27,73,70,45,95,25,71,104,13,32,82"/><U119/><E119/><V126/><F122/><W12/><G104/><T130/><D121/><U106/><E33/><V69/><F126/><W76/><G2/><T77/><D132/><U123/><E106/><V88/><F133/><W43/><G13/><T86/><D130/><U98/><E83/><V125/><F125/><W37/><G95/><T135/><D135/><U129/><E129/><V51/><F75/><W128/><G128/><T36/><D86/><U90/><E44/><V0/><F0/><W108/><G108/><T48/><D36/><U89/><E67/><V28/><F66/><W97/><G97/><T14/><D3/><U52/><E52/><V93/><F51/><W19/><REACH who="3" step="1"/><G32/><REACH who="3" ten="200,375,213,202" step="2"/><T131/><D131/><U20/><E123/><V53/><F105/><W55/><G55/><T85/><D14/><U68/><E92/><V50/><F94/><W49/><G49/><T29/><D118/><U16/><E98/><V114/><F53/><W101/><G101/><T112/><D116/><U18/><E120/><V117/><F50/><W6/><G6/><T23/><D34/><U124/><E124/><V110/><F103/><W30/><G30/><T5/><D5/><U57/><E4/><V11/><F110/><W79/><G79/><T100/><D29/><U80/><E1/><V113/><F117/><W127/><G127/><T10/><D102/><U46/><E21/><N who="2" m="15375" /><F11/><W8/><G8/><T87/><D10/><U39/><E20/><V35/><F35/><W47/><G47/><T63/><D107/><U22/><E22/><V61/><F61/><W99/><G99/><AGARI ba="3,1" hai="56,58,59,62,65,69,88,93,99,113,114" m="15375" machi="99" ten="30,7700,0" yaku="6,1,52,2,54,1" doraHai="111" who="2" fromWho="3" sc="200,0,375,0,213,96,202,-86" /><INIT seed="2,0,0,2,5,107" ten="200,375,309,116" oya="2" hai0="66,21,128,97,32,127,98,104,54,4,134,130,13" hai1="8,41,89,76,26,73,92,47,110,103,120,87,18" hai2="9,33,19,100,5,82,88,25,12,91,46,20,2" hai3="50,43,116,39,74,30,44,83,101,118,55,53,115"/><V45/><F100/><W31/><G115/><T93/><D32/><U23/><E120/><V63/><F63/><W27/><G101/><T106/><D54/><U28/><E110/><V113/><F113/><W48/><G39/><T52/><D66/><U65/><E65/><V59/><F59/><W16/><G43/><T14/><D52/><U85/><E103/><V111/><F111/><W35/><G31/><T62/><D62/><U40/><E73/><V132/><F132/><W108/><G108/><T84/><D84/><U77/><E87/><N who="2" m="50295" /><F91/><W105/><G105/><T123/><D104/><U7/><E28/><AGARI ba="0,0" hai="2,5,9,12,19,20,25,28,33,45,46" m="50295" machi="28" ten="30,2900,0" yaku="24,1,54,1" doraHai="107" who="2" fromWho="1" sc="200,0,375,-29,309,29,116,0" /><INIT seed="2,1,0,1,0,118" ten="200,346,338,116" oya="2" hai0="47,91,13,49,62,4,95,129,35,2,63,102,130" hai1="54,64,7,61,106,113,31,89,5,109,12,34,71" hai2="6,105,75,65,81,0,85,126,87,123,38,78,99" hai3="94,79,14,37,27,67,44,131,125,3,36,114,127"/><V96/><F123/><W53/><G3/><T120/><D35/><U84/><E113/><V69/><F126/><N who="3" m="48139" /><G79/><T33/><D33/><U83/><E109/><V124/><F124/><W60/><G27/><T52/><D120/><U80/><E80/><V116/><F116/><W107/><G14/><T32/><D102/><U10/><E106/><V112/><F112/><W128/><G107/><T103/><D103/><U9/><E54/><V45/><F99/><W15/><G15/><T73/><D73/><U97/><E97/><V88/><F105/><W86/><G86/><N who="0" m="52727" /><D32/><U42/><E42/><N who="2" m="22743" /><F69/><N who="3" m="42215" /><G94/><T29/><D29/><U56/><E34/><V72/><F72/><W8/><G8/><N who="0" m="4231" /><D2/><U93/><E31/><V119/><F119/><W19/><G19/><T20/><D20/><U92/><E71/><V100/><F100/><W24/><G24/><T50/><D50/><U25/><REACH who="1" step="1"/><E25/><REACH who="1" ten="200,336,338,116" step="2"/><V122/><F122/><W57/><G114/><T132/><D132/><U1/><AGARI ba="1,1" hai="1,5,7,9,10,12,56,61,64,83,84,89,92,93" machi="1" ten="20,5200,0" yaku="1,1,2,1,0,1,7,1,53,0" doraHai="118" doraHaiUra="43" who="1" fromWho="1" sc="200,-14,336,65,338,-27,116,-14" /><INIT seed="3,0,0,3,4,34" ten="186,401,311,102" oya="3" hai0="53,61,1,114,94,79,107,98,36,97,110,43,65" hai1="46,123,120,133,102,49,106,121,84,75,55,132,50" hai2="24,101,115,20,127,92,62,125,86,44,130,31,33" hai3="70,58,17,37,25,63,129,41,124,30,15,13,96"/><W105/><G124/><T72/><D110/><U100/><E75/><V128/><F115/><W27/><G129/><N who="2" m="49769" /><F44/><W99/><G37/><T40/><D40/><U21/><E106/><V135/><F62/><W126/><G41/><T22/><D22/><U8/><E21/><V64/><F64/><W68/><G126/><N who="2" m="48137" /><F101/><W18/><G63/><T35/><D53/><U38/><E102/><V118/><F118/><W11/><G58/><T95/><D98/><U67/><E100/><V83/><F92/><W93/><G105/><T74/><D43/><U117/><E67/><V66/><F66/><W109/><G109/><T26/><D97/><U85/><E117/><V28/><F86/><W45/><G45/><T88/><D72/><U112/><E112/><V5/><F83/><W47/><G47/><T60/><D107/><U16/><E85/><V111/><F111/><W103/><G96/><T7/><D114/><U29/><E84/><V42/><F5/><W59/><G59/><T89/><D7/><U73/><E46/><V134/><F42/><W54/><G54/><T77/><D36/><U119/><E38/><V51/><F51/><W71/><REACH who="3" step="1"/><G30/><REACH who="3" ten="186,401,311,92" step="2"/><N who="2" m="11305" /><F33/><W23/><AGARI ba="0,1" hai="11,13,15,17,18,23,25,27,68,70,71,93,99,103" machi="23" ten="30,3000,0" yaku="1,1,0,1,53,0" doraHai="34" doraHaiUra="32" who="3" fromWho="3" sc="186,-10,401,-10,311,-10,92,40" /><INIT seed="3,1,0,2,4,80" ten="176,391,301,132" oya="3" hai0="22,100,4,0,49,118,25,91,51,119,66,12,5" hai1="101,69,35,2,28,114,7,26,36,122,70,108,134" hai2="16,6,133,105,103,47,3,81,86,75,8,19,130" hai3="57,87,85,89,48,97,30,106,11,68,1,90,99"/><W42/><G68/><T128/><D0/><U65/><E122/><V115/><F115/><W83/><G106/><T117/><D100/><U31/><E114/><V126/><F126/><W123/><G123/><T113/><D128/><U10/><E65/><V27/><F130/><W21/><G1/><T45/><D113/><U120/><E134/><V131/><F131/><W50/><G11/><T44/><D66/><U77/><E108/><V39/><F133/><W33/><G33/><T46/><D91/><U76/><E76/><V92/><F105/><W79/><G79/><T24/><D12/><U38/><E101/><V132/><F132/><W13/><G42/><T17/><D25/><N who="1" m="18927" /><E77/><V34/><F75/><W102/><G102/><T125/><REACH who="0" step="1"/><D125/><REACH who="0" ten="166,391,301,132" step="2"/><U63/><E120/><V112/><F112/><W111/><G111/><T78/><D78/><U109/><E109/><V43/><F27/><N who="3" m="16751" /><G13/><T61/><D61/><U121/><E63/><V59/><F103/><W62/><G99/><T96/><D96/><U55/><E121/><V64/><F34/><W15/><G15/><T82/><D82/><U9/><E2/><V53/><F64/><N who="3" m="38991" /><G97/><T29/><D29/><U88/><E28/><V56/><F92/><AGARI ba="1,1" hai="48,50,83,85,87,89,90,92" m="38991,16751" machi="92" ten="30,5800,0" yaku="8,1,52,2" doraHai="80" who="3" fromWho="2" sc="166,0,391,0,301,-61,132,71" /><INIT seed="3,2,0,5,5,36" ten="166,391,240,203" oya="3" hai0="71,134,118,28,82,100,43,65,121,115,84,25,24" hai1="63,105,104,57,93,135,21,74,54,11,92,97,111" hai2="94,2,131,37,52,14,99,116,33,122,40,51,87" hai3="55,89,12,30,66,91,85,58,45,48,16,78,123"/><W20/><G123/><T27/><D121/><U35/><E74/><V7/><F2/><W79/><G30/><T129/><D118/><U101/><E35/><V38/><F33/><W19/><G91/><T29/><D129/><U86/><E135/><V8/><F122/><W102/><G102/><T46/><D134/><U60/><E111/><V109/><F109/><W128/><G128/><T130/><D130/><U103/><E63/><V98/><F116/><W26/><G66/><T117/><D115/><U112/><E112/><V108/><F108/><W77/><G58/><T106/><D117/><U56/><E56/><V64/><F131/><W113/><G113/><T133/><D133/><U126/><E126/><V41/><F64/><W96/><G96/><N who="2" m="36905" /><F38/><W32/><G32/><T83/><D100/><U132/><E11/><V44/><F37/><W114/><G114/><T50/><D106/><U127/><E127/><V119/><F119/><W10/><G77/><T68/><D83/><AGARI ba="2,0" hai="10,12,16,19,20,26,45,48,55,78,79,83,85,89" machi="83" ten="30,12000,1" yaku="7,1,25,2,8,1,54,1" doraHai="36" who="3" fromWho="0" sc="166,-126,391,0,240,0,203,126" /><INIT seed="3,3,0,1,5,111" ten="40,391,240,329" oya="3" hai0="109,9,47,114,49,87,66,102,31,46,93,59,25" hai1="96,89,127,56,112,126,0,21,34,101,113,64,130" hai2="71,53,135,116,45,40,131,72,90,51,120,4,103" hai3="1,65,27,115,63,38,133,57,75,74,100,128,24"/><W119/><G38/><T54/><D114/><U37/><E37/><V17/><F103/><W58/><G1/><T132/><D132/><U110/><E34/><V85/><F4/><W134/><G119/><T82/><D82/><U44/><E44/><V12/><F72/><W48/><G100/><T105/><D105/><U50/><E0/><V11/><F116/><W36/><G36/><T35/><D35/><U28/><E89/><V6/><F131/><W91/><G91/><T16/><D16/><U68/><E68/><V15/><F71/><W39/><G39/><T20/><D20/><U81/><E81/><V5/><F120/><W29/><G128/><T76/><D76/><U55/><E64/><V30/><F135/><N who="3" m="51723" /><G115/><T129/><D129/><U78/><E78/><V92/><F30/><W10/><G10/><T32/><D32/><U121/><E130/><V23/><F5/><W13/><G13/><T8/><D8/><U86/><E121/><V88/><F90/><W19/><G19/><T14/><D14/><U123/><E123/><V97/><REACH who="2" step="1"/><F97/><REACH who="2" ten="40,391,230,329" step="2"/><W79/><G79/><T61/><D61/><U60/><E60/><V43/><AGARI ba="3,1" hai="6,11,12,15,17,23,40,43,45,51,53,85,88,92" machi="43" ten="30,8000,1" yaku="1,1,2,1,0,1,8,1,54,1,53,0" doraHai="111" doraHaiUra="94" who="2" fromWho="2" sc="40,-23,391,-23,230,99,329,-43" owari="17,-48.0,368,46.0,329,13.0,286,-11.0" /></mjloggm>