<mjloggm ver="2.3"><GO type="97" lobby="0"/><UN n0="%73%75%74%6F%72%6F%6E%67" n1="%39%38%37%38" n2="%E9%B3%B4%E3%81%8D%E3%81%AB%E8%87%AA%E4%BF%A1%E3%83%8B%E3%82%AD" n3="%E5%B0%B1%E6%B4%BB%E7%94%9F%40%E5%B7%9D%E6%9D%91%E8%BB%8D%E5%9B%A3" dan="14,13,14,15" rate="1875.29,1885.97,1952.29,2054.64" sx="M,M,F,M"/><TAIKYOKU oya="0"/><INIT seed="0,0,0,4,1,98" ten="250,250,250,250" oya="0" hai0="21,92,40,78,97,14,6,116,89,107,46,63,127" hai1="104,126,15,8,88,131,10,29,60,45,85,103,24" hai2="5,4,106,76,94,53,115,41,31,135,121,83,61" hai3="70,132,34,28,81,90,55,16,122,26,102,62,0"/><T109/><D116/><U112/><E112/><V99/><F121/><W67/><G0/><T114/><D114/><U123/><E10/><V75/><F115/><W43/><G122/><T38/><D127/><U130/><E126/><V86/><F135/><W23/><G132/><T129/><D129/><U125/><E125/><V100/><F41/><W95/><G43/><T59/><D109/><U66/><E45/><V42/><F42/><W128/><G128/><N who="1" m="49194" /><E104/><V117/><F117/><W80/><G55/><T2/><D2/><U119/><E119/><V82/><F31/><W35/><G102/><T39/><D107/><U19/><E103/><V12/><F12/><W113/><G113/><T84/><D39/><U47/><E47/><V51/><F61/><W25/><REACH who="3" step="1"/><G35/><REACH who="3" ten="250,250,250,240" step="2"/><T101/><D101/><U87/><E123/><V11/><F11/><W68/><G68/><T1/><D1/><U133/><E133/><V69/><F69/><W79/><G79/><T96/><D78/><U108/><E88/><N who="2" m="53527" /><F83/><W58/><G58/><AGARI ba="0,1" hai="4,5,51,53,58,75,76,82,99,100,106" m="53527" machi="58" ten="30,3900,0" yaku="24,1,52,1,54,1" doraHai="98" who="2" fromWho="3" sc="250,0,250,0,250,49,240,-39" /><INIT seed="1,0,0,3,4,133" ten="250,250,299,201" oya="1" hai0="15,30,73,14,41,27,104,74,48,65,35,108,72" hai1="0,16,93,116,113,11,68,78,60,110,56,36,118" hai2="28,44,13,12,131,49,8,102,127,64,34,117,97" hai3="91,18,96,67,111,46,33,17,58,62,3,24,1"/><U80/><E113/><V75/><F117/><W19/><G111/><T39/><D104/><U10/><E68/><V92/><F127/><W42/><G33/><T125/><D108/><U57/><E110/><V106/><F131/><W2/><G24/><T29/><D39/><U21/><E36/><V47/><F75/><W103/><G91/><T94/><D125/><U22/><E93/><V98/><F64/><W4/><G4/><T88/><D29/><U6/><E21/><V54/><F34/><W7/><G7/><T134/><D134/><U82/><E11/><V101/><F28/><W52/><G67/><T135/><D65/><U31/><E31/><V61/><F61/><W122/><G122/><T126/><D126/><U9/><E9/><V128/><F128/><W77/><G77/><T123/><D123/><U124/><E82/><V132/><F132/><W38/><REACH who="3" step="1"/><G1/><REACH who="3" ten="250,250,299,191" step="2"/><T76/><D135/><U59/><E124/><V20/><F13/><W79/><G79/><T130/><D76/><U37/><E118/><V23/><F44/><W107/><AGARI ba="0,1" hai="2,3,17,18,19,38,42,46,52,58,62,96,103,107" machi="107" ten="30,7900,0" yaku="1,1,0,1,54,1,53,1" doraHai="133" doraHaiUra="51" who="3" fromWho="3" sc="250,-20,250,-39,299,-20,191,89" /><INIT seed="2,0,0,2,4,26" ten="230,211,279,280" oya="2" hai0="56,33,83,119,11,109,10,6,20,41,126,129,75" hai1="105,1,99,112,44,14,15,31,79,9,93,53,115" hai2="50,132,40,78,90,106,29,55,47,2,8,27,100" hai3="0,95,91,32,3,36,35,89,68,94,58,134,12"/><V69/><F132/><W17/><G68/><T97/><D33/><U57/><E105/><V96/><F69/><W84/><G36/><T86/><D126/><U46/><E79/><V114/><F114/><W54/><G134/><T87/><D129/><U117/><E117/><V21/><F78/><W128/><G128/><T77/><D119/><U98/><E1/><V42/><REACH who="2" step="1"/><F90/><REACH who="2" ten="230,211,269,280" step="2"/><W76/><G76/><T52/><D109/><U51/><E112/><V92/><F92/><W7/><G91/><T39/><D75/><U121/><E121/><V16/><F16/><W38/><G94/><T23/><D6/><AGARI ba="0,1" hai="2,6,8,21,27,29,40,42,47,50,55,96,100,106" machi="6" ten="40,3900,0" yaku="1,1,52,1,53,0" doraHai="26" doraHaiUra="113" who="2" fromWho="0" sc="230,-39,211,0,269,49,280,0" /><INIT seed="2,1,0,5,5,105" ten="191,211,318,280" oya="2" hai0="44,126,131,37,48,82,98,89,28,68,112,8,135" hai1="16,116,119,15,77,26,61,93,76,20,113,110,57" hai2="27,13,127,64,90,33,106,96,29,63,18,11,80" hai3="78,52,100,12,23,10,65,120,45,69,46,40,38"/><V122/><F122/><W30/><G120/><T104/><D68/><U49/><E113/><V103/><F127/><W1/><G1/><T101/><D126/><U75/><E110/><V35/><F80/><W19/><G100/><T14/><D112/><U91/><E116/><V134/><F134/><W7/><G30/><T43/><D135/><U6/><E119/><V21/><REACH who="2" step="1"/><F90/><REACH who="2" ten="191,211,308,280" step="2"/><W17/><G78/><T79/><D131/><U9/><E75/><V123/><F123/><W107/><G38/><T97/><D37/><U130/><E130/><V74/><F74/><W133/><G133/><T73/><D89/><U118/><E118/><V51/><F51/><W94/><G45/><T41/><D28/><U32/><E49/><V85/><F85/><W54/><G46/><T86/><D97/><U115/><E115/><V125/><F125/><W62/><G62/><T95/><D104/><U24/><E32/><V71/><AGARI ba="1,1" hai="11,13,18,21,27,29,33,35,63,64,71,96,103,106" machi="71" ten="20,3900,0" yaku="1,1,0,1,7,1,53,0" doraHai="105" doraHaiUra="53" who="2" fromWho="2" sc="191,-14,211,-14,308,52,280,-14" /><INIT seed="2,2,0,1,1,41" ten="177,197,360,266" oya="2" hai0="117,83,134,25,107,72,55,54,46,30,111,82,1" hai1="15,94,19,26,104,63,60,18,126,81,17,75,5" hai2="133,128,92,122,110,45,56,42,40,85,120,49,59" hai3="37,24,10,98,16,11,39,84,73,47,66,34,28"/><V52/><F92/><W115/><G73/><T114/><D107/><U4/><E104/><V97/><F85/><W21/><G115/><T20/><D114/><U61/><E126/><V112/><F97/><W32/><G66/><T125/><D125/><U118/><E118/><V29/><F29/><W14/><G34/><T90/><D117/><U67/><E67/><V93/><F93/><W58/><G58/><N who="2" m="22057" /><F112/><W23/><G98/><T33/><D1/><U69/><E69/><V12/><F12/><W70/><G70/><T77/><D134/><U119/><E119/><V130/><F133/><W88/><G32/><T87/><D111/><U3/><E3/><V106/><F106/><W9/><REACH who="3" step="1"/><G47/><REACH who="3" ten="177,197,360,256" step="2"/><T36/><REACH who="0" step="1"/><D33/><REACH who="0" ten="167,197,360,256" step="2"/><U44/><E75/><V35/><F35/><W31/><G31/><T96/><D96/><U80/><E44/><V89/><F45/><W124/><G124/><T64/><D64/><U123/><E123/><V121/><F121/><W27/><G27/><T103/><D103/><U6/><E26/><V113/><F120/><W76/><G76/><T86/><D86/><U13/><REACH who="1" step="1"/><E94/><AGARI ba="2,2" hai="9,10,11,14,16,21,23,24,28,37,39,84,88,94" machi="94" ten="40,5200,0" yaku="1,1,54,2,53,0" doraHai="41" doraHaiUra="135" who="3" fromWho="1" sc="167,0,197,-58,360,0,256,78" /><INIT seed="3,0,0,0,3,7" ten="167,139,360,334" oya="3" hai0="86,133,17,8,109,0,91,37,20,100,60,16,14" hai1="5,81,29,26,101,11,90,15,9,30,69,116,72" hai2="118,77,130,127,24,104,66,1,58,75,114,71,36" hai3="111,113,135,79,125,2,48,110,94,59,25,57,95"/><W107/><G113/><T6/><D37/><U3/><E69/><V50/><RYUUKYOKU type="yao9" ba="0,0" sc="167,0,139,0,360,0,334,0" hai2="1,24,36,50,58,66,71,75,77,104,114,118,127,130" /><INIT seed="3,1,0,0,2,37" ten="167,139,360,334" oya="3" hai0="57,104,61,124,20,34,110,18,118,74,16,30,123" hai1="101,71,33,63,107,95,66,92,67,45,3,36,58" hai2="80,17,51,1,44,15,135,103,64,90,10,96,133" hai3="128,35,82,114,109,75,125,108,102,50,73,28,132"/><W24/><G114/><T14/><D118/><U19/><E33/><V54/><F1/><W122/><G122/><T13/><D123/><U91/><E3/><V116/><F116/><W38/><G38/><T117/><D74/><U98/><E66/><V0/><F0/><W76/><G125/><T59/><D104/><U134/><E134/><N who="2" m="51211" /><F64/><W112/><G112/><T94/><D117/><U115/><E115/><V21/><F80/><W81/><G132/><T47/><D110/><N who="3" m="42601" /><G128/><T52/><D124/><U97/><E107/><N who="2" m="63975" /><F90/><W84/><G102/><T106/><D106/><U8/><E71/><V85/><F85/><N who="3" m="48295" /><G50/><T41/><D34/><U79/><E36/><V46/><F46/><W53/><G53/><T130/><D30/><U49/><E79/><AGARI ba="1,0" hai="24,28,35,73,75,79,82,84" m="48295,42601" machi="79" ten="30,2900,0" yaku="14,1,10,1" doraHai="37" who="3" fromWho="1" sc="167,0,139,-32,360,0,334,32" owari="167,-23.0,107,-39.0,360,16.0,366,46.0" /></mjloggm>