<mjloggm ver="2.3"><GO type="97" lobby="0"/><UN n0="%E8%A8%80%E8%91%89%E8%B2%AC%E3%82%81%E3%81%95%E3%82%8C%E9%9A%8A" n1="%E7%84%A1%E6%AF%9B%E7%8C%AB%EF%BC%A0%E5%B7%9D%E6%9D%91%E8%BB%8D%E5%9B%A3" n2="%6B%61%6E%61%6D%6F%6E%67" n3="%E3%83%88%E3%83%88%E3%83%AA%E5%85%88%E7%94%9F%31%39%E6%AD%B3" dan="13,15,14,14" rate="1917.09,1984.74,1828.58,2015.45" sx="F,F,M,F"/><TAIKYOKU oya="0"/><INIT seed="0,0,0,2,4,33" ten="250,250,250,250" oya="0" hai0="44,107,110,53,95,122,94,63,34,93,19,9,18" hai1="16,73,111,114,36,80,37,125,49,31,28,43,86" hai2="87,10,29,69,15,51,130,4,8,79,117,121,72" hai3="84,77,46,38,41,30,99,120,20,127,27,70,126"/><T101/><D122/><U104/><E73/><V58/><F121/><W135/><G120/><T64/><D34/><U88/><E104/><V57/><F69/><W2/><G70/><T25/><D110/><U5/><E111/><V1/><F72/><W48/><G135/><T133/><D133/><U109/><E109/><V78/><F117/><W134/><G134/><T24/><D107/><U39/><E125/><N who="3" m="47626" /><G2/><T62/><D101/><U129/><E129/><V92/><F130/><W35/><G99/><T56/><D44/><U102/><E102/><V89/><F29/><W131/><G131/><T105/><D105/><U128/><E128/><V50/><F51/><W54/><G35/><T119/><D119/><U106/><E106/><V12/><F58/><N who="3" m="33095" /><G84/><T123/><D123/><U103/><E103/><V96/><F1/><W7/><G7/><T61/><D9/><U97/><E97/><V0/><F96/><W66/><G77/><T71/><D71/><U74/><E5/><V47/><F0/><W83/><G83/><T21/><D64/><AGARI ba="0,0" hai="20,27,30,38,41,46,64,66" m="33095,47626" machi="64" ten="30,1000,0" yaku="18,1" doraHai="33" who="3" fromWho="0" sc="250,-10,250,0,250,0,250,10" /><INIT seed="1,0,0,0,3,102" ten="240,250,250,260" oya="1" hai0="134,121,50,116,101,34,84,90,24,115,17,56,29" hai1="53,87,7,11,118,52,68,36,83,27,123,98,60" hai2="2,26,75,41,5,82,15,40,9,78,19,48,105" hai3="69,126,76,81,89,23,107,111,125,77,71,113,103"/><U97/><E118/><V66/><F105/><W39/><G113/><T110/><D115/><U4/><E123/><V49/><F66/><W54/><G39/><T124/><D116/><U112/><E112/><V72/><F75/><W120/><G120/><T79/><D121/><U46/><E27/><V109/><F26/><W104/><G111/><T127/><D110/><U61/><E68/><N who="3" m="26186" /><G103/><T93/><D134/><U1/><E7/><V44/><F109/><W85/><G54/><N who="0" m="31831" /><D101/><U6/><E6/><V99/><F99/><W31/><G23/><T59/><D79/><N who="3" m="30281" /><G31/><T73/><D73/><U70/><E70/><V91/><F91/><W51/><G51/><T74/><D74/><U122/><E122/><V128/><F128/><W129/><G129/><T0/><D0/><U57/><E36/><V92/><F92/><W8/><G8/><T58/><D17/><U96/><E46/><V131/><F131/><W119/><G119/><T130/><D130/><U12/><E1/><V32/><F32/><W114/><G114/><T16/><D16/><U45/><E45/><V30/><F30/><W33/><G33/><T43/><D43/><U22/><E22/><V55/><F49/><W63/><G63/><N who="1" m="24138" /><E57/><V94/><F94/><W64/><G64/><T88/><D90/><AGARI ba="0,0" hai="4,11,12,52,53,83,87,90,96,97,98" m="24138" machi="90" ten="30,2900,0" yaku="8,1,54,1" doraHai="102" who="1" fromWho="0" sc="240,-29,250,29,250,0,260,0" /><INIT seed="1,1,0,5,3,104" ten="211,279,250,260" oya="1" hai0="69,16,124,22,77,107,50,83,57,94,118,125,43" hai1="127,86,92,123,70,37,82,51,84,102,1,129,11" hai2="95,99,73,106,101,56,121,18,105,52,79,15,87" hai3="68,23,134,54,5,96,64,110,61,42,59,13,91"/><U28/><E37/><V65/><F121/><W47/><G110/><T85/><D107/><U75/><E70/><V93/><F65/><W97/><G134/><T55/><D69/><U63/><E123/><V25/><F25/><W66/><G91/><T44/><D118/><U62/><E28/><V103/><F15/><W8/><G23/><T41/><D94/><U78/><E127/><N who="0" m="48713" /><D57/><U36/><E36/><V90/><F18/><W3/><G3/><T34/><D34/><U4/><E129/><V49/><F103/><W109/><G109/><T40/><D55/><U19/><E51/><V31/><F31/><W21/><G21/><T117/><D117/><U128/><E128/><V20/><F20/><W39/><REACH who="3" step="1"/><G66/><REACH who="3" ten="211,279,250,250" step="2"/><T60/><D60/><AGARI ba="1,1" hai="5,8,13,39,42,47,54,59,60,61,64,68,96,97" machi="60" ten="30,3900,0" yaku="1,1,2,1,7,1,53,0" doraHai="104" doraHaiUra="133" who="3" fromWho="0" sc="211,-42,279,0,250,0,250,52" /><INIT seed="2,0,0,1,4,27" ten="169,279,250,302" oya="2" hai0="129,76,103,110,75,34,9,135,96,82,22,107,0" hai1="98,32,63,117,69,113,56,84,35,100,25,104,105" hai2="92,97,114,73,50,23,88,123,64,68,37,79,90" hai3="4,116,109,5,12,46,128,66,60,19,38,41,24"/><V14/><F123/><W124/><G116/><T91/><D110/><U3/><E3/><V20/><F114/><W134/><G109/><T120/><D120/><U29/><E113/><V21/><F37/><W127/><G128/><T67/><D135/><U54/><E117/><V18/><F50/><W78/><G78/><T15/><D129/><U77/><E69/><V122/><F122/><W132/><G24/><T44/><D67/><U89/><E77/><V74/><F90/><W17/><G5/><T102/><D102/><U26/><E26/><V131/><F131/><W40/><G4/><T83/><D34/><U99/><E35/><V95/><F95/><W1/><G40/><T57/><D57/><U112/><E112/><V115/><F115/><W45/><G45/><T30/><D0/><U121/><E121/><V119/><F119/><W93/><G93/><T133/><D133/><N who="3" m="51305" /><G1/><T61/><D61/><U49/><E63/><V87/><F64/><W16/><G12/><T58/><D58/><AGARI ba="0,0" hai="16,17,19,38,41,46,58,60,66,124,127" m="51305" machi="58" ten="30,2000,0" yaku="20,1,54,1" doraHai="27" who="3" fromWho="0" sc="169,-20,279,0,250,0,302,20" /><INIT seed="3,0,0,3,2,55" ten="149,279,250,322" oya="3" hai0="51,98,35,41,109,116,108,33,125,56,127,79,40" hai1="65,20,45,111,84,121,48,134,10,12,9,3,83" hai2="90,97,57,6,122,47,36,16,73,15,135,23,95" hai3="74,61,93,103,22,68,87,77,64,67,17,96,110"/><W126/><G110/><N who="0" m="42603" /><D79/><U19/><E111/><V50/><F73/><W85/><G126/><N who="0" m="48139" /><D116/><U72/><E72/><V100/><F122/><W21/><G21/><T101/><D56/><U130/><E121/><V62/><F36/><W107/><G67/><T2/><D2/><U78/><E134/><V131/><F135/><W49/><G49/><T63/><D63/><U133/><E133/><V69/><F69/><W1/><G1/><T18/><D18/><U76/><E130/><V115/><F115/><W106/><G74/><T37/><D37/><U66/><E78/><V71/><F131/><W29/><G17/><T0/><D0/><U129/><E129/><V43/><F71/><W52/><G68/><T104/><D51/><U46/><E45/><V128/><F6/><W26/><G64/><N who="1" m="24682" /><E3/><V53/><REACH who="2" step="1"/><F128/><REACH who="2" ten="149,279,240,322" step="2"/><W91/><G107/><T113/><D113/><U94/><E94/><V123/><F123/><W5/><G93/><T38/><D38/><U59/><E59/><V118/><F118/><W58/><G106/><T132/><D132/><U117/><E117/><V27/><F27/><W105/><G26/><T7/><D7/><U112/><E112/><V24/><F24/><W28/><G5/><T54/><D104/><U30/><E30/><V102/><AGARI ba="0,1" hai="15,16,23,43,47,50,53,57,62,90,95,97,100,102" machi="102" ten="30,8000,1" yaku="1,1,0,1,8,1,52,1,54,1,53,0" doraHai="55" doraHaiUra="70" who="2" fromWho="2" sc="149,-20,279,-20,240,90,322,-40" owari="129,-37.0,259,-14.0,330,43.0,282,8.0" /></mjloggm>