<mjloggm ver="2.3"><GO type="97" lobby="0"/><UN n0="%E8%A6%8B%E7%BF%92%E3%81%84%E3%83%91%E3%83%B3%E3%82%BF%E3%83%BC" n1="%E5%B0%B1%E6%B4%BB%E7%94%9F%40%E5%B7%9D%E6%9D%91%E8%BB%8D%E5%9B%A3" n2="%64%61%69%74%61%6B%75%31" n3="%63%6F%6C%6F%70%6C" dan="15,14,14,15" rate="1972.78,1991.28,2013.14,2004.11" sx="M,M,M,M"/><TAIKYOKU oya="0"/><INIT seed="0,0,0,0,3,82" ten="250,250,250,250" oya="0" hai0="105,87,34,130,88,117,48,78,72,11,121,26,104" hai1="62,56,111,113,25,64,29,30,127,110,45,46,4" hai2="42,77,15,133,120,74,81,126,51,12,100,75,125" hai3="19,114,92,57,119,39,63,21,36,10,86,5,91"/><T37/><D121/><U103/><E113/><V6/><F100/><W60/><G114/><T135/><D37/><U95/><E127/><N who="2" m="48651" /><F133/><W22/><G119/><T69/><D117/><U122/><E122/><V53/><F42/><W52/><G63/><T13/><D69/><U54/><E4/><V7/><F75/><W68/><G68/><T18/><D135/><U102/><E110/><V50/><F50/><W123/><G123/><T118/><D130/><U108/><E108/><V55/><F55/><W112/><G112/><T14/><D118/><U97/><E111/><V16/><F15/><W49/><G60/><T9/><D48/><U101/><E30/><V94/><F94/><W17/><G22/><T79/><D26/><U38/><E38/><V90/><F90/><W43/><G43/><T24/><D24/><U35/><REACH who="1" step="1"/><E64/><REACH who="1" ten="250,240,250,250" step="2"/><V33/><F120/><W129/><G129/><T84/><D34/><U106/><E106/><V89/><F33/><W128/><G128/><T134/><D134/><U98/><E98/><V132/><F132/><W67/><G67/><T73/><D18/><U20/><E20/><N who="2" m="11271" /><F7/><W83/><G19/><T23/><D23/><U3/><E3/><V31/><F6/><W76/><G5/><T27/><D27/><U65/><E65/><V66/><F66/><W8/><G36/><T44/><REACH who="0" step="1"/><D44/><AGARI ba="0,1" hai="25,29,35,44,45,46,54,56,62,95,97,101,102,103" machi="44" ten="40,1300,0" yaku="1,1,53,0" doraHai="82" doraHaiUra="80" who="1" fromWho="0" sc="250,-13,240,23,250,0,250,0" /><INIT seed="1,0,0,2,1,103" ten="237,263,250,250" oya="1" hai0="92,98,125,70,33,119,82,65,106,117,83,101,37" hai1="31,36,108,53,74,28,97,16,100,133,99,39,77" hai2="23,12,73,18,129,135,49,57,5,72,45,59,128" hai3="132,56,1,121,90,35,17,44,50,11,111,14,34"/><U124/><E133/><V120/><F120/><W61/><G121/><T67/><D37/><U66/><E66/><V86/><F5/><W109/><G132/><T15/><D33/><U55/><E124/><V30/><F30/><W122/><G122/><T94/><D15/><U32/><E108/><N who="3" m="41546" /><G1/><T76/><D65/><U7/><E7/><V107/><F107/><W131/><G90/><T91/><D67/><U85/><E74/><V10/><F86/><W123/><G123/><T48/><D70/><U6/><E6/><V43/><F10/><W87/><G87/><N who="0" m="50679" /><D48/><U20/><E32/><V71/><F71/><W24/><G24/><T3/><D3/><U105/><E39/><V79/><F135/><W40/><G131/><N who="2" m="50249" /><F79/><W88/><G88/><N who="0" m="55559" /><D125/><U93/><E36/><V2/><F2/><W68/><G68/><T19/><D19/><U110/><E110/><V0/><F0/><W115/><G115/><T84/><D94/><U80/><E31/><V4/><F4/><W75/><G75/><AGARI ba="0,0" hai="12,18,23,43,45,49,57,59,72,73,75" m="50249" machi="75" ten="30,1000,0" yaku="19,1" doraHai="103" who="2" fromWho="3" sc="237,0,263,0,250,10,250,-10" /><INIT seed="2,0,0,1,2,58" ten="237,263,260,240" oya="2" hai0="6,5,127,37,8,14,98,129,125,59,13,78,33" hai1="92,66,10,60,49,121,71,133,113,4,80,23,94" hai2="75,62,70,84,89,106,16,79,12,69,51,56,26" hai3="47,1,93,108,43,22,82,67,130,53,29,31,100"/><V128/><F106/><W15/><G1/><T81/><D37/><U124/><E113/><V83/><F26/><W115/><G115/><T123/><D33/><U90/><E121/><V134/><F134/><W104/><G104/><T126/><D123/><U55/><E124/><V120/><F120/><W21/><G82/><T88/><D129/><U105/><E133/><V44/><F75/><W114/><G114/><T52/><D14/><U54/><E105/><V0/><F0/><W96/><G67/><T65/><D65/><U110/><E110/><V40/><F128/><W2/><G2/><T85/><D5/><U30/><E80/><V18/><F18/><W76/><G76/><T36/><D36/><U57/><E55/><N who="2" m="34079" /><F70/><W48/><G130/><T77/><REACH who="0" step="1"/><D98/><REACH who="0" ten="227,263,260,240" step="2"/><U95/><E4/><V34/><F34/><W97/><G97/><T101/><D101/><U87/><E10/><N who="2" m="6167" /><F69/><W109/><G15/><T39/><D39/><U45/><E71/><V119/><F119/><W74/><G109/><T20/><D20/><N who="3" m="7785" /><G108/><T3/><D3/><U61/><E23/><V42/><F79/><W91/><G100/><T131/><D131/><U19/><E30/><N who="3" m="11274" /><G74/><T72/><D72/><U99/><E19/><V68/><F68/><W102/><G102/><T24/><D24/><U107/><E99/><V73/><F73/><W117/><G117/><T112/><D112/><U116/><E116/><V50/><F44/><W38/><G38/><T27/><D27/><U111/><E111/><V17/><F17/><W86/><G96/><T9/><D9/><U32/><E32/><V28/><F28/><RYUUKYOKU ba="0,1" sc="227,10,263,-30,260,10,240,10" hai0="6,8,13,52,59,77,78,81,85,88,125,126,127" hai2="40,42,50,51,83,84,89" hai3="43,47,48,53,86,91,93" /><INIT seed="2,1,1,2,1,4" ten="237,233,270,250" oya="2" hai0="135,105,90,10,117,131,59,64,113,14,125,98,79" hai1="127,89,103,74,72,134,47,96,29,70,102,82,77" hai2="48,133,18,65,116,32,69,86,56,129,83,57,85" hai3="16,112,122,104,50,54,26,12,40,30,7,94,24"/><V92/><F32/><W99/><G104/><T19/><D113/><U120/><E70/><V28/><F69/><W44/><G122/><T114/><D125/><U11/><E29/><V22/><F28/><W8/><G112/><T121/><D114/><U97/><E47/><V49/><F92/><W71/><G71/><T1/><D121/><U126/><E11/><V43/><F85/><W55/><G7/><T93/><D117/><U42/><E42/><V68/><F68/><W53/><REACH who="3" step="1"/><G30/><REACH who="3" ten="237,233,270,240" step="2"/><T111/><D105/><N who="1" m="63687" /><E120/><V3/><F116/><W45/><G45/><T23/><D135/><U107/><E134/><V80/><F133/><W62/><G62/><T95/><D131/><U34/><E34/><V52/><F129/><W0/><G0/><T46/><D1/><U6/><E6/><V84/><F3/><W119/><G119/><T13/><D46/><U33/><E33/><V109/><F43/><W17/><G17/><N who="0" m="8375" /><D111/><U106/><E106/><V25/><F109/><W51/><G51/><T75/><D59/><U9/><E127/><V66/><F49/><W110/><G110/><T58/><D58/><U76/><E126/><V108/><F108/><W124/><G124/><T5/><D5/><U73/><E9/><V15/><F56/><W63/><G63/><T61/><D61/><U78/><E74/><V132/><F132/><W31/><G31/><T38/><D75/><U60/><E60/><V123/><F123/><W20/><G20/><T67/><D38/><U27/><E27/><V21/><F25/><W81/><G81/><N who="2" m="31305" /><F22/><W128/><G128/><T35/><D35/><RYUUKYOKU ba="1,2" sc="237,-30,233,10,270,10,240,10" hai1="72,73,76,77,78,82,89,97,103,107" hai2="15,18,21,48,52,57,65,66,84,86" hai3="8,12,16,24,26,40,44,50,53,54,55,94,99" /><INIT seed="2,2,2,1,2,127" ten="207,243,280,250" oya="2" hai0="69,78,22,53,0,44,102,71,116,4,51,124,98" hai1="81,88,96,62,29,33,27,133,84,35,37,128,103" hai2="94,99,90,45,32,57,6,46,75,74,117,125,101" hai3="110,134,18,89,10,48,91,111,93,63,8,115,17"/><V59/><F32/><W5/><G115/><T36/><D116/><U23/><E37/><V126/><F117/><W50/><G63/><T13/><D124/><N who="2" m="47722" /><F6/><W58/><G134/><T7/><D78/><U77/><E133/><V70/><F70/><W108/><G58/><N who="2" m="22025" /><F101/><W130/><G130/><T67/><D7/><U39/><E39/><V79/><F79/><W120/><G120/><T135/><D135/><U3/><E3/><V56/><N who="2" m="22033" /><V113/><DORA hai="60" /><F113/><W16/><G8/><T66/><D36/><U31/><E128/><V68/><F68/><W24/><G24/><T104/><D71/><U73/><E62/><V95/><F95/><W1/><REACH who="3" step="1"/><G91/><REACH who="3" ten="207,243,280,240" step="2"/><T21/><D69/><U28/><E35/><V25/><F25/><W61/><G61/><T122/><D122/><U30/><E33/><V65/><F65/><W64/><G64/><T83/><D67/><U20/><N who="1" m="7680" /><DORA hai="52" /><U47/><E27/><V76/><F76/><W34/><G34/><T123/><D66/><U49/><E77/><V82/><F82/><W2/><G2/><T72/><D83/><U43/><REACH who="1" step="1"/><E73/><AGARI ba="2,3" hai="45,46,73,74,75,90,94,99" m="22033,47722" machi="73" ten="40,12000,1" yaku="18,1,52,4" doraHai="127,60,52" who="2" fromWho="1" sc="207,0,243,-126,280,156,240,0" /><INIT seed="2,3,0,2,3,5" ten="207,117,436,240" oya="2" hai0="66,10,105,31,16,32,54,102,62,4,3,9,37" hai1="81,95,109,46,50,114,49,42,8,77,55,24,69" hai2="35,36,112,13,39,99,7,101,134,89,120,70,28" hai3="12,131,123,27,0,45,126,119,38,19,113,111,25"/><V118/><F112/><W87/><G113/><T97/><D54/><U52/><E69/><V73/><F89/><W67/><G123/><T29/><D37/><U79/><E114/><V106/><F73/><W93/><G119/><T64/><D64/><U14/><E109/><V26/><F120/><W33/><G111/><T115/><D115/><U40/><E24/><V71/><F118/><W100/><G0/><T75/><D75/><U94/><E42/><V34/><F35/><W117/><G117/><T116/><D116/><U83/><E40/><V44/><F44/><W59/><G131/><T91/><D91/><U22/><E22/><V15/><F15/><W130/><G130/><T96/><D96/><U125/><E125/><V122/><F122/><W43/><G33/><T2/><D32/><U85/><E81/><V107/><F107/><W17/><G126/><T61/><D61/><U133/><E79/><V6/><F6/><W57/><G19/><T88/><D88/><N who="1" m="51263" /><E133/><V90/><F90/><W78/><G78/><T48/><D48/><U108/><E77/><V68/><REACH who="2" step="1"/><F134/><REACH who="2" ten="207,117,426,240" step="2"/><W129/><G129/><T41/><D3/><U82/><E82/><V11/><AGARI ba="3,1" hai="7,11,13,26,28,34,36,39,68,70,71,99,101,106" machi="11" ten="40,12000,1" yaku="1,1,2,1,0,1,52,1,53,0" doraHai="5" doraHaiUra="74" who="2" fromWho="2" sc="207,-43,117,-43,426,139,240,-43" /><INIT seed="2,4,0,3,2,123" ten="164,74,565,197" oya="2" hai0="15,64,56,48,0,70,114,67,9,23,85,37,11" hai1="17,65,38,57,112,89,96,8,81,25,69,71,74" hai2="42,108,106,99,62,30,4,29,118,110,2,18,133" hai3="44,109,72,22,80,43,76,61,40,135,132,98,102"/><V28/><F118/><W3/><G3/><T46/><D114/><U32/><E38/><V49/><F62/><W7/><G7/><T97/><D0/><U83/><E112/><V5/><F133/><W130/><G61/><T88/><D97/><U78/><E32/><V73/><F73/><W12/><G130/><T86/><D70/><U24/><E71/><V129/><F129/><W122/><G122/><T120/><D37/><U54/><E65/><N who="0" m="25161" /><D86/><U121/><E69/><V77/><F77/><W27/><G12/><T87/><D87/><U79/><E121/><V117/><F117/><W36/><G40/><N who="0" m="24647" /><D56/><U19/><E96/><V104/><F18/><W14/><G14/><T31/><D120/><U10/><E89/><V21/><F21/><W93/><G98/><T6/><D6/><N who="2" m="2666" /><F99/><W119/><G93/><N who="0" m="54415" /><D15/><U103/><E103/><V41/><F2/><W128/><G102/><T45/><D45/><U53/><REACH who="1" step="1"/><E57/><REACH who="1" ten="164,64,565,197" step="2"/><V113/><F113/><W127/><G119/><T84/><D84/><U55/><E55/><V92/><F92/><W35/><G132/><T124/><D124/><U13/><E13/><V82/><F82/><W115/><G135/><T116/><D116/><U63/><E63/><V26/><F26/><AGARI ba="4,1" hai="9,11,23,26,31" m="54415,24647,25161" machi="26" ten="30,2000,0" yaku="8,1,54,1" doraHai="123" who="0" fromWho="2" sc="164,42,64,0,565,-32,197,0" /><INIT seed="3,0,0,4,1,32" ten="206,64,533,197" oya="3" hai0="129,97,59,131,40,74,28,52,39,76,95,21,104" hai1="126,54,86,57,102,101,1,62,133,46,107,114,27" hai2="120,105,41,94,2,9,128,122,99,5,121,68,15" hai3="14,25,78,72,30,51,63,64,77,91,37,112,82"/><W88/><G37/><T55/><D104/><U45/><E114/><V109/><F109/><W18/><G112/><T35/><D35/><U26/><E126/><V42/><F105/><W127/><G77/><T96/><D76/><U31/><E133/><V92/><F128/><N who="0" m="49226" /><D74/><U10/><E86/><V61/><F15/><W90/><G51/><N who="0" m="31135" /><D55/><U70/><E70/><V47/><F47/><W66/><G127/><T4/><D4/><U80/><E80/><V110/><F110/><W8/><REACH who="3" step="1"/><G63/><REACH who="3" ten="206,64,533,187" step="2"/><T75/><D39/><U11/><E107/><V7/><F61/><W81/><G81/><T87/><D75/><U34/><E62/><V16/><F121/><W49/><G49/><T44/><D87/><U123/><E123/><V98/><F120/><W134/><G134/><T58/><D97/><U119/><E119/><V103/><F122/><W17/><G17/><T116/><D96/><U12/><E31/><V132/><F16/><W53/><G53/><T56/><D116/><U111/><E54/><V43/><F132/><W33/><AGARI ba="0,1" hai="8,14,18,25,30,33,64,66,72,78,82,88,90,91" machi="33" ten="30,11700,0" yaku="1,1,0,1,54,1,53,1" doraHai="32" doraHaiUra="24" who="3" fromWho="3" sc="206,-39,64,-39,533,-39,187,127" /><INIT seed="3,1,0,3,2,20" ten="167,25,494,314" oya="3" hai0="33,86,57,128,46,105,38,61,62,67,49,95,122" hai1="87,81,5,63,54,135,47,132,91,103,25,19,73" hai2="0,92,45,44,43,126,77,118,76,90,124,75,101" hai3="112,85,26,65,120,40,70,31,64,53,127,35,13"/><W83/><G120/><T104/><D33/><U99/><E73/><V72/><F101/><W2/><G2/><T133/><D122/><U8/><E132/><V30/><F0/><W11/><G112/><T130/><D86/><U71/><E135/><V9/><F9/><W115/><G115/><T93/><D133/><U24/><E71/><V116/><F30/><W55/><G40/><T50/><D57/><U97/><E5/><V102/><F102/><W23/><G127/><N who="2" m="48681" /><F75/><W41/><G41/><T60/><D46/><N who="2" m="18026" /><F43/><W58/><G35/><T74/><D74/><U3/><E3/><V27/><F27/><N who="1" m="10313" /><E63/><V88/><F90/><N who="3" m="51519" /><G70/><T119/><D62/><U134/><E134/><V1/><F1/><W108/><G108/><T125/><D125/><U123/><E103/><V15/><F15/><W12/><G12/><T121/><D121/><U96/><E123/><V84/><F72/><W39/><G39/><T10/><D38/><U32/><E32/><V107/><F107/><W14/><G14/><T29/><D29/><U66/><E66/><N who="3" m="25706" /><G58/><T100/><D67/><U79/><E8/><V82/><F118/><W117/><G117/><T109/><D10/><U37/><E37/><V68/><F68/><W59/><G59/><T6/><D119/><U34/><E34/><V17/><F116/><W111/><G111/><T114/><D109/><U56/><E19/><AGARI ba="1,0" hai="11,13,19,23,26,31,53,55" m="25706,51519" machi="19" ten="30,2900,0" yaku="8,1,52,1" doraHai="20" who="3" fromWho="1" sc="167,0,25,-32,494,0,314,32" owari="167,-23.0,-7,-51.0,494,59.0,346,15.0" /></mjloggm>