<mjloggm ver="2.3"><GO type="97" lobby="0"/><UN n0="%62%61%6D%69%63%6F" n1="%E5%87%B6%E4%BB%8B%40%E6%9D%8F%E6%9D%8F%E8%BB%8D%E5%9C%98" n2="%E3%83%88%E3%83%88%E3%83%AA%E5%85%88%E7%94%9F%31%39%E6%AD%B3" n3="%E3%81%94%E3%82%93%E3%81%96%E3%81%B6%E3%82%8D%E3%83%BC" dan="13,13,15,14" rate="1884.52,1865.22,2033.98,1972.20" sx="M,M,F,M"/><TAIKYOKU oya="0"/><INIT seed="0,0,0,0,3,2" ten="250,250,250,250" oya="0" hai0="29,101,33,118,122,68,16,119,41,59,13,44,10" hai1="66,32,129,77,8,117,103,63,43,134,11,18,21" hai2="75,98,97,28,69,58,81,76,115,128,34,30,17" hai3="64,9,14,92,38,70,124,65,37,107,0,72,125"/><T123/><D68/><U67/><E67/><BYE who="1" /><N who="3" m="25674" /><G70/><T62/><D101/><U104/><E104/><V45/><F69/><W5/><G107/><T114/><D59/><U35/><E35/><V133/><F115/><W84/><G72/><T74/><D62/><U24/><E24/><V121/><F121/><W105/><G105/><T116/><D74/><U57/><E57/><V51/><F58/><W132/><G132/><T108/><D44/><U61/><E61/><V48/><F133/><W91/><G0/><T23/><D41/><U39/><E39/><V113/><F113/><W109/><G109/><T111/><D114/><U79/><E79/><V90/><F128/><W78/><G78/><T100/><D100/><U99/><E99/><V106/><F48/><W85/><G85/><T83/><D83/><U15/><E15/><V27/><F106/><W54/><G54/><T112/><D112/><U20/><E20/><V82/><F28/><W22/><G22/><T47/><D47/><U56/><E56/><V42/><REACH who="2" step="1"/><F17/><REACH who="2" ten="250,250,240,250" step="2"/><W89/><G89/><T73/><D33/><U26/><E26/><V7/><F7/><W87/><G38/><T126/><D73/><U36/><E36/><V102/><F102/><W46/><G37/><T19/><D29/><U53/><E53/><V95/><F95/><N who="3" m="54759" /><G46/><T110/><D126/><U96/><E96/><V49/><F49/><W88/><G125/><T3/><D3/><U25/><E25/><AGARI ba="0,1" hai="10,13,16,19,23,25,108,110,111,116,118,119,122,123" machi="25" ten="50,18000,2" yaku="14,1,10,1,34,3,54,1" doraHai="2" who="0" fromWho="1" sc="250,190,250,-180,240,0,250,0" /><INIT seed="0,1,0,0,3,7" ten="440,70,240,250" oya="0" hai0="18,73,135,24,83,57,43,48,58,94,101,19,44" hai1="126,34,60,92,40,133,111,104,65,2,10,29,108" hai2="66,23,9,14,117,125,22,122,64,95,123,11,106" hai3="28,46,6,17,0,86,114,61,27,131,21,110,16"/><T75/><D135/><U68/><E68/><V87/><F106/><W81/><G114/><T1/><D1/><U79/><E79/><V127/><F95/><W38/><G131/><T80/><D75/><U56/><E56/><N who="0" m="21609" /><D73/><U67/><E67/><N who="2" m="25643" /><F87/><W8/><G61/><T99/><D19/><U30/><E30/><V78/><F78/><W55/><G110/><T103/><D101/><U109/><E109/><V119/><F14/><W12/><G38/><T45/><D44/><U118/><E118/><N who="2" m="45067" /><F23/><AGARI ba="1,0" hai="18,23,24,43,45,48,80,83,94,99,103" m="21609" machi="23" ten="30,1500,0" yaku="8,1" doraHai="7" who="0" fromWho="2" sc="440,18,70,0,240,-18,250,0" /><INIT seed="0,2,0,2,3,65" ten="458,70,222,250" oya="0" hai0="34,131,12,92,29,18,76,10,7,114,22,2,104" hai1="58,72,59,68,40,110,14,55,102,82,4,123,133" hai2="69,108,111,50,33,66,60,42,94,88,56,84,41" hai3="17,15,77,91,85,11,95,106,61,127,67,96,83"/><T39/><D104/><U118/><E118/><V113/><F33/><W97/><G127/><T44/><D76/><U78/><E78/><V0/><F0/><W135/><G135/><T134/><D92/><U126/><E126/><V46/><F113/><W81/><G106/><T36/><D114/><U16/><E16/><V6/><F6/><W105/><G105/><T124/><D124/><U64/><E64/><V79/><F79/><W112/><G112/><T3/><D134/><U21/><E21/><V121/><F121/><W63/><G63/><T57/><D2/><U37/><E37/><V128/><F128/><W13/><G13/><T101/><D101/><U73/><E73/><V116/><F116/><W19/><G19/><T43/><D131/><U9/><E9/><V23/><F23/><W89/><G83/><T47/><D57/><U125/><E125/><V103/><F103/><W27/><G27/><N who="0" m="18751" /><D47/><U117/><E117/><V87/><F87/><W28/><G28/><T49/><AGARI ba="2,0" hai="3,7,10,12,18,22,36,39,43,44,49" m="18751" machi="49" ten="30,1500,0" yaku="24,1" doraHai="65" who="0" fromWho="0" sc="458,21,70,-7,222,-7,250,-7" /><UN n1="%E5%87%B6%E4%BB%8B%40%E6%9D%8F%E6%9D%8F%E8%BB%8D%E5%9C%98" /><INIT seed="0,3,0,5,3,57" ten="479,63,215,243" oya="0" hai0="129,97,92,132,127,89,51,17,13,3,10,112,133" hai1="28,135,4,83,56,74,107,41,110,43,52,27,69" hai2="32,75,105,0,24,19,14,34,128,65,54,61,5" hai3="12,76,68,11,123,78,48,53,25,50,99,38,122"/><T84/><D112/><U86/><E107/><V116/><F105/><W40/><G38/><T21/><D129/><U77/><E69/><V109/><F75/><W119/><G119/><T42/><D127/><U49/><E110/><V94/><F116/><W59/><G68/><T96/><D3/><U6/><E135/><N who="0" m="51785" /><D10/><U117/><E117/><V106/><F109/><W16/><G25/><T67/><D67/><U30/><E28/><V82/><F106/><W20/><G20/><T71/><D71/><U101/><E101/><V79/><F128/><W108/><G108/><T8/><D8/><U47/><E43/><V80/><F79/><W100/><G123/><T95/><D92/><U91/><E74/><V36/><F36/><W58/><G122/><T121/><D121/><U126/><E126/><V33/><F5/><W120/><G120/><T2/><D2/><U115/><E115/><V73/><F0/><W125/><G125/><T104/><D104/><U130/><E130/><V35/><F73/><W29/><G29/><T37/><D37/><U64/><E64/><V72/><F72/><W113/><G113/><T98/><D98/><U131/><E131/><V111/><F111/><W39/><G39/><T7/><D7/><U18/><E18/><V114/><F94/><N who="3" m="58487" /><G40/><T1/><D1/><U81/><E77/><V55/><F114/><W90/><G90/><T118/><D118/><U102/><E102/><V62/><F19/><W22/><G11/><T46/><AGARI ba="3,0" hai="13,17,21,42,46,51,84,89,95,96,97" m="51785" machi="46" ten="30,1500,0" yaku="20,1" doraHai="57" who="0" fromWho="0" sc="479,24,63,-8,215,-8,243,-8" /><INIT seed="0,4,0,0,4,67" ten="503,55,207,235" oya="0" hai0="95,68,21,26,130,91,55,132,25,12,9,77,63" hai1="108,46,29,51,58,122,87,104,110,64,8,17,28" hai2="107,10,123,92,40,99,111,45,134,54,129,100,79" hai3="66,49,72,118,131,13,125,7,65,106,15,20,114"/><T35/><D132/><U32/><E104/><V43/><F123/><W69/><G106/><T23/><D130/><U18/><E122/><V0/><F134/><W101/><G101/><T89/><D77/><U88/><E32/><V11/><F129/><W78/><G78/><T133/><D133/><U74/><E74/><V52/><F111/><N who="1" m="42537" /><E8/><V27/><F79/><W22/><G72/><T126/><D35/><U102/><E102/><V61/><F107/><W98/><G98/><T31/><D126/><U128/><E128/><V59/><F0/><W50/><G131/><T5/><D95/><N who="1" m="54687" /><E29/><V116/><F116/><W34/><G34/><T81/><D81/><U109/><N who="1" m="42545" /><U1/><DORA hai="2" /><E1/><V82/><F82/><W119/><G125/><T96/><D96/><U14/><E14/><V60/><F27/><W24/><G24/><T37/><D37/><U57/><E28/><V36/><F43/><W53/><G114/><T56/><REACH who="0" step="1"/><D68/><REACH who="0" ten="493,55,207,235" step="2"/><U127/><E127/><V38/><F38/><W3/><G69/><T47/><D47/><U135/><E135/><V62/><F45/><W112/><G112/><T117/><D117/><U42/><E58/><V33/><F33/><W30/><G119/><T105/><D105/><U16/><E57/><V94/><F94/><W6/><G118/><T86/><D86/><U39/><E39/><V103/><F59/><W124/><G124/><T80/><D80/><U44/><E46/><N who="2" m="23815" /><F103/><W84/><G84/><T71/><D71/><U83/><E83/><V97/><F97/><W85/><G85/><T4/><D4/><U113/><E113/><RYUUKYOKU ba="4,1" sc="493,10,55,10,207,10,235,-30" hai0="5,9,12,21,23,25,26,31,55,56,63,89,91" hai1="16,17,18,42,44,51,64" hai2="10,11,52,54,60,61,62,92,99,100" /><INIT seed="0,5,1,3,1,131" ten="503,65,217,205" oya="0" hai0="55,29,13,80,87,33,70,11,81,94,134,108,16" hai1="58,78,133,5,74,129,89,50,30,83,24,8,77" hai2="60,112,111,64,39,130,48,1,22,32,101,86,102" hai3="122,38,106,31,71,9,82,36,15,65,37,85,10"/><T35/><D70/><U42/><E129/><V88/><F32/><W18/><G106/><T34/><D29/><U76/><E89/><V46/><F112/><W113/><G113/><T123/><D123/><U49/><E133/><V99/><F1/><W56/><G122/><T25/><D134/><U7/><E5/><V103/><F130/><W27/><G10/><T121/><D121/><U100/><E100/><V128/><F128/><W19/><G19/><T63/><D108/><U95/><E95/><V117/><F39/><W72/><G72/><T66/><D55/><U69/><E69/><V115/><F115/><W23/><G71/><T93/><D25/><U47/><E50/><V67/><F111/><W120/><G120/><T98/><D80/><U92/><E92/><N who="2" m="54295" /><F117/><W107/><G107/><T119/><D119/><U114/><E114/><V41/><F60/><W125/><G125/><T57/><REACH who="0" step="1"/><D98/><REACH who="0" ten="493,65,217,205" step="2"/><U132/><E132/><V44/><F99/><W26/><G26/><T21/><D21/><U84/><E74/><V4/><F22/><W28/><G28/><T59/><D59/><U73/><E73/><V2/><F67/><W20/><G56/><T116/><D116/><U14/><REACH who="1" step="1"/><E58/><REACH who="1" ten="493,55,217,205" step="2"/><V53/><F46/><W124/><G124/><T109/><D109/><U118/><E118/><V17/><F44/><W97/><G97/><T68/><D68/><U52/><E52/><V0/><F53/><W79/><G65/><T105/><D105/><U91/><E91/><AGARI ba="5,3" hai="11,13,16,33,34,35,57,63,66,81,87,91,93,94" machi="91" ten="40,3900,0" yaku="1,1,54,1,53,0" doraHai="131" doraHaiUra="45" who="0" fromWho="1" sc="493,84,55,-54,217,0,205,0" /><INIT seed="0,6,0,0,2,117" ten="577,1,217,205" oya="0" hai0="1,8,71,124,38,19,62,7,85,95,65,35,75" hai1="34,60,70,89,108,72,100,29,9,4,121,106,17" hai2="6,118,53,82,91,30,68,127,122,129,36,96,43" hai3="131,109,84,37,101,98,119,39,128,132,64,67,24"/><T88/><D75/><U107/><E72/><V93/><F122/><W135/><G119/><T54/><D35/><U102/><E121/><V86/><F118/><W83/><G24/><T50/><D38/><U33/><E108/><V40/><F68/><W113/><G113/><T20/><D124/><U10/><E70/><V31/><F127/><W80/><G109/><T3/><D3/><U48/><E48/><V32/><F129/><N who="3" m="49739" /><G39/><T111/><D111/><U0/><E10/><V59/><F6/><W99/><G37/><T94/><D94/><U115/><E115/><V112/><F112/><W46/><G46/><T58/><REACH who="0" step="1"/><D20/><REACH who="0" ten="567,1,217,205" step="2"/><U104/><E60/><N who="2" m="35951" /><F32/><W11/><G11/><T15/><D15/><U63/><E63/><V47/><F36/><W45/><G45/><T90/><D90/><U92/><E89/><N who="2" m="51415" /><F47/><W57/><G83/><T14/><D14/><U69/><E92/><V44/><F44/><W5/><G5/><T55/><D55/><U61/><E17/><AGARI ba="6,1" hai="1,7,8,17,19,50,54,58,62,65,71,85,88,95" machi="17" ten="40,3900,0" yaku="1,1,54,1,53,0" doraHai="117" doraHaiUra="78" who="0" fromWho="1" sc="567,67,1,-57,217,0,205,0" owari="634,73.0,-56,-56.0,217,2.0,205,-19.0" /></mjloggm>