<mjloggm ver="2.3"><GO type="97" lobby="0"/><UN n0="%E3%81%BE%E3%82%8B%E3%82%82%E3%81%A3%E3%81%A6%E3%81%83" n1="%E5%8D%81%E5%BC%90%E7%BE%8E%E7%80%AC%E3%81%AA%E3%81%AA" n2="%E5%B0%B1%E6%B4%BB%E7%94%9F%40%E5%B7%9D%E6%9D%91%E8%BB%8D%E5%9B%A3" n3="%7A%6F%75%7A%6F%75" dan="14,15,15,15" rate="1983.19,2052.02,1956.21,1916.22" sx="M,F,M,M"/><TAIKYOKU oya="0"/><INIT seed="0,0,0,3,0,10" ten="250,250,250,250" oya="0" hai0="34,32,107,19,122,104,3,94,102,86,14,74,23" hai1="30,62,78,73,64,119,20,21,35,135,52,70,41" hai2="36,106,111,68,76,85,114,81,83,43,1,113,72" hai3="133,6,17,99,115,132,50,82,13,129,103,123,4"/><T9/><D122/><U49/><E119/><V79/><F111/><W18/><G115/><T51/><D74/><U75/><E135/><N who="3" m="51786" /><G129/><T128/><D128/><U134/><E41/><V16/><F106/><N who="3" m="63871" /><G123/><T48/><D107/><U71/><E71/><V97/><F1/><W108/><G108/><T57/><D104/><U101/><E101/><V22/><F68/><W96/><G96/><T91/><D102/><U80/><E75/><V15/><REACH who="2" step="1"/><F97/><REACH who="2" ten="250,250,240,250" step="2"/><W33/><G4/><T2/><D2/><U46/><REACH who="1" step="1"/><E134/><REACH who="1" ten="250,240,240,250" step="2"/><V131/><F131/><W87/><G33/><T117/><D34/><U105/><E105/><V69/><F69/><W127/><G127/><T44/><D32/><U45/><E45/><AGARI ba="0,2" hai="15,16,22,36,43,45,72,76,79,81,83,85,113,114" machi="45" ten="40,5200,0" yaku="1,1,52,1,54,1,53,0" doraHai="10" doraHaiUra="92" who="2" fromWho="1" sc="250,0,240,-52,240,72,250,0" /><INIT seed="1,0,0,5,3,121" ten="250,188,312,250" oya="1" hai0="36,1,114,5,77,94,117,49,71,116,52,58,38" hai1="105,95,75,113,88,12,25,70,63,40,78,7,64" hai2="17,34,118,61,85,31,87,109,37,74,42,62,104" hai3="33,27,131,60,93,97,110,47,18,100,48,26,84"/><U98/><E113/><V67/><F104/><W125/><G125/><T50/><D114/><U28/><E40/><V3/><F74/><W57/><G33/><T89/><D71/><U24/><E105/><V30/><F3/><W46/><G110/><T128/><D128/><U19/><E7/><V111/><F118/><W76/><G131/><T79/><D38/><U83/><REACH who="1" step="1"/><E28/><REACH who="1" ten="250,178,312,250" step="2"/><V53/><F42/><N who="3" m="24663" /><G18/><T56/><D117/><U0/><E0/><V115/><F31/><W86/><G47/><T45/><D116/><U59/><E59/><V43/><F30/><W108/><G108/><N who="2" m="41545" /><F17/><W69/><G69/><T122/><D122/><U29/><E29/><V135/><F115/><W99/><G100/><T132/><D1/><U11/><AGARI ba="0,1" hai="11,12,19,24,25,63,64,70,75,78,83,88,95,98" machi="11" ten="20,12000,1" yaku="1,1,0,1,7,1,54,1,53,1" doraHai="121" doraHaiUra="107" who="1" fromWho="1" sc="250,-40,178,130,312,-40,250,-40" /><INIT seed="1,1,0,0,3,21" ten="210,308,272,210" oya="1" hai0="31,73,61,68,75,92,103,121,115,74,55,67,132" hai1="57,113,22,50,112,131,23,135,66,99,81,20,2" hai2="109,42,9,13,110,62,133,15,32,64,71,96,76" hai3="1,24,80,41,26,47,8,123,59,12,5,116,130"/><U45/><E135/><V17/><F32/><W65/><G123/><T58/><D115/><U101/><E131/><V0/><F133/><W114/><G114/><T29/><D132/><U18/><E2/><V60/><F0/><W84/><G130/><T63/><D121/><U49/><E81/><V72/><F42/><W117/><G1/><T105/><D105/><U86/><E86/><V87/><F72/><W90/><G59/><T36/><D36/><U89/><E89/><V7/><F96/><W51/><REACH who="3" step="1"/><G65/><REACH who="3" ten="210,308,272,200" step="2"/><T25/><D67/><U4/><E112/><V127/><F64/><W94/><G94/><T53/><D68/><U54/><E113/><V119/><F71/><W124/><G124/><T128/><D128/><U69/><E69/><V19/><F127/><W97/><G97/><T30/><D92/><N who="1" m="58599" /><E66/><V35/><F119/><AGARI ba="1,1" hai="5,8,12,24,26,41,47,51,80,84,90,116,117,119" machi="119" ten="40,8000,1" yaku="1,1,12,1,52,2,53,0" doraHai="21" doraHaiUra="111" who="3" fromWho="2" sc="210,0,308,0,272,-83,200,93" /><INIT seed="2,0,0,5,1,4" ten="210,308,189,293" oya="2" hai0="123,30,135,102,61,63,62,100,70,132,52,9,6" hai1="0,109,127,69,80,24,79,35,88,81,66,103,83" hai2="78,58,10,128,85,51,28,15,13,16,21,45,40" hai3="116,97,110,14,76,96,38,115,134,7,46,11,67"/><V59/><F128/><W126/><G116/><T55/><D123/><U39/><E109/><V18/><F28/><W89/><G110/><T75/><D75/><U53/><E127/><V129/><F129/><W19/><G126/><T33/><D70/><U71/><E39/><V114/><F114/><W37/><G67/><T41/><D41/><U113/><E113/><V22/><F22/><W91/><G115/><T94/><D30/><U68/><E0/><V36/><F36/><W3/><G76/><T95/><D33/><U34/><E79/><V125/><F125/><W12/><G3/><T47/><D47/><U82/><E103/><N who="0" m="39465" /><D9/><U117/><E117/><V107/><F107/><W44/><G134/><N who="0" m="51243" /><D6/><U93/><E24/><V43/><F43/><W105/><G105/><T65/><D65/><U57/><E66/><V25/><F25/><W48/><G38/><T130/><D130/><U122/><E122/><V118/><F118/><W106/><G106/><T74/><D74/><U90/><E35/><V73/><F73/><W26/><G44/><T86/><D86/><U101/><E34/><V131/><F131/><W98/><G37/><T8/><D8/><U23/><E23/><V99/><F99/><W64/><G64/><T133/><N who="0" m="51251" /><T108/><DORA hai="87" /><D108/><U42/><E42/><V56/><F56/><W32/><G32/><T31/><D31/><U121/><E121/><V124/><F124/><W27/><G27/><T49/><D49/><U84/><E71/><V17/><F17/><W119/><G26/><T72/><D72/><U112/><E69/><V120/><F120/><RYUUKYOKU ba="0,0" sc="210,15,308,-15,189,15,293,-15" hai0="52,55,61,62,63,94,95" hai2="10,13,15,16,18,21,40,45,51,58,59,78,85" /><INIT seed="2,1,0,5,0,0" ten="225,293,204,278" oya="2" hai0="73,85,70,65,133,38,28,106,100,68,27,8,63" hai1="119,13,33,91,23,88,111,76,60,30,110,26,40" hai2="49,114,16,53,107,2,20,25,61,11,105,74,109" hai3="104,72,87,12,69,75,122,123,51,96,32,43,102"/><V18/><F74/><W22/><G32/><N who="0" m="20511" /><D68/><U67/><E119/><V132/><F114/><W45/><G69/><T64/><D64/><U78/><E40/><V59/><F132/><W50/><G50/><T66/><D66/><U41/><E41/><V89/><F109/><N who="1" m="41481" /><E33/><V93/><F49/><W52/><G22/><T34/><D34/><U99/><E13/><N who="2" m="7231" /><F2/><W37/><G12/><T5/><D85/><U129/><E129/><V130/><F130/><W103/><G103/><T121/><D133/><U125/><E125/><V46/><F46/><W95/><G75/><T10/><D121/><U29/><E29/><V94/><F94/><W131/><G72/><T116/><D116/><U21/><E21/><V3/><F3/><W54/><G131/><T135/><D135/><U112/><E112/><V108/><F108/><W36/><G36/><T113/><D73/><U9/><E9/><V31/><F31/><W98/><G87/><T115/><D10/><U134/><E134/><V56/><F56/><W6/><G98/><AGARI ba="1,0" hai="18,20,25,53,59,61,89,93,98,105,107" m="7231" machi="98" ten="30,2900,0" yaku="25,1,54,1" doraHai="0" who="2" fromWho="3" sc="225,0,293,0,204,32,278,-32" /><INIT seed="2,2,0,2,5,125" ten="225,293,236,246" oya="2" hai0="12,3,57,43,135,104,88,62,100,86,114,73,54" hai1="101,29,2,115,117,92,132,0,107,96,110,21,78" hai2="25,26,134,66,37,103,128,6,10,98,14,109,75" hai3="99,76,15,36,130,74,72,31,94,65,67,70,105"/><V24/><F75/><W121/><G105/><T64/><D114/><U20/><E117/><V85/><F37/><W44/><G121/><T131/><D3/><U69/><E115/><V79/><F109/><W58/><G70/><T83/><D73/><U95/><E132/><V35/><F134/><W32/><G130/><T127/><D135/><U45/><E69/><V13/><F35/><W33/><G15/><T97/><D127/><U48/><E78/><V56/><F128/><W34/><G31/><T30/><D131/><U11/><E110/><V122/><F122/><W120/><G120/><T112/><D112/><U84/><E29/><V55/><F66/><W19/><G19/><T80/><D30/><U91/><E107/><V93/><F14/><W50/><G36/><T39/><D12/><U124/><E124/><V87/><REACH who="2" step="1"/><F79/><REACH who="2" ten="225,293,226,246" step="2"/><W5/><G76/><T23/><D64/><U77/><E77/><V49/><AGARI ba="2,1" hai="6,10,13,24,25,26,49,55,56,85,87,93,98,103" machi="49" ten="30,11700,0" yaku="1,1,2,1,0,1,8,1,53,0" doraHai="125" doraHaiUra="129" who="2" fromWho="2" sc="225,-41,293,-41,226,133,246,-41" /><INIT seed="2,3,0,4,2,34" ten="184,252,359,205" oya="2" hai0="85,89,71,35,65,67,84,120,126,101,50,16,9" hai1="123,92,86,58,23,63,21,134,75,64,130,18,88" hai2="129,60,36,109,56,41,51,97,98,54,103,49,61" hai3="94,128,70,1,52,19,24,8,14,62,107,119,104"/><V73/><F73/><W90/><G119/><T31/><D120/><U32/><E32/><V7/><F129/><W33/><G128/><T0/><D126/><U133/><E130/><V37/><F109/><W110/><G110/><T38/><D38/><N who="2" m="14954" /><F7/><W53/><G1/><T132/><D132/><N who="1" m="50795" /><E123/><V81/><F81/><W40/><G40/><T66/><D101/><U108/><E108/><V12/><F103/><W95/><G95/><T11/><D71/><U28/><E28/><V125/><F12/><W121/><G121/><T99/><D50/><N who="2" m="18954" /><F97/><W124/><G124/><T117/><D117/><U114/><E75/><V42/><F98/><W122/><G122/><T10/><D31/><U55/><E114/><V116/><F116/><W15/><G70/><T26/><D35/><U87/><E87/><V20/><F20/><N who="1" m="7753" /><E18/><V118/><F118/><W27/><G33/><T113/><D113/><U48/><E48/><N who="2" m="30791" /><F125/><W45/><G45/><T4/><D26/><U105/><E105/><V76/><F76/><W100/><G104/><T78/><D78/><U3/><E3/><V135/><F135/><W131/><G107/><T80/><D99/><U2/><E2/><V25/><F25/><N who="3" m="9803" /><G100/><T72/><D72/><U57/><E86/><V112/><F112/><W69/><G131/><T13/><D84/><U44/><E92/><V96/><F96/><N who="3" m="57431" /><G15/><T46/><D9/><U39/><E88/><V17/><F17/><W127/><G127/><T93/><D80/><U29/><E29/><V79/><F79/><W43/><G43/><AGARI ba="3,0" hai="41,42,43,60,61" m="30791,18954,14954" machi="43" ten="30,12000,1" yaku="35,5" doraHai="34" who="2" fromWho="3" sc="184,0,252,0,359,129,205,-129" /><INIT seed="2,4,0,1,4,131" ten="184,252,488,76" oya="2" hai0="44,52,95,86,114,2,75,116,85,61,98,54,124" hai1="90,93,49,13,81,51,21,57,4,64,128,42,118" hai2="43,47,125,134,68,77,111,108,135,129,117,101,133" hai3="130,58,105,109,27,102,14,41,53,9,94,99,127"/><V113/><F129/><W115/><G130/><T62/><D75/><U74/><E118/><V56/><F117/><W32/><G127/><T16/><D116/><U132/><E128/><V26/><F113/><W0/><G115/><T65/><D114/><U72/><E72/><V46/><F68/><W67/><G0/><T12/><D2/><U84/><E132/><V69/><F69/><W107/><G109/><N who="2" m="42057" /><F125/><W71/><G41/><T35/><D35/><U121/><E121/><V122/><F122/><W5/><G71/><T73/><D73/><U123/><E123/><V83/><F101/><W106/><G67/><T50/><D124/><U8/><E21/><V78/><F56/><W22/><G32/><T1/><D1/><U39/><E39/><N who="2" m="21887" /><F83/><W63/><REACH who="3" step="1"/><G107/><REACH who="3" ten="184,252,488,66" step="2"/><T40/><D40/><U70/><E70/><V112/><F112/><W37/><G37/><T20/><D54/><U89/><E42/><V25/><F47/><W28/><AGARI ba="4,1" hai="5,9,14,22,27,28,53,58,63,94,99,102,105,106" machi="28" ten="20,2700,0" yaku="1,1,0,1,7,1,53,0" doraHai="131" doraHaiUra="29" who="3" fromWho="3" sc="184,-11,252,-11,488,-17,66,49" /><INIT seed="3,0,0,2,4,134" ten="173,241,471,115" oya="3" hai0="95,97,99,128,64,125,68,56,115,108,36,57,45" hai1="15,22,79,8,33,123,34,47,16,35,127,37,83" hai2="66,88,11,80,44,86,49,26,9,122,3,119,42" hai3="129,17,82,46,6,96,118,130,65,98,135,74,81"/><W18/><G6/><T84/><D108/><U59/><E123/><V113/><F119/><W103/><G118/><T90/><D128/><N who="3" m="49257" /><G74/><T102/><D115/><U73/><E127/><V38/><F122/><W53/><G65/><T32/><D32/><U10/><E59/><V5/><F113/><W29/><G29/><T48/><D125/><U43/><AGARI ba="0,0" hai="8,10,15,16,22,33,34,35,37,43,47,73,79,83" machi="43" ten="40,2700,0" yaku="0,1,54,1" doraHai="134" who="1" fromWho="1" sc="173,-7,241,27,471,-7,115,-13" owari="166,-23.0,268,7.0,464,56.0,102,-40.0" /></mjloggm>