<mjloggm ver="2.3"><GO type="41" lobby="0"/><UN n0="%E5%85%AB%E5%90%89%E5%8D%8D" n1="%E6%B0%B4%E3%81%AE%EF%BC%AB" n2="%E5%B0%B1%E6%B4%BB%E7%94%9F%40%E5%B7%9D%E6%9D%91%E8%BB%8D%E5%9B%A3" n3="%E6%97%85%E4%BA%BA%E3%81%A1%E3%82%88%E3%81%99%E3%81%91" dan="14,14,16,14" rate="1905.67,1959.74,2165.79,1934.97" sx="F,M,M,M"/><TAIKYOKU oya="0"/><INIT seed="0,0,0,1,3,101" ten="250,250,250,250" oya="0" hai0="34,119,54,19,18,73,134,95,30,59,77,52,4" hai1="20,40,133,61,23,127,81,97,90,104,35,72,129" hai2="42,41,57,29,122,3,117,69,44,88,24,17,106" hai3="91,2,7,14,114,86,128,103,107,131,115,100,110"/><T118/><D134/><U89/><E35/><V46/><F69/><W121/><G2/><T6/><D34/><U48/><E127/><V109/><F3/><W98/><G7/><T56/><D95/><U113/><E113/><V36/><F122/><W63/><G121/><T11/><D77/><U70/><E133/><V5/><F5/><W82/><G14/><T102/><D102/><U99/><E97/><V31/><F117/><W8/><G8/><T123/><D123/><U64/><E129/><N who="3" m="49738" /><G63/><T38/><D38/><U39/><E39/><V125/><F125/><W0/><G0/><T74/><REACH who="0" step="1"/><D11/><REACH who="0" ten="240,250,250,250" step="2"/><U55/><E23/><V83/><F36/><W71/><G103/><T37/><D37/><U26/><E20/><V66/><F88/><N who="3" m="51287" /><G71/><T62/><D62/><U51/><E90/><V87/><F83/><W21/><G21/><T10/><D10/><U79/><E89/><V13/><F87/><W16/><G110/><T105/><D105/><U67/><E104/><V33/><F106/><W50/><G50/><T124/><D124/><U112/><E51/><V130/><F109/><W68/><G68/><T32/><D32/><U47/><E48/><V93/><F33/><W126/><G126/><T76/><D76/><U43/><E79/><V1/><F130/><W85/><G16/><T9/><D9/><U22/><E81/><AGARI ba="0,1" hai="81,85,91,98,100,107,114,115" m="51287,49738" machi="81" ten="30,8000,1" yaku="19,1,34,2,52,1,54,1" doraHai="101" who="3" fromWho="1" sc="240,0,250,-80,250,0,250,90" /><INIT seed="1,0,0,3,5,114" ten="240,170,250,340" oya="1" hai0="42,97,38,27,49,91,71,66,135,41,19,61,103" hai1="118,133,100,24,16,75,78,73,59,50,47,95,134" hai2="125,10,52,98,122,4,58,46,69,68,15,108,25" hai3="74,130,5,7,44,1,31,2,34,62,132,3,9"/><U40/><E118/><V43/><F122/><W88/><G74/><T72/><D72/><U115/><E115/><V51/><F125/><W105/><G105/><T20/><D135/><N who="1" m="51723" /><E78/><V113/><F113/><W12/><G132/><T112/><D112/><U127/><E127/><V18/><F108/><W67/><G130/><T80/><D38/><U82/><E82/><V30/><F98/><W36/><G36/><T14/><D49/><U63/><E100/><V131/><F131/><W79/><G44/><T116/><D116/><U90/><E90/><V119/><F4/><W76/><G7/><T110/><D110/><U33/><E33/><V17/><F17/><W121/><G121/><T124/><D124/><U26/><E95/><V65/><F65/><W21/><G34/><T93/><D27/><U23/><E26/><V129/><F129/><W109/><G88/><T8/><D20/><U120/><E120/><V117/><F69/><W85/><G109/><T64/><D64/><AGARI ba="0,0" hai="16,23,24,40,47,50,59,63,64,73,75" m="51723" machi="64" ten="30,2900,0" yaku="20,1,54,1" doraHai="114" who="1" fromWho="0" sc="240,-29,170,29,250,0,340,0" /><INIT seed="1,1,0,2,5,60" ten="211,199,250,340" oya="1" hai0="61,10,111,59,27,97,87,127,104,88,3,0,112" hai1="128,8,17,116,58,41,90,38,16,102,4,73,40" hai2="125,91,106,92,86,30,56,26,84,82,13,114,66" hai3="108,67,83,28,47,96,55,19,64,18,62,74,117"/><U39/><E116/><V25/><F125/><W100/><G108/><T110/><D127/><U23/><E73/><V69/><F106/><W107/><G28/><T121/><D112/><U5/><E102/><V31/><F69/><W76/><G117/><T95/><D121/><U68/><E68/><V48/><F114/><W7/><G7/><T118/><D27/><N who="2" m="10250" /><F13/><W75/><G75/><T2/><D118/><U131/><E90/><N who="2" m="51479" /><F48/><W14/><G18/><N who="1" m="7274" /><E23/><V101/><F101/><W36/><G36/><N who="1" m="13866" /><E8/><V9/><F9/><W119/><G119/><T6/><D104/><U43/><E58/><V65/><F56/><W50/><REACH who="3" step="1"/><G62/><REACH who="3" ten="211,199,250,330" step="2"/><T45/><D111/><U103/><E103/><V113/><F113/><W20/><AGARI ba="1,1" hai="14,19,20,47,50,55,64,67,74,76,83,96,100,107" machi="20" ten="20,12000,2" yaku="1,1,2,1,0,1,7,1,52,2,53,0" doraHai="60" doraHaiUra="52" who="3" fromWho="3" sc="211,-31,199,-61,250,-31,330,133" /><INIT seed="2,0,0,2,1,69" ten="180,138,219,463" oya="2" hai0="83,117,115,19,81,57,100,75,109,60,25,0,47" hai1="48,52,133,119,73,90,103,108,28,35,37,114,121" hai2="102,42,128,40,31,44,63,84,98,53,33,87,134" hai3="32,5,65,45,10,110,54,91,113,97,30,58,95"/><V112/><F112/><W77/><G110/><T66/><D109/><U130/><RYUUKYOKU type="yao9" ba="0,0" sc="180,0,138,0,219,0,463,0" hai1="28,35,37,48,52,73,90,103,108,114,119,121,130,133" /><INIT seed="2,1,0,3,2,82" ten="180,138,219,463" oya="2" hai0="95,53,68,66,37,98,46,10,103,123,109,132,33" hai1="58,93,64,22,43,13,79,94,63,50,15,129,119" hai2="40,100,57,2,108,91,32,41,118,23,52,76,126" hai3="75,110,25,6,3,5,20,36,134,14,35,9,88"/><V59/><F32/><W112/><G75/><T131/><D33/><U54/><E119/><V30/><F2/><W122/><G36/><T4/><D109/><U121/><E129/><V130/><F118/><W48/><G122/><T17/><D132/><U81/><E121/><V92/><F108/><W39/><G39/><T89/><D131/><U34/><E43/><N who="2" m="16459" /><F126/><W106/><G106/><T49/><D17/><U135/><E135/><V69/><F69/><W127/><G127/><T96/><D37/><U128/><E128/><V80/><F130/><W0/><G35/><T61/><D123/><U1/><E1/><V24/><F100/><W78/><G78/><T51/><D51/><U101/><E34/><V67/><F67/><W31/><G48/><T71/><D71/><U133/><E133/><V27/><F27/><W60/><G110/><T38/><D38/><U7/><E101/><V85/><F52/><W111/><G112/><T77/><D77/><U18/><E7/><V11/><F11/><W16/><G111/><T124/><D124/><U84/><REACH who="1" step="1"/><E13/><REACH who="1" ten="180,128,219,463" step="2"/><V115/><F115/><W114/><G114/><T90/><D98/><AGARI ba="1,1" hai="23,24,30,57,59,76,80,85,91,92,98" m="16459" machi="98" ten="30,2900,0" yaku="8,1,52,1" doraHai="82" who="2" fromWho="0" sc="180,-32,128,0,219,42,463,0" /><INIT seed="2,2,0,2,2,75" ten="148,128,261,463" oya="2" hai0="95,86,116,124,57,45,132,129,112,131,117,110,12" hai1="15,51,128,28,78,43,83,80,118,89,23,63,133" hai2="115,39,127,77,119,61,98,47,19,40,2,29,81" hai3="122,71,46,4,20,67,50,18,65,113,126,8,97"/><V121/><F119/><N who="0" m="45642" /><D12/><U130/><E118/><V84/><F121/><W13/><G122/><T96/><D45/><U31/><E133/><V88/><F115/><W70/><G126/><T114/><D57/><U94/><E83/><V14/><F127/><W99/><G113/><N who="0" m="43627" /><D132/><U104/><E104/><V60/><F2/><W64/><G70/><T3/><D3/><U120/><E63/><V54/><F54/><N who="3" m="30039" /><G71/><T93/><D110/><U48/><E120/><V69/><F29/><W34/><G34/><T16/><D16/><N who="1" m="10655" /><E43/><V105/><F69/><W100/><G100/><N who="0" m="60431" /><D124/><U6/><E6/><V74/><F98/><W87/><G87/><T101/><D86/><N who="1" m="48407" /><E28/><V82/><REACH who="2" step="1"/><F105/><REACH who="2" ten="148,128,251,463" step="2"/><W26/><AGARI ba="2,1" hai="4,8,13,18,20,26,64,65,67,97,99" m="30039" machi="26" ten="30,1100,0" yaku="8,1" doraHai="75" who="3" fromWho="3" sc="148,-5,128,-5,251,-7,463,27" /><INIT seed="3,0,0,2,0,92" ten="143,123,244,490" oya="3" hai0="9,72,17,47,58,15,91,42,33,64,90,122,65" hai1="81,49,66,69,101,129,95,3,53,30,133,63,117" hai2="27,105,13,57,41,111,29,88,108,99,21,6,98" hai3="94,16,48,120,79,45,97,130,18,100,116,86,107"/><W106/><G116/><T75/><D33/><U134/><E117/><V125/><F105/><W76/><G120/><T121/><D17/><N who="3" m="6761" /><G106/><T118/><D58/><U46/><E3/><V11/><F41/><N who="3" m="24623" /><G107/><T128/><D118/><U124/><E129/><V28/><F28/><W0/><G0/><T43/><D128/><U40/><E124/><V24/><F24/><W84/><G130/><T127/><D9/><U70/><E81/><V112/><F112/><W80/><G84/><T132/><D132/><N who="1" m="50795" /><E30/><V26/><F26/><W12/><G12/><T37/><D37/><N who="1" m="21775" /><E101/><V1/><F57/><W110/><G110/><N who="2" m="42025" /><F125/><W25/><G25/><T39/><D127/><U96/><E96/><N who="2" m="36907" /><F1/><W60/><G60/><T51/><D39/><U8/><E95/><V93/><F93/><W59/><G59/><T36/><D36/><U31/><E31/><V61/><F61/><W131/><G131/><T50/><D47/><N who="1" m="27839" /><E8/><V85/><F85/><W23/><G23/><T7/><D7/><U34/><E34/><V103/><F103/><W89/><AGARI ba="0,0" hai="76,79,80,86,89,94,97,100" m="24623,6761" machi="89" ten="30,6000,0" yaku="8,1,52,1,54,1" doraHai="92" who="3" fromWho="3" sc="143,-20,123,-20,244,-20,490,60" /><INIT seed="3,1,0,3,0,34" ten="123,103,224,550" oya="3" hai0="128,61,97,14,127,92,11,57,83,10,6,24,111" hai1="9,79,85,77,78,84,41,91,129,18,134,102,70" hai2="29,45,40,44,3,76,110,27,105,87,0,122,39" hai3="23,31,1,65,89,69,75,133,48,36,113,131,114"/><W82/><G36/><T124/><D111/><U12/><E70/><V17/><F110/><W64/><G75/><T62/><D128/><U125/><E129/><V52/><F122/><W67/><G69/><T63/><D83/><U117/><E117/><V132/><F105/><W96/><G82/><T59/><D24/><U109/><E109/><V4/><F4/><W104/><G48/><T49/><D49/><U33/><E33/><V130/><F130/><W50/><G50/><T54/><D11/><U5/><E134/><V116/><F132/><W95/><G133/><T58/><D54/><U7/><E41/><V112/><F112/><W42/><G42/><T74/><D74/><U55/><E102/><V99/><F99/><W90/><G104/><T56/><N who="0" m="14848" /><DORA hai="30" /><T26/><REACH who="0" step="1"/><D26/><REACH who="0" ten="113,103,224,550" step="2"/><U35/><E55/><V107/><F52/><W115/><G131/><T120/><D120/><U119/><E119/><V80/><F44/><W121/><G121/><T100/><AGARI ba="1,1" hai="6,10,14,61,62,63,92,97,100,124,127" m="14848" machi="100" ten="50,6400,0" yaku="1,1,0,1,53,1" doraHai="34,30" doraHaiUra="71,94" who="0" fromWho="0" sc="113,77,103,-17,224,-17,550,-33" /><INIT seed="4,0,0,3,0,10" ten="190,86,207,517" oya="0" hai0="18,90,53,85,119,33,94,34,109,115,132,135,134" hai1="14,11,75,22,12,69,31,5,27,83,46,8,112" hai2="40,57,24,106,117,103,45,6,127,81,123,16,105" hai3="130,126,92,80,86,77,55,36,21,39,17,60,2"/><T62/><D119/><U30/><E69/><V66/><F123/><W125/><G2/><T0/><D115/><U56/><E75/><V100/><F6/><W44/><G130/><T13/><D0/><U71/><E71/><V58/><F117/><W124/><G92/><T87/><D87/><U35/><E46/><V51/><F127/><W129/><G129/><T104/><D104/><U29/><E83/><V54/><F106/><W26/><G60/><T111/><D53/><U108/><E56/><V23/><F105/><W20/><G20/><N who="0" m="11343" /><D62/><U107/><E107/><V52/><F66/><W113/><G113/><T7/><D7/><N who="1" m="3103" /><E108/><AGARI ba="0,0" hai="33,34,85,90,94,108,109,111,132,134,135" m="11343" machi="108" ten="40,7700,0" yaku="10,1,20,1,52,1" doraHai="10" who="0" fromWho="1" sc="190,77,86,-77,207,0,517,0" /><INIT seed="4,1,0,5,5,2" ten="267,9,207,517" oya="0" hai0="47,81,69,73,91,29,107,82,16,116,0,93,127" hai1="105,77,121,120,70,34,117,5,68,62,14,118,56" hai2="129,37,79,101,94,3,71,25,95,33,104,85,99" hai3="41,24,89,35,1,46,90,131,57,23,9,72,135"/><T10/><D69/><N who="1" m="26731" /><E77/><V88/><F129/><W128/><G35/><T130/><D107/><U96/><E14/><V66/><F37/><W119/><G119/><N who="1" m="45578" /><E5/><V76/><F3/><W54/><G135/><T15/><D127/><U123/><E56/><V86/><F86/><W48/><G72/><T44/><D130/><N who="3" m="49705" /><G9/><T92/><D29/><U39/><E62/><N who="2" m="40407" /><F94/><W112/><G112/><T4/><D116/><U98/><E96/><V51/><F51/><N who="3" m="30943" /><G1/><T18/><D18/><AGARI ba="1,0" hai="18,23,24,41,46,48,89,90" m="30943,49705" machi="18" ten="30,1000,0" yaku="19,1" doraHai="2" who="3" fromWho="0" sc="267,-13,9,0,207,0,517,13" /><INIT seed="5,0,0,0,5,17" ten="254,9,207,530" oya="1" hai0="62,43,118,31,21,129,29,36,47,115,7,117,125" hai1="82,73,105,3,18,113,68,96,0,79,33,76,59" hai2="44,45,87,49,102,71,135,119,51,23,35,121,122" hai3="101,134,90,24,12,58,99,128,41,127,22,97,61"/><U19/><E68/><V94/><F35/><W64/><G128/><T25/><D115/><U69/><E69/><V91/><F71/><W130/><G134/><T132/><D125/><U67/><E33/><V55/><F119/><W75/><G75/><T28/><D129/><U38/><E38/><V93/><F135/><W131/><G41/><T11/><D132/><U63/><E79/><V120/><F102/><W108/><G108/><T2/><REACH who="0" step="1"/><D62/><REACH who="0" ten="244,9,207,530" step="2"/><U37/><E113/><V9/><F9/><W70/><G127/><T114/><D114/><U32/><E37/><V72/><F72/><W89/><G130/><T16/><AGARI ba="0,1" hai="2,7,11,16,21,25,28,29,31,36,43,47,117,118" machi="16" ten="30,8000,1" yaku="1,1,0,1,52,1,54,1,53,1" doraHai="17" doraHaiUra="15" who="0" fromWho="0" sc="244,90,9,-40,207,-20,530,-20" owari="334,13.0,-31,-53.0,187,-21.0,510,61.0" /></mjloggm>