<mjloggm ver="2.3"><GO type="41" lobby="0"/><UN n0="%6F%6F%6F%6F%6B" n1="%77%71%61%68%61%68%61" n2="%E5%B0%B1%E6%B4%BB%E7%94%9F%40%E5%B7%9D%E6%9D%91%E8%BB%8D%E5%9B%A3" n3="%E6%A5%B5%E6%9D%B1%E3%83%AC%E3%83%BC%E3%83%80%E3%83%BC" dan="14,15,16,14" rate="1929.07,1972.70,2147.41,1855.97" sx="M,M,M,M"/><TAIKYOKU oya="0"/><INIT seed="0,0,0,3,1,75" ten="250,250,250,250" oya="0" hai0="1,71,16,129,89,17,80,98,43,99,60,119,10" hai1="108,109,100,2,79,48,103,4,25,51,127,22,12" hai2="40,133,28,62,61,53,88,114,54,120,132,42,49" hai3="56,96,45,102,32,73,86,134,92,58,15,44,111"/><T36/><D119/><U113/><E2/><V63/><F28/><W57/><G73/><T118/><D118/><U121/><E121/><V101/><F101/><W50/><G32/><T125/><D36/><U76/><E12/><V72/><F72/><W3/><G3/><T13/><D1/><U67/><E67/><V18/><F120/><W70/><G70/><T26/><D43/><N who="2" m="16426" /><F18/><W83/><G134/><N who="2" m="51817" /><F88/><N who="3" m="51295" /><G111/><N who="1" m="42570" /><E4/><V78/><F78/><N who="1" m="29737" /><E127/><V9/><F9/><W20/><G50/><N who="1" m="18986" /><E113/><V59/><F114/><W46/><G15/><T90/><D125/><U124/><E124/><V31/><F31/><AGARI ba="0,0" hai="22,25,31,100,103" m="18986,29737,42570" machi="31" ten="30,7700,0" yaku="14,1,52,3" doraHai="75" who="1" fromWho="2" sc="250,0,250,77,250,-77,250,0" /><INIT seed="1,0,0,5,5,99" ten="250,327,173,250" oya="1" hai0="131,133,74,33,118,134,117,70,72,122,7,0,45" hai1="5,91,102,59,34,16,46,42,128,101,52,49,10" hai2="127,35,100,106,85,95,44,58,41,2,66,62,110" hai3="32,31,114,28,123,57,40,135,125,15,108,115,65"/><U53/><E34/><V105/><F35/><W77/><G123/><T43/><D70/><U63/><E128/><V78/><F2/><W14/><G135/><N who="0" m="51723" /><D33/><U29/><E29/><N who="3" m="11338" /><G40/><T132/><N who="0" m="51731" /><T9/><DORA hai="83" /><D122/><U80/><E53/><V48/><F127/><W86/><G77/><T130/><D45/><U30/><E30/><V18/><F110/><W50/><G65/><T87/><D43/><U68/><E68/><V97/><REACH who="2" step="1"/><F18/><REACH who="2" ten="250,327,163,250" step="2"/><W23/><G125/><T13/><D0/><U19/><E19/><V21/><F21/><W67/><G115/><T61/><D131/><U73/><E16/><V12/><F12/><W93/><G114/><T71/><D130/><U25/><E25/><V96/><F96/><W120/><G120/><T24/><D24/><U89/><E10/><V1/><F1/><W107/><G108/><T3/><D13/><U20/><E20/><V124/><F124/><W94/><G32/><T129/><D129/><U84/><E5/><V39/><F39/><W64/><G23/><T11/><D11/><U17/><E17/><V37/><F37/><W121/><G121/><T88/><D9/><U22/><E22/><V113/><F113/><W4/><G4/><T26/><D7/><U98/><E73/><V126/><F126/><W82/><G15/><T112/><D26/><U56/><E56/><V47/><F47/><W111/><G14/><T55/><D112/><U27/><E27/><V90/><F90/><W79/><G111/><T54/><D3/><U69/><E69/><V38/><F38/><W76/><G57/><N who="0" m="34999" /><D71/><U103/><E91/><RYUUKYOKU ba="0,1" sc="250,-15,327,15,163,15,250,-15" hai1="42,46,49,52,59,63,80,84,89,98,101,102,103" hai2="41,44,48,58,62,66,78,85,95,97,100,105,106" /><INIT seed="1,1,1,4,4,2" ten="235,342,178,235" oya="1" hai0="40,91,89,87,19,21,4,96,84,64,79,109,113" hai1="24,102,81,126,39,1,120,92,77,135,99,44,106" hai2="82,48,76,104,118,59,95,28,55,65,107,71,115" hai3="110,108,78,122,38,57,134,51,9,62,88,68,10"/><U52/><E120/><V70/><F118/><W103/><G122/><T8/><D113/><U80/><E1/><V41/><F115/><W100/><G38/><T3/><D109/><N who="3" m="42089" /><G134/><T45/><D64/><U49/><E135/><V32/><F41/><W56/><G68/><T105/><D79/><U93/><E126/><V25/><F95/><W31/><G78/><T67/><D67/><U131/><E131/><V0/><F0/><W73/><G73/><T127/><D127/><U20/><E39/><V36/><F36/><W15/><G31/><T26/><D105/><U94/><REACH who="1" step="1"/><E77/><REACH who="1" ten="235,332,178,235" step="2"/><V17/><F104/><W132/><G132/><T61/><D3/><U69/><E69/><V50/><F107/><W121/><G121/><T46/><D87/><U117/><E117/><V6/><F70/><W74/><G74/><T114/><D84/><U18/><AGARI ba="1,2" hai="18,20,24,44,49,52,80,81,92,93,94,99,102,106" machi="18" ten="30,11700,0" yaku="1,1,0,1,54,1,53,1" doraHai="2" doraHaiUra="23" who="1" fromWho="1" sc="235,-40,332,140,178,-40,235,-40" /><INIT seed="1,2,0,4,0,107" ten="195,472,138,195" oya="1" hai0="20,81,133,14,86,100,57,94,97,76,93,24,27" hai1="118,66,120,49,33,56,15,0,87,106,126,77,52" hai2="67,134,25,11,60,58,26,59,48,2,42,12,102" hai3="74,43,40,83,19,65,96,112,13,127,63,111,123"/><U70/><E106/><V131/><F2/><W68/><G123/><T119/><D119/><U105/><E105/><V72/><F131/><W78/><G112/><T35/><D133/><U3/><E33/><V75/><F134/><W73/><G127/><T91/><D35/><U32/><E32/><V115/><F115/><W17/><G111/><T5/><D57/><U88/><E126/><V46/><F102/><W22/><G74/><T21/><D21/><U128/><E128/><V85/><F85/><W23/><REACH who="3" step="1"/><G96/><REACH who="3" ten="195,472,138,185" step="2"/><T50/><D50/><U92/><E120/><V38/><F26/><AGARI ba="2,1" hai="13,17,19,22,23,26,40,43,63,65,68,73,78,83" machi="26" ten="30,7700,0" yaku="1,1,2,1,7,1,52,1,53,0" doraHai="107" doraHaiUra="54" who="3" fromWho="2" sc="195,0,472,0,138,-83,185,93" /><INIT seed="2,0,0,5,2,78" ten="195,472,55,278" oya="2" hai0="116,129,0,122,23,35,126,117,102,71,10,97,21" hai1="111,120,86,5,54,76,121,133,62,42,77,92,13" hai2="19,124,105,123,58,51,7,112,56,70,91,94,80" hai3="100,130,113,53,89,134,65,39,50,48,36,66,88"/><V55/><F105/><W85/><G130/><T118/><D71/><U81/><E111/><V127/><F70/><W106/><G134/><T44/><D122/><U131/><E131/><V16/><F123/><N who="1" m="47177" /><E42/><V96/><F112/><W17/><G113/><T132/><D129/><U33/><E33/><V22/><F7/><W68/><G50/><T28/><D44/><U103/><E92/><V98/><F98/><W6/><G89/><T95/><D132/><U64/><E54/><V83/><F56/><W110/><G110/><T37/><D37/><U12/><E103/><V26/><REACH who="2" step="1"/><F19/><REACH who="2" ten="195,472,45,278" step="2"/><W14/><G6/><N who="0" m="1351" /><D126/><AGARI ba="0,1" hai="16,22,26,51,55,58,80,83,91,94,96,124,126,127" machi="126" ten="40,12000,1" yaku="1,1,18,1,52,2,54,1,53,0" doraHai="78" doraHaiUra="34" who="2" fromWho="0" sc="195,-120,472,0,45,130,278,0" /><INIT seed="2,1,0,3,3,25" ten="75,472,175,278" oya="2" hai0="35,21,132,73,90,93,50,20,100,87,102,106,121" hai1="89,28,114,125,53,63,30,77,119,127,118,26,135" hai2="74,92,36,85,75,39,69,83,107,2,130,109,86" hai3="9,64,117,55,110,14,91,70,59,94,57,7,71"/><V134/><F2/><W45/><G117/><T34/><D121/><U41/><E77/><V103/><F69/><W1/><G110/><T120/><D73/><N who="2" m="27658" /><F39/><W58/><G64/><T128/><D132/><U3/><E3/><V0/><F36/><W16/><G45/><T40/><D120/><U104/><E104/><V111/><F0/><W33/><G33/><T42/><D106/><U5/><E5/><V124/><F134/><W24/><G24/><T72/><D72/><U122/><E26/><V99/><F130/><W11/><REACH who="3" step="1"/><G55/><REACH who="3" ten="75,472,175,268" step="2"/><T29/><D128/><U27/><E27/><V47/><F47/><W80/><G80/><T32/><D40/><U88/><E135/><V37/><F37/><W51/><G51/><T66/><D66/><U65/><E53/><V18/><F124/><N who="1" m="47689" /><E41/><V4/><F4/><W62/><G62/><T95/><D42/><U22/><E122/><V131/><F18/><W67/><G67/><T44/><D50/><U61/><E65/><V76/><F131/><W23/><G23/><T48/><D48/><U12/><E63/><V49/><F49/><W31/><G31/><N who="1" m="11818" /><E61/><V116/><F116/><N who="1" m="44585" /><E114/><V79/><F79/><W38/><G38/><T84/><D44/><U97/><E22/><V96/><F109/><W60/><G60/><T105/><D32/><U19/><E19/><V101/><F111/><W13/><G13/><T78/><D29/><U8/><E12/><V82/><F82/><W108/><G108/><T54/><D35/><U6/><E6/><V17/><F17/><W43/><G43/><T112/><D34/><U56/><E8/><RYUUKYOKU ba="1,1" sc="75,-15,472,-15,175,15,268,15" hai2="76,83,85,86,92,96,99,101,103,107" hai3="1,7,9,11,14,16,57,58,59,70,71,91,94" /><INIT seed="2,2,1,2,4,73" ten="60,457,190,283" oya="2" hai0="104,113,103,46,106,42,117,66,54,16,60,107,58" hai1="57,127,22,43,135,126,116,45,111,48,72,47,118" hai2="79,49,2,55,109,50,134,94,4,108,52,86,90" hai3="84,78,59,102,8,92,53,133,101,122,18,69,30"/><V28/><F134/><W31/><G69/><T70/><D113/><U44/><E72/><V83/><F28/><N who="3" m="10795" /><G122/><T0/><D0/><U51/><E22/><V32/><F32/><W21/><G8/><T124/><D117/><N who="1" m="45163" /><E135/><V17/><F17/><W129/><G129/><T82/><D82/><U34/><E34/><V39/><F39/><W24/><G133/><T7/><D7/><U93/><E93/><V19/><F19/><W9/><G9/><T23/><D103/><U12/><E12/><V131/><F131/><W95/><G95/><T61/><D107/><U89/><E89/><V13/><F2/><W81/><G92/><T91/><D91/><U115/><E115/><V71/><F71/><W96/><G96/><T97/><D97/><U10/><E10/><N who="2" m="4295" /><F49/><AGARI ba="2,1" hai="18,21,24,49,53,59,78,81,84,101,102" m="10795" machi="49" ten="30,2000,0" yaku="8,1,52,1" doraHai="73" who="3" fromWho="2" sc="60,0,457,0,190,-26,283,36" /><INIT seed="3,0,0,1,1,1" ten="60,457,164,319" oya="3" hai0="8,83,6,59,44,86,112,116,124,100,121,73,62" hai1="89,30,45,128,99,105,107,57,123,39,55,4,132" hai2="108,20,71,88,36,115,76,104,75,13,69,23,24" hai3="43,17,46,0,113,51,134,25,67,135,96,102,12"/><W87/><G113/><T11/><D121/><U82/><E30/><V19/><F104/><W117/><G117/><T126/><D116/><U52/><E128/><V98/><F115/><W101/><G0/><T5/><D112/><U53/><E132/><N who="3" m="50730" /><G25/><T56/><D73/><U42/><E57/><V9/><F36/><W15/><G15/><T22/><D100/><U120/><E120/><V90/><F108/><W81/><G67/><T131/><D44/><U40/><E40/><V35/><F35/><W50/><G50/><T31/><D131/><U85/><E123/><V48/><F23/><N who="3" m="11687" /><G96/><T92/><D92/><U18/><E18/><V2/><F2/><W130/><G130/><T14/><D62/><U79/><E99/><V103/><F48/><W33/><G33/><T66/><D66/><U41/><E41/><V37/><F37/><W3/><G3/><T109/><D109/><U122/><E122/><V32/><F32/><W64/><G64/><T54/><D54/><U63/><E63/><V7/><F71/><W110/><G110/><T21/><D56/><U74/><E4/><V58/><F69/><W93/><G93/><T72/><D59/><U78/><E107/><V68/><F68/><W65/><G65/><T10/><D72/><U70/><E105/><N who="2" m="63735" /><F58/><W129/><G129/><T80/><D31/><U94/><E70/><V91/><F75/><W38/><G38/><T26/><D26/><U60/><E60/><V125/><F125/><N who="0" m="48234" /><D14/><U111/><E111/><V106/><F106/><W29/><G29/><T34/><D34/><U127/><E127/><V47/><F47/><RYUUKYOKU ba="0,0" sc="60,-30,457,10,164,10,319,10" hai1="39,42,45,52,53,55,74,78,79,82,85,89,94" hai2="7,9,13,19,20,24,76,88,90,91" hai3="43,46,51,81,87,101,102" /><INIT seed="3,1,0,2,4,49" ten="30,467,174,329" oya="3" hai0="50,80,74,4,23,111,124,87,108,88,100,70,114" hai1="1,66,8,60,72,67,125,135,59,24,10,53,2" hai2="118,21,79,33,18,116,17,27,73,83,115,120,104" hai3="32,89,63,128,45,126,90,35,96,68,129,51,107"/><W62/><G126/><T134/><D114/><U28/><E72/><V39/><F115/><W119/><G119/><T52/><D70/><U22/><E125/><V133/><F104/><W5/><G5/><T55/><D4/><U91/><E135/><V31/><F133/><W41/><G90/><T42/><D134/><U76/><E76/><V122/><F39/><W97/><G97/><T30/><D100/><U56/><E67/><V95/><F95/><N who="3" m="56431" /><G107/><T109/><D74/><U103/><E103/><V84/><F73/><W48/><G48/><T112/><D112/><U26/><E26/><V127/><F127/><W19/><G19/><T7/><D7/><U106/><E106/><V34/><F34/><N who="3" m="12843" /><G68/><T64/><D64/><U77/><E77/><V71/><F71/><W16/><G16/><N who="2" m="6249" /><F33/><W113/><G113/><T15/><D124/><U101/><E101/><V29/><F29/><W75/><G75/><T102/><D102/><U86/><E1/><V123/><AGARI ba="1,0" hai="21,27,31,79,83,84,116,118,120,122,123" m="6249" machi="123" ten="40,2700,0" yaku="13,1,54,1" doraHai="49" who="2" fromWho="2" sc="30,-8,467,-8,174,30,329,-14" /><INIT seed="4,0,0,5,1,63" ten="22,459,204,315" oya="0" hai0="7,41,116,60,15,86,78,57,35,10,58,114,48" hai1="1,30,106,130,13,24,115,83,17,90,99,75,118" hai2="113,105,98,89,108,119,65,64,127,95,19,73,12" hai3="18,32,46,5,103,29,25,70,44,54,79,91,123"/><T40/><D116/><U3/><E118/><V20/><F108/><W88/><G70/><T111/><D35/><U59/><E130/><V38/><F38/><W9/><G123/><T124/><D111/><U82/><E82/><V97/><F119/><W42/><G79/><T49/><D124/><U71/><E71/><V104/><F73/><W39/><G103/><T36/><D36/><U8/><E75/><V28/><F127/><W67/><G18/><T121/><D121/><U33/><E115/><V112/><F28/><W87/><G91/><T96/><D96/><U120/><E120/><V122/><F122/><W68/><G46/><T50/><D58/><U11/><E11/><V134/><F134/><W128/><G128/><T93/><D114/><N who="2" m="44138" /><F98/><W80/><G54/><N who="0" m="33847" /><D78/><U85/><E59/><V62/><F62/><N who="3" m="40055" /><G9/><T16/><D7/><U102/><AGARI ba="0,0" hai="1,3,8,13,17,24,30,33,83,85,90,99,102,106" machi="102" ten="30,1100,0" yaku="0,1" doraHai="63" who="1" fromWho="1" sc="22,-5,459,11,204,-3,315,-3" /><INIT seed="5,0,0,5,3,103" ten="17,470,201,312" oya="1" hai0="111,100,57,24,65,110,44,40,117,12,123,92,22" hai1="54,26,130,62,78,129,134,1,16,77,0,33,30" hai2="21,6,23,58,70,81,27,28,48,49,82,90,86" hai3="68,105,73,95,55,122,83,43,64,56,31,133,14"/><U106/><E134/><V135/><F70/><W131/><G105/><T88/><D117/><U126/><E126/><V34/><F135/><W84/><G133/><T5/><D100/><U94/><E94/><V53/><F6/><W120/><G73/><T125/><D123/><U46/><E106/><V91/><F49/><W39/><G131/><N who="1" m="50186" /><E46/><V109/><F109/><W61/><G31/><T9/><D125/><U59/><E16/><V3/><F3/><AGARI ba="0,0" hai="0,1,3,26,30,33,54,59,62,77,78" m="50186" machi="3" ten="30,1500,0" yaku="19,1" doraHai="103" who="1" fromWho="2" sc="17,0,470,15,201,-15,312,0" /><INIT seed="5,1,0,4,1,15" ten="17,485,186,312" oya="1" hai0="130,22,94,133,18,63,7,30,108,97,41,13,45" hai1="49,115,111,2,107,105,134,102,129,96,85,79,112" hai2="21,69,16,100,110,126,91,83,8,125,6,109,38" hai3="40,35,103,131,44,104,68,135,23,9,132,27,39"/><U34/><E2/><N who="2" m="87" /><F69/><W113/><G113/><N who="1" m="43594" /><E49/><V64/><F64/><W78/><G131/><T123/><D130/><U122/><E34/><V62/><F100/><W90/><G68/><T124/><D108/><N who="2" m="41578" /><F62/><W54/><G35/><T80/><D123/><U117/><E111/><V57/><F57/><W127/><G127/><N who="2" m="48649" /><F38/><W26/><G26/><T3/><D124/><U86/><E129/><V55/><F55/><W93/><G78/><T31/><D80/><N who="1" m="47263" /><E122/><V56/><F56/><W95/><G95/><T32/><D63/><U73/><E73/><V82/><F91/><W120/><G120/><T119/><D119/><U47/><E47/><V4/><F4/><W106/><G103/><T33/><D133/><U92/><E134/><V10/><F10/><W20/><G135/><T70/><D70/><U28/><E117/><V51/><F51/><W99/><G132/><T58/><D58/><U87/><E28/><V37/><F37/><W25/><G54/><T36/><D31/><U75/><E75/><V60/><F60/><W48/><G9/><T114/><D30/><U67/><E67/><V65/><F65/><W128/><G128/><T24/><D114/><U98/><E107/><V46/><F46/><W43/><G43/><T72/><D72/><U19/><E105/><V71/><F71/><W74/><G74/><T53/><D53/><U76/><E102/><V116/><F116/><W42/><G42/><T84/><D84/><U121/><E87/><V88/><F88/><W61/><G39/><T118/><D118/><U77/><E86/><V0/><F0/><W5/><G106/><RYUUKYOKU ba="1,0" sc="17,-10,485,-10,186,30,312,-10" hai2="16,21,82,83" /><INIT seed="6,2,0,5,1,11" ten="7,475,216,302" oya="2" hai0="39,0,42,85,129,61,123,1,49,92,71,107,9" hai1="81,41,135,79,126,93,15,108,122,54,75,97,86" hai2="46,94,67,45,82,19,113,106,14,18,37,56,6" hai3="69,131,35,8,63,16,20,99,47,104,114,13,110"/><V73/><F106/><W125/><G110/><T90/><D123/><U132/><E108/><V4/><F113/><W50/><G125/><T120/><D107/><U2/><E2/><V70/><F70/><W91/><G131/><T88/><D39/><U59/><E41/><V65/><F37/><W52/><G35/><T34/><D34/><U95/><E126/><V128/><F128/><W51/><G114/><T17/><D129/><U121/><E15/><V103/><F73/><W26/><G47/><N who="2" m="17929" /><F82/><W28/><G69/><T31/><D120/><N who="1" m="46187" /><E54/><V38/><F38/><W62/><G51/><T40/><D49/><U55/><E55/><V66/><F56/><W87/><G104/><T58/><D71/><U10/><E59/><V27/><F27/><W101/><G101/><T96/><D31/><U53/><E53/><V100/><F94/><N who="3" m="54655" /><G99/><T116/><D116/><U130/><E130/><V57/><F57/><N who="3" m="32919" /><G63/><T64/><D1/><U84/><E95/><V111/><F111/><W3/><G62/><T80/><D0/><U36/><E36/><V109/><F109/><W112/><G112/><T23/><D9/><U134/><E10/><N who="2" m="4423" /><F6/><W29/><G3/><T127/><D127/><U25/><E25/><AGARI ba="2,0" hai="17,23,25,40,42,58,61,64,80,85,88,90,92,96" machi="25" ten="30,3900,0" yaku="7,1,8,1,54,1" doraHai="11" who="0" fromWho="1" sc="7,45,475,-45,216,0,302,0" /><INIT seed="7,0,0,1,2,11" ten="52,430,216,302" oya="3" hai0="66,30,29,135,115,23,14,53,133,72,88,94,82" hai1="122,43,8,70,85,121,16,86,32,54,87,49,48" hai2="60,55,111,126,61,93,74,75,64,123,110,69,107" hai3="71,45,42,52,9,89,127,108,117,22,56,10,80"/><W15/><G117/><T17/><D66/><U90/><E70/><V21/><F107/><W13/><G71/><T77/><D53/><U98/><E32/><V132/><F123/><W2/><G2/><T101/><D101/><U57/><E98/><V40/><F126/><W103/><G127/><T27/><D115/><U81/><E122/><V65/><F132/><W44/><G108/><T109/><D109/><U37/><E37/><V130/><F40/><W116/><G116/><T33/><REACH who="0" step="1"/><D29/><REACH who="0" ten="42,430,216,302" step="2"/><U25/><E121/><V62/><F110/><W95/><G103/><T120/><D120/><U119/><E119/><V100/><F111/><W4/><G80/><T19/><D19/><U78/><E78/><V92/><F55/><W34/><G34/><T20/><D20/><N who="1" m="13447" /><E8/><V36/><F64/><W84/><G22/><T5/><D5/><U131/><E131/><V76/><F65/><W28/><G28/><T47/><D47/><AGARI ba="0,1" hai="43,47,48,49,54,57,81,85,86,87,90" m="13447" machi="47" ten="30,2000,0" yaku="8,1,54,1" doraHai="11" who="1" fromWho="0" sc="42,-20,430,30,216,0,302,0" owari="22,-48.0,460,56.0,216,-18.0,302,10.0" /></mjloggm>