<mjloggm ver="2.3"><GO type="225" lobby="0"/><UN n0="%E5%B0%B1%E6%B4%BB%E7%94%9F%40%E5%B7%9D%E6%9D%91%E8%BB%8D%E5%9B%A3" n1="%73%61%72%61%68%31%32%33" n2="%E3%83%89%E3%83%BC%E3%83%A0%E3%81%AE%E8%81%B7%E4%BA%BA" n3="%E3%82%AB%E3%83%A9%E3%82%B9%E3%81%AE%E5%AD%90" dan="17,17,18,16" rate="2091.31,2153.83,2250.99,2081.35" sx="M,M,M,M"/><TAIKYOKU oya="0"/><INIT seed="0,0,0,0,1,48" ten="250,250,250,250" oya="0" hai0="16,114,82,115,127,109,27,90,130,34,77,52,118" hai1="50,117,44,116,68,125,98,80,107,7,24,6,112" hai2="28,65,85,105,97,15,32,49,100,11,57,110,129" hai3="95,120,35,128,61,59,3,75,93,101,94,74,40"/><T135/><D118/><U73/><E68/><V45/><F110/><W63/><G128/><T92/><D109/><U54/><E125/><V1/><F1/><W17/><G3/><T47/><D127/><U99/><E112/><V43/><F129/><W131/><G131/><T2/><D130/><U132/><E132/><V39/><F85/><W5/><G5/><N who="1" m="1546" /><E107/><V38/><F28/><W58/><G120/><T51/><D2/><U14/><E73/><N who="3" m="27658" /><G35/><T37/><D135/><U71/><E71/><V86/><F32/><W89/><G40/><T8/><D37/><U41/><E116/><V56/><F86/><W62/><G101/><T103/><D103/><U102/><E102/><V81/><F81/><W22/><G89/><T123/><D123/><U23/><E80/><V83/><F83/><W124/><G124/><T76/><D34/><U25/><E117/><V33/><F33/><W67/><G67/><T66/><D66/><U46/><E14/><V60/><REACH who="2" step="1"/><F57/><REACH who="2" ten="250,250,240,250" step="2"/><W108/><G108/><T91/><D114/><U42/><E98/><V122/><F122/><W10/><G59/><T70/><D115/><U87/><E87/><V4/><AGARI ba="0,1" hai="4,11,15,38,39,43,45,49,56,60,65,97,100,105" machi="4" ten="20,2700,0" yaku="1,1,0,1,7,1,53,0" doraHai="48" doraHaiUra="29" who="2" fromWho="2" sc="250,-13,250,-7,240,37,250,-7" /><INIT seed="1,0,0,2,3,133" ten="237,243,277,243" oya="1" hai0="64,91,124,53,74,37,107,33,68,40,94,102,76" hai1="127,119,54,112,58,77,60,41,23,128,30,75,42" hai2="22,129,70,99,51,9,114,69,61,108,116,105,93" hai3="104,101,83,59,52,87,62,4,90,122,71,123,72"/><U32/><E119/><V66/><F116/><W96/><G71/><T31/><D53/><U38/><E112/><V12/><F114/><W63/><G63/><N who="0" m="39967" /><D94/><U18/><E32/><V17/><F105/><W106/><G106/><T79/><D91/><U111/><E30/><V35/><F35/><W3/><G4/><T57/><D57/><U14/><E128/><V48/><F108/><W126/><G3/><T19/><D19/><U24/><E24/><V49/><F129/><W85/><G85/><T131/><D131/><U73/><E111/><V97/><F69/><W67/><G67/><T89/><D89/><U1/><E1/><V47/><F47/><W8/><G8/><T82/><D79/><U120/><E120/><V39/><F39/><W26/><G72/><T29/><D29/><U21/><E21/><V84/><F9/><W117/><G117/><T132/><D132/><U134/><E134/><V118/><F118/><W20/><G126/><T130/><D130/><U50/><E127/><V95/><F84/><W43/><REACH who="3" step="1"/><G43/><REACH who="3" ten="237,243,277,233" step="2"/><T10/><D10/><U81/><E73/><V13/><F70/><W15/><G15/><T0/><D124/><U36/><E42/><V34/><F12/><W27/><G27/><N who="0" m="18687" /><D0/><U109/><E109/><V7/><F66/><W100/><G100/><T44/><D102/><U103/><E103/><N who="2" m="60847" /><F61/><W45/><G45/><T55/><D55/><U98/><E98/><V86/><F86/><W121/><G121/><T113/><D107/><U11/><E11/><V65/><F65/><W16/><AGARI ba="0,1" hai="16,20,26,52,59,62,83,87,90,96,101,104,122,123" machi="16" ten="20,8000,1" yaku="1,1,0,1,7,1,54,2,53,0" doraHai="133" doraHaiUra="88" who="3" fromWho="3" sc="237,-20,243,-40,277,-20,233,90" /><INIT seed="2,0,0,5,5,97" ten="217,203,257,323" oya="2" hai0="8,0,28,60,20,47,114,37,122,33,35,19,87" hai1="94,1,12,30,83,58,14,100,26,80,42,74,5" hai2="124,71,132,96,59,16,44,65,72,85,40,11,127" hai3="49,90,95,81,32,22,18,102,109,98,52,79,67"/><V55/><F72/><W17/><G32/><T29/><D114/><U106/><E106/><V121/><F121/><W103/><G109/><T48/><D37/><U105/><E105/><V120/><F120/><W75/><G67/><T6/><D122/><U86/><E74/><V45/><F132/><W123/><G123/><T99/><D35/><U133/><E133/><V66/><F85/><N who="3" m="48319" /><G17/><T131/><D33/><U41/><E1/><V57/><F96/><W125/><G75/><T61/><D131/><U76/><E80/><V135/><F135/><W107/><G125/><N who="2" m="48201" /><F71/><W111/><G107/><T82/><D99/><N who="1" m="59511" /><E58/><N who="2" m="22027" /><F55/><W27/><G111/><T118/><D118/><U126/><E126/><V116/><F116/><W63/><G63/><T92/><D61/><U104/><E104/><V46/><F40/><N who="1" m="15465" /><E5/><V4/><F4/><W21/><G21/><AGARI ba="0,0" hai="12,14,21,26,30,76,83,86" m="15465,59511" machi="21" ten="30,2000,0" yaku="8,1,52,1" doraHai="97" who="1" fromWho="3" sc="217,0,203,20,257,0,323,-20" /><INIT seed="3,0,0,1,3,20" ten="217,223,257,303" oya="3" hai0="73,132,76,123,105,120,12,45,61,21,28,89,62" hai1="86,115,59,26,11,70,31,64,110,5,58,130,118" hai2="107,111,127,23,109,99,35,131,10,124,34,91,113" hai3="83,15,41,75,42,116,92,77,38,93,102,126,101"/><W134/><G116/><T27/><D105/><U80/><E115/><V53/><F113/><W119/><G119/><T6/><D132/><U112/><E112/><V32/><F53/><W98/><G134/><T24/><D120/><U69/><E118/><V100/><F131/><W104/><G126/><N who="2" m="48169" /><F10/><W74/><G74/><T17/><D123/><U51/><E130/><V88/><F23/><W82/><G82/><T49/><D73/><U43/><E110/><AGARI ba="0,0" hai="32,34,35,88,91,99,100,107,109,110,111" m="48169" machi="110" ten="40,5200,0" yaku="14,1,18,1,54,1" doraHai="20" who="2" fromWho="1" sc="217,0,223,-52,257,52,303,0" owari="217,-18.0,171,-33.0,309,41.0,303,10.0" /></mjloggm>