<mjloggm ver="2.3"><GO type="97" lobby="0"/><UN n0="%E3%83%8F%E3%83%A2%E5%B8%AB%E5%8C%A0" n1="%E3%82%A2%E3%82%BE%E3%83%AC%E3%82%B9%E8%AB%B8%E5%B3%B6" n2="%E5%B0%B1%E6%B4%BB%E7%94%9F%40%E5%B7%9D%E6%9D%91%E8%BB%8D%E5%9B%A3" n3="%E3%81%8D%E3%82%8C%E3%81%BE%E3%81%99%E3%82%88" dan="13,13,14,16" rate="1827.81,1908.95,1951.13,2032.99" sx="M,M,M,M"/><TAIKYOKU oya="0"/><INIT seed="0,0,0,1,5,41" ten="250,250,250,250" oya="0" hai0="15,93,105,116,59,132,60,32,54,78,120,52,21" hai1="64,0,16,110,44,112,124,58,66,75,14,7,55" hai2="102,68,45,101,130,28,107,96,42,56,18,111,40" hai3="74,89,57,134,113,88,77,83,29,133,8,103,73"/><T79/><D116/><U126/><E112/><V69/><F102/><W25/><G113/><T90/><D120/><U30/><E75/><V84/><F130/><W5/><G74/><T122/><D122/><U20/><E110/><V125/><F111/><W31/><G103/><T1/><D132/><N who="3" m="50793" /><G57/><T114/><D114/><U33/><E30/><N who="3" m="11274" /><G25/><T26/><D32/><U34/><E7/><V119/><F119/><W123/><G123/><T13/><D105/><U48/><E0/><AGARI ba="0,0" hai="0,5,8,73,77,83,88,89" m="11274,50793" machi="0" ten="30,2000,0" yaku="20,1,54,1" doraHai="41" who="3" fromWho="1" sc="250,0,250,-20,250,0,250,20" /><INIT seed="1,0,0,4,4,38" ten="250,230,250,270" oya="1" hai0="81,130,87,129,27,104,123,125,64,45,16,107,126" hai1="88,57,78,112,22,93,32,65,33,90,19,106,17" hai2="35,36,132,15,13,76,9,79,89,56,61,91,96" hai3="128,43,20,135,18,14,73,30,110,120,44,80,72"/><U3/><E3/><V60/><F36/><W2/><G120/><T0/><D0/><U97/><E112/><V119/><F35/><W83/><G128/><N who="0" m="49259" /><D123/><U102/><E78/><N who="2" m="29739" /><F119/><W50/><G135/><T71/><D71/><U98/><E90/><N who="2" m="34315" /><F132/><W134/><G134/><T69/><D87/><U26/><E19/><N who="2" m="8623" /><F56/><W77/><G2/><T1/><D81/><U109/><E109/><V24/><F24/><W113/><G110/><T34/><D34/><U41/><REACH who="1" step="1"/><E41/><REACH who="1" ten="250,220,250,270" step="2"/><V108/><F108/><W86/><G113/><T37/><D1/><U74/><E74/><V11/><F96/><W84/><G73/><T67/><D126/><U28/><E28/><V92/><F92/><W31/><G72/><T111/><D125/><U62/><AGARI ba="0,1" hai="17,22,26,32,33,57,62,65,88,93,97,98,102,106" machi="62" ten="30,6000,0" yaku="1,1,0,1,54,1,53,0" doraHai="38" doraHaiUra="6" who="1" fromWho="1" sc="250,-20,220,70,250,-20,270,-20" /><INIT seed="1,1,0,1,2,110" ten="230,290,230,250" oya="1" hai0="100,93,14,56,37,114,101,109,86,20,113,126,104" hai1="108,127,52,5,35,54,47,11,111,2,121,74,123" hai2="135,48,80,107,99,87,30,50,92,15,55,119,78" hai3="112,1,53,62,77,105,25,102,134,118,41,38,13"/><U27/><E74/><V120/><F119/><W31/><G1/><T3/><D37/><U21/><E127/><V8/><F120/><W129/><G77/><T32/><D126/><U7/><E7/><V45/><F135/><W115/><G13/><T117/><D117/><U81/><E35/><V85/><F107/><W9/><G9/><T64/><D3/><U26/><E81/><V39/><F39/><W68/><G118/><T98/><D32/><U67/><E67/><V97/><F30/><W59/><G134/><T130/><D130/><U23/><E123/><V124/><F124/><W42/><G129/><T90/><D109/><N who="1" m="42059" /><E121/><V6/><F50/><W40/><G68/><T73/><D101/><U29/><E47/><V24/><F24/><W49/><G38/><T16/><REACH who="0" step="1"/><D73/><REACH who="0" ten="220,290,230,250" step="2"/><U34/><E34/><V122/><F122/><W125/><G125/><T72/><D72/><U133/><E133/><V88/><AGARI ba="1,1" hai="6,8,15,45,48,55,78,80,85,87,88,92,97,99" machi="88" ten="30,4000,0" yaku="0,1,8,1,54,1" doraHai="110" who="2" fromWho="2" sc="220,-11,290,-21,230,53,250,-11" /><INIT seed="2,0,0,2,4,28" ten="209,269,283,239" oya="2" hai0="49,34,35,68,62,123,22,70,1,5,17,111,89" hai1="100,41,102,8,51,48,50,32,2,0,108,106,25" hai2="105,47,115,75,33,38,67,77,43,118,29,65,58" hai3="79,121,57,73,92,114,44,61,94,93,19,81,122"/><V23/><F115/><W55/><G114/><T97/><D111/><U27/><E108/><V127/><F118/><W11/><G44/><T6/><D123/><U134/><E41/><V110/><F105/><W20/><REACH who="3" step="1"/><G11/><REACH who="3" ten="209,269,283,229" step="2"/><T26/><D70/><U101/><E8/><V116/><F110/><W46/><G46/><T96/><D68/><U12/><E106/><V85/><F116/><W56/><G56/><T69/><D69/><U87/><E134/><V98/><F58/><W30/><G30/><T95/><D62/><U66/><E66/><V24/><F67/><W131/><G131/><T112/><D112/><U14/><E87/><V132/><F65/><W83/><G83/><T3/><D49/><U125/><E125/><V80/><F127/><W60/><G60/><T99/><D3/><U107/><E107/><V130/><F130/><W84/><G84/><T104/><D1/><N who="1" m="619" /><E32/><V109/><F132/><W135/><G135/><T40/><D104/><U117/><E117/><V54/><F109/><W4/><G4/><T45/><D40/><U82/><E82/><V90/><F98/><W64/><G64/><T119/><D45/><U18/><E18/><V86/><F54/><W91/><G91/><T9/><D119/><U76/><E76/><V74/><F74/><W129/><G129/><T15/><REACH who="0" step="1"/><D5/><REACH who="0" ten="199,269,283,229" step="2"/><U59/><E59/><V53/><F53/><W52/><G52/><T133/><D133/><U13/><AGARI ba="0,2" hai="12,13,14,25,27,48,50,51,100,101,102" m="619" machi="13" ten="40,8000,1" yaku="29,2,28,2" doraHai="28" who="1" fromWho="1" sc="199,-20,269,100,283,-40,229,-20" /><INIT seed="3,0,0,2,1,7" ten="179,369,243,209" oya="3" hai0="92,130,111,0,65,80,106,19,132,117,36,41,69" hai1="134,22,1,78,98,99,34,79,120,124,67,75,131" hai2="54,8,107,39,109,28,133,83,127,118,35,43,115" hai3="126,30,13,110,50,76,63,51,112,116,2,44,89"/><W5/><G112/><T58/><D117/><U56/><E120/><V105/><F115/><W93/><G2/><T86/><D111/><U59/><E1/><V119/><F39/><W31/><G110/><T32/><D130/><U90/><E131/><V42/><F35/><W94/><G76/><T10/><D132/><U38/><E38/><V48/><F28/><N who="3" m="10795" /><G126/><T14/><D32/><U21/><E124/><V57/><F127/><W96/><G63/><T91/><D106/><U100/><E100/><V81/><F133/><W82/><G82/><T3/><D69/><U25/><E134/><V24/><F107/><W95/><G116/><T20/><D41/><U85/><E85/><V4/><F105/><W122/><G122/><T17/><D36/><U70/><E70/><V66/><F118/><W73/><G73/><T49/><D65/><U77/><E77/><V46/><F119/><W135/><G51/><T26/><REACH who="0" step="1"/><D80/><REACH who="0" ten="169,369,243,209" step="2"/><U72/><E34/><V114/><F83/><W16/><G135/><T68/><D68/><U102/><E67/><V11/><F81/><W104/><G104/><T74/><D74/><U40/><E75/><V53/><F109/><W88/><G5/><T84/><D84/><U55/><E72/><V29/><F43/><N who="3" m="24863" /><G96/><T18/><D18/><U62/><E99/><V27/><F42/><W45/><G45/><T33/><D33/><U6/><E98/><V52/><F46/><W129/><G129/><T125/><D125/><U121/><E6/><V61/><F114/><W97/><G97/><T23/><D23/><AGARI ba="0,1" hai="13,16,23,88,89,93,94,95" m="24863,10795" machi="23" ten="30,5800,0" yaku="8,1,54,2" doraHai="7" who="3" fromWho="0" sc="169,-58,369,0,243,0,209,68" /><INIT seed="3,1,0,1,1,91" ten="111,369,243,277" oya="3" hai0="79,46,47,44,98,119,125,103,89,133,95,115,86" hai1="21,64,129,105,30,49,66,73,17,23,56,116,101" hai2="78,0,63,4,127,104,110,123,41,27,20,2,52" hai3="29,39,122,84,60,108,132,3,106,85,37,11,22"/><W53/><G106/><T67/><D119/><U99/><E73/><V31/><F104/><W120/><G132/><T45/><N who="0" m="11776" /><DORA hai="32" /><T135/><D67/><U62/><E116/><V83/><F41/><W107/><G107/><T51/><D51/><U24/><E129/><V48/><F123/><W65/><G53/><T93/><D115/><U121/><E121/><V82/><F127/><W102/><G102/><T5/><D5/><U131/><E131/><V42/><F42/><W111/><G29/><T94/><D125/><U87/><E87/><V34/><F110/><N who="3" m="42027" /><G22/><T19/><D19/><U28/><E49/><V72/><F63/><W96/><G96/><T97/><REACH who="0" step="1"/><D79/><REACH who="0" ten="101,369,243,277" step="2"/><U88/><E30/><V70/><F4/><N who="3" m="1439" /><G122/><T71/><D71/><U6/><E6/><V58/><F70/><N who="3" m="42279" /><G120/><T43/><D43/><U126/><E126/><V9/><F9/><W69/><G69/><T134/><D134/><U81/><E101/><AGARI ba="1,1" hai="86,89,93,94,95,97,98,101,103,133,135" m="11776" machi="101" ten="50,8000,1" yaku="1,1,9,1,52,3,53,0" doraHai="91,32" doraHaiUra="57,55" who="0" fromWho="1" sc="101,93,369,-83,243,0,277,0" /><INIT seed="4,0,0,0,3,109" ten="194,286,243,277" oya="0" hai0="120,0,11,17,107,91,71,32,64,67,18,95,103" hai1="3,119,78,94,28,85,113,24,69,42,59,73,27" hai2="51,44,13,122,53,12,57,112,56,75,126,89,96" hai3="23,84,114,116,68,66,58,97,35,82,63,72,52"/><T25/><D120/><U30/><E119/><V7/><F75/><W62/><G35/><T70/><D67/><U29/><E3/><V1/><F122/><W102/><G72/><T33/><D33/><U10/><E69/><V48/><F126/><W87/><G116/><T60/><D71/><U4/><E73/><V39/><F39/><W135/><G135/><T15/><D0/><U93/><E113/><V38/><F38/><W108/><G114/><T134/><D134/><U106/><E106/><V16/><F112/><W65/><G82/><T20/><D32/><U9/><E59/><V131/><F1/><W104/><G108/><T125/><D125/><U14/><E10/><N who="2" m="4191" /><F131/><W6/><G6/><T54/><D54/><U105/><E105/><V41/><F96/><W49/><G23/><T19/><D107/><U74/><E74/><V37/><F89/><W21/><G21/><T117/><D103/><U110/><E110/><V101/><F101/><W118/><G118/><T31/><REACH who="0" step="1"/><D117/><REACH who="0" ten="184,286,243,277" step="2"/><U99/><E42/><V83/><F83/><W50/><G66/><T47/><D47/><U5/><E78/><V46/><F37/><W8/><G68/><T129/><D129/><U132/><E132/><V121/><F121/><W34/><G34/><T2/><D2/><U26/><E85/><AGARI ba="0,1" hai="11,15,17,18,19,20,25,31,60,64,70,85,91,95" machi="85" ten="30,2900,0" yaku="1,1,7,1,53,0" doraHai="109" doraHaiUra="43" who="0" fromWho="1" sc="184,39,286,-29,243,0,277,0" /><INIT seed="4,1,0,0,5,32" ten="223,257,243,277" oya="0" hai0="76,102,133,79,103,56,65,20,123,1,59,93,8" hai1="97,15,17,52,37,99,120,96,54,55,4,91,34" hai2="89,100,87,82,90,78,101,115,80,98,49,10,2" hai3="3,108,60,121,16,118,58,84,105,85,131,110,116"/><T29/><D123/><U81/><E120/><V75/><F2/><W104/><G121/><T77/><D133/><U14/><E37/><V12/><F115/><W21/><G3/><T107/><D107/><U43/><E43/><V70/><F70/><W51/><G51/><T30/><D1/><U24/><E4/><V63/><F63/><W69/><G69/><T31/><D20/><U26/><E34/><V36/><F36/><W45/><G45/><T62/><D8/><U41/><E41/><V125/><F125/><W5/><G5/><T72/><D72/><U27/><E17/><V22/><F22/><W40/><G40/><T109/><D109/><U50/><E50/><V64/><F64/><W86/><G131/><T126/><D126/><U39/><E39/><V7/><F49/><W53/><G105/><T127/><D127/><U67/><E67/><V23/><F23/><W18/><G104/><T113/><D113/><U9/><E9/><V71/><F71/><W129/><G129/><T95/><REACH who="0" step="1"/><D59/><REACH who="0" ten="213,257,243,277" step="2"/><U94/><E81/><V119/><F119/><W61/><G116/><T124/><D124/><U47/><E47/><V117/><F117/><W35/><G118/><T128/><D128/><U57/><E57/><V130/><F130/><W111/><G35/><T6/><D6/><U114/><E114/><V88/><REACH who="2" step="1"/><F98/><AGARI ba="1,1" hai="14,15,24,26,27,52,54,55,91,94,96,97,98,99" machi="98" ten="50,8000,1" yaku="29,2,8,1,54,1" doraHai="32" who="1" fromWho="2" sc="213,0,257,93,243,-83,277,0" owari="213,-19.0,350,45.0,160,-34.0,277,8.0" /></mjloggm>