<mjloggm ver="2.3"><GO type="97" lobby="0"/><UN n0="%6B%6F%2D%73%68%69%72%6F" n1="%E5%B0%B1%E6%B4%BB%E7%94%9F%40%E5%B7%9D%E6%9D%91%E8%BB%8D%E5%9B%A3" n2="%42%4C%41%43%4B%44%4F%47" n3="%E3%81%88%E3%83%BC%E3%81%8F%E3%82%89" dan="15,15,13,15" rate="1931.80,1980.22,1925.76,1980.87" sx="M,M,M,M"/><TAIKYOKU oya="0"/><INIT seed="0,0,0,1,4,103" ten="250,250,250,250" oya="0" hai0="14,105,7,35,19,108,8,17,111,26,61,89,95" hai1="3,79,52,40,45,91,62,2,73,116,64,87,31" hai2="96,60,104,98,134,133,100,22,39,69,81,58,106" hai3="130,12,28,75,118,57,65,135,127,70,124,47,132"/><T110/><D61/><U101/><E116/><V129/><F39/><W125/><G118/><T97/><D105/><N who="2" m="40554" /><F69/><W24/><G75/><T99/><D99/><N who="2" m="37930" /><F22/><N who="3" m="15383" /><G70/><T43/><D43/><U109/><E101/><V34/><F34/><W67/><G12/><T21/><REACH who="0" step="1"/><D35/><REACH who="0" ten="240,250,250,250" step="2"/><U59/><E109/><V53/><F100/><W5/><G67/><T80/><D80/><U74/><E64/><V71/><F81/><W10/><G65/><T88/><D88/><U1/><E79/><V113/><F71/><W20/><G127/><T102/><D102/><U36/><REACH who="1" step="1"/><E31/><AGARI ba="0,1" hai="7,8,14,17,19,21,26,31,89,95,97,108,110,111" machi="31" ten="40,18000,2" yaku="1,1,14,1,10,1,53,3" doraHai="103" doraHaiUra="121" who="0" fromWho="1" sc="240,190,250,-180,250,0,250,0" /><INIT seed="0,1,0,3,3,98" ten="430,70,250,250" oya="0" hai0="68,57,120,95,14,121,97,125,87,83,126,0,3" hai1="58,23,111,33,5,119,99,32,110,21,96,114,92" hai2="116,70,101,100,4,22,65,31,60,59,18,112,115" hai3="41,2,54,34,37,9,55,46,40,90,20,133,17"/><T109/><D68/><U91/><E119/><V118/><F4/><W6/><G133/><T117/><D57/><U72/><E72/><V124/><F124/><N who="0" m="47722" /><D14/><U86/><E114/><V76/><F76/><W38/><G34/><T93/><D3/><U128/><E128/><V39/><F39/><W12/><G90/><N who="0" m="51583" /><D0/><U77/><E5/><V62/><F31/><W49/><G54/><T104/><D117/><N who="2" m="45162" /><F62/><W56/><G41/><T135/><D135/><U42/><E42/><V81/><F81/><W122/><REACH who="3" step="1"/><G122/><REACH who="3" ten="430,70,250,240" step="2"/><N who="0" m="47211" /><D109/><U64/><E110/><V36/><F115/><W94/><G94/><T53/><D53/><U16/><E111/><V129/><F112/><W103/><G103/><AGARI ba="1,1" hai="93,95,97,103,104" m="47211,51583,47722" machi="103" ten="30,11600,0" yaku="18,1,34,2,52,1" doraHai="98" who="0" fromWho="3" sc="430,129,70,0,250,0,240,-119" /><INIT seed="0,2,0,3,5,73" ten="559,70,250,121" oya="0" hai0="21,3,4,98,45,16,88,65,58,34,55,129,86" hai1="101,126,68,23,103,124,6,128,47,28,121,104,59" hai2="113,42,33,116,131,15,132,50,109,117,127,20,91" hai3="44,115,17,74,95,61,66,120,64,41,30,52,123"/><T46/><D129/><U108/><E68/><V24/><F113/><W9/><G115/><T125/><D125/><N who="1" m="48235" /><E121/><N who="3" m="46666" /><G74/><T102/><D34/><U82/><E128/><V99/><F127/><W51/><G30/><T0/><D65/><N who="3" m="25193" /><G95/><N who="0" m="58719" /><D0/><U43/><E108/><V114/><F114/><W14/><G61/><N who="0" m="36063" /><D4/><U1/><E104/><V13/><F131/><W90/><G90/><T48/><D48/><N who="1" m="26751" /><E6/><V75/><F75/><W53/><AGARI ba="2,0" hai="9,14,17,41,44,51,52,53" m="25193,46666" machi="53" ten="30,2000,0" yaku="13,1,54,1" doraHai="73" who="3" fromWho="3" sc="559,-12,70,-7,250,-7,121,26" /><INIT seed="1,0,0,1,2,80" ten="547,63,243,147" oya="1" hai0="2,23,13,106,5,37,83,90,10,82,129,76,59" hai1="58,112,101,42,74,28,133,20,104,64,72,54,57" hai2="32,119,81,108,4,49,3,99,73,111,126,105,113" hai3="98,22,30,26,8,18,53,6,7,78,120,24,131"/><U132/><E112/><V14/><F32/><W91/><G120/><T69/><D69/><U123/><E123/><V40/><F119/><W35/><G131/><T71/><D129/><U66/><E42/><V33/><F33/><W12/><G78/><T61/><D37/><U31/><E20/><V127/><F3/><N who="3" m="95" /><G91/><T102/><D71/><U51/><E101/><N who="2" m="62655" /><F40/><W125/><G53/><T47/><D47/><U55/><REACH who="1" step="1"/><E51/><REACH who="1" ten="547,53,243,147" step="2"/><V109/><F113/><W62/><G125/><N who="2" m="47625" /><F49/><W100/><G62/><T96/><D90/><U95/><E95/><V107/><F107/><AGARI ba="0,1" hai="28,31,54,55,57,58,64,66,72,74,104,107,132,133" machi="107" ten="25,4800,0" yaku="1,1,22,2,53,0" doraHai="80" doraHaiUra="70" who="1" fromWho="2" sc="547,0,53,58,243,-48,147,0" /><INIT seed="1,1,0,4,3,133" ten="547,111,195,147" oya="1" hai0="107,21,49,58,7,55,10,111,125,17,110,119,43" hai1="84,31,109,93,37,47,106,79,132,130,23,35,4" hai2="73,124,94,67,29,46,69,134,32,131,1,118,36" hai3="86,24,103,85,65,54,122,68,77,30,98,3,120"/><U95/><E106/><V9/><RYUUKYOKU type="yao9" ba="1,0" sc="547,0,111,0,195,0,147,0" hai2="1,9,29,32,36,46,67,69,73,94,118,124,131,134" /><INIT seed="1,2,0,5,0,58" ten="547,111,195,147" oya="1" hai0="42,13,113,127,36,123,96,40,5,78,21,118,29" hai1="22,81,100,83,18,104,60,48,95,15,130,102,50" hai2="132,55,11,76,119,129,124,43,117,26,20,9,56" hai3="133,97,54,49,32,99,66,71,92,110,70,44,86"/><U88/><E130/><V108/><F108/><W111/><G133/><T94/><D118/><U16/><E104/><V41/><F132/><W89/><G32/><T28/><D113/><U45/><E60/><N who="2" m="35871" /><F129/><W109/><G66/><T73/><D123/><U135/><E135/><V106/><F106/><W98/><AGARI ba="2,0" hai="44,49,54,70,71,86,89,92,97,98,99,109,110,111" machi="98" ten="40,2700,0" yaku="0,1,14,1" doraHai="58" who="3" fromWho="3" sc="547,-9,111,-15,195,-9,147,33" /><INIT seed="2,0,0,0,2,88" ten="538,96,186,180" oya="2" hai0="68,15,111,3,6,59,113,50,42,78,96,104,101" hai1="37,73,0,63,2,27,102,107,84,132,39,11,109" hai2="25,87,121,1,69,14,126,22,31,91,32,120,28" hai3="56,119,86,24,36,44,124,94,89,115,131,62,77"/><V110/><F69/><W5/><G119/><T4/><D113/><U116/><E116/><V71/><F71/><W90/><G115/><T40/><D111/><U17/><E109/><V127/><F110/><W92/><G131/><T30/><D68/><U16/><E132/><V130/><F130/><W7/><G124/><N who="2" m="47657" /><F1/><W48/><G77/><T80/><D30/><U18/><E73/><V20/><F14/><W118/><G118/><T61/><D3/><U114/><E114/><V79/><F79/><W55/><G36/><T103/><D103/><U41/><E63/><V100/><F100/><W83/><G24/><T13/><D15/><U45/><E37/><V51/><F51/><W117/><G117/><T64/><D13/><U49/><E39/><V112/><F112/><W81/><G7/><T53/><D4/><U135/><E135/><V19/><F31/><W125/><G5/><T8/><D6/><U75/><E75/><V60/><F60/><W35/><G35/><T38/><D8/><U74/><E74/><V97/><F97/><N who="3" m="57487" /><G125/><T133/><D38/><U52/><E41/><AGARI ba="0,0" hai="41,44,48,55,56,62,81,83,86,90,94" m="57487" machi="41" ten="30,3900,0" yaku="8,1,52,2" doraHai="88" who="3" fromWho="1" sc="538,0,96,-39,186,0,180,39" /><INIT seed="3,0,0,5,5,24" ten="538,57,186,219" oya="3" hai0="96,131,106,62,46,90,103,33,84,29,30,70,126" hai1="16,107,68,81,32,95,83,5,41,44,80,17,105" hai2="9,101,10,129,92,6,75,133,87,63,26,3,86" hai3="7,42,120,128,18,97,109,20,49,47,36,89,22"/><W38/><G120/><T112/><D112/><U132/><E68/><V35/><F75/><W4/><G128/><T64/><D131/><U118/><E32/><V98/><F133/><W61/><G22/><T58/><D126/><U40/><E132/><V108/><F108/><W71/><G38/><T113/><D113/><U23/><E118/><V130/><F130/><W48/><G36/><T116/><D116/><U43/><E5/><V31/><F129/><W52/><G109/><T111/><D111/><U99/><E44/><V34/><F10/><W53/><G71/><T110/><D110/><U94/><E23/><V13/><F35/><W102/><G89/><T88/><D33/><U54/><E54/><V65/><F3/><W45/><G61/><T39/><D70/><U74/><E99/><V123/><REACH who="2" step="1"/><F123/><REACH who="2" ten="538,57,176,219" step="2"/><W1/><G1/><T119/><D119/><U114/><E114/><V76/><F76/><W57/><G7/><T0/><D0/><U28/><E28/><V127/><F127/><W124/><G4/><T12/><D12/><U66/><E66/><V72/><F72/><W121/><G121/><T73/><D73/><U77/><E77/><V51/><F51/><W117/><G124/><T15/><D15/><U122/><E122/><V69/><AGARI ba="0,1" hai="6,9,13,26,31,34,63,65,69,86,87,92,98,101" machi="69" ten="20,5200,0" yaku="1,1,0,1,7,1,52,1,53,0" doraHai="24" doraHaiUra="85" who="2" fromWho="2" sc="538,-13,57,-13,176,62,219,-26" owari="525,63.0,44,-46.0,238,4.0,193,-21.0" /></mjloggm>