<mjloggm ver="2.3"><GO type="41" lobby="0"/><UN n0="%E5%B0%B1%E6%B4%BB%E7%94%9F%40%E5%B7%9D%E6%9D%91%E8%BB%8D%E5%9B%A3" n1="%E3%83%8D%E3%82%B3%E3%83%9E%E3%82%B8%E3%83%B3" n2="%59%75%4D%65%32%34%32" n3="%E6%B5%B7%E5%BA%95%E3%81%AE%E3%81%BF" dan="15,14,14,13" rate="2048.41,1915.33,1890.58,1895.63" sx="M,M,M,M"/><TAIKYOKU oya="0"/><INIT seed="0,0,0,2,3,121" ten="250,250,250,250" oya="0" hai0="10,53,25,77,72,87,112,5,44,74,70,13,111" hai1="82,89,31,33,90,16,116,114,84,132,120,76,100" hai2="6,45,48,59,65,8,85,37,97,67,29,47,95" hai3="22,18,38,79,105,61,34,122,71,130,103,39,110"/><T134/><D112/><U75/><E120/><V106/><F106/><W58/><G122/><T86/><D70/><U26/><E116/><V124/><F37/><W69/><G130/><T93/><D134/><U1/><E1/><V63/><F67/><W135/><G79/><T107/><D107/><U117/><E117/><V46/><F29/><W104/><G135/><T24/><D87/><U91/><E114/><V102/><F85/><W43/><G34/><T56/><D44/><U119/><E132/><V118/><F118/><W17/><G103/><T62/><D111/><U54/><E100/><V49/><REACH who="2" step="1"/><F124/><REACH who="2" ten="250,250,240,250" step="2"/><W80/><G39/><T83/><D74/><U32/><E119/><V21/><F21/><W20/><G38/><T81/><REACH who="0" step="1"/><D93/><REACH who="0" ten="240,250,240,250" step="2"/><U2/><E75/><V101/><F101/><W131/><G105/><T92/><D92/><U108/><E108/><V78/><F78/><AGARI ba="0,2" hai="5,10,13,24,25,53,56,62,72,77,78,81,83,86" machi="78" ten="30,2900,0" yaku="1,1,7,1,53,0" doraHai="121" doraHaiUra="99" who="0" fromWho="2" sc="240,49,250,0,240,-29,250,0" /><INIT seed="0,1,0,0,4,88" ten="289,250,211,250" oya="0" hai0="95,67,34,81,107,31,52,30,134,109,97,10,25" hai1="3,114,51,104,103,101,120,91,79,68,83,45,86" hai2="7,17,119,12,20,5,66,76,60,48,108,57,74" hai3="65,121,16,18,59,53,90,128,111,129,110,115,61"/><T1/><D107/><U39/><E39/><V94/><F108/><N who="3" m="41515" /><G90/><T46/><D109/><U126/><E3/><V29/><F119/><W41/><G41/><T116/><D116/><U73/><E68/><V54/><F29/><W98/><G98/><T131/><D67/><U11/><E126/><V133/><F76/><W87/><G87/><T40/><D31/><U47/><E47/><V6/><F74/><W14/><G115/><T99/><D131/><N who="3" m="50249" /><G121/><T106/><D134/><U84/><E114/><V37/><F37/><W70/><G14/><T13/><D1/><U22/><E73/><V36/><F36/><W63/><AGARI ba="1,0" hai="16,18,53,59,61,63,65,70" m="50249,41515" machi="63" ten="40,5200,0" yaku="14,1,19,1,54,1" doraHai="88" who="3" fromWho="3" sc="289,-27,250,-14,211,-14,250,55" /><INIT seed="1,0,0,2,5,119" ten="262,236,197,305" oya="1" hai0="63,126,49,31,32,58,57,23,101,88,18,108,85" hai1="6,25,74,112,105,33,48,97,59,129,69,77,124" hai2="66,84,125,44,12,132,36,7,117,21,109,8,53" hai3="114,37,4,70,61,89,51,45,80,14,39,133,135"/><U76/><E69/><V103/><F117/><W79/><G89/><T15/><D126/><U94/><E112/><V83/><F125/><W82/><G114/><T131/><D131/><U73/><E105/><V43/><F66/><W11/><G80/><T3/><D108/><U128/><E6/><V78/><F109/><W28/><G28/><T50/><D3/><U71/><E71/><V52/><F132/><W87/><G61/><T107/><D107/><U123/><E124/><V116/><F116/><W56/><G56/><T111/><D111/><U99/><E33/><V115/><F115/><W121/><G70/><T91/><D101/><U55/><E25/><V13/><F103/><W68/><G68/><T106/><D106/><U1/><E1/><V30/><REACH who="2" step="1"/><F13/><REACH who="2" ten="262,236,187,305" step="2"/><W62/><G135/><T113/><D113/><U98/><E129/><V16/><F16/><W81/><G133/><T102/><D102/><U64/><E64/><V130/><F130/><W22/><G14/><T38/><D38/><U93/><E128/><V41/><F41/><W40/><G39/><T19/><D19/><U95/><REACH who="1" step="1"/><E123/><REACH who="1" ten="262,226,187,305" step="2"/><V10/><F10/><W60/><G121/><T110/><D110/><U120/><E120/><V92/><F92/><W42/><G11/><T24/><D57/><U67/><E67/><V134/><F134/><W122/><G122/><T29/><D29/><U75/><AGARI ba="0,2" hai="48,55,59,73,74,75,76,77,93,94,95,97,98,99" machi="75" ten="40,12000,1" yaku="1,1,0,1,29,2,53,0" doraHai="119" doraHaiUra="0" who="1" fromWho="1" sc="262,-40,226,140,187,-40,305,-40" /><INIT seed="1,1,0,2,3,85" ten="222,366,147,265" oya="1" hai0="106,35,0,77,55,53,116,104,56,117,52,94,121" hai1="58,113,33,118,14,31,131,79,69,83,3,91,11" hai2="120,70,4,110,126,39,44,46,64,47,1,130,61" hai3="26,17,101,112,37,90,49,95,115,7,124,97,32"/><U86/><E118/><V93/><F120/><W13/><G37/><T22/><D121/><U92/><E69/><V2/><F110/><W18/><G124/><T38/><D35/><U78/><E3/><V89/><F126/><W54/><G7/><T132/><D38/><U119/><E119/><V36/><F130/><W25/><G18/><T45/><D0/><U105/><E113/><V30/><F2/><W122/><G122/><T75/><D132/><U21/><E33/><V50/><F30/><W74/><G74/><T100/><D45/><U108/><E105/><V15/><F1/><W16/><G101/><T65/><D75/><U82/><E131/><V10/><REACH who="2" step="1"/><F50/><REACH who="2" ten="222,366,137,265" step="2"/><W102/><G115/><T129/><D129/><U8/><E108/><V66/><F66/><W41/><G112/><T24/><D117/><U127/><E127/><V34/><F34/><W29/><G25/><T125/><D116/><U23/><E31/><V134/><F134/><W62/><G13/><T114/><D114/><U81/><E79/><V107/><F107/><W71/><G62/><N who="0" m="38087" /><D77/><U20/><E78/><V99/><AGARI ba="1,1" hai="4,10,15,36,39,44,46,47,61,64,70,89,93,99" machi="99" ten="30,4000,0" yaku="1,1,0,1,52,1,53,0" doraHai="85" doraHaiUra="103" who="2" fromWho="2" sc="222,-11,366,-21,137,53,265,-11" /><INIT seed="2,0,0,0,0,97" ten="211,345,190,254" oya="2" hai0="130,40,33,7,67,110,27,111,41,37,5,43,16" hai1="48,129,99,102,76,6,122,25,68,87,77,104,112" hai2="107,78,89,61,21,75,15,64,84,105,11,53,115" hai3="114,34,24,123,23,65,55,58,57,72,45,38,36"/><V30/><F115/><W117/><G72/><T22/><D37/><U91/><E112/><V4/><F78/><W39/><G34/><T88/><D130/><U94/><E68/><V121/><F75/><W131/><G131/><T81/><D67/><U49/><E122/><V10/><F121/><W14/><G14/><T47/><D33/><U74/><E129/><V83/><F53/><W96/><G114/><T66/><D66/><U108/><E108/><N who="0" m="41513" /><D47/><U100/><E100/><V1/><F21/><W109/><G109/><T70/><D70/><U133/><E133/><V62/><F30/><W12/><G12/><T80/><D80/><N who="1" m="45079" /><E77/><V132/><F132/><W124/><G123/><T69/><D69/><U101/><E101/><V79/><F79/><W59/><G117/><T135/><D135/><U118/><E118/><V54/><F54/><W13/><G13/><T82/><D82/><U0/><E25/><V95/><F83/><W51/><G96/><T113/><D113/><U3/><E3/><V71/><REACH who="2" step="1"/><F62/><REACH who="2" ten="211,345,180,254" step="2"/><W50/><G23/><T116/><D116/><U90/><E90/><V8/><F8/><AGARI ba="0,1" hai="0,6,8,48,49,87,91,94,99,102,104" m="45079" machi="8" ten="30,2000,0" yaku="24,1,52,1" doraHai="97" who="1" fromWho="2" sc="211,0,345,30,180,-20,254,0" /><INIT seed="3,0,0,2,3,67" ten="211,375,160,254" oya="3" hai0="0,3,11,1,127,129,65,23,97,4,100,55,94" hai1="64,51,30,38,29,96,69,135,103,104,50,102,92" hai2="106,128,24,98,73,76,18,130,43,86,111,88,44" hai3="122,82,28,61,7,72,13,45,119,32,33,123,17"/><W12/><G72/><T8/><D127/><U113/><E38/><V81/><F111/><W105/><G105/><T27/><D129/><U77/><E77/><V25/><F18/><W126/><G82/><T89/><D65/><U85/><E113/><V107/><F106/><W40/><G126/><T68/><D68/><U114/><E114/><V116/><F116/><W56/><G119/><T101/><D55/><U9/><E85/><V79/><F76/><W34/><G28/><T42/><D42/><U95/><E9/><V57/><F57/><W118/><G118/><T125/><D125/><U80/><E80/><V49/><F98/><W132/><G7/><T74/><D74/><U59/><E104/><V39/><F39/><W54/><G132/><T91/><D91/><U31/><E59/><V26/><REACH who="2" step="1"/><F107/><REACH who="2" ten="211,375,150,254" step="2"/><W63/><G63/><T133/><D133/><U48/><E135/><V52/><F52/><W93/><G93/><AGARI ba="0,1" hai="24,25,26,43,44,49,73,79,81,86,88,93,128,130" machi="93" ten="40,2600,0" yaku="1,1,54,1,53,0" doraHai="67" doraHaiUra="112" who="2" fromWho="3" sc="211,0,375,0,150,36,254,-26" /><INIT seed="4,0,0,0,5,34" ten="211,375,186,228" oya="0" hai0="124,126,43,113,86,90,83,56,18,24,130,76,120" hai1="57,73,25,58,41,15,135,129,67,128,42,11,78" hai2="6,10,46,85,55,98,29,101,8,26,96,88,79" hai3="105,82,1,77,30,131,84,109,72,27,35,106,115"/><T47/><D120/><U63/><E135/><V132/><F79/><W100/><G109/><T44/><D113/><U21/><E78/><V102/><F132/><W94/><G131/><N who="1" m="50250" /><E58/><V5/><F46/><W60/><G115/><T65/><D130/><U0/><E73/><V4/><F55/><W32/><G60/><N who="0" m="38023" /><D76/><U14/><E0/><V23/><F8/><W119/><G119/><T127/><D43/><N who="1" m="16395" /><E11/><V59/><F59/><W71/><G32/><T50/><D50/><U116/><E116/><V122/><F10/><W121/><G121/><T45/><D45/><U19/><AGARI ba="0,0" hai="14,15,19,21,25,57,63,67" m="16395,50250" machi="19" ten="30,1100,0" yaku="19,1" doraHai="34" who="1" fromWho="1" sc="211,-5,375,11,186,-3,228,-3" /><INIT seed="5,0,0,2,2,109" ten="206,386,183,225" oya="1" hai0="20,123,124,85,72,101,62,93,60,50,77,135,92" hai1="14,4,79,90,15,75,81,16,66,120,132,40,133" hai2="57,48,87,33,86,8,58,7,52,45,28,76,13" hai3="98,96,0,71,130,53,104,56,5,100,29,116,114"/><U129/><E120/><V34/><F33/><W12/><G71/><T97/><D123/><U24/><E129/><V46/><F34/><W126/><G130/><T67/><D72/><U95/><E40/><V17/><F28/><W2/><G29/><T19/><D124/><U42/><E42/><V21/><F57/><W115/><G126/><T70/><D135/><U102/><E102/><V103/><F103/><W105/><G116/><T1/><D1/><U6/><E66/><V91/><F76/><W83/><G83/><T94/><D60/><U59/><E59/><V74/><F87/><W61/><G98/><T18/><D18/><U88/><E24/><V44/><F46/><W37/><G37/><T32/><D32/><U78/><E81/><V11/><F8/><W36/><G36/><T26/><D77/><U54/><E54/><V39/><F74/><W31/><G31/><T106/><REACH who="0" step="1"/><D50/><REACH who="0" ten="196,386,183,225" step="2"/><U3/><E75/><V118/><F39/><W117/><G117/><T134/><D134/><U112/><E3/><V41/><F118/><W111/><G111/><T110/><D110/><U64/><E78/><V22/><F41/><W49/><G49/><T108/><D108/><U51/><E79/><V128/><F128/><W68/><G0/><T27/><D27/><U10/><E51/><V82/><REACH who="2" step="1"/><F22/><REACH who="2" ten="196,386,173,225" step="2"/><W23/><G23/><T25/><D25/><AGARI ba="0,2" hai="7,11,13,17,21,25,44,45,48,52,58,82,86,91" machi="25" ten="30,8000,1" yaku="1,1,2,1,7,1,8,1,54,1,53,0" doraHai="109" doraHaiUra="89" who="2" fromWho="0" sc="196,-80,386,0,173,100,225,0" /><INIT seed="6,0,0,0,2,117" ten="116,386,273,225" oya="2" hai0="104,7,52,63,98,87,27,49,54,76,131,125,119" hai1="75,92,56,89,71,11,58,16,135,96,107,59,100" hai2="3,42,47,90,101,70,108,106,80,20,113,127,21" hai3="65,9,122,62,23,132,88,10,44,36,116,43,4"/><V38/><F3/><W53/><G116/><T134/><D119/><U8/><E71/><V29/><F70/><W123/><G10/><T82/><D131/><U110/><E110/><V26/><F108/><W5/><G23/><T118/><D118/><U31/><E75/><V111/><F111/><W126/><G53/><T51/><D134/><U32/><E32/><V102/><F113/><W91/><G5/><T25/><D125/><U66/><E66/><V2/><F2/><W95/><G126/><T74/><D7/><U40/><E31/><V86/><F127/><W115/><G115/><T14/><D14/><U64/><E64/><V69/><F69/><W72/><G72/><T81/><D63/><U30/><E30/><V103/><REACH who="2" step="1"/><F106/><REACH who="2" ten="116,386,263,225" step="2"/><W105/><G105/><T15/><D104/><U61/><E107/><V48/><F48/><W60/><G62/><T85/><D74/><U83/><E61/><V0/><F0/><W97/><G132/><T121/><D121/><U84/><E135/><V73/><F73/><W37/><G36/><T22/><D51/><U130/><E130/><V46/><F46/><W124/><G124/><T68/><D68/><U79/><E59/><V57/><F57/><N who="3" m="37007" /><G122/><T128/><D128/><U109/><E58/><V99/><F99/><W94/><G123/><T6/><D98/><U41/><E56/><V33/><AGARI ba="0,1" hai="20,21,26,29,33,38,42,47,80,86,90,101,102,103" machi="33" ten="30,11700,0" yaku="1,1,0,1,53,2" doraHai="117" doraHaiUra="18" who="2" fromWho="2" sc="116,-39,386,-39,263,127,225,-39" /><INIT seed="6,1,0,2,4,62" ten="77,347,390,186" oya="2" hai0="100,71,107,39,44,87,49,9,10,57,93,77,1" hai1="18,33,117,54,102,88,118,83,6,121,92,129,130" hai2="124,7,52,37,114,51,16,135,126,4,123,134,3" hai3="120,109,74,111,68,101,95,34,78,122,127,53,2"/><V43/><F114/><W84/><G53/><T60/><D107/><U69/><E33/><V42/><F123/><W23/><G23/><T56/><D71/><U82/><E6/><N who="2" m="2091" /><F3/><W58/><G58/><T15/><D1/><U103/><E18/><V66/><F66/><W48/><G48/><T41/><D39/><U38/><E54/><V64/><F64/><W28/><G28/><T90/><D56/><U76/><E69/><V59/><F16/><W5/><G5/><T65/><D15/><U75/><E38/><V31/><F31/><W45/><G45/><T61/><D61/><U106/><E121/><V67/><F67/><W110/><G101/><N who="1" m="38410" /><E83/><V97/><F97/><W25/><G95/><T112/><D112/><U30/><E30/><V115/><F115/><W50/><G84/><T89/><D100/><U35/><E35/><V47/><F42/><W14/><G78/><T132/><D77/><U13/><E106/><V73/><F73/><W98/><G98/><T86/><REACH who="0" step="1"/><D132/><AGARI ba="1,0" hai="37,43,47,51,52,59,124,126,132,134,135" m="2091" machi="132" ten="30,2900,0" yaku="20,1,54,1" doraHai="62" who="2" fromWho="0" sc="77,-32,347,0,390,32,186,0" /><INIT seed="6,2,0,3,5,39" ten="45,347,422,186" oya="2" hai0="55,49,48,120,123,64,12,45,66,58,89,82,40" hai1="78,4,131,35,28,46,61,124,117,130,20,43,112" hai2="95,19,18,51,36,41,7,81,38,30,119,59,133" hai3="135,23,24,15,22,6,103,85,70,65,106,56,107"/><V44/><F119/><W84/><G135/><T5/><D120/><U72/><E117/><V54/><F133/><W111/><G111/><T108/><D123/><U21/><E112/><V100/><F36/><W32/><G56/><T9/><REACH who="0" step="1"/><D108/><REACH who="0" ten="35,347,422,186" step="2"/><U69/><E130/><V134/><F134/><W26/><G32/><T116/><D116/><U113/><E131/><V121/><F121/><W94/><G65/><T29/><D29/><U1/><E113/><V104/><F30/><W62/><G62/><T90/><D90/><U0/><E61/><V3/><F100/><W96/><G103/><T83/><D83/><U122/><E122/><V13/><F81/><W88/><G6/><T68/><D68/><U75/><E69/><V98/><F7/><W73/><G70/><T86/><AGARI ba="2,1" hai="5,9,12,40,45,48,49,55,58,64,66,82,86,89" machi="86" ten="30,7900,0" yaku="1,1,0,1,8,1,52,1,53,0" doraHai="39" doraHaiUra="127" who="0" fromWho="0" sc="35,95,347,-22,422,-41,186,-22" /><INIT seed="7,0,0,4,5,86" ten="130,325,381,164" oya="3" hai0="106,95,61,75,16,121,13,71,88,41,2,108,101" hai1="117,27,119,45,134,60,77,55,3,10,113,123,39" hai2="14,132,54,80,49,128,92,83,69,46,99,105,40" hai3="59,4,129,64,42,133,15,26,124,98,79,0,84"/><W12/><G42/><T19/><D2/><U76/><E123/><V50/><F105/><W122/><G122/><T1/><D1/><U62/><E3/><V131/><F69/><W11/><G133/><T36/><D121/><U22/><E22/><V127/><F14/><W18/><G129/><N who="2" m="49737" /><F127/><W68/><G124/><T97/><D108/><U91/><E10/><V94/><F92/><W90/><G68/><T100/><D75/><U29/><E27/><V78/><F78/><W43/><G43/><T33/><D33/><U58/><E29/><V96/><F99/><W115/><G115/><T5/><D5/><U53/><E91/><N who="2" m="55391" /><F132/><W47/><G47/><AGARI ba="0,0" hai="40,46,47,49,50,54,80,83" m="55391,49737" machi="47" ten="30,2000,0" yaku="19,1,52,1" doraHai="86" who="2" fromWho="3" sc="130,0,325,0,381,20,164,-20" owari="130,-37.0,325,13.0,401,50.0,144,-26.0" /></mjloggm>