<mjloggm ver="2.3"><GO type="97" lobby="0"/><UN n0="%69%73%68%69%6B%75%6E" n1="%61%61%61%73" n2="%E5%B0%B1%E6%B4%BB%E7%94%9F%40%E5%B7%9D%E6%9D%91%E8%BB%8D%E5%9B%A3" n3="%E3%81%BD%E3%82%93" dan="13,13,14,15" rate="1882.51,1827.99,1985.31,1917.14" sx="M,M,M,M"/><TAIKYOKU oya="0"/><INIT seed="0,0,0,0,3,118" ten="250,250,250,250" oya="0" hai0="125,5,27,107,35,129,87,14,46,44,123,85,95" hai1="66,15,126,93,24,127,111,28,53,34,30,114,56" hai2="84,54,32,121,99,72,100,82,134,9,49,55,115" hai3="119,103,104,57,108,96,113,133,23,38,1,20,6"/><T10/><D125/><N who="1" m="47627" /><E66/><V98/><F100/><W68/><G68/><T63/><D129/><U3/><E111/><V8/><F32/><W17/><G108/><T47/><D107/><U122/><E122/><V41/><F72/><W78/><G133/><T88/><D87/><U22/><E114/><V131/><F115/><W11/><G119/><T69/><D63/><N who="1" m="36239" /><E3/><V65/><F65/><W132/><G132/><T91/><D91/><U60/><E60/><V128/><F41/><W97/><G38/><T18/><D69/><U19/><E93/><V42/><F42/><W124/><G124/><T105/><D105/><U83/><E83/><V36/><F36/><W43/><G43/><T50/><D50/><U7/><E7/><V112/><F134/><W73/><G57/><T25/><D35/><U40/><E40/><V26/><F82/><W70/><G20/><T135/><D135/><U39/><E30/><V61/><F49/><W51/><G51/><T62/><D62/><U120/><E120/><V76/><F61/><W2/><G70/><T92/><D92/><U110/><E110/><V81/><F112/><W67/><G67/><T31/><D31/><U74/><E39/><V102/><F81/><N who="3" m="45263" /><G1/><T52/><D123/><U94/><E74/><V59/><F121/><W13/><G113/><T4/><D52/><U117/><E117/><V29/><F59/><W116/><G116/><T101/><D101/><U21/><E34/><V89/><F29/><W37/><G37/><T45/><N who="0" m="11776" /><DORA hai="79" /><T86/><D86/><U109/><E109/><V16/><F84/><W77/><G77/><RYUUKYOKU ba="0,0" sc="250,10,250,10,250,-30,250,10" hai0="4,5,10,14,18,25,27,85,88,95" hai1="15,19,21,22,24,28,94" hai3="2,6,11,13,17,23,96,97,103,104" /><INIT seed="0,1,0,1,3,64" ten="260,260,220,260" oya="0" hai0="105,31,37,13,81,122,115,54,53,0,49,125,120" hai1="118,69,112,19,2,65,33,78,42,98,9,11,32" hai2="45,25,86,6,99,92,85,26,116,71,47,76,131" hai3="135,104,114,56,36,109,17,5,35,121,89,50,60"/><T101/><D115/><U74/><E118/><V22/><F116/><W4/><G135/><T15/><D0/><U128/><E98/><V133/><F71/><W130/><G130/><T68/><D37/><U8/><E42/><V83/><F131/><W106/><G106/><T113/><D113/><U80/><E112/><V127/><F133/><W59/><G59/><T102/><D125/><U91/><E128/><V30/><F127/><W84/><G84/><T57/><D81/><U14/><E91/><V119/><F119/><W103/><G50/><T43/><D31/><U100/><E100/><N who="0" m="38505" /><D57/><U63/><REACH who="1" step="1"/><E2/><REACH who="1" ten="260,250,220,260" step="2"/><V77/><F99/><W82/><G114/><T27/><D43/><U38/><E38/><V1/><F92/><W134/><G36/><T41/><D105/><U117/><E117/><V62/><F77/><W111/><G104/><T16/><D41/><U3/><E3/><V94/><F94/><W126/><G126/><T93/><D93/><U7/><E7/><V95/><F6/><W21/><G134/><T90/><D90/><U18/><E18/><V72/><F1/><W79/><G5/><T20/><D120/><U34/><AGARI ba="1,1" hai="8,9,11,14,19,32,33,34,63,65,69,74,78,80" machi="34" ten="30,4000,0" yaku="1,1,0,1,52,1,53,0" doraHai="64" doraHaiUra="24" who="1" fromWho="1" sc="260,-21,250,53,220,-11,260,-11" /><INIT seed="1,0,0,3,4,99" ten="239,303,209,249" oya="1" hai0="94,4,74,83,93,10,44,37,41,13,107,86,135" hai1="119,111,56,14,40,18,120,22,128,80,5,54,29" hai2="78,26,59,126,55,2,114,82,96,115,69,112,12" hai3="103,118,68,127,75,50,28,6,133,16,97,8,116"/><U20/><E119/><N who="3" m="45610" /><G75/><T30/><D135/><U132/><E120/><V11/><F69/><W62/><G28/><T109/><D107/><U1/><E1/><V43/><F2/><W110/><G133/><T31/><D109/><U134/><E5/><V70/><F70/><W24/><G110/><T81/><D81/><U123/><E123/><V58/><F126/><W39/><G50/><T72/><D72/><U77/><E111/><V101/><F43/><W89/><G89/><T106/><D106/><U49/><E128/><V21/><F82/><W90/><G90/><T33/><D33/><U45/><E29/><N who="2" m="17615" /><F78/><W102/><G39/><T48/><D37/><U57/><E22/><V51/><F59/><W60/><G97/><T67/><D67/><U19/><E19/><N who="2" m="8607" /><F96/><W34/><G34/><T61/><D61/><N who="3" m="23657" /><G68/><T73/><D73/><U46/><E56/><V124/><F124/><W7/><G127/><T125/><D74/><U0/><E0/><V66/><F66/><W64/><G64/><T79/><D125/><U38/><E45/><V95/><F95/><AGARI ba="0,0" hai="4,10,13,30,31,41,44,48,79,83,86,93,94,95" machi="95" ten="40,5200,0" yaku="25,2,8,1" doraHai="99" who="0" fromWho="2" sc="239,52,303,0,209,-52,249,0" /><INIT seed="2,0,0,1,5,43" ten="291,303,157,249" oya="2" hai0="79,78,53,97,39,130,23,6,0,55,72,128,20" hai1="35,120,9,105,83,132,16,38,26,32,116,86,36" hai2="42,131,102,33,77,57,47,25,87,5,2,126,66" hai3="40,115,1,106,112,88,58,65,121,92,110,94,91"/><V123/><F123/><W18/><G106/><T54/><D39/><U12/><E116/><V122/><F122/><W30/><G1/><T75/><D97/><U125/><E105/><V46/><F126/><W31/><G121/><T104/><D104/><U84/><E125/><V109/><F131/><N who="0" m="50218" /><D6/><U29/><E132/><V21/><F109/><W64/><G110/><T7/><D7/><U76/><E120/><V56/><F33/><W96/><G40/><T114/><D0/><U90/><REACH who="1" step="1"/><E32/><REACH who="1" ten="291,293,157,249" step="2"/><V28/><F2/><W61/><G115/><T41/><D114/><U71/><E71/><V19/><F5/><W81/><G112/><T50/><D50/><U99/><E99/><V10/><F102/><W107/><G107/><T89/><D41/><U70/><E70/><V93/><F42/><W49/><G96/><T15/><D89/><U60/><E60/><N who="2" m="38151" /><F28/><W67/><G91/><T22/><D15/><U117/><E117/><V134/><F134/><W8/><G31/><T82/><D82/><AGARI ba="0,1" hai="9,12,16,26,29,35,36,38,76,82,83,84,86,90" machi="82" ten="30,7700,0" yaku="1,1,7,1,54,1,53,1" doraHai="43" doraHaiUra="74" who="1" fromWho="0" sc="291,-77,293,87,157,0,249,0" /><INIT seed="3,0,0,2,2,106" ten="214,380,157,249" oya="3" hai0="18,4,128,103,62,63,8,64,24,49,74,12,3" hai1="25,129,70,34,97,41,28,84,17,39,40,56,112" hai2="99,38,95,6,67,107,29,20,51,111,37,27,94" hai3="31,60,71,46,26,14,135,61,54,44,15,81,115"/><W120/><G120/><T57/><D128/><U102/><E112/><V130/><F111/><W93/><G115/><T0/><D103/><U79/><E129/><V69/><F130/><W7/><G135/><T30/><D62/><N who="3" m="24169" /><G71/><T58/><D74/><U22/><E39/><V125/><F69/><W59/><G31/><T109/><D109/><U43/><E70/><V100/><F67/><W104/><G104/><T101/><D101/><U86/><E56/><V35/><F125/><W19/><G81/><T9/><D9/><U126/><E126/><V127/><F127/><W16/><G93/><T87/><D87/><U77/><E84/><V50/><F6/><W122/><G122/><T66/><D66/><U42/><N who="1" m="10752" /><DORA hai="21" /><U98/><E86/><V116/><F116/><W36/><G36/><T133/><D133/><U75/><E75/><V80/><F38/><W83/><G83/><T132/><D132/><U117/><E117/><V53/><F37/><W91/><G91/><T32/><REACH who="0" step="1"/><D4/><REACH who="0" ten="204,380,157,249" step="2"/><U118/><E118/><V5/><BYE who="1" /><F5/><W113/><G7/><T92/><D92/><U108/><E108/><V134/><F134/><W11/><G113/><T124/><D124/><U52/><E52/><AGARI ba="0,1" hai="0,3,8,12,18,24,30,32,49,52,57,58,63,64" machi="52" ten="40,5200,0" yaku="1,1,52,1,54,1,53,0" doraHai="106,21" doraHaiUra="1,90" who="0" fromWho="1" sc="204,62,380,-52,157,0,249,0" owari="266,7.0,328,42.0,157,-34.0,249,-15.0" /></mjloggm>