<mjloggm ver="2.3"><GO type="41" lobby="0"/><UN n0="%E8%A5%BF%E3%81%8C%38" n1="%70%69%6E%66%75%74%75%6D" n2="%E5%B0%B1%E6%B4%BB%E7%94%9F%40%E5%B7%9D%E6%9D%91%E8%BB%8D%E5%9B%A3" n3="%E5%A4%A9%E6%9C%88%E7%B4%97%E7%9F%A2%E9%A6%99" dan="14,14,14,15" rate="1885.38,1916.60,1969.98,2034.36" sx="M,M,M,M"/><TAIKYOKU oya="0"/><INIT seed="0,0,0,0,1,70" ten="250,250,250,250" oya="0" hai0="13,94,130,5,7,72,44,30,0,75,63,32,1" hai1="69,26,78,19,114,99,104,77,97,17,67,120,45" hai2="123,125,25,80,109,90,27,35,95,102,84,3,81" hai3="52,59,132,43,34,111,122,58,96,103,41,110,131"/><T8/><D94/><U79/><E120/><V105/><F123/><W108/><G122/><T116/><D116/><U82/><E114/><V74/><F3/><N who="0" m="1098" /><D44/><U12/><E45/><V57/><F125/><W117/><G117/><T2/><D63/><U42/><E42/><V9/><F109/><W21/><G34/><T87/><D87/><U33/><E67/><V4/><F81/><W38/><G131/><T64/><D64/><U65/><E82/><V31/><F27/><W50/><G132/><T51/><D51/><U15/><E104/><V55/><F74/><W129/><G129/><T71/><D71/><U98/><E69/><V49/><F105/><W106/><G58/><T118/><D118/><U53/><E53/><V121/><F121/><W36/><G21/><T126/><D75/><U89/><E65/><V54/><F54/><W66/><G66/><T68/><D72/><U128/><E128/><V119/><F119/><W11/><G11/><N who="0" m="2487" /><D68/><U127/><E127/><V23/><F35/><W88/><G88/><T76/><D76/><U18/><E89/><V20/><F102/><W40/><AGARI ba="0,0" hai="36,38,40,41,43,50,52,59,96,103,106,108,110,111" machi="40" ten="40,8000,1" yaku="0,1,14,1,52,2,54,1" doraHai="70" who="3" fromWho="3" sc="250,-40,250,-20,250,-20,250,80" /><INIT seed="1,0,0,0,2,129" ten="210,230,230,330" oya="1" hai0="60,24,18,28,113,100,30,108,19,6,86,42,89" hai1="35,101,126,44,68,36,8,0,132,105,45,98,112" hai2="66,87,48,72,90,2,123,14,74,127,93,59,133" hai3="84,83,80,20,115,13,49,11,21,79,128,92,107"/><U53/><E68/><V117/><F2/><W85/><G115/><T33/><D113/><U51/><E35/><V63/><F123/><W43/><G107/><T55/><D100/><U82/><E112/><V122/><F117/><W52/><G128/><T116/><D116/><U81/><E126/><V38/><F122/><W77/><G43/><T26/><D42/><U106/><E106/><V61/><F38/><W124/><G92/><T103/><D103/><U71/><E71/><V96/><F127/><W9/><G124/><T17/><D6/><U69/><E69/><V130/><F130/><W75/><G75/><T94/><D108/><U131/><E131/><V27/><F133/><W114/><G114/><T73/><D73/><U3/><E8/><V110/><F110/><W65/><G65/><T97/><D60/><U10/><E10/><V16/><F27/><W34/><G34/><T12/><D55/><U91/><E82/><V111/><F111/><W22/><G13/><T25/><D97/><U50/><E36/><V47/><F63/><W5/><G5/><T29/><REACH who="0" step="1"/><D33/><REACH who="0" ten="200,230,230,330" step="2"/><U104/><E104/><V70/><F70/><W119/><G119/><T135/><D135/><U7/><E7/><V58/><F58/><AGARI ba="0,1" hai="9,11,20,21,22,49,52,58,77,79,80,83,84,85" machi="58" ten="40,5200,0" yaku="9,1,8,1,54,1" doraHai="129" who="3" fromWho="2" sc="200,0,230,0,230,-52,330,62" /><INIT seed="2,0,0,4,0,34" ten="200,230,178,392" oya="2" hai0="53,133,51,103,4,82,80,88,41,87,45,17,31" hai1="62,67,116,81,48,27,11,49,7,22,61,8,19" hai2="135,69,92,38,52,114,40,66,59,90,9,54,105" hai3="84,47,30,18,56,29,13,83,128,96,39,0,73"/><V130/><F105/><W97/><G73/><T60/><D4/><U98/><E116/><V119/><F119/><W113/><G113/><T72/><D31/><U33/><E33/><V74/><F74/><W109/><G109/><T95/><D72/><U102/><E81/><V21/><F114/><W50/><G0/><T1/><D1/><U16/><E19/><V32/><F32/><W118/><G118/><T37/><D133/><U77/><E77/><V15/><F130/><W99/><G39/><T55/><D103/><U20/><E20/><V6/><F135/><W104/><G104/><T108/><D108/><U70/><E62/><V26/><F38/><W46/><G56/><N who="0" m="34831" /><D17/><U68/><E70/><V10/><F40/><N who="3" m="24903" /><G47/><T14/><D14/><U42/><E42/><V24/><F10/><N who="3" m="6455" /><G128/><T131/><D131/><U5/><E11/><V79/><F79/><AGARI ba="0,0" hai="29,30,79,83,84,96,97,99" m="6455,24903" machi="79" ten="30,1000,0" yaku="8,1" doraHai="34" who="3" fromWho="2" sc="200,0,230,0,178,-10,392,10" /><INIT seed="3,0,0,3,1,47" ten="200,230,168,402" oya="3" hai0="75,30,54,80,81,126,115,34,36,69,124,65,62" hai1="77,59,76,1,27,135,50,72,105,86,3,122,10" hai2="38,89,43,131,100,97,78,42,68,26,19,52,12" hai3="74,128,33,120,39,121,87,88,58,48,102,11,101"/><W85/><G39/><T64/><D36/><U106/><E122/><V40/><F68/><W110/><G33/><T123/><D123/><U90/><E135/><V60/><F38/><W57/><G74/><T5/><D5/><U92/><E27/><V104/><F131/><W22/><G128/><T31/><D75/><U17/><E76/><V130/><F130/><W119/><G119/><T13/><D13/><U55/><E17/><V23/><F78/><W44/><G22/><T41/><D41/><U20/><E20/><V111/><F111/><W18/><G110/><T70/><D54/><U94/><E94/><V107/><F89/><W16/><G44/><T93/><D93/><U61/><E61/><V0/><F0/><W7/><G7/><T45/><D45/><U32/><E32/><V56/><REACH who="2" step="1"/><F26/><REACH who="2" ten="200,230,158,402" step="2"/><W134/><G88/><T82/><D115/><U83/><E3/><V53/><F53/><W66/><G134/><T103/><D103/><U129/><E129/><V15/><F15/><W95/><G101/><T127/><REACH who="0" step="1"/><D34/><REACH who="0" ten="190,230,158,402" step="2"/><U108/><E108/><V49/><F49/><W14/><G48/><T63/><AGARI ba="0,2" hai="30,31,62,63,64,65,69,70,80,81,82,124,126,127" machi="63" ten="40,8000,1" yaku="1,1,2,1,0,1,9,1,18,1,53,0" doraHai="47" doraHaiUra="125" who="0" fromWho="0" sc="190,100,230,-20,158,-20,402,-40" /><INIT seed="4,0,0,4,4,84" ten="290,210,138,362" oya="0" hai0="87,21,107,65,44,112,49,83,95,15,114,11,55" hai1="105,0,108,47,79,69,66,13,25,57,104,61,20" hai2="18,38,48,80,74,135,126,133,90,73,2,17,101" hai3="10,33,132,39,36,81,46,35,103,100,70,109,78"/><T27/><D107/><U91/><E108/><V3/><F38/><W64/><G109/><T130/><D65/><U30/><E0/><N who="2" m="43" /><F101/><W34/><G132/><N who="2" m="50761" /><F48/><W88/><G10/><T96/><D130/><U129/><E129/><V56/><F56/><W45/><G64/><T37/><D37/><N who="3" m="14409" /><G78/><T121/><D121/><U117/><E117/><V9/><F9/><W32/><G32/><T120/><D120/><U98/><E79/><V5/><F5/><W12/><G12/><T16/><D96/><U52/><E47/><N who="3" m="17930" /><G81/><T93/><D112/><U31/><E31/><V92/><F126/><W131/><G131/><T53/><D53/><U50/><REACH who="1" step="1"/><E13/><REACH who="1" ten="290,200,138,362" step="2"/><V119/><F119/><W58/><G33/><T82/><D114/><U63/><E63/><V99/><F80/><W128/><G34/><T4/><D83/><U75/><E75/><AGARI ba="0,1" hai="17,18,73,74,75,90,92,99" m="50761,43" machi="75" ten="40,2600,0" yaku="20,1,52,1" doraHai="84" who="2" fromWho="1" sc="290,0,200,-26,138,36,362,0" /><INIT seed="5,0,0,4,2,135" ten="290,174,174,362" oya="1" hai0="117,68,36,77,95,9,19,8,125,66,127,21,61" hai1="89,132,33,74,39,129,116,30,25,82,92,3,59" hai2="37,71,53,4,100,119,14,1,83,91,57,90,107" hai3="58,16,17,124,102,44,69,45,31,38,0,133,120"/><U123/><E132/><V75/><F71/><W55/><G133/><T11/><D117/><U29/><E116/><V97/><F119/><W13/><G69/><T87/><D36/><U72/><E123/><V41/><F1/><W111/><G120/><T15/><REACH who="0" step="1"/><D95/><REACH who="0" ten="280,174,174,362" step="2"/><U81/><E39/><V128/><F128/><W28/><G111/><T80/><AGARI ba="0,1" hai="8,9,11,15,19,21,61,66,68,77,80,87,125,127" machi="80" ten="30,12000,2" yaku="1,1,2,1,0,1,52,2,53,1" doraHai="135" doraHaiUra="79" who="0" fromWho="0" sc="280,130,174,-60,174,-30,362,-30" /><INIT seed="6,0,0,4,0,109" ten="410,114,144,332" oya="2" hai0="43,132,39,69,4,9,88,131,85,73,1,59,65" hai1="90,16,74,28,32,58,113,97,13,46,95,64,91" hai2="94,48,6,128,24,7,5,57,37,60,108,119,89" hai3="35,114,44,106,75,96,23,101,98,83,15,82,54"/><V129/><F37/><W0/><G35/><T124/><D69/><U84/><E74/><V42/><F119/><W79/><G0/><T36/><D73/><U72/><E72/><V118/><F118/><W3/><G3/><T49/><D132/><U123/><E46/><N who="2" m="25687" /><F24/><W11/><G82/><T115/><D115/><U125/><E125/><V81/><F81/><W8/><G98/><T18/><D124/><U45/><E45/><V56/><F60/><W70/><G70/><T87/><D131/><N who="2" m="50250" /><F108/><W51/><G23/><T68/><D68/><U29/><E123/><V20/><F20/><W120/><G120/><T26/><D65/><U53/><E64/><V99/><AGARI ba="0,0" hai="5,6,7,56,57,89,94,99" m="50250,25687" machi="99" ten="30,1500,0" yaku="19,1" doraHai="109" who="2" fromWho="2" sc="410,-5,114,-5,144,15,332,-5" /><INIT seed="6,1,0,1,4,112" ten="405,109,159,327" oya="2" hai0="90,100,49,27,98,20,122,77,29,6,63,94,135" hai1="10,84,14,26,115,61,56,79,45,129,2,71,21" hai2="17,108,12,101,131,82,23,52,91,125,64,93,39" hai3="123,69,110,113,68,124,60,43,105,83,19,127,75"/><V25/><F39/><W72/><G105/><T73/><D122/><U57/><E115/><V15/><F125/><N who="3" m="48203" /><G113/><T96/><D135/><U48/><E129/><V66/><F131/><W42/><G110/><T102/><D6/><U76/><E2/><V65/><F108/><W104/><G104/><T111/><D111/><U107/><E107/><V44/><F101/><W40/><G123/><T80/><D63/><U36/><E36/><V18/><F82/><W78/><G19/><T132/><D132/><U0/><E0/><V7/><F7/><W59/><G72/><T34/><D34/><U41/><E71/><V38/><F38/><W55/><AGARI ba="1,0" hai="40,42,43,55,59,60,68,69,75,78,83" m="48203" machi="55" ten="30,1100,0" yaku="18,1" doraHai="112" who="3" fromWho="3" sc="405,-4,109,-4,159,-6,327,14" /><INIT seed="7,0,0,2,1,50" ten="401,105,153,341" oya="3" hai0="74,82,19,87,100,47,46,132,25,41,11,44,53" hai1="24,3,75,93,31,123,99,60,84,54,45,71,20" hai2="10,95,89,27,98,122,97,108,113,30,35,112,2" hai3="56,26,121,36,101,118,13,51,64,9,81,91,67"/><W131/><G121/><T1/><D1/><U18/><E75/><V129/><F108/><W109/><G36/><T124/><D124/><U52/><E123/><V86/><F129/><W114/><G109/><T80/><D74/><U7/><E84/><V23/><F122/><W130/><G118/><T105/><D132/><U38/><E31/><V43/><F43/><W69/><G69/><T127/><D127/><U28/><E28/><V63/><F63/><W33/><G101/><T83/><D105/><U110/><E110/><V59/><F59/><W4/><G114/><N who="2" m="44137" /><F35/><W70/><G70/><T62/><D100/><U133/><E133/><V6/><AGARI ba="0,0" hai="2,6,10,23,27,30,86,89,95,97,98" m="44137" machi="6" ten="30,1100,0" yaku="15,1" doraHai="50" who="2" fromWho="2" sc="401,-3,105,-3,153,11,341,-5" owari="398,50.0,102,-40.0,164,-24.0,336,14.0" /></mjloggm>