<mjloggm ver="2.3"><GO type="97" lobby="0"/><UN n0="%33%46%52%45%45%5A%45" n1="%E3%82%80%E3%82%89%E3%81%A1%E3%82%83%E3%82%93" n2="%E3%82%A8%E3%82%A2%E3%83%AD%E3%83%A0%E3%82%B9%E3%82%AF" n3="%E5%B0%B1%E6%B4%BB%E7%94%9F%40%E5%B7%9D%E6%9D%91%E8%BB%8D%E5%9B%A3" dan="14,13,13,15" rate="1957.06,1943.14,1873.70,2077.32" sx="M,M,M,M"/><TAIKYOKU oya="0"/><INIT seed="0,0,0,2,2,32" ten="250,250,250,250" oya="0" hai0="65,66,109,40,23,18,24,5,55,95,10,100,59" hai1="22,90,76,9,87,91,84,129,70,2,111,73,115" hai2="107,27,113,74,56,30,38,134,71,79,104,124,127" hai3="64,72,118,25,21,130,80,46,33,99,36,105,106"/><T60/><D40/><U51/><E70/><V42/><F113/><W93/><G33/><T13/><D109/><U82/><E2/><V83/><F56/><W67/><G118/><T4/><D5/><U62/><E9/><V19/><F19/><W63/><G130/><T41/><D41/><U17/><E111/><V47/><F71/><W44/><G80/><T101/><D66/><U49/><E129/><V39/><F39/><W20/><G72/><T117/><D117/><U103/><E115/><V102/><F134/><W26/><G36/><T14/><D65/><U77/><E103/><V135/><F135/><W35/><G35/><T48/><D48/><N who="1" m="18507" /><E62/><V69/><F69/><W12/><G12/><N who="0" m="5191" /><D95/><N who="1" m="54727" /><E73/><V75/><F75/><W3/><G63/><T29/><D14/><AGARI ba="0,0" hai="14,17,22,76,77,82,87,91" m="54727,18507" machi="14" ten="30,1000,0" yaku="8,1" doraHai="32" who="1" fromWho="0" sc="250,-10,250,10,250,0,250,0" /><INIT seed="1,0,0,5,0,1" ten="240,260,250,250" oya="1" hai0="34,94,77,100,18,110,112,79,117,66,25,107,41" hai1="72,121,89,59,135,49,16,2,75,131,122,29,37" hai2="126,20,127,82,55,32,97,64,44,87,7,92,125" hai3="109,17,13,128,26,3,133,65,36,23,61,86,68"/><U108/><E37/><V132/><F32/><W60/><G3/><T124/><D110/><U53/><E2/><V95/><F64/><W67/><G36/><T115/><D41/><U8/><E29/><V114/><F132/><W101/><G109/><T45/><D45/><U62/><E108/><V42/><F114/><W83/><G128/><T76/><D117/><U96/><E122/><V88/><F20/><W21/><G133/><T78/><D66/><U54/><E135/><V5/><F55/><W40/><G40/><T71/><D71/><U85/><E121/><V63/><F63/><W91/><G101/><T9/><D34/><U118/><E118/><V31/><F31/><W50/><G50/><T98/><D124/><U74/><E96/><V130/><F130/><W48/><G48/><T80/><D25/><U120/><E131/><V12/><F12/><W30/><G65/><T19/><D9/><U28/><E28/><V70/><F70/><W14/><G61/><T27/><D27/><AGARI ba="0,0" hai="13,14,17,21,23,26,27,30,60,67,68,83,86,91" machi="27" ten="30,1000,0" yaku="7,1" doraHai="1" who="3" fromWho="0" sc="240,-10,260,0,250,0,250,10" /><INIT seed="2,0,0,2,2,8" ten="230,260,250,260" oya="2" hai0="132,42,45,35,116,90,11,95,72,30,79,126,83" hai1="62,67,29,134,1,127,63,115,64,74,69,98,128" hai2="124,113,6,61,114,87,28,84,66,131,44,76,86" hai3="122,89,4,107,39,12,13,81,129,14,56,31,51"/><V38/><F131/><W19/><G39/><T41/><D116/><U108/><E74/><V133/><F133/><W82/><G107/><T123/><D132/><U52/><E1/><V100/><F124/><W109/><G122/><T110/><D123/><U119/><E134/><V120/><F120/><W92/><G129/><T7/><D126/><U34/><E127/><V105/><F76/><W22/><G109/><T25/><D110/><U10/><E108/><V93/><F6/><W91/><G31/><T50/><D95/><U5/><E115/><V33/><F93/><W47/><G4/><T48/><D90/><N who="3" m="34313" /><G56/><T59/><D59/><N who="1" m="35175" /><E34/><V135/><F38/><W125/><G92/><T20/><D35/><U104/><E29/><V24/><F44/><W54/><G125/><T111/><D111/><U9/><E104/><V73/><F73/><W97/><G97/><T117/><D117/><U112/><E119/><V75/><F75/><W121/><G121/><T32/><D32/><U2/><E2/><V85/><N who="2" m="21504" /><DORA hai="78" /><V70/><REACH who="2" step="1"/><F135/><REACH who="2" ten="230,260,240,260" step="2"/><W40/><G40/><T103/><D103/><U23/><E5/><V55/><F55/><W106/><G106/><T71/><D42/><U15/><E128/><V26/><F26/><AGARI ba="0,1" hai="12,13,14,19,22,26,47,51,54,81,82" m="34313" machi="26" ten="30,12000,2" yaku="8,1,52,5" doraHai="8,78" who="3" fromWho="2" sc="230,0,260,0,240,-120,260,130" /><INIT seed="3,0,0,3,2,100" ten="230,260,120,390" oya="3" hai0="40,90,78,68,117,74,70,86,113,72,29,20,132" hai1="63,51,126,125,52,110,7,14,84,12,19,116,61" hai2="21,82,91,9,69,101,65,50,11,35,15,121,1" hai3="59,93,17,120,115,48,47,89,54,37,26,130,109"/><W77/><G120/><T62/><D117/><U25/><E116/><V127/><F121/><W36/><G115/><T122/><D122/><U16/><E110/><V99/><F127/><N who="1" m="48649" /><E25/><V128/><F128/><W58/><G109/><T31/><D113/><U92/><E7/><V119/><F119/><W24/><G130/><T135/><D40/><U30/><E30/><N who="0" m="11273" /><D20/><N who="1" m="11271" /><E92/><V43/><F43/><W79/><G37/><T3/><D3/><U60/><E84/><V39/><F50/><W131/><G36/><T87/><D78/><U5/><E5/><V105/><F39/><W106/><G106/><T27/><D27/><N who="3" m="10281" /><G17/><T64/><D70/><U42/><E42/><V34/><F15/><W98/><G131/><T103/><D103/><U95/><E95/><V71/><F101/><W44/><G44/><T108/><D87/><U94/><E94/><V33/><F21/><W75/><G75/><T18/><D18/><U46/><E61/><V4/><F1/><W22/><G22/><AGARI ba="0,0" hai="14,19,22,46,51,52,60,63" m="11271,48649" machi="22" ten="30,3900,0" yaku="18,1,54,2" doraHai="100" who="1" fromWho="3" sc="230,0,260,39,120,0,390,-39" owari="230,-17.0,299,10.0,120,-38.0,351,45.0" /></mjloggm>