<mjloggm ver="2.3"><GO type="169" lobby="0"/><UN n0="%73%61%69%72%61%73%75" n1="%6B%6F%6B%75%73%68%69%61" n2="%E3%82%A6%E3%83%AB%E3%83%88%E3%83%A9%E7%AB%8B%E7%9B%B4" n3="%4A%75%6E%37%37%37" dan="16,16,17,16" rate="2103.26,2081.90,2165.53,2047.69" sx="M,M,M,M"/><TAIKYOKU oya="0"/><INIT seed="0,0,0,1,0,87" ten="250,250,250,250" oya="0" hai0="135,39,24,60,80,79,103,121,46,99,56,105,94" hai1="7,75,31,41,4,36,97,10,84,101,55,52,62" hai2="113,109,73,12,71,85,65,106,28,115,64,40,107" hai3="15,72,83,95,110,131,120,47,14,77,67,134,102"/><T44/><D121/><U43/><E75/><V130/><F73/><W114/><G67/><N who="2" m="25673" /><F28/><W86/><G47/><T8/><D135/><U124/><E124/><V37/><F12/><W93/><G14/><T16/><D39/><U23/><E36/><V34/><F37/><W96/><G15/><N who="0" m="7271" /><D105/><N who="2" m="39946" /><F40/><W112/><G134/><T6/><D6/><U129/><E129/><V49/><F49/><W78/><G131/><T13/><D13/><U19/><E31/><V26/><F85/><W90/><G120/><T98/><D24/><U82/><E101/><V11/><F11/><W126/><G126/><T58/><D99/><U27/><E97/><V118/><F130/><W17/><G17/><T50/><D80/><U68/><E68/><V108/><F71/><W76/><G110/><N who="2" m="42601" /><F26/><W25/><G25/><T59/><D79/><AGARI ba="0,0" hai="72,76,77,78,79,83,86,90,93,95,96,102,112,114" machi="79" ten="40,8000,1" yaku="34,3,52,1" doraHai="87" who="3" fromWho="0" sc="250,-80,250,0,250,0,250,80" /><INIT seed="1,0,0,4,5,51" ten="170,250,250,330" oya="1" hai0="93,40,109,133,94,10,100,7,71,117,41,98,110" hai1="101,66,27,120,128,97,102,61,113,135,29,114,70" hai2="79,45,88,73,99,20,22,90,127,112,129,126,125" hai3="119,12,33,96,115,81,5,72,69,19,50,26,47"/><U60/><E120/><V74/><F129/><W64/><G119/><T55/><D117/><U108/><E128/><V9/><F112/><W14/><G115/><T111/><D133/><U53/><E135/><V52/><F9/><W95/><G5/><T57/><D71/><U1/><E1/><V38/><F38/><W82/><G72/><N who="2" m="27753" /><F79/><W84/><G64/><T131/><D94/><U17/><E17/><V42/><F42/><W68/><G14/><T35/><D35/><U87/><E87/><V32/><F32/><W34/><G82/><T13/><REACH who="0" step="1"/><D131/><REACH who="0" ten="160,250,250,330" step="2"/><U8/><E70/><V11/><F99/><W80/><G68/><T91/><D91/><N who="2" m="34858" /><F11/><W118/><G69/><T89/><D89/><U67/><E8/><V24/><F24/><W39/><G26/><T16/><D16/><U78/><E27/><V23/><F23/><W105/><G118/><T75/><D75/><U28/><E97/><V65/><F20/><W63/><G34/><T107/><D107/><U0/><E114/><V76/><F22/><W103/><G33/><T25/><D25/><U44/><E113/><V54/><F76/><W56/><G105/><T30/><D30/><U48/><E78/><V36/><F127/><W31/><G31/><T92/><D92/><U2/><E29/><V62/><F126/><W18/><G19/><T85/><D85/><U3/><E28/><V86/><F86/><W121/><G84/><T15/><D15/><U77/><E77/><V4/><F125/><W116/><G116/><T6/><D6/><U124/><E124/><V134/><F4/><W58/><G18/><RYUUKYOKU ba="0,1" sc="160,30,250,-10,250,-10,330,-10" hai0="7,10,13,40,41,55,57,93,98,100,109,110,111" /><INIT seed="2,1,1,1,0,8" ten="190,240,240,320" oya="2" hai0="133,40,100,104,48,103,93,42,97,129,89,15,105" hai1="65,94,28,112,76,61,116,25,78,37,113,130,81" hai2="41,11,19,54,59,4,1,5,86,68,121,85,7" hai3="62,122,73,110,14,75,26,71,134,72,24,63,23"/><V29/><F68/><W84/><G122/><T114/><D133/><U90/><E116/><V39/><F121/><W80/><G110/><T83/><D129/><U44/><E130/><V46/><F29/><W99/><G99/><T125/><D125/><U135/><E135/><V49/><REACH who="2" step="1"/><F1/><REACH who="2" ten="190,240,230,320" step="2"/><W31/><G134/><T95/><D114/><U98/><E28/><V117/><F117/><W106/><G71/><T50/><D97/><U67/><E98/><V88/><F88/><W20/><G106/><T132/><D89/><U107/><E90/><V56/><F56/><W131/><G131/><T120/><D132/><U118/><E107/><V109/><F109/><W32/><G32/><T33/><D120/><U18/><E118/><V22/><F22/><W36/><G23/><T51/><D33/><U128/><E128/><V38/><F38/><W9/><G36/><T12/><REACH who="0" step="1"/><D50/><REACH who="0" ten="180,240,230,320" step="2"/><U53/><E112/><V17/><F17/><W2/><G31/><T127/><D127/><U47/><E18/><V96/><F96/><W92/><G2/><T82/><AGARI ba="1,3" hai="12,15,40,42,48,51,82,83,93,95,100,103,104,105" machi="82" ten="25,12000,2" yaku="1,1,0,1,22,2,52,2,53,0" doraHai="8" doraHaiUra="70" who="0" fromWho="0" sc="180,153,240,-31,230,-61,320,-31" /><INIT seed="3,0,0,1,3,122" ten="333,209,169,289" oya="3" hai0="59,0,16,19,116,8,28,50,87,71,88,119,57" hai1="32,80,46,129,134,95,81,111,25,7,126,13,118" hai2="93,51,130,44,2,66,52,124,123,112,121,67,18" hai3="3,34,48,40,101,12,47,109,56,135,75,45,11"/><W76/><G34/><T94/><D71/><U17/><E134/><V37/><F112/><W21/><G135/><T117/><D28/><U36/><E129/><V31/><F130/><W23/><G101/><T113/><D113/><U20/><E126/><V29/><F124/><W91/><G3/><T69/><D69/><U54/><E118/><V132/><F132/><W14/><G109/><T27/><D27/><U107/><E107/><V49/><F2/><W6/><G56/><T22/><D22/><U128/><E128/><V127/><F127/><W33/><G33/><T53/><REACH who="0" step="1"/><D57/><REACH who="0" ten="323,209,169,289" step="2"/><U65/><E20/><V131/><F31/><W41/><G23/><T68/><D68/><U26/><E25/><V77/><F29/><W102/><G21/><T61/><D61/><U82/><E26/><V125/><F131/><W79/><G14/><T70/><D70/><U96/><E13/><V85/><F125/><W103/><G12/><T9/><D9/><U99/><E32/><V64/><F123/><W100/><G11/><T105/><D105/><U89/><E46/><V106/><F106/><W98/><G6/><AGARI ba="0,1" hai="0,6,8,16,19,50,53,59,87,88,94,116,117,119" machi="6" ten="40,5200,0" yaku="1,1,54,2,53,0" doraHai="122" doraHaiUra="133" who="0" fromWho="3" sc="323,62,209,0,169,0,289,-52" /><INIT seed="4,0,0,3,0,35" ten="385,209,169,237" oya="0" hai0="16,23,95,75,102,80,118,47,4,72,121,68,113" hai1="50,114,49,73,21,85,97,69,124,83,36,90,45" hai2="11,99,44,1,40,101,119,120,135,8,106,100,131" hai3="14,123,58,81,24,46,51,54,71,70,103,9,134"/><T132/><D113/><U91/><E124/><V5/><F120/><W89/><G123/><T62/><D121/><U57/><E69/><V104/><F131/><W77/><G134/><T130/><D118/><U31/><E114/><V63/><F119/><W105/><G24/><T41/><D132/><U60/><E73/><V86/><F135/><W74/><G89/><T59/><D68/><U125/><E125/><V128/><F128/><W126/><G126/><T122/><D4/><U19/><E31/><V66/><F86/><W17/><G103/><T28/><D28/><U107/><E36/><V18/><F18/><W30/><G30/><T6/><D6/><U22/><E107/><V133/><F11/><W87/><G105/><T29/><D95/><N who="1" m="56575" /><E45/><V10/><F10/><W98/><G98/><T39/><D102/><U67/><E22/><V78/><F78/><W76/><G77/><T20/><D80/><U3/><E3/><V52/><F133/><W108/><G108/><T42/><D42/><U94/><E83/><V61/><F101/><W84/><G46/><T129/><D122/><U33/><E33/><V32/><F32/><W27/><G27/><AGARI ba="0,0" hai="19,21,27,49,50,57,60,67,85,90,94" m="56575" machi="27" ten="30,1000,0" yaku="8,1" doraHai="35" who="1" fromWho="3" sc="385,0,209,10,169,0,237,-10" /><INIT seed="5,0,0,5,3,88" ten="385,219,169,227" oya="1" hai0="132,13,19,36,40,52,48,22,95,45,130,42,108" hai1="113,16,124,35,61,5,12,67,27,30,92,1,93" hai2="2,128,24,121,11,62,94,41,118,103,80,21,116" hai3="97,112,83,18,101,76,71,33,104,15,34,106,120"/><U10/><E113/><V75/><F121/><W31/><G106/><T125/><D130/><U111/><E124/><V123/><F123/><W79/><G120/><T50/><D132/><U115/><E115/><V127/><F128/><W60/><G112/><T57/><D108/><U46/><E46/><V105/><F127/><W63/><G63/><T89/><D125/><U14/><E111/><V82/><F105/><W38/><G38/><T66/><D66/><U117/><E117/><V73/><F41/><W39/><G39/><T110/><D110/><U47/><E47/><V65/><F2/><W78/><G83/><T91/><D91/><U29/><E29/><V109/><F11/><W68/><G68/><T90/><D90/><U3/><E14/><V69/><F109/><W37/><G37/><T107/><D107/><U23/><E1/><V134/><F134/><W87/><G87/><N who="0" m="52671" /><D36/><U98/><E98/><V43/><F43/><AGARI ba="0,0" hai="13,19,22,40,42,43,45,48,50,52,57" m="52671" machi="43" ten="30,7700,0" yaku="25,1,8,1,52,1,54,1" doraHai="88" who="0" fromWho="2" sc="385,77,219,0,169,-77,227,0" /><INIT seed="6,0,0,4,3,48" ten="462,219,92,227" oya="2" hai0="109,100,37,115,28,113,101,135,71,38,41,61,94" hai1="26,132,11,134,32,85,63,82,0,97,123,17,64" hai2="110,74,55,91,51,114,50,8,52,83,99,21,15" hai3="76,44,117,98,118,68,39,90,19,121,9,30,96"/><V104/><F104/><W31/><G90/><T36/><D28/><U3/><E123/><V54/><F114/><W130/><G76/><T133/><D109/><U49/><E97/><V27/><F110/><W79/><G79/><T5/><D5/><U124/><E124/><V119/><F119/><W80/><G80/><T1/><D1/><U43/><E32/><V67/><F67/><W102/><G68/><T29/><D29/><U95/><E95/><N who="2" m="56831" /><F74/><W33/><G102/><N who="0" m="39531" /><D41/><U120/><E120/><V58/><F83/><W125/><G121/><T40/><D40/><U22/><E43/><V62/><F21/><W7/><G39/><T18/><D18/><U2/><E49/><N who="2" m="18443" /><F27/><W107/><G107/><T59/><D94/><U16/><E17/><AGARI ba="0,0" hai="8,15,17,52,54,55,58,62" m="18443,56831" machi="17" ten="30,12000,1" yaku="8,1,52,3,54,1" doraHai="48" who="2" fromWho="1" sc="462,0,219,-120,92,120,227,0" /><INIT seed="6,1,0,5,2,89" ten="462,99,212,227" oya="2" hai0="55,13,106,125,53,81,22,4,76,79,83,74,119" hai1="100,26,27,92,101,95,3,17,123,71,21,118,103" hai2="14,49,132,20,63,84,16,128,66,8,50,43,15" hai3="61,2,64,124,33,47,129,34,108,32,68,10,29"/><V82/><F128/><W41/><G108/><T9/><D125/><U102/><E118/><V42/><F132/><W134/><G124/><T23/><D106/><U97/><E3/><V59/><F43/><W12/><G129/><T7/><D119/><U36/><E36/><V31/><F42/><W25/><G134/><T86/><D7/><U130/><E71/><V87/><F87/><W44/><G44/><T91/><D76/><U1/><E1/><V127/><F127/><W0/><G0/><T18/><D23/><N who="1" m="13679" /><E130/><V40/><F40/><W73/><G73/><T69/><D69/><U28/><E123/><V114/><F114/><W96/><G96/><AGARI ba="1,0" hai="21,27,28,92,95,96,97,100,101,102,103" m="13679" machi="96" ten="30,3900,0" yaku="8,1,52,2" doraHai="89" who="1" fromWho="3" sc="462,0,99,42,212,0,227,-42" /><INIT seed="7,0,0,1,4,6" ten="462,141,212,185" oya="3" hai0="80,84,90,40,72,99,19,23,32,126,2,10,8" hai1="102,130,33,135,97,62,53,46,34,60,73,36,100" hai2="101,22,59,30,133,9,49,76,82,118,92,129,37" hai3="120,58,68,24,66,54,95,0,57,16,110,70,88"/><W12/><G0/><T107/><D32/><U29/><E73/><V83/><F37/><W108/><G120/><T105/><D126/><U1/><E1/><V15/><F118/><W104/><G24/><T91/><D107/><U27/><E135/><V45/><F59/><W11/><G104/><T43/><D2/><U123/><E123/><V94/><F129/><W93/><G95/><N who="0" m="56831" /><D72/><U109/><E109/><N who="3" m="42090" /><G66/><T103/><D103/><U61/><E130/><V64/><F64/><W3/><G3/><T114/><D114/><U96/><E34/><V35/><F35/><W71/><G54/><T115/><D115/><U44/><E36/><V119/><F94/><W85/><AGARI ba="0,0" hai="11,12,16,57,58,68,70,71,85,88,93" m="42090" machi="85" ten="40,12000,1" yaku="10,1,52,1,54,2" doraHai="6" who="3" fromWho="3" sc="462,-40,141,-40,212,-40,185,120" /><INIT seed="7,1,0,0,1,134" ten="422,101,172,305" oya="3" hai0="1,72,100,25,87,107,86,26,2,76,13,93,18" hai1="96,112,85,124,31,122,28,36,106,30,62,39,71" hai2="84,126,133,61,73,132,117,53,64,52,20,79,116" hai3="101,83,19,47,51,114,58,102,128,9,33,130,29"/><W105/><G114/><T67/><D1/><U70/><E122/><V110/><F20/><W89/><G58/><T99/><D2/><U81/><E112/><V35/><F84/><N who="3" m="50335" /><G29/><T68/><D87/><U135/><E135/><N who="2" m="51787" /><F35/><W92/><G33/><T48/><D67/><U131/><E131/><N who="3" m="50218" /><G92/><T69/><D68/><U34/><E34/><V120/><F110/><W54/><G105/><T21/><D69/><U129/><E129/><V80/><F120/><W10/><G10/><T5/><D5/><U57/><E106/><V113/><F113/><W82/><G82/><N who="0" m="45319" /><D48/><U15/><E96/><V90/><F90/><AGARI ba="1,0" hai="13,18,21,25,26,86,90,93,99,100,107" m="45319" machi="90" ten="30,1000,0" yaku="24,1" doraHai="134" who="0" fromWho="2" sc="422,13,101,0,172,-13,305,0" owari="435,53.0,101,-40.0,159,-24.0,305,11.0" /></mjloggm>