<mjloggm ver="2.3"><GO type="41" lobby="0"/><UN n0="%E5%B0%B1%E6%B4%BB%E7%94%9F%40%E5%B7%9D%E6%9D%91%E8%BB%8D%E5%9B%A3" n1="%E3%81%AF%E3%81%A3%E3%81%B1%E3%81%AE%E3%81%B1" n2="%E6%B5%81%E7%9F%B3%EF%BC%81%EF%BC%81" n3="%68%75%77%61%32%30%31%36" dan="14,15,16,14" rate="1968.38,1946.33,2081.95,1917.18" sx="M,M,M,M"/><TAIKYOKU oya="0"/><INIT seed="0,0,0,4,3,58" ten="250,250,250,250" oya="0" hai0="80,45,87,50,78,106,7,77,14,59,27,67,134" hai1="90,21,42,63,103,56,48,23,25,38,117,111,29" hai2="65,44,88,126,122,69,128,73,110,3,130,114,113" hai3="51,95,8,53,62,76,131,86,9,101,107,61,6"/><T39/><D106/><U125/><E117/><V1/><F44/><W2/><G131/><N who="2" m="50217" /><F65/><W135/><G135/><T12/><D134/><U99/><E38/><V83/><F69/><W121/><G121/><T71/><D71/><U43/><E48/><V36/><F36/><W47/><G9/><T60/><D39/><U119/><E119/><V15/><F73/><W98/><REACH who="3" step="1"/><G95/><REACH who="3" ten="250,250,250,240" step="2"/><T133/><D133/><U54/><E125/><V127/><F122/><W55/><G55/><N who="0" m="30159" /><D7/><U26/><E43/><V115/><F110/><W84/><G84/><T11/><D11/><U64/><E42/><V123/><F123/><W13/><G13/><N who="0" m="5227" /><D27/><U16/><E111/><V118/><F118/><W116/><G116/><T10/><D10/><U79/><E54/><V57/><F15/><W112/><G112/><T75/><D75/><U93/><E79/><AGARI ba="0,1" hai="59,60,67,77,78,79,80,87" m="5227,30159" machi="79" ten="30,2900,0" yaku="8,1,52,1" doraHai="58" who="0" fromWho="1" sc="250,39,250,-29,250,0,240,0" /><INIT seed="0,1,0,4,4,121" ten="289,221,250,240" oya="0" hai0="134,52,9,70,120,25,13,26,119,57,96,44,94" hai1="85,18,15,3,129,86,102,1,116,115,21,135,84" hai2="54,19,78,16,56,30,108,63,2,8,98,103,41" hai3="112,122,73,83,38,82,75,50,10,79,55,14,110"/><T131/><D120/><U12/><E116/><V68/><F68/><W67/><G38/><T27/><D70/><U48/><E102/><V61/><F30/><W64/><G122/><T43/><D119/><U35/><E35/><V7/><F78/><W125/><G112/><T76/><D131/><U90/><E129/><V49/><F108/><W62/><G125/><T66/><D134/><U53/><E135/><V87/><F87/><W77/><G110/><T81/><D66/><U128/><E115/><V4/><F4/><W36/><G36/><T34/><D34/><U118/><E15/><V126/><F126/><W37/><G37/><T40/><D44/><U45/><E128/><V80/><F80/><W20/><G20/><T51/><D81/><U6/><E118/><V28/><F28/><W59/><REACH who="3" step="1"/><G62/><REACH who="3" ten="289,221,250,230" step="2"/><T130/><D130/><U60/><E60/><V23/><F63/><W24/><G24/><T104/><D104/><U0/><REACH who="1" step="1"/><E90/><REACH who="1" ten="289,211,250,230" step="2"/><V17/><F61/><W100/><G100/><N who="0" m="60439" /><D76/><U39/><E39/><V33/><F33/><W92/><G92/><T29/><D29/><U31/><E31/><V71/><F71/><W47/><G47/><T101/><D101/><U99/><E99/><V69/><F69/><W88/><G88/><T127/><D127/><U11/><AGARI ba="1,2" hai="0,1,3,6,11,12,18,21,45,48,53,84,85,86" machi="11" ten="30,2000,0" yaku="1,1,0,1,53,0" doraHai="121" doraHaiUra="106" who="1" fromWho="1" sc="289,-11,211,43,250,-6,230,-6" /><INIT seed="1,0,0,4,2,27" ten="278,254,244,224" oya="1" hai0="134,72,123,119,25,26,44,55,66,127,84,132,17" hai1="108,130,12,18,37,5,102,59,79,122,76,111,41" hai2="0,81,19,91,4,78,114,35,22,70,2,113,80" hai3="49,126,48,29,116,133,60,121,104,30,7,40,89"/><U50/><E122/><V98/><F70/><W131/><G121/><T88/><D72/><U120/><E120/><V94/><F35/><W67/><G104/><T61/><D119/><U77/><E37/><V36/><F36/><W13/><G116/><T15/><D123/><U64/><E102/><V69/><F69/><W105/><G105/><T21/><D44/><U71/><E71/><V117/><F117/><W24/><G131/><T74/><D55/><U46/><E5/><V125/><F125/><W65/><G126/><T115/><D74/><U6/><E6/><V96/><F96/><W45/><G133/><N who="0" m="51307" /><D115/><N who="2" m="44042" /><F4/><W56/><G67/><T38/><D38/><U23/><E130/><V129/><F129/><W53/><G24/><T28/><D127/><U109/><E59/><V86/><F80/><W16/><G89/><T92/><D26/><AGARI ba="0,0" hai="0,2,19,22,26,78,81,86,91,94,98" m="44042" machi="26" ten="30,1000,0" yaku="11,1" doraHai="27" who="2" fromWho="0" sc="278,-10,254,0,244,10,224,0" /><INIT seed="2,0,0,3,1,109" ten="268,254,254,224" oya="2" hai0="64,77,75,37,39,103,78,56,42,43,53,10,9" hai1="104,112,58,117,92,60,98,71,44,54,24,101,90" hai2="85,99,135,18,87,25,95,59,110,29,67,111,69" hai3="52,48,79,0,12,4,89,123,34,61,134,130,114"/><V116/><F116/><W97/><G123/><T68/><D103/><U14/><E117/><V113/><F69/><W93/><G34/><T2/><D68/><U30/><E14/><V100/><F135/><W28/><G134/><T21/><D64/><U118/><E118/><V22/><F18/><W83/><G130/><T36/><D21/><U31/><E71/><V26/><F26/><W3/><G28/><T122/><D122/><U125/><E125/><V45/><F45/><W38/><G38/><T119/><D119/><U129/><E129/><V84/><REACH who="2" step="1"/><F113/><REACH who="2" ten="268,254,244,224" step="2"/><W126/><G114/><T46/><D10/><U32/><E112/><V1/><F1/><W7/><G0/><T20/><D9/><U40/><E24/><V74/><F74/><W131/><G131/><T35/><D2/><U128/><E128/><V16/><F16/><W76/><G3/><T11/><D11/><U133/><E133/><V102/><F102/><W63/><G126/><T94/><D75/><U121/><E121/><V51/><F51/><W57/><G12/><T88/><D35/><U96/><E32/><V15/><F15/><W107/><G61/><AGARI ba="0,1" hai="22,25,29,59,61,67,84,85,87,95,99,100,110,111" machi="61" ten="40,7700,0" yaku="1,1,25,2,53,0" doraHai="109" doraHaiUra="127" who="2" fromWho="3" sc="268,0,254,0,244,87,224,-77" /><INIT seed="2,1,0,0,1,16" ten="268,254,331,147" oya="2" hai0="91,73,69,113,37,57,63,125,0,75,45,17,87" hai1="42,101,49,77,39,30,128,108,134,74,61,40,122" hai2="35,58,13,55,96,84,44,18,111,10,72,25,7" hai3="112,89,1,132,66,5,14,127,131,79,120,28,56"/><V27/><F72/><W32/><G120/><T123/><D0/><U80/><E39/><V90/><F35/><W83/><G1/><T93/><D123/><U47/><E122/><V107/><F111/><W31/><G112/><T8/><D69/><U3/><E3/><V36/><F36/><W82/><G127/><T71/><D113/><U34/><E128/><V86/><F44/><W116/><G116/><T38/><D71/><U54/><E134/><V115/><F115/><W124/><G132/><T22/><D125/><U121/><E121/><V104/><F104/><W52/><G124/><T9/><D37/><U95/><E108/><V118/><F118/><W130/><G32/><T19/><D19/><U117/><E117/><V129/><F129/><N who="3" m="49163" /><G66/><T85/><D85/><N who="2" m="32874" /><F107/><W99/><G79/><T20/><D73/><U105/><E105/><V68/><F68/><W46/><G46/><T4/><D75/><U51/><E34/><V100/><F100/><W109/><G109/><T78/><D78/><U133/><E133/><V67/><F67/><W119/><G119/><T106/><D106/><U33/><E47/><V15/><F96/><W29/><G89/><T53/><D38/><U48/><E33/><V114/><F90/><W24/><G99/><T103/><D103/><U126/><E126/><V26/><F114/><W11/><G24/><T97/><D87/><U70/><E70/><V2/><F18/><W64/><G64/><T81/><D45/><U92/><E101/><V21/><F21/><N who="0" m="8298" /><D81/><U102/><E102/><V76/><F76/><W50/><AGARI ba="1,0" hai="5,11,14,28,29,31,50,52,56,82,83" m="49163" machi="50" ten="30,2000,0" yaku="19,1,54,1" doraHai="16" who="3" fromWho="3" sc="268,-6,254,-6,331,-11,147,23" /><INIT seed="3,0,0,2,4,107" ten="262,248,320,170" oya="3" hai0="62,109,5,27,68,16,105,87,121,37,23,66,64" hai1="70,122,92,7,63,40,78,73,19,100,44,91,46" hai2="75,131,1,13,12,125,60,97,31,83,9,115,95" hai3="94,90,14,128,114,129,67,11,61,58,71,65,84"/><W36/><G114/><T127/><D109/><U54/><E122/><V106/><F115/><W89/><G36/><T124/><D121/><U96/><E7/><V45/><F106/><W10/><G10/><T21/><D105/><U98/><E19/><V72/><F83/><W79/><G79/><T59/><D37/><U42/><E78/><V101/><F31/><W41/><G41/><T119/><D5/><U111/><E111/><V126/><F1/><W120/><G120/><T56/><D119/><U112/><E112/><V81/><F81/><W4/><G71/><T110/><D110/><U39/><E96/><V20/><F131/><N who="3" m="50251" /><G90/><T130/><D130/><U57/><E70/><V30/><F60/><W117/><G117/><T135/><D135/><U26/><E26/><N who="2" m="16711" /><F45/><W103/><G103/><T108/><D108/><U24/><E24/><V118/><F118/><W18/><G18/><T93/><D23/><U53/><E100/><V74/><F9/><W49/><G49/><T102/><D66/><AGARI ba="0,0" hai="4,11,14,58,61,65,66,67,84,89,94" m="50251" machi="66" ten="30,1500,0" yaku="19,1" doraHai="107" who="3" fromWho="0" sc="262,-15,248,0,320,0,170,15" /><INIT seed="3,1,0,5,1,22" ten="247,248,320,185" oya="3" hai0="9,24,61,116,104,121,56,130,58,79,55,131,60" hai1="105,43,72,66,53,51,1,76,98,82,88,35,37" hai2="49,132,57,129,135,109,122,85,16,83,46,11,128" hai3="70,41,99,102,96,18,92,134,44,14,73,103,8"/><W4/><G134/><N who="2" m="51241" /><F109/><W63/><G73/><T97/><D116/><U110/><E110/><V40/><F57/><W48/><G70/><T100/><D121/><U32/><E66/><V117/><F117/><W25/><G63/><T127/><D127/><U31/><E1/><V75/><F75/><W0/><G0/><T34/><D79/><U68/><E68/><V113/><F113/><W123/><G123/><T30/><REACH who="0" step="1"/><D9/><REACH who="0" ten="237,248,320,185" step="2"/><U91/><E76/><N who="2" m="46311" /><F122/><W89/><REACH who="3" step="1"/><G99/><REACH who="3" ten="237,248,320,175" step="2"/><T42/><D42/><U28/><E43/><V106/><F40/><W38/><G38/><T94/><D94/><U71/><E98/><V80/><F106/><W125/><G125/><T10/><D10/><U115/><E105/><V118/><F11/><W45/><G45/><T67/><AGARI ba="1,2" hai="24,30,34,55,56,58,60,61,67,97,100,104,130,131" machi="67" ten="30,4000,0" yaku="1,1,0,1,52,1,53,0" doraHai="22" doraHaiUra="90" who="0" fromWho="0" sc="237,63,248,-11,320,-11,175,-21" /><INIT seed="4,0,0,2,5,30" ten="300,237,309,154" oya="0" hai0="33,72,103,26,13,2,34,46,120,56,113,100,70" hai1="8,45,6,9,47,92,110,133,36,125,48,93,122" hai2="54,43,114,105,97,123,134,12,90,80,35,40,84" hai3="118,82,77,102,108,66,111,10,130,15,127,58,1"/><T94/><D70/><U75/><E75/><V78/><F123/><W109/><G118/><T131/><D2/><U38/><E122/><V64/><F64/><W83/><G1/><T119/><D72/><U74/><E74/><V79/><F105/><W61/><G130/><T115/><D120/><U23/><E125/><V29/><F114/><N who="0" m="43530" /><D119/><U28/><E133/><V37/><F12/><W7/><G127/><T87/><D131/><U67/><E67/><V101/><F54/><W49/><G102/><N who="0" m="38955" /><D26/><U60/><E60/><V107/><F134/><W24/><G77/><T5/><D46/><U95/><E47/><V25/><F37/><W106/><G106/><T89/><D56/><U55/><E38/><V17/><F17/><W41/><REACH who="3" step="1"/><G24/><REACH who="3" ten="300,237,309,144" step="2"/><T63/><D63/><U98/><E110/><V19/><F79/><W112/><G112/><T86/><D86/><U73/><E73/><V69/><F78/><W91/><G91/><T14/><D14/><U27/><E36/><V124/><F25/><W52/><G52/><T104/><D104/><U68/><E55/><V85/><F107/><W59/><G59/><T121/><D121/><U22/><E68/><V50/><F85/><W18/><G18/><T3/><D3/><U65/><E27/><N who="2" m="18879" /><F19/><W99/><G99/><T116/><D116/><U44/><E98/><V39/><F69/><W57/><G57/><T96/><BYE who="3" /><D96/><UN n3="%68%75%77%61%32%30%31%36" /><U128/><E128/><V21/><F39/><W81/><G81/><T53/><D53/><U62/><E62/><V11/><F97/><W32/><G32/><N who="0" m="12395" /><D13/><U0/><E0/><V132/><F84/><RYUUKYOKU ba="0,1" sc="300,15,237,-15,309,-15,144,15" hai0="5,87,89,94" hai3="7,10,15,41,49,58,61,66,82,83,108,109,111" /><INIT seed="4,1,1,0,4,32" ten="315,222,294,159" oya="0" hai0="17,100,63,49,78,93,5,76,58,11,120,116,6" hai1="9,99,88,81,44,69,67,45,131,79,64,132,125" hai2="54,42,8,128,90,91,19,22,71,30,38,101,103" hai3="72,123,65,126,89,41,109,40,74,105,47,51,16"/><T114/><D116/><U13/><E125/><V31/><F71/><W50/><G105/><T15/><D120/><U57/><E131/><V29/><F38/><W1/><G123/><T3/><D114/><U122/><E132/><V87/><F128/><W95/><G126/><T2/><D49/><U121/><E121/><V66/><F42/><W10/><G109/><T12/><D100/><N who="2" m="38474" /><F8/><W52/><G65/><T14/><D93/><U75/><E122/><V39/><F39/><W4/><G16/><T27/><D27/><U33/><E33/><V94/><F66/><W104/><G104/><T34/><D34/><U135/><E135/><V129/><F129/><W97/><REACH who="3" step="1"/><G41/><REACH who="3" ten="315,222,294,149" step="2"/><T53/><D17/><U23/><E67/><V73/><F19/><W61/><G61/><T60/><D60/><U124/><E64/><V106/><F106/><W7/><G7/><T77/><REACH who="0" step="1"/><D6/><REACH who="0" ten="305,222,294,149" step="2"/><U59/><E124/><V80/><F30/><W130/><G130/><T46/><D46/><AGARI ba="1,3" hai="1,4,10,40,46,47,50,51,52,72,74,89,95,97" machi="46" ten="30,7700,0" yaku="1,1,7,1,52,1,54,1,53,0" doraHai="32" doraHaiUra="108" who="3" fromWho="0" sc="305,-80,222,0,294,0,149,110" /><INIT seed="5,0,0,4,4,15" ten="225,222,294,259" oya="1" hai0="108,104,1,99,46,43,133,7,84,60,64,35,89" hai1="28,59,83,38,91,80,128,121,29,106,39,124,10" hai2="97,34,48,126,22,55,71,134,75,107,74,100,70" hai3="94,16,56,90,101,51,118,6,5,36,85,105,68"/><U103/><E121/><V11/><F34/><W86/><G68/><T66/><D108/><U82/><E128/><V52/><F71/><W37/><G118/><T129/><D129/><U62/><E124/><V23/><F70/><W63/><G51/><T24/><D133/><U135/><E135/><V81/><F11/><W78/><G105/><T73/><D73/><U45/><E10/><V0/><F0/><W65/><G101/><T42/><D1/><U96/><E91/><V2/><F2/><W112/><G112/><T79/><D7/><U20/><E45/><V41/><F134/><W61/><G61/><T95/><D60/><U14/><E29/><V117/><F117/><W116/><G116/><T58/><D58/><U53/><REACH who="1" step="1"/><E28/><REACH who="1" ten="225,212,294,259" step="2"/><V8/><F8/><W115/><G115/><T92/><D46/><U120/><E120/><V25/><F126/><W21/><G5/><T77/><D43/><U130/><E130/><V13/><F41/><W54/><G6/><T93/><D42/><U57/><E57/><V87/><F100/><W40/><G40/><T88/><D79/><U17/><AGARI ba="0,1" hai="14,17,20,38,39,53,59,62,80,82,83,96,103,106" machi="17" ten="30,6000,0" yaku="1,1,0,1,52,1,53,0" doraHai="15" doraHaiUra="32" who="1" fromWho="1" sc="225,-20,212,70,294,-20,259,-20" /><INIT seed="5,1,0,3,2,67" ten="205,282,274,239" oya="1" hai0="99,121,68,95,57,73,25,44,17,36,45,74,93" hai1="90,78,0,8,117,15,28,77,46,62,85,81,61" hai2="107,24,84,20,27,49,110,127,122,100,135,47,106" hai3="132,120,26,9,34,32,51,38,59,134,21,69,55"/><U56/><E0/><V113/><F110/><W48/><G38/><T108/><D108/><U43/><E117/><V37/><F122/><W131/><G120/><T97/><D121/><U82/><E28/><V123/><F123/><W33/><G131/><T114/><D114/><U19/><E56/><V105/><F37/><W125/><G125/><T103/><D57/><U63/><REACH who="1" step="1"/><E82/><REACH who="1" ten="205,272,274,239" step="2"/><V119/><F119/><W118/><G118/><T66/><D66/><U40/><E40/><V70/><F127/><W96/><G134/><T23/><D68/><U102/><E102/><V64/><F135/><W18/><G132/><T65/><D65/><U129/><E129/><V112/><F100/><W29/><G69/><T50/><D36/><AGARI ba="1,1" hai="8,15,19,36,43,46,61,62,63,77,78,81,85,90" machi="36" ten="40,2000,0" yaku="1,1,53,0" doraHai="67" doraHaiUra="30" who="1" fromWho="0" sc="205,-23,272,33,274,0,239,0" /><INIT seed="5,2,0,3,2,21" ten="182,305,274,239" oya="1" hai0="10,42,131,62,59,123,55,34,4,80,65,108,106" hai1="9,38,86,122,57,23,133,98,29,61,115,41,109" hai2="113,6,103,51,53,69,52,87,0,5,95,7,97" hai3="90,101,36,132,79,126,60,30,8,125,22,31,46"/><U92/><E109/><V102/><F69/><W105/><G132/><T11/><D108/><U63/><E133/><V118/><F118/><W54/><G79/><T49/><D106/><U43/><E38/><V58/><F0/><W66/><G105/><T75/><D123/><U28/><E9/><V32/><F32/><W39/><G101/><T14/><D131/><U25/><E29/><V12/><F113/><W96/><G8/><T82/><D34/><U74/><E74/><V17/><F87/><W129/><G129/><T35/><D35/><U70/><E70/><V100/><REACH who="2" step="1"/><F53/><REACH who="2" ten="182,305,264,239" step="2"/><W135/><G54/><T45/><D75/><U88/><E115/><V83/><F83/><W40/><G135/><T71/><REACH who="0" step="1"/><D11/><AGARI ba="2,1" hai="5,6,7,11,12,17,51,52,58,95,97,100,102,103" machi="11" ten="40,5200,0" yaku="1,1,8,1,54,1,53,0" doraHai="21" doraHaiUra="20" who="2" fromWho="0" sc="182,-58,305,0,264,68,239,0" /><INIT seed="6,0,0,1,5,74" ten="124,305,332,239" oya="2" hai0="93,113,90,18,34,26,130,91,105,17,56,35,45" hai1="10,83,126,7,48,25,103,99,124,134,16,41,3" hai2="37,77,102,86,27,49,114,88,132,131,23,64,112" hai3="44,9,120,53,66,55,15,106,70,78,75,67,46"/><V60/><F37/><W6/><G106/><T128/><D105/><U54/><E134/><V80/><F132/><W63/><G120/><T123/><D45/><U22/><E41/><V101/><F131/><W72/><G67/><T43/><D43/><U94/><E83/><V107/><F49/><W117/><G117/><T104/><D104/><U92/><E92/><V108/><F108/><W28/><G28/><T5/><D5/><U39/><E39/><V30/><F88/><W109/><G109/><T20/><D56/><U119/><E119/><V31/><F31/><W4/><G4/><T133/><D133/><U47/><AGARI ba="0,0" hai="3,7,10,16,22,25,47,48,54,94,99,103,124,126" machi="47" ten="30,2000,0" yaku="0,1,54,1" doraHai="74" who="1" fromWho="1" sc="124,-5,305,20,332,-10,239,-5" /><INIT seed="7,0,0,2,3,50" ten="119,325,322,234" oya="3" hai0="11,65,2,42,133,93,62,36,54,128,121,100,10" hai1="38,27,59,127,25,102,66,103,12,64,20,77,16" hai2="52,91,119,19,83,98,113,115,124,94,71,3,14" hai3="111,79,9,132,45,60,4,7,46,28,117,116,85"/><W5/><G132/><T1/><D121/><U107/><E38/><V99/><F119/><W44/><G111/><T95/><D128/><U89/><E77/><V104/><F3/><W33/><G9/><T84/><D133/><U49/><E107/><V125/><F71/><W39/><G39/><T51/><D36/><U114/><E114/><N who="2" m="43531" /><F83/><W24/><G79/><T31/><D42/><U15/><E127/><N who="2" m="48715" /><F52/><W96/><G96/><T72/><D72/><U123/><E123/><V0/><F0/><W17/><G17/><T74/><D31/><U37/><E37/><V75/><F75/><W26/><G26/><N who="1" m="9738" /><E15/><V8/><F104/><W35/><G85/><AGARI ba="0,0" hai="8,14,19,85,91,94,98,99" m="48715,43531" machi="85" ten="30,2000,0" yaku="15,1,18,1" doraHai="50" who="2" fromWho="3" sc="119,0,325,0,322,20,234,-20" owari="119,-38.0,325,13.0,342,44.0,214,-19.0" /></mjloggm>