<mjloggm ver="2.3"><GO type="41" lobby="0"/><UN n0="%E3%83%90%E3%83%AA%E3%83%83%E3%82%B5" n1="%E5%B0%B1%E6%B4%BB%E7%94%9F%40%E5%B7%9D%E6%9D%91%E8%BB%8D%E5%9B%A3" n2="%E3%81%97%E3%82%89%E3%82%86%E3%81%8D%E2%99%AA" n3="%6D%61%6B%65%6F%76%65%72" dan="14,15,14,14" rate="1973.95,2027.62,1903.58,1975.63" sx="M,M,M,M"/><TAIKYOKU oya="0"/><INIT seed="0,0,0,4,5,117" ten="250,250,250,250" oya="0" hai0="69,131,5,35,93,33,32,61,126,101,104,59,97" hai1="112,72,83,67,51,108,7,77,128,21,0,46,76" hai2="16,15,133,27,25,38,121,75,135,119,127,100,45" hai3="1,37,124,122,88,29,73,28,94,86,12,56,3"/><T42/><D69/><U17/><E112/><V120/><F75/><W2/><G37/><T52/><D126/><U47/><E128/><V116/><F100/><W58/><G73/><T54/><D131/><U55/><E108/><V102/><F102/><W68/><G68/><T80/><D42/><U39/><E77/><V81/><F81/><W70/><G70/><T89/><D80/><U85/><E67/><V31/><F38/><W4/><G124/><T134/><D5/><U34/><E34/><V43/><F43/><W60/><G122/><N who="2" m="47209" /><F45/><W123/><G123/><T18/><D18/><U49/><E39/><V114/><F127/><W62/><G58/><T20/><D20/><U111/><E111/><V129/><F114/><W90/><G62/><T118/><D118/><N who="2" m="45098" /><F129/><W71/><G71/><T23/><D23/><U95/><E95/><V41/><F41/><W11/><REACH who="3" step="1"/><G90/><REACH who="3" ten="250,250,250,240" step="2"/><T125/><D125/><U9/><E47/><V79/><F79/><W98/><G98/><T30/><D89/><U113/><E46/><V105/><F105/><W50/><G50/><T19/><D104/><U53/><E51/><V63/><F63/><W13/><G13/><T57/><D61/><U99/><E49/><V26/><F31/><W110/><G110/><T84/><D30/><U103/><E113/><V106/><F106/><W109/><G109/><T10/><D101/><U66/><E76/><V24/><N who="2" m="6144" /><DORA hai="22" /><V82/><F82/><W48/><G48/><T65/><D33/><U8/><E83/><V96/><F96/><W74/><G74/><T107/><D32/><U6/><E99/><RYUUKYOKU ba="0,1" sc="250,-15,250,-15,250,15,240,15" hai2="15,16,133,135" hai3="1,2,3,4,11,12,28,29,56,60,86,88,94" /><INIT seed="1,1,1,0,1,29" ten="235,235,265,255" oya="1" hai0="133,69,80,26,68,120,134,71,49,46,91,81,100" hai1="84,47,57,78,7,11,109,88,102,12,113,65,27" hai2="32,74,125,104,14,18,87,62,128,2,33,114,129" hai3="86,38,3,54,58,15,72,36,127,17,119,76,21"/><U105/><E113/><V96/><F2/><W35/><G3/><T34/><D120/><U135/><E135/><N who="0" m="51721" /><D100/><U31/><E109/><V42/><F74/><W13/><G127/><T61/><D61/><U70/><E78/><V52/><F42/><W111/><G111/><T66/><D66/><U123/><E123/><V56/><F114/><W8/><G35/><T5/><D5/><U9/><E9/><N who="2" m="6479" /><F125/><W116/><G72/><T106/><D106/><U22/><E70/><V97/><F87/><W79/><G86/><T48/><D91/><U51/><E105/><V43/><F43/><W0/><G0/><T121/><D121/><U103/><E57/><V107/><F107/><W83/><G79/><T59/><D59/><U101/><E65/><V39/><F39/><W131/><G76/><T55/><D48/><U41/><REACH who="1" step="1"/><E103/><REACH who="1" ten="235,225,265,255" step="2"/><V122/><F104/><W93/><G116/><T23/><D69/><U117/><E117/><V16/><F122/><W92/><G119/><T4/><D71/><U45/><E45/><V130/><F16/><W89/><G17/><T20/><D68/><U6/><E6/><V30/><F30/><W132/><G132/><T118/><D4/><U75/><E75/><V85/><F85/><W99/><G58/><T126/><D118/><U110/><E110/><V77/><F77/><W124/><G124/><T40/><D126/><U115/><E115/><V94/><F97/><W1/><G99/><T67/><D67/><U64/><E64/><V98/><F98/><W60/><G89/><AGARI ba="1,2" hai="32,33,52,56,62,89,94,96,128,129,130" m="6479" machi="89" ten="30,7700,0" yaku="19,1,52,2,54,1" doraHai="29" who="2" fromWho="3" sc="235,0,225,0,265,100,255,-80" /><INIT seed="2,0,0,4,3,62" ten="235,225,365,175" oya="2" hai0="51,55,134,13,6,42,129,60,127,3,109,91,63" hai1="123,85,19,28,106,82,49,56,7,14,113,36,90" hai2="77,10,87,120,46,48,89,69,57,47,17,18,1" hai3="92,100,122,37,50,135,126,66,5,80,76,9,16"/><V133/><F69/><W64/><G122/><T71/><D3/><U84/><E36/><V88/><F120/><W29/><G37/><T39/><D109/><U15/><E106/><V34/><F34/><W78/><G29/><T33/><D33/><U21/><E113/><V112/><F112/><W31/><G31/><T67/><D134/><U38/><E38/><V83/><F133/><W107/><G107/><T94/><D127/><U111/><E111/><V4/><F57/><W121/><G121/><T70/><D129/><U73/><E123/><V61/><F61/><W30/><G30/><T20/><D42/><U35/><E73/><V103/><F103/><W105/><G105/><T32/><D39/><U125/><E125/><V118/><F118/><W79/><G135/><T72/><D32/><U0/><E0/><V102/><F102/><W58/><G126/><T114/><D72/><U12/><E28/><V44/><F48/><W2/><G80/><T115/><D20/><U98/><E7/><V75/><REACH who="2" step="1"/><F89/><REACH who="2" ten="235,225,355,175" step="2"/><W101/><G58/><T117/><D117/><U124/><E49/><V74/><F74/><W41/><G101/><T22/><D115/><U53/><E90/><V59/><F59/><W131/><G100/><T68/><D114/><U8/><E56/><V45/><N who="2" m="11264" /><DORA hai="40" /><V132/><F132/><W96/><G50/><T128/><D70/><U52/><E35/><V81/><AGARI ba="0,1" hai="1,4,10,17,18,75,77,81,83,87,88" m="11264" machi="81" ten="40,18000,2" yaku="1,1,0,1,52,4,54,1,53,0" doraHai="62,40" doraHaiUra="110,65" who="2" fromWho="2" sc="235,-60,225,-60,355,190,175,-60" /><INIT seed="2,1,0,1,2,91" ten="175,165,545,115" oya="2" hai0="108,121,76,84,128,122,111,126,8,27,78,125,9" hai1="69,19,55,87,4,59,60,7,32,114,109,11,97" hai2="80,117,17,3,30,1,53,40,82,43,110,2,71" hai3="61,86,31,90,64,95,49,72,34,75,70,29,127"/><V28/><F71/><W133/><G133/><T42/><D27/><U24/><E114/><V88/><F117/><W104/><G127/><T25/><D25/><U14/><E109/><V37/><F37/><W22/><G104/><T73/><D42/><U50/><E32/><V47/><F17/><W23/><G34/><T102/><D102/><U39/><E39/><V18/><F18/><W123/><G123/><T105/><D105/><U130/><E130/><V79/><F110/><W116/><G116/><T93/><D84/><U107/><E107/><V46/><F53/><W120/><G120/><T112/><D128/><U67/><E97/><V96/><F96/><W54/><G31/><T63/><D63/><U5/><E87/><V48/><F79/><W51/><G51/><T62/><D62/><U99/><E99/><V44/><F48/><W92/><G29/><T85/><D85/><U113/><E113/><V129/><F129/><W21/><REACH who="3" step="1"/><G92/><REACH who="3" ten="175,165,545,105" step="2"/><T66/><D112/><U36/><E36/><V135/><F135/><W106/><G106/><T68/><D93/><U100/><E100/><V15/><F30/><W26/><G26/><T134/><D134/><U81/><E24/><V10/><F28/><W119/><G119/><T16/><D126/><U103/><E103/><V124/><F124/><W94/><G94/><T74/><D125/><U77/><E81/><V56/><F80/><W52/><G52/><T118/><D118/><U57/><E77/><V41/><F82/><W12/><G12/><T115/><D115/><U83/><E83/><V89/><F15/><W33/><G33/><RYUUKYOKU ba="1,1" sc="175,-15,165,15,545,-15,105,15" hai1="4,5,7,11,14,19,50,55,57,59,60,67,69" hai3="21,22,23,49,54,61,64,70,72,75,86,90,95" /><INIT seed="3,2,1,3,3,114" ten="160,180,530,120" oya="3" hai0="100,79,70,27,119,94,128,108,105,24,116,52,7" hai1="61,15,126,135,98,89,76,74,113,80,19,99,132" hai2="50,115,57,68,32,122,69,93,5,20,41,26,90" hai3="131,4,11,130,12,103,86,47,77,51,88,38,0"/><W60/><G103/><T9/><D105/><U127/><E61/><V110/><F32/><W59/><G38/><T25/><D70/><U81/><E113/><V62/><F5/><W54/><G77/><T14/><D108/><U65/><E65/><V58/><F110/><W39/><G39/><T125/><D125/><N who="1" m="47627" /><E15/><V40/><F122/><W10/><G10/><T104/><D104/><U117/><E19/><V21/><F115/><W42/><REACH who="3" step="1"/><G12/><REACH who="3" ten="160,180,530,110" step="2"/><T1/><D79/><N who="1" m="44151" /><E89/><V97/><F26/><W112/><G112/><T82/><D14/><U63/><E63/><V55/><F62/><W64/><G64/><T44/><D24/><U16/><E117/><V129/><F69/><W123/><G123/><T28/><D25/><U46/><E76/><V118/><F118/><W120/><G120/><T71/><D27/><U91/><E91/><V87/><F90/><W49/><G49/><T66/><D116/><U45/><E135/><V3/><F50/><W102/><G102/><T2/><D119/><U73/><E132/><V33/><F68/><W30/><G30/><T56/><D71/><U133/><E133/><V35/><F35/><W67/><G67/><T78/><D28/><U43/><E73/><V121/><F33/><W18/><G18/><T95/><D66/><U124/><E16/><V34/><F121/><W101/><G101/><T53/><D100/><U13/><E13/><V75/><F34/><W8/><G8/><T92/><D9/><U36/><E124/><V22/><F75/><W48/><G48/><T111/><D78/><U134/><E134/><V106/><F106/><RYUUKYOKU ba="2,2" sc="160,-10,180,-10,530,-10,110,30" hai3="0,4,11,42,47,51,54,59,60,86,88,130,131" /><INIT seed="3,3,2,3,5,113" ten="150,170,520,140" oya="3" hai0="38,17,120,73,26,2,1,114,90,11,50,119,34" hai1="25,63,7,135,105,21,98,32,13,108,15,117,115" hai2="118,29,128,75,82,110,95,23,36,112,77,40,121" hai3="61,101,111,71,8,130,74,83,94,88,86,5,70"/><W46/><G130/><T12/><D38/><U31/><E115/><V18/><F29/><W58/><G46/><T30/><D114/><U129/><E129/><V84/><F128/><W78/><G111/><T69/><D120/><U81/><E108/><V49/><F36/><W76/><G76/><T126/><D69/><U44/><E135/><V106/><F106/><W57/><G101/><T67/><D67/><U53/><E7/><V47/><F121/><W22/><G22/><T124/><D73/><U132/><E132/><V43/><F112/><W55/><REACH who="3" step="1"/><G58/><REACH who="3" ten="150,170,520,130" step="2"/><T20/><D90/><U35/><E44/><V72/><F110/><W66/><G66/><T116/><D50/><U99/><E21/><V122/><F49/><W102/><G102/><T54/><D54/><U56/><E53/><V97/><F47/><W127/><G127/><N who="0" m="48683" /><D20/><U85/><E56/><V6/><F23/><W68/><G68/><T41/><D41/><U109/><E109/><V133/><F77/><W93/><G93/><T33/><D33/><U59/><E59/><V62/><F95/><W107/><G107/><T10/><D11/><U134/><E105/><V92/><F122/><W64/><G64/><T37/><D37/><U80/><E35/><V131/><F92/><W87/><G87/><T103/><D103/><U42/><E85/><V9/><F84/><W3/><AGARI ba="3,3" hai="3,5,8,55,57,61,70,71,74,78,83,86,88,94" machi="3" ten="20,7800,0" yaku="1,1,0,1,7,1,54,1,53,0" doraHai="113" doraHaiUra="60" who="3" fromWho="3" sc="150,-29,170,-29,520,-29,130,117" /><INIT seed="3,4,0,0,2,22" ten="121,141,491,247" oya="3" hai0="105,19,104,54,134,21,12,7,36,100,49,76,78" hai1="106,57,29,66,77,58,111,71,14,119,65,63,123" hai2="97,75,103,39,131,13,37,42,23,67,4,96,70" hai3="52,46,132,62,86,41,129,60,126,116,127,6,95"/><W72/><G72/><T31/><D36/><U26/><E111/><V10/><F75/><W133/><G6/><T68/><D68/><U124/><E119/><V115/><F115/><W11/><G11/><T87/><D134/><N who="3" m="51817" /><G116/><T30/><D105/><U135/><E123/><V91/><F70/><W44/><G95/><T20/><D104/><U18/><E124/><N who="3" m="47658" /><G86/><T82/><D100/><U53/><E135/><V88/><F67/><W108/><G108/><T0/><D0/><U24/><E106/><V92/><F23/><W43/><G52/><T94/><D7/><U45/><E77/><V8/><F8/><W122/><G122/><T27/><D94/><U121/><E121/><V109/><F109/><W85/><G85/><T93/><D93/><U125/><E125/><V59/><F92/><W56/><G56/><N who="0" m="32847" /><D76/><U84/><E71/><V47/><F59/><W40/><G129/><T130/><D130/><U1/><E58/><V16/><F131/><W9/><G9/><T15/><D15/><U38/><E1/><V32/><F4/><W80/><G80/><T99/><D99/><U101/><E84/><V3/><F3/><W83/><G83/><T48/><D48/><U73/><E73/><V2/><F97/><W51/><G51/><T89/><D78/><U61/><E57/><V110/><F2/><W34/><G34/><T25/><D12/><U28/><E53/><V112/><F32/><W113/><G113/><T35/><D35/><U102/><E14/><V64/><F112/><W33/><G33/><T69/><D69/><U114/><E114/><V117/><F110/><RYUUKYOKU ba="4,0" sc="121,15,141,-15,491,-15,247,15" hai0="19,20,21,25,27,30,31,82,87,89" hai3="40,41,43,44,46,60,62" /><INIT seed="3,5,0,1,2,32" ten="136,126,476,262" oya="3" hai0="88,54,69,45,44,29,134,98,0,7,128,104,57" hai1="116,99,96,90,76,36,3,6,126,64,119,47,39" hai2="109,40,72,35,33,93,16,70,11,78,122,120,23" hai3="124,28,129,130,34,113,89,55,133,22,86,117,56"/><W41/><G117/><N who="1" m="45130" /><E126/><V60/><F40/><W30/><G124/><T123/><D69/><U52/><E76/><V67/><F11/><W65/><G113/><T37/><D123/><N who="2" m="47146" /><F109/><W5/><G41/><T71/><D71/><U25/><E64/><V24/><F93/><W73/><G133/><T125/><D125/><U79/><E79/><V61/><F61/><W114/><G73/><T102/><D134/><U50/><E25/><V17/><F17/><W12/><G114/><T95/><D128/><N who="3" m="49257" /><G65/><T21/><D37/><N who="1" m="14411" /><E90/><V9/><F9/><AGARI ba="5,0" hai="3,6,9,47,50,52,96,99" m="14411,45130" machi="9" ten="30,3900,0" yaku="12,1,52,1,54,1" doraHai="32" who="1" fromWho="2" sc="136,0,126,54,476,-54,262,0" /><INIT seed="4,0,0,4,0,6" ten="136,180,422,262" oya="0" hai0="27,13,115,108,60,132,109,81,36,26,21,54,7" hai1="118,49,119,18,2,103,99,86,4,75,76,97,51" hai2="41,128,52,55,61,57,100,93,32,47,64,90,0" hai3="74,22,12,110,63,82,42,130,105,85,98,134,67"/><T117/><D36/><U87/><E75/><V94/><F32/><W20/><G110/><N who="0" m="42603" /><D117/><U28/><E28/><V58/><F0/><W9/><G74/><T17/><D115/><U73/><E73/><V19/><F128/><W44/><G130/><T43/><D43/><U111/><E111/><V84/><F19/><W48/><G134/><T66/><D132/><U113/><E18/><V101/><F93/><W30/><G30/><T16/><D7/><U112/><E4/><V135/><F135/><W104/><G98/><N who="1" m="37386" /><E76/><V114/><F114/><N who="1" m="44137" /><E103/><V96/><F96/><W29/><G29/><T62/><D81/><U24/><E24/><V102/><REACH who="2" step="1"/><F58/><REACH who="2" ten="136,180,412,262" step="2"/><N who="3" m="37367" /><G105/><T83/><D17/><U120/><E2/><V68/><F68/><W50/><G104/><T131/><D131/><U34/><E34/><V133/><F133/><W39/><G39/><AGARI ba="0,1" hai="39,41,47,52,55,57,61,64,84,90,94,100,101,102" machi="39" ten="40,5200,0" yaku="1,1,54,1,53,1" doraHai="6" doraHaiUra="40" who="2" fromWho="3" sc="136,0,180,0,412,62,262,-52" /><INIT seed="5,0,0,2,3,124" ten="136,180,474,210" oya="1" hai0="71,130,41,80,90,82,69,87,70,129,122,6,94" hai1="100,59,77,92,37,63,106,125,18,49,22,13,65" hai2="7,108,93,85,2,20,105,3,135,17,52,116,10" hai3="115,38,14,47,123,102,75,121,133,73,103,95,32"/><U11/><E106/><V40/><F105/><W58/><G32/><T28/><D122/><U84/><E37/><V104/><F104/><W128/><G14/><T119/><D119/><U99/><E125/><V109/><F40/><W23/><G23/><T81/><D28/><U101/><E49/><V62/><F135/><W120/><G58/><T45/><REACH who="0" step="1"/><D6/><REACH who="0" ten="126,180,474,210" step="2"/><U21/><E101/><V117/><F117/><W35/><G103/><T111/><D111/><U8/><E8/><V107/><F109/><W68/><G102/><T39/><AGARI ba="0,1" hai="39,41,45,69,70,71,80,81,82,87,90,94,129,130" machi="39" ten="40,8000,1" yaku="1,1,0,1,52,2,53,0" doraHai="124" doraHaiUra="98" who="0" fromWho="0" sc="126,90,180,-40,474,-20,210,-20" /><INIT seed="6,0,0,2,2,106" ten="216,140,454,190" oya="2" hai0="68,23,12,51,69,62,79,107,85,26,93,63,90" hai1="112,78,84,6,31,20,67,122,13,17,36,76,96" hai2="134,86,44,38,129,109,0,77,120,73,33,53,104" hai3="101,8,94,15,92,132,28,30,39,114,75,83,71"/><V64/><F86/><W22/><G71/><T128/><D107/><U126/><E126/><V135/><F77/><W118/><G39/><T100/><D128/><U113/><E122/><V61/><F64/><W123/><G118/><T1/><D1/><U58/><E36/><V41/><F61/><W34/><G123/><T124/><D124/><U21/><E96/><V88/><F53/><W133/><G34/><T105/><D12/><U82/><E6/><V80/><F88/><W72/><G114/><T115/><D115/><U65/><E112/><V131/><F80/><W50/><G50/><T87/><D105/><U46/><E113/><V81/><F81/><W74/><G22/><T47/><D100/><U35/><E35/><V70/><F44/><W32/><G32/><T42/><D69/><U10/><E78/><V97/><F41/><W37/><G37/><T127/><D127/><U102/><E102/><V108/><F38/><W27/><G27/><T24/><D68/><U57/><E46/><V110/><F70/><W18/><G83/><N who="0" m="47359" /><D26/><U125/><E125/><V95/><F0/><W4/><G101/><T16/><AGARI ba="0,0" hai="16,23,24,42,47,51,62,63,87,90,93" m="47359" machi="16" ten="30,2000,0" yaku="8,1,54,1" doraHai="106" who="0" fromWho="0" sc="216,20,140,-5,454,-10,190,-5" /><INIT seed="7,0,0,1,2,9" ten="236,135,444,185" oya="3" hai0="104,77,61,109,44,42,57,135,0,92,74,26,116" hai1="36,82,93,117,65,22,7,48,51,47,129,50,58" hai2="94,8,78,62,134,14,71,2,67,54,114,122,91" hai3="33,52,16,1,126,49,86,41,106,35,53,45,17"/><W20/><G106/><T111/><D104/><U100/><E117/><V96/><F2/><W55/><G1/><T80/><D116/><U66/><E129/><V60/><F122/><W37/><G126/><T24/><D135/><U101/><E36/><V112/><F78/><W131/><G131/><T88/><D109/><U31/><E7/><V132/><F54/><W95/><G37/><T115/><D111/><U79/><E47/><V27/><F62/><W85/><G35/><T56/><D115/><N who="2" m="44074" /><F27/><N who="3" m="14727" /><G33/><T75/><D75/><U72/><E66/><V89/><F89/><N who="3" m="53679" /><G86/><T87/><D0/><U90/><E65/><V105/><F105/><W130/><G130/><T30/><D61/><U97/><E58/><V81/><F81/><W29/><G29/><T84/><D74/><U19/><REACH who="1" step="1"/><E31/><REACH who="1" ten="236,125,444,185" step="2"/><V5/><AGARI ba="0,1" hai="5,8,14,60,67,71,91,94,96,132,134" m="44074" machi="5" ten="30,2000,0" yaku="15,1,52,1" doraHai="9" who="2" fromWho="2" sc="236,-5,125,-5,444,30,185,-10" owari="231,3.0,120,-38.0,474,57.0,175,-22.0" /></mjloggm>