<mjloggm ver="2.3"><GO type="97" lobby="0"/><UN n0="%43%61%6C%6B%61%6E" n1="%E5%B0%B1%E6%B4%BB%E7%94%9F%40%E5%B7%9D%E6%9D%91%E8%BB%8D%E5%9B%A3" n2="%65%71%6D%6D" n3="%6D%61%6E%61%62%69%72%64" dan="14,16,13,14" rate="1917.83,2100.92,1909.91,1909.52" sx="M,M,M,M"/><TAIKYOKU oya="0"/><INIT seed="0,0,0,2,3,4" ten="250,250,250,250" oya="0" hai0="102,27,14,76,81,49,80,133,56,64,60,111,87" hai1="25,31,36,69,15,51,122,38,125,0,103,47,17" hai2="104,79,117,71,74,83,52,116,2,42,89,106,105" hai3="126,121,54,101,18,55,84,30,75,44,78,119,124"/><T73/><D133/><U40/><E122/><V63/><F42/><W88/><G30/><T7/><D111/><U46/><E0/><V24/><F2/><W114/><G114/><T108/><D108/><U92/><E69/><V129/><F129/><W128/><G128/><T107/><D27/><U9/><E125/><V45/><F24/><W91/><G119/><N who="2" m="45641" /><F89/><W95/><G121/><T130/><D130/><U20/><REACH who="1" step="1"/><E46/><REACH who="1" ten="250,240,250,250" step="2"/><V67/><F45/><W109/><G109/><T28/><D28/><U22/><E22/><V21/><F21/><W120/><G120/><T134/><D134/><U59/><E59/><N who="2" m="35303" /><F67/><W32/><G44/><T3/><D3/><U33/><E33/><V85/><F71/><W11/><G32/><T62/><D64/><U8/><E8/><V112/><F112/><W72/><G11/><T1/><D1/><U53/><E53/><V57/><F57/><W50/><G55/><T65/><D65/><U6/><E6/><V96/><F74/><W34/><G34/><T135/><D135/><U100/><E100/><AGARI ba="0,1" hai="79,83,85,96,100,104,105,106" m="35303,45641" machi="100" ten="30,2000,0" yaku="12,1,54,1" doraHai="4" who="2" fromWho="1" sc="250,0,240,-20,250,30,250,0" /><INIT seed="1,0,0,3,4,96" ten="250,220,280,250" oya="1" hai0="89,135,48,105,33,106,54,31,50,102,116,11,27" hai1="109,93,74,129,3,77,94,124,84,18,123,69,101" hai2="126,29,59,127,25,21,67,113,108,70,79,44,91" hai3="114,10,52,73,100,104,14,39,1,80,81,32,17"/><U34/><E34/><V16/><F108/><W71/><G32/><T13/><D116/><U98/><E3/><V46/><F113/><W115/><G71/><T20/><D135/><U58/><E69/><V6/><F70/><W47/><G1/><T90/><D33/><U42/><E123/><V63/><F79/><W23/><G39/><T30/><D30/><U95/><E74/><V53/><F6/><W51/><G73/><T118/><D118/><U134/><E134/><V133/><F133/><W22/><G115/><T61/><D61/><U76/><E124/><N who="2" m="47659" /><F91/><W41/><G41/><T35/><D35/><U55/><E129/><V57/><F29/><W92/><G104/><T72/><D72/><U12/><E42/><V0/><F0/><W60/><G60/><AGARI ba="0,0" hai="16,21,25,44,46,53,57,59,60,63,67" m="47659" machi="60" ten="30,2000,0" yaku="18,1,54,1" doraHai="96" who="2" fromWho="3" sc="250,0,220,0,280,20,250,-20" /><INIT seed="2,0,0,4,2,1" ten="250,220,300,230" oya="2" hai0="5,69,61,101,42,22,45,108,100,98,48,97,10" hai1="41,116,9,104,75,126,66,109,4,47,82,79,113" hai2="7,3,135,28,115,118,70,96,64,89,21,68,49" hai3="2,93,54,114,56,134,84,85,60,39,87,59,120"/><V83/><F115/><W51/><G39/><T58/><D108/><U33/><E113/><V129/><F118/><W50/><G120/><T110/><D110/><U76/><E116/><V40/><F129/><W88/><G114/><T65/><D69/><U71/><E109/><V46/><F135/><W18/><G2/><T30/><D98/><U105/><E79/><V35/><F35/><W55/><G134/><T130/><D130/><U72/><E72/><V107/><F64/><W63/><G18/><T15/><D97/><AGARI ba="0,0" hai="50,51,54,55,56,59,60,63,84,85,87,88,93,97" machi="97" ten="40,5200,0" yaku="9,1,8,1,54,1" doraHai="1" who="3" fromWho="0" sc="250,-52,220,0,300,0,230,52" /><INIT seed="3,0,0,4,1,46" ten="198,220,300,282" oya="3" hai0="112,111,131,130,73,68,79,96,54,86,37,75,57" hai1="125,99,42,74,1,27,53,44,45,119,19,51,105" hai2="103,121,85,66,133,91,11,110,61,24,95,25,23" hai3="101,89,102,77,126,39,127,16,35,64,100,65,40"/><W117/><G35/><T80/><D68/><U92/><E74/><V81/><F121/><W20/><G77/><T12/><D37/><U78/><E1/><V93/><F110/><W67/><G117/><T118/><D118/><U71/><E105/><V30/><F133/><W70/><G70/><T72/><D111/><U98/><E71/><V50/><F11/><W114/><G114/><T109/><D109/><U38/><E119/><V58/><F103/><W56/><G89/><T60/><D112/><U120/><E120/><V63/><F50/><W124/><G40/><T116/><D116/><U21/><E125/><V135/><F135/><W115/><G39/><T5/><D96/><U6/><E78/><V32/><F63/><W134/><G134/><T62/><D62/><U106/><E6/><V33/><F33/><W108/><G108/><T94/><D94/><U10/><E10/><V0/><F0/><W36/><G36/><T55/><D55/><U132/><E132/><V104/><F104/><W26/><G115/><T22/><D5/><U97/><REACH who="1" step="1"/><E106/><REACH who="1" ten="198,210,300,282" step="2"/><V76/><F76/><W4/><G4/><T29/><REACH who="0" step="1"/><D12/><REACH who="0" ten="188,210,300,282" step="2"/><U52/><E52/><V82/><F82/><W34/><REACH who="3" step="1"/><G34/><REACH who="3" ten="188,210,300,272" step="2"/><T59/><D59/><AGARI ba="0,3" hai="16,20,26,56,59,64,65,67,100,101,102,124,126,127" machi="59" ten="50,18000,2" yaku="1,1,2,1,29,2,18,1,54,1,53,1" doraHai="46" doraHaiUra="18" who="3" fromWho="0" sc="188,-180,210,0,300,0,272,210" owari="8,-49.0,210,-19.0,300,10.0,482,58.0" /></mjloggm>