<mjloggm ver="2.3"><GO type="41" lobby="0"/><UN n0="%E5%B0%B1%E6%B4%BB%E7%94%9F%40%E5%B7%9D%E6%9D%91%E8%BB%8D%E5%9B%A3" n1="%68%61%6C%79" n2="%E6%B8%A9%E6%B3%89%E5%A4%AA%E9%83%8E" n3="%E3%83%9F%E3%83%AA%E3%83%BC%E3%83%88" dan="15,13,14,14" rate="1954.27,1848.99,1930.06,1978.44" sx="M,M,M,M"/><TAIKYOKU oya="0"/><INIT seed="0,0,0,5,3,114" ten="250,250,250,250" oya="0" hai0="39,16,126,67,52,65,71,89,53,129,111,87,9" hai1="75,26,64,113,29,100,106,128,55,103,132,17,19" hai2="10,99,92,46,125,86,40,107,11,2,13,27,24" hai3="124,57,104,73,69,96,21,120,4,116,82,93,84"/><T22/><D39/><U63/><E113/><V60/><F125/><W44/><G69/><T83/><D126/><U59/><E75/><V121/><F121/><W35/><G35/><T80/><D129/><U88/><E128/><V58/><F2/><W131/><G124/><T112/><D112/><U41/><E41/><V32/><F32/><W97/><G131/><T76/><D111/><U130/><E132/><V72/><F72/><W25/><G120/><T12/><D22/><N who="1" m="15575" /><E106/><V38/><F86/><W8/><G73/><T110/><D110/><U78/><E78/><V109/><F107/><W70/><G70/><T62/><REACH who="0" step="1"/><D67/><REACH who="0" ten="240,250,250,250" step="2"/><U90/><E130/><V102/><F109/><W45/><G21/><T127/><D127/><U49/><E64/><V34/><F34/><W68/><G8/><T51/><D51/><U66/><E66/><V54/><F11/><W105/><G68/><T6/><D6/><AGARI ba="0,1" hai="6,10,13,24,27,38,40,46,54,58,60,92,99,102" machi="6" ten="30,1000,0" yaku="7,1" doraHai="114" who="2" fromWho="0" sc="240,-10,250,0,250,20,250,0" /><INIT seed="1,0,0,1,3,39" ten="230,250,270,250" oya="1" hai0="99,31,1,2,81,49,66,110,15,127,113,3,34" hai1="8,30,84,9,58,11,114,95,27,50,97,105,101" hai2="45,28,76,107,47,135,117,82,119,111,75,4,72" hai3="62,71,134,26,55,103,22,74,106,94,98,21,19"/><U29/><E114/><V51/><F107/><W108/><G74/><T17/><D113/><U88/><REACH who="1" step="1"/><E27/><REACH who="1" ten="230,240,270,250" step="2"/><V35/><F117/><W83/><G26/><T96/><D127/><U80/><E80/><V102/><F119/><W13/><G83/><T126/><D126/><U23/><E23/><V32/><F32/><W64/><G22/><T68/><D34/><U90/><E90/><V57/><F82/><W6/><G21/><T14/><D81/><U56/><E56/><V52/><F35/><W16/><G71/><T54/><D68/><U91/><E91/><V133/><F75/><W25/><G25/><T40/><D31/><U115/><E115/><V120/><F28/><W60/><G103/><T121/><D121/><U122/><E122/><V63/><F102/><W123/><G123/><T118/><D118/><U12/><E12/><V42/><F120/><W100/><G13/><T41/><D14/><U93/><E93/><V38/><F72/><W73/><G94/><T48/><D15/><U37/><E37/><V87/><F76/><W131/><G73/><T130/><D3/><U70/><E70/><V85/><F57/><W5/><G100/><T46/><D2/><U89/><E89/><V18/><F38/><W116/><G116/><T44/><D1/><U112/><E112/><V92/><F92/><W61/><G106/><T36/><D36/><U78/><E78/><V24/><F24/><W86/><G19/><T128/><D17/><U132/><E132/><V53/><F18/><W109/><G134/><T0/><D0/><U65/><E65/><V77/><F133/><RYUUKYOKU ba="0,1" sc="230,-10,240,30,270,-10,250,-10" hai1="8,9,11,29,30,50,58,84,88,95,97,101,105" /><INIT seed="1,1,1,5,0,94" ten="220,270,260,240" oya="1" hai0="29,129,110,88,116,8,35,48,64,90,69,37,68" hai1="126,57,70,2,118,93,83,14,105,12,56,101,49" hai2="125,97,20,71,124,130,1,67,11,123,62,85,58" hai3="9,112,74,25,36,26,23,60,111,80,84,19,115"/><U16/><E118/><V131/><F123/><W108/><G36/><T51/><D37/><U91/><E70/><V122/><F122/><W127/><G74/><T3/><D116/><U53/><E2/><V120/><F120/><W76/><G127/><N who="2" m="48713" /><F85/><W133/><G133/><T119/><D119/><U17/><E105/><V42/><F42/><W33/><G9/><T55/><D129/><N who="2" m="49162" /><F20/><W98/><G60/><T39/><D39/><U31/><E126/><V32/><F32/><W41/><G41/><T81/><D110/><N who="3" m="42025" /><G98/><T40/><D40/><U134/><E134/><V28/><F28/><AGARI ba="1,1" hai="19,23,25,26,28,33,76,80,84,112,115" m="42025" machi="28" ten="30,1000,0" yaku="14,1" doraHai="94" who="3" fromWho="2" sc="220,0,270,0,260,-13,240,23" /><INIT seed="2,0,0,4,0,96" ten="220,270,247,263" oya="2" hai0="120,56,12,0,100,37,44,27,62,6,34,18,97" hai1="98,57,127,116,84,80,125,8,95,101,93,132,105" hai2="59,133,75,77,135,49,24,119,61,30,45,54,89" hai3="16,41,112,117,58,43,122,70,126,20,60,110,13"/><V11/><F119/><W108/><G117/><T130/><D120/><U94/><E116/><V55/><F11/><W131/><G122/><T78/><D130/><U121/><E121/><V83/><REACH who="2" step="1"/><F89/><REACH who="2" ten="220,270,237,263" step="2"/><W42/><G131/><T15/><D0/><U35/><E8/><V32/><AGARI ba="0,1" hai="24,30,32,45,49,54,55,59,61,75,77,83,133,135" machi="32" ten="30,11700,0" yaku="1,1,2,1,0,1,53,1" doraHai="96" doraHaiUra="74" who="2" fromWho="2" sc="220,-39,270,-39,237,127,263,-39" /><INIT seed="2,1,0,1,3,50" ten="181,231,364,224" oya="2" hai0="87,13,77,44,39,57,117,63,49,33,92,5,103" hai1="52,47,31,10,69,130,101,65,99,25,58,102,106" hai2="15,126,72,34,37,79,36,100,9,61,12,124,113" hai3="108,110,90,95,119,85,14,38,45,111,17,78,76"/><V35/><F113/><W1/><G1/><T97/><D39/><U131/><E102/><V11/><F61/><W23/><REACH who="3" step="1"/><G119/><REACH who="3" ten="181,231,364,214" step="2"/><T16/><D117/><U32/><E10/><V73/><F100/><W135/><G135/><T93/><D33/><U48/><REACH who="1" step="1"/><E47/><REACH who="1" ten="181,221,364,214" step="2"/><V26/><F9/><W56/><G56/><T127/><D127/><U8/><E8/><V3/><F11/><W24/><G24/><T114/><D114/><U115/><E115/><V4/><F26/><W62/><G62/><AGARI ba="1,2" hai="25,31,32,48,52,58,62,65,69,99,101,106,130,131" machi="62" ten="40,8000,1" yaku="1,1,25,2,52,1,54,1,53,0" doraHai="50" doraHaiUra="6" who="1" fromWho="3" sc="181,0,221,103,364,0,214,-83" /><INIT seed="3,0,0,2,5,130" ten="181,324,364,131" oya="3" hai0="59,73,17,53,108,133,18,94,63,122,36,101,67" hai1="98,56,72,112,91,104,34,85,64,50,65,66,27" hai2="90,2,23,1,32,124,42,100,92,0,88,24,49" hai3="46,6,29,47,62,58,57,79,14,26,48,10,77"/><W107/><G107/><T103/><D122/><U89/><E72/><V51/><F124/><W75/><G75/><T93/><D73/><U19/><E112/><V125/><F125/><W40/><G46/><T113/><D36/><U132/><E132/><V95/><F32/><W31/><G31/><T134/><D113/><U9/><E34/><V109/><F109/><W21/><REACH who="3" step="1"/><G57/><REACH who="3" ten="181,324,364,121" step="2"/><N who="0" m="37359" /><D108/><U126/><E104/><V61/><F0/><W116/><G116/><T37/><D37/><U80/><E126/><V11/><F1/><W43/><G43/><T15/><D94/><U16/><E56/><V84/><F42/><W86/><G86/><T119/><D93/><U110/><E110/><V105/><F92/><W131/><G131/><T4/><D119/><U97/><E97/><V41/><F105/><W25/><G25/><T96/><D96/><U20/><E98/><V5/><F95/><W120/><G120/><T127/><D127/><U106/><E106/><V129/><F129/><W128/><G128/><T39/><D39/><U33/><E85/><V121/><F84/><W68/><G68/><T7/><D103/><U81/><E81/><V102/><F121/><W60/><G60/><N who="0" m="35951" /><D101/><U87/><E80/><V52/><F102/><W30/><G30/><T70/><D70/><U76/><E87/><V82/><F100/><W74/><G74/><T135/><D17/><U123/><E123/><V69/><F82/><W114/><G114/><T55/><D55/><AGARI ba="0,1" hai="6,10,14,21,26,29,40,47,48,55,58,62,77,79" machi="55" ten="30,5800,0" yaku="1,1,7,1,8,1,53,0" doraHai="130" doraHaiUra="28" who="3" fromWho="0" sc="181,-58,324,0,364,0,121,68" /><INIT seed="3,1,0,1,2,20" ten="123,324,364,189" oya="3" hai0="103,124,131,75,55,92,40,93,5,79,81,35,108" hai1="121,128,96,69,30,78,39,53,11,16,3,111,127" hai2="57,99,117,38,68,109,64,132,107,34,41,2,1" hai3="133,15,52,58,0,70,24,84,43,31,4,45,37"/><W106/><G106/><T116/><D35/><U74/><E53/><V125/><RYUUKYOKU type="yao9" ba="1,0" sc="123,0,324,0,364,0,189,0" hai2="1,2,34,38,41,57,64,68,99,107,109,117,125,132" /><INIT seed="3,2,0,3,3,77" ten="123,324,364,189" oya="3" hai0="59,39,66,47,19,29,8,124,104,4,0,116,92" hai1="74,63,106,21,119,86,12,1,95,35,45,23,125" hai2="37,132,62,69,105,111,103,94,84,113,122,102,33" hai3="93,129,87,100,55,82,9,99,135,51,41,91,6"/><W30/><G135/><T80/><D104/><U32/><E106/><V68/><F62/><W121/><G121/><T17/><D116/><U79/><E74/><V127/><F84/><W78/><G129/><T130/><D130/><U70/><E1/><V20/><F20/><W67/><G67/><T61/><D124/><U16/><E125/><V7/><F7/><W58/><G30/><T56/><D29/><U15/><E45/><V13/><F13/><W85/><G41/><T50/><D39/><U107/><E107/><V64/><F64/><W49/><G49/><T108/><D108/><U81/><E119/><V43/><F43/><W48/><G48/><T126/><D126/><U42/><E42/><V96/><F94/><W110/><G110/><T117/><D117/><U52/><E70/><V27/><F111/><W65/><G65/><T5/><D92/><U44/><E95/><V60/><F122/><W26/><G26/><T18/><D5/><U46/><E35/><V10/><F132/><W71/><G71/><T112/><D112/><U31/><E32/><V83/><F113/><W89/><REACH who="3" step="1"/><G87/><REACH who="3" ten="123,324,364,179" step="2"/><T24/><D24/><N who="1" m="16799" /><E12/><AGARI ba="2,1" hai="6,9,12,51,55,58,78,82,85,89,91,93,99,100" machi="12" ten="30,11600,0" yaku="1,1,7,1,8,1,52,1,53,0" doraHai="77" doraHaiUra="36" who="3" fromWho="1" sc="123,0,324,-122,364,0,179,132" /><INIT seed="3,3,0,2,0,5" ten="123,202,364,311" oya="3" hai0="79,3,16,86,14,91,70,36,88,37,127,18,40" hai1="21,39,35,10,76,0,75,7,66,84,98,1,134" hai2="133,19,24,17,95,87,72,111,9,119,47,123,73" hai3="15,74,105,42,44,4,38,61,117,8,112,103,6"/><W49/><G117/><T90/><D3/><U12/><E35/><V27/><F119/><W110/><G74/><T125/><D70/><U120/><E120/><V132/><F47/><W60/><G112/><T25/><D25/><U13/><E75/><V81/><F95/><W104/><G110/><T85/><D40/><U93/><E39/><N who="0" m="14921" /><D79/><U101/><E134/><V31/><F87/><N who="0" m="33290" /><D14/><U33/><E33/><V28/><F81/><W58/><G4/><T135/><D135/><U63/><E21/><V121/><F111/><W128/><G128/><T59/><D59/><U50/><E50/><V62/><F62/><W23/><G23/><T67/><D67/><U46/><E46/><V126/><F73/><W45/><G103/><T113/><D113/><U102/><E102/><V106/><F72/><W100/><G100/><T77/><D77/><U131/><E131/><V69/><F69/><W94/><G94/><T80/><D80/><U65/><E1/><V89/><F132/><W30/><G30/><T108/><D108/><U41/><E41/><V118/><F133/><W116/><G116/><T130/><D130/><U109/><E109/><V34/><F118/><W68/><G68/><T57/><D57/><N who="1" m="37103" /><E66/><V11/><F121/><W43/><G60/><T48/><D48/><U124/><E124/><AGARI ba="3,0" hai="16,18,88,90,91,124,125,127" m="33290,14921" machi="124" ten="40,8000,1" yaku="28,2,18,1,54,2" doraHai="5" who="0" fromWho="1" sc="123,89,202,-89,364,0,311,0" /><INIT seed="4,0,0,1,1,94" ten="212,113,364,311" oya="0" hai0="15,38,96,57,128,114,8,77,93,51,46,118,41" hai1="78,67,37,53,14,88,0,6,120,61,80,91,103" hai2="86,30,76,130,33,107,59,112,4,110,34,131,105" hai3="31,49,119,122,11,69,42,109,45,20,63,10,64"/><T3/><D118/><U9/><E120/><V32/><F110/><W60/><G122/><T13/><D114/><U82/><E37/><V72/><F112/><W71/><G109/><T121/><D121/><U116/><E116/><V52/><F72/><W1/><G1/><T124/><D124/><U24/><E103/><V113/><F113/><W102/><G119/><T36/><D128/><N who="2" m="49194" /><F4/><W108/><G108/><T5/><D77/><U83/><E78/><V70/><F70/><W126/><G126/><T26/><D26/><U97/><E0/><V40/><F40/><W68/><G102/><T16/><D57/><N who="1" m="37295" /><E91/><V79/><F30/><W92/><G92/><T19/><D3/><U111/><E111/><V85/><F79/><W48/><G48/><T12/><D12/><U62/><E24/><V25/><F25/><W47/><G47/><T23/><D5/><U21/><E21/><V99/><F76/><W58/><G31/><T117/><D117/><U127/><E127/><V55/><F107/><W115/><G115/><T73/><D73/><U100/><E100/><AGARI ba="0,0" hai="8,13,15,16,19,23,36,38,41,46,51,93,96,100" machi="100" ten="30,5800,0" yaku="7,1,52,1,54,1" doraHai="94" who="0" fromWho="1" sc="212,58,113,-58,364,0,311,0" /><INIT seed="4,1,0,4,5,112" ten="270,55,364,311" oya="0" hai0="0,120,41,70,103,125,82,26,86,20,66,17,73" hai1="30,4,14,34,40,55,131,6,2,97,111,119,77" hai2="59,10,49,57,76,54,122,95,24,72,32,62,15" hai3="8,99,104,16,113,29,61,84,64,50,51,78,127"/><T19/><D0/><U83/><E40/><V35/><F122/><W23/><G113/><T93/><D73/><U48/><E2/><V65/><F24/><W56/><G127/><T31/><D125/><U38/><E38/><V106/><F106/><W89/><G104/><T109/><D120/><U5/><E111/><V108/><F108/><W124/><G124/><T94/><D109/><U58/><E131/><V79/><F95/><W69/><G78/><T101/><D70/><U12/><E97/><V52/><F65/><W98/><G69/><T129/><D66/><U88/><E77/><V92/><F92/><N who="0" m="35434" /><D41/><U18/><E18/><N who="0" m="6665" /><D129/><U80/><E80/><V75/><F76/><AGARI ba="1,0" hai="20,26,31,76,82,86,101,103" m="6665,35434" machi="76" ten="30,1500,0" yaku="8,1" doraHai="112" who="0" fromWho="2" sc="270,18,55,0,364,-18,311,0" /><INIT seed="4,2,0,4,2,4" ten="288,55,346,311" oya="0" hai0="55,110,29,135,114,113,76,73,132,44,36,25,3" hai1="122,6,107,130,125,11,47,61,34,75,0,27,94" hai2="60,13,33,43,101,109,108,105,48,92,123,70,102" hai3="45,58,15,69,46,21,8,90,49,67,22,117,7"/><T120/><D120/><U62/><E122/><V5/><F123/><W74/><G74/><T41/><D3/><U87/><E107/><V82/><F33/><W17/><G117/><T99/><D99/><U115/><E75/><V81/><F105/><W77/><G69/><T91/><D91/><U89/><E130/><V68/><F60/><N who="3" m="38295" /><G77/><T35/><D110/><U100/><E100/><V39/><F39/><W26/><G22/><T80/><REACH who="0" step="1"/><D55/><REACH who="0" ten="278,55,346,311" step="2"/><U111/><E111/><V57/><F109/><W54/><G90/><T85/><D85/><U127/><E115/><AGARI ba="2,1" hai="25,29,35,36,41,44,73,76,80,113,114,115,132,135" machi="115" ten="40,12000,1" yaku="1,1,15,1,23,2,53,0" doraHai="4" doraHaiUra="64" who="0" fromWho="1" sc="278,136,55,-126,346,0,311,0" owari="414,51.0,-71,-57.0,346,15.0,311,-9.0" /></mjloggm>