<mjloggm ver="2.3"><GO type="97" lobby="0"/><UN n0="%E3%83%88%E3%83%88%E3%83%AA%E5%85%88%E7%94%9F%31%39%E6%AD%B3" n1="%E3%81%97%E3%82%8A%E3%82%85%E3%81%86" n2="%E8%B1%9A%E3%81%AE%E4%B8%B8%E7%84%BC%E3%81%8D" n3="%72%65%6F%73%74%6F%63%6B" dan="14,13,13,13" rate="2043.68,1873.08,1898.65,1853.40" sx="F,M,M,M"/><TAIKYOKU oya="0"/><INIT seed="0,0,0,1,4,15" ten="250,250,250,250" oya="0" hai0="70,16,59,27,14,53,133,77,1,115,119,21,13" hai1="79,24,31,4,72,121,58,135,19,90,105,86,29" hai2="50,65,32,48,66,106,109,88,9,25,11,30,112" hai3="33,80,54,75,127,57,132,61,38,125,120,118,42"/><T36/><D115/><U22/><E121/><V130/><F106/><W68/><G33/><T116/><D1/><U56/><E105/><V23/><F112/><W126/><G118/><T34/><D36/><U39/><E39/><V3/><F109/><W100/><G100/><T74/><D70/><U129/><E129/><V60/><F130/><W5/><G5/><T35/><D133/><U82/><E4/><V17/><F66/><N who="3" m="41039" /><G80/><T18/><D77/><U99/><E99/><V108/><F108/><W45/><G75/><T103/><D74/><U7/><E7/><N who="2" m="1279" /><F11/><W104/><G104/><T76/><D76/><U78/><E135/><V40/><F40/><W84/><G84/><T28/><D103/><U47/><E47/><V8/><F8/><W69/><G69/><T81/><D81/><U91/><E79/><V44/><F44/><W94/><G94/><T131/><D131/><U89/><E72/><V2/><F2/><W96/><G96/><T49/><D35/><U26/><E31/><V52/><F65/><W102/><G102/><T107/><D107/><U87/><REACH who="1" step="1"/><E87/><REACH who="1" ten="250,240,250,250" step="2"/><V67/><F67/><W55/><G132/><T101/><D101/><U110/><E110/><V51/><F30/><W111/><G111/><T12/><REACH who="0" step="1"/><D34/><AGARI ba="0,1" hai="19,22,24,26,29,34,56,58,78,82,86,89,90,91" machi="34" ten="40,2600,0" yaku="1,1,52,1,53,0" doraHai="15" doraHaiUra="0" who="1" fromWho="0" sc="250,-26,240,36,250,0,250,0" /><INIT seed="1,0,0,2,1,132" ten="224,276,250,250" oya="1" hai0="91,131,11,75,44,52,71,53,94,104,22,106,38" hai1="121,35,130,42,29,47,19,7,110,123,10,113,21" hai2="102,4,9,127,134,133,48,17,92,72,51,57,112" hai3="128,45,68,65,62,74,61,27,56,100,135,88,108"/><U34/><E113/><V46/><F72/><W125/><G74/><T26/><D71/><U80/><E80/><V97/><F17/><W63/><G108/><T3/><D75/><U101/><E101/><V76/><F76/><W54/><G128/><T20/><D131/><U77/><E77/><V89/><F112/><W122/><G122/><T109/><D109/><U5/><E130/><V84/><F57/><W96/><G135/><T16/><D38/><U28/><E110/><V58/><F58/><W39/><G27/><T6/><D22/><U103/><E103/><V36/><F36/><W2/><G2/><T107/><REACH who="0" step="1"/><D44/><REACH who="0" ten="214,276,250,250" step="2"/><U49/><E121/><V95/><F46/><W37/><G45/><T8/><D8/><U119/><E123/><V41/><F41/><W69/><G37/><T105/><N who="0" m="26624" /><DORA hai="124" /><T55/><D55/><U67/><E119/><V114/><F114/><W66/><G39/><T70/><D70/><U64/><E35/><V60/><F9/><W15/><G15/><T43/><D43/><U40/><E40/><V18/><F133/><W59/><G59/><T118/><D118/><U111/><E111/><V117/><F134/><W24/><G24/><T78/><D78/><U79/><E79/><V126/><F117/><W99/><G100/><T0/><D0/><U14/><E34/><V25/><F25/><W50/><G69/><T73/><D73/><U23/><E23/><V13/><F102/><W116/><G68/><T90/><D90/><U85/><E21/><V98/><F89/><W93/><G116/><T129/><D129/><U33/><E33/><RYUUKYOKU ba="0,1" sc="214,30,276,-10,250,-10,250,-10" hai0="3,6,11,16,20,26,52,53,91,94" /><INIT seed="2,1,1,3,4,74" ten="244,266,240,240" oya="2" hai0="56,100,101,16,73,29,50,110,53,34,23,103,52" hai1="18,32,102,69,132,33,116,57,77,67,117,5,49" hai2="51,79,63,24,11,36,111,31,28,66,134,4,44" hai3="115,99,104,126,130,119,123,68,41,76,82,30,54"/><V43/><F134/><W128/><G123/><T105/><D110/><U39/><E132/><V85/><F111/><W27/><G119/><T81/><D34/><U70/><E39/><V8/><F36/><W35/><G41/><T60/><D29/><U125/><E5/><V1/><F11/><W19/><G19/><T9/><D9/><U133/><E133/><V72/><F72/><W96/><G115/><T10/><D10/><U26/><E102/><V89/><F24/><W38/><G38/><T124/><D124/><U107/><E107/><V45/><F45/><W64/><G54/><T46/><D73/><U87/><E125/><V84/><F84/><W25/><G25/><T7/><D81/><U78/><E49/><V93/><REACH who="2" step="1"/><F79/><REACH who="2" ten="244,266,230,240" step="2"/><W14/><G126/><T80/><D7/><U2/><E87/><V108/><F108/><W90/><G128/><T92/><D105/><U55/><E26/><V86/><F86/><W40/><G130/><T131/><D131/><U75/><E75/><V91/><F91/><W17/><G104/><T98/><D80/><U135/><E135/><V112/><F112/><W0/><G90/><T58/><D46/><U42/><E117/><V113/><F113/><W3/><G96/><T118/><D118/><U13/><E116/><V122/><F122/><W62/><G99/><T94/><D98/><U88/><E88/><V97/><F97/><W6/><G6/><T106/><D106/><U71/><E77/><V47/><F47/><W129/><G129/><T12/><AGARI ba="1,2" hai="12,16,23,50,52,53,56,58,60,92,94,100,101,103" machi="12" ten="30,7900,0" yaku="0,1,8,1,54,2" doraHai="74" who="0" fromWho="0" sc="244,102,266,-21,230,-40,240,-21" /><INIT seed="3,0,0,1,1,14" ten="346,245,190,219" oya="3" hai0="103,37,31,55,90,1,119,115,120,128,102,2,64" hai1="126,45,116,49,66,101,30,28,131,68,80,65,97" hai2="17,32,118,117,3,127,16,12,122,23,83,39,135" hai3="132,74,72,24,87,82,108,25,47,86,93,63,58"/><W41/><G132/><T121/><D115/><U78/><E116/><N who="2" m="44651" /><F83/><W73/><G108/><T19/><D119/><U50/><E131/><V130/><F39/><W10/><G10/><T46/><D128/><U9/><E126/><V44/><F44/><W109/><G109/><T92/><D64/><U134/><E134/><V71/><F71/><W21/><G25/><T40/><D31/><U11/><E68/><V81/><F81/><W124/><G124/><T96/><D55/><U29/><E80/><V52/><F52/><W75/><G93/><T114/><D114/><U26/><E78/><V7/><F135/><W94/><G94/><T13/><D120/><U56/><E26/><N who="2" m="14695" /><F130/><W76/><G47/><T27/><D121/><U89/><E89/><V123/><F127/><W18/><REACH who="3" step="1"/><G41/><REACH who="3" ten="346,245,190,209" step="2"/><T70/><D27/><U34/><E11/><N who="2" m="2559" /><F32/><W48/><G48/><T113/><D113/><U99/><E34/><V106/><F106/><W88/><G88/><T91/><D91/><U38/><E50/><V0/><F0/><W20/><G20/><AGARI ba="0,1" hai="12,17,20,122,123" m="2559,14695,44651" machi="20" ten="30,8000,1" yaku="34,2,52,2,54,1" doraHai="14" who="2" fromWho="3" sc="346,0,245,0,190,90,209,-80" owari="346,44.0,245,-15.0,280,8.0,129,-37.0" /></mjloggm>