<mjloggm ver="2.3"><GO type="97" lobby="0"/><UN n0="%E5%81%B6%E6%A9%9F%E5%BE%85%E3%81%A1" n1="%64%61%69%61%67%6F%6E" n2="%6C%65%65" n3="%E5%B0%B1%E6%B4%BB%E7%94%9F%40%E5%B7%9D%E6%9D%91%E8%BB%8D%E5%9B%A3" dan="13,13,15,14" rate="1888.39,1914.55,1999.48,2014.40" sx="M,M,F,M"/><TAIKYOKU oya="0"/><INIT seed="0,0,0,2,3,135" ten="250,250,250,250" oya="0" hai0="109,11,16,82,72,9,130,4,121,106,102,113,92" hai1="44,108,73,111,63,33,131,89,2,100,78,8,46" hai2="40,54,97,10,19,21,112,60,80,36,23,75,59" hai3="125,13,116,42,37,1,64,17,5,39,91,115,98"/><T56/><D113/><U107/><E33/><V58/><F112/><W3/><G115/><T61/><D121/><U86/><E73/><V74/><F10/><W126/><G116/><T18/><D106/><U55/><E78/><V122/><F122/><W31/><G31/><T68/><D68/><U110/><E131/><V22/><F19/><N who="0" m="7210" /><D130/><U62/><E100/><V87/><F97/><W26/><G64/><N who="0" m="38951" /><D72/><U67/><E107/><V52/><F40/><W0/><G26/><T12/><D11/><U94/><E67/><V128/><F128/><W79/><G79/><T93/><D109/><U95/><E95/><N who="0" m="36425" /><D82/><U32/><E32/><V6/><F6/><W35/><G35/><T134/><D134/><U34/><E34/><V14/><F14/><W105/><G5/><T84/><D84/><U120/><E120/><V41/><F41/><W99/><G105/><T103/><AGARI ba="0,0" hai="4,9,12,102,103" m="36425,38951,7210" machi="103" ten="30,3000,0" yaku="8,1,54,1" doraHai="135" who="0" fromWho="0" sc="250,30,250,-10,250,-10,250,-10" /><INIT seed="0,1,0,3,0,116" ten="280,240,240,240" oya="0" hai0="101,50,53,72,55,80,45,63,112,13,126,8,25" hai1="79,15,103,12,131,28,30,66,61,2,74,9,114" hai2="56,5,75,67,57,47,91,16,49,42,132,113,31" hai3="38,129,64,82,133,40,106,102,125,54,52,10,18"/><T48/><D112/><U100/><E114/><V6/><F113/><W65/><G129/><T117/><D117/><U86/><E74/><V93/><F75/><W135/><G125/><T60/><D126/><U59/><E2/><V29/><F132/><N who="3" m="50763" /><G106/><T4/><D72/><U119/><E131/><V87/><F5/><W26/><G102/><N who="1" m="38954" /><E119/><V35/><F35/><W109/><G109/><T34/><D101/><U77/><E15/><V120/><F6/><W108/><G108/><T124/><D124/><U90/><E79/><V88/><F120/><W44/><G82/><T89/><D34/><U118/><E77/><V17/><F91/><W84/><G84/><N who="0" m="50311" /><D25/><U36/><E36/><V33/><F33/><W22/><G10/><T20/><D20/><U95/><E118/><V39/><F39/><W115/><G115/><T83/><D83/><U37/><E37/><V41/><F41/><W73/><G73/><T134/><D134/><U70/><E70/><V11/><F11/><W81/><G81/><T3/><D3/><U27/><E27/><V43/><F43/><W122/><G122/><T121/><D121/><U85/><E85/><V111/><F111/><W19/><G19/><AGARI ba="1,0" hai="9,12,19,28,30,59,61,66,86,90,95" m="38954" machi="19" ten="30,1000,0" yaku="8,1" doraHai="116" who="1" fromWho="3" sc="280,0,240,13,240,0,240,-13" /><INIT seed="1,0,0,1,4,33" ten="280,253,240,227" oya="1" hai0="5,116,68,127,24,37,56,94,60,7,15,101,103" hai1="40,61,53,19,91,131,125,34,66,78,14,21,73" hai2="41,36,2,58,16,95,92,117,84,135,62,113,114" hai3="22,39,70,126,72,97,50,89,133,25,128,87,31"/><U28/><E40/><V64/><F117/><W51/><G39/><T1/><D116/><U86/><E131/><V132/><F41/><W99/><G72/><T88/><D127/><U124/><E53/><V46/><F46/><W80/><G70/><T49/><D37/><U65/><E73/><V12/><F2/><W38/><G38/><T119/><D1/><U79/><E28/><V0/><F0/><W6/><G126/><N who="1" m="48746" /><E34/><V122/><F36/><W29/><G133/><N who="2" m="51273" /><F122/><W43/><G128/><T100/><D68/><N who="1" m="42031" /><E66/><V67/><F67/><W96/><G43/><T57/><D24/><U77/><E77/><V8/><F84/><W120/><G120/><T82/><D82/><AGARI ba="0,0" hai="14,19,21,78,79,82,86,91" m="42031,48746" machi="82" ten="30,1500,0" yaku="18,1" doraHai="33" who="1" fromWho="0" sc="280,-15,253,15,240,0,227,0" /><INIT seed="1,1,0,3,4,115" ten="265,268,240,227" oya="1" hai0="9,97,76,87,92,81,8,55,31,128,135,51,91" hai1="117,44,68,58,64,121,63,109,16,38,54,75,95" hai2="56,2,53,45,14,118,18,5,33,116,107,103,28" hai3="132,21,13,71,30,20,43,119,127,4,27,70,36"/><U100/><E121/><V125/><F45/><W49/><G36/><T112/><D112/><U6/><E75/><V23/><F125/><W104/><G127/><T25/><D135/><U105/><E105/><V96/><F33/><W80/><G132/><T102/><D128/><U120/><E120/><V7/><F28/><W124/><G104/><T47/><REACH who="0" step="1"/><D76/><REACH who="0" ten="255,268,240,227" step="2"/><U111/><E6/><V26/><F7/><W50/><G124/><T34/><AGARI ba="1,1" hai="8,9,25,31,34,47,51,55,81,87,91,92,97,102" machi="34" ten="20,5200,0" yaku="1,1,2,1,0,1,7,1,53,0" doraHai="115" doraHaiUra="133" who="0" fromWho="0" sc="255,65,268,-27,240,-14,227,-14" /><INIT seed="2,0,0,3,4,53" ten="320,241,226,213" oya="2" hai0="116,90,30,101,96,58,76,16,72,99,133,54,62" hai1="82,34,65,61,119,57,78,113,129,1,131,25,52" hai2="43,55,130,18,40,81,108,19,12,23,98,70,5" hai3="63,68,60,115,94,84,86,13,7,104,51,39,102"/><V74/><F70/><W17/><G39/><T100/><D72/><U36/><E36/><V109/><F5/><W4/><G115/><T91/><D116/><U35/><E1/><V3/><F3/><W14/><G104/><T0/><D0/><U37/><E37/><V121/><F121/><W59/><G68/><T105/><D133/><U134/><E134/><V107/><F130/><N who="1" m="49673" /><E113/><V93/><F107/><W31/><G31/><T67/><D76/><U85/><E119/><V21/><F81/><W66/><G51/><T6/><D6/><N who="3" m="2089" /><G63/><T77/><D77/><U22/><E65/><V48/><F74/><W24/><G24/><T125/><D30/><AGARI ba="0,0" hai="22,25,30,34,35,52,57,61,78,82,85" m="49673" machi="30" ten="30,3900,0" yaku="19,1,52,1,54,1" doraHai="53" who="1" fromWho="0" sc="320,-39,241,39,226,0,213,0" /><INIT seed="3,0,0,2,5,28" ten="281,280,226,213" oya="3" hai0="55,95,24,49,98,112,115,99,61,84,102,93,106" hai1="66,0,132,130,14,73,48,60,36,104,5,52,113" hai2="78,40,22,27,6,80,54,32,83,45,42,134,59" hai3="114,25,17,19,94,41,67,82,71,89,68,65,124"/><W121/><G121/><T16/><D61/><U35/><E104/><V10/><F134/><W57/><G114/><N who="0" m="43563" /><D84/><U9/><E73/><V34/><F40/><W110/><G41/><T33/><D33/><U77/><E36/><V39/><F80/><W18/><G124/><T13/><D24/><U133/><E113/><V70/><F70/><W44/><G110/><T135/><D135/><N who="1" m="51787" /><E35/><V76/><F76/><W21/><G44/><N who="0" m="28071" /><D99/><U126/><E77/><V131/><F131/><W105/><G105/><T26/><D26/><U53/><E130/><V100/><F100/><W47/><G47/><T75/><D75/><U38/><E38/><V30/><F83/><W101/><G68/><T3/><D3/><U117/><E117/><V107/><F107/><W31/><G71/><T2/><D2/><U29/><E29/><V79/><F79/><W91/><G57/><T81/><D81/><U90/><E126/><V129/><F129/><W108/><G108/><T88/><D88/><N who="3" m="33865" /><G82/><T43/><D43/><U127/><E90/><V46/><F78/><W119/><G119/><T20/><AGARI ba="0,0" hai="13,16,20,93,95,98,102,106" m="28071,43563" machi="20" ten="30,2000,0" yaku="11,1,54,1" doraHai="28" who="0" fromWho="0" sc="281,20,280,-5,226,-5,213,-10" owari="301,40.0,275,8.0,221,-18.0,203,-30.0" /></mjloggm>