<mjloggm ver="2.3"><GO type="41" lobby="0"/><UN n0="%E3%81%A8%E3%81%9F%E3%81%AE%EF%BC%A0%E5%B7%9D%E6%9D%91%E8%BB%8D%E5%9B%A3" n1="%E5%B0%B1%E6%B4%BB%E7%94%9F%40%E5%B7%9D%E6%9D%91%E8%BB%8D%E5%9B%A3" n2="%E5%BE%92%E6%89%8B%E7%A9%BA%E6%8B%B3" n3="%67%30%72%6E%61" dan="15,16,13,15" rate="2009.18,2097.35,1888.41,2000.84" sx="M,M,M,M"/><TAIKYOKU oya="0"/><INIT seed="0,0,0,0,3,93" ten="250,250,250,250" oya="0" hai0="80,74,63,67,71,54,82,69,114,30,70,108,21" hai1="133,65,78,48,125,12,62,111,75,131,73,3,60" hai2="16,46,10,127,52,118,36,128,19,22,101,135,55" hai3="103,35,91,15,119,99,89,43,33,32,50,79,0"/><T90/><D114/><U53/><E3/><V129/><F127/><W29/><G0/><T104/><D104/><U9/><E125/><V87/><F135/><W51/><G119/><T107/><D107/><U98/><E133/><V7/><F118/><W110/><G110/><T24/><D108/><U77/><E111/><V38/><F101/><W85/><G79/><N who="1" m="30218" /><E75/><V47/><F87/><W102/><G29/><T59/><D74/><U8/><E73/><V124/><F124/><W28/><G28/><T97/><D80/><U39/><E39/><V57/><F57/><W105/><G103/><T6/><D6/><N who="1" m="3095" /><E65/><V76/><F76/><W13/><G89/><T106/><D106/><U121/><E9/><V11/><F22/><W126/><G126/><T4/><D4/><AGARI ba="0,0" hai="4,7,10,11,16,19,36,38,46,47,52,55,128,129" machi="4" ten="25,6400,0" yaku="22,2,54,2" doraHai="93" who="2" fromWho="0" sc="250,-64,250,0,250,64,250,0" /><INIT seed="1,0,0,0,4,8" ten="186,250,314,250" oya="1" hai0="62,88,13,43,97,70,52,16,40,2,10,76,22" hai1="113,4,91,49,125,124,115,24,25,41,3,135,30" hai2="68,121,18,42,75,82,90,80,63,128,28,26,78" hai3="112,39,87,99,131,101,29,89,15,104,1,130,98"/><U126/><E41/><V44/><F121/><W111/><G39/><T73/><D73/><U55/><E135/><V61/><F128/><N who="3" m="49195" /><G112/><N who="1" m="43082" /><E91/><V105/><F105/><W23/><G1/><T93/><D70/><U118/><E118/><V31/><F18/><N who="3" m="10719" /><G111/><T92/><D76/><U132/><E132/><V58/><F68/><W56/><G29/><T66/><D52/><U53/><E49/><V65/><F63/><W122/><G122/><T27/><D2/><U71/><E71/><V7/><F7/><W20/><G20/><T67/><D62/><U110/><E55/><V77/><F90/><W69/><G69/><T46/><D92/><U81/><E53/><V106/><F106/><W51/><G51/><N who="0" m="27079" /><D43/><U74/><E81/><V79/><F26/><N who="1" m="10345" /><E74/><V94/><F94/><W36/><G36/><T127/><D127/><U120/><E120/><V116/><F116/><W96/><G56/><T72/><D72/><U48/><E48/><N who="2" m="26647" /><F75/><W102/><G104/><T60/><D60/><U45/><E45/><V134/><F134/><W117/><G117/><T35/><D35/><U33/><E110/><V114/><F114/><W32/><G32/><T59/><D59/><U50/><E50/><V133/><F133/><W86/><G89/><T103/><D103/><AGARI ba="0,0" hai="86,87,96,98,99,101,102,103" m="10719,49195" machi="103" ten="30,2000,0" yaku="19,1,52,1" doraHai="8" who="3" fromWho="0" sc="186,-20,250,0,314,0,250,20" /><INIT seed="2,0,0,0,5,98" ten="166,250,314,270" oya="2" hai0="96,135,107,11,37,74,131,42,40,2,38,17,10" hai1="83,47,126,9,127,123,118,18,57,133,34,72,121" hai2="50,21,44,5,63,35,71,55,128,129,13,29,104" hai3="27,81,119,25,69,115,56,76,134,7,106,70,43"/><V80/><F104/><W48/><G119/><T73/><D131/><N who="2" m="50250" /><F35/><W86/><G106/><T125/><D135/><U22/><E47/><V66/><F80/><W33/><G134/><T109/><D125/><N who="1" m="47627" /><E57/><V124/><F124/><W114/><G7/><T0/><D96/><U108/><E83/><V60/><F60/><W36/><G36/><T77/><D107/><U78/><E78/><V4/><F13/><W24/><G33/><T84/><D77/><U6/><E72/><V85/><F85/><W87/><G87/><T94/><D84/><U92/><E92/><V116/><F116/><W89/><G76/><T3/><D94/><U16/><E34/><V46/><F46/><W67/><G43/><T132/><D132/><U14/><E118/><V23/><F23/><W62/><REACH who="3" step="1"/><G48/><REACH who="3" ten="166,250,314,260" step="2"/><T110/><D38/><U61/><E133/><V49/><F49/><W53/><G53/><T95/><D37/><U8/><E61/><V122/><F122/><W64/><G64/><T101/><D74/><U112/><E112/><AGARI ba="0,1" hai="24,25,27,56,62,67,69,70,81,86,89,112,114,115" machi="112" ten="40,8000,1" yaku="1,1,11,1,53,2" doraHai="98" doraHaiUra="65" who="3" fromWho="1" sc="166,0,250,-80,314,0,260,90" /><INIT seed="3,0,0,4,1,81" ten="166,170,314,350" oya="3" hai0="99,124,49,73,18,67,107,85,65,114,100,6,129" hai1="77,97,29,61,27,37,128,130,111,75,120,11,10" hai2="83,46,72,9,102,22,109,0,55,1,32,106,93" hai3="70,57,118,94,25,59,78,2,101,23,48,42,66"/><W98/><G2/><T50/><D73/><U119/><E37/><V110/><F32/><W63/><G118/><T26/><D124/><U126/><E75/><V134/><F106/><W84/><G42/><T104/><D6/><U69/><E77/><N who="2" m="44455" /><F134/><W68/><G48/><T91/><D104/><U115/><E69/><V45/><F22/><W33/><G33/><T16/><D114/><U38/><E38/><V14/><F93/><W21/><G59/><T117/><D117/><U96/><E115/><V43/><F55/><W92/><G23/><T122/><D122/><U58/><E119/><V36/><F46/><W123/><G123/><T8/><D18/><U51/><E51/><V74/><F102/><W15/><G15/><T39/><D39/><U79/><E79/><V28/><F28/><N who="3" m="17455" /><G78/><T82/><D49/><U44/><E44/><V76/><F76/><W13/><G13/><T132/><D50/><U135/><E120/><V5/><F74/><W113/><G113/><T4/><D132/><U19/><E135/><V35/><F35/><W64/><G66/><T31/><D67/><U105/><E126/><V95/><F95/><W131/><G131/><N who="1" m="50218" /><E105/><V112/><F112/><W17/><G17/><T41/><D65/><N who="1" m="39095" /><E19/><V103/><F103/><W87/><G94/><T86/><D16/><U90/><E90/><V30/><F30/><W88/><G88/><T53/><D91/><U80/><E11/><V20/><F20/><W89/><G89/><T54/><D8/><U34/><E10/><V12/><F0/><W133/><G133/><T40/><D129/><U121/><E121/><RYUUKYOKU ba="0,0" sc="166,-15,170,-15,314,15,350,15" hai2="1,5,9,12,14,36,43,45,109,110" hai3="57,63,64,68,70,84,87,92,98,101" /><INIT seed="3,1,0,4,0,99" ten="151,155,329,365" oya="3" hai0="2,53,114,0,133,46,19,26,22,94,8,120,10" hai1="59,126,3,56,97,101,33,61,132,32,84,81,28" hai2="109,100,12,66,54,87,131,67,40,35,85,42,44" hai3="77,1,43,75,62,30,83,105,34,76,13,36,93"/><W115/><G115/><T41/><D114/><U130/><E3/><V125/><F35/><W71/><G105/><T108/><D120/><U11/><E130/><V14/><F109/><W58/><G71/><T80/><D108/><U122/><E122/><V70/><F131/><W45/><G76/><T17/><D133/><U124/><E132/><V134/><F134/><W103/><G1/><T29/><D53/><N who="1" m="33935" /><E11/><N who="0" m="4137" /><D80/><U113/><E59/><V69/><F125/><N who="1" m="48233" /><E28/><V96/><F54/><W127/><G127/><T88/><D2/><U92/><E113/><V7/><F7/><W20/><G34/><T128/><D0/><U106/><E106/><V82/><F82/><W104/><G104/><T68/><D68/><U31/><E31/><V27/><F27/><W55/><G30/><T73/><D73/><U129/><E129/><V4/><F4/><W60/><G13/><T23/><D22/><U74/><E74/><V37/><F96/><W119/><G20/><T117/><D128/><U63/><E63/><V86/><F44/><W112/><G62/><T78/><D29/><U95/><E95/><V89/><F37/><W15/><G15/><T90/><D94/><U21/><E21/><V5/><F5/><W25/><G25/><T48/><D23/><U91/><AGARI ba="1,0" hai="32,33,81,84,91,92,97,101" m="48233,33935" machi="91" ten="30,2000,0" yaku="18,1,52,1" doraHai="99" who="1" fromWho="1" sc="151,-6,155,23,329,-6,365,-11" /><INIT seed="4,0,0,2,3,48" ten="145,178,323,354" oya="0" hai0="16,87,80,43,15,135,76,69,104,78,72,22,75" hai1="108,130,91,53,125,113,51,82,118,13,7,93,14" hai2="77,105,107,92,27,1,74,126,116,52,45,4,97" hai3="46,9,109,100,73,44,39,103,5,34,119,101,21"/><T68/><D104/><U33/><E108/><V115/><F115/><W98/><G34/><T26/><D135/><U124/><E118/><V81/><F126/><N who="1" m="48745" /><E33/><V70/><F70/><W127/><G109/><T122/><D122/><U23/><E130/><V49/><F116/><W86/><G73/><T57/><D43/><U50/><E113/><V25/><F1/><W17/><G119/><T106/><D106/><U128/><E128/><V79/><F4/><W6/><G6/><T96/><D87/><N who="1" m="50679" /><E7/><V121/><F121/><W95/><G86/><T84/><D96/><U94/><E50/><V41/><F107/><W85/><G85/><T89/><D69/><U35/><E35/><V31/><F105/><W90/><G39/><T112/><D68/><U61/><E61/><V38/><F77/><N who="0" m="29802" /><D75/><U32/><E32/><V24/><F31/><W67/><G127/><T59/><D72/><U99/><E23/><V18/><F18/><W54/><G9/><N who="0" m="6255" /><D112/><U58/><E94/><V132/><F132/><W66/><G5/><T29/><AGARI ba="0,0" hai="22,26,29,57,59,80,84,89" m="6255,29802" machi="29" ten="30,3000,0" yaku="8,1,54,1" doraHai="48" who="0" fromWho="0" sc="145,30,178,-10,323,-10,354,-10" /><INIT seed="4,1,0,2,0,129" ten="175,168,313,344" oya="0" hai0="89,95,50,116,132,109,6,87,11,72,48,58,63" hai1="64,34,82,17,35,115,83,105,26,28,134,122,21" hai2="130,33,92,84,86,99,93,126,97,77,67,75,38" hai3="85,18,30,124,113,20,62,15,103,45,128,61,56"/><T104/><D116/><U32/><E105/><V123/><F33/><W19/><G128/><T70/><D72/><U3/><E122/><V40/><F130/><W49/><G113/><T110/><D70/><U117/><E117/><V27/><F27/><W43/><G124/><T14/><D104/><U135/><E3/><V1/><F1/><W100/><G85/><T10/><D10/><U78/><E115/><V60/><F126/><W24/><G18/><T2/><D2/><U101/><E101/><V120/><F38/><W46/><G46/><T90/><D132/><N who="1" m="50731" /><E64/><V76/><F40/><W71/><G71/><T22/><D22/><N who="1" m="15447" /><E78/><N who="2" m="30315" /><F60/><N who="3" m="23147" /><G56/><T29/><D90/><U51/><E51/><V107/><F67/><W36/><G36/><T31/><D50/><U68/><E68/><V121/><F75/><W52/><G43/><T114/><D48/><U9/><E9/><AGARI ba="1,0" hai="9,15,19,20,24,30,45,49,52,100,103" m="23147" machi="9" ten="30,2000,0" yaku="8,1,54,1" doraHai="129" who="3" fromWho="1" sc="175,0,168,-23,313,0,344,23" /><INIT seed="5,0,0,1,1,133" ten="175,145,313,367" oya="1" hai0="51,30,63,113,91,14,54,96,120,107,79,49,35" hai1="13,25,81,126,42,123,12,72,100,88,5,101,44" hai2="105,58,15,17,90,73,32,62,37,24,47,23,2" hai3="10,26,65,77,93,3,48,16,114,128,27,106,119"/><U98/><E123/><V74/><F105/><W50/><G106/><T104/><D120/><U124/><E72/><V103/><F103/><N who="1" m="39497" /><E25/><V28/><F2/><W80/><G93/><T94/><D107/><U86/><E98/><V97/><F37/><W8/><G65/><T112/><D104/><U59/><E59/><V109/><F109/><W135/><G3/><T134/><D134/><U122/><E5/><V89/><F47/><W99/><G99/><T66/><D79/><U43/><E43/><V131/><F131/><W95/><G95/><T110/><D110/><U64/><E64/><V56/><F56/><W60/><G135/><T78/><D78/><U0/><E0/><V34/><F34/><W115/><G128/><T52/><D14/><U55/><E55/><N who="0" m="21033" /><D30/><U18/><E18/><V118/><F118/><W76/><G16/><T1/><D35/><U36/><E122/><V82/><F73/><W121/><G121/><T20/><D20/><U70/><E70/><V102/><F74/><W6/><G6/><T92/><D92/><U127/><AGARI ba="0,0" hai="12,13,36,42,44,81,86,88,124,126,127" m="39497" machi="127" ten="40,12000,1" yaku="18,1,52,3,54,1" doraHai="133" who="1" fromWho="1" sc="175,-40,145,120,313,-40,367,-40" /><INIT seed="5,1,0,5,1,60" ten="135,265,273,327" oya="1" hai0="20,120,33,53,64,101,105,10,131,97,18,58,83" hai1="106,68,35,100,50,49,23,46,34,44,89,121,32" hai2="13,71,114,82,67,85,4,84,119,134,38,8,24" hai3="7,127,102,62,87,69,19,36,133,63,45,126,11"/><U125/><E68/><V43/><F119/><W40/><G133/><T129/><D120/><U57/><E121/><V132/><F38/><W81/><G19/><T39/><D33/><U54/><E125/><N who="3" m="47626" /><G102/><T109/><D39/><U78/><E78/><V3/><F43/><W117/><G69/><T118/><D118/><U79/><E79/><V66/><F71/><W88/><G117/><T122/><D122/><U99/><E89/><V130/><F130/><W110/><G110/><T2/><D109/><U21/><REACH who="1" step="1"/><E57/><REACH who="1" ten="135,255,273,327" step="2"/><V95/><F114/><W29/><G29/><T48/><D131/><U51/><E51/><V14/><F134/><W107/><G107/><T27/><D48/><U37/><E37/><V31/><F132/><W86/><G86/><T75/><D105/><U90/><E90/><V113/><F113/><W61/><G61/><T104/><D104/><U92/><E92/><V16/><F95/><W59/><G59/><T70/><D58/><U15/><E15/><AGARI ba="1,1" hai="7,11,15,36,40,45,62,63,81,87,88" m="47626" machi="15" ten="30,2000,0" yaku="18,1,54,1" doraHai="60" who="3" fromWho="1" sc="135,0,255,-23,273,0,327,33" /><INIT seed="6,0,0,3,2,82" ten="135,232,273,360" oya="2" hai0="52,71,76,100,122,133,45,135,0,120,54,9,53" hai1="70,21,72,84,1,49,12,7,86,27,20,91,85" hai2="46,109,57,105,24,131,134,8,93,129,78,61,87" hai3="119,15,18,37,31,96,11,75,23,108,36,103,112"/><V113/><F113/><W10/><G119/><T92/><D71/><U51/><E72/><V26/><F105/><W98/><G75/><T79/><D45/><U47/><E70/><V80/><F134/><N who="0" m="51210" /><D9/><N who="1" m="4159" /><E1/><V132/><F132/><W50/><G108/><T6/><D0/><U25/><E91/><V83/><F109/><W32/><G98/><T94/><D100/><U64/><E64/><V59/><F83/><W97/><G97/><T66/><D6/><U3/><E3/><V62/><F8/><W56/><G112/><T101/><D101/><U77/><E77/><N who="0" m="29769" /><D66/><U90/><E90/><V41/><F93/><AGARI ba="0,0" hai="52,53,54,92,93,94,120,122" m="29769,51210" machi="93" ten="40,8000,1" yaku="28,2,20,1,54,1" doraHai="82" who="0" fromWho="2" sc="135,80,232,0,273,-80,360,0" /><INIT seed="7,0,0,2,5,20" ten="215,232,193,360" oya="3" hai0="15,104,118,60,87,94,31,81,66,132,39,3,35" hai1="102,57,73,48,82,28,22,8,6,25,75,107,59" hai2="68,114,53,116,112,26,88,95,93,121,96,36,63" hai3="91,12,109,83,76,14,80,126,130,67,98,37,74"/><W124/><G130/><T9/><D3/><U19/><E107/><V70/><F116/><W1/><G1/><T86/><D104/><U106/><E106/><V127/><F127/><N who="3" m="48683" /><G109/><T72/><D39/><U30/><E102/><N who="2" m="60687" /><F121/><W99/><G37/><T40/><D72/><U89/><E75/><V38/><F53/><W41/><G41/><T56/><D40/><U123/><E123/><V128/><F128/><W2/><G2/><T135/><D118/><U33/><E48/><V61/><F61/><W111/><G111/><T45/><D45/><U4/><E73/><V101/><F101/><W43/><G43/><T131/><D131/><U105/><E105/><V122/><F122/><W10/><G67/><T58/><D56/><N who="1" m="21579" /><E33/><V84/><F26/><W32/><G32/><T78/><D35/><U7/><E8/><V77/><F77/><W100/><G100/><T51/><D31/><U24/><E24/><V17/><F17/><N who="3" m="8343" /><G14/><T92/><D15/><U90/><E90/><V65/><F70/><W21/><G21/><T5/><D78/><U42/><E42/><V117/><F117/><W52/><G76/><T0/><D0/><U125/><E125/><V133/><F133/><W55/><G74/><T129/><D135/><U113/><E113/><AGARI ba="0,0" hai="36,38,63,65,68,84,88,95,112,113,114" m="60687" machi="113" ten="30,2000,0" yaku="15,1,54,1" doraHai="20" who="2" fromWho="1" sc="215,0,232,-20,193,20,360,0" owari="215,2.0,212,-29.0,213,-19.0,360,46.0" /></mjloggm>