<mjloggm ver="2.3"><GO type="97" lobby="0"/><UN n0="%E3%81%84%E3%81%8A%E3%81%AA%E3%81%A1%E3%81%A1" n1="%35%35%35%35%35" n2="%E5%B0%B1%E6%B4%BB%E7%94%9F%40%E5%B7%9D%E6%9D%91%E8%BB%8D%E5%9B%A3" n3="%68%65%6A%69%61%6E" dan="13,14,15,14" rate="1906.32,1860.82,2076.64,1930.39" sx="M,M,M,M"/><TAIKYOKU oya="0"/><INIT seed="0,0,0,0,5,2" ten="250,250,250,250" oya="0" hai0="86,120,124,126,22,113,10,125,66,71,56,104,130" hai1="84,27,8,35,0,100,37,135,52,88,60,95,69" hai2="111,17,42,59,24,28,63,77,98,68,70,99,13" hai3="80,39,25,53,6,78,76,81,75,87,121,54,57"/><T14/><D120/><U20/><E37/><V38/><F111/><W115/><G115/><T110/><D104/><U30/><E135/><V105/><F77/><W34/><G121/><T74/><D74/><U31/><E100/><V91/><F42/><W103/><G103/><T12/><D71/><U119/><E119/><V127/><F38/><W73/><G87/><T43/><D43/><U7/><E69/><V15/><F15/><W26/><G34/><T116/><D116/><U90/><E90/><V45/><F45/><W4/><G39/><T134/><D134/><U49/><E60/><V44/><F44/><W128/><G57/><T55/><D66/><U72/><E72/><V102/><F98/><W83/><G83/><T23/><D113/><U94/><E94/><V62/><F91/><W1/><G1/><T107/><D107/><U132/><E132/><V92/><F105/><W61/><G61/><N who="0" m="35999" /><D110/><U109/><E109/><V97/><F97/><W106/><G106/><T48/><D48/><U133/><E133/><V112/><F127/><W19/><G19/><N who="0" m="8599" /><D130/><AGARI ba="0,0" hai="4,6,25,26,53,54,73,75,76,78,80,81,128,130" machi="130" ten="25,6400,0" yaku="22,2,52,2" doraHai="2" who="3" fromWho="0" sc="250,-64,250,0,250,0,250,64" /><INIT seed="1,0,0,4,1,21" ten="186,250,250,314" oya="1" hai0="6,63,92,23,77,35,91,70,108,49,117,124,72" hai1="104,107,121,87,56,52,14,95,62,98,101,134,88" hai2="113,43,118,119,53,76,38,120,4,84,61,3,39" hai3="73,81,128,123,48,24,32,112,110,28,15,64,85"/><U18/><E121/><V54/><F3/><W105/><G123/><T99/><D117/><N who="2" m="44554" /><F4/><W55/><G112/><T46/><D108/><U27/><E134/><V25/><F25/><W109/><G73/><T26/><D124/><U9/><REACH who="1" step="1"/><E27/><REACH who="1" ten="186,240,250,314" step="2"/><V36/><F120/><W114/><G114/><T60/><D35/><U100/><E100/><V126/><F126/><W132/><G110/><T82/><D70/><U30/><E30/><V122/><F113/><W86/><G109/><T0/><D6/><U45/><E45/><V50/><F122/><W47/><G28/><T83/><D0/><U80/><AGARI ba="0,1" hai="9,14,18,52,56,62,80,87,88,95,98,101,104,107" machi="80" ten="20,12000,1" yaku="1,1,0,1,7,1,54,2,53,0" doraHai="21" doraHaiUra="34" who="1" fromWho="1" sc="186,-40,240,130,250,-40,314,-40" /><INIT seed="1,1,0,5,4,5" ten="146,370,210,274" oya="1" hai0="106,9,27,12,6,79,33,34,20,100,30,15,29" hai1="113,74,115,88,91,116,111,102,35,36,24,112,17" hai2="76,66,55,108,26,38,68,84,94,49,104,89,31" hai3="129,22,7,43,69,130,73,13,61,44,103,83,75"/><U97/><E36/><V53/><F38/><W18/><G103/><T54/><D106/><U101/><E116/><V67/><F108/><W105/><G105/><T64/><D79/><U72/><E35/><N who="0" m="13321" /><D54/><U119/><E24/><V40/><F104/><W92/><G92/><T59/><D59/><U127/><E17/><V132/><F132/><W21/><G83/><T134/><D64/><U133/><E133/><V28/><F76/><W57/><G69/><T19/><D100/><N who="1" m="38507" /><E119/><V32/><F31/><N who="0" m="11786" /><D134/><U51/><E51/><V80/><F40/><W41/><G44/><T11/><D27/><U65/><E65/><V58/><F68/><W107/><G107/><T77/><D77/><U10/><E74/><V23/><F32/><W131/><G7/><T47/><D47/><U70/><E72/><V135/><F135/><W62/><G129/><T123/><D123/><U0/><E70/><V71/><F71/><W52/><G57/><T14/><D14/><U63/><E97/><V8/><F80/><W25/><G25/><T96/><D96/><U81/><E81/><V3/><F55/><W93/><G52/><T82/><D82/><U37/><E37/><V85/><F85/><W114/><G13/><T120/><D120/><U99/><E99/><V117/><F117/><W122/><G122/><T110/><D110/><U126/><E111/><V46/><F46/><W42/><G131/><T39/><D39/><U121/><E121/><V90/><F90/><N who="1" m="34345" /><E63/><V95/><F95/><W1/><G130/><T50/><D50/><U4/><E113/><V2/><F2/><W109/><G114/><RYUUKYOKU ba="1,0" sc="146,10,370,10,210,10,274,-30" hai0="6,9,11,12,15,19,20" hai1="0,4,10,112,115,126,127" hai2="3,8,23,26,28,49,53,58,66,67,84,89,94" /><INIT seed="1,2,0,1,3,32" ten="156,380,220,244" oya="1" hai0="66,34,111,112,23,1,62,51,118,25,93,96,33" hai1="26,42,47,2,43,106,119,122,114,64,78,65,95" hai2="45,70,19,10,6,75,116,113,76,29,134,60,28" hai3="38,27,124,102,30,61,98,24,49,11,44,115,37"/><U56/><E106/><V110/><F116/><W67/><G115/><T81/><D112/><U20/><E114/><V128/><F113/><W80/><G80/><T97/><D118/><U121/><E119/><V63/><F128/><W82/><G82/><T46/><D97/><U108/><E78/><V104/><F104/><N who="3" m="63575" /><G24/><T123/><D81/><U7/><E95/><V72/><F76/><W17/><G124/><T3/><D111/><U48/><E43/><V53/><F110/><W14/><G49/><T132/><D34/><U109/><E122/><V117/><F117/><W4/><G44/><T79/><D33/><U125/><E125/><V58/><F134/><W99/><G99/><T91/><D132/><U5/><E121/><V92/><F92/><W131/><G17/><T100/><D123/><U54/><E109/><V16/><F45/><W41/><G41/><T50/><D91/><U84/><E84/><V69/><F10/><W135/><G135/><T83/><D50/><U127/><E127/><V9/><F9/><W15/><G15/><T87/><D51/><U129/><E108/><V8/><F8/><W18/><G18/><T31/><D46/><U105/><E47/><V55/><F58/><AGARI ba="2,0" hai="1,3,23,25,31,58,62,66,79,83,87,93,96,100" machi="58" ten="30,8000,1" yaku="7,1,25,2,52,2" doraHai="32" who="0" fromWho="2" sc="156,86,380,0,220,-86,244,0" /><INIT seed="2,0,0,0,5,43" ten="242,380,134,244" oya="2" hai0="63,1,21,6,48,31,111,37,83,132,119,67,94" hai1="109,13,75,65,28,92,130,24,34,70,29,52,23" hai2="125,115,10,102,22,77,58,98,26,104,69,60,108" hai3="11,30,39,73,47,84,128,121,106,12,4,72,14"/><V113/><F125/><W40/><G121/><T110/><D37/><U91/><E75/><V50/><F108/><N who="0" m="41514" /><D119/><U20/><E109/><V44/><F77/><W100/><G30/><T38/><D38/><U71/><E34/><V96/><F10/><W105/><G128/><T15/><D83/><U0/><E0/><V36/><F36/><W88/><G14/><T126/><D94/><U61/><E61/><V66/><F96/><W95/><REACH who="3" step="1"/><G100/><REACH who="3" ten="242,380,134,234" step="2"/><T82/><D31/><U62/><E28/><V9/><F9/><W78/><G78/><T124/><D1/><U99/><E29/><V80/><F80/><W133/><G133/><T27/><D82/><U17/><E13/><V131/><F131/><W2/><G2/><T8/><D132/><U114/><E130/><V56/><F113/><W51/><G51/><T54/><D21/><U53/><E23/><V5/><F115/><W19/><G19/><T3/><D27/><U7/><E20/><V16/><REACH who="2" step="1"/><F5/><REACH who="2" ten="242,380,124,234" step="2"/><W35/><G35/><T45/><D3/><U81/><E7/><V85/><F85/><W32/><G32/><T112/><D112/><U33/><E114/><V107/><F107/><AGARI ba="0,2" hai="4,11,12,39,40,47,72,73,84,88,95,105,106,107" machi="107" ten="40,5200,0" yaku="1,1,52,1,54,1,53,0" doraHai="43" doraHaiUra="122" who="3" fromWho="2" sc="242,0,380,0,124,-52,234,72" /><INIT seed="3,0,0,0,4,110" ten="242,380,72,306" oya="3" hai0="16,8,120,22,90,74,17,99,57,87,30,124,46" hai1="50,71,18,62,58,55,115,73,5,26,52,82,109" hai2="78,134,67,47,81,76,69,107,85,59,129,61,34" hai3="122,119,12,103,54,117,56,72,23,0,98,123,63"/><W6/><G72/><T70/><D74/><U33/><E115/><V37/><F107/><W21/><G0/><T53/><D70/><U32/><E5/><V92/><F129/><W64/><G122/><T41/><D120/><U49/><E109/><V31/><F134/><W84/><G123/><T43/><D124/><U77/><E50/><V68/><F78/><W42/><G42/><T36/><D43/><U128/><E128/><V102/><F34/><W35/><G35/><T113/><D113/><U19/><E71/><V44/><F31/><W1/><G1/><T116/><D116/><U14/><E26/><V45/><F102/><W91/><G64/><T104/><D104/><U93/><E93/><V28/><F28/><W60/><G60/><T65/><D99/><U86/><E73/><V97/><F97/><W24/><G24/><T112/><D112/><U80/><E80/><V66/><F92/><N who="3" m="58823" /><G117/><T25/><D8/><U100/><E100/><V135/><F135/><W13/><G119/><T118/><D65/><U48/><E62/><V27/><F27/><W121/><G121/><T95/><D118/><U51/><E51/><V38/><F38/><W2/><G2/><T11/><D11/><U3/><E3/><V131/><F131/><W83/><G6/><T40/><D40/><U133/><E133/><V106/><F106/><W127/><G127/><T89/><D89/><U114/><E114/><V10/><F10/><W125/><G125/><T29/><D17/><N who="1" m="6155" /><E14/><AGARI ba="0,0" hai="12,13,14,21,23,54,56,63,83,84,91" m="58823" machi="14" ten="30,1500,0" yaku="8,1" doraHai="110" who="3" fromWho="1" sc="242,0,380,-15,72,0,306,15" /><INIT seed="3,1,0,2,3,53" ten="242,365,72,321" oya="3" hai0="3,101,133,60,21,15,52,13,134,82,32,109,130" hai1="118,96,135,66,92,103,45,46,70,6,125,68,132" hai2="42,31,55,54,25,90,36,16,89,80,59,69,43" hai3="99,106,4,40,72,98,22,9,84,63,93,78,56"/><W14/><G72/><T128/><D3/><U62/><E125/><V104/><F104/><W35/><G35/><T75/><D101/><U65/><E118/><V77/><F77/><W88/><G106/><T95/><D32/><U110/><E110/><V44/><F44/><N who="1" m="17001" /><E6/><V7/><F7/><W27/><G40/><T91/><D109/><U39/><E39/><V24/><F69/><N who="1" m="26729" /><E62/><V79/><F36/><W2/><G78/><N who="0" m="44383" /><D21/><U97/><E97/><V131/><F131/><N who="0" m="50218" /><D91/><U19/><E19/><V102/><F102/><W30/><G2/><T100/><D95/><U122/><E122/><V58/><F58/><W26/><REACH who="3" step="1"/><G27/><REACH who="3" ten="242,365,72,311" step="2"/><T119/><D119/><U20/><E20/><V64/><F31/><W41/><G41/><T107/><D107/><U85/><E85/><V117/><F117/><W86/><G86/><T8/><D8/><U113/><E113/><V129/><F129/><W114/><G114/><T67/><D100/><U47/><E47/><V51/><F79/><W76/><G76/><T108/><D108/><U38/><E38/><V23/><F80/><W18/><G18/><T83/><D83/><U74/><E74/><V12/><F64/><AGARI ba="1,1" hai="4,9,14,22,26,30,56,63,64,84,88,93,98,99" machi="64" ten="30,12000,1" yaku="1,1,7,1,8,1,52,1,54,1,53,0" doraHai="53" doraHaiUra="120" who="3" fromWho="2" sc="242,0,365,0,72,-123,311,133" owari="242,-16.0,365,17.0,-51,-55.0,444,54.0" /></mjloggm>