<mjloggm ver="2.3"><GO type="97" lobby="0"/><UN n0="%E7%AC%AC%E4%BA%8C%E9%9F%B3%E6%A5%BD%E5%AE%A4" n1="%E3%83%88%E3%83%88%E3%83%AA%E5%85%88%E7%94%9F%31%39%E6%AD%B3" n2="%E5%85%83%E7%A6%84" n3="%E7%B7%8B%E3%81%84%E7%8C%AB%EF%BC%9E%EF%BC%9C%EF%BC%81" dan="15,15,15,15" rate="1977.09,2052.29,1988.53,1981.91" sx="M,F,M,F"/><TAIKYOKU oya="0"/><INIT seed="0,0,0,5,5,114" ten="250,250,250,250" oya="0" hai0="46,38,19,13,33,113,133,122,75,116,85,70,104" hai1="111,72,89,66,107,130,45,56,77,53,52,32,129" hai2="58,40,102,108,60,55,44,69,63,105,109,57,50" hai3="37,18,115,27,124,91,101,93,22,26,127,123,73"/><T35/><D19/><U67/><E32/><V62/><F105/><W132/><G115/><T126/><D13/><U79/><E107/><V92/><F102/><W84/><G123/><T29/><D29/><U20/><E111/><N who="2" m="42571" /><F92/><W81/><G37/><T10/><D46/><U76/><E72/><V3/><F3/><W51/><G132/><T71/><D10/><U31/><E89/><V7/><F7/><W11/><G51/><T95/><D70/><U74/><E74/><V0/><F0/><W16/><G73/><T94/><D94/><U121/><E121/><V61/><F69/><W80/><G101/><T131/><D95/><U118/><E118/><V97/><F97/><W47/><G47/><T30/><D85/><U82/><E82/><V100/><F100/><W120/><G120/><T4/><D4/><U59/><E45/><V87/><F87/><W65/><G65/><AGARI ba="0,0" hai="40,44,50,55,57,58,60,61,62,63,65" m="42571" machi="65" ten="30,3900,0" yaku="14,1,34,2" doraHai="114" who="2" fromWho="3" sc="250,0,250,0,250,39,250,-39" /><INIT seed="1,0,0,1,3,99" ten="250,250,289,211" oya="1" hai0="3,2,66,59,118,47,125,128,127,120,29,13,58" hai1="83,129,16,91,101,84,10,134,123,109,4,9,70" hai2="12,31,19,14,97,95,88,69,46,26,94,82,49" hai3="17,100,104,80,92,0,5,55,117,68,34,121,112"/><U64/><E123/><V105/><F69/><W33/><G121/><T116/><D120/><U42/><E129/><V41/><F105/><W124/><G112/><T72/><D29/><U126/><E134/><V132/><F132/><W18/><G124/><N who="0" m="47691" /><D128/><U108/><E126/><V45/><F82/><W1/><G117/><N who="0" m="45163" /><D72/><U32/><E32/><V54/><F19/><W102/><G104/><T15/><D47/><U23/><E42/><V24/><F95/><W40/><G55/><T81/><D81/><U85/><E85/><V43/><F54/><W60/><G80/><T110/><D110/><N who="1" m="42603" /><E4/><V114/><F114/><W27/><G5/><T38/><D38/><U77/><E77/><V79/><F79/><W7/><G7/><T61/><D61/><N who="1" m="40207" /><E101/><V113/><F113/><W115/><G40/><T62/><D62/><U111/><N who="1" m="42611" /><U67/><DORA hai="75" /><E67/><V39/><F26/><AGARI ba="0,0" hai="9,10,16,23,26,83,84,91" m="40207,42611" machi="26" ten="40,7700,0" yaku="14,1,10,1,54,1" doraHai="99,75" who="1" fromWho="2" sc="250,0,250,77,289,-77,211,0" /><INIT seed="1,1,0,5,3,112" ten="250,327,212,211" oya="1" hai0="69,96,57,49,133,124,116,97,81,120,27,78,115" hai1="67,21,104,125,77,0,72,101,109,93,22,94,60" hai2="51,19,4,58,107,38,70,99,135,35,61,53,13" hai3="34,91,37,43,74,117,106,3,29,89,87,59,5"/><U102/><E0/><V1/><F35/><W33/><G106/><T41/><D115/><U25/><E125/><V110/><F38/><W6/><G74/><T52/><D69/><U68/><E109/><V15/><F110/><W17/><G59/><T95/><D124/><U92/><E104/><V62/><F1/><W130/><G130/><T76/><D133/><U18/><E77/><V71/><F4/><W26/><G43/><T114/><D114/><U2/><E72/><V31/><F31/><W128/><G128/><T11/><D120/><U83/><E83/><V123/><F123/><W48/><G48/><T126/><D126/><U131/><E2/><V90/><F13/><W44/><G87/><T86/><D11/><U134/><E131/><V82/><F107/><W46/><G37/><T7/><D7/><U111/><E111/><V20/><F135/><W30/><G3/><T63/><D27/><U10/><E10/><V47/><F62/><W9/><G26/><T121/><D121/><U108/><E108/><V73/><F73/><W85/><G9/><T100/><D97/><U23/><E134/><V56/><F56/><W119/><G85/><T28/><D28/><U24/><E22/><V16/><F19/><AGARI ba="1,0" hai="5,6,17,19,29,30,33,34,44,46,89,91,117,119" machi="19" ten="25,6400,0" yaku="22,2,52,2" doraHai="112" who="3" fromWho="2" sc="250,0,327,0,212,-67,211,67" /><AGARI ba="1,0" hai="18,19,21,23,24,25,60,67,68,92,93,94,101,102" machi="19" ten="40,2000,0" yaku="9,1" doraHai="112" who="1" fromWho="2" sc="250,0,327,20,145,-20,278,0" /><INIT seed="1,2,0,3,0,118" ten="250,347,125,278" oya="1" hai0="88,128,80,17,34,76,56,129,21,66,68,22,54" hai1="62,3,16,12,114,109,19,44,9,18,107,61,105" hai2="48,47,43,11,8,122,4,82,115,97,58,7,46" hai3="113,39,51,49,20,121,98,131,10,60,26,103,32"/><U126/><E114/><V119/><F119/><W116/><G32/><T29/><D66/><U42/><E3/><V127/><F115/><W87/><G39/><T108/><D68/><U71/><E126/><V13/><F127/><W100/><G116/><T85/><D108/><U33/><E33/><V77/><F58/><W90/><G113/><T65/><D65/><U132/><E132/><V95/><F122/><W93/><G121/><T112/><D112/><U38/><E109/><V50/><F97/><W52/><G131/><N who="0" m="50251" /><D76/><U31/><E31/><V130/><F95/><N who="3" m="54751" /><G10/><T25/><D17/><U72/><E72/><V69/><F69/><W41/><G41/><T73/><D73/><U14/><E19/><V96/><F96/><W133/><G103/><T81/><D81/><U37/><E71/><V91/><F91/><W104/><G104/><T24/><D24/><U78/><E78/><V59/><F59/><N who="3" m="34919" /><G133/><T5/><D5/><U86/><E86/><V30/><F30/><AGARI ba="2,0" hai="20,26,30,49,51,93,98,100" m="34919,54751" machi="30" ten="30,2000,0" yaku="8,1,54,1" doraHai="118" who="3" fromWho="2" sc="250,0,347,0,125,-26,278,26" /><INIT seed="2,0,0,1,4,61" ten="250,347,99,304" oya="2" hai0="93,107,102,114,112,94,131,45,68,99,66,77,29" hai1="76,119,26,74,134,79,18,28,20,33,4,57,46" hai2="11,34,108,21,39,6,120,31,69,110,123,71,2" hai3="98,126,41,30,17,82,81,16,83,44,59,58,122"/><V54/><F39/><W63/><G122/><N who="2" m="46633" /><F54/><W36/><G126/><T88/><D45/><U95/><E134/><V51/><F51/><N who="3" m="27023" /><G30/><T101/><D29/><U86/><E119/><V80/><F80/><W8/><G36/><T129/><D77/><U47/><E74/><V43/><F43/><W85/><G98/><N who="0" m="61879" /><D66/><U89/><E47/><V5/><F71/><W0/><G0/><T13/><D13/><U116/><E116/><V109/><F69/><W37/><G37/><T48/><D48/><U117/><E117/><V124/><F124/><W24/><G85/><N who="0" m="52367" /><D68/><U67/><E46/><V14/><F6/><W3/><G63/><T104/><D104/><U27/><E4/><V128/><F128/><AGARI ba="0,0" hai="94,99,102,112,114,128,129,131" m="52367,61879" machi="128" ten="30,7700,0" yaku="19,1,34,2,54,1" doraHai="61" who="0" fromWho="2" sc="250,77,347,0,99,-77,304,0" /><INIT seed="3,0,0,2,1,129" ten="327,347,22,304" oya="3" hai0="19,73,103,100,128,123,81,133,4,115,89,79,22" hai1="16,44,93,96,26,87,82,6,20,23,41,12,91" hai2="94,97,112,11,53,70,124,0,62,92,21,84,51" hai3="57,67,8,127,59,10,2,63,25,99,78,104,110"/><W77/><G127/><T50/><D123/><U30/><E6/><V46/><F112/><W66/><G110/><T68/><D128/><U9/><E44/><V34/><F34/><W28/><G2/><T101/><D115/><U43/><E9/><N who="3" m="3690" /><G104/><T120/><D120/><U134/><E134/><V55/><F124/><W106/><G106/><T40/><D4/><U35/><E35/><V64/><F21/><N who="3" m="15407" /><G99/><T131/><D131/><U119/><E119/><V17/><F0/><W42/><G42/><T48/><D133/><U98/><E98/><V52/><F11/><W121/><G121/><T86/><D68/><U85/><E85/><V61/><F17/><W113/><G113/><T88/><D40/><U15/><E15/><V118/><F84/><W29/><G29/><T14/><REACH who="0" step="1"/><D89/><AGARI ba="0,0" hai="12,16,20,23,26,30,41,43,82,87,89,91,93,96" machi="89" ten="30,3900,0" yaku="7,1,8,1,54,1" doraHai="129" who="1" fromWho="0" sc="327,-39,347,39,22,0,304,0" owari="288,-11.0,386,49.0,22,-48.0,304,10.0" /></mjloggm>