<mjloggm ver="2.3"><GO type="97" lobby="0"/><UN n0="%E3%83%88%E3%83%88%E3%83%AA%E5%85%88%E7%94%9F%31%39%E6%AD%B3" n1="%E5%AE%AE%E5%B4%8E%E7%9C%8C%E4%BB%A3%E8%A1%A8" n2="%E6%94%B9%E9%80%A0%E3%83%A1%E3%82%AB%E3%82%BC%E3%83%83%E3%83%88%E3%83%B3" n3="%E3%81%84%EF%BD%9E%E3%81%8F%E3%82%93" dan="15,14,14,13" rate="2035.51,1947.27,1967.64,1901.23" sx="F,M,M,M"/><TAIKYOKU oya="0"/><INIT seed="0,0,0,1,3,102" ten="250,250,250,250" oya="0" hai0="76,28,97,46,3,87,90,34,95,55,78,88,126" hai1="45,32,96,68,27,10,26,119,69,80,75,127,12" hai2="103,110,91,59,125,85,120,104,62,67,16,118,83" hai3="113,1,56,134,64,44,0,57,105,135,5,71,43"/><T107/><D3/><U39/><E119/><V40/><F120/><W74/><G113/><T33/><D126/><U84/><E75/><V30/><F125/><W9/><G74/><T81/><D107/><U22/><E32/><V72/><F118/><W129/><G129/><T41/><D55/><U8/><E127/><V52/><F40/><W4/><G71/><T42/><D42/><U7/><E96/><V86/><F72/><W14/><G105/><T61/><D61/><U94/><E94/><V133/><F133/><N who="3" m="50699" /><G5/><T49/><REACH who="0" step="1"/><D28/><REACH who="0" ten="240,250,250,250" step="2"/><U123/><E39/><V99/><F110/><W117/><G117/><T47/><D47/><U35/><E45/><V31/><F67/><W60/><G57/><T131/><D131/><U100/><E69/><V20/><REACH who="2" step="1"/><F86/><REACH who="2" ten="240,250,240,250" step="2"/><W2/><G64/><T63/><D63/><U37/><E84/><V130/><F130/><W38/><G60/><T109/><D109/><U19/><E123/><V106/><F106/><W15/><G43/><T114/><D114/><U98/><E68/><V65/><F65/><W89/><G38/><T48/><D48/><U17/><E37/><V23/><F23/><W54/><G44/><T50/><D50/><U132/><E22/><V24/><AGARI ba="0,2" hai="16,20,24,30,31,52,59,62,83,85,91,99,103,104" machi="24" ten="20,12000,2" yaku="1,1,0,1,7,1,52,1,54,2,53,1" doraHai="102" doraHaiUra="13" who="2" fromWho="2" sc="240,-60,250,-30,240,140,250,-30" /><INIT seed="1,0,0,5,1,48" ten="180,220,380,220" oya="1" hai0="45,104,100,8,108,106,88,105,60,87,42,9,1" hai1="44,90,117,77,132,24,129,76,33,12,98,110,29" hai2="83,95,61,30,20,118,3,54,135,107,40,116,67" hai3="131,11,64,103,74,14,112,126,56,85,25,51,13"/><U50/><E117/><V69/><F107/><W111/><G112/><T39/><D108/><U122/><E122/><V125/><F3/><W57/><G74/><T22/><D100/><U133/><E110/><V86/><F40/><W92/><G111/><T55/><D22/><U81/><E129/><V101/><F125/><W97/><G126/><T38/><D38/><U82/><E12/><V120/><F120/><W21/><G131/><T84/><D84/><N who="1" m="50455" /><E98/><V114/><F114/><W113/><G113/><T91/><D1/><U128/><E81/><V27/><F135/><N who="1" m="51785" /><E128/><V72/><F72/><W15/><G85/><T7/><D7/><U41/><AGARI ba="0,0" hai="24,29,33,41,44,50,76,77" m="51785,50455" machi="41" ten="30,1500,0" yaku="20,1" doraHai="48" who="1" fromWho="1" sc="180,-5,220,15,380,-5,220,-5" /><INIT seed="1,1,0,2,3,52" ten="175,235,375,215" oya="1" hai0="77,73,58,108,33,72,83,5,0,111,13,132,110" hai1="45,99,1,24,55,38,21,135,26,50,62,102,121" hai2="85,46,115,41,9,130,105,109,98,8,30,117,124" hai3="44,42,51,17,22,69,11,25,10,67,131,43,100"/><U118/><E118/><V86/><F117/><W12/><G131/><T63/><D0/><U27/><E1/><V129/><F115/><W76/><G76/><T125/><D33/><U88/><E135/><V34/><F109/><N who="0" m="27906" /><T65/><DORA hai="91" /><D132/><U36/><E121/><V61/><F124/><W92/><G69/><T39/><D39/><U93/><E21/><V128/><F61/><W101/><G67/><T54/><D125/><U49/><E62/><V94/><F105/><W89/><G11/><N who="2" m="4169" /><F30/><N who="3" m="17719" /><G43/><T81/><D13/><U68/><E68/><V84/><F34/><W6/><G6/><T90/><D5/><U104/><REACH who="1" step="1"/><E49/><REACH who="1" ten="175,225,375,215" step="2"/><N who="2" m="26831" /><F129/><W23/><G23/><T95/><D81/><U78/><E78/><V97/><F130/><W75/><G75/><N who="0" m="43455" /><D65/><U47/><E47/><V133/><F128/><W80/><G44/><T127/><D127/><U28/><E28/><V79/><F133/><W120/><G120/><T20/><D20/><U7/><E7/><V116/><F116/><W103/><G10/><T2/><D2/><U119/><E119/><V14/><F79/><W37/><G37/><T40/><D40/><U57/><E57/><V60/><F60/><W4/><G42/><T114/><D114/><U107/><E107/><V71/><F71/><W15/><G4/><T123/><D123/><U48/><E48/><V96/><F14/><W82/><G15/><T122/><D122/><U53/><E53/><V70/><F70/><W126/><G126/><T87/><AGARI ba="1,1" hai="54,58,63,72,73,87,90,95" m="43455,27906" machi="87" ten="40,5200,0" yaku="14,1,52,2" doraHai="52,91" who="0" fromWho="0" sc="175,65,225,-27,375,-14,215,-14" /><INIT seed="2,0,0,5,4,69" ten="240,198,361,201" oya="2" hai0="103,46,101,64,39,11,65,76,115,106,48,127,114" hai1="102,129,22,1,37,61,88,13,5,45,124,94,55" hai2="14,24,58,72,110,2,120,3,85,44,81,16,131" hai3="47,99,63,50,19,83,9,35,126,56,31,135,118"/><V6/><F120/><W10/><G118/><T15/><D127/><U21/><E124/><V100/><F100/><W122/><G126/><T133/><D133/><U33/><E33/><V119/><F72/><W36/><G36/><T96/><D39/><U89/><E129/><V112/><F119/><W41/><G122/><T104/><D76/><U12/><E102/><V71/><F131/><W34/><G135/><T7/><D65/><U132/><E1/><V80/><F71/><W87/><G99/><T38/><D38/><U82/><E132/><V74/><F74/><W97/><G97/><T27/><D101/><U29/><E37/><V98/><F98/><W20/><G31/><T107/><D27/><N who="1" m="16623" /><E22/><N who="2" m="13383" /><F110/><W117/><G117/><T28/><D64/><U91/><E82/><V26/><F112/><W123/><G123/><T73/><D73/><U134/><E134/><V8/><F2/><W62/><G35/><T0/><D28/><U121/><E121/><V60/><F3/><W25/><G34/><T67/><D67/><U54/><E61/><N who="3" m="23050" /><G56/><T125/><D0/><U93/><E45/><V42/><F26/><W128/><G128/><T78/><D125/><U40/><E40/><V68/><F68/><W79/><AGARI ba="0,0" hai="9,10,19,20,25,41,47,50,79,83,87" m="23050" machi="79" ten="30,1100,0" yaku="8,1" doraHai="69" who="3" fromWho="3" sc="240,-3,198,-3,361,-5,201,11" /><INIT seed="3,0,0,5,1,35" ten="237,195,356,212" oya="3" hai0="90,99,49,56,25,102,81,76,105,39,78,7,92" hai1="13,21,85,101,110,95,10,2,53,14,8,108,44" hai2="9,42,86,69,48,98,63,129,40,114,72,122,6" hai3="37,125,75,83,91,87,70,67,51,17,68,15,50"/><W77/><G37/><T47/><D39/><U45/><E21/><V132/><F72/><W29/><G29/><T131/><D131/><U103/><E85/><V55/><F114/><W54/><G51/><T3/><D3/><U106/><E106/><V24/><F122/><W134/><G134/><T38/><D38/><U130/><E95/><V22/><F132/><W59/><G67/><T28/><D7/><U109/><E130/><V43/><F129/><W27/><G27/><T0/><D0/><U112/><E112/><V11/><F69/><W16/><G17/><T104/><D56/><U133/><E133/><V96/><F63/><W71/><G125/><T128/><D128/><U121/><E121/><V135/><F135/><W1/><G1/><T111/><D111/><U120/><E120/><V97/><F86/><W62/><G62/><T32/><D102/><N who="1" m="38923" /><E53/><V123/><F123/><W58/><G58/><T80/><D80/><U23/><E23/><V127/><F127/><W118/><G118/><T18/><D78/><U26/><E26/><V116/><F116/><W61/><G61/><T94/><D94/><U79/><E79/><V119/><F119/><W60/><G60/><T93/><D93/><U30/><E30/><N who="2" m="17687" /><F6/><W124/><G124/><T57/><D18/><N who="1" m="8487" /><E14/><V117/><F117/><W100/><G100/><T82/><D105/><U12/><E12/><V115/><F115/><W41/><G41/><N who="0" m="24815" /><D104/><U113/><E113/><V19/><F19/><W64/><G64/><T89/><D76/><U107/><E107/><V36/><F36/><W74/><G77/><T65/><D89/><RYUUKYOKU ba="0,0" sc="237,0,195,0,356,0,212,0" hai0="25,28,32,57,65,81,82,90,92,99" hai1="2,10,44,45,108,109,110" hai2="9,11,40,42,43,48,55,96,97,98" hai3="15,16,50,54,59,68,70,71,74,75,83,87,91" /><INIT seed="3,1,0,5,2,2" ten="237,195,356,212" oya="3" hai0="51,127,30,3,90,97,77,17,123,15,54,111,84" hai1="25,5,8,98,66,57,99,21,74,9,122,115,12" hai2="32,63,24,18,31,126,120,13,109,128,14,23,45" hai3="16,55,60,112,22,10,110,108,61,1,91,104,0"/><W7/><G112/><T130/><D123/><U42/><E74/><V67/><F120/><W27/><G104/><T73/><D3/><U52/><E122/><V89/><F109/><N who="3" m="42091" /><G91/><T11/><D130/><U101/><E42/><V129/><F126/><W6/><G55/><T106/><D73/><U114/><E66/><V20/><F45/><W96/><G96/><T64/><D127/><U86/><E86/><V85/><F13/><W53/><G53/><T79/><D111/><U80/><E80/><V121/><F121/><W69/><G69/><T4/><D30/><N who="1" m="17711" /><E115/><V135/><F135/><W75/><G75/><T116/><D116/><U125/><E125/><V44/><F44/><W105/><G105/><T100/><D17/><N who="1" m="8327" /><E114/><V33/><F89/><W81/><G81/><T88/><D64/><U83/><E101/><V95/><F67/><W65/><G65/><T29/><D29/><U26/><E26/><V134/><F129/><W43/><G43/><T37/><D37/><U124/><E124/><V19/><F128/><W49/><G49/><T58/><D88/><U103/><E103/><V117/><F117/><W92/><G92/><AGARI ba="1,0" hai="4,11,15,51,54,58,77,79,84,90,92,97,100,106" machi="92" ten="30,2000,0" yaku="7,1,52,1" doraHai="2" who="0" fromWho="3" sc="237,23,195,0,356,0,212,-23" owari="260,6.0,195,-20.0,356,45.0,189,-31.0" /></mjloggm>