<mjloggm ver="2.3"><GO type="97" lobby="0"/><UN n0="%4D%4F%4E%45" n1="%E6%98%9F%E3%81%AE%E5%BD%BC%E6%96%B9" n2="%E5%B0%B1%E6%B4%BB%E7%94%9F%40%E5%B7%9D%E6%9D%91%E8%BB%8D%E5%9B%A3" n3="%E3%83%89%E3%83%A9%E3%83%83%E3%82%AF%E3%82%AD%E3%83%B3%E3%82%B0" dan="14,13,14,15" rate="1963.73,1842.37,1925.10,2027.97" sx="M,M,M,M"/><TAIKYOKU oya="0"/><INIT seed="0,0,0,5,0,61" ten="250,250,250,250" oya="0" hai0="14,134,39,63,68,115,34,90,13,1,5,25,84" hai1="129,87,94,2,124,119,117,114,130,73,62,135,56" hai2="20,46,28,0,60,112,105,54,82,133,22,21,49" hai3="85,37,96,77,80,116,17,110,18,74,89,59,30"/><T52/><D115/><U91/><E73/><V102/><F112/><W123/><G37/><T64/><D1/><U65/><E114/><V95/><F133/><W127/><G116/><N who="1" m="44618" /><E2/><V29/><F0/><W109/><G123/><T122/><D122/><U99/><E135/><V107/><F107/><W132/><G132/><T27/><D134/><U16/><E16/><V100/><F105/><W93/><G127/><T76/><D76/><U48/><E48/><V70/><F82/><W57/><G30/><N who="2" m="11881" /><F70/><W53/><G74/><T131/><D34/><U3/><E3/><V24/><F24/><W98/><G98/><T44/><D131/><N who="1" m="50187" /><E124/><V9/><F9/><W79/><G79/><T35/><D35/><U106/><E106/><V67/><F95/><W51/><REACH who="3" step="1"/><G59/><REACH who="3" ten="250,250,250,240" step="2"/><N who="0" m="36991" /><D39/><U6/><E99/><V7/><F102/><W103/><G103/><T45/><D68/><U33/><E33/><V121/><F100/><W71/><G71/><T12/><D5/><AGARI ba="0,1" hai="5,6,56,62,65,87,91,94" m="50187,44618" machi="5" ten="30,2000,0" yaku="19,1,52,1" doraHai="61" who="1" fromWho="0" sc="250,-20,250,30,250,0,240,0" /><INIT seed="1,0,0,0,5,80" ten="230,280,250,240" oya="1" hai0="67,103,49,85,111,14,118,73,133,56,43,66,107" hai1="6,124,76,83,68,55,60,114,5,69,113,127,117" hai2="70,108,38,93,2,95,27,35,10,3,34,75,121" hai3="65,32,122,46,53,58,123,94,57,131,120,16,86"/><U37/><E37/><V109/><F121/><W64/><G32/><N who="2" m="12329" /><F38/><W42/><G131/><T101/><D111/><N who="2" m="42570" /><F75/><W89/><G57/><T63/><D133/><U24/><E24/><V23/><F70/><W9/><G46/><T50/><D118/><U54/><E117/><V132/><F132/><W99/><G42/><T79/><D73/><U1/><E1/><N who="2" m="11" /><F10/><W97/><G65/><T125/><D107/><U126/><E60/><V17/><AGARI ba="0,0" hai="17,23,27,93,95" m="11,42570,12329" machi="17" ten="40,1500,0" yaku="14,1" doraHai="80" who="2" fromWho="2" sc="230,-4,280,-7,250,15,240,-4" /><INIT seed="2,0,0,4,3,43" ten="226,273,265,236" oya="2" hai0="14,121,29,111,132,82,92,75,9,56,4,52,26" hai1="6,79,54,131,130,44,106,70,8,128,47,27,116" hai2="33,135,126,113,64,50,127,134,16,119,67,60,88" hai3="13,36,123,78,104,115,49,10,74,87,15,0,17"/><V124/><F33/><W91/><G36/><T41/><D111/><U96/><E116/><V61/><F119/><W68/><G68/><T18/><D132/><N who="2" m="50730" /><F113/><W120/><G115/><T46/><D121/><U94/><E106/><V76/><F76/><W81/><G104/><T38/><D92/><U98/><E70/><N who="2" m="42247" /><F88/><W37/><G37/><T21/><D75/><U84/><E54/><V23/><F50/><W57/><G0/><T25/><D82/><N who="1" m="47199" /><E27/><N who="2" m="14823" /><F124/><W30/><G30/><T118/><D118/><U55/><E55/><V72/><F72/><W133/><G133/><T28/><REACH who="0" step="1"/><D26/><REACH who="0" ten="216,273,265,236" step="2"/><U35/><E94/><V85/><F85/><W97/><G97/><N who="1" m="37482" /><E35/><V99/><F99/><W109/><G109/><T22/><D22/><U1/><AGARI ba="0,1" hai="1,6,8,44,47,128,130,131" m="37482,47199" machi="1" ten="40,5200,0" yaku="19,1,52,2" doraHai="43" who="1" fromWho="1" sc="216,-13,273,62,265,-26,236,-13" /><INIT seed="3,0,0,0,3,88" ten="203,335,239,223" oya="3" hai0="13,12,87,6,28,8,79,9,91,90,124,130,128" hai1="32,39,16,4,36,113,26,5,45,98,58,38,19" hai2="2,73,10,35,68,132,64,89,99,72,81,131,104" hai3="133,114,44,96,127,74,11,66,86,69,123,29,43"/><W93/><G74/><T24/><D124/><U118/><E113/><V54/><F131/><W65/><G127/><T42/><D79/><U119/><E98/><V121/><F121/><W120/><G114/><T83/><D42/><U56/><E45/><V105/><F132/><W55/><G133/><T34/><D130/><U40/><E40/><V110/><F110/><W97/><G55/><T46/><D128/><U0/><E0/><V62/><F35/><W14/><G29/><T20/><D34/><U50/><E50/><V109/><F109/><W78/><G69/><T71/><D71/><U94/><E94/><V75/><F54/><W22/><G22/><T57/><D57/><N who="1" m="22123" /><E32/><V122/><F122/><W7/><G120/><T67/><D67/><N who="3" m="25609" /><G123/><T84/><D46/><U85/><E85/><V21/><F21/><W108/><G108/><T3/><D9/><U49/><E49/><V37/><F37/><W134/><G134/><T129/><D129/><U100/><E26/><V53/><F53/><W18/><G7/><N who="1" m="2634" /><E100/><V106/><F2/><W117/><G117/><AGARI ba="0,0" hai="16,19,36,38,39,117,118,119" m="2634,22123" machi="117" ten="40,8000,1" yaku="28,2,12,1,54,1" doraHai="88" who="1" fromWho="3" sc="203,0,335,80,239,0,223,-80" owari="203,-20.0,415,52.0,239,4.0,143,-36.0" /></mjloggm>