<mjloggm ver="2.3"><GO type="41" lobby="0"/><UN n0="%E5%B0%B1%E6%B4%BB%E7%94%9F%40%E5%B7%9D%E6%9D%91%E8%BB%8D%E5%9B%A3" n1="%E3%83%A9%E3%83%B3%E3%83%93%E3%83%B3%E3%83%93%E3%83%B3%E3%83%93%E3%83%B3" n2="%41%6D%69%63%68%61%6E" n3="%57%61%74%41%72%75%6E" dan="15,13,14,14" rate="1965.49,1849.14,1942.80,1898.13" sx="M,M,M,M"/><TAIKYOKU oya="0"/><INIT seed="0,0,0,4,4,55" ten="250,250,250,250" oya="0" hai0="23,46,97,56,39,36,128,88,133,107,11,7,125" hai1="37,116,54,79,118,95,30,64,4,98,82,100,34" hai2="71,94,21,29,84,126,1,26,38,47,8,134,81" hai3="49,70,18,113,0,16,3,90,35,86,60,2,96"/><T42/><D125/><U22/><E37/><V122/><F71/><W28/><G113/><T114/><D114/><U89/><E34/><V74/><F126/><W106/><G49/><T59/><D128/><U77/><E4/><V6/><F134/><W65/><G86/><T119/><D119/><U83/><E64/><V87/><F122/><W27/><REACH who="3" step="1"/><G90/><REACH who="3" ten="250,250,250,240" step="2"/><T75/><D133/><U63/><E118/><V132/><F132/><W80/><G80/><T53/><D75/><U9/><E116/><V62/><F62/><W41/><G41/><T19/><D39/><U66/><E89/><V5/><F94/><W58/><G58/><T45/><D45/><U24/><E82/><V120/><F120/><W12/><G12/><T110/><D110/><U130/><E130/><V108/><F108/><W15/><G15/><T40/><D40/><U112/><E112/><V123/><F123/><W10/><G10/><T104/><D56/><U73/><E79/><N who="2" m="44279" /><F6/><W57/><G57/><T72/><D72/><U61/><E9/><V31/><F38/><W101/><AGARI ba="0,1" hai="0,2,3,16,18,27,28,35,60,65,70,96,101,106" machi="101" ten="40,8000,1" yaku="1,1,0,1,25,2,54,1,53,0" doraHai="55" doraHaiUra="115" who="3" fromWho="3" sc="250,-40,250,-20,250,-20,240,90" /><INIT seed="1,0,0,0,3,31" ten="210,230,230,330" oya="1" hai0="116,130,37,109,111,71,126,100,7,39,43,102,58" hai1="47,30,114,82,72,84,21,85,3,124,118,54,66" hai2="52,40,13,89,94,80,53,35,86,75,107,67,50" hai3="99,26,120,87,61,5,56,117,73,44,127,63,133"/><U14/><E118/><V70/><F107/><W32/><G117/><T95/><D7/><U60/><E3/><V34/><F67/><W48/><G120/><T113/><D95/><U105/><E105/><V108/><F70/><W9/><G73/><T38/><D71/><U15/><E114/><V123/><F123/><W49/><G127/><T121/><D121/><U0/><E0/><V83/><F108/><N who="0" m="41546" /><D116/><U24/><E124/><V20/><F40/><W110/><G133/><T51/><D113/><U112/><E112/><V92/><F53/><W104/><G110/><T69/><D69/><U132/><E132/><V64/><F64/><W78/><G49/><T23/><D126/><U77/><E15/><V65/><F65/><W19/><G56/><T101/><D130/><U27/><E14/><V128/><F128/><W57/><G57/><T55/><D23/><U41/><E54/><V25/><F13/><W88/><G78/><T119/><D119/><U93/><E93/><V62/><F62/><W134/><G134/><T96/><D96/><U68/><REACH who="1" step="1"/><E27/><REACH who="1" ten="210,220,230,330" step="2"/><V33/><F94/><W98/><G104/><T6/><D6/><U16/><E16/><V2/><F2/><W74/><G19/><T129/><D129/><U79/><E79/><V8/><F8/><W36/><G9/><T91/><D91/><U11/><E11/><V46/><REACH who="2" step="1"/><F75/><REACH who="2" ten="210,220,220,330" step="2"/><W103/><G74/><T42/><AGARI ba="0,2" hai="37,38,39,42,43,51,55,58,100,101,102" m="41546" machi="42" ten="40,1500,0" yaku="14,1" doraHai="31" who="0" fromWho="0" sc="210,35,220,-7,220,-4,330,-4" /><INIT seed="2,0,0,4,1,117" ten="245,213,216,326" oya="2" hai0="4,42,95,124,17,15,45,129,109,20,82,83,23" hai1="77,116,37,75,69,36,97,39,134,133,13,41,40" hai2="85,70,44,61,34,90,92,68,128,81,58,6,66" hai3="38,78,102,54,53,122,94,14,56,60,111,19,71"/><V5/><F128/><W119/><G111/><T108/><D129/><U25/><E69/><V101/><F34/><W113/><G119/><T2/><D124/><U79/><E116/><V110/><F110/><N who="0" m="42602" /><D95/><U107/><E25/><V131/><F131/><W51/><G113/><T98/><D98/><U80/><E13/><V29/><F29/><W27/><G78/><T8/><D23/><U100/><REACH who="1" step="1"/><E79/><REACH who="1" ten="245,203,216,326" step="2"/><V130/><F130/><W114/><G122/><T74/><D74/><U135/><AGARI ba="0,1" hai="36,37,39,40,41,75,77,80,97,100,107,133,134,135" machi="135" ten="40,8000,1" yaku="1,1,2,1,0,1,20,1,53,0" doraHai="117" doraHaiUra="22" who="1" fromWho="1" sc="245,-20,203,90,216,-40,326,-20" /><INIT seed="3,0,0,3,5,4" ten="225,293,176,306" oya="3" hai0="107,103,97,47,22,130,15,90,114,48,109,122,85" hai1="46,59,37,125,52,87,83,44,25,129,127,132,13" hai2="58,73,27,32,1,134,126,41,56,77,55,6,74" hai3="111,68,67,19,51,117,113,36,35,29,102,57,131"/><W42/><G117/><T133/><D122/><U75/><E75/><V112/><F112/><W118/><G113/><T0/><D0/><U60/><E25/><V124/><F134/><W89/><G118/><T80/><D114/><U34/><E34/><V20/><F32/><W12/><G131/><T100/><D133/><U61/><E132/><V62/><F41/><W10/><G102/><T79/><D130/><U63/><E129/><V92/><F92/><W3/><G36/><T120/><D120/><U108/><E108/><V91/><F91/><W17/><G68/><T5/><D109/><U18/><E37/><V14/><F1/><W135/><G135/><T84/><D107/><U23/><E125/><N who="2" m="48235" /><F77/><W31/><G3/><T119/><D97/><U121/><E121/><V49/><F14/><W21/><G111/><T38/><D38/><U72/><E72/><V104/><F6/><W30/><G35/><T81/><D119/><U128/><E128/><V28/><F104/><W94/><G42/><N who="0" m="24695" /><D22/><U76/><REACH who="1" step="1"/><E127/><REACH who="1" ten="225,283,176,306" step="2"/><V82/><F82/><W69/><G69/><T99/><D99/><U45/><AGARI ba="0,1" hai="13,18,23,44,45,46,52,59,60,61,63,76,83,87" machi="45" ten="30,16000,3" yaku="1,1,2,1,0,1,8,1,54,1,53,3" doraHai="4" doraHaiUra="43" who="1" fromWho="1" sc="225,-40,283,170,176,-40,306,-80" /><INIT seed="4,0,0,4,0,26" ten="185,453,136,226" oya="0" hai0="107,102,35,105,131,130,46,56,72,86,45,8,95" hai1="114,134,88,27,57,29,30,24,43,75,6,85,81" hai2="52,92,49,15,96,40,106,82,117,37,47,89,0" hai3="48,55,7,119,108,78,79,77,21,4,16,39,20"/><T38/><D72/><U73/><E114/><V13/><F0/><W41/><G119/><T42/><D35/><U28/><E6/><V98/><F117/><W11/><G108/><T18/><D46/><U127/><E43/><V5/><F5/><N who="3" m="2123" /><G41/><T59/><D18/><U94/><E134/><V97/><F82/><W99/><G99/><N who="0" m="59775" /><D8/><U69/><E69/><V103/><REACH who="2" step="1"/><F98/><REACH who="2" ten="185,453,126,226" step="2"/><W66/><G39/><T34/><D38/><U90/><E127/><V1/><F1/><W9/><G66/><T71/><D86/><N who="1" m="52503" /><E75/><V122/><F122/><W25/><G78/><T32/><D107/><U53/><E73/><V128/><F128/><W22/><G79/><T84/><D105/><U124/><E124/><V123/><F123/><W80/><G80/><T118/><D118/><U14/><E14/><V65/><F65/><W121/><G77/><T70/><D130/><U83/><E83/><V115/><F115/><W87/><G121/><T50/><D131/><U76/><E76/><V12/><F12/><N who="3" m="9223" /><G87/><T111/><D84/><U110/><E110/><V109/><F109/><W2/><G55/><T61/><D111/><U101/><E101/><V58/><AGARI ba="0,1" hai="13,15,37,40,47,49,52,58,89,92,96,97,103,106" machi="58" ten="20,5200,0" yaku="1,1,0,1,7,1,54,1,53,0" doraHai="26" doraHaiUra="23" who="2" fromWho="2" sc="185,-26,453,-13,126,62,226,-13" /><INIT seed="5,0,0,5,1,2" ten="159,440,188,213" oya="1" hai0="50,5,113,35,67,9,49,8,100,134,82,88,58" hai1="133,28,116,41,31,32,122,7,104,91,65,121,73" hai2="90,12,56,94,123,42,26,15,71,114,53,17,29" hai3="126,51,79,129,89,131,102,101,119,128,83,57,27"/><U117/><E104/><V4/><F71/><W48/><G89/><T105/><D35/><U66/><E73/><V85/><F123/><W37/><G37/><T77/><D113/><U23/><E41/><V112/><F42/><W115/><G27/><T34/><D134/><U19/><E91/><V22/><F12/><W125/><G57/><T70/><D34/><U132/><E32/><V43/><F43/><W64/><G64/><T36/><D36/><U30/><E66/><V97/><F4/><W92/><G51/><T13/><D70/><U135/><E7/><V11/><REACH who="2" step="1"/><F85/><REACH who="2" ten="159,440,178,213" step="2"/><N who="3" m="48383" /><G48/><AGARI ba="0,1" hai="11,15,17,22,26,29,48,53,56,90,94,97,112,114" machi="48" ten="40,1300,0" yaku="1,1,53,0" doraHai="2" doraHaiUra="3" who="2" fromWho="3" sc="159,0,440,0,178,23,213,-13" /><INIT seed="6,0,0,0,3,103" ten="159,440,201,200" oya="2" hai0="71,15,99,4,12,26,108,39,28,36,25,62,58" hai1="34,118,48,72,1,59,93,35,127,112,107,113,98" hai2="18,106,6,91,47,50,61,117,126,76,130,66,64" hai3="128,77,68,96,5,129,73,86,3,24,44,67,51"/><V82/><F117/><W8/><G73/><T74/><D71/><U0/><E127/><V27/><F126/><W46/><G96/><T84/><D74/><U94/><E72/><V20/><F130/><N who="3" m="50283" /><G51/><T14/><D108/><U131/><E131/><V75/><F6/><W85/><G24/><T120/><D120/><U81/><E81/><V102/><F91/><W104/><G104/><T101/><D4/><U69/><E69/><V52/><REACH who="2" step="1"/><F61/><REACH who="2" ten="159,440,191,200" step="2"/><N who="3" m="40047" /><G77/><T83/><D36/><U11/><E118/><V33/><F33/><W115/><G115/><T30/><D39/><U16/><E113/><V111/><F111/><W17/><G17/><T122/><D122/><U133/><E112/><V40/><F40/><W54/><G54/><T37/><D37/><U109/><E35/><V105/><F105/><W56/><G56/><T55/><D30/><U13/><E107/><V80/><F80/><W19/><G19/><T79/><REACH who="0" step="1"/><D28/><REACH who="0" ten="149,440,191,200" step="2"/><U49/><E109/><V22/><F22/><W43/><G43/><T134/><D134/><U87/><E133/><V7/><F7/><W114/><G114/><T125/><D125/><U116/><E116/><V57/><F57/><W124/><G124/><T70/><D70/><U95/><E59/><V121/><F121/><W21/><G21/><T53/><D53/><U29/><E29/><V63/><F63/><W92/><G92/><AGARI ba="0,2" hai="12,14,15,25,26,55,58,62,79,83,84,92,99,101" machi="92" ten="40,2600,0" yaku="1,1,8,1,53,0" doraHai="103" doraHaiUra="31" who="0" fromWho="3" sc="149,46,440,0,191,0,200,-26" /><INIT seed="7,0,0,2,5,29" ten="195,440,191,174" oya="3" hai0="44,14,101,91,47,128,21,124,86,48,80,62,88" hai1="135,12,13,24,123,10,64,130,15,106,43,83,22" hai2="129,125,67,52,102,115,1,40,25,94,46,96,92" hai3="27,8,81,79,84,42,68,0,60,121,65,134,39"/><W30/><G121/><T99/><D128/><U111/><E106/><V109/><F109/><W119/><G134/><T61/><D124/><U59/><E123/><V17/><F1/><W78/><G119/><T50/><D101/><U58/><E111/><V53/><F129/><W126/><G126/><T49/><D99/><U100/><E100/><V51/><F125/><W131/><G131/><T105/><D105/><U112/><E112/><V72/><F72/><W2/><G8/><T18/><D91/><U36/><E36/><V75/><F75/><W90/><G42/><T38/><D38/><U7/><E43/><V54/><F67/><W85/><G39/><T133/><D133/><U3/><E83/><V66/><F66/><W35/><REACH who="3" step="1"/><G79/><REACH who="3" ten="195,440,191,164" step="2"/><T5/><D5/><U28/><E135/><V74/><F115/><W89/><G89/><T19/><D19/><U93/><E130/><V95/><F74/><W33/><G33/><T20/><D20/><AGARI ba="0,1" hai="17,20,25,40,46,51,52,53,54,92,94,95,96,102" machi="20" ten="40,2600,0" yaku="8,1,54,1" doraHai="29" who="2" fromWho="0" sc="195,-26,440,0,191,36,164,0" owari="169,-23.0,440,54.0,227,3.0,164,-34.0" /></mjloggm>