<mjloggm ver="2.3"><GO type="169" lobby="0"/><UN n0="%E5%A4%A9%E7%A9%BA%73%61%79%61" n1="%E3%82%A6%E3%83%AB%E3%83%88%E3%83%A9%E7%AB%8B%E7%9B%B4" n2="%E3%81%AE%E3%81%A9%E3%81%94%E3%81%97%E3%80%88%E7%94%9F%E3%80%89" n3="%74%6E%66%73%68%32%30%34" dan="16,17,16,16" rate="2033.05,2131.38,2064.76,2148.72" sx="M,M,M,M"/><TAIKYOKU oya="0"/><INIT seed="0,0,0,5,2,113" ten="250,250,250,250" oya="0" hai0="8,105,132,72,102,100,60,83,15,20,91,129,4" hai1="2,80,12,31,27,11,32,0,44,49,41,122,55" hai2="134,17,74,95,13,33,93,94,96,103,48,79,117" hai3="38,7,36,118,135,123,75,21,99,124,82,19,68"/><T87/><D132/><U133/><E122/><V29/><F134/><W59/><G7/><T76/><D129/><U104/><E104/><V39/><F39/><W22/><G59/><T23/><D105/><U130/><E130/><V114/><F114/><W54/><G99/><T34/><D34/><U62/><E133/><V57/><F29/><W26/><G82/><T35/><D35/><U128/><E128/><V116/><F33/><W108/><G54/><T56/><D23/><U106/><E106/><V85/><F74/><W42/><G42/><T125/><D20/><U77/><E62/><V98/><F48/><W5/><G5/><T78/><D78/><U119/><E55/><V10/><F57/><W28/><G26/><T92/><REACH who="0" step="1"/><D125/><REACH who="0" ten="240,250,250,250" step="2"/><U86/><E119/><N who="2" m="45643" /><F103/><W131/><G118/><T107/><D107/><U14/><E32/><V69/><F69/><W84/><G68/><T67/><AGARI ba="0,1" hai="4,8,15,56,60,67,72,76,83,87,91,92,100,102" machi="67" ten="20,3900,0" yaku="1,1,0,1,7,1,53,0" doraHai="113" doraHaiUra="111" who="0" fromWho="0" sc="240,49,250,-13,250,-13,250,-13" /><INIT seed="0,1,0,2,2,23" ten="289,237,237,237" oya="0" hai0="89,60,84,39,26,3,103,70,90,107,0,119,41" hai1="31,81,56,17,12,45,67,46,28,32,76,30,11" hai2="116,133,52,42,62,78,134,88,93,34,128,54,105" hai3="99,85,91,102,53,71,21,35,9,1,51,92,20"/><T2/><D119/><U18/><E32/><V126/><F105/><W80/><G71/><T7/><D7/><U113/><E113/><V27/><F116/><W68/><G68/><T61/><D107/><U129/><E129/><V83/><F42/><W112/><G112/><T125/><D103/><U5/><E5/><V15/><F15/><W121/><G121/><T65/><D125/><U72/><E67/><V95/><F126/><W59/><G35/><T114/><D114/><U130/><E130/><V29/><F128/><W120/><G120/><T109/><D109/><U106/><E106/><V37/><F37/><W55/><G1/><T43/><D39/><U8/><E56/><N who="2" m="35079" /><F54/><W104/><G9/><T87/><D61/><U16/><E17/><V123/><F123/><W96/><REACH who="3" step="1"/><G55/><REACH who="3" ten="289,237,237,227" step="2"/><T122/><D122/><U110/><E110/><V82/><F78/><AGARI ba="1,1" hai="20,21,51,53,59,78,80,85,91,92,96,99,102,104" machi="78" ten="30,3900,0" yaku="1,1,2,1,7,1,53,0" doraHai="23" doraHaiUra="25" who="3" fromWho="2" sc="289,0,237,0,237,-42,227,52" /><INIT seed="1,0,0,2,0,100" ten="289,237,195,279" oya="1" hai0="5,69,41,119,80,59,36,27,57,64,13,29,22" hai1="111,122,95,17,52,91,14,129,99,70,63,112,2" hai2="132,88,71,96,9,109,90,73,134,101,128,50,4" hai3="93,115,92,40,68,53,34,30,74,45,0,33,105"/><U11/><E129/><V110/><F71/><W124/><G115/><T54/><D119/><U75/><E122/><V127/><F128/><W126/><G0/><T76/><D69/><U32/><E112/><V23/><F73/><W98/><G74/><T24/><D24/><U21/><E32/><V81/><F50/><W118/><G53/><T78/><D41/><U19/><E75/><V135/><F23/><W84/><G68/><T106/><D36/><U130/><E130/><V82/><F9/><W114/><G114/><T67/><D106/><U28/><E111/><N who="2" m="42507" /><F127/><W3/><G3/><T58/><D54/><U18/><E70/><V121/><F4/><W6/><G6/><T125/><D125/><U1/><E28/><V38/><F38/><W39/><G118/><T123/><D123/><U44/><E18/><V42/><F42/><W103/><G34/><T117/><D117/><U79/><E79/><N who="0" m="30249" /><D80/><N who="2" m="30826" /><F121/><W15/><G124/><T72/><D72/><U102/><E102/><V133/><N who="2" m="33792" /><DORA hai="37" /><V49/><F49/><W108/><G108/><T16/><D5/><U47/><E47/><V83/><N who="2" m="30834" /><V60/><DORA hai="48" /><F60/><W86/><G45/><T43/><D43/><U51/><E63/><V113/><F113/><W120/><G40/><T7/><D7/><U87/><E1/><V10/><F10/><AGARI ba="0,0" hai="10,13,16,22,27,29,57,58,59,64,67" m="30249" machi="10" ten="30,2000,0" yaku="8,1,54,1" doraHai="100,37,48" who="0" fromWho="2" sc="289,20,237,0,195,-20,279,0" /><INIT seed="2,0,0,2,0,10" ten="309,237,175,279" oya="2" hai0="110,119,126,4,20,11,33,52,128,8,40,83,22" hai1="61,60,130,79,53,87,98,106,9,12,81,16,91" hai2="105,63,32,0,36,58,5,108,104,124,77,125,41" hai3="102,3,131,127,86,100,24,67,134,97,23,123,78"/><V92/><F32/><W107/><G123/><T27/><D110/><U38/><E38/><V54/><F108/><W103/><G3/><T51/><D126/><N who="2" m="48746" /><F77/><W14/><G127/><T48/><D128/><U57/><E130/><V111/><F111/><W30/><G131/><T74/><D119/><U50/><E106/><V43/><F92/><AGARI ba="0,0" hai="9,12,16,50,53,57,60,61,79,81,87,91,92,98" machi="92" ten="40,5200,0" yaku="8,1,52,1,54,1" doraHai="10" who="1" fromWho="2" sc="309,0,237,52,175,-52,279,0" /><INIT seed="3,0,0,0,4,94" ten="309,289,123,279" oya="3" hai0="85,18,1,19,8,96,13,106,23,25,125,60,79" hai1="113,92,24,44,82,54,33,129,21,2,130,114,77" hai2="112,115,29,14,135,68,99,81,51,52,72,117,83" hai3="36,90,124,49,84,74,98,20,63,35,86,28,132"/><W55/><G36/><T87/><D125/><U75/><E33/><V110/><F68/><W70/><G74/><T107/><D1/><U57/><E44/><V73/><F117/><W101/><G35/><T123/><D123/><U3/><E3/><V10/><F29/><W91/><G124/><T97/><D107/><U16/><E2/><V7/><F110/><W26/><G132/><T66/><D106/><U15/><E24/><V121/><F135/><W30/><G28/><T11/><D11/><U89/><E114/><V71/><F71/><W126/><G126/><T12/><D12/><U111/><E111/><V45/><F121/><W37/><G37/><T80/><REACH who="0" step="1"/><D87/><REACH who="0" ten="299,289,123,279" step="2"/><U131/><E113/><V61/><F112/><W50/><G86/><T105/><D105/><U103/><E129/><V65/><F115/><W9/><G84/><T39/><D39/><U59/><E131/><V0/><F0/><W53/><G9/><T78/><D78/><U22/><E77/><V119/><F119/><W134/><G134/><T62/><D62/><U40/><E15/><V48/><F51/><W104/><G63/><T120/><D120/><U133/><E133/><V34/><F73/><W32/><G50/><T88/><D88/><U6/><E89/><V102/><F72/><W93/><G49/><T41/><D41/><U67/><E40/><V27/><F27/><N who="3" m="18527" /><G90/><T69/><AGARI ba="0,1" hai="8,13,18,19,23,25,60,66,69,79,80,85,96,97" machi="69" ten="20,8000,1" yaku="1,1,0,1,7,1,52,2,53,0" doraHai="94" doraHaiUra="46" who="0" fromWho="0" sc="299,90,289,-20,123,-20,279,-40" /><INIT seed="4,0,0,2,5,74" ten="389,269,103,239" oya="0" hai0="23,63,19,13,44,124,97,64,72,52,53,79,98" hai1="31,1,2,88,92,36,62,130,81,134,22,113,78" hai2="49,37,14,4,30,58,55,39,114,127,46,24,83" hai3="84,26,91,10,7,27,69,112,128,38,5,77,123"/><T82/><D124/><U106/><E36/><V67/><F127/><W102/><G38/><T104/><D44/><U96/><E130/><V9/><F114/><W109/><G109/><T60/><D60/><U16/><E31/><V32/><F67/><W94/><G69/><T15/><D15/><U48/><E134/><V105/><F105/><W126/><G126/><T28/><D28/><U71/><E113/><V29/><F29/><W111/><G111/><T101/><REACH who="0" step="1"/><D98/><REACH who="0" ten="379,269,103,239" step="2"/><U61/><E61/><V133/><F133/><W51/><G112/><T59/><AGARI ba="0,1" hai="13,19,23,52,53,59,63,64,72,79,82,97,101,104" machi="59" ten="20,18000,2" yaku="1,1,2,1,0,1,7,1,52,1,54,1,53,1" doraHai="74" doraHaiUra="75" who="0" fromWho="0" sc="379,190,269,-60,103,-60,239,-60" /><INIT seed="4,1,0,1,1,107" ten="569,209,43,179" oya="0" hai0="63,51,110,129,0,114,73,97,24,36,123,86,94" hai1="133,80,11,126,117,21,85,115,70,108,99,83,55" hai2="116,102,9,18,71,72,121,22,132,125,66,100,119" hai3="88,109,111,26,106,112,64,89,25,19,10,34,8"/><T12/><D123/><U68/><E83/><V32/><F121/><W61/><G106/><T113/><D36/><U60/><E70/><V105/><F32/><W95/><G112/><T90/><D0/><U49/><E21/><V87/><F9/><W79/><G79/><T28/><D73/><U46/><E99/><V29/><F29/><W92/><G34/><T14/><D129/><U128/><E128/><V30/><F30/><W81/><G81/><T4/><D4/><U76/><E126/><V69/><F125/><W2/><G61/><T35/><D110/><U42/><E108/><V6/><F6/><W27/><G64/><T120/><D120/><U65/><E133/><V53/><F132/><W96/><G8/><T50/><D63/><U134/><E134/><V17/><F66/><W104/><G104/><T77/><D77/><U135/><E135/><V33/><F33/><W43/><G43/><T16/><D35/><U48/><E115/><V91/><F105/><W31/><G31/><T122/><D28/><U57/><REACH who="1" step="1"/><E11/><REACH who="1" ten="569,199,43,179" step="2"/><V103/><F22/><W41/><G109/><T38/><D122/><U45/><E45/><V39/><F71/><W62/><G96/><T74/><D97/><U5/><E5/><V127/><F69/><W7/><G111/><T82/><D114/><U93/><E93/><N who="2" m="54527" /><F127/><W59/><G10/><T15/><D113/><U40/><E40/><V131/><F131/><W23/><G41/><T20/><D94/><N who="3" m="35881" /><G7/><T101/><D82/><U3/><E3/><V67/><F116/><AGARI ba="1,1" hai="42,46,48,49,55,57,60,65,68,76,80,85,116,117" machi="116" ten="40,1300,0" yaku="1,1,53,0" doraHai="107" doraHaiUra="130" who="1" fromWho="2" sc="569,0,199,26,43,-16,179,0" /><INIT seed="5,0,0,2,3,53" ten="569,225,27,179" oya="1" hai0="12,122,8,117,95,114,65,118,107,15,42,124,32" hai1="72,11,52,22,43,21,44,85,17,89,92,55,106" hai2="120,64,102,135,7,10,0,54,134,113,88,1,69" hai3="73,58,112,62,56,110,82,108,28,27,36,31,129"/><U128/><E128/><V123/><F102/><W14/><G129/><T99/><D107/><U18/><E72/><V86/><F1/><W75/><G36/><T103/><D32/><U101/><E101/><V70/><F113/><W100/><G100/><T38/><D65/><U13/><E106/><V19/><F19/><W50/><G14/><T90/><D42/><U77/><E77/><V4/><F4/><W23/><G112/><T83/><D83/><U3/><E3/><V71/><F64/><W25/><G82/><T66/><D66/><U130/><E130/><V125/><F125/><W39/><G50/><T132/><D38/><U24/><E11/><V37/><F37/><AGARI ba="0,0" hai="13,17,18,21,22,24,37,43,44,52,55,85,89,92" machi="37" ten="30,2900,0" yaku="7,1,54,1" doraHai="53" who="1" fromWho="2" sc="569,0,225,29,27,-29,179,0" owari="569,67.0,254,5.0,-2,-50.0,179,-22.0" /></mjloggm>