<mjloggm ver="2.3"><GO type="41" lobby="0"/><UN n0="%4B%4F%54%37%35" n1="%E3%81%88%E3%81%84%E3%81%98%E3%81%95%E3%82%93" n2="%E7%84%BC%E3%81%8D%CE%B2" n3="%E5%B0%B1%E6%B4%BB%E7%94%9F%40%E5%B7%9D%E6%9D%91%E8%BB%8D%E5%9B%A3" dan="14,13,15,16" rate="1909.81,1827.76,2008.47,2127.71" sx="M,M,M,M"/><TAIKYOKU oya="0"/><INIT seed="0,0,0,0,1,121" ten="250,250,250,250" oya="0" hai0="12,48,19,129,131,84,111,93,46,120,127,108,34" hai1="27,67,8,11,40,104,39,83,85,75,37,29,77" hai2="101,73,124,80,95,2,90,110,118,44,23,59,63" hai3="30,76,135,55,112,89,4,15,106,26,42,88,123"/><T126/><D34/><U38/><E104/><V125/><F2/><W20/><G123/><T92/><D120/><U116/><E116/><V102/><F118/><W21/><G106/><T5/><D5/><U96/><E96/><V52/><F44/><W134/><G112/><T103/><D92/><U94/><E67/><V24/><F80/><W17/><G42/><N who="0" m="24663" /><D84/><U113/><E113/><V119/><F73/><W60/><G4/><T47/><D47/><U25/><E40/><V114/><F119/><W9/><G76/><T14/><D103/><U54/><E54/><V79/><F79/><W86/><G20/><N who="0" m="11367" /><D14/><U62/><E62/><V82/><F82/><W33/><G33/><T132/><D93/><U115/><E115/><V36/><F36/><W65/><G55/><T49/><D49/><U43/><E43/><V100/><F114/><W7/><G7/><T107/><D107/><U98/><E75/><V68/><F68/><W58/><REACH who="3" step="1"/><G86/><REACH who="3" ten="250,250,250,240" step="2"/><T74/><D74/><U28/><E85/><V35/><F35/><W105/><G105/><T61/><D61/><U56/><E77/><V31/><F63/><W57/><G57/><T91/><D91/><AGARI ba="0,1" hai="9,15,17,21,26,30,58,60,65,88,89,91,134,135" machi="91" ten="40,2600,0" yaku="1,1,54,1,53,0" doraHai="121" doraHaiUra="122" who="3" fromWho="0" sc="250,-26,250,0,250,0,240,36" /><INIT seed="1,0,0,3,4,65" ten="224,250,250,276" oya="1" hai0="32,115,70,79,16,53,132,29,85,47,119,110,77" hai1="82,14,90,30,37,43,56,59,11,54,63,134,4" hai2="114,15,3,80,20,128,76,61,109,100,120,57,21" hai3="38,123,42,66,83,7,73,111,118,40,2,105,130"/><U9/><E134/><V71/><F120/><W5/><G66/><T74/><D119/><U58/><E30/><V95/><F3/><W86/><G86/><T97/><D115/><U67/><E11/><V39/><F109/><W88/><G83/><T49/><D110/><U117/><E117/><V107/><F107/><W135/><G88/><T28/><D74/><U13/><E13/><V103/><F21/><W6/><G42/><T62/><D97/><U35/><E35/><V94/><F94/><W36/><G40/><T87/><D132/><U112/><E112/><V84/><F128/><W89/><G89/><T101/><D101/><U96/><E37/><V55/><F39/><W129/><G7/><T34/><D32/><U98/><E43/><V64/><F114/><W116/><G6/><T108/><D108/><U78/><E90/><V81/><F95/><W69/><G5/><T104/><D104/><U75/><REACH who="1" step="1"/><E54/><REACH who="1" ten="224,240,250,276" step="2"/><V8/><F8/><W113/><G38/><T106/><D34/><U46/><E46/><V127/><F55/><W17/><G17/><T48/><D16/><U10/><E10/><V122/><F15/><W23/><G23/><T22/><D22/><U93/><E93/><V24/><F20/><W91/><G91/><T133/><D106/><U126/><E126/><V121/><F127/><W51/><G118/><T27/><D133/><U18/><E18/><V72/><F103/><W45/><G45/><T125/><D125/><U99/><AGARI ba="0,1" hai="4,9,14,56,58,59,63,67,75,78,82,96,98,99" machi="99" ten="30,3000,0" yaku="1,1,0,1,53,0" doraHai="65" doraHaiUra="102" who="1" fromWho="1" sc="224,-10,240,40,250,-10,276,-10" /><INIT seed="1,1,0,0,2,62" ten="214,280,240,266" oya="1" hai0="124,60,5,80,17,63,61,48,76,87,25,59,9" hai1="89,77,82,91,127,33,88,84,101,131,102,2,135" hai2="12,86,107,106,100,45,66,3,113,97,120,15,50" hai3="7,99,104,95,117,23,108,116,16,53,47,122,92"/><U118/><E33/><V41/><F120/><W31/><G122/><T115/><D124/><U125/><E2/><V112/><F3/><W111/><G7/><T6/><D115/><N who="2" m="44106" /><F107/><W132/><G31/><T55/><REACH who="0" step="1"/><D25/><REACH who="0" ten="204,280,240,266" step="2"/><U42/><E118/><N who="3" m="45674" /><G132/><T52/><D52/><U79/><E42/><V74/><F74/><W67/><G53/><T14/><AGARI ba="1,1" hai="5,6,9,14,17,48,55,59,60,61,63,76,80,87" machi="14" ten="30,4000,0" yaku="1,1,0,1,8,1,53,0" doraHai="62" doraHaiUra="110" who="0" fromWho="0" sc="204,53,280,-21,240,-11,266,-11" /><INIT seed="2,0,0,4,4,121" ten="257,259,229,255" oya="2" hai0="35,1,130,112,47,123,56,50,58,2,23,124,8" hai1="16,12,22,17,63,33,62,66,84,14,118,52,80" hai2="64,126,37,31,30,42,18,29,125,116,40,119,135" hai3="110,19,131,48,134,120,94,129,105,55,13,11,60"/><V85/><F37/><W106/><G120/><T132/><D123/><U113/><E113/><V21/><F64/><W81/><G134/><T89/><D35/><U115/><E115/><V59/><F59/><W74/><G60/><T27/><D132/><U72/><E72/><V38/><F135/><W9/><G9/><T0/><D112/><U67/><E33/><V102/><F38/><W98/><G81/><T36/><D36/><U99/><E99/><V75/><F75/><W70/><G74/><T10/><D89/><U39/><E39/><V43/><F85/><W88/><G70/><T95/><D95/><U127/><E127/><V82/><F82/><W101/><G110/><T68/><D124/><N who="2" m="47722" /><F102/><W100/><G100/><T45/><D68/><U15/><E118/><N who="2" m="45099" /><F18/><N who="1" m="7273" /><E22/><AGARI ba="0,0" hai="21,22,29,30,31,40,42,43" m="45099,47722" machi="22" ten="40,7700,0" yaku="28,2,18,1" doraHai="121" who="2" fromWho="1" sc="257,0,259,-77,229,77,255,0" /><INIT seed="2,1,0,3,1,22" ten="257,182,306,255" oya="2" hai0="73,10,123,118,7,75,104,50,15,132,119,134,113" hai1="87,34,97,19,106,82,45,70,85,33,64,56,6" hai2="129,83,47,105,21,80,55,62,38,9,31,84,59" hai3="128,131,44,26,28,125,96,40,32,68,121,12,86"/><V133/><F105/><W114/><G68/><T108/><D50/><U27/><E6/><V61/><F83/><W77/><G121/><T100/><D113/><U49/><E70/><V122/><F122/><W29/><G29/><T79/><D108/><U25/><E106/><V102/><F102/><W5/><G125/><T116/><D123/><U93/><E33/><V65/><F38/><W69/><G69/><T52/><D52/><N who="1" m="29743" /><E34/><V103/><F103/><W54/><G54/><T71/><D71/><U51/><E19/><V127/><F9/><N who="3" m="4143" /><G96/><N who="0" m="61447" /><D79/><N who="1" m="46303" /><E87/><V4/><F84/><W91/><G91/><T67/><D67/><U43/><E43/><V88/><F55/><W110/><G110/><T101/><D101/><N who="1" m="60591" /><E51/><V99/><F65/><W39/><G114/><T14/><D14/><U3/><E3/><V36/><F36/><W72/><G72/><AGARI ba="1,0" hai="7,10,15,72,73,75,116,118,119,132,134" m="61447" machi="72" ten="40,1300,0" yaku="12,1" doraHai="22" who="0" fromWho="3" sc="257,16,182,0,306,0,255,-16" /><INIT seed="3,0,0,5,0,75" ten="273,182,306,239" oya="3" hai0="94,126,90,118,135,129,25,23,66,3,49,116,44" hai1="4,119,104,81,14,110,64,18,65,120,10,30,8" hai2="52,87,117,29,79,100,69,46,53,2,31,109,72" hai3="105,5,67,56,28,124,47,114,40,76,36,86,106"/><W41/><G114/><T112/><D3/><U13/><E104/><V58/><F109/><W132/><G124/><T92/><D126/><U43/><E110/><V84/><F69/><W107/><G132/><T68/><D135/><U131/><E120/><V63/><F72/><W51/><G40/><T78/><D129/><U133/><E133/><V103/><F87/><W61/><G5/><T54/><D94/><U73/><E131/><V38/><F2/><W101/><G28/><N who="2" m="10825" /><F38/><W83/><REACH who="3" step="1"/><G36/><REACH who="3" ten="273,182,306,229" step="2"/><T16/><D112/><U32/><E119/><V62/><F117/><W97/><AGARI ba="0,1" hai="41,47,51,56,61,67,76,83,86,97,101,105,106,107" machi="97" ten="30,12000,1" yaku="1,1,2,1,0,1,52,1,53,1" doraHai="75" doraHaiUra="37" who="3" fromWho="3" sc="273,-40,182,-40,306,-40,229,130" /><INIT seed="3,1,0,4,0,16" ten="233,142,266,359" oya="3" hai0="29,134,4,132,28,36,57,106,74,115,119,18,38" hai1="89,97,52,77,10,81,105,30,56,117,94,112,109" hai2="33,64,120,73,107,8,26,113,51,61,68,135,9" hai3="14,88,75,126,50,21,72,48,69,110,100,86,1"/><W133/><G69/><T13/><D119/><U95/><E109/><V25/><F113/><W123/><G1/><T79/><D106/><U46/><E112/><V131/><F26/><W70/><G70/><T22/><D115/><U34/><E117/><V85/><F73/><W37/><G37/><T90/><D4/><U118/><E118/><V80/><F131/><W55/><G123/><T76/><D57/><U124/><E124/><V12/><F135/><N who="0" m="51754" /><D90/><U87/><E46/><V11/><F12/><W93/><G110/><T82/><D76/><U58/><E10/><V121/><F51/><W63/><G126/><T102/><D102/><U43/><E43/><V92/><F92/><W71/><G133/><T44/><D44/><U128/><E128/><V15/><F15/><W17/><G100/><T49/><D49/><U32/><E58/><V130/><F107/><W2/><G2/><T59/><D59/><U91/><E105/><V40/><F40/><W116/><G116/><T41/><D41/><U114/><E114/><V108/><F108/><W66/><G50/><T23/><D29/><U67/><E67/><V47/><F47/><AGARI ba="1,0" hai="14,17,21,47,48,55,63,66,71,72,75,86,88,93" machi="47" ten="30,5800,0" yaku="7,1,52,1,54,1" doraHai="16" who="3" fromWho="2" sc="233,0,142,0,266,-61,359,61" /><INIT seed="3,2,0,1,3,18" ten="233,142,205,420" oya="3" hai0="4,97,99,88,58,23,62,41,61,39,64,126,133" hai1="25,27,92,135,109,21,19,91,11,131,45,120,37" hai2="129,15,107,78,56,114,67,68,40,63,110,119,98" hai3="47,12,5,44,51,70,17,53,66,52,1,54,89"/><W85/><G1/><T80/><D133/><U14/><E120/><V77/><F110/><W59/><G5/><T13/><D126/><U130/><E45/><N who="3" m="17482" /><G70/><T122/><D122/><U34/><E37/><V94/><F119/><W6/><G6/><T86/><D41/><U117/><E135/><V71/><F114/><W81/><G66/><T7/><D39/><U134/><E134/><V35/><F107/><W118/><G118/><T95/><D62/><U69/><E69/><V3/><F3/><W33/><G33/><T115/><D99/><U87/><E117/><V123/><F40/><W124/><G124/><T102/><D115/><U101/><E101/><V36/><F36/><W65/><G65/><T93/><D93/><U79/><E79/><V128/><F35/><W83/><G83/><T31/><D31/><U82/><E82/><V26/><F71/><W30/><G30/><T38/><D38/><U127/><E127/><V0/><F68/><W125/><G125/><T103/><D102/><U106/><E106/><V16/><F0/><W76/><G76/><T108/><D108/><U72/><E109/><V132/><F132/><W104/><G104/><T75/><D75/><U84/><E72/><V9/><F123/><W2/><G2/><T10/><D10/><AGARI ba="2,0" hai="10,12,17,51,52,53,54,59,81,85,89" m="17482" machi="10" ten="30,2900,0" yaku="8,1,54,1" doraHai="18" who="3" fromWho="0" sc="233,-35,142,0,205,0,420,35" /><INIT seed="3,3,0,2,0,102" ten="198,142,205,455" oya="3" hai0="60,100,108,79,112,55,88,90,6,73,2,82,69" hai1="29,40,17,28,67,107,74,91,68,33,31,127,113" hai2="61,65,66,94,9,50,25,3,122,129,103,78,70" hai3="126,76,83,21,119,125,134,64,86,59,57,63,117"/><W0/><G0/><T123/><D108/><U49/><E113/><V36/><F36/><W97/><G134/><T14/><D112/><U22/><E74/><V93/><F129/><W13/><G57/><T34/><D2/><U84/><E127/><V101/><F78/><W32/><G32/><T39/><D39/><U53/><E40/><V43/><F66/><W87/><G87/><T99/><D34/><U96/><E33/><V75/><F75/><W19/><REACH who="3" step="1"/><G97/><REACH who="3" ten="198,142,205,445" step="2"/><T131/><D131/><U46/><E96/><V121/><F3/><W128/><G128/><T54/><D123/><U1/><E1/><V37/><F121/><W51/><G51/><T15/><D69/><U8/><E68/><V77/><F50/><W44/><G44/><T30/><D60/><U38/><E38/><V105/><F61/><W47/><G47/><T135/><D135/><U95/><E67/><V72/><F65/><W98/><G98/><T52/><D6/><U12/><E107/><V81/><F105/><W130/><G130/><T24/><D14/><U4/><REACH who="1" step="1"/><E4/><REACH who="1" ten="198,132,205,445" step="2"/><V58/><F70/><W62/><G62/><T10/><D99/><U27/><AGARI ba="3,2" hai="8,12,17,22,27,28,29,31,46,49,53,84,91,95" machi="27" ten="30,8000,1" yaku="1,1,2,1,0,1,8,1,53,1" doraHai="102" doraHaiUra="5" who="1" fromWho="1" sc="198,-23,132,109,205,-23,445,-43" /><INIT seed="4,0,0,1,5,53" ten="175,241,182,402" oya="0" hai0="85,8,133,84,121,65,61,106,9,13,71,104,87" hai1="114,64,48,31,100,102,132,126,50,15,72,46,113" hai2="131,96,58,98,26,91,124,49,110,11,69,109,107" hai3="74,115,0,70,4,75,55,99,127,18,95,1,27"/><T59/><D121/><U68/><E72/><V92/><F69/><W17/><G70/><T83/><D133/><U33/><E132/><V67/><F124/><W42/><G115/><N who="1" m="44042" /><E126/><V16/><F131/><W14/><G42/><T5/><D71/><U21/><E33/><V29/><F11/><W52/><G127/><T3/><REACH who="0" step="1"/><D83/><REACH who="0" ten="165,241,182,402" step="2"/><U20/><E68/><V54/><F110/><W93/><G1/><T119/><D119/><U47/><E64/><V73/><F109/><W30/><G0/><T123/><D123/><U80/><E80/><V88/><F67/><W101/><G74/><T37/><D37/><U19/><E31/><V97/><F29/><W135/><G75/><T76/><D76/><U77/><E77/><V118/><F73/><W57/><G135/><T23/><D23/><U2/><E2/><V103/><F118/><W108/><G108/><T66/><D66/><U10/><E21/><N who="2" m="13607" /><F107/><W44/><G95/><T35/><D35/><U39/><E20/><V24/><F24/><W112/><G112/><T117/><D117/><U125/><E39/><V116/><F116/><W120/><G120/><T81/><D81/><U128/><E125/><V82/><F82/><W90/><G93/><T12/><D12/><U130/><E130/><V86/><F92/><W105/><G105/><T56/><D56/><U78/><E78/><V51/><F58/><W94/><G57/><T36/><D36/><U41/><E128/><V79/><F79/><W7/><G94/><T40/><D40/><AGARI ba="0,1" hai="10,15,19,40,41,46,47,48,50,100,102" m="44042" machi="40" ten="30,2000,0" yaku="15,1,11,1" doraHai="53" who="1" fromWho="0" sc="165,-20,241,30,182,0,402,0" /><INIT seed="5,0,0,4,4,84" ten="145,271,182,402" oya="1" hai0="87,97,107,11,103,78,70,26,114,91,47,2,85" hai1="3,24,30,122,6,110,22,0,88,7,101,72,82" hai2="32,62,131,95,90,98,12,43,99,100,45,69,104" hai3="51,38,40,63,50,65,25,125,15,48,121,79,21"/><U108/><E122/><V134/><F131/><W128/><G121/><T20/><D70/><U13/><E101/><V41/><F134/><W102/><G125/><T115/><D47/><U60/><E60/><V73/><F32/><W52/><G128/><T86/><D11/><U120/><E120/><V35/><F35/><W33/><G79/><T76/><D2/><U44/><E44/><V71/><F73/><W124/><G124/><T19/><D19/><U5/><E72/><V119/><F119/><W49/><G102/><T42/><D42/><U46/><E46/><V96/><F96/><W37/><G33/><T58/><D58/><U94/><E82/><V75/><F75/><W67/><G15/><T54/><D54/><U133/><E133/><V129/><F43/><W123/><G123/><T28/><D28/><U17/><E3/><V93/><F104/><W92/><G92/><N who="0" m="54383" /><D20/><U14/><E0/><V126/><F129/><W68/><G65/><T8/><D8/><U81/><E81/><V1/><F1/><W18/><G40/><T77/><D26/><U23/><E14/><V59/><F12/><W64/><REACH who="3" step="1"/><G67/><REACH who="3" ten="145,271,182,392" step="2"/><T57/><D57/><AGARI ba="0,1" hai="18,21,25,37,38,48,49,50,51,52,57,63,64,68" machi="57" ten="40,5200,0" yaku="1,1,2,1,54,1,53,0" doraHai="84" doraHaiUra="80" who="3" fromWho="0" sc="145,-52,271,0,182,0,392,62" /><INIT seed="6,0,0,0,2,84" ten="93,271,182,454" oya="2" hai0="10,3,46,78,123,125,70,25,90,20,118,114,81" hai1="39,62,129,19,72,32,55,61,12,86,51,100,45" hai2="111,131,119,71,120,127,82,109,134,47,1,128,108" hai3="17,117,36,30,54,42,91,48,11,57,2,130,24"/><V14/><F1/><W16/><G117/><T52/><D118/><U95/><E72/><V26/><F119/><W63/><G130/><N who="2" m="49705" /><F71/><W0/><G36/><T126/><D70/><U28/><E39/><V8/><F120/><W96/><G2/><T13/><D123/><U93/><E129/><V7/><F47/><N who="3" m="25719" /><G0/><T43/><D3/><U69/><E69/><V58/><F58/><W85/><G96/><T104/><D104/><U44/><E45/><V99/><F99/><W6/><G6/><T135/><D135/><U76/><E32/><V80/><F134/><W92/><G11/><T94/><D114/><U4/><E28/><V37/><F37/><W121/><G121/><T64/><D64/><U83/><E4/><V110/><N who="2" m="28160" /><DORA hai="88" /><V75/><F75/><W53/><G53/><T77/><D43/><U74/><E74/><V113/><F113/><W106/><G106/><T40/><D40/><U68/><E68/><V112/><F112/><W97/><G85/><N who="0" m="52559" /><D81/><U49/><E49/><V23/><F127/><N who="0" m="48650" /><D10/><N who="1" m="6551" /><E100/><V31/><AGARI ba="0,0" hai="7,8,14,23,26,31,80,82" m="28160,49705" machi="31" ten="60,6000,0" yaku="19,1,10,1" doraHai="84,88" who="2" fromWho="2" sc="93,-20,271,-20,182,60,454,-20" /><INIT seed="6,1,0,2,4,55" ten="73,251,242,434" oya="2" hai0="37,16,69,20,15,83,80,48,31,106,52,96,54" hai1="23,50,32,57,91,97,67,36,43,125,51,123,41" hai2="98,84,115,111,59,5,105,88,129,78,44,17,39" hai3="7,92,66,45,3,118,4,35,26,62,120,99,38"/><V21/><F105/><W109/><G120/><T63/><D37/><U102/><E32/><V60/><F115/><W107/><G118/><T77/><D77/><U90/><E125/><V70/><F70/><W14/><G107/><T135/><D135/><U94/><E123/><V61/><F61/><W47/><G109/><T103/><D54/><U27/><E36/><V24/><F129/><W73/><G73/><T100/><D100/><U81/><E51/><V18/><F5/><N who="3" m="2123" /><G35/><T133/><D133/><U30/><E50/><V13/><F111/><W79/><G38/><T49/><D49/><U33/><E33/><V122/><F122/><W9/><G79/><T130/><D130/><U22/><E22/><V74/><F74/><W82/><G82/><T131/><D131/><U40/><REACH who="1" step="1"/><E81/><REACH who="1" ten="73,241,242,434" step="2"/><N who="2" m="47159" /><F39/><W1/><G1/><T42/><D42/><U25/><E25/><V65/><F44/><W56/><G3/><T89/><D89/><U53/><E53/><V108/><F108/><W132/><G132/><T127/><D127/><U6/><E6/><V34/><F34/><W12/><G26/><T2/><D2/><U95/><E95/><N who="2" m="56679" /><F13/><N who="3" m="5227" /><G9/><T119/><D119/><U112/><E112/><V71/><F71/><W85/><G85/><T113/><D113/><U128/><E128/><V101/><F17/><W72/><G72/><T117/><D117/><U110/><E110/><V29/><F18/><W68/><G68/><T46/><REACH who="0" step="1"/><D31/><REACH who="0" ten="63,241,242,434" step="2"/><U58/><E58/><V0/><F0/><W28/><G28/><T19/><D19/><U116/><E116/><V134/><F134/><W126/><G126/><RYUUKYOKU ba="1,2" sc="63,0,241,0,242,0,434,0" hai0="15,16,20,46,48,52,63,69,80,83,96,103,106" hai1="23,27,30,40,41,43,57,67,90,91,94,97,102" hai2="21,24,29,59,60,65,101" hai3="45,47,56,62,66,92,99" /><INIT seed="6,2,2,5,2,43" ten="63,241,242,434" oya="2" hai0="25,10,113,68,29,57,23,71,115,7,15,129,79" hai1="121,108,2,46,13,87,130,134,51,24,44,35,54" hai2="67,116,58,90,103,45,19,126,66,40,84,78,102" hai3="112,30,70,91,74,82,76,21,125,56,75,26,101"/><V114/><F116/><W135/><G70/><T124/><D124/><U49/><E108/><V111/><F126/><W105/><G125/><T89/><D129/><U81/><E2/><V109/><F114/><W80/><G112/><T93/><D113/><U106/><E106/><V28/><F78/><W3/><G3/><T120/><D120/><U20/><E35/><V72/><F72/><W39/><G39/><T127/><D127/><U98/><E98/><V5/><F5/><W22/><G135/><T118/><D118/><U133/><E13/><V1/><F1/><W42/><G42/><T9/><D79/><U107/><E107/><V14/><F28/><W34/><G105/><T122/><D122/><U63/><E63/><N who="2" m="38263" /><F67/><W86/><G101/><T41/><D41/><U8/><E8/><N who="2" m="6599" /><F109/><W16/><G56/><T27/><D57/><U119/><E119/><V17/><F17/><W53/><G53/><T48/><D48/><U97/><E97/><V96/><F96/><W95/><G16/><T73/><D73/><U131/><E121/><V11/><F11/><W52/><G52/><T85/><D115/><U37/><E37/><V12/><F12/><W4/><G4/><T88/><D10/><U123/><E123/><V55/><F40/><W132/><G132/><N who="1" m="50794" /><E51/><N who="2" m="29167" /><F111/><W100/><G100/><T6/><D6/><U64/><E64/><V110/><F110/><W104/><G104/><T83/><REACH who="0" step="1"/><D27/><REACH who="0" ten="53,241,242,434" step="2"/><U59/><E131/><V0/><F0/><W36/><G36/><T50/><D50/><U31/><E130/><V18/><F18/><W77/><AGARI ba="2,3" hai="21,22,26,30,34,74,75,76,77,80,82,86,91,95" machi="77" ten="30,2000,0" yaku="0,1,9,1" doraHai="43" who="3" fromWho="3" sc="53,-7,241,-7,242,-12,434,56" /><INIT seed="7,0,0,0,4,27" ten="46,234,230,490" oya="3" hai0="83,125,46,8,124,85,101,78,63,110,49,98,53" hai1="62,128,47,71,7,122,108,37,12,80,123,23,22" hai2="1,0,38,60,87,82,52,135,111,65,45,11,96" hai3="13,133,2,25,32,113,121,5,109,29,40,20,81"/><W67/><G109/><T68/><D110/><U94/><E108/><V107/><F111/><RYUUKYOKU type="kaze4" ba="0,0" sc="46,0,234,0,230,0,490,0" /><INIT seed="7,1,0,2,3,43" ten="46,234,230,490" oya="3" hai0="72,47,29,20,102,24,126,92,57,73,52,40,97" hai1="105,84,75,33,111,76,87,25,37,65,50,93,19" hai2="79,46,15,129,23,17,38,5,130,56,36,31,85" hai3="63,30,10,100,101,119,83,0,128,103,53,41,107"/><W78/><G119/><T120/><D126/><U11/><E37/><V66/><F46/><W67/><G128/><N who="2" m="49257" /><F5/><W35/><G41/><T123/><D72/><U59/><E105/><V14/><F31/><W82/><G53/><T133/><D73/><U49/><E33/><V7/><F66/><W6/><G83/><T60/><D133/><U116/><E116/><V109/><F109/><W117/><G117/><T112/><D112/><U13/><E75/><V61/><F79/><W68/><G30/><T115/><D115/><U54/><E65/><N who="2" m="39079" /><F85/><W34/><G107/><T22/><D22/><U89/><E111/><V21/><F21/><W80/><REACH who="3" step="1"/><G82/><REACH who="3" ten="46,234,230,480" step="2"/><T99/><D123/><U88/><E76/><V132/><F132/><W42/><G42/><T114/><D114/><U135/><E135/><V96/><F96/><W95/><G95/><T58/><D120/><U81/><E25/><V90/><F90/><W16/><G16/><T124/><D124/><U91/><E91/><V134/><F134/><W3/><G3/><T98/><D40/><U71/><E71/><V94/><F94/><W18/><G18/><T27/><D27/><U125/><E125/><V44/><F7/><W106/><G106/><T48/><REACH who="0" step="1"/><D58/><REACH who="0" ten="36,234,230,480" step="2"/><U28/><E28/><V26/><F36/><W108/><G108/><T62/><D62/><AGARI ba="1,2" hai="11,13,19,49,50,54,59,62,81,84,87,88,89,93" machi="62" ten="30,3900,0" yaku="7,1,8,1,54,1" doraHai="43" who="1" fromWho="0" sc="36,-42,234,62,230,0,480,0" owari="-6,-51.0,296,10.0,230,-17.0,480,58.0" /></mjloggm>