<mjloggm ver="2.3"><GO type="225" lobby="0"/><UN n0="%E3%83%88%E3%83%88%E3%83%AA%E5%85%88%E7%94%9F%31%39%E6%AD%B3" n1="%E3%83%92%E3%82%B2%E3%83%AD%E3%83%B3%E3%82%B0" n2="%56%65%6E%75%73%53%61%79" n3="%E3%81%BF%E3%81%A3%E3%81%A4%E3%81%83%EF%BD%9E" dan="17,17,18,18" rate="2133.86,2120.60,2265.34,2221.25" sx="F,M,M,F"/><TAIKYOKU oya="0"/><INIT seed="0,0,0,1,4,30" ten="250,250,250,250" oya="0" hai0="40,90,126,41,39,58,25,109,120,95,98,6,55" hai1="49,8,74,81,59,86,65,2,50,76,34,133,56" hai2="71,99,101,48,62,5,128,60,125,10,1,80,53" hai3="112,45,116,82,92,73,61,26,18,83,119,132,38"/><T129/><D120/><U79/><E133/><V108/><F108/><W131/><G112/><T94/><D109/><U29/><E2/><V89/><F128/><W16/><G131/><T88/><D129/><U104/><E104/><V97/><F125/><W87/><G132/><T7/><D126/><U33/><E29/><V110/><F110/><W75/><G38/><T72/><D72/><U107/><E107/><V68/><F89/><W66/><G45/><T78/><D78/><U15/><E79/><V46/><F80/><W43/><G43/><N who="0" m="16459" /><D25/><U24/><E74/><V118/><F118/><W124/><G124/><T64/><D64/><U44/><E24/><V52/><F99/><W70/><G92/><T130/><D130/><U96/><E96/><V28/><F28/><W93/><G93/><T23/><D23/><U122/><E122/><V102/><F102/><W69/><G66/><T100/><D39/><U32/><E65/><V47/><F47/><W17/><G26/><T14/><D14/><U22/><E22/><V135/><F135/><W4/><G18/><T21/><D21/><U121/><E121/><V85/><F85/><W12/><G87/><N who="0" m="52511" /><D100/><U35/><N who="1" m="8192" /><DORA hai="54" /><U9/><E9/><V27/><F27/><W51/><G12/><T63/><AGARI ba="0,0" hai="6,7,55,58,63,90,95,98" m="52511,16459" machi="63" ten="30,6000,0" yaku="8,1,52,1,54,1" doraHai="30,54" who="0" fromWho="0" sc="250,60,250,-20,250,-20,250,-20" /><INIT seed="0,1,0,2,0,74" ten="310,230,230,230" oya="0" hai0="121,22,32,107,59,82,117,119,98,75,65,133,33" hai1="17,124,36,6,91,27,71,47,100,16,134,46,42" hai2="130,29,110,135,70,58,61,28,23,80,0,55,44" hai3="57,12,77,8,35,68,21,120,118,123,88,93,19"/><T7/><D121/><N who="3" m="46665" /><G68/><T111/><D133/><U54/><E71/><V87/><F0/><W132/><G35/><T9/><D111/><U72/><E72/><V115/><F115/><W104/><G104/><T127/><D127/><U30/><E100/><V95/><F110/><W3/><G118/><T108/><D108/><U73/><E134/><V90/><F130/><W79/><G132/><T38/><D38/><U49/><E124/><V10/><F135/><W1/><G57/><T13/><D33/><U53/><E53/><V2/><F70/><W37/><G37/><T39/><D32/><U89/><E73/><V60/><F60/><W92/><G92/><T26/><D39/><U97/><E6/><V114/><F114/><W20/><G3/><T83/><D107/><U96/><E91/><V122/><F122/><W76/><G1/><T34/><D34/><U78/><E96/><AGARI ba="1,0" hai="8,12,19,20,21,76,77,79,88,93,96" m="46665" machi="96" ten="30,8000,1" yaku="13,1,52,3,54,1" doraHai="74" who="3" fromWho="1" sc="310,0,230,-83,230,0,230,83" /><INIT seed="1,0,0,1,0,84" ten="310,147,230,313" oya="1" hai0="2,51,122,91,12,31,19,7,8,53,38,14,13" hai1="75,33,18,32,76,57,104,95,71,90,23,49,20" hai2="78,16,26,55,101,130,4,34,54,69,25,127,11" hai3="107,0,109,35,58,79,103,80,65,112,124,87,50"/><U88/><E104/><V46/><F69/><W128/><G109/><T59/><D38/><U110/><E71/><V72/><F127/><W17/><G128/><T45/><D122/><U56/><E110/><V102/><F130/><W3/><G112/><T66/><D31/><U97/><E75/><V132/><F132/><W29/><G124/><T131/><D131/><U133/><E76/><V60/><F34/><W114/><G114/><T115/><D115/><U63/><E133/><V120/><F120/><W92/><G107/><T89/><D66/><U44/><E33/><V30/><F30/><W28/><G35/><T105/><D105/><U70/><E32/><V129/><F129/><W111/><G3/><T9/><D45/><U93/><E70/><V37/><F37/><W61/><G0/><T67/><D67/><N who="1" m="39399" /><E57/><N who="2" m="34871" /><F78/><W82/><G82/><T62/><D62/><U68/><E18/><V22/><F26/><W86/><G111/><T77/><D77/><U5/><E5/><V100/><F72/><W52/><G17/><N who="0" m="8367" /><D2/><U40/><E68/><V48/><F11/><AGARI ba="0,0" hai="7,8,11,12,14,19,51,53,59,89,91" m="8367" machi="11" ten="30,3900,0" yaku="8,1,52,2" doraHai="84" who="0" fromWho="2" sc="310,39,147,0,230,-39,313,0" /><INIT seed="2,0,0,1,5,51" ten="349,147,191,313" oya="2" hai0="43,114,53,75,95,13,20,42,44,48,56,11,109" hai1="14,102,39,90,22,29,21,71,6,111,119,85,80" hai2="99,30,104,54,83,135,89,67,46,110,81,34,133" hai3="4,125,12,49,117,57,105,40,27,50,134,36,73"/><V88/><F67/><W74/><G117/><T1/><D114/><U100/><E119/><V28/><F110/><W23/><G105/><T32/><D32/><U60/><E111/><V0/><F0/><W7/><G36/><T59/><D109/><U61/><E39/><V68/><F68/><W93/><G74/><T124/><D75/><U131/><E131/><V16/><F16/><N who="3" m="12775" /><G73/><T77/><D1/><U52/><E71/><V96/><F46/><N who="3" m="25799" /><G134/><T58/><D77/><U78/><E78/><V98/><F54/><N who="3" m="31959" /><G125/><T26/><D95/><U15/><E61/><V121/><F121/><W62/><G62/><T120/><D124/><U103/><E29/><N who="2" m="11371" /><F104/><W19/><G93/><T37/><D120/><U87/><E87/><V116/><F34/><W25/><G25/><T107/><D107/><U55/><E60/><V45/><F45/><W66/><G66/><T76/><D37/><U129/><E129/><V47/><F47/><W118/><G118/><T112/><D112/><U41/><E41/><V130/><F130/><W31/><G31/><N who="0" m="17863" /><D76/><U5/><E5/><AGARI ba="0,0" hai="5,11,13,42,43,44,48,53,56,58,59" m="17863" machi="5" ten="30,2000,0" yaku="8,1,52,1" doraHai="51" who="0" fromWho="1" sc="349,20,147,-20,191,0,313,0" /><INIT seed="3,0,0,5,0,53" ten="369,127,191,313" oya="3" hai0="44,19,8,130,39,110,128,121,127,74,14,98,124" hai1="22,60,47,73,27,101,6,54,16,112,35,43,113" hai2="119,41,72,5,7,31,9,87,117,18,61,59,118" hai3="0,93,75,97,80,67,49,1,46,89,13,68,11"/><W100/><G68/><T111/><D121/><U33/><E73/><V135/><F72/><W81/><G75/><T129/><D74/><U125/><E113/><V24/><F135/><W86/><G67/><T126/><D98/><U84/><E112/><V96/><F41/><AGARI ba="0,0" hai="8,14,19,39,41,44,110,111,124,126,127,128,129,130" machi="41" ten="50,3200,0" yaku="18,1,19,1" doraHai="53" who="0" fromWho="2" sc="369,32,127,0,191,-32,313,0" owari="401,50.0,127,-37.0,159,-24.0,313,11.0" /></mjloggm>