<mjloggm ver="2.3"><GO type="41" lobby="0"/><UN n0="%E3%82%A6%E3%83%87%E3%82%A3" n1="%E5%B0%B1%E6%B4%BB%E7%94%9F%40%E5%B7%9D%E6%9D%91%E8%BB%8D%E5%9B%A3" n2="%67%75%73%68" n3="%61%79%61%6B%61%5F%79" dan="13,15,15,13" rate="2121.21,2022.53,1970.35,1822.40" sx="M,M,M,F"/><TAIKYOKU oya="0"/><INIT seed="0,0,0,3,3,59" ten="250,250,250,250" oya="0" hai0="77,1,35,17,33,89,91,47,78,126,127,49,90" hai1="38,131,125,111,58,75,51,54,68,16,30,4,79" hai2="113,121,112,98,37,44,25,8,116,27,70,65,34" hai3="128,107,81,56,22,135,12,69,83,2,97,11,94"/><T130/><D1/><U5/><E111/><V15/><F121/><W62/><G69/><T36/><D36/><U10/><E125/><N who="0" m="47625" /><D17/><U40/><E131/><V28/><F116/><W119/><G119/><T50/><D130/><U31/><E68/><V86/><F27/><W87/><G107/><T133/><D133/><U80/><E5/><V66/><F86/><W132/><G128/><T20/><D20/><U53/><E53/><V61/><F66/><W76/><G81/><T3/><D3/><N who="1" m="287" /><E16/><V129/><F129/><W42/><G22/><T95/><D95/><U67/><E67/><V115/><F98/><W57/><G2/><T18/><D18/><U72/><E72/><V21/><F21/><W45/><G56/><T55/><D49/><U60/><E51/><V99/><F99/><W64/><G94/><T106/><D106/><U26/><E26/><V110/><F110/><W63/><G97/><T96/><D96/><U114/><E114/><V46/><REACH who="2" step="1"/><F37/><REACH who="2" ten="250,250,240,250" step="2"/><W41/><G64/><T102/><D102/><U73/><E75/><V24/><F24/><W82/><G87/><T43/><D35/><U74/><E73/><V13/><F13/><W100/><G12/><T19/><D33/><U93/><E93/><V14/><F14/><W124/><G124/><T71/><D71/><U118/><E118/><V88/><F88/><W48/><G100/><T134/><D134/><U103/><E103/><V117/><F117/><W23/><G135/><T85/><D85/><U6/><E74/><V7/><AGARI ba="0,1" hai="7,8,15,25,28,34,44,46,61,65,70,112,113,115" machi="7" ten="30,4000,0" yaku="1,1,0,1,52,1,53,0" doraHai="59" doraHaiUra="92" who="2" fromWho="2" sc="250,-20,250,-10,240,50,250,-10" /><INIT seed="1,0,0,4,3,9" ten="230,240,290,240" oya="1" hai0="80,123,55,17,4,95,122,66,59,5,87,114,127" hai1="48,92,16,65,90,53,34,1,38,22,82,70,93" hai2="76,135,78,45,104,126,121,21,91,88,89,44,25" hai3="15,85,130,75,97,108,49,67,134,35,54,51,62"/><U46/><E34/><V68/><F121/><N who="0" m="46090" /><D114/><U112/><E1/><V84/><F104/><W43/><G75/><T29/><D127/><U110/><E112/><V128/><F68/><W30/><G130/><T73/><D29/><U10/><E38/><V105/><F105/><W6/><G134/><T20/><D66/><U100/><E110/><V129/><F126/><W115/><G115/><T79/><D95/><U72/><E100/><V26/><F135/><W131/><G131/><N who="2" m="50249" /><F84/><W98/><G30/><T42/><D42/><U56/><E70/><V32/><F32/><W74/><G35/><T13/><D73/><U28/><E28/><N who="2" m="17455" /><F26/><W57/><G74/><T50/><AGARI ba="0,0" hai="4,5,13,17,20,50,55,59,79,80,87" m="46090" machi="50" ten="30,2000,0" yaku="13,1,52,1" doraHai="9" who="0" fromWho="0" sc="230,20,240,-10,290,-5,240,-5" /><INIT seed="2,0,0,5,1,133" ten="250,230,285,235" oya="2" hai0="75,38,111,57,60,79,124,46,20,90,109,82,123" hai1="93,52,40,39,31,30,59,103,11,32,34,106,9" hai2="76,114,23,63,69,118,128,5,83,89,115,92,37" hai3="73,41,65,7,28,33,47,101,13,42,14,102,12"/><V51/><F118/><W50/><G73/><T80/><D123/><U113/><E106/><V35/><F37/><W97/><G65/><T48/><D38/><U116/><E116/><V27/><F35/><W68/><G68/><T117/><D117/><U104/><E104/><V15/><F51/><W120/><G120/><T121/><D121/><U43/><E113/><V67/><F128/><W17/><G7/><T95/><D20/><U107/><E107/><V55/><F55/><W127/><G127/><T122/><D82/><U8/><E39/><V3/><F3/><W10/><G28/><N who="1" m="10794" /><E32/><V91/><F15/><W84/><G33/><T66/><D122/><U100/><E34/><V24/><F5/><W54/><G102/><N who="1" m="38954" /><E93/><V129/><F129/><W74/><G74/><T49/><D124/><U85/><E85/><V6/><F92/><W0/><G0/><T58/><D58/><U98/><E98/><V29/><F114/><W71/><G71/><T119/><D119/><U126/><E126/><V77/><F115/><W132/><G132/><T105/><D105/><U112/><E112/><V64/><F69/><W16/><G84/><N who="0" m="52679" /><D46/><U131/><E131/><V18/><F83/><W130/><G130/><T86/><D75/><U19/><E19/><V61/><F18/><W125/><G125/><T45/><D45/><U78/><E78/><V53/><F76/><W99/><G14/><T88/><D79/><U44/><E44/><V36/><F77/><W56/><G56/><T70/><D70/><U2/><E2/><V81/><F36/><W62/><G101/><T21/><D21/><RYUUKYOKU ba="0,0" sc="250,15,230,15,285,-15,235,-15" hai0="48,49,57,60,66,80,86,88,109,111" hai1="8,9,11,40,43,52,59" /><INIT seed="3,1,0,1,4,62" ten="265,245,270,220" oya="3" hai0="112,119,63,123,6,38,114,40,39,20,49,26,32" hai1="52,24,93,82,22,23,94,61,31,103,34,116,130" hai2="106,131,77,66,99,12,127,115,8,18,67,104,97" hai3="105,64,110,78,126,96,35,100,91,54,28,76,59"/><W108/><G126/><T44/><D119/><U14/><E116/><V56/><F115/><N who="0" m="44074" /><D123/><U95/><E130/><V13/><F127/><W92/><G28/><N who="0" m="19479" /><D6/><U71/><E103/><V16/><F77/><W43/><G43/><T0/><D0/><U118/><E118/><V85/><F85/><W101/><G35/><T27/><D63/><U98/><E82/><V53/><F131/><W65/><G101/><T21/><D21/><U25/><E14/><V122/><F122/><W124/><G124/><T68/><D68/><U58/><E71/><V73/><F73/><W80/><G59/><T1/><D1/><U10/><E10/><N who="2" m="6167" /><F106/><W109/><G54/><T29/><AGARI ba="1,0" hai="20,27,29,38,39,40,44,49" m="19479,44074" machi="29" ten="30,1100,0" yaku="11,1" doraHai="62" who="0" fromWho="0" sc="265,14,245,-4,270,-4,220,-6" /><INIT seed="4,0,0,0,3,6" ten="279,241,266,214" oya="0" hai0="133,117,91,72,59,121,45,65,83,103,90,105,95" hai1="46,115,8,73,101,111,89,57,47,122,123,9,84" hai2="34,124,30,18,14,79,32,58,12,24,94,130,68" hai3="62,3,55,104,106,75,102,19,129,33,13,108,5"/><T43/><D117/><U37/><E73/><V23/><F68/><W120/><G75/><T21/><D121/><U16/><E111/><V36/><F36/><W38/><G108/><T109/><D109/><U50/><E115/><V100/><F79/><W52/><G38/><T92/><D133/><U42/><E101/><V78/><F78/><W86/><G33/><T98/><D21/><U4/><E57/><V29/><F130/><W64/><G120/><T70/><D70/><U113/><E113/><V66/><F124/><W81/><G129/><T80/><D65/><U82/><E4/><V28/><F34/><W60/><G5/><T41/><D59/><U61/><E61/><N who="2" m="38199" /><F32/><W56/><G3/><T116/><D116/><U135/><E135/><V31/><N who="2" m="7680" /><DORA hai="17" /><V10/><F10/><W25/><G25/><T112/><D112/><U20/><E123/><V93/><F93/><W97/><G106/><T99/><D72/><U27/><E122/><V71/><F71/><W126/><G126/><T118/><D118/><U96/><E96/><AGARI ba="0,0" hai="12,14,18,23,24,94,96,100" m="7680,38199" machi="96" ten="40,2600,0" yaku="8,1,52,1" doraHai="6,17" who="2" fromWho="1" sc="279,0,241,-26,266,26,214,0" /><INIT seed="5,0,0,0,4,4" ten="279,215,292,214" oya="1" hai0="118,90,49,29,32,38,5,27,51,13,83,122,12" hai1="65,113,69,79,63,0,6,1,56,58,105,16,15" hai2="36,110,76,10,45,24,106,60,97,59,73,133,43" hai3="117,111,47,67,28,20,91,127,61,7,134,89,109"/><U87/><E105/><V132/><F110/><W21/><G117/><T81/><D118/><U40/><E113/><V119/><F119/><W98/><G127/><T70/><D38/><U19/><E40/><V103/><F24/><W82/><G134/><T34/><D122/><U18/><E1/><V130/><F130/><W55/><G7/><T26/><D70/><U8/><REACH who="1" step="1"/><E0/><REACH who="1" ten="279,205,292,214" step="2"/><V42/><F42/><W95/><G111/><T37/><D37/><U2/><E2/><V72/><F133/><W64/><G109/><T9/><D34/><U3/><E3/><V23/><F132/><W88/><G28/><T112/><D32/><U100/><E100/><V129/><F43/><W11/><G82/><AGARI ba="0,1" hai="6,8,15,16,18,19,56,58,63,65,69,79,82,87" machi="82" ten="40,7700,0" yaku="1,1,52,1,54,1,53,0" doraHai="4" doraHaiUra="120" who="1" fromWho="3" sc="279,0,205,87,292,0,214,-77" /><INIT seed="5,1,0,4,0,14" ten="279,292,292,137" oya="1" hai0="55,52,112,85,123,115,93,37,94,39,50,65,48" hai1="99,41,16,24,121,18,4,54,46,108,26,100,71" hai2="116,96,59,135,89,83,127,20,118,43,106,78,33" hai3="98,60,134,102,9,11,76,74,69,8,131,130,27"/><U21/><E121/><V128/><F33/><W124/><G124/><T1/><D1/><U68/><E108/><V67/><F43/><W44/><G134/><T77/><D65/><U117/><E117/><V17/><F127/><W64/><G44/><T25/><D25/><U47/><E4/><V51/><F135/><W22/><G76/><T119/><D77/><U32/><E71/><V95/><F106/><W125/><G74/><T0/><D0/><U101/><E68/><V66/><F128/><W103/><G125/><T2/><D2/><U73/><E73/><V133/><F133/><W87/><G87/><T91/><D119/><U84/><E32/><V82/><F118/><W38/><G38/><T5/><D5/><U90/><E54/><N who="2" m="32223" /><F116/><W29/><REACH who="3" step="1"/><G98/><REACH who="3" ten="279,292,292,127" step="2"/><N who="0" m="57663" /><D39/><U88/><E90/><V56/><F78/><W10/><N who="3" m="2560" /><DORA hai="42" /><W49/><G49/><T122/><D50/><N who="1" m="26959" /><E47/><V58/><F56/><W13/><G13/><T19/><D48/><U132/><E99/><V110/><F58/><W35/><G35/><T72/><D37/><U7/><E132/><V75/><F75/><W57/><G57/><T120/><D72/><U111/><E111/><V15/><F110/><W92/><G92/><T30/><D94/><N who="1" m="54535" /><E7/><V45/><F45/><W6/><G6/><T31/><D85/><U126/><E126/><V23/><F96/><W105/><G105/><T129/><D55/><U113/><E113/><N who="0" m="43593" /><D52/><U3/><E3/><V40/><F67/><W97/><G97/><T62/><D123/><U61/><E61/><V70/><F66/><W36/><G36/><T107/><D62/><RYUUKYOKU ba="1,1" sc="279,-15,292,15,292,-15,127,15" hai1="16,18,21,24,26,100,101" hai3="22,27,29,60,64,69,102,103,130,131" /><INIT seed="5,2,1,0,0,100" ten="264,307,277,142" oya="1" hai0="93,23,135,80,94,47,112,104,77,36,26,117,73" hai1="96,49,19,130,116,64,16,9,0,132,125,87,5" hai2="71,22,129,14,82,95,134,70,108,126,84,37,53" hai3="15,89,98,1,86,111,40,29,38,92,103,110,115"/><U3/><E116/><V46/><F108/><W60/><G1/><T50/><D117/><U76/><E3/><V127/><F95/><W124/><G115/><T106/><D112/><U133/><E64/><V55/><F129/><W81/><G29/><T120/><D36/><U48/><E96/><V52/><F134/><N who="1" m="51817" /><E125/><N who="2" m="47627" /><F37/><W41/><G124/><T91/><D135/><U20/><E130/><V31/><F46/><W13/><G60/><T65/><D65/><U25/><E19/><N who="2" m="10615" /><F31/><W51/><G38/><T74/><D74/><U83/><AGARI ba="2,1" hai="0,5,9,16,20,25,48,49,76,83,87" m="51817" machi="83" ten="30,3000,0" yaku="20,1,54,1" doraHai="100" who="1" fromWho="1" sc="264,-12,307,46,277,-12,142,-12" /><INIT seed="5,3,0,4,5,28" ten="252,353,265,130" oya="1" hai0="130,73,6,100,68,110,81,9,56,129,29,20,79" hai1="77,4,39,30,128,41,84,123,83,37,86,16,48" hai2="72,11,51,62,35,117,67,31,82,22,114,13,33" hai3="55,12,0,88,59,109,25,63,80,46,75,76,45"/><U38/><E123/><V135/><F117/><W102/><G0/><T122/><D68/><U3/><E128/><N who="0" m="49257" /><D122/><U98/><E30/><V120/><F120/><W42/><G109/><T92/><D110/><U87/><E4/><V115/><F51/><W107/><G46/><T34/><D20/><U112/><E3/><V131/><F131/><W96/><G25/><N who="0" m="18735" /><D56/><U47/><E112/><N who="2" m="43051" /><F135/><W90/><REACH who="3" step="1"/><G12/><REACH who="3" ten="252,353,265,120" step="2"/><T108/><D108/><U126/><E126/><V52/><F31/><W93/><G93/><T89/><D92/><U127/><E127/><V8/><F82/><W106/><G106/><T18/><D81/><U124/><E124/><V2/><F2/><W78/><G78/><T60/><D79/><U118/><E118/><V104/><F104/><W95/><G95/><T65/><D100/><U24/><E98/><V74/><F13/><W91/><G91/><T71/><D89/><U36/><E36/><AGARI ba="3,1" hai="36,42,45,55,59,63,75,76,80,88,90,96,102,107" machi="36" ten="30,3900,0" yaku="1,1,7,1,54,1,53,0" doraHai="28" doraHaiUra="66" who="3" fromWho="1" sc="252,0,353,-48,265,0,120,58" /><INIT seed="6,0,0,0,5,73" ten="252,305,265,178" oya="2" hai0="82,102,75,123,80,4,119,91,56,19,5,95,15" hai1="63,1,54,2,11,106,114,84,121,117,12,113,25" hai2="27,94,104,42,88,59,116,126,55,67,89,101,129" hai3="97,43,41,125,14,51,57,81,99,79,128,74,24"/><V38/><F116/><W23/><G125/><T61/><D123/><U20/><E117/><V127/><F67/><W110/><G110/><T60/><D119/><U130/><E106/><V76/><F129/><W112/><G112/><N who="1" m="43114" /><E130/><V40/><F27/><W32/><G32/><T109/><D109/><U131/><E131/><V70/><F70/><W135/><G135/><T65/><D102/><U28/><E84/><V22/><F22/><W77/><G14/><T49/><D49/><U7/><E121/><V78/><F101/><W35/><G35/><T8/><D61/><U71/><E71/><V16/><F16/><W36/><G36/><T52/><D65/><U30/><E63/><N who="2" m="36351" /><F104/><W105/><G128/><T64/><D64/><U10/><E54/><V0/><F0/><N who="1" m="105" /><E10/><V34/><F34/><W111/><G111/><T93/><D93/><U132/><E132/><V6/><F6/><N who="0" m="2666" /><D75/><U58/><E58/><V66/><F66/><W96/><G105/><T124/><D124/><N who="2" m="47658" /><F89/><W107/><G107/><T68/><D68/><U48/><E48/><V90/><F90/><W86/><G57/><T100/><D100/><U83/><E83/><V53/><F53/><W45/><G41/><N who="2" m="15977" /><F38/><W44/><G44/><T62/><D62/><U9/><E9/><V31/><F31/><AGARI ba="0,0" hai="7,11,12,20,25,28,30,31" m="105,43114" machi="31" ten="30,3900,0" yaku="15,1,34,2" doraHai="73" who="1" fromWho="2" sc="252,0,305,39,265,-39,178,0" /><INIT seed="7,0,0,5,2,32" ten="252,344,226,178" oya="3" hai0="128,106,82,116,5,75,101,69,4,129,27,26,107" hai1="31,17,36,54,97,66,25,46,109,81,88,55,94" hai2="60,65,74,49,57,120,70,11,12,102,132,68,98" hai3="123,30,121,29,35,3,100,96,124,40,134,90,23"/><W41/><G124/><T125/><D82/><U79/><E109/><V103/><F74/><W93/><G134/><T6/><D101/><U59/><E17/><V28/><F132/><W108/><G108/><T122/><D75/><U114/><E114/><V10/><F120/><W37/><G35/><T56/><D122/><U72/><E66/><V99/><F28/><W119/><G119/><T91/><D91/><U133/><E133/><V76/><F76/><W64/><G3/><T105/><D116/><U131/><E131/><N who="0" m="50249" /><D56/><U111/><E111/><V67/><F49/><W63/><G30/><T48/><D48/><U42/><E59/><V33/><F33/><AGARI ba="0,0" hai="25,31,33,36,42,46,54,55,72,79,81,88,94,97" machi="33" ten="30,2000,0" yaku="7,1,54,1" doraHai="32" who="1" fromWho="2" sc="252,0,344,20,226,-20,178,0" owari="252,5.0,364,46.0,206,-19.0,178,-32.0" /></mjloggm>