<mjloggm ver="2.3"><GO type="97" lobby="0"/><UN n0="%E3%83%88%E3%83%AA%E3%82%A2%E3%83%8E%E3%83%B3%E2%99%AA" n1="%E5%B0%B1%E6%B4%BB%E7%94%9F%40%E5%B7%9D%E6%9D%91%E8%BB%8D%E5%9B%A3" n2="%E3%81%BD%E3%81%A1%E3%81%9F%E3%81%BE%E3%81%95%E3%82%93" n3="%6B%65%6E%74%6F%60%73" dan="16,15,13,14" rate="1982.26,2049.77,1830.79,1929.07" sx="M,M,M,M"/><TAIKYOKU oya="0"/><INIT seed="0,0,0,4,1,67" ten="250,250,250,250" oya="0" hai0="102,8,51,128,0,52,130,123,72,126,9,99,91" hai1="62,68,118,103,114,98,4,50,135,96,87,25,13" hai2="59,94,29,107,1,48,73,55,100,28,37,134,83" hai3="66,47,106,45,33,93,125,12,10,131,60,16,36"/><T115/><D123/><U75/><E118/><V27/><F134/><W49/><G106/><T6/><D115/><U34/><E75/><V105/><F37/><W46/><G33/><T65/><D72/><U35/><E135/><V86/><F1/><W30/><G30/><T97/><D126/><U117/><E114/><V41/><F41/><W23/><G125/><T58/><D9/><U15/><E117/><V92/><F73/><W85/><G131/><N who="0" m="50219" /><D91/><U120/><E120/><V77/><F107/><W21/><G36/><T80/><D80/><U129/><E87/><V95/><F105/><W109/><G109/><T90/><D90/><U108/><E50/><V18/><F100/><W133/><G133/><T26/><D102/><U84/><E84/><V63/><F63/><W19/><G49/><T5/><D5/><U101/><E62/><V53/><REACH who="2" step="1"/><F55/><REACH who="2" ten="250,250,240,250" step="2"/><W71/><G60/><N who="0" m="38039" /><D26/><U11/><E25/><V54/><F54/><W110/><G12/><T74/><D74/><U119/><E129/><V111/><F111/><W14/><G110/><T132/><D132/><U116/><E108/><V22/><AGARI ba="0,1" hai="18,22,27,28,29,48,53,59,77,83,86,92,94,95" machi="22" ten="30,4000,0" yaku="1,1,0,1,8,1,53,0" doraHai="67" doraHaiUra="31" who="2" fromWho="2" sc="250,-20,250,-10,240,50,250,-10" /><INIT seed="1,0,0,2,2,41" ten="230,240,290,240" oya="1" hai0="89,115,108,5,44,69,36,95,78,94,121,51,118" hai1="48,64,60,23,102,52,53,67,103,47,88,110,124" hai2="97,45,37,66,57,93,8,120,14,13,86,2,109" hai3="33,30,24,28,125,70,111,123,116,127,84,11,90"/><U18/><E124/><N who="3" m="47690" /><G123/><T113/><D118/><U65/><E110/><V29/><F120/><W6/><G116/><T59/><D121/><U132/><E132/><V133/><F29/><N who="3" m="19623" /><G70/><T55/><D108/><U17/><E17/><V25/><F133/><W40/><G40/><T20/><D69/><U22/><E22/><V50/><F86/><W19/><G111/><T129/><D129/><U9/><E9/><V100/><F37/><W49/><G49/><T1/><D95/><U26/><E88/><V91/><F25/><W114/><G114/><T117/><D117/><U87/><E87/><V63/><F109/><W12/><G6/><T62/><D36/><U104/><E104/><V96/><F2/><W71/><G71/><T0/><D78/><U85/><E85/><V43/><REACH who="2" step="1"/><F8/><REACH who="2" ten="230,240,280,240" step="2"/><W16/><G19/><T34/><D0/><U135/><E135/><V73/><F73/><W105/><G105/><AGARI ba="0,1" hai="13,14,43,45,50,57,63,66,91,93,96,97,100,105" machi="105" ten="30,7700,0" yaku="1,1,7,1,52,1,53,1" doraHai="41" doraHaiUra="56" who="2" fromWho="3" sc="230,0,240,0,280,87,240,-77" /><INIT seed="2,0,0,0,5,22" ten="230,240,367,163" oya="2" hai0="135,124,52,49,87,30,41,51,66,28,101,16,74" hai1="60,133,103,111,31,37,54,125,109,130,27,56,50" hai2="4,73,91,35,132,26,7,40,127,106,76,126,61" hai3="131,88,72,6,102,128,64,118,57,58,79,129,98"/><V110/><F106/><N who="3" m="63831" /><G6/><T34/><D74/><U122/><E37/><V53/><F40/><W96/><G64/><T89/><D135/><U82/><E122/><V78/><F132/><W100/><G58/><N who="0" m="33039" /><D124/><N who="2" m="47658" /><F91/><W93/><G57/><T113/><D113/><U92/><E133/><V83/><F76/><W59/><G59/><T3/><D3/><U33/><E82/><V32/><F110/><N who="1" m="41993" /><E130/><N who="3" m="33282" /><W39/><DORA hai="119" /><G39/><T5/><D34/><U116/><E116/><V14/><F14/><W134/><G134/><T46/><D101/><U77/><E77/><V71/><F53/><W63/><G63/><T120/><D120/><U95/><E125/><V104/><F61/><W38/><G38/><T114/><D114/><U123/><E123/><V80/><F71/><W20/><G20/><T8/><D5/><U9/><E9/><V75/><F4/><W94/><G118/><T44/><D44/><N who="1" m="27975" /><E103/><V67/><F7/><W81/><G94/><N who="0" m="54591" /><D66/><AGARI ba="0,0" hai="27,31,33,56,60,66,92,95" m="27975,41993" machi="66" ten="30,2000,0" yaku="14,1,52,1" doraHai="22,119" who="1" fromWho="0" sc="230,-20,240,20,367,0,163,0" /><INIT seed="3,0,0,5,3,62" ten="210,260,367,163" oya="3" hai0="124,15,13,70,47,118,75,117,58,106,80,132,28" hai1="33,83,4,74,12,55,57,95,108,53,9,45,114" hai2="6,67,120,131,130,64,122,128,98,78,73,52,10" hai3="51,44,48,85,104,40,82,92,49,35,26,89,101"/><W125/><G125/><T93/><D70/><U134/><E33/><V56/><F98/><W127/><G127/><T38/><D106/><U0/><E108/><V110/><F110/><W46/><G104/><T30/><D124/><U17/><E134/><V66/><F78/><W1/><G1/><T19/><D132/><U112/><E45/><V3/><F73/><W18/><G46/><T24/><D13/><U97/><E83/><V42/><REACH who="2" step="1"/><F42/><REACH who="2" ten="210,260,357,163" step="2"/><W63/><G63/><AGARI ba="0,1" hai="3,6,10,52,56,63,64,66,67,120,122,128,130,131" machi="63" ten="50,12000,2" yaku="1,1,2,1,19,1,52,3,54,1,53,0" doraHai="62" doraHaiUra="105" who="2" fromWho="3" sc="210,0,260,0,357,130,163,-120" owari="210,-19.0,260,6.0,487,59.0,43,-46.0" /></mjloggm>