<mjloggm ver="2.3"><GO type="97" lobby="0"/><UN n0="%2F%2F%7A%61%68%2F%2F" n1="%E6%9A%87%E7%A5%9E" n2="%E5%B0%B1%E6%B4%BB%E7%94%9F%40%E5%B7%9D%E6%9D%91%E8%BB%8D%E5%9B%A3" n3="%E3%82%86%E3%81%86%E3%81%AE%E3%81%99%E3%81%91" dan="14,14,15,13" rate="1931.25,1957.07,2007.80,1899.17" sx="M,M,M,M"/><TAIKYOKU oya="0"/><INIT seed="0,0,0,0,4,100" ten="250,250,250,250" oya="0" hai0="90,30,105,74,95,116,88,51,11,128,42,102,91" hai1="115,26,29,89,46,17,15,9,71,129,117,106,63" hai2="8,76,31,93,25,130,53,28,48,81,122,0,43" hai3="114,119,134,59,92,110,2,44,49,132,52,12,73"/><T75/><D116/><U6/><E117/><V80/><F122/><W50/><G119/><T41/><D30/><U7/><E129/><V123/><F123/><W10/><G114/><T118/><D118/><U79/><E115/><V126/><F126/><W67/><G2/><T69/><D69/><U36/><E79/><V54/><F130/><W35/><G35/><T133/><D133/><U19/><E89/><V124/><F124/><W94/><G110/><T1/><D128/><U111/><E111/><V55/><F0/><W113/><G113/><T68/><D68/><U84/><E84/><V62/><F8/><W64/><G73/><T72/><D105/><U23/><E106/><V33/><F62/><W61/><G132/><T77/><D77/><U16/><E36/><V78/><F93/><W101/><G134/><T131/><D131/><U107/><E46/><V21/><F33/><W120/><G120/><T24/><D24/><N who="1" m="16543" /><E63/><V103/><F103/><W22/><G22/><T125/><D125/><U109/><E71/><V121/><F121/><W58/><G101/><T37/><D37/><U65/><E65/><V27/><F78/><W39/><G67/><T70/><D70/><U45/><E107/><V96/><F96/><W14/><G39/><T5/><REACH who="0" step="1"/><D51/><REACH who="0" ten="240,250,250,250" step="2"/><U40/><E109/><V34/><F76/><W127/><G127/><T135/><D135/><U13/><E40/><V57/><F43/><W83/><G50/><T66/><D66/><U4/><E45/><V20/><F34/><W108/><G44/><T98/><AGARI ba="0,1" hai="1,5,11,41,42,72,74,75,88,90,91,95,98,102" machi="98" ten="40,12000,1" yaku="1,1,0,1,54,1,53,1" doraHai="100" doraHaiUra="3" who="0" fromWho="0" sc="240,130,250,-40,250,-40,250,-40" /><INIT seed="0,1,0,5,4,113" ten="370,210,210,210" oya="0" hai0="98,99,71,133,119,100,81,14,11,59,35,63,77" hai1="54,104,40,70,102,96,39,17,129,49,101,52,29" hai2="3,36,62,124,123,20,51,72,27,122,120,91,84" hai3="61,50,42,37,46,118,28,135,64,13,65,53,5"/><T74/><D119/><U44/><E70/><V75/><F36/><W106/><G106/><T58/><D35/><U7/><E129/><V41/><F3/><W105/><G105/><T22/><D133/><U117/><E102/><V55/><F124/><W115/><G28/><T114/><D22/><U43/><E29/><V126/><F126/><W24/><G24/><T23/><D23/><U111/><E111/><V60/><F41/><W34/><G34/><T45/><D45/><U10/><E17/><V16/><F75/><W8/><G115/><T31/><D31/><U92/><E43/><V86/><F72/><W95/><G135/><T127/><D127/><U6/><E117/><V87/><REACH who="2" step="1"/><F91/><REACH who="2" ten="370,210,200,210" step="2"/><W15/><G37/><T4/><D114/><U134/><E39/><V66/><F66/><W112/><G112/><T76/><D76/><U30/><E134/><V110/><F110/><W130/><G42/><T107/><REACH who="0" step="1"/><D99/><REACH who="0" ten="360,210,200,210" step="2"/><U82/><E96/><V32/><F32/><W2/><G130/><T12/><D12/><U132/><E132/><V109/><F109/><W83/><G15/><T48/><D48/><U38/><E38/><V69/><F69/><W25/><G13/><T21/><D21/><U19/><E49/><V79/><F79/><W33/><G33/><T94/><D94/><U57/><E92/><V93/><F93/><W18/><G95/><T1/><D1/><U128/><E104/><V121/><N who="2" m="31232" /><DORA hai="67" /><V89/><F89/><W116/><G2/><T103/><D103/><U131/><E101/><V56/><AGARI ba="1,2" hai="16,20,27,51,55,56,60,62,84,86,87" m="31232" machi="56" ten="60,12000,2" yaku="1,1,0,1,54,1,53,3" doraHai="113,67" doraHaiUra="125,80" who="2" fromWho="2" sc="360,-61,210,-31,200,143,210,-31" /><INIT seed="1,0,0,2,0,131" ten="299,179,343,179" oya="1" hai0="71,10,69,53,61,15,108,7,80,106,29,30,82" hai1="25,129,88,16,8,47,57,84,89,96,2,48,38" hai2="122,121,0,118,79,50,46,94,126,74,26,36,75" hai3="52,86,56,21,45,32,98,127,43,65,6,119,95"/><U17/><E129/><V104/><F104/><W93/><G32/><T105/><D108/><U111/><E111/><V11/><F118/><W64/><G119/><T68/><D53/><U100/><E38/><V35/><F126/><W90/><G127/><T63/><D15/><U102/><E2/><V116/><F116/><W18/><G6/><T44/><D10/><U27/><E57/><V54/><F36/><W55/><G43/><T117/><D7/><U135/><E135/><V113/><F113/><W123/><G45/><T78/><D44/><U20/><E96/><V120/><F94/><W76/><G55/><T97/><D117/><U99/><E99/><V41/><F54/><W130/><G130/><T14/><D14/><N who="1" m="7239" /><E27/><V22/><F35/><W19/><G123/><T132/><D97/><U60/><E60/><V112/><F112/><W124/><G124/><T12/><D12/><U115/><E115/><V101/><F101/><N who="1" m="39017" /><E84/><V51/><F51/><N who="3" m="30751" /><G19/><T92/><D78/><U109/><E109/><V23/><F79/><W59/><G59/><T77/><D77/><U28/><E28/><V9/><F0/><W13/><G76/><T34/><D34/><U58/><E58/><V87/><F87/><W73/><G73/><N who="2" m="27657" /><F26/><W83/><G98/><T42/><D71/><U85/><E85/><V3/><F3/><W81/><G81/><T67/><D106/><U91/><E47/><V110/><F110/><W114/><G114/><T128/><D105/><U133/><E133/><V4/><F4/><W49/><G49/><AGARI ba="0,0" hai="17,20,25,48,49,88,89,91" m="39017,7239" machi="49" ten="30,5800,0" yaku="8,1,54,2" doraHai="131" who="1" fromWho="3" sc="299,0,179,58,343,0,179,-58" /><INIT seed="1,1,0,2,3,35" ten="299,237,343,121" oya="1" hai0="98,32,37,2,41,107,105,110,60,63,99,85,22" hai1="33,28,15,103,82,129,77,0,29,70,120,1,95" hai2="6,112,3,69,62,44,72,100,38,96,74,18,87" hai3="134,12,92,81,117,84,8,118,51,108,46,91,5"/><U113/><E120/><V68/><F112/><W47/><G108/><T130/><D32/><U7/><E113/><V106/><F87/><W124/><G124/><T131/><D41/><U121/><E129/><V79/><F18/><W42/><G134/><T75/><D37/><U71/><E121/><V104/><F104/><W109/><G109/><T53/><D75/><U132/><E132/><V49/><F49/><W59/><G59/><T50/><D110/><U45/><E45/><V27/><F27/><W30/><G30/><T93/><D99/><U73/><E29/><V24/><F24/><W97/><REACH who="3" step="1"/><G46/><REACH who="3" ten="299,237,343,111" step="2"/><T11/><D131/><U102/><E71/><V61/><F69/><W94/><G94/><T119/><D93/><U43/><E70/><V86/><F68/><W54/><G54/><T40/><D53/><U133/><E133/><V56/><F44/><W122/><G122/><T34/><D107/><U48/><E95/><V116/><F56/><W36/><G36/><T88/><D105/><U111/><E111/><V128/><F38/><W114/><G114/><T135/><D130/><U26/><E43/><V23/><F106/><W17/><G17/><T127/><D40/><U14/><E48/><V9/><F128/><W52/><G52/><T101/><D50/><U67/><E67/><V76/><F62/><W65/><G65/><T16/><D63/><U55/><E55/><V90/><F61/><W83/><G83/><T10/><D60/><U20/><E82/><V4/><F116/><W13/><G13/><T126/><D119/><U64/><E64/><V31/><F31/><RYUUKYOKU ba="1,1" sc="299,-10,237,-10,343,-10,111,30" hai3="5,8,12,42,47,51,81,84,91,92,97,117,118" /><INIT seed="2,2,1,5,0,4" ten="289,227,333,141" oya="2" hai0="15,18,5,127,29,100,84,81,126,45,110,2,130" hai1="28,46,66,124,82,69,98,47,60,43,38,111,112" hai2="22,14,44,109,95,62,74,104,121,39,7,30,40" hai3="56,21,24,83,37,113,52,19,108,73,55,26,132"/><V80/><F104/><W133/><G108/><T12/><D2/><U97/><E111/><V76/><F121/><W54/><G37/><T72/><D72/><U116/><E116/><V53/><F109/><W96/><G113/><T61/><D29/><U8/><E124/><V93/><F30/><W118/><G118/><T35/><D35/><U122/><E112/><V59/><REACH who="2" step="1"/><F22/><REACH who="2" ten="289,227,323,141" step="2"/><W11/><G133/><T131/><D110/><U117/><E28/><V13/><F13/><W75/><G132/><T34/><D15/><U85/><E122/><V119/><F119/><W78/><G75/><T103/><D12/><U48/><E117/><V94/><F94/><W71/><G71/><T115/><D115/><U3/><E3/><V58/><F58/><W129/><G129/><T57/><D131/><U101/><E101/><V20/><F20/><W77/><G26/><T107/><D57/><U102/><E102/><V31/><F31/><W0/><G56/><T87/><D103/><U135/><E135/><V91/><F91/><W17/><G73/><T64/><D100/><U134/><E134/><V23/><F23/><W90/><G0/><T1/><D1/><U114/><E114/><V79/><F79/><W120/><G120/><T89/><D107/><U88/><REACH who="1" step="1"/><E8/><AGARI ba="2,2" hai="7,8,14,39,40,44,53,59,62,74,76,80,93,95" machi="8" ten="40,7700,0" yaku="1,1,52,1,53,1" doraHai="4" doraHaiUra="9" who="2" fromWho="1" sc="289,0,227,-83,323,103,141,0" /><INIT seed="2,3,0,3,3,75" ten="289,144,426,141" oya="2" hai0="118,115,43,8,110,117,18,57,54,42,51,62,102" hai1="26,58,135,36,127,60,126,81,33,101,97,100,105" hai2="78,50,134,34,71,73,74,120,72,67,63,2,77" hai3="108,27,70,93,40,41,116,98,112,4,95,128,6"/><V29/><F120/><W5/><G116/><T82/><D102/><U23/><E135/><V10/><F134/><W64/><G112/><T24/><D8/><U85/><E36/><V124/><F124/><N who="1" m="47657" /><E33/><V76/><F50/><W66/><G128/><T55/><D18/><N who="1" m="12663" /><E97/><V7/><F29/><W109/><G27/><T16/><D82/><U25/><E25/><V123/><F123/><W21/><G21/><T13/><D115/><U104/><E104/><V130/><REACH who="2" step="1"/><F34/><REACH who="2" ten="289,144,416,141" step="2"/><W129/><G129/><AGARI ba="3,1" hai="2,7,10,63,67,71,72,73,74,76,77,78,129,130" machi="129" ten="50,24000,3" yaku="1,1,2,1,52,3,53,3" doraHai="75" doraHaiUra="106" who="2" fromWho="3" sc="289,0,144,0,416,259,141,-249" owari="289,9.0,144,-26.0,675,78.0,-108,-61.0" /></mjloggm>