<mjloggm ver="2.3"><GO type="225" lobby="0"/><UN n0="%E7%88%86%E6%92%83%E3%81%A1%E3%82%83%E3%82%93" n1="%E3%82%A6%E3%83%AB%E3%83%88%E3%83%A9%E7%AB%8B%E7%9B%B4" n2="%E3%81%8A%E3%81%BE%E3%81%A4%E3%82%8A" n3="%E5%B7%9D%E6%9D%91%E6%99%83%E8%A3%95%EF%BC%88%E4%B8%A1%E6%96%B9%EF%BC%89" dan="16,17,18,16" rate="2135.26,2105.87,2216.49,2053.69" sx="M,M,M,M"/><TAIKYOKU oya="0"/><INIT seed="0,0,0,1,3,110" ten="250,250,250,250" oya="0" hai0="24,5,16,113,89,12,112,35,133,115,2,122,17" hai1="29,70,6,104,71,118,84,74,73,119,1,37,48" hai2="123,56,107,86,94,22,134,109,69,75,30,128,63" hai3="27,77,20,28,105,10,130,108,99,38,131,54,21"/><T41/><D41/><U52/><E104/><V7/><F75/><W26/><G38/><T25/><D122/><U36/><E29/><V98/><F7/><W102/><G108/><T14/><D89/><U59/><E84/><V53/><F109/><W92/><G77/><T31/><D133/><U46/><E6/><V64/><F134/><W127/><G127/><T90/><D90/><U103/><E103/><V66/><F123/><W15/><G54/><T4/><D25/><U62/><E1/><V87/><F128/><N who="3" m="49195" /><G105/><T85/><D85/><U125/><E73/><V97/><F107/><W42/><G42/><T132/><D132/><U8/><E74/><V57/><F69/><N who="1" m="26121" /><E8/><V91/><F98/><W95/><G95/><T65/><D65/><N who="1" m="39135" /><E125/><V76/><F76/><W40/><G40/><T117/><D117/><AGARI ba="0,0" hai="36,37,46,48,52,117,118,119" m="39135,26121" machi="117" ten="30,3900,0" yaku="34,2,54,1" doraHai="110" who="1" fromWho="0" sc="250,-39,250,39,250,0,250,0" /><INIT seed="1,0,0,3,0,106" ten="211,289,250,250" oya="1" hai0="119,122,73,55,17,18,20,78,103,86,52,133,74" hai1="46,26,111,128,124,70,79,102,110,60,118,75,104" hai2="105,56,126,82,57,1,5,120,2,34,108,22,53" hai3="39,84,11,130,69,127,47,87,129,25,92,40,65"/><U44/><E118/><V94/><F105/><W76/><G127/><T42/><D119/><U85/><E124/><V71/><F71/><W62/><G25/><T116/><D116/><U95/><E26/><V90/><F34/><W93/><G11/><T66/><D133/><U19/><E19/><V12/><F126/><W35/><G35/><T99/><D66/><U37/><E60/><V64/><F108/><N who="1" m="41513" /><E70/><V113/><F113/><W3/><G3/><T98/><D122/><U132/><E128/><N who="3" m="49258" /><G87/><T43/><D86/><U14/><E14/><V32/><F1/><W80/><AGARI ba="0,0" hai="39,40,47,62,65,69,76,80,84,92,93" m="49258" machi="80" ten="30,1100,0" yaku="19,1" doraHai="106" who="3" fromWho="3" sc="211,-3,289,-5,250,-3,250,11" /><INIT seed="2,0,0,5,5,109" ten="208,284,247,261" oya="2" hai0="131,69,59,28,10,15,84,86,12,16,33,21,39" hai1="63,95,60,67,20,117,118,123,94,13,92,0,54" hai2="2,73,130,134,102,31,116,19,27,49,103,26,11" hai3="114,72,17,126,9,79,132,110,120,89,107,42,55"/><V18/><F73/><W46/><G120/><T66/><D69/><U98/><E0/><V44/><F116/><W8/><G107/><T78/><D39/><U76/><E76/><V43/><F130/><W127/><G110/><T90/><D131/><U91/><E123/><V52/><F134/><W40/><G132/><T25/><D78/><U7/><E95/><V61/><F2/><W115/><G89/><T35/><D86/><U106/><E106/><V105/><F105/><W111/><G55/><T104/><D104/><U4/><E4/><V64/><F43/><N who="3" m="16427" /><G46/><T37/><D37/><U119/><E119/><V133/><F133/><W82/><G111/><T125/><D125/><N who="3" m="47625" /><G17/><N who="2" m="6153" /><F31/><W6/><G9/><T70/><D70/><U85/><E117/><V62/><F11/><W99/><G99/><T50/><D15/><AGARI ba="0,0" hai="6,8,15,72,79,82,114,115" m="47625,16427" machi="15" ten="30,3900,0" yaku="18,1,52,2" doraHai="109" who="3" fromWho="0" sc="208,-39,284,0,247,0,261,39" /><INIT seed="3,0,0,0,5,57" ten="169,284,247,300" oya="3" hai0="8,68,122,82,120,26,70,11,118,28,51,7,87" hai1="52,101,121,84,108,126,25,55,89,128,88,10,116" hai2="43,77,15,31,60,92,39,100,90,106,113,127,74" hai3="91,13,37,36,85,123,111,33,79,44,65,38,109"/><W107/><G123/><T12/><D118/><U63/><E126/><V29/><F127/><W9/><G107/><T135/><D135/><U40/><E128/><V105/><F113/><W71/><G33/><T5/><D51/><U18/><E108/><N who="3" m="41546" /><G79/><T73/><D73/><U14/><E121/><V72/><F15/><W41/><G65/><T96/><D96/><U45/><E101/><V131/><F43/><W75/><G71/><T103/><D103/><U53/><E25/><V35/><F39/><W17/><G75/><T119/><D119/><U50/><E116/><V99/><F131/><W42/><G42/><T95/><D95/><AGARI ba="0,0" hai="9,13,17,36,37,38,41,44,85,91,95" m="41546" machi="95" ten="30,2900,0" yaku="14,1,10,1" doraHai="57" who="3" fromWho="0" sc="169,-29,284,0,247,0,300,29" owari="140,-36.0,284,8.0,247,-15.0,329,43.0" /></mjloggm>