<mjloggm ver="2.3"><GO type="169" lobby="0"/><UN n0="%E3%80%93%E9%B3%A9%E9%BA%A6%E7%8E%84%E7%B1%B3%E3%80%93" n1="%E3%82%A6%E3%83%AB%E3%83%88%E3%83%A9%E7%AB%8B%E7%9B%B4" n2="%E3%81%8B%E3%81%AB%E3%83%9E%E3%82%B8%E3%83%B3" n3="%E3%82%81%E3%82%8D%E3%82%93%E3%81%9D%E3%83%BC%E3%81%A0" dan="17,17,17,16" rate="2187.51,2175.66,2182.24,2096.95" sx="M,M,M,F"/><TAIKYOKU oya="0"/><INIT seed="0,0,0,2,1,130" ten="250,250,250,250" oya="0" hai0="32,66,131,20,114,1,51,6,4,96,36,45,89" hai1="60,95,2,106,43,11,91,133,118,110,125,105,19" hai2="37,119,109,3,108,52,69,75,76,12,117,84,99" hai3="21,121,124,61,88,15,77,41,35,101,120,34,24"/><T54/><D114/><U74/><E118/><N who="2" m="45067" /><F3/><W17/><G124/><T123/><D123/><N who="3" m="47177" /><G77/><T7/><D32/><U47/><E74/><V16/><F69/><W68/><G101/><T40/><D131/><U70/><E110/><V63/><F37/><W46/><G88/><T83/><D66/><U98/><E125/><V8/><F99/><W50/><G24/><T93/><D20/><U38/><E133/><V22/><F75/><W79/><G79/><T115/><D115/><U86/><E86/><V62/><F84/><W13/><G13/><T112/><D112/><U78/><E78/><V116/><F76/><W90/><G90/><T58/><REACH who="0" step="1"/><D83/><REACH who="0" ten="240,250,250,250" step="2"/><U0/><E106/><V56/><F116/><W64/><AGARI ba="0,1" hai="15,17,21,34,35,41,46,50,61,64,68" m="47177" machi="64" ten="30,1100,0" yaku="13,1" doraHai="130" who="3" fromWho="3" sc="240,-5,250,-3,250,-3,250,21" /><INIT seed="1,0,0,4,2,64" ten="235,247,247,271" oya="1" hai0="103,5,17,105,53,129,130,84,93,12,29,83,94" hai1="16,114,126,52,49,107,50,97,2,39,46,74,117" hai2="18,92,31,67,37,79,135,38,66,119,54,32,10" hai3="104,87,28,123,81,7,110,68,65,48,60,76,112"/><U116/><E114/><V125/><F119/><W27/><G112/><T58/><D5/><U0/><E39/><V19/><F79/><W11/><G123/><T102/><D29/><U82/><E126/><V72/><F92/><W80/><G110/><T23/><D94/><U89/><E2/><V85/><F85/><W120/><G104/><T113/><D113/><U15/><E0/><V36/><F54/><W21/><G120/><T42/><D93/><U30/><E30/><V118/><F72/><W56/><G81/><T99/><D103/><U131/><E131/><V122/><F37/><W111/><G111/><T121/><D42/><U98/><E50/><V34/><F31/><W3/><REACH who="3" step="1"/><G48/><REACH who="3" ten="235,247,247,261" step="2"/><T51/><REACH who="0" step="1"/><D121/><REACH who="0" ten="225,247,247,261" step="2"/><U14/><E117/><V1/><F118/><W100/><G100/><T63/><D63/><U45/><E116/><V43/><F122/><W44/><G44/><T13/><D13/><U133/><E15/><V96/><F1/><W70/><AGARI ba="0,2" hai="3,7,11,21,27,28,56,60,65,68,70,76,80,87" machi="70" ten="30,8000,1" yaku="1,1,0,1,52,2,53,1" doraHai="64" doraHaiUra="33" who="3" fromWho="3" sc="225,-20,247,-40,247,-20,261,100" /><INIT seed="2,0,0,5,1,6" ten="205,207,227,361" oya="2" hai0="8,41,30,21,103,62,19,84,52,13,54,94,1" hai1="87,93,33,125,26,113,65,130,29,38,47,12,44" hai2="46,118,132,75,99,135,133,45,49,106,15,0,48" hai3="50,90,3,5,85,60,131,57,92,9,88,56,107"/><V97/><F0/><W7/><G107/><T4/><D41/><U35/><E113/><V121/><F75/><W42/><G131/><T80/><D62/><U98/><E130/><V76/><F76/><W96/><G7/><T24/><D94/><U71/><E125/><V91/><F118/><W126/><G126/><T102/><D102/><U58/><E71/><V67/><F67/><W124/><G124/><T61/><D61/><U40/><E47/><N who="2" m="17931" /><F121/><W119/><G119/><T78/><REACH who="0" step="1"/><D103/><REACH who="0" ten="195,207,227,361" step="2"/><U69/><E93/><N who="2" m="56511" /><F106/><W122/><G122/><T81/><D81/><U111/><E40/><V59/><F99/><W68/><G42/><T17/><D17/><U115/><E98/><V64/><F64/><W95/><G50/><T18/><D18/><U53/><E65/><V120/><F120/><W43/><G43/><T79/><D79/><U70/><E70/><V89/><F89/><W86/><G68/><T2/><D2/><U73/><E69/><V82/><F82/><W37/><G37/><T66/><D66/><U22/><E38/><V20/><F59/><W109/><G57/><T72/><D72/><U105/><E73/><V16/><AGARI ba="0,1" hai="15,16,20,48,49,132,133,135" m="56511,17931" machi="16" ten="40,3900,0" yaku="20,1,54,1" doraHai="6" who="2" fromWho="2" sc="195,-13,207,-13,227,49,361,-13" /><INIT seed="2,1,0,3,0,121" ten="182,194,276,348" oya="2" hai0="131,19,72,33,42,133,123,26,46,21,129,29,62" hai1="32,49,56,55,14,12,86,76,79,57,20,97,8" hai2="24,18,92,94,64,10,47,118,135,3,82,80,6" hai3="2,95,30,91,60,128,68,85,119,122,63,13,48"/><V71/><F118/><W103/><G2/><T9/><D72/><U70/><E32/><V54/><F135/><W66/><G119/><T88/><D62/><U87/><E70/><V125/><F125/><W109/><G122/><T93/><D123/><U16/><E97/><V22/><F64/><W51/><G128/><N who="0" m="49227" /><D9/><U1/><E1/><V107/><F107/><W31/><G103/><T96/><D133/><U69/><E69/><V126/><F71/><W27/><G63/><T83/><D83/><U115/><E115/><V112/><F126/><W45/><G13/><N who="0" m="9455" /><D46/><U111/><E111/><V102/><F112/><W100/><G109/><T38/><D42/><U59/><E79/><V53/><F94/><W15/><G100/><T74/><D74/><U7/><REACH who="1" step="1"/><E76/><REACH who="1" ten="182,184,276,348" step="2"/><V75/><F3/><W40/><G68/><T0/><D0/><U58/><AGARI ba="1,1" hai="7,8,12,14,16,20,49,55,56,57,58,59,86,87" machi="58" ten="30,8000,1" yaku="1,1,2,1,0,1,8,1,54,1,53,0" doraHai="121" doraHaiUra="35" who="1" fromWho="1" sc="182,-21,184,93,276,-41,348,-21" /><INIT seed="3,0,0,1,4,47" ten="161,277,235,327" oya="3" hai0="13,116,83,17,71,0,42,113,6,126,66,23,114" hai1="52,39,75,95,69,49,117,115,1,55,48,79,96" hai2="27,57,28,54,29,82,111,80,108,60,135,40,41" hai3="58,68,50,53,89,112,129,120,119,102,128,26,19"/><W123/><G112/><N who="0" m="43115" /><D71/><U8/><E115/><V104/><F104/><W65/><G102/><T15/><D66/><U106/><E106/><V107/><F107/><W61/><G89/><T64/><D64/><U56/><E69/><V12/><F12/><N who="0" m="4682" /><D42/><N who="2" m="16490" /><F135/><W9/><G9/><N who="0" m="2247" /><D83/><N who="2" m="31786" /><F27/><W34/><G119/><T133/><D116/><U78/><E39/><V16/><F16/><W11/><G11/><T67/><D67/><U22/><E75/><V51/><F108/><W77/><G77/><T91/><D91/><N who="1" m="55423" /><E8/><V38/><F38/><W87/><G87/><T72/><D72/><U109/><E109/><V85/><F111/><W127/><G68/><T98/><D98/><U14/><E1/><V2/><F2/><W7/><G7/><T59/><D59/><N who="1" m="33167" /><E117/><V63/><F85/><W134/><G134/><T44/><D44/><U62/><E62/><AGARI ba="0,0" hai="28,29,51,54,57,60,62,63" m="31786,16490" machi="62" ten="30,2000,0" yaku="8,1,52,1" doraHai="47" who="2" fromWho="1" sc="161,0,277,-20,235,20,327,0" /><INIT seed="4,0,0,0,3,111" ten="161,257,255,327" oya="0" hai0="122,96,118,107,14,12,24,72,84,57,50,115,55" hai1="45,109,1,105,114,135,26,66,61,132,5,100,17" hai2="90,121,18,60,6,41,74,104,116,64,71,40,28" hai3="37,7,36,99,23,98,120,86,127,43,51,42,97"/><T95/><D118/><U29/><E109/><V44/><F116/><W117/><G117/><T35/><D122/><U92/><E105/><V91/><F121/><W113/><G120/><T85/><D72/><U25/><E45/><V67/><F104/><W54/><G127/><T112/><D24/><U21/><E5/><V128/><F74/><W3/><G23/><T2/><D35/><U63/><E1/><V4/><F28/><W32/><G32/><T39/><D39/><U69/><E63/><V82/><F18/><W20/><G20/><T73/><D73/><U83/><E83/><V129/><F82/><W77/><G7/><T30/><D30/><U124/><E124/><V34/><F34/><W103/><G103/><N who="0" m="62951" /><D2/><U8/><E8/><V56/><F56/><W53/><G3/><T47/><D47/><U94/><E26/><V123/><F123/><W125/><G125/><T33/><D33/><U59/><E59/><V126/><F126/><W101/><G101/><T119/><D119/><U131/><E100/><V108/><F44/><W102/><G102/><T81/><D95/><N who="1" m="36395" /><E29/><V15/><F15/><N who="0" m="5674" /><D81/><U16/><E17/><V68/><F60/><W133/><G37/><T38/><D38/><U11/><E11/><V22/><F22/><W70/><G36/><T46/><D46/><U89/><E16/><V62/><F62/><W134/><G98/><T78/><D78/><U49/><E21/><V27/><F27/><W48/><G77/><T75/><D75/><U130/><E25/><V87/><F108/><W58/><G99/><T88/><D88/><U13/><E89/><RYUUKYOKU ba="0,0" sc="161,15,257,-15,255,15,327,-15" hai0="50,55,57,84,85,112,115" hai2="4,6,40,41,64,67,68,71,87,90,91,128,129" /><INIT seed="4,1,0,4,2,122" ten="176,242,270,312" oya="0" hai0="96,49,28,48,101,60,66,73,126,63,44,30,111" hai1="41,8,135,118,50,133,115,116,22,24,15,120,39" hai2="18,29,109,36,70,37,110,32,85,68,62,52,14" hai3="27,65,128,17,72,108,34,104,130,91,46,79,25"/><T129/><D73/><U1/><E39/><V58/><F36/><W119/><G119/><T2/><D2/><U67/><E67/><V35/><F37/><W13/><G104/><T117/><D117/><N who="1" m="45163" /><E50/><V92/><F70/><W69/><G91/><T9/><D126/><U11/><E41/><V95/><F68/><W3/><G3/><T5/><D129/><N who="3" m="49769" /><G46/><T53/><D49/><U61/><E61/><V100/><F92/><W10/><G108/><T19/><D111/><U83/><E83/><V88/><F100/><W82/><G34/><T7/><D63/><AGARI ba="1,0" hai="10,13,17,25,27,63,65,69,72,79,82" m="49769" machi="63" ten="30,1000,0" yaku="19,1" doraHai="122" who="3" fromWho="0" sc="176,-13,242,0,270,0,312,13" /><INIT seed="5,0,0,2,5,11" ten="163,242,270,325" oya="1" hai0="26,41,63,1,109,112,0,81,115,2,34,135,31" hai1="130,121,23,102,12,125,3,4,8,25,117,33,73" hai2="10,53,67,49,65,94,29,99,129,128,38,77,103" hai3="83,76,78,64,131,27,24,28,91,70,52,19,21"/><U37/><E37/><V56/><F38/><W118/><G131/><N who="2" m="50249" /><F29/><W55/><G118/><T87/><D63/><U114/><E130/><V17/><F77/><N who="3" m="29803" /><G70/><T84/><D81/><U47/><E73/><V107/><F107/><W132/><G64/><T113/><D41/><U22/><E117/><V80/><F80/><W45/><G132/><T123/><D135/><U110/><E121/><V85/><F85/><N who="3" m="50623" /><G45/><T46/><D46/><U40/><E125/><V59/><F56/><W92/><G92/><T126/><D126/><U122/><E122/><V74/><F74/><W106/><G106/><T88/><D123/><U86/><E110/><V50/><F49/><W6/><G6/><T32/><D109/><U57/><E57/><V119/><F119/><W14/><G27/><T89/><REACH who="0" step="1"/><D34/><REACH who="0" ten="153,242,270,325" step="2"/><U61/><E33/><V75/><F75/><W104/><G104/><T105/><D105/><U98/><E47/><V18/><F65/><W9/><AGARI ba="0,1" hai="9,14,19,21,24,28,52,55" m="50623,29803" machi="9" ten="30,4000,0" yaku="8,1,52,1,54,1" doraHai="11" who="3" fromWho="3" sc="153,-10,242,-20,270,-10,325,50" /><INIT seed="6,0,0,1,1,82" ten="143,222,260,375" oya="2" hai0="47,85,46,45,86,93,18,108,97,66,121,2,70" hai1="54,8,11,49,84,99,129,128,64,107,117,43,21" hai2="55,65,88,56,59,114,96,69,94,7,23,9,4" hai3="134,13,101,33,61,119,34,3,48,87,115,122,98"/><V37/><F69/><W113/><G3/><T71/><D108/><U133/><E117/><V135/><F37/><W53/><G119/><T123/><D2/><U74/><E74/><V110/><F110/><W42/><G122/><T72/><D72/><U75/><E75/><V26/><F135/><W36/><G134/><T63/><D71/><U127/><E133/><V27/><F114/><N who="3" m="43531" /><G61/><T10/><D121/><U50/><E64/><V95/><F9/><W102/><G87/><N who="0" m="33291" /><D70/><U60/><E60/><N who="2" m="38047" /><F94/><N who="3" m="58583" /><G102/><N who="0" m="60719" /><D123/><U116/><E116/><V31/><F26/><W22/><G42/><T73/><D73/><U62/><E43/><V16/><F31/><W1/><G1/><T111/><D111/><U39/><E39/><V32/><F32/><W120/><G36/><T12/><D63/><AGARI ba="0,0" hai="4,7,16,23,27,55,56,63,88,95,96" m="38047" machi="63" ten="30,11600,0" yaku="25,1,8,1,54,2" doraHai="82" who="2" fromWho="0" sc="143,-116,222,0,260,116,375,0" /><INIT seed="6,1,0,2,0,52" ten="27,222,376,375" oya="2" hai0="31,13,111,60,81,114,56,100,93,22,70,63,29" hai1="91,128,134,9,66,120,103,48,83,61,71,68,84" hai2="47,33,50,97,86,77,118,43,94,55,6,135,75" hai3="108,121,129,99,73,104,41,0,5,4,40,20,109"/><V132/><F118/><W34/><G121/><T16/><D111/><U95/><E128/><V92/><F33/><W106/><G20/><T105/><D114/><U122/><E134/><N who="2" m="51243" /><F75/><W26/><G73/><T53/><D105/><U113/><E113/><V49/><F6/><W67/><G67/><T32/><D32/><U23/><E9/><V10/><F10/><W127/><G34/><T59/><D70/><U39/><E39/><V82/><F97/><W37/><G37/><T17/><D81/><U123/><E48/><V18/><F18/><W12/><G99/><N who="0" m="59503" /><D17/><U44/><E44/><AGARI ba="1,0" hai="43,44,47,49,50,55,77,82,86,92,94" m="51243" machi="44" ten="30,1500,0" yaku="20,1" doraHai="52" who="2" fromWho="1" sc="27,0,222,-18,376,18,375,0" /><INIT seed="6,2,0,5,2,80" ten="27,204,394,375" oya="2" hai0="29,120,116,33,61,46,90,1,15,44,18,38,8" hai1="59,24,4,3,96,124,79,56,130,50,107,89,6" hai2="101,122,98,87,118,11,16,32,121,26,111,62,7" hai3="34,104,95,41,65,82,14,133,112,63,134,127,75"/><V76/><F118/><W66/><G104/><T74/><D74/><U9/><E124/><V22/><F32/><W84/><G127/><T108/><D46/><U91/><E6/><V27/><F27/><W58/><G34/><T83/><D108/><U69/><E69/><V19/><F19/><W21/><G41/><T100/><D100/><U5/><E5/><V102/><F111/><W13/><G112/><T12/><D116/><U113/><E130/><V28/><F28/><W53/><G75/><T88/><D120/><U49/><E79/><V92/><F101/><W119/><G95/><T135/><D135/><N who="3" m="51721" /><G119/><T35/><D1/><U60/><E107/><V110/><F62/><N who="3" m="36175" /><G21/><T57/><D29/><U117/><E60/><V17/><F17/><W103/><G103/><T55/><D15/><N who="3" m="5641" /><G63/><T72/><D35/><U109/><E113/><V25/><F25/><W54/><G54/><T52/><D33/><U42/><E42/><V81/><F110/><W99/><G99/><T86/><D72/><U30/><E96/><V48/><F48/><W68/><G68/><T85/><D38/><U106/><E106/><V129/><F129/><W40/><G40/><T2/><D2/><AGARI ba="2,0" hai="2,7,11,16,22,26,76,81,87,92,98,102,121,122" machi="2" ten="30,5800,0" yaku="7,1,52,1,54,1" doraHai="80" who="2" fromWho="0" sc="27,-64,204,0,394,64,375,0" owari="-37,-54.0,204,-20.0,458,56.0,375,18.0" /></mjloggm>