<mjloggm ver="2.3"><GO type="97" lobby="0"/><UN n0="%E6%A1%83%E6%9E%9D%E7%B5%B5%E7%95%99%E3%80%85" n1="%70%75%6E%69%73" n2="%E3%83%88%E3%83%88%E3%83%AA%E5%85%88%E7%94%9F%31%39%E6%AD%B3" n3="%67%65%6D%73" dan="14,15,13,13" rate="1877.35,2019.52,1993.19,1843.42" sx="F,M,F,F"/><TAIKYOKU oya="0"/><INIT seed="0,0,0,5,1,46" ten="250,250,250,250" oya="0" hai0="1,19,40,87,57,81,5,76,23,2,15,44,120" hai1="17,105,72,18,75,37,70,25,108,67,33,52,110" hai2="134,49,97,22,121,116,50,131,112,24,27,47,128" hai3="66,80,126,48,42,133,32,7,115,36,113,101,129"/><T61/><D120/><U35/><E37/><V45/><F121/><W90/><G32/><N who="1" m="12362" /><E105/><V86/><F112/><W100/><G7/><T29/><D29/><U118/><E118/><V68/><F68/><W11/><G11/><T125/><D125/><U84/><E70/><V12/><F116/><W41/><G126/><T95/><D95/><U20/><E67/><V104/><F134/><W64/><G129/><N who="2" m="49737" /><F12/><W124/><G124/><T107/><D107/><U14/><E84/><V0/><F0/><W92/><G133/><T114/><D114/><U59/><E14/><V122/><F122/><W55/><G36/><T26/><D61/><N who="1" m="36071" /><E17/><V54/><F86/><W74/><G74/><T65/><D65/><N who="3" m="25193" /><G115/><T71/><D71/><U63/><E63/><V39/><F39/><W31/><G113/><T6/><D57/><U123/><E123/><V99/><F104/><W103/><G31/><T16/><D2/><U38/><E38/><V30/><F27/><W117/><G117/><T62/><D62/><U89/><E89/><V60/><F60/><W93/><G80/><T58/><D58/><U34/><N who="1" m="12370" /><U8/><DORA hai="21" /><E8/><V78/><F78/><W85/><G93/><T56/><D56/><AGARI ba="0,0" hai="41,42,48,55,56,85,90,92,100,101,103" m="25193" machi="56" ten="30,2000,0" yaku="8,1,52,1" doraHai="46,21" who="3" fromWho="0" sc="250,-20,250,0,250,0,250,20" /><INIT seed="1,0,0,0,0,50" ten="230,250,250,270" oya="1" hai0="32,135,1,110,109,94,42,22,130,108,76,77,84" hai1="31,21,114,43,64,128,37,12,35,66,115,119,61" hai2="59,9,122,55,0,52,86,48,54,47,27,25,88" hai3="62,100,81,124,20,56,16,117,78,41,95,93,14"/><U96/><E119/><V72/><F122/><W134/><G117/><T63/><D32/><U103/><E35/><V102/><F72/><W113/><G113/><T3/><D135/><U19/><E31/><V71/><F71/><W40/><G124/><T38/><D130/><U69/><E64/><V46/><F102/><W53/><G134/><T28/><D38/><U92/><REACH who="1" step="1"/><E128/><REACH who="1" ten="230,240,250,270" step="2"/><V10/><F0/><N who="0" m="74" /><D42/><N who="3" m="16489" /><G100/><T91/><D63/><U98/><E98/><V29/><F29/><W7/><G7/><T45/><D45/><AGARI ba="0,1" hai="12,19,21,37,43,45,61,66,69,92,96,103,114,115" machi="45" ten="40,3900,0" yaku="1,1,53,1" doraHai="50" doraHaiUra="17" who="1" fromWho="0" sc="230,-39,240,49,250,0,270,0" /><INIT seed="1,1,0,5,5,103" ten="191,289,250,270" oya="1" hai0="130,105,42,40,80,10,45,75,41,55,83,56,62" hai1="36,113,99,123,98,32,39,133,0,16,6,84,49" hai2="107,97,77,66,23,102,34,117,115,21,11,54,25" hai3="27,119,69,7,91,82,88,114,110,13,60,89,134"/><U2/><E113/><V87/><F117/><W64/><G114/><T100/><D130/><U112/><E112/><V109/><F115/><W43/><G119/><T57/><D10/><U118/><E118/><V63/><F109/><W120/><G120/><T127/><D127/><U35/><E123/><V28/><F54/><W132/><G43/><T90/><D56/><U79/><E133/><N who="3" m="51306" /><G27/><T29/><D29/><U126/><E126/><V20/><F11/><N who="3" m="4351" /><G110/><T8/><D8/><U24/><E49/><V9/><F9/><W78/><G91/><T104/><D100/><U101/><E98/><V48/><F48/><W17/><G17/><T18/><D18/><U86/><E86/><AGARI ba="1,0" hai="60,64,69,78,82,86,88,89" m="4351,51306" machi="86" ten="30,2000,0" yaku="20,1,54,1" doraHai="103" who="3" fromWho="1" sc="191,0,289,-23,250,0,270,23" /><INIT seed="2,0,0,1,5,45" ten="191,266,250,293" oya="2" hai0="87,134,54,30,94,23,70,29,71,99,3,13,65" hai1="36,124,78,52,123,81,0,110,59,38,32,17,48" hai2="2,107,127,50,82,9,53,121,10,66,57,77,7" hai3="98,11,44,83,122,28,6,75,97,118,16,42,135"/><V73/><F127/><W31/><G122/><T90/><D134/><U69/><E124/><V43/><F121/><W112/><G118/><T88/><D3/><U49/><E69/><V46/><F107/><W5/><G112/><T47/><D70/><U105/><E105/><V109/><F109/><W84/><G135/><T96/><D71/><U115/><E123/><V100/><F10/><W104/><G75/><T24/><D65/><U27/><E115/><V15/><F66/><W41/><G104/><T8/><D29/><N who="3" m="11337" /><G42/><T91/><D96/><U89/><E110/><V22/><F22/><W116/><G116/><T26/><D26/><U128/><E128/><V76/><F76/><N who="3" m="46183" /><G41/><T125/><D125/><U35/><E0/><V130/><F130/><W120/><G44/><T129/><D129/><U68/><E68/><V62/><F100/><W111/><G111/><T102/><D47/><U74/><E89/><V113/><F113/><W14/><G120/><T101/><D101/><U106/><E106/><V132/><F132/><W51/><G51/><T21/><D21/><U133/><E133/><V85/><REACH who="2" step="1"/><F2/><REACH who="2" ten="191,266,240,293" step="2"/><W39/><G39/><T92/><REACH who="0" step="1"/><D54/><REACH who="0" ten="181,266,240,293" step="2"/><U58/><E52/><V60/><F60/><W126/><G126/><T103/><D103/><U114/><E114/><V80/><F80/><W19/><G5/><AGARI ba="0,2" hai="5,8,13,23,24,30,87,88,90,91,92,94,99,102" machi="5" ten="30,8000,1" yaku="1,1,7,1,8,1,54,1,53,1" doraHai="45" doraHaiUra="1" who="0" fromWho="3" sc="181,100,266,0,240,0,293,-80" /><INIT seed="3,0,0,2,5,14" ten="281,266,240,213" oya="3" hai0="21,111,63,11,133,92,29,32,39,91,100,12,98" hai1="75,20,125,6,122,5,31,127,41,17,50,33,74" hai2="71,113,13,131,116,51,18,95,57,77,35,128,105" hai3="132,43,15,129,78,115,120,93,118,30,134,40,2"/><W94/><G2/><T16/><D111/><U82/><E122/><V38/><F113/><W0/><G0/><T62/><D133/><N who="3" m="51305" /><G120/><T96/><D39/><U68/><E68/><V9/><F116/><W8/><G118/><T19/><D32/><U90/><E33/><V44/><F105/><W107/><G107/><T108/><D29/><U97/><E31/><V101/><F71/><W36/><G36/><T42/><D42/><N who="3" m="15913" /><G115/><T88/><D108/><U56/><E75/><V69/><F69/><W86/><G129/><N who="2" m="49737" /><F35/><W106/><G106/><T119/><D119/><U34/><E34/><V124/><F38/><W48/><G48/><T58/><D98/><U67/><E41/><N who="2" m="24975" /><F124/><W10/><G30/><T25/><D62/><U102/><E127/><V64/><F77/><W46/><G46/><T79/><D79/><U72/><E125/><V24/><F24/><W27/><G27/><T87/><D87/><U26/><E26/><V47/><F47/><W22/><G22/><T89/><D100/><U135/><E102/><V4/><F101/><W59/><G59/><T60/><D60/><U83/><E20/><V1/><F95/><N who="3" m="36363" /><G15/><T84/><D84/><U7/><E135/><V85/><F85/><W114/><G114/><T66/><AGARI ba="0,0" hai="11,12,16,19,21,25,58,63,66,88,89,91,92,96" machi="66" ten="20,12000,2" yaku="0,1,7,1,8,1,52,2,54,2" doraHai="14" who="0" fromWho="0" sc="281,120,266,-30,240,-30,213,-60" owari="401,50.0,236,4.0,210,-19.0,153,-35.0" /></mjloggm>