<mjloggm ver="2.3"><GO type="169" lobby="0"/><UN n0="%61%62%61%6E%74%65%73" n1="%E8%8A%B1%E6%BE%AA" n2="%E3%82%A6%E3%83%AB%E3%83%88%E3%83%A9%E7%AB%8B%E7%9B%B4" n3="%E3%82%89%E3%81%84%E3%81%A1%E3%82%87%E3%81%86" dan="17,16,17,17" rate="2143.48,2130.82,2143.89,2128.96" sx="M,F,M,M"/><TAIKYOKU oya="0"/><INIT seed="0,0,0,0,5,34" ten="250,250,250,250" oya="0" hai0="64,10,39,88,69,47,132,56,1,68,9,109,3" hai1="126,24,92,67,86,46,93,81,51,113,21,71,91" hai2="122,105,102,0,59,22,13,117,53,72,8,107,121" hai3="119,106,6,74,66,128,85,90,80,49,110,7,30"/><T118/><D118/><U61/><E126/><V123/><F72/><W84/><G74/><T31/><D132/><U55/><REACH who="1" step="1"/><E113/><REACH who="1" ten="250,240,250,250" step="2"/><V87/><F122/><W5/><G119/><T63/><D109/><U38/><E38/><V11/><F117/><W57/><G110/><T94/><D39/><U45/><E45/><V83/><F121/><W58/><G128/><T120/><D120/><U125/><E125/><V37/><F37/><W2/><G2/><T20/><D47/><U15/><E15/><V96/><F0/><W4/><G106/><T135/><D135/><U129/><E129/><V82/><F107/><W108/><G108/><T26/><D3/><U89/><E89/><V44/><F44/><W98/><G90/><T103/><D103/><U62/><E62/><V27/><F13/><W28/><G49/><T70/><REACH who="0" step="1"/><D1/><REACH who="0" ten="240,240,250,250" step="2"/><U76/><E76/><V130/><F123/><W100/><G100/><T12/><D12/><U19/><AGARI ba="0,2" hai="19,21,24,46,51,55,61,67,71,81,86,91,92,93" machi="19" ten="20,2700,0" yaku="1,1,0,1,7,1,53,0" doraHai="34" doraHaiUra="36" who="1" fromWho="1" sc="240,-13,240,47,250,-7,250,-7" /><INIT seed="1,0,0,3,5,94" ten="227,287,243,243" oya="1" hai0="35,131,57,125,42,92,33,60,99,97,117,62,106" hai1="74,77,40,135,72,10,133,82,86,71,67,73,68" hai2="34,24,107,130,36,43,59,121,101,76,13,39,126" hai3="98,16,23,26,12,114,80,70,124,17,29,119,27"/><U75/><E40/><V93/><F121/><W65/><G114/><T20/><D117/><U61/><E10/><V56/><F107/><W52/><G119/><T69/><D125/><U64/><N who="1" m="18432" /><DORA hai="5" /><U104/><REACH who="1" step="1"/><E104/><REACH who="1" ten="227,277,243,243" step="2"/><V55/><F43/><W48/><G124/><T2/><D42/><U95/><E95/><V111/><F93/><W110/><G110/><T47/><D92/><U100/><E100/><V127/><F101/><W15/><G98/><T58/><D106/><U116/><E116/><V38/><F111/><W8/><G80/><T22/><D99/><U129/><E129/><V46/><F130/><W66/><G70/><T54/><D131/><U32/><E32/><V21/><F34/><W63/><G63/><AGARI ba="0,1" hai="61,63,64,67,68,71,77,82,86,133,135" m="18432" machi="63" ten="70,6800,0" yaku="1,1,9,1,53,0" doraHai="94,5" doraHaiUra="31,132" who="1" fromWho="3" sc="227,0,277,78,243,0,243,-68" /><INIT seed="1,1,0,0,5,39" ten="227,355,243,175" oya="1" hai0="64,62,29,67,56,33,102,83,16,55,91,10,49" hai1="80,11,42,5,115,122,108,28,45,134,90,111,54" hai2="113,104,132,131,73,13,31,27,121,48,116,47,81" hai3="38,66,19,3,107,86,120,59,133,50,109,18,57"/><U98/><E115/><V100/><F116/><W87/><G120/><T26/><D102/><U46/><E122/><V114/><F121/><W60/><G38/><T7/><D62/><U20/><E134/><V92/><F104/><W69/><G107/><T89/><D83/><U1/><E54/><V61/><F61/><W14/><G3/><T99/><D16/><U135/><E135/><V126/><F13/><W15/><G133/><T124/><D124/><U112/><E112/><N who="2" m="43115" /><F126/><W79/><G109/><N who="1" m="42058" /><E46/><V32/><F131/><W30/><G30/><T25/><D25/><N who="1" m="16423" /><E98/><N who="2" m="59463" /><F132/><W23/><G79/><T12/><REACH who="0" step="1"/><D99/><REACH who="0" ten="217,355,243,175" step="2"/><U71/><E80/><V94/><F81/><W130/><G130/><T9/><D9/><U123/><E123/><V65/><F27/><W40/><G69/><T52/><D52/><U22/><E11/><V36/><F31/><W6/><G6/><T37/><D37/><U58/><E5/><V74/><F36/><W95/><G95/><T106/><D106/><U8/><E8/><V76/><F94/><W101/><G101/><T70/><D70/><U34/><E71/><V21/><F65/><AGARI ba="1,1" hai="7,10,12,26,29,33,49,55,56,64,65,67,89,91" machi="65" ten="40,1300,0" yaku="1,1,53,0" doraHai="39" doraHaiUra="128" who="0" fromWho="2" sc="217,26,355,0,243,-16,175,0" /><INIT seed="2,0,0,1,3,73" ten="243,355,227,175" oya="2" hai0="47,109,104,13,18,117,28,97,115,42,43,14,106" hai1="120,44,125,93,11,7,96,111,27,19,39,126,56" hai2="9,38,51,31,105,5,122,45,68,35,123,8,132" hai3="30,64,0,69,25,85,94,48,4,78,103,108,46"/><V95/><F105/><W12/><G0/><T10/><D115/><U83/><E111/><V60/><F38/><W17/><G4/><T118/><D109/><U92/><E120/><V101/><F132/><W127/><G108/><T49/><D28/><U133/><E133/><V53/><F31/><W29/><G127/><N who="1" m="48650" /><E56/><V87/><F35/><W67/><G69/><T114/><D114/><U65/><E65/><N who="3" m="25162" /><G25/><T129/><D43/><N who="1" m="22655" /><E96/><V75/><F75/><W124/><G124/><T74/><D97/><U21/><E83/><V63/><F68/><W26/><G26/><T99/><D99/><U40/><E40/><V79/><F122/><W107/><G107/><T131/><D106/><U34/><E34/><V62/><F123/><W72/><G72/><T23/><D104/><U57/><E57/><V37/><F37/><W91/><G103/><T80/><D74/><U76/><E76/><V88/><F101/><W55/><G78/><T22/><D80/><U116/><E116/><N who="0" m="44649" /><D23/><AGARI ba="0,0" hai="12,17,23,29,30,46,48,55,85,91,94" m="25162" machi="23" ten="30,1000,0" yaku="8,1" doraHai="73" who="3" fromWho="0" sc="243,-10,355,0,227,0,175,10" /><INIT seed="3,0,0,4,5,44" ten="233,355,227,185" oya="3" hai0="8,52,58,126,10,104,3,61,113,77,20,97,75" hai1="71,122,72,39,135,21,92,22,116,40,83,42,85" hai2="15,98,50,89,53,112,132,87,131,106,56,117,69" hai3="88,66,78,2,67,5,65,11,18,68,47,102,48"/><W91/><G68/><T34/><D34/><U96/><E122/><V59/><F69/><W74/><G102/><T4/><D126/><U95/><E72/><V14/><F117/><W100/><G100/><T111/><D111/><U0/><E116/><V45/><F112/><W130/><G130/><T1/><D113/><U19/><E0/><V26/><F132/><W51/><G18/><T31/><D97/><U124/><E135/><V125/><F125/><W23/><G23/><T64/><D104/><U127/><E71/><V32/><F131/><W109/><G109/><T6/><D64/><U38/><E85/><V81/><F106/><W99/><G47/><T73/><D77/><U119/><E119/><V27/><F98/><W110/><G110/><T41/><D41/><U36/><E36/><V9/><F15/><W28/><G28/><T49/><D61/><U120/><E120/><V30/><REACH who="2" step="1"/><F27/><AGARI ba="0,0" hai="1,3,4,6,8,10,20,27,31,49,52,58,73,75" machi="27" ten="40,5200,0" yaku="9,1,52,1,54,1" doraHai="44" who="0" fromWho="2" sc="233,52,355,0,227,-52,185,0" /><INIT seed="4,0,0,0,3,114" ten="285,355,175,185" oya="0" hai0="98,92,123,53,99,17,30,4,70,43,76,11,86" hai1="91,112,103,126,100,0,102,79,20,77,67,96,101" hai2="56,133,2,128,35,46,47,31,88,68,12,40,129" hai3="119,118,22,1,34,60,66,65,109,93,36,108,97"/><T134/><D123/><U33/><E33/><V78/><F2/><W84/><G34/><T94/><D70/><U131/><E0/><V52/><F68/><W5/><G36/><T29/><D134/><U135/><E135/><V95/><F78/><W130/><G1/><T16/><D43/><U32/><E32/><V37/><F47/><W23/><G5/><T117/><D117/><U3/><E3/><V8/><F133/><W104/><G104/><T44/><D4/><U111/><E111/><V90/><F31/><N who="0" m="11786" /><D86/><U38/><E38/><V13/><F35/><W48/><G84/><T121/><D76/><U83/><E126/><V73/><F73/><W132/><G132/><T69/><D69/><U55/><E131/><N who="2" m="50251" /><F95/><N who="0" m="36394" /><D121/><U45/><E79/><V63/><F13/><W9/><G130/><T82/><D82/><U58/><E83/><V127/><F127/><W81/><G81/><T7/><D7/><AGARI ba="0,0" hai="7,8,12,37,40,46,52,56,63,88,90" m="50251" machi="7" ten="30,3900,0" yaku="19,1,54,2" doraHai="114" who="2" fromWho="0" sc="285,-39,355,0,175,39,185,0" /><INIT seed="5,0,0,5,5,124" ten="246,355,214,185" oya="1" hai0="132,38,128,45,127,105,26,65,52,133,107,14,63" hai1="3,76,123,85,18,58,112,115,79,75,126,37,56" hai2="54,74,111,51,82,108,21,22,50,129,116,46,99" hai3="47,102,30,106,94,80,88,2,118,16,87,104,53"/><U33/><E123/><V31/><F116/><W35/><G2/><T109/><D109/><U117/><E117/><V4/><F4/><W96/><G118/><T113/><D127/><U73/><E126/><V90/><F99/><W131/><G131/><T89/><D113/><U19/><E85/><V41/><F90/><W6/><G6/><T71/><D128/><U60/><E60/><V121/><F121/><W114/><G114/><N who="1" m="43562" /><E3/><V10/><F10/><W86/><G86/><T81/><D63/><U70/><E33/><V20/><F31/><W66/><G66/><T34/><D65/><U83/><E37/><V125/><F125/><W17/><G30/><T59/><D38/><U67/><E67/><V1/><F1/><W29/><G29/><T5/><D34/><U97/><E97/><V55/><F129/><W15/><G35/><T130/><D130/><U7/><E7/><V120/><F120/><W42/><G53/><T48/><D52/><U72/><E70/><V12/><F12/><W92/><G106/><T8/><D105/><U122/><E122/><V43/><F111/><W98/><G15/><T84/><D107/><U110/><E110/><V135/><F108/><W91/><G104/><T40/><D71/><U27/><E27/><V100/><F55/><W68/><G68/><T23/><D59/><N who="1" m="22571" /><E79/><N who="2" m="44407" /><F54/><W25/><G25/><T49/><D49/><AGARI ba="0,0" hai="16,17,42,47,49,80,87,88,91,92,94,96,98,102" machi="49" ten="30,7700,0" yaku="7,1,8,1,54,2" doraHai="124" who="3" fromWho="0" sc="246,-77,355,0,214,0,185,77" /><INIT seed="6,0,0,5,1,42" ten="169,355,214,262" oya="2" hai0="50,88,130,3,51,108,10,68,48,84,63,38,98" hai1="36,131,94,39,74,27,54,67,16,105,112,99,35" hai2="76,34,47,37,82,5,80,70,69,11,44,1,103" hai3="17,13,73,128,64,122,58,134,62,135,96,24,87"/><V15/><F34/><W127/><G73/><T95/><D108/><U26/><E112/><V97/><F15/><W102/><G122/><T55/><D130/><U6/><E131/><V129/><F129/><W25/><G128/><T121/><D121/><U101/><E74/><N who="2" m="43031" /><F47/><W31/><G87/><T14/><D38/><U93/><E67/><V71/><F82/><W33/><G127/><T52/><D3/><U117/><E117/><V113/><F113/><W111/><G111/><T53/><D68/><U110/><E110/><V41/><F70/><W86/><G86/><T85/><D63/><U126/><E6/><AGARI ba="0,0" hai="6,10,14,48,50,51,52,53,55,84,85,88,95,98" machi="6" ten="40,5200,0" yaku="8,1,54,2" doraHai="42" who="0" fromWho="1" sc="169,52,355,-52,214,0,262,0" /><INIT seed="7,0,0,2,0,131" ten="221,303,214,262" oya="3" hai0="79,120,71,135,116,34,45,90,55,54,28,65,107" hai1="33,123,40,29,44,12,118,106,59,2,68,48,102" hai2="62,67,99,121,119,64,3,104,22,117,108,130,83" hai3="72,7,112,77,127,85,17,93,110,39,96,113,80"/><W133/><G39/><T84/><D116/><N who="2" m="44618" /><F3/><W56/><G7/><T47/><D120/><U60/><E123/><V95/><F121/><W74/><G110/><T88/><D107/><U122/><E122/><V124/><F104/><W38/><G38/><T103/><D135/><U42/><E2/><V13/><F108/><W21/><G133/><T82/><D103/><U66/><E118/><V87/><F13/><N who="3" m="9391" /><G56/><T18/><D34/><U98/><E12/><V8/><F8/><W63/><G63/><T14/><D28/><U46/><E59/><V105/><F22/><W24/><G24/><T78/><D65/><N who="2" m="25162" /><F62/><W61/><G61/><T115/><D71/><U43/><E29/><V0/><F0/><W81/><G81/><T69/><D69/><U100/><E33/><V57/><F57/><W5/><G5/><T76/><D14/><U11/><E11/><V109/><F105/><W4/><G4/><T19/><D19/><U94/><E106/><V1/><F1/><W134/><G134/><T16/><D16/><U51/><E102/><N who="2" m="60799" /><F109/><W15/><G15/><T10/><D18/><U9/><E9/><V75/><F75/><N who="3" m="28715" /><G127/><T52/><D10/><U50/><AGARI ba="0,0" hai="40,42,43,44,46,48,50,51,60,66,68,94,98,100" machi="50" ten="30,1100,0" yaku="0,1" doraHai="131" who="1" fromWho="1" sc="221,-3,303,11,214,-3,262,-5" owari="218,-18.0,314,41.0,211,-29.0,257,6.0" /></mjloggm>