<mjloggm ver="2.3"><GO type="97" lobby="0"/><UN n0="%E3%81%8D%E3%81%BF%E3%81%9F%E3%81%BE%E3%81%94" n1="%70%6C%61%6B%31%31%30%35" n2="%74%65%6E%65%72%74%6B" n3="%E5%B0%B1%E6%B4%BB%E7%94%9F%40%E5%B7%9D%E6%9D%91%E8%BB%8D%E5%9B%A3" dan="14,14,15,15" rate="1969.37,1913.54,1978.10,2005.20" sx="M,M,M,M"/><TAIKYOKU oya="0"/><INIT seed="0,0,0,1,2,34" ten="250,250,250,250" oya="0" hai0="79,59,131,42,98,12,90,111,24,41,67,72,57" hai1="61,36,47,51,65,87,127,16,125,15,105,35,118" hai2="62,117,11,2,85,124,19,102,27,68,112,56,88" hai3="50,83,45,52,6,66,22,129,40,32,108,110,135"/><T77/><D131/><U8/><E118/><V0/><F112/><W17/><G32/><T5/><D72/><U4/><E35/><V73/><F73/><W96/><G129/><T31/><D111/><N who="3" m="42537" /><G135/><T91/><D5/><U128/><E105/><V30/><F117/><W109/><G109/><T94/><D12/><U104/><E104/><V23/><F124/><N who="1" m="47689" /><E36/><V74/><F74/><W114/><G114/><T25/><D67/><U130/><E87/><V106/><F11/><W54/><G66/><T92/><REACH who="0" step="1"/><D98/><REACH who="0" ten="240,250,250,250" step="2"/><U55/><E4/><V123/><F2/><W113/><G6/><T60/><D60/><U75/><E75/><V84/><F0/><W101/><G113/><T46/><D46/><U103/><E103/><V93/><F102/><W3/><G3/><T69/><D69/><AGARI ba="0,1" hai="8,15,16,47,51,55,61,65,69,128,130" m="47689" machi="69" ten="30,2000,0" yaku="18,1,54,1" doraHai="34" who="1" fromWho="0" sc="240,-20,250,30,250,0,250,0" /><INIT seed="1,0,0,4,5,10" ten="220,280,250,250" oya="1" hai0="72,32,79,108,50,87,90,106,62,91,49,70,1" hai1="121,102,68,100,133,27,104,5,29,58,82,80,43" hai2="113,26,48,77,13,105,117,2,25,24,41,30,22" hai3="124,20,74,118,52,8,57,61,40,63,16,17,15"/><U123/><E68/><V31/><F105/><W46/><G74/><T71/><D1/><U34/><E43/><V109/><F117/><W37/><G118/><T83/><D32/><U84/><E133/><V42/><F109/><W99/><G124/><T36/><D36/><U107/><E5/><V3/><F77/><W56/><G99/><T85/><D106/><U47/><E47/><V55/><F113/><W33/><G33/><T128/><D108/><U9/><E9/><V75/><F75/><W122/><G122/><T14/><D128/><U0/><E0/><N who="2" m="43" /><F55/><W53/><G20/><T97/><D97/><U73/><E73/><V11/><F48/><W23/><G23/><T131/><D131/><U95/><E104/><V65/><F65/><W96/><G96/><T39/><D39/><U134/><E107/><V51/><F51/><W78/><G78/><T45/><D50/><U60/><E134/><V115/><F115/><W12/><G12/><T76/><D72/><U93/><E123/><V126/><F126/><W69/><G69/><T110/><D110/><U67/><E121/><V4/><F41/><W130/><G130/><T86/><D14/><U103/><REACH who="1" step="1"/><E82/><REACH who="1" ten="220,270,250,250" step="2"/><V35/><F42/><W89/><G89/><AGARI ba="0,1" hai="27,29,34,58,60,67,80,84,89,93,95,100,102,103" machi="89" ten="40,3900,0" yaku="1,1,2,1,53,0" doraHai="10" doraHaiUra="66" who="1" fromWho="3" sc="220,0,270,49,250,0,250,-39" /><INIT seed="1,1,0,5,2,56" ten="220,319,250,211" oya="1" hai0="130,35,121,122,131,11,39,106,95,2,78,110,34" hai1="98,7,54,85,105,21,123,83,18,76,126,79,92" hai2="69,49,115,75,62,127,55,27,65,88,84,26,1" hai3="132,133,97,10,31,111,73,19,17,86,24,125,37"/><U109/><E123/><N who="0" m="47113" /><D78/><U107/><E7/><V81/><F127/><W134/><G73/><T67/><D95/><U104/><E54/><V43/><F115/><W32/><G37/><T135/><D67/><U108/><E18/><V50/><F1/><W119/><G125/><T90/><D90/><N who="1" m="51519" /><E21/><V30/><F75/><W117/><G97/><T20/><D106/><N who="1" m="27139" /><U16/><DORA hai="66" /><E16/><N who="3" m="6218" /><G111/><N who="1" m="42570" /><E126/><V8/><F8/><W61/><G61/><T15/><D110/><U102/><AGARI ba="1,0" hai="76,79,92,98,102" m="42570,27139,51519" machi="102" ten="50,12000,1" yaku="14,1,10,1,34,2" doraHai="56,66" who="1" fromWho="1" sc="220,-41,319,123,250,-41,211,-41" /><INIT seed="1,2,0,2,5,117" ten="179,442,209,170" oya="1" hai0="19,120,10,3,72,108,58,63,34,14,125,62,31" hai1="74,119,4,115,42,7,18,21,22,48,26,127,71" hai2="23,88,40,78,50,87,41,53,8,55,128,121,46" hai3="37,43,28,70,66,73,29,77,92,5,113,57,9"/><U36/><E119/><V69/><F128/><W114/><G92/><T64/><D72/><U51/><E115/><N who="3" m="44042" /><G57/><T49/><D108/><U35/><E74/><V105/><F105/><W60/><G29/><T20/><D125/><U81/><E71/><V109/><F109/><W76/><G28/><T11/><D120/><U84/><E127/><V82/><F121/><W90/><G90/><T96/><D96/><U47/><E35/><V123/><F123/><W30/><G30/><T59/><D49/><U80/><E36/><V134/><F134/><W61/><G77/><T52/><REACH who="0" step="1"/><D3/><REACH who="0" ten="169,442,209,170" step="2"/><U111/><E51/><V89/><F50/><W79/><G61/><T131/><D131/><U103/><E111/><V2/><F2/><N who="3" m="183" /><G76/><T95/><D95/><U129/><E129/><V75/><F78/><W98/><G98/><T45/><D45/><U1/><E1/><V104/><F46/><N who="3" m="23919" /><G79/><T106/><D106/><U126/><E126/><V91/><F104/><W56/><G73/><T32/><D32/><U97/><E22/><V65/><F75/><W132/><G56/><T83/><D83/><U68/><E80/><V12/><F23/><W13/><G13/><T94/><D94/><N who="1" m="58807" /><E68/><V102/><F69/><W86/><G86/><T25/><AGARI ba="2,1" hai="10,11,14,19,20,25,31,34,52,58,59,62,63,64" machi="25" ten="30,7900,0" yaku="1,1,0,1,54,1,53,1" doraHai="117" doraHaiUra="16" who="0" fromWho="0" sc="169,95,442,-41,209,-22,170,-22" /><INIT seed="2,0,0,0,3,59" ten="264,401,187,148" oya="2" hai0="5,30,26,78,28,130,38,96,29,9,71,135,101" hai1="103,23,86,88,109,58,37,112,111,65,66,6,82" hai2="131,20,77,124,67,49,127,120,129,12,60,56,113" hai3="8,80,27,128,110,25,75,52,104,116,2,16,54"/><V106/><F106/><W107/><G116/><T55/><D71/><U47/><E112/><V95/><F113/><W32/><G32/><T41/><D78/><U72/><E72/><V35/><F35/><W83/><G128/><N who="2" m="49225" /><F77/><W126/><G126/><N who="2" m="48169" /><F95/><W14/><G2/><T61/><D130/><U44/><E103/><V31/><F120/><W68/><G68/><T48/><D38/><U108/><E37/><V17/><F49/><W89/><G110/><T40/><D48/><U33/><E33/><V70/><F31/><W84/><G107/><T115/><D28/><U13/><E65/><V50/><F50/><W122/><G104/><T133/><D29/><U62/><E23/><V81/><F81/><N who="3" m="31307" /><G75/><T105/><D115/><U74/><REACH who="1" step="1"/><E74/><REACH who="1" ten="264,391,187,148" step="2"/><V7/><F7/><W117/><G117/><T51/><D101/><U45/><E45/><V119/><F119/><W92/><G122/><T134/><D105/><U34/><E34/><V46/><F46/><W64/><G64/><T132/><D133/><U114/><E114/><V19/><F70/><W97/><G97/><T11/><D96/><U0/><E0/><V94/><F20/><W123/><G123/><T22/><D5/><U79/><E79/><V43/><F67/><W102/><G102/><T36/><D36/><U21/><E21/><V91/><F56/><W4/><G4/><T99/><D99/><U63/><E63/><V93/><F60/><W98/><G98/><T10/><D61/><U125/><E125/><V3/><F3/><W24/><AGARI ba="0,1" hai="8,14,16,24,25,27,52,54,84,89,92" m="31307" machi="24" ten="30,4000,0" yaku="8,1,54,2" doraHai="59" who="3" fromWho="3" sc="264,-10,391,-10,187,-20,148,50" /><INIT seed="3,0,0,2,0,118" ten="254,381,167,198" oya="3" hai0="89,93,11,114,78,73,87,81,79,95,134,31,7" hai1="16,119,107,75,1,123,21,71,15,77,37,80,88" hai2="99,98,74,121,48,4,105,44,61,42,72,25,59" hai3="43,116,130,29,52,76,27,3,50,96,9,135,126"/><W60/><G116/><T133/><D31/><U108/><E119/><V97/><F105/><W35/><G130/><T30/><D30/><U122/><E1/><V68/><F68/><W112/><G112/><T66/><D66/><U34/><E34/><V2/><F25/><W5/><G135/><N who="0" m="51723" /><D114/><U62/><E107/><V57/><F57/><W38/><G126/><T67/><D67/><U20/><E37/><V86/><F86/><W124/><G124/><T47/><D47/><U90/><E108/><V19/><F19/><W12/><G76/><N who="0" m="29227" /><D73/><U102/><E102/><V85/><F85/><W109/><G109/><T17/><D17/><U26/><E71/><V45/><F121/><W132/><G132/><T8/><D8/><U63/><E62/><V101/><F101/><W54/><G60/><T127/><D127/><U22/><E63/><V58/><F58/><W65/><G65/><T91/><D91/><U28/><REACH who="1" step="1"/><E21/><REACH who="1" ten="254,371,167,198" step="2"/><V46/><F72/><W56/><G38/><T110/><D110/><U33/><E33/><V69/><F74/><W131/><G3/><AGARI ba="0,1" hai="3,7,11,81,87,89,93,95" m="29227,51723" machi="3" ten="30,1000,0" yaku="20,1" doraHai="118" who="0" fromWho="3" sc="254,20,371,0,167,0,198,-10" owari="274,7.0,371,47.0,167,-33.0,188,-21.0" /></mjloggm>