<mjloggm ver="2.3"><GO type="225" lobby="0"/><UN n0="%E6%9D%8E%E7%A9%8E%E8%97%8D" n1="%E3%83%88%E3%83%88%E3%83%AA%E5%85%88%E7%94%9F%31%39%E6%AD%B3" n2="%E3%81%9F%E3%82%8D%E3%81%9F%E3%82%8D%2E" n3="%61%73%73%65%72%74%69%76" dan="16,17,16,16" rate="2147.54,2255.54,2141.21,2143.60" sx="M,F,M,M"/><TAIKYOKU oya="0"/><INIT seed="0,0,0,5,2,85" ten="250,250,250,250" oya="0" hai0="5,61,22,88,74,13,115,129,124,80,122,7,94" hai1="40,38,123,60,92,77,116,111,54,31,98,99,100" hai2="81,68,2,44,25,133,104,20,34,97,12,75,78" hai3="46,102,70,86,1,82,108,8,16,89,28,72,120"/><T84/><D122/><U121/><E116/><V132/><F68/><W39/><G70/><T110/><D115/><U35/><E111/><V73/><F2/><W56/><G108/><T55/><D110/><U103/><E77/><V134/><F44/><W27/><G120/><T95/><D129/><U79/><E79/><V14/><F34/><W113/><G113/><T52/><D124/><U26/><E40/><V64/><F64/><W36/><G72/><T10/><D74/><U101/><E38/><V69/><F69/><W41/><G102/><T0/><D5/><U58/><REACH who="1" step="1"/><E103/><REACH who="1" ten="250,240,250,250" step="2"/><N who="2" m="62575" /><F75/><W128/><G39/><T23/><D0/><U87/><E87/><V127/><F127/><W126/><G126/><T118/><D118/><U109/><E109/><V3/><F3/><W66/><G128/><T33/><D33/><U96/><E96/><V24/><F24/><W51/><G36/><T83/><D83/><U37/><E37/><V62/><F62/><N who="3" m="38215" /><G1/><T71/><D71/><U117/><E117/><V50/><F50/><W47/><G41/><T76/><D76/><U107/><AGARI ba="0,1" hai="26,31,35,54,58,60,92,98,99,100,101,107,121,123" machi="107" ten="20,5200,0" yaku="1,1,0,1,7,1,53,1" doraHai="85" doraHaiUra="21" who="1" fromWho="1" sc="250,-26,240,62,250,-13,250,-13" /><INIT seed="1,0,0,0,1,87" ten="224,302,237,237" oya="1" hai0="43,1,64,129,111,46,100,66,8,65,133,51,18" hai1="79,99,126,58,114,10,89,122,75,17,40,94,72" hai2="16,36,131,29,91,123,101,103,107,125,56,67,106" hai3="118,23,80,93,96,124,3,27,104,13,63,22,78"/><U98/><E114/><V120/><F36/><W85/><G3/><T76/><D111/><U97/><E122/><V15/><F29/><W5/><G124/><T11/><D133/><U134/><E126/><V32/><F32/><W2/><G104/><T20/><D129/><U119/><E119/><V12/><F125/><W45/><G2/><T55/><D1/><U21/><E134/><V95/><F131/><W130/><G130/><T61/><D100/><U44/><E10/><V33/><F33/><W7/><G118/><T60/><D76/><U30/><E30/><V39/><F39/><W84/><G84/><T113/><D113/><U42/><E58/><V59/><F95/><W92/><G63/><N who="0" m="24139" /><D55/><U128/><E128/><V109/><F109/><W0/><G0/><T83/><D83/><U116/><E116/><V28/><F28/><N who="3" m="17535" /><G92/><T82/><D82/><U69/><E79/><V112/><F112/><W31/><G45/><T4/><D4/><U135/><E44/><V49/><F49/><W38/><G38/><T90/><D90/><U132/><E135/><V57/><F57/><W86/><G86/><T127/><D127/><U37/><E37/><V47/><F47/><W121/><G121/><T35/><D35/><U24/><E132/><V41/><F41/><N who="1" m="15977" /><E72/><V105/><F105/><W19/><G31/><T26/><AGARI ba="0,0" hai="8,11,18,20,26,43,46,51,64,65,66" m="24139" machi="26" ten="30,1100,0" yaku="8,1" doraHai="87" who="0" fromWho="0" sc="224,11,302,-5,237,-3,237,-3" /><INIT seed="2,0,0,1,0,103" ten="235,297,234,234" oya="2" hai0="100,13,38,66,121,19,126,24,11,33,79,115,36" hai1="54,114,16,4,78,75,8,113,64,116,60,1,23" hai2="74,118,110,105,73,34,133,84,85,131,93,32,39" hai3="9,18,37,41,50,45,112,68,56,109,88,30,72"/><V95/><F39/><W86/><G72/><N who="2" m="27753" /><F118/><W130/><G68/><T43/><D121/><U129/><E129/><V107/><F131/><W25/><G130/><T92/><D115/><U97/><E116/><V61/><F61/><W83/><G109/><T134/><D79/><U55/><E55/><V99/><F99/><W123/><G123/><T52/><D66/><U44/><E97/><V117/><F117/><W120/><G112/><T127/><D43/><U119/><E119/><V51/><F51/><W132/><G120/><T104/><D92/><N who="2" m="35402" /><F110/><W76/><G76/><T70/><D70/><U47/><E78/><V42/><F42/><W96/><G96/><N who="0" m="61447" /><D36/><U111/><E75/><V62/><F62/><W94/><G94/><T46/><D38/><U7/><E111/><V71/><F71/><W89/><G89/><T22/><D33/><N who="2" m="12906" /><F133/><W69/><G69/><T35/><D35/><U122/><E122/><V108/><F108/><W67/><G132/><T21/><D134/><U5/><E114/><V26/><F26/><W27/><G67/><T48/><D24/><N who="3" m="9289" /><G30/><T14/><D14/><N who="1" m="9623" /><E113/><V40/><F40/><W0/><G37/><T87/><D87/><AGARI ba="0,0" hai="84,85,87,105,107" m="12906,35402,27753" machi="87" ten="40,12000,1" yaku="28,2,52,2" doraHai="103" who="2" fromWho="0" sc="235,-120,297,0,234,120,234,0" /><INIT seed="2,1,0,1,0,39" ten="115,297,354,234" oya="2" hai0="105,109,113,28,44,16,58,80,75,101,128,48,15" hai1="59,124,116,76,96,102,38,77,103,27,117,68,98" hai2="120,115,86,94,14,71,8,87,132,50,119,61,29" hai3="49,26,88,12,91,17,4,92,40,95,13,63,126"/><V79/><F115/><W11/><G126/><T118/><D113/><U6/><E38/><V134/><F119/><W53/><G26/><T64/><D118/><U74/><E59/><V112/><F112/><W18/><G63/><T0/><D0/><U114/><E27/><V32/><F120/><W133/><G133/><N who="2" m="51305" /><F50/><W130/><G130/><T30/><D128/><U110/><E6/><V62/><F71/><W33/><G33/><T35/><D109/><U125/><E68/><V82/><F29/><W70/><G70/><T123/><D123/><U55/><E55/><V104/><F104/><W107/><G107/><T43/><D35/><U47/><E47/><V131/><F32/><W66/><G66/><T93/><D105/><U37/><E37/><V78/><F94/><N who="3" m="35883" /><G40/><T52/><D64/><U84/><E114/><V60/><F131/><W57/><G4/><T10/><D80/><U54/><E54/><V23/><F23/><AGARI ba="1,0" hai="11,12,13,17,18,23,49,53,57,88,91" m="35883" machi="23" ten="30,2000,0" yaku="8,1,54,1" doraHai="39" who="3" fromWho="2" sc="115,0,297,0,354,-23,234,23" /><INIT seed="3,0,0,3,5,9" ten="115,297,331,257" oya="3" hai0="79,10,103,82,28,53,73,70,25,51,36,55,89" hai1="105,35,135,107,121,84,33,132,43,116,3,120,95" hai2="4,134,14,45,60,59,44,83,41,58,65,37,62" hai3="0,72,5,94,57,64,47,76,126,91,130,23,80"/><W123/><G123/><N who="1" m="47178" /><E43/><V86/><F134/><N who="1" m="51241" /><E95/><V39/><F4/><W49/><G126/><T8/><D36/><U101/><E84/><V88/><F14/><W114/><G130/><T7/><D70/><U34/><E101/><V50/><F45/><W93/><G114/><T30/><D103/><U122/><N who="1" m="47186" /><U85/><DORA hai="117" /><E85/><V22/><F22/><W109/><G5/><T98/><D10/><U13/><E3/><V48/><F39/><W38/><G0/><T52/><D51/><U125/><E125/><V15/><F15/><W124/><G124/><T81/><D25/><U108/><E108/><V112/><F112/><W74/><G109/><T1/><D82/><U42/><E116/><V127/><F127/><W115/><G115/><T119/><REACH who="0" step="1"/><D119/><REACH who="0" ten="105,297,331,257" step="2"/><U27/><E27/><V11/><F11/><W54/><G38/><T87/><D87/><U99/><E99/><V69/><F69/><W96/><G80/><T46/><D46/><U18/><E42/><V19/><F37/><W113/><G113/><T63/><D63/><U24/><E24/><V31/><F50/><W20/><G96/><T78/><D78/><U111/><E111/><V66/><F48/><W90/><G49/><T56/><D56/><U68/><E68/><V6/><F44/><W77/><G47/><T32/><D32/><U129/><E129/><V92/><F59/><W2/><G57/><T67/><D67/><U61/><E61/><V12/><F62/><W17/><G64/><T16/><D16/><U21/><AGARI ba="0,1" hai="13,18,21,33,34,35,105,107" m="51241,47186" machi="21" ten="50,12000,2" yaku="20,1,52,5" doraHai="9,117" who="1" fromWho="1" sc="105,-30,297,130,331,-30,257,-60" owari="75,-42.0,427,52.0,301,10.0,197,-20.0" /></mjloggm>