<mjloggm ver="2.3"><GO type="169" lobby="0"/><UN n0="%E5%B0%B1%E6%B4%BB%E7%94%9F%40%E5%B7%9D%E6%9D%91%E8%BB%8D%E5%9B%A3" n1="%E3%83%8B%E3%83%A3%E3%83%83%E3%83%94%E3%83%BC%E5%A4%8F%E7%9B%AE" n2="%E3%82%B8%E3%83%A3%E3%82%B9%E3%82%BF%E3%82%A6%E3%82%A7%E3%82%A4" n3="%74%6F%72%69%30%36%31%32" dan="17,19,16,17" rate="2193.47,2250.53,2176.25,2146.69" sx="M,M,M,M"/><TAIKYOKU oya="0"/><INIT seed="0,0,0,1,0,19" ten="250,250,250,250" oya="0" hai0="45,127,119,0,96,85,115,63,59,54,51,60,48" hai1="47,81,16,75,38,50,111,132,80,124,112,22,36" hai2="135,98,88,97,44,79,133,41,58,31,77,53,9" hai3="15,86,84,11,117,62,118,17,43,8,57,40,129"/><T76/><D0/><U120/><E120/><V46/><F31/><W72/><G72/><T56/><D115/><U35/><E35/><V67/><F67/><W21/><G129/><T126/><D119/><U26/><E112/><V39/><F9/><N who="3" m="3659" /><G117/><T100/><D85/><N who="3" m="32873" /><G118/><T49/><D76/><N who="2" m="29258" /><F46/><W33/><G33/><T109/><D109/><U12/><E111/><V82/><F82/><W102/><G102/><T90/><D90/><U23/><E132/><N who="2" m="50763" /><F88/><W134/><G134/><T13/><D13/><U25/><E124/><N who="0" m="47657" /><D96/><U69/><E69/><V101/><F101/><W131/><G131/><T18/><D18/><U61/><E75/><V128/><F128/><W28/><G28/><T30/><D30/><N who="1" m="17719" /><E36/><V107/><F107/><W95/><G95/><T68/><D100/><U116/><E38/><V114/><F114/><W32/><G32/><T10/><D10/><U64/><E12/><V113/><F113/><W105/><G105/><T91/><D91/><U24/><E24/><V78/><F78/><W121/><G121/><T106/><D106/><U110/><E110/><V92/><F92/><W66/><AGARI ba="0,0" hai="15,17,21,40,43,57,62,66" m="32873,3659" machi="66" ten="30,2000,0" yaku="8,1,52,1" doraHai="19" who="3" fromWho="3" sc="250,-10,250,-5,250,-5,250,20" /><INIT seed="1,0,0,5,2,39" ten="240,245,245,270" oya="1" hai0="79,76,104,109,97,0,49,106,10,132,9,60,42" hai1="105,83,47,131,6,52,44,94,32,125,5,24,134" hai2="86,14,73,48,63,3,87,12,117,67,36,84,127" hai3="29,88,119,53,4,98,77,72,43,2,113,18,114"/><U78/><E105/><V25/><F3/><W95/><G119/><T30/><D109/><U55/><E134/><V101/><F36/><W17/><G29/><T108/><D108/><U8/><E131/><V70/><F73/><W81/><G53/><T111/><D132/><U57/><E125/><V46/><F127/><W54/><G54/><T21/><D60/><U128/><E128/><V23/><F117/><W121/><G121/><T91/><D0/><U118/><E118/><V130/><F101/><W129/><G129/><T110/><D21/><U71/><E71/><V100/><F100/><W135/><G135/><T96/><D49/><U120/><E120/><V133/><F130/><W116/><G116/><T64/><D91/><U112/><E112/><V123/><F123/><W82/><G82/><T90/><D90/><U51/><E94/><V58/><F70/><W34/><G34/><T33/><D64/><U65/><E65/><V27/><F133/><W41/><G114/><T66/><D66/><U35/><E47/><V126/><F25/><W61/><G61/><T38/><D38/><U62/><E24/><V50/><F50/><W31/><G31/><T103/><D103/><U102/><E102/><V74/><F74/><W89/><G89/><T16/><D30/><U45/><E45/><V85/><N who="2" m="21504" /><DORA hai="92" /><V75/><F75/><W56/><G56/><T15/><D33/><N who="1" m="12875" /><E8/><V26/><F26/><W80/><G113/><T99/><D10/><U93/><E93/><V28/><REACH who="2" step="1"/><F126/><REACH who="2" ten="240,245,235,270" step="2"/><W1/><G1/><T122/><D122/><U20/><E20/><V59/><F59/><RYUUKYOKU ba="0,1" sc="240,-15,245,15,235,15,270,-15" hai1="5,6,44,51,52,55,57,62,78,83" hai2="12,14,23,27,28,46,48,58,63,67" /><INIT seed="1,1,1,4,0,47" ten="225,260,250,255" oya="1" hai0="40,67,130,132,99,120,129,25,81,117,61,93,100" hai1="63,54,43,8,59,2,37,26,49,106,122,65,48" hai2="102,101,19,84,68,110,31,64,46,134,98,27,94" hai3="80,86,38,105,70,12,14,107,77,108,124,104,116"/><U1/><E106/><V69/><F110/><W82/><G38/><T66/><D117/><U10/><E122/><V32/><F134/><W89/><G70/><T0/><D0/><U83/><E1/><V58/><F101/><W20/><G108/><T9/><D132/><U135/><E135/><V78/><F46/><W126/><G116/><T57/><D120/><U56/><E2/><V62/><F78/><W121/><G20/><T53/><D40/><U17/><E37/><V73/><F73/><N who="3" m="43055" /><G14/><T39/><D39/><U125/><E125/><N who="3" m="48234" /><G12/><T128/><D9/><N who="1" m="3691" /><E83/><V44/><F19/><W23/><G23/><T113/><D113/><U35/><E35/><V109/><F109/><W118/><G118/><T4/><D4/><U42/><E49/><V103/><F103/><W111/><G111/><T88/><D25/><U119/><E119/><V30/><F30/><W123/><AGARI ba="1,1" hai="82,86,89,104,105,107,121,123" m="48234,43055" machi="123" ten="40,5200,0" yaku="18,1,34,2" doraHai="47" who="3" fromWho="3" sc="225,-14,260,-27,250,-14,255,65" /><INIT seed="2,0,0,2,3,113" ten="211,233,236,320" oya="2" hai0="70,53,115,17,30,83,27,45,52,123,107,132,14" hai1="23,88,36,34,40,119,101,16,117,46,73,121,41" hai2="18,131,114,57,99,126,89,84,87,10,106,92,48" hai3="127,130,93,72,118,21,38,3,120,51,98,133,81"/><V24/><F114/><W62/><G51/><T71/><D115/><U85/><E34/><V50/><F126/><W112/><G21/><T66/><D123/><U122/><E73/><V100/><F131/><W26/><G62/><T103/><D132/><U110/><E110/><V25/><F84/><W5/><G26/><T37/><D83/><N who="1" m="49215" /><E101/><V43/><F57/><W68/><G93/><T6/><D6/><U82/><E41/><V47/><REACH who="2" step="1"/><F50/><REACH who="2" ten="211,233,226,320" step="2"/><W86/><G86/><T63/><D70/><U44/><E44/><V7/><F7/><W8/><G5/><T105/><D37/><U75/><E75/><V96/><F96/><W61/><G98/><T111/><D45/><U102/><E46/><V134/><F134/><W60/><G68/><T124/><D124/><U59/><E59/><V65/><F65/><W49/><G38/><T108/><D108/><U94/><E36/><V56/><F56/><W58/><G133/><T64/><D111/><U31/><E122/><V29/><F29/><W97/><G58/><T104/><D66/><U78/><E31/><V35/><F35/><W128/><G112/><T135/><D135/><U32/><E121/><V20/><F20/><W125/><G120/><T0/><D64/><U116/><E32/><V28/><F28/><W55/><G127/><T76/><D71/><U80/><E23/><V109/><F109/><W2/><G125/><T33/><D33/><U54/><E117/><V95/><F95/><W90/><G118/><T22/><D22/><U74/><E119/><V42/><F42/><W15/><G128/><T67/><D30/><RYUUKYOKU ba="0,1" sc="211,-10,233,-10,226,30,320,-10" hai2="10,18,24,25,43,47,48,87,89,92,99,100,106" /><INIT seed="2,1,1,3,0,25" ten="201,223,256,310" oya="2" hai0="73,124,15,54,85,30,100,105,90,133,95,75,99" hai1="60,32,114,16,65,96,94,48,120,125,28,37,86" hai2="103,33,84,17,41,23,38,123,104,63,69,87,122" hai3="79,80,42,128,3,2,52,110,27,43,68,74,11"/><V21/><F33/><W13/><G68/><T35/><D124/><U40/><E37/><V24/><F122/><W92/><G110/><T45/><D133/><U59/><E114/><V12/><F123/><W9/><G128/><T131/><D131/><U62/><E120/><V129/><F129/><W5/><G2/><T22/><D35/><U56/><E125/><V116/><F116/><W36/><G36/><T31/><D75/><U19/><E86/><V98/><F69/><W107/><G107/><T89/><D73/><U8/><E8/><V66/><F38/><W119/><G119/><T6/><D90/><U20/><E32/><V88/><F41/><W132/><G27/><T106/><D106/><U46/><E28/><V4/><F4/><W121/><G132/><T50/><REACH who="0" step="1"/><D22/><REACH who="0" ten="191,223,256,310" step="2"/><U47/><E20/><V57/><REACH who="2" step="1"/><F88/><REACH who="2" ten="191,223,246,310" step="2"/><W97/><G121/><T72/><D72/><U82/><E82/><V134/><F134/><W10/><G80/><T64/><D64/><U108/><E65/><V29/><AGARI ba="1,3" hai="12,17,21,23,24,29,57,63,66,84,87,98,103,104" machi="29" ten="20,7800,0" yaku="1,1,0,1,7,1,52,1,53,0" doraHai="25" doraHaiUra="0" who="2" fromWho="2" sc="191,-27,223,-27,246,111,310,-27" /><INIT seed="2,2,0,4,0,66" ten="164,196,357,283" oya="2" hai0="111,9,64,79,45,77,117,83,93,70,29,49,95" hai1="44,124,1,110,104,128,134,6,52,0,133,119,38" hai2="8,75,5,101,87,105,90,22,67,39,15,40,24" hai3="12,103,17,122,34,86,94,32,61,28,59,42,112"/><V14/><F75/><W130/><G122/><T11/><D111/><U107/><E119/><V106/><F101/><W35/><G130/><T108/><D108/><U62/><E110/><V96/><F67/><W129/><G42/><T82/><D117/><U37/><E128/><V51/><F39/><W80/><G112/><T46/><D29/><U135/><E124/><V91/><F22/><W127/><G127/><T114/><D64/><U88/><E88/><V18/><F24/><W7/><G7/><T20/><D20/><U113/><E113/><V74/><F74/><W118/><G118/><T2/><D114/><U92/><E92/><N who="2" m="56351" /><F106/><N who="1" m="40489" /><E6/><V30/><F105/><W33/><G129/><T68/><REACH who="0" step="1"/><D49/><REACH who="0" ten="154,196,357,283" step="2"/><N who="1" m="28711" /><E62/><V121/><F30/><W78/><G35/><T31/><D31/><U25/><E25/><V36/><F36/><AGARI ba="2,1" hai="0,1,36,37,38,133,134,135" m="28711,40489" machi="36" ten="40,2600,0" yaku="20,1,54,1" doraHai="66" who="1" fromWho="2" sc="154,0,196,42,357,-32,283,0" /><INIT seed="3,0,0,4,0,86" ten="154,238,325,283" oya="3" hai0="110,115,1,52,87,72,93,83,119,118,36,122,46" hai1="130,127,125,94,15,121,17,18,104,29,113,124,47" hai2="107,28,114,34,71,111,73,105,78,43,32,0,48" hai3="98,50,91,81,26,54,51,20,27,135,7,101,108"/><W128/><G135/><T85/><D1/><U41/><E121/><V12/><F12/><W58/><G128/><T4/><D122/><U19/><E104/><V62/><F48/><W82/><G7/><T33/><D33/><U84/><E130/><V120/><F114/><W103/><G108/><T35/><D35/><U77/><E29/><V6/><F43/><W90/><G82/><T38/><D115/><U53/><E53/><V76/><F76/><W63/><G81/><T61/><D4/><U126/><E113/><V97/><F97/><W44/><G51/><T67/><D110/><U31/><E31/><V45/><F45/><W133/><G133/><T74/><D93/><U14/><N who="1" m="31744" /><DORA hai="102" /><U16/><N who="1" m="4096" /><DORA hai="116" /><U59/><E59/><V2/><F111/><W8/><G8/><T24/><D24/><N who="3" m="9257" /><G20/><T129/><D83/><N who="1" m="47215" /><E94/><V95/><F95/><N who="3" m="58591" /><G103/><T65/><D46/><U68/><E68/><V11/><F0/><W80/><G80/><T131/><REACH who="0" step="1"/><D52/><AGARI ba="0,0" hai="44,50,52,54,58,63,90,91" m="58591,9257" machi="52" ten="30,11600,0" yaku="8,1,52,2,54,1" doraHai="86,102,116" who="3" fromWho="0" sc="154,-116,238,0,325,0,283,116" /><INIT seed="3,1,0,2,0,52" ten="38,238,325,399" oya="3" hai0="30,125,103,88,13,101,99,50,79,16,45,82,23" hai1="20,119,19,2,64,17,15,93,55,5,18,28,6" hai2="35,132,98,27,133,3,14,41,75,71,73,94,9" hai3="53,54,126,59,47,118,61,37,63,26,77,121,78"/><W104/><G104/><T135/><D125/><U10/><E64/><V95/><F71/><W112/><G112/><T0/><D135/><N who="2" m="51786" /><F3/><W24/><G121/><T116/><D116/><U46/><E119/><V113/><F113/><W84/><G118/><T74/><D0/><U105/><E105/><V80/><F41/><W83/><G126/><T110/><D110/><U66/><E66/><V134/><F134/><W32/><G32/><T90/><D30/><U33/><E93/><V12/><F80/><W1/><G1/><T123/><D123/><U8/><E55/><V67/><F67/><W131/><G131/><T106/><REACH who="0" step="1"/><D101/><REACH who="0" ten="28,238,325,399" step="2"/><U86/><E28/><V25/><F35/><W29/><G29/><T39/><D39/><U4/><E33/><V69/><F75/><W108/><G108/><T115/><D115/><U100/><E100/><V111/><F73/><W70/><G37/><T42/><AGARI ba="1,1" hai="13,16,23,42,45,50,74,79,82,88,90,99,103,106" machi="42" ten="20,8000,1" yaku="1,1,0,1,7,1,54,2,53,0" doraHai="52" doraHaiUra="48" who="0" fromWho="0" sc="28,93,238,-21,325,-21,399,-41" /><INIT seed="4,0,0,0,0,110" ten="121,217,304,358" oya="0" hai0="48,61,73,91,76,27,102,60,29,77,130,46,83" hai1="19,106,109,38,23,6,127,16,49,68,132,31,113" hai2="66,120,47,92,94,131,100,9,2,10,78,79,55" hai3="70,124,80,74,54,18,65,133,107,96,50,108,129"/><T1/><D130/><U90/><E38/><V82/><F131/><W40/><G18/><T123/><D123/><U17/><E109/><V28/><F120/><W35/><G80/><T81/><D1/><U88/><E68/><V57/><F28/><W21/><G21/><T7/><D102/><U20/><E106/><V99/><F92/><W51/><G96/><T34/><D7/><U112/><E132/><V75/><F78/><W98/><G98/><T22/><D34/><U11/><E49/><V89/><F2/><W44/><G74/><T121/><D121/><U5/><E127/><V37/><F66/><W71/><G107/><T104/><D104/><U13/><E5/><V122/><F122/><W59/><G35/><T58/><D91/><N who="1" m="34859" /><E31/><V32/><F32/><W36/><G108/><T45/><D48/><U63/><E63/><V42/><F100/><W105/><G105/><T24/><D24/><U93/><E93/><V86/><F75/><W135/><G129/><T115/><D115/><AGARI ba="0,0" hai="6,11,13,16,17,19,20,23,112,113,115" m="34859" machi="115" ten="30,12000,2" yaku="15,1,11,1,52,3,54,2" doraHai="110" who="1" fromWho="0" sc="121,-120,217,120,304,0,358,0" /><INIT seed="5,0,0,2,2,74" ten="1,337,304,358" oya="1" hai0="18,89,63,72,27,69,110,54,25,77,134,1,124" hai1="78,94,33,119,15,4,107,14,132,81,42,23,133" hai2="82,24,51,36,58,76,50,104,13,31,62,7,130" hai3="46,67,96,60,117,112,86,129,100,35,43,65,75"/><U66/><E107/><V44/><F104/><N who="3" m="63495" /><G86/><T131/><D110/><U37/><E33/><V64/><F130/><W83/><G67/><T103/><D1/><U48/><E119/><V122/><F122/><W126/><G35/><T118/><D118/><U12/><E37/><V125/><F125/><W135/><G117/><T61/><D131/><U87/><E66/><V16/><F7/><W90/><G90/><T68/><D134/><N who="1" m="51819" /><E94/><V56/><F56/><W8/><G8/><T47/><D89/><U21/><E4/><V38/><F38/><N who="3" m="21879" /><G135/><T111/><D103/><U108/><E108/><V106/><F106/><W105/><G105/><T3/><D3/><U113/><E113/><V84/><F36/><W73/><G129/><T121/><D111/><U19/><E19/><V70/><F70/><N who="3" m="42279" /><G112/><T101/><D101/><U9/><E9/><V10/><REACH who="2" step="1"/><F44/><AGARI ba="0,0" hai="12,14,15,21,23,42,44,48,78,81,87" m="51819" machi="44" ten="30,2900,0" yaku="20,1,52,1" doraHai="74" who="1" fromWho="2" sc="1,0,337,29,304,-29,358,0" /><INIT seed="5,1,0,3,2,85" ten="1,366,275,358" oya="1" hai0="21,57,14,97,51,22,5,104,120,23,48,80,117" hai1="19,17,33,20,103,35,112,92,0,26,37,135,31" hai2="12,106,129,38,107,134,41,110,102,8,2,121,54" hai3="10,44,16,59,64,125,73,65,100,36,78,55,25"/><U115/><E37/><V123/><F110/><W109/><G109/><T90/><D120/><U94/><E0/><V128/><F2/><W74/><G100/><T82/><D117/><U46/><E46/><V101/><F41/><W61/><G125/><T89/><D104/><N who="2" m="39978" /><F38/><W124/><G124/><T76/><D97/><N who="1" m="59815" /><E94/><V34/><F34/><N who="1" m="12809" /><E135/><V43/><F43/><N who="3" m="22631" /><G78/><T68/><D68/><U77/><E77/><V87/><F134/><W52/><G55/><N who="0" m="31975" /><D51/><U39/><E39/><V66/><F66/><W32/><G65/><T86/><D80/><U7/><E7/><V47/><F54/><W56/><G56/><T62/><D62/><U127/><E127/><V118/><F47/><W53/><G53/><T83/><D83/><U18/><E31/><V71/><F71/><N who="3" m="42383" /><G32/><T133/><D133/><U60/><E60/><V11/><F118/><W114/><G74/><T111/><D111/><U6/><E6/><V96/><F102/><W99/><G73/><T130/><D130/><N who="2" m="50282" /><F87/><W50/><G99/><T95/><D95/><U119/><E119/><V30/><F30/><W28/><G28/><T79/><D79/><U1/><E1/><V93/><F8/><AGARI ba="1,0" hai="5,8,14,21,22,23,76,82,86,89,90" m="31975" machi="8" ten="30,3900,0" yaku="8,1,52,2" doraHai="85" who="0" fromWho="2" sc="1,42,366,0,275,-42,358,0" /><INIT seed="6,0,0,5,2,46" ten="43,366,233,358" oya="2" hai0="114,43,88,15,70,130,74,93,66,83,91,131,35" hai1="126,99,24,55,87,112,37,48,84,128,52,0,49" hai2="47,98,32,100,64,51,82,9,113,63,27,118,96" hai3="122,38,30,6,22,60,120,69,135,14,76,42,56"/><V123/><F118/><W31/><G69/><T13/><D35/><U108/><E37/><V2/><F123/><W62/><G76/><T85/><D114/><U77/><E0/><V121/><F121/><W33/><G33/><T81/><D43/><U4/><E108/><V67/><F113/><W68/><G135/><T21/><D70/><U72/><E72/><V106/><F98/><W75/><G75/><T132/><D132/><U101/><E112/><V103/><F103/><W125/><G125/><T95/><D66/><U5/><E126/><V65/><F82/><W117/><G117/><T7/><D74/><U102/><E24/><V16/><F63/><W97/><G97/><T8/><D130/><U109/><E109/><V1/><F32/><W50/><G38/><T134/><D134/><U28/><E28/><N who="3" m="10794" /><G60/><T111/><D111/><U58/><E128/><V80/><F80/><W90/><G90/><T105/><D105/><U104/><E102/><V115/><F115/><W12/><G68/><T59/><D59/><U17/><E17/><V78/><F78/><W40/><G120/><T11/><D21/><U94/><E104/><V110/><F110/><W18/><G62/><T10/><D131/><U3/><E3/><V73/><F73/><W127/><G127/><T61/><D61/><U41/><E41/><N who="2" m="25071" /><F9/><N who="3" m="4151" /><G122/><T20/><D20/><U23/><E23/><N who="2" m="13799" /><F1/><W107/><G107/><T89/><D85/><N who="1" m="32843" /><E77/><V92/><F2/><W116/><G116/><T45/><D45/><AGARI ba="0,0" hai="4,5,45,48,49,52,55,58,94,99,101" m="32843" machi="45" ten="30,7700,0" yaku="8,1,52,2,54,1" doraHai="46" who="1" fromWho="0" sc="43,-77,366,77,233,0,358,0" owari="-34,-53.0,443,54.0,233,-17.0,358,16.0" /></mjloggm>