<mjloggm ver="2.3"><GO type="169" lobby="0"/><UN n0="%63%6F%61" n1="%E3%82%B5%E3%83%B3%E3%83%9E%E9%81%93%E6%A5%BD%E4%BB%A3%E8%A1%A8" n2="%E3%82%A6%E3%83%AB%E3%83%88%E3%83%A9%E7%AB%8B%E7%9B%B4" n3="%E3%81%AF%E3%81%9A%E3%81%8D" dan="17,17,17,16" rate="2120.69,2183.72,2122.42,2079.78" sx="M,M,M,M"/><TAIKYOKU oya="0"/><INIT seed="0,0,0,3,0,0" ten="250,250,250,250" oya="0" hai0="8,21,119,87,88,33,57,114,75,15,113,77,19" hai1="76,107,72,128,27,24,29,59,64,54,82,66,44" hai2="68,9,61,74,16,85,4,130,40,108,53,46,63" hai3="43,118,95,117,111,112,50,56,70,26,1,31,37"/><T22/><D33/><U18/><E128/><V35/><F74/><W20/><G112/><T23/><D119/><U120/><E107/><V79/><F35/><W45/><G111/><T55/><D75/><U17/><E120/><V41/><F68/><W51/><G1/><T103/><D103/><U52/><E44/><V83/><F108/><W34/><G70/><T93/><REACH who="0" step="1"/><D77/><REACH who="0" ten="240,250,250,250" step="2"/><U12/><E72/><V25/><F130/><W122/><G118/><T28/><D28/><U7/><E76/><V99/><F99/><W48/><G117/><T102/><D102/><U126/><E29/><V49/><F41/><W135/><G122/><T125/><D125/><U132/><E126/><V127/><F127/><W38/><G34/><T131/><D131/><U60/><E132/><V47/><F40/><W101/><G135/><T13/><D13/><U98/><E12/><N who="2" m="5159" /><F46/><W116/><G116/><T91/><D91/><U110/><E98/><V105/><F105/><W62/><G45/><T36/><D36/><U71/><E110/><V73/><F73/><W104/><G43/><T32/><D32/><U133/><E133/><V106/><F106/><W124/><G124/><T97/><D97/><U96/><E96/><V30/><F30/><W78/><G104/><T69/><D69/><U5/><E71/><V81/><F47/><W94/><G78/><T100/><D100/><U65/><E27/><V6/><F79/><W11/><G101/><T84/><D84/><U109/><E24/><V89/><F25/><W2/><G37/><T58/><D58/><N who="1" m="34887" /><E109/><V90/><F85/><W121/><G121/><RYUUKYOKU ba="0,1" sc="240,30,250,-10,250,-10,250,-10" hai0="8,15,19,21,22,23,55,57,87,88,93,113,114" /><INIT seed="0,1,1,2,0,53" ten="270,240,240,240" oya="0" hai0="112,52,32,76,11,57,61,63,129,18,71,106,6" hai1="42,79,16,75,67,117,133,21,119,90,58,3,114" hai2="77,107,65,95,48,69,99,36,12,26,28,56,24" hai3="1,100,45,111,78,124,116,37,132,17,83,30,20"/><T94/><D112/><U35/><E35/><V80/><F36/><W97/><G116/><T54/><D106/><U60/><E3/><V72/><F107/><W110/><G1/><T101/><D32/><U13/><E114/><V46/><F12/><W44/><G30/><T19/><D129/><U130/><E130/><V70/><F65/><W15/><G124/><T10/><D76/><U113/><E113/><V51/><F51/><W109/><G37/><T126/><D126/><U43/><E133/><V29/><F29/><W73/><REACH who="3" step="1"/><G132/><REACH who="3" ten="270,240,240,230" step="2"/><T98/><D11/><U66/><E117/><V68/><F28/><W135/><G135/><T22/><D22/><U49/><E119/><V82/><F70/><W50/><G50/><T0/><D71/><U31/><E31/><V96/><F69/><W33/><G33/><T89/><D101/><U134/><E49/><V41/><F68/><W88/><G88/><T81/><D81/><U2/><E2/><V125/><F82/><W105/><AGARI ba="1,2" hai="15,17,20,44,45,73,78,83,97,100,105,109,110,111" machi="105" ten="30,4000,0" yaku="1,1,0,1,14,1,53,0" doraHai="53" doraHaiUra="87" who="3" fromWho="3" sc="270,-21,240,-11,240,-11,230,63" /><INIT seed="1,0,0,2,5,7" ten="249,229,229,293" oya="1" hai0="67,108,92,81,96,102,107,39,53,104,1,115,24" hai1="83,130,121,84,3,28,123,119,41,58,79,125,16" hai2="14,114,101,99,23,64,82,117,27,2,76,77,110" hai3="5,100,124,51,120,57,133,111,93,36,9,80,45"/><U31/><E119/><V97/><F2/><W60/><G120/><T0/><D115/><U56/><E3/><V127/><F110/><W63/><G124/><T106/><D108/><U20/><E125/><V40/><F117/><W17/><G111/><T54/><D39/><U22/><E41/><V8/><F114/><W131/><G131/><T116/><D116/><U65/><E130/><V11/><F127/><W85/><G17/><T43/><D43/><U88/><E121/><V48/><F64/><W90/><G36/><T74/><D67/><U89/><E123/><V112/><F112/><W49/><G49/><T72/><D1/><U75/><E75/><V86/><F77/><W61/><G133/><T10/><D24/><N who="1" m="16407" /><E31/><N who="2" m="17919" /><F14/><N who="3" m="5423" /><G100/><T62/><D62/><N who="1" m="38087" /><E58/><V18/><F18/><W134/><G134/><T70/><D70/><U42/><E42/><V98/><F101/><W21/><G21/><T126/><D126/><U26/><AGARI ba="0,0" hai="16,20,26,79,83,84,88,89" m="38087,16407" machi="26" ten="30,6000,0" yaku="8,1,54,2" doraHai="7" who="1" fromWho="1" sc="249,-20,229,60,229,-20,293,-20" /><INIT seed="1,1,0,1,4,44" ten="229,289,209,273" oya="1" hai0="130,37,116,45,11,61,38,8,83,60,25,86,129" hai1="108,102,81,82,9,107,104,14,100,80,106,64,49" hai2="95,112,65,54,17,36,133,98,72,30,52,16,125" hai3="96,26,67,32,115,79,111,122,121,101,12,5,13"/><U113/><E64/><V62/><F72/><W19/><G115/><T41/><D25/><U70/><E70/><V134/><F36/><W124/><G111/><T0/><D38/><U24/><E24/><V97/><F30/><W71/><G79/><N who="0" m="46463" /><D116/><U117/><E117/><V23/><F125/><W89/><G89/><T99/><D99/><N who="2" m="37898" /><F95/><W27/><G124/><T59/><D0/><U131/><E131/><N who="0" m="50185" /><D61/><U46/><E113/><V57/><F112/><W109/><G109/><T4/><D4/><U20/><E20/><V110/><F110/><W135/><G135/><N who="2" m="51721" /><F23/><W2/><G2/><T128/><N who="0" m="50193" /><T103/><DORA hai="91" /><D103/><U47/><E108/><V51/><F54/><AGARI ba="1,0" hai="8,11,37,41,45,54,59,60" m="50193,46463" machi="54" ten="40,1300,0" yaku="19,1" doraHai="44,91" who="0" fromWho="2" sc="229,16,289,0,209,-16,273,0" /><INIT seed="2,0,0,2,0,56" ten="245,289,193,273" oya="2" hai0="62,31,91,114,63,107,13,100,77,105,72,93,49" hai1="127,97,92,102,126,69,90,113,25,12,0,46,71" hai2="40,45,14,135,33,70,38,28,87,79,65,60,59" hai3="83,2,120,21,111,57,134,128,37,131,130,24,51"/><V104/><F135/><W27/><G37/><T98/><D114/><U34/><E0/><V119/><F119/><W125/><G2/><T6/><D31/><U81/><E12/><V88/><F104/><W16/><G120/><T84/><D107/><U26/><E46/><V18/><F79/><W96/><G111/><T106/><D106/><U39/><E39/><V68/><F28/><W76/><G134/><T80/><D49/><U23/><E34/><V121/><F33/><W86/><G125/><N who="1" m="47626" /><E25/><V132/><F132/><W1/><G1/><T67/><D67/><U101/><E113/><V55/><F121/><W58/><G96/><T89/><D89/><U9/><E9/><AGARI ba="0,0" hai="6,9,13,62,63,72,77,80,84,91,93,98,100,105" machi="9" ten="40,8000,1" yaku="24,2,52,2" doraHai="56" who="0" fromWho="1" sc="245,80,289,-80,193,0,273,0" /><INIT seed="3,0,0,0,1,58" ten="325,209,193,273" oya="3" hai0="69,24,87,26,10,12,127,124,53,19,94,21,63" hai1="134,18,20,71,102,55,61,28,52,8,117,72,107" hai2="111,132,104,82,110,86,15,0,76,99,91,122,125" hai3="27,131,57,40,31,74,48,23,47,129,5,66,121"/><W43/><G74/><T78/><D78/><U33/><E72/><N who="2" m="43271" /><F15/><W11/><G121/><T70/><D87/><U77/><E77/><V100/><F0/><W41/><G66/><T59/><D94/><U79/><E79/><V4/><F4/><W112/><G57/><T93/><D93/><U17/><E8/><V45/><F45/><W30/><G30/><T67/><D26/><N who="1" m="18583" /><E117/><V130/><F122/><W68/><G68/><T62/><REACH who="0" step="1"/><D70/><REACH who="0" ten="315,209,193,273" step="2"/><U98/><E134/><V97/><F132/><W60/><G112/><T64/><D64/><N who="1" m="41359" /><E18/><AGARI ba="0,1" hai="10,12,18,19,21,24,53,59,62,63,67,69,124,127" machi="18" ten="40,5200,0" yaku="1,1,52,2,53,0" doraHai="58" doraHaiUra="103" who="0" fromWho="1" sc="315,62,209,-52,193,0,273,0" /><INIT seed="4,0,0,3,3,112" ten="377,157,193,273" oya="0" hai0="19,98,44,50,15,119,47,54,75,118,0,28,49" hai1="22,46,59,45,69,66,6,97,105,40,35,55,120" hai2="123,38,126,95,18,60,4,65,96,52,51,53,108" hai3="115,41,12,16,29,57,92,58,132,78,2,82,61"/><T31/><D75/><U17/><E35/><V74/><F38/><W107/><G107/><T94/><D0/><U27/><E6/><V99/><F74/><W7/><G115/><T128/><D128/><U70/><E120/><V85/><F4/><W34/><G132/><T3/><D3/><U68/><E105/><V63/><F126/><W81/><G41/><T87/><D87/><U130/><E97/><N who="2" m="37451" /><F65/><W101/><G57/><T26/><D26/><U89/><E89/><N who="2" m="53679" /><F108/><W21/><G92/><T104/><D104/><U71/><E130/><V113/><F113/><W9/><G101/><T110/><D110/><U62/><E46/><N who="2" m="27767" /><F123/><W13/><G13/><T109/><D109/><U121/><E121/><V129/><F129/><W20/><G20/><T64/><D64/><U37/><REACH who="1" step="1"/><E71/><REACH who="1" ten="377,147,193,273" step="2"/><V77/><F77/><W124/><G78/><T102/><D47/><U32/><E32/><V42/><F42/><W134/><G124/><T25/><D44/><U80/><E80/><V114/><F114/><W1/><G1/><T131/><D131/><U117/><E117/><V39/><F39/><W100/><G100/><T76/><D98/><U106/><E106/><V127/><F127/><W36/><G36/><T90/><D119/><U73/><E73/><V48/><F18/><W122/><G122/><T91/><D118/><U10/><E10/><V86/><F86/><W79/><G79/><T88/><D91/><U135/><E135/><V72/><F72/><W93/><G134/><T43/><D90/><U67/><AGARI ba="0,1" hai="17,22,27,37,40,45,55,59,62,66,67,68,69,70" machi="67" ten="40,2700,0" yaku="1,1,0,1,53,0" doraHai="112" doraHaiUra="30" who="1" fromWho="1" sc="377,-13,147,37,193,-7,273,-7" /><INIT seed="5,0,0,3,0,84" ten="364,184,186,266" oya="1" hai0="22,88,89,50,25,31,3,125,53,33,91,15,123" hai1="87,101,61,9,72,30,126,100,98,90,86,85,44" hai2="79,80,109,70,67,37,108,112,13,39,6,59,135" hai3="46,54,1,103,95,56,16,127,11,94,97,21,106"/><U82/><E126/><V29/><F13/><W129/><G127/><T27/><D125/><U121/><E121/><V58/><F6/><W114/><G114/><T26/><D123/><U48/><E30/><V8/><F8/><W104/><G129/><T17/><REACH who="0" step="1"/><D3/><REACH who="0" ten="354,184,186,266" step="2"/><U78/><E9/><V93/><F109/><W102/><G11/><T111/><D111/><U43/><E61/><V38/><F108/><W83/><G1/><T107/><D107/><U99/><E98/><V115/><F112/><W71/><G106/><T55/><D55/><U105/><REACH who="1" step="1"/><E101/><REACH who="1" ten="354,174,186,266" step="2"/><V118/><F115/><W76/><G103/><T74/><D74/><U36/><E36/><V134/><F38/><W116/><G102/><T128/><D128/><U23/><E23/><V73/><F39/><W4/><G21/><T81/><D81/><AGARI ba="0,2" hai="43,44,48,72,78,81,82,85,86,87,90,99,100,105" machi="81" ten="30,5800,0" yaku="1,1,7,1,52,1,53,0" doraHai="84" doraHaiUra="65" who="1" fromWho="0" sc="354,-58,174,78,186,0,266,0" /><INIT seed="5,1,0,0,5,30" ten="296,252,186,266" oya="1" hai0="116,106,75,86,45,8,2,34,62,25,5,16,119" hai1="42,28,88,89,4,118,71,78,84,97,99,100,12" hai2="104,24,76,117,124,49,120,48,101,77,14,68,7" hai3="135,107,33,43,111,134,32,132,126,11,64,109,29"/><U121/><E121/><V82/><F68/><W60/><G107/><T83/><D106/><U129/><E71/><V31/><F124/><W13/><G126/><T56/><D45/><U122/><E122/><V1/><F1/><W0/><G43/><T127/><D75/><U96/><E118/><V27/><F117/><W131/><G131/><T79/><D127/><U18/><E100/><V58/><F120/><W52/><G52/><T15/><D25/><U87/><E4/><V70/><F70/><N who="3" m="42247" /><G29/><T46/><D46/><U54/><E28/><V36/><F36/><W37/><G37/><T17/><D17/><U114/><E42/><V23/><F58/><W112/><G112/><T21/><REACH who="0" step="1"/><D34/><REACH who="0" ten="286,252,186,266" step="2"/><N who="3" m="13417" /><G0/><T59/><D59/><U133/><E114/><V115/><F27/><W65/><G65/><AGARI ba="1,1" hai="2,5,8,15,16,21,56,62,65,79,83,86,116,119" machi="65" ten="30,3900,0" yaku="1,1,7,1,54,1,53,0" doraHai="30" doraHaiUra="95" who="0" fromWho="3" sc="286,52,252,0,186,0,266,-42" /><INIT seed="6,0,0,3,5,104" ten="338,252,186,224" oya="2" hai0="41,36,125,77,133,106,71,118,98,123,134,79,51" hai1="66,122,108,18,47,94,105,38,14,131,128,114,53" hai2="100,7,56,84,73,129,116,109,78,0,25,72,34" hai3="101,82,96,120,58,33,89,92,80,99,45,93,85"/><V124/><F116/><W8/><G33/><T46/><D123/><U112/><E105/><V9/><F84/><W15/><G120/><T62/><D118/><U13/><E66/><V26/><F78/><W70/><G70/><T16/><D125/><U111/><E94/><V86/><F86/><W4/><G58/><T135/><D16/><U115/><E122/><V12/><F12/><N who="1" m="4713" /><E18/><V1/><F26/><W113/><G113/><T83/><D83/><U64/><E64/><V31/><F56/><W110/><G110/><N who="1" m="42026" /><E53/><V132/><F109/><W6/><G6/><T40/><D40/><AGARI ba="0,0" hai="38,40,47,112,114,115,128,131" m="42026,4713" machi="40" ten="40,1300,0" yaku="15,1" doraHai="104" who="1" fromWho="0" sc="338,-13,252,13,186,0,224,0" /><INIT seed="7,0,0,3,5,82" ten="325,265,186,224" oya="3" hai0="73,112,55,106,122,79,101,72,60,123,45,44,13" hai1="90,116,28,58,127,36,88,67,37,51,35,131,46" hai2="11,16,10,84,113,21,42,135,65,81,41,115,38" hai3="7,2,105,102,33,1,96,89,59,22,124,94,15"/><W24/><G124/><T43/><D101/><U108/><E108/><V126/><F65/><W54/><G33/><T9/><D106/><U78/><E127/><V14/><F126/><W70/><G70/><T6/><D112/><N who="2" m="43082" /><F135/><W95/><G105/><T34/><D34/><U50/><E78/><N who="2" m="46135" /><F38/><W26/><G1/><T18/><D79/><U49/><E35/><V97/><F97/><W93/><G2/><T4/><D122/><U87/><E28/><V8/><AGARI ba="0,0" hai="8,10,11,14,16,21,41,42" m="46135,43082" machi="8" ten="30,4000,0" yaku="15,1,52,1,54,1" doraHai="82" who="2" fromWho="2" sc="325,-10,265,-10,186,40,224,-20" owari="315,41.0,255,6.0,226,-17.0,204,-30.0" /></mjloggm>