<mjloggm ver="2.3"><GO type="97" lobby="0"/><UN n0="%E5%B0%B1%E6%B4%BB%E7%94%9F%40%E5%B7%9D%E6%9D%91%E8%BB%8D%E5%9B%A3" n1="%E7%99%BD%E9%B9%BF%E6%84%9B%E8%8E%89" n2="%E3%81%B5%E3%81%82" n3="%64%69%65%6D" dan="15,13,16,14" rate="1962.66,1951.28,2030.67,1918.95" sx="M,F,M,M"/><TAIKYOKU oya="0"/><INIT seed="0,0,0,0,2,109" ten="250,250,250,250" oya="0" hai0="36,12,44,60,31,107,110,127,74,118,103,9,119" hai1="15,19,6,43,59,69,94,20,93,52,54,125,11" hai2="133,2,46,86,83,96,58,3,121,42,14,47,120" hai3="24,122,117,132,34,88,18,89,29,56,101,112,106"/><T76/><D110/><U32/><E69/><V25/><F133/><W95/><G132/><T92/><D127/><U116/><E116/><V63/><F3/><W40/><G117/><T55/><D107/><U100/><E32/><V23/><F2/><W27/><G40/><T66/><D31/><U124/><E43/><V5/><F96/><W28/><G122/><T108/><D108/><U70/><E70/><V115/><F115/><W105/><G18/><T53/><D74/><U113/><E113/><V97/><F97/><W87/><G112/><T13/><D76/><U7/><E7/><V104/><F104/><W102/><G56/><T35/><D35/><U91/><E100/><V130/><F130/><W4/><G4/><T17/><D103/><U22/><E22/><V67/><F14/><W99/><G105/><T33/><D33/><U10/><E10/><V8/><F8/><W81/><G106/><T129/><D92/><N who="1" m="35435" /><E59/><V39/><F46/><W45/><G45/><T79/><D129/><U65/><E65/><V75/><F5/><W68/><G68/><N who="0" m="42055" /><D36/><U38/><E38/><V61/><F75/><W51/><G51/><N who="0" m="28903" /><D55/><N who="1" m="21035" /><E91/><V90/><REACH who="2" step="1"/><F63/><REACH who="2" ten="250,250,240,250" step="2"/><W1/><G1/><T128/><D128/><U26/><E125/><V82/><F82/><W98/><G99/><T111/><D111/><U77/><E124/><V48/><F48/><W85/><G98/><T57/><D12/><U50/><E50/><V30/><AGARI ba="0,1" hai="23,25,30,39,42,47,58,61,67,83,86,90,120,121" machi="30" ten="20,5200,0" yaku="1,1,0,1,7,1,53,1" doraHai="109" doraHaiUra="71" who="2" fromWho="2" sc="250,-26,250,-13,240,62,250,-13" /><INIT seed="1,0,0,1,2,123" ten="224,237,302,237" oya="1" hai0="22,33,108,127,44,29,34,71,9,46,119,117,126" hai1="133,14,107,2,118,57,6,73,47,67,134,43,21" hai2="100,89,109,111,82,56,12,75,76,39,20,120,54" hai3="116,102,64,15,103,72,55,90,79,97,70,5,42"/><U132/><E118/><N who="0" m="45065" /><D71/><U122/><E122/><V95/><F39/><W18/><G116/><T86/><D86/><U37/><E107/><V115/><F100/><W101/><G42/><T110/><D44/><U23/><E2/><V60/><F115/><W17/><G70/><T7/><D46/><U24/><E73/><V31/><F120/><W36/><G64/><T48/><D48/><U4/><E14/><V59/><F59/><W26/><G36/><T40/><D40/><U98/><E98/><V8/><F31/><W41/><G79/><T130/><D22/><N who="1" m="8203" /><E24/><V0/><F20/><N who="3" m="13583" /><G72/><T112/><D112/><U51/><E37/><V81/><F0/><W104/><G41/><T58/><D58/><U3/><E3/><V131/><F131/><W13/><G104/><T52/><D52/><U27/><E27/><V121/><F121/><W65/><G65/><T77/><D77/><U99/><E99/><V113/><F113/><W114/><G114/><T80/><D80/><U69/><E69/><V63/><F63/><AGARI ba="0,0" hai="4,6,43,47,51,57,63,67,132,133,134" m="8203" machi="63" ten="40,2000,0" yaku="20,1" doraHai="123" who="1" fromWho="2" sc="224,0,237,20,302,-20,237,0" /><INIT seed="1,1,0,5,1,96" ten="224,257,282,237" oya="1" hai0="102,31,105,10,6,133,28,9,24,23,108,60,13" hai1="87,40,37,99,107,94,20,89,35,29,123,42,52" hai2="12,74,48,55,134,125,1,50,39,14,81,72,100" hai3="110,46,67,111,78,0,115,124,104,54,98,4,3"/><U44/><E123/><V75/><F1/><W49/><G115/><T25/><D133/><U61/><E35/><V65/><F39/><W33/><G33/><T130/><D130/><U32/><E32/><V114/><F134/><W86/><G67/><T19/><D108/><N who="3" m="41513" /><G4/><T128/><D128/><U109/><E109/><V135/><F135/><W38/><G38/><T113/><D113/><U43/><E107/><V88/><F114/><W16/><G124/><T132/><D132/><U95/><E29/><V53/><F65/><W91/><G78/><T126/><D60/><U15/><E15/><V34/><F34/><W56/><G46/><T76/><D76/><U7/><E20/><V116/><F116/><W90/><G90/><T101/><D105/><U62/><E7/><V131/><F131/><W70/><G70/><T73/><D73/><U59/><REACH who="1" step="1"/><E62/><REACH who="1" ten="224,247,282,237" step="2"/><V11/><F12/><W83/><G16/><T69/><D126/><U22/><E22/><V47/><F125/><W26/><G26/><T2/><D69/><U30/><E30/><V27/><F27/><W79/><G3/><T129/><D129/><U118/><E118/><V122/><F122/><W82/><G0/><T8/><D8/><U97/><E97/><V5/><F14/><W17/><G17/><T63/><D63/><U58/><E58/><N who="2" m="33063" /><F11/><W84/><G104/><T18/><D31/><U80/><E80/><V64/><F5/><W117/><G117/><T127/><D127/><U121/><E121/><V45/><F81/><W36/><G98/><T120/><D120/><U57/><E57/><V106/><F106/><RYUUKYOKU ba="1,1" sc="224,10,247,10,282,-30,237,10" hai0="2,6,9,10,13,18,19,23,24,25,28,101,102" hai1="37,40,42,43,44,52,59,61,87,89,94,95,99" hai3="36,49,54,56,79,82,83,84,86,91" /><INIT seed="1,2,1,3,3,81" ten="234,257,252,247" oya="1" hai0="95,46,86,41,124,103,91,4,84,68,99,18,33" hai1="27,130,37,117,60,19,70,24,112,5,123,9,61" hai2="129,101,55,34,66,23,113,100,11,89,133,121,132" hai3="42,80,75,135,50,115,74,104,36,105,83,32,12"/><U62/><E112/><V16/><F113/><W77/><G32/><T43/><D68/><U120/><E117/><V125/><F34/><W15/><G115/><T76/><D33/><U114/><E114/><V51/><F121/><W48/><G135/><N who="2" m="51785" /><F129/><W79/><G42/><N who="0" m="15883" /><D124/><U65/><E37/><AGARI ba="2,1" hai="12,15,36,37,48,50,74,75,77,79,80,83,104,105" machi="37" ten="25,1600,0" yaku="22,2" doraHai="81" who="3" fromWho="1" sc="234,0,257,-22,252,0,247,32" /><INIT seed="2,0,0,5,3,16" ten="234,235,252,279" oya="2" hai0="62,64,112,40,102,100,76,80,90,13,45,46,73" hai1="95,93,98,35,68,126,117,85,135,119,104,107,51" hai2="42,91,5,48,74,78,52,110,55,133,29,103,132" hai3="53,70,47,69,125,131,96,88,24,4,123,127,26"/><V128/><F128/><W34/><G123/><T8/><D112/><U118/><E68/><V87/><F110/><W41/><G131/><T61/><D90/><N who="1" m="53455" /><E35/><V54/><F5/><W81/><G53/><T79/><D79/><U31/><E31/><V2/><F2/><W38/><G4/><T7/><D46/><U27/><E27/><V15/><F103/><W11/><G11/><T66/><D62/><U111/><E51/><V25/><F74/><W23/><G26/><T75/><D75/><U86/><E135/><N who="2" m="51787" /><F78/><W99/><G34/><T32/><D32/><U59/><E59/><N who="2" m="33159" /><F15/><W0/><G99/><T63/><D63/><U12/><E12/><V43/><F43/><W36/><G38/><T19/><D7/><U114/><E114/><V106/><F106/><N who="1" m="40489" /><E111/><V44/><F25/><W82/><G0/><T113/><D113/><U20/><E86/><V18/><F18/><N who="3" m="12407" /><G69/><T109/><D109/><U57/><E57/><V134/><F29/><W115/><G70/><T116/><D116/><U30/><E126/><N who="3" m="48138" /><G115/><T6/><D6/><U49/><E49/><N who="2" m="26775" /><F134/><W124/><N who="3" m="48146" /><W58/><DORA hai="120" /><G58/><T130/><D130/><U97/><E118/><V67/><F67/><W108/><G108/><T21/><D66/><U1/><E1/><V92/><AGARI ba="0,0" hai="54,55,87,91,92" m="26775,33159,51787" machi="92" ten="30,3000,0" yaku="20,1,54,1" doraHai="16,120" who="2" fromWho="2" sc="234,-10,235,-10,252,30,279,-10" /><INIT seed="2,1,0,3,2,115" ten="224,225,282,269" oya="2" hai0="63,33,2,89,113,49,44,35,39,114,60,15,84" hai1="128,119,55,104,46,85,129,69,121,18,45,24,61" hai2="107,17,77,98,36,67,106,99,10,6,134,27,127" hai3="43,74,123,95,81,41,117,94,68,4,79,124,112"/><V133/><F36/><W110/><G68/><T96/><D39/><U13/><E104/><V57/><F77/><W32/><G32/><T126/><D2/><U72/><E72/><V93/><F127/><W71/><G71/><T109/><D126/><U40/><E121/><V53/><F67/><W28/><G124/><T48/><D109/><U64/><E24/><V82/><F82/><W118/><G28/><T19/><D96/><N who="2" m="36906" /><F93/><N who="3" m="35339" /><G4/><T21/><D33/><U97/><E97/><V87/><F87/><W62/><G62/><T14/><D35/><U92/><E119/><N who="3" m="45578" /><G43/><T29/><D29/><U78/><E40/><V101/><F101/><W7/><G7/><T30/><D30/><U47/><E129/><V42/><F42/><W38/><G41/><T65/><D15/><U56/><E56/><V50/><F27/><W75/><G38/><T132/><D113/><U135/><E128/><V59/><F17/><W54/><G54/><N who="0" m="29959" /><D49/><U58/><E69/><V31/><F31/><W16/><G16/><T122/><D114/><U125/><E125/><V130/><F130/><W90/><G112/><T1/><D122/><U91/><E135/><N who="2" m="51723" /><F57/><W12/><G12/><AGARI ba="1,0" hai="6,10,12,50,53,59,106,107" m="51723,36906" machi="12" ten="30,1500,0" yaku="20,1" doraHai="115" who="2" fromWho="3" sc="224,0,225,0,282,18,269,-18" /><INIT seed="2,2,0,1,2,72" ten="224,225,300,251" oya="2" hai0="12,101,102,9,56,134,109,81,51,98,130,66,106" hai1="117,118,67,49,119,54,32,63,34,8,86,20,129" hai2="69,58,24,126,61,124,38,57,50,45,87,89,47" hai3="105,125,44,133,123,42,55,30,115,52,92,39,116"/><V79/><F69/><W28/><G123/><T60/><D130/><U135/><E129/><V113/><F113/><W96/><G116/><T6/><D134/><U11/><E135/><V41/><F24/><W120/><G133/><T103/><D109/><U75/><E75/><V127/><F61/><W90/><G120/><T85/><REACH who="0" step="1"/><D51/><REACH who="0" ten="214,225,300,251" step="2"/><U97/><E49/><V1/><F50/><W19/><G115/><T107/><D107/><U121/><E119/><V74/><F45/><W73/><G105/><T131/><D131/><U46/><E118/><V7/><F47/><W4/><G125/><T13/><D13/><U65/><E117/><V43/><F38/><W114/><G114/><T122/><D122/><U128/><E121/><V111/><F111/><W0/><G39/><T37/><D37/><U112/><E112/><V33/><F43/><W14/><G44/><T93/><D93/><U23/><E128/><V70/><F41/><W95/><G42/><T53/><D53/><U27/><E46/><V16/><F127/><W26/><G92/><T110/><D110/><U18/><E54/><V62/><F126/><W2/><G55/><T48/><D48/><U68/><E65/><V71/><F124/><W104/><G104/><T99/><D99/><U132/><E97/><V108/><F108/><W64/><G96/><T88/><AGARI ba="2,1" hai="6,9,12,56,60,66,81,85,88,98,101,102,103,106" machi="88" ten="20,5200,0" yaku="1,1,0,1,7,1,54,1,53,0" doraHai="72" doraHaiUra="36" who="0" fromWho="0" sc="214,68,225,-15,300,-28,251,-15" /><INIT seed="3,0,0,1,5,38" ten="282,210,272,236" oya="3" hai0="133,58,48,14,81,102,113,65,47,108,42,128,10" hai1="51,53,96,106,66,61,118,116,101,67,112,57,80" hai2="39,56,20,109,32,132,27,123,131,46,107,6,122" hai3="1,18,44,33,41,0,135,87,11,13,79,31,124"/><W22/><G124/><T100/><D108/><U69/><E112/><V43/><F107/><W121/><G121/><N who="2" m="46089" /><F109/><W92/><G135/><T78/><D133/><U59/><E67/><V37/><F132/><W75/><G33/><T62/><D128/><U89/><E80/><V55/><F6/><W98/><G75/><T15/><D113/><U83/><E83/><V2/><F2/><W73/><G73/><T21/><D21/><U12/><E89/><V3/><F3/><W19/><G31/><T120/><D120/><U52/><REACH who="1" step="1"/><E12/><REACH who="1" ten="282,200,272,236" step="2"/><N who="0" m="4649" /><D10/><U28/><E28/><N who="2" m="17511" /><F131/><W99/><G79/><T129/><D129/><U94/><E94/><V40/><F32/><W50/><G1/><T70/><D70/><U74/><E74/><V103/><F103/><N who="0" m="39466" /><D81/><U125/><E125/><V30/><F30/><W29/><G29/><T45/><D78/><U76/><E76/><V24/><F24/><N who="3" m="14423" /><G0/><T82/><D82/><U105/><E105/><V17/><F17/><W5/><G19/><T7/><D7/><U16/><E16/><V77/><F77/><W117/><G117/><T104/><D104/><U85/><E85/><V23/><F23/><W115/><G115/><T90/><D90/><AGARI ba="0,1" hai="5,11,13,41,44,50,87,90,92,98,99" m="14423" machi="90" ten="30,2900,0" yaku="8,1,52,1" doraHai="38" who="3" fromWho="0" sc="282,-29,200,0,272,0,236,39" /><INIT seed="3,1,0,0,0,80" ten="253,200,272,275" oya="3" hai0="55,78,3,26,16,116,64,82,39,102,73,134,125" hai1="35,22,96,106,13,100,38,118,128,112,133,59,90" hai2="120,41,84,48,99,4,68,98,2,53,131,29,42" hai3="89,31,111,25,5,52,15,67,83,129,81,127,97"/><W21/><G127/><T47/><D116/><U121/><E112/><V114/><F114/><W20/><G129/><T76/><D3/><U9/><E121/><V104/><F68/><W107/><G67/><T103/><D125/><U119/><E35/><V6/><F104/><W92/><G107/><T66/><D134/><U61/><E38/><V28/><F131/><W57/><G111/><T43/><D55/><U65/><E128/><V75/><F75/><W8/><G21/><T7/><D7/><N who="2" m="2602" /><F2/><W85/><G97/><N who="2" m="36873" /><F120/><W117/><G117/><N who="1" m="44554" /><E133/><V74/><F74/><W132/><G132/><T88/><D76/><U122/><E122/><V23/><F23/><W63/><AGARI ba="1,0" hai="5,8,15,20,25,31,52,57,63,81,83,85,89,92" machi="63" ten="20,12000,1" yaku="0,1,7,1,8,1,52,1,54,1" doraHai="80" who="3" fromWho="3" sc="253,-41,200,-41,272,-41,275,123" owari="212,-19.0,159,-34.0,231,3.0,398,50.0" /></mjloggm>