<mjloggm ver="2.3"><GO type="97" lobby="0"/><UN n0="%E5%B0%B1%E6%B4%BB%E7%94%9F%40%E5%B7%9D%E6%9D%91%E8%BB%8D%E5%9B%A3" n1="%E3%82%88%E3%83%BC%E3%81%90%E3%82%8B%E3%81%A8" n2="%E4%B8%89%E3%83%B6%E5%B3%B6%E6%B2%99%E6%A8%B9" n3="%E3%83%91%E3%83%8B%E3%82%AA" dan="15,13,13,14" rate="2055.46,1907.57,1869.76,1869.23" sx="M,M,F,M"/><TAIKYOKU oya="0"/><INIT seed="0,0,0,0,5,58" ten="250,250,250,250" oya="0" hai0="97,31,25,39,107,42,114,96,105,55,89,30,21" hai1="130,84,133,92,11,18,65,47,35,125,69,129,29" hai2="4,87,16,134,53,74,103,33,0,9,78,120,7" hai3="54,26,135,40,24,112,90,28,22,126,122,15,8"/><T85/><BYE who="3" /><D114/><U66/><E125/><V108/><F120/><W27/><G27/><T17/><D39/><U12/><E133/><UN n3="%E3%83%91%E3%83%8B%E3%82%AA" /><V23/><F134/><W46/><G122/><T10/><D42/><U128/><E47/><V113/><F113/><W127/><G112/><T101/><D55/><U49/><E49/><V131/><F33/><W79/><G26/><T45/><D45/><U73/><E73/><V64/><F74/><W50/><G79/><T102/><REACH who="0" step="1"/><D10/><REACH who="0" ten="240,250,250,250" step="2"/><U19/><E128/><V100/><F9/><W80/><G40/><T43/><D43/><U106/><E129/><V51/><F53/><W6/><G135/><T38/><D38/><U76/><E130/><V124/><F131/><W81/><REACH who="3" step="1"/><G90/><REACH who="3" ten="240,250,250,240" step="2"/><T75/><D75/><U32/><E76/><V95/><F124/><AGARI ba="0,2" hai="6,8,15,22,24,28,46,50,54,80,81,124,126,127" machi="124" ten="40,5200,0" yaku="1,1,2,1,18,1,53,0" doraHai="58" doraHaiUra="37" who="3" fromWho="2" sc="240,0,250,0,250,-52,240,72" /><INIT seed="1,0,0,0,3,51" ten="240,250,198,312" oya="1" hai0="48,21,97,121,95,88,99,115,14,100,65,41,91" hai1="60,42,92,119,28,56,69,44,38,106,2,67,50" hai2="117,71,108,123,45,4,36,80,83,81,32,114,130" hai3="5,105,52,29,40,93,33,135,89,85,30,53,46"/><U86/><E106/><V84/><F45/><W116/><G105/><T19/><D115/><U68/><E119/><V101/><F4/><W59/><G116/><T109/><D109/><U107/><E107/><V9/><F9/><W110/><G5/><T54/><D121/><U35/><E2/><V131/><F71/><W11/><G11/><T25/><D65/><U82/><E92/><V63/><F63/><W124/><G110/><T90/><D41/><U125/><E125/><V24/><F24/><W111/><G111/><T64/><D64/><U79/><E28/><N who="3" m="10858" /><G33/><T20/><D99/><U12/><E35/><V66/><F66/><W22/><G124/><T129/><D129/><N who="2" m="49162" /><F36/><W15/><G59/><N who="0" m="33223" /><D25/><U113/><E113/><V102/><F32/><W18/><G135/><T58/><D58/><U37/><REACH who="1" step="1"/><E12/><REACH who="1" ten="240,240,198,312" step="2"/><V31/><F108/><W6/><G15/><T26/><D26/><U0/><E0/><V75/><F117/><W96/><G93/><T43/><D43/><U98/><E98/><V94/><F123/><W57/><G40/><T55/><D97/><U126/><E126/><V23/><F114/><W13/><G96/><T17/><D95/><U1/><E1/><V118/><F118/><W132/><G13/><N who="0" m="9263" /><D100/><U127/><E127/><V87/><F102/><W61/><G132/><T120/><D120/><U122/><E122/><V104/><F94/><W128/><G128/><T27/><D14/><U103/><E103/><V7/><F101/><W10/><G10/><T62/><D27/><U49/><E49/><V70/><F104/><W47/><G6/><T112/><D112/><RYUUKYOKU ba="0,1" sc="240,-10,240,30,198,-10,312,-10" hai1="37,38,42,44,50,56,60,67,68,69,79,82,86" /><INIT seed="1,1,1,5,5,36" ten="230,270,188,302" oya="1" hai0="54,1,69,116,32,55,132,112,129,21,85,127,19" hai1="59,65,119,7,133,76,16,99,51,43,45,3,134" hai2="135,79,90,97,30,20,4,121,25,10,91,46,0" hai3="63,66,122,26,81,95,42,104,17,96,102,56,23"/><U5/><E119/><V8/><F121/><W130/><G122/><T106/><RYUUKYOKU type="yao9" ba="1,1" sc="230,0,270,0,188,0,302,0" hai0="1,19,21,32,54,55,69,85,106,112,116,127,129,132" /><INIT seed="1,2,1,5,0,82" ten="230,270,188,302" oya="1" hai0="116,49,80,91,130,112,60,122,92,88,113,90,102" hai1="33,69,23,85,75,83,118,87,68,44,97,72,59" hai2="35,111,74,108,38,76,53,6,2,135,98,86,52" hai3="134,32,54,132,115,14,25,37,1,15,5,36,55"/><U30/><E118/><V96/><F74/><W17/><G115/><T120/><D116/><U93/><E33/><V103/><F38/><N who="3" m="14955" /><G1/><T7/><D7/><U24/><E69/><V40/><F35/><W84/><G5/><T21/><D21/><U45/><E68/><V13/><F2/><W107/><G107/><T70/><D49/><U67/><E72/><V34/><F34/><W12/><G32/><T3/><D3/><U64/><E75/><V31/><F31/><W114/><G25/><T57/><D70/><U29/><E29/><V16/><F6/><W99/><G99/><N who="2" m="37929" /><F40/><W71/><G17/><T28/><D28/><U0/><E0/><V95/><F135/><N who="3" m="51755" /><G71/><T101/><D130/><U100/><E83/><N who="2" m="47463" /><F95/><W58/><G114/><N who="0" m="44139" /><D92/><U11/><E11/><N who="2" m="6207" /><F103/><N who="0" m="39434" /><D122/><U66/><E59/><V63/><F63/><W129/><G58/><T41/><D57/><U20/><REACH who="1" step="1"/><E23/><REACH who="1" ten="230,260,188,302" step="2"/><V124/><F124/><W133/><G133/><T89/><D120/><U123/><E123/><V117/><F117/><W106/><G129/><T104/><D80/><U4/><E4/><V62/><F62/><W121/><G121/><T73/><D60/><U105/><E105/><V9/><F9/><W125/><G125/><T18/><D104/><U127/><E127/><V131/><F131/><W65/><G106/><T22/><D73/><U77/><E77/><V48/><F48/><W51/><G51/><T26/><D22/><U61/><E61/><V8/><F8/><W47/><G47/><AGARI ba="2,2" hai="20,24,30,44,45,47,64,66,67,85,87,93,97,100" machi="47" ten="40,12000,1" yaku="1,1,8,1,52,2,53,1" doraHai="82" doraHaiUra="27" who="1" fromWho="3" sc="230,0,260,146,188,0,302,-126" /><INIT seed="1,3,0,1,4,14" ten="230,406,188,176" oya="1" hai0="76,127,126,84,115,29,91,120,103,54,61,83,44" hai1="135,49,78,18,22,109,86,68,8,85,19,34,82" hai2="38,71,130,114,37,60,4,16,69,53,36,43,25" hai3="65,73,67,24,104,113,58,35,10,93,64,89,2"/><U116/><E116/><V77/><F77/><W27/><G104/><T119/><D115/><U62/><E34/><V13/><F130/><W124/><G73/><T121/><D119/><U31/><E135/><V30/><F4/><W79/><G113/><T125/><D29/><U129/><E129/><V110/><F110/><W74/><G124/><T32/><D32/><U50/><E109/><V92/><F114/><W100/><G100/><T3/><D3/><U33/><E33/><V107/><F107/><W88/><G79/><T23/><D23/><U96/><E68/><V11/><F43/><W108/><G74/><T26/><D26/><N who="1" m="16855" /><E62/><V17/><F92/><W66/><G108/><T6/><D6/><U1/><E1/><V134/><F134/><W90/><G93/><T5/><D5/><U133/><E133/><V131/><F131/><W98/><G98/><T59/><D103/><U101/><E8/><V56/><REACH who="2" step="1"/><F17/><REACH who="2" ten="230,406,178,176" step="2"/><W72/><G2/><T9/><D76/><U105/><E19/><V39/><N who="2" m="9216" /><DORA hai="106" /><V99/><F99/><W132/><G132/><T75/><D75/><U20/><E18/><V123/><F123/><W46/><G72/><T112/><D112/><U21/><E78/><V81/><F81/><W41/><G41/><T94/><D83/><U102/><E96/><V51/><F51/><W128/><G128/><T48/><D121/><U42/><E50/><V7/><F7/><W45/><G90/><T47/><D120/><U95/><E49/><V80/><F80/><W40/><G89/><T97/><D97/><U118/><E42/><V15/><F15/><RYUUKYOKU ba="3,1" sc="230,-10,406,-10,178,30,176,-10" hai2="11,13,16,25,30,53,56,60,69,71" /><INIT seed="2,4,1,4,3,125" ten="220,396,208,166" oya="2" hai0="7,100,124,20,47,135,45,17,72,59,37,71,117" hai1="121,38,18,51,2,1,96,84,98,22,26,111,95" hai2="55,25,46,68,110,48,52,134,0,73,81,6,79" hai3="129,44,8,87,39,102,54,97,24,70,40,113,12"/><V5/><F134/><W11/><G113/><T119/><D71/><U131/><E111/><V63/><F110/><W109/><G70/><T61/><D124/><U9/><E38/><V3/><F25/><W34/><G109/><T13/><D135/><U83/><E121/><V29/><F29/><W78/><G54/><N who="0" m="34039" /><D72/><U74/><E74/><V42/><F55/><W133/><G133/><T99/><D7/><U57/><E98/><V127/><F127/><W66/><G66/><T90/><D90/><U104/><E104/><V114/><F114/><W76/><G34/><T128/><D128/><U120/><E131/><V27/><F27/><W62/><G129/><T116/><D37/><U67/><E120/><V122/><F122/><W64/><G64/><T80/><D80/><U19/><E51/><V118/><F118/><W69/><G69/><T85/><D85/><U93/><E93/><AGARI ba="4,1" hai="13,17,20,45,47,93,99,100,116,117,119" m="34039" machi="93" ten="30,1000,0" yaku="12,1" doraHai="125" who="0" fromWho="1" sc="220,32,396,-22,208,0,166,0" /><INIT seed="3,0,0,0,4,3" ten="252,374,208,166" oya="3" hai0="0,48,55,125,47,124,86,17,68,5,52,135,29" hai1="53,120,77,88,7,98,11,54,92,132,115,38,78" hai2="117,34,95,87,116,30,28,105,107,39,71,134,40" hai3="99,31,70,66,9,4,57,50,36,90,82,19,1"/><W27/><G36/><T64/><D135/><U84/><E115/><V100/><F87/><W8/><G70/><T111/><D111/><U122/><E38/><V110/><F95/><W20/><G9/><N who="0" m="2215" /><D29/><U127/><E132/><V35/><F100/><W126/><G126/><N who="0" m="48747" /><D86/><U62/><E84/><V33/><F134/><W6/><G82/><T58/><D17/><U21/><E21/><V43/><F39/><W49/><G31/><N who="2" m="11817" /><F110/><W18/><G18/><T45/><D55/><U102/><E54/><V121/><F121/><W13/><G1/><T114/><D114/><U15/><E53/><V25/><F25/><W65/><G6/><T67/><D68/><U79/><E120/><V94/><F71/><W63/><REACH who="3" step="1"/><G66/><AGARI ba="0,0" hai="45,47,48,52,58,64,66,67" m="48747,2215" machi="66" ten="30,3900,0" yaku="18,1,52,1,54,1" doraHai="3" who="0" fromWho="3" sc="252,39,374,0,208,0,166,-39" owari="291,9.0,374,47.0,208,-19.0,127,-37.0" /></mjloggm>