<mjloggm ver="2.3"><GO type="169" lobby="0"/><UN n0="%53%55%50%45%52%43%41%52" n1="%E5%B0%B1%E6%B4%BB%E7%94%9F%40%E5%B7%9D%E6%9D%91%E8%BB%8D%E5%9B%A3" n2="%E9%87%8C%E4%B8%AD%E4%BA%9C%E7%9F%A2%E5%AD%90" n3="%6D%6F%74%69%37%32%2E%2E" dan="17,17,16,16" rate="2170.44,2081.78,2074.32,2089.15" sx="M,M,F,M"/><TAIKYOKU oya="0"/><INIT seed="0,0,0,1,4,100" ten="250,250,250,250" oya="0" hai0="9,90,48,67,42,4,53,16,36,104,68,41,1" hai1="38,39,54,3,105,20,46,5,27,109,117,113,87" hai2="59,77,49,111,131,124,32,70,82,37,34,74,129" hai3="22,119,108,103,91,86,118,26,128,7,126,61,55"/><T18/><D104/><U17/><E117/><V2/><F111/><W12/><G108/><T33/><D33/><U58/><E109/><V115/><F115/><W98/><G128/><N who="2" m="49225" /><F70/><W125/><G12/><T123/><D123/><U35/><E35/><N who="2" m="13355" /><F37/><W133/><G7/><T97/><D36/><U116/><E105/><V132/><F2/><W43/><G43/><T110/><D110/><U92/><E116/><V29/><F29/><W14/><G14/><N who="0" m="5415" /><D67/><U51/><E3/><V93/><F132/><W76/><G76/><T135/><D68/><U79/><E5/><V8/><F124/><N who="3" m="47723" /><G133/><T96/><D135/><U73/><E73/><V57/><F8/><W69/><G69/><T63/><D1/><U60/><E113/><V50/><F93/><N who="3" m="54519" /><G61/><T112/><D63/><U99/><E39/><V28/><F28/><N who="3" m="17495" /><G55/><T13/><D112/><U66/><E38/><V78/><F78/><W120/><G120/><T81/><D42/><U15/><E79/><V0/><F0/><W23/><G23/><N who="0" m="11663" /><D41/><U83/><E83/><V94/><F94/><AGARI ba="0,0" hai="94,98,103,118,119" m="17495,54519,47723" machi="94" ten="30,1000,0" yaku="18,1" doraHai="100" who="3" fromWho="2" sc="250,0,250,0,250,-10,250,10" /><INIT seed="1,0,0,3,5,74" ten="250,250,240,260" oya="1" hai0="51,53,112,91,105,19,64,54,33,107,114,1,5" hai1="134,80,130,120,101,52,83,44,127,61,30,20,11" hai2="34,115,126,92,42,82,49,18,124,36,56,85,55" hai3="103,132,48,118,10,2,119,6,106,117,75,69,14"/><U50/><E120/><V7/><F34/><W67/><G132/><T102/><D33/><U73/><E127/><N who="2" m="48683" /><F7/><W21/><G48/><T104/><D102/><U62/><E134/><V98/><F115/><W45/><G45/><T95/><D64/><U24/><E130/><V84/><F18/><N who="3" m="10455" /><G75/><T87/><D54/><U0/><E101/><N who="2" m="60615" /><F82/><W111/><G111/><T17/><D5/><U15/><E0/><V77/><F77/><W16/><G16/><T123/><D1/><U63/><REACH who="1" step="1"/><E73/><REACH who="1" ten="250,240,240,260" step="2"/><V113/><F113/><W128/><G128/><T37/><D123/><U94/><E94/><V99/><F99/><W100/><G106/><T70/><D112/><U25/><E25/><V76/><F85/><W81/><G81/><T58/><D114/><U13/><E13/><V47/><F84/><W108/><G108/><T79/><D105/><U65/><E65/><V97/><F97/><W122/><G122/><T133/><D104/><U72/><E72/><V4/><F76/><W121/><G121/><T125/><D79/><U27/><E27/><V38/><F4/><AGARI ba="0,1" hai="4,11,15,20,24,30,44,50,52,61,62,63,80,83" machi="4" ten="40,7700,0" yaku="1,1,8,1,54,1,53,0" doraHai="74" doraHaiUra="39" who="1" fromWho="2" sc="250,0,240,87,240,-77,260,0" /><INIT seed="1,1,0,2,1,129" ten="250,327,163,260" oya="1" hai0="28,98,56,135,90,47,118,111,48,94,74,100,102" hai1="21,134,126,17,99,30,14,69,50,62,110,29,18" hai2="51,26,4,49,95,23,52,92,54,131,57,12,97" hai3="107,109,32,36,101,9,87,70,55,35,121,83,34"/><U0/><E0/><V60/><F131/><W106/><G36/><T86/><D118/><U105/><E126/><V68/><F68/><W119/><G121/><T1/><D1/><U8/><E110/><V117/><F117/><W41/><G41/><T116/><D116/><U127/><E127/><V65/><F92/><W64/><G119/><T25/><D111/><U130/><E130/><V53/><F12/><W73/><G73/><T7/><D7/><U91/><E50/><V85/><F85/><W80/><G55/><T66/><D74/><U79/><E79/><V113/><F4/><W103/><G9/><T59/><D66/><U13/><E69/><V19/><REACH who="2" step="1"/><F113/><REACH who="2" ten="250,327,153,260" step="2"/><W45/><G87/><T81/><D86/><U72/><E72/><V43/><F43/><W46/><G70/><T88/><D94/><U71/><E105/><V11/><F11/><W31/><G109/><T108/><D108/><U16/><E14/><V122/><F122/><W82/><G106/><T2/><D2/><U61/><E71/><V124/><F124/><W89/><G107/><T38/><D98/><U76/><E8/><V133/><F133/><W24/><G80/><T84/><D135/><U123/><E134/><V128/><F128/><W114/><G82/><T20/><D81/><U42/><E123/><V37/><F37/><W78/><G114/><T10/><D38/><U3/><E42/><V15/><F15/><W6/><G6/><T40/><D10/><U75/><E13/><V22/><F22/><N who="3" m="15767" /><G83/><T120/><D120/><U96/><E75/><V5/><F5/><W63/><G35/><RYUUKYOKU ba="1,1" sc="250,-10,327,-10,153,30,260,-10" hai2="19,23,26,49,51,52,53,54,57,60,65,95,97" /><INIT seed="2,2,1,0,4,16" ten="240,317,183,250" oya="2" hai0="72,55,112,93,49,103,98,132,110,115,89,37,3" hai1="43,47,50,31,0,101,123,90,104,74,20,111,4" hai2="45,83,85,119,32,102,100,46,41,34,109,11,62" hai3="19,42,59,76,39,26,117,22,33,71,70,130,135"/><V97/><F119/><W15/><G117/><T65/><D37/><U87/><E74/><V113/><F113/><W27/><G130/><T84/><D72/><U129/><E129/><V18/><F62/><W57/><G76/><T94/><D3/><U88/><E111/><V125/><F125/><W79/><G79/><T92/><D110/><U29/><E123/><V17/><F109/><W114/><G114/><T124/><D124/><U77/><E0/><V118/><F118/><W36/><G135/><T105/><D132/><U61/><E4/><V107/><F102/><W52/><G57/><T126/><D126/><U134/><E134/><V63/><F63/><W56/><G56/><T35/><D35/><U6/><E6/><V128/><F128/><W99/><G99/><T58/><REACH who="0" step="1"/><D65/><REACH who="0" ten="230,317,183,250" step="2"/><U64/><E64/><V10/><F34/><W75/><G75/><T127/><D127/><U91/><E104/><V24/><F32/><W67/><G67/><T96/><D96/><U108/><E108/><V82/><F97/><W21/><G39/><T120/><D120/><U12/><E87/><V121/><F121/><W73/><G73/><T1/><D1/><U25/><E101/><V48/><F85/><W40/><G36/><T38/><D38/><U7/><E61/><V78/><F100/><W106/><G106/><T9/><D9/><N who="1" m="4159" /><E77/><V53/><F107/><W44/><G33/><T133/><D133/><U116/><E116/><V8/><F78/><W51/><G51/><T131/><D131/><U23/><E90/><V86/><F86/><W69/><G22/><T5/><D5/><RYUUKYOKU ba="2,2" sc="230,15,317,15,183,-15,250,-15" hai0="49,55,58,84,89,92,93,94,98,103,105,112,115" hai1="20,23,25,29,31,43,47,50,88,91" /><INIT seed="3,3,2,5,1,28" ten="245,332,168,235" oya="3" hai0="119,67,129,83,125,36,131,22,32,127,54,79,0" hai1="44,108,105,40,81,7,107,27,37,84,8,14,25" hai2="97,101,74,68,21,18,82,70,111,42,98,116,38" hai3="3,90,59,106,6,33,115,62,64,31,60,23,71"/><W12/><G106/><T88/><D119/><U53/><E108/><V118/><F111/><W128/><G115/><T56/><D36/><U114/><E114/><V9/><F97/><W95/><G128/><N who="0" m="49227" /><D0/><U89/><E107/><V43/><F9/><W93/><G3/><T57/><D32/><U120/><E120/><V113/><F113/><W103/><G103/><T65/><D22/><U122/><E122/><V19/><F74/><W104/><G104/><T77/><D88/><U16/><E105/><V135/><F135/><W112/><G112/><T30/><D30/><U13/><E53/><V130/><F98/><W63/><G33/><T109/><D109/><U35/><E35/><V96/><F130/><W5/><G93/><T102/><D102/><U78/><E89/><V133/><F133/><W80/><G80/><T58/><D54/><U134/><E134/><V121/><F121/><W10/><G5/><T55/><D55/><U41/><E41/><V51/><F82/><W61/><G71/><T91/><D91/><U24/><E24/><V4/><F4/><W45/><G45/><T117/><D117/><U124/><E124/><N who="0" m="47689" /><D83/><U2/><E2/><V48/><F96/><N who="3" m="57463" /><G31/><T26/><D26/><U52/><E52/><V15/><F101/><W72/><G23/><AGARI ba="3,2" hai="7,8,13,14,16,23,25,27,37,40,44,78,81,84" machi="23" ten="30,2000,0" yaku="7,1,54,1" doraHai="28" who="1" fromWho="3" sc="245,0,332,49,168,0,235,-29" /><INIT seed="4,0,0,3,5,103" ten="245,381,168,206" oya="0" hai0="16,99,73,62,79,81,57,56,124,8,108,119,45" hai1="131,105,23,122,121,12,91,6,130,19,2,133,98" hai2="69,13,11,63,55,27,125,20,28,25,67,52,49" hai3="43,129,51,39,40,74,14,59,135,48,4,15,77"/><T65/><D119/><U114/><E2/><V102/><F125/><W87/><G39/><T123/><D123/><U32/><E32/><V29/><F102/><W97/><G74/><T10/><D124/><U50/><E6/><V5/><REACH who="2" step="1"/><F49/><REACH who="2" ten="245,381,158,206" step="2"/><W117/><G51/><T0/><D108/><U101/><E50/><V80/><F80/><W7/><G48/><T66/><D81/><U107/><E122/><V110/><F110/><W9/><G117/><T44/><D45/><U33/><E121/><V75/><F75/><W92/><G129/><T68/><D73/><U127/><E101/><V3/><F3/><W17/><G135/><T36/><D0/><U94/><E127/><V90/><F90/><W70/><G77/><T53/><D79/><U78/><E78/><V46/><F46/><W113/><G113/><T126/><D126/><U106/><E133/><V82/><F82/><W22/><G43/><T34/><D44/><U88/><E114/><V128/><F128/><N who="1" m="49193" /><E91/><V72/><F72/><W1/><G40/><T37/><D36/><U71/><E33/><AGARI ba="0,1" hai="5,11,13,20,25,27,28,29,33,52,55,63,67,69" machi="33" ten="30,7700,0" yaku="1,1,7,1,54,1,53,1" doraHai="103" doraHaiUra="30" who="2" fromWho="1" sc="245,0,381,-77,158,87,206,0" /><INIT seed="5,0,0,5,5,54" ten="245,304,245,206" oya="1" hai0="126,68,82,44,28,39,87,33,93,3,67,51,0" hai1="7,27,80,53,89,18,109,118,124,101,42,104,129" hai2="64,116,25,83,26,107,84,49,91,117,15,86,75" hai3="131,23,66,61,21,74,77,105,38,46,11,8,29"/><U79/><E118/><V31/><F75/><W122/><G105/><T24/><D39/><U78/><E109/><V106/><F64/><W134/><G122/><T50/><D126/><U130/><E42/><V37/><F37/><W69/><G131/><T22/><D51/><U132/><E7/><V45/><F15/><W41/><G134/><T100/><D33/><U60/><E132/><V102/><F102/><W10/><REACH who="3" step="1"/><G29/><REACH who="3" ten="245,304,245,196" step="2"/><T115/><D28/><U55/><E104/><V36/><F31/><W120/><G120/><T81/><D115/><U52/><E124/><V35/><F107/><W92/><G92/><T114/><D93/><U47/><E130/><V16/><F106/><W119/><G119/><T96/><D114/><U6/><E129/><V20/><F117/><W113/><G113/><T110/><D110/><U63/><E6/><V56/><F116/><W1/><G1/><T2/><D3/><U70/><E80/><AGARI ba="0,1" hai="8,10,11,21,23,38,41,46,61,66,69,74,77,80" machi="80" ten="40,5200,0" yaku="1,1,53,2" doraHai="54" doraHaiUra="17" who="3" fromWho="1" sc="245,0,304,-52,245,0,196,62" /><INIT seed="6,0,0,0,4,89" ten="245,252,245,258" oya="2" hai0="48,65,129,115,99,28,34,26,40,58,94,123,7" hai1="0,84,47,82,116,41,32,5,131,43,69,62,75" hai2="125,73,93,16,88,114,112,113,67,2,10,80,71" hai3="25,70,104,39,17,4,27,74,54,46,51,12,6"/><V18/><F125/><W86/><G74/><T119/><D123/><U87/><E116/><V79/><F67/><W72/><G72/><T45/><D119/><U135/><E43/><V50/><F71/><W3/><G104/><T110/><D110/><U29/><E135/><V78/><F78/><W128/><G70/><T37/><D115/><U107/><E107/><V15/><F50/><W53/><G39/><T101/><D129/><U132/><E132/><V103/><F103/><W59/><G86/><T83/><D83/><U118/><E131/><V124/><F2/><W57/><G46/><T98/><D7/><N who="3" m="2601" /><G3/><T11/><D11/><N who="1" m="2471" /><E118/><V76/><F76/><W20/><G128/><T8/><D8/><U44/><E44/><V117/><F124/><W95/><G95/><T33/><D98/><U63/><E69/><V64/><F117/><W61/><AGARI ba="0,0" hai="12,17,20,25,27,51,53,54,57,59,61" m="2601" machi="61" ten="30,1100,0" yaku="8,1" doraHai="89" who="3" fromWho="3" sc="245,-3,252,-3,245,-5,258,11" /><INIT seed="7,0,0,2,4,120" ten="242,249,240,269" oya="3" hai0="104,59,109,133,53,117,12,99,84,34,60,77,76" hai1="103,16,62,106,41,124,127,83,21,57,69,115,123" hai2="38,130,25,56,74,71,46,55,129,122,11,0,23" hai3="112,131,67,13,90,7,88,42,28,33,114,6,52"/><W80/><G131/><N who="2" m="50185" /><F71/><W17/><G67/><T27/><D117/><U39/><E123/><V44/><F122/><W50/><G42/><T30/><D133/><U94/><E69/><V24/><F74/><W89/><G80/><T29/><D29/><U26/><E106/><V101/><F101/><W98/><G98/><T3/><D3/><U45/><E115/><N who="3" m="44074" /><G28/><T61/><D99/><U36/><E83/><V65/><F65/><W32/><G7/><T64/><D64/><U37/><E94/><V125/><F125/><N who="1" m="48201" /><E103/><V92/><F92/><W87/><G87/><T1/><D84/><U134/><E134/><V100/><F100/><W22/><G6/><T91/><D104/><U82/><E82/><V110/><F110/><W48/><G48/><T79/><D109/><U31/><E31/><N who="2" m="17823" /><F25/><W73/><G73/><T2/><D27/><U63/><E63/><N who="2" m="36255" /><F38/><W108/><G108/><T19/><D30/><U113/><E113/><V135/><F135/><W102/><G102/><T107/><D107/><U86/><E86/><V68/><F68/><W132/><G132/><T51/><D60/><U78/><E78/><V20/><F20/><W4/><G4/><AGARI ba="0,0" hai="0,4,11,44,46" m="36255,17823,50185" machi="4" ten="30,1000,0" yaku="19,1" doraHai="120" who="2" fromWho="3" sc="242,0,249,0,240,10,269,-10" /><INIT seed="8,0,0,3,2,97" ten="242,249,250,259" oya="0" hai0="30,82,125,67,24,32,122,77,117,12,105,16,58" hai1="123,113,48,115,43,56,88,39,52,124,80,72,27" hai2="26,60,108,61,46,96,40,1,0,37,31,121,100" hai3="93,19,47,3,8,2,129,44,83,110,63,85,114"/><T74/><D122/><U17/><E124/><V50/><F121/><W106/><G110/><T20/><D105/><U34/><E123/><V92/><F37/><W99/><G106/><T81/><D125/><U69/><E69/><V104/><F108/><W109/><G109/><T78/><D117/><U87/><E72/><V65/><F60/><W45/><G114/><N who="1" m="43530" /><E17/><V102/><F102/><N who="3" m="60783" /><G3/><T130/><D130/><U11/><E11/><V120/><F120/><W18/><G2/><T7/><D7/><U86/><E86/><V89/><F89/><N who="3" m="51391" /><G8/><T91/><D91/><U64/><E64/><V73/><F73/><W134/><G134/><T112/><D112/><U29/><E43/><V70/><F92/><W128/><G63/><T131/><D131/><AGARI ba="0,0" hai="18,19,44,45,47,128,129,131" m="51391,60783" machi="131" ten="30,2000,0" yaku="19,1,52,1" doraHai="97" who="3" fromWho="0" sc="242,-20,249,0,250,0,259,20" /><INIT seed="9,0,0,5,5,108" ten="222,249,250,279" oya="1" hai0="49,132,91,80,74,56,88,28,15,14,77,57,44" hai1="2,100,63,96,86,66,5,115,60,72,38,111,52" hai2="129,24,4,40,50,128,87,9,21,11,94,55,114" hai3="85,1,82,22,122,65,69,113,10,39,125,99,62"/><U46/><E111/><V16/><F40/><W83/><G113/><T93/><D132/><U84/><E72/><V106/><F106/><W126/><G39/><T118/><D118/><U105/><E115/><V119/><F119/><W31/><G122/><T30/><D91/><U124/><E124/><V76/><F114/><W70/><G70/><T117/><D117/><U89/><E84/><V101/><F101/><W26/><G99/><T8/><D28/><U92/><E66/><V37/><F37/><W102/><G102/><T95/><D95/><U127/><E127/><N who="3" m="48650" /><G85/><N who="0" m="48271" /><D30/><U134/><E134/><V103/><F103/><W12/><G1/><T25/><D25/><U98/><E98/><V120/><F120/><W53/><G53/><N who="0" m="29863" /><D74/><U17/><E38/><V42/><F94/><W68/><G68/><T131/><D131/><N who="2" m="50250" /><F42/><W51/><G82/><T36/><D36/><U48/><REACH who="1" step="1"/><E17/><REACH who="1" ten="222,239,250,279" step="2"/><V110/><F110/><W64/><G64/><T0/><D0/><U34/><E34/><V29/><F16/><W130/><G65/><T112/><D112/><U79/><E79/><V109/><F109/><W6/><G130/><T43/><D43/><U90/><E90/><V58/><F4/><W71/><G6/><N who="0" m="3351" /><D15/><U75/><E75/><V61/><F76/><W121/><G12/><T123/><D123/><U135/><E135/><V47/><F87/><AGARI ba="0,1" hai="56,57,87,88,93" m="3351,29863,48271" machi="87" ten="30,2000,0" yaku="8,1,54,1" doraHai="108" who="0" fromWho="2" sc="222,30,239,0,250,-20,279,0" /><INIT seed="10,0,0,1,3,118" ten="252,239,230,279" oya="2" hai0="90,31,9,46,10,84,23,99,101,32,75,106,54" hai1="81,48,13,43,76,51,25,92,41,12,36,112,95" hai2="68,82,42,45,120,102,65,122,15,78,5,50,119" hai3="53,110,125,7,11,97,135,4,47,116,124,60,52"/><V3/><F119/><W115/><G110/><T111/><D75/><U100/><E112/><V18/><F102/><W66/><G116/><T62/><D32/><U91/><E100/><V117/><F117/><W79/><G135/><T129/><D111/><U24/><E36/><V72/><F3/><W132/><G132/><T133/><D133/><U29/><E29/><V94/><F94/><N who="1" m="35881" /><E91/><V121/><F5/><W63/><G97/><T126/><D129/><U56/><E76/><V38/><F65/><W27/><G79/><T114/><D114/><U70/><E70/><V28/><F28/><W34/><G34/><T59/><D126/><U88/><E56/><V17/><F68/><W58/><G115/><T127/><D127/><U19/><E13/><V33/><F33/><W61/><G58/><T128/><D128/><U89/><E51/><V35/><F35/><W83/><G124/><T103/><D103/><U98/><E98/><V67/><F67/><W107/><G66/><T87/><D90/><N who="1" m="34923" /><E81/><V80/><F80/><W105/><G83/><T55/><D84/><U71/><E71/><V14/><REACH who="2" step="1"/><F38/><REACH who="2" ten="252,239,220,279" step="2"/><W64/><G125/><T8/><D31/><U40/><E48/><V20/><F20/><AGARI ba="0,1" hai="12,19,20,24,25,40,41,43" m="34923,35881" machi="20" ten="30,2000,0" yaku="8,1,54,1" doraHai="118" who="1" fromWho="2" sc="252,0,239,30,220,-20,279,0" /><INIT seed="11,0,0,1,5,60" ten="252,269,200,279" oya="3" hai0="85,89,46,31,132,72,6,18,114,32,54,70,24" hai1="109,135,100,105,91,23,103,30,73,75,127,14,97" hai2="82,123,28,78,29,45,99,81,39,52,9,58,20" hai3="40,53,12,8,41,7,80,59,68,1,62,65,129"/><W96/><G129/><T115/><D72/><U11/><E109/><V37/><F123/><W88/><G1/><T10/><D70/><U42/><E103/><V49/><F9/><W43/><G80/><N who="0" m="49319" /><D132/><U121/><E121/><V16/><F99/><W117/><G117/><T110/><D110/><U106/><E106/><V19/><F37/><W108/><G108/><T120/><D120/><U71/><E71/><V64/><F19/><W4/><G68/><T94/><D94/><U118/><E42/><N who="2" m="24759" /><F39/><W124/><G124/><T48/><D6/><U92/><E118/><V51/><F64/><W66/><G7/><T17/><D18/><U13/><E135/><V47/><F47/><W128/><G128/><T26/><D26/><U79/><E127/><V50/><F50/><W74/><G74/><T22/><D32/><U107/><E107/><V21/><F21/><W90/><G90/><T55/><D55/><U34/><E34/><V112/><F112/><W15/><G15/><AGARI ba="0,0" hai="10,15,17,22,24,31,46,48,54,114,115" m="49319" machi="15" ten="30,1000,0" yaku="25,1" doraHai="60" who="0" fromWho="3" sc="252,10,269,0,200,0,279,-10" owari="262,-14.0,269,37.0,200,-30.0,269,7.0" /></mjloggm>