<mjloggm ver="2.3"><GO type="97" lobby="0"/><UN n0="%6B%61%6B%65%72%75%2E%6D" n1="%E4%B8%8A%E6%9D%89%E8%AC%99%E7%8F%8D" n2="%E5%B0%B1%E6%B4%BB%E7%94%9F%40%E5%B7%9D%E6%9D%91%E8%BB%8D%E5%9B%A3" n3="%E3%81%A9%E3%81%B6%E3%81%B8%E3%81%84" dan="14,15,15,14" rate="1876.29,2003.11,2023.95,1992.12" sx="M,M,M,M"/><TAIKYOKU oya="0"/><INIT seed="0,0,0,0,1,16" ten="250,250,250,250" oya="0" hai0="109,118,5,130,103,20,100,43,93,113,107,72,131" hai1="110,66,126,53,24,114,52,79,116,47,60,55,98" hai2="76,23,59,84,56,2,19,49,128,38,119,4,22" hai3="73,9,115,120,96,46,21,44,108,62,6,105,70"/><T75/><D5/><U67/><E116/><V99/><F38/><W18/><G115/><T35/><D35/><U7/><E114/><V11/><F119/><W3/><G73/><N who="0" m="28235" /><D118/><U71/><E79/><V61/><F128/><N who="0" m="49194" /><D113/><U69/><E7/><V45/><F99/><W68/><G108/><T58/><D109/><U48/><E110/><V31/><F31/><W102/><G120/><T40/><D107/><U97/><E126/><V10/><F10/><W88/><G70/><N who="1" m="26634" /><E24/><V85/><F59/><W80/><G68/><T111/><D111/><U65/><E98/><V14/><F76/><W123/><G62/><T90/><D58/><N who="1" m="37015" /><E97/><V91/><F91/><W34/><G34/><T17/><D100/><U63/><E63/><V28/><F28/><W25/><G123/><T64/><D103/><U92/><E92/><V87/><F2/><W86/><AGARI ba="0,0" hai="3,6,9,18,21,25,44,46,80,86,88,96,102,105" machi="86" ten="30,4000,0" yaku="0,1,52,1,54,1" doraHai="16" who="3" fromWho="3" sc="250,-20,250,-10,250,-10,250,40" /><INIT seed="1,0,0,2,4,110" ten="230,240,240,290" oya="1" hai0="53,48,64,105,83,124,74,47,0,23,107,15,40" hai1="44,50,89,77,67,90,121,111,54,68,112,132,108" hai2="57,59,55,29,103,30,6,51,101,25,39,18,97" hai3="87,72,11,109,118,10,102,84,116,41,4,26,19"/><U45/><E121/><V42/><F6/><W61/><G109/><N who="1" m="42058" /><E132/><V76/><F76/><W80/><G72/><T91/><D124/><U14/><E77/><V82/><F82/><W88/><G102/><T34/><D34/><U36/><E14/><V122/><F122/><W95/><G41/><T69/><D0/><U99/><E99/><V46/><F59/><W35/><G61/><T81/><D81/><U134/><E134/><V49/><F39/><W131/><G131/><T13/><D13/><U120/><E120/><V20/><REACH who="2" step="1"/><F101/><REACH who="2" ten="230,240,230,290" step="2"/><W7/><G4/><T130/><D130/><U28/><E36/><V60/><F60/><W98/><G7/><T2/><D2/><U56/><E89/><V129/><F129/><W128/><G128/><T73/><D91/><U113/><E90/><V9/><F9/><W52/><G10/><T38/><D83/><U85/><E85/><V127/><F127/><W93/><G11/><T12/><D74/><U78/><E78/><V22/><F22/><N who="3" m="13663" /><G35/><T32/><D73/><U125/><E125/><V126/><F126/><W37/><G37/><T66/><D32/><U3/><E3/><V24/><F24/><W94/><G84/><T63/><D23/><U8/><E8/><V133/><F133/><W1/><G1/><T115/><D115/><N who="1" m="44107" /><E28/><V92/><AGARI ba="0,1" hai="18,20,25,29,30,42,46,49,51,55,57,92,97,103" machi="92" ten="20,5200,0" yaku="1,1,0,1,7,1,8,1,53,0" doraHai="110" doraHaiUra="86" who="2" fromWho="2" sc="230,-13,240,-26,230,62,290,-13" /><INIT seed="2,0,0,4,0,54" ten="217,214,292,277" oya="2" hai0="19,125,94,46,86,5,130,2,1,122,75,92,64" hai1="65,71,74,127,32,109,12,102,119,61,78,87,132" hai2="30,68,39,28,21,126,131,26,133,113,17,45,99" hai3="50,83,66,55,0,52,82,41,108,95,9,135,111"/><V59/><F68/><W33/><G33/><T20/><D122/><U11/><E119/><V7/><F113/><W79/><G135/><T100/><D75/><U84/><E132/><V67/><F133/><W103/><G66/><T85/><D125/><U48/><E32/><V36/><F126/><W24/><G24/><T89/><D130/><U40/><E127/><V27/><F131/><W97/><G41/><T96/><D5/><U58/><E109/><N who="3" m="42058" /><G79/><T106/><D64/><U22/><E71/><V80/><F7/><N who="3" m="1255" /><G55/><T112/><D112/><U72/><E22/><V118/><F118/><W101/><G101/><T110/><D110/><U4/><E102/><V57/><F67/><W31/><G31/><N who="2" m="11817" /><F39/><W105/><G105/><T124/><D124/><U63/><E63/><V6/><F6/><W37/><G37/><T60/><D60/><U104/><E104/><V81/><F36/><W70/><G70/><T18/><D46/><AGARI ba="0,0" hai="46,50,52,82,83,95,97,103" m="1255,42058" machi="46" ten="30,2000,0" yaku="14,1,54,1" doraHai="54" who="3" fromWho="0" sc="217,-20,214,0,292,0,277,20" /><INIT seed="3,0,0,0,2,81" ten="197,214,292,297" oya="3" hai0="108,4,61,17,130,119,31,111,124,135,11,99,25" hai1="123,71,94,77,48,96,28,125,53,121,26,46,5" hai2="134,33,92,64,9,90,107,79,7,19,70,22,14" hai3="116,55,23,87,74,80,27,16,115,2,58,100,34"/><W97/><G115/><T101/><D119/><U12/><E71/><V56/><F107/><W66/><G116/><T52/><D124/><U104/><E125/><V63/><F134/><W112/><G112/><T20/><D135/><U37/><E104/><V18/><F33/><W15/><G74/><T132/><D132/><U42/><E77/><V85/><F79/><W76/><G66/><T0/><D130/><U38/><E38/><V84/><F70/><W40/><G40/><T131/><D131/><U6/><E12/><N who="2" m="9543" /><F84/><W3/><G34/><T43/><D43/><U75/><E75/><V127/><F127/><W59/><G15/><T30/><D61/><U50/><E37/><V113/><F113/><W54/><G54/><T120/><D120/><U114/><E114/><V89/><F89/><W49/><G59/><T83/><D83/><U73/><E73/><V133/><F133/><W95/><AGARI ba="0,0" hai="2,3,16,23,27,49,55,58,76,80,87,95,97,100" machi="95" ten="20,7800,0" yaku="0,1,7,1,52,1,54,1" doraHai="81" who="3" fromWho="3" sc="197,-26,214,-26,292,-26,297,78" owari="171,-33.0,188,-21.0,266,7.0,375,47.0" /></mjloggm>