<mjloggm ver="2.3"><GO type="41" lobby="0"/><UN n0="%E5%8C%97%E3%81%AE%E5%AF%BE%E5%AD%90%E8%90%BD%E3%81%A8%E3%81%97" n1="%E3%81%BD%E3%82%93%E3%81%8B%E3%82%93" n2="%E5%B0%B1%E6%B4%BB%E7%94%9F%40%E5%B7%9D%E6%9D%91%E8%BB%8D%E5%9B%A3" n3="%E3%81%AD%E3%81%93%E3%81%90%E3%82%8B%E3%81%84%E7%BE%8E%E5%A5%88%E5%AD%90" dan="15,13,15,14" rate="1957.45,1859.16,1992.24,1823.93" sx="M,M,M,M"/><TAIKYOKU oya="0"/><INIT seed="0,0,0,4,2,77" ten="250,250,250,250" oya="0" hai0="135,11,104,12,0,52,26,74,72,42,41,65,131" hai1="2,106,116,82,101,30,44,36,66,9,50,43,110" hai2="105,108,54,51,99,124,91,83,86,95,88,107,53" hai3="121,94,134,60,3,112,25,48,15,98,1,130,129"/><T70/><D104/><U120/><E116/><V37/><F37/><W49/><G121/><T119/><D119/><U113/><E120/><V84/><F124/><W100/><G112/><T39/><D0/><N who="3" m="73" /><G25/><T67/><D131/><N who="3" m="50185" /><G134/><T85/><D74/><U29/><E110/><V111/><F54/><W62/><G15/><T115/><D72/><U90/><E113/><V63/><F63/><AGARI ba="0,0" hai="48,49,60,62,63,94,98,100" m="50185,73" machi="63" ten="30,1000,0" yaku="19,1" doraHai="77" who="3" fromWho="2" sc="250,0,250,0,250,-10,250,10" /><INIT seed="1,0,0,2,4,123" ten="250,250,240,260" oya="1" hai0="87,131,95,10,35,114,57,128,82,46,126,62,49" hai1="112,118,110,77,23,27,1,58,12,4,26,99,107" hai2="39,63,9,85,102,30,109,0,51,120,75,67,119" hai3="73,15,104,11,98,22,40,115,124,29,16,121,105"/><U66/><E118/><V81/><F39/><W129/><G115/><T127/><D35/><U96/><E112/><V80/><F30/><W54/><G73/><T32/><D32/><U34/><E107/><V47/><F75/><W45/><G121/><T3/><D95/><U130/><E130/><N who="0" m="49705" /><D10/><U64/><E77/><V2/><F120/><W24/><G124/><T79/><D3/><U116/><E116/><V90/><F119/><W56/><G98/><T61/><D114/><U88/><E1/><V6/><F102/><W72/><G72/><T100/><D100/><U93/><E34/><V25/><F25/><W48/><REACH who="3" step="1"/><G129/><REACH who="3" ten="250,250,240,250" step="2"/><T133/><D133/><U108/><E99/><V36/><F2/><W33/><G33/><T5/><D127/><U21/><E4/><V94/><F36/><AGARI ba="0,1" hai="11,15,16,22,24,29,36,40,45,48,54,56,104,105" machi="36" ten="30,3900,0" yaku="1,1,7,1,54,1,53,0" doraHai="123" doraHaiUra="83" who="3" fromWho="2" sc="250,0,250,0,240,-39,250,49" /><INIT seed="2,0,0,4,1,24" ten="250,250,201,299" oya="2" hai0="86,102,58,129,121,124,48,45,22,3,92,33,70" hai1="32,132,29,112,16,87,30,61,55,60,122,89,68" hai2="80,115,95,83,114,97,53,111,28,96,84,116,47" hai3="27,4,104,94,62,7,64,49,85,39,126,2,65"/><V134/><F116/><W98/><G104/><T107/><D70/><U50/><E112/><V109/><F28/><W118/><G39/><T6/><D33/><U82/><E132/><V100/><F47/><W79/><G2/><T101/><D121/><U78/><E122/><V40/><F40/><W71/><G71/><T117/><D129/><U105/><E105/><N who="2" m="63623" /><F53/><W46/><G126/><T113/><D124/><U90/><E32/><V128/><F134/><W21/><G85/><T9/><D113/><N who="2" m="43018" /><F128/><W54/><G79/><T37/><D117/><U12/><E68/><V25/><F25/><W110/><G110/><N who="2" m="41993" /><F84/><W119/><G64/><T26/><D37/><U42/><E42/><V106/><F106/><W66/><G66/><T72/><D107/><U131/><E60/><V20/><F20/><W63/><G63/><T44/><D44/><N who="1" m="28103" /><E61/><V130/><F130/><W5/><G119/><T127/><D58/><U76/><E131/><V74/><F74/><W67/><G118/><T57/><D57/><U41/><E41/><V34/><F34/><W123/><G62/><T35/><D72/><U31/><E76/><V11/><F11/><AGARI ba="0,0" hai="11,12,16,29,30,31,78,82,87,89,90" m="28103" machi="11" ten="30,8000,1" yaku="8,1,52,3,54,1" doraHai="24" who="1" fromWho="2" sc="250,0,250,80,201,-80,299,0" /><INIT seed="3,0,0,1,0,74" ten="250,330,121,299" oya="3" hai0="30,35,117,17,91,71,69,68,64,86,37,2,25" hai1="34,29,90,104,85,83,119,14,46,120,132,97,133" hai2="55,20,72,61,105,40,21,6,44,10,9,111,109" hai3="88,66,131,73,31,70,134,16,118,95,67,135,5"/><W23/><G31/><T107/><D107/><U123/><E34/><V106/><F72/><W19/><G118/><T80/><D37/><U18/><E29/><V41/><F55/><W58/><G70/><T65/><D117/><U48/><E119/><V100/><F44/><W28/><G73/><T3/><REACH who="0" step="1"/><D17/><REACH who="0" ten="240,330,121,299" step="2"/><U8/><E120/><V45/><F45/><W87/><G131/><T63/><D63/><U43/><E123/><V81/><F6/><W130/><G130/><T78/><D78/><U126/><E126/><V47/><F47/><W116/><G116/><T125/><D125/><U7/><E7/><V115/><F115/><W57/><G5/><T124/><D124/><U15/><E104/><V110/><F61/><W96/><G19/><T32/><D32/><U101/><E133/><N who="3" m="50698" /><G28/><T76/><D76/><U11/><E132/><V98/><F106/><W53/><G58/><T89/><D89/><U59/><E59/><V39/><F39/><W38/><G38/><T24/><D24/><U33/><E33/><V127/><F127/><W114/><G114/><T122/><D122/><U94/><E15/><V84/><F9/><AGARI ba="0,1" hai="8,9,11,14,18,43,46,48,83,85,90,94,97,101" machi="9" ten="30,2000,0" yaku="7,1,8,1" doraHai="74" who="1" fromWho="2" sc="240,0,330,30,121,-20,299,0" /><INIT seed="4,0,0,5,2,102" ten="240,360,101,299" oya="0" hai0="106,135,0,34,78,119,23,44,77,80,60,50,63" hai1="90,72,114,46,7,38,123,108,61,66,6,110,28" hai2="4,104,56,52,113,58,18,129,27,74,94,82,127" hai3="2,32,37,54,9,51,69,115,26,8,29,48,25"/><T45/><D34/><U57/><E123/><V39/><F39/><W47/><G37/><T62/><D0/><U76/><E28/><V86/><F113/><W75/><G75/><T67/><D119/><U24/><E24/><V73/><F129/><W99/><G69/><T85/><D135/><U92/><E72/><V134/><F134/><W130/><G130/><T14/><D106/><U120/><E76/><V91/><F127/><W100/><G26/><T131/><D131/><U98/><E120/><V84/><F4/><W87/><G87/><T101/><D101/><U132/><E132/><V20/><F56/><W30/><G30/><T64/><D78/><U133/><E133/><V121/><F121/><W109/><G109/><T71/><D71/><U42/><REACH who="1" step="1"/><E114/><REACH who="1" ten="240,350,101,299" step="2"/><V3/><F3/><W70/><G2/><T117/><D117/><U79/><E79/><V10/><F10/><W55/><G115/><T16/><REACH who="0" step="1"/><D45/><REACH who="0" ten="230,350,101,299" step="2"/><U126/><E126/><V49/><REACH who="2" step="1"/><F104/><REACH who="2" ten="230,350,91,299" step="2"/><W35/><G47/><T88/><D88/><AGARI ba="0,3" hai="18,20,27,49,52,58,73,74,82,84,86,88,91,94" machi="88" ten="30,12000,2" yaku="1,1,2,1,7,1,54,2,53,1" doraHai="102" doraHaiUra="19" who="2" fromWho="0" sc="230,-120,350,0,91,150,299,0" /><INIT seed="5,0,0,2,5,41" ten="110,350,241,299" oya="1" hai0="80,18,129,83,106,122,107,63,10,87,44,43,76" hai1="60,95,67,118,14,121,90,100,0,30,104,6,119" hai2="21,96,131,28,29,68,78,77,73,45,123,86,112" hai3="66,88,79,31,15,133,16,20,49,135,3,120,38"/><U1/><E121/><V12/><F73/><W108/><G38/><T125/><D129/><U47/><E104/><V124/><F68/><W42/><G108/><T75/><D125/><U69/><E100/><V24/><F123/><W128/><G128/><T72/><D122/><U37/><E30/><V59/><F131/><W46/><G66/><T13/><D63/><U57/><E0/><V50/><F124/><W132/><G3/><T130/><D130/><U111/><E1/><V127/><F29/><W70/><G70/><T126/><D126/><U65/><E111/><V19/><F112/><W94/><G79/><T109/><D109/><U58/><E118/><V81/><F59/><W39/><G120/><T55/><D55/><U116/><E119/><V71/><F71/><W27/><G39/><T98/><D98/><U134/><E116/><V32/><F96/><N who="3" m="57415" /><G31/><T40/><D40/><U74/><E74/><V8/><F127/><W115/><G115/><T62/><D62/><U97/><E134/><V91/><F32/><W110/><G110/><T54/><D54/><AGARI ba="0,0" hai="8,12,19,21,24,28,45,50,54,77,78,81,86,91" machi="54" ten="30,8000,1" yaku="7,1,25,2,8,1,52,1" doraHai="41" who="2" fromWho="0" sc="110,-80,350,0,241,80,299,0" /><INIT seed="6,0,0,2,1,66" ten="30,350,321,299" oya="2" hai0="127,57,31,84,93,104,4,95,83,23,69,73,40" hai1="122,10,44,133,131,61,53,26,6,9,80,94,124" hai2="135,72,36,29,107,33,82,28,45,43,16,85,32" hai3="47,1,89,39,34,8,67,112,24,64,22,90,128"/><V87/><F107/><W100/><G34/><T97/><D73/><U50/><E131/><V125/><F72/><W109/><G109/><T54/><D127/><U118/><E118/><V48/><F36/><W116/><G100/><T58/><D104/><U49/><E133/><V119/><F119/><W110/><G110/><T60/><D4/><U76/><E124/><V62/><F135/><W15/><G1/><T59/><D40/><U121/><E61/><V25/><F125/><W105/><G105/><T88/><D95/><U35/><E94/><V51/><F62/><W74/><G74/><T123/><D123/><N who="1" m="47115" /><E6/><V41/><F16/><W63/><G112/><T102/><REACH who="0" step="1"/><D69/><REACH who="0" ten="20,350,321,299" step="2"/><U19/><E35/><V12/><F43/><W18/><G116/><T56/><D56/><U38/><E38/><V113/><F41/><W114/><G128/><T2/><D2/><U103/><E103/><V65/><F113/><W77/><G114/><T117/><D117/><U101/><E101/><V92/><F33/><W11/><G39/><T81/><D81/><U99/><E99/><V14/><F32/><W3/><G67/><T134/><D134/><U96/><E96/><V132/><F65/><W46/><G64/><T13/><D13/><U37/><E37/><V115/><F115/><W130/><G3/><T5/><D5/><U86/><E50/><V111/><F132/><W108/><G130/><T7/><D7/><U21/><AGARI ba="0,1" hai="9,10,19,21,26,44,49,53,76,80,86" m="47115" machi="21" ten="30,1100,0" yaku="13,1" doraHai="66" who="1" fromWho="1" sc="20,-3,350,21,321,-5,299,-3" /><INIT seed="7,0,0,2,0,130" ten="17,371,316,296" oya="3" hai0="110,38,128,119,133,68,31,8,94,6,59,64,34" hai1="63,115,77,112,72,67,36,107,113,61,99,13,9" hai2="52,114,41,97,10,62,108,106,109,79,134,87,27" hai3="127,7,47,116,102,85,48,5,69,23,54,71,83"/><W100/><G116/><T91/><D59/><U24/><E36/><V39/><F39/><W70/><G127/><T12/><D64/><U3/><E3/><V131/><F41/><W75/><G75/><T4/><D31/><U25/><E72/><V73/><F73/><W29/><G29/><T1/><D12/><U105/><E77/><V95/><F131/><W33/><G33/><T135/><D6/><N who="1" m="3255" /><E99/><V42/><F42/><W28/><G5/><T20/><D8/><U18/><E18/><V56/><F114/><W104/><G7/><T93/><D20/><U14/><E14/><V86/><F134/><W0/><G0/><T118/><D4/><U124/><E124/><V125/><F125/><W123/><G104/><N who="1" m="40010" /><E61/><V76/><F106/><W26/><REACH who="3" step="1"/><G123/><REACH who="3" ten="17,371,316,286" step="2"/><T111/><D1/><U98/><E25/><V66/><F27/><W53/><G53/><T121/><D34/><U89/><E24/><V122/><F122/><W51/><G51/><T19/><D38/><U17/><E17/><V30/><F30/><W35/><G35/><T58/><D19/><U22/><E22/><V2/><F2/><W132/><G132/><T129/><D121/><U82/><E67/><V65/><F65/><W78/><AGARI ba="0,1" hai="23,26,28,47,48,54,69,70,71,78,83,85,100,102" machi="78" ten="30,6000,0" yaku="1,1,0,1,53,1" doraHai="130" doraHaiUra="74" who="3" fromWho="3" sc="17,-20,371,-20,316,-20,286,70" owari="-3,-50.0,351,15.0,296,-10.0,356,45.0" /></mjloggm>