<mjloggm ver="2.3"><GO type="169" lobby="0"/><UN n0="%E3%82%A6%E3%83%AB%E3%83%88%E3%83%A9%E7%AB%8B%E7%9B%B4" n1="%6D%6F%74%69%37%32%2E%2E" n2="%E3%83%92%E3%81%A8%E3%82%B7" n3="%E3%83%9A%E3%83%81%E3%83%A7%E3%83%BC%E3%83%AA%E3%83%B3" dan="17,17,16,16" rate="2194.24,2092.16,2086.76,2115.79" sx="M,M,M,M"/><TAIKYOKU oya="0"/><INIT seed="0,0,0,2,5,67" ten="250,250,250,250" oya="0" hai0="135,83,49,31,126,121,86,66,32,74,18,120,60" hai1="13,20,125,70,57,122,80,75,28,41,40,95,25" hai2="34,4,127,81,38,132,8,129,52,33,51,76,101" hai3="84,92,133,89,134,109,114,118,23,113,39,21,17"/><T22/><D74/><U104/><E104/><V3/><BYE who="3" /><F38/><W99/><G99/><T56/><D126/><U94/><E122/><V55/><F127/><W88/><G88/><T100/><D135/><UN n3="%E3%83%9A%E3%83%81%E3%83%A7%E3%83%BC%E3%83%AA%E3%83%B3" /><U71/><E125/><V47/><F129/><W15/><G39/><T78/><D32/><U5/><E57/><V14/><F132/><N who="3" m="50795" /><G118/><T97/><D49/><U44/><E75/><V63/><F101/><W54/><G109/><T79/><D79/><U46/><E80/><V27/><F27/><W37/><G37/><T9/><D9/><U59/><E59/><V69/><F55/><W68/><G68/><T61/><D61/><U64/><E44/><V123/><F123/><W12/><G54/><T128/><D128/><U115/><E115/><V98/><F98/><W50/><G50/><T16/><D18/><AGARI ba="0,0" hai="12,15,17,18,21,23,84,89,92,113,114" m="50795" machi="18" ten="30,1000,0" yaku="20,1" doraHai="67" who="3" fromWho="0" sc="250,-10,250,0,250,0,250,10" /><INIT seed="1,0,0,5,1,51" ten="240,250,250,260" oya="1" hai0="129,7,66,17,122,44,60,114,27,59,95,89,55" hai1="128,1,112,0,50,70,15,4,74,18,100,85,23" hai2="71,54,101,125,126,47,56,75,58,12,109,14,86" hai3="68,22,39,113,67,78,110,130,61,134,118,104,11"/><U92/><E74/><V10/><F75/><W124/><RYUUKYOKU type="yao9" ba="0,0" sc="240,0,250,0,250,0,260,0" hai3="11,22,39,61,67,68,78,104,110,113,118,124,130,134" /><INIT seed="1,1,0,3,3,67" ten="240,250,250,260" oya="1" hai0="127,59,97,57,89,24,29,132,6,55,110,86,124" hai1="115,88,101,90,128,75,134,40,60,21,118,45,85" hai2="34,121,20,72,103,69,33,32,0,14,39,9,30" hai3="105,54,12,19,79,48,18,2,133,28,37,7,27"/><U44/><E115/><V106/><F39/><W104/><G37/><T74/><D74/><U125/><E75/><V1/><F72/><W73/><G133/><T84/><D132/><U71/><E118/><V41/><F41/><W15/><G2/><T13/><D110/><U10/><E134/><V42/><F42/><W100/><G7/><T117/><D117/><U129/><E101/><V83/><F83/><W61/><G61/><T25/><D97/><U95/><E125/><N who="0" m="48201" /><D84/><U126/><E126/><V51/><F51/><W80/><G100/><T52/><D13/><U5/><E21/><V36/><F36/><W43/><G43/><T78/><D6/><U4/><E90/><V66/><F121/><W102/><G102/><T65/><D78/><U81/><E81/><V8/><F103/><W111/><G111/><T58/><D65/><N who="1" m="41383" /><E40/><V91/><F106/><W113/><G113/><T31/><D89/><U112/><E112/><V107/><F91/><W47/><G15/><T94/><D94/><U131/><E5/><N who="2" m="3375" /><F107/><W49/><G49/><T3/><D3/><AGARI ba="1,0" hai="3,4,10,44,45,85,88,95,128,129,131" m="41383" machi="3" ten="30,5800,0" yaku="19,1,52,1,54,1" doraHai="67" who="1" fromWho="0" sc="240,-61,250,61,250,0,260,0" /><INIT seed="1,2,0,5,1,24" ten="179,311,250,260" oya="1" hai0="122,72,91,78,44,67,34,73,101,61,104,77,25" hai1="118,87,105,113,116,112,3,71,75,128,127,76,119" hai2="6,111,59,89,121,131,17,82,52,106,134,69,133" hai3="38,18,93,100,48,86,5,117,120,28,123,79,12"/><U115/><E71/><V29/><F121/><W58/><G38/><T57/><D122/><U1/><E105/><V95/><F106/><W126/><G117/><T55/><D91/><U88/><E3/><V63/><F111/><W36/><G36/><T66/><D101/><U27/><E1/><V64/><F6/><W90/><G5/><T85/><D104/><U11/><E11/><V125/><F131/><W108/><G126/><T110/><D110/><U54/><E54/><V129/><F129/><W60/><G108/><T33/><D85/><U20/><E128/><V10/><F82/><W135/><G135/><N who="2" m="51721" /><F29/><W50/><G100/><T16/><D73/><U39/><E39/><V81/><F81/><W46/><G79/><T74/><D72/><U9/><E9/><V70/><F125/><W92/><G92/><T53/><D74/><U14/><E127/><V80/><F80/><W40/><G50/><T30/><D77/><U102/><E76/><V83/><F83/><W2/><G2/><T32/><D78/><U51/><E75/><V45/><F45/><W21/><REACH who="3" step="1"/><G28/><REACH who="3" ten="179,311,250,250" step="2"/><T23/><REACH who="0" step="1"/><D30/><REACH who="0" ten="169,311,250,250" step="2"/><N who="1" m="17767" /><E119/><V65/><F95/><W109/><G109/><T114/><D114/><U68/><E116/><V15/><F89/><W8/><G8/><T132/><D132/><U4/><E118/><V96/><F96/><W0/><G0/><T26/><D26/><U62/><E112/><V103/><F103/><W94/><G94/><T84/><D84/><U19/><E113/><V97/><F97/><W43/><G43/><T47/><D47/><U37/><E115/><V31/><F31/><RYUUKYOKU ba="2,2" sc="169,10,311,-30,250,10,250,10" hai0="16,23,25,32,33,34,44,53,55,57,61,66,67" hai2="10,15,17,52,59,63,64,65,69,70" hai3="12,18,21,40,46,48,58,60,86,90,93,120,123" /><INIT seed="2,3,2,0,0,80" ten="179,281,260,260" oya="2" hai0="84,110,5,96,86,76,62,25,37,55,22,83,93" hai1="132,105,52,60,81,44,119,16,106,14,53,11,30" hai2="95,20,36,15,74,122,31,27,130,63,75,92,64" hai3="46,32,3,33,43,69,34,91,23,88,115,72,135"/><V56/><F122/><W66/><G72/><T127/><D37/><U90/><E119/><V85/><F36/><W51/><G3/><T82/><D127/><U28/><E132/><V118/><F118/><W114/><G135/><T79/><D110/><U4/><E106/><V1/><F1/><W78/><G78/><T26/><D5/><U24/><E105/><V120/><F120/><W59/><G69/><T58/><D22/><N who="1" m="13383" /><E60/><V77/><F130/><W116/><G116/><T9/><D9/><U19/><E4/><V61/><F15/><W108/><G108/><T112/><D112/><N who="3" m="43049" /><G23/><T67/><D67/><U131/><E131/><V50/><F50/><W99/><G99/><T133/><D133/><U125/><E125/><V111/><F111/><W107/><G107/><T49/><D49/><N who="1" m="28711" /><E53/><V41/><F41/><W29/><G29/><T101/><AGARI ba="3,2" hai="25,26,55,58,62,76,79,82,83,84,86,93,96,101" machi="101" ten="20,12000,2" yaku="0,1,7,1,9,1,8,1,52,2" doraHai="80" who="0" fromWho="0" sc="179,149,281,-33,260,-63,260,-33" /><INIT seed="3,0,0,2,4,128" ten="328,248,197,227" oya="3" hai0="59,74,15,123,27,114,26,132,122,22,23,53,31" hai1="46,16,29,3,11,110,34,94,0,55,50,133,54" hai2="66,64,124,52,79,39,73,72,91,106,60,115,113" hai3="12,45,38,127,61,24,87,103,85,95,92,5,57"/><W112/><G112/><T58/><D74/><U51/><E110/><V118/><F118/><W131/><G127/><T14/><D114/><U89/><E133/><V111/><F39/><W63/><G131/><T96/><D96/><U86/><E29/><V37/><F37/><W119/><G119/><T68/><D68/><U134/><E34/><V28/><F106/><W49/><G38/><T83/><D83/><U17/><E134/><V77/><F111/><W107/><G107/><T18/><D132/><U40/><E40/><V76/><F28/><W121/><G121/><T69/><D69/><U10/><E10/><V90/><F124/><W42/><G24/><T21/><D58/><U48/><E48/><V126/><F126/><W20/><G61/><T130/><D130/><U9/><E9/><V116/><F77/><W80/><G103/><T62/><D14/><U81/><E94/><N who="3" m="35882" /><G80/><T65/><D65/><U43/><E43/><V41/><F41/><W97/><G97/><T19/><AGARI ba="0,0" hai="15,18,19,21,22,23,26,27,31,53,59,62,122,123" machi="19" ten="20,1500,0" yaku="0,1,7,1" doraHai="128" who="0" fromWho="0" sc="328,15,248,-4,197,-4,227,-7" /><INIT seed="4,0,0,1,3,135" ten="343,244,193,220" oya="0" hai0="51,47,100,25,130,13,8,125,52,40,115,99,17" hai1="123,96,83,106,6,4,32,39,98,16,24,89,86" hai2="45,131,7,116,48,74,11,80,103,58,28,67,133" hai3="21,60,129,69,22,55,70,127,75,34,9,79,30"/><T88/><D130/><U53/><E39/><V81/><F131/><W3/><G34/><T87/><D115/><U134/><E123/><V5/><F133/><W23/><G129/><T122/><D122/><U62/><E134/><V18/><F116/><W120/><G120/><T46/><D25/><U19/><E32/><V0/><F28/><W2/><G30/><T49/><D125/><U97/><E106/><V33/><F33/><W112/><G112/><T31/><D31/><U108/><E108/><V61/><F103/><W128/><G128/><T78/><D78/><U68/><E68/><V101/><F101/><W71/><G127/><T12/><D12/><U105/><E105/><V50/><F50/><W104/><G104/><T20/><D20/><N who="1" m="13319" /><E19/><V95/><F95/><W114/><G114/><T110/><D110/><U37/><E37/><V132/><F132/><W15/><G79/><T84/><D100/><U113/><E113/><V44/><F44/><W109/><G75/><T63/><D63/><U77/><E77/><V42/><F74/><W90/><G109/><T121/><D121/><U93/><E93/><AGARI ba="0,0" hai="8,13,17,40,46,47,49,51,52,84,87,88,93,99" machi="93" ten="40,7700,0" yaku="8,1,54,2" doraHai="135" who="0" fromWho="1" sc="343,77,244,-77,193,0,220,0" /><INIT seed="4,1,0,3,0,68" ten="420,167,193,220" oya="0" hai0="85,9,109,63,64,45,16,122,52,133,36,33,67" hai1="44,134,96,22,83,70,112,3,84,61,79,116,121" hai2="130,97,55,94,101,80,28,19,88,92,34,30,100" hai3="126,123,20,38,113,43,46,90,106,40,35,99,29"/><T93/><D122/><U17/><E116/><V23/><F130/><W71/><G35/><T21/><D33/><U91/><E121/><V57/><F34/><W127/><G71/><T11/><D133/><U66/><E134/><V53/><F80/><W37/><G113/><T86/><D109/><U110/><E110/><V12/><F100/><N who="3" m="62751" /><G123/><T4/><D4/><U15/><E3/><V32/><F32/><W129/><G129/><T128/><D128/><U75/><E112/><V102/><F102/><W73/><G73/><T69/><D67/><U103/><E44/><V95/><F95/><W48/><G90/><T81/><D93/><U56/><E70/><V50/><REACH who="2" step="1"/><F55/><REACH who="2" ten="420,167,183,220" step="2"/><W104/><G104/><T135/><D81/><U65/><E75/><V6/><F6/><W98/><G98/><AGARI ba="1,1" hai="12,19,23,28,30,50,53,57,88,92,94,97,98,101" machi="98" ten="30,7700,0" yaku="1,1,7,1,8,1,54,1,53,0" doraHai="68" doraHaiUra="59" who="2" fromWho="3" sc="420,0,167,0,183,90,220,-80" /><INIT seed="5,0,0,5,4,91" ten="420,167,273,140" oya="1" hai0="133,20,30,15,116,14,4,16,41,134,5,84,47" hai1="68,131,12,63,50,109,39,62,86,54,42,73,27" hai2="115,37,74,2,92,97,58,129,56,128,29,22,45" hai3="8,72,71,107,23,40,118,100,3,117,13,121,0"/><U18/><E73/><V28/><F74/><W88/><G121/><T75/><D75/><U31/><E131/><N who="2" m="50251" /><F2/><W26/><G72/><T17/><D116/><N who="3" m="44649" /><G71/><T43/><D30/><N who="2" m="11882" /><F22/><W7/><G40/><T33/><D33/><U24/><E42/><N who="2" m="22735" /><F115/><W114/><G114/><T25/><D25/><U85/><E27/><V101/><AGARI ba="0,0" hai="56,58,92,97,101" m="22735,11882,50251" machi="101" ten="30,2000,0" yaku="19,1,52,1" doraHai="91" who="2" fromWho="2" sc="420,-5,167,-10,273,20,140,-5" /><INIT seed="6,0,0,2,1,57" ten="415,157,293,135" oya="2" hai0="127,58,81,91,99,66,49,135,45,10,12,132,6" hai1="86,107,82,19,53,119,29,42,134,24,121,87,61" hai2="125,84,28,69,35,72,77,71,27,122,85,48,23" hai3="78,114,120,52,98,93,55,17,126,31,79,15,9"/><V109/><F122/><W108/><G108/><T95/><D127/><U65/><E119/><V36/><F36/><W2/><G120/><T32/><D32/><U63/><E107/><V43/><F72/><W0/><G126/><T50/><D81/><U116/><E116/><V39/><F39/><W94/><G114/><T37/><D37/><U11/><E42/><V103/><F125/><W20/><G2/><T25/><D25/><U5/><E121/><V22/><F103/><W60/><G0/><T18/><D18/><U130/><E130/><V30/><F35/><W38/><G38/><T112/><D112/><U129/><E129/><V105/><F105/><W44/><G94/><T14/><D14/><N who="1" m="5487" /><E29/><V75/><F75/><W123/><G123/><T113/><D113/><U101/><E101/><V70/><F77/><W104/><G104/><T4/><D4/><U133/><E53/><N who="3" m="20554" /><G44/><T89/><D89/><N who="1" m="51415" /><E65/><V16/><F109/><W96/><G60/><N who="0" m="38167" /><D45/><U102/><E102/><V115/><F115/><W41/><G41/><T118/><D118/><U56/><E56/><V131/><F131/><W21/><G98/><T106/><D106/><U90/><E133/><AGARI ba="0,0" hai="6,10,12,49,50,91,95,99,132,133,135" m="38167" machi="133" ten="30,2000,0" yaku="20,1,52,1" doraHai="57" who="0" fromWho="1" sc="415,20,157,-20,293,0,135,0" /><INIT seed="7,0,0,4,0,5" ten="435,137,293,135" oya="3" hai0="56,48,86,109,134,117,14,73,7,97,50,75,83" hai1="22,110,129,30,38,49,33,19,77,92,53,115,62" hai2="88,119,43,96,41,66,44,2,58,94,16,45,112" hai3="37,78,39,15,69,32,17,40,52,103,21,11,55"/><W0/><G69/><T12/><D134/><U111/><E38/><V47/><F2/><W57/><G32/><T106/><D83/><U23/><E33/><V91/><F112/><W27/><G0/><T63/><D86/><U101/><E115/><V20/><F91/><W59/><G103/><T6/><D97/><N who="1" m="59559" /><E111/><V24/><F119/><W131/><G131/><T114/><D56/><U61/><E110/><V76/><F76/><W132/><G132/><T102/><D63/><AGARI ba="0,0" hai="16,20,24,41,43,44,45,47,58,63,66,88,94,96" machi="63" ten="40,5200,0" yaku="8,1,54,2" doraHai="5" who="2" fromWho="0" sc="435,-52,137,0,293,52,135,0" owari="383,47.0,137,-26.0,345,15.0,135,-36.0" /></mjloggm>