<mjloggm ver="2.3"><GO type="169" lobby="0"/><UN n0="%E3%82%B4%E3%83%BC%E3%83%AB%E3%83%87%E3%83%B3%E3%81%B2%E3%82%88%E3%81%93" n1="%E3%82%B7%E3%82%A7%E3%83%95%E3%83%81%E3%83%A7%E3%82%B3" n2="%E6%9D%9F%E5%AD%90" n3="%E5%B0%B1%E6%B4%BB%E7%94%9F%40%E5%B7%9D%E6%9D%91%E8%BB%8D%E5%9B%A3" dan="17,16,16,17" rate="2146.63,2035.77,2092.98,2140.79" sx="M,M,M,M"/><TAIKYOKU oya="0"/><INIT seed="0,0,0,3,5,66" ten="250,250,250,250" oya="0" hai0="113,87,6,133,65,59,7,10,2,39,68,14,101" hai1="55,127,42,78,32,96,75,95,13,118,134,102,28" hai2="80,0,74,60,24,58,71,125,41,26,44,40,106" hai3="4,124,15,89,85,110,135,8,92,70,114,69,84"/><T37/><D113/><U128/><E118/><V36/><F106/><W119/><G114/><T120/><D120/><U34/><E127/><V67/><F125/><W22/><G119/><T82/><D68/><U21/><E128/><V27/><F40/><W33/><G33/><T20/><D101/><U46/><E134/><V31/><F0/><W99/><G124/><T94/><D133/><U52/><E34/><V116/><F116/><W81/><G135/><T86/><D94/><U93/><E32/><V79/><REACH who="2" step="1"/><F58/><REACH who="2" ten="250,250,240,250" step="2"/><W56/><G110/><T108/><D108/><U112/><E112/><V122/><F122/><W45/><G45/><T115/><D115/><U5/><E42/><V105/><F105/><W17/><G56/><T49/><D2/><U109/><E46/><V131/><F131/><W104/><G104/><T48/><D59/><U91/><E109/><V25/><F25/><W23/><G23/><AGARI ba="0,1" hai="23,24,26,27,31,36,41,44,60,67,71,74,79,80" machi="23" ten="30,7700,0" yaku="1,1,7,1,52,1,53,1" doraHai="66" doraHaiUra="107" who="2" fromWho="3" sc="250,0,250,0,240,87,250,-77" /><INIT seed="1,0,0,1,0,69" ten="250,250,327,173" oya="1" hai0="98,42,40,124,55,15,111,44,100,115,71,121,119" hai1="62,117,4,73,18,30,86,120,29,26,33,35,131" hai2="19,17,134,125,7,37,46,43,67,50,24,38,118" hai3="78,87,91,122,48,58,108,59,16,80,123,93,128"/><U20/><E73/><V32/><F118/><W99/><G128/><T63/><D119/><U76/><E117/><V34/><F7/><W89/><G108/><T54/><D111/><U12/><E120/><V41/><F67/><W113/><G113/><T97/><D115/><U61/><E131/><V92/><F92/><W74/><G122/><T8/><D121/><U53/><E53/><V5/><F5/><W127/><G127/><T22/><D124/><U13/><E4/><V116/><F116/><W106/><G48/><T9/><D22/><U103/><E103/><V36/><F125/><W84/><G123/><T90/><D90/><U28/><E35/><V57/><F134/><W94/><REACH who="3" step="1"/><G16/><REACH who="3" ten="250,250,327,163" step="2"/><T95/><D9/><U130/><E130/><V79/><F19/><W10/><G10/><T75/><D8/><U114/><E114/><V1/><F1/><W101/><AGARI ba="0,1" hai="58,59,74,78,80,84,87,89,91,93,94,99,101,106" machi="101" ten="30,8000,1" yaku="1,1,0,1,9,1,24,2,53,0" doraHai="69" doraHaiUra="112" who="3" fromWho="3" sc="250,-20,250,-40,327,-20,163,90" /><INIT seed="2,0,0,3,3,32" ten="230,210,307,253" oya="2" hai0="37,127,126,44,82,67,88,98,96,16,11,102,119" hai1="104,49,47,125,35,107,134,73,131,1,66,26,64" hai2="97,86,89,69,12,74,19,133,56,23,42,36,114" hai3="63,101,87,80,135,22,31,111,21,91,117,93,61"/><V115/><F69/><W58/><G117/><T0/><D119/><U7/><E73/><V120/><F74/><W81/><G111/><T13/><D67/><U52/><E131/><V100/><F120/><W48/><G135/><T123/><D123/><U130/><E130/><V54/><F133/><W72/><G72/><T77/><D88/><U116/><E116/><V39/><F42/><W78/><G31/><T79/><D0/><U83/><E134/><V128/><F128/><W62/><G101/><T108/><D108/><U70/><E125/><N who="0" m="47625" /><D82/><N who="3" m="31849" /><G78/><N who="0" m="29707" /><D102/><U113/><E83/><V59/><F114/><W6/><G6/><T27/><D27/><U132/><E132/><V14/><F115/><W99/><G99/><T110/><D110/><U46/><E70/><V30/><F97/><W124/><G124/><T51/><D37/><U10/><E113/><V95/><F100/><W20/><G48/><T92/><D92/><U109/><E109/><V38/><F30/><W60/><G60/><T18/><D18/><U43/><E107/><V84/><F84/><W112/><G112/><T94/><D94/><U2/><E104/><V28/><F28/><W71/><G71/><T118/><D118/><U9/><E35/><V3/><F3/><W106/><G106/><T55/><AGARI ba="0,0" hai="11,13,16,44,51,55,96,98" m="29707,47625" machi="55" ten="30,2000,0" yaku="18,1,54,1" doraHai="32" who="0" fromWho="0" sc="230,20,210,-5,307,-10,253,-5" /><INIT seed="3,0,0,1,4,49" ten="250,205,297,248" oya="3" hai0="5,106,58,12,115,74,81,22,82,1,24,83,76" hai1="46,65,100,135,59,91,20,68,56,99,42,85,98" hai2="63,32,35,67,126,114,134,17,102,29,75,90,60" hai3="96,92,15,21,107,62,18,122,125,97,110,104,39"/><W50/><G122/><T117/><D117/><U54/><E135/><V38/><F75/><W73/><G39/><T4/><D1/><U127/><E127/><V16/><F114/><W37/><G37/><T9/><D115/><U0/><E0/><V52/><F38/><W80/><G125/><T113/><D113/><U51/><E42/><V53/><F126/><W111/><G62/><T132/><D132/><U44/><E68/><V116/><F102/><W8/><G8/><T34/><D34/><U41/><E65/><V40/><F40/><W105/><G50/><T6/><D106/><U112/><E112/><V109/><F116/><W121/><G121/><T72/><D58/><U133/><E133/><V87/><F134/><W7/><G7/><T2/><D2/><U66/><E66/><V86/><F109/><N who="3" m="41483" /><G92/><T88/><D82/><U84/><E41/><V10/><F10/><W119/><G119/><T26/><D26/><U118/><E118/><V3/><F3/><W11/><G11/><T57/><D57/><U123/><E59/><V33/><F67/><W23/><G23/><T70/><D70/><U25/><E100/><V93/><F29/><W13/><G15/><T27/><D27/><U89/><E123/><V120/><F120/><W128/><G128/><T130/><D130/><U94/><E25/><V36/><F36/><W101/><G101/><T69/><D69/><U77/><E20/><V28/><F28/><W31/><G31/><N who="0" m="17815" /><D72/><U61/><E56/><V55/><REACH who="2" step="1"/><F87/><REACH who="2" ten="250,205,287,248" step="2"/><W78/><AGARI ba="0,1" hai="13,18,21,73,78,80,96,97,104,105,107" m="41483" machi="78" ten="40,3900,0" yaku="14,1,10,1" doraHai="49" who="3" fromWho="3" sc="250,-13,205,-13,287,-13,248,49" /><INIT seed="3,1,0,5,5,111" ten="237,192,274,297" oya="3" hai0="29,106,67,24,42,119,13,94,41,73,26,110,129" hai1="69,121,75,46,128,27,87,56,74,63,52,130,108" hai2="89,107,88,43,25,112,32,102,31,0,10,7,36" hai3="95,120,96,68,122,117,93,20,90,19,70,61,133"/><W15/><G117/><T37/><D119/><U2/><E121/><V103/><F43/><W58/><G133/><T48/><D37/><U64/><E108/><V51/><F36/><W44/><G122/><T135/><D106/><U21/><E2/><V50/><F112/><W84/><G44/><T65/><D73/><U62/><E87/><V22/><F107/><W76/><G120/><T104/><D104/><U100/><E46/><V71/><F71/><W86/><G86/><T55/><D110/><U54/><E54/><V124/><F124/><W18/><G18/><T127/><D127/><U39/><E39/><V14/><F51/><W35/><G35/><T60/><D129/><N who="1" m="49771" /><E100/><N who="2" m="38443" /><F50/><W83/><REACH who="3" step="1"/><G95/><REACH who="3" ten="237,192,274,287" step="2"/><T80/><D94/><U78/><E78/><V116/><F116/><W114/><G114/><T131/><D135/><U34/><E34/><V23/><F23/><W105/><G105/><T85/><D131/><U1/><E1/><V98/><F98/><W66/><AGARI ba="1,1" hai="15,19,20,58,61,66,68,70,76,83,84,90,93,96" machi="66" ten="20,3900,0" yaku="1,1,0,1,7,1,53,0" doraHai="111" doraHaiUra="126" who="3" fromWho="3" sc="237,-14,192,-14,274,-14,287,52" /><INIT seed="3,2,0,4,3,48" ten="223,178,260,339" oya="3" hai0="73,16,37,118,83,120,130,85,7,101,89,58,30" hai1="90,98,25,22,18,5,36,65,66,81,67,4,100" hai2="110,79,84,62,43,99,42,52,38,121,97,11,50" hai3="93,94,49,26,20,91,57,113,86,109,115,119,125"/><W39/><G39/><T78/><D118/><U107/><REACH who="1" step="1"/><E36/><REACH who="1" ten="223,168,260,339" step="2"/><V24/><F38/><W64/><G119/><T15/><D37/><U106/><E106/><V96/><F121/><W135/><G115/><T112/><D120/><U51/><E51/><V12/><F62/><W129/><G113/><T33/><D112/><U46/><E46/><N who="2" m="27735" /><F110/><W132/><G109/><T133/><D130/><U55/><E55/><V123/><F123/><W40/><G129/><T69/><D69/><U68/><E68/><V77/><F24/><W3/><G64/><T27/><D133/><U29/><E29/><V122/><F122/><W128/><G128/><T6/><D58/><U104/><E104/><V14/><F43/><W23/><G40/><T87/><D73/><U61/><E61/><V59/><F42/><W116/><G49/><T41/><D41/><U117/><E117/><V71/><F71/><W60/><G26/><T2/><D27/><U1/><E1/><V72/><F72/><W0/><G60/><T131/><D30/><U92/><E92/><V17/><F59/><W134/><G3/><T108/><D2/><U105/><E105/><V54/><F54/><W53/><G0/><T34/><D108/><U31/><E31/><V47/><F47/><W82/><G116/><T21/><D131/><U28/><E28/><V75/><F75/><W103/><G132/><T95/><REACH who="0" step="1"/><D101/><REACH who="0" ten="213,168,260,339" step="2"/><U102/><E102/><V9/><F14/><W10/><G103/><T56/><D56/><U8/><E8/><V13/><F13/><W76/><G134/><T74/><D74/><U80/><E80/><RYUUKYOKU ba="2,2" sc="213,15,168,15,260,-15,339,-15" hai0="6,7,15,16,21,33,34,78,83,85,87,89,95" hai1="4,5,18,22,25,65,66,67,81,90,98,100,107" /><INIT seed="4,3,2,0,1,71" ten="228,183,245,324" oya="0" hai0="118,93,3,91,47,27,114,28,76,77,68,83,13" hai1="70,124,54,120,128,98,90,100,87,32,34,103,16" hai2="25,108,43,85,135,22,48,67,9,133,8,14,2" hai3="56,35,86,1,111,0,11,33,125,109,102,69,44"/><T45/><D118/><U126/><E120/><V101/><F108/><W31/><G56/><T99/><D3/><U26/><E70/><V37/><F67/><W7/><G86/><N who="0" m="50655" /><D68/><U110/><E110/><V106/><F48/><W5/><G102/><N who="1" m="38954" /><E98/><N who="2" m="61751" /><F2/><W36/><G125/><N who="1" m="48234" /><E128/><V57/><F57/><W39/><G69/><T64/><D64/><U78/><E78/><V97/><F97/><W38/><G44/><T18/><D77/><U51/><E26/><V61/><F61/><W115/><G115/><T29/><D114/><U30/><E30/><N who="0" m="11881" /><D27/><U123/><E123/><V127/><F127/><W66/><G66/><T73/><D76/><U89/><E16/><N who="2" m="12487" /><F85/><W19/><G19/><T117/><D117/><U105/><E105/><V132/><F14/><W50/><G31/><T122/><D122/><U62/><E62/><V40/><F40/><W42/><G42/><T94/><D99/><U58/><E89/><V95/><F95/><AGARI ba="3,2" hai="32,34,51,54,58,87,90,95" m="48234,38954" machi="95" ten="30,1000,0" yaku="18,1" doraHai="71" who="1" fromWho="2" sc="228,0,183,39,245,-19,324,0" /><INIT seed="5,0,0,3,5,55" ten="228,222,226,324" oya="1" hai0="106,103,6,97,128,112,4,81,120,44,70,58,53" hai1="87,71,42,126,19,93,56,25,41,83,68,134,36" hai2="12,22,77,65,117,104,27,118,5,21,95,15,114" hai3="62,75,20,18,34,133,100,86,8,102,11,99,109"/><U61/><E134/><V49/><F104/><W125/><G75/><T122/><D70/><U54/><E126/><V59/><F77/><W24/><G109/><T37/><D112/><U46/><E42/><V131/><F131/><W16/><G133/><T47/><D128/><U94/><E71/><V40/><F114/><W52/><G34/><T98/><D98/><U121/><E68/><V64/><F117/><W3/><G3/><T119/><D81/><U107/><E107/><V57/><F118/><W132/><G132/><T116/><D116/><U43/><E43/><V13/><F95/><N who="3" m="58495" /><G102/><T50/><D119/><U127/><E127/><V48/><F40/><W29/><G86/><T33/><D33/><U0/><E0/><V110/><F110/><W39/><G39/><T72/><D72/><U66/><E66/><N who="2" m="25707" /><F27/><W85/><G85/><T111/><D111/><U17/><E121/><N who="0" m="46697" /><D37/><U108/><E108/><V67/><F5/><AGARI ba="0,0" hai="4,5,6,44,47,50,53,58,97,103,106" m="46697" machi="5" ten="30,2000,0" yaku="13,1,52,1" doraHai="55" who="0" fromWho="2" sc="228,20,222,0,226,-20,324,0" /><INIT seed="6,0,0,1,5,34" ten="248,222,206,324" oya="2" hai0="79,109,40,12,117,86,85,57,119,26,23,36,78" hai1="97,16,49,94,62,43,133,100,39,27,22,74,8" hai2="89,95,121,35,20,104,17,105,115,124,1,112,66" hai3="113,125,102,48,45,122,135,90,67,118,2,98,92"/><V9/><F35/><W93/><G118/><N who="0" m="45067" /><D109/><U37/><E74/><V72/><F72/><W114/><G2/><T4/><D57/><U33/><E133/><V110/><F121/><W116/><G122/><T71/><D71/><U58/><E33/><V31/><F31/><W24/><G116/><T15/><D40/><U126/><E126/><V77/><F77/><N who="0" m="29194" /><D36/><U13/><E49/><V59/><F59/><W41/><G67/><T127/><D127/><U29/><REACH who="1" step="1"/><E43/><REACH who="1" ten="248,212,206,324" step="2"/><V10/><F124/><W14/><G125/><T123/><D123/><U83/><E83/><V69/><F110/><W87/><G135/><T120/><D120/><U70/><E70/><V42/><F42/><W81/><G48/><T91/><D4/><U19/><E19/><V76/><F76/><W47/><G41/><T130/><D130/><U28/><E28/><V64/><F69/><W63/><G81/><N who="0" m="49583" /><D86/><U51/><E51/><V6/><F64/><AGARI ba="0,1" hai="8,13,16,22,27,29,37,39,58,62,64,94,97,100" machi="64" ten="30,8000,1" yaku="1,1,7,1,25,2,54,1,53,0" doraHai="34" doraHaiUra="84" who="1" fromWho="2" sc="248,0,212,90,206,-80,324,0" /><INIT seed="7,0,0,1,2,1" ten="248,302,126,324" oya="3" hai0="43,2,97,81,52,82,98,108,119,0,114,118,33" hai1="91,134,124,80,71,133,41,50,95,127,28,112,40" hai2="132,101,70,19,13,16,34,62,74,122,5,129,83" hai3="18,90,93,46,68,116,113,77,38,49,35,67,115"/><W130/><G116/><T57/><D43/><U128/><E71/><V21/><F34/><W76/><G35/><T88/><D33/><U121/><E121/><V31/><F122/><W64/><G38/><T89/><D57/><U3/><E80/><V99/><F132/><N who="1" m="50793" /><E112/><N who="3" m="43082" /><G130/><T66/><D114/><U60/><E28/><V75/><F129/><W55/><G18/><T111/><D66/><N who="3" m="25129" /><G68/><T10/><D10/><U8/><E60/><V126/><F126/><N who="1" m="48169" /><E50/><V92/><F70/><W96/><AGARI ba="0,0" hai="46,49,55,76,77,90,93,96" m="25129,43082" machi="96" ten="30,1500,0" yaku="15,1" doraHai="1" who="3" fromWho="3" sc="248,-5,302,-5,126,-5,324,15" owari="243,-16.0,297,10.0,121,-38.0,339,44.0" /></mjloggm>