<mjloggm ver="2.3"><GO type="41" lobby="0"/><UN n0="%E3%80%8E%E5%93%AD%E3%81%8D%E3%81%AE%E6%99%8B%E3%80%8F" n1="%67%75%73%68" n2="%66%75%6C%6C%2D%74%70%21" n3="%E5%B0%B1%E6%B4%BB%E7%94%9F%40%E5%B7%9D%E6%9D%91%E8%BB%8D%E5%9B%A3" dan="14,14,15,17" rate="1957.69,1929.08,1968.08,2151.91" sx="M,M,M,M"/><TAIKYOKU oya="0"/><INIT seed="0,0,0,3,5,46" ten="250,250,250,250" oya="0" hai0="108,21,84,85,8,2,7,49,55,52,112,113,23" hai1="0,114,102,91,6,122,34,90,67,89,32,97,40" hai2="81,43,41,128,16,39,37,109,5,71,60,116,86" hai3="104,130,20,126,101,95,17,14,133,115,57,42,82"/><T65/><D65/><U93/><E122/><V87/><F5/><W10/><G104/><T56/><D112/><U31/><E114/><V61/><F81/><W15/><G115/><T129/><D113/><U106/><E40/><V70/><F128/><W58/><G130/><T88/><D129/><U79/><E79/><V73/><F73/><W28/><G126/><T11/><D11/><U45/><E45/><V121/><F109/><W12/><G133/><T50/><D108/><U80/><E80/><V103/><F103/><W110/><G110/><T99/><D99/><U119/><E119/><V36/><F121/><W25/><G42/><N who="2" m="15881" /><F16/><W62/><G82/><T118/><D118/><U105/><E6/><V18/><F18/><W1/><G58/><T3/><D3/><U33/><E0/><V120/><F120/><W30/><G30/><T66/><D66/><U47/><E31/><V96/><F96/><N who="3" m="59551" /><G1/><T68/><D68/><N who="2" m="26154" /><F116/><W127/><G127/><T22/><REACH who="0" step="1"/><D88/><REACH who="0" ten="240,250,250,250" step="2"/><U59/><E89/><V4/><F4/><W76/><G76/><T26/><D26/><U124/><E90/><V54/><F37/><W134/><G134/><T111/><D111/><U132/><E91/><V77/><F77/><W72/><G72/><T83/><D83/><U9/><E124/><V38/><F38/><W27/><G25/><T19/><D19/><U64/><E132/><V69/><F39/><W107/><G107/><T35/><D35/><U63/><E106/><V125/><F36/><W13/><G13/><T53/><D53/><AGARI ba="0,1" hai="10,12,14,15,17,20,27,28,53,57,62" m="59551" machi="53" ten="30,1000,0" yaku="8,1" doraHai="46" who="3" fromWho="0" sc="240,-10,250,0,250,0,250,20" /><INIT seed="1,0,0,3,1,17" ten="230,250,250,270" oya="1" hai0="76,2,134,112,99,11,108,54,83,49,85,36,109" hai1="41,129,73,100,107,98,122,44,40,14,64,46,38" hai2="123,19,79,16,130,53,35,32,55,87,15,4,65" hai3="28,89,111,81,21,128,3,78,69,31,119,113,56"/><U116/><E122/><V63/><F123/><W74/><G3/><T7/><D112/><U75/><E116/><V96/><F130/><W8/><G113/><T70/><D36/><U77/><E129/><V59/><F35/><W33/><G69/><T27/><D70/><U104/><E104/><V84/><F32/><W105/><G33/><T90/><D134/><U23/><E64/><V133/><F133/><W34/><G34/><T102/><D27/><U66/><E66/><V51/><F96/><W127/><G105/><T92/><D76/><U71/><E71/><V18/><F79/><W114/><G119/><T13/><D2/><U103/><E103/><V50/><F63/><W29/><G111/><T120/><D120/><U94/><E107/><V97/><F97/><W121/><G127/><T72/><D72/><U115/><E115/><V25/><F25/><W47/><G47/><T30/><D30/><U95/><E95/><V93/><F93/><W86/><G121/><T131/><D131/><U1/><E1/><V67/><F67/><W0/><G128/><T68/><D68/><U117/><E117/><V43/><F43/><W52/><G114/><T57/><AGARI ba="0,0" hai="7,11,13,49,54,57,83,85,90,92,99,102,108,109" machi="57" ten="30,1100,0" yaku="0,1" doraHai="17" who="0" fromWho="0" sc="230,11,250,-5,250,-3,270,-3" /><INIT seed="2,0,0,1,0,7" ten="241,245,247,267" oya="2" hai0="104,40,47,14,18,29,24,15,122,84,130,116,117" hai1="91,97,35,1,36,10,39,124,89,109,127,93,83" hai2="80,51,12,3,53,115,129,37,22,85,17,0,63" hai3="135,25,82,77,19,110,73,23,46,119,52,34,108"/><V79/><F115/><W125/><G119/><T50/><D104/><U86/><E35/><V106/><F37/><W120/><G120/><T70/><D122/><U126/><E109/><N who="3" m="42090" /><G135/><T123/><D123/><U67/><REACH who="1" step="1"/><E67/><REACH who="1" ten="241,235,247,267" step="2"/><V11/><F129/><W49/><G125/><T30/><D130/><U133/><E133/><V65/><F106/><W71/><G71/><T105/><D70/><U95/><E95/><V43/><F43/><W38/><G38/><T107/><D107/><U44/><E44/><V102/><F65/><W61/><G61/><T68/><D105/><U26/><E26/><V132/><F63/><W48/><G48/><T118/><D24/><U33/><E33/><AGARI ba="0,1" hai="19,23,25,33,34,46,49,52,73,77,82" m="42090" machi="33" ten="30,2000,0" yaku="14,1,54,1" doraHai="7" who="3" fromWho="1" sc="241,0,235,-20,247,0,267,30" /><INIT seed="3,0,0,2,0,86" ten="241,215,247,297" oya="3" hai0="5,19,129,41,109,99,34,18,122,45,55,102,23" hai1="88,24,121,89,49,114,0,40,44,111,127,4,120" hai2="87,94,29,128,35,6,10,69,52,25,17,46,56" hai3="48,67,74,33,84,131,95,97,38,81,13,110,106"/><W61/><G33/><T62/><D34/><U65/><E114/><V50/><F128/><W28/><G131/><T123/><D129/><U70/><E111/><V112/><F112/><W60/><G38/><T108/><D5/><U8/><E127/><V79/><F69/><W54/><G110/><N who="0" m="42603" /><D55/><U58/><E70/><V73/><F73/><W101/><G28/><T77/><D77/><U92/><E24/><V104/><F17/><N who="0" m="6154" /><D62/><U1/><E1/><V98/><F104/><W53/><G13/><T103/><D23/><U113/><E113/><V64/><F79/><W135/><G135/><T124/><D124/><U133/><E133/><V72/><F72/><W42/><G74/><T90/><D90/><U57/><E89/><V71/><F6/><W116/><G116/><T22/><D22/><U85/><REACH who="1" step="1"/><E65/><REACH who="1" ten="241,205,247,297" step="2"/><V118/><F64/><W39/><G67/><T96/><D103/><U63/><E63/><V83/><F118/><W2/><G2/><T31/><D102/><U130/><E130/><V82/><F71/><W80/><G61/><T93/><D122/><AGARI ba="0,1" hai="0,4,8,40,44,49,57,58,85,88,92,120,121,122" machi="122" ten="40,5200,0" yaku="1,1,52,1,54,1,53,0" doraHai="86" doraHaiUra="134" who="1" fromWho="0" sc="241,-52,205,62,247,0,297,0" /><INIT seed="4,0,0,4,0,99" ten="189,267,247,297" oya="0" hai0="125,24,69,102,108,0,18,60,123,81,40,119,133" hai1="101,124,58,122,109,3,105,127,30,29,98,33,27" hai2="31,23,4,34,21,1,76,120,35,135,130,107,104" hai3="46,78,128,84,17,52,32,114,96,73,86,16,129"/><T71/><D123/><U83/><E122/><V5/><F76/><W87/><G32/><N who="2" m="12329" /><F120/><W2/><G2/><T89/><D119/><U25/><E109/><V80/><F80/><N who="3" m="45135" /><G114/><T112/><D108/><U95/><E3/><V126/><F1/><W118/><G96/><T43/><D0/><U11/><E11/><V79/><F79/><W13/><G118/><T64/><D125/><N who="1" m="48203" /><E83/><V39/><F126/><W116/><G13/><T9/><D71/><U62/><E105/><N who="2" m="40523" /><F39/><W85/><G116/><T54/><D133/><U70/><E70/><V53/><F31/><N who="1" m="11785" /><E33/><V19/><F19/><W26/><G26/><T111/><D24/><U61/><E61/><V106/><F106/><W100/><G100/><T68/><D60/><U47/><E47/><V117/><F135/><W82/><G82/><T93/><D68/><U91/><E91/><V50/><F117/><W49/><N who="3" m="22016" /><DORA hai="37" /><W72/><G72/><T74/><D69/><U115/><E115/><V75/><F75/><W12/><G12/><T92/><D74/><U103/><E103/><V8/><F8/><W56/><G56/><T55/><D102/><U38/><E38/><V131/><F5/><W7/><G7/><T45/><D112/><U36/><E36/><V77/><F4/><W66/><G66/><AGARI ba="0,0" hai="25,27,58,62,66,95,98,101" m="11785,48203" machi="66" ten="30,2000,0" yaku="18,1,52,1" doraHai="99,37" who="1" fromWho="3" sc="189,0,267,20,247,0,297,-20" /><INIT seed="5,0,0,3,0,133" ten="189,287,247,277" oya="1" hai0="29,117,96,11,85,4,26,114,68,54,42,74,116" hai1="111,113,36,80,84,121,19,95,44,94,5,112,57" hai2="16,46,130,65,66,6,18,40,106,75,73,12,86" hai3="34,45,35,79,92,104,134,105,14,122,58,1,30"/><U55/><E121/><V98/><F130/><W127/><G1/><T21/><D74/><U59/><E111/><V126/><F75/><W135/><G122/><T25/><D68/><U33/><E33/><N who="3" m="12298" /><G30/><T0/><D42/><N who="1" m="22599" /><E5/><V120/><F73/><W107/><G45/><T125/><D96/><U129/><E19/><V64/><F120/><W32/><G79/><T101/><D101/><U2/><E2/><V51/><F106/><W132/><G32/><T70/><D70/><U56/><E129/><V108/><F98/><W50/><G14/><T81/><D114/><N who="1" m="44139" /><E55/><V9/><F108/><W41/><G92/><T109/><D26/><U39/><E39/><V97/><F97/><W76/><G76/><AGARI ba="0,0" hai="56,57,59,76,80,84,94,95" m="44139,22599" machi="76" ten="30,1500,0" yaku="15,1" doraHai="133" who="1" fromWho="3" sc="189,0,287,15,247,0,277,-15" /><INIT seed="5,1,0,1,5,62" ten="189,302,247,262" oya="1" hai0="60,2,88,90,119,121,105,115,83,112,126,73,117" hai1="43,134,118,10,77,13,68,104,32,37,52,8,7" hai2="124,99,87,19,20,116,41,71,80,131,18,70,78" hai3="130,132,22,38,58,54,9,42,64,66,53,44,79"/><U100/><E118/><V63/><F116/><W21/><G130/><T24/><D2/><U111/><E32/><V5/><F131/><W84/><G132/><T55/><D105/><U113/><E134/><V96/><F124/><W16/><G9/><T120/><D24/><U125/><E125/><V109/><F109/><W91/><G79/><T59/><D119/><U129/><E129/><V4/><F41/><W50/><G22/><T45/><D117/><U133/><E133/><V12/><F71/><W29/><G29/><T28/><D126/><U31/><E31/><V93/><F96/><W56/><G38/><T114/><D28/><U40/><E111/><V65/><REACH who="2" step="1"/><F19/><REACH who="2" ten="189,302,237,262" step="2"/><W75/><G42/><T101/><D101/><AGARI ba="1,1" hai="4,5,12,18,20,63,65,70,78,80,87,93,99,101" machi="101" ten="30,7700,0" yaku="1,1,2,1,7,1,52,1,53,0" doraHai="62" doraHaiUra="23" who="2" fromWho="0" sc="189,-80,302,0,237,90,262,0" /><INIT seed="6,0,0,1,2,19" ten="109,302,327,262" oya="2" hai0="104,57,30,123,7,1,121,74,38,32,44,36,42" hai1="109,18,103,56,21,102,52,83,135,27,120,87,115" hai2="54,2,107,31,128,133,96,112,49,12,89,92,78" hai3="8,129,81,118,63,50,70,126,46,15,113,85,99"/><V55/><F2/><W122/><G118/><T37/><D57/><U10/><E109/><V9/><F107/><W80/><G122/><T127/><D127/><U116/><E116/><V60/><F78/><W53/><G126/><T67/><D67/><U29/><E120/><V134/><F31/><W73/><G129/><T4/><D4/><U77/><E135/><V90/><F128/><W75/><G113/><T16/><D16/><U17/><E115/><V45/><F112/><W100/><G70/><T119/><D119/><U51/><E10/><V59/><REACH who="2" step="1"/><F90/><REACH who="2" ten="109,302,317,262" step="2"/><W13/><G73/><T105/><D121/><U110/><E110/><V69/><F69/><W84/><G75/><T125/><D123/><U97/><E103/><V124/><F124/><W108/><G108/><T66/><D125/><U117/><E117/><V111/><F111/><W132/><G132/><T20/><D74/><U65/><E65/><V0/><F0/><W79/><G100/><T72/><D72/><U101/><E101/><V131/><F131/><W41/><G99/><T25/><D66/><U130/><E130/><V28/><F28/><W24/><G85/><T48/><REACH who="0" step="1"/><D32/><REACH who="0" ten="99,302,317,262" step="2"/><U61/><E29/><V76/><F76/><W106/><G79/><T86/><D86/><U47/><E77/><V62/><F62/><W94/><G63/><T64/><D64/><U3/><E87/><V26/><F26/><W82/><G24/><T6/><D6/><AGARI ba="0,2" hai="6,9,12,45,49,54,55,59,60,89,92,96,133,134" machi="6" ten="40,2000,0" yaku="1,1,53,0" doraHai="19" doraHaiUra="22" who="2" fromWho="0" sc="99,-20,302,0,317,40,262,0" /><INIT seed="6,1,0,5,4,119" ten="79,302,357,262" oya="2" hai0="110,88,125,29,23,113,68,10,53,40,27,52,11" hai1="86,34,38,35,2,103,98,122,22,133,108,51,129" hai2="92,26,128,123,109,32,36,89,16,111,124,65,132" hai3="114,1,116,106,115,14,4,67,62,61,100,82,126"/><V117/><F36/><W118/><G1/><T84/><D110/><N who="2" m="41994" /><F117/><N who="3" m="45163" /><G106/><T96/><D68/><U72/><E38/><V91/><F32/><W37/><G100/><T48/><D125/><U46/><E2/><V39/><F124/><W69/><G82/><T77/><D113/><N who="3" m="43017" /><G4/><T130/><D130/><U105/><E72/><V5/><F128/><W59/><G14/><T75/><D75/><U95/><E129/><V54/><F92/><W102/><G102/><T17/><D77/><U71/><E71/><V87/><F91/><W18/><G18/><T33/><D96/><U66/><E108/><V31/><F16/><W73/><G73/><T19/><D40/><U58/><E22/><V104/><F89/><W131/><G131/><T21/><D33/><U120/><E105/><V76/><F76/><W81/><G81/><T85/><D85/><U90/><E34/><V8/><F87/><W56/><G126/><T112/><D112/><U64/><E35/><V97/><F97/><W12/><G12/><T15/><D29/><U0/><E0/><V63/><F31/><W3/><G3/><T79/><D79/><U28/><E28/><V30/><F30/><W135/><G37/><T50/><D50/><U70/><E103/><V6/><F39/><W101/><G101/><T99/><D99/><U47/><E98/><V94/><F6/><W43/><G43/><T24/><D15/><U13/><E13/><V83/><F5/><W9/><G9/><N who="0" m="3083" /><D48/><U60/><E51/><V121/><F8/><W20/><G20/><T127/><D127/><U55/><E86/><V80/><F104/><RYUUKYOKU ba="1,0" sc="79,30,302,-10,357,-10,262,-10" hai0="17,19,21,23,24,27,52,53,84,88" /><INIT seed="7,2,0,3,3,45" ten="109,292,347,252" oya="3" hai0="92,28,129,60,23,74,56,21,78,98,43,54,24" hai1="83,17,4,85,124,119,72,76,127,11,6,82,35" hai2="113,59,62,81,106,22,80,104,49,102,67,131,73" hai3="77,12,95,108,5,30,65,118,1,66,38,97,71"/><W68/><G1/><T100/><D129/><U122/><E122/><V125/><F73/><W57/><G118/><T94/><D74/><U41/><E119/><V134/><F104/><W101/><G108/><T26/><D78/><U7/><E35/><V79/><F106/><W112/><G38/><T10/><D43/><U47/><E17/><V13/><F102/><W123/><G123/><T32/><D10/><U37/><E82/><V36/><F36/><W91/><G112/><T42/><D42/><U93/><E93/><V55/><F131/><W53/><G77/><T19/><D32/><U0/><E85/><V115/><F79/><W33/><G33/><T50/><D94/><U48/><E48/><V61/><F61/><W2/><G2/><T114/><D114/><N who="2" m="43530" /><F134/><W103/><G30/><T116/><D116/><U31/><E31/><V75/><F125/><AGARI ba="2,0" hai="0,4,6,7,11,37,41,47,72,76,83,124,125,127" machi="125" ten="40,5200,0" yaku="25,2,18,1" doraHai="45" who="1" fromWho="2" sc="109,0,292,58,347,-58,252,0" owari="109,-39.0,350,45.0,289,9.0,252,-15.0" /></mjloggm>