<mjloggm ver="2.3"><GO type="169" lobby="0"/><UN n0="%E6%A1%9C%E4%BA%95%E3%81%95%E3%82%93" n1="%EF%BC%9D%E4%BC%8A%E8%97%A4%E3%81%8B%E3%81%AA%E6%81%B5%EF%BC%9D" n2="%E4%BB%8A%E5%A4%9C%E3%81%AF%E5%BD%B9%E7%89%8C%E3%83%90%E3%83%83%E3%82%AF" n3="%E3%82%A6%E3%83%AB%E3%83%88%E3%83%A9%E7%AB%8B%E7%9B%B4" dan="16,17,16,18" rate="2118.28,2206.34,2100.38,2216.40" sx="M,F,M,M"/><TAIKYOKU oya="0"/><INIT seed="0,0,0,4,4,11" ten="250,250,250,250" oya="0" hai0="119,10,73,25,54,89,120,45,61,22,34,9,8" hai1="33,6,56,1,85,87,41,26,13,78,92,35,5" hai2="58,103,14,100,108,135,0,104,51,60,99,91,3" hai3="66,111,49,59,81,68,48,38,30,117,107,83,24"/><T46/><D119/><U93/><E1/><V114/><F114/><W32/><G38/><T21/><D120/><U134/><E134/><V122/><F135/><W113/><G113/><T94/><D73/><U80/><E35/><V118/><F108/><W124/><G111/><T43/><D34/><U127/><E127/><V70/><F122/><W36/><G36/><T16/><D43/><U88/><E41/><V23/><F103/><W82/><G124/><T50/><D61/><U7/><E56/><V132/><F118/><W55/><G117/><T121/><D121/><U44/><E44/><V101/><F101/><W77/><G107/><T4/><D22/><U67/><E67/><V62/><F51/><W133/><G133/><T64/><D64/><U96/><E33/><V20/><F70/><W75/><G49/><T15/><D45/><U123/><E26/><V12/><F91/><W109/><G109/><T130/><D130/><U126/><E126/><V69/><F69/><W28/><REACH who="3" step="1"/><G30/><REACH who="3" ten="250,250,250,240" step="2"/><T98/><AGARI ba="0,1" hai="4,8,9,10,15,16,21,25,46,50,54,89,94,98" machi="98" ten="20,12000,1" yaku="0,1,7,1,8,1,52,1,54,1" doraHai="11" who="0" fromWho="0" sc="250,130,250,-40,250,-40,240,-40" /><INIT seed="0,1,0,2,0,35" ten="380,210,210,200" oya="0" hai0="72,87,61,83,70,34,118,128,32,10,39,135,51" hai1="59,26,74,113,44,15,11,40,77,45,41,18,58" hai2="90,85,24,5,47,60,17,81,122,82,86,129,6" hai3="78,12,131,75,66,63,62,107,110,54,127,117,103"/><T22/><D118/><U79/><E113/><V2/><F122/><W43/><G117/><T13/><D39/><U102/><E102/><V69/><F129/><W88/><G131/><T132/><D72/><U91/><E74/><V37/><F2/><W0/><G0/><T108/><D128/><U93/><E26/><V19/><F37/><W94/><G43/><N who="1" m="16458" /><E59/><V89/><F47/><N who="1" m="17993" /><E58/><V3/><F3/><W55/><G110/><T98/><D32/><U30/><E30/><V133/><F133/><W105/><G105/><T112/><D34/><U49/><E49/><V104/><F104/><W95/><G95/><T68/><D51/><U123/><E123/><V29/><F29/><W97/><G12/><T42/><D42/><U101/><E101/><V20/><REACH who="2" step="1"/><F17/><REACH who="2" ten="380,210,200,200" step="2"/><W134/><G134/><T114/><D114/><U8/><E8/><V14/><F14/><W67/><G127/><T121/><D13/><U21/><E11/><V84/><F84/><AGARI ba="1,1" hai="15,18,21,77,79,84,91,93" m="17993,16458" machi="84" ten="30,1000,0" yaku="8,1" doraHai="35" who="1" fromWho="2" sc="380,0,210,23,200,-13,200,0" /><INIT seed="1,0,0,1,0,2" ten="380,233,187,200" oya="1" hai0="94,28,56,9,43,60,89,133,85,62,109,93,73" hai1="91,112,68,23,96,128,42,37,99,57,101,27,120" hai2="97,52,123,88,67,25,127,63,117,33,59,20,30" hai3="107,38,45,118,80,125,36,16,64,124,77,121,110"/><U17/><E112/><V49/><F123/><W48/><G107/><T105/><D105/><U58/><E120/><V130/><F117/><W11/><G64/><T18/><D73/><U126/><E68/><V116/><F116/><W65/><G65/><T102/><D109/><U114/><E114/><V131/><F127/><N who="3" m="48715" /><G110/><T8/><D133/><U86/><E126/><V44/><REACH who="2" step="1"/><F20/><REACH who="2" ten="380,233,177,200" step="2"/><W111/><G118/><T134/><D134/><U24/><E23/><V4/><F4/><W113/><G121/><T71/><D71/><U47/><E128/><V21/><F21/><W12/><G111/><T87/><D8/><U39/><E27/><V31/><F31/><W46/><G113/><T115/><D28/><U50/><E24/><V78/><F78/><W15/><G77/><T22/><D9/><U104/><E17/><V19/><F19/><W0/><G16/><T75/><D18/><U83/><REACH who="1" step="1"/><E99/><REACH who="1" ten="380,223,177,200" step="2"/><V51/><F51/><W98/><G98/><N who="0" m="59735" /><D22/><U55/><E55/><V32/><F32/><W90/><G48/><T69/><D69/><U79/><E79/><V5/><F5/><W7/><G38/><AGARI ba="0,2" hai="37,38,39,42,47,50,57,58,83,86,91,96,101,104" machi="38" ten="40,2000,0" yaku="1,1,53,0" doraHai="2" doraHaiUra="14" who="1" fromWho="3" sc="380,0,223,40,177,0,200,-20" /><INIT seed="1,1,0,1,3,74" ten="380,263,177,180" oya="1" hai0="125,42,84,64,99,1,67,108,129,37,119,94,72" hai1="127,86,43,82,68,111,44,4,105,52,75,28,131" hai2="77,34,30,12,121,87,53,33,109,122,48,25,93" hai3="76,16,32,23,8,58,120,11,113,40,133,19,115"/><U91/><E127/><V132/><F34/><W29/><G120/><T49/><D119/><U36/><E131/><V102/><F109/><W62/><G32/><T88/><D72/><U73/><E111/><V10/><F132/><W41/><G133/><T20/><D37/><U104/><E68/><V106/><F106/><W27/><G113/><T89/><D1/><U21/><E75/><V39/><F39/><W117/><G115/><T80/><D129/><U90/><E4/><V116/><F116/><W79/><G117/><T7/><D7/><U130/><E130/><V14/><F14/><N who="3" m="7263" /><G19/><T35/><D35/><U2/><E2/><V0/><F0/><W38/><G38/><T61/><D61/><U96/><E73/><V45/><F102/><W6/><G8/><T69/><D69/><U81/><E96/><V26/><F26/><W135/><G6/><T22/><D125/><U17/><E28/><V13/><F13/><W51/><G135/><T95/><D80/><U46/><E82/><V112/><F112/><W63/><G63/><T24/><D108/><U110/><E110/><V126/><F126/><W9/><G9/><T59/><D20/><U57/><E91/><V18/><F93/><W103/><G103/><T55/><REACH who="0" step="1"/><D42/><REACH who="0" ten="370,263,177,180" step="2"/><N who="3" m="16489" /><G51/><T60/><D60/><N who="1" m="35879" /><E36/><V85/><F122/><W65/><AGARI ba="1,1" hai="23,27,29,58,62,65,76,79" m="16489,7263" machi="65" ten="30,7900,0" yaku="8,1,52,2,54,1" doraHai="74" who="3" fromWho="3" sc="370,-21,263,-40,177,-21,180,92" /><INIT seed="2,0,0,0,1,84" ten="349,223,156,272" oya="2" hai0="10,114,115,98,58,25,37,50,63,18,65,69,34" hai1="9,97,16,79,80,124,32,68,104,121,126,117,53" hai2="6,111,70,71,129,22,78,1,36,113,40,77,57" hai3="82,56,27,108,132,47,21,30,62,103,20,131,75"/><V109/><F113/><W105/><G108/><N who="2" m="41545" /><F129/><W38/><G132/><T133/><D37/><U101/><E117/><V33/><F33/><W107/><G131/><T8/><D133/><U92/><E121/><V134/><F134/><W112/><G112/><T72/><D72/><N who="1" m="43111" /><E32/><V100/><F100/><W39/><G103/><T48/><D98/><U89/><E68/><N who="2" m="26155" /><F57/><W44/><G56/><T125/><D69/><U54/><E104/><V91/><F91/><W130/><G130/><T88/><D34/><U94/><E94/><V83/><F22/><W86/><G21/><N who="0" m="13495" /><D114/><U60/><E101/><V43/><F36/><W4/><G20/><T127/><D88/><N who="1" m="55431" /><E60/><V26/><F26/><W15/><G62/><T99/><D115/><U31/><E89/><V13/><F1/><W2/><G2/><T29/><D99/><U55/><E31/><V45/><F45/><W81/><G47/><T41/><D29/><U5/><E5/><V52/><F6/><W49/><G44/><T120/><D63/><U128/><E128/><V122/><F122/><W59/><G4/><T19/><D120/><U12/><E55/><V64/><F64/><W3/><G3/><T116/><D65/><U23/><E23/><V14/><F52/><W67/><G67/><T11/><D58/><U95/><E95/><V85/><F78/><W123/><G59/><T46/><D46/><U119/><E119/><V24/><F24/><W87/><G27/><T28/><D116/><U93/><E93/><V90/><F77/><W61/><G123/><T73/><D28/><U76/><E76/><V102/><F102/><RYUUKYOKU ba="0,0" sc="349,-15,223,15,156,15,272,-15" hai1="9,12,16,53,54,124,126" hai2="13,14,40,43,83,85,90" /><INIT seed="2,1,0,3,4,66" ten="334,238,171,257" oya="2" hai0="91,25,106,60,8,22,133,32,41,124,51,84,90" hai1="101,88,21,18,128,75,2,14,80,122,16,86,117" hai2="37,46,116,132,67,40,68,108,48,11,77,72,78" hai3="85,43,29,69,33,95,20,1,35,28,63,23,107"/><V125/><F116/><W45/><G1/><T49/><D106/><U92/><E117/><V120/><F120/><W110/><G107/><T129/><D32/><U15/><E122/><V96/><F125/><W55/><G110/><T50/><D124/><U76/><E128/><V105/><F108/><W31/><G35/><T47/><D129/><U131/><E131/><V44/><F132/><W119/><G33/><T58/><D8/><U34/><E34/><V7/><F72/><W36/><G119/><T12/><D12/><U98/><E2/><V13/><F105/><W9/><G9/><T27/><D133/><U104/><E18/><V30/><F30/><W123/><G123/><T59/><D59/><U10/><E10/><V121/><F96/><W93/><G85/><T109/><D109/><U89/><E89/><N who="0" m="33801" /><D84/><U26/><AGARI ba="1,0" hai="14,15,16,21,26,75,76,80,86,88,92,98,101,104" machi="26" ten="20,12000,2" yaku="0,1,7,1,24,2,54,2" doraHai="66" who="1" fromWho="1" sc="334,-31,238,123,171,-61,257,-31" /><INIT seed="3,0,0,3,4,28" ten="303,361,110,226" oya="3" hai0="68,114,99,113,11,87,84,123,116,8,62,40,18" hai1="73,119,118,7,36,71,32,53,102,115,117,14,38" hai2="55,93,96,16,41,19,100,82,54,69,39,30,105" hai3="98,112,78,128,70,85,72,122,107,63,91,126,83"/><W92/><G122/><T29/><D123/><U4/><E115/><N who="0" m="44041" /><D116/><U76/><E71/><V130/><F69/><W35/><G112/><T111/><D111/><U12/><E102/><V74/><F130/><W59/><G126/><T22/><D40/><U2/><E32/><V89/><F30/><W43/><G128/><T34/><D99/><U47/><E2/><V77/><F41/><W52/><G43/><T24/><D62/><U23/><E76/><V129/><F39/><N who="1" m="14889" /><E73/><V110/><F110/><W42/><G42/><T66/><D66/><U9/><E23/><V108/><F108/><W10/><G70/><T37/><D37/><U60/><E60/><V45/><F129/><W15/><G35/><T27/><D68/><U13/><E9/><AGARI ba="0,0" hai="8,9,11,18,22,24,27,29,34,84,87" m="44041" machi="9" ten="30,2000,0" yaku="11,1,52,1" doraHai="28" who="0" fromWho="1" sc="303,20,361,-20,110,0,226,0" /><INIT seed="4,0,0,0,5,122" ten="323,341,110,226" oya="0" hai0="6,23,7,37,72,68,104,48,78,121,130,33,5" hai1="70,98,120,43,74,73,0,25,58,116,103,17,91" hai2="40,65,100,18,64,4,80,128,29,35,115,108,90" hai3="67,129,127,56,86,105,28,131,87,8,32,113,52"/><T79/><D37/><U14/><E120/><V12/><F100/><W97/><G67/><T24/><D121/><U9/><E70/><V51/><F128/><N who="3" m="49227" /><G113/><T46/><D33/><U110/><E116/><V44/><F115/><W26/><G8/><T59/><D68/><U39/><E0/><V126/><F126/><W38/><G38/><T34/><D34/><U77/><E91/><V111/><F64/><W92/><G105/><T42/><D72/><U88/><E77/><V63/><F4/><W1/><G1/><T50/><D104/><U99/><E43/><V123/><F123/><W16/><G16/><N who="0" m="12391" /><D130/><U107/><E39/><V49/><F49/><N who="3" m="30735" /><G127/><T94/><D94/><U134/><E9/><V75/><F29/><W15/><G15/><T101/><D101/><AGARI ba="0,0" hai="26,28,32,86,87,92,97,101" m="30735,49227" machi="101" ten="30,2000,0" yaku="19,1,54,1" doraHai="122" who="3" fromWho="0" sc="323,-20,341,0,110,0,226,20" /><INIT seed="5,0,0,5,1,69" ten="303,341,110,246" oya="1" hai0="73,48,12,135,107,57,28,33,62,132,80,64,30" hai1="105,26,91,51,68,109,76,114,74,83,86,34,7" hai2="89,40,113,104,22,129,16,70,106,122,11,20,115" hai3="46,53,15,0,102,133,117,14,128,13,118,52,87"/><U130/><E114/><N who="2" m="43531" /><F129/><W121/><G121/><T49/><D107/><N who="2" m="41002" /><F122/><W18/><G0/><T10/><D80/><U37/><E68/><V78/><F70/><W9/><G102/><T92/><D92/><U82/><E105/><V63/><F63/><W99/><G99/><T61/><D61/><U59/><E7/><V31/><F78/><W27/><G128/><T38/><D73/><U119/><E119/><V45/><F31/><N who="0" m="11818" /><D38/><U32/><E37/><N who="2" m="21647" /><F89/><W36/><G118/><T123/><D33/><U17/><E91/><V77/><F77/><W75/><G117/><T110/><D110/><U58/><E76/><V125/><F125/><W85/><G75/><T42/><D123/><U84/><E74/><V126/><F126/><W71/><G71/><T3/><D42/><U4/><E34/><V88/><F88/><W116/><G87/><T96/><D96/><U72/><E84/><V6/><F6/><W41/><G85/><T21/><D21/><U25/><E86/><V5/><F5/><W134/><G116/><T24/><D62/><U67/><E32/><V94/><F94/><W47/><G9/><T79/><D10/><U29/><E72/><V55/><F55/><W56/><G53/><T127/><D79/><U1/><E130/><V39/><F39/><W103/><G36/><T108/><D127/><U81/><E4/><V2/><F2/><W100/><G52/><T54/><D3/><U90/><E1/><V93/><F93/><W120/><G120/><T131/><D54/><U98/><E29/><V101/><F101/><W65/><G103/><T66/><D131/><RYUUKYOKU ba="0,0" sc="303,-10,341,-10,110,30,246,-10" hai2="11,16,20,22" /><INIT seed="6,1,0,4,2,95" ten="293,331,140,236" oya="2" hai0="111,91,75,86,115,110,34,63,37,72,4,13,0" hai1="85,96,105,48,60,88,92,84,113,14,40,29,45" hai2="65,77,101,93,47,133,7,3,124,55,119,114,56" hai3="19,61,44,90,76,18,132,15,42,50,134,51,1"/><V73/><F119/><W127/><G1/><T59/><D37/><U26/><E113/><V12/><F3/><W10/><G127/><T9/><D34/><U39/><E105/><V52/><F114/><W87/><G76/><T109/><D115/><U25/><E39/><V118/><F118/><W8/><G61/><T117/><D0/><U35/><E14/><V123/><F123/><W107/><G107/><T69/><D69/><U82/><E82/><V100/><F124/><W68/><G68/><T74/><D117/><U21/><E60/><N who="2" m="38023" /><F73/><W128/><G128/><T49/><D49/><U78/><REACH who="1" step="1"/><E78/><REACH who="1" ten="293,321,140,236" step="2"/><V46/><F77/><W20/><G15/><T53/><REACH who="0" step="1"/><D75/><REACH who="0" ten="283,321,140,236" step="2"/><U5/><E5/><V83/><F7/><W11/><G50/><T135/><D135/><U98/><E98/><N who="2" m="59471" /><F133/><W106/><G51/><T129/><D129/><U67/><E67/><V22/><F83/><AGARI ba="1,2" hai="4,9,13,53,59,63,72,74,83,86,91,109,110,111" machi="83" ten="40,2600,0" yaku="1,1,53,1" doraHai="95" doraHaiUra="80" who="0" fromWho="2" sc="283,49,321,0,140,-29,236,0" /><INIT seed="7,0,0,2,5,75" ten="332,321,111,236" oya="3" hai0="41,81,124,34,28,85,17,58,127,117,64,3,100" hai1="115,109,61,78,23,62,55,131,79,108,26,13,105" hai2="94,87,36,33,99,63,67,27,93,134,103,119,50" hai3="98,111,9,49,73,31,69,126,89,82,132,135,86"/><W38/><G38/><T24/><D117/><U71/><E105/><V54/><F36/><W113/><G69/><T37/><D3/><U121/><E121/><V80/><F119/><W32/><G31/><T116/><D116/><U122/><E122/><V123/><F123/><W130/><G32/><T120/><D120/><U107/><E107/><V30/><F134/><W11/><G49/><T18/><D100/><U51/><E115/><V21/><F33/><W74/><G9/><T129/><D129/><U40/><E131/><V95/><F50/><W12/><G12/><T10/><D10/><U76/><E40/><V52/><F94/><W48/><G11/><T14/><D14/><U29/><E13/><V6/><F95/><W1/><G1/><T96/><D96/><U57/><REACH who="1" step="1"/><E71/><REACH who="1" ten="332,311,111,236" step="2"/><V118/><F118/><W4/><G4/><T45/><D64/><U20/><E20/><V106/><F6/><W25/><G25/><T84/><D58/><U22/><E22/><V35/><F106/><W15/><G15/><T88/><REACH who="0" step="1"/><D85/><REACH who="0" ten="322,311,111,236" step="2"/><U47/><E47/><V114/><F114/><W102/><G113/><T91/><D91/><U66/><E66/><V133/><F133/><W53/><G130/><T60/><D60/><AGARI ba="0,2" hai="23,26,29,51,55,57,60,61,62,76,78,79,108,109" machi="60" ten="40,12000,2" yaku="1,1,52,3,53,3" doraHai="75" doraHaiUra="59" who="1" fromWho="0" sc="322,-120,311,140,111,0,236,0" owari="202,-20.0,451,55.0,111,-39.0,236,4.0" /></mjloggm>