<mjloggm ver="2.3"><GO type="169" lobby="0"/><UN n0="%4C%69%6C%69%6D" n1="%E3%82%A6%E3%83%AB%E3%83%88%E3%83%A9%E7%AB%8B%E7%9B%B4" n2="%E3%82%AF%E3%83%AD%E3%83%8E%E3%82%B9%40" n3="%66%6F%6F%6C%5F%6B%65%79" dan="17,16,19,16" rate="2206.95,2145.40,2296.44,2094.83" sx="F,M,M,M"/><TAIKYOKU oya="0"/><INIT seed="0,0,0,4,0,108" ten="250,250,250,250" oya="0" hai0="110,116,132,111,51,72,32,14,17,60,67,2,133" hai1="31,16,27,7,55,8,40,19,63,46,35,84,103" hai2="48,25,44,49,38,122,106,54,86,85,20,78,9" hai3="115,37,66,53,89,57,65,52,64,11,6,79,128"/><T43/><D116/><U135/><E135/><N who="0" m="51785" /><D72/><U94/><E55/><N who="3" m="21066" /><G115/><T104/><D104/><U4/><E63/><V117/><F38/><W119/><G128/><T83/><D2/><U101/><E7/><V45/><F106/><W121/><G121/><T87/><D32/><U74/><E74/><V24/><F122/><W77/><G37/><T22/><D51/><U91/><E101/><V3/><F117/><W58/><G119/><T50/><D50/><U92/><E103/><V12/><F3/><W21/><G21/><T36/><D43/><U125/><E125/><V18/><F78/><N who="3" m="29707" /><G11/><T61/><D36/><U41/><E94/><V118/><F118/><W82/><G6/><T96/><D96/><U15/><REACH who="1" step="1"/><E41/><REACH who="1" ten="250,240,250,250" step="2"/><N who="2" m="24591" /><F25/><W68/><G68/><N who="0" m="42087" /><D61/><U56/><E56/><V126/><F126/><W81/><G89/><AGARI ba="0,1" hai="14,17,22,83,87,89,110,111" m="42087,51785" machi="89" ten="30,1500,0" yaku="20,1" doraHai="108" who="0" fromWho="3" sc="250,25,240,0,250,0,250,-15" /><INIT seed="0,1,0,2,5,30" ten="275,240,250,235" oya="0" hai0="72,69,78,126,47,38,29,74,100,92,28,134,83" hai1="5,77,26,90,121,106,25,57,20,85,10,116,54" hai2="16,132,35,51,59,6,62,75,87,12,63,114,110" hai3="9,23,76,113,89,129,3,107,94,84,41,117,67"/><T120/><D120/><U109/><E121/><V40/><F75/><W119/><G107/><T19/><D69/><U80/><E116/><V86/><F114/><W4/><G113/><T0/><D0/><U52/><E109/><V111/><F132/><W18/><G129/><T21/><D134/><U123/><E123/><V66/><F6/><W131/><G131/><T32/><D32/><U104/><E77/><V65/><F35/><W11/><G11/><T61/><D74/><U45/><E45/><V55/><F40/><W95/><G67/><T99/><D61/><N who="2" m="23050" /><F111/><W53/><G53/><T8/><D8/><U79/><E25/><V125/><F125/><W64/><G64/><N who="2" m="24681" /><F110/><W42/><G76/><T7/><D7/><U56/><E79/><V13/><F13/><W71/><G71/><T1/><D1/><U82/><E80/><V17/><F17/><W102/><G119/><T14/><REACH who="0" step="1"/><D126/><REACH who="0" ten="265,240,250,235" step="2"/><U124/><E124/><V15/><F15/><W130/><G117/><T70/><D70/><U97/><E10/><AGARI ba="1,1" hai="10,12,16,51,55,59,86,87" m="24681,23050" machi="10" ten="30,2000,0" yaku="8,1,54,1" doraHai="30" who="2" fromWho="1" sc="265,0,240,-23,250,33,235,0" /><INIT seed="1,0,0,2,1,45" ten="265,217,283,235" oya="1" hai0="80,46,53,117,23,99,93,44,94,1,96,67,25" hai1="28,64,69,26,86,51,24,22,47,132,21,16,100" hai2="7,27,36,68,95,135,41,85,56,43,71,98,65" hai3="105,82,15,61,89,113,74,114,116,103,123,37,4"/><U130/><E130/><V48/><F135/><W119/><G15/><T81/><D1/><U125/><E125/><V120/><F120/><W2/><G61/><T118/><D67/><U34/><E132/><V122/><F122/><W54/><G123/><T10/><D10/><U128/><E128/><V13/><F36/><W12/><G12/><T18/><D53/><U90/><E100/><V79/><F68/><W32/><G89/><N who="0" m="55343" /><D118/><U126/><E126/><V5/><F27/><W115/><G54/><T108/><D108/><U57/><E69/><V88/><F71/><W106/><G32/><T78/><D117/><N who="3" m="45129" /><G37/><T77/><D81/><N who="1" m="49487" /><E34/><V73/><F73/><W62/><G62/><T102/><D80/><U30/><E64/><V107/><F107/><N who="3" m="40971" /><G103/><T39/><D39/><U59/><E30/><V70/><F70/><W0/><G4/><N who="2" m="1609" /><F13/><W75/><G82/><T92/><D92/><U58/><E58/><V84/><F65/><W76/><G76/><AGARI ba="0,0" hai="18,23,25,44,46,76,77,78,94,99,102" m="55343" machi="76" ten="30,1000,0" yaku="8,1" doraHai="45" who="0" fromWho="3" sc="265,10,217,0,283,0,235,-10" /><INIT seed="2,0,0,2,1,57" ten="275,217,283,225" oya="2" hai0="16,59,55,91,77,17,1,18,22,3,104,73,72" hai1="94,103,2,52,133,49,51,61,69,32,68,89,26" hai2="41,78,111,60,93,115,36,90,29,27,14,101,11" hai3="110,70,0,96,83,114,66,106,10,12,119,43,38"/><V44/><F115/><W33/><G12/><T132/><D104/><U28/><E133/><V56/><F78/><W63/><G119/><T126/><D132/><U81/><E2/><V21/><F111/><W9/><G9/><T74/><D77/><U109/><E109/><V15/><F11/><W25/><G83/><T24/><D91/><U102/><E81/><V4/><F4/><W31/><G110/><T30/><REACH who="0" step="1"/><D126/><REACH who="0" ten="265,217,283,225" step="2"/><U65/><E102/><V86/><REACH who="2" step="1"/><F101/><REACH who="2" ten="265,217,273,225" step="2"/><N who="3" m="62759" /><G114/><T123/><D123/><U8/><E103/><V82/><F82/><W100/><G100/><T20/><D20/><U67/><E8/><V105/><F105/><W97/><G10/><T125/><D125/><U5/><E5/><V118/><F118/><W107/><G107/><T127/><D127/><U46/><E89/><V23/><F23/><W64/><G33/><T40/><D40/><U95/><E94/><V130/><F130/><W135/><G43/><T84/><D84/><U76/><E95/><V48/><F48/><AGARI ba="0,2" hai="1,3,16,17,18,22,24,30,48,55,59,72,73,74" machi="48" ten="50,8000,1" yaku="1,1,54,1,53,2" doraHai="57" doraHaiUra="35" who="0" fromWho="2" sc="265,100,217,0,273,-80,225,0" /><INIT seed="3,0,0,1,2,101" ten="365,217,193,225" oya="3" hai0="83,4,56,100,96,90,89,121,81,117,37,48,44" hai1="22,95,0,80,118,27,103,119,85,52,70,62,123" hai2="24,1,5,59,87,72,97,112,69,73,68,133,40" hai3="57,71,129,34,104,21,125,113,60,45,6,91,23"/><W122/><G71/><T102/><D121/><U46/><E0/><V66/><F112/><W115/><G34/><T128/><D117/><N who="1" m="44555" /><E123/><V99/><F133/><W51/><G104/><T15/><D37/><U19/><E70/><V9/><F40/><N who="3" m="24999" /><G122/><T39/><D39/><U16/><E103/><N who="0" m="39465" /><D56/><N who="1" m="35079" /><E46/><V84/><F69/><W31/><G6/><T106/><D106/><U76/><E95/><V127/><F68/><W111/><G31/><AGARI ba="0,0" hai="16,19,22,27,31,76,80,85" m="35079,44555" machi="31" ten="30,3900,0" yaku="12,1,54,2" doraHai="101" who="1" fromWho="3" sc="365,0,217,39,193,0,225,-39" /><INIT seed="4,0,0,1,4,67" ten="365,256,193,186" oya="0" hai0="131,41,52,30,3,85,128,124,133,86,47,123,4" hai1="64,73,15,135,94,130,59,118,132,12,81,24,34" hai2="66,72,5,32,89,113,39,120,102,79,80,60,38" hai3="57,33,65,83,14,17,111,129,116,61,18,125,0"/><T8/><D123/><U70/><E118/><V77/><F120/><W88/><G111/><T10/><D133/><N who="1" m="51275" /><E130/><N who="0" m="49705" /><D124/><U134/><E134/><V53/><F113/><W100/><G33/><T109/><D30/><N who="1" m="19783" /><E59/><V51/><F79/><W35/><G35/><T16/><D109/><U106/><E106/><V69/><F32/><W26/><G0/><T108/><D108/><U95/><E94/><V22/><F102/><W45/><G100/><T126/><D126/><U117/><E117/><V82/><F5/><W44/><G125/><T54/><D86/><U58/><E58/><V2/><F2/><W87/><G116/><T27/><D85/><U93/><E95/><V21/><F82/><W20/><REACH who="3" step="1"/><G129/><REACH who="3" ten="365,256,193,176" step="2"/><T104/><D3/><U103/><E103/><V9/><F89/><W115/><G115/><T62/><D104/><U90/><E90/><V6/><F38/><W68/><G68/><T121/><D121/><U75/><E70/><V91/><F39/><W11/><AGARI ba="0,1" hai="11,14,17,18,20,26,44,45,57,61,65,83,87,88" machi="11" ten="20,8000,1" yaku="1,1,0,1,7,1,8,1,54,1,53,0" doraHai="67" doraHaiUra="29" who="3" fromWho="3" sc="365,-40,256,-20,193,-20,176,90" /><INIT seed="5,0,0,1,2,134" ten="325,236,173,266" oya="1" hai0="35,4,99,108,2,126,101,95,106,46,78,45,123" hai1="114,125,113,87,96,117,12,109,6,22,21,66,135" hai2="82,70,89,118,52,19,43,23,29,15,103,80,8" hai3="17,112,60,55,34,98,81,47,130,24,57,5,48"/><U49/><E117/><V37/><F70/><W14/><G112/><N who="1" m="43114" /><E135/><V122/><F122/><W32/><G130/><T41/><D108/><U94/><E109/><V90/><F118/><W56/><G5/><T102/><D35/><U53/><E66/><V128/><F103/><W28/><G98/><T93/><D123/><U124/><E87/><V42/><F128/><W58/><G81/><T27/><D78/><U11/><E22/><V111/><F111/><W105/><G105/><T68/><D68/><U30/><E21/><V97/><F37/><W85/><G85/><T69/><D69/><U9/><E9/><V83/><F97/><W120/><G32/><T0/><D106/><U133/><E30/><V39/><F39/><W73/><G73/><T13/><D99/><U129/><E129/><V86/><F90/><W18/><G120/><T121/><D121/><U79/><E79/><V40/><F29/><W20/><REACH who="3" step="1"/><G18/><REACH who="3" ten="325,236,173,256" step="2"/><T31/><D4/><U54/><E133/><V91/><F86/><W132/><G132/><T75/><D75/><U64/><E96/><V63/><REACH who="2" step="1"/><F23/><REACH who="2" ten="325,236,163,256" step="2"/><W71/><G71/><T92/><D102/><U107/><E107/><V61/><F61/><AGARI ba="0,2" hai="14,17,20,24,28,34,47,48,55,56,57,58,60,61" machi="61" ten="40,1300,0" yaku="1,1,53,0" doraHai="134" doraHaiUra="88" who="3" fromWho="2" sc="325,0,236,0,163,-13,256,33" /><INIT seed="6,0,0,2,1,119" ten="325,236,150,289" oya="2" hai0="104,3,53,35,120,76,27,73,56,51,68,29,78" hai1="14,25,46,95,127,70,58,134,15,52,115,129,12" hai2="64,128,123,90,122,24,89,74,44,8,135,11,5" hai3="85,79,93,31,111,13,102,59,65,42,36,87,107"/><V0/><F74/><W34/><G111/><T117/><D3/><U60/><E127/><V71/><F24/><W83/><G107/><T67/><D104/><U106/><E106/><V99/><F44/><W82/><G36/><T101/><D101/><U72/><E72/><V133/><F11/><W86/><G34/><T45/><D68/><U66/><E115/><V131/><F64/><W41/><G31/><T18/><D117/><U6/><E129/><N who="2" m="49739" /><F71/><W48/><G13/><T91/><D67/><U130/><E130/><V113/><F113/><W94/><G102/><T23/><D45/><U97/><E134/><N who="2" m="51211" /><F99/><W121/><G65/><T81/><D27/><U124/><E124/><V92/><F92/><W54/><G87/><T63/><D73/><U26/><E6/><V2/><F0/><W21/><G21/><T7/><D35/><U43/><E70/><V105/><F105/><W116/><G93/><T16/><D23/><U77/><E66/><V20/><F20/><W4/><G94/><T110/><D81/><U80/><E46/><V39/><F39/><W9/><G86/><T40/><D76/><U98/><E43/><V1/><F1/><W38/><G82/><T61/><D40/><U22/><E22/><V47/><F47/><W50/><G38/><T100/><D78/><U30/><E95/><V57/><F57/><W10/><G41/><T69/><D56/><U37/><E37/><V125/><F125/><W33/><G42/><T103/><D69/><U19/><E26/><V112/><F112/><W28/><G59/><T96/><D96/><U17/><E98/><RYUUKYOKU ba="0,0" sc="325,-10,236,-10,150,30,289,-10" hai2="2,5,8,89,90,122,123" /><INIT seed="6,1,0,4,0,116" ten="315,226,180,279" oya="2" hai0="95,128,35,117,58,56,101,100,41,74,55,16,54" hai1="63,89,119,17,102,83,23,59,96,86,70,32,112" hai2="79,37,77,5,10,114,85,15,2,24,135,27,38" hai3="28,133,109,124,22,76,30,84,4,120,57,90,31"/><V7/><F114/><W42/><G109/><T97/><D35/><U127/><E112/><V110/><F110/><W66/><G133/><T26/><D74/><U51/><E32/><V134/><F15/><W123/><G124/><T111/><D111/><U0/><E0/><V69/><F69/><W65/><G42/><T9/><D128/><U46/><E127/><V21/><F85/><W80/><G4/><T25/><D41/><U125/><E125/><V6/><F10/><W129/><G129/><T93/><D117/><U67/><E119/><V52/><F52/><N who="0" m="20010" /><D95/><N who="1" m="58655" /><E70/><V45/><F45/><W64/><G22/><T106/><D101/><U29/><E29/><V132/><F2/><W39/><G39/><N who="2" m="14857" /><F21/><W121/><REACH who="3" step="1"/><G76/><AGARI ba="1,0" hai="5,6,7,24,27,76,77,79,132,134,135" m="14857" machi="76" ten="40,7700,0" yaku="28,2,20,1" doraHai="116" who="2" fromWho="3" sc="315,0,226,0,180,80,279,-80" /><INIT seed="6,2,0,5,2,22" ten="315,226,260,199" oya="2" hai0="135,23,62,124,14,105,86,80,118,75,7,3,64" hai1="65,50,51,126,31,39,13,107,115,70,74,96,46" hai2="87,4,21,73,131,104,97,114,8,133,93,94,103" hai3="112,43,34,52,53,41,98,1,30,66,18,106,102"/><V16/><F73/><W91/><G1/><T25/><D105/><U113/><E126/><V42/><F114/><N who="1" m="43529" /><E74/><V19/><F131/><W17/><G112/><T63/><D75/><U123/><E123/><V130/><F133/><W61/><G91/><T5/><D3/><U77/><E77/><V108/><F108/><W79/><G79/><T35/><D35/><U120/><E120/><V37/><F130/><W60/><G17/><T69/><D124/><U109/><E109/><V49/><F37/><W88/><G18/><T127/><D127/><U82/><E82/><V47/><F87/><W12/><G12/><T95/><D95/><U117/><E13/><V56/><F56/><N who="3" m="34823" /><G53/><T111/><D118/><U27/><E117/><V125/><F19/><W100/><G100/><T110/><D135/><U72/><E72/><V122/><F125/><W57/><G57/><T134/><D134/><U101/><E70/><V6/><F122/><W24/><G88/><N who="0" m="51271" /><D110/><U26/><E65/><V38/><F38/><W81/><G81/><T20/><D64/><U28/><E39/><V33/><F33/><W71/><AGARI ba="2,0" hai="24,30,34,41,43,61,66,71,98,102,106" m="34823" machi="71" ten="30,4000,0" yaku="25,1,52,1,54,1" doraHai="22" who="3" fromWho="3" sc="315,-12,226,-12,260,-22,199,46" /><INIT seed="7,0,0,2,0,48" ten="303,214,238,245" oya="3" hai0="32,75,133,87,41,51,6,128,77,122,11,110,38" hai1="46,109,49,52,61,39,31,115,2,82,134,92,24" hai2="26,25,85,9,8,37,81,105,42,36,53,64,94" hai3="60,17,96,66,131,15,72,59,123,126,113,44,18"/><W20/><G72/><T124/><D122/><U86/><E109/><V84/><F105/><W132/><G123/><T119/><D32/><U63/><E115/><V90/><F64/><W7/><G113/><T54/><D110/><U68/><E134/><V116/><F116/><W10/><G132/><T23/><D119/><U74/><E68/><V125/><F125/><W71/><G126/><T107/><D128/><U89/><E2/><V70/><F70/><W104/><G131/><T21/><D87/><U100/><E39/><V69/><F69/><W33/><G33/><T83/><D107/><U65/><E65/><V114/><F114/><W106/><G71/><T97/><D97/><N who="1" m="59431" /><E74/><V45/><F37/><W35/><G35/><T4/><D4/><U1/><E1/><V55/><F8/><W135/><G135/><T108/><D108/><U50/><E50/><N who="2" m="26935" /><F9/><W130/><G130/><T34/><D34/><U111/><E111/><V88/><F36/><W102/><G106/><T29/><D124/><U3/><E3/><V80/><F80/><W99/><G99/><T43/><D133/><U57/><E57/><V47/><F47/><W103/><G103/><T40/><D38/><U12/><E12/><V5/><F5/><W78/><G44/><N who="0" m="28007" /><D6/><U127/><E127/><V67/><F67/><W13/><G7/><T121/><D121/><U120/><E120/><V76/><F90/><W58/><G58/><T98/><D11/><U118/><E118/><V19/><F26/><W73/><G73/><T28/><D98/><U62/><E24/><V27/><F25/><W95/><G104/><RYUUKYOKU ba="0,0" sc="303,0,214,0,238,0,245,0" hai0="21,23,28,29,40,41,43,75,77,83" hai1="31,46,49,52,61,62,63,82,86,89" hai2="19,27,53,55,76,81,84,85,88,94" hai3="10,13,15,17,18,20,59,60,66,78,95,96,102" /><INIT seed="7,1,0,5,0,18" ten="303,214,238,245" oya="3" hai0="89,86,49,25,117,103,47,1,114,39,50,91,72" hai1="112,133,23,111,21,63,71,8,115,64,34,13,53" hai2="79,54,61,12,19,62,43,105,106,118,96,41,65" hai3="113,56,10,93,20,134,127,24,68,0,14,7,94"/><W52/><G68/><T66/><D117/><U48/><E34/><V81/><F118/><W74/><G74/><T87/><D72/><U22/><E111/><V75/><F54/><W85/><G113/><N who="1" m="43594" /><E133/><V38/><F38/><W4/><G127/><T45/><D1/><U57/><E8/><V102/><F106/><W2/><G134/><T30/><D39/><U109/><E109/><V46/><F46/><N who="0" m="17418" /><D103/><U104/><E13/><V40/><REACH who="2" step="1"/><F65/><REACH who="2" ten="303,214,228,245" step="2"/><W69/><G0/><T108/><D66/><U73/><E73/><V90/><F90/><N who="3" m="53455" /><G2/><T36/><D114/><U107/><AGARI ba="1,1" hai="21,22,23,48,53,57,63,64,71,104,107" m="43594" machi="107" ten="40,8000,1" yaku="15,1,52,3" doraHai="18" who="1" fromWho="1" sc="303,-21,214,93,228,-21,245,-41" owari="282,8.0,307,41.0,207,-19.0,204,-30.0" /></mjloggm>