<mjloggm ver="2.3"><GO type="97" lobby="0"/><UN n0="%74%6F%73%69" n1="%E6%98%BC%E4%B8%8B%E3%81%8C%E3%82%8A%E3%81%AE%E5%9B%A3%E5%9C%B0%E5%A6%BB" n2="%E5%B0%B1%E6%B4%BB%E7%94%9F%40%E5%B7%9D%E6%9D%91%E8%BB%8D%E5%9B%A3" n3="%E5%86%B7%E5%8D%B4%E5%A1%94" dan="14,14,15,15" rate="1888.29,1889.47,1994.95,1994.11" sx="M,F,M,M"/><TAIKYOKU oya="0"/><INIT seed="0,0,0,4,2,36" ten="250,250,250,250" oya="0" hai0="31,70,82,6,20,126,104,55,122,40,8,9,67" hai1="38,22,35,65,76,58,114,0,50,112,83,125,15" hai2="121,91,29,56,79,115,77,87,21,128,113,101,103" hai3="18,69,34,109,81,129,94,64,97,11,62,46,118"/><T27/><D122/><U116/><E35/><V53/><F121/><W105/><G118/><T26/><D104/><U127/><E0/><V98/><F128/><W2/><G129/><T80/><D126/><N who="1" m="48139" /><E38/><V48/><F113/><N who="1" m="43625" /><E116/><V111/><F111/><W12/><G2/><T42/><D70/><U93/><E93/><N who="2" m="58575" /><F103/><W100/><G109/><T106/><D106/><U89/><E89/><V130/><F130/><W95/><G34/><T13/><D67/><U61/><E50/><V68/><F68/><W74/><REACH who="3" step="1"/><G46/><REACH who="3" ten="250,250,250,240" step="2"/><T107/><D107/><U52/><E65/><V51/><F115/><W1/><G1/><T33/><D55/><U86/><E15/><V16/><F53/><W4/><G4/><T24/><D9/><U28/><E22/><V32/><F32/><W90/><G90/><T10/><D10/><U102/><E102/><V30/><F77/><AGARI ba="0,1" hai="11,12,18,62,64,69,74,77,81,94,95,97,100,105" machi="77" ten="40,2600,0" yaku="1,1,53,1" doraHai="36" doraHaiUra="59" who="3" fromWho="2" sc="250,0,250,0,250,-26,240,36" /><INIT seed="1,0,0,3,1,110" ten="250,250,224,276" oya="1" hai0="127,22,64,105,47,111,24,125,92,107,36,19,103" hai1="15,75,42,73,124,122,6,40,29,5,116,118,128" hai2="121,46,35,93,23,3,88,117,10,37,59,131,70" hai3="14,25,91,112,56,45,79,87,113,120,81,95,4"/><U94/><E122/><V30/><F70/><W34/><G120/><T106/><D64/><U69/><E29/><V126/><F121/><W83/><G83/><T41/><D111/><U13/><E94/><V100/><F117/><W68/><G68/><T123/><D123/><U55/><E69/><V96/><F126/><W50/><G56/><T53/><D53/><U65/><E55/><V18/><F131/><W104/><G104/><T52/><D52/><U77/><E77/><V0/><F59/><W27/><G34/><T134/><D134/><U11/><E128/><V12/><F35/><W31/><G31/><T78/><D78/><U48/><E11/><V28/><F100/><W132/><G132/><T115/><D115/><N who="3" m="44105" /><G91/><T129/><D129/><U135/><E135/><V9/><F3/><W85/><G85/><T2/><D2/><U1/><E1/><V89/><F89/><W61/><G61/><T32/><D32/><U7/><E7/><V97/><F97/><W62/><G62/><T74/><D74/><U21/><E21/><V71/><F71/><W108/><G95/><T33/><D33/><U8/><E8/><N who="2" m="3179" /><F0/><W109/><G14/><T114/><D114/><U102/><E102/><V39/><F39/><W43/><G4/><T58/><D58/><U63/><E63/><V72/><F72/><W82/><G82/><T26/><D26/><N who="3" m="9737" /><G109/><T130/><D130/><U49/><E65/><V98/><F98/><W99/><G108/><T54/><D54/><U16/><E16/><V119/><F119/><W57/><G57/><T60/><D60/><U17/><E17/><RYUUKYOKU ba="0,0" sc="250,0,250,0,224,0,276,0" hai0="19,22,24,36,41,47,92,103,105,106,107,125,127" hai1="5,6,13,15,40,42,48,49,73,75,116,118,124" hai2="12,18,23,28,30,37,46,88,93,96" hai3="43,45,50,79,81,87,99" /><INIT seed="1,1,0,0,5,16" ten="250,250,224,276" oya="1" hai0="14,54,106,75,29,80,40,108,85,12,135,84,2" hai1="100,60,114,111,53,99,4,18,89,98,39,66,94" hai2="24,35,70,44,72,124,103,63,30,133,56,88,3" hai3="76,47,107,9,25,69,19,71,64,90,105,22,0"/><U123/><E114/><V17/><F72/><W58/><G76/><T74/><D2/><U57/><E39/><V6/><F124/><W92/><G47/><T134/><D106/><U8/><E123/><V130/><F130/><W122/><G122/><T118/><D118/><U62/><E111/><V125/><F125/><W115/><G115/><T23/><D108/><U65/><E18/><V96/><F133/><N who="0" m="50698" /><D40/><U36/><E36/><V112/><F112/><W77/><G77/><N who="0" m="46095" /><D85/><U101/><E89/><V110/><F110/><W102/><G107/><T121/><D121/><U68/><E68/><V132/><F132/><W26/><G105/><T81/><D81/><U131/><E131/><V37/><F70/><W11/><G102/><T87/><D87/><U95/><REACH who="1" step="1"/><E62/><REACH who="1" ten="250,240,224,276" step="2"/><V73/><F37/><W104/><G71/><T27/><D54/><U86/><E86/><V61/><F61/><W97/><G69/><T120/><D120/><U79/><E79/><V129/><F73/><AGARI ba="1,1" hai="12,14,23,27,29,73,74,75" m="46095,50698" machi="73" ten="30,2000,0" yaku="20,1,52,1" doraHai="16" who="0" fromWho="2" sc="250,33,240,0,224,-23,276,0" /><INIT seed="2,0,0,3,2,6" ten="283,240,201,276" oya="2" hai0="102,33,81,130,24,113,117,40,61,26,11,34,69" hai1="64,121,49,68,37,0,112,25,46,73,97,43,125" hai2="86,20,79,115,127,103,28,71,1,128,93,74,9" hai3="119,19,58,15,54,124,50,2,21,84,109,118,62"/><V116/><F71/><W38/><G38/><T30/><D117/><U16/><E112/><V95/><F115/><W105/><G109/><T78/><D113/><U88/><E73/><V80/><F116/><W29/><G124/><T120/><D130/><U39/><E125/><V47/><F127/><W55/><G105/><T12/><D120/><U104/><E0/><V126/><F126/><W59/><G2/><T13/><D40/><U57/><E68/><V31/><F128/><W67/><G29/><T44/><D102/><U27/><E121/><V42/><F103/><W7/><G7/><T90/><D90/><U82/><E104/><V4/><F20/><W72/><G72/><T111/><D44/><U5/><E5/><V66/><F66/><W110/><G110/><T45/><D45/><U134/><E134/><V122/><F122/><W91/><REACH who="3" step="1"/><G67/><REACH who="3" ten="283,240,201,266" step="2"/><T53/><D111/><U51/><E39/><N who="2" m="21983" /><F86/><W32/><G32/><T131/><D131/><U135/><E135/><V76/><F76/><W99/><G99/><T56/><D78/><U63/><E97/><V36/><F36/><W100/><G100/><T85/><D34/><U10/><E37/><V107/><F107/><W14/><G14/><T48/><D13/><N who="1" m="7223" /><E49/><V123/><F123/><W75/><G75/><T98/><D33/><U106/><E106/><V94/><AGARI ba="0,1" hai="1,4,9,28,31,74,79,80,93,94,95" m="21983" machi="94" ten="30,3000,0" yaku="25,1,52,1" doraHai="6" who="2" fromWho="2" sc="283,-10,240,-10,201,40,266,-10" /><INIT seed="2,1,0,5,0,107" ten="273,230,241,256" oya="2" hai0="35,14,24,125,99,104,112,127,122,90,13,79,118" hai1="41,47,49,116,83,117,32,10,106,20,54,109,64" hai2="129,5,105,131,102,121,82,27,124,31,15,80,55" hai3="29,65,37,70,63,12,33,68,87,17,77,62,26"/><V61/><F121/><W96/><G37/><T34/><D112/><U86/><E32/><V134/><F134/><W132/><G132/><T3/><D122/><U85/><E106/><V11/><F124/><N who="0" m="47690" /><D79/><U30/><E64/><V66/><F102/><W28/><G28/><N who="0" m="19719" /><D90/><U91/><E109/><V60/><F55/><W7/><G7/><T120/><D120/><U97/><E97/><V126/><F105/><W88/><G77/><T36/><D36/><U92/><E10/><V53/><F53/><W4/><G4/><T103/><D3/><U81/><E92/><V2/><F2/><W71/><G96/><T21/><D118/><U128/><E128/><N who="2" m="49227" /><F126/><W58/><G63/><N who="2" m="24137" /><F66/><W95/><REACH who="3" step="1"/><G71/><REACH who="3" ten="273,230,241,246" step="2"/><T76/><D76/><N who="1" m="46247" /><E117/><V22/><AGARI ba="1,1" hai="5,11,15,22,27,31,80,82" m="24137,49227" machi="22" ten="30,1500,0" yaku="19,1" doraHai="107" who="2" fromWho="2" sc="273,-6,230,-6,241,28,246,-6" /><INIT seed="2,2,0,2,0,15" ten="267,224,269,240" oya="2" hai0="24,66,27,4,96,40,68,32,61,103,35,47,76" hai1="43,89,28,114,0,118,85,13,109,80,128,11,130" hai2="50,84,33,92,10,2,1,102,56,65,88,69,22" hai3="18,87,34,123,67,29,7,116,101,63,132,57,125"/><V20/><F33/><W82/><G123/><T53/><D76/><U121/><E114/><V14/><F69/><W134/><G116/><T41/><D4/><U90/><E118/><V77/><F2/><W83/><G7/><T95/><D53/><U39/><E0/><V122/><F1/><W133/><G101/><T6/><D6/><U98/><E28/><V42/><F122/><W55/><G125/><T51/><D35/><U115/><E115/><V86/><F102/><W126/><G126/><T99/><D32/><U59/><E121/><V124/><F124/><W23/><G29/><T16/><D41/><U52/><E43/><V108/><F108/><W25/><G34/><T64/><D64/><U37/><E109/><V8/><F65/><W70/><REACH who="3" step="1"/><G87/><REACH who="3" ten="267,224,269,230" step="2"/><T60/><D60/><AGARI ba="2,1" hai="18,23,25,55,57,60,63,67,70,82,83,132,133,134" machi="60" ten="40,8000,1" yaku="1,1,2,1,20,1,52,1,53,0" doraHai="15" doraHaiUra="135" who="3" fromWho="0" sc="267,-86,224,0,269,0,230,96" /><INIT seed="3,0,0,5,2,60" ten="181,224,269,326" oya="3" hai0="105,102,53,74,39,129,27,55,125,5,22,93,92" hai1="70,80,71,131,100,20,113,61,99,45,96,127,89" hai2="103,134,84,59,101,117,83,114,119,34,104,40,6" hai3="132,11,109,121,67,24,116,9,122,26,130,77,30"/><W10/><G77/><T42/><D39/><U49/><E113/><V90/><F34/><W56/><G116/><T63/><D74/><U65/><E127/><V25/><F114/><W35/><G67/><T107/><D125/><U94/><E131/><V29/><F134/><W76/><G76/><T81/><D129/><U15/><E15/><V8/><F40/><W52/><G130/><T86/><D42/><U106/><E20/><V62/><F104/><W120/><G26/><T46/><D5/><U18/><E18/><V17/><F17/><W57/><G132/><T78/><D107/><U72/><E72/><V14/><F117/><W91/><G109/><T85/><D105/><U58/><REACH who="1" step="1"/><E80/><REACH who="1" ten="181,214,269,326" step="2"/><V47/><F119/><W124/><G124/><T1/><D1/><U32/><E32/><V118/><F118/><W13/><G13/><T41/><D102/><U82/><E82/><V16/><F29/><W48/><G91/><T87/><D63/><U12/><E12/><V108/><F108/><W7/><G7/><T0/><D0/><U4/><E4/><V110/><F110/><W95/><G95/><T2/><D2/><U97/><E97/><V111/><F111/><W135/><G135/><T98/><D93/><U3/><E3/><V50/><F25/><W23/><G35/><T133/><D133/><U128/><E128/><V64/><F6/><W37/><G37/><T66/><D81/><U79/><E79/><V112/><F112/><W68/><G122/><T38/><D78/><U43/><AGARI ba="0,1" hai="43,45,49,58,61,65,70,71,89,94,96,99,100,106" machi="43" ten="20,8000,1" yaku="1,1,0,1,7,1,52,1,53,1" doraHai="60" doraHaiUra="88" who="1" fromWho="1" sc="181,-20,214,90,269,-20,326,-40" owari="161,-34.0,304,40.0,249,-15.0,286,9.0" /></mjloggm>