<mjloggm ver="2.3"><GO type="193" lobby="0"/><UN n0="%4E%45%58%54%43%48%41" n1="%44%54%33%35%6D%61%78" n2="%74%6F%72%61%6A%69%72%6F" n3="%E3%83%88%E3%83%88%E3%83%AA%E5%85%88%E7%94%9F%31%39%E6%AD%B3" dan="11,11,12,10" rate="1814.62,1483.15,1722.18,1759.56" sx="M,M,M,F"/><TAIKYOKU oya="0"/><INIT seed="0,0,0,2,2,104" ten="250,250,250,250" oya="0" hai0="75,2,49,72,45,74,126,64,132,90,50,3,65" hai1="82,88,54,42,24,84,83,124,101,16,67,122,129" hai2="80,21,61,105,22,78,110,39,108,103,26,43,112" hai3="128,99,36,25,48,120,19,17,111,118,18,121,4"/><T114/><D114/><U76/><E122/><N who="3" m="47210" /><G36/><T9/><D132/><U51/><E124/><V8/><F112/><W115/><G115/><T44/><D126/><U58/><E129/><V0/><F61/><W14/><G99/><T70/><D90/><U95/><E67/><V107/><F103/><W12/><G48/><N who="0" m="18539" /><D70/><U53/><E42/><V30/><F22/><N who="3" m="13535" /><G128/><T98/><D9/><U125/><E125/><V40/><F40/><W96/><G96/><T94/><D94/><N who="1" m="54535" /><E101/><V55/><F55/><N who="1" m="21001" /><E76/><V7/><F43/><W5/><G111/><N who="2" m="42537" /><F39/><W10/><G118/><T77/><D98/><U92/><E58/><V68/><F68/><W46/><G46/><N who="0" m="18027" /><D77/><U69/><E69/><V20/><F20/><AGARI ba="0,0" hai="4,5,10,12,14,17,18,20" m="13535,47210" machi="20" ten="30,3900,0" yaku="13,1,34,2" doraHai="104" who="3" fromWho="2" sc="250,0,250,0,250,-39,250,39" /><INIT seed="1,0,0,2,5,47" ten="250,250,211,289" oya="1" hai0="126,92,57,91,20,133,107,71,24,5,55,118,42" hai1="99,49,14,36,125,85,6,84,82,121,81,26,130" hai2="88,113,2,17,93,39,94,90,63,32,135,79,45" hai3="19,119,97,61,132,131,106,111,108,67,116,127,3"/><U30/><E121/><V109/><F32/><W66/><G3/><T86/><D118/><N who="3" m="45097" /><G131/><T54/><D71/><U58/><E36/><V0/><F109/><N who="3" m="42059" /><G132/><T27/><D126/><U18/><E130/><V76/><F113/><W35/><G35/><T134/><D42/><U52/><E125/><V72/><F63/><W83/><G127/><T33/><D107/><U95/><E6/><V89/><F135/><N who="0" m="51722" /><D5/><U7/><E7/><V98/><F17/><W10/><G61/><T112/><D112/><U50/><E84/><V37/><F45/><W117/><G117/><T41/><D41/><U21/><E85/><V48/><F48/><W78/><G97/><T4/><D4/><U31/><E50/><V96/><F90/><W74/><G106/><T64/><D64/><U122/><E122/><V56/><F56/><W101/><G101/><T38/><D38/><U22/><E31/><V128/><REACH who="2" step="1"/><F128/><REACH who="2" ten="250,250,201,289" step="2"/><W124/><G124/><T70/><D57/><U13/><REACH who="1" step="1"/><E14/><AGARI ba="0,1" hai="10,14,19,66,67,74,78,83" m="42059,45097" machi="14" ten="30,2000,0" yaku="12,1,14,1" doraHai="47" who="3" fromWho="1" sc="250,0,250,-20,201,0,289,30" /><INIT seed="2,0,0,0,5,28" ten="250,230,201,319" oya="2" hai0="129,132,0,36,59,122,68,111,42,116,128,117,10" hai1="66,80,102,119,97,30,20,23,72,39,11,124,40" hai2="85,54,13,27,24,58,61,79,74,57,86,90,76" hai3="121,44,4,131,50,114,32,89,134,113,88,43,33"/><V70/><F74/><W12/><G121/><T2/><D59/><U51/><E124/><V6/><F70/><W130/><G134/><T5/><D122/><U123/><E119/><V75/><F75/><W73/><G73/><T53/><D132/><U120/><E66/><N who="2" m="39215" /><F85/><W17/><G4/><T104/><D104/><U46/><E39/><V45/><F45/><W49/><G49/><T64/><D111/><U21/><E11/><N who="2" m="4343" /><F76/><W112/><G89/><T52/><D0/><U71/><E71/><V109/><F79/><W115/><G88/><T69/><D42/><U9/><E9/><V15/><F15/><W14/><G14/><T98/><D36/><U78/><REACH who="1" step="1"/><E30/><REACH who="1" ten="250,220,201,319" step="2"/><V94/><F109/><W7/><G7/><T135/><D69/><U16/><E16/><V125/><F125/><W56/><G113/><T19/><D135/><U8/><E8/><V47/><F47/><W100/><G56/><T65/><D19/><U103/><E103/><V26/><F26/><W34/><G100/><T3/><D68/><U31/><E31/><V118/><F118/><W41/><G17/><T105/><D10/><U108/><E108/><V126/><F126/><W29/><G29/><T67/><D5/><U127/><E127/><V55/><F58/><W87/><G12/><T110/><D110/><U95/><AGARI ba="0,1" hai="20,21,23,40,46,51,72,78,80,95,97,102,120,123" machi="95" ten="30,2000,0" yaku="1,1,0,1,53,0" doraHai="28" doraHaiUra="25" who="1" fromWho="1" sc="250,-5,220,30,201,-10,319,-5" /><INIT seed="3,0,0,1,1,24" ten="245,250,191,314" oya="3" hai0="133,63,39,119,107,10,72,57,105,123,42,62,104" hai1="35,112,14,124,74,44,8,87,108,97,135,54,30" hai2="121,59,90,114,126,6,88,73,1,21,43,64,75" hai3="83,26,31,84,2,91,9,37,41,134,92,5,18"/><W16/><G134/><T19/><D119/><U68/><E112/><V51/><F114/><W117/><G117/><T12/><D123/><U125/><E68/><V58/><F121/><W50/><G37/><T81/><D133/><U99/><E135/><V3/><F126/><N who="1" m="48745" /><E74/><N who="2" m="28171" /><F6/><W132/><G132/><T109/><D109/><U28/><E87/><V20/><F64/><W101/><G41/><T70/><D70/><U76/><E76/><V34/><F51/><W120/><G120/><T46/><REACH who="0" step="1"/><D57/><REACH who="0" ten="235,250,191,314" step="2"/><N who="2" m="21514" /><F34/><W77/><G50/><T65/><D65/><U47/><E108/><V82/><F43/><W118/><G118/><T98/><D98/><N who="1" m="37387" /><E54/><V86/><F82/><W40/><G40/><T29/><D29/><N who="1" m="11371" /><E35/><V36/><F86/><W17/><G83/><T48/><D48/><U110/><E110/><V85/><F85/><W127/><G127/><T102/><D102/><U13/><E8/><V106/><F36/><W55/><G101/><T113/><D113/><U23/><E23/><N who="2" m="8779" /><F106/><W115/><G115/><T103/><D103/><U95/><E95/><V129/><F129/><W130/><G130/><T33/><D33/><U71/><E71/><V100/><F100/><W0/><G31/><T32/><D32/><U66/><E66/><V52/><F52/><W53/><G77/><AGARI ba="0,1" hai="10,12,19,39,42,46,62,63,72,77,81,104,105,107" machi="77" ten="40,1300,0" yaku="1,1,53,0" doraHai="24" doraHaiUra="49" who="0" fromWho="3" sc="235,23,250,0,191,0,314,-13" owari="258,6.0,250,-15.0,191,-31.0,301,40.0" /></mjloggm>