<mjloggm ver="2.3"><GO type="225" lobby="0"/><UN n0="%E5%9F%BC%E4%BA%AC%E7%B7%9A" n1="%E5%B0%B1%E6%B4%BB%E7%94%9F%40%E5%B7%9D%E6%9D%91%E8%BB%8D%E5%9B%A3" n2="%47%E3%83%A8%E9%BE%8D%E9%96%80" n3="%E9%8C%AF%E4%B9%B1%E3%82%AB%E3%83%AB%E3%83%94%E3%82%B9" dan="16,17,17,18" rate="2137.19,2100.77,2136.46,2262.46" sx="M,M,M,F"/><TAIKYOKU oya="0"/><INIT seed="0,0,0,2,5,69" ten="250,250,250,250" oya="0" hai0="55,59,22,9,19,127,101,27,96,103,21,97,91" hai1="93,63,71,119,132,40,25,104,34,95,35,12,133" hai2="126,110,111,100,28,44,26,16,15,37,58,87,68" hai3="47,72,30,13,125,31,36,121,123,39,53,70,130"/><T105/><D127/><U78/><E119/><V1/><F68/><W8/><G125/><T38/><D38/><N who="3" m="14377" /><G72/><T4/><D22/><U0/><E0/><V85/><F1/><W113/><G70/><T60/><D91/><U114/><E104/><V6/><F100/><W57/><G47/><T3/><D97/><U20/><E114/><V56/><F6/><N who="3" m="3223" /><G113/><T54/><REACH who="0" step="1"/><D101/><REACH who="0" ten="240,250,250,250" step="2"/><U32/><E20/><N who="2" m="15431" /><F126/><W102/><G102/><T48/><D48/><U135/><E25/><V42/><F85/><W98/><G98/><T65/><AGARI ba="0,1" hai="3,4,9,19,21,27,54,55,59,60,65,96,103,105" machi="65" ten="20,3900,0" yaku="1,1,0,1,7,1,53,0" doraHai="69" doraHaiUra="64" who="0" fromWho="0" sc="240,49,250,-13,250,-13,250,-13" /><INIT seed="0,1,0,4,1,78" ten="289,237,237,237" oya="0" hai0="65,100,40,5,93,128,61,105,28,123,20,71,81" hai1="70,66,101,87,97,99,64,113,33,89,60,14,41" hai2="32,122,51,37,13,98,121,82,62,7,56,18,58" hai3="16,85,38,29,63,74,118,4,130,10,110,23,57"/><T2/><D123/><U1/><E1/><V107/><F37/><W92/><G74/><T129/><D40/><U55/><E113/><V115/><F115/><W35/><G38/><T114/><D114/><U117/><E117/><V8/><F32/><W9/><G110/><T86/><D105/><U69/><E33/><V68/><F68/><W75/><G75/><T22/><D5/><U131/><E41/><V84/><F107/><W42/><G130/><N who="0" m="50283" /><D2/><U108/><E108/><V11/><F98/><W44/><G4/><T45/><D45/><U77/><E77/><V80/><F51/><N who="3" m="27031" /><G29/><T134/><D134/><U83/><E131/><V135/><F135/><W91/><G35/><T79/><D28/><U132/><E132/><V12/><F58/><W133/><G133/><T3/><D3/><U30/><E30/><V36/><F36/><W21/><G21/><T94/><D94/><U119/><E119/><V17/><F7/><W109/><G109/><T116/><D116/><U47/><E14/><V124/><F124/><W49/><G118/><T24/><D24/><U72/><E72/><V73/><F73/><W67/><G10/><T102/><D102/><U43/><E101/><V104/><F104/><W48/><G9/><T27/><D27/><AGARI ba="1,0" hai="16,23,27,48,49,57,63,67,85,91,92" m="27031" machi="27" ten="30,2000,0" yaku="8,1,54,1" doraHai="78" who="3" fromWho="0" sc="289,-23,237,0,237,0,237,23" /><INIT seed="1,0,0,1,3,0" ten="266,237,237,260" oya="1" hai0="68,4,113,45,132,77,112,69,100,96,18,64,105" hai1="103,131,52,42,93,57,43,128,133,46,120,10,71" hai2="129,5,81,89,72,70,106,7,48,17,99,39,110" hai3="20,41,1,31,54,92,101,53,56,130,95,58,13"/><U8/><E71/><V91/><F39/><W108/><G1/><T75/><D132/><U16/><E120/><V36/><F36/><W119/><G108/><T135/><D18/><U6/><E133/><V66/><F129/><N who="1" m="49737" /><E16/><V126/><F126/><W121/><G121/><T90/><D135/><U51/><E10/><V44/><F110/><W55/><G130/><T27/><D27/><U98/><E46/><V87/><F72/><W88/><G41/><T67/><D45/><U60/><E51/><V102/><F91/><W21/><G119/><T2/><D69/><U25/><E25/><V19/><F19/><N who="3" m="10351" /><G101/><T61/><D90/><U9/><E9/><V14/><F66/><W38/><G95/><T79/><D67/><U30/><E30/><V50/><F70/><W107/><G107/><T134/><D77/><U63/><E63/><V34/><F34/><W123/><G38/><T59/><D59/><U118/><E118/><V23/><F50/><W85/><G123/><T73/><D134/><U22/><E22/><V62/><F62/><W74/><G74/><N who="0" m="28171" /><D79/><U83/><E83/><V84/><F84/><W86/><G85/><T12/><D12/><AGARI ba="0,0" hai="6,8,12,42,43,52,57,60,93,98,103" m="49737" machi="12" ten="30,5800,0" yaku="19,1,52,1,54,1" doraHai="0" who="1" fromWho="0" sc="266,-58,237,58,237,0,260,0" /><INIT seed="1,1,0,0,5,12" ten="208,295,237,260" oya="1" hai0="109,121,133,106,34,135,74,15,31,61,123,17,101" hai1="120,76,0,52,39,118,105,25,19,4,58,88,18" hai2="104,47,57,131,77,63,67,84,7,115,124,42,78" hai3="6,30,48,117,37,69,66,116,16,87,11,28,83"/><U92/><E105/><V113/><F124/><W27/><G37/><T41/><D74/><U51/><E39/><V49/><F131/><W13/><G48/><T122/><D109/><U91/><E118/><N who="3" m="45674" /><G66/><T2/><D2/><U62/><E120/><V100/><F7/><W82/><G69/><T8/><D41/><U119/><E119/><V20/><F20/><N who="3" m="13703" /><G83/><T108/><D108/><U32/><E0/><V59/><F59/><W96/><G96/><N who="0" m="61735" /><D61/><U98/><E4/><V21/><F67/><W73/><G73/><T54/><D54/><U79/><E32/><V43/><F63/><W70/><G70/><T53/><D53/><N who="1" m="34127" /><E25/><AGARI ba="1,0" hai="8,15,17,25,31,34,121,122,123,133,135" m="61735" machi="25" ten="40,2600,0" yaku="13,1,52,1" doraHai="12" who="0" fromWho="1" sc="208,29,295,-29,237,0,260,0" /><INIT seed="2,0,0,4,5,126" ten="237,266,237,260" oya="2" hai0="124,32,125,25,67,72,109,39,78,35,116,59,18" hai1="1,86,16,6,28,4,135,76,103,38,129,77,9" hai2="101,62,85,44,23,68,40,49,26,90,118,37,58" hai3="50,2,47,110,60,106,34,8,64,89,108,102,71"/><V14/><F118/><W93/><G34/><T98/><D39/><U113/><E38/><V70/><F101/><W27/><G27/><T29/><D116/><U122/><E113/><V133/><F14/><W48/><G102/><T119/><D119/><U31/><E122/><V84/><F133/><W24/><G24/><T54/><D109/><N who="3" m="42089" /><G106/><T97/><D35/><U73/><E73/><V100/><F100/><W41/><G8/><T87/><D72/><U66/><E66/><V61/><F37/><N who="3" m="21935" /><G2/><T42/><D32/><U114/><E1/><V10/><F10/><W92/><G92/><T13/><D29/><U128/><E103/><V131/><F61/><W33/><G33/><T75/><D25/><U111/><E9/><V45/><F45/><W12/><G12/><T121/><D13/><U88/><E114/><V46/><F46/><W30/><G30/><N who="1" m="11306" /><E135/><V115/><F115/><W55/><G71/><T51/><D121/><U7/><E16/><N who="2" m="12647" /><F68/><W0/><G0/><T105/><D18/><U43/><E111/><V104/><F70/><N who="3" m="42247" /><G55/><T127/><D105/><U117/><E117/><V80/><F104/><W57/><G57/><N who="0" m="32991" /><D42/><U56/><E56/><V96/><F58/><W36/><G36/><T53/><D53/><U52/><E52/><V19/><F40/><W20/><G20/><T91/><D59/><U130/><E43/><V107/><F107/><W69/><G69/><T95/><D67/><U79/><E79/><V81/><F19/><W94/><G50/><T112/><D112/><U15/><E15/><V74/><F49/><W22/><G48/><T21/><D21/><RYUUKYOKU ba="0,0" sc="237,15,266,15,237,-15,260,-15" hai0="75,78,87,91,95,97,98,124,125,127" hai1="4,6,7,76,77,86,88,128,129,130" /><INIT seed="3,1,0,5,0,108" ten="252,281,222,245" oya="3" hai0="60,94,129,88,81,39,12,23,122,100,40,62,64" hai1="75,114,77,33,10,42,61,32,130,86,3,72,9" hai2="13,80,93,54,52,118,111,45,84,43,50,58,123" hai3="59,135,70,24,102,14,68,134,112,117,63,16,5"/><W95/><G117/><T107/><D122/><U1/><E42/><V41/><F118/><W25/><G5/><T125/><D125/><U21/><E61/><V67/><F111/><W73/><G73/><N who="1" m="28234" /><E114/><V109/><F109/><W65/><G112/><T110/><D110/><U99/><E99/><V76/><F123/><W101/><G95/><T105/><D129/><U92/><E21/><V66/><F93/><W36/><G36/><T90/><D40/><N who="2" m="15434" /><F13/><W83/><G83/><T126/><D39/><U22/><E22/><V38/><F38/><W74/><G74/><T49/><D126/><U7/><E92/><V69/><F69/><W18/><G18/><N who="0" m="10695" /><D107/><U104/><E7/><V11/><F11/><N who="1" m="4105" /><E86/><V91/><F76/><W121/><G70/><T133/><D105/><U47/><E47/><V82/><F82/><W87/><G68/><T79/><D79/><U48/><E104/><V35/><F35/><N who="1" m="13385" /><E48/><AGARI ba="1,0" hai="45,48,50,52,54,58,66,67,80,84,91" m="15434" machi="48" ten="30,2000,0" yaku="8,1,54,1" doraHai="108" who="2" fromWho="1" sc="252,0,281,-23,222,23,245,0" /><INIT seed="4,0,0,3,2,87" ten="252,258,245,245" oya="0" hai0="82,103,93,96,25,72,97,19,121,33,49,36,101" hai1="126,102,20,74,47,122,7,128,120,71,64,88,44" hai2="38,60,105,112,45,55,94,119,134,133,61,131,52" hai3="92,11,2,43,4,86,113,69,57,79,41,123,22"/><T127/><D121/><U27/><E74/><V81/><F105/><W40/><G69/><T12/><D36/><U48/><E102/><V75/><F119/><W59/><G123/><T23/><D127/><U95/><E126/><V108/><F108/><W109/><G109/><T53/><D72/><U62/><E128/><V67/><F112/><W35/><G35/><T14/><D33/><U46/><E7/><V1/><F1/><W98/><G113/><T124/><D82/><U3/><E3/><V111/><F111/><W125/><G125/><T8/><D124/><U34/><E34/><V107/><F107/><W30/><G86/><T15/><D97/><U116/><E116/><V51/><F131/><W135/><G79/><T117/><D117/><U84/><REACH who="1" step="1"/><E48/><REACH who="1" ten="252,248,245,245" step="2"/><V6/><F6/><W110/><G110/><T85/><D103/><U66/><E66/><V83/><F75/><W28/><G135/><T5/><REACH who="0" step="1"/><D85/><REACH who="0" ten="242,248,245,245" step="2"/><U58/><E58/><AGARI ba="0,2" hai="5,8,12,14,15,19,23,25,49,53,58,93,96,101" machi="58" ten="30,11600,0" yaku="1,1,2,1,7,1,8,1,53,0" doraHai="87" doraHaiUra="65" who="0" fromWho="1" sc="242,136,248,-116,245,0,245,0" owari="378,47.0,132,-37.0,245,5.0,245,-15.0" /></mjloggm>