<mjloggm ver="2.3"><GO type="169" lobby="0"/><UN n0="%E6%AF%94%E5%98%89%E7%A7%80%E4%BB%81" n1="%E3%82%A6%E3%83%AB%E3%83%88%E3%83%A9%E7%AB%8B%E7%9B%B4" n2="%E9%AB%98%E7%94%BA%E3%83%B4%E3%82%A3%E3%83%B4%E3%82%A3%E3%82%AA%E2%98%86" n3="%6E%65%75%74%72%6F%6E" dan="16,17,17,17" rate="2122.09,2158.66,2197.09,2146.89" sx="M,M,F,M"/><TAIKYOKU oya="0"/><INIT seed="0,0,0,0,1,63" ten="250,250,250,250" oya="0" hai0="100,53,13,108,40,26,104,8,30,117,74,68,24" hai1="54,111,9,52,87,70,37,79,50,7,107,5,0" hai2="119,20,132,66,47,110,14,129,35,71,97,81,86" hai3="49,82,92,23,95,125,124,41,120,55,12,48,2"/><T88/><D117/><U19/><E37/><V62/><F35/><W73/><G2/><T60/><D74/><U76/><E107/><V43/><F110/><W130/><G41/><T112/><D112/><U116/><E116/><V21/><F119/><W85/><G73/><T18/><D40/><U17/><E70/><V78/><F129/><W103/><G130/><T96/><D108/><U101/><E101/><V34/><F34/><W29/><G49/><T75/><D75/><U122/><E122/><V15/><F132/><W98/><G92/><T56/><D68/><U105/><E105/><V25/><F97/><W84/><G120/><T135/><D135/><U126/><E126/><V91/><F78/><W127/><G82/><T106/><D106/><U121/><E121/><V99/><F99/><W109/><G109/><T69/><D69/><U89/><E54/><V28/><REACH who="2" step="1"/><F20/><REACH who="2" ten="250,250,240,250" step="2"/><W61/><G23/><T44/><D96/><U3/><E76/><V27/><F27/><W33/><G33/><T133/><D26/><U22/><E79/><V64/><F64/><W77/><G77/><T45/><D24/><U123/><E22/><V31/><F31/><W4/><G29/><T11/><D30/><U57/><E111/><V51/><AGARI ba="0,1" hai="14,15,21,25,28,43,47,51,62,66,71,81,86,91" machi="51" ten="20,5200,0" yaku="1,1,0,1,7,1,52,1,53,0" doraHai="63" doraHaiUra="131" who="2" fromWho="2" sc="250,-26,250,-13,240,62,250,-13" /><INIT seed="1,0,0,4,3,92" ten="224,237,302,237" oya="1" hai0="118,20,38,95,58,86,14,96,70,23,113,125,7" hai1="77,100,9,101,126,102,121,131,34,24,37,87,32" hai2="5,61,57,106,78,99,133,112,3,135,39,6,29" hai3="53,41,110,114,65,12,63,132,91,84,45,97,128"/><U28/><E121/><V36/><F78/><W60/><G114/><T17/><D118/><U10/><E126/><V69/><F69/><W129/><G97/><T93/><D125/><U44/><E131/><V22/><F112/><W134/><G12/><T98/><D70/><U75/><E75/><V35/><F35/><W33/><G33/><T68/><D68/><U66/><E34/><V108/><F108/><W82/><G110/><T42/><D113/><U117/><E117/><V16/><F29/><W127/><G53/><T80/><D38/><N who="2" m="14378" /><F3/><W74/><G74/><T73/><D42/><U43/><REACH who="1" step="1"/><E66/><REACH who="1" ten="224,227,302,237" step="2"/><V27/><F135/><W123/><G123/><T107/><D73/><U25/><E25/><V83/><F133/><W48/><G127/><T55/><D107/><U40/><E40/><V31/><F27/><W52/><G41/><T119/><D119/><U105/><E105/><V111/><F106/><W120/><G120/><T79/><D7/><U49/><E49/><V116/><F5/><W26/><G26/><T130/><D130/><N who="3" m="50281" /><G65/><T109/><D109/><U124/><E124/><V71/><F111/><W85/><G134/><T47/><D47/><U51/><E51/><V30/><F6/><W59/><G132/><T15/><D55/><U122/><E122/><V2/><F116/><W103/><G52/><T0/><D0/><U21/><E21/><V46/><F22/><W11/><G48/><T104/><D104/><U62/><E62/><V72/><F61/><W89/><G63/><T19/><D23/><U94/><E94/><V76/><F72/><W4/><G60/><RYUUKYOKU ba="0,1" sc="224,-10,227,30,302,-10,237,-10" hai1="9,10,24,28,32,37,43,44,77,87,100,101,102" /><INIT seed="1,1,1,2,1,81" ten="214,257,292,227" oya="1" hai0="50,41,48,67,82,106,22,113,132,51,65,97,32" hai1="35,13,83,10,130,24,52,105,88,93,42,69,30" hai2="111,128,31,62,25,43,39,87,58,118,4,33,123" hai3="61,40,18,100,119,117,38,135,55,54,91,7,34"/><U36/><E69/><V84/><F123/><W99/><G34/><T56/><D113/><U107/><E130/><V76/><F118/><W90/><G7/><T115/><D115/><U133/><E133/><V44/><F128/><W47/><G135/><T127/><D32/><U94/><E83/><V98/><F111/><W131/><G131/><T6/><D132/><U20/><E35/><V101/><F76/><W68/><G18/><T12/><D41/><U125/><E125/><V129/><F4/><W80/><G90/><T134/><D134/><U74/><E74/><V45/><F45/><W59/><G68/><T21/><D127/><U15/><E94/><V8/><F8/><W86/><REACH who="3" step="1"/><G55/><REACH who="3" ten="214,257,292,217" step="2"/><T19/><D6/><U57/><E42/><V0/><F129/><W122/><G122/><T78/><D19/><U23/><E36/><V9/><F0/><W49/><G49/><T124/><D124/><U14/><E10/><V102/><F9/><W29/><G29/><T104/><D51/><U26/><E23/><V5/><F5/><W120/><G120/><T75/><D50/><U92/><E88/><V27/><F33/><W46/><G46/><T3/><D48/><U66/><E52/><V89/><F31/><W53/><G53/><T109/><D3/><U71/><E71/><V11/><F11/><W110/><G110/><T63/><D109/><U70/><E70/><V95/><F89/><W16/><G16/><T72/><D56/><U114/><E114/><V116/><F58/><W103/><G103/><T1/><D1/><U96/><E57/><V126/><F102/><RYUUKYOKU ba="1,2" sc="214,-10,257,-10,292,-10,217,30" hai3="38,40,47,54,59,61,80,86,91,99,100,117,119" /><INIT seed="2,2,2,5,3,103" ten="204,247,282,247" oya="2" hai0="72,74,132,15,53,57,34,55,22,86,49,42,60" hai1="81,102,14,69,13,104,4,119,23,93,11,70,90" hai2="17,66,37,120,85,83,98,46,56,112,95,79,92" hai3="73,116,124,133,75,108,35,71,122,127,52,113,94"/><V91/><F120/><W134/><RYUUKYOKU type="yao9" ba="2,2" sc="204,0,247,0,282,0,247,0" hai3="35,52,71,73,75,94,108,113,116,122,124,127,133,134" /><INIT seed="2,3,2,5,4,102" ten="204,247,282,247" oya="2" hai0="57,86,16,48,46,4,81,132,69,39,5,18,107" hai1="44,12,61,100,114,58,131,101,124,135,21,54,75" hai2="130,11,98,80,28,9,89,65,118,6,41,122,94" hai3="95,123,24,120,119,62,110,55,27,52,105,117,84"/><V125/><F122/><W56/><G105/><T129/><D69/><U1/><E1/><V34/><F118/><W87/><G110/><T33/><D33/><U43/><E75/><V30/><F125/><W88/><G119/><T51/><D39/><U76/><E114/><V47/><F130/><W96/><G117/><T99/><D129/><U63/><E131/><V59/><F34/><W108/><G108/><T92/><D107/><U3/><E3/><V25/><F80/><W29/><G123/><T14/><D57/><N who="1" m="34999" /><E76/><V83/><F83/><W97/><G120/><T36/><D36/><U112/><E135/><V134/><F134/><W79/><G79/><N who="0" m="46399" /><D132/><U32/><E32/><V128/><F128/><W106/><G106/><T78/><D78/><U38/><E38/><V133/><F133/><W35/><G24/><T22/><D18/><N who="1" m="10439" /><E112/><V42/><F25/><W72/><G72/><T103/><D51/><N who="1" m="27039" /><E124/><V104/><F104/><W73/><G73/><T2/><D2/><U31/><E31/><N who="2" m="11819" /><F47/><W126/><G126/><T15/><D15/><U91/><E91/><V64/><F59/><W23/><G35/><T109/><D109/><U111/><E111/><V0/><F0/><W40/><G40/><AGARI ba="3,2" hai="4,5,14,16,22,40,46,48,92,99,103" m="46399" machi="40" ten="30,2000,0" yaku="8,1,54,1" doraHai="102" who="0" fromWho="3" sc="204,49,247,0,282,0,247,-29" /><INIT seed="3,0,0,3,2,56" ten="253,247,282,218" oya="3" hai0="83,49,82,60,99,121,84,103,44,11,76,16,25" hai1="61,117,126,90,30,62,73,20,18,27,9,130,10" hai2="14,51,118,40,77,35,36,19,129,37,128,67,59" hai3="41,68,15,72,115,112,12,97,13,7,69,127,104"/><W100/><G72/><T80/><D121/><U131/><E73/><V48/><F35/><W111/><G7/><T42/><D60/><N who="1" m="23147" /><E126/><V122/><F77/><W81/><G127/><T75/><D75/><U93/><E117/><V74/><F74/><W26/><G26/><T105/><REACH who="0" step="1"/><D25/><REACH who="0" ten="243,247,282,218" step="2"/><U70/><E70/><V54/><F118/><W79/><G69/><T132/><D132/><U34/><E34/><V57/><F122/><W125/><G68/><T58/><D58/><U64/><E64/><V53/><F67/><W88/><G125/><T33/><D33/><U101/><E101/><V85/><F128/><N who="1" m="49193" /><E30/><V17/><F129/><W29/><G29/><T5/><D5/><U89/><E89/><V24/><F59/><W119/><G88/><T63/><D63/><U113/><E113/><V109/><F57/><W110/><G119/><T66/><D66/><U124/><E124/><V6/><F109/><W78/><G115/><T87/><D87/><AGARI ba="0,1" hai="9,10,18,20,27,87,90,93" m="49193,23147" machi="87" ten="30,7700,0" yaku="19,1,52,3" doraHai="56" who="1" fromWho="0" sc="243,-77,247,87,282,0,218,0" /><INIT seed="4,0,0,4,3,57" ten="166,334,282,218" oya="0" hai0="21,109,47,88,105,20,130,50,121,25,102,34,28" hai1="32,8,81,64,110,106,26,41,27,111,38,108,62" hai2="97,36,7,116,85,54,17,33,9,124,61,86,131" hai3="43,15,68,51,84,2,3,122,95,96,89,10,58"/><T101/><D121/><U115/><E106/><V69/><F36/><W123/><G68/><T113/><D113/><U82/><E115/><V1/><F33/><W119/><G119/><T39/><D39/><U127/><E127/><V13/><F124/><W75/><G75/><T24/><D130/><U18/><E41/><V23/><F131/><W11/><G11/><T16/><D109/><U118/><E38/><V92/><F116/><W29/><G29/><T5/><D5/><U66/><E118/><V59/><F69/><W100/><G43/><T37/><D37/><U91/><E91/><AGARI ba="0,0" hai="1,7,9,13,17,23,54,59,61,85,86,91,92,97" machi="91" ten="30,2000,0" yaku="7,1,52,1" doraHai="57" who="2" fromWho="1" sc="166,0,334,-20,282,20,218,0" /><INIT seed="5,0,0,0,5,89" ten="166,314,302,218" oya="1" hai0="1,86,128,93,35,6,31,36,16,66,40,116,25" hai1="135,100,37,110,97,22,51,15,7,70,32,39,83" hai2="67,53,11,47,134,98,18,57,79,126,61,80,73" hai3="124,81,28,63,3,46,78,82,71,38,8,50,58"/><U125/><E32/><V96/><F126/><W113/><G124/><T5/><D116/><U105/><E70/><V68/><F134/><W20/><G113/><T77/><D128/><U62/><E62/><V29/><F29/><W55/><G3/><T118/><D118/><U74/><E125/><V75/><F75/><W52/><G8/><T23/><D66/><U104/><E104/><V99/><F47/><W13/><G38/><T101/><D36/><U0/><E0/><V84/><F73/><W9/><G71/><T60/><D60/><U49/><E135/><V30/><F30/><W115/><G115/><T41/><D77/><U106/><E106/><V21/><F11/><W45/><G45/><T43/><D1/><U19/><E7/><V87/><F87/><W26/><REACH who="3" step="1"/><G78/><REACH who="3" ten="166,314,302,208" step="2"/><T107/><D107/><N who="1" m="63887" /><E39/><V69/><F69/><W133/><G133/><T102/><D6/><AGARI ba="0,1" hai="6,9,13,20,26,28,46,50,52,55,58,63,81,82" machi="6" ten="30,8000,1" yaku="1,1,7,1,8,1,54,1,53,1" doraHai="89" doraHaiUra="24" who="3" fromWho="0" sc="166,-80,314,0,302,0,208,90" /><INIT seed="6,0,0,0,3,33" ten="86,314,302,298" oya="2" hai0="66,46,133,126,13,0,39,128,47,124,67,4,10" hai1="9,5,55,38,72,50,54,132,94,29,113,134,121" hai2="7,87,68,60,101,109,25,119,102,12,127,53,74" hai3="19,45,62,65,42,110,59,37,81,64,91,77,111"/><V88/><F119/><W93/><G19/><T131/><D13/><U97/><E72/><V15/><F74/><W112/><G112/><T40/><D47/><U61/><E38/><V79/><F127/><N who="0" m="48682" /><D67/><U41/><E29/><V82/><F109/><W35/><G35/><T57/><D57/><U2/><E61/><V32/><F79/><W6/><G65/><T34/><D34/><U31/><E31/><V30/><F68/><W56/><G56/><T3/><D66/><U107/><E107/><V106/><F106/><W125/><G125/><T48/><D48/><U129/><E129/><N who="0" m="49737" /><D3/><U98/><E50/><V116/><F116/><W122/><G45/><T75/><D75/><U43/><E55/><V22/><F32/><W130/><G42/><T95/><D95/><U73/><E94/><V23/><F23/><W108/><G93/><T52/><D52/><U78/><E54/><V18/><F7/><W14/><G6/><T17/><D17/><U92/><E92/><V114/><F114/><W24/><G64/><T1/><D1/><U44/><E113/><V104/><F104/><W8/><G130/><T26/><D26/><U117/><E41/><V120/><F15/><W11/><G24/><T20/><D20/><U90/><E43/><V71/><F71/><W21/><G21/><T16/><D16/><U118/><E5/><V105/><F105/><W100/><G110/><T89/><D89/><U80/><E90/><V36/><F53/><W63/><G108/><T76/><D76/><U27/><E78/><V86/><F18/><W115/><G111/><T51/><D51/><RYUUKYOKU ba="0,0" sc="86,30,314,-10,302,-10,298,-10" hai0="0,4,10,39,40,46,133" /><INIT seed="7,1,0,5,1,24" ten="116,304,292,288" oya="3" hai0="67,114,81,17,47,36,96,92,102,31,9,21,26" hai1="35,15,10,22,50,78,33,126,89,65,97,62,82" hai2="61,1,107,72,5,87,60,4,132,106,54,84,99" hai3="8,55,53,75,6,11,29,90,74,16,38,118,28"/><W128/><G118/><T23/><D114/><U70/><E126/><V80/><F72/><W57/><G38/><T93/><D67/><U125/><E125/><V64/><F132/><W12/><G128/><T112/><D112/><U32/><E50/><V98/><F1/><W120/><G120/><T52/><D81/><U123/><E123/><V110/><F110/><W46/><G74/><T2/><D36/><U69/><E22/><V14/><F54/><W43/><G75/><T133/><D133/><U95/><E69/><V37/><F37/><W94/><G43/><T45/><D2/><U108/><E108/><V76/><F14/><N who="3" m="7239" /><G46/><T19/><D93/><U86/><E35/><V77/><F64/><W66/><G66/><T68/><D68/><U115/><E115/><V131/><F80/><W113/><G113/><T49/><D9/><U63/><E63/><V42/><F42/><W121/><G121/><T130/><D130/><AGARI ba="1,0" hai="4,5,60,61,76,77,84,87,98,99,106,107,130,131" machi="130" ten="25,1600,0" yaku="22,2" doraHai="24" who="2" fromWho="0" sc="116,-19,304,0,292,19,288,0" owari="97,-40.0,304,10.0,311,41.0,288,-11.0" /></mjloggm>