<mjloggm ver="2.3"><GO type="193" lobby="0"/><UN n0="%E3%82%B3%E3%83%AF%E3%83%A2%E3%83%86%E7%94%B7" n1="%E3%83%88%E3%83%88%E3%83%AA%E5%85%88%E7%94%9F%31%39%E6%AD%B3" n2="%72%61%66%61%6C%65%31%32" n3="%E6%AE%BF%E3%81%8C%E5%BE%A1%E4%B9%B1%E5%BF%83" dan="13,10,10,13" rate="1761.18,1864.05,1674.00,1775.77" sx="M,F,M,M"/><TAIKYOKU oya="0"/><INIT seed="0,0,0,1,4,51" ten="250,250,250,250" oya="0" hai0="21,132,66,2,47,28,78,124,37,49,59,55,88" hai1="97,12,42,117,95,7,56,34,123,11,113,52,53" hai2="131,48,98,32,3,84,118,20,60,103,31,39,77" hai3="0,83,100,43,86,57,134,99,15,41,91,125,101"/><T96/><D2/><U135/><E117/><V79/><F118/><W23/><G0/><T10/><D132/><U6/><E123/><V71/><F3/><W128/><G128/><T93/><D124/><U108/><E34/><V89/><F32/><W94/><G125/><T13/><D78/><U19/><E135/><V27/><F131/><W18/><G134/><T119/><D37/><U70/><E70/><V106/><F39/><W30/><G101/><T24/><D119/><U80/><E108/><V116/><F116/><W74/><G30/><T133/><D133/><U69/><E69/><V126/><F126/><W25/><G25/><T33/><D33/><U40/><E80/><V36/><F36/><W127/><G127/><T130/><D130/><U87/><E87/><V105/><F106/><W102/><G102/><T92/><D92/><U81/><E81/><V82/><F48/><W110/><G110/><T67/><D47/><U44/><E44/><V45/><F45/><W63/><REACH who="3" step="1"/><G74/><REACH who="3" ten="250,250,250,240" step="2"/><T8/><D8/><U14/><E14/><V111/><F111/><W46/><G46/><T112/><REACH who="0" step="1"/><D112/><REACH who="0" ten="240,250,250,240" step="2"/><U122/><E113/><V16/><F31/><W64/><AGARI ba="0,2" hai="15,18,23,41,43,57,63,64,83,86,91,94,99,100" machi="64" ten="20,5200,0" yaku="1,1,0,1,7,1,8,1,53,0" doraHai="51" doraHaiUra="120" who="3" fromWho="3" sc="240,-26,250,-13,250,-13,240,72" /><INIT seed="1,0,0,5,0,94" ten="214,237,237,312" oya="1" hai0="105,74,22,121,108,87,41,83,112,109,48,132,99" hai1="88,124,86,39,73,36,26,126,21,102,63,10,84" hai2="120,75,77,25,122,8,82,43,103,128,70,89,115" hai3="106,114,119,69,20,85,91,14,15,81,11,66,59"/><U104/><E73/><V52/><F115/><W44/><G114/><T37/><D112/><U125/><E10/><V76/><F70/><W30/><G69/><T65/><D65/><U24/><E63/><V130/><F43/><W45/><G106/><T111/><D37/><N who="1" m="14411" /><E21/><V131/><F25/><N who="1" m="9833" /><E88/><V113/><F8/><W61/><G119/><T50/><D41/><U95/><E95/><V60/><F113/><W64/><G64/><T42/><D74/><U35/><E35/><V16/><F60/><W118/><G118/><T58/><D121/><N who="2" m="46698" /><F52/><W80/><G30/><T9/><D9/><U71/><E71/><V29/><F16/><N who="3" m="10263" /><G80/><T19/><D132/><U5/><E5/><AGARI ba="0,0" hai="5,11,15,44,45,59,61,66,81,85,91" m="10263" machi="5" ten="30,2000,0" yaku="8,1,54,1" doraHai="94" who="3" fromWho="1" sc="214,0,237,-20,237,0,312,20" /><INIT seed="2,0,0,2,5,88" ten="214,217,237,332" oya="2" hai0="134,41,27,19,118,72,10,3,112,86,116,101,60" hai1="129,105,31,103,87,70,96,15,28,83,38,13,109" hai2="48,120,77,98,69,76,14,5,73,117,45,22,4" hai3="67,53,12,115,121,104,111,122,107,90,131,123,66"/><V49/><F120/><W125/><G111/><T34/><D72/><U11/><E70/><V39/><F117/><N who="0" m="45162" /><D41/><U16/><E38/><V50/><F69/><W127/><G131/><T0/><D101/><U37/><E37/><V135/><F135/><W24/><G24/><T56/><D134/><U92/><E109/><V68/><F68/><W54/><G12/><N who="0" m="7575" /><D112/><U133/><E129/><V99/><F39/><W1/><G90/><T61/><D86/><U64/><E64/><N who="3" m="24618" /><G1/><N who="0" m="587" /><D56/><U9/><E105/><N who="3" m="40522" /><G115/><T36/><D36/><U93/><E133/><V78/><F73/><W79/><G79/><T18/><D18/><N who="1" m="8495" /><E92/><V40/><F22/><W108/><G108/><T84/><D84/><U106/><E106/><V59/><F59/><W46/><G46/><T82/><D82/><U6/><E16/><V128/><F128/><W8/><G8/><T102/><D102/><U51/><E51/><V63/><F63/><W71/><G71/><T132/><D132/><U2/><E2/><V74/><F74/><W124/><AGARI ba="0,0" hai="53,54,121,122,123,124,125,127" m="40522,24618" machi="124" ten="50,6400,0" yaku="28,2,18,1" doraHai="88" who="3" fromWho="3" sc="214,-16,217,-16,237,-32,332,64" /><INIT seed="3,0,0,0,3,96" ten="198,201,205,396" oya="3" hai0="130,110,16,74,106,43,5,122,124,55,23,132,78" hai1="62,10,17,38,25,118,15,57,99,45,92,53,73" hai2="83,116,60,127,94,1,102,41,42,131,22,108,70" hai3="97,50,28,30,75,105,19,134,82,123,89,51,93"/><W35/><G123/><T129/><D122/><U64/><E118/><V125/><F116/><W52/><G134/><T48/><D106/><U2/><E73/><V49/><F1/><W9/><G50/><T80/><D110/><U61/><E2/><V104/><F104/><W63/><G35/><T6/><D43/><U26/><E38/><V111/><F22/><W0/><G63/><T95/><D132/><U126/><E126/><N who="2" m="48139" /><F83/><W117/><G117/><T98/><D124/><U4/><E4/><V86/><F86/><W72/><G105/><T68/><D68/><U27/><E45/><N who="2" m="25775" /><F42/><W24/><G0/><T46/><D130/><U69/><E26/><V59/><F70/><W3/><G3/><T33/><D33/><U91/><AGARI ba="0,0" hai="10,15,17,25,27,53,57,61,62,64,69,91,92,99" machi="91" ten="20,1500,0" yaku="0,1,7,1" doraHai="96" who="1" fromWho="1" sc="198,-4,201,15,205,-4,396,-7" owari="194,-31.0,216,2.0,201,-20.0,389,49.0" /></mjloggm>