<mjloggm ver="2.3"><GO type="97" lobby="0"/><UN n0="%72%69%79%72%66%72%61" n1="%E9%83%A1%E5%B1%B1%E7%83%88%E7%81%AB" n2="%70%6C%61%6B%31%31%30%35" n3="%E5%B0%B1%E6%B4%BB%E7%94%9F%40%E5%B7%9D%E6%9D%91%E8%BB%8D%E5%9B%A3" dan="13,15,14,14" rate="1812.34,1946.73,1874.47,1944.88" sx="M,M,M,M"/><TAIKYOKU oya="0"/><INIT seed="0,0,0,1,1,27" ten="250,250,250,250" oya="0" hai0="19,114,100,64,88,13,74,86,103,106,120,51,59" hai1="46,110,101,3,23,98,104,20,8,87,34,83,41" hai2="77,22,82,76,18,128,37,56,11,57,90,131,58" hai3="10,113,124,127,55,71,84,117,105,32,93,0,123"/><T66/><D114/><U26/><E110/><V126/><F37/><W33/><G105/><T9/><D74/><U70/><E70/><V6/><F126/><N who="3" m="48171" /><G71/><T107/><D120/><U52/><E34/><V122/><F122/><W28/><G117/><T50/><D106/><U112/><E112/><V43/><F43/><W49/><G113/><T60/><D66/><U72/><E26/><V96/><F131/><W40/><G40/><T69/><D107/><U115/><E115/><V21/><F128/><W1/><G123/><T12/><D12/><U125/><E125/><V116/><F116/><W79/><G10/><T121/><D121/><U25/><E25/><V95/><F18/><W80/><G93/><T92/><D69/><U29/><E72/><V45/><F45/><N who="3" m="28079" /><G28/><T5/><D5/><U119/><E29/><V118/><F118/><W85/><G85/><T78/><D78/><U89/><E119/><V102/><F102/><AGARI ba="0,0" hai="9,13,19,50,51,59,60,64,86,88,92,100,102,103" machi="102" ten="40,3900,0" yaku="8,1,54,1" doraHai="27" who="0" fromWho="2" sc="250,39,250,0,250,-39,250,0" /><INIT seed="0,1,0,3,0,43" ten="289,250,211,250" oya="0" hai0="101,99,87,127,24,123,90,106,46,21,65,54,19" hai1="12,119,74,75,59,104,109,131,124,95,130,50,134" hai2="42,22,126,89,122,49,53,61,52,111,0,51,31" hai3="56,9,78,18,132,72,102,40,67,91,80,118,34"/><T15/><D123/><U110/><E12/><V3/><F122/><W117/><G34/><T44/><D127/><U62/><E119/><V58/><F126/><W37/><G132/><T20/><D54/><U86/><E104/><V73/><F73/><W120/><G120/><T107/><D107/><U68/><E68/><V128/><F111/><N who="1" m="42505" /><E124/><V63/><F128/><N who="1" m="49193" /><E50/><V121/><F121/><W108/><G108/><T32/><D32/><U13/><E13/><V60/><F3/><W103/><G67/><T25/><D65/><N who="1" m="39135" /><E134/><V77/><F0/><W96/><G56/><T135/><D135/><U64/><E64/><V66/><F77/><W6/><G118/><T79/><D79/><U38/><E38/><V82/><F22/><W94/><G117/><T17/><REACH who="0" step="1"/><D15/><REACH who="0" ten="279,250,211,250" step="2"/><U35/><E35/><V115/><F115/><W69/><G78/><T14/><D14/><U57/><E57/><N who="2" m="37135" /><F31/><W55/><G69/><T48/><D48/><U116/><E116/><V36/><F82/><AGARI ba="1,1" hai="17,19,20,21,24,25,44,46,82,87,90,99,101,106" machi="82" ten="30,12000,1" yaku="1,1,7,1,9,1,52,2,53,0" doraHai="43" doraHaiUra="7" who="0" fromWho="2" sc="279,133,250,0,211,-123,250,0" /><INIT seed="0,2,0,3,5,64" ten="412,250,88,250" oya="0" hai0="72,134,92,35,91,118,19,96,70,57,90,60,27" hai1="82,58,129,63,87,9,59,40,101,20,54,7,4" hai2="94,8,12,75,105,99,55,67,49,113,121,120,78" hai3="62,30,130,50,31,125,116,80,89,114,15,41,69"/><T111/><D118/><U46/><E129/><V32/><F113/><W84/><G116/><T73/><D134/><U77/><E101/><V106/><F32/><W11/><G130/><T34/><D111/><U26/><E59/><V85/><F67/><W38/><G114/><T97/><D35/><U124/><E124/><V104/><F75/><W95/><G125/><T115/><D115/><U24/><E7/><V6/><F85/><W1/><G38/><T74/><D34/><U122/><E20/><V103/><F78/><W25/><G1/><T0/><D0/><U44/><E122/><V127/><REACH who="2" step="1"/><F127/><REACH who="2" ten="412,250,78,250" step="2"/><W128/><G84/><T61/><D74/><U23/><E40/><V86/><F86/><W10/><G41/><T68/><D73/><U132/><E132/><V117/><F117/><W79/><G79/><T33/><D72/><U76/><E77/><V126/><F126/><W56/><G128/><T71/><D33/><U13/><E26/><V66/><F66/><W109/><G25/><T123/><D123/><U119/><E119/><V133/><F133/><W39/><G109/><T53/><D91/><U43/><E43/><V45/><AGARI ba="2,1" hai="6,8,12,45,49,55,94,99,103,104,105,106,120,121" machi="45" ten="30,2000,0" yaku="1,1,0,1,53,0" doraHai="64" doraHaiUra="131" who="2" fromWho="2" sc="412,-12,250,-7,78,36,250,-7" /><INIT seed="1,0,0,5,0,10" ten="400,243,114,243" oya="1" hai0="18,103,79,57,72,50,39,23,61,22,5,67,133" hai1="13,65,2,120,42,52,75,118,41,66,104,93,15" hai2="132,124,43,125,6,73,80,116,86,97,102,26,21" hai3="64,98,49,117,109,63,19,35,44,48,121,81,92"/><U31/><E118/><V14/><F116/><W55/><G121/><T91/><D39/><U69/><E75/><V56/><F73/><W8/><G117/><T68/><D133/><U107/><E2/><V88/><F132/><W131/><G131/><T0/><D103/><U94/><E31/><V9/><F56/><N who="3" m="36967" /><G35/><T59/><D5/><U123/><E52/><V46/><F21/><W45/><G109/><T4/><D23/><U101/><E101/><V40/><F26/><W36/><G36/><T76/><D4/><U119/><E119/><V54/><F54/><W38/><G81/><T90/><D0/><U95/><REACH who="1" step="1"/><E93/><REACH who="1" ten="400,233,114,243" step="2"/><V99/><F97/><W3/><G3/><T1/><D1/><U78/><E78/><V11/><F11/><W96/><G92/><T84/><D79/><U70/><AGARI ba="0,1" hai="13,15,41,42,65,66,69,70,94,95,104,107,120,123" machi="70" ten="25,24000,3" yaku="1,1,0,1,22,2,52,2,53,2" doraHai="10" doraHaiUra="89" who="1" fromWho="1" sc="400,-80,233,250,114,-80,243,-80" /><INIT seed="1,1,0,1,0,118" ten="320,483,34,163" oya="1" hai0="130,122,52,15,91,93,92,41,8,48,121,5,117" hai1="54,90,26,49,19,40,3,108,46,67,78,44,33" hai2="131,87,13,96,95,0,106,112,119,58,4,1,103" hai3="83,124,10,133,70,129,38,45,7,107,64,23,75"/><U81/><E3/><V51/><F119/><W123/><G107/><T99/><D117/><U37/><E108/><V120/><F120/><N who="0" m="46186" /><D130/><U65/><E90/><V66/><F112/><W47/><G124/><T76/><D76/><U53/><E19/><V34/><F34/><W126/><G129/><T77/><D77/><U127/><E127/><V32/><F32/><W85/><G126/><T59/><D93/><U134/><E134/><V63/><F131/><W42/><G133/><T110/><D41/><U35/><E35/><V2/><F87/><W104/><G75/><T109/><AGARI ba="1,0" hai="5,8,15,48,52,59,91,92,99,109,110" m="46186" machi="109" ten="30,8000,1" yaku="13,1,52,3,54,1" doraHai="118" who="0" fromWho="0" sc="320,83,483,-41,34,-21,163,-21" /><INIT seed="2,0,0,4,5,33" ten="403,442,13,142" oya="2" hai0="29,49,30,78,66,60,120,75,87,6,107,65,44" hai1="126,80,69,1,53,82,43,105,4,93,128,16,83" hai2="22,85,125,110,114,131,38,71,124,34,123,95,40" hai3="73,63,46,55,115,39,106,48,90,24,99,96,129"/><V15/><F123/><W76/><G115/><T14/><D107/><U94/><E69/><V113/><F71/><W117/><G117/><T108/><D75/><U21/><E105/><V97/><F34/><W2/><G2/><T11/><D120/><U86/><E43/><V26/><F15/><W68/><G129/><T36/><D108/><U27/><E128/><V109/><F85/><W31/><G39/><T3/><D36/><U47/><E126/><N who="2" m="48747" /><F131/><W23/><G106/><T88/><D78/><U7/><E1/><V134/><F40/><W50/><G73/><T112/><D3/><U127/><E127/><V59/><F59/><N who="3" m="35327" /><G76/><T20/><D112/><N who="2" m="43114" /><F38/><W64/><G68/><T79/><D79/><U9/><E9/><V52/><F134/><W103/><G64/><T98/><D66/><U121/><E121/><V116/><F116/><W81/><G103/><T130/><D130/><U45/><E86/><V70/><F70/><W28/><G28/><T74/><D20/><U77/><E77/><V41/><F41/><N who="3" m="24655" /><G50/><T67/><D67/><U84/><E84/><AGARI ba="0,0" hai="23,24,31,81,84,90,96,99" m="24655,35327" machi="84" ten="30,1000,0" yaku="8,1" doraHai="33" who="3" fromWho="1" sc="403,0,442,-10,13,0,142,10" /><INIT seed="3,0,0,5,0,0" ten="403,432,13,152" oya="3" hai0="90,63,61,22,33,75,83,59,124,8,11,41,52" hai1="81,4,67,23,3,71,18,130,89,106,65,9,105" hai2="53,98,16,54,95,68,87,46,14,86,29,132,21" hai3="20,1,134,2,96,135,51,112,77,30,55,116,24"/><W39/><G39/><T107/><D107/><U12/><E130/><V70/><F132/><W120/><G116/><T7/><D33/><U125/><E125/><V31/><F68/><W73/><G120/><T17/><D124/><U58/><E71/><V103/><F70/><W85/><G73/><T74/><D41/><U13/><E58/><V28/><F46/><W37/><G37/><T119/><D119/><U43/><E43/><V25/><F31/><W126/><G112/><T122/><D122/><U92/><E81/><V82/><F86/><W34/><G126/><T49/><D11/><U79/><E79/><V94/><F94/><W26/><G96/><T104/><D104/><U84/><E106/><V129/><F129/><W44/><G85/><T88/><D90/><U69/><E105/><V108/><F108/><W64/><G77/><T115/><D115/><U111/><E69/><V121/><F121/><W27/><G64/><T50/><D50/><U110/><E3/><V97/><F97/><W80/><G2/><T131/><D131/><U57/><E57/><V45/><F45/><W133/><G1/><T42/><D42/><U48/><E48/><V128/><F128/><W15/><G80/><T36/><D36/><U38/><E38/><V100/><F100/><W35/><G133/><T10/><D75/><U72/><E72/><V113/><F113/><W62/><G134/><T56/><D74/><U78/><E78/><V101/><F101/><W123/><G135/><T5/><D83/><U127/><E127/><V114/><F114/><W118/><G44/><T47/><D47/><RYUUKYOKU ba="0,0" sc="403,-10,432,30,13,-10,152,-10" hai1="4,9,12,13,18,23,65,67,84,89,92,110,111" owari="393,19.0,462,57.0,3,-50.0,142,-26.0" /></mjloggm>