<mjloggm ver="2.3"><GO type="41" lobby="0"/><UN n0="%E5%9C%A8%E5%BA%AB%E4%B8%8D%E8%89%AF" n1="%E5%B0%B1%E6%B4%BB%E7%94%9F%40%E5%B7%9D%E6%9D%91%E8%BB%8D%E5%9B%A3" n2="%E6%8A%BC%E3%81%97%E8%8A%B1" n3="%EF%BC%95%E6%AE%B5%E6%AD%A2%E3%81%BE%E3%82%8A%28" dan="13,15,14,14" rate="1901.03,2016.18,1815.05,1943.75" sx="M,M,M,M"/><TAIKYOKU oya="0"/><INIT seed="0,0,0,1,0,53" ten="250,250,250,250" oya="0" hai0="96,123,39,5,83,61,69,106,7,88,131,90,40" hai1="94,0,3,67,113,42,127,43,34,47,121,57,104" hai2="89,1,116,129,52,102,37,122,50,6,48,128,72" hai3="112,21,60,85,84,32,78,13,111,125,118,18,49"/><T54/><D123/><U87/><E104/><V92/><F122/><W64/><G112/><T35/><D35/><U103/><E34/><V130/><F37/><W59/><G118/><T79/><D131/><U41/><E113/><V95/><F72/><W115/><G115/><T44/><D69/><U107/><E121/><V25/><F102/><W74/><G111/><T29/><D29/><U28/><E127/><V70/><F70/><W86/><G125/><T133/><D133/><U45/><E28/><V108/><F108/><W17/><G32/><T12/><D106/><U77/><E107/><V22/><F6/><W126/><G126/><T15/><D96/><N who="1" m="59799" /><E3/><V119/><F1/><W132/><G132/><T135/><D135/><U98/><E0/><V73/><F73/><W75/><G78/><T110/><D110/><U16/><E98/><V33/><F33/><W55/><REACH who="3" step="1"/><G18/><REACH who="3" ten="250,250,250,240" step="2"/><T10/><D79/><U105/><E77/><V26/><F89/><W117/><G117/><N who="2" m="45129" /><F48/><W36/><G36/><T76/><D39/><U134/><E134/><V19/><F26/><W62/><G62/><T63/><D63/><N who="1" m="38383" /><E105/><V4/><F4/><W93/><G93/><T68/><D7/><U9/><E87/><V109/><F109/><W8/><G8/><T58/><D5/><U114/><E114/><V71/><F92/><W20/><G20/><T91/><D10/><U2/><E2/><V30/><F95/><W100/><G100/><T31/><D31/><U56/><E9/><V124/><F124/><W38/><G38/><T46/><D76/><U99/><E16/><V80/><F30/><RYUUKYOKU ba="0,1" sc="250,-10,250,-10,250,-10,240,30" hai3="13,17,21,49,55,59,60,64,74,75,84,85,86" /><INIT seed="1,1,1,1,2,107" ten="240,240,240,270" oya="1" hai0="3,15,104,101,29,50,110,18,87,79,54,96,51" hai1="85,105,89,130,21,28,30,48,17,0,126,6,71" hai2="60,81,20,133,93,10,127,19,2,56,102,58,12" hai3="72,77,117,120,65,45,33,113,116,75,103,69,62"/><U38/><E105/><V125/><F133/><W43/><G120/><T132/><D132/><U80/><E38/><V64/><F81/><W100/><G113/><T34/><D110/><U83/><E71/><V109/><F109/><W97/><G33/><T42/><D3/><U122/><E122/><V23/><F2/><W40/><G77/><T92/><D34/><U90/><E130/><V52/><F125/><W44/><G44/><T73/><D73/><U129/><E129/><V134/><F134/><W46/><G46/><N who="0" m="25943" /><D104/><U86/><E126/><V94/><F127/><W24/><G24/><T1/><D1/><U22/><E48/><V112/><F102/><W78/><G78/><T57/><D29/><U47/><E47/><V74/><F74/><N who="3" m="28203" /><G100/><T16/><D79/><U135/><E135/><V123/><F123/><W61/><G61/><T37/><D37/><U98/><E98/><V70/><F70/><W115/><G115/><T106/><D106/><U14/><REACH who="1" step="1"/><E22/><REACH who="1" ten="240,230,240,270" step="2"/><N who="2" m="8235" /><F112/><W128/><G128/><T67/><D87/><U119/><E119/><N who="3" m="45642" /><G45/><T7/><D67/><U131/><E131/><V31/><F64/><W27/><G27/><T5/><D18/><U95/><E95/><AGARI ba="1,2" hai="40,43,62,65,69,95,97,103" m="45642,28203" machi="95" ten="30,7700,0" yaku="12,1,52,3" doraHai="107" who="3" fromWho="1" sc="240,0,230,-80,240,0,270,100" /><INIT seed="2,0,0,5,0,26" ten="240,150,240,370" oya="2" hai0="55,21,78,125,17,96,103,60,106,43,68,65,117" hai1="93,129,85,122,53,81,113,66,46,87,121,67,118" hai2="132,124,61,82,54,40,51,33,115,131,112,128,73" hai3="18,28,32,91,56,24,126,3,8,83,58,13,84"/><V10/><F40/><W41/><G41/><T1/><D117/><U94/><E53/><V2/><F61/><W77/><G126/><T45/><D1/><U14/><E14/><V76/><F51/><W70/><G70/><T47/><D125/><U50/><E81/><V110/><F54/><W11/><REACH who="3" step="1"/><G91/><REACH who="3" ten="240,150,240,360" step="2"/><T108/><D108/><U39/><E39/><V7/><F124/><W38/><G38/><T130/><D130/><N who="2" m="49706" /><F132/><W42/><G42/><T15/><D78/><U101/><E129/><V31/><F110/><W49/><G49/><T19/><D43/><U135/><E50/><V27/><AGARI ba="0,1" hai="2,7,10,27,31,33,73,76,82,112,115" m="49706" machi="27" ten="30,6000,0" yaku="19,1,23,1,52,1" doraHai="26" who="2" fromWho="2" sc="240,-20,150,-20,240,70,360,-20" /><INIT seed="2,1,0,1,5,55" ten="220,130,310,340" oya="2" hai0="53,125,107,14,128,2,81,75,64,126,132,24,28" hai1="116,74,106,36,35,90,84,110,52,29,31,86,99" hai2="71,0,54,89,12,33,87,63,79,58,56,117,103" hai3="51,121,113,129,98,1,105,34,17,69,44,77,11"/><V94/><F0/><W48/><G129/><T26/><D53/><U68/><E74/><V101/><F71/><W134/><G134/><T78/><D14/><U95/><E68/><V20/><F33/><W102/><G121/><T46/><D26/><U27/><E36/><V93/><F79/><W120/><G120/><T40/><D64/><U127/><E116/><V18/><F117/><W3/><G34/><N who="0" m="20743" /><D132/><U73/><E73/><V62/><F93/><W47/><G69/><T41/><D41/><U122/><E122/><V96/><F87/><W32/><G32/><T135/><D135/><U13/><E31/><V123/><F123/><W97/><G113/><T108/><D108/><U60/><E110/><V131/><F131/><W114/><G114/><T82/><D82/><U4/><E106/><V57/><F57/><W124/><G124/><N who="0" m="47723" /><D128/><U42/><E42/><V23/><F23/><W104/><G11/><T65/><D65/><AGARI ba="1,0" hai="12,18,20,54,56,58,62,63,65,89,94,96,101,103" machi="65" ten="30,11600,0" yaku="7,1,8,1,52,2" doraHai="55" who="2" fromWho="0" sc="220,-119,130,0,310,119,340,0" /><INIT seed="2,2,0,1,4,14" ten="101,130,429,340" oya="2" hai0="32,101,3,1,71,56,80,77,108,49,126,47,127" hai1="118,87,68,57,60,88,125,86,22,130,63,53,42" hai2="121,120,89,110,43,20,69,4,52,82,78,58,135" hai3="29,27,103,37,83,95,84,13,72,112,45,44,113"/><V94/><F69/><W134/><G72/><T97/><D32/><U34/><E118/><V75/><F43/><N who="3" m="22639" /><G134/><T109/><D71/><U48/><E34/><V5/><F135/><W35/><G45/><T17/><D56/><U105/><E105/><V8/><F110/><N who="0" m="42602" /><D17/><U99/><E130/><V7/><F20/><W59/><G95/><N who="0" m="58559" /><D49/><U10/><E125/><N who="0" m="47625" /><D47/><N who="1" m="25719" /><E68/><V90/><F8/><W115/><G103/><T36/><D36/><U9/><E22/><V79/><F5/><W50/><G50/><T28/><D28/><U23/><E23/><V85/><F4/><W64/><G59/><T116/><D116/><U46/><E46/><V124/><F7/><W38/><G38/><T111/><N who="0" m="42610" /><T96/><DORA hai="123" /><D96/><U19/><E63/><V65/><F124/><W30/><G30/><T114/><D114/><U76/><E99/><V62/><F62/><W81/><G29/><T132/><D132/><U33/><E33/><V93/><F58/><W55/><G35/><T100/><D100/><U129/><E129/><V74/><F121/><W6/><G6/><T107/><D107/><U133/><E133/><V102/><F120/><W51/><G51/><T12/><D12/><U26/><E26/><V67/><F102/><W15/><G13/><T18/><D18/><U21/><E21/><V11/><F11/><W54/><G15/><T39/><D39/><U73/><E19/><V40/><F40/><W61/><G27/><T31/><D31/><U106/><E106/><V131/><F131/><W92/><G115/><T0/><D0/><U66/><E10/><V119/><F119/><RYUUKYOKU ba="2,0" sc="101,30,130,-10,429,-10,340,-10" hai0="1,3,77,80" /><INIT seed="3,3,0,3,2,95" ten="131,120,419,330" oya="3" hai0="57,69,124,73,131,15,32,70,35,102,37,110,46" hai1="11,98,45,7,27,74,40,115,1,29,68,65,33" hai2="133,3,9,77,4,6,38,21,120,118,14,126,130" hai3="42,44,20,78,62,53,67,52,43,0,116,121,63"/><W55/><G0/><T58/><D110/><U83/><E115/><V91/><F38/><W31/><G78/><T16/><D73/><U80/><E65/><V127/><F77/><W123/><G31/><T82/><D131/><U48/><E68/><V84/><F118/><W64/><G20/><T13/><D124/><N who="2" m="47658" /><F133/><W47/><G55/><T106/><D82/><U28/><E28/><V25/><F130/><W112/><REACH who="3" step="1"/><G116/><REACH who="3" ten="131,120,419,320" step="2"/><T5/><D106/><U128/><E128/><V122/><F3/><W134/><G134/><T72/><D72/><U100/><REACH who="1" step="1"/><E74/><REACH who="1" ten="131,110,419,320" step="2"/><V51/><F120/><W125/><G125/><T24/><D70/><U59/><E59/><V61/><F122/><W60/><G60/><T56/><D69/><U10/><E10/><V34/><F34/><W132/><G132/><T79/><D35/><U66/><E66/><V117/><F61/><W41/><G41/><T104/><D32/><U36/><E36/><V85/><F117/><W90/><G90/><T111/><D37/><U22/><E22/><V87/><F51/><W71/><G71/><T81/><D111/><U101/><E101/><V88/><F4/><W17/><G17/><AGARI ba="3,2" hai="6,9,14,17,21,25,84,85,87,88,91" m="47658" machi="17" ten="30,2000,0" yaku="18,1,54,1" doraHai="95" who="2" fromWho="3" sc="131,0,110,0,419,49,320,-29" /><INIT seed="4,0,0,2,2,130" ten="131,110,468,291" oya="0" hai0="129,123,32,4,115,10,34,102,3,120,80,53,87" hai1="119,31,112,111,105,42,14,113,46,72,99,1,21" hai2="70,118,62,17,39,7,67,66,50,127,78,93,59" hai3="22,69,8,74,19,133,48,61,103,6,104,23,68"/><T135/><D115/><N who="1" m="44107" /><E1/><V43/><F127/><W131/><G74/><T71/><D129/><U38/><E111/><V81/><F7/><W79/><G131/><T108/><D71/><U121/><E121/><V45/><F93/><W117/><G117/><T125/><D125/><U16/><E119/><V29/><F118/><W47/><G79/><T90/><D108/><U107/><E72/><V40/><F17/><W100/><G61/><T49/><D135/><U15/><E31/><V77/><F29/><W5/><G8/><T75/><D75/><U12/><E99/><V94/><F94/><W28/><G48/><T56/><REACH who="0" step="1"/><D102/><REACH who="0" ten="121,110,468,291" step="2"/><U89/><E89/><V55/><F77/><W109/><G109/><T54/><D54/><U63/><E63/><N who="2" m="40287" /><F81/><W73/><G133/><T96/><D96/><U64/><E64/><V83/><F83/><W110/><G73/><T82/><D82/><U26/><AGARI ba="0,1" hai="12,14,15,16,21,26,38,42,46,105,107" m="44107" machi="26" ten="30,4000,0" yaku="15,1,11,1,54,1" doraHai="130" who="1" fromWho="1" sc="121,-20,110,50,468,-10,291,-10" /><INIT seed="5,0,0,3,0,3" ten="101,160,458,281" oya="1" hai0="95,16,23,26,30,79,38,24,129,86,61,98,62" hai1="109,28,37,21,56,39,71,48,130,106,25,63,6" hai2="124,99,64,29,94,58,88,44,72,131,22,42,13" hai3="83,9,120,77,66,103,8,90,81,40,112,27,59"/><U122/><E106/><V126/><F72/><W117/><G120/><T85/><D38/><U2/><E122/><V67/><F131/><W91/><G112/><T50/><D129/><U51/><E130/><V80/><F80/><N who="3" m="30795" /><G40/><T68/><D68/><U121/><E71/><V73/><F73/><W4/><G77/><T55/><D79/><U34/><E109/><V12/><F29/><W134/><G134/><T104/><D104/><U36/><E121/><V14/><F22/><W20/><G103/><N who="0" m="60895" /><D26/><U97/><E97/><V43/><F43/><W113/><G113/><T114/><D30/><U115/><E115/><V111/><F111/><W57/><G117/><T1/><D1/><U89/><E21/><V45/><F45/><W52/><G66/><T11/><D114/><U107/><E89/><N who="3" m="33802" /><G59/><N who="0" m="33271" /><D11/><U10/><REACH who="1" step="1"/><E107/><REACH who="1" ten="101,150,458,281" step="2"/><V75/><F99/><W116/><G116/><T102/><D102/><U17/><E17/><V92/><F75/><W76/><G76/><T132/><D132/><U46/><E46/><V127/><F44/><W7/><G20/><T84/><AGARI ba="0,1" hai="16,23,24,61,62,84,85,86" m="33271,60895" machi="84" ten="30,2000,0" yaku="8,1,54,1" doraHai="3" who="0" fromWho="0" sc="101,30,150,-10,458,-5,281,-5" /><INIT seed="6,0,0,1,4,75" ten="131,140,453,276" oya="2" hai0="110,114,59,30,86,106,127,68,112,42,89,54,56" hai1="78,18,129,71,102,88,5,126,119,76,64,133,128" hai2="46,44,134,99,8,74,34,77,53,63,51,90,81" hai3="72,105,123,37,39,98,85,69,12,131,41,40,87"/><V103/><F134/><W4/><G123/><T48/><D110/><U14/><E119/><V62/><F34/><W101/><G72/><T79/><D106/><U116/><E116/><V67/><F44/><W61/><G131/><N who="1" m="50250" /><E102/><V70/><F8/><W26/><G26/><T58/><D68/><U25/><E126/><V120/><F120/><W29/><G29/><T2/><D2/><U111/><E111/><V80/><F80/><W124/><G124/><T107/><D107/><U118/><E118/><V1/><F1/><W130/><G130/><T92/><D127/><U6/><E25/><V23/><F23/><W93/><G105/><T21/><D42/><U83/><E64/><V117/><F117/><W108/><G108/><T113/><D79/><N who="1" m="30251" /><E71/><V33/><F33/><W121/><G121/><T19/><REACH who="0" step="1"/><D30/><REACH who="0" ten="121,140,453,276" step="2"/><U9/><E133/><V50/><F70/><W36/><G69/><T28/><D28/><U49/><E49/><V65/><F50/><W125/><G125/><T31/><D31/><U0/><E0/><V66/><F51/><W100/><G39/><T10/><D10/><U20/><E9/><V91/><F62/><W95/><G61/><T82/><D82/><U132/><E132/><V52/><F63/><W16/><G37/><T73/><D73/><U15/><E15/><AGARI ba="0,1" hai="15,19,21,48,54,56,58,59,86,89,92,112,113,114" machi="15" ten="40,8000,1" yaku="1,1,25,2,15,1,53,0" doraHai="75" doraHaiUra="32" who="0" fromWho="1" sc="121,90,140,-80,453,0,276,0" /><INIT seed="7,0,0,0,3,46" ten="211,60,453,276" oya="3" hai0="78,134,25,85,77,56,115,28,66,127,87,83,68" hai1="12,120,86,114,105,101,97,37,35,89,94,123,13" hai2="80,76,125,58,10,82,122,30,2,92,57,29,34" hai3="26,130,24,40,99,32,74,64,104,16,44,81,47"/><W98/><G64/><T15/><D134/><U38/><E35/><V84/><F125/><W73/><G130/><T108/><D108/><U103/><E114/><V109/><F109/><W45/><G40/><T107/><D127/><U0/><E0/><V39/><F39/><W100/><G81/><T90/><D107/><U121/><E97/><V75/><F92/><W54/><G98/><T23/><D68/><U6/><E6/><V65/><F122/><W53/><G74/><T93/><D115/><U95/><E89/><V62/><F34/><W110/><G73/><T17/><D66/><U102/><E86/><V59/><F2/><W21/><REACH who="3" step="1"/><G110/><REACH who="3" ten="211,60,453,266" step="2"/><T79/><REACH who="0" step="1"/><D56/><REACH who="0" ten="201,60,453,266" step="2"/><U31/><E105/><V4/><F58/><W111/><G111/><T69/><D69/><U67/><E67/><V14/><F57/><W70/><G70/><T49/><D49/><U112/><E112/><V3/><F3/><W72/><G72/><T27/><D27/><U63/><E63/><V51/><F51/><W8/><G8/><AGARI ba="0,2" hai="8,15,17,23,25,28,77,78,79,83,85,87,90,93" machi="8" ten="30,3900,0" yaku="1,1,7,1,8,1,53,0" doraHai="46" doraHaiUra="52" who="0" fromWho="3" sc="201,59,60,0,453,0,266,-39" owari="260,6.0,60,-44.0,453,55.0,227,-17.0" /></mjloggm>