<mjloggm ver="2.3"><GO type="97" lobby="0"/><UN n0="%E5%B0%B1%E6%B4%BB%E7%94%9F%40%E5%B7%9D%E6%9D%91%E8%BB%8D%E5%9B%A3" n1="%E3%81%84" n2="%E5%81%B6%E6%A9%9F%E5%BE%85%E3%81%A1" n3="%72%79%75%6B%61%6F%6E" dan="15,15,13,14" rate="2044.29,2055.31,1831.77,1951.66" sx="M,F,M,M"/><TAIKYOKU oya="0"/><INIT seed="0,0,0,0,5,116" ten="250,250,250,250" oya="0" hai0="87,39,32,117,76,101,58,82,95,47,53,85,14" hai1="69,18,40,48,24,45,121,55,74,124,64,112,38" hai2="104,130,20,37,60,44,46,133,36,42,115,103,52" hai3="2,17,26,3,16,67,91,19,77,128,0,114,63"/><T122/><D32/><U81/><E124/><V75/><F115/><W65/><G114/><T88/><D117/><U78/><E112/><V129/><F133/><W99/><G128/><N who="2" m="49257" /><F75/><W84/><G77/><T131/><D131/><U134/><E134/><V86/><F86/><W8/><G26/><T111/><D111/><U21/><E64/><V98/><F20/><W7/><G99/><N who="0" m="59647" /><D122/><U100/><E69/><V107/><F107/><W30/><G30/><T50/><D39/><N who="2" m="14922" /><F42/><W106/><G106/><T27/><D27/><U68/><E68/><V23/><F23/><W49/><G49/><T66/><D14/><U22/><E22/><V51/><F60/><W25/><G25/><T126/><D126/><U127/><E127/><V109/><F109/><W1/><REACH who="3" step="1"/><G63/><REACH who="3" ten="250,250,250,240" step="2"/><N who="0" m="38263" /><D85/><U43/><E38/><V71/><F71/><W57/><G57/><AGARI ba="0,1" hai="44,46,51,52,57,98,103,104" m="14922,49257" machi="57" ten="30,2000,0" yaku="19,1,54,1" doraHai="116" who="2" fromWho="3" sc="250,0,250,0,250,30,240,-20" /><INIT seed="1,0,0,2,3,37" ten="250,250,280,220" oya="1" hai0="89,87,100,130,30,6,35,82,73,50,123,79,56" hai1="64,91,124,0,96,93,134,11,135,40,69,27,71" hai2="72,23,19,106,36,46,102,61,26,45,14,78,108" hai3="1,112,31,103,43,80,28,127,88,60,53,85,94"/><U49/><E124/><V54/><F108/><W115/><G127/><T55/><D123/><U13/><E0/><V77/><F102/><W12/><G1/><T51/><D130/><U118/><E118/><V105/><F105/><W126/><G126/><T59/><D6/><U84/><E27/><V10/><F106/><W131/><G131/><T128/><D128/><U3/><E3/><V68/><F72/><W70/><G115/><T4/><D4/><U67/><E96/><V99/><F99/><N who="3" m="59895" /><G70/><T76/><D100/><U122/><E122/><V95/><F95/><W48/><G112/><T22/><D35/><U17/><E71/><V110/><F110/><W18/><G60/><T120/><D120/><U116/><E116/><V21/><F21/><N who="3" m="11463" /><G53/><N who="0" m="31799" /><D73/><U9/><E9/><V58/><F68/><W29/><G48/><T5/><D5/><U57/><E69/><V42/><REACH who="2" step="1"/><F46/><REACH who="2" ten="250,250,270,220" step="2"/><W114/><G114/><T86/><D86/><U20/><E20/><V62/><F62/><W24/><G24/><AGARI ba="0,1" hai="22,24,30,51,55,59,76,79,82,87,89" m="31799" machi="24" ten="30,1000,0" yaku="8,1" doraHai="37" who="0" fromWho="3" sc="250,20,250,0,270,0,220,-10" /><INIT seed="2,0,0,5,4,19" ten="270,250,270,210" oya="2" hai0="119,25,115,71,111,107,7,95,93,43,72,27,82" hai1="61,81,100,56,28,39,20,88,52,30,34,55,49" hai2="74,117,13,50,70,122,99,58,78,0,53,11,3" hai3="121,59,5,76,42,92,86,6,127,98,64,62,47"/><V12/><F117/><W84/><G121/><T87/><D107/><U33/><E39/><V90/><F122/><W134/><G134/><T114/><D71/><U109/><E33/><V125/><F125/><W113/><G113/><T45/><D72/><U129/><E34/><V132/><F132/><W22/><G127/><T130/><D119/><U31/><E100/><V91/><F70/><W89/><G76/><T32/><D130/><U17/><E109/><V51/><F51/><N who="3" m="27127" /><G5/><T79/><D7/><U104/><E104/><V29/><F29/><W80/><G80/><T96/><D111/><U68/><E129/><V15/><F11/><W116/><G6/><T65/><D65/><N who="1" m="39079" /><E68/><V35/><F35/><W66/><G66/><T63/><D63/><U75/><E75/><V46/><F46/><W21/><G116/><T102/><D95/><U97/><E49/><V2/><REACH who="2" step="1"/><F99/><REACH who="2" ten="270,250,260,210" step="2"/><W94/><G84/><T8/><D8/><U48/><E48/><V128/><F128/><W18/><G18/><T106/><D115/><U10/><E10/><V73/><F73/><W14/><G14/><T1/><D114/><U4/><E4/><V23/><F23/><W123/><G123/><T36/><D32/><U26/><E97/><V69/><F69/><W112/><G112/><T83/><D1/><U77/><E31/><V85/><F85/><W24/><G24/><T118/><D27/><U110/><E110/><V67/><F67/><W120/><G120/><T9/><D25/><U135/><E135/><V131/><F131/><W124/><G124/><T44/><D118/><U37/><E28/><RYUUKYOKU ba="0,1" sc="270,-15,250,-15,260,15,210,15" hai2="0,2,3,12,13,15,50,53,58,74,78,90,91" hai3="21,22,59,62,64,86,89,92,94,98" /><INIT seed="2,1,1,5,2,119" ten="255,235,275,225" oya="2" hai0="108,25,57,56,46,109,84,128,121,38,22,135,106" hai1="58,125,111,107,99,49,33,130,64,54,81,7,70" hai2="134,97,39,61,42,24,120,62,91,93,73,32,95" hai3="45,1,74,79,44,110,63,12,101,18,20,41,90"/><V77/><F134/><W15/><G1/><T43/><D106/><U8/><E33/><V127/><F127/><W67/><G110/><N who="0" m="42603" /><D128/><U11/><E125/><V80/><F120/><W40/><G101/><T51/><D135/><U27/><E111/><V36/><F95/><W19/><G90/><T102/><D102/><U126/><E126/><V47/><REACH who="2" step="1"/><F39/><REACH who="2" ten="255,235,265,225" step="2"/><W94/><G94/><T34/><D121/><U76/><E130/><V89/><F89/><W50/><G74/><T124/><D124/><U104/><E104/><V53/><F53/><W113/><G113/><T85/><D34/><U65/><E107/><V13/><F13/><W29/><G79/><T21/><D38/><U117/><E117/><V2/><F2/><W116/><G116/><T37/><D37/><U75/><E75/><V52/><F52/><W5/><G15/><T59/><D25/><U105/><E27/><V122/><F122/><W132/><G132/><T72/><D72/><U30/><E105/><V14/><F14/><W23/><G12/><T69/><D85/><U17/><E76/><V68/><F68/><W123/><G123/><T16/><D84/><U3/><E70/><V71/><F71/><W98/><G5/><T9/><D69/><U115/><E115/><V96/><F96/><W4/><G4/><T100/><D100/><U10/><E99/><V35/><F35/><W60/><G98/><T118/><D118/><U86/><E7/><V92/><F92/><W31/><G67/><T87/><D87/><U0/><E0/><V83/><F83/><W26/><G26/><T103/><D103/><RYUUKYOKU ba="1,2" sc="255,10,235,-30,265,10,225,10" hai0="9,16,21,22,43,46,51,56,57,59" hai2="24,32,36,42,47,61,62,73,77,80,91,93,97" hai3="18,19,20,23,29,31,40,41,44,45,50,60,63" /><INIT seed="2,2,2,4,2,133" ten="265,205,275,235" oya="2" hai0="4,132,104,89,46,78,88,76,102,97,100,96,103" hai1="86,80,131,40,126,53,19,17,120,65,129,23,95" hai2="37,91,92,99,109,135,24,55,74,49,60,71,42" hai3="22,38,134,66,62,35,112,84,47,45,8,50,107"/><V25/><F135/><W111/><G35/><T54/><D132/><U13/><E120/><V70/><F74/><W90/><G134/><T115/><D115/><U29/><E29/><V10/><F109/><W93/><G112/><T77/><D4/><U127/><E65/><N who="2" m="41255" /><F10/><W63/><G111/><T28/><D28/><U67/><E67/><V72/><F71/><W26/><G107/><T105/><D46/><U87/><E40/><V58/><F72/><W0/><G38/><T27/><D27/><U114/><E114/><V39/><F39/><W15/><G0/><T11/><D11/><N who="1" m="6335" /><E95/><V122/><F122/><W43/><G47/><AGARI ba="2,2" hai="24,25,37,42,47,49,55,58,91,92,99" m="41255" machi="47" ten="30,1500,0" yaku="24,1" doraHai="133" who="2" fromWho="3" sc="265,0,205,0,275,41,235,-21" /><INIT seed="2,3,0,2,1,37" ten="265,205,316,214" oya="2" hai0="27,38,98,44,18,13,110,42,91,69,77,73,63" hai1="81,54,86,55,17,57,26,95,33,46,47,19,2" hai2="9,100,130,76,96,64,99,61,31,56,0,129,134" hai3="128,132,90,107,83,135,14,112,6,101,36,106,123"/><V35/><F134/><N who="3" m="51243" /><G36/><T114/><D114/><U4/><E33/><V71/><F76/><W89/><G6/><T58/><D110/><U113/><E113/><V93/><F96/><N who="3" m="61735" /><G14/><T50/><D27/><U20/><E2/><V60/><F9/><W5/><G5/><T109/><D109/><U79/><E4/><V67/><F0/><W117/><G112/><T8/><D69/><U15/><E95/><V70/><F56/><W87/><G117/><T94/><D73/><U1/><E1/><V51/><F51/><W115/><G115/><T119/><D119/><U103/><E103/><V49/><F49/><W78/><G123/><T72/><D72/><U122/><E122/><V21/><F21/><W65/><G65/><N who="0" m="39159" /><D38/><U111/><E111/><V92/><F92/><W124/><G124/><T28/><D28/><U10/><REACH who="1" step="1"/><E55/><REACH who="1" ten="265,195,316,214" step="2"/><V116/><F116/><W104/><G128/><T85/><D98/><U105/><E105/><AGARI ba="3,1" hai="78,83,87,89,90,104,105,107" m="61735,51243" machi="105" ten="30,3900,0" yaku="20,1,34,2" doraHai="37" who="3" fromWho="1" sc="265,0,195,-48,316,0,214,58" /><INIT seed="3,0,0,3,0,88" ten="265,147,316,272" oya="3" hai0="76,44,51,25,53,15,116,20,111,48,95,134,114" hai1="26,124,115,24,63,2,84,58,97,36,27,60,123" hai2="109,34,98,129,12,68,4,0,92,87,49,37,61" hai3="126,46,100,11,122,85,89,130,127,16,90,30,110"/><W35/><G122/><T50/><D116/><U55/><E115/><V112/><F112/><W65/><G130/><T32/><D32/><U125/><E123/><V119/><F119/><W59/><G110/><T93/><D114/><U40/><E2/><V14/><F37/><W94/><G100/><T135/><D111/><U82/><E63/><V23/><F34/><W131/><G131/><T31/><D76/><U1/><E1/><V91/><F129/><W120/><G120/><T19/><D50/><U78/><E36/><V104/><F0/><W71/><G71/><T45/><D134/><U57/><E40/><V74/><F74/><W121/><G121/><T54/><REACH who="0" step="1"/><D135/><REACH who="0" ten="255,147,316,272" step="2"/><U9/><E58/><V8/><F49/><W77/><G77/><T28/><D28/><U29/><E9/><V80/><F109/><W33/><G90/><T72/><D72/><U102/><REACH who="1" step="1"/><E29/><REACH who="1" ten="255,137,316,272" step="2"/><V3/><F8/><W39/><G30/><T13/><D13/><U73/><E73/><V108/><F14/><W75/><G75/><T101/><D101/><U105/><AGARI ba="0,2" hai="24,26,27,55,57,60,78,82,84,97,102,105,124,125" machi="105" ten="30,4000,0" yaku="1,1,0,1,53,1" doraHai="88" doraHaiUra="99" who="1" fromWho="1" sc="255,-10,137,60,316,-10,272,-20" owari="245,-15.0,197,-30.0,306,40.0,252,5.0" /></mjloggm>