<mjloggm ver="2.3"><GO type="97" lobby="0"/><UN n0="%E9%87%8C%E6%9C%A8%E4%BB%81" n1="%E5%B0%B1%E6%B4%BB%E7%94%9F%40%E5%B7%9D%E6%9D%91%E8%BB%8D%E5%9B%A3" n2="%E9%8D%8B%E5%B8%B8%E5%B8%9D%E5%9B%BD" n3="%4B%52%4A" dan="15,15,14,15" rate="1970.56,2011.18,1923.04,2010.41" sx="M,M,M,M"/><TAIKYOKU oya="0"/><INIT seed="0,0,0,0,0,54" ten="250,250,250,250" oya="0" hai0="24,126,47,102,97,22,45,74,29,86,107,71,19" hai1="94,13,119,112,41,23,105,44,83,40,115,101,131" hai2="98,7,77,9,130,38,62,103,70,34,87,5,69" hai3="125,123,78,18,135,3,27,106,75,30,1,46,113"/><T60/><D74/><U132/><E105/><V63/><F38/><W124/><G106/><T25/><D126/><N who="3" m="48745" /><G75/><T100/><D102/><U85/><E85/><V111/><F34/><N who="3" m="20831" /><G78/><T20/><D71/><U82/><E119/><V4/><F70/><W58/><G46/><T93/><D107/><U26/><E132/><V32/><F69/><W48/><G113/><N who="1" m="43594" /><E131/><V14/><F130/><W121/><G135/><T88/><REACH who="0" step="1"/><D60/><REACH who="0" ten="240,250,250,250" step="2"/><U57/><E101/><V12/><F63/><W61/><G61/><T36/><D36/><U53/><E40/><V6/><F62/><W72/><G72/><T37/><D37/><U17/><E41/><V96/><F103/><W81/><G121/><T49/><D49/><U66/><E66/><V55/><F55/><W117/><G123/><T42/><D42/><U133/><E53/><V95/><F4/><W122/><G122/><T67/><D67/><U84/><E133/><V59/><F5/><W127/><G117/><T120/><D120/><U10/><E26/><V114/><F6/><W76/><G127/><T31/><D31/><U35/><E35/><V73/><F7/><W43/><G43/><T118/><D118/><U0/><E0/><V79/><F32/><W91/><G48/><T64/><D64/><U39/><E39/><V110/><F114/><W15/><G1/><T11/><D11/><U99/><E10/><V56/><F9/><W65/><G3/><T8/><D8/><U92/><E13/><V2/><F73/><N who="3" m="43151" /><G65/><T104/><AGARI ba="0,1" hai="19,20,22,24,25,29,45,47,86,88,93,97,100,104" machi="104" ten="20,7800,0" yaku="1,1,0,1,7,1,54,1,53,0" doraHai="54" doraHaiUra="116" who="0" fromWho="0" sc="240,88,250,-26,250,-26,250,-26" /><INIT seed="0,1,0,3,1,69" ten="328,224,224,224" oya="0" hai0="120,0,88,65,98,72,44,92,38,53,39,103,18" hai1="36,93,31,10,113,62,74,79,63,121,19,7,32" hai2="60,105,117,73,55,27,130,123,54,107,15,90,119" hai3="66,126,106,114,48,28,58,122,108,132,71,30,104"/><T16/><D120/><U25/><E121/><V95/><F73/><W91/><G122/><T46/><D0/><U100/><E113/><V128/><F123/><W96/><G114/><T127/><D72/><U59/><E19/><N who="0" m="7209" /><D39/><U22/><E32/><V97/><F15/><W85/><G71/><T112/><D38/><U64/><E36/><V125/><F27/><W115/><G115/><T6/><D65/><U131/><E131/><N who="2" m="50219" /><F125/><W133/><G126/><T29/><D127/><U1/><E62/><V78/><F78/><W82/><G108/><T129/><D112/><U17/><E74/><V4/><F4/><W21/><G21/><T135/><D129/><U50/><E79/><V33/><F33/><W13/><G13/><T9/><D135/><U110/><E17/><V68/><F68/><W2/><G2/><T57/><D29/><U77/><E77/><V83/><F83/><W11/><G11/><T51/><D103/><U41/><E110/><V42/><F42/><W76/><G76/><T35/><D35/><U3/><E3/><V67/><F67/><W109/><G109/><T34/><D34/><U87/><E41/><V61/><F61/><N who="3" m="38199" /><G133/><T43/><D43/><U81/><E50/><V99/><F99/><W75/><G48/><T52/><D53/><N who="2" m="19978" /><F60/><W84/><G75/><T14/><AGARI ba="1,0" hai="6,9,14,44,46,51,52,57,88,92,98" m="7209" machi="14" ten="30,11700,0" yaku="8,1,54,3" doraHai="69" who="0" fromWho="0" sc="328,120,224,-40,224,-40,224,-40" /><INIT seed="0,2,0,5,4,24" ten="448,184,184,184" oya="0" hai0="73,40,30,133,92,128,120,21,7,127,14,113,71" hai1="3,64,116,66,103,58,50,38,59,129,36,75,95" hai2="72,68,11,89,102,6,101,131,78,106,18,43,60" hai3="10,91,76,47,39,42,105,35,65,114,54,125,52"/><T124/><D120/><U62/><E75/><V1/><F43/><W41/><G105/><T84/><D73/><U5/><E3/><V56/><F68/><W34/><G114/><T23/><D71/><N who="1" m="42391" /><E5/><V118/><F118/><W61/><G76/><T69/><D69/><U98/><E103/><V87/><F131/><W4/><G125/><N who="0" m="48203" /><D128/><U70/><E98/><V83/><F18/><W19/><G19/><T86/><D133/><U51/><E95/><V63/><F63/><W123/><G123/><T82/><D40/><U0/><E0/><V74/><F74/><W67/><G91/><N who="0" m="53367" /><D30/><U122/><E122/><V80/><REACH who="2" step="1"/><F106/><REACH who="2" ten="448,184,174,184" step="2"/><W94/><G42/><T44/><D113/><U49/><E129/><V33/><F33/><W25/><G35/><T79/><D44/><U104/><E104/><V96/><F96/><W28/><G65/><AGARI ba="2,1" hai="1,6,11,56,60,65,72,78,80,83,87,89,101,102" machi="65" ten="30,2000,0" yaku="1,1,7,1,53,0" doraHai="24" doraHaiUra="26" who="2" fromWho="3" sc="448,0,184,0,174,36,184,-26" /><INIT seed="1,0,0,2,4,32" ten="448,184,210,158" oya="1" hai0="19,87,82,17,6,0,13,110,36,130,5,103,9" hai1="122,46,117,50,120,51,23,113,71,76,2,124,10" hai2="28,48,121,85,109,115,118,86,92,98,91,62,3" hai3="64,107,37,21,43,14,135,72,133,114,60,102,4"/><U40/><E71/><V49/><F3/><W73/><G114/><T74/><D74/><U94/><E113/><V41/><F118/><W57/><G4/><N who="0" m="1643" /><D0/><U108/><E117/><V99/><F121/><W100/><G37/><T70/><D36/><U58/><E2/><V95/><F115/><W134/><G43/><T112/><D70/><U111/><E10/><V81/><F109/><N who="1" m="42057" /><E23/><V56/><F28/><W88/><G107/><T1/><D1/><U45/><E76/><V59/><F41/><W38/><G38/><T31/><D112/><U125/><E94/><V104/><F104/><W127/><G127/><N who="1" m="48714" /><E58/><V75/><F92/><W8/><G21/><T97/><D9/><U18/><E18/><V90/><F59/><W61/><G61/><T12/><D19/><U96/><E96/><V54/><F75/><W30/><G30/><T22/><D31/><U65/><E65/><V116/><F116/><W20/><G20/><T119/><D119/><U27/><E27/><V84/><F99/><W68/><G68/><T52/><D17/><U123/><E123/><V89/><F86/><W78/><G78/><T44/><D22/><U42/><AGARI ba="0,0" hai="40,42,45,46,50,51,120,122" m="48714,42057" machi="42" ten="30,12000,1" yaku="14,1,10,1,18,1,34,2" doraHai="32" who="1" fromWho="1" sc="448,-40,184,120,210,-40,158,-40" /><INIT seed="1,1,0,5,4,5" ten="408,304,170,118" oya="1" hai0="41,104,102,98,122,73,127,0,76,121,24,8,29" hai1="61,21,54,87,119,63,55,108,94,88,110,27,16" hai2="25,126,20,18,72,49,26,95,22,6,112,99,135" hai3="103,14,74,30,42,68,115,58,71,109,65,92,4"/><U38/><E119/><V62/><F72/><W2/><G2/><T40/><D127/><U77/><E38/><V11/><F126/><W19/><G74/><T1/><D41/><U69/><E77/><V43/><F135/><W113/><G42/><T60/><D40/><U34/><E34/><V57/><F112/><W13/><G109/><N who="1" m="42090" /><E63/><V50/><F43/><W90/><G30/><T131/><D131/><U105/><E105/><V117/><F117/><W89/><G103/><T35/><D60/><U134/><E134/><V96/><F96/><W75/><G75/><T15/><D15/><U51/><E51/><V64/><F22/><W81/><G81/><N who="0" m="45199" /><D0/><U33/><E33/><V67/><F67/><AGARI ba="1,0" hai="16,21,27,54,55,61,67,69,87,88,94" m="42090" machi="67" ten="30,11600,0" yaku="14,1,10,1,54,2" doraHai="5" who="1" fromWho="2" sc="408,0,304,119,170,-119,118,0" /><INIT seed="1,2,0,5,5,47" ten="408,423,51,118" oya="1" hai0="30,76,7,8,12,41,0,90,63,10,77,78,70" hai1="11,6,60,96,68,43,89,104,93,100,24,75,4" hai2="40,44,16,99,95,27,18,115,84,65,50,126,5" hai3="92,56,107,62,71,130,82,114,127,46,64,119,34"/><U112/><E112/><V66/><F126/><W42/><G34/><T32/><D41/><U53/><E75/><V54/><F115/><W13/><G107/><T38/><D38/><U51/><E43/><V37/><F5/><W97/><G114/><T67/><D90/><U120/><E120/><V1/><F1/><W15/><G127/><T124/><D124/><U58/><E24/><V113/><F113/><W52/><G82/><T83/><D30/><U117/><E117/><V20/><F18/><W109/><G109/><T123/><D32/><U105/><E105/><V48/><F37/><W14/><G130/><T118/><D118/><U108/><E108/><V57/><REACH who="2" step="1"/><F84/><REACH who="2" ten="408,423,41,118" step="2"/><W125/><G125/><T39/><D39/><U81/><E4/><V116/><F116/><W101/><G119/><T35/><D123/><U19/><E19/><V111/><F111/><W73/><G73/><T134/><D7/><U31/><E31/><V45/><F45/><W85/><G85/><T91/><D0/><U133/><E6/><V131/><F131/><W132/><G132/><T87/><D87/><U121/><E11/><V74/><F74/><W88/><G46/><T129/><D8/><U103/><E121/><V128/><F128/><W72/><G72/><T79/><D10/><U106/><E133/><V49/><F49/><W55/><G42/><T69/><D134/><U59/><E51/><V29/><F29/><W21/><G62/><T36/><D63/><U61/><E60/><V22/><F22/><W86/><G21/><T80/><D129/><U26/><E61/><V25/><F25/><RYUUKYOKU ba="2,1" sc="408,-10,423,-10,41,30,118,-10" hai2="16,20,27,40,44,48,50,54,57,65,66,95,99" /><INIT seed="2,3,1,1,1,25" ten="398,413,71,108" oya="2" hai0="104,37,90,10,19,9,48,118,108,81,70,0,50" hai1="26,76,2,85,72,98,64,1,3,127,77,16,88" hai2="55,54,87,39,12,106,36,24,115,33,32,49,61" hai3="123,132,119,113,89,96,110,34,112,125,126,128,99"/><V21/><F115/><N who="3" m="44107" /><G34/><T121/><D121/><U57/><E127/><N who="3" m="48650" /><G123/><T27/><D37/><U29/><E98/><N who="3" m="37418" /><G119/><T124/><D70/><U103/><E103/><V78/><F106/><W134/><G110/><T66/><D104/><U91/><E91/><V31/><F36/><W114/><N who="3" m="44115" /><W15/><DORA hai="8" /><G15/><T117/><D90/><U59/><E64/><V73/><F39/><W101/><G101/><T95/><D66/><U102/><E102/><V5/><F73/><W60/><G60/><T13/><D13/><U7/><E72/><V71/><F71/><W120/><G120/><T43/><D108/><U4/><E3/><V69/><F69/><W42/><G42/><T23/><D43/><U30/><E2/><V35/><F61/><W11/><G11/><T51/><D10/><U93/><E1/><V82/><REACH who="2" step="1"/><F49/><REACH who="2" ten="398,413,61,108" step="2"/><W65/><G65/><T83/><D124/><U56/><E4/><V17/><F17/><W63/><G63/><T105/><D105/><U111/><E7/><V131/><F131/><W74/><G74/><T130/><D118/><U67/><E67/><V47/><F47/><W28/><G128/><T84/><D130/><U53/><E111/><V79/><F79/><N who="1" m="30281" /><E53/><V14/><F14/><W40/><G40/><T94/><D117/><U100/><E100/><V62/><F62/><W129/><G129/><T68/><D68/><U109/><E109/><V20/><F20/><AGARI ba="3,2" hai="16,20,26,29,30,56,57,59,85,88,93" m="30281" machi="20" ten="30,8000,1" yaku="8,1,52,2,54,2" doraHai="25,8" who="1" fromWho="2" sc="398,0,413,109,61,-89,108,0" owari="398,20.0,522,62.0,-28,-53.0,108,-29.0" /></mjloggm>