<mjloggm ver="2.3"><GO type="225" lobby="0"/><UN n0="%72%6F%6D%61%6E%65%73" n1="%E3%83%88%E3%83%88%E3%83%AA%E5%85%88%E7%94%9F%31%39%E6%AD%B3" n2="%E4%BA%8C%E4%BB%A3%E7%9B%AE%E3%82%A2%E3%83%A1%E3%83%96%E3%83%A9" n3="%E6%97%A5%E6%9B%9C%E6%97%A5%E3%82%88%E3%82%8A%E3%81%AE%E4%BD%BF%E8%80%85" dan="16,18,16,17" rate="2106.81,2270.69,2195.57,2152.97" sx="M,F,M,M"/><TAIKYOKU oya="0"/><INIT seed="0,0,0,4,3,52" ten="250,250,250,250" oya="0" hai0="48,112,95,51,25,69,49,4,103,61,120,36,131" hai1="70,116,111,88,46,123,13,105,72,86,10,39,56" hai2="27,57,96,3,124,129,60,92,38,98,24,118,74" hai3="75,6,135,19,33,30,100,125,44,62,108,90,53"/><T45/><D120/><U133/><E116/><V14/><F3/><W119/><G119/><T59/><D112/><U43/><E123/><V104/><F118/><W8/><G75/><T130/><D4/><U127/><E70/><V5/><F38/><W63/><G100/><T128/><D25/><U81/><E105/><V114/><F114/><W77/><G77/><T109/><D109/><U67/><E111/><V34/><F74/><W18/><G30/><T83/><D83/><U93/><E133/><V97/><F104/><W132/><G33/><T1/><D1/><U65/><E127/><V47/><F124/><W89/><G44/><T91/><D103/><U64/><E72/><V55/><F129/><W106/><G106/><T94/><D69/><U134/><E134/><N who="3" m="51242" /><G125/><T107/><D107/><U20/><E20/><V80/><F34/><W37/><G37/><T29/><D29/><U58/><REACH who="1" step="1"/><E81/><REACH who="1" ten="250,240,250,250" step="2"/><V11/><F80/><W21/><G108/><T32/><D32/><U87/><E87/><V99/><REACH who="2" step="1"/><F47/><REACH who="2" ten="250,240,240,250" step="2"/><W2/><G2/><T73/><D73/><U26/><E26/><V115/><F115/><W71/><G71/><T82/><D82/><U7/><AGARI ba="0,2" hai="7,10,13,39,43,46,56,58,64,65,67,86,88,93" machi="7" ten="30,8000,1" yaku="1,1,0,1,52,2,54,1,53,0" doraHai="52" doraHaiUra="126" who="1" fromWho="1" sc="250,-40,240,100,240,-20,250,-20" /><INIT seed="1,0,0,0,3,131" ten="210,340,220,230" oya="1" hai0="132,81,135,111,113,89,90,92,0,50,103,125,61" hai1="1,60,23,11,41,45,94,24,65,31,88,129,76" hai2="10,29,78,39,19,68,80,8,75,18,118,95,47" hai3="14,25,99,115,79,38,77,51,12,52,72,69,7"/><U102/><E129/><V112/><F118/><W83/><G38/><T5/><D113/><U117/><E117/><V101/><F68/><W32/><G69/><T42/><D0/><U37/><E102/><V34/><F112/><W44/><G115/><T133/><D5/><U84/><E1/><V105/><F105/><W27/><G79/><T58/><D111/><U20/><E11/><V96/><F34/><W124/><G124/><T85/><D103/><U66/><E76/><V106/><F29/><W48/><G32/><T3/><D3/><U46/><E60/><V100/><F100/><W4/><G99/><N who="0" m="57743" /><D125/><U130/><E130/><V74/><F74/><W9/><REACH who="3" step="1"/><G48/><REACH who="3" ten="210,340,220,220" step="2"/><T53/><D42/><U15/><E37/><V40/><F106/><W57/><G57/><T21/><D21/><U128/><E128/><V28/><F40/><W36/><G36/><T121/><D121/><U97/><E41/><V104/><F104/><W71/><G71/><T70/><D70/><U119/><E20/><V122/><F122/><W33/><G33/><T64/><D50/><U59/><E23/><V107/><F107/><W93/><G93/><T127/><D127/><U63/><E94/><V116/><F116/><W108/><G108/><T35/><D35/><U98/><E119/><V134/><F39/><W49/><G49/><T73/><D73/><U54/><E98/><V6/><F75/><W126/><G126/><T22/><D22/><U30/><E97/><V26/><F96/><W86/><G86/><T82/><D82/><U16/><E84/><V43/><F80/><W62/><G62/><RYUUKYOKU ba="0,1" sc="210,15,340,-15,220,-15,220,15" hai0="53,58,61,64,81,85,90,132,133,135" hai3="4,7,9,12,14,25,27,44,51,52,72,77,83" /><INIT seed="2,1,1,4,2,67" ten="225,325,205,235" oya="2" hai0="22,18,25,2,107,33,102,7,51,64,77,5,15" hai1="80,54,26,113,86,78,49,100,3,108,37,55,135" hai2="10,53,46,8,29,128,91,50,99,47,76,111,59" hai3="117,60,90,23,87,106,127,94,126,70,72,21,41"/><V68/><F76/><W62/><G117/><T123/><D123/><U11/><E113/><V71/><F29/><W74/><G106/><T131/><D131/><U0/><E37/><V57/><F128/><W65/><G41/><T103/><D107/><U14/><E108/><V4/><F111/><W38/><G38/><T133/><D133/><U95/><E135/><V122/><F122/><W110/><G62/><T98/><D77/><U19/><E54/><V112/><F112/><W39/><G39/><T109/><D109/><U114/><E114/><V28/><F28/><W13/><G110/><T82/><D82/><U89/><E26/><V24/><F24/><W92/><G92/><T12/><D2/><U121/><E100/><V115/><F115/><W44/><G44/><T43/><D64/><U45/><REACH who="1" step="1"/><E121/><REACH who="1" ten="225,315,205,235" step="2"/><V75/><F53/><W93/><G65/><T79/><D102/><U116/><E116/><V119/><F119/><W120/><G120/><T9/><D103/><U130/><E130/><V17/><F50/><W35/><G60/><T132/><D51/><U31/><E31/><V58/><F46/><W63/><G63/><T20/><D25/><U6/><E6/><V96/><F47/><W129/><G129/><T42/><D132/><U36/><E36/><V125/><F4/><W66/><G66/><T1/><D7/><U34/><E34/><V85/><F17/><N who="3" m="10415" /><G35/><T105/><D33/><U101/><E101/><V32/><F32/><W27/><G27/><T124/><D5/><U69/><E69/><V16/><F71/><W61/><G70/><T134/><D134/><RYUUKYOKU ba="1,2" sc="225,-10,315,30,205,-10,235,-10" hai1="0,3,11,14,19,45,49,55,78,80,86,89,95" /><INIT seed="3,2,2,2,2,57" ten="215,345,195,225" oya="3" hai0="45,50,76,75,44,54,10,120,85,122,58,48,82" hai1="47,87,15,6,86,131,70,8,61,5,67,95,110" hai2="97,125,90,26,19,11,98,92,107,79,72,117,80" hai3="114,63,84,66,25,14,94,52,21,112,59,116,64"/><W40/><G116/><T35/><D35/><U77/><E110/><V20/><F117/><W104/><G104/><T56/><D75/><U124/><E131/><V119/><F119/><W115/><G40/><T53/><D10/><U13/><E124/><V29/><F125/><W2/><G2/><T9/><D9/><U30/><E30/><V22/><F11/><W108/><G14/><T62/><D56/><U134/><E134/><V101/><F19/><W133/><G133/><T16/><D16/><U55/><E15/><V73/><F72/><W24/><G108/><T74/><D74/><U31/><E31/><V105/><F105/><W32/><G32/><AGARI ba="2,2" hai="20,22,26,29,32,73,79,80,90,92,97,98,101,107" machi="32" ten="30,1000,0" yaku="7,1" doraHai="57" who="2" fromWho="3" sc="215,0,345,0,195,36,225,-16" owari="215,-18.0,345,44.0,231,3.0,209,-29.0" /></mjloggm>