<mjloggm ver="2.3"><GO type="169" lobby="0"/><UN n0="%E3%82%AD%E3%83%A9%E3%83%BC%E3%83%9E%E3%82%B8%E3%83%B3%E3%82%AC%E6%A7%98" n1="%E5%B0%B1%E6%B4%BB%E7%94%9F%40%E5%B7%9D%E6%9D%91%E8%BB%8D%E5%9B%A3" n2="%E3%83%8A%E3%83%A9" n3="%7A%65%72%6F%52%58" dan="16,16,17,16" rate="2116.95,2189.88,2146.09,2153.03" sx="M,M,M,M"/><TAIKYOKU oya="0"/><INIT seed="0,0,0,2,1,99" ten="250,250,250,250" oya="0" hai0="34,124,128,4,80,56,44,18,103,134,83,14,40" hai1="51,78,61,96,0,88,130,22,38,65,29,97,132" hai2="73,69,32,23,133,104,25,122,102,105,93,46,31" hai3="3,47,33,82,12,121,5,67,64,10,109,62,110"/><T45/><D34/><U1/><E38/><V54/><F122/><W70/><G121/><T21/><D134/><U36/><E36/><V107/><F73/><W71/><G33/><T86/><D128/><U39/><E78/><V125/><F69/><W60/><G47/><T91/><D124/><U50/><E39/><V114/><F114/><W87/><REACH who="3" step="1"/><G3/><REACH who="3" ten="250,250,250,240" step="2"/><T135/><D45/><U19/><E1/><V8/><F32/><W79/><AGARI ba="0,1" hai="5,10,12,60,62,64,67,70,71,79,82,87,109,110" machi="79" ten="30,7900,0" yaku="1,1,2,1,0,1,9,1,53,0" doraHai="99" doraHaiUra="55" who="3" fromWho="3" sc="250,-39,250,-20,250,-20,240,89" /><INIT seed="1,0,0,5,5,23" ten="211,230,230,329" oya="1" hai0="92,52,72,39,36,126,15,11,71,29,109,37,105" hai1="133,134,27,21,100,90,76,108,63,2,56,111,53" hai2="59,123,64,10,25,28,87,116,131,96,65,97,101" hai3="66,75,112,128,130,40,88,57,120,127,9,34,32"/><U81/><E2/><V78/><F116/><W16/><G112/><T6/><D105/><U86/><E100/><V70/><F123/><W54/><G120/><T79/><D109/><N who="1" m="42059" /><E76/><V45/><F131/><N who="3" m="50219" /><G75/><T102/><D126/><U5/><E5/><V17/><F45/><W35/><G66/><T84/><D71/><U7/><E7/><V4/><F17/><AGARI ba="0,0" hai="17,21,27,53,56,63,81,86,90,133,134" m="42059" machi="17" ten="30,5800,0" yaku="14,1,10,1,52,1" doraHai="23" who="1" fromWho="2" sc="211,0,230,58,230,-58,329,0" /><INIT seed="1,1,0,4,5,95" ten="211,288,172,329" oya="1" hai0="45,120,21,3,22,15,41,112,86,24,54,114,129" hai1="113,1,67,31,6,17,56,2,125,65,27,34,83" hai2="106,108,42,100,28,10,58,87,32,19,70,71,60" hai3="82,127,94,126,131,14,29,8,78,43,62,72,36"/><U117/><E117/><V133/><F133/><W5/><G131/><T130/><D3/><U69/><E69/><V48/><F108/><W115/><G115/><T90/><D54/><U57/><E113/><V135/><F135/><W124/><G29/><T128/><D15/><U50/><E125/><V101/><F87/><W63/><G94/><T40/><D120/><U85/><E17/><V99/><F100/><W7/><G7/><T88/><D90/><U35/><E6/><V30/><F30/><W123/><G123/><T26/><D45/><AGARI ba="1,0" hai="5,8,14,36,43,45,62,63,72,78,82,124,126,127" machi="45" ten="40,1300,0" yaku="18,1" doraHai="95" who="3" fromWho="0" sc="211,-16,288,0,172,0,329,16" /><INIT seed="2,0,0,5,4,54" ten="195,288,172,345" oya="2" hai0="69,121,108,58,103,7,72,22,56,109,120,9,117" hai1="90,31,114,76,89,36,81,17,75,84,102,61,18" hai2="125,88,113,60,105,101,98,132,1,66,91,129,12" hai3="73,53,67,49,80,122,64,63,3,44,94,77,43"/><V32/><F113/><W5/><G122/><N who="0" m="47211" /><D72/><U46/><E114/><V68/><F1/><W70/><G67/><T95/><D69/><U57/><E102/><V128/><F125/><W42/><G3/><N who="0" m="255" /><D117/><U30/><E46/><V65/><F132/><W83/><G5/><T8/><D8/><U14/><E36/><V85/><F65/><W133/><G133/><T71/><D22/><N who="1" m="11575" /><E18/><V135/><F135/><W29/><G29/><N who="1" m="10762" /><E75/><V110/><F110/><N who="0" m="42602" /><D71/><U78/><E78/><V52/><F12/><W51/><G83/><T0/><D0/><U97/><E97/><AGARI ba="0,0" hai="56,58,95,97,103" m="42602,255,47211" machi="97" ten="30,3900,0" yaku="14,1,52,2" doraHai="54" who="0" fromWho="1" sc="195,39,288,-39,172,0,345,0" /><INIT seed="3,0,0,5,0,67" ten="234,249,172,345" oya="3" hai0="51,27,116,47,53,64,2,54,58,128,93,115,121" hai1="124,127,65,111,106,62,31,73,130,70,41,89,94" hai2="26,109,46,9,25,99,48,17,126,103,34,133,24" hai3="108,101,37,19,59,88,38,87,29,80,95,52,33"/><W30/><G108/><T39/><D116/><U6/><E106/><V78/><F109/><W4/><G4/><T71/><D121/><U118/><E73/><V97/><F126/><N who="1" m="48169" /><E111/><V125/><F125/><W112/><G112/><T102/><D2/><U3/><E31/><V82/><F133/><W21/><G33/><T1/><D1/><U105/><E105/><V84/><F103/><W104/><G104/><T122/><D122/><U55/><E41/><V63/><F63/><N who="3" m="36327" /><G38/><T132/><D39/><U56/><E130/><V91/><F78/><N who="3" m="46487" /><G101/><T43/><D128/><U96/><E118/><V110/><F34/><W28/><G37/><T69/><D115/><U18/><E18/><V83/><F83/><W86/><G30/><T114/><D114/><U85/><E6/><V68/><F110/><W81/><G81/><T14/><D132/><U0/><E96/><V92/><F97/><W79/><G79/><T119/><D119/><U74/><E74/><V11/><F17/><W72/><G72/><T131/><D131/><U13/><E13/><AGARI ba="0,0" hai="13,19,21,28,29,86,88,95" m="46487,36327" machi="13" ten="30,5800,0" yaku="8,1,54,2" doraHai="67" who="3" fromWho="1" sc="234,0,249,-58,172,0,345,58" /><INIT seed="3,1,0,5,0,1" ten="234,191,172,403" oya="3" hai0="86,59,105,6,92,101,47,2,102,48,134,49,103" hai1="64,29,39,50,122,115,61,69,96,76,88,44,38" hai2="85,100,62,125,121,34,66,5,112,18,114,113,40" hai3="56,31,77,33,107,120,21,63,81,133,12,79,135"/><W9/><G120/><T82/><D105/><U130/><E122/><V90/><F121/><W132/><G107/><T45/><D134/><U87/><E29/><V24/><F125/><W91/><G33/><T46/><D92/><U51/><E130/><V16/><F40/><W25/><G91/><T52/><D2/><U74/><E115/><V84/><F100/><W57/><G63/><T32/><D32/><U15/><E51/><V109/><F109/><W60/><G60/><N who="0" m="35943" /><D6/><U80/><E96/><V22/><F34/><W54/><G54/><T3/><D3/><U7/><E7/><V126/><F126/><W42/><G42/><T65/><D65/><U123/><E123/><V110/><F5/><N who="3" m="3119" /><G79/><AGARI ba="1,0" hai="45,46,47,48,49,79,82,86,101,102,103" m="35943" machi="79" ten="30,2000,0" yaku="8,1,54,1" doraHai="1" who="0" fromWho="3" sc="234,23,191,0,172,0,403,-23" /><INIT seed="4,0,0,3,3,28" ten="257,191,172,380" oya="0" hai0="42,8,88,72,103,55,0,121,76,91,26,51,85" hai1="93,127,19,23,116,1,48,39,123,75,33,34,57" hai2="122,49,89,40,70,78,126,5,82,132,35,107,4" hai3="68,45,105,128,62,86,67,80,10,133,69,83,27"/><T60/><D121/><U124/><E39/><V96/><F122/><W6/><G105/><T84/><D103/><U50/><E75/><V120/><F120/><W21/><G133/><T110/><D110/><U114/><E123/><V104/><F70/><W95/><G128/><T16/><D72/><U11/><E116/><V44/><F132/><W61/><G45/><N who="0" m="26039" /><D0/><U131/><E131/><V102/><F126/><N who="1" m="48169" /><E114/><V54/><F104/><W92/><G68/><T99/><D99/><U113/><E113/><V135/><F135/><W81/><G62/><T41/><D41/><U125/><E93/><V24/><F89/><N who="0" m="34378" /><D76/><U77/><E77/><V14/><F40/><W12/><REACH who="3" step="1"/><G86/><REACH who="3" ten="257,191,172,370" step="2"/><T47/><D47/><U119/><E125/><V74/><REACH who="2" step="1"/><F14/><REACH who="2" ten="257,191,162,370" step="2"/><W58/><G58/><N who="0" m="34911" /><D26/><N who="1" m="14719" /><E119/><V31/><AGARI ba="0,2" hai="4,5,24,31,35,44,49,54,74,78,82,96,102,107" machi="31" ten="30,8000,1" yaku="1,1,0,1,52,1,53,2" doraHai="28" doraHaiUra="3" who="2" fromWho="2" sc="257,-40,191,-20,162,100,370,-20" /><INIT seed="5,0,0,0,0,35" ten="217,171,262,350" oya="1" hai0="5,40,61,93,102,135,38,126,125,6,13,78,54" hai1="89,32,86,98,20,134,26,64,130,133,104,48,49" hai2="7,2,97,9,3,69,47,23,34,16,57,19,8" hai3="41,120,110,96,117,80,94,39,0,52,45,124,113"/><U11/><E32/><V99/><F69/><W4/><G110/><T66/><D135/><N who="1" m="51723" /><E64/><V1/><F47/><W84/><G120/><T128/><D128/><U109/><E130/><V75/><F75/><W42/><G113/><T74/><D54/><U10/><E109/><V55/><F34/><W73/><G124/><N who="0" m="47723" /><D13/><U107/><E11/><V90/><F90/><W111/><G111/><T18/><D18/><N who="1" m="12567" /><E10/><V62/><F19/><W22/><G22/><T106/><D106/><N who="1" m="40491" /><E98/><V100/><F8/><W115/><G96/><N who="0" m="59663" /><D40/><U123/><E123/><V46/><F97/><W31/><G42/><T76/><D38/><U43/><E43/><V88/><F100/><W67/><G41/><T28/><D28/><U29/><E29/><V91/><F46/><W108/><G45/><T72/><D5/><U127/><E127/><V83/><F91/><W37/><G4/><T68/><D6/><U118/><E118/><V33/><F33/><W105/><G31/><T65/><D65/><U82/><AGARI ba="0,0" hai="48,49,82,86,89" m="40491,12567,51723" machi="82" ten="30,1500,0" yaku="20,1" doraHai="35" who="1" fromWho="1" sc="217,-5,171,15,262,-5,350,-5" /><INIT seed="5,1,0,1,4,134" ten="212,186,257,345" oya="1" hai0="88,99,23,84,126,28,46,18,97,41,56,10,29" hai1="4,131,132,49,5,42,94,83,69,117,86,31,133" hai2="25,92,48,9,108,40,58,2,34,3,7,45,110" hai3="60,109,14,75,103,24,36,32,50,6,128,74,115"/><U77/><E117/><V80/><F3/><W1/><G36/><T55/><D126/><U91/><E69/><V51/><F92/><W93/><G109/><T65/><D10/><U123/><E123/><V127/><F127/><W27/><G1/><T81/><D65/><U30/><E131/><V26/><F80/><W47/><G60/><N who="0" m="35871" /><D46/><N who="1" m="25815" /><E133/><V76/><F76/><W59/><G27/><N who="0" m="14839" /><D41/><U19/><E19/><V39/><F26/><W120/><G24/><T21/><D21/><U63/><E63/><V112/><F39/><W12/><G32/><T22/><D22/><U43/><E43/><V35/><F35/><W87/><G120/><T53/><D53/><U11/><E132/><V90/><F34/><W107/><G6/><N who="1" m="2666" /><E11/><V37/><F9/><W105/><G105/><T78/><D78/><U13/><E13/><V8/><F8/><W16/><G12/><T111/><D111/><U33/><E33/><V72/><F108/><W20/><G14/><T17/><D17/><U70/><E70/><V15/><F110/><W129/><G16/><T67/><D67/><U62/><E62/><V54/><F15/><W113/><G129/><T114/><D114/><U122/><E122/><V79/><F112/><W66/><G128/><T44/><D44/><U121/><E121/><V104/><F7/><W57/><G115/><T73/><D73/><U64/><E64/><V102/><F2/><W96/><G66/><T125/><D125/><U68/><E68/><V52/><F25/><W135/><G113/><T100/><D100/><U124/><E124/><V119/><F102/><W38/><G103/><RYUUKYOKU ba="1,0" sc="212,15,186,15,257,-15,345,-15" hai0="28,29,81,84,88,97,99" hai1="30,31,77,83,86,91,94" /><INIT seed="5,2,0,2,2,3" ten="227,201,242,330" oya="1" hai0="99,80,17,126,108,125,52,19,30,65,79,33,44" hai1="29,133,75,132,60,97,82,0,27,53,20,42,64" hai2="129,117,96,127,45,14,124,93,72,109,76,92,69" hai3="49,32,51,74,8,73,63,98,2,56,43,54,121"/><U114/><E0/><V68/><F109/><W62/><G32/><T24/><D108/><U110/><E110/><V31/><F117/><W55/><G121/><T86/><D65/><U81/><E42/><V39/><F129/><W128/><G43/><T16/><REACH who="0" step="1"/><D99/><REACH who="0" ten="217,201,242,330" step="2"/><U123/><E123/><V37/><F96/><W58/><G98/><T66/><D66/><U41/><E41/><V50/><F124/><W67/><G67/><T78/><D78/><U7/><E114/><V35/><F76/><W90/><G128/><T107/><D107/><U135/><E75/><V11/><F72/><W70/><G74/><T21/><D21/><U130/><E130/><V71/><F127/><W105/><G105/><T26/><D26/><U116/><E116/><V22/><F22/><W57/><G73/><T77/><D77/><U18/><E97/><V89/><F89/><W25/><G25/><T112/><D112/><U1/><E53/><V115/><F115/><W46/><G90/><T113/><D113/><U83/><E29/><V38/><F31/><W119/><G119/><T94/><D94/><U40/><E40/><N who="2" m="24871" /><F35/><W120/><G120/><T61/><D61/><U28/><E28/><V12/><F92/><W84/><G63/><T10/><D10/><N who="1" m="2415" /><E64/><V88/><F11/><W106/><G106/><T4/><D4/><U101/><E60/><V87/><F71/><W6/><G84/><T9/><D9/><U118/><E118/><V15/><F69/><W134/><G70/><T104/><D104/><U100/><AGARI ba="2,1" hai="18,20,27,81,82,83,100,101,132,133,135" m="2415" machi="100" ten="40,3900,0" yaku="20,1,52,1" doraHai="3" who="1" fromWho="1" sc="217,-15,201,55,242,-15,330,-15" /><INIT seed="5,3,0,2,2,62" ten="202,256,227,315" oya="1" hai0="126,86,45,11,135,95,115,132,8,90,35,2,15" hai1="91,41,12,96,118,61,92,76,64,109,14,4,105" hai2="125,54,10,36,100,57,32,73,27,112,117,66,93" hai3="67,133,69,47,80,127,88,60,23,84,128,130,30"/><U116/><E105/><V111/><F111/><W25/><G133/><N who="0" m="51275" /><D115/><U3/><E109/><V51/><F117/><W98/><G127/><T81/><D126/><U39/><E76/><V82/><F125/><W134/><G134/><T52/><D35/><U99/><E99/><V120/><F120/><W77/><G47/><T101/><D2/><U71/><E3/><V97/><F36/><W29/><G29/><T53/><D45/><U17/><E41/><V74/><F112/><W123/><G123/><T43/><D43/><U121/><E39/><V104/><F10/><N who="0" m="3626" /><D15/><U31/><E4/><V1/><F1/><W20/><G20/><T21/><D21/><U110/><E110/><V124/><F124/><W26/><G26/><T24/><D24/><U72/><E121/><V65/><F27/><W42/><G42/><T58/><D58/><U83/><E31/><V49/><F32/><W0/><G0/><T119/><D119/><U46/><E46/><V131/><F57/><W59/><G69/><T108/><D108/><U107/><E14/><V103/><F74/><W70/><G70/><T87/><D101/><U78/><E107/><V102/><F104/><W55/><G55/><T38/><D38/><U50/><E50/><V16/><F54/><W94/><AGARI ba="3,0" hai="23,25,30,59,60,67,77,80,84,88,94,98,128,130" machi="94" ten="30,4000,0" yaku="0,1,52,1,54,1" doraHai="62" who="3" fromWho="3" sc="202,-13,256,-23,227,-13,315,49" /><INIT seed="6,0,0,1,1,119" ten="189,233,214,364" oya="2" hai0="71,127,130,118,46,103,0,88,117,9,75,53,12" hai1="18,36,95,112,134,59,47,109,52,49,85,77,74" hai2="39,115,38,79,23,123,25,2,91,99,70,11,80" hai3="62,56,125,28,126,83,63,111,90,124,100,40,135"/><V120/><F70/><W81/><G111/><T132/><D75/><U84/><E74/><N who="2" m="43127" /><F91/><W87/><G135/><T94/><D132/><U60/><E36/><N who="2" m="13867" /><F23/><W10/><G40/><T50/><D71/><U30/><E112/><V55/><F55/><W89/><G100/><T43/><D130/><U116/><E116/><N who="0" m="44649" /><D127/><U29/><E109/><V3/><F25/><W121/><G28/><N who="1" m="10858" /><E77/><V51/><F51/><W78/><G10/><T54/><D103/><U58/><E134/><V106/><F115/><W101/><G101/><T76/><D76/><U24/><E95/><V27/><F27/><W57/><G57/><N who="1" m="21514" /><E60/><N who="3" m="23082" /><G56/><T86/><D0/><N who="2" m="42" /><F11/><W37/><G37/><T131/><D131/><U45/><E45/><V20/><F20/><AGARI ba="0,0" hai="18,20,24,47,49,52,84,85" m="21514,10858" machi="20" ten="30,2000,0" yaku="8,1,54,1" doraHai="119" who="1" fromWho="2" sc="189,0,233,20,214,-20,364,0" /><INIT seed="7,0,0,4,2,30" ten="189,253,194,364" oya="3" hai0="9,39,79,16,27,94,80,10,111,114,89,37,11" hai1="128,103,134,2,58,102,87,4,45,54,107,26,91" hai2="8,48,55,28,110,118,3,78,22,117,53,61,135" hai3="106,105,116,51,98,21,13,47,72,133,23,49,123"/><W67/><G116/><T44/><D111/><U65/><E107/><V95/><F110/><W93/><G72/><T38/><D114/><U132/><E128/><V0/><F135/><N who="1" m="51753" /><E26/><V59/><F78/><W81/><G67/><T18/><D44/><U85/><E65/><V130/><F130/><W75/><G123/><T74/><REACH who="0" step="1"/><D27/><REACH who="0" ten="179,253,194,364" step="2"/><U83/><E45/><V119/><F119/><W108/><G47/><T92/><D92/><N who="1" m="54383" /><E4/><V70/><F95/><W82/><G93/><T115/><D115/><U101/><E2/><V99/><F117/><W124/><G106/><T34/><D34/><U127/><E127/><V17/><F118/><W66/><G105/><T100/><D100/><U31/><E102/><V32/><F3/><W122/><G124/><T126/><D126/><U112/><E103/><V96/><F0/><W121/><G108/><T36/><N who="0" m="9216" /><DORA hai="29" /><T73/><D73/><U86/><E101/><V62/><F32/><W68/><G75/><T35/><D35/><U60/><E112/><V56/><F28/><W71/><G133/><T33/><D33/><U57/><E83/><V6/><F8/><W5/><G82/><T12/><D12/><U1/><E31/><V77/><F6/><W88/><G13/><T125/><D125/><U131/><E1/><V63/><F70/><W50/><G71/><T97/><AGARI ba="0,1" hai="9,10,11,16,18,74,79,80,89,94,97" m="9216" machi="97" ten="60,12000,2" yaku="1,1,0,1,54,1,53,3" doraHai="30,29" doraHaiUra="15,90" who="0" fromWho="0" sc="179,130,253,-30,194,-30,364,-60" owari="309,42.0,223,-18.0,164,-34.0,304,10.0" /></mjloggm>