<mjloggm ver="2.3"><GO type="225" lobby="0"/><UN n0="%E3%81%B5%E3%81%81%E3%81%84%E3%81%A1%E3%82%83%E3%82%80%E2%98%85" n1="%E3%81%BF%E3%81%A3%E3%81%A4%E3%81%83%EF%BD%9E" n2="%E3%82%86%E3%81%86%E3%81%98%E3%83%BC%E3%82%8B" n3="%E3%83%88%E3%83%88%E3%83%AA%E5%85%88%E7%94%9F%31%39%E6%AD%B3" dan="16,17,16,18" rate="2125.79,2116.89,2090.29,2257.13" sx="M,F,M,F"/><TAIKYOKU oya="0"/><INIT seed="0,0,0,0,0,111" ten="250,250,250,250" oya="0" hai0="22,56,19,63,113,135,16,51,115,1,31,106,57" hai1="28,128,95,74,50,64,103,2,70,15,133,24,102" hai2="97,73,112,4,37,6,11,0,129,127,35,30,87" hai3="110,21,52,123,78,80,125,92,98,86,104,96,13"/><T94/><D106/><U132/><E2/><V119/><F73/><W76/><G123/><T116/><D116/><U66/><E74/><V93/><F37/><W26/><G110/><T83/><D1/><U48/><E128/><V114/><F119/><W99/><G125/><T61/><D135/><N who="1" m="51787" /><E15/><V23/><F129/><W27/><G104/><T108/><D108/><U39/><E39/><V91/><F127/><W101/><G78/><T17/><D83/><U14/><E14/><V84/><F35/><W40/><G40/><T3/><D3/><U58/><E70/><V43/><F43/><W75/><G75/><T77/><D77/><U38/><E38/><V29/><F6/><W79/><G79/><T45/><D94/><U12/><E12/><V8/><F8/><W82/><G82/><T121/><D121/><U126/><E95/><V67/><F67/><N who="1" m="25641" /><E58/><N who="0" m="22633" /><D115/><U71/><E71/><V81/><F30/><W69/><G69/><T72/><D72/><U59/><E59/><V33/><F33/><W105/><G105/><T10/><D113/><U120/><E120/><V62/><F29/><W25/><G92/><T88/><D10/><U53/><E126/><V60/><F114/><W46/><G101/><N who="1" m="38410" /><E53/><V41/><F112/><W89/><G52/><N who="0" m="29807" /><D88/><U7/><E7/><V130/><F93/><W20/><G89/><T42/><D42/><U85/><E85/><V55/><F91/><W32/><G76/><T134/><D134/><U49/><E24/><AGARI ba="0,0" hai="16,17,19,22,24,31,61,63" m="29807,22633" machi="24" ten="30,5800,0" yaku="8,1,54,2" doraHai="111" who="0" fromWho="1" sc="250,58,250,-58,250,0,250,0" /><INIT seed="0,1,0,1,0,17" ten="308,192,250,250" oya="0" hai0="4,118,20,26,99,15,121,30,108,111,106,120,113" hai1="2,115,42,96,56,133,102,49,21,38,5,103,51" hai2="41,132,0,9,10,88,80,94,60,119,86,70,78" hai3="129,89,27,28,110,34,48,37,24,109,59,107,11"/><T1/><D1/><U95/><E133/><V64/><F132/><W90/><G37/><T32/><D118/><U112/><E103/><V18/><F119/><W65/><G107/><T87/><D87/><U117/><E117/><V8/><F41/><W16/><G129/><T69/><D69/><U43/><E38/><V29/><F29/><W53/><G65/><T100/><D113/><N who="1" m="43595" /><E5/><V114/><F114/><W101/><G101/><T67/><D67/><U125/><E2/><V61/><F61/><W82/><G82/><T127/><D127/><U123/><E123/><V71/><F71/><W50/><G50/><N who="1" m="18954" /><E56/><V124/><F124/><W55/><G55/><T45/><D45/><U98/><E98/><V54/><F54/><W131/><G131/><T58/><D58/><U22/><E125/><V72/><REACH who="2" step="1"/><F18/><REACH who="2" ten="308,192,240,250" step="2"/><W6/><G16/><N who="0" m="10271" /><D4/><AGARI ba="1,1" hai="0,4,8,9,10,60,64,70,72,78,80,86,88,94" machi="4" ten="40,5200,0" yaku="1,1,54,1,53,1" doraHai="17" doraHaiUra="85" who="2" fromWho="0" sc="308,-55,192,0,240,65,250,0" /><INIT seed="1,0,0,1,1,106" ten="253,192,305,250" oya="1" hai0="27,31,72,130,124,107,64,9,21,40,92,109,117" hai1="6,10,18,59,4,123,100,126,99,30,94,2,63" hai2="22,55,119,37,135,19,52,60,104,83,49,87,73" hai3="71,74,62,120,54,46,67,105,90,24,28,66,11"/><U82/><E123/><V131/><F104/><W89/><G120/><T114/><D107/><U56/><E126/><V70/><F119/><W68/><G105/><T13/><D117/><U81/><E30/><V102/><F37/><W85/><G74/><T125/><D109/><U15/><E59/><V127/><F73/><W8/><G90/><T41/><D72/><U7/><REACH who="1" step="1"/><E2/><REACH who="1" ten="253,182,305,250" step="2"/><V5/><F127/><W20/><G68/><T34/><D124/><U33/><E33/><V88/><F70/><W116/><G116/><T0/><D34/><U48/><E48/><V42/><F49/><N who="3" m="28983" /><G71/><T113/><D0/><U110/><E110/><V75/><F60/><W118/><G118/><T14/><D125/><U3/><E3/><V58/><F58/><N who="3" m="37207" /><G67/><AGARI ba="0,1" hai="4,6,7,10,15,18,56,63,67,81,82,94,99,100" machi="67" ten="40,7700,0" yaku="1,1,8,1,53,1" doraHai="106" doraHaiUra="53" who="1" fromWho="3" sc="253,0,182,87,305,0,250,-77" /><INIT seed="1,1,0,5,5,77" ten="253,269,305,173" oya="1" hai0="43,103,41,36,34,17,133,50,87,99,54,120,116" hai1="123,83,92,3,27,33,119,68,31,40,0,122,114" hai2="56,1,63,59,117,26,22,84,102,91,57,42,6" hai3="109,30,35,28,10,64,38,37,130,12,45,107,135"/><U49/><E92/><V62/><F117/><W4/><G107/><T105/><D34/><U66/><E49/><V51/><F102/><W100/><G100/><T127/><D116/><U126/><E119/><V94/><F1/><N who="1" m="585" /><E114/><V8/><F8/><W125/><G109/><T80/><D127/><U55/><E55/><V85/><F6/><W115/><G115/><T19/><D36/><U61/><E40/><V7/><F7/><W76/><G130/><T46/><D120/><N who="1" m="46123" /><E83/><N who="2" m="49567" /><F85/><W82/><G135/><T97/><D133/><U14/><E14/><V74/><F74/><W13/><G125/><AGARI ba="1,0" hai="27,31,33,61,66,68,125,126" m="46123,585" machi="125" ten="40,2000,0" yaku="23,1" doraHai="77" who="1" fromWho="3" sc="253,0,269,23,305,0,173,-23" /><INIT seed="1,2,0,4,3,72" ten="253,292,305,150" oya="1" hai0="16,110,123,68,127,133,65,134,30,73,89,79,86" hai1="90,124,52,42,66,99,129,77,26,8,10,91,53" hai2="14,69,67,116,94,95,70,71,93,22,120,81,80" hai3="57,1,27,92,83,2,25,35,108,76,62,132,117"/><U97/><E129/><V98/><F120/><W100/><G108/><T103/><D110/><U122/><E124/><V41/><F116/><W44/><G117/><T135/><D30/><U47/><E122/><V39/><F39/><W46/><G132/><T37/><D37/><U4/><E66/><V3/><F41/><W54/><G1/><T31/><D31/><U43/><E26/><V15/><F3/><W75/><G2/><T13/><D127/><U38/><E38/><V130/><F130/><W33/><G25/><T0/><D0/><U85/><E85/><V48/><F48/><W128/><G128/><T34/><D34/><U125/><E125/><V51/><F51/><W12/><G12/><T114/><D103/><U82/><E82/><V105/><F67/><W106/><G106/><T109/><D109/><U5/><E47/><V113/><F113/><W21/><G33/><T9/><D114/><U17/><E17/><V78/><F22/><W32/><G32/><T24/><D24/><U36/><E36/><V6/><F6/><W119/><G35/><T107/><D123/><U49/><E49/><V64/><F64/><W58/><G58/><T45/><D65/><U56/><E56/><V84/><F81/><W59/><G59/><T55/><D68/><U88/><E91/><V131/><F131/><W126/><G126/><T121/><D121/><U104/><E104/><V111/><F111/><W115/><G119/><T11/><D107/><U50/><E50/><V18/><F18/><N who="3" m="12727" /><G100/><T112/><D112/><U23/><E23/><V7/><F7/><W60/><G115/><RYUUKYOKU ba="2,0" sc="253,-15,292,15,305,15,150,-15" hai1="4,5,8,10,42,43,52,53,77,88,90,97,99" hai2="14,15,69,70,71,78,80,84,93,94,95,98,105" /><INIT seed="1,3,0,0,1,132" ten="238,307,320,135" oya="1" hai0="59,101,133,92,77,63,70,24,2,127,26,106,51" hai1="18,62,37,134,112,111,71,124,65,6,113,84,105" hai2="43,58,28,36,67,9,118,109,119,3,54,15,78" hai3="90,129,46,98,44,87,107,0,1,110,4,42,130"/><U120/><E120/><V11/><F109/><W17/><G110/><T27/><D2/><U116/><E111/><V102/><F67/><W64/><G64/><T85/><D106/><U91/><E116/><V94/><F78/><W19/><G107/><T40/><D133/><U96/><E37/><V126/><F28/><W35/><G35/><T39/><D39/><U60/><E134/><V72/><F72/><W41/><G87/><T32/><D70/><U8/><E18/><V86/><F3/><W115/><G98/><N who="0" m="59591" /><D127/><U95/><E62/><V47/><F126/><W22/><G22/><T49/><D40/><U21/><E21/><V89/><F102/><W7/><REACH who="3" step="1"/><G90/><REACH who="3" ten="238,307,320,125" step="2"/><T99/><D32/><U74/><E96/><V121/><F11/><W48/><G48/><T103/><D99/><U23/><E105/><V79/><F9/><W93/><G93/><T88/><D103/><U68/><E23/><V122/><F94/><W81/><G81/><N who="0" m="49199" /><D77/><U125/><E124/><V45/><F79/><W14/><G14/><T69/><D69/><U100/><E125/><V16/><F15/><W13/><G13/><T5/><D5/><U29/><E100/><V25/><F36/><W73/><G73/><T114/><D114/><AGARI ba="3,1" hai="0,1,4,7,17,19,41,42,44,46,114,115,129,130" machi="114" ten="25,3200,0" yaku="1,1,22,2,53,0" doraHai="132" doraHaiUra="31" who="3" fromWho="0" sc="238,-41,307,0,320,0,125,51" /><INIT seed="2,0,0,1,5,105" ten="197,307,320,176" oya="2" hai0="7,72,70,120,61,124,89,9,6,100,69,92,114" hai1="67,55,41,121,4,68,44,86,98,0,23,118,66" hai2="18,60,107,65,103,126,46,94,51,40,81,95,35" hai3="13,116,26,63,12,90,123,29,31,50,1,28,133"/><V27/><F126/><W113/><G116/><T74/><D114/><U11/><E118/><V54/><F81/><W25/><G123/><T21/><D124/><U135/><E121/><V3/><F3/><W58/><G1/><T2/><D100/><U24/><E135/><V115/><F115/><W19/><G133/><T122/><D21/><U97/><E55/><V131/><F131/><W56/><G113/><T79/><D79/><U30/><E86/><V111/><F111/><W132/><G132/><T45/><D45/><U117/><E117/><V80/><F80/><W76/><G76/><T17/><D17/><U64/><REACH who="1" step="1"/><E68/><REACH who="1" ten="197,297,320,176" step="2"/><V96/><F54/><N who="3" m="32087" /><G90/><T37/><D70/><U87/><E87/><V78/><F78/><W130/><G130/><T14/><D120/><U88/><E88/><V62/><F103/><W104/><G104/><T32/><D89/><U49/><AGARI ba="0,1" hai="0,4,11,23,24,30,41,44,49,64,66,67,97,98" machi="49" ten="30,2000,0" yaku="1,1,0,1,53,0" doraHai="105" doraHaiUra="134" who="1" fromWho="1" sc="197,-5,297,30,320,-10,176,-5" /><INIT seed="3,0,0,1,5,5" ten="192,327,310,171" oya="3" hai0="18,129,34,6,64,67,111,108,123,115,41,25,91" hai1="70,112,50,72,135,76,2,122,114,92,68,40,73" hai2="29,118,10,19,83,113,81,22,37,16,36,90,48" hai3="133,26,85,47,98,46,32,79,13,7,20,51,117"/><W80/><G117/><T74/><D123/><U21/><E50/><V57/><F113/><N who="1" m="43625" /><E92/><V119/><F37/><W30/><G133/><T23/><D129/><U102/><E21/><V120/><F29/><W95/><G51/><T134/><D74/><N who="1" m="28779" /><E76/><V87/><F36/><W52/><G52/><T130/><D34/><U63/><E40/><V56/><F120/><W8/><REACH who="3" step="1"/><G32/><REACH who="3" ten="192,327,310,161" step="2"/><T62/><D134/><U17/><E135/><V27/><F119/><W0/><G0/><T69/><D115/><U4/><E2/><V105/><F118/><W84/><G84/><T125/><D130/><U121/><E122/><V110/><F48/><W42/><G42/><T55/><D41/><U77/><E121/><V104/><F87/><W131/><G131/><T66/><D55/><U96/><E63/><V44/><F44/><W88/><AGARI ba="0,1" hai="7,8,13,20,26,30,46,47,79,80,85,88,95,98" machi="88" ten="20,18000,2" yaku="1,1,0,1,7,1,8,1,52,1,54,1,53,0" doraHai="5" doraHaiUra="124" who="3" fromWho="3" sc="192,-60,327,-60,310,-60,161,190" owari="132,-37.0,267,7.0,250,-15.0,351,45.0" /></mjloggm>