<mjloggm ver="2.3"><GO type="41" lobby="0"/><UN n0="%76%61%6E%69%6C%6C%65" n1="%48%6F%6F%6F%6F%6F%6F%69" n2="%E6%9C%A8%E6%9D%91%E6%8B%93%E5%93%89" n3="%E5%B0%B1%E6%B4%BB%E7%94%9F%40%E5%B7%9D%E6%9D%91%E8%BB%8D%E5%9B%A3" dan="13,14,14,15" rate="1859.79,1948.71,1941.35,1958.86" sx="M,M,M,M"/><TAIKYOKU oya="0"/><INIT seed="0,0,0,5,0,120" ten="250,250,250,250" oya="0" hai0="7,122,100,61,72,110,24,125,25,13,68,98,135" hai1="49,118,22,16,124,78,51,105,28,55,109,35,128" hai2="101,129,97,2,59,17,9,10,123,1,66,89,60" hai3="71,19,21,70,31,132,119,58,47,117,121,85,32"/><T30/><D72/><U84/><E118/><V103/><F123/><W8/><G31/><T23/><D122/><U116/><E116/><V76/><F76/><W102/><G32/><T133/><D125/><U80/><E105/><V48/><F129/><W74/><G8/><T0/><D25/><U65/><E109/><V126/><F126/><W40/><G21/><T108/><D0/><U42/><E128/><V62/><F48/><W79/><G19/><T106/><D7/><U91/><E65/><V83/><F83/><W104/><G85/><T92/><D13/><U14/><E42/><V77/><F77/><W67/><G58/><T56/><D68/><U114/><E114/><V3/><F89/><W15/><G15/><T12/><D12/><U44/><E49/><V86/><F86/><W18/><G18/><T131/><D106/><U115/><E115/><V95/><F101/><W112/><G67/><N who="0" m="39335" /><D131/><U75/><E124/><V82/><F82/><W5/><G74/><T36/><D36/><U88/><REACH who="1" step="1"/><E75/><REACH who="1" ten="250,240,250,250" step="2"/><V63/><F66/><W99/><G104/><T50/><D50/><U4/><E4/><V57/><REACH who="2" step="1"/><F17/><REACH who="2" ten="250,240,240,250" step="2"/><W87/><G117/><T46/><D46/><U45/><E45/><V53/><F53/><W26/><G119/><T94/><D94/><U64/><E64/><V54/><F54/><W111/><G47/><T34/><D34/><U52/><E52/><V27/><F27/><AGARI ba="0,2" hai="14,16,22,27,28,35,44,51,55,78,80,84,88,91" machi="27" ten="40,5200,0" yaku="1,1,54,2,53,0" doraHai="120" doraHaiUra="37" who="1" fromWho="2" sc="250,0,240,72,240,-52,250,0" /><INIT seed="1,0,0,5,0,73" ten="250,312,188,250" oya="1" hai0="5,48,95,80,130,31,76,34,58,13,69,72,114" hai1="77,127,26,121,93,52,86,88,16,21,91,37,0" hai2="49,8,87,24,71,43,7,105,109,40,65,107,17" hai3="18,96,94,61,82,38,132,119,6,41,47,33,59"/><U63/><E121/><V100/><F109/><W108/><G33/><T79/><D69/><U35/><E37/><V15/><F107/><W97/><G119/><T75/><D114/><U106/><E106/><V70/><F70/><W134/><G108/><T78/><D34/><U25/><E0/><V46/><F43/><W1/><G18/><T68/><D68/><U102/><E127/><V50/><F87/><W125/><G125/><T99/><D31/><U30/><E102/><V85/><F85/><W10/><G82/><T66/><D75/><U45/><E77/><V81/><F81/><W92/><G92/><T2/><D2/><U90/><REACH who="1" step="1"/><E63/><REACH who="1" ten="250,302,188,250" step="2"/><V123/><F100/><W56/><G61/><N who="0" m="38199" /><D72/><U133/><E133/><N who="3" m="51306" /><G97/><T12/><D130/><U104/><E104/><V126/><F105/><W67/><G67/><T32/><D99/><U9/><E9/><V64/><F123/><W14/><G1/><T129/><D129/><U89/><E89/><AGARI ba="0,1" hai="6,10,14,38,41,47,56,59,89,94,96" m="51306" machi="89" ten="30,1000,0" yaku="20,1" doraHai="73" who="3" fromWho="1" sc="250,0,302,-10,188,0,250,20" /><INIT seed="2,0,0,1,2,119" ten="250,292,188,270" oya="2" hai0="98,33,65,46,37,63,57,3,31,4,97,109,96" hai1="69,128,17,112,123,85,32,127,126,108,34,53,50" hai2="95,71,39,80,21,78,54,131,19,15,47,35,93" hai3="51,25,86,18,30,101,133,8,124,14,28,104,12"/><V99/><F35/><W1/><G104/><T74/><D109/><U88/><E112/><V121/><F131/><W23/><G101/><T22/><D33/><U110/><E69/><V10/><F71/><W102/><G102/><T56/><D74/><U2/><E2/><V43/><F95/><W129/><G86/><T24/><D3/><U52/><E128/><V79/><F54/><N who="1" m="21097" /><E50/><V115/><F115/><W105/><G51/><T122/><D4/><U106/><E106/><V89/><F121/><W16/><G105/><T64/><D122/><U67/><E67/><V130/><F130/><W111/><G111/><N who="1" m="42538" /><E123/><V41/><F41/><W120/><G120/><T132/><D37/><U26/><E17/><V90/><F90/><W5/><G129/><T0/><D0/><U76/><E76/><V81/><REACH who="2" step="1"/><F10/><REACH who="2" ten="250,292,178,270" step="2"/><N who="3" m="2351" /><G124/><N who="1" m="47658" /><E26/><V87/><F87/><W55/><G55/><T59/><D46/><U7/><E7/><V92/><F92/><AGARI ba="0,1" hai="32,34,85,88,92" m="47658,42538,21097" machi="92" ten="30,7700,0" yaku="14,1,18,1,54,2" doraHai="119" who="1" fromWho="2" sc="250,0,292,87,178,-77,270,0" /><INIT seed="3,0,0,1,1,122" ten="250,379,101,270" oya="3" hai0="106,22,116,1,2,76,61,45,0,55,107,13,34" hai1="132,66,108,130,75,69,120,104,21,134,50,59,64" hai2="101,100,118,52,70,98,24,68,32,72,77,125,102" hai3="23,26,111,117,74,109,110,7,46,11,135,71,36"/><W90/><G71/><T131/><D116/><U79/><E104/><V95/><F118/><W127/><G74/><T38/><D34/><U80/><E120/><V105/><F125/><W43/><G117/><T121/><D121/><U15/><E69/><V54/><F72/><W27/><G127/><T133/><D107/><U40/><E130/><V20/><F77/><W87/><G135/><T47/><D106/><U84/><E75/><V31/><F70/><W113/><G23/><T115/><D131/><U37/><E37/><V78/><F68/><W82/><REACH who="3" step="1"/><G113/><REACH who="3" ten="250,379,101,260" step="2"/><T88/><D133/><U30/><E132/><V19/><F78/><W51/><G51/><T35/><D115/><U123/><E50/><V25/><REACH who="2" step="1"/><F102/><REACH who="2" ten="250,379,91,260" step="2"/><W94/><G94/><T12/><D76/><U99/><E79/><V60/><F60/><W126/><G126/><T89/><D61/><U18/><E134/><V114/><F114/><W97/><G97/><AGARI ba="0,2" hai="19,20,24,25,31,32,52,54,95,97,98,100,101,105" machi="97" ten="40,2600,0" yaku="1,1,54,1,53,0" doraHai="122" doraHaiUra="67" who="2" fromWho="3" sc="250,0,379,0,91,46,260,-26" /><INIT seed="4,0,0,1,2,39" ten="250,379,137,234" oya="0" hai0="33,114,91,106,117,66,45,94,18,78,23,62,85" hai1="44,119,60,79,89,90,76,130,73,58,59,38,29" hai2="67,133,80,5,128,61,25,135,69,83,101,27,118" hai3="48,20,77,123,14,88,12,96,30,115,57,105,17"/><T125/><D33/><U72/><E29/><V129/><F101/><W124/><G115/><T112/><D106/><U134/><E60/><V110/><F110/><W107/><G123/><T56/><D117/><U75/><E44/><V86/><F118/><W68/><G124/><T113/><D125/><U65/><E65/><V95/><F5/><W64/><G68/><T132/><D78/><U131/><E38/><V0/><F0/><W98/><G30/><T42/><D132/><N who="2" m="50762" /><F95/><W55/><G77/><T54/><D66/><U9/><E134/><V82/><F86/><W13/><G64/><T41/><D45/><U3/><E75/><V102/><F102/><W49/><G107/><T46/><D46/><U92/><E3/><V127/><F127/><W97/><G105/><T52/><D54/><U31/><E119/><V63/><F63/><W104/><G104/><T99/><D85/><U7/><E7/><V70/><F70/><W120/><G120/><T103/><D103/><U24/><E92/><V122/><F122/><W40/><G88/><T16/><D18/><U4/><E4/><V116/><F116/><W35/><G35/><T81/><D81/><N who="2" m="20738" /><V53/><DORA hai="87" /><F53/><W47/><AGARI ba="0,0" hai="12,13,14,17,20,40,47,48,49,55,57,96,97,98" machi="47" ten="30,4000,0" yaku="0,1,8,1,52,1" doraHai="39,87" who="3" fromWho="3" sc="250,-20,379,-10,137,-10,234,40" /><INIT seed="5,0,0,1,3,48" ten="230,369,127,274" oya="1" hai0="69,133,4,122,85,6,123,21,61,66,9,3,64" hai1="98,15,2,79,109,30,84,13,77,132,67,97,38" hai2="45,60,131,82,53,90,106,14,128,88,74,31,16" hai3="116,27,96,72,12,49,55,46,75,10,111,118,1"/><U76/><E2/><V17/><F106/><W73/><G111/><T7/><D133/><U114/><E38/><V0/><F0/><W94/><G1/><T102/><D102/><U112/><E109/><V44/><F31/><W86/><G86/><T25/><D66/><U121/><E121/><N who="0" m="46089" /><D85/><U62/><E84/><V20/><F17/><AGARI ba="0,0" hai="3,4,6,7,9,17,21,25,61,64,69" m="46089" machi="17" ten="30,1000,0" yaku="13,1" doraHai="48" who="0" fromWho="2" sc="230,10,369,0,127,-10,274,0" /><INIT seed="6,0,0,2,0,70" ten="240,369,117,274" oya="2" hai0="53,81,20,83,0,45,130,10,52,60,23,72,31" hai1="85,134,8,19,64,122,61,133,87,43,50,123,103" hai2="3,124,9,111,118,2,95,98,30,88,108,119,5" hai3="82,55,121,120,69,22,48,13,67,39,65,24,58"/><V7/><F30/><W79/><G39/><T115/><D115/><U94/><E43/><V35/><F35/><W47/><G69/><T46/><D72/><U97/><E50/><V102/><F124/><W17/><G120/><N who="1" m="46122" /><E8/><N who="2" m="2103" /><F102/><W42/><G121/><T80/><D0/><U28/><E28/><V41/><F41/><W86/><G24/><N who="0" m="16775" /><D130/><U132/><E19/><V110/><AGARI ba="0,0" hai="3,7,9,88,95,98,108,110,111,118,119" m="2103" machi="110" ten="30,3000,0" yaku="10,1,54,1" doraHai="70" who="2" fromWho="2" sc="240,-10,369,-10,117,30,274,-10" /><INIT seed="6,1,0,1,1,15" ten="230,359,147,264" oya="2" hai0="8,38,54,98,14,20,93,73,61,42,22,53,18" hai1="87,107,79,1,88,96,105,102,66,97,10,127,118" hai2="27,69,81,99,115,56,5,41,91,114,89,83,95" hai3="37,104,90,33,113,101,128,52,21,4,72,29,57"/><V55/><F69/><W119/><G33/><T35/><D73/><U31/><E31/><V75/><F41/><W92/><G72/><T3/><D35/><U135/><E66/><V19/><F5/><W0/><G37/><T43/><D38/><U16/><E79/><V51/><F83/><W100/><G113/><N who="2" m="43017" /><F75/><W121/><G104/><T133/><D133/><U120/><E118/><V28/><F81/><W64/><G64/><T77/><D77/><U32/><E32/><N who="2" m="20511" /><F91/><W134/><G128/><T9/><D3/><U17/><E135/><V70/><F70/><W25/><G134/><T63/><D93/><U130/><E130/><V108/><F108/><W23/><G121/><T47/><D98/><U78/><E127/><V12/><F12/><W67/><G67/><T65/><D65/><U59/><E78/><V132/><F132/><W60/><G119/><T44/><D14/><U110/><E110/><V39/><F39/><W84/><G4/><T86/><D86/><U40/><E97/><V111/><F111/><W109/><G0/><T74/><D74/><U94/><E105/><V117/><F117/><W50/><G109/><T76/><D76/><U85/><E40/><V24/><F24/><N who="3" m="16527" /><G60/><T106/><D106/><U48/><E120/><V58/><F58/><W82/><G82/><T68/><D68/><U112/><E112/><V2/><F2/><W49/><G49/><T80/><D80/><U13/><E1/><V45/><F45/><W26/><G26/><T126/><D126/><U116/><E116/><V125/><F125/><W46/><G46/><T34/><D34/><RYUUKYOKU ba="1,0" sc="230,10,359,-30,147,10,264,10" hai0="8,9,18,20,22,42,43,44,47,53,54,61,63" hai2="19,51,55,56,89,95,99" hai3="23,25,50,52,57,84,90,92,100,101" /><INIT seed="6,2,0,4,2,73" ten="240,329,157,274" oya="2" hai0="75,69,77,54,36,56,8,65,114,124,97,93,122" hai1="30,28,67,57,5,88,53,115,47,102,29,37,110" hai2="55,59,133,41,95,84,46,126,44,71,39,105,21" hai3="24,13,118,113,12,17,48,76,50,72,111,66,99"/><V23/><F105/><W108/><G118/><T131/><D122/><U83/><E110/><V103/><F71/><W31/><G66/><T117/><D36/><U128/><E102/><V74/><F74/><W0/><G0/><T9/><D69/><U81/><E5/><V14/><F126/><W123/><G123/><T11/><D65/><U49/><E115/><V33/><F33/><W132/><G132/><T45/><D45/><U19/><E37/><V127/><F46/><W129/><G99/><T89/><D114/><U79/><E79/><V78/><F127/><W80/><G129/><T22/><D131/><U7/><E7/><V60/><F133/><W34/><G13/><T135/><D135/><U61/><E128/><V27/><F14/><W51/><REACH who="3" step="1"/><G113/><REACH who="3" ten="240,329,157,264" step="2"/><T35/><D117/><U90/><E19/><V104/><F104/><W15/><G15/><T10/><D124/><U119/><E119/><V100/><F23/><AGARI ba="2,1" hai="12,17,23,24,31,34,48,50,51,72,76,80,108,111" machi="23" ten="40,5200,0" yaku="1,1,52,1,53,1" doraHai="73" doraHaiUra="107" who="3" fromWho="2" sc="240,0,329,0,157,-58,264,68" /><INIT seed="7,0,0,4,3,7" ten="240,329,99,332" oya="3" hai0="82,114,8,63,12,106,92,3,104,81,131,60,98" hai1="73,45,95,96,31,118,18,85,14,44,83,56,11" hai2="33,10,40,21,62,102,77,36,51,80,35,90,17" hai3="109,67,108,13,87,112,123,41,97,78,107,20,113"/><W126/><G123/><T79/><D3/><U122/><E73/><V58/><F36/><W59/><G126/><T120/><D120/><U50/><E122/><V1/><F102/><N who="3" m="62927" /><G41/><T24/><D131/><U4/><E31/><V42/><F90/><W127/><G127/><T54/><D24/><U74/><E74/><V32/><F80/><N who="3" m="47511" /><G20/><T28/><D82/><U38/><E38/><V55/><F77/><W29/><G29/><T116/><D28/><U89/><E118/><V94/><F94/><W70/><G70/><T68/><D68/><U110/><E110/><N who="3" m="42602" /><G13/><T128/><D116/><U86/><E4/><V111/><F111/><W119/><G119/><T130/><D130/><U121/><E121/><V66/><F1/><W26/><G26/><T129/><D129/><U105/><E105/><V37/><F37/><W48/><G48/><T115/><D128/><U71/><E71/><V16/><F40/><W22/><G22/><T124/><D124/><U2/><E2/><V65/><F42/><W64/><G64/><T19/><D106/><U27/><E27/><V5/><F51/><W125/><G125/><T101/><D104/><U9/><E9/><V43/><F43/><W84/><G84/><N who="1" m="32362" /><E83/><V57/><F57/><W99/><G99/><T100/><D81/><U88/><E89/><V30/><F30/><W69/><G69/><T53/><D79/><U47/><E56/><V103/><F103/><W76/><G76/><T133/><D101/><U75/><E75/><V135/><F135/><W39/><G39/><T49/><D133/><U52/><AGARI ba="0,0" hai="11,14,18,44,45,47,50,52,88,95,96" m="32362" machi="52" ten="30,7900,0" yaku="8,1,52,1,54,2" doraHai="7" who="1" fromWho="1" sc="240,-20,329,79,99,-20,332,-39" owari="220,-18.0,408,51.0,79,-42.0,293,9.0" /></mjloggm>