<mjloggm ver="2.3"><GO type="97" lobby="0"/><UN n0="%E3%81%B5%E3%81%BF%4B%55%4E" n1="%E5%B0%B1%E6%B4%BB%E7%94%9F%40%E5%B7%9D%E6%9D%91%E8%BB%8D%E5%9B%A3" n2="%E3%82%8B%E3%82%93%28%70%61%66%65%29" n3="%E3%82%B4%E3%82%AD%E3%83%96%E3%83%AA%E3%83%BC%E3%83%81" dan="14,15,14,14" rate="1935.98,1985.79,1843.64,1904.63" sx="M,M,M,M"/><TAIKYOKU oya="0"/><INIT seed="0,0,0,1,3,40" ten="250,250,250,250" oya="0" hai0="99,120,103,76,100,71,60,86,2,1,90,16,93" hai1="127,58,132,104,49,17,94,27,43,22,83,7,105" hai2="46,48,82,106,98,88,14,5,118,23,133,125,84" hai3="19,26,119,69,61,121,108,92,6,67,79,87,38"/><T129/><D120/><U114/><E114/><V91/><F133/><W111/><G119/><T97/><D129/><U74/><E132/><V123/><F125/><W54/><G121/><T28/><D28/><U112/><E127/><V37/><F118/><W85/><G6/><T20/><D71/><U116/><E112/><V4/><F37/><W107/><G107/><T44/><D60/><U41/><E116/><V30/><F123/><W9/><G38/><T77/><D2/><U89/><E7/><V18/><F30/><W33/><G33/><T66/><D66/><U135/><E135/><V55/><F106/><W102/><G54/><T8/><D1/><U50/><E50/><V59/><F59/><W51/><G51/><T130/><D8/><U131/><E131/><V81/><F81/><W124/><G124/><T62/><D62/><U126/><E126/><V72/><F72/><W95/><G9/><T52/><D130/><U70/><E70/><V68/><F68/><W110/><G26/><N who="0" m="14599" /><D86/><U35/><E35/><V109/><F109/><W13/><G79/><N who="0" m="30283" /><D97/><U34/><E34/><V80/><F98/><N who="3" m="59719" /><G95/><T75/><D75/><U73/><E83/><V24/><F24/><W117/><G117/><T25/><D25/><U42/><E74/><V31/><F31/><W32/><G32/><T122/><D122/><U3/><E3/><V12/><F12/><W128/><G128/><T47/><D47/><U65/><E73/><V10/><F10/><W63/><G63/><T15/><D15/><U57/><E65/><V36/><F36/><W101/><G101/><T21/><D21/><RYUUKYOKU ba="0,0" sc="250,10,250,-30,250,10,250,10" hai0="44,52,90,93,99,100,103" hai2="4,5,14,18,23,46,48,55,80,82,84,88,91" hai3="13,19,61,67,69,85,87,108,110,111" /><INIT seed="0,1,0,1,5,29" ten="260,220,260,260" oya="0" hai0="105,79,126,25,123,121,119,80,86,82,103,3,44" hai1="70,93,26,2,52,46,11,55,83,108,63,24,59" hai2="68,118,89,71,33,114,22,128,66,37,61,98,96" hai3="10,100,60,36,73,106,131,4,109,7,48,75,124"/><T20/><D3/><U67/><E108/><V111/><F71/><W85/><G109/><T113/><D113/><U50/><E83/><V69/><F69/><W74/><G36/><T42/><D119/><U87/><E2/><V6/><F114/><W14/><G131/><T132/><D132/><U129/><E129/><V35/><F128/><W117/><G117/><T56/><D56/><U5/><E93/><V12/><F37/><W28/><G60/><T115/><D115/><U110/><E87/><V127/><F127/><W49/><G124/><T107/><D126/><U54/><E110/><V30/><F118/><W134/><G134/><T45/><D82/><U122/><E122/><V76/><F76/><W21/><G7/><T32/><D45/><U41/><REACH who="1" step="1"/><E70/><REACH who="1" ten="260,210,260,260" step="2"/><V78/><F111/><W91/><G85/><T39/><D105/><U77/><E77/><V0/><F0/><W62/><G106/><T81/><D81/><U65/><E65/><V8/><F78/><W31/><G75/><T40/><D107/><U130/><E130/><V34/><F89/><W57/><G91/><T120/><D121/><U9/><E9/><V97/><F97/><W58/><G74/><T19/><D123/><U43/><E43/><V16/><F30/><W92/><G31/><T1/><D40/><U15/><AGARI ba="1,1" hai="5,11,15,24,26,41,46,50,52,54,55,59,63,67" machi="15" ten="30,7900,0" yaku="1,1,0,1,8,1,54,1,53,0" doraHai="29" doraHaiUra="133" who="1" fromWho="1" sc="260,-40,210,92,260,-21,260,-21" /><INIT seed="1,0,0,0,5,118" ten="220,302,239,239" oya="1" hai0="73,19,36,5,53,0,134,43,114,46,131,57,89" hai1="58,129,126,113,121,67,15,44,69,26,13,55,95" hai2="59,2,135,82,14,20,107,104,75,66,42,94,85" hai3="3,93,74,111,98,133,70,18,51,24,127,63,78"/><U72/><E72/><V79/><F2/><W91/><G3/><T33/><D114/><U21/><E113/><V8/><F135/><W12/><G24/><T56/><D134/><U68/><E121/><V41/><F75/><W96/><G133/><T92/><D33/><U11/><E126/><V110/><F107/><W132/><G132/><T61/><D73/><U71/><E129/><V128/><F110/><W115/><G111/><T119/><D131/><U7/><E67/><V23/><F104/><W90/><G127/><T97/><D119/><U117/><E117/><V6/><F94/><W37/><G37/><T81/><D81/><U130/><E130/><V123/><F123/><W1/><G1/><T52/><D0/><U106/><E106/><V50/><F128/><W54/><G115/><T101/><D5/><U65/><E65/><V16/><F66/><W29/><G29/><T122/><D122/><U120/><E120/><V31/><F31/><W30/><G30/><T62/><REACH who="0" step="1"/><D19/><REACH who="0" ten="210,302,239,239" step="2"/><U102/><E7/><V47/><F23/><W105/><G74/><T34/><D34/><U88/><E11/><V76/><F76/><W125/><G78/><T40/><D40/><U99/><E21/><V84/><F20/><W112/><G125/><T39/><D39/><U10/><E10/><V116/><F116/><W80/><G112/><T83/><D83/><U28/><E28/><V49/><F6/><W9/><G80/><T22/><D22/><U77/><E77/><V27/><F79/><W4/><G4/><T35/><D35/><U45/><E26/><V109/><F27/><RYUUKYOKU ba="0,1" sc="210,30,302,-10,239,-10,239,-10" hai0="36,43,46,52,53,56,57,61,62,89,92,97,101" /><INIT seed="2,1,1,0,2,18" ten="240,292,229,229" oya="2" hai0="112,105,70,96,75,52,26,6,68,13,102,101,7" hai1="127,130,85,79,51,91,92,57,72,54,117,113,40" hai2="93,66,84,21,49,34,41,53,38,87,78,90,118" hai3="2,67,35,32,1,111,121,69,44,47,3,83,29"/><V20/><F34/><W50/><G121/><T116/><D112/><U61/><E113/><V43/><F66/><W108/><G83/><T64/><D75/><U74/><E117/><V100/><F100/><W134/><G134/><T133/><D133/><U8/><E127/><V48/><F38/><W63/><G47/><T24/><D116/><U128/><E8/><V45/><F118/><W0/><G0/><T28/><D102/><U122/><E122/><V11/><F11/><W16/><G16/><T76/><D24/><U65/><E40/><N who="2" m="15435" /><F49/><W46/><G46/><T37/><D76/><U135/><E135/><V10/><F10/><W109/><REACH who="3" step="1"/><G29/><REACH who="3" ten="240,292,229,219" step="2"/><T58/><D37/><U99/><E79/><V31/><F31/><W106/><G106/><T15/><D7/><U19/><E19/><V77/><F77/><W14/><G14/><T115/><D6/><U110/><E74/><V73/><F73/><W27/><G27/><T23/><D115/><U123/><E72/><V95/><F95/><W42/><AGARI ba="1,2" hai="1,2,3,32,35,42,44,50,63,67,69,108,109,111" machi="42" ten="40,5200,0" yaku="1,1,0,1,14,1,53,0" doraHai="18" doraHaiUra="55" who="3" fromWho="3" sc="240,-14,292,-14,229,-27,219,75" /><INIT seed="3,0,0,5,1,135" ten="226,278,202,294" oya="3" hai0="124,46,8,129,94,95,132,117,102,120,11,5,93" hai1="20,127,108,49,128,114,80,1,51,2,38,109,66" hai2="35,43,21,16,122,75,134,64,65,98,84,9,125" hai3="47,55,48,85,58,41,13,82,39,118,115,31,37"/><W110/><G115/><T103/><D132/><U67/><E38/><V126/><F35/><W3/><G118/><T107/><D120/><U78/><E114/><V72/><F134/><W52/><G3/><N who="1" m="1034" /><E128/><V92/><F9/><W86/><G31/><T17/><D117/><U42/><E20/><V32/><F32/><W33/><G33/><T106/><D129/><U104/><E104/><N who="0" m="39977" /><D46/><N who="1" m="25815" /><E51/><V50/><F84/><W45/><G39/><T133/><D17/><U77/><E127/><N who="2" m="48651" /><F50/><W12/><G86/><T74/><D124/><U101/><E101/><N who="0" m="38409" /><D133/><U100/><E100/><N who="2" m="60487" /><F43/><W81/><G85/><T60/><D74/><N who="2" m="28202" /><F122/><W79/><G41/><T123/><D123/><U6/><E6/><V130/><F130/><W57/><G37/><T90/><D5/><U116/><E116/><V70/><F70/><W44/><G48/><T89/><D60/><U54/><E78/><V71/><F71/><W99/><G79/><T36/><D36/><U69/><E69/><V34/><F34/><W56/><G47/><T14/><D14/><AGARI ba="0,0" hai="14,16,21,64,65" m="28202,60487,48651" machi="14" ten="30,8000,1" yaku="18,1,52,3,54,1" doraHai="135" who="2" fromWho="0" sc="226,-80,278,0,202,80,294,0" /><INIT seed="4,0,0,3,3,77" ten="146,278,282,294" oya="0" hai0="125,22,53,111,65,115,72,127,93,16,0,104,78" hai1="124,18,135,118,114,45,87,43,76,102,88,50,95" hai2="68,14,52,6,99,1,57,128,105,47,132,34,100" hai3="91,130,96,110,82,29,15,11,119,19,24,61,103"/><T94/><D0/><U113/><E118/><V79/><F34/><W35/><G110/><T23/><D104/><U37/><E37/><V92/><F68/><W10/><G130/><T116/><D111/><U25/><E124/><N who="0" m="47689" /><D116/><U32/><E135/><V20/><F128/><W55/><G119/><T21/><D115/><N who="1" m="44043" /><E102/><V8/><F79/><W54/><G11/><T108/><D108/><U69/><E69/><V112/><F132/><W2/><G2/><T49/><D65/><U83/><E18/><V63/><F105/><W97/><G61/><T64/><D64/><U81/><E76/><V30/><F1/><W133/><G133/><T107/><D107/><U86/><E86/><V98/><F112/><W74/><G74/><T44/><D16/><U101/><E101/><V28/><F99/><W89/><G97/><T131/><D131/><U120/><E120/><V31/><F47/><W67/><G67/><T84/><D72/><U51/><E51/><V46/><F46/><W17/><G17/><T48/><D48/><U106/><E106/><V9/><F9/><W117/><G117/><T39/><D39/><U27/><E27/><AGARI ba="0,0" hai="6,8,14,20,27,28,30,31,52,57,63,92,98,100" machi="27" ten="40,2600,0" yaku="8,1,54,1" doraHai="77" who="2" fromWho="1" sc="146,0,278,-26,282,26,294,0" owari="146,-35.0,252,-15.0,308,41.0,294,9.0" /></mjloggm>