<mjloggm ver="2.3"><GO type="169" lobby="0"/><UN n0="%E3%81%86%E3%82%89%E3%81%97%E3%81%92%E3%82%8B" n1="%73%69%62%69%79%61" n2="%E3%82%A6%E3%83%AB%E3%83%88%E3%83%A9%E7%AB%8B%E7%9B%B4" n3="%53%69%6D%6F%6F%6E" dan="16,16,17,16" rate="2059.80,2061.27,2159.87,2103.10" sx="M,M,M,M"/><TAIKYOKU oya="0"/><INIT seed="0,0,0,1,0,74" ten="250,250,250,250" oya="0" hai0="28,124,67,7,58,105,88,29,40,114,121,89,23" hai1="80,36,79,92,99,70,6,64,3,18,134,123,43" hai2="20,15,8,17,78,9,81,110,91,135,59,107,98" hai3="122,94,65,77,33,2,85,27,129,103,101,50,119"/><T19/><D121/><U32/><E123/><V109/><F135/><W83/><G2/><T113/><D105/><U63/><E134/><V52/><F91/><W26/><G122/><T120/><D120/><U21/><E32/><V96/><F98/><W128/><G33/><T13/><D124/><U48/><E36/><V100/><F9/><W38/><G38/><T106/><D106/><U102/><E6/><V108/><F8/><W56/><G119/><T1/><D1/><U22/><E3/><V97/><F100/><N who="3" m="38475" /><G94/><T25/><D7/><U130/><E130/><N who="3" m="50282" /><G50/><T47/><D29/><U42/><E48/><N who="2" m="31111" /><F107/><W4/><G4/><T132/><D132/><U45/><E45/><V41/><F41/><W14/><G14/><T57/><D114/><U68/><E68/><V53/><F53/><W76/><G77/><T69/><D69/><U46/><E46/><V86/><AGARI ba="0,0" hai="15,17,20,78,81,86,96,97,108,109,110" m="31111" machi="86" ten="30,4000,0" yaku="14,1,52,1,54,1" doraHai="74" who="2" fromWho="2" sc="250,-20,250,-10,250,40,250,-10" /><INIT seed="1,0,0,0,0,123" ten="230,240,290,240" oya="1" hai0="48,10,52,118,100,125,2,23,98,68,8,42,6" hai1="92,60,129,14,41,61,55,101,21,81,121,7,12" hai2="53,128,28,103,73,74,78,43,82,111,116,130,17" hai3="93,64,107,19,122,126,127,95,20,76,75,34,40"/><U35/><E121/><V133/><F28/><W112/><G34/><T99/><D118/><U108/><E35/><V49/><F43/><W106/><G112/><T88/><D68/><U3/><E3/><V22/><F103/><W13/><G64/><T89/><D125/><N who="3" m="47625" /><G40/><T56/><D99/><N who="1" m="59623" /><E41/><V11/><F11/><W109/><G122/><T62/><D23/><U102/><E108/><V57/><F116/><W80/><G109/><T18/><D18/><U45/><E102/><V51/><F111/><W71/><G71/><T4/><D42/><U5/><E81/><V63/><F74/><W119/><G119/><T37/><D37/><U0/><E0/><V66/><F133/><W36/><G36/><T47/><D8/><N who="1" m="4111" /><E129/><V104/><F104/><AGARI ba="0,0" hai="13,19,20,75,76,80,93,95,104,106,107" m="47625" machi="104" ten="30,1000,0" yaku="18,1" doraHai="123" who="3" fromWho="2" sc="230,0,240,0,290,-10,240,10" /><INIT seed="2,0,0,1,3,99" ten="230,240,280,250" oya="2" hai0="122,127,54,107,12,132,14,112,51,4,109,116,118" hai1="36,38,21,104,129,22,19,40,27,110,8,108,43" hai2="42,86,13,67,124,29,78,45,128,62,33,82,57" hai3="31,130,32,24,95,83,90,18,135,101,44,100,93"/><V55/><F124/><W98/><G130/><T9/><D107/><U89/><E104/><V63/><F128/><W61/><G135/><T5/><D122/><U48/><E129/><V3/><F3/><W23/><G83/><T50/><D112/><U35/><E8/><V16/><F29/><W6/><G6/><T119/><D127/><U70/><E35/><V64/><F33/><W39/><G61/><T96/><D109/><U72/><E70/><V113/><F63/><W37/><G44/><T25/><D25/><U46/><E72/><V20/><REACH who="2" step="1"/><F113/><REACH who="2" ten="230,240,270,250" step="2"/><W126/><G126/><T17/><D132/><U74/><E110/><V88/><F88/><W75/><G90/><T0/><D0/><U102/><E89/><V52/><F52/><W80/><G31/><T56/><D14/><U94/><E108/><V117/><F117/><W105/><G32/><T85/><D85/><U92/><E40/><V115/><F115/><W91/><G91/><T49/><REACH who="0" step="1"/><D96/><REACH who="0" ten="220,240,270,250" step="2"/><U106/><E27/><V60/><F60/><AGARI ba="0,2" hai="4,5,9,12,17,49,50,51,54,56,60,116,118,119" machi="60" ten="50,8000,1" yaku="1,1,2,1,12,1,53,2" doraHai="99" doraHaiUra="1" who="0" fromWho="2" sc="220,100,240,0,270,-80,250,0" /><INIT seed="3,0,0,2,4,19" ten="320,240,190,250" oya="3" hai0="86,23,51,2,71,112,99,77,94,20,66,96,24" hai1="55,32,17,12,111,25,69,72,15,114,46,95,6" hai2="63,92,75,60,79,134,47,68,106,70,132,44,7" hai3="118,130,9,45,102,37,126,98,49,119,123,109,133"/><W81/><G123/><T113/><D2/><U56/><E72/><V107/><F92/><W84/><G37/><T125/><D125/><U30/><E69/><V27/><F75/><W87/><G126/><T135/><D135/><U76/><E114/><N who="0" m="44137" /><D24/><U36/><E76/><V88/><F27/><W28/><G133/><T91/><D51/><U104/><E104/><V48/><F48/><W105/><G130/><T120/><D120/><U41/><E111/><V101/><F101/><W18/><G28/><T67/><D71/><U116/><E116/><V80/><F80/><W22/><G9/><T128/><D128/><U3/><E3/><V4/><REACH who="2" step="1"/><F79/><REACH who="2" ten="320,240,180,250" step="2"/><W0/><G109/><T13/><D77/><U40/><E25/><V16/><F16/><W61/><G119/><T31/><D31/><U65/><E17/><V82/><F82/><W121/><G81/><T52/><D99/><U85/><E30/><V8/><F8/><W89/><G118/><T115/><D96/><U33/><E36/><V50/><F50/><W58/><G121/><T42/><D115/><U90/><E95/><V108/><F108/><W64/><G89/><AGARI ba="0,1" hai="4,7,44,47,60,63,68,70,88,89,106,107,132,134" machi="89" ten="25,6400,0" yaku="1,1,22,2,54,1,53,0" doraHai="19" doraHaiUra="14" who="2" fromWho="3" sc="320,0,240,0,180,74,250,-64" /><INIT seed="4,0,0,0,3,58" ten="320,240,254,186" oya="0" hai0="47,123,13,117,40,31,74,6,36,5,7,3,35" hai1="103,2,70,109,38,85,19,17,88,1,113,54,18" hai2="78,43,132,29,79,60,128,42,118,11,100,64,0" hai3="66,105,80,14,41,53,131,92,9,82,81,134,87"/><T84/><D117/><U24/><E109/><V16/><F128/><W49/><G105/><T111/><D123/><U34/><E38/><V104/><F132/><W26/><G134/><T28/><D111/><U114/><E103/><V90/><F118/><W94/><G131/><T25/><D31/><U48/><E70/><V75/><F75/><W119/><G41/><T71/><D71/><U51/><E34/><V91/><F0/><W122/><G26/><T115/><D115/><N who="1" m="44043" /><E24/><V130/><F29/><W67/><G122/><T4/><D74/><U107/><E107/><V22/><F11/><W99/><G87/><T50/><D3/><N who="1" m="1035" /><E54/><V57/><F100/><W73/><G73/><T126/><D126/><U69/><E69/><V46/><F104/><W27/><G27/><T127/><D127/><U106/><E106/><V135/><F43/><W62/><G119/><T15/><N who="0" m="1024" /><DORA hai="39" /><T68/><D68/><U96/><E96/><V98/><F98/><W86/><G86/><T56/><REACH who="0" step="1"/><D84/><REACH who="0" ten="310,240,254,186" step="2"/><U129/><E129/><V97/><F130/><W44/><G99/><T120/><D120/><U20/><E20/><V65/><F97/><W110/><G110/><T89/><D89/><U37/><E37/><V21/><F21/><W32/><G32/><T116/><D116/><U33/><E33/><V83/><F91/><W8/><G8/><T30/><D30/><U45/><E85/><N who="2" m="50495" /><F135/><W23/><G9/><T63/><D63/><U12/><E88/><V121/><F121/><W102/><G62/><T112/><D112/><U72/><E72/><V133/><F133/><W76/><G102/><RYUUKYOKU ba="0,1" sc="310,30,240,-10,254,-10,186,-10" hai0="13,15,25,28,35,36,40,47,50,56" /><INIT seed="4,1,1,5,1,45" ten="340,230,244,176" oya="0" hai0="76,21,28,75,56,86,70,135,118,99,134,124,3" hai1="72,125,29,24,115,100,104,13,27,94,68,40,46" hai2="89,48,81,55,114,102,33,98,23,73,7,90,62" hai3="84,44,41,51,110,22,11,79,30,96,16,54,34"/><T43/><D70/><U106/><E72/><V69/><F33/><W60/><G110/><T39/><D118/><U52/><E68/><V1/><F114/><W78/><G11/><T97/><D3/><U12/><E40/><V92/><F7/><W2/><G2/><T0/><D0/><U14/><E94/><V130/><F1/><W65/><G34/><T6/><D6/><U35/><E115/><V57/><F130/><W117/><G30/><T113/><D113/><U63/><E125/><V129/><F129/><W108/><G108/><T85/><D75/><U105/><E27/><V82/><F23/><W121/><G121/><T67/><D43/><U25/><E25/><V36/><F36/><W5/><G5/><T20/><D39/><U127/><E127/><V8/><F8/><W19/><G117/><T95/><D124/><U31/><E31/><V109/><F109/><W83/><G96/><N who="0" m="36939" /><D28/><U10/><E100/><V18/><F18/><W132/><G132/><N who="0" m="50731" /><D76/><U133/><E133/><V80/><F73/><W91/><G41/><T26/><D20/><U120/><E120/><V87/><F102/><W9/><G9/><T49/><D95/><U50/><E10/><V103/><F103/><W107/><G107/><T61/><D49/><U64/><E63/><V17/><F17/><N who="3" m="6731" /><G22/><T111/><D111/><U4/><E4/><V122/><F122/><W119/><G119/><T37/><D37/><U47/><E106/><V38/><F38/><W59/><AGARI ba="1,1" hai="44,51,54,59,60,65,78,79,83,84,91" m="6731" machi="59" ten="30,4000,0" yaku="8,1,52,1,54,1" doraHai="45" who="3" fromWho="3" sc="340,-21,230,-11,244,-11,176,53" /><INIT seed="5,0,0,3,3,132" ten="319,219,233,229" oya="1" hai0="74,127,19,43,109,42,76,79,59,128,71,7,92" hai1="55,30,56,27,51,133,13,41,32,88,113,69,45" hai2="115,131,12,4,134,118,61,28,86,3,53,75,2" hai3="33,16,102,9,89,64,126,18,122,44,121,62,57"/><U46/><E69/><V114/><F75/><W63/><G33/><T29/><D71/><U5/><E133/><V52/><F118/><W81/><G102/><T6/><D74/><U23/><E113/><N who="2" m="43019" /><F134/><W49/><G126/><T31/><D109/><U68/><E68/><V39/><F39/><W106/><G106/><T73/><D73/><U35/><E45/><V90/><F28/><W72/><G63/><T8/><D19/><U26/><E26/><V70/><F131/><W37/><G37/><T119/><D59/><U93/><E5/><V87/><F12/><W103/><G103/><T112/><D8/><U84/><REACH who="1" step="1"/><E13/><REACH who="1" ten="319,209,233,229" step="2"/><V47/><F47/><W95/><G122/><T100/><D7/><U107/><E107/><V105/><F105/><W25/><G121/><T50/><D6/><U80/><E80/><V38/><F4/><W54/><G25/><T0/><D112/><U123/><E123/><V17/><F70/><W24/><G24/><T110/><D0/><U66/><E66/><V34/><F3/><W77/><REACH who="3" step="1"/><G9/><REACH who="3" ten="319,209,233,219" step="2"/><T129/><D129/><U97/><E97/><AGARI ba="0,2" hai="16,18,44,49,54,57,62,64,72,77,81,89,95,97" machi="97" ten="30,7700,0" yaku="1,1,2,1,7,1,54,1,53,0" doraHai="132" doraHaiUra="130" who="3" fromWho="1" sc="319,0,209,-77,233,0,219,97" /><INIT seed="6,0,0,3,3,86" ten="319,132,233,316" oya="2" hai0="81,55,10,46,14,26,127,102,29,7,95,111,110" hai1="97,87,82,112,93,8,126,68,74,67,35,3,66" hai2="101,109,49,83,4,48,25,96,134,90,92,16,94" hai3="119,91,107,15,85,27,62,123,132,129,18,57,39"/><V22/><F134/><W76/><G119/><T77/><D127/><U125/><E74/><V38/><F38/><W37/><G107/><T52/><D46/><U51/><E35/><V63/><F109/><W88/><G123/><T11/><D11/><U115/><E51/><V61/><F83/><W21/><G132/><T65/><D65/><U117/><E117/><V17/><F4/><W36/><G129/><T28/><D28/><U108/><E108/><V69/><F17/><W2/><G2/><T58/><D111/><U71/><E8/><V60/><F69/><N who="1" m="26697" /><E3/><V122/><F122/><W23/><G85/><AGARI ba="0,0" hai="16,22,25,48,49,60,61,63,85,90,92,94,96,101" machi="85" ten="40,7700,0" yaku="8,1,52,1,54,1" doraHai="86" who="2" fromWho="3" sc="319,0,132,0,233,77,316,-77" /><INIT seed="6,1,0,5,0,68" ten="319,132,310,239" oya="2" hai0="120,101,41,95,98,66,100,65,88,85,94,17,48" hai1="87,10,13,22,8,29,103,102,39,60,34,6,117" hai2="37,78,42,121,79,45,47,129,64,119,33,0,69" hai3="40,92,49,51,122,28,106,114,123,134,54,4,35"/><V58/><F79/><W83/><G106/><T104/><D120/><U91/><E117/><V57/><F78/><W125/><G125/><T116/><D116/><U14/><E34/><V99/><F33/><W30/><G35/><T126/><D126/><U128/><E60/><N who="2" m="40071" /><F99/><W108/><G108/><T109/><D109/><U44/><E128/><V36/><F0/><W130/><G130/><T76/><D76/><U97/><E97/><V5/><F5/><W9/><G83/><T127/><D127/><U55/><E55/><V86/><F86/><W90/><G40/><T115/><D115/><U1/><E1/><V105/><F105/><W133/><G51/><T7/><D7/><U2/><E2/><V16/><F16/><W19/><G19/><T61/><D104/><U111/><E111/><V110/><F110/><W72/><G72/><T18/><D101/><U27/><E44/><N who="2" m="23623" /><F129/><W96/><G114/><T20/><D18/><U75/><E39/><V77/><F77/><W46/><G30/><T73/><D73/><U32/><E75/><V25/><F25/><W15/><REACH who="3" step="1"/><G28/><REACH who="3" ten="319,132,310,229" step="2"/><T124/><D61/><U38/><E32/><V82/><F82/><W93/><G93/><T21/><D124/><U62/><E62/><V132/><F121/><AGARI ba="1,1" hai="4,9,15,46,49,54,90,92,96,121,122,123,133,134" machi="121" ten="40,1300,0" yaku="1,1,53,0" doraHai="68" doraHaiUra="53" who="3" fromWho="2" sc="319,0,132,0,310,-16,229,26" /><INIT seed="7,0,0,3,2,57" ten="319,132,294,255" oya="3" hai0="74,108,96,112,22,98,49,67,13,24,118,123,52" hai1="39,86,68,0,36,83,128,97,29,17,81,85,87" hai2="20,64,41,107,46,26,88,12,130,59,6,91,79" hai3="48,75,125,94,58,101,84,62,50,21,103,109,115"/><W19/><G75/><T42/><D74/><U65/><E0/><V43/><F107/><W16/><G115/><T28/><D118/><U2/><E29/><N who="2" m="17607" /><F79/><W134/><G125/><T95/><D108/><U66/><E2/><V92/><F130/><W100/><G134/><T69/><D123/><U111/><E111/><V33/><F33/><W37/><G37/><T116/><D116/><U72/><E128/><V127/><F127/><W40/><G109/><T124/><D124/><U34/><E72/><V93/><F46/><W131/><G131/><T78/><D112/><U102/><E34/><V99/><F12/><W110/><G110/><T71/><D69/><U63/><E17/><V113/><F6/><W105/><G105/><T61/><D42/><U51/><E51/><N who="3" m="19498" /><G21/><T70/><D70/><U53/><E68/><V60/><F113/><W89/><G40/><T10/><D78/><U25/><E25/><V5/><F5/><W73/><G73/><T119/><D95/><U31/><E31/><V106/><F106/><W47/><G47/><T55/><D55/><AGARI ba="0,0" hai="16,19,55,58,62,84,89,94,100,101,103" m="19498" machi="55" ten="30,5800,0" yaku="8,1,52,1,54,1" doraHai="57" who="3" fromWho="0" sc="319,-58,132,0,294,0,255,58" owari="261,-14.0,132,-37.0,294,9.0,313,42.0" /></mjloggm>