<mjloggm ver="2.3"><GO type="97" lobby="0"/><UN n0="%E5%9C%9F%E6%B5%A6%E5%BD%A9%E8%8F%9C" n1="%6F%7A%61%72%69%6E%6E" n2="%E3%82%AF%E3%83%88%E3%82%A5" n3="%E5%B0%B1%E6%B4%BB%E7%94%9F%40%E5%B7%9D%E6%9D%91%E8%BB%8D%E5%9B%A3" dan="15,13,13,15" rate="1976.85,1879.70,1882.78,2020.59" sx="F,M,M,M"/><TAIKYOKU oya="0"/><INIT seed="0,0,0,1,2,102" ten="250,250,250,250" oya="0" hai0="93,114,3,1,108,85,121,37,71,135,112,20,24" hai1="8,51,127,21,9,90,55,40,68,50,12,130,6" hai2="28,116,96,25,60,57,95,123,73,26,15,48,104" hai3="88,2,35,52,79,78,119,106,63,129,67,22,110"/><T77/><D121/><U58/><E68/><V76/><F104/><W82/><G35/><T86/><D135/><U118/><E118/><V56/><F116/><W42/><G42/><T122/><D122/><U133/><E133/><V113/><F123/><W105/><G2/><T115/><D71/><U101/><E130/><V36/><F36/><W29/><G119/><T75/><D37/><U99/><E127/><V117/><F113/><W54/><G129/><T87/><D108/><U23/><E90/><V89/><F117/><W18/><G110/><T59/><D59/><U84/><E84/><V34/><F73/><W97/><G29/><T132/><D132/><U13/><E50/><V27/><F76/><W70/><G79/><T125/><D125/><U92/><REACH who="1" step="1"/><E40/><REACH who="1" ten="250,240,250,250" step="2"/><V74/><F74/><W14/><G78/><T61/><D77/><U65/><E65/><V43/><F43/><W94/><G82/><T47/><D75/><U72/><E72/><V44/><F48/><W41/><G41/><T124/><D124/><U16/><AGARI ba="0,1" hai="6,8,9,12,13,16,21,23,51,55,58,92,99,101" machi="16" ten="20,8000,1" yaku="1,1,0,1,7,1,8,1,54,1,53,0" doraHai="102" doraHaiUra="134" who="1" fromWho="1" sc="250,-40,240,90,250,-20,250,-20" /><INIT seed="1,0,0,5,4,59" ten="210,330,230,230" oya="1" hai0="33,21,102,78,99,119,110,70,85,120,46,69,38" hai1="11,62,72,45,53,41,27,126,19,20,30,0,107" hai2="61,47,112,43,24,82,111,7,63,88,1,22,28" hai3="58,44,40,50,64,104,121,65,56,67,90,76,36"/><U17/><E107/><V81/><F112/><W130/><G104/><T133/><D110/><U113/><E72/><V5/><F111/><W66/><G76/><T16/><D133/><U94/><E113/><V83/><F1/><W122/><G90/><T55/><D119/><U131/><E131/><V31/><F31/><W3/><G3/><T52/><D33/><U25/><E126/><V51/><F5/><W100/><G100/><T106/><D120/><N who="3" m="46185" /><G130/><T9/><D9/><U10/><E94/><V89/><F7/><W75/><G75/><T108/><D108/><U74/><E74/><V12/><F12/><W129/><G129/><T132/><D132/><U80/><E80/><V57/><REACH who="2" step="1"/><F61/><REACH who="2" ten="210,330,220,230" step="2"/><N who="3" m="37927" /><G36/><T105/><D38/><U32/><E0/><V6/><F6/><W86/><G86/><T98/><D98/><U4/><E4/><V114/><F114/><W97/><G97/><T68/><D85/><U23/><E32/><V54/><AGARI ba="0,1" hai="22,24,28,43,47,51,54,57,63,81,82,83,88,89" machi="54" ten="30,16000,3" yaku="1,1,0,1,8,1,52,1,54,1,53,3" doraHai="59" doraHaiUra="79" who="2" fromWho="2" sc="210,-40,330,-80,220,170,230,-40" /><INIT seed="2,0,0,1,0,100" ten="170,250,390,190" oya="2" hai0="64,45,6,116,27,12,36,114,78,70,52,133,48" hai1="25,79,34,88,59,101,57,7,131,102,82,92,16" hai2="105,86,33,74,61,2,96,109,73,10,125,121,63" hai3="129,50,90,3,115,20,8,123,44,1,56,103,15"/><V132/><F33/><W58/><G123/><T67/><D114/><U68/><E68/><V42/><F121/><W41/><G129/><T30/><D133/><U120/><E131/><V39/><F39/><W55/><G115/><T93/><D116/><U111/><E120/><V84/><F42/><W38/><G103/><T19/><D36/><U11/><E111/><V108/><F125/><W53/><G20/><N who="0" m="15719" /><D70/><U83/><E102/><N who="2" m="62663" /><F2/><W65/><G65/><T119/><D119/><U89/><E101/><V99/><F10/><W98/><G98/><T69/><D69/><U13/><E89/><V134/><F61/><W22/><G22/><N who="0" m="11623" /><D6/><U80/><E79/><V107/><F63/><W106/><G106/><T49/><D78/><U87/><REACH who="1" step="1"/><E7/><REACH who="1" ten="170,240,390,190" step="2"/><V29/><F107/><W54/><G90/><T18/><D93/><U126/><E126/><V24/><F99/><W75/><G75/><N who="2" m="28681" /><F29/><AGARI ba="0,1" hai="11,13,16,25,29,34,57,59,80,82,83,87,88,92" machi="29" ten="40,8000,1" yaku="1,1,54,2,53,1" doraHai="100" doraHaiUra="4" who="1" fromWho="2" sc="170,0,240,90,390,-80,190,0" /><INIT seed="3,0,0,1,5,101" ten="170,330,310,190" oya="3" hai0="83,114,49,122,90,34,5,66,52,110,53,64,108" hai1="7,58,31,121,117,35,38,14,125,130,41,81,115" hai2="45,92,103,73,1,70,39,71,9,96,30,17,109" hai3="12,135,62,86,112,2,75,61,85,67,69,89,21"/><W74/><G2/><T127/><D122/><U98/><E115/><V54/><F73/><W20/><G112/><T63/><D34/><U8/><E121/><V133/><F133/><W11/><G135/><T15/><D114/><U99/><E41/><V43/><F109/><N who="0" m="42090" /><D127/><U50/><E38/><V18/><F70/><W29/><G62/><T118/><D118/><U124/><E117/><V4/><F71/><W134/><G134/><T93/><D83/><U131/><E31/><V77/><F77/><W48/><G48/><T119/><D119/><U6/><E35/><V16/><F30/><W22/><G29/><T79/><D79/><U128/><E81/><V51/><REACH who="2" step="1"/><F18/><REACH who="2" ten="170,330,300,190" step="2"/><W80/><G75/><T132/><D132/><U27/><E125/><V36/><F36/><W65/><G74/><T55/><D63/><U23/><E124/><V26/><F26/><W28/><G28/><T44/><D5/><U40/><E7/><V94/><F94/><N who="3" m="54575" /><G61/><T88/><D15/><U107/><E27/><V46/><AGARI ba="0,1" hai="1,4,9,16,17,39,43,45,46,51,54,92,96,103" machi="46" ten="20,5200,0" yaku="1,1,0,1,7,1,54,1,53,0" doraHai="101" doraHaiUra="24" who="2" fromWho="2" sc="170,-13,330,-13,300,62,190,-26" owari="157,-34.0,317,12.0,362,46.0,164,-24.0" /></mjloggm>