<mjloggm ver="2.3"><GO type="97" lobby="0"/><UN n0="%E3%83%88%E3%83%88%E3%83%AA%E5%85%88%E7%94%9F%31%39%E6%AD%B3" n1="%E5%BB%A3%E6%B8%88%E5%A0%82%E6%9C%AC%E5%BA%97" n2="%4B%41%54%41" n3="%65%78%69%73%74%3A" dan="13,14,14,14" rate="2010.94,1814.06,1961.45,1979.91" sx="F,M,M,M"/><TAIKYOKU oya="0"/><INIT seed="0,0,0,2,2,115" ten="250,250,250,250" oya="0" hai0="109,111,76,105,97,14,83,31,4,15,26,7,134" hai1="67,41,91,108,44,13,104,38,68,10,36,96,19" hai2="55,58,92,8,22,131,103,47,57,23,12,85,125" hai3="99,88,117,77,28,37,79,5,110,126,62,74,112"/><T135/><D105/><U32/><E108/><N who="0" m="41545" /><D97/><U98/><E32/><V42/><F131/><W27/><G112/><T1/><D83/><U75/><E75/><V40/><F125/><W30/><G126/><T45/><D76/><U123/><E123/><V82/><F92/><W100/><G79/><T101/><D101/><U116/><E116/><V0/><F0/><W78/><G88/><T118/><D118/><U54/><E54/><V95/><F95/><W129/><G78/><T86/><D86/><U6/><E98/><V51/><F103/><W132/><G100/><T121/><D45/><U46/><E6/><N who="0" m="2089" /><D1/><U107/><E67/><V94/><F94/><W18/><G99/><T130/><D130/><U93/><REACH who="1" step="1"/><E68/><REACH who="1" ten="250,240,250,250" step="2"/><V59/><F40/><AGARI ba="0,1" hai="10,13,19,36,38,40,41,44,46,91,93,96,104,107" machi="40" ten="40,5200,0" yaku="1,1,2,1,9,1,53,0" doraHai="115" doraHaiUra="17" who="1" fromWho="2" sc="250,0,240,62,250,-52,250,0" /><INIT seed="1,0,0,0,2,39" ten="250,302,198,250" oya="1" hai0="96,13,29,22,82,5,30,58,134,81,10,2,11" hai1="60,103,20,45,126,75,73,118,35,42,33,101,116" hai2="38,66,112,70,19,6,114,26,21,44,80,47,17" hai3="85,119,51,77,14,56,57,62,0,3,40,124,102"/><U18/><E126/><V23/><F6/><W69/><G124/><T109/><D109/><U27/><E60/><V97/><F66/><W132/><G119/><T76/><D134/><U63/><E118/><V99/><F70/><W87/><G132/><T46/><D22/><N who="2" m="8202" /><F80/><W68/><G14/><T67/><D81/><U9/><E116/><V106/><F38/><W104/><G102/><T108/><D108/><U15/><E75/><V52/><F26/><W24/><G24/><T65/><D96/><N who="2" m="36938" /><F106/><W89/><G104/><T1/><D1/><U131/><E73/><V86/><F86/><W32/><G32/><T115/><D65/><U113/><E113/><N who="2" m="43627" /><F52/><W133/><G133/><T49/><D115/><U16/><E131/><V121/><F121/><W94/><G69/><T55/><D67/><U111/><E111/><V61/><F61/><W83/><G68/><T37/><D37/><U59/><E35/><V123/><F123/><W72/><G62/><T34/><D34/><U122/><E122/><V125/><F125/><W88/><G0/><T98/><D98/><U127/><E127/><V48/><F48/><W43/><G3/><T8/><D2/><U95/><E33/><V93/><F93/><N who="3" m="54415" /><G51/><N who="0" m="31103" /><D5/><U91/><E59/><N who="3" m="22602" /><G72/><T64/><D13/><U107/><E63/><V54/><F54/><W50/><G50/><T25/><D64/><U71/><E71/><V74/><F74/><W36/><G36/><T4/><D4/><U90/><E107/><V53/><F53/><W130/><G130/><T79/><D25/><U117/><E117/><V41/><F41/><N who="3" m="15947" /><G94/><T120/><D120/><RYUUKYOKU ba="0,0" sc="250,-15,302,-15,198,15,250,15" hai2="17,19,44,47" hai3="77,83,87,89" /><INIT seed="2,1,0,3,3,49" ten="235,287,213,265" oya="2" hai0="121,119,43,32,8,37,72,30,66,87,109,75,92" hai1="122,1,53,107,22,134,85,38,25,114,93,33,65" hai2="57,34,58,128,89,91,55,3,88,60,126,133,27" hai3="42,63,125,64,71,100,14,28,5,84,52,98,79"/><V48/><F3/><W59/><G42/><T102/><D121/><U47/><E114/><V115/><F115/><W86/><G125/><T74/><D109/><U104/><E134/><V41/><F133/><W105/><G28/><T129/><D129/><U124/><E124/><V110/><F128/><W15/><G79/><T77/><D119/><U94/><E122/><V97/><F126/><W31/><G31/><T23/><D32/><U4/><E33/><V19/><F110/><W44/><G44/><T6/><D66/><U24/><E107/><V12/><F27/><W40/><G40/><T21/><D30/><U117/><E104/><V50/><F34/><W7/><G15/><T108/><D108/><U118/><E118/><V16/><F97/><W83/><G14/><T130/><D130/><U67/><E117/><V101/><F101/><W39/><G39/><T112/><D112/><U135/><E135/><V70/><F70/><W116/><G116/><T26/><D26/><U80/><E25/><V35/><F35/><W9/><G84/><T45/><D77/><N who="1" m="46223" /><E38/><V78/><F78/><W13/><G5/><T132/><D132/><U106/><E106/><V111/><F111/><W73/><G73/><T103/><D87/><U2/><E2/><V95/><F95/><N who="1" m="36361" /><E4/><V68/><F68/><W36/><G36/><T113/><D113/><U127/><E1/><V120/><F120/><W131/><G131/><T62/><D102/><U76/><E76/><V61/><F12/><W0/><G13/><N who="0" m="5271" /><D103/><U51/><E127/><V54/><F41/><W123/><G123/><T20/><D92/><RYUUKYOKU ba="1,0" sc="235,10,287,10,213,10,265,-30" hai0="20,21,23,37,43,45,62,72,74,75" hai1="22,24,47,51,53,65,67" hai2="16,19,48,50,54,55,57,58,60,61,88,89,91" /><INIT seed="2,2,0,5,2,34" ten="245,297,223,235" oya="2" hai0="56,7,70,102,100,76,6,31,51,93,69,92,71" hai1="54,9,83,60,113,33,84,131,88,25,67,63,42" hai2="90,15,130,50,115,73,35,103,89,59,53,81,29" hai3="109,104,85,135,114,40,82,128,75,133,126,116,121"/><V39/><F115/><W64/><G40/><T94/><D31/><U125/><E113/><V57/><F39/><W0/><G64/><T107/><D76/><U124/><E131/><V74/><F130/><W110/><G85/><T22/><D22/><U5/><E42/><V46/><F103/><N who="0" m="39466" /><D56/><U18/><E54/><V62/><F29/><W132/><G82/><T122/><D51/><U37/><E37/><V32/><F35/><W77/><G77/><T101/><D101/><U112/><E112/><V78/><F32/><W47/><G47/><T43/><D43/><U129/><E129/><V16/><F74/><W3/><G114/><T30/><D30/><N who="1" m="19663" /><E18/><V86/><F73/><W80/><G128/><T58/><D58/><N who="2" m="22026" /><F62/><W79/><G104/><T91/><D107/><U12/><E67/><V10/><AGARI ba="2,0" hai="10,15,16,46,50,53,78,81,86,89,90" m="22026" machi="10" ten="30,3000,0" yaku="8,1,54,1" doraHai="34" who="2" fromWho="2" sc="245,-12,297,-12,223,36,235,-12" /><INIT seed="2,3,0,0,4,45" ten="233,285,259,223" oya="2" hai0="50,59,73,44,27,131,84,81,4,106,68,85,105" hai1="114,79,92,3,21,104,61,51,48,110,93,80,60" hai2="7,9,98,117,43,57,126,32,77,62,58,127,39" hai3="71,37,53,42,30,28,103,63,5,90,10,12,109"/><V133/><F117/><W101/><G109/><T99/><D68/><U87/><E114/><V46/><F32/><W75/><G75/><T116/><D116/><U15/><E104/><V41/><F133/><W6/><G6/><T108/><D108/><U134/><E110/><V111/><F77/><W54/><G54/><T11/><D131/><U121/><E3/><V19/><F111/><W100/><G90/><T47/><D73/><U29/><E134/><V66/><F19/><W96/><G96/><T22/><D59/><U1/><E1/><V56/><F43/><W26/><G26/><T8/><D47/><U33/><E33/><V97/><F98/><W113/><G113/><T83/><D85/><U125/><E125/><N who="2" m="47627" /><F97/><W69/><G42/><T55/><D83/><U24/><E121/><V20/><F20/><W35/><G37/><T72/><D72/><U70/><E15/><AGARI ba="3,0" hai="7,9,15,39,41,46,56,57,58,62,66" m="47627" machi="15" ten="30,1500,0" yaku="18,1" doraHai="45" who="2" fromWho="1" sc="233,0,285,-24,259,24,223,0" /><INIT seed="2,4,0,5,4,29" ten="233,261,283,223" oya="2" hai0="55,5,37,120,38,49,67,123,59,54,30,121,104" hai1="0,23,78,15,61,114,70,101,21,75,60,87,12" hai2="115,86,83,111,45,98,95,130,116,133,32,6,99" hai3="7,33,9,8,91,51,126,34,3,62,118,128,1"/><V117/><F115/><W66/><G118/><T14/><D104/><U106/><E114/><V110/><F133/><W97/><G128/><T64/><D5/><U124/><E124/><V113/><F6/><W125/><G51/><N who="0" m="31199" /><D14/><U2/><E75/><V10/><F113/><W48/><G48/><T100/><D30/><U88/><E78/><V44/><F10/><N who="3" m="4203" /><G97/><N who="2" m="36873" /><F130/><W27/><G91/><T119/><D100/><U112/><E112/><V107/><F32/><N who="3" m="12395" /><G27/><T42/><D42/><U93/><E106/><V79/><F107/><W131/><G131/><T24/><D24/><U4/><E101/><V69/><F69/><N who="3" m="42199" /><G7/><T68/><D119/><N who="2" m="45642" /><F95/><W92/><G92/><T53/><D53/><U94/><E4/><V22/><F22/><W40/><G40/><T63/><D67/><U65/><E61/><V71/><F71/><W17/><G17/><T122/><N who="0" m="30720" /><DORA hai="129" /><T58/><AGARI ba="4,0" hai="37,38,49,55,58,63,64,68" m="30720,31199" machi="58" ten="60,7900,0" yaku="4,1,34,2" doraHai="29,129" who="0" fromWho="0" sc="233,91,261,-24,283,-43,223,-24" /><INIT seed="3,0,0,5,3,126" ten="324,237,240,199" oya="3" hai0="3,135,69,85,7,25,100,30,56,49,93,23,16" hai1="124,73,109,48,129,13,2,55,50,64,38,95,98" hai2="77,110,84,87,66,11,117,5,134,58,99,127,92" hai3="86,12,89,29,22,40,54,65,81,9,62,19,20"/><W114/><G40/><T79/><D69/><U103/><E109/><V17/><F117/><W41/><G41/><T83/><D135/><U51/><E73/><V132/><F110/><W101/><G114/><T80/><D3/><U35/><E38/><V97/><F127/><W108/><G108/><T107/><D107/><U131/><E124/><V14/><F77/><W57/><G101/><T70/><D70/><U34/><E2/><V75/><F75/><W33/><G33/><N who="1" m="12298" /><E13/><V63/><F99/><W46/><G29/><T82/><D7/><U36/><E64/><V0/><F0/><W32/><G32/><T67/><D30/><U8/><E8/><V90/><REACH who="2" step="1"/><F5/><REACH who="2" ten="324,237,230,199" step="2"/><W121/><G121/><T72/><D72/><U10/><E36/><V37/><F37/><W53/><REACH who="3" step="1"/><G65/><REACH who="3" ten="324,237,230,189" step="2"/><T106/><D67/><U59/><E10/><V74/><F74/><W39/><G39/><T118/><D118/><U42/><E42/><V18/><F18/><W125/><G125/><T71/><D16/><U112/><E112/><V6/><F6/><W104/><G104/><T120/><D106/><U115/><E115/><V31/><F31/><W111/><G111/><T24/><D120/><U116/><E116/><V122/><F122/><W44/><G44/><T96/><D100/><U47/><E47/><V76/><F76/><W61/><G61/><T123/><D79/><U43/><E43/><V130/><F130/><AGARI ba="0,2" hai="48,50,51,55,59,95,98,103,129,130,131" m="12298" machi="130" ten="30,7700,0" yaku="19,1,52,3" doraHai="126" who="1" fromWho="2" sc="324,0,237,97,230,-77,189,0" owari="324,12.0,334,44.0,153,-35.0,189,-21.0" /></mjloggm>