<mjloggm ver="2.3"><GO type="193" lobby="0"/><UN n0="%76%61%72%61%72%75" n1="%E3%83%88%E3%83%88%E3%83%AA%E5%85%88%E7%94%9F%31%39%E6%AD%B3" n2="%E9%A2%A8%E4%B8%8A%E3%81%95%E3%82%84%E3%81%8B" n3="%E3%82%A2%E3%83%B4%E3%82%A1%E3%83%AD%E3%83%B3%E3%81%AE%E7%8E%8B%E5%86%A0" dan="10,10,12,11" rate="1822.48,1772.38,1765.59,1803.72" sx="M,F,F,F"/><TAIKYOKU oya="0"/><INIT seed="0,0,0,5,0,98" ten="250,250,250,250" oya="0" hai0="95,133,122,42,91,124,30,60,24,126,81,48,106" hai1="103,110,99,128,116,118,72,16,125,102,62,82,94" hai2="76,14,49,104,11,25,73,38,130,27,70,55,69" hai3="68,52,34,18,20,21,131,63,75,28,67,112,97"/><T44/><D122/><U47/><E110/><V17/><F130/><W57/><G112/><T85/><D133/><U1/><E1/><V74/><F38/><W61/><G131/><T8/><D106/><U113/><E128/><V45/><F104/><W115/><G115/><T111/><D111/><U120/><E113/><V13/><F76/><W105/><G75/><T123/><D123/><U4/><E4/><V19/><F74/><W129/><G129/><T53/><D8/><U92/><E120/><V114/><F73/><W79/><G79/><T64/><D124/><U78/><E125/><V86/><F114/><W29/><G18/><T121/><D121/><U100/><E47/><V26/><REACH who="2" step="1"/><F86/><REACH who="2" ten="250,250,240,250" step="2"/><W7/><G7/><T5/><D126/><U39/><E39/><V3/><F3/><W119/><G119/><T36/><D5/><U12/><E99/><V37/><F37/><W41/><G97/><T10/><D10/><AGARI ba="0,1" hai="10,11,13,14,17,19,25,26,27,45,49,55,69,70" machi="10" ten="40,2600,0" yaku="1,1,9,1,53,0" doraHai="98" doraHaiUra="87" who="2" fromWho="0" sc="250,-26,250,0,240,36,250,0" /><INIT seed="1,0,0,3,4,81" ten="224,250,276,250" oya="1" hai0="36,39,63,118,127,73,1,30,64,111,121,22,128" hai1="87,115,123,31,47,124,96,6,48,135,106,90,79" hai2="21,88,62,46,91,41,32,120,98,23,44,82,59" hai3="78,26,67,76,5,125,122,126,35,60,86,117,7"/><U17/><E115/><V130/><F32/><W133/><G122/><T89/><D73/><U49/><E123/><V80/><F120/><W129/><G129/><T16/><D121/><U112/><E112/><V102/><F130/><W84/><G133/><T103/><D128/><U9/><E135/><V38/><F44/><W12/><G117/><T52/><D118/><U25/><E124/><N who="3" m="47722" /><G35/><T0/><D127/><U70/><E70/><V109/><F109/><W34/><G26/><T42/><D111/><U2/><E17/><V56/><F56/><N who="3" m="37255" /><G34/><T50/><D30/><U61/><E61/><V94/><F80/><N who="3" m="47111" /><G12/><T51/><D51/><U114/><E114/><V14/><F14/><W100/><G100/><T54/><D54/><U66/><E66/><V95/><F82/><AGARI ba="0,0" hai="5,7,78,82,86" m="47111,37255,47722" machi="82" ten="30,3900,0" yaku="18,1,52,2" doraHai="81" who="3" fromWho="2" sc="224,0,250,0,276,-39,250,39" /><INIT seed="2,0,0,0,0,106" ten="224,250,237,289" oya="2" hai0="123,31,57,70,115,7,47,67,4,80,103,50,110" hai1="66,32,72,134,63,6,90,27,1,35,14,97,11" hai2="55,42,76,129,126,48,116,51,3,88,9,105,23" hai3="25,53,28,132,41,102,114,101,24,135,12,68,43"/><V84/><F116/><W22/><G68/><T100/><D123/><U64/><E134/><N who="3" m="51242" /><G114/><T104/><D115/><U36/><E36/><V89/><F129/><W46/><G12/><T93/><D110/><U82/><E66/><V117/><F117/><W128/><G128/><T75/><D100/><N who="3" m="38505" /><G24/><T131/><D131/><U56/><E27/><V83/><F126/><W40/><G53/><T58/><D31/><U98/><E14/><V112/><F112/><W49/><AGARI ba="0,0" hai="22,25,28,40,41,43,46,49" m="38505,51242" machi="49" ten="30,1100,0" yaku="20,1" doraHai="106" who="3" fromWho="3" sc="224,-3,250,-3,237,-5,289,11" /><INIT seed="3,0,0,1,4,71" ten="221,247,232,300" oya="3" hai0="31,54,1,22,23,61,9,120,37,102,125,67,14" hai1="33,88,99,128,46,65,83,92,16,119,52,45,68" hai2="89,7,104,76,32,64,2,112,109,90,74,91,96" hai3="70,115,121,80,81,24,26,107,122,11,77,34,105"/><W93/><G70/><T15/><D120/><N who="3" m="46185" /><G11/><T47/><D125/><U75/><E128/><V66/><F32/><W79/><G34/><T29/><D102/><U106/><E33/><V108/><F7/><W132/><G115/><T87/><D1/><U5/><E5/><V49/><F2/><W73/><G24/><T111/><D111/><N who="2" m="42570" /><F112/><W63/><G63/><T43/><D23/><U124/><E124/><V98/><F49/><W126/><G26/><T72/><D72/><U110/><E110/><V57/><F57/><W10/><G10/><T44/><D44/><U134/><E134/><V51/><F51/><W60/><G60/><T12/><D12/><U69/><E119/><V18/><F18/><W56/><G56/><T40/><D40/><U95/><E106/><V20/><F20/><W133/><G93/><T8/><D54/><U17/><E95/><V118/><F118/><W21/><G21/><T35/><D35/><U103/><E65/><N who="2" m="25195" /><F104/><N who="3" m="40011" /><G126/><T59/><D87/><AGARI ba="0,0" hai="73,77,79,80,81,87,132,133" m="40011,46185" machi="87" ten="30,2900,0" yaku="34,2" doraHai="71" who="3" fromWho="0" sc="221,-29,247,0,232,0,300,29" owari="192,-31.0,247,5.0,232,-17.0,329,43.0" /></mjloggm>