<mjloggm ver="2.3"><GO type="97" lobby="0"/><UN n0="%6D%75%67%65%6E%40" n1="%64%61%69%64%61%6F%72%65" n2="%E5%B0%B1%E6%B4%BB%E7%94%9F%40%E5%B7%9D%E6%9D%91%E8%BB%8D%E5%9B%A3" n3="%74%6F%73%69" dan="15,15,14,15" rate="2004.45,1988.12,2001.93,1994.21" sx="M,M,M,M"/><TAIKYOKU oya="0"/><INIT seed="0,0,0,2,3,109" ten="250,250,250,250" oya="0" hai0="43,80,63,42,117,1,83,121,97,22,123,6,135" hai1="48,21,60,15,84,96,56,133,52,116,100,77,61" hai2="129,44,32,23,95,70,20,69,131,39,2,112,57" hai3="87,34,126,122,17,85,53,71,55,110,19,98,49"/><T16/><D117/><U79/><E116/><V24/><F2/><W7/><G122/><T12/><D135/><U101/><E133/><V130/><F57/><W106/><G126/><T65/><D43/><U103/><E96/><V9/><F9/><W90/><G34/><T59/><D42/><U104/><E104/><V119/><F119/><W102/><G71/><T10/><D97/><U72/><E72/><V67/><F39/><W33/><G110/><T118/><D118/><U26/><E15/><V75/><F75/><W31/><G7/><T76/><REACH who="0" step="1"/><D83/><REACH who="0" ten="240,250,250,250" step="2"/><N who="1" m="47215" /><E79/><V25/><F130/><W86/><G98/><T88/><D88/><U47/><E103/><V27/><F131/><W36/><G90/><T134/><D134/><U74/><E101/><V78/><F129/><W4/><G102/><T113/><D113/><U5/><E100/><V8/><F95/><W111/><G106/><T132/><D132/><U41/><E41/><V28/><F78/><W45/><G36/><T125/><D125/><U108/><E108/><V0/><F32/><W29/><G33/><T18/><D18/><U37/><E5/><V115/><F28/><W58/><G111/><T82/><D82/><U128/><E128/><V30/><F30/><N who="3" m="11275" /><G4/><T50/><D50/><AGARI ba="0,1" hai="17,19,45,49,50,53,55,58,85,86,87" m="11275" machi="50" ten="30,1000,0" yaku="8,1" doraHai="109" who="3" fromWho="0" sc="240,-10,250,0,250,0,250,20" /><INIT seed="1,0,0,1,4,112" ten="230,250,250,270" oya="1" hai0="115,57,33,2,101,56,131,90,120,89,30,24,5" hai1="3,1,18,71,59,79,83,8,104,72,129,21,95" hai2="88,134,4,108,105,12,34,73,86,6,23,93,50" hai3="45,69,15,84,53,22,116,35,78,62,66,54,60"/><U98/><E71/><V0/><F34/><W127/><G116/><T118/><D115/><U70/><E70/><V102/><F73/><W31/><G35/><T121/><D101/><U125/><E104/><V25/><F134/><W67/><G127/><T77/><D77/><U16/><E125/><V126/><F0/><W75/><G75/><T82/><D131/><U43/><E129/><V130/><F126/><W41/><G15/><T76/><D118/><U128/><E128/><V38/><F38/><W11/><G11/><N who="0" m="2487" /><D57/><U122/><E122/><N who="0" m="47209" /><D56/><U32/><E32/><V106/><F130/><W64/><G84/><AGARI ba="0,0" hai="24,30,33,76,82,84,89,90" m="47209,2487" machi="84" ten="30,1000,0" yaku="13,1" doraHai="112" who="0" fromWho="3" sc="230,10,250,0,250,0,270,-10" /><INIT seed="2,0,0,2,1,71" ten="240,250,250,260" oya="2" hai0="126,131,110,103,119,83,34,108,69,115,31,53,94" hai1="85,97,99,45,123,78,100,29,30,9,48,106,84" hai2="6,95,90,32,4,120,40,61,124,135,86,113,58" hai3="96,75,68,111,15,49,0,64,11,52,22,112,50"/><V76/><F120/><W43/><G75/><T54/><D115/><U133/><E123/><V7/><F32/><W132/><G112/><T66/><D119/><U121/><E121/><V67/><F113/><W125/><G132/><T114/><D114/><U73/><E133/><V105/><F135/><W10/><G125/><T87/><D131/><U88/><E9/><V51/><F105/><W36/><G111/><N who="0" m="42539" /><D126/><U33/><E73/><V2/><F124/><W47/><G0/><T24/><D69/><U42/><E78/><V26/><F2/><W107/><G50/><T17/><D66/><U13/><E13/><V56/><F26/><W23/><G11/><T122/><D17/><U102/><E33/><V91/><F76/><W57/><G96/><N who="0" m="59799" /><D122/><U92/><E84/><V8/><F91/><AGARI ba="0,0" hai="24,31,34,53,54,83,87,91" m="59799,42539" machi="91" ten="30,1000,0" yaku="14,1" doraHai="71" who="0" fromWho="2" sc="240,10,250,0,250,-10,260,0" /><INIT seed="3,0,0,5,1,55" ten="250,250,240,260" oya="3" hai0="6,82,129,52,50,135,16,46,49,60,37,56,78" hai1="133,12,87,94,47,0,54,120,108,80,51,21,103" hai2="85,45,59,14,75,89,122,132,91,27,113,30,100" hai3="70,104,119,125,62,123,11,117,8,15,127,73,121"/><W126/><G104/><T36/><D6/><U74/><E74/><V124/><F75/><W93/><G73/><T95/><D129/><U9/><E120/><N who="3" m="46154" /><G93/><T61/><D135/><U18/><E133/><V35/><F113/><W48/><G48/><T128/><D128/><U39/><E39/><V3/><F3/><W107/><G107/><T111/><D95/><U22/><E0/><V32/><F32/><W17/><G70/><T63/><D111/><U1/><E1/><V116/><F132/><W40/><G40/><N who="0" m="24775" /><D16/><U105/><E105/><V130/><F124/><N who="3" m="31747" /><W102/><DORA hai="131" /><G62/><N who="0" m="24171" /><D78/><N who="1" m="46487" /><E108/><V96/><F130/><W65/><G65/><N who="0" m="39143" /><D82/><U34/><E34/><V7/><F122/><W110/><G102/><T112/><D112/><U57/><E103/><V42/><F116/><N who="3" m="44619" /><G110/><T98/><D98/><U53/><E94/><V101/><F101/><W2/><G2/><T28/><D28/><U44/><E44/><AGARI ba="0,0" hai="36,37,44,50,52" m="39143,24171,24775" machi="44" ten="30,12000,2" yaku="35,5,52,1,54,1" doraHai="55,131" who="0" fromWho="1" sc="250,120,250,-120,240,0,260,0" owari="370,47.0,130,-37.0,240,-16.0,260,6.0" /></mjloggm>