<mjloggm ver="2.3"><GO type="97" lobby="0"/><UN n0="%E9%BB%92%E6%B2%A2%2C%E7%BE%A9%E6%98%8E" n1="%E3%80%93%E6%B0%B4%E6%A8%B9%E5%A5%88%E3%80%85%E3%80%93" n2="%E5%B0%B1%E6%B4%BB%E7%94%9F%40%E5%B7%9D%E6%9D%91%E8%BB%8D%E5%9B%A3" n3="%E3%81%BE%E3%81%95%E3%81%97%E3%81%93%E3%81%AF%E3%81%8F" dan="14,15,14,13" rate="1953.75,2019.33,1975.15,1877.20" sx="M,F,M,M"/><TAIKYOKU oya="0"/><INIT seed="0,0,0,4,2,130" ten="250,250,250,250" oya="0" hai0="15,122,57,6,38,24,0,46,114,27,118,124,3" hai1="110,96,30,106,121,112,64,107,113,31,100,54,72" hai2="120,102,116,42,20,129,119,23,127,125,25,79,90" hai3="44,10,18,131,36,43,109,61,12,73,67,105,66"/><T8/><D118/><N who="2" m="45098" /><F129/><W35/><G131/><T86/><D122/><U51/><E121/><V126/><F120/><W133/><G105/><T5/><D114/><N who="1" m="44139" /><E72/><V95/><F102/><W52/><G35/><T85/><D38/><U115/><E115/><V47/><F79/><W93/><G73/><T53/><D46/><N who="1" m="28023" /><E110/><V33/><F33/><W9/><G109/><T69/><D69/><U11/><E64/><V14/><F14/><W81/><G81/><T49/><D124/><U98/><E11/><V22/><F25/><W71/><G67/><T7/><D3/><U104/><E100/><V37/><F23/><W1/><G1/><T45/><D45/><U89/><E89/><V13/><F13/><W75/><G75/><T68/><D68/><U55/><E55/><V70/><F70/><W76/><G76/><T123/><D0/><U108/><E108/><V19/><F19/><W88/><G9/><T74/><D74/><U87/><E87/><AGARI ba="0,0" hai="20,22,37,42,47,87,90,95,125,126,127" m="45098" machi="87" ten="40,2600,0" yaku="18,1,12,1" doraHai="130" who="2" fromWho="1" sc="250,0,250,-26,250,26,250,0" /><INIT seed="1,0,0,5,5,67" ten="250,224,276,250" oya="1" hai0="111,129,57,84,46,115,63,17,79,14,70,68,85" hai1="1,104,124,20,90,64,27,131,118,94,83,47,128" hai2="74,40,102,15,125,82,78,49,91,72,122,11,33" hai3="56,37,105,108,113,126,61,98,69,35,42,10,135"/><U66/><E118/><V117/><F33/><W99/><G113/><T101/><D115/><U97/><E1/><V62/><F122/><W80/><G98/><T38/><D111/><U53/><E104/><V120/><F120/><W45/><G108/><T31/><D129/><N who="1" m="49739" /><E124/><V58/><F125/><W39/><G126/><T73/><D73/><U88/><E90/><V116/><F102/><W16/><G80/><T96/><D31/><N who="1" m="17895" /><E83/><V114/><F91/><W3/><G135/><T25/><D25/><U54/><E47/><V109/><F109/><W52/><G35/><T59/><D46/><U22/><E22/><V28/><F28/><W41/><G41/><T76/><D38/><U55/><AGARI ba="0,0" hai="53,54,55,64,66,88,94,97" m="17895,49739" machi="55" ten="30,3000,0" yaku="19,1,54,1" doraHai="67" who="1" fromWho="1" sc="250,-10,224,30,276,-10,250,-10" /><INIT seed="1,1,0,0,2,14" ten="240,254,266,240" oya="1" hai0="125,131,85,75,114,62,2,70,133,27,42,83,72" hai1="82,89,123,7,90,130,30,25,115,135,19,44,54" hai2="120,127,126,12,49,93,79,5,34,16,53,29,60" hai3="96,56,50,68,107,24,81,104,1,36,108,118,48"/><U99/><E123/><V11/><F79/><W13/><G36/><T38/><D62/><U46/><E115/><V113/><F120/><W65/><G1/><T71/><D42/><U40/><E135/><V97/><F113/><W43/><G68/><T105/><D71/><U121/><E121/><V78/><F78/><W3/><G3/><T132/><D85/><N who="1" m="50359" /><E130/><V92/><F60/><W26/><G118/><T103/><D103/><U109/><E109/><V21/><F29/><W8/><G108/><T15/><D83/><U52/><E7/><V0/><F34/><W86/><G107/><T95/><D75/><U37/><E37/><V88/><REACH who="2" step="1"/><F92/><REACH who="2" ten="240,254,256,240" step="2"/><W47/><G104/><T74/><D95/><N who="1" m="56823" /><E30/><V98/><F98/><W69/><G96/><T61/><D133/><U59/><E40/><V111/><F111/><W31/><G31/><T102/><D114/><U129/><E129/><V106/><F106/><W10/><G69/><T134/><D131/><U124/><E124/><V91/><F91/><W9/><G65/><T116/><D125/><U117/><E117/><V18/><F18/><W76/><G13/><T87/><D116/><U73/><E73/><V101/><F101/><W100/><G100/><T110/><D134/><U128/><E128/><V84/><F84/><W64/><G64/><T58/><D132/><U45/><E59/><AGARI ba="1,1" hai="0,5,11,12,16,21,49,53,59,88,93,97,126,127" machi="59" ten="40,8000,1" yaku="1,1,52,1,54,2,53,1" doraHai="14" doraHaiUra="33" who="2" fromWho="1" sc="240,0,254,-83,256,93,240,0" /><INIT seed="2,0,0,4,2,60" ten="240,171,349,240" oya="2" hai0="77,5,119,44,54,0,50,134,67,24,107,31,71" hai1="111,4,62,27,53,102,101,82,20,121,16,58,122" hai2="21,2,84,55,65,76,45,92,30,8,40,108,105" hai3="113,7,135,80,56,94,85,112,110,49,3,109,88"/><V127/><F105/><W34/><G34/><T99/><D134/><U47/><E111/><N who="3" m="42506" /><G7/><T37/><D119/><U17/><E4/><V74/><F108/><W70/><G70/><T93/><D77/><U22/><E82/><V25/><F127/><W83/><G3/><T78/><D78/><U96/><E47/><V13/><F2/><W19/><G19/><T41/><D0/><U63/><E63/><V131/><F74/><W39/><G39/><T90/><D5/><U120/><REACH who="1" step="1"/><E96/><REACH who="1" ten="240,161,349,240" step="2"/><V48/><F76/><W130/><G135/><T11/><D37/><U86/><E86/><V23/><F84/><W126/><G126/><T28/><D41/><U6/><E6/><V35/><F40/><W81/><G130/><T68/><D99/><U1/><E1/><V51/><F131/><W9/><G9/><T116/><D44/><U91/><E91/><V117/><F8/><W33/><G33/><T87/><D90/><U66/><E66/><V12/><F65/><W32/><G32/><T46/><D87/><U29/><E29/><V89/><F30/><W73/><G73/><T100/><D67/><U95/><E95/><V114/><F35/><W123/><G123/><T104/><D28/><U75/><E75/><V43/><F92/><W61/><G49/><T79/><D93/><U98/><E98/><V106/><F89/><W42/><G42/><T36/><D36/><U15/><AGARI ba="0,1" hai="15,16,17,20,22,27,53,58,62,101,102,120,121,122" machi="15" ten="30,7900,0" yaku="1,1,0,1,13,1,54,1,53,0" doraHai="60" doraHaiUra="69" who="1" fromWho="1" sc="240,-20,161,89,349,-39,240,-20" /><INIT seed="3,0,0,2,5,2" ten="220,250,310,220" oya="3" hai0="133,101,70,17,0,126,115,80,118,134,9,35,85" hai1="27,99,31,19,98,105,42,120,110,65,24,103,84" hai2="34,83,125,40,20,5,93,26,69,100,52,96,23" hai3="86,56,10,11,82,62,54,124,116,90,7,21,59"/><W6/><G116/><T12/><D70/><U16/><E120/><V18/><F69/><W44/><G44/><T97/><D118/><U1/><E1/><V48/><F125/><W38/><G38/><T78/><D126/><U3/><E3/><V119/><F34/><W29/><G124/><T95/><D115/><U50/><E110/><V76/><F40/><W123/><G123/><T37/><D37/><U43/><E65/><V13/><F119/><W74/><G74/><T25/><D0/><U87/><E50/><V117/><F117/><W102/><G102/><T63/><D63/><U68/><E68/><V15/><F5/><N who="3" m="1547" /><G59/><T55/><D55/><U49/><E49/><V53/><F23/><W109/><G109/><T88/><D101/><U72/><E72/><V113/><F113/><W58/><G56/><T108/><D108/><U46/><E46/><N who="2" m="27671" /><F53/><W129/><G129/><T111/><D111/><U114/><E114/><V79/><F79/><W77/><G77/><T4/><D35/><U30/><E105/><V32/><F32/><W33/><G33/><T106/><D106/><U45/><E45/><V81/><F76/><W61/><G62/><T130/><D130/><U57/><E57/><V66/><F66/><W39/><G39/><T41/><D41/><U112/><E112/><V128/><F128/><W67/><G67/><T121/><D121/><U89/><E103/><V104/><F104/><W8/><G21/><N who="0" m="13487" /><D78/><U122/><E122/><V73/><F73/><W132/><G132/><T71/><D71/><U14/><E89/><V135/><F135/><W51/><G61/><RYUUKYOKU ba="0,0" sc="220,0,250,0,310,0,220,0" hai0="4,9,12,80,85,88,95,97,133,134" hai1="14,16,19,24,27,30,31,42,43,84,87,98,99" hai2="13,15,18,20,26,81,83,93,96,100" hai3="8,10,11,29,51,54,58,82,86,90" /><INIT seed="3,1,0,3,1,65" ten="220,250,310,220" oya="3" hai0="60,14,82,71,48,64,15,75,39,79,105,4,92" hai1="98,18,58,110,49,46,41,22,91,23,115,25,116" hai2="97,118,34,109,72,93,77,111,96,123,113,61,81" hai3="17,52,40,20,55,9,85,103,69,89,126,63,80"/><W102/><G126/><T21/><D105/><U54/><E115/><V99/><F113/><W87/><G40/><T0/><D39/><U104/><E116/><V12/><F118/><W8/><G8/><T7/><D48/><U78/><E110/><N who="2" m="41995" /><F34/><W95/><G9/><T16/><D0/><U33/><E33/><V6/><F123/><W3/><G3/><T128/><D128/><U27/><E78/><V53/><F61/><W74/><G74/><T125/><D125/><U10/><E10/><N who="2" m="4183" /><F53/><N who="3" m="20555" /><G63/><T57/><D57/><U112/><E112/><V133/><F133/><W45/><G69/><T50/><D50/><N who="1" m="26959" /><E104/><V36/><F36/><W131/><G45/><T38/><D38/><U29/><E98/><V119/><F119/><W73/><G73/><T19/><D92/><AGARI ba="1,0" hai="72,77,81,92,93,96,97,99" m="4183,41995" machi="92" ten="30,1000,0" yaku="14,1" doraHai="65" who="2" fromWho="0" sc="220,-13,250,0,310,13,220,0" owari="207,-29.0,250,5.0,323,42.0,220,-18.0" /></mjloggm>