<mjloggm ver="2.3"><GO type="225" lobby="0"/><UN n0="%EF%BC%AB%EF%BC%92" n1="%E6%9C%9D%E5%80%89%E6%9C%88%E5%A5%88" n2="%E5%B0%B1%E6%B4%BB%E7%94%9F%40%E5%B7%9D%E6%9D%91%E8%BB%8D%E5%9B%A3" n3="%73%61%72%61%68%31%32%33" dan="16,16,16,16" rate="2060.07,2140.93,2059.25,2136.77" sx="M,M,M,M"/><TAIKYOKU oya="0"/><INIT seed="0,0,0,1,1,107" ten="250,250,250,250" oya="0" hai0="104,134,105,102,125,124,52,10,111,25,26,74,24" hai1="17,11,88,37,69,71,19,109,30,56,2,40,133" hai2="78,83,129,90,42,50,64,63,47,98,75,66,58" hai3="60,46,126,76,135,9,53,18,39,45,35,85,72"/><T95/><D134/><U51/><E37/><V106/><F129/><W115/><G115/><T49/><D10/><U4/><E30/><V120/><F120/><W116/><G35/><T0/><D0/><U127/><E127/><N who="0" m="48713" /><D74/><U131/><E131/><V122/><F122/><W65/><G116/><T16/><D111/><U28/><E28/><V8/><F8/><W117/><G117/><T23/><D95/><U93/><E109/><V132/><F132/><W119/><G119/><T62/><D62/><U77/><E77/><V68/><F90/><W33/><G33/><T128/><D128/><U15/><E133/><V32/><F32/><W43/><G72/><T112/><D112/><U82/><E82/><V13/><F13/><N who="3" m="7471" /><G39/><T96/><D105/><U79/><E2/><V31/><F31/><W84/><G135/><T12/><D12/><U87/><E71/><V3/><F3/><W130/><G130/><T36/><D36/><U22/><E69/><V103/><F68/><W1/><G1/><T86/><D86/><U121/><E121/><V113/><F113/><W7/><G84/><T81/><D81/><N who="1" m="47551" /><E4/><V14/><F14/><W55/><G7/><T118/><D118/><U59/><E11/><V73/><F75/><W92/><G126/><T97/><D97/><N who="1" m="57511" /><E19/><V114/><F114/><W54/><G76/><T34/><D34/><U100/><E100/><V29/><F29/><W57/><G85/><T70/><D70/><U21/><E21/><V5/><F5/><W6/><G6/><T110/><D110/><U99/><E99/><V48/><F48/><N who="3" m="26687" /><G92/><T80/><D80/><RYUUKYOKU ba="0,0" sc="250,0,250,0,250,0,250,0" hai0="16,23,24,25,26,49,52,96,102,104" hai1="15,17,22,40,51,56,59" hai2="42,47,50,58,63,64,66,73,78,83,98,103,106" hai3="46,53,54,55,57,60,65" /><INIT seed="0,1,0,0,2,101" ten="250,250,250,250" oya="0" hai0="23,98,59,123,97,22,63,6,80,20,133,72,76" hai1="34,96,92,39,120,102,130,54,124,108,30,15,3" hai2="75,62,68,48,36,94,128,58,81,95,134,27,57" hai3="78,74,79,67,17,115,64,11,10,44,118,82,25"/><T42/><D123/><U117/><E3/><V105/><F36/><W73/><G115/><T24/><D133/><U18/><E39/><V87/><F75/><W46/><G25/><T132/><D132/><U109/><E120/><V32/><F128/><W69/><G82/><T47/><D6/><U41/><E41/><V100/><F134/><W49/><G49/><T71/><D71/><U37/><E37/><V110/><F48/><W61/><G61/><T103/><D24/><N who="1" m="18759" /><E117/><V135/><F57/><W121/><G121/><T107/><D97/><U112/><E112/><V70/><F110/><N who="1" m="42601" /><E130/><V89/><F70/><W52/><G69/><T104/><D42/><U66/><E54/><V83/><F135/><W65/><G65/><T55/><REACH who="0" step="1"/><D47/><REACH who="0" ten="240,250,250,250" step="2"/><U114/><E114/><V13/><F68/><W0/><G118/><T106/><AGARI ba="1,1" hai="20,22,23,55,59,63,72,76,80,98,103,104,106,107" machi="106" ten="30,18000,2" yaku="1,1,2,1,0,1,52,3,53,0" doraHai="101" doraHaiUra="85" who="0" fromWho="0" sc="240,193,250,-61,250,-61,250,-61" /><INIT seed="0,2,0,4,2,114" ten="433,189,189,189" oya="0" hai0="129,115,65,10,79,17,22,25,55,13,5,27,119" hai1="110,37,47,117,51,48,130,104,0,62,103,77,21" hai2="127,90,9,8,23,91,86,14,72,95,66,26,46" hai3="18,6,109,38,2,61,53,70,20,15,59,73,93"/><T105/><D105/><U56/><E0/><V74/><F127/><W82/><G38/><T54/><D119/><U45/><E117/><V31/><F72/><W24/><G109/><T43/><D115/><U89/><E110/><V83/><F66/><W41/><G41/><T69/><D129/><U96/><E77/><V42/><F14/><W11/><G70/><T107/><D107/><U76/><E76/><V60/><F60/><W113/><G113/><T52/><D43/><U131/><E37/><V50/><REACH who="2" step="1"/><F74/><REACH who="2" ten="433,189,179,189" step="2"/><W16/><G73/><T67/><D69/><U94/><E131/><V125/><F125/><W106/><G106/><T98/><D67/><U35/><E130/><V63/><F63/><W36/><G36/><T121/><D65/><U30/><E104/><V19/><F19/><W49/><G61/><T68/><D68/><U92/><E62/><V32/><F32/><W81/><REACH who="3" step="1"/><G93/><REACH who="3" ten="433,189,179,179" step="2"/><T33/><D33/><U58/><E35/><V116/><F116/><W85/><G85/><AGARI ba="2,2" hai="8,9,23,26,31,42,46,50,83,85,86,90,91,95" machi="85" ten="30,3900,0" yaku="1,1,7,1,8,1,53,0" doraHai="114" doraHaiUra="112" who="2" fromWho="3" sc="433,0,189,0,179,65,179,-45" /><INIT seed="1,0,0,1,2,112" ten="433,189,244,134" oya="1" hai0="58,71,129,43,23,128,9,27,50,59,66,122,101" hai1="19,97,127,105,54,26,46,37,81,103,125,67,51" hai2="7,94,68,121,56,78,39,16,31,74,124,53,118" hai3="48,108,87,6,131,62,65,90,35,77,29,96,17"/><U133/><E133/><V12/><F118/><W70/><G108/><T76/><D122/><U107/><E105/><V33/><F68/><W80/><G131/><N who="0" m="50251" /><D101/><U91/><E37/><V117/><F117/><W135/><G135/><T88/><D76/><U49/><E67/><V25/><F7/><W30/><G35/><T64/><D9/><U10/><E26/><V13/><F124/><W21/><G6/><T130/><D130/><U22/><E22/><V98/><F39/><W83/><G48/><T82/><D43/><U123/><E51/><V44/><F44/><W132/><G132/><T8/><D8/><U69/><E69/><V47/><F47/><W61/><G61/><T86/><D50/><U4/><E123/><V110/><F13/><W24/><REACH who="3" step="1"/><G96/><REACH who="3" ten="433,189,244,124" step="2"/><T115/><D115/><U34/><E34/><V38/><F110/><W60/><G60/><N who="0" m="40327" /><D66/><U102/><E4/><V134/><F134/><W72/><AGARI ba="0,1" hai="17,21,24,29,30,62,65,70,72,77,80,83,87,90" machi="72" ten="20,2700,0" yaku="1,1,0,1,7,1,53,0" doraHai="112" doraHaiUra="120" who="3" fromWho="3" sc="433,-7,189,-13,244,-7,124,37" /><INIT seed="2,0,0,1,3,36" ten="426,176,237,161" oya="2" hai0="82,122,42,128,44,34,28,90,117,115,68,56,33" hai1="98,32,14,120,78,16,21,107,126,91,80,66,87" hai2="104,58,2,61,112,13,111,59,88,62,23,67,70" hai3="37,134,7,15,43,108,35,75,22,121,9,19,11"/><V123/><F2/><W71/><G121/><T64/><D68/><U1/><E32/><V77/><F104/><W69/><G108/><T26/><D115/><U131/><E1/><V12/><F123/><W3/><G134/><T86/><D128/><U24/><E120/><V99/><F77/><W63/><G63/><T55/><D64/><U76/><E126/><V48/><F111/><W106/><G106/><T72/><D72/><U124/><E124/><V20/><F70/><W84/><G84/><T30/><D117/><U50/><E131/><V5/><F48/><W95/><G95/><T51/><D30/><U73/><E66/><V53/><F112/><W79/><G35/><T102/><D102/><U109/><E109/><V29/><F5/><W54/><G54/><T52/><D55/><U101/><E50/><V133/><F133/><W57/><G57/><T103/><D103/><U132/><E132/><V49/><F49/><W38/><G22/><N who="2" m="8233" /><F29/><W8/><G8/><T40/><D34/><U135/><E135/><V85/><F99/><W93/><G37/><T65/><D122/><U97/><E97/><V127/><F127/><W96/><G79/><T46/><D46/><U129/><E129/><V83/><AGARI ba="0,0" hai="12,13,53,58,59,61,62,67,83,85,88" m="8233" machi="83" ten="30,3000,0" yaku="8,1,54,1" doraHai="36" who="2" fromWho="2" sc="426,-10,176,-10,237,30,161,-10" /><INIT seed="2,1,0,5,3,107" ten="416,166,267,151" oya="2" hai0="127,3,15,116,20,121,88,67,90,123,14,49,36" hai1="34,42,103,54,77,91,60,45,22,100,122,74,4" hai2="124,65,46,8,131,96,24,120,12,2,134,117,32" hai3="75,48,109,39,125,104,69,112,82,16,73,89,132"/><V95/><F120/><W19/><G69/><T44/><D36/><U57/><E34/><V99/><F2/><W0/><G0/><T111/><D3/><U105/><E122/><V6/><F124/><W113/><G125/><T5/><D111/><U129/><E129/><V80/><F134/><W114/><G109/><T78/><D78/><U38/><E91/><V25/><F32/><W84/><G132/><T7/><D127/><U92/><E92/><V55/><F65/><W30/><G104/><T79/><D79/><U47/><E47/><V98/><F131/><W11/><G39/><T85/><D67/><U87/><E74/><N who="3" m="28170" /><G30/><T101/><D101/><U37/><E37/><V41/><F117/><W71/><G71/><T94/><D116/><U56/><E105/><V97/><F55/><W50/><G11/><T64/><D64/><U53/><E4/><V52/><F80/><W27/><G27/><T110/><D7/><U81/><REACH who="1" step="1"/><E22/><REACH who="1" ten="416,156,267,151" step="2"/><V72/><F72/><W68/><G68/><T106/><D20/><U1/><E1/><V86/><F41/><W133/><G133/><T35/><D5/><U17/><E17/><AGARI ba="1,1" hai="16,17,19,48,50,82,84,89,112,113,114" m="28170" machi="17" ten="40,8000,1" yaku="11,1,52,3,54,1" doraHai="107" who="3" fromWho="1" sc="416,0,156,-83,267,0,151,93" /><INIT seed="3,0,0,3,4,134" ten="416,73,267,244" oya="3" hai0="21,9,116,93,22,111,19,135,11,27,36,85,5" hai1="33,44,1,17,13,113,59,12,15,114,74,70,115" hai2="79,40,34,112,66,30,26,102,67,51,109,131,95" hai3="55,119,46,4,86,0,8,54,97,121,61,105,106"/><W128/><G121/><T60/><D111/><U14/><E70/><V72/><F109/><W81/><G119/><T88/><D36/><U133/><E74/><V16/><F131/><W7/><G128/><T25/><D116/><U99/><E99/><V57/><F112/><W77/><G7/><T76/><D135/><U10/><E133/><V39/><F39/><W64/><G46/><T126/><D126/><U123/><E59/><V52/><F40/><W37/><G37/><T101/><D101/><U68/><E68/><V47/><F47/><W56/><REACH who="3" step="1"/><G97/><REACH who="3" ten="416,73,267,234" step="2"/><T31/><D5/><U90/><E44/><V127/><F127/><W78/><G78/><T49/><D76/><U41/><E41/><V24/><F67/><W96/><G96/><T62/><D49/><U63/><E123/><V100/><F66/><W103/><G103/><T89/><D89/><U118/><E90/><V29/><F79/><W120/><G120/><T58/><D62/><U23/><E63/><V124/><F124/><W65/><G65/><AGARI ba="0,1" hai="9,11,19,21,22,25,27,31,58,60,65,85,88,93" machi="65" ten="30,3900,0" yaku="7,1,8,1,54,1" doraHai="134" who="0" fromWho="3" sc="416,49,73,0,267,0,234,-39" owari="465,56.0,73,-43.0,267,7.0,195,-20.0" /></mjloggm>