<mjloggm ver="2.3"><GO type="97" lobby="0"/><UN n0="%E5%B0%B1%E6%B4%BB%E7%94%9F%40%E5%B7%9D%E6%9D%91%E8%BB%8D%E5%9B%A3" n1="%EF%BC%93%EF%BC%92%EF%BC%96" n2="%E7%AC%AC%E4%BA%8C%E9%9F%B3%E6%A5%BD%E5%AE%A4" n3="%73%68%69%6D%61%6F%6F" dan="15,13,15,13" rate="1959.10,1864.59,2017.58,1910.86" sx="M,M,M,M"/><TAIKYOKU oya="0"/><INIT seed="0,0,0,2,4,63" ten="250,250,250,250" oya="0" hai0="43,80,133,122,16,111,6,69,135,3,126,18,95" hai1="121,47,64,48,28,127,49,115,58,114,45,68,14" hai2="105,134,35,19,38,15,57,102,0,44,92,40,93" hai3="129,109,26,125,124,77,99,36,94,24,37,46,10"/><T70/><D122/><U79/><E28/><V76/><F134/><N who="0" m="51210" /><D126/><N who="3" m="48745" /><G77/><T62/><D43/><N who="1" m="24639" /><E14/><V91/><F0/><W13/><G129/><T110/><D80/><U86/><E86/><V130/><F130/><W118/><G118/><T75/><D75/><U55/><E79/><V9/><F35/><W11/><G109/><N who="0" m="41483" /><D95/><U119/><E127/><V101/><F76/><W56/><G56/><T113/><D113/><N who="1" m="43019" /><E121/><V31/><F93/><W85/><G85/><T54/><D54/><U132/><E132/><V73/><F92/><W74/><G74/><T39/><D39/><N who="3" m="14921" /><G46/><T131/><D131/><U98/><E98/><V71/><F44/><W82/><G82/><T87/><D87/><U100/><E100/><V128/><F102/><N who="3" m="60791" /><G11/><N who="0" m="2527" /><D70/><U60/><E119/><V8/><F71/><AGARI ba="0,0" hai="47,49,55,58,60,64,68,71" m="43019,24639" machi="71" ten="30,7700,0" yaku="11,1,34,2,52,1" doraHai="63" who="1" fromWho="2" sc="250,0,250,77,250,-77,250,0" /><INIT seed="1,0,0,2,0,88" ten="250,327,173,250" oya="1" hai0="123,122,84,102,54,8,100,127,110,114,9,45,24" hai1="60,95,86,26,97,13,111,55,46,36,91,20,44" hai2="30,78,67,112,113,37,2,38,21,18,71,121,135" hai3="43,59,56,85,49,93,131,53,101,22,3,11,68"/><U116/><E36/><V34/><F121/><N who="0" m="46090" /><D114/><N who="2" m="44138" /><F135/><W23/><G68/><T130/><D130/><U98/><E116/><V128/><F128/><W109/><G131/><T103/><D127/><U134/><E111/><V132/><F132/><W83/><G109/><T57/><D110/><U14/><E134/><V89/><F2/><W125/><G125/><T124/><D124/><U7/><E7/><V118/><F118/><W6/><G43/><T108/><D108/><U61/><E61/><N who="2" m="40431" /><F78/><W27/><G59/><T133/><D45/><N who="1" m="17515" /><E55/><V77/><F77/><W62/><G49/><N who="0" m="30927" /><D133/><U58/><E58/><V48/><F48/><W29/><G23/><T0/><D0/><U104/><E60/><V39/><F34/><W15/><G3/><T64/><D64/><U73/><E104/><V80/><F30/><W32/><G32/><T126/><D126/><U120/><E73/><V90/><F80/><W81/><G85/><T50/><D50/><U105/><E105/><V72/><F72/><W75/><REACH who="3" step="1"/><G75/><REACH who="3" ten="250,327,173,240" step="2"/><T10/><D84/><U96/><E120/><V1/><F1/><W25/><G25/><AGARI ba="0,1" hai="8,9,10,24,25,100,102,103" m="30927,46090" machi="25" ten="40,1300,0" yaku="13,1" doraHai="88" who="0" fromWho="3" sc="250,23,327,0,173,0,240,-13" /><AGARI ba="0,0" hai="18,21,25,37,38,39,89,90" m="40431,44138" machi="25" ten="40,1300,0" yaku="11,1" doraHai="88" who="2" fromWho="3" sc="273,0,327,0,173,13,227,-13" /><INIT seed="2,0,0,4,1,75" ten="273,327,186,214" oya="2" hai0="94,21,35,101,128,51,26,0,96,78,98,3,92" hai1="63,86,62,39,73,24,119,30,1,116,20,57,42" hai2="40,61,54,67,97,17,68,134,49,129,130,74,112" hai3="107,18,53,100,16,19,66,13,105,50,29,28,90"/><V111/><F112/><W47/><G66/><T82/><D128/><N who="2" m="49258" /><F134/><W37/><G37/><T76/><D35/><U52/><E73/><V69/><F111/><W80/><G13/><T109/><D109/><U11/><E42/><V131/><N who="2" m="49266" /><V121/><DORA hai="27" /><F121/><W41/><G41/><T31/><D51/><U79/><E39/><V124/><F124/><W110/><G110/><T126/><D126/><U23/><E23/><V132/><F132/><W106/><G100/><T5/><D5/><U81/><E1/><V118/><F118/><W114/><G114/><T56/><D56/><U117/><E11/><V6/><F6/><W60/><G60/><T33/><D33/><U45/><E45/><N who="2" m="25767" /><F74/><W84/><AGARI ba="0,0" hai="16,18,19,28,29,47,50,53,80,84,90,105,106,107" machi="84" ten="40,8000,1" yaku="0,1,52,2,54,1" doraHai="75,27" who="3" fromWho="3" sc="273,-20,327,-20,186,-40,214,80" /><INIT seed="3,0,0,5,0,126" ten="253,307,146,294" oya="3" hai0="121,65,32,91,130,66,110,51,105,63,16,106,27" hai1="109,57,70,78,111,39,72,77,80,42,10,93,129" hai2="113,87,76,120,71,133,112,107,19,54,69,56,0" hai3="132,119,127,20,114,58,89,41,33,12,3,38,50"/><W22/><G114/><T64/><D121/><U95/><E70/><V26/><F120/><W52/><G33/><T99/><D110/><N who="1" m="41995" /><E129/><V81/><F133/><W13/><G3/><T35/><D63/><U90/><E77/><V88/><F107/><W1/><G1/><T102/><D106/><U117/><E117/><V6/><F69/><W62/><G119/><T61/><D61/><U47/><E57/><V8/><F71/><W5/><G127/><T15/><D130/><U59/><E59/><V116/><F116/><W44/><G132/><T75/><D75/><U92/><E10/><V86/><F19/><W82/><G38/><T134/><D134/><U53/><E53/><V49/><REACH who="2" step="1"/><F26/><REACH who="2" ten="253,307,136,294" step="2"/><W28/><G5/><T108/><D108/><U31/><E31/><V14/><F14/><N who="3" m="5739" /><G28/><T74/><D27/><U11/><E11/><V60/><F60/><W98/><G98/><AGARI ba="0,1" hai="39,42,47,72,78,80,90,92,93,95,98" m="41995" machi="98" ten="30,1000,0" yaku="14,1" doraHai="126" who="1" fromWho="3" sc="253,0,307,20,136,0,294,-10" owari="253,-15.0,327,43.0,136,-36.0,284,8.0" /></mjloggm>