<mjloggm ver="2.3"><GO type="97" lobby="0"/><UN n0="%E3%82%AD%E3%83%AC%E3%82%A4%E3%81%AA%E3%82%A2%E3%83%A9%E3%82%AF%E3%83%8D" n1="%E3%83%A8%E3%82%B3%E3%83%85%E3%83%8A" n2="%E3%81%AE%E3%81%81" n3="%E5%B0%B1%E6%B4%BB%E7%94%9F%40%E5%B7%9D%E6%9D%91%E8%BB%8D%E5%9B%A3" dan="13,14,15,15" rate="1830.69,1916.49,2034.91,2055.55" sx="M,M,M,M"/><TAIKYOKU oya="0"/><INIT seed="0,0,0,3,2,115" ten="250,250,250,250" oya="0" hai0="93,47,52,69,38,80,7,22,122,109,60,45,86" hai1="28,14,67,95,124,108,117,35,6,25,105,65,23" hai2="123,41,113,89,1,4,121,130,64,119,39,66,40" hai3="104,83,49,63,58,75,85,92,5,111,71,127,81"/><T126/><D122/><U102/><E105/><V62/><F4/><W3/><G104/><T120/><D120/><N who="2" m="46154" /><F1/><W70/><G75/><T46/><D7/><U19/><E124/><V88/><F113/><W74/><G74/><T84/><D126/><U82/><E108/><V96/><F96/><W77/><G111/><T112/><D109/><U29/><E82/><V73/><F73/><W42/><G83/><T13/><D112/><U36/><E36/><V129/><F39/><W79/><G79/><T32/><D32/><U68/><E29/><V118/><F89/><W107/><G107/><T27/><D13/><U100/><E68/><N who="2" m="42007" /><F88/><W97/><G5/><T21/><D38/><U37/><E37/><V133/><F133/><W128/><G3/><T78/><D69/><U59/><E102/><V135/><F135/><W55/><G71/><T20/><D27/><U106/><E106/><V50/><F66/><W30/><G30/><T99/><D86/><U8/><E67/><V43/><F50/><W53/><G127/><T103/><D60/><U17/><E35/><V56/><F56/><W51/><G70/><T10/><D10/><U34/><E34/><V87/><F87/><W132/><G132/><T57/><D57/><U54/><E65/><V94/><F94/><W16/><G63/><T12/><D12/><U72/><E72/><V48/><F48/><AGARI ba="0,0" hai="20,21,22,45,46,47,48,52,78,80,84,93,99,103" machi="48" ten="40,3900,0" yaku="8,1,54,1" doraHai="115" who="0" fromWho="2" sc="250,39,250,0,250,-39,250,0" /><INIT seed="0,1,0,1,4,118" ten="289,250,211,250" oya="0" hai0="104,124,106,12,123,44,54,5,38,94,113,80,32" hai1="57,42,116,83,95,36,37,62,127,43,45,84,56" hai2="0,99,102,10,47,16,64,82,74,55,25,100,98" hai3="41,77,81,92,71,133,88,17,73,121,110,75,15"/><T89/><D113/><U85/><E95/><V8/><F0/><W109/><G71/><T87/><D32/><U129/><E116/><V52/><F74/><W107/><G107/><T11/><D38/><U13/><E127/><V48/><F82/><W35/><G35/><T105/><D124/><U128/><E13/><V30/><F64/><W76/><G41/><T103/><D103/><N who="2" m="39466" /><F55/><W23/><G133/><T24/><D24/><U53/><E83/><V108/><F30/><W96/><G121/><T119/><D119/><U31/><E31/><V69/><F69/><W19/><G77/><T28/><D28/><U93/><E93/><V40/><F40/><W91/><G91/><T18/><D5/><U6/><E6/><V68/><F68/><W67/><G67/><T65/><D65/><N who="1" m="39111" /><E85/><V21/><F108/><W46/><G46/><T122/><D94/><U70/><E84/><V130/><F130/><N who="1" m="50281" /><E70/><V66/><F66/><W135/><G135/><T27/><D27/><U112/><E112/><V63/><F63/><W131/><G131/><T2/><D2/><U3/><E3/><V61/><F61/><W7/><G7/><T134/><D134/><U58/><E53/><V120/><F120/><W33/><G33/><T1/><D1/><U51/><E37/><V114/><F114/><W9/><G75/><T14/><D14/><U125/><E125/><V78/><F78/><W132/><G132/><T90/><D90/><U50/><E36/><V79/><F79/><W39/><G39/><T20/><D20/><U49/><E45/><V60/><F60/><W117/><G117/><RYUUKYOKU ba="1,0" sc="289,0,250,0,211,0,250,0" hai0="11,12,18,44,54,80,87,89,104,105,106,122,123" hai1="42,43,49,50,51,57,58" hai2="8,10,16,21,25,47,48,52,98,99" hai3="9,15,17,19,23,73,76,81,88,92,96,109,110" /><INIT seed="0,2,0,1,0,127" ten="289,250,211,250" oya="0" hai0="88,90,89,28,22,43,102,25,32,26,114,33,98" hai1="67,56,37,85,57,8,80,35,135,82,14,59,69" hai2="34,17,133,74,87,39,123,20,36,111,4,44,75" hai3="64,50,68,91,109,63,54,71,104,84,65,125,105"/><T12/><D114/><U13/><E35/><V117/><F123/><W29/><G109/><T31/><D43/><U92/><E37/><V100/><F133/><W76/><G125/><T119/><D119/><U103/><E135/><V101/><F34/><W60/><G29/><T2/><D12/><N who="1" m="4715" /><E8/><V116/><F4/><W49/><G76/><T55/><D55/><U134/><E69/><V99/><F111/><W129/><G129/><T131/><D131/><U130/><E130/><V41/><F39/><W95/><REACH who="3" step="1"/><G49/><REACH who="3" ten="289,250,211,240" step="2"/><T78/><D78/><N who="1" m="46231" /><E134/><V27/><F117/><W132/><G132/><T46/><D31/><U124/><E124/><V73/><F116/><W23/><G23/><T77/><D77/><U47/><E67/><V96/><REACH who="2" step="1"/><F87/><REACH who="2" ten="289,250,201,240" step="2"/><W48/><G48/><T15/><D32/><U1/><E1/><V70/><F70/><W72/><G72/><T122/><D2/><U93/><E103/><AGARI ba="2,2" hai="17,20,27,36,41,44,73,74,75,96,99,100,101,103" machi="103" ten="40,1300,0" yaku="1,1,53,0" doraHai="127" doraHaiUra="3" who="2" fromWho="1" sc="289,0,250,-19,201,39,240,0" /><INIT seed="1,0,0,0,5,126" ten="289,231,240,240" oya="1" hai0="18,28,0,108,80,70,13,131,67,68,3,87,51" hai1="46,19,78,124,24,50,33,84,10,135,95,117,57" hai2="54,128,86,32,69,11,94,37,99,105,7,89,38" hai3="133,43,20,60,134,45,30,91,79,127,27,107,90"/><U53/><E117/><V15/><F69/><W125/><G107/><T75/><D75/><U85/><E33/><V96/><F32/><W129/><G79/><T40/><D70/><U34/><E34/><V36/><F128/><W130/><G60/><T16/><D68/><U112/><E112/><V44/><F105/><W83/><G83/><T55/><D67/><U56/><E124/><N who="3" m="47690" /><G91/><T2/><D131/><N who="3" m="50185" /><G90/><T21/><D108/><U62/><E135/><V122/><F122/><W116/><G116/><T119/><D40/><N who="1" m="24903" /><E78/><V5/><F5/><W22/><G22/><T110/><D110/><U103/><E57/><V121/><F121/><W31/><G31/><T25/><D119/><U72/><E72/><V61/><F61/><W109/><G109/><T29/><D87/><U66/><E66/><V52/><REACH who="2" step="1"/><F44/><REACH who="2" ten="289,231,230,240" step="2"/><W35/><G35/><T39/><D80/><U41/><E41/><V97/><AGARI ba="0,1" hai="7,11,15,36,37,38,52,54,86,89,94,96,97,99" machi="97" ten="40,8000,1" yaku="1,1,2,1,0,1,54,1,53,0" doraHai="126" doraHaiUra="59" who="2" fromWho="2" sc="289,-20,231,-40,230,90,240,-20" /><INIT seed="2,0,0,3,5,117" ten="269,191,320,220" oya="2" hai0="84,8,68,18,69,78,45,36,128,15,135,35,118" hai1="66,23,74,27,12,72,51,125,127,105,115,25,122" hai2="58,133,43,63,75,97,116,46,60,49,2,59,5" hai3="80,9,85,102,13,112,98,37,30,11,94,6,83"/><V121/><F75/><N who="1" m="28713" /><E105/><V24/><F116/><W32/><G37/><T42/><D118/><U53/><E66/><N who="2" m="39191" /><F97/><W38/><G38/><T1/><D35/><U28/><E115/><V34/><F34/><W89/><G112/><T65/><D65/><U26/><E12/><V52/><F24/><W31/><G32/><T17/><D1/><U81/><E81/><V3/><F3/><W90/><G11/><T120/><D78/><U33/><E33/><V54/><F5/><W77/><G77/><T20/><D84/><AGARI ba="0,0" hai="6,9,13,30,31,80,83,84,85,89,90,94,98,102" machi="84" ten="40,2600,0" yaku="9,1,8,1" doraHai="117" who="3" fromWho="0" sc="269,-26,191,0,320,0,220,26" /><INIT seed="3,0,0,1,1,85" ten="243,191,320,246" oya="3" hai0="109,24,131,86,4,84,71,113,98,82,133,130,49" hai1="107,7,16,75,65,95,101,45,12,5,53,77,103" hai2="117,60,13,116,28,87,121,56,74,3,104,128,94" hai3="32,134,112,118,119,31,47,14,91,69,88,51,25"/><W42/><G69/><T72/><D71/><U127/><E107/><V129/><F104/><W105/><G105/><T68/><D68/><U99/><E65/><V20/><F3/><W2/><G2/><T83/><D4/><U61/><E127/><V73/><F28/><W1/><G1/><T97/><D24/><U40/><E75/><N who="2" m="28683" /><F13/><W108/><G112/><T29/><D72/><U21/><E77/><V17/><F17/><W123/><G123/><T64/><D49/><U79/><E79/><V125/><F20/><W18/><G134/><T8/><D8/><U102/><E40/><V62/><F62/><W89/><REACH who="3" step="1"/><G108/><REACH who="3" ten="243,191,320,236" step="2"/><T46/><D109/><U0/><E0/><V54/><F121/><W110/><G110/><T48/><D113/><U38/><E38/><V30/><F125/><W70/><G70/><T63/><D133/><U96/><E96/><V92/><F116/><W22/><AGARI ba="0,1" hai="14,18,22,25,31,32,42,47,51,88,89,91,118,119" machi="22" ten="30,18000,2" yaku="1,1,0,1,52,3,54,1,53,0" doraHai="85" doraHaiUra="6" who="3" fromWho="3" sc="243,-60,191,-60,320,-60,236,190" owari="183,-22.0,131,-37.0,260,6.0,426,53.0" /></mjloggm>