<mjloggm ver="2.3"><GO type="97" lobby="0"/><UN n0="%E3%82%AC%E3%83%A9%E3%82%AF%E3%82%BF%E5%B8%9D%E7%8E%8B" n1="%75%6F%6B%6B%61%34%39%34" n2="%E5%B0%B1%E6%B4%BB%E7%94%9F%40%E5%B7%9D%E6%9D%91%E8%BB%8D%E5%9B%A3" n3="%E6%B3%89%E6%88%B8%E3%81%BE%E3%81%97%E3%82%8D" dan="15,13,14,13" rate="2005.40,1896.51,1970.06,1842.07" sx="M,M,M,F"/><TAIKYOKU oya="0"/><INIT seed="0,0,0,2,0,92" ten="250,250,250,250" oya="0" hai0="33,38,105,6,35,47,61,57,118,58,120,54,37" hai1="39,60,104,67,29,4,62,131,2,98,115,91,64" hai2="106,50,36,125,122,130,16,17,81,129,112,59,18" hai3="10,101,114,51,19,132,25,99,9,32,71,75,45"/><T78/><D118/><U102/><E115/><V68/><F68/><W123/><G75/><T74/><D120/><U135/><E131/><V73/><F106/><W65/><G123/><T3/><D105/><U87/><E135/><V44/><F122/><W93/><G114/><T31/><D58/><U84/><E39/><V95/><F36/><W83/><G83/><N who="0" m="45527" /><D31/><U111/><E111/><V79/><F125/><W134/><G71/><T27/><D27/><U85/><E29/><V109/><F109/><W69/><G134/><T86/><D86/><U55/><E91/><V26/><F112/><W76/><G76/><T126/><D126/><U13/><E2/><V23/><F59/><W107/><G132/><T40/><D38/><U127/><E127/><V77/><F77/><W56/><G93/><T42/><D42/><U100/><E100/><V90/><F129/><W14/><G69/><T12/><D12/><U88/><E88/><V110/><F110/><W41/><G10/><AGARI ba="0,0" hai="3,6,10,33,35,37,40,47,54,57,61" m="45527" machi="10" ten="30,1500,0" yaku="25,1" doraHai="92" who="0" fromWho="3" sc="250,15,250,0,250,0,250,-15" /><INIT seed="0,1,0,2,0,47" ten="265,250,250,235" oya="0" hai0="19,125,110,129,98,99,12,62,52,78,88,106,134" hai1="40,43,86,21,124,93,56,1,90,34,33,104,45" hai2="28,80,55,105,119,22,109,30,115,64,42,63,46" hai3="15,123,118,17,71,101,8,96,107,130,4,53,31"/><T81/><D125/><U100/><E1/><V83/><F105/><W48/><G118/><T121/><D121/><U3/><E3/><V36/><F119/><W25/><G71/><T89/><D129/><U79/><E124/><V97/><F115/><W66/><G130/><T114/><D114/><U77/><E34/><V0/><F0/><W74/><G74/><T49/><D62/><U126/><E33/><V131/><F131/><W95/><G123/><T128/><D134/><U65/><E126/><V92/><F109/><W5/><G66/><T14/><D110/><U72/><E77/><V7/><F7/><W13/><G107/><T50/><D50/><U87/><E87/><V2/><F2/><W61/><G61/><T39/><D39/><U76/><E76/><V24/><F55/><W69/><G69/><T75/><D128/><U23/><E40/><V135/><F30/><W84/><G84/><T11/><D14/><U32/><E32/><V113/><F135/><W18/><G31/><T67/><D67/><U117/><E56/><N who="2" m="36967" /><F113/><W68/><G25/><T102/><REACH who="0" step="1"/><D98/><REACH who="0" ten="255,250,250,235" step="2"/><N who="1" m="61463" /><E65/><V85/><F97/><W91/><G68/><T133/><D133/><U58/><E117/><V111/><F111/><W27/><G27/><T112/><D112/><U16/><E58/><AGARI ba="1,1" hai="11,12,19,49,52,58,75,78,81,88,89,99,102,106" machi="58" ten="30,18000,2" yaku="1,1,7,1,52,1,54,2,53,1" doraHai="47" doraHaiUra="103" who="0" fromWho="1" sc="255,193,250,-183,250,0,235,0" /><INIT seed="0,2,0,2,1,105" ten="448,67,250,235" oya="0" hai0="0,94,82,87,89,28,106,65,85,44,16,134,90" hai1="59,83,32,91,92,108,132,57,47,95,19,76,34" hai2="126,78,41,36,60,110,88,24,38,33,45,10,17" hai3="30,73,68,86,117,75,120,81,116,18,102,56,119"/><T35/><D106/><U26/><E132/><V9/><F38/><W14/><G68/><T55/><D0/><U48/><E108/><V97/><F126/><W124/><G124/><T58/><D134/><U37/><E37/><V27/><F110/><W114/><G114/><T1/><D1/><U99/><E95/><V104/><F78/><W133/><G133/><T53/><D35/><U77/><E77/><V42/><F42/><W70/><G70/><T5/><D5/><U21/><E34/><V135/><F135/><W118/><G120/><T103/><D103/><U29/><E48/><V100/><F60/><W13/><G102/><T113/><D28/><U63/><E47/><V15/><F33/><W109/><G109/><T46/><D113/><U22/><E63/><V43/><F43/><W4/><G30/><T123/><D123/><U39/><E39/><V50/><F10/><W64/><G4/><T125/><D125/><U93/><E93/><V52/><REACH who="2" step="1"/><F88/><REACH who="2" ten="448,67,240,235" step="2"/><W111/><G111/><T129/><D90/><U11/><E11/><V72/><F72/><W40/><G40/><T112/><D89/><U115/><E115/><V6/><F6/><W2/><G117/><T131/><D112/><U54/><E32/><V67/><F67/><W127/><G118/><T62/><D62/><U80/><E54/><V84/><F84/><W8/><G119/><T66/><D55/><U107/><E76/><V71/><F71/><W96/><G116/><T101/><D53/><U130/><E91/><V51/><F51/><W3/><G127/><T7/><D7/><U79/><E79/><RYUUKYOKU ba="2,1" sc="448,-10,67,-10,240,30,235,-10" hai2="9,15,17,24,27,36,41,45,50,52,97,100,104" /><INIT seed="1,3,1,3,4,38" ten="438,57,270,225" oya="1" hai0="113,17,11,86,29,91,70,67,110,77,7,80,21" hai1="19,35,78,45,74,81,34,132,32,123,122,129,115" hai2="41,76,49,60,85,99,58,23,71,56,8,125,109" hai3="27,98,6,68,44,69,14,83,28,50,36,2,62"/><U103/><E115/><V22/><F71/><W121/><G121/><T119/><D110/><U57/><E129/><V13/><F109/><W88/><G36/><T40/><D29/><U114/><E114/><V107/><F125/><W106/><G2/><T15/><D119/><U30/><E30/><V43/><F107/><W24/><G68/><T126/><D126/><U66/><E132/><V73/><F73/><W39/><G39/><T72/><D40/><N who="2" m="15434" /><F99/><W102/><G6/><T124/><D124/><U26/><E45/><V65/><F49/><W31/><G14/><T97/><D97/><U48/><E103/><V46/><F46/><W79/><G50/><T117/><D117/><U18/><E48/><V59/><F65/><W105/><G44/><T92/><D70/><U20/><REACH who="1" step="1"/><E18/><REACH who="1" ten="438,47,270,225" step="2"/><N who="2" m="8487" /><F60/><AGARI ba="3,2" hai="19,20,26,32,34,35,57,60,66,74,78,81,122,123" machi="60" ten="40,2000,0" yaku="1,1,53,0" doraHai="38" doraHaiUra="111" who="1" fromWho="2" sc="438,0,47,49,270,-29,225,0" /><INIT seed="1,4,0,1,2,110" ten="438,96,241,225" oya="1" hai0="58,74,75,121,122,16,6,24,41,126,73,34,109" hai1="20,2,68,27,49,21,107,36,61,105,120,101,114" hai2="69,129,8,112,80,15,94,22,60,45,83,84,128" hai3="119,10,19,9,89,72,92,86,25,62,102,91,32"/><U76/><E120/><N who="0" m="46185" /><D109/><U38/><E2/><V78/><F22/><W125/><G72/><T55/><D41/><U48/><E76/><V104/><F104/><W66/><G119/><T12/><D126/><U14/><E61/><V116/><F116/><W35/><G125/><T81/><D6/><U111/><E111/><V87/><F45/><W95/><G102/><T54/><D81/><U77/><E77/><V33/><F33/><W4/><G35/><T132/><D132/><U5/><E5/><V39/><F39/><W97/><G32/><T17/><D58/><U96/><E101/><V117/><F117/><W106/><G106/><T135/><D135/><U47/><E14/><V127/><F127/><W64/><G4/><T29/><D17/><U70/><E96/><V44/><F44/><W65/><G62/><T28/><D28/><U124/><E124/><V98/><F60/><W131/><G131/><N who="2" m="50249" /><F69/><W51/><G51/><T43/><D43/><U42/><E47/><V13/><F8/><AGARI ba="4,0" hai="8,12,16,24,29,34,54,55,73,74,75" m="46185" machi="8" ten="40,2600,0" yaku="13,1,54,1" doraHai="110" who="0" fromWho="2" sc="438,38,96,0,241,-38,225,0" /><INIT seed="2,0,0,0,1,104" ten="476,96,203,225" oya="2" hai0="99,21,131,50,12,132,123,108,130,56,60,59,127" hai1="58,103,53,31,134,66,35,32,69,126,85,8,94" hai2="65,49,72,98,74,61,9,120,124,6,48,5,13" hai3="10,18,125,24,101,95,84,89,88,86,38,129,96"/><V16/><F120/><W39/><G129/><N who="0" m="49163" /><D108/><U26/><E126/><V109/><F124/><W70/><G70/><T114/><D114/><U118/><E118/><V113/><F113/><W78/><G125/><T81/><D99/><U41/><E134/><V3/><F109/><W51/><G78/><T115/><D115/><U37/><E66/><V83/><F98/><W7/><G51/><T82/><D132/><U36/><E69/><V27/><F27/><W90/><G39/><T117/><D117/><U75/><E75/><V11/><F5/><W0/><G38/><T23/><D12/><U100/><E37/><V97/><F97/><W76/><G76/><T128/><D123/><U17/><E35/><V34/><F34/><W54/><G54/><N who="0" m="31831" /><D128/><U135/><E135/><V45/><F83/><N who="0" m="31754" /><D127/><U19/><E8/><V71/><REACH who="2" step="1"/><F49/><REACH who="2" ten="476,96,193,225" step="2"/><W52/><G86/><T73/><D73/><U44/><E85/><V80/><F80/><W42/><G84/><T40/><D40/><AGARI ba="0,1" hai="3,6,9,11,13,16,40,45,48,61,65,71,72,74" machi="40" ten="30,12000,1" yaku="1,1,7,1,52,2,54,1,53,0" doraHai="104" doraHaiUra="110" who="2" fromWho="0" sc="476,-120,96,0,193,130,225,0" /><INIT seed="2,1,0,0,3,117" ten="356,96,323,225" oya="2" hai0="22,133,11,104,40,116,46,90,87,88,54,110,82" hai1="39,57,109,21,122,67,77,42,72,81,13,121,35" hai2="52,19,56,91,107,1,105,73,6,0,44,37,130" hai3="123,45,95,16,29,135,119,58,124,132,89,34,128"/><V12/><F73/><W115/><G119/><T7/><D110/><U23/><E35/><V102/><F130/><W41/><G128/><T134/><D116/><U3/><E3/><V15/><F91/><W80/><G115/><T112/><D104/><U97/><E109/><V61/><F12/><W85/><G124/><T24/><D54/><U63/><E97/><V59/><F59/><W68/><G68/><T43/><D90/><U27/><E42/><V60/><F60/><W25/><G58/><T106/><D106/><U28/><E39/><V2/><F6/><W69/><G69/><T4/><D112/><U31/><E13/><V32/><F32/><W101/><G123/><T78/><D78/><U114/><REACH who="1" step="1"/><E114/><REACH who="1" ten="356,86,323,225" step="2"/><V17/><F15/><W103/><G135/><T113/><D43/><U26/><AGARI ba="1,1" hai="21,23,26,27,28,31,57,63,67,72,77,81,121,122" machi="26" ten="30,12000,2" yaku="1,1,2,1,0,1,9,1,52,2,53,0" doraHai="117" doraHaiUra="50" who="1" fromWho="1" sc="356,-31,86,133,323,-61,225,-31" /><INIT seed="3,0,0,3,5,36" ten="325,219,262,194" oya="3" hai0="18,102,80,89,114,75,96,110,108,95,71,38,67" hai1="59,0,52,57,76,51,40,23,20,8,126,7,70" hai2="14,119,134,86,58,105,69,15,44,25,99,54,117" hai3="97,132,28,124,74,5,16,94,4,103,34,42,56"/><W30/><G74/><T104/><D38/><U46/><E70/><V47/><F69/><W79/><G132/><T9/><D114/><U98/><E126/><V100/><F134/><W81/><G124/><T60/><D18/><U10/><E76/><V48/><F25/><W24/><G30/><T65/><D65/><U130/><E130/><V90/><F44/><W101/><G103/><T41/><D41/><U55/><E98/><V91/><F91/><W17/><G42/><T112/><D9/><N who="1" m="3691" /><E7/><V12/><REACH who="2" step="1"/><F47/><REACH who="2" ten="325,219,252,194" step="2"/><W135/><G135/><T66/><D112/><U127/><E127/><V68/><F68/><W32/><G32/><T29/><D71/><U88/><E88/><V2/><F2/><W118/><G118/><T73/><D89/><U13/><E0/><V133/><F133/><W64/><G5/><T116/><D116/><U107/><E13/><V6/><F6/><W53/><G4/><T128/><D128/><U106/><E46/><V27/><F27/><W1/><G1/><T121/><D108/><U37/><E40/><V62/><F62/><W129/><G129/><T111/><D60/><U120/><E37/><V19/><F19/><W115/><G115/><T33/><D111/><U92/><E51/><V82/><AGARI ba="0,1" hai="12,14,15,48,54,58,82,86,90,99,100,105,117,119" machi="82" ten="30,4000,0" yaku="1,1,0,1,53,1" doraHai="36" doraHaiUra="85" who="2" fromWho="2" sc="325,-10,219,-10,252,50,194,-20" owari="315,42.0,209,-19.0,302,10.0,174,-33.0" /></mjloggm>