<mjloggm ver="2.3"><GO type="169" lobby="0"/><UN n0="%E3%81%B5%E3%81%98%E3%81%8A" n1="%E3%81%8F%E3%82%8D%E3%81%AF%E3%81%A1" n2="%E3%82%A6%E3%83%AB%E3%83%88%E3%83%A9%E7%AB%8B%E7%9B%B4" n3="%E4%B8%AD%E5%B7%9D%E7%BF%94%E5%AD%90" dan="18,16,18,16" rate="2268.25,2099.63,2207.32,2085.12" sx="M,M,M,F"/><TAIKYOKU oya="0"/><INIT seed="0,0,0,0,4,20" ten="250,250,250,250" oya="0" hai0="14,25,59,57,42,31,131,28,54,106,127,37,27" hai1="78,9,85,113,97,2,68,43,134,121,41,108,33" hai2="84,111,120,81,86,47,77,128,52,8,23,130,95" hai3="38,16,79,129,49,83,104,5,96,60,48,87,21"/><T101/><D14/><U107/><E121/><V119/><F120/><W122/><G38/><T22/><D37/><U51/><E68/><V109/><F8/><W88/><G122/><T133/><D42/><U102/><E33/><V39/><F39/><W82/><G129/><N who="2" m="49769" /><F23/><W76/><G5/><T15/><D131/><U63/><E63/><V132/><F52/><W98/><G60/><T125/><D15/><U70/><E70/><V75/><F47/><W4/><G4/><T67/><D133/><U105/><E105/><V103/><F119/><W36/><G36/><T112/><D112/><U117/><E117/><V61/><F61/><W94/><G104/><T62/><D101/><U3/><E134/><V50/><F50/><W65/><G65/><T66/><D106/><U99/><E113/><V45/><F45/><W89/><G98/><T73/><D73/><U46/><E97/><N who="2" m="59839" /><F132/><W123/><G123/><T115/><D115/><U56/><E41/><V6/><F6/><W7/><G89/><T100/><D100/><U93/><E56/><V1/><F1/><N who="1" m="9" /><E9/><V126/><F126/><N who="0" m="48138" /><D59/><U12/><E12/><V90/><F90/><W0/><G0/><T26/><D26/><U29/><E43/><V10/><F10/><W118/><G118/><T34/><AGARI ba="0,0" hai="22,25,27,28,31,34,54,57,62,66,67" m="48138" machi="34" ten="30,6000,0" yaku="18,1,52,2" doraHai="20" who="0" fromWho="0" sc="250,60,250,-20,250,-20,250,-20" /><INIT seed="0,1,0,5,4,85" ten="310,230,230,230" oya="0" hai0="38,19,36,7,32,35,133,78,52,53,26,22,43" hai1="98,80,79,41,59,24,5,49,57,126,104,16,1" hai2="75,115,106,45,29,87,109,2,111,69,132,88,107" hai3="25,50,55,94,0,70,119,56,108,60,84,39,105"/><T15/><D133/><U67/><E126/><V129/><F115/><W71/><G105/><T77/><D43/><U40/><E1/><V21/><F2/><W30/><G108/><N who="2" m="41545" /><F69/><W33/><G0/><T64/><D64/><U90/><E5/><V20/><F75/><W93/><G119/><T11/><D35/><U34/><E34/><V95/><F132/><W118/><G39/><T8/><D32/><U63/><E104/><N who="2" m="39979" /><F29/><W99/><G118/><T66/><D66/><U92/><E57/><V116/><F116/><W123/><G123/><T117/><D117/><U65/><E65/><V42/><F129/><W134/><G134/><T13/><D38/><AGARI ba="1,0" hai="20,21,38,42,45,87,88,95" m="39979,41545" machi="38" ten="30,3900,0" yaku="14,1,52,1,54,1" doraHai="85" who="2" fromWho="0" sc="310,-42,230,0,230,42,230,0" /><INIT seed="1,0,0,5,0,72" ten="268,230,272,230" oya="1" hai0="75,125,0,93,121,98,20,61,105,60,126,35,117" hai1="89,23,99,90,112,7,66,3,27,38,41,8,63" hai2="17,132,77,124,52,85,32,42,34,55,37,78,25" hai3="135,15,65,102,45,2,14,68,94,91,92,9,96"/><U44/><E99/><V29/><F34/><W109/><G109/><T108/><D35/><U64/><E112/><V131/><F124/><N who="0" m="47722" /><D0/><U88/><REACH who="1" step="1"/><E63/><REACH who="1" ten="268,220,272,230" step="2"/><V129/><F132/><W127/><G135/><T113/><D60/><U46/><E46/><N who="2" m="23887" /><F17/><AGARI ba="0,1" hai="3,7,8,17,23,27,38,41,44,64,66,88,89,90" machi="17" ten="40,3900,0" yaku="1,1,54,1,53,0" doraHai="72" doraHaiUra="110" who="1" fromWho="2" sc="268,0,220,49,272,-39,230,0" /><INIT seed="1,1,0,1,5,63" ten="268,269,233,230" oya="1" hai0="4,101,39,83,30,3,28,126,60,135,77,123,68" hai1="84,94,1,17,66,87,64,91,67,35,31,82,132" hai2="116,26,32,69,85,59,103,122,16,97,131,53,104" hai3="124,65,8,70,93,11,27,108,118,95,34,73,61"/><U62/><E132/><V76/><F116/><W117/><G108/><T134/><D126/><U130/><E1/><V100/><F122/><W121/><G121/><T51/><D39/><U24/><E130/><V10/><F69/><W36/><G36/><T98/><D123/><U14/><E62/><V115/><F131/><W72/><G124/><T49/><D3/><U12/><REACH who="1" step="1"/><E17/><REACH who="1" ten="268,259,233,230" step="2"/><V78/><F115/><W42/><G118/><T56/><D134/><U90/><AGARI ba="1,1" hai="12,14,24,31,35,64,66,67,82,84,87,90,91,94" machi="90" ten="30,18000,2" yaku="1,1,2,1,0,1,52,3,53,1" doraHai="63" doraHaiUra="21" who="1" fromWho="1" sc="268,-61,259,193,233,-61,230,-61" /><INIT seed="1,2,0,0,4,126" ten="207,452,172,169" oya="1" hai0="97,23,15,89,2,109,122,73,77,134,92,64,53" hai1="62,33,36,21,34,72,1,116,48,123,83,5,82" hai2="9,46,86,70,101,11,118,80,0,78,54,79,45" hai3="30,117,120,37,27,42,94,38,133,32,108,44,128"/><U13/><E116/><V107/><F118/><W52/><G117/><T28/><D2/><U131/><E123/><V50/><F70/><W4/><G120/><T119/><D122/><U43/><E48/><V130/><F0/><W96/><G108/><T67/><D109/><U51/><E51/><V132/><F132/><W85/><G133/><T18/><D134/><U129/><E62/><V102/><F107/><W25/><G4/><T66/><D119/><U114/><E114/><V112/><F112/><W26/><G37/><T20/><D73/><U6/><E21/><V60/><F60/><W87/><G85/><T76/><REACH who="0" step="1"/><D53/><REACH who="0" ten="197,452,172,169" step="2"/><U127/><E1/><V135/><F135/><W84/><G52/><T100/><D100/><U29/><E72/><V88/><F102/><W31/><G42/><T111/><D111/><U125/><E125/><V12/><F101/><W105/><G31/><T110/><D110/><U106/><E127/><V103/><F103/><W61/><G30/><T69/><D69/><U8/><E29/><V24/><F24/><AGARI ba="2,1" hai="15,18,20,23,24,28,64,66,67,76,77,89,92,97" machi="24" ten="40,2600,0" yaku="1,1,8,1,53,0" doraHai="126" doraHaiUra="39" who="0" fromWho="2" sc="197,42,452,0,172,-32,169,0" /><INIT seed="2,0,0,2,2,106" ten="239,452,140,169" oya="2" hai0="85,101,67,111,19,33,103,76,52,119,24,21,25" hai1="59,9,78,127,114,56,69,3,10,65,16,95,123" hai2="134,116,27,17,113,121,45,89,26,2,107,120,99" hai3="8,0,40,80,47,73,100,31,43,20,68,108,41"/><V133/><F116/><W93/><G108/><T94/><D111/><U32/><E32/><V22/><F2/><W131/><G68/><T79/><D67/><U70/><E114/><V81/><F113/><W5/><G131/><T51/><D33/><U130/><E3/><V18/><F45/><W66/><G66/><T42/><D42/><U115/><E115/><V1/><F1/><W97/><G20/><T96/><D25/><U71/><E130/><V110/><F110/><W6/><G31/><T48/><D48/><U57/><E127/><V61/><F61/><W88/><G5/><T12/><D24/><U36/><E36/><V23/><F107/><W98/><G98/><N who="0" m="59607" /><D85/><U7/><E65/><V4/><F4/><W126/><G126/><T63/><D63/><U77/><E7/><V38/><F38/><W117/><G117/><T58/><D119/><U135/><E57/><V44/><F44/><W92/><G92/><AGARI ba="0,0" hai="12,19,21,51,52,58,76,79,92,96,103" m="59607" machi="92" ten="30,2000,0" yaku="8,1,54,1" doraHai="106" who="0" fromWho="3" sc="239,20,452,0,140,0,169,-20" /><INIT seed="3,0,0,4,0,62" ten="259,452,140,149" oya="3" hai0="8,128,131,33,35,53,97,113,68,86,98,58,37" hai1="129,64,32,75,123,21,6,18,1,134,57,126,105" hai2="87,114,112,9,78,61,48,28,46,10,52,72,90" hai3="111,60,26,74,42,91,77,19,76,56,44,5,30"/><W47/><G5/><T121/><D68/><U92/><E105/><V88/><F72/><W22/><G111/><T15/><D121/><U29/><E75/><V79/><F28/><W45/><G74/><T95/><D37/><U63/><E123/><V2/><F2/><W55/><G42/><T67/><D86/><U69/><E126/><V100/><F100/><W25/><REACH who="3" step="1"/><G91/><REACH who="3" ten="259,452,140,139" step="2"/><T122/><D122/><U38/><E6/><V106/><F90/><W116/><G116/><T81/><D131/><U118/><E118/><V96/><F114/><W85/><G85/><T84/><D128/><U107/><E129/><V104/><F112/><W13/><G13/><T49/><D84/><U109/><E109/><V99/><F99/><W34/><AGARI ba="0,1" hai="19,22,25,26,30,34,44,45,47,55,56,60,76,77" machi="34" ten="30,3000,0" yaku="1,1,0,1,53,0" doraHai="62" doraHaiUra="119" who="3" fromWho="3" sc="259,-10,452,-10,140,-10,139,40" /><INIT seed="3,1,0,3,3,78" ten="249,442,130,179" oya="3" hai0="22,45,39,117,62,34,65,53,14,118,50,126,55" hai1="61,123,11,129,12,13,74,97,104,63,54,27,52" hai2="29,91,48,90,18,56,16,127,113,46,109,124,47" hai3="131,19,58,20,42,130,59,84,125,108,77,21,24"/><W101/><G125/><N who="2" m="48201" /><F113/><W76/><G42/><N who="0" m="24887" /><D14/><U107/><E74/><V28/><F56/><N who="3" m="21547" /><G101/><T44/><D22/><U69/><E123/><V103/><F103/><W9/><G9/><T122/><D34/><U88/><E129/><N who="3" m="49162" /><G108/><T133/><D126/><U0/><E0/><V1/><F1/><W75/><G75/><T89/><D89/><N who="2" m="33802" /><F109/><W121/><G121/><T86/><D86/><U116/><E27/><V40/><F47/><W8/><G8/><T81/><D122/><U6/><E11/><V2/><F2/><W106/><G106/><T4/><D44/><U31/><E104/><V132/><F132/><W26/><G84/><T134/><D4/><U120/><E6/><V71/><F71/><W35/><G35/><T5/><D5/><U102/><E69/><V33/><F33/><W111/><G111/><T32/><D32/><U119/><E120/><V68/><F68/><W73/><G73/><T82/><D39/><U112/><E107/><V83/><F83/><N who="0" m="31754" /><D65/><U36/><E36/><V17/><AGARI ba="1,0" hai="16,17,18,28,29,40,46,48" m="33802,48201" machi="17" ten="40,2700,0" yaku="18,1,54,1" doraHai="78" who="2" fromWho="2" sc="249,-8,442,-8,130,30,179,-14" /><INIT seed="4,0,0,5,3,63" ten="241,434,160,165" oya="0" hai0="123,116,58,39,108,11,69,5,36,89,94,18,113" hai1="54,124,133,79,95,43,48,20,84,102,98,111,37" hai2="129,122,76,49,134,56,68,40,85,27,99,109,52" hai3="53,101,33,77,97,44,132,112,92,28,71,61,74"/><T66/><D123/><U57/><E111/><V50/><F109/><W34/><G112/><T118/><D108/><U72/><E72/><V25/><F122/><W96/><G132/><T24/><D69/><U30/><E133/><V80/><F134/><W21/><G74/><T100/><D113/><U104/><E124/><V115/><F115/><W62/><G77/><T105/><D105/><U88/><E79/><V4/><F129/><W110/><G110/><T13/><D100/><U90/><E37/><V46/><F68/><W64/><G96/><T3/><D24/><N who="1" m="16647" /><E104/><V130/><F130/><W128/><G128/><T103/><D103/><U65/><E43/><V107/><F107/><W125/><G125/><T0/><D0/><U75/><E75/><V83/><F99/><W12/><G12/><T16/><D18/><U114/><E114/><V117/><F117/><W121/><G121/><T32/><D32/><U41/><E41/><V9/><REACH who="2" step="1"/><F83/><REACH who="2" ten="241,434,150,165" step="2"/><W35/><G71/><T70/><D70/><U86/><E98/><V126/><F126/><W87/><G97/><T19/><D118/><U119/><E119/><V7/><F7/><W14/><G92/><T67/><D116/><U127/><E127/><V78/><F78/><W47/><G101/><T60/><D94/><N who="1" m="54551" /><E102/><V17/><F17/><W59/><G28/><T135/><D19/><U131/><E131/><V6/><F6/><W29/><G29/><T38/><D135/><U10/><E95/><V22/><F22/><W31/><G31/><T1/><D5/><U23/><E23/><V15/><AGARI ba="0,1" hai="4,9,15,25,27,40,46,49,50,52,56,76,80,85" machi="15" ten="20,16000,3" yaku="1,1,0,1,7,1,25,2,8,1,54,1,53,1" doraHai="63" doraHaiUra="42" who="2" fromWho="2" sc="241,-80,434,-40,150,170,165,-40" /><INIT seed="5,0,0,0,1,80" ten="161,394,320,125" oya="1" hai0="16,126,104,101,116,127,95,12,49,35,10,8,48" hai1="110,123,37,99,28,135,113,46,105,83,107,47,55" hai2="53,11,114,74,86,58,9,109,134,40,66,32,82" hai3="1,115,129,124,106,50,89,72,56,14,92,43,87"/><U91/><E123/><V57/><F32/><W121/><G121/><T100/><D116/><U85/><E113/><V41/><F74/><W67/><G115/><T38/><D38/><U68/><E28/><V103/><F109/><W59/><G1/><T102/><D104/><U64/><E110/><V90/><F134/><W77/><G129/><T122/><D122/><U130/><E130/><V6/><F103/><W42/><G106/><T108/><D108/><U111/><E111/><V29/><F29/><W23/><G124/><N who="0" m="47659" /><D35/><U132/><E105/><V39/><F39/><W88/><G72/><T60/><D60/><N who="1" m="39943" /><E37/><V119/><F119/><W24/><G77/><T15/><D95/><N who="1" m="56831" /><E55/><V45/><F114/><W94/><G14/><T63/><D63/><U44/><E107/><V19/><F66/><W118/><G118/><T21/><D21/><U84/><E83/><V73/><F73/><W79/><G79/><T71/><D71/><U18/><E18/><AGARI ba="0,0" hai="8,10,12,15,16,18,48,49,100,101,102" m="47659" machi="18" ten="30,2000,0" yaku="18,1,54,1" doraHai="80" who="0" fromWho="1" sc="161,20,394,-20,320,0,125,0" /><INIT seed="6,0,0,1,0,103" ten="181,374,320,125" oya="2" hai0="104,135,4,105,83,11,68,42,133,29,58,23,3" hai1="97,64,12,0,32,67,121,44,127,37,69,9,19" hai2="130,107,66,82,59,89,131,53,92,106,45,36,93" hai3="122,86,54,90,74,28,33,101,95,10,132,91,50"/><V85/><F66/><W117/><G117/><T57/><D68/><U129/><E32/><V118/><F45/><W55/><G122/><T35/><D35/><U7/><E121/><V30/><F36/><W124/><G124/><T18/><D29/><U108/><E108/><V115/><F30/><W81/><G132/><N who="0" m="50763" /><D83/><U16/><E127/><V51/><F118/><W26/><G74/><T99/><D42/><U100/><E129/><N who="2" m="49163" /><F115/><W1/><G101/><N who="0" m="62527" /><D105/><AGARI ba="0,0" hai="51,53,59,82,85,89,92,93,105,106,107" m="49163" machi="105" ten="30,11600,0" yaku="19,1,52,3" doraHai="103" who="2" fromWho="0" sc="181,-116,374,0,320,116,125,0" /><INIT seed="6,1,0,0,4,48" ten="65,374,436,125" oya="2" hai0="3,62,86,12,52,90,110,38,73,84,1,69,135" hai1="76,65,134,91,7,132,124,98,53,81,77,125,89" hai2="63,133,92,121,20,128,17,28,82,103,67,96,26" hai3="30,5,123,36,116,6,0,118,95,66,11,85,50"/><V115/><F121/><W44/><G123/><T60/><D73/><U64/><E7/><V59/><F115/><W109/><G109/><T130/><D38/><U40/><E40/><V108/><F128/><W13/><G36/><T39/><D39/><U126/><E64/><V32/><F133/><N who="1" m="51305" /><E65/><V72/><F108/><W54/><G30/><T33/><D33/><U120/><E120/><V46/><F46/><W57/><G5/><T49/><D135/><U71/><E71/><V107/><F107/><W105/><G0/><T100/><D110/><U97/><E53/><V35/><F17/><W68/><G68/><T56/><D130/><U10/><E10/><V51/><F51/><N who="3" m="30943" /><G66/><T16/><D69/><U61/><E61/><N who="0" m="23657" /><D1/><U80/><E89/><V47/><F47/><W104/><G116/><T106/><D3/><U24/><E24/><V79/><AGARI ba="1,0" hai="20,26,28,32,35,59,63,67,72,79,82,92,96,103" machi="79" ten="30,6000,0" yaku="0,1,25,2" doraHai="48" who="2" fromWho="2" sc="65,-21,374,-21,436,63,125,-21" /><INIT seed="6,2,0,0,2,42" ten="44,353,499,104" oya="2" hai0="64,10,48,66,24,87,43,74,120,6,132,53,99" hai1="45,46,13,129,83,2,92,95,121,63,72,106,36" hai2="78,67,60,98,30,23,88,14,107,61,7,111,104" hai3="22,51,47,115,86,35,68,94,105,5,19,55,76"/><V52/><F111/><W109/><G109/><T84/><D74/><U32/><E2/><V41/><F41/><W26/><G105/><T59/><D120/><U134/><E106/><V126/><F126/><W0/><G68/><T124/><D124/><U8/><E32/><V49/><F78/><W25/><G115/><T15/><D132/><U102/><E36/><V81/><F104/><W128/><G128/><T80/><D99/><U93/><E129/><V118/><F118/><W117/><G117/><T54/><D84/><U62/><E134/><V58/><F107/><W65/><G65/><T114/><D114/><U38/><E38/><V100/><F100/><W97/><G0/><T73/><D73/><U90/><E121/><V27/><F67/><W17/><G5/><T12/><D24/><N who="3" m="9321" /><G35/><T28/><D28/><U18/><E72/><V50/><F50/><W4/><G4/><T122/><D122/><U130/><E130/><V123/><F123/><W70/><G70/><T110/><D110/><U82/><E102/><V37/><F37/><W40/><G22/><T96/><D96/><U1/><E1/><V20/><F20/><W21/><G40/><T56/><D43/><U77/><E77/><V89/><F98/><W31/><G21/><T108/><D108/><U113/><E113/><V125/><F125/><W85/><G31/><T119/><D119/><U135/><E135/><V44/><F81/><N who="1" m="30729" /><E90/><N who="2" m="34923" /><F58/><W131/><G131/><T34/><D34/><U91/><E91/><V39/><F39/><W133/><G133/><T112/><D112/><U9/><E8/><AGARI ba="2,0" hai="7,8,14,23,27,30,44,49,52,60,61" m="34923" machi="8" ten="30,11600,0" yaku="8,1,52,1,54,2" doraHai="42" who="2" fromWho="1" sc="44,0,353,-122,499,122,104,0" /><INIT seed="6,3,0,0,0,40" ten="44,231,621,104" oya="2" hai0="10,11,86,22,91,82,69,101,83,65,111,97,96" hai1="107,26,109,66,52,108,19,54,41,74,124,112,17" hai2="131,118,43,4,92,60,84,103,16,33,51,122,18" hai3="77,30,132,85,50,129,128,72,89,37,45,113,38"/><V28/><F122/><W55/><G132/><T56/><D69/><U88/><E107/><V127/><F118/><W95/><G113/><T9/><D111/><U25/><E74/><V123/><F123/><W117/><G117/><T34/><D34/><U73/><E73/><V14/><F127/><W106/><G106/><T115/><D115/><U62/><E112/><V64/><F131/><N who="3" m="50251" /><G30/><T21/><D82/><AGARI ba="3,0" hai="37,38,45,50,55,72,77,82,85,89,95" m="50251" machi="82" ten="30,2000,0" yaku="19,1,52,1" doraHai="40" who="3" fromWho="0" sc="44,-29,231,0,621,0,104,29" /><INIT seed="7,0,0,0,1,106" ten="15,231,621,133" oya="3" hai0="6,15,49,62,77,41,20,98,59,64,118,114,28" hai1="134,1,3,80,107,39,45,131,84,47,130,90,34" hai2="18,16,115,92,55,56,38,128,125,60,81,110,10" hai3="132,91,30,113,8,122,12,54,57,65,89,17,88"/><W117/><G113/><T126/><D118/><U68/><E107/><V31/><F38/><W35/><G117/><T79/><D126/><U23/><E34/><V116/><F116/><W123/><G132/><T36/><D36/><U85/><E68/><V104/><F104/><W99/><G99/><T46/><D114/><U82/><E134/><V129/><F110/><W103/><G103/><T95/><D6/><U9/><E23/><V58/><F31/><W0/><G0/><N who="1" m="74" /><E9/><V73/><F10/><W111/><G65/><T121/><D121/><U14/><E14/><V19/><F92/><W109/><G35/><T69/><D69/><U94/><E94/><V53/><F125/><W33/><G30/><T135/><D135/><U86/><E39/><V70/><F70/><W93/><G93/><T127/><D127/><U51/><E51/><V63/><F115/><W97/><G97/><T24/><REACH who="0" step="1"/><D15/><REACH who="0" ten="5,231,621,133" step="2"/><U37/><E37/><V25/><F25/><W119/><G119/><T96/><D96/><U50/><E130/><V29/><F29/><W22/><G122/><T74/><D74/><U76/><E131/><V13/><F13/><W75/><G75/><T2/><D2/><U52/><E84/><V21/><F21/><W44/><G123/><T72/><D72/><U43/><E85/><V5/><F5/><W112/><G112/><T40/><D40/><U4/><E4/><V11/><F11/><W27/><G8/><T61/><D61/><U133/><E133/><V108/><F108/><W66/><G109/><T83/><D83/><U48/><E82/><V100/><F100/><AGARI ba="0,1" hai="20,24,28,41,46,49,59,62,64,77,79,95,98,100" machi="100" ten="30,12000,2" yaku="1,1,6,1,7,1,25,2,8,1,53,0" doraHai="106" doraHaiUra="102" who="0" fromWho="2" sc="5,130,231,0,621,-120,133,0" owari="135,-26.0,231,3.0,501,60.0,133,-37.0" /></mjloggm>