<mjloggm ver="2.3"><GO type="169" lobby="0"/><UN n0="%E8%B5%A4%E3%81%84%4E%49%53%48%49" n1="%E5%8E%9F%E6%9D%91%E3%81%AE%E3%81%AE%E3%81%8B" n2="%E3%82%A6%E3%83%AB%E3%83%88%E3%83%A9%E7%AB%8B%E7%9B%B4" n3="%E3%82%A2%E3%82%B9%E3%82%BF%E3%83%8A" dan="16,16,16,17" rate="2113.41,2081.22,2148.23,2165.45" sx="M,F,M,M"/><TAIKYOKU oya="0"/><INIT seed="0,0,0,4,2,17" ten="250,250,250,250" oya="0" hai0="40,128,22,38,124,8,29,69,108,71,16,51,15" hai1="59,63,84,74,7,99,0,93,62,129,89,111,68" hai2="3,95,13,83,39,79,130,35,106,94,9,47,125" hai3="115,10,5,123,131,134,121,87,102,107,30,119,73"/><T44/><D128/><U19/><E74/><V65/><F130/><W64/><G73/><T31/><D124/><U82/><E129/><V32/><F106/><W132/><G131/><T20/><D108/><U118/><E118/><V91/><F125/><W98/><G119/><T101/><D101/><U112/><E111/><V70/><F65/><W92/><G115/><T97/><D97/><U122/><E122/><N who="3" m="46602" /><G64/><T58/><D71/><U67/><E112/><V49/><F70/><W61/><G61/><T12/><D69/><U14/><E7/><V114/><F39/><W117/><G117/><T11/><D38/><U21/><E0/><V57/><F57/><W34/><G87/><T110/><D58/><U75/><E75/><V6/><F3/><N who="3" m="319" /><G92/><T26/><D110/><U120/><E120/><V18/><F95/><W50/><G50/><T28/><D26/><AGARI ba="0,0" hai="26,30,34,98,102,107,132,134" m="319,46602" machi="26" ten="30,2000,0" yaku="13,1,23,1" doraHai="17" who="3" fromWho="0" sc="250,-20,250,0,250,0,250,20" /><INIT seed="1,0,0,2,3,6" ten="230,250,250,270" oya="1" hai0="10,45,105,54,57,73,46,80,37,69,59,5,126" hai1="34,130,90,110,95,20,121,49,119,13,7,50,19" hai2="55,108,78,98,96,42,124,51,112,28,65,84,111" hai3="107,22,85,64,29,66,101,58,123,135,109,75,33"/><U115/><E121/><V21/><F124/><W4/><G75/><T60/><D126/><U44/><E119/><V53/><F65/><W125/><G123/><T23/><D105/><U89/><E115/><V3/><F3/><W2/><G33/><T25/><D69/><U24/><E130/><V30/><F112/><W127/><G109/><N who="2" m="42057" /><F42/><W91/><G135/><T63/><D37/><U83/><E110/><V76/><F84/><W92/><G66/><T77/><D60/><U113/><E113/><V102/><F21/><W94/><G107/><T103/><D103/><U27/><E34/><V67/><F67/><W97/><G2/><T68/><D59/><U0/><E50/><V47/><F55/><W132/><G132/><T74/><D68/><U14/><E0/><V117/><F117/><W31/><G31/><N who="2" m="11817" /><F96/><W61/><REACH who="3" step="1"/><G4/><REACH who="3" ten="230,250,250,260" step="2"/><T56/><D73/><U11/><E83/><V39/><F39/><W100/><G100/><T9/><D5/><U116/><E116/><V16/><F16/><W106/><G106/><AGARI ba="0,1" hai="47,51,53,76,78,98,102,106" m="11817,42057" machi="106" ten="30,1000,0" yaku="14,1" doraHai="6" who="2" fromWho="3" sc="230,0,250,0,250,20,260,-10" /><INIT seed="2,0,0,5,5,49" ten="230,250,270,250" oya="2" hai0="10,93,11,2,90,21,119,105,112,106,41,102,44" hai1="28,100,70,46,68,126,19,77,101,57,124,122,47" hai2="64,79,26,15,72,54,104,129,97,9,65,62,74" hai3="99,109,134,60,73,50,125,38,91,45,30,75,114"/><V131/><F26/><W76/><G109/><T33/><D112/><U20/><E122/><V61/><F97/><W132/><G38/><T120/><D33/><U8/><E77/><V110/><F104/><W29/><G114/><T4/><D120/><U52/><E28/><V51/><F110/><W95/><G125/><N who="1" m="48234" /><E8/><V36/><F36/><W40/><G60/><T58/><D119/><U6/><E6/><V87/><F87/><W22/><G76/><T25/><D11/><U117/><E117/><V113/><F113/><W32/><G32/><T67/><D102/><N who="1" m="39531" /><E47/><V31/><F31/><N who="3" m="11787" /><G22/><T78/><D21/><U24/><E46/><V5/><F79/><W35/><G35/><T66/><D78/><U133/><E133/><AGARI ba="0,0" hai="40,45,50,73,75,91,95,99,132,133,134" m="11787" machi="133" ten="30,1000,0" yaku="20,1" doraHai="49" who="3" fromWho="1" sc="230,0,250,-10,270,0,250,10" /><INIT seed="3,0,0,3,4,98" ten="230,240,270,260" oya="3" hai0="81,116,133,53,54,37,131,132,19,9,21,28,85" hai1="126,82,59,105,15,79,22,96,20,118,39,86,76" hai2="4,50,115,43,11,65,101,104,107,117,93,1,120" hai3="33,110,99,70,111,46,112,69,36,119,92,129,49"/><W17/><G33/><T40/><D116/><U31/><E39/><V16/><F117/><W35/><G119/><T55/><D131/><U114/><E118/><V47/><F115/><W123/><G35/><T75/><D28/><U125/><E114/><V72/><F72/><W124/><G112/><T108/><D75/><U26/><E59/><V10/><F120/><W48/><G123/><T84/><D108/><U87/><E15/><V66/><F93/><W121/><G36/><T29/><D9/><U83/><E22/><V88/><F88/><W127/><G121/><T109/><D29/><U44/><E44/><V122/><F122/><W0/><G0/><T56/><D109/><U42/><E42/><V94/><F94/><W58/><G70/><T38/><D40/><U52/><E52/><N who="0" m="20073" /><D38/><U2/><REACH who="1" step="1"/><E2/><REACH who="1" ten="230,230,270,260" step="2"/><V63/><F63/><W100/><G69/><T23/><D37/><U7/><E7/><V45/><F47/><W103/><G111/><T77/><D23/><U30/><E30/><V95/><F65/><W41/><G110/><T8/><D21/><U74/><E74/><V27/><F66/><W61/><G124/><T57/><D56/><U130/><E130/><V134/><F43/><W90/><G127/><T91/><D57/><U6/><E6/><V73/><F45/><W62/><G129/><T25/><D55/><U135/><E135/><V14/><F134/><W13/><G49/><T24/><D133/><U102/><AGARI ba="0,1" hai="20,26,31,76,79,82,83,86,87,96,102,105,125,126" machi="102" ten="30,8000,1" yaku="1,1,0,1,9,1,52,1,53,1" doraHai="98" doraHaiUra="18" who="1" fromWho="1" sc="230,-20,230,90,270,-20,260,-40" /><INIT seed="4,0,0,3,2,56" ten="210,320,250,220" oya="0" hai0="135,34,88,32,84,127,75,62,97,61,98,74,24" hai1="23,12,93,78,59,16,132,121,63,83,47,100,91" hai2="6,45,68,95,60,128,67,89,8,85,2,26,90" hai3="131,94,134,118,36,111,13,53,87,117,71,133,50"/><T22/><D135/><N who="3" m="51721" /><G36/><T43/><D127/><U3/><E3/><V37/><F128/><W17/><G111/><T92/><D43/><U52/><E121/><V129/><F129/><W115/><G131/><T64/><D75/><U79/><E132/><V14/><F26/><W113/><G71/><T54/><D74/><U39/><E100/><V114/><F114/><N who="3" m="43531" /><G87/><T123/><D123/><U30/><E83/><V125/><F125/><W69/><G94/><T72/><D72/><U99/><E39/><V42/><REACH who="2" step="1"/><F90/><REACH who="2" ten="210,320,240,220" step="2"/><W41/><G117/><T21/><D88/><N who="1" m="55719" /><E30/><V101/><F101/><W46/><G118/><T51/><D34/><U49/><E91/><V77/><F77/><W11/><G69/><T31/><D32/><U112/><E112/><V80/><F80/><W108/><G108/><T4/><D31/><U9/><E23/><V96/><F96/><W70/><G70/><T5/><D98/><U33/><E33/><V18/><F18/><W82/><G82/><T44/><D97/><U104/><E104/><V0/><AGARI ba="0,1" hai="0,2,6,8,14,37,42,45,60,67,68,85,89,95" machi="0" ten="30,4000,0" yaku="1,1,0,1,52,1,53,0" doraHai="56" doraHaiUra="120" who="2" fromWho="2" sc="210,-20,320,-10,240,50,220,-10" /><INIT seed="5,0,0,4,1,115" ten="190,310,290,210" oya="1" hai0="83,90,24,35,97,95,101,86,14,40,77,129,60" hai1="28,22,48,30,79,36,29,76,3,131,133,78,110" hai2="5,58,123,59,11,0,127,12,39,109,84,56,47" hai3="69,96,15,67,119,128,1,31,63,88,33,27,112"/><U117/><E36/><V134/><F109/><W82/><G1/><T20/><D129/><U62/><E131/><V64/><F123/><W8/><G128/><T61/><D35/><U103/><E3/><V53/><F127/><W130/><G130/><T49/><D14/><U75/><E75/><V7/><F134/><W94/><G112/><T106/><D40/><U42/><E133/><V26/><F64/><W99/><G82/><T54/><D49/><U6/><E6/><V57/><F26/><W55/><G55/><T50/><D50/><U13/><E110/><V100/><F100/><W43/><G43/><T104/><D54/><U98/><E62/><V118/><F118/><W85/><REACH who="3" step="1"/><G119/><REACH who="3" ten="190,310,290,200" step="2"/><T93/><D106/><U125/><E117/><V91/><F0/><W4/><AGARI ba="0,1" hai="4,8,15,27,31,33,63,67,69,85,88,94,96,99" machi="4" ten="20,8000,1" yaku="1,1,2,1,0,1,7,1,54,1,53,0" doraHai="115" doraHaiUra="111" who="3" fromWho="3" sc="190,-20,310,-40,290,-20,200,90" /><INIT seed="6,0,0,5,1,28" ten="170,270,270,290" oya="2" hai0="32,107,15,39,101,115,61,134,68,54,92,131,121" hai1="97,20,85,7,69,13,56,21,88,73,18,10,83" hai2="62,50,26,60,36,122,48,112,29,100,63,55,2" hai3="41,114,27,19,70,40,22,72,91,66,37,120,102"/><V35/><F122/><W123/><G72/><T129/><D15/><U95/><E69/><V53/><F36/><W16/><G102/><T51/><D92/><U0/><E73/><V116/><F116/><W93/><G114/><T14/><D14/><U43/><E43/><V135/><F112/><W25/><G70/><T12/><D101/><U76/><REACH who="1" step="1"/><E56/><REACH who="1" ten="170,260,270,290" step="2"/><V106/><F135/><W59/><G41/><T46/><D134/><U44/><E44/><V104/><F2/><W74/><G74/><T127/><D121/><U52/><E52/><V30/><F100/><W9/><G40/><N who="0" m="22815" /><D115/><U77/><E77/><V108/><F108/><W23/><G120/><T111/><D111/><U86/><E86/><V94/><F55/><W113/><G123/><T3/><D3/><U105/><E105/><V87/><F53/><W90/><G113/><T126/><D107/><U75/><E75/><V24/><F104/><W49/><G59/><N who="0" m="33247" /><D12/><U8/><AGARI ba="0,1" hai="0,7,8,10,13,18,20,21,76,83,85,88,95,97" machi="8" ten="20,8000,1" yaku="1,1,0,1,7,1,54,1,53,1" doraHai="28" doraHaiUra="80" who="1" fromWho="1" sc="170,-20,260,90,270,-40,290,-20" /><INIT seed="7,0,0,4,2,110" ten="150,350,230,270" oya="3" hai0="69,133,22,127,50,66,75,32,120,59,107,86,116" hai1="97,129,70,45,9,26,130,117,115,71,123,122,52" hai2="62,53,132,42,67,79,12,121,96,15,93,25,28" hai3="95,90,23,46,92,4,118,65,131,101,56,2,84"/><W14/><G118/><T113/><RYUUKYOKU type="yao9" ba="0,0" sc="150,0,350,0,230,0,270,0" hai0="22,32,50,59,66,69,75,86,107,113,116,120,127,133" /><INIT seed="7,1,0,4,2,83" ten="150,350,230,270" oya="3" hai0="132,126,109,18,11,121,93,19,31,64,5,37,57" hai1="21,71,133,91,1,134,55,112,102,22,90,12,15" hai2="97,62,106,80,108,118,32,34,124,81,45,28,26" hai3="74,135,111,73,100,86,59,7,79,42,72,52,3"/><W104/><G42/><T116/><D109/><U110/><E110/><V39/><F118/><W77/><G111/><T127/><D121/><U96/><E71/><V89/><F108/><W24/><G135/><N who="1" m="51722" /><E1/><V85/><F124/><N who="0" m="47658" /><D37/><U82/><E55/><V67/><F34/><W131/><G131/><T115/><D132/><U16/><E112/><V117/><F117/><W53/><G24/><T58/><D116/><U125/><E125/><V2/><F2/><W123/><G123/><T4/><D64/><U66/><E66/><V50/><F39/><W114/><G114/><T119/><D119/><U88/><E82/><V10/><F10/><W40/><G40/><T113/><D31/><U94/><E22/><V17/><F17/><N who="0" m="6154" /><D11/><U68/><E68/><V84/><F97/><W92/><G73/><T98/><D115/><U130/><E130/><V99/><F99/><W13/><G74/><T61/><D113/><U48/><E48/><V56/><F106/><W38/><G104/><T43/><D43/><U47/><E47/><V60/><F45/><W35/><G72/><T9/><D9/><U27/><AGARI ba="1,0" hai="12,15,16,21,27,88,90,91,94,96,102" m="51722" machi="27" ten="30,4000,0" yaku="20,1,54,2" doraHai="83" who="1" fromWho="1" sc="150,-11,350,43,230,-11,270,-21" owari="139,-36.0,393,49.0,219,-18.0,249,5.0" /></mjloggm>