<mjloggm ver="2.3"><GO type="97" lobby="0"/><UN n0="%E3%81%82%E3%81%96%E3%81%A8%E3%81%99" n1="%EF%BC%A0%E8%8B%A5%E6%9E%97" n2="%E5%B0%B1%E6%B4%BB%E7%94%9F%40%E5%B7%9D%E6%9D%91%E8%BB%8D%E5%9B%A3" n3="%4E%2E%4B%3B" dan="15,15,15,13" rate="2010.72,2002.27,2003.73,1873.75" sx="M,M,M,M"/><TAIKYOKU oya="0"/><INIT seed="0,0,0,2,1,87" ten="250,250,250,250" oya="0" hai0="6,48,10,27,112,124,93,96,38,129,115,58,102" hai1="26,49,44,7,18,74,108,105,41,66,82,5,106" hai2="67,28,80,53,75,19,134,133,86,101,132,50,125" hai3="61,34,25,90,127,23,39,100,16,91,40,13,55"/><T116/><D116/><U111/><E66/><V97/><F125/><W24/><G127/><T77/><D38/><U114/><E114/><V89/><F75/><W12/><G34/><T2/><D124/><U131/><E131/><V70/><F28/><W72/><G72/><T68/><D68/><U84/><E74/><V107/><F19/><W83/><G39/><T36/><D36/><U17/><E26/><N who="3" m="10346" /><G40/><T54/><D129/><U135/><E135/><V110/><F67/><W46/><G100/><T57/><D77/><N who="1" m="46159" /><E17/><V71/><REACH who="2" step="1"/><F110/><REACH who="2" ten="250,250,240,250" step="2"/><N who="1" m="42025" /><E18/><V59/><AGARI ba="0,1" hai="50,53,59,70,71,80,86,89,97,101,107,132,133,134" machi="59" ten="30,8000,1" yaku="1,1,0,1,20,1,52,1,53,1" doraHai="87" doraHaiUra="78" who="2" fromWho="2" sc="250,-40,250,-20,240,90,250,-20" /><INIT seed="1,0,0,2,4,122" ten="210,230,330,230" oya="1" hai0="104,72,14,8,27,17,129,94,109,30,132,0,117" hai1="113,88,83,41,101,67,49,128,34,55,15,116,62" hai2="81,48,45,114,65,29,24,107,21,22,4,16,28" hai3="84,69,25,131,97,6,133,59,112,40,76,46,52"/><U130/><E113/><V31/><F107/><W42/><G112/><T99/><D117/><U102/><E116/><V118/><F118/><W73/><G131/><N who="1" m="50218" /><E34/><V103/><F114/><W33/><G73/><T53/><D129/><U91/><E41/><N who="2" m="24623" /><F4/><W111/><G69/><T68/><D132/><U75/><E15/><N who="2" m="9375" /><F103/><N who="1" m="39433" /><E83/><V57/><F81/><W35/><G133/><T54/><D104/><U60/><E75/><V12/><F12/><W47/><G6/><T115/><D115/><U134/><E134/><V37/><F37/><W19/><G97/><T121/><D72/><U124/><E124/><V71/><F71/><W79/><G35/><T7/><D68/><N who="1" m="42087" /><E62/><AGARI ba="0,0" hai="22,24,28,29,31,57,62,65" m="9375,24623" machi="62" ten="30,2000,0" yaku="8,1,54,1" doraHai="122" who="2" fromWho="1" sc="210,0,230,-20,330,20,230,0" /><INIT seed="2,0,0,0,1,110" ten="210,210,350,230" oya="2" hai0="2,79,129,54,48,26,61,3,103,16,39,92,112" hai1="30,42,89,94,125,5,14,127,130,11,21,106,73" hai2="57,123,8,122,78,43,132,107,60,101,23,114,86" hai3="52,32,71,113,29,63,72,121,49,74,33,83,36"/><V77/><F43/><W111/><G121/><T37/><D79/><U19/><E106/><V18/><F132/><W4/><G36/><T69/><D129/><U117/><E117/><V38/><F38/><W24/><G113/><T59/><D112/><U22/><E73/><V87/><F114/><W27/><G111/><T102/><D39/><U55/><E42/><V34/><F34/><W80/><G4/><T95/><D37/><U98/><E130/><V50/><F8/><W91/><G71/><T105/><D105/><U120/><E120/><V126/><F126/><N who="1" m="48137" /><E55/><V135/><F50/><W35/><G63/><T128/><D128/><U131/><E131/><V47/><F47/><W7/><G7/><T15/><D26/><N who="1" m="16727" /><E21/><V70/><F107/><W6/><G6/><AGARI ba="0,0" hai="5,6,11,14,19,89,94,98" m="16727,48137" machi="6" ten="30,1000,0" yaku="18,1" doraHai="110" who="1" fromWho="3" sc="210,0,210,10,350,0,230,-10" /><INIT seed="3,0,0,2,3,114" ten="210,220,350,220" oya="3" hai0="14,53,1,128,79,47,37,134,63,93,16,69,75" hai1="130,70,18,100,40,45,64,113,56,101,6,84,23" hai2="36,123,91,80,55,25,76,120,54,7,61,51,60" hai3="116,66,97,62,94,124,15,96,57,17,9,83,12"/><W132/><G116/><T10/><D128/><U26/><E70/><V19/><F36/><W8/><G132/><T126/><D134/><U121/><E121/><N who="2" m="46667" /><F7/><W35/><G35/><T72/><D126/><U22/><E6/><V106/><F91/><W105/><G124/><T74/><D1/><U109/><E109/><V68/><F106/><W82/><G105/><T86/><D69/><U104/><E104/><V87/><F55/><W92/><G92/><T30/><D30/><N who="1" m="17751" /><E130/><V119/><F68/><W31/><G31/><T2/><D2/><U20/><E20/><N who="2" m="13471" /><F119/><W118/><G118/><T27/><D27/><N who="1" m="14839" /><E113/><V131/><F131/><W125/><G125/><T49/><D37/><U43/><E45/><AGARI ba="0,0" hai="45,51,54,60,61,76,80,87" m="13471,46667" machi="45" ten="30,1000,0" yaku="13,1" doraHai="114" who="2" fromWho="1" sc="210,0,220,-10,350,10,220,0" owari="210,-19.0,210,-29.0,360,46.0,220,2.0" /></mjloggm>