<mjloggm ver="2.3"><GO type="169" lobby="0"/><UN n0="%E3%82%A6%E3%83%AB%E3%83%88%E3%83%A9%E7%AB%8B%E7%9B%B4" n1="%E2%80%A0%73%74%72%61%77%E2%80%A0" n2="%E3%80%90%E7%BD%AA%E6%AD%8C%E3%80%91" n3="%E3%83%89%E3%83%A9%E3%83%AD%E3%83%B3%E3%83%80%E3%82%A4%E3%83%B4" dan="17,16,18,16" rate="2128.93,2103.29,2228.17,2163.85" sx="M,M,F,M"/><TAIKYOKU oya="0"/><INIT seed="0,0,0,2,1,56" ten="250,250,250,250" oya="0" hai0="86,114,80,108,79,17,63,83,22,28,91,74,46" hai1="12,62,135,124,121,6,21,115,31,95,94,66,53" hai2="51,88,11,29,40,33,75,7,26,113,60,61,98" hai3="70,104,39,30,102,77,32,9,82,87,71,85,49"/><T0/><D0/><U128/><E121/><V105/><F75/><W16/><G39/><T58/><D114/><U107/><E107/><V15/><F113/><W134/><G134/><T84/><D108/><U132/><E115/><V34/><F34/><W129/><G129/><T23/><D46/><U131/><E124/><V36/><F36/><W48/><G32/><T10/><D28/><U54/><E31/><V2/><F2/><W127/><G127/><T93/><D10/><N who="1" m="4183" /><E21/><V90/><F40/><W96/><G30/><T67/><REACH who="0" step="1"/><D17/><REACH who="0" ten="240,250,250,250" step="2"/><U4/><E132/><V43/><F43/><W99/><G16/><T50/><D50/><U69/><E135/><V42/><F51/><W97/><G48/><T110/><D110/><U116/><E116/><V125/><F42/><W65/><G49/><T24/><D24/><U92/><E131/><V45/><F45/><W18/><G18/><T44/><D44/><U117/><E128/><V68/><F125/><W38/><G9/><T8/><D8/><U133/><E117/><V111/><F111/><W81/><G38/><T109/><D109/><U13/><E133/><V130/><F130/><W72/><G72/><T76/><AGARI ba="0,1" hai="22,23,58,63,67,74,76,79,80,83,84,86,91,93" machi="76" ten="20,12000,1" yaku="1,1,0,1,7,1,52,1,53,1" doraHai="56" doraHaiUra="89" who="0" fromWho="0" sc="240,130,250,-40,250,-40,250,-40" /><INIT seed="0,1,0,0,0,123" ten="370,210,210,210" oya="0" hai0="52,82,4,118,77,135,71,19,74,13,97,0,88" hai1="78,114,57,95,32,110,11,21,6,46,59,117,105" hai2="89,68,44,5,22,51,62,131,80,58,84,9,104" hai3="83,61,33,130,30,66,3,53,42,100,93,127,56"/><T73/><D71/><U116/><E105/><V72/><F131/><W47/><G3/><T20/><D118/><U37/><E32/><V99/><F72/><W63/><G130/><T29/><D29/><U81/><E114/><V27/><F68/><W115/><G115/><T16/><D135/><U129/><E129/><V8/><F104/><W60/><G127/><T7/><D0/><U101/><E21/><V14/><F99/><W39/><G66/><T124/><D74/><U28/><E28/><V69/><F69/><W87/><G30/><T34/><D34/><U126/><E126/><V113/><F9/><W41/><G33/><T54/><D4/><U70/><E70/><V55/><F113/><W121/><G121/><T25/><D7/><U36/><E101/><V38/><F38/><N who="1" m="14953" /><E46/><V1/><F1/><W64/><G64/><T40/><D124/><U122/><E95/><V23/><REACH who="2" step="1"/><F27/><REACH who="2" ten="370,210,200,210" step="2"/><W75/><G75/><T107/><D73/><N who="1" m="43215" /><E122/><V67/><AGARI ba="1,1" hai="5,8,14,22,23,44,51,55,58,62,67,80,84,89" machi="67" ten="20,5200,0" yaku="1,1,0,1,7,1,8,1,53,0" doraHai="123" doraHaiUra="128" who="2" fromWho="2" sc="370,-27,210,-14,200,65,210,-14" /><INIT seed="1,0,0,3,0,60" ten="343,196,265,196" oya="1" hai0="65,16,1,83,19,12,89,133,111,27,0,81,47" hai1="31,21,56,68,58,32,116,23,113,112,34,134,125" hai2="124,25,33,132,37,70,9,79,104,118,67,11,75" hai3="90,64,100,13,44,91,98,128,2,71,106,36,73"/><U135/><E68/><V24/><F118/><W126/><G2/><T74/><D111/><U6/><E116/><V43/><F24/><W80/><G128/><T42/><D83/><U76/><E76/><V46/><F132/><N who="1" m="50729" /><E125/><V18/><F124/><W92/><G126/><T40/><D40/><U123/><E123/><V66/><F70/><W85/><G73/><T129/><D129/><U48/><E48/><V86/><F104/><W50/><G36/><T22/><D74/><U117/><E117/><V94/><F75/><W130/><G130/><T59/><D81/><U82/><E82/><V63/><F63/><W3/><G3/><T4/><D0/><U101/><E101/><V35/><F79/><W107/><G71/><T105/><D89/><U30/><E56/><V45/><F45/><W57/><G57/><T96/><D1/><U15/><E58/><V29/><F35/><N who="1" m="13353" /><E6/><V28/><F28/><N who="1" m="10793" /><E15/><V109/><F109/><W93/><G13/><T14/><D14/><U119/><E119/><V87/><F18/><W122/><G122/><T103/><D4/><U7/><E7/><V54/><F54/><N who="3" m="30023" /><G80/><T110/><D110/><U41/><E41/><V120/><F120/><W62/><G100/><T38/><D133/><U115/><AGARI ba="0,0" hai="21,23,112,113,115" m="10793,13353,50729" machi="115" ten="40,12000,1" yaku="28,2,20,1,34,2" doraHai="60" who="1" fromWho="1" sc="343,-40,196,120,265,-40,196,-40" /><INIT seed="1,1,0,4,1,59" ten="303,316,225,156" oya="1" hai0="84,20,82,110,52,40,63,13,42,116,64,58,34" hai1="109,31,115,3,83,126,107,129,29,8,10,50,37" hai2="48,73,106,79,77,95,2,134,60,41,98,23,67" hai3="68,53,7,14,105,89,6,9,24,108,62,78,1"/><U130/><E37/><V22/><F2/><W5/><G105/><T85/><D34/><U32/><E107/><V27/><F106/><W94/><G108/><T70/><D110/><U26/><E115/><V128/><F128/><N who="1" m="49257" /><E109/><V39/><F134/><W81/><G1/><T19/><D116/><U18/><E83/><V132/><F39/><W72/><G24/><T71/><D84/><U88/><E50/><V133/><F22/><W76/><G76/><T93/><D93/><U99/><E126/><V125/><F125/><W104/><G104/><T21/><D21/><N who="1" m="13623" /><E32/><V56/><F73/><W54/><G54/><T97/><D97/><U4/><E99/><V69/><F133/><W103/><G103/><T66/><D71/><U65/><E88/><N who="2" m="55655" /><F69/><W114/><G114/><T16/><D19/><U102/><E65/><N who="0" m="25193" /><D70/><U46/><E102/><V55/><F132/><W111/><G111/><T121/><D121/><U131/><E46/><N who="2" m="25679" /><F67/><W91/><G68/><T122/><D122/><U51/><E131/><V96/><F96/><W80/><G72/><T12/><D12/><N who="1" m="5127" /><E51/><V30/><AGARI ba="1,0" hai="23,27,30,55,56,60,77,79" m="25679,55655" machi="30" ten="30,4000,0" yaku="8,1,52,1,54,1" doraHai="59" who="2" fromWho="2" sc="303,-11,316,-21,225,43,156,-11" /><INIT seed="2,0,0,3,2,39" ten="292,295,268,145" oya="2" hai0="56,6,47,73,34,135,10,64,11,113,24,74,114" hai1="71,97,117,85,26,30,82,37,48,27,130,5,79" hai2="20,51,35,44,9,106,60,98,131,112,77,28,16" hai3="67,92,93,42,123,91,57,109,76,124,84,125,41"/><V32/><F112/><W86/><G123/><T133/><D56/><U65/><E117/><V95/><F106/><W66/><G109/><T46/><D64/><N who="3" m="24617" /><G57/><T63/><D63/><U7/><E37/><V43/><F131/><W87/><G76/><T22/><D22/><U53/><E130/><V3/><F60/><W128/><G128/><T99/><D24/><U122/><E122/><V83/><F28/><W21/><G21/><T134/><D99/><U119/><E119/><V68/><F68/><W129/><G129/><T25/><D25/><U132/><E132/><V111/><F111/><W108/><G108/><T59/><D59/><U13/><E71/><V18/><F3/><W118/><G118/><T52/><D34/><U12/><E65/><V1/><F1/><W33/><G33/><T2/><D11/><N who="1" m="4207" /><E30/><V100/><F9/><W40/><G91/><T62/><D62/><U45/><E27/><V121/><F121/><W94/><AGARI ba="0,0" hai="40,41,42,84,86,87,92,93,94,124,125" m="24617" machi="94" ten="40,12000,2" yaku="29,2,28,2,52,3" doraHai="39" who="3" fromWho="3" sc="292,-30,295,-30,268,-60,145,120" /><INIT seed="3,0,0,0,3,28" ten="262,265,208,265" oya="3" hai0="46,112,85,100,35,70,23,31,133,83,8,2,123" hai1="132,48,79,117,67,74,72,19,126,55,116,22,77" hai2="17,108,53,68,58,95,52,14,130,51,106,40,109" hai3="80,86,50,33,57,128,37,102,44,119,5,56,97"/><W49/><G119/><N who="1" m="45642" /><E126/><V124/><F106/><W25/><G37/><T94/><D70/><U101/><E132/><V90/><F68/><W89/><G128/><T3/><D123/><U15/><E67/><V129/><F124/><W34/><G5/><T18/><D46/><N who="1" m="28055" /><E101/><V76/><F76/><AGARI ba="0,0" hai="15,19,22,72,74,76,77,79" m="28055,45642" machi="76" ten="30,1000,0" yaku="12,1" doraHai="28" who="1" fromWho="2" sc="262,0,265,10,208,-10,265,0" /><INIT seed="4,0,0,3,3,111" ten="262,275,198,265" oya="0" hai0="2,19,134,3,51,87,25,102,47,56,30,95,65" hai1="83,31,66,42,9,68,45,75,6,44,41,86,108" hai2="76,130,85,109,132,32,105,70,94,131,101,122,54" hai3="133,69,125,1,135,106,39,4,15,113,27,119,34"/><T118/><D118/><U74/><E108/><V0/><F54/><W79/><RYUUKYOKU type="yao9" ba="0,0" sc="262,0,275,0,198,0,265,0" hai3="1,4,15,27,34,39,69,79,106,113,119,125,133,135" /><INIT seed="4,1,0,2,3,87" ten="262,275,198,265" oya="0" hai0="7,95,66,83,131,107,77,86,70,68,49,112,15" hai1="81,63,17,55,89,103,23,134,25,9,82,111,51" hai2="93,24,117,79,123,47,118,18,36,28,74,84,29" hai3="33,116,26,113,0,130,52,94,71,105,122,75,124"/><T16/><D107/><U73/><E111/><V114/><F123/><W109/><RYUUKYOKU type="yao9" ba="1,0" sc="262,0,275,0,198,0,265,0" hai3="0,26,33,52,71,75,94,105,109,113,116,122,124,130" /><INIT seed="4,2,0,4,3,85" ten="262,275,198,265" oya="0" hai0="66,132,133,43,12,128,64,53,23,84,126,55,33" hai1="125,15,95,72,71,102,60,73,80,78,21,42,104" hai2="32,82,28,56,61,131,3,110,116,18,134,8,25" hai3="68,105,100,4,65,27,48,57,54,52,6,127,67"/><T124/><D33/><U39/><E125/><N who="0" m="48233" /><D43/><U35/><E95/><V16/><F110/><W75/><G75/><T89/><D23/><U91/><E91/><V46/><F134/><N who="0" m="51818" /><D12/><U83/><E15/><V117/><F82/><W122/><G127/><T17/><D17/><U94/><E21/><V81/><F81/><W86/><G122/><T99/><D99/><N who="1" m="61535" /><E94/><V79/><F18/><W135/><G135/><T93/><D128/><U37/><E35/><V0/><F131/><W5/><G5/><T44/><D44/><U129/><E42/><V118/><F46/><W63/><G4/><T58/><D55/><U107/><E107/><V26/><F79/><W119/><G54/><T114/><D114/><U11/><E11/><V130/><F130/><W19/><G52/><T41/><D41/><U62/><E62/><AGARI ba="2,0" hai="53,58,62,64,66,84,89,93" m="51818,48233" machi="62" ten="30,5800,0" yaku="18,1,20,1,52,1" doraHai="85" who="0" fromWho="1" sc="262,64,275,-64,198,0,265,0" /><INIT seed="4,3,0,1,2,29" ten="326,211,198,265" oya="0" hai0="92,58,68,101,18,19,71,70,49,76,107,35,126" hai1="0,30,47,87,55,16,51,11,129,67,8,1,27" hai2="53,91,115,38,60,131,2,94,45,39,59,72,128" hai3="42,63,17,40,78,122,64,99,6,110,33,69,120"/><T44/><D107/><U28/><E129/><N who="2" m="49739" /><F2/><W125/><G110/><T23/><D76/><U89/><E67/><V96/><F72/><W52/><G125/><T66/><D58/><U32/><E30/><V61/><F115/><W50/><G33/><T43/><D35/><U134/><E134/><V77/><F77/><W85/><G6/><T5/><D5/><U48/><E48/><N who="2" m="28815" /><F61/><W132/><G132/><T93/><D66/><AGARI ba="3,0" hai="38,39,59,60,66,91,94,96" m="28815,49739" machi="66" ten="30,1000,0" yaku="19,1" doraHai="29" who="2" fromWho="0" sc="326,-19,211,0,198,19,265,0" /><INIT seed="5,0,0,5,1,68" ten="307,211,217,265" oya="1" hai0="13,109,58,123,67,93,79,71,99,84,9,115,55" hai1="41,47,32,73,14,23,1,15,74,121,39,37,126" hai2="94,6,130,77,103,2,122,81,82,50,135,124,8" hai3="49,125,48,12,87,33,38,61,34,116,117,72,111"/><U4/><E121/><V7/><F122/><W120/><G120/><T0/><D123/><RYUUKYOKU type="kaze4" ba="0,0" sc="307,0,211,0,217,0,265,0" /><INIT seed="5,1,0,2,5,86" ten="307,211,217,265" oya="1" hai0="121,14,63,114,107,132,35,109,111,31,1,99,51" hai1="116,112,36,60,42,129,5,34,64,61,87,7,104" hai2="41,135,8,3,124,12,92,82,72,97,79,127,77" hai3="32,25,33,2,46,38,102,49,115,130,80,66,10"/><U110/><E116/><V0/><F41/><W94/><G38/><T29/><D99/><U48/><E104/><V90/><F135/><W57/><G130/><T37/><D51/><U113/><E34/><V128/><F128/><W76/><G115/><N who="1" m="44106" /><E129/><V59/><F59/><W53/><G25/><T131/><D63/><N who="1" m="24139" /><E64/><V108/><F79/><W70/><G70/><T81/><D35/><U18/><E110/><V62/><F62/><W19/><G66/><T98/><D107/><U20/><E36/><V4/><REACH who="2" step="1"/><F108/><REACH who="2" ten="307,211,207,265" step="2"/><W15/><G76/><T119/><D131/><U47/><E87/><V28/><F28/><W22/><G57/><T67/><D31/><U95/><E95/><V65/><F65/><W52/><G53/><T17/><D29/><U118/><E118/><V88/><F88/><W45/><G52/><T71/><D119/><U133/><E133/><V55/><F55/><W68/><G68/><T11/><D71/><U73/><E73/><V78/><F78/><W126/><G126/><AGARI ba="1,1" hai="0,3,4,8,12,72,77,82,90,92,97,124,126,127" machi="126" ten="40,5200,0" yaku="1,1,18,1,52,1,53,0" doraHai="86" doraHaiUra="101" who="2" fromWho="3" sc="307,0,211,0,207,65,265,-55" /><INIT seed="6,0,0,4,3,7" ten="307,211,272,210" oya="2" hai0="46,83,96,0,50,60,4,127,101,16,133,118,119" hai1="130,40,15,29,32,135,129,110,78,76,128,37,10" hai2="56,98,67,53,21,59,63,3,19,81,5,12,18" hai3="112,90,89,109,102,114,49,43,31,2,9,116,23"/><V73/><F3/><W61/><G109/><T126/><D133/><U41/><E110/><V108/><F108/><W38/><G38/><T82/><D60/><U87/><E135/><V79/><F98/><W107/><G116/><T115/><D115/><N who="3" m="44073" /><G102/><T88/><D4/><N who="1" m="3527" /><E37/><V22/><F5/><N who="3" m="1207" /><G107/><T62/><D0/><U14/><E14/><V106/><F106/><W113/><N who="3" m="44081" /><W64/><DORA hai="100" /><G31/><T58/><D101/><U104/><E104/><V45/><F45/><N who="3" m="25791" /><G23/><T70/><D119/><U105/><E105/><V121/><F121/><W25/><G25/><T125/><D118/><U134/><E134/><V74/><F74/><W122/><G122/><T57/><D126/><U1/><E1/><V91/><F91/><W66/><G66/><T27/><D88/><U86/><E29/><V34/><F34/><W117/><G117/><T35/><D35/><U75/><E32/><V84/><F73/><W123/><G123/><T33/><D33/><U17/><E17/><N who="2" m="10407" /><F22/><W69/><AGARI ba="0,0" hai="61,64,69,89,90" m="25791,1207,44081" machi="69" ten="40,5200,0" yaku="15,1,11,1,52,1" doraHai="7,100" who="3" fromWho="3" sc="307,-13,211,-13,272,-26,210,52" /><INIT seed="7,0,0,0,1,124" ten="294,198,246,262" oya="3" hai0="1,22,109,111,69,114,125,10,83,63,72,120,38" hai1="49,102,84,8,2,27,94,6,61,67,86,92,113" hai2="96,31,133,43,21,107,46,3,135,59,91,16,103" hai3="121,127,88,25,81,19,134,55,33,115,64,105,23"/><W98/><G121/><T116/><RYUUKYOKU type="yao9" ba="0,0" sc="294,0,198,0,246,0,262,0" hai0="1,10,22,38,63,69,72,83,109,111,114,116,120,125" /><INIT seed="7,1,0,4,2,87" ten="294,198,246,262" oya="3" hai0="111,84,53,86,114,30,74,126,63,124,122,100,19" hai1="95,38,98,104,112,62,5,25,82,6,21,36,11" hai2="81,56,125,9,27,83,51,64,119,134,16,113,28" hai3="80,120,73,39,46,118,54,47,108,42,107,40,66"/><W94/><G107/><T77/><D114/><U71/><E112/><V110/><F119/><W133/><G118/><T132/><D132/><U32/><E104/><V115/><F110/><W121/><G94/><T127/><D122/><N who="3" m="47209" /><G80/><N who="0" m="45111" /><D111/><U90/><E32/><V10/><F125/><W59/><G73/><T123/><D123/><U3/><E5/><V129/><F129/><W20/><G20/><T99/><D30/><U55/><E82/><V0/><F134/><W23/><G23/><T31/><D31/><U1/><E1/><V8/><F0/><W65/><G108/><T70/><D19/><U52/><E71/><V45/><F16/><W17/><G17/><T13/><D13/><U18/><E55/><N who="2" m="30191" /><F115/><W109/><G109/><T93/><D53/><U29/><E29/><V78/><F78/><W34/><G34/><T85/><D70/><U101/><E101/><V49/><F113/><W106/><G106/><N who="0" m="63775" /><D63/><U41/><E41/><V15/><F15/><W103/><G103/><T12/><D12/><U76/><E76/><V44/><F28/><W58/><G133/><T61/><D61/><U105/><E105/><V43/><F27/><W67/><G54/><T97/><D97/><U91/><E91/><AGARI ba="1,0" hai="84,85,86,91,93,124,126,127" m="63775,45111" machi="91" ten="30,8000,1" yaku="24,1,18,1,34,2,52,1" doraHai="87" who="0" fromWho="1" sc="294,83,198,-83,246,0,262,0" owari="377,47.0,115,-38.0,246,-15.0,262,6.0" /></mjloggm>