<mjloggm ver="2.3"><GO type="169" lobby="0"/><UN n0="%E5%B0%B1%E6%B4%BB%E7%94%9F%40%E5%B7%9D%E6%9D%91%E8%BB%8D%E5%9B%A3" n1="%E4%B8%AD%E6%9D%91%E8%B1%AA" n2="%E6%96%B0%E6%BD%9F%E3%83%89%E3%83%A9%E3%82%B4%E3%83%B3" n3="%E3%81%A0%E3%81%A3%E3%81%A6%E3%81%84%E3%81%86" dan="16,16,16,16" rate="2031.40,2154.09,2167.62,2086.16" sx="M,M,F,M"/><TAIKYOKU oya="0"/><INIT seed="0,0,0,5,1,135" ten="250,250,250,250" oya="0" hai0="109,42,50,85,25,88,90,108,74,132,71,28,5" hai1="2,36,98,59,55,57,11,86,110,20,17,43,129" hai2="61,39,79,96,65,21,103,30,118,120,41,16,94" hai3="124,127,6,66,56,73,125,19,53,72,3,52,82"/><T128/><D74/><N who="3" m="28777" /><G82/><T29/><D71/><U63/><E110/><N who="0" m="42601" /><D132/><U80/><E129/><V87/><F120/><W33/><G33/><N who="0" m="20623" /><D128/><U68/><E68/><V13/><F118/><W75/><G75/><T58/><D29/><U111/><E111/><V97/><F30/><W101/><G101/><T105/><D105/><U49/><E43/><V95/><F41/><W99/><G99/><T122/><D122/><U76/><E98/><V51/><F39/><W23/><G6/><T62/><D5/><U24/><E36/><V18/><F103/><W12/><G3/><T67/><D85/><U7/><REACH who="1" step="1"/><E63/><AGARI ba="0,0" hai="12,19,23,52,53,56,63,66,124,125,127" m="28777" machi="63" ten="40,8000,1" yaku="18,1,52,3,54,1" doraHai="135" who="3" fromWho="1" sc="250,0,250,-80,250,0,250,80" /><INIT seed="1,0,0,1,0,50" ten="250,170,250,330" oya="1" hai0="102,111,1,84,93,63,60,113,133,94,41,101,31" hai1="43,124,13,131,69,86,95,72,122,57,19,42,97" hai2="47,117,7,66,22,28,132,33,104,2,125,128,90" hai3="115,74,118,116,114,59,49,5,78,51,87,134,45"/><U21/><E69/><V73/><F104/><W91/><G134/><T32/><D1/><U14/><E72/><V77/><F66/><W54/><G5/><T9/><D133/><U107/><E122/><V65/><F90/><W29/><G29/><T98/><D113/><U71/><E71/><V126/><F22/><W129/><G78/><T79/><D111/><U82/><E107/><V85/><F85/><W20/><G20/><T17/><D41/><U25/><E131/><V18/><F18/><W76/><G76/><T37/><D37/><U10/><E124/><V64/><F47/><W30/><G30/><T39/><D39/><U16/><E25/><N who="2" m="18575" /><F117/><N who="3" m="45163" /><G74/><T46/><D46/><U120/><E120/><V52/><F132/><W35/><G35/><T3/><D31/><U55/><E82/><N who="2" m="45359" /><F128/><W26/><G26/><T53/><D32/><U127/><E127/><N who="2" m="48651" /><F7/><W135/><G135/><T27/><D27/><U108/><E108/><V88/><F2/><W4/><G4/><T11/><D3/><U40/><E86/><V62/><F88/><W83/><G129/><T105/><D17/><U92/><REACH who="1" step="1"/><E97/><REACH who="1" ten="250,160,250,330" step="2"/><V67/><F62/><AGARI ba="0,1" hai="10,13,14,16,19,21,40,42,43,55,57,62,92,95" machi="62" ten="40,18000,2" yaku="1,1,2,1,8,1,52,1,54,1,53,2" doraHai="50" doraHaiUra="15" who="1" fromWho="2" sc="250,0,160,190,250,-180,330,0" /><INIT seed="1,1,0,3,5,59" ten="250,350,70,330" oya="1" hai0="66,80,54,50,19,63,73,18,110,132,30,44,25" hai1="77,26,36,98,8,9,62,52,111,28,78,35,24" hai2="40,131,91,96,74,17,117,16,108,49,71,97,42" hai3="6,48,114,27,55,135,33,67,1,126,23,133,5"/><U99/><E36/><V29/><F117/><W2/><G114/><T115/><D115/><U113/><E113/><V41/><F74/><W31/><G67/><T21/><D132/><N who="3" m="50761" /><G126/><T75/><D110/><U47/><E111/><V121/><F121/><W39/><G39/><T11/><D80/><U64/><E26/><V123/><F123/><W119/><G119/><T7/><D75/><U134/><E134/><V95/><F108/><W79/><G79/><T81/><D81/><U14/><E9/><V125/><F125/><W94/><G94/><T89/><D89/><U15/><E15/><V106/><F71/><W3/><G55/><T107/><D107/><U102/><E98/><V88/><F131/><W129/><G48/><T57/><REACH who="0" step="1"/><D73/><REACH who="0" ten="240,350,70,330" step="2"/><U72/><E72/><V85/><F106/><W53/><G129/><T87/><D87/><U12/><E78/><V124/><F124/><W65/><G3/><AGARI ba="1,1" hai="3,7,11,18,19,21,25,30,44,50,54,57,63,66" machi="3" ten="30,3900,0" yaku="1,1,7,1,52,1,53,0" doraHai="59" doraHaiUra="93" who="0" fromWho="3" sc="240,52,350,0,70,0,330,-42" /><INIT seed="2,0,0,3,4,100" ten="292,350,70,288" oya="2" hai0="103,105,40,25,17,118,101,84,37,13,27,53,19" hai1="99,104,123,87,76,64,52,115,107,124,78,48,88" hai2="38,56,83,102,44,112,130,59,12,43,58,72,81" hai3="15,47,133,62,14,109,86,85,68,108,66,70,33"/><V9/><F112/><W31/><G133/><T42/><D118/><U91/><E64/><V36/><F130/><W45/><G70/><T34/><D34/><U30/><E115/><V121/><F121/><W60/><G31/><T120/><D120/><U69/><E69/><V98/><F38/><W0/><G0/><T79/><D53/><U10/><E30/><V63/><F63/><W21/><G33/><T106/><D13/><N who="3" m="4617" /><G21/><T114/><D114/><U96/><E10/><V35/><F72/><W29/><G29/><T89/><D89/><U22/><E22/><V5/><REACH who="2" step="1"/><F35/><REACH who="2" ten="292,350,60,288" step="2"/><W65/><G62/><T116/><D37/><U90/><E123/><V39/><F39/><W131/><G131/><T23/><D116/><U132/><E132/><V8/><F8/><W117/><G117/><T2/><D23/><U71/><E48/><V41/><F41/><W49/><G49/><T3/><D84/><U97/><E87/><V134/><F134/><W32/><G32/><T129/><D129/><U54/><E71/><V74/><F74/><W26/><G68/><T80/><D80/><U7/><E7/><V16/><F16/><W113/><G86/><T77/><AGARI ba="0,1" hai="2,3,17,19,25,27,40,42,77,79,101,103,105,106" machi="77" ten="25,8000,1" yaku="0,1,22,2,52,2" doraHai="100" who="0" fromWho="0" sc="292,90,350,-20,60,-40,288,-20" /><INIT seed="3,0,0,5,4,60" ten="382,330,20,268" oya="3" hai0="75,24,47,44,38,70,93,77,126,96,97,110,85" hai1="117,45,122,114,120,79,134,65,55,41,30,80,64" hai2="84,100,128,15,4,82,119,62,104,71,106,35,18" hai3="103,46,20,72,53,59,74,69,37,99,123,108,3"/><W83/><G69/><T89/><D126/><U127/><E114/><V32/><F119/><W95/><G123/><T27/><D110/><U101/><E101/><V5/><F35/><W109/><G3/><T43/><D70/><U36/><E134/><V76/><F32/><W26/><G37/><T23/><D24/><U131/><E30/><V112/><F112/><W48/><G46/><T50/><D75/><U124/><E131/><V133/><F133/><W105/><G105/><T42/><REACH who="0" step="1"/><D77/><REACH who="0" ten="372,330,20,268" step="2"/><U9/><E79/><V52/><F128/><W78/><REACH who="3" step="1"/><G72/><REACH who="3" ten="372,330,20,258" step="2"/><T29/><AGARI ba="0,2" hai="23,27,29,38,42,43,44,47,50,85,89,93,96,97" machi="29" ten="20,8000,1" yaku="1,1,2,1,0,1,7,1,53,1" doraHai="60" doraHaiUra="21" who="0" fromWho="0" sc="372,100,330,-20,20,-20,258,-40" /><INIT seed="4,0,0,5,2,117" ten="472,310,0,218" oya="0" hai0="38,94,55,108,132,83,97,49,53,63,130,73,35" hai1="33,8,60,74,36,31,0,126,95,62,51,84,76" hai2="104,92,15,28,70,71,58,52,106,93,18,69,102" hai3="30,20,12,86,82,11,72,24,134,6,129,110,122"/><T133/><D38/><U17/><E36/><V80/><F28/><W65/><G110/><T56/><D35/><U59/><E126/><V124/><F80/><W101/><G101/><T48/><D130/><U107/><E107/><V27/><F27/><W120/><G65/><T61/><D108/><U128/><E128/><V3/><F3/><W123/><G129/><T91/><D73/><U54/><E74/><V109/><F109/><W44/><G44/><N who="0" m="27783" /><D83/><U41/><E41/><V19/><F124/><W10/><G72/><T112/><D112/><U25/><E0/><V131/><F131/><W16/><G134/><AGARI ba="0,0" hai="49,55,56,61,63,91,94,97,132,133,134" m="27783" machi="134" ten="30,1500,0" yaku="20,1" doraHai="117" who="0" fromWho="3" sc="472,15,310,0,0,0,218,-15" /><INIT seed="4,1,0,2,1,57" ten="487,310,0,203" oya="0" hai0="37,85,135,81,108,33,105,21,24,3,121,52,119" hai1="72,26,116,92,103,97,11,75,94,16,113,39,66" hai2="131,46,43,93,53,90,14,7,40,17,101,117,41" hai3="125,60,109,84,112,128,132,35,78,129,126,31,63"/><T30/><D105/><U124/><E39/><V20/><F131/><N who="3" m="50251" /><G109/><T36/><D3/><U95/><E116/><V104/><F117/><W70/><G70/><T71/><D71/><U62/><E124/><N who="3" m="47722" /><G112/><T12/><D121/><U32/><E113/><V22/><F7/><W19/><G19/><T106/><D37/><U42/><E42/><N who="2" m="10755" /><V27/><DORA hai="2" /><F104/><W48/><G48/><T4/><D36/><U100/><E62/><V98/><F53/><W44/><G44/><T115/><D52/><U13/><E66/><V111/><F111/><W73/><G73/><T65/><D4/><U91/><E75/><V51/><F51/><W69/><G69/><T88/><D65/><U122/><E72/><V50/><F50/><W0/><G0/><T110/><D119/><U80/><E16/><N who="2" m="12743" /><F46/><W107/><G107/><T79/><D106/><U76/><E94/><V118/><F118/><W67/><G67/><T86/><D115/><U34/><E92/><V15/><F101/><W130/><G130/><T64/><D110/><U45/><E95/><V114/><F114/><W59/><G59/><T18/><D64/><U25/><E100/><V83/><F83/><N who="3" m="47223" /><G31/><T6/><D108/><U54/><E103/><V68/><F68/><W28/><G28/><T134/><D6/><U58/><E58/><V9/><F9/><W99/><G35/><T47/><D47/><U38/><E34/><V56/><F56/><W55/><G55/><T29/><D30/><U82/><E54/><V23/><F17/><W127/><G127/><T61/><D61/><N who="3" m="23625" /><G99/><T133/><D29/><U49/><E45/><RYUUKYOKU ba="1,0" sc="487,-15,310,-15,0,15,203,15" hai2="14,15,20,23,90,93,98" hai3="132" /><INIT seed="5,2,0,5,3,26" ten="472,295,15,218" oya="1" hai0="129,100,131,102,69,111,9,65,37,106,73,81,110" hai1="21,133,130,83,48,124,72,4,36,34,103,123,18" hai2="56,120,62,108,78,63,57,15,86,58,96,53,41" hai3="125,97,68,89,64,27,51,84,107,70,67,114,29"/><U49/><E36/><V101/><F108/><N who="0" m="41514" /><D37/><U82/><E123/><V17/><F41/><W8/><G114/><T91/><D65/><U79/><E130/><N who="0" m="49673" /><D69/><U54/><E133/><V119/><F119/><W71/><G125/><T19/><D106/><U121/><E124/><V45/><F120/><W52/><G8/><T94/><D19/><U99/><E121/><V76/><F45/><W35/><G97/><N who="0" m="57567" /><D9/><U128/><E128/><V16/><F58/><W0/><G0/><T14/><D14/><U25/><E54/><V61/><F61/><W6/><G6/><T92/><D92/><U85/><E4/><V127/><F127/><W11/><G11/><T115/><D115/><U134/><E134/><V31/><F31/><W3/><G107/><T13/><D13/><U47/><E47/><V38/><F38/><W98/><G3/><T113/><D113/><U43/><E43/><V93/><F86/><W126/><G98/><T30/><D30/><U117/><E34/><V12/><F12/><W28/><G28/><T24/><D24/><U39/><E39/><V112/><F112/><W50/><G126/><T87/><D73/><U5/><E5/><V132/><F132/><W55/><G64/><T33/><D33/><U20/><E20/><N who="2" m="11295" /><F17/><W118/><G67/><AGARI ba="2,0" hai="53,56,57,62,63,67,76,78,93,96,101" m="11295" machi="67" ten="30,2000,0" yaku="8,1,54,1" doraHai="26" who="2" fromWho="3" sc="472,0,295,0,15,26,218,-26" /><INIT seed="6,0,0,1,1,11" ten="472,295,41,192" oya="2" hai0="56,2,7,12,45,54,64,122,49,29,95,55,14" hai1="52,36,103,131,123,38,15,108,129,106,10,19,60" hai2="25,81,50,58,48,114,33,3,4,117,26,69,94" hai3="27,105,76,63,78,91,42,97,102,43,101,62,16"/><V41/><F117/><W87/><G102/><T18/><D122/><U104/><E108/><V128/><F69/><W135/><G135/><T66/><D29/><U0/><E0/><V88/><F33/><W134/><G134/><T74/><D74/><U21/><E123/><V127/><F81/><W107/><G107/><T51/><D2/><U86/><E86/><N who="2" m="52503" /><F3/><W126/><G126/><T111/><D111/><U116/><E104/><V8/><F127/><W110/><G110/><T28/><D28/><U109/><E106/><V5/><F128/><W34/><G78/><T17/><D7/><N who="2" m="2634" /><F114/><W85/><G76/><T1/><D95/><U9/><E38/><V47/><F8/><W44/><G87/><T82/><D82/><U99/><E36/><V53/><AGARI ba="0,0" hai="25,26,41,47,48,50,53,58" m="2634,52503" machi="53" ten="30,3000,0" yaku="8,1,54,1" doraHai="11" who="2" fromWho="2" sc="472,-10,295,-10,41,30,192,-10" /><INIT seed="6,1,0,2,4,46" ten="462,285,71,182" oya="2" hai0="93,76,70,89,97,15,118,49,0,19,85,122,103" hai1="10,22,73,60,106,5,9,34,53,69,14,54,2" hai2="44,75,63,83,95,84,26,11,125,52,61,71,16" hai3="119,72,124,67,58,51,115,102,20,6,27,12,39"/><V8/><F125/><W81/><G39/><T107/><D0/><U105/><E73/><V23/><F75/><W94/><G115/><T131/><D70/><U18/><E34/><V101/><F71/><W120/><G119/><T43/><D131/><U123/><E123/><V35/><F35/><W28/><G120/><T17/><D122/><U66/><E54/><V74/><F74/><W134/><G134/><T48/><D118/><U104/><E104/><V13/><F101/><W40/><G124/><T86/><D43/><U132/><E132/><V130/><F95/><W3/><G3/><T126/><D126/><U45/><E10/><N who="2" m="3627" /><F13/><W127/><G6/><T78/><D17/><U33/><E33/><V129/><F129/><W56/><G12/><T128/><D128/><U25/><E2/><V65/><F65/><W4/><G4/><T116/><D116/><U29/><E5/><V96/><F96/><N who="3" m="59671" /><G127/><T91/><D19/><U37/><E37/><V108/><F130/><W57/><G81/><T7/><D15/><U79/><E79/><N who="0" m="30249" /><D107/><U47/><E105/><V1/><F1/><W111/><G72/><T82/><D7/><U110/><E106/><V80/><F108/><W62/><G111/><T135/><D135/><U117/><E110/><V55/><F83/><W112/><G112/><T59/><D59/><U30/><E117/><V113/><F113/><W68/><G68/><T31/><D31/><U50/><E30/><V41/><F41/><W77/><G77/><N who="0" m="46287" /><D103/><U87/><E87/><V21/><F21/><W98/><G98/><T64/><D64/><U100/><E100/><RYUUKYOKU ba="1,0" sc="462,10,285,10,71,-30,182,10" hai0="48,49,86,89,91,93,97" hai1="9,14,18,22,25,29,45,47,50,53,60,66,69" hai3="20,27,28,40,51,56,57,58,62,67" /><INIT seed="7,2,0,3,2,71" ten="472,295,41,192" oya="3" hai0="68,59,26,83,30,98,24,123,84,53,62,10,34" hai1="102,48,1,31,116,16,82,131,76,113,100,88,58" hai2="90,109,25,22,29,27,19,33,57,41,63,38,79" hai3="72,118,44,124,129,97,15,3,93,125,135,42,127"/><W108/><G118/><T32/><D123/><U52/><E1/><V6/><F109/><W23/><G3/><T36/><D36/><U91/><E31/><V51/><F79/><W69/><G69/><T73/><D73/><U133/><E113/><V128/><F128/><W107/><G72/><T54/><D68/><U96/><E133/><V92/><F6/><W126/><G126/><T66/><D10/><U117/><E131/><V70/><F70/><W9/><G23/><T75/><D75/><N who="1" m="43295" /><E16/><V104/><F104/><W99/><G135/><T120/><D98/><U67/><E67/><V114/><F114/><W77/><G77/><T18/><D120/><U43/><E43/><V64/><F51/><W20/><G20/><T50/><D50/><U17/><E17/><V5/><F5/><N who="3" m="3503" /><G129/><T80/><D80/><U81/><E81/><V45/><F64/><W12/><G107/><T121/><D121/><U39/><E39/><V8/><F8/><W46/><G108/><T95/><D95/><N who="1" m="58399" /><E102/><V60/><REACH who="2" step="1"/><F57/><REACH who="2" ten="472,295,31,192" step="2"/><W35/><G124/><T78/><D18/><U111/><E111/><V86/><AGARI ba="2,1" hai="19,22,25,27,29,33,38,41,45,60,63,86,90,92" machi="86" ten="20,8000,1" yaku="1,1,2,1,0,1,7,1,52,1,53,0" doraHai="71" doraHaiUra="134" who="2" fromWho="2" sc="472,-22,295,-22,31,96,192,-42" owari="450,55.0,273,7.0,127,-37.0,150,-25.0" /></mjloggm>