<mjloggm ver="2.3"><GO type="169" lobby="0"/><UN n0="%E3%82%A6%E3%83%AB%E3%83%88%E3%83%A9%E7%AB%8B%E7%9B%B4" n1="%64%61%72%74%65%72" n2="%6D%69%6E%32%30%30%32" n3="%7A%68%6B%64%73%68%67%79" dan="17,16,16,16" rate="2123.62,2086.18,2080.94,2077.61" sx="M,M,F,M"/><TAIKYOKU oya="0"/><INIT seed="0,0,0,4,0,38" ten="250,250,250,250" oya="0" hai0="9,76,49,77,81,41,33,72,12,13,4,92,65" hai1="48,83,50,79,46,25,95,88,0,122,16,87,44" hai2="47,134,84,73,11,110,36,21,78,55,8,19,124" hai3="6,10,52,112,89,30,54,115,31,113,24,62,14"/><T108/><D33/><U127/><E0/><V1/><F73/><W28/><G24/><T3/><D108/><U69/><E69/><V39/><F110/><W71/><G71/><T29/><D77/><U119/><E127/><V131/><F124/><W123/><G123/><T23/><D65/><U7/><E7/><V43/><F39/><W94/><REACH who="3" step="1"/><G62/><REACH who="3" ten="250,250,250,240" step="2"/><T102/><D29/><U99/><E122/><V125/><F125/><W37/><G37/><T133/><D133/><U5/><E119/><V90/><F134/><W93/><G93/><T130/><D130/><U22/><E5/><V53/><F131/><W126/><G126/><T100/><D92/><U120/><E120/><V34/><F34/><W18/><G18/><T116/><D116/><U98/><E50/><V63/><F63/><W64/><G64/><T114/><D114/><U75/><REACH who="1" step="1"/><E44/><REACH who="1" ten="250,240,250,240" step="2"/><V35/><F47/><W70/><G70/><T132/><D132/><U59/><E59/><V66/><F36/><W85/><AGARI ba="0,2" hai="6,10,14,28,30,31,52,54,85,89,94,112,113,115" machi="85" ten="40,5200,0" yaku="1,1,0,1,54,1,53,0" doraHai="38" doraHaiUra="74" who="3" fromWho="3" sc="250,-26,240,-13,250,-13,240,72" /><INIT seed="1,0,0,5,4,67" ten="224,227,237,312" oya="1" hai0="31,57,34,20,103,76,125,106,90,112,89,117,91" hai1="128,35,99,88,8,46,52,33,93,1,29,116,16" hai2="3,104,95,36,114,42,132,4,0,27,12,32,54" hai3="74,83,11,60,94,81,22,123,92,127,26,28,23"/><U87/><E116/><V25/><F104/><W120/><G127/><T14/><D112/><U62/><E128/><V24/><F114/><W80/><G74/><T56/><D125/><U58/><E29/><V84/><F32/><W101/><G11/><T49/><D117/><U82/><E46/><V102/><F132/><W75/><G75/><T86/><D34/><U21/><E8/><V133/><F133/><W5/><G5/><T131/><D131/><U115/><E1/><V71/><F54/><W44/><G44/><T124/><D124/><U2/><E2/><V38/><F71/><W45/><G45/><T65/><D103/><U85/><E85/><V122/><F122/><W77/><G77/><T47/><D106/><U134/><E134/><V55/><F55/><W129/><G129/><T109/><D65/><U79/><E115/><V61/><F61/><W59/><G22/><T130/><D130/><U97/><E97/><V96/><F84/><W7/><G7/><T37/><D37/><U6/><E6/><V53/><F42/><W50/><G50/><T72/><D72/><U113/><E113/><V63/><F38/><W48/><G48/><T119/><D119/><U18/><E18/><V64/><F36/><W118/><G118/><T40/><D109/><U121/><E121/><V108/><F108/><W98/><G94/><T68/><D68/><U13/><AGARI ba="0,0" hai="13,16,21,33,35,52,58,62,79,82,87,88,93,99" machi="13" ten="20,12000,1" yaku="0,1,7,1,54,3" doraHai="67" who="1" fromWho="1" sc="224,-40,227,120,237,-40,312,-40" /><INIT seed="1,1,0,0,1,124" ten="184,347,197,272" oya="1" hai0="48,79,113,35,68,15,74,43,13,36,102,129,38" hai1="55,53,73,2,80,81,117,27,84,86,0,127,90" hai2="12,54,135,19,33,98,78,108,82,39,1,25,72" hai3="49,29,125,21,120,59,115,106,37,61,119,96,65"/><U121/><E117/><V11/><F39/><W41/><G119/><T83/><D68/><U111/><E121/><V57/><F108/><W103/><G120/><T67/><D67/><U28/><E111/><V51/><F135/><W63/><G115/><T9/><D35/><U23/><E73/><V20/><F98/><W44/><G125/><T47/><D113/><U31/><E127/><V128/><F128/><W50/><REACH who="3" step="1"/><G61/><REACH who="3" ten="184,347,197,262" step="2"/><T5/><D129/><U24/><E0/><V58/><F1/><W92/><G92/><T105/><D105/><U14/><E2/><V95/><F95/><W101/><G101/><T114/><D102/><U118/><E118/><V123/><F123/><W34/><G34/><T7/><D114/><U77/><E14/><V18/><REACH who="2" step="1"/><F33/><AGARI ba="1,1" hai="23,24,27,28,31,33,53,55,77,80,81,84,86,90" machi="33" ten="30,1500,0" yaku="7,1" doraHai="124" who="1" fromWho="2" sc="184,0,347,28,197,-18,262,0" /><INIT seed="1,2,0,3,2,65" ten="184,375,179,262" oya="1" hai0="20,109,62,5,67,14,79,118,76,93,83,29,84" hai1="32,132,117,30,40,87,23,135,121,86,2,88,49" hai2="108,26,44,38,99,130,106,96,95,28,114,123,37" hai3="134,77,8,107,82,53,129,100,41,3,81,13,91"/><U0/><E121/><V63/><F123/><W15/><G129/><T21/><D109/><U57/><E32/><V120/><F120/><W25/><G134/><N who="1" m="51242" /><E117/><V31/><F108/><W61/><G3/><T110/><D110/><U66/><E87/><V112/><F130/><W16/><G41/><T125/><D125/><U4/><E4/><V101/><F63/><W59/><G91/><T35/><D118/><U85/><E86/><V51/><F99/><W126/><G126/><T7/><D79/><U69/><E30/><N who="2" m="11307" /><F26/><W90/><G25/><T56/><D35/><U133/><E23/><V78/><F78/><W18/><G90/><T94/><D29/><U39/><E39/><V68/><F106/><W19/><G77/><T34/><D34/><U73/><E73/><V111/><F111/><W75/><G75/><T80/><D80/><N who="3" m="30825" /><G107/><T33/><D33/><U27/><E27/><V71/><F38/><W104/><G104/><T98/><D93/><U122/><E122/><V12/><F12/><N who="3" m="4683" /><G100/><N who="0" m="60503" /><D20/><U105/><E105/><V60/><F37/><W89/><G89/><T24/><D24/><U92/><E133/><V43/><F60/><W128/><G128/><T36/><D36/><U46/><E0/><V9/><F9/><AGARI ba="2,0" hai="8,9,16,18,19,53,59,61" m="4683,30825" machi="9" ten="30,2000,0" yaku="8,1,54,1" doraHai="65" who="3" fromWho="2" sc="184,0,375,0,179,-26,262,26" /><INIT seed="2,0,0,0,4,117" ten="184,375,153,288" oya="2" hai0="82,83,89,106,129,77,62,64,1,135,58,67,61" hai1="99,114,40,57,116,110,76,9,11,118,20,121,87" hai2="51,60,28,26,74,108,33,12,86,112,120,126,54" hai3="17,122,85,127,53,84,7,47,30,52,22,96,0"/><V79/><F74/><W35/><G122/><T124/><D1/><U8/><E114/><V90/><F112/><W68/><G68/><T70/><D124/><U92/><E110/><V80/><F120/><W25/><G127/><T123/><D129/><U38/><E121/><V91/><F126/><W18/><G96/><T59/><D123/><U115/><E115/><V113/><F113/><W15/><G18/><T34/><D34/><U55/><E38/><V75/><F108/><W107/><G107/><T66/><D106/><U46/><E20/><V45/><F75/><W95/><G95/><T10/><D135/><U69/><E69/><V125/><F125/><W49/><G53/><T101/><D101/><N who="1" m="60647" /><E118/><V36/><F36/><W93/><REACH who="3" step="1"/><G93/><REACH who="3" ten="184,375,153,278" step="2"/><T94/><D70/><U39/><E116/><V128/><F128/><W105/><G105/><T131/><D131/><U88/><E55/><V119/><F119/><W14/><G14/><T16/><D67/><U72/><E8/><AGARI ba="0,1" hai="0,7,8,15,17,22,25,30,35,47,49,52,84,85" machi="8" ten="40,8000,1" yaku="1,1,24,2,54,1,53,0" doraHai="117" doraHaiUra="102" who="3" fromWho="1" sc="184,0,375,-80,153,0,278,90" /><INIT seed="3,0,0,2,2,62" ten="184,295,153,368" oya="3" hai0="6,128,93,122,73,16,105,55,113,21,11,104,90" hai1="8,135,39,107,24,27,41,19,123,65,71,134,14" hai2="95,40,133,72,22,29,17,4,12,74,91,132,56" hai3="119,38,86,112,78,50,10,20,34,109,52,37,125"/><W88/><G119/><T59/><D73/><U51/><E107/><V53/><F40/><W117/><G117/><T101/><D101/><U84/><E39/><V28/><F4/><W1/><G112/><T7/><D128/><U57/><E123/><V131/><F131/><W110/><G34/><T129/><D129/><U63/><E84/><N who="2" m="52711" /><F74/><W48/><G78/><T44/><D44/><N who="1" m="25999" /><E71/><V94/><F94/><N who="3" m="54551" /><G50/><T99/><D122/><U77/><E77/><V81/><F81/><W3/><G20/><T92/><D92/><U102/><E102/><V115/><F115/><W89/><G89/><T69/><D69/><U58/><E58/><V103/><F103/><W85/><G85/><T76/><D76/><U31/><E31/><V46/><F46/><N who="3" m="27671" /><G125/><T79/><D79/><U67/><E67/><V15/><F72/><W70/><G70/><T36/><D36/><N who="3" m="13929" /><G10/><T83/><D83/><U33/><E33/><V126/><F126/><W2/><G2/><T127/><D127/><U116/><E116/><V9/><F9/><W124/><G124/><T32/><D32/><U100/><E100/><V13/><F29/><W42/><G42/><T60/><D113/><U98/><E98/><V114/><F28/><W18/><G18/><T26/><D6/><U106/><E106/><V97/><F97/><W25/><G25/><T35/><D35/><U47/><E47/><V23/><F23/><W118/><G118/><T61/><D61/><U87/><E87/><V54/><F114/><W30/><G30/><T68/><D68/><U120/><E120/><V130/><F130/><W45/><G45/><RYUUKYOKU ba="0,0" sc="184,10,295,10,153,-30,368,10" hai0="7,11,16,21,26,55,59,60,90,93,99,104,105" hai1="8,14,19,24,27,57,63,65,134,135" hai3="1,3,109,110" /><INIT seed="3,1,0,5,0,99" ten="194,305,123,378" oya="3" hai0="17,134,56,76,88,115,116,129,73,95,2,14,86" hai1="51,49,0,93,15,90,57,114,48,79,66,10,131" hai2="39,94,128,32,3,97,106,127,109,7,113,59,77" hai3="19,45,55,72,69,75,118,4,111,46,27,78,83"/><W96/><G118/><T42/><D2/><U34/><E114/><V121/><RYUUKYOKU type="yao9" ba="1,0" sc="194,0,305,0,123,0,378,0" hai2="3,7,32,39,59,77,94,97,106,109,113,121,127,128" /><INIT seed="3,2,0,5,5,97" ten="194,305,123,378" oya="3" hai0="51,72,40,41,46,29,129,118,99,117,83,126,68" hai1="53,45,107,39,25,26,98,78,85,35,113,87,111" hai2="13,14,127,130,114,22,135,70,105,93,91,106,11" hai3="92,44,121,19,5,18,0,122,43,31,8,61,71"/><W47/><G31/><T54/><D72/><U96/><E113/><V67/><F114/><W7/><G5/><T32/><D32/><U59/><E111/><V90/><F135/><W108/><G47/><T115/><D115/><U48/><E35/><V17/><F130/><W42/><G43/><T64/><D83/><U34/><E34/><V124/><F67/><W133/><G133/><T123/><D99/><U38/><E38/><V119/><F70/><W110/><G92/><T100/><D100/><U30/><E30/><V86/><F91/><W76/><G76/><T120/><D29/><U74/><E74/><V103/><F119/><N who="0" m="45578" /><D129/><U75/><E75/><V6/><REACH who="2" step="1"/><F103/><REACH who="2" ten="194,305,113,378" step="2"/><W80/><G71/><T66/><D66/><U104/><E104/><AGARI ba="2,1" hai="6,11,13,14,17,22,86,90,93,104,105,106,124,127" machi="104" ten="40,2600,0" yaku="1,1,2,1,53,0" doraHai="97" doraHaiUra="94" who="2" fromWho="1" sc="194,0,305,-32,113,42,378,0" /><INIT seed="4,0,0,3,4,63" ten="194,273,155,378" oya="0" hai0="134,119,85,31,5,18,127,40,12,67,52,88,55" hai1="90,135,48,80,21,111,97,64,47,89,96,71,110" hai2="56,8,83,28,118,19,23,70,9,20,117,58,105" hai3="68,108,121,102,128,77,73,54,87,13,101,45,4"/><T125/><D119/><N who="2" m="45578" /><F70/><W59/><G68/><T6/><D31/><U115/><E135/><V104/><F83/><N who="3" m="47599" /><G73/><T120/><D40/><U36/><E36/><V3/><F28/><W100/><G108/><T15/><D120/><U17/><E115/><V41/><F41/><W29/><G128/><T43/><D43/><U122/><E122/><V113/><F113/><W60/><G121/><T27/><D27/><U109/><E97/><V2/><F19/><W92/><G29/><T44/><D67/><U82/><E96/><V37/><F37/><W103/><G103/><T1/><D1/><N who="2" m="10" /><F58/><W99/><G45/><T39/><D39/><U34/><E34/><V33/><F56/><W22/><G22/><N who="2" m="8233" /><F33/><W42/><G42/><T62/><D18/><U126/><E82/><V76/><F76/><W74/><G74/><T75/><D75/><U46/><E80/><V14/><F14/><W16/><G16/><T133/><D44/><U26/><E47/><V51/><F51/><W107/><G107/><AGARI ba="0,0" hai="8,9,104,105,107" m="8233,10,45578" machi="107" ten="40,5200,0" yaku="28,2,12,1" doraHai="63" who="2" fromWho="3" sc="194,0,273,0,155,52,378,-52" /><INIT seed="5,0,0,3,2,36" ten="194,273,207,326" oya="1" hai0="94,106,82,83,77,41,65,80,86,120,108,61,59" hai1="6,20,98,122,105,92,84,132,42,34,3,81,47" hai2="26,96,135,18,27,90,43,45,101,115,88,60,99" hai3="51,11,89,121,4,63,32,12,128,103,46,31,0"/><U73/><E122/><V71/><F135/><W85/><G121/><T17/><D106/><U22/><E34/><V116/><F116/><W97/><G128/><T127/><D108/><U57/><E132/><V50/><F115/><W134/><G134/><T129/><D120/><U21/><E105/><V56/><F71/><W38/><G38/><T10/><D129/><U72/><E57/><V133/><F133/><W5/><G63/><T68/><D68/><U102/><E6/><V113/><F113/><W126/><G126/><T125/><D125/><U52/><E3/><V62/><F62/><W95/><G32/><T19/><D127/><U91/><REACH who="1" step="1"/><E52/><REACH who="1" ten="194,263,207,326" step="2"/><V93/><F56/><W110/><G0/><T54/><D54/><U15/><E15/><V117/><F117/><W64/><G4/><T112/><D112/><U14/><E14/><V8/><F60/><W75/><G110/><T28/><D59/><U131/><E131/><V37/><F27/><W119/><G119/><T109/><D61/><U58/><E58/><V39/><F26/><W35/><G64/><T44/><D65/><U25/><E25/><V124/><F124/><W67/><G67/><T48/><D109/><U1/><E1/><V70/><F70/><W114/><G114/><T13/><D28/><U2/><E2/><V79/><F18/><W87/><G31/><T23/><D19/><U33/><E33/><V111/><F111/><W9/><G35/><T100/><D10/><U66/><E66/><V30/><F8/><W24/><G11/><T130/><D130/><U7/><E7/><V78/><F30/><RYUUKYOKU ba="0,1" sc="194,15,263,15,207,-15,326,-15" hai0="13,17,23,41,44,48,77,80,82,83,86,94,100" hai1="20,21,22,42,47,72,73,81,84,91,92,98,102" /><INIT seed="5,1,1,3,4,71" ten="209,278,192,311" oya="1" hai0="9,44,35,10,39,3,132,124,85,111,105,42,46" hai1="22,45,61,109,120,114,69,53,26,70,56,90,87" hai2="29,72,130,83,36,2,92,63,64,32,31,80,19" hai3="11,110,101,131,79,54,125,104,96,88,121,30,116"/><U17/><E120/><V106/><F106/><W28/><G121/><T60/><D111/><U134/><E114/><V93/><F2/><W97/><G116/><T102/><D35/><U8/><E109/><V65/><F36/><W41/><G110/><T75/><D46/><U51/><E134/><V49/><F130/><W91/><G131/><T117/><D85/><U73/><E73/><V18/><F72/><W98/><G125/><T122/><D10/><U113/><E8/><V128/><F128/><W23/><G104/><T38/><D60/><U112/><E112/><V13/><F32/><W129/><G129/><T37/><D132/><U135/><E135/><V100/><F49/><W126/><G101/><T50/><D117/><U133/><E133/><V115/><F115/><W40/><G79/><T16/><D75/><U123/><E123/><V66/><F63/><W82/><G11/><T4/><D124/><U0/><E0/><V20/><F19/><W74/><G74/><T52/><D122/><U48/><E48/><V25/><F25/><W14/><G126/><T118/><D118/><U76/><E76/><V99/><REACH who="2" step="1"/><F93/><REACH who="2" ten="209,278,182,311" step="2"/><W47/><G30/><AGARI ba="1,2" hai="13,18,20,29,30,31,64,65,66,80,83,92,99,100" machi="30" ten="40,5200,0" yaku="1,1,2,1,8,1,53,0" doraHai="71" doraHaiUra="55" who="2" fromWho="3" sc="209,0,278,0,182,75,311,-55" /><INIT seed="6,0,0,5,0,79" ten="209,278,257,256" oya="2" hai0="53,25,77,12,123,109,98,56,127,26,85,117,50" hai1="7,102,17,71,40,116,99,78,81,95,28,120,106" hai2="16,39,0,4,119,58,5,2,72,93,64,80,42" hai3="21,51,131,55,29,15,82,92,47,113,22,27,46"/><V23/><F119/><W115/><G131/><T9/><D127/><U43/><E116/><V30/><F30/><W19/><G92/><T86/><D109/><U60/><E120/><V73/><F2/><W34/><G47/><T41/><D41/><U35/><E7/><V33/><F33/><W31/><G31/><T91/><D123/><U114/><E17/><V57/><F0/><W18/><REACH who="3" step="1"/><G82/><REACH who="3" ten="209,278,257,246" step="2"/><N who="0" m="47311" /><D117/><U38/><E95/><V3/><F93/><W68/><G68/><T101/><D98/><U83/><E83/><V54/><F80/><W62/><G62/><T10/><D101/><U133/><E71/><V134/><F134/><W1/><G1/><T63/><D63/><U45/><E60/><V13/><F3/><W126/><G126/><T103/><D103/><U65/><E133/><V70/><F70/><W121/><G121/><T20/><D12/><AGARI ba="0,1" hai="12,15,18,19,21,22,27,29,34,46,51,55,113,115" machi="12" ten="40,5200,0" yaku="1,1,9,1,53,1" doraHai="79" doraHaiUra="48" who="3" fromWho="0" sc="209,-52,278,0,257,0,246,62" /><INIT seed="7,0,0,0,3,106" ten="157,278,257,308" oya="3" hai0="62,93,61,24,88,114,134,118,49,120,53,89,98" hai1="112,74,95,133,81,26,27,28,23,48,86,91,37" hai2="92,113,124,7,111,3,9,103,10,123,82,19,35" hai3="96,70,29,132,1,38,68,56,122,64,36,87,90"/><W5/><G122/><T63/><D134/><U78/><E37/><V55/><F111/><W43/><G132/><T51/><D120/><U101/><E133/><V109/><F123/><W31/><G96/><T4/><D118/><U33/><E112/><V20/><F109/><W121/><G121/><T59/><D114/><U67/><E67/><V135/><F35/><W85/><G5/><T25/><D4/><U2/><E2/><V128/><F124/><W108/><G1/><T94/><REACH who="0" step="1"/><D49/><REACH who="0" ten="147,278,257,308" step="2"/><U14/><E48/><V30/><F7/><W65/><G108/><T44/><D44/><U12/><E101/><V21/><F135/><W11/><G38/><T102/><D102/><U54/><E54/><V40/><F103/><W97/><G36/><T16/><D16/><AGARI ba="0,1" hai="12,14,16,23,26,27,28,33,74,78,81,86,91,95" machi="16" ten="30,3900,0" yaku="7,1,52,1,54,1" doraHai="106" who="1" fromWho="0" sc="147,-39,278,49,257,0,308,0" owari="108,-39.0,327,42.0,257,-14.0,308,11.0" /></mjloggm>