<mjloggm ver="2.3"><GO type="97" lobby="0"/><UN n0="%67%6C%69%65%73%65%35%35" n1="%E5%B0%B1%E6%B4%BB%E7%94%9F%40%E5%B7%9D%E6%9D%91%E8%BB%8D%E5%9B%A3" n2="%E3%83%AB%E3%82%B7%E3%82%A2%E3%83%B3%E2%98%86" n3="%4B%48%4B%4E" dan="14,14,14,13" rate="1942.95,1953.54,1935.04,1933.88" sx="F,M,F,M"/><TAIKYOKU oya="0"/><INIT seed="0,0,0,3,4,65" ten="250,250,250,250" oya="0" hai0="105,67,72,50,90,53,52,116,95,30,111,38,13" hai1="18,29,109,101,10,84,81,115,47,35,121,99,117" hai2="112,122,27,129,88,69,71,56,113,9,22,34,63" hai3="24,61,98,51,135,48,36,39,11,70,54,127,40"/><T7/><D116/><U1/><E121/><V21/><F122/><W131/><G98/><N who="0" m="57719" /><D38/><N who="3" m="14377" /><G11/><N who="0" m="4351" /><D72/><U108/><E117/><V103/><F103/><W28/><G24/><T107/><D67/><U31/><E115/><V133/><F9/><W73/><G28/><T91/><D30/><U106/><E47/><V25/><F34/><W130/><G73/><T16/><D105/><U32/><E31/><V123/><F123/><W42/><G127/><T4/><D4/><U79/><E29/><V96/><F133/><W83/><G135/><T118/><D118/><U62/><E62/><V46/><F46/><W55/><G83/><T43/><D107/><U44/><E44/><V12/><F12/><W94/><G94/><T126/><D126/><U58/><E58/><V124/><F129/><N who="3" m="49163" /><G70/><T120/><D120/><U15/><REACH who="1" step="1"/><E1/><REACH who="1" ten="250,240,250,250" step="2"/><V45/><F124/><W110/><G61/><T80/><D111/><AGARI ba="0,1" hai="10,15,18,32,35,79,81,84,99,101,106,108,109,111" machi="111" ten="40,5200,0" yaku="1,1,2,1,14,1,53,0" doraHai="65" doraHaiUra="19" who="1" fromWho="0" sc="250,-52,240,62,250,0,250,0" /><INIT seed="1,0,0,1,2,70" ten="198,302,250,250" oya="1" hai0="100,7,11,99,22,27,113,52,56,89,34,97,72" hai1="82,53,92,98,111,35,88,48,126,6,133,105,69" hai2="123,17,65,31,0,18,2,118,62,59,41,131,30" hai3="12,54,120,36,66,58,134,19,44,115,80,63,38"/><U122/><E122/><V107/><F118/><W78/><G120/><T23/><D34/><U46/><E35/><V55/><F123/><W109/><G115/><T135/><D135/><U81/><E126/><V33/><F107/><W10/><G109/><T43/><D43/><U85/><E133/><V47/><F131/><W104/><G104/><T132/><D132/><U129/><E69/><V26/><F31/><W61/><G134/><T16/><D72/><U108/><E129/><V37/><REACH who="2" step="1"/><F65/><REACH who="2" ten="198,302,240,250" step="2"/><W68/><REACH who="3" step="1"/><G44/><REACH who="3" ten="198,302,240,240" step="2"/><T130/><D130/><U74/><E105/><V15/><F15/><W57/><G57/><T128/><D128/><U114/><E114/><V84/><F84/><AGARI ba="0,2" hai="10,12,19,36,38,54,58,61,63,66,68,78,80,84" machi="84" ten="30,7700,0" yaku="1,1,7,1,52,2,53,0" doraHai="70" doraHaiUra="29" who="3" fromWho="2" sc="198,0,302,0,240,-77,240,97" /><INIT seed="2,0,0,1,4,108" ten="198,302,163,337" oya="2" hai0="100,46,87,59,14,61,90,12,49,91,64,117,109" hai1="126,134,11,33,132,103,92,22,98,101,3,7,28" hai2="75,135,70,47,17,120,83,116,32,123,84,129,104" hai3="1,112,21,121,81,115,30,111,52,4,63,57,29"/><V55/><F116/><W9/><G121/><T72/><D109/><U107/><E126/><V131/><F104/><W6/><G111/><T85/><D72/><U53/><E33/><V16/><F32/><W71/><G71/><T13/><D117/><U124/><E124/><V41/><F55/><W2/><G81/><T5/><D5/><U50/><E107/><V95/><F95/><W25/><G30/><T69/><D69/><U77/><E77/><V24/><F24/><W42/><G42/><T0/><D0/><U43/><E43/><V133/><F75/><W80/><G80/><T56/><D100/><U93/><E28/><V34/><F34/><W105/><G105/><T86/><REACH who="0" step="1"/><D59/><REACH who="0" ten="188,302,163,337" step="2"/><U127/><E127/><V23/><F70/><W67/><G67/><T106/><D106/><U37/><E103/><V114/><F120/><W20/><G20/><T94/><D94/><U45/><E93/><V76/><F23/><W40/><G40/><AGARI ba="0,1" hai="12,13,14,40,46,49,56,61,64,85,86,87,90,91" machi="40" ten="40,2600,0" yaku="1,1,8,1,53,0" doraHai="108" doraHaiUra="26" who="0" fromWho="3" sc="188,36,302,0,163,0,337,-26" /><INIT seed="3,0,0,1,0,50" ten="224,302,163,311" oya="3" hai0="36,56,53,28,27,88,24,106,123,86,84,8,32" hai1="13,37,5,104,82,18,128,44,19,121,72,93,21" hai2="94,63,41,59,15,64,135,31,16,78,52,77,71" hai3="133,108,35,101,62,9,74,22,30,126,39,89,109"/><W70/><G39/><T95/><D36/><U14/><E104/><V80/><F31/><W51/><G74/><T132/><D132/><U122/><E128/><V1/><F1/><W38/><G38/><T66/><D123/><U92/><E5/><V113/><F113/><W110/><G35/><T46/><D106/><U10/><E72/><V42/><F135/><W4/><G133/><T55/><D27/><U25/><E82/><V48/><F94/><W26/><G101/><T47/><D66/><U58/><E58/><V65/><F65/><N who="3" m="41271" /><G51/><T114/><D114/><U79/><E79/><V90/><F90/><W87/><G126/><T12/><D84/><U83/><E83/><V33/><F78/><W105/><G105/><T120/><D120/><U17/><E121/><V40/><F40/><W54/><G54/><T125/><D125/><U29/><E122/><V117/><F33/><W43/><G43/><T131/><D131/><U118/><E118/><V67/><F67/><W45/><G45/><T81/><D95/><N who="1" m="36427" /><E37/><V107/><F107/><W134/><G134/><T102/><D102/><U98/><E44/><V127/><F127/><W75/><G75/><T23/><D32/><U124/><E124/><V119/><F119/><W68/><G68/><T116/><D116/><U34/><E98/><V61/><F61/><W115/><G115/><T69/><D69/><U85/><E85/><N who="2" m="48271" /><F117/><W91/><G87/><T76/><D76/><U7/><E34/><V103/><F103/><W129/><G129/><T100/><D100/><U60/><E60/><V111/><F111/><W96/><G96/><RYUUKYOKU ba="0,0" sc="224,-30,302,10,163,10,311,10" hai1="7,10,13,14,17,18,19,21,25,29" hai2="15,16,41,42,48,52,59,63,64,71" hai3="4,9,22,26,30,89,91,108,109,110" owari="194,-21.0,312,11.0,173,-33.0,321,43.0" /></mjloggm>