<mjloggm ver="2.3"><GO type="169" lobby="0"/><UN n0="%E3%81%BE%E3%82%8B" n1="%53%48%49%53%55%4B%45" n2="%4A%61%6E%2D%4D%61%63%68" n3="%E3%82%A6%E3%83%AB%E3%83%88%E3%83%A9%E7%AB%8B%E7%9B%B4" dan="16,16,16,17" rate="2038.36,2122.78,2103.83,2134.09" sx="M,M,M,M"/><TAIKYOKU oya="0"/><INIT seed="0,0,0,0,3,118" ten="250,250,250,250" oya="0" hai0="113,84,3,133,19,7,33,17,40,37,82,30,99" hai1="36,52,65,35,26,28,57,11,58,46,44,83,60" hai2="16,108,38,106,51,53,96,90,63,76,120,116,34" hai3="115,93,97,117,27,126,8,9,72,101,4,5,94"/><T56/><D113/><U18/><E36/><V61/><F38/><W134/><G72/><T55/><D133/><U88/><E11/><V43/><F43/><W112/><G117/><T98/><D40/><U47/><E18/><V122/><F34/><W0/><G126/><T42/><D42/><U110/><E110/><V21/><F76/><W13/><G134/><T129/><D37/><U71/><E71/><V135/><F135/><W111/><G111/><T128/><D30/><U29/><E29/><V2/><F2/><W95/><REACH who="3" step="1"/><G27/><REACH who="3" ten="250,250,250,240" step="2"/><T80/><D129/><U91/><REACH who="1" step="1"/><E83/><REACH who="1" ten="250,240,250,240" step="2"/><V24/><F108/><W107/><AGARI ba="0,2" hai="0,4,5,8,9,13,93,94,95,97,101,107,112,115" machi="107" ten="30,4000,0" yaku="1,1,2,1,0,1,53,0" doraHai="118" doraHaiUra="39" who="3" fromWho="3" sc="250,-20,240,-10,250,-10,240,60" /><INIT seed="1,0,0,3,0,3" ten="230,230,240,300" oya="1" hai0="82,31,13,63,81,25,118,125,107,94,129,37,115" hai1="70,83,65,64,110,62,91,105,66,47,18,23,10" hai2="72,132,112,43,109,52,101,128,32,6,99,29,79" hai3="19,14,130,40,60,54,55,59,89,50,22,113,17"/><U4/><E110/><V61/><F43/><W95/><G130/><T24/><D129/><U42/><E105/><V104/><F128/><W36/><G113/><T134/><D115/><U71/><E91/><V108/><F112/><W51/><G36/><T12/><D107/><U88/><E71/><V131/><F131/><W11/><G40/><T67/><D37/><U80/><E70/><V103/><F103/><W86/><REACH who="3" step="1"/><G55/><REACH who="3" ten="230,230,240,290" step="2"/><T20/><D118/><U34/><E42/><V77/><F109/><W8/><G8/><T97/><D125/><U39/><E39/><V57/><F108/><W90/><G90/><T30/><D134/><U85/><E34/><V16/><F132/><W9/><G9/><T116/><D116/><U0/><E47/><V44/><F44/><W119/><G119/><T53/><D53/><U102/><E102/><V123/><F79/><W5/><G5/><T68/><D82/><U121/><E83/><V56/><F6/><W84/><G84/><T69/><D81/><U1/><E1/><V33/><F77/><W127/><G127/><T126/><D126/><U35/><E35/><V106/><F32/><W122/><G122/><T7/><D7/><U58/><REACH who="1" step="1"/><E121/><REACH who="1" ten="230,220,240,290" step="2"/><V96/><F123/><W73/><G73/><T98/><D69/><U38/><E38/><V74/><F72/><W92/><G92/><T26/><D94/><U135/><E135/><V48/><F74/><W27/><AGARI ba="0,2" hai="11,14,17,19,22,27,50,51,54,59,60,86,89,95" machi="27" ten="20,12000,2" yaku="1,1,0,1,7,1,8,1,53,2" doraHai="3" doraHaiUra="46" who="3" fromWho="3" sc="230,-30,220,-60,240,-30,290,140" /><INIT seed="2,0,0,2,5,61" ten="200,160,210,430" oya="2" hai0="82,103,135,68,133,49,0,122,1,48,59,65,31" hai1="117,15,24,89,50,84,119,32,58,45,78,33,36" hai2="102,39,4,30,63,123,129,73,13,72,77,96,97" hai3="127,16,80,124,8,93,121,21,125,104,128,56,90"/><V41/><F123/><W109/><G104/><T112/><D122/><U37/><E78/><V71/><F97/><W91/><G121/><T130/><D112/><U69/><E69/><V34/><F13/><W67/><G109/><T79/><D103/><U94/><E15/><V107/><F4/><W108/><G8/><T66/><D68/><U25/><E25/><N who="2" m="18767" /><F77/><W99/><G108/><T57/><D31/><U70/><E70/><V55/><F55/><W44/><G44/><T38/><D38/><U3/><E3/><V131/><F41/><W126/><G126/><T76/><D82/><U118/><E58/><V20/><F20/><W60/><G80/><T105/><D105/><U62/><E24/><V26/><F39/><W85/><G85/><T5/><D5/><U100/><E37/><V113/><F26/><N who="3" m="14631" /><G91/><T28/><D28/><U40/><E36/><V29/><F29/><W88/><G90/><T74/><D130/><AGARI ba="0,0" hai="56,60,67,88,93,99,124,125,127,128,130" m="14631" machi="130" ten="40,8000,1" yaku="18,1,52,1,54,2" doraHai="61" who="3" fromWho="0" sc="200,-80,160,0,210,0,430,80" /><INIT seed="3,0,0,1,5,83" ten="120,160,210,510" oya="3" hai0="79,82,98,11,37,49,19,24,86,85,129,67,70" hai1="127,90,118,45,60,81,124,130,38,77,26,27,123" hai2="93,128,91,34,28,54,4,110,104,0,30,6,18" hai3="61,92,5,25,17,111,78,32,2,71,7,97,88"/><W120/><G120/><T121/><D37/><U101/><E123/><V132/><F104/><W62/><G111/><T102/><D121/><U134/><E134/><V99/><F132/><W125/><G125/><T119/><D119/><U116/><E130/><V74/><F74/><W114/><G114/><T51/><D129/><U29/><E101/><V72/><F72/><W3/><G3/><T117/><D117/><N who="1" m="45163" /><E90/><V68/><F68/><W33/><G33/><T31/><D86/><N who="1" m="48431" /><E60/><V95/><F110/><W39/><G39/><T46/><D46/><U63/><E63/><V135/><F135/><W87/><G71/><T65/><D19/><U52/><E38/><V75/><F75/><W47/><G47/><T64/><D11/><U48/><E27/><V133/><F18/><W56/><G62/><T107/><REACH who="0" step="1"/><D70/><REACH who="0" ten="110,160,210,510" step="2"/><U94/><E94/><V100/><F95/><W80/><G17/><T43/><D43/><U76/><E76/><V35/><F93/><W20/><G92/><T105/><D105/><U69/><E69/><V103/><F133/><W10/><G78/><T23/><AGARI ba="0,1" hai="23,24,31,49,51,64,65,67,79,82,85,98,102,107" machi="23" ten="30,4000,0" yaku="1,1,0,1,52,1,53,0" doraHai="83" doraHaiUra="50" who="0" fromWho="0" sc="110,50,160,-10,210,-10,510,-20" /><INIT seed="4,0,0,3,5,109" ten="160,150,200,490" oya="0" hai0="72,106,48,69,59,103,50,125,75,68,79,91,110" hai1="64,23,7,108,9,92,61,102,81,43,8,105,15" hai2="128,112,60,101,74,21,37,44,121,95,134,88,18" hai3="135,131,117,120,126,90,80,82,85,32,123,2,13"/><T30/><D110/><U93/><E108/><V47/><F74/><W24/><G2/><T67/><D125/><U25/><E43/><V28/><F28/><W77/><G117/><T51/><D30/><U104/><E81/><V39/><F101/><W83/><G126/><T12/><D12/><U17/><E9/><V89/><F60/><W36/><G36/><T53/><D91/><U73/><E73/><V99/><F121/><N who="3" m="46667" /><G135/><T86/><D72/><U22/><E22/><V56/><F56/><W35/><G131/><T27/><D75/><U38/><E38/><V129/><F134/><W119/><G119/><T63/><D27/><U57/><E93/><V87/><F39/><W130/><G130/><T42/><D42/><U5/><E5/><V49/><F44/><W78/><G13/><T122/><D122/><U10/><E10/><V58/><F58/><W40/><G40/><T107/><D69/><U114/><E114/><V100/><F112/><W76/><G24/><T111/><D111/><U84/><E84/><V115/><F37/><W16/><G16/><T66/><D66/><U34/><E34/><AGARI ba="0,0" hai="32,34,35,76,77,78,80,82,83,85,90" m="46667" machi="34" ten="40,1300,0" yaku="13,1" doraHai="109" who="3" fromWho="1" sc="160,0,150,-13,200,0,490,13" /><INIT seed="5,0,0,2,3,1" ten="160,137,200,503" oya="1" hai0="98,96,19,4,110,34,105,8,125,70,71,0,60" hai1="52,6,15,3,108,94,103,42,64,93,95,54,81" hai2="106,12,87,73,22,28,46,38,16,50,113,130,27" hai3="47,90,126,91,123,99,7,66,97,65,39,61,31"/><U18/><E108/><V67/><F73/><W83/><G31/><T49/><D110/><U86/><E103/><V14/><F38/><W111/><G61/><T55/><D125/><U133/><E133/><V101/><F67/><W17/><G17/><T43/><D43/><U115/><E115/><V33/><F113/><W30/><G30/><T26/><D105/><U74/><E74/><V36/><F36/><W53/><G53/><T78/><D78/><U102/><E102/><V120/><F120/><W11/><G11/><T20/><D34/><U10/><E64/><V56/><F56/><W25/><G25/><T122/><D122/><U80/><E42/><V121/><F130/><W37/><G83/><T134/><D134/><U100/><E100/><V127/><F127/><W77/><G77/><T75/><D75/><U68/><E68/><V51/><F51/><W72/><G72/><T21/><D21/><U112/><E112/><V128/><F128/><W35/><G35/><T119/><D119/><U5/><E81/><V32/><F87/><W44/><G126/><T59/><D71/><U129/><E129/><V41/><F121/><W24/><G123/><T92/><D92/><U132/><E132/><V124/><F124/><W114/><G111/><T48/><D70/><U88/><REACH who="1" step="1"/><E6/><REACH who="1" ten="160,127,200,503" step="2"/><V29/><F101/><W85/><G114/><T89/><D4/><U40/><E40/><V45/><F41/><W63/><G7/><T2/><D55/><U84/><E84/><V9/><F33/><W117/><G66/><T57/><D98/><U104/><E104/><V107/><F107/><RYUUKYOKU ba="0,1" sc="160,-10,127,30,200,-10,503,-10" hai1="3,5,10,15,18,52,54,80,86,88,93,94,95" /><INIT seed="5,1,1,2,1,45" ten="150,157,190,493" oya="1" hai0="63,60,112,5,28,2,95,108,37,34,0,58,12" hai1="56,49,132,43,135,121,106,7,84,47,36,81,120" hai2="23,126,90,18,89,118,42,57,30,102,110,99,38" hai3="3,52,128,67,114,62,24,82,25,79,33,44,91"/><U131/><E106/><V22/><F38/><W65/><G3/><T77/><D108/><U123/><E7/><V86/><F42/><W61/><G33/><T21/><D37/><U54/><REACH who="1" step="1"/><E131/><REACH who="1" ten="150,147,190,493" step="2"/><V83/><F110/><W69/><G128/><T105/><D105/><U4/><E4/><V64/><F118/><W72/><G114/><T66/><D112/><U20/><E20/><V1/><F23/><W134/><G134/><T124/><D21/><U98/><E98/><V13/><F1/><W17/><G17/><T115/><D115/><U117/><E117/><V26/><F18/><W51/><G91/><AGARI ba="1,2" hai="36,43,47,49,54,56,81,84,91,120,121,123,132,135" machi="91" ten="40,3900,0" yaku="1,1,52,1,53,0" doraHai="45" doraHaiUra="73" who="1" fromWho="3" sc="150,0,147,62,190,0,493,-42" /><INIT seed="5,2,0,0,0,38" ten="150,209,190,451" oya="1" hai0="110,102,52,36,92,35,48,97,16,33,120,37,8" hai1="83,13,104,56,101,66,61,117,23,131,55,134,51" hai2="25,103,116,94,95,2,21,123,26,45,132,41,20" hai3="71,75,96,90,69,79,84,78,89,67,70,126,50"/><U40/><E117/><V130/><F2/><W44/><G75/><T129/><D110/><U27/><E134/><V24/><F123/><W115/><G67/><T34/><D120/><U32/><E131/><V82/><F116/><W112/><G96/><T114/><D129/><U107/><E32/><V22/><F130/><W106/><G106/><T128/><D128/><U77/><E13/><V5/><F5/><W65/><G65/><T57/><REACH who="0" step="1"/><D114/><REACH who="0" ten="140,209,190,451" step="2"/><U14/><E107/><V7/><F132/><W42/><G126/><T135/><D135/><U80/><E104/><V86/><F7/><W28/><G28/><T17/><D17/><U60/><E101/><V73/><F103/><W108/><G108/><T10/><D10/><U31/><E14/><AGARI ba="2,1" hai="8,14,16,33,34,35,36,37,48,52,57,92,97,102" machi="14" ten="40,5200,0" yaku="1,1,54,2,53,0" doraHai="38" doraHaiUra="18" who="0" fromWho="1" sc="140,68,209,-58,190,0,451,0" /><INIT seed="6,0,0,1,4,96" ten="208,151,190,451" oya="2" hai0="110,47,10,48,29,2,77,43,76,56,18,49,131" hai1="89,16,31,62,54,12,94,60,67,84,71,125,65" hai2="132,5,24,28,41,36,120,17,51,3,9,75,121" hai3="42,119,107,59,6,98,95,14,118,97,34,134,66"/><V127/><F51/><W104/><G34/><T55/><D110/><U99/><E125/><V40/><F40/><W103/><G134/><T30/><D131/><U86/><E31/><N who="0" m="11785" /><D2/><U70/><E54/><V109/><F132/><W82/><G42/><T1/><D1/><U113/><E113/><V74/><F17/><W72/><G59/><T69/><D69/><U111/><E111/><V79/><F127/><W133/><G66/><T45/><D56/><U63/><E63/><V68/><F68/><W90/><G14/><AGARI ba="0,0" hai="10,14,18,43,45,47,48,49,55,76,77" m="11785" machi="14" ten="30,1000,0" yaku="8,1" doraHai="96" who="0" fromWho="3" sc="208,10,151,0,190,0,451,-10" /><INIT seed="7,0,0,5,1,22" ten="218,151,190,441" oya="3" hai0="66,70,24,43,97,128,61,51,106,23,50,94,108" hai1="109,99,119,67,112,98,17,53,115,26,65,100,134" hai2="91,122,86,110,1,92,123,27,5,41,114,44,42" hai3="76,54,96,4,69,130,60,25,75,116,57,31,79"/><W103/><G4/><T18/><D108/><U125/><E109/><V13/><F1/><W135/><G75/><T93/><D128/><U59/><E125/><V84/><F110/><W83/><G83/><T2/><D2/><U9/><E134/><V48/><F114/><N who="1" m="43561" /><E119/><V10/><F42/><W15/><G15/><T90/><D106/><N who="1" m="63767" /><E99/><V132/><F132/><W29/><G29/><T49/><REACH who="0" step="1"/><D94/><REACH who="0" ten="208,151,190,441" step="2"/><U46/><E46/><AGARI ba="0,1" hai="18,23,24,43,46,49,50,51,61,66,70,90,93,97" machi="46" ten="40,5200,0" yaku="1,1,2,1,52,1,53,0" doraHai="22" doraHaiUra="74" who="0" fromWho="1" sc="208,62,151,-52,190,0,441,0" owari="270,7.0,99,-40.0,190,-21.0,441,54.0" /></mjloggm>