<mjloggm ver="2.3"><GO type="193" lobby="0"/><UN n0="%E7%A5%9E%E6%B5%B7%E2%98%86" n1="%E3%83%88%E3%83%88%E3%83%AA%E5%85%88%E7%94%9F%31%39%E6%AD%B3" n2="%E3%81%B2%E3%81%95%31%32%31%37" n3="%61%62%75%72%65%6D%6F%6E" dan="13,12,11,12" rate="1789.61,1919.76,1485.54,1624.62" sx="M,F,F,M"/><TAIKYOKU oya="0"/><INIT seed="0,0,0,0,2,11" ten="250,250,250,250" oya="0" hai0="38,29,9,103,15,42,126,132,6,123,66,89,135" hai1="115,64,128,22,10,46,112,21,13,110,108,124,96" hai2="80,26,4,30,94,18,34,87,109,72,81,53,8" hai3="52,130,92,49,90,69,114,1,116,88,77,125,129"/><T75/><D38/><U23/><E64/><V70/><F70/><W62/><G1/><T78/><D123/><U117/><E46/><V82/><F109/><N who="1" m="42089" /><E96/><V32/><F32/><W111/><G114/><N who="1" m="43562" /><E128/><N who="3" m="49258" /><G116/><T107/><D66/><U50/><E50/><V86/><F72/><W76/><G111/><T0/><D75/><U31/><E124/><V60/><F94/><W61/><G69/><T118/><D78/><N who="3" m="30313" /><G90/><T2/><D118/><U67/><E67/><V43/><F43/><W97/><G125/><T134/><D42/><U59/><E59/><AGARI ba="0,0" hai="49,52,59,61,62,88,92,97" m="30313,49258" machi="59" ten="30,3900,0" yaku="19,1,54,2" doraHai="11" who="3" fromWho="1" sc="250,0,250,-39,250,0,250,39" /><INIT seed="1,0,0,2,5,115" ten="250,211,250,289" oya="1" hai0="71,44,32,77,84,52,101,20,61,29,62,30,13" hai1="36,48,7,80,16,89,55,66,28,90,125,110,122" hai2="50,76,26,126,106,21,41,63,73,42,19,83,57" hai3="87,33,124,131,88,117,17,0,75,116,10,119,12"/><U35/><E122/><V109/><F109/><W120/><G75/><T59/><D32/><U113/><E113/><V46/><F126/><W37/><G37/><T86/><D71/><U81/><E125/><V70/><F106/><W85/><G124/><T97/><D77/><U132/><E36/><V67/><F70/><W121/><G33/><T69/><D69/><U72/><E132/><V27/><F41/><W114/><G114/><T43/><D62/><U3/><E110/><V68/><F68/><W8/><G85/><T108/><D108/><U1/><E66/><V15/><AGARI ba="0,0" hai="15,19,21,26,27,42,46,50,57,63,67,73,76,83" machi="15" ten="20,1500,0" yaku="0,1,7,1" doraHai="115" who="2" fromWho="2" sc="250,-4,211,-7,250,15,289,-4" /><INIT seed="2,0,0,4,5,2" ten="246,204,265,285" oya="2" hai0="50,91,80,48,12,120,0,49,13,9,86,69,93" hai1="83,11,90,116,127,47,22,16,94,119,44,38,41" hai2="33,43,14,57,56,121,126,39,107,40,3,24,36" hai3="87,58,6,81,82,132,133,27,35,18,103,19,108"/><V23/><F121/><W88/><G103/><T64/><D69/><U115/><E115/><V96/><F126/><W28/><G108/><T68/><D0/><U17/><E127/><V114/><F114/><W78/><G58/><T113/><D68/><U53/><E83/><V134/><F134/><N who="3" m="51819" /><G6/><T60/><D113/><U46/><E11/><V111/><F111/><W62/><G62/><T55/><D120/><U101/><E101/><V37/><F33/><W95/><G81/><T10/><D60/><U51/><E46/><V100/><F3/><W85/><AGARI ba="0,0" hai="18,19,27,28,35,78,82,85,87,88,95" m="51819" machi="85" ten="30,2000,0" yaku="20,1,54,1" doraHai="2" who="3" fromWho="3" sc="246,-5,204,-5,265,-10,285,20" /><INIT seed="3,0,0,0,4,30" ten="241,199,255,305" oya="3" hai0="21,122,125,22,135,89,9,65,29,3,117,25,132" hai1="27,43,52,61,109,73,76,59,28,82,99,20,54" hai2="126,81,10,12,50,77,42,5,15,128,93,114,56" hai3="108,2,97,113,37,101,47,40,104,134,38,39,83"/><W71/><G113/><T95/><D65/><U23/><E109/><V45/><F114/><W102/><G71/><T70/><D70/><U66/><E43/><V26/><F128/><W78/><G102/><T64/><D122/><U75/><E75/><V32/><F126/><W130/><G130/><T105/><D117/><U67/><E67/><V4/><F93/><W129/><G129/><T115/><D105/><U48/><E48/><V124/><F124/><W133/><G108/><T55/><D125/><U31/><E99/><V0/><F56/><W35/><G2/><T60/><D115/><U127/><E127/><V118/><F118/><W85/><G35/><N who="0" m="20911" /><D55/><U46/><E46/><V111/><F111/><W62/><REACH who="3" step="1"/><G62/><REACH who="3" ten="241,199,255,295" step="2"/><T90/><D3/><U57/><E57/><V87/><F5/><W13/><G13/><T119/><D119/><U107/><E107/><V112/><F112/><W131/><G131/><T51/><D60/><U8/><E8/><V19/><REACH who="2" step="1"/><F19/><REACH who="2" ten="241,199,245,295" step="2"/><W17/><G17/><T106/><D106/><U24/><AGARI ba="0,2" hai="20,23,24,27,28,31,52,54,59,61,66,73,76,82" machi="24" ten="30,4000,0" yaku="0,1,9,1,54,1" doraHai="30" who="1" fromWho="1" sc="241,-10,199,60,245,-10,295,-20" /><INIT seed="4,0,0,0,0,80" ten="231,259,235,275" oya="0" hai0="0,59,50,78,83,65,47,63,87,73,93,10,11" hai1="32,14,107,84,29,30,104,4,18,81,60,132,97" hai2="45,133,115,23,27,24,76,28,37,16,77,6,13" hai3="67,124,57,114,61,43,41,108,75,55,123,86,135"/><T109/><D0/><U54/><E132/><V48/><F37/><W46/><G75/><T1/><D73/><U69/><E4/><V21/><F115/><W111/><G135/><T7/><D1/><U105/><E97/><V53/><F133/><W25/><G114/><T12/><D11/><AGARI ba="0,0" hai="6,11,13,16,21,23,24,27,28,45,48,53,76,77" machi="11" ten="40,2600,0" yaku="8,1,54,1" doraHai="80" who="2" fromWho="0" sc="231,-26,259,0,235,26,275,0" /><INIT seed="5,0,0,1,0,52" ten="205,259,261,275" oya="1" hai0="119,20,132,37,111,118,96,18,80,38,108,125,54" hai1="56,87,15,73,84,27,36,46,99,31,44,105,83" hai2="109,49,130,16,23,117,33,98,76,29,103,62,82" hai3="115,13,101,94,100,61,107,126,3,14,78,102,134"/><U47/><E36/><V121/><F117/><N who="0" m="44554" /><D96/><U127/><E127/><V93/><F121/><W122/><G3/><T43/><D80/><U71/><E71/><V110/><F130/><W59/><G122/><T53/><D43/><U25/><E73/><V79/><F33/><W116/><G107/><T129/><D20/><N who="1" m="15783" /><E105/><V67/><F29/><W104/><G104/><T112/><D18/><U92/><E27/><V57/><F49/><W133/><G78/><T28/><D129/><U91/><E83/><V85/><REACH who="2" step="1"/><F76/><REACH who="2" ten="205,259,251,275" step="2"/><W0/><G116/><T128/><D28/><U48/><E15/><AGARI ba="0,1" hai="15,16,23,57,62,67,79,82,85,93,98,103,109,110" machi="15" ten="30,12000,2" yaku="1,1,2,1,7,1,52,1,54,1,53,1" doraHai="52" doraHaiUra="63" who="2" fromWho="1" sc="205,0,259,-120,251,130,275,0" owari="205,-19.0,139,-36.0,381,47.0,275,8.0" /></mjloggm>