<mjloggm ver="2.3"><GO type="97" lobby="0"/><UN n0="%E5%B0%B1%E6%B4%BB%E7%94%9F%40%E5%B7%9D%E6%9D%91%E8%BB%8D%E5%9B%A3" n1="%E3%82%BD%E3%83%BC%E3%83%8A%E3%83%B3%E3%82%B9" n2="%E5%B2%A9%E9%AF%89" n3="%6B%6B%6B%69%69%69" dan="15,14,14,14" rate="2086.04,1892.70,1940.09,1912.21" sx="M,M,M,M"/><TAIKYOKU oya="0"/><INIT seed="0,0,0,0,4,28" ten="250,250,250,250" oya="0" hai0="60,24,127,22,99,70,103,117,93,55,75,43,12" hai1="1,16,3,82,91,115,35,18,64,77,37,78,73" hai2="112,45,90,50,108,36,120,109,104,17,110,124,84" hai3="118,116,107,88,95,96,19,86,87,102,0,49,8"/><T69/><D117/><U26/><E37/><V7/><F120/><W51/><G87/><T132/><D75/><U126/><E64/><V54/><F112/><W58/><G51/><T39/><D127/><U113/><E126/><V71/><F124/><W133/><G133/><T122/><D122/><U85/><E77/><V74/><F74/><W29/><G29/><T135/><D12/><U63/><E63/><V125/><F125/><W27/><G0/><T83/><D83/><U119/><E119/><V44/><F104/><W105/><G107/><T114/><D114/><N who="1" m="43531" /><E3/><V38/><F71/><W46/><G58/><N who="0" m="34911" /><D43/><U32/><E1/><V33/><F33/><N who="1" m="12873" /><E26/><V42/><F7/><W92/><G105/><T9/><D39/><N who="2" m="14890" /><F17/><W48/><G48/><T41/><D70/><U94/><AGARI ba="0,0" hai="16,18,73,78,82,85,91,94" m="12873,43531" machi="94" ten="30,8000,1" yaku="11,1,52,3,54,1" doraHai="28" who="1" fromWho="1" sc="250,-40,250,80,250,-20,250,-20" /><INIT seed="1,0,0,5,1,90" ten="210,330,230,230" oya="1" hai0="84,35,47,97,72,19,3,89,59,98,127,119,65" hai1="21,126,23,74,13,104,50,133,117,91,44,54,4" hai2="95,20,96,33,45,62,111,123,58,102,16,25,82" hai3="81,1,0,5,115,69,124,49,41,17,52,128,46"/><U39/><E104/><V30/><F123/><W2/><G69/><T125/><D72/><U34/><E117/><V32/><F111/><W87/><G115/><T75/><D75/><U78/><E34/><V113/><F113/><W24/><G128/><T100/><D3/><U80/><E39/><V70/><F70/><W77/><G124/><N who="0" m="47691" /><D35/><U37/><E126/><V26/><F82/><W60/><G5/><T64/><D119/><U130/><E130/><V131/><F131/><W103/><G103/><T31/><D31/><U8/><E133/><V122/><F122/><W116/><G116/><T129/><D129/><U12/><E37/><V88/><F45/><W11/><G60/><N who="0" m="37919" /><D100/><U109/><E109/><V93/><F32/><W53/><REACH who="3" step="1"/><G24/><REACH who="3" ten="210,330,230,220" step="2"/><T9/><D65/><U108/><E108/><V67/><F95/><W27/><G27/><T38/><D38/><U106/><E106/><V40/><F102/><W135/><G135/><T134/><D134/><U101/><E101/><V29/><F29/><W18/><G18/><T118/><D118/><U85/><E13/><AGARI ba="0,1" hai="0,1,2,11,13,17,41,46,49,52,53,77,81,87" machi="13" ten="40,2600,0" yaku="1,1,54,1,53,0" doraHai="90" doraHaiUra="105" who="3" fromWho="1" sc="210,0,330,-26,230,0,220,36" /><INIT seed="2,0,0,2,3,12" ten="210,304,230,256" oya="2" hai0="46,108,53,101,99,29,17,51,95,6,27,135,28" hai1="33,9,94,100,19,131,41,57,82,32,26,73,134" hai2="69,124,112,81,34,87,126,59,61,80,43,83,3" hai3="42,1,103,110,122,106,102,93,92,22,15,72,90"/><V60/><F3/><W75/><G1/><T109/><D6/><U76/><E131/><V79/><F34/><W56/><G42/><T70/><D70/><U8/><E134/><V36/><F112/><W14/><G56/><T104/><D104/><U18/><E41/><V63/><F69/><W128/><G22/><N who="0" m="13775" /><D135/><U84/><E33/><V117/><F117/><W58/><G58/><T89/><D101/><U31/><E57/><V35/><F35/><W107/><G128/><T38/><D38/><U96/><REACH who="1" step="1"/><E73/><REACH who="1" ten="210,294,230,256" step="2"/><V39/><F59/><W88/><REACH who="3" step="1"/><G110/><AGARI ba="0,1" hai="28,29,46,51,53,89,95,99,108,109,110" m="13775" machi="110" ten="30,2000,0" yaku="14,1,52,1" doraHai="12" who="0" fromWho="3" sc="210,30,294,0,230,0,256,-20" /><INIT seed="3,0,0,5,3,65" ten="240,294,230,236" oya="3" hai0="69,56,24,34,96,61,89,113,2,80,81,16,94" hai1="90,46,98,134,9,68,26,28,86,95,72,30,122" hai2="39,118,35,57,52,75,112,71,93,17,116,33,82" hai3="131,40,38,49,27,8,133,88,109,36,12,87,45"/><W0/><G0/><T125/><D2/><U85/><E122/><V117/><F112/><W102/><G133/><T128/><D113/><U115/><E115/><V19/><F39/><W110/><G131/><T107/><D107/><U70/><E72/><V29/><F71/><W62/><G102/><T79/><D125/><U22/><E134/><V135/><F135/><W129/><G27/><T37/><D37/><U91/><E30/><V18/><F93/><W120/><G62/><T7/><D7/><U31/><E31/><V21/><F21/><W126/><G126/><T54/><D128/><U55/><E9/><V103/><F103/><W1/><G1/><T43/><D43/><U44/><E98/><V41/><F41/><W111/><G120/><T106/><D106/><U48/><E44/><V59/><F29/><W108/><N who="3" m="28160" /><DORA hai="3" /><W100/><G100/><T42/><D42/><U11/><E11/><V51/><REACH who="2" step="1"/><F59/><REACH who="2" ten="240,294,220,236" step="2"/><W64/><G129/><T83/><D69/><U25/><E25/><V121/><F121/><W99/><G99/><T66/><D34/><U78/><E78/><AGARI ba="0,1" hai="17,18,19,33,35,51,52,57,75,78,82,116,117,118" machi="78" ten="50,3200,0" yaku="1,1,54,1,53,0" doraHai="65,3" doraHaiUra="10,63" who="2" fromWho="1" sc="240,0,294,-32,220,42,236,0" /><INIT seed="4,0,0,2,3,98" ten="240,262,262,236" oya="0" hai0="77,29,125,62,54,50,65,133,94,11,30,128,112" hai1="22,99,68,67,32,75,4,134,129,96,104,27,111" hai2="10,25,81,115,7,71,47,107,79,46,41,113,108" hai3="60,31,12,78,66,80,51,132,63,49,38,16,44"/><T102/><D112/><N who="2" m="43082" /><F108/><W121/><G132/><T53/><D128/><U131/><E111/><V86/><F71/><W118/><G118/><T93/><D125/><U82/><E4/><V105/><F25/><W126/><G126/><T26/><D133/><U20/><E134/><V34/><F34/><W59/><G121/><T69/><D77/><N who="1" m="44351" /><E96/><V23/><F23/><W5/><G5/><T64/><D64/><U130/><E67/><V24/><F24/><W43/><G60/><T97/><D11/><U37/><E68/><V6/><F6/><W1/><G31/><T74/><D74/><U3/><E3/><N who="2" m="383" /><F47/><W88/><G1/><T57/><D30/><N who="1" m="19551" /><E37/><AGARI ba="0,0" hai="37,41,46,79,81,86,105,107" m="383,43082" machi="37" ten="30,1000,0" yaku="15,1" doraHai="98" who="2" fromWho="1" sc="240,0,262,-10,262,10,236,0" /><INIT seed="5,0,0,5,1,118" ten="240,252,272,236" oya="1" hai0="46,26,72,28,52,97,48,69,80,51,103,98,12" hai1="123,109,6,36,113,84,74,23,83,54,22,18,53" hai2="78,108,33,67,114,133,0,44,8,131,121,43,34" hai3="25,107,27,42,30,9,87,55,92,93,116,88,68"/><U17/><E123/><V117/><F67/><W31/><G107/><T125/><D69/><U120/><E36/><V130/><F78/><W96/><G68/><T56/><D125/><U50/><E120/><V37/><F121/><W58/><G116/><T7/><D72/><U16/><E74/><V21/><F117/><W24/><G9/><N who="0" m="4159" /><D103/><U124/><E124/><V45/><F108/><W81/><G42/><N who="0" m="24663" /><D80/><U4/><E113/><V100/><F45/><W13/><G13/><T89/><D89/><N who="1" m="51359" /><E109/><V29/><F100/><W38/><G38/><T35/><D35/><U119/><E119/><V47/><F44/><W1/><G1/><T76/><D76/><U64/><E64/><V94/><F114/><W102/><REACH who="3" step="1"/><G81/><REACH who="3" ten="240,252,272,226" step="2"/><T115/><D115/><U66/><E66/><V128/><F37/><W15/><G15/><T132/><D132/><U19/><N who="1" m="4608" /><DORA hai="95" /><U82/><E82/><V105/><F133/><W134/><G134/><T40/><D40/><U41/><E41/><V65/><F43/><W60/><AGARI ba="0,1" hai="24,25,27,30,31,55,58,60,87,88,92,93,96,102" machi="60" ten="30,8000,1" yaku="1,1,0,1,8,1,52,1,54,1,53,0" doraHai="118,95" doraHaiUra="77,127" who="3" fromWho="3" sc="240,-20,252,-40,272,-20,226,90" owari="220,-18.0,212,-29.0,252,5.0,316,42.0" /></mjloggm>