<mjloggm ver="2.3"><GO type="225" lobby="0"/><UN n0="%65%EF%BC%BE%63%5F%2C%EF%BC%BE%64" n1="%E5%B0%B1%E6%B4%BB%E7%94%9F%40%E5%B7%9D%E6%9D%91%E8%BB%8D%E5%9B%A3" n2="%E7%A7%98%E5%89%A3%E2%98%85%E5%8D%83%E9%B3%A5%E2%98%85" n3="%E6%B7%AB%E7%8D%A3%E5%AE%AE%E8%97%A4" dan="16,16,16,16" rate="2075.39,2076.15,2101.62,2147.19" sx="M,M,M,M"/><TAIKYOKU oya="0"/><INIT seed="0,0,0,4,5,51" ten="250,250,250,250" oya="0" hai0="100,82,78,121,86,60,39,77,59,20,117,29,135" hai1="101,134,49,43,94,84,72,87,83,13,93,9,97" hai2="96,64,45,98,128,116,55,75,73,106,46,69,15" hai3="27,47,18,81,42,1,133,113,7,50,8,107,35"/><T61/><D117/><U131/><E134/><V80/><F128/><W22/><G113/><T91/><D121/><U26/><E131/><V31/><F116/><W130/><G130/><T125/><D135/><U76/><E26/><V56/><F69/><W4/><G107/><T62/><D39/><U17/><E43/><V129/><F64/><W21/><G133/><T54/><D125/><U34/><E34/><V57/><F57/><W74/><G7/><T40/><D40/><U119/><E119/><V115/><F31/><W2/><G2/><T44/><D44/><U108/><E108/><V41/><F41/><W110/><G110/><T24/><REACH who="0" step="1"/><D100/><REACH who="0" ten="240,250,250,250" step="2"/><U114/><E114/><V95/><F46/><W48/><G42/><T122/><D122/><U79/><E79/><AGARI ba="0,1" hai="20,24,29,54,59,60,61,62,77,78,79,82,86,91" machi="79" ten="40,7700,0" yaku="1,1,8,1,52,1,53,0" doraHai="51" doraHaiUra="127" who="0" fromWho="1" sc="240,87,250,-77,250,0,250,0" /><INIT seed="0,1,0,5,0,57" ten="327,173,250,250" oya="0" hai0="115,111,43,65,135,95,21,9,121,84,98,0,31" hai1="71,35,16,54,10,29,46,55,18,66,52,27,33" hai2="68,63,90,109,47,105,118,37,110,134,15,101,76" hai3="96,50,122,131,103,89,73,32,39,70,78,124,81"/><T62/><D121/><U123/><E35/><V23/><F76/><W133/><G39/><T104/><D115/><U1/><E123/><V112/><F90/><W30/><G124/><T130/><D104/><U97/><E46/><V51/><F112/><W87/><G133/><T58/><D135/><U94/><E1/><V11/><F134/><W19/><G131/><T53/><D130/><U80/><E80/><V125/><F23/><W4/><G4/><T45/><D111/><U34/><E34/><V60/><F37/><W59/><G70/><T128/><D128/><U102/><REACH who="1" step="1"/><E10/><REACH who="1" ten="327,163,250,250" step="2"/><V13/><F11/><W12/><G122/><T36/><D9/><U91/><E91/><V129/><F47/><W82/><G32/><T26/><D0/><U79/><E79/><V49/><F129/><W74/><G78/><T132/><D132/><U25/><E25/><V2/><F2/><W3/><G81/><T120/><D120/><U77/><E77/><V88/><F88/><W67/><G3/><T116/><D116/><U17/><E17/><V24/><F118/><W107/><G30/><T7/><D7/><U83/><E83/><V5/><F5/><W108/><G74/><T8/><D8/><U119/><E119/><V22/><F109/><W20/><G108/><T114/><D114/><U100/><E100/><V126/><F101/><W99/><G73/><T69/><D31/><U72/><E72/><V56/><F110/><W93/><G103/><T127/><D26/><U42/><E42/><V48/><F24/><W86/><G82/><T64/><D43/><U113/><E113/><RYUUKYOKU ba="1,1" sc="327,-10,163,30,250,-10,250,-10" hai1="16,18,27,29,33,52,54,55,66,71,94,97,102" /><INIT seed="1,2,1,0,1,115" ten="317,193,240,240" oya="1" hai0="2,103,32,56,98,107,39,123,106,38,108,129,37" hai1="74,8,53,68,54,61,133,125,128,94,35,57,116" hai2="132,52,11,72,18,114,67,6,20,83,131,15,1" hai3="29,111,134,63,30,19,50,40,102,60,90,109,4"/><U34/><E74/><V80/><F132/><W25/><G4/><T24/><D108/><N who="3" m="41545" /><G102/><T127/><D127/><U42/><E133/><V85/><F131/><W86/><G19/><T82/><D129/><U76/><E128/><V46/><F114/><W12/><G12/><T10/><D56/><U26/><E68/><V99/><F72/><W93/><G134/><T126/><D82/><U92/><E125/><V87/><F99/><W51/><G29/><N who="0" m="19495" /><D126/><U28/><E116/><V22/><F67/><W3/><G3/><T55/><D55/><U49/><E42/><V121/><F121/><W0/><G0/><T78/><D78/><U9/><E35/><V122/><F22/><N who="3" m="15671" /><G51/><T62/><D62/><U47/><REACH who="1" step="1"/><E76/><REACH who="1" ten="317,183,240,240" step="2"/><N who="2" m="46215" /><F122/><W104/><G104/><N who="0" m="63607" /><D123/><U41/><E41/><V64/><F1/><W101/><G101/><T117/><D117/><U118/><E118/><V112/><F112/><W79/><G79/><T70/><D70/><U33/><E33/><V75/><F75/><W119/><G119/><T135/><D135/><U69/><E69/><V66/><F66/><W84/><G40/><T43/><D43/><U89/><E89/><N who="2" m="51455" /><F64/><W45/><G90/><T130/><D130/><U16/><E16/><V27/><F52/><W14/><G14/><T105/><D105/><U95/><AGARI ba="2,2" hai="8,9,26,28,34,47,49,53,54,57,61,92,94,95" machi="95" ten="30,3000,0" yaku="1,1,0,1,53,0" doraHai="115" doraHaiUra="120" who="1" fromWho="1" sc="317,-12,183,56,240,-12,240,-12" /><INIT seed="1,3,0,0,0,53" ten="305,239,228,228" oya="1" hai0="41,65,113,88,2,91,90,72,121,101,75,135,111" hai1="114,40,102,133,36,7,39,38,92,112,70,95,99" hai2="45,120,67,24,27,32,9,30,132,51,56,17,122" hai3="82,26,21,44,76,130,11,19,84,69,12,89,117"/><U4/><E70/><V6/><F132/><W78/><G117/><T63/><D2/><U73/><E133/><V0/><F27/><W118/><G118/><T55/><D135/><U103/><E73/><V59/><F67/><W13/><G130/><T105/><D113/><N who="1" m="43627" /><E99/><V1/><F1/><W37/><G69/><T104/><D41/><U108/><E40/><V33/><F32/><W119/><G37/><T48/><D111/><U80/><E80/><V35/><F33/><W57/><G44/><T68/><D121/><U94/><E108/><V10/><F122/><W124/><G124/><T79/><D101/><AGARI ba="3,0" hai="4,7,36,38,39,92,94,95,101,102,103" m="43627" machi="101" ten="40,3900,0" yaku="28,2" doraHai="53" who="1" fromWho="0" sc="305,-48,239,48,228,0,228,0" /><INIT seed="1,4,0,0,1,32" ten="257,287,228,228" oya="1" hai0="112,103,105,17,113,49,63,45,93,111,53,117,57" hai1="135,98,76,71,121,115,119,80,127,18,100,22,87" hai2="82,86,123,28,84,58,55,101,11,46,44,73,114" hai3="129,15,54,19,126,7,24,90,64,130,52,89,99"/><U2/><E119/><V72/><F123/><W94/><G126/><T0/><D105/><U4/><E71/><V128/><F128/><N who="3" m="49259" /><G64/><T124/><D117/><U51/><E121/><V38/><F101/><W69/><G69/><T1/><D124/><U120/><E127/><V132/><F38/><W27/><G7/><T81/><D81/><U110/><E120/><V59/><F28/><W108/><G90/><T106/><D106/><U42/><E115/><V37/><F37/><W40/><G40/><T20/><D111/><U79/><E135/><V67/><F67/><W10/><G108/><T14/><D103/><U43/><E110/><V29/><F29/><W88/><G89/><T95/><D113/><U91/><E4/><V125/><F132/><W25/><AGARI ba="4,0" hai="10,15,19,24,25,27,52,54,88,94,99" m="49259" machi="25" ten="30,4000,0" yaku="19,1,54,2" doraHai="32" who="3" fromWho="3" sc="257,-14,287,-24,228,-14,228,52" /><INIT seed="2,0,0,1,4,79" ten="243,263,214,280" oya="2" hai0="125,19,7,26,88,80,101,96,2,57,132,99,44" hai1="10,33,31,113,126,130,32,97,73,5,42,1,64" hai2="20,104,93,18,66,39,89,90,103,60,34,35,78" hai3="124,105,3,28,58,108,107,131,54,37,50,84,17"/><V71/><F39/><W114/><G84/><N who="0" m="50183" /><D2/><U46/><E113/><V40/><F40/><W74/><G50/><T48/><D132/><U67/><E126/><V135/><F78/><W51/><G54/><N who="0" m="29959" /><D125/><U0/><E130/><V121/><F121/><W63/><G17/><T92/><D7/><U55/><E73/><V75/><F75/><W119/><G58/><T25/><D96/><U11/><E97/><V109/><F104/><W52/><G105/><T95/><D95/><U29/><E55/><V68/><F68/><W94/><G52/><T59/><D26/><U122/><E122/><V43/><F35/><W69/><G69/><T30/><D30/><U117/><E117/><V116/><F34/><W91/><G107/><T129/><D129/><U128/><E128/><V8/><F116/><W112/><G3/><T41/><D41/><U134/><E134/><V14/><F43/><W120/><G37/><T106/><D106/><U49/><E32/><V111/><F135/><W100/><G120/><T72/><D72/><U87/><E87/><V53/><F103/><W110/><G100/><T85/><D85/><U16/><E33/><V115/><F115/><W27/><G124/><T86/><D86/><U76/><E76/><V12/><F93/><W82/><G131/><T123/><D123/><U47/><E47/><V23/><F90/><W45/><G91/><T21/><AGARI ba="0,0" hai="19,21,25,57,59,92,99,101" m="29959,50183" machi="21" ten="30,4000,0" yaku="8,1,52,1,54,1" doraHai="79" who="0" fromWho="0" sc="243,40,263,-10,214,-20,280,-10" /><INIT seed="3,0,0,0,3,28" ten="283,253,194,270" oya="3" hai0="44,98,26,109,113,32,38,103,117,76,119,77,45" hai1="128,116,102,106,19,2,134,12,40,125,127,126,86" hai2="27,123,34,13,79,55,99,107,120,21,81,24,59" hai3="31,108,14,73,121,6,4,18,53,72,49,89,50"/><W3/><G3/><T92/><D109/><U57/><E2/><V39/><F39/><W111/><G121/><N who="2" m="46665" /><F107/><W17/><G31/><T90/><D113/><U114/><E114/><V41/><F41/><W67/><G67/><T1/><D1/><U110/><E110/><N who="3" m="42026" /><G89/><T115/><D115/><U105/><E116/><V75/><F99/><W42/><G42/><T78/><D117/><U118/><E118/><V56/><F56/><N who="3" m="32815" /><G50/><T8/><D119/><U101/><E40/><V104/><F104/><N who="1" m="40041" /><E57/><V11/><F34/><W100/><G100/><T71/><D103/><U65/><E65/><V16/><F11/><N who="3" m="6367" /><G18/><T95/><D8/><U23/><E102/><V7/><F7/><AGARI ba="0,0" hai="4,6,7,72,73" m="6367,32815,42026" machi="7" ten="30,2900,0" yaku="14,1,10,1" doraHai="28" who="3" fromWho="2" sc="283,0,253,0,194,-29,270,29" /><INIT seed="3,1,0,0,5,37" ten="283,253,165,299" oya="3" hai0="62,57,3,64,76,0,1,131,79,60,118,75,93" hai1="39,11,84,25,95,97,129,24,101,7,119,128,99" hai2="68,20,2,31,10,104,9,65,27,13,83,53,48" hai3="32,19,36,72,46,18,127,12,34,63,120,56,74"/><W78/><G120/><T130/><D118/><U81/><E39/><V135/><F135/><W16/><G12/><T80/><D93/><U116/><E25/><V23/><F104/><W6/><G6/><T40/><D79/><N who="1" m="46143" /><E24/><N who="2" m="16775" /><F68/><W133/><G133/><T89/><D89/><N who="1" m="55535" /><E7/><V22/><F2/><W44/><G127/><T114/><D114/><U132/><E11/><V30/><F65/><W90/><G90/><T28/><D28/><U43/><E43/><V88/><F22/><W117/><G117/><N who="1" m="45130" /><E132/><V45/><F13/><W103/><G103/><T87/><D75/><U108/><E108/><V59/><F59/><W110/><G110/><T54/><REACH who="0" step="1"/><D40/><REACH who="0" ten="273,253,165,299" step="2"/><U50/><E50/><V21/><F21/><W15/><G72/><T29/><D29/><U106/><AGARI ba="1,1" hai="99,101,106,128,129" m="45130,55535,46143" machi="106" ten="30,4000,0" yaku="12,1,34,2" doraHai="37" who="1" fromWho="1" sc="273,-11,253,53,165,-11,299,-21" owari="262,-14.0,306,41.0,154,-35.0,278,8.0" /></mjloggm>