<mjloggm ver="2.3"><GO type="169" lobby="0"/><UN n0="%E3%81%8F%E3%82%89%E3%81%BE%E3%82%82%E3%82%93" n1="%E3%82%A6%E3%83%AB%E3%83%88%E3%83%A9%E7%AB%8B%E7%9B%B4" n2="%54%44%4E%34%38" n3="%64%6F%75%6D%6F%6B%75%6E" dan="16,17,17,16" rate="2079.06,2143.82,2160.17,2162.28" sx="M,M,M,M"/><TAIKYOKU oya="0"/><INIT seed="0,0,0,1,0,113" ten="250,250,250,250" oya="0" hai0="133,38,35,0,22,107,15,24,2,17,82,129,33" hai1="101,85,48,41,4,52,14,124,34,5,51,103,29" hai2="120,104,123,106,64,3,80,20,27,42,135,56,94" hai3="131,11,86,110,58,127,93,112,105,28,12,70,99"/><T77/><D107/><U50/><E124/><V26/><F3/><W9/><G70/><T69/><D69/><U47/><E34/><V39/><F135/><W43/><G43/><T100/><D100/><N who="1" m="38475" /><E29/><V116/><F80/><W59/><G105/><T16/><D38/><U62/><E62/><V130/><F130/><W19/><G28/><T46/><D133/><U10/><E85/><V23/><F94/><W122/><G131/><T72/><D129/><U13/><E41/><V128/><F128/><W45/><G122/><T98/><D98/><U79/><E79/><V88/><F56/><W31/><G31/><T18/><D18/><U63/><E63/><V76/><F76/><W117/><G112/><T68/><D68/><U97/><E97/><V125/><F64/><W74/><G99/><T108/><D108/><U109/><E109/><V65/><F65/><W1/><G74/><T81/><D81/><U66/><E66/><V114/><F114/><W83/><G83/><T115/><D115/><U53/><E47/><V91/><F42/><W121/><G45/><T30/><D46/><U84/><E84/><V54/><F54/><N who="1" m="21097" /><E10/><V78/><F78/><W6/><G121/><T71/><D71/><U21/><E21/><V32/><F39/><W111/><G127/><T44/><D44/><U49/><N who="1" m="12288" /><DORA hai="90" /><U118/><E118/><V95/><F125/><W67/><G117/><T134/><D134/><U89/><E89/><V40/><F32/><N who="0" m="12362" /><D30/><U36/><E36/><V25/><F40/><W132/><G132/><T7/><D17/><U126/><E126/><V55/><F116/><RYUUKYOKU ba="0,0" sc="250,15,250,15,250,-15,250,-15" hai0="0,2,7,15,16,22,24,72,77,82" hai1="4,5,13,14" /><INIT seed="0,1,0,4,5,4" ten="265,265,235,235" oya="0" hai0="3,5,0,74,103,24,55,29,94,84,30,131,52" hai1="39,59,53,130,25,89,117,88,128,47,20,93,129" hai2="17,126,68,73,11,7,51,42,14,69,85,16,22" hai3="37,33,90,57,106,56,34,135,1,116,98,125,8"/><T19/><D74/><U35/><E35/><V48/><F73/><W75/><G75/><T97/><D131/><U46/><E117/><V99/><F126/><W26/><G37/><T28/><D19/><N who="1" m="12447" /><E39/><V40/><F69/><W77/><G77/><T76/><D24/><U2/><E2/><V133/><F68/><W80/><G116/><T87/><D3/><U71/><E71/><V132/><F99/><W79/><G34/><T107/><D107/><U111/><E111/><V105/><F105/><W67/><G67/><T6/><D84/><N who="1" m="52359" /><E89/><V100/><F100/><W81/><G106/><T86/><D86/><U123/><E123/><V122/><F85/><W118/><G90/><T13/><D0/><U64/><E64/><V54/><F122/><W9/><G98/><T114/><D114/><U18/><E18/><N who="2" m="7275" /><F22/><W10/><G118/><T38/><D38/><U70/><E70/><V83/><F83/><N who="3" m="31819" /><G79/><T27/><D76/><U60/><AGARI ba="1,0" hai="46,47,53,59,60,128,129,130" m="52359,12447" machi="60" ten="30,2000,0" yaku="19,1,54,1" doraHai="4" who="1" fromWho="1" sc="265,-11,265,23,235,-6,235,-6" /><INIT seed="1,0,0,2,5,15" ten="254,288,229,229" oya="1" hai0="79,108,127,86,97,2,121,128,43,120,124,130,25" hai1="38,29,74,5,125,49,28,73,77,105,4,116,90" hai2="99,88,75,111,13,122,132,42,14,30,118,91,82" hai3="8,80,135,12,17,78,57,31,134,123,83,45,84"/><U0/><E38/><V103/><F122/><N who="0" m="47210" /><D2/><U85/><E105/><V6/><F118/><W67/><G123/><T126/><D43/><U7/><E0/><V52/><F132/><W1/><G1/><T35/><D108/><U32/><E116/><V110/><F42/><W11/><G31/><N who="1" m="11850" /><E74/><V65/><F65/><W56/><G11/><T3/><D3/><U20/><E73/><V81/><F30/><W59/><G67/><T23/><D35/><U109/><E32/><V40/><F40/><W33/><G33/><T102/><D23/><U107/><E107/><V48/><F75/><W115/><G115/><T41/><D25/><U26/><E77/><V18/><F111/><W37/><G37/><T92/><D41/><U36/><E36/><V47/><F110/><W93/><G45/><T63/><D63/><U24/><E109/><V34/><F34/><W27/><G27/><T66/><D66/><U114/><E114/><V68/><F68/><W51/><G51/><T16/><D16/><N who="1" m="12295" /><E125/><V62/><F62/><W53/><G53/><T119/><D119/><U50/><E26/><V22/><F103/><W101/><G101/><T60/><D60/><U117/><E117/><V61/><F61/><W87/><REACH who="3" step="1"/><G93/><AGARI ba="0,0" hai="4,5,7,49,50,85,90,93" m="12295,11850" machi="93" ten="30,5800,0" yaku="8,1,52,1,54,1" doraHai="15" who="1" fromWho="3" sc="254,0,288,58,229,0,229,-58" /><INIT seed="1,1,0,2,5,72" ten="254,346,229,171" oya="1" hai0="101,84,104,66,134,33,125,55,24,54,40,14,114" hai1="42,48,109,12,37,27,3,38,51,96,97,7,124" hai2="11,13,113,39,46,47,78,59,65,52,9,90,106" hai3="121,0,87,36,83,2,69,28,81,53,122,103,82"/><U31/><E3/><V21/><F106/><W129/><G69/><T26/><D66/><U105/><E38/><V44/><F39/><W135/><G36/><T71/><D40/><U6/><E37/><V130/><F130/><W93/><G28/><T77/><D14/><U123/><E123/><V94/><F113/><W67/><G129/><T120/><D84/><U23/><E105/><V115/><F115/><W91/><G67/><T119/><D114/><U89/><E124/><V76/><F65/><W19/><G135/><T100/><D104/><U16/><E109/><V32/><F32/><W110/><G110/><T10/><D10/><N who="2" m="3594" /><F21/><W108/><G108/><T133/><D33/><U50/><E42/><V131/><F13/><W73/><G19/><T22/><D22/><N who="1" m="15863" /><E89/><V34/><F34/><W127/><G127/><T75/><D125/><U79/><E79/><V63/><F131/><W43/><G43/><T128/><D128/><U20/><E20/><V61/><F61/><W99/><G53/><T98/><D75/><U45/><E45/><V25/><F25/><W74/><G0/><T41/><D41/><U18/><E18/><V15/><F15/><W56/><G2/><T92/><D120/><N who="3" m="46185" /><G56/><T64/><D133/><U58/><E58/><V116/><F116/><W8/><G8/><T60/><D119/><U118/><E118/><V111/><F111/><W80/><AGARI ba="1,0" hai="73,74,80,81,82,83,87,91,93,99,103" m="46185" machi="80" ten="30,2000,0" yaku="34,2" doraHai="72" who="3" fromWho="3" sc="254,-6,346,-11,229,-6,171,23" /><INIT seed="2,0,0,2,5,70" ten="248,335,223,194" oya="2" hai0="59,111,1,126,33,79,42,53,64,135,100,71,116" hai1="101,56,57,94,17,106,118,98,108,50,39,120,96" hai2="78,132,37,66,0,20,13,16,11,22,80,47,44" hai3="19,127,46,124,52,9,86,65,92,2,40,133,109"/><V103/><F103/><W125/><G65/><T15/><D1/><U58/><E118/><V122/><F122/><W84/><G133/><T6/><D33/><U134/><E39/><V89/><F132/><W121/><G121/><T97/><D79/><U128/><E134/><V55/><F66/><W90/><G109/><T48/><D135/><U85/><E108/><V93/><F0/><W81/><G2/><T49/><D111/><U88/><E128/><V36/><F47/><W24/><G24/><T105/><D126/><U27/><E120/><V129/><F129/><W63/><G19/><T61/><D116/><U62/><E50/><V54/><F54/><W29/><G29/><T14/><D6/><U31/><E85/><V131/><F131/><W35/><G9/><T72/><D72/><U69/><E17/><V82/><F82/><W107/><G35/><T117/><D117/><U32/><REACH who="1" step="1"/><E69/><REACH who="1" ten="248,325,223,194" step="2"/><V51/><F37/><N who="3" m="21775" /><G107/><T68/><D68/><U26/><E26/><V5/><F36/><W74/><G74/><T110/><D110/><U119/><E119/><V43/><F16/><W21/><G21/><T12/><D49/><U25/><E25/><V4/><F4/><W18/><G18/><T41/><AGARI ba="0,1" hai="12,14,15,41,42,48,53,59,61,64,71,97,100,105" machi="41" ten="30,1100,0" yaku="0,1" doraHai="70" who="0" fromWho="0" sc="248,21,325,-3,223,-5,194,-3" /><INIT seed="3,0,0,3,4,67" ten="269,322,218,191" oya="3" hai0="1,107,24,95,43,12,7,0,69,5,128,70,47" hai1="80,51,108,64,66,130,76,35,38,77,81,57,29" hai2="53,123,39,28,49,65,109,14,97,31,46,127,44" hai3="99,15,120,118,73,59,90,132,94,106,82,16,78"/><W52/><G120/><T134/><D107/><U101/><E38/><V75/><F123/><W100/><G118/><T72/><D72/><U63/><E108/><V102/><F109/><W124/><G124/><T92/><D24/><U86/><E101/><V22/><F127/><W93/><G132/><T33/><D33/><U119/><E130/><V32/><F75/><W21/><REACH who="3" step="1"/><G90/><REACH who="3" ten="269,322,218,181" step="2"/><T105/><D134/><U96/><E119/><V87/><F32/><W88/><G88/><T114/><D128/><U62/><E35/><V71/><F102/><W34/><G34/><T2/><D114/><U50/><E29/><V126/><F126/><W13/><G13/><T131/><D12/><U121/><E121/><V6/><F31/><W48/><AGARI ba="0,1" hai="15,16,21,48,52,59,73,78,82,93,94,99,100,106" machi="48" ten="20,12000,1" yaku="1,1,0,1,7,1,54,2,53,0" doraHai="67" doraHaiUra="3" who="3" fromWho="3" sc="269,-40,322,-40,218,-40,181,130" /><INIT seed="3,1,0,3,4,58" ten="229,282,178,311" oya="3" hai0="37,114,118,107,38,9,44,111,19,68,126,26,121" hai1="125,45,54,12,97,20,131,56,30,70,42,39,10" hai2="92,17,122,75,134,84,7,23,69,110,15,120,52" hai3="119,67,109,64,81,102,94,27,103,74,101,8,77"/><W71/><G119/><T50/><D107/><U99/><E125/><V89/><F75/><W36/><G36/><T132/><D121/><N who="2" m="46698" /><F69/><W106/><G109/><T0/><D118/><U104/><E104/><V40/><F40/><W78/><G78/><T128/><D111/><U51/><E131/><V14/><F110/><W90/><G8/><T135/><D126/><U32/><E32/><V13/><F134/><N who="0" m="51242" /><D68/><U91/><E91/><V124/><F124/><W21/><G106/><T35/><D128/><U5/><E70/><V98/><F7/><W72/><G72/><T46/><D46/><U22/><E22/><V48/><F98/><W112/><G112/><T59/><D114/><U62/><REACH who="1" step="1"/><E39/><REACH who="1" ten="229,272,178,311" step="2"/><V73/><F73/><W60/><G90/><T18/><D35/><U82/><E82/><V115/><F115/><W34/><G34/><T11/><D37/><U83/><E83/><V95/><F95/><W2/><G2/><T88/><D38/><U55/><E55/><V105/><F105/><W76/><G76/><T3/><D88/><U96/><E96/><V57/><AGARI ba="1,1" hai="13,14,15,17,23,48,52,57,84,89,92" m="46698" machi="57" ten="30,4000,0" yaku="25,1,13,1,54,1" doraHai="58" who="2" fromWho="2" sc="229,-11,272,-11,178,53,311,-21" /><INIT seed="4,0,0,0,2,7" ten="218,261,231,290" oya="0" hai0="23,58,2,91,90,38,1,59,99,135,82,40,84" hai1="53,42,28,39,34,61,95,26,41,132,74,8,10" hai2="14,68,29,44,12,81,108,6,35,124,16,15,70" hai3="121,111,4,22,9,126,114,46,100,52,13,129,127"/><T120/><D120/><U115/><E74/><V33/><F108/><W24/><G111/><T54/><D135/><U116/><E116/><V20/><F44/><W78/><G121/><T3/><D58/><N who="1" m="35023" /><E34/><N who="2" m="12811" /><F70/><W123/><G123/><T17/><D40/><N who="1" m="15467" /><E39/><V107/><F68/><W72/><G100/><T19/><D38/><U30/><E132/><V85/><F85/><W5/><G129/><T57/><D57/><U102/><E115/><V88/><F88/><W0/><G114/><T130/><D130/><U73/><E73/><V71/><F81/><W122/><G122/><T65/><D65/><U94/><E26/><N who="2" m="16583" /><F107/><W101/><G101/><T125/><D91/><U18/><E18/><N who="0" m="6665" /><D99/><N who="1" m="59767" /><E95/><V119/><F71/><W93/><G93/><T104/><D104/><U96/><E96/><V79/><F79/><W37/><G78/><T133/><D82/><U64/><E64/><V27/><F119/><W62/><G72/><T43/><D43/><U92/><E92/><V131/><F131/><W69/><G37/><T66/><D66/><U11/><AGARI ba="0,0" hai="8,10,11,28,30" m="59767,15467,35023" machi="11" ten="30,7900,0" yaku="8,1,52,3" doraHai="7" who="1" fromWho="1" sc="218,-39,261,79,231,-20,290,-20" /><INIT seed="5,0,0,5,1,85" ten="179,340,211,270" oya="1" hai0="40,16,71,55,94,76,108,106,13,64,77,4,120" hai1="75,0,23,72,78,115,27,53,119,14,17,67,41" hai2="118,102,121,79,60,80,112,56,6,21,96,124,31" hai3="52,99,25,45,29,62,131,18,100,127,90,66,107"/><U47/><E0/><V97/><F121/><W7/><G127/><T28/><D106/><U10/><E119/><V15/><F118/><W30/><G131/><T2/><D108/><U123/><E123/><V89/><F124/><W1/><G18/><T12/><D120/><U88/><E67/><V69/><F69/><W48/><G1/><T133/><D133/><U82/><E53/><V92/><F112/><W5/><G29/><T128/><D128/><U129/><E115/><V105/><F6/><W38/><G38/><T51/><D28/><U93/><E75/><V37/><F37/><W65/><G65/><T116/><D40/><U83/><E129/><V109/><F109/><W110/><G90/><T20/><D2/><U61/><E61/><V46/><F46/><W125/><G125/><T22/><D116/><U87/><E82/><V135/><F135/><W101/><G101/><T58/><D71/><U36/><REACH who="1" step="1"/><E10/><REACH who="1" ten="179,330,211,270" step="2"/><V126/><F126/><W81/><G81/><T43/><D64/><U122/><E122/><V111/><F111/><W50/><G110/><T95/><D43/><U117/><E117/><V132/><F132/><W24/><G48/><T9/><D22/><U35/><E35/><V113/><F113/><W19/><G66/><T70/><D70/><U104/><E104/><V134/><F134/><W8/><G62/><T63/><D63/><U57/><E57/><V34/><F105/><W74/><G74/><T130/><D130/><U39/><E39/><V91/><F56/><W86/><G107/><T84/><D94/><U49/><E49/><V44/><F92/><RYUUKYOKU ba="0,1" sc="179,15,330,15,211,-15,270,-15" hai0="4,9,12,13,16,20,51,55,58,76,77,84,95" hai1="14,17,23,27,36,41,47,72,78,83,87,88,93" /><INIT seed="5,1,1,1,2,131" ten="194,345,196,255" oya="1" hai0="50,38,97,44,124,81,118,10,129,30,109,135,104" hai1="85,72,62,105,8,108,0,39,52,111,28,6,45" hai2="82,101,100,80,115,7,46,134,61,11,17,55,23" hai3="93,133,13,25,26,74,27,84,117,95,91,42,83"/><U16/><E105/><V54/><F134/><W132/><G42/><T89/><D38/><U116/><E116/><V58/><F115/><W68/><G68/><T125/><D109/><N who="1" m="42059" /><E72/><V65/><F100/><W4/><G117/><T24/><D118/><U90/><E28/><V102/><F101/><W56/><G56/><T12/><D129/><U1/><E1/><V73/><F102/><W92/><G74/><T48/><D104/><U78/><E78/><V14/><F73/><W19/><REACH who="3" step="1"/><G4/><REACH who="3" ten="194,345,196,245" step="2"/><T51/><D44/><U76/><E45/><V120/><F120/><W103/><G103/><T87/><D124/><U43/><E43/><V41/><F41/><W22/><AGARI ba="1,2" hai="13,19,22,25,26,27,83,84,91,92,93,95,132,133" machi="22" ten="40,12000,2" yaku="1,1,0,1,52,2,53,3" doraHai="131" doraHaiUra="21" who="3" fromWho="3" sc="194,-31,345,-61,196,-31,245,143" /><INIT seed="6,0,0,0,0,70" ten="163,284,165,388" oya="2" hai0="49,115,16,91,59,20,23,84,36,96,110,10,3" hai1="133,89,29,80,66,45,83,79,42,6,37,99,90" hai2="81,21,88,35,54,58,28,95,134,2,68,71,98" hai3="7,65,53,62,87,112,13,75,85,101,38,78,14"/><V0/><F35/><W8/><G38/><T50/><D110/><U44/><E133/><V76/><F134/><W41/><G41/><T17/><D36/><U108/><E108/><V119/><F119/><W130/><G130/><T51/><D115/><U26/><E66/><V129/><F129/><W104/><G112/><T107/><D59/><U30/><E30/><V56/><F56/><W1/><G1/><T12/><D3/><U52/><E6/><V118/><F118/><W127/><G127/><T39/><D39/><U103/><E83/><V69/><F21/><W123/><G123/><T135/><D135/><U124/><E124/><V132/><F28/><W92/><G104/><T116/><D116/><U31/><E31/><V73/><REACH who="2" step="1"/><F132/><REACH who="2" ten="163,284,155,388" step="2"/><W86/><G8/><T131/><D131/><U25/><E29/><V55/><F55/><W111/><G53/><T46/><D46/><U40/><E52/><V102/><F102/><W33/><G101/><T109/><D109/><U74/><E44/><V4/><F4/><W60/><G7/><T24/><D20/><U61/><E42/><V113/><F113/><W48/><G33/><T19/><D19/><U114/><E114/><V94/><F94/><W32/><G92/><N who="0" m="54375" /><D107/><U57/><E57/><V106/><F106/><W121/><G32/><T93/><D93/><N who="1" m="58863" /><E61/><AGARI ba="0,1" hai="0,2,54,58,61,68,69,71,73,76,81,88,95,98" machi="61" ten="40,3900,0" yaku="1,1,54,1,53,0" doraHai="70" doraHaiUra="15" who="2" fromWho="1" sc="163,0,284,-39,155,49,388,0" /><INIT seed="6,1,0,5,2,86" ten="163,245,204,388" oya="2" hai0="56,81,27,67,133,7,88,32,39,43,23,118,122" hai1="65,0,64,83,3,87,89,48,69,15,117,12,126" hai2="92,59,91,78,22,104,131,55,90,10,109,115,112" hai3="102,49,85,24,116,80,58,19,1,33,53,2,134"/><V14/><F104/><W107/><G116/><T82/><D122/><U123/><E117/><V120/><F120/><W95/><G107/><T74/><D32/><U93/><E123/><V70/><F70/><W38/><G38/><T18/><D118/><U36/><E36/><V100/><F131/><W127/><G127/><T106/><D133/><U98/><E126/><V121/><F121/><W62/><G134/><T71/><D106/><U31/><E0/><V4/><F78/><W128/><G128/><T105/><D71/><U46/><E3/><V130/><F130/><W9/><G33/><T76/><D105/><U111/><E111/><V29/><F109/><W51/><G1/><T79/><D7/><U61/><E31/><V60/><F115/><W124/><G124/><T37/><D43/><U52/><REACH who="1" step="1"/><E65/><REACH who="1" ten="163,235,204,388" step="2"/><V66/><F112/><W135/><G2/><T129/><D129/><U96/><E96/><N who="2" m="59399" /><F66/><W8/><G135/><T13/><D39/><U50/><E50/><V101/><F101/><AGARI ba="1,1" hai="12,15,46,48,52,61,64,69,83,87,89,93,98,101" machi="101" ten="30,7700,0" yaku="1,1,7,1,52,1,54,1,53,0" doraHai="86" doraHaiUra="114" who="1" fromWho="2" sc="163,0,235,90,204,-80,388,0" /><INIT seed="7,0,0,2,1,69" ten="163,325,124,388" oya="3" hai0="89,65,111,73,13,58,116,64,26,2,132,25,84" hai1="67,88,95,5,59,37,76,22,43,124,20,118,60" hai2="114,134,102,127,35,130,107,63,112,4,93,83,11" hai3="117,33,131,108,15,12,10,50,110,30,24,78,0"/><W96/><G117/><T90/><D73/><U51/><E124/><V109/><F63/><W36/><G36/><T38/><D2/><U32/><E32/><V87/><F35/><W74/><G74/><T121/><D38/><U66/><E118/><V81/><F11/><W56/><G78/><T101/><D116/><U100/><E100/><V16/><F16/><W113/><G113/><N who="2" m="43625" /><F4/><N who="3" m="1287" /><G96/><T49/><D111/><N who="3" m="42537" /><G131/><T104/><D121/><U135/><E135/><V71/><F71/><W44/><G56/><T98/><D132/><U70/><E76/><V99/><F109/><W75/><G75/><T8/><D89/><U105/><E105/><V91/><F134/><W46/><G46/><T9/><D9/><U48/><E5/><V92/><F130/><W82/><G82/><N who="2" m="31241" /><F107/><W41/><AGARI ba="0,0" hai="12,15,24,30,33,41,44,50" m="42537,1287" machi="41" ten="30,1500,0" yaku="10,1" doraHai="69" who="3" fromWho="3" sc="163,-5,325,-5,124,-5,388,15" owari="158,-24.0,320,12.0,119,-38.0,403,50.0" /></mjloggm>