<mjloggm ver="2.3"><GO type="41" lobby="0"/><UN n0="%E5%B0%B1%E6%B4%BB%E7%94%9F%40%E5%B7%9D%E6%9D%91%E8%BB%8D%E5%9B%A3" n1="%E3%82%B3%E3%83%BC%E3%83%92%E3%83%BC%E3%83%96%E3%83%AC%E3%82%A4%E3%82%AF" n2="%4D%70%65%61%63%65" n3="%E3%82%AA%E3%83%AC%E3%83%A9%E3%83%8B%E3%83%B3" dan="15,13,14,14" rate="1958.73,1855.50,1952.03,2032.21" sx="M,M,M,M"/><TAIKYOKU oya="0"/><INIT seed="0,0,0,4,5,69" ten="250,250,250,250" oya="0" hai0="91,133,128,46,111,51,32,74,48,55,84,115,9" hai1="7,97,2,36,19,3,105,119,71,35,17,68,28" hai2="104,5,21,82,125,25,59,100,102,10,103,116,67" hai3="61,29,77,110,30,27,70,50,0,60,132,122,4"/><T131/><D74/><U118/><E97/><V80/><F104/><W45/><G110/><T76/><D115/><U87/><E87/><V12/><F125/><W23/><G132/><T94/><D32/><U130/><E130/><V52/><F67/><W41/><G122/><T88/><D133/><U90/><E90/><V13/><F13/><W79/><G30/><T15/><D111/><U24/><E105/><V31/><REACH who="2" step="1"/><F116/><REACH who="2" ten="250,250,240,250" step="2"/><W33/><G0/><N who="1" m="42" /><E19/><V58/><F58/><W63/><G70/><N who="1" m="26666" /><E7/><V123/><F123/><W117/><G4/><N who="0" m="3495" /><D128/><U108/><E17/><V66/><F66/><W34/><G117/><N who="1" m="44554" /><E108/><V99/><F99/><W81/><REACH who="3" step="1"/><G77/><REACH who="3" ten="250,250,240,240" step="2"/><T124/><D131/><U135/><E135/><V86/><F86/><AGARI ba="0,2" hai="23,27,29,33,34,41,45,50,60,61,63,79,81,86" machi="86" ten="40,5200,0" yaku="1,1,2,1,53,1" doraHai="69" doraHaiUra="72" who="3" fromWho="2" sc="250,0,250,0,240,-52,240,72" /><INIT seed="1,0,0,4,2,101" ten="250,250,188,312" oya="1" hai0="75,26,102,127,129,22,110,50,132,60,64,44,88" hai1="11,53,91,13,32,113,15,86,30,19,7,9,83" hai2="43,74,120,105,24,89,93,117,67,76,69,62,107" hai3="80,34,49,20,31,108,21,17,51,18,65,109,119"/><U112/><REACH who="1" step="1"/><E53/><REACH who="1" ten="250,240,188,312" step="2"/><V37/><F120/><W36/><G109/><T66/><D110/><U104/><E104/><V40/><F117/><W52/><G119/><T81/><D129/><U59/><E59/><V4/><F43/><W73/><G52/><T130/><D132/><U96/><E96/><V16/><F40/><W5/><G108/><T87/><D130/><U133/><E133/><V79/><F37/><W58/><G36/><T1/><D127/><U8/><E8/><V47/><F47/><W29/><G58/><T27/><D66/><U121/><E121/><V6/><F76/><W100/><G65/><T55/><D1/><U97/><E97/><V12/><F79/><W128/><G128/><T46/><D46/><U77/><E77/><V28/><F74/><W23/><G73/><T98/><D75/><U68/><E68/><V134/><F134/><W123/><G123/><T54/><D54/><U71/><E71/><V33/><F107/><W10/><G10/><T39/><D39/><U115/><E115/><V82/><F105/><W41/><G41/><T122/><D122/><U57/><E57/><V131/><F131/><W124/><G124/><T0/><D0/><U99/><E99/><V25/><F67/><W118/><G118/><T35/><D64/><U114/><E114/><V56/><F69/><W48/><G51/><T70/><D50/><U103/><E103/><V42/><F42/><W38/><G100/><T3/><D55/><U125/><E125/><V85/><F56/><W45/><G38/><T63/><D102/><U92/><E92/><V90/><F93/><RYUUKYOKU ba="0,1" sc="250,-10,240,30,188,-10,312,-10" hai1="7,9,11,13,15,19,30,32,83,86,91,112,113" /><INIT seed="1,1,1,1,5,81" ten="240,270,178,302" oya="1" hai0="0,24,102,75,23,62,5,113,128,73,133,91,44" hai1="17,29,85,26,34,22,79,57,98,78,13,9,105" hai2="18,54,93,103,64,55,124,126,125,123,109,16,74" hai3="30,80,63,14,132,110,31,43,107,131,56,48,51"/><U71/><E71/><V38/><F123/><W10/><G107/><T96/><D113/><U40/><E40/><V129/><F38/><W41/><G110/><T84/><D128/><U101/><E57/><V90/><F74/><W61/><G131/><T32/><D133/><U52/><E52/><N who="2" m="20011" /><F129/><W106/><G132/><T115/><D32/><U3/><REACH who="1" step="1"/><E85/><REACH who="1" ten="240,260,178,302" step="2"/><N who="2" m="52431" /><F109/><W45/><G56/><T99/><D75/><U134/><E134/><V122/><F122/><W112/><G43/><T50/><D73/><U68/><E68/><V72/><F72/><W4/><G41/><T6/><D62/><U127/><E127/><V42/><F42/><W33/><G63/><T21/><D50/><U65/><E65/><V28/><F64/><W67/><G67/><T36/><D44/><U35/><E35/><V121/><F121/><W76/><G33/><T86/><D36/><U119/><E119/><V53/><F53/><W70/><G61/><T2/><D115/><U104/><E104/><V89/><F103/><W108/><G112/><T92/><D2/><U60/><E60/><V1/><F1/><W49/><G108/><T114/><D114/><U15/><E15/><V118/><F118/><W120/><G14/><T82/><D0/><U77/><E77/><V117/><F117/><W8/><G76/><N who="0" m="46151" /><D24/><U25/><E25/><V37/><F37/><W95/><G120/><T58/><D58/><U27/><E27/><V88/><F28/><W83/><G70/><T111/><D111/><U87/><E87/><V19/><AGARI ba="1,2" hai="16,18,19,88,89,124,125,126" m="52431,20011" machi="19" ten="40,8000,1" yaku="18,1,52,1,54,3" doraHai="81" who="2" fromWho="2" sc="240,-21,260,-41,178,103,302,-21" /><INIT seed="2,0,0,3,2,22" ten="219,219,281,281" oya="2" hai0="71,43,80,61,110,42,48,66,54,60,88,97,20" hai1="75,132,113,121,95,8,101,69,93,100,12,34,27" hai2="25,59,5,108,62,6,91,21,63,36,85,53,19" hai3="116,72,13,135,55,38,105,4,131,31,83,64,7"/><V40/><F108/><W84/><G116/><T68/><D110/><U87/><E113/><V24/><F36/><W134/><G105/><T44/><D68/><U129/><E75/><V14/><F40/><W50/><G131/><T122/><D122/><U30/><E69/><V39/><F39/><W128/><G72/><T82/><D82/><U0/><E121/><V90/><F90/><W102/><G102/><T118/><D118/><U17/><E129/><V107/><F107/><W123/><G38/><T15/><D61/><U46/><E132/><N who="3" m="50730" /><G64/><T74/><D74/><U78/><E46/><V33/><F63/><W81/><G128/><T56/><D71/><U94/><REACH who="1" step="1"/><E0/><REACH who="1" ten="219,209,281,281" step="2"/><V45/><F45/><W114/><G123/><T106/><D106/><U28/><E28/><V92/><REACH who="2" step="1"/><F33/><REACH who="2" ten="219,209,271,281" step="2"/><W111/><G114/><T65/><D44/><U41/><E41/><V58/><F58/><W77/><G111/><T96/><D56/><U104/><E104/><V115/><F115/><W47/><G47/><T109/><D43/><U18/><E18/><V120/><F120/><W127/><G7/><AGARI ba="0,2" hai="5,6,7,14,19,21,24,25,53,59,62,85,91,92" machi="7" ten="40,12000,1" yaku="1,1,8,1,52,2,53,0" doraHai="22" doraHaiUra="98" who="2" fromWho="3" sc="219,0,209,0,271,140,281,-120" /><INIT seed="2,1,0,1,1,107" ten="219,209,411,161" oya="2" hai0="39,70,63,120,32,84,6,22,67,48,116,11,43" hai1="88,99,16,61,76,103,47,40,83,44,132,25,110" hai2="89,41,33,50,42,69,31,18,62,46,19,75,97" hai3="133,95,131,111,26,15,30,109,90,102,45,59,27"/><V98/><F33/><W123/><G123/><T96/><D116/><U53/><E132/><V81/><F31/><W85/><G133/><T127/><D120/><U101/><E110/><N who="3" m="41994" /><G30/><T3/><D32/><U21/><E61/><V74/><F62/><W57/><G131/><T35/><D35/><U7/><E7/><V4/><F89/><W105/><G45/><T104/><D127/><U135/><E135/><V94/><F94/><W52/><G59/><T134/><D134/><U117/><E117/><V23/><F46/><W60/><G15/><T80/><D39/><U128/><E128/><V71/><F50/><W49/><G60/><T34/><D34/><U77/><E53/><V5/><F23/><W13/><G13/><T119/><D119/><U64/><E64/><V12/><F12/><W9/><G9/><T1/><D1/><U79/><E40/><V125/><REACH who="2" step="1"/><F81/><REACH who="2" ten="219,209,401,161" step="2"/><W126/><G95/><T114/><D63/><U78/><E44/><V66/><F66/><W113/><G90/><T118/><D67/><U55/><E47/><V93/><F93/><W65/><G49/><T28/><D80/><U58/><E55/><V108/><F108/><W36/><G52/><T115/><D48/><U86/><E58/><V112/><F112/><W87/><G57/><T20/><D22/><U29/><E29/><V38/><F38/><W73/><G36/><T17/><D114/><U130/><E130/><V100/><F100/><N who="1" m="38473" /><E99/><V0/><F0/><W82/><G65/><T37/><D28/><U121/><E121/><V129/><F129/><W122/><G113/><T54/><D115/><RYUUKYOKU ba="1,1" sc="219,-15,209,15,401,15,161,-15" hai1="16,21,25,76,77,78,79,83,86,88" hai2="4,5,18,19,41,42,69,71,74,75,97,98,125" /><INIT seed="2,2,1,3,5,60" ten="204,224,416,146" oya="2" hai0="39,5,17,71,79,40,63,89,65,29,0,129,47" hai1="7,28,58,119,3,122,27,10,77,76,64,78,73" hai2="31,96,93,18,34,124,123,75,116,4,54,20,74" hai3="66,115,8,109,44,84,127,99,85,105,32,51,53"/><V21/><F123/><W126/><G32/><T108/><D129/><U135/><E119/><V86/><F34/><W26/><G109/><T118/><D108/><U113/><E122/><V130/><F116/><W52/><G115/><T133/><D133/><U94/><E113/><V100/><F4/><W106/><G26/><T80/><D118/><U62/><E135/><V59/><F124/><N who="3" m="47659" /><G8/><T110/><D110/><U120/><E120/><V41/><F41/><W87/><G99/><T14/><D29/><U102/><E73/><V67/><F130/><W70/><G53/><T112/><D112/><U114/><E114/><V128/><F128/><W1/><G1/><T91/><D5/><U33/><E94/><V25/><F86/><N who="3" m="22019" /><W12/><DORA hai="81" /><G12/><T24/><D24/><U134/><E134/><V125/><F125/><W111/><G111/><T15/><D15/><U46/><E46/><V83/><F83/><W49/><G49/><T117/><D0/><U13/><REACH who="1" step="1"/><E102/><REACH who="1" ten="204,214,416,146" step="2"/><V16/><F74/><W48/><G48/><T37/><D37/><U36/><E36/><V72/><F75/><W23/><G23/><T45/><D117/><U107/><E107/><N who="3" m="40970" /><G70/><T43/><D71/><U68/><E68/><V82/><F72/><W132/><G132/><T56/><D39/><U50/><E50/><V9/><F21/><W69/><G69/><T121/><D121/><U131/><E131/><V22/><F20/><W6/><G6/><T90/><D45/><U30/><E30/><V104/><F22/><W103/><G103/><T98/><D47/><U2/><AGARI ba="2,2" hai="2,3,7,10,13,27,28,33,58,62,64,76,77,78" machi="2" ten="30,8000,1" yaku="1,1,0,1,52,1,53,2" doraHai="60,81" doraHaiUra="61,57" who="1" fromWho="1" sc="204,-22,214,106,416,-42,146,-22" /><INIT seed="3,0,0,3,3,40" ten="182,320,374,124" oya="3" hai0="48,86,133,56,6,107,60,121,33,98,1,47,92" hai1="12,111,7,9,20,36,115,59,50,105,44,126,30" hai2="123,63,113,102,39,23,57,116,64,52,81,119,8" hai3="127,29,11,104,100,124,71,129,84,4,101,34,97"/><W45/><G129/><T79/><D121/><U62/><E111/><V41/><F113/><W73/><G73/><T27/><D133/><U134/><E134/><V67/><F102/><W117/><G117/><T19/><D107/><U54/><E126/><N who="3" m="48170" /><G101/><T93/><D1/><U82/><E115/><V135/><F67/><W43/><G71/><T24/><D6/><U128/><E128/><V2/><F81/><W131/><G131/><T58/><D58/><U0/><E105/><V87/><F87/><W14/><G84/><T68/><D68/><U31/><E36/><V16/><F8/><W80/><G80/><N who="0" m="47391" /><D33/><U46/><E82/><V96/><F2/><W85/><G85/><T122/><D122/><U94/><E94/><N who="0" m="36457" /><D19/><U35/><E35/><V125/><F125/><W10/><G10/><T78/><D78/><U55/><E0/><V17/><F17/><W114/><G114/><T49/><D49/><N who="1" m="28967" /><E20/><V51/><F135/><W76/><G76/><T3/><D3/><U91/><E91/><V99/><F123/><W77/><G77/><T42/><D98/><U118/><E118/><V38/><F99/><W53/><G34/><T88/><D88/><U132/><E132/><V66/><F96/><W15/><G29/><T109/><D109/><U61/><E61/><V120/><F120/><W83/><G83/><T32/><D32/><U75/><E75/><V112/><F112/><W70/><G70/><T108/><D108/><U95/><E95/><V5/><F119/><W90/><G90/><T110/><D110/><U21/><E21/><V18/><F116/><W69/><G69/><RYUUKYOKU ba="0,0" sc="182,15,320,15,374,-15,124,-15" hai0="24,27,42,47,48,56,60" hai1="7,9,12,30,31,46,50,55,59,62" /><INIT seed="4,1,0,1,5,2" ten="197,335,359,109" oya="0" hai0="47,21,7,44,35,0,130,71,126,125,20,18,26" hai1="1,77,12,107,8,74,4,33,42,102,70,11,100" hai2="79,115,37,89,29,16,66,87,93,111,128,82,27" hai3="49,117,40,75,109,103,78,73,60,61,34,54,96"/><T72/><D71/><U14/><E70/><V56/><F37/><W57/><G109/><T64/><D72/><U110/><E110/><V133/><F111/><W62/><G117/><T69/><D130/><U85/><E33/><V95/><F128/><W10/><G34/><T31/><D69/><U129/><E129/><V59/><F133/><W92/><G78/><T123/><D64/><U58/><E107/><V84/><F115/><W118/><G118/><T67/><D67/><U17/><E74/><V124/><F124/><N who="0" m="47722" /><D123/><U135/><E135/><V13/><F66/><W86/><G86/><T99/><D99/><U131/><E131/><V65/><F95/><W120/><G120/><T122/><D122/><U134/><E134/><V90/><F79/><W91/><G103/><T52/><D21/><U94/><E42/><V45/><F65/><W63/><REACH who="3" step="1"/><G10/><REACH who="3" ten="197,335,359,99" step="2"/><N who="0" m="2407" /><D52/><U53/><E1/><V105/><F105/><W80/><G80/><T15/><AGARI ba="1,1" hai="15,18,20,26,31,35,44,47" m="2407,47722" machi="15" ten="30,6000,0" yaku="24,1,18,1,52,1" doraHai="2" who="0" fromWho="0" sc="197,73,335,-21,359,-21,99,-21" /><INIT seed="4,2,0,5,4,13" ten="270,314,338,78" oya="0" hai0="118,115,46,110,21,97,71,30,38,25,89,35,28" hai1="41,124,134,98,6,1,105,107,8,65,125,88,70" hai2="11,29,101,120,58,18,81,55,37,74,64,126,112" hai3="127,20,99,31,19,63,47,90,80,50,123,102,33"/><T117/><D71/><U44/><E134/><V131/><F37/><W96/><G127/><N who="1" m="48714" /><E65/><V113/><F120/><W92/><G123/><T69/><D69/><U106/><E70/><V87/><F74/><W59/><G33/><T109/><D38/><N who="1" m="21559" /><E88/><N who="2" m="51311" /><F64/><W10/><G10/><T114/><D46/><U36/><E36/><V95/><F131/><W42/><G31/><N who="0" m="17839" /><D89/><U77/><E77/><V111/><F29/><N who="0" m="11370" /><D97/><AGARI ba="2,0" hai="1,6,8,97,98,105,106,107" m="21559,48714" machi="97" ten="40,1300,0" yaku="18,1" doraHai="13" who="1" fromWho="0" sc="270,-19,314,19,338,0,78,0" /><INIT seed="5,0,0,0,1,102" ten="251,333,338,78" oya="1" hai0="5,10,9,32,94,71,49,44,0,16,107,93,58" hai1="52,108,112,113,11,75,97,81,134,85,48,89,47" hai2="116,14,129,135,123,45,101,132,131,12,1,46,127" hai3="36,64,79,65,90,120,3,117,21,26,4,91,133"/><U18/><E108/><V80/><F116/><W31/><G120/><T22/><D71/><U95/><E134/><N who="2" m="51243" /><F123/><W83/><G133/><T50/><D107/><U82/><E75/><V114/><F101/><W55/><G117/><T69/><D69/><U7/><E18/><V88/><F1/><W30/><G36/><T25/><D32/><U77/><REACH who="1" step="1"/><E81/><REACH who="1" ten="251,323,338,78" step="2"/><V37/><F127/><W20/><G83/><T6/><D93/><U109/><E109/><V73/><F73/><W19/><G19/><T86/><D94/><U53/><E53/><V87/><F114/><W39/><G55/><T28/><D28/><U60/><E60/><V51/><F37/><W106/><G39/><T100/><D50/><U98/><E98/><V62/><F62/><W111/><G111/><T130/><D86/><U41/><E41/><V27/><F51/><W40/><G40/><T42/><D49/><U2/><AGARI ba="0,1" hai="2,7,11,47,48,52,77,82,85,89,95,97,112,113" machi="2" ten="30,6000,0" yaku="1,1,0,1,54,1,53,0" doraHai="102" doraHaiUra="24" who="1" fromWho="1" sc="251,-20,323,70,338,-20,78,-20" /><INIT seed="5,1,0,1,4,127" ten="231,393,318,58" oya="1" hai0="51,45,94,20,53,46,97,110,88,6,119,40,61" hai1="60,128,42,87,2,48,50,95,86,18,37,65,4" hai2="100,27,116,7,126,1,30,26,62,59,133,15,103" hai3="101,10,29,118,16,131,70,8,67,36,55,38,90"/><U58/><E37/><N who="3" m="14442" /><G55/><T75/><D110/><U54/><E2/><V25/><F116/><W106/><G90/><T134/><D134/><U64/><E4/><V123/><F123/><W49/><G49/><T39/><D119/><U77/><E128/><V135/><F1/><W72/><G118/><T114/><D114/><U12/><E42/><V13/><F30/><W56/><G29/><T63/><D75/><U113/><E113/><V80/><F80/><W89/><G89/><T34/><D34/><U68/><E77/><V115/><F126/><W125/><G125/><T107/><D107/><U19/><E19/><V14/><F7/><W108/><G56/><T112/><D112/><U69/><E48/><V73/><F73/><W44/><G72/><T35/><D35/><U31/><E31/><V85/><F85/><W52/><G108/><T0/><REACH who="0" step="1"/><D20/><REACH who="0" ten="221,393,318,58" step="2"/><U111/><E111/><V28/><F115/><W99/><G106/><T76/><D76/><U83/><E95/><V102/><F28/><W129/><G129/><T121/><D121/><U11/><E83/><V24/><N who="2" m="6656" /><DORA hai="81" /><V17/><REACH who="2" step="1"/><F17/><REACH who="2" ten="221,393,308,58" step="2"/><W78/><G16/><T98/><D98/><U79/><E79/><V21/><F21/><W93/><G78/><T43/><D43/><U82/><E82/><V32/><F32/><W117/><G99/><T71/><D71/><U33/><E33/><V84/><F84/><W96/><G117/><T132/><D132/><U74/><E74/><V130/><F130/><W104/><G96/><T120/><D120/><U47/><E86/><V9/><F9/><AGARI ba="1,2" hai="0,6,9,39,40,45,46,51,53,61,63,88,94,97" machi="9" ten="40,5200,0" yaku="1,1,54,1,53,1" doraHai="127,81" doraHaiUra="5,22" who="0" fromWho="2" sc="221,75,393,0,308,-55,58,0" /><INIT seed="6,0,0,5,4,17" ten="296,393,253,58" oya="2" hai0="103,77,113,5,35,92,93,133,97,115,42,46,134" hai1="74,124,14,39,54,94,23,107,85,117,91,29,101" hai2="22,2,66,4,52,128,87,62,130,19,111,127,20" hai3="65,44,59,36,51,88,116,118,3,6,34,28,78"/><V73/><F73/><W123/><G123/><T27/><D5/><U89/><E117/><V43/><F43/><W105/><G36/><T135/><D77/><U25/><E39/><V102/><F102/><W50/><G105/><T81/><D81/><U112/><E74/><V16/><F111/><W11/><G78/><T53/><D53/><U58/><E124/><V121/><F127/><W80/><G34/><T31/><REACH who="0" step="1"/><D93/><REACH who="0" ten="286,393,253,58" step="2"/><U70/><E112/><V79/><F121/><W56/><G80/><T37/><AGARI ba="0,1" hai="27,31,35,37,42,46,92,97,103,113,115,133,134,135" machi="37" ten="40,8000,1" yaku="1,1,2,1,0,1,20,1,53,0" doraHai="17" doraHaiUra="83" who="0" fromWho="0" sc="286,90,393,-20,253,-40,58,-20" /><INIT seed="7,0,0,2,5,107" ten="376,373,213,38" oya="3" hai0="25,57,24,58,74,7,71,9,126,35,89,41,96" hai1="130,131,62,82,18,86,16,55,109,94,104,127,40" hai2="1,125,116,117,113,47,81,128,111,59,98,14,32" hai3="52,68,119,70,11,45,21,103,13,6,101,33,84"/><W133/><G119/><T19/><D71/><U129/><E109/><V97/><F81/><W121/><G33/><T64/><D74/><U63/><E104/><V83/><F59/><W4/><G121/><T115/><D126/><U27/><E127/><V69/><F83/><W38/><G70/><T61/><D115/><U118/><E118/><V122/><F47/><W75/><G68/><T120/><D120/><U85/><E40/><V106/><F97/><W65/><G133/><T42/><D57/><N who="1" m="35135" /><E63/><V95/><F98/><W5/><G75/><T88/><D35/><U60/><E60/><V108/><F95/><W56/><G65/><T0/><D19/><N who="1" m="7211" /><E27/><N who="0" m="10313" /><D96/><U2/><E2/><V15/><F14/><W26/><G84/><N who="1" m="32362" /><E82/><V44/><F111/><W54/><G38/><T49/><D49/><U39/><E94/><V93/><F93/><W12/><G45/><T134/><D134/><U36/><AGARI ba="0,0" hai="36,39,129,130,131" m="32362,7211,35135" machi="36" ten="40,2700,0" yaku="19,1,54,1" doraHai="107" who="1" fromWho="1" sc="376,-7,373,27,213,-7,38,-13" owari="369,17.0,400,49.0,206,-19.0,25,-47.0" /></mjloggm>