<mjloggm ver="2.3"><GO type="169" lobby="0"/><UN n0="%E3%81%AE%E3%81%A1%E3%82%86%E3%82%93" n1="%E4%B8%AD%E6%9D%91%E8%B1%AA" n2="%6C%6F%4A%61%73%6B%69%6E" n3="%E3%82%A6%E3%83%AB%E3%83%88%E3%83%A9%E7%AB%8B%E7%9B%B4" dan="16,17,16,17" rate="2085.68,2161.52,2079.87,2166.61" sx="F,M,F,M"/><TAIKYOKU oya="0"/><INIT seed="0,0,0,4,5,27" ten="250,250,250,250" oya="0" hai0="114,23,86,34,88,40,110,14,103,65,109,108,21" hai1="6,3,111,130,70,11,69,20,32,10,12,31,134" hai2="118,79,76,90,28,56,124,35,83,61,60,97,99" hai3="64,17,95,52,49,100,98,102,120,85,80,81,54"/><T131/><D114/><U39/><E39/><V4/><F124/><W127/><G127/><T58/><D131/><U24/><E130/><V89/><F4/><W75/><G120/><T63/><D34/><U38/><E38/><V101/><F118/><W8/><G64/><T129/><D129/><U87/><E111/><V68/><F68/><W78/><G102/><T106/><D40/><U66/><E66/><V104/><F35/><W46/><G54/><T133/><D133/><U128/><E134/><V48/><F48/><W113/><G113/><T91/><D14/><U50/><E128/><V25/><F99/><W92/><G17/><T121/><D121/><U74/><E74/><V29/><F76/><W84/><G8/><T117/><D117/><U7/><E50/><V55/><F61/><W30/><G30/><T19/><D19/><U96/><E96/><V112/><F112/><W2/><G2/><T37/><D37/><U135/><E135/><V47/><F47/><W93/><REACH who="3" step="1"/><G75/><REACH who="3" ten="250,250,250,240" step="2"/><T119/><D119/><U16/><REACH who="1" step="1"/><E87/><REACH who="1" ten="250,240,250,240" step="2"/><V73/><REACH who="2" step="1"/><F25/><AGARI ba="0,2" hai="3,6,7,10,11,12,16,20,24,25,31,32,69,70" machi="25" ten="30,8000,1" yaku="1,1,2,1,7,1,52,1,54,1,53,0" doraHai="27" doraHaiUra="43" who="1" fromWho="2" sc="250,0,240,100,250,-80,240,0" /><INIT seed="1,0,0,1,5,62" ten="250,340,170,240" oya="1" hai0="14,76,117,28,63,73,108,128,99,135,88,67,91" hai1="7,22,77,79,106,27,51,50,47,115,53,39,35" hai2="31,19,132,33,72,61,64,103,70,18,55,125,100" hai3="0,111,11,36,42,44,40,46,45,121,3,5,43"/><U102/><E35/><V107/><F72/><W71/><G121/><T104/><D117/><U87/><E115/><V98/><F125/><W37/><G111/><T86/><D108/><U34/><E34/><V134/><F100/><W130/><G130/><T120/><D120/><U126/><E126/><V96/><F96/><W105/><G105/><T94/><D128/><U133/><E133/><N who="2" m="51307" /><F55/><W23/><G23/><T21/><D135/><U119/><E119/><V16/><F18/><W58/><G58/><T124/><D124/><U89/><E7/><V30/><F30/><W17/><G17/><T32/><D32/><U65/><E65/><V95/><F95/><W127/><G127/><T116/><D104/><U52/><E39/><V68/><F68/><W109/><G109/><T131/><D116/><U8/><E8/><V129/><F129/><W82/><G82/><T90/><D73/><U92/><E102/><V85/><F85/><W13/><REACH who="3" step="1"/><G71/><REACH who="3" ten="250,340,170,230" step="2"/><T6/><D131/><U118/><E106/><V56/><F56/><W83/><G83/><T66/><D94/><U122/><E122/><V81/><F81/><W15/><G15/><T4/><D14/><U29/><E118/><V97/><F97/><W2/><AGARI ba="0,1" hai="0,2,3,5,11,13,36,37,40,42,43,44,45,46" machi="2" ten="40,8000,1" yaku="1,1,0,1,29,2,53,0" doraHai="62" doraHaiUra="20" who="3" fromWho="3" sc="250,-20,340,-40,170,-20,230,90" /><INIT seed="2,0,0,3,1,110" ten="230,300,150,320" oya="2" hai0="33,1,52,101,95,128,68,66,113,61,129,103,116" hai1="38,55,91,118,111,89,60,13,29,106,90,77,81" hai2="96,17,21,120,80,39,32,78,119,36,47,126,0" hai3="70,94,23,19,24,25,64,83,132,67,48,44,20"/><V82/><F120/><W122/><G122/><T69/><D33/><U30/><E118/><V11/><F119/><W34/><G132/><T37/><D1/><U109/><E106/><V79/><F126/><W58/><G34/><T41/><D37/><U56/><E38/><V117/><F32/><W115/><G70/><T7/><D7/><U97/><E97/><V127/><F127/><W43/><G115/><T107/><D116/><U65/><E13/><V72/><F117/><W123/><G123/><T9/><D41/><U53/><E53/><V16/><F96/><W98/><G83/><T35/><D35/><U73/><REACH who="1" step="1"/><E55/><REACH who="1" ten="230,290,150,320" step="2"/><V102/><F36/><W130/><G130/><T133/><D107/><U14/><E14/><V18/><F102/><N who="3" m="60759" /><G58/><T88/><D129/><U27/><E27/><V135/><F135/><W74/><G74/><T57/><D128/><U92/><E92/><V42/><F0/><W6/><G6/><T28/><D95/><U5/><E5/><V10/><REACH who="2" step="1"/><F21/><REACH who="2" ten="230,290,140,320" step="2"/><W100/><G100/><T99/><D103/><U124/><E124/><V125/><F125/><W87/><G23/><T31/><D101/><U114/><E114/><V121/><F121/><W4/><G20/><T46/><D113/><U45/><E45/><V3/><F3/><W54/><G44/><T2/><D46/><U59/><E59/><V50/><F50/><W49/><G48/><N who="0" m="30855" /><D68/><U22/><E22/><V75/><AGARI ba="0,2" hai="10,11,16,17,18,39,42,47,72,75,78,79,80,82" machi="75" ten="30,18000,2" yaku="1,1,0,1,9,1,54,1,53,3" doraHai="110" doraHaiUra="15" who="2" fromWho="2" sc="230,-60,290,-60,140,200,320,-60" /><INIT seed="2,1,0,3,0,4" ten="170,230,340,260" oya="2" hai0="52,48,68,0,36,127,117,73,38,122,66,90,85" hai1="109,67,18,92,106,107,134,135,97,130,102,13,87" hai2="72,55,99,111,77,5,31,115,118,39,53,81,95" hai3="45,3,104,25,58,80,33,121,6,62,71,76,7"/><V15/><F118/><W54/><G121/><T57/><D122/><U1/><E1/><V75/><F115/><W88/><G104/><T84/><D73/><U98/><E109/><V51/><F75/><W44/><G71/><T12/><D0/><U94/><E130/><V86/><F39/><W119/><G119/><T101/><D117/><U49/><E67/><V16/><F5/><N who="3" m="1547" /><G33/><T17/><D127/><U59/><E59/><V11/><F111/><W129/><G3/><T70/><D101/><U125/><E49/><V64/><F64/><W132/><G132/><N who="1" m="50730" /><E125/><V110/><F110/><W27/><G76/><T14/><D14/><U131/><E131/><V89/><F31/><W108/><G108/><T100/><D100/><N who="1" m="60471" /><E87/><V46/><F72/><W43/><G129/><T30/><D85/><U23/><AGARI ba="1,0" hai="13,18,23,92,98,102,106,107" m="60471,50730" machi="23" ten="30,1100,0" yaku="20,1" doraHai="4" who="1" fromWho="1" sc="170,-4,230,14,340,-6,260,-4" /><INIT seed="3,0,0,5,1,56" ten="166,244,334,256" oya="3" hai0="28,113,39,91,55,75,96,107,43,115,81,31,100" hai1="62,102,52,15,23,93,27,24,118,64,54,38,33" hai2="111,74,110,117,65,0,61,68,37,104,1,12,29" hai3="71,72,3,83,105,35,25,58,48,17,88,109,9"/><W67/><G105/><T129/><D129/><U51/><E38/><V84/><F74/><W6/><G109/><N who="2" m="41481" /><F104/><W108/><G108/><T22/><D43/><U85/><E118/><V106/><F106/><W47/><G71/><T40/><D40/><U124/><E124/><V121/><F37/><W5/><G72/><T53/><D39/><U95/><E33/><V44/><F117/><W46/><G35/><T59/><D53/><N who="1" m="20587" /><E51/><V32/><F44/><N who="3" m="16939" /><G3/><T116/><D116/><U14/><E85/><V94/><F121/><W21/><G9/><T78/><D91/><U73/><E73/><V120/><F120/><W11/><G11/><T82/><D82/><U70/><E70/><V80/><F1/><W18/><G18/><T30/><REACH who="0" step="1"/><D22/><REACH who="0" ten="156,244,334,256" step="2"/><U79/><E23/><V99/><F80/><W131/><G131/><T41/><D41/><U101/><E101/><V7/><F32/><W126/><G126/><T8/><D8/><U10/><E102/><V66/><F65/><W97/><G83/><T63/><AGARI ba="0,1" hai="28,30,31,55,59,63,75,78,81,96,100,107,113,115" machi="63" ten="30,7900,0" yaku="1,1,0,1,52,1,53,1" doraHai="56" doraHaiUra="92" who="0" fromWho="0" sc="156,89,244,-20,334,-20,256,-39" /><INIT seed="4,0,0,2,4,87" ten="245,224,314,217" oya="0" hai0="14,69,132,30,127,82,32,67,90,117,72,111,120" hai1="122,125,11,49,114,91,21,12,84,40,133,10,65" hai2="106,6,135,95,13,123,112,3,83,78,27,8,20" hai3="5,92,88,63,102,60,100,42,73,66,1,24,115"/><T129/><RYUUKYOKU type="yao9" ba="0,0" sc="245,0,224,0,314,0,217,0" hai0="14,30,32,67,69,72,82,90,111,117,120,127,129,132" /><INIT seed="4,1,0,1,1,44" ten="245,224,314,217" oya="0" hai0="131,66,100,108,31,71,81,51,63,110,122,75,33" hai1="50,29,87,125,90,10,72,48,17,76,8,30,28" hai2="56,112,123,129,55,12,41,4,77,102,3,109,52" hai3="0,111,58,74,124,105,67,62,21,43,49,6,34"/><T89/><D122/><U134/><E134/><V126/><F123/><W68/><G34/><T37/><D37/><U20/><E125/><V2/><F126/><W46/><G111/><N who="0" m="42539" /><D131/><U16/><E76/><V79/><F109/><W133/><G124/><T78/><D100/><U73/><E73/><V114/><F41/><W119/><G119/><T85/><D31/><U42/><E72/><V11/><F102/><W22/><G133/><T38/><D33/><U27/><E42/><V57/><F129/><W88/><G105/><T60/><D38/><U113/><E113/><N who="2" m="43627" /><F79/><W83/><G74/><T5/><D5/><U24/><E24/><V45/><F77/><W61/><G6/><T130/><D130/><U107/><E107/><V116/><F45/><W104/><G0/><N who="2" m="41" /><F116/><W127/><G104/><T7/><D7/><U98/><E98/><V47/><F55/><W99/><G127/><T65/><D78/><U13/><E8/><V84/><F84/><W19/><G99/><T106/><D75/><U32/><E32/><V64/><F64/><W36/><G36/><T53/><D106/><U59/><E59/><V35/><F35/><W92/><G58/><N who="0" m="33087" /><D71/><U26/><E26/><V93/><F93/><AGARI ba="1,0" hai="10,13,16,17,20,27,28,29,30,48,50,87,90,93" machi="93" ten="40,8000,1" yaku="8,1,52,2,54,1" doraHai="44" who="1" fromWho="2" sc="245,0,224,83,314,-83,217,0" /><INIT seed="5,0,0,4,3,43" ten="245,307,231,217" oya="1" hai0="110,8,26,105,21,54,53,87,129,20,65,92,103" hai1="61,101,22,13,64,113,12,119,126,109,91,66,72" hai2="32,134,104,30,41,100,50,35,89,45,85,15,132" hai3="76,3,130,106,28,5,44,56,102,73,25,81,77"/><U93/><E119/><V18/><F30/><W80/><G130/><T6/><D105/><U88/><E72/><V63/><F63/><W135/><G135/><N who="2" m="51753" /><F100/><W58/><G102/><T48/><D129/><U10/><E113/><V31/><F104/><W96/><G106/><T83/><D65/><N who="1" m="25195" /><E126/><V98/><F98/><W114/><G96/><T1/><D110/><U128/><E109/><V68/><F31/><W69/><G69/><T49/><D103/><U75/><E75/><V14/><F68/><W67/><G67/><T82/><D92/><U16/><E128/><V36/><F36/><W51/><G114/><T120/><D120/><U62/><E101/><V124/><F124/><W123/><G123/><T11/><D87/><N who="1" m="52383" /><E91/><V9/><F14/><W112/><G112/><T116/><D116/><U23/><E23/><V42/><F42/><W107/><G107/><T95/><D1/><U79/><E79/><V27/><F27/><W4/><G3/><T94/><D26/><U125/><E125/><V78/><F78/><W118/><G118/><T97/><D97/><U127/><E127/><V70/><F70/><W71/><G71/><T52/><D54/><U57/><E57/><N who="3" m="22122" /><G76/><T34/><D34/><U40/><E40/><V131/><F131/><W38/><G38/><T59/><D59/><U33/><E33/><V84/><F84/><W121/><G121/><T7/><AGARI ba="0,0" hai="6,7,8,11,20,21,48,49,52,53,82,83,94,95" machi="7" ten="25,8000,1" yaku="0,1,22,2,8,1,54,1" doraHai="43" who="0" fromWho="0" sc="245,80,307,-40,231,-20,217,-20" /><INIT seed="6,0,0,5,2,135" ten="325,267,211,197" oya="2" hai0="68,75,1,31,71,65,108,50,73,80,79,13,90" hai1="123,12,117,129,29,48,78,37,22,109,81,55,93" hai2="43,60,114,8,25,121,30,133,39,67,83,120,36" hai3="64,91,41,66,111,76,107,125,89,11,131,63,124"/><V53/><F133/><W5/><G107/><T95/><D1/><U112/><E37/><V4/><F114/><W58/><G111/><T0/><D0/><U18/><E109/><V82/><F53/><W9/><G131/><T6/><D75/><U116/><E129/><V87/><F82/><W7/><G41/><T14/><D108/><U85/><E112/><V46/><F39/><W23/><G23/><T102/><D102/><U16/><E123/><V56/><F8/><N who="3" m="3147" /><G76/><T59/><D6/><N who="3" m="2057" /><G64/><T49/><D65/><U88/><E29/><V104/><F104/><W34/><G34/><T119/><D31/><U32/><E18/><V47/><F47/><W96/><G96/><T21/><D119/><U100/><E100/><V51/><F36/><W62/><G62/><T54/><D21/><U99/><REACH who="1" step="1"/><E32/><REACH who="1" ten="325,257,211,197" step="2"/><V26/><F4/><W69/><G69/><T24/><D71/><U52/><E52/><V115/><F115/><W86/><G86/><T72/><D68/><U110/><E110/><V45/><F121/><W61/><G61/><T84/><D72/><U57/><AGARI ba="0,1" hai="12,16,22,48,55,57,78,81,85,88,93,99,116,117" machi="57" ten="20,12000,2" yaku="1,1,0,1,7,1,54,2,53,1" doraHai="135" doraHaiUra="77" who="1" fromWho="1" sc="325,-30,257,130,211,-60,197,-30" /><INIT seed="7,0,0,0,3,115" ten="295,387,151,167" oya="3" hai0="128,127,78,84,89,18,74,16,75,30,81,63,61" hai1="31,20,13,26,35,126,133,104,76,71,57,105,94" hai2="83,113,8,59,32,132,66,17,106,86,91,64,46" hai3="60,11,34,15,7,122,130,93,124,123,108,42,62"/><W21/><G34/><T69/><D127/><U12/><E71/><V36/><F113/><W131/><G124/><T77/><D128/><N who="3" m="49193" /><G108/><T5/><D5/><U6/><E133/><V114/><F32/><W25/><G42/><T111/><D111/><U53/><E126/><V120/><F132/><W98/><G62/><T107/><D107/><U1/><E76/><V41/><F114/><W87/><G87/><T125/><D125/><U19/><E13/><V3/><F106/><W101/><G60/><T58/><D69/><U22/><E22/><V116/><F120/><W95/><G95/><T88/><D30/><AGARI ba="0,0" hai="7,11,15,21,25,30,93,98,101,122,123" m="49193" machi="30" ten="30,1500,0" yaku="19,1" doraHai="115" who="3" fromWho="0" sc="295,-15,387,0,151,0,167,15" /><INIT seed="7,1,0,0,4,4" ten="280,387,151,182" oya="3" hai0="42,60,39,114,8,67,63,10,37,89,128,44,87" hai1="118,23,1,51,61,135,113,64,85,105,86,130,13" hai2="5,50,83,121,80,41,102,103,120,58,47,111,127" hai3="79,88,100,59,107,104,16,78,110,82,96,101,25"/><W132/><G59/><T69/><D37/><U33/><E33/><V36/><F111/><W126/><G110/><T74/><D74/><U29/><E1/><V73/><F127/><W53/><G53/><T131/><D114/><U2/><E2/><V17/><F80/><W90/><G25/><T9/><REACH who="0" step="1"/><D60/><REACH who="0" ten="270,387,151,182" step="2"/><U20/><E61/><V91/><F5/><W75/><G126/><T12/><D12/><U30/><E13/><V24/><F73/><W27/><G27/><T71/><D71/><U99/><E113/><V76/><F76/><W22/><G79/><T14/><D14/><U11/><E118/><V0/><F0/><W95/><G132/><T35/><D35/><U124/><E135/><V31/><F17/><W129/><G16/><T28/><D28/><U46/><E30/><V55/><F121/><W62/><G62/><T72/><D72/><U98/><E29/><V115/><F120/><W125/><G125/><T116/><D116/><U52/><E124/><V38/><F115/><W97/><G129/><T70/><D70/><U15/><E15/><V49/><F38/><W32/><G32/><T108/><D108/><U122/><E130/><V48/><F36/><W84/><G22/><T112/><D112/><U134/><E23/><N who="2" m="15775" /><F49/><W94/><G75/><T68/><D68/><U93/><E20/><V18/><F18/><W92/><AGARI ba="1,1" hai="78,82,84,88,90,92,94,95,96,97,100,101,104,107" machi="92" ten="30,24000,3" yaku="0,1,9,1,35,6,54,1" doraHai="4" who="3" fromWho="3" sc="270,-81,387,-81,151,-81,182,253" owari="189,-21.0,306,11.0,70,-43.0,435,53.0" /></mjloggm>