<mjloggm ver="2.3"><GO type="169" lobby="0"/><UN n0="%E3%81%AE%E3%81%A9%E3%81%94%E3%81%97%E3%80%88%E7%94%9F%E3%80%89" n1="%E5%A4%A2%E5%B9%BB%E7%A7%A6" n2="%E3%83%8F%E3%82%A4%E3%83%86%E3%83%B3%E3%83%9C%E3%83%BC" n3="%E3%82%A6%E3%83%AB%E3%83%88%E3%83%A9%E7%AB%8B%E7%9B%B4" dan="17,16,16,17" rate="2088.03,2099.48,2134.57,2116.00" sx="M,M,M,M"/><TAIKYOKU oya="0"/><INIT seed="0,0,0,3,5,43" ten="250,250,250,250" oya="0" hai0="48,54,51,124,82,49,24,88,113,63,28,81,42" hai1="39,85,45,76,123,55,5,27,61,89,68,121,32" hai2="120,94,66,13,29,98,100,34,4,129,96,73,92" hai3="74,56,65,8,90,122,135,106,15,126,3,69,86"/><T37/><D113/><U84/><E5/><V80/><F120/><W79/><G3/><T103/><D124/><U38/><E68/><V53/><F66/><W20/><G106/><T78/><D103/><U35/><E76/><V33/><F29/><W125/><G69/><T10/><D10/><U21/><E61/><V117/><F129/><W110/><G20/><T0/><D0/><U47/><E55/><V22/><F53/><W132/><G79/><T2/><D2/><U60/><E60/><V118/><F80/><N who="3" m="49479" /><G74/><T1/><D1/><U108/><E89/><V105/><F73/><W111/><G122/><T131/><D131/><U46/><E108/><N who="3" m="41514" /><G56/><T16/><D78/><U14/><E14/><V93/><F98/><W18/><G65/><T128/><D128/><U9/><E9/><V72/><F72/><W95/><G95/><T133/><D81/><U64/><E64/><V52/><F4/><W77/><G77/><T67/><D67/><U7/><E7/><V59/><F22/><W40/><G40/><T116/><D37/><U62/><E62/><N who="2" m="36199" /><F13/><W36/><G36/><T44/><D28/><U127/><E127/><AGARI ba="0,0" hai="8,15,18,125,126,127,132,135" m="41514,49479" machi="127" ten="30,2000,0" yaku="18,1,14,1" doraHai="43" who="3" fromWho="1" sc="250,0,250,-20,250,0,250,20" /><INIT seed="1,0,0,5,0,73" ten="250,230,250,270" oya="1" hai0="41,65,33,36,9,16,19,109,56,63,117,70,112" hai1="31,89,105,2,76,121,28,100,133,86,135,131,14" hai2="62,35,113,104,87,75,23,44,64,12,116,60,59" hai3="11,132,49,18,4,6,115,103,34,84,38,37,10"/><U50/><E2/><V127/><F75/><W85/><G34/><T71/><D33/><U46/><E121/><V79/><F35/><W74/><G74/><T93/><D117/><U24/><E14/><V47/><F104/><W1/><G115/><T99/><D112/><U119/><E119/><V94/><F116/><W54/><G103/><T25/><D109/><U122/><E122/><V26/><F127/><W22/><G132/><T81/><D41/><U118/><E131/><V7/><F62/><W128/><G128/><T57/><D36/><U48/><E48/><V27/><F27/><W13/><G38/><T39/><D39/><U77/><E31/><V42/><F42/><W29/><G29/><T32/><D32/><U98/><E118/><V5/><F94/><W106/><G106/><T21/><D81/><U52/><E24/><V58/><F58/><W107/><G107/><T45/><D45/><N who="2" m="17482" /><F12/><W91/><G37/><T3/><D57/><U102/><E102/><V61/><F61/><W129/><G129/><T110/><D110/><U92/><E28/><N who="2" m="17503" /><F113/><W95/><G49/><T96/><D3/><U20/><REACH who="1" step="1"/><E20/><REACH who="1" ten="250,220,250,270" step="2"/><V88/><F88/><W53/><G84/><T90/><D96/><U40/><E40/><V78/><F87/><W80/><G10/><T125/><D125/><U67/><E67/><V17/><F17/><W69/><G11/><T130/><D130/><U66/><E66/><V82/><F82/><W51/><G80/><T72/><D72/><U30/><E30/><V126/><F126/><W15/><G1/><T114/><D114/><U97/><E97/><RYUUKYOKU ba="0,1" sc="250,10,220,10,250,10,270,-30" hai0="9,16,19,21,25,56,63,65,70,71,90,93,99" hai1="46,50,52,76,77,86,89,92,98,100,105,133,135" hai2="5,7,59,60,64,78,79" /><INIT seed="1,1,1,4,5,15" ten="260,230,260,240" oya="1" hai0="21,66,125,115,26,2,47,113,128,94,90,130,53" hai1="62,31,96,81,38,84,11,8,109,112,57,104,110" hai2="25,119,134,64,28,75,54,91,4,40,78,132,79" hai3="35,86,58,121,9,1,37,65,100,98,41,36,106"/><U51/><E38/><V83/><F119/><W111/><G121/><T45/><D66/><U42/><E112/><V56/><F64/><W48/><G35/><T7/><D7/><U14/><E31/><V116/><F4/><W126/><G1/><T17/><D2/><U18/><E104/><V24/><F40/><W12/><G126/><T129/><D125/><U60/><E96/><V63/><F79/><W27/><G27/><T50/><REACH who="0" step="1"/><D47/><REACH who="0" ten="250,230,260,240" step="2"/><N who="1" m="26103" /><E57/><V99/><F116/><W87/><G65/><T23/><D23/><U68/><E68/><V34/><F25/><W117/><G58/><T102/><D102/><U131/><E131/><V76/><F76/><W82/><G100/><T103/><D103/><U10/><E110/><V93/><AGARI ba="1,2" hai="24,28,34,54,56,63,75,78,83,91,93,99,132,134" machi="93" ten="30,1100,0" yaku="0,1" doraHai="15" who="2" fromWho="2" sc="250,-4,230,-6,260,34,240,-4" /><INIT seed="2,0,0,0,0,113" ten="246,224,294,236" oya="2" hai0="99,9,87,44,89,56,115,108,118,105,66,96,109" hai1="104,34,57,119,75,76,102,94,63,20,23,92,82" hai2="79,43,125,19,52,11,53,103,25,65,3,133,7" hai3="24,21,39,49,42,47,107,64,78,69,90,110,135"/><V124/><F103/><W83/><G107/><T33/><D33/><U1/><E34/><V74/><F65/><W6/><G110/><T91/><D44/><U38/><E1/><V2/><F2/><W117/><G135/><T51/><D9/><U101/><E38/><V121/><F121/><W127/><G127/><N who="2" m="48713" /><F43/><W72/><G6/><T22/><D22/><U12/><E104/><V70/><F70/><W46/><G90/><T32/><D32/><U26/><E26/><V111/><F133/><W106/><G106/><T45/><D56/><U15/><E15/><V5/><F5/><W114/><G114/><T85/><D115/><U130/><E102/><V122/><F122/><W41/><G64/><T88/><D66/><U80/><E12/><V4/><F4/><W86/><G69/><T31/><D31/><U123/><E101/><V36/><F36/><W60/><G60/><T134/><D134/><U37/><E37/><V61/><F61/><W28/><REACH who="3" step="1"/><G72/><REACH who="3" ten="246,224,294,226" step="2"/><T29/><D105/><U48/><E75/><V27/><F111/><W55/><G55/><N who="2" m="21065" /><F19/><W84/><G84/><T116/><D29/><U120/><E63/><V35/><F35/><W71/><G71/><T132/><D132/><U10/><E123/><V0/><F0/><W14/><G14/><T131/><D91/><U81/><E120/><V62/><F62/><W58/><G58/><T67/><D67/><U18/><E57/><V17/><F17/><W68/><G68/><T112/><D112/><U98/><E18/><V59/><F59/><W97/><G97/><T73/><D73/><U128/><E23/><RYUUKYOKU ba="0,1" sc="246,-15,224,-15,294,15,226,15" hai2="3,7,11,25,27,74,79" hai3="21,24,28,39,41,42,46,47,49,78,83,86,117" /><INIT seed="2,1,1,3,5,20" ten="231,209,309,241" oya="2" hai0="86,109,84,34,76,38,47,65,60,132,7,79,49" hai1="64,110,114,8,19,50,96,89,126,15,85,13,39" hai2="51,2,129,130,44,91,112,41,98,69,72,88,93" hai3="67,133,9,29,74,103,6,36,3,66,45,90,63"/><V92/><F72/><W68/><G133/><T31/><D132/><U33/><E39/><V35/><F2/><W30/><G67/><T24/><D38/><U97/><E33/><V23/><F35/><W42/><G103/><T46/><D7/><U119/><E119/><V73/><F73/><W80/><REACH who="3" step="1"/><G90/><REACH who="3" ten="231,209,309,231" step="2"/><T100/><D100/><U135/><E135/><V87/><F69/><W118/><G118/><T111/><D65/><U18/><E64/><V124/><F112/><W4/><G4/><T94/><D76/><AGARI ba="1,2" hai="3,6,9,29,30,36,42,45,63,66,68,74,76,80" machi="76" ten="40,8000,1" yaku="1,1,25,2,53,1" doraHai="20" doraHaiUra="77" who="3" fromWho="0" sc="231,-83,209,0,309,0,231,103" /><INIT seed="3,0,0,1,4,45" ten="148,209,309,334" oya="3" hai0="114,128,97,9,10,59,67,63,88,125,23,26,28" hai1="24,13,60,124,20,6,5,54,72,89,1,85,90" hai2="112,33,37,29,80,58,73,71,12,98,87,42,0" hai3="15,3,129,76,8,30,92,86,32,104,64,36,21"/><W49/><G36/><T41/><D125/><U113/><E72/><V66/><F0/><W65/><G104/><T109/><D128/><U83/><E113/><V56/><F73/><W96/><G129/><T2/><D114/><U47/><E124/><V100/><F12/><W35/><G35/><T135/><D135/><U93/><E1/><V46/><F71/><W127/><G127/><T27/><D109/><U122/><E13/><V111/><F66/><W77/><G32/><T44/><D26/><U19/><E122/><V34/><F111/><W25/><G3/><T52/><D2/><U69/><E69/><V31/><F34/><W91/><G49/><N who="0" m="26767" /><D67/><N who="3" m="25673" /><G96/><T53/><D53/><U118/><E118/><V123/><F112/><W57/><G57/><T78/><D78/><U94/><E83/><V108/><F108/><W107/><G107/><T70/><D70/><U17/><E17/><AGARI ba="0,0" hai="8,15,17,21,25,30,76,77,86,91,92" m="25673" machi="17" ten="30,1500,0" yaku="8,1" doraHai="45" who="3" fromWho="1" sc="148,0,209,-15,309,0,334,15" /><INIT seed="3,1,0,2,4,44" ten="148,194,309,349" oya="3" hai0="66,9,47,21,91,40,6,61,121,133,75,26,93" hai1="76,84,19,112,41,49,55,64,72,83,100,22,123" hai2="46,86,50,38,62,88,78,25,33,94,69,126,117" hai3="124,134,82,53,85,27,135,120,51,104,98,103,125"/><W111/><G27/><T23/><D75/><U79/><E41/><V71/><F38/><W60/><G60/><T96/><D133/><N who="3" m="50697" /><G120/><T122/><D122/><U108/><E112/><V4/><F117/><W89/><G111/><T77/><D121/><U97/><E108/><V74/><F4/><W81/><G81/><T95/><D95/><U58/><E123/><V52/><F126/><W67/><G67/><T54/><D54/><U3/><E3/><V48/><F62/><W102/><G102/><T59/><D77/><U63/><E72/><V113/><F113/><W39/><G39/><T99/><D99/><U20/><E19/><V17/><F50/><W37/><G37/><T11/><D6/><U36/><E36/><V128/><F128/><W132/><G132/><T16/><D23/><U32/><E32/><V45/><F45/><AGARI ba="1,0" hai="45,51,53,82,85,89,98,103,104,124,125" m="50697" machi="45" ten="30,2900,0" yaku="20,1,52,1" doraHai="44" who="3" fromWho="2" sc="148,0,194,0,309,-32,349,32" /><INIT seed="3,2,0,2,0,120" ten="148,194,277,381" oya="3" hai0="61,127,50,98,113,129,19,114,3,4,99,130,119" hai1="2,133,116,68,33,44,30,56,78,101,54,111,23" hai2="126,75,86,6,10,122,87,112,20,72,53,73,57" hai3="46,48,18,74,42,22,79,105,97,82,58,15,84"/><W12/><G74/><T96/><D119/><U70/><E2/><V123/><F112/><W108/><G105/><T100/><D50/><U66/><E33/><V0/><F20/><W88/><G58/><T135/><D19/><U59/><E78/><V17/><F17/><W34/><G34/><T77/><D77/><U128/><E101/><V63/><REACH who="2" step="1"/><F126/><REACH who="2" ten="148,194,267,381" step="2"/><W36/><G22/><T89/><D127/><U32/><E23/><V43/><F43/><W71/><G18/><T83/><D113/><U76/><E32/><V51/><F51/><W93/><G36/><T124/><D124/><U110/><E30/><V69/><F69/><W94/><G71/><T90/><D114/><U80/><E116/><V14/><F14/><W26/><G12/><T132/><D61/><N who="1" m="38207" /><E128/><N who="0" m="49257" /><D3/><U109/><E44/><V16/><F16/><W37/><G15/><T125/><D125/><U38/><E133/><N who="0" m="51273" /><D4/><U115/><E115/><V55/><F55/><W102/><G37/><T28/><D28/><U62/><E38/><V7/><F7/><W41/><G41/><T35/><D35/><U47/><E47/><V118/><F118/><W24/><G48/><T45/><D45/><U5/><E5/><V95/><F95/><W13/><G13/><T8/><D8/><U9/><E9/><V64/><F64/><W31/><G46/><T52/><D52/><U11/><E11/><V49/><F49/><W85/><G42/><T29/><D29/><U91/><E91/><N who="0" m="34825" /><D83/><U39/><E39/><V27/><F27/><N who="3" m="10283" /><G31/><T103/><AGARI ba="2,1" hai="96,98,99,100,103" m="34825,51273,49257" machi="103" ten="40,12000,2" yaku="28,2,19,1,20,1,34,2" doraHai="120" who="0" fromWho="0" sc="148,136,194,-32,267,-32,381,-62" /><INIT seed="4,0,0,4,3,48" ten="284,162,235,319" oya="0" hai0="4,70,89,22,98,10,67,3,90,76,12,41,115" hai1="5,51,121,18,59,132,85,17,57,106,77,21,122" hai2="94,93,11,34,74,82,54,96,104,55,31,47,92" hai3="124,49,63,95,101,36,108,127,19,25,61,135,112"/><T66/><D115/><U7/><E106/><V43/><F31/><W53/><G36/><T62/><D41/><U72/><E72/><V105/><F34/><W13/><G25/><T125/><D76/><U114/><E132/><V23/><F23/><W80/><G80/><T84/><D98/><U131/><E131/><V103/><F105/><W9/><G108/><T8/><D22/><U24/><E114/><V68/><F11/><W50/><G50/><T133/><D133/><U73/><E73/><V6/><F6/><W116/><G116/><T1/><D12/><U28/><E122/><V79/><REACH who="2" step="1"/><F68/><REACH who="2" ten="284,162,225,319" step="2"/><W16/><G135/><T110/><D4/><U119/><E7/><V123/><F123/><W32/><G32/><T71/><D110/><U102/><E5/><V45/><F45/><N who="3" m="27823" /><G112/><T64/><D71/><U107/><E121/><V87/><F87/><W27/><G27/><T56/><D70/><U37/><E28/><V69/><F69/><W99/><G19/><T44/><D84/><U75/><E18/><V39/><AGARI ba="0,1" hai="39,43,47,54,55,74,79,82,92,93,94,96,103,104" machi="39" ten="30,7900,0" yaku="1,1,0,1,52,2,53,0" doraHai="48" doraHaiUra="35" who="2" fromWho="2" sc="284,-39,162,-20,225,89,319,-20" /><INIT seed="5,0,0,4,2,2" ten="245,142,314,299" oya="1" hai0="67,71,75,66,83,57,94,47,127,124,4,82,128" hai1="86,18,122,21,69,132,102,35,134,29,20,112,61" hai2="48,117,125,1,104,77,108,74,87,53,89,107,38" hai3="85,62,76,60,25,9,99,22,12,34,92,17,84"/><U121/><E69/><V129/><F53/><W126/><G34/><T0/><D94/><U110/><E102/><V39/><F48/><W11/><G11/><T111/><D57/><U36/><E36/><V97/><F39/><W68/><G68/><T131/><D0/><U10/><E61/><N who="3" m="23658" /><G76/><T30/><D71/><U78/><E86/><V46/><F46/><W26/><G26/><T28/><D47/><U8/><E78/><V96/><F38/><W37/><G37/><T79/><D79/><U41/><E41/><V63/><F1/><W23/><G23/><N who="1" m="8778" /><E112/><V52/><F117/><W95/><G126/><T15/><D15/><N who="1" m="7527" /><E10/><V50/><F125/><W120/><G120/><N who="1" m="46186" /><E110/><V31/><F108/><W27/><G95/><T135/><D111/><U106/><E106/><V42/><F107/><W91/><G27/><AGARI ba="0,0" hai="27,29,35,132,134" m="46186,7527,8778" machi="27" ten="30,2900,0" yaku="34,2" doraHai="2" who="1" fromWho="3" sc="245,0,142,29,314,0,299,-29" /><INIT seed="5,1,0,5,1,1" ten="245,171,314,270" oya="1" hai0="43,120,13,97,4,79,124,127,36,15,37,54,95" hai1="96,87,70,2,122,24,74,12,65,59,3,69,85" hai2="50,82,57,131,126,72,62,8,44,109,114,125,35" hai3="129,61,86,98,33,42,66,80,115,103,100,51,93"/><U108/><E74/><V135/><F35/><W14/><G33/><T6/><D54/><U21/><E122/><V22/><F114/><W73/><G73/><T56/><D56/><U83/><E108/><V41/><F109/><W113/><G129/><T123/><D79/><U77/><E12/><N who="0" m="4681" /><D43/><U5/><E3/><V111/><F111/><W53/><G42/><T130/><D95/><U75/><E87/><V91/><F22/><W47/><G103/><T60/><D60/><U19/><E96/><V63/><F8/><W116/><G116/><T67/><D67/><U30/><E19/><V107/><F107/><W48/><G48/><T23/><D97/><U20/><E20/><V25/><F25/><W119/><G119/><T90/><D90/><U27/><E27/><V94/><F63/><W106/><G106/><T45/><D45/><U102/><E102/><V29/><F29/><W71/><REACH who="3" step="1"/><G14/><REACH who="3" ten="245,171,314,260" step="2"/><T76/><D130/><U16/><E75/><V26/><F131/><W7/><G7/><N who="0" m="2603" /><D23/><U9/><REACH who="1" step="1"/><E30/><REACH who="1" ten="245,161,314,260" step="2"/><V17/><F72/><W112/><G112/><T101/><D101/><U118/><E118/><V99/><F99/><W89/><AGARI ba="1,2" hai="47,51,53,61,66,71,80,86,89,93,98,100,113,115" machi="89" ten="30,2000,0" yaku="1,1,0,1,53,0" doraHai="1" doraHaiUra="134" who="3" fromWho="3" sc="245,-6,161,-11,314,-6,260,43" /><INIT seed="6,0,0,3,5,33" ten="239,150,308,303" oya="2" hai0="102,34,62,45,38,59,87,20,115,51,124,42,29" hai1="57,107,101,122,80,0,41,82,104,135,35,27,44" hai2="134,21,43,103,55,90,32,120,10,66,131,56,18" hai3="71,130,28,83,53,81,16,75,67,54,50,118,61"/><V99/><F120/><W68/><G118/><T127/><D34/><U97/><E107/><V100/><F32/><W48/><G28/><T95/><D87/><U91/><E122/><V98/><F43/><W2/><G2/><T72/><D72/><U15/><E135/><V25/><F66/><W133/><G133/><T89/><D89/><U64/><E35/><V116/><F116/><W111/><G111/><T113/><D95/><U119/><E119/><V19/><F131/><W84/><G75/><T69/><D102/><U58/><E58/><V114/><F114/><N who="0" m="43530" /><D20/><U128/><E27/><V86/><F134/><W7/><G84/><T9/><D9/><U112/><E128/><V5/><F19/><W77/><G16/><T96/><D96/><N who="2" m="36906" /><F10/><W37/><G130/><T106/><D106/><U1/><E112/><V110/><F5/><W12/><G7/><T109/><D109/><U132/><E15/><V8/><F8/><W92/><G12/><T94/><D94/><U14/><E14/><V30/><F30/><W126/><G92/><T4/><D4/><U108/><E132/><V88/><F110/><W65/><G37/><T24/><D24/><U73/><E73/><V13/><F25/><W23/><G23/><T70/><D29/><U11/><E11/><V26/><F26/><W31/><G31/><T6/><D6/><U121/><E108/><V85/><F85/><W78/><G126/><N who="0" m="48171" /><D38/><U123/><E121/><V52/><F90/><W74/><G74/><T22/><D22/><U39/><E91/><V3/><F88/><W60/><AGARI ba="0,0" hai="48,50,53,54,60,61,65,67,68,71,77,78,81,83" machi="60" ten="25,3200,0" yaku="0,1,22,2" doraHai="33" who="3" fromWho="3" sc="239,-8,150,-8,308,-16,303,32" /><INIT seed="7,0,0,4,5,69" ten="231,142,292,335" oya="3" hai0="71,3,135,64,100,60,44,8,118,0,19,89,12" hai1="66,68,131,111,29,62,77,119,21,121,40,80,58" hai2="94,7,96,33,43,117,52,91,76,13,18,105,55" hai3="102,92,35,114,84,93,14,116,54,132,4,26,83"/><W45/><G35/><T11/><D100/><U108/><E29/><V6/><F117/><W63/><G102/><T25/><D118/><U79/><E21/><V97/><F33/><W53/><G26/><T81/><D25/><U72/><E119/><V99/><F43/><W15/><G15/><T78/><D78/><U101/><E121/><V90/><F76/><W98/><G98/><T107/><D11/><U38/><E79/><V115/><F115/><W82/><G132/><T37/><D107/><U73/><E73/><V70/><F70/><W59/><G83/><T110/><D110/><U23/><E131/><V74/><F74/><W27/><G27/><T41/><D135/><U124/><E23/><V126/><F126/><W10/><G114/><T133/><D133/><U122/><E124/><V128/><F128/><W9/><G9/><T22/><D89/><U20/><E20/><N who="2" m="11343" /><F105/><W120/><G120/><T51/><D81/><U125/><E125/><V88/><F94/><W34/><G34/><T130/><D130/><U47/><E122/><V129/><F129/><W113/><G113/><T2/><D8/><U61/><REACH who="1" step="1"/><E101/><REACH who="1" ten="231,132,292,335" step="2"/><V56/><F55/><AGARI ba="0,1" hai="38,40,47,55,58,61,62,66,68,72,77,80,108,111" machi="55" ten="30,7700,0" yaku="1,1,2,1,7,1,52,1,53,0" doraHai="69" doraHaiUra="103" who="1" fromWho="2" sc="231,0,132,87,292,-77,335,0" owari="231,3.0,219,-18.0,215,-28.0,335,43.0" /></mjloggm>