<mjloggm ver="2.3"><GO type="97" lobby="0"/><UN n0="%E2%98%86%E5%A4%A9%E2%98%85" n1="%E5%B0%B1%E6%B4%BB%E7%94%9F%40%E5%B7%9D%E6%9D%91%E8%BB%8D%E5%9B%A3" n2="%E7%A5%9E%E6%AD%A6%E3%83%A9%E3%83%92%E3%83%8A%E3%83%BC" n3="%68%61%6E%69%74%61%6B%61" dan="14,14,15,15" rate="1954.77,1982.60,1995.84,2079.95" sx="M,M,M,M"/><TAIKYOKU oya="0"/><INIT seed="0,0,0,2,1,80" ten="250,250,250,250" oya="0" hai0="20,127,60,56,40,8,23,57,50,103,22,7,93" hai1="130,88,34,94,96,1,128,29,118,68,91,19,124" hai2="101,61,52,44,10,6,13,16,97,42,48,49,104" hai3="95,14,123,131,77,106,105,64,121,111,69,129,108"/><T112/><D112/><U5/><E68/><V113/><F113/><W66/><G14/><T114/><D114/><U9/><E118/><V116/><F116/><W73/><G69/><T62/><D127/><U84/><E124/><V37/><F61/><W100/><G66/><T115/><D115/><U30/><E19/><V58/><REACH who="2" step="1"/><F37/><REACH who="2" ten="250,250,240,250" step="2"/><W0/><G64/><T55/><D40/><U82/><REACH who="1" step="1"/><E34/><REACH who="1" ten="250,240,240,250" step="2"/><V32/><F32/><W74/><G0/><T35/><D35/><U39/><E39/><V126/><F126/><W99/><G121/><T59/><D62/><U89/><E89/><V75/><F75/><W81/><G123/><T85/><D60/><U117/><E117/><V72/><F72/><W125/><G125/><T46/><D103/><U120/><E120/><V65/><F65/><W87/><G74/><T110/><D110/><N who="3" m="42025" /><G73/><T102/><D102/><U132/><E132/><V83/><F83/><W3/><G3/><T51/><D51/><U28/><AGARI ba="0,2" hai="1,5,9,28,29,30,82,84,88,91,94,96,128,130" machi="28" ten="30,7900,0" yaku="1,1,0,1,52,1,54,1,53,0" doraHai="80" doraHaiUra="135" who="1" fromWho="1" sc="250,-39,240,99,240,-20,250,-20" /><INIT seed="1,0,0,2,2,63" ten="211,339,220,230" oya="1" hai0="66,43,56,122,0,134,119,7,8,58,49,12,125" hai1="88,13,60,14,89,101,91,100,27,92,131,129,39" hai2="128,113,93,68,75,52,9,133,109,87,110,37,84" hai3="61,79,24,74,81,31,130,114,62,30,67,51,97"/><U46/><E27/><V48/><F75/><W135/><G114/><T19/><D119/><U98/><E101/><V80/><F68/><W123/><G123/><T103/><D122/><U76/><E76/><V55/><F113/><W41/><G135/><T69/><D125/><U57/><E46/><V83/><F37/><W11/><G130/><N who="1" m="49674" /><E39/><V5/><F128/><W94/><G62/><T18/><D134/><U111/><E111/><N who="2" m="42507" /><F133/><W108/><G108/><T105/><D66/><AGARI ba="0,0" hai="13,14,57,60,66,88,89,91,92,98,100" m="49674" machi="66" ten="30,5800,0" yaku="19,1,52,1,54,1" doraHai="63" who="1" fromWho="0" sc="211,-58,339,58,220,0,230,0" /><INIT seed="1,1,0,4,1,5" ten="153,397,220,230" oya="1" hai0="16,14,96,77,43,130,103,22,4,25,29,28,24" hai1="126,97,123,54,19,87,129,71,72,89,110,79,3" hai2="81,104,15,116,44,70,48,41,74,88,0,52,35" hai3="117,90,65,1,83,106,91,100,36,134,108,20,92"/><U118/><E71/><V21/><F35/><W6/><G36/><T46/><D130/><U131/><E3/><V85/><F0/><W45/><G65/><T40/><D77/><U135/><E118/><V7/><F104/><W105/><G45/><T86/><D86/><U12/><E123/><V49/><F116/><W67/><G67/><T57/><D57/><U124/><E97/><V53/><F70/><W121/><G20/><T17/><D4/><U78/><E54/><V18/><F74/><W39/><G39/><T51/><D43/><U27/><E27/><N who="2" m="14775" /><F49/><W11/><G117/><T93/><REACH who="0" step="1"/><D14/><REACH who="0" ten="143,397,220,230" step="2"/><U84/><E84/><V113/><F113/><W101/><G6/><T69/><D69/><U109/><E78/><V82/><F81/><W58/><G83/><T133/><D133/><U37/><E79/><V63/><F63/><W23/><G58/><T26/><D26/><U99/><E72/><V94/><F82/><W30/><G134/><T47/><D47/><U114/><E135/><V102/><F102/><W119/><G119/><T13/><D13/><U9/><E114/><V2/><F2/><W38/><G38/><T112/><D112/><U56/><E37/><V80/><F80/><W107/><G100/><T10/><D10/><AGARI ba="1,1" hai="7,10,15,41,44,48,52,53,85,88,94" m="14775" machi="10" ten="30,7700,0" yaku="8,1,52,1,54,2" doraHai="5" who="2" fromWho="0" sc="143,-80,397,0,220,90,230,0" /><INIT seed="2,0,0,4,2,121" ten="63,397,310,230" oya="2" hai0="19,99,10,111,49,129,52,55,57,13,130,115,98" hai1="97,35,79,50,71,67,21,22,18,86,89,1,61" hai2="103,15,73,9,101,25,133,69,3,62,109,33,105" hai3="44,127,132,122,36,82,131,60,76,94,45,95,92"/><V81/><F3/><W88/><G122/><T118/><D118/><U23/><E35/><V32/><F133/><W34/><G132/><T72/><D72/><U75/><E1/><V77/><F109/><W120/><G120/><T116/><D116/><U29/><E29/><V38/><F38/><W37/><G34/><T66/><D66/><U64/><E64/><V63/><F63/><W27/><G131/><T0/><D0/><U8/><E97/><V90/><F105/><W54/><G127/><T51/><D115/><U78/><E50/><V56/><F69/><W12/><G27/><T16/><D19/><U125/><E125/><V41/><F41/><W96/><G36/><T107/><D107/><U46/><E46/><V124/><F90/><W43/><G12/><T106/><D106/><U134/><E134/><V6/><F124/><W135/><G135/><T70/><D70/><U112/><E112/><V100/><REACH who="2" step="1"/><F25/><REACH who="2" ten="63,397,300,230" step="2"/><W102/><G60/><T119/><D119/><U40/><E40/><V47/><F47/><W80/><G88/><T28/><D28/><U123/><E123/><V4/><F4/><W126/><G126/><T104/><D104/><U30/><E61/><V24/><F24/><W17/><G45/><T128/><D111/><U31/><E71/><V2/><F2/><W11/><G54/><AGARI ba="0,1" hai="6,9,15,32,33,54,56,62,73,77,81,100,101,103" machi="54" ten="40,3900,0" yaku="1,1,53,1" doraHai="121" doraHaiUra="53" who="2" fromWho="3" sc="63,0,397,0,300,49,230,-39" /><INIT seed="2,1,0,3,0,0" ten="63,397,349,191" oya="2" hai0="39,8,34,135,72,134,99,68,10,70,11,62,55" hai1="118,30,21,63,64,31,45,77,46,27,28,54,41" hai2="105,81,84,25,102,90,88,91,17,59,126,113,14" hai3="2,132,19,74,109,13,82,57,97,92,123,7,115"/><V43/><F113/><W124/><G123/><T96/><D55/><U67/><E118/><V53/><F126/><W50/><G124/><T133/><D62/><U56/><E77/><V98/><F43/><W47/><G109/><T48/><D48/><N who="1" m="26671" /><E46/><V114/><F25/><W15/><G132/><N who="0" m="33795" /><T20/><DORA hai="71" /><D20/><U38/><E38/><V78/><F114/><W110/><G110/><T130/><D130/><U66/><AGARI ba="1,0" hai="21,27,28,30,31,54,56,63,64,66,67" m="26671" machi="66" ten="30,1100,0" yaku="8,1" doraHai="0,71" who="1" fromWho="1" sc="63,-4,397,14,349,-6,191,-4" /><INIT seed="3,0,0,1,4,13" ten="59,411,343,187" oya="3" hai0="123,124,42,1,39,46,3,65,133,135,105,102,38" hai1="55,30,113,35,99,106,112,11,91,98,4,22,60" hai2="57,54,104,129,37,19,68,130,100,32,97,25,85" hai3="76,9,15,2,26,52,96,90,18,49,111,79,31"/><W63/><G111/><T109/><D123/><U114/><E35/><V134/><F68/><W34/><G63/><T67/><D124/><U72/><E72/><V17/><F37/><W58/><G2/><T103/><D109/><U75/><E75/><V47/><F47/><W33/><G33/><T83/><D83/><U77/><E77/><V51/><F134/><W43/><G43/><T81/><D81/><U128/><E128/><N who="2" m="49259" /><F85/><W62/><G62/><T101/><D105/><U73/><E73/><V78/><F78/><W119/><REACH who="3" step="1"/><G119/><REACH who="3" ten="59,411,343,177" step="2"/><T0/><D46/><U116/><E60/><V40/><F40/><W117/><G117/><T118/><D42/><U131/><E116/><V88/><F32/><W44/><G44/><T5/><D5/><U125/><E131/><V41/><F41/><W115/><G115/><T82/><D82/><U27/><E114/><V21/><F88/><W53/><G53/><T80/><D80/><U108/><E113/><V10/><F10/><W56/><G56/><T121/><D121/><U70/><E112/><V74/><F74/><W45/><G45/><T87/><D87/><U23/><E11/><V8/><F8/><W122/><G122/><T93/><D93/><AGARI ba="0,1" hai="9,15,18,26,31,34,49,52,58,76,79,90,93,96" machi="93" ten="40,12000,1" yaku="1,1,52,1,54,1,53,1" doraHai="13" doraHaiUra="89" who="3" fromWho="0" sc="59,-120,411,0,343,0,177,130" owari="-61,-56.0,411,51.0,343,14.0,307,-9.0" /></mjloggm>