<mjloggm ver="2.3"><GO type="33" lobby="0"/><UN n0="%E5%B7%9D%E6%9D%91%E8%BB%8D%E5%9B%A3%E8%BB%8D%E6%9D%91%E5%B7%9D" n1="%E5%B0%B1%E6%B4%BB%E7%94%9F%40%E5%B7%9D%E6%9D%91%E8%BB%8D%E5%9B%A3" n2="%E3%81%84%EF%BD%9E%E3%81%8F%E3%82%93" n3="%E5%A4%A7%E5%AD%A6%E7%94%9F%EF%BC%A0%E5%B7%9D%E6%9D%91%E8%BB%8D%E5%9B%A3" dan="14,15,13,14" rate="1994.74,2003.42,1930.07,1863.19" sx="F,M,M,M"/><TAIKYOKU oya="0"/><INIT seed="0,0,0,2,2,46" ten="250,250,250,250" oya="0" hai0="75,10,71,126,26,130,1,127,78,74,31,0,11" hai1="63,109,86,100,80,61,20,96,68,65,90,79,128" hai2="66,59,43,15,64,123,27,107,30,105,19,4,115" hai3="85,83,124,44,131,21,99,60,97,40,88,25,22"/><T52/><D71/><U92/><E109/><V42/><F123/><W69/><G131/><T94/><D130/><U119/><E119/><V93/><F115/><W23/><G124/><N who="0" m="47659" /><D78/><U118/><E118/><V70/><F70/><W108/><G108/><T8/><D94/><U84/><E128/><V6/><F107/><W121/><G121/><T102/><D102/><U95/><E63/><V3/><F105/><W2/><G2/><N who="0" m="1131" /><D52/><U103/><E20/><AGARI ba="0,0" hai="8,10,11,20,26,31,74,75" m="1131,47659" machi="20" ten="40,2000,0" yaku="18,1" doraHai="46" who="0" fromWho="1" sc="250,20,250,-20,250,0,250,0" /><INIT seed="0,1,0,1,4,54" ten="270,230,250,250" oya="0" hai0="78,118,30,31,122,83,19,24,52,35,86,110,49" hai1="44,87,65,113,77,63,121,105,120,98,111,93,114" hai2="117,38,55,20,125,50,81,79,71,96,89,99,29" hai3="18,9,128,95,2,16,46,27,32,107,26,101,13"/><T69/><D118/><U70/><E105/><V103/><F71/><W61/><G107/><T22/><D122/><U92/><E111/><V40/><F125/><W119/><G119/><T17/><D69/><U123/><E44/><V57/><F117/><W58/><G128/><T60/><D60/><U8/><E8/><V15/><F38/><W115/><G115/><N who="1" m="44042" /><E98/><V4/><F40/><W43/><G2/><T126/><D126/><U73/><E73/><V72/><F89/><W132/><G132/><T131/><D131/><U5/><E5/><V56/><F4/><W42/><G32/><T68/><D68/><U97/><E97/><V135/><F135/><W53/><G18/><T14/><D110/><U80/><AGARI ba="1,0" hai="63,65,70,77,80,87,92,93,120,121,123" m="44042" machi="80" ten="40,1500,0" yaku="11,1" doraHai="54" who="1" fromWho="1" sc="270,-8,230,18,250,-5,250,-5" /><INIT seed="1,0,0,4,0,94" ten="262,248,245,245" oya="1" hai0="62,24,49,56,43,123,20,8,75,28,71,11,92" hai1="57,31,37,95,103,98,135,58,54,25,93,66,50" hai2="38,110,26,60,39,3,130,30,78,16,89,47,115" hai3="81,108,82,102,52,125,22,72,80,2,87,134,113"/><U48/><E37/><V0/><F115/><W90/><G2/><T4/><D71/><U132/><E93/><V19/><F130/><W51/><G113/><T63/><D123/><U7/><E7/><V119/><F119/><W15/><G108/><T84/><D75/><U61/><REACH who="1" step="1"/><E48/><REACH who="1" ten="262,238,245,245" step="2"/><V68/><F39/><W76/><G134/><T107/><D92/><U86/><E86/><V59/><F38/><W124/><G124/><T65/><D84/><U122/><E122/><V104/><F104/><W100/><G125/><T55/><D107/><U97/><E97/><V121/><F121/><W111/><G111/><T70/><D63/><U69/><E69/><V116/><F68/><W18/><REACH who="3" step="1"/><G82/><REACH who="3" ten="262,238,245,235" step="2"/><T32/><D62/><U42/><E42/><V74/><F60/><W40/><G40/><T13/><D43/><U73/><E73/><V88/><F74/><W34/><G34/><AGARI ba="0,2" hai="25,31,34,50,54,57,58,61,66,95,98,103,132,135" machi="34" ten="40,7700,0" yaku="1,1,52,1,53,1" doraHai="94" doraHaiUra="46" who="1" fromWho="3" sc="262,0,238,97,245,0,235,-77" /><INIT seed="1,1,0,1,0,11" ten="262,335,245,158" oya="1" hai0="42,7,66,79,34,112,77,135,95,99,120,101,31" hai1="28,49,85,17,19,121,119,10,45,56,16,21,134" hai2="15,106,97,111,25,23,131,32,126,86,30,71,24" hai3="110,92,41,2,43,94,130,70,6,64,60,26,9"/><U91/><E121/><V12/><F71/><W5/><G130/><T127/><D112/><U133/><E119/><V100/><F131/><W125/><G125/><T115/><D115/><U93/><E10/><V116/><F116/><W89/><G110/><T113/><D113/><U14/><E56/><V108/><F126/><W40/><G6/><T44/><D120/><U124/><E124/><V3/><F86/><W62/><G62/><T103/><D127/><U82/><E93/><V0/><F97/><W50/><G26/><T46/><D135/><N who="1" m="51723" /><E28/><N who="2" m="17439" /><F100/><W4/><G4/><T88/><D66/><U122/><E122/><V83/><F83/><W53/><REACH who="3" step="1"/><G89/><REACH who="3" ten="262,335,245,148" step="2"/><T55/><D7/><U59/><E59/><AGARI ba="1,1" hai="2,5,9,40,41,43,50,53,59,60,64,70,92,94" machi="59" ten="40,2600,0" yaku="1,1,2,1,53,0" doraHai="11" doraHaiUra="84" who="3" fromWho="1" sc="262,0,335,-29,245,0,148,39" /><INIT seed="2,0,0,4,1,98" ten="262,306,245,187" oya="2" hai0="127,42,44,100,117,86,31,33,61,56,74,134,54" hai1="6,135,9,25,18,124,130,116,17,65,27,53,67" hai2="41,75,76,57,115,108,29,103,113,106,14,10,131" hai3="99,58,52,91,20,121,81,97,101,118,38,79,80"/><V47/><F131/><W5/><G118/><T22/><D74/><U37/><E37/><V112/><F29/><W126/><G121/><T129/><D117/><U125/><E116/><V16/><F108/><W94/><G38/><T8/><D129/><U92/><E130/><V128/><F128/><W66/><G126/><N who="1" m="48746" /><E135/><V34/><F34/><W78/><G66/><N who="1" m="25098" /><E53/><V4/><F4/><W12/><G99/><T122/><D33/><U71/><E71/><V133/><F133/><W32/><G32/><T50/><D122/><U35/><E92/><V90/><F75/><W111/><G111/><T39/><D134/><U26/><E35/><V69/><F69/><W104/><G104/><T73/><D73/><U40/><E40/><V1/><F76/><N who="3" m="29227" /><G91/><T15/><D127/><U93/><E93/><V114/><F114/><W24/><G5/><T89/><D39/><U43/><E43/><V48/><F90/><W7/><G7/><T21/><D31/><U77/><E77/><V120/><F120/><W119/><G119/><T123/><D123/><U3/><AGARI ba="0,0" hai="3,6,9,17,18,25,26,27" m="25098,48746" machi="3" ten="40,1500,0" yaku="18,1" doraHai="98" who="1" fromWho="1" sc="262,-4,306,15,245,-7,187,-4" /><INIT seed="3,0,0,3,2,34" ten="258,321,238,183" oya="3" hai0="73,134,1,12,9,18,42,99,53,61,95,4,87" hai1="70,115,130,133,64,67,83,106,29,8,94,10,92" hai2="122,6,90,111,7,88,135,28,117,131,76,31,132" hai3="5,124,24,59,60,89,43,103,27,104,54,126,113"/><W81/><G113/><T36/><D73/><U47/><E106/><V19/><F117/><W118/><G118/><T22/><D134/><N who="2" m="51242" /><F111/><W63/><G5/><N who="2" m="1545" /><F122/><W48/><G43/><T101/><D36/><U30/><E83/><V96/><F131/><W69/><G104/><T44/><D61/><U86/><E47/><V57/><F76/><W121/><G103/><T51/><D87/><U102/><E86/><V46/><F46/><W55/><G121/><T120/><D120/><U71/><E102/><V2/><F2/><W82/><G69/><T79/><D79/><U49/><E49/><V98/><F57/><W74/><G74/><T85/><D85/><U84/><E84/><V114/><F19/><W107/><G107/><T93/><D42/><U56/><E133/><V52/><F52/><W80/><G89/><N who="2" m="34409" /><F114/><W128/><G128/><T35/><D35/><U116/><E56/><V66/><F66/><W75/><G75/><T20/><D20/><U127/><E130/><V105/><F105/><AGARI ba="0,0" hai="1,4,9,12,18,22,44,51,53,93,95,99,101,105" machi="105" ten="30,2000,0" yaku="7,1,52,1" doraHai="34" who="0" fromWho="2" sc="258,20,321,0,238,-20,183,0" owari="278,8.0,321,42.0,218,-18.0,183,-32.0" /></mjloggm>