<mjloggm ver="2.3"><GO type="193" lobby="0"/><UN n0="%E3%83%8E%E3%83%AD%E3%83%BC%E3%82%B8%E3%83%A7%E3%81%AE%E7%88%B6" n1="%4A%55%4E%53%41%4E" n2="%E3%83%88%E3%83%88%E3%83%AA%E5%85%88%E7%94%9F%31%39%E6%AD%B3" n3="%6D%6D%63%79%7A%6F" dan="12,11,11,13" rate="1885.90,1549.96,1800.50,1746.06" sx="M,M,F,M"/><TAIKYOKU oya="0"/><INIT seed="0,0,0,2,1,71" ten="250,250,250,250" oya="0" hai0="25,27,63,89,12,108,40,38,4,53,56,46,133" hai1="110,47,64,29,100,3,9,91,92,22,5,43,82" hai2="134,60,41,131,54,122,111,21,20,26,116,69,119" hai3="127,130,75,6,28,52,118,24,65,45,97,99,115"/><T87/><D133/><U109/><E64/><V55/><F122/><W78/><G115/><T113/><D113/><U79/><E100/><V135/><F111/><N who="1" m="42505" /><E29/><V104/><F104/><W61/><G118/><N who="2" m="45097" /><F131/><W13/><G127/><T83/><REACH who="0" step="1"/><D108/><REACH who="0" ten="240,250,250,250" step="2"/><U42/><E22/><V62/><F21/><W44/><G130/><T18/><D18/><U105/><E105/><V96/><F134/><W8/><G65/><T80/><D80/><U84/><E47/><V66/><F135/><W37/><G45/><T17/><D17/><U94/><E94/><V14/><F20/><W103/><G44/><T72/><D72/><AGARI ba="0,1" hai="3,5,9,42,43,72,79,82,84,91,92" m="42505" machi="72" ten="30,1000,0" yaku="14,1" doraHai="71" who="1" fromWho="0" sc="240,-10,250,20,250,0,250,0" /><INIT seed="1,0,0,0,3,115" ten="230,270,250,250" oya="1" hai0="66,48,101,47,117,77,128,83,116,99,15,98,18" hai1="65,59,23,14,73,1,118,134,123,120,49,61,0" hai2="29,85,113,133,87,33,74,91,72,81,6,103,54" hai3="104,63,42,131,90,106,105,100,3,132,22,50,96"/><U130/><E73/><V109/><F113/><W13/><G3/><T97/><D66/><U46/><E23/><V127/><F109/><W58/><G131/><T107/><D128/><U119/><E14/><V41/><F133/><W45/><G132/><T67/><D67/><U89/><E89/><V17/><F127/><W57/><G90/><T60/><D60/><U92/><E92/><V24/><F103/><W16/><G57/><T111/><D111/><U28/><E28/><V135/><F135/><W129/><G129/><T21/><D101/><U68/><E1/><V75/><F6/><W110/><REACH who="3" step="1"/><G110/><REACH who="3" ten="230,270,250,240" step="2"/><T124/><D124/><U10/><E134/><V126/><F126/><W112/><G112/><T27/><D107/><U11/><E130/><V9/><F91/><W52/><AGARI ba="0,1" hai="13,16,22,42,45,50,52,58,63,96,100,104,105,106" machi="52" ten="20,8000,1" yaku="1,1,0,1,7,1,54,2,53,0" doraHai="115" doraHaiUra="64" who="3" fromWho="3" sc="230,-20,270,-40,250,-20,240,90" /><INIT seed="2,0,0,0,0,21" ten="210,230,230,330" oya="2" hai0="16,11,69,92,133,80,78,98,90,120,20,41,84" hai1="117,13,114,31,2,86,28,135,124,134,65,94,5" hai2="4,53,10,3,34,8,88,113,82,56,126,89,60" hai3="1,79,59,77,39,70,25,127,71,68,55,26,105"/><V12/><F126/><W76/><G39/><T48/><D69/><U15/><E65/><V61/><F113/><W33/><G105/><T30/><D120/><U23/><E94/><V122/><F122/><W9/><G33/><T73/><D133/><N who="1" m="50699" /><E86/><V109/><F109/><W83/><G127/><T101/><D11/><U7/><E114/><V87/><F34/><W14/><G1/><T58/><D30/><N who="1" m="11307" /><E124/><V50/><REACH who="2" step="1"/><F89/><REACH who="2" ten="210,230,220,330" step="2"/><W43/><G43/><T131/><D41/><U47/><E117/><V29/><F29/><W91/><G91/><T100/><D90/><U97/><E97/><V36/><F36/><W129/><G129/><T37/><D98/><U106/><E106/><V66/><F66/><W18/><REACH who="3" step="1"/><G83/><REACH who="3" ten="210,230,220,320" step="2"/><T85/><D37/><U72/><E72/><V57/><F57/><W27/><G27/><T96/><D58/><U93/><E93/><V125/><F125/><W111/><G111/><T102/><D92/><U52/><E52/><V38/><F38/><W46/><G46/><T64/><D80/><U119/><E47/><V32/><F32/><W108/><G108/><T19/><D73/><U128/><E128/><V112/><F112/><W99/><G99/><T67/><D131/><U81/><E81/><V62/><F62/><AGARI ba="0,2" hai="9,14,18,25,26,55,59,62,68,70,71,76,77,79" machi="62" ten="50,6400,0" yaku="1,1,52,2,53,0" doraHai="21" doraHaiUra="44" who="3" fromWho="2" sc="210,0,230,0,220,-64,320,84" /><INIT seed="3,0,0,0,5,109" ten="210,230,156,404" oya="3" hai0="97,77,91,115,69,27,124,108,114,113,65,11,13" hai1="33,99,7,107,29,18,111,50,95,8,135,127,31" hai2="90,106,116,54,103,71,61,102,131,45,47,83,15" hai3="37,80,122,2,3,128,66,105,52,104,76,6,49"/><W96/><G52/><T53/><D108/><U94/><E107/><V26/><F116/><W134/><G96/><T39/><D39/><U70/><E70/><V121/><F131/><W84/><G49/><T23/><D77/><U44/><E127/><V126/><F126/><W82/><G84/><T34/><D124/><U60/><E135/><V110/><F110/><W25/><G82/><T130/><D130/><U68/><E111/><V81/><F121/><W67/><G25/><T63/><D34/><U43/><E33/><V20/><F15/><W35/><G80/><T42/><D42/><U9/><E68/><V78/><F106/><W64/><G6/><N who="0" m="3319" /><D53/><U101/><E60/><V74/><F74/><W4/><G35/><T30/><D91/><U125/><E125/><V72/><F72/><W123/><G76/><T59/><D97/><U56/><E56/><AGARI ba="0,0" hai="23,27,30,56,59,63,65,69,113,114,115" m="3319" machi="56" ten="30,7700,0" yaku="11,1,52,3" doraHai="109" who="0" fromWho="1" sc="210,77,230,-77,156,0,404,0" owari="287,9.0,153,-35.0,156,-24.0,404,50.0" /></mjloggm>