<mjloggm ver="2.3"><GO type="97" lobby="0"/><UN n0="%53%61%6D%6D%61%32" n1="%E8%91%B5%EF%BC%A0%E8%92%BC%E5%A4%A9" n2="%73%75%63%6B%65%72%32" n3="%E5%B0%B1%E6%B4%BB%E7%94%9F%40%E5%B7%9D%E6%9D%91%E8%BB%8D%E5%9B%A3" dan="14,13,14,14" rate="1840.95,1835.27,1968.12,1961.54" sx="M,F,M,M"/><TAIKYOKU oya="0"/><INIT seed="0,0,0,1,0,8" ten="250,250,250,250" oya="0" hai0="64,65,58,135,38,70,121,43,50,29,57,83,11" hai1="75,47,99,124,66,27,88,103,22,109,130,3,120" hai2="97,113,63,41,90,20,35,54,112,85,52,134,55" hai3="19,116,122,30,37,5,24,23,45,111,7,114,94"/><T96/><D29/><U48/><E109/><V32/><F134/><W84/><G111/><T13/><D121/><U79/><E120/><V125/><F97/><W17/><G116/><T0/><D0/><U36/><E36/><V10/><F10/><W86/><G114/><T12/><D38/><U60/><E3/><V89/><F41/><W28/><G122/><T14/><D135/><U100/><E75/><V119/><F119/><W110/><G110/><T44/><D70/><U1/><E79/><V26/><F63/><W98/><G45/><T107/><D11/><U123/><E1/><V78/><F78/><W133/><G133/><T21/><D21/><U71/><E124/><V102/><F125/><W126/><G126/><T106/><D83/><U127/><E130/><V132/><F132/><W34/><G37/><T40/><D96/><U9/><E123/><V117/><F102/><N who="3" m="60759" /><G34/><T115/><D115/><U59/><E9/><V105/><F117/><W91/><G84/><T46/><D14/><U104/><E71/><V33/><F105/><W31/><G17/><T2/><D2/><U68/><E68/><V51/><F51/><AGARI ba="0,0" hai="12,13,40,43,44,46,50,51,57,58,64,65,106,107" machi="51" ten="25,9600,0" yaku="22,2,52,2" doraHai="8" who="0" fromWho="2" sc="250,96,250,0,250,-96,250,0" /><INIT seed="0,1,0,3,2,95" ten="346,250,154,250" oya="0" hai0="99,113,81,44,23,60,50,90,117,24,41,3,20" hai1="66,106,5,46,101,9,63,58,120,19,39,125,78" hai2="114,57,102,11,111,87,47,68,69,6,89,33,22" hai3="54,109,103,128,43,45,73,27,13,70,72,129,31"/><T96/><D3/><U123/><E106/><V1/><F114/><W118/><G118/><T79/><D117/><U112/><E112/><V40/><F111/><W86/><G70/><T84/><D113/><U105/><E125/><V108/><F33/><W14/><G109/><T67/><D79/><U82/><E19/><V52/><F108/><W83/><G103/><T110/><D110/><U64/><E64/><V18/><F102/><W134/><G54/><T53/><D41/><N who="1" m="22847" /><E101/><V94/><F40/><W132/><G13/><T80/><D81/><U51/><E51/><V62/><REACH who="2" step="1"/><F47/><REACH who="2" ten="346,250,144,250" step="2"/><W107/><G45/><T10/><D10/><U97/><E9/><V92/><F92/><W42/><G43/><T122/><D122/><U34/><E105/><V77/><F77/><W124/><G42/><T0/><D23/><U85/><E34/><V100/><F100/><W65/><G107/><T15/><D0/><U104/><E104/><V12/><AGARI ba="1,1" hai="1,6,11,12,18,22,52,57,62,68,69,87,89,94" machi="12" ten="20,8000,1" yaku="1,1,0,1,7,1,54,1,53,1" doraHai="95" doraHaiUra="91" who="2" fromWho="2" sc="346,-41,250,-21,144,93,250,-21" /><INIT seed="1,0,0,0,5,48" ten="305,229,237,229" oya="1" hai0="44,37,39,107,0,8,3,97,108,127,38,109,6" hai1="89,9,122,106,130,47,135,100,32,45,88,16,131" hai2="133,27,80,42,94,4,55,53,128,43,117,129,46" hai3="115,25,63,79,20,62,70,91,81,57,59,10,12"/><U85/><E122/><V110/><F117/><W113/><G70/><T66/><D127/><U98/><E32/><V116/><F116/><W125/><G125/><T21/><D21/><U119/><E119/><V69/><F69/><W11/><G91/><N who="1" m="34890" /><E85/><V13/><F80/><W15/><G81/><T126/><D126/><U78/><E78/><V51/><F94/><W92/><G92/><T124/><D124/><U49/><E49/><N who="2" m="28855" /><F27/><W64/><G79/><T5/><D66/><U65/><E65/><V73/><F73/><W26/><G64/><T72/><D72/><U123/><E123/><V35/><F35/><W1/><REACH who="3" step="1"/><G20/><REACH who="3" ten="305,229,237,219" step="2"/><T121/><D121/><U71/><E71/><V99/><F110/><W30/><G30/><T23/><D23/><U67/><E67/><V90/><F90/><W74/><G74/><T18/><D109/><U114/><E114/><V31/><F31/><W104/><G104/><T19/><D108/><U52/><E135/><V68/><F133/><W112/><G112/><T132/><D132/><U120/><E120/><V105/><F68/><W60/><G60/><T22/><D107/><U36/><E106/><V14/><F105/><W103/><G103/><T101/><D101/><U61/><E100/><V86/><F99/><W2/><AGARI ba="0,1" hai="1,2,10,11,12,15,25,26,57,59,62,63,113,115" machi="2" ten="25,6400,0" yaku="1,1,0,1,22,2,53,0" doraHai="48" doraHaiUra="102" who="3" fromWho="3" sc="305,-16,229,-32,237,-16,219,74" /><INIT seed="2,0,0,1,5,59" ten="289,197,221,293" oya="2" hai0="56,21,78,5,19,48,81,124,115,119,83,65,10" hai1="125,112,105,57,79,7,88,6,99,9,58,93,31" hai2="106,113,66,133,26,73,53,20,82,86,30,25,2" hai3="43,121,4,52,126,61,117,0,46,29,63,70,49"/><V18/><F73/><W50/><G29/><T111/><D119/><U44/><E112/><V109/><F106/><W34/><G34/><T15/><D115/><U64/><E105/><V94/><F113/><W114/><G4/><T11/><D124/><U116/><E116/><V3/><F133/><W8/><G8/><T23/><D111/><U134/><E134/><V103/><F109/><W45/><G0/><T123/><D123/><U71/><E125/><V42/><F42/><N who="3" m="24759" /><G114/><T96/><D96/><U77/><E71/><V55/><F66/><N who="3" m="41295" /><G126/><T69/><D69/><U76/><E44/><V101/><F2/><W51/><G117/><T39/><D39/><U90/><E31/><V41/><F3/><W13/><G13/><T72/><D83/><U75/><E75/><V100/><F41/><W120/><G63/><T22/><D11/><U47/><E47/><AGARI ba="0,0" hai="43,46,47,50,51,52,120,121" m="41295,24759" machi="47" ten="30,7700,0" yaku="34,2,52,1,54,1" doraHai="59" who="3" fromWho="1" sc="289,0,197,-77,221,0,293,77" /><INIT seed="3,0,0,3,2,122" ten="289,120,221,370" oya="3" hai0="50,101,58,72,64,32,119,54,112,52,59,83,53" hai1="4,121,18,106,26,132,111,12,131,86,113,88,60" hai2="44,13,22,11,89,116,79,31,66,134,126,109,93" hai3="118,71,17,120,102,47,56,23,1,105,135,36,110"/><W46/><G71/><T62/><D32/><U96/><E111/><V27/><F116/><W69/><G110/><T51/><D101/><U21/><E113/><V55/><F126/><W73/><G69/><T6/><D6/><U85/><E131/><V68/><F134/><W78/><G1/><T45/><D72/><U10/><E132/><V7/><F109/><W43/><G135/><T115/><D83/><U35/><E121/><V127/><F127/><W19/><G120/><T104/><D104/><U123/><E123/><V34/><F79/><W95/><G105/><T74/><D74/><U129/><E129/><V91/><F68/><W99/><G118/><T67/><D119/><U94/><E106/><V97/><F66/><AGARI ba="0,0" hai="45,50,51,52,53,54,58,59,62,64,66,67,112,115" machi="66" ten="40,8000,1" yaku="34,3,54,1" doraHai="122" who="0" fromWho="2" sc="289,80,120,0,221,-80,370,0" owari="369,17.0,120,-38.0,141,-26.0,370,47.0" /></mjloggm>