<mjloggm ver="2.3"><GO type="169" lobby="0"/><UN n0="%E3%82%A6%E3%83%AB%E3%83%88%E3%83%A9%E7%AB%8B%E7%9B%B4" n1="%E3%82%A4%E3%83%8B%E3%82%A8%E3%82%B9%E3%82%BF" n2="%E8%B1%86%E7%89%B9%EF%BC%A0%E6%B2%B3%E6%9D%91%E8%BB%8D%E5%9B%A3" n3="%E6%93%8D" dan="17,17,16,16" rate="2136.36,2150.38,2043.23,2150.98" sx="M,M,M,M"/><TAIKYOKU oya="0"/><INIT seed="0,0,0,5,4,37" ten="250,250,250,250" oya="0" hai0="82,73,134,28,104,33,2,0,16,118,7,79,41" hai1="116,109,23,63,11,92,43,80,52,127,17,81,66" hai2="40,61,22,50,56,75,70,30,14,51,60,21,38" hai3="53,100,110,34,44,106,90,78,126,98,1,6,129"/><T114/><D114/><U62/><E116/><V76/><F38/><W26/><G78/><T24/><D118/><U128/><E109/><V87/><F75/><W71/><G71/><T57/><D134/><U123/><E123/><V5/><F70/><W84/><G110/><T13/><D104/><U39/><E128/><V105/><F105/><W97/><G129/><T47/><D57/><U83/><E127/><V49/><F40/><W121/><G121/><T18/><D7/><U85/><E11/><N who="2" m="4463" /><F30/><W102/><G126/><T91/><D91/><N who="1" m="53359" /><E39/><V45/><F45/><W133/><G6/><T131/><D131/><U58/><E43/><V122/><F122/><W99/><G1/><T27/><D27/><N who="1" m="14831" /><E63/><N who="2" m="24139" /><F56/><W67/><G67/><AGARI ba="0,0" hai="52,58,62,66,67,80,81,83" m="14831,53359" machi="67" ten="30,2000,0" yaku="8,1,54,1" doraHai="37" who="1" fromWho="3" sc="250,0,250,20,250,0,250,-20" /><INIT seed="1,0,0,2,3,67" ten="250,270,250,230" oya="1" hai0="57,20,42,86,44,48,91,81,85,84,43,10,34" hai1="32,53,94,22,82,74,49,134,19,113,69,76,102" hai2="6,50,79,127,123,88,130,103,72,7,111,64,31" hai3="96,100,56,73,62,40,45,125,24,28,122,13,55"/><U128/><E113/><V5/><F123/><W107/><G122/><T46/><D34/><U105/><E32/><V59/><F111/><W117/><G125/><T110/><D110/><U71/><E105/><V66/><F127/><W30/><G73/><T11/><D57/><U90/><E102/><V97/><F130/><W75/><G75/><T132/><D132/><U38/><E38/><V126/><F126/><W65/><G117/><T120/><D120/><U133/><E128/><V47/><F31/><W93/><G13/><T92/><D20/><U83/><E83/><V41/><F79/><W118/><G118/><T2/><D2/><U17/><E17/><V89/><F72/><W77/><G77/><T87/><REACH who="0" step="1"/><D81/><REACH who="0" ten="240,270,250,230" step="2"/><U99/><E133/><V60/><REACH who="2" step="1"/><F66/><REACH who="2" ten="240,270,240,230" step="2"/><W63/><G107/><AGARI ba="0,2" hai="5,6,7,41,47,50,59,60,64,88,89,97,103,107" machi="107" ten="40,8000,1" yaku="1,1,2,1,54,1,53,1" doraHai="67" doraHaiUra="95" who="2" fromWho="3" sc="240,0,270,0,240,100,230,-80" /><INIT seed="2,0,0,3,1,75" ten="240,270,340,150" oya="2" hai0="46,77,16,83,91,102,76,117,98,112,121,72,35" hai1="79,122,10,51,34,47,116,22,128,133,61,28,105" hai2="24,103,123,86,80,36,134,12,38,29,90,67,127" hai3="135,63,110,95,118,0,50,11,131,37,73,21,84"/><V40/><F123/><W48/><G37/><T106/><D35/><U113/><E34/><V88/><F134/><W49/><G118/><T5/><D5/><U6/><E105/><V4/><F127/><W99/><G73/><T58/><D121/><U114/><E116/><V132/><F132/><W20/><G135/><T130/><D117/><U14/><E133/><V82/><F103/><W69/><G131/><T101/><D130/><U96/><E128/><V68/><F40/><W18/><G110/><T119/><D119/><U57/><E96/><V42/><F42/><W89/><G69/><T8/><D46/><U74/><E28/><V107/><F107/><W39/><G39/><T55/><D112/><U62/><E22/><V27/><F67/><W120/><G63/><T78/><D91/><U125/><E62/><V7/><F68/><W23/><G120/><T94/><D102/><U25/><E25/><V97/><F12/><W65/><G65/><T85/><D72/><U15/><E15/><V126/><F126/><W43/><G0/><T124/><D106/><U100/><E100/><V17/><F29/><W109/><G109/><T111/><D111/><U108/><E108/><V70/><F70/><W81/><G11/><T45/><D45/><U129/><E125/><V33/><F33/><W104/><G104/><T52/><D124/><U3/><E129/><V56/><F56/><W2/><G2/><T71/><D71/><U19/><E122/><V13/><F13/><N who="3" m="9295" /><G43/><T41/><D41/><N who="1" m="25071" /><E3/><V60/><F60/><W44/><G44/><T64/><D64/><N who="1" m="38959" /><E6/><V92/><F4/><RYUUKYOKU ba="0,0" sc="240,-15,270,15,340,-15,150,15" hai1="10,14,19,74,79,113,114" hai3="21,23,48,49,50,81,84,89,95,99" /><INIT seed="3,1,0,4,4,36" ten="225,285,325,165" oya="3" hai0="114,75,87,31,6,96,127,131,27,86,58,118,23" hai1="50,59,51,100,3,19,37,84,1,30,105,17,72" hai2="73,34,123,134,25,70,94,57,119,54,92,24,124" hai3="26,68,4,77,88,133,111,38,109,102,135,22,117"/><W56/><G68/><T83/><D118/><U106/><E37/><V61/><F119/><W132/><G117/><T95/><D127/><U120/><E72/><V47/><F73/><W67/><G102/><T52/><D131/><U0/><E30/><V97/><F124/><W32/><G32/><T103/><D114/><U113/><E84/><V29/><F134/><W78/><G4/><T15/><D75/><U65/><E100/><V43/><F123/><W9/><G9/><N who="0" m="4535" /><D83/><U125/><E125/><V41/><F70/><W8/><G8/><T39/><D39/><U14/><E113/><V115/><F115/><W76/><G38/><T98/><D98/><U130/><E130/><V45/><F25/><W82/><G56/><T63/><AGARI ba="1,0" hai="23,27,31,52,58,63,86,87,95,96,103" m="4535" machi="63" ten="30,2000,0" yaku="8,1,54,1" doraHai="36" who="0" fromWho="0" sc="225,23,285,-6,325,-6,165,-11" /><INIT seed="4,0,0,0,5,96" ten="248,279,319,154" oya="0" hai0="19,80,114,42,28,65,60,78,2,15,50,30,8" hai1="13,57,7,72,1,4,93,92,67,48,79,115,68" hai2="20,26,90,119,5,10,84,22,18,82,11,39,99" hai3="49,61,107,117,98,33,46,104,113,53,81,123,83"/><T135/><D2/><U76/><E1/><V52/><F39/><W69/><G117/><T27/><D114/><U124/><E68/><V70/><F119/><W29/><G113/><T37/><D37/><U59/><E115/><V31/><F70/><W41/><G107/><T74/><D135/><U6/><E72/><V45/><F5/><W129/><G123/><T64/><D28/><U12/><E124/><V3/><F3/><W54/><G129/><T103/><D60/><U121/><E121/><V38/><F99/><W111/><G111/><T125/><D125/><U66/><E7/><V35/><F35/><W131/><G131/><T44/><REACH who="0" step="1"/><D103/><REACH who="0" ten="238,279,319,154" step="2"/><U91/><E48/><N who="2" m="28687" /><F38/><W127/><G127/><T87/><D87/><U94/><E67/><V106/><F106/><W51/><G29/><T97/><D97/><U112/><E66/><V101/><F101/><W9/><G33/><AGARI ba="0,1" hai="8,15,19,27,30,33,42,44,50,64,65,74,78,80" machi="33" ten="30,2900,0" yaku="1,1,7,1,53,0" doraHai="96" doraHaiUra="108" who="0" fromWho="3" sc="238,39,279,0,319,0,154,-29" /><INIT seed="4,1,0,2,4,109" ten="277,279,319,125" oya="0" hai0="113,66,130,95,63,134,50,115,67,5,102,1,12" hai1="28,106,118,17,60,18,49,79,47,4,135,33,125" hai2="38,13,108,96,104,76,42,55,87,9,122,0,91" hai3="31,10,61,103,11,89,112,54,2,126,8,88,21"/><T14/><D130/><U53/><E118/><V29/><F108/><W23/><G2/><T114/><D134/><U36/><E106/><V93/><F122/><W69/><G126/><T62/><D50/><U57/><E135/><V19/><F0/><W120/><G103/><T85/><D1/><U25/><E125/><V27/><F104/><W37/><G37/><T83/><D95/><U107/><E107/><V97/><F76/><W24/><G120/><T71/><D102/><U81/><E4/><V84/><F84/><W44/><G69/><N who="0" m="42199" /><D5/><U22/><E36/><V92/><F92/><W100/><G100/><T74/><D74/><U41/><REACH who="1" step="1"/><E33/><REACH who="1" ten="277,269,319,125" step="2"/><V51/><F38/><W16/><G112/><T48/><D48/><U7/><E7/><V78/><F51/><W127/><G127/><T39/><D39/><U32/><E32/><V121/><F121/><W26/><G44/><T35/><D35/><U58/><E58/><AGARI ba="1,1" hai="8,10,11,16,21,23,24,26,31,54,58,61,88,89" machi="58" ten="40,5200,0" yaku="8,1,54,2" doraHai="109" who="3" fromWho="1" sc="277,0,269,-55,319,0,125,65" /><INIT seed="5,0,0,3,0,14" ten="277,214,319,190" oya="1" hai0="60,66,39,22,31,89,44,2,34,110,59,120,41" hai1="32,90,102,29,67,127,92,19,8,52,54,94,103" hai2="99,57,51,70,119,47,40,114,80,105,24,33,42" hai3="112,7,72,35,101,74,131,9,75,118,98,45,91"/><U71/><E127/><V30/><F119/><W77/><G35/><T134/><D110/><U20/><E71/><V68/><F42/><W73/><G118/><T132/><D2/><U106/><E106/><V5/><F5/><W117/><G117/><T122/><D34/><U27/><E67/><V46/><F46/><W129/><G45/><T84/><D31/><U23/><E8/><V109/><F109/><W123/><G9/><T4/><D4/><U79/><E79/><V65/><F80/><N who="3" m="45119" /><G7/><T126/><D126/><U1/><E1/><V12/><F12/><W128/><G123/><N who="0" m="47147" /><D22/><U49/><E32/><V121/><F121/><W63/><G63/><T26/><D26/><N who="1" m="14623" /><E92/><AGARI ba="0,0" hai="39,41,44,59,60,66,84,89,92,132,134" m="47147" machi="92" ten="30,1000,0" yaku="13,1" doraHai="14" who="0" fromWho="1" sc="277,10,214,-10,319,0,190,0" /><INIT seed="6,0,0,5,1,135" ten="287,204,319,190" oya="2" hai0="116,24,19,61,66,87,118,94,101,93,20,10,26" hai1="58,35,68,89,43,64,123,0,117,104,112,45,31" hai2="75,47,128,62,72,11,25,105,113,34,42,32,119" hai3="27,8,106,134,121,109,110,50,37,120,4,95,49"/><V111/><F119/><N who="0" m="45610" /><D101/><U53/><E117/><V86/><F105/><W133/><G106/><T55/><D55/><U131/><E104/><V96/><F96/><W80/><G80/><T1/><D87/><U14/><E0/><V70/><F86/><W38/><G95/><T73/><D73/><U103/><E103/><V18/><F18/><W48/><G27/><T30/><D1/><U22/><E35/><V132/><F11/><W51/><N who="3" m="12288" /><DORA hai="5" /><W54/><G54/><T65/><D65/><U114/><E64/><N who="2" m="41239" /><F34/><W129/><G129/><T59/><D10/><U74/><E68/><V16/><F128/><W12/><G38/><T108/><D108/><N who="3" m="41577" /><G37/><T122/><D122/><N who="3" m="47209" /><G12/><T63/><D63/><U52/><E123/><V76/><F111/><W126/><G8/><T44/><D44/><U100/><E131/><V28/><F75/><W79/><G4/><T29/><D29/><U78/><E31/><V99/><F72/><W85/><G85/><T41/><D30/><U81/><E74/><V83/><F28/><W102/><G102/><T57/><D26/><U92/><E100/><V40/><F25/><W130/><G79/><T125/><D94/><U97/><E78/><V69/><F76/><W124/><G130/><T82/><D93/><U107/><E107/><V127/><F83/><W23/><G23/><T98/><D82/><U7/><E81/><V13/><F13/><W39/><G39/><T56/><D20/><U46/><E22/><V2/><F32/><W9/><G9/><T88/><D24/><U60/><E53/><V71/><F47/><N who="1" m="17929" /><E43/><V36/><F40/><RYUUKYOKU ba="0,0" sc="287,-15,204,15,319,-15,190,15" hai1="7,14,52,58,60,89,92,97,112,114" hai3="124,126,133,134" /><INIT seed="7,1,0,2,4,122" ten="272,219,304,205" oya="3" hai0="106,83,84,75,96,127,123,27,60,97,46,76,78" hai1="20,86,26,66,25,41,14,111,33,93,70,120,39" hai2="133,134,63,18,119,108,24,52,116,37,131,117,31" hai3="128,65,77,16,73,95,121,53,1,35,45,87,2"/><W23/><G121/><T68/><D106/><U54/><E111/><V115/><F108/><W109/><G109/><T30/><D127/><U28/><E120/><V132/><F115/><W71/><G35/><T91/><D78/><U99/><E70/><V130/><F37/><W104/><G104/><T107/><D107/><U103/><E66/><V112/><F18/><W110/><G110/><T85/><D75/><U64/><E64/><V5/><F5/><W102/><G73/><T21/><D68/><U129/><E129/><N who="2" m="49163" /><F112/><W43/><G128/><T98/><D60/><U10/><E54/><V38/><F38/><W13/><G53/><T113/><D113/><U6/><E86/><V79/><F79/><W92/><G65/><T62/><D62/><U114/><E114/><V4/><F4/><W94/><G71/><T80/><D123/><U44/><E26/><V32/><F52/><W29/><G29/><T36/><D36/><U12/><E33/><V51/><F51/><N who="3" m="27071" /><G1/><AGARI ba="1,0" hai="1,6,10,12,14,20,25,28,39,41,44,93,99,103" machi="1" ten="30,1000,0" yaku="7,1" doraHai="122" who="1" fromWho="3" sc="272,0,219,13,304,0,205,-13" owari="272,7.0,232,-17.0,304,41.0,192,-31.0" /></mjloggm>