<mjloggm ver="2.3"><GO type="169" lobby="0"/><UN n0="%E6%BA%9D%E5%86%85%E5%A4%A7%E6%A8%B9" n1="%4A%57%35%35" n2="%E9%9D%92%E3%83%99%E3%82%AC" n3="%E3%82%A6%E3%83%AB%E3%83%88%E3%83%A9%E7%AB%8B%E7%9B%B4" dan="16,16,16,17" rate="2076.17,2066.10,2083.90,2210.73" sx="M,M,F,M"/><TAIKYOKU oya="0"/><INIT seed="0,0,0,0,3,46" ten="250,250,250,250" oya="0" hai0="41,11,90,14,106,45,22,73,116,52,93,7,107" hai1="24,19,126,124,25,85,95,53,57,8,98,28,96" hai2="4,34,55,10,114,84,81,120,104,60,78,37,118" hai3="64,62,56,119,76,18,59,61,20,5,101,128,40"/><T113/><D116/><U123/><E123/><V31/><F118/><W75/><G119/><T29/><D73/><U109/><E109/><V94/><F104/><W131/><G5/><T125/><D113/><U117/><E117/><V68/><F120/><W88/><G101/><T135/><D135/><U72/><E72/><V23/><F34/><W133/><G76/><T9/><D125/><N who="1" m="48235" /><E85/><V33/><F37/><W134/><G40/><T50/><D11/><U122/><E122/><V132/><F33/><W69/><G88/><T26/><REACH who="0" step="1"/><D41/><REACH who="0" ten="240,250,250,250" step="2"/><U17/><E8/><V0/><F132/><W43/><G43/><T3/><D3/><U44/><E25/><V103/><F10/><W91/><G75/><T67/><D67/><U21/><E28/><V89/><F0/><W49/><G134/><T6/><D6/><U108/><E108/><V65/><F4/><W97/><G133/><T129/><D129/><U2/><E2/><V112/><F31/><W86/><G131/><T27/><D27/><U102/><E24/><V15/><F65/><W36/><G64/><T1/><D1/><U16/><E19/><V38/><F114/><W111/><G18/><T92/><D92/><U100/><E17/><V58/><F94/><W32/><G128/><T35/><D35/><U12/><E95/><V70/><F112/><W77/><G32/><T82/><D82/><U80/><E80/><V121/><F81/><W71/><G111/><T39/><D39/><U48/><E16/><N who="2" m="10655" /><F38/><W42/><G36/><T74/><D74/><U66/><E66/><V115/><F115/><W63/><G42/><RYUUKYOKU ba="0,1" sc="240,30,250,-10,250,-10,250,-10" hai0="7,9,14,22,26,29,45,50,52,90,93,106,107" /><INIT seed="0,1,1,1,4,111" ten="270,240,240,240" oya="0" hai0="19,110,119,93,130,27,84,69,106,42,49,107,26" hai1="96,2,15,75,73,88,133,45,56,48,125,134,33" hai2="87,59,90,60,7,0,97,80,39,86,94,118,98" hai3="92,16,70,71,23,41,10,112,100,54,114,35,72"/><T47/><D119/><U78/><E2/><V128/><F128/><W79/><G35/><T63/><D130/><U129/><E33/><V64/><F118/><W58/><G41/><T28/><D110/><U123/><E129/><V37/><F37/><W20/><G20/><T101/><D19/><U1/><E123/><V30/><F39/><W109/><G109/><T46/><D46/><U126/><E1/><V4/><F30/><W44/><G44/><T85/><D27/><U36/><E56/><V91/><REACH who="2" step="1"/><F0/><REACH who="2" ten="270,240,230,240" step="2"/><W66/><G66/><T52/><D28/><U95/><E36/><V32/><F32/><W74/><G10/><T113/><D113/><U82/><E133/><V17/><F17/><W31/><G31/><T6/><D6/><AGARI ba="1,2" hai="4,6,7,59,60,64,80,86,87,90,91,94,97,98" machi="6" ten="40,5200,0" yaku="1,1,8,1,53,1" doraHai="111" doraHaiUra="53" who="2" fromWho="0" sc="270,-55,240,0,230,75,240,0" /><INIT seed="1,0,0,2,1,53" ten="215,240,305,240" oya="1" hai0="70,6,12,118,38,98,115,49,5,34,87,33,88" hai1="48,11,60,3,134,7,72,94,89,82,122,10,73" hai2="119,111,116,83,4,39,23,102,9,126,71,24,8" hai3="14,51,35,32,56,117,2,132,95,106,101,40,63"/><U125/><E122/><V47/><F71/><W44/><G2/><T66/><D38/><U86/><E134/><V45/><F102/><W124/><G132/><T19/><D118/><U80/><E125/><V67/><F67/><W52/><G124/><T41/><D115/><U108/><E108/><V107/><F107/><W0/><G0/><T77/><D77/><U55/><E60/><V62/><F62/><W99/><G117/><T27/><D98/><U127/><E127/><V29/><F126/><W43/><G43/><T100/><D100/><U130/><E130/><V26/><F111/><W105/><REACH who="3" step="1"/><G14/><REACH who="3" ten="215,240,305,230" step="2"/><T91/><D12/><U93/><E3/><V135/><F135/><W96/><G96/><T79/><D41/><U57/><E73/><V31/><F119/><W131/><G131/><T76/><D27/><U15/><E11/><V69/><F24/><W120/><G120/><T121/><D121/><U75/><E75/><V109/><F26/><W128/><G128/><T61/><D34/><AGARI ba="0,1" hai="32,34,35,40,44,51,52,56,63,95,99,101,105,106" machi="34" ten="40,5200,0" yaku="1,1,52,1,54,1,53,0" doraHai="53" doraHaiUra="113" who="3" fromWho="0" sc="215,-52,240,0,305,0,230,62" /><INIT seed="2,0,0,2,0,81" ten="163,240,305,292" oya="2" hai0="119,132,86,110,38,20,21,107,121,35,37,56,109" hai1="95,47,113,7,127,57,45,44,106,16,131,5,63" hai2="28,61,1,42,19,73,36,10,92,98,33,9,134" hai3="64,128,4,77,14,111,75,70,32,51,31,22,108"/><V90/><F73/><W30/><G32/><T59/><D35/><U6/><E113/><V122/><F122/><W69/><G64/><T130/><D121/><U124/><E106/><V2/><F134/><W87/><G75/><T120/><D120/><U126/><E95/><V55/><F42/><W62/><G62/><T34/><D34/><U67/><E16/><V135/><F36/><N who="0" m="13930" /><D132/><U112/><E112/><V27/><F135/><W94/><G51/><T79/><D107/><U93/><E93/><V66/><F55/><W39/><G39/><T17/><D130/><AGARI ba="0,0" hai="5,6,7,44,45,47,57,63,67,124,126,127,130,131" machi="130" ten="50,6400,0" yaku="29,2,18,1" doraHai="81" who="1" fromWho="0" sc="163,-64,240,64,305,0,292,0" /><INIT seed="3,0,0,0,2,2" ten="99,304,305,292" oya="3" hai0="5,60,118,79,127,81,67,3,112,26,83,121,104" hai1="80,98,19,96,15,95,18,120,61,82,13,68,103" hai2="11,101,53,91,31,34,54,90,74,7,62,124,69" hai3="132,49,88,58,110,99,126,46,100,20,131,10,71"/><W41/><G71/><T73/><D127/><U29/><E120/><V105/><F124/><W86/><G110/><T52/><D121/><U85/><E29/><V39/><F39/><W24/><G126/><T59/><D118/><U43/><E43/><V115/><F74/><W30/><G131/><T109/><D109/><U23/><E85/><V94/><F115/><W133/><G58/><T50/><D112/><U36/><E36/><V28/><F105/><W77/><G77/><T130/><D104/><U40/><E40/><V92/><F101/><W122/><G122/><T44/><D130/><U129/><E129/><V0/><F54/><W16/><G10/><T57/><D81/><U87/><E87/><V116/><F34/><W21/><G99/><T113/><D113/><U35/><E35/><V89/><F116/><W4/><G100/><T134/><D134/><U12/><E98/><V25/><F53/><W119/><G4/><T97/><D97/><U56/><E68/><V32/><REACH who="2" step="1"/><F31/><REACH who="2" ten="99,304,295,292" step="2"/><W55/><G55/><T70/><REACH who="0" step="1"/><D26/><REACH who="0" ten="89,304,295,292" step="2"/><N who="1" m="14711" /><E19/><V33/><F33/><W78/><G119/><T108/><D108/><U8/><E103/><V6/><F6/><W117/><G117/><T42/><D42/><U66/><E96/><V22/><F22/><W125/><G125/><T75/><D75/><U9/><E9/><AGARI ba="0,2" hai="3,5,9,44,50,52,57,59,60,67,70,73,79,83" machi="9" ten="40,5200,0" yaku="1,1,52,1,54,1,53,0" doraHai="2" doraHaiUra="17" who="0" fromWho="1" sc="89,72,304,-52,295,0,292,0" /><INIT seed="4,0,0,5,2,93" ten="161,252,295,292" oya="0" hai0="30,98,134,65,9,75,63,51,130,69,113,1,47" hai1="77,79,86,13,43,99,128,89,120,70,50,38,110" hai2="72,55,67,6,52,95,85,14,58,121,62,109,119" hai3="24,2,97,37,91,46,34,48,17,8,112,104,25"/><T132/><D75/><U57/><E120/><V133/><F72/><W94/><G112/><T21/><D113/><U82/><E70/><V23/><F109/><W80/><G37/><T66/><D66/><U125/><E110/><V96/><F133/><N who="0" m="51306" /><D130/><U108/><E108/><V64/><F121/><W56/><G104/><T76/><D76/><U28/><E128/><V3/><F3/><W114/><G34/><T61/><D61/><U117/><E117/><V5/><F85/><N who="3" m="50599" /><G2/><T54/><D98/><U10/><E125/><V49/><F119/><W15/><G114/><T40/><D40/><U0/><E0/><V87/><F87/><W73/><G73/><T20/><D30/><U81/><E79/><V78/><F78/><W118/><G118/><T129/><D129/><U71/><E28/><V127/><F127/><W135/><G135/><T68/><D68/><U122/><E71/><V11/><F64/><W102/><G56/><T33/><D33/><U105/><E122/><V116/><F67/><W32/><G32/><T27/><D27/><U103/><E57/><N who="2" m="32911" /><F116/><W83/><G83/><T123/><D123/><U107/><E81/><V106/><F106/><W4/><G4/><AGARI ba="0,0" hai="1,4,9,20,21,47,51,54,63,65,69" m="51306" machi="4" ten="30,1500,0" yaku="20,1" doraHai="93" who="0" fromWho="3" sc="161,15,252,0,295,0,292,-15" /><INIT seed="4,1,0,5,3,67" ten="176,252,295,277" oya="0" hai0="8,104,71,109,77,34,26,55,42,108,103,102,47" hai1="53,58,97,119,29,13,114,18,25,73,74,117,115" hai2="46,90,118,123,35,101,89,5,83,129,105,38,7" hai3="4,68,125,86,132,59,69,78,40,21,82,63,81"/><T133/><D133/><U121/><E97/><V1/><F118/><N who="1" m="45065" /><E58/><V43/><F123/><W15/><G125/><T94/><D104/><U134/><E53/><V88/><F35/><W51/><G132/><T17/><D77/><U79/><E79/><V98/><F129/><W127/><G127/><T96/><D102/><U41/><E41/><V92/><F1/><W12/><G12/><N who="0" m="7303" /><D55/><U70/><E134/><V19/><F83/><W93/><G82/><T61/><D61/><U57/><E57/><V112/><F112/><N who="1" m="43049" /><E70/><V16/><REACH who="2" step="1"/><F105/><REACH who="2" ten="176,252,285,277" step="2"/><W120/><G81/><T36/><D94/><U95/><E95/><V66/><F66/><W0/><G93/><T52/><D108/><U50/><E121/><V10/><F10/><W28/><G120/><T32/><D109/><U85/><E85/><V87/><F87/><W91/><G86/><T111/><D111/><U84/><E84/><V113/><F113/><W62/><G78/><T33/><D96/><U107/><E107/><V11/><F11/><W30/><G0/><T64/><D64/><U3/><E3/><V128/><F128/><W6/><G63/><T2/><D2/><U56/><E74/><V135/><F135/><W27/><G62/><T37/><D34/><U106/><E106/><V116/><F116/><W49/><G51/><T48/><D33/><N who="1" m="20655" /><E73/><V24/><F24/><W22/><G27/><T54/><D48/><U9/><E50/><V45/><F45/><W100/><G49/><T20/><D47/><U72/><E72/><V44/><F44/><W39/><G40/><T131/><D42/><U31/><E9/><RYUUKYOKU ba="1,1" sc="176,-10,252,-10,285,30,277,-10" hai2="5,7,16,19,38,43,46,88,89,90,92,98,101" /><INIT seed="5,2,1,1,3,0" ten="166,242,315,267" oya="1" hai0="15,14,40,110,36,56,81,21,116,49,29,89,67" hai1="120,113,54,77,118,25,44,106,133,123,117,52,2" hai2="131,30,10,33,68,96,72,66,34,85,32,20,60" hai3="121,73,18,64,39,27,17,122,57,107,31,90,9"/><U69/><E106/><V24/><F72/><W11/><G107/><T84/><D110/><U79/><E2/><V46/><F131/><W112/><G39/><T86/><D116/><N who="1" m="44651" /><E69/><V135/><F135/><W125/><G73/><T47/><D36/><U119/><E25/><V76/><F96/><W74/><G74/><T7/><D84/><U59/><E119/><V92/><F46/><W71/><G71/><T95/><D95/><U26/><E26/><V115/><F115/><W63/><G112/><T100/><D100/><U28/><E113/><V129/><F129/><W5/><G90/><T51/><D29/><U87/><E87/><V83/><F92/><W134/><G134/><T102/><D102/><U114/><E114/><V111/><F111/><W3/><G11/><T16/><D67/><U80/><E80/><V70/><F70/><W35/><REACH who="3" step="1"/><G125/><REACH who="3" ten="166,242,315,257" step="2"/><T42/><D56/><U127/><E127/><V82/><F10/><W105/><G105/><T104/><D104/><U65/><E133/><V91/><F34/><W43/><G43/><N who="0" m="16427" /><D47/><U50/><E77/><V22/><F33/><W97/><G97/><T53/><D53/><U98/><E79/><V19/><F32/><W8/><G8/><AGARI ba="2,2" hai="7,8,14,15,16,21,49,51,81,86,89" m="16427" machi="8" ten="30,3900,0" yaku="8,1,52,1,54,1" doraHai="0" who="0" fromWho="3" sc="166,65,242,0,315,0,257,-45" /><INIT seed="6,0,0,3,3,83" ten="231,242,315,212" oya="2" hai0="34,38,104,22,68,98,121,103,20,60,116,130,118" hai1="71,97,37,62,100,113,99,13,55,94,7,133,77" hai2="63,24,47,56,53,1,2,31,127,58,51,48,40" hai3="120,49,93,18,134,12,35,4,109,11,8,70,88"/><V135/><F135/><W44/><G35/><T32/><D121/><U101/><E133/><V73/><F127/><W14/><G70/><T3/><D38/><U72/><E37/><V65/><REACH who="2" step="1"/><F73/><REACH who="2" ten="231,242,305,212" step="2"/><W28/><G134/><T42/><D118/><U80/><E113/><V21/><AGARI ba="0,1" hai="1,2,21,24,31,40,47,48,51,53,56,58,63,65" machi="21" ten="20,7800,0" yaku="1,1,2,1,0,1,7,1,53,0" doraHai="83" doraHaiUra="129" who="2" fromWho="2" sc="231,-26,242,-26,305,88,212,-26" /><INIT seed="6,1,0,2,4,107" ten="205,216,393,186" oya="2" hai0="60,28,131,8,101,49,19,127,20,94,116,9,32" hai1="122,74,26,39,40,57,29,135,95,16,79,119,120" hai2="114,112,104,48,6,45,93,42,129,11,34,113,7" hai3="50,62,66,106,0,77,82,134,98,96,71,111,13"/><V110/><F110/><W133/><G0/><T115/><D127/><U59/><E119/><V23/><F34/><W55/><G111/><T68/><D116/><U118/><E118/><V47/><F104/><W15/><G15/><T67/><D131/><U88/><E135/><N who="3" m="51722" /><G13/><T63/><D115/><U35/><E40/><V1/><F129/><W123/><G106/><T31/><D49/><U117/><E39/><V87/><F7/><W44/><G123/><N who="1" m="47146" /><E117/><V90/><F23/><W86/><AGARI ba="1,0" hai="44,50,55,62,66,71,77,82,86,96,98" m="51722" machi="86" ten="30,1100,0" yaku="20,1" doraHai="107" who="3" fromWho="3" sc="205,-4,216,-4,393,-6,186,14" /><INIT seed="7,0,0,0,4,70" ten="201,212,387,200" oya="3" hai0="116,18,93,22,29,118,20,102,84,40,127,38,45" hai1="14,64,131,12,26,89,73,15,55,41,103,133,30" hai2="37,53,75,36,122,110,129,42,44,106,114,10,35" hai3="112,134,16,0,32,3,86,104,11,99,113,60,50"/><W128/><G32/><T65/><D127/><U23/><E73/><V59/><F106/><W105/><G50/><T33/><D65/><U130/><E103/><V1/><F75/><W111/><G99/><T51/><D33/><U34/><E64/><V80/><F35/><W76/><G60/><T61/><D61/><U58/><E41/><V21/><F1/><N who="3" m="587" /><G111/><T5/><D5/><U90/><E133/><V54/><F110/><W123/><G123/><T57/><D29/><U85/><E23/><V108/><F21/><W46/><G46/><T68/><D68/><U17/><E17/><V120/><F44/><W31/><G31/><T115/><D115/><N who="3" m="44105" /><G134/><T124/><D124/><U119/><E119/><V52/><F114/><W63/><G63/><T13/><D22/><U69/><E69/><V48/><F48/><W96/><G96/><T74/><D102/><U66/><E66/><V126/><F108/><W39/><G39/><T79/><D38/><U135/><E135/><V24/><F37/><W125/><G125/><T109/><D109/><U88/><E58/><V92/><F36/><W28/><G28/><T2/><D57/><U67/><E67/><V82/><F126/><W9/><G128/><N who="1" m="49194" /><E55/><V47/><F129/><W27/><G27/><T132/><D132/><U8/><E8/><N who="3" m="3146" /><G16/><T62/><D118/><U94/><AGARI ba="0,0" hai="12,14,15,26,30,34,85,88,89,90,94" m="49194" machi="94" ten="30,2000,0" yaku="19,1,54,1" doraHai="70" who="1" fromWho="1" sc="201,-5,212,20,387,-5,200,-10" owari="196,-20.0,232,3.0,382,48.0,190,-31.0" /></mjloggm>