<mjloggm ver="2.3"><GO type="169" lobby="0"/><UN n0="%6D%61%63%6A%72" n1="%6E%65%6F%40%75%6E%69" n2="%E5%B0%B1%E6%B4%BB%E7%94%9F%40%E5%B7%9D%E6%9D%91%E8%BB%8D%E5%9B%A3" n3="%7A%65%6C%64%65%6E" dan="17,19,16,18" rate="2152.53,2265.70,2071.80,2250.53" sx="M,M,M,M"/><TAIKYOKU oya="0"/><INIT seed="0,0,0,5,1,115" ten="250,250,250,250" oya="0" hai0="35,60,107,22,42,101,123,37,117,12,38,132,25" hai1="111,76,50,100,41,54,63,126,116,5,122,55,40" hai2="21,93,2,19,23,130,72,8,11,90,62,96,104" hai3="7,108,78,135,81,13,46,53,51,112,16,45,105"/><T61/><D123/><U44/><E100/><V43/><F130/><W15/><G112/><T0/><D0/><U85/><E122/><V77/><F43/><W99/><G108/><T33/><D132/><U4/><E116/><V82/><F2/><W49/><G135/><T131/><D131/><U98/><E98/><V31/><F104/><W120/><G120/><T27/><D12/><U87/><E126/><V89/><F89/><W128/><G128/><T68/><D42/><U127/><E127/><V73/><F73/><W18/><G105/><T102/><D107/><U94/><E94/><V59/><F31/><W3/><G3/><T125/><D125/><U110/><E50/><V56/><F23/><W14/><G99/><T39/><D39/><U65/><E63/><V133/><F59/><W24/><G24/><T66/><D22/><U103/><E103/><V6/><F6/><W83/><G7/><T26/><D26/><U69/><E65/><V86/><F72/><W74/><REACH who="3" step="1"/><G83/><REACH who="3" ten="250,250,250,240" step="2"/><T119/><D66/><U67/><E67/><N who="2" m="39367" /><F133/><W64/><G64/><T106/><REACH who="0" step="1"/><D106/><REACH who="0" ten="240,250,250,240" step="2"/><U92/><E111/><V17/><F17/><W71/><G71/><AGARI ba="0,2" hai="25,27,33,35,37,38,60,61,68,71,101,102,117,119" machi="71" ten="25,18000,2" yaku="1,1,2,1,22,2,52,2,53,0" doraHai="115" doraHaiUra="10" who="0" fromWho="3" sc="240,200,250,0,250,0,240,-180" /><INIT seed="0,1,0,1,3,0" ten="440,250,250,60" oya="0" hai0="20,52,46,89,119,61,67,59,32,135,110,114,76" hai1="105,87,111,48,109,118,130,103,85,34,96,81,1" hai2="126,66,38,74,36,80,7,125,104,108,90,121,50" hai3="112,79,68,106,2,91,97,3,10,78,28,35,124"/><T60/><D32/><U100/><E34/><V73/><F104/><W102/><G112/><T131/><D114/><U115/><E115/><V120/><F66/><W22/><G124/><N who="2" m="47721" /><F50/><W21/><G91/><T18/><D119/><U113/><E113/><V39/><F108/><W25/><G3/><T54/><D110/><U15/><E1/><V117/><F117/><W132/><G132/><T42/><D135/><U86/><E130/><V83/><F90/><W6/><REACH who="3" step="1"/><G68/><REACH who="3" ten="440,250,250,50" step="2"/><T29/><D131/><U9/><E109/><V101/><F101/><W44/><G44/><T94/><D76/><AGARI ba="1,1" hai="2,6,10,21,22,25,28,35,76,78,79,97,102,106" machi="76" ten="40,2600,0" yaku="1,1,52,1,53,0" doraHai="0" doraHaiUra="122" who="3" fromWho="0" sc="440,-29,250,0,250,0,50,39" /><INIT seed="1,0,0,5,0,81" ten="411,250,250,89" oya="1" hai0="60,64,66,41,82,4,57,119,120,129,79,24,21" hai1="108,28,80,96,118,89,99,121,94,2,126,112,13" hai2="128,72,62,103,131,90,67,115,15,54,65,117,86" hai3="122,75,84,93,32,6,14,50,52,92,48,110,56"/><U106/><E2/><V61/><F72/><W133/><G75/><T125/><D119/><U20/><E121/><V10/><F117/><W70/><G122/><T134/><D120/><U83/><E112/><V53/><F103/><W101/><G70/><T33/><D33/><U31/><E118/><V111/><F111/><W88/><G32/><T36/><D125/><U87/><E126/><V1/><F1/><W40/><G133/><T130/><D134/><U58/><E83/><N who="2" m="49503" /><F115/><W0/><G0/><T29/><D4/><U135/><E135/><V132/><F132/><W55/><G110/><T3/><D3/><U19/><E108/><V116/><F116/><W23/><G40/><T102/><D102/><U18/><E106/><V26/><F26/><W27/><G6/><T104/><D104/><U100/><E99/><V78/><F78/><W8/><G8/><T22/><D22/><N who="1" m="11599" /><E58/><V127/><F127/><W16/><G27/><AGARI ba="0,0" hai="19,20,27,28,31,80,87,89,94,96,100" m="11599" machi="27" ten="30,2900,0" yaku="8,1,52,1" doraHai="81" who="1" fromWho="3" sc="411,0,250,29,250,0,89,-29" /><INIT seed="1,1,0,2,4,90" ten="411,279,250,60" oya="1" hai0="56,115,21,77,24,52,71,101,99,39,66,107,28" hai1="74,85,73,118,91,50,96,129,127,11,64,122,29" hai2="54,58,119,36,112,81,70,79,6,89,32,30,108" hai3="104,131,31,2,1,76,83,121,88,126,42,82,53"/><U47/><E122/><V67/><F36/><W23/><G121/><T16/><D39/><U9/><E118/><V125/><F119/><W35/><G35/><T27/><D115/><U117/><E117/><V68/><F125/><W37/><G104/><T130/><D130/><U3/><E129/><V61/><F108/><W45/><G131/><T124/><D124/><U110/><E29/><V38/><F38/><W10/><G126/><T134/><D134/><U40/><E64/><V75/><F6/><W43/><G43/><T100/><D77/><U41/><E41/><V49/><F112/><W123/><G123/><T116/><D116/><U94/><E110/><V20/><F32/><W95/><G53/><T93/><D71/><U12/><E127/><V63/><F89/><W103/><G103/><T0/><D0/><U4/><REACH who="1" step="1"/><E96/><REACH who="1" ten="411,269,250,60" step="2"/><V128/><F128/><W113/><G113/><T26/><D66/><U33/><E33/><V15/><F70/><W55/><G55/><T72/><D28/><U59/><E59/><V97/><F97/><W84/><G82/><T8/><D56/><U57/><E57/><V106/><F68/><W114/><G114/><T78/><D52/><U105/><E105/><V69/><F106/><W102/><G31/><T34/><D34/><U109/><E109/><V87/><F63/><W19/><G83/><T65/><D65/><U80/><E80/><V120/><F120/><W133/><G133/><T14/><D107/><U132/><E132/><V18/><F30/><W17/><G42/><T51/><D99/><U86/><E86/><V60/><F87/><RYUUKYOKU ba="1,1" sc="411,-15,269,15,250,15,60,-15" hai1="3,4,9,11,12,40,47,50,73,74,85,91,94" hai2="15,18,20,49,54,58,60,61,67,69,75,79,81" /><INIT seed="1,2,1,4,2,100" ten="396,284,265,45" oya="1" hai0="66,93,103,127,133,0,104,126,20,56,116,23,122" hai1="121,134,29,18,30,3,85,89,46,45,123,82,117" hai2="9,22,87,83,109,132,79,1,106,61,120,70,125" hai3="59,28,81,7,19,26,68,8,17,71,96,6,129"/><U92/><E117/><V58/><F120/><W98/><G129/><T64/><D116/><U41/><E3/><V4/><F109/><W13/><G68/><T49/><D0/><U84/><E134/><V113/><F125/><W99/><G71/><T12/><D104/><U114/><E114/><V16/><F132/><W112/><G112/><T118/><D118/><U80/><E92/><V78/><F113/><W65/><G81/><T11/><D133/><U32/><E18/><V2/><F70/><W36/><G36/><T102/><D122/><U88/><E41/><V124/><F124/><W94/><G7/><T77/><D77/><U21/><E21/><V10/><F106/><W25/><G25/><T115/><D115/><U33/><AGARI ba="2,1" hai="29,30,32,33,45,46,80,82,84,85,88,89,121,123" machi="33" ten="25,9600,0" yaku="0,1,22,2,54,1" doraHai="100" who="1" fromWho="1" sc="396,-34,284,112,265,-34,45,-34" /><INIT seed="1,3,0,0,4,130" ten="362,396,231,11" oya="1" hai0="77,20,4,36,39,33,117,11,44,19,95,17,80" hai1="40,109,9,122,127,114,52,29,57,84,30,63,71" hai2="42,89,8,135,105,56,99,64,21,28,129,13,96" hai3="31,97,0,34,25,24,35,133,113,107,74,41,87"/><U86/><E122/><V125/><F129/><W47/><G113/><T85/><D33/><U66/><E114/><V62/><F125/><W81/><G0/><T18/><D117/><U73/><E73/><V26/><F42/><W131/><G131/><T72/><D20/><U5/><E40/><V119/><F119/><W32/><G25/><T14/><D44/><U112/><E112/><V27/><F105/><W54/><G54/><T83/><REACH who="0" step="1"/><D95/><REACH who="0" ten="352,396,231,11" step="2"/><U15/><E127/><V132/><F27/><W104/><G133/><N who="2" m="51273" /><F89/><AGARI ba="3,1" hai="4,11,14,17,18,19,36,39,72,77,80,83,85,89" machi="89" ten="40,1300,0" yaku="1,1,53,0" doraHai="130" doraHaiUra="53" who="0" fromWho="2" sc="352,32,396,0,231,-22,11,0" /><INIT seed="2,0,0,0,3,20" ten="384,396,209,11" oya="2" hai0="109,108,47,133,121,113,126,111,93,72,124,127,32" hai1="118,79,0,18,83,117,62,101,130,27,31,33,99" hai2="75,51,3,102,105,77,25,74,54,42,78,34,39" hai3="6,66,132,95,120,1,87,134,4,7,135,112,53"/><V21/><F34/><W92/><G1/><T115/><D133/><U125/><E18/><V68/><F68/><W8/><G66/><T37/><D121/><U5/><E125/><V76/><F3/><W55/><G8/><T128/><D128/><U50/><E50/><V10/><F10/><W57/><G120/><T40/><D72/><N who="1" m="43495" /><E130/><V106/><F42/><W60/><G112/><N who="0" m="43083" /><D93/><N who="3" m="35913" /><G87/><T123/><D123/><U2/><E62/><V9/><F39/><W122/><G122/><T24/><D124/><U30/><E30/><AGARI ba="0,0" hai="24,30,32,37,40,47,108,109,111,126,127" m="43083" machi="30" ten="40,5200,0" yaku="14,1,23,1,52,1" doraHai="20" who="0" fromWho="1" sc="384,52,396,-52,209,0,11,0" /><INIT seed="3,0,0,3,2,87" ten="436,344,209,11" oya="3" hai0="49,92,80,63,25,6,107,55,61,84,127,48,112" hai1="93,129,59,77,67,58,28,52,23,105,27,128,39" hai2="42,9,47,68,54,131,29,21,40,20,45,122,43" hai3="91,73,106,11,5,120,110,82,72,69,96,86,34"/><W65/><G120/><T97/><D107/><U66/><E39/><V71/><F122/><W125/><G125/><T44/><D127/><U51/><E105/><V24/><F131/><N who="1" m="50249" /><E77/><V75/><F75/><W30/><G110/><T124/><D124/><U117/><E117/><V22/><F9/><W2/><G65/><T64/><D112/><U19/><E59/><V16/><F54/><W115/><G69/><T88/><D6/><U130/><N who="1" m="50257" /><U116/><DORA hai="83" /><E116/><V90/><F90/><W8/><G115/><T119/><D119/><U46/><E58/><V111/><F111/><W12/><G30/><T26/><D49/><U76/><E76/><V85/><F85/><W13/><G34/><T18/><D18/><U53/><E53/><V134/><F134/><W56/><G56/><N who="0" m="36967" /><D61/><U132/><E132/><V108/><F108/><W95/><G106/><T104/><D104/><U4/><E4/><V37/><F21/><W118/><G118/><T36/><D36/><U101/><E19/><V17/><F29/><W109/><G109/><T38/><D38/><U60/><E60/><V35/><F35/><W126/><G126/><T74/><D74/><U121/><E121/><V62/><F62/><W78/><REACH who="3" step="1"/><G2/><REACH who="3" ten="436,344,209,1" step="2"/><T1/><D1/><U14/><E67/><V7/><F71/><W31/><G31/><T33/><D33/><U102/><E66/><V50/><F68/><W3/><G3/><T89/><AGARI ba="0,1" hai="25,26,44,48,55,80,84,88,89,92,97" m="36967" machi="89" ten="30,8000,1" yaku="8,1,52,3,54,1" doraHai="87,83" who="0" fromWho="0" sc="436,90,344,-20,209,-20,1,-40" owari="526,63.0,324,12.0,189,-21.0,-39,-54.0" /></mjloggm>