<mjloggm ver="2.3"><GO type="41" lobby="0"/><UN n0="%E4%BC%8A%E9%83%A8" n1="%41%47%46" n2="%E5%B0%B1%E6%B4%BB%E7%94%9F%40%E5%B7%9D%E6%9D%91%E8%BB%8D%E5%9B%A3" n3="%68%69%72%6F%70%6F%6E%77" dan="15,14,14,14" rate="1968.70,1979.11,1977.33,1944.10" sx="M,M,M,M"/><TAIKYOKU oya="0"/><INIT seed="0,0,0,5,5,120" ten="250,250,250,250" oya="0" hai0="59,23,121,68,12,126,83,55,7,60,65,98,9" hai1="109,32,99,49,71,48,81,97,95,106,15,19,96" hai2="56,10,76,6,46,116,129,38,63,91,24,2,44" hai3="11,135,67,13,88,105,51,85,27,1,74,41,75"/><T130/><D121/><U26/><E71/><V73/><F116/><W77/><G105/><T101/><D130/><U102/><E81/><N who="2" m="45199" /><F129/><W103/><G103/><T133/><D126/><U104/><E104/><V115/><F46/><W3/><G135/><T33/><D33/><U107/><E107/><V79/><F79/><W84/><G67/><T110/><D133/><U124/><E124/><V70/><F24/><W25/><G3/><T112/><D83/><U89/><E97/><V80/><F80/><N who="3" m="47119" /><G1/><T62/><D23/><U57/><E57/><V108/><F91/><W42/><G74/><T58/><D68/><U54/><E54/><N who="2" m="34199" /><F70/><W117/><G75/><T18/><D112/><U53/><E53/><V82/><F82/><N who="3" m="49207" /><G117/><T28/><D28/><U8/><E26/><N who="3" m="9738" /><G51/><T69/><D69/><U78/><E32/><V66/><F66/><W118/><G118/><T93/><REACH who="0" step="1"/><D7/><AGARI ba="0,0" hai="7,11,13,41,42" m="9738,49207,47119" machi="7" ten="30,2000,0" yaku="8,1,54,1" doraHai="120" who="3" fromWho="0" sc="250,-20,250,0,250,0,250,20" /><INIT seed="1,0,0,3,5,132" ten="230,250,250,270" oya="1" hai0="125,128,101,83,107,25,86,97,11,49,37,60,55" hai1="32,84,70,45,13,67,7,131,65,59,54,46,75" hai2="95,123,76,93,80,96,119,53,90,1,94,10,12" hai3="117,118,102,21,110,15,20,81,29,34,24,135,69"/><U62/><E75/><V78/><F123/><W6/><G69/><T28/><D37/><U39/><E32/><V74/><F119/><N who="3" m="45579" /><G102/><T58/><D128/><U57/><E84/><V71/><F71/><W23/><G81/><T129/><D129/><U5/><E5/><V134/><F134/><W4/><G135/><T22/><D11/><U77/><E77/><V99/><F1/><W121/><G121/><T116/><D116/><U2/><E2/><V115/><F115/><W91/><G91/><T56/><D125/><U79/><E79/><V104/><F76/><W103/><G103/><T130/><D130/><U133/><E65/><V109/><F109/><W87/><G87/><T40/><D40/><U33/><E33/><V120/><F120/><W112/><G112/><T66/><D86/><U111/><E133/><V100/><REACH who="2" step="1"/><F53/><REACH who="2" ten="230,250,240,270" step="2"/><W105/><G110/><T48/><D83/><U19/><E111/><V88/><F88/><W64/><G64/><T27/><D27/><U98/><E54/><V9/><F9/><N who="3" m="4519" /><G105/><T43/><D43/><U3/><E3/><V26/><F26/><W82/><G82/><T113/><D113/><U50/><E70/><V73/><F73/><W122/><G122/><T18/><D28/><U126/><E67/><V14/><F14/><W47/><G47/><T89/><D89/><U36/><E46/><V127/><F127/><W68/><G68/><T8/><D8/><U17/><E126/><V41/><F41/><W31/><G29/><T51/><AGARI ba="0,1" hai="18,22,25,48,49,51,55,56,58,60,66,97,101,107" machi="51" ten="20,1500,0" yaku="0,1,7,1" doraHai="132" who="0" fromWho="0" sc="230,25,250,-7,240,-4,270,-4" /><INIT seed="2,0,0,0,1,62" ten="255,243,236,266" oya="2" hai0="60,121,14,12,125,68,93,23,18,6,11,51,46" hai1="91,63,29,57,30,3,28,54,26,103,109,101,42" hai2="58,41,38,85,73,10,92,7,52,25,115,50,59" hai3="114,83,34,99,44,64,27,134,127,45,102,19,47"/><V76/><F115/><W113/><G127/><T88/><D125/><U17/><E3/><V106/><F106/><W15/><G134/><T75/><D121/><U39/><E109/><V36/><F73/><W110/><G110/><T108/><D108/><U2/><E2/><V97/><F25/><W105/><G83/><T69/><D75/><U77/><E77/><V8/><F58/><W118/><G118/><T0/><D0/><U89/><E39/><V133/><F133/><W100/><G102/><N who="1" m="38922" /><E42/><V95/><F38/><W43/><G43/><T124/><D60/><U123/><E123/><V49/><F36/><W126/><G126/><T1/><D1/><U131/><E131/><V70/><F70/><W79/><G79/><T74/><D74/><U35/><E35/><V72/><F72/><W5/><G5/><T117/><D117/><U90/><E89/><N who="2" m="53295" /><F76/><W120/><G64/><T56/><D56/><U81/><E81/><V119/><F7/><W130/><G130/><T32/><D32/><U37/><E37/><V13/><F13/><W112/><G120/><T40/><REACH who="0" step="1"/><D124/><REACH who="0" ten="245,243,236,266" step="2"/><U65/><E54/><N who="2" m="32207" /><F41/><W78/><G34/><T82/><D82/><U132/><E132/><V33/><F33/><W116/><G116/><T53/><D53/><U48/><E48/><V80/><F80/><W9/><G27/><T67/><D67/><U98/><E98/><AGARI ba="0,1" hai="6,11,12,14,18,23,40,46,51,68,69,88,93,98" machi="98" ten="30,3900,0" yaku="1,1,7,1,54,1,53,0" doraHai="62" doraHaiUra="24" who="0" fromWho="1" sc="245,49,243,-39,236,0,266,0" /><INIT seed="3,0,0,0,1,27" ten="294,204,236,266" oya="3" hai0="111,14,3,38,63,35,77,5,50,32,134,99,44" hai1="71,116,4,17,20,126,80,73,78,66,16,69,114" hai2="84,122,72,90,12,132,43,33,60,128,65,92,130" hai3="85,8,36,135,29,102,45,101,106,9,74,131,49"/><W113/><G113/><T91/><D3/><U118/><E114/><V62/><F72/><W125/><G74/><T24/><D111/><U107/><E107/><V59/><F43/><W13/><G36/><T76/><D38/><U37/><E37/><V103/><F122/><W46/><G125/><T47/><D44/><U109/><E126/><V70/><F132/><W100/><G135/><T95/><D35/><U129/><E129/><V52/><F33/><W121/><G131/><N who="2" m="50217" /><F12/><W83/><G121/><T54/><D63/><U22/><E4/><V21/><F21/><W23/><G106/><T115/><D115/><U88/><E109/><V110/><F110/><W124/><G124/><T1/><D1/><U11/><E11/><N who="3" m="4170" /><G49/><T127/><D127/><U87/><E66/><N who="2" m="41287" /><F103/><W30/><G13/><T89/><D14/><U94/><E71/><V108/><F108/><W123/><G123/><T42/><D5/><U39/><E39/><V64/><AGARI ba="0,0" hai="52,59,62,64,65,84,90,92" m="41287,50217" machi="64" ten="30,2000,0" yaku="19,1,54,1" doraHai="27" who="2" fromWho="2" sc="294,-5,204,-5,236,20,266,-10" /><INIT seed="4,0,0,1,3,47" ten="289,199,256,256" oya="0" hai0="43,127,8,58,68,38,97,44,40,34,26,116,75" hai1="36,119,72,79,88,84,134,46,15,108,59,41,5" hai2="78,14,82,50,2,71,39,105,121,60,135,118,98" hai3="80,81,31,23,45,86,107,89,112,87,129,94,54"/><T133/><D116/><U7/><E108/><V9/><F121/><W83/><G31/><T125/><D133/><U17/><E134/><V11/><F118/><W61/><G23/><T12/><D68/><U114/><E119/><V65/><F135/><W18/><G107/><T30/><D75/><U104/><E104/><V103/><F39/><W101/><G112/><T69/><D69/><U77/><E114/><V126/><F126/><W21/><G129/><T4/><D97/><U6/><E72/><V120/><F120/><W109/><G101/><T56/><D43/><U130/><E59/><V85/><F2/><W55/><G109/><T76/><D76/><U131/><E131/><V32/><F32/><W66/><G45/><T99/><D99/><U62/><E62/><V110/><F110/><W13/><REACH who="3" step="1"/><G87/><REACH who="3" ten="289,199,256,246" step="2"/><T123/><D123/><U117/><E130/><V27/><F27/><W92/><G92/><T102/><D102/><U90/><E117/><V0/><F0/><W10/><G10/><T29/><D29/><U73/><E73/><V16/><F11/><W74/><G74/><T35/><D35/><U132/><E132/><V19/><F9/><W113/><G113/><T1/><D1/><U64/><E84/><V124/><F124/><AGARI ba="0,1" hai="4,8,12,26,30,34,38,40,44,56,58,124,125,127" machi="124" ten="40,2000,0" yaku="18,1" doraHai="47" who="0" fromWho="2" sc="289,30,199,0,256,-20,246,0" /><INIT seed="4,1,0,3,5,74" ten="319,199,236,246" oya="0" hai0="67,37,25,83,58,87,41,4,72,36,51,108,15" hai1="44,2,117,50,46,30,133,63,64,120,18,3,84" hai2="134,17,125,135,126,128,59,109,33,27,70,69,94" hai3="114,13,96,57,82,98,88,95,71,23,61,79,78"/><T99/><D72/><U121/><E117/><V29/><F109/><W1/><G1/><T131/><D131/><U42/><E133/><N who="2" m="50699" /><F17/><N who="3" m="10671" /><G71/><N who="2" m="27145" /><F94/><N who="3" m="56391" /><G114/><T20/><D99/><U123/><E64/><V81/><F81/><W38/><G38/><T40/><D108/><U106/><E63/><V45/><F59/><W52/><G82/><T86/><D87/><U102/><E30/><V14/><F14/><W73/><G73/><T110/><D37/><U80/><E18/><V32/><F32/><W130/><G130/><T75/><D75/><U43/><E106/><V129/><F45/><W11/><G11/><N who="0" m="4583" /><D36/><U34/><E102/><AGARI ba="1,0" hai="52,57,61,78,79,95,98,102" m="56391,10671" machi="102" ten="30,8000,1" yaku="8,1,52,2,54,2" doraHai="74" who="3" fromWho="1" sc="319,0,199,-83,236,0,246,83" /><INIT seed="5,0,0,4,3,124" ten="319,116,236,329" oya="1" hai0="92,97,15,40,52,62,107,81,30,37,111,0,1" hai1="28,74,44,53,116,87,114,135,129,43,59,16,67" hai2="80,60,113,93,34,33,99,26,91,2,3,125,94" hai3="134,12,115,112,32,90,79,132,24,20,75,42,23"/><U48/><E116/><V106/><F125/><W64/><G32/><T38/><D107/><U82/><E74/><V127/><F127/><W25/><G42/><T58/><D81/><U73/><E73/><V105/><F113/><N who="3" m="43595" /><G64/><T83/><D83/><U66/><E28/><V45/><F45/><W120/><G79/><T22/><D111/><U78/><E114/><V21/><F80/><W5/><G75/><T71/><D71/><U65/><E135/><N who="3" m="51754" /><G90/><T10/><D40/><U89/><E78/><V13/><F60/><W77/><G77/><T110/><D38/><U123/><E123/><V86/><F33/><W84/><G84/><T47/><D47/><U68/><E68/><V102/><F34/><W128/><G128/><T56/><D37/><U119/><E119/><V31/><F2/><W50/><G50/><T108/><D58/><U69/><E69/><V61/><F3/><W55/><G55/><T57/><D57/><U133/><E133/><V19/><F61/><W95/><G95/><T109/><D109/><U46/><E46/><V41/><F41/><W104/><G104/><T29/><D110/><U131/><REACH who="1" step="1"/><E16/><REACH who="1" ten="319,106,236,329" step="2"/><V17/><F31/><W76/><G76/><T9/><D29/><U4/><E4/><V70/><F70/><W27/><G120/><T103/><D108/><U121/><E121/><V88/><F102/><W7/><G7/><T11/><D30/><U54/><E54/><V51/><F19/><W117/><G117/><T39/><D52/><U8/><E8/><AGARI ba="0,1" hai="5,8,12,20,23,24,25,27" m="51754,43595" machi="8" ten="40,8000,1" yaku="15,1,20,1,34,2" doraHai="124" who="3" fromWho="1" sc="319,0,106,-80,236,0,329,90" /><INIT seed="6,0,0,3,1,84" ten="319,26,236,419" oya="2" hai0="135,106,20,105,10,128,46,54,19,109,112,30,24" hai1="61,48,110,120,17,89,47,68,65,45,9,134,113" hai2="0,58,18,21,81,108,28,2,91,36,114,104,5" hai3="90,79,51,59,39,7,26,115,15,35,71,116,52"/><V127/><F104/><W33/><G39/><T96/><D109/><U118/><E9/><V63/><F108/><W80/><G116/><T102/><D112/><U32/><E17/><V12/><F36/><W95/><G71/><T97/><D128/><U103/><E103/><V50/><F114/><W67/><G67/><T100/><D135/><U34/><E47/><V53/><F127/><W133/><G133/><T14/><D54/><U72/><E45/><V44/><F28/><W107/><G107/><T92/><D46/><U131/><E48/><V43/><F5/><W82/><G82/><T41/><REACH who="0" step="1"/><D92/><REACH who="0" ten="309,26,236,419" step="2"/><U73/><E134/><V64/><REACH who="2" step="1"/><F43/><AGARI ba="0,1" hai="10,14,19,20,24,30,41,43,96,97,100,102,105,106" machi="43" ten="40,5200,0" yaku="1,1,2,1,9,1,53,0" doraHai="84" doraHaiUra="86" who="0" fromWho="2" sc="309,62,26,0,236,-52,419,0" /><INIT seed="7,0,0,3,4,127" ten="371,26,184,419" oya="3" hai0="25,117,49,24,64,12,118,103,60,0,62,36,48" hai1="56,121,47,13,3,26,45,104,85,69,53,30,21" hai2="41,39,101,43,35,37,73,79,55,131,100,110,133" hai3="81,14,132,84,5,102,98,90,51,19,87,78,99"/><W52/><G132/><T71/><D0/><U75/><E75/><V42/><F35/><W10/><G5/><T116/><D36/><U67/><E3/><V76/><F110/><W89/><G102/><T59/><D103/><U8/><E104/><V86/><F73/><W124/><G124/><T66/><D12/><U16/><E69/><V61/><F133/><W109/><G109/><T126/><D126/><U106/><E67/><N who="0" m="25641" /><D25/><U40/><E106/><V107/><F107/><W15/><G14/><T97/><D97/><N who="3" m="36873" /><G87/><T18/><D18/><U74/><E74/><V115/><F86/><W129/><G129/><T32/><D24/><U80/><E40/><V46/><F131/><W50/><G50/><N who="0" m="19563" /><D32/><U7/><E121/><V88/><F88/><W113/><G113/><T72/><D72/><U44/><E7/><V38/><F115/><W95/><G95/><T2/><D2/><U83/><E83/><V31/><F31/><W92/><G92/><T11/><D11/><U112/><E112/><V122/><F122/><W4/><G4/><T93/><D93/><U17/><E30/><V128/><F128/><W33/><G33/><T54/><D62/><U120/><E120/><V94/><F94/><W9/><G10/><T114/><D114/><U125/><E125/><V111/><F111/><W63/><G63/><T96/><D96/><U77/><REACH who="1" step="1"/><E45/><AGARI ba="0,0" hai="9,15,19,45,51,52,78,81,84,89,90" m="36873" machi="45" ten="30,2900,0" yaku="8,1,54,1" doraHai="127" who="3" fromWho="1" sc="371,0,26,-29,184,0,419,29" owari="371,17.0,-3,-50.0,184,-22.0,448,55.0" /></mjloggm>