<mjloggm ver="2.3"><GO type="169" lobby="0"/><UN n0="%E3%83%88%E3%83%88%E3%83%AA%E5%85%88%E7%94%9F%31%39%E6%AD%B3" n1="%73%74%74%79" n2="%E3%83%8C%E3%83%83%E3%83%97" n3="%E3%81%8A%E3%81%98%E3%81%95%E3%82%93" dan="18,16,16,18" rate="2218.82,2002.28,2154.26,2180.83" sx="F,M,M,M"/><TAIKYOKU oya="0"/><INIT seed="0,0,0,2,4,0" ten="250,250,250,250" oya="0" hai0="85,66,31,96,133,1,22,69,34,102,67,104,92" hai1="20,25,86,68,90,81,109,62,57,17,80,16,125" hai2="19,55,129,40,95,108,18,99,116,58,39,74,30" hai3="35,64,24,134,49,4,100,94,32,73,41,82,79"/><T63/><D133/><U10/><E125/><V88/><F116/><W101/><G134/><T54/><D22/><U118/><E109/><V107/><F108/><W111/><G111/><T70/><D1/><U112/><E68/><V115/><F74/><W29/><G35/><T91/><D54/><U12/><E118/><V15/><F115/><W117/><G117/><T2/><D2/><U93/><REACH who="1" step="1"/><E112/><REACH who="1" ten="250,240,250,250" step="2"/><V103/><F129/><W52/><G64/><AGARI ba="0,1" hai="10,12,16,17,20,25,57,62,64,80,81,86,90,93" machi="64" ten="30,8000,1" yaku="1,1,2,1,7,1,8,1,54,1,53,0" doraHai="0" doraHaiUra="3" who="1" fromWho="3" sc="250,0,240,90,250,0,250,-80" /><INIT seed="1,0,0,2,3,100" ten="250,330,250,170" oya="1" hai0="95,41,101,130,109,62,87,98,99,103,135,102,52" hai1="128,118,116,115,38,0,25,60,83,66,104,82,81" hai2="71,72,9,32,26,94,68,6,45,29,4,79,132" hai3="69,85,117,39,125,15,23,53,133,49,36,7,124"/><U121/><E115/><V34/><F34/><W89/><G69/><T2/><D2/><U108/><E121/><V131/><F4/><W57/><G133/><T90/><D109/><U97/><E38/><V14/><F132/><W92/><G117/><T127/><D135/><U10/><E108/><V59/><F131/><W58/><G58/><T119/><D119/><U120/><E120/><V48/><F59/><W11/><REACH who="3" step="1"/><G23/><REACH who="3" ten="250,330,250,160" step="2"/><T31/><D130/><U30/><E128/><V35/><F35/><W114/><G114/><T105/><D127/><AGARI ba="0,1" hai="7,11,15,36,39,49,53,57,85,89,92,124,125,127" machi="127" ten="40,2600,0" yaku="1,1,18,1,53,0" doraHai="100" doraHaiUra="13" who="3" fromWho="0" sc="250,-26,330,0,250,0,160,36" /><INIT seed="2,0,0,2,2,4" ten="224,330,250,196" oya="2" hai0="128,14,18,6,39,25,67,95,135,22,42,27,126" hai1="70,30,101,65,133,110,76,62,3,81,32,103,116" hai2="96,46,1,99,5,71,91,60,83,82,58,19,113" hai3="92,88,134,44,52,50,51,72,21,55,100,79,35"/><V0/><F71/><W47/><G35/><T75/><D75/><U78/><E116/><V33/><F33/><W105/><G134/><T109/><D135/><U98/><E133/><V86/><F113/><W94/><G105/><T102/><D109/><U31/><E103/><V85/><F1/><W36/><G36/><T108/><D108/><U115/><E115/><V12/><F46/><W2/><G2/><T7/><D128/><U122/><E122/><V89/><F5/><W121/><G121/><T131/><D131/><U23/><E3/><V41/><F41/><W63/><G72/><T10/><D126/><U104/><E81/><V49/><F49/><W74/><G74/><T66/><D39/><U123/><E123/><V59/><F0/><W124/><G124/><T9/><D42/><U15/><E110/><V130/><F130/><W90/><G79/><T107/><D25/><N who="1" m="16703" /><E15/><V129/><F129/><W8/><G63/><T106/><D106/><U114/><E114/><V127/><F127/><W43/><G43/><T125/><D107/><U54/><E54/><V29/><F29/><W40/><G40/><T132/><D132/><U16/><E16/><V28/><F28/><W38/><G38/><T37/><D37/><U57/><E57/><V61/><F19/><W112/><G112/><T34/><D34/><U87/><E87/><V26/><F12/><W48/><G100/><T84/><D125/><U11/><E11/><V17/><F17/><W73/><G73/><T77/><D102/><U53/><E53/><V119/><F119/><W24/><G55/><T64/><D14/><RYUUKYOKU ba="0,0" sc="224,-15,330,15,250,15,196,-15" hai1="31,32,62,65,70,76,78,98,101,104" hai2="26,58,59,60,61,82,83,85,86,89,91,96,99" /><INIT seed="2,1,0,5,2,43" ten="209,345,265,181" oya="2" hai0="19,96,2,121,112,13,118,39,22,67,21,128,97" hai1="58,5,95,29,83,72,33,25,108,129,103,53,36" hai2="78,73,86,41,81,135,106,44,30,8,90,131,48" hai3="56,70,127,107,110,14,85,37,9,88,66,80,35"/><V87/><F131/><W38/><G70/><T105/><D112/><U61/><E108/><V23/><F135/><W76/><G35/><T91/><D121/><U130/><E36/><V115/><F115/><W16/><G110/><T99/><D2/><U11/><E72/><V51/><F106/><W123/><G123/><T55/><D39/><U17/><E83/><V104/><F104/><W125/><G107/><T34/><D34/><U49/><E17/><V18/><F8/><W119/><G119/><T132/><D132/><U92/><E103/><V102/><F102/><W31/><G31/><T60/><D128/><N who="1" m="49259" /><E61/><V32/><F32/><W45/><G76/><T26/><D118/><U46/><E58/><V12/><F30/><W40/><REACH who="3" step="1"/><G38/><REACH who="3" ten="209,345,265,171" step="2"/><T77/><D77/><U120/><E120/><V65/><F65/><W57/><G57/><N who="0" m="34879" /><D67/><U24/><E25/><V28/><F28/><W100/><G100/><T116/><D116/><U62/><E62/><AGARI ba="1,1" hai="9,14,16,37,40,45,56,62,66,80,85,88,125,127" machi="62" ten="40,8000,1" yaku="1,1,52,1,54,2,53,0" doraHai="43" doraHaiUra="124" who="3" fromWho="1" sc="209,0,345,-83,265,0,171,93" /><INIT seed="3,0,0,4,4,63" ten="209,262,265,264" oya="3" hai0="69,110,67,45,37,102,99,34,107,5,117,53,40" hai1="72,75,59,124,65,17,94,24,114,106,118,48,127" hai2="43,56,54,12,9,71,91,135,32,89,81,42,73" hai3="105,115,39,100,0,134,25,4,104,116,77,16,21"/><W130/><G115/><T7/><D110/><U128/><E114/><V35/><F71/><W23/><G116/><T20/><D117/><U36/><E118/><V51/><F135/><W22/><G39/><T61/><D34/><U98/><E106/><V11/><F35/><W70/><G134/><T52/><D20/><U101/><E36/><V50/><F32/><W2/><G70/><T8/><REACH who="0" step="1"/><D7/><REACH who="0" ten="199,262,265,264" step="2"/><U74/><E127/><V85/><F73/><W83/><G23/><T60/><D60/><U30/><E124/><V95/><F9/><W109/><G22/><T13/><AGARI ba="0,1" hai="5,8,13,37,40,45,52,53,61,67,69,99,102,107" machi="13" ten="20,12000,2" yaku="1,1,0,1,7,1,52,1,54,1,53,1" doraHai="63" doraHaiUra="68" who="0" fromWho="0" sc="199,130,262,-30,265,-30,264,-60" /><INIT seed="4,0,0,4,2,52" ten="329,232,235,204" oya="0" hai0="115,92,134,13,18,124,64,58,29,113,42,51,47" hai1="70,80,117,62,30,65,23,46,99,83,44,38,1" hai2="17,0,73,81,49,19,74,93,35,98,69,127,56" hai3="103,31,95,32,54,88,90,71,135,72,2,4,33"/><T66/><D134/><U37/><E117/><V24/><F69/><W89/><G71/><T126/><D29/><U122/><E122/><V102/><F0/><W94/><G72/><T108/><D92/><U100/><E1/><V123/><F127/><N who="0" m="48682" /><D13/><U121/><E121/><V104/><F104/><W48/><G135/><T22/><D22/><U75/><E83/><V10/><F123/><W45/><G31/><T6/><D18/><U96/><E96/><V25/><F17/><W114/><G114/><N who="0" m="43531" /><D6/><U21/><E21/><V97/><F97/><W82/><G82/><T118/><D118/><U8/><E8/><V61/><F24/><W16/><G103/><T76/><D76/><U3/><E3/><V40/><F35/><W57/><G16/><T26/><D26/><U132/><E132/><V128/><F81/><W9/><REACH who="3" step="1"/><G45/><REACH who="3" ten="329,232,235,194" step="2"/><T34/><D34/><AGARI ba="0,1" hai="2,4,9,32,33,34,48,54,57,88,89,90,94,95" machi="34" ten="40,8000,1" yaku="1,1,2,1,52,1,54,1,53,0" doraHai="52" doraHaiUra="77" who="3" fromWho="0" sc="329,-80,232,0,235,0,194,90" /><INIT seed="5,0,0,0,3,73" ten="249,232,235,284" oya="1" hai0="100,38,130,81,22,18,78,70,118,83,122,123,72" hai1="104,25,20,121,69,47,53,108,66,2,103,45,90" hai2="107,124,48,125,84,61,91,112,15,7,58,131,0" hai3="115,79,26,102,33,128,37,32,40,5,43,10,88"/><U17/><E121/><N who="0" m="46089" /><D118/><U9/><E108/><V11/><F107/><W129/><G115/><T74/><D70/><U55/><E69/><V117/><F117/><W39/><G102/><T98/><D38/><N who="3" m="14345" /><G88/><T126/><D130/><N who="3" m="50281" /><G79/><N who="0" m="44263" /><D126/><N who="2" m="48746" /><F48/><W62/><G62/><T50/><D50/><U80/><E104/><V42/><F42/><N who="3" m="15915" /><G26/><N who="0" m="14679" /><D100/><U109/><E103/><V82/><F112/><W52/><G52/><N who="1" m="20042" /><E109/><V12/><F131/><W49/><G49/><T101/><D101/><U76/><E66/><AGARI ba="0,0" hai="0,7,11,12,15,58,61,66,82,84,91" m="48746" machi="66" ten="30,1000,0" yaku="18,1" doraHai="73" who="2" fromWho="1" sc="249,0,232,-10,235,10,284,0" /><INIT seed="6,0,0,2,0,87" ten="249,222,245,284" oya="2" hai0="78,25,36,115,20,54,34,53,74,22,107,95,133" hai1="47,14,111,90,71,17,31,4,73,26,41,67,92" hai2="112,68,113,127,83,51,132,79,84,93,0,82,42" hai3="80,131,12,116,62,1,110,69,19,63,10,28,44"/><V99/><F68/><W35/><G116/><T46/><D107/><U129/><E111/><V94/><F0/><W130/><G110/><T98/><D34/><U109/><E109/><V66/><F66/><W33/><G1/><T60/><D115/><N who="2" m="44106" /><F51/><W121/><G121/><T23/><D133/><U6/><E73/><N who="2" m="43375" /><F42/><W103/><G103/><T32/><D60/><N who="3" m="23081" /><G80/><T24/><D36/><U77/><E71/><V50/><F50/><W30/><G69/><T91/><D46/><U89/><E67/><V96/><F127/><W120/><G120/><T114/><D114/><U135/><E135/><V49/><F49/><W57/><G57/><T102/><D78/><U126/><E77/><N who="2" m="46191" /><F132/><W29/><G44/><T85/><D74/><U38/><E126/><V122/><F122/><W7/><G7/><T27/><REACH who="0" step="1"/><D32/><REACH who="0" ten="239,222,245,284" step="2"/><U75/><E75/><V88/><F94/><W21/><G35/><T45/><D45/><U40/><E92/><V101/><F96/><W65/><G33/><T61/><D61/><U3/><E41/><V108/><F108/><W123/><G65/><T37/><D37/><U72/><E72/><V86/><F86/><W81/><G123/><T58/><D58/><U56/><E56/><V52/><F52/><W104/><G104/><T119/><D119/><U105/><E105/><V16/><F101/><W2/><G131/><T134/><D134/><U125/><E129/><V64/><F64/><W11/><G130/><T43/><D43/><U100/><E100/><V15/><F99/><W8/><G2/><T118/><D118/><U59/><E3/><V76/><F93/><RYUUKYOKU ba="0,1" sc="239,15,222,-15,245,-15,284,15" hai0="20,22,23,24,25,27,53,54,85,91,95,98,102" hai3="8,10,11,12,19,21,28,29,30,81" /><INIT seed="7,1,1,0,0,53" ten="254,207,230,299" oya="3" hai0="94,68,103,6,51,134,117,101,45,18,57,112,46" hai1="26,21,95,111,58,28,121,104,33,89,50,13,19" hai2="34,108,41,56,10,99,88,114,38,87,63,90,35" hai3="49,85,69,102,82,106,81,59,132,126,61,119,127"/><W23/><G119/><T91/><D117/><U86/><E111/><V8/><F108/><W75/><G132/><T70/><D134/><U43/><E121/><V66/><F38/><W96/><G75/><T130/><D68/><U4/><E104/><V98/><F41/><W113/><G113/><T54/><D70/><U100/><E100/><N who="0" m="38473" /><D6/><U135/><E135/><V74/><F74/><W20/><G49/><T5/><D5/><U64/><E4/><V55/><F35/><W42/><G42/><T76/><D76/><U37/><E43/><V1/><F1/><W52/><G69/><T128/><D112/><U115/><E115/><V122/><F34/><W17/><G23/><T79/><D79/><U124/><E37/><V109/><F122/><W73/><G73/><T78/><D78/><U118/><E118/><V107/><F107/><W25/><G85/><N who="0" m="52591" /><D18/><U48/><REACH who="1" step="1"/><E124/><AGARI ba="1,1" hai="17,20,25,52,59,61,81,82,96,102,106,124,126,127" machi="124" ten="40,7700,0" yaku="18,1,52,1,54,1" doraHai="53" who="3" fromWho="1" sc="254,0,207,-80,230,0,299,90" owari="254,5.0,127,-37.0,230,-17.0,389,49.0" /></mjloggm>