<mjloggm ver="2.3"><GO type="225" lobby="0"/><UN n0="%73%65%6E%75%72%6C" n1="%E3%83%88%E3%83%88%E3%83%AA%E5%85%88%E7%94%9F%31%39%E6%AD%B3" n2="%E3%81%B4%E3%81%88%E2%98%86" n3="%E5%9F%BC%E4%BA%AC%E7%B7%9A" dan="17,16,17,17" rate="2223.94,2064.09,2186.13,2140.83" sx="F,F,M,M"/><TAIKYOKU oya="0"/><INIT seed="0,0,0,4,0,78" ten="250,250,250,250" oya="0" hai0="22,50,114,15,0,130,27,86,52,56,71,93,80" hai1="126,98,83,1,39,106,66,26,38,133,25,48,61" hai2="132,33,89,123,111,129,108,128,42,8,64,103,37" hai3="36,92,3,43,118,18,19,67,122,46,30,110,9"/><T72/><D114/><U54/><E1/><V102/><F33/><W5/><G118/><T13/><D0/><U131/><E131/><N who="2" m="50251" /><F64/><W96/><G110/><N who="2" m="42025" /><F123/><W135/><G135/><T117/><D117/><U2/><E2/><V60/><F60/><W6/><G122/><T45/><D71/><U31/><E126/><V105/><F105/><W51/><G5/><T62/><D93/><U49/><E49/><V69/><F69/><W24/><G67/><N who="0" m="39367" /><D72/><U12/><E39/><V134/><F8/><W41/><G41/><T112/><D112/><U34/><E38/><V35/><F35/><W65/><G65/><T14/><D130/><U85/><E133/><N who="2" m="51307" /><F89/><W47/><G36/><T11/><D11/><U87/><E61/><V116/><F116/><W7/><G9/><T94/><D94/><U109/><E109/><V97/><F97/><W23/><G96/><T53/><D53/><U63/><E98/><V120/><F120/><W100/><G92/><T74/><D74/><U104/><E63/><V107/><F107/><W29/><G3/><T55/><D55/><U115/><E66/><V88/><F88/><W95/><G95/><T75/><D75/><U113/><E106/><V16/><F16/><W17/><G17/><N who="0" m="10551" /><D27/><U68/><E26/><V124/><F124/><W91/><G24/><T77/><AGARI ba="0,0" hai="13,15,45,50,52,77,80,86" m="10551,39367" machi="77" ten="30,6000,0" yaku="8,1,52,1,54,1" doraHai="78" who="0" fromWho="0" sc="250,60,250,-20,250,-20,250,-20" /><INIT seed="0,1,0,3,5,20" ten="310,230,230,230" oya="0" hai0="111,26,69,37,17,33,16,107,62,135,87,55,76" hai1="106,49,43,88,2,94,59,11,44,100,131,123,22" hai2="118,10,63,36,53,1,99,121,134,24,72,67,117" hai3="5,122,81,23,65,12,98,115,101,45,110,86,15"/><T6/><D107/><U61/><E123/><V109/><F121/><W84/><G122/><T104/><D104/><U112/><E131/><V47/><F72/><W127/><G115/><T46/><D6/><U28/><E112/><V90/><F109/><W66/><G110/><T80/><D111/><U0/><E11/><V30/><F134/><W29/><G127/><T14/><D135/><U91/><E91/><V42/><F53/><W41/><G84/><T73/><D69/><U68/><E68/><V18/><F99/><W92/><G15/><T48/><D37/><U19/><E28/><V9/><F90/><W120/><G120/><T124/><D124/><U129/><E100/><V8/><F18/><W108/><G108/><T3/><D3/><U116/><E106/><V96/><F96/><W128/><G128/><T56/><D73/><U27/><E116/><N who="2" m="44651" /><F1/><W7/><G7/><T35/><D26/><U97/><REACH who="1" step="1"/><E129/><REACH who="1" ten="310,220,230,230" step="2"/><V13/><F9/><W83/><G29/><T95/><D95/><U103/><E103/><V70/><F8/><W126/><G126/><T52/><D17/><U75/><E75/><V133/><F133/><W58/><G5/><T4/><D4/><U125/><E125/><V132/><F132/><W60/><G101/><T93/><D93/><U77/><E77/><V78/><F78/><W38/><G38/><T105/><D105/><U82/><E82/><V85/><F85/><W34/><G86/><T54/><D87/><U64/><AGARI ba="1,1" hai="0,2,19,22,27,43,44,49,59,61,64,88,94,97" machi="64" ten="20,8000,1" yaku="1,1,0,1,7,1,52,1,54,1,53,0" doraHai="20" doraHaiUra="102" who="1" fromWho="1" sc="310,-41,220,93,230,-21,230,-21" /><INIT seed="1,0,0,3,2,126" ten="269,313,209,209" oya="1" hai0="20,83,29,16,67,93,19,123,57,120,112,78,124" hai1="84,36,32,104,8,94,116,50,134,34,75,27,114" hai2="14,111,87,18,88,26,70,15,63,77,33,5,82" hai3="56,47,103,71,91,106,24,107,3,76,85,127,73"/><U101/><E36/><V7/><F111/><W119/><G71/><T4/><D112/><U132/><E75/><V51/><F33/><N who="1" m="12905" /><E104/><V98/><F70/><W69/><G69/><T21/><D124/><U129/><E50/><V39/><F39/><W64/><G3/><T118/><D118/><U42/><E42/><V80/><F63/><W45/><G127/><T81/><D4/><N who="2" m="1610" /><F26/><W109/><G109/><T74/><D29/><U60/><E60/><V96/><F14/><W43/><G119/><T46/><D46/><U105/><E105/><V54/><F80/><N who="3" m="45071" /><G106/><T37/><D37/><U79/><E27/><V66/><F77/><W53/><G24/><T38/><D38/><U108/><E79/><V59/><F66/><W48/><G64/><T13/><D83/><U100/><E108/><V23/><AGARI ba="0,0" hai="15,18,23,51,54,59,82,87,88,96,98" m="1610" machi="23" ten="30,2000,0" yaku="8,1,54,1" doraHai="126" who="2" fromWho="2" sc="269,-5,313,-10,209,20,209,-5" /><INIT seed="2,0,0,0,2,57" ten="264,303,229,204" oya="2" hai0="101,37,105,3,23,123,102,82,44,26,49,72,112" hai1="55,106,74,50,36,56,70,92,51,103,61,129,96" hai2="32,38,83,60,45,89,109,10,127,114,91,130,71" hai3="19,39,111,12,118,35,9,134,11,16,125,86,78"/><V24/><F114/><W132/><G39/><T124/><D3/><U116/><E116/><V31/><F130/><W110/><G118/><T18/><D37/><U84/><E74/><V76/><F127/><W131/><G125/><T69/><D69/><U115/><E115/><V59/><F71/><W17/><G131/><T120/><D124/><U67/><E36/><V87/><F109/><N who="3" m="41483" /><G35/><T7/><D7/><U40/><E129/><V65/><REACH who="2" step="1"/><F10/><REACH who="2" ten="264,303,219,204" step="2"/><N who="3" m="3595" /><G12/><T29/><D112/><U30/><E70/><V80/><F80/><AGARI ba="0,1" hai="16,17,19,78,80,86,132,134" m="3595,41483" machi="80" ten="40,2600,0" yaku="14,1,54,1" doraHai="57" who="3" fromWho="2" sc="264,0,303,0,219,-26,204,36" /><INIT seed="3,0,0,2,0,1" ten="264,303,193,240" oya="3" hai0="48,113,47,106,85,44,125,133,23,109,56,70,75" hai1="103,108,57,105,15,42,78,73,19,25,104,111,76" hai2="82,30,60,80,58,92,93,27,11,28,74,53,79" hai3="95,8,132,115,21,114,34,99,101,39,59,65,130"/><W12/><G34/><T123/><D56/><U36/><E25/><V17/><F30/><W121/><G121/><T50/><D85/><U38/><E57/><V86/><F74/><W129/><G39/><N who="1" m="14890" /><E42/><V128/><F128/><N who="3" m="49259" /><G21/><T40/><D125/><U110/><E103/><V62/><F82/><W49/><G132/><T94/><D109/><U83/><E78/><V91/><F62/><N who="3" m="38111" /><G49/><T119/><D119/><U135/><E135/><V81/><F79/><W61/><G61/><T67/><D50/><U54/><E54/><V43/><F43/><W9/><G9/><AGARI ba="0,0" hai="9,15,19,73,76,83,104,105,108,110,111" m="14890" machi="9" ten="40,1300,0" yaku="14,1" doraHai="1" who="1" fromWho="3" sc="264,0,303,13,193,0,240,-13" owari="264,6.0,316,42.0,193,-31.0,227,-17.0" /></mjloggm>