<mjloggm ver="2.3"><GO type="169" lobby="0"/><UN n0="%4D%E5%B8%9D%E2%85%A2" n1="%E3%83%9A%E3%83%81%E3%83%A7%E3%83%BC%E3%83%AA%E3%83%B3" n2="%E5%B0%B1%E6%B4%BB%E7%94%9F%40%E5%B7%9D%E6%9D%91%E8%BB%8D%E5%9B%A3" n3="%E3%80%93%E9%B3%A9%E9%BA%A6%E7%8E%84%E7%B1%B3%E3%80%93" dan="16,16,17,17" rate="2167.89,2075.69,2207.15,2238.15" sx="M,M,M,M"/><TAIKYOKU oya="0"/><INIT seed="0,0,0,1,2,132" ten="250,250,250,250" oya="0" hai0="114,128,18,87,107,73,59,72,124,34,92,3,14" hai1="9,35,64,122,2,97,55,0,43,95,108,80,17" hai2="130,116,58,20,83,33,12,99,37,120,104,16,111" hai3="75,112,89,50,48,127,90,106,135,6,79,25,26"/><T115/><D59/><U96/><E122/><V117/><F37/><W118/><G112/><T110/><D14/><U93/><E108/><V71/><F71/><W81/><G118/><N who="2" m="45673" /><F104/><W109/><G109/><T54/><D54/><U129/><E35/><V51/><F99/><W82/><G135/><T85/><D34/><U69/><E43/><V38/><F38/><W24/><G106/><T7/><D7/><U28/><E28/><V32/><F83/><W103/><G103/><T91/><D92/><U74/><E64/><V19/><F111/><W94/><G6/><T52/><D107/><U53/><E69/><V62/><F51/><W1/><G1/><T49/><D49/><U36/><E36/><V11/><F120/><W56/><G56/><T66/><D66/><U67/><E67/><N who="2" m="39383" /><F130/><W44/><G44/><T31/><D73/><U5/><E53/><V65/><F65/><W133/><G133/><T23/><D72/><U46/><E55/><V4/><F19/><W126/><G82/><T45/><D18/><U105/><E80/><V131/><F131/><W41/><G41/><T76/><D128/><U57/><E17/><V30/><F30/><W125/><G90/><T84/><D31/><U39/><E39/><V100/><F100/><W134/><G134/><T10/><D114/><U47/><E105/><V121/><F121/><W70/><G70/><T22/><D115/><U119/><E74/><V21/><F21/><W77/><G79/><T101/><D76/><U13/><E119/><V42/><F42/><W123/><G123/><T40/><D110/><U27/><E129/><RYUUKYOKU ba="0,0" sc="250,-15,250,-15,250,15,250,15" hai2="4,11,12,16,20,32,33" hai3="24,25,26,48,50,75,77,81,89,94,125,126,127" /><INIT seed="1,1,0,3,0,58" ten="235,235,265,265" oya="1" hai0="100,55,38,7,12,49,108,99,72,60,95,22,93" hai1="47,71,79,80,32,13,40,0,91,107,121,53,112" hai2="94,105,90,115,114,5,66,36,4,92,131,85,61" hai3="113,50,26,134,104,28,29,30,122,64,6,119,83"/><U88/><E121/><V56/><F36/><W52/><G113/><N who="2" m="43017" /><F105/><W11/><G104/><T39/><D72/><U37/><E0/><V14/><F131/><W3/><G122/><T97/><D108/><U96/><E71/><V109/><F109/><W130/><G134/><T127/><D127/><U57/><E32/><V84/><F14/><W42/><G42/><T62/><D39/><U65/><E65/><V86/><F92/><W23/><G130/><T124/><D38/><U24/><E112/><V89/><F90/><W75/><G64/><T123/><D124/><U76/><E24/><V128/><F128/><W8/><G8/><N who="0" m="4127" /><D22/><U117/><E117/><V2/><F2/><W54/><G119/><T126/><D126/><U16/><E79/><V110/><F110/><W21/><G21/><T120/><D120/><U98/><E98/><AGARI ba="1,0" hai="4,5,56,61,66,84,85,86,89,94,98" m="43017" machi="98" ten="30,2000,0" yaku="11,1,52,1" doraHai="58" who="2" fromWho="1" sc="235,0,235,-23,265,23,265,0" /><INIT seed="2,0,0,2,4,130" ten="235,212,288,265" oya="2" hai0="85,115,84,13,99,75,98,132,118,42,24,79,95" hai1="57,21,37,72,83,128,96,15,111,90,60,50,61" hai2="104,0,20,31,36,114,41,53,66,6,110,105,76" hai3="122,126,93,8,46,54,35,68,127,116,74,10,11"/><V78/><F114/><W86/><G74/><T29/><D42/><U117/><E37/><V131/><F66/><W23/><G35/><T28/><D24/><U9/><E117/><V5/><F131/><W125/><G122/><T52/><D75/><U134/><E128/><V112/><F112/><W14/><G68/><T40/><D40/><U91/><E111/><V43/><F53/><W88/><G116/><T51/><D115/><U80/><E21/><V69/><F69/><W121/><G121/><T92/><D13/><U58/><E72/><V4/><F0/><W102/><G102/><N who="0" m="60743" /><D79/><U73/><E73/><V103/><F103/><W109/><G109/><T89/><D132/><U129/><E129/><V71/><F71/><W30/><G30/><N who="0" m="11883" /><D118/><U101/><E101/><V22/><F31/><W1/><G1/><T3/><D3/><U38/><E38/><V135/><F4/><W63/><G23/><T56/><AGARI ba="0,0" hai="51,52,56,84,85,89,95,99" m="11883,60743" machi="56" ten="30,2000,0" yaku="8,1,54,1" doraHai="130" who="0" fromWho="0" sc="235,20,212,-5,288,-10,265,-5" /><INIT seed="3,0,0,1,4,11" ten="255,207,278,260" oya="3" hai0="13,15,125,62,3,47,37,99,73,97,77,59,88" hai1="64,1,120,43,60,48,106,109,102,24,118,116,121" hai2="16,104,42,63,105,27,94,34,28,25,122,0,78" hai3="51,128,53,124,83,67,80,75,6,54,107,58,127"/><W72/><G107/><T135/><D3/><U30/><E1/><V129/><F0/><W38/><G38/><T46/><D135/><U4/><E4/><V115/><F115/><W57/><G67/><T70/><D70/><U133/><E133/><V93/><F78/><W2/><G128/><T22/><D73/><N who="3" m="28233" /><G6/><T98/><D77/><U56/><E109/><V31/><F42/><W29/><G29/><T69/><D69/><U117/><E102/><V111/><F129/><W123/><G123/><T91/><D37/><U131/><E106/><V68/><F111/><W21/><G21/><T44/><D125/><N who="3" m="48201" /><G2/><T55/><D22/><N who="1" m="15639" /><E131/><V33/><F122/><W126/><N who="3" m="48209" /><W95/><DORA hai="12" /><G95/><T26/><D26/><U130/><E130/><V50/><F68/><W19/><G19/><T14/><AGARI ba="0,0" hai="13,14,15,44,46,47,55,59,62,88,91,97,98,99" machi="14" ten="40,16000,3" yaku="0,1,29,2,8,1,52,3,54,1" doraHai="11,12" who="0" fromWho="0" sc="255,160,207,-40,278,-40,260,-80" /><INIT seed="4,0,0,5,1,15" ten="415,167,238,180" oya="0" hai0="127,108,125,21,29,47,32,64,7,74,133,24,102" hai1="10,33,6,85,124,45,11,103,65,87,16,49,131" hai2="40,52,116,55,59,106,76,38,75,114,17,50,25" hai3="69,122,20,26,62,82,67,48,51,118,93,39,115"/><T19/><D74/><U119/><E119/><V80/><F106/><W9/><G118/><T88/><D102/><U44/><E124/><N who="0" m="47689" /><D64/><U58/><E131/><V129/><F116/><W8/><G39/><T30/><D133/><U61/><E33/><V60/><F114/><W72/><G115/><T43/><D7/><U132/><E132/><V123/><F123/><W97/><G122/><T73/><D73/><U104/><E103/><V101/><F129/><W109/><G109/><T37/><D108/><U23/><E104/><V57/><F101/><W135/><G135/><T126/><D126/><U110/><E110/><V31/><F40/><W34/><G34/><T117/><D117/><U41/><E45/><V134/><F38/><W81/><G72/><T113/><D113/><U98/><E98/><V70/><F70/><W86/><G9/><N who="1" m="3082" /><E6/><V35/><F134/><W100/><G8/><T53/><D53/><U89/><E89/><V12/><F55/><W130/><G130/><T4/><D4/><U95/><E95/><V99/><F99/><W78/><REACH who="3" step="1"/><G82/><REACH who="3" ten="415,167,238,170" step="2"/><T56/><D32/><U28/><E28/><AGARI ba="0,1" hai="20,26,28,48,51,62,67,69,78,81,86,93,97,100" machi="28" ten="30,3900,0" yaku="1,1,2,1,7,1,53,0" doraHai="15" doraHaiUra="5" who="3" fromWho="1" sc="415,0,167,-39,238,0,170,49" /><INIT seed="5,0,0,2,0,20" ten="415,128,238,219" oya="1" hai0="21,93,132,123,90,127,124,92,26,116,119,51,35" hai1="135,29,102,25,120,61,133,96,18,72,38,36,58" hai2="69,86,106,74,24,76,34,130,131,87,111,22,101" hai3="73,75,17,98,60,45,71,50,117,65,13,67,40"/><U94/><E72/><V104/><F69/><W105/><G117/><T64/><D35/><U110/><E18/><V4/><F34/><W84/><G67/><T79/><D79/><U77/><E77/><V39/><F39/><W32/><G32/><T91/><D132/><N who="1" m="50763" /><E120/><V30/><F111/><W81/><G98/><N who="0" m="57623" /><D64/><N who="1" m="38967" /><E110/><V63/><F63/><W57/><G71/><T78/><D51/><U88/><E102/><V44/><F44/><W85/><G105/><T113/><D113/><U41/><E41/><V114/><F4/><W46/><G46/><T115/><D115/><U122/><E122/><V121/><F121/><W8/><G85/><T6/><D6/><U28/><E28/><V125/><F74/><W1/><G1/><T0/><D0/><U11/><E11/><V10/><F10/><W33/><G33/><AGARI ba="0,0" hai="25,29,33,36,38,88,94,96" m="38967,50763" machi="33" ten="30,5800,0" yaku="20,1,52,1,54,1" doraHai="20" who="1" fromWho="3" sc="415,0,128,58,238,0,219,-58" /><INIT seed="5,1,0,4,4,13" ten="415,186,238,161" oya="1" hai0="25,79,31,11,63,45,111,18,75,104,98,0,127" hai1="44,78,27,65,54,10,119,24,126,95,47,73,60" hai2="92,129,41,8,97,133,85,102,15,135,74,71,26" hai3="94,32,59,112,53,3,124,120,58,106,88,64,76"/><U134/><E119/><V110/><F74/><W48/><G120/><T43/><D127/><U30/><E126/><V132/><F71/><W84/><G124/><T6/><D63/><U107/><E107/><V55/><F110/><W86/><G106/><T20/><D104/><U113/><E113/><V70/><F70/><W19/><G112/><T69/><D98/><U62/><E134/><V33/><F129/><W105/><G105/><T80/><D69/><U122/><E122/><V9/><F41/><W118/><G3/><T12/><D111/><U90/><E10/><V7/><F85/><W66/><G32/><T67/><D67/><U123/><E123/><V2/><F55/><W116/><G19/><T77/><D77/><U21/><E27/><V91/><F26/><W56/><G118/><T108/><D108/><U83/><E54/><V51/><F51/><W37/><G37/><T103/><D103/><U130/><E130/><V81/><F81/><N who="3" m="47143" /><G116/><T14/><D31/><U23/><E23/><V115/><F115/><W39/><G39/><AGARI ba="1,0" hai="0,6,11,12,14,18,20,25,39,43,45,75,79,80" machi="39" ten="30,7700,0" yaku="7,1,25,2,52,1" doraHai="13" who="0" fromWho="3" sc="415,80,186,0,238,0,161,-80" /><INIT seed="6,0,0,2,4,78" ten="495,186,238,81" oya="2" hai0="38,60,13,2,73,87,44,29,3,40,118,111,14" hai1="85,42,9,96,45,18,54,115,130,28,128,134,48" hai2="93,63,126,21,131,132,37,27,112,106,66,47,101" hai3="17,22,57,94,103,74,120,121,135,52,99,80,0"/><V56/><F106/><W91/><G0/><T81/><D73/><U59/><E115/><V114/><F126/><W127/><G135/><T95/><D111/><U5/><E134/><V105/><F105/><W55/><G127/><T133/><D118/><U20/><E28/><V113/><F132/><W76/><G103/><T4/><D95/><U117/><E96/><V70/><F131/><N who="1" m="50217" /><E85/><V86/><F37/><W119/><G119/><T31/><D14/><U97/><E97/><N who="2" m="59567" /><F47/><W67/><G67/><T125/><D125/><U33/><E33/><V98/><F98/><W8/><G8/><T35/><D3/><U122/><E122/><V102/><F86/><W129/><G129/><T39/><D39/><U72/><E72/><V100/><F70/><W49/><REACH who="3" step="1"/><G55/><REACH who="3" ten="495,186,238,71" step="2"/><T82/><D133/><U83/><E117/><V123/><F123/><W104/><G104/><T19/><D35/><U46/><E9/><V26/><F21/><W107/><G107/><T16/><D2/><U15/><E54/><V25/><AGARI ba="0,1" hai="25,26,27,56,63,66,100,102,112,113,114" m="59567" machi="25" ten="40,2100,0" yaku="15,1" doraHai="78" who="2" fromWho="2" sc="495,-7,186,-7,238,31,71,-7" /><INIT seed="6,1,0,2,3,66" ten="488,179,269,64" oya="2" hai0="86,65,27,34,80,23,46,30,75,17,55,64,127" hai1="133,109,101,94,11,129,77,79,124,115,41,120,32" hai2="119,39,48,134,44,29,22,31,135,131,5,100,74" hai3="96,99,73,18,3,67,122,92,7,58,85,59,97"/><V132/><F74/><W126/><G122/><T14/><D75/><U108/><E32/><V38/><F119/><W42/><G73/><T37/><D37/><U106/><E106/><V105/><F131/><W110/><G110/><T1/><D1/><U8/><E120/><V40/><F5/><W84/><G126/><T19/><D19/><U24/><E41/><V81/><F81/><W6/><G42/><T10/><D34/><U45/><E45/><V43/><F22/><W103/><G3/><T118/><D118/><U117/><E24/><V104/><F40/><W15/><G103/><T130/><D130/><U56/><E101/><V53/><F38/><W12/><G92/><T72/><D72/><U16/><E94/><V95/><F95/><W51/><G67/><T76/><D127/><U62/><E124/><V60/><F60/><W26/><G26/><T57/><D46/><U61/><E117/><V111/><F111/><W128/><G128/><T13/><D13/><N who="3" m="5193" /><G18/><T125/><D125/><U52/><E129/><V70/><F70/><W78/><G78/><T0/><D0/><U9/><E16/><V113/><F113/><W88/><G88/><T49/><AGARI ba="1,0" hai="10,14,17,23,27,30,49,55,57,64,65,76,80,86" machi="49" ten="20,2700,0" yaku="0,1,7,1,8,1" doraHai="66" who="0" fromWho="0" sc="488,30,179,-8,269,-14,64,-8" /><INIT seed="7,0,0,1,4,91" ten="518,171,255,56" oya="3" hai0="76,114,67,57,123,0,7,113,13,33,36,106,48" hai1="50,19,25,86,62,107,23,29,40,110,127,77,47" hai2="72,45,120,121,27,65,54,94,10,17,82,9,58" hai3="92,71,95,93,97,112,55,132,1,98,126,56,131"/><W125/><G71/><T53/><D106/><U64/><E107/><V87/><F65/><W104/><G112/><T34/><D36/><U66/><E127/><N who="3" m="48650" /><G131/><T42/><D0/><U105/><E105/><V37/><F72/><W84/><G132/><T26/><D123/><N who="2" m="47178" /><F94/><N who="3" m="24067" /><W115/><DORA hai="4" /><G115/><T99/><D99/><N who="3" m="37897" /><G104/><T74/><D113/><U119/><E119/><V18/><F37/><W96/><N who="3" m="37905" /><W88/><DORA hai="35" /><G1/><T128/><D128/><U130/><E130/><V116/><F116/><W8/><G8/><T12/><D114/><U41/><E110/><V5/><F10/><W68/><G68/><T78/><D34/><U24/><E41/><V3/><F9/><W11/><G11/><T70/><D33/><U43/><E43/><V135/><F3/><W39/><G39/><T60/><D13/><U22/><E62/><V32/><F5/><W63/><G84/><T6/><D7/><U102/><E102/><V134/><F134/><W38/><G38/><T28/><D6/><U69/><E69/><V129/><F135/><W15/><G15/><T103/><D12/><U44/><E44/><V75/><F45/><W51/><G88/><T117/><D70/><U49/><E47/><V111/><F129/><W122/><G122/><T89/><D89/><U100/><E40/><V20/><F87/><W46/><G46/><T85/><D42/><U79/><E86/><V108/><F108/><W52/><G55/><T2/><D85/><U31/><E100/><V101/><F54/><W14/><G14/><T73/><D53/><U109/><E109/><V83/><F101/><RYUUKYOKU ba="0,0" sc="518,-15,171,15,255,-15,56,15" hai1="19,22,23,24,25,29,31,49,50,64,66,77,79" hai3="51,52,56,63" /><INIT seed="7,1,0,5,0,55" ten="503,186,240,71" oya="3" hai0="21,8,13,109,19,107,39,65,134,36,67,59,44" hai1="2,40,79,128,131,88,68,101,20,32,31,105,38" hai2="29,0,47,83,82,11,87,23,30,71,126,108,111" hai3="49,51,121,93,14,33,135,104,124,64,125,100,43"/><W110/><G121/><T115/><D107/><U119/><E119/><V56/><F71/><W91/><G33/><T80/><D109/><U129/><E2/><V61/><F126/><N who="3" m="48747" /><G135/><T133/><D115/><U117/><E117/><V70/><F70/><W77/><G110/><T54/><D80/><U76/><E68/><V75/><F75/><W94/><G77/><T26/><D44/><N who="1" m="23575" /><E32/><V66/><F83/><W90/><G64/><T12/><D39/><U130/><E130/><V5/><F47/><N who="3" m="25855" /><G14/><T6/><D36/><U17/><E31/><V41/><F41/><W102/><G104/><T48/><D134/><U28/><E28/><V9/><F29/><W81/><G81/><T98/><D133/><U89/><E101/><N who="3" m="39018" /><G51/><T96/><D13/><N who="1" m="9263" /><E105/><V34/><F34/><W1/><G1/><T99/><AGARI ba="1,0" hai="6,8,12,19,21,26,48,54,59,65,67,96,98,99" machi="99" ten="30,4000,0" yaku="0,1,8,1,52,1" doraHai="55" who="0" fromWho="0" sc="503,43,186,-11,240,-11,71,-21" owari="546,64.0,175,-22.0,229,3.0,50,-45.0" /></mjloggm>