<mjloggm ver="2.3"><GO type="169" lobby="0"/><UN n0="%E5%B0%B1%E6%B4%BB%E7%94%9F%40%E5%B7%9D%E6%9D%91%E8%BB%8D%E5%9B%A3" n1="%61%69%73%79%6F" n2="%E3%81%B2%E3%81%90%E3%81%A1" n3="%73%5F%6F%6B" dan="17,16,18,16" rate="2126.36,2204.65,2201.60,2069.73" sx="M,M,M,M"/><TAIKYOKU oya="0"/><INIT seed="0,0,0,0,0,109" ten="250,250,250,250" oya="0" hai0="31,3,29,48,26,131,21,4,110,13,17,33,50" hai1="23,40,104,35,54,78,117,27,119,0,52,58,99" hai2="91,5,101,98,6,102,57,24,2,56,55,100,69" hai3="73,81,132,111,8,62,30,11,133,68,127,79,83"/><T76/><D110/><U47/><E0/><V34/><F69/><W114/><G114/><T71/><D131/><U22/><E78/><V14/><F2/><W46/><G111/><T86/><D71/><U67/><E67/><V80/><F34/><W41/><G127/><T128/><D128/><U25/><E35/><V97/><F24/><W59/><G68/><T20/><D31/><U66/><E66/><V51/><F56/><W123/><G30/><T9/><REACH who="0" step="1"/><D21/><REACH who="0" ten="240,250,250,250" step="2"/><U53/><E22/><V64/><F102/><W75/><G123/><T129/><D129/><U10/><E23/><V74/><F100/><W28/><G28/><T134/><D134/><U84/><E119/><V124/><F101/><W16/><G133/><T44/><D44/><U93/><E47/><V95/><F124/><W70/><G70/><T113/><D113/><U125/><E125/><V37/><F57/><W107/><G59/><T118/><D118/><U108/><E117/><V65/><F65/><W112/><G46/><T1/><D1/><U130/><E130/><V120/><F64/><W72/><G132/><T89/><D89/><U60/><E108/><V42/><F91/><W39/><G79/><T90/><D90/><U63/><E58/><V49/><F120/><W105/><G112/><T94/><D94/><U115/><E93/><V85/><F95/><W19/><G107/><T121/><D121/><U135/><E104/><V122/><F122/><W116/><G105/><T106/><D106/><U43/><E135/><V87/><F80/><AGARI ba="0,1" hai="3,4,9,13,17,20,26,29,33,48,50,76,80,86" machi="80" ten="40,12000,1" yaku="1,1,24,2,53,1" doraHai="109" doraHaiUra="18" who="0" fromWho="2" sc="240,130,250,0,250,-120,250,0" /><INIT seed="0,1,0,4,3,76" ten="370,250,130,250" oya="0" hai0="83,93,78,86,69,63,111,89,19,27,67,70,64" hai1="117,75,17,132,119,80,120,36,115,46,15,38,44" hai2="32,134,68,124,18,74,108,127,34,103,113,96,101" hai3="123,109,33,82,125,13,16,37,110,130,58,28,40"/><T24/><D111/><U126/><E120/><V23/><F74/><W104/><G104/><T47/><D47/><U133/><E126/><N who="2" m="48171" /><F68/><W114/><G114/><T91/><D91/><U11/><E115/><V105/><F108/><W12/><G37/><T41/><D41/><U62/><E62/><V8/><F113/><W30/><G58/><T100/><D100/><U49/><E38/><V35/><F103/><W107/><G40/><T92/><D92/><U50/><E36/><V135/><F8/><W128/><G107/><T102/><D102/><U77/><E49/><V90/><F90/><W31/><G125/><T85/><D19/><U55/><REACH who="1" step="1"/><E46/><REACH who="1" ten="370,240,130,250" step="2"/><V3/><F3/><W84/><G123/><T122/><D122/><U71/><E71/><V116/><F116/><AGARI ba="1,1" hai="11,15,17,44,50,55,75,77,80,116,117,119,132,133" machi="116" ten="40,5200,0" yaku="1,1,52,1,53,1" doraHai="76" doraHaiUra="6" who="1" fromWho="2" sc="370,0,240,65,130,-55,250,0" /><INIT seed="1,0,0,4,1,44" ten="370,305,75,250" oya="1" hai0="71,130,3,23,55,101,114,120,103,72,21,109,86" hai1="59,31,27,68,12,84,132,105,89,83,67,78,99" hai2="7,48,62,107,52,104,82,4,128,34,25,16,113" hai3="22,126,73,69,60,76,117,6,66,32,108,45,17"/><U47/><E68/><V42/><F107/><W129/><G32/><T123/><D72/><U51/><E132/><V94/><F104/><W110/><G126/><T98/><D3/><U88/><E12/><V100/><F34/><W63/><G129/><T26/><D71/><U79/><E67/><V38/><F38/><W9/><G60/><T54/><D114/><U92/><E59/><N who="2" m="35175" /><F128/><W122/><G122/><N who="0" m="46635" /><D130/><U119/><E105/><V135/><F135/><W65/><G65/><T13/><D86/><U121/><E119/><V58/><F82/><W90/><G90/><T111/><D13/><U20/><E121/><V124/><F124/><W43/><G117/><T49/><D55/><AGARI ba="0,0" hai="20,27,31,47,51,55,78,79,83,84,88,89,92,99" machi="55" ten="30,11600,0" yaku="7,1,8,1,52,1,54,1" doraHai="44" who="1" fromWho="0" sc="370,-116,305,116,75,0,250,0" /><INIT seed="1,1,0,2,0,135" ten="254,421,75,250" oya="1" hai0="46,106,11,40,134,15,111,14,24,130,35,93,37" hai1="121,118,13,60,91,74,20,127,116,18,104,57,87" hai2="31,105,83,112,25,6,107,48,109,65,51,67,89" hai3="61,79,53,10,39,94,49,12,119,99,55,59,132"/><U100/><E74/><V17/><F109/><W62/><G39/><T86/><D106/><U124/><E121/><V41/><F6/><W9/><G132/><T42/><D42/><U26/><E100/><V43/><F17/><W69/><G79/><T120/><D111/><U103/><E103/><V54/><F112/><W29/><G29/><T4/><D120/><U80/><E104/><V34/><F107/><W64/><G119/><T66/><D130/><U58/><E58/><V68/><F105/><W33/><G33/><T90/><D134/><U129/><E129/><V22/><F34/><W2/><G2/><T108/><D108/><U63/><E63/><V36/><F36/><W1/><G1/><T21/><D66/><N who="2" m="25098" /><F68/><W0/><G0/><T73/><D73/><U56/><E56/><N who="2" m="32839" /><F51/><W115/><G115/><T128/><D128/><U117/><E57/><V82/><F89/><W123/><G123/><T97/><D35/><U70/><E60/><V7/><F7/><W5/><G61/><T52/><D15/><U114/><E70/><V27/><F27/><W85/><G69/><T125/><D37/><U8/><REACH who="1" step="1"/><E114/><REACH who="1" ten="254,411,75,250" step="2"/><V44/><F44/><N who="3" m="27815" /><G64/><T71/><D46/><U96/><E96/><V19/><F31/><AGARI ba="1,1" hai="8,13,18,20,26,31,80,87,91,116,117,118,124,127" machi="31" ten="40,12000,1" yaku="1,1,52,2,53,1" doraHai="135" doraHaiUra="84" who="1" fromWho="2" sc="254,0,411,133,75,-123,250,0" owari="254,5.0,544,65.0,-48,-55.0,250,-15.0" /></mjloggm>