<mjloggm ver="2.3"><GO type="41" lobby="0"/><UN n0="%E3%81%86%E3%82%8C%E3%81%9F%E3%82%93" n1="%6D%61%6D%65%74%61%72%6F" n2="%E5%B0%B1%E6%B4%BB%E7%94%9F%40%E5%B7%9D%E6%9D%91%E8%BB%8D%E5%9B%A3" n3="%44%61%6E%63%65%72" dan="15,15,15,15" rate="1987.44,1999.56,2019.68,2042.50" sx="M,M,M,M"/><TAIKYOKU oya="0"/><INIT seed="0,0,0,1,3,135" ten="250,250,250,250" oya="0" hai0="104,85,6,102,126,79,72,22,15,108,31,97,125" hai1="43,77,9,91,24,54,53,99,28,73,51,50,101" hai2="69,62,68,114,90,115,61,98,2,49,36,34,20" hai3="130,87,117,25,8,0,59,52,111,95,80,82,27"/><T129/><D72/><U47/><E91/><V35/><F36/><W134/><G117/><T93/><D31/><U29/><E73/><V70/><F2/><W14/><G134/><T48/><D129/><U103/><E77/><V127/><F49/><W122/><G130/><T21/><D108/><U83/><E83/><V78/><F78/><W46/><G111/><T74/><D74/><U1/><E43/><V41/><F41/><W96/><G0/><T65/><D65/><U128/><E128/><V37/><F37/><W100/><G82/><N who="0" m="47327" /><D104/><U26/><E9/><V45/><F45/><W124/><G46/><T64/><D64/><U132/><E1/><V131/><F131/><W55/><G122/><T3/><D3/><U39/><E39/><V44/><F44/><W94/><G94/><T113/><D113/><U88/><E132/><V5/><F5/><W60/><G55/><T30/><D48/><U121/><E121/><V40/><F40/><W71/><G71/><T106/><D106/><U7/><E7/><V23/><F70/><W17/><G124/><N who="0" m="47723" /><D30/><U76/><E76/><AGARI ba="0,0" hai="8,14,17,25,27,52,59,60,76,80,87,95,96,100" machi="76" ten="30,3900,0" yaku="7,1,8,1,54,1" doraHai="135" who="3" fromWho="1" sc="250,0,250,-39,250,0,250,39" /><INIT seed="1,0,0,1,2,80" ten="250,211,250,289" oya="1" hai0="115,13,43,15,125,90,12,112,45,81,98,31,25" hai1="134,52,121,11,83,92,109,129,32,99,3,1,96" hai2="37,39,2,66,65,60,47,72,77,61,20,127,113" hai3="94,10,49,26,131,76,16,71,24,107,84,38,57"/><U86/><E121/><V103/><F2/><W27/><G107/><T91/><D125/><U17/><E32/><V110/><F103/><W67/><G38/><N who="2" m="14345" /><F20/><W7/><G71/><T44/><D98/><U42/><E42/><V120/><F77/><W50/><G131/><T70/><D70/><U35/><E134/><V22/><F22/><W74/><G74/><T126/><D126/><U105/><E35/><V97/><F97/><N who="1" m="37449" /><E129/><V8/><F8/><W106/><G7/><T4/><D4/><U40/><E40/><V132/><F72/><W41/><G106/><T122/><D122/><U82/><E105/><V59/><F127/><W108/><G41/><T87/><D90/><N who="1" m="53335" /><E1/><V79/><F79/><W21/><G108/><T23/><REACH who="0" step="1"/><D43/><REACH who="0" ten="240,211,250,289" step="2"/><U104/><E104/><V53/><F120/><W119/><G76/><T55/><D55/><U75/><E109/><V111/><F113/><AGARI ba="0,1" hai="12,13,15,23,25,31,44,45,81,87,91,112,113,115" machi="113" ten="40,5200,0" yaku="1,1,52,1,53,1" doraHai="80" doraHaiUra="85" who="0" fromWho="2" sc="240,62,211,0,250,-52,289,0" /><INIT seed="2,0,0,2,5,57" ten="302,211,198,289" oya="2" hai0="118,73,121,56,126,135,82,77,114,58,45,53,125" hai1="116,96,120,94,65,100,75,68,101,89,3,24,76" hai2="18,40,69,1,32,72,104,4,81,95,44,62,128" hai3="46,131,50,130,106,61,39,112,71,47,55,97,127"/><V132/><F104/><W84/><G106/><T88/><D114/><U38/><E3/><V107/><F107/><W113/><G97/><T43/><D121/><U30/><E38/><V7/><F128/><N who="3" m="49195" /><G84/><T17/><D135/><U74/><E116/><V15/><F132/><W52/><G127/><N who="0" m="48651" /><D17/><U23/><E120/><V63/><F32/><W115/><G39/><N who="0" m="21759" /><D118/><U12/><E101/><V80/><F69/><W98/><G98/><T103/><D103/><U78/><E75/><V19/><F1/><W59/><G71/><T41/><D41/><U99/><E74/><V109/><F109/><W11/><G11/><T31/><D31/><U92/><REACH who="1" step="1"/><E12/><REACH who="1" ten="302,201,198,289" step="2"/><V20/><F72/><W102/><G102/><T108/><D108/><U16/><E16/><N who="2" m="10271" /><F4/><W123/><G123/><T27/><D27/><U66/><E66/><V70/><F7/><W14/><G14/><T13/><D13/><U124/><E124/><V90/><F18/><W86/><G86/><T42/><D73/><U134/><E134/><V64/><F19/><W85/><G85/><T26/><D26/><U119/><E119/><V9/><F9/><W60/><G115/><T2/><D2/><U0/><E0/><V37/><F80/><W54/><G113/><T28/><D82/><U21/><E21/><V35/><F35/><W49/><G112/><T5/><D5/><U129/><E129/><V22/><F22/><W6/><G6/><T87/><D87/><U79/><E79/><V29/><F29/><W25/><G25/><T110/><D28/><U111/><E111/><V34/><F34/><W67/><G67/><RYUUKYOKU ba="0,1" sc="302,-15,201,15,198,-15,289,15" hai1="23,24,30,65,68,76,78,89,92,94,96,99,100" hai3="46,47,49,50,52,54,55,59,60,61" /><INIT seed="3,1,1,0,2,20" ten="287,216,183,304" oya="3" hai0="67,109,102,62,132,133,129,48,28,108,63,93,92" hai1="125,86,118,6,51,2,97,57,96,113,119,44,13" hai2="50,49,1,58,17,54,55,114,106,27,0,45,64" hai3="36,73,68,100,122,31,40,23,41,24,77,101,11"/><W120/><G68/><T12/><D28/><U7/><E113/><V81/><F106/><W66/><G66/><T135/><D102/><U99/><E2/><V117/><F117/><N who="1" m="44553" /><E125/><V25/><F114/><W33/><G73/><T4/><D129/><U85/><E57/><V115/><F115/><W79/><G36/><T83/><D83/><U32/><E32/><V46/><F81/><W71/><G71/><T74/><D74/><U14/><E51/><V52/><F64/><W39/><G39/><T35/><D35/><U59/><E59/><V19/><F54/><W116/><G116/><T75/><D75/><U134/><E44/><V5/><F58/><W89/><G33/><T78/><D78/><U22/><E22/><V105/><F105/><W15/><G23/><T9/><D48/><U53/><E53/><V69/><F69/><W111/><G120/><T21/><D21/><U98/><N who="1" m="25088" /><DORA hai="72" /><U124/><E124/><V88/><F5/><N who="1" m="1545" /><E134/><V91/><AGARI ba="1,1" hai="0,1,17,19,25,27,45,46,49,50,52,55,88,91" machi="91" ten="25,12000,2" yaku="0,1,22,2,52,2,54,2" doraHai="20,72" who="2" fromWho="2" sc="287,-31,216,-31,183,133,304,-61" /><INIT seed="4,0,0,0,5,5" ten="256,185,316,243" oya="0" hai0="10,49,41,47,55,123,29,3,80,97,109,44,21" hai1="30,13,9,16,63,11,68,135,22,105,130,24,51" hai2="56,15,110,131,35,18,96,52,129,117,116,2,112" hai3="92,125,106,66,23,53,61,83,128,89,26,33,118"/><T126/><D126/><U45/><E135/><V82/><F2/><W34/><G118/><N who="2" m="45673" /><F35/><W113/><G106/><T50/><D123/><U71/><E105/><V122/><F122/><W42/><G113/><T107/><D109/><U115/><E130/><N who="2" m="49675" /><F112/><W87/><G128/><T48/><D80/><U111/><E111/><V39/><F39/><W103/><G125/><T1/><D49/><U98/><E115/><V132/><F132/><W54/><G42/><T77/><D77/><U17/><E98/><V0/><F0/><W104/><G34/><T32/><D32/><U99/><E99/><V28/><F28/><W7/><G7/><T94/><D107/><U91/><E91/><V31/><F31/><W6/><G6/><T58/><D44/><U72/><E72/><V101/><F82/><W43/><G43/><T79/><D79/><U124/><E63/><N who="2" m="36231" /><F110/><W8/><G33/><T59/><D58/><U127/><E127/><V95/><F15/><W81/><G83/><T40/><D40/><U108/><E108/><V46/><F18/><W62/><G81/><T119/><D3/><U12/><E124/><V60/><F60/><W73/><G62/><T93/><D1/><U121/><E121/><V76/><F46/><W134/><G61/><T69/><D119/><U120/><E120/><V37/><F37/><W25/><G134/><T100/><D29/><U67/><E67/><V4/><F76/><W84/><G66/><T133/><D133/><U38/><E38/><V27/><F4/><W86/><G104/><T19/><D94/><U90/><E90/><V78/><F78/><RYUUKYOKU ba="0,0" sc="256,-15,185,15,316,15,243,-15" hai1="9,11,12,13,16,17,22,24,30,45,51,68,71" hai2="27,95,96,101" /><INIT seed="5,1,0,1,2,29" ten="241,200,331,228" oya="1" hai0="59,127,48,80,71,64,67,50,66,72,119,43,40" hai1="21,19,113,131,25,31,84,126,128,107,28,65,18" hai2="97,92,1,94,49,45,60,121,8,86,122,105,36" hai3="102,101,33,85,35,77,12,81,117,104,58,47,90"/><U61/><E107/><V68/><F36/><W111/><G111/><T120/><D72/><U10/><E84/><V55/><F105/><W78/><G78/><T134/><D80/><U30/><E61/><V82/><F1/><W69/><G69/><T56/><D119/><U83/><E83/><V88/><F8/><W96/><G102/><T23/><D120/><U103/><E65/><V91/><F68/><W89/><G117/><T13/><D71/><U2/><E103/><V100/><REACH who="2" step="1"/><F60/><REACH who="2" ten="241,200,321,228" step="2"/><W11/><G104/><T114/><D127/><U9/><E126/><V133/><F133/><W14/><G11/><T106/><D134/><U63/><E63/><V70/><F70/><W123/><G123/><T32/><D106/><U124/><E124/><V44/><F44/><W24/><G47/><T54/><D67/><U7/><E113/><V4/><F4/><W17/><G58/><T6/><D114/><U26/><E10/><V99/><AGARI ba="1,1" hai="45,49,55,82,86,88,91,92,94,97,99,100,121,122" machi="99" ten="20,8000,1" yaku="1,1,0,1,7,1,54,1,53,1" doraHai="29" doraHaiUra="79" who="2" fromWho="2" sc="241,-21,200,-41,321,93,228,-21" /><INIT seed="6,0,0,1,2,120" ten="220,159,414,207" oya="2" hai0="22,74,82,70,126,132,110,76,11,16,39,78,12" hai1="65,135,107,124,23,87,105,30,10,13,96,52,35" hai2="50,95,1,98,3,47,101,26,7,64,20,32,56" hai3="25,79,60,127,81,28,48,99,27,33,83,49,91"/><V38/><F38/><W117/><G117/><T93/><D70/><U88/><E135/><V118/><F32/><W21/><G127/><T54/><D132/><U40/><E124/><V17/><F118/><W44/><G60/><T2/><D126/><U69/><E40/><V104/><F104/><W123/><G123/><T58/><D78/><U112/><E112/><V94/><F94/><W9/><G9/><T134/><D39/><U86/><E35/><V114/><F114/><W100/><G91/><T37/><D134/><U71/><E107/><V45/><F45/><W90/><G90/><T131/><D131/><U43/><E43/><V19/><F7/><W53/><G49/><T57/><D37/><U133/><E133/><V77/><F77/><W67/><G67/><T130/><D130/><U84/><E65/><V8/><F8/><W115/><G115/><T61/><D57/><U41/><E41/><V18/><F1/><W72/><G72/><T5/><REACH who="0" step="1"/><D93/><REACH who="0" ten="210,159,414,207" step="2"/><N who="1" m="56359" /><E105/><V80/><F56/><W121/><G79/><T116/><D116/><U75/><E69/><V62/><F62/><W102/><G121/><T0/><D0/><U68/><E71/><V29/><F3/><W6/><G44/><T85/><D85/><U51/><E68/><V89/><F64/><W128/><G128/><T73/><D73/><U109/><E75/><V36/><F36/><W66/><G66/><T24/><D24/><N who="1" m="16671" /><E87/><V97/><F97/><W111/><G99/><T59/><D59/><N who="1" m="33183" /><E109/><AGARI ba="0,1" hai="2,5,11,12,16,22,54,58,61,74,76,82,109,110" machi="109" ten="40,8000,1" yaku="1,1,52,2,54,1,53,1" doraHai="120" doraHaiUra="15" who="0" fromWho="1" sc="210,90,159,-80,414,0,207,0" /><INIT seed="7,0,0,1,3,20" ten="300,79,414,207" oya="3" hai0="91,103,62,111,125,44,112,69,51,63,28,61,122" hai1="26,84,88,114,87,107,35,77,83,89,39,9,3" hai2="33,121,94,95,1,74,10,58,127,123,48,128,50" hai3="14,102,13,25,99,6,110,80,100,34,115,17,64"/><W120/><G120/><N who="2" m="46153" /><F74/><W40/><G102/><T5/><D103/><U16/><E39/><V55/><F33/><W108/><G40/><T11/><D28/><U41/><E107/><V72/><F72/><W0/><G64/><T101/><D91/><U4/><E114/><V52/><F127/><W8/><G115/><T53/><D125/><U54/><E41/><V96/><F128/><W2/><G80/><T27/><D101/><U73/><E73/><V92/><F10/><N who="3" m="6327" /><G99/><T36/><D112/><U24/><E35/><V113/><F113/><W126/><G100/><T116/><D116/><U65/><E65/><V130/><F130/><W57/><G57/><T29/><D122/><U47/><E77/><V70/><F70/><W132/><G132/><T18/><D18/><U31/><BYE who="0" /><E31/><V7/><F7/><W22/><G126/><T60/><D60/><U119/><E119/><V75/><F75/><W49/><G49/><T23/><D23/><U21/><E47/><N who="2" m="27679" /><F1/><N who="3" m="619" /><G34/><T135/><D135/><U46/><E46/><V12/><F96/><W82/><G82/><T37/><D37/><U97/><E97/><V106/><F106/><W67/><G67/><T19/><D19/><AGARI ba="0,0" hai="6,8,14,19,22,25,108,110" m="619,6327" machi="19" ten="30,5800,0" yaku="34,2,52,1" doraHai="20" who="3" fromWho="0" sc="300,-58,79,0,414,0,207,58" /><INIT seed="7,1,0,0,4,3" ten="242,79,414,265" oya="3" hai0="10,72,76,92,109,20,75,39,63,32,116,66,4" hai1="61,102,118,67,33,119,7,15,126,103,88,91,64" hai2="124,22,87,57,45,108,55,110,13,133,37,100,52" hai3="19,129,53,135,44,59,98,73,112,107,48,96,14"/><W35/><G73/><T114/><D114/><U97/><E33/><V11/><F124/><W23/><G35/><T120/><D120/><U8/><E126/><V27/><F133/><W86/><G112/><T93/><D93/><U21/><E21/><V50/><F37/><W122/><G135/><T28/><D28/><U62/><E8/><V12/><F100/><W113/><G113/><T24/><D24/><U131/><E15/><V99/><F99/><W128/><G122/><T104/><D104/><U70/><E131/><N who="3" m="50250" /><G107/><T101/><D101/><U56/><E56/><V132/><F132/><W115/><G115/><T42/><D42/><U5/><E97/><V49/><F87/><W38/><G86/><T30/><D30/><U82/><REACH who="1" step="1"/><E82/><REACH who="1" ten="242,69,414,265" step="2"/><V46/><F57/><W130/><G130/><T127/><D127/><U71/><AGARI ba="1,1" hai="5,7,61,62,64,67,70,71,88,91,102,103,118,119" machi="71" ten="25,16000,3" yaku="1,1,2,1,0,1,22,2,52,2,54,1,53,0" doraHai="3" doraHaiUra="31" who="1" fromWho="1" sc="242,-41,69,173,414,-41,265,-81" owari="201,-20.0,242,4.0,373,48.0,184,-32.0" /></mjloggm>