<mjloggm ver="2.3"><GO type="233" lobby="0"/><UN n0="%E6%9D%BE%E5%B1%8B%E3%81%8A%E3%81%98%E3%81%95%E3%82%93" n1="%E3%81%8A%E3%81%98%E3%81%95%E3%82%93" n2="%6E%61%6B%61%6A%75%75%6E" n3="%E3%82%A6%E3%83%AB%E3%83%88%E3%83%A9%E7%AB%8B%E7%9B%B4" dan="17,16,18,17" rate="2099.72,2113.48,2169.72,2210.66" sx="M,M,M,M"/><TAIKYOKU oya="0"/><INIT seed="0,0,0,1,5,50" ten="250,250,250,250" oya="0" hai0="95,4,48,109,77,113,23,14,18,135,8,122,67" hai1="82,130,53,15,39,129,84,36,60,74,45,75,134" hai2="6,119,19,126,133,108,10,131,79,5,104,69,44" hai3="55,29,17,66,41,88,2,99,102,38,59,65,97"/><T124/><D113/><U118/><E118/><V64/><F64/><W96/><G2/><T123/><D124/><U13/><E134/><V27/><F79/><W98/><G29/><T101/><D135/><U91/><E13/><V76/><F76/><W12/><G41/><T54/><D77/><U128/><E15/><N who="2" m="7671" /><F44/><W61/><G38/><N who="1" m="14378" /><E45/><V62/><F69/><W20/><REACH who="3" step="1"/><G88/><REACH who="3" ten="250,250,250,240" step="2"/><T89/><D101/><U105/><E130/><V73/><F131/><W80/><G80/><T86/><D109/><U127/><E129/><V47/><F108/><W58/><G58/><N who="0" m="33095" /><D67/><U83/><E128/><V32/><F133/><W68/><G68/><T117/><D117/><U49/><E83/><V30/><F119/><W81/><G81/><T63/><D63/><U0/><E60/><V70/><F62/><W34/><G34/><T1/><AGARI ba="0,1" hai="1,4,8,14,18,23,86,89,95,122,123" m="33095" machi="1" ten="30,3000,0" yaku="25,1,52,1" doraHai="50" who="0" fromWho="0" sc="250,40,250,-10,250,-10,240,-10" /><INIT seed="0,1,0,0,3,17" ten="290,240,240,230" oya="0" hai0="111,83,18,36,134,129,86,99,58,3,54,119,73" hai1="42,132,47,78,35,110,31,85,77,126,0,74,105" hai2="121,115,106,60,33,75,29,62,133,12,51,82,112" hai3="101,63,92,68,32,118,24,30,13,41,23,102,72"/><T21/><D119/><U55/><E0/><V94/><F121/><W88/><G72/><T89/><D73/><U76/><E74/><V38/><F106/><W49/><G118/><T25/><D134/><U14/><E105/><V39/><F33/><W80/><G80/><T98/><D129/><U46/><E132/><V64/><F133/><W10/><G32/><T1/><D36/><U19/><E31/><V22/><F51/><W108/><G108/><T130/><D130/><U45/><E35/><V125/><F125/><W34/><G34/><T8/><D111/><U16/><E110/><V56/><F94/><W27/><G27/><T96/><REACH who="0" step="1"/><D8/><REACH who="0" ten="280,240,240,230" step="2"/><U95/><E126/><V69/><F39/><W109/><G109/><T81/><D81/><U28/><E42/><V40/><F75/><W67/><G41/><T122/><D122/><U120/><E120/><V71/><F82/><W65/><G49/><AGARI ba="1,1" hai="1,3,18,21,25,49,54,58,83,86,89,96,98,99" machi="49" ten="40,3900,0" yaku="1,1,52,1,53,0" doraHai="17" doraHaiUra="123" who="0" fromWho="3" sc="280,52,240,0,240,0,230,-42" /><INIT seed="0,2,0,3,2,29" ten="332,240,240,188" oya="0" hai0="53,111,73,8,76,23,99,10,5,78,4,100,128" hai1="18,19,30,88,113,62,37,44,55,77,42,107,115" hai2="74,11,127,118,15,9,17,59,75,56,27,70,1" hai3="71,61,0,34,66,48,33,46,87,106,105,38,22"/><T13/><D128/><U41/><E107/><N who="3" m="40970" /><G22/><T83/><D111/><U84/><E77/><V131/><F70/><W122/><G87/><T119/><D119/><U40/><E37/><V79/><F131/><W32/><G48/><T72/><D23/><U50/><E30/><V92/><F118/><W110/><G110/><T124/><D124/><U125/><E125/><V82/><F74/><W57/><G57/><T101/><D99/><U69/><E69/><V20/><F127/><W24/><G122/><T90/><D90/><U132/><E132/><V2/><F92/><W64/><G64/><T114/><D114/><N who="1" m="43531" /><E62/><V97/><F97/><W102/><G102/><T16/><D4/><U93/><AGARI ba="2,0" hai="18,19,40,41,42,44,50,55,84,88,93" m="43531" machi="93" ten="30,2000,0" yaku="11,1,54,1" doraHai="29" who="1" fromWho="1" sc="332,-12,240,26,240,-7,188,-7" /><INIT seed="1,0,0,0,4,118" ten="320,266,233,181" oya="1" hai0="19,61,98,119,131,60,125,50,90,135,28,126,97" hai1="20,41,43,132,34,13,26,47,68,103,106,10,123" hai2="107,70,16,52,86,63,117,62,21,129,87,110,29" hai3="77,73,109,96,30,3,36,55,69,100,116,42,40"/><U0/><E68/><V71/><F117/><W89/><G116/><T91/><D119/><U59/><E132/><V44/><F107/><W80/><G109/><T94/><D135/><U108/><E108/><V114/><F110/><W22/><G69/><T51/><D94/><U121/><E59/><V58/><F129/><W17/><G3/><T37/><D19/><N who="1" m="10351" /><E103/><V64/><F114/><W113/><G113/><T57/><D57/><U4/><E106/><V81/><F29/><W45/><G30/><T127/><D127/><U85/><E85/><V15/><F44/><W32/><G32/><T5/><D28/><N who="1" m="19735" /><E43/><V2/><F2/><W74/><G89/><T27/><D37/><AGARI ba="0,0" hai="0,4,10,37,41,47,121,123" m="19735,10351" machi="37" ten="30,5800,0" yaku="24,1,52,2" doraHai="118" who="1" fromWho="0" sc="320,-58,266,58,233,0,181,0" /><INIT seed="1,1,0,3,0,77" ten="262,324,233,181" oya="1" hai0="6,37,0,85,36,43,121,99,7,45,90,40,122" hai1="84,23,26,56,53,15,66,75,127,110,72,35,88" hai2="125,73,39,4,5,114,118,134,123,105,61,81,41" hai3="106,97,111,86,100,64,91,21,130,38,128,104,107"/><U80/><E66/><V50/><F50/><W79/><G38/><T126/><D0/><U20/><E35/><V13/><F13/><W9/><G64/><T48/><D126/><U78/><E127/><V49/><F49/><W52/><G9/><T74/><D74/><U31/><E110/><V101/><F61/><W76/><G21/><T87/><D99/><U58/><E75/><V115/><F125/><W57/><G52/><T47/><D90/><U46/><E72/><V1/><F118/><W95/><G57/><N who="1" m="22122" /><E78/><N who="3" m="29738" /><G111/><T30/><D48/><N who="1" m="28823" /><E23/><V3/><F39/><W71/><G71/><T96/><D30/><U124/><E124/><V51/><F73/><W113/><G113/><T27/><D27/><U59/><N who="1" m="22130" /><U120/><DORA hai="103" /><E120/><V69/><F123/><W32/><G32/><T14/><D14/><AGARI ba="1,0" hai="14,15,20,26,31,80,84,88" m="28823,22130" machi="14" ten="30,5800,0" yaku="8,1,52,1,54,1" doraHai="77,103" who="1" fromWho="0" sc="262,-61,324,61,233,0,181,0" /><INIT seed="1,2,0,1,4,116" ten="201,385,233,181" oya="1" hai0="126,127,15,134,131,100,29,47,1,28,121,66,12" hai1="93,96,16,84,90,44,129,43,10,61,48,55,74" hai2="133,67,19,3,118,83,46,73,68,115,69,110,6" hai3="11,2,120,117,59,32,26,24,5,112,98,89,23"/><U25/><E74/><V49/><F118/><W0/><G59/><T105/><D1/><N who="3" m="617" /><G89/><T52/><D66/><U88/><E129/><V125/><F110/><W97/><G98/><T109/><D109/><U56/><E10/><V27/><F73/><W94/><G94/><T31/><D131/><U30/><E16/><V60/><F83/><W21/><G97/><T82/><D82/><U135/><E135/><V70/><F133/><W36/><G36/><T99/><D134/><U77/><E77/><V102/><F102/><W76/><G76/><T38/><D121/><U40/><E40/><V39/><F39/><W79/><G79/><T101/><D101/><U62/><E62/><V41/><F115/><W132/><G132/><T18/><D38/><U42/><E42/><V14/><F125/><N who="0" m="47626" /><D18/><U53/><E43/><V7/><F70/><W51/><G51/><AGARI ba="2,0" hai="12,15,28,29,31,47,51,52,99,100,105" m="47626" machi="51" ten="30,2000,0" yaku="18,1,54,1" doraHai="116" who="0" fromWho="3" sc="201,26,385,0,233,0,181,-26" /><INIT seed="2,0,0,0,5,49" ten="227,385,233,155" oya="2" hai0="112,75,74,131,109,14,107,33,79,82,46,51,84" hai1="9,48,126,92,128,35,100,31,26,97,89,22,15" hai2="32,43,86,116,68,114,96,110,113,1,81,64,8" hai3="57,13,20,58,87,37,70,130,63,17,61,132,12"/><V80/><F116/><W45/><G130/><T18/><D112/><U122/><E128/><V85/><F32/><W123/><G132/><T106/><D131/><U105/><E126/><V67/><F43/><W108/><G108/><T104/><D33/><U66/><E66/><V16/><F96/><W78/><G70/><T119/><D109/><U99/><E122/><V21/><F110/><W40/><G123/><T62/><D62/><U25/><E48/><V91/><F68/><W54/><G13/><T134/><D134/><U90/><E90/><V60/><F1/><W4/><G4/><T102/><D102/><U115/><E115/><V133/><F8/><W39/><G39/><T111/><D111/><U3/><E3/><V120/><F133/><W2/><G2/><T53/><REACH who="0" step="1"/><D119/><REACH who="0" ten="217,385,233,155" step="2"/><U118/><E118/><V19/><F120/><W55/><REACH who="3" step="1"/><G87/><REACH who="3" ten="217,385,233,145" step="2"/><T129/><D129/><U69/><E69/><V41/><F114/><W117/><G117/><T77/><D77/><AGARI ba="0,2" hai="12,17,20,37,40,45,54,55,57,58,61,63,77,78" machi="77" ten="40,12000,2" yaku="1,1,9,1,52,2,53,2" doraHai="49" doraHaiUra="59" who="3" fromWho="0" sc="217,-120,385,0,233,0,145,140" /><INIT seed="3,0,0,2,4,16" ten="97,385,233,285" oya="3" hai0="13,21,88,91,85,119,107,18,121,100,41,135,51" hai1="20,65,33,29,94,70,27,26,30,130,71,47,89" hai2="87,132,96,128,40,36,112,78,11,79,37,66,32" hai3="124,35,0,76,75,52,45,68,63,72,64,80,48"/><W34/><G0/><T44/><D119/><U77/><E77/><V95/><F112/><W102/><G124/><T106/><D121/><U129/><E47/><V108/><F32/><W58/><G75/><T110/><D110/><U81/><E81/><V23/><F108/><W57/><G102/><T15/><D135/><U90/><E90/><V2/><F66/><W105/><G105/><T74/><D74/><U113/><E113/><V120/><F132/><W127/><G127/><T82/><D100/><U5/><E5/><V8/><F2/><W131/><G131/><N who="1" m="50186" /><E65/><V7/><F128/><W93/><G93/><T92/><REACH who="0" step="1"/><D15/><REACH who="0" ten="87,385,233,285" step="2"/><U49/><E49/><V116/><F116/><W24/><G24/><T1/><D1/><U125/><E125/><V83/><F120/><W109/><G109/><T99/><AGARI ba="0,1" hai="13,18,21,41,44,51,82,85,88,91,92,99,106,107" machi="99" ten="20,8000,1" yaku="1,1,0,1,7,1,52,1,54,1,53,0" doraHai="16" doraHaiUra="55" who="0" fromWho="0" sc="87,90,385,-20,233,-20,285,-40" /><INIT seed="4,0,0,4,0,69" ten="177,365,213,245" oya="0" hai0="116,20,21,4,86,97,58,51,10,70,133,28,83" hai1="38,126,123,14,1,50,90,63,61,22,11,47,29" hai2="109,104,8,26,19,106,65,130,43,107,102,85,135" hai3="68,44,17,39,67,115,95,89,13,129,124,72,27"/><T103/><D70/><U127/><E38/><V71/><F109/><W57/><G72/><T121/><D116/><U3/><E123/><V75/><F75/><W5/><G68/><T94/><D121/><U49/><E90/><V55/><F135/><W88/><G124/><N who="1" m="47658" /><E22/><V118/><F130/><W105/><G105/><T79/><D133/><U120/><E29/><V34/><F118/><W12/><G129/><T77/><D77/><U113/><E120/><V99/><F85/><W32/><G115/><T76/><D76/><U2/><E113/><V73/><F73/><W53/><G67/><T56/><D51/><N who="1" m="19467" /><E47/><V119/><F55/><W125/><G39/><T112/><D112/><U134/><E134/><V16/><F43/><W40/><G44/><T35/><D35/><U91/><E91/><V45/><F45/><W25/><G40/><T30/><D20/><U92/><E92/><V82/><F82/><W36/><G36/><T24/><REACH who="0" step="1"/><D30/><REACH who="0" ten="167,365,213,245" step="2"/><U66/><E63/><N who="2" m="40383" /><F119/><W114/><G32/><T110/><D110/><U128/><E128/><V100/><F8/><W6/><G114/><T81/><D81/><U96/><E61/><V18/><F102/><W64/><G125/><T60/><D60/><U59/><E11/><V41/><F41/><W62/><G62/><T37/><D37/><U93/><E66/><V101/><F101/><W74/><G64/><T0/><AGARI ba="0,1" hai="0,4,10,21,24,28,56,58,79,83,86,94,97,103" machi="0" ten="20,7800,0" yaku="1,1,0,1,7,1,53,1" doraHai="69" doraHaiUra="33" who="0" fromWho="0" sc="167,88,365,-26,213,-26,245,-26" /><INIT seed="4,1,0,0,1,26" ten="255,339,187,219" oya="0" hai0="63,40,35,89,12,53,119,122,86,131,69,33,57" hai1="77,15,6,44,112,117,50,4,48,10,7,75,111" hai2="9,95,31,100,121,20,11,65,116,70,52,38,82" hai3="90,28,67,127,87,134,130,109,55,102,114,29,46"/><T17/><D119/><U97/><E117/><V19/><F121/><W16/><G109/><T58/><D69/><U37/><E111/><V110/><F38/><W71/><G71/><T84/><D122/><U5/><E112/><V25/><F110/><W43/><G114/><T129/><D40/><U96/><E37/><V88/><F116/><W125/><G67/><T105/><D105/><U42/><E75/><V107/><F82/><W83/><G102/><T1/><D1/><U49/><E77/><V91/><F70/><W21/><G55/><T115/><D115/><U76/><E76/><V123/><F65/><W132/><G130/><N who="0" m="49675" /><D58/><U124/><E124/><N who="3" m="47690" /><G134/><T62/><D62/><U118/><E118/><V106/><F106/><W24/><G132/><T81/><D84/><U85/><E85/><N who="2" m="52623" /><F107/><W36/><AGARI ba="1,0" hai="16,21,24,28,29,36,43,46,83,87,90" m="47690" machi="36" ten="30,7900,0" yaku="18,1,52,2,54,1" doraHai="26" who="3" fromWho="3" sc="255,-40,339,-21,187,-21,219,82" /><INIT seed="5,0,0,1,3,110" ten="215,318,166,301" oya="1" hai0="39,4,115,21,1,78,59,43,64,3,27,0,122" hai1="42,72,63,134,45,127,117,123,16,135,108,25,82" hai2="100,48,120,89,57,114,24,41,55,101,40,2,85" hai3="14,6,87,90,5,81,70,17,50,109,28,130,53"/><U99/><E117/><V52/><F120/><W15/><G70/><T38/><D122/><U71/><E123/><V75/><F75/><W47/><G109/><T133/><D78/><U77/><E108/><V126/><F2/><W94/><G130/><T74/><D74/><U86/><E127/><V8/><F126/><W69/><G69/><T23/><D43/><N who="2" m="16458" /><F114/><W54/><G28/><T62/><D115/><U20/><E99/><V76/><F76/><W112/><G112/><T13/><D133/><N who="1" m="50699" /><E72/><V102/><F8/><W67/><G67/><T118/><D118/><U32/><E32/><V60/><F24/><W106/><G106/><T116/><D116/><U91/><E71/><V119/><F119/><W105/><G105/><T128/><D128/><U96/><E63/><V73/><F73/><W93/><G54/><T124/><D124/><U58/><E58/><N who="2" m="33031" /><F100/><W132/><G132/><T44/><D1/><U33/><E33/><V34/><F34/><W29/><G29/><T104/><D3/><U80/><E77/><V88/><F89/><W92/><REACH who="3" step="1"/><G15/><REACH who="3" ten="215,318,166,291" step="2"/><T84/><D0/><U103/><E42/><V61/><F60/><W49/><G49/><T129/><D62/><U51/><E51/><V37/><F37/><W7/><G7/><T9/><D39/><U95/><E45/><V113/><F113/><W65/><G65/><T111/><D38/><U56/><E56/><V66/><F66/><W35/><G35/><T10/><D129/><U18/><E18/><V83/><AGARI ba="0,1" hai="55,57,61,83,85,88,101,102" m="33031,16458" machi="83" ten="30,4000,0" yaku="8,1,54,2" doraHai="110" who="2" fromWho="2" sc="215,-10,318,-20,166,50,291,-10" /><INIT seed="6,0,0,4,0,51" ten="205,298,216,281" oya="2" hai0="70,114,132,62,98,18,61,119,124,49,86,35,7" hai1="60,36,21,93,122,3,94,111,100,130,108,38,20" hai2="29,39,76,120,101,134,9,117,68,90,46,15,0" hai3="72,116,73,32,58,53,102,14,110,47,85,57,69"/><V43/><F120/><W24/><G69/><T12/><D35/><U126/><E3/><V55/><F117/><W63/><G116/><T95/><D119/><U48/><E122/><V16/><F134/><W64/><G110/><T71/><D132/><U118/><E118/><V34/><F101/><W78/><G102/><T81/><D7/><U99/><E126/><V11/><F68/><W75/><G47/><T113/><D124/><U96/><E130/><V4/><F76/><W109/><G109/><T82/><D70/><U40/><E48/><V77/><F77/><W25/><G32/><T6/><D6/><U30/><E60/><V105/><F105/><W65/><G14/><T45/><D114/><U74/><E100/><V84/><F55/><W19/><G19/><T129/><D129/><U128/><E128/><V56/><F56/><W123/><G123/><T44/><D44/><U33/><E33/><V103/><F103/><W91/><G78/><N who="0" m="46391" /><D82/><U121/><E121/><V27/><REACH who="2" step="1"/><F84/><REACH who="2" ten="205,298,206,281" step="2"/><W52/><G64/><T10/><D71/><U83/><E111/><V66/><F66/><W28/><G65/><T131/><D131/><U89/><E108/><V125/><F125/><W41/><G58/><T42/><D113/><U59/><E59/><V97/><F97/><W26/><G53/><T106/><D106/><U50/><E99/><V92/><F92/><N who="3" m="54383" /><G41/><T67/><D67/><U17/><E40/><V37/><F37/><W31/><G75/><T13/><D95/><U2/><E94/><V80/><F80/><W23/><G73/><T5/><D98/><U115/><E96/><RYUUKYOKU ba="0,1" sc="205,15,298,-15,206,15,281,-15" hai0="5,10,12,13,18,42,45,49,61,62" hai2="0,4,9,11,15,16,27,29,34,39,43,46,90" /><INIT seed="6,1,1,0,3,41" ten="220,283,221,266" oya="2" hai0="76,12,73,112,23,82,57,129,52,34,84,19,131" hai1="100,108,98,45,55,44,68,127,14,126,135,105,2" hai2="9,7,54,96,83,90,102,15,79,6,30,80,85" hai3="94,70,17,40,31,49,11,106,67,10,18,8,39"/><V133/><F133/><W32/><G106/><T29/><D112/><U5/><E68/><V24/><F54/><W77/><G39/><T4/><D4/><U134/><E108/><V103/><F7/><W92/><G32/><T72/><D34/><U97/><E2/><V16/><F6/><W46/><G31/><T56/><D29/><U65/><E65/><V61/><F61/><W114/><G114/><T128/><REACH who="0" step="1"/><D57/><REACH who="0" ten="210,283,221,266" step="2"/><U91/><E5/><V50/><F50/><AGARI ba="1,2" hai="12,19,23,50,52,56,72,73,76,82,84,128,129,131" machi="50" ten="40,8000,1" yaku="1,1,2,1,19,1,54,1,53,0" doraHai="41" doraHaiUra="116" who="0" fromWho="2" sc="210,103,283,0,221,-83,266,0" /><INIT seed="7,0,0,5,4,56" ten="313,283,138,266" oya="3" hai0="19,65,51,4,128,15,12,83,124,87,28,9,94" hai1="6,112,73,21,61,127,133,37,44,34,54,50,84" hai2="72,113,134,2,114,49,80,62,132,118,135,78,32" hai3="24,46,39,47,107,22,11,74,23,99,1,76,109"/><W8/><G109/><T86/><D124/><U60/><E73/><V57/><F32/><W116/><G116/><T55/><D128/><U64/><E34/><V18/><F2/><W7/><G11/><T16/><D28/><U3/><E127/><V66/><F118/><W81/><G47/><T95/><D65/><U111/><E111/><V31/><F31/><W123/><G123/><T89/><D87/><U45/><E37/><V119/><F119/><W125/><G125/><T10/><D4/><U104/><E104/><V117/><F117/><W13/><G13/><T120/><D120/><U106/><E106/><V77/><F77/><W131/><G131/><T67/><D67/><U126/><E3/><V43/><F18/><W91/><G24/><T29/><D29/><U96/><E6/><V33/><F33/><W130/><G130/><T35/><D35/><U115/><E21/><V42/><REACH who="2" step="1"/><F49/><REACH who="2" ten="313,283,128,266" step="2"/><W25/><G1/><T71/><D71/><N who="1" m="42375" /><E126/><V100/><F100/><W68/><G68/><T129/><D129/><U85/><E50/><V5/><F5/><W69/><G76/><T17/><D17/><U41/><E115/><AGARI ba="0,1" hai="42,43,57,62,66,72,78,80,113,114,115,132,134,135" machi="115" ten="50,8000,1" yaku="1,1,15,1,20,1,52,1,53,0" doraHai="56" doraHaiUra="26" who="2" fromWho="1" sc="313,0,283,-80,128,90,266,0" owari="313,41.0,203,-30.0,218,-18.0,266,7.0" /></mjloggm>