<mjloggm ver="2.3"><GO type="97" lobby="0"/><UN n0="%6D%61%65%73%74%6F%73%6F" n1="%E5%B0%B1%E6%B4%BB%E7%94%9F%40%E5%B7%9D%E6%9D%91%E8%BB%8D%E5%9B%A3" n2="%E5%B0%8E%E5%B8%AB%E5%B9%BB" n3="%E3%82%B3%E3%83%AB%E3%83%9C" dan="13,15,14,14" rate="1874.09,2062.05,1896.27,1955.49" sx="M,M,M,M"/><TAIKYOKU oya="0"/><INIT seed="0,0,0,3,4,36" ten="250,250,250,250" oya="0" hai0="48,115,38,49,121,29,0,14,85,1,2,74,26" hai1="22,128,117,59,87,110,50,119,13,133,41,103,72" hai2="90,43,40,52,44,64,8,55,37,101,67,99,114" hai3="66,63,105,3,57,83,95,91,102,61,16,78,30"/><T54/><D74/><U89/><E72/><V86/><F114/><W135/><G3/><T47/><D115/><U106/><E128/><V111/><F111/><W93/><G135/><T104/><D38/><U112/><E112/><V62/><F64/><W20/><G30/><T9/><D104/><U129/><E129/><V23/><F8/><W71/><G105/><T65/><D65/><U19/><E133/><V94/><F43/><W31/><G31/><T10/><D121/><U35/><E35/><V15/><F23/><W92/><G102/><T12/><D85/><U45/><E110/><V75/><F15/><W42/><G71/><T109/><D109/><U69/><E69/><V84/><F75/><W70/><G70/><T79/><D79/><U131/><E131/><V51/><F86/><W120/><G120/><T130/><D130/><U97/><REACH who="1" step="1"/><E59/><REACH who="1" ten="250,240,250,250" step="2"/><N who="2" m="37343" /><F37/><W18/><G57/><T73/><D73/><U68/><E68/><V107/><F107/><W53/><G66/><T58/><D9/><U5/><E5/><V34/><F34/><W123/><G123/><T124/><D10/><U81/><AGARI ba="0,1" hai="13,19,22,41,45,50,81,87,89,97,103,106,117,119" machi="81" ten="20,8000,1" yaku="1,1,0,1,7,1,52,1,53,1" doraHai="36" doraHaiUra="76" who="1" fromWho="1" sc="250,-40,240,90,250,-20,250,-20" /><INIT seed="1,0,0,2,5,110" ten="210,330,230,230" oya="1" hai0="9,85,65,73,1,84,44,95,64,17,2,98,46" hai1="47,27,123,96,54,39,40,20,6,53,92,11,38" hai2="21,32,108,120,105,55,62,68,7,113,31,133,66" hai3="88,3,104,87,111,125,112,56,78,26,124,122,22"/><U74/><E123/><V97/><F108/><W33/><G122/><T42/><D73/><U101/><E74/><V116/><F120/><W102/><G111/><T70/><D70/><U13/><REACH who="1" step="1"/><E38/><REACH who="1" ten="210,320,230,230" step="2"/><V12/><F116/><W121/><G121/><T76/><D1/><U131/><E131/><V16/><F133/><W51/><G124/><T128/><D128/><U49/><E49/><V35/><F32/><W93/><G33/><T71/><D2/><U57/><E57/><V99/><F35/><W67/><G51/><T59/><D59/><U30/><AGARI ba="0,1" hai="6,11,13,20,27,30,39,40,47,53,54,92,96,101" machi="30" ten="20,3900,0" yaku="1,1,0,1,7,1,53,0" doraHai="110" doraHaiUra="72" who="1" fromWho="1" sc="210,-13,320,49,230,-13,230,-13" /><INIT seed="1,1,0,4,3,117" ten="197,369,217,217" oya="1" hai0="86,134,115,129,81,113,30,99,98,24,27,48,104" hai1="85,121,61,102,130,126,73,67,96,19,132,107,109" hai2="34,89,39,40,60,35,70,77,63,22,52,106,49" hai3="53,32,108,131,59,44,29,41,0,68,16,93,82"/><U23/><E121/><V128/><F128/><W69/><G131/><T4/><D4/><U79/><E130/><V125/><F125/><W42/><G0/><T11/><D129/><U91/><E126/><V21/><F106/><W71/><G108/><T112/><D11/><U122/><E122/><V15/><F77/><W101/><G82/><T5/><D5/><U74/><E79/><V123/><F123/><W43/><G29/><T18/><D134/><U10/><E10/><V8/><F63/><N who="3" m="36335" /><G32/><T97/><D104/><U36/><E36/><V31/><F89/><W116/><G116/><T28/><D18/><U7/><E7/><V47/><F34/><W87/><G16/><T72/><D48/><U78/><E78/><V65/><F31/><W38/><G87/><T103/><D72/><U110/><E132/><V12/><F35/><W55/><G93/><T2/><D2/><U80/><E109/><V111/><F111/><W9/><G9/><T119/><D103/><U14/><REACH who="1" step="1"/><E110/><REACH who="1" ten="197,359,217,217" step="2"/><V45/><F8/><W3/><G3/><T26/><D119/><U76/><E76/><AGARI ba="1,1" hai="24,26,27,28,30,76,81,86,97,98,99,112,113,115" machi="76" ten="50,3200,0" yaku="29,2" doraHai="117" who="0" fromWho="1" sc="197,45,359,-35,217,0,217,0" /><INIT seed="2,0,0,4,0,84" ten="242,324,217,217" oya="2" hai0="29,68,60,16,69,133,26,43,9,81,106,13,77" hai1="27,55,97,47,109,25,73,95,76,33,112,120,124" hai2="0,46,57,15,8,53,91,111,131,83,110,102,78" hai3="126,70,39,118,37,10,122,34,114,132,64,44,80"/><V121/><F121/><W117/><G34/><T30/><D106/><U86/><E112/><V100/><F0/><W127/><G10/><T104/><D104/><U40/><E73/><V21/><F131/><W14/><G14/><T125/><D30/><U54/><E33/><V103/><F21/><W113/><G80/><T35/><D125/><N who="3" m="47625" /><G122/><T71/><D43/><U96/><E120/><V42/><F42/><N who="3" m="22607" /><G39/><T12/><D12/><U90/><E109/><N who="2" m="41483" /><F46/><W79/><G79/><T87/><REACH who="0" step="1"/><D133/><REACH who="0" ten="232,324,217,217" step="2"/><U105/><E124/><V108/><F108/><W48/><G132/><T61/><AGARI ba="0,1" hai="9,13,16,26,29,35,60,61,68,69,71,77,81,87" machi="61" ten="40,8000,1" yaku="1,1,2,1,0,1,54,1,53,0" doraHai="84" doraHaiUra="17" who="0" fromWho="0" sc="232,90,324,-20,217,-40,217,-20" /><INIT seed="3,0,0,2,4,37" ten="322,304,177,197" oya="3" hai0="89,25,69,114,30,8,134,128,83,127,85,116,93" hai1="78,77,126,121,103,75,46,24,104,124,76,13,66" hai2="61,92,65,41,100,27,101,98,87,122,1,60,72" hai3="18,42,95,38,102,117,132,58,80,51,107,56,96"/><W68/><G117/><T110/><D69/><U86/><E121/><V47/><F122/><W50/><G68/><T94/><D116/><U3/><E3/><V63/><F72/><W73/><G107/><T67/><D67/><U12/><E75/><V129/><F129/><W109/><G132/><T111/><D134/><U71/><E71/><V133/><F133/><W19/><G38/><T130/><D127/><N who="1" m="48683" /><E66/><V108/><F108/><N who="0" m="41514" /><D8/><U4/><E4/><V135/><F135/><W33/><G33/><N who="0" m="20687" /><D114/><U112/><E112/><V2/><F27/><W9/><G109/><T17/><D17/><U15/><E24/><V125/><F125/><W34/><G34/><T57/><D57/><U20/><E20/><V21/><F21/><W62/><G73/><T6/><D6/><U91/><E46/><V31/><F31/><W97/><G97/><N who="0" m="57519" /><D94/><N who="1" m="54647" /><E103/><V59/><F100/><W29/><G29/><T32/><D32/><U81/><E81/><V10/><F87/><W115/><G115/><T53/><D53/><U16/><E104/><V55/><F65/><N who="3" m="39111" /><G80/><T43/><D130/><U0/><E0/><V99/><F98/><W36/><G36/><T54/><D54/><U105/><E105/><V45/><F2/><W5/><G5/><T90/><D128/><U28/><E28/><V82/><F1/><W119/><G119/><T52/><D52/><U64/><E64/><V48/><F10/><W26/><G9/><T49/><D49/><U14/><N who="1" m="3584" /><DORA hai="74" /><U123/><E123/><V22/><F22/><W40/><G58/><T70/><D70/><U118/><E118/><V88/><F41/><AGARI ba="0,0" hai="41,43,83,85,90" m="57519,20687,41514" machi="41" ten="30,7700,0" yaku="6,1,14,1,52,2" doraHai="37,74" who="0" fromWho="2" sc="322,77,304,0,177,-77,197,0" owari="399,50.0,304,10.0,100,-40.0,197,-20.0" /></mjloggm>