<mjloggm ver="2.3"><GO type="97" lobby="0"/><UN n0="%E3%82%AA%E3%82%AB%E3%83%87%E3%82%B8%E9%9B%80%E5%A3%AB" n1="%E3%83%A1%E3%82%A4%E5%AD%90" n2="%E5%85%A8%E5%B1%80%E5%8F%82%E5%8A%A0%E5%9E%8B%E9%9B%80%E5%A3%AB" n3="%E5%B0%B1%E6%B4%BB%E7%94%9F%40%E5%B7%9D%E6%9D%91%E8%BB%8D%E5%9B%A3" dan="15,14,15,15" rate="1997.43,1914.82,2004.80,2027.14" sx="M,F,M,M"/><TAIKYOKU oya="0"/><INIT seed="0,0,0,1,4,107" ten="250,250,250,250" oya="0" hai0="82,17,79,42,88,51,104,66,117,111,25,122,92" hai1="60,8,125,3,45,44,63,73,123,115,53,130,19" hai2="98,10,33,100,64,43,36,101,124,34,108,16,96" hai3="134,103,118,112,87,57,132,78,106,18,59,30,28"/><T5/><D122/><U120/><E115/><V7/><F124/><W27/><G112/><T21/><D117/><U49/><E125/><V12/><F64/><W75/><G118/><T89/><D104/><U14/><E3/><V85/><F108/><W131/><G131/><T68/><D111/><U4/><E4/><V6/><F85/><W9/><G106/><T56/><D5/><U69/><E130/><V31/><F31/><W116/><G103/><T38/><D38/><U65/><E63/><V99/><F43/><W22/><G87/><N who="0" m="48607" /><D68/><U93/><E73/><V95/><F36/><W119/><G119/><T72/><D72/><U20/><E8/><V23/><F6/><W71/><G71/><T110/><D110/><U61/><E93/><V55/><F55/><W39/><G39/><T46/><D92/><U102/><E102/><V126/><F126/><W133/><G116/><T52/><D42/><U76/><E76/><V83/><F83/><N who="3" m="45535" /><G9/><T109/><D109/><U24/><E24/><V81/><F81/><W127/><G127/><T62/><AGARI ba="0,0" hai="17,21,25,46,51,52,56,62,66,88,89" m="48607" machi="62" ten="30,6000,0" yaku="8,1,54,2" doraHai="107" who="0" fromWho="0" sc="250,60,250,-20,250,-20,250,-20" /><INIT seed="0,1,0,4,2,2" ten="310,230,230,230" oya="0" hai0="118,122,95,55,83,75,119,14,5,69,107,28,94" hai1="77,34,79,96,98,117,63,81,97,50,35,31,101" hai2="1,131,15,90,39,46,73,135,19,44,70,53,6" hai3="9,38,60,40,121,115,127,86,71,30,72,89,76"/><T66/><D107/><U12/><E117/><V92/><F73/><W85/><G115/><T49/><D122/><U130/><E130/><V65/><F131/><W104/><G104/><T134/><D28/><U59/><E50/><V52/><F135/><W103/><G103/><T62/><D134/><U129/><E129/><V91/><F70/><W18/><G121/><T25/><D95/><U99/><E12/><V133/><F133/><W87/><G30/><T126/><D126/><U17/><E17/><V82/><F65/><W120/><G120/><T78/><D25/><U21/><E21/><V109/><F109/><W23/><G127/><T51/><D51/><U61/><E31/><V58/><F39/><W45/><G9/><T57/><REACH who="0" step="1"/><D94/><REACH who="0" ten="300,230,230,230" step="2"/><U102/><E81/><V124/><F124/><W4/><G38/><T80/><D80/><U113/><E113/><V42/><F82/><W111/><G111/><T64/><D64/><U16/><E101/><V108/><F108/><W84/><G76/><T37/><D37/><U128/><E102/><V74/><F92/><W88/><G60/><T132/><D132/><U106/><E106/><V11/><F74/><W0/><G72/><T20/><D20/><U33/><E128/><V47/><F42/><W3/><G40/><T68/><D68/><U54/><E63/><V41/><F41/><W112/><G71/><T24/><D24/><U26/><E26/><V29/><F29/><W125/><G125/><T13/><D13/><U93/><E93/><V36/><F36/><W43/><G43/><T32/><D32/><U48/><E48/><RYUUKYOKU ba="1,1" sc="300,30,230,-10,230,-10,230,-10" hai0="5,14,49,55,57,62,66,69,75,78,83,118,119" /><INIT seed="0,2,1,4,4,81" ten="330,220,220,220" oya="0" hai0="128,66,123,89,6,50,18,118,33,63,114,79,21" hai1="127,107,55,45,108,121,133,116,117,119,13,97,31" hai2="75,105,5,36,24,54,29,30,64,44,112,58,131" hai3="91,109,15,38,95,78,111,53,37,4,14,72,35"/><T42/><D33/><U22/><E107/><V67/><F112/><W27/><G72/><T59/><D114/><U134/><E97/><V68/><F105/><W61/><G78/><T125/><D123/><U94/><E94/><V10/><F75/><W100/><G100/><T135/><D118/><U126/><E55/><V82/><F131/><W20/><G35/><T103/><D128/><U83/><E45/><V113/><F113/><W34/><G34/><T115/><D115/><U65/><E83/><V84/><F68/><W8/><G8/><T23/><D103/><U120/><E65/><V106/><F106/><W17/><G4/><T132/><D79/><U25/><E13/><V43/><F67/><W110/><G38/><T60/><D6/><U129/><E129/><V96/><F64/><W49/><G61/><T88/><D125/><U7/><E7/><V41/><F41/><W1/><G37/><T92/><D23/><U26/><E108/><V46/><F96/><N who="3" m="57471" /><G1/><T19/><D19/><U52/><E52/><V73/><F73/><W98/><G98/><T57/><D132/><N who="1" m="50795" /><E26/><V12/><F46/><AGARI ba="2,1" hai="14,15,17,20,27,46,49,53,109,110,111" m="57471" machi="46" ten="30,1000,0" yaku="14,1" doraHai="81" who="3" fromWho="2" sc="330,0,220,0,220,-16,220,26" /><INIT seed="1,0,0,2,2,4" ten="330,220,204,246" oya="1" hai0="7,9,105,112,5,26,116,100,20,1,37,34,54" hai1="30,27,53,89,48,133,85,95,49,11,62,118,76" hai2="103,135,6,47,13,18,57,110,134,127,28,83,96" hai3="3,84,69,35,92,99,46,68,97,2,124,87,126"/><U121/><E121/><V42/><F127/><N who="3" m="48683" /><G35/><T52/><D37/><U67/><E118/><V101/><F6/><W90/><G46/><T29/><D116/><U72/><E72/><V64/><F28/><W79/><G79/><T102/><D112/><U33/><E76/><V93/><F110/><W15/><G15/><T8/><D34/><U22/><E33/><V61/><F83/><W50/><G50/><T113/><D113/><U123/><E123/><V0/><F0/><N who="3" m="43" /><G84/><T58/><D105/><U56/><E133/><V128/><F128/><W51/><G51/><T19/><D29/><U111/><E111/><V24/><F24/><W114/><G114/><T86/><D86/><U71/><REACH who="1" step="1"/><E11/><REACH who="1" ten="330,210,204,246" step="2"/><V117/><F117/><W120/><G120/><T63/><REACH who="0" step="1"/><D54/><REACH who="0" ten="320,210,204,246" step="2"/><U55/><E55/><V21/><F135/><W25/><G25/><T31/><D31/><U107/><E107/><V32/><F134/><W78/><G78/><T70/><D70/><AGARI ba="0,2" hai="68,69,70,87,90,92,97,99" m="43,48683" machi="70" ten="40,1300,0" yaku="18,1" doraHai="4" who="3" fromWho="0" sc="320,-13,210,0,204,0,246,33" /><INIT seed="2,0,0,1,0,9" ten="307,210,204,279" oya="2" hai0="123,91,50,89,35,84,71,131,60,113,132,80,49" hai1="46,58,106,65,116,73,62,107,61,54,37,98,82" hai2="124,90,1,70,115,133,102,43,0,76,3,8,48" hai3="53,57,47,25,63,19,32,24,38,111,39,33,51"/><V21/><F70/><W13/><G111/><T5/><D35/><U41/><E116/><V31/><F115/><W83/><G25/><T69/><D113/><U28/><E73/><V17/><F76/><W96/><G96/><T67/><D123/><U121/><E121/><V114/><F114/><W117/><G117/><T105/><D105/><U29/><E82/><V6/><F102/><W125/><G125/><T44/><D132/><U94/><E107/><V128/><F124/><W112/><G112/><T26/><D131/><U15/><E106/><V126/><F126/><W78/><G24/><T23/><D71/><U68/><REACH who="1" step="1"/><E15/><REACH who="1" ten="307,200,204,279" step="2"/><V79/><F133/><W2/><G2/><T18/><D5/><U66/><E66/><V45/><F128/><W88/><G39/><T92/><REACH who="0" step="1"/><D44/><REACH who="0" ten="297,200,204,279" step="2"/><U40/><E40/><V81/><F90/><AGARI ba="0,2" hai="28,29,37,41,46,54,58,61,62,65,68,90,94,98" machi="90" ten="30,2000,0" yaku="1,1,7,1,53,0" doraHai="9" doraHaiUra="100" who="1" fromWho="2" sc="297,0,200,40,204,-20,279,0" /><INIT seed="3,0,0,2,5,123" ten="297,240,184,279" oya="3" hai0="45,14,89,33,58,127,74,26,88,47,43,66,24" hai1="121,79,59,30,6,31,108,48,0,114,83,67,29" hai2="8,82,61,102,101,85,96,1,10,80,126,118,84" hai3="37,40,18,75,76,86,133,21,55,77,25,54,91"/><W117/><G117/><T27/><D74/><U15/><E121/><V92/><F118/><W65/><G133/><T62/><D127/><U132/><E114/><V113/><F113/><W46/><G65/><T107/><D107/><U125/><E0/><V105/><F1/><W44/><G75/><T23/><D33/><U38/><E38/><V63/><F126/><W9/><G9/><T104/><D104/><U22/><E125/><V98/><F105/><W17/><G17/><N who="0" m="10679" /><D43/><U119/><E119/><V124/><F124/><W53/><REACH who="3" step="1"/><G44/><AGARI ba="0,0" hai="24,26,27,44,45,47,58,62,66,88,89" m="10679" machi="44" ten="30,2000,0" yaku="8,1,54,1" doraHai="123" who="0" fromWho="3" sc="297,20,240,0,184,0,279,-20" owari="317,42.0,240,-16.0,184,-32.0,259,6.0" /></mjloggm>