<mjloggm ver="2.3"><GO type="97" lobby="0"/><UN n0="%E3%81%AD%E3%81%9F%E3%82%8D%E3%83%BC" n1="%E3%82%B5%E3%83%B3%E3%82%B3%E3%83%AD" n2="%E5%B0%B1%E6%B4%BB%E7%94%9F%40%E5%B7%9D%E6%9D%91%E8%BB%8D%E5%9B%A3" n3="%E5%94%90%E6%8F%9A%E5%A4%A7%E5%A5%BD%E3%81%8D" dan="14,14,15,15" rate="1945.73,1939.67,2007.65,2077.00" sx="M,M,M,M"/><TAIKYOKU oya="0"/><INIT seed="0,0,0,5,3,70" ten="250,250,250,250" oya="0" hai0="51,89,40,79,2,58,5,120,112,67,52,4,44" hai1="13,93,84,72,53,23,117,16,96,90,3,9,26" hai2="87,68,127,75,54,133,104,77,74,101,63,17,94" hai3="134,0,100,1,57,50,32,119,98,15,122,78,10"/><T108/><D108/><U33/><E72/><V35/><F104/><W28/><G119/><T55/><D120/><U8/><E117/><V11/><F35/><W27/><G122/><T56/><D112/><U41/><E41/><V59/><F127/><W12/><G134/><T62/><D79/><U39/><E39/><V22/><F133/><W25/><G78/><T88/><D2/><U123/><E123/><V36/><F36/><W106/><G25/><T37/><D55/><U113/><E113/><V125/><F125/><W121/><G121/><T19/><REACH who="0" step="1"/><D19/><REACH who="0" ten="240,250,250,250" step="2"/><U24/><E53/><V95/><F54/><N who="3" m="31959" /><G0/><T129/><D129/><U43/><E3/><V109/><F77/><W114/><G1/><T124/><D124/><U65/><E65/><V20/><F17/><W128/><G114/><T61/><D61/><U115/><E115/><V86/><F63/><W85/><G128/><T46/><D46/><U102/><E43/><V45/><F109/><W71/><G71/><T7/><AGARI ba="0,1" hai="4,5,7,37,40,44,51,52,56,58,62,67,88,89" machi="7" ten="30,12000,1" yaku="1,1,0,1,52,1,54,2,53,0" doraHai="70" doraHaiUra="99" who="0" fromWho="0" sc="240,130,250,-40,250,-40,250,-40" /><INIT seed="0,1,0,4,2,132" ten="370,210,210,210" oya="0" hai0="50,17,115,86,121,60,15,32,101,126,7,56,90" hai1="89,22,1,76,113,98,117,74,94,58,28,30,38" hai2="88,69,29,53,66,131,93,70,103,72,83,37,119" hai3="123,48,78,55,96,46,82,9,111,0,80,36,97"/><T100/><D126/><U49/><E38/><V92/><F119/><W77/><G111/><T109/><D115/><U27/><E1/><V40/><F131/><W13/><G123/><T64/><D121/><U129/><E129/><V130/><F130/><W6/><G36/><T110/><D32/><U99/><E113/><V14/><F29/><W107/><G107/><T71/><D7/><U91/><E117/><V95/><F103/><W62/><G0/><T133/><D133/><U12/><E12/><V16/><F53/><W52/><G62/><T45/><D71/><U19/><E76/><N who="3" m="29290" /><G55/><N who="0" m="30159" /><D110/><U61/><E74/><V124/><F72/><W116/><G116/><T21/><D109/><U127/><E49/><V26/><F26/><W84/><G80/><AGARI ba="1,0" hai="15,17,21,56,60,64,80,86,90,100,101" m="30159" machi="80" ten="30,1500,0" yaku="8,1" doraHai="132" who="0" fromWho="3" sc="370,18,210,0,210,0,210,-18" /><INIT seed="0,2,0,5,1,25" ten="388,210,210,192" oya="0" hai0="113,6,33,67,131,51,95,59,114,64,54,74,101" hai1="43,28,77,84,102,58,116,57,46,14,66,4,61" hai2="23,9,52,100,76,87,63,91,42,62,17,1,92" hai3="3,65,108,26,80,8,60,121,98,38,39,122,31"/><T83/><D131/><U53/><E102/><V110/><F110/><W118/><G108/><T10/><D33/><U15/><E116/><V5/><F42/><W7/><G118/><T86/><D74/><U79/><E28/><V16/><F100/><W21/><G98/><N who="0" m="59615" /><D113/><U47/><E84/><V130/><F130/><W24/><G80/><T119/><D119/><U123/><E123/><N who="3" m="47114" /><G24/><T129/><D129/><U111/><E111/><V109/><F109/><W48/><G48/><T126/><D126/><U88/><E88/><V22/><F76/><N who="1" m="29257" /><E43/><V97/><F87/><W75/><G75/><T127/><D127/><U68/><E68/><AGARI ba="2,0" hai="3,7,8,21,26,31,38,39,60,65,68" m="47114" machi="68" ten="30,2000,0" yaku="13,1,52,1" doraHai="25" who="3" fromWho="1" sc="388,0,210,-26,210,0,192,26" /><INIT seed="1,0,0,4,0,86" ten="388,184,210,218" oya="1" hai0="87,56,16,104,78,9,80,102,66,68,77,38,35" hai1="39,45,27,114,53,5,74,52,129,63,110,46,12" hai2="34,6,92,135,85,48,17,82,37,29,130,69,126" hai3="49,13,0,124,75,100,59,101,93,33,109,1,40"/><U106/><E74/><V134/><F37/><W105/><G75/><T122/><D122/><U84/><E106/><V76/><F69/><W23/><G33/><T55/><D38/><U51/><E114/><V119/><F119/><W36/><G36/><T121/><D121/><U108/><E129/><V20/><F6/><W32/><G32/><T132/><D35/><U81/><E27/><N who="2" m="18751" /><F126/><W54/><G124/><T90/><D132/><N who="2" m="50730" /><F48/><W50/><G109/><N who="1" m="42090" /><E63/><V43/><F43/><W58/><G105/><T64/><D68/><U25/><E25/><N who="2" m="14479" /><F92/><W67/><G93/><T128/><D128/><AGARI ba="0,0" hai="76,82,85,128,130" m="14479,50730,18751" machi="128" ten="30,1000,0" yaku="20,1" doraHai="86" who="2" fromWho="0" sc="388,-10,184,0,210,10,218,0" /><INIT seed="2,0,0,5,0,122" ten="378,184,220,218" oya="2" hai0="47,35,95,118,135,91,50,123,80,52,30,116,26" hai1="121,33,108,40,127,61,37,134,109,73,130,9,125" hai2="53,90,94,103,13,12,66,1,83,55,72,18,59" hai3="89,102,120,82,65,106,28,29,78,64,85,112,49"/><V31/><F1/><W104/><G120/><T97/><D123/><U7/><E73/><V23/><F31/><W42/><G112/><T56/><D135/><U22/><E121/><V25/><F103/><W74/><G106/><T63/><REACH who="0" step="1"/><D80/><REACH who="0" ten="368,184,220,218" step="2"/><U71/><E134/><V98/><F83/><W67/><G82/><T0/><D0/><U2/><E130/><V14/><F72/><W51/><G74/><T113/><D113/><U100/><E2/><V60/><AGARI ba="0,1" hai="12,13,14,18,23,25,53,55,59,60,66,90,94,98" machi="60" ten="30,3000,0" yaku="0,1,8,1" doraHai="122" who="2" fromWho="2" sc="368,-10,184,-10,220,40,218,-10" /><INIT seed="2,1,0,3,0,88" ten="358,174,260,208" oya="2" hai0="17,56,133,98,122,91,83,104,31,103,70,49,66" hai1="11,124,58,64,44,135,52,61,24,100,53,28,73" hai2="8,9,36,97,18,128,46,72,107,130,45,120,14" hai3="93,125,99,23,129,54,7,34,2,76,121,89,48"/><V85/><F72/><W21/><G34/><T96/><D122/><U131/><E73/><V62/><F120/><W30/><G121/><T65/><D133/><U116/><E116/><V26/><F36/><W35/><G125/><T13/><D31/><U110/><E131/><N who="2" m="50219" /><F26/><W33/><G129/><T101/><D91/><U114/><E114/><V20/><F62/><W119/><G119/><T1/><D83/><U117/><E117/><V6/><F85/><W95/><G76/><T22/><D1/><U112/><E112/><V50/><F50/><W71/><G71/><T79/><D79/><U10/><E135/><V74/><F74/><W59/><G35/><T134/><D134/><U77/><E124/><V102/><F9/><W43/><G43/><T42/><D70/><U4/><E77/><V90/><F90/><W106/><G106/><T29/><D29/><U60/><E100/><N who="0" m="38473" /><D104/><U82/><E82/><V127/><F127/><W86/><G33/><T67/><D42/><U63/><E11/><V105/><F105/><W109/><G2/><T55/><AGARI ba="1,0" hai="13,17,22,49,55,56,65,66,67,96,98" m="38473" machi="55" ten="30,1100,0" yaku="8,1" doraHai="88" who="0" fromWho="0" sc="358,14,174,-4,260,-6,208,-4" /><INIT seed="3,0,0,5,4,60" ten="372,170,254,204" oya="3" hai0="135,88,69,22,40,13,108,80,24,81,15,63,72" hai1="4,124,49,36,103,67,75,84,68,18,37,123,20" hai2="28,78,38,61,126,30,82,95,128,70,46,48,100" hai3="52,19,129,12,32,104,101,110,76,51,133,42,120"/><W5/><G120/><T98/><D108/><U125/><E75/><V33/><F38/><W121/><G121/><T119/><D135/><U57/><E103/><V122/><F122/><W65/><G32/><T113/><D119/><U79/><E4/><V102/><F126/><W6/><G133/><T99/><D40/><U131/><E123/><V89/><F128/><W85/><G129/><T10/><D113/><U62/><E84/><N who="2" m="48215" /><F70/><W115/><G115/><T112/><D112/><U71/><E79/><V14/><F61/><W16/><G42/><T31/><D72/><U109/><E131/><V17/><F33/><W97/><G110/><T134/><D134/><U105/><E109/><V87/><F100/><W8/><G65/><T39/><D39/><N who="1" m="14923" /><E105/><V132/><F102/><W44/><G19/><T56/><D69/><N who="1" m="26699" /><E20/><N who="2" m="11319" /><F132/><W77/><G77/><T86/><D81/><U47/><E18/><V3/><F3/><W93/><G104/><T50/><D50/><U74/><E74/><V0/><F0/><W90/><G76/><T53/><D15/><U23/><E23/><V54/><AGARI ba="0,0" hai="28,30,46,48,54,87,89,95" m="11319,48215" machi="54" ten="30,1100,0" yaku="8,1" doraHai="60" who="2" fromWho="2" sc="372,-3,170,-3,254,11,204,-5" owari="369,46.0,167,-33.0,265,7.0,199,-20.0" /></mjloggm>