<mjloggm ver="2.3"><GO type="97" lobby="0"/><UN n0="%E7%B7%91%E3%81%AE%E3%81%8B%E3%82%93%E3%81%8C%E3%82%8B%E3%83%BC" n1="%41%4B%42%2D%34%38" n2="%73%68%75%6B%61" n3="%E3%83%88%E3%83%88%E3%83%AA%E5%85%88%E7%94%9F%31%39%E6%AD%B3" dan="15,14,14,15" rate="1926.60,1985.19,1936.16,2056.87" sx="M,M,M,F"/><TAIKYOKU oya="0"/><INIT seed="0,0,0,5,2,107" ten="250,250,250,250" oya="0" hai0="33,13,51,72,6,49,77,44,85,7,81,24,31" hai1="99,86,54,129,67,126,97,34,11,76,50,30,87" hai2="1,63,65,60,119,8,58,123,79,46,135,40,134" hai3="95,70,19,102,103,38,130,115,128,3,109,14,23"/><T78/><D72/><U9/><E34/><V56/><F123/><W80/><G115/><T53/><D78/><U68/><E30/><V15/><F1/><W45/><G70/><T41/><REACH who="0" step="1"/><D13/><REACH who="0" ten="240,250,250,250" step="2"/><U18/><E76/><V55/><F79/><W74/><G74/><T73/><D73/><U131/><E126/><V25/><F119/><W89/><G14/><T101/><D101/><U20/><E131/><V71/><F15/><N who="3" m="9727" /><G102/><T96/><D96/><U133/><E129/><V127/><F127/><W88/><G103/><T114/><D114/><U66/><E99/><V94/><F25/><W36/><G128/><T59/><AGARI ba="0,1" hai="6,7,24,31,33,41,44,49,51,53,59,77,81,85" machi="59" ten="20,3900,0" yaku="1,1,0,1,7,1,53,0" doraHai="107" doraHaiUra="16" who="0" fromWho="0" sc="240,49,250,-13,250,-13,250,-13" /><INIT seed="0,1,0,3,0,75" ten="289,237,237,237" oya="0" hai0="52,21,73,134,133,8,12,91,25,88,3,9,128" hai1="135,10,63,54,37,118,4,31,42,28,81,1,108" hai2="115,84,44,95,82,107,38,72,57,11,78,80,98" hai3="125,129,33,40,36,76,19,22,106,111,24,68,121"/><T47/><D128/><U45/><E118/><V5/><F115/><W53/><G106/><T94/><D3/><U103/><E103/><V124/><F107/><W109/><G68/><T69/><D69/><U85/><E108/><N who="3" m="41546" /><G129/><T127/><D127/><U41/><E41/><V56/><F124/><W130/><G130/><T55/><D73/><U83/><E83/><V20/><F20/><W67/><G67/><T18/><D47/><U2/><E2/><V92/><F38/><W49/><G36/><T116/><D116/><U13/><E135/><N who="0" m="51721" /><D8/><U27/><E27/><V43/><F43/><W112/><G40/><T34/><D34/><U126/><E1/><V6/><F44/><N who="3" m="27815" /><G125/><T71/><D71/><U104/><E104/><V46/><F46/><W110/><G110/><T87/><D91/><U15/><E15/><V105/><F105/><W131/><G131/><T64/><D64/><U16/><E4/><AGARI ba="1,0" hai="4,9,12,18,21,25,52,55,87,88,94" m="51721" machi="4" ten="30,5800,0" yaku="20,1,54,2" doraHai="75" who="0" fromWho="1" sc="289,61,237,-61,237,0,237,0" /><INIT seed="0,2,0,1,3,18" ten="350,176,237,237" oya="0" hai0="90,61,2,6,57,110,117,108,94,19,88,54,0" hai1="52,69,133,106,109,98,79,14,35,128,134,16,103" hai2="74,124,65,127,115,78,70,51,125,34,41,100,121" hai3="12,96,45,93,135,83,77,33,112,30,132,25,119"/><T62/><D117/><U8/><E35/><V7/><F121/><W81/><G119/><T113/><D113/><U116/><E116/><V82/><F115/><W75/><G112/><T20/><D62/><U56/><E69/><V118/><F118/><W37/><G83/><T95/><D6/><U31/><E31/><V42/><F34/><W47/><G12/><T28/><D28/><U9/><E79/><V84/><F100/><N who="3" m="60431" /><G37/><T13/><D94/><U17/><E109/><N who="0" m="42089" /><D90/><U23/><E128/><V92/><F7/><W105/><G105/><T60/><D60/><U55/><E8/><V26/><F65/><W129/><G129/><T24/><D13/><U91/><E91/><N who="2" m="53351" /><F70/><W86/><G33/><T38/><D38/><U3/><E3/><V46/><F26/><W22/><G25/><T48/><D48/><U97/><E97/><AGARI ba="2,0" hai="0,2,19,20,24,54,57,61,88,95,97" m="42089" machi="97" ten="30,12000,1" yaku="25,1,14,1,10,1,52,1,54,1" doraHai="18" who="0" fromWho="1" sc="350,126,176,-126,237,0,237,0" /><INIT seed="0,3,0,2,1,64" ten="476,50,237,237" oya="0" hai0="10,134,133,20,60,104,101,15,87,65,78,111,57" hai1="56,93,52,17,130,88,117,109,110,9,115,107,86" hai2="71,103,41,118,22,37,61,96,25,123,26,79,91" hai3="82,63,66,127,114,119,21,67,47,13,95,46,45"/><T23/><D111/><N who="1" m="42507" /><E117/><V80/><F123/><W73/><G114/><T55/><D101/><U81/><E107/><V3/><F118/><W0/><G0/><T27/><D104/><U28/><E28/><V135/><F3/><W90/><G119/><T54/><D78/><U4/><E130/><V106/><F135/><N who="0" m="51722" /><D87/><U105/><E105/><V102/><F102/><W68/><G127/><T59/><D65/><U44/><E44/><V50/><F37/><W11/><G21/><T30/><D20/><U19/><E93/><V2/><F2/><W89/><G67/><N who="0" m="39311" /><D59/><U112/><E4/><AGARI ba="3,0" hai="4,10,15,23,27,30,54,55" m="39311,51722" machi="4" ten="30,1500,0" yaku="20,1" doraHai="64" who="0" fromWho="1" sc="476,24,50,-24,237,0,237,0" /><INIT seed="0,4,0,1,0,127" ten="500,26,237,237" oya="0" hai0="73,65,40,18,82,89,30,50,93,52,19,128,74" hai1="118,86,124,35,132,111,32,102,88,108,129,7,130" hai2="4,90,63,28,98,125,43,21,116,17,94,120,84" hai3="46,56,60,54,79,80,34,27,9,41,11,47,107"/><T119/><D119/><U122/><E7/><V53/><F120/><W105/><G47/><T81/><D30/><U87/><E122/><V91/><F125/><W97/><G34/><T0/><D0/><U134/><E124/><V10/><F116/><W2/><G27/><T123/><D40/><U95/><E118/><V8/><F28/><W75/><G97/><T78/><D65/><U113/><E113/><V26/><F43/><W110/><G110/><N who="1" m="42026" /><E102/><V135/><F135/><N who="1" m="51753" /><E35/><V69/><F69/><W133/><G133/><T38/><D123/><U121/><E121/><V33/><F33/><W101/><G101/><T51/><D38/><U61/><E32/><V22/><F22/><W12/><G11/><T16/><D74/><U131/><E61/><V36/><F36/><N who="3" m="21799" /><G12/><T100/><D100/><U85/><AGARI ba="4,0" hai="85,86,87,88,95,129,130,131" m="51753,42026" machi="85" ten="40,16000,3" yaku="19,1,14,1,20,1,34,2,52,3,54,1" doraHai="127" who="1" fromWho="1" sc="500,-84,26,172,237,-44,237,-44" /><INIT seed="1,0,0,3,5,23" ten="416,198,193,193" oya="1" hai0="38,119,108,9,18,21,3,90,88,4,115,76,65" hai1="94,7,69,6,46,11,17,79,66,127,41,82,64" hai2="1,124,55,60,118,42,36,30,5,67,133,100,10" hai3="53,113,45,99,25,111,73,87,35,26,20,98,62"/><U31/><E31/><V32/><F118/><W130/><G73/><T15/><D119/><U89/><E127/><V83/><F124/><W29/><G113/><T22/><D115/><U14/><E69/><V58/><F133/><W114/><G114/><T91/><D108/><U74/><E7/><V134/><F134/><W71/><G111/><T47/><D65/><U132/><E132/><V86/><F100/><W40/><G130/><T92/><D76/><U34/><E34/><V101/><F101/><W63/><G87/><T19/><D47/><U135/><E6/><V125/><F125/><W109/><G109/><T128/><D128/><U95/><E95/><V122/><F122/><W112/><G112/><T104/><D104/><U56/><E56/><V123/><F123/><W44/><G44/><T61/><D61/><U54/><E54/><V49/><F36/><W13/><G13/><T24/><REACH who="0" step="1"/><D38/><REACH who="0" ten="406,198,193,193" step="2"/><U117/><E117/><V110/><F110/><W126/><G63/><T28/><D28/><U68/><E68/><V12/><F30/><W0/><G126/><T84/><AGARI ba="0,1" hai="3,4,9,15,18,19,21,22,24,84,88,90,91,92" machi="84" ten="20,8000,1" yaku="1,1,0,1,7,1,52,1,54,1,53,0" doraHai="23" doraHaiUra="59" who="0" fromWho="0" sc="406,90,198,-40,193,-20,193,-20" /><INIT seed="2,0,0,1,3,24" ten="496,158,173,173" oya="2" hai0="38,97,41,27,90,133,62,114,58,5,23,77,110" hai1="127,51,10,12,83,47,7,30,80,128,130,126,85" hai2="18,109,113,34,108,84,74,115,123,6,111,59,69" hai3="55,107,9,11,73,25,61,42,124,35,92,134,106"/><V72/><F69/><W105/><G73/><N who="2" m="28265" /><F123/><W88/><G134/><T87/><D77/><U15/><E15/><V48/><F6/><W102/><G124/><T40/><D5/><U117/><E117/><V33/><F18/><W132/><G132/><T1/><D1/><U32/><E83/><V56/><F48/><W0/><G102/><T131/><D133/><U36/><E36/><V101/><F101/><W82/><G82/><T60/><D114/><N who="2" m="43530" /><F84/><W70/><G42/><T121/><D38/><U19/><E19/><V57/><AGARI ba="0,0" hai="33,34,56,57,59,108,109,111" m="43530,28265" machi="57" ten="50,12000,1" yaku="28,2,14,1,10,1" doraHai="24" who="2" fromWho="2" sc="496,-40,158,-40,173,120,173,-40" /><INIT seed="2,1,0,0,0,58" ten="456,118,293,133" oya="2" hai0="48,100,98,35,95,37,91,16,120,36,107,21,30" hai1="83,0,84,104,59,45,111,62,89,40,92,102,118" hai2="86,11,109,64,43,117,7,50,79,24,12,124,28" hai3="1,76,123,129,2,132,38,87,126,52,20,22,77"/><V115/><F117/><W75/><G123/><T14/><D120/><U25/><E0/><V5/><F115/><W42/><G75/><T133/><D133/><U46/><E118/><V55/><F124/><W10/><G38/><T26/><D48/><U51/><E104/><V70/><F109/><W72/><G72/><T125/><D125/><U82/><E111/><V134/><F134/><W80/><G42/><T39/><D39/><U53/><E102/><V41/><F7/><W108/><G108/><T44/><D44/><U127/><E127/><V97/><F97/><AGARI ba="1,0" hai="14,16,21,26,30,35,36,37,91,95,97,98,100,107" machi="97" ten="30,2000,0" yaku="7,1,54,1" doraHai="58" who="0" fromWho="2" sc="456,23,118,0,293,-23,133,0" /><INIT seed="3,0,0,4,3,96" ten="479,118,270,133" oya="3" hai0="51,43,4,84,50,93,55,1,117,16,69,66,3" hai1="40,11,58,61,103,101,122,121,87,85,70,99,89" hai2="17,129,63,79,78,20,38,119,22,92,130,86,118" hai3="13,5,116,131,23,128,29,67,114,77,111,64,6"/><W2/><G114/><T65/><D117/><U36/><E70/><V39/><F22/><W76/><G116/><T37/><D4/><N who="3" m="1641" /><G2/><T102/><D37/><U113/><E113/><V75/><F75/><W7/><G111/><T127/><D127/><U9/><E36/><V73/><F73/><W59/><N who="3" m="1649" /><W25/><DORA hai="15" /><G13/><T95/><D1/><U32/><E32/><V105/><F105/><W21/><G21/><T44/><D3/><U125/><E125/><V108/><F108/><W68/><G68/><T24/><D69/><U49/><E122/><V107/><F107/><W19/><G29/><T31/><D31/><U83/><E121/><V26/><F39/><W71/><G71/><T80/><D66/><N who="3" m="25129" /><G59/><N who="0" m="33279" /><D65/><N who="1" m="39095" /><E87/><V10/><F38/><W8/><G8/><N who="1" m="3146" /><E99/><V120/><F120/><W27/><G27/><T0/><D0/><U47/><AGARI ba="0,0" hai="40,47,49,83,85,89,101,103" m="3146,39095" machi="47" ten="30,4000,0" yaku="8,1,52,2" doraHai="96,15" who="1" fromWho="1" sc="479,-10,118,40,270,-10,133,-20" owari="469,57.0,158,-24.0,260,6.0,113,-39.0" /></mjloggm>