<mjloggm ver="2.3"><GO type="225" lobby="0"/><UN n0="%79%69%6E%6E%65%72%30%36" n1="%EF%BC%AB%EF%BC%92" n2="%E3%82%A6%E3%83%AB%E3%83%88%E3%83%A9%E7%AB%8B%E7%9B%B4" n3="%E6%83%91%E3%80%85%E3%81%95%E3%81%9B%E3%81%A6%E3%82%88" dan="16,17,17,16" rate="2128.70,2248.70,2129.17,2139.53" sx="M,M,M,M"/><TAIKYOKU oya="0"/><INIT seed="0,0,0,5,1,78" ten="250,250,250,250" oya="0" hai0="54,21,86,0,16,62,121,126,18,30,8,128,89" hai1="52,2,110,132,76,131,33,79,98,97,13,56,61" hai2="103,102,42,94,57,26,15,95,106,53,51,83,20" hai3="134,69,34,127,108,1,75,81,65,68,46,96,4"/><T80/><D121/><U7/><E2/><V25/><F106/><W39/><G34/><T124/><D128/><U92/><E33/><V72/><F72/><W107/><G108/><T71/><D30/><U64/><E110/><V87/><F42/><N who="3" m="22879" /><G65/><T29/><D29/><U85/><E132/><V45/><F57/><W113/><G127/><N who="0" m="48683" /><D0/><U9/><E131/><V6/><F102/><N who="3" m="62919" /><G113/><T49/><D8/><U55/><E98/><N who="2" m="59863" /><F95/><W47/><G47/><N who="0" m="27967" /><D21/><U74/><E74/><V101/><F101/><W66/><G134/><T24/><D24/><U120/><E120/><V77/><F20/><W35/><G35/><T133/><D133/><U84/><E84/><V36/><F36/><W109/><G109/><T129/><D129/><U93/><E93/><V112/><F112/><W48/><G66/><AGARI ba="0,0" hai="16,18,62,66,71,80,86,89" m="27967,48683" machi="66" ten="30,5800,0" yaku="18,1,52,1,54,1" doraHai="78" who="0" fromWho="3" sc="250,58,250,0,250,0,250,-58" /><INIT seed="0,1,0,1,4,108" ten="308,250,250,192" oya="0" hai0="53,14,72,46,126,58,121,26,89,70,6,68,103" hai1="82,130,111,8,22,37,113,44,87,25,116,20,42" hai2="112,63,28,51,39,48,16,110,33,80,32,30,40" hai3="59,88,73,114,49,77,29,75,119,84,94,99,10"/><T105/><D72/><U83/><E111/><V35/><F110/><W71/><G71/><T129/><D121/><U76/><E116/><V24/><F112/><W92/><G119/><T74/><D74/><U124/><E130/><V0/><F0/><W65/><G29/><T85/><D46/><U125/><E8/><V127/><F39/><W64/><G114/><T3/><D3/><U62/><E113/><V31/><F127/><W23/><G23/><T11/><D129/><U133/><E133/><V9/><F40/><W43/><G10/><T79/><D79/><U96/><E96/><V55/><F80/><W21/><G21/><T2/><D2/><U1/><E1/><V118/><F118/><W67/><G77/><T45/><D26/><U81/><E22/><V100/><F100/><W117/><G117/><T78/><D78/><U104/><E104/><V27/><F63/><W47/><REACH who="3" step="1"/><G59/><REACH who="3" ten="308,250,250,182" step="2"/><T95/><D58/><U17/><E124/><V128/><F128/><W57/><G57/><T86/><D70/><U66/><E125/><V134/><F31/><W106/><G106/><T34/><D68/><AGARI ba="1,1" hai="17,20,25,37,42,44,62,66,68,76,81,82,83,87" machi="68" ten="30,1000,0" yaku="7,1" doraHai="108" who="1" fromWho="0" sc="308,-13,250,23,250,0,182,0" /><INIT seed="1,0,0,0,5,42" ten="295,273,250,182" oya="1" hai0="68,123,15,128,83,101,56,67,29,71,98,54,47" hai1="22,37,40,36,99,75,23,103,12,109,129,125,14" hai2="130,13,84,91,90,102,105,39,3,26,60,41,124" hai3="92,25,50,93,55,78,19,65,126,32,122,7,107"/><U51/><E75/><V77/><F3/><W135/><G122/><T111/><D111/><U9/><E125/><V87/><F130/><W113/><G113/><T119/><D119/><U108/><E129/><V117/><F117/><W134/><G107/><T1/><D1/><U4/><E51/><V11/><F77/><W2/><G65/><T5/><D29/><U132/><E132/><V70/><F102/><W127/><G78/><T121/><D128/><U131/><E131/><V21/><F105/><W33/><G93/><N who="0" m="58575" /><D67/><U100/><E100/><V118/><F60/><W86/><G86/><T69/><D83/><U133/><E133/><N who="3" m="50698" /><G92/><T18/><D5/><U74/><E74/><V94/><F70/><W48/><G48/><N who="0" m="28959" /><D56/><U24/><E14/><V82/><F118/><W52/><G55/><T76/><D76/><U46/><E36/><V106/><F106/><W31/><G33/><T110/><D110/><N who="1" m="42603" /><E24/><V20/><F124/><N who="3" m="47659" /><G19/><T88/><D121/><U72/><E72/><V80/><F94/><AGARI ba="0,0" hai="4,9,12,22,23,37,40,46,94,99,103" m="42603" machi="94" ten="30,5800,0" yaku="14,1,10,1,52,1" doraHai="42" who="1" fromWho="2" sc="295,0,273,58,250,-58,182,0" /><INIT seed="1,1,0,3,3,44" ten="295,331,192,182" oya="1" hai0="95,1,100,82,79,85,21,3,16,40,121,7,106" hai1="58,0,5,27,6,108,14,68,110,4,84,47,122" hai2="135,130,71,9,93,114,72,107,63,8,117,94,69" hai3="118,59,127,102,22,66,97,90,30,2,96,132,23"/><U80/><E68/><V56/><F72/><W70/><G2/><T33/><D33/><U41/><E122/><V38/><F38/><W81/><G132/><T53/><D121/><U49/><E0/><V34/><F34/><W99/><G127/><T113/><D113/><U57/><E27/><V103/><F107/><W45/><G70/><T125/><D40/><U87/><E14/><V52/><F117/><W112/><G112/><T109/><D109/><N who="1" m="42091" /><E87/><V29/><F71/><W104/><G118/><T78/><D7/><U55/><E41/><V13/><F69/><W77/><G30/><T123/><D123/><U11/><E11/><V19/><F135/><W60/><G45/><T48/><D1/><U76/><AGARI ba="1,0" hai="4,5,6,47,49,55,57,58,76,80,84" m="42091" machi="76" ten="30,6000,0" yaku="14,1,10,1,52,1" doraHai="44" who="1" fromWho="1" sc="295,-21,331,63,192,-21,182,-21" /><INIT seed="1,2,0,3,0,55" ten="274,394,171,161" oya="1" hai0="73,6,94,117,60,74,90,33,109,97,119,35,18" hai1="7,67,76,59,1,58,89,120,36,123,105,12,8" hai2="64,38,40,134,126,100,16,80,61,65,31,52,66" hai3="4,62,128,113,87,5,85,116,41,132,26,129,98"/><U37/><E105/><V20/><F126/><W107/><G113/><T86/><D109/><U69/><E69/><V115/><F115/><W104/><G41/><T19/><D6/><N who="3" m="2665" /><G132/><T51/><D51/><U83/><E37/><V13/><F134/><W28/><G116/><T92/><D60/><U127/><E127/><V39/><F100/><N who="3" m="62487" /><G107/><T91/><D86/><U44/><E12/><V54/><F31/><W2/><G2/><T102/><D102/><U43/><E89/><V95/><F95/><W50/><G50/><T78/><D97/><U34/><E34/><V130/><F130/><N who="3" m="50283" /><G62/><T84/><D84/><U0/><E0/><V133/><F133/><W10/><G10/><T99/><D99/><U21/><E21/><AGARI ba="2,0" hai="21,26,28,85,87" m="50283,62487,2665" machi="21" ten="30,1000,0" yaku="19,1" doraHai="55" who="3" fromWho="1" sc="274,0,394,-16,171,0,161,16" /><INIT seed="2,0,0,1,3,87" ten="274,378,171,177" oya="2" hai0="103,44,48,119,82,43,12,135,95,45,111,66,15" hai1="14,53,58,40,7,126,133,30,23,19,83,107,68" hai2="121,64,98,33,127,76,118,52,62,129,93,18,17" hai3="94,59,29,77,67,57,46,78,6,113,2,128,37"/><V26/><F121/><W32/><G32/><T90/><D111/><U116/><E107/><V35/><F118/><W102/><G29/><T122/><D122/><U74/><E68/><V73/><F127/><W91/><G102/><T114/><D114/><U28/><E133/><V36/><F36/><W39/><G39/><T117/><D66/><U21/><E40/><V50/><F129/><W13/><G2/><T97/><D135/><U99/><E7/><V27/><F76/><N who="3" m="29291" /><G37/><T120/><D120/><U86/><E74/><V80/><F80/><W106/><G106/><T22/><D45/><U8/><E126/><V70/><F73/><W123/><G123/><T54/><D43/><U61/><E99/><V42/><F42/><W125/><G125/><T134/><D134/><U60/><E60/><V69/><F69/><W71/><G71/><T101/><D103/><U124/><E116/><N who="0" m="44617" /><D22/><N who="1" m="8203" /><E124/><V31/><F35/><W5/><G113/><T104/><D82/><U65/><E65/><V115/><F115/><W88/><G128/><T108/><D108/><U56/><E56/><N who="2" m="36935" /><F33/><W24/><G67/><T89/><D104/><U16/><E19/><N who="2" m="7179" /><F70/><W20/><G59/><T55/><D55/><U130/><E130/><V0/><F0/><W9/><G57/><T84/><D101/><U34/><E34/><V110/><F110/><W3/><G3/><T47/><D47/><U75/><E75/><V4/><F31/><N who="3" m="17799" /><G46/><T63/><D63/><U41/><E30/><V11/><F50/><W1/><G94/><N who="0" m="54567" /><D48/><U72/><E28/><V109/><F109/><W105/><G105/><T85/><D44/><RYUUKYOKU ba="0,0" sc="274,-10,378,-10,171,-10,177,30" hai3="1,5,6,9,13,88,91" /><INIT seed="3,1,0,1,1,79" ten="264,368,161,207" oya="3" hai0="112,63,47,4,51,62,120,13,7,29,91,50,106" hai1="92,99,73,103,119,130,76,37,102,124,32,68,83" hai2="129,38,24,61,27,1,19,107,121,65,45,57,18" hai3="81,93,88,85,5,25,96,16,20,116,127,128,122"/><W86/><G116/><T8/><D106/><U31/><E37/><V108/><F108/><W0/><G122/><T125/><D120/><U30/><E68/><V14/><F1/><W15/><G128/><T70/><D29/><U80/><E130/><V71/><F121/><W82/><G0/><T67/><D125/><U11/><E124/><V69/><F129/><W54/><G127/><T123/><D123/><U44/><E103/><V104/><F71/><W2/><G2/><T33/><D33/><U133/><E133/><V98/><F69/><W48/><G5/><T135/><D135/><U17/><E32/><V113/><F113/><W53/><G25/><T23/><D23/><U74/><E44/><V134/><F134/><W131/><G131/><T26/><D26/><U75/><E119/><V77/><F77/><N who="3" m="46255" /><G48/><T60/><D4/><U90/><E102/><AGARI ba="1,0" hai="15,16,20,53,54,82,86,88,93,96,102" m="46255" machi="102" ten="30,12000,1" yaku="8,1,52,2,54,2" doraHai="79" who="3" fromWho="1" sc="264,0,368,-123,161,0,207,123" owari="264,6.0,245,-15.0,161,-34.0,330,43.0" /></mjloggm>