<mjloggm ver="2.3"><GO type="97" lobby="0"/><UN n0="%E3%81%BE%E3%81%8D%E3%81%97%E3%82%82%E3%82%93" n1="%73%61%69%73%73%37%37%37" n2="%74%72%69%63%6B%79" n3="%E5%B0%B1%E6%B4%BB%E7%94%9F%40%E5%B7%9D%E6%9D%91%E8%BB%8D%E5%9B%A3" dan="15,14,14,14" rate="1982.57,1876.89,1884.06,2040.41" sx="M,M,M,M"/><TAIKYOKU oya="0"/><INIT seed="0,0,0,1,3,4" ten="250,250,250,250" oya="0" hai0="63,88,12,79,127,25,69,41,76,106,35,54,13" hai1="38,24,40,130,89,0,31,59,74,119,28,65,57" hai2="48,109,19,82,122,134,52,128,16,6,32,7,116" hai3="66,132,111,126,73,112,61,77,58,110,11,107,118"/><T29/><D106/><U80/><E119/><V36/><F122/><W84/><G118/><T44/><D127/><U113/><E28/><V117/><F116/><W101/><G73/><T5/><D69/><U39/><E0/><V87/><F117/><W131/><G112/><T124/><D124/><U95/><E39/><V50/><F36/><W108/><G126/><T104/><D104/><U22/><E65/><V56/><F109/><W23/><G131/><T43/><D43/><U3/><E130/><V10/><F128/><W46/><G132/><T99/><D54/><U9/><E113/><V37/><F37/><W60/><G60/><T125/><D63/><U120/><E89/><N who="2" m="51447" /><F32/><W15/><G23/><T78/><D125/><U14/><E95/><V121/><F134/><W114/><G114/><T21/><D35/><U72/><E72/><V91/><F91/><W93/><G107/><T62/><D62/><U55/><E3/><V85/><F85/><W42/><G101/><T64/><D64/><U33/><E33/><V83/><F83/><N who="3" m="47215" /><G93/><N who="0" m="56743" /><D5/><N who="2" m="1546" /><F121/><W17/><G46/><T71/><D71/><U47/><E120/><V102/><F102/><W94/><G94/><T2/><D2/><U98/><E74/><V86/><F86/><W96/><G96/><T26/><D26/><U67/><E98/><V53/><F10/><W30/><G30/><T75/><D75/><U115/><E115/><V1/><F1/><W135/><G135/><T51/><AGARI ba="0,0" hai="12,13,21,25,29,41,44,51,76,78,79" m="56743" machi="51" ten="30,3000,0" yaku="8,1,54,1" doraHai="4" who="0" fromWho="0" sc="250,30,250,-10,250,-10,250,-10" /><INIT seed="0,1,0,2,5,35" ten="280,240,240,240" oya="0" hai0="108,95,37,134,117,54,116,24,126,59,110,0,43" hai1="129,9,89,104,30,58,4,81,85,107,106,122,98" hai2="127,65,38,25,119,26,8,16,52,94,56,82,14" hai3="101,103,64,121,113,39,57,46,7,34,131,76,84"/><T78/><D134/><U92/><E122/><V55/><F119/><N who="0" m="45642" /><D78/><U79/><E129/><V132/><F132/><W91/><G34/><T10/><D126/><U27/><E58/><V133/><F133/><W13/><G113/><T124/><D124/><U36/><E36/><V128/><F127/><W74/><G121/><T48/><D24/><N who="2" m="9322" /><F38/><W2/><G131/><T23/><D23/><U77/><E79/><V120/><F120/><W70/><G70/><T130/><D95/><U44/><E44/><V3/><F3/><W115/><G115/><T18/><D18/><U100/><E27/><V93/><F128/><W22/><G57/><N who="0" m="32967" /><D10/><U69/><E30/><V61/><F82/><N who="3" m="45335" /><G64/><T12/><D12/><U97/><E69/><V80/><F80/><N who="3" m="49543" /><G13/><AGARI ba="1,0" hai="4,9,13,77,81,85,89,92,97,98,100,104,106,107" machi="13" ten="30,1000,0" yaku="7,1" doraHai="35" who="1" fromWho="3" sc="280,0,240,13,240,0,240,-13" /><INIT seed="1,0,0,5,4,37" ten="280,253,240,227" oya="1" hai0="120,97,1,25,38,6,85,78,61,65,19,11,30" hai1="88,102,103,94,115,119,42,91,82,46,89,127,84" hai2="32,134,20,62,66,53,39,26,87,122,128,132,60" hai3="111,17,77,13,113,0,51,70,59,76,33,79,133"/><U3/><E119/><V2/><F32/><W125/><G70/><T23/><D38/><U63/><E115/><V49/><F2/><W110/><G0/><T109/><D109/><N who="3" m="41481" /><G33/><T112/><D112/><U41/><E127/><V68/><F87/><W15/><G125/><T135/><D135/><N who="2" m="51754" /><F20/><W22/><G133/><T83/><D120/><U57/><E3/><V7/><F26/><N who="3" m="14671" /><G113/><T105/><D97/><N who="1" m="57543" /><E46/><N who="2" m="27831" /><F7/><W58/><G58/><T8/><D105/><U101/><E91/><V36/><F122/><W21/><G21/><T64/><D61/><U73/><E73/><V81/><F81/><W93/><G93/><T104/><D104/><U31/><E31/><V18/><F18/><W45/><G59/><T75/><D75/><U108/><E108/><V54/><F128/><W56/><G56/><AGARI ba="0,0" hai="36,39,54,56,60,62,66,68" m="27831,51754" machi="56" ten="30,3900,0" yaku="20,1,34,2" doraHai="37" who="2" fromWho="3" sc="280,0,253,0,240,39,227,-39" /><INIT seed="2,0,0,3,0,126" ten="280,253,279,188" oya="2" hai0="84,58,36,80,99,117,86,0,98,64,50,118,34" hai1="134,78,44,87,11,89,95,53,8,13,18,20,91" hai2="10,101,32,71,116,77,106,85,7,48,39,56,104" hai3="129,113,24,55,28,42,131,120,33,115,93,130,29"/><V97/><F116/><N who="0" m="44650" /><D36/><U110/><E134/><V52/><F32/><W70/><G120/><T2/><D34/><U57/><E110/><V132/><F132/><W73/><G73/><T107/><D107/><U109/><E109/><V119/><F119/><W100/><G70/><T1/><D84/><U74/><E44/><V105/><F71/><W103/><G29/><T46/><D58/><U72/><E72/><V122/><F122/><W38/><G38/><T25/><D25/><U125/><E125/><V6/><F39/><W61/><G42/><N who="0" m="24919" /><D64/><U66/><E66/><V68/><F68/><W43/><G43/><T63/><D63/><U114/><E114/><N who="3" m="43530" /><G93/><T41/><D41/><U19/><E74/><V35/><F35/><W4/><G4/><T51/><D51/><U76/><E76/><AGARI ba="0,0" hai="0,1,2,76,80,86,98,99" m="24919,44650" machi="76" ten="40,1300,0" yaku="12,1" doraHai="126" who="0" fromWho="1" sc="280,13,253,-13,279,0,188,0" /><INIT seed="3,0,0,4,0,131" ten="293,240,279,188" oya="3" hai0="2,109,16,105,33,71,115,9,56,18,122,132,38" hai1="59,34,116,0,24,65,68,11,54,72,126,106,17" hai2="69,41,52,60,104,90,1,96,57,82,21,47,95" hai3="98,8,76,29,35,88,10,99,93,3,124,26,15"/><W62/><G124/><T80/><RYUUKYOKU type="yao9" ba="0,0" sc="293,0,240,0,279,0,188,0" hai0="2,9,16,18,33,38,56,71,80,105,109,115,122,132" /><INIT seed="3,1,0,5,3,82" ten="293,240,279,188" oya="3" hai0="56,80,41,133,101,110,81,123,94,72,57,2,85" hai1="36,115,35,20,135,54,71,134,79,127,76,111,42" hai2="19,58,59,44,68,130,39,88,105,75,108,46,29" hai3="99,40,17,38,98,67,13,104,27,107,73,0,113"/><W93/><G0/><T18/><D2/><U34/><E115/><V49/><F75/><W118/><G113/><T112/><D112/><U53/><E20/><V31/><F68/><W109/><G118/><T91/><D123/><U103/><E71/><V70/><F70/><W92/><G73/><T7/><D7/><U74/><E103/><V77/><F77/><N who="1" m="29769" /><E74/><V114/><F114/><W62/><G27/><T6/><D6/><U124/><E111/><V87/><F105/><W23/><G109/><T28/><D28/><N who="2" m="10826" /><F39/><W131/><G131/><T100/><D110/><U47/><E34/><V132/><F130/><W86/><G40/><T9/><D41/><U33/><E33/><V84/><F132/><N who="1" m="50729" /><E35/><V51/><F108/><W83/><G38/><T30/><D133/><U55/><AGARI ba="1,0" hai="36,42,47,53,54,55,124,127" m="50729,29769" machi="55" ten="40,1500,0" yaku="20,1" doraHai="82" who="1" fromWho="1" sc="293,-5,240,18,279,-5,188,-8" /><INIT seed="4,0,0,0,1,39" ten="288,258,274,180" oya="0" hai0="20,54,110,82,29,128,63,68,62,44,77,121,83" hai1="119,106,17,79,90,8,98,114,67,43,52,91,117" hai2="81,99,132,126,88,70,7,56,80,40,26,15,12" hai3="134,49,101,60,74,46,55,108,58,48,6,92,11"/><T32/><D121/><U0/><E79/><V61/><F70/><W123/><G74/><T41/><D32/><U9/><E67/><V64/><F132/><W25/><G123/><T87/><D128/><U84/><E0/><V16/><F126/><W38/><G134/><T125/><D125/><U115/><E43/><V96/><F40/><W45/><G108/><T57/><D83/><U100/><E52/><V23/><F7/><W120/><G120/><T93/><D93/><N who="1" m="54471" /><E17/><V103/><F103/><W33/><G33/><T116/><D110/><U85/><E8/><V14/><F81/><W19/><G38/><T28/><D116/><N who="1" m="44619" /><E9/><V50/><F50/><W37/><G37/><T102/><D68/><U65/><E65/><V109/><F109/><W13/><G25/><N who="0" m="16423" /><D29/><U131/><E131/><V104/><F104/><W133/><G133/><T51/><D102/><U130/><E130/><V76/><REACH who="2" step="1"/><F88/><REACH who="2" ten="288,258,264,180" step="2"/><W27/><G48/><AGARI ba="0,1" hai="41,44,48,51,54,57,62,63,77,82,87" m="16423" machi="48" ten="30,2900,0" yaku="8,1,52,1" doraHai="39" who="0" fromWho="3" sc="288,39,258,0,264,0,180,-29" owari="327,43.0,258,-14.0,264,6.0,151,-35.0" /></mjloggm>