<mjloggm ver="2.3"><GO type="225" lobby="0"/><UN n0="%E3%83%88%E3%83%88%E3%83%AA%E5%85%88%E7%94%9F%31%39%E6%AD%B3" n1="%E4%B8%96%E3%82%92%E7%9B%B4%E3%81%99%E8%80%85" n2="%E9%8A%80%E3%81%B0%E3%81%95%E3%81%BF" n3="%52%65%6D%65%6D%62%65%72" dan="18,16,18,16" rate="2282.62,2133.86,2312.93,2054.32" sx="F,M,M,M"/><TAIKYOKU oya="0"/><INIT seed="0,0,0,4,3,109" ten="250,250,250,250" oya="0" hai0="64,4,95,53,20,73,89,108,127,91,121,126,10" hai1="71,76,82,84,123,42,85,56,57,6,66,93,47" hai2="129,46,29,68,75,78,55,120,43,60,72,44,133" hai3="77,112,119,115,116,79,104,24,80,33,11,35,54"/><T98/><D121/><U39/><E123/><V74/><F120/><W110/><G104/><T49/><D73/><U58/><E6/><V62/><F129/><W86/><G110/><T92/><D108/><U25/><E25/><V122/><F122/><W8/><G24/><T83/><D83/><U105/><E105/><V23/><F133/><W111/><G111/><T125/><D20/><U31/><E31/><V103/><F103/><W3/><G54/><T41/><D41/><U134/><E134/><V14/><F78/><W17/><G17/><T2/><D64/><U88/><REACH who="1" step="1"/><E71/><REACH who="1" ten="250,240,250,250" step="2"/><V87/><F68/><W107/><G107/><T48/><REACH who="0" step="1"/><D53/><REACH who="0" ten="240,240,250,250" step="2"/><U135/><E135/><V124/><F55/><W70/><G119/><T19/><D19/><U12/><E12/><V52/><F14/><W34/><G116/><T81/><D81/><U61/><AGARI ba="0,2" hai="39,42,47,56,57,58,61,66,76,82,84,85,88,93" machi="61" ten="30,4000,0" yaku="1,1,0,1,54,1,53,0" doraHai="109" doraHaiUra="7" who="1" fromWho="1" sc="240,-20,240,60,250,-10,250,-10" /><INIT seed="1,0,0,1,0,80" ten="220,300,240,240" oya="1" hai0="124,57,84,10,112,90,128,82,75,35,81,0,123" hai1="27,36,7,119,9,94,52,37,3,104,45,46,116" hai2="71,17,93,6,15,70,100,59,111,48,118,25,22" hai3="53,5,117,126,55,83,107,79,99,28,64,101,133"/><U16/><E104/><V78/><F118/><W68/><G133/><T19/><D112/><U42/><E94/><V98/><F111/><W69/><G126/><T11/><D35/><U21/><REACH who="1" step="1"/><E52/><REACH who="1" ten="220,290,240,240" step="2"/><V8/><F93/><W86/><G53/><T74/><D124/><U4/><E4/><V91/><F6/><W62/><G55/><T38/><D123/><U47/><E47/><V67/><F67/><W134/><G5/><T66/><D66/><U32/><E32/><V132/><F132/><W72/><G117/><T33/><D33/><U50/><E50/><V29/><F48/><W1/><G134/><T39/><D38/><U109/><E109/><V43/><F43/><AGARI ba="0,1" hai="3,7,9,16,21,27,36,37,42,43,45,46,116,119" machi="43" ten="40,7700,0" yaku="1,1,9,1,54,1,53,0" doraHai="80" doraHaiUra="102" who="1" fromWho="2" sc="220,0,290,87,240,-77,240,0" /><INIT seed="1,1,0,4,5,93" ten="220,377,163,240" oya="1" hai0="125,132,0,83,38,95,126,5,18,54,104,30,45" hai1="72,28,113,31,9,66,49,103,13,116,65,68,26" hai2="60,121,130,101,48,14,29,43,34,46,61,127,74" hai3="23,1,56,58,124,42,90,108,10,69,97,129,24"/><U8/><E72/><V77/><F121/><W133/><G108/><T85/><D104/><U27/><E113/><V123/><F123/><W35/><G69/><T114/><D114/><U110/><E116/><V120/><F120/><W57/><G35/><T21/><D132/><U4/><E110/><V20/><F127/><N who="0" m="48650" /><D30/><U91/><E103/><V64/><F130/><W89/><G124/><T53/><D95/><U2/><E68/><V40/><F34/><W19/><G129/><T134/><D134/><U47/><E91/><N who="3" m="34826" /><G133/><T79/><D5/><U73/><E73/><V128/><F128/><W81/><G81/><T71/><D0/><U80/><E80/><V135/><F135/><W51/><G1/><T76/><D76/><U25/><E31/><V52/><F77/><W33/><G33/><T122/><D71/><U84/><E84/><V99/><F74/><W3/><G3/><T119/><D119/><U131/><E28/><V17/><F29/><W70/><G70/><T22/><D22/><U107/><E107/><V102/><F102/><W78/><G78/><T96/><D96/><U117/><E117/><V111/><F111/><W37/><G37/><T115/><D115/><U15/><E2/><V88/><F101/><W82/><G82/><T36/><D122/><U39/><E131/><V62/><F64/><W59/><G10/><T7/><D7/><U87/><E66/><V92/><AGARI ba="1,0" hai="14,17,20,40,43,46,48,52,60,61,62,88,92,99" machi="92" ten="30,8000,1" yaku="0,1,8,1,52,1,54,2" doraHai="93" who="2" fromWho="2" sc="220,-21,377,-41,163,83,240,-21" /><INIT seed="2,0,0,0,3,22" ten="199,336,246,219" oya="2" hai0="90,74,116,119,15,12,31,52,89,44,10,76,13" hai1="82,92,98,129,47,118,2,3,49,103,33,83,62" hai2="14,96,123,8,5,132,87,40,41,111,70,73,66" hai3="38,67,36,16,133,130,71,79,102,80,61,135,128"/><V85/><F73/><N who="3" m="43119" /><G102/><T125/><D125/><U134/><E118/><N who="0" m="45097" /><D10/><U69/><E33/><V107/><F123/><W11/><G16/><T120/><D120/><U46/><E129/><N who="3" m="49770" /><G11/><T101/><D101/><U32/><E32/><V113/><F96/><W59/><G59/><T81/><D31/><U105/><E134/><AGARI ba="0,0" hai="36,38,61,67,71,133,134,135" m="49770,43119" machi="134" ten="30,3900,0" yaku="20,1,19,1,23,1" doraHai="22" who="3" fromWho="1" sc="199,0,336,-39,246,0,219,39" /><INIT seed="3,0,0,5,2,95" ten="199,297,246,258" oya="3" hai0="17,121,28,128,87,132,18,135,14,10,59,51,115" hai1="48,60,83,55,96,19,102,130,13,131,85,7,2" hai2="46,81,92,43,35,47,116,29,0,45,44,88,84" hai3="122,36,133,106,105,127,109,20,8,50,129,71,99"/><W93/><G122/><T21/><D121/><U49/><E7/><V68/><F68/><W74/><G74/><T41/><D128/><N who="1" m="49195" /><E2/><V125/><F116/><W65/><G129/><T75/><D75/><U97/><E60/><V69/><F69/><W123/><G123/><T62/><D115/><U57/><E49/><N who="2" m="26783" /><F35/><W114/><G36/><T37/><D37/><U30/><E30/><V12/><F0/><W58/><G114/><T94/><D28/><U77/><E102/><V113/><F113/><W64/><G133/><N who="0" m="51275" /><D51/><U9/><AGARI ba="0,0" hai="9,13,19,48,55,57,77,83,85,96,97" m="49195" machi="9" ten="30,4000,0" yaku="19,1,52,2" doraHai="95" who="1" fromWho="1" sc="199,-10,297,40,246,-10,258,-20" owari="189,-31.0,337,43.0,236,-16.0,238,4.0" /></mjloggm>