<mjloggm ver="2.3"><GO type="169" lobby="0"/><UN n0="%E5%BE%80%E5%BE%A9%E3%83%93%E3%83%B3%E3%82%BF" n1="%E3%82%A6%E3%83%AB%E3%83%88%E3%83%A9%E7%AB%8B%E7%9B%B4" n2="%E3%81%A9%E3%81%8F%E3%82%8A%E3%82%93%E3%81%94%E3%82%B5%E3%83%AF%E3%83%BC" n3="%E3%81%8B%E3%81%AA%E3%81%93%E3%81%89" dan="16,18,16,16" rate="2167.30,2222.38,2040.19,2047.74" sx="M,M,F,M"/><TAIKYOKU oya="0"/><INIT seed="0,0,0,3,0,60" ten="250,250,250,250" oya="0" hai0="104,86,71,79,4,34,57,118,107,49,92,113,70" hai1="15,48,22,124,96,130,128,24,19,7,26,122,63" hai2="134,105,41,116,45,17,21,51,31,32,132,46,2" hai3="5,6,36,109,82,85,84,123,78,53,33,35,3"/><T83/><D34/><U43/><E122/><V54/><F105/><W42/><G109/><T23/><D118/><U120/><E120/><V40/><F116/><W117/><G123/><T69/><D113/><U110/><E110/><V39/><F2/><W13/><G13/><T65/><D4/><U133/><E124/><V29/><F32/><W58/><G117/><T47/><D23/><U131/><E133/><N who="2" m="51307" /><F40/><W97/><G6/><T111/><D111/><U20/><E96/><V61/><F61/><W81/><G97/><T16/><D16/><N who="1" m="12359" /><E63/><V90/><F90/><W94/><G5/><T44/><D92/><U102/><E102/><V119/><F119/><W87/><G94/><T77/><D77/><U56/><E56/><V59/><F59/><W126/><G126/><T98/><D98/><U103/><E103/><V129/><F129/><W14/><G3/><T76/><D76/><U88/><E88/><V89/><F89/><W115/><G78/><T30/><D30/><U1/><E48/><V38/><F38/><W121/><G36/><T80/><D80/><U64/><E43/><V91/><F91/><W100/><G42/><T0/><D0/><U125/><E125/><V99/><F99/><W74/><G121/><T50/><D50/><U25/><E64/><V8/><F39/><W66/><G58/><T95/><D95/><U11/><AGARI ba="0,0" hai="1,7,11,15,19,20,25,26,128,130,131" m="12359" machi="11" ten="40,8000,1" yaku="19,1,34,2,54,1" doraHai="60" who="1" fromWho="1" sc="250,-40,250,80,250,-20,250,-20" /><INIT seed="1,0,0,3,4,127" ten="210,330,230,230" oya="1" hai0="24,86,116,66,99,126,61,60,34,103,92,10,101" hai1="31,59,16,76,40,2,112,19,73,123,117,88,133" hai2="14,21,48,23,18,27,111,125,51,15,36,55,20" hai3="93,3,119,0,69,30,37,32,106,80,85,118,52"/><U57/><E123/><V94/><F36/><W72/><G106/><T115/><D126/><U50/><E117/><N who="3" m="44554" /><G37/><T1/><D116/><U104/><E104/><V28/><F125/><W131/><G69/><T26/><D115/><U41/><E2/><V105/><F105/><W45/><G72/><T43/><D43/><U78/><E73/><V11/><F111/><W47/><G93/><T110/><D110/><U77/><E112/><V35/><F94/><W12/><G12/><T67/><D86/><U70/><E70/><V4/><REACH who="2" step="1"/><F51/><REACH who="2" ten="210,330,220,230" step="2"/><N who="3" m="28783" /><G47/><AGARI ba="0,1" hai="4,11,14,15,18,20,21,23,27,28,35,47,48,55" machi="47" ten="30,7700,0" yaku="1,1,7,1,53,2" doraHai="127" doraHaiUra="8" who="2" fromWho="3" sc="210,0,330,0,220,87,230,-77" /><INIT seed="2,0,0,0,1,113" ten="210,330,307,153" oya="2" hai0="124,82,101,36,46,26,117,57,45,126,120,94,63" hai1="128,110,40,20,9,58,81,93,24,133,78,14,86" hai2="105,50,118,95,76,44,121,27,66,125,109,119,70" hai3="49,1,21,6,97,99,68,56,84,55,92,48,23"/><V10/><F121/><W13/><G68/><T130/><D120/><U60/><E110/><V127/><F105/><W69/><G69/><T4/><D130/><U98/><E133/><V43/><F76/><W39/><G39/><T131/><D131/><U108/><E108/><V28/><F109/><W132/><G1/><T79/><D4/><U25/><E40/><V123/><F123/><W47/><G132/><T72/><D26/><U107/><E107/><V17/><F95/><W112/><G84/><T67/><D36/><U104/><E20/><N who="3" m="7754" /><G112/><T38/><D38/><U52/><E104/><V135/><F135/><W31/><G31/><T111/><D111/><U71/><E71/><V61/><F10/><N who="3" m="4311" /><G92/><T88/><D101/><U19/><REACH who="1" step="1"/><E128/><REACH who="1" ten="210,320,307,153" step="2"/><V106/><F106/><W29/><G29/><T100/><D100/><AGARI ba="0,1" hai="9,14,19,24,25,52,58,60,78,81,86,93,98,100" machi="100" ten="30,12000,2" yaku="1,1,2,1,7,1,8,1,54,1,53,1" doraHai="113" doraHaiUra="91" who="1" fromWho="0" sc="210,-120,320,130,307,0,153,0" /><INIT seed="3,0,0,1,2,93" ten="90,450,307,153" oya="3" hai0="106,35,25,36,129,10,118,112,22,27,1,94,111" hai1="127,117,116,72,2,39,6,132,90,64,67,41,13" hai2="103,21,99,24,50,95,130,62,57,58,73,38,78" hai3="121,101,135,70,120,75,59,134,68,77,15,8,108"/><W115/><G115/><T46/><D118/><U56/><E72/><V3/><F38/><W5/><G108/><T81/><D111/><U85/><E2/><V80/><F3/><W69/><G101/><T51/><D106/><U61/><E127/><V131/><F50/><W97/><G97/><T114/><D36/><U100/><E100/><V126/><F126/><W110/><G110/><T12/><D129/><N who="2" m="49162" /><F62/><W40/><G40/><T52/><D1/><U7/><E132/><N who="3" m="50730" /><G59/><T105/><D105/><U84/><E41/><V104/><F104/><W91/><G91/><T23/><D35/><U128/><E90/><V49/><F49/><W37/><G37/><T123/><D123/><N who="3" m="47177" /><G77/><T107/><D107/><U11/><E56/><V98/><F98/><W55/><G55/><T54/><D94/><U76/><E76/><V66/><F66/><W34/><G34/><T65/><D65/><U96/><E96/><V31/><AGARI ba="0,0" hai="21,24,31,57,58,73,78,80,95,99,103" m="49162" machi="31" ten="30,2000,0" yaku="19,1,52,1" doraHai="93" who="2" fromWho="2" sc="90,-5,450,-5,307,20,153,-10" /><INIT seed="4,0,0,3,4,13" ten="85,445,327,143" oya="0" hai0="15,64,84,30,6,117,82,0,69,31,16,54,40" hai1="7,38,68,130,67,128,124,79,108,56,113,45,86" hai2="3,52,127,120,51,111,12,78,59,81,65,39,102" hai3="63,91,17,72,57,114,18,21,8,126,118,104,34"/><T103/><D117/><U42/><E7/><V19/><F120/><W20/><G118/><T24/><D103/><U1/><E86/><N who="2" m="48439" /><F39/><W87/><G34/><T73/><D73/><U80/><E80/><V32/><F3/><W11/><G104/><T125/><D125/><U98/><E98/><V94/><F32/><W123/><G114/><T89/><D40/><U107/><E79/><V100/><F111/><W74/><G74/><T28/><D0/><U62/><E107/><V33/><F33/><W131/><G131/><N who="1" m="50218" /><E1/><V121/><F121/><W53/><G72/><T61/><D54/><U55/><E108/><V9/><F127/><W93/><G126/><T4/><REACH who="0" step="1"/><D24/><REACH who="0" ten="75,445,327,143" step="2"/><U50/><E124/><V85/><F65/><W115/><G123/><T101/><D101/><U119/><E119/><V112/><F112/><AGARI ba="0,1" hai="38,42,45,50,55,56,62,67,68,112,113" m="50218" machi="112" ten="30,7700,0" yaku="24,1,19,1,34,2" doraHai="13" who="1" fromWho="2" sc="75,0,445,87,327,-77,143,0" /><INIT seed="5,0,0,0,5,6" ten="75,532,250,143" oya="1" hai0="133,35,14,26,25,115,103,112,41,114,3,15,28" hai1="12,82,71,9,129,1,55,38,110,4,11,73,59" hai2="40,31,86,78,124,69,64,105,58,107,23,27,70" hai3="122,65,72,102,80,87,83,76,104,97,22,54,125"/><U63/><E38/><V75/><F124/><W85/><G122/><T96/><D41/><U130/><E71/><V92/><F75/><W56/><G125/><T95/><D133/><U99/><E99/><V117/><F117/><W57/><G83/><T42/><D3/><U32/><E32/><V52/><F40/><W0/><G0/><T2/><D2/><U131/><E110/><V79/><F70/><W84/><G65/><T134/><D134/><U94/><E94/><V120/><F120/><W62/><G57/><T18/><D42/><U39/><E39/><V132/><F132/><W17/><REACH who="3" step="1"/><G72/><REACH who="3" ten="75,532,250,133" step="2"/><T101/><D101/><U33/><E82/><V20/><F64/><W48/><G48/><T123/><D123/><U128/><E73/><V135/><F135/><W10/><G10/><T113/><N who="0" m="28672" /><DORA hai="49" /><T111/><REACH who="0" step="1"/><D111/><REACH who="0" ten="65,532,250,133" step="2"/><U45/><E131/><V106/><F69/><W7/><G7/><T77/><D77/><U44/><E1/><V34/><F79/><W118/><G118/><T68/><D68/><U37/><E130/><V66/><F78/><W53/><G53/><T109/><D109/><U50/><E55/><V36/><F52/><W88/><G88/><T116/><D116/><U46/><E128/><V51/><F36/><W60/><G60/><T121/><D121/><U61/><E63/><V90/><REACH who="2" step="1"/><F51/><REACH who="2" ten="65,532,240,133" step="2"/><W100/><G100/><T67/><D67/><U47/><E50/><V126/><F126/><W16/><G16/><T89/><D89/><U21/><E37/><V13/><F13/><AGARI ba="0,3" hai="13,17,22,54,56,62,76,80,84,85,87,97,102,104" machi="13" ten="30,7700,0" yaku="1,1,7,1,52,1,53,1" doraHai="6,49" doraHaiUra="119,8" who="3" fromWho="2" sc="65,0,532,0,240,-77,133,107" /><INIT seed="6,0,0,0,2,66" ten="65,532,163,240" oya="2" hai0="128,117,36,65,71,110,107,12,100,75,68,135,72" hai1="35,20,96,52,114,13,70,81,89,129,98,76,91" hai2="58,8,27,45,95,101,131,16,50,102,48,49,88" hai3="44,82,63,113,21,64,77,14,42,104,74,11,94"/><V46/><F131/><W106/><G113/><T62/><D12/><U59/><E35/><V25/><F58/><W97/><G21/><T79/><D128/><U5/><E70/><N who="0" m="26665" /><D110/><U125/><E125/><V60/><F60/><W43/><G63/><T57/><D57/><U78/><E114/><V121/><F121/><W122/><G64/><T103/><D62/><U111/><E111/><V9/><F9/><W24/><G24/><N who="2" m="9289" /><F45/><W15/><G122/><T130/><D65/><U31/><E31/><V7/><F7/><W56/><G56/><T40/><D130/><U33/><E33/><V1/><F1/><W99/><G15/><T29/><D29/><U73/><E13/><N who="2" m="7207" /><F46/><W26/><G26/><T80/><D135/><U55/><E5/><V23/><F23/><W127/><G44/><N who="0" m="23559" /><D103/><U47/><E47/><V119/><F119/><W37/><G14/><T112/><D112/><U4/><E59/><V2/><F2/><W34/><G34/><T0/><D0/><U67/><E20/><V28/><F28/><W22/><G22/><T83/><D83/><U39/><E129/><V87/><AGARI ba="0,0" hai="48,49,50,87,88,95,101,102" m="7207,9289" machi="87" ten="30,6000,0" yaku="8,1,54,2" doraHai="66" who="2" fromWho="2" sc="65,-20,532,-20,163,60,240,-20" /><INIT seed="6,1,0,4,1,126" ten="45,512,223,220" oya="2" hai0="120,133,68,45,111,104,24,109,59,49,21,60,130" hai1="76,95,115,54,69,44,128,92,17,1,26,93,134" hai2="114,6,14,108,61,40,64,53,42,113,91,12,123" hai3="135,127,51,4,96,90,50,8,119,29,32,35,98"/><V102/><F123/><W100/><G119/><T52/><D104/><U36/><E1/><V15/><F108/><W7/><G127/><T43/><D120/><U81/><E69/><N who="2" m="42127" /><F102/><W18/><G135/><T117/><D133/><U131/><E134/><V112/><F53/><W118/><G118/><T56/><D117/><U107/><E107/><V11/><F91/><W33/><G29/><T73/><D73/><U101/><E101/><V83/><F83/><W28/><G28/><T5/><D5/><U75/><E17/><V25/><F25/><W58/><G90/><T34/><D34/><U74/><E26/><V65/><F65/><W94/><G98/><T57/><D21/><U124/><E124/><V70/><F70/><W37/><G37/><N who="0" m="21743" /><D24/><U22/><E22/><V82/><F82/><W48/><G18/><T84/><D84/><U62/><E75/><V105/><F105/><W71/><G71/><T116/><D116/><U47/><E81/><V9/><F6/><W46/><G4/><T88/><D88/><U72/><E74/><V63/><F63/><W20/><G20/><T78/><D78/><U27/><E72/><V125/><F125/><W85/><G85/><T19/><D19/><U39/><E76/><V77/><F77/><W110/><G110/><N who="0" m="41995" /><D130/><N who="1" m="49707" /><E27/><V16/><F16/><W86/><G35/><T10/><D10/><AGARI ba="1,0" hai="9,10,11,12,14,15,40,42,112,113,114" m="42127" machi="10" ten="40,2000,0" yaku="15,1" doraHai="126" who="2" fromWho="0" sc="45,-23,512,0,223,23,220,0" /><INIT seed="6,2,0,0,2,72" ten="22,512,246,220" oya="2" hai0="40,119,59,91,45,131,30,38,60,6,80,94,15" hai1="4,116,115,21,65,12,126,85,76,24,130,48,77" hai2="92,83,39,41,75,44,107,33,105,67,19,84,120" hai3="106,0,81,9,64,68,43,17,52,36,16,128,133"/><V89/><F120/><W132/><G128/><T23/><D131/><U78/><E126/><V79/><F33/><W7/><G106/><T31/><D119/><U18/><E115/><V114/><F114/><W95/><G64/><T34/><D34/><U118/><E65/><V56/><F19/><W70/><G95/><T112/><D112/><U71/><E71/><V101/><F101/><W99/><G99/><T74/><D6/><U90/><E130/><V47/><REACH who="2" step="1"/><F44/><REACH who="2" ten="22,512,236,220" step="2"/><N who="3" m="23655" /><G17/><T10/><D15/><U96/><E18/><V82/><F82/><W50/><G16/><T3/><D10/><U14/><E14/><V25/><F25/><W121/><G81/><T108/><D3/><U20/><E24/><V69/><F69/><W125/><G121/><T135/><D23/><U46/><E21/><V97/><F97/><W11/><G11/><T27/><D27/><U109/><E20/><V113/><F113/><W35/><G35/><T100/><D100/><U49/><E12/><V110/><F110/><W62/><G70/><T1/><D108/><U57/><E96/><V104/><F104/><W102/><G68/><T129/><D1/><U32/><E32/><V87/><F87/><W88/><G102/><T127/><D129/><U8/><E109/><V55/><F55/><W28/><G52/><T122/><D80/><U13/><E85/><V42/><F42/><W53/><G53/><T93/><D40/><U54/><E54/><V123/><F123/><W63/><G9/><T103/><D45/><U124/><E8/><V51/><F51/><W37/><G0/><T5/><D122/><RYUUKYOKU ba="2,1" sc="22,-10,512,-10,236,30,220,-10" hai2="39,41,47,56,67,75,79,83,84,89,92,105,107" /><INIT seed="6,3,1,0,5,58" ten="12,502,266,210" oya="2" hai0="51,126,85,77,129,110,114,28,69,78,116,125,115" hai1="93,120,2,25,29,94,31,38,12,118,95,113,96" hai2="76,33,21,65,27,88,104,98,91,74,20,35,63" hai3="54,46,42,10,83,52,66,57,105,67,128,3,40"/><V18/><F74/><W19/><G105/><T89/><D28/><U122/><E2/><V7/><F7/><W23/><G128/><T56/><D69/><U72/><E38/><V36/><F36/><W124/><G3/><T15/><D56/><U119/><E31/><N who="2" m="19711" /><F76/><N who="0" m="29290" /><D51/><U59/><E113/><N who="0" m="43017" /><D15/><U55/><E12/><N who="2" m="9287" /><F35/><W100/><G10/><T47/><D47/><U134/><E72/><V70/><F21/><W109/><G67/><T13/><D13/><U75/><E75/><V49/><F49/><W87/><G66/><T81/><D110/><U135/><E96/><V111/><F111/><W71/><G109/><T106/><D106/><U121/><E25/><V101/><AGARI ba="3,1" hai="63,65,70,88,91,98,101,104" m="9287,19711" machi="101" ten="30,6000,0" yaku="25,1,52,1,54,1" doraHai="58" who="2" fromWho="2" sc="12,-23,502,-23,266,79,210,-23" owari="-11,-51.0,479,57.0,345,15.0,187,-21.0" /></mjloggm>