<mjloggm ver="2.3"><GO type="169" lobby="0"/><UN n0="%6B%6A%30%38%32%36" n1="%E5%B0%B1%E6%B4%BB%E7%94%9F%40%E5%B7%9D%E6%9D%91%E8%BB%8D%E5%9B%A3" n2="%65%69%6B%31" n3="%6B%69%79%6F%64%61%69" dan="16,16,17,17" rate="2085.96,2176.34,2145.84,2207.07" sx="M,M,M,M"/><TAIKYOKU oya="0"/><INIT seed="0,0,0,3,5,20" ten="250,250,250,250" oya="0" hai0="83,119,116,41,35,99,60,63,133,57,120,126,79" hai1="92,28,97,100,95,98,96,101,118,132,10,26,76" hai2="117,18,61,33,37,135,6,43,87,81,131,14,68" hai3="54,15,105,109,102,48,13,130,16,71,50,72,121"/><T84/><D120/><U64/><E132/><V7/><F33/><W56/><G71/><T77/><D133/><U129/><E129/><V94/><F135/><W12/><G72/><T134/><D134/><U115/><E118/><V62/><F131/><W112/><G112/><T2/><D2/><U90/><E76/><V89/><F117/><W24/><G130/><T73/><D126/><U45/><E10/><N who="2" m="6487" /><F37/><W21/><G109/><T123/><D123/><U30/><E64/><V85/><F68/><W52/><G121/><T124/><D124/><U1/><E1/><V42/><F61/><W32/><G105/><T34/><D73/><U111/><E111/><V3/><F62/><W86/><G102/><T106/><D106/><U19/><E45/><V91/><F3/><W27/><G86/><T38/><D38/><U74/><E74/><V65/><F65/><W8/><G32/><T78/><D34/><U58/><E58/><V49/><F49/><W127/><G127/><T46/><D35/><U88/><E115/><V113/><F113/><W5/><G15/><T29/><D119/><U22/><E100/><V23/><F23/><W82/><G82/><T114/><D114/><U51/><E51/><V66/><F66/><W59/><AGARI ba="0,0" hai="5,8,12,13,16,21,24,27,48,50,52,54,56,59" machi="59" ten="20,16000,3" yaku="0,1,7,1,9,1,8,1,52,2,54,2" doraHai="20" who="3" fromWho="3" sc="250,-80,250,-40,250,-40,250,160" /><INIT seed="1,0,0,1,1,115" ten="170,210,210,410" oya="1" hai0="119,61,70,1,122,4,126,132,96,102,76,69,17" hai1="129,42,104,88,94,110,38,103,28,7,20,32,98" hai2="25,77,80,128,27,45,56,127,47,117,31,113,81" hai3="43,58,65,44,121,12,66,23,64,105,39,67,93"/><U97/><E32/><V50/><F113/><W111/><G105/><T75/><D17/><U52/><E129/><V120/><F120/><W13/><G121/><T108/><D61/><U46/><E7/><V18/><F128/><W36/><G36/><T62/><D62/><U118/><E118/><V48/><F56/><W109/><G66/><T8/><D122/><U86/><E110/><N who="3" m="41994" /><G58/><T91/><D91/><U107/><E97/><V114/><F114/><W35/><G35/><T131/><D131/><U16/><E28/><V15/><F31/><W79/><G79/><T19/><D70/><U21/><E21/><V112/><F112/><W125/><G125/><T41/><D69/><U26/><REACH who="1" step="1"/><E52/><REACH who="1" ten="170,200,210,410" step="2"/><V134/><F117/><W90/><G23/><T133/><D119/><U92/><AGARI ba="0,1" hai="16,20,26,38,42,46,86,88,92,94,98,103,104,107" machi="92" ten="20,18000,2" yaku="1,1,2,1,0,1,7,1,54,2,53,0" doraHai="115" doraHaiUra="51" who="1" fromWho="1" sc="170,-60,200,190,210,-60,410,-60" /><INIT seed="1,1,0,1,0,39" ten="110,390,150,350" oya="1" hai0="14,80,104,128,26,17,24,44,69,25,121,82,11" hai1="46,13,66,1,51,107,98,116,131,124,6,56,132" hai2="8,15,126,95,109,60,100,5,0,75,4,53,61" hai3="115,16,125,79,120,127,35,106,93,54,45,68,92"/><U76/><E1/><V59/><F75/><W29/><G68/><T74/><D69/><U119/><E76/><V36/><F109/><W117/><G106/><T134/><D121/><U111/><E124/><V88/><F126/><W62/><G79/><T63/><D104/><U65/><E131/><V64/><F36/><W10/><G92/><T129/><D134/><U40/><E111/><V118/><F118/><W91/><G120/><T49/><D63/><U105/><E132/><V72/><F72/><W34/><G34/><T99/><D99/><U30/><E30/><V81/><F81/><W90/><G90/><T7/><D7/><U86/><E86/><V108/><F100/><W33/><G33/><T19/><D19/><U21/><E107/><V32/><F32/><W101/><G101/><T133/><D133/><U112/><E112/><V96/><F108/><W20/><G10/><T71/><D71/><U3/><E3/><V28/><F28/><W52/><G29/><T9/><D9/><U55/><E98/><V102/><F102/><W135/><G35/><T89/><D74/><U48/><E105/><V41/><F0/><W87/><G115/><T12/><D12/><U122/><E122/><V123/><F123/><W57/><G117/><T50/><D82/><U23/><E119/><V97/><F97/><W27/><G135/><T67/><D129/><U22/><E116/><V114/><F114/><W103/><G103/><T84/><D128/><U83/><E83/><V43/><F5/><W73/><G73/><T85/><D80/><U38/><E38/><V31/><F31/><RYUUKYOKU ba="1,0" sc="110,-30,390,10,150,10,350,10" hai1="6,13,21,22,23,40,46,48,51,55,56,65,66" hai2="4,8,15,41,43,53,59,60,61,64,88,95,96" hai3="16,20,27,45,52,54,57,62,87,91,93,125,127" /><INIT seed="1,2,0,3,4,101" ten="80,400,160,360" oya="1" hai0="97,21,106,48,113,133,34,37,11,81,108,12,71" hai1="75,29,120,127,99,2,78,90,82,118,22,91,18" hai2="30,88,65,105,70,89,66,4,27,56,94,16,53" hai3="40,3,64,9,54,93,28,59,85,135,7,0,130"/><U63/><E2/><V17/><F4/><W115/><G64/><N who="2" m="24681" /><F105/><W31/><G3/><T131/><D34/><U5/><E120/><V62/><F70/><W112/><G40/><T24/><D71/><U95/><E118/><V73/><F73/><W110/><G110/><T23/><D113/><U43/><E127/><V83/><F83/><W102/><G130/><T45/><D37/><U55/><E43/><V47/><F47/><W57/><G57/><T74/><D131/><U104/><E5/><V87/><F89/><W52/><G54/><T14/><D133/><U84/><E29/><V86/><F86/><W100/><G135/><T50/><D108/><U126/><E126/><V68/><F68/><W49/><G102/><T44/><D81/><U61/><E55/><V38/><F38/><W15/><G0/><T60/><D74/><U128/><E128/><V46/><F46/><W8/><G8/><T107/><D11/><U25/><E91/><V39/><F39/><W103/><G103/><AGARI ba="2,0" hai="18,22,25,61,63,75,78,82,84,90,95,99,103,104" machi="103" ten="40,7700,0" yaku="24,2,52,1" doraHai="101" who="1" fromWho="3" sc="80,0,400,83,160,0,360,-83" /><INIT seed="1,3,0,5,0,58" ten="80,483,160,277" oya="1" hai0="71,26,37,100,15,29,135,121,102,85,75,113,114" hai1="65,10,55,93,68,47,31,87,109,7,17,92,61" hai2="33,80,4,20,38,126,107,39,122,18,14,25,74" hai3="88,3,115,119,125,133,127,129,28,27,8,76,94"/><U54/><E31/><V40/><F107/><W45/><G115/><T86/><D37/><U96/><E109/><V78/><F122/><W117/><G76/><T21/><D75/><U62/><E17/><V103/><F103/><W13/><G3/><T49/><D121/><U130/><E130/><V48/><F126/><N who="3" m="48139" /><G45/><T19/><D135/><U69/><E87/><V11/><F33/><N who="3" m="20639" /><G133/><T56/><D71/><U98/><E47/><V67/><F40/><W95/><G95/><T34/><D114/><U51/><E51/><V66/><F48/><W73/><G73/><T106/><D113/><U59/><E69/><V110/><F110/><W5/><G129/><T108/><D108/><U53/><E93/><V1/><F39/><W120/><G120/><T118/><D118/><U91/><E98/><AGARI ba="3,0" hai="5,8,13,88,94,98,117,119" m="20639,48139" machi="98" ten="30,2000,0" yaku="18,1,54,1" doraHai="58" who="3" fromWho="1" sc="80,0,483,-29,160,0,277,29" /><INIT seed="2,0,0,1,4,9" ten="80,454,160,306" oya="2" hai0="34,69,14,84,18,94,23,70,97,78,26,92,44" hai1="47,89,29,64,87,119,108,13,125,39,90,74,7" hai2="81,46,42,77,38,48,124,73,11,88,1,122,111" hai3="79,6,68,75,100,17,117,130,101,127,107,4,62"/><V66/><F122/><W53/><G117/><T91/><D44/><U10/><E74/><V0/><F124/><W109/><G79/><T112/><D112/><U95/><E119/><V123/><F123/><W22/><G75/><T15/><D78/><U5/><E108/><V128/><F111/><W28/><G28/><T60/><D34/><U102/><E102/><V118/><F118/><W103/><G107/><T135/><D135/><U115/><E115/><V43/><F128/><W131/><G127/><T76/><D70/><U16/><E64/><V56/><F43/><W61/><G68/><T30/><D30/><U132/><E132/><V35/><F35/><W58/><G62/><T32/><D32/><U121/><E121/><V33/><F33/><W96/><G96/><T21/><D21/><U120/><E120/><V82/><F66/><W19/><G19/><T98/><D98/><U83/><E29/><V12/><F56/><W133/><G133/><T67/><D76/><U20/><E125/><V72/><F38/><W36/><G36/><T113/><D113/><U71/><E71/><V129/><F129/><N who="3" m="49163" /><G109/><T57/><D69/><U41/><E20/><V50/><F50/><W93/><G93/><T31/><D31/><U40/><E41/><V99/><F73/><W45/><G45/><T54/><D67/><U106/><E106/><V85/><F99/><AGARI ba="0,0" hai="5,7,10,13,16,39,40,47,83,87,89,90,95,99" machi="99" ten="30,3900,0" yaku="7,1,52,1,54,1" doraHai="9" who="1" fromWho="2" sc="80,0,454,39,160,-39,306,0" /><INIT seed="3,0,0,2,1,69" ten="80,493,121,306" oya="3" hai0="10,23,126,46,75,104,58,18,28,94,79,113,109" hai1="63,53,89,42,107,55,125,13,17,16,33,48,106" hai2="123,102,1,103,118,12,45,35,78,11,40,72,4" hai3="9,87,8,15,112,41,114,68,117,124,27,120,81"/><W56/><G68/><T73/><D104/><U100/><E33/><V97/><F118/><W98/><G117/><T67/><D113/><U59/><E125/><V38/><F123/><W127/><G120/><T64/><D126/><N who="3" m="48169" /><G9/><T129/><D129/><U52/><E100/><V47/><F35/><W133/><G133/><T21/><D109/><U61/><E107/><V22/><F47/><W24/><G98/><T134/><D134/><U14/><E106/><V115/><F115/><W39/><G56/><T95/><D58/><N who="1" m="35015" /><E89/><V99/><F102/><W93/><G93/><T2/><D2/><U43/><E53/><V119/><F103/><W77/><G27/><T62/><D62/><U20/><E63/><V80/><F119/><W25/><G25/><T96/><D96/><U111/><E111/><V74/><F74/><W116/><G24/><T65/><D75/><U3/><E3/><V7/><F7/><N who="3" m="3487" /><G116/><T49/><D94/><U85/><E85/><V31/><F31/><W32/><G32/><T84/><D28/><U44/><E59/><V108/><F108/><W34/><G34/><T54/><D73/><U101/><E101/><V57/><F57/><W132/><G132/><T29/><D29/><U5/><E5/><V122/><F122/><W131/><G131/><T83/><D95/><U26/><E26/><V82/><F82/><W88/><G77/><T86/><D84/><U50/><E50/><V0/><F0/><W37/><G37/><T90/><D79/><U51/><E51/><V135/><F135/><W128/><G128/><T60/><D60/><U92/><E92/><RYUUKYOKU ba="0,0" sc="80,0,493,0,121,0,306,0" hai0="10,18,21,23,46,49,54,64,65,67,83,86,90" hai1="13,14,16,17,20,42,43,44,48,55" hai2="1,4,11,12,22,38,40,45,72,78,80,97,99" hai3="39,41,81,87,88,112,114" /><INIT seed="3,1,0,4,2,30" ten="80,493,121,306" oya="3" hai0="121,50,129,34,15,67,135,106,122,51,8,113,61" hai1="18,71,89,134,119,108,94,75,93,53,20,24,92" hai2="56,107,6,76,133,33,127,115,58,90,128,109,103" hai3="47,49,23,31,98,45,132,35,105,10,111,131,12"/><W3/><G3/><T112/><D106/><U80/><E108/><V82/><F115/><N who="0" m="44106" /><D129/><U25/><E71/><V43/><F109/><W16/><G47/><T32/><D135/><U99/><E134/><V41/><F133/><W4/><G132/><T114/><N who="0" m="44114" /><T63/><DORA hai="19" /><D51/><U81/><E119/><V110/><F110/><W52/><G131/><T97/><D50/><U100/><E75/><V124/><F128/><W37/><G37/><T54/><D54/><U117/><E117/><V46/><F6/><W9/><G111/><T5/><D97/><N who="1" m="59431" /><E53/><V69/><F107/><W73/><G73/><T48/><D48/><U66/><E66/><V78/><F46/><W21/><G35/><N who="0" m="13355" /><D63/><U26/><E94/><V39/><F39/><W83/><G105/><T79/><D79/><U36/><E36/><V120/><F76/><W118/><G98/><T85/><D85/><U64/><E64/><V2/><F78/><W55/><G55/><T62/><D62/><U95/><E95/><V11/><F43/><W42/><G42/><T14/><D15/><AGARI ba="1,0" hai="15,18,20,24,25,26,80,81,89,93,99" m="59431" machi="15" ten="30,2000,0" yaku="8,1,52,1" doraHai="30,19" who="1" fromWho="0" sc="80,-23,493,23,121,0,306,0" /><INIT seed="4,0,0,0,3,80" ten="57,516,121,306" oya="0" hai0="106,119,4,14,17,24,60,130,55,125,83,57,81" hai1="29,79,61,30,15,122,38,121,114,18,22,68,10" hai2="49,127,72,27,40,93,42,124,73,45,135,6,65" hai3="100,64,103,92,99,37,110,102,63,95,34,96,116"/><T62/><D106/><U21/><E38/><V48/><F135/><W123/><G37/><T1/><D119/><U13/><E79/><V8/><F65/><W53/><G34/><T94/><D125/><N who="2" m="48202" /><F27/><W43/><G43/><N who="2" m="16425" /><F93/><W41/><G41/><T28/><D130/><U44/><E61/><V12/><F45/><W59/><G116/><T56/><D94/><U20/><E44/><V76/><F76/><W98/><G110/><T52/><D4/><N who="1" m="3271" /><E68/><V82/><F82/><W75/><G75/><AGARI ba="0,0" hai="6,8,12,48,49,72,73,75" m="16425,48202" machi="75" ten="30,1000,0" yaku="18,1" doraHai="80" who="2" fromWho="3" sc="57,0,516,0,121,10,306,-10" /><INIT seed="5,0,0,4,1,42" ten="57,516,131,296" oya="1" hai0="54,115,52,68,94,119,25,130,49,35,56,38,22" hai1="82,13,92,15,53,50,103,127,64,33,132,106,117" hai2="39,126,110,2,55,74,67,123,76,1,23,9,87" hai3="122,57,116,19,120,96,114,5,47,36,78,134,12"/><U128/><E106/><V20/><F123/><W24/><G114/><T6/><D115/><U95/><E117/><V66/><F110/><W86/><G116/><T113/><D113/><U88/><E33/><V11/><F87/><W18/><G5/><T118/><D68/><U62/><E128/><V58/><F39/><W133/><G96/><T41/><D130/><U8/><E127/><V104/><F104/><W72/><G72/><T3/><D35/><U69/><E132/><V84/><F84/><W77/><G57/><T28/><D94/><U101/><E82/><V112/><F112/><W17/><G12/><T102/><D102/><U10/><E92/><V131/><F74/><W48/><G36/><T91/><D91/><U80/><E80/><V90/><F90/><W73/><G73/><T60/><D41/><U44/><E15/><V83/><F83/><N who="3" m="47471" /><G78/><T31/><D38/><U71/><E71/><V40/><F58/><W63/><G63/><T7/><D31/><U98/><E10/><V81/><F11/><W43/><G24/><T27/><D27/><U29/><E29/><V121/><F76/><W46/><G46/><N who="0" m="27703" /><D6/><AGARI ba="0,0" hai="6,8,13,44,50,53,62,64,69,88,95,98,101,103" machi="6" ten="30,5800,0" yaku="7,1,52,1,54,1" doraHai="42" who="1" fromWho="0" sc="57,-58,516,58,131,0,296,0" owari="-1,-50.0,574,67.0,131,-27.0,296,10.0" /></mjloggm>