<mjloggm ver="2.3"><GO type="225" lobby="0"/><UN n0="%E3%81%88%E3%82%8B%E3%81%9F%E3%81%9D" n1="%E3%83%88%E3%83%88%E3%83%AA%E5%85%88%E7%94%9F%31%39%E6%AD%B3" n2="%E3%82%86%E3%81%86%E3%81%98%E3%83%BC%E3%82%8B" n3="%53%65%6E%61%72" dan="16,18,16,17" rate="2113.11,2259.05,2090.78,2128.64" sx="F,F,M,M"/><TAIKYOKU oya="0"/><INIT seed="0,0,0,3,2,98" ten="250,250,250,250" oya="0" hai0="117,83,21,107,105,17,111,91,132,112,34,7,14" hai1="0,115,100,48,64,6,29,39,5,22,93,90,89" hai2="12,126,113,85,23,87,9,114,70,31,44,4,49" hai3="116,55,2,66,92,109,16,52,104,51,59,76,78"/><T106/><D117/><U121/><E121/><V28/><F70/><W71/><G104/><T68/><D112/><U25/><E39/><V124/><F113/><W108/><G116/><T24/><D68/><U18/><E115/><V128/><F128/><W27/><G2/><T102/><D132/><U130/><E130/><V125/><F114/><W30/><G66/><T37/><D37/><U61/><E48/><V32/><F32/><W40/><G71/><T57/><D111/><N who="3" m="42569" /><G40/><T62/><D83/><U133/><E133/><V79/><F79/><W84/><G55/><T3/><D91/><N who="1" m="34827" /><E18/><V77/><F77/><N who="3" m="29803" /><G84/><N who="2" m="32329" /><F23/><N who="3" m="13799" /><G92/><T26/><D3/><U65/><E0/><V127/><F127/><W42/><G42/><AGARI ba="0,0" hai="4,9,12,28,31,42,44,49,124,125,126" m="32329" machi="42" ten="30,1000,0" yaku="18,1" doraHai="98" who="2" fromWho="3" sc="250,0,250,0,250,10,250,-10" /><INIT seed="1,0,0,1,1,90" ten="250,250,260,240" oya="1" hai0="126,45,133,89,128,13,38,79,41,82,24,4,101" hai1="72,87,43,124,22,33,60,132,15,122,6,118,112" hai2="3,127,53,105,30,107,9,125,62,65,76,85,110" hai3="29,130,77,40,58,129,51,113,134,55,14,104,56"/><U28/><E112/><V49/><F30/><W69/><G69/><T8/><D126/><N who="2" m="48138" /><F110/><W73/><G113/><T80/><D128/><N who="3" m="49257" /><G104/><T37/><D133/><U131/><E87/><V117/><F117/><W70/><G70/><T74/><D101/><U59/><E59/><N who="2" m="37087" /><F9/><W75/><G134/><T21/><D89/><U63/><E28/><V32/><F3/><W44/><G29/><T84/><D80/><U1/><E1/><V68/><F32/><W109/><G109/><T116/><D116/><U71/><E33/><V98/><F98/><W61/><G14/><T42/><D42/><U18/><E43/><V123/><F68/><W54/><G77/><T26/><D26/><U83/><E71/><V97/><F97/><W11/><G11/><T111/><D111/><U96/><E118/><V2/><F2/><W66/><G66/><T120/><D120/><U47/><E96/><V0/><F0/><W119/><G119/><T16/><REACH who="0" step="1"/><D74/><REACH who="0" ten="240,250,260,240" step="2"/><U19/><E122/><V95/><F123/><W10/><G75/><T25/><D25/><U34/><E131/><V46/><F76/><W103/><G73/><T31/><D31/><U67/><E72/><V100/><F100/><W64/><G103/><T99/><D99/><U12/><E124/><V86/><F86/><W102/><G102/><T27/><D27/><U5/><E132/><V36/><F36/><AGARI ba="0,1" hai="4,8,13,16,21,24,36,37,38,41,45,79,82,84" machi="36" ten="30,3900,0" yaku="1,1,7,1,54,1,53,0" doraHai="90" doraHaiUra="88" who="0" fromWho="2" sc="240,49,250,0,260,-39,240,0" /><INIT seed="2,0,0,5,0,127" ten="289,250,221,240" oya="2" hai0="78,2,120,89,106,129,23,101,114,32,35,113,91" hai1="69,65,34,1,130,72,108,67,109,121,84,26,104" hai2="42,39,93,29,49,7,126,46,61,97,51,98,22" hai3="15,70,28,53,30,21,66,95,94,6,128,92,71"/><V79/><F126/><W37/><G37/><T124/><D2/><U13/><E1/><V75/><F7/><W41/><G41/><T74/><D120/><U16/><E72/><V20/><F61/><W44/><G66/><T9/><D9/><U73/><E73/><V60/><F60/><W110/><G110/><N who="1" m="42602" /><E104/><V17/><F29/><W80/><G80/><T58/><D58/><U119/><E119/><V62/><F62/><W12/><G6/><T122/><D122/><U59/><E69/><N who="3" m="26122" /><G53/><T36/><D36/><U18/><E130/><V57/><F57/><W64/><G44/><T112/><D129/><U3/><E3/><V99/><F93/><W135/><G64/><N who="1" m="24650" /><E59/><V131/><F131/><W27/><G128/><T25/><D124/><U45/><E45/><V5/><F5/><W117/><G117/><T10/><D114/><U24/><E121/><V102/><F102/><W132/><G30/><N who="0" m="17727" /><D101/><U87/><E18/><V96/><N who="2" m="24576" /><DORA hai="86" /><V63/><F63/><W116/><G116/><T50/><D106/><U123/><E123/><V54/><F39/><W134/><AGARI ba="0,0" hai="12,15,21,27,28,92,94,95,132,134,135" m="26122" machi="134" ten="40,1500,0" yaku="20,1" doraHai="127,86" who="3" fromWho="3" sc="289,-4,250,-4,221,-7,240,15" /><INIT seed="3,0,0,4,3,98" ten="285,246,214,255" oya="3" hai0="13,70,25,81,15,87,123,20,124,41,83,125,107" hai1="44,102,47,23,129,112,62,6,43,82,109,74,127" hai2="11,101,24,95,94,135,68,37,93,105,130,58,92" hai3="0,31,72,85,117,61,28,66,80,79,32,106,51"/><W88/><G117/><T12/><D123/><U34/><E34/><V60/><F68/><W110/><G0/><T100/><D70/><U8/><E112/><V69/><F69/><W99/><G32/><T49/><D41/><U14/><E109/><V21/><F37/><W121/><G121/><T128/><D128/><U111/><E111/><V115/><F115/><W30/><G51/><T126/><D49/><U71/><E129/><V46/><F46/><W132/><G132/><T134/><D134/><U118/><E118/><V53/><F130/><W76/><G110/><T96/><REACH who="0" step="1"/><D87/><REACH who="0" ten="275,246,214,255" step="2"/><U40/><E71/><V55/><F135/><W104/><G85/><T86/><D86/><U103/><E40/><V45/><F45/><W77/><G72/><T50/><D50/><U33/><E44/><V9/><N who="2" m="23552" /><DORA hai="59" /><V56/><F105/><W113/><G113/><T4/><D4/><U54/><E74/><V122/><F122/><W39/><G104/><T97/><D97/><U114/><E114/><V119/><F119/><W120/><G120/><T90/><D90/><U63/><E6/><V27/><F101/><N who="3" m="62783" /><G88/><T5/><D5/><N who="1" m="3343" /><E103/><V48/><REACH who="2" step="1"/><F24/><REACH who="2" ten="275,246,204,255" step="2"/><W18/><G39/><T35/><D35/><U84/><E33/><V75/><F75/><W22/><G80/><T64/><D64/><U89/><E102/><V73/><F73/><W108/><G108/><T131/><D131/><U67/><E43/><V65/><F65/><W29/><G66/><T19/><AGARI ba="0,2" hai="12,13,15,19,20,25,81,83,96,100,107,124,125,126" machi="19" ten="40,8000,1" yaku="1,1,0,1,18,1,52,1,53,1" doraHai="98,59" doraHaiUra="16,57" who="0" fromWho="0" sc="275,100,246,-20,204,-20,255,-40" owari="375,47.0,226,3.0,184,-32.0,215,-18.0" /></mjloggm>