<mjloggm ver="2.3"><GO type="169" lobby="0"/><UN n0="%E5%B0%B1%E6%B4%BB%E7%94%9F%40%E5%B7%9D%E6%9D%91%E8%BB%8D%E5%9B%A3" n1="%E6%A3%AE%E5%AE%AE%E8%92%BC%E4%B9%83" n2="%70%63%63%61%62%63" n3="%41%6C%7A" dan="16,16,16,16" rate="2090.42,2080.23,2015.49,2056.95" sx="M,M,M,F"/><TAIKYOKU oya="0"/><INIT seed="0,0,0,1,1,106" ten="250,250,250,250" oya="0" hai0="129,91,108,83,48,5,79,117,19,37,38,90,112" hai1="92,71,58,57,103,9,52,85,63,42,77,122,43" hai2="111,13,93,15,29,30,49,41,20,0,18,62,12" hai3="81,126,46,116,35,51,115,65,104,68,109,53,70"/><T2/><D117/><U67/><E122/><V24/><F62/><W14/><G104/><T118/><D118/><U45/><E71/><V98/><F111/><W80/><G35/><T28/><D112/><U75/><E45/><N who="2" m="25775" /><F0/><W64/><G116/><T84/><D28/><U23/><E23/><V31/><F15/><W130/><G14/><T60/><D129/><U56/><E9/><V25/><F25/><W39/><G115/><T86/><D108/><U125/><E125/><V87/><F87/><W94/><G94/><T11/><D79/><U21/><E21/><V97/><F97/><W100/><G100/><AGARI ba="0,0" hai="12,13,18,20,24,29,30,31,93,98,100" m="25775" machi="100" ten="30,1000,0" yaku="8,1" doraHai="106" who="2" fromWho="3" sc="250,0,250,0,250,10,250,-10" /><INIT seed="1,0,0,1,2,47" ten="250,250,260,240" oya="1" hai0="22,94,54,48,10,119,69,4,60,79,58,95,114" hai1="24,111,6,31,68,90,9,28,131,88,101,7,120" hai2="5,25,74,128,126,43,23,103,125,55,66,62,30" hai3="42,81,93,61,134,63,70,86,52,75,104,45,77"/><U82/><E120/><V56/><F74/><W122/><G104/><T115/><D119/><U85/><E131/><V71/><F128/><W110/><G110/><T33/><D33/><U132/><E111/><V108/><F108/><W113/><G122/><T133/><D133/><U129/><E129/><V98/><F43/><W89/><G113/><T41/><D79/><U130/><E130/><V20/><F20/><W91/><G134/><T51/><D22/><U35/><E132/><V39/><F39/><W107/><G107/><T38/><D94/><U13/><E68/><V37/><F37/><W109/><G109/><T40/><D95/><U36/><E36/><V135/><F5/><W99/><G70/><T49/><D69/><U96/><E31/><V53/><F135/><W112/><G112/><T2/><REACH who="0" step="1"/><D41/><REACH who="0" ten="240,250,260,240" step="2"/><U27/><E35/><V1/><F71/><W50/><G42/><T59/><D59/><U67/><E82/><AGARI ba="0,1" hai="45,50,52,61,63,75,77,81,82,86,89,91,93,99" machi="82" ten="30,3900,0" yaku="7,1,52,1,54,1" doraHai="47" who="3" fromWho="1" sc="240,0,250,-39,260,0,240,49" /><INIT seed="2,0,0,4,3,14" ten="240,211,260,289" oya="2" hai0="24,9,3,123,38,37,84,31,22,120,115,103,10" hai1="74,132,77,107,86,51,36,17,7,121,101,0,111" hai2="69,112,72,25,33,16,30,96,89,39,118,106,133" hai3="73,110,43,46,78,129,119,19,12,71,98,94,90"/><V67/><F118/><W122/><G71/><T6/><D115/><U70/><E36/><V128/><F128/><W66/><G66/><T97/><D38/><U55/><E74/><V116/><F116/><W113/><G119/><T82/><D37/><U45/><E121/><V42/><F112/><W76/><G113/><T75/><D75/><U4/><E111/><V15/><F72/><W29/><G122/><T93/><REACH who="0" step="1"/><D9/><REACH who="0" ten="230,211,260,289" step="2"/><U125/><E125/><V92/><F133/><W18/><G73/><T60/><D60/><U41/><E132/><V47/><F106/><W21/><G110/><T40/><D40/><U56/><E107/><V81/><F81/><W95/><G129/><T8/><D8/><U80/><E41/><V44/><F42/><W53/><G43/><T5/><D5/><U28/><E7/><V134/><F39/><W57/><G94/><T23/><D23/><U26/><E4/><V135/><F135/><W27/><G46/><T62/><D62/><U68/><E45/><V61/><F134/><W124/><G124/><T48/><D48/><U65/><E51/><V131/><F131/><W49/><G29/><T108/><D108/><U20/><E28/><V88/><F89/><AGARI ba="0,1" hai="3,6,10,22,24,31,82,84,89,93,97,103,120,123" machi="89" ten="30,2000,0" yaku="1,1,7,1,53,0" doraHai="14" doraHaiUra="102" who="0" fromWho="2" sc="230,30,211,0,260,-20,289,0" /><INIT seed="3,0,0,3,1,62" ten="260,211,240,289" oya="3" hai0="14,13,8,127,125,16,53,12,34,99,60,22,119" hai1="7,46,17,41,63,24,97,94,70,66,78,33,90" hai2="26,6,101,39,28,135,108,114,105,30,59,4,84" hai3="112,52,109,80,27,110,95,113,2,100,40,50,11"/><W134/><G40/><T23/><D99/><U61/><E78/><V67/><F114/><W1/><G134/><T77/><D77/><U85/><E7/><V35/><F39/><W20/><G80/><T87/><D87/><U3/><E3/><N who="3" m="1034" /><G11/><N who="0" m="6175" /><D53/><U111/><E111/><N who="3" m="42506" /><G95/><T89/><D89/><U98/><E61/><V129/><F108/><W5/><G5/><N who="0" m="3215" /><D60/><U0/><E0/><V45/><F135/><W133/><G100/><T68/><D68/><U10/><E10/><V96/><F101/><W116/><G116/><T32/><D119/><U106/><E106/><V107/><F96/><W72/><G72/><T49/><D49/><U57/><E70/><V104/><F84/><W122/><G122/><T118/><D118/><U75/><E75/><V128/><F104/><W73/><G73/><T93/><D93/><U81/><E94/><V25/><F105/><W37/><G37/><T9/><D23/><N who="1" m="13423" /><E33/><N who="0" m="12905" /><D22/><U21/><E21/><V51/><F35/><W88/><G133/><T15/><D15/><U92/><E92/><V54/><F107/><W124/><G88/><T38/><D38/><U79/><E79/><V115/><F4/><AGARI ba="0,0" hai="4,9,14,125,127" m="12905,3215,6175" machi="4" ten="30,3900,0" yaku="34,2,54,1" doraHai="62" who="0" fromWho="2" sc="260,39,211,0,240,-39,289,0" /><INIT seed="4,0,0,5,2,58" ten="299,211,201,289" oya="0" hai0="5,87,50,107,6,134,122,59,0,11,106,16,126" hai1="68,65,22,135,127,72,30,77,118,28,10,53,31" hai2="128,61,69,21,108,97,73,110,3,29,98,39,102" hai3="43,47,120,33,100,109,95,20,124,48,36,88,7"/><T8/><D122/><U49/><E118/><V84/><F73/><W90/><G33/><T24/><D126/><U74/><E127/><V96/><F3/><W19/><G109/><T70/><D70/><U116/><E116/><V13/><F39/><W1/><G124/><T114/><D114/><U133/><E10/><V76/><F128/><W17/><G120/><T104/><D134/><N who="1" m="51211" /><E22/><V89/><F76/><W111/><G111/><T18/><D24/><U52/><E77/><V34/><F34/><W55/><G100/><T60/><D50/><U23/><E23/><V67/><F102/><W125/><G125/><T56/><D56/><N who="1" m="32783" /><E53/><V103/><F103/><W113/><G113/><T25/><D25/><U99/><E99/><V54/><F54/><W94/><G7/><T62/><D87/><U26/><E26/><V129/><F129/><W86/><G1/><T92/><D92/><U71/><E71/><V9/><F29/><W42/><G36/><T121/><D121/><U78/><E78/><V105/><F21/><W93/><G20/><T64/><REACH who="0" step="1"/><D62/><AGARI ba="0,0" hai="28,30,31,62,65,68,72,74" m="32783,51211" machi="62" ten="30,3900,0" yaku="20,1,52,1,54,1" doraHai="58" who="1" fromWho="0" sc="299,-39,211,39,201,0,289,0" /><INIT seed="5,0,0,3,0,26" ten="260,250,201,289" oya="1" hai0="122,133,124,44,128,34,117,127,60,108,3,38,10" hai1="79,1,54,2,61,57,45,46,42,83,36,48,82" hai2="55,63,98,96,72,89,118,65,102,80,103,84,67" hai3="94,62,85,119,7,33,126,97,20,39,40,8,86"/><U76/><E76/><V120/><F120/><W30/><G33/><T99/><RYUUKYOKU type="yao9" ba="0,0" sc="260,0,250,0,201,0,289,0" hai0="3,10,34,38,44,60,99,108,117,122,124,127,128,133" /><INIT seed="5,1,0,0,0,37" ten="260,250,201,289" oya="1" hai0="85,19,132,12,57,55,7,8,75,46,101,88,115" hai1="2,48,45,84,54,49,17,107,66,92,100,28,130" hai2="104,21,122,43,81,124,82,30,99,110,47,53,61" hai3="20,11,56,73,63,51,38,44,42,5,76,105,77"/><U120/><E120/><V112/><F110/><W33/><G33/><T91/><D75/><U60/><E130/><V89/><F122/><W102/><G105/><T135/><D115/><U83/><E2/><V87/><F112/><W129/><G102/><T113/><D113/><U80/><E107/><V70/><F124/><W94/><G129/><T27/><D101/><U50/><E28/><V93/><F104/><W127/><G94/><T1/><D46/><U106/><E106/><V79/><F82/><W65/><G127/><T25/><D25/><U86/><E17/><V109/><F109/><W62/><G62/><T22/><D27/><U10/><E10/><V118/><F118/><W16/><G73/><T15/><D1/><U74/><E74/><V98/><F30/><W32/><G32/><T13/><D13/><U95/><E100/><V119/><F21/><W40/><G38/><T134/><REACH who="0" step="1"/><D85/><REACH who="0" ten="250,250,201,289" step="2"/><U103/><E103/><V111/><F111/><W126/><G126/><T96/><D96/><U121/><E121/><V18/><F99/><W133/><G44/><T78/><D78/><U26/><E26/><V116/><F116/><W52/><G76/><T67/><D67/><U3/><E3/><V114/><F98/><W29/><G77/><T35/><D35/><U131/><E131/><V24/><F114/><W0/><G29/><T36/><D36/><U125/><E125/><V34/><F34/><W4/><G65/><T23/><D23/><U90/><E86/><V72/><F119/><W108/><G108/><T14/><D14/><U71/><E84/><V68/><F72/><RYUUKYOKU ba="1,1" sc="250,30,250,-10,201,-10,289,-10" hai0="7,8,12,15,19,22,55,57,88,91,132,134,135" /><INIT seed="6,2,1,4,4,107" ten="280,240,191,279" oya="2" hai0="100,18,122,41,11,52,87,8,71,33,2,28,81" hai1="67,17,20,85,24,15,68,84,70,25,44,35,118" hai2="29,0,126,42,116,102,49,106,43,55,62,92,112" hai3="120,95,101,48,132,34,32,125,9,23,91,74,30"/><V89/><F116/><W105/><G74/><T117/><D71/><U78/><E118/><V27/><F0/><W46/><G120/><T47/><D122/><U38/><E70/><V14/><F112/><W124/><G132/><T134/><D134/><U73/><E67/><V54/><F126/><N who="3" m="48747" /><G101/><T98/><D117/><U127/><E68/><V1/><F1/><W72/><G72/><T7/><D11/><U96/><E96/><N who="2" m="57359" /><F102/><W63/><G63/><T22/><D28/><U51/><E38/><V56/><F14/><W19/><G105/><T61/><D33/><U109/><E109/><V82/><F82/><W88/><G9/><T65/><D65/><U45/><E127/><V79/><F79/><W12/><G30/><T13/><D98/><U16/><E78/><V77/><F77/><W53/><G91/><T76/><D100/><U57/><E73/><V114/><F114/><W93/><G93/><T90/><D90/><U6/><E84/><AGARI ba="2,1" hai="12,19,23,32,34,46,48,53,84,88,95" m="48747" machi="84" ten="30,2000,0" yaku="18,1,54,1" doraHai="107" who="3" fromWho="1" sc="280,0,240,-26,191,0,279,36" /><INIT seed="7,0,0,5,5,29" ten="280,214,191,315" oya="3" hai0="132,34,90,57,91,19,38,96,25,82,107,95,12" hai1="27,94,121,78,128,123,16,59,61,130,30,76,86" hai2="64,131,50,73,120,97,109,65,10,13,66,117,0" hai3="112,22,133,83,84,54,23,75,31,101,63,20,11"/><W72/><G112/><T114/><D38/><U118/><E118/><V8/><F117/><W93/><G133/><T7/><D132/><U14/><E94/><V104/><F109/><W124/><G124/><T46/><D114/><U62/><E86/><V53/><F120/><W21/><G11/><T119/><D107/><U56/><E30/><V85/><F131/><W81/><G75/><T15/><D7/><U89/><E89/><V9/><F73/><W45/><G72/><T35/><D46/><U108/><E108/><V79/><F0/><W5/><G5/><T32/><D119/><U4/><E4/><V69/><F69/><W41/><G41/><T36/><D36/><U2/><E2/><V37/><F37/><W102/><G31/><T6/><D6/><U18/><E14/><V87/><F13/><W92/><G23/><T26/><D15/><U24/><AGARI ba="0,0" hai="16,18,24,27,56,59,61,62,76,78,121,123,128,130" machi="24" ten="25,6400,0" yaku="0,1,22,2,54,1" doraHai="29" who="1" fromWho="1" sc="280,-16,214,64,191,-16,315,-32" /><INIT seed="8,0,0,3,1,110" ten="264,278,175,283" oya="0" hai0="101,19,112,78,39,53,88,116,33,84,5,94,18" hai1="96,38,64,89,95,37,83,49,57,54,47,98,42" hai2="97,121,8,55,50,122,25,129,105,59,90,104,92" hai3="120,26,87,0,77,12,20,21,65,102,135,86,22"/><T130/><D39/><U41/><E83/><V107/><F129/><W80/><G0/><T117/><D112/><U13/><E13/><V126/><F126/><W7/><G135/><T125/><D33/><U46/><REACH who="1" step="1"/><E64/><REACH who="1" ten="264,268,175,283" step="2"/><V36/><F36/><W100/><G65/><T99/><D125/><U3/><E3/><V23/><REACH who="2" step="1"/><F8/><REACH who="2" ten="264,268,165,283" step="2"/><W30/><G120/><T15/><D130/><U134/><E134/><V91/><F91/><W66/><G100/><T6/><D78/><U35/><E35/><V67/><F67/><W24/><G66/><T1/><D116/><U108/><E108/><V70/><F70/><W111/><G102/><T4/><D117/><U75/><E75/><V119/><F119/><W17/><G111/><T14/><D1/><U131/><E131/><V63/><F63/><W73/><G7/><T106/><D53/><U27/><E27/><V71/><F71/><W93/><G73/><T76/><D76/><U113/><E113/><V16/><AGARI ba="0,2" hai="16,23,25,50,55,59,90,92,97,104,105,107,121,122" machi="16" ten="30,4000,0" yaku="1,1,0,1,54,1,53,0" doraHai="110" doraHaiUra="2" who="2" fromWho="2" sc="264,-20,268,-10,165,60,283,-10" /><INIT seed="9,0,0,4,3,79" ten="244,258,225,273" oya="1" hai0="19,84,120,81,44,25,57,1,133,104,82,74,99" hai1="5,129,91,80,135,112,49,115,111,11,127,43,62" hai2="132,21,39,36,28,123,29,12,40,61,71,9,107" hai3="16,78,4,130,77,23,70,8,126,17,68,98,85"/><U117/><E117/><V54/><F123/><W73/><G73/><T0/><D120/><U42/><E127/><V87/><F107/><W121/><G121/><T56/><D133/><U27/><E135/><V109/><F109/><W10/><G126/><T108/><D108/><U24/><E129/><V51/><F132/><W128/><G98/><T15/><D74/><U119/><E119/><V26/><F29/><W59/><G59/><N who="0" m="22603" /><D1/><U14/><E111/><V122/><F40/><N who="1" m="15401" /><E62/><V6/><F122/><W31/><G31/><T41/><D0/><U47/><E115/><V55/><F87/><W7/><G85/><T52/><D104/><U83/><E91/><V96/><F96/><W45/><G45/><T88/><D99/><U90/><E90/><V93/><F93/><W34/><G23/><N who="0" m="11775" /><D41/><N who="1" m="24815" /><E112/><V76/><F76/><W113/><G34/><T75/><D75/><U69/><E69/><V100/><F100/><W114/><AGARI ba="0,0" hai="4,7,8,10,16,17,68,70,77,78,113,114,128,130" machi="114" ten="25,6400,0" yaku="0,1,22,2,54,1" doraHai="79" who="3" fromWho="3" sc="244,-16,258,-32,225,-16,273,64" owari="228,3.0,226,-17.0,209,-29.0,337,43.0" /></mjloggm>