<mjloggm ver="2.3"><GO type="97" lobby="0"/><UN n0="%E2%98%86%4E%41%53%E2%98%86" n1="%E8%85%90%E7%94%9F%E8%B1%9A%E3%82%B3%E3%83%84%E3%83%9C%E3%83%BC" n2="%E3%82%B4%E3%82%AD%E3%83%96%E3%83%AA%E3%83%BC%E3%83%81%EF%BC%81" n3="%E5%B0%B1%E6%B4%BB%E7%94%9F%40%E5%B7%9D%E6%9D%91%E8%BB%8D%E5%9B%A3" dan="15,15,13,15" rate="1981.16,2007.44,1833.63,2028.64" sx="F,M,M,M"/><TAIKYOKU oya="0"/><INIT seed="0,0,0,1,2,91" ten="250,250,250,250" oya="0" hai0="107,24,130,81,94,96,111,78,9,17,64,105,115" hai1="39,133,36,87,101,92,103,7,1,82,60,62,54" hai2="66,57,26,80,19,4,132,70,93,10,95,33,97" hai3="112,89,121,5,14,44,106,125,113,73,31,53,79"/><T22/><D115/><U128/><E7/><V38/><F38/><W131/><G106/><T72/><D130/><U35/><E35/><V86/><F70/><W16/><G121/><T84/><D111/><U40/><E1/><V71/><F71/><W0/><G131/><T75/><D75/><U41/><E128/><V56/><F33/><W50/><G125/><T102/><D64/><U134/><E54/><V61/><F132/><N who="1" m="50793" /><E92/><N who="2" m="35403" /><F97/><W55/><G31/><T100/><D100/><N who="1" m="38475" /><E39/><V2/><F2/><W77/><G5/><T117/><D117/><U122/><E122/><V98/><F98/><W120/><G0/><T52/><D72/><U20/><E20/><N who="2" m="13599" /><F57/><W99/><G120/><T30/><D107/><U42/><E36/><V67/><F4/><W29/><G112/><T123/><D123/><U51/><E51/><V23/><F23/><W126/><G113/><T8/><D105/><U68/><E68/><V15/><F15/><W88/><G50/><T76/><D30/><U18/><E18/><V124/><F124/><W118/><G29/><T45/><D78/><AGARI ba="0,0" hai="40,41,42,60,62,78,82,87" m="38475,50793" machi="78" ten="30,1000,0" yaku="20,1" doraHai="91" who="1" fromWho="0" sc="250,-10,250,10,250,0,250,0" /><INIT seed="1,0,0,1,4,58" ten="240,260,250,250" oya="1" hai0="87,60,75,21,53,26,76,109,77,120,112,2,107" hai1="95,94,130,101,132,135,66,11,41,54,64,36,57" hai2="19,29,134,42,18,8,4,32,127,61,98,9,82" hai3="52,73,121,131,34,39,23,13,30,48,103,1,114"/><U129/><E11/><V133/><F127/><W90/><G39/><T79/><D75/><U14/><E14/><V72/><F98/><W102/><G1/><T15/><D2/><U128/><E101/><V44/><F32/><W0/><G0/><T74/><D112/><U28/><E28/><V27/><F72/><W68/><G73/><T83/><D107/><U70/><E70/><V43/><F82/><W59/><G114/><T80/><D109/><U106/><E106/><V126/><F126/><W22/><G131/><T119/><D119/><U67/><E95/><V7/><F61/><W81/><G68/><T16/><D79/><U31/><E94/><V24/><F29/><W115/><G34/><T111/><D111/><U85/><E85/><V47/><AGARI ba="0,0" hai="4,7,8,9,18,19,24,27,42,43,44,47,133,134" machi="47" ten="25,3200,0" yaku="0,1,22,2" doraHai="58" who="2" fromWho="2" sc="240,-8,260,-16,250,32,250,-8" /><INIT seed="2,0,0,0,3,85" ten="232,244,282,242" oya="2" hai0="26,113,108,33,96,111,94,115,34,8,81,92,80" hai1="75,17,25,51,112,99,117,106,36,97,59,45,38" hai2="76,118,53,110,68,89,127,14,63,100,121,60,35" hai3="134,88,83,131,24,47,72,46,84,133,58,91,116"/><V55/><F118/><W18/><G72/><T3/><D3/><U102/><E75/><V79/><F121/><W44/><G116/><T20/><D8/><U107/><E117/><V19/><F35/><W42/><G131/><T10/><D10/><U41/><E112/><V95/><F127/><W65/><G42/><T39/><D39/><U31/><E17/><V119/><F119/><W128/><G128/><T40/><D40/><U126/><E126/><V23/><F100/><W120/><G120/><T0/><D0/><U12/><E12/><V52/><F110/><N who="0" m="42026" /><D94/><U2/><E2/><V16/><F19/><W74/><G74/><T109/><N who="0" m="42034" /><T123/><DORA hai="13" /><D123/><U57/><E38/><V114/><F114/><N who="0" m="43530" /><D34/><U56/><E36/><V50/><F50/><W125/><G125/><T129/><D33/><U43/><E43/><V21/><F21/><N who="3" m="13367" /><G134/><T6/><D6/><U66/><E66/><V103/><F103/><W98/><G133/><T87/><D87/><U101/><REACH who="1" step="1"/><E57/><REACH who="1" ten="232,234,282,242" step="2"/><V86/><F68/><W70/><G70/><T64/><D64/><U7/><E7/><V71/><F71/><W130/><G130/><T29/><D129/><U105/><E105/><V9/><F9/><W28/><G28/><T1/><D1/><U32/><AGARI ba="0,1" hai="25,31,32,41,45,51,56,59,97,99,101,102,106,107" machi="32" ten="20,8000,1" yaku="1,1,0,1,7,1,9,1,53,1" doraHai="85,13" doraHaiUra="30,11" who="1" fromWho="1" sc="232,-20,234,90,282,-40,242,-20" /><INIT seed="3,0,0,2,3,91" ten="212,324,242,222" oya="3" hai0="102,90,95,9,52,123,55,43,16,128,14,25,94" hai1="97,114,133,0,127,75,124,27,112,23,24,122,42" hai2="38,130,31,8,39,119,82,65,113,135,47,109,58" hai3="108,34,76,92,70,35,41,29,120,60,64,5,63"/><W48/><G120/><T121/><D128/><U10/><E122/><V129/><F113/><W44/><G5/><T45/><D123/><U2/><E75/><V40/><F119/><W88/><G76/><T93/><D121/><U21/><E42/><V1/><F39/><W20/><G108/><T117/><D117/><U33/><E97/><V89/><F109/><W4/><G4/><T32/><D102/><U98/><E98/><V118/><F118/><W69/><G20/><T26/><D90/><U56/><E56/><V100/><F31/><W86/><G29/><T79/><D79/><U87/><E33/><V68/><F68/><W96/><G96/><T46/><D32/><U51/><E10/><V107/><F107/><W57/><G70/><T61/><D61/><U22/><E22/><V74/><F100/><W101/><G101/><T62/><D62/><U12/><E12/><V103/><F103/><W53/><AGARI ba="0,0" hai="34,35,41,44,48,53,57,60,63,64,69,86,88,92" machi="53" ten="20,7800,0" yaku="0,1,7,1,52,1,54,1" doraHai="91" who="3" fromWho="3" sc="212,-26,324,-26,242,-26,222,78" owari="186,-31.0,298,10.0,216,-18.0,300,39.0" /></mjloggm>