<mjloggm ver="2.3"><GO type="41" lobby="0"/><UN n0="%54%2D%4E%69%63%6B" n1="%E3%83%96%E3%83%AB%E3%81%A8%E3%83%99%E3%82%A2" n2="%E5%B0%B1%E6%B4%BB%E7%94%9F%40%E5%B7%9D%E6%9D%91%E8%BB%8D%E5%9B%A3" n3="%E3%81%A4%E3%81%98%E3%82%82%E3%82%93%E3%83%A9%E3%83%96" dan="13,14,15,13" rate="1874.37,1882.90,2000.45,1890.32" sx="M,M,M,M"/><TAIKYOKU oya="0"/><INIT seed="0,0,0,2,1,108" ten="250,250,250,250" oya="0" hai0="131,57,52,20,45,134,47,90,43,135,117,3,75" hai1="48,26,130,62,85,88,120,103,98,70,127,105,2" hai2="49,30,106,18,87,122,73,71,55,114,125,102,32" hai3="50,89,13,12,36,58,101,133,27,93,11,111,78"/><T19/><D3/><U9/><E120/><V67/><F122/><W82/><G36/><T121/><D117/><U38/><E38/><V4/><F73/><W22/><G111/><T14/><D75/><U28/><E130/><V15/><F125/><W129/><G101/><T44/><D131/><U83/><E127/><V60/><F4/><W24/><G24/><T68/><D68/><U46/><E2/><V54/><F54/><W79/><G79/><T99/><D121/><U8/><E62/><V23/><F102/><W116/><G116/><T100/><D43/><U56/><E56/><V31/><F106/><W53/><G11/><T42/><D42/><U118/><E70/><V104/><F104/><W64/><G64/><T10/><D10/><U113/><E118/><V72/><F72/><W34/><G34/><T94/><REACH who="0" step="1"/><D100/><REACH who="0" ten="240,250,250,250" step="2"/><U33/><E113/><V40/><F40/><AGARI ba="0,1" hai="8,9,26,28,33,40,46,48,83,85,88,98,103,105" machi="40" ten="30,2000,0" yaku="7,1,54,1" doraHai="108" who="1" fromWho="2" sc="240,0,250,30,250,-20,250,0" /><INIT seed="1,0,0,0,1,120" ten="240,280,230,250" oya="1" hai0="59,83,18,21,112,38,60,105,14,40,8,88,3" hai1="84,107,1,39,2,91,72,127,82,51,100,27,113" hai2="42,110,128,48,49,17,71,31,25,19,32,68,62" hai3="114,102,4,106,126,65,122,54,109,63,123,47,43"/><U117/><E39/><V13/><F128/><W22/><G114/><T61/><D105/><U29/><E113/><V12/><F42/><W6/><G102/><T37/><D112/><U78/><E117/><V46/><F62/><W77/><G77/><T133/><D61/><U74/><E127/><V28/><F46/><W85/><G85/><T99/><D133/><U11/><E11/><V92/><F92/><W10/><G106/><T124/><D124/><U20/><E51/><V73/><F73/><W116/><G116/><T57/><D57/><U80/><REACH who="1" step="1"/><E74/><REACH who="1" ten="240,270,230,250" step="2"/><V33/><REACH who="2" step="1"/><F25/><REACH who="2" ten="240,270,220,250" step="2"/><W98/><G126/><T104/><D37/><U41/><E41/><V75/><F75/><W55/><G123/><T23/><D40/><U9/><E9/><V66/><F66/><W89/><G10/><T132/><D38/><U95/><E95/><V52/><F52/><W121/><G122/><T131/><D104/><U64/><E64/><V81/><F81/><W111/><G121/><T50/><D83/><U7/><E7/><V24/><F24/><W119/><G4/><T70/><D8/><U125/><E125/><V30/><F30/><W15/><G6/><T26/><D26/><U115/><E115/><V58/><F58/><W45/><G54/><T86/><D59/><U90/><E90/><V56/><F56/><W34/><G89/><T5/><D88/><U69/><E69/><V134/><F134/><W53/><G55/><T44/><D70/><U103/><E103/><V79/><F79/><W130/><G53/><T108/><D5/><U135/><E135/><V76/><F76/><RYUUKYOKU ba="0,2" sc="240,-15,270,15,220,15,250,-15" hai1="1,2,20,27,29,72,78,80,82,84,91,100,107" hai2="12,13,17,19,28,31,32,33,48,49,68,71,110" /><INIT seed="1,1,2,5,1,98" ten="225,285,235,235" oya="1" hai0="57,122,14,108,104,133,109,135,101,5,37,42,66" hai1="20,63,110,121,130,72,23,21,62,60,111,55,40" hai2="87,70,93,131,125,67,6,84,1,97,12,113,77" hai3="7,112,134,8,79,4,28,29,32,124,94,30,102"/><U106/><E121/><V127/><F1/><W128/><G112/><T116/><D116/><U39/><E72/><V10/><F113/><W44/><G124/><N who="2" m="47689" /><F131/><W35/><G128/><T45/><D122/><U85/><E130/><V38/><F38/><W83/><G134/><N who="0" m="51211" /><D5/><U49/><E106/><V71/><F77/><W81/><G44/><T68/><D14/><U80/><E40/><V107/><F107/><W118/><G118/><T56/><D104/><U103/><E39/><V64/><F64/><W50/><G50/><T46/><D46/><U91/><REACH who="1" step="1"/><E103/><REACH who="1" ten="225,275,235,235" step="2"/><N who="2" m="60847" /><F67/><W65/><G65/><T100/><D68/><AGARI ba="1,3" hai="6,10,12,68,70,71,84,87" m="60847,47689" machi="68" ten="30,2000,0" yaku="18,1,52,1" doraHai="98" who="2" fromWho="0" sc="225,-23,275,0,235,53,235,0" /><INIT seed="2,0,0,3,2,115" ten="202,275,288,235" oya="2" hai0="73,76,124,129,108,32,75,110,89,7,94,104,83" hai1="78,63,25,6,91,96,11,28,38,60,33,74,81" hai2="102,116,37,64,50,65,16,4,69,24,66,80,85" hai3="122,58,93,112,67,100,130,95,59,20,22,23,87"/><V125/><F37/><W46/><G112/><T27/><D32/><U131/><E131/><V101/><F69/><W132/><G122/><T41/><D41/><U82/><E38/><V120/><F120/><W62/><G130/><T44/><D44/><U97/><E97/><V121/><F121/><W113/><G113/><T2/><D27/><U92/><REACH who="1" step="1"/><E82/><REACH who="1" ten="202,265,288,235" step="2"/><V126/><F126/><W119/><G132/><T18/><D124/><U111/><E111/><V79/><F125/><W14/><G95/><T51/><D110/><U61/><E61/><V86/><F86/><W49/><G87/><T88/><D108/><U135/><E135/><V99/><F102/><W40/><G93/><T70/><D129/><U84/><E84/><V12/><F99/><W31/><G100/><T117/><D94/><U43/><E43/><V107/><F101/><W21/><G31/><T72/><D83/><U128/><E128/><V39/><F39/><W3/><G40/><T0/><D104/><U29/><E29/><V114/><F107/><W53/><G62/><T45/><D51/><U134/><E134/><V127/><F114/><W35/><G49/><T42/><D42/><U15/><AGARI ba="0,1" hai="6,11,15,25,28,33,60,63,74,78,81,91,92,96" machi="15" ten="20,5200,0" yaku="1,1,0,1,7,1,53,1" doraHai="115" doraHaiUra="30" who="1" fromWho="1" sc="202,-13,265,62,288,-26,235,-13" /><INIT seed="3,0,0,0,0,10" ten="189,327,262,222" oya="3" hai0="107,120,100,46,20,39,103,127,124,75,95,78,116" hai1="109,83,77,21,33,111,4,86,53,8,81,114,69" hai2="134,99,47,40,16,26,60,110,31,45,3,11,29" hai3="36,90,5,80,54,48,1,105,130,98,97,15,43"/><W56/><G130/><T131/><D120/><U0/><E114/><V79/><F110/><N who="1" m="41993" /><E33/><V108/><F134/><W92/><G105/><T24/><D107/><U55/><E69/><V125/><F79/><W119/><G119/><T87/><D131/><U96/><E96/><V14/><F125/><W112/><G112/><T117/><D39/><U50/><E50/><N who="2" m="26919" /><F3/><W65/><G1/><T66/><D75/><N who="1" m="43199" /><E21/><N who="2" m="13607" /><F108/><W2/><G2/><T70/><D70/><U122/><E122/><V19/><F99/><W89/><G98/><T27/><D117/><U30/><E30/><V64/><F47/><W118/><G118/><T113/><D46/><U88/><AGARI ba="0,0" hai="0,4,8,53,55,83,86,88" m="43199,41993" machi="88" ten="30,2000,0" yaku="14,1,54,1" doraHai="10" who="1" fromWho="1" sc="189,-5,327,20,262,-5,222,-10" /><INIT seed="4,0,0,3,1,30" ten="184,347,257,212" oya="0" hai0="130,104,75,59,57,17,5,118,48,112,64,92,68" hai1="54,34,125,32,85,132,63,1,29,86,35,16,98" hai2="123,36,18,107,129,26,105,113,121,135,31,52,24" hai3="90,44,101,119,89,120,127,65,56,42,67,7,78"/><T80/><D104/><U39/><E39/><V128/><F36/><W3/><G119/><T2/><D118/><U14/><E1/><V117/><F113/><W114/><G114/><T21/><D112/><U116/><E116/><V13/><F117/><W10/><G127/><T37/><D37/><U108/><E108/><V33/><F26/><W79/><G120/><N who="2" m="46153" /><F135/><W84/><G101/><T61/><D92/><U134/><E125/><V69/><F69/><W131/><G131/><N who="2" m="50249" /><F52/><W43/><G43/><T71/><D130/><U72/><E29/><V23/><AGARI ba="0,0" hai="13,18,23,24,31,33,105,107" m="50249,46153" machi="23" ten="30,2000,0" yaku="19,1,52,1" doraHai="30" who="2" fromWho="2" sc="184,-10,347,-5,257,20,212,-5" /><INIT seed="5,0,0,0,3,34" ten="174,342,277,207" oya="1" hai0="117,106,71,124,58,8,20,40,127,133,121,55,46" hai1="53,103,54,93,84,90,69,36,27,105,74,101,135" hai2="79,97,19,14,15,107,128,96,6,35,50,70,39" hai3="18,16,82,45,120,111,62,115,37,51,109,5,132"/><U29/><E74/><V48/><F39/><W122/><G37/><N who="0" m="21775" /><D106/><U75/><E75/><V33/><F70/><W12/><G132/><T64/><D20/><U114/><E114/><V43/><F128/><W32/><G32/><T102/><D102/><U4/><E135/><V41/><F79/><W86/><G115/><T131/><D8/><U81/><E69/><V30/><F30/><W78/><G62/><N who="0" m="40343" /><D117/><U56/><E4/><V31/><F31/><W126/><G126/><N who="0" m="48171" /><D133/><U11/><E105/><V108/><F19/><W91/><G78/><T65/><D65/><U125/><E11/><V130/><F107/><W61/><G5/><T21/><D21/><U24/><E29/><V10/><F10/><W44/><G18/><T2/><D131/><U112/><E125/><V110/><F130/><W63/><G12/><T116/><D116/><U134/><E103/><V99/><F99/><W118/><G118/><T92/><D92/><U98/><E101/><V129/><F129/><W119/><G119/><T52/><D121/><U76/><E98/><V67/><F67/><W80/><G122/><T49/><D55/><U89/><E54/><V73/><F73/><W100/><G120/><T88/><D88/><U85/><E53/><V25/><F6/><W22/><G100/><T94/><D94/><U23/><E93/><V47/><F25/><W123/><G123/><T3/><AGARI ba="0,0" hai="2,3,49,52,58" m="48171,40343,21775" machi="3" ten="30,8000,1" yaku="24,1,18,1,52,2,54,1" doraHai="34" who="0" fromWho="0" sc="174,80,342,-40,277,-20,207,-20" /><INIT seed="6,0,0,0,5,58" ten="254,302,257,187" oya="2" hai0="3,57,118,16,99,41,79,11,77,17,109,132,64" hai1="89,96,97,22,19,72,29,20,108,78,126,104,88" hai2="18,25,90,5,93,27,86,4,92,82,117,114,42" hai3="116,91,94,105,113,13,67,47,124,87,110,119,81"/><V65/><F117/><W100/><G13/><T106/><D118/><U26/><E108/><V14/><F114/><W51/><G113/><T103/><D109/><U34/><E126/><V0/><F42/><W1/><G1/><T50/><D132/><U101/><E34/><V135/><F135/><W15/><G124/><T129/><D129/><U131/><E131/><V38/><F38/><W61/><G110/><T23/><D41/><U59/><E97/><V32/><F65/><W9/><G105/><T8/><D8/><U2/><E2/><V68/><F68/><W112/><G112/><T10/><D10/><U60/><E78/><V39/><F39/><W45/><G45/><T21/><D21/><U40/><E72/><V128/><F128/><W37/><G37/><T70/><D70/><U98/><E98/><V52/><F32/><W43/><G94/><N who="2" m="36457" /><F52/><W54/><G54/><T66/><D66/><U24/><E40/><V53/><F53/><AGARI ba="0,0" hai="19,20,22,24,26,29,53,59,60,88,89,96,101,104" machi="53" ten="30,3900,0" yaku="7,1,52,1,54,1" doraHai="58" who="1" fromWho="2" sc="254,0,302,39,257,-39,187,0" /><INIT seed="7,0,0,5,5,45" ten="254,341,218,187" oya="3" hai0="46,129,34,15,39,79,64,63,94,93,67,9,23" hai1="13,89,11,82,102,69,32,68,85,56,54,8,38" hai2="4,5,92,53,127,51,7,83,130,110,114,96,98" hai3="78,44,24,29,108,113,77,86,37,135,95,103,12"/><W122/><G122/><T28/><D34/><U121/><E121/><V107/><F110/><W22/><G108/><T73/><D73/><U75/><E32/><V66/><F127/><W27/><G113/><T41/><D79/><U70/><E75/><V100/><F114/><W50/><G37/><T133/><D67/><U35/><E35/><V124/><F124/><W123/><G123/><T26/><D133/><U132/><E132/><V18/><F130/><W52/><G135/><T101/><D129/><U99/><E38/><V25/><F66/><W31/><G12/><T109/><D109/><U1/><E1/><V42/><F83/><W17/><G17/><T105/><D105/><U58/><E58/><V80/><F80/><W71/><G71/><T76/><D76/><U14/><E14/><V111/><F42/><W57/><G57/><T134/><D134/><U120/><E120/><V126/><F126/><W21/><G103/><T84/><D84/><U36/><E36/><V16/><F25/><W91/><AGARI ba="0,0" hai="21,22,24,27,29,31,44,50,52,77,78,86,91,95" machi="91" ten="30,12000,1" yaku="0,1,9,1,8,1,52,1,54,1" doraHai="45" who="3" fromWho="3" sc="254,-40,341,-40,218,-40,187,120" owari="214,-19.0,301,10.0,178,-32.0,307,41.0" /></mjloggm>