<mjloggm ver="2.3"><GO type="97" lobby="0"/><UN n0="%E3%83%AD%E3%83%9C%E3%82%B3%E3%83%97" n1="%E7%89%87%E7%80%AC%E9%82%A3%E5%A5%88" n2="%52%45%49%74%6F%64%61%79" n3="%E5%B0%B1%E6%B4%BB%E7%94%9F%40%E5%B7%9D%E6%9D%91%E8%BB%8D%E5%9B%A3" dan="14,15,14,15" rate="1949.36,2024.65,1896.98,1982.98" sx="M,M,F,M"/><TAIKYOKU oya="0"/><INIT seed="0,0,0,2,0,13" ten="250,250,250,250" oya="0" hai0="10,89,125,29,15,70,41,79,1,11,54,16,21" hai1="44,59,115,47,109,25,90,7,131,105,38,51,48" hai2="120,24,50,72,28,93,57,4,134,58,91,77,63" hai3="81,36,5,113,65,127,82,40,129,37,119,100,103"/><T18/><D125/><U94/><E105/><V95/><F120/><W23/><G119/><T33/><D70/><U52/><E7/><V126/><F4/><W88/><G113/><T112/><D112/><U27/><E115/><V34/><F126/><W56/><G127/><T46/><D79/><U83/><E131/><V97/><F72/><W14/><G37/><T22/><D54/><N who="1" m="29983" /><E38/><V116/><F116/><W12/><G36/><T6/><D89/><U102/><E109/><V85/><F134/><W66/><G40/><T92/><D92/><U130/><E130/><V2/><F2/><W108/><G108/><T32/><D41/><U122/><E122/><V19/><F77/><W64/><G129/><T30/><D46/><U53/><E102/><N who="3" m="38954" /><G56/><T73/><D73/><U80/><E80/><N who="3" m="30826" /><G5/><T96/><D96/><N who="1" m="57431" /><E83/><V69/><F69/><W42/><G42/><T128/><D128/><U107/><E107/><V98/><F58/><W45/><G45/><T74/><D74/><U110/><E110/><V118/><F118/><W35/><G35/><N who="0" m="13387" /><D22/><U68/><E68/><V121/><F121/><W71/><G71/><T49/><D49/><AGARI ba="0,0" hai="25,27,44,49,51,52,53,59" m="57431,29983" machi="49" ten="30,2000,0" yaku="8,1,54,1" doraHai="13" who="1" fromWho="0" sc="250,-20,250,20,250,0,250,0" /><INIT seed="1,0,0,2,1,26" ten="230,270,250,250" oya="1" hai0="36,111,118,89,4,80,104,78,134,32,67,10,29" hai1="77,133,21,50,86,43,23,71,56,30,39,129,68" hai2="24,27,105,96,120,70,125,88,74,51,11,132,121" hai3="15,52,40,33,46,44,6,101,72,81,12,35,131"/><U110/><E133/><V76/><F70/><W61/><G131/><T123/><D118/><U79/><E129/><V38/><F38/><W124/><G124/><T34/><D134/><U97/><E68/><V65/><F132/><W84/><G72/><T48/><D123/><U31/><E71/><V9/><F65/><W126/><G126/><T73/><D36/><U93/><E39/><V85/><F125/><W130/><G130/><T64/><D111/><U94/><E110/><V87/><F74/><W106/><G106/><T3/><D104/><U119/><E119/><V99/><F121/><W59/><G101/><T114/><D114/><U90/><E56/><V102/><F120/><W57/><G57/><T128/><D128/><U19/><E50/><V54/><F76/><N who="1" m="29257" /><E43/><V107/><F102/><W117/><G117/><T92/><D48/><U47/><E47/><V127/><F127/><W112/><G112/><T60/><D60/><U91/><E23/><V53/><F51/><W41/><G35/><T95/><D95/><U1/><E1/><V113/><F113/><W69/><G69/><T22/><D34/><U14/><AGARI ba="0,0" hai="14,19,21,30,31,86,90,91,93,94,97" m="29257" machi="14" ten="30,6000,0" yaku="8,1,52,2" doraHai="26" who="1" fromWho="1" sc="230,-20,270,60,250,-20,250,-20" /><INIT seed="1,1,0,3,5,66" ten="210,330,230,230" oya="1" hai0="73,83,16,81,93,99,116,57,89,130,134,48,36" hai1="133,119,132,42,98,123,84,7,135,129,94,118,88" hai2="22,28,110,24,43,11,33,117,112,74,34,15,35" hai3="26,1,125,19,12,47,31,115,29,111,53,63,45"/><U77/><E7/><N who="2" m="3583" /><F74/><W122/><G1/><T67/><D36/><U96/><E123/><V105/><F105/><W6/><G122/><T91/><D116/><N who="1" m="44587" /><E42/><V4/><F43/><W2/><G2/><T65/><D130/><U82/><E129/><V90/><F90/><W3/><G3/><T49/><D134/><U101/><E101/><V30/><F117/><W86/><G125/><T127/><D127/><U18/><E18/><N who="2" m="12375" /><F110/><W72/><G111/><T68/><D68/><U79/><E79/><V55/><F55/><W95/><G72/><AGARI ba="1,0" hai="72,77,82,84,88,94,96,98,132,133,135" m="44587" machi="72" ten="40,12000,1" yaku="20,1,34,2,54,1" doraHai="66" who="1" fromWho="3" sc="210,0,330,123,230,0,230,-123" /><INIT seed="1,2,0,3,3,93" ten="210,453,230,107" oya="1" hai0="32,131,135,113,79,17,9,115,124,129,23,3,12" hai1="49,53,134,112,81,100,26,103,104,76,133,80,50" hai2="127,27,132,128,39,11,40,45,97,41,5,62,47" hai3="20,114,7,8,46,54,52,119,15,90,30,108,83"/><U73/><E112/><N who="0" m="43081" /><D79/><U98/><E26/><V130/><F127/><W55/><G119/><T13/><D124/><U33/><E33/><V58/><F132/><N who="1" m="50793" /><E81/><V122/><F122/><W66/><G114/><T18/><D135/><U21/><E21/><V44/><F27/><W111/><G66/><T24/><D3/><U38/><E38/><N who="2" m="21527" /><F11/><W118/><G118/><T63/><D63/><U75/><E53/><N who="2" m="34127" /><F5/><W95/><G83/><T91/><D91/><U84/><E103/><V77/><F97/><N who="3" m="57591" /><G111/><T72/><D72/><AGARI ba="2,0" hai="49,50,72,73,75,76,80,84,98,100,104" m="50793" machi="72" ten="30,2900,0" yaku="20,1,52,1" doraHai="93" who="1" fromWho="0" sc="210,-35,453,35,230,0,107,0" /><INIT seed="1,3,0,3,4,2" ten="175,488,230,107" oya="1" hai0="135,70,25,38,55,45,80,125,74,119,35,97,112" hai1="5,89,40,12,26,85,44,93,58,126,15,49,50" hai2="91,113,130,54,120,69,7,11,95,123,56,13,71" hai3="122,21,124,114,131,10,30,27,16,133,132,72,64"/><U101/><E126/><V19/><F130/><W94/><G72/><T4/><D119/><U63/><E101/><V116/><F116/><W76/><G76/><T36/><D112/><U68/><E68/><V121/><F113/><W104/><G104/><T34/><D125/><U17/><E26/><V86/><REACH who="2" step="1"/><F19/><REACH who="2" ten="175,488,220,107" step="2"/><W59/><G114/><T92/><D135/><N who="3" m="51785" /><G122/><T33/><D4/><U32/><E5/><V102/><F102/><W67/><G124/><T107/><D34/><U28/><E32/><V48/><AGARI ba="3,1" hai="7,11,13,48,54,56,69,71,86,91,95,120,121,123" machi="48" ten="30,7900,0" yaku="1,1,0,1,52,1,53,1" doraHai="2" doraHaiUra="84" who="2" fromWho="2" sc="175,-23,488,-42,220,98,107,-23" /><INIT seed="2,0,0,4,0,13" ten="152,446,318,84" oya="2" hai0="133,76,16,37,91,101,114,71,15,78,26,53,57" hai1="3,129,35,77,102,108,29,23,36,27,41,86,130" hai2="4,8,92,64,82,32,1,62,66,31,7,104,51" hai3="81,100,18,109,135,60,105,45,63,17,5,43,38"/><V79/><F104/><W48/><G135/><T70/><D114/><U98/><E3/><V125/><F125/><W61/><G109/><T95/><D133/><U40/><E108/><V80/><F7/><W67/><G67/><T96/><D37/><U21/><E86/><V106/><F106/><W30/><G30/><T56/><D71/><U111/><E77/><N who="0" m="29801" /><D70/><U46/><E40/><V72/><F80/><W118/><G118/><T25/><D101/><U75/><E75/><V10/><F10/><W54/><G81/><T12/><D12/><U123/><E123/><V89/><F51/><W88/><G5/><T87/><D96/><U33/><E33/><V9/><F9/><W47/><REACH who="3" step="1"/><G88/><REACH who="3" ten="152,446,318,74" step="2"/><T112/><D112/><U122/><E122/><V44/><F66/><W49/><G49/><N who="0" m="30767" /><D57/><U117/><E117/><V116/><F116/><W127/><G127/><T59/><D59/><U50/><E50/><V28/><F32/><W85/><G85/><T124/><D124/><U131/><E111/><V58/><REACH who="2" step="1"/><F44/><REACH who="2" ten="152,446,308,74" step="2"/><W110/><G110/><T103/><D103/><U94/><AGARI ba="0,2" hai="21,23,27,29,35,36,41,46,94,98,102,129,130,131" machi="94" ten="30,2000,0" yaku="0,1,19,1" doraHai="13" who="1" fromWho="1" sc="152,-5,446,40,308,-10,74,-5" /><INIT seed="3,0,0,4,5,71" ten="147,486,298,69" oya="3" hai0="20,25,54,22,119,100,39,81,129,34,8,75,90" hai1="23,1,19,43,107,31,104,77,74,109,48,66,89" hai2="84,67,21,85,68,9,6,36,5,92,46,12,14" hai3="26,123,41,108,88,114,94,79,37,96,28,102,38"/><W15/><G114/><T106/><D119/><U29/><E109/><V76/><F68/><W27/><G123/><T10/><D129/><U131/><E131/><V13/><F67/><W61/><G108/><T16/><D34/><U44/><E1/><V50/><F36/><W86/><G79/><T63/><D39/><U78/><E89/><V133/><F133/><W128/><G128/><T72/><D106/><U113/><E66/><V33/><F33/><W24/><G28/><T83/><D100/><U42/><E113/><V118/><F118/><W56/><G41/><T35/><D35/><U80/><E104/><V32/><F32/><W134/><G15/><N who="0" m="9247" /><D75/><U93/><E107/><V97/><F6/><W4/><G4/><T11/><D72/><U98/><E77/><V51/><F21/><W82/><REACH who="3" step="1"/><G134/><REACH who="3" ten="147,486,298,59" step="2"/><T7/><D7/><U117/><E43/><V70/><F76/><W105/><G105/><T112/><D112/><U59/><E117/><V3/><F5/><W125/><G125/><T45/><D8/><U115/><E115/><V2/><F9/><W60/><G60/><T111/><D10/><U101/><E31/><V53/><F3/><W58/><G58/><N who="0" m="35287" /><D11/><U124/><E59/><V130/><F2/><W65/><AGARI ba="0,1" hai="24,26,27,37,38,56,61,65,82,86,88,94,96,102" machi="65" ten="30,18000,2" yaku="1,1,0,1,52,2,54,1,53,1" doraHai="71" doraHaiUra="62" who="3" fromWho="3" sc="147,-60,486,-60,298,-60,59,190" /><INIT seed="3,1,0,2,4,59" ten="87,426,238,249" oya="3" hai0="91,86,43,64,96,94,44,134,2,117,10,122,15" hai1="42,8,0,24,57,17,21,113,38,71,116,4,61" hai2="124,70,63,111,81,32,75,29,110,47,119,106,88" hai3="35,45,39,120,30,14,114,48,93,112,13,46,78"/><W68/><G120/><T72/><D122/><U58/><E113/><V60/><F119/><W1/><G1/><T7/><D117/><U12/><E116/><V65/><F106/><W105/><G105/><T67/><D134/><U55/><E71/><V108/><F32/><W132/><G132/><T19/><D72/><U131/><E131/><V53/><F29/><W129/><G129/><T126/><D126/><U22/><E38/><V133/><F75/><W31/><G68/><T52/><D96/><U128/><E42/><V74/><F74/><W28/><G35/><T16/><D19/><U90/><E90/><V92/><F81/><W62/><G78/><T3/><D3/><U89/><E89/><V5/><F5/><W34/><G34/><T11/><REACH who="0" step="1"/><D52/><REACH who="0" ten="77,426,238,249" step="2"/><N who="1" m="33959" /><E0/><V79/><F133/><W118/><G118/><T97/><D97/><U9/><E22/><V27/><F53/><W109/><G114/><T99/><D99/><U80/><E80/><V83/><F124/><W66/><G112/><T130/><D130/><U54/><E58/><V73/><F83/><W123/><G123/><T115/><D115/><U69/><E69/><V49/><F70/><W56/><G109/><T33/><D33/><U104/><E104/><V121/><F111/><W25/><G31/><T85/><D85/><U100/><E100/><V101/><F121/><W135/><G30/><T23/><D23/><U127/><E127/><V36/><F101/><W51/><G135/><T125/><D125/><U20/><E128/><V82/><F110/><W18/><G28/><T37/><AGARI ba="1,1" hai="2,7,10,11,15,16,37,43,44,64,67,86,91,94" machi="37" ten="20,5200,0" yaku="1,1,0,1,7,1,54,1,53,0" doraHai="59" doraHaiUra="95" who="0" fromWho="0" sc="77,65,426,-14,238,-14,249,-27" owari="142,-36.0,412,52.0,224,2.0,222,-18.0" /></mjloggm>