<mjloggm ver="2.3"><GO type="169" lobby="0"/><UN n0="%E3%82%80%E3%81%99%E3%82%93%E3%81%A7%E3%81%B2%E3%82%89%E3%81%84%E3%81%A6" n1="%E9%81%8A%E8%B5%B0" n2="%E3%82%A6%E3%83%AB%E3%83%88%E3%83%A9%E7%AB%8B%E7%9B%B4" n3="%E8%A3%95%E7%BE%8E%E5%AD%90" dan="16,17,17,16" rate="2102.48,2201.21,2127.80,2150.15" sx="M,M,M,F"/><TAIKYOKU oya="0"/><INIT seed="0,0,0,1,4,97" ten="250,250,250,250" oya="0" hai0="55,101,123,4,78,90,63,32,92,60,53,119,103" hai1="31,9,19,104,74,80,83,23,100,67,79,127,68" hai2="88,46,0,7,111,118,61,47,20,87,109,131,102" hai3="14,2,10,126,82,41,107,99,50,128,94,57,3"/><T115/><D115/><U26/><E127/><V28/><F131/><W124/><G107/><T77/><D119/><U39/><E39/><V121/><F121/><W70/><G70/><T116/><D32/><U33/><E83/><V35/><F35/><W122/><G82/><T66/><D4/><U27/><E9/><V98/><F118/><W114/><G128/><T12/><D12/><U76/><E76/><N who="0" m="29289" /><D123/><U43/><E43/><V71/><F7/><W73/><G73/><T51/><D116/><U16/><E68/><V6/><F6/><N who="3" m="3415" /><G122/><T22/><D22/><U85/><E67/><V18/><F28/><W44/><G114/><T49/><D49/><U11/><E74/><V106/><F0/><W1/><G57/><N who="0" m="37231" /><D60/><U89/><E79/><V42/><F61/><W93/><G99/><N who="0" m="57751" /><D55/><U15/><REACH who="1" step="1"/><E104/><REACH who="1" ten="250,240,250,250" step="2"/><V45/><F71/><W30/><G126/><T58/><AGARI ba="0,1" hai="51,53,58,101,103" m="57751,37231,29289" machi="58" ten="30,6000,0" yaku="8,1,52,2" doraHai="97" who="0" fromWho="0" sc="250,70,240,-20,250,-20,250,-20" /><INIT seed="0,1,0,5,1,133" ten="320,220,230,230" oya="0" hai0="134,56,15,103,72,112,66,30,101,122,1,62,37" hai1="39,85,8,96,17,83,29,51,80,59,114,21,25" hai2="130,79,94,127,27,92,10,100,0,36,105,28,104" hai3="69,68,132,3,4,113,34,13,91,115,88,123,74"/><T97/><D1/><U70/><E70/><V128/><F36/><W131/><G132/><T65/><D112/><U33/><E39/><V23/><F79/><W98/><G3/><T44/><D122/><U111/><E114/><V61/><F61/><W48/><G34/><T86/><D72/><U121/><E121/><V87/><F94/><W18/><G74/><T135/><D30/><U22/><E111/><V107/><F127/><W38/><G38/><T71/><D66/><U84/><E96/><V64/><F64/><W52/><G4/><T31/><D71/><U55/><E8/><V73/><F73/><W106/><G123/><T20/><D86/><N who="1" m="33387" /><E33/><V125/><F125/><W110/><G110/><T50/><D37/><U46/><E59/><V49/><F49/><W124/><G124/><T32/><D32/><U47/><E47/><V42/><F42/><W76/><G76/><T126/><D126/><U78/><E78/><V2/><F10/><W7/><G7/><T82/><D82/><U118/><E118/><V119/><F119/><W11/><G69/><T6/><D6/><U53/><E55/><V41/><F41/><W117/><G68/><T57/><D57/><U81/><E22/><V67/><F67/><W24/><G117/><T129/><D135/><U12/><E29/><V14/><F2/><W54/><G54/><T89/><D65/><U90/><E90/><N who="2" m="53343" /><F0/><W108/><G108/><T26/><D89/><U35/><E35/><N who="2" m="20895" /><F100/><N who="3" m="62743" /><G113/><T95/><D134/><U77/><E77/><V60/><F60/><W93/><G115/><T9/><D101/><U5/><E83/><RYUUKYOKU ba="1,0" sc="320,-15,220,15,230,15,230,-15" hai1="5,12,17,21,25,46,51,53,80,81" hai2="14,23,104,105,107,128,130" /><INIT seed="1,2,0,4,4,46" ten="305,235,245,215" oya="1" hai0="88,59,89,25,106,124,18,67,90,92,28,39,38" hai1="56,120,105,13,30,51,60,41,125,118,63,71,1" hai2="76,94,112,122,32,129,66,47,109,69,2,114,44" hai3="98,42,95,110,75,26,0,31,99,11,128,65,9"/><U29/><E120/><V133/><F32/><W107/><G110/><T17/><D106/><U78/><E118/><V73/><F2/><W33/><G75/><T20/><D124/><U8/><E1/><V117/><F76/><W77/><G77/><T12/><D18/><N who="1" m="8487" /><E71/><V19/><F94/><W3/><G128/><T86/><D39/><U97/><E105/><V74/><F19/><W10/><G65/><T49/><D38/><U72/><E72/><V130/><F66/><W135/><G135/><T91/><D67/><N who="1" m="39303" /><E125/><V61/><F61/><W108/><G108/><T15/><D28/><U132/><E132/><V22/><F69/><W70/><G70/><T50/><D59/><U4/><E4/><V101/><F133/><W5/><G3/><T102/><D102/><U93/><E63/><V119/><F101/><W123/><G123/><T100/><D100/><N who="1" m="60463" /><E78/><V126/><F126/><W85/><G107/><T16/><D25/><U121/><E121/><V52/><F122/><W87/><G99/><T111/><D111/><U36/><E36/><V6/><F109/><W83/><G5/><T103/><D103/><U134/><E134/><V115/><F114/><W53/><G0/><T37/><D37/><U54/><E41/><V27/><F6/><W55/><G42/><T116/><D116/><U96/><E96/><V81/><F115/><W80/><G87/><T113/><D113/><U68/><E68/><V62/><F112/><W127/><G127/><T24/><D24/><U57/><AGARI ba="2,0" hai="29,30,51,54,57" m="60463,39303,8487" machi="57" ten="30,3000,0" yaku="8,1,52,1" doraHai="46" who="1" fromWho="1" sc="305,-12,235,36,245,-12,215,-12" /><INIT seed="1,3,0,0,1,38" ten="293,271,233,203" oya="1" hai0="3,8,51,121,44,41,125,36,69,18,127,47,124" hai1="35,73,27,66,22,103,79,17,57,49,94,46,86" hai2="31,53,19,29,84,85,1,126,24,87,106,58,21" hai3="83,9,45,11,52,37,68,15,34,99,40,61,115"/><U131/><E73/><V64/><F126/><W39/><G115/><T109/><D109/><U97/><E35/><V95/><F106/><W114/><G114/><T128/><D128/><U30/><E131/><V75/><F75/><W119/><G34/><T43/><D69/><U90/><E79/><V111/><F111/><W134/><G134/><T110/><D110/><U65/><E57/><V54/><F1/><W130/><G130/><T113/><D113/><U104/><REACH who="1" step="1"/><E30/><REACH who="1" ten="293,261,233,203" step="2"/><N who="2" m="11275" /><F95/><W6/><G68/><T7/><D121/><U88/><E88/><V120/><F120/><W78/><G119/><T72/><D72/><U12/><E12/><V71/><F71/><W105/><G105/><T81/><D81/><U74/><E74/><V14/><F14/><W70/><G83/><T93/><D93/><U77/><E77/><V2/><F2/><W23/><G78/><T60/><D127/><U59/><E59/><V42/><F58/><W129/><G70/><T28/><D28/><U100/><E100/><V26/><F26/><W80/><G80/><T67/><D125/><U56/><E56/><V98/><F64/><W50/><G15/><T101/><D101/><U48/><E48/><V107/><F107/><W133/><G50/><T92/><D92/><U118/><E118/><V132/><F24/><W5/><G129/><T25/><D124/><U96/><E96/><V32/><F98/><W122/><G99/><T135/><D67/><U62/><E62/><V16/><F32/><W116/><G61/><T20/><D60/><U55/><AGARI ba="3,1" hai="17,22,27,46,49,55,65,66,86,90,94,97,103,104" machi="55" ten="20,7800,0" yaku="1,1,0,1,7,1,53,1" doraHai="38" doraHaiUra="91" who="1" fromWho="1" sc="293,-29,261,97,233,-29,203,-29" /><INIT seed="1,4,0,0,1,127" ten="264,358,204,174" oya="1" hai0="52,21,133,9,15,99,91,53,51,79,97,30,111" hai1="2,65,104,45,13,47,29,26,61,54,107,40,68" hai2="109,56,18,126,27,130,49,87,63,78,35,81,131" hai3="80,95,125,33,102,1,128,73,64,6,116,76,62"/><U67/><E2/><V90/><F126/><W55/><G116/><T71/><D71/><U19/><E67/><V70/><F70/><W48/><G125/><T0/><D111/><U12/><E54/><V60/><F109/><W134/><G33/><T83/><D133/><U58/><E58/><V113/><F113/><W7/><G134/><T39/><D39/><U115/><E115/><V96/><F49/><W88/><G102/><T103/><D91/><U5/><E5/><V118/><F118/><W93/><G95/><T101/><D101/><U124/><E124/><V121/><F121/><W3/><G6/><T14/><D0/><U112/><E112/><V10/><F60/><W129/><G7/><T94/><D99/><U132/><E132/><V75/><F96/><W38/><G38/><T123/><D123/><U92/><E92/><V106/><F106/><W66/><G66/><T59/><D53/><U28/><E12/><V135/><F135/><W122/><G122/><T72/><D9/><U32/><E29/><V89/><F10/><W119/><G119/><T77/><D14/><U46/><REACH who="1" step="1"/><E40/><REACH who="1" ten="264,348,204,174" step="2"/><V50/><F56/><N who="3" m="32871" /><G64/><T100/><D15/><U22/><AGARI ba="4,1" hai="13,19,22,26,28,32,45,46,47,61,65,68,104,107" machi="22" ten="30,3000,0" yaku="1,1,0,1,53,0" doraHai="127" doraHaiUra="44" who="1" fromWho="1" sc="264,-14,348,52,204,-14,174,-14" /><INIT seed="1,5,0,0,2,103" ten="250,400,190,160" oya="1" hai0="22,57,133,25,6,112,126,99,82,50,131,4,13" hai1="118,117,109,38,105,62,17,5,66,53,89,75,2" hai2="14,83,51,65,55,29,21,87,33,74,8,78,46" hai3="134,60,96,47,58,35,97,73,106,115,130,128,52"/><U40/><E75/><V43/><F65/><W125/><G73/><T119/><D119/><U7/><E109/><V77/><F33/><W67/><G35/><T36/><D36/><U56/><E105/><V92/><F92/><W84/><G115/><T32/><D112/><U129/><E129/><N who="3" m="49770" /><G134/><T93/><D131/><U80/><E38/><V100/><F100/><N who="3" m="62727" /><G97/><T28/><D133/><U41/><E2/><V37/><F74/><W98/><G98/><T81/><D126/><U10/><E66/><V9/><F77/><W42/><G125/><T120/><D120/><U49/><E118/><V114/><F114/><W71/><G84/><T76/><D32/><U31/><E31/><V121/><F121/><W23/><G23/><T44/><D99/><U61/><E117/><V135/><F135/><W127/><G127/><T111/><D111/><U107/><E107/><V132/><F132/><W39/><G67/><T108/><D108/><U26/><E80/><V45/><F29/><W64/><G64/><T102/><D82/><U104/><E104/><V18/><AGARI ba="5,0" hai="8,9,14,18,21,37,43,45,46,51,55,78,83,87" machi="18" ten="30,1100,0" yaku="0,1" doraHai="103" who="2" fromWho="2" sc="250,-8,400,-10,190,26,160,-8" /><INIT seed="2,0,0,4,4,116" ten="242,390,216,152" oya="2" hai0="9,3,23,108,15,72,56,12,105,46,88,125,21" hai1="45,16,109,66,121,110,126,98,128,31,55,69,50" hai2="94,67,86,75,58,106,131,78,32,129,101,54,13" hai3="28,39,135,51,124,89,100,14,53,42,91,73,112"/><V1/><F1/><W34/><G73/><T81/><D108/><N who="1" m="41579" /><E128/><N who="2" m="49227" /><F32/><W134/><G124/><T20/><D105/><U8/><E126/><V113/><F113/><W4/><G112/><T107/><D107/><U40/><E31/><V64/><F75/><W27/><G100/><T83/><D46/><N who="1" m="28119" /><E98/><N who="2" m="61751" /><F13/><W0/><G42/><T77/><D3/><U71/><E121/><V17/><F17/><W44/><G39/><T29/><D125/><U43/><E8/><V117/><F117/><W133/><G0/><T37/><D37/><N who="1" m="21647" /><E16/><V132/><F132/><W57/><G44/><T38/><D29/><U22/><E22/><V48/><F94/><W52/><G53/><T95/><D15/><U33/><E33/><V10/><F10/><AGARI ba="0,0" hai="4,10,14,27,28,34,51,52,57,89,91,133,134,135" machi="10" ten="40,2600,0" yaku="20,1,54,1" doraHai="116" who="3" fromWho="2" sc="242,0,390,0,216,-26,152,26" /><INIT seed="3,0,0,3,5,83" ten="242,390,190,178" oya="3" hai0="122,116,30,70,132,51,4,72,130,62,124,121,77" hai1="64,80,42,53,39,131,65,0,27,38,6,120,46" hai2="32,5,103,89,8,29,2,66,40,71,100,84,85" hai3="87,119,110,115,50,22,86,20,35,126,41,82,47"/><W113/><G35/><T111/><D4/><U36/><E120/><V79/><F40/><W96/><G119/><T56/><D30/><U134/><E134/><V98/><F79/><W44/><G126/><T106/><D106/><U75/><E53/><V101/><F98/><W10/><G96/><T55/><D77/><N who="1" m="44095" /><E27/><V135/><F135/><W99/><G99/><T69/><D130/><U107/><E107/><V37/><F37/><N who="1" m="14441" /><E131/><V93/><F84/><W68/><G10/><AGARI ba="0,0" hai="0,6,10,39,42,46,64,65" m="14441,44095" machi="10" ten="30,1000,0" yaku="25,1" doraHai="83" who="1" fromWho="3" sc="242,0,390,10,190,0,178,-10" /><INIT seed="4,0,0,1,4,104" ten="242,400,190,168" oya="0" hai0="7,60,6,27,82,126,71,73,101,23,112,124,87" hai1="95,0,13,72,103,14,51,16,49,10,129,50,111" hai2="34,25,130,35,75,114,22,132,109,39,94,79,17" hai3="86,24,21,58,63,44,135,108,125,97,115,131,128"/><T67/><D101/><U32/><E111/><V80/><F109/><W52/><G108/><T61/><D61/><U120/><E120/><V43/><F114/><W90/><G115/><T89/><D112/><U116/><E116/><V113/><F113/><W81/><G135/><T47/><D47/><U53/><E32/><V8/><F132/><W118/><G118/><T107/><D107/><U41/><E129/><N who="3" m="49738" /><G125/><N who="0" m="48235" /><D73/><U37/><E37/><V20/><F130/><W5/><G5/><T56/><D71/><U48/><E72/><V36/><F36/><W99/><G44/><T134/><D134/><U26/><E0/><V123/><F123/><W78/><G90/><T59/><D59/><N who="1" m="33215" /><E26/><V70/><F70/><W96/><G96/><T121/><D121/><U77/><E77/><V69/><F69/><W106/><G106/><T119/><D119/><U105/><E105/><V83/><F39/><W55/><G55/><T2/><D2/><U92/><E103/><V85/><F43/><W11/><G11/><T93/><D93/><N who="1" m="35915" /><E13/><V117/><F94/><W68/><G68/><T4/><D4/><U98/><E98/><V46/><F117/><W66/><G66/><T31/><AGARI ba="0,0" hai="6,7,23,27,31,56,60,67,82,87,89" m="48235" machi="31" ten="30,1500,0" yaku="18,1" doraHai="104" who="0" fromWho="0" sc="242,15,400,-5,190,-5,168,-5" /><INIT seed="4,1,0,5,4,94" ten="257,395,185,163" oya="0" hai0="70,8,22,133,122,114,5,12,92,58,63,110,96" hai1="91,67,87,35,135,82,25,26,2,73,106,72,56" hai2="128,31,68,83,99,107,64,130,97,20,125,48,36" hai3="100,126,74,103,120,129,90,3,43,77,27,7,101"/><T9/><D122/><U75/><E106/><V11/><F36/><W15/><G120/><T18/><D114/><U50/><E135/><V98/><F107/><W46/><G129/><N who="2" m="49769" /><F125/><W81/><G126/><T134/><D70/><U121/><E121/><V118/><F118/><W42/><G43/><T79/><D79/><U60/><E35/><V51/><F11/><W88/><G27/><T24/><D9/><U13/><E2/><V34/><F34/><W55/><G15/><T16/><D5/><U33/><E33/><V10/><F10/><N who="3" m="2431" /><G55/><N who="0" m="34271" /><D110/><U124/><E124/><V111/><F111/><W21/><G21/><T61/><D61/><U89/><E13/><V44/><F44/><W71/><G71/><T116/><D116/><U66/><E66/><V86/><F64/><W57/><G57/><T108/><D108/><U131/><E131/><V62/><F62/><W84/><G84/><T109/><D109/><U19/><E50/><V17/><F68/><W93/><G93/><T95/><D95/><U105/><E105/><V28/><F51/><W112/><G112/><T30/><D30/><U54/><E67/><V104/><F48/><W65/><G65/><T119/><D119/><U49/><E49/><V45/><F104/><W0/><G0/><T37/><D37/><AGARI ba="1,0" hai="37,42,46,74,77,81,88,90,100,101,103" m="2431" machi="37" ten="30,2000,0" yaku="25,1,54,1" doraHai="94" who="3" fromWho="0" sc="257,-23,395,0,185,0,163,23" /><INIT seed="5,0,0,3,4,37" ten="234,395,185,186" oya="1" hai0="44,39,79,71,15,78,57,80,26,72,27,63,114" hai1="83,109,19,94,81,103,130,11,107,32,31,23,95" hai2="121,17,122,50,35,48,125,28,6,7,34,4,99" hai3="20,133,43,41,97,90,91,18,60,21,5,3,2"/><U127/><E32/><V55/><F125/><W51/><G60/><T8/><D71/><U22/><E109/><V14/><F99/><W13/><G5/><T53/><D79/><U102/><E107/><V25/><F35/><W92/><G133/><T12/><D114/><U58/><E127/><V29/><F29/><W96/><G51/><T16/><REACH who="0" step="1"/><D15/><REACH who="0" ten="224,395,185,186" step="2"/><U45/><E130/><V73/><F73/><W108/><G108/><T132/><D132/><U69/><E69/><V106/><F106/><W118/><G118/><T65/><D65/><U105/><E105/><V135/><F135/><W89/><G3/><T111/><D111/><U38/><E103/><V62/><F122/><W52/><G2/><T85/><D85/><U42/><E102/><V120/><F120/><W70/><G70/><T86/><D86/><U66/><E66/><V40/><F121/><W124/><G124/><T30/><D30/><U117/><E31/><V98/><F14/><W110/><G110/><T100/><D100/><U126/><E126/><V134/><F134/><W112/><G112/><T74/><D74/><U104/><E104/><V75/><F75/><W67/><G67/><T128/><D128/><U88/><E117/><V1/><F28/><W24/><G96/><T56/><D56/><U77/><E58/><N who="2" m="35167" /><F98/><W82/><G97/><T131/><D131/><U33/><E33/><V9/><F34/><W0/><G0/><T119/><D119/><U87/><E77/><V76/><F76/><W61/><G13/><T54/><D54/><U123/><E123/><V68/><F68/><W113/><G113/><RYUUKYOKU ba="0,1" sc="224,30,395,-10,185,-10,186,-10" hai0="8,12,16,26,27,39,44,53,57,63,72,78,80" /><INIT seed="6,1,1,4,4,42" ten="254,385,175,176" oya="2" hai0="29,77,20,117,34,47,100,2,58,124,23,128,72" hai1="27,49,130,80,121,56,8,74,125,115,59,99,40" hai2="78,57,14,131,119,61,6,127,32,93,126,50,38" hai3="0,55,67,90,129,114,101,52,18,106,15,54,44"/><V83/><F38/><W35/><G0/><T69/><D69/><U118/><E115/><V113/><F32/><W76/><G35/><T68/><D68/><U13/><E118/><V28/><F119/><W86/><G114/><T120/><D2/><U1/><E1/><V108/><F113/><W31/><G31/><T9/><D34/><U12/><E121/><V11/><F28/><W96/><G76/><T22/><D58/><U64/><E130/><V105/><F105/><W92/><G67/><T112/><D9/><U37/><E37/><V109/><F93/><N who="3" m="54487" /><G106/><T98/><D77/><U87/><E74/><V97/><F97/><W107/><G107/><T132/><D72/><U36/><E36/><V21/><F131/><W16/><G129/><T111/><D128/><U71/><E71/><V7/><F7/><W79/><G79/><T25/><D112/><U5/><E125/><N who="2" m="47627" /><F21/><N who="3" m="11423" /><G18/><T45/><D124/><U19/><E99/><V4/><F4/><W17/><G17/><T62/><D117/><U91/><E27/><V43/><F83/><W33/><G33/><T51/><D25/><U116/><E116/><V46/><F78/><W53/><G53/><AGARI ba="1,1" hai="6,11,14,43,46,50,53,57,61,108,109" m="47627" machi="53" ten="30,2900,0" yaku="18,1,52,1" doraHai="42" who="2" fromWho="3" sc="254,0,385,0,175,42,176,-32" /><INIT seed="6,2,0,1,3,94" ten="254,385,217,144" oya="2" hai0="79,2,9,33,62,118,100,114,132,64,81,68,43" hai1="87,78,122,129,130,109,82,4,85,106,113,134,76" hai2="35,32,69,47,115,30,133,74,102,5,89,131,125" hai3="75,63,96,65,57,52,24,86,1,111,36,73,88"/><V91/><F74/><W108/><G36/><T38/><D33/><N who="2" m="12874" /><F30/><W53/><G1/><T67/><D67/><U0/><E109/><V48/><F69/><W13/><G108/><T45/><D114/><U103/><E113/><V121/><F121/><W93/><G111/><T28/><D28/><U80/><E122/><V19/><F5/><W98/><G73/><N who="0" m="43247" /><D132/><U23/><E23/><V25/><F102/><W55/><G75/><T66/><D66/><U95/><E134/><V128/><F133/><W8/><G24/><T92/><D92/><U59/><E4/><AGARI ba="2,0" hai="4,8,13,52,53,55,57,63,65,86,88,93,96,98" machi="4" ten="40,8000,1" yaku="8,1,52,2,54,2" doraHai="94" who="3" fromWho="1" sc="254,0,385,-86,217,0,144,86" /><INIT seed="7,0,0,5,1,100" ten="254,299,217,230" oya="3" hai0="2,17,22,43,5,75,10,14,82,29,24,8,44" hai1="60,98,97,19,87,91,61,64,6,70,105,57,18" hai2="95,132,0,110,50,113,119,88,123,107,74,32,37" hai3="58,112,131,40,45,125,121,27,33,56,69,94,15"/><W39/><G121/><T3/><D3/><U52/><E6/><V73/><F50/><W42/><G69/><T77/><D44/><U103/><E98/><V85/><F88/><W20/><G33/><T34/><REACH who="0" step="1"/><D43/><REACH who="0" ten="244,299,217,230" step="2"/><U89/><E89/><V109/><F0/><W71/><G42/><T120/><D120/><U67/><E67/><V28/><F123/><W93/><G125/><T49/><D49/><U127/><E127/><V46/><F46/><W1/><G1/><T9/><AGARI ba="0,1" hai="2,5,8,9,10,14,17,22,24,29,34,75,77,82" machi="9" ten="30,7900,0" yaku="1,1,0,1,24,2,53,0" doraHai="100" doraHaiUra="51" who="0" fromWho="0" sc="244,89,299,-20,217,-20,230,-39" owari="333,43.0,279,8.0,197,-20.0,191,-31.0" /></mjloggm>