<mjloggm ver="2.3"><GO type="41" lobby="0"/><UN n0="%E3%81%88%E3%83%BC%E3%81%99%E3%81%A8%E3%81%85%EF%BC%81" n1="%61%61%37%37%37" n2="%E5%B0%B1%E6%B4%BB%E7%94%9F%40%E5%B7%9D%E6%9D%91%E8%BB%8D%E5%9B%A3" n3="%E9%B4%A8%E3%81%A8%E8%91%B1%E3%81%A8%E5%9C%9F%E9%8D%8B" dan="13,14,15,13" rate="1986.43,1957.23,1968.02,1892.90" sx="M,M,M,M"/><TAIKYOKU oya="0"/><INIT seed="0,0,0,0,1,111" ten="250,250,250,250" oya="0" hai0="13,118,75,45,78,114,94,106,93,98,12,124,134" hai1="16,36,24,28,135,48,32,96,97,40,59,84,127" hai2="83,90,99,86,102,21,125,68,34,42,46,107,39" hai3="23,120,26,8,112,50,104,14,0,85,64,33,103"/><T19/><D118/><U25/><E36/><V121/><F125/><W22/><G120/><T55/><D124/><U15/><E135/><V29/><F121/><W100/><G0/><T117/><D117/><U119/><E119/><V113/><F68/><W5/><G64/><T116/><D134/><U20/><E127/><V53/><F53/><W27/><G33/><T11/><D78/><U31/><E84/><V92/><F34/><W49/><G112/><T18/><D75/><U51/><E48/><N who="3" m="18538" /><G104/><T65/><D114/><U67/><E67/><V73/><F29/><N who="3" m="17623" /><G85/><T108/><D65/><U122/><E122/><V101/><F21/><W80/><G80/><T10/><D108/><U47/><REACH who="1" step="1"/><E59/><REACH who="1" ten="250,240,250,250" step="2"/><V82/><F73/><W52/><G100/><T133/><D133/><U74/><E74/><V76/><F102/><W91/><G103/><T58/><D116/><U54/><E54/><V57/><F113/><W63/><G91/><T60/><D45/><U89/><E89/><V61/><F76/><W38/><G38/><T110/><D110/><U77/><E77/><V131/><F86/><W6/><G6/><T126/><D126/><U88/><E88/><V130/><F90/><W70/><G70/><T4/><D4/><U79/><E79/><V41/><F101/><AGARI ba="0,1" hai="10,11,12,13,18,19,55,58,60,93,94,98,101,106" machi="101" ten="40,2000,0" yaku="9,1" doraHai="111" who="0" fromWho="2" sc="250,30,240,0,250,-20,250,0" /><INIT seed="0,1,0,1,5,128" ten="280,240,230,250" oya="0" hai0="118,31,16,25,63,34,48,100,8,50,15,32,102" hai1="123,22,81,2,106,78,37,17,19,44,94,28,65" hai2="0,68,120,64,38,20,53,5,108,56,107,9,115" hai3="101,7,58,110,103,21,91,41,4,105,97,111,114"/><T72/><D72/><U82/><E123/><V6/><F120/><W90/><G41/><T35/><D63/><U125/><E125/><V24/><F115/><W77/><G114/><T55/><D118/><U67/><E106/><V73/><F38/><W85/><G58/><T42/><D42/><U60/><E2/><V88/><F6/><W132/><G21/><T40/><D40/><U126/><E126/><V95/><F107/><W117/><G117/><T23/><REACH who="0" step="1"/><D48/><REACH who="0" ten="270,240,230,250" step="2"/><U129/><E60/><V98/><F73/><W11/><G4/><T18/><D18/><U62/><E62/><V135/><F108/><N who="3" m="41515" /><G7/><T10/><D10/><U13/><E17/><N who="2" m="12303" /><F68/><W87/><G11/><T92/><D92/><U122/><E94/><V70/><F70/><W66/><G77/><T99/><D99/><U57/><E78/><V86/><F64/><W12/><G66/><T76/><D76/><U3/><E67/><V109/><F109/><W59/><G12/><T127/><D127/><U74/><E65/><V26/><F9/><W14/><G14/><T46/><AGARI ba="1,1" hai="8,15,16,23,25,31,32,34,35,46,50,55,100,102" machi="46" ten="30,6000,0" yaku="1,1,0,1,54,1,53,0" doraHai="128" doraHaiUra="121" who="0" fromWho="0" sc="270,73,240,-21,230,-21,250,-21" /><INIT seed="0,2,0,3,1,0" ten="343,219,209,229" oya="0" hai0="125,71,76,94,14,128,112,20,121,105,32,99,104" hai1="69,88,101,27,40,39,24,53,57,66,103,79,4" hai2="114,135,74,3,31,117,8,13,98,127,25,45,29" hai3="97,82,38,37,85,72,70,89,90,36,91,116,80"/><T56/><D71/><U51/><E79/><V120/><F74/><W77/><G116/><T109/><D121/><U60/><E4/><V1/><F120/><W44/><G70/><T48/><D32/><U115/><E115/><V22/><F117/><W84/><G44/><T55/><D128/><U33/><E88/><N who="3" m="33898" /><G37/><T43/><D125/><U106/><E106/><V93/><F114/><W64/><G36/><T46/><D109/><U9/><E9/><V134/><F127/><W16/><G16/><N who="0" m="10263" /><D105/><U87/><E87/><V68/><F68/><W130/><G64/><T35/><D35/><U118/><E118/><V110/><F110/><W54/><G54/><T111/><D111/><U123/><E123/><V108/><F108/><W61/><G61/><N who="0" m="35999" /><D104/><U50/><E50/><V2/><F45/><W17/><G17/><T102/><D112/><U107/><E107/><V12/><F31/><W81/><G130/><T113/><D113/><U122/><E122/><V21/><F98/><W92/><G38/><T96/><D96/><U6/><E6/><N who="2" m="3095" /><F93/><W126/><G126/><T59/><D59/><U83/><E83/><AGARI ba="2,0" hai="72,77,80,81,82,83,84,85,91,92,97" m="33898" machi="83" ten="30,12000,2" yaku="35,5,54,1" doraHai="0" who="3" fromWho="1" sc="343,0,219,-126,209,0,229,126" /><INIT seed="1,0,0,3,5,77" ten="343,93,209,355" oya="1" hai0="119,40,108,5,30,98,53,100,1,104,39,101,21" hai1="56,33,8,57,110,31,66,95,105,86,68,23,27" hai2="124,26,72,63,97,121,113,111,130,18,42,59,20" hai3="90,62,83,106,96,85,24,70,9,73,54,17,123"/><U36/><E105/><V116/><F121/><W6/><G123/><T89/><D108/><U128/><E128/><V127/><F116/><W135/><G135/><T65/><D65/><U50/><E36/><V76/><F113/><W92/><G17/><T131/><D131/><U125/><E125/><N who="2" m="48203" /><F130/><W71/><G24/><T61/><D40/><U55/><E110/><V51/><F111/><W79/><G54/><T112/><D39/><U118/><E118/><V37/><F37/><W32/><G62/><T117/><D5/><U107/><E107/><V99/><F76/><W44/><G44/><T58/><D1/><U69/><E8/><V134/><F72/><W103/><G32/><T82/><D101/><U52/><E66/><N who="2" m="39295" /><F134/><W78/><G78/><T102/><D102/><U34/><E69/><V75/><F75/><W48/><G48/><T49/><D49/><U81/><E95/><V22/><F22/><W12/><AGARI ba="0,0" hai="6,9,12,70,71,73,79,83,85,90,92,96,103,106" machi="12" ten="20,8000,1" yaku="0,1,7,1,24,2,52,1" doraHai="77" who="3" fromWho="3" sc="343,-20,93,-40,209,-20,355,80" /><INIT seed="2,0,0,5,4,5" ten="323,53,189,435" oya="2" hai0="31,6,65,63,90,129,104,83,128,130,41,126,61" hai1="68,9,27,110,109,35,13,57,58,100,39,133,47" hai2="95,82,75,81,64,99,84,74,51,16,103,117,131" hai3="43,7,60,29,66,34,102,8,15,80,91,112,88"/><V56/><F117/><W94/><G112/><T71/><D104/><U40/><E68/><V12/><F131/><W67/><G43/><T20/><D41/><U17/><E100/><V86/><F64/><W107/><G107/><T26/><D126/><U44/><E44/><V33/><F33/><W14/><G14/><T55/><D55/><U87/><E133/><V0/><F0/><W79/><G29/><T3/><D83/><U28/><REACH who="1" step="1"/><E87/><REACH who="1" ten="323,43,189,435" step="2"/><V53/><F75/><W2/><G102/><T38/><D38/><U108/><AGARI ba="0,1" hai="9,13,17,27,28,35,39,40,47,57,58,108,109,110" machi="108" ten="30,12000,2" yaku="1,1,2,1,0,1,14,1,52,1,53,1" doraHai="5" doraHaiUra="11" who="1" fromWho="1" sc="323,-30,43,130,189,-60,435,-30" /><INIT seed="3,0,0,2,0,113" ten="293,173,129,405" oya="3" hai0="10,25,68,97,1,130,54,44,38,28,21,115,58" hai1="117,116,53,89,46,39,15,51,42,70,94,48,71" hai2="104,40,124,123,49,132,55,8,12,3,11,47,64" hai3="118,72,19,111,63,5,66,128,75,18,62,61,34"/><W79/><G118/><N who="1" m="45674" /><E15/><V88/><F104/><W20/><G128/><T107/><D130/><U103/><E103/><V95/><F123/><W13/><G111/><T80/><D68/><N who="1" m="26155" /><E53/><V74/><F74/><W86/><G34/><T0/><D80/><U93/><E94/><V26/><F124/><W133/><G133/><T100/><D10/><U17/><E17/><V125/><F132/><W69/><G5/><T78/><D78/><U114/><E114/><V36/><F125/><W7/><G7/><T65/><D65/><U24/><E24/><V109/><F109/><W9/><G86/><AGARI ba="0,0" hai="39,42,46,48,51,86,89,93" m="26155,45674" machi="86" ten="30,7700,0" yaku="12,1,52,3" doraHai="113" who="1" fromWho="3" sc="293,0,173,77,129,0,405,-77" /><INIT seed="4,0,0,0,0,24" ten="293,250,129,328" oya="0" hai0="20,30,26,59,21,56,128,131,130,114,17,94,82" hai1="12,124,120,81,121,77,108,8,16,64,110,80,126" hai2="111,103,11,46,18,75,43,39,117,4,29,25,102" hai3="67,34,97,74,107,35,109,48,23,105,116,85,61"/><T37/><D114/><U118/><E64/><V96/><F75/><W22/><G116/><T70/><D70/><U100/><E118/><V95/><F117/><W78/><G109/><N who="1" m="42090" /><E100/><V83/><F111/><W47/><G74/><T5/><D5/><U98/><E98/><V123/><F123/><N who="1" m="47177" /><E77/><V91/><F83/><W92/><G34/><T72/><D94/><U50/><E50/><V101/><F18/><W13/><G35/><T71/><D71/><U44/><E44/><V79/><F79/><W3/><G3/><T38/><D82/><U122/><N who="1" m="47185" /><U42/><DORA hai="73" /><E42/><V68/><F68/><W65/><G65/><T0/><D0/><U53/><E53/><V33/><REACH who="2" step="1"/><F103/><REACH who="2" ten="293,250,119,328" step="2"/><W90/><G78/><T31/><D72/><U28/><E28/><N who="0" m="10793" /><D21/><U10/><E10/><V54/><F54/><W132/><G23/><T2/><D2/><AGARI ba="0,1" hai="2,4,11,25,29,33,39,43,46,91,95,96,101,102" machi="2" ten="30,3900,0" yaku="1,1,7,1,52,1,53,0" doraHai="24,73" doraHaiUra="125,9" who="2" fromWho="0" sc="293,-39,250,0,119,49,328,0" /><INIT seed="5,0,0,3,1,117" ten="254,250,168,328" oya="1" hai0="26,55,64,4,76,58,116,28,8,88,50,81,82" hai1="56,95,108,68,86,96,11,17,39,98,133,12,130" hai2="20,23,3,70,45,107,111,103,25,18,105,134,135" hai3="120,109,27,77,67,63,62,5,119,124,106,93,41"/><U57/><E130/><V47/><F70/><W54/><G106/><T94/><D116/><U128/><E128/><V71/><F71/><W14/><G119/><T24/><D64/><U122/><E39/><V30/><F3/><W6/><G109/><T110/><D110/><U33/><E33/><V31/><F111/><W44/><G77/><T65/><D65/><U85/><E68/><V83/><F83/><W61/><G124/><T97/><D28/><U75/><E122/><V49/><F49/><W51/><G120/><T74/><REACH who="0" step="1"/><D81/><REACH who="0" ten="244,250,168,328" step="2"/><U60/><E108/><V121/><F25/><W104/><G27/><T131/><D131/><U92/><E133/><V112/><F112/><W13/><G104/><T90/><D90/><N who="1" m="55319" /><E75/><V1/><F121/><W0/><G93/><T22/><D22/><U53/><E57/><V87/><F103/><AGARI ba="0,1" hai="11,12,17,53,56,60,85,86,95,98,103" m="55319" machi="103" ten="30,1500,0" yaku="8,1" doraHai="117" who="1" fromWho="2" sc="244,0,250,25,168,-15,328,0" /><INIT seed="5,1,0,4,3,4" ten="244,275,153,328" oya="1" hai0="62,88,55,113,104,97,39,130,77,84,75,42,128" hai1="109,87,7,9,26,57,34,65,32,93,13,100,126" hai2="29,90,107,79,70,51,59,74,133,99,114,43,46" hai3="73,80,49,38,95,21,44,1,28,58,17,96,60"/><U120/><E120/><V37/><F70/><W41/><G1/><T94/><D42/><U6/><E126/><V69/><F69/><W50/><G28/><T115/><D55/><U125/><E125/><V66/><F133/><W78/><G95/><T5/><D5/><U111/><E100/><V131/><F131/><N who="0" m="50218" /><D62/><N who="1" m="38095" /><E87/><V132/><F132/><W63/><G96/><T134/><D134/><U103/><E93/><V35/><F114/><W92/><G92/><N who="0" m="54279" /><D104/><U110/><E103/><V2/><F2/><W71/><G63/><T89/><D39/><U31/><E6/><V54/><F107/><W105/><G71/><T19/><D19/><U12/><E12/><V112/><F112/><W56/><G105/><T10/><D10/><U47/><E47/><V45/><F90/><W40/><G58/><T72/><D72/><U25/><E26/><V82/><F99/><W83/><G40/><T16/><D16/><U85/><E85/><V135/><F135/><W3/><G3/><T15/><D15/><U91/><E91/><V48/><F29/><W61/><G61/><T11/><D11/><U123/><E123/><V102/><F102/><W127/><G127/><T119/><D119/><U122/><E122/><V0/><F0/><W129/><G129/><T117/><D117/><U86/><E86/><V108/><F35/><AGARI ba="1,0" hai="7,9,13,25,31,32,34,35,109,110,111" m="38095" machi="35" ten="30,2900,0" yaku="10,1,52,1" doraHai="4" who="1" fromWho="2" sc="244,0,275,32,153,-32,328,0" /><INIT seed="5,2,0,2,1,56" ten="244,307,121,328" oya="1" hai0="11,78,16,23,76,19,102,57,84,79,107,134,41" hai1="38,126,1,114,22,48,66,5,97,106,35,59,39" hai2="127,83,120,28,26,36,44,77,6,14,125,133,81" hai3="61,21,3,47,94,109,24,32,118,135,131,45,103"/><U62/><E114/><V46/><F120/><W63/><G32/><T9/><D134/><U129/><E126/><N who="2" m="48139" /><F133/><W29/><G109/><T33/><D33/><U10/><E129/><V13/><F81/><W89/><G135/><T104/><D41/><U53/><E35/><N who="2" m="20887" /><F36/><W119/><G131/><T25/><D84/><U82/><E82/><V58/><F58/><W87/><G3/><T43/><D43/><U55/><E55/><V72/><F6/><W108/><G108/><T51/><D102/><U42/><E42/><V30/><F30/><W124/><G103/><T70/><D70/><U122/><E122/><V37/><F37/><W64/><G64/><T15/><REACH who="0" step="1"/><D9/><REACH who="0" ten="234,307,121,328" step="2"/><U100/><E22/><V0/><F0/><W67/><G124/><T31/><D31/><U8/><E8/><V95/><F95/><W73/><G73/><T74/><D74/><U12/><E1/><V117/><F117/><N who="3" m="44555" /><G67/><T80/><D80/><U2/><E2/><V27/><F83/><W68/><G68/><AGARI ba="2,1" hai="5,10,12,38,39,48,53,59,62,66,68,97,100,106" machi="68" ten="30,2900,0" yaku="7,1,52,1" doraHai="56" who="1" fromWho="3" sc="234,0,307,45,121,0,328,-35" /><INIT seed="5,3,0,0,2,16" ten="234,352,121,293" oya="1" hai0="19,42,39,61,99,38,119,21,117,77,134,1,90" hai1="88,131,82,17,86,115,0,81,22,26,103,62,7" hai2="70,129,121,122,3,80,106,24,109,31,73,98,118" hai3="43,111,71,10,60,11,12,123,34,53,133,59,127"/><U45/><E115/><V4/><F118/><W135/><G111/><T27/><D134/><N who="3" m="51209" /><G34/><T107/><D77/><U126/><E131/><V56/><F109/><W36/><G123/><T30/><D1/><U58/><E126/><V124/><F124/><W46/><G127/><T5/><D5/><U35/><E35/><V132/><F129/><W32/><G32/><T128/><D128/><U108/><E45/><V83/><F70/><W116/><G116/><T2/><D2/><U69/><E69/><V8/><F132/><W91/><G91/><T110/><D61/><U33/><E103/><V94/><F106/><W29/><G12/><T55/><D55/><U48/><E48/><V54/><F121/><W44/><G29/><T76/><D76/><U65/><E33/><V95/><F122/><W51/><G10/><T113/><D110/><U74/><E74/><V18/><F73/><W100/><G11/><T101/><D113/><U47/><E47/><V114/><F114/><W104/><G100/><T50/><D90/><U105/><E105/><V40/><F40/><N who="3" m="24967" /><G104/><T87/><D87/><U78/><E108/><V15/><F3/><W63/><G71/><T6/><D6/><U66/><E78/><V14/><F14/><W13/><G13/><N who="0" m="9455" /><D119/><U37/><E37/><V64/><F4/><W49/><AGARI ba="3,0" hai="36,43,46,49,53,59,60,63" m="24967,51209" machi="49" ten="30,4000,0" yaku="20,1,34,2" doraHai="16" who="3" fromWho="3" sc="234,-13,352,-23,121,-13,293,49" /><INIT seed="6,0,0,1,5,56" ten="221,329,108,342" oya="2" hai0="44,79,22,28,20,94,124,112,109,110,17,49,95" hai1="47,33,50,105,100,126,41,113,71,69,70,63,127" hai2="24,99,37,108,83,129,42,119,134,87,6,93,66" hai3="52,123,114,96,131,38,73,16,77,101,21,67,116"/><V104/><F119/><W55/><G116/><T132/><D112/><U32/><E100/><V97/><F108/><W13/><G123/><T61/><D79/><U121/><E105/><V117/><F117/><W31/><G131/><T91/><D95/><U2/><E2/><V0/><F129/><W36/><G114/><T84/><D22/><U133/><E113/><V60/><F134/><W35/><G31/><T39/><D132/><U15/><E133/><V11/><F104/><W120/><G35/><T5/><D5/><U57/><E15/><V122/><F122/><W7/><G7/><T74/><D28/><U106/><E106/><V102/><F97/><W9/><G120/><T85/><D85/><U65/><REACH who="1" step="1"/><E121/><REACH who="1" ten="221,319,108,342" step="2"/><V103/><F24/><W25/><G101/><T135/><D135/><U62/><E62/><V12/><F0/><W89/><G73/><T72/><D72/><U75/><E75/><V3/><F3/><W92/><G77/><T30/><D74/><U54/><E54/><V43/><F103/><W51/><G67/><T26/><D109/><U118/><E118/><V76/><REACH who="2" step="1"/><F37/><REACH who="2" ten="221,319,98,342" step="2"/><W111/><G111/><T88/><D39/><U23/><E23/><V86/><F86/><W53/><G51/><T98/><D110/><U68/><N who="1" m="17920" /><DORA hai="80" /><U130/><E130/><V125/><F125/><AGARI ba="0,2" hai="32,33,41,47,50,57,63,65,125,126,127" m="17920" machi="125" ten="70,8000,1" yaku="1,1,18,1,52,1,53,1" doraHai="56,80" doraHaiUra="59,1" who="1" fromWho="2" sc="221,0,319,100,98,-80,342,0" /><INIT seed="7,0,0,1,5,71" ten="221,419,18,342" oya="3" hai0="58,14,94,56,77,108,93,117,97,63,34,39,16" hai1="72,111,83,95,68,45,64,91,90,11,96,44,80" hai2="115,24,61,19,89,36,103,92,12,81,59,0,119" hai3="30,9,101,76,6,113,123,98,104,13,20,129,135"/><W109/><G123/><T1/><D1/><U84/><E111/><V27/><F0/><W42/><G113/><T22/><D34/><U134/><E134/><V132/><F115/><W107/><G109/><T86/><D108/><U43/><E11/><V69/><F132/><W10/><G135/><T70/><D39/><U23/><E23/><V46/><F119/><W130/><G76/><T87/><D117/><U128/><E128/><N who="3" m="49258" /><G42/><T51/><D70/><U50/><E45/><V48/><F69/><W18/><G30/><T35/><D35/><U79/><E64/><N who="2" m="38975" /><F36/><W62/><G62/><T57/><D63/><U116/><E68/><V105/><F105/><N who="3" m="63671" /><G10/><T54/><D77/><U121/><REACH who="1" step="1"/><E116/><REACH who="1" ten="221,409,18,342" step="2"/><V133/><F133/><W37/><G37/><T120/><D120/><AGARI ba="0,1" hai="43,44,50,72,79,80,83,84,90,91,95,96,120,121" machi="120" ten="40,5200,0" yaku="1,1,2,1,53,1" doraHai="71" doraHaiUra="82" who="1" fromWho="0" sc="221,-52,409,62,18,0,342,0" owari="169,-23.0,471,57.0,18,-48.0,342,14.0" /></mjloggm>