<mjloggm ver="2.3"><GO type="169" lobby="0"/><UN n0="%68%6F%6C%6D%65%73" n1="%E3%82%A6%E3%83%AB%E3%83%88%E3%83%A9%E7%AB%8B%E7%9B%B4" n2="%E3%80%93%E3%81%84%E3%81%A1%E3%81%AF%E3%82%89%E3%80%93" n3="%E5%A4%A9%E7%A9%BA%73%61%79%61" dan="16,17,17,17" rate="2043.72,2180.38,2167.09,2148.52" sx="M,M,M,M"/><TAIKYOKU oya="0"/><INIT seed="0,0,0,4,5,18" ten="250,250,250,250" oya="0" hai0="69,90,77,130,133,44,9,123,135,74,114,50,47" hai1="22,94,1,121,61,34,2,132,28,48,59,89,110" hai2="55,81,71,109,53,99,32,116,112,56,95,115,43" hai3="98,93,65,54,62,70,10,23,41,29,117,39,19"/><T122/><D114/><U45/><E121/><V111/><F32/><W87/><G117/><T119/><D119/><U11/><E34/><V126/><F81/><W25/><G87/><T108/><D74/><U73/><E73/><V88/><F116/><W134/><G134/><N who="0" m="51211" /><D77/><U31/><E132/><V40/><F71/><W12/><G54/><N who="0" m="30023" /><D90/><U102/><E102/><V131/><F131/><W129/><G129/><T128/><D9/><U14/><E110/><N who="2" m="41995" /><F126/><W103/><REACH who="3" step="1"/><G39/><REACH who="3" ten="250,250,250,240" step="2"/><T124/><D108/><U106/><E48/><N who="2" m="30823" /><F53/><W107/><G107/><T24/><D128/><U80/><E106/><V105/><F105/><W118/><G118/><T75/><D130/><U100/><E61/><V42/><AGARI ba="0,1" hai="40,42,43,88,95,99,112,115" m="30823,41995" machi="42" ten="30,2000,0" yaku="14,1,54,1" doraHai="18" who="2" fromWho="2" sc="250,-10,250,-5,250,30,240,-5" /><INIT seed="1,0,0,0,3,112" ten="240,245,280,235" oya="1" hai0="135,75,69,6,34,5,125,61,74,115,55,82,50" hai1="122,4,100,81,44,80,7,104,0,133,28,102,51" hai2="24,49,128,59,52,39,117,36,1,79,93,9,14" hai3="21,47,31,95,3,116,26,19,12,78,111,73,16"/><U11/><E122/><V109/><F109/><W18/><G111/><T29/><D115/><U98/><E133/><V25/><F1/><W99/><G3/><T87/><D125/><U58/><E7/><V53/><F128/><W41/><G116/><T91/><D135/><U2/><E2/><V35/><F117/><W113/><G113/><T33/><D6/><U48/><E28/><V27/><F35/><W129/><G129/><T66/><D5/><U121/><E121/><V94/><F79/><W63/><G63/><T38/><D38/><U101/><E81/><V96/><F39/><W40/><G12/><T124/><D124/><U114/><E114/><V120/><F36/><W89/><REACH who="3" step="1"/><G47/><REACH who="3" ten="240,245,280,225" step="2"/><T76/><D61/><U64/><E44/><N who="2" m="27815" /><F120/><W32/><G32/><T83/><D34/><U77/><E64/><V56/><F56/><W86/><G86/><T67/><D87/><U110/><E110/><V15/><F15/><W20/><G20/><T92/><D67/><U126/><E126/><V42/><F96/><W54/><G54/><T37/><D55/><U132/><E132/><V123/><F42/><W118/><G118/><T131/><D66/><U106/><E58/><V22/><F22/><W84/><G84/><T107/><D33/><U17/><E98/><V62/><F123/><W134/><G134/><T8/><D75/><U130/><E130/><V45/><F45/><W85/><G85/><T72/><D74/><N who="1" m="43063" /><E0/><V68/><F68/><W70/><G70/><T108/><D131/><U13/><E4/><AGARI ba="0,1" hai="4,9,14,24,25,27,52,59,62,93,94" m="27815" machi="4" ten="30,2000,0" yaku="8,1,54,1" doraHai="112" who="2" fromWho="1" sc="240,0,245,-20,280,30,225,0" /><INIT seed="2,0,0,1,0,76" ten="240,225,310,225" oya="2" hai0="98,20,27,101,54,58,133,38,87,7,95,118,122" hai1="88,52,86,123,55,72,48,65,90,59,107,97,115" hai2="73,66,50,91,82,104,129,99,61,32,36,74,127" hai3="56,100,92,84,105,24,26,1,109,43,102,13,110"/><V89/><F36/><W12/><G1/><T60/><D38/><U40/><E72/><V103/><F32/><W57/><G105/><T81/><D133/><U28/><E115/><V17/><F50/><W19/><G84/><T0/><D118/><U45/><E123/><V78/><F129/><W75/><G75/><T121/><D7/><U6/><E6/><V134/><F134/><W85/><G85/><T10/><D10/><U114/><E114/><V71/><F74/><W29/><G92/><T23/><D0/><U4/><E4/><V51/><F127/><W31/><REACH who="3" step="1"/><G19/><REACH who="3" ten="240,225,310,215" step="2"/><T35/><D35/><U18/><E107/><V62/><F17/><W130/><G130/><T69/><D122/><U44/><E18/><V25/><F25/><W30/><G30/><T37/><D121/><U15/><E28/><V113/><F113/><W39/><G39/><T132/><D37/><U33/><E15/><V22/><F22/><W135/><G135/><T116/><D132/><U11/><E33/><V3/><F3/><W16/><G16/><N who="0" m="12775" /><D116/><U8/><E8/><V124/><F104/><W41/><AGARI ba="0,1" hai="12,13,24,26,29,31,41,43,56,57,100,102,109,110" machi="41" ten="25,6400,0" yaku="1,1,0,1,22,2,53,0" doraHai="76" doraHaiUra="5" who="3" fromWho="3" sc="240,-16,225,-16,310,-32,215,74" /><INIT seed="3,0,0,4,0,131" ten="224,209,278,289" oya="3" hai0="69,116,62,120,90,95,4,71,112,79,61,1,65" hai1="126,49,124,29,15,94,73,93,106,76,117,12,67" hai2="32,45,21,23,103,24,7,123,83,86,53,118,110" hai3="101,133,88,17,102,19,135,96,33,81,35,121,64"/><W72/><G121/><T58/><D116/><U105/><E29/><V36/><F118/><W74/><G64/><T8/><D120/><U30/><E30/><V63/><F123/><W34/><G88/><T92/><D112/><U28/><E28/><V57/><F110/><W11/><G11/><T104/><D104/><N who="1" m="40043" /><E117/><V77/><F103/><N who="3" m="39435" /><G96/><T26/><D79/><U51/><E67/><V59/><F32/><W14/><G81/><T60/><D71/><U78/><E73/><N who="3" m="28266" /><G14/><N who="1" m="5162" /><E51/><V70/><F70/><W85/><G85/><T99/><D69/><U42/><E49/><V13/><F36/><W55/><G55/><T134/><D90/><U48/><E48/><V84/><F45/><W27/><G27/><T91/><D91/><U40/><E78/><V20/><F84/><W107/><G107/><T2/><D99/><U22/><E76/><V41/><F41/><N who="1" m="15977" /><E22/><V125/><F59/><W31/><G31/><T122/><D58/><U38/><E38/><V132/><F24/><W82/><G82/><T119/><D26/><U111/><E111/><V97/><F97/><W46/><G46/><T50/><D65/><U18/><E18/><AGARI ba="0,0" hai="17,18,19,33,34,35,133,135" m="28266,39435" machi="18" ten="40,12000,1" yaku="28,2,52,2" doraHai="131" who="3" fromWho="1" sc="224,0,209,-120,278,0,289,120" /><INIT seed="3,1,0,3,2,41" ten="224,89,278,409" oya="3" hai0="8,103,98,5,83,108,9,58,109,22,70,59,40" hai1="0,91,88,36,4,14,33,53,21,72,56,37,20" hai2="118,132,128,13,32,120,35,129,117,114,67,24,73" hai3="135,1,52,48,75,97,78,116,101,10,93,124,81"/><W34/><G116/><N who="2" m="44649" /><F73/><W19/><G124/><T45/><D70/><U38/><E33/><N who="2" m="12875" /><F67/><W106/><G34/><T30/><D83/><U17/><E72/><V62/><F62/><W7/><G135/><T44/><D40/><U77/><E77/><V28/><F114/><W61/><G61/><T119/><D119/><U86/><E21/><N who="2" m="15375" /><F120/><W113/><G113/><T27/><D9/><U125/><E125/><V54/><F54/><W84/><G19/><T115/><D115/><U100/><E100/><V42/><F42/><W96/><G75/><T47/><D98/><U99/><E99/><V104/><F104/><W85/><G85/><T134/><D103/><U79/><E79/><V11/><F132/><W25/><G25/><T63/><D134/><U66/><E66/><V76/><F76/><W122/><G122/><T90/><D90/><U39/><N who="1" m="9216" /><DORA hai="126" /><U127/><E127/><V26/><F26/><W57/><REACH who="3" step="1"/><G97/><REACH who="3" ten="224,89,278,399" step="2"/><T102/><D63/><U50/><REACH who="1" step="1"/><E86/><REACH who="1" ten="224,79,278,399" step="2"/><V87/><F87/><W110/><G110/><N who="0" m="42603" /><D102/><U29/><E29/><V94/><F94/><AGARI ba="1,2" hai="1,7,10,48,52,57,78,81,84,93,94,96,101,106" machi="94" ten="40,7700,0" yaku="1,1,54,1,53,1" doraHai="41,126" doraHaiUra="23,82" who="3" fromWho="2" sc="224,0,79,0,278,-80,399,100" /><INIT seed="3,2,0,0,5,18" ten="224,79,198,499" oya="3" hai0="113,45,43,6,19,103,27,53,11,71,73,106,29" hai1="90,75,76,38,47,129,121,49,83,70,46,26,118" hai2="93,69,0,58,89,126,20,33,54,2,56,91,22" hai3="42,44,8,59,125,110,68,108,64,99,28,122,116"/><W86/><G122/><T98/><D113/><U63/><E121/><V77/><F69/><W37/><G116/><T57/><D73/><U23/><E118/><V82/><F33/><W12/><G68/><T34/><D71/><U84/><E129/><V48/><F126/><W105/><G28/><T79/><D79/><U111/><E111/><N who="3" m="42538" /><G86/><T40/><D19/><U39/><E63/><V130/><F130/><W15/><G125/><T117/><D117/><U67/><E67/><V14/><F2/><W123/><G8/><T112/><D45/><U100/><E100/><V124/><F0/><W66/><G66/><T51/><REACH who="0" step="1"/><D112/><REACH who="0" ten="214,79,198,499" step="2"/><U92/><E70/><V25/><F124/><W95/><G44/><T52/><D52/><U61/><E47/><V114/><F114/><W1/><G64/><T32/><D32/><U127/><E127/><V9/><F58/><W74/><G59/><T81/><D81/><U120/><E120/><V97/><F77/><W5/><G123/><T3/><AGARI ba="2,1" hai="3,6,11,27,29,34,40,43,51,53,57,98,103,106" machi="3" ten="20,5200,0" yaku="1,1,0,1,7,1,53,1" doraHai="18" doraHaiUra="24" who="0" fromWho="0" sc="214,68,79,-15,198,-15,499,-28" /><INIT seed="4,0,0,2,4,41" ten="282,64,183,471" oya="0" hai0="100,77,93,113,102,116,18,47,0,70,76,86,9" hai1="28,130,118,103,107,7,79,131,112,110,83,132,88" hai2="90,74,25,55,8,98,82,52,22,81,34,129,26" hai3="33,99,59,57,85,54,30,2,71,27,95,111,58"/><T91/><D113/><U94/><E28/><V80/><F129/><N who="1" m="49161" /><E7/><V108/><F108/><W128/><G111/><T92/><D70/><U124/><E110/><V43/><F74/><W10/><G71/><T64/><D64/><U97/><E118/><V119/><F119/><W6/><G128/><T42/><D0/><U67/><E67/><V29/><F43/><W48/><G85/><T106/><D106/><U15/><E15/><V68/><F68/><W125/><G125/><T51/><D116/><U5/><E5/><V62/><F8/><W20/><G33/><T12/><REACH who="0" step="1"/><D92/><REACH who="0" ten="272,64,183,471" step="2"/><U72/><E112/><V121/><F121/><W4/><G2/><T37/><D37/><U60/><E124/><V35/><F35/><W11/><G95/><T32/><D32/><U89/><E132/><V65/><F34/><W49/><G49/><T53/><D53/><U1/><E1/><V24/><F65/><W122/><G48/><T36/><D36/><U78/><E60/><V117/><F117/><W134/><G54/><N who="2" m="20521" /><F62/><W105/><G105/><T16/><D16/><U73/><E107/><V21/><F29/><W38/><G38/><T19/><D19/><U109/><E109/><V126/><F126/><W3/><G134/><T14/><D14/><U45/><E45/><V114/><F114/><W123/><G123/><T120/><D120/><U17/><E17/><V69/><F69/><W84/><G122/><T63/><D63/><U127/><E127/><V44/><F44/><W104/><G104/><T96/><D96/><U135/><E135/><V101/><F101/><AGARI ba="0,1" hai="9,12,18,42,47,51,76,77,86,91,93,100,101,102" machi="101" ten="40,7700,0" yaku="1,1,8,1,52,1,53,0" doraHai="41" doraHaiUra="56" who="0" fromWho="2" sc="272,87,64,0,183,-77,471,0" /><INIT seed="4,1,0,3,1,133" ten="359,64,106,471" oya="0" hai0="105,73,72,3,67,30,7,128,15,98,39,68,63" hai1="26,110,95,120,59,34,92,9,100,47,101,23,38" hai2="43,109,117,122,56,111,44,99,4,91,22,40,10" hai3="41,51,118,103,131,31,90,42,36,1,84,62,130"/><T45/><D128/><N who="3" m="49193" /><G36/><T14/><D14/><U102/><E120/><V65/><F122/><W29/><G1/><T121/><D15/><U12/><E110/><V49/><F117/><W113/><G103/><N who="0" m="62711" /><D121/><U119/><E119/><V97/><F43/><N who="3" m="16395" /><G113/><T21/><D21/><U129/><E129/><V25/><F111/><W18/><G118/><T8/><D45/><U107/><E107/><V11/><F109/><W115/><G51/><T116/><D116/><U57/><E34/><V33/><F33/><W124/><G62/><T35/><D39/><U135/><E135/><V132/><F132/><W80/><G115/><T69/><D68/><U85/><E47/><V81/><F65/><W64/><G64/><T2/><D2/><U86/><E38/><V127/><F56/><W48/><G18/><T17/><D17/><N who="1" m="12655" /><E57/><V66/><F66/><W94/><G48/><T0/><D0/><U32/><E32/><V6/><F127/><W16/><G124/><T58/><D58/><U83/><E59/><V93/><F81/><W106/><G16/><T125/><D125/><U76/><E85/><V77/><F99/><N who="3" m="57815" /><G106/><T70/><D70/><U46/><E46/><V5/><REACH who="2" step="1"/><F77/><AGARI ba="1,0" hai="29,31,77,80,84" m="57815,16395,49193" machi="77" ten="30,1000,0" yaku="19,1" doraHai="133" who="3" fromWho="2" sc="359,0,64,0,106,-13,471,13" /><INIT seed="5,0,0,1,3,21" ten="359,64,93,484" oya="1" hai0="18,94,101,66,22,64,59,27,129,135,78,57,79" hai1="43,0,40,90,41,70,44,11,51,67,16,127,48" hai2="3,110,128,116,77,98,33,17,74,53,105,24,31" hai3="100,34,111,15,84,73,99,35,37,20,68,118,71"/><U54/><E127/><V32/><F116/><W115/><G37/><T47/><D129/><U49/><E0/><V107/><F128/><W83/><G73/><T46/><D135/><U13/><E70/><V80/><F110/><W124/><G111/><T61/><D101/><U63/><REACH who="1" step="1"/><E90/><REACH who="1" ten="359,54,93,484" step="2"/><V109/><F109/><W130/><G71/><T102/><D78/><U112/><E112/><V38/><F3/><W7/><G68/><T69/><D79/><U60/><E60/><V52/><F38/><W85/><G115/><T25/><D69/><U39/><E39/><V131/><F131/><W113/><G124/><T103/><D61/><U36/><E36/><V8/><F33/><W30/><G35/><T10/><D22/><U9/><E9/><V104/><REACH who="2" step="1"/><F98/><REACH who="2" ten="359,54,83,484" step="2"/><W89/><G99/><T97/><D97/><U88/><E88/><V96/><F96/><W5/><G89/><T122/><D10/><U62/><E62/><V12/><AGARI ba="0,2" hai="8,12,17,24,31,32,52,53,74,77,80,104,105,107" machi="12" ten="40,8000,1" yaku="1,1,0,1,52,1,54,1,53,0" doraHai="21" doraHaiUra="65" who="2" fromWho="2" sc="359,-20,54,-40,83,100,484,-20" /><INIT seed="6,0,0,0,2,98" ten="339,14,183,464" oya="2" hai0="81,94,31,114,4,30,65,106,18,45,52,50,112" hai1="87,84,127,62,73,123,86,35,47,77,124,129,95" hai2="131,71,78,6,13,107,85,108,109,132,82,119,14" hai3="92,76,113,12,66,16,37,103,26,121,38,117,70"/><V2/><F71/><W29/><G117/><T7/><D106/><U23/><E35/><V72/><F119/><W75/><G75/><T22/><D65/><U41/><E62/><V69/><F69/><W60/><G76/><T120/><D81/><N who="1" m="45231" /><E23/><V133/><F107/><W48/><G121/><T28/><D120/><U89/><E47/><V32/><F32/><W93/><G113/><N who="0" m="43627" /><D94/><U25/><E25/><AGARI ba="0,0" hai="4,7,18,22,25,28,30,31,45,50,52" m="43627" machi="25" ten="30,2000,0" yaku="15,1,54,1" doraHai="98" who="0" fromWho="1" sc="339,20,14,-20,183,0,464,0" owari="359,16.0,-6,-51.0,183,-22.0,464,57.0" /></mjloggm>