<mjloggm ver="2.3"><GO type="169" lobby="0"/><UN n0="%E3%82%A6%E3%83%AB%E3%83%88%E3%83%A9%E7%AB%8B%E7%9B%B4" n1="%E3%83%89%E3%83%90%E3%82%AF%E3%83%81%E5%A4%A7%E9%87%8E" n2="%6D%61%74%69%6F%73%61%6E" n3="%61%73%73%65%72%74%69%76" dan="17,17,16,17" rate="2225.94,2205.65,2065.26,2157.35" sx="M,M,M,M"/><TAIKYOKU oya="0"/><INIT seed="0,0,0,4,3,131" ten="250,250,250,250" oya="0" hai0="79,105,35,0,74,93,114,73,37,90,76,126,64" hai1="36,3,82,72,113,83,11,16,111,23,24,69,26" hai2="33,99,106,18,119,15,135,41,125,6,10,1,70" hai3="102,43,13,95,96,81,116,68,19,112,85,127,17"/><T67/><D37/><U134/><E69/><V86/><F119/><W123/><G116/><T46/><D0/><U103/><E113/><V98/><F70/><W51/><G112/><T52/><D35/><U44/><E111/><V62/><F62/><W42/><G68/><T130/><D105/><U107/><E107/><V63/><F63/><W59/><G127/><T91/><D114/><U31/><E103/><V54/><F125/><W28/><G28/><T45/><D126/><U78/><E82/><V2/><F54/><N who="3" m="32223" /><G123/><T75/><D130/><U129/><E129/><V115/><F41/><N who="3" m="15371" /><G13/><T57/><D57/><U117/><E117/><V132/><F33/><W58/><G58/><T101/><D101/><U133/><E36/><V40/><F40/><W9/><G9/><T34/><D34/><U5/><REACH who="1" step="1"/><E44/><REACH who="1" ten="250,240,250,250" step="2"/><V92/><F115/><W48/><G48/><T25/><D46/><U7/><E7/><V14/><F106/><W128/><G128/><T60/><D45/><U8/><E8/><V124/><F124/><W100/><G100/><T32/><D74/><U77/><E77/><AGARI ba="0,1" hai="17,19,77,81,85,95,96,102" m="15371,32223" machi="77" ten="30,1000,0" yaku="8,1" doraHai="131" who="3" fromWho="1" sc="250,0,240,-10,250,0,250,20" /><INIT seed="1,0,0,4,3,10" ten="250,230,250,270" oya="1" hai0="74,100,14,24,104,64,82,16,3,88,78,66,2" hai1="12,49,40,135,31,75,50,127,77,47,7,26,128" hai2="112,108,44,120,106,63,105,85,118,35,19,39,55" hai3="6,125,115,98,52,8,117,101,27,96,60,84,111"/><U116/><E116/><V103/><F103/><W21/><G117/><T5/><D100/><U71/><E71/><V89/><F35/><W0/><G115/><T65/><D104/><U34/><E135/><V57/><F118/><W129/><G111/><T86/><D24/><U29/><E128/><V90/><F112/><W109/><G109/><T97/><D97/><U56/><E31/><V123/><F108/><W59/><G125/><T91/><D5/><U95/><E127/><V124/><F124/><W43/><G129/><T46/><D46/><U1/><E1/><V114/><F114/><W25/><G43/><T134/><D134/><U126/><E126/><V17/><F90/><W15/><G0/><T11/><REACH who="0" step="1"/><D91/><REACH who="0" ten="240,230,250,270" step="2"/><U107/><E107/><V132/><F105/><W22/><G101/><T28/><D28/><U110/><E110/><V37/><F106/><W54/><G84/><T99/><D99/><U130/><E130/><V92/><F132/><W122/><G122/><T36/><D36/><U83/><E7/><V38/><F44/><W133/><G133/><T81/><AGARI ba="0,1" hai="2,3,11,14,16,64,65,66,74,78,81,82,86,88" machi="81" ten="30,8000,1" yaku="1,1,0,1,52,1,54,2,53,0" doraHai="10" doraHaiUra="30" who="0" fromWho="0" sc="240,90,230,-40,250,-20,270,-20" /><INIT seed="2,0,0,0,0,48" ten="330,190,230,250" oya="2" hai0="77,58,98,14,129,61,128,53,24,102,38,7,96" hai1="127,121,89,87,47,111,52,19,132,10,82,18,57" hai2="56,42,5,29,84,60,33,35,103,2,34,94,68" hai3="9,36,0,97,95,12,37,122,114,55,104,105,85"/><V119/><F119/><W126/><G122/><T109/><D38/><U17/><E121/><V123/><F68/><W64/><G126/><T93/><D77/><U130/><E127/><V4/><F123/><W134/><G134/><T78/><D78/><U75/><E132/><V88/><F42/><W23/><G64/><T80/><D80/><U25/><E130/><V100/><F29/><W32/><G32/><T99/><D24/><U45/><E75/><V71/><F71/><W22/><G114/><T69/><D69/><U50/><E111/><V113/><F113/><W117/><G117/><T108/><D93/><U51/><E57/><V49/><F49/><W116/><G85/><T11/><REACH who="0" step="1"/><D102/><REACH who="0" ten="320,190,230,250" step="2"/><U86/><E86/><V107/><F107/><W120/><G37/><T63/><D63/><U43/><REACH who="1" step="1"/><E25/><REACH who="1" ten="320,180,230,250" step="2"/><V90/><F84/><W79/><G120/><T92/><D92/><U74/><E74/><V72/><F94/><W41/><G95/><T131/><AGARI ba="0,2" hai="7,11,14,53,58,61,96,98,99,108,109,128,129,131" machi="131" ten="40,12000,2" yaku="1,1,0,1,19,1,52,1,53,3" doraHai="48" doraHaiUra="124" who="0" fromWho="0" sc="320,140,180,-30,230,-60,250,-30" /><INIT seed="3,0,0,2,4,8" ten="460,150,170,220" oya="3" hai0="35,78,40,108,124,30,14,112,69,44,60,21,99" hai1="9,68,76,12,87,67,115,133,7,49,62,0,27" hai2="130,92,75,82,29,73,80,117,47,70,43,31,103" hai3="36,83,88,56,94,100,5,33,132,3,89,123,107"/><W131/><G123/><T6/><D35/><U25/><E115/><V51/><F117/><W79/><G33/><T55/><D112/><U50/><E133/><V93/><F70/><W119/><G119/><T58/><D108/><U121/><E121/><V37/><F130/><W65/><G36/><T10/><D69/><U64/><E64/><V20/><F37/><W126/><G3/><T61/><D78/><U22/><E0/><V15/><F75/><W114/><G5/><T72/><D72/><U11/><E11/><V110/><F110/><W53/><G65/><T39/><D124/><U66/><E66/><V32/><F32/><W42/><G42/><T74/><D74/><U120/><E120/><V24/><F73/><N who="3" m="43503" /><G56/><T129/><D129/><U98/><E98/><N who="2" m="59847" /><F31/><W77/><G53/><T96/><D61/><U54/><E27/><V106/><F106/><W46/><G46/><T118/><D118/><U104/><E104/><V125/><F125/><W97/><G131/><T90/><D30/><U105/><E105/><V111/><F111/><W23/><G126/><T85/><D21/><U71/><E71/><V91/><F15/><W101/><G132/><T52/><D55/><U26/><E26/><V45/><F47/><W13/><G114/><T57/><D58/><N who="1" m="35159" /><E68/><V63/><F63/><W17/><G77/><T109/><D109/><U4/><E67/><V127/><F127/><W134/><G134/><T135/><D135/><U59/><E59/><V41/><F43/><W2/><G2/><T95/><AGARI ba="0,0" hai="6,10,14,39,40,44,52,57,60,85,90,95,96,99" machi="95" ten="20,5200,0" yaku="0,1,7,1,52,1,54,1" doraHai="8" who="0" fromWho="0" sc="460,52,150,-13,170,-13,220,-26" /><INIT seed="4,0,0,1,0,12" ten="512,137,157,194" oya="0" hai0="132,18,114,78,94,48,95,106,62,92,88,23,89" hai1="67,130,31,10,133,8,17,4,13,57,1,73,80" hai2="134,51,53,75,49,58,16,64,101,46,116,90,99" hai3="69,103,60,77,36,104,55,44,124,96,135,61,11"/><T41/><D106/><U122/><E122/><V9/><F75/><W126/><G135/><T14/><D132/><U102/><E133/><V98/><F134/><W29/><G77/><T59/><D114/><U119/><E119/><V15/><F116/><W24/><G69/><T70/><D78/><U127/><E102/><V28/><F28/><W30/><G30/><T93/><D70/><U7/><E73/><V71/><F71/><W26/><G26/><T6/><D6/><U129/><E80/><V113/><F113/><W56/><G61/><T43/><D48/><U42/><E42/><N who="0" m="15881" /><D95/><U83/><E83/><V109/><F109/><W27/><G44/><T50/><D50/><U123/><E123/><V131/><F131/><N who="1" m="50185" /><E57/><V33/><F33/><W91/><G104/><T125/><D125/><U45/><E45/><V5/><F64/><AGARI ba="0,0" hai="14,18,23,59,62,64,88,89,92,93,94" m="15881" machi="64" ten="30,5800,0" yaku="8,1,52,1,54,1" doraHai="12" who="0" fromWho="2" sc="512,58,137,0,157,-58,194,0" /><INIT seed="4,1,0,0,3,60" ten="570,137,99,194" oya="0" hai0="112,63,109,62,6,118,86,43,111,46,77,0,116" hai1="11,66,117,133,129,12,29,20,122,39,98,94,114" hai2="19,113,21,70,37,50,72,101,13,51,131,57,92" hai3="61,115,18,44,132,104,123,102,110,14,90,95,71"/><T130/><D0/><U64/><E39/><V106/><F72/><W126/><G110/><N who="0" m="41995" /><D6/><U69/><E69/><V41/><F70/><W107/><G44/><T68/><D86/><U25/><E122/><V8/><F106/><W58/><G71/><T47/><D77/><U9/><E117/><V74/><F74/><W10/><G102/><T1/><D1/><U52/><E114/><V105/><F105/><W3/><G3/><T85/><D85/><U103/><E133/><V67/><F113/><W26/><G132/><T119/><D112/><U127/><E127/><V24/><F131/><W93/><G126/><T73/><D73/><U128/><E11/><V99/><F37/><W88/><G123/><T120/><D120/><U27/><E27/><V75/><F75/><W16/><G115/><T7/><D7/><U22/><E22/><V23/><F23/><N who="3" m="13671" /><G104/><T81/><D81/><U59/><E128/><V55/><F41/><W96/><G107/><T87/><D87/><U56/><E129/><V53/><F67/><N who="1" m="25641" /><E52/><N who="2" m="20043" /><F57/><W40/><G58/><T4/><D130/><U35/><E35/><V32/><F32/><W79/><G40/><T82/><D68/><U76/><E76/><V34/><F34/><W17/><G79/><T54/><D119/><U134/><E134/><V89/><F89/><W38/><G38/><N who="0" m="21879" /><D118/><U124/><E124/><V84/><F24/><W125/><G125/><T80/><D116/><U28/><E28/><V135/><F135/><W49/><G90/><T91/><D91/><U48/><E48/><N who="2" m="18475" /><F21/><W78/><G88/><T121/><D121/><U2/><E2/><RYUUKYOKU ba="1,0" sc="570,-15,137,15,99,15,194,-15" hai1="9,12,20,25,29,56,59,94,98,103" hai2="8,13,19,84,92,99,101" /><INIT seed="5,2,0,1,2,61" ten="555,152,114,179" oya="1" hai0="44,28,49,119,3,129,118,8,124,55,50,34,114" hai1="40,110,18,77,121,41,37,88,117,96,14,0,127" hai2="42,120,93,125,82,130,12,4,122,81,64,9,78" hai3="31,19,59,39,97,26,74,84,107,91,17,54,71"/><U94/><E0/><V99/><F125/><W32/><G74/><T58/><D34/><U20/><E117/><V66/><F130/><W57/><G71/><T76/><D28/><U36/><E121/><V15/><F42/><W30/><G39/><T126/><D76/><U46/><E127/><N who="0" m="48681" /><D114/><U38/><E110/><V35/><F35/><W132/><G31/><T135/><D135/><U29/><E41/><V27/><F27/><W69/><G69/><T22/><D22/><U85/><E29/><V53/><F122/><W47/><G47/><T2/><D2/><U112/><E112/><V75/><F120/><W86/><G59/><T16/><D129/><U43/><E43/><V21/><F82/><W11/><G132/><T13/><D3/><U72/><REACH who="1" step="1"/><E85/><REACH who="1" ten="555,142,114,179" step="2"/><V83/><F75/><W68/><G86/><T95/><D118/><U89/><E89/><V106/><F78/><W10/><G84/><T80/><D119/><U133/><E133/><V5/><F83/><AGARI ba="2,1" hai="14,18,20,36,37,38,40,46,72,77,83,88,94,96" machi="83" ten="40,3900,0" yaku="1,1,54,1,53,0" doraHai="61" doraHaiUra="102" who="1" fromWho="2" sc="555,0,142,55,114,-45,179,0" /><INIT seed="5,3,0,2,2,46" ten="555,197,69,179" oya="1" hai0="107,76,36,55,105,61,48,29,87,1,71,37,2" hai1="86,124,18,34,125,94,98,10,56,62,32,6,120" hai2="38,31,93,127,47,109,27,133,103,4,35,67,134" hai3="99,118,65,26,49,119,83,51,23,112,19,77,33"/><U41/><E120/><V85/><F109/><W12/><G112/><T132/><D37/><U101/><E41/><V72/><F127/><N who="1" m="48713" /><E18/><V121/><F72/><W92/><G65/><T5/><D2/><N who="1" m="343" /><E86/><V7/><F121/><W13/><G33/><T28/><D5/><U79/><E79/><V52/><F67/><AGARI ba="3,0" hai="32,34,56,62,67,94,98,101" m="343,48713" machi="67" ten="30,1500,0" yaku="18,1" doraHai="46" who="1" fromWho="2" sc="555,0,197,24,69,-24,179,0" /><INIT seed="5,4,0,2,0,77" ten="555,221,45,179" oya="1" hai0="76,10,69,44,86,55,8,29,4,42,11,106,123" hai1="93,126,91,1,121,133,132,72,103,14,68,81,46" hai2="94,96,102,27,22,113,99,48,63,0,20,49,105" hai3="65,25,114,112,107,129,39,36,131,79,122,124,60"/><U15/><E1/><V58/><F0/><W100/><G79/><T62/><D106/><U31/><E68/><V84/><F113/><N who="3" m="43627" /><G25/><T70/><D123/><U82/><E121/><V118/><F118/><W9/><G9/><T38/><D29/><U80/><E72/><V92/><F84/><W30/><G30/><T16/><D16/><U125/><E31/><V41/><F105/><W17/><G17/><T53/><D4/><U66/><E66/><V87/><F87/><W57/><G122/><T97/><D97/><N who="1" m="57535" /><E46/><V117/><F117/><W61/><G100/><T50/><D70/><U7/><E103/><N who="2" m="60807" /><F41/><W47/><G107/><T111/><D69/><U35/><E35/><V18/><F20/><W83/><G83/><T101/><D101/><U45/><E45/><V51/><F51/><W59/><G124/><N who="1" m="47722" /><E15/><V19/><F19/><W32/><G32/><T95/><D44/><U2/><E2/><V34/><F34/><W33/><G33/><T73/><D73/><U109/><E109/><V21/><F21/><W5/><G47/><T89/><D111/><U13/><E13/><V85/><F85/><W75/><G75/><T116/><D86/><U6/><E6/><V52/><AGARI ba="4,0" hai="18,22,27,48,49,52,58,63,94,99,102" m="60807" machi="52" ten="30,2000,0" yaku="8,1,54,1" doraHai="77" who="2" fromWho="2" sc="555,-9,221,-14,45,32,179,-9" /><INIT seed="6,0,0,1,4,112" ten="546,207,77,170" oya="2" hai0="24,33,119,62,29,20,135,4,94,19,49,78,134" hai1="104,81,89,132,58,31,86,1,74,40,77,42,2" hai2="130,25,21,72,82,28,97,76,5,111,133,79,9" hai3="131,39,59,17,48,83,95,52,90,124,47,32,105"/><V100/><F111/><W107/><G32/><T71/><D78/><U53/><E104/><V92/><F133/><W102/><G131/><T103/><D119/><U66/><E132/><V67/><F130/><W116/><G116/><T69/><D49/><U60/><E31/><V88/><F67/><W101/><G124/><T109/><D109/><U43/><REACH who="1" step="1"/><E66/><REACH who="1" ten="546,197,77,170" step="2"/><V12/><REACH who="2" step="1"/><F79/><REACH who="2" ten="546,197,67,170" step="2"/><W7/><G105/><T129/><D135/><U44/><E44/><V96/><F96/><W54/><G107/><T56/><D134/><U110/><E110/><V64/><F64/><W57/><G47/><T27/><D129/><U22/><E22/><V55/><F55/><W0/><G52/><T125/><D20/><U26/><E26/><V98/><F98/><W37/><G54/><T127/><D27/><U8/><E8/><V122/><F122/><W61/><G61/><T106/><D62/><U36/><E36/><V41/><F41/><W11/><G39/><T99/><D24/><U34/><E34/><V46/><F46/><W114/><G37/><T63/><D63/><U113/><E113/><V75/><F75/><W128/><G114/><T120/><D33/><U30/><E30/><V14/><F14/><W117/><G128/><T6/><D29/><U126/><E126/><V15/><F15/><W35/><G35/><T3/><D127/><U45/><E45/><V38/><F38/><W50/><G11/><T51/><D125/><U18/><E18/><V123/><F123/><W84/><G117/><T87/><D120/><U73/><E73/><V80/><F80/><AGARI ba="0,2" hai="1,2,40,42,43,53,58,60,74,77,80,81,86,89" machi="80" ten="40,1300,0" yaku="1,1,53,0" doraHai="112" doraHaiUra="13" who="1" fromWho="2" sc="546,0,197,33,67,-13,170,0" /><INIT seed="7,0,0,5,2,45" ten="546,230,54,170" oya="3" hai0="102,71,63,133,94,35,97,95,19,53,3,82,73" hai1="86,127,31,131,46,112,28,80,109,41,108,47,92" hai2="114,75,40,93,111,55,68,21,23,1,122,18,120" hai3="22,130,107,26,2,9,27,105,117,7,52,134,5"/><W110/><G117/><T115/><D3/><U36/><E112/><V126/><F111/><W81/><G110/><T90/><D35/><U60/><E109/><V29/><F75/><W30/><G130/><T59/><D71/><U78/><E108/><V43/><F68/><W32/><G134/><T17/><D115/><U83/><E131/><V61/><F114/><W74/><G7/><T104/><D133/><U13/><E127/><V100/><F1/><W11/><G11/><T70/><D70/><U48/><E60/><V98/><F126/><W15/><G74/><T14/><D95/><U99/><E80/><V77/><F77/><W0/><G81/><T25/><D25/><U106/><E106/><V113/><F113/><W132/><G132/><T6/><D6/><U4/><E4/><V8/><F122/><W72/><G72/><T121/><D121/><U33/><E33/><V128/><F120/><W124/><G124/><T12/><D12/><U125/><E13/><V65/><F128/><W39/><G39/><T16/><D73/><U88/><E125/><V87/><F87/><W85/><G85/><T58/><D58/><U67/><E67/><V57/><F65/><W123/><G123/><T49/><D63/><U56/><E56/><V119/><F119/><W38/><G0/><T103/><D103/><U37/><E37/><V66/><F55/><AGARI ba="0,0" hai="28,31,36,41,46,47,48,55,78,83,86,88,92,99" machi="55" ten="30,3900,0" yaku="7,1,52,1,54,1" doraHai="45" who="1" fromWho="2" sc="546,0,230,39,54,-39,170,0" owari="546,64.0,269,7.0,15,-48.0,170,-23.0" /></mjloggm>