<mjloggm ver="2.3"><GO type="41" lobby="0"/><UN n0="%E9%AB%98%E5%9D%82%E7%A9%82%E4%B9%83%E6%9E%9C%2A" n1="%E5%B0%B1%E6%B4%BB%E7%94%9F%40%E5%B7%9D%E6%9D%91%E8%BB%8D%E5%9B%A3" n2="%E3%83%9E%E3%83%8A%E2%98%86" n3="%E3%81%88%E3%81%B3%E3%82%8A%E3%82%93" dan="14,14,14,14" rate="1945.07,1961.78,1904.38,2017.73" sx="F,M,M,M"/><TAIKYOKU oya="0"/><INIT seed="0,0,0,5,5,117" ten="250,250,250,250" oya="0" hai0="100,101,0,75,98,107,42,31,17,113,33,96,20" hai1="22,102,5,11,15,134,30,135,131,13,7,34,40" hai2="72,2,52,43,81,12,41,44,65,110,39,80,93" hai3="4,77,99,18,29,1,55,25,112,106,126,82,90"/><T47/><D75/><U3/><E40/><V74/><F2/><W35/><G112/><T9/><D113/><U32/><E102/><V76/><F43/><W14/><G126/><T21/><D33/><N who="1" m="12907" /><E131/><V23/><F65/><W78/><G1/><T63/><D63/><U125/><E125/><V108/><F93/><W73/><G4/><T66/><D66/><U111/><E111/><V37/><F37/><W10/><G78/><T120/><D120/><U67/><E67/><V56/><F80/><W60/><G60/><T46/><D31/><U71/><E71/><V6/><F74/><W115/><G115/><T16/><D0/><N who="1" m="423" /><E135/><V27/><F12/><N who="1" m="4681" /><E134/><V28/><REACH who="2" step="1"/><F6/><REACH who="2" ten="250,250,240,250" step="2"/><W48/><G106/><T103/><D42/><U68/><E68/><V26/><F26/><W123/><G25/><T62/><D107/><U95/><E95/><V45/><F45/><W50/><G99/><T36/><D36/><U24/><E7/><V53/><F53/><W70/><G55/><T84/><D47/><U124/><E3/><V129/><F129/><W104/><G104/><T83/><D46/><U92/><E92/><V57/><F57/><W109/><G70/><T61/><D96/><U121/><E124/><V97/><F97/><W118/><G82/><T58/><D98/><U119/><E119/><V19/><F19/><N who="0" m="7242" /><D58/><U49/><E49/><AGARI ba="0,1" hai="23,27,28,39,41,44,49,52,56,72,76,81,108,110" machi="49" ten="40,5200,0" yaku="1,1,54,1,53,1" doraHai="117" doraHaiUra="105" who="2" fromWho="1" sc="250,0,250,-52,240,62,250,0" /><INIT seed="1,0,0,3,0,116" ten="250,198,302,250" oya="1" hai0="100,127,83,125,28,42,108,5,133,82,3,92,67" hai1="52,96,90,114,20,135,1,10,79,74,107,15,60" hai2="63,55,58,13,36,25,49,64,94,111,120,75,113" hai3="109,112,8,29,12,35,106,122,30,118,110,102,95"/><U128/><E114/><V65/><F75/><W93/><G112/><T14/><D3/><U105/><E128/><V47/><F113/><W70/><G70/><T87/><D108/><U19/><E135/><V51/><F94/><W101/><G118/><T32/><D67/><N who="2" m="25674" /><F25/><W121/><G106/><T130/><D42/><U84/><E74/><V99/><F13/><W98/><G35/><T97/><D130/><U72/><E72/><V103/><F99/><W81/><G81/><T17/><D5/><U45/><E79/><V33/><F103/><W31/><G95/><T21/><D133/><U129/><E129/><V61/><F33/><W91/><G91/><T71/><D71/><U18/><E96/><V48/><F111/><N who="3" m="42507" /><G102/><T57/><D83/><N who="1" m="49439" /><E1/><V66/><F120/><N who="3" m="46187" /><G31/><T43/><D28/><U85/><E85/><V126/><F126/><W132/><G132/><T37/><D32/><U77/><E77/><V26/><F36/><W88/><G101/><T131/><D131/><U117/><E117/><V53/><F26/><W38/><G38/><T86/><D37/><U104/><E104/><V54/><N who="2" m="25682" /><V0/><DORA hai="7" /><F0/><W62/><G62/><T68/><D125/><U24/><E60/><V76/><F76/><W34/><G34/><T78/><D127/><U119/><E119/><V27/><F27/><W134/><G134/><T6/><D78/><U41/><E107/><V16/><F63/><W11/><G11/><T123/><D123/><U22/><E105/><V80/><F80/><W115/><G115/><T2/><D82/><U89/><E89/><V23/><F61/><RYUUKYOKU ba="0,0" sc="250,-10,198,-10,302,-10,250,30" hai3="8,12,29,30,88,93,98" /><INIT seed="2,1,0,5,5,67" ten="240,188,292,280" oya="2" hai0="104,40,15,92,43,84,129,49,24,70,119,109,16" hai1="13,65,99,133,55,36,102,10,54,7,78,76,51" hai2="45,81,63,96,135,20,32,113,106,125,75,44,116" hai3="98,77,108,100,122,112,28,31,0,57,130,46,25"/><V121/><F121/><W124/><G0/><T85/><D104/><U52/><E36/><V134/><F32/><W86/><G122/><T34/><D109/><U93/><E133/><N who="2" m="50699" /><F116/><W33/><G108/><T82/><D70/><U4/><E65/><V8/><F113/><W111/><G111/><T66/><D66/><U74/><E74/><V26/><F8/><W21/><G112/><T11/><D119/><U115/><E115/><V69/><F125/><W17/><G124/><T131/><D92/><U62/><E62/><V60/><F69/><W105/><G130/><N who="0" m="49675" /><D49/><U41/><REACH who="1" step="1"/><E4/><REACH who="1" ten="240,178,292,280" step="2"/><V120/><F75/><W30/><G33/><T12/><D43/><U42/><E42/><V80/><F60/><W95/><G31/><N who="0" m="19815" /><D40/><U50/><E50/><V64/><F63/><W38/><G30/><T5/><D82/><U103/><E103/><N who="2" m="62823" /><F64/><W79/><G28/><T101/><D101/><U127/><E127/><V56/><F80/><W59/><G100/><T73/><D73/><U22/><E22/><AGARI ba="1,1" hai="5,11,12,15,16,22,84,85" m="19815,49675" machi="22" ten="30,2000,0" yaku="19,1,54,1" doraHai="67" who="0" fromWho="1" sc="240,33,178,-23,292,0,280,0" /><INIT seed="3,0,0,1,4,18" ten="273,155,292,280" oya="3" hai0="96,58,101,92,17,107,37,127,121,135,95,120,56" hai1="87,27,104,118,57,2,16,44,42,64,39,128,9" hai2="55,20,15,23,116,88,125,29,69,53,129,19,133" hai3="45,91,85,63,34,70,10,5,22,12,93,11,72"/><W78/><G34/><T14/><D37/><U90/><E104/><V66/><F116/><W74/><G78/><T47/><D127/><U106/><E118/><V46/><F125/><W59/><G70/><T73/><D73/><U60/><E106/><V111/><F111/><W32/><G32/><T52/><D135/><U36/><E128/><V112/><F112/><W84/><G84/><T130/><D47/><U61/><E2/><V30/><F129/><W75/><G45/><T81/><D81/><U13/><E27/><V41/><F133/><W124/><G124/><T98/><D130/><U25/><E25/><V68/><F66/><W97/><G97/><T6/><D6/><U48/><REACH who="1" step="1"/><E60/><REACH who="1" ten="273,145,292,280" step="2"/><V33/><F15/><W103/><G63/><T80/><D107/><U65/><E65/><V76/><F33/><W105/><G12/><T54/><D120/><U108/><E108/><V77/><F69/><W132/><G105/><T110/><D121/><U131/><E131/><V31/><F68/><W26/><G26/><T100/><D110/><U49/><E49/><V119/><F119/><W28/><G132/><T82/><D14/><U86/><E86/><V115/><F115/><W99/><G75/><T3/><D3/><U35/><E35/><V43/><F31/><W1/><G74/><T102/><D102/><U8/><E8/><V0/><F0/><W4/><G72/><T89/><D89/><U62/><E62/><V24/><F24/><W21/><G91/><T126/><D126/><U113/><E113/><V83/><F88/><W117/><G1/><T40/><D17/><RYUUKYOKU ba="0,1" sc="273,15,145,15,292,-15,280,-15" hai0="40,52,54,56,58,80,82,92,95,96,98,100,101" hai1="9,13,16,36,39,42,44,48,57,61,64,87,90" /><INIT seed="4,1,1,4,0,35" ten="288,160,277,265" oya="0" hai0="43,96,93,54,104,129,133,74,60,105,31,49,97" hai1="125,83,92,68,44,95,29,28,62,10,99,71,5" hai2="38,55,134,116,121,103,80,48,24,59,111,117,42" hai3="88,70,9,51,120,14,21,128,3,45,57,33,119"/><T52/><D74/><U127/><E83/><V91/><F103/><W106/><G70/><T65/><D129/><U39/><E39/><V130/><F24/><W78/><G106/><T66/><D31/><U81/><E81/><V77/><F91/><W27/><G78/><T46/><D133/><U82/><E82/><V114/><F134/><W36/><G119/><T53/><D97/><U101/><E44/><N who="2" m="23639" /><F130/><W8/><G128/><T75/><D75/><U72/><E72/><N who="2" m="43047" /><F111/><W102/><G102/><T126/><D126/><N who="1" m="48139" /><E92/><V0/><F0/><W32/><G120/><T131/><D131/><U61/><E71/><V123/><F114/><W135/><G135/><T25/><D25/><U18/><E18/><V84/><F84/><W50/><G36/><T2/><D2/><N who="1" m="311" /><E62/><V41/><F41/><W47/><G3/><T132/><D132/><U1/><E1/><V89/><F89/><W110/><G88/><T22/><D105/><U107/><E95/><V26/><F26/><W16/><G110/><T40/><D104/><U7/><E7/><V118/><AGARI ba="1,1" hai="48,55,59,116,117,118,121,123" m="43047,23639" machi="118" ten="30,1100,0" yaku="12,1" doraHai="35" who="2" fromWho="2" sc="288,-6,160,-4,277,24,265,-4" /><INIT seed="5,0,0,2,3,69" ten="282,156,301,261" oya="1" hai0="40,9,130,128,100,77,47,84,82,89,113,55,64" hai1="90,129,48,12,104,24,95,62,52,114,8,6,54" hai2="131,30,63,68,16,66,37,43,80,134,33,78,99" hai3="53,42,18,125,1,39,36,79,120,46,31,112,91"/><U23/><E104/><V103/><F16/><W32/><G120/><T29/><D29/><BYE who="0" /><U75/><E114/><V2/><F134/><W102/><G102/><T13/><D13/><U25/><E129/><V57/><F57/><W118/><G118/><T93/><D93/><U111/><E75/><V70/><F70/><W97/><G125/><T20/><D20/><U45/><E111/><V44/><F131/><W5/><G112/><T4/><D4/><U56/><REACH who="1" step="1"/><E23/><REACH who="1" ten="282,146,301,261" step="2"/><V94/><F33/><W34/><G32/><T76/><D76/><U88/><E88/><V65/><F78/><W73/><G91/><T35/><D35/><U98/><AGARI ba="0,1" hai="6,8,12,24,25,45,48,52,54,56,62,90,95,98" machi="98" ten="20,12000,1" yaku="1,1,0,1,7,1,8,1,54,1,53,0" doraHai="69" doraHaiUra="126" who="1" fromWho="1" sc="282,-40,146,130,301,-40,261,-40" /><INIT seed="5,1,0,4,3,116" ten="242,276,261,221" oya="1" hai0="39,102,83,45,42,133,37,44,110,100,51,96,121" hai1="122,99,94,70,23,74,56,30,59,80,43,32,93" hai2="71,81,91,114,87,112,88,89,118,111,84,82,123" hai3="75,124,57,73,79,54,90,2,3,72,135,18,4"/><U24/><E70/><V58/><F58/><W13/><G135/><T131/><D131/><U55/><E43/><V65/><F71/><W6/><G124/><T127/><D127/><U17/><E122/><V98/><F65/><W61/><G79/><T92/><D92/><U50/><E74/><V117/><F111/><W66/><G66/><T113/><D113/><N who="2" m="43626" /><F98/><W130/><G130/><T28/><D28/><U40/><E40/><UN n0="%E9%AB%98%E5%9D%82%E7%A9%82%E4%B9%83%E6%9E%9C%2A" /><V22/><F22/><W21/><REACH who="3" step="1"/><G90/><REACH who="3" ten="242,276,261,211" step="2"/><T53/><D110/><U134/><E134/><V38/><F91/><W129/><G129/><T115/><D133/><U36/><E36/><V14/><F38/><W10/><G10/><T69/><D37/><U16/><E80/><V41/><F82/><W8/><G8/><T15/><D83/><U29/><E99/><V85/><F81/><W9/><G9/><T97/><D115/><U35/><E35/><V78/><F89/><W12/><G12/><T67/><D15/><U109/><E109/><V27/><F14/><W105/><G105/><T33/><D33/><U19/><E32/><V60/><F88/><W103/><G103/><T106/><D67/><U0/><E0/><AGARI ba="1,1" hai="0,2,3,4,6,13,18,21,54,57,61,72,73,75" machi="0" ten="50,3200,0" yaku="1,1,53,1" doraHai="116" doraHaiUra="11" who="3" fromWho="1" sc="242,0,276,-35,261,0,211,45" /><INIT seed="6,0,0,0,4,59" ten="242,241,261,256" oya="2" hai0="55,74,33,135,26,3,81,16,42,22,84,130,5" hai1="61,25,83,58,54,24,128,103,120,7,116,110,37" hai2="35,64,15,53,73,117,19,98,32,13,48,65,92" hai3="96,17,112,77,122,1,29,34,118,9,70,124,111"/><V86/><F117/><W20/><G70/><T113/><D74/><U79/><E110/><V63/><F73/><W60/><G118/><T106/><D106/><U62/><E116/><V108/><F86/><W50/><G77/><T39/><D113/><U76/><E37/><V46/><F108/><W85/><G111/><T47/><D130/><U90/><E128/><V129/><F129/><W36/><G36/><T68/><D68/><U123/><E103/><V125/><F125/><W91/><G124/><T18/><D33/><U80/><E7/><V133/><F133/><W49/><G122/><N who="1" m="46634" /><E90/><V94/><F94/><W52/><G112/><T126/><D135/><U115/><E115/><V107/><F107/><W14/><G96/><T131/><D131/><U127/><E127/><V89/><F64/><W28/><G34/><T11/><D126/><U132/><E132/><V109/><F109/><W100/><G100/><T104/><D104/><U87/><E62/><V134/><F134/><W57/><G1/><T23/><D23/><U114/><E114/><V38/><F38/><W43/><G43/><T0/><D0/><U119/><E119/><V40/><F40/><W10/><G10/><T69/><D69/><U51/><E51/><N who="3" m="19466" /><G9/><T71/><D71/><U66/><E66/><V93/><F32/><W78/><G78/><T8/><D8/><U82/><E82/><AGARI ba="0,0" hai="14,17,20,28,29,52,57,60,82,85,91" m="19466" machi="82" ten="30,3900,0" yaku="8,1,52,1,54,1" doraHai="59" who="3" fromWho="1" sc="242,0,241,-39,261,0,256,39" /><INIT seed="7,0,0,0,4,54" ten="242,202,261,295" oya="3" hai0="118,123,113,20,52,112,42,129,82,73,8,50,91" hai1="57,36,132,34,109,102,98,72,49,22,6,27,47" hai2="64,0,119,103,111,37,1,88,63,121,90,26,25" hai3="13,33,89,80,41,97,131,10,7,60,65,110,15"/><W71/><G33/><T117/><D123/><U92/><E109/><V134/><F111/><W101/><G110/><T3/><D42/><U58/><E72/><V122/><F119/><W126/><G126/><T39/><D39/><U67/><E36/><V74/><F37/><W83/><G131/><T9/><D20/><U114/><E34/><V55/><F55/><W125/><G125/><T87/><D73/><U16/><E114/><N who="0" m="44137" /><D129/><U69/><E132/><V106/><F74/><W59/><G41/><T12/><D3/><U28/><E6/><V4/><F134/><W107/><G71/><T94/><D94/><U128/><E128/><V32/><F32/><W115/><G115/><T45/><D8/><U62/><REACH who="1" step="1"/><E28/><REACH who="1" ten="242,192,261,295" step="2"/><V19/><F4/><AGARI ba="0,1" hai="4,9,12,45,50,52,82,87,91,117,118" m="44137" machi="4" ten="30,3900,0" yaku="15,1,11,1,54,1" doraHai="54" who="0" fromWho="2" sc="242,49,192,0,261,-39,295,0" /><INIT seed="8,0,0,2,5,31" ten="291,192,222,295" oya="0" hai0="125,81,117,96,86,70,60,83,10,118,43,123,85" hai1="12,57,52,8,82,59,87,69,56,95,132,14,68" hai2="104,111,135,133,90,58,124,1,121,44,40,78,75" hai3="88,63,99,92,109,28,65,72,51,127,30,21,116"/><T126/><D123/><U7/><E132/><V2/><F121/><W114/><G116/><T45/><D96/><U55/><E69/><V120/><F111/><W67/><G72/><T9/><D70/><U89/><E68/><V130/><F120/><W100/><G109/><T77/><D60/><U5/><REACH who="1" step="1"/><E82/><REACH who="1" ten="291,182,222,295" step="2"/><N who="2" m="45407" /><F133/><W16/><G127/><N who="0" m="48651" /><D118/><U47/><E47/><V94/><F124/><W29/><G114/><T97/><D117/><U37/><E37/><V106/><F135/><W26/><G63/><T73/><D73/><U24/><E24/><V17/><F44/><W79/><G51/><N who="0" m="27071" /><D97/><U46/><E46/><V129/><F130/><W33/><G100/><T19/><D83/><U93/><E93/><V108/><F94/><W107/><G107/><T4/><D86/><U49/><E49/><V128/><F104/><W64/><REACH who="3" step="1"/><G79/><REACH who="3" ten="291,182,222,285" step="2"/><T105/><D105/><U80/><E80/><V122/><F106/><W119/><G119/><T112/><D112/><U27/><E27/><AGARI ba="0,2" hai="16,21,26,27,28,29,30,33,64,65,67,88,92,99" machi="27" ten="40,8000,1" yaku="1,1,52,1,54,2,53,0" doraHai="31" doraHaiUra="11" who="3" fromWho="1" sc="291,0,182,-80,222,0,285,100" owari="291,9.0,102,-40.0,222,-18.0,385,49.0" /></mjloggm>