<mjloggm ver="2.3"><GO type="193" lobby="0"/><UN n0="%E3%83%9F%E3%82%AF%E3%83%90%E3%83%8A%E3%83%8A" n1="%E3%83%88%E3%83%88%E3%83%AA%E5%85%88%E7%94%9F%31%39%E6%AD%B3" n2="%E7%9F%A2%E4%BD%9C%E9%9B%BB%E6%B0%97" n3="%55%73%75%7A%61%6E" dan="12,12,11,11" rate="1689.32,1831.47,1587.98,1594.54" sx="M,F,M,M"/><TAIKYOKU oya="0"/><INIT seed="0,0,0,0,5,61" ten="250,250,250,250" oya="0" hai0="118,76,29,106,68,98,90,45,72,91,51,133,0" hai1="21,8,94,55,100,121,109,131,52,42,82,26,116" hai2="13,46,11,103,15,110,66,7,25,49,1,58,111" hai3="86,69,22,24,48,10,117,119,33,5,59,28,19"/><T60/><D118/><U47/><E116/><V31/><F103/><W62/><G119/><T132/><D0/><U38/><E121/><V65/><F58/><W6/><G117/><T124/><D124/><U120/><E120/><V105/><F49/><W78/><G69/><T107/><D107/><U32/><E32/><V9/><F105/><W135/><G135/><N who="0" m="51787" /><D29/><U122/><E122/><V53/><F46/><W41/><G5/><T16/><D16/><U12/><E109/><N who="2" m="41483" /><F53/><W92/><G41/><T101/><D76/><U84/><E131/><V79/><F79/><W97/><G48/><T80/><D80/><U127/><E127/><V114/><F114/><W88/><G78/><T83/><D83/><U125/><E125/><V64/><F11/><W40/><G40/><N who="0" m="24999" /><D72/><U3/><E82/><V95/><F95/><W112/><G112/><T39/><D39/><U14/><E8/><V27/><F27/><W30/><G33/><AGARI ba="0,0" hai="1,7,9,13,15,25,31,33,64,65,66" m="41483" machi="33" ten="30,7700,0" yaku="14,1,52,3" doraHai="61" who="2" fromWho="3" sc="250,0,250,0,250,77,250,-77" /><INIT seed="1,0,0,1,4,110" ten="250,250,327,173" oya="1" hai0="83,20,116,130,53,117,78,120,37,70,62,16,61" hai1="98,76,1,43,12,15,124,81,86,104,97,8,21" hai2="71,36,119,44,105,92,48,55,87,100,32,27,40" hai3="64,26,134,4,50,46,109,114,2,18,29,96,59"/><U94/><E124/><V3/><F105/><W45/><G109/><T77/><D120/><U41/><E1/><V28/><F119/><W126/><G126/><T82/><D130/><U93/><E104/><V107/><F71/><W17/><G134/><T51/><D37/><U25/><E94/><V106/><F3/><W102/><G2/><T38/><D38/><U72/><E72/><V69/><F69/><W131/><G4/><T123/><D123/><U122/><E122/><V101/><F101/><W132/><G131/><T115/><D115/><U7/><E12/><V24/><F24/><W112/><G132/><T13/><D83/><U108/><E108/><V30/><F30/><W129/><G129/><T118/><D70/><U47/><E93/><V31/><F31/><W49/><G64/><T74/><REACH who="0" step="1"/><D78/><REACH who="0" ten="240,250,327,173" step="2"/><U89/><E76/><V65/><F65/><W135/><G135/><T11/><D11/><U35/><E81/><V9/><F9/><W58/><G59/><AGARI ba="0,1" hai="13,16,20,51,53,59,61,62,74,77,82,116,117,118" machi="59" ten="40,2600,0" yaku="1,1,54,1,53,0" doraHai="110" doraHaiUra="33" who="0" fromWho="3" sc="240,36,250,0,327,0,173,-26" /><INIT seed="2,0,0,5,1,40" ten="276,250,327,147" oya="2" hai0="22,117,27,115,80,16,82,67,65,6,120,112,38" hai1="21,35,64,101,49,77,129,127,73,50,14,15,29" hai2="5,85,12,9,113,61,94,135,63,71,133,116,109" hai3="45,119,104,1,92,11,44,96,72,60,26,57,88"/><V134/><F71/><W130/><G119/><T47/><D120/><U124/><E35/><V56/><F113/><W17/><G130/><T52/><D117/><U86/><E73/><V78/><F116/><W19/><G72/><T20/><D80/><N who="1" m="47375" /><E129/><V68/><F68/><W33/><G104/><T103/><D67/><U76/><E76/><V59/><F109/><W7/><G33/><T118/><D118/><U70/><E101/><V24/><F24/><W55/><REACH who="3" step="1"/><G26/><REACH who="3" ten="276,250,327,137" step="2"/><T18/><D115/><U32/><E32/><V58/><REACH who="2" step="1"/><F94/><REACH who="2" ten="276,250,317,137" step="2"/><W48/><G48/><T34/><D112/><U43/><E50/><V0/><F0/><W81/><G81/><AGARI ba="0,2" hai="5,9,12,56,58,59,61,63,78,81,85,133,134,135" machi="81" ten="50,9600,0" yaku="1,1,20,1,53,1" doraHai="40" doraHaiUra="8" who="2" fromWho="3" sc="276,0,250,0,317,116,137,-96" /><INIT seed="2,1,0,4,2,74" ten="276,250,433,41" oya="2" hai0="109,88,40,17,86,101,53,111,38,98,27,115,126" hai1="79,121,39,29,41,61,0,108,14,19,54,7,66" hai2="72,25,70,78,23,131,45,20,93,107,77,119,6" hai3="35,124,58,92,94,60,4,85,69,83,50,12,34"/><V104/><F70/><W102/><G124/><T36/><D115/><U68/><E108/><N who="0" m="41545" /><D126/><U65/><E121/><V133/><F119/><W11/><G35/><T57/><D40/><U82/><E29/><V43/><F133/><W89/><G34/><T130/><D130/><U135/><E135/><V132/><F131/><W67/><G102/><T28/><D17/><U13/><E66/><V26/><F132/><W90/><G69/><T48/><D98/><U129/><E129/><V97/><F72/><W56/><REACH who="3" step="1"/><G90/><REACH who="3" ten="276,250,433,31" step="2"/><T2/><D101/><U105/><E68/><V32/><F32/><W10/><G10/><T134/><D134/><U42/><E105/><V122/><F122/><W5/><G5/><T114/><D114/><U117/><E7/><V100/><F107/><W71/><G71/><T113/><D113/><U116/><E116/><V96/><F6/><W31/><G31/><T55/><D2/><U21/><E0/><V49/><F104/><W80/><G80/><T118/><D118/><U64/><E82/><V8/><F8/><W103/><G103/><T33/><D55/><AGARI ba="1,1" hai="4,11,12,50,55,56,58,60,67,83,85,89,92,94" machi="55" ten="40,2600,0" yaku="1,1,8,1,53,0" doraHai="74" doraHaiUra="37" who="3" fromWho="0" sc="276,-29,250,0,433,0,31,39" /><INIT seed="3,0,0,2,5,123" ten="247,250,433,70" oya="3" hai0="129,59,26,53,0,37,55,19,29,73,48,121,132" hai1="7,92,120,118,1,41,102,134,112,8,57,97,36" hai2="13,79,30,27,106,11,116,115,75,12,101,62,4" hai3="100,71,74,32,9,52,2,76,124,82,104,105,127"/><W39/><G71/><T54/><D121/><U46/><E120/><V113/><F116/><W133/><G100/><T131/><D132/><U130/><E134/><V3/><F101/><W22/><G133/><T89/><D73/><U69/><E69/><V117/><F106/><W44/><G22/><T65/><D37/><U42/><E118/><V110/><F79/><W15/><G15/><N who="2" m="5705" /><F62/><W109/><G52/><T80/><D0/><U38/><E130/><N who="0" m="49673" /><D19/><U78/><E112/><N who="2" m="43083" /><F75/><W10/><G10/><T68/><D65/><U128/><E128/><V31/><F117/><W72/><G72/><T64/><D64/><U85/><E57/><V18/><F110/><W135/><G135/><T86/><D68/><U119/><E119/><V60/><F60/><W95/><G109/><T99/><D99/><U20/><E38/><V61/><F61/><W17/><G17/><T103/><D103/><U126/><E41/><V58/><F58/><W88/><G95/><T98/><D98/><U125/><E85/><V66/><F66/><W40/><G88/><T96/><D96/><U16/><E78/><V93/><F93/><W35/><G105/><T5/><D5/><U87/><E87/><V70/><F70/><W67/><G67/><T43/><D43/><U51/><E36/><V122/><F122/><W77/><G104/><T49/><D49/><U21/><E16/><V114/><N who="2" m="43091" /><V94/><DORA hai="84" /><F94/><W63/><G63/><T6/><D6/><U28/><E28/><V50/><F50/><W33/><G77/><T111/><D111/><U14/><E1/><V91/><F91/><RYUUKYOKU ba="0,0" sc="247,0,250,0,433,0,70,0" hai0="26,29,48,53,54,55,59,80,86,89" hai1="7,8,14,20,21,42,46,51,92,97,102,125,126" hai2="3,4,11,18,27,30,31" hai3="2,9,32,33,35,39,40,44,74,76,82,124,127" /><INIT seed="3,1,0,0,3,62" ten="247,250,433,70" oya="3" hai0="73,123,21,5,65,66,76,90,132,33,77,134,120" hai1="74,130,6,64,69,94,2,67,119,32,39,89,41" hai2="117,131,101,52,114,61,34,42,104,7,103,50,70" hai3="17,118,30,37,54,8,78,124,51,80,87,10,36"/><W48/><G118/><T109/><D109/><U95/><E32/><V46/><F104/><W55/><G124/><T121/><D33/><U20/><E74/><V18/><F117/><W47/><G30/><T45/><D5/><U79/><E79/><N who="0" m="30281" /><D73/><U107/><E107/><V44/><F114/><W31/><G31/><T75/><D75/><U135/><E69/><V27/><F131/><W102/><G102/><T4/><D4/><U29/><E130/><V35/><F7/><W25/><G25/><T91/><D21/><U126/><E119/><V22/><F70/><W84/><G84/><T16/><D16/><U60/><E126/><V56/><REACH who="2" step="1"/><F46/><REACH who="2" ten="247,250,423,70" step="2"/><W13/><REACH who="3" step="1"/><G8/><REACH who="3" ten="247,250,423,60" step="2"/><T68/><D45/><AGARI ba="1,2" hai="10,13,17,36,37,45,47,48,51,54,55,78,80,87" machi="45" ten="30,11600,0" yaku="1,1,2,1,7,1,9,1,53,0" doraHai="62" doraHaiUra="53" who="3" fromWho="0" sc="247,-119,250,0,423,0,60,139" /><INIT seed="3,2,0,1,0,79" ten="128,250,423,199" oya="3" hai0="3,6,104,66,96,4,83,122,126,42,105,65,15" hai1="125,84,132,9,69,43,17,124,106,129,55,40,113" hai2="59,44,89,21,63,38,29,115,107,57,109,117,22" hai3="5,110,86,70,47,73,87,99,64,134,130,19,108"/><W28/><G73/><T94/><D122/><U120/><E120/><V88/><F107/><W58/><G70/><T54/><D3/><U30/><E113/><V93/><F109/><N who="3" m="42091" /><G5/><T119/><D119/><U34/><E106/><V8/><F115/><W2/><G2/><T53/><D126/><N who="1" m="48747" /><E132/><V85/><F117/><W101/><G134/><T74/><D4/><U127/><E129/><V41/><F8/><W111/><N who="3" m="42099" /><W10/><DORA hai="62" /><G130/><T50/><D42/><U90/><E69/><V103/><F29/><W92/><G28/><T16/><D6/><U77/><E77/><V71/><F103/><W82/><G47/><T27/><D27/><N who="1" m="18783" /><E127/><V75/><F75/><W14/><G82/><T68/><D105/><U32/><E32/><V48/><F38/><W114/><G114/><T25/><D25/><U33/><E33/><V20/><REACH who="2" step="1"/><F89/><REACH who="2" ten="128,250,413,199" step="2"/><W24/><G24/><T98/><D104/><U1/><E90/><V37/><F37/><W67/><G58/><T46/><D98/><U95/><E1/><V91/><F91/><W39/><G39/><T131/><D131/><U80/><E84/><AGARI ba="2,1" hai="10,14,19,64,67,84,86,87,92,99,101" m="42099" machi="84" ten="40,12000,1" yaku="14,1,10,1,52,2" doraHai="79,62" who="3" fromWho="1" sc="128,0,250,-126,413,0,199,136" /><INIT seed="3,3,0,2,3,31" ten="128,124,413,335" oya="3" hai0="135,112,16,27,131,7,64,35,18,100,98,56,105" hai1="94,24,54,62,118,39,106,124,69,89,13,6,34" hai2="103,5,9,79,42,108,15,50,21,22,123,41,111" hai3="12,119,44,57,102,81,63,128,121,45,0,83,33"/><W116/><G0/><T78/><D112/><U133/><E39/><V51/><F123/><W52/><G121/><T67/><D131/><U99/><E133/><V70/><F70/><W120/><G120/><T130/><D130/><U1/><E1/><V97/><F79/><W85/><G128/><T107/><D135/><U113/><E113/><V10/><F103/><W48/><G102/><T37/><D37/><U60/><E124/><V88/><F97/><W68/><G68/><T26/><D26/><U93/><E106/><V114/><F114/><W73/><G119/><T59/><D59/><N who="1" m="34935" /><E34/><V110/><F88/><W40/><G116/><T90/><D107/><U125/><E69/><V129/><F129/><W95/><G33/><T101/><D101/><N who="1" m="60655" /><E125/><V28/><F28/><W126/><G73/><T66/><D56/><U91/><E118/><V4/><F108/><W82/><G126/><T92/><D78/><U14/><E6/><V77/><F77/><W72/><G72/><T132/><D7/><U109/><E109/><V86/><F15/><N who="1" m="5641" /><E62/><V115/><F115/><W104/><G12/><T46/><D132/><U75/><E75/><V61/><F61/><W25/><G104/><T127/><D127/><U84/><E89/><V71/><F71/><W19/><G95/><T87/><REACH who="0" step="1"/><D46/><REACH who="0" ten="118,124,413,335" step="2"/><U80/><E24/><V8/><F8/><W2/><G45/><T3/><D3/><U74/><E74/><V122/><F122/><W55/><G2/><T11/><D11/><U53/><E80/><V117/><F117/><W23/><G85/><AGARI ba="3,1" hai="4,5,9,10,21,22,41,42,50,51,85,86,110,111" machi="85" ten="25,1600,0" yaku="22,2" doraHai="31" who="2" fromWho="3" sc="118,0,124,0,413,35,335,-25" owari="118,-38.0,124,-28.0,448,55.0,310,11.0" /></mjloggm>