<mjloggm ver="2.3"><GO type="169" lobby="0"/><UN n0="%6B%75%6B%65%6B%65%6B%65" n1="%E3%83%88%E3%83%88%E3%83%AA%E5%85%88%E7%94%9F%31%39%E6%AD%B3" n2="%63%75%72%65%74%61%70%65" n3="%6E%61%72%75%72%75%72%75" dan="17,18,16,16" rate="2131.34,2234.39,2139.77,2134.56" sx="M,F,M,M"/><TAIKYOKU oya="0"/><INIT seed="0,0,0,4,1,126" ten="250,250,250,250" oya="0" hai0="103,36,65,60,81,23,122,44,124,12,78,82,101" hai1="6,55,97,47,4,87,63,115,133,100,45,2,118" hai2="93,62,94,17,48,1,77,28,96,92,113,135,24" hai3="116,91,98,69,5,109,59,130,27,54,32,74,46"/><T71/><D122/><U131/><E118/><V79/><F113/><W104/><G69/><T35/><D35/><U3/><E115/><V68/><F1/><W37/><G74/><T42/><D124/><U41/><E133/><V22/><F135/><W66/><G5/><T52/><D82/><U64/><E87/><V125/><F125/><W16/><G66/><T13/><D13/><U120/><E120/><V20/><F96/><W95/><G104/><T31/><D52/><U34/><E34/><V49/><F68/><W9/><G37/><T40/><D40/><U8/><E55/><V83/><F62/><W110/><G46/><T123/><D123/><U80/><E80/><V73/><REACH who="2" step="1"/><F79/><REACH who="2" ten="250,250,240,250" step="2"/><W111/><G116/><T75/><REACH who="0" step="1"/><D12/><AGARI ba="0,1" hai="12,17,20,22,24,28,48,49,73,77,83,92,93,94" machi="12" ten="40,2600,0" yaku="1,1,2,1,53,0" doraHai="126" doraHaiUra="43" who="2" fromWho="0" sc="250,-26,250,0,240,36,250,0" /><INIT seed="1,0,0,5,3,94" ten="224,250,276,250" oya="1" hai0="21,11,42,100,107,113,93,31,133,44,26,4,46" hai1="56,78,70,122,96,79,55,29,10,81,30,124,125" hai2="85,59,131,40,14,35,134,20,58,129,33,120,114" hai3="37,118,83,71,132,52,13,73,115,87,27,75,77"/><U110/><E122/><V45/><F120/><W95/><G115/><T38/><D113/><U3/><E70/><V16/><F114/><W130/><G37/><T84/><D133/><U51/><E110/><V112/><F112/><W103/><G71/><T92/><D84/><U108/><E108/><V104/><F134/><W62/><G118/><T7/><D7/><N who="1" m="1407" /><E79/><V15/><F104/><W50/><G62/><T9/><D9/><U57/><E56/><N who="2" m="21547" /><F85/><W97/><G132/><T0/><REACH who="0" step="1"/><D46/><REACH who="0" ten="214,250,276,250" step="2"/><U28/><E78/><V105/><F45/><W86/><G87/><T99/><AGARI ba="0,1" hai="0,4,11,21,26,31,38,42,44,92,93,99,100,107" machi="99" ten="30,7900,0" yaku="1,1,2,1,0,1,52,1,53,0" doraHai="94" doraHaiUra="47" who="0" fromWho="0" sc="214,89,250,-39,276,-20,250,-20" /><INIT seed="2,0,0,1,3,104" ten="303,211,256,230" oya="2" hai0="34,16,45,65,87,20,54,57,92,1,26,112,75" hai1="23,84,13,22,93,21,114,119,101,56,111,63,35" hai2="30,88,100,19,32,59,40,96,3,43,39,58,123" hai3="128,25,90,24,110,89,36,106,12,44,74,73,105"/><V66/><F123/><W33/><G12/><T113/><D1/><U121/><E121/><V9/><F59/><W97/><G33/><T42/><D65/><U46/><E35/><V52/><F66/><W108/><G44/><T135/><D75/><N who="3" m="28681" /><G36/><T79/><D34/><U70/><E70/><V68/><F68/><W41/><G41/><N who="2" m="15945" /><F39/><W130/><G24/><T80/><D135/><U85/><E119/><V17/><F32/><W4/><G25/><T125/><D92/><U5/><E111/><N who="3" m="42538" /><G4/><T95/><D95/><U37/><E114/><V27/><F3/><W50/><G50/><T71/><D125/><U120/><E120/><V77/><F77/><W91/><G97/><T132/><D71/><U67/><E46/><V51/><F27/><W49/><G49/><T126/><D126/><U72/><E37/><V127/><F127/><W29/><G29/><T116/><D42/><U48/><E48/><V115/><F30/><W47/><G47/><T14/><D45/><U81/><E5/><V60/><F115/><W8/><G8/><T107/><D113/><U129/><E13/><N who="2" m="7343" /><F51/><W7/><G7/><T99/><D112/><U61/><E61/><V134/><F134/><W53/><G53/><T11/><D132/><U117/><E63/><V62/><F62/><W0/><G0/><T86/><D54/><U109/><E109/><V78/><F19/><W118/><G118/><T103/><D57/><U15/><E56/><V83/><F60/><W6/><G6/><N who="0" m="3447" /><D116/><U94/><E117/><V76/><F58/><W18/><G18/><T64/><D64/><U28/><E67/><RYUUKYOKU ba="0,0" sc="303,15,211,-15,256,-15,230,15" hai0="16,20,26,79,80,86,87,99,103,107" hai3="89,90,91,105,106,128,130" /><INIT seed="3,1,0,0,4,123" ten="318,196,241,245" oya="3" hai0="96,5,48,82,133,54,32,34,9,119,43,25,122" hai1="69,108,18,99,94,51,86,111,15,22,81,84,28" hai2="45,46,49,121,73,4,87,64,132,80,20,2,21" hai3="14,1,75,44,113,23,17,109,118,91,103,114,130"/><W19/><G118/><T79/><D119/><U72/><E69/><V100/><F73/><W71/><G1/><T42/><D122/><U127/><E127/><V78/><F121/><W61/><G75/><T0/><D133/><U88/><E28/><V120/><F120/><W31/><G31/><T41/><D96/><U74/><E86/><V8/><F132/><W106/><G91/><T35/><D25/><U24/><E24/><V134/><F134/><W6/><G6/><T59/><D34/><U65/><E65/><V36/><F64/><W76/><G76/><T90/><D90/><U38/><E38/><V29/><F29/><W11/><G61/><T135/><D135/><U10/><E22/><V116/><F116/><W60/><G60/><T110/><D110/><N who="1" m="42027" /><E51/><V102/><F36/><W13/><G71/><T124/><D124/><U66/><E66/><V105/><F49/><W129/><G109/><T47/><D35/><U37/><E37/><V125/><F125/><W39/><G39/><T57/><D32/><U77/><AGARI ba="1,0" hai="10,15,18,72,74,77,81,84,88,94,99" m="42027" machi="77" ten="30,8000,1" yaku="14,1,52,3,54,1" doraHai="123" who="1" fromWho="1" sc="318,-21,196,83,241,-21,245,-41" /><INIT seed="4,0,0,4,2,2" ten="297,279,220,204" oya="0" hai0="113,88,37,26,97,17,77,43,129,74,101,75,91" hai1="84,12,19,110,92,49,35,112,33,90,25,95,127" hai2="16,80,24,108,131,11,71,70,47,96,81,67,21" hai3="8,20,42,133,118,50,44,79,89,39,63,128,68"/><T53/><D113/><U125/><E110/><V132/><F108/><W36/><G118/><T55/><D129/><U38/><E38/><V121/><F121/><W7/><G89/><T48/><D37/><U56/><E112/><V30/><F131/><W105/><G105/><T123/><D123/><U93/><E25/><V122/><F122/><W104/><G104/><T82/><D74/><U78/><E78/><V94/><F132/><W99/><G99/><T103/><D103/><U116/><E116/><V57/><F71/><W107/><G107/><T1/><D1/><U31/><E31/><V5/><F70/><W3/><G133/><T15/><D26/><U58/><E33/><V0/><F47/><W130/><G20/><T40/><D55/><N who="1" m="31855" /><E58/><V59/><F30/><W9/><G79/><T64/><D64/><U109/><E35/><V27/><F27/><W10/><G39/><T111/><D111/><U28/><E28/><V115/><F115/><W87/><G36/><T85/><D75/><U119/><E109/><V76/><F67/><N who="3" m="41087" /><G130/><T135/><D135/><U66/><E66/><V46/><F46/><W23/><G128/><T98/><D98/><U86/><E119/><V114/><F114/><W4/><G87/><N who="1" m="33322" /><E90/><N who="0" m="34345" /><D97/><U134/><E134/><V83/><REACH who="2" step="1"/><F76/><REACH who="2" ten="297,279,210,204" step="2"/><W52/><G3/><T54/><D77/><U51/><E125/><V6/><F6/><W18/><G42/><T14/><D43/><U41/><E127/><V73/><F73/><W29/><G29/><T60/><D40/><U34/><E41/><V102/><AGARI ba="0,1" hai="0,5,11,16,21,24,57,59,80,81,83,94,96,102" machi="102" ten="30,8000,1" yaku="1,1,0,1,52,1,54,1,53,1" doraHai="2" doraHaiUra="13" who="2" fromWho="2" sc="297,-40,279,-20,210,90,204,-20" /><INIT seed="5,0,0,0,3,71" ten="257,259,300,184" oya="1" hai0="72,44,132,114,23,6,108,11,98,46,17,103,18" hai1="38,15,39,37,87,76,4,75,27,104,118,97,10" hai2="107,60,77,80,8,94,2,117,7,70,52,125,111" hai3="58,26,92,57,101,33,9,126,65,127,123,96,79"/><U66/><E118/><V47/><F117/><W22/><G33/><T85/><D72/><U40/><E75/><V45/><F111/><W50/><G123/><T84/><D108/><U34/><E66/><V133/><F107/><W86/><G9/><T12/><D114/><U20/><E34/><V135/><F125/><W119/><G119/><T30/><D132/><N who="2" m="50762" /><F94/><W115/><G115/><T73/><D73/><U88/><E76/><V19/><F19/><W13/><G13/><T134/><D134/><U53/><E53/><V128/><F128/><W56/><G50/><T99/><D30/><U109/><E109/><V110/><F110/><W43/><G43/><T67/><D18/><U14/><E14/><V51/><F47/><N who="0" m="17962" /><D67/><U29/><E40/><V106/><F106/><W16/><REACH who="3" step="1"/><G65/><REACH who="3" ten="257,259,300,174" step="2"/><T83/><D12/><U21/><E21/><V35/><F35/><W64/><G64/><T113/><D23/><U0/><E15/><V105/><F8/><W116/><G116/><T48/><D11/><U31/><E20/><V42/><F42/><W82/><AGARI ba="0,1" hai="16,22,26,56,57,58,79,82,86,92,96,101,126,127" machi="82" ten="30,4000,0" yaku="1,1,0,1,54,1,53,0" doraHai="71" doraHaiUra="102" who="3" fromWho="3" sc="257,-10,259,-20,300,-10,174,50" /><INIT seed="6,0,0,2,0,105" ten="247,239,290,224" oya="2" hai0="1,61,121,111,32,135,128,16,58,117,113,74,99" hai1="102,65,45,7,28,123,54,36,48,112,51,114,11" hai2="30,43,9,17,86,71,59,19,23,40,87,68,55" hai3="89,39,8,81,90,14,12,25,115,73,4,21,129"/><V119/><F119/><W52/><G39/><T83/><RYUUKYOKU type="yao9" ba="0,0" sc="247,0,239,0,290,0,224,0" hai0="1,16,32,58,61,74,83,99,111,113,117,121,128,135" /><INIT seed="6,1,0,3,0,106" ten="247,239,290,224" oya="2" hai0="87,79,15,48,50,20,115,32,109,25,96,60,83" hai1="40,86,92,84,45,68,104,46,13,64,18,123,105" hai2="28,35,78,36,127,102,66,76,99,107,103,67,3" hai3="133,16,93,120,14,110,42,129,11,95,65,49,88"/><V108/><F3/><W72/><G133/><T31/><D109/><U34/><E123/><V23/><F36/><W53/><G129/><T19/><D115/><U51/><E34/><V2/><F2/><W54/><G110/><T41/><D41/><U135/><E135/><V55/><F108/><W85/><G120/><T134/><D134/><U116/><E116/><V8/><F127/><W75/><G65/><T81/><D60/><U27/><E27/><V98/><F35/><W37/><G37/><T89/><REACH who="0" step="1"/><D96/><REACH who="0" ten="237,239,290,224" step="2"/><U97/><E40/><V39/><F99/><W73/><REACH who="3" step="1"/><G95/><REACH who="3" ten="237,239,290,214" step="2"/><T1/><D1/><U62/><E104/><V69/><F107/><W17/><G17/><T122/><D122/><U26/><E105/><V6/><F103/><W113/><G113/><T132/><D132/><U30/><E92/><V117/><F102/><W12/><G12/><T111/><D111/><U125/><E13/><V43/><F117/><W57/><G57/><T4/><D4/><U5/><E5/><V24/><F6/><W77/><G77/><T9/><D9/><U100/><E18/><V0/><F8/><W7/><G7/><T47/><D47/><AGARI ba="1,2" hai="11,14,16,42,47,49,53,54,72,73,75,85,88,93" machi="47" ten="40,12000,2" yaku="1,1,52,3,54,2,53,0" doraHai="106" doraHaiUra="101" who="3" fromWho="0" sc="237,-123,239,0,290,0,214,143" /><INIT seed="7,0,0,0,0,45" ten="114,239,290,357" oya="3" hai0="32,121,2,132,124,99,127,22,37,17,102,116,80" hai1="113,60,118,5,93,111,28,26,131,31,0,67,134" hai2="33,35,112,43,7,40,39,117,90,82,51,6,64" hai3="104,13,41,74,49,25,54,122,126,63,61,58,135"/><W23/><G122/><T21/><D32/><U27/><E111/><V86/><F117/><W8/><G104/><T110/><D37/><U29/><E118/><V72/><F112/><W83/><G135/><T62/><D2/><U114/><E134/><V100/><F72/><W123/><G123/><T10/><D116/><U94/><E5/><V38/><F100/><W77/><G126/><T87/><D121/><U92/><E0/><V76/><F64/><W106/><G106/><T52/><D132/><U96/><E96/><V79/><F86/><W98/><G98/><T91/><D110/><U9/><E9/><V97/><F82/><W24/><G41/><T125/><D10/><U16/><E131/><V107/><F97/><W109/><G109/><T4/><D4/><U56/><E16/><V18/><F107/><W50/><G63/><T55/><D62/><U89/><E89/><V103/><F103/><W85/><G74/><T66/><D66/><U78/><E78/><V48/><F90/><W14/><G14/><T36/><D36/><U95/><E95/><V57/><F57/><W88/><G77/><T70/><D70/><U69/><E69/><V59/><F59/><W71/><G71/><T3/><D3/><U68/><E68/><V133/><F133/><W30/><G25/><T20/><REACH who="0" step="1"/><D17/><AGARI ba="0,0" hai="6,7,17,18,33,35,38,39,40,43,48,51,76,79" machi="17" ten="25,6400,0" yaku="22,2,52,2" doraHai="45" who="2" fromWho="0" sc="114,-64,239,0,290,64,357,0" /><AGARI ba="0,0" hai="8,13,17,23,24,30,49,50,54,58,61,83,85,88" machi="17" ten="30,12000,1" yaku="7,1,8,1,52,2,54,1" doraHai="45" who="3" fromWho="0" sc="50,-120,239,0,354,0,357,120" owari="-70,-57.0,239,-16.0,354,15.0,477,58.0" /></mjloggm>