<mjloggm ver="2.3"><GO type="97" lobby="0"/><UN n0="%61%78%65%6C%33" n1="%53%54%4F%59%41%4E" n2="%E3%83%88%E3%83%88%E3%83%AA%E5%85%88%E7%94%9F%31%39%E6%AD%B3" n3="%E9%9B%AB%40" dan="15,14,15,13" rate="2015.95,1892.26,2041.33,1959.55" sx="M,M,F,F"/><TAIKYOKU oya="0"/><INIT seed="0,0,0,5,0,10" ten="250,250,250,250" oya="0" hai0="70,66,28,36,37,126,112,21,19,8,67,133,98" hai1="134,73,50,92,20,61,86,58,59,23,79,123,84" hai2="47,12,121,90,104,72,30,78,77,6,62,43,91" hai3="53,107,40,0,131,29,102,34,13,101,127,125,55"/><T27/><D112/><U103/><E123/><V1/><F121/><W48/><G0/><T93/><D70/><U89/><E73/><V42/><F1/><W109/><G109/><T38/><D126/><N who="3" m="48137" /><G40/><T130/><D133/><U113/><E134/><V3/><F3/><W32/><G131/><T69/><D69/><U46/><E113/><V80/><F104/><W18/><G53/><T132/><D132/><U108/><E108/><V52/><F43/><W74/><G74/><T26/><D130/><U96/><E79/><V5/><F30/><W100/><G29/><T9/><D67/><U64/><E59/><N who="2" m="35175" /><F72/><W14/><G107/><T99/><D66/><U22/><REACH who="1" step="1"/><E103/><REACH who="1" ten="250,240,250,250" step="2"/><V16/><F78/><W75/><G75/><T129/><D129/><U124/><E124/><V118/><F77/><W41/><G101/><T110/><D110/><U88/><E88/><V2/><F91/><W106/><G100/><T111/><D111/><U24/><E24/><V87/><F118/><W85/><G102/><T76/><D76/><U122/><E122/><V135/><F135/><W71/><G106/><T31/><D31/><U49/><E49/><N who="2" m="26871" /><F2/><W114/><G114/><T68/><D27/><U39/><E39/><V95/><F80/><W17/><G48/><T97/><D28/><U117/><E117/><V105/><F105/><W115/><G115/><T54/><D68/><U45/><E45/><V81/><F81/><W94/><G71/><T82/><D82/><U25/><E25/><V11/><AGARI ba="0,1" hai="5,6,11,12,16,87,90,95" m="26871,35175" machi="11" ten="30,7900,0" yaku="8,1,52,1,54,2" doraHai="10" who="2" fromWho="2" sc="250,-39,240,-20,250,89,250,-20" /><INIT seed="1,0,0,5,0,40" ten="211,220,339,230" oya="1" hai0="80,32,43,13,126,63,135,19,79,47,23,120,35" hai1="51,102,45,24,83,94,114,16,130,14,20,73,52" hai2="44,109,101,103,21,33,68,82,110,70,117,54,49" hai3="112,57,88,38,53,113,131,125,115,108,55,22,132"/><U90/><E114/><V41/><F117/><W122/><G122/><T77/><D120/><U76/><E130/><V74/><F33/><W95/><G38/><T62/><D126/><U119/><E119/><V26/><F74/><W67/><G131/><T133/><D32/><U104/><E104/><V30/><F82/><W29/><G125/><T37/><D35/><U78/><E78/><V60/><F54/><W91/><G108/><N who="2" m="41577" /><F60/><W89/><G132/><N who="0" m="50763" /><D79/><U107/><E107/><V34/><F34/><W85/><G67/><T18/><D19/><U97/><REACH who="1" step="1"/><E24/><REACH who="1" ten="211,210,339,230" step="2"/><V72/><F72/><AGARI ba="0,1" hai="13,18,23,37,43,47,62,63,72,77,80" m="50763" machi="72" ten="30,2000,0" yaku="20,1,52,1" doraHai="40" who="0" fromWho="2" sc="211,30,210,0,339,-20,230,0" /><INIT seed="2,0,0,1,3,121" ten="241,210,319,230" oya="2" hai0="9,110,46,108,38,123,27,133,131,23,24,71,25" hai1="39,116,124,107,66,72,22,127,55,1,43,49,117" hai2="86,52,45,32,122,50,56,47,7,34,53,48,69" hai3="60,120,82,113,61,31,37,68,90,0,20,91,112"/><V97/><F122/><W101/><G37/><T98/><D123/><U30/><E72/><V128/><F69/><W78/><G0/><T83/><D71/><U80/><E80/><V96/><F128/><W119/><G119/><N who="1" m="45642" /><E107/><V74/><F86/><W51/><G120/><T65/><D131/><U54/><E1/><V105/><F7/><W15/><G101/><T12/><D65/><U62/><E22/><V114/><F56/><W42/><G112/><T4/><D98/><U85/><E85/><V41/><F41/><W18/><G113/><T28/><D83/><U95/><E95/><V76/><F114/><W134/><G134/><T40/><D133/><U94/><E94/><V109/><F105/><W64/><G61/><T125/><D125/><N who="1" m="48203" /><E30/><V100/><F100/><W57/><G31/><T2/><D2/><U67/><E39/><V58/><F76/><W17/><G17/><T102/><D102/><U103/><E103/><V79/><F79/><W135/><G135/><T33/><REACH who="0" step="1"/><D25/><REACH who="0" ten="231,210,319,230" step="2"/><U10/><E67/><V89/><F96/><W70/><G70/><T13/><D13/><U129/><E129/><V35/><F97/><W73/><G68/><T36/><D36/><U130/><E130/><V5/><F74/><W21/><G73/><T84/><D84/><U75/><E75/><V14/><F14/><N who="3" m="9303" /><G82/><T99/><D99/><U126/><E126/><V26/><F26/><W29/><G78/><T87/><D87/><U106/><E106/><V6/><F89/><W93/><G15/><T59/><D59/><N who="1" m="37215" /><E10/><V115/><F115/><W44/><G93/><T77/><D77/><RYUUKYOKU ba="0,1" sc="231,10,210,10,319,-30,230,10" hai0="4,9,12,23,24,27,28,33,38,40,46,108,110" hai1="43,49,54,55" hai3="21,29,42,44,51,57,60,64,90,91" /><INIT seed="3,1,1,4,3,19" ten="241,220,289,240" oya="3" hai0="116,0,76,29,47,18,1,132,134,61,96,26,55" hai1="15,73,2,87,52,120,6,36,129,57,126,39,71" hai2="98,62,125,59,25,53,135,13,92,14,33,40,60" hai3="41,3,93,56,112,58,115,85,99,119,54,80,102"/><W7/><G119/><T12/><D76/><U78/><E71/><V65/><F135/><N who="0" m="51754" /><D96/><U38/><E120/><V101/><F125/><W133/><G133/><T81/><D81/><U95/><E126/><V22/><F40/><W108/><G41/><T75/><D75/><U46/><E2/><N who="0" m="1129" /><D47/><U67/><E46/><V111/><F33/><W94/><G108/><T34/><D61/><U48/><E129/><V4/><F4/><W66/><G66/><T127/><D55/><U104/><E104/><V49/><F111/><W77/><G94/><T105/><D105/><U42/><E42/><V123/><F123/><W32/><G32/><T103/><D103/><U5/><E67/><V70/><F60/><W37/><G37/><T97/><D97/><U124/><E124/><V110/><F110/><W122/><G122/><T51/><D51/><U20/><E73/><V121/><F121/><W17/><G56/><T45/><D45/><U130/><E130/><V35/><F35/><W72/><G72/><T69/><D69/><U114/><E114/><V118/><F118/><W21/><G58/><T79/><D79/><U23/><E78/><V83/><F83/><W107/><G54/><T86/><D86/><U43/><E43/><V10/><F10/><N who="3" m="2431" /><G107/><T106/><D106/><U16/><E87/><V8/><F8/><W27/><G112/><T128/><D127/><U11/><E95/><V31/><AGARI ba="1,1" hai="13,14,22,25,31,49,53,59,62,65,70,92,98,101" machi="31" ten="20,2700,0" yaku="0,1,7,1,52,1" doraHai="19" who="2" fromWho="2" sc="241,-8,220,-8,289,40,240,-14" owari="233,3.0,212,-29.0,329,43.0,226,-17.0" /></mjloggm>