<mjloggm ver="2.3"><GO type="41" lobby="0"/><UN n0="%E3%81%9F%E3%81%A3%E3%81%91%E3%83%BC" n1="%E5%B0%B1%E6%B4%BB%E7%94%9F%40%E5%B7%9D%E6%9D%91%E8%BB%8D%E5%9B%A3" n2="%E3%83%97%E3%83%AC%E3%82%B9%E3%83%97" n3="%73%6E%6F%77%6E%79" dan="14,14,15,14" rate="1921.20,1949.26,1990.27,2012.07" sx="M,M,M,M"/><TAIKYOKU oya="0"/><INIT seed="0,0,0,0,5,10" ten="250,250,250,250" oya="0" hai0="125,99,41,120,59,64,134,72,131,40,113,96,44" hai1="23,19,65,21,127,114,30,78,110,46,80,121,94" hai2="7,68,69,61,71,57,126,14,100,116,62,89,0" hai3="1,112,66,50,70,18,13,88,8,109,37,26,22"/><T38/><D120/><U28/><E121/><V83/><F0/><W133/><G37/><T52/><D113/><U29/><E110/><V106/><F116/><W51/><G112/><T111/><D111/><U39/><E127/><V103/><F126/><W79/><G79/><T81/><D125/><U135/><E135/><V84/><F106/><W17/><G133/><T12/><D134/><U119/><E119/><V107/><F107/><W91/><G109/><T85/><D131/><U25/><E114/><V27/><F27/><W122/><G122/><T47/><D72/><U53/><E65/><V86/><F86/><W117/><G117/><T108/><D64/><U60/><E94/><V42/><F42/><W93/><G1/><T76/><D108/><U102/><E102/><V82/><F82/><W58/><G70/><T130/><D130/><U75/><E39/><V123/><F62/><N who="3" m="38231" /><G91/><T90/><D76/><U87/><E75/><V35/><F35/><W124/><G124/><T74/><D74/><U3/><E3/><V77/><F77/><W63/><G63/><T32/><D32/><U98/><E98/><AGARI ba="0,0" hai="8,13,17,18,22,26,50,51,88,93,98" m="38231" machi="98" ten="30,3900,0" yaku="8,1,52,1,54,1" doraHai="10" who="3" fromWho="1" sc="250,0,250,-39,250,0,250,39" /><INIT seed="1,0,0,0,2,40" ten="250,211,250,289" oya="1" hai0="129,56,81,135,37,130,110,52,20,90,64,94,57" hai1="22,12,36,53,21,133,68,69,95,70,120,34,51" hai2="49,50,15,92,38,75,97,114,30,78,19,8,134" hai3="83,84,73,17,25,117,71,128,111,14,23,121,74"/><U59/><E120/><V63/><F38/><W1/><G71/><T33/><D110/><U112/><E34/><V108/><F114/><W79/><G111/><T122/><D122/><U7/><E112/><V48/><F108/><W9/><G128/><T28/><D33/><U13/><E36/><V102/><F134/><W67/><G67/><T87/><D135/><U89/><E133/><V77/><F75/><W125/><G121/><T47/><D64/><U98/><REACH who="1" step="1"/><E7/><REACH who="1" ten="250,201,250,289" step="2"/><V76/><F30/><W105/><G117/><T4/><D4/><U29/><E29/><V11/><REACH who="2" step="1"/><F63/><REACH who="2" ten="250,201,240,289" step="2"/><W16/><G125/><T109/><D109/><U32/><E32/><V43/><F43/><W123/><G123/><T119/><D119/><U72/><E72/><V127/><F127/><W118/><G118/><T96/><D130/><U82/><E82/><V31/><F31/><W131/><G131/><T80/><D129/><U6/><E6/><V101/><F101/><W61/><G61/><T54/><D81/><U62/><E62/><V35/><F35/><W45/><G73/><T66/><D80/><U106/><E106/><V46/><F46/><W103/><G74/><T41/><D28/><U113/><E113/><V132/><F132/><W93/><G105/><T65/><D47/><U0/><E0/><V24/><F24/><W116/><G1/><T42/><D37/><U18/><E18/><V88/><F88/><W99/><G116/><T58/><D90/><U91/><E91/><V115/><F115/><W124/><G124/><T60/><D60/><U39/><E39/><V100/><F100/><RYUUKYOKU ba="0,2" sc="250,-30,201,10,240,10,289,10" hai1="12,13,21,22,51,53,59,68,69,70,89,95,98" hai2="8,11,15,19,48,49,50,76,77,78,92,97,102" hai3="9,14,16,17,23,25,45,79,83,84,93,99,103" /><INIT seed="1,1,2,3,1,110" ten="220,211,250,299" oya="1" hai0="63,111,73,100,52,24,6,27,30,131,46,124,56" hai1="44,10,114,66,106,105,92,54,78,108,5,91,3" hai2="35,104,62,40,86,7,59,77,87,15,61,94,93" hai3="96,43,32,4,132,50,1,135,18,31,123,42,85"/><U29/><E114/><V25/><F104/><W122/><G4/><T20/><D111/><U72/><E108/><V48/><F35/><W121/><G1/><T113/><D124/><U70/><E29/><V45/><F25/><W53/><G31/><T33/><D131/><U11/><E11/><V115/><F115/><W88/><G32/><T79/><D113/><U60/><E78/><V125/><F125/><W12/><G96/><T118/><D118/><U8/><E8/><N who="2" m="4511" /><F86/><W130/><G130/><T99/><D6/><U39/><E72/><V67/><F62/><W129/><G129/><T26/><D33/><U9/><E9/><V0/><F0/><W71/><G71/><T69/><D69/><U16/><E16/><V34/><F34/><W89/><G89/><T58/><D46/><U117/><E117/><V97/><F97/><W112/><G112/><T19/><D30/><U2/><E2/><V128/><F128/><W126/><G126/><T90/><D100/><U51/><REACH who="1" step="1"/><E39/><REACH who="1" ten="220,201,250,299" step="2"/><V13/><F77/><W49/><G18/><T107/><D79/><U17/><E17/><V36/><F36/><W68/><G123/><T120/><D73/><U133/><E133/><V55/><F13/><W103/><G12/><T83/><D120/><U57/><E57/><V95/><F87/><AGARI ba="1,3" hai="3,5,10,44,51,54,60,66,70,87,91,92,105,106" machi="87" ten="30,2900,0" yaku="1,1,7,1,53,0" doraHai="110" doraHaiUra="74" who="1" fromWho="2" sc="220,0,201,62,250,-32,299,0" /><INIT seed="1,2,0,2,2,15" ten="220,263,218,299" oya="1" hai0="97,68,4,89,16,57,86,5,26,56,120,10,85" hai1="100,134,87,21,12,129,111,94,113,14,20,103,6" hai2="29,25,58,108,38,110,92,90,1,8,82,71,76" hai3="122,35,42,28,96,64,83,124,67,114,44,65,52"/><U24/><E113/><V53/><F71/><W62/><G114/><T84/><D68/><U112/><E112/><V75/><F38/><W119/><G122/><T116/><D116/><U104/><E104/><V77/><F77/><W36/><G124/><T48/><D120/><U115/><E115/><V40/><F40/><W34/><G119/><T121/><D121/><U128/><E134/><V30/><F1/><W72/><G96/><T61/><D48/><U11/><E111/><V2/><F2/><W132/><G132/><T54/><D57/><U133/><E133/><V95/><F8/><W135/><G28/><T31/><D10/><U93/><E87/><V49/><F30/><W88/><G72/><T41/><D41/><U125/><E125/><V99/><F92/><W0/><G0/><T106/><D31/><U18/><E94/><V46/><F46/><W73/><G73/><T51/><D51/><U27/><E14/><V32/><AGARI ba="2,0" hai="25,29,32,49,53,58,75,76,82,90,95,99,108,110" machi="32" ten="30,1100,0" yaku="0,1" doraHai="15" who="2" fromWho="2" sc="220,-5,263,-7,218,17,299,-5" /><INIT seed="2,0,0,0,2,68" ten="215,256,235,294" oya="2" hai0="44,80,76,131,74,132,37,26,61,123,2,54,65" hai1="99,105,88,52,66,107,62,13,56,9,72,118,10" hai2="21,40,1,17,130,55,25,16,14,85,127,49,39" hai3="102,78,114,36,101,128,4,53,8,119,19,43,3"/><V23/><F1/><W135/><G128/><T67/><D123/><U70/><E72/><V71/><F71/><W95/><G135/><T46/><D131/><U59/><E118/><V5/><F130/><W73/><G119/><T113/><D113/><U58/><E9/><V63/><F5/><W45/><G95/><T18/><D132/><U32/><E32/><V29/><F127/><W98/><G98/><T82/><D67/><U41/><E41/><V109/><F109/><W93/><G93/><T92/><D92/><U7/><E107/><V83/><F39/><W110/><G110/><T15/><D26/><U28/><E28/><V111/><F111/><W33/><G33/><T60/><D2/><U11/><E11/><V51/><F40/><W129/><G129/><T47/><D82/><U134/><E134/><V22/><F63/><W20/><G53/><T57/><D37/><U100/><REACH who="1" step="1"/><E88/><REACH who="1" ten="215,246,235,294" step="2"/><N who="2" m="51263" /><F55/><AGARI ba="0,1" hai="7,10,13,52,55,56,58,59,62,66,70,99,100,105" machi="55" ten="40,2600,0" yaku="1,1,54,1,53,0" doraHai="68" doraHaiUra="24" who="1" fromWho="2" sc="215,0,246,36,235,-26,294,0" /><INIT seed="3,0,0,1,4,91" ten="215,282,209,294" oya="3" hai0="104,66,125,97,9,35,72,28,38,98,25,63,87" hai1="131,49,127,67,132,21,50,6,134,88,128,95,39" hai2="33,10,42,16,30,116,84,103,126,5,19,13,69" hai3="108,18,99,2,55,86,48,36,114,31,122,130,32"/><W26/><G36/><T14/><D72/><U121/><E39/><V53/><F69/><W82/><G2/><T113/><D125/><U54/><E121/><V123/><F103/><W45/><G122/><T52/><D38/><U110/><E110/><V96/><F96/><W17/><G114/><T102/><D113/><U101/><E101/><V70/><F70/><W78/><G130/><N who="1" m="49706" /><E6/><V81/><F123/><W60/><G108/><T24/><D87/><N who="1" m="52639" /><E67/><V12/><F42/><W0/><G0/><T37/><D98/><U124/><E21/><V75/><F75/><W61/><G61/><T111/><D111/><U43/><E43/><V4/><F53/><W3/><G3/><T73/><D73/><U56/><E49/><V34/><F126/><AGARI ba="0,0" hai="50,54,56,124,126,127,132,134" m="52639,49706" machi="126" ten="30,12000,2" yaku="30,2,18,1,19,1,52,1,54,1" doraHai="91" who="1" fromWho="2" sc="215,0,282,120,209,-120,294,0" /><INIT seed="4,0,0,0,1,14" ten="215,402,89,294" oya="0" hai0="42,35,96,2,1,95,58,106,8,85,47,90,66" hai1="37,23,71,62,70,4,32,121,92,87,105,134,40" hai2="117,109,133,103,76,22,60,118,59,91,10,75,41" hai3="61,54,124,107,38,101,48,125,77,130,99,43,112"/><T9/><D35/><U73/><E32/><V135/><F103/><W69/><G77/><T50/><D2/><U65/><E73/><V29/><F75/><W51/><G51/><T17/><D1/><U44/><E105/><V79/><F41/><W120/><G112/><T12/><D106/><U64/><E121/><V27/><F109/><W45/><G130/><T129/><D129/><U78/><E134/><N who="2" m="51211" /><F91/><W53/><G120/><T72/><D72/><U131/><E131/><V115/><F10/><W113/><G113/><T11/><D96/><U0/><E0/><V56/><F115/><W20/><G20/><T104/><D104/><U18/><E4/><V36/><F36/><W102/><G101/><T3/><D3/><U82/><E92/><V127/><F127/><W80/><G80/><T111/><D111/><U88/><E65/><N who="2" m="39047" /><F59/><W7/><G7/><T74/><D74/><U86/><E71/><V100/><F100/><W132/><G132/><T94/><D94/><U126/><E126/><N who="3" m="48746" /><G38/><T33/><D33/><U19/><E23/><V30/><F30/><W128/><G128/><T67/><D58/><U55/><E78/><AGARI ba="0,0" hai="22,27,29,76,78,79,117,118" m="39047,51211" machi="78" ten="30,1000,0" yaku="20,1" doraHai="14" who="2" fromWho="1" sc="215,0,402,-10,89,10,294,0" /><INIT seed="5,0,0,0,0,91" ten="215,392,99,294" oya="1" hai0="102,109,47,70,57,56,32,95,74,7,101,88,63" hai1="100,81,126,135,64,33,96,27,92,46,34,25,67" hai2="108,53,134,49,110,54,38,123,9,36,113,11,78" hai3="77,20,60,0,30,73,26,6,84,117,65,114,75"/><U18/><E126/><V68/><F78/><W15/><G114/><T10/><D109/><U59/><E135/><V128/><F11/><W103/><G103/><T51/><D74/><U93/><E46/><V17/><F17/><W1/><G117/><T98/><D32/><U52/><E34/><V5/><F9/><W107/><G107/><T94/><D70/><U104/><E33/><V86/><F86/><W80/><G15/><N who="0" m="5599" /><D63/><N who="1" m="36327" /><E104/><V115/><F5/><W90/><G6/><T55/><D102/><N who="1" m="60679" /><E81/><V124/><F68/><W12/><G12/><T76/><D76/><U131/><E131/><V133/><F128/><W35/><G35/><T118/><D118/><U31/><E31/><V87/><F87/><AGARI ba="0,0" hai="47,51,55,56,57,87,88,94,95,98,101" m="5599" machi="87" ten="30,7700,0" yaku="8,1,52,2,54,1" doraHai="91" who="0" fromWho="2" sc="215,77,392,0,99,-77,294,0" /><INIT seed="6,0,0,2,2,45" ten="292,392,22,294" oya="2" hai0="27,89,76,74,81,72,54,29,52,56,111,35,113" hai1="110,4,66,28,86,121,109,44,67,19,77,70,114" hai2="71,6,42,117,36,128,124,7,9,83,126,3,51" hai3="49,116,119,125,123,93,53,59,41,23,17,100,80"/><V97/><F117/><W127/><G123/><T50/><D111/><U37/><E121/><V131/><F71/><W99/><G80/><T98/><D113/><U14/><E114/><V103/><F36/><W104/><G104/><T87/><D54/><U48/><E37/><V130/><F83/><W32/><G32/><T31/><D31/><U78/><E4/><V115/><F115/><W118/><REACH who="3" step="1"/><G41/><REACH who="3" ten="292,392,22,284" step="2"/><T20/><D35/><U21/><E110/><V62/><F7/><W64/><G64/><T16/><D29/><U73/><E109/><V38/><F38/><W47/><G47/><T96/><D72/><U34/><E34/><V61/><F42/><W107/><G107/><T75/><D75/><U18/><E73/><V65/><F51/><W69/><G69/><T88/><D74/><U1/><E67/><V24/><F24/><AGARI ba="0,1" hai="17,23,24,49,53,59,93,99,100,116,118,119,125,127" machi="24" ten="40,2600,0" yaku="1,1,52,1,53,0" doraHai="45" doraHaiUra="2" who="3" fromWho="2" sc="292,0,392,0,22,-26,284,36" owari="292,-11.0,392,49.0,-4,-50.0,320,12.0" /></mjloggm>