<mjloggm ver="2.3"><GO type="97" lobby="0"/><UN n0="%6E%65%73%69%65%72" n1="%E7%A2%A7%E9%AD%82" n2="%E3%83%88%E3%83%88%E3%83%AA%E5%85%88%E7%94%9F%31%39%E6%AD%B3" n3="%7A%6F%6D%62%69%65%39" dan="15,15,14,14" rate="1940.85,2027.36,2036.61,1966.06" sx="M,M,F,F"/><TAIKYOKU oya="0"/><INIT seed="0,0,0,2,2,44" ten="250,250,250,250" oya="0" hai0="97,36,13,23,26,103,49,27,75,41,22,91,17" hai1="95,62,123,67,83,66,78,40,63,58,8,64,85" hai2="3,107,114,92,24,18,89,113,31,104,29,51,131" hai3="84,38,98,15,128,110,61,101,35,55,90,108,53"/><T77/><D36/><U10/><E123/><V93/><F3/><W80/><G38/><T19/><D75/><U76/><E95/><V119/><F131/><W48/><G35/><T94/><D77/><U12/><E40/><V2/><F2/><W125/><G128/><T47/><REACH who="0" step="1"/><D13/><REACH who="0" ten="240,250,250,250" step="2"/><U57/><E78/><V54/><F114/><W32/><G15/><T5/><D5/><N who="1" m="3087" /><E10/><V70/><F113/><W46/><G110/><T1/><D1/><U130/><E130/><V0/><F0/><W50/><G108/><T6/><D6/><U65/><AGARI ba="0,1" hai="57,58,62,63,64,65,66,67,76,83,85" m="3087" machi="65" ten="30,1100,0" yaku="8,1" doraHai="44" who="1" fromWho="1" sc="240,-5,250,21,250,-3,250,-3" /><INIT seed="1,0,0,1,2,122" ten="235,271,247,247" oya="1" hai0="34,103,120,124,58,126,114,40,106,46,95,19,76" hai1="33,43,60,15,47,98,129,79,97,96,132,127,65" hai2="4,78,23,119,99,41,85,25,62,70,118,88,29" hai3="28,55,22,71,116,54,135,111,107,27,39,104,0"/><U92/><E33/><V45/><F78/><W49/><G0/><T17/><D106/><U91/><E129/><V117/><F99/><W14/><G39/><T18/><D114/><U11/><E132/><V68/><F4/><W61/><G135/><T5/><D120/><U83/><E127/><N who="0" m="48681" /><D34/><U57/><E43/><V75/><F75/><W35/><G116/><T36/><D76/><U93/><E47/><V74/><F74/><W13/><G107/><T56/><D5/><U113/><E113/><V44/><F62/><W109/><G104/><T73/><D73/><U42/><E42/><V72/><F72/><W10/><G35/><T84/><D103/><U89/><E79/><V50/><REACH who="2" step="1"/><F44/><REACH who="2" ten="235,271,237,247" step="2"/><N who="3" m="27943" /><G61/><T101/><D101/><N who="1" m="60551" /><E98/><V12/><F12/><W121/><G13/><T6/><D6/><N who="1" m="3575" /><E83/><AGARI ba="0,1" hai="23,25,29,41,45,50,68,70,83,85,88,117,118,119" machi="83" ten="40,8000,1" yaku="1,1,54,1,53,2" doraHai="122" doraHaiUra="64" who="2" fromWho="1" sc="235,0,271,-80,237,90,247,0" /><INIT seed="2,0,0,4,5,11" ten="235,191,327,247" oya="2" hai0="76,101,13,14,49,78,45,86,82,99,9,73,5" hai1="56,44,4,89,71,119,8,108,125,55,131,115,28" hai2="94,6,133,106,43,102,65,116,46,15,72,129,7" hai3="53,61,87,63,0,132,85,30,93,26,118,58,110"/><V17/><F116/><W70/><G0/><T69/><D69/><U124/><E71/><V103/><F72/><W83/><G118/><T117/><D117/><U126/><E115/><V67/><F129/><W88/><G110/><T37/><D37/><U16/><E119/><V111/><F106/><W77/><G132/><T92/><D73/><U39/><E28/><V38/><F133/><W59/><G70/><T127/><D127/><N who="1" m="32515" /><U105/><DORA hai="135" /><E105/><V130/><F130/><W100/><G100/><T109/><D109/><U81/><E131/><V54/><F103/><W33/><G59/><T18/><D76/><U123/><E108/><V75/><F111/><W50/><AGARI ba="0,0" hai="26,30,33,50,53,58,61,63,77,83,85,87,88,93" machi="50" ten="20,2700,0" yaku="0,1,7,1,54,1" doraHai="11,135" who="3" fromWho="3" sc="235,-7,191,-7,327,-13,247,27" /><INIT seed="3,0,0,3,2,98" ten="228,184,314,274" oya="3" hai0="9,131,127,116,118,69,82,70,1,22,30,59,37" hai1="101,133,96,54,34,38,24,60,93,20,110,91,40" hai2="6,50,26,32,128,73,67,62,18,41,21,64,95" hai3="72,7,57,87,132,86,75,27,2,56,13,61,85"/><W80/><G2/><T109/><D37/><U25/><E110/><V125/><F73/><W111/><G111/><T28/><D109/><U90/><E133/><V77/><F32/><W55/><G132/><T47/><D1/><U89/><E34/><V29/><F77/><W92/><G27/><T12/><D127/><U134/><E134/><V46/><F125/><W121/><G121/><T58/><D131/><U5/><E5/><V53/><F128/><W45/><G45/><T119/><D47/><U23/><E38/><V42/><F6/><W103/><G72/><T124/><D124/><U78/><E78/><V83/><F83/><W76/><G57/><T33/><D59/><U117/><E117/><V104/><F104/><W63/><G63/><T43/><D58/><U106/><E40/><N who="2" m="15467" /><F62/><W120/><G120/><T19/><D43/><U11/><E11/><V84/><F29/><W14/><REACH who="3" step="1"/><G7/><REACH who="3" ten="228,184,314,264" step="2"/><T122/><D122/><U66/><E54/><V71/><F71/><W130/><G130/><T113/><D70/><U68/><E106/><V15/><F26/><W52/><G52/><T88/><D118/><U123/><E123/><V39/><F39/><W10/><G10/><T8/><D9/><U49/><E49/><V35/><F35/><W0/><G0/><T129/><D8/><U107/><E107/><V114/><F114/><W97/><AGARI ba="0,1" hai="13,14,55,56,61,75,76,80,85,86,87,92,97,103" machi="97" ten="30,6000,0" yaku="1,1,0,1,52,1,53,0" doraHai="98" doraHaiUra="4" who="3" fromWho="3" sc="228,-20,184,-20,314,-20,264,70" owari="208,-19.0,164,-34.0,294,9.0,334,44.0" /></mjloggm>