<mjloggm ver="2.3"><GO type="41" lobby="0"/><UN n0="%E5%B0%B1%E6%B4%BB%E7%94%9F%40%E5%B7%9D%E6%9D%91%E8%BB%8D%E5%9B%A3" n1="%E3%82%89%E3%83%BB%E3%81%9B%E3%83%BB%E3%82%89%E2%99%AA" n2="%E9%AB%98%E6%A7%BB%E3%82%84%E3%82%88%E3%81%84%E2%98%86" n3="%64%6F%6E%61%69%79%61" dan="15,13,15,14" rate="1992.70,1923.24,1970.44,1956.06" sx="M,M,F,M"/><TAIKYOKU oya="0"/><INIT seed="0,0,0,4,5,132" ten="250,250,250,250" oya="0" hai0="83,22,119,90,21,67,1,77,98,64,87,131,62" hai1="95,43,33,42,44,45,128,118,78,17,40,59,102" hai2="14,106,81,4,79,127,82,69,68,70,34,85,46" hai3="37,124,123,56,89,30,115,31,134,107,114,121,19"/><T100/><D1/><U103/><E118/><V26/><F106/><W120/><G37/><T61/><D119/><U52/><E33/><V2/><F2/><W101/><G56/><T113/><D113/><N who="3" m="43017" /><G89/><T65/><D131/><U57/><E128/><V15/><F81/><W75/><G75/><T73/><D61/><U16/><E59/><V86/><F86/><W9/><G101/><N who="1" m="38410" /><E78/><V29/><F4/><W0/><G107/><T109/><D109/><U51/><E95/><V94/><F94/><W66/><G66/><T48/><D62/><N who="1" m="36135" /><E45/><V80/><F46/><W12/><G134/><T135/><D135/><U76/><E76/><V110/><F82/><W55/><G55/><AGARI ba="0,0" hai="16,17,40,42,43,44,51,55" m="36135,38410" machi="55" ten="30,3900,0" yaku="8,1,54,2" doraHai="132" who="1" fromWho="3" sc="250,0,250,39,250,0,250,-39" /><INIT seed="1,0,0,1,3,110" ten="250,289,250,211" oya="1" hai0="27,45,6,18,0,55,47,89,31,29,88,130,92" hai1="96,129,36,3,43,86,71,59,82,22,61,122,132" hai2="54,85,84,124,52,35,107,13,108,14,81,98,100" hai3="112,48,79,62,40,106,10,121,26,115,4,80,1"/><U102/><E71/><V114/><F108/><W91/><G121/><T32/><D130/><U58/><E122/><V19/><F124/><W49/><G106/><T44/><D0/><U34/><E34/><V93/><F35/><W128/><G128/><T125/><D125/><U119/><E129/><V15/><F114/><W56/><G26/><T16/><D6/><U33/><E33/><V126/><F126/><W70/><G91/><T116/><D116/><U68/><E68/><V97/><F19/><W57/><G70/><T76/><D31/><U120/><E3/><V103/><REACH who="2" step="1"/><F85/><REACH who="2" ten="250,289,240,211" step="2"/><W28/><G28/><T5/><D5/><U51/><E120/><V127/><F127/><W30/><G30/><T60/><D76/><AGARI ba="0,1" hai="13,14,15,52,54,76,81,84,93,97,98,100,103,107" machi="76" ten="40,2600,0" yaku="1,1,54,1,53,0" doraHai="110" doraHaiUra="104" who="2" fromWho="0" sc="250,-26,289,0,240,36,211,0" /><INIT seed="2,0,0,1,3,37" ten="224,289,276,211" oya="2" hai0="7,72,88,69,48,122,123,15,111,89,103,44,132" hai1="33,119,109,14,95,39,81,113,108,56,3,90,52" hai2="78,19,22,8,38,53,135,51,54,59,118,96,64" hai3="70,82,66,83,100,106,43,128,13,42,80,91,73"/><V58/><F118/><W60/><G128/><T65/><D72/><U4/><E3/><V101/><F38/><W98/><G73/><T67/><D132/><U28/><E39/><V31/><F64/><W61/><G61/><T2/><D2/><U57/><E119/><V94/><F135/><W6/><G91/><T117/><D117/><U131/><E57/><V87/><F31/><W130/><G130/><T68/><D111/><U30/><E81/><V49/><F8/><W63/><G63/><T116/><D116/><U40/><E40/><V104/><F104/><W10/><AGARI ba="0,0" hai="6,10,13,42,43,60,66,70,80,82,83,98,100,106" machi="10" ten="30,4000,0" yaku="0,1,52,2" doraHai="37" who="3" fromWho="3" sc="224,-10,289,-10,276,-20,211,40" /><INIT seed="3,0,0,1,2,58" ten="214,279,256,251" oya="3" hai0="38,91,108,53,75,24,60,8,122,44,104,26,7" hai1="66,25,116,11,132,110,88,100,48,21,123,6,36" hai2="39,107,9,86,17,127,61,41,133,64,78,130,18" hai3="37,106,13,74,94,135,134,33,83,16,126,63,128"/><W87/><G37/><T35/><D122/><U10/><E36/><V67/><F107/><W131/><G106/><T105/><D108/><U32/><E110/><V56/><F130/><N who="3" m="49707" /><G33/><T99/><D75/><U84/><E32/><V27/><F127/><W79/><G126/><T117/><D117/><U65/><E100/><V43/><F39/><W49/><G49/><T120/><D120/><U69/><E123/><V97/><F97/><W70/><G94/><T28/><D24/><U51/><E116/><V62/><F133/><N who="3" m="50699" /><G70/><T52/><D38/><U30/><E132/><V68/><F18/><W80/><G80/><T57/><D44/><U23/><E23/><V20/><REACH who="2" step="1"/><F9/><REACH who="2" ten="214,279,246,251" step="2"/><N who="3" m="6191" /><G74/><T92/><REACH who="0" step="1"/><D53/><REACH who="0" ten="204,279,246,251" step="2"/><U103/><E6/><V12/><F12/><AGARI ba="0,2" hai="7,8,12,26,28,35,52,57,60,91,92,99,104,105" machi="12" ten="30,8000,1" yaku="1,1,2,1,7,1,52,1,54,1,53,0" doraHai="58" doraHaiUra="118" who="0" fromWho="2" sc="204,100,279,0,246,-80,251,0" /><INIT seed="4,0,0,2,5,127" ten="304,279,166,251" oya="0" hai0="69,101,74,61,99,87,102,57,94,86,23,119,131" hai1="44,118,7,28,37,51,59,35,25,10,64,31,76" hai2="83,17,120,135,124,129,103,114,16,89,52,33,125" hai3="1,90,3,68,24,20,79,53,47,123,134,96,62"/><T32/><D32/><U11/><E118/><V121/><F33/><W72/><G134/><T116/><D69/><U98/><E37/><V80/><F135/><W45/><G123/><N who="2" m="47177" /><F114/><W115/><G115/><T104/><D74/><U93/><E31/><V60/><F103/><W29/><G47/><T40/><D40/><U133/><E133/><V55/><F129/><W8/><G8/><T95/><D23/><U6/><E76/><V12/><F60/><W22/><G22/><T56/><D61/><U109/><E109/><V19/><F12/><W132/><G132/><T105/><REACH who="0" step="1"/><D99/><REACH who="0" ten="294,279,166,251" step="2"/><U106/><E98/><V66/><F124/><W122/><G62/><T13/><D13/><U65/><E11/><V108/><F125/><W112/><G96/><T49/><D49/><U15/><E15/><V107/><F108/><W5/><G72/><T100/><D100/><U81/><E10/><V39/><F39/><W58/><G68/><T0/><D0/><U41/><E41/><V50/><F50/><W27/><G3/><T2/><D2/><U117/><E51/><V36/><F36/><W78/><G1/><T85/><D85/><U63/><E63/><V42/><F42/><W92/><G122/><T130/><AGARI ba="0,1" hai="56,57,86,87,94,95,101,102,104,105,116,119,130,131" machi="130" ten="25,24000,3" yaku="1,1,0,1,22,2,52,2,53,2" doraHai="127" doraHaiUra="97" who="0" fromWho="0" sc="294,250,279,-80,166,-80,251,-80" /><INIT seed="4,1,0,2,5,130" ten="544,199,86,171" oya="0" hai0="12,59,45,51,127,98,122,7,33,41,118,123,58" hai1="13,78,2,102,76,106,128,65,81,116,97,111,23" hai2="18,31,79,103,22,87,38,100,40,39,55,3,36" hai3="34,95,114,105,25,21,70,112,117,43,54,89,49"/><T24/><D118/><U14/><E2/><V60/><F3/><W129/><G105/><T50/><D127/><U134/><E116/><V35/><F40/><W30/><G117/><T104/><D33/><U90/><E111/><V5/><F5/><W37/><G70/><T108/><D108/><U86/><E128/><V84/><F31/><W82/><G129/><T96/><D24/><U131/><E131/><V46/><F35/><W119/><G119/><T48/><D104/><U115/><E65/><V19/><F79/><W0/><G0/><T9/><D41/><U74/><E78/><V135/><F135/><W121/><G121/><T56/><REACH who="0" step="1"/><D45/><REACH who="0" ten="534,199,86,171" step="2"/><U57/><E134/><V27/><F46/><W73/><G34/><T16/><D16/><U71/><E115/><V88/><F19/><W28/><G43/><T42/><D42/><U26/><E71/><V120/><F120/><AGARI ba="1,1" hai="7,9,12,48,50,51,56,58,59,96,98,120,122,123" machi="120" ten="50,2400,0" yaku="1,1,53,0" doraHai="130" doraHaiUra="68" who="0" fromWho="2" sc="534,37,199,0,86,-27,171,0" /><INIT seed="4,2,0,2,5,133" ten="571,199,59,171" oya="0" hai0="126,45,51,24,98,20,9,35,17,23,6,110,122" hai1="134,71,26,5,93,132,8,123,28,1,84,100,59" hai2="2,42,7,113,66,75,25,53,104,72,18,129,67" hai3="118,10,86,4,56,94,107,135,127,128,105,27,44"/><T124/><D122/><U78/><E71/><V131/><F104/><W58/><G135/><T65/><D65/><U109/><E109/><V15/><F42/><W87/><G118/><T115/><D115/><U92/><E123/><V89/><F113/><W43/><G128/><T34/><D110/><U120/><E120/><V40/><F40/><W82/><G27/><T36/><D98/><U11/><E11/><V79/><F79/><W63/><G94/><T33/><D23/><U30/><E30/><V116/><F25/><W112/><G112/><T39/><D51/><U96/><E92/><V101/><F101/><W57/><G63/><T97/><D97/><U103/><E103/><V0/><F7/><W99/><G99/><T12/><D45/><U73/><E73/><V55/><F15/><W119/><G119/><T88/><D88/><U37/><E37/><V91/><REACH who="2" step="1"/><F18/><REACH who="2" ten="571,199,49,171" step="2"/><W29/><G105/><T90/><D90/><U13/><E13/><V21/><F21/><W125/><G107/><T62/><D39/><U68/><E134/><V32/><F32/><W54/><G43/><T74/><D36/><U46/><E132/><V60/><F60/><W85/><G29/><T130/><D130/><U111/><E28/><V69/><F69/><W114/><G114/><T19/><D62/><U106/><E68/><V117/><AGARI ba="2,1" hai="0,2,53,55,66,67,72,75,89,91,116,117,129,131" machi="117" ten="25,6400,0" yaku="1,1,0,1,22,2,53,0" doraHai="133" doraHaiUra="52" who="2" fromWho="2" sc="571,-34,199,-18,49,80,171,-18" /><INIT seed="5,0,0,5,0,86" ten="537,181,129,153" oya="1" hai0="7,19,93,74,91,11,134,77,27,47,63,44,124" hai1="35,70,42,55,97,60,110,131,122,83,59,30,28" hai2="107,68,51,41,57,126,82,29,71,85,48,111,54" hai3="53,98,105,32,66,88,118,25,80,125,36,115,17"/><U78/><E122/><V104/><F111/><W128/><G36/><T23/><D124/><U10/><E110/><V132/><F126/><W109/><G109/><T4/><D134/><U58/><E70/><V116/><F116/><W3/><G125/><T43/><D63/><U13/><E42/><V87/><F29/><W99/><G3/><T133/><D133/><U5/><E131/><V2/><F2/><W21/><G128/><T24/><D24/><U62/><E97/><V121/><F132/><W103/><G118/><T67/><D67/><U6/><E5/><V9/><F9/><W81/><G32/><T1/><D7/><U106/><E106/><V79/><F121/><W34/><G34/><T114/><D114/><U15/><E13/><V89/><F68/><W75/><G115/><T90/><D93/><U0/><E0/><V113/><F71/><W112/><G112/><T123/><D123/><U45/><E45/><V76/><F113/><W39/><G39/><N who="0" m="21631" /><D47/><U101/><E101/><V119/><F119/><W16/><G66/><T84/><D84/><N who="1" m="48247" /><E35/><V49/><F79/><W33/><G33/><T31/><D31/><U40/><E40/><V127/><F127/><W52/><G75/><T64/><D64/><AGARI ba="0,0" hai="6,10,15,28,30,55,58,59,60,62,64" m="48247" machi="64" ten="30,1500,0" yaku="8,1" doraHai="86" who="1" fromWho="0" sc="537,-15,181,15,129,0,153,0" /><INIT seed="5,1,0,3,4,111" ten="522,196,129,153" oya="1" hai0="48,13,2,101,39,11,106,91,135,104,61,64,117" hai1="103,1,87,82,67,68,12,83,59,15,33,73,130" hai2="81,66,52,65,3,113,89,94,114,112,121,70,95" hai3="107,120,47,105,77,57,58,96,69,98,126,110,5"/><U37/><E1/><V8/><F121/><W30/><G69/><T29/><D39/><U27/><E37/><V6/><F70/><W45/><G110/><T56/><D2/><U53/><E68/><V23/><F23/><W131/><G5/><T55/><D135/><U19/><E67/><N who="2" m="25611" /><F52/><W72/><G30/><T134/><D134/><U50/><E103/><V90/><F81/><W125/><G77/><T85/><D29/><U25/><E130/><V62/><F62/><W102/><G102/><T26/><D26/><N who="1" m="9739" /><E33/><V17/><F17/><W92/><G92/><AGARI ba="1,0" hai="3,6,8,89,90,92,94,95,112,113,114" m="25611" machi="92" ten="40,8000,1" yaku="15,1,11,1,52,3" doraHai="111" who="2" fromWho="3" sc="522,0,196,0,129,83,153,-83" /><INIT seed="6,0,0,5,2,24" ten="522,196,212,70" oya="2" hai0="104,30,39,90,17,48,111,71,84,68,40,32,115" hai1="70,74,114,106,105,6,99,31,10,100,35,119,122" hai2="85,113,12,47,41,103,5,52,20,23,13,79,51" hai3="28,49,21,121,97,91,65,60,46,78,133,87,128"/><V11/><F113/><W16/><G121/><T36/><D104/><U132/><E106/><V14/><F103/><W43/><G128/><T125/><D111/><U117/><E114/><V94/><F41/><W82/><G133/><T95/><D115/><U126/><E132/><V4/><F4/><W18/><G97/><T29/><D125/><U3/><E126/><V61/><F61/><W38/><G78/><T92/><D32/><U81/><E70/><V75/><F75/><W42/><G38/><T55/><D39/><U116/><E122/><V124/><F124/><W107/><G107/><T102/><D36/><U9/><E9/><V56/><F47/><W25/><G43/><T93/><D40/><U130/><E130/><V45/><F45/><W8/><REACH who="3" step="1"/><G8/><REACH who="3" ten="522,196,212,60" step="2"/><T33/><D33/><U98/><E99/><V80/><F11/><W129/><G129/><T66/><D102/><U2/><E2/><V89/><F5/><W69/><AGARI ba="0,1" hai="16,18,21,25,28,42,46,49,60,65,69,82,87,91" machi="69" ten="20,12000,2" yaku="1,1,0,1,7,1,52,1,54,1,53,1" doraHai="24" doraHaiUra="83" who="3" fromWho="3" sc="522,-30,196,-30,212,-60,60,130" /><INIT seed="7,0,0,4,3,49" ten="492,166,152,190" oya="3" hai0="111,53,66,27,36,98,115,68,22,12,128,31,130" hai1="116,72,28,19,63,119,4,113,3,13,120,60,85" hai2="33,54,9,29,135,5,1,78,16,62,2,125,6" hai3="52,93,76,122,46,0,75,56,97,50,109,90,20"/><W47/><G122/><T82/><D36/><U92/><E72/><V41/><F41/><W80/><G0/><N who="2" m="105" /><F78/><W134/><G134/><T40/><D111/><U126/><E120/><V51/><F62/><W117/><G117/><N who="1" m="45130" /><E3/><V39/><F39/><W100/><G109/><T121/><D121/><U74/><E74/><V7/><F54/><W43/><G43/><T10/><D40/><U23/><E126/><V131/><F51/><W118/><G118/><T30/><D115/><U17/><E113/><V25/><F125/><W99/><REACH who="3" step="1"/><G20/><REACH who="3" ten="492,166,152,180" step="2"/><N who="0" m="15719" /><D128/><U34/><E34/><V70/><F131/><W132/><G132/><T112/><D112/><U103/><E23/><V110/><F110/><W102/><G102/><T18/><D130/><U83/><E103/><V11/><F135/><W14/><G14/><T67/><D22/><U101/><E13/><N who="2" m="7215" /><F70/><W81/><G81/><T59/><D12/><AGARI ba="0,1" hai="5,6,7,11,12,25,29,33" m="7215,105" machi="12" ten="30,12000,2" yaku="35,5,54,1" doraHai="49" who="2" fromWho="0" sc="492,-120,166,0,152,130,180,0" owari="372,47.0,166,-33.0,282,8.0,180,-22.0" /></mjloggm>