<mjloggm ver="2.3"><GO type="41" lobby="0"/><UN n0="%E3%83%99%E3%82%A2%E3%83%88%E3%83%AA%E3%83%BC%E3%83%81%E3%82%A7" n1="%E3%81%9F%E3%81%91%E3%81%8A%E3%81%8F%E3%82%93" n2="%61%74%6F%72%6E%65" n3="%E5%B0%B1%E6%B4%BB%E7%94%9F%40%E5%B7%9D%E6%9D%91%E8%BB%8D%E5%9B%A3" dan="13,14,14,14" rate="1896.11,1841.64,1919.24,2008.42" sx="F,F,M,M"/><TAIKYOKU oya="0"/><INIT seed="0,0,0,2,0,8" ten="250,250,250,250" oya="0" hai0="124,127,40,45,57,112,96,42,37,129,4,109,1" hai1="19,9,30,84,95,55,86,10,128,52,56,121,49" hai2="23,117,6,13,60,82,106,72,20,130,64,25,35" hai3="2,50,68,29,65,100,133,120,48,114,126,32,47"/><T111/><D112/><U94/><E121/><V22/><F106/><W101/><G2/><T83/><D83/><U113/><E113/><V123/><F123/><W39/><G114/><T78/><D78/><U75/><E75/><V103/><F103/><W97/><G100/><T102/><D40/><U62/><E128/><V69/><F130/><W46/><G29/><T132/><D129/><U53/><E30/><V24/><F117/><W99/><G32/><T135/><D57/><N who="1" m="32911" /><E53/><V5/><F5/><W118/><G101/><T80/><D80/><U81/><E84/><V38/><F38/><W122/><G99/><T31/><D31/><U93/><E19/><V87/><F72/><W98/><G39/><T63/><D63/><U71/><E71/><V70/><F69/><W34/><G34/><T21/><D21/><U7/><E7/><V3/><F3/><W15/><G68/><T76/><D76/><AGARI ba="0,0" hai="9,10,55,56,62,76,81,86,93,94,95" m="32911" machi="76" ten="30,2000,0" yaku="8,1,54,1" doraHai="8" who="1" fromWho="0" sc="250,-20,250,20,250,0,250,0" /><INIT seed="1,0,0,4,3,130" ten="230,270,250,250" oya="1" hai0="3,55,85,74,95,111,32,12,45,73,56,78,120" hai1="8,60,119,86,107,134,15,25,76,77,81,106,124" hai2="47,2,6,62,131,70,52,122,91,64,135,87,102" hai3="108,94,40,75,61,115,31,36,39,58,19,66,30"/><U50/><E119/><V127/><F102/><W132/><G115/><T82/><D3/><U34/><E124/><V20/><F127/><W26/><G75/><T67/><D120/><U65/><E76/><V93/><F131/><W114/><G114/><T35/><D111/><U68/><E134/><V33/><F33/><W118/><G118/><T17/><D74/><U101/><E50/><V63/><F2/><W4/><G4/><T38/><D67/><U92/><E92/><V57/><F6/><W100/><G108/><T112/><D112/><U128/><E128/><V126/><F126/><W16/><G132/><T123/><D123/><U71/><E71/><V96/><F122/><W53/><G36/><T23/><D45/><U1/><E1/><V7/><F7/><W18/><G39/><T51/><REACH who="0" step="1"/><D38/><REACH who="0" ten="220,270,250,250" step="2"/><U116/><E116/><V41/><F135/><W0/><G0/><T104/><D104/><U14/><E107/><V24/><F47/><W28/><G40/><T88/><AGARI ba="0,1" hai="12,17,23,32,35,51,55,56,73,78,82,85,88,95" machi="88" ten="30,12000,2" yaku="1,1,0,1,25,2,54,1,53,1" doraHai="130" doraHaiUra="105" who="0" fromWho="0" sc="220,130,270,-60,250,-30,250,-30" /><INIT seed="2,0,0,3,2,124" ten="350,210,220,220" oya="2" hai0="62,7,25,79,3,55,51,115,80,104,113,122,38" hai1="13,18,24,28,111,114,90,60,27,88,75,70,135" hai2="102,61,110,40,11,39,14,108,57,31,69,74,8" hai3="72,129,81,2,56,22,112,26,5,134,99,109,23"/><V103/><F74/><W17/><G99/><T93/><D38/><U92/><E114/><V4/><F69/><W120/><G72/><T78/><D122/><U119/><E119/><V73/><F73/><W126/><G81/><T19/><D104/><U95/><E75/><V41/><F31/><W133/><G56/><T6/><D80/><U10/><E111/><N who="2" m="42539" /><F39/><W127/><G109/><T98/><D6/><U76/><E76/><V116/><F116/><W44/><G44/><T85/><D85/><U1/><E135/><N who="3" m="51722" /><G120/><T45/><D62/><U35/><E1/><V53/><F11/><N who="3" m="2487" /><G112/><T117/><D117/><U12/><E24/><V21/><F21/><N who="3" m="13615" /><G129/><T68/><D68/><U82/><E82/><V15/><F15/><W65/><G65/><T107/><D113/><U30/><E30/><V89/><F89/><W100/><G100/><AGARI ba="0,0" hai="4,8,14,40,41,53,57,61,100,102,103" m="42539" machi="100" ten="30,2900,0" yaku="14,1,10,1" doraHai="124" who="2" fromWho="3" sc="350,0,210,0,220,29,220,-29" /><INIT seed="2,1,0,4,3,70" ten="350,210,249,191" oya="2" hai0="93,121,79,55,131,57,40,7,78,62,109,108,123" hai1="130,73,5,20,50,65,124,95,22,118,58,25,72" hai2="66,41,45,80,120,86,128,53,126,94,17,133,37" hai3="14,67,23,92,47,111,56,30,36,0,129,68,71"/><V35/><F120/><W42/><G0/><T24/><D131/><U134/><E118/><V83/><F35/><W61/><G129/><T132/><D132/><U10/><E130/><V6/><F6/><W117/><G117/><T69/><D7/><U28/><E134/><V91/><F133/><W97/><G111/><N who="0" m="42571" /><D69/><U21/><E124/><V8/><F126/><W99/><G99/><T114/><D114/><U26/><E72/><V2/><F128/><W98/><G98/><T64/><D64/><U51/><E73/><V84/><F66/><W113/><G113/><T104/><D104/><U63/><E95/><V74/><F53/><W119/><G119/><T31/><D93/><U88/><E88/><V52/><F52/><W90/><REACH who="3" step="1"/><G30/><REACH who="3" ten="350,210,249,181" step="2"/><T103/><D103/><U29/><REACH who="1" step="1"/><E22/><REACH who="1" ten="350,200,249,181" step="2"/><V101/><F101/><W82/><G82/><T75/><D121/><U46/><E46/><V33/><F33/><W13/><G13/><AGARI ba="1,2" hai="5,10,13,20,21,25,26,28,29,50,51,58,63,65" machi="13" ten="30,7700,0" yaku="1,1,7,1,9,1,8,1,53,0" doraHai="70" doraHaiUra="127" who="1" fromWho="3" sc="350,0,200,100,249,0,181,-80" /><INIT seed="3,0,0,2,1,77" ten="350,300,249,101" oya="3" hai0="133,6,59,94,111,43,99,34,98,51,21,38,32" hai1="23,48,110,122,56,58,103,109,123,69,52,97,3" hai2="76,70,16,67,22,132,30,28,118,106,35,108,115" hai3="74,29,54,24,95,17,114,116,37,45,20,5,1"/><W46/><G116/><T119/><D119/><U127/><E69/><V36/><F115/><W47/><G114/><T50/><D38/><U49/><E127/><V44/><F106/><W66/><G66/><T124/><D6/><U128/><E128/><V10/><F132/><W79/><G95/><T33/><D124/><U25/><E3/><V89/><F76/><W107/><G107/><T55/><D133/><U60/><E123/><V92/><F108/><N who="1" m="41577" /><E122/><V65/><F118/><W57/><G29/><N who="2" m="11369" /><F36/><W9/><G57/><T75/><D75/><U91/><E91/><V11/><F44/><W96/><G96/><T112/><D112/><U72/><E72/><V113/><F35/><W86/><G86/><T2/><D2/><U121/><E121/><V12/><F70/><W85/><G85/><T62/><D99/><U68/><E68/><V41/><F41/><W71/><G71/><T61/><D21/><U73/><E73/><V135/><F135/><W120/><G120/><T40/><D111/><U26/><E23/><V129/><F129/><W64/><G64/><N who="2" m="24649" /><F113/><W126/><G126/><T18/><D32/><U42/><E42/><V101/><F101/><W102/><G102/><T104/><D33/><U100/><E100/><V81/><F92/><W27/><G27/><N who="1" m="10250" /><E58/><V19/><F19/><W15/><G54/><T90/><D40/><U117/><E117/><V31/><F31/><W39/><REACH who="3" step="1"/><G1/><REACH who="3" ten="350,300,249,91" step="2"/><T13/><D104/><AGARI ba="0,1" hai="48,49,52,56,60,97,103,104" m="10250,41577" machi="104" ten="30,2000,0" yaku="14,1,54,1" doraHai="77" who="1" fromWho="0" sc="350,-20,300,30,249,0,91,0" /><INIT seed="4,0,0,5,1,120" ten="330,330,249,91" oya="0" hai0="50,36,9,109,27,7,2,13,33,121,92,123,132" hai1="16,94,77,95,55,56,42,134,86,10,11,119,4" hai2="6,93,84,14,22,116,131,34,85,81,122,69,19" hai3="71,135,46,64,30,133,129,105,51,21,25,130,40"/><T78/><D36/><U15/><E119/><V38/><F34/><W115/><G105/><T72/><D132/><N who="3" m="50761" /><G30/><T125/><D125/><U57/><E134/><V89/><F122/><W31/><G31/><T23/><D33/><U118/><E118/><V90/><F69/><W100/><G100/><T114/><D114/><U128/><E128/><N who="3" m="49258" /><G25/><T53/><D2/><U58/><E42/><V12/><F131/><W32/><G32/><T111/><D92/><U17/><E17/><V61/><F38/><W117/><G21/><T107/><D107/><U101/><E101/><V44/><F116/><W112/><G117/><T26/><D26/><U59/><E77/><V49/><F61/><AGARI ba="0,0" hai="40,46,51,61,64,71,112,115" m="49258,50761" machi="61" ten="40,8000,1" yaku="20,1,19,1,34,2" doraHai="120" who="3" fromWho="2" sc="330,0,330,0,249,-80,91,80" /><INIT seed="5,0,0,2,3,47" ten="330,330,169,171" oya="1" hai0="83,116,48,110,132,50,32,94,115,118,62,26,46" hai1="97,69,7,99,44,53,103,89,52,134,92,14,22" hai2="96,2,114,18,38,33,73,39,41,93,68,117,54" hai3="42,109,108,77,13,9,101,65,10,79,107,104,8"/><U63/><E134/><V55/><F73/><W45/><G65/><T102/><D110/><U61/><E69/><V31/><F2/><W70/><G70/><T66/><D132/><U80/><E80/><V85/><F68/><W67/><G67/><T133/><D133/><U71/><E71/><V120/><F120/><W128/><G13/><T88/><D118/><U57/><E44/><V72/><F72/><W135/><G135/><T3/><D3/><U64/><E64/><V12/><F117/><W121/><G121/><T4/><D46/><U122/><E122/><V56/><F41/><W19/><G19/><T112/><D4/><U23/><E7/><V78/><F31/><W28/><G28/><N who="0" m="19479" /><D116/><U17/><E23/><V16/><F33/><W125/><G125/><T5/><D5/><U126/><E126/><V34/><F34/><W30/><G30/><T60/><D60/><N who="1" m="23115" /><E57/><V58/><F85/><W1/><G1/><T87/><D102/><U123/><E123/><V95/><F78/><W131/><G45/><T25/><D25/><U20/><E20/><V6/><F6/><W90/><G101/><T98/><D62/><U124/><E124/><V86/><F86/><W100/><G100/><N who="0" m="60503" /><D66/><U24/><E24/><V91/><F114/><AGARI ba="0,0" hai="48,50,83,87,88,112,114,115" m="60503,19479" machi="114" ten="30,7700,0" yaku="15,1,52,2,54,1" doraHai="47" who="0" fromWho="2" sc="330,77,330,0,169,-77,171,0" /><INIT seed="6,0,0,2,1,8" ten="407,330,92,171" oya="2" hai0="76,6,27,119,56,90,45,101,55,97,32,93,50" hai1="106,28,4,58,94,18,92,60,111,116,126,133,113" hai2="34,115,122,15,67,70,13,75,110,117,31,72,25" hai3="79,43,52,83,53,24,64,121,91,29,112,95,104"/><V48/><F117/><W16/><G104/><T135/><D119/><U39/><E116/><V130/><F122/><W30/><G121/><T105/><D76/><U14/><E111/><V125/><F110/><W1/><G1/><T77/><D77/><U114/><E106/><V2/><F2/><W109/><G109/><T102/><D135/><U134/><E39/><V127/><F130/><W66/><G43/><T12/><D32/><U69/><E4/><V84/><F84/><N who="3" m="48255" /><G112/><N who="1" m="43114" /><E28/><N who="3" m="10858" /><G64/><T22/><D27/><U62/><E69/><V33/><F33/><W120/><G66/><T42/><D105/><U10/><E126/><N who="2" m="48139" /><F115/><W57/><G57/><T100/><D6/><U129/><E129/><V11/><F11/><W3/><G3/><T0/><D0/><U21/><E10/><V47/><F67/><W26/><G120/><T131/><D131/><U44/><E44/><V68/><F68/><W7/><G7/><T40/><D45/><U46/><E46/><V123/><F70/><W86/><G26/><T61/><D61/><N who="1" m="23659" /><E58/><V37/><F37/><W19/><G24/><T118/><D118/><U38/><E38/><V73/><F123/><W17/><AGARI ba="0,0" hai="16,17,19,52,53,86,91,95" m="10858,48255" machi="17" ten="30,4000,0" yaku="8,1,54,2" doraHai="8" who="3" fromWho="3" sc="407,-10,330,-10,92,-20,171,40" /><INIT seed="7,0,0,3,3,125" ten="397,320,72,211" oya="3" hai0="86,105,21,112,66,8,103,57,81,80,36,27,11" hai1="106,82,34,32,121,2,40,130,87,60,71,31,120" hai2="41,38,127,133,49,47,48,96,104,15,101,72,111" hai3="122,16,84,67,43,110,63,95,19,74,135,75,3"/><W55/><G122/><T88/><D36/><U123/><E106/><V58/><F72/><W54/><G3/><T107/><D112/><U73/><E2/><V94/><F104/><W132/><G43/><T6/><D11/><U9/><E73/><N who="3" m="27658" /><G95/><T109/><D103/><U76/><E40/><V26/><F26/><W85/><G67/><T65/><D80/><U20/><E9/><V83/><F83/><W17/><G63/><T97/><D97/><U1/><E1/><V12/><F127/><W114/><G114/><T118/><D118/><U116/><E116/><V25/><F25/><W131/><G131/><T39/><D39/><U46/><E46/><V10/><F38/><W89/><G89/><T5/><D5/><U35/><E130/><V124/><F124/><W4/><G4/><T79/><D79/><U53/><E20/><V37/><F37/><W30/><G30/><T45/><D66/><U129/><E129/><V93/><F93/><W102/><G102/><T92/><D92/><U61/><E71/><V91/><F101/><W100/><G100/><T29/><D45/><U13/><E13/><V99/><F12/><W134/><G110/><T117/><D109/><U98/><E98/><V42/><F111/><W23/><G23/><T119/><D117/><U59/><REACH who="1" step="1"/><E61/><REACH who="1" ten="397,310,72,211" step="2"/><V69/><F99/><W24/><G24/><AGARI ba="0,1" hai="24,31,32,34,35,53,59,60,76,82,87,120,121,123" machi="24" ten="40,5200,0" yaku="1,1,2,1,53,1" doraHai="125" doraHaiUra="77" who="1" fromWho="3" sc="397,0,310,62,72,0,211,-52" owari="397,50.0,372,17.0,72,-43.0,159,-24.0" /></mjloggm>