<mjloggm ver="2.3"><GO type="41" lobby="0"/><UN n0="%E3%82%82%E3%81%98%E3%82%89" n1="%E5%B0%B1%E6%B4%BB%E7%94%9F%40%E5%B7%9D%E6%9D%91%E8%BB%8D%E5%9B%A3" n2="%E3%81%93%E3%81%82%E3%81%8B%E3%82%8A" n3="%E9%87%9D%E5%B7%AB%E5%A5%B3" dan="14,14,14,14" rate="1949.14,1901.37,1927.36,1952.94" sx="M,M,M,F"/><TAIKYOKU oya="0"/><INIT seed="0,0,0,1,5,110" ten="250,250,250,250" oya="0" hai0="64,2,61,9,56,116,55,135,102,23,101,94,79" hai1="114,39,32,0,15,65,82,43,104,63,37,131,26" hai2="36,124,53,44,75,97,28,133,72,118,54,38,74" hai3="132,134,84,17,120,71,68,88,25,119,1,85,57"/><T126/><D116/><U16/><E104/><V99/><F118/><W49/><G1/><T106/><D106/><U86/><E0/><V40/><F124/><W41/><G119/><T128/><D126/><U46/><E131/><V121/><F121/><W69/><G85/><T5/><D128/><U3/><E3/><V108/><F108/><W7/><G7/><T78/><D135/><U89/><E39/><V81/><F133/><N who="3" m="51307" /><G120/><T103/><D94/><U73/><E73/><V20/><F38/><W51/><G41/><T112/><D112/><U70/><E26/><V95/><F81/><N who="3" m="49167" /><G57/><T66/><REACH who="0" step="1"/><D23/><AGARI ba="0,0" hai="17,23,25,49,51,68,69,71" m="49167,51307" machi="23" ten="40,2600,0" yaku="20,1,54,1" doraHai="110" who="3" fromWho="0" sc="250,-26,250,0,250,0,250,26" /><INIT seed="1,0,0,5,5,20" ten="224,250,250,276" oya="1" hai0="16,71,91,130,97,24,22,121,123,81,120,7,106" hai1="134,124,48,5,42,47,129,105,132,39,1,73,35" hai2="125,65,29,25,30,3,122,34,88,114,60,18,98" hai3="2,100,70,52,33,90,6,87,112,44,127,89,64"/><U72/><E48/><V46/><F122/><W128/><G33/><T113/><D113/><U10/><E124/><V28/><F3/><W108/><G112/><T102/><D71/><U45/><E129/><V96/><F125/><W41/><G128/><T69/><D69/><U82/><E47/><V118/><F118/><W79/><G127/><T117/><D130/><U32/><E105/><V110/><F114/><W50/><G100/><T51/><D7/><U103/><E103/><V75/><F75/><W37/><G108/><T55/><D117/><U131/><E131/><V77/><F77/><W59/><G6/><T104/><D104/><U8/><E8/><V9/><F110/><W31/><G31/><T14/><D14/><U68/><E68/><V78/><F78/><W54/><G2/><T76/><D91/><U74/><REACH who="1" step="1"/><E82/><REACH who="1" ten="224,240,250,276" step="2"/><V23/><F9/><W38/><G38/><T11/><D11/><U19/><E19/><V92/><F46/><W84/><G37/><T58/><REACH who="0" step="1"/><D121/><REACH who="0" ten="214,240,250,276" step="2"/><U36/><E36/><V62/><F62/><W15/><G70/><T26/><D26/><U80/><E80/><V49/><F49/><W115/><G50/><T119/><D119/><U95/><E95/><V57/><REACH who="2" step="1"/><F34/><AGARI ba="0,2" hai="1,5,10,32,34,35,39,42,45,72,73,74,132,134" machi="34" ten="50,9600,0" yaku="1,1,23,2,53,0" doraHai="20" doraHaiUra="66" who="1" fromWho="2" sc="214,0,240,116,250,-96,276,0" /><INIT seed="1,1,0,4,0,94" ten="214,356,154,276" oya="1" hai0="65,112,99,71,41,34,5,120,8,75,118,53,11" hai1="59,130,87,72,51,129,61,111,55,26,95,92,119" hai2="128,133,123,22,100,91,39,45,47,19,3,7,116" hai3="25,93,50,113,40,70,122,58,18,134,9,135,98"/><U57/><E72/><V30/><F123/><W127/><G70/><T97/><D34/><U31/><E119/><V83/><F128/><N who="1" m="49257" /><E111/><V21/><F116/><W44/><G122/><T12/><D118/><U109/><E109/><V85/><F133/><W54/><G113/><T101/><D75/><U132/><E132/><N who="3" m="50730" /><G127/><T17/><D112/><U121/><E121/><V43/><F30/><W68/><G68/><T84/><D101/><U36/><E36/><V6/><F3/><W20/><G9/><T89/><D41/><U15/><E15/><V4/><F19/><W96/><G93/><N who="1" m="35914" /><E87/><V33/><F33/><W24/><G24/><T42/><D84/><U131/><N who="1" m="49265" /><U106/><DORA hai="28" /><E106/><V74/><F74/><W77/><G77/><T115/><D115/><U69/><E69/><V114/><F114/><W79/><G79/><T125/><D120/><U14/><E14/><V78/><F78/><W37/><AGARI ba="1,0" hai="18,20,25,37,40,44,50,54,58,96,98" m="50730" machi="37" ten="30,4000,0" yaku="20,1,52,2" doraHai="94,28" who="3" fromWho="3" sc="214,-11,356,-21,154,-11,276,43" /><INIT seed="2,0,0,4,2,35" ten="203,335,143,319" oya="2" hai0="103,83,88,28,85,33,73,106,92,47,90,19,44" hai1="75,40,55,59,135,132,108,15,54,105,114,7,39" hai2="122,69,4,49,113,9,79,13,131,53,27,127,89" hai3="111,118,61,115,112,11,81,91,77,32,34,104,48"/><V41/><F122/><W31/><G104/><T25/><D106/><U110/><E105/><V123/><F123/><W71/><G118/><T6/><D103/><U26/><E75/><V36/><F113/><W51/><G91/><T116/><D116/><U133/><E114/><V3/><F69/><W52/><G11/><T107/><D107/><U56/><E26/><V95/><F127/><W119/><G119/><T45/><D6/><U84/><E84/><V134/><F134/><W30/><G111/><N who="1" m="42538" /><E15/><V96/><F131/><W29/><G71/><T22/><D73/><U64/><E7/><V72/><F27/><W76/><G31/><T130/><D130/><U20/><E20/><V102/><F41/><W80/><G61/><T17/><REACH who="0" step="1"/><D33/><REACH who="0" ten="193,335,143,319" step="2"/><U129/><E129/><V2/><F36/><W1/><G1/><T121/><D121/><U57/><E64/><V117/><F117/><W5/><G5/><T10/><D10/><U66/><E66/><V65/><F65/><W97/><G112/><T50/><D50/><U14/><E39/><V126/><F126/><W120/><G115/><T100/><D100/><U16/><E132/><V58/><REACH who="2" step="1"/><F102/><REACH who="2" ten="193,335,133,319" step="2"/><W78/><G120/><T82/><D82/><AGARI ba="0,2" hai="2,3,4,9,13,49,53,58,72,79,82,89,95,96" machi="82" ten="40,12000,1" yaku="1,1,2,1,52,2,53,0" doraHai="35" doraHaiUra="99" who="2" fromWho="0" sc="193,-120,335,0,133,140,319,0" /><INIT seed="2,1,0,3,0,80" ten="73,335,273,319" oya="2" hai0="17,27,71,18,75,6,13,107,29,61,92,39,128" hai1="135,104,134,28,19,57,8,133,36,96,120,84,45" hai2="40,110,10,35,127,31,81,37,118,11,33,131,24" hai3="65,1,68,113,42,108,23,86,50,62,109,63,95"/><V125/><F118/><W132/><G1/><T91/><D107/><U0/><E28/><V100/><F35/><W30/><G113/><T119/><D75/><U94/><E120/><V9/><F110/><W48/><G132/><T88/><D39/><U78/><E104/><V16/><F100/><W12/><G63/><T49/><D119/><U74/><E74/><V124/><F131/><W5/><G42/><T97/><D49/><U32/><E32/><V56/><F56/><W43/><G43/><T106/><D106/><U14/><E0/><V122/><F122/><W73/><G73/><T64/><D128/><U117/><E117/><V52/><F52/><W3/><G3/><T21/><REACH who="0" step="1"/><D91/><REACH who="0" ten="63,335,273,319" step="2"/><N who="1" m="55391" /><E36/><V54/><F37/><W79/><G108/><T115/><D115/><U51/><E51/><V59/><F40/><W15/><G109/><T83/><D83/><N who="1" m="47223" /><E45/><V44/><F81/><W53/><G50/><T7/><D7/><U98/><E135/><V25/><F44/><N who="3" m="27783" /><G5/><T58/><D58/><U99/><E134/><V76/><F76/><W20/><G79/><T67/><D67/><U60/><E133/><V90/><F90/><N who="3" m="53719" /><G68/><T105/><D105/><U41/><E41/><V89/><F89/><W121/><G121/><T26/><D26/><U47/><E47/><V112/><F25/><N who="3" m="16679" /><G65/><AGARI ba="1,1" hai="8,14,19,57,60,65,98,99" m="47223,55391" machi="65" ten="30,2000,0" yaku="8,1,52,1" doraHai="80" who="1" fromWho="3" sc="63,0,335,33,273,0,319,-23" /><INIT seed="3,0,0,2,5,64" ten="63,368,273,296" oya="3" hai0="131,7,96,107,37,35,55,21,102,46,79,26,125" hai1="25,74,39,112,66,47,103,36,106,109,24,94,134" hai2="3,51,45,95,135,89,126,18,59,105,63,111,6" hai3="52,133,31,92,28,98,67,34,12,70,19,65,118"/><W104/><G118/><T68/><D131/><U116/><E106/><V129/><F105/><W58/><G104/><T9/><D79/><U84/><E74/><V73/><F129/><W5/><G133/><T56/><D125/><U72/><E72/><V130/><F73/><W22/><G5/><T60/><D35/><U38/><E112/><V13/><F130/><W54/><G34/><T93/><D107/><U57/><E134/><V128/><F126/><W33/><G33/><T76/><D76/><U20/><E116/><V122/><F135/><W87/><G87/><T27/><D68/><U86/><E109/><V91/><F122/><W49/><G67/><T127/><D127/><U101/><E47/><V110/><F128/><W8/><G8/><T30/><D27/><U50/><E25/><V100/><F3/><W11/><G11/><T108/><D108/><U77/><E77/><V82/><F6/><W113/><G54/><T123/><D123/><U16/><E50/><V48/><F111/><W121/><G121/><T97/><D97/><U43/><E43/><V124/><F124/><W42/><G42/><T15/><REACH who="0" step="1"/><D46/><REACH who="0" ten="53,368,273,296" step="2"/><U0/><E86/><N who="2" m="50391" /><F45/><W69/><G113/><T99/><D99/><U41/><E103/><V85/><F110/><W117/><G117/><T4/><D4/><U53/><E101/><V80/><F100/><N who="3" m="60487" /><G70/><T32/><D32/><U115/><E84/><V81/><F80/><W83/><G83/><T23/><D23/><U40/><E115/><V114/><F81/><W71/><G71/><T132/><D132/><U29/><E20/><N who="2" m="11343" /><F114/><W88/><G88/><RYUUKYOKU ba="0,1" sc="53,10,368,-30,273,10,296,10" hai0="7,9,15,21,26,30,37,55,56,60,93,96,102" hai2="48,51,59,63,85,91,95" hai3="12,19,22,28,31,49,52,58,65,69" /><INIT seed="3,1,1,3,5,12" ten="63,338,283,306" oya="3" hai0="86,69,25,67,33,3,79,112,130,48,72,120,58" hai1="82,78,7,100,126,64,51,42,92,128,129,90,123" hai2="85,118,54,30,107,74,80,97,114,22,93,29,88" hai3="2,122,0,24,71,16,13,87,113,103,35,125,4"/><W131/><G113/><T41/><D120/><U45/><E123/><V83/><F118/><W15/><G71/><T101/><D3/><N who="3" m="1065" /><G122/><T124/><D72/><U109/><E109/><V116/><F116/><W102/><G102/><T26/><D69/><U49/><E126/><V28/><F114/><W105/><G105/><T47/><D124/><U10/><E100/><N who="2" m="62863" /><F54/><W38/><G38/><T111/><D111/><U27/><E27/><N who="2" m="16503" /><F83/><W36/><G36/><T21/><D33/><U39/><E64/><V20/><F20/><N who="3" m="11295" /><G103/><T31/><D101/><U34/><E34/><V84/><F84/><W108/><G87/><T46/><D86/><N who="1" m="48471" /><E49/><V119/><F119/><W68/><G68/><T65/><D112/><U63/><E39/><V8/><F8/><N who="3" m="4231" /><G125/><T117/><D117/><U32/><E63/><V121/><F121/><W1/><N who="3" m="1073" /><W89/><DORA hai="91" /><G89/><T62/><D62/><U94/><E90/><V77/><AGARI ba="1,1" hai="29,30,74,77,80,85,88,93" m="16503,62863" machi="77" ten="30,4000,0" yaku="24,1,52,1,54,1" doraHai="12,91" who="2" fromWho="2" sc="63,-11,338,-11,283,53,306,-21" /><INIT seed="4,0,0,3,0,11" ten="52,327,336,285" oya="0" hai0="115,41,88,80,15,103,34,82,17,134,71,49,97" hai1="64,42,37,55,73,61,22,118,94,27,12,21,19" hai2="38,4,25,8,9,18,39,10,85,16,113,31,75" hai3="122,58,35,66,69,36,0,111,62,28,7,20,57"/><T101/><D71/><U133/><E118/><V78/><F75/><W52/><G111/><T89/><D34/><U65/><E133/><V30/><F113/><W107/><G36/><T60/><D60/><U5/><E73/><V26/><F4/><W125/><G107/><T32/><D32/><U84/><E37/><N who="2" m="13835" /><F85/><W68/><G35/><T130/><D134/><U129/><E129/><V105/><F78/><W74/><G74/><T47/><D130/><U106/><E106/><V56/><F56/><W76/><G76/><T43/><D43/><U6/><E42/><V81/><F105/><W100/><G100/><N who="0" m="38475" /><D115/><U120/><E120/><V121/><F81/><N who="0" m="31338" /><D97/><U124/><E124/><V110/><F121/><W102/><G102/><T131/><D131/><U123/><E123/><V86/><F86/><W98/><G98/><T79/><D79/><U108/><E108/><V70/><F110/><W112/><G125/><T1/><D1/><U14/><E84/><V24/><F70/><W114/><G122/><T59/><D59/><N who="1" m="35071" /><E94/><V91/><F91/><W117/><G114/><T48/><D48/><U67/><E22/><AGARI ba="0,0" hai="15,17,22,41,47,49,88,89" m="31338,38475" machi="22" ten="30,5800,0" yaku="8,1,52,1,54,1" doraHai="11" who="0" fromWho="1" sc="52,58,327,-58,336,0,285,0" /><INIT seed="4,1,0,4,2,3" ten="110,269,336,285" oya="0" hai0="126,61,29,31,35,100,24,53,52,114,47,44,73" hai1="85,50,66,81,40,6,1,107,63,124,87,55,92" hai2="32,11,93,49,104,75,80,42,129,99,97,33,51" hai3="62,71,67,57,46,41,58,120,123,59,45,108,18"/><T82/><D126/><U91/><E107/><V103/><F129/><W43/><G18/><T77/><D31/><U22/><E124/><V111/><F111/><W16/><G16/><T128/><D128/><U23/><E40/><N who="3" m="15434" /><G108/><T84/><D114/><U54/><E6/><V102/><F11/><W72/><G72/><T19/><D73/><U105/><E1/><V94/><F104/><W98/><G98/><T30/><D35/><U109/><E105/><V5/><F42/><W133/><G133/><T89/><D100/><U10/><E10/><V21/><F21/><W39/><G39/><T69/><D69/><U79/><E109/><V17/><F17/><W135/><G135/><T15/><D77/><U70/><REACH who="1" step="1"/><E55/><REACH who="1" ten="110,259,336,285" step="2"/><V131/><F131/><W78/><G78/><T64/><D53/><U132/><E132/><V119/><F5/><W0/><G0/><T115/><D115/><U74/><E74/><V34/><F75/><W121/><AGARI ba="1,1" hai="45,46,57,58,59,62,67,71,120,121,123" m="15434" machi="121" ten="40,5200,0" yaku="13,1,34,2" doraHai="3" who="3" fromWho="3" sc="110,-27,259,-14,336,-14,285,65" /><INIT seed="5,0,0,2,4,39" ten="83,245,322,350" oya="1" hai0="30,41,12,116,5,88,79,56,90,0,71,107,77" hai1="109,98,34,23,57,74,123,129,111,133,69,48,44" hai2="83,93,91,16,17,72,81,22,120,106,60,65,118" hai3="135,86,124,73,132,50,127,103,125,67,38,3,117"/><U32/><E74/><V97/><F120/><W27/><G73/><T102/><D71/><U6/><E69/><V19/><F118/><W115/><G38/><T10/><D116/><U134/><E123/><V114/><F114/><W51/><G117/><T84/><D0/><U70/><E70/><V87/><F72/><W101/><G3/><T2/><D2/><U36/><E36/><V33/><F33/><W42/><G67/><T14/><D102/><N who="3" m="38921" /><G27/><T85/><D107/><U105/><E129/><V89/><F106/><W94/><G115/><T49/><D30/><U4/><E57/><N who="2" m="37007" /><F83/><W76/><G76/><N who="0" m="29259" /><D14/><AGARI ba="0,0" hai="14,16,17,19,22,81,87,89,91,93,97" m="37007" machi="14" ten="30,2000,0" yaku="8,1,54,1" doraHai="39" who="2" fromWho="0" sc="83,-20,245,0,322,20,350,0" /><INIT seed="6,0,0,2,3,18" ten="63,245,342,350" oya="2" hai0="127,52,6,131,121,34,78,82,132,94,96,33,87" hai1="36,55,86,116,4,99,53,76,56,106,9,13,23" hai2="95,25,89,59,48,80,114,47,68,124,43,60,45" hai3="20,128,12,69,5,77,49,27,26,126,61,65,83"/><V108/><F114/><W117/><G117/><T115/><D115/><U42/><E116/><V24/><F124/><W98/><G126/><T79/><D127/><U37/><E106/><V3/><F3/><W111/><G111/><T73/><D121/><U110/><E110/><V46/><F108/><W85/><G128/><T28/><D131/><U54/><E99/><V2/><F2/><W104/><G49/><T11/><D132/><U88/><E76/><V29/><F68/><W70/><G70/><T84/><D73/><U58/><E23/><N who="2" m="15519" /><F80/><W19/><REACH who="3" step="1"/><G5/><REACH who="3" ten="63,245,342,340" step="2"/><T38/><D38/><U22/><E37/><V35/><F35/><W125/><G125/><T72/><D72/><U133/><E133/><V92/><F25/><W15/><G15/><T0/><D28/><U39/><E39/><V64/><F95/><W101/><AGARI ba="0,1" hai="12,19,20,26,27,61,65,69,77,83,85,98,101,104" machi="101" ten="30,4000,0" yaku="1,1,0,1,52,1,53,0" doraHai="18" doraHaiUra="123" who="3" fromWho="3" sc="63,-10,245,-10,342,-20,340,50" /><INIT seed="7,0,0,4,0,38" ten="53,235,322,390" oya="3" hai0="84,60,135,129,116,98,87,102,122,53,108,34,36" hai1="57,106,79,7,10,76,15,93,99,78,11,23,86" hai2="13,105,24,107,75,20,46,123,132,0,95,85,88" hai3="5,92,90,17,110,128,121,127,43,103,111,3,83"/><W64/><G121/><T94/><D53/><U35/><E35/><V39/><F75/><W41/><G64/><T114/><D60/><U117/><E106/><V97/><F123/><W2/><G128/><T66/><D66/><U89/><E117/><V124/><F0/><N who="3" m="43" /><G127/><T18/><D18/><U14/><E23/><V49/><F124/><W48/><G5/><T126/><D34/><U47/><E57/><V6/><F39/><W56/><G83/><T29/><D29/><U31/><E31/><V91/><F132/><W74/><G74/><T112/><D36/><U67/><E67/><V104/><F13/><W77/><G77/><T54/><D54/><U100/><E47/><V9/><F9/><W37/><G103/><T82/><D122/><U96/><REACH who="1" step="1"/><E100/><REACH who="1" ten="53,225,322,390" step="2"/><V72/><F107/><W52/><G56/><T81/><D126/><U65/><E65/><V44/><F105/><W109/><G109/><T8/><D116/><U22/><E22/><V61/><F104/><W71/><G110/><T30/><D108/><U32/><E32/><V12/><F46/><W131/><G111/><T33/><D33/><U45/><E45/><V42/><F20/><W58/><G58/><T26/><D30/><U119/><E119/><V125/><F44/><W19/><G131/><T134/><D129/><U28/><E28/><V69/><F125/><W59/><G59/><T50/><D8/><U21/><E21/><V70/><F69/><W16/><G71/><T130/><D130/><U115/><E115/><V133/><F70/><W113/><G113/><T80/><D114/><U27/><E27/><RYUUKYOKU ba="0,1" sc="53,-10,225,30,322,-10,390,-10" hai1="7,10,11,14,15,76,78,79,86,89,93,96,99" owari="43,-46.0,255,-14.0,312,11.0,390,49.0" /></mjloggm>