<mjloggm ver="2.3"><GO type="169" lobby="0"/><UN n0="%74%6E%66%73%68%32%30%34" n1="%6D%6F%6E%65%79%2E%2E%2E" n2="%49%53%53%4F%4E%34" n3="%E3%82%A6%E3%83%AB%E3%83%88%E3%83%A9%E7%AB%8B%E7%9B%B4" dan="17,17,17,17" rate="2144.92,2146.84,2207.33,2153.95" sx="M,M,M,M"/><TAIKYOKU oya="0"/><INIT seed="0,0,0,2,1,23" ten="250,250,250,250" oya="0" hai0="135,68,57,116,54,94,13,33,52,41,93,34,99" hai1="65,58,109,124,80,105,49,5,60,96,87,71,7" hai2="111,32,51,62,118,132,108,2,110,44,3,0,88" hai3="43,22,12,67,129,90,42,15,91,76,18,95,48"/><T113/><D116/><U128/><E109/><V45/><F32/><W127/><G127/><T133/><D113/><U83/><E124/><V125/><F125/><W86/><G129/><T8/><D68/><U100/><E128/><V77/><F77/><W130/><G130/><T29/><D41/><U27/><E80/><V31/><F31/><W74/><G74/><T24/><D34/><U114/><E114/><V47/><F118/><W28/><G76/><T39/><D39/><U56/><E56/><V82/><F62/><W72/><G72/><T46/><D46/><U121/><E121/><V104/><F104/><W102/><G102/><N who="0" m="60783" /><D94/><U101/><E101/><V131/><F131/><W79/><G79/><T107/><D107/><U98/><E98/><V70/><F70/><W17/><G28/><T35/><D35/><U85/><E85/><N who="2" m="50231" /><F132/><N who="0" m="50762" /><D57/><U21/><E71/><V66/><F66/><W89/><G67/><T106/><D106/><U10/><E83/><V40/><AGARI ba="0,0" hai="0,2,3,40,44,45,47,51,108,110,111" m="50231" machi="40" ten="40,2700,0" yaku="14,1,54,1" doraHai="23" who="2" fromWho="2" sc="250,-13,250,-7,250,27,250,-7" /><INIT seed="1,0,0,0,5,64" ten="237,243,277,243" oya="1" hai0="129,24,50,65,16,102,114,116,17,3,73,30,89" hai1="26,110,52,81,47,126,93,119,11,46,111,108,5" hai2="107,72,76,100,60,49,78,120,55,94,39,14,113" hai3="77,75,42,33,4,7,92,104,125,37,19,112,51"/><U61/><E119/><V99/><F120/><W88/><G104/><T59/><D116/><U45/><E126/><V115/><F39/><W128/><G112/><T63/><D114/><N who="2" m="43530" /><F72/><W22/><G33/><T74/><D3/><U95/><E26/><V98/><F14/><W82/><G37/><T135/><D135/><U70/><E81/><V96/><F60/><W121/><G128/><T56/><D129/><U106/><E106/><V0/><F0/><W118/><G118/><T18/><D102/><U103/><E103/><N who="2" m="60823" /><F99/><W68/><G68/><T85/><D74/><U41/><E41/><V38/><F38/><W132/><G125/><T44/><D73/><U31/><E31/><V20/><F20/><W43/><G132/><T71/><D85/><U23/><E23/><V124/><F124/><W90/><G121/><T10/><D89/><U109/><E109/><V34/><F34/><W8/><G90/><T9/><D9/><U86/><E86/><V6/><F6/><W67/><G67/><T35/><REACH who="0" step="1"/><D10/><REACH who="0" ten="227,243,277,243" step="2"/><U69/><E11/><V54/><F76/><W131/><G131/><T87/><D87/><U79/><E79/><V91/><F91/><W15/><G8/><T117/><D117/><U25/><E5/><V80/><F78/><W66/><G7/><T57/><D57/><N who="1" m="34983" /><E25/><V21/><F100/><W27/><G27/><T48/><D48/><U127/><E127/><V134/><F134/><W97/><G51/><T2/><D2/><U29/><E29/><V101/><F49/><W105/><G4/><T32/><D32/><U13/><E13/><V84/><F84/><RYUUKYOKU ba="0,1" sc="227,15,243,15,277,-15,243,-15" hai0="16,17,18,24,30,35,44,50,56,59,63,65,71" hai1="45,46,47,69,70,93,95,108,110,111" /><INIT seed="1,1,1,0,2,32" ten="242,258,262,228" oya="1" hai0="47,118,95,125,89,40,103,87,50,19,96,79,10" hai1="81,110,17,109,5,31,74,85,59,82,55,69,26" hai2="106,77,94,72,27,45,7,67,126,88,36,9,117" hai3="11,14,49,97,15,3,29,130,44,131,2,120,63"/><U98/><E69/><V43/><F126/><W12/><G120/><T116/><D125/><U54/><E17/><V34/><F106/><W33/><G63/><T99/><D79/><U119/><E119/><V16/><F117/><W91/><G91/><T73/><D73/><U100/><E74/><V18/><F67/><W101/><G29/><T104/><D19/><U38/><E38/><V41/><F41/><W42/><G33/><T0/><REACH who="0" step="1"/><D87/><REACH who="0" ten="232,258,262,228" step="2"/><U25/><E5/><AGARI ba="1,2" hai="0,5,10,40,47,50,89,95,96,99,103,104,116,118" machi="5" ten="40,5200,0" yaku="1,1,2,1,52,1,53,0" doraHai="32" doraHaiUra="132" who="0" fromWho="1" sc="232,75,258,-55,262,0,228,0" /><INIT seed="2,0,0,2,5,65" ten="307,203,262,228" oya="2" hai0="70,107,76,59,46,51,16,30,43,101,106,112,48" hai1="133,73,27,56,7,62,105,97,78,29,128,18,85" hai2="104,134,98,53,57,37,114,23,93,129,52,71,135" hai3="54,41,5,31,17,75,102,72,22,109,88,81,95"/><V132/><F114/><W39/><G109/><T84/><D112/><U69/><E73/><V124/><F104/><W79/><G5/><T115/><D115/><U61/><E7/><V111/><F37/><W90/><G72/><T49/><D30/><U82/><E128/><V96/><F111/><W44/><G31/><T11/><D70/><U100/><E133/><V38/><F38/><W47/><G102/><T32/><D32/><U117/><E117/><V3/><F3/><W12/><G95/><T122/><D122/><U2/><E2/><V13/><F71/><W33/><REACH who="3" step="1"/><G33/><REACH who="3" ten="307,203,262,218" step="2"/><T92/><D101/><U77/><E18/><N who="2" m="10703" /><F129/><W66/><G66/><T74/><D74/><U0/><E0/><V4/><F4/><W34/><G34/><T45/><D106/><U83/><E56/><V6/><F6/><W25/><G25/><T89/><D107/><U120/><E120/><V121/><F121/><W14/><G14/><T26/><D59/><U58/><E58/><V108/><F108/><W86/><G86/><T1/><D1/><U10/><E69/><V9/><F57/><W28/><G28/><T119/><D26/><U87/><REACH who="1" step="1"/><E10/><REACH who="1" ten="307,193,262,218" step="2"/><V110/><F9/><W20/><G20/><AGARI ba="0,2" hai="20,27,29,61,62,77,78,82,83,85,87,97,100,105" machi="20" ten="30,7700,0" yaku="1,1,2,1,7,1,9,1,53,0" doraHai="65" doraHaiUra="91" who="1" fromWho="3" sc="307,0,193,97,262,0,218,-77" /><INIT seed="3,0,0,5,2,49" ten="307,290,262,141" oya="3" hai0="59,14,36,101,78,43,119,29,109,2,103,81,54" hai1="120,133,39,107,112,10,83,25,91,68,74,114,15" hai2="106,111,72,4,135,13,79,94,42,99,92,44,131" hai3="56,8,7,97,46,41,123,31,9,69,58,125,100"/><W32/><G123/><T35/><D119/><U108/><E120/><V124/><F106/><W117/><G117/><T104/><D2/><U115/><E68/><V110/><F4/><W129/><G125/><T17/><D109/><U45/><E107/><V21/><F13/><W50/><G129/><T126/><D126/><U53/><E108/><V84/><F21/><W6/><G69/><T90/><D90/><U47/><E25/><V22/><F22/><W18/><G31/><T64/><D64/><U122/><E122/><V82/><F124/><W23/><G32/><T40/><D35/><U34/><E34/><V89/><F44/><W85/><G85/><N who="0" m="48311" /><D29/><U86/><E133/><V57/><F42/><N who="0" m="15914" /><D36/><U105/><E105/><V16/><F131/><W63/><G6/><T67/><D67/><U73/><E39/><V102/><F135/><W128/><G128/><T37/><D37/><U121/><E121/><V38/><F38/><W98/><G7/><T55/><D59/><U130/><E130/><V70/><F70/><W118/><G58/><T48/><D48/><N who="1" m="28815" /><E47/><V93/><F57/><W88/><G118/><T3/><D3/><U33/><E33/><V1/><F1/><W26/><G100/><N who="0" m="38475" /><D104/><U134/><E134/><V11/><F110/><W24/><G24/><T65/><D65/><U87/><E87/><V127/><F127/><W96/><REACH who="3" step="1"/><G88/><REACH who="3" ten="307,290,262,131" step="2"/><T12/><D17/><AGARI ba="0,1" hai="10,15,17,73,74,83,86,91,112,114,115" m="28815" machi="17" ten="30,2000,0" yaku="25,1,52,1" doraHai="49" who="1" fromWho="0" sc="307,-20,290,30,262,0,131,0" /><INIT seed="4,0,0,5,5,61" ten="287,320,262,131" oya="0" hai0="22,77,11,123,65,93,48,20,107,94,122,84,44" hai1="78,125,108,115,104,55,26,57,0,128,4,17,89" hai2="7,85,87,99,110,28,72,96,114,31,25,69,23" hai3="105,21,117,53,45,43,15,101,51,112,133,103,13"/><T95/><D107/><U47/><E108/><V27/><F72/><W54/><G117/><T70/><D11/><U9/><E104/><V82/><F69/><W98/><G112/><T113/><D113/><U81/><E115/><V97/><F114/><W91/><G133/><T135/><D135/><U64/><E89/><V111/><F7/><W1/><G1/><T68/><D68/><U30/><E17/><V132/><F132/><W120/><G120/><T38/><D38/><U12/><E125/><V2/><F2/><W131/><G131/><T109/><D109/><U60/><E128/><V42/><F42/><W62/><G101/><T34/><D34/><U36/><E0/><V126/><F126/><W63/><G91/><T130/><D130/><U88/><E88/><V106/><F106/><W58/><G21/><T3/><D3/><U124/><E36/><V71/><F71/><W116/><G116/><T18/><D122/><U74/><E124/><V56/><F56/><AGARI ba="0,0" hai="13,15,43,45,51,53,54,56,58,62,63,98,103,105" machi="56" ten="40,1300,0" yaku="9,1" doraHai="61" who="3" fromWho="2" sc="287,0,320,0,262,-13,131,13" /><INIT seed="5,0,0,2,4,50" ten="287,320,249,144" oya="1" hai0="28,21,131,130,89,60,123,20,5,80,112,43,33" hai1="9,118,56,7,111,62,101,74,95,52,16,53,90" hai2="31,117,15,122,133,36,63,134,82,103,4,125,99" hai3="84,107,132,79,91,71,129,30,92,55,8,116,14"/><U41/><E118/><V109/><F122/><W35/><G116/><T104/><D104/><U37/><E74/><V124/><F36/><W44/><G129/><T126/><D123/><U32/><E32/><V78/><F117/><W69/><G132/><N who="2" m="50793" /><F31/><W51/><G107/><T38/><D5/><U97/><E111/><V105/><F4/><W128/><G128/><T6/><D6/><U47/><E16/><V108/><F63/><W3/><G3/><T46/><D60/><U34/><E34/><V12/><F12/><W102/><G102/><T19/><D33/><U24/><E24/><V121/><F15/><W11/><G79/><T73/><D19/><U83/><E83/><V29/><F29/><W54/><G30/><T26/><D131/><U42/><E101/><V23/><F23/><W25/><G25/><T87/><D130/><U120/><E120/><V81/><F81/><W40/><G35/><T22/><D73/><U77/><E77/><V2/><F2/><W66/><G66/><T119/><D119/><U100/><E100/><V27/><F27/><W115/><G115/><T64/><D112/><U70/><E70/><V13/><F13/><W85/><G71/><T65/><D26/><U96/><E41/><V57/><F121/><W88/><G69/><T0/><D28/><U72/><E72/><N who="2" m="43335" /><F57/><W45/><G45/><T39/><D0/><U76/><E47/><V110/><AGARI ba="0,0" hai="99,103,105,108,109,110,124,125" m="43335,50793" machi="110" ten="40,8000,1" yaku="20,1,23,1,34,2" doraHai="50" who="2" fromWho="2" sc="287,-20,320,-40,249,80,144,-20" /><INIT seed="6,0,0,3,1,46" ten="267,280,329,124" oya="2" hai0="20,119,86,37,96,113,105,13,17,55,87,90,123" hai1="11,84,101,23,34,91,100,27,21,58,62,31,126" hai2="117,71,47,118,79,112,81,127,110,132,66,120,22" hai3="67,89,28,7,73,70,63,130,59,19,32,98,88"/><V1/><F1/><W122/><G122/><T25/><D123/><U124/><E11/><V48/><F120/><W121/><G121/><T102/><D37/><U2/><E2/><V125/><F66/><W30/><G130/><T108/><D108/><U9/><E9/><V56/><F71/><W134/><G134/><T26/><D119/><U24/><E124/><N who="2" m="47691" /><F56/><W49/><G73/><T92/><D113/><U94/><E34/><V93/><F112/><W83/><G7/><T29/><D29/><N who="3" m="11369" /><G32/><T54/><D87/><U52/><E126/><V131/><F131/><W128/><G70/><T12/><D12/><U36/><E36/><V80/><F110/><W107/><G107/><T41/><D41/><U65/><E65/><V77/><F132/><W16/><G128/><T111/><D111/><U135/><E135/><V133/><F133/><W14/><G83/><N who="2" m="31817" /><F93/><N who="3" m="56615" /><G14/><T6/><D6/><U10/><E10/><V38/><F38/><W45/><G89/><T76/><D76/><N who="2" m="29258" /><F22/><W109/><G109/><T50/><D13/><U15/><E15/><V99/><F99/><W39/><G39/><T95/><D105/><U60/><E23/><V106/><F106/><W0/><G0/><T103/><D20/><U78/><E78/><V5/><F5/><W42/><AGARI ba="0,0" hai="16,19,42,45,49,59,63,67" m="56615,11369" machi="42" ten="30,7900,0" yaku="8,1,52,1,54,2" doraHai="46" who="3" fromWho="3" sc="267,-20,280,-20,329,-39,124,79" /><INIT seed="7,0,0,1,4,4" ten="247,260,290,203" oya="3" hai0="65,59,38,6,64,130,96,120,50,15,75,68,5" hai1="109,42,124,100,60,122,2,36,52,118,76,101,66" hai2="90,29,26,89,73,132,115,131,125,55,11,135,28" hai3="110,77,92,133,70,49,84,58,99,30,119,129,43"/><W116/><G70/><T121/><D75/><U17/><E109/><V78/><F115/><W79/><G110/><T44/><D38/><U45/><E122/><V18/><F125/><W71/><G71/><T104/><D68/><U98/><E100/><V97/><F131/><W88/><G129/><T8/><D130/><U32/><E32/><V31/><F78/><N who="3" m="29707" /><G119/><T19/><D120/><U114/><E114/><V14/><F73/><W24/><G116/><T108/><D108/><U69/><E76/><V82/><F55/><N who="3" m="32111" /><G133/><N who="2" m="51273" /><F97/><W85/><G43/><T56/><D121/><U113/><E2/><V47/><F47/><W87/><G24/><T126/><D126/><U67/><E124/><V34/><F82/><N who="3" m="49271" /><G30/><AGARI ba="0,0" hai="11,14,18,26,28,29,30,31,34,89,90" m="51273" machi="30" ten="30,2000,0" yaku="20,1,52,1" doraHai="4" who="2" fromWho="3" sc="247,0,260,0,290,20,203,-20" owari="247,-15.0,260,6.0,310,41.0,183,-32.0" /></mjloggm>