<mjloggm ver="2.3"><GO type="97" lobby="0"/><UN n0="%E5%8D%B0%E5%8D%97%E3%81%BE%E3%81%B2%E3%82%8B" n1="%E5%B0%B1%E6%B4%BB%E7%94%9F%40%E5%B7%9D%E6%9D%91%E8%BB%8D%E5%9B%A3" n2="%6B%6B%74%6B" n3="%28%2B%6F%2B%29" dan="14,15,13,14" rate="1959.91,1972.80,1836.71,1931.04" sx="F,M,M,M"/><TAIKYOKU oya="0"/><INIT seed="0,0,0,5,5,73" ten="250,250,250,250" oya="0" hai0="118,101,48,45,79,99,8,82,131,22,52,1,122" hai1="27,50,6,89,56,67,92,66,96,31,90,39,121" hai2="75,109,61,135,129,68,85,38,124,53,0,64,63" hai3="126,104,59,54,41,119,134,19,133,40,9,12,16"/><T95/><D122/><U98/><E39/><V106/><RYUUKYOKU type="yao9" ba="0,0" sc="250,0,250,0,250,0,250,0" hai2="0,38,53,61,63,64,68,75,85,106,109,124,129,135" /><INIT seed="0,1,0,1,2,74" ten="250,250,250,250" oya="0" hai0="5,42,43,76,50,39,96,94,79,14,67,31,63" hai1="15,8,30,41,115,126,17,46,70,106,47,81,129" hai2="133,48,99,19,86,95,18,77,4,110,116,121,69" hai3="135,6,11,128,52,57,114,108,127,26,117,124,71"/><T98/><D39/><U38/><E106/><V10/><F121/><W9/><G114/><T118/><D118/><U68/><E115/><V23/><F69/><W134/><G117/><T64/><D31/><U104/><E104/><V93/><F110/><W33/><G108/><T37/><D37/><U84/><E129/><V20/><F116/><W100/><G71/><T24/><D24/><U56/><E126/><N who="3" m="48170" /><G100/><N who="0" m="60439" /><D98/><U49/><E30/><V22/><F48/><N who="3" m="30855" /><G128/><T65/><D63/><U32/><E56/><V125/><F125/><W75/><G75/><T40/><D50/><U105/><E32/><V78/><F86/><W122/><G122/><T130/><D130/><U85/><E105/><V21/><F133/><N who="3" m="50699" /><G6/><T113/><D113/><U34/><E85/><V102/><F95/><W97/><G97/><T53/><D53/><U13/><E70/><V80/><F80/><W28/><AGARI ba="1,0" hai="9,11,26,28,33" m="50699,30855,48170" machi="28" ten="40,5200,0" yaku="18,1,20,1,54,1" doraHai="74" who="3" fromWho="3" sc="250,-27,250,-14,250,-14,250,55" /><INIT seed="1,0,0,1,3,59" ten="223,236,236,305" oya="1" hai0="32,17,29,81,98,7,83,78,88,77,43,50,127" hai1="44,96,15,37,16,11,22,41,135,46,5,40,25" hai2="123,53,38,90,84,115,28,24,80,106,134,111,61" hai3="94,126,72,104,9,67,34,113,0,131,130,129,133"/><U82/><E82/><BYE who="1" /><UN n1="%E5%B0%B1%E6%B4%BB%E7%94%9F%40%E5%B7%9D%E6%9D%91%E8%BB%8D%E5%9B%A3" /><V26/><F123/><W92/><G104/><T63/><D127/><U124/><E124/><V58/><F106/><W54/><G126/><T36/><D36/><U105/><E135/><V128/><F111/><W69/><G113/><T107/><D7/><U89/><E105/><V30/><F134/><W48/><G133/><T10/><D83/><U49/><E96/><V119/><F119/><W99/><G72/><T125/><D125/><U122/><REACH who="1" step="1"/><E89/><REACH who="1" ten="223,226,236,305" step="2"/><V60/><F115/><W1/><G99/><T70/><D107/><U108/><E108/><V101/><F128/><W31/><G94/><T13/><D98/><U35/><E35/><V132/><F132/><W65/><G92/><T73/><D88/><U55/><E55/><V68/><F101/><W62/><G67/><T120/><D81/><U8/><E8/><V116/><F116/><W14/><G34/><T45/><D10/><U52/><E52/><V85/><F80/><W21/><G9/><T110/><D32/><U87/><E87/><V56/><F90/><W91/><G91/><T51/><D110/><U20/><E20/><V66/><F84/><W112/><G112/><T75/><D75/><U57/><E57/><V39/><F85/><W33/><G33/><T2/><D73/><U42/><E42/><V79/><F79/><W6/><G130/><T114/><D43/><U100/><E100/><V3/><F58/><W18/><G131/><T47/><D77/><U74/><E74/><V27/><REACH who="2" step="1"/><F3/><REACH who="2" ten="223,226,226,305" step="2"/><N who="3" m="1099" /><G69/><T23/><D78/><U76/><E76/><V117/><F117/><W121/><G129/><RYUUKYOKU ba="0,2" sc="223,-15,226,15,226,15,305,-15" hai1="5,11,15,16,22,25,37,40,41,44,46,49,122" hai2="24,26,27,28,30,38,39,53,56,60,61,66,68" /><INIT seed="1,1,2,0,2,37" ten="208,241,241,290" oya="1" hai0="128,117,75,15,80,90,4,40,21,19,77,52,51" hai1="55,20,50,81,49,63,10,12,26,36,82,127,110" hai2="88,95,64,8,16,3,1,33,87,34,83,72,74" hai3="14,105,43,71,115,7,48,108,92,45,18,124,100"/><U122/><E122/><V30/><F64/><W130/><G115/><T126/><D117/><U129/><E36/><V125/><F125/><W53/><G124/><T60/><D126/><U109/><E127/><V58/><F58/><W85/><G71/><T6/><D128/><U116/><E63/><V123/><F123/><W78/><G130/><T56/><D60/><U68/><E68/><V9/><F30/><W104/><G108/><N who="1" m="41578" /><E129/><V131/><F131/><W27/><G27/><T65/><D65/><U99/><E99/><V42/><F42/><W38/><G7/><T46/><REACH who="0" step="1"/><D90/><REACH who="0" ten="198,241,241,290" step="2"/><U79/><E116/><V22/><F34/><W73/><G100/><T5/><D5/><N who="1" m="3151" /><E79/><V54/><F33/><W13/><G78/><T84/><D84/><U101/><E101/><V106/><F87/><W24/><G73/><T133/><D133/><U132/><E132/><V57/><F74/><W31/><G85/><T47/><D47/><N who="1" m="28095" /><E50/><V2/><F72/><W62/><G62/><T67/><D67/><U69/><E69/><V96/><F88/><W66/><G66/><T102/><D102/><U44/><E44/><V135/><F135/><W86/><G45/><T120/><D120/><U103/><E103/><V121/><F121/><W93/><G86/><T11/><D11/><U25/><E20/><V61/><F9/><W134/><G134/><T107/><D107/><U35/><E35/><V23/><F8/><W111/><G105/><T91/><D91/><U114/><E114/><V119/><F106/><W94/><G104/><T98/><D98/><U113/><E113/><V39/><F119/><RYUUKYOKU ba="1,3" sc="198,15,241,15,241,-15,290,-15" hai0="4,6,15,19,21,40,46,51,52,56,75,77,80" hai1="25,26,81,82" /><INIT seed="1,2,3,4,5,129" ten="213,256,226,275" oya="1" hai0="70,49,116,62,77,6,87,101,80,67,58,14,50" hai1="106,107,125,72,84,108,34,113,83,20,96,88,15" hai2="90,24,10,110,17,135,133,117,82,118,60,45,122" hai3="86,39,130,98,47,29,7,93,126,66,104,57,30"/><U75/><E34/><V28/><F122/><W40/><G130/><T37/><D116/><U94/><E20/><N who="2" m="15367" /><F110/><W102/><G126/><T2/><D2/><U134/><E15/><N who="2" m="7415" /><F60/><W8/><G66/><T35/><D35/><U99/><E113/><V64/><F64/><W81/><G57/><T97/><D37/><U53/><E53/><V12/><F12/><W21/><G21/><T52/><D14/><U115/><E115/><V79/><F90/><W124/><G104/><N who="1" m="39978" /><E134/><N who="2" m="51211" /><F45/><W31/><G124/><T127/><D127/><U100/><E125/><V51/><F51/><W132/><G132/><T1/><D1/><U65/><E65/><V22/><F22/><W19/><G19/><T3/><D3/><U119/><E119/><V71/><F71/><W36/><G36/><T85/><D49/><U46/><E46/><V23/><F23/><W26/><G26/><T56/><D70/><U44/><E44/><V32/><F32/><W103/><G8/><T105/><REACH who="0" step="1"/><D6/><REACH who="0" ten="203,256,226,275" step="2"/><U112/><E112/><V121/><F121/><W9/><G7/><T33/><D33/><U69/><E69/><V38/><F38/><W25/><G25/><T18/><D18/><U16/><E16/><V91/><F91/><W55/><G9/><T42/><D42/><U0/><E0/><V78/><F78/><W128/><G40/><T111/><D111/><U131/><E108/><V76/><F76/><W95/><G39/><T11/><D11/><U63/><E131/><V61/><F61/><W43/><G128/><T59/><D59/><U41/><E63/><V89/><F89/><N who="3" m="55599" /><G43/><T4/><D4/><RYUUKYOKU ba="2,4" sc="203,15,256,-15,226,15,275,-15" hai0="50,52,56,58,62,67,77,80,85,87,97,101,105" hai2="79,82,117,118" /><INIT seed="2,3,4,2,5,71" ten="218,241,241,260" oya="2" hai0="66,113,43,112,89,128,99,105,115,57,31,3,58" hai1="33,37,11,124,116,21,0,36,94,22,81,2,17" hai2="70,72,91,122,107,110,77,42,127,78,6,133,108" hai3="120,46,52,23,126,73,45,104,64,14,69,60,54"/><V87/><F122/><W50/><G73/><T79/><D3/><U7/><E116/><V34/><F34/><W32/><G32/><T27/><D128/><U130/><E33/><V4/><F70/><W59/><G104/><T95/><D43/><U40/><E2/><V83/><F42/><W131/><G120/><T97/><D79/><N who="2" m="30218" /><F72/><W114/><G131/><T98/><D66/><U53/><E130/><V68/><F133/><W109/><G14/><T121/><D121/><U9/><E81/><V102/><F68/><W123/><G123/><T80/><D80/><U129/><E129/><V47/><F127/><W26/><G126/><T119/><D119/><U118/><E118/><V12/><F47/><W19/><G109/><N who="2" m="42089" /><F12/><W30/><G114/><T35/><REACH who="0" step="1"/><D105/><REACH who="0" ten="208,241,241,260" step="2"/><U132/><E40/><V38/><F38/><W16/><G45/><T18/><D18/><U20/><E124/><V117/><F117/><W90/><REACH who="3" step="1"/><G90/><REACH who="3" ten="208,241,241,250" step="2"/><T88/><D88/><U61/><E0/><V85/><F107/><W28/><G28/><T100/><D100/><U92/><E132/><V67/><F102/><W41/><G41/><T86/><AGARI ba="3,6" hai="27,31,35,57,58,86,89,95,97,98,99,112,113,115" machi="86" ten="40,2700,0" yaku="1,1,0,1,53,0" doraHai="71" doraHaiUra="5" who="0" fromWho="0" sc="208,96,241,-10,241,-16,250,-10" /><INIT seed="3,0,0,2,4,71" ten="304,231,225,240" oya="3" hai0="13,106,120,2,41,116,84,42,64,125,16,114,33" hai1="55,128,66,98,124,117,118,22,110,119,78,46,60" hai2="26,35,23,39,112,31,126,111,19,103,85,92,79" hai3="5,81,65,28,86,51,58,97,52,30,12,50,122"/><W130/><G122/><T134/><D120/><U76/><E110/><V109/><F112/><W69/><G130/><T62/><D2/><U67/><E124/><V7/><F7/><W38/><G38/><T100/><D33/><U57/><E128/><V4/><F4/><W95/><G69/><T61/><D61/><U101/><E22/><V44/><F79/><N who="1" m="30249" /><E46/><V18/><F126/><W17/><G65/><T14/><D116/><U11/><E11/><V20/><F39/><W131/><G131/><T132/><D13/><U93/><AGARI ba="0,0" hai="55,57,60,66,67,93,98,101,117,118,119" m="30249" machi="93" ten="40,1500,0" yaku="12,1" doraHai="71" who="1" fromWho="1" sc="304,-4,231,15,225,-4,240,-7" owari="300,40.0,246,5.0,221,-28.0,233,-17.0" /></mjloggm>