<mjloggm ver="2.3"><GO type="41" lobby="0"/><UN n0="%E3%81%82%E3%82%89%E3%82%89%E3%81%8E%E3%81%A4%E3%81%8D%E3%81%B2" n1="%E3%81%BF%E3%81%A1%E3%81%8F%E3%81%95%E4%BC%9A%E9%95%B7%E8%A3%9C%E4%BD%90" n2="%E5%B0%B1%E6%B4%BB%E7%94%9F%40%E5%B7%9D%E6%9D%91%E8%BB%8D%E5%9B%A3" n3="%E3%82%B3%E3%82%AD%E3%83%A5%E3%83%BC%E3%83%88%E3%82%B9" dan="13,14,15,14" rate="1851.87,2030.37,2001.50,1991.94" sx="F,M,M,M"/><TAIKYOKU oya="0"/><INIT seed="0,0,0,0,5,108" ten="250,250,250,250" oya="0" hai0="68,80,111,120,110,54,112,15,34,114,109,76,7" hai1="104,3,92,107,17,100,97,71,26,35,125,117,43" hai2="64,82,72,50,131,65,121,106,12,56,93,115,73" hai3="37,2,105,28,123,18,61,46,74,48,89,51,33"/><T128/><D68/><U41/><E3/><V84/><F106/><W67/><G105/><T23/><D34/><U47/><E41/><V96/><F121/><W31/><G2/><T70/><D70/><U102/><E71/><V91/><F131/><W130/><G74/><N who="0" m="43031" /><D120/><U88/><E125/><V129/><F129/><W103/><G130/><T38/><D38/><U85/><E117/><V113/><F72/><W126/><G33/><T62/><D128/><U118/><E118/><V90/><F73/><W127/><G123/><T69/><D69/><U52/><E43/><V19/><F65/><W122/><G37/><T81/><D81/><U77/><E77/><V94/><F82/><W83/><G122/><T99/><D99/><U134/><E102/><V119/><F119/><W86/><G103/><T40/><D40/><U58/><E104/><V60/><REACH who="2" step="1"/><F50/><REACH who="2" ten="250,250,240,250" step="2"/><W101/><G48/><T24/><D7/><U45/><E35/><V75/><F75/><W11/><G83/><T10/><D10/><AGARI ba="0,1" hai="10,12,19,56,60,64,84,90,91,93,94,96,113,115" machi="10" ten="30,8000,1" yaku="1,1,7,1,52,2,53,1" doraHai="108" doraHaiUra="13" who="2" fromWho="0" sc="250,-80,250,0,240,90,250,0" /><INIT seed="1,0,0,2,2,2" ten="170,250,330,250" oya="1" hai0="14,49,117,88,43,135,78,29,134,18,46,96,115" hai1="99,15,65,50,126,58,76,127,133,12,81,73,122" hai2="95,4,1,85,94,103,132,121,39,0,66,40,98" hai3="83,79,7,111,80,19,129,68,93,125,84,13,60"/><U89/><E133/><V37/><F121/><W30/><G30/><T72/><D117/><U8/><E12/><V22/><F132/><N who="0" m="50730" /><D115/><U17/><E122/><V74/><F74/><W11/><G111/><T128/><D29/><U36/><E36/><V110/><F66/><W20/><G125/><N who="1" m="47626" /><E89/><V69/><F69/><W107/><G107/><T41/><D128/><U28/><E99/><V31/><F110/><W100/><G129/><T55/><D78/><U82/><E82/><V45/><F37/><W87/><G68/><T24/><D24/><U53/><E28/><V54/><F54/><W113/><G60/><T34/><D34/><U131/><E65/><V104/><F85/><W3/><G113/><T62/><D62/><U71/><E71/><V120/><F120/><W51/><G51/><T25/><D25/><U35/><E35/><V90/><F90/><W5/><G5/><T67/><D67/><U57/><E131/><V91/><F4/><W27/><G3/><T106/><D106/><U97/><E97/><V56/><F1/><W47/><G47/><AGARI ba="0,0" hai="8,15,17,47,50,53,57,58,73,76,81" m="47626" machi="47" ten="30,1500,0" yaku="18,1" doraHai="2" who="1" fromWho="3" sc="170,0,250,15,330,0,250,-15" /><INIT seed="1,1,0,4,0,102" ten="170,265,330,235" oya="1" hai0="10,132,90,130,11,127,61,35,22,119,21,27,23" hai1="49,48,89,29,40,42,111,110,50,100,5,51,20" hai2="101,82,75,79,88,97,39,105,113,73,43,52,114" hai3="0,121,54,125,104,32,67,37,7,4,12,33,117"/><U129/><E100/><V77/><F43/><W83/><G121/><T131/><D90/><U134/><E5/><V62/><F39/><W118/><G37/><T36/><D36/><U123/><E123/><V25/><F25/><W80/><G67/><T6/><D61/><U68/><E68/><V30/><F30/><W34/><G0/><T59/><D59/><U71/><E71/><V13/><F13/><W44/><G125/><T81/><D81/><N who="3" m="31305" /><G12/><N who="0" m="5207" /><D35/><U109/><E89/><V14/><F14/><W112/><G112/><N who="2" m="43113" /><F79/><W84/><G84/><T17/><D119/><N who="3" m="45577" /><G104/><T74/><D74/><U1/><E1/><V124/><F124/><W78/><G78/><T26/><D127/><U28/><N who="1" m="12800" /><DORA hai="86" /><U55/><E55/><V98/><F77/><W47/><G54/><T126/><D126/><U38/><E38/><V57/><F82/><W8/><G8/><T133/><D11/><U31/><E20/><N who="0" m="7785" /><D27/><U103/><E103/><V87/><F87/><W92/><G92/><AGARI ba="1,0" hai="52,57,62,73,75,88,92,97,98,101,105" m="43113" machi="92" ten="30,8000,1" yaku="11,1,52,2,54,2" doraHai="102,86" who="2" fromWho="3" sc="170,0,265,0,330,83,235,-83" /><INIT seed="2,0,0,1,0,82" ten="170,265,413,152" oya="2" hai0="83,9,41,37,115,121,134,43,22,57,94,114,55" hai1="62,81,27,101,89,104,31,110,91,19,71,111,17" hai2="47,135,52,4,26,123,128,5,132,48,106,63,54" hai3="3,64,59,76,66,93,65,32,131,113,97,16,20"/><V67/><F106/><W39/><G32/><T84/><D121/><U80/><E62/><V10/><F123/><W12/><G39/><T100/><D134/><N who="2" m="51242" /><F128/><W105/><G3/><T13/><D22/><U122/><E71/><N who="2" m="42495" /><F26/><W11/><G105/><T6/><D37/><U92/><E104/><V124/><F124/><W30/><G131/><T8/><D115/><U35/><E101/><V109/><F109/><N who="1" m="41481" /><E89/><V133/><N who="2" m="51250" /><V118/><DORA hai="29" /><F118/><W45/><G76/><T33/><D33/><U90/><E90/><V107/><F107/><W126/><G126/><T1/><D114/><U23/><E122/><V61/><F10/><W72/><G72/><T98/><D1/><U103/><E103/><V112/><F112/><W24/><G113/><T102/><D8/><U116/><E116/><V28/><F28/><W79/><G79/><T58/><D102/><U73/><E73/><V53/><F61/><N who="3" m="37951" /><G45/><T40/><REACH who="0" step="1"/><D55/><AGARI ba="0,0" hai="4,5,47,48,52,53,54,55" m="42495,51250" machi="55" ten="40,3900,0" yaku="20,1,54,1" doraHai="82,29" who="2" fromWho="0" sc="170,-39,265,0,413,39,152,0" /><INIT seed="2,1,0,5,3,104" ten="131,265,452,152" oya="2" hai0="10,130,3,117,112,118,30,89,108,73,105,116,120" hai1="132,82,12,53,97,135,128,95,84,43,47,63,66" hai2="100,21,119,80,24,37,38,127,6,107,13,79,5" hai3="28,44,20,57,77,36,81,68,34,85,96,23,17"/><V32/><F32/><W88/><G68/><T50/><D30/><U131/><E12/><V93/><F107/><W123/><G123/><T41/><D120/><U9/><E9/><V14/><F119/><W134/><G134/><N who="1" m="51242" /><E95/><V60/><F127/><W42/><G57/><T62/><D62/><U49/><E97/><V4/><F38/><W87/><G96/><T0/><D105/><U33/><E33/><V48/><F37/><W61/><G61/><T92/><D73/><U67/><E84/><V58/><F48/><W129/><G129/><N who="1" m="49738" /><E82/><V113/><F113/><W25/><G17/><T74/><D74/><U109/><E109/><V99/><F80/><AGARI ba="1,0" hai="20,23,25,28,34,36,42,44,77,80,81,85,87,88" machi="80" ten="30,2000,0" yaku="7,1,54,1" doraHai="104" who="3" fromWho="2" sc="131,0,265,0,452,-23,152,23" /><INIT seed="3,0,0,2,0,48" ten="131,265,429,175" oya="3" hai0="69,41,73,53,35,38,86,1,39,100,131,6,84" hai1="101,113,70,43,87,18,21,105,20,116,0,112,24" hai2="119,54,31,63,17,133,4,134,71,42,59,88,75" hai3="110,68,79,65,52,3,36,93,66,22,114,32,83"/><W107/><G114/><T82/><D35/><U115/><E0/><V49/><F75/><W85/><G107/><T99/><D69/><U8/><E8/><V15/><F119/><W37/><G32/><T2/><D131/><U95/><E70/><V9/><F31/><W58/><G3/><T98/><D73/><U11/><E11/><V55/><F42/><W60/><G66/><T26/><D26/><U28/><E105/><V94/><F71/><W124/><G124/><T47/><D39/><U56/><E43/><V16/><F134/><W108/><G93/><T76/><D86/><U67/><E87/><N who="2" m="52511" /><F133/><W106/><G22/><T120/><D120/><U64/><E116/><V51/><F63/><N who="3" m="36295" /><G106/><T44/><D6/><U5/><E5/><V34/><F34/><W57/><G68/><T14/><D99/><N who="1" m="59647" /><E115/><V103/><F103/><W89/><G79/><T91/><D76/><U123/><E123/><V13/><F13/><W30/><G30/><T118/><D118/><U12/><E113/><V78/><F78/><W129/><G129/><T92/><REACH who="0" step="1"/><D14/><REACH who="0" ten="121,265,429,175" step="2"/><U61/><E112/><V121/><F121/><W127/><G127/><T10/><D10/><U25/><E12/><V81/><F81/><W109/><AGARI ba="0,1" hai="36,37,57,60,65,83,85,89,108,109,110" m="36295" machi="109" ten="30,11700,0" yaku="14,1,10,1,52,1,54,1" doraHai="48" who="3" fromWho="3" sc="121,-39,265,-39,429,-39,175,127" /><INIT seed="3,1,0,0,2,126" ten="82,226,390,302" oya="3" hai0="54,72,84,51,104,23,32,91,113,93,10,88,24" hai1="42,85,28,125,17,77,46,112,96,80,133,101,73" hai2="83,59,111,60,6,56,86,19,3,124,130,39,11" hai3="21,95,12,79,45,8,50,99,33,26,131,20,114"/><W0/><G114/><T68/><D72/><U16/><E125/><V29/><F39/><W27/><G0/><T117/><D68/><U9/><E28/><V100/><F111/><W53/><G79/><T49/><D104/><U120/><E133/><V25/><F19/><W70/><G70/><T109/><D109/><U132/><E132/><V103/><F124/><W127/><G127/><T55/><D117/><U82/><E120/><V81/><F130/><W115/><G115/><T35/><D113/><U31/><E31/><V119/><F119/><W135/><G135/><T74/><D74/><U15/><E112/><V123/><F59/><W108/><G108/><T44/><D10/><U65/><E65/><V128/><F128/><W78/><G78/><T102/><D102/><U107/><E80/><V90/><F83/><W97/><G131/><T87/><D23/><N who="3" m="8777" /><G33/><T18/><D18/><U48/><REACH who="1" step="1"/><E73/><REACH who="1" ten="82,216,390,302" step="2"/><V129/><F129/><W40/><G27/><T2/><D2/><U52/><E52/><V105/><F123/><W63/><G26/><T89/><D24/><U71/><E71/><V4/><F25/><W98/><G53/><T61/><D61/><U43/><E43/><V14/><F60/><W118/><G63/><T47/><REACH who="0" step="1"/><D91/><REACH who="0" ten="72,216,390,302" step="2"/><U36/><E36/><V13/><F90/><N who="3" m="55543" /><G118/><T75/><D75/><U62/><E62/><V122/><F122/><W7/><AGARI ba="1,2" hai="7,8,12,40,45,50,98,99" m="55543,8777" machi="7" ten="30,1500,0" yaku="8,1" doraHai="126" who="3" fromWho="3" sc="72,-6,216,-6,390,-6,302,38" /><INIT seed="3,2,0,1,0,79" ten="66,210,384,340" oya="3" hai0="27,44,24,68,59,39,81,77,63,70,121,135,74" hai1="80,31,9,118,0,41,127,89,134,3,133,23,62" hai2="97,87,108,120,64,91,105,92,132,36,76,60,124" hai3="86,21,45,110,101,48,42,95,128,56,13,114,99"/><W98/><G114/><T34/><D121/><U47/><E127/><V126/><F36/><W25/><G128/><T61/><D135/><N who="1" m="51723" /><E62/><V53/><F53/><W11/><G86/><T131/><D131/><U50/><E9/><V33/><F33/><W112/><G112/><T111/><D111/><U113/><E118/><V103/><F108/><W85/><G56/><T40/><D61/><U104/><E104/><V82/><F132/><W88/><G110/><T30/><REACH who="0" step="1"/><D24/><REACH who="0" ten="56,210,384,340" step="2"/><N who="1" m="16799" /><E113/><V19/><F120/><W125/><G125/><T37/><D37/><U7/><E7/><V117/><F117/><W38/><G38/><T22/><D22/><U75/><E89/><V32/><F32/><W17/><G101/><T116/><D116/><U28/><E28/><AGARI ba="2,1" hai="11,13,17,21,25,28,42,45,48,85,88,95,98,99" machi="28" ten="30,5800,0" yaku="7,1,8,1,54,1" doraHai="79" who="3" fromWho="1" sc="56,0,210,-64,384,0,340,74" /><INIT seed="3,3,0,5,3,129" ten="56,146,384,414" oya="3" hai0="116,5,102,63,118,89,6,48,55,135,72,90,94" hai1="128,112,13,62,29,75,131,42,10,71,69,125,8" hai2="53,113,109,91,127,19,12,106,33,27,44,24,120" hai3="40,111,52,67,86,37,14,39,82,70,50,7,15"/><W51/><G51/><T134/><D72/><U22/><E75/><V105/><F109/><W61/><G111/><T36/><D36/><U74/><E74/><V9/><F113/><W78/><G7/><T2/><D2/><U130/><E42/><V64/><F64/><W101/><G101/><T104/><D63/><U26/><E62/><V76/><F76/><W121/><G121/><T16/><D104/><U47/><E47/><V60/><F127/><W97/><G97/><T58/><D102/><U122/><E122/><V1/><F1/><W20/><G20/><T81/><D81/><U49/><E49/><V54/><F120/><W133/><G133/><N who="0" m="50699" /><D16/><N who="1" m="10511" /><E71/><V98/><F60/><W80/><G82/><T46/><D46/><U93/><E93/><V65/><F44/><N who="3" m="23583" /><G37/><T35/><D35/><N who="1" m="20919" /><E69/><V43/><F33/><W92/><G92/><T59/><D59/><AGARI ba="3,0" hai="14,15,50,52,59,61,67,70,78,80,86" m="23583" machi="59" ten="30,2900,0" yaku="24,1,54,1" doraHai="129" who="3" fromWho="0" sc="56,-38,146,0,384,0,414,38" /><INIT seed="3,4,0,3,3,87" ten="18,146,384,452" oya="3" hai0="78,132,29,118,128,89,88,58,130,105,65,117,25" hai1="18,7,79,98,1,122,50,94,48,15,127,34,121" hai2="95,85,70,39,76,93,42,44,5,81,67,134,47" hai3="22,35,116,27,60,23,71,109,99,104,14,123,119"/><W115/><G123/><T10/><D105/><U53/><E34/><V26/><F134/><W114/><G14/><T46/><D78/><U43/><E7/><V108/><F108/><W135/><G135/><T11/><D46/><U82/><E1/><V17/><F5/><W86/><G86/><T69/><D69/><U125/><E48/><V2/><F2/><W129/><G109/><T31/><D132/><U80/><E43/><V64/><F70/><W56/><G129/><T12/><D12/><U72/><E82/><V3/><F3/><W62/><G56/><T66/><REACH who="0" step="1"/><D58/><REACH who="0" ten="8,146,384,452" step="2"/><U30/><E121/><V106/><F106/><W9/><G71/><T126/><D126/><U32/><E122/><V51/><F44/><W73/><G104/><T68/><D68/><U97/><E125/><V107/><F107/><W75/><G119/><T59/><D59/><U102/><E127/><V112/><F112/><W63/><G116/><T120/><D120/><U0/><E15/><V54/><F39/><W124/><G124/><T45/><D45/><U133/><E133/><V92/><F42/><W4/><G115/><T61/><D61/><U111/><E111/><V6/><F6/><W103/><G4/><T110/><D110/><U21/><E79/><V90/><F76/><W36/><G36/><T77/><D77/><U100/><E72/><V16/><F26/><AGARI ba="4,1" hai="10,11,25,26,29,31,65,66,88,89,117,118,128,130" machi="26" ten="25,16000,3" yaku="1,1,22,2,52,2,54,1,53,2" doraHai="87" doraHaiUra="24" who="0" fromWho="2" sc="8,182,146,0,384,-172,452,0" /><INIT seed="4,0,0,3,2,25" ten="190,146,212,452" oya="0" hai0="59,116,82,113,62,80,74,108,112,37,48,104,3" hai1="4,43,119,123,28,134,101,51,13,20,121,32,91" hai2="73,19,7,21,131,40,15,36,33,60,6,27,22" hai3="87,29,55,17,46,75,85,38,61,44,34,10,5"/><T76/><D3/><U90/><E32/><V9/><F73/><W26/><G75/><T39/><D104/><U23/><E134/><V98/><F36/><W8/><G17/><T105/><D105/><U58/><E119/><V30/><F40/><W88/><G85/><T24/><D116/><U18/><E101/><V68/><F98/><W63/><G8/><T89/><D108/><U109/><E4/><N who="2" m="1579" /><F60/><W84/><G84/><T114/><D48/><U93/><E91/><V42/><F42/><W117/><G117/><T86/><REACH who="0" step="1"/><D24/><REACH who="0" ten="180,146,212,452" step="2"/><U125/><E109/><V53/><F131/><W130/><G130/><T124/><D124/><U2/><E125/><V11/><F68/><W133/><G133/><T69/><D69/><U128/><E2/><V35/><F53/><AGARI ba="0,1" hai="37,39,53,59,62,74,76,80,82,86,89,112,113,114" machi="53" ten="40,3900,0" yaku="1,1,15,1,53,0" doraHai="25" doraHaiUra="16" who="0" fromWho="2" sc="180,49,146,0,212,-39,452,0" /><INIT seed="4,1,0,5,0,50" ten="229,146,173,452" oya="0" hai0="130,86,73,116,133,24,84,77,34,65,10,52,22" hai1="6,46,107,53,37,75,81,126,38,134,5,28,55" hai2="112,109,119,7,66,44,96,85,110,104,15,49,11" hai3="121,78,88,27,123,31,94,118,124,12,1,45,100"/><T132/><D34/><U74/><E107/><V72/><F72/><N who="1" m="27689" /><E28/><V122/><F122/><W17/><G78/><T131/><D65/><U97/><E97/><V48/><F112/><W87/><G1/><T64/><D64/><U26/><E46/><V57/><F119/><W0/><G0/><T93/><D116/><U39/><E26/><V29/><F29/><W25/><G118/><T82/><D10/><U61/><E61/><V62/><F48/><W43/><G100/><T2/><D2/><U63/><E63/><V125/><F125/><W115/><G115/><T102/><D102/><U47/><E47/><V111/><F85/><W120/><G31/><N who="0" m="17815" /><D93/><U18/><E18/><V9/><F9/><N who="3" m="6287" /><G124/><T103/><D103/><U3/><E81/><V70/><F96/><W91/><G91/><T20/><D20/><U23/><E23/><V90/><F90/><W83/><G94/><T114/><D114/><U32/><E3/><V80/><F80/><W4/><G4/><N who="1" m="1642" /><E126/><V117/><F117/><W127/><G127/><T128/><D86/><U108/><E108/><V98/><F98/><W69/><G25/><T36/><D36/><U99/><E99/><V33/><F33/><W42/><G27/><T60/><D73/><U35/><E134/><V105/><REACH who="2" step="1"/><F70/><REACH who="2" ten="229,146,163,452" step="2"/><W101/><G69/><T113/><D113/><U19/><E19/><V76/><F76/><W13/><G83/><T40/><D40/><AGARI ba="1,1" hai="7,11,15,40,44,49,57,62,66,104,105,109,110,111" machi="40" ten="40,1300,0" yaku="1,1,53,0" doraHai="50" doraHaiUra="16" who="2" fromWho="0" sc="229,-16,146,0,163,26,452,0" /><INIT seed="5,0,0,3,0,112" ten="213,146,189,452" oya="1" hai0="103,63,91,17,127,46,20,122,3,11,90,79,52" hai1="54,92,47,99,0,6,38,98,59,74,94,58,105" hai2="18,95,125,69,81,37,109,107,108,131,85,25,117" hai3="26,89,2,119,121,68,48,97,66,16,67,40,30"/><U4/><E0/><V8/><F69/><W50/><G121/><T61/><D122/><U80/><E105/><V132/><F37/><W62/><G2/><T84/><D103/><U126/><E126/><V133/><F107/><W72/><G72/><T29/><D127/><U55/><E74/><V93/><F125/><W19/><G67/><T76/><D29/><U78/><E38/><V106/><F106/><W87/><G97/><T39/><D39/><U12/><E12/><N who="2" m="7431" /><F25/><W35/><G119/><T31/><D31/><U43/><E78/><N who="0" m="29737" /><D11/><U83/><REACH who="1" step="1"/><E47/><REACH who="1" ten="213,136,189,452" step="2"/><V53/><F131/><W36/><G36/><T45/><D3/><U116/><E116/><V64/><F109/><W41/><G26/><T44/><D46/><U86/><E86/><V51/><F108/><W60/><G87/><T135/><D84/><U33/><E33/><V56/><F117/><W21/><G35/><T24/><D45/><U120/><E120/><V110/><F110/><W88/><G41/><AGARI ba="0,1" hai="4,6,41,43,54,55,58,59,80,83,92,94,98,99" machi="41" ten="25,9600,0" yaku="1,1,22,2,8,1,53,0" doraHai="112" doraHaiUra="71" who="1" fromWho="3" sc="213,0,136,106,189,0,452,-96" /><INIT seed="5,1,0,1,5,18" ten="213,242,189,356" oya="1" hai0="120,30,133,65,110,41,127,27,58,123,100,135,43" hai1="26,36,68,29,91,46,134,69,44,45,42,95,10" hai2="32,94,88,25,7,3,87,52,14,19,99,53,128" hai3="112,40,28,1,15,86,132,0,71,66,106,89,129"/><U115/><E115/><V102/><F128/><W111/><G111/><T84/><D100/><U130/><E134/><N who="0" m="51209" /><D84/><U124/><E124/><V31/><F7/><W11/><G132/><T73/><D73/><U67/><E10/><V61/><F3/><W21/><G106/><T104/><D104/><U9/><E9/><V56/><F53/><W83/><G40/><N who="0" m="15435" /><D110/><U90/><E90/><V97/><REACH who="2" step="1"/><F102/><REACH who="2" ten="213,242,179,356" step="2"/><W82/><G129/><T2/><D2/><U81/><E130/><V92/><F92/><W22/><G0/><T77/><D127/><U93/><E42/><V59/><F59/><W63/><G1/><T107/><D107/><U76/><E36/><V38/><F38/><W109/><G109/><T16/><D77/><U118/><E93/><V78/><F78/><W119/><G119/><T75/><D75/><U57/><E118/><V24/><F24/><W70/><G71/><T60/><D120/><U103/><E103/><V72/><F72/><W8/><G112/><T47/><D123/><U126/><E126/><V13/><F13/><W20/><G15/><T34/><D47/><U5/><E5/><V116/><F116/><W17/><G82/><T108/><D108/><U49/><E68/><V121/><F121/><W51/><G28/><T6/><D6/><U4/><E4/><V125/><F125/><W62/><G83/><T105/><D105/><U35/><E81/><V55/><F55/><W33/><G70/><T80/><D80/><U122/><E76/><V101/><F101/><W113/><G113/><T39/><D39/><U114/><E69/><V96/><F96/><RYUUKYOKU ba="1,1" sc="213,15,242,-15,179,15,356,-15" hai0="16,27,30,34,58,60,65" hai2="14,19,25,31,32,52,56,61,87,88,94,97,99" /><INIT seed="6,2,1,5,0,96" ten="228,227,194,341" oya="2" hai0="71,15,61,20,48,112,14,125,57,75,2,44,91" hai1="87,0,58,27,126,42,46,64,54,63,22,101,9" hai2="59,52,117,110,18,118,76,124,62,34,108,129,56" hai3="12,35,11,100,7,6,16,31,89,128,121,127,29"/><V104/><F34/><W77/><G121/><T8/><D75/><U131/><E126/><V53/><F104/><W133/><G127/><T80/><D112/><U90/><E9/><V32/><F32/><W37/><G37/><T25/><D125/><U66/><E0/><V5/><F5/><N who="3" m="1547" /><G35/><T99/><D71/><U24/><E24/><V115/><F124/><W68/><G68/><T130/><D130/><U51/><E101/><V69/><F76/><W135/><G128/><T102/><D2/><U13/><E13/><V98/><F129/><W40/><G40/><T72/><D8/><U17/><REACH who="1" step="1"/><E131/><REACH who="1" ten="228,217,194,341" step="2"/><V74/><F115/><W84/><G100/><T1/><D1/><U78/><E78/><V36/><F18/><W94/><G77/><T107/><D25/><U106/><E106/><V30/><F30/><W85/><G31/><T88/><D14/><U79/><E79/><V134/><F134/><N who="3" m="51211" /><G29/><T97/><D15/><U21/><E21/><V73/><F117/><W70/><G70/><T26/><D20/><U119/><E119/><V55/><F69/><W60/><G11/><T123/><D26/><U116/><E116/><V114/><F114/><W50/><G12/><T103/><D123/><U82/><AGARI ba="2,2" hai="17,22,27,42,46,51,54,58,63,64,66,82,87,90" machi="82" ten="20,8000,1" yaku="1,1,0,1,7,1,8,1,53,1" doraHai="96" doraHaiUra="49" who="1" fromWho="1" sc="228,-22,217,106,194,-42,341,-22" /><INIT seed="7,0,0,3,2,9" ten="206,323,152,319" oya="3" hai0="26,33,85,22,59,118,95,68,27,65,62,61,28" hai1="39,55,56,120,128,76,102,51,46,126,21,133,112" hai2="71,108,41,8,38,1,113,132,73,50,23,96,86" hai3="69,64,88,49,60,84,15,81,104,0,106,54,134"/><W107/><G0/><T30/><D118/><U6/><E120/><V127/><F73/><W19/><G134/><T117/><D117/><U47/><E102/><V20/><F108/><W72/><G72/><T94/><D85/><U97/><E97/><V75/><F75/><W103/><G103/><T130/><D130/><U43/><E76/><V3/><F38/><W14/><REACH who="3" step="1"/><G19/><REACH who="3" ten="206,323,152,309" step="2"/><T25/><REACH who="0" step="1"/><D25/><REACH who="0" ten="196,323,152,309" step="2"/><U124/><E133/><V119/><F132/><W122/><G122/><T77/><D77/><U116/><E116/><V53/><F119/><W100/><G100/><T34/><D34/><U131/><E128/><V63/><F127/><W18/><G18/><T32/><D32/><U123/><E131/><V74/><F74/><W12/><G12/><T16/><D16/><U105/><E126/><V92/><F3/><W99/><G99/><T29/><D29/><U135/><E124/><V57/><F1/><W78/><G78/><T48/><D48/><U35/><E51/><V17/><F113/><W5/><G5/><T70/><D70/><U40/><E6/><V37/><F71/><W36/><G36/><T45/><D45/><AGARI ba="0,2" hai="14,15,45,49,54,60,64,69,81,84,88,104,106,107" machi="45" ten="40,12000,1" yaku="1,1,52,2,54,1,53,0" doraHai="9" doraHaiUra="90" who="3" fromWho="0" sc="196,-120,323,0,152,0,309,140" owari="76,-42.0,323,12.0,152,-25.0,449,55.0" /></mjloggm>