<mjloggm ver="2.3"><GO type="41" lobby="0"/><UN n0="%E5%B0%B1%E6%B4%BB%E7%94%9F%40%E5%B7%9D%E6%9D%91%E8%BB%8D%E5%9B%A3" n1="%6D%6F%6D%69%61%67%65%30" n2="%6D%75%63%68%E2%98%86" n3="%E5%A4%A9%E7%A5%9E%E4%B9%83%E9%9B%80" dan="15,15,14,15" rate="1957.66,1944.63,1951.75,1969.14" sx="M,M,M,M"/><TAIKYOKU oya="0"/><INIT seed="0,0,0,5,2,20" ten="250,250,250,250" oya="0" hai0="76,72,77,98,8,23,21,4,92,3,79,45,110" hai1="42,59,106,17,18,85,60,89,116,130,46,64,93" hai2="5,41,15,88,43,80,22,40,99,39,103,70,38" hai3="47,131,55,34,78,68,67,28,49,12,114,128,94"/><T95/><D72/><U9/><E130/><N who="3" m="49706" /><G114/><T2/><D110/><U48/><E106/><V27/><F70/><W107/><G107/><T32/><D32/><U33/><E33/><V126/><F126/><W84/><G12/><T83/><D83/><U31/><E31/><V108/><F108/><W26/><G67/><T127/><D127/><U87/><E116/><V91/><F15/><W82/><G94/><T11/><D45/><U53/><E9/><V123/><F5/><W113/><G113/><T57/><D57/><U129/><E129/><V52/><F123/><W24/><G68/><T134/><D134/><U120/><E120/><V97/><F39/><W30/><G34/><T118/><D118/><U122/><E122/><V36/><F36/><W65/><G65/><T63/><D63/><U71/><REACH who="1" step="1"/><E87/><REACH who="1" ten="250,240,250,250" step="2"/><V50/><F38/><AGARI ba="0,1" hai="17,18,38,42,46,48,53,59,60,64,71,85,89,93" machi="38" ten="30,12000,2" yaku="1,1,2,1,7,1,24,2,53,1" doraHai="20" doraHaiUra="37" who="1" fromWho="2" sc="250,0,240,130,250,-120,250,0" /><INIT seed="1,0,0,3,3,88" ten="250,370,130,250" oya="1" hai0="45,134,80,6,97,51,9,57,126,106,56,65,125" hai1="5,44,74,12,84,7,19,26,112,25,102,22,31" hai2="113,72,67,109,0,132,94,1,71,16,105,121,123" hai3="28,68,115,62,107,79,43,77,2,87,50,14,85"/><U35/><E74/><V92/><F105/><W78/><G115/><T42/><D134/><U130/><E130/><V89/><F72/><W49/><G107/><T118/><D118/><U116/><E116/><V10/><F113/><W83/><G2/><T128/><D128/><U108/><E108/><V95/><F109/><W66/><G28/><T48/><D80/><U101/><E112/><V27/><F132/><W34/><G34/><T91/><D51/><U46/><E102/><V36/><F36/><W29/><G29/><T23/><D23/><U54/><E101/><V4/><F0/><W39/><G39/><T135/><D135/><U13/><E13/><V93/><F67/><W59/><G43/><T40/><D40/><U99/><E99/><V100/><F71/><W24/><G24/><T117/><D117/><U111/><E111/><V38/><F38/><W127/><G127/><T3/><D65/><U133/><E133/><V18/><F100/><W104/><G104/><T60/><D60/><U98/><E98/><V81/><F81/><W63/><G14/><T69/><D69/><U21/><E84/><V41/><F41/><W37/><G37/><T120/><D120/><U73/><E73/><V53/><F53/><W110/><G110/><T75/><D75/><U119/><E119/><V55/><F55/><W122/><G122/><T15/><D3/><U129/><E129/><V124/><F124/><N who="0" m="47722" /><D106/><U82/><E82/><V20/><REACH who="2" step="1"/><F18/><REACH who="2" ten="250,370,120,250" step="2"/><W64/><REACH who="3" step="1"/><G83/><REACH who="3" ten="250,370,120,240" step="2"/><T8/><D42/><U47/><E54/><V86/><AGARI ba="0,2" hai="1,4,10,16,20,27,86,89,92,93,94,95,121,123" machi="86" ten="30,24000,4" yaku="1,1,2,1,0,1,52,4,54,1,53,4" doraHai="88" doraHaiUra="90" who="2" fromWho="2" sc="250,-60,370,-120,120,260,240,-60" /><INIT seed="2,0,0,3,1,70" ten="190,250,380,180" oya="2" hai0="40,22,62,110,37,0,125,34,101,32,85,63,78" hai1="58,39,23,56,20,30,46,5,57,75,15,25,44" hai2="95,124,21,51,131,115,60,43,47,71,100,9,121" hai3="31,33,87,54,84,106,96,55,41,69,104,128,7"/><V42/><F121/><W68/><G41/><T17/><D0/><U13/><E75/><V89/><F100/><W107/><G128/><T8/><D125/><U45/><E20/><V83/><F115/><W102/><G7/><T88/><D78/><U113/><E113/><V66/><F131/><W74/><G74/><T2/><D110/><U127/><E127/><V52/><F83/><W61/><G69/><T73/><D73/><U82/><E82/><V133/><F133/><W134/><G134/><T91/><D101/><U108/><E108/><V103/><F103/><W29/><G29/><T38/><D8/><U123/><E123/><V72/><F72/><W50/><G50/><T27/><D2/><U126/><E126/><V92/><F92/><W116/><G116/><T64/><D91/><U26/><E39/><V10/><F124/><W129/><G129/><T24/><D63/><U135/><E135/><V1/><F21/><W16/><G107/><T112/><D112/><U109/><E109/><V90/><F90/><W36/><G106/><T53/><D53/><U76/><E76/><V14/><F9/><W81/><G104/><T4/><D4/><U130/><E130/><V3/><F1/><W122/><G68/><T80/><D40/><U28/><E5/><V77/><F77/><W79/><G122/><T118/><D118/><U93/><E93/><V119/><F3/><W98/><G102/><T11/><D11/><U120/><E120/><V132/><F132/><W86/><G79/><T35/><D27/><N who="1" m="10251" /><E23/><V114/><F119/><W111/><G33/><T94/><D94/><RYUUKYOKU ba="0,0" sc="190,15,250,15,380,-15,180,-15" hai0="17,22,24,32,34,35,37,38,62,64,80,85,88" hai1="13,15,28,30,44,45,46,56,57,58" /><INIT seed="3,1,0,5,5,47" ten="205,265,365,165" oya="3" hai0="105,27,54,28,46,104,116,85,84,93,75,12,112" hai1="30,87,123,49,44,95,110,90,0,45,32,65,83" hai2="14,129,113,77,21,7,41,6,131,134,106,128,39" hai3="24,96,78,74,108,57,111,81,102,13,22,43,61"/><W2/><G2/><T36/><D75/><U82/><E110/><N who="3" m="42026" /><G43/><T130/><D116/><U64/><E0/><V125/><F106/><N who="3" m="63815" /><G13/><T92/><D112/><U109/><E123/><V80/><F113/><W67/><G22/><T19/><D130/><U52/><E109/><V135/><F41/><W16/><G24/><T100/><D104/><U86/><E44/><V89/><F39/><W59/><G59/><T56/><D105/><U97/><E30/><V127/><F21/><W34/><G34/><T53/><D36/><U62/><E32/><V9/><F6/><W33/><G33/><T98/><D46/><U69/><REACH who="1" step="1"/><E65/><REACH who="1" ten="205,255,365,165" step="2"/><V15/><F7/><W20/><G20/><T66/><D66/><U31/><E31/><V58/><F9/><W122/><G122/><T4/><D28/><U120/><E120/><V115/><F115/><W71/><G71/><T133/><D133/><N who="2" m="50698" /><F58/><W68/><G68/><T63/><D56/><U8/><E8/><V91/><F15/><W117/><G117/><T26/><D54/><U121/><E121/><V50/><F14/><W126/><G126/><N who="2" m="48137" /><F50/><W48/><G48/><T103/><D53/><U3/><E3/><V76/><F76/><W70/><G70/><T94/><D63/><U35/><E35/><V1/><F1/><W132/><G132/><T18/><D12/><U99/><E99/><V23/><F23/><W11/><G11/><T25/><D4/><U119/><E119/><V38/><F38/><W17/><AGARI ba="1,1" hai="16,17,57,61,67,74,78,81" m="63815,42026" machi="17" ten="30,6000,0" yaku="14,1,10,1,54,1" doraHai="47" who="3" fromWho="3" sc="205,-21,255,-21,365,-21,165,73" /><INIT seed="3,2,0,4,2,15" ten="184,234,344,238" oya="3" hai0="22,104,100,134,38,96,14,30,44,84,58,130,46" hai1="129,55,21,128,120,23,131,35,102,9,103,63,4" hai2="11,98,42,34,68,51,113,67,135,49,50,110,10" hai3="105,17,45,12,127,57,13,36,86,109,2,5,54"/><W99/><G127/><T125/><D130/><U82/><E120/><V124/><F34/><W92/><G109/><T48/><D125/><U89/><E35/><V126/><F113/><W117/><G117/><T122/><D122/><U56/><E89/><V6/><F110/><W25/><G105/><T19/><D134/><U119/><E82/><V97/><F135/><W27/><G86/><T106/><D106/><U24/><E119/><V112/><F42/><W132/><G132/><T71/><D71/><U88/><E88/><V87/><F112/><W66/><G66/><T53/><D38/><U74/><E74/><V79/><F67/><W33/><G45/><T60/><D30/><U18/><REACH who="1" step="1"/><E23/><REACH who="1" ten="184,224,344,238" step="2"/><V101/><F124/><W91/><G33/><T76/><D76/><U37/><E37/><V78/><F126/><W93/><G93/><T80/><D80/><U107/><E107/><V20/><F20/><N who="3" m="11311" /><G36/><T70/><D84/><U16/><E16/><V28/><F87/><W85/><G85/><T65/><AGARI ba="2,1" hai="14,19,22,44,46,48,53,58,60,65,70,96,100,104" machi="65" ten="30,2000,0" yaku="0,1,52,1" doraHai="15" who="0" fromWho="0" sc="184,36,224,-7,344,-7,238,-12" /><INIT seed="4,0,0,5,3,73" ten="220,217,337,226" oya="0" hai0="115,13,65,75,86,117,55,10,42,6,60,89,98" hai1="77,129,15,108,87,70,93,99,45,59,11,8,26" hai2="3,12,44,36,107,4,37,67,24,22,40,111,102" hai3="109,82,119,41,80,84,0,72,131,50,61,25,128"/><T46/><D75/><U30/><E108/><V113/><F111/><W103/><G119/><T58/><D117/><U48/><E129/><N who="3" m="49738" /><G0/><T81/><D115/><U79/><E70/><V74/><F36/><W53/><G103/><T135/><D135/><U97/><E87/><V110/><F110/><W66/><G41/><T54/><REACH who="0" step="1"/><D98/><REACH who="0" ten="210,217,337,226" step="2"/><U69/><E99/><V9/><F74/><W127/><G109/><T56/><D56/><U71/><E71/><V57/><F113/><W126/><G72/><T95/><D95/><U21/><E69/><V121/><F57/><W96/><G96/><T19/><D19/><N who="1" m="8703" /><E59/><V130/><F130/><W14/><G127/><T52/><D52/><N who="1" m="29711" /><E8/><V123/><F67/><W7/><G66/><T116/><D116/><U23/><E23/><V112/><F112/><W29/><G126/><T134/><D134/><U28/><E28/><V76/><F123/><W34/><G29/><T63/><D63/><U124/><E124/><V94/><F121/><W18/><G61/><T88/><D88/><AGARI ba="0,1" hai="21,26,30,77,79,88,93,97" m="29711,8703" machi="88" ten="30,8000,1" yaku="8,1,52,2,54,2" doraHai="73" who="1" fromWho="0" sc="210,-80,217,90,337,0,226,0" /><INIT seed="5,0,0,3,4,15" ten="130,307,337,226" oya="1" hai0="107,0,78,85,98,31,105,68,108,81,99,100,83" hai1="61,29,124,126,6,129,119,95,76,62,102,79,114" hai2="36,44,132,40,131,10,96,82,127,50,45,72,5" hai3="12,59,118,88,111,8,11,103,65,70,51,46,38"/><U49/><E119/><V69/><F69/><W41/><G118/><T17/><D68/><U106/><E114/><V55/><F127/><N who="1" m="48681" /><E129/><V121/><F121/><W67/><G111/><T60/><D0/><U130/><E130/><V33/><F33/><W120/><G120/><T52/><D108/><U73/><E106/><V75/><F131/><W1/><G103/><T18/><D31/><U30/><E6/><V86/><F96/><W53/><G1/><T57/><D83/><N who="1" m="45455" /><E79/><V90/><F132/><W122/><G122/><T66/><D66/><U43/><E102/><AGARI ba="0,0" hai="17,18,52,57,60,78,81,85,98,99,100,102,105,107" machi="102" ten="40,8000,1" yaku="9,1,52,2,54,1" doraHai="15" who="0" fromWho="1" sc="130,80,307,-80,337,0,226,0" /><INIT seed="6,0,0,2,5,41" ten="210,227,337,226" oya="2" hai0="107,76,6,119,68,13,130,115,65,118,114,48,110" hai1="19,57,36,7,18,14,25,28,99,82,55,128,64" hai2="97,33,123,77,81,49,111,45,73,98,21,26,125" hai3="35,92,44,30,87,94,46,29,106,17,1,131,11"/><V132/><F123/><W63/><G106/><T59/><D107/><U54/><E128/><V117/><F33/><W43/><G131/><T34/><D34/><U96/><E36/><V67/><F117/><N who="0" m="44554" /><D76/><U71/><E71/><V32/><F32/><W47/><G35/><T62/><D6/><U51/><E64/><V104/><F67/><W3/><G3/><T23/><D23/><N who="1" m="15423" /><E82/><V74/><F111/><W95/><G43/><T124/><D13/><U27/><E7/><V5/><F5/><W60/><G1/><T105/><D105/><U127/><E127/><V0/><F0/><W66/><G87/><T56/><D110/><U108/><E108/><V88/><F125/><W109/><G109/><T31/><D31/><N who="3" m="11785" /><G66/><T70/><D130/><U120/><E120/><V75/><F104/><W2/><G2/><T116/><N who="0" m="44562" /><T37/><DORA hai="101" /><D37/><U8/><E55/><V79/><F77/><W38/><G38/><T69/><D124/><U122/><E122/><V126/><F126/><W113/><G113/><N who="0" m="43019" /><D56/><U83/><E83/><V86/><F79/><W52/><G52/><AGARI ba="0,0" hai="48,52,59,62,65,68,69,70" m="43019,44562" machi="52" ten="50,8000,1" yaku="12,1,15,1,34,2,54,1" doraHai="41,101" who="0" fromWho="3" sc="210,80,227,0,337,0,226,-80" /><INIT seed="7,0,0,0,2,85" ten="290,227,337,146" oya="3" hai0="120,115,64,88,129,58,50,80,59,113,76,5,93" hai1="39,78,43,42,18,11,116,19,15,56,26,62,47" hai2="63,109,10,91,36,38,65,12,61,114,70,2,96" hai3="110,8,71,132,49,1,35,122,133,32,29,127,86"/><W44/><G71/><T121/><D5/><U41/><E116/><V97/><F109/><W24/><G122/><T124/><D124/><U81/><E26/><V83/><F2/><W92/><G127/><T25/><D129/><U82/><E19/><V112/><F96/><W69/><G69/><T9/><D9/><U21/><E21/><V14/><F14/><W128/><G128/><T75/><D113/><N who="2" m="43626" /><F63/><W34/><G110/><T68/><D115/><U66/><REACH who="1" step="1"/><E82/><REACH who="1" ten="290,217,337,146" step="2"/><V89/><F83/><W79/><G8/><T94/><D25/><U99/><E99/><V28/><F28/><W90/><G79/><T125/><D125/><U101/><E101/><V40/><F97/><W102/><G102/><T23/><D23/><U105/><E105/><V7/><F40/><W74/><G74/><AGARI ba="0,1" hai="11,15,18,39,41,42,43,47,56,62,66,74,78,81" machi="74" ten="30,2000,0" yaku="1,1,7,1,53,0" doraHai="85" doraHaiUra="27" who="1" fromWho="3" sc="290,0,217,30,337,0,146,-20" owari="290,9.0,247,-15.0,337,43.0,126,-37.0" /></mjloggm>