<mjloggm ver="2.3"><GO type="97" lobby="0"/><UN n0="%E7%A5%9E%E5%B4%8E%E3%83%BB%EF%BC%A8%E3%83%BB%E3%82%A2%E3%83%AA%E3%82%A2" n1="%E2%97%86%E3%82%82%E3%81%86%E3%82%89%E2%97%86" n2="%E3%81%A8%E3%81%86%E3%81%8B%E3%81%84%E3%81%A6%E3%81%84%E3%81%8A%E3%81%86" n3="%E3%83%88%E3%83%88%E3%83%AA%E5%85%88%E7%94%9F%31%39%E6%AD%B3" dan="13,15,14,15" rate="1865.18,1923.07,1955.86,2061.52" sx="M,M,M,F"/><TAIKYOKU oya="0"/><INIT seed="0,0,0,5,2,126" ten="250,250,250,250" oya="0" hai0="121,124,54,25,86,7,49,18,55,97,13,20,52" hai1="89,40,46,48,85,74,95,96,132,33,14,67,26" hai2="3,92,119,116,120,19,53,51,102,90,34,50,73" hai3="111,29,68,134,42,12,87,8,66,6,122,82,105"/><T65/><D121/><U128/><E132/><V23/><F3/><W114/><G114/><T0/><D124/><U60/><E74/><V81/><F120/><W79/><G122/><T108/><D108/><U71/><E14/><V113/><F34/><W69/><G105/><T16/><D65/><U61/><E61/><V43/><F43/><W37/><G134/><T17/><D97/><U133/><E133/><V56/><F102/><W5/><G111/><T9/><D86/><U77/><E33/><V88/><F113/><W80/><G66/><T64/><D64/><U101/><E26/><V11/><F11/><W112/><G112/><T1/><REACH who="0" step="1"/><D49/><REACH who="0" ten="240,250,250,250" step="2"/><U127/><E127/><V2/><F51/><W57/><G87/><T131/><D131/><U110/><E110/><V58/><F119/><W44/><G68/><T59/><D59/><U63/><E63/><V72/><F116/><W135/><G57/><T31/><AGARI ba="0,1" hai="0,1,7,9,13,16,17,18,20,25,31,52,54,55" machi="31" ten="30,11700,0" yaku="1,1,0,1,54,2,53,0" doraHai="126" doraHaiUra="45" who="0" fromWho="0" sc="240,127,250,-39,250,-39,250,-39" /><INIT seed="0,1,0,0,1,89" ten="367,211,211,211" oya="0" hai0="87,91,105,130,95,46,100,117,31,127,113,63,78" hai1="102,77,101,75,82,96,132,8,39,131,55,81,3" hai2="115,52,134,62,106,43,22,14,76,44,26,109,28" hai3="30,23,94,24,51,17,35,64,119,42,128,86,54"/><T19/><D117/><U13/><E131/><V71/><F106/><W0/><G119/><T66/><D130/><U123/><E132/><V58/><F115/><W10/><G128/><T47/><D127/><U20/><E123/><V2/><F2/><W98/><G42/><T9/><D113/><U118/><E118/><V116/><F116/><W40/><G40/><T37/><D78/><U125/><E125/><V36/><F134/><W124/><G124/><T12/><D37/><U61/><E39/><V69/><F109/><W68/><G86/><T84/><D31/><U112/><E112/><V93/><F76/><W70/><G64/><T15/><D15/><U34/><E34/><V114/><F114/><W129/><G129/><T74/><D74/><U59/><E82/><V25/><F14/><W99/><G99/><T65/><D65/><U97/><E3/><V57/><F57/><W104/><G104/><T133/><D133/><U60/><E20/><V85/><REACH who="2" step="1"/><F26/><REACH who="2" ten="367,211,201,211" step="2"/><W108/><G108/><T45/><D105/><U56/><E77/><V21/><F21/><W4/><G35/><T80/><D100/><U33/><E13/><V126/><F126/><W6/><G68/><T48/><D45/><U5/><E33/><V18/><F18/><W53/><G70/><T38/><D46/><U79/><E59/><V72/><F72/><W29/><G4/><T121/><D121/><U50/><E5/><V111/><F111/><W11/><G11/><T49/><D47/><N who="1" m="28127" /><E8/><V110/><F110/><W73/><G73/><T135/><D135/><U107/><E56/><V16/><F16/><RYUUKYOKU ba="1,1" sc="367,-15,211,15,201,15,211,-15" hai1="60,61,75,79,81,96,97,101,102,107" hai2="22,25,28,36,43,44,52,58,62,69,71,85,93" /><INIT seed="1,2,1,2,4,107" ten="352,226,216,196" oya="1" hai0="6,103,74,113,31,63,114,102,131,4,76,53,95" hai1="21,16,125,44,19,35,25,93,29,46,116,36,18" hai2="97,99,58,51,111,122,87,27,75,14,3,86,79" hai3="37,59,5,85,65,115,117,80,1,134,118,91,23"/><U15/><E125/><V108/><F3/><W123/><G115/><T20/><D131/><U73/><E116/><N who="3" m="44650" /><G123/><T133/><D114/><U22/><E73/><V94/><F122/><W89/><G37/><T13/><D133/><U127/><E127/><V55/><F27/><W39/><G39/><T67/><D113/><U40/><E46/><V61/><F14/><W30/><G134/><T50/><D74/><U48/><E36/><V126/><F126/><W41/><G41/><T77/><D67/><U11/><REACH who="1" step="1"/><E93/><REACH who="1" ten="352,216,216,196" step="2"/><V100/><F99/><W105/><G105/><T56/><D95/><U0/><E0/><V42/><F75/><W69/><G1/><T26/><D103/><U66/><E66/><V43/><F79/><N who="0" m="30282" /><D102/><U17/><AGARI ba="2,2" hai="11,15,16,17,18,19,21,22,25,29,35,40,44,48" machi="17" ten="30,6000,0" yaku="1,1,0,1,54,1,53,0" doraHai="107" doraHaiUra="49" who="1" fromWho="1" sc="352,-22,216,86,216,-22,196,-22" /><INIT seed="1,3,0,5,3,84" ten="330,302,194,174" oya="1" hai0="90,118,22,8,99,103,65,128,30,31,68,1,121" hai1="42,107,92,101,39,89,52,134,24,66,37,83,41" hai2="34,10,5,125,73,115,20,63,78,124,49,74,104" hai3="109,70,130,4,40,112,80,88,45,95,72,64,123"/><U57/><E134/><V61/><F34/><W47/><G123/><T19/><D121/><U111/><E83/><V131/><F104/><W110/><G112/><T43/><D118/><U91/><E66/><V35/><F35/><W17/><G130/><T86/><D128/><U33/><E107/><V127/><F131/><W58/><G70/><T67/><D68/><U27/><E111/><N who="3" m="42506" /><G4/><T77/><D43/><N who="1" m="16395" /><E33/><V75/><F78/><N who="3" m="44103" /><G17/><T108/><D77/><U82/><E39/><V96/><F115/><W15/><G15/><T60/><D108/><U135/><E37/><V50/><F96/><N who="3" m="57447" /><G40/><T16/><D67/><U6/><E6/><V62/><F20/><W11/><G11/><T51/><D51/><U76/><E135/><V106/><F106/><W29/><G29/><T113/><D113/><U32/><E32/><V38/><F38/><W98/><G98/><T93/><D1/><AGARI ba="3,0" hai="1,5,10,49,50,61,62,63,73,74,75,124,125,127" machi="1" ten="50,6400,0" yaku="29,2,18,1" doraHai="84" who="2" fromWho="0" sc="330,-73,302,0,194,73,174,0" /><INIT seed="2,0,0,5,5,40" ten="257,302,267,174" oya="2" hai0="69,32,41,31,119,6,47,134,115,78,114,45,2" hai1="129,110,112,80,124,83,64,43,55,72,126,63,67" hai2="128,49,62,95,36,132,93,17,103,59,85,13,118" hai3="92,105,107,106,26,123,82,37,27,30,57,121,74"/><V113/><F118/><W24/><G37/><T53/><D119/><U88/><E112/><V116/><F36/><W42/><G42/><T8/><D134/><U73/><E129/><V5/><F116/><W127/><G92/><T4/><D69/><U86/><E110/><V1/><F1/><W77/><G30/><T60/><D78/><U10/><E43/><V35/><F5/><W133/><G133/><T91/><D91/><U16/><E80/><V58/><F35/><W7/><G7/><T97/><D97/><U100/><E100/><V87/><F132/><W108/><G57/><T131/><D131/><U46/><E72/><V20/><F128/><W71/><G71/><T79/><D79/><U68/><E67/><N who="2" m="39383" /><F113/><W29/><G29/><T122/><D122/><U101/><E101/><V76/><F103/><W66/><G66/><T28/><D6/><U23/><E73/><V12/><F12/><W96/><G96/><T117/><D117/><U0/><E0/><V111/><F111/><W98/><G98/><T65/><D115/><U135/><E135/><V75/><F75/><W39/><G39/><T81/><D114/><U34/><E34/><V33/><F33/><W94/><G108/><T21/><D32/><U48/><REACH who="1" step="1"/><E10/><REACH who="1" ten="257,292,267,174" step="2"/><V22/><F22/><W125/><REACH who="3" step="1"/><G94/><REACH who="3" ten="257,292,267,164" step="2"/><T19/><D2/><U9/><E9/><V25/><F95/><W50/><G50/><T84/><D8/><U14/><AGARI ba="0,2" hai="14,16,23,46,48,55,63,64,68,83,86,88,124,126" machi="14" ten="30,8000,1" yaku="1,1,0,1,52,1,54,2,53,0" doraHai="40" doraHaiUra="130" who="1" fromWho="1" sc="257,-20,292,100,267,-40,164,-20" /><INIT seed="3,0,0,3,5,131" ten="237,392,227,144" oya="3" hai0="23,114,117,89,127,29,59,56,31,90,112,113,28" hai1="115,110,39,135,130,32,77,103,71,92,11,86,25" hai2="106,80,41,98,46,97,74,108,5,100,20,109,66" hai3="21,8,47,83,45,4,65,133,88,129,105,43,93"/><W10/><G105/><T111/><D117/><U42/><E130/><V34/><F34/><W12/><G129/><T99/><D111/><N who="2" m="42570" /><F97/><W91/><G133/><T44/><D127/><U30/><E135/><V33/><F33/><W69/><G69/><T68/><D68/><U72/><E115/><N who="0" m="29441" /><T70/><DORA hai="1" /><D70/><U81/><E71/><V26/><F5/><N who="3" m="3151" /><G65/><T95/><D44/><N who="3" m="16969" /><G43/><T84/><D23/><U134/><E110/><V55/><F55/><W51/><G51/><T121/><D121/><U128/><E134/><V18/><F66/><W16/><G83/><AGARI ba="0,0" hai="28,29,31,56,59,83,84,89,90,95,99" m="29441" machi="83" ten="40,1300,0" yaku="11,1" doraHai="131,1" who="0" fromWho="3" sc="237,13,392,0,227,0,144,-13" owari="250,5.0,392,49.0,227,-17.0,131,-37.0" /></mjloggm>