<mjloggm ver="2.3"><GO type="41" lobby="0"/><UN n0="%6D%61%65%2D%30%31%32%37" n1="%E5%B0%B1%E6%B4%BB%E7%94%9F%40%E5%B7%9D%E6%9D%91%E8%BB%8D%E5%9B%A3" n2="%74%75%72%62%6F%38%38" n3="%67%6F%6F%63%68%61%6E%32" dan="15,15,13,13" rate="2013.98,2017.30,1900.52,2064.48" sx="M,M,M,M"/><TAIKYOKU oya="0"/><INIT seed="0,0,0,5,2,86" ten="250,250,250,250" oya="0" hai0="103,125,96,34,61,50,90,113,12,106,119,131,70" hai1="49,92,55,108,29,46,35,57,38,28,85,67,23" hai2="15,33,114,45,109,56,122,8,41,81,126,2,73" hai3="84,53,123,42,20,100,14,52,64,132,1,74,40"/><T124/><D119/><U4/><E108/><V99/><F122/><W95/><G74/><T60/><D113/><U3/><E35/><V66/><F114/><W101/><G1/><T37/><D37/><U16/><E3/><V31/><F56/><W51/><G64/><T22/><D34/><U21/><E4/><N who="2" m="1047" /><F15/><W39/><G39/><T69/><D131/><U58/><E38/><N who="2" m="21687" /><F66/><W91/><G132/><T135/><D135/><U116/><E116/><V88/><F88/><N who="3" m="53639" /><G123/><T129/><D50/><U128/><E128/><V11/><F11/><W47/><G53/><T17/><D129/><U24/><E67/><V18/><F126/><N who="0" m="48746" /><D90/><N who="1" m="53327" /><E29/><V87/><F31/><W9/><G91/><T93/><D106/><U89/><E89/><V111/><F111/><W48/><G20/><T104/><D104/><U79/><E79/><V6/><F33/><W94/><G94/><T26/><D26/><AGARI ba="0,0" hai="16,21,23,24,26,28,46,49,55,57,58" m="53327" machi="26" ten="30,3900,0" yaku="8,1,52,1,54,1" doraHai="86" who="1" fromWho="0" sc="250,-39,250,39,250,0,250,0" /><INIT seed="1,0,0,4,3,3" ten="211,289,250,250" oya="1" hai0="26,12,60,72,73,65,79,24,103,74,1,109,106" hai1="101,9,97,17,89,120,49,13,123,90,108,100,69" hai2="127,37,27,125,88,75,21,51,96,11,52,86,16" hai3="47,39,41,8,119,44,30,92,18,66,114,94,130"/><U134/><E69/><V110/><F37/><W6/><G119/><T121/><D109/><U113/><E113/><V132/><F110/><W63/><G130/><T43/><D121/><U32/><E32/><V14/><F75/><W48/><G18/><T59/><D1/><U128/><E128/><V50/><F96/><W95/><G30/><T87/><D43/><U122/><E134/><V20/><F132/><W78/><G78/><T102/><D12/><U54/><E108/><V129/><F129/><W93/><G114/><T111/><D111/><U117/><E117/><V115/><F115/><W77/><G77/><T126/><D126/><N who="2" m="48138" /><F52/><W34/><G34/><T116/><D116/><U42/><E42/><V105/><F105/><W40/><N who="3" m="24064" /><DORA hai="133" /><W15/><G63/><T85/><D79/><U99/><E99/><V19/><F21/><W82/><G66/><T0/><D0/><U107/><REACH who="1" step="1"/><E100/><REACH who="1" ten="211,279,250,250" step="2"/><V4/><F19/><W57/><REACH who="3" step="1"/><G57/><AGARI ba="0,1" hai="9,13,17,49,54,57,89,90,97,101,107,120,122,123" machi="57" ten="40,3900,0" yaku="1,1,2,1,53,0" doraHai="3,133" doraHaiUra="71,91" who="1" fromWho="3" sc="211,0,279,49,250,0,250,-39" /><INIT seed="1,1,0,5,1,27" ten="211,328,250,211" oya="1" hai0="99,39,95,127,89,97,134,71,49,103,81,128,123" hai1="126,9,58,14,16,47,122,62,86,117,106,133,114" hai2="60,1,102,76,44,65,67,135,51,80,75,74,112" hai3="54,84,110,34,36,66,83,45,59,92,69,13,28"/><U22/><E122/><V130/><F1/><W70/><G110/><T43/><D39/><U0/><E117/><V109/><F112/><W88/><G36/><T63/><D71/><U79/><E106/><V30/><F135/><W72/><G45/><T15/><D63/><U24/><E114/><V48/><F130/><W121/><G121/><T119/><D15/><U40/><E133/><V2/><F2/><W132/><G132/><T118/><D49/><N who="1" m="26855" /><E0/><V10/><F10/><W38/><G38/><T7/><D43/><U101/><E101/><V94/><F102/><W52/><G54/><T8/><D7/><U113/><E126/><V55/><F51/><W93/><G66/><T78/><D8/><U25/><E113/><V42/><F67/><W3/><G3/><T18/><D18/><U6/><E25/><V124/><F74/><W32/><G72/><N who="0" m="43207" /><D134/><U116/><E116/><N who="0" m="44585" /><D123/><U35/><E35/><V107/><F65/><W12/><G32/><T19/><D19/><U29/><E86/><V82/><F75/><W46/><G46/><T68/><D68/><U53/><E79/><V37/><F76/><W131/><G69/><T33/><D33/><U104/><E104/><V41/><F107/><W57/><G57/><T100/><D127/><U87/><E87/><V73/><F124/><W64/><G59/><T120/><D120/><U56/><E56/><V105/><F73/><W77/><G64/><T96/><D128/><U50/><E62/><V98/><F60/><W108/><G70/><T23/><D23/><U125/><E125/><V17/><F105/><W5/><G131/><RYUUKYOKU ba="1,0" sc="211,15,328,15,250,-15,211,-15" hai0="89,95,96,97,99,100,103" hai1="6,9,14,16,22,24,29,50,53,58" /><INIT seed="1,2,0,0,1,73" ten="226,343,235,196" oya="1" hai0="81,12,35,115,17,41,108,130,107,121,11,89,70" hai1="124,117,72,135,23,106,92,15,132,66,9,111,59" hai2="18,74,56,19,21,90,42,31,122,84,34,71,32" hai3="86,63,10,47,88,112,58,28,3,57,61,26,93"/><U25/><E106/><V134/><F71/><W114/><G47/><T77/><D108/><U87/><E72/><V68/><F68/><W36/><G36/><T53/><D70/><U4/><E117/><V78/><F34/><W20/><G3/><T131/><D35/><U39/><E39/><V97/><F32/><W13/><G58/><T102/><D115/><U40/><E40/><V82/><F134/><N who="1" m="51241" /><E124/><V44/><F56/><W54/><REACH who="3" step="1"/><G61/><REACH who="3" ten="226,343,235,186" step="2"/><T133/><D41/><U103/><E59/><V105/><F122/><W45/><G45/><T60/><D121/><U128/><E128/><V98/><F31/><W27/><G27/><T99/><D131/><U75/><E66/><V113/><F113/><W118/><G118/><T2/><D130/><U37/><E37/><V29/><F29/><W30/><G30/><T43/><D2/><U101/><E111/><V69/><F69/><W49/><G49/><T116/><D43/><U8/><E75/><V80/><F44/><W33/><G33/><T50/><D116/><U85/><E25/><V123/><F42/><W62/><G62/><T104/><D60/><U126/><E126/><V65/><F123/><W129/><G129/><T6/><D133/><U64/><E64/><V79/><F65/><W38/><G38/><T22/><D50/><U83/><E15/><V7/><F74/><W110/><G110/><T1/><D53/><U94/><E4/><AGARI ba="2,1" hai="4,10,13,20,26,28,54,57,63,86,88,93,112,114" machi="4" ten="30,7700,0" yaku="1,1,7,1,54,1,53,1" doraHai="73" doraHaiUra="0" who="3" fromWho="1" sc="226,0,343,-83,235,0,186,93" /><INIT seed="2,0,0,3,0,23" ten="226,260,235,279" oya="2" hai0="44,7,83,33,66,116,131,134,56,39,42,1,47" hai1="61,71,135,111,123,30,101,80,84,125,90,108,37" hai2="38,105,54,48,63,68,25,17,46,57,107,74,49" hai3="43,28,36,24,112,75,50,99,127,96,12,67,2"/><V29/><F74/><W62/><G36/><T133/><D33/><U52/><E37/><V32/><F38/><W58/><G2/><T129/><D7/><U60/><E123/><V70/><F70/><W40/><G75/><T5/><D1/><U10/><E125/><V14/><F68/><W120/><G120/><T73/><D5/><U104/><E135/><N who="0" m="51721" /><D83/><U69/><E30/><V76/><F76/><W81/><G127/><T9/><D9/><U91/><E104/><V103/><F103/><W41/><G112/><T124/><D73/><U45/><E101/><V78/><F78/><W19/><G81/><T86/><D86/><U95/><E10/><V34/><F34/><W102/><G96/><T20/><D20/><U8/><E8/><V85/><F85/><W100/><G100/><T88/><D88/><U93/><E80/><V97/><F97/><W77/><G77/><T11/><D11/><U6/><E6/><V64/><F49/><W26/><G28/><T98/><D98/><U117/><E117/><V65/><F65/><W51/><G19/><T87/><D87/><U53/><E84/><V79/><F79/><W114/><G12/><T109/><D124/><U22/><E22/><AGARI ba="0,0" hai="14,17,22,25,29,32,46,48,54,57,63,64,105,107" machi="22" ten="30,2900,0" yaku="7,1,52,1" doraHai="23" who="2" fromWho="1" sc="226,0,260,-29,235,29,279,0" /><INIT seed="2,1,0,1,0,129" ten="226,231,264,279" oya="2" hai0="89,22,37,47,43,41,24,29,20,135,128,86,84" hai1="35,38,52,104,69,97,39,111,130,94,79,56,30" hai2="19,75,25,116,7,67,71,126,60,65,54,48,120" hai3="100,33,82,28,110,74,124,109,1,49,12,27,122"/><V68/><F75/><W45/><G100/><T77/><D128/><U64/><E130/><V98/><F120/><W21/><G122/><T58/><D43/><U90/><E111/><V72/><F72/><W76/><G124/><T59/><D135/><U14/><E104/><V103/><F126/><W23/><G1/><T78/><D84/><U13/><E79/><V134/><F134/><W123/><G123/><T31/><D77/><U36/><E64/><V114/><F7/><W62/><G62/><T91/><D78/><U40/><E40/><V127/><F127/><W88/><G12/><T5/><D5/><U121/><E69/><V44/><F116/><W66/><G66/><T70/><D70/><U105/><E105/><V96/><F114/><W11/><G11/><T83/><REACH who="0" step="1"/><D91/><REACH who="0" ten="216,231,264,279" step="2"/><U107/><E121/><V133/><F133/><W46/><G88/><T92/><D92/><U87/><E107/><V8/><F68/><W0/><G110/><T81/><D81/><U85/><E85/><V131/><F131/><W10/><G109/><T9/><D9/><U63/><E87/><V17/><F71/><W26/><G10/><T16/><D16/><U51/><E30/><V112/><F8/><W119/><G82/><T108/><D108/><U106/><E106/><V57/><F17/><W32/><G76/><T101/><D101/><U53/><REACH who="1" step="1"/><E35/><REACH who="1" ten="216,221,264,279" step="2"/><V4/><F112/><W132/><G32/><T95/><D95/><U6/><E6/><V15/><F4/><W55/><G33/><T61/><D61/><U34/><E34/><V93/><F60/><W117/><G132/><RYUUKYOKU ba="1,2" sc="216,15,221,15,264,-15,279,-15" hai0="20,22,24,29,31,37,41,47,58,59,83,86,89" hai1="13,14,36,38,39,51,52,53,56,63,90,94,97" /><INIT seed="3,2,2,5,0,87" ten="231,236,249,264" oya="3" hai0="17,53,65,76,132,24,52,10,92,116,102,55,88" hai1="105,58,13,32,9,94,119,60,78,39,86,100,5" hai2="134,80,51,61,25,118,110,123,109,98,42,81,127" hai3="66,85,131,33,47,126,22,30,4,82,75,91,114"/><W117/><G117/><T113/><D113/><U135/><E119/><V107/><F118/><W40/><G33/><T112/><D112/><U62/><E32/><V125/><F25/><W121/><G121/><T15/><D132/><U45/><E105/><V71/><F134/><W46/><G46/><T83/><D116/><U41/><E135/><V44/><F123/><W1/><G66/><T130/><D130/><U7/><E78/><V104/><F61/><W49/><G131/><T36/><D102/><U21/><E21/><V74/><F71/><W95/><G114/><T18/><D36/><U122/><E122/><V34/><F34/><W38/><G126/><N who="2" m="48137" /><F107/><W120/><G120/><T77/><D65/><U54/><E62/><V27/><F27/><W56/><G22/><N who="0" m="13399" /><D83/><N who="2" m="31818" /><F74/><W23/><G23/><T68/><D68/><U31/><E31/><V70/><F70/><W35/><G30/><T57/><D57/><U0/><E0/><V106/><F106/><W59/><G35/><T103/><D103/><AGARI ba="2,2" hai="42,44,51,98,103,104,109,110" m="31818,48137" machi="103" ten="30,1000,0" yaku="18,1" doraHai="87" who="2" fromWho="0" sc="231,-16,236,0,249,36,264,0" /><INIT seed="4,0,0,4,0,42" ten="215,236,285,264" oya="0" hai0="113,100,127,73,101,7,82,89,72,40,71,84,8" hai1="52,59,124,103,121,68,134,13,29,77,107,75,104" hai2="46,25,86,26,21,94,33,125,120,106,70,74,132" hai3="109,12,51,36,27,114,20,90,87,38,43,88,17"/><T129/><D71/><U66/><E121/><V65/><F74/><W53/><G109/><T91/><D40/><U30/><E124/><V39/><F106/><W31/><G43/><T1/><D127/><U96/><E134/><V92/><F39/><W6/><G6/><T14/><D129/><U102/><E68/><V111/><F65/><W44/><G90/><T41/><D113/><U79/><E66/><V0/><F26/><W18/><G18/><T54/><D41/><U19/><E103/><V116/><F21/><W135/><G135/><T58/><D91/><U50/><E107/><V32/><F25/><W5/><G5/><T115/><D115/><U117/><E117/><V76/><F116/><W128/><G128/><T48/><REACH who="0" step="1"/><D1/><REACH who="0" ten="205,236,285,264" step="2"/><U126/><E126/><V118/><F125/><W81/><REACH who="3" step="1"/><G114/><REACH who="3" ten="205,236,285,254" step="2"/><T16/><D16/><U95/><E30/><V45/><F132/><W93/><G93/><T49/><D49/><U4/><E29/><V47/><F94/><W119/><G119/><T98/><D98/><U99/><E4/><V35/><F92/><W11/><AGARI ba="0,2" hai="11,12,17,20,27,31,36,38,44,51,53,81,87,88" machi="11" ten="20,16000,3" yaku="1,1,0,1,7,1,25,2,52,1,54,1,53,1" doraHai="42" doraHaiUra="83" who="3" fromWho="3" sc="205,-80,236,-40,285,-40,254,180" /><INIT seed="5,0,0,2,1,94" ten="125,196,245,434" oya="1" hai0="135,52,133,75,2,82,107,92,59,1,23,91,120" hai1="32,30,33,100,5,89,26,20,105,60,15,127,106" hai2="122,6,119,110,25,43,34,112,66,29,87,129,21" hai3="115,78,40,73,99,62,111,88,39,12,97,132,10"/><U55/><E127/><V123/><F43/><W7/><G111/><T54/><D107/><U38/><E38/><V114/><F66/><W86/><G78/><T70/><D70/><U24/><E89/><V77/><F77/><W131/><G73/><T83/><D120/><U104/><E100/><V61/><F61/><W116/><G116/><T80/><D75/><U128/><E128/><V16/><F87/><W81/><G131/><T46/><D46/><U53/><E60/><V17/><F129/><W51/><G39/><T102/><D102/><U9/><REACH who="1" step="1"/><E33/><REACH who="1" ten="125,186,245,434" step="2"/><V96/><F119/><W134/><G62/><T37/><D37/><U27/><E27/><V103/><F122/><W84/><G115/><T8/><D23/><U48/><E48/><V113/><F123/><W18/><G134/><T69/><D69/><U74/><E74/><V93/><F110/><W35/><G35/><T42/><D42/><U47/><E47/><V98/><F34/><W49/><G132/><N who="0" m="50763" /><D8/><U68/><E68/><V65/><F114/><W28/><G40/><T101/><D101/><U63/><E63/><V11/><F103/><W14/><G49/><N who="0" m="31119" /><D54/><U117/><E117/><V13/><F112/><W79/><G51/><T64/><D64/><U72/><E72/><V0/><F65/><W3/><G79/><T118/><D118/><U108/><E108/><V109/><F109/><W50/><G50/><T85/><AGARI ba="0,1" hai="1,2,80,82,83,85,91,92" m="31119,50763" machi="85" ten="30,2000,0" yaku="20,1,54,1" doraHai="94" who="0" fromWho="0" sc="125,30,186,-10,245,-5,434,-5" /><INIT seed="6,0,0,3,0,87" ten="155,176,240,429" oya="2" hai0="1,111,71,13,47,67,125,94,15,49,7,65,106" hai1="5,59,31,108,116,33,28,3,35,95,19,73,104" hai2="43,113,72,9,86,83,89,64,97,70,8,17,79" hai3="77,10,74,92,98,23,57,14,75,135,34,42,122"/><V61/><F43/><W93/><G34/><N who="1" m="12810" /><E73/><V39/><F39/><W103/><G122/><T117/><D106/><U21/><E104/><V128/><F128/><W52/><G135/><T80/><D71/><U102/><E102/><V18/><F113/><W29/><G42/><T62/><D111/><U121/><E95/><V60/><F60/><W36/><G36/><T55/><D117/><U25/><E59/><V37/><F37/><W63/><G92/><T119/><D125/><U69/><E69/><V109/><F109/><W129/><G129/><T0/><D119/><U78/><E78/><V118/><F118/><W114/><G114/><T40/><D80/><U100/><E100/><V44/><F44/><W30/><G75/><T22/><D40/><U46/><E46/><V11/><F97/><W20/><G77/><T2/><D62/><U91/><E91/><V56/><F70/><W45/><G45/><T26/><D94/><U112/><E108/><V99/><F99/><W90/><G103/><T101/><D101/><U41/><E41/><V6/><F72/><W50/><G63/><T58/><D58/><U107/><E107/><V48/><F48/><W32/><G74/><T81/><D81/><U88/><E88/><V127/><F79/><W68/><G68/><T134/><D134/><U12/><E116/><V53/><F64/><N who="0" m="24650" /><D7/><U115/><E121/><V16/><REACH who="2" step="1"/><F127/><REACH who="2" ten="155,176,230,429" step="2"/><W82/><G98/><T24/><D47/><U51/><E51/><V4/><AGARI ba="0,1" hai="4,6,8,9,11,16,17,18,53,56,61,83,86,89" machi="4" ten="40,18000,2" yaku="1,1,2,1,0,1,8,1,52,1,54,1,53,0" doraHai="87" doraHaiUra="133" who="2" fromWho="2" sc="155,-60,176,-60,230,190,429,-60" /><INIT seed="6,1,0,3,0,108" ten="95,116,420,369" oya="2" hai0="102,93,36,47,113,114,1,109,92,22,76,134,100" hai1="107,50,4,129,63,5,97,91,115,117,85,40,112" hai2="45,27,44,18,37,60,62,69,6,15,23,11,120" hai3="2,116,9,46,83,29,118,75,74,95,33,68,65"/><V39/><F120/><W7/><G95/><N who="0" m="36427" /><D1/><U103/><E117/><V71/><F39/><W16/><G46/><T82/><D36/><U133/><E133/><V122/><F122/><W35/><G16/><T78/><D47/><N who="2" m="17994" /><F37/><W110/><G110/><T81/><D22/><U64/><E50/><V73/><F73/><N who="3" m="27659" /><G83/><N who="0" m="31755" /><D109/><U66/><E40/><V130/><F130/><W105/><G105/><T90/><D90/><U67/><E63/><N who="2" m="24107" /><F71/><W34/><G29/><T126/><D126/><U127/><E127/><V17/><F69/><W77/><G77/><N who="0" m="29803" /><D134/><U42/><E129/><V14/><F14/><W20/><G20/><T131/><D131/><U94/><REACH who="1" step="1"/><E42/><REACH who="1" ten="95,106,420,369" step="2"/><V55/><F55/><W25/><G116/><T111/><D111/><U3/><E3/><V49/><F49/><W48/><G48/><T70/><D70/><U135/><E135/><V8/><F8/><W61/><G118/><T128/><D128/><U24/><E24/><V96/><F27/><W104/><G25/><T51/><D51/><U123/><E123/><V41/><F11/><W30/><G30/><T12/><D12/><U13/><E13/><V132/><F15/><W88/><G68/><T59/><D59/><U58/><E58/><V106/><F41/><W125/><G34/><T98/><D98/><U89/><E89/><V54/><F96/><W26/><G35/><T21/><D21/><U121/><E121/><V57/><F23/><W52/><G33/><T87/><D87/><U28/><E28/><V101/><F132/><W84/><G125/><T31/><D31/><U86/><E86/><V72/><F57/><RYUUKYOKU ba="1,1" sc="95,15,106,15,420,-15,369,-15" hai0="100,102,113,114" hai1="4,5,64,66,67,85,91,94,97,103,107,112,115" /><INIT seed="7,2,1,3,5,105" ten="110,121,405,354" oya="3" hai0="127,126,33,74,43,102,66,112,62,69,11,103,104" hai1="52,21,25,16,99,42,80,132,41,29,0,5,34" hai2="87,76,88,115,2,14,6,8,94,79,17,85,46" hai3="119,48,63,32,68,72,123,122,128,47,109,121,30"/><W83/><G119/><T3/><D112/><U133/><E99/><V90/><F115/><W77/><G109/><T70/><D43/><N who="1" m="16395" /><E52/><V113/><F113/><W91/><G91/><T95/><D33/><U98/><E98/><V67/><F46/><W39/><G48/><T78/><D95/><U120/><E120/><V116/><F116/><W129/><G47/><T92/><D92/><U97/><E97/><V106/><F106/><W23/><G23/><T15/><D70/><U118/><E118/><V56/><F2/><W22/><G22/><T64/><D64/><U131/><E131/><V65/><F6/><W49/><G49/><T44/><D44/><U100/><E100/><N who="0" m="38441" /><D104/><U35/><E80/><N who="2" m="49191" /><F67/><N who="3" m="41087" /><G39/><T55/><D55/><U89/><E89/><V84/><F84/><W12/><G12/><T61/><D61/><AGARI ba="2,1" hai="8,14,17,56,61,65,76,79,87,90,94" m="49191" machi="61" ten="30,2000,0" yaku="8,1,54,1" doraHai="105" who="2" fromWho="0" sc="110,-26,121,0,405,36,354,0" owari="84,-42.0,121,-28.0,441,55.0,354,15.0" /></mjloggm>