<mjloggm ver="2.3"><GO type="169" lobby="0"/><UN n0="%E9%BA%BB%E7%94%9F%E9%9B%80%E5%AD%90" n1="%E3%82%A6%E3%83%AB%E3%83%88%E3%83%A9%E7%AB%8B%E7%9B%B4" n2="%E6%B2%99%E8%80%B6%E5%8A%A0%E4%BD%90%E5%80%89" n3="%E3%83%8C%E3%83%83%E3%83%97" dan="17,17,16,16" rate="2168.12,2136.65,2036.90,2147.61" sx="F,M,M,M"/><TAIKYOKU oya="0"/><INIT seed="0,0,0,2,4,110" ten="250,250,250,250" oya="0" hai0="33,73,100,9,122,17,95,72,64,87,119,55,114" hai1="74,123,35,127,2,84,5,7,32,10,69,103,102" hai2="130,113,11,89,125,71,48,27,82,126,16,49,129" hai3="96,65,39,131,128,92,58,135,63,24,67,46,4"/><T80/><D33/><U101/><E74/><V34/><F71/><W1/><G135/><T105/><D64/><U75/><E75/><V121/><F121/><W22/><G67/><T8/><D122/><U120/><E69/><V83/><F113/><W118/><G118/><T86/><D105/><U0/><E84/><N who="2" m="50327" /><F83/><W29/><G4/><T70/><D70/><U20/><E20/><N who="2" m="13703" /><F11/><W31/><G31/><T36/><D36/><U124/><E102/><V37/><F34/><W42/><REACH who="3" step="1"/><G1/><REACH who="3" ten="250,250,250,240" step="2"/><T66/><D66/><U79/><E0/><V117/><F117/><W12/><G12/><T38/><D119/><U53/><E2/><V18/><F129/><W132/><G132/><T41/><D73/><U47/><E123/><V78/><F130/><W77/><G77/><T19/><D72/><U90/><E120/><V3/><F3/><W133/><G133/><T116/><D116/><U14/><E14/><V57/><F78/><W115/><G115/><T23/><D114/><U60/><E79/><V15/><F37/><W59/><G59/><T81/><D38/><U91/><E7/><V97/><F57/><W111/><G111/><T40/><D8/><U112/><E10/><N who="2" m="6519" /><F126/><W21/><G21/><T43/><D9/><U107/><E112/><V44/><F125/><W45/><G45/><T50/><D23/><U76/><E47/><V88/><F44/><W68/><G68/><T52/><D50/><U109/><E127/><V30/><F30/><W104/><G104/><T106/><D106/><U62/><E124/><V99/><F99/><W25/><G25/><T98/><D98/><RYUUKYOKU ba="0,1" sc="250,-15,250,-15,250,15,240,15" hai2="48,49,88,97" hai3="22,24,29,39,42,46,58,63,65,92,96,128,131" /><INIT seed="1,1,1,0,1,63" ten="235,235,265,255" oya="1" hai0="126,55,76,35,105,111,27,119,98,72,118,75,73" hai1="82,89,99,24,134,42,128,70,18,2,122,116,113" hai2="19,21,114,23,50,94,78,135,3,117,60,69,100" hai3="59,9,115,36,37,49,47,91,124,64,106,95,96"/><U38/><E2/><V123/><F117/><N who="0" m="44554" /><D55/><U6/><E116/><V40/><F3/><W102/><G115/><T103/><D111/><U33/><E113/><V1/><F1/><W8/><G124/><T53/><D53/><U11/><E122/><V83/><F123/><W110/><G110/><T45/><D45/><U86/><E70/><V43/><F114/><W14/><G9/><T88/><D27/><U32/><E6/><V107/><F107/><W101/><G37/><T77/><D35/><U127/><E127/><V80/><F135/><W10/><G10/><T97/><D126/><U66/><E134/><V13/><F23/><W120/><G36/><T4/><D4/><U20/><E66/><V68/><F68/><W52/><G106/><T26/><D26/><U90/><E11/><V84/><F80/><W58/><G58/><T54/><D54/><U22/><E22/><V79/><F79/><W61/><G120/><T46/><D46/><N who="1" m="23895" /><E128/><V34/><F34/><W121/><G121/><T92/><AGARI ba="1,1" hai="72,73,75,76,77,88,92,97,98,103,105" m="44554" machi="92" ten="40,5200,0" yaku="34,2,54,1" doraHai="63" who="0" fromWho="0" sc="235,65,235,-27,265,-14,255,-14" /><INIT seed="2,0,0,2,5,20" ten="300,208,251,241" oya="2" hai0="54,19,50,72,105,93,101,8,108,114,89,55,36" hai1="83,25,11,97,13,65,126,69,73,67,115,64,86" hai2="43,121,70,47,45,120,4,113,35,30,106,12,5" hai3="128,61,38,49,85,42,88,79,80,1,95,31,84"/><V90/><F106/><W91/><G1/><T57/><D36/><U74/><E69/><V129/><F70/><W127/><G38/><T53/><D114/><U125/><E115/><V21/><F113/><W71/><G127/><N who="1" m="48650" /><E97/><V132/><F35/><W118/><G118/><T9/><D72/><U62/><E62/><V134/><F129/><W46/><G128/><T77/><D77/><N who="1" m="46447" /><E25/><N who="2" m="16687" /><F90/><W81/><G31/><T122/><D122/><N who="2" m="47210" /><F132/><W130/><G130/><T17/><D105/><U135/><E135/><V110/><F134/><W33/><G33/><T3/><D101/><U28/><E28/><V82/><F45/><W6/><G6/><AGARI ba="0,0" hai="6,11,13,64,65,67,73,74" m="46447,48650" machi="6" ten="30,1000,0" yaku="18,1" doraHai="20" who="1" fromWho="3" sc="300,0,208,10,251,0,241,-10" /><INIT seed="3,0,0,1,2,15" ten="300,218,251,231" oya="3" hai0="57,19,80,11,123,36,105,101,108,106,21,20,93" hai1="100,127,33,1,120,9,113,3,90,126,52,26,28" hai2="75,38,129,104,117,79,94,114,16,133,32,77,121" hai3="67,76,22,83,132,96,92,30,72,88,125,102,70"/><W115/><G115/><T66/><D36/><U27/><E100/><V42/><RYUUKYOKU type="yao9" ba="0,0" sc="300,0,218,0,251,0,231,0" hai2="16,32,38,42,75,77,79,94,104,114,117,121,129,133" /><INIT seed="3,1,0,0,4,18" ten="300,218,251,231" oya="3" hai0="119,13,15,90,122,21,81,88,46,63,59,7,70" hai1="8,69,56,53,124,114,116,128,111,115,40,49,123" hai2="109,43,60,44,51,100,118,25,16,86,24,120,12" hai3="112,4,20,78,72,30,135,76,95,32,94,38,103"/><W35/><G38/><T36/><D70/><U104/><E104/><V84/><F118/><W110/><G112/><T11/><D119/><U45/><E116/><V97/><F109/><W34/><G110/><T130/><D122/><U48/><E123/><V57/><F120/><W39/><G39/><T85/><D130/><U26/><E111/><V54/><F86/><W71/><G71/><T22/><D36/><U74/><E74/><V133/><F84/><W108/><G135/><T42/><D13/><U79/><E79/><V89/><F89/><W50/><G4/><T61/><D61/><U29/><E69/><V52/><F54/><W58/><G72/><T67/><D90/><U27/><E128/><V98/><F133/><W83/><G83/><T101/><D101/><U3/><E27/><N who="2" m="10315" /><F100/><W14/><G30/><T80/><D80/><U129/><E129/><V92/><F92/><W17/><G108/><T125/><D125/><U28/><E124/><V33/><F33/><W131/><G131/><T65/><D65/><U99/><E99/><V102/><F102/><W132/><G132/><T19/><D42/><U0/><E29/><V96/><F96/><W73/><G73/><T106/><D106/><U1/><E114/><V23/><AGARI ba="1,0" hai="12,16,23,43,44,51,52,57,60,97,98" m="10315" machi="23" ten="30,7900,0" yaku="8,1,52,1,54,2" doraHai="18" who="2" fromWho="2" sc="300,-21,218,-21,251,82,231,-40" /><INIT seed="4,0,0,2,4,34" ten="279,197,333,191" oya="0" hai0="64,63,16,91,112,93,37,117,101,21,89,75,74" hai1="26,57,41,33,106,29,124,95,105,71,135,35,131" hai2="4,72,65,82,123,5,129,0,94,30,23,9,122" hai3="56,32,98,19,130,66,125,118,51,103,76,109,20"/><T134/><D117/><U42/><E71/><V114/><F65/><W61/><G32/><T120/><D120/><U111/><E111/><V15/><F94/><W132/><G125/><T38/><D112/><U43/><E124/><V52/><F114/><W84/><G130/><T58/><D134/><U31/><E131/><V79/><F129/><W68/><G132/><T36/><D101/><U113/><E113/><V13/><F5/><W48/><G109/><T1/><D1/><U50/><E135/><V67/><F67/><W8/><G8/><T11/><D11/><U18/><E18/><V83/><F83/><W104/><G68/><T102/><D102/><U28/><E95/><V6/><F6/><W116/><G116/><T49/><D89/><U99/><E99/><V119/><F119/><W115/><G115/><T127/><D49/><U24/><E31/><V46/><F30/><W92/><G118/><T27/><REACH who="0" step="1"/><D127/><REACH who="0" ten="269,197,333,191" step="2"/><U25/><E35/><V128/><F128/><W59/><G76/><T110/><D110/><U100/><E33/><V73/><F123/><W69/><G103/><T107/><D107/><U90/><E100/><V3/><F122/><W97/><G104/><T86/><AGARI ba="0,1" hai="16,21,27,36,37,38,58,63,64,74,75,86,91,93" machi="86" ten="30,6000,0" yaku="1,1,0,1,54,1,53,0" doraHai="34" doraHaiUra="40" who="0" fromWho="0" sc="269,70,197,-20,333,-20,191,-20" /><INIT seed="4,1,0,0,2,1" ten="339,177,313,171" oya="0" hai0="104,83,53,14,59,92,61,66,67,86,41,27,89" hai1="113,102,63,23,65,37,82,132,2,44,94,118,52" hai2="58,31,45,119,60,125,98,107,10,28,110,11,46" hai3="80,121,91,20,99,108,29,47,76,105,73,8,49"/><T13/><D104/><U43/><E118/><V42/><F119/><W72/><G121/><T96/><D41/><U128/><E128/><V134/><F110/><W15/><G108/><T30/><D67/><U135/><E2/><V69/><F69/><W131/><G131/><T112/><D112/><U34/><E34/><V4/><F125/><W56/><G56/><T115/><D115/><U40/><E82/><V90/><F11/><W126/><G126/><T6/><D53/><U130/><E23/><V68/><F68/><W55/><G72/><T48/><D48/><N who="1" m="28679" /><E113/><V117/><F117/><W109/><G109/><T7/><D14/><U50/><E130/><V79/><F79/><W114/><G114/><T32/><REACH who="0" step="1"/><D13/><REACH who="0" ten="329,177,313,171" step="2"/><U127/><E50/><V64/><F107/><W111/><G105/><T116/><D116/><U39/><E127/><V33/><F42/><W71/><G55/><T93/><D93/><U12/><E12/><V35/><F35/><W75/><G15/><T36/><D36/><U54/><E54/><V51/><F33/><W87/><G49/><T5/><D5/><U38/><E43/><V120/><F51/><W100/><G111/><T122/><D122/><U106/><E40/><V3/><F120/><W81/><G81/><T24/><D24/><U74/><E106/><V70/><F3/><W101/><G80/><T77/><AGARI ba="1,1" hai="6,7,27,30,32,59,61,66,77,83,86,89,92,96" machi="77" ten="20,18000,2" yaku="1,1,0,1,7,1,52,2,53,1" doraHai="1" doraHaiUra="95" who="0" fromWho="0" sc="329,193,177,-61,313,-61,171,-61" /><INIT seed="4,2,0,2,5,4" ten="522,116,252,110" oya="0" hai0="77,69,131,87,132,27,105,82,13,35,101,65,52" hai1="21,41,11,103,43,53,79,20,110,102,31,66,127" hai2="32,58,78,1,117,114,23,91,95,5,60,88,83" hai3="7,59,37,81,100,57,47,9,123,76,108,89,49"/><T118/><D118/><U93/><E110/><V97/><F32/><W109/><G37/><T98/><D131/><U51/><E127/><V116/><F114/><W40/><G100/><N who="1" m="38442" /><E66/><V15/><F1/><W73/><G123/><T26/><D26/><U106/><E106/><V36/><F36/><W94/><G109/><T10/><D132/><U126/><E126/><V122/><F91/><W120/><G120/><T55/><D27/><U124/><E124/><V133/><F133/><W119/><G119/><N who="2" m="45641" /><F122/><W48/><G48/><T33/><D65/><U90/><E79/><V42/><F42/><N who="1" m="15881" /><E11/><N who="2" m="4591" /><F23/><W80/><G108/><T135/><D135/><U61/><E61/><V12/><F12/><W112/><G112/><T17/><REACH who="0" step="1"/><D69/><REACH who="0" ten="512,116,252,110" step="2"/><U8/><E31/><V115/><F115/><W64/><G64/><T56/><D56/><N who="1" m="32831" /><E8/><V38/><F58/><W30/><G30/><T63/><D63/><U96/><AGARI ba="2,1" hai="20,21,90,93,96" m="32831,15881,38442" machi="96" ten="30,1100,0" yaku="8,1" doraHai="4" who="1" fromWho="1" sc="512,-7,116,27,252,-5,110,-5" /><INIT seed="5,0,0,0,3,79" ten="505,143,247,105" oya="1" hai0="74,25,29,95,13,131,58,21,115,55,10,63,84" hai1="113,15,88,26,64,102,42,14,93,117,20,76,119" hai2="44,41,69,130,34,118,54,51,43,19,32,112,53" hai3="56,124,98,33,104,135,39,50,114,27,116,57,120"/><U101/><E113/><V61/><F112/><W81/><G39/><T75/><D131/><U4/><E119/><V46/><F19/><W18/><G120/><T126/><D126/><U40/><E76/><V89/><F89/><W111/><G111/><T96/><D115/><U38/><E64/><N who="2" m="41103" /><F34/><W110/><G110/><T106/><D106/><U17/><E117/><V83/><F32/><W92/><G104/><T72/><D84/><N who="1" m="52359" /><E38/><N who="2" m="21559" /><F83/><W109/><G135/><T128/><D128/><U11/><E15/><V107/><F107/><W85/><G124/><T134/><D134/><U68/><E68/><V132/><F130/><W31/><G114/><T28/><D28/><U129/><E129/><V59/><F132/><W90/><G109/><T9/><REACH who="0" step="1"/><D13/><REACH who="0" ten="495,143,247,105" step="2"/><U24/><E24/><V125/><F125/><W1/><G116/><T49/><D49/><U3/><E3/><V45/><F118/><W94/><G1/><T108/><D108/><U37/><E37/><N who="2" m="21743" /><F54/><W47/><G18/><T103/><AGARI ba="0,1" hai="9,10,21,25,29,55,58,63,72,74,75,95,96,103" machi="103" ten="30,2000,0" yaku="1,1,0,1,53,0" doraHai="79" doraHaiUra="8" who="0" fromWho="0" sc="495,30,143,-10,247,-5,105,-5" /><INIT seed="6,0,0,2,3,100" ten="525,133,242,100" oya="2" hai0="77,59,131,36,7,30,17,32,55,133,31,26,52" hai1="2,83,92,16,4,68,69,98,105,14,120,49,1" hai2="20,53,110,81,11,54,35,86,123,91,27,116,84" hai3="75,104,96,95,44,21,25,64,80,5,87,101,0"/><V135/><F116/><W63/><G5/><T66/><D7/><U24/><E120/><V78/><F123/><W40/><G0/><T34/><D36/><U126/><E126/><V60/><F35/><W112/><G112/><T97/><D77/><U132/><E105/><V129/><F135/><W93/><G75/><T85/><D85/><U106/><E106/><V65/><F129/><W28/><G44/><T47/><D131/><U73/><E24/><V125/><F11/><W12/><G12/><T70/><D70/><U67/><E49/><V6/><F6/><W61/><G40/><T3/><D3/><U115/><E115/><V124/><F110/><W13/><G13/><T79/><D79/><U128/><E128/><V122/><F122/><W51/><G51/><T71/><D71/><U108/><E108/><V102/><F102/><W94/><REACH who="3" step="1"/><G64/><REACH who="3" ten="525,133,242,90" step="2"/><T114/><D66/><U119/><E67/><V90/><F124/><W89/><AGARI ba="0,1" hai="21,25,28,61,63,80,87,89,93,94,95,96,101,104" machi="89" ten="30,8000,1" yaku="1,1,2,1,0,1,52,1,53,1" doraHai="100" doraHaiUra="19" who="3" fromWho="3" sc="525,-20,133,-20,242,-40,90,90" /><INIT seed="7,0,0,4,3,36" ten="505,113,202,180" oya="3" hai0="31,86,6,67,62,126,75,20,108,42,101,30,127" hai1="95,14,63,26,122,45,51,135,121,93,114,47,107" hai2="46,56,25,84,85,44,98,59,27,24,91,29,17" hai3="23,113,28,68,99,124,72,55,54,118,120,9,105"/><W71/><G113/><T74/><D101/><U5/><E107/><V96/><F29/><W73/><G124/><N who="0" m="47659" /><D6/><U3/><E114/><V80/><F17/><W53/><G9/><T48/><D108/><U15/><E135/><V90/><F27/><W39/><G53/><T69/><D86/><U7/><E51/><V132/><F80/><W134/><G105/><T50/><D50/><U1/><REACH who="1" step="1"/><E26/><REACH who="1" ten="505,103,202,180" step="2"/><V4/><F132/><W119/><G134/><T16/><D31/><U18/><E18/><V100/><F25/><W43/><G28/><T52/><D30/><U77/><E77/><V49/><F24/><W89/><G39/><T87/><D16/><U11/><E11/><V115/><F49/><W64/><G118/><T133/><D20/><U41/><E41/><V61/><F115/><W0/><G119/><T128/><D42/><U117/><E117/><V13/><F4/><W109/><G23/><T110/><D128/><U82/><E82/><V88/><F85/><W34/><G43/><T103/><D110/><U57/><E57/><V58/><F84/><W12/><G109/><T97/><D87/><U32/><E32/><V19/><F59/><W10/><G10/><T22/><D22/><U35/><E35/><V65/><F58/><W125/><G34/><T106/><D133/><U131/><E131/><V129/><F129/><W38/><G38/><T76/><D76/><U112/><E112/><V94/><F98/><W66/><G99/><T79/><D79/><U8/><E8/><AGARI ba="0,1" hai="8,13,19,44,46,56,61,65,88,90,91,94,96,100" machi="8" ten="40,2600,0" yaku="8,1,54,1" doraHai="36" who="2" fromWho="1" sc="505,0,103,-26,202,36,180,0" owari="505,60.0,77,-42.0,238,4.0,180,-22.0" /></mjloggm>