<mjloggm ver="2.3"><GO type="169" lobby="0"/><UN n0="%E3%83%97%E3%83%AD%E3%83%86%E3%82%A4%E3%83%B3%E5%BE%97%E7%9B%9B" n1="%E6%99%AE%E8%B3%A2" n2="%E3%82%A6%E3%83%AB%E3%83%88%E3%83%A9%E7%AB%8B%E7%9B%B4" n3="%E6%96%B0%E6%BD%9F%E3%83%89%E3%83%A9%E3%82%B4%E3%83%B3" dan="17,17,17,16" rate="2121.90,2098.55,2169.58,2135.96" sx="M,F,M,M"/><TAIKYOKU oya="0"/><INIT seed="0,0,0,4,2,18" ten="250,250,250,250" oya="0" hai0="97,12,31,57,15,8,1,83,58,17,115,2,37" hai1="95,34,116,45,20,13,75,6,49,114,59,119,110" hai2="7,50,42,23,29,3,87,124,73,64,131,79,36" hai3="43,32,103,44,55,81,16,100,74,41,63,4,122"/><T9/><D37/><U76/><E34/><V120/><F120/><W56/><G122/><T60/><D115/><U14/><E114/><V70/><F124/><W72/><G32/><T33/><D58/><U135/><E110/><V134/><F131/><W11/><G43/><T104/><D83/><U21/><E135/><V39/><F134/><W117/><G117/><T99/><D31/><U126/><E126/><V66/><F73/><W107/><G107/><T40/><D40/><U27/><E59/><V24/><F39/><W26/><G74/><T130/><D33/><U22/><E27/><V35/><F36/><W65/><G65/><T92/><D104/><U123/><E123/><V47/><F70/><W118/><G118/><T128/><D128/><U125/><E125/><V80/><REACH who="2" step="1"/><F35/><REACH who="2" ten="250,250,240,250" step="2"/><W10/><G72/><T98/><D130/><U88/><E119/><V28/><F28/><W85/><G100/><T52/><REACH who="0" step="1"/><D92/><REACH who="0" ten="240,250,240,250" step="2"/><U94/><E94/><V86/><F86/><W106/><G85/><T93/><D93/><U19/><E116/><V105/><F105/><W113/><G113/><T112/><D112/><U54/><E75/><V5/><F5/><AGARI ba="0,2" hai="1,2,5,8,9,12,15,17,52,57,60,97,98,99" machi="5" ten="40,3900,0" yaku="1,1,54,1,53,0" doraHai="18" doraHaiUra="121" who="0" fromWho="2" sc="240,59,250,0,240,-39,250,0" /><INIT seed="0,1,0,5,1,7" ten="299,250,201,250" oya="0" hai0="63,29,55,101,58,62,117,49,111,70,42,5,43" hai1="26,51,74,67,73,98,19,18,22,114,14,57,27" hai2="54,82,72,37,20,9,129,47,133,88,53,104,110" hai3="130,48,94,33,120,71,80,84,134,66,126,79,2"/><T56/><D101/><U93/><E114/><V95/><F104/><W38/><G38/><T39/><D29/><U75/><E75/><V135/><F110/><W4/><G33/><T125/><D5/><U8/><E27/><V11/><F129/><W15/><G2/><T23/><D23/><U32/><E32/><V121/><F121/><W69/><G66/><N who="0" m="41311" /><D117/><U41/><E41/><N who="0" m="15369" /><D111/><U10/><E10/><N who="2" m="3595" /><F20/><W61/><G94/><T108/><D108/><U122/><E122/><V83/><F37/><W52/><G4/><T59/><D125/><U76/><E76/><N who="2" m="44295" /><F47/><W132/><G120/><T60/><D39/><U44/><E74/><V64/><F64/><W35/><G35/><T116/><D116/><U107/><E73/><V123/><F83/><W91/><G79/><T115/><D115/><U85/><E107/><V50/><F123/><W87/><G87/><T99/><D99/><U77/><E85/><V106/><F106/><W31/><G84/><T128/><D128/><U113/><E113/><V1/><F1/><W28/><G130/><T112/><D112/><U89/><E77/><V17/><F17/><W81/><G80/><T127/><D127/><U118/><E118/><V13/><F13/><W30/><G15/><T36/><D36/><U86/><E86/><V102/><F102/><W78/><G126/><T40/><N who="0" m="15377" /><T103/><DORA hai="97" /><D103/><U92/><E92/><V119/><F119/><W34/><G34/><T3/><D3/><U109/><E109/><V105/><F105/><W124/><G124/><T0/><D0/><U25/><E14/><V90/><F95/><RYUUKYOKU ba="1,0" sc="299,30,250,-10,201,-10,250,-10" hai0="49,55,56,58,59,60,62" /><INIT seed="0,2,0,1,3,11" ten="329,240,191,240" oya="0" hai0="25,40,129,42,37,118,107,83,128,17,57,101,73" hai1="64,6,69,21,127,131,53,72,82,2,91,80,120" hai2="119,9,55,13,89,113,15,79,116,62,28,109,33" hai3="105,135,77,14,41,0,94,84,47,50,100,86,3"/><T103/><D118/><N who="2" m="45098" /><F113/><W93/><G105/><T76/><D57/><U38/><E64/><V70/><F109/><W124/><G124/><T39/><D42/><U110/><E69/><V12/><F79/><W95/><G135/><T133/><D133/><U51/><E120/><V130/><F130/><N who="0" m="50282" /><D40/><U63/><E63/><V112/><F112/><W45/><G100/><N who="0" m="38475" /><D107/><U121/><E121/><V24/><F89/><W87/><G14/><T106/><D106/><U46/><E91/><V19/><F55/><W68/><G68/><T31/><D17/><U108/><E108/><V117/><N who="2" m="45106" /><V96/><DORA hai="52" /><F96/><W125/><G125/><T26/><D26/><U90/><E110/><V102/><F102/><W97/><G97/><T61/><D61/><U23/><E127/><V7/><F19/><W20/><G77/><T58/><D58/><U35/><E90/><V4/><F4/><W8/><G41/><T65/><D65/><AGARI ba="2,0" hai="7,9,12,13,15,24,28,33,62,65,70" m="45106" machi="65" ten="40,8000,1" yaku="12,1,52,3" doraHai="11,52" who="2" fromWho="0" sc="329,-86,240,0,191,86,240,0" /><INIT seed="1,0,0,3,2,82" ten="243,240,277,240" oya="1" hai0="97,74,133,91,6,118,96,8,107,43,13,51,29" hai1="17,127,105,86,92,121,76,123,98,103,88,72,125" hai2="104,66,84,69,126,80,31,87,57,93,68,41,55" hai3="15,83,90,5,85,75,40,102,27,3,95,67,2"/><U79/><E17/><V35/><F104/><W23/><G67/><T70/><D70/><U19/><E19/><V39/><F126/><N who="1" m="48137" /><E72/><V1/><F1/><W11/><G40/><T24/><D133/><U33/><E33/><V12/><F66/><W48/><G48/><T54/><D118/><U38/><E38/><V52/><F55/><W47/><G47/><T101/><D74/><U65/><E65/><V112/><F112/><W58/><G58/><T110/><D110/><U89/><E89/><V120/><F120/><AGARI ba="0,0" hai="76,79,86,88,92,98,103,105,120,121,123" m="48137" machi="120" ten="30,12000,1" yaku="18,1,34,2,52,1,54,1" doraHai="82" who="1" fromWho="2" sc="243,0,240,120,277,-120,240,0" /><INIT seed="1,1,0,4,3,134" ten="243,360,157,240" oya="1" hai0="30,88,62,71,101,38,63,133,74,117,39,19,94" hai1="67,44,57,75,13,98,61,121,20,105,9,49,4" hai2="55,6,115,8,119,87,47,80,25,130,125,58,118" hai3="3,27,36,17,122,11,90,113,41,77,46,54,56"/><U21/><E75/><V70/><F70/><W65/><G122/><T40/><D74/><U28/><E121/><V114/><F130/><W32/><G65/><T59/><D101/><U22/><E105/><V124/><F47/><W85/><G77/><T110/><D133/><U95/><E49/><N who="2" m="31087" /><F25/><W2/><G113/><N who="2" m="43017" /><F87/><W73/><G73/><T104/><D104/><U72/><E44/><V108/><F80/><W60/><G11/><T51/><D30/><U126/><E72/><V132/><F132/><W53/><G54/><T10/><D71/><U93/><E93/><V78/><F78/><W107/><G107/><T135/><D117/><N who="2" m="44554" /><F108/><W86/><G86/><T112/><D110/><U96/><E96/><V34/><F34/><W35/><G35/><T81/><D81/><U116/><E116/><V14/><AGARI ba="1,0" hai="6,8,14,124,125" m="44554,43017,31087" machi="14" ten="40,5200,0" yaku="11,1,52,2" doraHai="134" who="2" fromWho="2" sc="243,-14,360,-27,157,55,240,-14" /><INIT seed="2,0,0,1,0,24" ten="229,333,212,226" oya="2" hai0="83,85,90,95,54,63,33,112,9,12,30,78,31" hai1="97,88,71,50,125,23,101,102,131,68,133,5,0" hai2="76,129,67,49,34,122,58,37,81,108,41,126,130" hai3="59,4,107,42,128,89,96,46,134,57,94,124,69"/><V8/><F122/><W40/><G69/><T3/><D3/><U114/><E114/><V16/><F34/><W27/><G107/><T120/><D33/><U19/><E133/><V17/><F126/><W32/><G4/><N who="0" m="3111" /><D112/><U6/><E131/><N who="2" m="50187" /><F108/><W74/><G74/><T91/><D120/><U60/><E125/><V70/><F8/><W51/><G128/><T25/><D25/><U7/><E0/><V82/><F82/><W66/><G124/><T109/><D109/><U22/><E22/><V115/><F115/><W98/><G134/><T61/><D78/><U1/><E1/><V43/><F37/><W87/><G42/><N who="2" m="15881" /><F70/><W26/><G66/><T86/><D54/><U53/><E71/><V44/><F44/><W39/><G27/><T10/><D10/><U118/><E68/><V121/><F121/><W28/><REACH who="3" step="1"/><G39/><REACH who="3" ten="229,333,212,216" step="2"/><T14/><D14/><U73/><E5/><V21/><F67/><W38/><G38/><T119/><D119/><U135/><E6/><V75/><F21/><W55/><G55/><AGARI ba="0,1" hai="16,17,49,55,58,75,76,81" m="15881,50187" machi="55" ten="30,2900,0" yaku="19,1,54,1" doraHai="24" who="2" fromWho="3" sc="229,0,333,0,212,39,216,-29" /><INIT seed="2,1,0,1,5,83" ten="229,333,251,187" oya="2" hai0="35,75,17,112,110,46,26,49,62,36,28,103,41" hai1="37,80,81,76,135,40,63,132,23,16,27,82,100" hai2="13,115,66,98,30,92,65,31,32,1,15,55,22" hai3="133,9,105,128,111,121,122,123,2,45,33,7,74"/><V68/><F1/><W114/><G128/><T21/><D112/><U97/><E63/><V90/><F115/><W14/><G114/><T91/><D75/><U109/><E109/><V78/><F32/><W11/><G45/><T39/><D110/><U0/><E0/><V129/><F129/><W127/><G105/><T134/><D134/><N who="1" m="51243" /><E76/><V44/><F78/><W47/><G133/><T48/><D103/><U113/><E113/><V52/><F68/><W117/><G47/><T58/><D91/><U18/><E18/><N who="2" m="10575" /><F15/><W71/><G71/><T108/><D39/><U126/><E126/><V94/><F94/><W93/><G93/><T19/><D108/><U86/><E86/><V54/><F44/><W29/><G74/><T96/><D96/><U120/><E120/><V104/><F104/><W124/><G111/><T84/><D84/><U50/><E37/><V51/><F51/><W20/><G33/><T85/><D85/><U67/><E50/><V87/><F98/><W64/><G117/><T61/><D61/><U102/><E40/><V107/><F107/><W12/><G64/><AGARI ba="1,0" hai="30,31,52,54,55,64,65,66,87,90,92" m="10575" machi="64" ten="30,5800,0" yaku="8,1,52,1,54,1" doraHai="83" who="2" fromWho="3" sc="229,0,333,0,251,61,187,-61" /><INIT seed="2,2,0,1,1,116" ten="229,333,312,126" oya="2" hai0="69,121,29,84,94,100,74,55,71,102,98,107,85" hai1="97,51,88,39,36,0,86,6,93,106,124,113,95" hai2="46,11,92,89,34,37,56,31,103,1,45,52,90" hai3="22,50,82,111,126,9,38,70,5,10,80,78,128"/><V73/><F73/><W30/><G70/><T135/><D29/><U17/><E113/><V2/><F103/><W109/><G126/><T24/><D24/><U75/><E106/><V4/><F2/><W130/><G38/><T105/><D55/><U108/><E108/><V21/><F34/><W19/><G30/><T26/><D26/><U40/><E75/><V49/><F37/><W15/><G50/><T83/><D135/><U115/><E115/><V123/><F123/><W119/><G119/><T127/><D127/><U60/><E60/><V44/><F31/><W48/><G48/><T59/><D59/><U35/><E35/><V72/><F72/><W25/><G10/><T133/><D133/><U122/><E122/><V12/><REACH who="2" step="1"/><F92/><REACH who="2" ten="229,333,302,126" step="2"/><W114/><G114/><T33/><D33/><U118/><E36/><V23/><F23/><W28/><G28/><T61/><D121/><U66/><E39/><V13/><F13/><W65/><G15/><T54/><D74/><U7/><E0/><V104/><F104/><W18/><G22/><T77/><D94/><U134/><E95/><V53/><F53/><W8/><G111/><T42/><D107/><U58/><E93/><V125/><F125/><W41/><G109/><T20/><D102/><U117/><E124/><V131/><F131/><W96/><G130/><T43/><D20/><U57/><E118/><V76/><F76/><W129/><G128/><T3/><D3/><U87/><E117/><V101/><F101/><W120/><G129/><T64/><D85/><U63/><E86/><V67/><F67/><W112/><G65/><RYUUKYOKU ba="2,1" sc="229,-10,333,-10,302,30,126,-10" hai2="1,4,11,12,21,44,45,46,49,52,56,89,90" /><INIT seed="2,3,1,1,5,127" ten="219,323,332,116" oya="2" hai0="51,83,11,57,132,30,36,112,128,56,120,26,88" hai1="17,107,27,96,103,79,105,92,119,48,89,131,133" hai2="54,44,100,95,99,62,123,87,0,13,14,35,20" hai3="98,42,85,61,25,90,24,40,22,86,16,6,114"/><V121/><F35/><W58/><G114/><T82/><D36/><U106/><E119/><V55/><F0/><W67/><G6/><T91/><D120/><U93/><E133/><V70/><F70/><W108/><G108/><T60/><D132/><U29/><E48/><V2/><F2/><W3/><G3/><T125/><D112/><U84/><E17/><V74/><F74/><W78/><G25/><T52/><D125/><U97/><E27/><V122/><F20/><W118/><G118/><T101/><D101/><N who="1" m="60559" /><E29/><V68/><F87/><W81/><REACH who="3" step="1"/><G98/><REACH who="3" ten="219,323,332,106" step="2"/><T115/><D115/><U4/><E4/><V111/><F111/><W39/><G39/><T31/><D26/><U34/><E34/><V5/><F5/><W15/><G15/><T130/><D31/><U73/><E131/><N who="0" m="50217" /><D30/><U50/><E50/><N who="2" m="28999" /><F14/><W7/><G7/><T63/><D51/><U129/><E129/><V124/><F13/><W135/><G135/><T49/><D49/><U37/><E37/><V110/><F110/><W102/><G102/><T10/><D10/><U117/><E117/><V32/><F124/><W116/><G116/><T66/><D11/><U59/><E59/><N who="2" m="35199" /><F32/><W21/><G21/><T12/><D12/><U47/><E47/><V134/><F68/><W69/><G69/><T9/><D9/><U80/><AGARI ba="3,2" hai="73,79,80,84,89,92,97,103,105,106,107" m="60559" machi="80" ten="30,12000,2" yaku="24,1,35,5" doraHai="127" who="1" fromWho="1" sc="219,-33,323,149,332,-63,106,-33" /><INIT seed="3,0,0,2,3,4" ten="186,472,269,73" oya="3" hai0="40,131,109,81,26,63,68,85,13,2,8,107,45" hai1="125,73,33,86,11,98,130,66,47,133,118,126,71" hai2="123,38,88,58,42,111,77,103,94,121,60,28,132" hai3="21,9,114,117,7,39,127,18,0,97,1,10,53"/><W128/><G39/><T78/><D109/><U24/><E73/><V99/><F111/><W54/><G117/><T46/><D131/><U70/><E130/><V19/><F77/><W15/><G114/><T120/><D120/><N who="2" m="46154" /><F132/><W35/><G128/><T92/><D107/><U16/><E133/><V74/><F74/><W37/><G37/><T57/><D2/><U129/><E129/><V61/><F28/><W84/><G127/><N who="1" m="48650" /><E66/><V48/><F19/><W29/><G97/><T113/><D68/><U5/><E86/><N who="2" m="52503" /><F38/><W6/><G84/><T49/><D46/><U36/><E98/><V34/><F34/><W112/><G112/><T23/><D92/><U25/><E25/><AGARI ba="0,0" hai="0,1,6,7,9,10,15,18,21,25,29,35,53,54" machi="25" ten="40,12000,1" yaku="9,1,24,2,52,2" doraHai="4" who="3" fromWho="1" sc="186,0,472,-120,269,0,73,120" /><INIT seed="3,1,0,2,0,45" ten="186,352,269,193" oya="3" hai0="7,34,59,114,53,23,49,61,74,3,100,26,96" hai1="128,106,36,99,47,48,18,103,133,125,37,70,25" hai2="129,78,33,50,68,6,116,35,66,115,98,20,51" hai3="88,17,42,56,121,52,57,21,112,97,84,130,75"/><W54/><G121/><T64/><D114/><U135/><E70/><V105/><F115/><W91/><G112/><T65/><D74/><U76/><E76/><V5/><F116/><W24/><G130/><T58/><D34/><U118/><E125/><V127/><F78/><W110/><G110/><T87/><D87/><U89/><E89/><V62/><F20/><W77/><G42/><T67/><D7/><U93/><E106/><V39/><F39/><W60/><G75/><T95/><REACH who="0" step="1"/><D3/><REACH who="0" ten="176,352,269,193" step="2"/><U46/><E118/><V85/><F85/><W28/><G97/><T108/><D108/><U9/><E99/><V111/><F111/><W102/><G102/><T83/><D83/><U0/><E103/><N who="2" m="62711" /><F5/><W123/><G123/><T8/><D8/><U29/><E9/><V31/><F6/><W69/><G69/><T14/><D14/><U101/><E0/><V81/><F81/><N who="3" m="47151" /><G17/><AGARI ba="1,1" hai="17,23,26,49,53,58,59,61,64,65,67,95,96,100" machi="17" ten="30,7700,0" yaku="1,1,7,1,8,1,52,1,53,0" doraHai="45" doraHaiUra="73" who="0" fromWho="3" sc="176,90,352,0,269,0,193,-80" /><INIT seed="4,0,0,3,1,51" ten="266,352,269,113" oya="0" hai0="103,9,104,4,23,76,55,24,99,125,101,126,62" hai1="49,95,45,91,129,38,120,87,92,113,102,111,16" hai2="110,8,97,21,33,118,83,12,48,84,133,60,63" hai3="6,122,75,82,32,88,26,81,11,108,3,116,94"/><T28/><D76/><U119/><E111/><V71/><F33/><W18/><G108/><T54/><D103/><U1/><E120/><V100/><F110/><W13/><G116/><T77/><D77/><U105/><E119/><V50/><F133/><W58/><G122/><T112/><D112/><U89/><E1/><V47/><F21/><W109/><G109/><T74/><D74/><U56/><E129/><V107/><F50/><W130/><G130/><T134/><D134/><U79/><E113/><V40/><F71/><W123/><G123/><T115/><D62/><U14/><E38/><V127/><F127/><N who="0" m="48650" /><D115/><U64/><E79/><V72/><F72/><W69/><G69/><T117/><D117/><U0/><E0/><AGARI ba="0,0" hai="0,4,9,23,24,28,54,55,99,101,104" m="48650" machi="0" ten="30,5800,0" yaku="18,1,52,2" doraHai="51" who="0" fromWho="1" sc="266,58,352,-58,269,0,113,0" /><INIT seed="4,1,0,0,2,32" ten="324,294,269,113" oya="0" hai0="124,8,22,9,47,121,107,21,126,99,36,98,55" hai1="105,59,31,6,127,16,2,46,24,53,56,50,113" hai2="20,48,77,61,117,115,73,33,49,12,52,111,28" hai3="81,75,93,54,43,37,101,108,84,78,64,76,66"/><T23/><D121/><U131/><E105/><V5/><F111/><W86/><G108/><T15/><D9/><U112/><E131/><V11/><F115/><N who="1" m="44105" /><E127/><N who="0" m="48681" /><D107/><U129/><E129/><V72/><F117/><W25/><G37/><T85/><D85/><U35/><E16/><V91/><F33/><W79/><G43/><N who="0" m="23015" /><D55/><U128/><E128/><V104/><F104/><W68/><G68/><T60/><D60/><U57/><E6/><AGARI ba="1,0" hai="6,8,15,21,22,23,98,99" m="23015,48681" machi="6" ten="30,1500,0" yaku="18,1" doraHai="32" who="0" fromWho="1" sc="324,18,294,-18,269,0,113,0" /><INIT seed="4,2,0,2,0,27" ten="342,276,269,113" oya="0" hai0="28,127,9,7,125,122,55,12,8,33,104,40,93" hai1="68,39,59,13,123,67,110,56,126,41,65,53,113" hai2="16,36,66,30,3,124,82,32,2,15,70,99,51" hai3="29,20,23,49,112,96,98,38,0,121,100,6,120"/><T17/><D104/><U103/><E103/><V76/><F36/><W106/><G38/><T19/><D40/><U34/><E34/><V131/><F124/><N who="0" m="47690" /><D55/><U72/><E72/><V25/><F131/><W73/><G73/><T4/><D93/><U57/><E13/><V87/><F51/><W78/><G78/><T119/><D122/><U5/><E5/><N who="0" m="2121" /><D119/><U44/><E126/><V117/><F117/><W37/><G37/><T116/><D116/><U31/><E31/><V74/><F74/><W18/><G112/><T83/><D83/><U11/><E11/><N who="0" m="4169" /><D12/><U88/><E123/><V81/><F81/><W47/><G98/><T60/><D60/><N who="1" m="40039" /><E113/><V133/><F99/><W10/><G49/><T115/><D115/><U46/><E88/><V69/><F82/><W90/><G90/><T45/><D45/><N who="1" m="23743" /><E110/><V62/><F76/><W63/><G47/><N who="1" m="17962" /><E65/><V101/><F66/><W75/><G75/><T14/><D14/><U92/><E92/><V48/><F15/><W118/><G118/><T52/><D52/><AGARI ba="2,0" hai="52,53,56,57,59" m="17962,23743,40039" machi="52" ten="30,12000,2" yaku="35,5,54,1" doraHai="27" who="1" fromWho="0" sc="342,-126,276,126,269,0,113,0" /><INIT seed="5,0,0,4,5,88" ten="216,402,269,113" oya="1" hai0="94,65,73,86,19,106,59,58,24,81,14,130,57" hai1="117,83,77,131,97,128,22,37,60,98,3,38,127" hai2="121,43,126,72,134,33,29,13,20,70,108,120,36" hai3="10,92,93,32,84,34,113,76,62,35,27,111,104"/><U61/><E22/><V15/><F72/><W18/><G111/><T49/><D106/><U40/><E40/><V51/><F70/><W50/><G104/><T30/><D73/><U42/><E42/><V4/><F43/><W102/><G102/><T75/><D75/><U80/><E77/><V74/><F51/><W5/><G50/><T89/><D130/><U112/><E112/><V68/><F68/><W28/><G18/><T82/><D65/><U101/><E101/><V105/><F105/><W2/><G113/><T95/><D82/><U100/><E100/><V78/><F78/><W87/><G62/><T96/><D49/><U6/><E6/><V71/><F74/><W12/><G2/><T45/><D45/><U124/><E3/><V44/><F71/><W16/><G5/><T54/><D54/><U41/><E41/><V17/><F44/><W129/><G129/><T8/><REACH who="0" step="1"/><D96/><REACH who="0" ten="206,402,269,113" step="2"/><U52/><E52/><V110/><F36/><W115/><G115/><T25/><D25/><U56/><E37/><V123/><F126/><W1/><G1/><T23/><AGARI ba="0,1" hai="8,14,19,23,24,30,57,58,59,81,86,89,94,95" machi="23" ten="30,8000,1" yaku="1,1,0,1,8,1,52,2,53,0" doraHai="88" doraHaiUra="0" who="0" fromWho="0" sc="206,90,402,-40,269,-20,113,-20" /><INIT seed="6,0,0,2,5,68" ten="296,362,249,93" oya="2" hai0="99,75,100,104,16,93,52,24,109,59,29,31,95" hai1="94,42,96,110,114,64,21,46,6,14,30,107,86" hai2="112,91,7,62,41,8,105,19,132,70,37,51,33" hai3="58,49,123,44,87,65,113,135,134,40,26,69,15"/><V80/><F112/><W92/><G123/><T66/><D75/><U118/><E110/><V22/><F33/><W1/><G1/><T103/><D109/><U89/><E118/><V36/><F105/><W102/><G69/><T77/><D77/><U83/><E114/><V18/><F132/><N who="3" m="50731" /><G113/><T38/><D66/><U73/><E73/><V97/><F19/><W50/><G26/><T0/><D0/><U45/><E107/><V43/><F70/><W98/><G15/><T48/><D38/><U84/><E64/><V130/><F130/><W120/><G87/><T117/><D117/><U3/><E3/><V28/><F28/><N who="0" m="10826" /><D104/><U32/><E32/><V53/><F62/><N who="3" m="38103" /><G120/><T56/><D56/><U115/><E115/><V10/><F7/><W9/><G9/><T90/><D95/><U127/><E30/><V79/><F10/><W85/><G85/><T116/><D116/><U82/><E84/><N who="2" m="50567" /><F97/><W106/><G106/><T122/><D122/><U12/><E96/><V131/><F131/><W72/><G72/><T76/><D76/><U121/><E121/><V108/><F79/><W47/><G47/><T81/><D81/><U35/><E83/><V71/><F71/><W57/><G57/><T20/><AGARI ba="0,0" hai="16,20,24,48,52,59,90,93,99,100,103" m="10826" machi="20" ten="30,4000,0" yaku="8,1,54,2" doraHai="68" who="0" fromWho="0" sc="296,40,362,-10,249,-20,93,-10" /><INIT seed="7,0,0,3,4,55" ten="336,352,229,83" oya="3" hai0="121,93,67,116,96,39,45,70,51,132,117,15,105" hai1="61,0,66,80,127,42,134,7,115,38,125,86,1" hai2="119,75,5,110,47,63,3,30,83,31,74,108,37" hai3="49,87,91,88,114,99,92,27,118,133,9,4,135"/><W103/><G118/><T12/><D105/><U84/><E115/><V89/><F119/><W107/><G114/><T124/><D121/><U44/><E134/><V73/><F63/><W17/><G91/><T8/><D132/><U13/><E13/><V52/><F31/><W36/><G36/><T130/><D39/><U56/><E7/><V65/><F30/><W100/><G100/><T126/><D12/><U18/><E18/><V81/><F65/><W46/><G27/><T54/><D130/><U111/><E111/><V40/><F52/><W131/><G131/><T32/><D32/><U120/><E120/><V128/><F128/><W106/><G106/><T64/><D117/><U24/><E24/><V50/><F50/><W26/><G26/><T14/><D14/><U25/><E25/><V76/><F89/><W95/><G107/><T129/><D116/><U11/><E11/><N who="2" m="2495" /><F75/><W102/><G102/><N who="0" m="60687" /><D129/><U98/><E98/><V77/><AGARI ba="0,0" hai="37,40,47,73,74,76,77,81,83,108,110" m="2495" machi="77" ten="30,2000,0" yaku="25,1,23,1" doraHai="55" who="2" fromWho="2" sc="336,-5,352,-5,229,20,83,-10" owari="331,13.0,347,45.0,249,-15.0,73,-43.0" /></mjloggm>