<mjloggm ver="2.3"><GO type="97" lobby="0"/><UN n0="%59%4F%55%21" n1="%E3%83%88%E3%83%88%E3%83%AA%E5%85%88%E7%94%9F%31%39%E6%AD%B3" n2="%E5%B7%9D%E6%9D%91%E6%99%83%E8%A3%95%EF%BC%88%E4%B8%A1%E6%96%B9%EF%BC%89" n3="%E7%80%AC%E5%B0%BE%E6%99%B6" dan="15,13,16,14" rate="1998.63,2013.70,2098.58,1932.20" sx="M,F,M,M"/><TAIKYOKU oya="0"/><INIT seed="0,0,0,1,1,42" ten="250,250,250,250" oya="0" hai0="14,32,19,91,100,38,121,71,5,68,3,135,64" hai1="46,122,50,28,130,36,33,10,26,86,95,85,58" hai2="59,21,60,108,1,45,6,96,24,109,118,15,61" hai3="105,99,83,16,102,74,88,4,7,63,67,76,11"/><T104/><D121/><U65/><E122/><V113/><F1/><W70/><REACH who="3" step="1"/><G88/><REACH who="3" ten="250,250,250,240" step="2"/><T127/><D91/><U103/><E130/><V37/><F108/><W112/><G112/><T111/><D111/><U110/><E110/><V48/><F113/><W31/><G31/><T27/><D100/><U13/><E103/><V133/><F109/><W47/><G47/><T75/><D127/><U29/><E29/><V79/><F45/><W51/><G51/><T81/><D38/><U87/><E36/><V56/><F48/><W35/><G35/><T84/><D32/><U80/><E50/><V66/><F37/><W30/><G30/><T131/><D131/><U41/><E46/><V78/><F78/><W93/><G93/><T128/><D128/><U53/><E95/><V101/><F79/><W115/><G115/><T43/><D104/><U22/><E33/><V44/><F44/><W129/><G129/><T119/><D43/><U0/><E41/><V9/><F101/><W116/><G116/><T18/><D119/><U98/><E28/><N who="2" m="17423" /><F118/><W124/><G124/><T62/><D75/><U92/><E92/><V73/><F73/><W106/><G106/><T134/><D134/><U23/><E87/><V49/><F133/><W132/><G132/><T126/><D126/><U55/><E86/><V90/><F49/><W97/><G97/><T72/><D135/><U69/><E98/><V17/><F90/><W25/><G25/><T77/><D72/><U82/><E85/><V57/><F96/><W2/><G2/><T40/><D3/><U107/><E0/><N who="2" m="199" /><F61/><W34/><G34/><RYUUKYOKU ba="0,1" sc="250,-15,250,-15,250,15,240,15" hai2="15,17,56,57,59,60,66" hai3="4,7,11,16,63,67,70,74,76,83,99,102,105" /><INIT seed="1,1,1,0,4,12" ten="235,235,265,255" oya="1" hai0="108,60,3,17,67,52,34,46,125,76,102,66,32" hai1="43,90,40,99,54,14,51,50,44,68,98,41,37" hai2="121,93,1,118,120,4,85,27,31,22,57,55,13" hai3="103,119,100,62,48,39,94,95,19,21,127,83,115"/><U69/><E90/><N who="2" m="53455" /><F118/><W73/><G39/><T25/><D3/><U24/><E24/><V106/><F106/><W107/><G115/><T18/><D125/><U38/><E14/><V101/><F101/><N who="3" m="38987" /><G107/><T122/><D122/><U23/><E23/><N who="2" m="15871" /><F4/><W63/><G73/><T132/><D102/><U61/><E98/><V64/><F64/><W16/><G127/><T111/><D132/><U123/><E99/><V81/><F81/><W113/><G113/><T124/><D124/><U104/><E104/><V47/><F47/><W88/><G119/><T131/><D76/><U72/><E72/><V92/><F92/><N who="3" m="35371" /><G48/><N who="1" m="18474" /><E123/><V97/><F1/><W8/><G8/><T114/><D114/><U129/><E129/><V105/><F105/><W79/><G79/><T70/><D131/><U65/><E68/><V6/><F97/><W87/><G19/><T112/><D112/><U30/><E30/><V15/><F6/><W36/><G36/><N who="1" m="13930" /><E54/><V109/><F121/><W11/><G11/><T28/><D34/><U7/><E7/><V126/><F120/><W77/><G77/><T135/><D135/><U82/><E82/><V133/><F133/><W71/><G71/><T29/><D70/><U35/><E35/><V96/><F96/><W86/><G87/><T91/><D32/><U110/><E44/><V58/><F126/><W33/><G33/><T9/><D46/><U42/><N who="1" m="10240" /><DORA hai="26" /><U2/><E2/><V10/><F10/><W53/><G53/><T0/><D9/><U128/><E128/><V134/><F134/><W84/><G86/><T5/><D0/><U80/><E80/><RYUUKYOKU ba="1,1" sc="235,-15,235,15,265,-15,255,15" hai1="61,65,69,110" hai3="16,21,62,63,83,84,88" /><INIT seed="1,2,1,0,0,17" ten="220,250,250,270" oya="1" hai0="107,0,3,30,27,58,131,24,8,11,64,121,14" hai1="7,46,115,119,125,124,90,73,50,20,134,97,126" hai2="89,6,78,98,75,28,48,39,60,129,42,49,47" hai3="56,91,103,65,79,21,40,122,45,16,77,72,111"/><U68/><E115/><V110/><F110/><W96/><G122/><T59/><D107/><U106/><E119/><V102/><F129/><W44/><G111/><T76/><D76/><N who="3" m="29257" /><G72/><T5/><D64/><U105/><E73/><V41/><F89/><W4/><G103/><T95/><D131/><U55/><E68/><V52/><F28/><W31/><G4/><T135/><D135/><U23/><E134/><V130/><F130/><W127/><G31/><T2/><D95/><N who="1" m="56567" /><E7/><V133/><F6/><W74/><G74/><T118/><D59/><U116/><E116/><V93/><F133/><W86/><G40/><T15/><D58/><U51/><E51/><V34/><F34/><W9/><G9/><N who="0" m="2215" /><D118/><U35/><E35/><V70/><F70/><W109/><G96/><T38/><D38/><U67/><E67/><V84/><F75/><W80/><G109/><T63/><D63/><U117/><E117/><V128/><F60/><N who="3" m="38023" /><G127/><T10/><D121/><U120/><E120/><V81/><F128/><W25/><AGARI ba="2,1" hai="16,21,25,44,45,80,86,91" m="38023,29257" machi="25" ten="30,4000,0" yaku="8,1,52,1,54,1" doraHai="17" who="3" fromWho="3" sc="220,-12,250,-22,250,-12,270,56" /><INIT seed="2,0,0,0,5,102" ten="208,228,238,326" oya="2" hai0="49,48,108,37,121,20,118,33,41,55,117,14,38" hai1="57,39,83,72,26,112,81,134,28,64,58,67,19" hai2="65,82,125,89,126,97,17,74,115,36,32,91,59" hai3="4,63,114,107,70,30,21,95,128,124,46,106,3"/><V78/><F115/><W2/><G46/><N who="0" m="25679" /><D33/><U29/><E112/><V62/><F36/><N who="0" m="13930" /><D14/><U8/><E39/><V35/><F17/><W131/><G114/><T75/><D20/><N who="1" m="13599" /><E134/><V133/><F133/><W77/><G124/><N who="2" m="47721" /><F97/><W71/><G77/><T90/><D90/><AGARI ba="0,0" hai="32,35,59,62,65,74,78,82,89,90,91" m="47721" machi="90" ten="30,1500,0" yaku="18,1" doraHai="102" who="2" fromWho="0" sc="208,-15,228,0,238,15,326,0" /><INIT seed="2,1,0,1,5,15" ten="193,228,253,326" oya="2" hai0="77,23,75,53,68,115,69,119,121,31,78,3,79" hai1="37,95,2,90,11,94,126,39,43,8,54,61,38" hai2="7,24,21,41,133,111,62,103,66,116,0,98,6" hai3="27,86,16,28,12,73,117,33,113,80,57,32,88"/><V44/><F116/><W70/><G117/><T125/><D119/><U123/><E126/><V91/><F91/><W99/><G113/><T9/><D115/><U20/><E123/><V42/><F133/><W64/><G70/><T87/><D121/><U50/><E43/><V106/><F111/><W128/><G73/><T129/><D125/><U85/><E61/><V108/><F108/><W58/><G128/><T45/><D75/><U26/><E95/><V100/><F100/><W56/><G33/><T83/><D129/><U14/><E2/><V97/><F97/><W71/><G71/><T19/><D31/><U131/><E131/><V67/><F0/><W81/><G99/><T104/><D104/><U120/><E120/><V1/><F42/><W110/><G110/><T13/><D3/><U93/><E93/><V76/><F76/><W46/><G46/><T17/><D68/><U84/><E84/><V34/><F34/><W74/><G64/><T49/><D69/><U101/><E101/><V134/><F134/><W130/><G130/><T35/><D35/><U5/><E11/><V114/><F114/><W82/><REACH who="3" step="1"/><G74/><REACH who="3" ten="193,228,253,316" step="2"/><T36/><REACH who="0" step="1"/><D36/><REACH who="0" ten="183,228,253,316" step="2"/><U4/><E38/><V63/><F66/><W40/><G40/><T30/><D30/><N who="1" m="17735" /><E39/><V52/><F67/><W109/><G109/><T55/><D55/><U122/><E37/><V29/><F52/><W72/><G72/><T112/><D112/><U59/><E122/><V96/><F41/><W22/><AGARI ba="1,2" hai="12,16,22,27,28,32,56,57,58,80,81,82,86,88" machi="22" ten="30,8000,1" yaku="1,1,0,1,52,1,54,2,53,0" doraHai="15" doraHaiUra="47" who="3" fromWho="3" sc="183,-21,228,-21,253,-41,316,103" /><INIT seed="3,0,0,2,3,111" ten="162,207,212,419" oya="3" hai0="70,47,34,40,39,121,60,23,57,11,80,135,102" hai1="56,104,32,75,94,108,1,63,69,132,103,3,6" hai2="124,66,78,16,123,17,9,71,83,74,28,0,65" hai3="61,95,87,90,25,109,14,73,107,41,59,98,4"/><W92/><G107/><T68/><D34/><U130/><E108/><V43/><F16/><W10/><G73/><T88/><D121/><U24/><E94/><V120/><F28/><W35/><G109/><T84/><D135/><U122/><E122/><V42/><F17/><W33/><G41/><T97/><D11/><U67/><E130/><V48/><F42/><W22/><G95/><T45/><D45/><U30/><E132/><V5/><F71/><W44/><G44/><T116/><D116/><U13/><E75/><V2/><F2/><W15/><G15/><T54/><REACH who="0" step="1"/><D23/><REACH who="0" ten="152,207,212,419" step="2"/><U93/><E3/><V129/><F9/><W113/><G22/><T79/><D79/><U20/><E1/><V86/><F78/><W82/><G10/><T114/><D114/><U12/><E20/><V31/><F0/><W115/><G113/><T117/><D117/><U100/><E6/><V52/><F120/><W133/><G115/><T51/><D51/><U105/><E32/><V119/><F48/><W38/><G33/><T101/><D101/><U77/><E77/><V7/><F5/><W37/><G35/><T118/><D118/><U18/><E103/><V127/><F7/><W134/><G133/><T131/><D131/><U99/><E100/><V62/><F129/><W110/><G134/><T106/><AGARI ba="0,1" hai="39,40,47,54,57,60,68,70,80,84,88,97,102,106" machi="106" ten="20,5200,0" yaku="1,1,0,1,7,1,54,1,53,0" doraHai="111" doraHaiUra="126" who="0" fromWho="0" sc="152,62,207,-13,212,-13,419,-26" owari="214,1.0,194,-31.0,199,-20.0,393,50.0" /></mjloggm>