<mjloggm ver="2.3"><GO type="225" lobby="0"/><UN n0="%E4%B8%8A%E5%AE%B6%E3%81%AF%E6%80%AA%E3%81%97%E3%81%84%EF%BC%81%EF%BC%81" n1="%E9%AC%BC%E5%8F%A3%E3%81%BE%E3%81%93%E3%81%A8" n2="%E5%B0%B1%E6%B4%BB%E7%94%9F%40%E5%B7%9D%E6%9D%91%E8%BB%8D%E5%9B%A3" n3="%E3%81%BF%E3%82%85%E3%82%93%E3%81%93" dan="17,16,16,18" rate="2134.49,2211.10,2039.82,2237.28" sx="M,M,M,F"/><TAIKYOKU oya="0"/><INIT seed="0,0,0,3,4,91" ten="250,250,250,250" oya="0" hai0="113,68,70,116,10,11,100,117,9,118,4,1,45" hai1="102,92,119,111,88,35,78,131,69,14,12,26,128" hai2="7,57,97,41,50,6,108,76,33,46,30,59,126" hai3="17,96,53,81,87,112,94,62,133,28,103,13,122"/><T42/><D113/><U16/><E102/><V32/><F126/><W67/><G133/><T37/><D100/><U44/><E69/><V85/><F108/><W34/><G122/><T130/><D130/><N who="1" m="49707" /><E78/><V72/><F72/><W109/><G109/><T25/><D25/><U0/><E0/><V107/><F107/><W15/><G112/><T61/><D61/><U77/><E77/><V58/><F97/><W106/><G53/><T73/><D10/><U60/><E60/><V55/><F32/><W27/><G17/><T40/><D9/><U21/><E111/><V63/><F30/><W24/><G24/><T129/><D129/><U22/><E35/><V104/><F104/><W47/><G47/><T36/><D73/><U132/><E132/><V90/><F76/><W3/><G3/><T84/><D84/><N who="1" m="52231" /><E119/><V125/><F33/><W75/><G75/><T65/><REACH who="0" step="1"/><D65/><REACH who="0" ten="240,250,250,250" step="2"/><U56/><E56/><N who="2" m="21611" /><F125/><W95/><G67/><T110/><D110/><U64/><E64/><V121/><F121/><W135/><G62/><T2/><D2/><U86/><E86/><V127/><F127/><W101/><G101/><T52/><D52/><U38/><E22/><V134/><F134/><W98/><G135/><T114/><D114/><U8/><E8/><V48/><F63/><W19/><G103/><T66/><D66/><U115/><E115/><V79/><F79/><W20/><G20/><T49/><D49/><U23/><E23/><V31/><F31/><W124/><G28/><T43/><D43/><AGARI ba="0,1" hai="12,14,16,21,26,38,43,44" m="52231,49707" machi="43" ten="30,7700,0" yaku="19,1,52,1,54,2" doraHai="91" who="1" fromWho="0" sc="240,-77,250,87,250,0,250,0" /><INIT seed="1,0,0,3,3,122" ten="163,337,250,250" oya="1" hai0="112,56,74,26,126,121,47,60,101,0,22,77,58" hai1="95,1,15,52,14,134,41,49,129,131,119,30,104" hai2="84,76,33,67,108,34,31,3,35,105,4,128,62" hai3="81,25,73,103,37,68,59,133,97,123,17,27,18"/><U57/><E104/><V36/><F36/><W38/><G68/><T98/><D121/><U29/><E1/><V93/><F105/><W135/><G123/><T8/><D112/><U2/><E2/><V116/><F116/><W6/><G6/><T54/><D126/><U43/><E95/><V86/><F128/><N who="1" m="49225" /><E134/><N who="3" m="51210" /><G59/><T102/><D77/><U88/><E88/><V124/><F124/><W32/><G73/><T45/><D74/><U21/><E119/><V64/><F31/><N who="1" m="11785" /><E21/><V48/><F4/><W130/><G81/><T42/><D0/><U20/><E20/><V79/><F3/><W72/><G72/><T11/><D101/><U87/><E87/><V114/><F114/><W13/><G27/><T117/><D117/><U109/><E109/><V10/><F93/><W89/><G89/><T75/><D75/><U91/><E91/><V44/><F108/><W107/><G32/><T71/><D102/><U16/><E16/><V51/><F10/><W55/><G25/><T99/><D26/><U53/><E53/><V70/><F35/><W83/><G18/><T106/><D22/><U110/><E110/><V12/><F34/><W92/><G107/><T9/><D106/><U78/><E78/><V85/><F33/><W127/><G127/><T132/><D132/><U125/><E125/><V120/><F120/><W65/><G130/><T96/><D54/><U90/><E90/><V80/><F79/><W28/><G55/><T19/><D19/><U113/><E113/><V111/><F111/><W50/><G28/><T69/><D11/><U118/><E118/><V39/><F76/><RYUUKYOKU ba="0,0" sc="163,-10,337,30,250,-10,250,-10" hai1="14,15,41,43,49,52,57" /><INIT seed="1,1,0,5,0,62" ten="153,367,240,240" oya="1" hai0="61,91,77,122,107,32,30,15,33,104,65,87,83" hai1="82,11,110,1,79,97,115,4,71,117,9,111,98" hai2="81,118,53,114,116,126,7,22,96,18,16,106,19" hai3="46,127,113,29,129,94,28,123,95,102,47,38,85"/><U84/><E71/><V99/><F7/><W48/><G123/><T89/><D122/><U0/><E115/><V74/><F114/><W120/><G113/><T70/><D15/><U103/><E117/><V56/><F126/><W68/><G68/><T17/><D17/><U14/><E98/><V50/><F22/><W20/><G129/><T36/><D36/><U134/><E134/><V67/><F99/><W55/><G127/><T108/><D108/><N who="1" m="41515" /><E9/><V124/><F124/><W34/><G34/><T26/><D33/><U6/><E6/><V60/><F81/><W39/><G39/><T3/><D3/><U21/><E21/><V43/><F74/><W133/><G133/><T78/><D78/><U58/><E58/><V130/><F43/><W45/><G38/><T121/><D121/><U119/><E119/><V27/><F27/><W128/><G120/><T52/><D104/><AGARI ba="1,0" hai="0,1,4,11,14,79,82,84,97,103,104" m="41515" machi="104" ten="30,2900,0" yaku="14,1,10,1" doraHai="62" who="1" fromWho="0" sc="153,-32,367,32,240,0,240,0" /><INIT seed="1,2,0,0,0,73" ten="121,399,240,240" oya="1" hai0="33,30,79,135,130,134,21,60,36,97,93,131,66" hai1="94,69,102,51,123,16,81,12,132,64,56,9,14" hai2="104,63,19,50,34,83,125,23,114,86,35,71,113" hai3="8,6,20,7,84,106,48,118,90,107,117,25,109"/><U38/><E38/><V58/><F104/><W82/><G109/><T55/><D55/><N who="1" m="31871" /><E69/><V108/><F108/><W42/><G42/><T44/><D21/><U88/><E132/><V53/><F71/><W17/><G48/><T127/><D44/><U61/><E123/><V5/><F5/><W37/><G37/><T111/><D36/><U126/><E126/><V75/><F75/><W121/><G121/><T105/><D111/><U22/><E64/><V89/><F63/><W31/><G31/><T92/><D127/><U57/><E102/><V0/><F0/><W101/><G6/><T129/><D79/><U112/><E81/><V65/><F65/><W1/><REACH who="3" step="1"/><G101/><REACH who="3" ten="121,399,240,230" step="2"/><N who="0" m="62639" /><D135/><U74/><E112/><N who="2" m="43115" /><F125/><W91/><G91/><T128/><N who="0" m="32768" /><DORA hai="43" /><T99/><D134/><U96/><E74/><V115/><N who="2" m="43123" /><V103/><DORA hai="110" /><F103/><W98/><G98/><T52/><D99/><U24/><E61/><V11/><F11/><W15/><G15/><AGARI ba="2,1" hai="15,19,23,34,35,50,53,58,83,86,89" m="43123" machi="15" ten="40,8000,1" yaku="11,1,52,4" doraHai="73,43,110" who="2" fromWho="3" sc="121,0,399,0,240,96,230,-86" /><INIT seed="2,0,0,2,3,133" ten="121,399,336,144" oya="2" hai0="70,75,115,128,6,94,77,54,35,53,127,130,26" hai1="119,107,17,33,43,10,67,31,40,8,45,129,106" hai2="108,62,125,82,112,2,39,19,113,96,109,88,76" hai3="84,13,27,74,110,124,90,73,14,97,5,18,71"/><V56/><F39/><W47/><G71/><T50/><D70/><U66/><E119/><V126/><F2/><W51/><G110/><N who="2" m="42601" /><F19/><W11/><G124/><N who="2" m="47721" /><F88/><W57/><G97/><T0/><D115/><U95/><E17/><V23/><F96/><W91/><G91/><T101/><D127/><U59/><E129/><V28/><F28/><W55/><G47/><T12/><D0/><U87/><E45/><V131/><F23/><W93/><REACH who="3" step="1"/><G27/><REACH who="3" ten="121,399,336,134" step="2"/><T100/><D26/><U60/><E59/><V122/><F122/><W65/><G65/><T20/><D128/><U72/><E66/><N who="2" m="39239" /><F131/><W34/><G34/><T120/><D35/><U49/><E33/><V58/><F58/><W102/><G102/><T69/><D101/><U25/><E25/><V80/><F80/><W44/><G44/><T7/><D120/><U135/><E31/><V52/><F52/><W46/><G46/><T36/><D54/><U118/><E67/><V79/><F79/><W3/><G3/><T48/><D130/><U22/><E22/><AGARI ba="0,1" hai="5,11,13,14,18,22,51,55,57,73,74,84,90,93" machi="22" ten="30,7700,0" yaku="1,1,7,1,25,2,53,0" doraHai="133" doraHaiUra="38" who="3" fromWho="1" sc="121,0,399,-77,336,0,134,87" /><INIT seed="3,0,0,4,3,58" ten="121,322,336,221" oya="3" hai0="53,50,5,70,107,10,0,88,39,90,29,96,56" hai1="52,25,30,120,31,1,109,67,99,134,103,129,32" hai2="49,64,57,110,106,79,98,92,38,12,113,55,116" hai3="9,18,2,14,124,132,82,77,111,34,102,22,121"/><W130/><G121/><T83/><D29/><U62/><E120/><V16/><F106/><W93/><G132/><T46/><D83/><U100/><E31/><V60/><F38/><W24/><G130/><T61/><D107/><N who="1" m="63903" /><E103/><V48/><F110/><W33/><G124/><T21/><D21/><U72/><E72/><V19/><F113/><W44/><G111/><T76/><D76/><U4/><E109/><V47/><F79/><W13/><G13/><T127/><D127/><U51/><E4/><V7/><F116/><W135/><G135/><T69/><D69/><N who="1" m="42231" /><E1/><V84/><F84/><W75/><G44/><T112/><D112/><U8/><E8/><N who="2" m="4127" /><F49/><W119/><G119/><T27/><D27/><U128/><E134/><V36/><F36/><W122/><G122/><T43/><D96/><U125/><E125/><V54/><F54/><W59/><G59/><AGARI ba="0,0" hai="25,30,32,51,52,59,128,129" m="42231,63903" machi="59" ten="30,3900,0" yaku="25,1,52,1,54,1" doraHai="58" who="1" fromWho="3" sc="121,0,322,39,336,0,221,-39" owari="121,-38.0,361,46.0,336,14.0,182,-22.0" /></mjloggm>