<mjloggm ver="2.3"><GO type="97" lobby="0"/><UN n0="%E5%B0%B1%E6%B4%BB%E7%94%9F%40%E5%B7%9D%E6%9D%91%E8%BB%8D%E5%9B%A3" n1="%57%61%6C%73%68" n2="%E3%83%A1%E3%82%BF%E3%83%9C%E3%83%9A%E3%83%B3%E3%82%AE%E3%83%B3" n3="%74%65%6E%65%72%74%6B" dan="14,13,13,15" rate="1940.90,1847.96,1856.59,1942.01" sx="M,M,M,M"/><TAIKYOKU oya="0"/><INIT seed="0,0,0,2,1,22" ten="250,250,250,250" oya="0" hai0="62,118,57,85,24,36,91,41,20,37,33,105,119" hai1="11,39,97,43,122,84,127,109,88,56,50,30,0" hai2="18,10,68,42,5,90,101,31,60,12,1,104,93" hai3="86,128,2,113,117,96,3,16,21,87,49,54,135"/><T69/><D105/><U38/><E122/><V102/><F42/><W46/><G113/><T99/><D69/><U15/><E0/><V72/><F72/><W26/><G117/><T27/><D33/><U111/><E127/><V6/><F6/><W83/><G128/><T123/><D123/><U29/><E97/><V48/><F104/><W25/><G135/><T28/><D99/><U61/><E50/><V124/><F124/><W71/><G71/><T134/><D134/><U79/><E79/><V76/><F76/><N who="3" m="46439" /><G3/><T14/><D14/><U34/><E30/><V75/><F75/><W58/><G2/><T108/><D108/><N who="1" m="41547" /><E43/><V103/><F48/><N who="3" m="31047" /><G96/><T80/><D41/><U94/><E29/><V51/><F51/><W131/><G87/><T89/><D89/><U77/><E77/><V78/><F31/><W52/><G131/><T45/><D45/><U19/><E34/><V98/><F78/><W65/><G65/><AGARI ba="0,0" hai="11,15,19,38,39,56,61,65,84,88,94" m="41547" machi="65" ten="30,2000,0" yaku="14,1,54,1" doraHai="22" who="1" fromWho="3" sc="250,0,250,20,250,0,250,-20" /><INIT seed="1,0,0,1,1,21" ten="250,270,250,230" oya="1" hai0="7,53,106,76,127,68,79,97,125,15,30,25,59" hai1="86,29,27,91,55,124,33,58,10,60,109,133,23" hai2="111,32,84,118,9,71,75,85,77,22,16,120,96" hai3="52,117,56,43,123,6,49,90,18,98,114,4,134"/><U132/><E124/><N who="0" m="47689" /><D68/><U37/><E37/><V135/><F71/><W99/><G114/><T72/><D72/><U112/><E112/><V12/><F32/><W39/><G123/><T14/><D106/><U87/><E109/><V100/><F120/><W35/><G134/><N who="1" m="51818" /><E10/><V61/><F111/><W2/><G117/><T0/><D97/><U17/><E91/><V70/><F135/><W92/><G35/><N who="0" m="20943" /><D0/><U54/><E55/><V24/><F118/><W8/><G4/><T94/><D94/><U36/><E36/><V47/><F47/><W65/><G65/><T3/><D3/><U11/><E11/><V104/><F77/><N who="0" m="29770" /><D7/><U129/><E129/><V57/><F70/><W82/><G82/><T74/><D74/><U63/><E63/><AGARI ba="0,0" hai="14,15,53,59,63" m="29770,20943,47689" machi="63" ten="30,2000,0" yaku="18,1,52,1" doraHai="21" who="0" fromWho="1" sc="250,20,270,-20,250,0,230,0" /><INIT seed="2,0,0,0,5,21" ten="270,250,250,230" oya="2" hai0="42,96,20,46,15,37,52,88,75,109,89,34,63" hai1="74,3,71,105,78,60,106,86,51,69,99,47,24" hai2="4,72,32,102,59,29,8,131,44,70,18,39,126" hai3="22,112,129,38,114,11,10,9,91,45,118,25,5"/><V120/><F120/><W122/><G122/><T132/><D75/><U62/><E3/><V43/><F70/><W57/><G118/><T127/><D34/><U28/><E74/><V80/><F102/><W108/><G108/><T17/><D127/><U121/><E121/><V23/><F126/><W107/><G107/><T84/><D132/><U85/><E78/><V16/><F59/><W53/><G129/><T36/><D36/><U82/><E82/><V125/><F125/><W26/><G91/><T130/><D130/><U19/><E19/><V79/><F32/><W81/><G81/><T65/><D109/><U64/><E106/><V48/><F48/><N who="3" m="30887" /><G5/><T128/><D128/><U12/><E12/><V113/><F113/><N who="3" m="43627" /><G22/><T77/><D96/><U76/><E76/><V14/><F131/><W7/><G7/><T123/><D123/><U135/><E135/><V31/><REACH who="2" step="1"/><F31/><REACH who="2" ten="270,250,240,230" step="2"/><W93/><G93/><T104/><D104/><U100/><E71/><V103/><F103/><W83/><G83/><T27/><D65/><U116/><E116/><V94/><F94/><W115/><N who="3" m="43635" /><W92/><DORA hai="56" /><G92/><T41/><D37/><U67/><E64/><V58/><F58/><W95/><G95/><T110/><D110/><U90/><E67/><V117/><F117/><W30/><G30/><T33/><D33/><U1/><E69/><V101/><F101/><W98/><G98/><T0/><D46/><U54/><E86/><V111/><F111/><W124/><G124/><T97/><D84/><U73/><E73/><V55/><F55/><W6/><G6/><T40/><D52/><RYUUKYOKU ba="0,1" sc="270,-15,250,-15,240,15,230,15" hai2="4,8,14,16,18,23,29,39,43,44,72,79,80" hai3="9,10,11,25,26,38,45" /><INIT seed="2,1,1,2,4,44" ten="255,235,255,245" oya="2" hai0="34,101,93,16,129,103,84,15,70,33,23,118,53" hai1="110,47,124,11,94,61,77,108,111,32,79,40,59" hai2="80,26,60,109,87,10,135,51,43,75,114,62,57" hai3="36,18,132,48,123,96,128,64,37,73,134,90,17"/><V12/><F114/><W1/><G123/><T102/><D70/><U76/><E32/><V69/><F75/><W66/><G128/><T45/><D118/><U68/><E68/><V105/><F105/><W130/><G73/><T120/><D120/><U117/><E117/><V6/><F135/><N who="3" m="51755" /><G1/><T81/><D129/><U22/><E22/><V2/><F2/><W85/><G96/><N who="0" m="59535" /><D34/><U5/><E94/><V97/><F97/><W86/><G130/><T91/><D33/><U72/><E124/><V63/><F69/><W9/><G48/><AGARI ba="1,1" hai="15,16,23,45,48,53,81,84,91,102,103" m="59535" machi="48" ten="30,3900,0" yaku="8,1,52,1,54,1" doraHai="44" who="0" fromWho="3" sc="255,52,235,0,255,0,245,-42" /><INIT seed="3,0,0,2,3,75" ten="307,235,255,203" oya="3" hai0="134,14,82,117,25,96,124,100,1,17,120,20,135" hai1="49,18,64,130,26,35,131,56,29,8,121,46,62" hai2="58,3,93,133,63,70,9,19,125,76,68,41,51" hai3="111,85,87,36,57,78,98,101,47,92,69,21,123"/><W33/><G33/><T42/><D1/><U27/><E121/><V79/><F3/><W88/><G69/><T15/><D120/><U112/><E112/><V4/><F133/><N who="0" m="50698" /><D117/><U99/><E99/><V2/><F125/><W54/><G123/><T103/><D124/><U83/><E83/><V10/><F70/><W127/><G127/><T28/><D42/><U113/><E113/><V31/><F31/><W114/><G114/><T132/><D132/><U91/><E91/><V90/><F68/><W104/><G111/><T65/><D65/><U118/><E118/><V13/><F41/><W72/><G36/><T71/><D71/><U40/><E8/><V106/><F51/><N who="3" m="30943" /><G21/><N who="0" m="15407" /><D82/><U0/><E0/><V94/><F94/><N who="3" m="58583" /><G72/><T73/><D73/><U59/><E18/><V105/><F105/><W11/><G104/><N who="0" m="63495" /><D103/><U66/><E27/><AGARI ba="0,0" hai="14,15,17,20,27" m="63495,15407,50698" machi="27" ten="30,1000,0" yaku="20,1" doraHai="75" who="0" fromWho="1" sc="307,10,235,-10,255,0,203,0" owari="317,41.0,225,-17.0,255,6.0,203,-30.0" /></mjloggm>