<mjloggm ver="2.3"><GO type="41" lobby="0"/><UN n0="%E7%8C%AB%E3%81%AE%E5%8F%8B%E3%81%A0%E3%81%A1" n1="%E5%B0%B1%E6%B4%BB%E7%94%9F%40%E5%B7%9D%E6%9D%91%E8%BB%8D%E5%9B%A3" n2="%7E%2D%79%75%75%2D%7E" n3="%64%6F%72%61%6B%69%6E%67" dan="14,15,13,15" rate="1913.53,1950.34,1801.41,2006.27" sx="M,M,M,M"/><TAIKYOKU oya="0"/><INIT seed="0,0,0,0,1,51" ten="250,250,250,250" oya="0" hai0="72,28,100,23,1,31,11,117,115,53,92,133,39" hai1="32,98,41,84,111,50,14,5,103,2,9,35,69" hai2="116,128,46,108,109,58,59,40,25,113,55,112,54" hai3="88,105,68,97,134,96,76,22,16,37,81,121,57"/><T56/><D117/><U122/><E122/><V124/><F25/><W21/><G68/><T8/><D115/><N who="2" m="44106" /><F116/><W85/><G37/><T123/><D123/><U65/><E111/><N who="2" m="42571" /><F128/><W0/><G0/><T17/><D72/><U119/><E119/><V102/><F102/><W48/><G134/><T129/><D133/><U114/><E114/><V93/><F93/><W94/><G121/><T77/><D39/><U42/><E2/><V135/><F135/><W30/><G30/><N who="0" m="11307" /><D77/><U60/><E84/><V44/><F124/><W4/><G4/><T87/><D129/><U6/><E6/><V63/><F40/><W73/><G22/><T47/><D47/><U126/><E126/><V43/><F43/><W10/><G10/><T90/><D100/><U70/><E70/><V34/><F34/><W75/><G75/><T118/><D118/><U27/><E27/><V74/><F74/><W62/><G105/><T106/><D106/><U18/><E41/><V19/><F19/><W130/><G130/><T24/><D1/><U7/><E35/><V3/><F3/><W99/><G48/><AGARI ba="0,0" hai="8,11,17,23,24,48,53,56,87,90,92" m="11307" machi="48" ten="30,2900,0" yaku="8,1,52,1" doraHai="51" who="0" fromWho="3" sc="250,29,250,0,250,0,250,-29" /><AGARI ba="0,0" hai="44,46,48,54,55,58,59,63" m="42571,44106" machi="48" ten="30,8000,1" yaku="14,1,34,2,52,2" doraHai="51" who="2" fromWho="3" sc="279,0,250,0,250,80,221,-80" /><INIT seed="0,1,0,2,5,1" ten="279,250,330,141" oya="0" hai0="97,42,120,76,47,73,85,131,127,132,126,38,23" hai1="109,92,110,25,33,62,91,28,83,121,71,107,16" hai2="46,43,34,39,54,8,134,78,15,108,104,113,63" hai3="57,87,125,119,17,122,105,7,118,95,27,40,75"/><T115/><D120/><U2/><E107/><V111/><F104/><W65/><G105/><T26/><D115/><U133/><E121/><V135/><F34/><W24/><G75/><T106/><D73/><U81/><E2/><V32/><F32/><W37/><G122/><T18/><D132/><N who="2" m="50730" /><F78/><W10/><G125/><N who="0" m="47627" /><D131/><U12/><E133/><V36/><F36/><W102/><G37/><T128/><D128/><U45/><E45/><V0/><F0/><W30/><G40/><T114/><D114/><U20/><E71/><V50/><F63/><W103/><G17/><T93/><D106/><U84/><REACH who="1" step="1"/><E62/><REACH who="1" ten="279,240,330,141" step="2"/><V67/><F113/><W101/><G119/><T41/><D47/><U48/><E48/><V58/><F67/><W29/><G118/><T61/><D61/><U66/><E66/><V98/><F39/><W82/><G65/><T74/><D38/><U4/><E4/><N who="2" m="3463" /><F43/><W130/><G130/><T89/><D74/><U55/><E55/><V52/><F54/><W35/><G57/><T13/><D42/><U44/><E44/><V68/><F46/><W51/><G51/><T86/><D41/><U60/><E60/><V99/><F68/><W6/><G95/><T49/><D49/><U117/><E117/><V96/><AGARI ba="1,1" hai="50,52,58,96,98,99,108,111" m="3463,50730" machi="96" ten="40,5200,0" yaku="20,1,52,1,54,1" doraHai="1" who="2" fromWho="2" sc="279,-27,240,-14,330,65,141,-14" /><INIT seed="1,0,0,0,1,117" ten="252,226,395,127" oya="1" hai0="1,91,46,74,76,31,130,92,94,44,119,35,36" hai1="82,0,9,110,101,18,16,118,75,12,49,52,133" hai2="112,47,65,17,62,103,21,5,84,34,111,126,81" hai3="45,122,104,2,113,13,8,41,120,79,50,25,132"/><U6/><E118/><V30/><F5/><W129/><G104/><T135/><D119/><U123/><E123/><V87/><F111/><W60/><G113/><T59/><D1/><U37/><E37/><V83/><F112/><W107/><G107/><T11/><D36/><U95/><E133/><V14/><F103/><W4/><G132/><T67/><D135/><U86/><E75/><V70/><F47/><W33/><G129/><T89/><D130/><U77/><E110/><V43/><F43/><W131/><G131/><T102/><D102/><U127/><E127/><V78/><F126/><W53/><G2/><T29/><D11/><U68/><E68/><V96/><F96/><W58/><REACH who="3" step="1"/><G79/><REACH who="3" ten="252,226,395,117" step="2"/><T27/><D76/><U63/><E0/><V39/><F78/><W15/><G15/><T10/><D74/><U57/><REACH who="1" step="1"/><E63/><REACH who="1" ten="252,216,395,117" step="2"/><V109/><F62/><W116/><G116/><T66/><D35/><U90/><E90/><V32/><F34/><W56/><G56/><T93/><D59/><U71/><E71/><V98/><F70/><W114/><G114/><T105/><D89/><U3/><E3/><V42/><F109/><W80/><G80/><T85/><D91/><U88/><E88/><V69/><F69/><W106/><G106/><T134/><D105/><U20/><E20/><V125/><F21/><W99/><G99/><AGARI ba="0,2" hai="6,9,12,16,18,49,52,57,77,82,86,95,99,101" machi="99" ten="40,12000,1" yaku="1,1,8,1,54,2,53,0" doraHai="117" doraHaiUra="61" who="1" fromWho="3" sc="252,0,216,140,395,0,117,-120" owari="252,-15.0,356,16.0,395,49.0,-3,-50.0" /></mjloggm>