<mjloggm ver="2.3"><GO type="41" lobby="0"/><UN n0="%E3%83%AA%E3%82%A8%E3%83%83%E3%82%BB%E2%99%AA" n1="%E5%B0%B1%E6%B4%BB%E7%94%9F%40%E5%B7%9D%E6%9D%91%E8%BB%8D%E5%9B%A3" n2="%68%69%6A%6F%64%65%70%75" n3="%E7%87%83%E3%81%88%E3%82%8B%E9%97%98%E9%AD%82" dan="13,14,14,13" rate="1866.07,1929.37,1928.20,1882.86" sx="M,M,M,M"/><TAIKYOKU oya="0"/><INIT seed="0,0,0,5,3,86" ten="250,250,250,250" oya="0" hai0="24,54,100,43,110,88,115,65,81,80,35,76,19" hai1="17,75,23,40,4,72,133,83,45,102,111,27,126" hai2="60,6,99,95,0,101,84,3,1,130,121,93,118" hai3="131,74,18,50,41,132,124,42,134,48,125,90,26"/><T122/><D115/><U105/><E126/><N who="3" m="48746" /><G74/><T13/><D122/><U117/><E117/><V8/><F121/><W44/><G26/><T47/><D65/><U29/><E133/><N who="3" m="51306" /><G18/><T116/><D116/><U46/><E111/><V97/><F118/><W30/><G30/><T53/><D110/><U37/><E4/><V70/><F84/><W51/><G90/><T22/><D100/><U128/><E46/><V31/><F31/><W114/><G44/><T103/><D103/><U129/><E102/><V98/><F101/><W104/><G104/><T113/><D113/><U73/><E105/><V52/><F70/><W123/><G123/><T119/><D119/><U69/><E69/><V68/><F68/><W67/><G114/><T89/><D35/><U120/><E120/><V78/><F78/><W28/><G28/><T12/><D12/><U49/><E37/><V62/><F8/><W106/><G106/><T127/><D24/><U20/><E83/><N who="0" m="31817" /><D76/><U61/><E29/><V32/><F32/><W56/><G67/><T38/><D127/><U55/><E23/><V112/><F6/><W9/><G9/><T108/><D108/><U63/><E40/><N who="3" m="15466" /><G131/><AGARI ba="0,0" hai="17,20,27,45,49,55,61,63,72,73,75,128,129,131" machi="131" ten="50,1600,0" yaku="19,1" doraHai="86" who="1" fromWho="3" sc="250,0,250,16,250,0,250,-16" /><INIT seed="1,0,0,1,4,108" ten="250,266,250,234" oya="1" hai0="118,121,103,35,123,95,115,82,125,52,71,37,117" hai1="21,93,116,44,107,98,1,30,79,75,41,22,77" hai2="12,13,38,0,105,58,28,20,87,84,99,120,36" hai3="57,124,129,6,76,132,83,96,97,68,45,63,102"/><U50/><E116/><V4/><F120/><N who="0" m="46154" /><D35/><U122/><E107/><V72/><F72/><W66/><G132/><T88/><D71/><U135/><E135/><V15/><F0/><W42/><G129/><T100/><D37/><U81/><E1/><V126/><F126/><W46/><G124/><T23/><D125/><U90/><E122/><V33/><F33/><W16/><G6/><T62/><D23/><U86/><E30/><V17/><F28/><W119/><G119/><N who="0" m="45579" /><D82/><U39/><E39/><V40/><F38/><W130/><G130/><T109/><D109/><U114/><E77/><V5/><F40/><W92/><G68/><T24/><D24/><U60/><E114/><V61/><F36/><W55/><G66/><T133/><D133/><U2/><E2/><V29/><F29/><W110/><G110/><T10/><D115/><U128/><E128/><V19/><F99/><W51/><G96/><N who="0" m="57447" /><D10/><U67/><REACH who="1" step="1"/><E75/><REACH who="1" ten="250,256,250,234" step="2"/><V73/><F73/><W134/><G134/><T59/><AGARI ba="0,1" hai="52,59,62,100,103" m="57447,45579,46154" machi="59" ten="40,5200,0" yaku="13,1,54,2" doraHai="108" who="0" fromWho="0" sc="250,62,256,-26,250,-13,234,-13" /><INIT seed="2,0,0,5,0,3" ten="312,230,237,221" oya="2" hai0="132,118,83,120,81,59,71,19,79,101,121,78,109" hai1="49,17,42,99,113,20,24,2,25,105,119,76,46" hai2="134,85,135,103,39,21,126,34,128,23,12,93,40" hai3="96,7,64,11,74,68,86,53,90,77,87,116,72"/><V27/><F126/><W131/><G116/><T82/><D71/><U84/><E113/><V122/><F122/><W91/><G131/><T133/><D59/><U44/><E119/><V50/><F39/><W65/><G53/><T108/><D118/><U111/><E2/><V97/><F128/><W26/><G26/><T37/><D19/><U112/><E112/><V89/><F34/><W47/><G47/><T102/><D83/><U66/><E111/><V4/><F50/><W13/><G96/><T45/><D45/><U9/><E66/><V41/><F135/><W54/><G54/><T117/><D117/><U29/><E105/><V110/><F110/><W73/><G77/><T14/><D14/><U98/><E44/><V62/><F62/><W30/><G30/><T94/><D37/><U61/><E61/><V32/><F32/><W58/><G58/><T63/><D63/><U6/><E84/><V115/><F115/><W16/><G68/><T31/><D31/><U51/><E76/><V15/><F134/><W8/><G65/><T33/><D33/><U35/><E51/><V75/><F75/><W127/><G64/><T10/><D10/><U36/><E36/><V22/><F27/><W48/><G48/><T55/><D55/><U88/><E88/><V1/><F1/><W69/><G69/><T95/><AGARI ba="0,0" hai="78,79,81,82,94,95,101,102,108,109,120,121,132,133" machi="95" ten="25,12000,2" yaku="0,1,22,2,34,3" doraHai="3" who="0" fromWho="0" sc="312,120,230,-30,237,-60,221,-30" /><INIT seed="3,0,0,3,3,14" ten="432,200,177,191" oya="3" hai0="45,131,100,75,130,107,126,78,21,35,52,2,8" hai1="17,79,69,123,93,108,105,60,4,125,65,102,103" hai2="72,23,113,66,25,61,12,98,120,70,109,110,84" hai3="56,62,31,91,135,48,55,134,29,11,15,77,0"/><W30/><G0/><T83/><D35/><U18/><E105/><V104/><F72/><W46/><G77/><T74/><D126/><U33/><E123/><V40/><F113/><W94/><G134/><T49/><D100/><U106/><E33/><V26/><F40/><W22/><G135/><T92/><D107/><U112/><E106/><V3/><F3/><W39/><G39/><T89/><D21/><U59/><E112/><V32/><F120/><W99/><G22/><T73/><D2/><U57/><E125/><V97/><F84/><W115/><G115/><T90/><D8/><U27/><E108/><V50/><F50/><W34/><G34/><T53/><D53/><U67/><E4/><V128/><F128/><N who="0" m="49194" /><D90/><U9/><E9/><V58/><F58/><W63/><REACH who="3" step="1"/><G46/><REACH who="3" ten="432,200,177,181" step="2"/><T20/><D20/><U42/><E79/><V36/><F36/><W47/><G47/><T119/><D119/><U51/><E27/><V124/><F124/><W111/><G111/><T127/><D127/><U121/><E121/><V87/><F110/><W76/><G76/><T101/><D78/><U86/><E69/><V85/><F109/><W64/><G64/><T96/><D75/><U24/><E67/><V81/><F32/><W5/><AGARI ba="0,1" hai="5,11,15,29,30,31,48,55,56,62,63,91,94,99" machi="5" ten="30,11700,0" yaku="1,1,0,1,8,1,53,1" doraHai="14" doraHaiUra="10" who="3" fromWho="3" sc="432,-39,200,-39,177,-39,181,127" /><INIT seed="3,1,0,5,2,90" ten="393,161,138,308" oya="3" hai0="55,19,26,75,59,40,118,20,67,41,0,53,33" hai1="5,18,92,48,32,130,31,124,56,2,82,122,36" hai2="57,68,61,1,135,28,11,70,108,93,83,66,89" hai3="111,27,133,47,104,123,78,106,119,115,71,125,65"/><W58/><G27/><T132/><D75/><U79/><E36/><V4/><F108/><W107/><G78/><T54/><D33/><U6/><E122/><V94/><F135/><W102/><G102/><T12/><D118/><U37/><E37/><V74/><F28/><W15/><G15/><T21/><D0/><U73/><E124/><V50/><F50/><W23/><G23/><T13/><D132/><U45/><E130/><V77/><REACH who="2" step="1"/><F89/><REACH who="2" ten="393,161,128,308" step="2"/><W97/><G133/><T17/><D26/><U34/><E31/><V25/><F25/><W116/><G111/><T128/><D128/><U29/><E29/><V87/><F87/><W114/><G125/><T52/><D67/><U16/><E34/><V39/><F39/><W96/><G123/><T24/><D24/><U129/><E32/><V49/><F49/><AGARI ba="1,1" hai="12,13,17,19,20,21,40,41,49,52,53,54,55,59" machi="49" ten="40,5200,0" yaku="9,1,8,1,54,1" doraHai="90" who="0" fromWho="2" sc="393,65,161,0,128,-55,308,0" /><INIT seed="4,0,0,4,4,65" ten="458,161,73,308" oya="0" hai0="29,23,57,124,17,75,5,16,110,95,41,132,13" hai1="106,70,121,118,35,74,21,30,78,48,131,31,107" hai2="96,51,37,88,0,105,53,111,123,130,128,55,54" hai3="34,43,126,26,98,86,135,52,76,92,77,15,63"/><T45/><D75/><U25/><E121/><V117/><F123/><W3/><G3/><T6/><D132/><U129/><E118/><V72/><F111/><W73/><G73/><T50/><D110/><U44/><E74/><V69/><F37/><W97/><G135/><T27/><D124/><U84/><E35/><V120/><F120/><W10/><G126/><T108/><D108/><U87/><E31/><V83/><F0/><W19/><G43/><T71/><D71/><U85/><E78/><V100/><F117/><W47/><G97/><T113/><D113/><U109/><E109/><V127/><F127/><W125/><G125/><T56/><D17/><U39/><E39/><V134/><F134/><W49/><G86/><T82/><D82/><U99/><E70/><V38/><F38/><W28/><REACH who="3" step="1"/><G63/><REACH who="3" ten="458,161,73,298" step="2"/><T24/><D41/><U116/><E99/><V36/><F36/><W4/><G4/><T60/><D5/><U58/><E116/><V66/><F51/><W94/><G94/><T68/><D6/><U1/><E1/><V102/><F102/><AGARI ba="0,1" hai="10,15,19,26,28,34,47,49,52,76,77,92,98,102" machi="102" ten="30,3900,0" yaku="1,1,7,1,54,1,53,0" doraHai="65" doraHaiUra="67" who="3" fromWho="2" sc="458,0,161,0,73,-39,298,49" /><INIT seed="5,0,0,4,1,10" ten="458,161,34,347" oya="1" hai0="115,99,33,16,128,18,11,114,90,7,52,86,41" hai1="14,55,8,130,127,73,108,67,57,50,93,39,58" hai2="3,112,118,69,65,131,22,60,95,96,66,135,125" hai3="91,75,80,30,98,63,83,87,126,53,119,51,116"/><U25/><E73/><V64/><F118/><N who="3" m="45099" /><G30/><T38/><D33/><U113/><E39/><V70/><F3/><W74/><G63/><T49/><D41/><U94/><E113/><N who="0" m="43017" /><D99/><U40/><E108/><V106/><F131/><W78/><G98/><T85/><D38/><U84/><E130/><V120/><F120/><W133/><G133/><T71/><D71/><U31/><E127/><V123/><F123/><W79/><G126/><T132/><D132/><U107/><E107/><V23/><F135/><W19/><G19/><N who="0" m="7211" /><D90/><U54/><E40/><V62/><F125/><W45/><G91/><T48/><D48/><U117/><E117/><V129/><F129/><W100/><G100/><T21/><D21/><U46/><E67/><V27/><F112/><W110/><G110/><T89/><D89/><U122/><E122/><V102/><F66/><W35/><G35/><T5/><D5/><U59/><E55/><V1/><F1/><W88/><G79/><T82/><D82/><U105/><E105/><V134/><F134/><W36/><G36/><T92/><D92/><U124/><E124/><V109/><F109/><W77/><G77/><T26/><D26/><U103/><E103/><V81/><F81/><W44/><G44/><N who="0" m="27687" /><D128/><U29/><E25/><V24/><F106/><W17/><G17/><T15/><AGARI ba="0,0" hai="7,11,15,85,86" m="27687,7211,43017" machi="15" ten="30,7900,0" yaku="15,1,52,1,54,2" doraHai="10" who="0" fromWho="0" sc="458,79,161,-39,34,-20,347,-20" /><INIT seed="6,0,0,5,3,116" ten="537,122,14,327" oya="2" hai0="114,53,33,73,19,11,93,1,44,5,6,13,126" hai1="119,72,66,16,7,58,100,52,77,81,78,121,95" hai2="8,14,48,59,94,75,64,105,65,74,26,69,129" hai3="22,108,10,115,89,0,76,103,80,120,42,45,41"/><V85/><F105/><W102/><G108/><T118/><D73/><U107/><E119/><V32/><F69/><W117/><G117/><T54/><D33/><U18/><E121/><V4/><F129/><W128/><G128/><T39/><D118/><U98/><E77/><V133/><F133/><W97/><G22/><T46/><D114/><U15/><E66/><V2/><F2/><W51/><G42/><T24/><D24/><U20/><E7/><V99/><F85/><W90/><G103/><T21/><D5/><U9/><E107/><V135/><F135/><W113/><G10/><T57/><D93/><U131/><E131/><V30/><F65/><W123/><G0/><T82/><D82/><U132/><E132/><V47/><F64/><W87/><G102/><T83/><D83/><U96/><E96/><V3/><F59/><W91/><REACH who="3" step="1"/><G97/><REACH who="3" ten="537,122,14,317" step="2"/><T127/><D21/><U134/><E134/><V88/><F3/><W124/><G124/><T31/><D1/><U130/><E130/><V34/><F32/><W106/><G106/><T104/><D104/><U110/><E98/><V62/><F62/><W86/><G86/><T84/><D84/><U35/><E72/><V70/><F70/><W27/><G27/><T112/><D127/><U111/><E35/><V109/><F109/><W50/><G50/><T122/><D126/><U28/><E110/><V43/><AGARI ba="0,1" hai="4,8,14,26,30,34,43,47,48,74,75,88,94,99" machi="43" ten="20,3900,0" yaku="0,1,7,1,54,1" doraHai="116" who="2" fromWho="2" sc="537,-13,122,-13,14,49,317,-13" /><INIT seed="6,1,0,0,3,47" ten="524,109,63,304" oya="2" hai0="9,6,130,96,1,64,97,28,88,120,30,15,129" hai1="104,102,19,110,43,92,20,95,109,41,11,74,65" hai2="93,101,91,36,40,69,0,103,72,25,112,51,26" hai3="68,29,131,66,85,39,70,17,106,124,79,46,62"/><V54/><F72/><W87/><G131/><N who="0" m="50187" /><D120/><U114/><E74/><V128/><F128/><W111/><G124/><T118/><D64/><U10/><E104/><V94/><F0/><W60/><G111/><T37/><D37/><U21/><E114/><V99/><F69/><W49/><G106/><T61/><D61/><U42/><E65/><V32/><F112/><W117/><G117/><T83/><D118/><U48/><E102/><V113/><F113/><W2/><G2/><T55/><D55/><U133/><E133/><V115/><F115/><W132/><G132/><T82/><D1/><U80/><E80/><N who="0" m="30761" /><D97/><U78/><E78/><V24/><F32/><W56/><G79/><T108/><D108/><U23/><E19/><V18/><F36/><W12/><G29/><T126/><D126/><U135/><E135/><V75/><F75/><W77/><G77/><T73/><D73/><U53/><E109/><V5/><F5/><W14/><G39/><T90/><D90/><U31/><E31/><V7/><F7/><W63/><G56/><T35/><D35/><U107/><E107/><V76/><F76/><W71/><G66/><T59/><D59/><N who="1" m="33191" /><E110/><V45/><F103/><W57/><G57/><T58/><D58/><U22/><N who="1" m="5632" /><DORA hai="134" /><U89/><E89/><V33/><F33/><W50/><G46/><T84/><D96/><U3/><E3/><V67/><F67/><W44/><G44/><T116/><D116/><U127/><E127/><V125/><F125/><W16/><G63/><T119/><D119/><U98/><E98/><N who="2" m="57663" /><F18/><W13/><G70/><T38/><D38/><RYUUKYOKU ba="1,0" sc="524,10,109,10,63,10,304,-30" hai0="6,9,15,28,30,84,88" hai1="10,11,41,42,43,92,95" hai2="24,25,26,40,45,51,54,94,99,101" /><INIT seed="6,2,0,1,2,16" ten="534,119,73,274" oya="2" hai0="26,35,53,47,62,81,44,69,91,125,94,28,133" hai1="100,99,128,9,64,85,52,111,74,126,68,102,60" hai2="4,78,132,25,131,12,105,51,84,46,56,70,76" hai3="34,93,115,43,101,82,1,3,110,33,108,0,29"/><V15/><F70/><W129/><G43/><T116/><D125/><U104/><E74/><V5/><F105/><W124/><G82/><T2/><D2/><U127/><E111/><V75/><F75/><W20/><G93/><T59/><D133/><U134/><E134/><V18/><F132/><W83/><G83/><T72/><D69/><U40/><E40/><V77/><F131/><W11/><G101/><T112/><D112/><U122/><E122/><V123/><F123/><W88/><G88/><T130/><D130/><U86/><E128/><V27/><F56/><W121/><G129/><T38/><D38/><U55/><E100/><V19/><F84/><N who="1" m="32361" /><E9/><V14/><F51/><W58/><G58/><T109/><D109/><N who="3" m="42089" /><G121/><T118/><D81/><U79/><E79/><V10/><F46/><W54/><G54/><T89/><D72/><U57/><E68/><V71/><F71/><W48/><G48/><T97/><D91/><U67/><E67/><V45/><F45/><W87/><G87/><T119/><AGARI ba="2,0" hai="26,28,35,44,47,53,59,62,89,94,97,116,118,119" machi="119" ten="30,2000,0" yaku="0,1,12,1" doraHai="16" who="0" fromWho="0" sc="534,26,119,-7,73,-12,274,-7" /><INIT seed="7,0,0,0,2,112" ten="560,112,61,267" oya="3" hai0="94,1,109,104,15,8,29,50,4,11,90,115,108" hai1="30,28,55,120,43,26,5,59,122,47,18,56,95" hai2="86,67,131,134,48,44,17,121,132,129,39,34,62" hai3="61,89,46,113,57,14,88,81,92,27,82,123,51"/><W99/><G123/><T74/><D74/><U33/><E30/><V128/><F86/><W42/><G113/><T52/><D104/><U54/><E5/><V75/><F34/><W101/><G89/><T107/><D29/><U124/><E124/><V7/><F7/><W3/><G3/><T31/><D31/><U21/><E95/><V105/><F105/><W38/><G101/><T10/><D107/><U73/><E73/><V19/><F75/><W111/><G111/><T119/><D119/><U77/><E77/><V20/><F20/><W79/><G79/><T22/><D115/><U71/><E71/><V0/><F0/><W130/><G130/><N who="2" m="33281" /><V40/><DORA hai="32" /><F17/><W76/><G76/><T78/><D78/><U2/><E2/><V98/><F98/><W65/><G27/><T60/><D60/><U117/><E117/><V116/><F19/><W118/><G118/><T49/><D49/><N who="1" m="26879" /><E33/><V106/><F106/><W133/><G133/><N who="2" m="51305" /><F116/><W84/><G84/><T53/><D109/><U114/><E114/><V110/><F110/><W37/><G14/><T97/><D108/><U45/><E122/><V16/><F16/><W24/><G24/><T100/><D100/><U25/><E120/><V135/><N who="2" m="51313" /><V12/><DORA hai="87" /><F12/><W69/><G38/><T35/><D35/><U36/><E26/><V9/><F9/><W96/><G96/><T72/><D72/><U66/><E28/><V93/><F93/><W125/><G125/><T127/><D127/><U80/><E25/><V63/><F121/><W85/><G85/><T126/><D126/><U13/><E18/><RYUUKYOKU ba="0,0" sc="560,-10,112,-10,61,-10,267,30" hai3="37,42,46,51,57,61,65,69,81,82,88,92,99" /><INIT seed="7,1,0,3,4,45" ten="550,102,51,297" oya="3" hai0="76,91,118,83,77,128,67,15,1,70,122,64,54" hai1="59,101,86,55,57,43,27,108,30,25,72,21,41" hai2="19,68,114,20,6,62,116,74,109,5,47,22,111" hai3="31,87,131,28,100,16,88,49,61,4,38,120,11"/><W0/><G120/><T33/><D122/><U103/><E72/><V29/><F116/><W113/><G38/><T89/><D118/><U56/><E108/><V2/><F74/><W14/><G131/><T71/><D1/><U94/><E55/><V99/><F99/><W98/><G61/><T50/><D33/><U58/><E58/><V96/><F96/><W117/><G117/><T133/><D15/><U129/><E129/><V65/><F114/><W110/><G113/><T112/><D128/><U78/><E27/><V17/><F29/><W95/><G110/><T36/><D112/><U52/><E52/><V73/><F73/><W125/><G125/><T13/><D13/><U48/><E48/><V106/><F106/><W66/><G66/><T123/><D123/><U34/><E34/><V135/><F135/><W32/><G32/><T9/><D54/><U81/><E94/><V39/><F6/><W104/><G49/><T7/><D50/><U82/><E82/><V26/><F5/><W105/><G105/><T37/><D7/><U53/><E53/><V12/><F2/><W44/><G44/><T115/><D115/><U102/><AGARI ba="1,0" hai="21,25,30,41,43,56,57,59,78,81,86,101,102,103" machi="102" ten="30,2000,0" yaku="0,1,8,1" doraHai="45" who="1" fromWho="1" sc="550,-6,102,23,51,-6,297,-11" owari="544,63.0,125,-27.0,45,-45.0,286,9.0" /></mjloggm>