<mjloggm ver="2.3"><GO type="97" lobby="0"/><UN n0="%63%68%69%6E%75%35%30" n1="%72%6F%62%65%72%74%4B%4B" n2="%65%6E%64%6F%6D%69%72" n3="%E5%B0%B1%E6%B4%BB%E7%94%9F%40%E5%B7%9D%E6%9D%91%E8%BB%8D%E5%9B%A3" dan="14,13,14,15" rate="1983.36,1904.23,1912.24,2046.04" sx="M,M,M,M"/><TAIKYOKU oya="0"/><INIT seed="0,0,0,4,3,70" ten="250,250,250,250" oya="0" hai0="123,26,24,69,30,35,104,73,130,46,120,55,95" hai1="124,9,74,49,34,100,41,42,81,58,111,38,37" hai2="68,1,126,6,114,105,89,61,39,40,107,96,36" hai3="57,80,92,2,18,16,90,7,17,113,52,102,125"/><T85/><D104/><U82/><E34/><V115/><F126/><W12/><G113/><T67/><D73/><U20/><E124/><V135/><F89/><W3/><G125/><T45/><D130/><U63/><E100/><N who="2" m="62599" /><F107/><W117/><G117/><T99/><D46/><U128/><E128/><V56/><F56/><W97/><G3/><T127/><D127/><U72/><E111/><V83/><F83/><W21/><G2/><T91/><D24/><U109/><E109/><V79/><F79/><W11/><G80/><T71/><D71/><U94/><E58/><V33/><F33/><W8/><G102/><T60/><D55/><U43/><E20/><V5/><F5/><W121/><G121/><T28/><D28/><U103/><E82/><V78/><F78/><W98/><G98/><T75/><D75/><N who="1" m="28715" /><E81/><V14/><F14/><N who="3" m="5407" /><G21/><T112/><D112/><U31/><E103/><V10/><F40/><W25/><G25/><T48/><D85/><U87/><E87/><V134/><F114/><W0/><G0/><T110/><D110/><U129/><E129/><V131/><F131/><W118/><G118/><T84/><D84/><U76/><E76/><V106/><F106/><W86/><G97/><T22/><D35/><U29/><E9/><V19/><F19/><W23/><G11/><T132/><D132/><N who="2" m="50730" /><F115/><W15/><G15/><T64/><D64/><AGARI ba="0,0" hai="1,6,10,36,39,61,64,68" m="50730,62599" machi="64" ten="30,7700,0" yaku="20,1,23,1,52,2" doraHai="70" who="2" fromWho="0" sc="250,-77,250,0,250,77,250,0" /><INIT seed="1,0,0,1,5,96" ten="173,250,327,250" oya="1" hai0="123,51,87,81,100,74,116,88,55,68,3,62,13" hai1="43,37,4,18,117,40,44,29,60,75,22,23,92" hai2="46,50,135,72,78,2,105,83,108,95,89,49,19" hai3="69,33,36,56,25,109,61,130,127,10,34,122,120"/><U8/><E117/><V134/><F2/><W47/><G69/><T1/><D123/><U71/><E40/><V5/><F5/><W77/><G127/><T53/><D116/><U65/><E29/><V9/><F105/><W86/><G130/><T14/><D74/><U58/><E18/><V129/><F129/><W54/><G109/><T42/><D42/><U118/><E118/><V0/><F108/><W12/><G120/><T90/><D3/><U121/><E121/><V35/><F35/><W101/><G101/><T107/><D1/><U20/><E75/><V111/><F111/><W106/><G106/><T70/><D107/><U66/><E92/><V110/><F110/><W79/><G122/><T124/><D124/><U119/><E119/><V112/><F112/><W38/><G25/><T48/><D62/><U94/><E94/><V39/><F39/><W99/><G99/><T28/><D28/><U31/><E31/><V84/><F46/><W98/><G98/><T113/><D87/><U6/><REACH who="1" step="1"/><E8/><REACH who="1" ten="173,240,327,250" step="2"/><V133/><F19/><W128/><G128/><T11/><D11/><U30/><E30/><V131/><F131/><W21/><G36/><T41/><D81/><U91/><E91/><V16/><F16/><N who="3" m="10375" /><G10/><T132/><D41/><U45/><E45/><V63/><F9/><W125/><G125/><T67/><D113/><U26/><E26/><V103/><F0/><W97/><G38/><T114/><D114/><U76/><E76/><V27/><F27/><W126/><G126/><T73/><D73/><U102/><E102/><V64/><F103/><W93/><G79/><RYUUKYOKU ba="0,1" sc="173,-15,240,15,327,15,250,-15" hai1="4,6,20,22,23,37,43,44,58,60,65,66,71" hai2="49,50,63,64,72,78,83,84,89,95,133,134,135" /><INIT seed="1,1,1,0,1,102" ten="158,255,342,235" oya="1" hai0="119,71,84,2,41,131,30,101,82,112,25,89,49" hai1="116,11,48,78,23,111,32,120,7,44,26,70,85" hai2="39,99,56,80,94,90,105,128,95,109,87,59,122" hai3="4,54,115,126,125,133,103,100,29,55,16,18,114"/><U67/><E32/><V5/><F39/><W15/><G29/><T36/><D71/><U97/><E120/><V14/><F122/><W50/><G4/><T13/><D119/><U28/><E116/><V45/><F45/><W69/><G50/><T12/><D112/><N who="3" m="43049" /><G15/><T27/><D131/><U104/><E70/><V96/><F109/><W3/><G3/><T9/><D101/><N who="3" m="38985" /><G69/><T19/><D2/><U74/><E97/><N who="2" m="37451" /><F105/><W129/><G129/><T20/><D36/><U46/><E74/><V24/><F24/><W92/><G92/><N who="2" m="35369" /><F128/><W47/><G47/><T83/><D83/><U123/><E46/><V73/><F73/><W51/><G51/><T66/><D66/><U75/><E75/><V10/><AGARI ba="1,1" hai="5,10,14,56,59,80,87,90" m="35369,37451" machi="10" ten="30,1100,0" yaku="8,1" doraHai="102" who="2" fromWho="2" sc="158,-4,255,-6,342,24,235,-4" /><INIT seed="2,0,0,3,0,86" ten="154,249,366,231" oya="2" hai0="64,118,48,124,76,115,94,40,107,44,22,42,43" hai1="63,89,57,25,30,72,19,73,10,50,55,132,11" hai2="122,6,59,126,105,100,39,106,128,84,74,99,51" hai3="80,17,120,71,95,109,103,134,114,68,60,88,135"/><V123/><F39/><W131/><G120/><T101/><D107/><U37/><E37/><V31/><F74/><W79/><G103/><T117/><D76/><U77/><E132/><N who="3" m="50730" /><G109/><T52/><D22/><U119/><E119/><N who="0" m="45577" /><D101/><U113/><E113/><V13/><F31/><W62/><G114/><T130/><D94/><U28/><E77/><V33/><F33/><W27/><G131/><T110/><D115/><U24/><E73/><V53/><F126/><W85/><G17/><T32/><D32/><U96/><E72/><V83/><F106/><W36/><G36/><N who="0" m="21511" /><D110/><U93/><E50/><V116/><F128/><W35/><G35/><T102/><D102/><U75/><E75/><V15/><F15/><W129/><G27/><T9/><D9/><N who="1" m="3083" /><E24/><V81/><F13/><W82/><G129/><T108/><D108/><U125/><E125/><V45/><F6/><W0/><G0/><T23/><D23/><AGARI ba="0,0" hai="19,23,25,28,30,55,57,63,89,93,96" m="3083" machi="23" ten="30,3900,0" yaku="25,1,8,1,52,1" doraHai="86" who="1" fromWho="0" sc="154,-39,249,39,366,0,231,0" /><INIT seed="3,0,0,5,2,16" ten="115,288,366,231" oya="3" hai0="59,103,108,120,95,19,42,32,93,46,62,26,131" hai1="31,10,92,86,115,98,34,55,11,87,113,71,116" hai2="119,123,74,41,135,60,8,37,43,65,102,56,124" hai3="105,29,101,82,58,39,3,70,83,35,125,94,27"/><W118/><G125/><T25/><D120/><U48/><E71/><V104/><F74/><W12/><G118/><T80/><D131/><U88/><E116/><V79/><F135/><W30/><G3/><T23/><D108/><U89/><E34/><V13/><F79/><W4/><G30/><T127/><D127/><U72/><E72/><V49/><F37/><W38/><G70/><T126/><D126/><U129/><E129/><V85/><F85/><W81/><G105/><T130/><D130/><U54/><E31/><V44/><F123/><W132/><G132/><T63/><D63/><U78/><E78/><V110/><F110/><W45/><G58/><T73/><D73/><U77/><E77/><V14/><F14/><W64/><G64/><T28/><D80/><U107/><E107/><V57/><F57/><W96/><REACH who="3" step="1"/><G45/><REACH who="3" ten="115,288,366,221" step="2"/><T33/><D33/><U51/><E92/><V69/><F119/><W36/><G36/><T20/><D32/><U61/><E61/><V112/><F124/><W133/><G133/><T122/><D122/><U111/><E111/><V67/><F67/><W114/><G114/><T76/><D76/><U24/><E24/><V68/><F69/><W0/><G0/><T22/><D103/><U134/><REACH who="1" step="1"/><E134/><REACH who="1" ten="115,278,366,221" step="2"/><V128/><F112/><W40/><G40/><T9/><D95/><U53/><E53/><V84/><F68/><W2/><G2/><T1/><D93/><U5/><E5/><V121/><F121/><W90/><G90/><T100/><D1/><U17/><E17/><N who="2" m="8359" /><F128/><W7/><G7/><T6/><D6/><U66/><E66/><RYUUKYOKU ba="0,2" sc="115,-15,278,15,366,-15,221,15" hai1="10,11,48,51,54,55,86,87,88,89,98,113,115" hai3="4,12,27,29,35,38,39,81,82,83,94,96,101" /><INIT seed="3,1,2,1,3,42" ten="100,293,351,236" oya="3" hai0="40,78,122,54,89,85,19,26,131,80,27,45,123" hai1="20,101,31,100,7,67,97,114,12,90,8,6,38" hai2="110,116,125,62,104,133,77,103,84,43,69,23,5" hai3="44,41,48,35,63,34,121,17,108,127,16,37,113"/><W93/><G121/><T82/><D131/><U46/><E114/><V72/><F72/><W124/><G113/><T95/><D82/><U130/><E130/><V4/><F110/><W91/><G108/><T18/><D54/><U49/><E38/><V70/><F43/><W29/><G63/><T120/><D26/><U11/><E67/><V2/><F23/><W1/><G1/><T10/><D27/><U112/><E112/><V55/><F133/><W58/><G58/><T83/><D83/><U65/><E65/><V33/><F33/><W9/><G37/><T115/><D115/><U99/><E20/><V53/><F125/><N who="3" m="48203" /><G9/><T81/><D81/><U66/><E66/><V32/><F32/><N who="3" m="12331" /><G29/><T96/><REACH who="0" step="1"/><D10/><REACH who="0" ten="90,293,351,236" step="2"/><U71/><E31/><V30/><F30/><W36/><G36/><AGARI ba="1,3" hai="18,19,36,40,45,78,80,85,89,95,96,120,122,123" machi="36" ten="40,8000,1" yaku="1,1,2,1,52,1,53,1" doraHai="42" doraHaiUra="79" who="0" fromWho="3" sc="90,113,293,0,351,0,236,-83" owari="203,-20.0,293,9.0,351,46.0,153,-35.0" /></mjloggm>