<mjloggm ver="2.3"><GO type="97" lobby="0"/><UN n0="%63%6F%6C%6F%70%6C" n1="%E5%B0%B1%E6%B4%BB%E7%94%9F%40%E5%B7%9D%E6%9D%91%E8%BB%8D%E5%9B%A3" n2="%E3%83%A4%E3%82%A4%E3%82%B2%E3%83%8A" n3="%E3%82%82%E3%81%98%E3%82%83%E3%81%BD%E3%82%93" dan="15,15,13,13" rate="2012.96,1967.42,1835.98,1883.78" sx="M,M,M,M"/><TAIKYOKU oya="0"/><INIT seed="0,0,0,5,4,80" ten="250,250,250,250" oya="0" hai0="22,47,12,105,24,35,27,30,15,128,14,72,81" hai1="97,9,108,53,2,106,90,132,100,10,104,57,103" hai2="122,41,109,118,28,37,44,115,31,8,0,64,78" hai3="91,18,61,34,124,77,4,79,23,52,20,73,133"/><T67/><D105/><U83/><E132/><V99/><F115/><W59/><G34/><T25/><D67/><U62/><E108/><V54/><F122/><W66/><G124/><T63/><D63/><U38/><E38/><V74/><F118/><W33/><G33/><T84/><D72/><U112/><E112/><V95/><F109/><W68/><G133/><T82/><D128/><U101/><E2/><V113/><F113/><W86/><G4/><T16/><D47/><U13/><E10/><V116/><F54/><W107/><G107/><T21/><REACH who="0" step="1"/><D84/><REACH who="0" ten="240,250,250,250" step="2"/><N who="1" m="50463" /><E106/><V3/><F116/><W55/><G73/><T120/><D120/><U29/><E104/><V26/><F64/><W134/><G66/><T49/><D49/><U7/><E97/><V71/><F71/><W46/><G61/><T130/><D130/><U88/><E29/><AGARI ba="0,1" hai="12,14,15,16,21,22,24,25,27,29,30,35,81,82" machi="29" ten="40,3900,0" yaku="1,1,54,1,53,0" doraHai="80" doraHaiUra="51" who="0" fromWho="1" sc="240,49,250,-39,250,0,250,0" /><INIT seed="0,1,0,5,1,98" ten="289,211,250,250" oya="0" hai0="19,85,77,49,0,126,121,45,82,107,31,109,57" hai1="59,93,104,115,35,130,114,61,101,17,5,15,94" hai2="96,36,134,20,39,70,63,3,129,67,42,76,13" hai3="105,34,110,72,29,128,81,14,84,10,108,43,103"/><T58/><D121/><U30/><E130/><V102/><F3/><W33/><G72/><T53/><D31/><U18/><E5/><V111/><F111/><N who="3" m="42539" /><G128/><T79/><D0/><U65/><E35/><V46/><F134/><W4/><G29/><T73/><D126/><U113/><E30/><V100/><F76/><N who="3" m="46119" /><G43/><T80/><D107/><U127/><E127/><V118/><F118/><W32/><G105/><T122/><D122/><U116/><E116/><V26/><F13/><W52/><G52/><T50/><D109/><U123/><E18/><V40/><F129/><W27/><G27/><T87/><D73/><U83/><E83/><V74/><F74/><W54/><G54/><T68/><D68/><U12/><E123/><V135/><F135/><W91/><G91/><T41/><D19/><U88/><E17/><V124/><F124/><W16/><G4/><T71/><REACH who="0" step="1"/><D71/><REACH who="0" ten="279,211,250,250" step="2"/><U6/><E104/><V28/><F70/><W51/><G32/><T95/><D95/><U69/><E69/><V99/><F28/><W89/><G33/><T37/><D37/><U1/><E1/><V8/><F39/><W92/><G34/><T21/><D21/><U86/><E6/><V132/><F20/><W125/><G125/><T48/><D48/><U24/><E24/><V78/><F36/><W60/><G51/><T9/><D9/><U66/><E66/><V38/><F67/><W25/><G60/><T64/><D64/><U47/><E47/><AGARI ba="1,1" hai="41,45,47,49,50,53,57,58,77,79,80,82,85,87" machi="47" ten="30,11600,0" yaku="1,1,7,1,9,1,8,1,53,0" doraHai="98" doraHaiUra="2" who="0" fromWho="1" sc="279,129,211,-119,250,0,250,0" /><INIT seed="0,2,0,4,2,120" ten="408,92,250,250" oya="0" hai0="84,58,24,63,131,41,40,44,121,125,46,19,99" hai1="66,61,1,2,68,17,75,26,62,10,47,3,81" hai2="65,38,28,89,54,67,50,21,8,39,43,86,103" hai3="73,36,117,101,96,132,52,118,76,110,69,74,25"/><T105/><D121/><U64/><E47/><V33/><F33/><W22/><G36/><T123/><D123/><U11/><E26/><V135/><F135/><W18/><G69/><T119/><D119/><U100/><E100/><V79/><F79/><W55/><G132/><T126/><D84/><U113/><E113/><V49/><F103/><W133/><G133/><T93/><D105/><U122/><E122/><V32/><F32/><W14/><G14/><T23/><D131/><U35/><E35/><V45/><F8/><W5/><G5/><T109/><D109/><U37/><E37/><V70/><F70/><W60/><G110/><T102/><D44/><U31/><E31/><V12/><F38/><W51/><G117/><T114/><D114/><U4/><E17/><N who="2" m="10407" /><F28/><W92/><G118/><T106/><D106/><U82/><E75/><V112/><F39/><W13/><G76/><T42/><REACH who="0" step="1"/><D46/><REACH who="0" ten="398,92,250,250" step="2"/><U108/><E108/><V98/><F112/><W57/><G25/><T130/><D130/><U16/><E82/><N who="2" m="49367" /><F98/><W29/><G29/><T134/><D134/><U59/><REACH who="1" step="1"/><E81/><REACH who="1" ten="398,82,250,250" step="2"/><V90/><F45/><AGARI ba="2,2" hai="13,18,22,45,51,52,55,57,60,73,74,92,96,101" machi="45" ten="30,2000,0" yaku="7,1,54,1" doraHai="120" who="3" fromWho="2" sc="398,0,82,0,250,-26,250,46" /><INIT seed="1,0,0,5,3,45" ten="398,82,224,296" oya="1" hai0="48,112,94,129,67,120,101,133,56,115,126,35,99" hai1="27,90,122,124,84,32,125,34,134,49,104,8,76" hai2="42,86,127,11,82,44,9,97,54,81,14,69,15" hai3="110,118,80,2,58,7,83,89,72,75,13,95,78"/><U22/><E104/><V107/><F69/><W28/><G2/><T20/><D35/><U98/><E122/><V53/><F127/><N who="1" m="48713" /><E134/><V37/><F107/><W39/><G39/><T18/><D129/><U30/><E76/><V105/><F105/><W117/><G110/><T88/><D126/><U24/><E98/><V4/><F97/><W55/><G28/><T121/><D133/><U0/><E27/><V77/><REACH who="2" step="1"/><F82/><REACH who="2" ten="398,82,214,296" step="2"/><W23/><G83/><T103/><D112/><U128/><E128/><V111/><F111/><W19/><G118/><T66/><D115/><U21/><E34/><V16/><AGARI ba="0,1" hai="4,9,11,14,15,16,37,42,44,53,54,77,81,86" machi="16" ten="20,8000,1" yaku="1,1,0,1,7,1,54,1,53,1" doraHai="45" doraHaiUra="41" who="2" fromWho="2" sc="398,-20,82,-40,214,90,296,-20" /><INIT seed="2,0,0,5,2,80" ten="378,42,304,276" oya="2" hai0="122,95,30,54,31,46,26,96,123,87,52,69,88" hai1="12,51,61,48,58,118,4,110,44,103,109,21,92" hai2="9,6,55,97,63,5,128,89,10,129,42,19,47" hai3="65,36,132,66,23,130,16,18,108,74,73,32,49"/><V101/><F19/><W121/><G121/><T20/><D69/><U78/><E118/><V40/><F89/><W1/><G1/><T70/><D70/><U81/><E109/><V84/><F84/><W67/><G32/><T13/><D13/><U113/><E113/><V45/><F55/><W93/><G132/><T91/><D31/><U68/><E68/><V131/><F63/><W38/><G130/><T3/><D3/><U107/><E107/><V37/><F101/><W117/><G117/><T94/><REACH who="0" step="1"/><D46/><REACH who="0" ten="368,42,304,276" step="2"/><U86/><E110/><V134/><F134/><W35/><G108/><T75/><D75/><U120/><E120/><AGARI ba="0,1" hai="20,26,30,52,54,87,88,91,94,95,96,120,122,123" machi="120" ten="40,8000,1" yaku="1,1,52,1,54,2,53,0" doraHai="80" doraHaiUra="34" who="0" fromWho="1" sc="368,90,42,-80,304,0,276,0" owari="458,56.0,-38,-54.0,304,10.0,276,-12.0" /></mjloggm>