<mjloggm ver="2.3"><GO type="169" lobby="0"/><UN n0="%E3%81%B5%E3%81%86%E3%81%8C%E2%99%AA" n1="%E3%81%8D%E3%81%8F%E3%81%A6%E3%81%83%E3%81%99%E2%98%86" n2="%54%2E%54%2E%38" n3="%E3%82%A6%E3%83%AB%E3%83%88%E3%83%A9%E7%AB%8B%E7%9B%B4" dan="17,18,16,17" rate="2176.68,2245.36,2108.02,2143.29" sx="M,M,M,M"/><TAIKYOKU oya="0"/><INIT seed="0,0,0,5,5,6" ten="250,250,250,250" oya="0" hai0="73,30,72,20,81,78,25,89,2,120,106,71,98" hai1="21,24,113,108,70,99,17,66,16,67,101,86,0" hai2="121,82,87,58,43,83,124,119,95,3,80,102,93" hai3="1,68,13,44,128,37,63,33,134,88,26,57,56"/><T104/><D120/><U45/><E0/><V32/><F3/><W94/><G1/><T112/><D112/><U39/><E113/><V55/><F32/><W114/><G114/><T111/><D72/><U9/><E108/><V61/><F121/><W40/><G128/><T14/><D2/><U115/><E115/><V31/><F119/><W10/><G134/><T74/><D74/><U36/><E70/><V62/><F124/><W75/><G75/><T47/><D71/><U41/><E39/><V5/><F43/><W11/><G68/><T7/><D47/><U79/><E79/><V133/><F133/><W50/><G37/><T97/><D111/><U107/><REACH who="1" step="1"/><E86/><REACH who="1" ten="250,240,250,250" step="2"/><V34/><F87/><N who="3" m="52511" /><G33/><T28/><D73/><U22/><E22/><V65/><F34/><W131/><G131/><T52/><D78/><U129/><E129/><V100/><F31/><W29/><G13/><AGARI ba="0,1" hai="9,13,16,17,21,24,36,41,45,66,67,99,101,107" machi="13" ten="40,5200,0" yaku="1,1,52,1,54,1,53,0" doraHai="6" doraHaiUra="53" who="1" fromWho="3" sc="250,0,240,62,250,0,250,-52" /><INIT seed="1,0,0,5,3,68" ten="250,302,250,198" oya="1" hai0="107,113,115,133,106,42,14,34,46,17,36,67,125" hai1="129,9,122,3,93,59,6,130,41,76,120,60,5" hai2="81,117,50,110,53,126,92,95,109,86,37,18,111" hai3="108,118,87,38,11,20,15,99,4,12,61,22,119"/><U88/><E76/><V45/><F117/><N who="3" m="44555" /><G99/><T123/><D133/><U79/><E79/><V10/><F126/><W82/><G61/><T21/><D125/><U7/><E41/><V40/><F10/><N who="3" m="4167" /><G38/><T70/><D34/><U57/><E9/><V77/><REACH who="2" step="1"/><F18/><REACH who="2" ten="250,302,240,198" step="2"/><N who="3" m="8575" /><G108/><T97/><D115/><U25/><E3/><V49/><F49/><W16/><G16/><T80/><D113/><U2/><E2/><V51/><F51/><W78/><AGARI ba="0,1" hai="20,22,78,82,87" m="8575,4167,44555" machi="78" ten="30,1100,0" yaku="12,1" doraHai="68" who="3" fromWho="3" sc="250,-3,302,-5,240,-3,198,21" /><INIT seed="2,0,0,2,5,122" ten="247,297,237,219" oya="2" hai0="67,23,34,70,98,107,5,132,27,24,7,113,77" hai1="39,32,64,48,81,35,55,72,26,59,119,82,126" hai2="53,57,86,121,90,104,91,66,43,78,54,33,58" hai3="14,112,106,133,125,12,118,108,109,28,96,105,110"/><V41/><F104/><N who="3" m="40043" /><G118/><T80/><D113/><U47/><E119/><V92/><F33/><W103/><G112/><T79/><D132/><U29/><E126/><V16/><F121/><W0/><G133/><T73/><D79/><U114/><E114/><V51/><F78/><W128/><G125/><T21/><D34/><U74/><E35/><V31/><F66/><W101/><G128/><T1/><D67/><U75/><E39/><V13/><F31/><W52/><G0/><T46/><D70/><U69/><E69/><V36/><F91/><W37/><G37/><T131/><D46/><U130/><E130/><V2/><F36/><W135/><G135/><T6/><D1/><U44/><E64/><V19/><F2/><W83/><G83/><T127/><D131/><U60/><E47/><V93/><F19/><W18/><G28/><T22/><REACH who="0" step="1"/><D127/><REACH who="0" ten="237,297,237,219" step="2"/><U120/><E120/><V95/><F41/><W89/><G52/><T100/><AGARI ba="0,1" hai="5,6,7,21,22,23,24,27,73,77,80,98,100,107" machi="100" ten="40,12000,2" yaku="1,1,2,1,0,1,53,3" doraHai="122" doraHaiUra="17" who="0" fromWho="0" sc="237,130,297,-30,237,-60,219,-30" /><INIT seed="3,0,0,5,0,123" ten="367,267,177,189" oya="3" hai0="78,77,60,22,83,103,37,114,47,2,86,15,92" hai1="19,35,122,91,67,24,69,93,1,56,49,59,70" hai2="5,105,75,7,108,21,126,63,127,128,85,109,80" hai3="13,29,32,74,0,111,130,64,113,120,23,132,115"/><W27/><G74/><T131/><D2/><U90/><E122/><V117/><F105/><W6/><G64/><T36/><D131/><U98/><E1/><V79/><F117/><W116/><G116/><T52/><D77/><U95/><E59/><V72/><F63/><W106/><G106/><T129/><D129/><U4/><E4/><V133/><F21/><W134/><G120/><T61/><D36/><U125/><E125/><N who="2" m="47627" /><F133/><N who="3" m="51307" /><G130/><T8/><D22/><U51/><E70/><V31/><F31/><W39/><G39/><T50/><D37/><U28/><E69/><V48/><F128/><W66/><G66/><T46/><D46/><U17/><E51/><V68/><F48/><W20/><G111/><N who="2" m="42569" /><F68/><W88/><G88/><T53/><D114/><N who="3" m="43529" /><G0/><T26/><D26/><U18/><E49/><V12/><F12/><W124/><G124/><T57/><D61/><U81/><E67/><V82/><F75/><W34/><G23/><T97/><D15/><U14/><E14/><V104/><F104/><W110/><G110/><T16/><D8/><AGARI ba="0,0" hai="6,8,13,20,27,29,32,34" m="43529,51307" machi="8" ten="30,5800,0" yaku="20,1,34,2" doraHai="123" who="3" fromWho="0" sc="367,-58,267,0,177,0,189,58" /><INIT seed="3,1,0,1,4,103" ten="309,267,177,247" oya="3" hai0="83,6,78,92,98,80,57,54,29,97,116,49,82" hai1="113,36,64,131,81,4,59,19,135,48,107,62,10" hai2="122,28,26,44,3,132,93,45,68,119,16,42,90" hai3="43,17,46,127,102,32,14,115,33,73,56,101,79"/><W76/><G115/><T5/><D116/><U85/><E36/><V123/><F68/><W63/><G127/><T71/><D71/><U111/><E113/><V7/><F119/><W20/><G33/><T105/><D29/><U134/><E111/><V0/><F132/><N who="1" m="50729" /><E131/><V74/><F74/><W55/><G32/><T9/><D78/><N who="3" m="29737" /><G73/><T130/><D130/><U121/><E121/><V35/><F44/><W18/><G18/><T60/><D60/><U86/><E19/><V8/><F90/><W120/><G120/><T128/><D128/><U77/><E48/><AGARI ba="1,0" hai="14,17,20,43,46,48,55,56,63,101,102" m="29737" machi="48" ten="30,1500,0" yaku="8,1" doraHai="103" who="3" fromWho="1" sc="309,0,267,-18,177,0,247,18" /><INIT seed="3,2,0,5,2,65" ten="309,249,177,265" oya="3" hai0="84,75,100,80,11,71,43,72,78,97,128,38,116" hai1="113,68,4,132,106,94,73,58,98,5,74,122,28" hai2="133,19,77,101,15,104,124,21,39,92,7,85,22" hai3="12,99,88,61,56,20,115,126,111,117,6,127,47"/><W3/><G117/><T26/><D116/><U8/><E122/><V55/><F39/><W112/><G3/><T131/><D26/><U44/><E113/><V82/><F133/><W63/><G47/><N who="0" m="24055" /><D11/><U18/><E132/><V33/><F124/><N who="3" m="47659" /><G111/><T67/><D67/><U13/><E28/><V0/><F33/><W95/><G61/><T89/><D89/><U119/><E106/><V29/><F104/><W25/><G12/><T51/><D51/><U57/><E119/><V35/><F35/><W110/><G6/><T31/><D31/><U123/><E123/><V76/><F76/><W42/><G42/><T103/><D103/><U86/><E4/><V53/><F0/><W9/><G9/><T52/><D52/><N who="2" m="20042" /><F7/><W130/><G110/><T48/><D48/><U135/><E5/><V2/><F2/><W10/><G10/><T90/><D90/><U109/><E109/><V17/><F29/><N who="3" m="17575" /><G56/><T41/><D41/><U70/><E58/><V83/><F83/><W108/><G108/><T107/><D71/><U46/><E57/><V37/><F37/><W118/><G118/><T69/><D69/><U59/><E59/><V54/><N who="2" m="20050" /><V1/><DORA hai="34" /><F1/><W60/><G60/><T96/><D107/><U125/><E135/><V81/><F81/><W14/><G63/><T79/><D80/><U93/><E125/><V129/><F129/><W120/><G130/><T32/><D131/><U27/><E70/><V87/><F15/><W45/><G120/><T134/><D128/><U62/><E68/><V102/><F22/><W64/><G14/><T66/><D134/><RYUUKYOKU ba="2,0" sc="309,0,249,0,177,0,265,0" /><INIT seed="4,3,0,2,5,108" ten="309,249,177,265" oya="0" hai0="56,53,67,34,33,63,21,8,26,54,134,91,24" hai1="27,52,131,20,11,117,31,9,36,90,55,101,0" hai2="124,100,114,14,28,92,106,49,115,110,18,83,89" hai3="103,68,87,127,60,96,86,17,22,38,132,62,61"/><T71/><D134/><U82/><E117/><V125/><F28/><W126/><G38/><T80/><D8/><N who="1" m="3147" /><E36/><V116/><F49/><W51/><G51/><T66/><D26/><U109/><E131/><V13/><F116/><W4/><G4/><T119/><D119/><U39/><E39/><V88/><F18/><W48/><G48/><T79/><D91/><N who="2" m="34890" /><F14/><N who="3" m="9527" /><G68/><T12/><D12/><U72/><E0/><V15/><F13/><W98/><G98/><T2/><D2/><U111/><E111/><V64/><F15/><W73/><G73/><T43/><D43/><U105/><E72/><V57/><F64/><W29/><G29/><T99/><D67/><U85/><E109/><V107/><F57/><W97/><G97/><T1/><D99/><U16/><E105/><N who="2" m="39947" /><F110/><W135/><G132/><T84/><D1/><U42/><E42/><V130/><F130/><W104/><G135/><T113/><D34/><U25/><E101/><V94/><F83/><W129/><G129/><T118/><D33/><U6/><E6/><V81/><F81/><W69/><G69/><T77/><D118/><U112/><E31/><V5/><F5/><W76/><G61/><T70/><D70/><U128/><E128/><V19/><F19/><W75/><G60/><T50/><D54/><N who="1" m="20523" /><E27/><V74/><F74/><W93/><G75/><T95/><D71/><U30/><E30/><V3/><F3/><W32/><G32/><T47/><D66/><U10/><E10/><V45/><F45/><W121/><G62/><T40/><D63/><U78/><E25/><V41/><F41/><W123/><G103/><RYUUKYOKU ba="3,0" sc="309,0,249,0,177,0,265,0" /><INIT seed="5,4,0,4,1,95" ten="309,249,177,265" oya="1" hai0="52,130,33,105,66,131,79,102,19,58,48,49,60" hai1="31,43,47,65,11,9,63,22,42,46,110,0,2" hai2="35,122,107,112,78,53,26,92,6,4,86,113,56" hai3="64,111,25,36,38,133,45,101,17,71,5,24,98"/><U99/><E110/><V55/><F107/><W30/><G111/><T69/><D33/><U100/><E2/><V91/><F122/><W128/><G5/><T16/><D79/><U109/><E109/><V124/><F78/><W114/><G114/><N who="2" m="44137" /><F124/><W18/><G128/><N who="0" m="49195" /><D48/><U1/><E1/><V41/><F41/><W121/><G133/><T72/><D72/><U118/><E118/><V120/><F120/><W134/><G134/><T20/><D20/><U70/><E0/><V27/><F55/><W135/><G135/><T76/><D76/><U84/><E43/><V3/><F3/><W61/><G45/><T50/><D50/><U125/><E47/><V57/><F57/><W126/><G126/><T83/><D83/><U87/><E125/><V59/><F59/><W119/><G119/><T23/><D23/><U67/><E67/><V93/><F93/><W12/><G38/><T73/><D73/><U82/><E46/><V77/><F77/><W14/><G36/><T123/><D123/><U62/><E42/><V68/><F68/><W37/><G37/><T116/><D116/><U129/><E129/><V75/><F75/><W29/><G121/><T13/><D13/><U81/><E70/><V115/><N who="2" m="44145" /><V89/><DORA hai="127" /><F89/><W90/><G90/><T74/><D74/><U44/><E82/><V132/><F132/><W106/><G14/><T96/><AGARI ba="4,0" hai="16,19,49,52,58,60,66,69,96,102,105" m="49195" machi="96" ten="30,12000,2" yaku="19,1,52,4,54,2" doraHai="95,127" who="0" fromWho="0" sc="309,132,249,-64,177,-34,265,-34" /><INIT seed="6,0,0,3,0,113" ten="441,185,143,231" oya="2" hai0="21,93,46,84,13,28,39,37,71,10,107,9,125" hai1="123,30,106,118,48,27,3,57,119,100,112,6,87" hai2="72,97,104,109,38,94,33,2,56,81,128,50,90" hai3="25,63,129,121,85,11,75,41,7,88,45,79,124"/><V83/><F38/><W91/><G121/><T69/><D107/><U127/><E123/><V105/><F2/><W122/><G122/><T89/><D9/><U8/><E112/><V20/><F33/><W52/><G75/><T103/><D103/><U43/><E127/><V22/><F109/><W1/><G129/><T78/><D78/><U114/><E114/><V86/><F128/><W29/><G124/><T15/><D15/><U53/><E43/><V32/><F32/><W76/><G91/><T62/><D46/><U98/><REACH who="1" step="1"/><E87/><REACH who="1" ten="441,175,143,231" step="2"/><V120/><F120/><W73/><G41/><T61/><D84/><U101/><E101/><V18/><F72/><W115/><G85/><T58/><D125/><U60/><E60/><V80/><F105/><W34/><G63/><T40/><D62/><U74/><E74/><V117/><F104/><W67/><G73/><T35/><D61/><U116/><E116/><V14/><F117/><W126/><G126/><T5/><D40/><U47/><E47/><V135/><F135/><W70/><G45/><T108/><D108/><U132/><E132/><V96/><REACH who="2" step="1"/><F22/><AGARI ba="0,1" hai="3,6,8,22,27,30,48,53,57,98,100,106,118,119" machi="22" ten="30,7700,0" yaku="1,1,7,1,52,2,53,0" doraHai="113" doraHaiUra="66" who="1" fromWho="2" sc="441,0,175,87,143,-77,231,0" /><INIT seed="7,0,0,4,3,124" ten="441,262,66,231" oya="3" hai0="52,72,130,31,80,41,28,91,2,115,27,112,48" hai1="135,4,67,107,7,22,102,123,38,96,19,76,26" hai2="120,46,83,98,125,1,109,101,43,92,34,15,114" hai3="63,66,79,103,134,84,40,86,23,20,88,128,122"/><W62/><G122/><T11/><D130/><U5/><E123/><V45/><F1/><W110/><G110/><T24/><D41/><U78/><E38/><V51/><F51/><W77/><G134/><T70/><D70/><U81/><E135/><V116/><F116/><W42/><G103/><T47/><D11/><U85/><REACH who="1" step="1"/><E67/><REACH who="1" ten="441,252,66,231" step="2"/><V16/><F16/><W97/><G128/><T30/><D115/><U104/><E104/><V106/><F106/><W29/><G66/><T58/><D112/><U18/><E18/><V100/><F120/><W50/><G29/><T82/><D2/><U60/><E60/><V21/><F114/><W105/><G105/><T37/><D72/><U117/><E117/><V74/><F109/><W121/><G121/><T25/><D91/><AGARI ba="0,1" hai="4,5,7,19,22,26,76,78,81,85,91,96,102,107" machi="91" ten="40,1300,0" yaku="1,1,53,0" doraHai="124" doraHaiUra="126" who="1" fromWho="0" sc="441,-13,252,23,66,0,231,0" owari="428,52.0,275,8.0,66,-43.0,231,-17.0" /></mjloggm>