<mjloggm ver="2.3"><GO type="41" lobby="0"/><UN n0="%E3%83%AD%E3%83%BC%E3%82%B9%E3%83%88%E3%83%81%E3%82%AD%E3%83%B3" n1="%E5%B0%B1%E6%B4%BB%E7%94%9F%40%E5%B7%9D%E6%9D%91%E8%BB%8D%E5%9B%A3" n2="%E5%8D%83%E5%92%8C" n3="%6D%69%7A%75%6B%69%73%61" dan="14,15,13,13" rate="1920.78,1990.35,1879.44,1867.65" sx="M,M,M,M"/><TAIKYOKU oya="0"/><INIT seed="0,0,0,0,3,112" ten="250,250,250,250" oya="0" hai0="5,34,55,0,97,98,36,114,15,54,27,25,24" hai1="2,127,56,59,48,52,4,131,28,73,75,121,119" hai2="33,74,105,3,117,101,9,77,65,126,22,132,86" hai3="113,12,57,41,39,63,47,100,7,99,11,95,46"/><T6/><D114/><U129/><E121/><V20/><F20/><W49/><G113/><T124/><D36/><U120/><E120/><V85/><F22/><W42/><G57/><T107/><D15/><U115/><E115/><V80/><F65/><W79/><G79/><T104/><D34/><U35/><E127/><V130/><F9/><W94/><REACH who="3" step="1"/><G63/><REACH who="3" ten="250,250,250,240" step="2"/><T13/><D124/><U82/><E59/><V111/><F126/><W43/><G43/><T93/><D55/><U8/><E129/><V83/><F130/><W18/><G18/><T108/><D54/><U116/><E131/><V88/><F132/><W1/><G1/><T70/><D0/><U16/><E16/><V66/><F3/><W135/><G135/><T118/><D70/><U71/><E71/><V92/><F111/><W72/><G72/><T23/><D108/><U87/><E75/><V21/><F66/><W45/><G45/><T17/><D5/><U44/><E73/><V96/><F33/><W53/><G53/><T89/><D6/><U60/><E35/><V19/><F19/><W62/><G62/><T26/><N who="0" m="6656" /><DORA hai="14" /><T40/><D40/><U67/><E28/><V128/><F128/><W76/><G76/><AGARI ba="0,1" hai="2,4,8,44,48,52,56,60,67,76,82,87,116,119" machi="76" ten="30,7700,0" yaku="7,1,52,2,54,1" doraHai="112,14" who="1" fromWho="3" sc="250,0,250,87,250,0,240,-77" /><INIT seed="1,0,0,0,4,1" ten="250,337,250,163" oya="1" hai0="95,72,91,112,75,98,104,45,109,66,93,122,52" hai1="32,71,3,12,110,120,33,55,35,43,118,51,19" hai2="21,126,80,65,90,40,67,111,57,7,53,78,31" hai3="105,125,132,47,38,16,89,5,13,23,114,96,37"/><U61/><E3/><V22/><F111/><W116/><G114/><T6/><D112/><U68/><E118/><V133/><F133/><W9/><G132/><T113/><D109/><U88/><E120/><V92/><F126/><W24/><G125/><T59/><D104/><U77/><E77/><V108/><F40/><W76/><G116/><T46/><D113/><U54/><E110/><V74/><F108/><W58/><G76/><T14/><D122/><U0/><E0/><V101/><F101/><W17/><G58/><T18/><D66/><U26/><E26/><V11/><F22/><W119/><G119/><T56/><D56/><U15/><E43/><V124/><F124/><W102/><G47/><T62/><D75/><U82/><E61/><V103/><F103/><W28/><G17/><T84/><D72/><U25/><E25/><V41/><F41/><W73/><G73/><T42/><D42/><U128/><E54/><V85/><F74/><W129/><G129/><T86/><D46/><U131/><E19/><V123/><F123/><W8/><REACH who="3" step="1"/><G89/><REACH who="3" ten="250,337,250,153" step="2"/><N who="0" m="55599" /><D45/><N who="1" m="28143" /><E68/><V49/><F78/><W50/><G50/><T48/><D48/><U63/><E63/><V87/><F57/><W81/><G81/><T4/><D86/><N who="1" m="50263" /><E71/><V130/><F80/><W117/><G117/><T27/><D27/><U44/><E44/><V99/><F130/><AGARI ba="0,1" hai="12,15,32,33,35,128,130,131" m="50263,28143" machi="130" ten="40,3900,0" yaku="19,1,54,1" doraHai="1" who="1" fromWho="2" sc="250,0,337,49,250,-39,153,0" /><INIT seed="1,1,0,3,3,51" ten="250,386,211,153" oya="1" hai0="131,119,53,25,47,126,124,93,3,109,49,64,112" hai1="31,116,117,130,78,35,120,42,127,80,101,9,72" hai2="82,85,91,7,16,15,52,17,23,92,95,48,105" hai3="46,106,104,13,108,63,57,86,22,43,38,36,128"/><U24/><E120/><V129/><F105/><W1/><G1/><T50/><D3/><U133/><E130/><V118/><F129/><W79/><G128/><T8/><D131/><U58/><E133/><V122/><F118/><W69/><G38/><T90/><D119/><U6/><E127/><N who="0" m="48681" /><D112/><U4/><E4/><V62/><F62/><W102/><G69/><T73/><D64/><U123/><E123/><V20/><F122/><W65/><G108/><T39/><D109/><U55/><E42/><V75/><F75/><W121/><G121/><T71/><D73/><U14/><REACH who="1" step="1"/><E101/><REACH who="1" ten="250,376,211,153" step="2"/><V76/><F7/><W100/><G104/><T68/><D39/><U28/><E28/><V61/><F61/><AGARI ba="1,1" hai="6,9,14,24,31,35,55,58,61,72,78,80,116,117" machi="61" ten="30,11600,0" yaku="1,1,7,1,52,1,53,1" doraHai="51" doraHaiUra="11" who="1" fromWho="2" sc="250,0,376,129,211,-119,153,0" /><INIT seed="1,2,0,4,4,78" ten="250,505,92,153" oya="1" hai0="59,17,110,66,106,119,86,64,75,132,72,135,10" hai1="60,120,47,98,5,104,97,107,61,90,101,77,6" hai2="18,46,8,28,41,3,21,114,122,126,32,57,62" hai3="80,0,81,22,13,121,44,112,23,58,95,31,96"/><U35/><E35/><V36/><F122/><W48/><G121/><T16/><D106/><U25/><E120/><V93/><F114/><W40/><G0/><T116/><D110/><U12/><E77/><V45/><F126/><W67/><G112/><T83/><D116/><U33/><E47/><V63/><F32/><W37/><G37/><T4/><D119/><U85/><E33/><V54/><F28/><W50/><G22/><T26/><D75/><U11/><E25/><V38/><F3/><W88/><G31/><T1/><D72/><U84/><E6/><V7/><F8/><W128/><G128/><T87/><D87/><U109/><E85/><V129/><F7/><W125/><G125/><T51/><D66/><U115/><E115/><V69/><F129/><W74/><G74/><T100/><D100/><U103/><REACH who="1" step="1"/><E109/><REACH who="1" ten="250,495,92,153" step="2"/><V108/><F108/><W56/><G67/><T53/><D64/><U15/><E15/><V76/><F76/><W133/><G133/><N who="0" m="51275" /><D26/><U105/><E105/><V117/><F117/><W113/><G113/><T102/><D102/><U111/><E111/><V118/><F118/><W65/><G65/><T89/><AGARI ba="2,1" hai="1,4,10,16,17,51,53,59,83,86,89" m="51275" machi="89" ten="30,4000,0" yaku="20,1,52,1,54,1" doraHai="78" who="0" fromWho="0" sc="250,56,495,-22,92,-12,153,-12" /><INIT seed="2,0,0,2,1,105" ten="306,473,80,141" oya="2" hai0="102,51,118,66,92,97,57,93,132,125,85,119,20" hai1="72,75,127,27,83,56,30,32,95,94,128,133,39" hai2="91,59,115,25,21,18,106,62,15,6,79,120,104" hai3="82,117,130,131,8,108,90,5,46,44,68,96,135"/><V4/><F115/><W89/><G68/><T40/><D132/><U14/><E39/><V103/><F120/><W47/><G135/><T112/><D112/><U19/><E133/><V12/><F79/><W36/><G36/><T22/><D125/><U122/><E122/><V33/><F33/><W23/><G117/><T63/><D40/><U88/><E127/><V100/><F106/><W81/><G23/><T61/><D51/><U45/><E128/><N who="3" m="49194" /><G108/><T53/><D119/><U52/><E45/><N who="3" m="11522" /><W116/><DORA hai="41" /><G116/><T134/><D118/><U3/><E94/><V17/><F91/><N who="3" m="34827" /><G96/><T121/><D121/><U77/><E3/><AGARI ba="0,0" hai="3,5,8,81,82" m="34827,11522,49194" machi="3" ten="40,8000,1" yaku="19,1,52,4" doraHai="105,41" who="3" fromWho="1" sc="306,0,473,-80,80,0,141,80" /><INIT seed="3,0,0,1,2,21" ten="306,393,80,221" oya="3" hai0="85,104,130,127,45,83,118,5,0,114,99,65,56" hai1="81,12,105,8,61,72,63,97,42,11,78,117,102" hai2="4,111,94,60,116,43,88,17,123,91,119,29,34" hai3="25,109,89,87,23,47,62,57,107,82,79,71,92"/><W41/><G107/><T93/><D118/><U106/><E117/><V37/><F123/><W52/><G71/><T120/><D104/><U122/><E106/><V67/><F111/><W24/><G109/><T44/><D120/><U76/><E122/><V129/><F4/><W125/><G125/><T7/><D127/><U84/><E42/><V133/><F29/><W59/><G57/><T19/><D114/><U51/><E51/><V68/><F34/><W26/><G23/><T9/><D7/><U46/><E46/><V55/><F55/><W53/><G53/><T32/><D32/><U48/><E48/><V135/><F17/><W40/><G47/><T20/><D56/><U98/><E11/><V58/><F68/><W1/><G1/><T16/><D65/><U121/><E97/><AGARI ba="0,0" hai="24,25,26,40,41,52,59,62,79,82,87,89,92,97" machi="97" ten="40,12000,1" yaku="8,1,52,3,54,1" doraHai="21" who="3" fromWho="1" sc="306,0,393,-120,80,0,221,120" /><INIT seed="3,1,0,0,4,113" ten="306,273,80,341" oya="3" hai0="11,97,87,38,17,115,86,27,134,18,65,36,4" hai1="47,85,130,6,48,117,66,114,111,51,64,128,55" hai2="16,120,132,103,68,30,33,40,106,92,61,76,2" hai3="67,32,107,53,99,105,94,123,84,72,75,118,121"/><W116/><G32/><T119/><D115/><U95/><E6/><V41/><F2/><W90/><G67/><N who="1" m="25642" /><E95/><V125/><F120/><N who="3" m="46155" /><G53/><T54/><D65/><U82/><E114/><V89/><F132/><W57/><G57/><T13/><D17/><U46/><E111/><V129/><F125/><W10/><G10/><T0/><D134/><U77/><E117/><N who="3" m="45162" /><G105/><T19/><D19/><U63/><E63/><V124/><F124/><W42/><G42/><T25/><D119/><U110/><E110/><V91/><F129/><N who="1" m="49769" /><E51/><V52/><F76/><W22/><G22/><T34/><D34/><U83/><E83/><V122/><F122/><W35/><G35/><T98/><D11/><U56/><AGARI ba="1,0" hai="46,47,48,55,56,77,82,85" m="49769,25642" machi="56" ten="30,1100,0" yaku="19,1" doraHai="113" who="1" fromWho="1" sc="306,-4,273,14,80,-4,341,-6" /><INIT seed="4,0,0,4,2,91" ten="302,287,76,335" oya="0" hai0="119,59,49,44,124,65,87,72,114,80,15,5,109" hai1="18,36,12,131,126,62,129,39,71,103,66,98,127" hai2="92,55,34,112,95,17,61,88,104,45,0,7,54" hai3="76,118,50,105,64,20,38,33,106,94,11,111,122"/><T101/><D119/><U3/><E3/><V30/><F104/><W134/><G33/><T128/><D72/><U123/><E18/><V52/><F112/><W100/><G38/><N who="1" m="14378" /><E12/><V19/><F0/><W133/><G76/><N who="0" m="46471" /><D114/><U13/><E13/><V86/><F7/><W27/><G64/><T53/><D109/><U102/><E102/><V23/><F34/><W56/><G111/><T6/><D101/><U58/><E58/><V82/><F45/><W24/><G11/><N who="0" m="4591" /><D6/><U107/><E123/><V79/><F61/><W16/><G122/><T113/><D113/><U97/><E97/><V75/><REACH who="2" step="1"/><F95/><REACH who="2" ten="302,287,66,335" step="2"/><W9/><G94/><T70/><D70/><U26/><E62/><V46/><F46/><W99/><G106/><T10/><D128/><U31/><E71/><V110/><F110/><W69/><G69/><T51/><D124/><N who="1" m="47659" /><E66/><V32/><F32/><AGARI ba="0,1" hai="26,31,32,98,103,107,129,131" m="47659,14378" machi="32" ten="30,2000,0" yaku="18,1,23,1" doraHai="91" who="1" fromWho="2" sc="302,0,287,30,66,-20,335,0" /><INIT seed="5,0,0,1,1,108" ten="302,317,46,335" oya="1" hai0="106,87,24,133,33,132,98,71,109,14,8,118,0" hai1="104,56,68,91,1,34,55,32,113,117,21,101,25" hai2="134,67,135,48,115,16,127,61,110,38,103,51,46" hai3="19,31,49,5,18,44,120,45,66,93,105,3,59"/><U69/><E1/><V60/><F103/><W121/><G105/><T116/><D109/><U96/><E117/><V6/><F6/><W99/><G121/><T41/><D87/><U123/><E123/><V131/><F16/><W90/><G120/><T125/><D41/><U54/><E91/><V15/><F15/><W78/><G78/><T83/><D83/><U114/><E34/><V28/><F28/><W82/><G82/><T128/><D14/><U12/><E12/><V29/><F29/><W126/><G126/><T119/><D125/><U100/><E100/><V86/><F86/><W63/><G31/><T27/><D27/><U77/><E77/><V88/><F88/><W53/><G3/><T57/><D57/><U81/><E32/><V124/><F110/><W10/><G10/><T36/><D36/><U17/><E81/><V52/><F131/><W80/><G80/><T129/><D71/><U23/><E23/><V84/><F84/><W13/><G5/><N who="0" m="1063" /><D98/><U43/><E43/><N who="2" m="22903" /><F115/><N who="1" m="44041" /><E55/><V37/><F37/><W130/><G130/><N who="0" m="50283" /><D106/><U50/><AGARI ba="0,0" hai="17,21,25,50,54,56,68,69,96,101,104" m="44041" machi="50" ten="30,11700,0" yaku="15,1,52,3" doraHai="108" who="1" fromWho="1" sc="302,-39,317,117,46,-39,335,-39" /><INIT seed="5,1,0,5,0,61" ten="263,434,7,296" oya="1" hai0="73,32,127,111,38,95,57,13,102,98,35,99,109" hai1="90,44,76,79,19,17,122,0,45,129,33,66,77" hai2="119,94,20,65,96,118,74,50,82,84,67,40,56" hai3="80,42,8,43,26,28,30,86,5,113,91,41,135"/><U81/><E33/><V7/><F74/><W27/><G113/><T72/><D38/><U107/><E0/><V92/><F119/><W64/><G135/><T52/><D127/><U125/><E107/><V63/><F118/><W48/><G48/><T104/><D73/><U117/><E117/><V130/><F130/><W11/><G64/><N who="2" m="24649" /><F7/><W36/><G36/><T46/><D72/><U69/><E122/><V123/><F123/><W78/><G91/><T68/><D68/><U59/><E69/><V83/><F40/><W49/><G49/><T1/><D1/><U131/><E125/><V31/><F50/><W55/><G55/><T133/><D46/><U110/><E110/><V85/><F63/><W37/><G37/><T24/><D133/><U124/><E124/><V62/><F62/><W39/><G39/><T9/><D24/><U12/><E45/><V6/><F6/><W75/><G75/><T3/><D3/><U22/><E44/><V106/><F106/><W23/><G5/><T18/><D111/><U115/><E66/><V51/><F51/><W134/><G134/><T121/><D121/><U97/><E59/><V112/><F112/><W105/><G105/><T132/><D109/><U126/><E115/><V14/><F56/><W108/><G108/><T60/><D132/><U25/><E126/><V34/><F34/><W70/><G70/><T10/><REACH who="0" step="1"/><D9/><REACH who="0" ten="253,434,7,296" step="2"/><N who="1" m="6287" /><E131/><V93/><F96/><W100/><G8/><T16/><D16/><U103/><E129/><V89/><F20/><W88/><G11/><T116/><D116/><U4/><E97/><V128/><F128/><RYUUKYOKU ba="1,1" sc="253,30,434,-10,7,-10,296,-10" hai0="10,13,18,32,35,52,57,60,95,98,99,102,104" owari="283,-12.0,434,53.0,-3,-50.0,286,9.0" /></mjloggm>