<mjloggm ver="2.3"><GO type="97" lobby="0"/><UN n0="%61%74%6F%72%6E%65" n1="%E5%B0%B1%E6%B4%BB%E7%94%9F%40%E5%B7%9D%E6%9D%91%E8%BB%8D%E5%9B%A3" n2="%E7%84%A1%E9%8A%98%E8%8F%93%E3%81%95%E3%82%93" n3="%50%53%52%EF%BC%A0%E5%B7%9D%E6%9D%91%E8%BB%8D%E5%9B%A3" dan="13,14,13,15" rate="1893.02,2026.01,1802.14,1957.95" sx="M,M,M,M"/><TAIKYOKU oya="0"/><INIT seed="0,0,0,3,5,106" ten="250,250,250,250" oya="0" hai0="126,51,131,71,4,73,133,98,77,119,1,85,66" hai1="109,94,49,102,45,88,75,16,113,33,112,50,57" hai2="30,18,105,59,96,117,83,48,11,130,32,44,55" hai3="67,81,80,35,86,111,118,78,134,42,125,47,63"/><T61/><D119/><U29/><E109/><V91/><F117/><W28/><G118/><T60/><D60/><U74/><E102/><V135/><F135/><W65/><G111/><T14/><D133/><U132/><E132/><V116/><F116/><W2/><G2/><T104/><D85/><N who="1" m="52495" /><E57/><V22/><F130/><W39/><G134/><T3/><D131/><U93/><E93/><V58/><F32/><W37/><G125/><T20/><D126/><U31/><E49/><V110/><F105/><W7/><G7/><T15/><D51/><U17/><E31/><V5/><F110/><W114/><G114/><N who="1" m="44138" /><E29/><V25/><F30/><W99/><G28/><T12/><D20/><U97/><E97/><V21/><F96/><W43/><G99/><T92/><D4/><U56/><E56/><V79/><F22/><W123/><G63/><T10/><D10/><U89/><E89/><V40/><F91/><W62/><G62/><T115/><D115/><U9/><E33/><V52/><F58/><W46/><G35/><T0/><D104/><U64/><E64/><V76/><F59/><W107/><G107/><T121/><D121/><U84/><E84/><N who="2" m="48231" /><F79/><W36/><G123/><T54/><D98/><U70/><E70/><V124/><F124/><W27/><G37/><T6/><D92/><U100/><E100/><V95/><F95/><W23/><G81/><N who="0" m="45231" /><D6/><U101/><E101/><V34/><F34/><W129/><G129/><T13/><N who="0" m="3584" /><DORA hai="38" /><T24/><D24/><U128/><E128/><V127/><F127/><W53/><G53/><T120/><D120/><U69/><E69/><RYUUKYOKU ba="0,0" sc="250,10,250,-30,250,10,250,10" hai0="0,1,3,54,61,66,71" hai2="5,11,18,21,25,40,44,48,52,55" hai3="23,27,36,39,42,43,46,47,65,67,78,80,86" /><INIT seed="0,1,0,3,0,87" ten="260,220,260,260" oya="0" hai0="67,111,27,45,123,92,113,22,106,77,135,112,39" hai1="20,33,44,64,130,24,103,55,53,121,97,110,4" hai2="124,9,120,34,104,85,115,52,14,75,95,6,0" hai3="82,73,117,2,28,1,61,65,88,10,38,118,74"/><T83/><D106/><U42/><E121/><V47/><F120/><W43/><G28/><T5/><D123/><U71/><E33/><V3/><F115/><W78/><G73/><T81/><D67/><U32/><E4/><V126/><F75/><W25/><G25/><T76/><D135/><U41/><E130/><V131/><F104/><W63/><G63/><T99/><D5/><U7/><E7/><V62/><F34/><W122/><G122/><T50/><D39/><U35/><E110/><V108/><F108/><W30/><G30/><T116/><D111/><U109/><E32/><V93/><F131/><W51/><G10/><T94/><D45/><U98/><E98/><V86/><F86/><W18/><G18/><T58/><D50/><U49/><E41/><V23/><F23/><W66/><G51/><T96/><D58/><U114/><E114/><V16/><F6/><W84/><G43/><T132/><D22/><U119/><E119/><V59/><F47/><W54/><G38/><T68/><D27/><U12/><E12/><V31/><F31/><W70/><G54/><T21/><D21/><U19/><E35/><V56/><F56/><W128/><G66/><T69/><REACH who="0" step="1"/><D132/><REACH who="0" ten="250,220,260,260" step="2"/><U40/><E109/><V17/><F0/><N who="3" m="107" /><G128/><T79/><D79/><U129/><E129/><V101/><F3/><W125/><G118/><AGARI ba="1,1" hai="68,69,76,77,81,83,92,94,96,99,112,113,116,118" machi="118" ten="25,4800,0" yaku="1,1,22,2,53,0" doraHai="87" doraHaiUra="100" who="0" fromWho="3" sc="250,61,220,0,260,0,260,-51" /><INIT seed="0,2,0,2,1,48" ten="311,220,260,209" oya="0" hai0="126,111,19,15,75,55,30,128,42,11,79,124,101" hai1="106,43,3,34,76,120,50,95,96,103,32,99,90" hai2="129,67,119,85,45,5,116,100,135,82,110,73,27" hai3="12,13,36,127,108,84,69,65,40,4,97,35,125"/><T14/><D101/><U71/><E3/><V21/><F73/><W74/><G74/><T114/><D42/><U83/><E120/><V89/><F110/><W59/><G69/><T56/><D114/><U28/><E71/><V131/><F135/><W105/><G35/><T66/><D66/><U53/><E43/><V57/><F100/><W29/><G29/><T39/><D39/><U130/><E28/><V104/><F45/><N who="3" m="23687" /><G108/><T72/><D30/><U26/><E26/><V47/><F47/><W22/><G97/><T6/><D128/><N who="2" m="49226" /><F5/><W112/><G105/><T54/><D111/><U37/><E37/><V52/><F67/><W62/><G112/><T115/><D115/><U132/><E132/><V121/><F104/><W24/><G84/><T94/><D94/><U78/><E130/><V113/><F113/><W17/><G4/><T93/><D93/><U88/><E90/><V33/><F33/><W9/><G9/><T80/><D75/><U118/><E118/><V107/><F107/><W46/><G46/><T16/><D56/><U92/><E106/><V63/><F121/><W8/><G8/><N who="0" m="6215" /><D6/><U7/><E7/><V102/><F102/><W1/><G1/><T87/><D72/><U44/><E78/><V86/><F85/><AGARI ba="2,0" hai="32,34,44,50,53,76,83,85,88,92,95,96,99,103" machi="85" ten="30,3900,0" yaku="7,1,52,1,54,1" doraHai="48" who="1" fromWho="2" sc="311,0,220,45,260,-45,209,0" /><INIT seed="1,0,0,3,2,71" ten="311,265,215,209" oya="1" hai0="27,6,106,124,122,99,23,78,119,86,31,116,41" hai1="97,38,18,113,17,46,75,48,85,82,3,45,47" hai2="91,39,102,15,49,10,40,26,14,123,125,19,87" hai3="96,5,74,104,130,42,66,4,21,103,128,81,9"/><U53/><E3/><V7/><F39/><W90/><G66/><T35/><D41/><U59/><E113/><V61/><F123/><W70/><G70/><T133/><D78/><U105/><E75/><V101/><F125/><W69/><G69/><T79/><D79/><U118/><E118/><V77/><F61/><W88/><G42/><T57/><D86/><U65/><E65/><V28/><F77/><N who="3" m="44215" /><G21/><T94/><D106/><U107/><E38/><V13/><F49/><W95/><G9/><T0/><D94/><U134/><E134/><V98/><F40/><W92/><G5/><T36/><D99/><U12/><E97/><V20/><F98/><N who="3" m="57607" /><G4/><T131/><D57/><U22/><E18/><V84/><F7/><W44/><G44/><T29/><D124/><U54/><E54/><V11/><F84/><AGARI ba="0,0" hai="84,90,95,96,103,104,128,130" m="57607,44215" machi="84" ten="30,7700,0" yaku="24,1,34,2,54,1" doraHai="71" who="3" fromWho="2" sc="311,0,265,0,215,-77,209,77" /><INIT seed="2,0,0,2,3,77" ten="311,265,138,286" oya="2" hai0="128,67,107,84,30,91,34,87,39,105,44,45,24" hai1="43,98,53,99,74,3,81,90,76,23,4,58,88" hai2="118,133,112,85,36,9,12,27,97,116,96,124,122" hai3="92,60,40,127,100,129,6,57,80,64,22,66,89"/><V101/><F122/><W102/><G127/><T21/><D128/><U62/><E43/><V29/><F112/><W68/><G40/><T117/><D67/><U42/><E42/><V135/><F36/><W104/><G104/><T55/><D107/><U79/><E3/><V113/><F113/><W17/><G6/><T109/><D105/><U46/><E4/><V72/><F72/><W95/><G66/><T13/><D109/><U32/><E32/><V63/><F63/><W61/><G61/><T71/><D71/><U26/><E46/><V130/><F124/><W126/><G68/><T15/><D39/><U51/><E51/><V106/><F97/><N who="1" m="36873" /><E74/><V28/><F130/><W131/><G126/><T86/><D117/><U93/><E93/><N who="3" m="35914" /><G131/><T33/><D91/><N who="1" m="34859" /><E81/><V5/><F85/><N who="3" m="50343" /><G129/><T20/><D55/><U49/><E49/><V73/><F73/><W48/><G48/><T1/><D1/><U121/><E121/><V2/><F2/><W132/><G132/><N who="2" m="50761" /><F28/><AGARI ba="0,0" hai="23,26,28,53,58,62,76,79" m="34859,36873" machi="28" ten="30,2000,0" yaku="8,1,54,1" doraHai="77" who="1" fromWho="2" sc="311,0,265,20,138,-20,286,0" /><INIT seed="3,0,0,3,0,93" ten="311,285,118,286" oya="3" hai0="117,54,14,22,30,59,124,34,122,133,77,73,125" hai1="131,75,78,123,119,49,126,43,108,96,48,129,83" hai2="98,82,4,107,13,102,74,120,40,89,44,105,41" hai3="110,128,37,92,5,88,112,15,132,134,12,66,71"/><W6/><G112/><T39/><D39/><U10/><E123/><V94/><F41/><W72/><G37/><T19/><D133/><N who="3" m="51305" /><G72/><T35/><D117/><U28/><E28/><V70/><F70/><W1/><G128/><N who="1" m="49226" /><E119/><V53/><F120/><W56/><G71/><T101/><D101/><U32/><E32/><V52/><F4/><N who="3" m="1643" /><G1/><T25/><D122/><U63/><E10/><V118/><F13/><W76/><G76/><T84/><D73/><U103/><E126/><N who="0" m="48745" /><D77/><U99/><E108/><V61/><F61/><N who="3" m="38183" /><G110/><T95/><D95/><N who="1" m="58783" /><E43/><V85/><F118/><W0/><G0/><T9/><D84/><AGARI ba="0,0" hai="12,15,84,88,92" m="38183,1643,51305" machi="84" ten="30,2900,0" yaku="20,1,54,1" doraHai="93" who="3" fromWho="0" sc="311,-29,285,0,118,0,286,29" owari="282,-12.0,285,9.0,118,-38.0,315,41.0" /></mjloggm>