<mjloggm ver="2.3"><GO type="41" lobby="0"/><UN n0="%E3%81%98%E3%81%87%E3%81%BF%E3%81%AB%E3%83%BC" n1="%E5%B0%B1%E6%B4%BB%E7%94%9F%40%E5%B7%9D%E6%9D%91%E8%BB%8D%E5%9B%A3" n2="%E3%81%A6%E3%81%BD%E3%81%A9%E3%82%93%EF%BC%81" n3="%E3%83%88%E3%83%AB%E5%B1%8B" dan="13,15,13,15" rate="1886.55,1994.61,1916.48,2021.68" sx="M,M,M,M"/><TAIKYOKU oya="0"/><INIT seed="0,0,0,1,5,119" ten="250,250,250,250" oya="0" hai0="125,95,56,10,131,99,5,80,129,68,93,89,96" hai1="118,65,43,109,117,53,20,67,79,106,49,112,31" hai2="87,14,16,128,76,52,0,73,78,13,33,44,61" hai3="111,90,51,21,11,81,107,88,59,41,130,29,40"/><T62/><D68/><U101/><E112/><V22/><F33/><W114/><G107/><T121/><D121/><U28/><E109/><V55/><F0/><W100/><G111/><T15/><D125/><U104/><E79/><V4/><F128/><W126/><G130/><T42/><D42/><U86/><E43/><V66/><F73/><W6/><G100/><T39/><D39/><U18/><E86/><V50/><F87/><W132/><G132/><T25/><D25/><U58/><E118/><V133/><F133/><W64/><G126/><T26/><D26/><U9/><E9/><N who="2" m="4263" /><F55/><W122/><G122/><T38/><D38/><U3/><E3/><V83/><F83/><W74/><G114/><T34/><D34/><U123/><E123/><V54/><F54/><W134/><G134/><T32/><D32/><U12/><E117/><V94/><F94/><W84/><G74/><T103/><REACH who="0" step="1"/><D80/><REACH who="0" ten="240,250,250,250" step="2"/><U82/><E82/><V46/><F46/><W72/><G40/><T113/><D113/><U30/><E106/><V7/><F7/><W45/><G6/><T8/><D8/><U110/><E110/><V36/><F36/><W24/><G11/><T1/><D1/><U97/><AGARI ba="0,1" hai="12,18,20,28,30,31,49,53,58,65,67,97,101,104" machi="97" ten="30,1100,0" yaku="0,1" doraHai="119" who="1" fromWho="1" sc="240,-5,250,21,250,-3,250,-3" /><INIT seed="1,0,0,5,1,6" ten="235,271,247,247" oya="1" hai0="30,111,12,85,94,73,102,17,89,120,24,39,13" hai1="59,45,121,135,50,103,80,58,69,79,112,40,11" hai2="8,29,60,14,0,76,88,23,129,16,62,51,125" hai3="2,7,114,70,109,75,106,5,100,64,53,32,66"/><U84/><E121/><V4/><F129/><W56/><G114/><T87/><D73/><U118/><E69/><V44/><F125/><W93/><G109/><T123/><D39/><U48/><E118/><V61/><F76/><W96/><G7/><T38/><D38/><U130/><E112/><V78/><F78/><W15/><G32/><T41/><D41/><U10/><E130/><V117/><F117/><W37/><G37/><T131/><D131/><U133/><E103/><V25/><F88/><W26/><G26/><T110/><D102/><U99/><E99/><V101/><F101/><W71/><G2/><T52/><D85/><U67/><E50/><V108/><F108/><N who="0" m="41514" /><D52/><U91/><E79/><V31/><F0/><W126/><G126/><T107/><D107/><U128/><E128/><V113/><F113/><W34/><G34/><N who="0" m="20807" /><D17/><U104/><E104/><V77/><F77/><W98/><G75/><T86/><D87/><U95/><E80/><V9/><F9/><N who="1" m="3081" /><E67/><V42/><AGARI ba="0,0" hai="4,8,14,16,23,25,29,31,42,44,51,60,61,62" machi="42" ten="30,7900,0" yaku="0,1,8,1,52,1,54,1" doraHai="6" who="2" fromWho="2" sc="235,-20,271,-39,247,79,247,-20" /><INIT seed="2,0,0,4,2,93" ten="215,232,326,227" oya="2" hai0="103,72,119,120,106,20,79,124,4,71,42,113,97" hai1="84,92,75,135,31,90,116,114,30,39,25,11,122" hai2="3,131,43,12,94,65,134,115,95,67,107,51,22" hai3="55,68,118,17,60,0,53,126,110,52,66,2,61"/><V44/><F3/><W98/><G118/><T100/><D71/><U104/><E75/><V15/><F115/><W85/><G126/><T62/><D42/><U13/><E114/><V8/><F107/><W129/><G129/><T54/><D4/><U21/><E39/><V64/><F134/><W130/><G110/><T40/><D40/><U23/><E135/><V99/><F131/><W82/><G130/><T38/><D38/><U86/><E122/><V101/><F22/><W46/><G46/><T74/><D20/><U111/><E104/><V83/><F83/><W47/><G47/><T33/><D33/><U105/><E105/><V117/><F117/><W108/><G17/><T27/><D27/><N who="1" m="16751" /><E111/><V80/><F80/><W81/><G108/><T102/><D119/><U32/><E32/><V37/><F95/><W18/><G18/><T29/><D29/><U76/><E76/><V77/><F77/><W91/><G61/><T125/><D113/><U7/><E116/><V10/><F37/><W49/><G49/><T41/><D41/><U89/><E89/><V88/><F101/><N who="0" m="39018" /><D120/><U127/><E127/><N who="0" m="48713" /><D79/><U56/><E56/><AGARI ba="0,0" hai="54,56,62,72,74,97,103,106" m="48713,39018" machi="56" ten="30,2000,0" yaku="18,1,52,1" doraHai="93" who="0" fromWho="1" sc="215,20,232,-20,326,0,227,0" /><INIT seed="3,0,0,0,4,109" ten="235,212,326,227" oya="3" hai0="93,12,5,54,132,114,8,84,20,73,107,34,26" hai1="90,96,40,61,62,92,51,111,102,131,63,28,69" hai2="89,71,45,134,106,0,81,80,50,2,65,85,123" hai3="118,57,129,39,75,4,95,135,99,46,117,127,126"/><W15/><G4/><T82/><D73/><U103/><E111/><V83/><F106/><W55/><G75/><T116/><D107/><U74/><E74/><V70/><F134/><W122/><G15/><T48/><D116/><N who="3" m="44649" /><G122/><T29/><D132/><U128/><E69/><V30/><F30/><W64/><G135/><T104/><D104/><U11/><E28/><V27/><F27/><W58/><G95/><T67/><D67/><U97/><E11/><V14/><F14/><W130/><G99/><T79/><D93/><U9/><E9/><V36/><F123/><W77/><G77/><T22/><D114/><U13/><E13/><V35/><F35/><W52/><G64/><T1/><D1/><U43/><E51/><V6/><F65/><W113/><G39/><T125/><D125/><N who="3" m="47625" /><G46/><AGARI ba="0,0" hai="5,8,12,20,22,26,29,34,46,48,54,79,82,84" machi="46" ten="30,1000,0" yaku="7,1" doraHai="109" who="0" fromWho="3" sc="235,10,212,0,326,0,227,-10" /><INIT seed="4,0,0,3,5,89" ten="245,212,326,217" oya="0" hai0="99,97,41,74,36,32,130,9,86,90,15,16,135" hai1="79,83,131,20,112,96,124,55,1,80,22,108,113" hai2="30,85,133,47,39,6,37,125,132,107,11,7,5" hai3="26,123,27,109,44,93,68,71,35,43,58,24,21"/><T12/><D74/><U127/><E1/><V62/><F107/><W129/><G35/><T104/><D32/><U19/><E108/><V14/><F30/><W73/><G73/><T18/><D135/><N who="2" m="51786" /><F125/><N who="1" m="48201" /><E131/><V91/><F62/><W101/><G109/><T57/><D130/><U66/><E66/><V121/><F121/><W119/><G119/><T64/><D36/><N who="2" m="13898" /><F47/><W78/><G78/><T63/><D41/><U114/><E55/><V0/><F0/><W92/><G101/><T106/><D106/><U75/><E83/><AGARI ba="0,0" hai="5,6,7,11,14,83,85,91" m="13898,51786" machi="83" ten="30,1000,0" yaku="20,1" doraHai="89" who="2" fromWho="1" sc="245,0,212,-10,326,10,217,0" /><INIT seed="5,0,0,4,2,48" ten="245,202,336,217" oya="1" hai0="99,18,22,30,42,103,32,81,11,123,19,60,51" hai1="12,97,24,101,78,55,20,104,14,131,44,9,87" hai2="74,116,91,100,127,61,68,79,53,15,49,77,47" hai3="85,2,110,114,52,113,38,5,119,117,23,41,58"/><U75/><E131/><V25/><F116/><N who="3" m="44619" /><G5/><T88/><D32/><U27/><E75/><V40/><F127/><W128/><G2/><T95/><D123/><U62/><E12/><V107/><F107/><W130/><G85/><N who="0" m="50223" /><D60/><U45/><E45/><V36/><F100/><W102/><G23/><T120/><D120/><U98/><E98/><V71/><F71/><W13/><G13/><N who="0" m="7487" /><D30/><U73/><E73/><V8/><F25/><W16/><G16/><T109/><D109/><U111/><E111/><V43/><F43/><W10/><G10/><T26/><D51/><U33/><E33/><V135/><F74/><W6/><G102/><T83/><D83/><U67/><E78/><V35/><F35/><W56/><G6/><T125/><D125/><U46/><E87/><V118/><F118/><W63/><G110/><T57/><D57/><U64/><E64/><V65/><F79/><W126/><G126/><T108/><D108/><U129/><E129/><N who="3" m="49770" /><G58/><T37/><D37/><U106/><E106/><V34/><F34/><W21/><G21/><T84/><D84/><U59/><E20/><V122/><F8/><W39/><G41/><AGARI ba="0,0" hai="19,22,26,41,42,95,99,103" m="7487,50223" machi="41" ten="30,2000,0" yaku="8,1,54,1" doraHai="48" who="0" fromWho="3" sc="245,20,202,0,336,0,217,-20" /><INIT seed="6,0,0,0,5,76" ten="265,202,336,197" oya="2" hai0="72,91,113,81,125,48,129,62,57,103,56,23,64" hai1="44,100,19,66,1,133,45,77,9,73,2,34,134" hai2="13,119,122,82,36,70,102,88,11,118,25,85,5" hai3="99,127,116,87,89,52,27,111,108,67,17,6,41"/><V83/><F36/><W28/><G116/><T46/><D113/><U35/><E66/><V40/><F122/><W109/><G41/><T128/><D103/><U78/><E100/><V38/><F70/><W58/><G67/><T120/><D120/><U90/><E90/><V7/><F102/><W84/><G127/><T135/><D125/><U18/><REACH who="1" step="1"/><E9/><REACH who="1" ten="265,192,336,197" step="2"/><V55/><F119/><W94/><G6/><T8/><D8/><U69/><E69/><V53/><F118/><W105/><G105/><T4/><D4/><U43/><E43/><V126/><F7/><W71/><G71/><T16/><D135/><U107/><E107/><V21/><F126/><W30/><G30/><T121/><D121/><U131/><E131/><V95/><F40/><W10/><G10/><T110/><D110/><U49/><E49/><V47/><F38/><W29/><G29/><T104/><D104/><U54/><E54/><N who="2" m="20491" /><F47/><W79/><G79/><N who="0" m="44263" /><D91/><U24/><E24/><V123/><F123/><W15/><G15/><N who="0" m="9631" /><D64/><U33/><E33/><V63/><F63/><W74/><G74/><AGARI ba="0,1" hai="1,2,18,19,34,35,44,45,73,74,77,78,133,134" machi="74" ten="25,8000,1" yaku="1,1,22,2,53,2" doraHai="76" doraHaiUra="14" who="1" fromWho="3" sc="265,0,192,90,336,0,197,-80" /><INIT seed="7,0,0,5,3,103" ten="265,282,336,117" oya="3" hai0="90,89,52,63,13,8,121,129,55,86,84,119,98" hai1="117,85,0,68,53,97,43,38,29,37,111,40,24" hai2="10,81,135,104,122,116,93,33,92,94,76,69,14" hai3="45,28,95,61,130,105,60,74,96,83,115,75,107"/><W5/><G28/><T91/><D121/><U133/><E0/><V113/><F116/><W58/><G5/><T25/><D119/><U16/><E117/><V48/><F33/><W100/><G45/><T44/><D129/><U17/><E133/><V9/><F69/><W109/><G58/><T54/><D25/><U41/><E68/><V3/><F135/><W32/><G32/><T46/><D98/><U21/><E111/><V120/><F113/><W2/><G2/><T35/><D35/><U73/><E73/><V49/><F104/><N who="3" m="40011" /><G109/><T79/><D63/><N who="3" m="24137" /><G83/><T66/><D66/><U51/><E38/><V126/><F3/><W42/><G42/><T124/><D124/><U64/><E37/><V99/><F126/><W72/><G100/><T39/><D39/><U36/><E36/><V62/><F122/><W88/><G115/><T77/><D8/><U110/><E110/><V6/><F10/><W71/><G71/><T102/><D102/><U123/><E123/><V118/><F120/><W82/><G82/><T18/><D18/><U70/><E70/><V47/><F118/><W125/><G125/><T108/><D13/><U78/><E64/><V127/><F127/><W87/><G96/><T4/><D4/><U134/><E97/><V23/><F99/><W56/><G56/><T132/><D108/><U19/><E134/><V106/><F106/><W1/><G1/><T67/><D132/><U30/><E30/><V80/><F47/><N who="0" m="17962" /><D67/><U31/><E31/><V11/><F11/><W112/><G112/><T27/><D27/><U131/><E131/><V114/><F114/><RYUUKYOKU ba="0,0" sc="265,15,282,-15,336,-15,117,15" hai0="52,54,55,77,79,84,86,89,90,91" hai3="72,74,75,87,88,95,130" /><INIT seed="7,1,0,1,4,8" ten="280,267,321,132" oya="3" hai0="53,4,41,104,125,14,52,22,107,100,113,114,23" hai1="98,85,132,74,120,5,16,44,134,122,18,89,59" hai2="102,81,71,119,10,26,135,101,66,73,63,129,109" hai3="58,32,121,48,133,79,13,84,28,11,112,38,130"/><W97/><G38/><T105/><D41/><U128/><E74/><V47/><F109/><W94/><G121/><N who="1" m="46698" /><E5/><V116/><F135/><N who="1" m="51753" /><E128/><V36/><F129/><W42/><G133/><T111/><D111/><U96/><E59/><V27/><F116/><W25/><G130/><T123/><D123/><U37/><E44/><V103/><F119/><W30/><G112/><N who="0" m="43115" /><D125/><U91/><E37/><V61/><F73/><W70/><G70/><T90/><D100/><U7/><E7/><V39/><F81/><N who="3" m="47167" /><G32/><T88/><D4/><U83/><E91/><N who="0" m="34857" /><D14/><U0/><E0/><V68/><F10/><W43/><G25/><T45/><D45/><U78/><E78/><V3/><F3/><W127/><G127/><T51/><D51/><U106/><E106/><N who="0" m="27137" /><T56/><DORA hai="72" /><D56/><U117/><E117/><V15/><F47/><N who="3" m="25719" /><G43/><T40/><D40/><U21/><E18/><V1/><F1/><W126/><G126/><T31/><D31/><U24/><AGARI ba="1,0" hai="16,21,24,83,85,89,96,98" m="51753,46698" machi="24" ten="30,2000,0" yaku="20,1,54,1" doraHai="8,72" who="1" fromWho="1" sc="280,-6,267,23,321,-6,132,-11" owari="274,-13.0,290,9.0,315,42.0,121,-38.0" /></mjloggm>