<mjloggm ver="2.3"><GO type="97" lobby="0"/><UN n0="%E9%9D%92%E5%B5%90%E3%81%AE%E4%B8%80%E5%85%83" n1="%E3%83%88%E3%83%88%E3%83%AA%E5%85%88%E7%94%9F%31%39%E6%AD%B3" n2="%62%69%68%75" n3="%4E%69%76%75" dan="15,14,14,15" rate="2024.68,2035.04,1877.43,1989.77" sx="M,F,M,M"/><TAIKYOKU oya="0"/><INIT seed="0,0,0,2,4,124" ten="250,250,250,250" oya="0" hai0="4,103,64,128,132,76,85,52,95,2,63,13,44" hai1="42,17,117,130,30,39,68,9,1,83,125,37,21" hai2="56,114,40,131,102,91,19,74,120,6,61,118,106" hai3="126,59,113,24,88,11,47,87,54,98,29,14,43"/><T49/><D2/><U75/><E117/><V67/><F114/><W119/><G113/><T10/><D132/><U96/><E68/><V26/><F120/><W112/><G112/><T104/><D104/><U73/><E125/><V121/><F121/><W31/><G126/><T100/><D128/><U111/><E111/><V34/><F118/><W69/><G69/><T99/><D76/><U101/><E30/><V28/><F74/><W71/><G71/><T129/><D129/><U5/><E130/><V50/><F131/><W15/><G98/><T0/><D85/><U135/><E135/><V84/><F6/><W33/><G31/><T51/><D51/><U116/><E116/><V20/><F106/><W41/><G119/><T7/><D0/><U60/><E60/><V77/><F102/><W57/><G57/><N who="0" m="36975" /><D4/><U27/><E42/><V89/><F50/><W79/><G79/><T72/><D72/><U80/><E75/><V3/><F40/><W12/><G11/><T36/><D36/><U78/><REACH who="1" step="1"/><E83/><REACH who="1" ten="250,240,250,250" step="2"/><V108/><F108/><W22/><G41/><T115/><D115/><U92/><AGARI ba="0,1" hai="1,5,9,17,21,27,37,39,73,78,80,92,96,101" machi="92" ten="20,5200,0" yaku="1,1,2,1,0,1,7,1,53,0" doraHai="124" doraHaiUra="123" who="1" fromWho="1" sc="250,-26,240,62,250,-13,250,-13" /><INIT seed="1,0,0,0,3,127" ten="224,302,237,237" oya="1" hai0="112,6,25,48,113,132,125,130,97,14,121,57,8" hai1="20,89,46,45,90,80,28,27,9,61,17,78,10" hai2="49,77,95,50,23,131,22,40,71,109,33,60,41" hai3="64,37,135,134,43,128,51,74,123,108,105,0,92"/><U16/><E61/><V129/><F33/><W88/><G105/><T2/><D125/><U118/><E118/><V31/><F109/><W126/><G0/><T36/><D36/><U106/><E106/><V47/><F77/><W116/><G126/><T34/><D121/><U101/><E101/><V103/><F71/><W68/><G123/><T67/><D97/><U79/><E28/><V96/><F60/><N who="3" m="39943" /><G74/><T3/><D48/><U98/><E98/><V72/><F72/><W35/><G35/><T44/><D57/><U52/><E46/><V54/><F54/><W120/><G120/><T114/><D44/><U110/><E110/><V26/><REACH who="2" step="1"/><F22/><REACH who="2" ten="224,302,227,237" step="2"/><W32/><G108/><T107/><D67/><U42/><E52/><V39/><F39/><W124/><G32/><T15/><D132/><N who="3" m="50729" /><G37/><T100/><D112/><U63/><E63/><V55/><F55/><W104/><G124/><T84/><D114/><U117/><E78/><V69/><F69/><W122/><G122/><T81/><D113/><U62/><E62/><V65/><F65/><W59/><G116/><T111/><D34/><U115/><E117/><V85/><F85/><W94/><G43/><T12/><D84/><N who="1" m="48159" /><E115/><V29/><F29/><W82/><G59/><T87/><D111/><U133/><E133/><V86/><F86/><N who="3" m="50263" /><G51/><T93/><D87/><U1/><E42/><V7/><F7/><W75/><G75/><T56/><D6/><N who="1" m="1231" /><E45/><AGARI ba="0,1" hai="23,26,31,40,41,45,47,49,50,95,96,103,129,131" machi="45" ten="40,8000,1" yaku="1,1,9,1,52,2,53,1" doraHai="127" doraHaiUra="99" who="2" fromWho="1" sc="224,0,302,-80,227,90,237,0" /><INIT seed="2,0,0,0,0,90" ten="224,222,317,237" oya="2" hai0="6,125,35,121,129,98,24,21,124,50,33,47,115" hai1="91,3,34,111,54,128,135,28,30,94,22,116,76" hai2="97,12,45,107,72,36,64,27,105,67,61,75,11" hai3="13,66,55,82,104,52,95,48,118,20,79,25,2"/><V78/><F27/><W109/><G2/><T53/><D121/><U43/><E116/><V131/><F131/><W40/><G104/><T4/><D115/><U17/><E3/><V15/><F45/><W70/><G118/><T88/><D129/><U77/><E128/><V112/><F112/><W59/><G70/><T113/><D113/><U42/><E111/><V37/><F11/><W83/><G109/><T114/><D114/><U14/><E135/><V103/><F78/><N who="1" m="30313" /><E34/><V132/><F132/><W80/><G13/><T108/><D35/><U123/><E54/><V10/><F10/><W29/><G40/><N who="1" m="15402" /><E123/><V58/><F58/><N who="3" m="33031" /><G66/><T62/><D33/><U134/><E134/><V74/><F74/><W56/><G79/><T96/><D108/><U85/><AGARI ba="0,0" hai="14,17,22,28,30,85,91,94" m="15402,30313" machi="85" ten="30,2000,0" yaku="8,1,52,1" doraHai="90" who="1" fromWho="1" sc="224,-5,222,20,317,-10,237,-5" /><INIT seed="3,0,0,4,5,116" ten="219,242,307,232" oya="3" hai0="58,104,20,59,15,3,55,133,108,70,100,38,37" hai1="106,9,121,93,123,67,13,117,122,62,86,102,65" hai2="87,2,97,103,118,24,135,112,82,19,77,56,126" hai3="8,41,74,114,130,115,57,85,5,101,4,28,75"/><W11/><G101/><T81/><D3/><U111/><E117/><V29/><F118/><W0/><G41/><T23/><D70/><U79/><E111/><V35/><F112/><N who="3" m="43051" /><G57/><T131/><D108/><U71/><E106/><V76/><F135/><W69/><G69/><T92/><D104/><U124/><E124/><V94/><F126/><W48/><G48/><T39/><D133/><U66/><E79/><V49/><F2/><N who="3" m="23" /><G85/><T46/><D131/><U14/><E14/><V80/><F19/><W42/><G42/><T53/><D81/><U1/><E1/><V64/><F82/><W72/><G28/><T18/><D46/><U120/><N who="1" m="30720" /><DORA hai="78" /><U30/><E30/><V132/><F132/><W110/><G110/><T128/><D128/><AGARI ba="0,0" hai="0,5,11,72,74,75,128,130" m="23,43051" machi="128" ten="40,2000,0" yaku="23,1" doraHai="116,78" who="3" fromWho="0" sc="219,-20,242,0,307,0,232,20" /><INIT seed="3,1,0,3,1,36" ten="199,242,307,252" oya="3" hai0="47,83,58,91,61,15,132,133,123,95,119,14,126" hai1="35,67,43,112,33,111,4,7,106,34,89,98,64" hai2="82,6,79,23,26,88,13,80,104,96,2,48,76" hai3="108,10,28,105,117,120,39,5,78,32,8,17,24"/><W121/><G105/><T40/><D123/><N who="3" m="47177" /><G78/><N who="2" m="29737" /><F2/><N who="3" m="55" /><G39/><T57/><D119/><U27/><E111/><V54/><F104/><W62/><G62/><T72/><D83/><U114/><E27/><V22/><F22/><W31/><G117/><T124/><D72/><U55/><E55/><V93/><F13/><N who="3" m="7351" /><G28/><T60/><D95/><U19/><E67/><V3/><F3/><W118/><G118/><T84/><D84/><U77/><E64/><V103/><F6/><W128/><G128/><T37/><D91/><U109/><E7/><V107/><F107/><W131/><G131/><T18/><D37/><U97/><E4/><V134/><F134/><W29/><G29/><T110/><D47/><U75/><E106/><V129/><F103/><W9/><G9/><T71/><D71/><U69/><E69/><V42/><F42/><W0/><G0/><T46/><D46/><U86/><E43/><V115/><F115/><W20/><G108/><T30/><D110/><U113/><E109/><V63/><F63/><W70/><G70/><T100/><D100/><U65/><E65/><V87/><F129/><W102/><G102/><T51/><D30/><U101/><E101/><V99/><F99/><N who="1" m="37897" /><E75/><V16/><F96/><W1/><G1/><T53/><D40/><U74/><E74/><V135/><F135/><W90/><G90/><T116/><D116/><U127/><E77/><V59/><AGARI ba="1,0" hai="16,23,26,48,54,59,80,82,87,88,93" m="29737" machi="59" ten="30,4000,0" yaku="8,1,54,2" doraHai="36" who="2" fromWho="2" sc="199,-11,242,-11,307,43,252,-21" owari="188,-31.0,231,3.0,350,45.0,231,-17.0" /></mjloggm>