<mjloggm ver="2.3"><GO type="225" lobby="0"/><UN n0="%E3%82%A8%E3%83%83%E3%83%95%E3%82%A7%E3%83%AB%E5%A1%94" n1="%E3%83%88%E3%83%88%E3%83%AA%E5%85%88%E7%94%9F%31%39%E6%AD%B3" n2="%E3%83%A9%E3%83%A0%E3%83%80%E3%81%95%E3%82%93" n3="%E5%85%88%E2%99%80%E7%94%9F" dan="16,18,16,16" rate="2176.33,2268.91,2126.13,2159.44" sx="M,F,M,F"/><TAIKYOKU oya="0"/><INIT seed="0,0,0,5,3,105" ten="250,250,250,250" oya="0" hai0="96,14,110,41,107,12,116,68,118,39,51,132,122" hai1="21,133,78,48,123,90,80,108,47,5,95,85,9" hai2="18,15,24,32,112,33,92,86,135,67,30,56,10" hai3="44,54,13,73,88,74,75,25,126,64,100,128,2"/><T113/><D51/><U20/><E108/><V53/><F112/><W45/><G2/><T7/><D7/><U55/><E133/><V8/><F135/><W81/><G126/><T130/><D14/><U0/><REACH who="1" step="1"/><E123/><REACH who="1" ten="250,240,250,250" step="2"/><V101/><F32/><W117/><G117/><T72/><D116/><U38/><E38/><V131/><F33/><W65/><G128/><T77/><D110/><U43/><E43/><V36/><F131/><W109/><G109/><T121/><D41/><U62/><E62/><V103/><F36/><W26/><G100/><T120/><D120/><U60/><E60/><V83/><F67/><W79/><G65/><T134/><D132/><U28/><E28/><V31/><F30/><W49/><G64/><T3/><D39/><U37/><E37/><V102/><F31/><W69/><G69/><T35/><D134/><U98/><AGARI ba="0,1" hai="0,5,9,20,21,47,48,55,78,80,85,90,95,98" machi="98" ten="20,2700,0" yaku="1,1,0,1,7,1,53,0" doraHai="105" doraHaiUra="125" who="1" fromWho="1" sc="250,-13,240,37,250,-7,250,-7" /><INIT seed="1,0,0,1,1,0" ten="237,277,243,243" oya="1" hai0="108,99,75,106,96,102,3,121,68,83,72,127,42" hai1="56,125,44,61,57,23,98,40,133,111,38,34,29" hai2="11,73,86,46,115,1,123,84,77,81,41,107,13" hai3="90,24,126,94,76,62,48,104,9,128,49,113,74"/><U22/><E133/><V79/><F123/><W116/><G113/><T8/><D42/><U101/><E125/><V100/><F115/><W114/><G114/><T110/><D68/><U93/><E111/><V7/><F79/><W97/><G126/><T59/><D59/><U20/><E56/><V63/><F63/><W53/><G128/><T43/><D127/><U26/><REACH who="1" step="1"/><E34/><REACH who="1" ten="237,267,243,243" step="2"/><V120/><F120/><W65/><G116/><T45/><D121/><U51/><E51/><V14/><F107/><W31/><G104/><T88/><D110/><U50/><E50/><V25/><F100/><W60/><G49/><T70/><D108/><U122/><E122/><V28/><F86/><W4/><G48/><T39/><D70/><U67/><AGARI ba="0,1" hai="20,22,23,26,29,38,40,44,57,61,67,93,98,101" machi="67" ten="20,18000,2" yaku="1,1,0,1,7,1,25,2,53,1" doraHai="0" doraHaiUra="89" who="1" fromWho="1" sc="237,-60,267,190,243,-60,243,-60" /><INIT seed="1,1,0,4,5,13" ten="177,457,183,183" oya="1" hai0="51,45,46,3,85,78,89,130,105,8,124,117,25" hai1="36,102,93,28,71,40,119,53,2,107,20,18,54" hai2="135,64,7,115,11,118,61,15,127,125,41,91,77" hai3="120,90,79,32,63,134,50,48,39,122,22,9,75"/><U34/><E119/><V126/><F118/><W67/><G32/><T49/><D105/><U57/><E71/><V21/><F135/><W70/><G39/><T47/><D117/><U88/><E2/><V30/><F115/><W98/><G134/><T14/><D3/><U131/><E131/><V52/><F41/><W23/><G9/><T128/><D78/><U87/><E57/><V129/><F129/><N who="0" m="49770" /><D25/><U104/><E28/><V83/><F91/><W99/><G122/><T5/><D124/><U84/><E34/><V86/><F30/><W103/><G120/><T97/><D97/><U100/><E87/><V56/><REACH who="2" step="1"/><F21/><REACH who="2" ten="177,457,173,183" step="2"/><W58/><G22/><T82/><AGARI ba="1,1" hai="5,8,14,45,46,47,49,51,82,85,89" m="49770" machi="82" ten="30,1100,0" yaku="19,1" doraHai="13" who="0" fromWho="0" sc="177,24,457,-6,173,-4,183,-4" /><INIT seed="2,0,0,0,5,10" ten="201,451,169,179" oya="2" hai0="109,40,56,95,4,20,29,18,72,24,85,116,82" hai1="80,58,50,51,53,133,28,67,134,60,122,74,34" hai2="45,92,7,15,32,91,112,9,37,6,71,83,88" hai3="115,102,46,90,70,111,69,121,78,41,125,93,3"/><V94/><F112/><W124/><G121/><T135/><D72/><U13/><E122/><V75/><F32/><W43/><G3/><T97/><D109/><U54/><E13/><V107/><F107/><W123/><G123/><T126/><D4/><U103/><E103/><V11/><F71/><W33/><G33/><T96/><D40/><U77/><E28/><V2/><F94/><W31/><G31/><T42/><D42/><N who="3" m="15881" /><G46/><T5/><D5/><U12/><E34/><V63/><F37/><W44/><G44/><T130/><D56/><U104/><E104/><V105/><F105/><W110/><G102/><T114/><D95/><U99/><E99/><V57/><F45/><W14/><G78/><T81/><D114/><U113/><E113/><V65/><REACH who="2" step="1"/><F92/><REACH who="2" ten="201,451,159,179" step="2"/><W1/><G115/><T118/><D118/><U129/><E58/><V117/><F117/><W52/><G70/><T26/><D116/><U100/><E100/><V49/><F49/><W131/><G69/><T79/><D97/><U21/><E51/><V23/><F23/><W27/><G93/><T59/><D96/><U61/><E50/><V8/><F8/><W38/><G38/><T68/><D68/><U119/><E21/><V76/><AGARI ba="0,1" hai="2,6,7,9,11,15,57,63,65,75,76,83,88,91" machi="76" ten="30,11700,0" yaku="1,1,0,1,52,1,54,1,53,0" doraHai="10" doraHaiUra="127" who="2" fromWho="2" sc="201,-39,451,-39,159,127,179,-39" /><INIT seed="2,1,0,1,5,16" ten="162,412,286,140" oya="2" hai0="68,30,8,65,93,107,73,24,104,27,96,98,102" hai1="124,131,42,81,58,25,117,31,115,13,112,130,1" hai2="37,10,50,39,35,26,101,40,6,100,129,33,71" hai3="113,92,103,60,21,14,79,20,70,3,63,36,45"/><V62/><F129/><N who="1" m="49161" /><E1/><V121/><F121/><W108/><G3/><T95/><D73/><U87/><E117/><V29/><F35/><W116/><G116/><T76/><D76/><N who="1" m="46503" /><E124/><V134/><F50/><W119/><G119/><T120/><D120/><U128/><E128/><V56/><F71/><W51/><G36/><T49/><D49/><U66/><E42/><V97/><F134/><W123/><G123/><T47/><D47/><U4/><E4/><V118/><F118/><W74/><G108/><T94/><D8/><U9/><E66/><V5/><F40/><N who="3" m="24999" /><G70/><T23/><D65/><U0/><E58/><V89/><F89/><W67/><G74/><T54/><D68/><U122/><E0/><V90/><F90/><W17/><G113/><T32/><D54/><U34/><E122/><V78/><F78/><W127/><G127/><T46/><D46/><U105/><E105/><V125/><F125/><W80/><G67/><T106/><REACH who="0" step="1"/><D102/><REACH who="0" ten="152,412,286,140" step="2"/><U135/><E135/><V48/><F48/><W59/><G59/><T12/><D12/><U110/><E110/><V53/><F101/><W43/><G43/><T86/><D86/><U18/><AGARI ba="1,1" hai="9,13,18,25,31,34,112,115" m="46503,49161" machi="18" ten="30,1100,0" yaku="19,1" doraHai="16" who="1" fromWho="1" sc="152,-4,412,24,286,-6,140,-4" /><INIT seed="3,0,0,3,0,76" ten="148,436,280,136" oya="3" hai0="18,10,45,24,82,52,65,114,83,62,101,89,106" hai1="36,43,99,67,30,26,119,104,81,16,32,88,127" hai2="47,56,44,87,94,50,108,42,48,84,21,25,59" hai3="111,133,46,11,102,37,19,85,132,60,17,29,86"/><W123/><G123/><T0/><D114/><U70/><E119/><V51/><F108/><W31/><G111/><T96/><D0/><U134/><E134/><N who="3" m="51818" /><G102/><T71/><D89/><U23/><E127/><V103/><F103/><W9/><G60/><T72/><D72/><U77/><E43/><N who="2" m="24607" /><F94/><W109/><G109/><T116/><D116/><U131/><E131/><V2/><F2/><W55/><G37/><T100/><D100/><N who="1" m="62495" /><E88/><V112/><F112/><W8/><G46/><T74/><D74/><U69/><E36/><V53/><F59/><W73/><G73/><T107/><D107/><U63/><E70/><V12/><F12/><W110/><G110/><T118/><D118/><U33/><E33/><V3/><F3/><W128/><G128/><T38/><D38/><U61/><E61/><V121/><F121/><W6/><G6/><T28/><D18/><AGARI ba="0,0" hai="18,21,25,42,47,50,51,53,56,84,87" m="24607" machi="18" ten="30,1000,0" yaku="8,1" doraHai="76" who="2" fromWho="0" sc="148,-10,436,0,280,10,136,0" owari="138,-26.0,436,53.0,290,9.0,136,-36.0" /></mjloggm>