<mjloggm ver="2.3"><GO type="97" lobby="0"/><UN n0="%6D%61%73%6B%65%64" n1="%50%53%52%EF%BC%A0%E5%B7%9D%E6%9D%91%E8%BB%8D%E5%9B%A3" n2="%53%65%61%73%65%72" n3="%E3%83%88%E3%83%88%E3%83%AA%E5%85%88%E7%94%9F%31%39%E6%AD%B3" dan="16,15,14,15" rate="2056.35,1968.08,1958.74,2056.72" sx="F,M,M,F"/><TAIKYOKU oya="0"/><INIT seed="0,0,0,1,1,11" ten="250,250,250,250" oya="0" hai0="107,89,132,53,82,12,55,34,10,76,32,16,100" hai1="115,74,110,120,65,14,33,116,8,83,30,106,119" hai2="127,23,94,126,71,52,79,77,21,36,105,103,29" hai3="46,17,125,68,73,64,128,104,58,91,130,15,66"/><T113/><BYE who="2" /><D113/><U123/><E106/><V19/><F19/><W43/><G104/><T88/><D132/><UN n2="%53%65%61%73%65%72" /><U35/><E65/><V39/><F71/><W80/><G125/><N who="2" m="47625" /><F105/><W22/><G68/><T13/><D107/><U63/><E63/><V28/><F103/><W67/><G58/><T49/><D100/><U122/><E83/><V61/><F94/><W75/><G91/><N who="0" m="34891" /><D34/><N who="1" m="12811" /><E74/><V69/><F69/><W114/><G114/><T48/><D32/><U96/><E96/><V18/><F79/><W95/><G95/><T121/><D121/><U102/><E102/><V59/><F77/><W101/><G101/><T41/><D13/><U44/><E115/><V131/><F131/><N who="3" m="50219" /><G80/><T50/><D41/><U86/><E30/><N who="2" m="11883" /><F23/><W118/><G118/><T1/><D1/><U112/><E112/><V62/><F62/><W111/><G111/><T56/><D56/><U135/><E110/><V45/><F45/><W57/><G57/><T92/><D92/><U31/><E119/><V38/><F38/><AGARI ba="0,0" hai="15,17,22,38,43,46,64,66,67,73,75" m="50219" machi="38" ten="30,2000,0" yaku="19,1,52,1" doraHai="11" who="3" fromWho="2" sc="250,0,250,0,250,-20,250,20" /><INIT seed="1,0,0,1,2,27" ten="250,250,230,270" oya="1" hai0="22,12,81,47,75,134,0,91,117,35,127,19,44" hai1="50,26,21,123,132,32,113,36,7,33,5,72,109" hai2="43,41,120,129,49,66,96,18,20,53,28,119,63" hai3="62,84,89,42,130,98,73,69,67,29,15,48,128"/><U16/><E36/><V57/><F120/><W52/><G73/><T9/><D117/><U102/><E72/><V135/><F119/><W8/><G42/><T2/><D35/><N who="1" m="13387" /><E102/><V122/><F135/><W76/><G76/><T78/><D134/><U115/><E50/><V88/><F129/><N who="3" m="49771" /><G98/><T4/><D0/><U103/><E103/><V125/><F122/><W13/><G8/><T93/><D127/><U114/><E132/><V61/><F125/><W116/><G29/><T99/><AGARI ba="0,0" hai="2,4,9,12,19,22,44,47,75,78,81,91,93,99" machi="99" ten="20,1500,0" yaku="0,1,7,1" doraHai="27" who="0" fromWho="0" sc="250,15,250,-7,230,-4,270,-4" /><INIT seed="2,0,0,2,4,129" ten="265,243,226,266" oya="2" hai0="86,100,17,88,82,109,99,125,135,107,68,74,10" hai1="43,106,73,127,122,84,108,54,61,116,98,130,104" hai2="41,114,20,117,16,44,63,58,23,36,83,55,76" hai3="69,3,118,19,4,131,38,87,133,24,35,40,21"/><V78/><F117/><W113/><G118/><T97/><D68/><U5/><E73/><V91/><F114/><W49/><G38/><T72/><D10/><U6/><E116/><V30/><F30/><W79/><G113/><T115/><D17/><U22/><E43/><V39/><F39/><W26/><G69/><T75/><D115/><U12/><E130/><V71/><F71/><W56/><G131/><T47/><D47/><U14/><E84/><V126/><F126/><W66/><G66/><T110/><D125/><U51/><E61/><V89/><F23/><W124/><G124/><T121/><D121/><U105/><E127/><V95/><F83/><W92/><G4/><T11/><D11/><U103/><E122/><V33/><F33/><W120/><G3/><T0/><D0/><U102/><E108/><N who="0" m="41577" /><D99/><U52/><E105/><V8/><F8/><W119/><G120/><T64/><D64/><U59/><E98/><V81/><F81/><W53/><G40/><T37/><D37/><U7/><E7/><V70/><F70/><W94/><G119/><T45/><D45/><U93/><E104/><V65/><F65/><W9/><G9/><T101/><D101/><U25/><E106/><V42/><F42/><W67/><G67/><T34/><D34/><U96/><E103/><V80/><F80/><N who="3" m="47519" /><G92/><T134/><AGARI ba="0,0" hai="72,74,75,82,86,88,97,100,107,134,135" m="41577" machi="134" ten="40,12000,2" yaku="14,1,34,2,52,2,54,1" doraHai="129" who="0" fromWho="0" sc="265,120,243,-30,226,-60,266,-30" /><INIT seed="3,0,0,5,1,25" ten="385,213,166,236" oya="3" hai0="13,86,75,26,133,1,120,82,93,40,123,73,68" hai1="46,33,41,4,39,126,62,18,27,7,134,118,131" hai2="34,14,124,128,48,38,51,99,87,102,81,103,122" hai3="5,92,59,57,28,56,16,63,0,72,35,104,66"/><W79/><G104/><T45/><D1/><U43/><E43/><V24/><F38/><W70/><G0/><T55/><D68/><U77/><E77/><V67/><F67/><W74/><G5/><T23/><D13/><U61/><E126/><V112/><F112/><W52/><G79/><T64/><D64/><U42/><E42/><V121/><F124/><W130/><G130/><T119/><D119/><U91/><E131/><V90/><F128/><W58/><G92/><T95/><D95/><U84/><E118/><V54/><F14/><W100/><G100/><T109/><D55/><U32/><E134/><V113/><F113/><W127/><G127/><T10/><D10/><U36/><E36/><V65/><F65/><W71/><G71/><T132/><D93/><U135/><E135/><N who="0" m="51785" /><D75/><U110/><E110/><V107/><F103/><W12/><G28/><N who="0" m="17503" /><D73/><U116/><E116/><V53/><F53/><W30/><G30/><T9/><D9/><U85/><E4/><V80/><F80/><W89/><G35/><T125/><D109/><U15/><E7/><V49/><REACH who="2" step="1"/><F54/><REACH who="2" ten="385,213,156,236" step="2"/><W101/><G101/><T37/><D125/><U129/><E129/><V29/><AGARI ba="0,1" hai="24,29,34,48,49,51,81,87,90,99,102,107,121,122" machi="29" ten="30,8000,1" yaku="1,1,2,1,0,1,52,1,53,1" doraHai="25" doraHaiUra="31" who="2" fromWho="2" sc="385,-20,213,-20,156,90,236,-40" owari="365,46.0,193,-31.0,246,5.0,196,-20.0" /></mjloggm>