<mjloggm ver="2.3"><GO type="169" lobby="0"/><UN n0="%4C%53%E9%99%BD" n1="%E3%82%A6%E3%83%AB%E3%83%88%E3%83%A9%E7%AB%8B%E7%9B%B4" n2="%E7%89%8C%E7%A5%9E" n3="%E3%82%84%E3%81%BE%E3%83%BC%E3%82%93" dan="16,17,16,17" rate="2038.15,2140.20,2062.31,2177.98" sx="M,M,M,M"/><TAIKYOKU oya="0"/><INIT seed="0,0,0,5,0,28" ten="250,250,250,250" oya="0" hai0="117,82,130,76,8,86,133,65,24,3,40,125,103" hai1="54,70,7,77,80,83,116,121,128,10,14,62,109" hai2="79,113,87,6,18,19,51,48,108,118,134,57,61" hai3="15,34,25,131,36,58,1,11,23,102,75,33,29"/><T123/><D123/><U78/><E116/><V73/><F73/><W44/><G75/><T124/><D117/><U115/><E121/><V106/><F106/><W4/><G102/><T88/><D130/><U41/><E128/><V16/><F113/><W9/><G131/><T92/><D133/><U90/><E109/><V114/><F114/><W111/><G111/><T71/><D40/><U21/><E41/><V107/><F107/><W120/><G120/><T98/><D24/><U101/><E101/><V56/><F118/><W63/><G44/><T68/><D8/><U22/><E90/><V17/><F6/><W12/><G36/><T66/><D3/><U104/><E104/><V67/><F134/><W5/><REACH who="3" step="1"/><G1/><REACH who="3" ten="250,250,250,240" step="2"/><T126/><REACH who="0" step="1"/><D103/><REACH who="0" ten="240,250,250,240" step="2"/><U50/><E115/><V46/><F108/><W30/><G30/><T85/><D85/><U81/><E10/><V112/><F112/><W135/><G135/><T99/><D99/><U20/><E14/><V97/><F97/><W13/><G13/><T95/><D95/><U64/><REACH who="1" step="1"/><E7/><REACH who="1" ten="240,240,250,240" step="2"/><V45/><F87/><W91/><G91/><T110/><D110/><U93/><E93/><V49/><N who="2" m="4096" /><DORA hai="2" /><V96/><F96/><W32/><G32/><T35/><D35/><U39/><E39/><V37/><F37/><W84/><G84/><T105/><D105/><U119/><E119/><V59/><REACH who="2" step="1"/><F79/><REACH who="2" ten="240,240,240,240" step="2"/><RYUUKYOKU type="reach4" ba="0,4" sc="240,0,240,0,240,0,240,0" hai0="65,66,68,71,76,82,86,88,92,98,124,125,126" hai1="20,21,22,50,54,62,64,70,77,78,80,81,83" hai2="45,46,48,49,51,56,57,59,61,67" hai3="4,5,9,11,12,15,23,25,29,33,34,58,63" /><INIT seed="0,1,4,2,1,62" ten="240,240,240,240" oya="0" hai0="93,64,40,98,43,87,82,48,45,54,114,49,127" hai1="90,56,83,24,31,81,105,96,7,101,47,72,89" hai2="86,85,134,77,119,124,68,55,58,118,71,104,97" hai3="80,4,135,34,29,50,25,116,14,51,18,0,1"/><T84/><D114/><U117/><E117/><N who="2" m="44555" /><F124/><W74/><G116/><T100/><D127/><U32/><E7/><V37/><F37/><W122/><G122/><T123/><D123/><U115/><E115/><V73/><F134/><W66/><G135/><T126/><D126/><U36/><E56/><V41/><F41/><W39/><G39/><T38/><D38/><U19/><E19/><V21/><F73/><W17/><G66/><T20/><D64/><U107/><E107/><V6/><F6/><W8/><G0/><T88/><D49/><U111/><E111/><V132/><F21/><N who="3" m="11447" /><G18/><T9/><D9/><U99/><E99/><V27/><F27/><W70/><G70/><N who="2" m="26665" /><F77/><AGARI ba="1,4" hai="1,4,8,25,29,34,50,51,74,77,80" m="11447" machi="77" ten="30,1000,0" yaku="24,1" doraHai="62" who="3" fromWho="2" sc="240,0,240,0,240,-13,240,53" /><INIT seed="1,0,0,0,3,7" ten="240,240,227,293" oya="1" hai0="76,40,34,79,83,105,74,20,2,51,24,93,10" hai1="81,35,134,59,127,46,45,37,22,103,96,68,78" hai2="62,80,28,90,32,100,112,18,47,86,6,33,87" hai3="121,114,27,125,106,52,133,88,84,1,26,123,66"/><U94/><E68/><V63/><F112/><W48/><G114/><T122/><D105/><U108/><E35/><V41/><F100/><W101/><G1/><T118/><D34/><U135/><E127/><V60/><F28/><W30/><G125/><T111/><D118/><U5/><E108/><V12/><F6/><W31/><G66/><T39/><D122/><U95/><E95/><V56/><F87/><W120/><G101/><T107/><D107/><U97/><E97/><V131/><F131/><W49/><G106/><T71/><D71/><U0/><E59/><V11/><REACH who="2" step="1"/><F56/><REACH who="2" ten="240,240,217,293" step="2"/><W14/><G121/><T50/><D111/><U57/><E57/><V17/><F17/><W64/><G123/><T104/><D74/><U3/><E5/><V115/><F115/><W67/><G120/><T55/><D104/><U38/><E134/><V29/><F29/><W43/><G133/><T15/><D76/><U19/><E135/><V130/><F130/><W9/><G30/><T16/><D79/><U116/><E116/><V91/><F91/><W128/><G31/><T124/><D16/><U8/><E19/><V117/><F117/><W21/><G84/><T73/><D73/><U69/><E78/><V25/><F25/><W70/><G26/><T126/><D24/><U44/><E69/><V109/><F109/><W102/><G27/><T65/><D124/><U53/><E103/><V119/><F119/><W23/><G70/><T54/><D126/><U89/><E89/><V58/><F58/><W85/><G128/><T129/><D129/><U113/><E113/><V132/><F132/><RYUUKYOKU ba="0,1" sc="240,-10,240,-10,217,30,293,-10" hai2="11,12,18,32,33,41,47,60,62,63,80,86,90" /><INIT seed="2,1,1,5,1,100" ten="230,230,247,283" oya="2" hai0="12,10,133,74,82,116,109,8,65,15,2,127,101" hai1="72,117,86,93,104,94,7,3,108,71,69,125,68" hai2="130,111,49,99,118,26,121,54,66,23,27,57,56" hai3="32,103,120,5,29,42,114,85,91,19,52,128,95"/><V47/><F118/><W50/><G120/><T115/><D109/><U44/><E86/><V58/><F121/><W14/><G5/><T31/><D115/><U60/><E94/><V122/><F122/><W113/><G128/><T35/><D101/><U79/><E93/><V110/><F130/><W134/><G134/><T73/><D65/><U45/><E45/><V41/><F99/><W102/><G29/><T88/><D88/><U98/><E108/><N who="2" m="41515" /><F66/><W39/><G42/><T17/><D82/><N who="1" m="45415" /><E44/><N who="2" m="27943" /><F23/><N who="3" m="11767" /><G32/><T83/><D116/><U36/><E117/><V76/><F76/><W63/><G63/><T75/><D75/><U4/><E60/><V96/><F96/><W105/><G39/><AGARI ba="1,1" hai="26,27,39,41,47,56,57,58" m="27943,41515" machi="39" ten="30,2900,0" yaku="14,1,10,1" doraHai="100" who="2" fromWho="3" sc="230,0,230,0,247,42,283,-32" /><INIT seed="2,2,0,0,5,104" ten="230,230,289,251" oya="2" hai0="90,102,125,131,83,72,28,132,129,84,113,29,16" hai1="118,106,37,94,126,99,68,33,50,123,47,55,66" hai2="8,108,107,127,1,19,67,24,100,0,5,85,65" hai3="3,59,61,40,80,124,2,105,64,101,95,20,115"/><V120/><F120/><W69/><G124/><T110/><D113/><U9/><E33/><V7/><F127/><W45/><G80/><T122/><D122/><U91/><E118/><V22/><F108/><W78/><G78/><N who="0" m="44487" /><D102/><U35/><E35/><V15/><F85/><W31/><G105/><T49/><D125/><U14/><E126/><V133/><F133/><W44/><G69/><T82/><D132/><U74/><E74/><V111/><F111/><W87/><G87/><T38/><D38/><U53/><E37/><V134/><F134/><W27/><G115/><T86/><D86/><U57/><E106/><V75/><F75/><W56/><G56/><T34/><D34/><U71/><E66/><V42/><F42/><W89/><G89/><T58/><D16/><U77/><E77/><V62/><F7/><W114/><G114/><T109/><D109/><U48/><REACH who="1" step="1"/><E123/><REACH who="1" ten="230,220,289,251" step="2"/><V121/><F121/><W93/><G64/><T4/><D110/><U73/><E73/><V54/><F67/><W98/><G3/><T32/><D32/><U116/><E116/><V17/><F65/><W6/><G2/><T76/><D76/><U23/><E23/><V25/><F1/><W18/><G20/><T13/><D129/><U88/><E88/><V60/><F0/><W119/><G119/><T43/><D131/><U128/><E128/><V79/><F79/><W10/><G101/><T51/><D90/><U117/><E117/><V36/><F100/><W130/><G130/><T112/><D112/><U52/><E52/><V97/><F107/><W103/><G103/><T92/><D43/><RYUUKYOKU ba="2,1" sc="230,-10,220,30,289,-10,251,-10" hai1="9,14,47,48,50,53,55,57,68,71,91,94,99" /><INIT seed="3,3,1,3,1,10" ten="220,250,279,241" oya="3" hai0="61,130,107,65,63,24,20,71,99,30,32,89,108" hai1="42,125,22,120,31,82,119,76,84,79,9,104,110" hai2="111,85,0,39,95,52,93,134,67,72,116,36,35" hai3="27,6,3,81,98,34,129,133,14,26,90,70,33"/><W64/><G3/><T75/><D108/><U83/><E104/><V77/><F35/><W51/><G34/><T58/><D130/><U53/><E120/><V45/><F0/><W25/><G129/><T113/><D113/><U47/><E110/><V29/><F29/><W121/><G121/><T43/><D43/><U73/><E125/><V78/><F72/><W2/><G2/><T109/><D109/><U118/><E53/><V40/><F67/><W100/><G33/><T28/><D75/><U86/><E73/><V94/><F39/><W21/><G70/><T102/><D89/><U46/><E9/><V37/><F37/><W12/><G64/><T5/><D5/><U132/><E132/><V124/><F134/><W13/><G6/><T114/><D114/><U128/><E128/><V49/><F116/><N who="1" m="44585" /><E42/><V96/><F124/><W123/><G123/><T44/><D44/><U55/><E55/><V16/><F111/><W59/><G133/><T105/><D105/><U112/><E112/><V69/><F40/><W11/><G11/><T8/><D8/><U115/><E115/><V4/><F36/><W106/><G59/><T127/><D127/><U19/><E31/><V15/><F69/><W103/><G51/><T80/><D28/><U57/><E57/><V68/><F68/><W23/><REACH who="3" step="1"/><G103/><REACH who="3" ten="220,250,279,231" step="2"/><T56/><D56/><U87/><E46/><V131/><F131/><W54/><G54/><N who="0" m="34007" /><D32/><U91/><E47/><V101/><F4/><W41/><G41/><T66/><D65/><U74/><E91/><V117/><F117/><W18/><G18/><T48/><D48/><RYUUKYOKU ba="3,2" sc="220,10,250,10,279,-30,231,10" hai0="20,24,30,63,66,71,80,99,102,107" hai1="19,22,74,76,79,82,83,84,86,87" hai3="12,13,14,21,23,25,26,27,81,90,98,100,106" /><INIT seed="3,4,2,1,1,127" ten="230,260,249,241" oya="3" hai0="119,39,69,73,106,11,37,117,128,55,116,75,71" hai1="26,7,17,9,115,82,121,86,10,30,114,91,97" hai2="132,22,96,130,84,21,77,63,126,14,59,20,34" hai3="58,5,103,67,27,33,111,124,13,62,133,95,31"/><W94/><G124/><T57/><D11/><U104/><E121/><V48/><F126/><W0/><G133/><T123/><D57/><U41/><E41/><V105/><F34/><W125/><G125/><T65/><D55/><U61/><E17/><V89/><F132/><W120/><G120/><T25/><D25/><U112/><E61/><V122/><F77/><W98/><G111/><T2/><D2/><U90/><E7/><V35/><F35/><W56/><G0/><T24/><D24/><U8/><E104/><V46/><F14/><W93/><REACH who="3" step="1"/><G58/><REACH who="3" ten="230,260,249,231" step="2"/><T99/><D123/><U80/><E114/><V101/><F59/><W81/><G81/><T4/><D117/><U74/><E115/><V85/><F122/><W44/><G44/><T3/><D116/><U66/><E82/><V12/><F46/><W32/><G32/><T79/><D3/><U68/><E80/><V83/><F83/><W1/><G1/><T108/><D119/><U72/><E112/><V52/><F12/><W49/><G49/><T16/><D108/><U100/><E74/><V134/><F48/><W40/><G40/><T23/><D75/><U60/><E72/><V131/><F134/><W53/><G53/><T76/><D73/><U51/><E51/><V107/><F52/><W43/><G43/><T28/><D37/><U47/><E47/><V118/><F118/><W70/><G70/><T87/><D39/><U36/><E36/><V88/><F63/><W109/><G109/><T6/><D71/><U38/><E68/><V18/><F105/><W45/><G45/><T78/><D69/><RYUUKYOKU ba="4,3" sc="230,-10,260,-10,249,-10,231,30" hai3="5,13,27,31,33,56,62,67,93,94,95,98,103" /><INIT seed="3,5,3,1,3,63" ten="220,250,239,261" oya="3" hai0="3,16,116,97,112,1,71,84,99,130,46,50,43" hai1="73,23,42,52,34,77,101,32,66,10,59,6,86" hai2="21,72,126,74,11,68,33,37,106,22,41,0,12" hai3="53,31,58,124,105,114,87,62,104,133,128,36,9"/><W127/><G114/><T108/><D116/><U95/><E73/><V91/><F126/><N who="3" m="48171" /><G36/><T44/><D71/><U60/><E42/><V92/><F106/><W135/><G31/><T119/><D119/><U64/><E32/><V82/><F33/><W25/><G25/><T29/><D29/><U56/><E34/><V129/><F129/><W76/><G9/><T8/><D112/><U123/><E123/><V15/><F0/><W47/><G47/><T13/><D130/><U69/><E69/><V45/><F68/><W121/><G121/><T85/><D108/><U67/><E23/><V78/><F74/><W110/><G110/><T65/><D1/><U28/><E28/><V109/><F109/><W125/><G128/><T38/><D3/><U132/><E132/><N who="3" m="50762" /><G125/><T5/><D8/><U40/><E10/><V39/><F39/><W55/><G55/><T14/><D38/><U20/><E20/><V54/><F54/><W57/><G57/><T100/><D44/><U115/><E40/><V89/><F21/><W17/><G17/><T122/><D16/><U131/><E131/><V117/><F117/><W83/><AGARI ba="5,3" hai="53,58,62,76,83,87,104,105" m="50762,48171" machi="83" ten="40,3900,0" yaku="18,1,20,1" doraHai="63" who="3" fromWho="3" sc="220,-18,250,-18,239,-18,261,84" /><INIT seed="3,6,0,1,0,79" ten="202,232,221,345" oya="3" hai0="47,88,29,104,72,20,45,120,98,8,14,117,70" hai1="100,57,110,28,123,48,131,30,55,86,35,128,25" hai2="133,89,36,121,34,22,52,13,114,73,26,43,37" hai3="85,91,81,105,132,69,60,113,92,50,125,126,11"/><W111/><G69/><T4/><D117/><U90/><E123/><V103/><F121/><W0/><G113/><T108/><D120/><U7/><E110/><V106/><F114/><W99/><G60/><T83/><D108/><U95/><E7/><V15/><F133/><W116/><G111/><T9/><D70/><U134/><E134/><V19/><F73/><W119/><G132/><T5/><D72/><U16/><E30/><V53/><F103/><N who="3" m="62719" /><G50/><T135/><D104/><U127/><E127/><N who="3" m="48650" /><G11/><T6/><D135/><U102/><REACH who="1" step="1"/><E16/><REACH who="1" ten="202,222,221,345" step="2"/><V82/><F19/><W118/><G0/><T12/><D29/><U93/><E93/><AGARI ba="6,1" hai="81,85,91,92,93,116,118,119" m="48650,62719" machi="93" ten="40,12000,1" yaku="18,1,34,2,52,1" doraHai="79" who="3" fromWho="1" sc="202,0,222,-138,221,0,345,148" /><INIT seed="3,7,0,1,0,110" ten="202,84,221,493" oya="3" hai0="126,73,81,83,102,37,106,30,60,123,20,8,47" hai1="82,21,25,2,14,90,72,64,33,12,35,130,68" hai2="128,6,134,53,32,22,103,96,5,66,114,26,94" hai3="58,131,54,109,15,42,28,34,0,4,80,116,115"/><W50/><G115/><T41/><D123/><U3/><E64/><V27/><F114/><W132/><G132/><T1/><D126/><U91/><E68/><V59/><F66/><W78/><G0/><N who="1" m="42" /><E91/><V92/><F134/><W39/><G28/><T117/><D60/><U43/><E90/><V56/><F32/><N who="1" m="12361" /><E82/><V95/><F59/><W76/><G34/><T55/><D83/><U124/><E43/><V88/><F94/><W113/><G113/><T89/><D81/><U127/><E72/><V51/><F95/><W84/><G78/><T118/><D89/><U77/><E77/><V16/><F103/><W52/><G42/><T70/><D41/><U108/><E108/><V18/><F56/><W46/><G39/><T29/><D102/><U125/><E130/><V100/><F100/><W23/><G131/><T120/><D73/><U24/><E24/><V87/><F87/><W11/><G109/><T93/><D70/><U111/><E111/><V7/><F128/><W65/><G65/><T122/><D55/><U31/><AGARI ba="7,0" hai="12,14,21,25,31,124,125,127" m="12361,42" machi="31" ten="40,5200,0" yaku="18,1,34,2" doraHai="110" who="1" fromWho="1" sc="202,-20,84,73,221,-20,493,-33" /><INIT seed="4,0,0,0,5,123" ten="182,157,201,460" oya="0" hai0="10,126,42,72,38,0,135,39,11,1,32,34,108" hai1="23,128,89,46,122,25,6,77,15,133,121,130,119" hai2="60,116,91,103,113,101,109,53,31,16,129,100,14" hai3="12,8,87,125,115,97,33,13,81,118,107,65,45"/><T55/><D126/><U36/><E77/><V78/><F109/><W117/><G33/><T22/><D135/><U47/><E89/><V5/><F113/><W79/><G65/><T40/><D55/><U111/><E36/><V43/><F129/><N who="1" m="49769" /><E47/><V29/><F5/><W88/><G115/><T3/><D22/><U27/><E46/><V67/><F116/><W92/><G125/><T95/><D95/><U24/><E119/><V134/><F134/><W49/><G13/><T99/><D99/><U106/><E106/><V37/><F37/><N who="0" m="13834" /><D108/><U84/><E84/><V35/><F78/><W30/><G30/><T59/><D59/><U63/><E63/><V2/><F43/><N who="0" m="16426" /><D72/><U44/><E44/><V66/><F100/><W69/><G117/><T64/><D64/><U54/><E54/><V114/><F53/><W127/><G118/><T105/><D105/><U58/><E58/><V7/><F103/><W102/><G127/><T73/><D73/><U48/><E48/><V85/><F101/><W17/><G79/><T124/><D124/><U56/><E56/><V50/><F50/><W110/><G110/><T132/><D132/><U57/><E133/><V80/><F66/><W71/><G107/><T51/><D51/><U74/><E74/><V93/><F67/><W9/><G9/><AGARI ba="0,0" hai="0,1,3,9,10,11,32,34" m="16426,13834" machi="9" ten="40,3900,0" yaku="28,2" doraHai="123" who="0" fromWho="3" sc="182,39,157,0,201,0,460,-39" /><INIT seed="4,1,0,2,5,41" ten="221,157,201,421" oya="0" hai0="2,36,90,62,127,17,80,77,21,12,70,89,39" hai1="106,5,92,23,9,22,74,101,107,13,53,29,19" hai2="35,81,120,97,24,65,72,94,123,54,49,100,102" hai3="1,109,85,134,40,20,129,84,10,87,133,46,28"/><T48/><D2/><U112/><E74/><V57/><F100/><W105/><G105/><T26/><D127/><U115/><E29/><V125/><F125/><W15/><G109/><T119/><D119/><U82/><E82/><V6/><F6/><W124/><G124/><T33/><D39/><U47/><E92/><V42/><F65/><W126/><G126/><T95/><D36/><U91/><E91/><V98/><F98/><W78/><G1/><T69/><D48/><N who="1" m="28831" /><E101/><V121/><F42/><W114/><G20/><N who="1" m="7722" /><E5/><V73/><REACH who="2" step="1"/><F81/><REACH who="2" ten="221,157,191,421" step="2"/><N who="3" m="47159" /><G40/><T59/><D80/><U27/><E27/><V122/><N who="2" m="30720" /><DORA hai="99" /><V135/><F135/><W110/><G133/><T55/><D26/><U14/><E14/><V108/><F108/><W131/><G15/><T117/><D12/><U132/><E132/><V111/><F111/><W79/><G134/><T25/><D25/><U64/><E64/><V31/><AGARI ba="1,1" hai="24,31,35,49,54,57,72,73,94,97,102" m="30720" machi="31" ten="60,8000,1" yaku="1,1,0,1,52,1,53,2" doraHai="41,99" doraHaiUra="104,66" who="2" fromWho="2" sc="221,-41,157,-21,191,93,421,-21" /><INIT seed="5,0,0,4,2,66" ten="180,136,284,400" oya="1" hai0="29,112,131,47,67,50,12,41,106,57,38,99,80" hai1="83,6,118,54,88,100,89,87,13,4,36,86,77" hai2="17,73,49,63,69,35,22,3,84,78,5,15,58" hai3="23,20,64,119,43,72,65,116,10,70,108,18,11"/><U39/><E118/><V0/><F73/><W126/><G72/><T133/><D29/><U122/><E122/><V82/><F35/><W81/><G81/><T34/><D34/><U16/><E100/><V44/><F69/><W60/><G65/><T53/><D80/><U8/><E54/><V111/><F5/><W14/><G108/><T110/><D110/><U125/><E125/><V134/><F134/><W91/><G126/><T97/><D133/><U61/><E61/><V123/><F123/><W132/><G132/><T51/><D106/><U26/><E26/><V95/><F95/><W48/><G91/><T129/><D112/><U40/><E77/><V117/><F117/><N who="3" m="45131" /><G20/><T114/><D114/><U135/><E135/><V42/><F111/><W75/><G75/><T104/><D67/><AGARI ba="0,0" hai="0,3,15,17,22,42,44,49,58,63,67,78,82,84" machi="67" ten="30,1000,0" yaku="7,1" doraHai="66" who="2" fromWho="0" sc="180,-10,136,0,284,10,400,0" /><INIT seed="6,0,0,5,5,111" ten="170,136,294,400" oya="2" hai0="13,20,108,23,51,2,6,11,16,79,99,19,28" hai1="75,59,70,14,65,15,133,36,105,32,87,60,114" hai2="17,120,68,22,46,84,62,103,35,52,39,44,117" hai3="31,88,45,27,61,83,101,80,76,33,66,107,124"/><V18/><F35/><W8/><G124/><T131/><D79/><U24/><E75/><V94/><F117/><W7/><G45/><T89/><D108/><U116/><E36/><V55/><F120/><W92/><G101/><T25/><D51/><U118/><E133/><V86/><F68/><W40/><G40/><T47/><D47/><U91/><E70/><V58/><F39/><W132/><G76/><T50/><D50/><U21/><E105/><V30/><F30/><W0/><G107/><T71/><D71/><U93/><E32/><V41/><F41/><W67/><G67/><T63/><D63/><U126/><E126/><V104/><F104/><W64/><G64/><T73/><D73/><U113/><E118/><V1/><F1/><W90/><G90/><T3/><D89/><U127/><E127/><V26/><F17/><N who="0" m="6730" /><D99/><U98/><E87/><N who="2" m="33323" /><F55/><W9/><G80/><T122/><D131/><U96/><E96/><AGARI ba="0,0" hai="18,22,26,44,46,52,58,62,94,96,103" m="33323" machi="96" ten="30,2900,0" yaku="8,1,54,1" doraHai="111" who="2" fromWho="1" sc="170,0,136,-29,294,29,400,0" /><INIT seed="6,1,0,5,5,24" ten="170,107,323,400" oya="2" hai0="128,134,54,104,22,117,15,63,116,77,33,106,61" hai1="94,113,108,6,17,70,78,88,5,129,19,87,30" hai2="26,12,59,31,69,91,9,56,10,44,49,4,67" hai3="43,38,98,51,135,119,66,25,92,35,95,86,83"/><V11/><F69/><W126/><G119/><N who="0" m="45643" /><D33/><U118/><E118/><V74/><F74/><W37/><G37/><T2/><D2/><U50/><E70/><V52/><F91/><W101/><G38/><T27/><D77/><U110/><E113/><V84/><F84/><W0/><G0/><T109/><D109/><U21/><E129/><V68/><F68/><W28/><G126/><T103/><D134/><U80/><E110/><V112/><F112/><W18/><G66/><T120/><D120/><U23/><E108/><V55/><F67/><W42/><G18/><T89/><D89/><U32/><E50/><V121/><F121/><W65/><G51/><T131/><D15/><U133/><E133/><V8/><REACH who="2" step="1"/><F55/><REACH who="2" ten="170,107,313,400" step="2"/><W76/><G135/><T20/><D54/><U79/><E88/><V48/><F48/><W46/><G65/><T102/><D128/><U47/><E79/><V93/><F93/><W111/><G111/><T73/><D73/><U85/><E94/><V58/><F58/><W127/><G127/><T7/><D131/><U60/><E78/><V130/><F130/><W64/><G64/><T90/><D90/><U97/><E85/><V14/><F14/><W132/><G132/><T114/><D114/><U53/><E87/><V122/><F122/><W29/><G92/><T96/><D106/><U81/><E53/><V34/><AGARI ba="1,1" hai="4,8,9,10,11,12,26,31,34,44,49,52,56,59" machi="34" ten="30,11700,0" yaku="1,1,0,1,52,1,54,1,53,0" doraHai="24" doraHaiUra="123" who="2" fromWho="2" sc="170,-40,107,-40,313,130,400,-40" /><INIT seed="6,2,0,1,4,77" ten="130,67,443,360" oya="2" hai0="17,10,72,87,115,135,31,81,66,74,69,63,20" hai1="119,121,2,21,95,58,114,45,130,62,89,97,60" hai2="129,117,126,70,0,37,112,3,93,125,107,110,36" hai3="90,11,55,19,64,68,38,108,83,54,13,26,43"/><V109/><F107/><W123/><G123/><T8/><D135/><U134/><E119/><V29/><F93/><W5/><G108/><T103/><D103/><U46/><E2/><V122/><F29/><W96/><G64/><T51/><D115/><U76/><E121/><V30/><F30/><W25/><G68/><T105/><D105/><U50/><E130/><V33/><F110/><W80/><G43/><T100/><D100/><U7/><E7/><V132/><F125/><W12/><G38/><T40/><D31/><U85/><E134/><V61/><F61/><W56/><G96/><T42/><D72/><U128/><E128/><V124/><F3/><W41/><G41/><T92/><D92/><U16/><E114/><V24/><F24/><N who="3" m="9323" /><G90/><T23/><D74/><U101/><E76/><V111/><F111/><W52/><G56/><T73/><D73/><U39/><E39/><V133/><F133/><W106/><G106/><T65/><D65/><U84/><E46/><V91/><F91/><W82/><G80/><T118/><D118/><U27/><E101/><V75/><F124/><W35/><G35/><T88/><D42/><N who="1" m="24887" /><E62/><V22/><F37/><W67/><G67/><T78/><D78/><U18/><E18/><V59/><F126/><W99/><G99/><T4/><D17/><U98/><E98/><V48/><F122/><W15/><G15/><T6/><D6/><U53/><AGARI ba="2,0" hai="16,21,27,53,58,60,84,85,89,95,97" m="24887" machi="53" ten="30,4000,0" yaku="25,1,8,1,54,1" doraHai="77" who="1" fromWho="1" sc="130,-12,67,46,443,-22,360,-12" /><INIT seed="7,0,0,2,3,44" ten="118,113,421,348" oya="3" hai0="69,98,20,7,33,60,0,67,135,113,133,105,123" hai1="62,48,40,85,2,110,3,99,58,101,66,61,64" hai2="90,87,79,39,23,129,97,32,28,57,36,12,116" hai3="15,35,18,70,127,106,56,13,8,78,94,42,63"/><W19/><G106/><T41/><D33/><U88/><E110/><V111/><F111/><W124/><G70/><T109/><D123/><U89/><E48/><V21/><F32/><W1/><G1/><T126/><D109/><U96/><E40/><V51/><F97/><W27/><G42/><T92/><D41/><U50/><E50/><V104/><F79/><W54/><G78/><T100/><D20/><U86/><E58/><V16/><F104/><W65/><G65/><T59/><D126/><U134/><E134/><N who="0" m="51209" /><D113/><U68/><E68/><V55/><F129/><W84/><G27/><T130/><D130/><U72/><E72/><V83/><F116/><W114/><G35/><T117/><D117/><U4/><E4/><V132/><F132/><W128/><G114/><T47/><D47/><U71/><E71/><V95/><F83/><W73/><G73/><T121/><D121/><U103/><AGARI ba="0,0" hai="2,3,61,62,64,66,85,86,88,89,96,99,101,103" machi="103" ten="25,6400,0" yaku="0,1,22,2,54,1" doraHai="44" who="1" fromWho="1" sc="118,-16,113,64,421,-16,348,-32" owari="102,-40.0,177,-22.0,405,50.0,316,12.0" /></mjloggm>