<mjloggm ver="2.3"><GO type="169" lobby="0"/><UN n0="%E3%82%A6%E3%83%AB%E3%83%88%E3%83%A9%E7%AB%8B%E7%9B%B4" n1="%E5%AE%8C%E5%85%A8%E6%84%9F%E8%A6%9A%44" n2="%E3%83%99%E3%82%BF%E3%82%AA%E3%83%AA%E3%82%B9%E3%82%AF" n3="%74%61%6B%65%74%6F%6D%69" dan="18,16,17,16" rate="2192.64,2093.18,2211.33,2106.66" sx="M,M,M,M"/><TAIKYOKU oya="0"/><INIT seed="0,0,0,0,5,113" ten="250,250,250,250" oya="0" hai0="62,4,129,54,23,47,63,100,122,74,135,124,16" hai1="131,17,92,87,21,58,73,2,116,55,39,115,107" hai2="37,75,52,105,32,40,104,103,27,34,5,98,111" hai3="60,110,127,80,78,96,43,128,31,81,50,24,46"/><T99/><D122/><U41/><E107/><V25/><F104/><W119/><G127/><T9/><D124/><U120/><E73/><V48/><F75/><W56/><G110/><T33/><D33/><U95/><E2/><V67/><F67/><W84/><G128/><T13/><D74/><U38/><E120/><V101/><F101/><W0/><G0/><T6/><D129/><U1/><E131/><V85/><F5/><W102/><G81/><T59/><D135/><U117/><E115/><V133/><F111/><W51/><G119/><T10/><D47/><U91/><E1/><V30/><F40/><W26/><G50/><T93/><D63/><U76/><E95/><V71/><F71/><W14/><G14/><T11/><AGARI ba="0,0" hai="4,6,9,10,11,13,16,23,54,59,62,93,99,100" machi="11" ten="30,6000,0" yaku="0,1,8,1,54,1" doraHai="113" who="0" fromWho="0" sc="250,60,250,-20,250,-20,250,-20" /><INIT seed="0,1,0,0,5,64" ten="310,230,230,230" oya="0" hai0="118,107,27,41,84,104,17,12,123,39,103,9,79" hai1="54,68,57,126,36,90,20,7,88,73,76,105,56" hai2="121,120,124,24,130,35,46,109,91,15,71,40,111" hai3="65,50,102,82,85,127,119,51,59,129,6,97,30"/><T32/><D123/><U45/><E105/><V117/><F15/><W69/><G119/><T99/><D118/><U43/><E68/><V77/><F117/><W63/><G129/><T14/><D107/><U62/><E126/><V94/><F77/><W52/><G127/><T70/><D70/><U96/><E7/><V23/><F35/><W110/><G6/><T108/><D108/><N who="2" m="41546" /><F71/><W74/><G74/><T133/><D133/><U48/><E20/><V31/><F130/><W114/><G110/><T72/><D14/><U67/><REACH who="1" step="1"/><E96/><REACH who="1" ten="310,220,230,230" step="2"/><N who="2" m="57439" /><F124/><W33/><G114/><T116/><D116/><U60/><E60/><V135/><F135/><W58/><G33/><T87/><D32/><U3/><E3/><V95/><F95/><W93/><G30/><T92/><D104/><U66/><E66/><V125/><F125/><W132/><G132/><T86/><D92/><U0/><E0/><V1/><F1/><W101/><G102/><T100/><D103/><U81/><AGARI ba="1,1" hai="36,43,45,48,54,56,57,62,67,73,76,81,88,90" machi="81" ten="30,4000,0" yaku="1,1,0,1,54,1,53,0" doraHai="64" doraHaiUra="80" who="1" fromWho="1" sc="310,-21,220,53,230,-11,230,-11" /><INIT seed="1,0,0,1,4,55" ten="289,273,219,219" oya="1" hai0="5,16,37,121,82,39,64,111,23,127,96,109,13" hai1="101,46,135,35,50,79,78,108,52,47,97,65,3" hai2="69,110,63,124,32,81,59,12,45,77,58,95,38" hai3="75,128,72,9,56,80,131,53,40,34,119,28,103"/><U132/><E3/><V67/><F32/><W19/><G40/><T105/><D127/><U1/><E1/><V15/><F110/><N who="0" m="41994" /><D121/><U54/><E108/><V120/><F120/><W76/><G103/><N who="0" m="62695" /><D64/><U92/><E35/><V104/><F104/><W115/><G115/><T117/><D117/><U14/><E65/><V89/><F124/><W74/><G119/><T18/><D5/><U31/><E31/><V98/><F45/><W113/><G113/><T36/><D18/><U2/><E14/><V10/><F38/><W33/><G33/><T123/><D123/><U85/><E2/><V126/><F126/><W43/><G43/><T118/><D118/><U7/><E7/><V134/><F134/><N who="1" m="51241" /><E85/><V11/><F15/><W44/><G44/><T60/><D60/><U125/><E125/><V61/><F12/><N who="3" m="7567" /><G28/><T17/><D17/><U73/><E73/><V102/><F69/><W6/><G34/><T114/><D114/><U62/><E62/><V29/><F29/><W129/><G6/><T130/><D130/><U66/><E66/><N who="2" m="39223" /><F102/><W21/><G21/><T94/><D23/><U71/><E71/><V48/><F48/><AGARI ba="0,0" hai="48,53,56,72,74,75,76,80,128,129,131" m="7567" machi="48" ten="30,2000,0" yaku="19,1,52,1" doraHai="55" who="3" fromWho="2" sc="289,0,273,0,219,-20,219,20" /><AGARI ba="0,0" hai="46,47,48,50,52,54,78,79,92,97,101" m="51241" machi="48" ten="30,2900,0" yaku="20,1,54,1" doraHai="55" who="1" fromWho="2" sc="289,0,273,29,199,-29,239,0" /><INIT seed="1,1,0,4,0,80" ten="289,302,170,239" oya="1" hai0="51,126,109,38,42,84,7,48,33,40,63,68,18" hai1="96,73,118,77,133,22,88,122,66,57,94,28,43" hai2="129,102,11,87,86,50,113,103,60,14,16,114,107" hai3="61,95,26,97,69,81,111,100,5,62,99,108,20"/><U41/><E118/><V79/><F129/><W45/><G5/><T123/><D33/><U117/><E117/><V89/><F107/><W39/><G97/><T85/><D38/><U127/><E122/><V36/><F36/><W53/><G69/><T71/><D7/><U34/><E34/><V64/><F50/><N who="0" m="18986" /><D123/><U13/><E127/><V58/><F79/><W110/><G53/><T15/><D126/><U116/><E116/><V55/><F55/><W128/><G128/><T10/><D109/><U106/><E133/><V91/><F91/><W121/><G121/><T54/><D68/><U125/><E125/><V47/><F47/><W19/><REACH who="3" step="1"/><G81/><REACH who="3" ten="289,302,170,229" step="2"/><T24/><D71/><U65/><E96/><V49/><F114/><W112/><G112/><T92/><D92/><U82/><E94/><V135/><F113/><W30/><G30/><T2/><D2/><U90/><E106/><V67/><F135/><W37/><G37/><T75/><D54/><U35/><E28/><V6/><F49/><W59/><G59/><T115/><D115/><U134/><E134/><V131/><F131/><W31/><G31/><T56/><D56/><U76/><E57/><N who="2" m="36879" /><F6/><W72/><G72/><T27/><D75/><U8/><E73/><V17/><F17/><W9/><G9/><T44/><D63/><U21/><E8/><V52/><F67/><W1/><G1/><T3/><D3/><U101/><E66/><V23/><F11/><W105/><G105/><T130/><D130/><U98/><E65/><V74/><F74/><W120/><G120/><T104/><D104/><U119/><E119/><RYUUKYOKU ba="1,1" sc="289,-10,302,-10,170,-10,229,30" hai3="19,20,26,39,45,61,62,95,99,100,108,110,111" /><INIT seed="2,2,1,3,1,125" ten="279,292,160,259" oya="2" hai0="6,61,69,46,63,14,18,94,101,38,15,119,37" hai1="34,62,88,51,93,67,23,66,39,73,65,107,120" hai2="52,21,11,49,26,115,130,54,126,74,123,28,134" hai3="98,121,99,16,25,59,24,19,127,33,135,108,89"/><V7/><F115/><W116/><G127/><T111/><D111/><U17/><E34/><V72/><F126/><W132/><G33/><T40/><D69/><U84/><E39/><V77/><F123/><W20/><G108/><T30/><D38/><U129/><E107/><V36/><F36/><W97/><G116/><T75/><D75/><U60/><E73/><V58/><F134/><W80/><G121/><T9/><D119/><U104/><E104/><V71/><F71/><W90/><G59/><T13/><D30/><U55/><E129/><V122/><F122/><W79/><G79/><T70/><D70/><U35/><E35/><V100/><F100/><W5/><G5/><T27/><D27/><N who="1" m="14831" /><E120/><V128/><F54/><W131/><G131/><N who="2" m="50217" /><F77/><W10/><G135/><T112/><D101/><U44/><AGARI ba="2,1" hai="44,51,55,60,62,65,66,67,84,88,93" m="14831" machi="44" ten="30,2000,0" yaku="8,1,54,1" doraHai="125" who="1" fromWho="1" sc="279,-7,292,36,160,-12,259,-7" /><INIT seed="3,0,0,4,1,128" ten="272,328,148,252" oya="3" hai0="33,77,45,67,43,32,14,23,16,79,35,81,78" hai1="115,134,29,126,123,39,131,125,21,63,54,62,22" hai2="99,116,7,0,41,94,25,135,118,100,111,92,105" hai3="48,71,85,64,50,31,84,83,1,38,12,117,8"/><W98/><G117/><T73/><REACH who="0" step="1"/><D67/><REACH who="0" ten="262,328,148,252" step="2"/><U101/><E125/><V133/><F118/><W124/><G124/><T26/><D26/><U69/><E126/><V93/><F116/><W17/><G38/><AGARI ba="0,1" hai="14,16,23,32,33,35,38,43,45,73,77,78,79,81" machi="38" ten="40,8000,1" yaku="21,2,54,1,53,1" doraHai="128" doraHaiUra="37" who="0" fromWho="3" sc="262,90,328,0,148,0,252,-80" /><INIT seed="4,0,0,0,4,27" ten="352,328,148,172" oya="0" hai0="51,73,6,110,120,117,7,105,101,50,45,61,16" hai1="2,1,49,80,85,57,59,122,15,55,103,97,74" hai2="8,112,98,25,10,114,75,82,53,90,28,66,70" hai3="32,30,77,92,128,36,132,134,84,19,71,91,121"/><T54/><D120/><U111/><E74/><V64/><F53/><W35/><G71/><T3/><D117/><U39/><E39/><V9/><F70/><W12/><G36/><T56/><D110/><U83/><E111/><V22/><F98/><W48/><G121/><T115/><D115/><N who="2" m="44074" /><F90/><W76/><G128/><T133/><D133/><U67/><E122/><V135/><F135/><N who="3" m="51755" /><G35/><T38/><D73/><U13/><E2/><V78/><AGARI ba="0,0" hai="8,9,10,22,25,28,64,66,75,78,82" m="44074" machi="78" ten="40,2700,0" yaku="15,1,52,1" doraHai="27" who="2" fromWho="2" sc="352,-13,328,-7,148,27,172,-7" /><INIT seed="5,0,0,1,5,44" ten="339,321,175,165" oya="1" hai0="70,102,2,71,1,130,131,82,33,48,50,18,110" hai1="122,117,42,59,83,72,116,45,103,39,31,87,24" hai2="132,100,73,101,127,104,92,66,8,133,95,26,107" hai3="115,129,32,7,30,17,65,134,97,9,20,78,58"/><U51/><E122/><V67/><F73/><W94/><G129/><N who="0" m="49163" /><D33/><U79/><E103/><N who="2" m="39499" /><F26/><W38/><G38/><T54/><D102/><U96/><E96/><V11/><F127/><W3/><G97/><T40/><D82/><U34/><REACH who="1" step="1"/><E72/><REACH who="1" ten="339,311,175,165" step="2"/><V120/><F120/><W4/><G134/><T75/><D75/><U61/><E61/><V118/><F133/><W36/><G115/><T25/><D110/><U52/><AGARI ba="0,1" hai="24,31,34,39,42,45,51,52,59,79,83,87,116,117" machi="52" ten="30,12000,1" yaku="1,1,0,1,52,1,54,1,53,1" doraHai="44" doraHaiUra="81" who="1" fromWho="1" sc="339,-40,311,130,175,-40,165,-40" /><INIT seed="5,1,0,5,5,105" ten="299,441,135,125" oya="1" hai0="28,61,87,119,118,86,81,75,73,63,19,78,38" hai1="41,69,95,91,54,117,6,62,53,103,85,111,7" hai2="80,13,116,60,10,24,120,1,0,106,59,98,108" hai3="51,113,121,104,135,123,89,43,31,88,55,93,50"/><U4/><E41/><V67/><F108/><W47/><G104/><T56/><D28/><U9/><E117/><V58/><F120/><W33/><G113/><T74/><D38/><U77/><E77/><V46/><F116/><W101/><G135/><T96/><D96/><U5/><E103/><V32/><F46/><W124/><G124/><T102/><D102/><U71/><E111/><V12/><F106/><W11/><G101/><T83/><D19/><U64/><REACH who="1" step="1"/><E71/><REACH who="1" ten="299,431,135,125" step="2"/><V29/><F1/><AGARI ba="1,1" hai="1,4,5,6,7,9,53,54,62,64,69,85,91,95" machi="1" ten="40,3900,0" yaku="1,1,2,1,53,0" doraHai="105" doraHaiUra="52" who="1" fromWho="2" sc="299,0,431,52,135,-42,125,0" /><INIT seed="5,2,0,2,2,24" ten="299,483,93,125" oya="1" hai0="88,119,10,64,108,111,117,61,20,19,40,2,109" hai1="65,14,16,39,89,112,129,133,134,113,37,12,69" hai2="81,126,120,125,127,6,93,1,71,124,70,66,123" hai3="100,26,0,128,54,29,115,101,99,43,67,104,47"/><U79/><E129/><V49/><N who="2" m="31744" /><DORA hai="35" /><V75/><F93/><W38/><G115/><N who="1" m="44106" /><E79/><N who="2" m="44287" /><F49/><W63/><G101/><T132/><D88/><U11/><E89/><V34/><F34/><W58/><G128/><T30/><D64/><U45/><E45/><V56/><F56/><W3/><REACH who="3" step="1"/><G67/><REACH who="3" ten="299,483,93,115" step="2"/><T74/><D111/><U116/><E65/><V22/><F66/><W15/><G15/><T48/><D109/><U121/><E14/><V122/><F22/><AGARI ba="2,1" hai="0,3,22,26,29,38,43,47,54,58,63,99,100,104" machi="22" ten="30,12000,2" yaku="1,1,7,1,52,3,53,1" doraHai="24,35" doraHaiUra="96,7" who="3" fromWho="2" sc="299,0,483,0,93,-126,115,136" owari="299,10.0,483,58.0,-33,-53.0,251,-15.0" /></mjloggm>