<mjloggm ver="2.3"><GO type="97" lobby="0"/><UN n0="%E3%83%8B%E3%82%A6%E3%83%91%E3%83%AB%52" n1="%72%6B%73%74%37%38" n2="%E5%B0%B1%E6%B4%BB%E7%94%9F%40%E5%B7%9D%E6%9D%91%E8%BB%8D%E5%9B%A3" n3="%41%4C%42%32%30%31%33" dan="15,14,15,13" rate="1971.38,1895.40,2000.46,1913.51" sx="M,M,M,M"/><TAIKYOKU oya="0"/><INIT seed="0,0,0,3,5,72" ten="250,250,250,250" oya="0" hai0="23,124,62,47,50,66,77,70,106,68,56,22,6" hai1="25,81,71,45,69,99,121,61,34,101,113,94,125" hai2="55,78,117,35,19,126,127,134,30,43,11,14,74" hai3="5,103,40,32,97,104,123,1,86,76,105,3,111"/><T18/><D106/><U73/><E121/><V21/><F43/><W132/><G86/><T0/><D124/><N who="2" m="47658" /><F117/><W88/><G88/><T58/><D77/><N who="1" m="44207" /><E94/><V109/><F109/><W80/><G123/><T28/><D0/><U4/><E4/><V120/><F120/><W27/><G132/><T2/><D2/><U65/><E125/><V98/><F98/><W135/><G135/><T9/><D6/><U57/><E57/><V38/><F38/><W63/><G111/><T39/><D9/><U13/><E13/><V100/><F100/><W46/><G63/><T116/><D116/><U108/><E45/><V36/><F36/><W49/><G27/><T67/><D39/><U114/><E108/><V118/><F118/><W83/><G83/><T107/><D107/><N who="1" m="63935" /><E71/><V131/><F131/><W15/><G32/><T87/><D87/><U79/><E79/><V7/><F134/><W26/><G26/><T89/><D89/><U10/><E10/><V60/><F78/><W33/><G33/><T110/><D110/><U64/><E64/><V84/><F74/><W93/><G105/><T44/><D28/><AGARI ba="0,0" hai="25,28,34,61,65,69,113,114" m="63935,44207" machi="28" ten="30,3900,0" yaku="25,1,23,1,52,1" doraHai="72" who="1" fromWho="0" sc="250,-39,250,39,250,0,250,0" /><INIT seed="1,0,0,4,1,78" ten="211,289,250,250" oya="1" hai0="117,121,30,24,128,81,122,40,37,39,14,101,95" hai1="12,31,73,74,98,53,75,70,91,18,13,47,113" hai2="79,112,10,90,99,76,109,84,104,62,92,1,4" hai3="54,86,103,52,87,118,56,51,23,115,133,29,68"/><U125/><E113/><V63/><F112/><W93/><G133/><T67/><D117/><U124/><E70/><V69/><F109/><W58/><G68/><T130/><D67/><U36/><E31/><V135/><F135/><W16/><G118/><T44/><D39/><U96/><E91/><V17/><F69/><W0/><G0/><T108/><D108/><U26/><E36/><V15/><F79/><W64/><G115/><T20/><D14/><U2/><E2/><V120/><F120/><N who="0" m="46186" /><D81/><U116/><E116/><V107/><F107/><W102/><G64/><T9/><D9/><U83/><E26/><V134/><F134/><W57/><G29/><T66/><D66/><U34/><E34/><V100/><REACH who="2" step="1"/><F76/><REACH who="2" ten="211,289,240,250" step="2"/><W131/><G131/><N who="0" m="50219" /><D95/><U106/><E106/><V65/><F65/><W49/><G58/><T48/><D101/><U6/><E47/><V33/><F33/><W97/><REACH who="3" step="1"/><G103/><REACH who="3" ten="211,289,240,240" step="2"/><T61/><D37/><U89/><E6/><V43/><F43/><W132/><G132/><T55/><D61/><U123/><E53/><AGARI ba="0,2" hai="20,24,30,40,44,48,53,55" m="50219,46186" machi="53" ten="30,2000,0" yaku="13,1,19,1" doraHai="78" who="0" fromWho="1" sc="211,40,289,-20,240,0,240,0" /><INIT seed="2,0,0,5,5,120" ten="251,269,240,240" oya="2" hai0="122,82,28,64,132,106,79,49,73,118,23,50,52" hai1="100,81,46,32,110,22,107,93,123,38,14,124,11" hai2="105,87,133,75,92,57,135,103,66,91,4,25,70" hai3="125,24,97,109,30,2,74,96,26,10,86,62,51"/><V1/><F70/><W9/><G74/><T0/><D122/><U15/><E32/><V34/><F75/><W89/><G125/><T119/><D106/><U78/><E123/><V111/><F1/><W37/><G37/><T113/><D113/><U43/><E107/><V39/><F39/><W6/><G62/><T84/><D0/><U116/><E116/><N who="0" m="44585" /><D64/><U61/><E124/><V88/><F4/><W95/><G51/><T3/><D3/><U112/><E112/><V90/><F111/><W130/><G130/><T108/><D132/><N who="2" m="50762" /><F105/><W94/><G30/><T29/><D108/><U16/><E61/><N who="2" m="38191" /><F103/><W35/><G86/><T69/><D69/><U115/><E115/><V55/><F55/><W36/><G36/><T33/><D33/><U48/><E100/><V101/><F101/><W128/><G128/><T67/><D67/><U8/><E93/><V41/><F41/><W20/><G35/><T17/><D73/><U13/><E22/><V63/><F63/><W53/><G53/><T134/><D134/><U40/><E14/><V102/><F102/><W114/><G114/><T7/><D7/><U21/><E38/><V60/><F60/><W131/><G131/><T42/><D42/><U77/><E43/><V104/><F104/><W19/><G26/><N who="0" m="14703" /><D49/><U85/><E78/><V44/><F44/><AGARI ba="0,0" hai="28,29,44,50,52,79,82,84" m="14703,44585" machi="44" ten="30,2000,0" yaku="12,1,54,1" doraHai="120" who="0" fromWho="2" sc="251,20,269,0,240,-20,240,0" /><INIT seed="3,0,0,1,1,96" ten="271,269,220,240" oya="3" hai0="65,124,70,64,30,35,126,117,92,29,119,99,6" hai1="108,95,133,73,16,68,75,52,44,20,113,12,27" hai2="82,24,90,62,76,128,111,114,14,123,112,102,0" hai3="9,131,8,56,101,33,57,1,41,37,79,69,18"/><W129/><G69/><T51/><D6/><U4/><E113/><V107/><F0/><W53/><G33/><T7/><D7/><U19/><E68/><V125/><F123/><W39/><G79/><T10/><D10/><N who="3" m="4201" /><G1/><T42/><D35/><U49/><E4/><V48/><F125/><N who="0" m="48234" /><D70/><U106/><E106/><V47/><F128/><N who="3" m="49227" /><G41/><T21/><D42/><U38/><E133/><V135/><F135/><W40/><G40/><T54/><D117/><U115/><E108/><V86/><F111/><W60/><G18/><T80/><D119/><U3/><E115/><V85/><F112/><W58/><G60/><T66/><D80/><U23/><E3/><V31/><F62/><W88/><G53/><T83/><D83/><U13/><E38/><N who="3" m="14346" /><G101/><N who="0" m="60647" /><D21/><U5/><E95/><V121/><F114/><W15/><G15/><T89/><D89/><AGARI ba="0,0" hai="56,57,58,88,89" m="14346,49227,4201" machi="89" ten="40,12000,1" yaku="28,2,19,1,54,1" doraHai="96" who="3" fromWho="0" sc="271,-120,269,0,220,0,240,120" owari="151,-35.0,269,7.0,220,-18.0,360,46.0" /></mjloggm>