<mjloggm ver="2.3"><GO type="97" lobby="0"/><UN n0="%E9%A7%92%E5%BD%A2%E9%BE%8D" n1="%E5%B0%B1%E6%B4%BB%E7%94%9F%40%E5%B7%9D%E6%9D%91%E8%BB%8D%E5%9B%A3" n2="%6D%69%6F" n3="%E5%85%A8%E5%B1%80%E5%8F%82%E5%8A%A0%E5%9E%8B%E9%9B%80%E5%A3%AB" dan="13,14,13,15" rate="1859.71,1978.95,1907.78,1977.79" sx="M,M,F,M"/><TAIKYOKU oya="0"/><INIT seed="0,0,0,5,4,19" ten="250,250,250,250" oya="0" hai0="100,6,41,47,48,135,116,2,70,130,92,1,123" hai1="131,29,90,38,15,49,134,72,33,32,34,113,121" hai2="85,81,94,5,30,115,103,35,87,24,118,4,127" hai3="36,98,125,83,7,132,42,102,120,89,27,62,114"/><T66/><D116/><U14/><E38/><V8/><F115/><W50/><G114/><T20/><D123/><U112/><E72/><V46/><F127/><W22/><G36/><T65/><D135/><U108/><E121/><V99/><F118/><W12/><G120/><T69/><D130/><U119/><E119/><V3/><F4/><W96/><G132/><T52/><D20/><U59/><E134/><V82/><F46/><W86/><G125/><T76/><D76/><U56/><E131/><V23/><F35/><W40/><G62/><T126/><D126/><U25/><E108/><V54/><F54/><W43/><G50/><T68/><D100/><U71/><E71/><V9/><F9/><N who="3" m="4159" /><G102/><T84/><D41/><N who="3" m="10497" /><W79/><DORA hai="26" /><G79/><T78/><D2/><U21/><E90/><V77/><F82/><W53/><G53/><T17/><D17/><AGARI ba="0,0" hai="17,22,27,83,86,89,96,98" m="10497,4159" machi="17" ten="30,2000,0" yaku="8,1,52,1" doraHai="19,26" who="3" fromWho="0" sc="250,-20,250,0,250,0,250,20" /><INIT seed="1,0,0,1,1,100" ten="230,250,250,270" oya="1" hai0="80,36,60,31,75,119,7,118,47,73,66,123,91" hai1="16,40,32,38,71,79,86,81,70,14,50,3,78" hai2="37,10,27,108,25,130,12,6,128,42,17,101,18" hai3="33,82,112,94,19,115,55,1,46,67,114,133,93"/><U117/><E117/><V49/><F37/><W88/><G1/><T129/><D123/><U116/><E116/><V85/><F85/><W57/><G33/><T99/><D119/><U74/><E3/><V45/><F108/><W8/><G67/><T0/><D118/><U65/><E32/><V111/><F101/><W134/><G46/><T13/><D0/><U90/><E38/><V59/><F111/><W62/><G8/><T104/><D31/><U131/><E131/><N who="2" m="50219" /><F59/><W58/><G19/><AGARI ba="0,0" hai="6,10,12,17,18,19,25,27,42,45,49" m="50219" machi="19" ten="30,1000,0" yaku="19,1" doraHai="100" who="2" fromWho="3" sc="230,0,250,0,250,10,270,-10" /><INIT seed="2,0,0,4,2,106" ten="230,250,260,260" oya="2" hai0="6,101,81,18,5,104,33,68,77,23,32,118,28" hai1="70,100,125,56,38,123,53,76,92,9,75,27,15" hai2="22,78,42,83,124,67,54,87,43,133,57,132,134" hai3="37,102,115,82,45,12,130,10,117,48,46,3,91"/><V11/><F22/><W60/><G3/><T107/><D118/><U113/><E70/><V2/><F67/><W44/><G117/><T84/><D107/><U122/><E38/><V89/><F11/><W16/><G37/><T55/><D68/><U74/><E113/><V120/><F2/><W31/><G115/><T62/><D28/><U135/><E135/><V93/><F120/><N who="1" m="46121" /><E125/><V1/><F1/><W59/><G130/><T19/><D19/><N who="1" m="8687" /><E76/><V39/><F124/><W51/><G31/><T98/><D32/><U7/><E7/><V50/><REACH who="2" step="1"/><F39/><REACH who="2" ten="230,250,250,260" step="2"/><W126/><G126/><T69/><D33/><U99/><E27/><V119/><F119/><W36/><G36/><T71/><D69/><U114/><E114/><V72/><AGARI ba="0,1" hai="42,43,50,54,57,72,78,83,87,89,93,132,133,134" machi="72" ten="30,11700,0" yaku="1,1,0,1,20,1,52,1,53,0" doraHai="106" doraHaiUra="94" who="2" fromWho="2" sc="230,-39,250,-39,250,127,260,-39" /><INIT seed="2,1,0,0,0,42" ten="191,211,377,221" oya="2" hai0="19,45,6,107,89,56,101,29,25,72,133,52,84" hai1="53,124,105,64,86,44,80,39,60,66,110,35,92" hai2="85,125,3,24,63,18,123,102,103,121,95,20,126" hai3="90,128,0,22,111,70,115,98,76,88,33,112,31"/><V81/><F3/><W75/><G70/><T37/><D72/><U114/><E105/><V99/><F63/><W13/><G0/><T108/><D6/><U62/><E35/><V96/><F20/><W69/><G69/><T58/><D19/><U87/><E114/><V23/><F23/><W10/><G33/><T32/><D133/><U50/><E110/><V104/><F18/><W7/><G111/><T54/><D108/><U65/><E124/><N who="2" m="47723" /><F24/><N who="3" m="16791" /><G128/><T51/><D37/><U55/><E39/><V2/><F2/><W82/><G98/><T122/><D122/><U8/><E8/><V61/><F61/><N who="1" m="23657" /><E92/><V135/><F135/><W132/><G132/><T40/><D107/><U116/><E116/><V130/><F130/><W17/><G7/><T15/><D101/><U38/><E38/><V14/><F14/><W21/><G10/><T11/><D15/><U49/><E80/><V118/><F118/><W47/><G47/><AGARI ba="1,0" hai="44,47,49,50,53,55,64,65,66,86,87" m="23657" machi="47" ten="30,3900,0" yaku="8,1,52,2" doraHai="42" who="1" fromWho="3" sc="191,0,211,42,377,0,221,-42" /><INIT seed="3,0,0,1,4,2" ten="191,253,377,179" oya="3" hai0="42,13,64,99,23,67,14,22,3,73,35,78,24" hai1="5,133,83,118,34,90,102,106,82,134,115,58,121" hai2="70,107,131,43,25,45,101,125,7,117,94,66,112" hai3="86,8,80,81,69,110,0,36,61,88,50,91,127"/><W85/><G36/><T31/><D42/><U65/><E34/><V26/><F112/><W4/><G127/><T21/><D99/><N who="1" m="61791" /><E115/><V32/><F117/><W12/><G110/><T76/><D73/><U20/><E5/><V75/><F75/><W19/><G50/><T122/><D122/><U60/><E118/><V116/><F125/><W28/><G28/><T119/><D119/><U37/><E37/><V95/><F131/><W128/><G128/><T123/><D123/><U111/><E111/><V51/><F26/><W105/><G105/><T113/><D113/><U97/><E20/><V135/><F135/><N who="1" m="51721" /><E121/><V114/><F114/><W41/><G41/><T57/><D3/><U18/><E18/><V11/><F116/><W54/><G54/><T56/><D35/><U92/><AGARI ba="0,0" hai="58,60,65,82,83,90,92,97" m="51721,61791" machi="92" ten="30,1100,0" yaku="20,1" doraHai="2" who="1" fromWho="1" sc="191,-3,253,11,377,-3,179,-5" owari="188,-21.0,264,6.0,374,48.0,174,-33.0" /></mjloggm>