<mjloggm ver="2.3"><GO type="169" lobby="0"/><UN n0="%E3%82%A6%E3%83%AB%E3%83%88%E3%83%A9%E7%AB%8B%E7%9B%B4" n1="%E3%81%BE%E3%81%AA%E3%81%84%E3%81%9F%E3%82%88%E3%81%86%E3%81%98%E3%82%87" n2="%E5%A4%8F%E5%B7%9D%E3%81%BE%E3%82%86%E3%82%8A" n3="%E3%83%A1%E3%82%AB%E3%82%BC%E3%83%83%E3%83%88%E3%83%B3" dan="16,17,16,18" rate="2130.22,2118.36,2044.53,2161.70" sx="M,M,F,M"/><TAIKYOKU oya="0"/><INIT seed="0,0,0,4,5,105" ten="250,250,250,250" oya="0" hai0="76,120,16,86,106,131,114,60,61,121,72,119,126" hai1="84,17,27,107,122,43,98,118,135,110,115,89,8" hai2="81,10,51,38,117,103,124,108,64,15,5,92,42" hai3="59,80,83,79,74,52,87,111,109,91,0,11,130"/><T22/><D119/><U41/><E118/><V25/><F117/><W32/><G32/><T31/><D114/><U63/><E122/><V55/><F108/><W99/><G130/><T113/><D113/><U7/><E115/><V35/><F64/><W46/><G46/><T30/><D131/><U127/><E110/><V102/><F38/><W36/><G36/><T58/><D106/><U13/><E135/><V132/><F42/><W62/><REACH who="3" step="1"/><G99/><REACH who="3" ten="250,250,250,240" step="2"/><T34/><D34/><U101/><E98/><V47/><F47/><W49/><G49/><T9/><D121/><U39/><E39/><V90/><F35/><W37/><G37/><T85/><D120/><U14/><E43/><V96/><F132/><W56/><G56/><T23/><D126/><U97/><E41/><V48/><F48/><W3/><G3/><T2/><D2/><U1/><E127/><V54/><F51/><W68/><G68/><T116/><D116/><U94/><E63/><V67/><F96/><W33/><G33/><T128/><D58/><U65/><E65/><V20/><F124/><W129/><G129/><T24/><D128/><U12/><E1/><V133/><F67/><W40/><G40/><T66/><D66/><U53/><E53/><V78/><F55/><W88/><G88/><T50/><D50/><U93/><E107/><V75/><F54/><W44/><G44/><T6/><D61/><U57/><E57/><V134/><F133/><W71/><G71/><T18/><D60/><U125/><E125/><V28/><F134/><W69/><G69/><T45/><D45/><U104/><E104/><RYUUKYOKU ba="0,1" sc="250,-30,250,10,250,10,240,10" hai1="7,8,12,13,14,17,27,84,89,93,94,97,101" hai2="5,10,15,20,25,28,75,78,81,90,92,102,103" hai3="0,11,52,59,62,74,79,80,83,87,91,109,111" /><INIT seed="1,1,1,2,1,1" ten="220,260,260,250" oya="1" hai0="69,27,85,122,29,108,49,84,113,123,18,5,52" hai1="100,59,70,28,0,23,51,56,13,45,119,63,118" hai2="57,102,135,32,98,121,54,109,101,120,10,50,126" hai3="25,43,124,67,22,11,36,88,53,6,106,87,14"/><U74/><E74/><V111/><F32/><W40/><G106/><T38/><D113/><U133/><E100/><V134/><F126/><W73/><G73/><T104/><D69/><U75/><E75/><V79/><F79/><W71/><G124/><T95/><D104/><U33/><E33/><V3/><F3/><W89/><G89/><T46/><D108/><N who="2" m="41546" /><F10/><W131/><G131/><T125/><D125/><U103/><E103/><N who="2" m="39435" /><F98/><W68/><G53/><T110/><D110/><U132/><E0/><V47/><F57/><N who="1" m="22089" /><E13/><V39/><F39/><W77/><G77/><T114/><D38/><U61/><E23/><V37/><F37/><W48/><G36/><T83/><D114/><U93/><E93/><V65/><F65/><W91/><G91/><T26/><D95/><U16/><E28/><V80/><F80/><W130/><G130/><T55/><D29/><U17/><E70/><V21/><F21/><W41/><G48/><T127/><D127/><U81/><E81/><V107/><F107/><W82/><REACH who="3" step="1"/><G67/><REACH who="3" ten="220,260,260,240" step="2"/><T64/><D64/><U129/><E129/><V15/><F54/><W60/><G60/><T8/><D55/><N who="1" m="30191" /><E61/><V115/><F50/><W19/><AGARI ba="1,2" hai="6,11,14,19,22,25,40,41,43,68,71,82,87,88" machi="19" ten="30,7900,0" yaku="1,1,0,1,52,1,54,1,53,0" doraHai="1" doraHaiUra="24" who="3" fromWho="3" sc="220,-21,260,-40,260,-21,240,102" /><INIT seed="2,0,0,4,0,123" ten="199,220,239,342" oya="2" hai0="95,59,1,66,12,51,33,100,124,64,56,40,24" hai1="2,62,54,9,29,98,78,28,23,46,94,6,119" hai2="0,105,88,125,53,37,85,47,45,39,133,32,34" hai3="72,87,50,49,93,108,114,104,128,109,80,48,101"/><V5/><F105/><W67/><G67/><T55/><D1/><U83/><E119/><V91/><F133/><W25/><G128/><T89/><D124/><U3/><E3/><V76/><F76/><N who="3" m="44039" /><G25/><T92/><D40/><U90/><E23/><V13/><F0/><W27/><G27/><T120/><D120/><U122/><E122/><V31/><F125/><W42/><G42/><T127/><D127/><U26/><E26/><V14/><F31/><W132/><G132/><T75/><D75/><U30/><E62/><V118/><F5/><W107/><G114/><T110/><D12/><U77/><E83/><V112/><F53/><W111/><G101/><T86/><D24/><U22/><E22/><V17/><F17/><W117/><G117/><T70/><D70/><U97/><E54/><V15/><F118/><W102/><G102/><T130/><D33/><N who="2" m="12906" /><F85/><W38/><G38/><N who="2" m="14345" /><F112/><W36/><G36/><T44/><D130/><U135/><E135/><V71/><F71/><W20/><G20/><T58/><D64/><U116/><E116/><V7/><F7/><W99/><G99/><N who="0" m="59519" /><D66/><U41/><E97/><V65/><F65/><W103/><G103/><T82/><D82/><U52/><E41/><V131/><F131/><W69/><G69/><T84/><D84/><U96/><E98/><V61/><F61/><W134/><G134/><T129/><D129/><U113/><E113/><V21/><F21/><W60/><G60/><T11/><D11/><U81/><E81/><V57/><F57/><W115/><G115/><T106/><D106/><N who="3" m="40489" /><G87/><T4/><D4/><U10/><E10/><RYUUKYOKU ba="0,0" sc="199,0,220,0,239,0,342,0" hai0="44,51,55,56,58,59,86,89,92,110" hai1="2,6,9,28,29,30,46,52,77,78,90,94,96" hai2="13,14,15,45,47,88,91" hai3="48,49,50,93,108,109,111" /><INIT seed="2,1,0,2,3,128" ten="199,220,239,342" oya="2" hai0="25,111,78,61,129,41,125,20,35,28,50,135,82" hai1="11,59,39,7,57,13,38,108,118,114,6,9,120" hai2="27,19,69,134,81,66,119,54,46,74,70,45,126" hai3="14,32,100,53,122,83,60,80,64,86,115,49,96"/><V44/><F119/><W17/><G32/><T43/><D129/><U15/><E108/><V94/><F126/><W88/><G122/><T1/><D111/><U133/><E133/><V68/><F134/><W95/><G115/><T91/><D125/><U109/><E109/><V73/><F94/><W5/><G5/><T87/><D135/><U89/><E89/><V121/><F121/><W24/><G24/><T107/><D1/><U132/><E132/><V84/><F54/><W93/><G60/><T47/><D107/><U77/><E77/><V34/><F66/><W0/><G0/><T76/><D35/><U8/><E8/><V131/><F131/><W103/><G64/><T26/><D26/><U85/><E85/><V33/><F33/><W105/><G103/><T58/><REACH who="0" step="1"/><D43/><REACH who="0" ten="189,220,239,342" step="2"/><U124/><E124/><V99/><F34/><W71/><G105/><T62/><D62/><U110/><E110/><V4/><F4/><W72/><G71/><T3/><D3/><U104/><E104/><V12/><F27/><W51/><G72/><T22/><D22/><U75/><E75/><V56/><F73/><W92/><G14/><T101/><D101/><U21/><E21/><V98/><F74/><W127/><G100/><T30/><D30/><U90/><E120/><V42/><F42/><W37/><G127/><T36/><D36/><U67/><E38/><V48/><F69/><W106/><G37/><T79/><D79/><U52/><E39/><V117/><F70/><W23/><G106/><T63/><D63/><U113/><E6/><V112/><F68/><W116/><G23/><RYUUKYOKU ba="1,1" sc="189,30,220,-10,239,-10,342,-10" hai0="20,25,28,41,47,50,58,61,76,78,82,87,91" /><INIT seed="3,2,1,0,2,56" ten="219,210,229,332" oya="3" hai0="107,3,20,110,66,23,57,36,25,51,101,112,61" hai1="78,27,108,104,81,72,28,84,48,77,58,24,124" hai2="109,121,40,115,71,113,29,123,38,83,59,97,96" hai3="43,44,53,94,67,42,119,21,65,5,100,116,52"/><W33/><G33/><T126/><D112/><U69/><E69/><V102/><F71/><W17/><G5/><T87/><D126/><U39/><E39/><V76/><F29/><W8/><G8/><T45/><D110/><U114/><E114/><N who="2" m="43531" /><F59/><W11/><G11/><T130/><D130/><U34/><E104/><N who="2" m="63559" /><F40/><N who="3" m="15403" /><G119/><T10/><D36/><U4/><E4/><V98/><F38/><W60/><G116/><T30/><D87/><U133/><E108/><V31/><F31/><W15/><G44/><T91/><D91/><U70/><E70/><V135/><F135/><W35/><G35/><T128/><D128/><U74/><E133/><V89/><F109/><W103/><G103/><T63/><D23/><U122/><E124/><V127/><F127/><W14/><G14/><T92/><D107/><U88/><E27/><V134/><F134/><W85/><G100/><T80/><D80/><U106/><E106/><V75/><F89/><N who="3" m="53551" /><G60/><N who="0" m="38159" /><D3/><U54/><E34/><V0/><F0/><W95/><G67/><T117/><D10/><U7/><E7/><V68/><F68/><W111/><G65/><T82/><D82/><U41/><E81/><V22/><F22/><W73/><G111/><T90/><D117/><U12/><E88/><V6/><F6/><W129/><G129/><T19/><D30/><U131/><E28/><V50/><F50/><W86/><G21/><T79/><D101/><U64/><E48/><V2/><F2/><W47/><G17/><T62/><D79/><U93/><E131/><V120/><AGARI ba="2,1" hai="75,76,83,97,98,120,121,123" m="63559,43531" machi="120" ten="40,5200,0" yaku="13,1,34,2" doraHai="56" who="2" fromWho="2" sc="219,-15,210,-15,229,68,332,-28" /><INIT seed="4,0,0,4,5,8" ten="204,195,297,304" oya="0" hai0="70,84,127,6,5,118,78,134,2,53,17,74,123" hai1="26,100,99,115,62,129,42,55,9,66,0,41,120" hai2="96,45,46,18,61,7,110,40,105,67,65,77,101" hai3="79,54,58,91,126,85,108,87,82,130,10,4,1"/><T13/><D123/><U35/><E120/><V57/><F110/><W72/><G108/><T37/><D118/><U43/><E55/><V94/><F7/><W63/><G130/><T51/><D127/><U64/><E129/><V124/><F124/><W92/><REACH who="3" step="1"/><G126/><REACH who="3" ten="204,195,297,294" step="2"/><T44/><D134/><U32/><E66/><V107/><F67/><W59/><G59/><T135/><D70/><U132/><E132/><V95/><F46/><W34/><G34/><T89/><D135/><U90/><E32/><V86/><F45/><W102/><G102/><T93/><D2/><U38/><E100/><V114/><F57/><W80/><G80/><N who="0" m="47127" /><D37/><U39/><E39/><V98/><F65/><W24/><G24/><T119/><D119/><U75/><E26/><V36/><F101/><W29/><G29/><T19/><D74/><AGARI ba="0,1" hai="1,4,10,54,58,63,72,74,79,82,85,87,91,92" machi="74" ten="40,1300,0" yaku="1,1,53,0" doraHai="8" doraHaiUra="22" who="3" fromWho="0" sc="204,-13,195,0,297,0,294,23" /><INIT seed="5,0,0,2,0,75" ten="191,195,297,317" oya="1" hai0="61,58,71,129,51,119,41,77,45,16,21,0,24" hai1="29,9,125,53,65,114,134,86,40,48,69,100,124" hai2="98,22,11,82,46,59,126,56,49,104,84,78,25" hai3="18,83,23,20,121,110,88,87,8,116,123,132,90"/><U43/><E114/><V35/><F35/><W37/><G37/><T81/><D119/><U94/><E29/><V106/><F11/><W1/><G110/><T108/><D108/><U67/><E9/><V60/><F126/><N who="1" m="48745" /><E134/><V64/><F59/><W50/><G116/><T39/><D129/><U7/><E7/><V115/><F115/><W101/><G132/><T96/><D0/><U26/><E26/><V133/><F98/><W131/><G131/><T105/><D71/><U28/><E28/><V72/><F72/><W95/><G101/><T36/><D96/><N who="1" m="59415" /><E86/><V63/><F63/><W80/><G1/><T52/><D105/><U122/><E122/><V55/><REACH who="2" step="1"/><F133/><REACH who="2" ten="191,195,287,317" step="2"/><W102/><G8/><T2/><D2/><U109/><E109/><V130/><F130/><W97/><G121/><T79/><D79/><U54/><E69/><V19/><AGARI ba="0,1" hai="19,22,25,46,49,55,56,60,64,78,82,84,104,106" machi="19" ten="20,5200,0" yaku="1,1,0,1,7,1,52,1,53,0" doraHai="75" doraHaiUra="93" who="2" fromWho="2" sc="191,-13,195,-26,287,62,317,-13" /><INIT seed="6,0,0,5,2,119" ten="178,169,349,304" oya="2" hai0="62,86,20,19,122,46,108,26,18,34,27,72,74" hai1="50,24,112,82,85,121,116,23,111,89,22,37,117" hai2="135,104,13,45,11,134,36,67,60,12,58,25,14" hai3="96,51,55,84,16,90,30,88,123,83,47,1,101"/><V29/><F104/><W21/><G1/><T8/><D108/><U6/><E111/><V4/><F36/><W3/><G3/><T118/><D118/><U0/><E37/><V53/><F45/><W109/><G109/><T102/><D122/><U15/><E0/><V93/><F53/><W131/><G123/><T127/><D127/><U41/><E112/><V125/><F125/><W113/><G113/><T39/><D102/><U56/><E121/><V110/><F110/><W115/><G115/><T129/><D129/><U126/><E126/><V59/><F58/><W76/><G30/><T44/><D62/><U73/><E73/><V92/><F13/><W48/><G48/><T54/><D86/><U103/><E103/><V107/><F14/><W31/><G31/><T91/><D91/><U77/><E89/><V95/><REACH who="2" step="1"/><F107/><REACH who="2" ten="178,169,339,304" step="2"/><W5/><G131/><T63/><D46/><N who="1" m="25935" /><E56/><V43/><F43/><W10/><G10/><T106/><D106/><U132/><E117/><V69/><F69/><W57/><G57/><T32/><D44/><U81/><E116/><V2/><F2/><W17/><G5/><T66/><D8/><U33/><E6/><V120/><F120/><W28/><G47/><T75/><D39/><U61/><E15/><V70/><F70/><W64/><G55/><T124/><D54/><U87/><E24/><V68/><F68/><W40/><G40/><T133/><D124/><U65/><E65/><V38/><F38/><W105/><G64/><T79/><D66/><U94/><E61/><V49/><F49/><W71/><G51/><T35/><D63/><RYUUKYOKU ba="0,1" sc="178,-10,169,-10,339,30,304,-10" hai2="4,11,12,25,29,59,60,67,92,93,95,134,135" /><INIT seed="6,1,1,3,1,90" ten="168,159,369,294" oya="2" hai0="29,65,31,22,50,19,16,97,48,13,4,81,66" hai1="61,134,111,109,44,12,78,89,132,72,125,98,83" hai2="26,28,25,117,54,24,115,104,113,67,107,2,135" hai3="133,37,53,15,30,103,27,92,82,75,126,23,101"/><V128/><F117/><W112/><G37/><T11/><D81/><U130/><E44/><V3/><F135/><N who="1" m="51753" /><E61/><V41/><F41/><W94/><G133/><T63/><D97/><U60/><E60/><V118/><F118/><W108/><G108/><T56/><D66/><U32/><E12/><V116/><F28/><N who="0" m="10826" /><D4/><U21/><E21/><V123/><F123/><W121/><G121/><T68/><D68/><U102/><E32/><V34/><F34/><W71/><G71/><T79/><D79/><U131/><E89/><V93/><F67/><W99/><G53/><T84/><D84/><U91/><E91/><V77/><F25/><AGARI ba="1,1" hai="11,13,16,19,22,25,48,50,56,63,65" m="10826" machi="25" ten="30,2000,0" yaku="8,1,54,1" doraHai="90" who="0" fromWho="2" sc="168,33,159,0,369,-23,294,0" /><INIT seed="7,0,0,5,3,101" ten="201,159,346,294" oya="3" hai0="1,134,23,107,131,47,14,75,115,31,117,55,11" hai1="112,8,94,80,49,113,56,74,58,104,106,100,93" hai2="37,133,35,99,20,38,90,123,91,34,15,71,29" hai3="48,66,27,59,83,81,64,7,16,85,52,132,72"/><W84/><G132/><T42/><D75/><U129/><E8/><V30/><F71/><W57/><G7/><T24/><D134/><U87/><E74/><V6/><F133/><W105/><G105/><N who="1" m="40554" /><E129/><V110/><F110/><W120/><G120/><T98/><D131/><U77/><E100/><V118/><F99/><W127/><G127/><T102/><D1/><U109/><E109/><V54/><F54/><W61/><G66/><T86/><D86/><N who="3" m="33385" /><G72/><T33/><D11/><U4/><E4/><V69/><F69/><W76/><G76/><T89/><D89/><U2/><E2/><V60/><F91/><W126/><G126/><T25/><D102/><U18/><E18/><V95/><F90/><W46/><G57/><N who="1" m="22122" /><E49/><V130/><F6/><W40/><G64/><T78/><D107/><U96/><E96/><V135/><F135/><W88/><G88/><T70/><D98/><U10/><E10/><V39/><F39/><W125/><G125/><T119/><D70/><U43/><E43/><V65/><F37/><W62/><G62/><T73/><D42/><U28/><E28/><V51/><F29/><W5/><G5/><T108/><D31/><U9/><E9/><V82/><F30/><W22/><AGARI ba="0,0" hai="16,22,27,40,46,48,52,59,61,81,83" m="33385" machi="22" ten="30,6000,0" yaku="8,1,54,2" doraHai="101" who="3" fromWho="3" sc="201,-20,159,-20,346,-20,294,60" owari="181,-22.0,139,-36.0,326,13.0,354,45.0" /></mjloggm>