<mjloggm ver="2.3"><GO type="169" lobby="0"/><UN n0="%72%69%6F%75%63%68%61%6E" n1="%E3%82%A6%E3%83%AB%E3%83%88%E3%83%A9%E7%AB%8B%E7%9B%B4" n2="%EF%BC%88%EF%BC%BE%E2%88%80%EF%BC%BE%EF%BC%89" n3="%E3%81%8A%E3%81%98%E3%81%95%E3%82%93" dan="16,17,16,17" rate="2087.46,2223.60,2033.43,2195.75" sx="M,M,M,M"/><TAIKYOKU oya="0"/><INIT seed="0,0,0,4,5,64" ten="250,250,250,250" oya="0" hai0="26,76,42,46,20,58,50,23,44,110,53,59,92" hai1="130,117,52,67,87,68,118,123,120,55,31,103,4" hai2="129,29,7,19,85,133,105,39,81,30,97,21,126" hai3="101,78,56,17,132,104,71,69,27,3,32,124,95"/><T43/><D110/><U127/><E87/><V135/><F39/><W45/><G3/><T47/><D76/><U106/><E4/><V25/><F7/><W75/><G104/><T0/><D0/><U14/><E14/><V28/><F126/><W99/><G124/><T6/><D6/><U73/><E31/><V82/><F129/><W57/><G132/><N who="2" m="50761" /><F85/><W128/><G128/><T96/><D58/><U86/><E86/><V36/><F36/><W10/><G45/><T9/><D9/><U111/><E103/><AGARI ba="0,0" hai="19,21,25,28,29,30,81,82,97,103,105" m="50761" machi="103" ten="30,1000,0" yaku="20,1" doraHai="64" who="2" fromWho="1" sc="250,0,250,-10,250,10,250,0" /><INIT seed="1,0,0,5,2,37" ten="250,240,260,250" oya="1" hai0="28,85,77,25,109,105,0,88,90,7,11,27,42" hai1="17,101,100,78,8,62,2,63,120,89,36,34,114" hai2="131,41,21,95,15,26,64,121,118,128,76,126,16" hai3="106,35,6,10,81,93,49,40,18,135,113,102,91"/><U45/><E120/><V134/><F121/><W97/><G113/><T67/><D105/><U129/><E114/><V12/><F118/><W75/><G135/><T94/><D109/><U123/><E123/><V65/><F134/><W24/><G49/><T19/><D67/><N who="2" m="25674" /><F126/><W60/><G60/><T14/><D77/><U4/><E129/><N who="2" m="49739" /><F76/><W72/><G72/><T70/><D42/><U122/><E122/><V119/><F119/><W83/><G40/><T47/><D47/><U20/><E34/><V112/><F112/><W23/><G35/><T79/><D70/><U73/><E89/><V133/><F133/><W54/><G54/><T29/><D79/><U50/><E36/><V53/><F53/><W31/><G31/><T51/><D51/><U59/><E78/><V87/><F41/><W96/><REACH who="3" step="1"/><G75/><REACH who="3" ten="250,240,260,240" step="2"/><T30/><REACH who="0" step="1"/><D90/><AGARI ba="0,1" hai="12,15,16,21,26,87,90,95" m="49739,25674" machi="90" ten="30,2000,0" yaku="19,1,54,1" doraHai="37" who="2" fromWho="0" sc="250,-20,240,0,260,30,240,0" /><INIT seed="2,0,0,2,3,6" ten="230,240,290,240" oya="2" hai0="37,127,100,46,53,24,21,101,84,102,121,96,41" hai1="76,69,111,16,61,51,56,34,27,60,23,116,85" hai2="32,28,68,75,33,71,36,129,108,8,2,106,47" hai3="58,74,113,14,82,125,48,40,72,99,65,31,15"/><V44/><F75/><W22/><G125/><T130/><D121/><U114/><E116/><V78/><F78/><W91/><G113/><T77/><D127/><U112/><E111/><V19/><F106/><W93/><G74/><T38/><D130/><U118/><E118/><V115/><F115/><W131/><G131/><T134/><D134/><U128/><E128/><V87/><F129/><W133/><G133/><T57/><D38/><U9/><E34/><V20/><F87/><N who="3" m="50679" /><G72/><T123/><D123/><U107/><E107/><V17/><F108/><W126/><G126/><T117/><D117/><U94/><E51/><V104/><F104/><W26/><G40/><T89/><D77/><U49/><E49/><V50/><F33/><W4/><G4/><T18/><D96/><U79/><E79/><V43/><F32/><W70/><G70/><T10/><D10/><U55/><E9/><V98/><F98/><W90/><G48/><T86/><REACH who="0" step="1"/><D89/><REACH who="0" ten="220,240,290,240" step="2"/><U88/><REACH who="1" step="1"/><E76/><REACH who="1" ten="220,230,290,240" step="2"/><V30/><F36/><W59/><G90/><T105/><D105/><U109/><E109/><V120/><F120/><W35/><G35/><T0/><D0/><U29/><E29/><V83/><F2/><W45/><G31/><T63/><AGARI ba="0,2" hai="18,21,24,37,41,46,53,57,63,84,86,100,101,102" machi="63" ten="30,4000,0" yaku="1,1,0,1,53,1" doraHai="6" doraHaiUra="54" who="0" fromWho="0" sc="220,60,230,-10,290,-20,240,-10" /><INIT seed="3,0,0,1,4,132" ten="280,220,270,230" oya="3" hai0="34,93,70,23,73,56,17,44,134,91,110,103,38" hai1="109,67,115,122,35,63,96,59,123,102,58,117,64" hai2="92,135,9,61,53,133,124,118,15,99,40,85,89" hai3="90,27,95,100,50,68,18,32,121,78,87,101,12"/><W83/><G121/><T129/><D70/><U5/><E115/><V1/><F1/><W60/><G50/><T45/><D134/><N who="2" m="51210" /><F40/><W108/><G108/><T104/><D34/><U97/><E109/><V21/><F21/><W37/><G37/><T39/><D110/><U2/><E35/><V88/><F118/><W80/><G80/><T111/><D111/><U113/><E113/><V71/><F124/><W11/><G60/><T112/><D112/><U30/><E30/><V47/><F47/><W19/><G68/><T66/><D73/><U62/><E117/><V98/><F89/><W107/><G107/><T75/><D75/><U33/><E33/><V81/><F81/><W72/><REACH who="3" step="1"/><G19/><REACH who="3" ten="280,220,270,220" step="2"/><T130/><D39/><U69/><E69/><V65/><F53/><W48/><G48/><T28/><D38/><U84/><E123/><V10/><F10/><W49/><G49/><T55/><D55/><U77/><E122/><V31/><F31/><AGARI ba="0,1" hai="11,12,18,27,31,32,72,78,83,87,90,95,100,101" machi="31" ten="40,3900,0" yaku="1,1,53,1" doraHai="132" doraHaiUra="29" who="3" fromWho="2" sc="280,0,220,0,270,-39,220,49" /><INIT seed="3,1,0,5,2,6" ten="280,220,231,269" oya="3" hai0="28,74,131,123,80,109,4,50,29,36,119,7,42" hai1="107,113,102,13,35,1,19,115,96,72,5,43,89" hai2="2,62,117,101,100,92,94,81,46,82,32,25,24" hai3="56,105,98,11,79,118,93,12,37,67,130,53,34"/><W39/><G118/><T9/><D123/><U78/><E35/><V26/><F2/><W64/><G105/><T91/><D119/><U70/><E70/><V22/><F32/><W76/><G39/><T18/><D131/><U114/><E43/><V59/><F117/><W133/><G37/><T125/><D109/><U103/><E103/><N who="2" m="39499" /><F46/><W57/><G34/><T97/><D125/><U45/><E45/><V122/><F22/><W84/><G133/><T33/><D36/><U83/><E89/><V48/><F48/><N who="3" m="30759" /><G130/><T61/><D33/><U0/><REACH who="1" step="1"/><E5/><REACH who="1" ten="280,210,231,269" step="2"/><V69/><F69/><W41/><G41/><T30/><D4/><U27/><E27/><V110/><F110/><W20/><G57/><T14/><D7/><U63/><E63/><V85/><F122/><W16/><G76/><N who="0" m="44055" /><D61/><U49/><E49/><V40/><F40/><W47/><G79/><T88/><D50/><U8/><AGARI ba="1,1" hai="0,1,8,13,19,72,78,83,96,102,107,113,114,115" machi="8" ten="30,4000,0" yaku="1,1,0,1,52,1,53,0" doraHai="6" doraHaiUra="120" who="1" fromWho="1" sc="280,-11,210,53,231,-11,269,-21" /><INIT seed="4,0,0,5,4,107" ten="269,263,220,248" oya="0" hai0="115,46,112,87,119,128,91,81,76,58,64,89,123" hai1="83,95,15,77,22,43,100,32,37,80,18,131,116" hai2="53,38,28,71,31,63,6,8,16,59,5,120,132" hai3="42,67,133,111,88,101,66,39,84,55,9,10,74"/><T109/><D123/><U72/><E116/><V1/><F120/><W125/><G111/><T118/><D46/><U82/><E32/><V70/><F38/><W44/><G125/><T75/><D58/><U48/><E37/><V47/><F6/><W85/><G74/><T103/><D64/><U104/><E131/><V29/><F47/><W99/><G133/><T23/><D23/><U78/><E104/><V97/><F97/><W73/><G73/><T124/><D124/><U69/><E69/><V36/><F36/><W60/><G55/><T92/><D128/><U122/><E122/><V34/><F34/><W25/><G25/><T79/><D109/><U52/><E43/><V127/><F132/><W114/><G114/><N who="0" m="43563" /><D103/><U134/><E134/><V86/><F86/><W30/><G67/><T24/><D24/><U96/><REACH who="1" step="1"/><E72/><REACH who="1" ten="269,253,220,248" step="2"/><V14/><REACH who="2" step="1"/><F127/><REACH who="2" ten="269,253,210,248" step="2"/><W51/><G39/><T45/><D75/><U13/><E13/><V105/><F105/><W40/><G40/><T108/><D119/><U94/><E94/><V117/><F117/><W12/><G42/><T7/><D118/><U54/><E54/><V98/><F98/><W57/><G12/><T129/><D108/><U11/><E11/><AGARI ba="0,2" hai="1,5,8,11,14,16,28,29,31,53,59,63,70,71" machi="11" ten="40,8000,1" yaku="1,1,54,1,53,2" doraHai="107" doraHaiUra="4" who="2" fromWho="1" sc="269,0,253,-80,210,100,248,0" /><INIT seed="5,0,0,1,2,108" ten="269,173,310,248" oya="1" hai0="104,22,88,60,84,1,114,10,133,92,87,34,36" hai1="113,25,7,35,8,95,122,112,85,121,39,38,86" hai2="56,120,41,0,131,57,54,72,28,75,32,79,103" hai3="101,96,29,13,43,116,16,61,97,94,5,9,31"/><U118/><E118/><V135/><F0/><W24/><G116/><T37/><D114/><N who="1" m="44139" /><E25/><V55/><F103/><W70/><G43/><T129/><D37/><N who="1" m="13835" /><E35/><V46/><F32/><W82/><G24/><T125/><D36/><U124/><E124/><V18/><F28/><W23/><G31/><T102/><D125/><U15/><E95/><V77/><F120/><AGARI ba="0,0" hai="7,8,15,85,86,120,121,122" m="13835,44139" machi="120" ten="40,12000,1" yaku="15,1,52,3" doraHai="108" who="1" fromWho="2" sc="269,0,173,120,310,-120,248,0" /><INIT seed="5,1,0,5,3,50" ten="269,293,190,248" oya="1" hai0="87,56,66,3,21,34,42,89,60,47,4,51,53" hai1="7,83,127,25,77,9,12,41,95,16,82,85,22" hai2="30,125,68,39,102,97,27,64,52,96,133,101,119" hai3="43,70,61,69,57,54,44,13,19,118,99,106,116"/><U78/><E127/><V94/><F39/><N who="3" m="21631" /><G99/><T29/><D34/><U123/><E41/><V36/><F36/><W114/><G106/><T45/><D3/><U10/><E123/><V17/><F125/><W71/><G13/><T5/><D29/><U111/><E111/><V33/><F119/><N who="3" m="45611" /><G19/><T20/><D20/><U72/><E95/><V18/><F133/><W105/><G105/><T76/><D21/><U37/><E37/><V109/><F109/><W124/><G124/><T23/><D23/><U91/><E10/><V38/><F38/><W129/><G129/><T93/><D76/><U2/><REACH who="1" step="1"/><E78/><REACH who="1" ten="269,283,190,248" step="2"/><V81/><F81/><W120/><G114/><T130/><D130/><U32/><E32/><V8/><F8/><W88/><G88/><T46/><REACH who="0" step="1"/><D42/><REACH who="0" ten="259,283,190,248" step="2"/><U100/><E100/><V104/><REACH who="2" step="1"/><F52/><REACH who="2" ten="259,283,180,248" step="2"/><W31/><G120/><T80/><D80/><U110/><E110/><V122/><F122/><W26/><G54/><T103/><D103/><U55/><E55/><V74/><F74/><W126/><G126/><T1/><D1/><AGARI ba="1,3" hai="1,2,7,9,12,16,22,25,72,77,82,83,85,91" machi="1" ten="40,7700,0" yaku="1,1,54,1,53,1" doraHai="50" doraHaiUra="73" who="1" fromWho="0" sc="259,-80,283,110,180,0,248,0" /><INIT seed="5,2,0,5,5,74" ten="179,393,180,248" oya="1" hai0="8,72,52,43,31,133,64,7,69,80,94,96,59" hai1="131,4,93,101,45,126,38,122,114,121,19,40,55" hai2="68,81,5,53,84,98,21,0,39,20,132,91,30" hai3="13,100,86,6,116,37,16,17,120,2,90,10,95"/><U73/><E126/><V65/><F132/><W28/><G37/><T125/><D125/><U67/><E131/><V25/><F39/><W97/><G116/><T70/><D133/><U66/><E114/><V1/><F5/><W88/><G120/><T54/><D31/><U118/><E118/><V127/><F127/><W135/><G135/><T112/><D112/><U18/><E4/><V124/><F124/><W35/><G35/><T56/><D43/><U9/><E73/><V48/><F65/><W83/><G28/><T51/><D64/><U106/><E106/><V134/><F68/><W78/><G17/><T102/><D72/><U92/><E55/><V77/><F134/><W113/><G113/><T99/><D99/><U15/><E19/><V107/><F21/><AGARI ba="2,0" hai="2,6,10,13,16,21,78,83,86,88,90,95,97,100" machi="21" ten="30,7700,0" yaku="7,1,52,1,54,2" doraHai="74" who="3" fromWho="2" sc="179,0,393,0,180,-83,248,83" /><INIT seed="6,0,0,4,1,38" ten="179,393,97,331" oya="2" hai0="20,15,85,49,69,109,113,75,1,32,129,4,36" hai1="117,7,82,67,27,115,22,30,99,81,57,128,121" hai2="5,105,34,64,55,3,11,8,26,91,71,19,14" hai3="12,80,89,28,101,46,92,93,96,111,114,40,72"/><V108/><F105/><W9/><G111/><T77/><D36/><U126/><E117/><V107/><F107/><W56/><G28/><T66/><D109/><U53/><E115/><V43/><F108/><W76/><G114/><T41/><D32/><U123/><E126/><V47/><F55/><W17/><G56/><T10/><D113/><U61/><E128/><V68/><F64/><W21/><G21/><T45/><D75/><U58/><E99/><V87/><F26/><W102/><G93/><T33/><D33/><U130/><E7/><V132/><F34/><W120/><G120/><N who="1" m="46154" /><E130/><V124/><F124/><W54/><REACH who="3" step="1"/><G54/><REACH who="3" ten="179,393,97,321" step="2"/><T29/><D29/><U18/><E30/><V23/><F23/><W37/><AGARI ba="0,1" hai="9,12,17,37,40,46,72,76,80,89,92,96,101,102" machi="37" ten="20,8000,1" yaku="1,1,2,1,0,1,7,1,52,1,53,0" doraHai="38" doraHaiUra="52" who="3" fromWho="3" sc="179,-20,393,-20,97,-40,321,90" /><INIT seed="7,0,0,0,3,58" ten="159,373,57,411" oya="3" hai0="27,62,108,99,129,134,17,11,72,135,80,119,47" hai1="28,71,105,88,45,117,38,115,66,85,86,3,132" hai2="82,98,70,23,4,106,116,43,84,57,15,0,103" hai3="25,24,109,122,31,30,37,6,131,10,50,107,1"/><W49/><G37/><T73/><D119/><U14/><E3/><V13/><F116/><W2/><G107/><T63/><D108/><U40/><E117/><V124/><F124/><W76/><G109/><T39/><D129/><U113/><E105/><V9/><F70/><W95/><G131/><T21/><D99/><U35/><E86/><V78/><F43/><W102/><G122/><T114/><D114/><N who="1" m="43531" /><E14/><V34/><F34/><W19/><G76/><N who="0" m="44039" /><D73/><U56/><E71/><V90/><F23/><W118/><G1/><T128/><D128/><U110/><E110/><V126/><F126/><W83/><G83/><T51/><D39/><U53/><E66/><V26/><F26/><N who="3" m="10347" /><G19/><T33/><D11/><U133/><E28/><V81/><F57/><W67/><G118/><T89/><D89/><U77/><E77/><V92/><REACH who="2" step="1"/><F82/><REACH who="2" ten="159,373,47,411" step="2"/><W44/><G44/><T12/><D33/><U59/><E35/><V74/><AGARI ba="0,1" hai="0,4,9,13,15,74,78,81,84,90,92,98,103,106" machi="74" ten="20,12000,2" yaku="1,1,2,1,0,1,7,1,24,2,53,0" doraHai="58" doraHaiUra="16" who="2" fromWho="2" sc="159,-30,373,-30,47,130,411,-60" owari="129,-37.0,343,14.0,177,-22.0,351,45.0" /></mjloggm>