<mjloggm ver="2.3"><GO type="97" lobby="0"/><UN n0="%59%48%73" n1="%E3%81%BB%E3%82%8D%E3%82%8D" n2="%E5%B0%B1%E6%B4%BB%E7%94%9F%40%E5%B7%9D%E6%9D%91%E8%BB%8D%E5%9B%A3" n3="%E3%82%A2%E3%83%AB%E3%83%86%E3%83%9F%E3%82%B9" dan="13,14,16,15" rate="1819.47,1871.18,2122.11,1907.67" sx="M,M,M,M"/><TAIKYOKU oya="0"/><INIT seed="0,0,0,2,1,74" ten="250,250,250,250" oya="0" hai0="35,106,110,78,14,87,34,31,57,95,113,102,2" hai1="13,22,7,68,58,99,132,77,46,107,108,118,116" hai2="27,73,135,55,130,47,56,66,17,88,120,51,115" hai3="19,67,32,9,100,60,4,119,65,123,11,50,64"/><T124/><D2/><U45/><E68/><V103/><F120/><W39/><G39/><T61/><D106/><U85/><E108/><V131/><F73/><W5/><G32/><T20/><D113/><U59/><E132/><V90/><F115/><W75/><G119/><T37/><D37/><U91/><E77/><V33/><F103/><W23/><G75/><T41/><D41/><U111/><E111/><V40/><F66/><W25/><G123/><T3/><D3/><U42/><E107/><V16/><F33/><W104/><G60/><T53/><D35/><U121/><E99/><V48/><F135/><W128/><G128/><N who="2" m="49193" /><F27/><W62/><G50/><T30/><D34/><U126/><E121/><V12/><F17/><W44/><G44/><T83/><D110/><U105/><E105/><V69/><F69/><W21/><G62/><T80/><D80/><U24/><E126/><V81/><F81/><W97/><REACH who="3" step="1"/><G23/><AGARI ba="0,0" hai="12,16,23,40,47,48,51,55,56,88,90" m="49193" machi="23" ten="30,3900,0" yaku="19,1,54,2" doraHai="74" who="2" fromWho="3" sc="250,0,250,0,250,39,250,-39" /><INIT seed="1,0,0,4,2,11" ten="250,250,289,211" oya="1" hai0="128,89,6,8,43,103,127,1,120,83,2,94,20" hai1="113,46,124,90,102,66,25,96,99,44,71,40,56" hai2="39,37,122,69,74,100,53,87,68,98,29,75,106" hai3="18,97,3,19,42,27,62,73,77,104,105,134,48"/><U9/><E113/><V63/><F122/><W114/><G114/><T22/><D120/><U55/><E124/><V80/><F29/><W16/><G134/><T26/><D127/><U31/><E9/><V58/><F39/><W81/><G3/><T110/><D43/><U13/><E13/><V50/><F37/><W108/><G108/><T0/><D110/><U119/><E119/><V4/><F4/><W49/><G27/><T135/><D83/><U85/><E40/><V33/><F33/><W86/><G42/><T14/><D103/><U36/><E36/><V65/><REACH who="2" step="1"/><F68/><REACH who="2" ten="250,250,279,211" step="2"/><W109/><G109/><T59/><D128/><U5/><E71/><V7/><F7/><W15/><G15/><T91/><D135/><U30/><E5/><V129/><F129/><W117/><G117/><T121/><D121/><U21/><E31/><V132/><F132/><W126/><G126/><T125/><D125/><U76/><E30/><V78/><AGARI ba="0,1" hai="50,53,58,63,65,69,74,75,78,80,87,98,100,106" machi="78" ten="20,2700,0" yaku="1,1,0,1,7,1,53,0" doraHai="11" doraHaiUra="130" who="2" fromWho="2" sc="250,-7,250,-13,279,37,211,-7" /><INIT seed="2,0,0,1,1,86" ten="243,237,316,204" oya="2" hai0="106,2,23,4,110,133,50,11,47,10,85,117,127" hai1="89,14,25,24,118,55,130,102,125,48,0,17,34" hai2="71,119,1,63,19,54,40,42,58,57,16,96,7" hai3="59,56,132,109,91,94,36,72,28,121,100,35,98"/><V60/><F119/><W30/><G109/><T114/><D110/><U75/><E118/><V22/><F71/><W12/><G121/><T9/><D106/><U38/><E38/><V134/><F134/><W104/><G132/><T3/><D133/><U107/><E0/><V61/><F1/><W95/><G72/><T49/><D117/><U29/><E125/><V43/><F7/><W111/><G111/><T39/><D127/><U78/><E130/><V73/><F73/><W21/><G36/><T101/><D101/><U103/><E107/><V122/><F122/><W81/><G81/><T115/><D39/><U77/><E75/><V93/><F22/><W70/><G70/><T41/><D50/><U44/><E24/><V8/><F8/><W20/><G35/><T62/><D62/><N who="2" m="24170" /><F57/><N who="3" m="22091" /><G104/><T116/><D23/><N who="3" m="8777" /><G12/><T108/><D108/><U74/><E74/><V6/><F6/><W135/><G135/><T53/><D116/><U80/><E14/><V97/><F97/><AGARI ba="0,0" hai="28,30,91,94,95,97,98,100" m="8777,22091" machi="97" ten="30,2000,0" yaku="8,1,52,1" doraHai="86" who="3" fromWho="2" sc="243,0,237,0,316,-20,204,20" /><INIT seed="3,0,0,3,2,96" ten="243,237,296,224" oya="3" hai0="101,108,128,56,4,25,19,131,30,117,99,127,68" hai1="26,40,122,54,48,98,23,129,71,37,29,78,46" hai2="9,20,133,49,36,80,90,81,42,31,18,95,16" hai3="118,86,110,45,106,51,44,43,113,8,85,84,32"/><W50/><G113/><T92/><D68/><U83/><E122/><V79/><F36/><W58/><G118/><T123/><D123/><U65/><E129/><N who="0" m="49737" /><D117/><U111/><E111/><V64/><F64/><W100/><G32/><T124/><D108/><U109/><E109/><V126/><F126/><N who="0" m="48170" /><D4/><U107/><E65/><V70/><F133/><W72/><G72/><T11/><D11/><U6/><E71/><V27/><F70/><W21/><G110/><T73/><D73/><U33/><E6/><V0/><F0/><W93/><G106/><T103/><D19/><N who="2" m="7210" /><F79/><W10/><G58/><T97/><D56/><U34/><E78/><V91/><F9/><N who="3" m="3691" /><G21/><N who="0" m="15663" /><D97/><U15/><E33/><V28/><F28/><W7/><G7/><T53/><D53/><U52/><E34/><V22/><F22/><W38/><G38/><T62/><D62/><U88/><E98/><N who="2" m="57719" /><F49/><N who="3" m="18443" /><G43/><T132/><D132/><U116/><E37/><V104/><F42/><W60/><G60/><T63/><D63/><U41/><E116/><V114/><F114/><W3/><G3/><T35/><D35/><U24/><E48/><V75/><F75/><W17/><G17/><T121/><D121/><U13/><E41/><V2/><F2/><W14/><G14/><T61/><D61/><U1/><E40/><V112/><F112/><W57/><G57/><T94/><D94/><U67/><E15/><V66/><F104/><W5/><G5/><T125/><D125/><U119/><E107/><V87/><F66/><W69/><G69/><T120/><D120/><U134/><E119/><V77/><F81/><W74/><G74/><RYUUKYOKU ba="0,0" sc="243,10,237,-30,296,10,224,10" hai0="92,99,101,103" hai2="20,27,31,77,80,87,91" hai3="44,45,84,85,86,93,100" /><INIT seed="3,1,0,2,2,7" ten="253,207,306,234" oya="3" hai0="24,69,27,34,18,25,8,103,35,100,51,122,112" hai1="41,72,53,91,4,15,13,10,86,107,90,71,32" hai2="65,133,99,96,9,26,47,63,75,77,78,123,3" hai3="110,64,79,117,37,2,121,52,54,105,60,102,94"/><W12/><G2/><T92/><D69/><U108/><E72/><V20/><F133/><W57/><G117/><T87/><D122/><U68/><E32/><V0/><F123/><W23/><G121/><T36/><D36/><U40/><E107/><V43/><F3/><W126/><G37/><T62/><D112/><U85/><E53/><N who="3" m="20586" /><G105/><T14/><D62/><U128/><E4/><V38/><F0/><W61/><G126/><T44/><D34/><U106/><E106/><V28/><F9/><W114/><G114/><T135/><D135/><U115/><E115/><V42/><F42/><W132/><G132/><T29/><D29/><U89/><E89/><V130/><F130/><W134/><G134/><T1/><D1/><U111/><REACH who="1" step="1"/><E10/><REACH who="1" ten="253,197,306,234" step="2"/><V48/><F75/><W31/><G61/><T30/><D35/><U129/><AGARI ba="1,1" hai="13,15,40,41,68,71,85,86,90,91,108,111,128,129" machi="129" ten="25,12000,2" yaku="1,1,2,1,0,1,22,2,53,2" doraHai="7" doraHaiUra="80" who="1" fromWho="1" sc="253,-31,197,133,306,-31,234,-61" owari="222,-18.0,330,43.0,275,8.0,173,-33.0" /></mjloggm>