<mjloggm ver="2.3"><GO type="169" lobby="0"/><UN n0="%E3%82%A6%E3%83%AB%E3%83%88%E3%83%A9%E7%AB%8B%E7%9B%B4" n1="%6E%65%6F%40%75%6E%69" n2="%E3%83%88%E3%82%B7%E3%83%95%E3%83%BC%E3%83%8B" n3="%E3%82%B7%E3%83%B3%E3%83%87%E3%83%AB%E3%83%A9" dan="17,18,17,17" rate="2149.85,2279.49,2201.44,2094.22" sx="M,M,M,M"/><TAIKYOKU oya="0"/><INIT seed="0,0,0,4,0,74" ten="250,250,250,250" oya="0" hai0="104,95,17,26,125,75,119,122,88,99,40,4,132" hai1="43,16,20,56,63,55,102,92,35,59,109,32,86" hai2="39,129,81,42,91,12,25,62,93,100,105,68,107" hai3="90,54,0,128,121,11,135,23,9,36,111,76,101"/><T85/><D122/><U67/><E109/><V46/><F129/><W131/><G111/><T13/><D119/><U37/><E43/><V31/><F12/><W65/><G121/><T134/><D75/><U8/><E8/><V7/><F7/><W28/><G135/><N who="0" m="51755" /><D125/><U38/><E38/><V83/><F107/><W112/><G36/><T116/><D116/><U24/><E37/><V133/><F133/><W82/><G112/><T78/><D40/><U58/><E58/><V48/><F39/><W2/><G101/><N who="0" m="62527" /><D26/><U10/><E10/><V53/><F100/><W60/><G9/><N who="0" m="6319" /><D4/><U51/><REACH who="1" step="1"/><E86/><REACH who="1" ten="250,240,250,250" step="2"/><N who="2" m="52471" /><F68/><W106/><G131/><T14/><D14/><U130/><E130/><V21/><F105/><W110/><G106/><T108/><D108/><U71/><E71/><V72/><F72/><W6/><G110/><T66/><D66/><U27/><E27/><V118/><F118/><W61/><G65/><T103/><D103/><U77/><E77/><AGARI ba="0,1" hai="77,78,85,88,95" m="6319,62527,51755" machi="77" ten="30,11600,0" yaku="20,1,52,2,54,1" doraHai="74" who="0" fromWho="1" sc="250,126,240,-116,250,0,250,0" /><INIT seed="0,1,0,4,5,126" ten="376,124,250,250" oya="0" hai0="119,26,103,132,91,102,67,10,53,66,113,78,45" hai1="5,74,84,16,2,109,6,15,75,87,30,82,14" hai2="22,97,127,79,98,52,49,20,117,129,89,131,92" hai3="55,31,106,44,86,71,9,108,99,128,57,125,133"/><T24/><D119/><U68/><E68/><V134/><F117/><W90/><G71/><T94/><D113/><U112/><E112/><V29/><F127/><W11/><G108/><T63/><D78/><U81/><E30/><V62/><F134/><W124/><G31/><T80/><D80/><U58/><E58/><V33/><F79/><W121/><G121/><T19/><D132/><U85/><E85/><V54/><F33/><W46/><G133/><T76/><D76/><U104/><E104/><V12/><F98/><W40/><G99/><T114/><D114/><U4/><E4/><V59/><F29/><W120/><G120/><T61/><D45/><N who="3" m="17513" /><G40/><T39/><D39/><U35/><E35/><V107/><F107/><W65/><G65/><T122/><D53/><U101/><E2/><V25/><F12/><W64/><G64/><T60/><D122/><U17/><REACH who="1" step="1"/><E101/><REACH who="1" ten="376,114,250,250" step="2"/><V21/><REACH who="2" step="1"/><F25/><REACH who="2" ten="376,114,240,250" step="2"/><W48/><G106/><T110/><D26/><U50/><E50/><V72/><F72/><W28/><G28/><T3/><D24/><U95/><E95/><V32/><F32/><W69/><G124/><T105/><D105/><U27/><E27/><V18/><F18/><W130/><G125/><T51/><D19/><U88/><E88/><V47/><AGARI ba="1,2" hai="20,21,22,47,49,52,54,59,62,89,92,97,129,131" machi="47" ten="30,8000,1" yaku="1,1,0,1,52,2,54,1,53,0" doraHai="126" doraHaiUra="23" who="2" fromWho="2" sc="376,-41,114,-21,240,103,250,-21" /><INIT seed="1,0,0,0,4,8" ten="335,93,343,229" oya="1" hai0="131,52,99,49,14,121,23,31,59,105,57,10,130" hai1="44,133,9,62,61,33,56,26,88,86,50,11,118" hai2="123,39,96,117,54,19,79,13,35,71,40,51,68" hai3="42,34,64,135,113,41,122,106,120,100,20,81,70"/><U83/><E133/><V25/><F123/><W16/><G113/><T134/><D121/><U45/><E118/><V36/><F117/><W27/><G135/><T80/><D134/><U108/><E108/><V5/><F79/><W126/><G126/><T114/><D114/><U103/><E103/><V92/><F5/><W101/><G101/><T1/><D1/><U22/><E33/><V2/><F2/><W38/><G81/><T90/><D105/><U58/><E58/><V72/><F72/><W95/><G95/><N who="0" m="56823" /><D80/><U84/><E84/><V75/><F75/><W66/><G66/><T93/><D93/><U29/><E44/><V132/><F132/><W89/><G89/><T116/><D116/><U112/><E112/><V69/><F40/><W46/><G42/><T53/><D23/><U97/><E97/><V67/><F67/><W30/><G100/><T115/><D31/><U65/><REACH who="1" step="1"/><E62/><REACH who="1" ten="335,83,343,229" step="2"/><V111/><F111/><W102/><G102/><T55/><D115/><U24/><E24/><V15/><F35/><W60/><G106/><T110/><D110/><U119/><E119/><V129/><F25/><AGARI ba="0,1" hai="16,20,25,27,30,34,38,41,46,60,64,70,120,122" machi="25" ten="30,2000,0" yaku="7,1,54,1" doraHai="8" who="3" fromWho="2" sc="335,0,83,0,343,-20,229,30" /><INIT seed="2,0,0,3,2,54" ten="335,83,323,259" oya="2" hai0="129,55,20,1,56,64,38,11,92,128,134,62,35" hai1="78,67,3,86,65,53,13,74,120,23,57,17,85" hai2="19,7,77,50,127,119,72,69,48,16,9,111,124" hai3="6,101,40,70,133,47,117,73,18,132,79,112,68"/><V110/><F69/><W61/><G117/><T130/><D35/><U97/><E3/><V32/><F32/><W113/><G101/><T24/><D134/><N who="3" m="51817" /><G6/><N who="0" m="1487" /><D92/><U123/><E97/><V52/><F119/><W60/><G18/><N who="2" m="6697" /><F77/><W25/><G25/><T84/><D84/><N who="1" m="32363" /><E74/><V36/><F36/><N who="3" m="21895" /><G79/><T44/><D38/><U95/><E95/><V12/><F72/><W103/><G103/><T104/><D104/><U106/><E106/><V88/><F88/><W87/><G87/><T83/><D83/><U42/><E42/><V100/><F100/><W114/><G73/><T109/><D20/><U107/><E78/><V34/><F34/><W33/><G33/><T49/><D24/><U71/><E71/><AGARI ba="0,0" hai="60,61,68,70,71,112,113,114" m="21895,51817" machi="71" ten="40,8000,1" yaku="11,1,20,1,34,2" doraHai="54" who="3" fromWho="1" sc="335,0,83,-80,323,0,259,80" /><INIT seed="3,0,0,4,0,42" ten="335,3,323,339" oya="3" hai0="97,25,131,34,129,87,115,134,11,64,82,68,40" hai1="12,30,23,70,76,100,94,71,106,38,6,93,45" hai2="31,103,120,72,81,56,99,102,112,123,15,2,33" hai3="58,60,74,32,35,79,122,96,62,9,49,127,101"/><W41/><G122/><N who="2" m="46633" /><F2/><W116/><G116/><T51/><D134/><U28/><E76/><N who="2" m="44167" /><F112/><W7/><G127/><T59/><D115/><U16/><E106/><V61/><F15/><W66/><G62/><N who="0" m="39959" /><D11/><N who="1" m="4215" /><E38/><V44/><F99/><W114/><G114/><T18/><D97/><N who="1" m="59439" /><E71/><V128/><F128/><N who="0" m="49226" /><D59/><U39/><E39/><V26/><F44/><W132/><G132/><T110/><D110/><U52/><E94/><V4/><F4/><W86/><G74/><T3/><D3/><U19/><E70/><V69/><F69/><W43/><G35/><T90/><D34/><U0/><E0/><V50/><F50/><W126/><G32/><T36/><D36/><U130/><E130/><V105/><F105/><W80/><G49/><T17/><D25/><N who="1" m="16447" /><E30/><V22/><F33/><W113/><G113/><T121/><D121/><U107/><E107/><V109/><F109/><W104/><G126/><T47/><AGARI ba="0,0" hai="17,18,40,47,51,82,87,90" m="49226,39959" machi="47" ten="30,2000,0" yaku="19,1,52,1" doraHai="42" who="0" fromWho="0" sc="335,20,3,-5,323,-5,339,-10" owari="355,45.0,-2,-50.0,318,-8.0,329,13.0" /></mjloggm>