<mjloggm ver="2.3"><GO type="97" lobby="0"/><UN n0="%E5%B0%B1%E6%B4%BB%E7%94%9F%40%E5%B7%9D%E6%9D%91%E8%BB%8D%E5%9B%A3" n1="%6D%74%74%72" n2="%E8%8E%AB%E6%9C%88%40%E7%83%8F%E9%B4%89%E8%BB%8D%E5%9C%98" n3="%E9%81%93%E6%88%90" dan="14,14,14,14" rate="1990.57,2053.73,2003.22,1977.77" sx="M,M,M,M"/><TAIKYOKU oya="0"/><INIT seed="0,0,0,4,5,77" ten="250,250,250,250" oya="0" hai0="78,99,72,8,55,53,80,67,43,26,115,39,128" hai1="31,51,113,65,119,41,46,30,120,110,70,81,90" hai2="97,114,15,33,3,44,19,127,28,88,83,58,85" hai3="94,101,104,89,107,0,116,129,37,66,117,64,103"/><T112/><D128/><U18/><E119/><V87/><F114/><W109/><G37/><T121/><D121/><U13/><E120/><V86/><F3/><W35/><G0/><T131/><D131/><U96/><E113/><V14/><F127/><W91/><G129/><T118/><D118/><U29/><E110/><V32/><F97/><W133/><G94/><T54/><D67/><U68/><E65/><V84/><F44/><W22/><G22/><T9/><D99/><U122/><E122/><V47/><F47/><W111/><REACH who="3" step="1"/><G133/><REACH who="3" ten="250,250,250,240" step="2"/><T59/><D39/><U130/><E130/><V98/><F32/><AGARI ba="0,1" hai="32,35,64,66,89,91,101,103,104,107,109,111,116,117" machi="32" ten="25,6400,0" yaku="1,1,2,1,22,2,53,0" doraHai="77" doraHaiUra="135" who="3" fromWho="2" sc="250,0,250,0,250,-64,240,74" /><INIT seed="1,0,0,2,3,28" ten="250,250,186,314" oya="1" hai0="78,59,35,43,126,75,19,68,84,76,114,82,8" hai1="55,62,91,14,112,87,108,53,29,83,6,73,92" hai2="32,61,94,1,20,38,50,135,103,67,63,96,98" hai3="104,118,99,4,79,72,60,44,16,70,110,57,40"/><U106/><E112/><V49/><F32/><W36/><G110/><T21/><D68/><U65/><E108/><V80/><F1/><W81/><G118/><T27/><D114/><U117/><E117/><V86/><F135/><W105/><G4/><T128/><D128/><U9/><E106/><V119/><F38/><W116/><G116/><T122/><D122/><U26/><E83/><V107/><F119/><W45/><G45/><T111/><D126/><U132/><E73/><V42/><F20/><W10/><G99/><T22/><D111/><U101/><E101/><V90/><F42/><W11/><G70/><T64/><D35/><U47/><E47/><V124/><F61/><W120/><G120/><T37/><D37/><U39/><E39/><V129/><F124/><W54/><REACH who="3" step="1"/><G10/><REACH who="3" ten="250,250,186,304" step="2"/><T48/><D8/><U69/><REACH who="1" step="1"/><E132/><REACH who="1" ten="250,240,186,304" step="2"/><V123/><F123/><W74/><G74/><T66/><D75/><U115/><E115/><V13/><F129/><W15/><AGARI ba="0,2" hai="11,15,16,36,40,44,54,57,60,72,79,81,104,105" machi="15" ten="30,4000,0" yaku="1,1,0,1,54,1,53,0" doraHai="28" doraHaiUra="24" who="3" fromWho="3" sc="250,-10,240,-20,186,-10,304,60" /><INIT seed="2,0,0,1,0,96" ten="240,220,176,364" oya="2" hai0="120,129,70,82,77,46,66,24,103,58,131,79,73" hai1="122,89,116,10,52,20,4,91,65,69,98,3,126" hai2="5,11,61,68,121,38,88,51,53,2,43,14,110" hai3="93,42,104,48,99,95,124,56,127,123,81,71,125"/><V13/><F121/><W37/><G71/><T32/><D120/><U133/><E116/><V7/><F110/><W109/><G123/><T100/><D79/><U41/><E122/><V107/><F107/><W94/><G109/><T15/><D70/><U67/><E41/><V59/><F7/><W74/><G104/><T75/><D75/><U50/><E133/><V102/><F102/><N who="0" m="38954" /><D46/><U117/><E117/><V101/><F101/><N who="3" m="60655" /><G37/><T112/><D15/><U30/><E69/><V57/><F59/><W114/><G114/><T132/><D132/><U35/><E35/><V36/><F36/><W8/><G8/><T128/><D112/><U106/><E106/><V90/><F2/><W84/><G74/><T63/><D24/><U115/><E115/><V55/><F14/><W111/><G111/><T45/><D45/><U21/><E3/><V1/><F1/><W108/><G108/><T72/><D32/><U80/><E4/><V87/><F87/><W119/><G119/><T135/><D135/><U23/><E10/><V97/><F97/><W113/><G113/><T64/><D73/><U18/><E98/><V19/><F5/><W60/><G48/><T27/><D27/><U0/><E0/><V16/><F19/><W54/><G42/><T44/><D44/><N who="1" m="27719" /><E18/><V118/><F118/><W9/><G9/><T28/><D28/><U6/><E30/><V83/><F83/><W31/><G31/><T134/><D134/><U76/><E6/><V78/><F78/><AGARI ba="0,0" hai="54,56,60,78,81,84,94,95,124,125,127" m="60655" machi="78" ten="30,2000,0" yaku="18,1,52,1" doraHai="96" who="3" fromWho="2" sc="240,0,220,0,176,-20,364,20" /><INIT seed="3,0,0,2,3,55" ten="240,220,156,384" oya="3" hai0="93,84,44,118,36,26,50,40,46,88,111,104,97" hai1="35,57,117,24,38,52,78,61,56,80,6,3,27" hai2="121,129,73,68,65,15,113,58,101,102,74,43,39" hai3="31,130,64,14,79,62,103,77,11,66,114,16,115"/><W112/><G130/><T133/><D118/><U21/><E38/><V110/><F113/><W5/><G103/><T120/><D120/><U122/><E122/><V8/><F121/><W126/><G126/><T95/><D111/><U17/><E117/><V135/><F110/><W94/><G94/><T92/><D133/><U87/><E3/><V76/><F129/><W98/><G98/><T7/><D7/><U18/><E6/><V91/><F135/><W49/><G49/><T72/><D72/><U13/><E35/><V127/><F127/><W82/><G31/><T12/><D12/><N who="1" m="9383" /><E56/><V86/><F74/><W37/><G37/><T128/><D128/><U41/><E41/><V70/><F73/><W132/><G132/><T116/><D116/><U0/><E0/><V134/><F134/><W53/><G5/><T47/><D36/><U100/><E100/><V69/><F39/><W105/><G105/><T108/><D108/><U119/><E119/><V75/><F75/><W20/><G20/><AGARI ba="0,0" hai="13,18,20,24,27,52,57,61,78,80,87" m="9383" machi="20" ten="30,3900,0" yaku="8,1,52,1,54,1" doraHai="55" who="1" fromWho="3" sc="240,0,220,39,156,0,384,-39" owari="240,-16.0,259,6.0,156,-34.0,345,44.0" /></mjloggm>