<mjloggm ver="2.3"><GO type="41" lobby="0"/><UN n0="%61%61%61%66%78" n1="%4C%65%69%63%61" n2="%E5%B0%B1%E6%B4%BB%E7%94%9F%40%E5%B7%9D%E6%9D%91%E8%BB%8D%E5%9B%A3" n3="%E6%89%8B%E3%81%AA%E3%82%8A%E3%81%8B%E3%81%9A%E3%81%8D" dan="14,14,16,13" rate="2021.37,1901.80,2165.81,1883.45" sx="F,M,M,M"/><TAIKYOKU oya="0"/><INIT seed="0,0,0,0,3,25" ten="250,250,250,250" oya="0" hai0="44,107,66,0,84,126,105,15,116,13,10,12,1" hai1="41,37,6,39,78,4,76,121,45,103,101,79,73" hai2="88,50,30,35,111,47,43,60,67,9,61,115,59" hai3="54,127,80,19,82,106,32,114,85,86,42,69,2"/><T87/><D116/><U117/><E121/><V108/><F115/><W96/><G114/><T14/><D126/><U23/><E117/><V5/><F61/><W124/><G2/><T24/><D66/><U20/><E73/><V17/><F17/><W52/><G42/><T98/><D44/><U18/><E39/><V46/><F46/><W29/><G69/><T7/><D24/><U27/><REACH who="1" step="1"/><E23/><REACH who="1" ten="250,240,250,250" step="2"/><V95/><F108/><W128/><G128/><T135/><D135/><U89/><E89/><V16/><F111/><W65/><G127/><T99/><D105/><U125/><E125/><V109/><F109/><W104/><G124/><T64/><D107/><U133/><E133/><V8/><F8/><W74/><G74/><T58/><D1/><U22/><E22/><V113/><F113/><W118/><G118/><T91/><D0/><U120/><E120/><V63/><F88/><W62/><G32/><T26/><D26/><U71/><E71/><V94/><F9/><W55/><G106/><T92/><REACH who="0" step="1"/><D99/><REACH who="0" ten="240,240,250,250" step="2"/><U72/><E72/><V21/><F35/><W97/><G104/><T131/><D131/><U123/><E123/><V122/><F122/><W49/><G97/><T112/><D112/><U34/><E34/><V81/><F43/><W77/><G96/><T40/><D40/><U132/><E132/><V36/><F36/><W53/><G65/><T31/><D31/><U102/><AGARI ba="0,2" hai="4,6,18,20,27,37,41,45,76,78,79,101,102,103" machi="102" ten="30,2000,0" yaku="1,1,0,1,53,0" doraHai="25" doraHaiUra="56" who="1" fromWho="1" sc="240,-10,240,40,250,-5,250,-5" /><INIT seed="1,0,0,0,0,8" ten="230,280,245,245" oya="1" hai0="112,58,81,103,23,128,135,28,37,5,35,4,9" hai1="41,93,56,32,79,125,73,84,117,111,34,104,105" hai2="86,97,66,0,52,77,29,132,80,102,10,14,74" hai3="72,25,45,64,108,62,12,83,63,24,48,124,40"/><U107/><E117/><V92/><F132/><W13/><G108/><T100/><D37/><U76/><E73/><V126/><F126/><W30/><G124/><T115/><D35/><U31/><E125/><V88/><F66/><W127/><G127/><T94/><D128/><U43/><E111/><V54/><F29/><W122/><G122/><T22/><D135/><U11/><E11/><V123/><F0/><W134/><G134/><T120/><D81/><U99/><E56/><V75/><F75/><W119/><G119/><T133/><D133/><U27/><E34/><V67/><F67/><W2/><G2/><T110/><D110/><U6/><E6/><V18/><F123/><W16/><G63/><T1/><D120/><U113/><E113/><V38/><F38/><W96/><G96/><T7/><D58/><U17/><E17/><V46/><F46/><W114/><G114/><T116/><D116/><U51/><E84/><V61/><F61/><W60/><G60/><T68/><D68/><U20/><E32/><V70/><F70/><W78/><G25/><N who="0" m="16447" /><D94/><AGARI ba="0,0" hai="10,14,18,52,54,74,77,80,86,88,92,94,97,102" machi="94" ten="30,7700,0" yaku="7,1,52,1,54,2" doraHai="8" who="2" fromWho="0" sc="230,-77,280,0,245,77,245,0" /><INIT seed="2,0,0,4,3,85" ten="153,280,322,245" oya="2" hai0="75,118,3,132,39,57,95,27,16,10,1,45,7" hai1="88,47,59,123,68,25,19,41,71,72,114,90,23" hai2="131,120,113,70,43,73,9,97,11,60,0,117,124" hai3="20,135,42,32,81,15,21,96,8,128,31,69,6"/><V2/><F117/><W26/><G69/><T64/><D75/><U87/><E114/><V66/><F73/><W46/><G96/><T104/><D104/><U4/><E72/><V121/><F113/><W53/><G53/><T110/><D132/><U24/><E4/><V13/><F43/><W109/><G109/><T33/><D110/><U102/><E102/><V78/><F78/><W83/><G135/><T36/><D118/><U48/><E123/><V67/><F67/><W89/><G128/><T82/><D1/><U111/><E111/><V58/><F131/><W127/><G127/><T49/><D33/><U50/><E25/><V12/><F124/><W122/><G122/><T126/><D126/><U62/><E50/><V80/><F80/><W74/><G83/><T91/><D82/><U101/><E101/><V103/><F70/><W107/><G107/><T119/><D119/><U52/><E90/><V112/><F112/><W29/><G29/><T115/><D115/><U84/><E84/><V129/><F129/><W22/><G74/><T30/><D30/><U125/><E125/><V134/><F134/><W108/><G108/><T28/><D28/><U37/><E37/><V18/><F2/><W61/><G61/><N who="0" m="37935" /><D49/><U55/><E41/><V65/><F0/><W63/><G63/><T133/><D133/><U130/><E130/><V100/><F121/><W54/><G54/><T79/><D79/><U56/><E47/><V99/><F120/><W17/><G81/><AGARI ba="0,0" hai="19,23,24,48,52,55,56,59,62,68,71,81,87,88" machi="81" ten="30,7700,0" yaku="7,1,52,1,54,2" doraHai="85" who="1" fromWho="3" sc="153,0,280,77,322,0,245,-77" /><INIT seed="3,0,0,4,3,118" ten="153,357,322,168" oya="3" hai0="105,41,73,29,61,14,92,59,63,110,84,111,20" hai1="46,23,127,21,69,133,17,91,9,3,50,98,4" hai2="51,85,52,95,6,43,81,125,27,104,31,119,70" hai3="55,126,97,34,0,28,47,117,60,49,15,18,93"/><W64/><G117/><T130/><D105/><U122/><E69/><V129/><F70/><W44/><G0/><T19/><D73/><U96/><E122/><V7/><F104/><W16/><G126/><T78/><D130/><U86/><E133/><V131/><F119/><W10/><G34/><T77/><D41/><U30/><E30/><V116/><F43/><W87/><G28/><T89/><D29/><U45/><E127/><V74/><F74/><W100/><G87/><T67/><REACH who="0" step="1"/><D63/><REACH who="0" ten="143,357,322,168" step="2"/><U54/><E45/><N who="2" m="27759" /><F125/><W71/><REACH who="3" step="1"/><G47/><REACH who="3" ten="143,357,322,158" step="2"/><T132/><D132/><U68/><E46/><V88/><F131/><W1/><G1/><T37/><D37/><U121/><E3/><V36/><F129/><W76/><G76/><AGARI ba="0,2" hai="14,19,20,59,61,67,76,77,78,84,89,92,110,111" machi="76" ten="40,8000,1" yaku="1,1,53,3" doraHai="118" doraHaiUra="75" who="0" fromWho="3" sc="143,100,357,0,322,0,158,-80" /><INIT seed="4,0,0,3,4,22" ten="243,357,322,78" oya="0" hai0="81,89,35,98,46,108,134,39,88,71,115,93,62" hai1="77,31,91,66,14,110,4,102,44,72,106,26,43" hai2="20,2,10,118,103,57,6,48,87,94,61,79,9" hai3="76,34,17,54,116,30,36,68,112,16,0,99,60"/><T21/><D35/><U123/><E123/><V135/><F118/><W53/><G116/><T95/><D115/><U28/><E28/><V13/><F135/><W82/><G112/><T132/><D108/><U85/><E66/><V47/><F20/><W92/><G36/><T5/><D5/><U29/><E29/><V83/><F103/><W101/><G0/><T133/><D81/><U129/><E110/><V64/><F94/><W42/><G42/><N who="0" m="22879" /><D21/><U111/><E72/><V24/><F24/><W37/><G37/><T90/><D98/><U51/><E129/><V122/><F122/><W121/><G121/><T59/><D71/><U52/><E77/><V38/><F38/><W27/><G54/><AGARI ba="0,0" hai="54,59,62,88,89,90,93,95,132,133,134" m="22879" machi="54" ten="40,3900,0" yaku="20,1,54,1" doraHai="22" who="0" fromWho="3" sc="243,39,357,0,322,0,78,-39" /><INIT seed="4,1,0,2,5,1" ten="282,357,322,39" oya="0" hai0="107,106,3,29,55,120,59,44,94,114,35,62,24" hai1="8,61,133,130,87,40,43,14,42,21,72,109,122" hai2="112,102,71,52,117,101,90,97,98,19,128,33,125" hai3="123,134,88,36,110,58,126,76,92,66,85,60,93"/><T30/><D120/><U83/><E109/><V39/><F39/><W23/><G110/><T89/><D114/><U31/><E122/><V11/><F71/><W77/><G123/><T15/><D3/><U9/><E72/><V74/><F33/><W73/><G36/><T7/><D30/><U26/><E130/><V4/><F74/><W54/><G134/><T34/><D34/><U119/><E119/><V121/><F121/><W127/><G93/><T48/><D15/><U25/><E133/><V86/><F19/><W37/><G37/><T57/><D7/><N who="1" m="3359" /><E9/><V96/><F125/><W79/><G73/><T124/><D124/><N who="3" m="47657" /><G23/><T111/><D111/><U63/><E26/><V12/><F128/><W118/><G118/><T80/><D80/><U70/><E70/><V113/><F117/><W95/><G95/><T104/><REACH who="0" step="1"/><D62/><REACH who="0" ten="272,357,322,39" step="2"/><U53/><E53/><AGARI ba="1,1" hai="53,54,58,60,66,76,77,79,85,88,92" m="47657" machi="53" ten="30,2000,0" yaku="18,1,54,1" doraHai="1" who="3" fromWho="1" sc="272,0,357,-23,322,0,39,33" /><INIT seed="5,0,0,4,1,13" ten="272,334,322,72" oya="1" hai0="4,94,121,44,41,115,84,22,51,60,134,63,106" hai1="77,14,104,10,3,119,27,133,25,39,80,91,67" hai2="62,48,57,65,12,42,8,64,38,87,32,100,108" hai3="59,114,118,105,101,89,34,26,29,0,98,16,126"/><U130/><E3/><V74/><F74/><W120/><G118/><T72/><D106/><U76/><E119/><V54/><F32/><W1/><G120/><T103/><D72/><U132/><E39/><V17/><F108/><W107/><G126/><T122/><D115/><U113/><E104/><V7/><F38/><W95/><G114/><T75/><D75/><U52/><E113/><V69/><F100/><W128/><G128/><T78/><D134/><N who="1" m="51819" /><E67/><N who="2" m="25675" /><F69/><W35/><G35/><T68/><D4/><U11/><E130/><V99/><F99/><W85/><G105/><T53/><D22/><U131/><E131/><V49/><F42/><W18/><REACH who="3" step="1"/><G59/><REACH who="3" ten="272,334,322,62" step="2"/><N who="0" m="34927" /><D121/><U36/><E36/><V56/><F57/><W50/><G50/><T124/><D124/><U31/><E77/><V73/><F56/><W82/><G82/><T2/><D78/><U61/><E80/><V21/><F49/><W9/><G9/><T129/><D51/><U20/><E76/><V117/><F48/><W28/><G28/><T46/><D122/><U19/><E10/><V97/><F8/><W79/><G79/><T123/><D123/><U66/><E31/><V127/><F127/><W135/><G135/><T70/><D129/><U5/><E11/><V96/><F117/><W71/><G71/><T15/><D70/><U45/><E45/><V88/><F62/><W109/><G109/><T47/><D63/><U102/><E61/><V86/><F7/><W92/><G92/><T112/><D112/><U55/><E66/><V33/><F33/><W6/><G6/><T83/><D47/><U93/><E5/><RYUUKYOKU ba="0,1" sc="272,-10,334,-10,322,-10,62,30" hai3="0,1,16,18,26,29,34,85,89,95,98,101,107" /><INIT seed="6,1,1,4,5,135" ten="262,324,312,92" oya="2" hai0="58,127,3,55,35,65,15,44,32,92,59,113,34" hai1="16,86,19,112,84,99,81,76,111,42,41,91,10" hai2="6,20,23,72,74,78,103,124,134,83,126,70,36" hai3="33,98,120,27,56,7,8,71,39,102,52,75,106"/><V73/><F134/><W57/><G71/><T18/><D3/><U82/><E111/><V121/><F121/><W109/><G109/><T31/><D31/><U47/><E112/><V50/><F36/><W87/><G75/><T116/><D113/><U94/><E10/><V67/><F6/><W28/><G39/><T107/><D107/><U43/><REACH who="1" step="1"/><E47/><REACH who="1" ten="262,314,312,92" step="2"/><V85/><F103/><AGARI ba="1,2" hai="16,19,41,42,43,76,81,82,84,86,91,94,99,103" machi="103" ten="40,8000,1" yaku="1,1,2,1,8,1,54,1,53,0" doraHai="135" doraHaiUra="69" who="1" fromWho="2" sc="262,0,314,103,312,-83,92,0" /><INIT seed="7,0,0,0,3,15" ten="262,417,229,92" oya="3" hai0="93,60,47,73,18,41,123,57,29,45,38,131,46" hai1="8,65,50,86,100,75,120,113,7,14,0,89,124" hai2="34,69,44,104,6,19,9,99,77,61,126,23,17" hai3="83,13,90,117,84,125,129,94,81,79,88,119,74"/><W76/><G13/><T39/><D73/><U28/><E14/><N who="2" m="5431" /><F34/><W109/><G109/><T25/><D123/><U110/><E50/><V20/><F69/><W98/><G129/><T33/><D131/><U115/><E65/><V112/><F104/><W53/><G53/><T116/><D116/><U59/><E59/><V66/><F112/><W58/><G58/><T95/><D18/><N who="2" m="6666" /><F126/><W103/><REACH who="3" step="1"/><G125/><REACH who="3" ten="262,417,229,82" step="2"/><T132/><D57/><U67/><E124/><V12/><F66/><W87/><G87/><T22/><D132/><U121/><E67/><V10/><F61/><W64/><G64/><T35/><D60/><U21/><E86/><V108/><F108/><W31/><G31/><T107/><D29/><U71/><E28/><V43/><F43/><W72/><G72/><T70/><D41/><U106/><E75/><V102/><F44/><W52/><G52/><T48/><D47/><U133/><E120/><V42/><F42/><W1/><G1/><T40/><D46/><U26/><E0/><V97/><F97/><W55/><G55/><T2/><D2/><U101/><E121/><V92/><F77/><W78/><G78/><T30/><D70/><U5/><E110/><V96/><F99/><W122/><G122/><T82/><D40/><U91/><E71/><V51/><F51/><W105/><G105/><T11/><D48/><U54/><E106/><V37/><F37/><W49/><G49/><T56/><D39/><U4/><E54/><V36/><F36/><W135/><G135/><T130/><D38/><U32/><E133/><V128/><F128/><W111/><G111/><RYUUKYOKU ba="0,1" sc="262,-15,417,-15,229,15,82,15" hai2="10,12,20,23,92,96,102" hai3="74,76,79,81,83,84,88,90,94,98,103,117,119" /><INIT seed="7,1,1,5,4,84" ten="247,402,244,97" oya="3" hai0="112,1,41,77,95,56,20,68,31,47,40,63,131" hai1="60,73,103,61,16,122,83,42,66,30,32,45,91" hai2="12,89,54,115,104,27,24,0,93,116,29,87,135" hai3="121,134,88,34,85,19,118,107,100,92,123,80,82"/><W132/><G34/><T127/><D1/><U126/><E91/><V105/><F0/><W99/><G118/><T13/><D68/><U98/><E60/><V67/><F116/><W120/><REACH who="3" step="1"/><G19/><REACH who="3" ten="247,402,244,87" step="2"/><N who="0" m="10351" /><D127/><U59/><E16/><V125/><F125/><W3/><G3/><T79/><D131/><U117/><E32/><V15/><F115/><W9/><G9/><T48/><D112/><U74/><E117/><V119/><F119/><W124/><G124/><T111/><D111/><U86/><E126/><V128/><F128/><W75/><G75/><T17/><D31/><U57/><E30/><V8/><F29/><W4/><G4/><T7/><D7/><U62/><E73/><V21/><F8/><W101/><G101/><T96/><D17/><U94/><E74/><V70/><F21/><W64/><G64/><N who="0" m="39015" /><D40/><U49/><E42/><V109/><F67/><W2/><G2/><T18/><D18/><U114/><E66/><V90/><F109/><W46/><G46/><T38/><D38/><U22/><E45/><V11/><F11/><W6/><G6/><T97/><D97/><U37/><E37/><V44/><F44/><W106/><G106/><T76/><D76/><U58/><E22/><V5/><F5/><W35/><G35/><T69/><D69/><U14/><E114/><V52/><F70/><W10/><G10/><T50/><D96/><U78/><E98/><V129/><F129/><W28/><G28/><T108/><D47/><U36/><E78/><V130/><F130/><W110/><G110/><T55/><D108/><U133/><E36/><V26/><F104/><RYUUKYOKU ba="1,2" sc="247,-10,402,-10,244,-10,87,30" hai3="80,82,85,88,92,99,100,107,120,121,123,132,134" /><INIT seed="7,2,2,0,4,62" ten="237,392,234,117" oya="3" hai0="2,19,91,77,72,109,6,112,84,40,95,21,28" hai1="61,132,29,122,45,53,54,56,4,94,130,64,73" hai2="65,51,8,110,15,57,82,23,52,12,99,63,134" hai3="125,35,92,36,60,20,81,14,79,103,41,116,80"/><W13/><G116/><T118/><D118/><U105/><E94/><V1/><F110/><W88/><G35/><T113/><D109/><U31/><E45/><N who="2" m="27759" /><F1/><W68/><G125/><T49/><D28/><U70/><E31/><V120/><F120/><W48/><G36/><T16/><D2/><U97/><E54/><V129/><F129/><W96/><G41/><T124/><D6/><U126/><E97/><V59/><F134/><W33/><G33/><T38/><D38/><U47/><E56/><N who="2" m="37095" /><F99/><W18/><G48/><T78/><D124/><U86/><E86/><V26/><F82/><W89/><G13/><N who="2" m="5193" /><F8/><W135/><G135/><T121/><D121/><U71/><E132/><V102/><F102/><W123/><G123/><T34/><D34/><U5/><E126/><V98/><F98/><W17/><G17/><AGARI ba="2,2" hai="17,23,26,57,59" m="5193,37095,27759" machi="17" ten="30,3900,0" yaku="8,1,52,1,54,1" doraHai="62" who="2" fromWho="3" sc="237,0,392,0,234,65,117,-45" owari="237,-16.0,392,49.0,299,10.0,72,-43.0" /></mjloggm>