<mjloggm ver="2.3"><GO type="41" lobby="0"/><UN n0="%52%6F%63%6B%31%39" n1="%E3%83%8A%E3%82%AB%E3%83%84%E3%82%B7%E3%83%B3%E3%82%B4" n2="%7A%61%6B%62%72%6E%31%34" n3="%E5%B0%B1%E6%B4%BB%E7%94%9F%40%E5%B7%9D%E6%9D%91%E8%BB%8D%E5%9B%A3" dan="13,13,13,15" rate="1805.31,1853.55,1830.03,1991.05" sx="M,M,M,M"/><TAIKYOKU oya="0"/><INIT seed="0,0,0,5,5,116" ten="250,250,250,250" oya="0" hai0="90,101,51,47,83,37,52,67,127,109,34,30,89" hai1="40,56,42,66,15,17,23,12,105,112,125,80,114" hai2="119,22,92,62,63,123,98,76,122,84,124,29,1" hai3="59,128,87,86,68,79,108,126,53,57,115,71,104"/><T64/><D127/><U20/><E105/><V26/><F119/><W97/><G115/><N who="1" m="44074" /><E125/><V43/><F124/><W28/><G28/><T77/><D109/><U11/><E80/><V60/><F1/><W118/><G128/><T7/><D101/><U19/><E11/><V131/><F131/><W94/><G104/><T113/><D113/><U33/><E33/><V2/><F2/><W103/><G108/><T100/><D100/><U70/><E70/><V46/><F76/><W69/><G118/><T38/><D7/><U132/><E132/><V72/><F84/><W39/><G39/><T36/><D30/><U5/><E5/><V25/><F72/><W99/><G79/><T129/><D34/><U54/><E66/><V110/><F110/><W82/><G82/><T49/><D129/><U120/><E120/><V78/><F78/><W96/><G126/><T13/><D13/><U91/><E91/><V121/><F26/><W41/><G41/><T44/><D67/><U16/><E19/><V0/><F0/><W74/><G74/><T95/><D64/><U21/><E21/><V35/><F35/><W93/><G53/><T18/><D18/><U111/><E111/><V6/><F6/><W50/><G50/><AGARI ba="0,0" hai="12,15,16,17,20,23,40,42,50,54,56" m="44074" machi="50" ten="30,2000,0" yaku="11,1,54,1" doraHai="116" who="1" fromWho="3" sc="250,0,250,20,250,0,250,-20" /><INIT seed="1,0,0,3,4,56" ten="250,270,250,230" oya="1" hai0="59,78,55,114,95,49,7,121,90,62,117,46,92" hai1="72,53,26,128,27,104,19,125,86,6,5,69,129" hai2="71,131,9,74,12,110,43,83,25,81,100,36,112" hai3="57,124,91,61,130,50,89,1,20,66,18,38,40"/><U37/><E72/><V22/><F112/><W97/><G1/><T14/><D117/><U13/><E104/><V101/><F71/><W17/><G38/><T34/><D114/><U2/><E37/><V85/><F36/><W4/><G124/><T10/><D121/><U16/><E69/><V102/><F43/><W111/><G111/><T113/><D113/><U116/><E116/><V93/><F9/><W106/><G130/><N who="1" m="50282" /><E125/><V28/><F12/><W123/><G4/><N who="1" m="1642" /><E2/><V80/><F131/><W108/><G108/><T94/><D34/><U135/><E135/><V115/><F115/><W23/><G123/><T79/><REACH who="0" step="1"/><D90/><REACH who="0" ten="240,270,250,230" step="2"/><U65/><E65/><AGARI ba="0,1" hai="7,10,14,46,49,55,59,62,65,78,79,92,94,95" machi="65" ten="40,8000,1" yaku="1,1,2,1,8,1,52,1,53,0" doraHai="56" doraHaiUra="105" who="0" fromWho="1" sc="240,90,270,-80,250,0,230,0" /><INIT seed="2,0,0,3,1,75" ten="330,190,250,230" oya="2" hai0="13,112,117,104,114,23,3,29,92,57,80,129,42" hai1="50,10,31,66,70,103,51,119,64,65,77,18,45" hai2="79,39,12,40,52,107,25,97,59,86,74,105,102" hai3="5,34,99,21,9,78,93,15,49,88,120,116,46"/><V4/><F39/><W47/><G34/><T17/><D129/><U82/><E119/><V55/><F55/><W84/><G120/><T133/><D133/><U37/><E103/><V96/><F40/><W1/><G116/><T60/><D117/><U108/><E108/><V20/><F74/><W130/><G130/><T53/><D104/><U124/><E124/><V87/><F4/><W126/><G126/><T36/><D3/><U27/><E70/><V11/><F11/><W8/><G21/><T101/><D29/><U56/><E37/><V100/><F12/><N who="3" m="5135" /><G49/><N who="1" m="18442" /><E31/><V89/><F89/><W16/><G1/><T113/><D42/><U63/><E45/><V67/><F67/><W110/><G110/><T22/><D36/><U135/><E135/><V43/><F43/><W54/><G54/><T35/><D35/><U121/><E121/><V41/><F41/><W134/><G134/><T118/><D118/><U106/><E106/><V38/><F38/><W6/><G6/><T72/><D114/><U68/><E68/><V131/><F131/><W69/><G69/><T2/><D2/><U98/><E98/><V132/><F132/><W123/><G123/><T94/><D112/><U26/><E27/><V24/><F24/><W128/><G128/><T111/><D72/><U44/><E44/><V125/><F125/><W83/><AGARI ba="0,0" hai="9,15,16,46,47,78,83,84,88,93,99" m="5135" machi="83" ten="30,7900,0" yaku="8,1,52,1,54,2" doraHai="75" who="3" fromWho="3" sc="330,-20,190,-20,250,-39,230,79" /><INIT seed="3,0,0,5,0,128" ten="310,170,211,309" oya="3" hai0="21,99,34,54,56,32,23,83,73,0,125,117,77" hai1="118,53,60,97,111,101,131,135,105,25,37,100,31" hai2="109,94,45,59,27,120,112,93,129,108,13,1,20" hai3="15,72,75,50,16,90,106,63,18,22,39,41,96"/><W85/><G39/><T51/><D117/><U132/><E118/><V86/><F86/><W84/><G84/><T92/><D0/><U40/><E101/><V121/><F45/><W126/><G126/><T57/><D125/><U55/><E111/><N who="2" m="42571" /><F59/><W62/><G75/><T5/><D5/><U82/><E131/><V42/><F42/><W113/><G72/><T123/><D123/><N who="2" m="47178" /><F129/><W89/><G113/><T68/><D68/><U29/><E82/><V107/><F107/><W71/><G71/><T67/><D67/><U114/><E114/><V64/><F64/><W91/><G18/><T24/><D57/><U87/><E87/><V115/><F93/><N who="3" m="56367" /><G106/><T69/><D69/><U65/><E40/><V11/><F94/><N who="3" m="54607" /><G91/><T119/><D119/><U104/><E37/><V98/><F98/><W124/><G124/><T35/><D92/><U8/><E105/><V12/><F1/><W110/><G110/><T10/><D99/><U2/><E55/><V46/><F46/><AGARI ba="0,0" hai="15,16,22,41,46,50,62,63" m="54607,56367" machi="46" ten="30,2900,0" yaku="8,1,54,1" doraHai="128" who="3" fromWho="2" sc="310,0,170,0,211,-29,309,29" /><INIT seed="3,1,0,5,5,134" ten="310,170,182,338" oya="3" hai0="133,59,94,118,113,3,32,23,83,21,0,53,47" hai1="55,22,44,16,63,42,103,30,70,123,10,29,129" hai2="38,101,104,45,122,82,119,9,114,109,14,128,54" hai3="105,43,69,97,1,107,96,132,52,64,6,50,66"/><W40/><G132/><T27/><D118/><U124/><E123/><V31/><F31/><W18/><G6/><T75/><D133/><U5/><E129/><V130/><F101/><W108/><G1/><T80/><D32/><U65/><E103/><V41/><F104/><W8/><G108/><T2/><D113/><U116/><E116/><V77/><F54/><W73/><G73/><T37/><D75/><U24/><E55/><V74/><F119/><W58/><G105/><T100/><D47/><U39/><REACH who="1" step="1"/><E124/><REACH who="1" ten="310,160,182,338" step="2"/><V112/><F122/><W71/><G107/><T67/><D53/><U20/><E20/><V13/><F109/><W84/><G43/><T78/><D23/><U61/><E61/><V26/><F114/><W88/><G40/><T106/><D100/><U102/><E102/><V131/><F112/><W87/><G66/><T98/><D21/><U36/><E36/><V60/><F60/><W34/><G34/><T35/><D37/><U79/><E79/><V93/><F26/><W121/><G64/><T91/><D78/><U15/><AGARI ba="1,1" hai="5,10,15,16,22,24,29,30,39,42,44,63,65,70" machi="15" ten="20,5200,0" yaku="1,1,0,1,7,1,54,1,53,0" doraHai="134" doraHaiUra="120" who="1" fromWho="1" sc="310,-14,160,65,182,-14,338,-27" /><INIT seed="4,0,0,5,1,26" ten="296,225,168,311" oya="0" hai0="88,103,122,36,57,54,63,82,23,7,48,91,16" hai1="19,112,108,100,11,59,76,17,73,52,20,45,14" hai2="12,46,5,8,126,83,38,3,27,84,79,127,70" hai3="24,129,41,4,128,120,89,74,124,114,65,109,94"/><T66/><D122/><U30/><E108/><V67/><F67/><W78/><G109/><T42/><D103/><U72/><E112/><V33/><F70/><W106/><G106/><T75/><D7/><U21/><E76/><V115/><F115/><W90/><G41/><T131/><D131/><U39/><E100/><V130/><F130/><W98/><G4/><T92/><D36/><U96/><E96/><V87/><F87/><W44/><G65/><T117/><D117/><U22/><E39/><V132/><F132/><W81/><G44/><T29/><D42/><U13/><E45/><V43/><F12/><W86/><G24/><T1/><D1/><U107/><E107/><V58/><F58/><W104/><G124/><T111/><D111/><U40/><E40/><V113/><F113/><W123/><G114/><T35/><D75/><U2/><E2/><V133/><F133/><W134/><G134/><T135/><D135/><U31/><E73/><V9/><F9/><W37/><G37/><T110/><D110/><U51/><REACH who="1" step="1"/><E72/><REACH who="1" ten="296,215,168,311" step="2"/><V102/><F102/><N who="3" m="62551" /><G90/><T118/><D91/><U125/><E125/><V61/><F126/><W62/><G129/><T97/><D118/><U53/><E53/><V34/><F127/><W64/><G128/><T6/><D88/><U71/><E71/><AGARI ba="0,1" hai="62,64,71,74,78,81,86,89,94,120,123" m="62551" machi="71" ten="30,1000,0" yaku="24,1" doraHai="26" who="3" fromWho="1" sc="296,0,215,-10,168,0,311,20" /><INIT seed="5,0,0,2,2,5" ten="296,205,168,331" oya="1" hai0="106,66,85,130,86,60,52,40,107,10,42,94,47" hai1="125,17,92,80,83,9,118,22,16,88,51,35,59" hai2="96,64,76,89,73,134,105,33,115,38,56,29,82" hai3="81,0,99,39,46,78,18,102,127,123,30,13,23"/><U7/><E35/><V84/><F38/><W87/><G0/><T11/><D130/><U111/><E118/><V74/><F33/><W72/><G123/><T65/><D107/><U124/><E111/><V117/><F29/><W6/><G127/><N who="1" m="48714" /><E59/><V12/><F117/><W98/><G72/><T41/><D106/><U128/><E51/><V122/><F122/><W103/><G6/><T133/><D133/><U114/><E114/><V101/><F134/><W3/><G3/><T112/><D112/><U131/><E83/><V2/><F2/><W49/><G30/><T31/><D31/><U44/><E80/><V26/><F26/><W15/><G15/><T55/><D47/><U54/><E54/><N who="0" m="20521" /><D60/><U21/><E44/><V75/><F115/><W129/><G39/><T121/><D121/><U50/><E50/><V8/><F56/><W79/><G79/><T126/><D126/><U36/><E36/><V67/><F67/><N who="0" m="25610" /><D94/><U24/><E88/><V25/><F64/><W62/><G62/><T4/><D4/><U104/><E92/><V48/><F48/><W19/><G129/><T68/><D68/><U70/><E104/><V109/><F109/><W93/><G93/><T20/><D20/><U113/><E70/><V108/><F108/><W135/><G135/><T57/><D57/><U1/><E113/><V119/><F119/><W132/><G132/><T27/><D27/><AGARI ba="0,0" hai="1,7,9,16,17,21,22,24,27,128,131" m="48714" machi="27" ten="30,12000,1" yaku="18,1,34,2,52,1,54,1" doraHai="5" who="1" fromWho="0" sc="296,-120,205,120,168,0,331,0" /><INIT seed="5,1,0,0,0,96" ten="176,325,168,331" oya="1" hai0="70,82,78,100,106,15,18,112,121,77,132,131,17" hai1="49,120,98,12,114,118,64,37,55,62,99,9,30" hai2="11,80,22,89,66,1,38,113,110,63,40,47,50" hai3="95,104,127,44,19,65,67,124,86,71,45,28,23"/><U135/><E118/><V122/><F122/><W43/><G104/><T32/><D112/><U57/><E120/><V81/><F110/><W128/><G28/><T42/><D131/><U125/><E37/><V4/><F113/><W34/><G34/><T59/><D132/><U68/><E135/><V27/><F89/><N who="3" m="53687" /><G71/><T48/><D121/><U58/><E114/><V56/><REACH who="2" step="1"/><F50/><REACH who="2" ten="176,325,158,331" step="2"/><N who="3" m="26911" /><G128/><T102/><D48/><U94/><E125/><N who="3" m="48202" /><G45/><T130/><D130/><U85/><E30/><AGARI ba="1,1" hai="1,4,11,22,27,30,38,40,47,56,63,66,80,81" machi="30" ten="30,2000,0" yaku="1,1,7,1,53,0" doraHai="96" doraHaiUra="75" who="2" fromWho="1" sc="176,0,325,-23,158,33,331,0" /><INIT seed="6,0,0,4,3,53" ten="176,302,191,331" oya="2" hai0="95,16,12,32,63,37,130,90,91,81,59,41,86" hai1="135,33,128,1,92,45,106,43,131,52,127,117,96" hai2="10,99,3,69,104,62,118,121,40,24,46,98,89" hai3="67,17,64,109,123,76,23,55,78,79,51,49,57"/><V38/><F99/><W47/><G123/><T26/><D130/><N who="1" m="49707" /><E117/><V93/><F118/><W48/><G109/><T30/><D37/><U14/><E1/><V60/><F121/><W114/><G114/><T100/><D41/><U102/><E33/><V0/><F104/><W44/><G44/><T68/><D68/><U9/><E135/><V112/><F112/><W108/><G108/><T22/><D100/><U74/><E74/><V103/><F89/><W88/><G88/><T54/><REACH who="0" step="1"/><D91/><REACH who="0" ten="166,302,191,331" step="2"/><U129/><E127/><V94/><F69/><W18/><G47/><T21/><D21/><U124/><E124/><V132/><F10/><W70/><G70/><T58/><D58/><U28/><E43/><V31/><F132/><W120/><G120/><T125/><D125/><U4/><E129/><V13/><F0/><W113/><G113/><T2/><D2/><U66/><E66/><N who="3" m="25130" /><G23/><T15/><D15/><U50/><E28/><V71/><F13/><W36/><G36/><T73/><D73/><U122/><E122/><V34/><F3/><W111/><G111/><T35/><D35/><U7/><E7/><V8/><F8/><W61/><AGARI ba="0,1" hai="17,18,48,49,51,55,57,61,76,78,79" m="25130" machi="61" ten="40,2700,0" yaku="8,1,52,1" doraHai="53" who="3" fromWho="3" sc="166,-7,302,-7,191,-13,331,37" /><INIT seed="7,0,0,2,4,134" ten="159,295,178,368" oya="3" hai0="133,126,25,20,124,131,132,96,54,72,31,48,15" hai1="27,109,6,84,130,35,135,62,77,111,56,99,59" hai2="98,14,28,79,104,71,43,103,69,29,9,7,123" hai3="45,38,93,23,44,128,30,47,92,90,125,108,41"/><W81/><G125/><N who="0" m="48235" /><D72/><U10/><E135/><N who="0" m="51785" /><D96/><U1/><E59/><V114/><F114/><W66/><G93/><T88/><D88/><U76/><E99/><V102/><F123/><W61/><G23/><T117/><D117/><U40/><E40/><V68/><F103/><W3/><G30/><T110/><D110/><U106/><E106/><V105/><F105/><W17/><G17/><N who="0" m="10303" /><D131/><U11/><E130/><V70/><N who="2" m="17920" /><DORA hai="74" /><V82/><REACH who="2" step="1"/><F43/><REACH who="2" ten="159,295,168,368" step="2"/><W24/><G41/><T89/><D89/><U0/><E111/><V122/><F122/><W113/><G90/><T64/><D64/><U49/><E109/><V75/><AGARI ba="0,1" hai="7,9,14,28,29,75,79,82,98,102,104" m="17920" machi="75" ten="60,8000,1" yaku="1,1,0,1,52,1,53,2" doraHai="134,74" doraHaiUra="19,26" who="2" fromWho="2" sc="159,-20,295,-20,168,90,368,-40" owari="139,-36.0,275,8.0,258,-14.0,328,42.0" /></mjloggm>