<mjloggm ver="2.3"><GO type="41" lobby="0"/><UN n0="%79%61%6D%61%74%6F%38" n1="%E5%B0%B1%E6%B4%BB%E7%94%9F%40%E5%B7%9D%E6%9D%91%E8%BB%8D%E5%9B%A3" n2="%6E%65%65%63%6F" n3="%E3%81%A8%E3%81%86%E3%81%B5%E3%81%83" dan="14,16,14,14" rate="1932.61,2150.21,1923.97,1948.83" sx="M,M,M,M"/><TAIKYOKU oya="0"/><INIT seed="0,0,0,0,1,64" ten="250,250,250,250" oya="0" hai0="9,121,127,66,104,96,124,56,119,131,35,28,42" hai1="89,18,69,22,17,33,38,8,23,19,122,107,94" hai2="26,135,76,109,128,82,46,123,72,29,40,92,86" hai3="90,126,31,132,59,43,87,113,32,97,106,78,62"/><T111/><D121/><U65/><E107/><V45/><F109/><W5/><G113/><T15/><D119/><U103/><E33/><V41/><F128/><W68/><G126/><N who="0" m="48171" /><D131/><U0/><E122/><V120/><F135/><W58/><G132/><T54/><D111/><U105/><E38/><V48/><F92/><W85/><G5/><T100/><D42/><U2/><E105/><V11/><F11/><W57/><G43/><T49/><D66/><U80/><E80/><V61/><F61/><W10/><G10/><T55/><D55/><U63/><E103/><V30/><F86/><W101/><G78/><T88/><D88/><U99/><REACH who="1" step="1"/><E8/><REACH who="1" ten="250,240,250,250" step="2"/><V16/><F120/><W118/><G118/><T117/><D117/><U129/><E129/><V81/><F123/><W114/><G114/><T75/><D35/><U12/><E12/><V52/><F82/><W98/><G101/><T34/><D34/><U74/><E74/><V1/><F1/><AGARI ba="0,1" hai="0,1,2,17,18,19,22,23,63,65,69,89,94,99" machi="1" ten="40,2600,0" yaku="1,1,52,1,53,0" doraHai="64" doraHaiUra="134" who="1" fromWho="2" sc="250,0,240,36,250,-26,250,0" /><INIT seed="1,0,0,5,0,73" ten="250,276,224,250" oya="1" hai0="99,58,98,33,17,90,113,85,109,103,128,59,133" hai1="108,32,135,102,37,70,63,24,125,132,82,120,121" hai2="75,83,26,119,3,38,18,45,92,48,12,13,20" hai3="131,16,67,84,66,81,15,134,79,118,112,19,80"/><U104/><E37/><V30/><F119/><W105/><G112/><T53/><D113/><U56/><E70/><V60/><F3/><W124/><G118/><T117/><D117/><U123/><E104/><V10/><F60/><W11/><G105/><T43/><D43/><U14/><E102/><V31/><F92/><W106/><G106/><T40/><D40/><U36/><E36/><V95/><F95/><W97/><G131/><T71/><D71/><U41/><E41/><V7/><F38/><W39/><G39/><T27/><D128/><U42/><E42/><V111/><F26/><W77/><G97/><T93/><D98/><U21/><E125/><V6/><F6/><W54/><G124/><T64/><D64/><U62/><E108/><V96/><F96/><W29/><G29/><T126/><D109/><U49/><E49/><V87/><F75/><W116/><G116/><T72/><D72/><U101/><E101/><V35/><F35/><W78/><G84/><T74/><D74/><U28/><E82/><N who="3" m="31850" /><G134/><N who="1" m="51242" /><E56/><V5/><F5/><N who="3" m="3567" /><G54/><T130/><D130/><U114/><E114/><V9/><F111/><W22/><G19/><AGARI ba="0,0" hai="14,19,21,24,28,32,62,63,120,121,123" m="51242" machi="19" ten="40,2000,0" yaku="20,1" doraHai="73" who="1" fromWho="3" sc="250,0,276,20,224,0,250,-20" /><INIT seed="1,1,0,3,1,48" ten="250,296,224,230" oya="1" hai0="65,51,112,125,69,77,95,135,56,93,66,55,34" hai1="120,32,54,33,53,17,84,71,76,10,100,63,44" hai2="40,25,108,47,80,114,103,23,70,131,29,107,88" hai3="36,115,81,94,78,64,73,105,41,79,101,89,92"/><U72/><E120/><V2/><F2/><W49/><G36/><T104/><D112/><U9/><E72/><V126/><F108/><W16/><G64/><T91/><D104/><U4/><E33/><V30/><F131/><W24/><G115/><T52/><D69/><U122/><E32/><V118/><F126/><W35/><G79/><T50/><D125/><U7/><E122/><V86/><F118/><W97/><G41/><T117/><D117/><U26/><E71/><V13/><F70/><W21/><G35/><T96/><D34/><U58/><E100/><V37/><F107/><W99/><G94/><N who="0" m="56415" /><D77/><U60/><E26/><V59/><F103/><W102/><G49/><T14/><D135/><U98/><E98/><V61/><F13/><W74/><G102/><T46/><D93/><U119/><E119/><V12/><F12/><W109/><G109/><T82/><D82/><N who="1" m="47175" /><E17/><V111/><F111/><W39/><G39/><T45/><D45/><U0/><E0/><V124/><F124/><W87/><AGARI ba="1,0" hai="16,21,24,73,74,78,81,87,89,92,97,99,101,105" machi="87" ten="20,2700,0" yaku="0,1,7,1,54,1" doraHai="48" who="3" fromWho="3" sc="250,-8,296,-14,224,-8,230,30" /><INIT seed="2,0,0,5,3,78" ten="242,282,216,260" oya="2" hai0="28,77,22,37,86,76,89,67,16,122,41,31,29" hai1="129,135,85,104,132,57,98,53,39,102,1,111,66" hai2="92,8,64,114,90,14,133,44,20,127,115,70,49" hai3="118,34,80,119,62,9,72,33,131,99,18,71,116"/><V74/><F74/><W52/><G131/><T21/><D122/><U126/><E39/><V36/><F133/><N who="1" m="51273" /><E1/><V75/><F127/><W69/><G99/><T12/><D67/><U103/><E126/><V35/><F75/><W46/><G69/><T59/><D37/><U87/><E129/><V11/><F35/><W42/><G18/><T3/><D3/><U19/><E111/><V27/><F36/><W81/><G9/><T105/><D105/><U40/><E40/><V68/><F64/><W120/><G120/><T58/><D41/><U61/><E102/><V10/><F114/><W13/><G13/><T84/><D22/><U110/><E110/><V117/><F14/><W109/><G109/><T130/><D130/><U45/><E19/><V48/><F117/><W55/><G55/><T95/><D86/><U6/><E6/><V50/><F115/><W24/><G71/><T51/><D59/><U47/><E47/><V79/><F44/><W56/><G72/><T4/><D4/><U54/><E54/><AGARI ba="0,0" hai="12,16,21,28,29,31,51,54,58,76,77,84,89,95" machi="54" ten="40,8000,1" yaku="25,2,8,1,54,1" doraHai="78" who="0" fromWho="1" sc="242,80,282,-80,216,0,260,0" /><INIT seed="3,0,0,0,0,114" ten="322,202,216,260" oya="3" hai0="94,75,29,16,7,91,57,124,74,35,71,2,55" hai1="50,125,68,46,3,95,119,73,70,122,97,48,28" hai2="24,22,76,78,13,106,89,38,116,12,120,79,17" hai3="49,128,127,85,107,117,83,47,126,108,26,19,40"/><W67/><G107/><T113/><D71/><U58/><E73/><V81/><F38/><W36/><G128/><T25/><D113/><U88/><E3/><V111/><F106/><W98/><G98/><T123/><D123/><U41/><E122/><V133/><F120/><W37/><G67/><T65/><D65/><U103/><E125/><N who="3" m="47626" /><G108/><T11/><D124/><U109/><E109/><V102/><F111/><W77/><G117/><T112/><D112/><U129/><E129/><V69/><F133/><W39/><G19/><T135/><D135/><U59/><E28/><V53/><F69/><W32/><G26/><T27/><D27/><U99/><E119/><V118/><F102/><W31/><G31/><T23/><D29/><U90/><E90/><V21/><F12/><W86/><G86/><T80/><D80/><U1/><E1/><V18/><REACH who="2" step="1"/><F53/><REACH who="2" ten="322,202,206,260" step="2"/><W9/><G9/><T43/><D43/><U6/><E70/><V100/><F100/><W84/><G84/><AGARI ba="0,1" hai="13,17,18,21,22,24,76,78,79,81,84,89,116,118" machi="84" ten="40,8000,1" yaku="1,1,52,2,53,1" doraHai="114" doraHaiUra="82" who="2" fromWho="3" sc="322,0,202,0,206,90,260,-80" /><INIT seed="4,0,0,2,4,87" ten="322,202,296,180" oya="0" hai0="90,116,15,65,112,72,47,9,63,96,111,38,76" hai1="123,13,84,77,80,43,94,89,48,134,16,33,35" hai2="108,125,122,107,10,117,118,75,81,86,19,28,73" hai3="22,78,34,68,12,26,29,133,98,126,31,70,36"/><T131/><D116/><N who="2" m="44650" /><F28/><W39/><G78/><T121/><D121/><U128/><E123/><V106/><F10/><W61/><G126/><T119/><D119/><U127/><E128/><V51/><F19/><W23/><G98/><T17/><D131/><U21/><E127/><V85/><F122/><W97/><G97/><T104/><D112/><U114/><E134/><V30/><F30/><W4/><G12/><T115/><D115/><U99/><REACH who="1" step="1"/><E114/><REACH who="1" ten="322,192,296,180" step="2"/><V56/><F125/><W52/><G133/><T79/><D72/><U7/><E7/><V54/><F108/><W64/><G4/><T132/><D132/><U129/><E129/><V113/><F113/><W60/><G34/><T3/><D111/><U11/><E11/><V27/><F27/><W91/><G26/><T1/><D1/><U95/><E95/><V53/><F75/><W37/><G37/><T45/><D3/><U59/><E59/><V8/><F73/><W24/><G24/><T103/><D38/><U120/><E120/><V67/><F8/><W25/><G25/><T62/><D104/><U5/><E5/><V135/><F135/><W6/><G6/><T110/><D110/><U83/><E83/><V69/><F81/><W18/><G18/><T71/><D71/><U66/><E66/><V14/><F107/><W124/><G124/><T50/><D65/><U57/><E57/><V0/><F106/><W44/><G64/><T32/><D32/><U41/><E41/><V55/><F69/><W49/><G44/><AGARI ba="0,1" hai="13,16,21,33,35,43,44,48,77,80,84,89,94,99" machi="44" ten="40,8000,1" yaku="1,1,52,1,54,1,53,1" doraHai="87" doraHaiUra="82" who="1" fromWho="3" sc="322,0,192,90,296,0,180,-80" /><INIT seed="5,0,0,1,5,112" ten="322,282,296,100" oya="1" hai0="74,15,29,79,47,13,23,16,126,118,45,77,64" hai1="4,132,95,36,60,85,88,116,82,122,75,67,1" hai2="48,39,63,124,57,89,24,40,6,55,133,50,27" hai3="49,66,103,7,43,94,81,44,69,87,5,34,80"/><U8/><E122/><V128/><F133/><W127/><G34/><T18/><D29/><U115/><E115/><V110/><F110/><W111/><G111/><T99/><D64/><U105/><E105/><V38/><F6/><W92/><G127/><T35/><D35/><U97/><E132/><V62/><F89/><W123/><G123/><T107/><D126/><U120/><E120/><V17/><F124/><W2/><G69/><T129/><D129/><U3/><E36/><V72/><F72/><W101/><G66/><T46/><D74/><U98/><E116/><V59/><F128/><W70/><G70/><T22/><D118/><U21/><E21/><V104/><F104/><W28/><G28/><T125/><D125/><U130/><E130/><V84/><F84/><W14/><G2/><T86/><D86/><U41/><E41/><V135/><F135/><W65/><G65/><T37/><D37/><U32/><E32/><V11/><F11/><W109/><G109/><T117/><D117/><U56/><REACH who="1" step="1"/><E3/><REACH who="1" ten="322,272,296,100" step="2"/><V73/><F40/><W51/><G43/><T20/><D23/><U25/><E25/><V54/><F17/><W68/><G14/><T102/><AGARI ba="0,1" hai="13,15,16,18,20,22,45,46,47,77,79,99,102,107" machi="102" ten="30,4000,0" yaku="0,1,9,1,54,1" doraHai="112" who="0" fromWho="0" sc="322,50,272,-20,296,-10,100,-10" /><INIT seed="6,0,0,3,3,121" ten="372,252,286,90" oya="2" hai0="20,43,23,8,70,105,80,93,67,91,12,45,108" hai1="42,50,76,2,99,7,24,122,109,9,72,37,22" hai2="77,44,48,95,38,73,49,26,124,114,123,58,101" hai3="94,17,29,82,103,19,28,75,90,81,3,63,74"/><V84/><F123/><W132/><G3/><T116/><D105/><U14/><E122/><V1/><F26/><W131/><G131/><T52/><D116/><U68/><E68/><V21/><F21/><W69/><G69/><T133/><D133/><U16/><E99/><V86/><F1/><W107/><G107/><T6/><D80/><N who="1" m="45063" /><E50/><V46/><F38/><W100/><G63/><T125/><D125/><U78/><E78/><V51/><F124/><W71/><G71/><T57/><D67/><U119/><E119/><V11/><F114/><W128/><G128/><T64/><D108/><U56/><E56/><V4/><F4/><W40/><G40/><T89/><D64/><U134/><E134/><V120/><F11/><W104/><G104/><T79/><D79/><U5/><E5/><V102/><F73/><W47/><G47/><N who="2" m="17961" /><F120/><W18/><G132/><T115/><D89/><U96/><E96/><N who="2" m="59551" /><F102/><W39/><G39/><T31/><D31/><U59/><E59/><V41/><F41/><W112/><G18/><T87/><D70/><U117/><E117/><V130/><F130/><W65/><G65/><T62/><D115/><U127/><E127/><V61/><F77/><W113/><REACH who="3" step="1"/><G94/><REACH who="3" ten="372,252,286,80" step="2"/><T10/><REACH who="0" step="1"/><D10/><REACH who="0" ten="362,252,286,80" step="2"/><U135/><E135/><V54/><AGARI ba="0,2" hai="48,49,51,54,58,61,84,86" m="59551,17961" machi="54" ten="30,1500,0" yaku="8,1" doraHai="121" who="2" fromWho="2" sc="362,-5,252,-5,286,35,80,-5" /><INIT seed="6,1,0,5,4,13" ten="357,247,321,75" oya="2" hai0="42,44,29,32,81,117,112,46,3,83,92,122,14" hai1="110,49,121,27,120,107,33,78,88,57,85,8,19" hai2="123,16,101,128,126,69,23,70,75,58,73,25,80" hai3="20,130,63,40,71,38,51,7,116,0,76,104,43"/><V28/><F123/><N who="1" m="47177" /><E107/><V4/><F128/><W65/><G76/><T68/><D3/><U129/><E129/><V10/><F101/><W41/><G104/><T102/><D112/><U26/><E110/><V135/><F135/><W59/><G7/><T12/><D122/><U55/><E78/><V11/><F126/><W115/><G20/><T30/><D68/><U94/><E33/><V100/><F100/><W103/><G116/><T36/><D117/><U66/><E66/><V31/><F28/><W105/><G130/><T15/><D46/><U54/><E54/><V56/><F70/><W67/><G103/><T6/><D6/><U2/><E2/><V118/><F69/><W96/><G96/><T86/><D32/><U1/><E1/><V21/><F118/><W89/><G89/><T127/><D127/><U45/><E45/><V111/><F111/><W99/><G99/><N who="0" m="59751" /><D36/><U72/><E72/><V131/><F131/><W134/><G134/><T39/><D39/><U84/><E84/><V74/><F80/><W18/><G0/><T124/><D124/><U114/><E114/><V106/><F106/><W133/><G133/><T113/><D113/><U48/><E48/><V97/><F4/><W91/><G105/><T61/><D61/><U109/><E109/><V119/><F119/><W87/><G115/><T132/><D132/><U62/><E62/><V9/><REACH who="2" step="1"/><F97/><REACH who="2" ten="357,247,311,75" step="2"/><W125/><G125/><T64/><D30/><U53/><E53/><V98/><F98/><W77/><G71/><T24/><D29/><U22/><E8/><V50/><F50/><W34/><G51/><RYUUKYOKU ba="1,1" sc="357,-15,247,15,311,15,75,-15" hai1="19,22,26,27,49,55,57,85,88,94" hai2="9,10,11,16,21,23,25,31,56,58,73,74,75" /><INIT seed="6,2,1,1,0,130" ten="342,262,326,60" oya="2" hai0="81,116,51,124,74,42,70,107,71,53,114,9,122" hai1="34,105,78,69,129,61,104,119,82,92,120,30,75" hai2="48,20,55,66,37,6,103,94,76,33,18,10,13" hai3="14,46,111,134,27,11,32,98,99,112,45,79,83"/><V26/><F37/><W8/><G111/><T22/><D122/><U54/><E129/><V102/><F76/><W115/><G32/><T39/><D114/><N who="3" m="43561" /><G27/><T95/><D107/><U23/><E119/><V125/><F66/><W1/><G1/><T40/><D40/><U106/><E120/><V73/><F73/><N who="3" m="43503" /><G134/><T123/><D123/><U59/><E69/><V77/><F77/><W86/><G86/><T28/><D124/><U127/><E127/><V31/><F125/><W43/><G11/><T50/><D50/><U12/><E34/><V90/><F48/><N who="3" m="26687" /><G46/><T0/><D42/><U4/><E4/><AGARI ba="2,1" hai="4,8,14,98,99" m="26687,43503,43561" machi="4" ten="30,2000,0" yaku="15,1,11,1" doraHai="130" who="3" fromWho="1" sc="342,0,262,-26,326,0,60,36" /><INIT seed="7,0,0,0,5,15" ten="342,236,326,96" oya="3" hai0="27,11,106,30,135,94,78,46,2,62,51,10,73" hai1="81,101,123,132,131,17,120,80,98,93,31,74,49" hai2="22,115,53,109,116,89,52,91,70,77,21,43,34" hai3="85,133,5,23,9,102,124,87,86,128,103,16,75"/><W12/><G75/><T121/><D106/><U3/><E3/><V111/><F70/><W118/><G118/><T129/><D121/><U72/><E131/><V59/><F34/><W29/><G128/><T127/><D135/><U95/><E31/><V97/><F116/><W107/><G133/><T112/><D129/><U110/><E49/><V100/><F111/><W83/><G124/><T28/><D28/><U92/><E17/><V82/><F109/><W19/><G83/><N who="1" m="31818" /><E110/><V61/><F115/><W7/><G29/><T0/><D78/><U41/><E41/><V18/><F43/><W32/><G32/><T6/><D73/><N who="1" m="28267" /><E132/><V113/><F113/><W42/><G42/><T37/><D127/><U55/><E55/><V58/><F82/><W24/><G107/><AGARI ba="0,0" hai="92,93,95,98,101,107,120,123" m="28267,31818" machi="107" ten="30,2000,0" yaku="34,2" doraHai="15" who="1" fromWho="3" sc="342,0,236,20,326,0,96,-20" owari="342,43.0,256,-14.0,326,13.0,76,-42.0" /></mjloggm>