<mjloggm ver="2.3"><GO type="97" lobby="0"/><UN n0="%E5%B0%B1%E6%B4%BB%E7%94%9F%40%E5%B7%9D%E6%9D%91%E8%BB%8D%E5%9B%A3" n1="%E3%82%AB%E3%83%AA%E3%83%93%E3%82%A2%E3%83%B3%E3%82%B3%E3%83%A0" n2="%E3%82%8C%E3%81%8A%E3%81%97%E3%82%87%E3%81%86" n3="%41%36%4D%35" dan="15,13,14,14" rate="2045.59,1927.49,1969.66,1928.76" sx="M,M,M,M"/><TAIKYOKU oya="0"/><INIT seed="0,0,0,1,5,44" ten="250,250,250,250" oya="0" hai0="6,11,91,72,118,112,84,100,113,90,69,26,120" hai1="96,27,15,66,86,60,101,52,92,79,46,108,87" hai2="56,110,77,13,106,76,67,134,114,78,24,111,125" hai3="8,33,83,17,45,93,25,35,123,131,3,119,38"/><T49/><D118/><U105/><E108/><V47/><F106/><W117/><G123/><T65/><D72/><U64/><E27/><V39/><F114/><W103/><G131/><T109/><D120/><U80/><E15/><V127/><F24/><W58/><G35/><T0/><D109/><N who="2" m="41482" /><F13/><W133/><G133/><T53/><D100/><U7/><E7/><V85/><F85/><W71/><G71/><T29/><D65/><U4/><E4/><V102/><F102/><W73/><G58/><T23/><D69/><U121/><E121/><V2/><F2/><W122/><G122/><T124/><D124/><N who="2" m="47690" /><F39/><W129/><G129/><T51/><D51/><N who="1" m="28791" /><E105/><V128/><F47/><W89/><G103/><T104/><D104/><U31/><E31/><V5/><F5/><N who="3" m="1087" /><G33/><T107/><D107/><U55/><E87/><V28/><F28/><W70/><G25/><T18/><D29/><U74/><E74/><V54/><F67/><W30/><G30/><T22/><D22/><U97/><E97/><V68/><F68/><W10/><G70/><T1/><D1/><U32/><E32/><V62/><F128/><W50/><G38/><T42/><D42/><U16/><E16/><V19/><F19/><W75/><G119/><T61/><D112/><U21/><E21/><V94/><F94/><W88/><G117/><T82/><D113/><U132/><E132/><AGARI ba="0,0" hai="54,56,62,76,77,78,132,134" m="47690,41482" machi="132" ten="40,2600,0" yaku="14,1,18,1" doraHai="44" who="2" fromWho="1" sc="250,0,250,-26,250,26,250,0" /><INIT seed="1,0,0,1,2,69" ten="250,224,276,250" oya="1" hai0="15,103,28,49,82,71,25,57,88,47,91,124,94" hai1="113,31,80,46,8,77,10,14,62,116,55,0,18" hai2="131,135,29,19,43,134,2,133,9,3,123,122,41" hai3="112,27,81,107,102,50,26,21,118,130,58,68,30"/><U115/><E116/><V126/><F29/><W34/><G118/><T79/><D71/><U93/><E31/><V54/><F54/><W24/><G112/><T129/><D124/><U63/><E0/><V96/><F96/><W64/><G130/><T98/><D129/><U20/><E113/><V23/><F131/><W72/><G50/><T17/><D57/><U127/><E115/><V74/><F74/><W119/><G119/><T95/><D25/><U117/><E117/><V121/><F9/><W108/><G108/><T45/><D28/><U70/><E70/><V104/><F104/><W87/><G72/><T32/><D32/><U92/><E127/><V16/><F126/><W114/><G114/><T53/><D47/><U22/><E46/><V42/><F23/><W110/><G110/><T44/><D44/><U65/><E65/><V61/><F61/><N who="1" m="23049" /><E55/><V51/><F51/><W11/><G68/><T5/><D5/><U90/><E10/><V48/><F48/><W84/><G11/><N who="0" m="6399" /><D94/><N who="1" m="36459" /><E77/><V4/><F4/><W1/><G1/><AGARI ba="0,0" hai="1,2,3,16,19,41,42,43,121,122,123,133,134,135" machi="1" ten="60,12000,2" yaku="29,2,28,2,20,1,54,1" doraHai="69" who="2" fromWho="3" sc="250,0,224,0,276,120,250,-120" /><INIT seed="2,0,0,0,4,102" ten="250,224,396,130" oya="2" hai0="6,56,11,52,65,51,113,49,46,117,81,125,40" hai1="110,16,73,9,111,25,119,12,63,98,57,30,10" hai2="74,41,92,87,85,76,77,134,100,32,28,5,37" hai3="54,59,114,35,38,22,126,8,47,103,24,17,23"/><V67/><F134/><W94/><G114/><T80/><D113/><U13/><E73/><V71/><F5/><W55/><G126/><T72/><D117/><U44/><E119/><V34/><F74/><W89/><G35/><T132/><D125/><U19/><E44/><V15/><F15/><W78/><G78/><T45/><D132/><U70/><E70/><V33/><F28/><W135/><G135/><T129/><D129/><U29/><E98/><V115/><F115/><W20/><G38/><T79/><D81/><U101/><E101/><V131/><F131/><W3/><G103/><T83/><D83/><U112/><E112/><V4/><F4/><W48/><G3/><T116/><D116/><U107/><E107/><V82/><F41/><W130/><G8/><T88/><D88/><U93/><E93/><V128/><F37/><W2/><G2/><T91/><D91/><U90/><E90/><V39/><F39/><W118/><G130/><T99/><D99/><U50/><E50/><V95/><F128/><W104/><G104/><T75/><D65/><U53/><E30/><V122/><F122/><W133/><G133/><T18/><D18/><U120/><E120/><V7/><F7/><W64/><G64/><T61/><D75/><U14/><E14/><V97/><F67/><W62/><REACH who="3" step="1"/><G118/><REACH who="3" ten="250,224,396,120" step="2"/><T31/><D11/><U106/><E106/><V109/><F76/><W121/><G121/><T21/><D79/><U60/><E10/><V1/><F1/><W27/><G27/><N who="0" m="16879" /><D6/><U108/><E9/><V127/><F127/><W84/><AGARI ba="0,1" hai="17,20,22,23,24,47,48,54,55,59,62,84,89,94" machi="84" ten="20,5200,0" yaku="1,1,0,1,7,1,8,1,53,0" doraHai="102" doraHaiUra="68" who="3" fromWho="3" sc="250,-13,224,-13,396,-26,120,62" /><INIT seed="3,0,0,2,3,94" ten="237,211,370,182" oya="3" hai0="91,21,45,6,130,12,20,24,5,78,108,120,19" hai1="117,129,79,72,103,131,105,15,47,36,67,85,38" hai2="39,52,37,119,113,89,70,31,27,64,84,96,18" hai3="46,61,83,35,80,127,99,116,42,43,55,69,104"/><W23/><G35/><T100/><D120/><U90/><E117/><V28/><F119/><W114/><G116/><T11/><D108/><U115/><E115/><V66/><F113/><W93/><G114/><T123/><D123/><U109/><E67/><V14/><F31/><W132/><G104/><T71/><D71/><U118/><E118/><V68/><F39/><W9/><G132/><T26/><D130/><U110/><E15/><V50/><F37/><W126/><G9/><T8/><D78/><U51/><E38/><V133/><F133/><W106/><G106/><T10/><D100/><U111/><E36/><V73/><F96/><W135/><G135/><T87/><D45/><U101/><E51/><V112/><F73/><W4/><G4/><N who="0" m="1643" /><D21/><U88/><E47/><V0/><F0/><W125/><G23/><T1/><D1/><U57/><E57/><N who="2" m="32919" /><F68/><W92/><G69/><T59/><D59/><U41/><E41/><N who="3" m="15370" /><G93/><AGARI ba="0,0" hai="8,10,11,12,19,20,24,26,87,91,93" m="1643" machi="93" ten="30,1000,0" yaku="8,1" doraHai="94" who="0" fromWho="3" sc="237,10,211,0,370,0,182,-10" owari="247,5.0,211,-19.0,370,47.0,172,-33.0" /></mjloggm>