<mjloggm ver="2.3"><GO type="169" lobby="0"/><UN n0="%E8%88%AC%E5%8D%93%E6%B0%91%E3%81%AE%E6%9C%9D%E3%81%AF%E6%97%A9%E3%81%84" n1="%43%52%41%5A%59%42%45%45" n2="%E5%B0%B1%E6%B4%BB%E7%94%9F%40%E5%B7%9D%E6%9D%91%E8%BB%8D%E5%9B%A3" n3="%E4%B8%AD%E6%9D%91%E8%B1%AA" dan="16,17,16,16" rate="2097.63,2172.83,2048.12,2159.04" sx="F,M,M,M"/><TAIKYOKU oya="0"/><INIT seed="0,0,0,4,1,26" ten="250,250,250,250" oya="0" hai0="97,88,1,126,58,41,42,99,3,29,123,48,80" hai1="108,0,82,28,100,94,37,35,52,107,46,127,33" hai2="93,31,6,53,63,39,18,71,47,38,104,10,131" hai3="106,72,44,59,61,5,135,40,95,105,112,56,66"/><T4/><D123/><U84/><E107/><V118/><F104/><W92/><G72/><T120/><D120/><U21/><E0/><V102/><F118/><W133/><G5/><T83/><D4/><U20/><E108/><V2/><F131/><W36/><G112/><T132/><D132/><N who="3" m="50761" /><G95/><T91/><D126/><U122/><E122/><V114/><F114/><W68/><G92/><T128/><D128/><U79/><E127/><V111/><F111/><W96/><G105/><T89/><D29/><U9/><E9/><V77/><F31/><W81/><G81/><N who="0" m="31307" /><D3/><U75/><E37/><V86/><F18/><W24/><G24/><T90/><D1/><U14/><E75/><V125/><F77/><W73/><G73/><T43/><N who="0" m="23040" /><DORA hai="119" /><T101/><D101/><AGARI ba="0,0" hai="36,40,44,56,59,61,66,68,96,101,106" m="50761" machi="101" ten="30,1000,0" yaku="20,1" doraHai="26,119" who="3" fromWho="0" sc="250,-10,250,0,250,0,250,10" /><INIT seed="1,0,0,2,4,99" ten="240,250,250,260" oya="1" hai0="65,59,12,30,69,135,86,47,81,21,125,2,8" hai1="34,89,83,45,4,123,94,118,28,64,13,75,1" hai2="6,134,26,90,49,119,70,32,63,38,16,44,114" hai3="24,54,73,17,84,5,79,111,55,71,131,48,126"/><U92/><E123/><V112/><F38/><W56/><G71/><T101/><D69/><U50/><E118/><V109/><F119/><W98/><G73/><T93/><D2/><U46/><E1/><V88/><F6/><W116/><G5/><T66/><D135/><U14/><E64/><N who="2" m="41247" /><F134/><W76/><G116/><T113/><D113/><N who="2" m="43626" /><F109/><W22/><G111/><T15/><D125/><U57/><E34/><V27/><F32/><W128/><G126/><T52/><D47/><N who="1" m="17931" /><E75/><V107/><F107/><W117/><G117/><T91/><D30/><U121/><E28/><V78/><F78/><W127/><G127/><T7/><D21/><U122/><E121/><V115/><N who="2" m="43634" /><V87/><DORA hai="106" /><F16/><W104/><G79/><T9/><D101/><U80/><E122/><V40/><F90/><W41/><G76/><T108/><D108/><U10/><E94/><AGARI ba="0,0" hai="26,27,40,44,49,87,88,94" m="43634,41247" machi="94" ten="40,2600,0" yaku="11,1,54,1" doraHai="99,106" who="2" fromWho="1" sc="240,0,250,-26,250,26,260,0" /><INIT seed="2,0,0,5,0,100" ten="240,224,276,260" oya="2" hai0="78,135,25,61,116,58,19,115,106,124,37,34,20" hai1="109,95,76,110,75,15,69,7,40,62,54,31,130" hai2="47,9,131,86,64,63,49,107,2,90,105,98,51" hai3="103,72,13,114,16,55,134,126,59,35,50,52,117"/><V48/><F131/><W133/><G35/><T28/><D115/><U32/><E40/><V119/><F119/><W18/><G72/><T80/><D116/><U6/><E130/><V45/><F2/><W36/><G36/><T17/><D37/><U27/><E76/><V30/><F30/><W12/><G117/><T39/><D39/><U5/><E75/><V101/><F9/><N who="3" m="6447" /><G126/><T120/><D120/><U73/><E73/><V8/><F8/><N who="3" m="6151" /><G103/><T81/><D124/><U68/><E15/><V41/><F107/><W93/><G93/><T83/><D106/><U99/><E54/><V22/><F22/><W77/><G77/><T4/><D78/><U84/><E84/><V14/><F14/><W128/><G55/><T121/><D121/><U24/><E24/><V132/><F132/><N who="3" m="50795" /><G128/><T65/><D135/><U3/><E3/><V111/><F111/><W113/><AGARI ba="0,0" hai="50,52,59,113,114" m="50795,6151,6447" machi="113" ten="30,4000,0" yaku="20,1,54,2" doraHai="100" who="3" fromWho="3" sc="240,-10,224,-10,276,-20,260,40" /><INIT seed="3,0,0,3,4,35" ten="230,214,256,300" oya="3" hai0="25,81,47,40,38,127,84,135,94,85,101,6,70" hai1="132,18,3,102,9,65,22,115,24,80,106,39,99" hai2="37,133,5,36,42,83,103,15,51,96,1,62,108" hai3="14,78,124,41,125,44,11,118,49,97,48,45,89"/><W74/><G118/><T86/><D127/><U116/><E115/><V90/><F108/><W56/><G56/><T69/><D135/><U112/><E112/><V26/><F133/><W72/><G89/><T58/><D6/><U34/><E132/><V8/><F62/><W21/><G21/><T114/><D114/><U76/><E39/><V43/><F26/><W122/><G97/><T120/><D120/><U50/><E116/><V92/><F15/><W107/><G107/><T53/><D81/><U105/><E34/><V75/><F43/><W88/><G88/><T19/><D101/><U66/><E50/><V33/><F33/><W13/><G78/><T113/><D94/><U10/><E10/><V126/><F126/><N who="3" m="48747" /><G122/><T71/><D113/><U111/><E111/><V20/><F20/><W7/><G14/><T31/><D19/><U117/><E106/><V63/><F63/><W129/><G129/><T130/><D130/><U60/><E60/><V16/><F75/><W68/><G68/><T57/><REACH who="0" step="1"/><D53/><AGARI ba="0,0" hai="7,11,13,41,44,45,48,49,53,72,74" m="48747" machi="53" ten="30,1500,0" yaku="18,1" doraHai="35" who="3" fromWho="0" sc="230,-15,214,0,256,0,300,15" /><INIT seed="3,1,0,0,5,67" ten="215,214,256,315" oya="3" hai0="47,1,113,125,28,103,129,117,85,8,13,23,128" hai1="45,32,107,65,10,24,22,77,75,50,94,20,120" hai2="37,123,4,93,131,73,99,34,108,88,0,38,80" hai3="49,48,104,35,84,134,60,72,9,118,63,101,5"/><W66/><G72/><T97/><D117/><U100/><E107/><V64/><F34/><W41/><G118/><T25/><D125/><U16/><E120/><V19/><F123/><W96/><G35/><T57/><D113/><U68/><E32/><V132/><F131/><W81/><G134/><T115/><D115/><U42/><E10/><V46/><F108/><W26/><G26/><T124/><D124/><U106/><E106/><V7/><F132/><W52/><G41/><T135/><D135/><U36/><E36/><V109/><F109/><W86/><G86/><T110/><D110/><U95/><E100/><V127/><F127/><W98/><G98/><T133/><D133/><U116/><E116/><V92/><F64/><W55/><G49/><T51/><D85/><U44/><E44/><V119/><F119/><W53/><G48/><T43/><D57/><U71/><E22/><V90/><F46/><W14/><REACH who="3" step="1"/><G66/><REACH who="3" ten="215,214,256,305" step="2"/><T6/><REACH who="0" step="1"/><D1/><REACH who="0" ten="205,214,256,305" step="2"/><U2/><E2/><V62/><F0/><W54/><N who="3" m="13312" /><DORA hai="21" /><W112/><G112/><T121/><D121/><U40/><E75/><V82/><F73/><W3/><G3/><T18/><D18/><U69/><E16/><V56/><F19/><W70/><G70/><T33/><D33/><U31/><E71/><V89/><F99/><W87/><G87/><T29/><D29/><U61/><E69/><V12/><F7/><W58/><G58/><T17/><D17/><U91/><E68/><V11/><F56/><W114/><G114/><T59/><D59/><U27/><E31/><V39/><F4/><W15/><G15/><RYUUKYOKU ba="1,2" sc="205,15,214,-15,256,-15,305,15" hai0="6,8,13,23,25,28,43,47,51,97,103,128,129" hai3="5,9,14,60,63,81,84,96,101,104" /><INIT seed="3,2,2,3,5,18" ten="220,199,241,320" oya="3" hai0="133,48,7,47,104,75,36,123,39,2,38,81,130" hai1="12,124,21,60,22,89,13,100,10,91,126,113,103" hai2="78,8,71,49,53,87,43,73,119,23,112,76,134" hai3="20,61,62,102,105,117,85,120,114,41,115,90,56"/><W58/><G117/><T51/><D123/><U107/><E60/><V16/><F73/><W122/><G41/><N who="0" m="22951" /><D104/><U37/><E37/><N who="0" m="13833" /><D130/><U84/><E84/><V118/><F71/><W32/><G32/><T83/><D83/><U54/><E54/><V92/><F112/><W17/><G102/><T59/><D133/><U57/><E57/><N who="2" m="32943" /><F134/><W33/><G33/><T77/><D59/><U116/><E10/><AGARI ba="2,2" hai="2,7,10,48,51,75,77,81" m="13833,22951" machi="10" ten="30,1000,0" yaku="25,1" doraHai="18" who="0" fromWho="1" sc="220,36,199,-16,241,0,320,0" /><INIT seed="4,0,0,1,0,64" ten="256,183,241,320" oya="0" hai0="24,71,133,66,33,7,43,132,117,55,38,85,10" hai1="135,73,61,62,36,34,106,22,88,82,126,65,110" hai2="48,47,68,80,32,21,78,134,83,16,46,40,56" hai3="97,122,53,76,98,127,19,58,74,77,17,1,119"/><T50/><D117/><U90/><E110/><V67/><F134/><W37/><G37/><T29/><D38/><U116/><E34/><V11/><F32/><W103/><G1/><T112/><D43/><U99/><E116/><V128/><F128/><W20/><G127/><T94/><D112/><U6/><E36/><V15/><F68/><W108/><G108/><T115/><D115/><U75/><E126/><V60/><F78/><N who="3" m="30315" /><G74/><T105/><D105/><U14/><E135/><N who="0" m="51785" /><D94/><U52/><E75/><V35/><F35/><W31/><G122/><T89/><D85/><N who="1" m="50231" /><E73/><V9/><F47/><W81/><G81/><AGARI ba="0,0" hai="9,11,15,16,21,40,46,48,56,60,67,80,81,83" machi="81" ten="40,2600,0" yaku="8,1,54,1" doraHai="64" who="2" fromWho="3" sc="256,0,183,0,241,26,320,-26" /><INIT seed="5,0,0,0,5,108" ten="256,183,267,294" oya="1" hai0="99,30,36,51,85,123,119,54,105,22,116,111,106" hai1="52,1,62,57,94,43,13,88,107,81,41,64,15" hai2="38,114,129,98,100,58,86,4,115,24,26,2,63" hai3="109,50,44,70,68,134,124,37,27,133,28,3,45"/><U34/><E1/><V117/><F38/><W102/><G3/><T101/><D111/><U103/><E34/><V6/><F117/><W118/><G109/><T121/><D36/><U23/><E107/><V120/><F129/><W74/><G74/><T12/><D105/><U110/><E110/><V11/><F86/><W89/><G102/><T16/><D30/><U93/><E64/><V9/><F120/><W90/><G124/><T95/><D106/><U82/><E103/><V77/><F77/><W135/><G118/><T91/><D101/><U60/><E60/><V32/><F98/><W78/><G78/><T130/><D99/><N who="1" m="57767" /><E94/><V71/><F100/><W55/><G44/><T127/><D127/><U83/><E23/><V31/><F26/><W20/><G37/><T0/><D0/><U75/><E75/><V80/><F80/><N who="1" m="20481" /><U47/><DORA hai="67" /><E47/><V17/><F4/><W92/><G90/><T10/><D119/><U7/><E7/><V112/><F71/><W128/><G128/><T61/><D130/><U48/><E62/><V84/><F84/><AGARI ba="0,0" hai="20,27,28,45,50,55,68,70,84,89,92,133,134,135" machi="84" ten="40,5200,0" yaku="20,1,52,2" doraHai="108,67" who="3" fromWho="2" sc="256,0,183,0,267,-52,294,52" /><INIT seed="6,0,0,0,2,97" ten="256,183,215,346" oya="2" hai0="86,80,78,132,11,40,50,122,47,60,109,14,112" hai1="34,26,85,126,108,133,17,13,83,100,44,95,120" hai2="117,123,8,93,131,10,119,56,6,42,63,19,31" hai3="103,52,81,92,125,111,49,102,64,69,72,107,1"/><V24/><F123/><W89/><G1/><T88/><D122/><U130/><E120/><V51/><F131/><W53/><G53/><T82/><D109/><U25/><E108/><V18/><F119/><W128/><G125/><T22/><D112/><U129/><E126/><V113/><F117/><W65/><G111/><T43/><D132/><U62/><E133/><V28/><F113/><W94/><G107/><T121/><D43/><U32/><E62/><V33/><F93/><N who="3" m="35947" /><G72/><T66/><D22/><N who="1" m="11567" /><E44/><N who="2" m="26007" /><F33/><W21/><G21/><T114/><D114/><U46/><E46/><V75/><F75/><W20/><G20/><T98/><D98/><N who="1" m="59487" /><E34/><V91/><F91/><W101/><G69/><T23/><D23/><U16/><E32/><V74/><F74/><W57/><G128/><N who="1" m="49258" /><E16/><N who="2" m="6187" /><F24/><W29/><G29/><N who="2" m="11337" /><F6/><W90/><G81/><T3/><D3/><U106/><E106/><V59/><F59/><W35/><G35/><T87/><D121/><U84/><E84/><V55/><AGARI ba="0,0" hai="8,10,55,56,63" m="11337,6187,26007" machi="55" ten="30,3000,0" yaku="8,1,54,1" doraHai="97" who="2" fromWho="2" sc="256,-10,183,-10,215,30,346,-10" /><INIT seed="6,1,0,4,0,130" ten="246,173,245,336" oya="2" hai0="56,45,10,90,50,110,114,96,108,106,13,26,43" hai1="11,1,109,44,72,31,79,126,99,23,63,9,94" hai2="15,77,102,128,62,24,71,7,76,21,85,104,87" hai3="69,38,6,95,20,117,93,91,18,67,124,129,42"/><V127/><F128/><W120/><G6/><T105/><D105/><U32/><E109/><V107/><F127/><W111/><G117/><T132/><D132/><U113/><E32/><V39/><F39/><W51/><G38/><T121/><D121/><U37/><E126/><V52/><F71/><W46/><G120/><T27/><D56/><U82/><E113/><V103/><F104/><W88/><G129/><T0/><D0/><U98/><E63/><V92/><F107/><W34/><G34/><T75/><D75/><U3/><E99/><N who="2" m="59751" /><F103/><W81/><G81/><T28/><D114/><U86/><E72/><V40/><F40/><W5/><G5/><T22/><D27/><U122/><E122/><V118/><F15/><W115/><G111/><T12/><D12/><U54/><E3/><V66/><F7/><W30/><G69/><T101/><D90/><N who="1" m="55639" /><E37/><V61/><F66/><W2/><G67/><T64/><D64/><U14/><E1/><V123/><F123/><W70/><G70/><T60/><D60/><N who="2" m="23146" /><F52/><W16/><G2/><T33/><D33/><U48/><E14/><V73/><F73/><W116/><G124/><T4/><AGARI ba="1,0" hai="4,10,13,22,26,28,43,45,50,96,101,106,108,110" machi="4" ten="20,1500,0" yaku="0,1,7,1" doraHai="130" who="0" fromWho="0" sc="246,18,173,-5,245,-8,336,-5" /><INIT seed="7,0,0,5,3,60" ten="264,168,237,331" oya="3" hai0="20,23,115,84,106,54,11,108,48,17,58,124,70" hai1="126,77,28,132,86,119,123,109,13,52,7,74,120" hai2="66,29,36,73,116,72,129,64,46,49,32,103,75" hai3="94,122,37,41,3,33,113,110,0,69,59,47,127"/><W51/><G33/><T42/><D106/><U92/><E109/><V57/><F116/><W97/><G69/><T40/><D108/><U18/><E119/><V93/><F36/><W95/><G95/><T107/><D107/><U134/><E74/><V131/><F32/><W5/><G5/><T16/><D124/><U35/><E126/><V125/><F29/><W118/><G122/><T87/><D70/><U25/><E7/><V96/><F57/><W98/><G98/><T65/><D11/><U15/><E15/><V38/><F38/><W22/><G3/><T56/><D17/><U4/><E4/><V85/><F85/><N who="0" m="32842" /><D20/><U128/><E128/><N who="2" m="49227" /><F125/><W10/><G37/><T71/><D71/><U21/><E77/><V26/><F26/><W112/><G0/><T6/><D6/><U24/><E24/><V82/><F82/><W89/><G118/><T34/><D34/><U39/><E39/><V61/><F61/><W44/><G110/><T67/><D115/><U31/><E31/><V12/><F12/><W62/><G112/><T78/><D78/><U27/><E27/><V101/><F101/><W135/><G22/><T121/><D121/><U30/><E30/><V45/><F45/><W68/><G47/><T14/><D56/><U2/><E2/><V76/><F76/><W43/><G59/><T90/><D90/><U19/><E19/><V100/><F100/><W105/><G89/><T63/><D63/><U79/><E79/><V114/><F114/><W130/><G113/><T88/><D88/><N who="1" m="53271" /><E52/><AGARI ba="0,0" hai="46,49,52,64,66,72,73,75,93,96,103" m="49227" machi="52" ten="40,8000,1" yaku="19,1,52,2,54,1" doraHai="60" who="2" fromWho="1" sc="264,0,168,-80,237,80,331,0" owari="264,-14.0,88,-41.0,317,12.0,331,43.0" /></mjloggm>