<mjloggm ver="2.3"><GO type="169" lobby="0"/><UN n0="%44%65%74%63%68%27" n1="%E3%82%A8%E3%83%83%E3%83%95%E3%82%A7%E3%83%AB%E5%A1%94" n2="%74%61%74%73%75%37%30%32" n3="%E3%82%A6%E3%83%AB%E3%83%88%E3%83%A9%E7%AB%8B%E7%9B%B4" dan="17,16,17,17" rate="2144.04,2125.91,2256.13,2207.71" sx="M,M,M,M"/><TAIKYOKU oya="0"/><INIT seed="0,0,0,0,4,56" ten="250,250,250,250" oya="0" hai0="72,14,51,4,57,98,9,111,17,122,80,96,8" hai1="48,112,86,121,20,63,65,100,94,30,49,118,101" hai2="24,62,71,29,104,26,22,13,33,81,18,131,108" hai3="28,87,103,115,66,124,88,95,70,42,77,31,25"/><T54/><D122/><U89/><E121/><V12/><F108/><W60/><G115/><T0/><REACH who="0" step="1"/><D111/><REACH who="0" ten="240,250,250,250" step="2"/><U110/><E110/><V119/><F119/><W107/><G124/><T6/><D6/><U59/><E118/><V41/><F131/><W93/><G77/><AGARI ba="0,1" hai="0,4,8,9,14,17,51,54,57,72,77,80,96,98" machi="77" ten="40,2000,0" yaku="1,1,53,0" doraHai="56" doraHaiUra="69" who="0" fromWho="3" sc="240,30,250,0,250,0,250,-20" /><INIT seed="0,1,0,4,0,85" ten="270,250,250,230" oya="0" hai0="72,69,123,129,8,88,20,132,15,107,3,31,34" hai1="71,60,80,93,49,89,5,133,44,106,118,91,116" hai2="42,78,52,105,50,27,37,111,92,26,62,46,122" hai3="113,119,12,125,56,101,135,86,82,45,110,57,53"/><T30/><D69/><U128/><E106/><V43/><F111/><W35/><G35/><T9/><D123/><U67/><E5/><V81/><F105/><W74/><G74/><T10/><D72/><U73/><E128/><V127/><F127/><W112/><G119/><T131/><D107/><U104/><E104/><V114/><F114/><W40/><G125/><T36/><D36/><U76/><E133/><V121/><F122/><W39/><G135/><T64/><D64/><U108/><E108/><V33/><F121/><W98/><G110/><T124/><D124/><U18/><E18/><V83/><F37/><W102/><G57/><T0/><D132/><U29/><E29/><N who="0" m="10761" /><D34/><U75/><E75/><V1/><F1/><N who="0" m="586" /><D88/><U51/><E51/><V16/><F33/><W14/><G101/><T24/><D15/><U90/><REACH who="1" step="1"/><E93/><REACH who="1" ten="270,240,250,230" step="2"/><V70/><F92/><W130/><G113/><T55/><D55/><AGARI ba="1,1" hai="44,49,55,60,67,71,73,76,80,89,90,91,116,118" machi="55" ten="40,16000,3" yaku="1,1,2,1,52,3,53,3" doraHai="85" doraHaiUra="84" who="1" fromWho="0" sc="270,-163,240,173,250,0,230,0" /><INIT seed="1,0,0,0,0,4" ten="107,413,250,230" oya="1" hai0="88,81,102,62,35,50,3,83,72,94,116,27,77" hai1="132,104,135,100,103,91,48,78,1,42,6,40,118" hai2="9,0,30,58,8,52,44,65,73,54,53,98,47" hai3="101,45,25,69,31,90,24,70,46,80,16,10,110"/><U14/><E118/><V109/><F109/><W37/><G110/><T108/><D108/><U95/><E1/><V56/><F0/><W43/><G101/><T21/><D116/><U18/><E6/><V117/><F117/><W123/><G123/><T55/><D35/><U85/><E78/><V64/><F73/><W61/><G46/><N who="2" m="17449" /><F30/><W2/><G61/><T23/><D3/><U57/><E104/><V133/><F98/><W119/><G119/><T111/><D111/><U131/><E131/><V79/><F79/><W105/><G105/><T86/><D62/><U67/><E135/><V106/><F106/><W124/><G124/><T32/><D50/><U128/><E132/><V134/><F134/><W107/><G107/><T74/><D55/><N who="1" m="31975" /><E67/><N who="2" m="25675" /><F133/><W59/><G59/><AGARI ba="0,0" hai="8,9,52,53,54,56,58,59" m="25675,17449" machi="59" ten="30,12000,2" yaku="28,2,8,1,52,2,54,1" doraHai="4" who="2" fromWho="3" sc="107,0,413,0,250,120,230,-120" /><INIT seed="2,0,0,0,0,63" ten="107,413,370,110" oya="2" hai0="72,96,92,111,14,31,21,56,93,104,81,34,44" hai1="48,103,76,116,100,66,99,9,67,101,16,45,88" hai2="3,50,135,57,10,130,107,112,121,84,17,41,23" hai3="8,90,52,133,109,119,59,114,46,22,86,83,124"/><V39/><F112/><W129/><G119/><T110/><D34/><U2/><E116/><V26/><F121/><W47/><G114/><T58/><D104/><U91/><E76/><V18/><F107/><W125/><G109/><N who="0" m="41483" /><D44/><U126/><E126/><N who="3" m="48746" /><G129/><T60/><D96/><U85/><E2/><V78/><F130/><W94/><G133/><T68/><D72/><U7/><E7/><V6/><F135/><W35/><G35/><T89/><D81/><N who="1" m="49199" /><E91/><V33/><F33/><W13/><G83/><T127/><D127/><U105/><E99/><V74/><F84/><W5/><G22/><T24/><D14/><N who="1" m="7247" /><E105/><V54/><F78/><W120/><G120/><T20/><D89/><U43/><AGARI ba="0,0" hai="43,45,48,66,67,100,101,103" m="7247,49199" machi="43" ten="30,8000,1" yaku="8,1,52,2,54,2" doraHai="63" who="1" fromWho="1" sc="107,-20,413,80,370,-40,110,-20" /><INIT seed="3,0,0,0,1,10" ten="87,493,330,90" oya="3" hai0="133,15,100,64,102,119,106,105,113,7,93,94,19" hai1="68,76,75,59,98,115,32,135,54,65,30,91,86" hai2="42,22,58,52,87,121,82,108,127,28,46,16,14" hai3="20,110,23,31,34,53,96,73,11,71,126,88,131"/><W61/><G73/><T78/><D119/><U90/><E76/><V83/><F108/><W48/><G110/><T134/><D7/><U117/><E65/><V39/><F127/><W27/><G126/><T80/><D64/><U41/><E41/><V79/><F121/><W9/><G131/><T38/><D38/><U44/><E44/><V50/><F83/><W45/><G71/><T21/><D113/><U111/><E98/><V12/><F28/><W2/><G61/><T0/><D0/><U89/><E90/><V25/><AGARI ba="0,0" hai="12,14,16,22,25,39,42,46,50,52,58,79,82,87" machi="25" ten="20,12000,2" yaku="0,1,7,1,52,2,54,2" doraHai="10" who="2" fromWho="2" sc="87,-30,493,-30,330,120,90,-60" /><INIT seed="4,0,0,2,0,64" ten="57,463,450,30" oya="0" hai0="87,77,53,46,109,48,49,97,133,51,122,85,115" hai1="28,81,60,65,15,92,90,103,9,94,35,34,26" hai2="128,13,113,1,0,114,129,24,72,41,54,95,25" hai3="131,127,17,58,123,21,3,55,78,116,118,110,79"/><T102/><D115/><N who="2" m="44042" /><F72/><W22/><G3/><N who="2" m="1097" /><F41/><W119/><G110/><T59/><D133/><U6/><E103/><V126/><F54/><W69/><G127/><T107/><D122/><U134/><E134/><V120/><F95/><W89/><G123/><T12/><D109/><U30/><E81/><V104/><F120/><W11/><G11/><T73/><D12/><U125/><E125/><V76/><F126/><W106/><G106/><T71/><D71/><U105/><E105/><V56/><F104/><W88/><G131/><N who="2" m="50249" /><F56/><W91/><G58/><T40/><D73/><U117/><E117/><V7/><F76/><N who="3" m="29227" /><G55/><T80/><REACH who="0" step="1"/><D87/><REACH who="0" ten="47,463,450,30" step="2"/><U19/><E15/><V63/><F63/><AGARI ba="0,1" hai="40,46,48,49,51,53,59,63,77,80,85,97,102,107" machi="63" ten="30,5800,0" yaku="1,1,2,1,7,1,53,0" doraHai="64" doraHaiUra="16" who="0" fromWho="2" sc="47,68,463,0,450,-58,30,0" /><INIT seed="4,1,0,4,5,129" ten="115,463,392,30" oya="0" hai0="133,122,104,92,11,112,54,64,23,22,119,46,106" hai1="42,65,14,9,45,19,41,36,69,135,100,15,26" hai2="85,5,60,75,0,12,76,102,66,3,101,126,98" hai3="28,4,1,115,89,134,61,27,88,127,39,105,103"/><T44/><D112/><U111/><E100/><V2/><F126/><W47/><G115/><T121/><D92/><U63/><E111/><V124/><F124/><W33/><G127/><T77/><D54/><U94/><E94/><V43/><F43/><W113/><G113/><T21/><D77/><U110/><E110/><V132/><F132/><W90/><G4/><T95/><D95/><U73/><E73/><V56/><F75/><W117/><G1/><T68/><D11/><U38/><E26/><V13/><F102/><W7/><G7/><T114/><D114/><U8/><E135/><V123/><F123/><N who="0" m="47114" /><D133/><U109/><E109/><V82/><REACH who="2" step="1"/><F5/><REACH who="2" ten="115,463,382,30" step="2"/><W80/><G134/><T29/><D119/><U120/><E120/><V18/><F18/><W49/><G117/><T108/><D108/><U72/><E72/><V62/><F62/><W84/><G61/><T57/><D29/><U74/><E74/><V125/><F125/><W58/><G103/><T107/><D104/><AGARI ba="1,1" hai="0,2,3,12,13,56,60,66,76,82,85,98,101,104" machi="104" ten="40,1300,0" yaku="1,1,53,0" doraHai="129" doraHaiUra="48" who="2" fromWho="0" sc="115,-16,463,0,382,26,30,0" /><INIT seed="5,0,0,5,3,122" ten="99,463,408,30" oya="1" hai0="131,9,59,51,20,60,28,56,66,135,53,52,22" hai1="68,114,45,77,82,101,29,121,67,75,18,23,0" hai2="119,35,79,4,107,123,95,91,85,48,129,44,104" hai3="46,88,71,21,27,80,64,73,30,10,130,125,90"/><U72/><E121/><V113/><F123/><W50/><G125/><T17/><D135/><U16/><E0/><V62/><F35/><W3/><G130/><T127/><D127/><U14/><E29/><V100/><F129/><W8/><G71/><T76/><D131/><U128/><E128/><V92/><F4/><W116/><G116/><T41/><D76/><U84/><E101/><V97/><F119/><W1/><G1/><T2/><D41/><U42/><E114/><V96/><F113/><W5/><G64/><T49/><D28/><U40/><E40/><V87/><F62/><W111/><G10/><T37/><D37/><U25/><E67/><V58/><F58/><W33/><G33/><T109/><D109/><U47/><E68/><V118/><F48/><W65/><G65/><T106/><D106/><N who="2" m="40490" /><F44/><W89/><G111/><T117/><D117/><U31/><E18/><V120/><F120/><W112/><G112/><T13/><D2/><U11/><REACH who="1" step="1"/><E47/><AGARI ba="0,0" hai="9,13,17,20,22,47,49,51,52,53,56,59,60,66" machi="47" ten="30,3900,0" yaku="7,1,8,1,54,1" doraHai="122" who="0" fromWho="1" sc="99,39,463,-39,408,0,30,0" /><INIT seed="6,0,0,4,3,78" ten="138,424,408,30" oya="2" hai0="24,53,15,119,80,114,65,117,61,88,127,69,4" hai1="82,34,3,16,7,48,23,38,105,97,95,76,42" hai2="57,129,126,83,85,118,40,10,131,2,86,90,115" hai3="55,109,102,133,5,110,9,71,72,46,19,36,100"/><V26/><F118/><N who="0" m="45066" /><D114/><U1/><E34/><V128/><F126/><W17/><G55/><T41/><D127/><U81/><E105/><V52/><F115/><W104/><G19/><T54/><D41/><U64/><E64/><V98/><F98/><W96/><G17/><T25/><D54/><U22/><E38/><V59/><F40/><N who="3" m="22791" /><G133/><T116/><D53/><U58/><E3/><V50/><F26/><W29/><G29/><T87/><D116/><U37/><E37/><V30/><F30/><W14/><G14/><T63/><D63/><U77/><E7/><N who="2" m="1399" /><F86/><W79/><G102/><T125/><D125/><U106/><E106/><V121/><F121/><W60/><G60/><T33/><D33/><U74/><E1/><V120/><F120/><W112/><G112/><T93/><D93/><U47/><E58/><AGARI ba="0,0" hai="50,52,57,58,59,83,85,90,128,129,131" m="1399" machi="58" ten="30,5800,0" yaku="19,1,52,1,54,1" doraHai="78" who="2" fromWho="1" sc="138,0,424,-58,408,58,30,0" /><INIT seed="6,1,0,0,0,82" ten="138,366,466,30" oya="2" hai0="35,77,125,128,104,56,85,15,33,65,76,131,21" hai1="99,7,114,3,123,53,106,59,84,50,58,130,61" hai2="18,81,79,74,31,24,113,29,134,32,48,120,36" hai3="129,55,34,42,122,49,98,96,27,103,22,5,2"/><V9/><F120/><W115/><G122/><T37/><D37/><U110/><E123/><V73/><F36/><W10/><G129/><T0/><D0/><U93/><E130/><V132/><F113/><W14/><G42/><T83/><D104/><U44/><E114/><V23/><F31/><W47/><G115/><T40/><D40/><U52/><E110/><V105/><F105/><W109/><G109/><T71/><D71/><U75/><E75/><V108/><F108/><W16/><G103/><T63/><D125/><U70/><E106/><V107/><F107/><W97/><REACH who="3" step="1"/><G34/><REACH who="3" ten="138,366,466,20" step="2"/><T117/><D35/><U38/><E38/><V121/><F121/><W112/><G112/><T116/><D33/><U25/><E70/><V1/><F74/><W66/><G66/><T11/><D131/><U28/><E53/><V41/><F41/><W64/><G64/><T12/><D128/><U20/><E52/><V67/><F67/><W118/><G118/><T13/><D117/><U80/><E44/><V17/><F32/><W87/><G87/><T92/><D116/><U39/><E39/><V124/><F124/><W102/><G102/><T100/><D100/><U45/><E45/><V133/><F48/><W54/><G54/><T101/><D101/><N who="1" m="60655" /><E50/><V135/><F134/><W88/><G88/><T6/><D65/><U62/><E62/><V94/><F133/><W68/><G68/><T111/><D63/><U126/><E126/><V60/><F60/><W8/><G8/><T43/><D11/><N who="1" m="2559" /><E61/><V90/><F9/><W86/><G86/><T72/><D85/><U91/><AGARI ba="1,1" hai="20,25,28,58,59,80,84,91" m="2559,60655" machi="91" ten="30,2000,0" yaku="5,1,52,1" doraHai="82" who="1" fromWho="1" sc="138,-6,366,33,466,-11,20,-6" /><INIT seed="7,0,0,0,3,44" ten="132,399,455,14" oya="3" hai0="16,120,33,26,35,60,95,89,97,93,105,111,110" hai1="76,109,12,124,63,58,133,113,59,40,96,9,103" hai2="75,0,48,78,84,21,70,80,98,20,116,88,101" hai3="86,42,117,90,126,82,118,55,64,67,125,65,102"/><W62/><G42/><T30/><D120/><U47/><E113/><V56/><F116/><W107/><G107/><T71/><D35/><U104/><E124/><N who="3" m="47722" /><G102/><N who="0" m="62671" /><D16/><U122/><E133/><V45/><F56/><AGARI ba="0,0" hai="55,56,62,64,65,67,82,86,90,117,118" m="47722" machi="56" ten="30,1500,0" yaku="18,1" doraHai="44" who="3" fromWho="2" sc="132,0,399,0,455,-15,14,15" /><INIT seed="7,1,0,0,2,103" ten="132,399,440,29" oya="3" hai0="102,77,119,12,50,92,49,114,94,112,29,11,118" hai1="120,89,117,111,104,109,53,108,45,134,17,131,18" hai2="72,132,91,122,39,86,41,38,135,56,113,106,9" hai3="73,66,28,83,127,64,74,88,43,65,23,55,37"/><W84/><G127/><T130/><D130/><U27/><E120/><V36/><F72/><W22/><G37/><T24/><D77/><U129/><E89/><V1/><F106/><W20/><G43/><T125/><D49/><U69/><E69/><V7/><F113/><N who="0" m="43626" /><D50/><U128/><E53/><V26/><F122/><W87/><G28/><T98/><D94/><U32/><E45/><N who="2" m="23719" /><F26/><W124/><G124/><T15/><D125/><U6/><E104/><V100/><F100/><W78/><REACH who="3" step="1"/><G55/><REACH who="3" ten="132,399,440,19" step="2"/><T133/><D133/><N who="2" m="51274" /><F56/><W46/><G46/><T110/><D119/><U0/><E134/><V16/><F39/><W59/><G59/><T48/><D118/><U71/><E117/><V4/><F38/><W76/><G76/><T33/><D110/><U80/><E71/><V2/><F2/><W62/><G62/><T81/><D48/><U63/><E63/><V21/><F1/><W79/><G79/><T13/><D11/><N who="1" m="2503" /><E80/><AGARI ba="1,1" hai="20,22,23,64,65,66,73,74,78,80,83,84,87,88" machi="80" ten="40,3900,0" yaku="1,1,54,1,53,0" doraHai="103" doraHaiUra="57" who="3" fromWho="1" sc="132,0,399,-42,440,0,19,52" /><AGARI ba="1,0" hai="12,13,15,24,29,33,80,81,92,98,102" m="43626" machi="80" ten="30,2000,0" yaku="15,1,11,1" doraHai="103" who="0" fromWho="1" sc="132,20,357,-20,440,0,71,0" /><INIT seed="7,2,0,3,3,3" ten="152,337,440,71" oya="3" hai0="15,23,113,9,131,107,59,114,0,22,119,130,82" hai1="24,76,116,103,43,122,19,134,5,71,32,80,17" hai2="92,18,85,65,38,29,37,133,62,34,8,110,64" hai3="67,68,36,127,96,39,73,115,74,123,102,26,12"/><W121/><G12/><T51/><D119/><U93/><E71/><V125/><F110/><W10/><G10/><T46/><D0/><U31/><E122/><N who="3" m="46602" /><G26/><T44/><D59/><U42/><E134/><V16/><F125/><W108/><G127/><T87/><D107/><U126/><E126/><V25/><F133/><W56/><G56/><T95/><D95/><U86/><E116/><V100/><F65/><W41/><G41/><N who="0" m="25039" /><D44/><U35/><E35/><V94/><F38/><N who="3" m="14379" /><G108/><T105/><D105/><U128/><E19/><V61/><F61/><N who="3" m="40047" /><G115/><N who="0" m="44043" /><D23/><U4/><E17/><V75/><F94/><W50/><G50/><T88/><D22/><U97/><E43/><V13/><F37/><W132/><G132/><T98/><D98/><U30/><E42/><V11/><F8/><W135/><G135/><T7/><AGARI ba="2,0" hai="7,9,15,82,87,88,130,131" m="44043,25039" machi="7" ten="30,7900,0" yaku="15,1,11,1,52,1,54,1" doraHai="3" who="0" fromWho="0" sc="152,85,337,-22,440,-22,71,-41" owari="237,-16.0,315,12.0,418,51.0,30,-47.0" /></mjloggm>