<mjloggm ver="2.3"><GO type="97" lobby="0"/><UN n0="%63%6F%6D%79%75%6E%6F" n1="%E5%B0%B1%E6%B4%BB%E7%94%9F%40%E5%B7%9D%E6%9D%91%E8%BB%8D%E5%9B%A3" n2="%E3%81%8E%E3%82%93%E3%81%9A" n3="%E6%94%BE%E6%B5%AA%E3%81%AE%E3%83%97%E3%83%AA%E3%83%B3%E3%82%B9" dan="15,14,13,15" rate="1965.13,2013.51,1851.90,1938.43" sx="M,M,M,M"/><TAIKYOKU oya="0"/><INIT seed="0,0,0,4,0,134" ten="250,250,250,250" oya="0" hai0="119,49,109,57,32,62,80,42,73,100,51,98,76" hai1="40,84,58,60,3,33,39,97,108,6,66,132,101" hai2="124,95,130,106,122,79,27,131,82,44,94,59,93" hai3="10,135,75,81,74,18,87,11,86,34,30,85,2"/><T63/><D119/><U0/><E132/><V8/><F106/><W105/><G135/><T123/><D123/><U21/><E33/><V90/><F122/><W127/><G105/><T71/><D32/><U70/><E108/><V20/><F8/><W133/><G133/><T19/><D109/><U128/><E128/><V64/><F44/><W14/><G127/><T78/><D78/><U107/><E6/><V16/><F124/><W68/><G68/><T26/><D71/><U104/><E104/><V91/><F59/><W65/><G65/><T53/><D42/><U126/><E126/><V110/><F64/><W120/><G120/><T1/><D1/><U103/><E103/><V88/><REACH who="2" step="1"/><F110/><REACH who="2" ten="250,250,240,250" step="2"/><W22/><G10/><T13/><D63/><U117/><E70/><V4/><F4/><N who="3" m="1431" /><G81/><T36/><D36/><U115/><E3/><V23/><F23/><W5/><G5/><T50/><D62/><U29/><E0/><V69/><F69/><W118/><G118/><T52/><D57/><U102/><E117/><V47/><F47/><W116/><G116/><T41/><D41/><U35/><E35/><V111/><F111/><W17/><G17/><T99/><D19/><U72/><E40/><V121/><F121/><W12/><G12/><T45/><D45/><U48/><E58/><V37/><F37/><W15/><G14/><T61/><D13/><U56/><E56/><V83/><F83/><W31/><G34/><T89/><D80/><U9/><E66/><V96/><F96/><W25/><G15/><T55/><D99/><U112/><E97/><V43/><F43/><RYUUKYOKU ba="0,1" sc="250,-15,250,-15,240,15,250,15" hai2="16,20,27,79,82,88,90,91,93,94,95,130,131" hai3="18,22,25,30,31,74,75,85,86,87" /><INIT seed="1,1,1,4,0,129" ten="235,235,255,265" oya="1" hai0="84,5,113,77,1,101,79,56,63,26,31,23,135" hai1="89,93,60,72,134,28,2,48,16,21,120,67,76" hai2="46,86,91,59,33,41,75,12,87,24,22,55,80" hai3="40,119,19,96,36,44,133,111,122,94,34,6,11"/><U7/><E120/><V65/><F75/><W13/><G122/><T62/><D113/><U71/><E28/><V81/><F33/><W82/><G34/><T10/><D101/><U109/><E109/><V131/><F131/><W85/><G111/><T104/><D104/><U42/><E134/><V29/><F65/><W43/><G133/><T49/><D135/><U17/><E2/><V15/><F46/><W128/><G128/><T116/><D116/><U27/><E7/><V92/><F41/><W90/><G119/><T112/><D112/><U35/><E35/><V30/><F30/><W45/><G6/><T108/><D108/><U58/><E17/><V47/><F47/><N who="3" m="17995" /><G36/><T132/><D132/><U88/><E42/><V121/><F121/><W130/><G130/><T102/><D102/><AGARI ba="1,1" hai="11,13,19,40,43,82,85,90,94,96,102" m="17995" machi="102" ten="30,1000,0" yaku="8,1" doraHai="129" who="3" fromWho="0" sc="235,-13,235,0,255,0,265,23" /><INIT seed="2,0,0,4,5,60" ten="222,235,255,288" oya="2" hai0="133,95,96,16,6,36,54,107,106,105,98,52,51" hai1="97,19,93,18,15,61,42,71,79,70,23,59,24" hai2="87,12,40,125,124,21,45,104,7,74,109,3,62" hai3="55,64,68,10,46,117,134,108,37,14,31,63,100"/><V120/><F74/><W85/><G117/><T65/><D36/><U118/><E118/><V22/><F104/><W119/><G119/><T5/><D133/><U26/><E79/><V130/><F3/><W8/><G134/><T49/><D107/><U126/><E126/><V116/><F116/><W2/><G108/><T88/><D95/><U39/><E39/><V38/><F109/><W113/><G113/><T89/><D16/><U0/><E0/><V1/><F1/><W11/><G2/><T83/><D83/><U76/><E76/><V92/><F7/><W33/><G100/><T115/><D115/><U13/><E42/><V4/><F4/><W44/><G37/><T82/><D82/><U111/><E111/><V72/><F72/><W30/><G14/><T9/><D9/><N who="1" m="6447" /><E70/><V75/><F75/><W48/><G33/><T86/><D86/><U129/><E71/><V123/><F12/><W50/><REACH who="3" step="1"/><G85/><REACH who="3" ten="222,235,255,278" step="2"/><T77/><D77/><U80/><E129/><V17/><F130/><W103/><G103/><T94/><REACH who="0" step="1"/><D94/><REACH who="0" ten="212,235,255,278" step="2"/><U73/><E73/><V41/><F92/><W25/><G25/><T69/><D69/><U32/><E80/><V81/><F81/><W66/><G66/><AGARI ba="0,2" hai="5,6,49,51,52,54,65,66,88,89,96,98,105,106" machi="66" ten="25,12000,2" yaku="1,1,22,2,52,2,54,2,53,0" doraHai="60" doraHaiUra="90" who="0" fromWho="3" sc="212,140,235,0,255,0,278,-120" /><INIT seed="3,0,0,1,3,53" ten="352,235,255,158" oya="3" hai0="35,55,107,73,89,75,88,20,92,11,106,77,69" hai1="62,108,19,56,119,133,91,127,109,126,78,32,116" hai2="84,36,14,42,134,71,82,124,125,65,76,37,63" hai3="6,104,28,80,70,17,128,18,51,40,52,68,100"/><W23/><G128/><T110/><D69/><U123/><E32/><V2/><F2/><W44/><G28/><T99/><D35/><U87/><E78/><V94/><F134/><W31/><G31/><T64/><D64/><N who="1" m="38983" /><E19/><V102/><F42/><W15/><G6/><T48/><D110/><N who="1" m="42603" /><E133/><V115/><F115/><W5/><G5/><T114/><D114/><U33/><E33/><V101/><F14/><W112/><G112/><T47/><D89/><U3/><E3/><V25/><F25/><W41/><G68/><T132/><D132/><U27/><E27/><V24/><F24/><N who="3" m="14447" /><G104/><T90/><D90/><U38/><E38/><N who="2" m="14955" /><F94/><W50/><G70/><T121/><D77/><U83/><E123/><V105/><F105/><W113/><G113/><T21/><D121/><U13/><E13/><V129/><F129/><W43/><G100/><T59/><D11/><U58/><E58/><V103/><F71/><W97/><G97/><T79/><D79/><U9/><E9/><V45/><F102/><W98/><G98/><T16/><D107/><U81/><E81/><V29/><F29/><W1/><G1/><T49/><D106/><U60/><E60/><V117/><F101/><W72/><G72/><T111/><D111/><U67/><E67/><V30/><F103/><W61/><G61/><T4/><D4/><U118/><AGARI ba="0,0" hai="83,87,91,116,118,119,126,127" m="42603,38983" machi="118" ten="40,5200,0" yaku="12,1,14,1,52,1" doraHai="53" who="1" fromWho="1" sc="352,-13,235,52,255,-13,158,-26" owari="339,44.0,287,9.0,242,-16.0,132,-37.0" /></mjloggm>