<mjloggm ver="2.3"><GO type="97" lobby="0"/><UN n0="%E5%B0%B1%E6%B4%BB%E7%94%9F%40%E5%B7%9D%E6%9D%91%E8%BB%8D%E5%9B%A3" n1="%6B%79%6F%73%65%6E" n2="%E7%82%8E%E3%83%8E%E6%9C%B1%E9%9B%80" n3="%74%65%6E%65%72%74%6B" dan="14,15,15,14" rate="1968.22,2072.57,1947.05,1940.42" sx="M,M,M,M"/><TAIKYOKU oya="0"/><INIT seed="0,0,0,0,2,23" ten="250,250,250,250" oya="0" hai0="58,124,68,22,19,106,89,54,16,35,121,86,79" hai1="38,12,17,113,76,80,29,55,78,25,18,69,111" hai2="122,5,126,36,100,83,41,47,9,27,82,91,96" hai3="127,34,4,66,123,40,31,131,95,93,119,65,88"/><T1/><D35/><U15/><E38/><V74/><F122/><W125/><G119/><T46/><D121/><U14/><E69/><V107/><F126/><N who="3" m="48139" /><G123/><T101/><D68/><U64/><E64/><N who="3" m="24682" /><G131/><T115/><D124/><U28/><E111/><V37/><F83/><W70/><G70/><T3/><D115/><U48/><E113/><V0/><F37/><W42/><G4/><T99/><D79/><U104/><E104/><V53/><F53/><W11/><G11/><T39/><D46/><U62/><E62/><V85/><REACH who="2" step="1"/><F74/><REACH who="2" ten="250,250,240,250" step="2"/><W7/><G95/><T71/><D39/><U92/><E92/><V67/><F67/><W32/><G93/><T26/><D71/><U60/><E80/><V105/><F105/><W132/><G132/><T43/><D43/><U102/><E55/><V45/><F45/><W6/><G40/><T10/><D89/><U98/><E102/><V81/><F81/><W44/><G42/><T114/><D114/><U72/><E72/><V116/><F116/><W49/><G44/><T94/><D86/><U73/><E73/><V135/><F135/><W2/><G88/><T51/><REACH who="0" step="1"/><D106/><REACH who="0" ten="240,250,240,250" step="2"/><U20/><E78/><V120/><F120/><W57/><G57/><T109/><D109/><U90/><E76/><V110/><F110/><W59/><G59/><T128/><D128/><U21/><E90/><V8/><F8/><W84/><G84/><T33/><D33/><U50/><E98/><V13/><F13/><AGARI ba="0,2" hai="1,3,10,13,16,19,22,26,51,54,58,94,99,101" machi="13" ten="40,7700,0" yaku="1,1,52,1,54,1,53,0" doraHai="23" doraHaiUra="77" who="0" fromWho="2" sc="240,97,250,0,240,-77,250,0" /><INIT seed="0,1,0,3,0,85" ten="337,250,163,250" oya="0" hai0="35,54,99,63,119,133,124,18,76,68,97,120,9" hai1="87,5,19,47,17,104,15,91,34,61,134,41,20" hai2="3,13,43,62,75,42,29,21,108,66,39,126,65" hai3="23,121,103,40,112,33,51,44,30,79,116,50,98"/><T71/><D119/><U114/><E104/><V90/><F3/><W89/><G112/><T25/><D120/><U56/><E114/><V93/><F108/><W64/><G116/><T46/><D35/><U131/><E134/><V26/><F75/><W11/><G121/><T57/><D124/><U52/><E131/><V0/><F0/><W101/><G33/><T31/><D133/><U8/><E34/><V132/><F132/><W84/><G64/><T6/><D76/><U95/><REACH who="1" step="1"/><E20/><REACH who="1" ten="337,240,163,250" step="2"/><V16/><F126/><W122/><G23/><N who="0" m="15807" /><D71/><U102/><E102/><V55/><F39/><AGARI ba="1,1" hai="5,8,15,17,19,39,41,47,52,56,61,87,91,95" machi="39" ten="30,8000,1" yaku="1,1,7,1,52,1,54,1,53,1" doraHai="85" doraHaiUra="38" who="1" fromWho="2" sc="337,0,240,93,163,-83,250,0" /><INIT seed="1,0,0,0,0,85" ten="337,333,80,250" oya="1" hai0="67,57,109,102,133,66,68,47,3,83,16,63,73" hai1="103,12,106,121,127,7,98,29,50,36,81,52,95" hai2="59,18,126,93,129,119,105,100,74,80,62,87,38" hai3="14,46,96,22,77,70,11,110,78,10,72,130,21"/><U120/><E36/><V61/><F38/><W33/><G33/><T0/><D102/><U118/><E118/><V84/><F119/><W97/><G110/><T134/><D109/><U44/><E127/><V115/><F126/><W69/><G46/><T15/><D47/><U60/><E29/><V23/><F129/><W108/><G108/><T104/><D104/><U132/><E132/><N who="0" m="50793" /><D68/><N who="3" m="26217" /><G14/><T111/><D111/><U112/><E112/><V91/><F115/><W54/><G54/><T35/><D35/><U43/><E81/><V17/><F74/><W1/><G1/><N who="0" m="587" /><D83/><U123/><E60/><V107/><F62/><W58/><G58/><T94/><D94/><U75/><E75/><V19/><F23/><N who="3" m="8715" /><G72/><T92/><D92/><U8/><REACH who="1" step="1"/><E95/><REACH who="1" ten="337,323,80,250" step="2"/><V122/><F122/><W49/><G130/><T128/><D73/><U82/><E82/><V76/><REACH who="2" step="1"/><F100/><REACH who="2" ten="337,323,70,250" step="2"/><W64/><G49/><T56/><D128/><U25/><E25/><V13/><F13/><W26/><G26/><T28/><D63/><U4/><E4/><V65/><AGARI ba="0,2" hai="17,18,19,59,61,65,76,80,84,87,91,93,105,107" machi="65" ten="30,7900,0" yaku="1,1,0,1,52,1,53,1" doraHai="85" doraHaiUra="89" who="2" fromWho="2" sc="337,-20,323,-39,70,99,250,-20" /><INIT seed="2,0,0,1,2,95" ten="317,284,169,230" oya="2" hai0="106,119,3,98,116,25,21,97,135,80,117,47,99" hai1="29,62,40,35,84,115,74,50,92,66,55,96,32" hai2="39,130,43,107,63,82,79,85,17,104,121,90,20" hai3="93,68,45,73,76,109,4,33,112,83,26,111,118"/><V61/><F121/><W23/><G118/><T91/><D3/><U65/><E74/><V81/><F130/><W15/><G112/><T51/><D135/><U48/><E115/><V132/><F132/><W105/><G105/><T27/><D106/><U122/><E122/><V7/><F7/><W28/><G68/><T13/><D13/><U131/><E131/><V78/><F104/><W133/><G133/><T102/><D102/><U64/><E84/><V56/><F107/><W0/><G0/><T6/><D6/><U38/><E38/><V41/><F39/><W120/><G120/><T67/><D67/><U75/><E75/><V134/><F134/><W37/><G93/><N who="0" m="56511" /><D80/><U54/><E29/><V8/><F8/><N who="3" m="4487" /><G45/><T100/><D100/><U18/><E32/><V10/><F10/><W42/><G42/><N who="2" m="15881" /><F82/><W52/><G52/><N who="1" m="20010" /><E35/><V129/><F129/><W59/><G59/><T58/><D58/><U2/><E2/><V110/><F110/><N who="3" m="41995" /><G37/><T103/><D103/><N who="1" m="60807" /><E62/><N who="2" m="23563" /><F56/><W5/><G5/><T72/><D72/><U12/><E40/><V125/><F125/><W124/><G124/><T88/><D51/><N who="1" m="19499" /><E66/><V86/><F86/><W46/><G46/><T94/><D47/><U57/><E57/><V126/><F126/><W24/><G24/><AGARI ba="0,0" hai="17,20,24,78,79,81,85,90" m="23563,15881" machi="24" ten="30,1500,0" yaku="8,1" doraHai="95" who="2" fromWho="3" sc="317,0,284,0,169,15,230,-15" /><INIT seed="2,1,0,2,0,106" ten="317,284,184,215" oya="2" hai0="27,122,39,133,11,71,117,112,18,105,56,5,72" hai1="125,49,31,58,25,110,76,3,13,36,40,12,82" hai2="111,45,32,6,57,14,62,97,123,98,103,1,24" hai3="22,92,60,79,29,0,64,86,16,85,70,101,38"/><V131/><F123/><W66/><G38/><T2/><RYUUKYOKU type="yao9" ba="1,0" sc="317,0,284,0,184,0,215,0" hai0="2,5,11,18,27,39,56,71,72,105,112,117,122,133" /><INIT seed="2,2,0,3,3,129" ten="317,284,184,215" oya="2" hai0="0,107,28,54,74,83,73,108,48,30,46,20,85" hai1="63,26,111,121,29,31,50,64,10,97,52,113,14" hai2="118,131,62,94,89,120,109,40,102,130,8,32,133" hai3="24,123,86,56,69,117,90,95,67,17,80,132,119"/><V61/><F118/><W49/><G123/><T87/><D107/><U72/><E113/><V27/><F120/><W91/><G69/><T110/><D0/><U76/><E121/><V99/><F109/><N who="0" m="42090" /><D87/><U7/><E111/><V93/><F40/><W47/><G56/><T82/><D82/><U125/><E125/><V21/><F8/><W37/><G49/><T75/><D20/><U23/><E97/><N who="2" m="59703" /><F32/><W66/><G67/><T35/><D35/><U124/><E124/><V44/><F44/><W68/><G68/><T59/><BYE who="3" /><D46/><U77/><E72/><N who="0" m="18433" /><T58/><DORA hai="65" /><D58/><U19/><E77/><AGARI ba="2,0" hai="28,30,48,54,59,77,83,85" m="18433,42090" machi="77" ten="40,1300,0" yaku="14,1" doraHai="129,65" who="0" fromWho="1" sc="317,19,284,-19,184,0,215,0" /><INIT seed="3,0,0,0,2,59" ten="336,265,184,215" oya="3" hai0="43,119,112,80,134,17,66,122,30,97,24,131,13" hai1="105,64,116,20,132,51,61,16,101,65,121,76,129" hai2="86,33,48,49,78,88,19,124,70,12,130,118,29" hai3="68,94,135,38,79,42,46,57,99,8,3,114,0"/><W18/><G18/><T77/><D122/><U56/><E121/><V81/><F118/><W72/><G72/><T39/><D119/><U6/><E116/><V45/><F124/><W123/><G123/><T87/><D112/><U7/><E132/><V95/><F130/><W127/><G127/><T82/><D134/><U110/><E129/><V63/><F33/><UN n3="%74%65%6E%65%72%74%6B" /><W35/><G114/><T26/><D131/><U52/><E110/><V22/><F29/><W73/><G68/><T23/><D39/><U31/><E31/><V91/><F91/><W93/><G135/><T96/><D43/><U74/><E74/><V40/><F49/><W102/><G35/><T92/><D80/><U108/><E108/><V113/><F113/><W15/><G93/><T98/><D66/><U125/><E125/><V50/><F50/><W41/><G41/><T37/><D37/><U109/><E109/><V69/><REACH who="2" step="1"/><F63/><REACH who="2" ten="336,265,174,215" step="2"/><W71/><G79/><T83/><D83/><U55/><E76/><V133/><F133/><W53/><G38/><T54/><D92/><U67/><E105/><V14/><F14/><W10/><G10/><BYE who="3" /><T44/><D30/><U106/><E106/><V36/><F36/><W28/><G28/><T126/><D126/><U60/><E101/><V1/><F1/><UN n3="%74%65%6E%65%72%74%6B" /><W117/><G117/><T25/><BYE who="3" /><D13/><N who="1" m="9231" /><E61/><UN n3="%74%65%6E%65%72%74%6B" /><V34/><F34/><W84/><G94/><T75/><D97/><AGARI ba="0,1" hai="12,19,22,40,45,48,69,70,78,81,86,88,95,97" machi="97" ten="30,7700,0" yaku="1,1,7,1,54,1,53,1" doraHai="59" doraHaiUra="47" who="2" fromWho="0" sc="336,-77,265,0,174,87,215,0" /><INIT seed="4,0,0,0,4,88" ten="259,265,261,215" oya="0" hai0="75,51,84,34,28,25,86,135,29,107,8,103,131" hai1="104,85,108,39,116,111,62,58,95,7,119,109,9" hai2="40,127,72,61,15,33,31,92,30,65,18,16,130" hai3="6,128,77,81,2,70,71,118,121,60,122,43,132"/><T125/><D75/><U21/><E39/><V79/><F40/><W24/><G118/><T13/><D131/><U23/><E104/><V80/><F127/><W91/><G128/><T124/><D135/><U64/><E119/><V96/><F130/><W93/><G132/><T14/><D28/><U112/><E112/><V113/><F113/><W5/><G43/><T3/><D3/><U35/><E35/><V98/><F98/><N who="3" m="57663" /><G24/><T49/><D103/><U19/><E116/><V83/><F83/><W22/><G22/><T50/><D107/><U27/><E23/><V89/><F33/><W105/><G105/><T20/><D34/><U115/><E115/><V99/><F99/><W55/><G55/><T73/><D73/><U117/><E117/><V53/><F53/><W123/><G2/><T38/><D38/><U82/><E95/><V126/><F126/><N who="0" m="48746" /><D13/><U56/><E111/><V11/><F18/><AGARI ba="0,0" hai="8,14,18,20,25,29,49,50,51,84,86" m="48746" machi="18" ten="30,1500,0" yaku="18,1" doraHai="88" who="0" fromWho="2" sc="259,15,265,0,261,-15,215,0" /><INIT seed="4,1,0,3,4,87" ten="274,265,246,215" oya="0" hai0="14,106,56,62,107,119,114,51,37,65,90,64,25" hai1="74,116,79,127,126,43,112,24,93,98,47,44,115" hai2="53,131,73,42,121,67,39,128,101,35,135,75,55" hai3="95,77,4,38,22,118,100,57,130,69,28,49,111"/><T68/><D119/><U8/><E116/><V13/><F121/><W76/><G118/><T9/><D37/><U45/><E43/><V59/><F35/><W124/><G38/><T27/><D114/><N who="1" m="43563" /><E24/><N who="0" m="9289" /><D107/><U133/><E133/><V110/><F135/><W2/><G69/><T94/><D106/><U26/><E26/><V50/><F101/><W134/><G28/><T36/><D36/><U19/><E74/><V123/><F75/><W108/><G134/><T23/><D68/><U99/><E79/><N who="3" m="30282" /><G22/><T61/><D23/><U102/><E99/><V17/><F73/><W117/><G117/><T10/><D51/><U1/><E19/><V91/><F17/><W103/><G124/><N who="1" m="47658" /><E8/><N who="0" m="3177" /><D14/><U83/><E83/><V32/><F13/><W80/><G130/><T66/><D56/><U70/><E70/><V82/><F128/><W71/><G71/><T40/><D40/><U97/><E98/><AGARI ba="1,0" hai="61,62,64,65,66,90,94,98" m="3177,9289" machi="98" ten="30,2900,0" yaku="8,1,52,1" doraHai="87" who="0" fromWho="1" sc="274,32,265,-32,246,0,215,0" owari="306,40.0,233,-17.0,246,5.0,215,-28.0" /></mjloggm>