<mjloggm ver="2.3"><GO type="97" lobby="0"/><UN n0="%70%75%72%75%33%38%35" n1="%E4%B8%80%E5%8F%B7%E6%A9%9F" n2="%72%69%76%65%72%6B" n3="%E3%83%88%E3%83%88%E3%83%AA%E5%85%88%E7%94%9F%31%39%E6%AD%B3" dan="13,15,14,15" rate="1868.22,2031.56,1957.35,2057.20" sx="M,M,M,F"/><TAIKYOKU oya="0"/><INIT seed="0,0,0,3,1,66" ten="250,250,250,250" oya="0" hai0="3,54,26,20,117,7,85,0,50,96,133,47,12" hai1="57,19,104,42,5,45,120,28,71,11,53,30,60" hai2="39,44,29,114,107,121,13,87,88,95,122,91,15" hai3="134,124,49,111,132,112,41,4,80,68,90,65,22"/><T18/><D117/><U135/><E104/><V25/><F107/><W56/><G112/><T63/><D133/><N who="3" m="51305" /><G111/><T118/><D118/><U82/><E135/><V84/><F114/><W16/><G124/><T67/><D85/><U81/><E120/><V55/><F121/><W83/><G4/><T94/><D7/><U79/><E19/><V98/><F122/><W43/><G90/><T110/><D110/><U31/><E71/><V92/><F98/><W24/><G56/><T101/><D12/><U102/><E102/><V115/><F115/><W38/><G49/><T103/><D103/><U126/><E126/><V99/><F99/><W125/><G125/><T72/><D72/><U106/><E106/><V97/><F97/><W23/><G23/><T119/><D119/><U33/><E33/><V51/><REACH who="2" step="1"/><F39/><REACH who="2" ten="250,250,240,250" step="2"/><W34/><G38/><T32/><REACH who="0" step="1"/><D32/><AGARI ba="0,1" hai="13,15,25,29,32,44,51,55,84,87,88,91,92,95" machi="32" ten="30,8000,1" yaku="1,1,2,1,7,1,9,1,54,1,53,0" doraHai="66" doraHaiUra="77" who="2" fromWho="0" sc="250,-80,250,0,240,90,250,0" /><INIT seed="1,0,0,4,0,0" ten="170,250,330,250" oya="1" hai0="73,135,67,1,93,19,44,95,62,122,79,112,41" hai1="18,66,43,45,101,22,103,68,42,20,48,12,113" hai2="118,99,104,17,14,77,124,106,5,11,6,105,29" hai3="117,34,132,69,24,81,59,83,76,94,130,46,51"/><U120/><E120/><V21/><F118/><W2/><G69/><T25/><D112/><U123/><E123/><V37/><F37/><W61/><G2/><T57/><D1/><U33/><E113/><V88/><F124/><W127/><G127/><T134/><D122/><U84/><E33/><V89/><F77/><W71/><G117/><T128/><D128/><U90/><E66/><V3/><F99/><W40/><G71/><T55/><D73/><U30/><E68/><V108/><F108/><W56/><G130/><T86/><D67/><U52/><E30/><V13/><REACH who="2" step="1"/><F29/><REACH who="2" ten="170,250,320,250" step="2"/><W82/><G76/><T38/><D79/><U15/><E101/><V53/><F53/><W35/><G40/><T119/><D119/><U74/><E103/><V110/><F110/><W131/><G131/><T72/><D72/><U9/><E74/><V121/><F121/><W109/><G109/><T27/><D86/><U23/><REACH who="1" step="1"/><E15/><REACH who="1" ten="170,240,320,250" step="2"/><V125/><F125/><W63/><G24/><T87/><D27/><U8/><E8/><AGARI ba="0,2" hai="3,5,6,8,11,13,14,17,21,88,89,104,105,106" machi="8" ten="40,8000,1" yaku="1,1,52,2,54,1,53,0" doraHai="0" doraHaiUra="107" who="2" fromWho="1" sc="170,0,240,-80,320,100,250,0" /><INIT seed="2,0,0,0,0,28" ten="170,160,420,250" oya="2" hai0="76,130,113,131,15,100,27,134,132,75,60,107,85" hai1="84,35,102,129,99,33,73,83,19,24,112,89,32" hai2="133,12,40,65,67,49,71,17,51,59,114,0,62" hai3="38,1,98,31,94,121,72,106,115,18,26,30,88"/><V78/><F0/><W10/><G121/><T91/><D60/><U93/><E112/><V118/><F114/><W117/><G117/><T79/><D15/><U20/><REACH who="1" step="1"/><E73/><REACH who="1" ten="170,150,420,250" step="2"/><V69/><F118/><W29/><G72/><T47/><D75/><U123/><E123/><V36/><F71/><W9/><G115/><T52/><D113/><U21/><E21/><V66/><F69/><W101/><G10/><T81/><D27/><U124/><E124/><V111/><F111/><W3/><G9/><T77/><D47/><U16/><E16/><V74/><F74/><W97/><G18/><T55/><D107/><U6/><E6/><V122/><F122/><W92/><G106/><T119/><D119/><U127/><E127/><V8/><F8/><W95/><G26/><T53/><REACH who="0" step="1"/><D100/><REACH who="0" ten="160,150,420,250" step="2"/><U11/><E11/><V45/><F12/><W120/><G120/><T64/><D64/><U13/><E13/><V34/><F66/><W2/><G101/><T44/><D44/><U110/><E110/><V14/><F65/><W56/><G2/><T42/><D42/><U48/><E48/><V25/><F67/><W57/><G3/><T135/><AGARI ba="0,2" hai="52,53,55,76,77,79,81,85,91,130,131,132,134,135" machi="135" ten="40,12000,2" yaku="1,1,0,1,29,2,20,1,54,1,53,0" doraHai="28" doraHaiUra="63" who="0" fromWho="0" sc="160,140,150,-30,420,-60,250,-30" /><INIT seed="3,0,0,2,2,103" ten="300,120,360,220" oya="3" hai0="113,135,88,125,134,122,63,89,71,80,98,34,133" hai1="47,15,9,74,51,6,21,43,24,101,19,87,28" hai2="78,55,2,61,123,118,67,38,84,54,121,53,13" hai3="14,117,115,16,73,100,127,25,93,18,90,1,64"/><W37/><G115/><T70/><D34/><U120/><E120/><N who="2" m="46155" /><F2/><W11/><G117/><T114/><D122/><U10/><E74/><V35/><F118/><W42/><G73/><T85/><D63/><U99/><E10/><V48/><F35/><W30/><G127/><T107/><D125/><U57/><E57/><N who="2" m="32935" /><F13/><W32/><G100/><N who="0" m="62871" /><D89/><U45/><E45/><V26/><F26/><W0/><G64/><T4/><D4/><U20/><E20/><V58/><F38/><W69/><G69/><T97/><D97/><U81/><E99/><V126/><F126/><W129/><G129/><T77/><D77/><U92/><E92/><V59/><F59/><W130/><G130/><T106/><D106/><U79/><REACH who="1" step="1"/><E101/><REACH who="1" ten="300,110,360,220" step="2"/><V41/><F41/><W76/><G42/><T104/><D104/><U22/><E22/><V27/><F27/><W12/><G37/><T128/><D128/><U56/><E56/><V7/><F7/><W5/><G5/><T116/><D116/><U44/><E44/><V105/><F105/><W119/><G76/><T49/><D49/><U86/><E86/><V3/><F3/><W31/><G119/><T66/><D66/><U62/><E62/><V94/><F94/><W132/><G132/><T82/><D82/><AGARI ba="0,1" hai="54,55,58,61,67,78,82,84" m="32935,46155" machi="82" ten="30,1000,0" yaku="13,1" doraHai="103" who="2" fromWho="0" sc="300,-10,110,0,360,20,220,0" owari="290,9.0,110,-39.0,380,48.0,220,-18.0" /></mjloggm>