<mjloggm ver="2.3"><GO type="225" lobby="0"/><UN n0="%E3%82%B4%E3%83%BC%E3%83%AB%E3%83%87%E3%83%B3%E3%81%B2%E3%82%88%E3%81%93" n1="%E5%AE%AE%E9%96%93%E5%A4%95%E8%8F%9C" n2="%63%6F%61" n3="%E5%B0%B1%E6%B4%BB%E7%94%9F%40%E5%B7%9D%E6%9D%91%E8%BB%8D%E5%9B%A3" dan="17,16,16,16" rate="2224.82,2085.05,2129.93,2052.89" sx="M,F,M,M"/><TAIKYOKU oya="0"/><INIT seed="0,0,0,0,3,121" ten="250,250,250,250" oya="0" hai0="73,23,66,67,0,135,65,9,117,31,7,113,119" hai1="108,60,93,3,134,1,57,22,76,35,55,26,38" hai2="36,69,39,25,28,30,44,120,104,21,6,109,29" hai3="110,8,62,116,74,87,33,2,96,59,70,102,89"/><T90/><D113/><U103/><E35/><V123/><F104/><W41/><G33/><T63/><D73/><U12/><E38/><V107/><F107/><W14/><G74/><T72/><D72/><U18/><E76/><V10/><F69/><W97/><G2/><T101/><D135/><U49/><E134/><V129/><F39/><W86/><G70/><T99/><D90/><U4/><E108/><V91/><F91/><W53/><G110/><T83/><D83/><U75/><E75/><V13/><F109/><W15/><G41/><T43/><D43/><U24/><E1/><N who="2" m="335" /><F44/><W37/><G37/><T80/><D80/><U127/><E127/><V54/><F54/><W124/><G116/><T77/><D77/><U51/><E3/><V58/><F58/><W45/><G45/><T17/><D31/><N who="2" m="11850" /><F36/><W128/><G128/><T5/><D5/><U20/><E4/><V16/><F129/><W131/><G124/><T118/><D63/><U111/><E111/><V34/><AGARI ba="0,0" hai="13,16,21,25,30,34,120,123" m="11850,335" machi="34" ten="30,7900,0" yaku="24,1,34,2,54,1" doraHai="121" who="2" fromWho="2" sc="250,-39,250,-20,250,79,250,-20" /><INIT seed="1,0,0,3,3,54" ten="211,230,329,230" oya="1" hai0="100,22,76,125,120,74,98,115,1,104,44,81,83" hai1="48,126,31,65,135,82,2,86,133,0,72,25,69" hai2="10,34,79,90,13,109,30,23,50,39,97,93,129" hai3="95,89,88,127,134,80,5,52,114,132,121,84,124"/><U59/><E69/><V87/><F39/><W112/><G5/><T19/><D115/><N who="3" m="44073" /><G121/><T122/><D1/><U46/><E126/><N who="3" m="48170" /><G52/><T45/><D125/><U21/><E72/><V47/><F109/><W58/><G58/><T8/><D8/><U40/><E133/><V94/><F129/><W57/><G57/><T37/><D81/><U92/><E92/><N who="2" m="56471" /><F34/><W35/><G35/><T64/><D64/><U130/><E130/><V110/><F110/><W14/><G14/><T101/><D101/><U63/><REACH who="1" step="1"/><E135/><REACH who="1" ten="211,220,329,230" step="2"/><V4/><F93/><W15/><G15/><N who="0" m="9599" /><D37/><U68/><E68/><V43/><F94/><W33/><G33/><T51/><D120/><U28/><E28/><V113/><F113/><W73/><G73/><T108/><D122/><U6/><E6/><V66/><F30/><W41/><G41/><T119/><D108/><U26/><E26/><V16/><F4/><W27/><G27/><T71/><D71/><U29/><E29/><V62/><F10/><W9/><G9/><T12/><D119/><U18/><E18/><V36/><F16/><W96/><AGARI ba="0,1" hai="80,84,88,89,95,96,132,134" m="48170,44073" machi="96" ten="40,8000,1" yaku="18,1,34,2,54,1" doraHai="54" who="3" fromWho="3" sc="211,-20,220,-40,329,-20,230,90" /><INIT seed="2,0,0,5,1,6" ten="191,180,309,320" oya="2" hai0="41,73,13,45,77,35,38,58,54,103,1,65,63" hai1="107,44,113,34,59,5,43,51,114,97,100,135,39" hai2="74,66,112,115,108,128,17,122,134,10,64,61,75" hai3="27,31,123,42,102,93,121,8,9,0,60,30,47"/><V131/><F122/><W50/><G0/><T67/><D35/><U76/><E34/><V36/><F36/><W82/><G121/><T70/><D103/><U28/><E28/><N who="3" m="10794" /><G123/><T48/><D1/><U19/><E135/><V49/><F49/><W87/><G27/><T4/><D73/><N who="2" m="27658" /><F134/><W119/><G119/><T86/><D38/><U124/><E124/><V3/><F108/><W11/><G60/><T14/><D14/><U105/><E5/><N who="2" m="1343" /><F17/><W90/><G102/><T2/><D2/><U104/><E76/><V16/><F16/><W81/><AGARI ba="0,0" hai="8,9,11,42,47,50,81,82,87,90,93" m="10794" machi="81" ten="30,7900,0" yaku="8,1,52,3" doraHai="6" who="3" fromWho="3" sc="191,-20,180,-20,309,-39,320,79" /><INIT seed="3,0,0,3,4,54" ten="171,160,270,399" oya="3" hai0="63,62,71,102,119,18,106,47,89,73,59,0,25" hai1="85,15,77,82,55,7,101,17,80,81,29,107,36" hai2="16,12,109,53,56,57,131,127,39,130,72,64,44" hai3="124,14,41,74,11,99,33,26,75,51,5,128,68"/><W104/><G68/><T123/><D119/><U114/><E114/><V21/><F72/><W34/><G128/><N who="2" m="49193" /><F109/><W65/><G65/><T92/><D123/><U95/><E36/><V23/><F127/><W112/><G112/><T48/><D73/><U132/><E132/><V79/><F79/><W96/><G124/><T61/><D71/><U88/><E29/><V49/><F64/><W6/><G26/><T121/><D0/><U129/><E129/><V135/><F135/><W90/><G51/><T67/><D102/><U110/><E110/><V122/><F122/><W86/><G41/><N who="0" m="24687" /><D106/><U20/><E107/><V78/><F78/><W45/><G45/><T93/><D121/><U4/><E101/><V31/><F39/><W116/><G96/><N who="0" m="57359" /><D93/><U105/><E105/><V91/><F91/><W30/><G30/><T84/><D84/><N who="1" m="48143" /><E55/><V50/><F50/><W125/><G74/><T27/><D27/><AGARI ba="0,0" hai="12,16,21,23,27,31,44,49,53,56,57" m="49193" machi="27" ten="30,7700,0" yaku="19,1,52,2,54,1" doraHai="54" who="2" fromWho="0" sc="171,-77,160,0,270,77,399,0" owari="94,-41.0,160,-24.0,347,15.0,399,50.0" /></mjloggm>