<mjloggm ver="2.3"><GO type="225" lobby="0"/><UN n0="%E7%9C%9F%E7%B4%85%E3%81%A3%E3%81%8F" n1="%E3%83%88%E3%83%88%E3%83%AA%E5%85%88%E7%94%9F%31%39%E6%AD%B3" n2="%73%61%72%61%68%31%32%33" n3="%E3%81%9B%E3%81%95%E3%81%BF%E3%82%93%E2%99%AA" dan="17,17,16,16" rate="2172.27,2121.70,2155.52,2134.93" sx="F,F,M,F"/><TAIKYOKU oya="0"/><INIT seed="0,0,0,3,3,113" ten="250,250,250,250" oya="0" hai0="133,12,120,82,39,104,41,71,93,1,25,61,106" hai1="107,108,52,62,16,101,65,57,126,99,18,34,11" hai2="37,9,77,56,114,131,88,32,100,129,116,27,19" hai3="79,21,17,48,63,84,10,29,94,13,121,105,3"/><T81/><D1/><U70/><E108/><V40/><F114/><W8/><G105/><T117/><D117/><U75/><E75/><V33/><F100/><W54/><G121/><T96/><D120/><U30/><E126/><V72/><F72/><W74/><G74/><T47/><D133/><U80/><E80/><V78/><F37/><W28/><G3/><T95/><D12/><U26/><E11/><N who="3" m="4138" /><G63/><AGARI ba="0,0" hai="16,18,26,30,34,52,57,62,63,65,70,99,101,107" machi="63" ten="30,8000,1" yaku="7,1,25,2,54,2" doraHai="113" who="1" fromWho="3" sc="250,0,250,80,250,0,250,-80" /><INIT seed="1,0,0,5,5,52" ten="250,330,250,170" oya="1" hai0="45,134,76,39,26,78,28,59,84,61,118,37,10" hai1="128,93,43,0,69,73,110,21,87,30,131,72,49" hai2="3,94,103,4,106,98,132,2,101,122,120,40,75" hai3="55,88,96,91,85,105,48,7,114,99,8,82,20"/><U1/><E69/><V81/><F132/><W135/><G135/><T80/><D134/><U83/><E93/><V33/><F40/><W104/><G114/><T23/><D118/><U112/><E112/><V65/><F65/><W46/><G20/><T51/><D10/><U66/><E66/><V113/><F113/><W125/><G125/><T35/><D35/><U74/><E110/><V107/><F33/><W126/><G126/><T15/><D15/><U119/><E119/><V36/><F36/><W6/><G6/><T70/><D70/><U56/><E21/><V31/><F94/><W22/><G22/><T86/><D86/><U116/><E30/><V5/><F31/><W60/><G60/><T13/><D13/><U100/><E100/><V17/><F17/><W67/><G67/><T115/><D115/><U32/><E32/><V42/><F42/><W68/><G68/><T123/><D123/><U19/><E19/><V90/><F90/><W102/><G91/><T117/><D76/><N who="1" m="46567" /><E43/><V16/><F16/><W14/><REACH who="3" step="1"/><G99/><REACH who="3" ten="250,330,250,160" step="2"/><T57/><D23/><U63/><E63/><V79/><F5/><W54/><G54/><T89/><D61/><U41/><E116/><V58/><F4/><W24/><G24/><T108/><D117/><U111/><E41/><V47/><F120/><W27/><G27/><T133/><D133/><U127/><E127/><V92/><F122/><W50/><G50/><T44/><D51/><U124/><E124/><V29/><F98/><W77/><G77/><T53/><D26/><U109/><E49/><V130/><F79/><W9/><G9/><RYUUKYOKU ba="0,1" sc="250,-10,330,-10,250,-10,160,30" hai3="7,8,14,46,48,55,82,85,88,96,102,104,105" /><INIT seed="2,1,1,1,3,111" ten="240,320,240,190" oya="2" hai0="17,3,19,50,51,66,112,52,96,122,24,68,8" hai1="35,135,72,106,56,13,88,34,57,1,76,128,127" hai2="59,55,131,30,36,28,113,83,103,0,85,40,71" hai3="27,12,87,62,61,25,75,100,133,44,48,70,94"/><V73/><F73/><W6/><G133/><T81/><D122/><U90/><E1/><V67/><F0/><W9/><G75/><T129/><D51/><U92/><E106/><V46/><F103/><W21/><G70/><T79/><D129/><U22/><E72/><V125/><F113/><W132/><G132/><T14/><D112/><U89/><E135/><V124/><F131/><W84/><G27/><T123/><D123/><U47/><E76/><N who="2" m="46311" /><F67/><W43/><G100/><T26/><D3/><U15/><E128/><V98/><F98/><W118/><G118/><T41/><D41/><U115/><E115/><V5/><F5/><W69/><G69/><T29/><D96/><U95/><E90/><V37/><F37/><W130/><G130/><T121/><D121/><U120/><E120/><V99/><F99/><W60/><REACH who="3" step="1"/><G94/><REACH who="3" ten="240,320,240,180" step="2"/><T82/><D68/><U33/><E92/><V77/><F71/><W58/><G58/><T65/><D26/><U102/><E95/><V80/><F124/><W74/><G74/><T4/><D24/><U2/><E127/><V45/><F125/><W114/><G114/><T116/><D116/><U18/><E102/><V134/><F134/><W42/><G42/><T23/><D29/><AGARI ba="1,2" hai="6,9,12,21,25,29,43,44,48,60,61,62,84,87" machi="29" ten="40,2600,0" yaku="1,1,8,1,53,0" doraHai="111" doraHaiUra="78" who="3" fromWho="0" sc="240,-29,320,0,240,0,180,49" /><INIT seed="3,0,0,1,0,71" ten="211,320,240,229" oya="3" hai0="108,13,18,25,30,117,121,10,27,40,125,69,58" hai1="102,51,96,39,43,22,41,33,28,5,114,24,90" hai2="112,101,135,84,75,120,95,62,38,60,47,76,9" hai3="127,57,107,91,31,55,132,88,126,66,34,70,17"/><W29/><G132/><T0/><D117/><U14/><E114/><V45/><F112/><W89/><G107/><T123/><D69/><U1/><E39/><V21/><F75/><W67/><G17/><T74/><D74/><U105/><E51/><V86/><F135/><W50/><G34/><T87/><D108/><U63/><E90/><V85/><F120/><W72/><G72/><T129/><D129/><U61/><E61/><N who="2" m="23659" /><F38/><W3/><G3/><T8/><D125/><N who="3" m="47625" /><G70/><T106/><D106/><U78/><E78/><V52/><F76/><W124/><N who="3" m="47633" /><W77/><DORA hai="131" /><G77/><T37/><D58/><U79/><E79/><V94/><F9/><W2/><G2/><T46/><D87/><U118/><E118/><V32/><F32/><W64/><AGARI ba="0,0" hai="29,31,50,55,57,64,66,67,88,89,91" m="47633" machi="64" ten="50,4800,0" yaku="18,1,54,1" doraHai="71,131" who="3" fromWho="3" sc="211,-16,320,-16,240,-16,229,48" /><INIT seed="3,1,0,3,5,43" ten="195,304,224,277" oya="3" hai0="71,64,33,61,31,17,23,97,44,42,124,118,35" hai1="119,84,69,49,98,82,66,93,53,47,112,52,83" hai2="114,128,134,63,88,18,12,80,116,3,32,117,76" hai3="5,29,86,0,85,41,26,56,78,106,101,2,1"/><W81/><G41/><T30/><D124/><U60/><E112/><V20/><F114/><W72/><G5/><T126/><D126/><U70/><E119/><V11/><F32/><W25/><G25/><T46/><D118/><U129/><E129/><V38/><F38/><W73/><G56/><T96/><D35/><U14/><E69/><V10/><F128/><W58/><G58/><T77/><D77/><U50/><E84/><V127/><F127/><W110/><G110/><T7/><D7/><U34/><E34/><V39/><F134/><W75/><G86/><T67/><D67/><U40/><E14/><V108/><F108/><W104/><REACH who="3" step="1"/><G101/><REACH who="3" ten="195,304,224,267" step="2"/><T125/><D125/><U123/><E40/><V100/><F100/><W8/><G8/><T13/><D46/><U65/><E123/><V102/><F10/><W107/><G107/><T54/><D54/><U111/><E111/><V37/><F102/><W79/><G79/><T131/><D131/><U55/><E55/><V89/><F116/><W95/><G95/><T90/><D33/><AGARI ba="1,1" hai="0,1,2,26,29,33,72,73,75,78,81,85,104,106" machi="33" ten="50,2400,0" yaku="1,1,53,0" doraHai="43" doraHaiUra="94" who="3" fromWho="0" sc="195,-27,304,0,224,0,267,37" /><INIT seed="3,2,0,0,1,123" ten="168,304,224,304" oya="3" hai0="90,88,18,76,106,22,34,27,125,43,83,132,8" hai1="68,16,85,45,58,100,54,17,121,114,102,119,80" hai2="72,24,84,124,40,57,67,108,49,120,15,86,39" hai3="2,37,30,93,129,38,104,128,77,47,82,26,130"/><W11/><G104/><T116/><D116/><U107/><E68/><V66/><F72/><N who="3" m="43303" /><G93/><T99/><D125/><U50/><E114/><V65/><F108/><W44/><G11/><T81/><D132/><U101/><E121/><V35/><F39/><N who="3" m="14859" /><G2/><T75/><D34/><AGARI ba="2,0" hai="26,30,34,44,47,128,129,130" m="14859,43303" machi="34" ten="40,2000,0" yaku="19,1" doraHai="123" who="3" fromWho="0" sc="168,-26,304,0,224,0,304,26" owari="142,-36.0,304,10.0,224,-18.0,330,44.0" /></mjloggm>