<mjloggm ver="2.3"><GO type="225" lobby="0"/><UN n0="%E3%83%88%E3%83%88%E3%83%AA%E5%85%88%E7%94%9F%31%39%E6%AD%B3" n1="%E7%89%B9%E4%B8%8A%E3%81%AE%E9%A4%8A%E5%88%86" n2="%6B%79%6F%6E%6B%6F%31%31" n3="%6C%65%74%69%74%62%65" dan="18,16,17,16" rate="2262.91,2164.72,2199.48,2123.82" sx="F,M,M,F"/><TAIKYOKU oya="0"/><INIT seed="0,0,0,4,5,119" ten="250,250,250,250" oya="0" hai0="68,51,36,17,94,117,95,1,65,63,37,26,23" hai1="11,35,20,2,76,105,84,61,45,83,73,59,14" hai2="53,125,108,122,10,127,40,22,103,115,55,18,106" hai3="5,60,56,87,82,90,79,34,13,16,74,100,85"/><T9/><D117/><U25/><E105/><V32/><F32/><W124/><G34/><T21/><D1/><U132/><E132/><V48/><F115/><W58/><G124/><N who="2" m="47689" /><F108/><W0/><G100/><T71/><D9/><U78/><E35/><V134/><F134/><W113/><G113/><T120/><D120/><U121/><E2/><V3/><F40/><W49/><G0/><T96/><D68/><U62/><E121/><V33/><F33/><W77/><G5/><T93/><D96/><U64/><E45/><V109/><F109/><W38/><G38/><T112/><D112/><U29/><E62/><V39/><F39/><W8/><G74/><T46/><REACH who="0" step="1"/><D23/><REACH who="0" ten="240,250,250,250" step="2"/><U97/><E97/><N who="2" m="61807" /><F122/><W88/><G49/><T114/><D114/><U101/><E11/><V111/><F111/><W118/><G118/><T72/><D72/><U44/><E73/><V50/><F50/><W130/><G130/><T57/><D57/><N who="3" m="22121" /><G60/><T52/><AGARI ba="0,1" hai="17,21,26,36,37,46,51,52,63,65,71,93,94,95" machi="52" ten="30,12000,1" yaku="1,1,0,1,54,1,53,2" doraHai="119" doraHaiUra="69" who="0" fromWho="0" sc="240,130,250,-40,250,-40,250,-40" /><INIT seed="0,1,0,0,4,35" ten="370,210,210,210" oya="0" hai0="109,73,42,37,5,75,46,126,97,8,66,41,92" hai1="127,94,0,102,83,31,15,6,131,22,19,91,95" hai2="78,21,114,17,57,113,13,116,93,53,1,59,103" hai3="18,125,39,128,111,119,29,70,100,129,3,133,69"/><T12/><D126/><U38/><E38/><V55/><F78/><W68/><G119/><T79/><D109/><U81/><E127/><V118/><F103/><W76/><G125/><T60/><D41/><U117/><E117/><N who="2" m="45163" /><F93/><W48/><G39/><T45/><D45/><U104/><E104/><V7/><F59/><W44/><G111/><T16/><D79/><U47/><E131/><N who="3" m="50250" /><G29/><T62/><D5/><U84/><E31/><V61/><F55/><N who="3" m="30087" /><G76/><T51/><D37/><U89/><E102/><V63/><F63/><W2/><G100/><T72/><D66/><U28/><E28/><V106/><F106/><W132/><G18/><T43/><D43/><U50/><E6/><V27/><F27/><W65/><G65/><T101/><AGARI ba="1,0" hai="8,12,16,42,46,51,60,62,72,73,75,92,97,101" machi="101" ten="30,3000,0" yaku="0,1,54,1" doraHai="35" who="0" fromWho="0" sc="370,33,210,-11,210,-11,210,-11" /><INIT seed="0,2,0,0,2,101" ten="403,199,199,199" oya="0" hai0="12,30,57,132,73,79,106,54,0,65,22,116,13" hai1="118,31,19,112,53,84,50,42,105,110,78,94,10" hai2="92,71,117,108,135,122,48,87,9,41,63,59,91" hai3="46,8,14,4,90,56,60,134,66,18,67,95,93"/><T89/><D116/><U26/><E118/><V109/><F117/><W81/><G134/><T85/><D0/><U15/><E110/><N who="2" m="42603" /><F122/><W120/><G120/><T52/><D106/><U131/><E131/><V58/><F135/><W111/><G111/><T74/><D132/><U45/><E112/><V61/><F9/><W47/><G66/><T119/><D119/><U115/><E115/><V121/><F121/><W6/><G81/><T130/><D130/><U128/><E128/><V104/><F104/><W62/><G62/><N who="2" m="23561" /><F71/><W36/><G36/><T2/><D2/><U34/><E105/><V102/><F102/><W127/><G127/><T76/><D65/><U103/><E103/><V100/><F100/><W49/><G93/><T64/><D64/><U27/><E27/><V107/><F107/><W125/><G125/><T113/><D113/><U28/><E28/><V98/><F98/><N who="3" m="57719" /><G47/><AGARI ba="2,0" hai="41,47,48,58,59,87,91,92" m="23561,42603" machi="47" ten="30,1000,0" yaku="14,1" doraHai="101" who="2" fromWho="3" sc="403,0,199,0,199,16,199,-16" /><INIT seed="1,0,0,3,0,62" ten="403,199,215,183" oya="1" hai0="134,90,115,58,48,111,29,57,131,41,60,1,37" hai1="39,50,15,132,81,54,36,95,69,10,35,42,117" hai2="25,6,43,65,89,85,52,59,32,79,26,17,30" hai3="4,11,0,93,77,97,38,72,28,120,91,88,109"/><U3/><E117/><V119/><F119/><W45/><G120/><T44/><D1/><U73/><E35/><V8/><F43/><N who="3" m="22775" /><G28/><T56/><D115/><U123/><E123/><V122/><F79/><W47/><G47/><T94/><D111/><U116/><E116/><V126/><F126/><W84/><G109/><T105/><D105/><U19/><E69/><V61/><F122/><W9/><G9/><T106/><D106/><U76/><E132/><V80/><F25/><W75/><G75/><T23/><D131/><U78/><E78/><V49/><F17/><W12/><G12/><T67/><D37/><U27/><E27/><V66/><F49/><W51/><G51/><T107/><D107/><U110/><E110/><V13/><AGARI ba="0,0" hai="6,8,13,26,30,32,52,59,61,65,66,80,85,89" machi="13" ten="20,8000,1" yaku="0,1,7,1,52,2,54,1" doraHai="62" who="2" fromWho="2" sc="403,-20,199,-40,215,80,183,-20" /><INIT seed="2,0,0,0,5,98" ten="383,159,295,163" oya="2" hai0="56,61,58,8,48,35,121,37,29,119,113,106,84" hai1="111,112,99,45,22,10,44,128,11,74,118,3,23" hai2="129,18,21,12,104,13,5,78,16,43,2,130,46" hai3="100,50,135,67,42,92,115,125,123,88,64,47,131"/><V59/><F104/><W32/><G123/><T52/><D113/><U108/><E112/><V80/><F59/><W55/><G115/><T31/><D121/><U72/><E118/><V120/><F120/><W4/><G32/><T1/><D37/><U7/><E128/><V60/><F60/><W94/><G131/><T63/><D106/><U122/><E122/><V107/><F107/><W27/><G135/><T96/><D119/><U97/><E7/><V95/><F95/><W101/><G125/><T57/><D35/><U73/><E73/><V19/><F19/><W38/><G4/><T133/><D133/><U75/><E75/><V0/><F5/><W134/><G27/><T53/><D8/><U25/><E25/><V49/><F130/><W110/><G110/><T76/><D96/><U51/><E51/><V93/><F93/><W91/><G134/><T68/><D1/><AGARI ba="0,0" hai="1,3,10,11,22,23,44,45,72,74,97,99,108,111" machi="1" ten="25,1600,0" yaku="22,2" doraHai="98" who="1" fromWho="0" sc="383,-16,159,16,295,0,163,0" /><INIT seed="3,0,0,2,0,9" ten="367,175,295,163" oya="3" hai0="8,40,17,91,125,79,58,120,73,74,94,16,113" hai1="130,78,101,21,6,27,30,52,35,70,127,41,121" hai2="80,59,107,134,109,23,128,39,124,75,119,32,126" hai3="5,99,3,96,7,76,57,50,93,22,88,84,11"/><W92/><G5/><T122/><D58/><U116/><E70/><V77/><RYUUKYOKU type="yao9" ba="0,0" sc="367,0,175,0,295,0,163,0" hai2="23,32,39,59,75,77,80,107,109,119,124,126,128,134" /><INIT seed="3,1,0,0,1,16" ten="367,175,295,163" oya="3" hai0="8,123,17,56,135,66,87,65,106,31,10,94,86" hai1="28,108,11,133,127,46,9,131,83,85,64,105,116" hai2="126,76,5,91,117,72,39,100,36,122,88,7,129" hai3="52,77,13,73,103,49,95,107,79,92,57,110,104"/><W0/><G0/><T21/><D106/><U99/><E108/><V132/><F117/><W22/><G110/><T80/><D123/><U102/><E116/><V78/><F72/><W68/><G68/><T37/><D37/><U18/><E127/><V24/><F24/><W30/><G95/><T74/><D74/><U61/><E131/><V118/><F118/><W4/><G4/><N who="2" m="1609" /><F100/><W35/><G35/><T120/><D31/><U2/><E133/><V67/><F67/><W58/><G58/><T89/><D135/><U125/><E28/><V12/><F12/><W23/><G107/><T121/><D121/><U48/><E125/><V27/><F27/><N who="3" m="16759" /><G104/><T25/><D120/><U29/><E29/><V15/><F122/><W53/><G73/><T55/><D65/><U47/><E2/><V3/><F15/><W40/><G40/><T32/><D66/><U50/><E64/><V20/><F3/><W90/><G103/><T6/><D6/><U75/><E75/><V45/><F132/><W97/><G53/><T82/><D94/><U84/><E102/><V81/><F126/><W130/><G130/><T26/><D26/><U70/><E105/><V62/><F129/><W63/><G63/><N who="0" m="36255" /><D32/><U60/><E61/><V33/><F33/><W69/><G69/><T115/><D115/><U98/><E60/><V71/><F71/><W42/><G42/><T112/><D112/><U101/><E70/><V134/><F62/><W114/><G114/><T128/><D128/><U54/><E101/><V93/><F134/><W111/><G111/><T59/><D59/><U96/><E54/><RYUUKYOKU ba="1,0" sc="367,15,175,-15,295,-15,163,15" hai0="8,10,17,21,25,80,82,86,87,89" hai3="13,23,49,52,57,77,79,90,92,97" /><INIT seed="3,2,0,1,4,118" ten="382,160,280,178" oya="3" hai0="123,42,16,81,106,25,125,135,26,89,47,69,7" hai1="4,84,43,50,54,111,88,24,13,33,12,130,28" hai2="19,93,90,129,52,63,83,71,101,104,82,78,128" hai3="2,96,34,110,87,53,124,72,75,22,11,48,91"/><W122/><G34/><T36/><D123/><U121/><E121/><V109/><F71/><W8/><G122/><T80/><D69/><U119/><E119/><V79/><F19/><W105/><G124/><T49/><D106/><U21/><E111/><V108/><F52/><W113/><G113/><T112/><D125/><U17/><E130/><N who="2" m="50283" /><F63/><W95/><G110/><N who="2" m="42601" /><F101/><W131/><G131/><T117/><D117/><U64/><E64/><V31/><F31/><W61/><G61/><T38/><D135/><U98/><E98/><N who="2" m="57655" /><F104/><W76/><G22/><T65/><D65/><U39/><E4/><V73/><F73/><W3/><G105/><T94/><D7/><U57/><E39/><V66/><F66/><W59/><G75/><T133/><D133/><U5/><E43/><V62/><F62/><W55/><G72/><T74/><D74/><U99/><E99/><V56/><F56/><W30/><G30/><T46/><D36/><U97/><E97/><V134/><F134/><W100/><G53/><T116/><D26/><U15/><E5/><V126/><F126/><W60/><G60/><T35/><D116/><U102/><E102/><V86/><F83/><AGARI ba="2,0" hai="12,13,15,17,21,24,28,33,50,54,57,83,84,88" machi="83" ten="30,2000,0" yaku="7,1,54,1" doraHai="118" who="1" fromWho="2" sc="382,0,160,26,280,-26,178,0" owari="382,48.0,186,-21.0,254,5.0,178,-32.0" /></mjloggm>