<mjloggm ver="2.3"><GO type="169" lobby="0"/><UN n0="%7A%65%72%6F%52%58" n1="%E3%83%88%E3%83%88%E3%83%AA%E5%85%88%E7%94%9F%31%39%E6%AD%B3" n2="%E6%9D%8E%E7%A9%8E%E8%97%8D" n3="%E3%81%93%E3%81%82%E3%81%8B%E3%82%8A" dan="16,17,16,16" rate="2134.52,2220.63,2151.41,2047.42" sx="M,F,M,M"/><TAIKYOKU oya="0"/><INIT seed="0,0,0,3,2,105" ten="250,250,250,250" oya="0" hai0="64,100,121,21,68,74,48,20,44,116,41,13,125" hai1="43,5,1,132,31,34,83,8,19,0,12,122,128" hai2="52,106,127,107,26,10,27,77,16,81,93,90,61" hai3="119,79,65,103,98,24,129,60,6,104,22,30,110"/><T42/><D121/><U88/><E122/><V126/><F27/><W9/><G119/><T57/><D68/><U102/><E128/><V62/><F62/><W86/><G129/><T130/><D116/><U14/><E132/><V78/><F106/><W87/><G79/><T72/><D130/><U89/><E102/><V28/><F107/><W33/><G110/><T120/><D120/><U71/><E71/><V15/><F81/><W2/><REACH who="3" step="1"/><G22/><REACH who="3" ten="250,250,250,240" step="2"/><T76/><D21/><U108/><E108/><V29/><F78/><W134/><G134/><T80/><D76/><U49/><E34/><V67/><F77/><W4/><G4/><T131/><D20/><U51/><E5/><V82/><F126/><W50/><G50/><T92/><D48/><U114/><E49/><V115/><F127/><W99/><G99/><T47/><D131/><U45/><E51/><V97/><F115/><W63/><G63/><T75/><D125/><U66/><E114/><V94/><F97/><W38/><G38/><T135/><D135/><U95/><E43/><V124/><F124/><W133/><G133/><T55/><D42/><U59/><E45/><V91/><F61/><W101/><G101/><T37/><D44/><U56/><E89/><V84/><F91/><W54/><G54/><T46/><D46/><U53/><E53/><V70/><F52/><W7/><G7/><T11/><D55/><U118/><E88/><V35/><F35/><W32/><G32/><T123/><D41/><U36/><E118/><V96/><F90/><W73/><G73/><T112/><D47/><U39/><E36/><RYUUKYOKU ba="0,1" sc="250,-10,250,-10,250,-10,240,30" hai3="2,6,9,24,30,33,60,65,86,87,98,103,104" /><INIT seed="1,1,1,2,2,12" ten="240,240,240,270" oya="1" hai0="48,1,54,103,90,57,87,42,84,9,85,67,53" hai1="108,63,5,94,49,112,25,56,99,3,55,130,72" hai2="4,35,62,91,88,44,79,119,106,100,121,15,52" hai3="26,127,20,97,125,135,123,80,120,76,38,104,73"/><U109/><E112/><V126/><F121/><W19/><G135/><T18/><D103/><U46/><E72/><V47/><F119/><W89/><G38/><T45/><D67/><U95/><E130/><V36/><F35/><W8/><G8/><T41/><D1/><U0/><E25/><V78/><F126/><N who="3" m="48139" /><G89/><N who="2" m="34377" /><F106/><W58/><G58/><T13/><REACH who="0" step="1"/><D90/><REACH who="0" ten="230,240,240,270" step="2"/><N who="1" m="55767" /><E95/><V30/><F100/><AGARI ba="1,2" hai="19,20,26,73,76,80,97,100,104,120,123" m="48139" machi="100" ten="30,2000,0" yaku="18,1,52,1" doraHai="12" who="3" fromWho="2" sc="230,0,240,0,240,-23,270,43" /><INIT seed="2,0,0,0,0,93" ten="230,240,217,313" oya="2" hai0="129,87,40,65,45,86,104,81,24,66,26,10,38" hai1="89,107,33,75,34,63,135,29,32,110,15,60,42" hai2="36,3,53,105,90,50,76,46,4,77,133,131,134" hai3="51,17,116,111,14,130,21,122,94,69,57,13,19"/><V85/><F105/><W35/><G69/><T82/><D104/><U58/><E75/><V39/><F131/><W47/><G122/><T0/><D129/><U27/><E110/><V30/><F30/><W67/><G35/><T71/><D0/><U97/><E135/><N who="2" m="51723" /><F4/><W23/><G116/><T28/><D10/><U5/><E42/><V16/><F3/><W74/><G74/><T43/><D71/><U95/><E107/><V109/><F109/><W106/><G106/><T118/><D118/><U98/><E63/><V37/><F16/><W56/><G130/><T119/><D119/><U8/><REACH who="1" step="1"/><E98/><REACH who="1" ten="230,230,217,313" step="2"/><V127/><F127/><W22/><G111/><T11/><D43/><U112/><E112/><V123/><F123/><W132/><G132/><T44/><D40/><U92/><E92/><AGARI ba="0,1" hai="36,37,39,46,50,53,76,77,85,90,92" m="51723" machi="92" ten="40,2000,0" yaku="20,1" doraHai="93" who="2" fromWho="1" sc="230,0,230,-20,217,30,313,0" /><INIT seed="2,1,0,4,2,70" ten="230,210,247,313" oya="2" hai0="101,92,121,81,69,21,1,117,98,9,25,0,95" hai1="122,27,134,103,36,54,86,97,58,93,110,113,74" hai2="123,59,87,112,44,94,75,26,16,55,64,119,96" hai3="118,48,10,41,35,135,4,7,45,65,57,8,76"/><V107/><F123/><W128/><G118/><T115/><D115/><U67/><E113/><V14/><F112/><W11/><G35/><T46/><D69/><U78/><E122/><V131/><F75/><W50/><G135/><T91/><D121/><U34/><E134/><V30/><F119/><W66/><G128/><T100/><D81/><U32/><E74/><V73/><F73/><W85/><G50/><T29/><D117/><U79/><E110/><V43/><F64/><N who="3" m="24683" /><G57/><T89/><D46/><U133/><E36/><V18/><F107/><W126/><G126/><T20/><D20/><U12/><E67/><V109/><F131/><W116/><G116/><T13/><D0/><U15/><E133/><V129/><F129/><W23/><G23/><T6/><REACH who="0" step="1"/><D1/><REACH who="0" ten="220,210,247,313" step="2"/><U127/><E34/><V84/><F44/><W42/><G41/><T120/><D120/><U124/><E124/><V82/><F43/><W49/><G45/><T83/><D83/><U40/><E40/><V77/><F82/><N who="3" m="47303" /><G42/><T60/><D60/><U19/><E127/><V5/><F109/><W33/><G33/><T17/><D17/><U2/><E2/><V22/><F18/><W31/><G31/><T125/><D125/><U62/><E19/><V53/><F30/><W68/><G68/><T61/><D61/><U102/><E32/><V63/><F63/><W106/><G49/><T39/><D39/><U108/><E62/><V90/><F16/><W3/><G48/><T80/><D80/><U51/><E108/><V114/><F114/><W52/><G3/><T105/><D105/><U24/><E79/><RYUUKYOKU ba="1,1" sc="220,30,210,-10,247,-10,313,-10" hai0="6,9,13,21,25,29,89,91,92,95,98,100,101" /><INIT seed="3,2,1,1,0,37" ten="250,200,237,303" oya="3" hai0="90,39,124,94,93,110,86,126,76,101,10,134,48" hai1="95,61,62,118,69,57,80,85,123,66,59,31,115" hai2="60,91,116,25,35,133,74,73,3,98,6,128,40" hai3="15,45,96,89,52,135,8,108,100,19,20,71,26"/><W55/><G71/><T120/><D39/><U32/><E115/><V130/><F116/><W114/><G114/><T75/><D10/><U41/><E118/><V68/><F133/><W1/><G1/><T83/><D48/><U47/><E123/><V30/><F40/><W67/><G67/><T50/><D50/><U44/><E95/><V21/><F91/><W16/><G135/><T0/><D0/><U107/><E107/><V65/><F21/><W54/><G108/><T84/><D120/><U28/><E32/><V78/><F98/><W51/><G89/><N who="0" m="53431" /><D134/><U49/><E47/><V132/><F132/><W5/><G5/><T111/><D101/><U131/><E131/><N who="2" m="50219" /><F78/><W27/><REACH who="3" step="1"/><G26/><REACH who="3" ten="250,200,237,293" step="2"/><T36/><D36/><U92/><E69/><V18/><F6/><W46/><G46/><T106/><D106/><AGARI ba="2,2" hai="8,15,16,19,20,27,45,51,52,54,55,96,100,106" machi="106" ten="30,11600,0" yaku="1,1,7,1,54,2,53,0" doraHai="37" doraHaiUra="58" who="3" fromWho="0" sc="250,-122,200,0,237,0,293,142" /><INIT seed="3,3,0,3,1,26" ten="128,200,237,435" oya="3" hai0="0,73,50,112,41,93,72,35,95,109,97,37,127" hai1="88,2,1,101,36,86,81,92,5,44,126,52,59" hai2="116,106,98,119,56,63,34,49,23,58,120,38,55" hai3="47,66,102,129,20,15,67,117,4,105,123,24,128"/><W30/><G123/><T12/><D0/><U3/><E126/><V76/><F34/><W103/><G117/><T18/><D37/><U74/><E36/><V115/><F115/><W75/><G75/><T121/><D121/><U29/><E44/><V83/><F38/><W69/><G47/><T87/><D109/><U78/><E101/><N who="3" m="38410" /><G69/><T40/><D35/><U68/><E29/><V91/><F120/><W133/><G105/><T42/><D127/><U22/><E22/><V104/><F104/><W45/><G45/><T85/><D112/><U79/><E79/><V53/><F23/><W61/><G61/><T111/><D111/><U132/><E132/><V6/><F6/><W60/><G60/><T10/><D72/><U16/><E16/><V33/><F33/><W19/><G4/><T14/><D73/><U27/><E27/><V135/><F135/><W134/><G133/><T107/><D107/><U100/><E100/><V131/><F106/><W122/><G122/><T99/><D50/><U113/><E68/><V8/><F116/><W7/><G7/><T110/><D110/><U82/><E113/><V90/><F119/><W124/><G124/><T39/><D39/><U114/><E114/><V118/><F118/><W32/><G134/><T108/><D108/><U17/><E17/><V51/><F51/><W65/><G32/><T80/><D14/><U62/><REACH who="1" step="1"/><E5/><REACH who="1" ten="128,190,237,435" step="2"/><V64/><F76/><W70/><G70/><T48/><D18/><U31/><E31/><V46/><F46/><W11/><G30/><T21/><D21/><U28/><E28/><V96/><F58/><RYUUKYOKU ba="3,1" sc="128,-15,190,15,237,-15,435,15" hai1="1,2,3,52,59,62,74,78,81,82,86,88,92" hai3="11,15,19,20,24,65,66,67,128,129" /><INIT seed="3,4,1,4,5,121" ten="113,205,222,450" oya="3" hai0="135,39,10,99,17,62,0,36,43,105,72,100,23" hai1="28,106,126,84,20,22,98,80,19,104,74,48,31" hai2="3,102,119,2,35,76,87,77,117,92,57,114,71" hai3="14,9,11,40,111,90,41,127,37,61,63,54,125"/><W81/><G111/><T38/><D72/><U96/><E74/><V130/><F71/><W52/><G37/><T58/><D135/><U128/><E128/><V79/><F35/><W66/><G81/><T131/><D131/><U51/><E80/><V95/><F130/><W109/><G109/><T26/><D0/><U120/><E84/><V67/><F67/><W5/><G90/><T25/><D10/><U85/><E85/><V86/><F76/><W46/><G11/><T49/><D49/><U75/><E75/><V124/><F57/><W6/><G6/><T1/><D1/><U73/><E73/><V60/><F60/><W44/><G5/><T110/><D110/><U70/><E19/><V50/><F50/><N who="3" m="26895" /><G9/><T107/><D26/><U115/><E70/><V108/><F108/><W91/><G14/><T24/><D24/><U64/><E64/><V27/><F27/><W59/><G91/><T97/><D43/><U4/><E4/><V89/><F89/><W30/><G30/><T68/><D68/><U16/><E16/><V78/><F78/><W8/><G8/><T53/><REACH who="0" step="1"/><D38/><REACH who="0" ten="103,205,222,450" step="2"/><U94/><E20/><V34/><F2/><W69/><G40/><T88/><D88/><U123/><E22/><V129/><F3/><W45/><G61/><T7/><D7/><U18/><E18/><V112/><F129/><W134/><G134/><T13/><D13/><U15/><E15/><V82/><F82/><W55/><G69/><T29/><D29/><U83/><E83/><V93/><F79/><W65/><G66/><T116/><D116/><U118/><E118/><RYUUKYOKU ba="4,2" sc="103,15,205,-15,222,-15,450,15" hai0="17,23,25,36,39,53,58,62,97,99,100,105,107" hai3="45,46,52,54,55,59,63,65,125,127" /><INIT seed="3,5,2,1,3,17" ten="118,190,207,465" oya="3" hai0="54,44,130,55,23,27,9,120,103,60,109,104,11" hai1="107,101,73,115,76,80,123,96,106,3,50,63,48" hai2="100,33,83,62,87,97,36,41,127,56,105,13,78" hai3="22,77,5,12,14,10,89,102,93,88,19,16,129"/><W126/><G126/><T125/><D120/><U47/><E123/><V38/><F33/><W45/><G129/><T21/><D125/><U64/><E115/><V94/><F127/><W67/><G67/><T85/><D104/><U71/><E3/><V2/><F2/><W72/><G72/><T98/><D130/><U8/><E8/><N who="0" m="3145" /><D109/><U51/><REACH who="1" step="1"/><E107/><REACH who="1" ten="118,180,207,465" step="2"/><V31/><F105/><W6/><G5/><T99/><D103/><U40/><AGARI ba="5,3" hai="40,47,48,50,51,63,64,71,73,76,80,96,101,106" machi="40" ten="20,5200,0" yaku="1,1,2,1,0,1,7,1,53,0" doraHai="17" doraHaiUra="116" who="1" fromWho="1" sc="118,-18,180,97,207,-18,465,-31" /><INIT seed="4,0,0,2,5,90" ten="100,277,189,434" oya="0" hai0="72,122,93,63,117,52,113,1,131,37,81,120,59" hai1="35,50,127,30,31,91,13,135,43,42,103,58,125" hai2="73,54,8,99,48,45,17,87,84,118,3,66,95" hai3="114,7,46,51,101,110,47,126,28,71,108,100,61"/><T130/><D1/><U80/><E135/><V12/><F73/><W40/><G114/><T53/><D37/><U38/><E103/><V25/><F3/><W22/><G126/><N who="1" m="48138" /><E38/><V98/><F118/><W5/><G71/><T116/><D113/><U21/><E35/><V109/><F109/><W34/><G34/><T57/><D81/><U69/><E69/><V65/><F98/><W14/><G61/><N who="0" m="36007" /><D93/><U115/><E115/><V18/><F66/><W123/><G123/><N who="0" m="47147" /><D72/><U92/><E80/><V68/><F65/><W49/><G110/><T2/><D2/><U33/><E33/><V70/><F70/><W104/><G108/><T24/><D24/><N who="1" m="16655" /><E31/><V128/><F68/><W60/><G104/><T77/><D77/><U82/><E82/><V9/><F25/><W111/><G28/><T74/><D74/><U6/><E6/><V106/><F106/><W0/><G7/><T88/><D88/><U10/><E13/><V29/><F29/><W96/><G5/><T11/><D11/><U86/><E10/><V64/><F64/><W132/><G111/><T102/><D102/><U62/><E50/><V26/><F8/><W121/><G121/><T107/><D107/><U55/><AGARI ba="0,0" hai="42,43,55,58,62,86,91,92" m="16655,48138" machi="55" ten="30,2000,0" yaku="18,1,52,1" doraHai="90" who="1" fromWho="1" sc="100,-10,277,20,189,-5,434,-5" /><INIT seed="5,0,0,3,0,46" ten="90,297,184,429" oya="1" hai0="105,56,133,112,108,0,75,123,53,96,95,29,50" hai1="90,87,68,52,81,94,10,134,49,24,71,93,37" hai2="120,116,28,79,13,44,23,35,63,3,97,66,107" hai3="127,76,61,104,4,80,72,9,15,18,77,89,16"/><U38/><E134/><V132/><F120/><W58/><G104/><T2/><D108/><U34/><E10/><V98/><F116/><W11/><G127/><T103/><D133/><U85/><E34/><V27/><F3/><W17/><G76/><T36/><D75/><U88/><E24/><V113/><F132/><W100/><G100/><T122/><D36/><U55/><E81/><V43/><F79/><W1/><G89/><T129/><D112/><U7/><REACH who="1" step="1"/><E49/><REACH who="1" ten="90,287,184,429" step="2"/><V14/><F35/><W128/><G128/><T124/><D124/><U110/><E110/><V5/><F27/><W6/><G4/><AGARI ba="0,1" hai="4,7,37,38,52,55,68,71,85,87,88,90,93,94" machi="4" ten="25,12000,1" yaku="1,1,22,2,54,2,53,0" doraHai="46" doraHaiUra="54" who="1" fromWho="3" sc="90,0,287,130,184,0,429,-120" /><INIT seed="5,1,0,5,1,58" ten="90,417,184,309" oya="1" hai0="72,76,46,91,92,13,14,18,87,96,27,67,84" hai1="47,31,105,74,36,118,38,108,135,51,113,128,70" hai2="81,45,125,82,48,109,57,89,41,22,20,9,129" hai3="133,37,63,94,54,52,42,2,8,100,35,121,134"/><U98/><RYUUKYOKU type="yao9" ba="1,0" sc="90,0,417,0,184,0,309,0" hai1="31,36,38,47,51,70,74,98,105,108,113,118,128,135" /><INIT seed="5,2,0,4,0,56" ten="90,417,184,309" oya="1" hai0="66,109,41,122,114,30,77,14,46,0,57,50,3" hai1="82,133,65,80,93,49,97,112,26,132,53,115,35" hai2="70,32,23,86,8,119,101,118,40,55,103,19,71" hai3="67,58,62,29,47,128,38,17,78,64,43,98,11"/><U116/><E116/><V126/><F32/><W68/><G128/><T131/><D109/><U44/><E65/><V130/><F130/><W63/><G29/><T83/><D131/><U28/><E82/><V10/><F40/><W76/><G98/><T72/><D114/><N who="1" m="43563" /><E80/><V104/><F86/><W110/><G110/><T105/><D105/><U108/><E108/><V60/><F104/><W95/><G95/><T94/><D122/><U31/><E31/><V134/><F134/><W84/><REACH who="3" step="1"/><G84/><REACH who="3" ten="90,417,184,299" step="2"/><T117/><D30/><U69/><E69/><V99/><F99/><W13/><AGARI ba="2,1" hai="11,13,17,38,43,47,58,62,63,64,67,68,76,78" machi="13" ten="30,8000,1" yaku="1,1,2,1,0,1,52,2,53,0" doraHai="56" doraHaiUra="51" who="3" fromWho="3" sc="90,-22,417,-42,184,-22,299,96" /><INIT seed="6,0,0,0,4,41" ten="68,375,162,395" oya="2" hai0="96,55,84,128,12,100,92,32,24,17,107,110,132" hai1="127,56,118,116,79,62,19,90,53,69,20,94,38" hai2="81,10,43,121,18,30,83,76,126,16,95,71,60" hai3="22,133,70,75,87,28,67,123,3,119,26,88,117"/><V93/><F121/><W82/><G123/><T13/><D110/><U120/><E120/><V27/><F43/><W101/><G3/><T103/><D132/><U42/><E127/><V129/><F126/><W52/><G133/><T35/><D128/><U68/><E79/><V14/><F129/><W39/><G39/><T98/><D84/><U59/><E59/><V21/><F83/><W130/><G130/><T40/><D40/><U51/><E38/><V77/><F77/><W11/><G101/><T122/><D122/><U72/><E72/><V47/><F47/><W8/><G75/><T6/><D6/><U80/><E80/><V61/><F18/><W33/><G33/><T1/><D1/><U29/><E29/><V49/><F49/><W85/><G70/><T102/><D102/><U112/><E112/><V78/><F78/><W48/><G67/><T73/><D73/><U99/><E68/><V105/><F105/><W134/><G134/><T124/><D124/><U37/><E37/><V0/><F0/><W2/><G2/><T86/><D86/><U64/><E42/><V104/><F104/><W58/><REACH who="3" step="1"/><G85/><REACH who="3" ten="68,375,162,385" step="2"/><T111/><D111/><U66/><E66/><V108/><F108/><W89/><G89/><T4/><D35/><U45/><E69/><V115/><F71/><W36/><G36/><T114/><D32/><U15/><AGARI ba="0,1" hai="15,19,20,45,51,53,56,62,64,90,94,99,116,118" machi="15" ten="20,2700,0" yaku="0,1,7,1,52,1" doraHai="41" who="1" fromWho="1" sc="68,-7,375,37,162,-13,385,-7" /><INIT seed="7,0,0,3,5,134" ten="61,412,149,378" oya="3" hai0="75,95,3,60,117,49,36,111,130,52,81,70,65" hai1="21,27,18,86,28,74,17,4,12,44,122,91,78" hai2="107,45,102,11,63,35,90,7,40,26,32,106,125" hai3="71,62,68,97,31,56,129,2,22,34,85,87,46"/><W51/><G129/><T128/><D3/><U25/><E122/><V5/><F5/><W14/><G2/><T113/><D95/><U47/><E74/><V42/><F42/><W116/><G116/><T123/><D81/><N who="1" m="47415" /><E4/><V77/><F77/><W41/><G34/><T39/><D75/><U126/><E126/><V93/><F125/><W84/><G97/><T50/><D123/><U61/><E61/><V6/><F6/><W79/><G71/><T88/><D117/><U118/><E118/><V38/><F102/><W101/><G101/><T89/><D111/><U55/><E55/><V110/><F110/><W100/><G100/><T58/><D113/><U20/><E91/><V30/><F63/><W54/><G68/><T114/><D114/><U13/><E28/><V112/><F32/><W94/><G79/><T109/><D109/><U24/><AGARI ba="0,0" hai="12,13,17,18,20,21,24,25,27,44,47" m="47415" machi="24" ten="30,1100,0" yaku="8,1" doraHai="134" who="1" fromWho="1" sc="61,-3,412,11,149,-3,378,-5" owari="58,-44.0,423,52.0,146,-25.0,373,17.0" /></mjloggm>