<mjloggm ver="2.3"><GO type="97" lobby="0"/><UN n0="%E3%81%8F%E3%81%A3%E3%81%99%E3%82%93" n1="%E4%B8%AD%E5%B3%B6%E6%97%A9%E8%B2%B4" n2="%E8%8A%99%E8%98%AD%E3%80%91%E3%80%90%E9%81%94" n3="%E3%83%88%E3%83%88%E3%83%AA%E5%85%88%E7%94%9F%31%39%E6%AD%B3" dan="15,13,13,15" rate="1885.02,1854.05,1901.59,2017.54" sx="M,M,F,F"/><TAIKYOKU oya="0"/><INIT seed="0,0,0,3,0,100" ten="250,250,250,250" oya="0" hai0="7,69,105,8,37,32,68,89,13,110,123,20,53" hai1="18,38,119,113,78,67,72,21,97,14,103,79,101" hai2="77,63,28,57,108,85,121,96,74,47,104,125,93" hai3="83,120,82,3,112,11,60,43,6,5,90,27,34"/><T86/><D123/><U0/><E0/><V122/><F28/><W10/><G112/><T30/><D32/><U135/><E119/><V118/><F47/><W23/><G34/><T50/><D37/><U29/><E113/><V17/><F118/><W24/><G120/><T102/><D110/><U26/><E38/><V116/><F116/><W36/><G27/><T109/><D109/><U15/><E135/><V2/><F2/><W127/><G127/><T25/><D105/><U56/><E103/><V98/><F122/><W22/><G22/><T95/><REACH who="0" step="1"/><D102/><REACH who="0" ten="240,250,250,250" step="2"/><U130/><E130/><V84/><F121/><W124/><G36/><T106/><D106/><U54/><E72/><V1/><F108/><W75/><G75/><T65/><D65/><U107/><E67/><V76/><F104/><W64/><G124/><T111/><D111/><U114/><E114/><V81/><F125/><W66/><G66/><T94/><D94/><U58/><E58/><AGARI ba="0,1" hai="7,8,13,20,25,30,50,53,58,68,69,86,89,95" machi="58" ten="30,5800,0" yaku="1,1,7,1,53,1" doraHai="100" doraHaiUra="46" who="0" fromWho="1" sc="240,68,250,-58,250,0,250,0" /><INIT seed="0,1,0,2,2,119" ten="308,192,250,250" oya="0" hai0="9,60,3,77,78,109,28,45,61,40,41,107,13" hai1="93,89,116,92,55,27,110,118,20,19,46,56,73" hai2="135,29,53,113,11,106,6,63,123,25,114,59,95" hai3="82,126,65,130,103,42,39,104,23,47,72,125,86"/><T51/><D107/><U120/><E73/><V68/><F106/><W24/><G72/><T35/><D3/><U122/><E46/><V129/><F129/><W128/><G65/><T52/><D35/><U10/><E10/><V67/><F135/><W66/><G66/><T31/><D109/><U54/><E54/><V0/><F114/><W127/><G103/><T7/><D28/><U4/><E4/><V133/><F133/><W117/><G104/><T100/><D31/><U64/><E64/><V105/><F105/><W102/><G102/><T85/><D100/><U96/><E93/><V80/><F113/><W17/><REACH who="3" step="1"/><G117/><REACH who="3" ten="308,192,250,240" step="2"/><T124/><D124/><U57/><E57/><V22/><F68/><W18/><G18/><T21/><D7/><U44/><E44/><V79/><F67/><W101/><G101/><T37/><D45/><U26/><E26/><V112/><F112/><W97/><G97/><T76/><D37/><U1/><E1/><V69/><F69/><W62/><G62/><T16/><D61/><N who="1" m="35999" /><E110/><V87/><REACH who="2" step="1"/><F95/><REACH who="2" ten="308,192,240,240" step="2"/><W32/><G32/><T30/><D40/><U43/><E43/><V134/><F134/><W34/><G34/><T131/><D41/><U115/><E115/><V88/><F88/><AGARI ba="1,2" hai="17,23,24,39,42,47,82,86,88,125,126,127,128,130" machi="88" ten="40,5200,0" yaku="1,1,18,1,54,1,53,0" doraHai="119" doraHaiUra="48" who="3" fromWho="2" sc="308,0,192,0,240,-55,240,75" /><INIT seed="1,0,0,5,5,95" ten="308,192,185,315" oya="1" hai0="28,22,108,20,19,35,134,109,59,49,130,66,52" hai1="123,4,73,105,7,100,46,118,37,103,104,55,54" hai2="92,11,125,42,15,30,31,120,10,50,26,74,57" hai3="39,48,88,34,97,3,40,117,64,94,87,25,62"/><U27/><E123/><V89/><F120/><W16/><G3/><T41/><D35/><U12/><E73/><V79/><F125/><W83/><G39/><T82/><D134/><U2/><E2/><V81/><F57/><N who="3" m="36943" /><G34/><T78/><D130/><U85/><E118/><V121/><F121/><W17/><G25/><T107/><D107/><U14/><E85/><V9/><F15/><W51/><G117/><T119/><D119/><U96/><E27/><V76/><F76/><W127/><G127/><T71/><D71/><U8/><E46/><V18/><F18/><N who="3" m="7275" /><G40/><T86/><D41/><U68/><E68/><V102/><F102/><AGARI ba="0,0" hai="48,51,83,87,88,94,97,102" m="7275,36943" machi="102" ten="30,7700,0" yaku="8,1,52,1,54,2" doraHai="95" who="3" fromWho="2" sc="308,0,192,0,185,-77,315,77" /><INIT seed="2,0,0,2,2,58" ten="308,192,108,392" oya="2" hai0="15,27,72,55,43,95,59,61,108,29,41,93,52" hai1="82,94,80,7,129,87,96,53,124,31,44,0,24" hai2="6,20,74,113,46,117,28,10,35,112,123,45,127" hai3="25,12,30,9,104,79,26,47,71,37,70,75,122"/><V81/><F123/><W100/><G122/><T88/><D108/><U34/><E124/><V63/><F117/><W33/><G26/><T85/><D72/><U114/><E114/><V36/><F35/><W97/><G79/><T60/><D15/><U62/><E129/><V49/><F36/><W22/><G75/><T135/><D135/><U78/><E82/><V134/><F134/><W99/><G22/><N who="0" m="15607" /><D95/><U64/><E7/><V17/><F28/><W132/><G132/><T66/><D66/><U38/><E0/><V67/><F127/><W118/><G118/><T111/><D111/><U133/><E133/><V89/><F46/><W8/><G8/><T48/><D61/><U21/><E34/><V109/><F109/><W57/><G99/><T91/><D91/><U121/><E121/><V16/><F17/><W90/><G90/><T39/><D39/><U84/><E84/><N who="2" m="50319" /><F74/><W18/><G70/><T2/><D2/><U107/><E107/><V130/><F130/><W19/><G71/><T68/><D68/><U83/><E83/><V119/><F119/><W116/><G116/><T23/><D23/><U86/><E86/><V120/><F120/><W128/><G128/><T42/><D42/><U54/><E44/><AGARI ba="0,0" hai="41,43,44,48,52,55,59,60,85,88,93" m="15607" machi="44" ten="30,7700,0" yaku="8,1,52,1,54,2" doraHai="58" who="0" fromWho="1" sc="308,77,192,-77,108,0,392,0" /><INIT seed="3,0,0,5,4,112" ten="385,115,108,392" oya="3" hai0="103,135,3,104,15,9,46,64,16,100,89,128,35" hai1="55,106,21,34,18,98,93,70,43,68,131,94,124" hai2="92,44,49,27,111,10,11,102,129,101,123,116,33" hai3="14,37,38,134,59,41,0,95,77,115,130,40,83"/><W121/><G115/><T87/><D35/><U122/><E122/><V31/><F116/><W1/><G121/><T118/><D118/><U79/><E34/><V66/><F111/><W13/><G59/><T8/><D104/><U5/><E5/><V120/><F123/><W82/><G95/><N who="0" m="54719" /><D3/><N who="3" m="1097" /><G77/><T52/><D135/><U85/><E43/><N who="3" m="16458" /><G134/><T91/><D128/><U114/><E114/><V107/><F107/><W47/><G47/><T29/><D29/><U132/><E132/><V71/><F120/><W119/><G119/><T28/><D28/><U45/><E131/><V108/><F108/><W61/><G61/><T36/><D36/><N who="3" m="13929" /><G130/><T48/><D64/><U81/><E106/><V7/><F129/><W50/><G50/><T96/><D8/><U127/><E93/><AGARI ba="0,0" hai="9,15,16,46,48,52,91,93,96,100,103" m="54719" machi="93" ten="30,3900,0" yaku="8,1,54,2" doraHai="112" who="0" fromWho="1" sc="385,39,115,-39,108,0,392,0" owari="424,52.0,76,-42.0,108,-29.0,392,19.0" /></mjloggm>