<mjloggm ver="2.3"><GO type="97" lobby="0"/><UN n0="%E3%83%88%E3%83%88%E3%83%AA%E5%85%88%E7%94%9F%31%39%E6%AD%B3" n1="%4C%6F%75%47%65" n2="%74%6F%73%69%79%75%6B%69" n3="%E3%81%A4%E3%81%BE%E3%82%89%E3%83%BC%E3%82%93" dan="15,13,15,14" rate="2063.95,1927.69,2047.37,1953.22" sx="F,M,M,M"/><TAIKYOKU oya="0"/><INIT seed="0,0,0,4,4,83" ten="250,250,250,250" oya="0" hai0="122,9,86,103,98,124,43,70,87,11,55,119,57" hai1="5,102,61,35,101,0,20,114,107,112,75,91,3" hai2="111,54,69,56,18,49,81,60,117,37,134,38,96" hai3="67,128,97,14,126,108,29,13,105,12,46,50,82"/><T121/><D119/><U32/><E75/><V63/><F96/><W68/><G108/><T53/><D70/><U36/><E36/><N who="2" m="13931" /><F81/><W80/><G126/><T77/><D124/><U23/><E107/><V41/><F18/><W99/><G128/><T118/><D118/><U125/><E61/><N who="2" m="23627" /><F117/><W135/><G67/><T88/><D77/><U4/><E125/><V79/><F79/><W130/><G68/><T10/><D43/><U129/><REACH who="1" step="1"/><E91/><REACH who="1" ten="250,240,250,250" step="2"/><V71/><F134/><W90/><G135/><T26/><D88/><U59/><E59/><V8/><F111/><W7/><G105/><T131/><D57/><U72/><E72/><V110/><F110/><W64/><G90/><T40/><D103/><U115/><E115/><V16/><F71/><W94/><G130/><AGARI ba="0,1" hai="0,3,4,5,20,23,32,35,101,102,112,114,129,130" machi="130" ten="25,8000,1" yaku="1,1,22,2,53,2" doraHai="83" doraHaiUra="17" who="1" fromWho="3" sc="250,0,240,90,250,0,250,-80" /><INIT seed="1,0,0,1,2,69" ten="250,330,250,170" oya="1" hai0="22,29,7,48,5,115,119,11,86,108,43,84,21" hai1="66,32,35,122,135,131,9,65,68,83,2,85,3" hai2="70,81,12,76,33,77,111,60,78,114,105,97,110" hai3="104,109,8,46,45,16,25,94,28,62,41,52,37"/><U134/><E122/><V38/><F33/><N who="1" m="12873" /><E131/><V91/><F38/><W59/><G109/><N who="2" m="41481" /><F70/><W124/><G124/><T6/><D115/><U75/><E75/><N who="2" m="43167" /><F60/><W14/><G104/><T50/><D119/><U34/><E68/><V123/><F12/><W127/><G127/><T57/><D108/><U117/><E117/><V132/><F123/><W80/><G80/><T27/><D11/><U1/><E9/><V102/><F114/><W129/><G129/><T121/><D121/><U0/><N who="1" m="512" /><DORA hai="92" /><U44/><N who="1" m="12881" /><U19/><DORA hai="73" /><E19/><V61/><F61/><W107/><G107/><T113/><D113/><U13/><E13/><V112/><F112/><W51/><G94/><T116/><D116/><U40/><E85/><V118/><F132/><N who="1" m="50729" /><E83/><V90/><F118/><W106/><G106/><T53/><D22/><U88/><E88/><AGARI ba="0,0" hai="77,78,88,90,91,97,102,105" m="43167,41481" machi="88" ten="30,16000,3" yaku="14,1,34,2,52,4,54,1" doraHai="69,92,73" who="2" fromWho="1" sc="250,0,330,-160,250,160,170,0" /><INIT seed="2,0,0,4,2,57" ten="250,170,410,170" oya="2" hai0="131,133,39,3,48,54,5,85,101,33,10,74,91" hai1="128,107,43,109,14,25,86,27,113,82,17,32,114" hai2="125,93,77,29,76,45,122,58,16,80,1,19,6" hai3="119,62,68,97,129,71,35,20,30,37,11,7,67"/><V121/><F29/><W134/><G134/><T127/><D33/><U46/><E107/><V53/><F121/><W8/><G129/><T108/><D39/><U47/><E128/><V104/><F104/><W66/><G119/><T135/><D74/><U0/><E0/><V52/><F122/><W89/><G37/><T79/><D131/><U59/><E109/><V4/><F125/><W84/><G97/><T103/><D79/><N who="2" m="30282" /><F1/><W90/><G35/><T65/><D65/><U105/><E105/><V51/><F80/><W9/><G84/><T123/><D108/><U87/><E32/><V34/><F34/><W64/><G7/><N who="2" m="2601" /><F93/><W99/><G99/><T98/><D98/><U41/><E82/><V63/><AGARI ba="0,0" hai="16,19,45,51,52,53,58,63" m="2601,30282" machi="63" ten="30,11700,0" yaku="8,1,52,1,54,2" doraHai="57" who="2" fromWho="2" sc="250,-39,170,-39,410,117,170,-39" /><INIT seed="2,1,0,3,3,14" ten="211,131,527,131" oya="2" hai0="44,124,100,121,61,49,113,78,13,33,42,126,28" hai1="18,12,5,16,127,35,32,1,70,114,24,89,36" hai2="92,71,65,131,81,63,117,132,76,116,135,85,69" hai3="91,67,0,2,134,125,86,39,133,41,52,73,118"/><V40/><F71/><W51/><G125/><T38/><D121/><U108/><E70/><V122/><F122/><W72/><G67/><T110/><D113/><U9/><E36/><V87/><F40/><W11/><G41/><T90/><D110/><U48/><E127/><N who="0" m="48681" /><D100/><U46/><E114/><V123/><F123/><W101/><G101/><T109/><D109/><U53/><E108/><V54/><F131/><W119/><G39/><T45/><D78/><U64/><E64/><V98/><F87/><W75/><G119/><T79/><D79/><U47/><E47/><V29/><F29/><W105/><G118/><T37/><D45/><U62/><E62/><V84/><F84/><W112/><G105/><T95/><D61/><U88/><E24/><V43/><F117/><W59/><G112/><T115/><D115/><U129/><E129/><V23/><F116/><W30/><G30/><T21/><D33/><U99/><E1/><V60/><F65/><W20/><G20/><T6/><D28/><U103/><E35/><V93/><F23/><W107/><G107/><T77/><D77/><U26/><E32/><V27/><F76/><W111/><G111/><T102/><D102/><U34/><E34/><V25/><F69/><W4/><REACH who="3" step="1"/><G0/><REACH who="3" ten="211,131,527,121" step="2"/><T66/><D66/><U80/><E80/><AGARI ba="1,1" hai="2,4,11,51,52,59,72,73,75,80,86,91,133,134" machi="80" ten="40,5200,0" yaku="1,1,2,1,54,1,53,0" doraHai="14" doraHaiUra="68" who="3" fromWho="1" sc="211,0,131,-55,527,0,121,65" /><INIT seed="3,0,0,5,1,7" ten="211,76,527,186" oya="3" hai0="34,102,128,47,93,18,40,33,135,0,50,35,82" hai1="101,15,74,80,8,88,73,55,119,133,68,10,27" hai2="60,51,9,124,65,48,56,81,31,103,127,71,110" hai3="95,126,11,61,46,100,23,122,16,112,26,21,75"/><W36/><G122/><T114/><D0/><U24/><E119/><V87/><F103/><W132/><G112/><T39/><D102/><U94/><E133/><V14/><F31/><W22/><G75/><T117/><D117/><U20/><E68/><V90/><F14/><W91/><G132/><T29/><D135/><U89/><E74/><V109/><F9/><W5/><G126/><N who="2" m="48169" /><F71/><W49/><G61/><T28/><D93/><U123/><E123/><V17/><F17/><W12/><G36/><T118/><D118/><U92/><E73/><V113/><F113/><W84/><REACH who="3" step="1"/><G100/><REACH who="3" ten="211,76,527,176" step="2"/><T98/><D114/><U130/><E101/><V76/><F60/><W66/><G66/><T62/><D62/><U43/><E130/><V85/><F65/><W79/><G79/><T70/><D39/><U111/><E111/><V41/><F110/><W63/><G63/><T134/><D128/><U99/><E80/><V52/><F109/><W108/><G108/><T2/><D134/><U4/><E43/><AGARI ba="0,1" hai="5,11,12,16,21,22,23,26,43,46,49,84,91,95" machi="43" ten="30,12000,1" yaku="1,1,7,1,8,1,52,1,54,1,53,0" doraHai="7" doraHaiUra="129" who="3" fromWho="1" sc="211,0,76,-120,527,0,176,130" owari="211,-19.0,-44,-54.0,527,62.0,306,11.0" /></mjloggm>