<mjloggm ver="2.3"><GO type="41" lobby="0"/><UN n0="%E3%83%99%E3%82%A2%E3%83%88%E3%83%AA%E3%83%BC%E3%83%81%E3%82%A7" n1="%E7%B7%91%E3%83%89%E3%83%B3%31%34%30%30%30" n2="%E3%81%AF%E3%82%93%E3%82%80%E3%82%89%E3%81%B3" n3="%E3%83%88%E3%83%88%E3%83%AA%E5%85%88%E7%94%9F%31%39%E6%AD%B3" dan="14,14,15,14" rate="1910.12,1964.02,1954.97,2029.17" sx="F,M,M,F"/><TAIKYOKU oya="0"/><INIT seed="0,0,0,5,3,23" ten="250,250,250,250" oya="0" hai0="84,104,43,92,101,82,115,46,9,3,66,7,13" hai1="34,81,54,91,128,129,36,10,11,53,85,118,122" hai2="106,24,119,94,14,1,126,52,130,64,135,86,22" hai3="112,74,114,51,48,79,70,25,20,55,17,6,103"/><T117/><D117/><U98/><E122/><V83/><F106/><W97/><G70/><T127/><D115/><U100/><E118/><V27/><F119/><W21/><G6/><T15/><D127/><U32/><E36/><V28/><F1/><W37/><G37/><T111/><D111/><U131/><E11/><V40/><F126/><W18/><G79/><T12/><D104/><U62/><E10/><V72/><F40/><W87/><G87/><T42/><D66/><U50/><E62/><V30/><F130/><N who="1" m="33281" /><U29/><DORA hai="102" /><E29/><V57/><F135/><W96/><G74/><T93/><D43/><U105/><E53/><V49/><F14/><W4/><G4/><T133/><D133/><U38/><E38/><V110/><F110/><W5/><G5/><T113/><D113/><U95/><E81/><V134/><F134/><W61/><G61/><T26/><D101/><U47/><AGARI ba="0,0" hai="32,34,47,50,54,85,91,95,98,100,105" m="33281" machi="47" ten="40,2700,0" yaku="19,1,52,1" doraHai="23,102" who="1" fromWho="1" sc="250,-13,250,27,250,-7,250,-7" /><INIT seed="1,0,0,1,1,91" ten="237,277,243,243" oya="1" hai0="123,6,53,70,22,36,23,69,99,116,47,10,121" hai1="92,33,89,37,122,15,128,81,113,41,67,98,54" hai2="14,74,132,104,76,42,35,55,85,106,3,46,102" hai3="111,77,43,38,83,2,97,24,62,34,94,119,0"/><U30/><E122/><N who="0" m="46601" /><D116/><U17/><E113/><V20/><F3/><W93/><G119/><T64/><D64/><U90/><E128/><V95/><F35/><W134/><G111/><T12/><D99/><U1/><E1/><V80/><F132/><W9/><G134/><T60/><D36/><U57/><E67/><V86/><F55/><W103/><G62/><T115/><D115/><U82/><E89/><V16/><F74/><N who="3" m="43447" /><G2/><T49/><D60/><U50/><E33/><V5/><F5/><N who="3" m="1191" /><G24/><T48/><D48/><U105/><E30/><V21/><F21/><AGARI ba="0,0" hai="6,10,12,21,22,23,47,49,53,69,70" m="46601" machi="21" ten="30,1000,0" yaku="13,1" doraHai="91" who="0" fromWho="2" sc="237,10,277,0,243,-10,243,0" /><INIT seed="2,0,0,4,0,94" ten="247,277,233,243" oya="2" hai0="42,85,46,106,98,1,90,29,117,56,15,52,4" hai1="86,68,89,37,53,126,54,49,120,48,19,93,82" hai2="97,11,70,81,125,129,44,9,119,41,7,58,57" hai3="16,96,122,21,128,10,35,0,55,108,79,91,33"/><V30/><F119/><W109/><G122/><T51/><D1/><U47/><E120/><V34/><F70/><W103/><G128/><T62/><D117/><U64/><E126/><V80/><F129/><W87/><G79/><T118/><D118/><U111/><E111/><N who="3" m="42570" /><G55/><T72/><D72/><U50/><E37/><V22/><F125/><W18/><G10/><N who="0" m="4551" /><D106/><U32/><E32/><N who="3" m="12362" /><G0/><T133/><D29/><U26/><E68/><V134/><F34/><W132/><G132/><T45/><D133/><U100/><E64/><V65/><F134/><W121/><G121/><T77/><D45/><U74/><E54/><V28/><F41/><W6/><G6/><T123/><D123/><U23/><E74/><V107/><F44/><W43/><G43/><T92/><D77/><N who="1" m="46415" /><E100/><V78/><F78/><W12/><G18/><T20/><D20/><U88/><E89/><V130/><F22/><W67/><G67/><T99/><AGARI ba="0,0" hai="42,46,51,52,56,62,85,90,92,98,99" m="4551" machi="99" ten="30,7900,0" yaku="8,1,52,2,54,1" doraHai="94" who="0" fromWho="0" sc="247,79,277,-20,233,-39,243,-20" /><INIT seed="3,0,0,1,0,95" ten="326,257,194,223" oya="3" hai0="44,55,5,75,106,48,58,57,118,20,13,85,120" hai1="102,11,69,1,82,0,91,110,24,103,124,111,60" hai2="6,122,109,128,90,31,3,130,96,132,17,115,72" hai3="36,117,79,64,45,99,78,25,121,92,71,42,93"/><W73/><G117/><T21/><D75/><U84/><E124/><V8/><F115/><W4/><G121/><T32/><D32/><U89/><E24/><V119/><F119/><W16/><G73/><T129/><D120/><U34/><E34/><V7/><F122/><W135/><G92/><T41/><D129/><N who="2" m="49770" /><F132/><W33/><G135/><T12/><D118/><U105/><E91/><V38/><F109/><N who="1" m="41481" /><E11/><N who="2" m="2527" /><F31/><W77/><G4/><T56/><D106/><U113/><E113/><V104/><F72/><W131/><G131/><T123/><D123/><U53/><E53/><V2/><F17/><W107/><G107/><T86/><D5/><U76/><E76/><V22/><F22/><N who="0" m="8810" /><D41/><U97/><E103/><N who="2" m="62567" /><F90/><W88/><G16/><T43/><D43/><U81/><E81/><V37/><AGARI ba="0,0" hai="2,7,8,37,38" m="62567,2527,49770" machi="37" ten="30,4000,0" yaku="19,1,23,1,52,1" doraHai="95" who="2" fromWho="2" sc="326,-10,257,-10,194,40,223,-20" /><INIT seed="4,0,0,0,0,70" ten="316,247,234,203" oya="0" hai0="118,32,87,123,19,109,85,96,37,14,47,9,72" hai1="97,68,106,121,101,92,64,60,94,13,17,89,76" hai2="115,91,132,103,128,98,41,38,67,59,134,54,66" hai3="23,73,71,16,110,61,51,25,27,113,33,31,102"/><T53/><D118/><U130/><E130/><V10/><F115/><W126/><G110/><T105/><D123/><U3/><E121/><V93/><F128/><W56/><G73/><T133/><D72/><U99/><E3/><V18/><F103/><W48/><G113/><T100/><D109/><U125/><E125/><V30/><F30/><W50/><G126/><T82/><D133/><N who="2" m="51306" /><F41/><W124/><G124/><T80/><D32/><U46/><E76/><V21/><F10/><W78/><G78/><T83/><REACH who="0" step="1"/><D53/><REACH who="0" ten="306,247,234,203" step="2"/><U2/><E2/><V49/><F67/><W77/><G33/><T39/><D39/><U8/><E46/><V15/><F66/><W6/><G48/><T45/><D45/><U24/><E106/><V4/><F4/><W119/><G51/><T55/><D55/><U131/><E131/><V43/><F43/><AGARI ba="0,1" hai="9,14,19,37,43,47,80,82,83,85,87,96,100,105" machi="43" ten="40,3900,0" yaku="1,1,52,1,53,0" doraHai="70" doraHaiUra="28" who="0" fromWho="2" sc="306,49,247,0,234,-39,203,0" /><INIT seed="4,1,0,5,1,98" ten="355,247,195,203" oya="0" hai0="112,34,23,48,102,99,110,66,91,85,63,38,16" hai1="49,54,10,4,87,36,114,132,18,33,41,5,67" hai2="104,42,101,31,57,62,2,122,55,59,68,72,69" hai3="128,56,37,113,103,53,17,90,121,27,115,74,105"/><T97/><D38/><U47/><E33/><V28/><F122/><W44/><G74/><T65/><D34/><U130/><E132/><V60/><F2/><W45/><G121/><T129/><D110/><U7/><E130/><V1/><F1/><W30/><G128/><T133/><D133/><U51/><E114/><N who="3" m="43530" /><G37/><T81/><D112/><U83/><E67/><V135/><F135/><W80/><G17/><T131/><D131/><U111/><E111/><V93/><F72/><W13/><G13/><N who="0" m="9615" /><D129/><U86/><E86/><V123/><F104/><W94/><G80/><T88/><D91/><N who="1" m="51711" /><E36/><V73/><F73/><W71/><G103/><T75/><D75/><U22/><E7/><V35/><F42/><W15/><G15/><T116/><D116/><U12/><E22/><V109/><F109/><W127/><G71/><T0/><D0/><U134/><E134/><V8/><F8/><W107/><G127/><T11/><D11/><U96/><E96/><N who="0" m="36937" /><D102/><U21/><E21/><V82/><F123/><W29/><G90/><T39/><D39/><U40/><E41/><V79/><F35/><N who="3" m="20927" /><G105/><T108/><D108/><U50/><E51/><V24/><F101/><W58/><G94/><T78/><D78/><U20/><E20/><V120/><F93/><W92/><G92/><T118/><D118/><U124/><E124/><V14/><F79/><W9/><G9/><T25/><D25/><U100/><E100/><V46/><F120/><W3/><G3/><T126/><D126/><U6/><E6/><V61/><F24/><W76/><G76/><T70/><D48/><U77/><E77/><RYUUKYOKU ba="1,0" sc="355,15,247,15,195,-15,203,-15" hai0="63,65,66,70,81,85,88" hai1="4,5,10,12,18,40,47,49,50,54" /><INIT seed="4,2,0,3,4,6" ten="370,262,180,188" oya="0" hai0="43,16,86,68,53,24,103,118,56,30,13,37,95" hai1="8,133,61,123,21,46,45,101,7,27,5,22,90" hai2="124,35,94,19,121,109,129,25,29,59,131,102,39" hai3="32,50,34,20,85,62,116,0,11,69,99,115,33"/><T112/><D68/><U41/><E123/><V134/><F121/><W44/><G116/><T130/><D118/><U87/><E133/><V119/><F119/><W89/><G115/><T1/><D112/><U73/><E73/><V12/><F124/><W105/><G20/><T57/><D130/><N who="2" m="49674" /><F134/><W127/><G127/><T66/><D1/><U98/><E61/><V91/><F109/><W88/><G69/><T107/><D107/><U77/><E7/><V31/><F31/><W10/><G62/><T48/><D37/><U54/><E54/><V49/><F102/><W67/><G67/><T110/><D43/><U111/><E111/><V92/><F39/><W51/><G0/><T74/><D74/><U18/><E77/><V84/><F92/><W14/><G14/><T122/><D122/><U81/><E22/><N who="2" m="11623" /><F59/><W36/><G36/><T106/><D106/><U2/><E41/><V40/><F40/><W120/><G120/><T70/><D70/><U113/><REACH who="1" step="1"/><E113/><REACH who="1" ten="370,252,180,188" step="2"/><V42/><F42/><W76/><G76/><T28/><D110/><U104/><AGARI ba="2,1" hai="2,5,8,18,21,27,45,46,81,87,90,98,101,104" machi="104" ten="20,12000,2" yaku="1,1,2,1,0,1,7,1,52,1,53,1" doraHai="6" doraHaiUra="83" who="1" fromWho="1" sc="370,-62,252,136,180,-32,188,-32" /><INIT seed="5,0,0,1,5,113" ten="308,388,148,156" oya="1" hai0="21,83,51,44,19,24,123,64,12,4,18,99,43" hai1="52,121,95,58,20,22,133,17,73,28,90,106,50" hai2="69,11,62,103,91,114,78,74,116,92,115,80,82" hai3="0,110,88,23,15,25,85,118,132,16,129,134,135"/><U112/><E121/><V84/><F11/><W37/><G110/><T102/><D123/><U9/><E112/><N who="2" m="43051" /><F69/><W65/><G0/><T130/><D130/><U31/><E106/><V54/><F54/><W32/><G37/><T39/><D64/><U127/><E73/><V66/><F66/><W122/><G122/><T7/><D39/><U29/><E133/><V89/><F62/><W100/><G100/><T111/><D83/><U76/><E76/><N who="2" m="46087" /><F116/><W27/><G129/><T5/><D111/><U77/><E77/><V3/><F3/><W109/><G109/><T128/><D128/><U68/><E68/><V120/><F120/><W72/><G72/><T67/><D67/><U108/><E127/><V86/><F74/><W98/><G65/><T46/><D44/><U79/><E79/><V40/><F40/><W105/><G32/><T101/><REACH who="0" step="1"/><D99/><AGARI ba="0,0" hai="78,82,86,89,91,92,99,103" m="46087,43051" machi="99" ten="30,7700,0" yaku="15,1,11,1,34,2" doraHai="113" who="2" fromWho="0" sc="308,-77,388,0,148,77,156,0" /><INIT seed="6,0,0,3,2,39" ten="231,388,225,156" oya="2" hai0="100,37,84,30,93,81,116,31,1,10,64,2,59" hai1="4,46,66,28,0,94,19,13,55,95,129,97,134" hai2="82,65,133,33,26,78,86,15,42,24,8,36,118" hai3="43,7,20,11,41,54,12,74,112,90,96,40,67"/><V22/><F118/><W113/><G74/><T89/><D116/><U105/><E134/><V119/><F119/><W130/><G130/><T57/><D37/><U44/><E129/><V70/><F133/><W47/><G67/><T73/><D1/><U25/><E66/><V128/><F128/><W79/><G79/><T75/><D75/><U91/><E105/><V61/><F33/><W62/><G20/><T52/><D64/><U18/><E18/><V76/><F76/><W34/><G34/><T71/><D71/><U53/><E95/><V17/><F26/><W77/><G77/><T98/><D59/><U123/><E123/><V56/><F70/><W125/><G125/><T106/><D106/><U103/><E103/><V101/><F101/><W27/><G27/><T111/><D73/><U68/><E68/><V80/><F80/><W88/><G96/><T122/><D122/><U21/><E46/><V104/><F104/><W117/><G117/><T45/><D45/><U124/><E44/><V121/><F121/><W63/><G47/><T120/><D111/><U126/><E4/><N who="2" m="3463" /><F36/><W51/><G51/><T115/><D115/><N who="3" m="44105" /><G63/><T85/><D120/><U14/><E0/><V3/><F3/><W109/><G109/><T16/><D84/><U48/><E48/><V87/><F87/><W110/><G110/><T69/><D69/><U107/><E107/><V102/><F102/><W23/><G23/><T6/><REACH who="0" step="1"/><D16/><REACH who="0" ten="221,388,225,156" step="2"/><U50/><E19/><V132/><F132/><W83/><G83/><T32/><D32/><U131/><E131/><V99/><F99/><W9/><G9/><RYUUKYOKU ba="0,1" sc="221,10,388,-30,225,10,156,10" hai0="2,6,10,30,31,52,57,81,85,89,93,98,100" hai2="17,22,24,42,56,61,65,78,82,86" hai3="7,11,12,40,41,43,54,62,88,90" /><INIT seed="6,1,1,5,4,58" ten="231,358,235,166" oya="2" hai0="124,57,125,41,4,121,83,34,109,133,33,88,76" hai1="55,127,42,77,135,45,16,10,22,39,78,27,62" hai2="47,64,7,97,12,72,32,35,112,93,23,24,15" hai3="1,56,117,106,6,134,84,25,129,54,74,130,61"/><V128/><F72/><W70/><G117/><T49/><D121/><U132/><E127/><N who="0" m="48713" /><D109/><U73/><E10/><V46/><F112/><W65/><G74/><T75/><D133/><N who="1" m="51275" /><E73/><V52/><F128/><N who="3" m="49259" /><G134/><T26/><D4/><U113/><E113/><V9/><F64/><W60/><G106/><T2/><D2/><U96/><E96/><V13/><F32/><W48/><G25/><T120/><D120/><U44/><E44/><N who="2" m="16939" /><F52/><W40/><G40/><T90/><D41/><U51/><E39/><V100/><F35/><N who="0" m="13322" /><D26/><U30/><E30/><AGARI ba="1,1" hai="7,9,12,13,15,23,24,30,93,97,100" m="16939" machi="30" ten="30,1500,0" yaku="8,1" doraHai="58" who="2" fromWho="1" sc="231,0,358,-18,235,28,166,0" /><INIT seed="6,2,0,5,0,3" ten="231,340,263,166" oya="2" hai0="49,33,124,116,123,9,115,105,72,23,7,51,5" hai1="32,56,4,31,61,53,112,41,97,48,1,73,85" hai2="106,13,34,58,128,127,133,96,30,16,94,60,120" hai3="82,87,71,79,25,134,50,26,17,39,52,107,114"/><V66/><F120/><W90/><G71/><T76/><D123/><U131/><E73/><V78/><F106/><W28/><G39/><T122/><D122/><U27/><E131/><V80/><F128/><W54/><G107/><T29/><D105/><U63/><E112/><V92/><F133/><W57/><G134/><T119/><D72/><U111/><E111/><V103/><F127/><W89/><G114/><T22/><D76/><U67/><E97/><V104/><F30/><W77/><G77/><T64/><D64/><U43/><E63/><V47/><F47/><W129/><G129/><T38/><D38/><U74/><E74/><V35/><F35/><W69/><G69/><T8/><D115/><U42/><E85/><V75/><REACH who="2" step="1"/><F34/><REACH who="2" ten="231,340,253,166" step="2"/><W132/><G132/><T108/><D108/><U98/><E32/><V36/><F36/><W81/><G28/><T37/><D37/><U102/><E31/><V55/><F55/><W40/><G40/><T101/><D124/><U70/><E43/><V117/><F117/><N who="0" m="45130" /><D101/><U95/><REACH who="1" step="1"/><E27/><REACH who="1" ten="231,330,253,166" step="2"/><V21/><AGARI ba="2,2" hai="13,16,21,58,60,66,75,78,80,92,94,96,103,104" machi="21" ten="20,7800,0" yaku="1,1,0,1,7,1,54,1,53,0" doraHai="3" doraHaiUra="0" who="2" fromWho="2" sc="231,-28,330,-28,253,104,166,-28" /><INIT seed="6,3,0,5,5,16" ten="203,302,357,138" oya="2" hai0="116,35,77,120,66,24,4,124,29,65,129,122,104" hai1="82,87,58,132,34,85,14,115,41,54,98,15,113" hai2="10,126,31,118,49,135,57,95,111,22,39,76,63" hai3="62,103,73,109,91,110,25,61,17,90,99,127,114"/><V19/><F118/><W37/><G37/><T32/><D104/><U78/><E132/><V21/><F39/><W80/><G127/><T5/><D77/><U1/><E1/><V13/><F135/><W28/><G114/><N who="1" m="43530" /><E34/><V74/><F126/><W52/><G17/><T130/><D124/><U20/><E41/><V71/><F71/><W50/><G109/><T64/><D116/><U88/><E98/><V43/><F111/><W81/><G110/><T93/><D93/><N who="1" m="54415" /><E20/><V100/><F31/><W84/><G73/><T38/><D38/><U102/><E102/><V3/><F3/><W30/><G81/><T117/><D117/><U12/><E12/><V67/><F76/><W105/><G90/><T94/><D94/><U112/><N who="1" m="43538" /><U44/><DORA hai="48" /><E44/><N who="2" m="25759" /><F74/><W55/><G30/><T40/><D40/><U18/><E18/><V86/><F86/><W121/><G121/><N who="0" m="46699" /><D66/><U123/><E123/><V72/><F72/><W7/><G7/><N who="0" m="2635" /><D64/><U92/><E92/><V68/><F68/><W133/><G133/><T23/><D65/><U89/><E78/><V36/><F36/><W56/><REACH who="3" step="1"/><G55/><REACH who="3" ten="203,302,357,128" step="2"/><T46/><D46/><U83/><E83/><V128/><F128/><AGARI ba="3,1" hai="23,24,29,32,35,128,129,130" m="2635,46699" machi="128" ten="30,7700,0" yaku="19,1,34,2,52,1" doraHai="16,48" who="0" fromWho="2" sc="203,96,302,0,357,-86,128,0" /><INIT seed="7,0,0,5,3,105" ten="299,302,271,128" oya="3" hai0="15,31,32,114,38,47,2,24,60,127,94,17,110" hai1="22,99,4,125,77,134,30,37,41,0,45,80,91" hai2="126,112,39,100,48,84,27,58,7,28,131,68,121" hai3="124,10,9,42,98,8,129,113,25,57,72,69,83"/><W101/><G69/><T135/><D110/><U82/><E134/><V20/><F121/><W71/><G71/><T115/><D135/><U51/><E125/><V73/><F126/><W26/><G124/><T62/><D127/><U11/><E51/><V21/><F68/><W23/><G113/><N who="0" m="43019" /><D2/><U106/><E82/><V14/><F39/><W123/><G123/><T1/><D1/><U56/><E56/><V95/><F112/><W3/><G3/><T133/><D133/><U119/><E119/><V79/><F131/><W33/><G129/><T74/><D74/><N who="1" m="43063" /><E22/><V130/><F130/><W81/><G42/><N who="0" m="22999" /><D94/><N who="1" m="56799" /><E30/><V116/><F116/><W111/><G111/><T65/><D65/><U102/><E102/><V75/><F100/><W104/><G72/><T67/><D67/><U122/><E106/><V16/><F7/><W13/><G13/><T109/><D109/><U90/><E90/><N who="2" m="53703" /><F79/><W87/><G87/><T118/><D118/><U49/><E49/><V120/><F120/><AGARI ba="0,0" hai="0,4,11,37,41,45,120,122" m="56799,43063" machi="120" ten="30,2000,0" yaku="25,1,52,1" doraHai="105" who="1" fromWho="2" sc="299,0,302,20,271,-20,128,0" owari="299,10.0,322,42.0,251,-15.0,128,-37.0" /></mjloggm>