<mjloggm ver="2.3"><GO type="225" lobby="0"/><UN n0="%E3%81%8A%E3%81%BE%E3%81%A4%E3%82%8A" n1="%E3%82%AB%E3%83%A9%E3%82%B9%E3%81%AE%E5%AD%90" n2="%E3%81%82%E3%82%89%E3%81%8F%E3%82%8C" n3="%E3%83%88%E3%83%88%E3%83%AA%E5%85%88%E7%94%9F%31%39%E6%AD%B3" dan="16,16,17,17" rate="2041.94,2105.21,2168.48,2251.83" sx="M,M,F,F"/><TAIKYOKU oya="0"/><INIT seed="0,0,0,2,2,2" ten="250,250,250,250" oya="0" hai0="127,70,74,97,87,75,103,67,122,91,133,86,42" hai1="30,81,131,93,21,39,113,31,115,106,63,116,4" hai2="92,26,13,94,53,61,110,46,101,35,50,38,90" hai3="119,17,59,28,14,62,37,126,16,108,129,45,99"/><T118/><D42/><U58/><E116/><V51/><F110/><W68/><G119/><T85/><D67/><U64/><E106/><V57/><F38/><W130/><G68/><T105/><D70/><U56/><E39/><V15/><F101/><W96/><G108/><T80/><D118/><U125/><E125/><V69/><F69/><W124/><G28/><N who="1" m="10794" /><E131/><N who="3" m="50186" /><G45/><T55/><D55/><U100/><E58/><V117/><F117/><W22/><G17/><T54/><D54/><U48/><E48/><V0/><F0/><W128/><G37/><T109/><D127/><N who="3" m="48681" /><G128/><T60/><D109/><U7/><E81/><V89/><F46/><W83/><G83/><T24/><D24/><U88/><E100/><V43/><F26/><W18/><G18/><T49/><D80/><U114/><E21/><V112/><F35/><W10/><G22/><T9/><D103/><U77/><E77/><V33/><F33/><W47/><G47/><T41/><D41/><U1/><E1/><V84/><F43/><W20/><G20/><T29/><D29/><U134/><E134/><V102/><F102/><W98/><G98/><AGARI ba="0,0" hai="4,7,56,63,64,88,93,98,113,114,115" m="10794" machi="98" ten="30,7700,0" yaku="11,1,52,2,54,1" doraHai="2" who="1" fromWho="3" sc="250,0,250,77,250,0,250,-77" /><INIT seed="1,0,0,1,1,50" ten="250,327,250,173" oya="1" hai0="108,93,45,69,14,8,55,33,23,81,53,105,126" hai1="29,91,59,26,36,131,84,68,19,35,130,98,127" hai2="115,30,101,6,10,74,12,116,34,95,17,110,18" hai3="114,77,133,49,78,125,56,0,122,11,63,73,72"/><U28/><E68/><V120/><F120/><W92/><G114/><T7/><D33/><U132/><E36/><V22/><F116/><W48/><G122/><T99/><D105/><U20/><E127/><V87/><F74/><W121/><G121/><T47/><D126/><U117/><E117/><V21/><F115/><W9/><G125/><T37/><D69/><U134/><E98/><V79/><F110/><W57/><G92/><T70/><D70/><U103/><E103/><V42/><F42/><W43/><G43/><T67/><D67/><U1/><E59/><V88/><F79/><W13/><G13/><T66/><D66/><U31/><E84/><V41/><F41/><W94/><G94/><T38/><D81/><U71/><E91/><V85/><F101/><W25/><G25/><T118/><D108/><U51/><E51/><V46/><F46/><W104/><G0/><T15/><D118/><U65/><E71/><V82/><F30/><N who="1" m="11881" /><E1/><V113/><F113/><W111/><G111/><T135/><D38/><U100/><E65/><V39/><F39/><W62/><REACH who="3" step="1"/><G133/><REACH who="3" ten="250,327,250,163" step="2"/><N who="1" m="51306" /><E100/><V75/><F12/><AGARI ba="0,1" hai="12,19,20,26,31,35,130,131" m="51306,11881" machi="12" ten="30,5800,0" yaku="20,1,34,2" doraHai="50" who="1" fromWho="2" sc="250,0,327,68,250,-58,163,0" /><INIT seed="1,1,0,1,5,48" ten="250,395,192,163" oya="1" hai0="47,109,17,27,29,103,63,25,85,128,75,92,34" hai1="94,15,36,12,110,80,4,126,45,22,42,76,40" hai2="125,55,39,107,53,130,41,71,51,78,120,50,16" hai3="133,0,64,100,9,131,2,106,11,91,129,121,33"/><U69/><E69/><V119/><F107/><W60/><G121/><T87/><D75/><U101/><E126/><V28/><F28/><W93/><G33/><T20/><D109/><U65/><E65/><V95/><F78/><W84/><G133/><T112/><D128/><N who="3" m="49225" /><G100/><T135/><D135/><U99/><E110/><V88/><F130/><W38/><G38/><T127/><D127/><U79/><E42/><V52/><F125/><W58/><G106/><T113/><D113/><U21/><E76/><V111/><F120/><W96/><G96/><T68/><D47/><U46/><E45/><V1/><F111/><W83/><G83/><T30/><D17/><U102/><E101/><V115/><F119/><W61/><G61/><T37/><D37/><U108/><E108/><V134/><F134/><W14/><G11/><T72/><D72/><U97/><E97/><V81/><F115/><W114/><G114/><T74/><D74/><U62/><E62/><V35/><F35/><W26/><G26/><T116/><D116/><U123/><E123/><V18/><F81/><W10/><G10/><T117/><D117/><U59/><E36/><V98/><F1/><W67/><G67/><N who="0" m="41087" /><D112/><U31/><E80/><V23/><F71/><W49/><G49/><N who="2" m="18441" /><F39/><W86/><G86/><N who="0" m="32779" /><D92/><U32/><E94/><V54/><N who="2" m="13824" /><DORA hai="90" /><V89/><F89/><W118/><G118/><T105/><D103/><U6/><E102/><V132/><F132/><W3/><G3/><T77/><D105/><U82/><E79/><V5/><F23/><W66/><G66/><T104/><D104/><U73/><E22/><RYUUKYOKU ba="1,0" sc="250,15,395,-15,192,-15,163,15" hai0="20,25,27,29,30,34,77" hai3="0,2,9,14,58,60,64,84,91,93" /><INIT seed="2,2,0,3,0,102" ten="265,380,177,178" oya="2" hai0="6,54,32,106,131,87,33,9,120,126,68,50,112" hai1="105,119,99,74,7,4,41,124,40,117,44,10,42" hai2="22,122,93,77,31,25,20,2,110,58,80,66,85" hai3="61,116,13,97,107,51,38,34,19,125,55,79,69"/><V115/><F122/><W82/><G116/><T30/><D112/><U104/><E74/><V103/><F115/><W114/><G114/><T128/><D120/><U86/><E124/><V123/><F123/><W47/><G34/><T81/><D126/><U15/><E99/><N who="2" m="59887" /><F2/><W24/><G125/><T75/><D106/><U36/><E36/><V37/><F37/><W57/><G24/><T39/><D75/><U14/><E86/><V46/><F110/><W133/><G38/><T62/><D39/><U27/><E27/><V45/><F20/><W111/><G69/><T91/><D62/><AGARI ba="2,0" hai="22,25,31,45,46,58,62,66,77,80,85" m="59887" machi="62" ten="30,2900,0" yaku="25,1,8,1" doraHai="102" who="2" fromWho="0" sc="265,-35,380,0,177,35,178,0" /><INIT seed="2,3,0,4,4,127" ten="230,380,212,178" oya="2" hai0="47,58,18,126,41,91,5,71,95,86,75,19,13" hai1="66,23,83,114,28,34,10,77,16,40,61,55,46" hai2="39,64,135,117,70,42,22,125,63,100,6,3,99" hai3="31,109,87,123,119,72,101,130,108,111,120,84,92"/><V122/><F117/><W43/><G43/><T98/><D71/><U97/><E114/><V132/><F122/><N who="3" m="46635" /><G31/><T105/><D126/><U73/><E34/><V128/><F125/><W8/><G8/><T62/><D75/><U89/><E28/><V85/><F22/><W116/><G72/><T45/><D105/><U80/><E10/><N who="2" m="2399" /><F85/><N who="3" m="32843" /><G130/><T30/><D86/><U12/><E83/><V78/><F78/><W113/><G113/><T112/><D112/><U82/><E82/><V134/><F128/><W7/><G7/><T107/><D107/><U37/><E55/><V11/><F11/><W121/><N who="3" m="46643" /><W0/><DORA hai="29" /><G0/><T106/><D106/><U124/><E124/><V32/><F32/><W53/><G53/><T26/><D5/><U93/><E66/><V96/><F100/><W20/><G20/><T79/><D41/><U50/><REACH who="1" step="1"/><E61/><REACH who="1" ten="230,370,212,178" step="2"/><V118/><F118/><W69/><G69/><T54/><D30/><U27/><E27/><V9/><F9/><W74/><G74/><T14/><D26/><U51/><AGARI ba="3,1" hai="12,16,23,37,40,46,50,51,73,77,80,89,93,97" machi="51" ten="30,7900,0" yaku="1,1,0,1,54,1,53,1" doraHai="127,29" doraHaiUra="94,81" who="1" fromWho="1" sc="230,-23,370,98,212,-42,178,-23" /><INIT seed="3,0,0,5,1,35" ten="207,468,170,155" oya="3" hai0="13,130,124,79,26,6,48,87,62,40,15,71,29" hai1="68,72,3,23,67,81,78,1,75,16,100,109,21" hai2="108,58,65,61,126,132,119,127,12,121,8,88,82" hai3="32,89,135,84,52,9,59,118,33,44,91,93,92"/><W96/><G118/><T73/><D73/><U120/><E120/><V69/><F121/><W7/><G44/><T4/><D124/><N who="2" m="47658" /><F119/><W49/><REACH who="3" step="1"/><G135/><REACH who="3" ten="207,468,170,145" step="2"/><T51/><D130/><U133/><E133/><V77/><F132/><W129/><G129/><T99/><D40/><U30/><E75/><N who="2" m="43327" /><F108/><W36/><G36/><T94/><D48/><U43/><E72/><V50/><F50/><W42/><G42/><T86/><D51/><U20/><E109/><V63/><F63/><W113/><G113/><T53/><D62/><U31/><E43/><V46/><F46/><W56/><G56/><T66/><D71/><U54/><E68/><V64/><F64/><W70/><G70/><T80/><D66/><U115/><E67/><V5/><F69/><W131/><G131/><T104/><D53/><U90/><E115/><V102/><F102/><W27/><G27/><T85/><D26/><U123/><E123/><V116/><F116/><W11/><G11/><T34/><D79/><U103/><E103/><V110/><F110/><W106/><G106/><T37/><D104/><U128/><E100/><V134/><F134/><W122/><G122/><T47/><D37/><U2/><E128/><V10/><F10/><W101/><G101/><T22/><D47/><U98/><E78/><V14/><F88/><W0/><AGARI ba="0,1" hai="0,7,9,32,33,49,52,59,84,89,91,92,93,96" machi="0" ten="20,12000,1" yaku="1,1,0,1,7,1,52,1,54,1,53,0" doraHai="35" doraHaiUra="17" who="3" fromWho="3" sc="207,-40,468,-40,170,-40,145,130" /><INIT seed="3,1,0,2,2,8" ten="167,428,130,275" oya="3" hai0="20,58,120,91,39,81,54,25,28,0,111,130,67" hai1="34,74,62,77,17,116,95,14,10,15,92,83,118" hai2="38,75,50,16,53,100,65,88,117,122,84,13,89" hai3="5,19,52,112,7,44,36,21,57,123,42,76,85"/><W45/><G112/><T115/><D39/><U126/><E34/><V46/><F117/><N who="1" m="45161" /><E126/><V127/><F127/><W27/><G123/><T48/><D67/><U59/><E15/><V72/><F122/><W22/><G44/><T113/><D91/><U134/><E134/><V40/><F100/><W64/><G64/><AGARI ba="1,0" hai="10,14,17,59,62,64,74,77,83,92,95" m="45161" machi="64" ten="30,2000,0" yaku="12,1,52,1" doraHai="8" who="1" fromWho="3" sc="167,0,428,23,130,0,275,-23" owari="167,-23.0,451,55.0,130,-37.0,252,5.0" /></mjloggm>