<mjloggm ver="2.3"><GO type="169" lobby="0"/><UN n0="%E3%83%88%E3%83%88%E3%83%AA%E5%85%88%E7%94%9F%31%39%E6%AD%B3" n1="%E3%82%8A%E3%82%87%E3%83%BC%E3%81%A1%32%30%31%31" n2="%E3%81%AC%E3%81%A0" n3="%E9%96%A2%E4%B8%83%E6%B5%B7" dan="17,16,16,16" rate="2232.89,2055.32,2079.37,2161.27" sx="F,M,M,M"/><TAIKYOKU oya="0"/><INIT seed="0,0,0,4,2,17" ten="250,250,250,250" oya="0" hai0="23,48,18,3,108,14,70,98,52,26,45,81,129" hai1="78,134,117,41,5,2,105,131,122,128,114,94,50" hai2="9,59,116,22,73,133,57,92,115,132,20,56,35" hai3="66,80,121,12,31,106,90,101,96,130,25,58,51"/><T86/><D108/><U27/><E105/><V112/><F35/><W109/><G109/><T44/><D129/><N who="1" m="49739" /><E117/><V54/><F73/><W60/><G130/><T24/><D70/><U4/><E122/><V64/><F116/><W36/><G36/><T68/><D68/><U21/><E114/><N who="2" m="43563" /><F64/><W113/><G113/><T34/><D3/><U8/><E134/><N who="2" m="51819" /><F9/><W135/><G135/><T107/><D34/><U71/><E71/><V69/><F69/><W63/><G121/><T29/><D29/><U110/><E110/><V118/><F118/><W93/><G63/><T127/><D127/><U104/><E104/><V6/><F6/><W38/><G38/><T126/><D126/><U42/><E5/><V55/><F92/><W33/><G51/><N who="0" m="28775" /><D98/><U65/><E50/><N who="2" m="30807" /><F59/><W119/><G119/><T75/><D75/><U84/><E65/><V120/><F120/><W47/><G80/><T72/><D72/><U37/><E37/><V85/><F85/><W32/><G32/><T30/><D107/><U111/><E111/><V53/><F57/><W40/><G106/><T125/><D30/><N who="1" m="17775" /><E94/><V95/><F95/><W11/><G101/><T99/><D125/><U100/><E100/><V15/><F55/><W13/><G66/><T7/><D99/><U82/><AGARI ba="0,0" hai="2,4,8,41,42,78,82,84" m="17775,49739" machi="82" ten="30,2000,0" yaku="19,1,52,1" doraHai="17" who="1" fromWho="1" sc="250,-10,250,20,250,-5,250,-5" /><INIT seed="1,0,0,4,4,23" ten="240,270,245,245" oya="1" hai0="38,57,0,82,100,108,12,135,13,63,128,24,51" hai1="97,93,130,113,18,132,110,101,26,25,50,121,106" hai2="3,32,111,56,88,104,117,77,127,114,124,22,8" hai3="99,86,14,1,67,105,134,95,11,49,129,10,5"/><U68/><E121/><V6/><F117/><W74/><G74/><T2/><D38/><U41/><E113/><V64/><F104/><W61/><G129/><T119/><D119/><U79/><E68/><V73/><F111/><W37/><G37/><T85/><D108/><U47/><E110/><V75/><F32/><W122/><G122/><T28/><D128/><U19/><E130/><V71/><F71/><W40/><G105/><T81/><D135/><U89/><E132/><V90/><F114/><W65/><G86/><T98/><D51/><U62/><E79/><V54/><F64/><W109/><G109/><T116/><D116/><U46/><E62/><V55/><F22/><W31/><G31/><T118/><D118/><U83/><E47/><V35/><F35/><W69/><G134/><T17/><D2/><U72/><E72/><V102/><F102/><W4/><G67/><T115/><D0/><U133/><E133/><V91/><F75/><W84/><G49/><T16/><D13/><U45/><E45/><V112/><F112/><W66/><G66/><N who="0" m="39279" /><D12/><U39/><E39/><V96/><F96/><W48/><G48/><T94/><D82/><U9/><E9/><V107/><F107/><W34/><G34/><N who="0" m="20743" /><D115/><U36/><E36/><V58/><F73/><W60/><G60/><T120/><D120/><U27/><REACH who="1" step="1"/><E83/><REACH who="1" ten="240,260,245,245" step="2"/><V123/><F123/><W78/><G78/><T125/><D81/><U70/><E70/><V20/><F77/><W44/><G44/><T126/><D126/><N who="2" m="48170" /><F58/><W43/><G69/><T53/><D125/><U15/><E15/><V21/><F56/><RYUUKYOKU ba="0,1" sc="240,-15,260,15,245,15,245,-15" hai1="18,19,25,26,27,41,46,50,89,93,97,101,106" hai2="3,6,8,20,21,54,55,88,90,91" /><INIT seed="1,1,1,5,3,98" ten="225,275,260,230" oya="1" hai0="93,97,56,38,26,49,22,25,119,88,5,109,3" hai1="64,54,36,105,40,58,48,6,11,106,121,86,127" hai2="31,107,17,44,8,111,42,90,116,67,108,10,92" hai3="114,4,60,15,128,123,52,125,27,23,103,20,85"/><U113/><E121/><V87/><F116/><W37/><G123/><T59/><D119/><U120/><E120/><V2/><F31/><W39/><G114/><T43/><D38/><U29/><E113/><V53/><F67/><W112/><G112/><T133/><D109/><N who="2" m="42058" /><F2/><W76/><G125/><T13/><D133/><U77/><E127/><V12/><F107/><W74/><G74/><T9/><D3/><U100/><E64/><V19/><F53/><W70/><G128/><T110/><D110/><U129/><E29/><V95/><F95/><W126/><G126/><T7/><D7/><U35/><E35/><V21/><F19/><W134/><G70/><T0/><D0/><U115/><E115/><V131/><F131/><W96/><G37/><AGARI ba="1,1" hai="8,10,12,17,21,37,42,44,87,90,92" m="42058" machi="37" ten="30,1000,0" yaku="14,1" doraHai="98" who="2" fromWho="3" sc="225,0,275,0,260,23,230,-13" /><INIT seed="2,0,0,3,2,101" ten="225,275,283,217" oya="2" hai0="29,48,37,65,10,45,73,17,130,96,46,102,39" hai1="44,4,11,52,77,81,66,75,7,95,55,135,82" hai2="8,53,40,97,107,132,120,74,111,18,15,86,83" hai3="59,1,133,33,49,9,14,87,128,61,99,117,108"/><V36/><F120/><W110/><G1/><T134/><D73/><U78/><E135/><V113/><F113/><W109/><G133/><T64/><D134/><U126/><E126/><V122/><F122/><W115/><G128/><T23/><D130/><U30/><E66/><V80/><F74/><W79/><G33/><T71/><D10/><U63/><E30/><V21/><F132/><W32/><G32/><T3/><D3/><U6/><E11/><V125/><F125/><W31/><G31/><T68/><D29/><U67/><E95/><V104/><F111/><W89/><G49/><T54/><D65/><U114/><E44/><V20/><F97/><W5/><G115/><T22/><D22/><U35/><E35/><V93/><F21/><W34/><G34/><T13/><D64/><U116/><E116/><V51/><F36/><W50/><G50/><T12/><D12/><U131/><E131/><V85/><F93/><W0/><G99/><T41/><REACH who="0" step="1"/><D39/><REACH who="0" ten="215,275,283,217" step="2"/><U98/><E114/><V119/><F20/><W57/><G0/><T129/><D129/><U121/><E121/><V94/><F119/><W103/><G117/><T38/><D38/><U28/><E28/><V42/><F8/><W76/><G108/><T47/><D47/><U26/><E75/><V19/><F15/><W88/><G109/><T90/><D90/><U106/><E67/><V123/><F123/><W118/><G89/><T69/><D69/><U127/><E127/><V58/><F19/><W91/><G110/><T112/><D112/><U105/><E7/><V72/><F18/><W24/><G118/><RYUUKYOKU ba="0,1" sc="215,30,275,-10,283,-10,217,-10" hai0="13,17,23,37,41,45,46,48,54,68,71,96,102" /><INIT seed="3,1,1,1,4,102" ten="245,265,273,207" oya="3" hai0="108,56,104,16,107,120,82,87,24,101,97,14,77" hai1="129,79,74,80,111,63,12,100,114,95,33,73,112" hai2="72,75,8,36,81,22,31,119,116,23,88,1,98" hai3="18,50,3,76,92,127,44,113,83,68,27,90,17"/><W40/><G68/><T5/><D120/><U86/><E33/><V38/><F8/><W4/><G113/><N who="1" m="43626" /><E12/><V133/><F1/><W59/><G127/><T110/><D5/><U123/><E63/><V53/><F53/><W94/><G59/><T29/><D56/><U57/><E57/><V34/><F34/><W115/><G115/><T103/><D103/><U49/><E49/><V99/><F81/><W134/><G134/><T37/><D37/><U20/><E20/><V105/><F105/><W28/><G3/><T61/><D61/><U2/><E2/><V118/><F133/><W6/><G92/><N who="0" m="58535" /><D24/><U26/><E26/><V124/><F124/><W106/><G106/><T117/><D117/><U25/><E25/><V58/><F58/><W0/><G0/><T30/><D30/><U11/><E11/><V52/><F31/><W71/><G71/><T78/><D78/><N who="1" m="46359" /><E123/><V93/><F116/><W19/><G28/><T55/><D55/><U39/><E39/><V45/><F45/><W41/><G41/><T7/><D7/><U135/><E135/><V84/><F52/><W91/><G27/><T9/><D29/><U62/><E62/><V122/><F122/><W96/><REACH who="3" step="1"/><G91/><REACH who="3" ten="245,265,273,197" step="2"/><T64/><D64/><U13/><E13/><V32/><F88/><W10/><G10/><T131/><D9/><U43/><E43/><V60/><F60/><W47/><G47/><T121/><D14/><U126/><E126/><V42/><F42/><W15/><G15/><T54/><D121/><U128/><E95/><V35/><F93/><W21/><G21/><T51/><D107/><RYUUKYOKU ba="1,2" sc="245,-15,265,-15,273,15,197,15" hai2="22,23,32,35,36,38,72,75,84,98,99,118,119" hai3="4,6,17,18,19,40,44,50,76,83,90,94,96" /><INIT seed="3,2,2,0,4,112" ten="230,250,288,212" oya="3" hai0="4,87,116,19,128,130,135,118,59,43,9,48,58" hai1="131,107,120,34,104,21,11,86,78,122,90,6,74" hai2="45,1,31,35,56,96,79,52,80,24,40,15,117" hai3="81,69,50,129,97,72,5,37,77,68,20,113,65"/><W25/><G113/><T99/><D135/><U55/><E34/><V61/><F1/><W106/><G37/><T91/><D19/><U132/><E132/><V13/><F96/><W82/><G5/><T127/><D99/><U119/><E21/><V0/><F0/><W8/><G8/><T134/><D134/><U14/><E131/><N who="0" m="50217" /><D127/><U38/><E38/><V53/><F53/><W36/><G36/><T89/><D43/><U126/><E126/><V105/><F105/><W73/><G129/><T63/><D48/><U28/><E28/><V18/><F117/><N who="0" m="45162" /><D87/><U46/><E119/><V27/><F40/><W2/><G50/><T84/><D84/><U54/><E86/><V110/><F45/><W32/><G97/><T51/><D51/><U101/><E104/><V114/><F114/><W26/><G106/><T33/><D33/><U100/><E107/><V62/><F35/><W49/><G49/><T17/><D17/><U7/><E101/><V60/><F18/><W133/><G133/><T41/><D41/><U22/><E100/><V30/><F62/><W85/><G32/><T23/><D23/><U57/><E22/><V123/><F61/><W16/><G20/><T42/><D42/><U121/><E120/><V70/><F123/><W95/><G16/><T47/><D47/><U83/><E46/><V102/><F102/><W103/><G103/><T125/><D125/><U108/><E121/><V44/><F44/><W10/><G85/><T64/><D59/><U94/><E57/><V115/><F115/><W98/><G98/><T29/><D29/><U67/><E122/><RYUUKYOKU ba="2,2" sc="230,30,250,-10,288,-10,212,-10" hai0="4,9,58,63,64,89,91" /><INIT seed="4,3,2,1,1,50" ten="260,240,278,202" oya="0" hai0="65,54,3,42,125,27,77,12,69,35,90,45,47" hai1="129,48,110,88,101,133,73,91,34,53,74,72,61" hai2="8,40,87,111,23,36,115,94,32,76,58,99,117" hai3="52,112,17,28,5,103,62,43,79,120,59,66,96"/><T57/><D3/><U15/><E110/><V30/><F111/><W64/><G112/><T60/><D125/><U67/><E34/><V127/><F32/><W13/><G79/><T25/><D35/><U84/><E129/><V4/><F115/><W118/><G118/><T21/><D77/><U121/><E121/><V119/><F127/><W85/><G120/><T6/><D90/><U123/><E123/><V19/><F30/><W116/><G28/><T97/><D97/><U31/><E31/><V37/><F40/><W63/><G116/><T70/><D70/><U33/><E33/><V22/><F37/><W98/><G5/><T128/><D128/><U29/><E29/><V102/><F36/><W83/><G43/><T16/><D6/><U135/><E101/><V14/><F23/><W126/><G126/><T75/><D75/><U78/><E15/><V7/><F7/><W100/><G62/><T10/><D10/><U104/><E104/><V55/><F87/><W92/><G85/><T49/><D47/><N who="1" m="27807" /><E84/><V18/><F76/><W131/><G83/><T93/><D93/><U9/><E9/><V130/><F130/><W134/><G134/><N who="1" m="51210" /><E78/><V89/><F102/><W81/><G81/><T56/><D69/><AGARI ba="3,2" hai="61,67,69,72,73,74,88,91" m="51210,27807" machi="69" ten="40,5200,0" yaku="20,1,52,1,54,1" doraHai="50" who="1" fromWho="0" sc="260,-61,240,81,278,0,202,0" /><INIT seed="5,0,0,0,3,73" ten="199,321,278,202" oya="1" hai0="14,15,65,58,85,78,82,3,68,72,69,2,6" hai1="121,21,92,87,125,49,26,117,116,22,47,10,5" hai2="107,42,67,76,104,75,8,106,12,122,130,48,83" hai3="9,35,93,77,90,25,55,98,133,99,84,126,128"/><U27/><E121/><V29/><F122/><W37/><G37/><T13/><D72/><U32/><E125/><V11/><F130/><W111/><G128/><T100/><D100/><U80/><E92/><V123/><F123/><W131/><G131/><T56/><D6/><U54/><E32/><V124/><F124/><W118/><G111/><T70/><REACH who="0" step="1"/><D65/><REACH who="0" ten="189,321,278,202" step="2"/><U39/><E116/><V24/><F67/><W62/><G118/><T103/><D103/><U119/><E117/><V135/><F135/><W71/><G133/><T97/><D97/><U89/><E119/><V57/><F107/><W110/><G99/><T120/><D120/><U129/><E129/><V18/><F106/><W43/><G110/><T74/><D74/><U113/><E5/><V38/><F104/><W86/><G98/><T41/><D41/><U88/><E87/><V60/><F42/><W134/><G43/><T19/><D19/><U53/><E54/><V36/><F18/><W132/><G126/><T81/><D81/><U101/><E101/><V108/><F108/><W17/><G132/><T1/><AGARI ba="0,1" hai="1,2,3,13,14,15,56,58,68,69,70,78,82,85" machi="1" ten="50,16000,3" yaku="1,1,0,1,29,2,52,1,53,3" doraHai="73" doraHaiUra="64" who="0" fromWho="0" sc="189,170,321,-80,278,-40,202,-40" /><INIT seed="6,0,0,0,1,1" ten="359,241,238,162" oya="2" hai0="68,48,128,7,65,53,61,10,39,24,29,35,28" hai1="47,86,97,22,132,31,118,54,92,88,63,13,105" hai2="103,111,66,30,33,106,101,42,76,9,57,6,14" hai3="114,134,19,115,41,102,18,73,95,49,110,55,70"/><V20/><F111/><W135/><G73/><T56/><D128/><U91/><E118/><V133/><F133/><N who="3" m="50699" /><G70/><T112/><D112/><N who="3" m="43049" /><G41/><T71/><D29/><U79/><E132/><V72/><F42/><W67/><G67/><T26/><D26/><N who="1" m="16855" /><E105/><V11/><F106/><W64/><G64/><T99/><D99/><U98/><E13/><V127/><F127/><W25/><G110/><T94/><D39/><U17/><E17/><N who="2" m="10295" /><F11/><W120/><G120/><T52/><D53/><U15/><E15/><V83/><F57/><N who="3" m="33007" /><G25/><T87/><D65/><U131/><E54/><V90/><F66/><W82/><G82/><T113/><D113/><U124/><E124/><V58/><F58/><W117/><G117/><T122/><D122/><U123/><E123/><V126/><F126/><W60/><G60/><T3/><D61/><U50/><E63/><V96/><F33/><W125/><G125/><T108/><D108/><U45/><E45/><V78/><F30/><W5/><G5/><T116/><D116/><U129/><E47/><V16/><F6/><W130/><G130/><T93/><D68/><U0/><E131/><V121/><F121/><W81/><G81/><T2/><D71/><U80/><E129/><V77/><F72/><W34/><G34/><T74/><D74/><U109/><E109/><V51/><F51/><W27/><G27/><T59/><D56/><U21/><E50/><V38/><F38/><W107/><G107/><T43/><D43/><U104/><E104/><V85/><F96/><AGARI ba="0,0" hai="18,19,95,96,102" m="33007,43049,50699" machi="96" ten="30,3900,0" yaku="20,1,15,1,11,1" doraHai="1" who="3" fromWho="2" sc="359,0,241,0,238,-39,162,39" /><INIT seed="7,0,0,1,3,122" ten="359,241,199,201" oya="3" hai0="36,49,73,129,53,39,127,23,119,108,131,33,69" hai1="118,96,37,121,115,27,100,83,44,99,80,114,60" hai2="135,113,45,66,126,0,78,26,85,76,51,28,70" hai3="12,9,32,58,81,56,21,48,67,18,61,117,88"/><W95/><G32/><T16/><D108/><U120/><E27/><V13/><F0/><W101/><G117/><T5/><D119/><U8/><E8/><V41/><F113/><N who="1" m="43017" /><E118/><V20/><F135/><W19/><G101/><T104/><D104/><N who="1" m="63495" /><E99/><V42/><F126/><W134/><G81/><N who="1" m="31306" /><E60/><V34/><F42/><AGARI ba="0,0" hai="37,42,44,120,121" m="31306,63495,43017" machi="42" ten="30,1000,0" yaku="15,1" doraHai="122" who="1" fromWho="2" sc="359,0,241,10,199,-10,201,0" owari="359,46.0,251,5.0,189,-31.0,201,-20.0" /></mjloggm>