<mjloggm ver="2.3"><GO type="169" lobby="0"/><UN n0="%E3%82%A6%E3%83%AB%E3%83%88%E3%83%A9%E7%AB%8B%E7%9B%B4" n1="%E6%A1%9C%E7%94%B0%E3%83%8F%E3%83%AB" n2="%E9%BA%BB%E7%94%9F%E9%9B%80%E5%AD%90" n3="%E4%B8%80%E9%96%83%E3%81%95%E3%82%93" dan="18,16,16,16" rate="2191.03,2100.22,2123.02,2073.43" sx="M,F,F,M"/><TAIKYOKU oya="0"/><INIT seed="0,0,0,3,1,108" ten="250,250,250,250" oya="0" hai0="5,117,11,118,51,132,49,128,135,129,87,50,17" hai1="114,16,103,12,100,72,97,68,9,124,76,40,86" hai2="88,52,125,19,94,28,60,74,45,24,55,2,90" hai3="8,99,127,105,133,115,109,39,83,62,121,41,98"/><T67/><D17/><U126/><E68/><V6/><F74/><W31/><G109/><T58/><D87/><U77/><E40/><V69/><F125/><N who="1" m="48233" /><E72/><V1/><F90/><W4/><G105/><T56/><D11/><U123/><E123/><V26/><F6/><W27/><G121/><T79/><D5/><U119/><E119/><N who="0" m="45577" /><D79/><N who="1" m="30283" /><E86/><V32/><F69/><W106/><G8/><T33/><D33/><U84/><E84/><V7/><F7/><W14/><G4/><T75/><D75/><U13/><E114/><V10/><F45/><W71/><G115/><T38/><D38/><U120/><E120/><V35/><F35/><W82/><G39/><T61/><D58/><U85/><E85/><V47/><F32/><W78/><G78/><T63/><D63/><U92/><E13/><V42/><F60/><W37/><G14/><T131/><AGARI ba="0,0" hai="49,50,51,56,61,67,128,129,131,132,135" m="45577" machi="131" ten="40,7800,0" yaku="19,1,34,2" doraHai="108" who="0" fromWho="0" sc="250,78,250,-26,250,-26,250,-26" /><INIT seed="0,1,0,4,0,92" ten="328,224,224,224" oya="0" hai0="27,69,15,113,79,98,41,83,20,120,62,16,24" hai1="52,108,80,21,119,125,90,19,63,8,7,56,86" hai2="12,107,34,66,26,105,91,29,114,106,53,47,126" hai3="28,44,88,23,60,71,49,73,100,39,67,10,78"/><T118/><D118/><U134/><E119/><V116/><F114/><W58/><G100/><T128/><D120/><U46/><E134/><V127/><F116/><W84/><G10/><T32/><D113/><U36/><E108/><V99/><F66/><W2/><G2/><T130/><D41/><U96/><E125/><V65/><F65/><W110/><G110/><T45/><D45/><U70/><E70/><V54/><F12/><W59/><G39/><T1/><D1/><U111/><E111/><V75/><F75/><W33/><G33/><T42/><D42/><U81/><E36/><V132/><F132/><W93/><G73/><T97/><D62/><U102/><E46/><V35/><F35/><W123/><G78/><T74/><D69/><U13/><E86/><V85/><F99/><N who="0" m="37898" /><D32/><U51/><E90/><V109/><F109/><W115/><G115/><T6/><D6/><U124/><E124/><N who="2" m="47659" /><F47/><W25/><G123/><T31/><D31/><U76/><E76/><V22/><F34/><W0/><G0/><T112/><D112/><U14/><REACH who="1" step="1"/><E63/><REACH who="1" ten="328,214,224,224" step="2"/><V50/><F50/><W61/><REACH who="3" step="1"/><G60/><REACH who="3" ten="328,214,224,214" step="2"/><T55/><D74/><U30/><E30/><V4/><F4/><W117/><G117/><T5/><D5/><U82/><E82/><AGARI ba="1,2" hai="22,26,29,53,54,82,85,91,105,106,107" m="47659" machi="82" ten="40,1300,0" yaku="18,1" doraHai="92" who="2" fromWho="1" sc="328,0,214,-16,224,36,214,0" /><INIT seed="1,0,0,2,1,97" ten="328,198,260,214" oya="1" hai0="59,18,44,7,8,20,49,92,40,107,100,117,80" hai1="125,5,115,128,22,10,122,120,110,94,135,64,96" hai2="35,130,36,114,85,72,30,83,61,50,31,126,104" hai3="87,1,11,3,132,91,23,78,43,65,41,134,47"/><U38/><E115/><V66/><F36/><W19/><G78/><T84/><D107/><U95/><E38/><V29/><F72/><W101/><G65/><T16/><D117/><U68/><E135/><N who="3" m="51754" /><G11/><T123/><D123/><U69/><E128/><V74/><F74/><W102/><G3/><T71/><D71/><U37/><E37/><V53/><F130/><W124/><G1/><T111/><D111/><U12/><E125/><V127/><F104/><W17/><G124/><N who="2" m="47657" /><F35/><W77/><G77/><T57/><D8/><U81/><E81/><V39/><F39/><N who="3" m="21951" /><G43/><T121/><D7/><U73/><E73/><V58/><F114/><W24/><G17/><T108/><D18/><U116/><E110/><V98/><F98/><W63/><G63/><T32/><D32/><U4/><E116/><V79/><F31/><W55/><G55/><T52/><D40/><U48/><E64/><V89/><F79/><W46/><G46/><AGARI ba="0,0" hai="29,30,46,50,53,58,61,66,83,85,89" m="47657" machi="46" ten="30,1000,0" yaku="18,1" doraHai="97" who="2" fromWho="3" sc="328,0,198,0,260,10,214,-10" /><INIT seed="2,0,0,3,0,71" ten="328,198,270,204" oya="2" hai0="131,65,16,96,12,73,54,115,64,4,85,58,0" hai1="111,22,77,101,80,79,132,90,41,20,74,134,5" hai2="119,44,82,2,49,67,113,88,40,55,92,122,50" hai3="28,93,99,25,95,48,8,17,98,112,78,63,46"/><V72/><F119/><W104/><G112/><T126/><D73/><U30/><E77/><V36/><F122/><W24/><G104/><T83/><D115/><U9/><E101/><V56/><F2/><W19/><G78/><T135/><D126/><U29/><E111/><V6/><F6/><W37/><G37/><T120/><D120/><U70/><E70/><V39/><F67/><W118/><G118/><T3/><D131/><U53/><E41/><V11/><F11/><W27/><G28/><T110/><D110/><U84/><E53/><V76/><F113/><W127/><G63/><T15/><D135/><N who="1" m="51755" /><E29/><V59/><F59/><W23/><G127/><T129/><D129/><U103/><E103/><V26/><F26/><W107/><G107/><T116/><D116/><U124/><E30/><V106/><F106/><W81/><G81/><T7/><D96/><AGARI ba="0,0" hai="36,39,40,44,49,50,55,56,72,76,82,88,92,96" machi="96" ten="30,11600,0" yaku="7,1,52,2,54,1" doraHai="71" who="2" fromWho="0" sc="328,-116,198,0,270,116,204,0" /><INIT seed="2,1,0,3,4,121" ten="212,198,386,204" oya="2" hai0="0,45,25,23,128,12,24,113,90,82,49,14,37" hai1="89,114,122,130,7,74,125,44,94,75,134,46,2" hai2="110,105,96,133,6,11,115,42,103,104,98,88,50" hai3="43,15,68,117,53,38,93,61,101,77,85,102,76"/><V28/><F115/><W54/><G117/><T18/><D37/><U91/><E114/><V17/><F28/><W55/><G38/><T71/><D0/><U5/><E122/><V3/><F133/><W9/><G43/><T126/><D71/><U123/><E123/><V19/><F110/><W111/><G68/><T69/><D69/><U21/><E134/><V97/><F97/><W26/><G61/><T99/><D113/><U132/><E132/><V67/><F67/><W116/><G116/><T52/><D126/><U40/><E125/><V86/><F42/><W63/><G63/><T92/><D128/><U87/><E130/><V131/><F50/><W56/><G56/><T30/><REACH who="0" step="1"/><D82/><REACH who="0" ten="202,198,386,204" step="2"/><U80/><E2/><V51/><F131/><W106/><G102/><T31/><D31/><U27/><E80/><V81/><F51/><W109/><G101/><AGARI ba="1,1" hai="3,6,11,17,19,81,86,88,96,98,101,103,104,105" machi="101" ten="40,3900,0" yaku="9,1,54,1" doraHai="121" who="2" fromWho="3" sc="202,0,198,0,386,52,204,-42" /><INIT seed="2,2,0,4,4,119" ten="202,198,438,162" oya="2" hai0="34,131,85,84,66,42,123,106,77,11,111,79,59" hai1="132,58,103,49,130,55,46,17,32,86,27,99,135" hai2="78,7,96,37,94,118,4,14,35,127,8,26,110" hai3="112,65,52,45,116,98,124,100,15,104,71,80,0"/><V129/><F118/><W72/><G116/><T82/><D34/><U73/><E73/><V21/><F37/><W23/><G0/><T20/><D106/><U40/><E130/><V133/><F129/><W93/><G112/><T128/><D42/><U1/><E1/><V74/><F35/><W113/><G113/><T54/><D66/><U134/><E86/><V10/><F133/><W13/><G124/><T50/><D111/><U48/><E17/><V63/><F110/><W38/><G104/><T12/><D20/><U92/><E27/><V125/><F63/><W19/><G15/><T90/><D123/><U70/><E32/><V97/><F78/><W43/><G71/><AGARI ba="2,0" hai="40,46,48,49,55,58,70,71,92,99,103,132,134,135" machi="71" ten="40,1300,0" yaku="20,1" doraHai="119" who="1" fromWho="3" sc="202,0,198,19,438,0,162,-19" /><INIT seed="3,0,0,4,3,67" ten="202,217,438,143" oya="3" hai0="97,27,57,58,121,90,39,29,72,37,78,65,10" hai1="79,87,85,26,101,70,105,18,109,116,124,118,117" hai2="8,12,51,99,19,38,15,96,129,59,127,125,119" hai3="14,98,128,4,103,40,115,41,2,44,53,104,24"/><W69/><G115/><T102/><D121/><U74/><E124/><N who="2" m="47691" /><F38/><W11/><G128/><T52/><D90/><U91/><E109/><V122/><F119/><W71/><G2/><T7/><D65/><U56/><E56/><V49/><F122/><W5/><G5/><T107/><D57/><U95/><E85/><V0/><F0/><W60/><G24/><T108/><D108/><U46/><E46/><V6/><F129/><W86/><G86/><T22/><D78/><U48/><E48/><N who="2" m="18507" /><F59/><W68/><REACH who="3" step="1"/><G44/><REACH who="3" ten="202,217,438,133" step="2"/><T120/><D120/><U63/><E26/><V54/><F54/><W84/><G84/><T42/><D72/><U17/><E74/><V21/><AGARI ba="0,1" hai="6,8,12,15,19,21,96,99" m="18507,47691" machi="21" ten="30,1100,0" yaku="18,1" doraHai="67" who="2" fromWho="2" sc="202,-3,217,-3,438,21,133,-5" /><INIT seed="4,0,0,5,4,109" ten="199,214,459,128" oya="0" hai0="53,125,90,50,132,130,79,36,75,84,96,12,38" hai1="10,28,104,49,22,111,100,34,48,107,3,37,86" hai2="4,40,92,120,113,9,97,63,99,68,115,54,127" hai3="58,117,87,30,62,110,70,8,112,93,128,20,25"/><T61/><D125/><U133/><E37/><V78/><F120/><W88/><G110/><T56/><D130/><U15/><E111/><V7/><F78/><W101/><G117/><T23/><D132/><U41/><E3/><V122/><F122/><W33/><G70/><T44/><D96/><U55/><E133/><V129/><F127/><W91/><G128/><T24/><D12/><U76/><E34/><V131/><F40/><W18/><G101/><T71/><D79/><U89/><E76/><V43/><F43/><W69/><G69/><T31/><D71/><U116/><E100/><V13/><F4/><W73/><G73/><T14/><D14/><U123/><E116/><V114/><F99/><W118/><G118/><T0/><D0/><U11/><E41/><V102/><F54/><W6/><G91/><T77/><D77/><U83/><E48/><V108/><F108/><W66/><G112/><T21/><D21/><U17/><E10/><V124/><F124/><W121/><G121/><T74/><D74/><U52/><E55/><V1/><F1/><W2/><REACH who="3" step="1"/><G33/><REACH who="3" ten="199,214,459,118" step="2"/><T26/><D75/><U19/><E123/><V47/><F129/><W95/><G95/><N who="0" m="54727" /><D38/><U134/><E134/><V42/><F131/><W65/><G65/><N who="0" m="39079" /><D36/><U94/><E94/><V105/><F92/><W106/><G106/><T98/><D98/><U64/><E64/><V126/><F126/><W51/><G51/><T32/><D32/><U72/><E72/><V81/><F68/><W57/><G57/><T45/><D45/><U16/><E104/><V35/><F105/><W27/><G27/><AGARI ba="0,1" hai="23,24,26,27,31,44,50,53" m="39079,54727" machi="27" ten="30,2900,0" yaku="6,1,8,1" doraHai="109" who="0" fromWho="3" sc="199,39,214,0,459,0,118,-29" /><INIT seed="4,1,0,3,5,73" ten="238,214,459,89" oya="0" hai0="23,94,106,59,57,97,103,76,119,90,2,92,107" hai1="118,30,115,77,12,71,24,101,61,33,35,96,108" hai2="95,4,124,40,20,72,34,60,129,116,121,79,120" hai3="11,86,85,22,19,125,36,18,135,98,126,14,42"/><T110/><D2/><U52/><E35/><V66/><F34/><W38/><G98/><T93/><D119/><U37/><E37/><V5/><F116/><W46/><G38/><T48/><D110/><U105/><E108/><V25/><F40/><W16/><G135/><T51/><D90/><U83/><E118/><V84/><F129/><W21/><G21/><T131/><D131/><U109/><E12/><V49/><F49/><W80/><G86/><T53/><D23/><U128/><E115/><V134/><F134/><W74/><G74/><T1/><D1/><U123/><E123/><V114/><F72/><W64/><G64/><T112/><D112/><U67/><E128/><V117/><F117/><W58/><G58/><T26/><D26/><U75/><E52/><V91/><F20/><W50/><G36/><T6/><D6/><U88/><E109/><V3/><F25/><W10/><G10/><T62/><D106/><U0/><E88/><V65/><F114/><W111/><G111/><T7/><D7/><U15/><E15/><V45/><F4/><W87/><G87/><T78/><D62/><U81/><E81/><V104/><F60/><W127/><REACH who="3" step="1"/><G22/><REACH who="3" ten="238,214,459,79" step="2"/><T130/><D130/><U9/><E9/><N who="2" m="2239" /><F120/><W89/><AGARI ba="1,1" hai="11,14,16,18,19,42,46,50,80,85,89,125,126,127" machi="89" ten="30,7900,0" yaku="1,1,0,1,18,1,54,1,53,0" doraHai="73" doraHaiUra="102" who="3" fromWho="3" sc="238,-40,214,-21,459,-21,79,92" /><INIT seed="5,0,0,5,5,39" ten="198,193,438,171" oya="1" hai0="24,16,132,127,10,15,116,120,88,18,58,100,19" hai1="29,99,112,133,92,67,65,9,31,28,61,87,135" hai2="118,66,134,22,79,68,108,113,115,34,48,75,85" hai3="109,70,2,44,122,14,91,114,96,51,55,21,121"/><U94/><E9/><V124/><F34/><W84/><G2/><T80/><D116/><U32/><E32/><V95/><F75/><W23/><G70/><T98/><D127/><U71/><E112/><V46/><F124/><W56/><G109/><T11/><D132/><N who="1" m="50763" /><E67/><V72/><F108/><W125/><G125/><T12/><D58/><U128/><E128/><V102/><F72/><W117/><G117/><T101/><D120/><U76/><E99/><N who="2" m="59775" /><F118/><W3/><G3/><T43/><D43/><U30/><E30/><V78/><F22/><W42/><G114/><N who="2" m="43529" /><F85/><W4/><G96/><T1/><D1/><U49/><E49/><V83/><F83/><AGARI ba="0,0" hai="28,29,31,61,65,71,76,83,87,92,94" m="50763" machi="83" ten="30,1500,0" yaku="20,1" doraHai="39" who="1" fromWho="2" sc="198,0,193,15,438,-15,171,0" /><INIT seed="5,1,0,3,4,42" ten="198,208,423,171" oya="1" hai0="101,92,47,13,127,28,66,50,21,128,53,7,75" hai1="96,86,97,5,122,105,93,71,70,36,18,8,90" hai2="6,68,109,100,102,108,114,73,41,40,74,14,80" hai3="59,123,87,19,52,77,81,89,44,15,113,124,30"/><U27/><E36/><V2/><F14/><W31/><G113/><T56/><D75/><U37/><E37/><V84/><F68/><W0/><G0/><T58/><D127/><U116/><E116/><V38/><F38/><W111/><G124/><T126/><D126/><U107/><E122/><V135/><F114/><W125/><G111/><T43/><D128/><U64/><E27/><V9/><F135/><W57/><G123/><T62/><D101/><U22/><E71/><V99/><F84/><W33/><G125/><T32/><D92/><U35/><E35/><V79/><F73/><W106/><G106/><T20/><D32/><U48/><E48/><V51/><F102/><W104/><G104/><T55/><D28/><N who="3" m="10793" /><G33/><T63/><D66/><U121/><E121/><V39/><F51/><N who="3" m="28775" /><G77/><T65/><D65/><U25/><E105/><N who="2" m="63647" /><F40/><W60/><G60/><T23/><D7/><U76/><E107/><V16/><F108/><W24/><G24/><T26/><D26/><U11/><E76/><V88/><F109/><W1/><G1/><T129/><D129/><U118/><E118/><V91/><F16/><AGARI ba="1,0" hai="13,16,20,21,23,43,47,50,53,55,56,58,62,63" machi="16" ten="40,8000,1" yaku="9,1,8,1,52,1,54,1" doraHai="42" who="0" fromWho="2" sc="198,83,208,0,423,-83,171,0" /><INIT seed="6,0,0,4,3,58" ten="281,208,340,171" oya="2" hai0="94,102,126,6,24,118,20,68,65,72,2,69,73" hai1="99,12,9,129,45,134,70,31,15,81,51,53,38" hai2="92,33,29,34,55,77,30,117,23,59,28,47,22" hai3="84,87,13,112,7,37,78,39,54,25,88,100,127"/><V75/><F117/><W111/><G111/><T115/><D115/><U63/><E134/><V56/><F75/><W66/><G100/><T104/><D104/><U62/><E129/><V79/><F47/><W18/><G112/><T4/><D126/><U17/><E31/><V49/><F92/><W107/><G107/><T27/><D2/><U128/><E128/><V0/><F0/><W19/><G127/><T61/><D69/><U124/><E70/><V64/><F34/><W105/><G105/><T125/><D125/><U71/><E71/><V74/><F33/><W108/><G66/><T89/><D102/><U131/><E131/><V36/><F36/><W97/><G108/><T123/><D123/><U32/><E32/><V43/><F43/><W11/><G54/><T96/><D72/><U121/><E99/><V98/><F98/><W10/><G97/><T8/><D73/><U1/><E1/><V26/><F74/><W95/><G25/><T16/><D118/><U46/><E121/><V133/><F133/><W132/><G132/><T135/><D135/><U67/><E67/><V42/><F42/><W119/><G119/><T57/><D68/><U41/><E124/><V82/><F26/><W93/><G7/><N who="0" m="2603" /><D27/><U14/><REACH who="1" step="1"/><E81/><REACH who="1" ten="281,198,340,171" step="2"/><V76/><F82/><W83/><REACH who="3" step="1"/><G95/><REACH who="3" ten="281,198,340,161" step="2"/><T48/><D94/><U3/><E3/><V113/><F113/><W114/><G114/><T80/><D96/><U120/><E120/><V91/><F64/><W90/><G90/><T5/><D89/><U44/><E44/><N who="2" m="28071" /><F91/><W40/><G40/><T50/><D80/><U101/><E101/><RYUUKYOKU ba="0,2" sc="281,0,198,0,340,0,161,0" hai0="5,8,16,20,24,48,50,57,61,65" hai1="9,12,14,15,17,38,41,45,46,51,53,62,63" hai2="22,23,28,29,30,56,59,76,77,79" hai3="10,11,13,18,19,37,39,78,83,84,87,88,93" /><INIT seed="6,1,2,1,4,55" ten="281,198,340,161" oya="2" hai0="34,53,21,11,43,46,129,37,78,88,59,51,82" hai1="38,118,125,47,22,8,54,16,65,50,97,112,89" hai2="124,80,73,130,114,99,133,110,19,108,30,40,12" hai3="76,75,36,111,70,134,98,123,79,81,113,28,3"/><V72/><F114/><W14/><G111/><N who="2" m="42537" /><F130/><W41/><G123/><T42/><D34/><U135/><E118/><V103/><F30/><W60/><G3/><T18/><D129/><U128/><E128/><V87/><F40/><W102/><G79/><T61/><D11/><U96/><E112/><V66/><F66/><N who="3" m="41287" /><G14/><T2/><D2/><U67/><E135/><V83/><F124/><W92/><G28/><T35/><D35/><U13/><E125/><V91/><F133/><W74/><G134/><T120/><D120/><U62/><E38/><V10/><F80/><W115/><G36/><T32/><D32/><U68/><E67/><V101/><F101/><W126/><G126/><T26/><D78/><U131/><E131/><V33/><F33/><W119/><G41/><N who="0" m="25039" /><D37/><U52/><E54/><V29/><F29/><W7/><G119/><T122/><D122/><U95/><E8/><V24/><F24/><W25/><G25/><T1/><D1/><U17/><E17/><V109/><F109/><W27/><G27/><T48/><D48/><U58/><REACH who="1" step="1"/><E97/><REACH who="1" ten="281,188,340,161" step="2"/><V39/><F39/><W49/><G113/><T94/><D43/><U6/><E6/><V90/><F19/><W15/><G115/><T4/><D4/><U5/><E5/><V23/><F10/><W0/><G0/><T106/><D42/><U127/><E127/><V85/><F99/><W105/><G7/><T20/><D18/><U117/><E117/><V63/><F12/><W44/><G15/><T77/><D53/><U64/><E64/><V84/><F83/><W56/><G81/><T71/><D82/><RYUUKYOKU ba="1,3" sc="281,-10,188,30,340,-10,161,-10" hai1="13,16,22,47,50,52,58,62,65,68,89,95,96" /><INIT seed="7,2,3,2,5,72" ten="271,218,330,151" oya="3" hai0="1,62,28,67,43,49,97,113,102,89,132,78,69" hai1="104,38,126,25,15,13,133,68,84,39,92,55,127" hai2="56,124,98,36,27,90,31,107,6,103,30,20,64" hai3="80,76,19,3,22,75,10,121,122,110,111,52,116"/><W115/><G116/><T86/><D1/><U96/><E68/><V41/><F6/><W8/><G115/><T2/><D2/><U119/><E119/><V100/><F100/><W117/><G117/><T73/><D132/><U42/><E133/><V26/><F124/><N who="1" m="47657" /><E25/><V18/><F41/><W61/><G121/><T129/><D129/><U4/><E55/><V9/><F36/><N who="1" m="13865" /><E42/><V21/><F90/><W120/><G120/><T114/><D28/><U0/><E0/><V134/><F134/><W79/><G122/><T45/><D78/><U53/><E53/><V54/><F64/><W59/><G79/><T60/><D73/><U11/><E15/><V106/><F9/><W91/><G91/><T88/><D62/><U44/><E44/><V118/><F118/><W37/><G37/><T12/><D12/><U48/><E48/><V47/><F47/><W24/><REACH who="3" step="1"/><G3/><REACH who="3" ten="271,218,330,141" step="2"/><T105/><D89/><N who="1" m="53287" /><E104/><V87/><F106/><W7/><G7/><T135/><D135/><U83/><E4/><V81/><F107/><W70/><G70/><T77/><D77/><U17/><E83/><V125/><F125/><W63/><G63/><T93/><AGARI ba="2,4" hai="43,45,49,60,67,69,86,88,93,97,102,105,113,114" machi="93" ten="30,2000,0" yaku="0,1,54,1" doraHai="72" who="0" fromWho="0" sc="271,66,218,-7,330,-7,141,-12" owari="337,44.0,211,-19.0,323,12.0,129,-37.0" /></mjloggm>