<mjloggm ver="2.3"><GO type="169" lobby="0"/><UN n0="%E3%82%A4%E3%82%BA%E3%83%9F%E3%83%B3" n1="%E5%B0%B1%E6%B4%BB%E7%94%9F%40%E5%B7%9D%E6%9D%91%E8%BB%8D%E5%9B%A3" n2="%E3%83%9D%E3%82%B3%E3%83%94%E3%83%B3" n3="%E2%98%85%E6%96%B0%E5%9E%A3%E3%81%82%E3%82%84%E3%81%9B%E2%98%85" dan="17,16,16,16" rate="2144.57,2064.46,2081.82,2054.50" sx="M,M,M,F"/><TAIKYOKU oya="0"/><INIT seed="0,0,0,1,1,78" ten="250,250,250,250" oya="0" hai0="6,74,84,71,90,62,107,124,106,91,85,109,114" hai1="18,63,117,75,100,51,0,93,42,123,92,27,48" hai2="2,28,79,17,104,37,122,105,94,115,65,21,33" hai3="40,3,103,41,44,57,68,119,129,96,131,89,14"/><T108/><D6/><U15/><E75/><V64/><F122/><W97/><G68/><T11/><D11/><U10/><E123/><V35/><F115/><W56/><G3/><T113/><D71/><U61/><E117/><V43/><F2/><W54/><G119/><T118/><D62/><U22/><E0/><V99/><F79/><W49/><G89/><T66/><D66/><U76/><E76/><V38/><F43/><N who="3" m="16459" /><G14/><T8/><D8/><U19/><E51/><V95/><F99/><N who="3" m="37963" /><G103/><T24/><D24/><U13/><E27/><V112/><F112/><W55/><G44/><T82/><D74/><U133/><E133/><V45/><F45/><W87/><G87/><T128/><D118/><U50/><E50/><V59/><F59/><N who="3" m="22603" /><G49/><T110/><D124/><U101/><E48/><V127/><F127/><W26/><G26/><T77/><D77/><U98/><E42/><V60/><F65/><W120/><G120/><T126/><D126/><U23/><E98/><V67/><F67/><W36/><G36/><T9/><D9/><AGARI ba="0,0" hai="9,10,13,15,18,19,22,23,61,63,92,93,100,101" machi="9" ten="25,3200,0" yaku="22,2,8,1" doraHai="78" who="1" fromWho="0" sc="250,-32,250,32,250,0,250,0" /><INIT seed="1,0,0,2,5,0" ten="218,282,250,250" oya="1" hai0="64,125,131,106,83,92,105,134,90,116,4,33,99" hai1="132,32,128,48,37,53,102,49,114,59,43,91,112" hai2="107,65,109,88,36,8,17,60,30,78,42,111,11" hai3="118,108,20,61,115,25,31,56,21,50,79,26,98"/><U121/><E32/><V81/><F107/><W16/><G108/><T119/><D33/><U52/><E102/><V82/><F30/><W96/><G115/><T135/><D64/><U87/><E121/><V10/><F17/><W120/><G120/><T100/><D4/><U46/><E128/><V19/><F19/><W24/><G118/><N who="0" m="45099" /><D131/><U103/><E103/><V38/><F82/><W15/><G79/><T34/><D34/><U7/><E132/><N who="0" m="50729" /><D125/><U89/><E7/><V101/><F101/><W70/><G70/><T54/><D54/><U110/><E110/><N who="2" m="41995" /><F42/><W124/><G124/><T35/><D35/><U55/><E91/><V5/><F5/><W14/><G26/><T95/><D83/><U97/><E97/><AGARI ba="0,0" hai="90,92,95,97,99,100,105,106" m="50729,45099" machi="97" ten="30,3900,0" yaku="20,1,34,2" doraHai="0" who="0" fromWho="1" sc="218,39,282,-39,250,0,250,0" /><INIT seed="2,0,0,5,3,90" ten="257,243,250,250" oya="2" hai0="118,117,88,24,95,74,54,21,67,4,110,85,63" hai1="84,20,135,49,18,107,40,76,5,113,114,19,45" hai2="23,38,69,68,99,42,97,124,13,86,73,126,123" hai3="91,75,131,34,61,7,111,6,0,9,8,44,96"/><V64/><F73/><W100/><G131/><T3/><D74/><U102/><E135/><V25/><F123/><W134/><G111/><T58/><D110/><U112/><E5/><V127/><F13/><W62/><G134/><T71/><D4/><U119/><E119/><N who="0" m="45577" /><D3/><U33/><E33/><V22/><F86/><W47/><G34/><T81/><D81/><U125/><E125/><V60/><F69/><W82/><G61/><T51/><D21/><N who="2" m="7690" /><F25/><AGARI ba="0,0" hai="24,25,51,54,58,63,67,71,85,88,95" m="45577" machi="25" ten="30,3900,0" yaku="12,1,52,1,54,1" doraHai="90" who="0" fromWho="2" sc="257,39,243,0,250,-39,250,0" /><INIT seed="3,0,0,1,1,0" ten="296,243,211,250" oya="3" hai0="132,121,44,55,14,103,28,70,120,118,18,35,58" hai1="16,135,78,90,115,42,11,104,68,126,52,38,96" hai2="112,30,31,62,123,71,84,110,105,53,5,67,13" hai3="106,99,60,8,37,128,20,80,64,130,7,83,34"/><W46/><G34/><T59/><D70/><U113/><E68/><V6/><F112/><W69/><G20/><T41/><D118/><U50/><E78/><V56/><F105/><W45/><G83/><T91/><D103/><U85/><E126/><V63/><F123/><W111/><G80/><T65/><D132/><U94/><E135/><V47/><F110/><W108/><G99/><T81/><D65/><U19/><E42/><V73/><F73/><W107/><G46/><T22/><D35/><U102/><E38/><V92/><F47/><W89/><G89/><T36/><D28/><U76/><E76/><V79/><F13/><N who="3" m="5279" /><G107/><T82/><D58/><U23/><E11/><V116/><F116/><W24/><G24/><T2/><D2/><U57/><E19/><V133/><F133/><W15/><G15/><AGARI ba="0,0" hai="15,16,23,50,52,57,85,90,94,96,102,104,113,115" machi="15" ten="30,8000,1" yaku="7,1,25,2,54,2" doraHai="0" who="1" fromWho="3" sc="296,0,243,80,211,0,250,-80" /><INIT seed="4,0,0,2,0,7" ten="296,323,211,170" oya="0" hai0="131,8,113,134,90,60,126,116,94,97,63,67,112" hai1="54,21,19,79,29,108,135,34,73,17,110,24,22" hai2="41,106,57,111,121,132,107,109,82,48,71,53,0" hai3="70,40,39,125,78,25,15,95,14,4,80,115,5"/><T36/><D36/><U28/><E73/><V75/><F121/><W120/><G70/><T37/><D37/><U68/><E79/><V3/><F132/><W123/><G95/><T12/><D116/><U64/><E64/><V118/><F71/><W91/><G91/><T10/><D134/><U99/><E68/><V129/><F118/><W124/><G25/><T51/><D131/><U52/><E99/><V119/><F129/><W33/><G33/><T65/><D51/><U104/><E104/><V103/><F119/><W81/><G39/><T46/><D46/><U96/><E96/><V2/><F41/><W100/><G100/><T32/><D32/><U59/><E135/><V88/><F103/><W128/><G40/><T30/><D30/><U98/><E98/><V58/><F58/><W87/><G128/><T49/><D49/><U55/><E59/><V66/><F66/><N who="0" m="25098" /><D12/><N who="3" m="4649" /><G87/><T130/><D130/><U84/><E84/><V31/><F31/><W38/><G38/><T16/><D16/><U86/><E86/><V133/><F133/><W117/><G115/><N who="0" m="44107" /><D126/><N who="3" m="48745" /><G117/><T114/><D114/><U76/><E34/><V35/><F35/><W93/><G93/><T72/><D72/><U105/><E105/><V56/><F75/><W1/><G78/><T89/><D89/><U42/><E76/><V6/><F107/><W127/><N who="3" m="48753" /><W85/><DORA hai="61" /><G85/><T47/><D47/><U27/><E42/><V92/><F88/><W45/><G45/><T20/><D20/><U44/><E44/><V77/><F106/><W62/><G123/><T50/><D50/><U74/><E74/><RYUUKYOKU ba="0,0" sc="296,15,323,15,211,-15,170,-15" hai0="8,10,60,63,90,94,97" hai1="17,19,21,22,24,27,28,29,52,54,55,108,110" /><INIT seed="4,1,0,2,1,31" ten="311,338,196,155" oya="0" hai0="20,35,106,90,114,15,117,63,57,1,60,39,32" hai1="115,116,12,62,41,65,89,131,70,22,59,96,33" hai2="100,11,119,102,103,37,66,3,24,81,23,16,108" hai3="128,87,67,134,38,71,26,69,54,40,94,9,98"/><T76/><D39/><U126/><E33/><N who="0" m="12873" /><D106/><U27/><E116/><V61/><F119/><W2/><G134/><T10/><D76/><U44/><E115/><V79/><F37/><W36/><G128/><T50/><D1/><U113/><E126/><V30/><F3/><W97/><G69/><T84/><D117/><U133/><E133/><V58/><F11/><W64/><G9/><T93/><D10/><U111/><E111/><V120/><F108/><W47/><G71/><T86/><D86/><U73/><E73/><V53/><F120/><W45/><G87/><T130/><D130/><U78/><E78/><V7/><F7/><W110/><G98/><T127/><D127/><U43/><E131/><V104/><F104/><W82/><G97/><T68/><D68/><U122/><E122/><V51/><F79/><W85/><G85/><T129/><D129/><U0/><E0/><V83/><REACH who="2" step="1"/><F30/><REACH who="2" ten="311,338,186,155" step="2"/><W8/><G8/><T91/><D114/><U74/><E113/><V5/><F5/><W29/><G2/><T4/><D4/><U14/><E74/><V48/><F48/><N who="3" m="28959" /><G110/><T135/><D135/><U6/><E6/><V109/><F109/><W55/><G38/><T17/><D91/><U88/><E89/><V101/><N who="2" m="26112" /><DORA hai="77" /><V132/><F132/><W34/><G82/><T46/><D50/><U99/><E88/><V49/><F49/><N who="3" m="29103" /><G94/><T75/><D93/><U42/><E99/><V92/><F92/><W125/><G125/><T124/><D124/><U18/><E96/><V112/><F112/><W13/><G13/><N who="1" m="5226" /><E44/><AGARI ba="1,1" hai="16,23,24,44,51,53,58,61,66,81,83" m="26112" machi="44" ten="50,8000,1" yaku="1,1,8,1,52,2,54,1,53,0" doraHai="31,77" doraHaiUra="25,107" who="2" fromWho="1" sc="311,0,338,-83,186,93,155,0" /><INIT seed="5,0,0,4,1,89" ten="311,255,279,155" oya="1" hai0="133,49,46,76,66,92,88,114,125,77,124,37,102" hai1="10,90,98,44,130,19,82,21,104,118,106,3,8" hai2="128,58,99,42,51,120,60,1,20,85,110,103,123" hai3="47,15,116,31,129,33,67,61,65,134,13,68,115"/><U23/><E118/><V35/><F128/><W38/><G115/><T0/><D0/><U40/><E130/><V70/><F35/><W28/><G129/><T57/><D37/><U107/><E21/><V16/><F1/><W56/><G134/><T101/><D114/><U62/><E62/><V48/><F110/><W108/><G116/><T121/><D121/><U87/><E98/><V39/><F70/><W72/><G72/><T34/><D34/><U26/><REACH who="1" step="1"/><E3/><REACH who="1" ten="311,245,279,155" step="2"/><V5/><F123/><W131/><G131/><T97/><D133/><U18/><E18/><V79/><F60/><W36/><G108/><T50/><D125/><U29/><E29/><V59/><F20/><W14/><G28/><T63/><D124/><U11/><E11/><V41/><F16/><W81/><G31/><T6/><D6/><U126/><E126/><V53/><F99/><W95/><G61/><T71/><D71/><U122/><E122/><V96/><F96/><W83/><G68/><T45/><D63/><U119/><E119/><V24/><F5/><W94/><G33/><T32/><D32/><U112/><E112/><V52/><F120/><W84/><G13/><T22/><D22/><U54/><E54/><V100/><F52/><W86/><REACH who="3" step="1"/><G56/><REACH who="3" ten="311,245,279,145" step="2"/><T113/><D57/><U91/><E91/><V111/><F59/><W9/><G9/><T64/><D113/><U74/><E74/><V93/><F58/><W30/><G30/><T25/><D88/><U78/><E78/><V27/><F79/><W7/><G7/><T43/><D77/><U69/><E69/><V4/><F4/><RYUUKYOKU ba="0,2" sc="311,-15,245,15,279,-15,145,15" hai1="8,10,19,23,26,40,44,82,87,90,104,106,107" hai3="14,15,36,38,47,65,67,81,83,84,86,94,95" /><INIT seed="5,1,2,5,0,73" ten="296,260,264,160" oya="1" hai0="65,115,79,64,134,133,97,78,83,75,66,5,125" hai1="27,98,128,40,106,10,105,132,91,47,35,102,104" hai2="118,46,89,90,123,92,94,31,62,6,11,120,77" hai3="26,49,129,107,43,86,68,3,88,50,30,36,85"/><U15/><E128/><V121/><F118/><W33/><G129/><T126/><D5/><U28/><E132/><N who="0" m="50793" /><D97/><U12/><E91/><V72/><F31/><W111/><G111/><T93/><D93/><U1/><E1/><V13/><F62/><W25/><G3/><T74/><D115/><U45/><E45/><V108/><F108/><W69/><G107/><T122/><D122/><U55/><E55/><V42/><F92/><W32/><G30/><T37/><D37/><U81/><E81/><AGARI ba="1,2" hai="64,65,66,74,75,78,79,81,83,125,126" m="50793" machi="81" ten="40,5200,0" yaku="20,1,52,2" doraHai="73" who="0" fromWho="1" sc="296,75,260,-55,264,0,160,0" /><INIT seed="6,0,0,3,2,133" ten="371,205,264,160" oya="2" hai0="126,16,22,69,65,115,4,87,5,67,76,135,56" hai1="52,127,51,25,112,33,40,108,121,46,82,38,32" hai2="84,109,105,134,44,47,131,55,72,3,91,15,99" hai3="27,77,70,63,74,60,114,93,29,45,19,130,28"/><V50/><F3/><W122/><G122/><T96/><D69/><U66/><E108/><V118/><F72/><W14/><G130/><T68/><D68/><U9/><E121/><V42/><F134/><W116/><G116/><T48/><D115/><U120/><E120/><V128/><F118/><W62/><G114/><T86/><D76/><U83/><E112/><V123/><F123/><W110/><G110/><T78/><D78/><U58/><E127/><V11/><F109/><W21/><G70/><T34/><D34/><U95/><E66/><V18/><F99/><W79/><G74/><T12/><D126/><U107/><E107/><V81/><REACH who="2" step="1"/><F105/><REACH who="2" ten="371,205,254,160" step="2"/><W89/><G45/><T57/><D96/><U54/><E46/><V0/><F0/><W98/><REACH who="3" step="1"/><G29/><REACH who="3" ten="371,205,254,150" step="2"/><T17/><D135/><U30/><E30/><V49/><AGARI ba="0,2" hai="11,15,18,42,44,47,49,50,55,81,84,91,128,131" machi="49" ten="30,11700,0" yaku="1,1,0,1,25,2,53,0" doraHai="133" doraHaiUra="20" who="2" fromWho="2" sc="371,-39,205,-39,254,137,150,-39" /><INIT seed="6,1,0,4,5,99" ten="332,166,391,111" oya="2" hai0="55,41,38,47,37,127,62,80,50,75,82,76,29" hai1="73,18,105,56,134,25,111,21,69,59,118,71,131" hai2="126,19,4,63,128,15,26,83,31,108,8,40,2" hai3="17,74,132,70,115,1,78,5,133,96,33,89,81"/><V11/><F126/><W85/><G70/><T79/><D127/><U95/><E118/><V77/><F128/><W122/><G33/><T119/><D119/><U9/><E111/><V90/><F108/><W12/><G1/><T30/><D62/><U110/><E105/><V34/><F40/><W6/><G122/><T116/><D116/><U51/><E73/><V67/><F90/><W14/><G115/><T97/><D97/><U120/><E110/><V91/><F91/><W124/><G124/><T16/><D16/><U54/><E134/><V7/><F7/><W23/><G12/><T13/><D13/><U46/><E131/><V98/><F98/><W84/><G84/><T20/><D20/><U121/><E71/><V102/><F102/><W88/><G132/><T130/><D130/><U36/><E69/><V61/><F67/><W27/><G133/><T112/><D112/><U32/><E32/><V93/><F93/><W3/><G3/><T117/><D117/><U0/><E95/><V94/><F94/><W113/><G113/><T10/><D10/><U39/><E39/><V135/><F135/><W48/><G48/><T125/><D125/><U65/><E65/><V101/><F101/><W42/><G42/><T123/><D123/><N who="1" m="47179" /><E36/><V107/><F107/><W106/><G74/><AGARI ba="1,0" hai="2,4,8,11,15,19,26,31,34,61,63,74,77,83" machi="74" ten="30,1500,0" yaku="7,1" doraHai="99" who="2" fromWho="3" sc="332,0,166,0,391,18,111,-18" /><INIT seed="6,2,0,2,3,72" ten="332,166,409,93" oya="2" hai0="18,38,117,2,8,103,13,113,131,35,36,26,53" hai1="88,21,130,66,25,135,19,46,15,67,75,98,109" hai2="20,124,73,40,6,133,111,34,31,102,64,90,129" hai3="92,45,77,115,132,99,43,4,29,96,48,57,58"/><V120/><F120/><W22/><G132/><T116/><D103/><U23/><E75/><V54/><F34/><W62/><G115/><T119/><D113/><U42/><E109/><V114/><F124/><W5/><G77/><T16/><D131/><U12/><E130/><V44/><F73/><W94/><G94/><T85/><D2/><U39/><E135/><V128/><F111/><W107/><G107/><T121/><D121/><U69/><E69/><V49/><F64/><W87/><G87/><T7/><D53/><U17/><E25/><V82/><F133/><W0/><G0/><T76/><D35/><U47/><E47/><V14/><F102/><W32/><G32/><T80/><D26/><U33/><E33/><V81/><F114/><W84/><G84/><T125/><D125/><U61/><E61/><V63/><F90/><W86/><G86/><T83/><D80/><U79/><E79/><V112/><F112/><W65/><G58/><T55/><D55/><U71/><E71/><V106/><F106/><W89/><REACH who="3" step="1"/><G99/><REACH who="3" ten="332,166,409,83" step="2"/><T118/><D118/><U110/><E110/><V93/><F93/><AGARI ba="2,1" hai="12,15,17,19,21,23,39,42,46,66,67,88,93,98" machi="93" ten="40,2600,0" yaku="9,1,54,1" doraHai="72" who="1" fromWho="2" sc="332,0,166,42,409,-32,83,0" /><INIT seed="7,0,0,5,5,43" ten="332,208,377,83" oya="3" hai0="92,38,109,102,118,126,26,63,127,120,128,122,79" hai1="10,114,51,14,25,37,1,13,91,50,40,65,89" hai2="52,125,74,88,105,30,53,17,135,83,54,111,33" hai3="3,76,98,104,56,71,67,94,103,97,47,110,119"/><W112/><G3/><T9/><D38/><U70/><E114/><V107/><F111/><W11/><G119/><T123/><D9/><U64/><E1/><V19/><F33/><W75/><G112/><T29/><D118/><U59/><E70/><V4/><F30/><W72/><G110/><T42/><D42/><U2/><E2/><V130/><F4/><W15/><G71/><T95/><D109/><U100/><E100/><V113/><F113/><W48/><G76/><T106/><D63/><U41/><E37/><V46/><F135/><W36/><G36/><T84/><D26/><U5/><E25/><V61/><F130/><W20/><G20/><T28/><D28/><U99/><E99/><V68/><F74/><W58/><G67/><T12/><D12/><U101/><E101/><V77/><F125/><N who="0" m="47626" /><D29/><U93/><E93/><V117/><F117/><W133/><G133/><T62/><D62/><U108/><E108/><V115/><F115/><W39/><G39/><T132/><D132/><U131/><E131/><V27/><F77/><W16/><G75/><T129/><D106/><U87/><E87/><V96/><F107/><W35/><G72/><T44/><D44/><U24/><E24/><V6/><F6/><W73/><G73/><T86/><D79/><U31/><E10/><V80/><F27/><W55/><REACH who="3" step="1"/><G35/><REACH who="3" ten="332,208,377,73" step="2"/><T7/><D128/><U45/><E64/><V18/><F68/><W8/><G8/><T32/><D32/><U90/><E65/><V116/><F116/><W60/><G60/><T0/><D129/><U22/><E22/><V34/><F61/><RYUUKYOKU ba="0,1" sc="332,-10,208,-10,377,-10,73,30" hai3="11,15,16,47,48,55,56,58,94,97,98,103,104" /><INIT seed="7,1,1,2,4,78" ten="322,198,367,103" oya="3" hai0="66,7,6,76,133,2,15,46,117,89,61,67,16" hai1="71,86,87,49,29,105,9,127,130,41,92,98,95" hai2="25,126,79,10,20,32,72,54,110,106,33,101,134" hai3="99,85,124,55,14,39,116,84,64,129,58,18,128"/><W83/><G116/><T88/><D117/><U108/><E108/><V65/><F126/><W34/><G124/><T68/><D133/><U122/><E122/><V23/><F110/><W75/><G39/><T57/><D76/><U114/><E71/><V52/><F10/><N who="3" m="6487" /><G34/><T47/><D2/><U27/><E114/><V42/><F106/><W44/><G64/><T120/><D67/><U121/><E121/><V31/><F72/><W135/><G44/><N who="0" m="16939" /><D68/><U0/><E127/><V115/><F33/><W97/><G75/><T8/><D120/><U24/><E130/><N who="3" m="50282" /><G135/><T81/><D89/><U107/><E49/><V56/><F32/><W94/><G94/><T123/><D123/><U1/><E9/><V100/><F115/><W80/><G85/><AGARI ba="1,1" hai="6,7,8,15,16,57,61,66,81,85,88" m="16939" machi="85" ten="30,7700,0" yaku="8,1,52,1,54,2" doraHai="78" who="0" fromWho="3" sc="322,90,198,0,367,0,103,-80" owari="412,51.0,198,-20.0,367,17.0,23,-48.0" /></mjloggm>