<mjloggm ver="2.3"><GO type="41" lobby="0"/><UN n0="%E5%B9%B3%E7%AD%89%E9%99%A2%E9%B3%B3%E5%87%B0%E5%A0%82" n1="%69%64%70%61%70%61%70%61" n2="%E5%B0%B1%E6%B4%BB%E7%94%9F%40%E5%B7%9D%E6%9D%91%E8%BB%8D%E5%9B%A3" n3="%72%79%75%6F%75" dan="13,14,15,13" rate="1922.89,1942.87,2004.50,1931.55" sx="M,M,M,M"/><TAIKYOKU oya="0"/><INIT seed="0,0,0,2,3,65" ten="250,250,250,250" oya="0" hai0="122,129,17,0,126,56,133,13,29,50,92,39,134" hai1="47,81,74,117,112,71,58,30,124,76,132,80,128" hai2="7,63,78,62,41,36,45,77,75,116,108,24,123" hai3="60,88,67,54,40,26,106,57,109,68,37,23,102"/><T98/><D39/><U79/><E117/><V6/><F123/><W82/><G109/><T91/><D0/><U90/><E30/><V97/><F108/><W105/><G102/><T52/><D122/><U100/><E47/><V107/><F116/><W120/><G120/><T18/><D29/><U34/><E34/><V86/><F75/><W28/><G82/><T130/><D126/><U121/><E121/><V110/><F110/><W22/><G22/><T94/><D92/><U96/><E58/><V21/><F63/><W15/><G15/><T31/><D31/><U53/><E53/><V1/><F62/><W115/><G88/><N who="0" m="55623" /><D13/><U12/><E12/><V44/><F44/><N who="3" m="23567" /><G115/><T33/><D91/><U95/><E112/><V87/><F1/><W43/><G43/><T46/><D46/><U84/><E124/><V66/><F107/><W9/><G9/><T27/><D33/><U104/><E128/><N who="0" m="49257" /><D27/><U32/><E32/><V25/><F25/><W93/><G93/><T11/><D11/><U14/><E14/><V42/><F45/><W131/><G131/><T61/><D61/><U59/><E59/><V73/><F36/><W114/><G114/><T49/><D49/><AGARI ba="0,0" hai="23,26,28,49,54,57,60,67,68,105,106" m="23567" machi="49" ten="30,2000,0" yaku="24,1,52,1" doraHai="65" who="3" fromWho="0" sc="250,-20,250,0,250,0,250,20" /><INIT seed="1,0,0,3,4,81" ten="230,250,250,270" oya="1" hai0="129,79,24,10,125,114,32,66,106,130,101,68,34" hai1="30,43,116,31,100,33,0,111,59,41,90,1,128" hai2="118,87,39,36,20,25,9,47,6,83,97,132,134" hai3="126,46,122,38,5,103,113,120,99,60,2,88,14"/><U4/><E116/><V135/><F118/><W35/><G113/><T119/><D119/><U13/><E100/><V110/><F97/><W123/><G35/><T108/><D114/><U15/><E59/><V49/><F110/><W21/><G126/><T53/><D108/><U70/><E70/><V51/><F39/><W57/><G2/><T78/><D125/><U80/><E111/><V86/><F36/><W48/><G38/><T37/><D37/><U94/><E80/><V17/><F83/><W84/><G5/><T82/><D10/><U64/><E64/><V102/><F102/><W95/><G21/><T11/><D11/><U109/><E109/><V16/><F17/><W50/><G14/><T61/><D53/><U18/><E128/><N who="0" m="49257" /><D24/><U56/><E56/><V73/><F73/><W107/><REACH who="3" step="1"/><G46/><REACH who="3" ten="230,250,250,260" step="2"/><T74/><D34/><U77/><E33/><V12/><F49/><W67/><AGARI ba="0,1" hai="48,50,57,60,67,84,88,95,99,103,107,120,122,123" machi="67" ten="30,12000,2" yaku="1,1,2,1,0,1,52,1,54,1,53,1" doraHai="81" doraHaiUra="96" who="3" fromWho="3" sc="230,-30,250,-60,250,-30,260,130" /><INIT seed="2,0,0,1,2,10" ten="200,190,220,390" oya="2" hai0="99,110,34,108,120,88,83,123,23,78,21,58,14" hai1="65,35,98,13,33,56,127,82,118,134,64,113,24" hai2="22,116,114,84,52,39,115,87,111,57,30,40,37" hai3="59,63,47,93,107,29,75,100,51,28,89,3,119"/><V131/><F116/><W44/><G3/><T42/><D34/><U71/><E118/><V15/><F131/><W96/><G75/><T25/><D42/><U17/><E113/><V122/><F122/><W54/><G47/><T101/><D78/><U72/><E71/><V26/><F111/><N who="0" m="42538" /><D58/><U70/><E70/><V85/><F40/><W16/><G119/><T68/><D68/><U4/><E4/><V32/><F39/><W124/><G124/><T5/><D101/><U43/><E127/><V94/><F37/><W80/><G80/><T121/><D121/><U55/><E43/><V12/><F94/><W18/><G100/><T0/><D0/><U91/><E134/><V50/><REACH who="2" step="1"/><F32/><REACH who="2" ten="200,190,210,390" step="2"/><W112/><G112/><AGARI ba="0,1" hai="12,15,22,26,30,50,52,57,84,85,87,112,114,115" machi="112" ten="40,12000,1" yaku="1,1,2,1,52,2,54,1,53,0" doraHai="10" doraHaiUra="60" who="2" fromWho="3" sc="200,0,190,0,210,130,390,-120" /><INIT seed="2,1,0,5,4,99" ten="200,190,340,270" oya="2" hai0="89,132,107,59,108,47,57,112,92,75,37,44,34" hai1="67,130,102,69,29,36,85,73,84,79,119,14,80" hai2="114,86,96,62,122,10,58,12,68,38,11,91,28" hai3="97,129,90,26,55,20,103,52,111,41,118,56,49"/><V106/><F114/><W82/><G118/><T105/><D112/><U40/><E119/><V60/><F38/><W133/><G111/><T61/><D34/><U4/><E130/><V15/><F122/><W25/><G129/><T0/><D0/><U83/><E29/><V77/><F28/><W18/><G133/><T19/><D108/><U101/><E67/><V93/><F68/><W74/><G74/><T46/><D75/><U45/><E69/><V115/><F115/><W113/><G113/><T35/><D35/><U27/><E27/><V21/><F21/><W53/><G41/><T64/><D132/><U126/><E126/><V32/><F32/><W9/><G9/><T70/><D37/><U54/><E54/><V104/><F104/><W22/><G90/><T127/><D127/><U66/><E66/><V71/><F71/><W81/><G81/><T135/><D135/><U110/><E110/><V87/><F87/><W50/><G50/><T33/><D33/><U116/><E116/><V94/><F106/><W109/><G82/><T123/><D123/><U65/><E65/><V42/><F42/><W30/><REACH who="3" step="1"/><G109/><REACH who="3" ten="200,190,340,260" step="2"/><T7/><D89/><U43/><E43/><V76/><F11/><W8/><G8/><T24/><D7/><U78/><E73/><V128/><F128/><W13/><G13/><T5/><D5/><U134/><E134/><V48/><F15/><W16/><G16/><T124/><D19/><U131/><E131/><V6/><F48/><W100/><G100/><T17/><D124/><U95/><E95/><AGARI ba="1,1" hai="18,20,22,25,26,30,49,52,53,55,56,95,97,103" machi="95" ten="30,12000,2" yaku="1,1,7,1,8,1,52,1,54,1,53,2" doraHai="99" doraHaiUra="23" who="3" fromWho="1" sc="200,0,190,-123,340,0,260,133" /><INIT seed="3,0,0,3,5,57" ten="200,67,340,393" oya="3" hai0="125,94,4,114,78,11,85,123,22,10,52,73,77" hai1="99,92,24,62,112,14,15,13,35,97,70,109,55" hai2="53,40,71,101,131,51,32,2,33,45,130,74,113" hai3="1,105,96,84,27,31,38,44,3,86,134,21,127"/><W95/><G127/><T61/><D123/><U39/><E39/><V68/><F74/><W65/><G134/><T36/><D36/><U87/><E112/><V43/><F2/><W41/><G105/><T69/><D125/><U48/><E109/><V6/><F6/><W128/><G128/><N who="2" m="49193" /><F101/><W91/><G3/><T118/><D118/><U135/><E135/><V82/><F82/><W129/><G129/><T54/><D114/><U116/><E116/><V7/><F7/><W59/><G1/><T117/><D117/><U104/><E104/><V75/><F75/><W100/><G91/><T49/><D73/><U46/><E35/><N who="2" m="13387" /><F113/><W72/><REACH who="3" step="1"/><G72/><REACH who="3" ten="200,67,340,383" step="2"/><T37/><D78/><U103/><E24/><V50/><F43/><W26/><G26/><T30/><D77/><U93/><E70/><V132/><F132/><W12/><G12/><N who="0" m="5191" /><D69/><U28/><E28/><V110/><F110/><W20/><G20/><T67/><D22/><U60/><REACH who="1" step="1"/><E87/><REACH who="1" ten="200,57,340,383" step="2"/><V119/><F119/><W107/><G107/><T23/><D85/><U63/><E63/><AGARI ba="0,2" hai="21,27,31,38,41,44,59,63,65,84,86,95,96,100" machi="63" ten="40,12000,1" yaku="1,1,25,2,52,1,53,0" doraHai="57" doraHaiUra="0" who="3" fromWho="1" sc="200,0,57,-120,340,0,383,140" owari="200,-20.0,-63,-56.0,340,14.0,523,62.0" /></mjloggm>