<mjloggm ver="2.3"><GO type="41" lobby="0"/><UN n0="%53%61%6D%33" n1="%4C%2E%59%61%73%68%69%6E" n2="%73%61%65%68%61%72%61" n3="%E5%B0%B1%E6%B4%BB%E7%94%9F%40%E5%B7%9D%E6%9D%91%E8%BB%8D%E5%9B%A3" dan="14,15,15,15" rate="1850.62,2003.94,1996.39,2021.66" sx="M,M,M,M"/><TAIKYOKU oya="0"/><INIT seed="0,0,0,0,3,82" ten="250,250,250,250" oya="0" hai0="50,7,35,53,133,40,99,21,61,32,72,33,4" hai1="43,70,120,38,58,57,30,3,29,134,2,6,104" hai2="124,19,22,49,135,101,113,25,117,12,110,44,92" hai3="75,100,86,91,23,8,77,96,103,106,17,74,47"/><T69/><D72/><U46/><E104/><V81/><F113/><W125/><G125/><T128/><D128/><U26/><E120/><V28/><F110/><W118/><G118/><T78/><D133/><U93/><E70/><V107/><F124/><W5/><G100/><T127/><D127/><U15/><E134/><V37/><F37/><W123/><G77/><T52/><D78/><U42/><E93/><V90/><F81/><W105/><G105/><T76/><D40/><U88/><E15/><V122/><F122/><W109/><G109/><T0/><D76/><U132/><E132/><V45/><F135/><W36/><G36/><T16/><D99/><U129/><E129/><V64/><F64/><W126/><G47/><T14/><D0/><U48/><E6/><V87/><F117/><W1/><G126/><T97/><D97/><U59/><E42/><V89/><F45/><W80/><REACH who="3" step="1"/><G123/><REACH who="3" ten="250,250,250,240" step="2"/><T116/><D116/><U94/><E38/><V20/><F107/><W67/><G67/><T65/><REACH who="0" step="1"/><D53/><REACH who="0" ten="240,250,250,240" step="2"/><U121/><E121/><V24/><F101/><W115/><G115/><T62/><D62/><U34/><REACH who="1" step="1"/><E30/><REACH who="1" ten="240,240,250,240" step="2"/><V98/><F28/><W27/><AGARI ba="0,3" hai="1,5,8,17,23,27,74,75,80,86,91,96,103,106" machi="27" ten="20,5200,0" yaku="1,1,0,1,7,1,52,1,53,0" doraHai="82" doraHaiUra="71" who="3" fromWho="3" sc="240,-26,240,-13,250,-13,240,82" /><INIT seed="1,0,0,4,3,93" ten="214,227,237,322" oya="1" hai0="32,47,9,29,6,85,7,132,40,56,5,122,95" hai1="48,97,41,18,38,28,105,73,115,3,67,91,114" hai2="55,125,52,54,12,80,31,2,62,34,121,0,42" hai3="51,17,86,14,103,35,130,1,64,128,83,107,124"/><U66/><E3/><V78/><F121/><W96/><G1/><T43/><D122/><U90/><E38/><V11/><F42/><W65/><G124/><T127/><D127/><U87/><E73/><V22/><F34/><W98/><G35/><T108/><D108/><U129/><E129/><N who="3" m="49770" /><G51/><T109/><D109/><U131/><E131/><V74/><F125/><W71/><G71/><T46/><D132/><U4/><E4/><V133/><F133/><W79/><G98/><T94/><D9/><AGARI ba="0,0" hai="9,14,17,64,65,79,83,86,96,103,107" m="49770" machi="9" ten="30,2000,0" yaku="19,1,52,1" doraHai="93" who="3" fromWho="0" sc="214,-20,227,0,237,0,322,20" /><INIT seed="2,0,0,0,5,27" ten="194,227,237,342" oya="2" hai0="65,74,117,59,71,93,89,118,30,19,123,35,61" hai1="92,22,68,52,69,112,76,26,34,23,33,1,37" hai2="132,91,6,134,49,63,32,50,73,36,105,67,94" hai3="39,8,78,88,81,24,129,98,126,99,53,55,12"/><V97/><F73/><W110/><G39/><T31/><D74/><U43/><E1/><V48/><F36/><W4/><G126/><T96/><D35/><U28/><E76/><V41/><F6/><W113/><G113/><T2/><D2/><U40/><E112/><V108/><F105/><W107/><G129/><T10/><D123/><U66/><E37/><V7/><F7/><W46/><G110/><T128/><D128/><U25/><E92/><V86/><F108/><W56/><G107/><T130/><D130/><U102/><E102/><V79/><F32/><W103/><G103/><T119/><D71/><U84/><E84/><V77/><F41/><W9/><G9/><T101/><D101/><U95/><E95/><V82/><REACH who="2" step="1"/><F77/><REACH who="2" ten="194,227,227,342" step="2"/><W90/><G78/><T116/><N who="0" m="29696" /><DORA hai="15" /><T0/><REACH who="0" step="1"/><D0/><REACH who="0" ten="184,227,227,342" step="2"/><U5/><E34/><V60/><F60/><W111/><G111/><T115/><D115/><U114/><E114/><V18/><F18/><W100/><G4/><T75/><D75/><U11/><E5/><V131/><F131/><W124/><G100/><T122/><D122/><U20/><E33/><V16/><F16/><W45/><G90/><T54/><D54/><U121/><E52/><V57/><AGARI ba="0,2" hai="48,49,50,57,63,67,79,82,86,91,94,97,132,134" machi="57" ten="30,3000,0" yaku="1,1,0,1,53,0" doraHai="27,15" doraHaiUra="3,104" who="2" fromWho="2" sc="184,-10,227,-10,227,50,342,-10" /><INIT seed="2,1,0,3,0,82" ten="174,217,277,332" oya="2" hai0="92,71,65,19,8,84,63,22,42,90,37,100,25" hai1="105,64,96,97,9,113,127,104,48,40,83,72,112" hai2="81,51,101,43,56,60,69,18,34,62,44,23,94" hai3="38,27,110,67,122,2,12,32,103,76,73,95,31"/><V134/><F34/><W30/><G2/><T3/><D37/><U59/><E9/><V15/><F134/><W36/><G122/><T125/><D125/><U93/><E64/><V13/><F69/><W124/><G124/><T121/><D121/><U14/><E14/><V79/><F101/><W52/><G31/><T7/><D42/><U116/><E59/><V114/><F114/><W55/><G110/><T61/><D100/><U11/><E48/><V45/><F45/><W5/><G67/><T54/><D61/><U135/><E11/><V99/><F13/><W118/><G118/><T53/><AGARI ba="1,0" hai="3,7,8,19,22,25,53,54,63,65,71,84,90,92" machi="53" ten="30,2000,0" yaku="0,1,52,1" doraHai="82" who="0" fromWho="0" sc="174,23,217,-6,277,-11,332,-6" /><INIT seed="3,0,0,5,1,26" ten="197,211,266,326" oya="3" hai0="99,84,74,50,111,71,97,31,46,55,81,87,116" hai1="82,106,17,2,117,124,109,121,125,27,40,91,94" hai2="21,5,63,135,18,23,51,83,73,20,59,119,100" hai3="22,42,118,89,24,112,102,134,115,32,62,25,107"/><W103/><G118/><T49/><D111/><U113/><E2/><V15/><F100/><W3/><G3/><T34/><D71/><U7/><E7/><V68/><F68/><W35/><G134/><T69/><D69/><U58/><E106/><V45/><F5/><W114/><G42/><T14/><D74/><U104/><E104/><V79/><F119/><W105/><G62/><T123/><D123/><U80/><E40/><V61/><F135/><W4/><G4/><T11/><D116/><U129/><E58/><V37/><F37/><W128/><G128/><T60/><D60/><U133/><E27/><V13/><F13/><W57/><G57/><T53/><D34/><U88/><E17/><V54/><REACH who="2" step="1"/><F63/><REACH who="2" ten="197,211,256,326" step="2"/><W1/><G103/><T12/><D12/><U92/><E117/><V30/><F30/><W110/><G110/><T98/><D31/><U70/><E70/><V95/><F95/><W36/><G102/><T0/><D0/><U93/><E109/><V52/><AGARI ba="0,1" hai="15,18,20,21,23,45,51,52,54,59,61,73,79,83" machi="52" ten="20,5200,0" yaku="1,1,0,1,7,1,54,1,53,0" doraHai="26" doraHaiUra="67" who="2" fromWho="2" sc="197,-13,211,-13,256,62,326,-26" /><INIT seed="4,0,0,4,1,54" ten="184,198,318,300" oya="0" hai0="91,74,135,112,120,15,46,60,53,114,10,30,73" hai1="108,55,48,86,84,80,119,25,65,76,11,51,111" hai2="68,9,34,64,102,87,89,130,92,39,127,44,116" hai3="70,121,52,35,26,122,14,79,63,32,49,5,95"/><T77/><D120/><N who="3" m="46185" /><G79/><T3/><D135/><U43/><E119/><V17/><F34/><W16/><G5/><T134/><D134/><U117/><E117/><V40/><F130/><W36/><G36/><T45/><D30/><U20/><E65/><V7/><F17/><W115/><G115/><N who="0" m="44075" /><D3/><U59/><E11/><V72/><F72/><N who="0" m="27754" /><D77/><U50/><E43/><V28/><F28/><W88/><G63/><T109/><D109/><U71/><E71/><V94/><F116/><W106/><G70/><T133/><D133/><U61/><REACH who="1" step="1"/><E86/><REACH who="1" ten="184,188,318,300" step="2"/><V101/><F87/><N who="3" m="52639" /><G106/><T81/><D10/><U67/><E67/><V66/><F9/><N who="3" m="6223" /><G26/><T33/><D15/><U118/><E118/><V38/><F68/><W113/><G113/><T100/><D60/><U103/><E103/><V22/><F101/><W82/><G82/><T123/><D100/><U0/><E0/><V13/><F102/><W4/><G4/><T129/><D123/><U126/><E126/><V132/><F7/><W125/><G125/><T105/><D105/><U31/><AGARI ba="0,1" hai="20,25,31,48,50,51,55,59,61,76,80,84,108,111" machi="31" ten="30,4000,0" yaku="1,1,0,1,52,1,53,0" doraHai="54" doraHaiUra="97" who="1" fromWho="1" sc="184,-20,188,50,318,-10,300,-10" /><INIT seed="5,0,0,0,4,124" ten="164,238,308,290" oya="1" hai0="71,104,12,79,84,22,82,64,32,129,46,115,125" hai1="90,66,10,83,33,27,50,29,114,135,45,23,87" hai2="69,76,91,2,25,92,55,121,133,100,13,53,15" hai3="103,24,7,59,88,134,130,85,78,21,70,109,1"/><U120/><E120/><V118/><F69/><W56/><G70/><T43/><D32/><U122/><E122/><V18/><F2/><W8/><G109/><T47/><D104/><U6/><E135/><V68/><F68/><W26/><G134/><T67/><D125/><U110/><E114/><V60/><F118/><W126/><G126/><T4/><D115/><U111/><E66/><N who="0" m="25129" /><D71/><U40/><REACH who="1" step="1"/><E33/><REACH who="1" ten="164,228,308,290" step="2"/><V86/><F133/><W98/><G130/><T14/><D129/><U128/><E128/><V52/><F121/><W123/><G123/><T54/><D54/><U93/><E93/><V20/><F55/><W28/><G78/><T63/><D43/><U19/><E19/><V5/><F76/><W116/><G116/><T96/><D96/><U106/><E106/><V51/><F53/><W61/><G61/><T99/><D99/><U17/><E17/><V37/><F60/><W105/><REACH who="3" step="1"/><G24/><REACH who="3" ten="164,228,308,280" step="2"/><T75/><D63/><U117/><E117/><V97/><F25/><W113/><G113/><T108/><D108/><U16/><E16/><V72/><F18/><W31/><G31/><T48/><D4/><U9/><E9/><V39/><F5/><W89/><G89/><T102/><D102/><U95/><E95/><AGARI ba="0,2" hai="1,7,8,21,26,28,56,59,85,88,95,98,103,105" machi="95" ten="30,3900,0" yaku="1,1,7,1,54,1,53,0" doraHai="124" doraHaiUra="49" who="3" fromWho="1" sc="164,0,228,-39,308,0,280,59" /><INIT seed="6,0,0,0,2,56" ten="164,189,308,339" oya="2" hai0="10,120,79,88,78,102,129,12,29,122,47,4,58" hai1="41,75,123,22,55,31,128,3,132,118,112,81,63" hai2="73,85,130,116,11,124,15,57,106,28,53,46,9" hai3="133,104,52,35,86,109,33,80,70,98,89,34,42"/><V43/><F106/><W61/><G109/><T113/><D102/><U60/><E3/><V97/><F73/><W30/><G133/><T6/><D29/><U111/><E118/><V76/><F116/><W18/><G42/><T134/><D134/><U40/><E111/><V87/><F28/><W51/><G18/><N who="0" m="8471" /><D113/><U0/><E0/><V2/><F97/><W69/><G30/><T24/><D129/><U67/><E67/><V135/><F135/><W99/><G104/><T101/><D101/><U19/><E132/><V95/><F130/><W96/><REACH who="3" step="1"/><G61/><REACH who="3" ten="164,189,308,329" step="2"/><N who="1" m="23626" /><E128/><V107/><F107/><W5/><G5/><T68/><D4/><U82/><E31/><V8/><F43/><N who="1" m="16457" /><E123/><V83/><F2/><W17/><G17/><T48/><D6/><U94/><E112/><V54/><F53/><W37/><G37/><T127/><D120/><U25/><E55/><V39/><F54/><W125/><G125/><T16/><D127/><U26/><E75/><V23/><F124/><W77/><G77/><T72/><D78/><U32/><E32/><V50/><F76/><W20/><G20/><T110/><D79/><U66/><E66/><V103/><F23/><W36/><G36/><T108/><D72/><U90/><E26/><V1/><F39/><W100/><G100/><T45/><D24/><U7/><E7/><V115/><F103/><W119/><G119/><T93/><D16/><U114/><E114/><V64/><F115/><W13/><G13/><T117/><D122/><U65/><E65/><V59/><F64/><W126/><G126/><T14/><D117/><U91/><E91/><RYUUKYOKU ba="0,1" sc="164,-15,189,15,308,-15,329,15" hai1="19,22,25,81,82,90,94" hai3="33,34,35,51,52,69,70,80,86,89,96,98,99" /><INIT seed="7,1,1,2,1,34" ten="149,204,293,344" oya="3" hai0="60,17,59,55,21,125,3,93,54,7,97,64,25" hai1="27,29,115,28,24,78,120,108,105,66,133,44,10" hai2="19,94,134,8,2,32,109,56,101,5,51,74,67" hai3="75,129,130,106,76,131,102,4,6,14,95,126,63"/><W123/><G126/><T22/><D125/><U119/><E105/><V82/><F32/><W104/><G123/><T90/><REACH who="0" step="1"/><D22/><REACH who="0" ten="139,204,293,344" step="2"/><U81/><E120/><V46/><F109/><W42/><G129/><T12/><D12/><U98/><E108/><V128/><F128/><W49/><G14/><T99/><D99/><U87/><E98/><V61/><F134/><W132/><G132/><T96/><D96/><U73/><E133/><V83/><F101/><W121/><G121/><T31/><D31/><U1/><E29/><V77/><F94/><W23/><G102/><T112/><D112/><U69/><E115/><V79/><F82/><W38/><G23/><T15/><D15/><U72/><E28/><V103/><F103/><W40/><G130/><T114/><D114/><U65/><E81/><V85/><F77/><W124/><G76/><T58/><D58/><U13/><E13/><V43/><F74/><W86/><G75/><T39/><D39/><U18/><E78/><V111/><F111/><W33/><G38/><T107/><D107/><U91/><E72/><V52/><F19/><W62/><G33/><T30/><D30/><U35/><E18/><V50/><F50/><W70/><G106/><T11/><AGARI ba="1,2" hai="3,7,11,17,21,25,54,55,59,60,64,90,93,97" machi="11" ten="30,7900,0" yaku="1,1,0,1,52,1,53,1" doraHai="34" doraHaiUra="89" who="0" fromWho="0" sc="139,102,204,-21,293,-21,344,-40" owari="241,-16.0,183,-32.0,272,7.0,304,41.0" /></mjloggm>