<mjloggm ver="2.3"><GO type="97" lobby="0"/><UN n0="%67%75%70%70%79%39%38" n1="%E8%A3%85%E7%94%B2%E9%A8%8E%E5%85%B5%E3%83%9C%E3%83%88%E3%83%A0" n2="%E3%83%81%E3%83%BC%E3%83%94%E3%83%B3" n3="%E5%B0%B1%E6%B4%BB%E7%94%9F%40%E5%B7%9D%E6%9D%91%E8%BB%8D%E5%9B%A3" dan="15,13,14,14" rate="2011.53,1831.16,1887.83,2016.13" sx="M,M,M,M"/><TAIKYOKU oya="0"/><INIT seed="0,0,0,2,5,55" ten="250,250,250,250" oya="0" hai0="134,24,76,84,47,9,73,14,25,108,77,17,52" hai1="3,31,46,120,97,34,130,110,51,126,68,67,103" hai2="43,11,6,57,49,106,75,59,100,30,132,13,80" hai3="98,135,19,83,10,109,42,41,61,131,111,86,101"/><T71/><D134/><U50/><E120/><V35/><F132/><W79/><G135/><T29/><D108/><N who="3" m="41545" /><G131/><T82/><D71/><U123/><E123/><V26/><F106/><N who="3" m="63799" /><G61/><T53/><D73/><U107/><E126/><V124/><F100/><W85/><G85/><T54/><D76/><U128/><E110/><V2/><F2/><W125/><G125/><T96/><D96/><U116/><E3/><V121/><F121/><W72/><G72/><T119/><D119/><U74/><E74/><V122/><F122/><W64/><G64/><T36/><REACH who="0" step="1"/><D29/><REACH who="0" ten="240,250,250,250" step="2"/><U78/><E116/><V27/><F124/><W44/><G44/><T1/><D1/><U56/><E78/><V129/><F129/><N who="1" m="49769" /><E56/><V20/><F75/><W8/><G79/><T39/><D39/><U81/><E81/><V0/><F80/><W87/><G83/><T40/><AGARI ba="0,1" hai="9,14,17,24,25,36,40,47,52,53,54,77,82,84" machi="40" ten="30,6000,0" yaku="1,1,0,1,54,1,53,0" doraHai="55" doraHaiUra="105" who="0" fromWho="0" sc="240,70,250,-20,250,-20,250,-20" /><INIT seed="0,1,0,1,0,39" ten="310,230,230,230" oya="0" hai0="71,133,103,51,46,33,125,97,4,78,22,53,84" hai1="123,38,13,34,129,86,130,80,113,96,83,99,67" hai2="58,112,98,0,25,54,60,24,61,5,73,109,66" hai3="70,107,19,95,121,56,37,20,55,81,27,26,44"/><T23/><D125/><U30/><E34/><V122/><F122/><W31/><G107/><T10/><D71/><U42/><E30/><V17/><F112/><W91/><G70/><T69/><D69/><U126/><E123/><V1/><F73/><W89/><G121/><T127/><D127/><U28/><E28/><V49/><F109/><W79/><G37/><T104/><D33/><U63/><E113/><V114/><F114/><W100/><G44/><T115/><D115/><U108/><E108/><V32/><F60/><W18/><G100/><T68/><D68/><N who="1" m="42111" /><E13/><V2/><F5/><W74/><G26/><T124/><D133/><U41/><E38/><V6/><F6/><W76/><G76/><T106/><D106/><U117/><E117/><V9/><F9/><W40/><G40/><N who="1" m="15466" /><E126/><V62/><F32/><W111/><G111/><T7/><D124/><U8/><E8/><V102/><F17/><W59/><G59/><T119/><D7/><U116/><E116/><V92/><F62/><W120/><G120/><T105/><D105/><U134/><E134/><V45/><AGARI ba="1,0" hai="0,1,2,24,25,45,49,54,58,61,66,92,98,102" machi="45" ten="30,1100,0" yaku="0,1" doraHai="39" who="2" fromWho="2" sc="310,-6,230,-4,230,14,230,-4" /><INIT seed="1,0,0,0,2,51" ten="304,226,244,226" oya="1" hai0="91,11,106,31,78,96,29,46,105,57,81,58,7" hai1="38,102,41,39,83,100,53,103,4,129,13,95,66" hai2="55,52,0,54,128,75,20,48,1,124,76,110,89" hai3="90,15,79,60,125,111,88,35,93,99,21,34,63"/><U69/><E129/><V23/><F128/><W30/><G125/><T108/><D108/><U87/><E39/><V33/><F33/><W116/><G116/><T72/><D106/><U118/><E38/><V43/><F110/><W19/><G111/><T64/><D46/><U94/><E69/><V127/><F43/><W47/><G79/><T121/><D121/><U49/><E41/><V45/><F45/><W50/><G90/><T131/><D131/><U112/><E66/><V25/><F48/><W2/><G2/><T120/><D120/><U37/><E37/><V61/><F61/><W119/><G119/><T24/><D64/><U84/><E118/><V3/><F25/><W5/><G5/><T86/><D11/><N who="1" m="4327" /><E112/><V12/><F12/><W70/><G70/><T68/><D7/><U16/><E16/><V67/><F67/><W117/><G117/><T42/><D42/><U80/><E80/><V44/><F44/><W36/><G36/><T71/><D68/><U32/><E32/><V10/><F10/><W130/><G130/><T115/><D71/><U114/><E114/><V97/><F97/><W82/><G82/><N who="0" m="45383" /><D115/><U73/><E73/><V56/><F56/><N who="0" m="21610" /><D24/><U134/><E134/><V9/><F9/><W40/><G35/><T104/><D104/><U98/><E98/><V85/><F76/><W28/><G34/><T74/><D74/><U26/><E26/><V6/><F6/><W62/><AGARI ba="0,0" hai="15,19,21,28,30,40,47,50,60,62,63,88,93,99" machi="62" ten="30,4000,0" yaku="0,1,8,1,54,1" doraHai="51" who="3" fromWho="3" sc="304,-10,226,-20,244,-10,226,40" /><INIT seed="2,0,0,3,5,100" ten="294,206,234,266" oya="2" hai0="104,31,43,61,62,0,13,110,101,59,49,58,32" hai1="69,20,1,2,21,25,89,122,35,83,70,16,44" hai2="68,79,120,71,134,67,56,42,87,106,103,132,54" hai3="97,23,92,131,128,78,124,34,11,76,40,26,63"/><V57/><F120/><W90/><G34/><T15/><D0/><U123/><E35/><V22/><F79/><W9/><G40/><T99/><D110/><U107/><E107/><V82/><F82/><W111/><G111/><T94/><D94/><U75/><E44/><V60/><F87/><W118/><G124/><T64/><D43/><U81/><E75/><V130/><F22/><W65/><G118/><T74/><D74/><U114/><E114/><V45/><F130/><N who="3" m="49707" /><G78/><T28/><D49/><U102/><E102/><V29/><F29/><N who="3" m="17631" /><G76/><T77/><D77/><U109/><E109/><V95/><F95/><W41/><G41/><T91/><D91/><U7/><E7/><V125/><F125/><W37/><G37/><T5/><D32/><U133/><E133/><N who="2" m="51307" /><F106/><W96/><G96/><T126/><D126/><U105/><E105/><V38/><F103/><W129/><N who="3" m="49715" /><W72/><DORA hai="93" /><G72/><T108/><D108/><U14/><E89/><V47/><F47/><W36/><G36/><T12/><REACH who="0" step="1"/><D5/><REACH who="0" ten="284,206,234,266" step="2"/><U39/><E123/><V27/><F27/><W119/><G119/><T80/><D80/><N who="1" m="30795" /><E122/><V10/><F10/><W48/><G9/><T88/><D88/><U6/><E39/><V17/><F17/><W127/><G11/><T30/><D30/><N who="1" m="17703" /><E2/><V18/><F18/><W50/><G127/><T84/><D84/><U55/><E55/><AGARI ba="0,1" hai="12,13,15,28,31,55,58,59,61,62,64,99,101,104" machi="55" ten="40,8000,1" yaku="1,1,52,2,53,2" doraHai="100,93" doraHaiUra="52,116" who="0" fromWho="1" sc="284,90,206,-80,234,0,266,0" /><INIT seed="3,0,0,4,5,63" ten="374,126,234,266" oya="3" hai0="121,12,41,124,19,78,14,6,128,116,30,91,34" hai1="114,101,60,26,67,27,118,108,90,9,79,49,115" hai2="57,31,28,71,110,94,81,64,53,13,100,125,104" hai3="21,75,32,131,17,68,135,92,107,119,122,45,120"/><W7/><G107/><T39/><D116/><U127/><E127/><V8/><F125/><W130/><G68/><T112/><D124/><U1/><E118/><V36/><F36/><W83/><G75/><T33/><D78/><U126/><E126/><V55/><F110/><W25/><G83/><T40/><D121/><N who="3" m="46697" /><G92/><T93/><D112/><U46/><E108/><V99/><F71/><W74/><G74/><T85/><D39/><U113/><E79/><V86/><F104/><W95/><G45/><T98/><D33/><U59/><E101/><V109/><F109/><W97/><G95/><T96/><D34/><U18/><E90/><V111/><F111/><W3/><G97/><N who="0" m="37483" /><D30/><N who="2" m="11306" /><F81/><W51/><G51/><T66/><D66/><U29/><E29/><V105/><F86/><W132/><G119/><T73/><D128/><N who="3" m="49193" /><G32/><T80/><D73/><U87/><E87/><V62/><F105/><W134/><G7/><AGARI ba="0,0" hai="7,8,13,53,55,57,62,64,94,99,100" m="11306" machi="7" ten="30,2000,0" yaku="8,1,52,1" doraHai="63" who="2" fromWho="3" sc="374,0,126,0,234,20,266,-20" owari="374,47.0,126,-37.0,254,5.0,246,-15.0" /></mjloggm>