<mjloggm ver="2.3"><GO type="169" lobby="0"/><UN n0="%E5%B0%B1%E6%B4%BB%E7%94%9F%40%E5%B7%9D%E6%9D%91%E8%BB%8D%E5%9B%A3" n1="%E6%9D%BE%E5%B3%B6" n2="%E3%83%87%E3%83%AB%E3%83%90%E3%83%A9%E3%83%89" n3="%E3%83%9D%E3%82%B3%E3%83%94%E3%83%B3" dan="16,16,16,16" rate="2065.80,2112.11,2128.40,2104.98" sx="M,M,M,M"/><TAIKYOKU oya="0"/><INIT seed="0,0,0,1,4,99" ten="250,250,250,250" oya="0" hai0="76,18,77,104,13,20,57,69,42,30,21,128,37" hai1="85,0,71,36,122,31,127,23,121,115,101,95,105" hai2="26,90,19,73,94,82,51,60,50,59,10,24,17" hai3="135,45,12,132,93,74,44,100,98,48,79,32,5"/><T52/><D69/><U133/><E23/><N who="2" m="13423" /><F73/><W11/><G32/><T88/><D128/><U67/><E67/><N who="2" m="39327" /><F82/><W87/><G74/><T125/><D104/><U92/><E31/><V113/><F113/><W117/><G117/><T91/><D125/><U29/><E29/><V70/><F70/><W130/><G130/><T72/><D42/><U97/><E0/><V9/><F26/><W66/><G66/><T47/><D47/><U110/><E71/><V43/><F43/><N who="3" m="24607" /><G45/><T56/><D56/><U7/><E36/><V4/><F4/><W63/><G63/><N who="0" m="36263" /><D72/><U120/><E7/><V39/><F39/><W15/><G15/><T65/><D65/><U108/><E115/><V61/><F61/><W62/><G62/><T89/><D37/><U80/><E133/><V6/><F6/><W83/><AGARI ba="0,0" hai="5,11,12,79,83,87,93,98,100,132,135" m="24607" machi="83" ten="30,2000,0" yaku="25,1,52,1" doraHai="99" who="3" fromWho="3" sc="250,-10,250,-5,250,-5,250,20" /><INIT seed="1,0,0,1,2,58" ten="240,245,245,270" oya="1" hai0="130,40,98,43,71,73,38,91,45,132,23,94,62" hai1="87,53,70,35,104,19,79,81,76,78,0,92,18" hai2="55,110,67,28,69,129,131,90,37,8,118,15,47" hai3="49,106,126,80,3,59,36,102,7,5,57,48,89"/><U63/><E104/><V65/><F118/><W4/><G36/><T20/><D130/><N who="2" m="49674" /><F110/><W134/><G3/><T96/><D132/><U30/><E0/><V84/><F28/><W9/><G134/><T50/><D73/><U120/><E120/><V64/><F37/><W51/><G126/><T31/><D31/><U128/><E128/><V60/><F55/><W125/><G125/><T97/><D40/><U114/><E114/><V113/><F47/><W127/><G127/><T12/><D38/><U119/><E119/><V103/><F103/><W27/><G27/><T77/><D77/><N who="1" m="46511" /><E30/><V34/><F34/><W44/><G9/><T105/><D105/><U82/><E70/><V16/><F113/><W109/><G44/><T95/><D12/><U46/><E35/><V14/><F14/><W33/><G33/><T75/><D75/><U111/><E111/><V21/><F8/><W39/><G39/><T117/><D117/><U123/><E123/><V115/><F115/><W1/><G1/><T54/><D97/><U133/><E133/><V13/><F13/><W88/><G109/><T17/><D17/><N who="1" m="6155" /><E46/><V100/><F100/><W101/><G106/><T107/><D107/><U86/><E92/><AGARI ba="0,0" hai="15,16,21,60,64,65,67,69,84,90,92" m="49674" machi="92" ten="30,3900,0" yaku="19,1,52,1,54,1" doraHai="58" who="2" fromWho="1" sc="240,0,245,-39,245,39,270,0" /><INIT seed="2,0,0,1,5,9" ten="240,206,284,270" oya="2" hai0="55,23,118,106,104,10,80,64,65,122,59,126,114" hai1="57,87,117,22,110,77,73,12,131,125,76,51,88" hai2="1,62,17,92,7,14,48,91,120,111,2,133,132" hai3="86,74,115,50,112,35,134,107,39,38,66,0,6"/><V68/><F120/><W11/><G134/><N who="2" m="51817" /><F111/><W33/><G50/><T124/><D114/><N who="3" m="43561" /><G86/><T43/><D43/><U44/><E117/><V25/><F48/><W79/><G66/><T5/><D23/><U18/><E110/><V31/><F68/><W108/><G107/><T26/><D26/><U37/><E131/><V34/><F62/><W28/><G108/><T45/><D45/><U127/><E73/><V103/><F103/><W46/><G46/><T102/><D122/><U29/><E29/><V3/><F7/><W52/><G52/><T61/><D80/><N who="1" m="49255" /><E37/><N who="3" m="13834" /><G28/><T89/><D89/><U93/><E93/><V113/><F113/><W69/><G69/><T78/><D78/><N who="1" m="30315" /><E57/><V27/><F27/><W95/><G95/><T116/><D104/><U63/><E63/><V105/><F105/><W60/><G60/><T98/><D65/><U56/><E56/><V13/><F17/><W16/><G16/><T53/><D64/><U49/><E44/><V75/><F75/><W8/><G11/><T67/><D116/><U41/><E41/><V84/><AGARI ba="0,0" hai="1,2,3,13,14,25,31,34,84,91,92" m="51817" machi="84" ten="40,7800,0" yaku="20,1,52,2" doraHai="9" who="2" fromWho="2" sc="240,-26,206,-26,284,78,270,-26" /><INIT seed="2,1,0,0,2,8" ten="214,180,362,244" oya="2" hai0="69,52,73,75,77,105,1,113,41,131,68,102,89" hai1="132,0,51,108,56,29,87,17,35,61,7,60,21" hai2="33,55,23,71,36,80,49,81,97,103,98,9,15" hai3="124,30,79,125,116,70,83,114,5,54,123,110,2"/><V130/><F33/><W74/><G116/><T6/><D113/><U82/><E132/><V22/><F36/><W19/><G123/><T84/><D131/><U50/><E108/><V78/><F71/><W90/><G110/><T122/><D122/><U100/><E100/><V126/><F126/><W59/><G70/><T63/><D41/><U20/><E35/><V99/><F130/><W43/><G114/><T120/><D120/><U4/><E0/><V101/><F23/><W133/><G133/><T93/><D1/><U40/><E29/><V11/><F22/><W117/><G117/><T24/><D6/><U135/><E135/><V76/><F11/><N who="3" m="2487" /><G19/><T57/><D24/><U86/><E17/><N who="2" m="8431" /><F80/><W88/><G43/><T92/><D92/><U66/><E40/><V31/><F31/><W91/><G30/><T42/><D42/><U115/><E115/><V94/><F94/><W44/><G44/><T16/><D75/><U34/><E34/><V58/><F81/><W128/><G128/><T129/><D129/><U67/><REACH who="1" step="1"/><E82/><REACH who="1" ten="214,170,362,244" step="2"/><V18/><F18/><W12/><G125/><T39/><D16/><U25/><E25/><V46/><F103/><W106/><G83/><N who="0" m="45487" /><D39/><U3/><E3/><V104/><F101/><W127/><G127/><T53/><D69/><U13/><E13/><V64/><F104/><W32/><G106/><T26/><D68/><U27/><E27/><V45/><F64/><W134/><G134/><T111/><D26/><U47/><E47/><AGARI ba="1,1" hai="45,46,47,49,55,58,76,78,97,98,99" m="8431" machi="47" ten="30,2900,0" yaku="8,1,52,1" doraHai="8" who="2" fromWho="1" sc="214,0,170,-32,362,42,244,0" /><INIT seed="2,2,0,0,0,93" ten="214,138,404,244" oya="2" hai0="33,99,43,1,117,129,84,75,123,86,56,131,46" hai1="30,9,82,54,11,119,0,89,95,100,67,4,17" hai2="55,127,13,73,48,122,19,71,21,23,76,98,25" hai3="92,120,101,28,90,77,106,79,44,116,29,40,121"/><V10/><F122/><W14/><G116/><T60/><D1/><U111/><E119/><V85/><F127/><W52/><G79/><T114/><D117/><U42/><E111/><V124/><F124/><W78/><G78/><T110/><D75/><U63/><E42/><V109/><F71/><W2/><G2/><T126/><D33/><U115/><E115/><V107/><F73/><W65/><G65/><T51/><D114/><U53/><E30/><V18/><F109/><W132/><G132/><T24/><D110/><U133/><E133/><V102/><F76/><W38/><G28/><T104/><D123/><U112/><E112/><V58/><F85/><W97/><G29/><T57/><D24/><U74/><E100/><V62/><F10/><W134/><G14/><T59/><D60/><U12/><E82/><V20/><F20/><W5/><G5/><T118/><D118/><U113/><E74/><V22/><F22/><W50/><G77/><T35/><D35/><U135/><E113/><V34/><F34/><W37/><G37/><T7/><D7/><U69/><REACH who="1" step="1"/><E135/><REACH who="1" ten="214,128,404,244" step="2"/><V27/><F27/><W3/><G134/><T31/><D31/><U103/><E103/><V6/><F6/><W80/><G80/><T45/><D126/><U8/><E8/><V64/><F25/><W83/><G83/><T32/><D32/><U105/><E105/><V61/><F19/><W39/><G40/><T130/><D104/><U88/><E88/><V15/><F21/><W66/><G121/><T72/><D72/><U68/><E68/><N who="2" m="41999" /><F15/><W49/><G120/><T96/><D43/><RYUUKYOKU ba="2,1" sc="214,-15,128,15,404,15,244,-15" hai1="0,4,9,11,12,17,53,54,63,67,69,89,95" hai2="13,18,23,48,55,58,62,98,102,107" /><INIT seed="2,3,1,2,0,72" ten="199,143,419,229" oya="2" hai0="94,79,126,122,2,130,110,97,76,114,85,6,117" hai1="60,52,39,7,59,1,17,120,12,44,43,37,125" hai2="119,95,73,105,133,103,104,87,3,84,91,4,107" hai3="112,115,65,9,123,46,10,47,102,89,131,36,14"/><V127/><F3/><W66/><G123/><T18/><D2/><U54/><E125/><V45/><F119/><W58/><G131/><T30/><D117/><U48/><E120/><V78/><F4/><W13/><G102/><T16/><D122/><U67/><E7/><V27/><F27/><W124/><G124/><T93/><D126/><U109/><E1/><V5/><F5/><W31/><G31/><T82/><D114/><N who="3" m="43561" /><G89/><N who="0" m="51383" /><D110/><U86/><E86/><V118/><F118/><W61/><G66/><T134/><D134/><U71/><E12/><N who="3" m="4714" /><G36/><N who="1" m="13898" /><E17/><N who="0" m="6761" /><D130/><U55/><E109/><V19/><F19/><W32/><G32/><T129/><D129/><U29/><E29/><V108/><F127/><W42/><G42/><T11/><D6/><U88/><E88/><N who="2" m="53639" /><F45/><AGARI ba="3,1" hai="9,10,45,46,47,58,61,65" m="4714,43561" machi="45" ten="30,1000,0" yaku="11,1" doraHai="72" who="3" fromWho="2" sc="199,0,143,0,419,-19,229,29" /><INIT seed="3,0,0,4,1,93" ten="199,143,400,258" oya="3" hai0="118,7,18,121,117,39,127,105,63,72,125,69,25" hai1="95,104,26,48,13,17,27,49,77,113,126,87,89" hai2="80,43,94,50,97,62,114,124,66,15,134,96,73" hai3="116,129,81,32,61,0,115,92,103,74,59,110,119"/><W64/><G115/><T102/><D39/><U42/><E113/><V71/><F114/><W58/><G129/><T35/><D72/><U57/><E126/><V67/><F124/><N who="0" m="47690" /><D69/><U55/><E104/><V122/><F134/><W53/><G110/><T14/><D63/><U106/><E106/><V24/><F67/><W135/><G135/><T38/><D38/><U60/><E77/><V83/><F122/><W52/><G0/><T70/><D70/><U22/><REACH who="1" step="1"/><E60/><REACH who="1" ten="199,133,400,258" step="2"/><V1/><F62/><W31/><G64/><T47/><D121/><U120/><E120/><V2/><F66/><W36/><G61/><T98/><D47/><AGARI ba="0,1" hai="13,17,22,26,27,42,47,48,49,55,57,87,89,95" machi="47" ten="40,8000,1" yaku="1,1,25,2,8,1,53,1" doraHai="93" doraHaiUra="41" who="1" fromWho="0" sc="199,-80,133,90,400,0,258,0" /><INIT seed="4,0,0,4,2,68" ten="119,223,400,258" oya="0" hai0="17,41,114,88,63,117,72,16,73,3,121,75,11" hai1="50,120,80,124,83,62,86,55,40,100,39,70,12" hai2="110,4,96,112,97,74,28,81,111,6,31,54,115" hai3="19,94,29,98,131,85,66,10,56,126,95,45,13"/><T35/><D114/><N who="2" m="43562" /><F54/><W87/><G126/><T108/><D117/><U8/><E120/><V30/><F74/><W103/><G131/><T27/><D121/><U128/><E128/><V84/><F96/><W78/><G78/><T34/><D108/><N who="2" m="41514" /><F97/><W92/><G29/><T5/><D41/><U0/><E0/><V42/><F42/><W65/><G45/><T101/><D101/><U36/><E100/><V69/><F69/><W91/><REACH who="3" step="1"/><G56/><REACH who="3" ten="119,223,400,248" step="2"/><T133/><D133/><U129/><E129/><V53/><F53/><W106/><G106/><T127/><D127/><U99/><E70/><V135/><F135/><W2/><G2/><T89/><D63/><U79/><E62/><V116/><F116/><W38/><G38/><T14/><D17/><U37/><E124/><V25/><F31/><W1/><G1/><T9/><REACH who="0" step="1"/><D27/><REACH who="0" ten="109,223,400,248" step="2"/><U47/><E99/><V49/><F25/><W118/><G118/><T43/><D43/><U33/><E40/><V51/><F30/><W18/><G18/><T44/><D44/><U57/><E47/><V61/><F28/><W113/><G113/><T20/><D20/><U125/><E33/><AGARI ba="0,2" hai="3,5,9,11,14,16,33,34,35,72,73,75,88,89" machi="33" ten="50,18000,2" yaku="1,1,54,2,53,3" doraHai="68" doraHaiUra="107" who="0" fromWho="1" sc="109,200,223,-180,400,0,248,0" /><INIT seed="4,1,0,3,0,77" ten="309,43,400,248" oya="0" hai0="98,32,115,109,63,123,110,4,119,104,31,12,52" hai1="134,68,132,114,58,2,92,85,75,121,59,24,19" hai2="99,5,0,103,97,96,8,81,54,82,25,105,111" hai3="3,23,35,46,27,38,62,48,118,131,133,7,44"/><T86/><D119/><U28/><E75/><V126/><F111/><N who="0" m="42506" /><D123/><U21/><E2/><V26/><F126/><W61/><G118/><T13/><D115/><U67/><E121/><V120/><F120/><W101/><G131/><T51/><D63/><U9/><E114/><V113/><F113/><W45/><G133/><N who="1" m="51306" /><E68/><V14/><F0/><W90/><G38/><T95/><D104/><U49/><E67/><V83/><F105/><W88/><G35/><T84/><D32/><U76/><E49/><V56/><F103/><W122/><G122/><T47/><D31/><U64/><E64/><V37/><F37/><W16/><G48/><AGARI ba="1,0" hai="5,8,14,25,26,48,54,56,81,82,83,96,97,99" machi="48" ten="40,8000,1" yaku="8,1,52,3" doraHai="77" who="2" fromWho="3" sc="309,0,43,0,400,83,248,-83" /><INIT seed="5,0,0,3,0,87" ten="309,43,483,165" oya="1" hai0="15,14,90,82,92,116,8,53,9,55,113,13,27" hai1="71,79,75,32,112,28,70,80,21,118,132,5,117" hai2="59,73,97,65,105,121,60,95,126,50,68,2,104" hai3="40,39,3,74,100,125,69,36,30,114,35,4,99"/><U115/><E21/><V93/><F121/><W25/><G125/><T84/><D116/><N who="1" m="44651" /><E5/><V109/><F109/><W12/><G12/><T11/><D113/><N who="1" m="43595" /><E132/><V44/><F73/><W57/><G57/><T78/><REACH who="0" step="1"/><D27/><AGARI ba="0,0" hai="27,28,32,70,71,75,79,80" m="43595,44651" machi="27" ten="30,2900,0" yaku="15,1,23,1" doraHai="87" who="1" fromWho="0" sc="309,-29,43,29,483,0,165,0" /><INIT seed="5,1,0,5,0,81" ten="280,72,483,165" oya="1" hai0="83,103,52,15,28,37,70,64,16,79,30,73,117" hai1="7,128,98,68,22,116,135,126,42,127,20,104,69" hai2="49,47,9,94,86,76,109,130,25,106,29,10,112" hai3="14,124,80,88,71,60,0,120,40,114,5,134,95"/><U118/><E42/><V74/><F109/><W99/><G120/><T110/><D117/><N who="1" m="45163" /><E7/><V13/><F106/><W59/><G0/><T129/><D129/><U45/><E45/><V85/><F74/><W51/><G71/><N who="1" m="27210" /><E128/><V102/><F76/><W75/><G75/><T41/><D110/><U133/><E98/><N who="2" m="59735" /><F112/><W57/><G114/><T125/><D125/><N who="1" m="47627" /><E104/><V17/><F10/><W50/><G124/><T96/><D41/><U92/><E92/><V46/><F130/><W1/><G1/><T93/><D37/><U53/><E53/><N who="2" m="29879" /><F47/><W122/><G40/><T8/><D64/><U108/><E108/><V63/><F63/><W33/><G60/><T19/><D70/><U111/><E111/><V23/><AGARI ba="1,0" hai="9,13,17,23,25,29,85,86" m="29879,59735" machi="23" ten="30,4000,0" yaku="8,1,52,2" doraHai="81" who="2" fromWho="2" sc="280,-11,72,-21,483,43,165,-11" /><INIT seed="6,0,0,1,1,42" ten="269,51,526,154" oya="2" hai0="37,97,1,124,31,121,56,127,122,126,83,0,24" hai1="116,118,13,26,106,29,112,111,33,47,82,14,72" hai2="67,78,62,71,38,5,117,77,60,90,80,75,61" hai3="95,114,45,36,51,50,22,87,101,104,91,85,27"/><V15/><F117/><W52/><G36/><T93/><D37/><U4/><E106/><V115/><F115/><W46/><G114/><T7/><D56/><U131/><E72/><V134/><F78/><W99/><G104/><T21/><D83/><U58/><E82/><V35/><F35/><W17/><G101/><N who="0" m="60591" /><D7/><U102/><E102/><V30/><F30/><W132/><G132/><T10/><D10/><N who="1" m="4295" /><E47/><V32/><F32/><W63/><G63/><T8/><D8/><U125/><E58/><V2/><F134/><W81/><G81/><T3/><AGARI ba="0,0" hai="0,1,3,21,24,31,121,122,124,126,127" m="60591" machi="3" ten="40,1500,0" yaku="18,1" doraHai="42" who="0" fromWho="0" sc="269,15,51,-4,526,-7,154,-4" /><INIT seed="7,0,0,3,0,134" ten="284,47,519,150" oya="3" hai0="69,55,82,124,42,48,78,132,28,14,79,104,112" hai1="39,11,89,116,127,30,135,130,74,45,52,102,43" hai2="111,27,1,75,90,50,57,88,107,133,16,25,71" hai3="114,3,94,77,29,13,17,86,73,96,44,117,97"/><W93/><G3/><T83/><D104/><U106/><E74/><V85/><F111/><W7/><G117/><T115/><D69/><U126/><E116/><V34/><F75/><W80/><G114/><N who="0" m="43563" /><D124/><N who="1" m="47659" /><E135/><V98/><F1/><W119/><G119/><T0/><D0/><U110/><E110/><V15/><F71/><W81/><G7/><T19/><D42/><U58/><E30/><V70/><F70/><W22/><G29/><T87/><D28/><U66/><E130/><V101/><F90/><N who="3" m="55351" /><G73/><T9/><D132/><U32/><E32/><V120/><F34/><W4/><G4/><T63/><D63/><N who="1" m="36295" /><E66/><V40/><F120/><W100/><G81/><N who="0" m="47543" /><D79/><U113/><E113/><V121/><F121/><W38/><G38/><T105/><D105/><U26/><E26/><V59/><F133/><W131/><G131/><T67/><D67/><U23/><E11/><V31/><F31/><W122/><G122/><T65/><D65/><U47/><E23/><N who="2" m="11679" /><F59/><AGARI ba="0,0" hai="9,14,19,48,55,59,82,83" m="47543,43563" machi="59" ten="30,2000,0" yaku="15,1,11,1" doraHai="134" who="0" fromWho="2" sc="284,20,47,0,519,-20,150,0" owari="304,10.0,47,-45.0,499,60.0,150,-25.0" /></mjloggm>