<mjloggm ver="2.3"><GO type="225" lobby="0"/><UN n0="%E3%83%88%E3%83%88%E3%83%AA%E5%85%88%E7%94%9F%31%39%E6%AD%B3" n1="%E3%82%AB%E3%83%A9%E3%82%B9%E3%81%AE%E5%AD%90" n2="%E7%B7%8B%E3%81%84%E7%8C%AB%EF%BC%9E%EF%BC%9C%EF%BC%81" n3="%E3%83%A1%E3%82%AD%E3%83%AD%E3%82%B9" dan="16,16,16,17" rate="2109.34,2120.00,2049.42,2181.70" sx="F,M,F,M"/><TAIKYOKU oya="0"/><INIT seed="0,0,0,2,3,98" ten="250,250,250,250" oya="0" hai0="9,135,34,45,126,53,58,24,29,59,18,70,94" hai1="20,3,31,119,39,32,63,123,56,86,64,103,73" hai2="21,47,74,99,107,65,111,38,67,108,134,76,60" hai3="105,19,101,72,28,130,71,36,42,10,118,16,4"/><T79/><D70/><U43/><E123/><V61/><F134/><W88/><G118/><T89/><D135/><U35/><E119/><V62/><F21/><W96/><G72/><T106/><D106/><U17/><E73/><V85/><F74/><W122/><G122/><T23/><D126/><U14/><E3/><V132/><F132/><W0/><G130/><T57/><D79/><U15/><E15/><V82/><F47/><W81/><G71/><T49/><D9/><U12/><E12/><V87/><F87/><W80/><G28/><T11/><D11/><U68/><E43/><V128/><F38/><W48/><G36/><T113/><D113/><U100/><E39/><V52/><F128/><W55/><G42/><T22/><REACH who="0" step="1"/><D18/><REACH who="0" ten="240,250,250,250" step="2"/><U30/><E68/><V2/><F2/><W75/><G19/><T97/><AGARI ba="0,1" hai="22,23,24,29,34,45,49,53,57,58,59,89,94,97" machi="97" ten="30,11700,0" yaku="1,1,2,1,0,1,53,1" doraHai="98" doraHaiUra="95" who="0" fromWho="0" sc="240,127,250,-39,250,-39,250,-39" /><INIT seed="0,1,0,4,1,102" ten="367,211,211,211" oya="0" hai0="3,134,19,40,15,8,92,60,26,5,59,116,94" hai1="125,13,126,111,38,75,57,86,90,35,2,48,39" hai2="73,74,81,29,132,6,118,80,106,52,131,133,53" hai3="97,46,45,128,124,91,7,99,9,100,65,10,82"/><T30/><D116/><U70/><E75/><N who="2" m="28683" /><F118/><W107/><G128/><T17/><D134/><N who="2" m="51818" /><F131/><W51/><G124/><N who="1" m="47722" /><E2/><V23/><F6/><W135/><G135/><T18/><D40/><U43/><E111/><V103/><F103/><W93/><G65/><T16/><D3/><U49/><E70/><V55/><F106/><W96/><G82/><T117/><D117/><U33/><E13/><V66/><F66/><W69/><G69/><T11/><D11/><U72/><E72/><V31/><F23/><W61/><G61/><T34/><N who="0" m="4096" /><DORA hai="68" /><T105/><REACH who="0" step="1"/><D105/><REACH who="0" ten="357,211,211,211" step="2"/><U4/><E43/><V119/><F119/><W109/><G9/><T21/><D21/><U78/><E4/><V24/><F24/><W115/><G7/><T85/><D85/><U77/><E86/><V58/><F58/><W63/><G10/><T67/><AGARI ba="1,1" hai="5,8,15,26,30,34,59,60,67,92,94" m="4096" machi="67" ten="40,12000,1" yaku="1,1,0,1,54,1,53,2" doraHai="102,68" doraHaiUra="88,84" who="0" fromWho="0" sc="357,133,211,-41,211,-41,211,-41" /><INIT seed="0,2,0,2,4,82" ten="490,170,170,170" oya="0" hai0="108,81,6,122,124,134,39,132,83,111,49,57,47" hai1="1,25,69,48,105,26,62,55,121,34,128,77,17" hai2="119,66,54,8,118,33,52,9,96,100,44,20,68" hai3="114,51,70,63,74,113,95,72,53,91,107,12,43"/><T112/><D122/><U116/><E121/><V117/><F33/><W86/><G107/><T23/><D112/><U127/><E116/><V58/><F20/><W24/><G24/><T5/><D39/><U7/><E105/><N who="2" m="63623" /><F68/><W22/><G43/><N who="0" m="24831" /><D124/><U14/><E128/><V101/><F101/><W115/><G63/><T21/><D83/><U61/><E127/><V42/><F66/><W40/><G40/><T41/><D41/><U97/><E69/><V31/><F31/><W99/><G70/><T84/><D57/><U85/><E97/><V2/><F2/><W32/><G32/><T27/><D6/><U19/><E1/><V64/><F64/><W78/><G78/><N who="0" m="46135" /><D5/><U129/><E7/><V36/><F54/><W30/><G99/><T76/><D76/><U15/><E34/><V102/><F102/><W45/><REACH who="3" step="1"/><G30/><REACH who="3" ten="490,170,170,160" step="2"/><T37/><D27/><U106/><E26/><V126/><F126/><W110/><G110/><T10/><D108/><U125/><E25/><V29/><F29/><W3/><G3/><T13/><D111/><U109/><E125/><V16/><F16/><AGARI ba="2,1" hai="12,16,22,45,51,53,72,74,86,91,95,113,114,115" machi="16" ten="40,5200,0" yaku="1,1,52,1,54,1,53,0" doraHai="82" doraHaiUra="131" who="3" fromWho="2" sc="490,0,170,0,170,-58,160,68" /><INIT seed="1,0,0,5,4,112" ten="490,170,112,228" oya="1" hai0="102,82,2,10,45,85,20,26,18,22,86,75,17" hai1="125,81,126,74,31,5,96,73,16,69,7,65,105" hai2="91,92,111,135,84,61,0,77,66,110,50,38,59" hai3="95,1,132,120,6,67,116,44,28,9,127,90,134"/><U115/><E115/><V107/><F38/><W60/><G120/><T62/><D102/><U11/><E31/><V64/><F107/><W23/><G127/><N who="1" m="48650" /><E105/><V53/><F135/><N who="3" m="51755" /><G44/><T70/><D45/><U32/><E32/><V48/><F0/><W130/><G116/><T119/><D119/><U124/><E96/><V129/><F129/><W106/><G106/><T40/><D40/><U103/><E103/><V43/><F77/><W122/><G122/><T42/><D42/><U52/><N who="1" m="48658" /><U76/><DORA hai="24" /><E74/><V4/><F4/><W25/><G130/><T19/><D75/><U63/><E52/><V121/><F121/><W94/><G90/><T131/><D85/><U27/><E27/><V54/><F54/><W56/><AGARI ba="0,0" hai="1,6,9,23,25,28,56,60,67,94,95" m="51755" machi="56" ten="30,2000,0" yaku="20,1,52,1" doraHai="112,24" who="3" fromWho="3" sc="490,-5,170,-10,112,-5,228,20" /><INIT seed="2,0,0,0,1,28" ten="485,160,107,248" oya="2" hai0="82,115,87,20,0,42,121,4,31,79,98,88,99" hai1="92,65,47,43,62,7,128,34,103,66,129,134,94" hai2="45,100,63,26,86,37,8,124,113,48,56,131,33" hai3="132,108,125,22,53,2,83,27,9,104,24,41,133"/><V126/><F113/><W23/><G104/><T12/><D115/><U38/><E134/><V110/><F131/><N who="1" m="50249" /><E7/><V102/><F37/><W78/><G41/><T5/><D121/><U1/><E1/><V101/><F110/><W114/><G114/><T96/><D0/><U10/><E10/><V74/><F74/><W15/><G108/><T50/><D79/><U111/><E111/><V116/><F116/><W73/><G2/><T39/><D39/><U117/><E117/><V21/><F86/><W6/><G53/><T109/><D109/><U84/><E66/><V80/><F80/><W30/><REACH who="3" step="1"/><G125/><REACH who="3" ten="485,160,107,238" step="2"/><N who="2" m="48233" /><F8/><W119/><G119/><T52/><D42/><U32/><E43/><N who="2" m="24639" /><F21/><W90/><G90/><T40/><D40/><U14/><E38/><V16/><F101/><W18/><AGARI ba="0,1" hai="6,9,15,18,22,23,24,27,30,73,78,83,132,133" machi="18" ten="30,2000,0" yaku="1,1,0,1,53,0" doraHai="28" doraHaiUra="57" who="3" fromWho="3" sc="485,-5,160,-5,107,-10,238,30" /><INIT seed="3,0,0,3,1,80" ten="480,155,97,268" oya="3" hai0="97,77,112,10,35,46,119,128,117,79,44,49,4" hai1="82,7,86,11,124,113,39,51,130,2,123,100,111" hai2="92,107,76,89,114,18,15,66,3,62,135,16,42" hai3="37,74,45,17,91,8,81,24,104,83,29,94,133"/><W38/><G104/><T65/><D35/><U48/><E123/><V101/><F3/><W70/><G70/><T64/><D128/><U132/><E113/><V5/><F114/><W106/><G106/><T95/><D112/><U41/><E130/><V118/><F118/><W22/><G133/><T67/><D119/><U25/><E132/><V57/><F135/><W19/><G74/><T84/><D84/><U116/><E116/><V31/><F31/><W33/><G8/><T72/><D72/><U102/><E111/><V78/><F42/><W109/><G109/><T93/><D93/><U50/><E124/><V73/><F73/><W23/><G33/><T0/><D44/><U20/><E41/><V56/><F56/><W59/><G59/><T122/><D122/><U53/><E53/><V13/><F5/><W55/><G38/><T28/><D28/><U103/><E39/><V60/><F60/><W105/><G105/><T125/><D125/><U131/><E131/><V96/><F107/><W90/><G37/><T129/><D117/><U12/><E2/><V98/><F98/><W99/><G90/><T61/><D61/><U69/><E69/><V9/><REACH who="2" step="1"/><F101/><REACH who="2" ten="480,155,87,268" step="2"/><N who="3" m="60663" /><G29/><T110/><D129/><U127/><E127/><V40/><F40/><W75/><G75/><T58/><D110/><U120/><E120/><V27/><F27/><W85/><G24/><T6/><D58/><U126/><E126/><V68/><F68/><W115/><G115/><T121/><D121/><U108/><E108/><V32/><F32/><W47/><G45/><T52/><D10/><AGARI ba="0,1" hai="9,10,13,15,16,18,57,62,66,76,78,89,92,96" machi="10" ten="30,12000,2" yaku="1,1,7,1,9,1,8,1,54,1,53,1" doraHai="80" doraHaiUra="87" who="2" fromWho="0" sc="480,-120,155,0,87,130,268,0" owari="360,45.0,155,-34.0,217,-18.0,268,7.0" /></mjloggm>