<mjloggm ver="2.3"><GO type="169" lobby="0"/><UN n0="%6E%65%75%74%72%6F%6E" n1="%E5%B0%B1%E6%B4%BB%E7%94%9F%40%E5%B7%9D%E6%9D%91%E8%BB%8D%E5%9B%A3" n2="%E3%82%86%E3%81%8D%E3%81%AE%E3%81%9D%E3%82%89" n3="%E9%9B%80%E9%BE%8D%E9%96%80%5F%59%75%74%69" dan="17,16,16,16" rate="2164.43,2111.21,2054.07,2153.43" sx="F,M,F,M"/><TAIKYOKU oya="0"/><INIT seed="0,0,0,3,3,126" ten="250,250,250,250" oya="0" hai0="19,12,23,129,24,40,21,43,37,0,69,125,33" hai1="90,92,65,106,107,67,63,61,117,36,127,14,39" hai2="70,60,22,123,30,77,95,57,78,122,116,82,44" hai3="89,7,3,135,10,91,1,134,9,120,93,26,29"/><T79/><D69/><U64/><E127/><V132/><F116/><W128/><G120/><T55/><D125/><U25/><E117/><V104/><F104/><W94/><G29/><T6/><D79/><U11/><E25/><V34/><F70/><W27/><REACH who="3" step="1"/><G7/><REACH who="3" ten="250,250,250,240" step="2"/><T108/><D108/><U42/><E107/><V98/><F30/><W31/><G31/><T66/><D6/><U51/><E106/><V111/><F123/><W56/><G56/><T88/><D33/><U131/><E39/><V16/><F57/><W38/><G38/><T20/><D37/><U58/><E36/><V71/><F122/><W119/><G119/><T87/><D24/><U13/><E13/><V73/><F34/><W112/><G112/><T121/><D12/><U113/><E113/><V115/><F115/><W130/><AGARI ba="0,1" hai="1,3,9,10,26,27,89,91,93,94,128,130,134,135" machi="130" ten="25,12000,2" yaku="1,1,0,1,22,2,52,2,53,0" doraHai="126" doraHaiUra="47" who="3" fromWho="3" sc="250,-60,250,-30,250,-30,240,130" /><INIT seed="1,0,0,0,1,123" ten="190,220,220,370" oya="1" hai0="91,10,40,75,17,29,77,34,58,90,66,108,79" hai1="117,4,37,43,107,105,20,93,84,16,25,129,125" hai2="0,24,60,5,92,50,1,33,74,52,81,45,114" hai3="135,122,11,95,113,15,64,55,9,115,110,133,101"/><U103/><E117/><V76/><F114/><W127/><G64/><T98/><D40/><U47/><E129/><V23/><F33/><W31/><G95/><T35/><D17/><U39/><E39/><V102/><F5/><W3/><G101/><T2/><D10/><U7/><E125/><V118/><F118/><W61/><G55/><T71/><D58/><U100/><E103/><V86/><F60/><W120/><G61/><T49/><D49/><U83/><E93/><V96/><REACH who="2" step="1"/><F74/><REACH who="2" ten="190,220,210,370" step="2"/><W67/><G115/><T73/><D73/><U65/><E65/><V132/><F132/><W80/><G67/><T94/><D75/><U26/><E7/><V99/><F99/><W57/><G113/><T42/><D98/><U88/><E4/><V106/><F106/><W72/><G133/><T27/><D66/><U44/><E100/><V6/><F6/><W22/><G72/><T53/><D35/><U126/><E126/><V46/><F46/><W18/><G127/><T121/><D34/><U116/><E116/><V97/><F97/><W32/><G135/><T14/><D121/><U69/><E69/><V89/><F89/><W56/><G32/><T51/><D91/><U87/><E87/><V8/><F8/><W131/><G11/><T12/><D90/><U124/><E124/><V21/><F21/><W70/><G9/><T38/><D71/><U48/><REACH who="1" step="1"/><E25/><REACH who="1" ten="190,210,210,370" step="2"/><V112/><F112/><W54/><G70/><T36/><D27/><U68/><E68/><V109/><F109/><W134/><G110/><T128/><D108/><U111/><E111/><V62/><F62/><RYUUKYOKU ba="0,2" sc="190,-15,210,15,210,15,370,-15" hai1="16,20,26,37,43,44,47,48,83,84,88,105,107" hai2="0,1,23,24,45,50,52,76,81,86,92,96,102" /><INIT seed="1,1,2,0,0,120" ten="175,225,225,355" oya="1" hai0="87,48,56,81,6,31,125,41,71,96,64,30,50" hai1="107,93,97,44,36,47,102,84,118,128,35,122,58" hai2="69,10,27,90,37,21,15,13,78,92,129,115,60" hai3="1,17,74,110,8,28,94,109,91,123,26,42,24"/><U126/><E122/><V124/><F37/><W101/><G123/><T12/><D71/><U32/><E118/><V43/><F43/><W99/><G74/><T4/><D125/><U40/><E126/><V23/><F124/><W76/><G76/><T134/><D134/><U33/><E128/><V104/><F104/><W86/><G42/><T82/><D96/><U34/><E47/><V117/><F117/><W112/><G112/><T79/><D81/><U29/><N who="1" m="8704" /><DORA hai="25" /><U54/><E29/><N who="0" m="10761" /><D12/><U38/><E38/><V0/><F13/><N who="3" m="7335" /><G1/><T51/><D41/><U70/><E70/><V85/><F0/><W52/><G52/><T5/><D64/><U95/><REACH who="1" step="1"/><E84/><REACH who="1" ten="175,215,225,355" step="2"/><V127/><F85/><W63/><G28/><T65/><D65/><U113/><E113/><V61/><F115/><W22/><G86/><T72/><D72/><U75/><E75/><V46/><F127/><W66/><G110/><T57/><AGARI ba="1,3" hai="4,5,6,48,50,51,56,57,79,82,87" m="10761" machi="57" ten="40,8000,1" yaku="8,1,52,3" doraHai="120,25" who="0" fromWho="0" sc="175,113,215,-41,225,-21,355,-21" /><INIT seed="2,0,0,1,0,80" ten="288,174,204,334" oya="2" hai0="38,68,117,85,44,1,46,99,95,124,36,54,83" hai1="27,43,110,31,24,105,51,129,127,63,45,134,91" hai2="57,132,9,12,21,47,107,97,58,19,86,61,11" hai3="52,106,72,112,60,103,121,101,87,49,55,17,73"/><V62/><F132/><W135/><G121/><T126/><D1/><U109/><E105/><V75/><F75/><W20/><G135/><T74/><D74/><U128/><E134/><V90/><F47/><W48/><G112/><T28/><D28/><U108/><E127/><N who="0" m="48681" /><D68/><U10/><E63/><N who="2" m="24075" /><F97/><W66/><G60/><T69/><D69/><U5/><E91/><V7/><F107/><W70/><G20/><T3/><D3/><N who="1" m="319" /><E27/><N who="2" m="14783" /><F9/><W40/><G70/><T94/><D117/><U113/><E113/><V37/><F37/><N who="0" m="14442" /><D54/><U98/><E98/><V59/><F59/><W76/><G106/><T125/><D125/><U115/><E115/><V89/><F89/><W39/><G40/><T78/><D95/><AGARI ba="0,0" hai="7,11,12,57,58,86,90,95" m="14783,24075" machi="95" ten="30,2900,0" yaku="8,1,52,1" doraHai="80" who="2" fromWho="0" sc="288,-29,174,0,204,29,334,0" /><INIT seed="2,1,0,5,2,105" ten="259,174,233,334" oya="2" hai0="80,100,10,52,124,128,115,34,14,85,50,131,127" hai1="6,77,113,111,54,63,125,87,4,90,31,39,40" hai2="35,58,110,15,11,59,37,83,25,133,2,49,120" hai3="23,64,106,74,116,91,117,89,99,21,66,68,3"/><V33/><F120/><W44/><G3/><T22/><D34/><U67/><E113/><V32/><F37/><W126/><G106/><T56/><D22/><U7/><E125/><N who="0" m="48201" /><D100/><U72/><E111/><V69/><F69/><W95/><G126/><T78/><D115/><U27/><E54/><V129/><F110/><W1/><G44/><T29/><D29/><U43/><E77/><V51/><F2/><W84/><G1/><T71/><D71/><U45/><E72/><V61/><F25/><W19/><G84/><T130/><D14/><U57/><E43/><V53/><F133/><W97/><G95/><T121/><D10/><U104/><E104/><V73/><F129/><W123/><G68/><T76/><D121/><U96/><E96/><V134/><F134/><W48/><G48/><T16/><D16/><U30/><REACH who="1" step="1"/><E27/><REACH who="1" ten="259,164,233,334" step="2"/><V114/><F114/><W103/><G123/><T0/><D76/><U62/><E62/><V36/><F61/><W20/><G99/><T24/><D24/><U55/><E55/><V60/><F60/><W109/><G97/><T81/><D78/><U42/><E42/><V26/><F26/><W86/><G109/><T28/><D131/><U108/><E108/><V41/><F41/><W98/><G74/><T82/><D130/><U118/><E118/><V38/><F53/><W119/><G98/><T17/><D128/><U112/><E112/><V88/><F73/><W65/><G86/><T46/><D85/><U94/><AGARI ba="1,1" hai="4,6,7,30,31,39,40,45,57,63,67,87,90,94" machi="94" ten="30,2000,0" yaku="1,1,0,1,53,0" doraHai="105" doraHaiUra="102" who="1" fromWho="1" sc="259,-6,164,33,233,-11,334,-6" /><INIT seed="3,0,0,5,1,65" ten="253,197,222,328" oya="3" hai0="40,110,67,7,75,77,72,43,24,80,4,45,61" hai1="135,34,113,114,91,130,0,13,83,28,101,93,53" hai2="69,128,59,18,57,27,104,125,26,6,8,47,102" hai3="112,132,124,126,5,115,119,49,64,97,10,108,94"/><W71/><G119/><T95/><D110/><U66/><E0/><V14/><F69/><W20/><G108/><T51/><D72/><U42/><E42/><V105/><F128/><W76/><G76/><T56/><D40/><U118/><E118/><V58/><F125/><N who="3" m="48235" /><G132/><T106/><D106/><U17/><E101/><V55/><F102/><N who="3" m="60727" /><G49/><T78/><D78/><U74/><E130/><V86/><F86/><W120/><G20/><T30/><D95/><U22/><E135/><V123/><F123/><W103/><G103/><T133/><D133/><U107/><E107/><V60/><F105/><W79/><G79/><T52/><REACH who="0" step="1"/><D43/><REACH who="0" ten="243,197,222,328" step="2"/><U117/><E74/><V127/><F104/><W121/><G120/><T134/><D134/><U82/><E117/><V73/><F73/><W32/><G121/><T84/><D84/><U90/><E83/><V3/><F127/><W96/><G96/><T100/><D100/><U15/><E82/><V48/><REACH who="2" step="1"/><F60/><REACH who="2" ten="243,197,212,328" step="2"/><N who="3" m="40327" /><G32/><AGARI ba="0,2" hai="4,7,24,30,32,45,51,52,56,61,67,75,77,80" machi="32" ten="30,7700,0" yaku="1,1,7,1,54,1,53,1" doraHai="65" doraHaiUra="25" who="0" fromWho="3" sc="243,97,197,0,212,0,328,-77" /><INIT seed="4,0,0,4,5,127" ten="340,197,212,251" oya="0" hai0="119,129,28,96,121,53,25,26,29,85,82,105,73" hai1="122,40,46,132,64,54,49,12,27,86,97,106,38" hai2="88,47,8,113,83,10,9,87,125,44,11,16,84" hai3="91,80,50,79,52,33,31,51,78,22,131,95,75"/><T69/><D119/><U130/><E122/><V3/><F125/><W15/><G33/><T68/><D121/><U56/><E132/><V17/><F113/><W41/><G131/><T13/><D13/><U39/><E27/><V74/><F74/><W42/><G79/><T93/><D53/><U90/><E64/><V124/><F124/><W89/><G89/><T112/><D112/><U126/><E126/><V1/><F1/><W77/><G51/><T7/><D7/><U118/><E118/><V30/><F30/><W111/><G77/><N who="0" m="44335" /><D25/><U61/><E130/><V32/><F32/><W5/><G111/><T37/><D37/><U114/><E114/><V115/><F115/><W76/><G76/><T4/><D4/><U65/><E65/><V21/><F3/><W24/><G15/><T14/><D14/><U103/><REACH who="1" step="1"/><E12/><REACH who="1" ten="340,187,212,251" step="2"/><N who="2" m="7199" /><F84/><W81/><G5/><T102/><D26/><AGARI ba="0,1" hai="8,9,10,17,21,26,44,47,83,87,88" m="7199" machi="26" ten="30,3900,0" yaku="8,1,54,2" doraHai="127" who="2" fromWho="0" sc="340,-39,187,0,212,49,251,0" /><INIT seed="5,0,0,0,5,110" ten="301,187,261,251" oya="1" hai0="9,39,17,78,35,120,11,59,81,57,23,115,125" hai1="65,101,129,130,97,92,116,76,73,124,95,74,94" hai2="18,50,132,70,24,104,127,106,75,30,128,64,58" hai3="93,99,38,100,53,84,5,79,91,113,32,47,89"/><U131/><E65/><V72/><F18/><W51/><G32/><T98/><D35/><U42/><E42/><V122/><F122/><W52/><G113/><T20/><D39/><U26/><E26/><V66/><F58/><W1/><G38/><T121/><D125/><U117/><E124/><V44/><F127/><W71/><G71/><T28/><D98/><U133/><E133/><V108/><F108/><W33/><G33/><T55/><D28/><U16/><E16/><V88/><F132/><W80/><REACH who="3" step="1"/><G53/><REACH who="3" ten="301,187,261,241" step="2"/><T34/><D115/><U69/><E69/><V6/><F70/><W10/><AGARI ba="0,1" hai="1,5,10,47,51,52,79,80,84,89,91,93,99,100" machi="10" ten="30,8000,1" yaku="1,1,2,1,0,1,54,1,53,1" doraHai="110" doraHaiUra="7" who="3" fromWho="3" sc="301,-20,187,-40,261,-20,241,90" /><INIT seed="6,0,0,0,0,126" ten="281,147,241,331" oya="2" hai0="18,13,132,95,2,55,20,67,78,31,27,100,131" hai1="69,63,130,125,14,65,90,24,16,23,41,103,71" hai2="109,98,52,4,122,72,42,19,48,54,50,123,76" hai3="111,75,127,34,64,36,61,97,37,114,82,51,106"/><V22/><F109/><W38/><G111/><T83/><D132/><U17/><E125/><V85/><F72/><W10/><G127/><T11/><D67/><U129/><E103/><V3/><F3/><W43/><G51/><T102/><D55/><N who="2" m="21034" /><F123/><W6/><G114/><T26/><D131/><N who="1" m="50187" /><E41/><V8/><F122/><W128/><G34/><T56/><D56/><N who="1" m="37095" /><E90/><V84/><F98/><W124/><G97/><T5/><D95/><U53/><E53/><V59/><F59/><W45/><G106/><T33/><D26/><U49/><E49/><N who="2" m="19051" /><F76/><N who="3" m="44319" /><G124/><T110/><D110/><U35/><E35/><V28/><F28/><W104/><G104/><T39/><D39/><U120/><E120/><V12/><F42/><W105/><G105/><T21/><D33/><U134/><E134/><V1/><F1/><N who="3" m="335" /><G128/><T81/><D102/><U15/><E15/><V135/><F135/><W133/><G133/><T94/><D100/><U101/><E101/><V46/><F46/><W87/><G43/><T115/><D2/><U92/><E92/><V79/><F79/><W88/><G45/><T66/><D94/><U30/><E30/><V70/><F70/><N who="3" m="42255" /><G38/><T32/><D32/><U119/><E119/><V68/><F68/><W62/><G37/><T44/><D31/><U116/><E116/><V40/><F40/><W91/><G36/><T117/><D117/><U77/><E77/><V47/><F47/><W57/><G91/><T108/><D44/><U86/><E86/><V29/><F29/><W58/><G62/><T60/><D60/><U89/><E89/><V118/><F118/><W9/><G88/><RYUUKYOKU ba="0,0" sc="281,-15,147,15,241,15,331,-15" hai1="14,16,17,23,24,69,71" hai2="4,8,12,19,22,84,85" /><INIT seed="6,1,0,3,4,112" ten="266,162,256,316" oya="2" hai0="58,100,54,116,91,109,25,77,80,96,46,63,78" hai1="72,122,60,32,18,84,6,106,7,45,27,33,119" hai2="30,103,19,131,9,11,83,108,101,99,43,128,61" hai3="82,74,14,50,125,97,64,3,48,36,57,134,70"/><V12/><F108/><W5/><G36/><T76/><D109/><U69/><E72/><V59/><F43/><W62/><G125/><T93/><D116/><U37/><E106/><V90/><F30/><W26/><G134/><T114/><D114/><U105/><E105/><V8/><F131/><W121/><G3/><T56/><D46/><U38/><E122/><V66/><F128/><W130/><G97/><T81/><D100/><N who="2" m="38474" /><F99/><W65/><G26/><T124/><D124/><U15/><E69/><V24/><F24/><W120/><G130/><T92/><D92/><U55/><E33/><V110/><F110/><W44/><G74/><T95/><D95/><U85/><E32/><V89/><F83/><W20/><G82/><T42/><D42/><U51/><E27/><V21/><AGARI ba="1,0" hai="8,9,11,12,19,21,59,61,66,89,90" m="38474" machi="21" ten="30,1500,0" yaku="8,1" doraHai="112" who="2" fromWho="2" sc="266,-6,162,-6,256,18,316,-6" /><INIT seed="6,2,0,2,0,112" ten="260,156,274,310" oya="2" hai0="133,65,91,88,120,9,13,102,27,80,96,116,39" hai1="122,71,35,0,54,123,20,52,55,109,118,57,114" hai2="135,130,69,67,40,131,134,81,121,59,32,77,2" hai3="23,28,92,42,82,119,94,44,104,24,58,83,61"/><V93/><F2/><W30/><G119/><T38/><D39/><U36/><E35/><V107/><F32/><W101/><G104/><T89/><D38/><U111/><E0/><V90/><F121/><N who="1" m="46089" /><E20/><V62/><F107/><W132/><G132/><N who="2" m="50729" /><F40/><W11/><G94/><T53/><D65/><U129/><E114/><V8/><F8/><W75/><G75/><T73/><D120/><U127/><E129/><V98/><F69/><W21/><G11/><T126/><D133/><U47/><E127/><V51/><F51/><W50/><G23/><T16/><D126/><U64/><E118/><V37/><F37/><W31/><G31/><T60/><D116/><U17/><E17/><V49/><F49/><W41/><G28/><T56/><D73/><AGARI ba="2,0" hai="59,62,67,73,77,81,90,93,98,130,131" m="50729" machi="73" ten="30,1500,0" yaku="20,1" doraHai="112" who="2" fromWho="0" sc="260,-21,156,0,274,21,310,0" /><INIT seed="6,3,0,0,5,56" ten="239,156,295,310" oya="2" hai0="111,70,9,66,29,99,98,43,55,49,13,50,110" hai1="130,46,84,27,10,7,33,22,74,6,20,1,77" hai2="109,92,106,86,48,64,32,121,83,58,96,90,103" hai3="45,108,63,112,105,42,60,116,117,123,47,39,95"/><V107/><F121/><W31/><G105/><T35/><D35/><U85/><E130/><V72/><F32/><W91/><G123/><T5/><D29/><U94/><E7/><V15/><F109/><W82/><G108/><T127/><D127/><U71/><E71/><V51/><F15/><W115/><G82/><T36/><D111/><U69/><E69/><V34/><F34/><W38/><G31/><T28/><D28/><U125/><E125/><V133/><F133/><W78/><G78/><T73/><D73/><U135/><E135/><V12/><F107/><W128/><G128/><T97/><D110/><U24/><E33/><V2/><F2/><W30/><G30/><T26/><D26/><U16/><E94/><V93/><F12/><W11/><G91/><T129/><D129/><U132/><E132/><V81/><F106/><W59/><G59/><T17/><D17/><U19/><REACH who="1" step="1"/><E46/><REACH who="1" ten="239,146,295,310" step="2"/><V102/><F92/><W89/><G47/><T80/><D70/><U25/><E25/><V65/><F93/><W114/><G39/><T18/><D36/><U14/><E14/><V23/><F83/><AGARI ba="3,1" hai="1,6,10,16,19,20,22,24,27,74,77,83,84,85" machi="83" ten="40,8000,1" yaku="1,1,9,1,54,1,53,1" doraHai="56" doraHaiUra="3" who="1" fromWho="2" sc="239,0,146,99,295,-89,310,0" /><INIT seed="7,0,0,4,3,97" ten="239,245,206,310" oya="3" hai0="13,94,101,68,131,61,120,74,39,123,100,5,53" hai1="109,56,77,33,38,118,62,82,91,72,52,102,71" hai2="34,23,133,36,10,45,14,104,128,75,78,105,31" hai3="9,96,90,20,16,83,113,27,66,21,116,122,89"/><W73/><G122/><T55/><D39/><U135/><E33/><V26/><F133/><W115/><G116/><T98/><D74/><U47/><E109/><V93/><F128/><W69/><G9/><T12/><D131/><U134/><E71/><V46/><F75/><W108/><G108/><T79/><D79/><U112/><E112/><N who="3" m="43082" /><G96/><T121/><D5/><U8/><E8/><V6/><F78/><N who="3" m="44495" /><G21/><T106/><D98/><U30/><E118/><V51/><F93/><W15/><G15/><T103/><D106/><U95/><E134/><V81/><F81/><W107/><G107/><T3/><D94/><U111/><E111/><V40/><REACH who="2" step="1"/><F23/><REACH who="2" ten="239,245,196,310" step="2"/><W7/><G20/><T22/><D22/><U59/><E135/><V67/><F67/><W65/><G66/><T119/><D119/><U17/><E95/><V37/><F37/><W84/><G65/><T42/><D123/><U110/><E82/><V60/><F60/><W58/><G90/><T11/><D61/><U19/><E91/><V124/><F124/><W92/><G92/><T0/><D121/><U114/><E77/><V24/><F24/><W44/><G27/><T85/><D120/><U132/><E62/><V25/><F25/><W64/><G64/><T127/><D127/><U70/><E132/><V117/><F117/><W54/><G89/><T125/><D125/><U63/><E63/><V129/><F129/><W99/><G84/><T1/><D85/><U76/><E76/><V41/><AGARI ba="0,1" hai="6,10,14,26,31,34,36,40,41,45,46,51,104,105" machi="41" ten="20,8000,1" yaku="1,1,0,1,7,1,53,2" doraHai="97" doraHaiUra="43" who="2" fromWho="2" sc="239,-20,245,-20,196,90,310,-40" /><INIT seed="8,0,0,0,4,96" ten="219,225,286,270" oya="0" hai0="22,58,52,53,132,64,113,43,103,79,19,100,59" hai1="84,50,75,93,7,18,77,67,116,61,27,25,32" hai2="40,89,62,39,109,120,101,92,3,121,49,36,4" hai3="98,60,82,86,126,9,12,99,28,63,112,122,51"/><T54/><D113/><U13/><E75/><V14/><F109/><W106/><G112/><T55/><D132/><U127/><E127/><V108/><F108/><W110/><G110/><T78/><D43/><U134/><E134/><V125/><F125/><W88/><G126/><T76/><D64/><U30/><E116/><V107/><F3/><W73/><G28/><T111/><D111/><U47/><E7/><V10/><F39/><W104/><G73/><T87/><D87/><U130/><E130/><V114/><F36/><W2/><G2/><T80/><D80/><U15/><E27/><V97/><F114/><W21/><G21/><T72/><D72/><U48/><E48/><V38/><F38/><W105/><G122/><T74/><D74/><U124/><E124/><V128/><F128/><W8/><G8/><T23/><D23/><U68/><E18/><V45/><F62/><W26/><G26/><N who="0" m="14687" /><D59/><U5/><E5/><V42/><F42/><W17/><G51/><AGARI ba="0,0" hai="51,52,53,54,55,58,76,78,79,100,103" m="14687" machi="51" ten="30,11600,0" yaku="8,1,52,2,54,1" doraHai="96" who="0" fromWho="3" sc="219,116,225,0,286,0,270,-116" owari="335,43.0,225,-17.0,286,9.0,154,-35.0" /></mjloggm>