<mjloggm ver="2.3"><GO type="41" lobby="0"/><UN n0="%6B%61%6E%65%67%6F%6E%33" n1="%E9%80%9F%E6%B0%B4%E6%9D%A5%E5%A4%A2" n2="%73%6C%6D%65%72%2D%65%39" n3="%E5%B0%B1%E6%B4%BB%E7%94%9F%40%E5%B7%9D%E6%9D%91%E8%BB%8D%E5%9B%A3" dan="15,14,15,15" rate="1946.90,1935.15,1967.84,1983.32" sx="M,M,M,M"/><TAIKYOKU oya="0"/><INIT seed="0,0,0,0,2,9" ten="250,250,250,250" oya="0" hai0="83,42,126,99,131,100,74,29,58,119,79,4,56" hai1="124,108,123,47,15,36,81,77,102,54,93,13,14" hai2="89,106,39,134,23,98,49,127,12,2,48,70,72" hai3="28,51,129,135,128,30,41,122,6,104,50,75,8"/><T7/><D119/><U57/><E123/><V67/><F2/><W69/><G69/><T66/><D131/><N who="3" m="50249" /><G104/><T82/><D126/><U35/><E35/><V118/><F127/><W63/><G75/><T101/><D42/><U26/><E26/><V132/><F72/><W84/><G122/><T95/><D83/><U43/><E124/><V40/><F118/><W5/><G135/><T53/><D101/><U44/><E108/><V91/><F39/><W17/><G63/><T115/><D115/><U110/><E110/><V73/><F73/><W64/><G64/><T21/><D58/><U10/><E47/><V96/><F106/><W109/><G84/><T107/><D66/><U37/><E36/><V97/><F70/><W116/><G116/><T45/><D45/><U61/><E102/><V32/><F32/><W71/><G71/><T19/><D29/><N who="3" m="11369" /><G41/><T31/><D31/><U86/><REACH who="1" step="1"/><E93/><REACH who="1" ten="250,240,250,250" step="2"/><V24/><F24/><W1/><G109/><T25/><REACH who="0" step="1"/><D107/><REACH who="0" ten="240,240,250,250" step="2"/><U85/><E85/><V111/><F111/><W0/><G17/><AGARI ba="0,2" hai="10,13,14,15,17,37,43,44,54,57,61,77,81,86" machi="17" ten="30,8000,1" yaku="1,1,7,1,52,3,53,0" doraHai="9" doraHaiUra="105" who="1" fromWho="3" sc="240,0,240,100,250,0,250,-80" /><INIT seed="1,0,0,1,0,108" ten="240,340,250,170" oya="1" hai0="32,126,133,132,110,50,128,117,40,44,123,52,79" hai1="127,71,20,100,36,43,27,7,54,47,134,111,2" hai2="81,65,68,97,116,26,45,62,13,83,41,95,115" hai3="67,109,4,9,80,89,82,8,55,121,24,66,46"/><U96/><E71/><V94/><F94/><W33/><G109/><T1/><D1/><U23/><E111/><V69/><F69/><W92/><G121/><T103/><D32/><U37/><E37/><V21/><F13/><W25/><G33/><T86/><D110/><U49/><E134/><V56/><F68/><W53/><G92/><T129/><D103/><U12/><E2/><V131/><F131/><N who="0" m="50250" /><D79/><U58/><E127/><V35/><F35/><W76/><G89/><T135/><D86/><U64/><E64/><V93/><F93/><W105/><G105/><T29/><D29/><U63/><E36/><V11/><F11/><W106/><G106/><T60/><D123/><U101/><E96/><V122/><F116/><W73/><G46/><T28/><D28/><N who="1" m="17535" /><E20/><V119/><F115/><W125/><G125/><T114/><D114/><U70/><E70/><V74/><F74/><W84/><G73/><T88/><D117/><U34/><E34/><V57/><F122/><W77/><REACH who="3" step="1"/><G4/><REACH who="3" ten="240,340,250,160" step="2"/><T17/><D126/><U6/><E7/><V124/><F95/><W98/><G98/><T85/><D135/><U10/><AGARI ba="0,1" hai="6,10,12,43,47,49,54,58,63,100,101" m="17535" machi="10" ten="30,1500,0" yaku="8,1" doraHai="108" who="1" fromWho="1" sc="240,-5,340,25,250,-5,160,-5" /><INIT seed="1,1,0,3,2,108" ten="235,365,245,155" oya="1" hai0="115,83,42,54,65,132,22,58,15,26,13,55,78" hai1="90,17,87,130,10,44,51,9,25,75,43,116,6" hai2="18,114,45,92,63,36,122,71,118,128,73,82,131" hai3="67,19,126,61,53,112,74,56,93,97,49,62,3"/><U76/><E116/><V32/><F118/><W68/><G74/><T50/><D132/><U127/><E127/><V95/><F122/><W80/><G3/><T103/><D103/><U37/><E130/><N who="2" m="49707" /><F32/><W89/><G126/><T134/><D134/><U124/><E124/><V117/><F117/><W113/><G80/><T106/><D106/><U20/><E37/><V2/><F2/><W41/><G41/><T85/><D42/><U39/><E39/><V70/><F63/><W94/><G49/><T34/><D34/><U77/><E75/><V111/><F111/><W29/><G29/><T33/><D33/><U86/><E90/><V8/><F45/><W81/><G81/><T99/><D99/><U38/><E38/><V48/><F48/><W14/><REACH who="3" step="1"/><G94/><REACH who="3" ten="235,365,245,145" step="2"/><T102/><D83/><U133/><E133/><V40/><F92/><W1/><G1/><T120/><D50/><U123/><E43/><V88/><F40/><W35/><G35/><T84/><D120/><U27/><E123/><V59/><F36/><W98/><G98/><T135/><D135/><U101/><E51/><V4/><F95/><W91/><G91/><T24/><D78/><U28/><E77/><N who="2" m="44335" /><F88/><W57/><G57/><T119/><D58/><U72/><E76/><V11/><F59/><W64/><G64/><T100/><D65/><U12/><E72/><V52/><F71/><W104/><G104/><T121/><D119/><U105/><E105/><V46/><F46/><W23/><AGARI ba="1,1" hai="14,19,23,53,56,61,62,67,68,89,93,97,112,113" machi="23" ten="20,8000,1" yaku="1,1,0,1,7,1,52,2,53,0" doraHai="108" doraHaiUra="125" who="3" fromWho="3" sc="235,-21,365,-41,245,-21,145,93" /><INIT seed="2,0,0,4,1,7" ten="214,324,224,238" oya="2" hai0="83,10,20,61,120,2,94,14,23,93,121,52,44" hai1="50,35,46,106,13,109,82,49,99,45,75,125,107" hai2="135,122,81,65,30,79,104,66,15,48,33,18,1" hai3="113,110,88,86,63,0,26,9,62,38,129,90,6"/><V3/><F122/><W68/><G38/><T28/><D2/><U16/><E109/><V27/><F104/><W55/><G110/><T4/><D121/><U56/><E125/><V24/><F24/><W53/><G113/><T131/><D120/><U37/><E35/><V123/><F123/><W39/><G39/><T101/><D131/><U130/><E130/><V71/><F71/><W108/><G108/><T11/><D83/><U31/><E31/><V21/><F135/><W132/><G132/><T124/><D124/><U118/><E118/><V59/><F66/><W8/><G129/><T85/><D85/><U97/><E37/><V98/><F98/><W29/><G90/><T5/><D28/><U92/><E106/><V89/><F89/><W41/><G41/><T127/><D127/><U100/><E75/><V77/><F77/><W84/><G84/><T72/><D72/><U117/><E117/><V40/><F40/><W134/><G134/><T73/><D73/><U112/><E112/><V119/><F18/><W51/><G55/><T133/><D133/><U96/><E107/><V57/><F27/><W17/><G68/><T67/><D67/><U74/><E74/><V102/><F65/><W42/><G42/><T34/><D34/><U103/><E82/><V126/><F33/><W76/><G76/><T105/><D105/><U19/><E92/><N who="0" m="35433" /><D101/><N who="1" m="38987" /><E13/><V25/><F15/><N who="3" m="7407" /><G26/><T54/><D61/><N who="3" m="23049" /><G29/><T80/><D54/><N who="1" m="30007" /><E56/><V12/><F59/><N who="3" m="33215" /><G86/><T70/><D70/><U60/><E60/><V64/><F119/><W87/><G87/><T47/><D52/><AGARI ba="0,0" hai="16,19,45,50,52,96,97,99" m="30007,38987" machi="52" ten="30,3900,0" yaku="8,1,54,2" doraHai="7" who="1" fromWho="0" sc="214,-39,324,39,224,0,238,0" /><INIT seed="3,0,0,2,3,68" ten="175,363,224,238" oya="3" hai0="34,14,107,101,4,64,47,27,8,52,109,104,135" hai1="103,89,24,127,131,76,93,45,31,134,69,46,119" hai2="125,116,108,129,42,7,85,111,54,84,38,110,32" hai3="87,128,63,39,126,80,92,10,73,106,71,17,37"/><W0/><G106/><T20/><D135/><U77/><E119/><V98/><F116/><W121/><G121/><T102/><D109/><U36/><E103/><V58/><F32/><W25/><G128/><T114/><D34/><U21/><E131/><V67/><F67/><W66/><G126/><T124/><D124/><U118/><E127/><V3/><F125/><W30/><G92/><T86/><D114/><U5/><E134/><V12/><F3/><W48/><G48/><T117/><D117/><U81/><E69/><V82/><F129/><W97/><G97/><T23/><D23/><U55/><E118/><V13/><F7/><N who="3" m="1383" /><G87/><N who="2" m="33353" /><F98/><W90/><G17/><T96/><D64/><U105/><E105/><V6/><F82/><W133/><G90/><T62/><D102/><U113/><E113/><V123/><F6/><W56/><G56/><T75/><D75/><U115/><E115/><V120/><F42/><W29/><G29/><T94/><D86/><U35/><E5/><V59/><F38/><W130/><G130/><T41/><D62/><U50/><E35/><V44/><F44/><W51/><G51/><T132/><D132/><U33/><E33/><V1/><F1/><W15/><G15/><N who="2" m="5705" /><F54/><W61/><G133/><T91/><D101/><U72/><E76/><V78/><F78/><N who="3" m="44111" /><G25/><T49/><D41/><N who="1" m="22695" /><E89/><V60/><F60/><W88/><G30/><AGARI ba="0,0" hai="4,8,14,20,27,30,47,49,52,91,94,96,104,107" machi="30" ten="30,2000,0" yaku="7,1,54,1" doraHai="68" who="0" fromWho="3" sc="175,20,363,0,224,0,238,-20" /><INIT seed="4,0,0,0,1,48" ten="195,363,224,218" oya="0" hai0="113,65,133,57,37,92,3,112,63,102,1,20,114" hai1="41,81,60,45,131,132,79,50,7,30,82,9,23" hai2="26,78,90,51,6,18,52,49,77,97,22,44,109" hai3="87,17,86,67,123,93,29,89,115,96,62,110,64"/><T66/><D37/><U135/><E131/><V70/><F70/><W104/><G110/><T58/><D133/><N who="1" m="51275" /><E60/><V72/><F72/><W106/><G123/><T53/><D66/><U125/><E125/><V98/><F98/><W120/><G120/><T2/><D20/><U100/><E100/><V83/><F6/><W69/><G115/><T25/><D25/><N who="1" m="16703" /><E79/><V0/><F0/><AGARI ba="0,0" hai="0,7,9,41,45,50,81,82" m="16703,51275" machi="0" ten="30,1000,0" yaku="20,1" doraHai="48" who="1" fromWho="2" sc="195,0,363,10,224,-10,218,0" /><INIT seed="5,0,0,2,4,43" ten="195,373,214,218" oya="1" hai0="118,60,59,35,122,24,11,47,40,117,100,22,16" hai1="52,10,58,110,53,15,5,113,63,97,77,101,1" hai2="25,73,78,120,103,51,45,34,92,64,71,94,23" hai3="56,89,86,123,75,62,93,54,84,19,125,74,20"/><U30/><E113/><V6/><F34/><W46/><G125/><T26/><D122/><U131/><E131/><V79/><F6/><W127/><G127/><T96/><D11/><U3/><E110/><V50/><F73/><W90/><G123/><T87/><D87/><U18/><E77/><V13/><F13/><W81/><G46/><T105/><D26/><AGARI ba="0,0" hai="19,20,26,54,56,62,74,75,81,84,86,89,90,93" machi="26" ten="30,1000,0" yaku="7,1" doraHai="43" who="3" fromWho="0" sc="195,-10,373,0,214,0,218,10" /><INIT seed="6,0,0,0,2,117" ten="185,373,214,228" oya="2" hai0="14,4,43,6,26,23,125,80,86,100,30,79,56" hai1="2,130,51,68,21,106,129,73,110,22,55,112,85" hai2="134,17,33,71,53,7,36,120,29,94,61,95,15" hai3="60,101,127,49,123,87,39,116,42,115,70,97,8"/><V118/><F120/><W59/><G116/><T124/><D100/><U20/><E110/><V69/><F118/><W3/><G123/><T57/><D43/><U99/><E73/><V81/><F36/><W64/><G127/><T122/><D122/><U58/><E85/><V24/><F69/><W119/><G119/><T131/><D131/><N who="1" m="50187" /><E2/><V108/><F108/><W91/><G115/><T67/><D67/><U45/><E68/><V74/><F7/><W121/><G121/><T96/><D96/><U32/><E32/><V113/><F113/><W84/><G84/><T109/><D109/><U19/><E112/><V114/><F114/><W28/><G28/><T9/><REACH who="0" step="1"/><D6/><REACH who="0" ten="175,373,214,228" step="2"/><U18/><E99/><V128/><F128/><W82/><G42/><T77/><D77/><U66/><E66/><V54/><F134/><W44/><G97/><T65/><D65/><U75/><E75/><V76/><F54/><W47/><G101/><T40/><D40/><U41/><E58/><AGARI ba="0,1" hai="4,9,14,23,26,30,56,57,58,79,80,86,124,125" machi="58" ten="40,1300,0" yaku="1,1,53,0" doraHai="117" doraHaiUra="102" who="0" fromWho="1" sc="175,23,373,-13,214,0,228,0" /><INIT seed="7,0,0,3,0,104" ten="198,360,214,228" oya="3" hai0="97,56,101,96,123,124,127,7,70,89,16,43,128" hai1="49,20,26,9,44,72,57,63,10,85,29,19,47" hai2="93,25,81,61,80,135,84,17,107,90,109,32,48" hai3="99,134,86,74,77,71,58,6,131,36,52,5,132"/><W8/><G71/><T23/><D70/><U53/><E72/><V68/><F107/><W21/><G36/><T130/><D123/><U64/><E85/><V126/><F126/><N who="0" m="48170" /><D7/><U55/><E29/><V121/><F121/><W65/><G131/><N who="0" m="50219" /><D43/><U15/><E26/><V98/><F109/><W22/><G65/><T105/><D89/><U125/><E125/><V102/><F135/><N who="3" m="51755" /><G99/><N who="0" m="61631" /><D56/><U111/><E111/><V1/><F1/><N who="3" m="47" /><G86/><T88/><D88/><U78/><E78/><V11/><F68/><W100/><G100/><T87/><D87/><U30/><E30/><V129/><F129/><W41/><G41/><T108/><D108/><U106/><E106/><V103/><F102/><W112/><G112/><T2/><D2/><U59/><E44/><V35/><F103/><W27/><G6/><T50/><D50/><AGARI ba="0,0" hai="9,10,15,19,20,47,49,50,53,55,57,59,63,64" machi="50" ten="30,2000,0" yaku="7,1,8,1" doraHai="104" who="1" fromWho="0" sc="198,-20,360,20,214,0,228,0" owari="178,-32.0,380,48.0,214,-19.0,228,3.0" /></mjloggm>