<mjloggm ver="2.3"><GO type="97" lobby="0"/><UN n0="%78%78%78%7A%7A%78%78%78" n1="%61%78%65%6C%33" n2="%52%49%43%4B%31%37" n3="%E5%B0%B1%E6%B4%BB%E7%94%9F%40%E5%B7%9D%E6%9D%91%E8%BB%8D%E5%9B%A3" dan="14,15,13,14" rate="1899.28,1994.68,1806.45,1991.29" sx="M,M,M,M"/><TAIKYOKU oya="0"/><INIT seed="0,0,0,5,0,84" ten="250,250,250,250" oya="0" hai0="77,59,92,15,72,21,63,104,39,54,124,122,1" hai1="66,37,87,46,14,73,120,130,64,62,79,43,38" hai2="68,57,116,29,11,41,126,108,135,6,105,4,49" hai3="7,17,35,75,26,125,94,123,80,78,48,111,121"/><T131/><D1/><U8/><E120/><N who="3" m="46154" /><G125/><T69/><D122/><U16/><E73/><V89/><F126/><W103/><G111/><T117/><D131/><U134/><E130/><V42/><F108/><W95/><G7/><T102/><D104/><U74/><E74/><V119/><F105/><W65/><G65/><T61/><D39/><U20/><E38/><V18/><F68/><W36/><G36/><T50/><D124/><U82/><E134/><V32/><F135/><W76/><G76/><T71/><D117/><N who="2" m="45130" /><F32/><W115/><G115/><T9/><D72/><U23/><E64/><V99/><F29/><N who="3" m="19895" /><G103/><T19/><D77/><U40/><E43/><N who="2" m="16395" /><F57/><AGARI ba="0,0" hai="8,14,16,20,23,37,40,46,57,62,66,79,82,87" machi="57" ten="30,2000,0" yaku="7,1,54,1" doraHai="84" who="1" fromWho="2" sc="250,0,250,20,250,-20,250,0" /><INIT seed="1,0,0,2,5,52" ten="250,270,230,250" oya="1" hai0="11,104,127,105,35,115,29,116,32,132,121,24,20" hai1="7,69,87,117,41,21,85,58,0,123,45,44,23" hai2="124,36,26,62,51,101,82,74,109,59,92,107,66" hai3="63,70,108,67,27,6,118,80,86,57,90,134,2"/><U114/><E69/><V50/><F124/><W16/><G118/><T10/><D105/><U25/><E117/><V129/><F129/><W3/><G134/><T95/><D116/><U79/><E123/><V55/><F36/><W5/><G108/><T28/><D104/><U94/><E114/><V46/><F107/><W60/><G2/><T39/><D39/><U96/><E7/><V65/><F109/><W130/><G3/><T9/><D95/><U119/><E0/><V43/><F26/><W135/><G135/><T93/><D93/><U125/><E125/><V112/><F112/><W19/><G130/><T122/><D115/><U4/><E4/><V120/><F120/><N who="0" m="46186" /><D132/><U102/><E21/><V78/><REACH who="2" step="1"/><F62/><REACH who="2" ten="250,270,220,250" step="2"/><W98/><G27/><N who="0" m="16487" /><D127/><U111/><E119/><V15/><F15/><W131/><G131/><T1/><D1/><U72/><E111/><V54/><F54/><W128/><G128/><T8/><N who="0" m="2560" /><DORA hai="73" /><T106/><D106/><U97/><E25/><V17/><F17/><W12/><G19/><T64/><D64/><U126/><E41/><V89/><F89/><W133/><G133/><T113/><D113/><U22/><E126/><V38/><F38/><W77/><G6/><T110/><D110/><U33/><E102/><V48/><F48/><W68/><G5/><T31/><D31/><U84/><E94/><V100/><F100/><W40/><G40/><T13/><D13/><U53/><E53/><V99/><AGARI ba="0,1" hai="43,46,50,51,55,59,65,66,74,78,82,92,99,101" machi="99" ten="30,8000,1" yaku="1,1,0,1,52,2,53,1" doraHai="52,73" doraHaiUra="34,88" who="2" fromWho="2" sc="250,-20,270,-40,220,90,250,-20" /><INIT seed="2,0,0,5,5,95" ten="230,230,310,230" oya="2" hai0="39,114,84,121,113,62,135,25,14,54,37,60,71" hai1="103,124,38,134,61,125,107,120,21,40,116,126,130" hai2="98,5,15,132,49,59,27,50,65,88,74,108,56" hai3="89,18,82,105,3,133,36,31,80,117,51,33,28"/><V76/><F132/><W70/><G3/><T69/><D121/><U97/><E116/><V109/><F27/><W66/><G36/><N who="0" m="13899" /><D25/><U63/><E120/><V112/><F112/><N who="0" m="43114" /><D14/><U115/><E115/><V24/><F24/><W81/><G105/><T11/><D11/><U129/><E21/><V104/><F74/><W52/><G117/><T48/><D84/><U127/><N who="1" m="32256" /><DORA hai="67" /><U41/><E38/><V90/><F76/><W123/><G89/><N who="2" m="34409" /><F5/><W79/><G133/><T8/><D8/><U93/><E107/><V94/><F104/><W78/><G123/><T20/><D20/><U16/><E134/><V110/><F15/><W101/><G101/><T1/><D1/><U73/><E73/><V92/><F92/><W26/><G31/><T7/><D7/><U75/><E75/><V46/><F65/><W106/><G106/><T99/><D99/><U58/><E61/><N who="0" m="23657" /><D135/><U23/><E41/><N who="2" m="24783" /><F50/><W45/><G66/><T43/><D43/><U102/><E40/><V17/><F17/><W32/><G32/><T77/><D77/><U4/><E4/><V42/><F42/><W10/><G70/><T13/><D13/><N who="1" m="9615" /><E102/><AGARI ba="0,0" hai="56,59,94,98,102,108,109,110" m="24783,34409" machi="102" ten="30,11600,0" yaku="14,1,10,1,52,1,54,1" doraHai="95,67" who="2" fromWho="1" sc="230,0,230,-116,310,116,230,0" /><INIT seed="2,1,0,0,5,16" ten="230,114,426,230" oya="2" hai0="115,112,124,122,65,98,103,12,39,105,68,47,87" hai1="1,106,77,131,53,101,14,48,2,25,20,66,38" hai2="8,111,117,93,56,22,79,0,100,61,110,34,51" hai3="49,84,26,118,10,91,119,70,120,126,104,44,109"/><V67/><F117/><W36/><G70/><T71/><D122/><U63/><E38/><V129/><F34/><W41/><G104/><T58/><D124/><U88/><E77/><V43/><F129/><W97/><G126/><T78/><D58/><U83/><E101/><V69/><F79/><W11/><G120/><T121/><D121/><U9/><E106/><V86/><F0/><W102/><G109/><N who="2" m="41481" /><F8/><W90/><G36/><T30/><D12/><U94/><E83/><V5/><F5/><W73/><G73/><T24/><D87/><U127/><E131/><V32/><F32/><W74/><G74/><T40/><D78/><U31/><E127/><V116/><F116/><W28/><G10/><T62/><REACH who="0" step="1"/><D68/><REACH who="0" ten="220,114,426,230" step="2"/><U42/><E1/><V82/><F69/><W99/><G119/><T60/><D60/><U6/><E2/><V33/><F86/><W80/><G118/><T52/><D52/><U92/><E42/><V135/><F43/><W130/><G130/><T4/><D4/><U3/><E3/><V108/><F108/><W123/><G123/><T59/><D59/><U7/><E7/><V23/><F61/><W72/><G72/><T21/><AGARI ba="1,1" hai="21,24,30,39,40,47,62,65,71,98,103,105,112,115" machi="21" ten="20,5200,0" yaku="1,1,0,1,7,1,52,1,53,0" doraHai="16" doraHaiUra="81" who="0" fromWho="0" sc="220,65,114,-14,426,-27,230,-14" /><INIT seed="3,0,0,5,0,43" ten="285,100,399,216" oya="3" hai0="19,28,75,36,15,128,99,101,108,117,53,13,115" hai1="62,122,51,14,26,24,113,59,71,6,83,73,61" hai2="3,20,55,29,65,107,5,9,127,70,52,86,118" hai3="103,78,42,18,135,92,76,96,11,22,95,110,4"/><W57/><G135/><T120/><D75/><U119/><E122/><V129/><F118/><W93/><G110/><T54/><D117/><U32/><E113/><V90/><F107/><W91/><G42/><T64/><D115/><U21/><E32/><V84/><F127/><W46/><G57/><T50/><D120/><U85/><E73/><V134/><F134/><W82/><G46/><T0/><D0/><U72/><E72/><V60/><F129/><W40/><G40/><T116/><D128/><U7/><E71/><V1/><F1/><W17/><G17/><T48/><D116/><U10/><E7/><V88/><F29/><W67/><G67/><T80/><D80/><U97/><E97/><V94/><F20/><W133/><G133/><T130/><D130/><U109/><E119/><V31/><F31/><W87/><G93/><AGARI ba="0,0" hai="3,5,9,52,55,60,65,70,84,86,88,90,93,94" machi="93" ten="30,7700,0" yaku="7,1,9,1,54,2" doraHai="43" who="2" fromWho="3" sc="285,0,100,0,399,77,216,-77" owari="285,9.0,100,-40.0,476,57.0,139,-26.0" /></mjloggm>