<mjloggm ver="2.3"><GO type="97" lobby="0"/><UN n0="%E5%B0%B1%E6%B4%BB%E7%94%9F%40%E5%B7%9D%E6%9D%91%E8%BB%8D%E5%9B%A3" n1="%65%6E%64%6F%6D%69%72" n2="%E5%8C%97%E3%81%AE%E5%AF%BE%E5%AD%90%E8%90%BD%E3%81%A8%E3%81%97" n3="%E7%8E%A9%E5%80%8B%4A%42" dan="15,14,15,13" rate="2063.75,1943.07,1986.34,1947.12" sx="M,M,M,F"/><TAIKYOKU oya="0"/><INIT seed="0,0,0,5,2,2" ten="250,250,250,250" oya="0" hai0="55,72,33,118,135,45,87,134,121,39,133,79,54" hai1="52,64,34,70,71,14,65,126,130,41,125,73,81" hai2="75,102,101,106,23,24,26,76,115,107,110,117,9" hai3="94,66,116,8,19,129,58,108,67,131,112,63,98"/><T127/><D33/><U27/><E130/><N who="3" m="49674" /><G108/><T3/><D118/><U49/><E41/><V105/><F115/><W93/><G116/><T1/><D121/><U21/><E34/><V29/><F117/><W46/><G46/><T48/><D72/><U0/><E0/><N who="0" m="73" /><D39/><U28/><E14/><V61/><F110/><W15/><G112/><T53/><D127/><N who="1" m="48651" /><E81/><AGARI ba="0,0" hai="45,48,53,54,55,79,81,87,133,134,135" m="73" machi="81" ten="40,2000,0" yaku="20,1" doraHai="2" who="0" fromWho="1" sc="250,20,250,-20,250,0,250,0" /><INIT seed="0,1,0,3,0,11" ten="270,230,250,250" oya="0" hai0="41,104,76,101,79,10,28,97,123,64,108,94,74" hai1="86,9,73,45,80,134,61,69,68,60,54,126,21" hai2="47,29,48,95,120,3,52,2,49,14,26,32,1" hai3="99,91,103,121,13,19,77,71,6,115,107,85,18"/><T15/><D123/><U102/><E134/><V75/><F75/><W131/><G115/><T119/><D119/><U36/><E126/><V58/><F120/><W20/><G71/><T63/><D104/><U25/><E73/><V93/><REACH who="2" step="1"/><F14/><REACH who="2" ten="270,230,240,250" step="2"/><W117/><G121/><T33/><D74/><U42/><E69/><V84/><F84/><W114/><G117/><T34/><D108/><U83/><E68/><V65/><F65/><W130/><G114/><T100/><D41/><AGARI ba="1,1" hai="1,2,3,26,29,32,41,47,48,49,52,58,93,95" machi="41" ten="40,2600,0" yaku="1,1,54,1,53,0" doraHai="11" doraHaiUra="67" who="2" fromWho="0" sc="270,-29,230,0,240,39,250,0" /><INIT seed="1,0,0,5,1,32" ten="241,230,279,250" oya="1" hai0="50,101,63,21,91,22,47,69,115,79,73,7,53" hai1="36,6,74,5,130,110,44,17,1,86,104,118,58" hai2="40,72,45,135,109,55,14,67,108,120,85,127,4" hai3="89,35,41,92,81,112,71,111,90,134,82,26,106"/><U125/><E118/><V117/><F72/><W84/><G112/><T24/><D101/><U119/><E119/><V66/><F135/><W123/><G123/><T46/><D115/><U28/><E74/><V88/><F127/><W2/><G106/><T34/><D34/><U62/><E125/><V10/><F55/><W83/><G71/><T124/><D7/><U11/><E104/><V51/><F120/><W99/><G134/><T49/><D124/><U95/><E28/><V76/><F76/><W107/><G107/><T113/><D113/><U98/><E86/><V19/><F19/><W116/><G111/><N who="2" m="42569" /><F117/><W64/><G116/><T42/><D91/><U38/><E110/><V9/><F9/><W77/><G64/><T23/><D79/><U18/><E6/><V131/><F131/><W12/><G41/><T61/><D73/><U56/><E56/><V3/><F14/><W68/><G68/><T43/><D69/><U75/><E75/><V126/><F126/><W128/><G12/><T0/><D53/><U8/><E44/><V65/><F67/><W48/><G77/><T133/><D133/><U129/><E129/><V52/><F40/><W93/><G128/><T114/><D114/><U33/><E130/><V16/><F16/><W122/><G122/><T105/><D24/><U20/><E18/><V30/><F30/><W100/><G26/><T15/><D15/><U70/><E11/><V80/><AGARI ba="0,0" hai="3,4,10,45,51,52,65,66,80,85,88" m="42569" machi="80" ten="30,7900,0" yaku="14,1,52,1,54,2" doraHai="32" who="2" fromWho="2" sc="241,-20,230,-39,279,79,250,-20" /><INIT seed="2,0,0,1,0,101" ten="221,191,358,230" oya="2" hai0="100,113,64,32,134,42,107,93,115,114,12,53,77" hai1="65,47,75,88,14,21,76,16,73,66,112,128,82" hai2="58,22,51,8,15,74,89,44,133,2,86,117,61" hai3="19,57,45,91,132,95,46,96,56,104,124,28,27"/><V72/><F133/><W43/><G124/><T38/><D32/><U29/><E112/><V105/><F117/><W37/><G132/><T4/><D134/><U17/><E128/><V90/><F105/><W34/><G46/><T33/><D33/><U62/><E75/><V59/><F2/><W11/><G104/><T135/><D135/><U9/><E29/><V111/><F22/><W99/><G96/><T94/><D64/><U119/><E47/><V70/><F70/><W79/><G79/><T30/><D30/><U122/><E122/><V116/><F116/><W85/><G99/><T130/><D130/><U1/><E1/><V31/><F31/><W25/><REACH who="3" step="1"/><G27/><REACH who="3" ten="221,191,358,220" step="2"/><T121/><D77/><U55/><E119/><V60/><F44/><W41/><G41/><T131/><D42/><U54/><E76/><V3/><F74/><W83/><G83/><T35/><D107/><U78/><E78/><V87/><F72/><W10/><G10/><T92/><D131/><U39/><E73/><V123/><F8/><W106/><G106/><T24/><D121/><U40/><E40/><V52/><F86/><W84/><G84/><T129/><D129/><U20/><E9/><V67/><F87/><W23/><G23/><T97/><D113/><U103/><E82/><V26/><F26/><W102/><G102/><T80/><D114/><U120/><E103/><V68/><F123/><W0/><G0/><T50/><D115/><U81/><E81/><V109/><F3/><W98/><G98/><T125/><D100/><U71/><E120/><V5/><F15/><AGARI ba="0,1" hai="11,15,19,25,28,34,37,43,45,56,57,85,91,95" machi="15" ten="40,1300,0" yaku="1,1,53,0" doraHai="101" doraHaiUra="110" who="3" fromWho="2" sc="221,0,191,0,358,-13,220,23" /><INIT seed="3,0,0,5,5,39" ten="221,191,345,243" oya="3" hai0="122,98,104,116,46,54,44,35,60,5,113,61,42" hai1="67,68,69,79,95,26,36,81,121,49,97,12,101" hai2="93,0,41,87,135,30,70,21,52,110,119,99,3" hai3="63,90,2,37,8,83,73,29,118,102,117,106,123"/><W27/><G123/><T85/><D35/><U103/><E121/><V51/><F70/><W45/><G63/><T114/><D116/><U92/><E36/><V72/><F72/><W10/><G10/><T74/><D74/><U129/><E129/><V78/><F119/><W100/><G90/><T38/><D5/><U20/><E12/><V65/><F65/><W75/><G102/><T9/><D9/><U130/><E130/><V50/><F0/><W28/><G28/><T31/><D31/><U53/><E67/><V33/><F33/><N who="3" m="20671" /><G75/><T125/><D125/><U80/><E79/><V62/><F3/><W124/><G124/><T56/><D85/><U15/><E15/><V32/><F32/><W77/><G100/><N who="0" m="62487" /><D46/><U25/><E25/><V64/><F21/><W108/><G106/><T34/><D34/><U11/><E11/><V58/><F30/><W4/><G108/><T24/><D24/><U91/><E69/><V105/><F105/><W120/><G120/><T43/><D122/><U126/><E68/><V82/><F99/><W55/><G118/><T40/><D61/><U76/><E76/><V128/><F110/><W47/><G117/><T88/><D88/><U71/><E71/><V86/><F128/><W133/><G37/><T23/><D23/><U6/><E6/><V19/><F62/><W112/><G4/><T94/><D94/><N who="1" m="58551" /><E103/><V1/><F93/><N who="1" m="35913" /><E91/><V115/><F1/><W96/><G2/><T17/><D17/><N who="1" m="12559" /><E126/><V14/><F115/><AGARI ba="0,0" hai="38,40,42,43,44,54,56,60,113,114,115" m="62487" machi="115" ten="30,7700,0" yaku="11,1,52,3" doraHai="39" who="0" fromWho="2" sc="221,77,191,0,345,-77,243,0" /><INIT seed="4,0,0,2,3,41" ten="298,191,268,243" oya="0" hai0="35,105,56,122,108,24,106,69,4,14,1,23,133" hai1="119,110,55,18,113,42,118,37,7,13,114,47,46" hai2="75,58,28,121,22,60,72,87,31,125,6,104,79" hai3="15,61,19,89,51,78,34,101,130,128,10,36,71"/><T109/><D69/><U67/><E7/><V3/><F104/><W91/><G36/><T134/><D1/><U54/><E67/><V44/><F121/><W111/><G111/><N who="0" m="42571" /><D35/><U102/><E102/><V94/><F125/><W17/><G34/><T39/><D39/><U92/><E92/><V76/><F75/><W90/><G101/><T32/><D32/><U81/><E81/><V30/><F72/><W65/><G78/><N who="2" m="29737" /><F6/><W49/><REACH who="3" step="1"/><G19/><REACH who="3" ten="298,191,268,233" step="2"/><N who="0" m="12415" /><D122/><U77/><E77/><V117/><F28/><W0/><G0/><T126/><D126/><U8/><E110/><V82/><F30/><W127/><G127/><T59/><D106/><U124/><E124/><V86/><F31/><W26/><G26/><T103/><D103/><U116/><E37/><V21/><F3/><W107/><G107/><T120/><D120/><U96/><E42/><V48/><F117/><W43/><G43/><T70/><D105/><U74/><E74/><V88/><F22/><W123/><G123/><T45/><D70/><U40/><E40/><V84/><F21/><W64/><G64/><T129/><D129/><AGARI ba="0,1" hai="10,15,17,49,51,61,65,71,89,90,91,128,129,130" machi="129" ten="40,2600,0" yaku="1,1,19,1,53,0" doraHai="41" doraHaiUra="27" who="3" fromWho="0" sc="298,-26,191,0,268,0,233,36" /><INIT seed="5,0,0,1,0,43" ten="272,191,268,269" oya="1" hai0="103,110,7,80,40,2,129,5,68,44,31,102,23" hai1="60,122,76,57,112,75,84,98,88,41,53,135,50" hai2="118,90,72,120,86,32,4,130,6,79,3,73,65" hai3="113,131,116,30,55,124,74,114,108,48,134,20,127"/><U38/><E122/><V19/><F32/><W93/><G108/><T0/><D68/><U33/><E112/><N who="3" m="43114" /><G74/><T126/><D110/><U51/><E33/><V85/><F72/><W61/><G134/><T109/><D109/><U94/><E135/><V12/><F73/><W67/><G93/><T128/><D80/><U16/><E75/><V56/><F3/><W59/><G131/><N who="0" m="50251" /><D126/><N who="3" m="48169" /><G30/><T27/><D2/><U77/><E38/><V10/><F130/><W125/><G20/><T63/><D63/><U39/><E39/><V46/><F118/><W91/><G91/><T24/><D24/><U115/><E115/><V111/><F120/><W92/><G92/><T95/><D95/><U22/><E60/><V8/><F111/><W81/><G81/><T15/><D15/><N who="1" m="9503" /><E98/><V13/><F90/><W107/><G107/><T87/><D87/><U34/><E34/><V28/><F85/><W14/><G14/><T29/><D29/><U133/><E133/><V47/><F28/><W26/><G26/><T78/><D78/><U36/><E36/><V97/><F97/><W18/><G125/><T21/><D21/><U35/><E35/><V45/><F86/><W123/><G123/><T54/><D0/><U89/><E89/><V99/><F99/><W82/><G116/><T9/><D9/><U70/><E70/><V49/><F79/><W106/><G106/><T1/><D1/><U132/><E132/><V42/><F19/><W104/><G104/><T58/><D7/><U100/><E100/><V66/><F66/><W62/><G18/><T121/><D5/><U96/><E96/><RYUUKYOKU ba="0,0" sc="272,-15,191,15,268,15,269,-15" hai1="41,50,51,53,57,76,77,84,88,94" hai2="4,6,8,10,12,13,42,45,46,47,49,56,65" /><INIT seed="5,1,0,0,1,134" ten="257,206,283,254" oya="1" hai0="60,22,20,56,66,55,24,116,83,62,4,46,8" hai1="58,129,44,135,12,74,93,87,132,23,34,54,28" hai2="3,91,95,88,127,123,32,43,13,27,39,107,122" hai3="17,98,48,128,14,42,79,103,35,64,120,119,102"/><U121/><E121/><V126/><F3/><W19/><G120/><T130/><D130/><U1/><E1/><V77/><F107/><W89/><G35/><T70/><D116/><U69/><E74/><V133/><F133/><N who="1" m="51273" /><E69/><V109/><F109/><W41/><G128/><T37/><D37/><U59/><E34/><V53/><F77/><W76/><G64/><T38/><D38/><U125/><E129/><V26/><F91/><W21/><G17/><T0/><D46/><U80/><E93/><V65/><F65/><W115/><G115/><T50/><D62/><N who="1" m="36183" /><E44/><N who="2" m="23679" /><F32/><W68/><G68/><T92/><D24/><N who="2" m="9258" /><F53/><W99/><G119/><T57/><D70/><U29/><E59/><V90/><F13/><W117/><G117/><T5/><D5/><U82/><E82/><V108/><F108/><W75/><G42/><T33/><D33/><U86/><E86/><N who="2" m="52631" /><F90/><W101/><G75/><T85/><D92/><U31/><E12/><V81/><F81/><W49/><G41/><T106/><D106/><U45/><E45/><V36/><F36/><W96/><G89/><AGARI ba="1,0" hai="0,4,8,20,22,50,55,56,57,60,66,83,85,89" machi="89" ten="30,1000,0" yaku="7,1" doraHai="134" who="0" fromWho="3" sc="257,13,206,0,283,0,254,-13" /><INIT seed="6,0,0,5,3,121" ten="270,206,283,241" oya="2" hai0="80,69,96,30,127,84,130,41,129,106,135,85,17" hai1="3,56,132,54,75,0,101,111,72,102,33,113,76" hai2="31,4,32,8,40,18,24,27,60,39,50,26,91" hai3="86,100,43,1,103,104,58,93,94,52,67,125,14"/><V81/><F39/><W51/><G1/><T25/><D69/><U46/><E33/><V66/><F18/><W120/><G120/><T112/><D112/><U16/><E113/><V128/><F128/><N who="0" m="49258" /><D41/><U134/><E46/><V82/><F50/><W21/><G104/><T13/><D127/><U11/><E76/><V62/><F40/><W95/><G125/><T116/><D135/><U133/><E111/><V5/><F62/><N who="3" m="38359" /><G86/><T47/><D47/><U9/><E3/><V12/><F4/><W15/><G43/><T117/><D96/><U2/><E2/><V110/><F110/><W119/><G119/><N who="0" m="45643" /><D106/><U99/><E0/><V38/><F38/><W87/><G87/><T77/><D25/><U90/><E90/><V65/><F27/><W23/><G103/><T131/><D30/><U61/><E102/><V49/><F26/><W44/><G100/><T88/><N who="0" m="49266" /><T74/><DORA hai="6" /><D88/><U37/><E37/><V7/><F91/><W73/><G73/><T78/><D77/><U71/><E71/><V105/><F24/><W107/><G107/><T115/><D115/><U70/><E70/><V59/><F31/><W108/><G108/><T20/><AGARI ba="0,0" hai="13,17,20,74,78,80,84,85" m="45643,49266" machi="20" ten="50,3200,0" yaku="19,1,12,1" doraHai="121,6" who="0" fromWho="0" sc="270,32,206,-8,283,-16,241,-8" owari="302,40.0,198,-30.0,267,7.0,233,-17.0" /></mjloggm>