<mjloggm ver="2.3"><GO type="97" lobby="0"/><UN n0="%E9%8A%80%E8%89%B2%E8%87%AA%E8%BB%A2%E8%BB%8A" n1="%E5%B0%8F%E7%80%AC%E5%B7%9D" n2="%E5%B0%B1%E6%B4%BB%E7%94%9F%40%E5%B7%9D%E6%9D%91%E8%BB%8D%E5%9B%A3" n3="%6D%61%73%61%32%34" dan="16,14,15,14" rate="2022.58,1927.55,2046.80,1825.82" sx="M,F,M,M"/><TAIKYOKU oya="0"/><INIT seed="0,0,0,0,3,6" ten="250,250,250,250" oya="0" hai0="59,135,21,86,33,31,124,47,112,56,19,90,113" hai1="72,39,100,95,34,9,128,54,89,29,87,104,10" hai2="127,30,41,111,88,106,18,7,24,130,43,52,117" hai3="84,26,45,109,126,78,91,15,118,68,55,40,14"/><T66/><D33/><U58/><E39/><V93/><F106/><W108/><G68/><T50/><D31/><U71/><E71/><V22/><F117/><W38/><G118/><T123/><D123/><U122/><E122/><V69/><F69/><W97/><G78/><T132/><D124/><U102/><E128/><V20/><F7/><W131/><G126/><T57/><D66/><U42/><E42/><V133/><F130/><W8/><G131/><T49/><D112/><U36/><E36/><V61/><F133/><N who="0" m="51274" /><D47/><U75/><E72/><V16/><F111/><N who="3" m="42571" /><G55/><T79/><D79/><U96/><E75/><V76/><F76/><W28/><G97/><T3/><D3/><U64/><E64/><V125/><F125/><W134/><G134/><T99/><D99/><U2/><E2/><V129/><F129/><W53/><G53/><T44/><D44/><U35/><E35/><V92/><F127/><W74/><G74/><T73/><D73/><U13/><E13/><N who="2" m="9231" /><F30/><W83/><G15/><N who="0" m="9471" /><D113/><U107/><E104/><V60/><F60/><W105/><G105/><T116/><D116/><U110/><E110/><V46/><F46/><W85/><G28/><T63/><D63/><U51/><REACH who="1" step="1"/><E102/><REACH who="1" ten="250,240,250,250" step="2"/><V98/><F43/><W80/><G38/><T4/><D4/><U81/><E81/><AGARI ba="0,1" hai="49,50,56,57,59,81,86,90" m="9471,51274" machi="81" ten="30,1500,0" yaku="20,1" doraHai="6" who="0" fromWho="1" sc="250,25,240,-15,250,0,250,0" /><INIT seed="0,1,0,4,5,39" ten="275,225,250,250" oya="0" hai0="71,88,75,70,2,73,127,36,67,4,31,120,91" hai1="112,17,108,65,83,55,63,51,58,9,30,27,105" hai2="124,129,78,66,46,74,48,92,15,68,62,13,14" hai3="64,118,109,87,86,11,97,38,121,50,119,69,95"/><T114/><D114/><U12/><E105/><V8/><F124/><W130/><G38/><T106/><D106/><U107/><E107/><V34/><F34/><W89/><G69/><T35/><D36/><U1/><E108/><V100/><F129/><W24/><G64/><T22/><D35/><U77/><E112/><V7/><F74/><W33/><G11/><T113/><D120/><U99/><E99/><V126/><F78/><W61/><G61/><T134/><D113/><U72/><E1/><V42/><REACH who="2" step="1"/><F126/><REACH who="2" ten="275,225,240,250" step="2"/><W125/><G125/><T96/><D75/><U52/><REACH who="1" step="1"/><E51/><REACH who="1" ten="275,215,240,250" step="2"/><V44/><F44/><W82/><G130/><T0/><D127/><U6/><E6/><V128/><F128/><W90/><G109/><T117/><D4/><U16/><E16/><V123/><F123/><W49/><G121/><T57/><D117/><U111/><E111/><V116/><F116/><W32/><G118/><T26/><D134/><U135/><E135/><V115/><F115/><W131/><G131/><T59/><D2/><U21/><AGARI ba="1,2" hai="9,12,17,21,27,30,52,55,58,63,65,72,77,83" machi="21" ten="20,5200,0" yaku="1,1,0,1,7,1,54,1,53,0" doraHai="39" doraHaiUra="102" who="1" fromWho="1" sc="275,-27,215,75,240,-14,250,-14" /><INIT seed="1,0,0,1,3,105" ten="248,290,226,236" oya="1" hai0="18,135,64,85,100,90,61,113,36,6,52,38,65" hai1="127,87,73,101,109,50,56,117,17,122,81,58,13" hai2="48,129,133,106,97,130,31,4,72,20,71,70,125" hai3="42,49,68,3,84,118,1,114,25,5,93,11,24"/><U39/><E117/><V47/><F4/><W8/><G118/><T98/><D113/><U23/><E39/><V27/><F125/><W22/><G68/><T60/><D6/><U111/><E122/><V82/><F133/><W51/><G114/><T94/><D135/><U96/><E127/><V77/><F97/><W35/><G42/><T83/><D38/><U131/><E131/><N who="2" m="50187" /><F106/><W119/><G119/><T95/><D36/><U43/><E43/><AGARI ba="0,0" hai="20,27,31,43,47,48,70,71,72,77,82" m="50187" machi="43" ten="30,2000,0" yaku="19,1,52,1" doraHai="105" who="2" fromWho="1" sc="248,0,290,-20,226,20,236,0" /><INIT seed="2,0,0,1,2,52" ten="248,270,246,236" oya="2" hai0="13,135,44,50,31,76,110,123,41,1,57,107,53" hai1="17,117,94,96,66,131,54,124,69,3,5,88,106" hai2="61,101,133,9,64,0,82,45,93,75,134,114,77" hai3="103,27,90,35,23,71,91,11,15,105,14,70,33"/><V92/><F114/><W125/><G125/><T43/><D1/><U127/><E117/><V58/><F101/><W10/><G105/><T121/><D107/><U42/><E42/><V99/><F99/><W47/><G103/><T74/><D110/><U126/><E131/><V78/><F78/><W4/><G47/><T113/><D113/><U22/><E106/><V49/><F9/><W18/><G70/><T104/><D104/><U68/><E54/><V24/><F24/><W112/><G71/><T21/><D135/><N who="2" m="51722" /><F0/><W29/><G90/><T62/><D74/><U59/><E3/><V116/><F116/><W87/><G87/><T20/><D76/><U115/><E5/><V65/><F65/><W40/><G91/><T48/><D31/><U89/><E89/><V98/><F98/><W120/><G40/><AGARI ba="0,0" hai="40,45,49,58,61,64,75,77,82,92,93" m="51722" machi="40" ten="30,2900,0" yaku="20,1,52,1" doraHai="52" who="2" fromWho="3" sc="248,0,270,0,246,29,236,-29" /><INIT seed="2,1,0,2,3,96" ten="248,270,275,207" oya="2" hai0="130,124,69,108,71,12,41,85,89,86,0,98,31" hai1="135,121,113,95,94,100,16,123,4,73,15,18,82" hai2="107,118,134,56,33,5,10,74,34,46,23,39,76" hai3="32,25,7,105,1,70,40,106,101,68,91,11,9"/><V92/><F107/><W48/><G91/><T103/><D0/><U64/><E113/><V117/><F92/><W27/><G48/><T6/><D108/><U38/><E38/><V58/><F23/><W66/><G40/><T99/><D99/><N who="1" m="59511" /><E135/><V21/><F21/><W77/><G77/><T61/><D31/><U57/><E95/><V3/><F58/><W116/><G116/><N who="2" m="44649" /><F56/><W22/><G22/><T112/><D41/><U35/><E35/><V53/><F53/><W83/><G83/><T52/><D112/><U30/><E30/><V2/><F2/><W133/><G133/><T54/><D61/><N who="1" m="37935" /><E73/><V19/><F19/><W111/><G111/><T125/><D71/><U110/><E82/><N who="2" m="45335" /><F134/><W84/><G84/><T114/><D69/><U65/><E65/><V26/><F26/><W102/><G66/><T88/><D114/><U45/><E110/><V13/><F13/><W78/><G78/><T90/><D12/><U67/><E67/><V104/><F104/><W63/><G1/><T132/><D132/><U122/><E45/><V119/><F119/><W126/><G32/><T44/><D44/><U42/><E42/><AGARI ba="1,0" hai="3,5,10,33,34,39,42,46" m="45335,44649" machi="42" ten="30,2900,0" yaku="25,1,23,1" doraHai="96" who="2" fromWho="1" sc="248,0,270,-32,275,32,207,0" /><INIT seed="2,2,0,2,0,76" ten="248,238,307,207" oya="2" hai0="21,83,17,54,10,114,116,98,32,3,29,87,63" hai1="120,101,85,20,93,39,50,71,89,105,52,75,79" hai2="38,49,44,132,64,99,108,37,13,43,23,58,65" hai3="61,90,88,97,0,1,28,133,4,11,81,8,122"/><V134/><F99/><W57/><G122/><T125/><D114/><U36/><E71/><V15/><F23/><W73/><G28/><T92/><D125/><U119/><E119/><V106/><F106/><W33/><G33/><T74/><D74/><U7/><E120/><V94/><F94/><W41/><G41/><T67/><D54/><U2/><E20/><V131/><F13/><W72/><G133/><N who="2" m="51305" /><F15/><W82/><G97/><T56/><D32/><U9/><E105/><V126/><F126/><W124/><G124/><T5/><D29/><U127/><E101/><V14/><F14/><W112/><G112/><T16/><D21/><U118/><E118/><V6/><F6/><W77/><G57/><T123/><D123/><U30/><E30/><V42/><F108/><W129/><G61/><T35/><D35/><U70/><E70/><V100/><F100/><W51/><G51/><T18/><D116/><U117/><E117/><V102/><F102/><W46/><G46/><T19/><D19/><U80/><E127/><V12/><F12/><W86/><G86/><T26/><D26/><U60/><E60/><N who="2" m="37911" /><F131/><W128/><REACH who="3" step="1"/><G77/><REACH who="3" ten="248,238,307,197" step="2"/><T104/><D104/><U95/><REACH who="1" step="1"/><E93/><REACH who="1" ten="248,228,307,197" step="2"/><V115/><F115/><W78/><G78/><T59/><D92/><U25/><E25/><V62/><F42/><W22/><G22/><T103/><D103/><U31/><E31/><V68/><AGARI ba="2,2" hai="37,38,43,44,49,62,65,68" m="37911,51305" machi="68" ten="30,6000,0" yaku="20,1,34,2" doraHai="76" who="2" fromWho="2" sc="248,-22,228,-22,307,86,197,-22" /><INIT seed="2,3,0,4,4,118" ten="226,206,393,175" oya="2" hai0="2,95,103,88,82,44,9,45,14,79,22,131,110" hai1="81,69,54,46,91,28,122,124,94,52,53,35,25" hai2="27,115,135,66,105,38,5,23,106,37,6,125,97" hai3="73,19,26,102,90,114,120,18,85,107,62,113,36"/><V101/><F115/><N who="3" m="44043" /><G120/><T112/><D103/><U11/><E124/><V42/><F106/><W68/><G36/><T126/><D2/><U55/><E69/><V20/><F135/><W117/><G117/><T24/><D110/><U80/><E122/><V12/><F66/><N who="3" m="41047" /><G73/><T33/><D33/><U71/><E71/><V29/><F125/><W132/><G132/><T72/><D131/><U109/><E109/><V76/><F76/><W74/><G74/><T43/><D126/><U40/><N who="1" m="13312" /><DORA hai="32" /><U50/><REACH who="1" step="1"/><E11/><REACH who="1" ten="226,196,393,175" step="2"/><V123/><F123/><W119/><G119/><T65/><D112/><U41/><E41/><V8/><F42/><W7/><G7/><T93/><D9/><U10/><E10/><V83/><F6/><W60/><G60/><T75/><D43/><U128/><E128/><V133/><F133/><W104/><G26/><T58/><D58/><U16/><E16/><N who="3" m="6186" /><G102/><T86/><D65/><U61/><E61/><V111/><F27/><W4/><G4/><T17/><D45/><U98/><AGARI ba="3,1" hai="25,28,35,40,46,50,80,81,91,94,98" m="13312" machi="98" ten="40,5200,0" yaku="1,1,0,1,54,1,53,0" doraHai="118,32" doraHaiUra="100,59" who="1" fromWho="1" sc="226,-16,196,71,393,-29,175,-16" /><INIT seed="3,0,0,4,2,4" ten="210,267,364,159" oya="3" hai0="102,22,31,122,47,98,57,46,55,10,40,56,96" hai1="74,116,66,58,69,13,95,15,114,63,78,83,70" hai2="82,111,39,38,36,125,93,72,11,94,64,62,19" hai3="87,121,134,5,41,18,124,90,92,27,101,7,88"/><W50/><G121/><T35/><D35/><U99/><E114/><V33/><F111/><W52/><G124/><T23/><D122/><U0/><E0/><V103/><F33/><W32/><G41/><T75/><D75/><U133/><E133/><V73/><F125/><W42/><G42/><T60/><D56/><U6/><E116/><V49/><F49/><W118/><G118/><T85/><D85/><U135/><E15/><V67/><F103/><W117/><G117/><T97/><D102/><U54/><E54/><V9/><F19/><W119/><G119/><T51/><D31/><U44/><E44/><V131/><F131/><W105/><G105/><T107/><D107/><U61/><E61/><V126/><F126/><W37/><G37/><T120/><D120/><U43/><E135/><V30/><F30/><W53/><G134/><T89/><D89/><U110/><E110/><V79/><F62/><W84/><G32/><T80/><D80/><U77/><E77/><V48/><F48/><W109/><G109/><T20/><D47/><U14/><E14/><V113/><F113/><W45/><G101/><T100/><D100/><U130/><E130/><V29/><F29/><W21/><G53/><T68/><D68/><U2/><E69/><V26/><F39/><W115/><REACH who="3" step="1"/><G115/><REACH who="3" ten="210,267,364,149" step="2"/><T104/><D104/><U91/><E43/><V59/><F38/><W106/><G106/><T28/><D28/><U112/><E112/><V24/><F36/><W3/><G3/><T129/><D129/><U25/><E2/><V12/><F72/><W16/><G16/><T127/><D127/><RYUUKYOKU ba="0,1" sc="210,15,267,-15,364,-15,149,15" hai0="10,20,22,23,40,46,51,55,57,60,96,97,98" hai3="5,7,18,21,27,45,50,52,84,87,88,90,92" /><INIT seed="3,1,1,2,5,38" ten="225,252,349,164" oya="3" hai0="64,81,26,79,50,56,37,30,27,120,52,77,105" hai1="65,55,114,75,82,106,126,28,66,133,35,23,93" hai2="116,69,3,8,100,103,58,85,29,104,6,25,86" hai3="131,45,127,20,62,1,63,135,121,76,68,125,7"/><W12/><G121/><T113/><D37/><U122/><E35/><V97/><F69/><W4/><G76/><T36/><D36/><U19/><E106/><V9/><F9/><W24/><G1/><T124/><D105/><U51/><E28/><V87/><F103/><W43/><G131/><T10/><D120/><U71/><E133/><V31/><F116/><W109/><G135/><T49/><D124/><N who="3" m="47689" /><G109/><T130/><D130/><U83/><E93/><V108/><F108/><W98/><G98/><T78/><D64/><U42/><E82/><V22/><F58/><W46/><G68/><T73/><D113/><U41/><E71/><V102/><F102/><W54/><G12/><T39/><D39/><U132/><E132/><V89/><REACH who="2" step="1"/><F31/><REACH who="2" ten="225,252,339,164" step="2"/><N who="3" m="17799" /><G46/><T18/><D30/><U80/><E126/><V112/><F112/><W91/><G91/><AGARI ba="1,2" hai="3,6,8,22,25,29,85,86,87,89,91,97,100,104" machi="91" ten="40,1300,0" yaku="1,1,53,0" doraHai="38" doraHaiUra="40" who="2" fromWho="3" sc="225,0,252,0,339,36,164,-16" owari="225,-17.0,252,5.0,375,47.0,148,-35.0" /></mjloggm>