<mjloggm ver="2.3"><GO type="97" lobby="0"/><UN n0="%E5%85%A8%E5%B1%80%E5%8F%82%E5%8A%A0%E5%9E%8B%E9%9B%80%E5%A3%AB" n1="%E3%82%86%E3%82%8A%E3%81%82%E3%81%B4%E3%83%BC%E3%81%99%21%21" n2="%E5%B0%B1%E6%B4%BB%E7%94%9F%40%E5%B7%9D%E6%9D%91%E8%BB%8D%E5%9B%A3" n3="%4D%41%52%4C%4F%4E" dan="14,14,16,13" rate="1990.24,1909.40,2080.22,1861.53" sx="M,F,M,M"/><TAIKYOKU oya="0"/><INIT seed="0,0,0,0,4,68" ten="250,250,250,250" oya="0" hai0="65,34,89,66,58,25,5,96,97,101,31,86,69" hai1="47,88,100,99,36,18,81,32,129,118,30,116,84" hai2="90,92,103,77,60,54,94,52,73,125,110,11,107" hai3="111,123,19,80,113,55,12,35,26,17,33,67,0"/><T53/><D5/><U23/><E129/><V95/><F125/><W131/><G67/><T121/><D121/><U37/><E32/><V135/><F135/><W130/><G80/><T115/><D115/><U72/><E30/><V85/><F110/><W64/><G64/><T128/><D128/><N who="3" m="49193" /><G55/><T13/><D13/><U10/><E10/><V16/><F73/><W2/><G113/><T40/><D40/><U22/><E72/><V9/><F77/><W93/><G93/><N who="2" m="35945" /><F107/><W59/><G59/><T49/><D69/><U39/><E47/><V43/><F43/><W29/><G111/><T122/><D122/><U28/><E28/><V104/><F104/><W127/><G127/><T46/><D101/><U61/><E61/><V124/><F103/><W117/><G123/><T8/><D8/><N who="2" m="3146" /><F60/><W74/><G74/><T70/><D70/><U1/><E1/><N who="3" m="618" /><G117/><T7/><D7/><U87/><E87/><V38/><F38/><W114/><G114/><T112/><D112/><U57/><E57/><V20/><F124/><W45/><G45/><T91/><D91/><U106/><REACH who="1" step="1"/><E23/><REACH who="1" ten="250,240,250,250" step="2"/><V78/><F78/><W63/><G63/><T41/><D66/><U119/><E119/><V48/><F48/><W27/><G12/><AGARI ba="0,1" hai="12,18,22,36,37,39,81,84,88,99,100,106,116,118" machi="12" ten="40,12000,2" yaku="1,1,52,3,54,1,53,1" doraHai="68" doraHaiUra="15" who="1" fromWho="3" sc="250,0,240,130,250,0,250,-120" /><AGARI ba="0,0" hai="12,16,20,52,54,85,90,95" m="3146,35945" machi="12" ten="30,3900,0" yaku="8,1,54,2" doraHai="68" who="2" fromWho="3" sc="250,0,370,0,250,39,130,-39" /><INIT seed="1,0,0,2,1,98" ten="250,370,289,91" oya="1" hai0="43,1,81,101,20,42,89,31,41,27,107,53,132" hai1="69,64,4,5,40,32,104,125,30,65,122,55,0" hai2="22,47,84,35,115,56,63,2,124,111,36,83,91" hai3="117,9,126,58,99,76,7,80,90,134,54,57,50"/><U95/><E104/><V114/><F35/><W129/><G126/><T51/><D1/><U112/><E112/><N who="2" m="43051" /><F2/><W106/><G129/><T127/><D127/><U26/><E125/><V25/><F124/><W72/><G134/><T82/><D132/><U105/><E105/><V60/><F111/><W38/><G38/><T74/><D74/><U87/><E122/><V44/><F36/><W67/><G117/><T113/><D113/><U52/><E40/><V59/><F59/><W23/><G23/><T12/><D12/><U75/><E75/><V131/><F131/><W109/><G109/><T79/><D79/><U45/><E69/><V46/><F56/><W93/><G106/><T70/><D70/><U61/><E55/><V19/><AGARI ba="0,0" hai="19,22,25,44,46,47,60,63,83,84,91" m="43051" machi="19" ten="30,1100,0" yaku="11,1" doraHai="98" who="2" fromWho="2" sc="250,-3,370,-5,289,11,91,-3" /><INIT seed="2,0,0,0,5,135" ten="247,365,300,88" oya="2" hai0="103,100,67,111,38,12,52,18,40,55,31,48,83" hai1="124,13,47,133,81,50,106,59,24,95,35,53,125" hai2="1,36,82,42,37,94,11,58,109,96,77,20,65" hai3="101,10,84,56,25,121,19,39,29,97,118,104,34"/><V26/><F109/><W86/><G121/><T60/><D111/><U5/><E106/><V110/><F110/><W115/><G118/><T16/><D31/><U27/><E133/><V128/><F128/><W66/><G115/><T49/><D38/><U129/><E129/><V126/><F126/><N who="1" m="48745" /><E81/><V28/><F42/><W15/><G39/><T51/><D83/><U76/><E76/><V117/><F117/><W62/><AGARI ba="0,0" hai="10,15,19,25,29,34,56,62,66,84,86,97,101,104" machi="62" ten="30,1100,0" yaku="0,1" doraHai="135" who="3" fromWho="3" sc="247,-3,365,-3,300,-5,88,11" /><INIT seed="3,0,0,1,4,39" ten="244,362,295,99" oya="3" hai0="124,30,10,54,73,70,130,111,47,81,49,37,48" hai1="23,110,113,93,133,127,86,72,105,90,28,134,51" hai2="62,75,96,95,71,99,79,103,83,107,8,21,7" hai3="11,59,104,126,20,5,84,88,122,77,109,33,1"/><W135/><G122/><T14/><D70/><U74/><E113/><V15/><F71/><W63/><G104/><T46/><D37/><U35/><E35/><V80/><F80/><W13/><G33/><T32/><D124/><U108/><E105/><V26/><F62/><W36/><G36/><T89/><D130/><U106/><E106/><V61/><F61/><W31/><G126/><T100/><D100/><U2/><E2/><V101/><F26/><W4/><G135/><N who="1" m="51722" /><E127/><V102/><F21/><W34/><G109/><N who="1" m="42090" /><E51/><V55/><F55/><W45/><G45/><T69/><D69/><U16/><E28/><V6/><F102/><W121/><G121/><T92/><D111/><U25/><AGARI ba="0,0" hai="16,23,25,72,74,86,90,93" m="42090,51722" machi="25" ten="30,4000,0" yaku="20,1,14,1,54,1" doraHai="39" who="1" fromWho="1" sc="244,-10,362,40,295,-10,99,-20" owari="234,-17.0,402,50.0,285,9.0,79,-42.0" /></mjloggm>