<mjloggm ver="2.3"><GO type="41" lobby="0"/><UN n0="%E5%B0%B1%E6%B4%BB%E7%94%9F%40%E5%B7%9D%E6%9D%91%E8%BB%8D%E5%9B%A3" n1="%EF%BC%88%E4%BB%AE%EF%BC%89" n2="%79%75%73%68%69%2A%2A" n3="%E3%81%AC%E3%81%8F%E5%A4%AA" dan="15,15,13,13" rate="1972.32,2038.67,1850.26,1869.71" sx="M,M,M,F"/><TAIKYOKU oya="0"/><INIT seed="0,0,0,2,3,20" ten="250,250,250,250" oya="0" hai0="97,119,90,58,55,103,113,45,122,49,114,98,0" hai1="44,31,1,95,87,71,16,51,33,134,21,117,63" hai2="86,77,125,131,2,133,62,106,75,130,5,18,111" hai3="53,10,124,12,61,23,93,54,15,3,74,79,96"/><T36/><D122/><U19/><E117/><V50/><F106/><W6/><G124/><T34/><D119/><U8/><E134/><V126/><F75/><W109/><G74/><T73/><D0/><U52/><E33/><V9/><F62/><W127/><G79/><T115/><D73/><U120/><E120/><V102/><F102/><W67/><G127/><N who="2" m="48649" /><F50/><W4/><G109/><T27/><D90/><N who="1" m="53727" /><E71/><V121/><F77/><W46/><G6/><T89/><D89/><U92/><E1/><V123/><F86/><W82/><G46/><T81/><D81/><U72/><E72/><V40/><F40/><W64/><G82/><T128/><D128/><N who="2" m="49194" /><F111/><W135/><G135/><T80/><D80/><U104/><E104/><V38/><F38/><W60/><G23/><T118/><D118/><U35/><E35/><V7/><F7/><W84/><G84/><T65/><D103/><U37/><E37/><V101/><F101/><W28/><G4/><T107/><D107/><U11/><E63/><V91/><F91/><W88/><G3/><T129/><D129/><U57/><E92/><V29/><F29/><W108/><G28/><T41/><D65/><U14/><E44/><V105/><F105/><W78/><G108/><T132/><D132/><U76/><E76/><V42/><F133/><W25/><G78/><T59/><D59/><U110/><E110/><V83/><F83/><W94/><G94/><T43/><D43/><U99/><E99/><V24/><F42/><W30/><G96/><T39/><D39/><U116/><E31/><V70/><F70/><W112/><G30/><RYUUKYOKU ba="0,0" sc="250,15,250,-15,250,15,250,-15" hai0="27,34,36,41,45,49,55,58,97,98,113,114,115" hai2="2,5,9,18,24,121,123" /><INIT seed="0,1,0,4,1,2" ten="265,235,265,235" oya="0" hai0="48,55,110,132,89,58,9,90,104,107,11,15,23" hai1="120,47,91,66,111,54,26,69,31,99,4,68,87" hai2="134,44,95,74,133,125,45,129,24,126,123,93,98" hai3="100,76,34,135,109,105,70,81,0,72,114,1,102"/><T27/><D132/><N who="2" m="50794" /><F74/><W97/><G135/><T33/><D33/><U29/><E120/><V131/><F123/><W115/><G70/><T20/><D110/><U75/><E111/><V59/><F24/><W46/><G109/><T116/><D116/><U22/><E75/><V28/><F28/><W51/><G102/><T60/><D20/><U18/><E99/><V82/><F82/><W5/><G34/><T53/><D104/><U103/><E103/><N who="2" m="60879" /><F59/><W8/><REACH who="3" step="1"/><G1/><REACH who="3" ten="265,235,265,225" step="2"/><T12/><D107/><U119/><E68/><V67/><F95/><W19/><G19/><N who="0" m="12799" /><D90/><U14/><E119/><V106/><F106/><W94/><G94/><T78/><D89/><U50/><E69/><V38/><F67/><W80/><G80/><T121/><D78/><U10/><REACH who="1" step="1"/><E66/><REACH who="1" ten="265,225,265,225" step="2"/><V56/><F56/><W52/><AGARI ba="1,2" hai="0,5,8,46,51,52,72,76,81,97,100,105,114,115" machi="52" ten="20,8000,1" yaku="1,1,0,1,7,1,52,1,54,1,53,0" doraHai="2" doraHaiUra="128" who="3" fromWho="3" sc="265,-41,225,-21,265,-21,225,103" /><INIT seed="1,0,0,1,4,13" ten="224,204,244,328" oya="1" hai0="60,21,88,50,16,59,80,19,108,105,130,3,112" hai1="14,133,78,66,56,87,55,114,42,7,124,38,17" hai2="100,122,134,135,72,102,46,39,27,52,61,86,63" hai3="125,117,113,76,132,84,115,34,127,62,79,6,123"/><U22/><E114/><N who="3" m="43530" /><G34/><T49/><D105/><U41/><E124/><N who="3" m="47690" /><G6/><T25/><D3/><U77/><E133/><N who="2" m="50699" /><F72/><W54/><G132/><T48/><D130/><U69/><E38/><V101/><F122/><W43/><G43/><N who="1" m="16394" /><E69/><V73/><F73/><W29/><G29/><N who="0" m="17583" /><D108/><U4/><E66/><V12/><F39/><W107/><G107/><T30/><D30/><U65/><E65/><V23/><F12/><W129/><G123/><T93/><D80/><N who="1" m="47503" /><E78/><V36/><F86/><W74/><G129/><T68/><D68/><U45/><E45/><V128/><F128/><W37/><G37/><T96/><D112/><U10/><E22/><V75/><F75/><W5/><G74/><T110/><D110/><U57/><E57/><V51/><F36/><W119/><G5/><T1/><D1/><U58/><E58/><V98/><F98/><W89/><G62/><AGARI ba="0,0" hai="4,7,10,14,17,55,56,62" m="47503,16394" machi="62" ten="30,2900,0" yaku="8,1,52,1" doraHai="13" who="1" fromWho="3" sc="224,0,204,29,244,0,328,-29" /><INIT seed="1,1,0,4,1,64" ten="224,233,244,299" oya="1" hai0="103,135,92,7,26,100,83,69,66,42,14,126,127" hai1="99,30,95,49,19,105,46,107,111,54,61,81,96" hai2="40,53,78,27,88,60,112,47,44,124,128,59,39" hai3="32,56,48,87,129,65,21,25,17,75,37,101,9"/><U33/><E33/><V6/><F78/><W110/><G110/><T82/><D42/><U97/><E30/><V72/><F72/><W125/><G125/><N who="0" m="47627" /><D26/><U130/><E130/><V34/><F124/><W118/><G129/><T85/><D135/><U131/><E131/><V104/><F128/><W10/><G37/><T122/><D122/><U45/><E81/><V106/><F6/><W29/><G75/><T76/><D92/><U71/><E45/><V86/><F112/><W50/><G101/><T8/><D83/><U102/><E111/><V90/><F90/><W43/><G118/><T15/><D15/><U80/><E80/><V93/><F47/><W113/><G43/><T116/><D116/><U23/><E105/><V55/><F53/><W58/><G113/><T35/><D35/><U68/><E61/><AGARI ba="1,0" hai="7,8,14,61,66,69,76,82,85,100,103" m="47627" machi="61" ten="30,2000,0" yaku="18,1,52,1" doraHai="64" who="0" fromWho="1" sc="224,23,233,-23,244,0,299,0" /><INIT seed="2,0,0,3,4,90" ten="247,210,244,299" oya="2" hai0="22,97,115,4,134,95,40,39,51,86,125,55,74" hai1="104,25,35,59,31,108,102,14,83,67,33,64,7" hai2="49,78,89,100,23,103,107,75,116,110,34,17,27" hai3="15,80,3,76,19,29,85,46,99,114,124,122,36"/><V54/><F34/><W21/><G122/><T66/><D74/><U113/><E113/><V109/><F116/><W88/><G3/><T0/><D125/><U2/><E108/><N who="2" m="41579" /><F107/><W120/><G124/><T48/><D134/><U42/><E2/><V92/><F75/><W81/><G114/><T52/><D115/><U12/><E33/><V58/><F78/><W60/><G99/><AGARI ba="0,0" hai="17,23,27,49,54,58,89,92,99,100,103" m="41579" machi="99" ten="30,5800,0" yaku="14,1,10,1,52,1" doraHai="90" who="2" fromWho="3" sc="247,0,210,0,244,58,299,-58" /><INIT seed="2,1,0,3,1,133" ten="247,210,302,241" oya="2" hai0="125,19,37,22,98,96,11,130,99,100,89,52,28" hai1="56,127,51,79,16,10,97,60,43,7,23,110,0" hai2="58,71,63,74,32,13,68,46,15,112,95,47,55" hai3="70,93,113,65,36,21,73,134,75,111,42,128,57"/><V54/><F74/><W1/><G93/><T109/><D37/><U39/><E110/><V88/><F32/><W83/><G111/><T9/><D109/><U132/><E132/><V8/><F112/><W48/><G134/><T53/><D130/><U17/><E39/><V78/><F78/><W6/><G128/><T40/><D40/><U84/><E97/><V49/><F46/><W124/><G21/><T66/><D66/><U116/><E116/><V59/><F47/><W26/><G26/><T31/><D125/><U102/><E102/><V62/><F49/><W107/><G124/><T126/><D126/><U25/><E127/><V5/><REACH who="2" step="1"/><F15/><REACH who="2" ten="247,210,292,241" step="2"/><W72/><G113/><T69/><D69/><U38/><E51/><V123/><F123/><W105/><G70/><T81/><D100/><U18/><E38/><V14/><F14/><W91/><G36/><T45/><D45/><U44/><E44/><V92/><F92/><W129/><G72/><T122/><D122/><U80/><E43/><V117/><F117/><W131/><G73/><T101/><D101/><U30/><E60/><V120/><F120/><W108/><G75/><T2/><D2/><U118/><E118/><V64/><F64/><W94/><G65/><T82/><D89/><U135/><E135/><V104/><F104/><W41/><G107/><T20/><D82/><U29/><E56/><V76/><F76/><W35/><G83/><T12/><D81/><U106/><E106/><V50/><F50/><W24/><G1/><T67/><D67/><U61/><E61/><V33/><F33/><W115/><G35/><RYUUKYOKU ba="1,1" sc="247,-15,210,15,292,15,241,-15" hai1="0,7,10,16,17,18,23,25,29,30,79,80,84" hai2="5,8,13,54,55,58,59,62,63,68,71,88,95" /><INIT seed="2,2,1,3,2,78" ten="232,225,307,226" oya="2" hai0="12,135,116,84,133,103,61,47,51,114,45,40,112" hai1="66,15,52,96,130,121,107,119,17,38,20,106,42" hai2="110,105,91,94,0,35,90,26,123,57,73,75,131" hai3="62,85,109,13,8,25,108,23,86,101,122,124,117"/><V104/><F0/><W120/><G124/><T5/><D103/><U11/><E119/><V7/><F7/><W79/><G117/><T22/><D84/><U37/><E66/><V55/><F123/><W113/><G101/><T16/><D116/><U69/><E69/><V39/><F39/><W98/><G98/><T89/><D5/><U1/><E130/><V95/><F35/><W87/><G113/><T63/><D89/><N who="2" m="33802" /><F57/><W82/><G8/><T31/><D31/><U4/><E121/><V72/><F55/><W41/><G41/><T65/><D47/><U97/><E96/><V29/><F26/><W30/><G13/><T53/><D40/><U24/><E42/><V76/><F29/><W34/><G34/><T125/><D125/><U100/><E106/><N who="2" m="41067" /><F131/><W54/><G122/><T134/><D63/><U115/><E115/><V77/><F110/><N who="3" m="42603" /><G120/><T60/><D61/><U50/><REACH who="1" step="1"/><E1/><REACH who="1" ten="232,215,307,226" step="2"/><V14/><F14/><W3/><G3/><T129/><D129/><U64/><E64/><V36/><F36/><W128/><G128/><T68/><AGARI ba="2,2" hai="12,16,22,45,51,53,60,65,68,112,114,133,134,135" machi="68" ten="30,4000,0" yaku="0,1,20,1,54,1" doraHai="78" who="0" fromWho="0" sc="232,66,215,-12,307,-22,226,-12" /><INIT seed="3,0,0,0,3,97" ten="298,203,285,214" oya="3" hai0="91,23,42,116,105,40,36,76,106,38,37,87,50" hai1="114,14,94,26,55,134,18,83,75,73,64,59,41" hai2="24,53,61,110,125,84,86,13,15,72,74,123,22" hai3="19,51,92,2,63,34,119,81,71,77,54,85,93"/><W99/><G34/><T117/><D76/><U35/><E114/><V82/><F86/><W25/><G2/><T111/><D23/><U57/><E134/><V67/><F123/><W68/><G119/><T70/><D70/><U7/><E41/><V5/><F125/><W49/><G92/><T12/><D12/><U88/><E7/><V124/><F124/><W43/><G71/><T79/><D79/><U95/><E94/><V10/><F15/><W52/><G68/><T47/><D111/><U78/><E64/><V33/><F33/><W107/><G107/><T44/><D106/><U98/><E35/><V45/><F110/><W104/><G104/><T112/><D105/><U4/><E4/><V131/><F131/><W126/><G126/><T39/><REACH who="0" step="1"/><D112/><REACH who="0" ten="288,203,285,214" step="2"/><U32/><E32/><V103/><F72/><W120/><G120/><T20/><D20/><N who="1" m="13591" /><E14/><V128/><F74/><W133/><G133/><T58/><D58/><U135/><E135/><V62/><F128/><W3/><G3/><T113/><D113/><U46/><E73/><V115/><F115/><W16/><G25/><T28/><D28/><U1/><E1/><V56/><F22/><W48/><G43/><T101/><D101/><U118/><E57/><V21/><F103/><N who="3" m="60911" /><G63/><T17/><D17/><AGARI ba="0,1" hai="16,17,19,48,49,51,52,54,77,81,85" m="60911" machi="17" ten="30,11600,0" yaku="8,1,52,1,54,2" doraHai="97" who="3" fromWho="0" sc="288,-116,203,0,285,0,214,126" /><INIT seed="3,1,0,0,2,103" ten="172,203,285,340" oya="3" hai0="115,8,62,79,43,83,73,36,58,100,61,25,3" hai1="17,47,78,26,98,14,21,28,72,84,37,60,44" hai2="53,74,122,71,132,130,48,23,92,59,30,55,42" hai3="95,63,7,66,68,57,94,11,125,67,121,96,49"/><W1/><G121/><T38/><D115/><U126/><E126/><V89/><F74/><W50/><G125/><T2/><D100/><U119/><E119/><V39/><F122/><W104/><G67/><T76/><D76/><U19/><E72/><V29/><F130/><W77/><G77/><T0/><D61/><U54/><E37/><V10/><F132/><W105/><G95/><T46/><D36/><U16/><E98/><V118/><F118/><W27/><G27/><T70/><D25/><U110/><E110/><V56/><F71/><W99/><G99/><T101/><D101/><U51/><E60/><V65/><F65/><W86/><G86/><T91/><D91/><U82/><REACH who="1" step="1"/><E44/><REACH who="1" ten="172,193,285,340" step="2"/><V31/><F39/><W135/><G135/><T15/><D70/><U80/><E80/><V131/><F131/><W85/><G68/><T107/><D107/><U128/><E128/><V106/><F106/><W114/><G114/><T120/><D120/><U133/><E133/><V134/><F134/><W75/><G75/><T109/><D109/><U69/><E69/><V32/><F32/><AGARI ba="1,1" hai="14,16,17,19,21,26,28,32,47,51,54,78,82,84" machi="32" ten="30,3900,0" yaku="1,1,7,1,54,1,53,0" doraHai="103" doraHaiUra="87" who="1" fromWho="2" sc="172,0,193,52,285,-42,340,0" /><INIT seed="4,0,0,0,5,130" ten="172,245,243,340" oya="0" hai0="65,35,120,101,49,24,115,80,31,7,84,98,110" hai1="68,66,28,3,20,126,124,60,36,26,27,114,59" hai2="51,62,12,89,58,81,1,134,74,46,13,25,37" hai3="76,118,22,10,132,108,48,128,67,64,106,90,61"/><T72/><D120/><U45/><E3/><V113/><F37/><W104/><G108/><T69/><D110/><U11/><E11/><V53/><F113/><W34/><G128/><T14/><D115/><U86/><E114/><V23/><F1/><W4/><G34/><T5/><D72/><U19/><E86/><V9/><F74/><W39/><G22/><T6/><D49/><U77/><E77/><V129/><F129/><W93/><G76/><T50/><D50/><U43/><REACH who="1" step="1"/><E68/><REACH who="1" ten="172,235,243,340" step="2"/><V96/><F9/><W15/><G118/><T111/><D111/><U75/><E75/><V8/><F8/><W85/><G106/><T117/><D117/><U30/><E30/><V88/><F81/><W127/><G104/><T112/><D112/><U131/><E131/><V52/><F89/><W99/><G90/><T91/><D69/><U38/><E38/><V18/><F134/><W2/><G132/><T71/><D71/><U16/><E16/><V70/><REACH who="2" step="1"/><F70/><REACH who="2" ten="172,235,233,340" step="2"/><W78/><G85/><T109/><D109/><U119/><E119/><V123/><F123/><W40/><G10/><T107/><D65/><U83/><E83/><V121/><F121/><W92/><G67/><T32/><D32/><AGARI ba="0,2" hai="19,20,26,27,28,32,36,43,45,59,60,66,124,126" machi="32" ten="40,1300,0" yaku="1,1,53,0" doraHai="130" doraHaiUra="33" who="1" fromWho="0" sc="172,-13,235,33,233,0,340,0" /><INIT seed="5,0,0,0,0,47" ten="159,268,233,340" oya="1" hai0="13,79,127,1,84,39,31,48,55,70,117,37,126" hai1="30,83,24,35,68,106,29,58,94,96,32,123,50" hai2="17,36,10,108,104,122,82,76,23,95,100,89,14" hai3="135,112,42,132,131,0,115,9,116,87,102,61,65"/><U105/><E123/><V12/><F36/><W8/><G42/><T118/><D1/><U110/><E68/><V101/><F108/><W59/><G116/><N who="0" m="44651" /><D31/><U11/><E110/><V88/><F122/><W93/><G0/><T19/><D79/><U4/><E83/><V77/><F104/><W27/><G27/><T46/><D84/><U62/><E30/><V3/><F3/><W78/><G102/><T22/><D13/><U98/><E32/><V75/><F77/><W90/><G78/><T38/><D22/><U56/><E96/><V69/><F69/><W40/><G40/><T111/><D19/><U49/><E106/><V2/><F2/><W28/><G28/><T120/><D120/><U114/><E105/><V72/><F72/><W54/><G65/><T119/><N who="0" m="44659" /><T133/><DORA hai="20" /><D133/><N who="3" m="51273" /><G131/><T128/><D111/><U43/><E43/><V107/><F107/><W7/><G7/><T113/><D113/><AGARI ba="0,0" hai="8,9,54,59,61,87,90,93,112,113,115" m="51273" machi="113" ten="30,2000,0" yaku="15,1,20,1" doraHai="47,20" who="3" fromWho="0" sc="159,-20,268,0,233,0,340,20" /><INIT seed="6,0,0,0,0,85" ten="139,268,233,360" oya="2" hai0="64,135,83,13,97,7,66,59,14,62,26,128,78" hai1="91,99,31,35,9,8,124,92,107,115,55,47,134" hai2="53,82,79,46,3,90,130,77,105,93,103,119,120" hai3="114,4,19,129,42,58,84,2,51,110,18,100,71"/><V111/><F3/><W50/><G71/><T132/><D128/><U108/><E108/><V95/><F120/><W1/><G129/><T80/><D132/><U104/><E134/><V54/><F130/><W126/><G110/><T121/><D121/><U88/><E35/><V76/><F111/><W70/><G100/><T123/><D123/><U89/><E31/><V45/><F119/><W43/><G70/><T87/><D135/><U109/><E109/><V33/><F33/><W112/><G84/><T68/><D7/><U16/><E115/><N who="3" m="44074" /><G4/><T23/><D97/><U27/><E124/><V81/><F105/><W61/><G126/><T10/><D10/><N who="1" m="4203" /><E104/><V125/><F125/><W94/><G94/><N who="2" m="35849" /><F103/><W72/><G72/><T106/><D106/><U75/><E75/><V11/><F11/><W12/><G12/><T118/><D118/><U28/><E28/><V17/><F17/><N who="3" m="6155" /><G2/><T24/><D68/><U101/><E107/><V48/><F90/><N who="1" m="23041" /><U22/><DORA hai="122" /><E47/><N who="2" m="17931" /><F48/><N who="3" m="18475" /><G1/><T20/><D87/><U32/><E32/><V15/><F15/><W102/><G102/><T5/><D5/><U44/><E44/><V39/><F39/><W86/><G86/><T34/><D34/><U73/><E73/><V52/><AGARI ba="0,0" hai="52,53,54,76,77,79,81,82" m="17931,35849" machi="52" ten="40,12000,1" yaku="28,2,8,1,54,1" doraHai="85,122" who="2" fromWho="2" sc="139,-40,268,-40,233,120,360,-40" /><INIT seed="6,1,0,0,4,19" ten="99,228,353,320" oya="2" hai0="28,86,103,97,36,39,130,108,93,102,64,3,48" hai1="123,8,66,114,43,35,89,1,67,85,24,49,10" hai2="109,25,122,51,74,37,96,47,22,62,92,127,120" hai3="125,65,112,34,2,27,116,75,46,100,98,105,134"/><V115/><F74/><W73/><G134/><T71/><D108/><U79/><E114/><V53/><F115/><W17/><G125/><T56/><D130/><U54/><E123/><V76/><F127/><W124/><G124/><T44/><D3/><U16/><E79/><V94/><F109/><W40/><G2/><T126/><D126/><U68/><E43/><V78/><F37/><W129/><G129/><T29/><D71/><U131/><E131/><V111/><F111/><W4/><G116/><T42/><D39/><U57/><E68/><V58/><F94/><W18/><G4/><T80/><D102/><U63/><E35/><V106/><F106/><W23/><G18/><T13/><D13/><U60/><E1/><V20/><F122/><W7/><G7/><T104/><D104/><U90/><E89/><V0/><F0/><W117/><G117/><T91/><REACH who="0" step="1"/><D36/><REACH who="0" ten="89,228,353,320" step="2"/><U33/><E33/><V61/><F120/><W132/><G112/><T84/><D84/><U88/><E85/><V95/><F62/><AGARI ba="1,1" hai="28,29,42,44,48,56,62,64,80,86,91,93,97,103" machi="62" ten="40,5200,0" yaku="1,1,8,1,53,1" doraHai="19" doraHaiUra="83" who="0" fromWho="2" sc="89,65,228,0,353,-55,320,0" /><INIT seed="7,0,0,3,3,18" ten="154,228,298,320" oya="3" hai0="43,84,99,130,67,62,14,34,36,128,60,39,68" hai1="105,116,122,61,79,89,82,123,70,27,124,69,42" hai2="90,45,132,87,37,71,94,54,110,83,3,44,8" hai3="28,64,65,30,112,16,11,23,114,126,111,104,2"/><W40/><G104/><T78/><D34/><U4/><E105/><V74/><F71/><W63/><G40/><T100/><D14/><U80/><E4/><V50/><F110/><W133/><G111/><T113/><D84/><U12/><E42/><V53/><F132/><W134/><G126/><T131/><D78/><U95/><E124/><V33/><F33/><W58/><G65/><T22/><D113/><N who="3" m="43625" /><G2/><T35/><D35/><U102/><E102/><V76/><F37/><W19/><G11/><T10/><D10/><U5/><E116/><V29/><F29/><N who="3" m="11371" /><G19/><T106/><D43/><U21/><E122/><V49/><F8/><W31/><G31/><T92/><D92/><U135/><E123/><V127/><F127/><W26/><AGARI ba="0,0" hai="16,23,26,58,63,64,133,134" m="11371,43625" machi="26" ten="30,6000,0" yaku="15,1,52,1,54,1" doraHai="18" who="3" fromWho="3" sc="154,-20,228,-20,298,-20,320,60" owari="134,-37.0,208,-19.0,278,8.0,380,48.0" /></mjloggm>