<mjloggm ver="2.3"><GO type="225" lobby="0"/><UN n0="%E3%83%88%E3%83%88%E3%83%AA%E5%85%88%E7%94%9F%31%39%E6%AD%B3" n1="%E3%82%AD%E3%83%B3%E3%82%B0%E3%81%B9%E3%83%92%E3%82%93%E3%82%82%E3%82%B9" n2="%E3%81%86%E3%81%A9%E3%82%93%E5%B1%8B" n3="%E2%98%86%E9%BB%84%E7%80%AC%E3%82%84%E3%82%88%E3%81%84%E2%98%86" dan="17,16,17,17" rate="2233.30,2050.97,2133.90,2142.79" sx="F,M,M,M"/><TAIKYOKU oya="0"/><INIT seed="0,0,0,4,5,77" ten="250,250,250,250" oya="0" hai0="67,52,119,81,1,3,76,64,38,26,108,30,89" hai1="74,13,134,68,70,19,107,11,73,47,44,104,24" hai2="116,69,51,61,92,55,54,79,95,33,91,128,122" hai3="29,35,130,53,115,97,132,42,82,46,112,18,114"/><T111/><D119/><U80/><E134/><V105/><F105/><W84/><G132/><T93/><D38/><U12/><E24/><V17/><F122/><W50/><G130/><T21/><D3/><U99/><E99/><V129/><F33/><W131/><G131/><N who="2" m="50249" /><F79/><W15/><G97/><N who="0" m="57519" /><D52/><N who="2" m="20010" /><F51/><W56/><G29/><T88/><D1/><U5/><E19/><V124/><F124/><W27/><G35/><T16/><D88/><U94/><E94/><V20/><F116/><W22/><G27/><T37/><D37/><U78/><E78/><V106/><F106/><W72/><G72/><T66/><D30/><U109/><E11/><V9/><F9/><W102/><G102/><T7/><D7/><U14/><E14/><N who="2" m="9271" /><F91/><W103/><G103/><T65/><N who="0" m="16384" /><DORA hai="113" /><T32/><D32/><U123/><E5/><V2/><F69/><W6/><G6/><T62/><D111/><U75/><E75/><V121/><F121/><W83/><REACH who="3" step="1"/><G84/><REACH who="3" ten="250,250,250,240" step="2"/><N who="0" m="48167" /><D108/><U49/><E109/><V28/><F28/><W125/><G125/><T41/><D62/><AGARI ba="0,1" hai="15,18,22,42,46,50,53,56,62,82,83,112,114,115" machi="62" ten="40,8000,1" yaku="1,1,52,2,53,1" doraHai="77,113" doraHaiUra="100,58" who="3" fromWho="0" sc="250,-80,250,0,250,0,240,90" /><INIT seed="1,0,0,3,3,47" ten="170,250,250,330" oya="1" hai0="70,55,119,122,25,64,26,40,24,72,123,132,90" hai1="50,10,107,63,105,91,3,42,31,32,108,54,126" hai2="95,58,102,38,17,57,68,76,94,133,82,128,0" hai3="97,8,59,69,88,16,41,13,89,87,77,34,106"/><U79/><E79/><V14/><F68/><W53/><G69/><T30/><D119/><U62/><E126/><V83/><F0/><W56/><G34/><T86/><D72/><U117/><E117/><V61/><F38/><W100/><G41/><T113/><D113/><U28/><E42/><V130/><F133/><W1/><G1/><T22/><D132/><U39/><E39/><V116/><F116/><W67/><G67/><T112/><D112/><U11/><E105/><V92/><F102/><W65/><G65/><T27/><D40/><U21/><E107/><V5/><F5/><W48/><G59/><N who="2" m="22537" /><F61/><N who="1" m="23049" /><E32/><V6/><F6/><W96/><G97/><T52/><D64/><U127/><E3/><V75/><F75/><W84/><G77/><T109/><D109/><U15/><E127/><V114/><F76/><W23/><G8/><N who="1" m="3114" /><E108/><V33/><F33/><W37/><G37/><T36/><D70/><U20/><E91/><V46/><F114/><W2/><G2/><T19/><D36/><U124/><E124/><V118/><F118/><W74/><G74/><T135/><D135/><U12/><E12/><V115/><F115/><W85/><AGARI ba="0,0" hai="13,16,23,48,53,56,84,85,87,88,89,96,100,106" machi="85" ten="30,7900,0" yaku="0,1,52,1,54,2" doraHai="47" who="3" fromWho="3" sc="170,-20,250,-39,250,-20,330,79" /><INIT seed="2,0,0,0,2,111" ten="150,211,230,409" oya="2" hai0="35,120,21,43,92,7,50,46,94,2,54,67,48" hai1="0,63,131,105,29,122,78,89,108,73,64,19,118" hai2="97,33,38,70,61,113,62,39,114,45,88,128,82" hai3="134,3,129,98,40,52,10,85,14,93,69,31,115"/><V23/><F33/><W76/><G52/><T37/><D120/><U47/><E118/><V5/><F5/><W90/><G31/><T79/><D35/><U104/><E0/><V109/><F109/><W41/><G69/><T119/><D119/><U58/><E108/><V116/><F116/><W30/><G3/><T77/><D50/><U49/><E122/><V28/><F128/><W100/><G30/><T17/><D79/><U107/><E131/><V86/><F97/><W36/><G76/><T16/><D17/><U72/><E29/><V26/><F39/><W34/><G34/><T59/><D77/><U91/><E19/><V80/><F80/><W106/><G129/><T123/><D123/><U65/><E65/><V127/><F127/><W103/><G103/><T6/><D6/><U95/><E78/><V27/><F27/><W56/><G134/><T75/><D75/><U22/><E22/><V24/><F24/><W102/><G102/><T20/><D20/><U42/><E91/><V25/><F25/><W125/><G125/><T55/><D55/><U133/><E133/><V57/><F70/><W44/><G36/><T9/><REACH who="0" step="1"/><D67/><REACH who="0" ten="140,211,230,409" step="2"/><U87/><AGARI ba="0,1" hai="42,47,49,58,63,64,72,73,87,89,95,104,105,107" machi="87" ten="30,1100,0" yaku="0,1" doraHai="111" who="1" fromWho="1" sc="140,-3,211,21,230,-5,409,-3" /><INIT seed="3,0,0,0,0,52" ten="137,232,225,406" oya="3" hai0="129,69,99,67,114,116,113,14,134,36,12,34,109" hai1="64,110,35,38,33,62,24,97,111,54,15,63,81" hai2="49,13,130,107,17,25,22,55,19,45,80,46,44" hai3="5,31,91,59,16,132,51,117,6,102,126,77,68"/><W96/><G68/><T76/><D34/><U9/><E38/><V57/><F107/><W8/><G77/><T124/><D36/><U127/><E127/><V41/><F130/><W43/><G31/><T11/><D116/><U61/><E54/><V39/><F80/><W7/><G91/><T89/><D129/><U26/><E64/><V18/><F18/><W119/><G132/><T135/><D76/><U74/><E97/><V123/><F123/><W100/><G43/><T47/><D124/><U30/><E74/><V32/><F32/><N who="1" m="12361" /><E81/><V112/><F112/><W79/><G51/><T122/><D122/><U98/><E98/><V133/><F133/><W21/><G59/><T121/><D121/><U128/><E30/><V94/><F94/><W105/><G79/><T28/><D28/><U66/><E66/><V56/><F57/><W131/><G102/><T50/><D109/><N who="1" m="41483" /><E128/><V86/><F86/><W42/><G131/><T75/><D75/><U104/><E104/><V65/><F65/><W3/><G105/><T27/><D27/><U60/><E60/><V37/><F39/><W103/><G96/><T10/><D67/><U78/><E78/><V82/><F82/><W23/><G126/><T72/><D72/><U48/><E48/><V20/><AGARI ba="0,0" hai="13,17,19,20,22,25,37,41,44,45,46,49,55,56" machi="20" ten="20,2700,0" yaku="0,1,7,1,52,1" doraHai="52" who="2" fromWho="2" sc="137,-7,232,-7,225,27,406,-13" owari="130,-37.0,225,-17.0,252,5.0,393,49.0" /></mjloggm>