<mjloggm ver="2.3"><GO type="169" lobby="0"/><UN n0="%79%61%6D%69" n1="%E5%B0%B1%E6%B4%BB%E7%94%9F%40%E5%B7%9D%E6%9D%91%E8%BB%8D%E5%9B%A3" n2="%61%69%73%79%6F" n3="%E3%82%A6%E3%83%92%E3%83%A7%E5%8A%A9" dan="17,17,18,16" rate="2160.85,2193.99,2213.07,2064.57" sx="M,M,M,M"/><TAIKYOKU oya="0"/><INIT seed="0,0,0,1,5,43" ten="250,250,250,250" oya="0" hai0="120,97,29,109,61,119,94,76,118,73,115,100,12" hai1="121,131,75,35,9,11,16,18,21,77,70,65,22" hai2="105,23,28,10,38,54,64,89,95,59,84,55,82" hai3="25,36,68,93,46,60,134,130,123,104,26,17,34"/><T111/><D115/><U86/><E75/><V32/><F105/><W87/><G123/><T81/><D120/><U31/><E121/><V69/><F32/><W71/><G104/><T80/><D29/><U27/><E131/><V50/><F38/><W96/><G130/><T56/><D12/><U106/><E106/><V3/><F69/><W101/><G134/><T132/><D132/><U98/><E70/><V44/><F64/><W41/><G87/><T85/><D56/><U113/><E65/><V42/><F3/><W62/><G26/><T15/><D15/><U45/><E98/><V66/><F10/><W117/><G117/><N who="0" m="44555" /><D61/><U125/><E125/><V49/><F82/><W52/><G62/><T107/><D107/><U2/><E113/><V110/><F66/><W91/><G101/><T14/><D14/><U5/><E45/><V8/><F8/><W122/><G122/><T99/><D99/><U74/><E11/><V57/><F57/><N who="3" m="34855" /><G34/><T51/><D51/><U128/><E128/><V47/><F59/><W126/><G126/><T108/><D81/><N who="1" m="47407" /><E35/><V53/><F53/><W24/><G24/><T4/><D4/><U83/><E22/><AGARI ba="0,0" hai="17,22,25,36,41,46,68,71,91,93,96" m="34855" machi="22" ten="30,3900,0" yaku="25,1,52,1,54,1" doraHai="43" who="3" fromWho="1" sc="250,0,250,-39,250,0,250,39" /><INIT seed="1,0,0,4,4,39" ten="250,211,250,289" oya="1" hai0="89,112,121,7,10,93,127,54,111,88,34,103,117" hai1="84,1,23,2,72,104,17,8,74,87,55,36,113" hai2="51,90,32,12,69,37,120,6,134,52,25,96,78" hai3="107,68,33,109,63,135,31,83,57,81,24,59,61"/><U119/><E119/><V41/><F69/><W0/><G0/><T79/><D112/><U122/><E104/><V38/><F120/><W62/><G107/><T115/><D115/><U11/><E122/><V95/><F78/><W101/><G109/><T98/><D117/><U26/><E36/><V110/><F110/><W15/><G135/><T46/><D111/><U94/><E113/><V125/><F125/><W49/><G68/><T128/><D121/><U100/><E72/><V77/><F77/><W106/><G15/><T30/><D79/><U48/><E74/><V130/><F130/><W40/><G106/><T75/><D75/><U118/><E118/><V133/><F12/><W56/><REACH who="3" step="1"/><G101/><REACH who="3" ten="250,211,250,279" step="2"/><T91/><D128/><U42/><E2/><V86/><F134/><W22/><G22/><T114/><D114/><U14/><E1/><V60/><F133/><W21/><G21/><T124/><D127/><U82/><E11/><V28/><F32/><W35/><G35/><T67/><D124/><U20/><E26/><V71/><F25/><W45/><AGARI ba="0,1" hai="24,31,33,40,45,49,56,57,59,61,62,63,81,83" machi="45" ten="40,8000,1" yaku="1,1,0,1,52,1,53,1" doraHai="39" doraHaiUra="47" who="3" fromWho="3" sc="250,-20,211,-40,250,-20,279,90" /><INIT seed="2,0,0,4,4,34" ten="230,171,230,369" oya="2" hai0="20,3,30,49,79,134,52,16,27,29,53,9,48" hai1="23,132,113,61,56,78,122,115,28,135,70,65,85" hai2="1,111,87,8,41,24,44,26,71,36,110,31,80" hai3="21,7,63,66,90,74,108,96,47,59,13,129,32"/><V125/><F71/><W73/><G32/><T38/><D38/><U10/><E28/><V77/><F125/><W42/><G108/><N who="2" m="41513" /><F31/><W69/><G69/><T19/><D134/><N who="1" m="51243" /><E23/><V95/><F95/><W46/><G129/><T35/><D30/><U93/><E93/><V55/><F55/><W75/><G42/><T133/><D133/><U50/><E85/><V12/><F1/><W104/><G90/><T82/><D49/><U98/><E98/><V120/><F120/><W62/><G62/><T76/><D48/><U92/><E92/><V105/><F105/><W54/><G66/><T40/><D40/><U45/><E78/><V57/><F57/><W58/><G58/><T43/><D43/><N who="1" m="24895" /><E10/><V37/><F37/><W86/><G86/><T5/><D79/><U68/><E122/><V91/><F91/><W89/><G21/><T83/><D83/><U67/><E67/><V84/><F84/><W112/><G104/><T127/><D127/><U114/><AGARI ba="0,0" hai="56,61,65,68,70,113,114,115" m="24895,51243" machi="114" ten="40,5200,0" yaku="20,1,34,2" doraHai="34" who="1" fromWho="1" sc="230,-13,171,52,230,-26,369,-13" /><INIT seed="3,0,0,2,5,67" ten="217,223,204,356" oya="3" hai0="8,68,14,83,90,130,70,98,78,42,80,89,66" hai1="103,121,84,75,38,27,47,120,101,119,4,108,109" hai2="39,32,65,131,21,10,35,23,76,94,128,107,28" hai3="55,0,36,129,134,133,50,46,58,77,19,54,113"/><W110/><G0/><T1/><D1/><U49/><E38/><V12/><F107/><W127/><G113/><T37/><D130/><N who="2" m="49706" /><F39/><W104/><G104/><T17/><D66/><U64/><E4/><V71/><F76/><W86/><G129/><T24/><D24/><U74/><E64/><V51/><F51/><W53/><G127/><T81/><D78/><U61/><E61/><N who="2" m="40367" /><F94/><W125/><G125/><T52/><D52/><N who="3" m="20073" /><G19/><T79/><D79/><U105/><E49/><V60/><F60/><N who="3" m="35935" /><G86/><T92/><REACH who="0" step="1"/><D90/><REACH who="0" ten="207,223,204,356" step="2"/><U9/><E27/><N who="2" m="18463" /><F35/><W100/><G77/><T43/><D43/><U117/><E75/><V20/><F10/><W96/><G134/><T33/><D33/><U97/><E9/><V11/><F11/><W56/><G133/><T106/><D106/><U122/><E74/><V85/><F85/><W91/><G91/><T118/><D118/><N who="1" m="45067" /><E84/><V30/><F30/><W44/><G44/><AGARI ba="0,1" hai="8,14,17,37,42,44,68,70,80,81,83,89,92,98" machi="44" ten="40,8000,1" yaku="1,1,52,2,53,1" doraHai="67" doraHaiUra="88" who="0" fromWho="3" sc="207,90,223,0,204,0,356,-80" /><INIT seed="4,0,0,0,1,72" ten="297,223,204,276" oya="0" hai0="38,124,68,110,134,78,95,83,69,26,19,9,129" hai1="99,1,12,25,52,50,75,18,20,27,112,108,5" hai2="67,107,98,103,111,0,44,28,16,118,24,94,101" hai3="89,22,2,92,10,76,115,64,6,70,120,73,102"/><T114/><D38/><U105/><E108/><V39/><F0/><W58/><G120/><T66/><D66/><U84/><E75/><V56/><F118/><W54/><G115/><T127/><D129/><U49/><E112/><V40/><F111/><W121/><G121/><T29/><D95/><U79/><E50/><V35/><F67/><W113/><G113/><T97/><D97/><U42/><E42/><V117/><F56/><W14/><G102/><T128/><D128/><U96/><E1/><V60/><F60/><W82/><G70/><T53/><D53/><U104/><E104/><V119/><F103/><W21/><G64/><T132/><D19/><U61/><E61/><V135/><F94/><W109/><G2/><T74/><D9/><N who="1" m="4143" /><E25/><V88/><F135/><N who="0" m="51754" /><D114/><U59/><E105/><V63/><F63/><W36/><G36/><T7/><D7/><U30/><E30/><V65/><F65/><W55/><G55/><T90/><D90/><U86/><E86/><V34/><F88/><W11/><G11/><T125/><D110/><U13/><E27/><V46/><F117/><W57/><G109/><T81/><D81/><AGARI ba="0,0" hai="13,18,20,49,52,59,79,81,84,96,99" m="4143" machi="81" ten="30,3900,0" yaku="8,1,52,1,54,1" doraHai="72" who="1" fromWho="0" sc="297,-39,223,39,204,0,276,0" /><INIT seed="5,0,0,0,3,47" ten="258,262,204,276" oya="1" hai0="82,25,86,105,19,68,101,43,114,17,95,1,37" hai1="39,73,93,94,100,28,6,7,64,53,71,57,4" hai2="97,99,129,52,26,109,131,132,56,90,124,91,98" hai3="75,85,44,48,118,108,8,60,2,35,125,32,30"/><U89/><E73/><V69/><F69/><W3/><G118/><T61/><D1/><U110/><E39/><V126/><F109/><W113/><G108/><T58/><D68/><U34/><E110/><V63/><F26/><W67/><G75/><T111/><D105/><U22/><E34/><V36/><F36/><W96/><G113/><T128/><D111/><U14/><E71/><V65/><F65/><W55/><G125/><N who="2" m="48233" /><F132/><W120/><G120/><T11/><D11/><U112/><E64/><V80/><F80/><W31/><G96/><N who="2" m="24577" /><V0/><DORA hai="40" /><F0/><W134/><G134/><T49/><D82/><U38/><E38/><V106/><F106/><W87/><G35/><T23/><D25/><N who="1" m="16439" /><E100/><V15/><F15/><W54/><G32/><T21/><D101/><U51/><E112/><V116/><F116/><W104/><G104/><T78/><D37/><U72/><E72/><V130/><AGARI ba="0,0" hai="52,56,63,90,91,129,130,131" m="24577,48233" machi="130" ten="50,6400,0" yaku="19,1,18,1,54,1" doraHai="47,40" who="2" fromWho="2" sc="258,-16,262,-32,204,64,276,-16" /><INIT seed="6,0,0,2,5,51" ten="242,230,268,260" oya="2" hai0="20,12,69,48,73,131,108,102,14,104,122,35,76" hai1="68,74,124,97,64,44,1,82,126,119,50,78,103" hai2="130,112,100,121,134,40,81,3,132,47,39,128,101" hai3="24,79,32,11,106,72,27,109,33,62,95,0,22"/><V111/><F121/><W7/><G106/><T89/><D35/><U41/><E1/><V91/><F3/><W92/><G109/><T80/><D69/><U5/><E119/><V55/><F112/><W26/><G22/><T57/><D108/><U43/><E5/><V45/><F91/><W19/><G19/><T66/><D122/><U8/><E8/><V15/><F81/><W56/><G72/><T59/><D131/><N who="2" m="50218" /><F15/><W84/><G79/><T23/><D89/><U34/><E34/><V125/><F111/><W10/><G10/><T115/><D14/><U113/><E113/><V116/><F116/><W36/><G36/><T2/><D12/><U46/><E64/><V37/><F101/><W16/><G16/><T114/><D2/><U127/><E68/><V53/><F100/><W129/><G129/><T31/><D114/><U25/><E25/><V13/><F125/><W28/><G33/><T133/><D115/><U4/><E4/><V21/><F21/><W17/><G17/><T105/><D102/><U30/><E30/><V118/><F13/><W63/><G28/><T49/><D31/><U86/><E74/><V96/><F96/><W70/><G32/><T67/><D73/><U54/><REACH who="1" step="1"/><E44/><REACH who="1" ten="242,220,268,260" step="2"/><V135/><F118/><W77/><G70/><T6/><D6/><U65/><E65/><V99/><F45/><W18/><G27/><T123/><D123/><U94/><AGARI ba="0,1" hai="41,43,46,50,54,78,82,86,94,97,103,124,126,127" machi="94" ten="30,12000,2" yaku="1,1,0,1,18,1,52,1,53,2" doraHai="51" doraHaiUra="38" who="1" fromWho="1" sc="242,-30,220,130,268,-60,260,-30" /><INIT seed="7,0,0,0,5,18" ten="212,350,208,230" oya="3" hai0="86,87,41,12,34,88,17,83,116,135,57,124,48" hai1="62,9,63,127,5,54,79,56,59,4,25,103,30" hai2="2,120,113,27,47,110,53,32,24,69,43,1,55" hai3="67,118,73,123,126,131,128,77,94,75,115,78,10"/><W45/><G123/><T111/><D116/><U13/><E127/><V52/><F69/><W65/><G118/><T95/><D111/><U92/><E79/><V46/><F110/><W26/><G115/><T122/><D122/><U130/><E130/><V0/><F120/><W42/><G26/><T84/><D34/><U107/><E107/><V133/><F113/><W16/><G16/><T74/><D124/><U102/><E92/><V70/><F70/><W134/><G126/><T80/><D135/><U8/><E8/><V99/><F133/><W68/><G10/><N who="0" m="6295" /><D74/><N who="3" m="28169" /><G94/><T100/><D100/><U23/><E5/><V33/><F99/><W114/><G134/><T44/><D57/><U106/><E106/><V98/><F98/><AGARI ba="0,0" hai="41,44,48,80,83,84,86,87,88,95,98" m="6295" machi="98" ten="30,2000,0" yaku="8,1,54,1" doraHai="18" who="0" fromWho="2" sc="212,20,350,0,208,-20,230,0" owari="232,3.0,350,45.0,188,-31.0,230,-17.0" /></mjloggm>