<mjloggm ver="2.3"><GO type="97" lobby="0"/><UN n0="%E5%B0%B1%E6%B4%BB%E7%94%9F%40%E5%B7%9D%E6%9D%91%E8%BB%8D%E5%9B%A3" n1="%E3%82%B1%E3%82%A4%E3%83%88" n2="%6E%61%64%65%6B%6F%73" n3="%6E%6F%75%6E%6F%75%72%73" dan="14,13,14,14" rate="1933.48,1892.59,1934.75,1942.34" sx="M,M,M,M"/><TAIKYOKU oya="0"/><INIT seed="0,0,0,2,2,133" ten="250,250,250,250" oya="0" hai0="128,110,6,28,64,26,108,43,76,131,88,129,21" hai1="29,86,60,70,96,130,7,1,30,98,10,13,122" hai2="121,37,89,117,9,69,50,127,3,75,91,92,32" hai3="56,93,42,25,68,105,22,125,104,35,111,81,106"/><T11/><D76/><U95/><E122/><V85/><F121/><W78/><G68/><T132/><D43/><U52/><E130/><V61/><F37/><W44/><G35/><T103/><D103/><U38/><E38/><V48/><F75/><W114/><G114/><T109/><D64/><U112/><E112/><V83/><F32/><W0/><G0/><N who="0" m="455" /><D88/><U107/><E1/><V119/><F69/><W84/><G111/><T102/><D102/><U8/><E107/><V65/><F61/><W2/><G2/><T87/><D87/><U15/><E86/><N who="2" m="52279" /><F65/><W23/><G56/><T45/><D45/><U118/><E118/><N who="2" m="45067" /><F127/><W113/><G113/><T71/><D71/><U124/><E124/><V100/><F100/><W66/><G125/><T58/><D58/><N who="1" m="34887" /><E70/><V79/><F79/><W5/><G66/><T53/><D53/><U72/><E72/><V17/><F17/><W62/><G62/><T73/><D73/><U12/><E12/><V59/><F59/><W90/><G5/><AGARI ba="0,0" hai="3,5,9,48,50,83,85,91" m="45067,52279" machi="5" ten="30,1000,0" yaku="12,1" doraHai="133" who="2" fromWho="3" sc="250,0,250,0,250,10,250,-10" /><INIT seed="1,0,0,2,4,133" ten="250,250,260,240" oya="1" hai0="126,68,128,118,65,11,73,116,47,97,121,70,77" hai1="131,58,129,57,1,29,46,25,64,60,55,115,78" hai2="93,130,124,79,113,18,67,28,82,35,91,41,37" hai3="94,39,51,4,40,32,100,102,22,7,119,12,44"/><U15/><E115/><V69/><F130/><W92/><G32/><T86/><D86/><U106/><E106/><V34/><F113/><W132/><G132/><T114/><D114/><U19/><E1/><V66/><F66/><W112/><G112/><T98/><D128/><U84/><E46/><V85/><F28/><W89/><G119/><T95/><D98/><U81/><E64/><V108/><F108/><W8/><G39/><T109/><D109/><U127/><E127/><V33/><F18/><W83/><G4/><T17/><D77/><U0/><E0/><V101/><F101/><N who="3" m="39019" /><G22/><T21/><D73/><U90/><E78/><V96/><F41/><W103/><N who="3" m="39027" /><W123/><DORA hai="80" /><G123/><T111/><D111/><U135/><E58/><V120/><F37/><W62/><G62/><T45/><D11/><U104/><E104/><V59/><F120/><W107/><G107/><T75/><D75/><U87/><E84/><AGARI ba="0,0" hai="7,8,12,40,44,51,83,84,89,92,94" m="39027" machi="84" ten="30,2000,0" yaku="8,1,52,1" doraHai="133,80" who="3" fromWho="1" sc="250,0,250,-20,260,0,240,20" /><INIT seed="2,0,0,2,5,51" ten="250,230,260,260" oya="2" hai0="25,14,102,89,27,31,125,132,40,77,22,127,95" hai1="33,38,48,52,99,120,6,59,24,3,75,93,79" hai2="131,115,113,100,108,58,74,103,54,23,60,56,98" hai3="53,66,26,110,118,12,44,64,92,90,128,80,133"/><V46/><F131/><W83/><G118/><T41/><D132/><U76/><E38/><V42/><F74/><W130/><G133/><T16/><D102/><U121/><E75/><V45/><F103/><W67/><G110/><T21/><D77/><U15/><E3/><V65/><F23/><W124/><G124/><N who="0" m="47691" /><D27/><U78/><E6/><V57/><F98/><AGARI ba="0,0" hai="14,16,21,22,25,31,40,41,89,95,98" m="47691" machi="98" ten="30,2000,0" yaku="18,1,54,1" doraHai="51" who="0" fromWho="2" sc="250,20,230,0,260,-20,260,0" /><INIT seed="3,0,0,3,2,15" ten="270,230,240,260" oya="3" hai0="97,37,79,47,95,21,134,68,43,17,38,10,60" hai1="61,13,58,90,119,8,80,114,71,82,113,116,87" hai2="62,72,41,30,103,123,132,98,84,54,35,26,85" hai3="52,135,91,83,127,28,121,5,7,124,88,29,65"/><W74/><G121/><T64/><D134/><U12/><E71/><V55/><F132/><W31/><G135/><T39/><D79/><U51/><E51/><V118/><F72/><W76/><G65/><T49/><D10/><U100/><E100/><V6/><F118/><N who="1" m="45097" /><E82/><V48/><F123/><W115/><G115/><N who="1" m="44042" /><E8/><V105/><F41/><W126/><G52/><AGARI ba="0,0" hai="12,13,52,58,61,80,87,90" m="44042,45097" machi="52" ten="30,2000,0" yaku="12,1,54,1" doraHai="15" who="1" fromWho="3" sc="270,0,230,20,240,0,260,-20" /><INIT seed="4,0,0,1,2,93" ten="270,250,240,240" oya="0" hai0="12,86,32,55,38,99,26,103,76,48,59,40,9" hai1="17,112,80,116,28,1,71,85,51,50,78,6,27" hai2="104,83,58,123,5,2,113,41,79,108,43,66,31" hai3="15,56,101,87,37,98,102,131,82,126,75,42,122"/><T135/><D135/><U118/><E71/><V65/><F108/><W23/><G122/><T57/><D38/><U105/><E105/><V81/><F123/><W91/><G131/><T110/><D110/><U115/><E17/><V89/><F113/><N who="1" m="43593" /><E6/><V129/><F104/><W18/><G126/><T119/><D119/><N who="1" m="45611" /><E1/><V39/><F129/><W117/><G117/><T72/><D72/><U21/><AGARI ba="0,0" hai="21,27,28,50,51,78,80,85" m="45611,43593" machi="21" ten="30,2000,0" yaku="15,1,11,1" doraHai="93" who="1" fromWho="1" sc="270,-10,250,20,240,-5,240,-5" /><INIT seed="5,0,0,2,3,42" ten="260,270,235,235" oya="1" hai0="35,94,121,81,66,56,124,131,62,113,129,84,51" hai1="43,48,7,29,17,97,46,10,130,108,117,116,8" hai2="40,71,2,105,122,77,50,115,23,90,20,73,68" hai3="12,59,107,49,16,53,41,134,36,28,33,82,0"/><U54/><E130/><N who="0" m="49673" /><D35/><U92/><E108/><V91/><F122/><W85/><G0/><T80/><D113/><U32/><E32/><V132/><F105/><W70/><G70/><T120/><D124/><U125/><E29/><V128/><F132/><W123/><G107/><T119/><D119/><U25/><E125/><V6/><F128/><W47/><G123/><N who="0" m="47179" /><D51/><U63/><E63/><V14/><F115/><W76/><G134/><T67/><D67/><U88/><E54/><V87/><F73/><W55/><G28/><T98/><D84/><U27/><E27/><V106/><F2/><W83/><G33/><T100/><AGARI ba="0,0" hai="56,62,66,80,81,94,98,100" m="47179,49673" machi="100" ten="30,2000,0" yaku="19,1,13,1" doraHai="42" who="0" fromWho="0" sc="260,20,270,-10,235,-5,235,-5" /><INIT seed="6,0,0,5,5,106" ten="280,260,230,230" oya="2" hai0="132,85,125,22,38,97,28,102,64,50,0,45,23" hai1="90,127,135,65,128,41,113,119,118,48,95,94,44" hai2="29,9,82,74,66,55,30,11,93,19,31,131,130" hai3="110,36,72,6,17,24,53,12,15,40,16,86,33"/><V78/><F66/><W57/><G72/><T51/><D0/><U71/><E113/><V87/><F55/><W32/><G110/><T120/><D120/><U100/><E128/><N who="2" m="49195" /><F19/><W47/><G6/><T101/><D132/><U59/><E135/><V75/><F93/><W88/><G24/><N who="0" m="16407" /><D38/><U26/><E127/><V98/><F98/><W8/><G57/><T14/><D125/><U25/><E71/><V46/><F46/><W99/><G53/><N who="0" m="29903" /><D97/><U111/><E111/><V13/><F11/><W70/><G99/><T117/><D117/><U126/><E126/><V35/><F9/><W1/><G1/><T58/><D85/><U80/><E119/><V69/><F69/><W104/><G70/><T42/><D64/><U96/><E118/><V4/><F4/><W56/><G56/><T92/><D92/><U121/><E121/><V54/><F54/><W37/><G104/><T79/><D79/><U129/><E129/><V34/><F13/><W107/><G107/><T84/><D84/><N who="1" m="52551" /><E80/><V124/><F124/><W108/><G36/><T91/><D91/><U18/><E18/><V3/><F3/><W68/><G68/><T134/><D134/><U7/><E7/><V76/><F78/><W133/><G133/><T105/><D105/><U73/><E73/><AGARI ba="0,0" hai="29,30,31,34,35,73,74,75,76,82,87" m="49195" machi="73" ten="40,12000,1" yaku="19,1,52,3" doraHai="106" who="2" fromWho="1" sc="280,0,260,-120,230,120,230,0" owari="280,8.0,140,-36.0,350,45.0,230,-17.0" /></mjloggm>