<mjloggm ver="2.3"><GO type="97" lobby="0"/><UN n0="%E3%82%BC%E3%83%AD%E3%82%BC%E3%83%AD" n1="%E6%96%B0%E5%AD%90%E2%98%86%E6%86%A7" n2="%E5%B0%B1%E6%B4%BB%E7%94%9F%40%E5%B7%9D%E6%9D%91%E8%BB%8D%E5%9B%A3" n3="%E3%83%81%E3%83%BC%E3%83%91%E3%82%AA%E2%99%AA" dan="14,14,15,14" rate="1944.81,1960.53,1985.98,1971.18" sx="M,M,M,M"/><TAIKYOKU oya="0"/><INIT seed="0,0,0,2,3,19" ten="250,250,250,250" oya="0" hai0="89,93,105,14,12,39,61,122,115,38,49,48,3" hai1="7,31,86,81,1,17,126,133,13,53,128,76,4" hai2="91,56,80,37,100,62,0,135,73,52,87,20,101" hai3="46,108,132,21,16,59,121,92,102,30,9,117,118"/><T78/><D122/><U88/><E133/><V120/><F120/><W71/><G121/><T65/><D3/><U90/><E128/><V15/><F135/><W64/><G71/><T67/><D105/><U127/><E31/><V111/><F0/><W95/><G132/><T34/><D78/><U42/><E42/><V58/><F37/><W94/><G46/><T84/><D34/><U68/><E68/><V124/><F124/><N who="1" m="47657" /><E1/><V26/><F73/><W57/><G108/><T82/><D115/><U77/><E53/><N who="2" m="34063" /><F15/><W54/><G102/><T130/><D130/><U51/><E51/><N who="2" m="31007" /><F111/><W66/><G118/><T63/><D82/><U85/><E77/><V36/><F36/><W79/><G117/><T125/><D125/><U60/><E60/><V75/><F75/><W40/><G79/><T27/><D84/><U112/><E112/><V2/><F2/><W131/><G131/><T43/><D43/><U106/><E106/><V70/><F70/><W28/><G40/><T23/><D23/><N who="1" m="11695" /><E76/><V8/><F8/><W25/><G9/><T5/><D39/><U99/><E99/><V119/><F119/><W29/><G59/><T69/><D38/><U72/><E72/><V10/><F10/><W113/><G113/><T74/><D74/><U107/><E107/><V114/><F114/><W6/><G6/><T24/><D5/><U83/><AGARI ba="0,0" hai="4,7,81,83,85,86,88,90" m="11695,47657" machi="83" ten="30,4000,0" yaku="18,1,52,1,54,1" doraHai="19" who="1" fromWho="1" sc="250,-20,250,40,250,-10,250,-10" /><INIT seed="1,0,0,0,2,10" ten="230,290,240,240" oya="1" hai0="106,128,120,30,20,104,44,78,61,108,105,59,67" hai1="74,73,135,90,25,100,68,19,43,87,66,124,116" hai2="40,113,53,97,22,2,18,80,111,109,8,5,14" hai3="1,99,26,13,21,91,38,82,4,103,98,49,112"/><U96/><E116/><V126/><F40/><W133/><G38/><T12/><D108/><N who="2" m="41546" /><F80/><W115/><G1/><T125/><D125/><U7/><E7/><V69/><F69/><W34/><G34/><T70/><D128/><U6/><E6/><V46/><F46/><W81/><G133/><T71/><D120/><U122/><E122/><V102/><F53/><W107/><G115/><T35/><D35/><U60/><E43/><V77/><F77/><W89/><G112/><T114/><D114/><U132/><E124/><V16/><F126/><W57/><G99/><T95/><D78/><U29/><E19/><N who="2" m="10615" /><F113/><W75/><G75/><T127/><D127/><U24/><E24/><V118/><F118/><W39/><G39/><T76/><D76/><U85/><E85/><V3/><F3/><W88/><G57/><T54/><D95/><AGARI ba="0,0" hai="2,5,8,16,18,95,97,102" m="10615,41546" machi="95" ten="30,3900,0" yaku="14,1,52,1,54,1" doraHai="10" who="2" fromWho="0" sc="230,-39,290,0,240,39,240,0" /><INIT seed="2,0,0,1,1,51" ten="191,290,279,240" oya="2" hai0="106,120,73,90,53,58,135,65,95,115,80,100,72" hai1="22,82,108,14,131,42,7,31,37,71,13,84,117" hai2="68,134,66,3,19,125,122,52,63,69,34,17,87" hai3="126,5,1,128,74,28,104,94,83,47,0,111,54"/><V64/><F34/><W44/><G104/><T11/><D120/><U24/><E117/><V43/><F3/><W38/><G0/><T40/><D115/><U33/><E71/><V86/><F122/><W59/><G126/><T91/><D135/><U130/><E108/><V70/><F43/><W10/><G111/><T25/><D65/><U12/><E7/><V114/><F114/><W39/><G128/><N who="1" m="49194" /><E42/><V16/><F134/><W56/><G56/><T102/><D40/><U77/><E37/><V57/><F125/><W50/><G28/><T124/><D124/><U92/><E92/><V27/><F27/><W88/><G83/><T118/><D118/><U46/><E46/><V20/><F20/><AGARI ba="0,0" hai="12,13,14,20,22,24,31,33,77,82,84" m="49194" machi="20" ten="30,1000,0" yaku="19,1" doraHai="51" who="1" fromWho="2" sc="191,0,290,10,279,-10,240,0" /><INIT seed="3,0,0,5,3,49" ten="191,300,269,240" oya="3" hai0="52,46,31,106,69,133,57,47,36,9,12,125,23" hai1="96,123,28,34,120,38,119,103,50,15,61,21,10" hai2="126,55,89,88,109,87,79,14,130,19,91,17,3" hai3="101,72,44,114,94,58,75,112,110,56,117,29,51"/><W11/><G117/><T105/><D69/><U30/><E38/><V95/><F3/><W118/><G118/><T20/><D125/><U98/><E34/><V127/><F109/><W22/><G110/><T86/><D133/><U135/><E135/><V73/><F130/><W25/><G11/><T124/><D124/><N who="2" m="47658" /><F19/><W108/><G108/><T24/><D23/><U70/><E50/><V116/><F116/><W131/><G131/><T45/><D86/><U77/><E77/><V129/><F129/><W85/><G114/><T67/><D67/><U90/><E90/><V4/><F4/><W59/><G112/><T65/><D65/><U68/><E61/><V71/><F71/><W13/><G13/><T66/><D66/><U97/><E103/><V27/><F27/><W33/><G33/><T40/><D47/><U122/><E119/><V99/><F73/><W128/><G128/><T0/><D46/><U18/><E28/><V1/><F1/><W42/><G85/><T54/><D0/><U7/><E30/><V53/><F79/><W78/><REACH who="3" step="1"/><G78/><REACH who="3" ten="191,300,269,230" step="2"/><T63/><REACH who="0" step="1"/><D54/><REACH who="0" ten="181,300,269,230" step="2"/><N who="2" m="20490" /><F87/><W37/><G37/><T2/><D2/><U111/><E111/><V60/><F60/><W81/><G81/><T43/><D43/><U26/><AGARI ba="0,2" hai="7,10,15,18,21,26,68,70,96,97,98,120,122,123" machi="26" ten="40,1500,0" yaku="0,1" doraHai="49" who="1" fromWho="1" sc="181,-4,300,35,269,-4,230,-7" owari="177,-32.0,335,43.0,265,7.0,223,-18.0" /></mjloggm>