<mjloggm ver="2.3"><GO type="225" lobby="0"/><UN n0="%4F%4E%41%4B%41%4E" n1="%6B%79%6F%6E%6B%6F%31%31" n2="%E3%83%88%E3%83%88%E3%83%AA%E5%85%88%E7%94%9F%31%39%E6%AD%B3" n3="%4F%53%43%37%37%37" dan="17,17,17,16" rate="2154.29,2188.40,2261.66,2057.36" sx="M,M,F,M"/><TAIKYOKU oya="0"/><INIT seed="0,0,0,1,4,94" ten="250,250,250,250" oya="0" hai0="59,80,57,88,43,126,99,46,22,117,32,15,76" hai1="114,123,67,115,49,20,40,111,73,45,10,60,5" hai2="31,62,109,21,65,3,77,118,2,16,7,133,35" hai3="11,85,9,131,79,132,34,102,81,48,28,61,98"/><T84/><D32/><U100/><E73/><V121/><F121/><W127/><G132/><T122/><D122/><U0/><E123/><V33/><F133/><W134/><G134/><T51/><D117/><U36/><E111/><V120/><F120/><W75/><G131/><T12/><D126/><U106/><E20/><V29/><F77/><W17/><G127/><T56/><D22/><U70/><REACH who="1" step="1"/><E49/><REACH who="1" ten="250,240,250,250" step="2"/><V41/><F21/><W39/><G75/><T54/><D43/><U19/><E19/><V135/><F16/><W4/><G39/><T50/><D51/><U125/><E125/><V44/><F135/><W18/><G18/><T90/><D76/><U71/><E71/><V113/><F41/><W103/><G17/><T78/><D78/><U112/><E112/><V116/><F109/><W104/><G34/><T69/><D69/><U74/><E74/><V82/><F113/><W101/><G28/><T13/><D59/><U93/><E93/><AGARI ba="0,1" hai="12,13,15,46,50,54,56,57,80,84,88,90,93,99" machi="93" ten="40,7700,0" yaku="8,1,52,1,54,1" doraHai="94" who="0" fromWho="1" sc="250,87,240,-77,250,0,250,0" /><INIT seed="0,1,0,3,4,91" ten="337,163,250,250" oya="0" hai0="52,53,39,131,58,18,66,27,33,40,74,46,7" hai1="19,87,103,65,20,5,85,68,76,8,89,134,63" hai2="122,81,37,110,73,61,28,93,57,42,108,62,125" hai3="69,29,12,9,48,10,0,95,67,17,119,45,83"/><T123/><D123/><U135/><E103/><V64/><F122/><W101/><G119/><T51/><D74/><U44/><E76/><N who="2" m="44175" /><F125/><W104/><G104/><T106/><D106/><U56/><E44/><N who="2" m="23631" /><F28/><W129/><G129/><T105/><D105/><U31/><E31/><V24/><F24/><W13/><G29/><T25/><D131/><U38/><E38/><V36/><F36/><W92/><G0/><T54/><D33/><U109/><E68/><V77/><F77/><W128/><G128/><T115/><D115/><U121/><E121/><V99/><F57/><W97/><G83/><T21/><D7/><U113/><E109/><N who="2" m="42091" /><F64/><W6/><G67/><T90/><D39/><U70/><E56/><V84/><F84/><W26/><G26/><N who="0" m="14647" /><D90/><AGARI ba="1,0" hai="61,62,90,93,99" m="42091,23631,44175" machi="90" ten="30,2000,0" yaku="14,1,52,1" doraHai="91" who="2" fromWho="0" sc="337,-23,163,0,250,23,250,0" /><INIT seed="1,0,0,1,5,17" ten="314,163,273,250" oya="1" hai0="68,113,100,26,108,50,35,37,21,92,8,89,47" hai1="75,88,114,61,74,112,95,128,59,111,20,16,2" hai2="123,129,0,77,63,72,71,3,40,66,54,131,55" hai3="94,115,124,103,11,10,127,9,116,81,118,102,31"/><U48/><E2/><N who="2" m="555" /><F123/><W32/><G94/><T60/><D113/><U73/><E128/><N who="2" m="49227" /><F40/><W39/><G39/><T64/><D35/><U43/><E111/><V53/><F77/><W90/><G115/><T28/><D108/><U83/><E83/><V119/><F72/><W6/><G6/><T67/><D67/><U38/><E38/><V98/><F98/><W122/><G122/><T49/><D100/><N who="3" m="38441" /><G90/><T135/><D135/><U36/><E36/><V104/><F119/><N who="3" m="45611" /><G81/><T109/><D109/><U22/><E22/><V34/><F34/><W126/><G31/><T18/><D28/><U130/><E130/><V70/><F104/><W134/><G134/><T110/><D110/><U44/><E59/><AGARI ba="0,0" hai="53,54,55,59,63,66,70,71" m="49227,555" machi="59" ten="40,1300,0" yaku="19,1" doraHai="17" who="2" fromWho="1" sc="314,0,163,-13,273,13,250,0" /><INIT seed="2,0,0,5,4,120" ten="314,150,286,250" oya="2" hai0="56,78,93,88,43,131,86,38,7,100,48,13,6" hai1="97,98,111,40,58,62,118,30,96,15,45,57,4" hai2="77,68,76,102,109,67,11,99,121,80,90,2,27" hai3="130,10,64,126,3,47,0,66,73,89,117,55,106"/><V107/><F121/><W83/><G106/><T112/><D112/><U110/><E118/><V79/><F109/><N who="1" m="41481" /><E30/><V54/><F2/><W24/><G117/><T8/><D131/><U124/><E124/><V82/><F11/><W94/><G130/><T21/><D38/><N who="1" m="21655" /><E4/><V39/><F39/><W116/><G116/><T41/><D7/><U36/><E36/><V71/><F27/><W72/><G24/><T28/><D100/><U115/><E115/><V20/><F20/><W12/><G3/><T1/><D1/><U85/><E15/><V35/><F35/><W104/><G0/><T34/><D34/><U17/><E17/><V128/><F128/><W70/><G126/><T81/><D43/><U46/><E46/><V9/><F102/><W108/><G108/><T84/><D41/><U127/><E127/><V23/><F71/><W51/><G70/><T74/><D28/><U26/><E26/><V42/><F68/><W53/><G12/><T92/><D13/><U50/><E50/><V59/><F42/><W5/><G5/><T123/><D48/><U52/><E85/><V25/><F25/><W14/><G14/><N who="0" m="5399" /><D86/><U87/><E87/><V135/><F9/><W95/><G10/><T133/><D84/><U125/><E125/><V113/><F113/><W31/><G31/><T103/><D123/><U18/><E18/><V19/><F19/><W49/><G47/><T91/><D74/><U44/><E44/><V61/><F23/><W22/><G72/><T132/><D56/><AGARI ba="0,0" hai="52,56,57,58,62,96,97,98" m="21655,41481" machi="56" ten="30,8000,1" yaku="14,1,52,3,54,1" doraHai="120" who="1" fromWho="0" sc="314,-80,150,80,286,0,250,0" /><INIT seed="3,0,0,2,4,41" ten="234,230,286,250" oya="3" hai0="102,44,126,34,134,52,105,38,121,54,79,43,36" hai1="55,27,66,72,67,119,107,122,39,78,58,82,118" hai2="114,94,29,130,37,25,97,70,90,31,50,77,101" hai3="46,11,76,51,56,100,53,128,92,65,7,63,89"/><W75/><G128/><T8/><D121/><U73/><E107/><V22/><F114/><W42/><G75/><T109/><D34/><U108/><E122/><V83/><F37/><W30/><G30/><T81/><D109/><U3/><E3/><V93/><F130/><W120/><G120/><T132/><D126/><U112/><E112/><V125/><F125/><W91/><G76/><T48/><D8/><U19/><E39/><N who="0" m="14889" /><D102/><U96/><E96/><V59/><F70/><W47/><G100/><T116/><D105/><U18/><E73/><V6/><F6/><W4/><G91/><T85/><D116/><N who="1" m="44587" /><E108/><V13/><F13/><W74/><G74/><T124/><D124/><U117/><N who="1" m="44595" /><U87/><DORA hai="40" /><E72/><V88/><F31/><W2/><G7/><T21/><D21/><N who="1" m="13751" /><E19/><V45/><F101/><W5/><G2/><T64/><D64/><U15/><E15/><V115/><F115/><W26/><G26/><T127/><D127/><U14/><E14/><V71/><F25/><W49/><G11/><T17/><D17/><U10/><E10/><V61/><F29/><W113/><G113/><T68/><D68/><U129/><E129/><V104/><F71/><W69/><G69/><T98/><D98/><AGARI ba="0,0" hai="4,5,42,46,47,49,51,53,56,63,65,89,92,98" machi="98" ten="30,18000,2" yaku="7,1,8,1,52,4" doraHai="41,40" who="3" fromWho="0" sc="234,-180,230,0,286,0,250,180" owari="54,-45.0,230,-17.0,286,9.0,430,53.0" /></mjloggm>