<mjloggm ver="2.3"><GO type="169" lobby="0"/><UN n0="%E4%B8%AD%E3%81%AE%E4%B8%8A" n1="%E5%B0%B1%E6%B4%BB%E7%94%9F%40%E5%B7%9D%E6%9D%91%E8%BB%8D%E5%9B%A3" n2="%E3%81%BE%E3%81%93%E3%81%95%E3%81%A8%76%65%72%32" n3="%73%68%61%70%65%6C%65%72" dan="16,17,16,16" rate="2026.78,2191.23,2110.22,2104.33" sx="M,M,M,M"/><TAIKYOKU oya="0"/><INIT seed="0,0,0,1,3,131" ten="250,250,250,250" oya="0" hai0="9,134,83,2,127,42,107,128,25,113,126,94,15" hai1="112,47,118,78,64,86,88,49,24,102,29,79,99" hai2="115,70,98,23,21,111,40,110,50,114,103,117,37" hai3="41,69,119,27,77,72,43,38,34,81,85,109,6"/><T11/><D107/><U13/><E118/><V67/><F117/><W105/><G119/><T92/><D128/><U30/><E112/><V84/><F37/><W10/><G85/><T48/><D113/><U32/><E30/><V35/><F35/><W62/><G43/><T96/><D2/><U101/><E64/><V8/><F8/><W45/><G109/><T17/><D25/><U51/><E101/><V122/><F122/><W87/><G87/><T91/><D83/><U59/><E59/><V108/><F84/><W100/><G62/><T74/><D74/><U36/><E13/><V53/><F40/><W31/><G100/><T104/><D104/><U93/><E36/><V82/><F82/><W5/><G5/><T54/><D42/><U58/><E58/><N who="2" m="33079" /><F67/><W60/><G60/><T133/><D92/><U89/><E89/><V66/><F66/><W57/><G57/><N who="0" m="32967" /><D11/><U26/><E26/><V20/><F70/><W125/><G105/><AGARI ba="0,0" hai="20,21,23,98,103,105,108,110,111,114,115" m="33079" machi="105" ten="40,1300,0" yaku="14,1" doraHai="131" who="2" fromWho="3" sc="250,0,250,0,250,13,250,-13" /><INIT seed="1,0,0,1,4,109" ten="250,250,263,237" oya="1" hai0="11,82,112,134,101,63,53,5,83,69,76,81,44" hai1="50,130,45,38,97,2,57,54,114,18,34,4,87" hai2="108,118,121,28,117,116,93,3,61,26,84,91,80" hai3="8,51,32,33,126,77,106,14,58,128,6,16,110"/><U39/><E130/><V67/><F3/><W17/><G106/><T111/><D111/><U52/><E34/><V36/><F36/><W49/><G110/><T105/><D134/><U131/><E131/><V64/><F108/><W129/><G128/><T65/><D112/><U103/><E114/><V92/><F121/><W115/><G115/><T9/><D76/><U75/><E75/><V10/><F10/><W19/><G129/><T100/><D105/><U23/><E87/><V119/><N who="2" m="29696" /><DORA hai="25" /><V73/><F73/><W31/><G77/><T0/><REACH who="0" step="1"/><D9/><REACH who="0" ten="240,250,263,237" step="2"/><U133/><E133/><V40/><F40/><W135/><G135/><T48/><AGARI ba="0,1" hai="0,5,11,44,48,53,63,65,69,81,82,83,100,101" machi="48" ten="30,7900,0" yaku="1,1,2,1,0,1,53,1" doraHai="109,25" doraHaiUra="7,132" who="0" fromWho="0" sc="240,89,250,-39,263,-20,237,-20" /><INIT seed="2,0,0,5,4,7" ten="329,211,243,217" oya="2" hai0="127,6,3,37,123,116,46,21,47,20,114,73,89" hai1="12,91,122,60,24,5,112,17,88,23,41,1,90" hai2="115,62,56,54,121,83,4,110,104,94,32,33,36" hai3="16,113,44,132,34,103,93,29,95,125,53,118,69"/><V0/><F104/><W51/><G118/><T10/><D114/><U79/><E112/><V107/><F107/><W67/><G113/><T65/><D123/><U105/><E122/><V108/><F115/><W82/><G132/><T111/><D116/><U42/><E105/><V57/><F36/><W25/><G125/><T52/><D127/><U22/><E79/><V13/><F0/><W106/><G82/><T77/><D65/><U39/><E39/><V117/><F117/><W35/><G35/><T87/><D111/><N who="2" m="42538" /><F121/><W100/><G100/><T50/><D73/><U86/><E86/><V59/><F94/><W72/><G72/><T78/><D77/><U55/><E1/><V27/><F83/><W101/><G101/><T131/><D131/><U135/><E135/><V45/><F45/><W119/><G119/><T8/><D78/><U74/><E74/><V58/><F27/><W99/><G16/><T129/><D129/><U120/><E120/><V31/><F31/><W28/><G29/><T70/><D37/><U61/><E5/><V133/><F133/><W134/><G134/><T128/><D6/><U26/><E26/><V30/><F30/><W98/><G98/><T96/><D96/><U71/><E71/><V11/><AGARI ba="0,0" hai="4,11,13,32,33,54,56,57,58,59,62" m="42538" machi="11" ten="40,7800,0" yaku="14,1,10,1,52,1" doraHai="7" who="2" fromWho="2" sc="329,-26,211,-26,243,78,217,-26" /><INIT seed="2,1,0,3,5,68" ten="303,185,321,191" oya="2" hai0="47,116,104,98,91,56,3,25,45,15,48,81,105" hai1="52,95,101,7,39,10,59,41,65,17,103,83,131" hai2="88,50,71,6,109,122,128,37,24,120,55,76,89" hai3="28,125,118,121,78,63,19,54,31,110,102,38,133"/><V51/><F71/><W127/><G121/><T1/><D15/><U14/><E131/><V85/><F76/><W2/><G2/><T87/><D116/><U30/><E30/><V42/><F128/><W0/><G0/><T46/><D3/><U9/><E65/><V79/><F79/><W73/><G118/><T11/><D25/><U57/><E57/><V44/><F6/><W69/><G102/><T74/><D74/><U61/><E83/><V82/><F51/><W100/><G100/><T106/><D1/><U53/><E53/><V66/><F66/><W5/><G5/><T58/><D11/><U43/><E95/><V4/><F4/><W115/><G69/><T112/><D112/><U75/><E75/><V94/><F24/><W23/><G115/><T119/><D119/><U113/><E113/><V129/><F109/><W8/><G8/><T134/><D134/><U60/><E60/><V70/><F70/><W32/><G32/><T40/><D98/><U135/><E135/><V124/><F124/><N who="3" m="47691" /><G110/><T35/><D35/><U36/><E10/><V20/><F20/><W21/><G21/><T62/><REACH who="0" step="1"/><D58/><REACH who="0" ten="293,185,321,191" step="2"/><U18/><E101/><V97/><F129/><W26/><G133/><T72/><D72/><U86/><E103/><V13/><F13/><W64/><G73/><T107/><N who="0" m="26624" /><DORA hai="29" /><T93/><D93/><U132/><E132/><V67/><F67/><AGARI ba="1,1" hai="40,45,46,47,48,56,62,67,81,87,91" m="26624" machi="67" ten="70,2300,0" yaku="1,1,53,0" doraHai="68,29" doraHaiUra="114,117" who="0" fromWho="2" sc="293,36,185,0,321,-26,191,0" /><INIT seed="3,0,0,2,3,28" ten="329,185,295,191" oya="3" hai0="12,120,113,84,53,52,11,90,47,19,114,4,10" hai1="121,124,69,135,98,14,107,93,85,64,44,55,111" hai2="108,131,71,60,27,81,30,73,77,22,13,49,96" hai3="42,75,63,123,82,133,74,46,43,99,56,61,40"/><W0/><G123/><T109/><D120/><U106/><E121/><V17/><F108/><W35/><G0/><T45/><D109/><U59/><E111/><V54/><F131/><W110/><G110/><T3/><D47/><U122/><E122/><V20/><F96/><W26/><G133/><T119/><D119/><U34/><E135/><V129/><F129/><W32/><G46/><T105/><D105/><U70/><E124/><V134/><F134/><W89/><G26/><T24/><D24/><U116/><E116/><V18/><F71/><W48/><G48/><T2/><D2/><U117/><E117/><V91/><F91/><W29/><G29/><T94/><REACH who="0" step="1"/><D45/><REACH who="0" ten="319,185,295,191" step="2"/><U50/><E106/><V132/><F132/><W83/><G75/><T66/><D66/><U88/><E107/><V97/><F73/><W21/><G74/><T5/><D5/><U33/><E14/><V25/><F13/><W128/><G128/><T103/><D103/><U6/><E6/><V115/><F115/><AGARI ba="0,1" hai="3,4,10,11,12,19,52,53,84,90,94,113,114,115" machi="115" ten="40,5200,0" yaku="1,1,11,1,54,1,53,0" doraHai="28" doraHaiUra="130" who="0" fromWho="2" sc="319,62,185,0,295,-52,191,0" /><INIT seed="4,0,0,1,5,101" ten="381,185,243,191" oya="0" hai0="129,1,135,60,32,103,50,116,33,59,122,95,112" hai1="109,22,64,21,18,8,81,133,106,128,96,111,86" hai2="30,134,23,20,94,16,93,113,48,5,49,62,100" hai3="127,65,19,125,51,37,53,28,131,6,114,41,15"/><T10/><D122/><U83/><E128/><V77/><F113/><W56/><G114/><T117/><D112/><U54/><E133/><V31/><F5/><W110/><G131/><T61/><D129/><U105/><E64/><V52/><F77/><W47/><G6/><T107/><D95/><U69/><E69/><V91/><F100/><W126/><G28/><T87/><D87/><U4/><E54/><V76/><F76/><W29/><G29/><N who="2" m="10761" /><F23/><W13/><G110/><T7/><D135/><U57/><E57/><N who="2" m="35111" /><F93/><W89/><G89/><T118/><D33/><U38/><E38/><V36/><F36/><W11/><G15/><T85/><D32/><U26/><E22/><V3/><F3/><W14/><G13/><T9/><D9/><U71/><E71/><V66/><F66/><AGARI ba="0,0" hai="11,14,19,37,41,47,51,53,56,65,66,125,126,127" machi="66" ten="40,1300,0" yaku="18,1" doraHai="101" who="3" fromWho="2" sc="381,0,185,0,243,-13,191,13" /><INIT seed="5,0,0,1,4,110" ten="381,185,230,204" oya="1" hai0="127,68,34,60,24,72,111,59,31,75,20,76,119" hai1="105,25,29,128,133,104,37,17,14,23,103,40,10" hai2="30,79,54,86,123,70,82,101,27,90,7,78,48" hai3="117,131,43,50,26,113,42,57,46,63,22,13,122"/><U134/><E128/><V38/><F38/><W35/><G131/><T64/><D111/><U58/><E103/><V51/><F70/><W53/><G122/><T115/><D119/><U96/><E96/><V121/><F7/><W15/><G117/><T91/><D115/><U77/><E77/><V83/><F101/><W102/><G35/><T56/><D127/><U49/><E37/><V62/><F62/><W69/><G69/><T84/><D34/><U118/><E118/><V55/><F90/><W41/><G102/><T2/><D2/><U61/><E49/><V116/><F116/><W80/><G80/><T126/><D126/><U130/><E40/><N who="3" m="15466" /><G113/><T97/><D97/><U12/><E12/><V85/><F27/><W0/><G0/><T94/><D76/><U45/><E45/><V100/><F100/><W98/><G98/><T11/><D11/><U18/><E29/><AGARI ba="0,0" hai="29,30,48,51,54,55,78,79,82,83,85,86,121,123" machi="29" ten="25,1600,0" yaku="22,2" doraHai="110" who="2" fromWho="1" sc="381,0,185,-16,230,16,204,0" /><AGARI ba="0,0" hai="13,15,22,26,29,43,46,50,53,57,63" m="15466" machi="29" ten="30,1000,0" yaku="8,1" doraHai="110" who="3" fromWho="1" sc="381,0,169,-10,246,0,204,10" /><INIT seed="6,0,0,5,1,43" ten="381,159,246,214" oya="2" hai0="102,19,6,31,115,41,122,72,90,120,110,69,4" hai1="27,46,63,55,37,8,68,80,108,100,65,113,33" hai2="9,71,64,1,112,61,70,91,53,118,57,83,75" hai3="16,76,7,95,126,128,62,34,15,92,25,125,5"/><V60/><F118/><W97/><G128/><T94/><D110/><U48/><E108/><V66/><F112/><W114/><G114/><T106/><D115/><U132/><E113/><V99/><F75/><W103/><G76/><T105/><D69/><U12/><E132/><V28/><F28/><N who="3" m="19727" /><G92/><T82/><D31/><U111/><E111/><V0/><F9/><N who="3" m="6255" /><G62/><T123/><D41/><U50/><E100/><V18/><F18/><W3/><G3/><T54/><D102/><U84/><E27/><V23/><F99/><W22/><G22/><T26/><D94/><U38/><E33/><V104/><F23/><W52/><G52/><T10/><D54/><U24/><E24/><V134/><F104/><W56/><G56/><T88/><D106/><U51/><E38/><V2/><F134/><W32/><G32/><T39/><D105/><U78/><REACH who="1" step="1"/><E37/><REACH who="1" ten="381,149,246,214" step="2"/><V130/><F130/><W14/><G103/><T93/><D39/><U98/><E98/><V79/><F71/><W21/><G97/><T87/><D123/><U86/><E86/><V49/><F70/><W11/><G126/><T116/><D87/><U131/><E131/><V30/><F30/><W29/><G125/><T20/><D122/><U13/><E13/><V44/><F0/><W74/><G74/><T36/><D72/><U35/><E35/><V124/><F124/><W42/><G29/><T96/><D120/><U17/><AGARI ba="0,1" hai="8,12,17,46,48,50,51,55,63,65,68,78,80,84" machi="17" ten="20,5200,0" yaku="1,1,0,1,7,1,52,1,53,0" doraHai="43" doraHaiUra="107" who="1" fromWho="1" sc="381,-13,149,62,246,-26,214,-13" /><INIT seed="7,0,0,2,0,133" ten="368,211,220,201" oya="3" hai0="60,114,48,110,29,84,39,101,123,83,85,1,65" hai1="61,112,106,15,102,9,71,62,120,33,57,58,52" hai2="3,72,5,124,79,54,75,88,8,134,53,100,105" hai3="19,55,66,7,69,21,111,28,0,90,23,6,128"/><W122/><G122/><T37/><D110/><U16/><E120/><V131/><F134/><W43/><G111/><T76/><D1/><U45/><E33/><V74/><F131/><W91/><G128/><T49/><D123/><U20/><E112/><V17/><F79/><W103/><G43/><T63/><D101/><U116/><E116/><V109/><F100/><W126/><G103/><T64/><D76/><U93/><E71/><V24/><F105/><W130/><G130/><T56/><D29/><U2/><E45/><V67/><F67/><W118/><G118/><T10/><D10/><U73/><E73/><V113/><F113/><W78/><G78/><T97/><D56/><U59/><E106/><V86/><F109/><W4/><G0/><T95/><D95/><U35/><E35/><V89/><F89/><W115/><G115/><T104/><D104/><U132/><E132/><V87/><F87/><W38/><G38/><T107/><D107/><U12/><E62/><V18/><F18/><W36/><G36/><T27/><D114/><U40/><E40/><V42/><F42/><W26/><G55/><N who="2" m="21001" /><F17/><W51/><G51/><T129/><D129/><U125/><E2/><V46/><F46/><W121/><G121/><T44/><D44/><U25/><E102/><V41/><F41/><W119/><G119/><T30/><D37/><U82/><E52/><V127/><F24/><N who="3" m="16399" /><G126/><N who="2" m="48169" /><F72/><W80/><G80/><AGARI ba="0,0" hai="3,5,8,74,75,80,86,88" m="48169,21001" machi="80" ten="30,8000,1" yaku="18,1,52,3,54,1" doraHai="133" who="2" fromWho="3" sc="368,0,211,0,220,80,201,-80" owari="368,47.0,211,-19.0,300,10.0,121,-38.0" /></mjloggm>