<mjloggm ver="2.3"><GO type="169" lobby="0"/><UN n0="%E4%B8%89%E9%83%8E%44%58" n1="%E5%BA%83%E8%83%BD%E6%98%8C%E4%B8%89" n2="%E3%83%AA%E3%82%B9%E3%83%83%E3%83%81" n3="%E3%82%A6%E3%83%AB%E3%83%88%E3%83%A9%E7%AB%8B%E7%9B%B4" dan="16,17,16,17" rate="2087.12,2232.04,2037.28,2130.03" sx="M,M,M,M"/><TAIKYOKU oya="0"/><INIT seed="0,0,0,4,5,91" ten="250,250,250,250" oya="0" hai0="89,48,52,13,69,109,25,131,9,115,21,56,12" hai1="38,42,59,101,74,68,49,41,33,79,111,114,6" hai2="65,95,46,87,61,82,120,32,26,84,15,126,90" hai3="45,88,4,20,77,44,102,36,75,27,121,86,107"/><T125/><D115/><U30/><E68/><V16/><F120/><W60/><G4/><T85/><D69/><U43/><E38/><V119/><F119/><W31/><G36/><T94/><D131/><U11/><E101/><V97/><F126/><W40/><G40/><T134/><D134/><U128/><E114/><V39/><F32/><W53/><G121/><T110/><D125/><U64/><E128/><V100/><F26/><W2/><G2/><T83/><D83/><U23/><E33/><V35/><F35/><W51/><G60/><T122/><D122/><U14/><E111/><N who="0" m="42505" /><D9/><U80/><E64/><V10/><F39/><W7/><G75/><T24/><D24/><U54/><E30/><AGARI ba="0,0" hai="12,13,21,25,30,48,52,56,85,89,94" m="42505" machi="30" ten="30,11600,0" yaku="14,1,10,1,52,1,54,1" doraHai="91" who="0" fromWho="1" sc="250,116,250,-116,250,0,250,0" /><INIT seed="0,1,0,4,3,106" ten="366,134,250,250" oya="0" hai0="43,89,90,124,37,45,27,131,93,101,121,44,82" hai1="57,5,70,31,91,104,113,92,72,97,51,22,39" hai2="4,49,12,40,78,74,58,108,26,102,46,38,83" hai3="132,105,23,127,133,20,29,41,18,122,88,66,98"/><T24/><D121/><U67/><E39/><V17/><F108/><W62/><G41/><T56/><D131/><U117/><E104/><V19/><F102/><W111/><G111/><T33/><D124/><U68/><E117/><V0/><F26/><W52/><G127/><T15/><D33/><U61/><E113/><V34/><F34/><W116/><G66/><T35/><D35/><U130/><E130/><V48/><F58/><N who="3" m="35143" /><G105/><T76/><D45/><U107/><E107/><V10/><REACH who="2" step="1"/><F17/><REACH who="2" ten="366,134,240,250" step="2"/><W11/><G122/><T118/><D101/><U128/><E57/><V69/><F69/><W100/><G100/><T6/><D27/><U42/><E68/><V25/><F25/><W125/><G125/><T50/><D24/><U112/><E128/><V59/><F59/><W126/><G126/><T55/><D56/><U47/><E112/><V9/><AGARI ba="1,1" hai="0,4,9,10,12,19,38,40,46,48,49,74,78,83" machi="9" ten="20,12000,2" yaku="1,1,0,1,7,1,25,2,52,1,53,0" doraHai="106" doraHaiUra="134" who="2" fromWho="2" sc="366,-61,134,-31,240,133,250,-31" /><INIT seed="1,0,0,5,3,106" ten="305,103,373,219" oya="1" hai0="44,128,117,12,31,83,58,32,9,61,30,11,62" hai1="126,13,14,25,23,132,116,57,111,49,91,63,6" hai2="55,108,77,2,74,53,59,0,56,35,104,97,87" hai3="17,5,90,115,79,127,82,101,102,42,107,69,135"/><U119/><E126/><V64/><F35/><W43/><G69/><T103/><D117/><U38/><E38/><V130/><F108/><W48/><G5/><T1/><D128/><U52/><E132/><V16/><F87/><W85/><G115/><T19/><D32/><U60/><E111/><V105/><F64/><W113/><G113/><T51/><D62/><U50/><E116/><V75/><F77/><W131/><G131/><T96/><D9/><N who="1" m="4279" /><E119/><V118/><F97/><W70/><G70/><T10/><D11/><U20/><E63/><V66/><F118/><W65/><G107/><T73/><D1/><U40/><E40/><V45/><F66/><W133/><G65/><T34/><D34/><U28/><E91/><V123/><F45/><N who="3" m="25655" /><G43/><T99/><D99/><U39/><E39/><V86/><F130/><W37/><G37/><T22/><D22/><U88/><E88/><V29/><F86/><W120/><G120/><T3/><D3/><U67/><E67/><V98/><F98/><W4/><G90/><T80/><D80/><U109/><E109/><V92/><F123/><W27/><G4/><T46/><D46/><U114/><E114/><V112/><F112/><W26/><G127/><T8/><D8/><U15/><E15/><V72/><F105/><W54/><G133/><T124/><D124/><U110/><E110/><V95/><F104/><W47/><G135/><T18/><D12/><U100/><E100/><N who="3" m="38506" /><G47/><T121/><D44/><U134/><E134/><V94/><F2/><W81/><G81/><T41/><D83/><U122/><E122/><V71/><F0/><RYUUKYOKU ba="0,0" sc="305,-10,103,30,373,-10,219,-10" hai1="14,20,23,25,28,49,50,52,57,60" /><INIT seed="1,1,0,2,0,101" ten="295,133,363,209" oya="1" hai0="34,23,123,61,47,71,37,32,11,16,114,49,74" hai1="30,17,76,116,130,104,0,77,124,126,2,134,10" hai2="50,63,3,41,39,127,97,81,52,20,45,122,48" hai3="26,92,62,22,120,131,69,44,108,109,118,115,110"/><U36/><E36/><V119/><F3/><N who="1" m="1065" /><E116/><V55/><F122/><W68/><G120/><T79/><D114/><U128/><E30/><V86/><F119/><W19/><G115/><T93/><D123/><U111/><E104/><V103/><F127/><N who="1" m="48681" /><E111/><V15/><F63/><W43/><G118/><T100/><D37/><U117/><E117/><V33/><F33/><W25/><G131/><N who="1" m="50218" /><E134/><V89/><F39/><N who="3" m="21631" /><G62/><T102/><D61/><U4/><E17/><N who="2" m="10303" /><F48/><W99/><G68/><T40/><D16/><U107/><E107/><V12/><F103/><N who="3" m="60903" /><G69/><T106/><D49/><U87/><E87/><V28/><F28/><W112/><G112/><T82/><D102/><U65/><E65/><V94/><F86/><W121/><G121/><T54/><D100/><U72/><E72/><V53/><F81/><W58/><G58/><T18/><D82/><U90/><E90/><V27/><F41/><W91/><G91/><T88/><D106/><U98/><E98/><V66/><F66/><W132/><G132/><T129/><D71/><U70/><E70/><V7/><F50/><W73/><G73/><T67/><D74/><U78/><E10/><N who="2" m="4191" /><F45/><W75/><G75/><T56/><D47/><U113/><E113/><V84/><F84/><W42/><G42/><T14/><D40/><U96/><E96/><V6/><F55/><W38/><G38/><T60/><D67/><U46/><E46/><V105/><F105/><W51/><G51/><T80/><D129/><U135/><E135/><V9/><F53/><W31/><G31/><T21/><D54/><U35/><E35/><V8/><F52/><RYUUKYOKU ba="1,0" sc="295,-15,133,15,363,-15,209,15" hai1="4,76,77,78" hai3="19,22,25,26,108,109,110" /><INIT seed="1,2,0,2,0,114" ten="280,148,348,224" oya="1" hai0="109,134,106,54,97,40,42,58,96,23,9,30,19" hai1="65,41,47,73,62,135,12,79,83,125,113,48,98" hai2="104,82,7,102,37,128,91,119,16,61,55,80,85" hai3="14,17,6,45,122,131,130,81,43,56,15,29,31"/><U33/><E33/><V121/><F37/><W34/><G34/><T116/><D134/><U90/><E113/><V69/><F121/><W28/><G122/><T93/><D106/><U107/><E125/><V87/><F7/><W132/><G56/><T2/><D116/><U38/><E135/><V99/><F128/><N who="3" m="49195" /><G81/><T88/><D109/><U77/><E12/><V103/><F119/><W112/><G112/><T27/><D97/><U39/><E79/><V133/><F133/><W111/><G132/><T3/><D3/><U26/><E26/><V124/><F124/><W126/><G111/><T18/><D18/><U92/><REACH who="1" step="1"/><E107/><REACH who="1" ten="280,138,348,224" step="2"/><V67/><F67/><W127/><G14/><N who="0" m="7631" /><D2/><U11/><E11/><V8/><F104/><W117/><G117/><T35/><D35/><U21/><E21/><V100/><F8/><N who="3" m="6375" /><G6/><T94/><D94/><U13/><E13/><V76/><F76/><W75/><G75/><T95/><D95/><U59/><AGARI ba="2,1" hai="38,39,41,47,48,59,62,65,73,77,83,90,92,98" machi="59" ten="20,3900,0" yaku="1,1,0,1,7,1,53,0" doraHai="114" doraHaiUra="24" who="1" fromWho="1" sc="280,-15,138,55,348,-15,224,-15" /><INIT seed="1,3,0,4,0,113" ten="265,193,333,209" oya="1" hai0="35,61,108,17,34,88,5,32,121,93,39,131,84" hai1="23,95,133,48,15,65,97,101,14,115,83,91,70" hai2="46,82,94,29,8,117,81,99,73,67,44,37,7" hai3="87,71,22,6,100,62,132,106,9,64,77,66,42"/><U110/><E115/><V111/><F111/><W104/><G66/><T28/><D39/><U21/><E133/><V0/><F67/><W107/><G132/><T72/><D72/><U96/><E110/><V98/><F29/><W12/><G42/><T59/><D108/><U109/><E109/><V47/><F117/><W135/><G135/><T2/><D121/><U60/><E48/><V112/><F112/><W85/><G77/><T130/><D17/><U129/><E129/><N who="0" m="49161" /><D5/><U16/><E83/><V116/><F116/><W78/><G78/><T18/><D18/><U51/><E51/><V45/><F94/><W90/><G100/><T58/><D58/><U74/><E74/><V4/><F4/><W10/><G10/><T57/><D57/><U119/><E119/><V63/><F63/><W52/><G90/><T53/><D2/><U103/><E96/><V128/><F128/><W54/><REACH who="3" step="1"/><G22/><REACH who="3" ten="265,193,333,199" step="2"/><T125/><D125/><U33/><E33/><V55/><F37/><W123/><G123/><T27/><AGARI ba="3,1" hai="27,28,32,34,35,53,59,61,84,88,93" m="49161" machi="27" ten="30,2000,0" yaku="19,1,54,1" doraHai="113" who="0" fromWho="0" sc="265,39,193,-13,333,-8,199,-8" /><INIT seed="2,0,0,3,2,105" ten="304,180,325,191" oya="2" hai0="93,55,82,51,56,14,95,62,132,50,70,76,73" hai1="22,116,6,89,118,122,15,85,87,2,44,124,34" hai2="134,11,106,94,24,42,29,33,84,131,121,83,88" hai3="20,35,3,69,46,128,43,37,16,36,111,120,80"/><V47/><F121/><W40/><G35/><T96/><D132/><U71/><E34/><V49/><F106/><W117/><G120/><T110/><D110/><U18/><E71/><V108/><F134/><W7/><G69/><T91/><D70/><U13/><E122/><V126/><F126/><W97/><G117/><T65/><D65/><U75/><E2/><V99/><F131/><W5/><G128/><T57/><D57/><U19/><E6/><V53/><F11/><W60/><G111/><T12/><D95/><U26/><E26/><V77/><REACH who="2" step="1"/><F108/><REACH who="2" ten="304,180,315,191" step="2"/><W74/><G3/><T113/><REACH who="0" step="1"/><D113/><REACH who="0" ten="294,180,315,191" step="2"/><U28/><E118/><V64/><F64/><W103/><G5/><T52/><D52/><AGARI ba="0,2" hai="24,29,33,42,47,49,52,53,77,83,84,88,94,99" machi="52" ten="40,12000,1" yaku="1,1,54,2,53,1" doraHai="105" doraHaiUra="38" who="2" fromWho="0" sc="294,-120,180,0,315,140,191,0" /><INIT seed="2,1,0,1,4,32" ten="174,180,455,191" oya="2" hai0="130,22,84,124,94,23,126,81,68,34,31,112,62" hai1="49,79,2,88,65,19,39,91,30,122,36,18,119" hai2="41,69,95,99,135,13,121,44,115,89,40,48,109" hai3="59,5,29,42,100,131,103,11,14,45,107,108,118"/><V70/><F121/><W64/><G118/><T134/><D112/><U16/><E119/><V111/><F115/><W77/><G107/><T35/><D94/><U110/><E122/><V106/><F41/><W63/><G108/><N who="2" m="41545" /><F135/><W27/><G77/><T75/><D75/><U133/><E110/><V20/><F106/><W105/><G105/><T74/><D74/><U98/><E133/><V6/><F20/><W80/><G80/><T1/><D134/><U85/><E65/><V10/><AGARI ba="1,0" hai="6,10,13,40,44,48,69,70,89,95,99" m="41545" machi="10" ten="30,3000,0" yaku="14,1,10,1" doraHai="32" who="2" fromWho="2" sc="174,-11,180,-11,455,33,191,-11" /><INIT seed="2,2,0,2,5,125" ten="163,169,488,180" oya="2" hai0="68,22,94,29,115,0,106,4,12,82,110,120,51" hai1="117,83,102,72,127,54,89,63,66,123,15,59,47" hai2="74,42,53,26,69,124,93,98,81,126,64,65,3" hai3="21,67,71,19,99,38,34,86,118,30,18,57,52"/><V40/><F3/><W5/><G38/><T62/><D106/><U20/><E117/><V2/><F2/><W10/><G118/><T113/><D120/><U91/><E123/><V1/><F1/><W7/><G71/><T76/><D110/><U25/><E127/><N who="2" m="48683" /><F26/><N who="3" m="16719" /><G67/><T28/><D68/><U116/><E116/><V88/><F53/><W85/><G99/><T107/><D62/><U131/><E102/><V133/><F133/><W45/><G45/><T43/><D107/><U24/><E131/><V109/><F109/><W73/><G73/><T75/><D29/><U97/><E72/><V84/><F74/><W58/><G58/><T122/><D122/><U60/><E15/><V14/><F14/><N who="3" m="5471" /><G5/><T90/><D0/><U46/><E25/><V78/><F65/><W101/><G101/><T35/><D35/><U8/><E8/><V111/><F111/><W114/><G114/><T132/><D132/><U17/><E91/><V80/><F80/><W87/><G34/><T134/><D134/><U6/><E6/><V50/><F50/><AGARI ba="2,0" hai="18,19,50,52,57,85,86,87" m="5471,16719" machi="50" ten="30,2000,0" yaku="8,1,54,1" doraHai="125" who="3" fromWho="2" sc="163,0,169,0,488,-26,180,26" /><INIT seed="3,0,0,3,3,76" ten="163,169,462,206" oya="3" hai0="53,30,62,49,8,80,88,68,73,35,91,114,95" hai1="37,10,117,100,36,82,110,113,16,38,85,81,11" hai2="31,29,39,101,28,24,12,19,9,13,60,32,34" hai3="90,120,22,104,131,132,44,66,115,48,119,15,92"/><W21/><G104/><T65/><D114/><U14/><E113/><V96/><F39/><W123/><G119/><T125/><D125/><U55/><E117/><V4/><F60/><W94/><G115/><T1/><D35/><N who="2" m="13354" /><F96/><W33/><G33/><T130/><D130/><U63/><E110/><V135/><F101/><W50/><G66/><T78/><D30/><N who="2" m="11882" /><F135/><W3/><G132/><T93/><D1/><U17/><E100/><V87/><F87/><W26/><G3/><T74/><D73/><U46/><E85/><V127/><F127/><W99/><G131/><T84/><D8/><U112/><E112/><V67/><F67/><W129/><G129/><T116/><D116/><U86/><E86/><V56/><F56/><W52/><G94/><T0/><D0/><U27/><E27/><V134/><F134/><W6/><G50/><T51/><REACH who="0" step="1"/><D53/><REACH who="0" ten="153,169,462,206" step="2"/><U45/><E55/><V5/><F31/><N who="3" m="17871" /><G123/><T109/><D109/><U106/><E11/><N who="2" m="4199" /><F24/><W57/><G120/><T40/><D40/><U7/><E37/><V133/><F133/><W59/><G52/><T69/><D69/><U75/><E36/><V124/><F124/><W77/><G48/><T54/><D54/><U64/><E38/><V79/><F79/><W61/><G77/><T118/><D118/><U89/><E75/><V71/><F71/><W128/><G128/><T47/><D47/><U2/><E46/><V121/><F121/><W102/><G44/><T107/><D107/><U97/><E45/><V20/><F9/><N who="3" m="4535" /><G59/><T126/><D126/><U25/><E106/><V103/><F103/><W18/><G102/><RYUUKYOKU ba="0,1" sc="153,15,169,-15,462,15,206,-15" hai0="49,51,62,65,68,74,78,80,84,88,91,93,95" hai2="5,13,19,20" /><INIT seed="4,1,1,4,5,110" ten="168,154,477,191" oya="0" hai0="43,114,65,52,134,15,132,102,58,29,21,103,122" hai1="28,109,87,10,112,66,107,50,55,118,99,133,74" hai2="14,127,117,47,8,129,54,64,35,119,36,53,16" hai3="17,48,45,79,6,90,89,19,34,44,4,1,39"/><T38/><D122/><U86/><E74/><V124/><F129/><W123/><G34/><T92/><D65/><U31/><E109/><V51/><F35/><W100/><G1/><T128/><D128/><U77/><E118/><N who="2" m="45067" /><F64/><W41/><G39/><T130/><D130/><U75/><E75/><V121/><F121/><W125/><G100/><T83/><D83/><U88/><E133/><N who="0" m="51305" /><D92/><U11/><E66/><V18/><F36/><W69/><G69/><T70/><D70/><U42/><E42/><N who="2" m="25079" /><F18/><W63/><G41/><T97/><D97/><U96/><E107/><V22/><F8/><W0/><G123/><T68/><D68/><U98/><E77/><V78/><F78/><W26/><G79/><T76/><D76/><U80/><E87/><V120/><F120/><W113/><G19/><N who="0" m="10495" /><D29/><N who="1" m="11339" /><E112/><V12/><F54/><W84/><G17/><T13/><D13/><U59/><AGARI ba="1,1" hai="10,11,50,55,59,80,86,88,96,98,99" m="11339" machi="59" ten="30,2000,0" yaku="8,1,54,1" doraHai="110" who="1" fromWho="1" sc="168,-11,154,33,477,-6,191,-6" /><INIT seed="5,0,0,0,2,75" ten="157,187,471,185" oya="1" hai0="27,31,67,87,110,117,28,105,39,71,131,108,10" hai1="103,57,114,133,93,92,82,47,52,49,107,2,58" hai2="5,90,98,104,132,101,0,35,16,53,116,80,60" hai3="14,134,97,70,118,109,38,40,56,17,45,55,111"/><U23/><E2/><V86/><F35/><W34/><G34/><T22/><D117/><U1/><E1/><V79/><F116/><W43/><G118/><T130/><D39/><U94/><E114/><V32/><F32/><W74/><G43/><T128/><D67/><U9/><E133/><V48/><F132/><W50/><G134/><T66/><D71/><U54/><E9/><V61/><F5/><W33/><G33/><T121/><D66/><U21/><E107/><V30/><F0/><W122/><G122/><T36/><D36/><U83/><E103/><V3/><F3/><W135/><G135/><T65/><D65/><U123/><E123/><V106/><F30/><N who="0" m="11306" /><D105/><U96/><E96/><V41/><F41/><W72/><G70/><T100/><D100/><U76/><E47/><V126/><F126/><W51/><G38/><T11/><D87/><N who="1" m="48583" /><E83/><V89/><F16/><W88/><G74/><T129/><D121/><U29/><E29/><V59/><F104/><W120/><G72/><T69/><D69/><U73/><E73/><V68/><F68/><W81/><G120/><T119/><D119/><U62/><AGARI ba="0,0" hai="21,23,49,52,54,57,58,62,92,93,94" m="48583" machi="62" ten="30,6000,0" yaku="8,1,52,1,54,1" doraHai="75" who="1" fromWho="1" sc="157,-20,187,60,471,-20,185,-20" /><INIT seed="5,1,0,4,1,93" ten="137,247,451,165" oya="1" hai0="12,98,135,88,42,30,91,75,124,110,111,69,66" hai1="3,21,45,19,47,34,116,129,100,126,8,118,113" hai2="103,128,131,102,84,6,32,132,78,109,68,127,37" hai3="29,13,9,22,120,35,33,40,16,63,92,18,73"/><U59/><E34/><V1/><F37/><W105/><G105/><T115/><D75/><U49/><E113/><V54/><F32/><W31/><G73/><T62/><D115/><U38/><E38/><V76/><F68/><W27/><G40/><T99/><D135/><U25/><E100/><V60/><F109/><W11/><G63/><T87/><D42/><U106/><E106/><V46/><F132/><W44/><G44/><T80/><D124/><U133/><E126/><V51/><F127/><W57/><G57/><T114/><D114/><U7/><E133/><V77/><F84/><W122/><G92/><T24/><D12/><U70/><E70/><V53/><F6/><W48/><G48/><T0/><D0/><U82/><E82/><V119/><F1/><W71/><G71/><T41/><D41/><U134/><E134/><V61/><F119/><W55/><G55/><T107/><D107/><U43/><E129/><N who="2" m="49739" /><F54/><W52/><G52/><T20/><REACH who="0" step="1"/><D91/><REACH who="0" ten="127,247,451,165" step="2"/><U81/><E3/><V15/><F15/><N who="3" m="7295" /><G122/><T130/><D130/><U94/><E43/><V95/><F102/><W101/><G120/><T65/><D65/><U72/><E72/><V125/><F125/><W85/><G101/><T28/><D28/><N who="3" m="10825" /><G85/><T50/><D50/><U23/><E49/><V36/><F36/><W97/><G97/><AGARI ba="1,1" hai="20,24,30,62,66,69,80,87,88,97,98,99,110,111" machi="97" ten="40,8000,1" yaku="1,1,52,3,54,1,53,0" doraHai="93" doraHaiUra="4" who="0" fromWho="3" sc="127,93,247,0,451,0,165,-83" /><AGARI ba="1,0" hai="46,51,53,60,61,76,77,78,95,97,103" m="49739" machi="97" ten="30,2000,0" yaku="19,1,52,1" doraHai="93" who="2" fromWho="3" sc="220,0,247,0,451,20,82,-20" /><INIT seed="6,0,0,4,4,110" ten="220,247,471,62" oya="2" hai0="130,31,78,80,21,90,20,42,87,77,8,9,5" hai1="67,45,95,71,38,27,30,125,4,135,126,57,121" hai2="60,22,101,43,3,68,132,2,6,39,15,99,112" hai3="89,55,79,23,102,63,36,134,58,119,46,0,29"/><V25/><F43/><W100/><G0/><T111/><D130/><U84/><E71/><V69/><F39/><W1/><G1/><T28/><D111/><U52/><E67/><V37/><F37/><W117/><G79/><T96/><D42/><N who="1" m="22743" /><E4/><V92/><F132/><W97/><G134/><T73/><D73/><U64/><E64/><V75/><F75/><W66/><G89/><T82/><D96/><U91/><E135/><V24/><F3/><W104/><G102/><T17/><D5/><U59/><E52/><V128/><F2/><W127/><G127/><N who="1" m="48650" /><E121/><V14/><F128/><W118/><G36/><T120/><D120/><U62/><E62/><V88/><F69/><W56/><G46/><T7/><D7/><U61/><E61/><V32/><F60/><W70/><G55/><T76/><D17/><U116/><E116/><V105/><F68/><W65/><G65/><T129/><D129/><U131/><E131/><V48/><F48/><W72/><G72/><T33/><D33/><AGARI ba="0,0" hai="27,30,33,57,59,84,91,95" m="48650,22743" machi="33" ten="30,1000,0" yaku="18,1" doraHai="110" who="1" fromWho="0" sc="220,-10,247,10,471,0,62,0" /><INIT seed="7,0,0,4,3,54" ten="210,257,471,62" oya="3" hai0="35,93,70,111,73,17,31,42,20,12,59,92,32" hai1="135,56,33,30,98,19,25,61,3,67,5,66,58" hai2="76,27,115,89,62,53,68,21,7,83,1,109,79" hai3="78,4,11,37,94,36,15,6,63,41,130,134,124"/><W45/><G124/><T40/><D73/><U133/><E19/><V26/><F109/><W60/><G130/><T8/><D111/><U39/><E39/><V120/><F115/><W38/><G134/><T132/><D70/><U118/><E118/><V123/><F7/><W126/><G126/><T131/><D132/><U49/><E98/><V114/><F1/><W102/><G4/><T113/><D131/><U28/><E28/><V43/><F114/><W47/><G78/><T69/><D69/><U75/><E75/><V107/><F107/><W24/><G24/><T121/><D121/><N who="2" m="46666" /><F43/><W84/><G45/><T112/><D31/><U18/><E18/><N who="2" m="12599" /><F27/><W99/><REACH who="3" step="1"/><G84/><REACH who="3" ten="210,257,471,52" step="2"/><T81/><D81/><U82/><E82/><V119/><F79/><W22/><G22/><T110/><D110/><U34/><E133/><V104/><F119/><W129/><G129/><T46/><D113/><U10/><E135/><V77/><F77/><W74/><G74/><T65/><D112/><U9/><E25/><V90/><F76/><W87/><G87/><T0/><D20/><U96/><E5/><V51/><F83/><W128/><G128/><T108/><D32/><U100/><E33/><V52/><F62/><AGARI ba="0,1" hai="6,11,15,36,37,38,41,47,60,62,63,94,99,102" machi="62" ten="40,2000,0" yaku="1,1,53,0" doraHai="54" doraHaiUra="48" who="3" fromWho="2" sc="210,0,257,0,471,-20,52,30" /><INIT seed="7,1,0,0,1,130" ten="210,257,451,82" oya="3" hai0="119,89,134,74,24,25,28,132,59,43,54,4,81" hai1="13,63,3,23,93,133,135,90,47,131,124,67,125" hai2="121,85,107,105,106,40,111,129,116,96,79,1,45" hai3="0,61,104,87,11,9,99,49,18,39,46,33,50"/><W83/><G33/><T36/><D119/><U69/><E3/><V57/><F116/><W117/><G117/><T44/><D4/><U10/><E23/><V53/><F1/><W80/><G0/><T35/><D35/><U75/><E47/><V110/><F129/><W120/><G39/><T64/><D64/><U109/><E75/><V26/><F26/><W58/><G120/><T51/><D28/><U19/><E109/><V115/><F121/><W102/><G80/><T70/><D70/><U52/><E52/><V62/><F96/><W73/><G73/><T16/><D16/><U37/><E37/><V56/><F115/><W30/><G30/><T8/><D8/><U91/><E91/><V71/><F71/><W94/><G104/><T7/><D7/><U108/><E108/><V72/><F72/><W82/><G82/><T122/><D122/><U100/><E100/><V5/><F5/><W127/><G127/><N who="1" m="48714" /><E131/><V41/><F57/><W88/><G18/><T31/><D31/><U68/><E68/><V65/><F53/><N who="3" m="32055" /><G61/><T118/><D118/><U21/><E10/><V126/><F126/><W86/><G86/><AGARI ba="1,0" hai="13,19,21,63,67,69,86,90,93,133,135" m="48714" machi="86" ten="30,3900,0" yaku="18,1,52,2" doraHai="130" who="1" fromWho="3" sc="210,0,257,42,451,0,82,-42" owari="210,-19.0,299,10.0,451,55.0,40,-46.0" /></mjloggm>