<mjloggm ver="2.3"><GO type="225" lobby="0"/><UN n0="%E3%83%88%E3%83%88%E3%83%AA%E5%85%88%E7%94%9F%31%39%E6%AD%B3" n1="%E3%81%84%E3%81%8F%E3%82%84%E3%81%BE%E2%98%86%E3%81%95%E3%82%80%E3%81%8A" n2="%68%61%74%75%5F" n3="%4D%72%2E%6E%69%6B%75%39" dan="17,16,16,17" rate="2189.86,2143.28,2113.43,2151.49" sx="F,M,M,M"/><TAIKYOKU oya="0"/><INIT seed="0,0,0,4,0,118" ten="250,250,250,250" oya="0" hai0="62,72,95,91,105,48,77,6,26,30,79,63,122" hai1="28,119,57,24,34,108,126,66,35,18,5,22,123" hai2="45,113,65,27,25,49,51,134,94,20,69,116,46" hai3="87,64,59,29,82,81,129,96,40,68,76,9,93"/><T114/><BYE who="1" /><D114/><U3/><E3/><V54/><F113/><W107/><G129/><T128/><D105/><U75/><E75/><V41/><F116/><W92/><G68/><T16/><D122/><U124/><E124/><V13/><F134/><W97/><G107/><T36/><D36/><U111/><E111/><V83/><F69/><W31/><G40/><T109/><D128/><U99/><E99/><N who="3" m="37962" /><G81/><T98/><D6/><U61/><E61/><N who="0" m="23049" /><D72/><U103/><E103/><V11/><F65/><W73/><G73/><T85/><D30/><N who="3" m="11273" /><G9/><T56/><D109/><U52/><E52/><V101/><F20/><W37/><G37/><T78/><D98/><UN n1="%E3%81%84%E3%81%8F%E3%82%84%E3%81%BE%E2%98%86%E3%81%95%E3%82%80%E3%81%8A" /><U42/><E108/><V38/><F83/><W58/><G64/><T44/><D56/><AGARI ba="0,0" hai="56,58,59,76,82,87,92,93" m="11273,37962" machi="56" ten="30,1000,0" yaku="8,1" doraHai="118" who="3" fromWho="0" sc="250,-10,250,0,250,0,250,10" /><INIT seed="1,0,0,2,0,126" ten="240,250,250,260" oya="1" hai0="119,72,22,125,99,2,132,100,19,40,30,7,33" hai1="27,12,120,98,111,3,118,37,75,31,43,105,46" hai2="93,131,13,17,36,48,101,5,25,114,116,60,94" hai3="28,90,107,78,84,82,38,6,49,115,89,88,103"/><U54/><E118/><V121/><F116/><W9/><G115/><T73/><D119/><U47/><E120/><V39/><F121/><W81/><G38/><T66/><D125/><U70/><E70/><V11/><F114/><W110/><G110/><T133/><D40/><U76/><E111/><V86/><F131/><W71/><G71/><T109/><D109/><U123/><E123/><V1/><F25/><W21/><G107/><T16/><D66/><U77/><E3/><V18/><F60/><W15/><G103/><T65/><D65/><U64/><E64/><V4/><F4/><W74/><REACH who="3" step="1"/><G49/><REACH who="3" ten="240,250,250,250" step="2"/><T68/><D68/><U102/><E105/><V128/><F39/><W62/><G62/><T53/><D100/><U79/><E102/><V51/><F36/><W113/><G113/><T69/><D69/><U14/><E37/><V59/><F51/><W35/><G35/><T44/><D33/><U61/><E61/><V67/><F48/><W129/><G129/><T24/><D132/><U42/><E42/><V124/><F128/><W41/><G41/><T34/><D133/><U108/><E43/><V85/><F124/><W52/><G52/><T50/><D34/><U97/><E54/><V95/><F101/><W58/><G58/><T135/><D135/><U32/><E108/><V26/><F59/><W23/><G23/><T122/><D122/><U92/><E75/><N who="0" m="28745" /><D99/><U29/><E98/><V117/><F117/><W8/><G8/><N who="0" m="2167" /><D53/><U10/><E10/><N who="2" m="6327" /><F67/><W20/><G20/><T63/><D63/><U96/><E96/><V83/><F83/><W80/><G80/><RYUUKYOKU ba="0,1" sc="240,10,250,-30,250,10,250,10" hai0="16,19,22,24,30,44,50" hai2="1,5,11,18,26,85,86,93,94,95" hai3="6,9,15,21,28,74,78,81,82,84,88,89,90" /><INIT seed="2,1,1,3,4,18" ten="250,220,260,260" oya="2" hai0="122,57,29,114,61,65,26,93,104,87,118,85,35" hai1="0,124,77,79,28,121,83,86,75,73,97,13,36" hai2="5,60,68,31,8,3,95,55,42,90,4,133,128" hai3="78,108,52,32,20,43,2,106,70,51,96,99,16"/><V94/><F128/><W88/><G108/><T64/><D114/><U91/><E0/><V126/><F133/><W58/><G70/><T113/><D113/><U110/><E36/><V134/><F134/><W47/><G32/><T41/><D122/><U125/><E28/><V25/><F126/><N who="1" m="48745" /><E13/><V6/><F42/><W49/><G2/><T33/><D104/><U40/><E40/><V131/><F131/><W30/><G30/><T116/><D35/><U71/><E71/><V112/><F112/><W74/><G106/><T59/><D41/><U22/><E22/><V100/><F100/><W120/><G120/><T39/><D39/><U84/><E121/><V89/><F94/><N who="3" m="56391" /><G74/><N who="1" m="28170" /><E110/><V101/><F90/><W69/><G69/><T19/><D19/><U80/><E97/><V21/><F101/><W115/><G115/><T123/><D123/><U102/><E102/><V56/><REACH who="2" step="1"/><F68/><REACH who="2" ten="250,220,250,260" step="2"/><W27/><G99/><AGARI ba="1,2" hai="3,4,5,6,8,21,25,31,55,56,60,89,95,99" machi="99" ten="30,11600,0" yaku="1,1,2,1,7,1,52,1,53,0" doraHai="18" doraHaiUra="38" who="2" fromWho="3" sc="250,0,220,0,250,139,260,-119" /><INIT seed="2,2,0,5,3,126" ten="250,220,389,141" oya="2" hai0="29,46,0,129,91,82,127,122,16,9,20,92,41" hai1="54,14,74,11,130,123,119,44,128,69,117,1,76" hai2="25,107,104,101,26,114,32,116,56,42,60,132,124" hai3="110,68,93,43,35,13,27,63,106,66,84,17,94"/><V5/><F114/><W34/><G110/><T38/><D122/><U47/><E123/><V72/><F72/><W31/><G106/><T12/><D127/><U100/><E69/><V55/><F5/><W8/><G35/><T21/><D129/><N who="1" m="49771" /><E1/><V77/><F77/><W113/><G113/><T103/><D103/><U90/><E100/><V39/><F26/><W4/><G43/><T67/><D0/><U115/><E115/><V22/><F32/><W97/><G97/><T121/><D121/><U98/><E76/><V40/><F40/><W28/><G28/><T112/><D112/><U49/><E74/><V81/><F101/><W6/><REACH who="3" step="1"/><G94/><REACH who="3" ten="250,220,389,131" step="2"/><T19/><D29/><U61/><E119/><V30/><F107/><W96/><G96/><T118/><D118/><U36/><E117/><V45/><F104/><W88/><AGARI ba="2,1" hai="4,6,8,13,17,27,31,34,63,66,68,84,88,93" machi="88" ten="30,4000,0" yaku="1,1,0,1,54,1,53,0" doraHai="126" doraHaiUra="99" who="3" fromWho="3" sc="250,-12,220,-12,389,-22,131,56" /><INIT seed="3,0,0,1,2,12" ten="238,208,367,187" oya="3" hai0="33,65,25,116,92,106,102,38,60,63,80,73,29" hai1="84,132,134,20,124,104,11,5,13,3,52,62,127" hai2="118,103,53,114,135,45,59,82,71,22,30,133,58" hai3="90,77,108,97,111,56,98,14,110,2,32,131,74"/><W76/><G131/><T49/><D116/><U94/><E104/><V126/><F118/><W130/><G130/><T115/><D38/><U16/><E94/><V37/><F114/><W120/><G120/><T0/><D0/><U86/><E62/><V23/><F71/><W26/><G2/><T34/><D115/><U35/><E35/><V95/><F126/><N who="1" m="48169" /><E52/><V99/><F82/><N who="3" m="45335" /><G77/><T7/><D7/><U4/><E4/><V105/><F105/><W24/><G56/><N who="2" m="21545" /><F30/><N who="3" m="19527" /><G26/><T17/><D34/><U69/><E69/><V87/><F87/><AGARI ba="0,0" hai="3,5,11,13,16,20,84,86,87,132,134" m="48169" machi="87" ten="30,3900,0" yaku="18,1,52,1,54,1" doraHai="12" who="1" fromWho="2" sc="238,0,208,39,367,-39,187,0" owari="238,-16.0,247,5.0,328,42.0,187,-31.0" /></mjloggm>