<mjloggm ver="2.3"><GO type="97" lobby="0"/><UN n0="%52%45%49%44" n1="%E5%B1%8B%E6%A0%B9%E8%A3%8F%E3%81%AE%E5%8A%A0%E8%97%A4%E9%B7%B9" n2="%E5%B0%B1%E6%B4%BB%E7%94%9F%40%E5%B7%9D%E6%9D%91%E8%BB%8D%E5%9B%A3" n3="%E4%BF%AE%E6%A5%AD%E4%B8%AD" dan="14,14,16,14" rate="1969.48,1955.88,2095.79,1985.65" sx="F,M,M,M"/><TAIKYOKU oya="0"/><INIT seed="0,0,0,2,0,84" ten="250,250,250,250" oya="0" hai0="54,73,33,95,41,6,65,63,18,122,64,92,130" hai1="126,59,32,8,90,29,100,19,23,17,66,22,61" hai2="52,83,9,128,67,117,116,31,123,88,133,102,132" hai3="87,51,3,75,104,114,30,93,127,16,96,28,45"/><T38/><D122/><U1/><E126/><V106/><F123/><W101/><G3/><T15/><D73/><U48/><E100/><V27/><F67/><W112/><G127/><T0/><D33/><U47/><E32/><N who="2" m="20607" /><F128/><W72/><G30/><T131/><D6/><U98/><E1/><V46/><F9/><W49/><G28/><T119/><D0/><U81/><E29/><V7/><F7/><W44/><G87/><T40/><D119/><N who="2" m="45642" /><F102/><W57/><G57/><N who="0" m="35255" /><D64/><U2/><E2/><V113/><F106/><W120/><G120/><T79/><D65/><U91/><E98/><V86/><F113/><W129/><G114/><T43/><D38/><U118/><E118/><V108/><F108/><W124/><G129/><N who="0" m="49163" /><D79/><U121/><E121/><V82/><F82/><W107/><G112/><T24/><D24/><N who="1" m="14415" /><E81/><V4/><F4/><W20/><G124/><T5/><D5/><U11/><E11/><AGARI ba="0,0" hai="11,15,18,40,41,43,92,95" m="49163,35255" machi="11" ten="30,1500,0" yaku="19,1" doraHai="84" who="0" fromWho="1" sc="250,15,250,-15,250,0,250,0" /><INIT seed="0,1,0,0,4,126" ten="265,235,250,250" oya="0" hai0="87,62,1,75,5,112,34,84,39,41,42,135,103" hai1="18,113,6,99,67,40,94,121,106,38,122,115,14" hai2="59,47,123,98,104,124,7,9,89,30,90,108,102" hai3="93,120,78,43,72,17,100,27,65,52,31,12,125"/><T50/><D75/><U46/><E106/><V117/><F123/><W91/><G120/><T73/><D112/><N who="1" m="43083" /><E67/><V105/><F105/><W44/><G125/><T95/><D73/><U49/><E6/><V71/><F71/><W131/><G100/><T21/><D34/><U56/><E56/><V37/><F117/><W60/><G78/><T97/><D135/><U63/><E63/><V22/><F124/><W53/><G72/><T3/><D3/><U119/><E119/><V57/><F108/><W58/><G131/><T79/><D1/><U19/><E38/><V35/><F35/><W15/><G15/><T36/><D5/><U111/><E111/><V83/><F83/><W24/><G24/><T32/><D32/><U81/><E81/><V61/><F37/><W128/><G128/><T85/><D39/><U132/><E132/><V86/><F47/><W82/><G82/><N who="0" m="47199" /><D36/><U51/><E51/><V77/><F59/><W26/><G26/><T110/><D110/><U66/><E66/><V23/><F57/><W10/><G44/><N who="0" m="25879" /><D41/><U96/><E96/><V129/><F61/><W28/><G43/><T48/><D62/><U33/><E33/><V134/><F134/><W130/><G130/><T80/><D80/><U116/><E116/><V11/><F129/><W29/><G29/><T70/><D70/><U114/><N who="1" m="43091" /><U92/><DORA hai="118" /><E92/><V13/><F30/><N who="3" m="11307" /><G27/><T88/><D48/><U133/><E133/><V101/><F104/><W2/><G2/><T16/><D103/><N who="1" m="60919" /><E14/><AGARI ba="1,0" hai="14,16,21,85,87,88,95,97" m="25879,47199" machi="14" ten="30,5800,0" yaku="8,1,54,2" doraHai="126,118" who="0" fromWho="1" sc="265,61,235,-61,250,0,250,0" /><INIT seed="0,2,0,1,0,36" ten="326,174,250,250" oya="0" hai0="71,131,52,115,26,57,32,87,8,7,55,110,17" hai1="42,75,49,19,105,35,113,124,34,106,114,85,64" hai2="59,50,15,102,68,95,5,31,74,21,53,130,121" hai3="3,9,13,80,84,111,60,118,88,79,100,125,27"/><T96/><D115/><N who="1" m="44043" /><E75/><V46/><F74/><W78/><G118/><T82/><D71/><U122/><E122/><V107/><F68/><W12/><G125/><T56/><D131/><U103/><E124/><V40/><F107/><N who="1" m="40969" /><E103/><V54/><F130/><W91/><G100/><T25/><D110/><U116/><E116/><V90/><F102/><W30/><G111/><T97/><D32/><U70/><E85/><N who="2" m="52687" /><F121/><W86/><G3/><T16/><D7/><U18/><E64/><V73/><F73/><W129/><G129/><T43/><D43/><U135/><E135/><V4/><F54/><W6/><G60/><N who="0" m="35847" /><D8/><U65/><E65/><V28/><F5/><W83/><G13/><T11/><D11/><U72/><E72/><V81/><F81/><W89/><REACH who="3" step="1"/><G89/><REACH who="3" ten="326,174,250,240" step="2"/><N who="0" m="51447" /><D26/><U93/><E70/><V112/><F112/><W126/><G126/><T77/><D25/><U2/><E2/><V29/><F4/><W67/><G67/><T23/><D77/><U14/><E93/><V66/><F66/><W101/><G101/><T120/><D120/><U134/><E134/><V51/><F15/><W98/><G98/><N who="0" m="37995" /><D23/><AGARI ba="2,1" hai="21,23,28,29,31,40,46,50,51,53,59" m="52687" machi="23" ten="30,2000,0" yaku="8,1,52,1" doraHai="36" who="2" fromWho="0" sc="326,-26,174,0,250,36,240,0" /><AGARI ba="2,0" hai="6,9,12,23,27,30,78,79,80,83,84,86,88,91" machi="23" ten="30,8000,1" yaku="1,1,7,1,9,1,8,1,54,1,53,0" doraHai="36" doraHaiUra="48" who="3" fromWho="0" sc="300,-80,174,0,286,0,240,80" /><INIT seed="1,0,0,3,0,114" ten="220,174,286,320" oya="1" hai0="80,86,12,34,67,4,53,29,100,108,117,105,52" hai1="87,81,14,125,127,23,106,46,83,134,123,42,43" hai2="84,96,135,8,70,5,37,36,124,60,54,78,104" hai3="122,15,38,98,76,112,132,27,130,41,119,51,111"/><U6/><E106/><V31/><F124/><N who="1" m="47689" /><E123/><V2/><F135/><W7/><G122/><T77/><D108/><U74/><E74/><V64/><F54/><W56/><G112/><T113/><D113/><U75/><E75/><V121/><F121/><W9/><G132/><T59/><D117/><U92/><E134/><V116/><F116/><W22/><G130/><T1/><D1/><U68/><E68/><V45/><F45/><W50/><G76/><T61/><D34/><U69/><E69/><V10/><F10/><W3/><G119/><T115/><D115/><U32/><E32/><V55/><F55/><W19/><G111/><T97/><REACH who="0" step="1"/><D29/><REACH who="0" ten="210,174,286,320" step="2"/><U20/><E92/><V71/><F31/><N who="3" m="17911" /><G3/><T102/><D102/><U47/><E83/><V118/><F118/><W44/><G38/><T79/><D79/><N who="1" m="46527" /><E43/><V85/><F78/><W129/><G129/><T18/><D18/><U30/><E30/><V95/><F104/><W110/><G19/><T88/><D88/><U28/><E42/><V26/><F95/><W73/><G41/><T131/><D131/><U49/><E28/><V101/><F2/><W40/><G40/><T89/><D89/><U35/><E35/><V91/><F91/><W120/><G120/><T21/><D21/><N who="1" m="8267" /><E49/><V39/><F37/><W126/><G126/><T17/><D17/><U107/><E107/><V13/><F39/><W48/><G51/><T16/><D16/><U128/><E128/><V62/><F36/><W94/><G50/><T99/><D99/><U0/><E0/><V93/><F26/><W66/><G98/><T109/><D109/><RYUUKYOKU ba="0,1" sc="210,10,174,10,286,10,320,-30" hai0="4,12,52,53,59,61,67,77,80,86,97,100,105" hai1="6,14,46,47" hai2="5,8,13,60,62,64,70,71,84,85,93,96,101" /><INIT seed="1,1,1,4,1,31" ten="220,184,296,290" oya="1" hai0="73,84,39,92,117,0,63,22,19,42,30,68,4" hai1="114,80,87,129,82,1,76,65,10,3,115,58,96" hai2="17,18,95,47,38,36,56,128,35,97,11,100,21" hai3="34,41,102,50,40,72,131,86,93,64,24,2,45"/><U103/><E129/><V43/><F35/><W75/><G131/><T27/><D117/><U53/><E65/><V119/><F119/><W46/><G2/><T8/><D73/><U127/><E127/><V57/><F128/><W51/><G64/><T85/><D42/><U33/><E80/><V52/><F38/><W107/><G107/><T13/><D39/><U12/><E33/><V121/><F121/><W66/><G66/><T9/><D68/><U5/><E3/><V25/><F11/><W29/><G86/><T74/><D74/><U26/><E26/><V67/><F67/><W110/><G110/><T32/><D63/><U60/><REACH who="1" step="1"/><E1/><REACH who="1" ten="220,174,296,290" step="2"/><V112/><F112/><W61/><REACH who="3" step="1"/><G61/><REACH who="3" ten="220,174,296,280" step="2"/><T124/><D124/><U91/><E91/><V71/><F100/><W79/><G79/><T116/><D116/><U108/><E108/><V106/><F106/><AGARI ba="1,3" hai="5,10,12,53,58,60,76,82,87,96,103,106,114,115" machi="106" ten="30,5800,0" yaku="1,1,7,1,53,1" doraHai="31" doraHaiUra="98" who="1" fromWho="2" sc="220,0,174,91,296,-61,280,0" /><INIT seed="1,2,0,2,4,11" ten="220,265,235,280" oya="1" hai0="107,134,58,60,116,87,21,57,81,99,78,100,94" hai1="55,110,96,1,128,44,118,0,132,9,42,130,66" hai2="10,22,64,53,33,14,2,65,70,7,24,97,32" hai3="51,90,18,103,95,69,115,6,112,124,91,5,48"/><U8/><E118/><V20/><F70/><W85/><G69/><T54/><D116/><U84/><E66/><V77/><F33/><W52/><G124/><T34/><D34/><U59/><E132/><V119/><F32/><W101/><G18/><T25/><D134/><U122/><E122/><V117/><F77/><W36/><G85/><T92/><REACH who="0" step="1"/><D58/><REACH who="0" ten="210,265,235,280" step="2"/><U49/><E110/><V125/><F119/><W86/><G115/><T105/><D105/><U82/><E96/><V12/><F117/><W23/><G112/><T50/><D50/><U114/><E114/><V75/><F97/><W133/><G133/><T68/><D68/><U41/><E130/><V40/><F125/><W73/><G48/><T129/><D129/><U93/><E128/><V3/><F75/><W17/><G73/><T79/><D79/><U113/><E113/><V15/><F3/><W43/><G51/><T38/><D38/><U29/><E1/><V56/><F40/><W104/><G43/><T89/><D89/><U4/><E0/><V98/><F98/><W127/><G91/><T109/><D109/><U47/><E42/><V16/><REACH who="2" step="1"/><F22/><REACH who="2" ten="210,265,225,280" step="2"/><W102/><G23/><T135/><D135/><U121/><E41/><V80/><F80/><W71/><G71/><T106/><D106/><U62/><E82/><V45/><F45/><W108/><G104/><T35/><D35/><U126/><E47/><V19/><F19/><AGARI ba="2,2" hai="19,21,25,54,57,60,78,81,87,92,94,99,100,107" machi="19" ten="30,2000,0" yaku="1,1,7,1,53,0" doraHai="11" doraHaiUra="61" who="0" fromWho="2" sc="210,46,265,0,225,-26,280,0" /><INIT seed="2,0,0,0,5,40" ten="256,265,199,280" oya="2" hai0="25,89,59,28,30,50,124,101,61,13,49,34,48" hai1="26,33,100,73,130,77,79,85,54,115,117,39,22" hai2="70,42,63,44,118,16,23,97,9,31,119,41,51" hai3="134,81,3,5,74,37,112,68,62,17,32,58,84"/><V87/><F41/><W45/><G32/><T38/><D38/><U69/><E117/><V114/><F114/><W120/><G120/><T29/><D124/><U27/><E115/><V108/><F108/><W125/><G125/><T121/><D121/><U71/><E33/><V18/><F31/><W7/><G7/><T76/><D76/><U96/><E130/><V55/><F97/><W19/><G134/><T105/><D89/><U11/><E73/><V67/><F87/><W82/><G82/><T116/><D116/><U88/><E11/><V53/><F9/><N who="3" m="2239" /><G84/><T66/><D101/><U15/><E39/><N who="2" m="21599" /><F18/><W122/><G68/><T56/><D105/><U129/><E129/><V35/><F55/><N who="3" m="34143" /><G122/><T104/><D104/><U95/><E71/><V90/><F90/><W93/><G93/><T21/><D34/><U102/><E69/><V2/><F2/><W57/><G57/><N who="0" m="37167" /><D13/><U110/><E110/><V0/><F0/><W64/><G64/><T80/><D80/><N who="1" m="49191" /><E54/><V113/><F35/><W92/><G92/><T47/><D30/><U99/><E15/><N who="2" m="9631" /><F113/><W83/><G83/><T4/><D29/><N who="1" m="17623" /><E27/><V111/><F111/><W72/><G112/><T60/><D4/><U103/><E99/><V131/><F131/><W36/><G36/><T8/><D28/><U10/><E10/><V94/><F94/><W6/><G6/><T24/><D8/><U86/><E96/><V128/><F128/><W126/><G126/><T91/><D91/><AGARI ba="0,0" hai="77,79,86,91,95,100,102,103" m="17623,49191" machi="91" ten="30,2000,0" yaku="8,1,54,1" doraHai="40" who="1" fromWho="0" sc="256,-20,265,20,199,0,280,0" /><INIT seed="3,0,0,5,1,29" ten="236,285,199,280" oya="3" hai0="81,44,24,79,52,123,111,57,116,82,122,23,96" hai1="49,119,3,20,131,61,129,71,0,112,127,33,95" hai2="55,74,100,42,47,16,2,94,76,124,11,7,135" hai3="113,132,8,10,38,101,59,77,85,69,12,35,121"/><W109/><G38/><T126/><D116/><U114/><E127/><V40/><F124/><W118/><G69/><T54/><D126/><U46/><E119/><V19/><F135/><W63/><G121/><T51/><D111/><U37/><E37/><V30/><F30/><W83/><G118/><T117/><D96/><U36/><E36/><N who="2" m="21895" /><F42/><W115/><G132/><T87/><D82/><U5/><E5/><V92/><F55/><W98/><G35/><T91/><D79/><U43/><E95/><N who="2" m="36395" /><F100/><W88/><G77/><T128/><D117/><U68/><E33/><V70/><F70/><N who="1" m="26665" /><E61/><V78/><F78/><W66/><G109/><T103/><D103/><U18/><E3/><V32/><F32/><W15/><G115/><T130/><D123/><U56/><E56/><V31/><F31/><W86/><G86/><T21/><D122/><U125/><E0/><V28/><F28/><W75/><G75/><T73/><D73/><U53/><E43/><V134/><F134/><W9/><REACH who="3" step="1"/><G113/><REACH who="3" ten="236,285,199,270" step="2"/><T58/><D87/><U102/><E125/><V133/><F133/><W106/><AGARI ba="0,1" hai="8,9,10,12,15,59,63,66,83,85,88,98,101,106" machi="106" ten="30,11700,0" yaku="1,1,2,1,0,1,54,1,53,0" doraHai="29" doraHaiUra="17" who="3" fromWho="3" sc="236,-39,285,-39,199,-39,270,127" owari="197,-20.0,246,5.0,160,-34.0,397,49.0" /></mjloggm>