<mjloggm ver="2.3"><GO type="193" lobby="0"/><UN n0="%E3%82%B8%E3%82%A7%E3%83%83%E3%82%BF%E3%83%BC" n1="%6D%69%5A%75" n2="%E3%83%88%E3%83%88%E3%83%AA%E5%85%88%E7%94%9F%31%39%E6%AD%B3" n3="%53%70%6F%6F%6F%6E" dan="11,10,12,12" rate="1600.82,1577.03,1947.92,1637.61" sx="M,M,F,M"/><TAIKYOKU oya="0"/><INIT seed="0,0,0,0,0,26" ten="250,250,250,250" oya="0" hai0="60,1,23,58,64,112,93,22,120,53,33,29,12" hai1="30,42,121,38,82,117,91,48,85,104,28,46,9" hai2="108,13,17,51,83,122,15,72,56,62,109,119,101" hai3="61,103,2,115,127,4,40,105,68,66,34,45,3"/><T7/><D120/><U59/><E117/><V88/><F122/><W110/><G127/><T76/><D112/><U80/><E104/><V47/><F119/><W27/><G110/><N who="2" m="42601" /><F101/><W86/><G86/><T131/><D1/><U84/><E121/><V99/><F17/><W8/><G115/><T77/><D131/><U111/><E111/><V49/><F72/><W94/><G94/><T90/><D33/><U39/><E39/><V129/><F129/><W36/><G8/><N who="0" m="4127" /><D64/><U11/><E11/><V5/><F5/><W89/><G89/><T79/><D29/><U114/><E114/><V35/><F35/><W106/><G4/><T25/><D25/><U63/><E38/><V133/><F133/><W31/><REACH who="3" step="1"/><G105/><REACH who="3" ten="250,250,250,240" step="2"/><T100/><D100/><U57/><E9/><V32/><F88/><W128/><G128/><T70/><D70/><U71/><E71/><V135/><F135/><W124/><G124/><T0/><D0/><U75/><E75/><V43/><F83/><W107/><G107/><T81/><D81/><U98/><E98/><AGARI ba="0,1" hai="2,3,27,31,34,36,40,45,61,66,68,98,103,106" machi="98" ten="40,12000,2" yaku="1,1,25,2,33,3,52,1,53,0" doraHai="26" doraHaiUra="134" who="3" fromWho="1" sc="250,0,250,-120,250,0,240,130" /><AGARI ba="0,0" hai="22,23,53,58,60,76,77,79,90,93,98" m="4127" machi="98" ten="30,1500,0" yaku="8,1" doraHai="26" who="0" fromWho="1" sc="250,15,130,-15,250,0,370,0" /><INIT seed="0,1,0,2,1,66" ten="265,115,250,370" oya="0" hai0="48,134,120,40,7,97,86,92,122,131,100,42,20" hai1="93,45,6,113,9,32,84,132,5,39,54,108,72" hai2="15,8,99,105,63,50,2,12,16,127,128,19,64" hai3="109,69,102,124,33,25,1,119,57,118,22,115,83"/><T103/><D122/><U67/><E32/><V80/><F128/><W36/><G57/><T56/><D120/><U116/><E72/><V43/><F127/><W28/><G102/><T130/><D7/><U89/><E116/><V26/><F2/><W76/><G83/><T112/><D112/><U121/><E121/><V95/><F105/><W74/><G76/><T44/><D134/><U94/><E132/><V49/><F80/><W98/><G98/><T21/><D86/><U114/><E67/><V65/><F26/><W31/><G31/><T77/><D77/><U81/><E108/><V34/><F34/><W78/><G78/><T135/><D135/><U18/><E18/><V79/><F79/><W96/><G96/><T41/><D103/><U60/><E60/><V68/><F43/><N who="0" m="16458" /><D56/><U61/><E39/><V75/><F65/><W73/><G118/><T35/><D35/><U91/><E81/><V123/><F75/><W0/><G0/><T101/><D101/><U30/><E30/><V47/><F47/><W52/><G119/><T111/><D111/><U58/><E9/><V85/><F85/><W62/><G109/><T37/><D37/><U87/><REACH who="1" step="1"/><E45/><REACH who="1" ten="265,105,250,370" step="2"/><V107/><F123/><W104/><G36/><T13/><D13/><U90/><E90/><V38/><F38/><W4/><G74/><T125/><D125/><U46/><E46/><V133/><F133/><W71/><G73/><T117/><D117/><U24/><E24/><V11/><F11/><W10/><G25/><T82/><D82/><U88/><E88/><V14/><F8/><W55/><G124/><RYUUKYOKU ba="1,1" sc="265,15,105,15,250,-15,370,-15" hai0="20,21,42,44,48,92,97,100,130,131" hai1="5,6,54,58,61,84,87,89,91,93,94,113,114" /><INIT seed="0,2,1,2,2,81" ten="280,120,235,355" oya="0" hai0="91,85,100,29,45,92,44,84,131,64,83,56,109" hai1="5,41,86,88,8,6,36,98,65,74,21,71,106" hai2="4,54,99,55,118,47,59,121,38,75,17,22,14" hai3="135,32,115,110,43,87,116,42,39,18,73,34,103"/><T132/><D131/><U70/><E74/><V104/><F121/><W26/><G103/><T82/><D132/><U133/><E6/><V23/><F75/><W108/><G115/><T112/><D112/><U79/><E79/><V40/><F118/><W61/><G73/><T94/><D29/><U13/><E133/><V130/><F130/><W31/><G116/><T68/><D68/><U12/><E65/><V117/><F117/><W122/><G135/><T126/><D126/><U30/><E36/><V89/><F4/><W53/><G39/><T60/><D109/><N who="3" m="42089" /><G32/><T77/><REACH who="0" step="1"/><D100/><REACH who="0" ten="270,120,235,355" step="2"/><U35/><E35/><V80/><F104/><W3/><G122/><T28/><D28/><U127/><E127/><V58/><F58/><W95/><G3/><T27/><D27/><U120/><E120/><V66/><F59/><N who="3" m="35055" /><G18/><T134/><D134/><U101/><E41/><V19/><F40/><W2/><G2/><T114/><D114/><U111/><E111/><V97/><F17/><W57/><G57/><T76/><D76/><U107/><E107/><V69/><F19/><W63/><G63/><T124/><D124/><U123/><E123/><V46/><F69/><W33/><G33/><T72/><D72/><U48/><E30/><V24/><F24/><W67/><G67/><T105/><D105/><U16/><REACH who="1" step="1"/><E48/><REACH who="1" ten="270,110,235,355" step="2"/><V90/><F66/><W49/><G49/><T10/><D10/><U119/><E119/><V129/><F38/><W1/><G1/><T15/><D15/><U20/><E20/><V93/><F14/><W125/><G125/><T9/><D9/><U96/><E96/><RYUUKYOKU ba="2,3" sc="270,10,110,10,235,-30,355,10" hai0="44,45,56,60,64,77,82,83,84,85,91,92,94" hai1="5,8,12,13,16,21,70,71,86,88,98,101,106" hai3="26,31,34,42,43,87,95" /><INIT seed="0,3,3,2,0,46" ten="280,120,205,365" oya="0" hai0="8,96,107,7,106,61,53,37,78,47,57,82,23" hai1="76,92,50,110,135,20,71,17,97,40,123,56,12" hai2="65,130,87,119,121,35,90,39,32,86,131,74,111" hai3="43,81,89,99,98,38,108,69,117,19,68,27,22"/><T101/><D37/><U10/><E71/><V104/><F121/><W55/><G108/><T91/><D91/><U49/><E123/><V3/><F104/><W128/><G117/><T72/><D47/><U83/><E110/><V113/><F113/><W36/><G128/><T59/><D59/><U2/><E135/><V64/><F74/><W79/><G36/><T114/><D114/><U75/><E56/><V109/><F39/><W132/><G132/><T63/><D63/><U133/><E133/><V11/><F3/><W16/><G99/><T33/><D33/><U62/><E62/><V67/><F119/><W58/><G19/><T41/><D41/><U26/><E40/><V52/><F32/><W134/><G134/><T112/><D112/><U13/><E13/><V21/><F35/><W129/><G129/><T127/><D127/><U85/><E85/><V30/><F109/><W122/><G122/><T18/><D18/><U9/><E9/><V70/><F70/><W73/><G43/><T54/><D54/><U31/><REACH who="1" step="1"/><E2/><REACH who="1" ten="280,110,205,365" step="2"/><V102/><F111/><W29/><G38/><T25/><D23/><U0/><E0/><V125/><F130/><W5/><G5/><T120/><D120/><U95/><E95/><V48/><F131/><W124/><G124/><T15/><D25/><U105/><E105/><AGARI ba="3,4" hai="7,8,15,53,57,61,72,78,82,96,101,105,106,107" machi="105" ten="30,1500,0" yaku="7,1" doraHai="46" who="0" fromWho="1" sc="280,64,110,-24,205,0,365,0" /><INIT seed="0,4,0,0,4,110" ten="344,86,205,365" oya="0" hai0="90,92,128,56,36,3,80,10,76,122,104,130,133" hai1="108,65,26,43,125,22,21,29,121,119,118,24,6" hai2="50,27,57,123,55,81,106,85,91,23,101,47,62" hai3="135,1,45,88,58,72,13,100,33,52,69,96,20"/><T15/><D122/><U46/><E65/><V126/><F126/><W28/><G69/><T30/><D3/><U78/><E78/><V95/><F106/><W25/><G72/><T34/><D104/><U18/><E46/><V49/><F123/><W5/><G135/><T61/><D36/><U40/><E43/><V82/><F101/><W111/><G111/><T120/><D133/><U4/><E40/><V38/><F38/><W93/><G45/><T117/><D120/><U99/><E99/><V54/><REACH who="2" step="1"/><F50/><REACH who="2" ten="344,86,195,365" step="2"/><N who="3" m="30999" /><G33/><T11/><D117/><U129/><E121/><V0/><F0/><W107/><G107/><T105/><D105/><U75/><E108/><V68/><F68/><W127/><G1/><T131/><D34/><U71/><E71/><V17/><AGARI ba="4,1" hai="17,23,27,47,49,54,55,57,62,81,82,85,91,95" machi="17" ten="20,5200,0" yaku="1,1,0,1,7,1,8,1,53,0" doraHai="110" doraHaiUra="73" who="2" fromWho="2" sc="344,-30,86,-17,195,74,365,-17" /><INIT seed="1,0,0,1,3,82" ten="314,69,269,348" oya="1" hai0="101,37,11,77,0,55,115,2,97,47,98,1,107" hai1="53,40,39,110,58,75,16,127,36,118,84,126,117" hai2="86,89,94,109,93,17,124,103,57,66,43,72,22" hai3="9,79,33,76,5,49,3,90,92,128,51,88,64"/><U54/><E75/><V50/><F72/><W120/><G120/><T27/><D115/><U24/><E110/><V8/><F109/><W56/><G33/><T134/><D134/><U74/><E74/><V102/><F124/><N who="1" m="47657" /><E40/><V78/><F78/><W69/><G69/><T31/><D77/><U81/><E54/><N who="2" m="31959" /><F43/><W48/><G128/><T38/><D97/><U116/><E16/><V4/><F66/><W114/><G114/><T105/><D55/><U100/><E100/><V28/><F28/><W112/><G90/><T52/><D107/><U59/><E24/><N who="2" m="14415" /><F94/><W119/><G119/><N who="1" m="30466" /><U42/><DORA hai="70" /><E42/><V121/><F121/><W6/><G112/><T19/><D19/><U34/><E34/><V20/><F20/><W71/><G71/><T111/><D111/><U18/><E18/><V65/><F65/><W99/><G5/><T125/><D125/><U12/><E12/><AGARI ba="0,0" hai="4,8,12,86,89,93,102,103" m="14415,31959" machi="12" ten="30,2000,0" yaku="8,1,52,1" doraHai="82,70" who="2" fromWho="1" sc="314,0,69,-20,269,20,348,0" /><INIT seed="2,0,0,5,1,41" ten="314,49,289,348" oya="2" hai0="101,63,93,67,128,48,60,55,76,115,5,110,134" hai1="3,57,24,43,29,10,97,121,135,84,73,25,62" hai2="37,46,132,107,68,39,111,42,53,89,27,21,127" hai3="70,31,102,2,123,94,22,66,71,34,118,98,45"/><V15/><F107/><W9/><G118/><T77/><D115/><U87/><E73/><V109/><F68/><W54/><G123/><T38/><D38/><U32/><E121/><V64/><F64/><W56/><G34/><T105/><D105/><U36/><E25/><V52/><F39/><W82/><G82/><T14/><D134/><U108/><E97/><V7/><F132/><W88/><G2/><T99/><D110/><N who="2" m="41994" /><F127/><W40/><G66/><T19/><D5/><U131/><E131/><V86/><F15/><W26/><G9/><T4/><D128/><U12/><E3/><V112/><F7/><W61/><REACH who="3" step="1"/><G102/><REACH who="3" ten="314,49,289,338" step="2"/><T100/><D100/><U78/><E108/><V50/><F37/><AGARI ba="0,1" hai="22,26,31,37,40,45,54,56,61,70,71,88,94,98" machi="37" ten="30,12000,2" yaku="1,1,2,1,7,1,52,1,54,1,53,1" doraHai="41" doraHaiUra="16" who="3" fromWho="2" sc="314,0,49,0,289,-120,338,130" /><INIT seed="3,0,0,4,3,124" ten="314,49,169,468" oya="3" hai0="6,33,56,40,88,28,128,94,0,129,13,113,7" hai1="126,11,93,130,133,108,20,55,82,96,52,60,76" hai2="4,72,30,119,134,84,125,8,12,80,75,97,85" hai3="48,115,106,2,59,120,22,127,132,62,43,64,57"/><W24/><G127/><T90/><D40/><U53/><E126/><V83/><F119/><W45/><G132/><T21/><D33/><U70/><E133/><V114/><F134/><W86/><G106/><T10/><D113/><U95/><E11/><V17/><F125/><W18/><G2/><T118/><D118/><U91/><E20/><V87/><F114/><W68/><G120/><T5/><D0/><U36/><E36/><V46/><F75/><W104/><G104/><T15/><D56/><U135/><E135/><V107/><F72/><W3/><G3/><T34/><D94/><U47/><E47/><V41/><F107/><W9/><G115/><T71/><D71/><U35/><E35/><V105/><F105/><W109/><G109/><T102/><D102/><U67/><E95/><V110/><F110/><W39/><G39/><T74/><D74/><U37/><E37/><V73/><F73/><W131/><G9/><T98/><D98/><U44/><E44/><V123/><F123/><W19/><G19/><N who="0" m="10479" /><D34/><U78/><E78/><V116/><F116/><W14/><G24/><T99/><D28/><U42/><E42/><V92/><F30/><W101/><G101/><T69/><D69/><U122/><E122/><V27/><F27/><W50/><G86/><T66/><D66/><U112/><E112/><V25/><F25/><W26/><G26/><T32/><D32/><U77/><E77/><V23/><F8/><W31/><G31/><T111/><D111/><U51/><E51/><V63/><F84/><W1/><G50/><T49/><D49/><U58/><E108/><RYUUKYOKU ba="0,0" sc="314,0,49,0,169,0,468,0" owari="314,11.0,49,-45.0,169,-23.0,468,57.0" /></mjloggm>