<mjloggm ver="2.3"><GO type="41" lobby="0"/><UN n0="%E5%B0%B1%E6%B4%BB%E7%94%9F%40%E5%B7%9D%E6%9D%91%E8%BB%8D%E5%9B%A3" n1="%E3%82%89%E3%81%84%E3%81%B5%E3%81%8C%E3%83%BC%E3%81%A9%E3%81%99%E3%81%8D" n2="%E7%8E%8B%E9%A8%8E%EF%BC%A0%E3%82%AD%E3%83%B3%E3%82%B0%E3%83%80%E3%83%A0" n3="%59%53%4C%2A%C2%B4%CF%89%EF%BD%80%2A" dan="16,15,13,14" rate="2164.18,1961.11,1853.14,1902.95" sx="M,M,M,F"/><TAIKYOKU oya="0"/><INIT seed="0,0,0,5,1,28" ten="250,250,250,250" oya="0" hai0="79,83,34,76,81,74,4,35,60,91,62,102,3" hai1="6,97,19,86,118,23,15,26,50,85,95,71,47" hai2="64,55,104,27,36,87,115,2,49,111,66,33,30" hai3="9,88,77,100,128,16,89,68,40,92,57,131,14"/><T109/><D102/><U42/><E118/><V101/><F111/><W90/><G68/><T44/><D109/><U123/><E71/><V54/><F115/><W72/><G40/><T10/><D91/><U25/><E123/><V43/><F2/><W96/><G77/><T52/><D62/><U56/><E56/><V106/><F87/><N who="1" m="33289" /><E6/><V105/><F36/><W103/><G72/><T24/><D24/><U110/><E110/><V45/><REACH who="2" step="1"/><F101/><AGARI ba="0,0" hai="15,19,23,25,26,42,47,50,95,97,101" m="33289" machi="101" ten="30,1000,0" yaku="8,1" doraHai="28" who="1" fromWho="2" sc="250,0,250,10,250,-10,250,0" /><INIT seed="1,0,0,1,3,0" ten="250,260,240,250" oya="1" hai0="56,4,99,34,127,76,84,66,93,126,73,57,88" hai1="102,39,87,44,85,80,90,72,97,58,23,11,8" hai2="74,68,21,106,43,133,82,107,91,16,128,30,54" hai3="47,112,135,120,41,109,119,3,71,19,114,37,67"/><U18/><E72/><V121/><F121/><W100/><G100/><T5/><D34/><U92/><E39/><V113/><F113/><N who="3" m="43627" /><G19/><T65/><D73/><U2/><E44/><V103/><F133/><W83/><G83/><N who="0" m="47207" /><D57/><U45/><E45/><V7/><F128/><W25/><G25/><T38/><D38/><U75/><E75/><V48/><F103/><W60/><G3/><T27/><D27/><U31/><E31/><V70/><F74/><W86/><G86/><T9/><D9/><U49/><E2/><V36/><F30/><W55/><G135/><T110/><D110/><U130/><E85/><V81/><F91/><W89/><G89/><T24/><D24/><N who="1" m="14455" /><E130/><V13/><F107/><W63/><G109/><T46/><D46/><U14/><E14/><V52/><F106/><W17/><G17/><T62/><D66/><U95/><E80/><V10/><F82/><W101/><G101/><T20/><D20/><U94/><E94/><V131/><F81/><W33/><G33/><T123/><D123/><U51/><E11/><V29/><F131/><W64/><G120/><T116/><D116/><U134/><E8/><V117/><F29/><W15/><G15/><T6/><D127/><U79/><E79/><V105/><F105/><W125/><G125/><T108/><D126/><U59/><E134/><V129/><F117/><W35/><G35/><T69/><D108/><U77/><E77/><V28/><F129/><W42/><G119/><T96/><D69/><N who="2" m="26730" /><F28/><W118/><G118/><T12/><D12/><U122/><E122/><V50/><F10/><W98/><G37/><RYUUKYOKU ba="0,0" sc="250,15,260,15,240,-15,250,-15" hai0="4,5,6,56,62,65,88,93,96,99" hai1="49,51,58,59,87,90,92,95,97,102" /><INIT seed="1,1,0,2,5,59" ten="265,275,225,235" oya="1" hai0="130,133,73,74,112,28,48,15,47,14,43,81,103" hai1="87,40,83,32,26,132,63,86,78,75,119,54,80" hai2="123,19,11,114,60,25,121,18,45,4,104,24,106" hai3="100,128,13,27,94,110,116,79,108,38,107,65,46"/><U105/><E119/><V84/><F114/><W68/><G128/><T6/><D112/><U76/><E132/><V5/><F84/><W56/><G116/><T95/><D133/><U127/><E127/><V66/><F45/><W91/><G68/><T23/><D130/><U129/><E129/><V62/><REACH who="2" step="1"/><F11/><REACH who="2" ten="265,275,215,235" step="2"/><W77/><G46/><T42/><D74/><U50/><E75/><V41/><F41/><W36/><G110/><T126/><D126/><U122/><E40/><V29/><F29/><W101/><G108/><T109/><D73/><U52/><E87/><V102/><F102/><W16/><G101/><T69/><D43/><U17/><E86/><V53/><F53/><W39/><G100/><T22/><D28/><U97/><E54/><V9/><F9/><W30/><G107/><T124/><D47/><U8/><E52/><V71/><F71/><W49/><G65/><AGARI ba="1,1" hai="4,5,18,19,24,25,60,62,65,66,104,106,121,123" machi="65" ten="25,8000,1" yaku="1,1,22,2,52,2,53,0" doraHai="59" doraHaiUra="96" who="2" fromWho="3" sc="265,0,275,0,215,93,235,-83" /><INIT seed="2,0,0,1,1,28" ten="265,275,308,152" oya="2" hai0="17,123,63,15,134,88,47,86,2,108,41,10,93" hai1="51,97,27,65,101,120,55,30,110,39,44,122,129" hai2="58,54,6,109,26,72,19,57,16,135,95,114,36" hai3="67,82,8,66,9,92,56,119,59,121,38,64,87"/><V104/><F114/><W78/><G38/><T107/><D107/><U131/><E39/><V69/><F104/><W99/><G121/><N who="1" m="46698" /><E65/><V133/><F69/><W25/><G119/><T89/><D123/><U20/><E110/><V21/><F36/><W118/><G118/><T52/><D108/><U98/><E101/><V33/><F72/><W0/><G25/><T48/><D134/><N who="2" m="51210" /><F109/><W115/><G115/><T126/><D126/><U37/><E37/><V29/><F6/><W100/><REACH who="3" step="1"/><G0/><REACH who="3" ten="265,275,308,142" step="2"/><T45/><D2/><U23/><E27/><N who="2" m="18623" /><F95/><W53/><G53/><T85/><D63/><U75/><E55/><V83/><F83/><W32/><G32/><T76/><D76/><U90/><E131/><V91/><F91/><W103/><G103/><T24/><D24/><U73/><E90/><V43/><F43/><W34/><G34/><T79/><D79/><U128/><E129/><V50/><F58/><AGARI ba="0,1" hai="8,9,56,58,59,64,66,67,78,82,87,92,99,100" machi="58" ten="40,2600,0" yaku="1,1,8,1,53,0" doraHai="28" doraHaiUra="113" who="3" fromWho="2" sc="265,0,275,0,308,-26,142,36" /><INIT seed="3,0,0,4,3,24" ten="265,275,282,178" oya="3" hai0="79,127,125,22,112,90,76,132,110,56,113,77,98" hai1="131,61,87,122,88,64,9,32,29,62,121,41,59" hai2="1,28,78,20,99,126,114,74,63,80,128,47,103" hai3="116,92,83,23,8,40,36,119,71,45,82,86,120"/><W44/><G71/><T118/><D118/><U81/><E131/><V17/><F114/><N who="0" m="44138" /><D56/><U104/><E104/><V105/><F128/><W52/><G120/><T49/><D49/><U11/><E41/><V21/><F126/><N who="0" m="48138" /><D22/><U53/><E121/><V130/><F130/><W85/><G8/><T134/><D110/><U34/><E122/><V108/><F108/><W13/><G92/><AGARI ba="0,0" hai="76,77,79,90,92,98,132,134" m="48138,44138" machi="92" ten="40,8000,1" yaku="11,1,18,1,34,2" doraHai="24" who="0" fromWho="3" sc="265,80,275,0,282,0,178,-80" /><INIT seed="4,0,0,1,5,122" ten="345,275,282,98" oya="0" hai0="50,84,115,32,4,126,112,104,105,80,49,109,79" hai1="56,52,135,95,20,110,73,98,26,101,55,3,67" hai2="42,35,87,93,44,63,66,72,124,29,123,85,13" hai3="60,62,36,133,58,34,7,108,61,28,45,59,5"/><T71/><D71/><U21/><E135/><V6/><F72/><W48/><G28/><T102/><D32/><U132/><E132/><V24/><F123/><W129/><G34/><T114/><D126/><U18/><E110/><V111/><F124/><W134/><G5/><T117/><D117/><U116/><E3/><V64/><F111/><W41/><G7/><T128/><D128/><U99/><E73/><V9/><F93/><W12/><G12/><T127/><D127/><U25/><E116/><V130/><F130/><W47/><G129/><T74/><D109/><U77/><E77/><V119/><F119/><W40/><G108/><T57/><D4/><U81/><E81/><V121/><F121/><W125/><REACH who="3" step="1"/><G125/><REACH who="3" ten="345,275,282,88" step="2"/><T131/><D131/><U70/><E70/><V38/><REACH who="2" step="1"/><F66/><REACH who="2" ten="345,275,272,88" step="2"/><W88/><G88/><N who="0" m="51207" /><D112/><U53/><E67/><V113/><F113/><W96/><G96/><T120/><D120/><U11/><E99/><V106/><F106/><W100/><G100/><T23/><D105/><U22/><E101/><V37/><F37/><W89/><G89/><T15/><D104/><U16/><E98/><V83/><F83/><W1/><G1/><T118/><D102/><U17/><E95/><V14/><F14/><W54/><G54/><T97/><D97/><U2/><E2/><V86/><F86/><W19/><G19/><T103/><D118/><U31/><E11/><V90/><F90/><W27/><G27/><N who="1" m="10250" /><E31/><V69/><AGARI ba="0,2" hai="6,9,13,24,29,35,38,42,44,63,64,69,85,87" machi="69" ten="20,2700,0" yaku="1,1,0,1,7,1,53,0" doraHai="122" doraHaiUra="91" who="2" fromWho="2" sc="345,-13,275,-7,272,47,88,-7" /><INIT seed="5,0,0,0,2,118" ten="332,268,319,81" oya="1" hai0="20,38,2,89,56,63,25,4,86,58,5,95,96" hai1="52,87,31,112,121,88,0,119,113,34,24,134,39" hai2="21,33,48,67,98,59,3,116,69,7,97,77,64" hai3="61,45,28,36,1,76,12,94,27,92,75,81,84"/><U79/><E119/><V127/><F116/><W19/><G1/><T109/><D109/><U100/><E39/><V72/><F127/><W132/><G132/><T60/><D38/><U46/><E121/><V50/><F33/><W107/><G107/><T104/><D104/><U16/><E0/><V57/><F69/><W70/><G75/><T35/><D35/><U23/><E134/><V82/><F3/><W30/><G70/><T78/><D2/><U37/><E79/><V129/><F129/><W41/><G61/><N who="0" m="23627" /><D78/><U108/><E100/><V68/><F68/><W71/><G71/><T53/><D96/><U110/><E37/><V6/><F21/><W26/><G26/><T40/><D40/><U54/><E46/><V83/><REACH who="2" step="1"/><F77/><REACH who="2" ten="332,268,309,81" step="2"/><W47/><G47/><T128/><D128/><U51/><E110/><V90/><F90/><W126/><G126/><T42/><D89/><U102/><E108/><V93/><F93/><W114/><G114/><N who="1" m="44138" /><E102/><V106/><F106/><W13/><G76/><T115/><D95/><N who="1" m="54687" /><E51/><V101/><F101/><W44/><G92/><T22/><D115/><U122/><E122/><V117/><F117/><W130/><G94/><T105/><D105/><U29/><E29/><V49/><F49/><W10/><G130/><T62/><D86/><U131/><E131/><V9/><F9/><N who="3" m="6543" /><G30/><T135/><D135/><U124/><E124/><V11/><F11/><W133/><G133/><T8/><D8/><U111/><E111/><V14/><F14/><AGARI ba="0,1" hai="14,16,23,24,31,34,52,54" m="54687,44138" machi="14" ten="30,11600,0" yaku="15,1,54,3" doraHai="118" who="1" fromWho="2" sc="332,0,268,126,309,-116,81,0" /><INIT seed="5,1,0,0,3,90" ten="332,394,193,81" oya="1" hai0="21,76,9,30,2,126,22,28,121,112,53,25,51" hai1="40,87,44,124,95,113,14,80,41,1,12,114,43" hai2="66,99,123,71,36,101,133,60,107,86,26,62,59" hai3="4,24,97,65,104,7,10,58,55,32,72,73,27"/><U91/><E124/><V106/><F123/><W29/><G27/><T84/><D126/><U96/><E1/><V8/><F133/><W130/><G130/><T17/><D121/><U93/><E44/><V19/><F86/><W34/><G34/><T132/><D112/><N who="1" m="43115" /><E80/><V45/><F45/><W75/><G65/><T100/><D132/><U54/><E54/><V49/><F49/><W69/><G69/><T98/><D2/><U120/><E120/><V39/><F107/><W11/><G104/><T77/><D9/><U63/><E63/><V134/><F134/><W122/><G97/><T20/><D84/><U47/><E47/><V116/><F116/><W85/><G85/><T92/><D30/><U5/><E5/><V119/><F119/><W64/><G64/><T48/><D48/><U129/><E129/><V6/><F6/><W56/><G122/><T105/><D105/><U128/><E128/><V57/><F71/><W111/><G111/><T125/><D125/><U118/><E118/><V68/><F68/><W33/><G75/><T94/><D28/><U70/><E70/><V50/><F50/><W74/><G74/><T88/><D76/><U31/><E31/><V61/><F61/><W109/><G109/><T79/><D77/><U117/><E117/><V89/><F89/><AGARI ba="1,0" hai="12,14,40,41,43,87,89,91,93,95,96" m="43115" machi="89" ten="30,5800,0" yaku="15,1,52,2" doraHai="90" who="1" fromWho="2" sc="332,0,394,61,193,-61,81,0" /><INIT seed="5,2,0,0,5,10" ten="332,455,132,81" oya="1" hai0="92,66,82,100,129,67,23,73,57,118,109,58,5" hai1="95,62,114,131,85,93,61,18,30,38,32,76,68" hai2="50,46,17,79,116,121,4,24,39,65,8,14,110" hai3="40,25,29,12,0,63,42,135,130,52,7,112,64"/><U54/><E38/><V98/><F110/><W91/><G112/><T71/><D118/><U41/><E41/><V97/><F116/><W26/><G135/><T43/><D109/><U84/><E131/><V128/><F121/><W74/><G130/><T127/><D127/><U31/><E68/><V134/><F128/><W88/><G0/><T6/><D129/><U47/><E47/><V15/><F134/><W123/><G123/><T21/><D43/><N who="3" m="16425" /><G74/><T132/><D132/><U119/><E18/><V102/><F39/><W35/><G35/><T36/><D36/><U120/><E32/><V45/><F65/><N who="0" m="24586" /><D73/><U75/><E75/><V111/><F111/><W133/><G133/><T3/><D3/><U78/><E114/><V27/><F79/><W9/><G64/><T72/><D72/><U94/><E54/><V108/><F108/><W126/><G126/><T99/><D82/><U37/><E37/><V70/><F70/><W115/><G115/><T77/><D77/><U28/><E120/><V19/><F50/><W34/><G34/><T105/><D105/><U51/><E119/><V56/><F56/><N who="0" m="21610" /><D71/><U1/><E1/><V69/><F69/><W87/><G29/><T89/><D100/><U13/><E31/><V101/><REACH who="2" step="1"/><F8/><REACH who="2" ten="332,455,122,81" step="2"/><W113/><G113/><T60/><D60/><U117/><E62/><V80/><F80/><N who="3" m="49255" /><G91/><T22/><AGARI ba="2,1" hai="5,6,21,22,23,89,92,99" m="21610,24586" machi="22" ten="30,1100,0" yaku="8,1" doraHai="10" who="0" fromWho="0" sc="332,27,455,-7,122,-5,81,-5" /><INIT seed="6,0,0,5,0,119" ten="359,448,117,76" oya="2" hai0="82,118,102,29,28,58,91,75,16,6,103,69,60" hai1="14,35,87,90,57,33,73,21,46,12,9,130,26" hai2="67,109,54,83,110,131,121,97,105,42,135,77,68" hai3="49,125,123,23,114,133,107,45,104,44,19,59,72"/><V51/><F121/><W25/><G123/><T112/><D118/><U1/><E73/><V17/><F131/><W5/><G114/><T34/><D34/><U52/><E1/><V78/><F135/><W129/><G133/><T81/><D112/><U66/><E66/><V48/><F17/><W101/><G129/><T8/><D69/><U111/><E111/><N who="2" m="42507" /><F68/><W128/><G128/><T122/><D122/><U22/><E46/><N who="2" m="25687" /><F67/><W43/><G125/><T76/><D16/><N who="1" m="10375" /><E35/><V47/><F83/><W84/><G72/><T79/><D91/><U99/><E99/><V15/><F15/><W50/><G5/><T127/><D127/><U74/><E74/><V10/><F10/><W61/><G84/><T7/><D7/><U41/><E33/><V132/><F132/><W108/><G108/><T38/><D38/><U39/><E39/><V11/><F11/><W89/><G89/><T100/><D81/><N who="1" m="49519" /><E14/><V93/><F93/><W30/><G101/><AGARI ba="0,0" hai="47,51,54,77,78,97,101,105" m="25687,42507" machi="101" ten="30,1500,0" yaku="10,1" doraHai="119" who="2" fromWho="3" sc="359,0,448,0,117,15,76,-15" /><INIT seed="6,1,0,0,5,91" ten="359,448,132,61" oya="2" hai0="89,57,87,56,10,96,35,18,23,126,103,82,40" hai1="33,86,61,0,105,111,42,121,114,112,108,130,107" hai2="1,83,64,63,65,13,32,128,79,54,34,15,27" hai3="95,30,109,93,99,21,59,85,97,120,60,28,125"/><V66/><F128/><W117/><G109/><N who="1" m="42058" /><E0/><V45/><F1/><W90/><G117/><T106/><D35/><U29/><E42/><V133/><F133/><W132/><G132/><T123/><D123/><U22/><E33/><V11/><F34/><W73/><G73/><T5/><D126/><U110/><E110/><V48/><F32/><W76/><G125/><T74/><D74/><U47/><E47/><V20/><F11/><W88/><G120/><T43/><D43/><U92/><E130/><V72/><REACH who="2" step="1"/><F63/><REACH who="2" ten="359,448,122,61" step="2"/><W52/><REACH who="3" step="1"/><G21/><REACH who="3" ten="359,448,122,51" step="2"/><T94/><D23/><U26/><E22/><V98/><F98/><W46/><G46/><T80/><D96/><U71/><E121/><V19/><AGARI ba="1,2" hai="13,15,19,20,27,45,48,54,64,65,66,72,79,83" machi="19" ten="30,6000,0" yaku="1,1,0,1,53,1" doraHai="91" doraHaiUra="14" who="2" fromWho="2" sc="359,-21,448,-21,122,83,51,-21" /><INIT seed="6,2,0,4,5,127" ten="338,427,205,30" oya="2" hai0="30,94,135,131,92,112,6,45,68,1,105,5,78" hai1="69,66,63,18,36,93,20,76,34,64,116,56,134" hai2="54,106,53,118,29,11,102,121,3,82,71,31,120" hai3="70,86,108,124,37,43,44,58,65,73,47,100,87"/><V104/><F118/><W16/><G73/><T84/><D105/><U90/><E34/><V38/><F38/><W81/><G124/><T48/><D68/><U25/><E36/><V85/><F71/><W9/><G108/><T32/><D112/><U114/><E114/><V99/><F106/><W52/><G70/><T10/><D6/><U126/><E134/><V33/><F121/><W88/><G100/><T12/><D135/><U67/><E116/><V7/><F120/><W2/><G65/><T42/><D131/><U50/><E76/><V41/><F41/><W129/><G129/><T107/><D107/><U83/><E83/><V22/><F33/><W74/><G2/><T96/><D1/><U51/><E126/><V97/><F97/><W28/><G28/><T14/><D14/><U125/><E125/><V24/><REACH who="2" step="1"/><F31/><REACH who="2" ten="338,427,195,30" step="2"/><W132/><G132/><T133/><D133/><U111/><E69/><V98/><F98/><W117/><G117/><T27/><D96/><N who="1" m="57399" /><E111/><V13/><F13/><W123/><G123/><T130/><D130/><U17/><E25/><V60/><F60/><W119/><G119/><T46/><D30/><U26/><E63/><V4/><F4/><W8/><G74/><T62/><D27/><U49/><E26/><V61/><F61/><N who="3" m="36039" /><G43/><T59/><D32/><U101/><E18/><V115/><F115/><W113/><G37/><T75/><D75/><U39/><E39/><V35/><F35/><W122/><G113/><T109/><D109/><U95/><E17/><V23/><F23/><W103/><G122/><T19/><D5/><U79/><E20/><RYUUKYOKU ba="2,1" sc="338,-10,427,-10,195,30,30,-10" hai2="3,7,11,22,24,29,53,54,82,85,99,102,104" /><INIT seed="6,3,1,4,5,126" ten="328,417,225,20" oya="2" hai0="51,89,14,63,66,116,53,86,2,21,7,57,44" hai1="112,40,103,74,122,124,80,84,56,32,48,59,36" hai2="91,8,64,100,25,58,47,0,13,39,104,27,69" hai3="54,18,106,71,72,83,20,38,90,132,17,46,22"/><V110/><F0/><W12/><G106/><T19/><D116/><U60/><E36/><V105/><F110/><W129/><G71/><T95/><D2/><U98/><E32/><V125/><F125/><W29/><G132/><T30/><D30/><U23/><E74/><V6/><F69/><W42/><G129/><T62/><D62/><U49/><E112/><V87/><F100/><W16/><G29/><T10/><D7/><U26/><E124/><V75/><F75/><W111/><G111/><T35/><D35/><U133/><E133/><V78/><F78/><W4/><G4/><T113/><D113/><U94/><E40/><V55/><F64/><W108/><G108/><T102/><D102/><U114/><E114/><V34/><F34/><W28/><G28/><T11/><AGARI ba="3,1" hai="10,11,14,19,21,44,51,53,57,63,66,86,89,95" machi="11" ten="30,2000,0" yaku="0,1,8,1" doraHai="126" who="0" fromWho="0" sc="328,39,417,-8,225,-13,20,-8" /><INIT seed="7,0,0,3,5,134" ten="367,409,212,12" oya="3" hai0="16,52,117,80,43,19,118,83,130,89,116,8,101" hai1="96,21,82,88,22,109,110,18,12,42,34,104,125" hai2="106,107,51,1,40,44,32,115,97,127,91,86,28" hai3="95,35,77,0,76,78,98,6,46,5,70,54,38"/><W20/><G35/><T15/><D130/><U135/><E34/><V90/><F115/><W73/><G73/><T75/><D43/><U25/><E135/><V122/><F122/><W61/><G70/><T79/><D101/><U33/><E33/><V9/><F107/><W37/><G0/><T49/><D19/><U26/><E42/><V71/><F71/><W121/><G121/><T58/><D83/><U59/><E12/><V3/><F3/><W124/><G124/><T102/><D102/><U64/><E125/><V132/><F132/><W119/><G119/><T11/><REACH who="0" step="1"/><D89/><REACH who="0" ten="357,409,212,12" step="2"/><U133/><E88/><V72/><F72/><W100/><G37/><T60/><D60/><U7/><E133/><V39/><F39/><W67/><G38/><T99/><D99/><U13/><E18/><V2/><F2/><W65/><G20/><AGARI ba="0,1" hai="8,11,15,16,20,49,52,58,75,79,80,116,117,118" machi="20" ten="40,5200,0" yaku="1,1,54,2,53,0" doraHai="134" doraHaiUra="41" who="0" fromWho="3" sc="357,62,409,0,212,0,12,-52" owari="419,52.0,409,21.0,212,-19.0,-40,-54.0" /></mjloggm>