<mjloggm ver="2.3"><GO type="97" lobby="0"/><UN n0="%E5%86%B7%E9%9D%99%E3%81%AE%E3%83%96%E3%83%AB%E3%83%BC" n1="%E5%B0%B1%E6%B4%BB%E7%94%9F%40%E5%B7%9D%E6%9D%91%E8%BB%8D%E5%9B%A3" n2="%E9%8F%A1%E8%AA%A0" n3="%E3%81%BE%E3%82%8B%E3%81%8A%E3%81%8D%E3%82%93%E3%81%90" dan="14,14,14,13" rate="1979.11,1991.78,1852.87,1856.92" sx="M,M,M,M"/><TAIKYOKU oya="0"/><INIT seed="0,0,0,0,0,99" ten="250,250,250,250" oya="0" hai0="73,38,125,59,97,84,77,36,93,105,32,133,10" hai1="119,61,29,85,57,67,14,96,26,1,23,45,5" hai2="18,90,89,7,58,30,76,3,124,12,114,62,129" hai3="88,112,27,6,94,42,69,110,71,126,54,35,39"/><T130/><D32/><U60/><E119/><V79/><F3/><W8/><G112/><T9/><D38/><U15/><E1/><V101/><F7/><W19/><G126/><T111/><D36/><U34/><E34/><V66/><F124/><W109/><G39/><T91/><D125/><U65/><E45/><V87/><F30/><W118/><G42/><T49/><D130/><U17/><E5/><V86/><F129/><W20/><G118/><T78/><D78/><U95/><E85/><V123/><F123/><W46/><G35/><T31/><D31/><U113/><E17/><V40/><F40/><W128/><G46/><T120/><D120/><U108/><E108/><N who="3" m="41578" /><G54/><T68/><D68/><U56/><E113/><V43/><F43/><W44/><G44/><T82/><D111/><U28/><E28/><V98/><F114/><W121/><G121/><T11/><D133/><U24/><E24/><V51/><F51/><W0/><G128/><T2/><D2/><U22/><E22/><V63/><F63/><W127/><G127/><T4/><D4/><U21/><E21/><V106/><F87/><AGARI ba="0,0" hai="0,6,8,19,20,27,69,71,87,88,94" m="41578" machi="87" ten="30,2000,0" yaku="14,1,54,1" doraHai="99" who="3" fromWho="2" sc="250,0,250,0,250,-20,250,20" /><INIT seed="1,0,0,3,3,71" ten="250,250,230,270" oya="1" hai0="72,29,43,94,62,32,68,50,44,83,55,89,118" hai1="33,24,87,36,39,61,23,0,131,75,105,14,2" hai2="52,92,119,69,45,65,76,124,46,10,95,54,120" hai3="99,11,37,22,86,116,47,77,80,1,110,27,6"/><U90/><E75/><V109/><F119/><W79/><G110/><T48/><D118/><U113/><E105/><V13/><F109/><W60/><G116/><T125/><D32/><U78/><E113/><V58/><F69/><W74/><G99/><T103/><D103/><U40/><E131/><V51/><F76/><W115/><G115/><T19/><D29/><U97/><E33/><V5/><F120/><W66/><G79/><T98/><D125/><U35/><E35/><V135/><F124/><W123/><G86/><T112/><D112/><U16/><E78/><V108/><F65/><W38/><G123/><T73/><D83/><U132/><E132/><V81/><F81/><W57/><G47/><N who="2" m="17929" /><F135/><W130/><REACH who="3" step="1"/><G130/><REACH who="3" ten="250,250,230,260" step="2"/><T101/><D73/><U25/><E97/><V133/><F133/><W9/><G9/><T59/><D72/><U26/><E40/><V49/><F108/><W88/><G88/><T31/><D89/><U82/><E2/><V21/><F21/><W12/><G12/><T70/><D31/><AGARI ba="0,1" hai="1,6,11,22,27,31,37,38,57,60,66,74,77,80" machi="31" ten="30,7700,0" yaku="1,1,7,1,52,2,53,0" doraHai="71" doraHaiUra="134" who="3" fromWho="0" sc="250,-77,250,0,230,0,260,87" /><INIT seed="2,0,0,0,1,130" ten="173,250,230,347" oya="2" hai0="7,5,9,63,87,84,31,121,20,45,41,71,1" hai1="96,10,85,34,109,15,43,131,118,14,72,25,134" hai2="54,90,47,38,92,18,74,81,58,119,68,0,104" hai3="113,24,110,83,23,93,13,111,80,11,64,12,61"/><V100/><F68/><W26/><G113/><T123/><D5/><U22/><E118/><V97/><F0/><W133/><G93/><T73/><D87/><U19/><E72/><V125/><F119/><W78/><G133/><T60/><D60/><U32/><E131/><V70/><F70/><W98/><G98/><T39/><D84/><U53/><E109/><N who="3" m="41482" /><G78/><T91/><D91/><U55/><E134/><V88/><F125/><W30/><G26/><T48/><D48/><U126/><E126/><V135/><F135/><W132/><G132/><T82/><D20/><U103/><E43/><V114/><F114/><W6/><G12/><T66/><REACH who="0" step="1"/><D31/><REACH who="0" ten="163,250,230,347" step="2"/><U122/><E34/><V49/><F18/><W35/><G35/><T67/><D67/><U116/><E32/><V128/><F128/><W75/><G75/><T40/><D40/><U62/><E85/><V33/><F33/><W8/><G61/><T127/><D127/><U86/><E116/><V124/><F124/><W16/><G64/><T46/><D46/><U52/><E86/><V76/><F47/><W56/><G6/><T108/><D108/><U95/><E122/><V115/><F90/><W59/><G30/><T129/><D129/><U94/><E62/><V79/><F88/><W42/><G42/><T50/><D50/><U37/><E37/><V117/><F38/><W89/><G89/><T69/><D69/><U107/><REACH who="1" step="1"/><E15/><REACH who="1" ten="163,240,230,347" step="2"/><V21/><F117/><W29/><G13/><T101/><D101/><U105/><E105/><V28/><F104/><W51/><G51/><T2/><D2/><U57/><E57/><RYUUKYOKU ba="0,2" sc="163,15,240,15,230,-15,347,-15" hai0="1,7,9,39,41,45,63,66,71,73,82,121,123" hai1="10,14,19,22,25,52,53,55,94,95,96,103,107" /><INIT seed="3,1,2,4,3,52" ten="178,255,215,332" oya="3" hai0="119,75,53,115,24,94,31,43,89,127,13,25,124" hai1="97,57,113,65,30,34,93,39,41,85,114,47,17" hai2="35,56,11,74,36,33,5,4,103,78,134,22,88" hai3="118,92,46,81,63,83,32,130,101,50,55,108,117"/><W90/><G32/><T109/><D75/><U0/><E0/><V70/><F70/><W80/><G101/><T29/><D119/><U120/><E120/><V105/><F36/><W68/><G130/><T104/><D104/><U107/><E107/><V87/><F78/><W106/><G106/><T125/><D43/><U102/><E17/><V54/><F74/><W9/><G108/><T23/><D109/><U112/><E85/><V99/><F22/><W44/><G68/><T40/><D40/><U42/><E42/><V8/><F134/><W132/><G132/><T38/><D38/><U60/><E30/><V18/><F18/><W7/><G63/><T62/><D13/><U59/><REACH who="1" step="1"/><E34/><REACH who="1" ten="178,245,215,332" step="2"/><V61/><F35/><W98/><G118/><T110/><D110/><U19/><E19/><V45/><F33/><W126/><G117/><T122/><D122/><U6/><E6/><V26/><F4/><W51/><G126/><T69/><D115/><U133/><E133/><V79/><F5/><W48/><G44/><T2/><D2/><U67/><E67/><V71/><F45/><W37/><G37/><T128/><D128/><U86/><E86/><V100/><F105/><W27/><G27/><T14/><D25/><U16/><E16/><V82/><F26/><W12/><AGARI ba="1,3" hai="7,9,12,46,48,50,51,55,80,81,83,90,92,98" machi="12" ten="30,3000,0" yaku="0,1,8,1" doraHai="52" who="3" fromWho="3" sc="178,-11,245,-11,215,-11,332,63" owari="167,-33.0,234,3.0,204,-20.0,395,50.0" /></mjloggm>