<mjloggm ver="2.3"><GO type="169" lobby="0"/><UN n0="%E3%82%A6%E3%83%AB%E3%83%88%E3%83%A9%E7%AB%8B%E7%9B%B4" n1="%74%61%6B%75%61%6B%61" n2="%69%73%63%6F%70%65" n3="%E7%A5%AD%E4%BA%BA" dan="17,16,16,17" rate="2185.17,2102.94,2119.56,2182.69" sx="M,M,M,M"/><TAIKYOKU oya="0"/><INIT seed="0,0,0,5,0,47" ten="250,250,250,250" oya="0" hai0="14,11,50,1,108,123,101,6,65,132,32,75,69" hai1="121,60,4,26,89,109,126,133,118,90,73,64,105" hai2="24,127,23,16,7,46,93,42,8,2,120,128,3" hai3="63,83,31,33,86,68,27,25,131,74,112,35,36"/><T54/><D123/><U99/><E4/><V102/><F120/><W71/><G112/><T76/><D132/><U92/><E118/><V104/><F127/><W29/><G131/><T10/><D108/><U87/><E121/><V82/><F128/><W56/><G36/><T41/><D32/><U58/><E73/><V22/><F104/><W134/><G74/><T119/><D119/><U135/><E109/><V19/><F82/><W15/><G15/><T91/><D41/><U5/><E5/><V43/><F2/><W103/><G103/><T53/><D101/><U79/><E79/><V129/><F129/><W66/><REACH who="3" step="1"/><G134/><REACH who="3" ten="250,250,250,240" step="2"/><T72/><D75/><U124/><E133/><V117/><F117/><W98/><G98/><T57/><D72/><U20/><E135/><V125/><F125/><W78/><AGARI ba="0,1" hai="25,27,29,31,33,35,56,63,66,68,71,78,83,86" machi="78" ten="20,5200,0" yaku="1,1,0,1,7,1,9,1,53,0" doraHai="47" doraHaiUra="37" who="3" fromWho="3" sc="250,-26,250,-13,250,-13,240,62" /><INIT seed="1,0,0,0,3,19" ten="224,237,237,302" oya="1" hai0="16,46,86,127,47,28,105,97,51,11,115,92,41" hai1="84,123,104,39,4,78,122,107,25,56,18,40,94" hai2="67,134,12,82,116,22,68,14,58,111,81,100,55" hai3="71,79,124,96,49,17,63,131,1,83,129,0,61"/><U88/><E4/><V42/><F116/><W44/><G124/><T90/><D127/><U103/><E78/><V89/><F100/><W72/><G96/><T73/><D73/><U121/><E103/><V130/><F130/><N who="3" m="49675" /><G17/><T98/><D115/><U69/><E69/><V70/><F42/><N who="3" m="24727" /><G71/><T109/><D109/><U74/><E74/><V60/><F111/><W76/><G79/><T26/><D105/><U65/><E40/><V38/><F38/><W2/><AGARI ba="0,0" hai="0,1,2,61,63,72,76,83" m="24727,49675" machi="2" ten="40,1500,0" yaku="19,1" doraHai="19" who="3" fromWho="3" sc="224,-4,237,-7,237,-4,302,15" /><INIT seed="2,0,0,1,4,123" ten="220,230,233,317" oya="2" hai0="96,34,92,126,103,14,8,42,124,20,4,112,129" hai1="115,50,133,22,62,77,61,26,91,41,33,100,109" hai2="73,60,135,46,0,127,21,120,113,1,111,59,87" hai3="81,76,29,43,107,15,130,80,98,68,117,36,94"/><V74/><F120/><W55/><G117/><T38/><D112/><U134/><E33/><V5/><F113/><W67/><G107/><T69/><D69/><U51/><E115/><V128/><F128/><W108/><G29/><T85/><D34/><U19/><E100/><V35/><F35/><W28/><G28/><T78/><D129/><U11/><E77/><V70/><F70/><W48/><G15/><T6/><D6/><U84/><E11/><V65/><F135/><N who="1" m="51721" /><E109/><V82/><F127/><W90/><G130/><T57/><D57/><U83/><E41/><V44/><F111/><W7/><G7/><T25/><D42/><U54/><E51/><V86/><F5/><W118/><G118/><T13/><D13/><U119/><E119/><V12/><F0/><W116/><G108/><T122/><D38/><U132/><E132/><V37/><F1/><W93/><G76/><T10/><D10/><U114/><E114/><V52/><F37/><W106/><G106/><T58/><D122/><U95/><E95/><V18/><F44/><AGARI ba="0,0" hai="19,22,26,44,50,54,61,62,83,84,91" m="51721" machi="44" ten="30,1000,0" yaku="20,1" doraHai="123" who="1" fromWho="2" sc="220,0,230,10,233,-10,317,0" /><INIT seed="3,0,0,3,3,87" ten="220,240,223,317" oya="3" hai0="9,17,12,92,95,16,25,79,52,39,4,54,75" hai1="115,101,44,96,43,83,125,98,7,130,21,127,105" hai2="18,29,66,34,6,78,88,49,13,40,23,30,97" hai3="99,27,122,19,94,102,110,108,31,60,11,3,65"/><W90/><G122/><T89/><D39/><U55/><E115/><V84/><F34/><W80/><G3/><T107/><D107/><U126/><E130/><V50/><F66/><W81/><G11/><T119/><D119/><U5/><E55/><N who="0" m="21033" /><D75/><U20/><E96/><V111/><F111/><N who="3" m="42539" /><G19/><N who="0" m="7243" /><D79/><U120/><E83/><N who="2" m="47223" /><F6/><N who="1" m="2057" /><E120/><V41/><F49/><AGARI ba="0,0" hai="20,21,43,44,49,98,101,105,125,126,127" m="2057" machi="49" ten="30,1000,0" yaku="18,1" doraHai="87" who="1" fromWho="2" sc="220,0,240,10,223,-10,317,0" /><INIT seed="4,0,0,2,1,128" ten="220,250,213,317" oya="0" hai0="87,50,80,119,29,84,10,55,24,92,134,70,47" hai1="38,109,41,115,17,40,19,12,64,46,124,14,118" hai2="32,96,37,79,45,21,61,67,76,2,98,16,129" hai3="123,108,18,105,66,85,43,11,52,88,127,116,53"/><T130/><D119/><U83/><E118/><V94/><F32/><W26/><G116/><T48/><D130/><U114/><E109/><V0/><F129/><W51/><G108/><T68/><D134/><U89/><E124/><V126/><F126/><W102/><G127/><T132/><D132/><U7/><E7/><V59/><F96/><W9/><G66/><T25/><D10/><N who="3" m="3593" /><G102/><T27/><D29/><U103/><E103/><V73/><F73/><W8/><G105/><T30/><D30/><U13/><E64/><V31/><F31/><W99/><G99/><T23/><D23/><U112/><REACH who="1" step="1"/><E41/><REACH who="1" ten="220,240,213,317" step="2"/><V36/><F0/><W131/><G43/><T75/><D70/><U111/><E111/><V82/><F2/><W15/><G131/><T100/><D68/><U120/><E120/><V77/><F82/><N who="3" m="49207" /><G123/><T81/><D80/><U125/><E125/><V44/><F36/><W106/><G106/><T56/><D81/><U97/><E97/><V72/><F37/><W34/><G34/><T107/><D107/><U39/><E39/><V110/><F110/><W71/><G71/><T3/><D3/><U33/><E33/><V90/><REACH who="2" step="1"/><F72/><REACH who="2" ten="220,240,203,317" step="2"/><W35/><G35/><T69/><D75/><U6/><E6/><V86/><F86/><AGARI ba="0,2" hai="12,13,14,17,19,38,40,46,83,86,89,112,114,115" machi="86" ten="50,6400,0" yaku="1,1,15,1,11,1,53,0" doraHai="128" doraHaiUra="49" who="1" fromWho="2" sc="220,0,240,84,203,-64,317,0" /><INIT seed="5,0,0,3,3,9" ten="220,324,139,317" oya="1" hai0="27,50,52,30,70,60,33,31,89,77,25,132,113" hai1="58,6,93,1,84,8,123,109,12,124,96,39,121" hai2="75,76,61,37,51,131,133,102,115,118,99,128,17" hai3="49,78,59,63,108,112,86,54,10,106,130,23,127"/><U82/><E39/><V29/><F37/><W120/><G108/><T66/><D132/><U53/><E1/><V111/><F118/><W87/><G120/><T4/><D113/><U57/><E57/><V24/><F111/><W34/><G34/><T35/><D77/><U100/><E124/><V40/><F133/><W62/><G106/><T46/><D4/><U56/><E56/><V15/><F115/><W116/><G112/><T48/><D48/><U129/><E129/><V97/><F61/><W11/><G130/><N who="2" m="49705" /><F76/><W26/><G127/><T3/><D89/><U117/><E117/><V122/><F75/><W69/><G69/><T81/><D81/><U73/><E73/><V65/><F65/><N who="3" m="39135" /><G63/><T14/><D14/><U21/><E21/><N who="2" m="11455" /><F122/><W0/><G116/><T19/><REACH who="0" step="1"/><D19/><REACH who="0" ten="210,324,139,317" step="2"/><U36/><E109/><V125/><F125/><W28/><G78/><T88/><D88/><N who="1" m="51223" /><E36/><V135/><F135/><W68/><G49/><T110/><D110/><U5/><E121/><V42/><F51/><W94/><G0/><AGARI ba="0,1" hai="0,3,25,27,30,31,33,35,46,50,52,60,66,70" machi="0" ten="40,8000,1" yaku="1,1,9,1,54,1,53,1" doraHai="9" doraHaiUra="44" who="0" fromWho="3" sc="210,90,324,0,139,0,317,-80" /><INIT seed="6,0,0,2,0,82" ten="300,324,139,237" oya="2" hai0="113,122,20,76,92,67,57,102,104,49,17,121,38" hai1="103,19,66,115,33,43,46,31,101,124,55,80,5" hai2="112,91,45,79,3,98,131,87,116,70,117,69,11" hai3="54,135,34,74,28,60,56,109,50,88,129,90,58"/><V12/><F3/><W83/><G109/><T110/><D110/><U2/><E115/><V41/><F131/><W85/><G129/><T89/><D113/><U25/><E66/><V105/><F112/><W84/><G135/><T72/><D38/><U42/><E42/><V16/><F79/><W59/><G74/><T51/><D49/><U86/><E55/><V123/><F123/><W120/><G120/><T133/><D133/><U10/><E19/><V30/><F30/><W134/><G134/><T100/><D104/><U108/><E124/><V125/><F125/><W13/><G34/><T114/><D114/><U14/><E14/><V7/><F7/><W65/><G28/><T73/><D73/><U21/><E21/><V40/><F40/><W53/><G13/><T6/><D6/><U29/><E29/><V99/><F116/><W52/><G59/><T4/><D4/><U63/><E63/><V127/><F127/><W8/><G8/><T35/><D35/><U39/><E108/><V107/><F117/><W128/><G128/><T126/><D126/><U27/><E27/><V61/><F61/><W26/><G26/><T95/><D17/><U71/><E71/><N who="2" m="27147" /><F107/><W9/><G9/><T93/><D20/><U15/><E2/><V47/><F105/><W94/><AGARI ba="0,0" hai="50,52,53,54,56,58,60,65,83,84,85,88,90,94" machi="94" ten="20,12000,2" yaku="0,1,7,1,8,1,52,2,54,2" doraHai="82" who="3" fromWho="3" sc="300,-30,324,-30,139,-60,237,120" /><INIT seed="7,0,0,3,1,51" ten="270,294,79,357" oya="3" hai0="91,110,125,68,47,106,64,101,81,9,87,17,56" hai1="76,109,50,85,11,124,95,8,53,40,48,13,2" hai2="108,100,93,6,135,129,15,22,121,7,130,80,62" hai3="36,127,35,96,32,111,69,132,119,21,94,3,38"/><W42/><G119/><T66/><D110/><U90/><E109/><V20/><F108/><W98/><G3/><T49/><D125/><U133/><E133/><V104/><F104/><W60/><G98/><T134/><D134/><U79/><E124/><V29/><F135/><W4/><G4/><T65/><D68/><U113/><E113/><V10/><F80/><W28/><G35/><T103/><D56/><N who="1" m="32807" /><E2/><V71/><F93/><W84/><G84/><T63/><D63/><U97/><E97/><V54/><F100/><W126/><G21/><T78/><D106/><U128/><E128/><V5/><F71/><W0/><G60/><T120/><D120/><U86/><E86/><V116/><F116/><W74/><G0/><T83/><D83/><U89/><E89/><V25/><F62/><W107/><G74/><T57/><D57/><U82/><E82/><V45/><F45/><W19/><G107/><T75/><D75/><U52/><E40/><V37/><F37/><W58/><G42/><T61/><D61/><U122/><E122/><V72/><F72/><W1/><G126/><T92/><D92/><U34/><E34/><V67/><F67/><W12/><G127/><T114/><D114/><U73/><E73/><V44/><F121/><W105/><G105/><T18/><D78/><N who="1" m="29739" /><E13/><V112/><F112/><W77/><G12/><N who="0" m="7311" /><D18/><U88/><E90/><V131/><REACH who="2" step="1"/><F20/><REACH who="2" ten="270,294,69,357" step="2"/><W43/><G132/><T41/><AGARI ba="0,1" hai="41,47,49,64,65,66,81,87,91,101,103" m="7311" machi="41" ten="30,1100,0" yaku="8,1" doraHai="51" who="0" fromWho="0" sc="270,21,294,-3,69,-3,357,-5" owari="291,9.0,291,-11.0,66,-43.0,352,45.0" /></mjloggm>