<mjloggm ver="2.3"><GO type="41" lobby="0"/><UN n0="%79%6F%6E%6D%61%55%6B%69" n1="%E5%B0%B1%E6%B4%BB%E7%94%9F%40%E5%B7%9D%E6%9D%91%E8%BB%8D%E5%9B%A3" n2="%EF%BD%9A%EF%BD%8F%EF%BD%8F%E3%83%A1%E3%83%B3" n3="%6C%61%6B%75%63%68%69" dan="15,15,14,14" rate="2070.44,1939.14,1903.25,1965.34" sx="M,M,M,M"/><TAIKYOKU oya="0"/><INIT seed="0,0,0,3,2,55" ten="250,250,250,250" oya="0" hai0="48,124,95,63,114,103,31,60,19,21,132,16,116" hai1="127,98,68,130,118,96,97,26,131,101,33,24,17" hai2="120,34,71,67,70,93,6,32,99,15,113,75,122" hai3="52,64,23,9,36,1,10,81,86,105,8,27,41"/><T115/><D116/><U29/><E68/><V74/><F113/><W119/><G105/><T89/><D115/><U69/><E69/><V77/><F6/><W112/><G112/><T2/><D2/><U14/><E118/><V90/><F15/><W129/><G64/><T83/><D114/><U135/><E135/><V61/><F71/><W7/><G119/><T104/><D104/><U111/><E24/><V12/><F12/><W42/><G129/><N who="1" m="49162" /><E111/><V44/><F44/><W18/><G36/><T49/><D132/><U85/><E85/><V109/><F109/><W0/><G0/><T126/><D103/><U54/><E54/><V58/><F70/><W102/><G102/><T107/><D83/><U30/><E30/><V62/><F62/><N who="0" m="23594" /><D107/><N who="1" m="63911" /><E127/><N who="0" m="48681" /><D31/><U94/><E94/><V110/><F110/><W57/><G7/><T13/><D19/><U134/><E134/><V40/><F77/><N who="3" m="46383" /><G1/><T73/><D73/><U84/><E84/><AGARI ba="0,0" hai="13,16,21,48,49,84,89,95" m="48681,23594" machi="84" ten="30,2900,0" yaku="18,1,54,1" doraHai="55" who="0" fromWho="1" sc="250,29,250,-29,250,0,250,0" /><INIT seed="0,1,0,2,4,51" ten="279,221,250,250" oya="0" hai0="87,32,17,67,65,88,13,71,72,124,66,86,108" hai1="55,106,97,10,70,81,60,26,33,73,3,100,132" hai2="114,48,31,19,117,111,93,24,52,85,58,103,8" hai3="41,25,96,90,84,127,112,83,20,0,113,102,2"/><T6/><D72/><U16/><E132/><V18/><F114/><W107/><G127/><T50/><D124/><U130/><E130/><V118/><F111/><W99/><G41/><T12/><D32/><U45/><E3/><V49/><F49/><W47/><G47/><T129/><D129/><U29/><E70/><V64/><F64/><W43/><G43/><T121/><D108/><U98/><E98/><N who="2" m="59855" /><F85/><W74/><G99/><T115/><D115/><U69/><E69/><V75/><F75/><W22/><G22/><N who="0" m="11559" /><D71/><U34/><E34/><N who="2" m="20839" /><F8/><W42/><G42/><T89/><D121/><U134/><E134/><V120/><F120/><W23/><G113/><T1/><D1/><U116/><E116/><AGARI ba="1,0" hai="18,19,48,52,58,116,117,118" m="20839,59855" machi="116" ten="30,3900,0" yaku="12,1,52,1,54,1" doraHai="51" who="2" fromWho="1" sc="279,0,221,-42,250,42,250,0" /><INIT seed="1,0,0,1,1,91" ten="279,179,292,250" oya="1" hai0="97,67,130,71,66,25,106,8,38,58,50,93,11" hai1="111,15,85,127,37,88,36,42,87,101,56,4,73" hai2="60,17,113,135,61,103,79,72,99,28,34,122,51" hai3="74,124,133,6,0,40,5,70,112,119,94,12,117"/><U69/><E73/><V59/><F122/><W83/><G112/><T102/><D130/><U98/><E69/><V7/><F135/><W24/><G0/><T9/><D38/><U14/><E127/><V49/><F113/><W134/><G70/><T121/><D121/><U90/><E111/><V132/><F132/><N who="3" m="50795" /><G40/><T52/><D71/><U64/><E42/><V114/><F7/><W125/><G24/><T92/><REACH who="0" step="1"/><D25/><REACH who="0" ten="269,179,292,250" step="2"/><U62/><E37/><V100/><F114/><W81/><G124/><T95/><AGARI ba="0,1" hai="8,9,11,50,52,58,66,67,92,93,95,97,102,106" machi="95" ten="30,12000,2" yaku="1,1,2,1,0,1,52,3,54,1,53,0" doraHai="91" doraHaiUra="131" who="0" fromWho="0" sc="269,130,179,-60,292,-30,250,-30" /><INIT seed="2,0,0,0,5,33" ten="399,119,262,220" oya="2" hai0="88,45,135,111,127,15,38,89,119,124,49,117,133" hai1="134,32,21,58,35,67,46,95,29,120,60,85,56" hai2="52,106,69,54,66,114,24,129,10,40,105,110,53" hai3="132,36,61,8,76,100,16,78,20,103,123,64,51"/><V75/><F114/><W113/><G36/><T73/><D15/><U126/><E120/><V43/><F129/><W9/><G123/><T107/><D107/><U131/><E126/><N who="0" m="48169" /><D73/><U128/><E134/><N who="0" m="51209" /><D38/><U104/><E104/><V25/><F110/><W125/><G113/><T30/><D30/><U7/><E7/><V101/><F75/><W130/><G130/><N who="1" m="49706" /><E46/><V83/><F83/><W71/><G132/><T13/><D13/><U1/><E1/><V59/><F69/><W50/><G125/><T68/><D68/><N who="1" m="42087" /><E21/><V11/><F101/><W26/><G103/><T22/><D22/><U96/><E85/><V63/><F106/><W62/><G100/><T98/><D111/><U109/><E109/><V93/><F105/><W19/><G62/><T41/><D98/><U44/><E44/><V86/><F93/><W90/><G90/><AGARI ba="0,0" hai="41,45,49,88,89,90,117,119" m="51209,48169" machi="90" ten="40,5200,0" yaku="18,1,20,1,54,1" doraHai="33" who="0" fromWho="3" sc="399,52,119,0,262,0,220,-52" /><INIT seed="3,0,0,0,4,116" ten="451,119,262,168" oya="3" hai0="83,54,67,37,79,34,120,131,28,23,6,87,110" hai1="32,61,66,19,10,7,44,24,12,35,103,2,135" hai2="51,48,125,115,20,75,31,0,41,17,15,33,88" hai3="11,56,84,62,119,53,64,72,130,117,91,118,78"/><W5/><G130/><T127/><D37/><U29/><E135/><V18/><F75/><W90/><G72/><T97/><D131/><U55/><E103/><V9/><F115/><W69/><G78/><T52/><D34/><U86/><E35/><V50/><F125/><W58/><G84/><T42/><D127/><U65/><E86/><V99/><F0/><W3/><REACH who="3" step="1"/><G69/><REACH who="3" ten="451,119,262,158" step="2"/><T16/><D79/><U59/><REACH who="1" step="1"/><E44/><REACH who="1" ten="451,109,262,158" step="2"/><V22/><F33/><W71/><G71/><T104/><D87/><U77/><E77/><V13/><F99/><W134/><G134/><T132/><D97/><U38/><E38/><V126/><F126/><W40/><G40/><T94/><D42/><U74/><E74/><V85/><F41/><W63/><AGARI ba="0,2" hai="3,5,11,53,56,58,62,63,64,90,91,117,118,119" machi="63" ten="40,3900,0" yaku="1,1,0,1,53,0" doraHai="116" doraHaiUra="27" who="3" fromWho="3" sc="451,-13,109,-13,262,-13,158,59" /><INIT seed="3,1,0,0,0,90" ten="438,96,249,217" oya="3" hai0="121,127,31,26,39,97,30,5,88,70,124,92,58" hai1="50,36,22,37,21,133,45,93,99,81,114,60,41" hai2="38,14,79,9,25,51,126,118,128,61,44,101,105" hai3="53,72,76,94,62,64,73,0,52,4,91,120,119"/><W27/><G119/><T111/><D70/><U3/><E114/><V84/><F118/><W125/><G120/><T7/><D121/><U104/><E104/><V48/><F38/><W6/><G125/><N who="0" m="48203" /><D39/><U109/><E3/><V1/><F1/><W11/><G6/><N who="0" m="2059" /><D111/><U106/><E106/><V40/><F48/><W19/><G76/><T12/><D26/><U103/><E109/><V47/><F25/><W33/><G33/><T131/><D131/><U35/><E35/><V80/><F128/><W85/><G73/><T95/><D12/><U67/><E133/><V65/><F14/><W29/><G72/><T113/><D113/><U82/><E37/><V71/><F9/><W129/><G129/><T68/><D68/><U42/><E42/><V57/><F71/><W132/><G132/><T86/><D58/><N who="1" m="37271" /><E36/><V102/><F126/><W28/><G28/><T107/><D107/><U66/><E66/><V75/><F75/><W74/><G74/><T77/><D77/><U117/><E117/><V24/><F105/><W49/><G49/><T43/><D43/><U13/><E13/><V123/><F123/><W96/><G19/><T78/><D78/><U98/><E98/><V46/><F24/><W23/><G96/><T18/><D18/><U20/><AGARI ba="1,0" hai="20,21,22,41,45,50,81,82,93,99,103" m="37271" machi="20" ten="30,2000,0" yaku="8,1,52,1" doraHai="90" who="1" fromWho="1" sc="438,-6,96,23,249,-6,217,-11" /><INIT seed="4,0,0,4,4,32" ten="432,119,243,206" oya="0" hai0="35,86,96,13,71,14,103,109,84,40,94,80,123" hai1="74,20,105,67,27,2,99,26,44,15,23,85,39" hai2="98,49,24,33,57,6,113,4,76,7,89,38,17" hai3="97,42,127,128,91,104,25,70,69,18,130,28,73"/><T88/><D35/><U133/><E74/><V53/><F38/><W36/><G18/><T45/><D71/><U111/><E111/><V65/><F113/><W92/><G73/><T50/><D109/><U102/><E133/><V55/><F65/><W12/><G127/><T19/><D123/><U114/><E114/><V135/><F135/><W62/><G104/><T77/><REACH who="0" step="1"/><D19/><REACH who="0" ten="422,119,243,206" step="2"/><U101/><E105/><AGARI ba="0,1" hai="13,14,40,45,50,77,80,84,86,88,94,96,103,105" machi="105" ten="30,12000,1" yaku="1,1,2,1,7,1,54,1,53,1" doraHai="32" doraHaiUra="75" who="0" fromWho="1" sc="422,130,119,-120,243,0,206,0" owari="552,65.0,-1,-50.0,243,4.0,206,-19.0" /></mjloggm>