<mjloggm ver="2.3"><GO type="97" lobby="0"/><UN n0="%E5%B0%B1%E6%B4%BB%E7%94%9F%40%E5%B7%9D%E6%9D%91%E8%BB%8D%E5%9B%A3" n1="%75%73%77" n2="%6B%69%72%69%6E%7A%69" n3="%6F%74%74%6F%30%35%30%38" dan="15,15,14,14" rate="1950.83,1979.52,1928.02,1951.94" sx="M,M,M,M"/><TAIKYOKU oya="0"/><INIT seed="0,0,0,2,4,103" ten="250,250,250,250" oya="0" hai0="23,108,124,88,79,115,91,66,62,75,28,65,29" hai1="118,71,122,81,35,116,56,52,50,63,1,112,69" hai2="129,57,10,126,74,93,5,19,9,4,34,101,51" hai3="97,26,98,44,70,30,73,6,20,117,92,84,130"/><T135/><D115/><U42/><E35/><V12/><F74/><W111/><G117/><N who="1" m="45162" /><E1/><V33/><F126/><W72/><G70/><N who="1" m="26634" /><E81/><V22/><F129/><W85/><G130/><T43/><D124/><U110/><E110/><V76/><F76/><W114/><G114/><T104/><D104/><U40/><E112/><V58/><F101/><W49/><G111/><T53/><D108/><U102/><E102/><V120/><F93/><W119/><G119/><T48/><D135/><U61/><E122/><V96/><F96/><N who="3" m="36971" /><G72/><T131/><D79/><U86/><E86/><N who="3" m="33386" /><G73/><T125/><D75/><U3/><E3/><V109/><F120/><W46/><G92/><T123/><D123/><U36/><E36/><V41/><F109/><W32/><G32/><T128/><D125/><U106/><E106/><V90/><F34/><W0/><G0/><T77/><D77/><U89/><E89/><N who="0" m="34377" /><D131/><U24/><E24/><V127/><F90/><W25/><G25/><N who="0" m="16447" /><D128/><U55/><E63/><V14/><F33/><W82/><G82/><T60/><D29/><U134/><E134/><V39/><F39/><W54/><G6/><T64/><D43/><U59/><AGARI ba="0,0" hai="40,42,50,52,55,56,59,61" m="26634,45162" machi="59" ten="40,5200,0" yaku="34,2,54,1" doraHai="103" who="1" fromWho="1" sc="250,-26,250,52,250,-13,250,-13" /><INIT seed="1,0,0,0,4,50" ten="224,302,237,237" oya="1" hai0="5,71,95,8,49,108,77,100,34,57,102,115,33" hai1="12,9,128,37,101,28,119,114,17,69,4,127,36" hai2="42,103,48,109,35,125,52,82,81,63,40,89,39" hai3="74,26,105,64,122,134,51,58,22,120,104,93,99"/><U106/><E119/><V0/><F35/><W25/><G74/><T65/><D115/><U66/><E114/><V96/><F0/><W121/><G134/><T20/><D108/><U24/><E128/><V21/><F109/><W16/><G26/><T19/><D71/><U90/><E127/><V73/><F125/><W131/><G131/><T118/><D77/><U10/><E90/><V129/><F129/><W107/><G51/><T7/><D118/><U60/><E10/><V126/><F126/><W32/><G32/><T3/><D7/><U11/><E11/><V18/><F39/><W123/><N who="3" m="31232" /><DORA hai="111" /><W43/><G43/><N who="2" m="16425" /><F73/><W72/><G72/><T14/><D100/><U80/><E80/><V110/><F103/><W41/><G41/><T55/><REACH who="0" step="1"/><D65/><REACH who="0" ten="214,302,237,237" step="2"/><N who="1" m="41127" /><E101/><V59/><F110/><W45/><G64/><T2/><D2/><U76/><E66/><N who="2" m="39295" /><F96/><AGARI ba="0,1" hai="3,5,8,14,19,20,33,34,49,55,57,95,96,102" machi="96" ten="40,5200,0" yaku="1,1,52,1,53,1" doraHai="50,111" doraHaiUra="44,61" who="0" fromWho="2" sc="214,62,302,0,237,-52,237,0" /><INIT seed="2,0,0,2,0,73" ten="276,302,185,237" oya="2" hai0="77,70,43,95,125,100,48,45,97,35,47,56,69" hai1="68,20,7,114,2,46,107,90,128,99,123,98,119" hai2="36,65,88,132,42,67,86,82,106,50,27,31,108" hai3="25,126,12,127,16,49,57,10,26,131,74,116,13"/><V72/><F106/><W44/><G74/><T75/><D35/><U124/><E68/><V62/><F132/><W122/><G57/><T113/><D113/><U59/><E59/><V76/><F36/><W22/><G49/><T18/><D125/><N who="3" m="47625" /><G44/><T63/><D47/><U19/><E46/><V32/><F108/><W120/><G131/><T17/><D70/><U135/><E99/><V8/><F8/><W34/><G116/><T24/><D69/><U105/><E105/><V118/><F118/><W3/><G3/><T115/><D115/><U80/><E107/><V96/><F96/><W54/><G54/><T89/><D24/><N who="3" m="9321" /><G34/><T4/><D4/><AGARI ba="0,0" hai="4,10,12,13,16,22,120,122" m="9321,47625" machi="4" ten="30,7700,0" yaku="18,1,34,2,54,1" doraHai="73" who="3" fromWho="0" sc="276,-77,302,0,185,0,237,77" /><INIT seed="3,0,0,1,1,98" ten="199,302,185,314" oya="3" hai0="135,69,109,45,53,19,14,51,35,115,123,84,30" hai1="132,86,59,47,41,128,104,73,57,4,91,92,22" hai2="75,93,34,133,131,108,39,8,100,102,15,36,119" hai3="125,74,6,82,122,112,56,96,89,120,61,33,31"/><W71/><G112/><T72/><D72/><U37/><E73/><V95/><F119/><W124/><G71/><T87/><D69/><U27/><E132/><V46/><F133/><W94/><G6/><T113/><D135/><U18/><E104/><V107/><F75/><W63/><G33/><T49/><D123/><U38/><E128/><V85/><F34/><W7/><G7/><T0/><D0/><U134/><E134/><V25/><F131/><W64/><G31/><T10/><D109/><U83/><E37/><V62/><F25/><W1/><G1/><T17/><D17/><U16/><E4/><V40/><F108/><W127/><G61/><T97/><D97/><U52/><E18/><V58/><F39/><W99/><G99/><T101/><D101/><U28/><E28/><V110/><F110/><W118/><G118/><T50/><D30/><U24/><E24/><V23/><F23/><W54/><G64/><T43/><D35/><U90/><E52/><N who="2" m="34119" /><F107/><W80/><G80/><T13/><D13/><U21/><E22/><V68/><F68/><W67/><G67/><T5/><D5/><U2/><E2/><V66/><F66/><W76/><AGARI ba="0,0" hai="54,56,63,74,76,82,89,94,96,120,122,124,125,127" machi="76" ten="40,3900,0" yaku="0,1,18,1" doraHai="98" who="3" fromWho="3" sc="199,-13,302,-13,185,-13,314,39" owari="186,-21.0,289,9.0,172,-33.0,353,45.0" /></mjloggm>