<mjloggm ver="2.3"><GO type="97" lobby="0"/><UN n0="%E5%B0%B1%E6%B4%BB%E7%94%9F%40%E5%B7%9D%E6%9D%91%E8%BB%8D%E5%9B%A3" n1="%E8%BF%85%63%68%61%6E%E2%99%AA" n2="%74%73%75%5F%63%69%74%79" n3="%E4%BF%BA%E3%81%AE%E5%AB%81" dan="15,13,14,15" rate="1995.75,1907.01,1975.43,1954.06" sx="M,M,M,M"/><TAIKYOKU oya="0"/><INIT seed="0,0,0,1,3,110" ten="250,250,250,250" oya="0" hai0="38,21,41,31,66,117,103,58,115,88,125,69,57" hai1="61,112,104,36,100,80,75,22,70,49,72,119,97" hai2="74,129,4,37,26,116,56,17,123,107,108,134,63" hai3="94,113,53,24,127,99,111,105,3,90,10,23,95"/><T12/><D117/><U20/><E119/><V135/><F17/><W54/><G111/><T33/><D103/><U64/><E36/><V101/><F63/><W98/><G105/><T47/><D125/><U82/><E112/><V60/><F60/><W114/><G127/><T126/><D69/><U13/><E80/><V27/><F4/><W19/><G10/><T5/><D66/><U81/><E82/><V51/><F51/><W59/><G3/><T79/><D79/><U132/><E132/><V18/><F18/><W102/><REACH who="3" step="1"/><G54/><REACH who="3" ten="250,250,250,240" step="2"/><T30/><D126/><U85/><E49/><AGARI ba="0,1" hai="19,23,24,49,53,59,90,94,95,98,99,102,113,114" machi="49" ten="30,8000,1" yaku="1,1,2,1,7,1,52,2,53,0" doraHai="110" doraHaiUra="28" who="3" fromWho="1" sc="250,0,250,-80,250,0,240,90" /><INIT seed="1,0,0,5,3,79" ten="250,170,250,330" oya="1" hai0="37,110,100,18,92,15,98,109,48,93,55,119,97" hai1="89,102,128,118,73,130,122,53,59,47,50,28,10" hai2="113,41,9,46,32,57,4,33,103,101,23,61,26" hai3="81,123,17,39,99,120,74,42,8,7,88,11,34"/><U83/><E118/><V126/><F113/><W1/><G34/><T51/><D37/><U134/><E122/><V38/><F126/><W105/><G11/><T24/><D119/><U64/><E134/><V75/><F33/><W132/><G17/><T60/><D24/><U22/><E102/><V44/><F44/><N who="3" m="23647" /><G105/><T86/><D60/><N who="1" m="37919" /><E10/><V12/><F75/><W125/><G132/><T35/><D35/><U116/><E116/><V13/><F13/><W94/><G125/><T63/><D63/><U49/><E73/><V106/><F32/><W65/><G65/><T43/><D43/><U25/><E128/><V54/><REACH who="2" step="1"/><F106/><REACH who="2" ten="250,170,240,330" step="2"/><W52/><G1/><T5/><D5/><U108/><E130/><V121/><F121/><W71/><G74/><T16/><D15/><U36/><E108/><N who="0" m="41577" /><D86/><N who="1" m="50399" /><E36/><V40/><F40/><W107/><G123/><T68/><D68/><U112/><E112/><V78/><F78/><W6/><G71/><T85/><D85/><U96/><E96/><V19/><AGARI ba="0,1" hai="4,9,12,19,23,26,38,41,46,54,57,61,101,103" machi="19" ten="20,2700,0" yaku="1,1,0,1,7,1,53,0" doraHai="79" doraHaiUra="117" who="2" fromWho="2" sc="250,-7,170,-13,240,37,330,-7" /><INIT seed="2,0,0,3,1,89" ten="243,157,277,323" oya="2" hai0="82,119,53,15,2,32,88,115,69,70,56,41,27" hai1="74,125,102,9,113,64,98,54,68,14,16,116,65" hai2="95,60,100,13,36,135,123,59,7,93,12,0,94" hai3="76,83,62,1,117,134,24,39,92,112,80,118,19"/><V42/><F123/><W5/><G39/><T75/><D2/><U124/><E113/><V6/><F36/><W77/><G112/><T107/><D119/><U133/><E74/><V84/><F42/><W99/><G134/><T67/><D107/><U66/><E116/><V46/><F46/><W110/><G62/><T31/><D115/><U28/><E28/><V87/><F135/><W121/><G121/><T104/><D104/><U132/><E54/><N who="2" m="33911" /><F100/><W128/><G128/><T26/><D26/><U22/><E68/><V126/><F0/><W103/><G110/><T52/><D41/><U91/><E91/><V79/><F126/><N who="1" m="48745" /><E9/><N who="2" m="4151" /><F79/><W72/><G5/><T18/><D67/><N who="1" m="17155" /><U43/><DORA hai="50" /><E43/><V38/><F38/><W45/><G1/><T101/><D101/><U122/><E122/><V96/><F96/><W71/><G71/><T81/><D70/><U21/><E22/><V47/><F47/><W20/><G45/><T63/><D69/><U109/><E109/><V114/><F114/><W73/><AGARI ba="0,0" hai="19,20,24,72,73,76,77,80,83,92,99,103,117,118" machi="73" ten="20,5200,0" yaku="0,1,7,1,9,1,52,1" doraHai="89,50" who="3" fromWho="3" sc="243,-13,157,-13,277,-26,323,52" /><INIT seed="3,0,0,4,3,68" ten="230,144,251,375" oya="3" hai0="6,37,73,123,8,101,84,65,121,16,88,117,14" hai1="118,10,18,17,133,81,83,100,24,79,94,23,45" hai2="132,134,97,62,114,64,85,124,112,58,21,77,105" hai3="43,103,104,89,116,39,31,49,86,54,61,111,113"/><W70/><G113/><T47/><D117/><U60/><E133/><N who="2" m="51307" /><F124/><W95/><G116/><T35/><D73/><U0/><E118/><V5/><F5/><W34/><G111/><T26/><D101/><U55/><E0/><V67/><F67/><N who="3" m="41327" /><G43/><T20/><D65/><U90/><E79/><V74/><F74/><W22/><G22/><T25/><D35/><U108/><E100/><N who="2" m="62607" /><F21/><W66/><G66/><T130/><D130/><U29/><E108/><V33/><F33/><W13/><G34/><T59/><D59/><U44/><E81/><AGARI ba="0,0" hai="58,62,64,77,81,85,112,114" m="62607,51307" machi="81" ten="30,1000,0" yaku="20,1" doraHai="68" who="2" fromWho="1" sc="230,0,144,-10,251,10,375,0" owari="230,-17.0,134,-37.0,261,6.0,375,48.0" /></mjloggm>