<mjloggm ver="2.3"><GO type="169" lobby="0"/><UN n0="%73%61%72%61%64%61" n1="%E3%82%A6%E3%83%AB%E3%83%88%E3%83%A9%E7%AB%8B%E7%9B%B4" n2="%68%61%79%61%74%6F%E2%98%86" n3="%E3%83%97%E3%83%AD%E3%83%86%E3%82%A4%E3%83%B3%E5%BE%97%E7%9B%9B" dan="16,16,17,17" rate="2069.13,2112.60,2225.45,2120.16" sx="M,M,M,M"/><TAIKYOKU oya="0"/><INIT seed="0,0,0,0,2,91" ten="250,250,250,250" oya="0" hai0="120,46,100,39,81,64,71,90,115,43,105,24,66" hai1="31,89,99,11,103,123,88,85,29,17,59,102,135" hai2="126,21,113,15,70,27,67,56,72,121,12,118,110" hai3="104,38,10,7,117,8,108,4,13,62,78,25,93"/><T30/><D120/><U19/><E135/><V6/><F72/><W23/><G104/><T132/><D115/><U79/><E123/><V44/><F70/><W114/><G38/><T55/><D132/><U107/><E79/><V32/><F32/><W60/><G114/><T9/><D9/><U124/><E124/><V57/><F57/><W40/><G40/><T58/><D100/><U129/><E129/><V98/><F44/><W83/><G108/><T77/><D105/><U5/><E59/><V36/><F36/><W45/><G45/><T26/><D90/><U75/><E75/><V52/><F67/><W101/><G117/><T119/><D71/><U95/><E89/><V127/><F6/><W80/><G62/><T51/><D119/><U49/><E49/><V87/><F110/><W34/><G60/><T116/><D116/><U82/><E103/><V3/><F3/><W133/><G34/><T122/><D24/><U76/><E76/><V47/><F47/><W94/><G101/><T28/><D28/><N who="1" m="10827" /><E107/><V53/><F113/><W20/><G133/><T96/><D122/><U18/><E5/><V106/><F106/><W125/><G125/><T86/><REACH who="0" step="1"/><D96/><REACH who="0" ten="240,250,250,250" step="2"/><U54/><E11/><V35/><F118/><W73/><G25/><T41/><D41/><U1/><E1/><V69/><F27/><W2/><G2/><T131/><D131/><U97/><E99/><V42/><F121/><W16/><G10/><T48/><D48/><U112/><E112/><V128/><F126/><W111/><G8/><T134/><D134/><U22/><E22/><AGARI ba="0,1" hai="22,26,30,39,43,46,51,55,58,64,66,77,81,86" machi="22" ten="30,2900,0" yaku="1,1,7,1,53,0" doraHai="91" doraHaiUra="33" who="0" fromWho="1" sc="240,39,250,-29,250,0,250,0" /><INIT seed="0,1,0,5,0,106" ten="279,221,250,250" oya="0" hai0="87,73,81,80,47,70,48,46,34,35,39,19,78" hai1="25,44,65,0,20,30,13,99,56,43,129,132,14" hai2="91,33,113,21,89,114,118,72,127,84,51,15,9" hai3="115,125,6,102,104,5,66,64,116,29,85,109,42"/><T130/><D70/><U1/><E129/><V119/><F33/><W61/><G116/><T28/><D130/><U133/><E99/><V97/><F21/><W111/><G115/><T96/><D96/><U112/><E56/><V18/><F51/><W107/><G42/><T23/><D39/><U31/><E65/><V16/><F127/><W86/><G29/><T131/><D131/><U63/><E63/><V122/><F122/><W101/><REACH who="3" step="1"/><G61/><REACH who="3" ten="279,221,250,240" step="2"/><T27/><D28/><U79/><E31/><V103/><F113/><W128/><G128/><T117/><D117/><U95/><E112/><V49/><F114/><W94/><G94/><T77/><REACH who="0" step="1"/><D47/><REACH who="0" ten="269,221,250,240" step="2"/><U36/><E44/><V12/><F118/><W62/><G62/><T8/><D8/><U55/><E30/><V40/><F119/><W126/><AGARI ba="1,2" hai="5,6,64,66,85,86,101,102,104,107,109,111,125,126" machi="126" ten="25,6400,0" yaku="1,1,0,1,22,2,53,0" doraHai="106" doraHaiUra="52" who="3" fromWho="3" sc="269,-33,221,-17,250,-17,240,87" /><INIT seed="1,0,0,2,2,37" ten="236,204,233,327" oya="1" hai0="113,111,22,59,62,132,20,65,12,86,56,98,103" hai1="97,21,44,32,48,101,71,40,81,17,52,5,95" hai2="84,46,73,7,129,16,72,85,49,19,74,127,82" hai3="79,31,99,126,13,116,68,55,67,100,64,15,134"/><U104/><E32/><V117/><F117/><W90/><G79/><T51/><D113/><U130/><E130/><V9/><F127/><W102/><G116/><T135/><D111/><U123/><E123/><V25/><F25/><W70/><G126/><T93/><D86/><U91/><E71/><V41/><F85/><W61/><G31/><T88/><D103/><U28/><E5/><V112/><F129/><W4/><G55/><N who="0" m="31871" /><D12/><U110/><E110/><V57/><F57/><W133/><G90/><T53/><D53/><U47/><E28/><V107/><F107/><W23/><G23/><T115/><D115/><U50/><E81/><V69/><F69/><W33/><G4/><T10/><D10/><U106/><REACH who="1" step="1"/><E101/><REACH who="1" ten="236,194,233,327" step="2"/><V24/><F112/><W94/><G33/><T92/><D135/><U124/><E124/><V120/><F120/><W128/><G128/><T42/><D132/><U8/><E8/><V14/><REACH who="2" step="1"/><F24/><AGARI ba="0,1" hai="17,21,24,40,44,47,48,50,52,91,95,97,104,106" machi="24" ten="30,11600,0" yaku="1,1,7,1,52,1,54,1,53,0" doraHai="37" doraHaiUra="29" who="1" fromWho="2" sc="236,0,194,126,233,-116,327,0" /><INIT seed="1,1,0,2,4,45" ten="236,320,117,327" oya="1" hai0="129,97,124,22,82,75,14,116,71,8,34,105,72" hai1="101,107,24,92,89,44,16,104,122,29,26,77,27" hai2="65,99,131,68,76,80,9,86,17,60,133,90,113" hai3="108,130,51,5,42,35,7,88,38,128,106,59,2"/><U132/><E122/><V49/><F113/><W94/><G106/><T96/><D116/><U120/><E120/><V85/><F131/><N who="3" m="50219" /><G35/><T43/><D129/><U47/><E132/><V12/><F133/><W111/><G38/><T37/><D71/><U11/><E77/><V50/><REACH who="2" step="1"/><F99/><REACH who="2" ten="236,320,107,327" step="2"/><N who="3" m="57799" /><G2/><T0/><D97/><U91/><E104/><V33/><F33/><W53/><G42/><T19/><D96/><N who="1" m="59527" /><E107/><V32/><F32/><W70/><G70/><T127/><D105/><U39/><E39/><V78/><F78/><W36/><G36/><T57/><D34/><U4/><E89/><V93/><AGARI ba="1,1" hai="9,12,17,49,50,60,65,68,76,80,85,86,90,93" machi="93" ten="20,12000,2" yaku="1,1,0,1,7,1,52,2,53,1" doraHai="45" doraHaiUra="63" who="2" fromWho="2" sc="236,-31,320,-61,107,133,327,-31" /><INIT seed="2,0,0,3,2,37" ten="205,259,240,296" oya="2" hai0="109,48,24,66,84,26,59,51,22,35,7,41,129" hai1="98,135,70,89,102,76,28,87,30,83,101,32,4" hai2="119,96,134,5,69,64,2,33,60,0,112,81,50" hai3="29,47,82,128,79,93,99,100,86,71,8,62,36"/><V31/><F119/><W13/><G128/><T11/><D129/><U61/><E135/><V58/><F112/><W124/><G124/><T46/><D109/><U20/><E4/><V92/><F134/><W9/><G29/><T107/><D107/><U53/><E32/><V72/><F5/><W45/><G9/><T121/><D121/><U38/><E38/><V56/><F69/><W116/><G116/><T42/><D35/><U90/><E70/><V49/><F49/><N who="0" m="19018" /><D84/><U39/><E39/><V78/><F31/><W43/><G47/><T85/><D85/><U55/><E76/><V111/><F33/><W77/><G71/><T127/><D46/><U105/><E105/><V73/><F73/><W44/><G44/><T108/><D108/><U88/><E89/><V57/><F111/><W97/><G97/><T114/><D114/><U80/><E87/><V123/><F123/><W103/><G62/><N who="0" m="38239" /><D127/><U17/><E98/><V52/><REACH who="2" step="1"/><F58/><REACH who="2" ten="205,259,230,296" step="2"/><W106/><G79/><T104/><D104/><U132/><E132/><V16/><F16/><W27/><G106/><T18/><D26/><U91/><E28/><V23/><F23/><W10/><G27/><T21/><D21/><U122/><E30/><V54/><F54/><W63/><G10/><T125/><D125/><U95/><E122/><V74/><F74/><W1/><G8/><T110/><D110/><U65/><E55/><V12/><F12/><AGARI ba="0,1" hai="7,11,12,18,22,24,41,42" m="38239,19018" machi="12" ten="30,3900,0" yaku="8,1,52,2" doraHai="37" who="0" fromWho="2" sc="205,49,259,0,230,-39,296,0" /><INIT seed="3,0,0,1,5,7" ten="254,259,191,296" oya="3" hai0="116,121,75,107,80,76,17,85,87,134,50,66,128" hai1="131,55,109,21,71,45,11,35,129,105,114,31,19" hai2="22,112,47,96,2,26,39,111,125,102,61,49,60" hai3="28,108,103,5,13,89,132,88,30,84,74,0,29"/><W70/><G74/><T3/><D121/><U117/><E71/><V18/><F112/><W48/><G70/><T15/><D3/><U91/><E105/><V110/><F39/><W46/><G0/><T98/><D116/><U62/><E114/><V27/><F2/><W72/><G72/><T32/><D32/><U130/><E91/><V126/><F26/><W10/><G132/><T92/><D107/><U64/><E109/><N who="2" m="41483" /><F49/><W94/><G108/><T37/><D37/><U113/><E113/><V119/><F47/><W44/><G103/><T33/><D33/><U23/><E117/><V99/><F99/><N who="3" m="57807" /><G48/><T40/><D128/><U90/><E90/><V93/><F119/><W73/><G73/><T41/><D66/><U59/><E35/><V25/><F25/><W118/><G118/><T86/><D134/><U53/><E31/><V65/><F65/><W9/><G9/><T14/><D50/><N who="1" m="28879" /><E64/><V12/><F27/><W123/><G123/><T51/><D51/><U34/><E34/><V120/><F120/><W115/><G115/><T52/><D75/><U20/><E11/><V43/><F43/><W8/><G8/><N who="0" m="6343" /><D40/><U77/><E77/><V54/><F54/><W106/><G106/><T56/><D41/><U81/><E19/><V127/><AGARI ba="0,0" hai="12,18,22,60,61,93,96,102,125,126,127" m="41483" machi="127" ten="40,2700,0" yaku="18,1,14,1" doraHai="7" who="2" fromWho="2" sc="254,-7,259,-7,191,27,296,-13" /><INIT seed="4,0,0,0,4,77" ten="247,252,218,283" oya="0" hai0="84,49,24,19,37,94,119,65,54,79,34,15,52" hai1="40,72,14,10,31,110,8,132,111,93,9,59,60" hai2="114,4,62,70,23,82,63,107,32,104,64,87,109" hai3="74,69,44,126,0,76,11,103,129,17,90,134,46"/><T73/><D119/><U57/><E72/><V83/><F32/><W56/><G69/><T5/><D37/><U21/><E40/><V127/><F109/><W123/><G103/><T115/><D73/><U28/><E93/><V98/><F4/><W96/><G126/><T125/><D125/><U120/><E60/><V81/><F127/><W133/><G129/><T20/><D115/><U108/><E120/><V97/><F114/><W42/><G56/><N who="1" m="21578" /><E21/><V101/><F62/><W117/><G46/><N who="0" m="27703" /><D65/><U135/><E14/><V100/><REACH who="2" step="1"/><F23/><REACH who="2" ten="247,252,208,283" step="2"/><W39/><G123/><T12/><D34/><U6/><E6/><V78/><AGARI ba="0,1" hai="63,64,70,78,81,82,83,87,97,98,100,101,104,107" machi="78" ten="20,16000,3" yaku="1,1,2,1,0,1,7,1,9,1,52,3,53,0" doraHai="77" doraHaiUra="121" who="2" fromWho="2" sc="247,-80,252,-40,208,170,283,-40" /><INIT seed="5,0,0,2,5,91" ten="167,212,378,243" oya="1" hai0="45,72,40,43,101,121,117,6,110,130,93,105,61" hai1="135,34,9,129,0,37,103,10,16,15,81,73,65" hai2="96,60,113,27,85,97,33,51,20,87,124,41,118" hai3="35,39,48,13,100,44,106,104,22,42,75,31,94"/><U62/><E34/><V57/><F33/><W19/><G75/><T24/><D117/><U50/><E37/><V67/><F124/><W86/><G39/><T47/><D110/><U125/><E125/><V95/><F97/><W58/><G58/><T90/><D130/><U21/><E135/><V53/><F41/><W108/><G108/><T112/><D112/><U88/><E129/><V52/><F113/><W119/><G119/><T83/><D121/><U127/><E127/><V30/><F118/><W3/><G3/><T71/><D6/><U131/><E131/><V76/><F76/><W120/><G120/><T64/><D24/><U38/><E38/><V79/><F79/><W4/><G4/><T98/><D40/><U63/><E103/><N who="2" m="60831" /><F53/><W55/><G42/><T122/><D122/><U115/><E73/><V26/><F27/><W2/><G2/><T102/><D102/><U66/><E0/><V36/><F36/><W17/><G17/><T78/><REACH who="0" step="1"/><D43/><REACH who="0" ten="157,212,378,243" step="2"/><U12/><E115/><V46/><AGARI ba="0,1" hai="20,26,30,46,51,52,57,60,67,85,87" m="60831" machi="46" ten="30,7900,0" yaku="25,1,8,1,52,1,54,1" doraHai="91" who="2" fromWho="2" sc="157,-20,212,-39,378,89,243,-20" /><INIT seed="6,0,0,5,4,110" ten="137,173,467,223" oya="2" hai0="33,90,105,41,32,73,102,5,117,18,94,48,75" hai1="43,63,35,9,124,44,12,81,74,17,78,84,3" hai2="20,37,28,71,80,61,4,70,2,99,52,24,135" hai3="0,82,60,68,46,122,104,113,19,27,34,21,89"/><V132/><F37/><W87/><G104/><T16/><D5/><U58/><E124/><V103/><F80/><W111/><G0/><T93/><D117/><U96/><E35/><V53/><F4/><W130/><G111/><T119/><D119/><U95/><E3/><V85/><F85/><W133/><G122/><T114/><D105/><U49/><E74/><V42/><F42/><W92/><G34/><T116/><D116/><U76/><E84/><V100/><F100/><W69/><G130/><T120/><D120/><U128/><E81/><V57/><F53/><W121/><G133/><N who="2" m="51273" /><F2/><W1/><G1/><T101/><D41/><U62/><E128/><V129/><F129/><W25/><G82/><T77/><D90/><N who="1" m="55415" /><E63/><V66/><F66/><AGARI ba="0,0" hai="9,12,17,43,44,49,58,62,66,76,78" m="55415" machi="66" ten="30,1000,0" yaku="8,1" doraHai="110" who="1" fromWho="2" sc="137,0,173,10,467,-10,223,0" /><INIT seed="7,0,0,5,0,130" ten="137,183,457,223" oya="3" hai0="92,102,37,61,133,69,125,88,65,94,24,41,51" hai1="126,58,40,129,33,1,99,122,7,135,66,59,112" hai2="57,111,64,82,73,10,23,43,80,110,134,34,86" hai3="81,131,103,21,30,45,114,13,52,117,15,127,76"/><W32/><G32/><T0/><D0/><U36/><E33/><V28/><F34/><W72/><G103/><T75/><D125/><U109/><E109/><V105/><F105/><W93/><G93/><T42/><D75/><U83/><E99/><V54/><F43/><W17/><G30/><T19/><D37/><U60/><E83/><V49/><F64/><W53/><G131/><T5/><D5/><U29/><E122/><V14/><F80/><W98/><G98/><T12/><D133/><U121/><E59/><V128/><F73/><W95/><G95/><T48/><D24/><U6/><E29/><V132/><F23/><W104/><G104/><T26/><D26/><U20/><E20/><V63/><F63/><W113/><G117/><T87/><D102/><U22/><E22/><V35/><F28/><W9/><G45/><T77/><D94/><U90/><E126/><V4/><F35/><W55/><G127/><T100/><D100/><U3/><E129/><V46/><F46/><W116/><G116/><T107/><D107/><U50/><E121/><V70/><F70/><W44/><G44/><T56/><D69/><U18/><E3/><V89/><F128/><W123/><G123/><T39/><D39/><U84/><E36/><V118/><F118/><W47/><G47/><T108/><D108/><U62/><E1/><V97/><F97/><W115/><G115/><T27/><D27/><U38/><E112/><V78/><F111/><W96/><G114/><T8/><D77/><U31/><E38/><V124/><F110/><W16/><G72/><T67/><D67/><RYUUKYOKU ba="0,0" sc="137,30,183,-10,457,-10,223,-10" hai0="8,12,19,41,42,48,51,56,61,65,87,88,92" owari="167,-33.0,173,-23.0,447,55.0,213,1.0" /></mjloggm>