<mjloggm ver="2.3"><GO type="193" lobby="0"/><UN n0="%2E%6D%69%6E%6F%72%75%2E" n1="%E3%83%88%E3%83%88%E3%83%AA%E5%85%88%E7%94%9F%31%39%E6%AD%B3" n2="%E3%81%AE%E3%81%B6%E3%81%95%E3%82%93%E2%98%86" n3="%E3%81%B2%E3%82%89%E3%81%8C%E3%81%88%E3%82%8B" dan="10,11,11,11" rate="1442.24,1791.16,1595.55,1548.93" sx="M,F,F,F"/><TAIKYOKU oya="0"/><INIT seed="0,0,0,0,2,100" ten="250,250,250,250" oya="0" hai0="41,20,12,66,28,5,89,94,73,53,25,134,129" hai1="110,102,19,39,72,62,65,121,31,40,34,74,76" hai2="60,58,81,80,2,61,29,16,48,37,118,83,45" hai3="109,49,99,46,44,15,43,32,111,11,68,17,70"/><T6/><D129/><U98/><E121/><V63/><F2/><W9/><G32/><T69/><D134/><U90/><E110/><N who="3" m="41994" /><G99/><T79/><D41/><U93/><E76/><V87/><F118/><W8/><G46/><T116/><D116/><U127/><E127/><V51/><F37/><W126/><G126/><T105/><D12/><U78/><E78/><V114/><F114/><W54/><G43/><T88/><D53/><U95/><E19/><V101/><F29/><W115/><G115/><T47/><D47/><U26/><E40/><N who="2" m="24615" /><F101/><W131/><G131/><T7/><D105/><U104/><E39/><V36/><F36/><W38/><G38/><T86/><D89/><U103/><E103/><V52/><F87/><W108/><N who="3" m="42002" /><W56/><DORA hai="35" /><G44/><T22/><D79/><U71/><E95/><V55/><F16/><W3/><G3/><T122/><D122/><U128/><E128/><V132/><F132/><W4/><G4/><T106/><D106/><U30/><E30/><V57/><AGARI ba="0,0" hai="51,52,55,57,58,60,61,63,80,81,83" m="24615" machi="57" ten="30,2000,0" yaku="8,1,54,1" doraHai="100,35" who="2" fromWho="2" sc="250,-10,250,-5,250,20,250,-5" /><INIT seed="1,0,0,3,1,11" ten="240,245,270,245" oya="1" hai0="70,133,116,8,89,92,1,83,18,35,135,115,2" hai1="80,96,123,84,78,36,98,45,13,21,58,94,55" hai2="110,7,14,32,28,4,81,88,85,99,122,75,107" hai3="67,109,42,51,119,59,105,24,129,97,74,22,117"/><U73/><E123/><V10/><F122/><W3/><G74/><T103/><D116/><N who="3" m="44617" /><G3/><T93/><D115/><U16/><E36/><V52/><F110/><W79/><G109/><T37/><D37/><U91/><REACH who="1" step="1"/><E45/><REACH who="1" ten="240,235,270,245" step="2"/><V60/><F75/><W124/><G79/><T38/><D38/><U134/><E134/><V46/><F107/><W65/><G105/><T15/><D70/><U29/><E29/><V128/><F28/><N who="3" m="17431" /><G124/><T86/><D35/><U30/><E30/><V20/><F32/><W39/><G129/><T69/><D69/><U132/><E132/><V111/><F111/><W87/><G39/><T130/><D130/><U100/><E100/><V90/><F128/><W0/><G0/><T82/><D135/><U71/><E71/><V64/><F46/><N who="3" m="26071" /><G59/><T56/><D133/><U72/><E72/><V112/><F112/><W31/><G31/><T40/><D2/><U131/><E131/><V108/><F108/><W49/><G49/><AGARI ba="0,1" hai="13,16,21,49,55,58,73,78,80,84,91,94,96,98" machi="49" ten="30,18000,2" yaku="1,1,7,1,25,2,52,1,54,1,53,1" doraHai="11" doraHaiUra="47" who="1" fromWho="3" sc="240,0,235,190,270,0,245,-180" /><INIT seed="1,1,0,0,4,24" ten="240,425,270,65" oya="1" hai0="32,52,27,73,71,134,92,89,103,129,29,2,50" hai1="46,62,77,7,51,45,81,82,121,84,72,42,86" hai2="126,108,123,10,38,37,91,4,41,56,35,125,111" hai3="33,59,17,26,105,117,12,48,110,87,64,75,101"/><U124/><E121/><V96/><F123/><W119/><G75/><T85/><D129/><U68/><E124/><N who="2" m="47723" /><F35/><W6/><G110/><N who="2" m="42025" /><F56/><W93/><G6/><T28/><D134/><U102/><E102/><V54/><F54/><N who="3" m="32199" /><G64/><T49/><D73/><U135/><E135/><V104/><F41/><W97/><G87/><T34/><D71/><U15/><E72/><V25/><F25/><W9/><G105/><T130/><D2/><U39/><E68/><V114/><F114/><W16/><G33/><T69/><D69/><U13/><E62/><V61/><F61/><W107/><G26/><T44/><D130/><U30/><E7/><V131/><F131/><W8/><G107/><T57/><D103/><U78/><E39/><N who="2" m="14859" /><F91/><W99/><G99/><T109/><D109/><U116/><E42/><V1/><F96/><W76/><G76/><T95/><D95/><U66/><E51/><V128/><F128/><W127/><G127/><T79/><D79/><U122/><E122/><V23/><F23/><N who="3" m="11655" /><G17/><T3/><D3/><U22/><E66/><V65/><F65/><W31/><G31/><T63/><D27/><U113/><E30/><V58/><F58/><W98/><G98/><T74/><D74/><U11/><E22/><V106/><AGARI ba="1,0" hai="1,4,10,104,106" m="14859,42025,47723" machi="106" ten="40,5200,0" yaku="18,1,14,1,23,1" doraHai="24" who="2" fromWho="2" sc="240,-14,425,-27,270,55,65,-14" /><INIT seed="2,0,0,0,4,6" ten="226,398,325,51" oya="2" hai0="60,9,119,62,38,68,26,40,109,129,56,117,18" hai1="3,36,34,73,43,69,134,16,8,1,65,32,114" hai2="46,91,54,95,122,113,99,85,101,33,63,112,110" hai3="76,75,105,103,92,28,128,130,94,39,2,116,55"/><V111/><F33/><W53/><G39/><T115/><D115/><N who="2" m="44106" /><F46/><W59/><G116/><T12/><D129/><N who="3" m="49769" /><G28/><T106/><D106/><U71/><E114/><V86/><F63/><N who="3" m="36335" /><G2/><T5/><D109/><N who="2" m="41482" /><F54/><W108/><G55/><T57/><D68/><U24/><E34/><V107/><F85/><W22/><G108/><T14/><D26/><U67/><E32/><V100/><F100/><W90/><G22/><T50/><D38/><U125/><E36/><V29/><F29/><W13/><G13/><T48/><D40/><U104/><E43/><V84/><F84/><N who="3" m="52295" /><G105/><T74/><D74/><U102/><E73/><V132/><F132/><W98/><G76/><T19/><D5/><U81/><E134/><V120/><AGARI ba="0,0" hai="86,91,95,99,101,107,120,122" m="41482,44106" machi="120" ten="40,12000,1" yaku="14,1,10,1,34,2" doraHai="6" who="2" fromWho="2" sc="226,-40,398,-40,325,120,51,-40" /><INIT seed="2,1,0,3,0,2" ten="186,358,445,11" oya="2" hai0="62,95,4,5,64,7,90,37,89,130,101,67,131" hai1="54,16,123,76,49,73,133,36,112,58,134,81,43" hai2="27,51,122,113,61,109,57,6,31,120,42,12,135" hai3="78,116,35,99,9,52,110,26,115,108,104,69,30"/><V96/><F113/><W83/><G116/><T85/><D37/><U55/><E112/><V59/><F135/><W102/><G115/><T0/><D101/><U29/><E123/><V75/><F75/><N who="3" m="43487" /><G52/><T34/><D34/><U33/><E29/><V79/><F109/><N who="3" m="42091" /><G9/><T91/><D91/><U103/><E33/><V114/><F114/><W25/><G25/><T77/><D77/><U86/><E103/><V45/><F79/><W80/><G80/><T68/><D67/><U70/><E73/><V56/><F61/><W53/><G53/><T22/><D90/><U44/><E55/><V47/><F47/><W21/><G21/><T63/><D63/><U132/><E16/><V97/><F122/><W126/><G126/><T106/><D106/><U1/><E1/><V111/><F120/><W84/><G84/><T40/><D40/><U14/><E14/><V23/><F111/><W38/><G38/><T93/><D93/><U18/><E18/><V128/><F128/><N who="0" m="49194" /><D22/><U10/><E10/><AGARI ba="1,0" hai="6,10,12,23,27,31,42,45,51,56,57,59,96,97" machi="10" ten="40,3900,0" yaku="8,1,52,1" doraHai="2" who="2" fromWho="1" sc="186,0,358,-42,445,42,11,0" /><AGARI ba="1,0" hai="0,4,5,7,10,62,64,68,85,89,95" m="49194" machi="10" ten="30,7700,0" yaku="19,1,52,3" doraHai="2" who="0" fromWho="1" sc="186,77,316,-77,487,0,11,0" /><INIT seed="2,2,0,5,1,62" ten="263,239,487,11" oya="2" hai0="35,113,74,29,61,5,97,118,44,106,131,19,34" hai1="108,67,21,60,18,26,80,103,112,73,33,47,32" hai2="117,15,3,94,122,135,36,79,88,84,46,99,39" hai3="58,7,59,95,53,102,9,45,48,77,17,27,43"/><V57/><F117/><W1/><G77/><T93/><D113/><U81/><E112/><V100/><F122/><W13/><G27/><T83/><D131/><U38/><E108/><V132/><F3/><W51/><G102/><T120/><D120/><U10/><E103/><V52/><F79/><W92/><REACH who="3" step="1"/><G58/><REACH who="3" ten="263,239,487,1" step="2"/><T30/><D118/><U98/><E26/><V56/><F57/><W11/><AGARI ba="2,1" hai="1,7,9,11,13,17,43,45,48,51,53,59,92,95" machi="11" ten="20,5200,0" yaku="1,1,2,1,0,1,7,1,53,0" doraHai="62" doraHaiUra="124" who="3" fromWho="3" sc="263,-15,239,-15,487,-28,1,68" /><INIT seed="3,0,0,3,0,101" ten="248,224,459,69" oya="3" hai0="91,42,27,43,69,84,29,96,118,124,134,4,38" hai1="12,87,15,119,78,70,9,120,95,76,75,117,37" hai2="103,51,21,80,74,94,98,90,81,132,89,135,59" hai3="19,115,125,99,50,108,17,22,126,68,62,93,33"/><W77/><G115/><T79/><D118/><U92/><E120/><V122/><F21/><W52/><G33/><T102/><D134/><N who="2" m="51242" /><F51/><W133/><G133/><T7/><D124/><N who="3" m="47721" /><G77/><T112/><D112/><U88/><E70/><V56/><F122/><W73/><G108/><T10/><D79/><N who="1" m="30251" /><E37/><V110/><F110/><W47/><G73/><T49/><D38/><U25/><E75/><V46/><F46/><W97/><G22/><T32/><D49/><U85/><E25/><V106/><F74/><W86/><G86/><N who="1" m="32778" /><E9/><V65/><F65/><N who="3" m="41015" /><G97/><T107/><D69/><U5/><E5/><V6/><F6/><W114/><G114/><T111/><D111/><U36/><E36/><V20/><F20/><W55/><G55/><T82/><REACH who="0" step="1"/><D7/><REACH who="0" ten="238,224,459,69" step="2"/><U64/><E64/><V130/><F130/><W48/><G48/><T28/><D28/><U129/><E129/><V113/><F113/><W45/><G47/><T26/><D26/><U58/><E58/><V60/><F59/><W54/><G54/><T127/><D127/><U131/><E131/><V34/><F34/><W123/><G123/><T104/><D104/><U31/><E31/><V41/><F41/><W121/><G121/><T8/><D8/><U3/><E3/><AGARI ba="0,1" hai="3,4,10,27,29,32,42,43,82,84,91,96,102,107" machi="3" ten="30,3900,0" yaku="1,1,7,1,52,1,53,0" doraHai="101" doraHaiUra="105" who="0" fromWho="1" sc="238,49,224,-39,459,0,69,0" owari="287,9.0,185,-21.0,459,55.0,69,-43.0" /></mjloggm>