<mjloggm ver="2.3"><GO type="169" lobby="0"/><UN n0="%E3%83%9B%E3%83%A2%E5%85%AC" n1="%E3%82%A6%E3%83%AB%E3%83%88%E3%83%A9%E7%AB%8B%E7%9B%B4" n2="%E4%BD%93%E8%82%B2%E9%A4%A8%E9%87%8E%E7%90%83%E9%83%A8%E5%93%A1" n3="%74%61%74%73%75%37%30%32" dan="16,17,16,17" rate="2081.51,2211.40,2143.85,2241.58" sx="M,M,M,M"/><TAIKYOKU oya="0"/><INIT seed="0,0,0,3,5,99" ten="250,250,250,250" oya="0" hai0="10,43,110,52,114,63,83,73,122,37,81,112,12" hai1="32,33,24,76,125,113,71,74,61,45,126,38,121" hai2="3,67,106,16,60,92,27,13,35,42,72,30,49" hai3="77,127,94,87,80,28,108,86,40,9,135,7,104"/><T119/><D119/><U62/><E121/><V0/><F106/><W18/><G108/><T123/><D37/><U41/><E113/><V47/><F72/><W23/><G104/><T69/><D43/><U111/><E61/><V19/><F92/><W46/><G127/><N who="1" m="48650" /><E24/><V50/><F50/><W25/><G135/><T109/><D69/><U64/><E111/><N who="0" m="42505" /><D114/><U95/><E95/><V53/><F42/><W102/><G102/><T118/><D118/><U134/><E134/><V2/><REACH who="2" step="1"/><F13/><REACH who="2" ten="250,250,240,250" step="2"/><W44/><G94/><T48/><D112/><U34/><E74/><V11/><F11/><W26/><G87/><T39/><D39/><U56/><E38/><V89/><F89/><W6/><G9/><T17/><D48/><N who="1" m="26671" /><E76/><V120/><F120/><N who="0" m="46122" /><D73/><U91/><E91/><V55/><F55/><W57/><G40/><T98/><D83/><U1/><E1/><V93/><F93/><W70/><G80/><T54/><D81/><U117/><E117/><V65/><F65/><W84/><G77/><T22/><D10/><U88/><E88/><V29/><F29/><W132/><G132/><T101/><D54/><U75/><E75/><V15/><F15/><W51/><G51/><T124/><D124/><U8/><E8/><V59/><AGARI ba="0,1" hai="0,2,3,16,19,27,30,35,47,49,53,59,60,67" machi="59" ten="30,4000,0" yaku="1,1,0,1,54,1,53,0" doraHai="99" doraHaiUra="105" who="2" fromWho="2" sc="250,-20,250,-10,240,50,250,-10" /><INIT seed="1,0,0,1,0,30" ten="230,240,290,240" oya="1" hai0="15,57,74,53,55,61,21,80,120,116,73,26,17" hai1="16,135,54,3,51,29,4,106,91,133,117,69,101" hai2="41,77,79,76,36,98,56,50,25,9,123,111,62" hai3="1,83,127,110,75,68,90,14,19,22,99,72,92"/><U63/><E117/><V134/><F123/><W82/><G110/><T104/><D116/><U64/><E3/><V65/><F111/><W84/><G127/><T5/><D120/><U59/><E4/><V86/><F134/><W118/><G118/><T87/><D104/><U6/><E6/><V42/><F36/><W125/><G68/><T108/><D108/><U12/><E29/><V40/><F9/><W121/><G125/><T97/><D97/><U100/><E91/><V66/><F66/><W37/><G37/><T58/><D5/><U89/><E89/><V7/><F7/><W88/><G1/><T102/><D102/><U46/><E106/><V114/><F114/><W60/><G121/><T44/><D44/><U93/><E93/><V23/><F98/><W13/><G60/><T18/><D15/><U67/><E67/><V95/><F95/><W2/><G2/><T71/><D71/><U27/><E27/><V130/><F130/><W105/><G105/><T103/><D103/><U126/><E126/><V128/><F128/><W38/><G38/><T113/><D17/><U47/><E101/><V109/><F109/><W85/><G13/><T94/><D94/><U96/><E96/><V10/><F10/><W43/><G43/><T31/><D31/><U129/><E100/><AGARI ba="0,0" hai="14,19,22,72,75,82,83,84,85,88,90,92,99,100" machi="100" ten="30,3900,0" yaku="7,1,9,1,54,1" doraHai="30" who="3" fromWho="1" sc="230,0,240,-39,290,0,240,39" /><INIT seed="2,0,0,1,4,47" ten="230,201,290,279" oya="2" hai0="115,120,58,59,121,107,131,112,65,6,128,82,70" hai1="31,123,8,80,83,98,79,18,24,96,81,94,100" hai2="62,13,88,90,15,110,99,101,60,109,91,63,12" hai3="102,45,4,38,34,2,55,33,10,19,71,3,77"/><V97/><REACH who="2" step="1"/><F101/><REACH who="2" ten="230,201,280,279" step="2"/><W106/><G102/><T118/><D118/><U23/><E123/><N who="0" m="47177" /><D107/><U16/><E98/><AGARI ba="0,1" hai="12,13,15,60,62,63,88,90,91,97,98,99,109,110" machi="98" ten="50,18000,2" yaku="21,2,29,2,28,2,54,1,53,0" doraHai="47" doraHaiUra="66" who="2" fromWho="1" sc="230,0,201,-180,280,190,279,0" /><INIT seed="2,1,0,5,2,93" ten="230,21,470,279" oya="2" hai0="121,64,56,101,74,30,134,82,29,6,112,135,99" hai1="27,104,81,129,78,52,0,43,18,17,102,15,16" hai2="111,131,51,44,40,22,34,76,83,24,103,73,20" hai3="87,84,72,133,41,23,50,13,53,106,54,1,122"/><V37/><F131/><W113/><G72/><T88/><D6/><U71/><E0/><V125/><F125/><W66/><G122/><T86/><D74/><U61/><E129/><V3/><F3/><W95/><G106/><N who="0" m="63807" /><D121/><U55/><E43/><V2/><F2/><W85/><G1/><T42/><D42/><U77/><E27/><V107/><F111/><W21/><G133/><N who="0" m="50699" /><D112/><U110/><E110/><V39/><F34/><W119/><G119/><T117/><D117/><U62/><E15/><V48/><F39/><W132/><G132/><T94/><D82/><U63/><E71/><V124/><F124/><W67/><G113/><T10/><D10/><U75/><REACH who="1" step="1"/><E78/><REACH who="1" ten="230,11,470,279" step="2"/><V114/><F114/><W32/><G13/><T38/><D38/><U120/><E120/><V69/><F69/><W90/><G41/><T45/><D45/><U19/><N who="1" m="4096" /><DORA hai="49" /><U97/><AGARI ba="1,1" hai="52,55,61,62,63,75,77,81,97,102,104" m="4096" machi="97" ten="50,16000,3" yaku="1,1,4,1,0,1,52,3,54,2,53,0" doraHai="93,49" doraHaiUra="25,28" who="1" fromWho="1" sc="230,-41,11,173,470,-81,279,-41" /><INIT seed="3,0,0,5,4,125" ten="189,184,389,238" oya="3" hai0="38,19,72,86,90,128,118,98,132,67,32,6,79" hai1="35,39,89,66,116,115,100,77,70,103,50,104,97" hai2="112,29,13,11,33,101,55,96,27,82,131,80,121" hai3="30,91,25,106,15,8,62,135,31,1,18,124,113"/><W0/><G106/><T53/><D118/><U117/><E39/><V21/><F112/><W110/><G113/><T130/><D38/><U85/><E35/><V81/><F121/><W84/><G124/><T36/><D36/><U111/><E66/><V17/><F131/><N who="0" m="50218" /><D32/><U57/><E70/><V2/><F55/><W51/><G135/><T61/><D132/><U5/><E5/><N who="2" m="1463" /><F80/><W24/><G110/><T74/><D6/><U3/><E111/><V94/><AGARI ba="0,0" hai="13,17,21,27,29,33,81,82,94,96,101" m="1463" machi="94" ten="30,1100,0" yaku="24,1" doraHai="125" who="2" fromWho="2" sc="189,-3,184,-3,389,11,238,-5" /><INIT seed="4,0,0,2,5,81" ten="186,181,400,233" oya="0" hai0="24,0,132,123,104,22,73,133,27,131,101,120,13" hai1="31,40,91,88,116,52,95,34,14,99,82,1,33" hai2="126,72,11,80,41,117,49,39,107,21,53,86,110" hai3="118,16,65,66,47,119,30,98,46,69,103,57,54"/><T42/><D73/><U5/><E1/><V6/><F110/><W7/><G7/><T71/><D71/><U122/><E122/><V55/><F126/><W3/><G3/><T114/><D0/><U128/><E116/><V9/><F72/><W93/><G30/><T102/><D42/><U36/><E36/><V85/><F107/><W17/><G119/><T37/><D37/><U89/><E40/><V115/><F115/><W2/><G2/><T51/><D51/><U90/><E128/><V109/><F109/><W105/><G105/><T62/><D62/><U135/><E135/><N who="0" m="51785" /><D114/><U106/><E106/><V48/><F39/><W20/><G17/><N who="0" m="10543" /><D131/><U61/><E34/><V121/><F121/><N who="0" m="46666" /><D104/><U38/><E38/><V108/><F108/><W130/><G118/><T70/><D70/><U18/><E5/><V67/><F41/><W29/><G29/><T45/><D45/><N who="3" m="16905" /><G69/><T75/><D75/><U59/><E31/><V111/><F111/><W25/><G130/><T68/><D68/><U124/><E33/><V76/><F117/><W84/><G84/><T134/><N who="0" m="51793" /><T4/><DORA hai="15" /><D4/><U92/><E124/><V63/><F85/><W60/><AGARI ba="0,0" hai="16,20,25,54,57,60,65,66,93,98,103" m="16905" machi="60" ten="30,4000,0" yaku="8,1,52,1,54,1" doraHai="81,15" who="3" fromWho="3" sc="186,-20,181,-10,400,-10,233,40" /><INIT seed="5,0,0,2,4,19" ten="166,171,390,273" oya="1" hai0="89,110,126,30,107,102,128,106,10,96,47,51,68" hai1="121,59,92,40,48,45,114,84,119,17,27,71,14" hai2="6,31,36,54,94,87,15,120,22,116,20,60,97" hai3="98,79,112,81,44,41,69,88,56,77,38,132,49"/><U90/><E71/><V16/><F116/><W26/><G112/><T70/><D128/><U82/><E119/><V0/><F120/><W12/><G132/><T80/><D110/><U35/><E114/><V63/><F36/><W61/><G69/><T101/><D126/><U99/><E121/><V113/><F113/><W134/><G38/><T93/><D10/><U28/><E59/><N who="2" m="34935" /><F0/><W25/><G12/><T11/><D11/><U73/><E73/><V135/><F135/><W108/><G108/><T74/><D30/><U23/><REACH who="1" step="1"/><E99/><REACH who="1" ten="166,161,390,273" step="2"/><V46/><F97/><W18/><G134/><T62/><D70/><U5/><E5/><V127/><F6/><W118/><G118/><T1/><D1/><U4/><E4/><V55/><F46/><W133/><G133/><T85/><D107/><U131/><E131/><V100/><F127/><W7/><G7/><T37/><D106/><U86/><E86/><V111/><F87/><N who="3" m="50287" /><G98/><T109/><D74/><U123/><E123/><V53/><F111/><W91/><G56/><T33/><D109/><U125/><E125/><V9/><F63/><W75/><G75/><T117/><D62/><U103/><E103/><V67/><F100/><W52/><G61/><T76/><D68/><U8/><E8/><V43/><F9/><W42/><G44/><T34/><D117/><U50/><E50/><V21/><F31/><W32/><G49/><T24/><D37/><U58/><E58/><V39/><F39/><W13/><G18/><T29/><D102/><U83/><AGARI ba="0,1" hai="14,17,23,27,28,35,40,45,48,82,83,84,90,92" machi="83" ten="30,6000,0" yaku="1,1,0,1,52,1,53,0" doraHai="19" doraHaiUra="129" who="1" fromWho="1" sc="166,-20,161,70,390,-20,273,-20" /><INIT seed="5,1,0,5,1,40" ten="146,231,370,253" oya="1" hai0="30,94,104,11,31,28,80,89,41,127,96,5,25" hai1="118,74,115,82,17,85,121,19,29,72,117,20,133" hai2="68,119,13,130,2,111,37,77,95,123,15,71,18" hai3="26,67,63,32,66,124,38,81,102,112,91,126,62"/><U135/><E29/><V56/><F111/><W75/><G38/><T45/><D104/><U8/><E8/><V44/><F119/><W21/><G32/><T60/><D127/><N who="3" m="48681" /><G102/><T76/><D60/><N who="3" m="23081" /><G112/><T70/><D70/><U9/><E9/><V69/><F2/><W79/><G91/><T7/><D25/><U43/><E121/><V73/><F123/><W50/><G50/><T131/><D131/><U48/><E115/><V106/><F106/><W55/><G55/><T116/><D116/><U0/><E0/><V23/><F56/><W132/><G132/><N who="1" m="50762" /><E117/><V51/><F95/><W12/><G12/><T109/><D109/><U108/><E108/><V103/><F37/><W64/><G67/><T65/><D65/><U120/><E120/><V27/><F103/><W128/><G128/><T57/><D11/><U93/><E93/><V110/><F130/><W99/><G99/><T129/><D129/><U54/><E43/><V113/><F113/><W24/><G24/><T3/><D3/><U4/><E118/><V34/><F110/><W97/><G97/><T61/><D61/><U86/><E54/><V105/><F105/><W16/><AGARI ba="1,0" hai="16,21,26,64,66,75,79,81" m="23081,48681" machi="16" ten="30,2000,0" yaku="18,1,54,1" doraHai="40" who="3" fromWho="3" sc="146,-6,231,-11,370,-6,253,23" /><INIT seed="6,0,0,2,2,3" ten="140,220,364,276" oya="2" hai0="73,32,34,118,132,100,14,124,87,65,16,40,25" hai1="82,127,33,120,13,46,130,89,88,123,17,42,61" hai2="90,115,26,24,121,93,12,52,78,64,66,112,74" hai3="86,84,95,81,23,62,68,69,44,51,57,76,102"/><V63/><F121/><N who="1" m="46665" /><E33/><V27/><F12/><W8/><G23/><T114/><D73/><U6/><E127/><V9/><F9/><W35/><G35/><T101/><D118/><U4/><E61/><V119/><F119/><W41/><G8/><T10/><D132/><U125/><E130/><V19/><F78/><W48/><G51/><T11/><D124/><U39/><E125/><V38/><F38/><W110/><G110/><T83/><D114/><N who="2" m="43562" /><F74/><W133/><G133/><T50/><D65/><U15/><E15/><V29/><F19/><W71/><G102/><T131/><D131/><U47/><E47/><V1/><F1/><W20/><G20/><T67/><D67/><U79/><E79/><V80/><F80/><W70/><G69/><T60/><D60/><U5/><E82/><V21/><F29/><W99/><G99/><T94/><D10/><AGARI ba="0,0" hai="4,5,6,10,13,17,39,42,46,88,89" m="46665" machi="10" ten="30,8000,1" yaku="13,1,52,3,54,1" doraHai="3" who="1" fromWho="0" sc="140,-80,220,80,364,0,276,0" /><INIT seed="7,0,0,0,3,94" ten="60,300,364,276" oya="3" hai0="25,49,117,105,7,40,65,12,9,135,98,126,74" hai1="48,133,78,47,37,83,104,46,106,91,44,22,0" hai2="16,36,70,31,45,11,68,59,54,131,108,87,101" hai3="38,28,99,4,50,60,85,81,103,90,33,20,73"/><W80/><G38/><T42/><D74/><U61/><E133/><V76/><F108/><W26/><G33/><T39/><D117/><U130/><E130/><V1/><F31/><W62/><G4/><T17/><D135/><U107/><E0/><V93/><F131/><W114/><G114/><T116/><D116/><U77/><E37/><V95/><F1/><W113/><G113/><T112/><D112/><U69/><E48/><N who="2" m="28943" /><F68/><W55/><G81/><T102/><D126/><U123/><E123/><V32/><F32/><W2/><G2/><T43/><D39/><U100/><E100/><V118/><F70/><W96/><G73/><T109/><D109/><U52/><E22/><V63/><F36/><W79/><G79/><T5/><D65/><U19/><E69/><V75/><F75/><W72/><G72/><T97/><D105/><U35/><E35/><V121/><F121/><W53/><G53/><T128/><D102/><U29/><E29/><V124/><F124/><W21/><G20/><N who="0" m="13455" /><D128/><U110/><E110/><V111/><F111/><W56/><REACH who="3" step="1"/><G99/><REACH who="3" ten="60,300,364,266" step="2"/><N who="0" m="37899" /><D5/><U122/><E77/><V10/><F118/><W6/><G6/><T3/><D3/><U66/><E78/><V34/><F76/><W132/><G132/><T88/><D88/><U8/><E122/><V24/><F34/><W125/><G125/><T82/><D82/><U27/><E91/><V115/><F115/><W92/><AGARI ba="0,1" hai="21,26,28,50,55,56,60,62,80,85,90,92,96,103" machi="92" ten="20,12000,1" yaku="1,1,0,1,7,1,8,1,52,1,53,0" doraHai="94" doraHaiUra="119" who="3" fromWho="3" sc="60,-40,300,-40,364,-40,266,130" owari="20,-48.0,260,-14.0,324,12.0,396,50.0" /></mjloggm>