<mjloggm ver="2.3"><GO type="97" lobby="0"/><UN n0="%E6%9C%88%E3%83%9F%E7%85%A7%E2%98%86" n1="%6C%65%65" n2="%E5%B0%B1%E6%B4%BB%E7%94%9F%40%E5%B7%9D%E6%9D%91%E8%BB%8D%E5%9B%A3" n3="%E3%82%AF%E3%83%AC%E3%82%A4%E3%82%B8%E3%83%BC%E3%81%AE%E9%8A%83" dan="13,14,14,13" rate="1990.45,2004.64,1936.89,1898.07" sx="M,F,M,M"/><TAIKYOKU oya="0"/><INIT seed="0,0,0,2,3,102" ten="250,250,250,250" oya="0" hai0="89,131,101,75,45,94,59,7,120,61,55,112,90" hai1="109,71,14,35,98,103,73,80,106,87,116,40,105" hai2="108,74,119,63,11,43,38,56,17,33,30,81,134" hai3="78,66,1,37,133,34,123,107,22,50,79,18,0"/><T51/><D120/><U54/><E71/><V57/><F119/><W104/><G123/><T72/><D112/><U8/><E35/><V124/><F124/><W96/><G133/><T70/><D131/><U95/><E116/><V76/><F108/><W5/><G37/><T42/><D7/><U41/><E109/><V47/><F134/><W100/><G66/><T67/><D101/><U65/><E65/><V48/><F38/><W88/><G34/><T110/><D110/><U122/><E122/><V23/><F33/><W6/><G50/><T28/><D28/><U118/><E118/><V53/><F30/><W36/><G36/><T64/><D64/><U32/><E32/><V125/><F125/><W92/><G1/><T93/><D93/><U9/><E9/><V25/><F11/><W29/><G29/><T113/><D113/><U39/><E54/><V19/><F19/><W12/><G0/><T20/><D20/><U82/><E39/><V49/><F57/><W132/><G132/><T117/><D117/><U86/><E73/><V44/><F63/><W129/><G129/><T84/><REACH who="0" step="1"/><D90/><REACH who="0" ten="240,250,250,250" step="2"/><U3/><E3/><V62/><F76/><W135/><G135/><T121/><D121/><U128/><E128/><V4/><F4/><W83/><G79/><T21/><D21/><U2/><E2/><V52/><F81/><W10/><G100/><T69/><D69/><U31/><E80/><V130/><F130/><W114/><G22/><T115/><D115/><U97/><E82/><V77/><F77/><W27/><G114/><T127/><D127/><U13/><E103/><RYUUKYOKU ba="0,1" sc="240,15,250,-15,250,15,250,-15" hai0="42,45,51,55,59,61,67,70,72,75,84,89,94" hai2="17,23,25,43,44,47,48,49,52,53,56,62,74" /><INIT seed="0,1,1,0,5,10" ten="255,235,265,235" oya="0" hai0="13,69,81,91,76,44,84,7,52,121,112,82,6" hai1="113,119,105,95,32,116,86,72,134,78,58,73,26" hai2="79,20,9,90,102,117,75,127,64,50,12,17,56" hai3="63,33,106,19,98,70,122,23,101,40,61,120,24"/><T43/><D112/><U94/><E113/><V34/><F34/><W49/><G40/><T37/><D121/><N who="3" m="46697" /><G49/><T1/><D69/><U54/><E134/><V111/><F111/><W59/><G70/><T35/><D35/><U36/><E36/><V51/><F117/><W2/><G2/><T129/><D129/><U38/><E38/><V57/><F127/><W22/><G33/><T66/><D66/><U99/><E105/><V67/><F75/><W62/><G23/><T100/><D100/><U4/><E4/><V11/><F79/><W71/><G71/><T25/><D1/><U0/><E0/><V47/><F102/><W48/><G48/><N who="2" m="18473" /><F47/><W5/><G5/><T125/><D125/><U41/><E41/><V77/><F77/><W118/><G118/><T30/><D52/><AGARI ba="1,1" hai="19,22,24,52,59,61,62,63,98,101,106" m="46697" machi="52" ten="30,2000,0" yaku="13,1,54,1" doraHai="10" who="3" fromWho="0" sc="255,-23,235,0,265,0,235,33" /><INIT seed="1,0,0,4,0,94" ten="232,235,265,268" oya="1" hai0="16,86,54,118,62,114,72,95,18,133,101,26,37" hai1="60,1,55,7,116,43,34,29,93,131,3,47,35" hai2="31,41,67,68,69,78,40,27,36,77,2,57,44" hai3="70,111,4,91,120,126,108,6,48,59,13,87,110"/><U75/><E75/><V51/><F2/><W127/><G120/><T100/><D37/><U63/><E116/><V58/><F41/><W19/><G70/><T9/><D118/><U113/><E131/><V125/><F125/><N who="3" m="47627" /><G48/><T23/><D72/><U99/><E113/><V21/><F58/><W83/><G59/><N who="0" m="35191" /><D114/><U79/><E79/><V8/><F8/><AGARI ba="0,0" hai="4,6,8,13,19,83,87,91,108,110,111" m="47627" machi="8" ten="40,2600,0" yaku="14,1,18,1" doraHai="94" who="3" fromWho="2" sc="232,0,235,0,265,-26,268,26" /><INIT seed="2,0,0,0,0,0" ten="232,235,239,294" oya="2" hai0="3,126,7,51,14,6,94,52,72,128,44,68,56" hai1="121,73,92,1,90,101,5,23,38,13,67,16,91" hai2="85,8,35,30,96,133,45,115,65,131,109,70,64" hai3="10,50,49,86,105,124,63,116,20,111,114,22,37"/><V42/><F115/><W24/><G116/><T33/><D3/><U83/><E38/><V120/><F120/><W108/><G114/><T99/><D33/><U55/><E121/><V106/><F131/><W102/><G37/><T134/><D72/><U117/><E117/><V135/><F30/><W97/><G124/><T29/><D68/><U79/><E67/><V100/><F35/><W132/><G132/><N who="2" m="50761" /><F70/><W32/><G10/><T80/><D29/><U53/><E101/><V130/><F130/><W66/><G86/><T34/><D34/><U40/><E40/><V58/><F58/><W81/><G81/><T25/><D25/><U26/><E1/><V93/><F8/><W21/><G32/><T82/><D128/><U112/><E112/><V119/><F119/><W48/><REACH who="3" step="1"/><G24/><REACH who="3" ten="232,235,239,284" step="2"/><T107/><D126/><U54/><REACH who="1" step="1"/><E92/><REACH who="1" ten="232,225,239,284" step="2"/><N who="2" m="58375" /><F109/><W104/><G104/><T127/><D107/><U4/><E4/><V47/><F106/><W17/><G17/><T2/><D6/><U31/><E31/><V113/><F113/><W84/><G84/><T41/><D127/><U103/><E103/><V87/><F85/><W27/><G27/><T110/><D134/><U43/><E43/><V125/><F125/><W11/><G11/><AGARI ba="0,2" hai="5,11,13,16,23,26,53,54,55,73,79,83,90,91" machi="11" ten="40,8000,1" yaku="1,1,52,1,54,1,53,1" doraHai="0" doraHaiUra="75" who="1" fromWho="3" sc="232,0,225,100,239,0,284,-80" /><INIT seed="3,0,0,2,0,92" ten="232,325,239,204" oya="3" hai0="122,64,51,114,98,79,135,77,94,102,126,89,55" hai1="66,37,46,58,83,81,34,120,67,124,72,23,41" hai2="10,70,128,76,18,101,4,111,9,85,80,39,113" hai3="53,108,112,1,45,27,100,99,12,32,30,106,21"/><W49/><G112/><T28/><D122/><U43/><E34/><V105/><F70/><W17/><REACH who="3" step="1"/><G108/><REACH who="3" ten="232,325,239,194" step="2"/><T123/><D114/><U116/><E120/><V90/><F113/><W33/><G33/><T63/><D123/><U52/><E116/><V26/><F111/><W118/><G118/><T11/><D135/><U132/><E132/><V22/><F128/><W119/><G119/><T103/><D126/><U69/><E124/><V84/><F39/><W96/><G96/><T127/><D127/><U54/><E37/><V97/><F4/><W75/><G75/><T35/><D35/><U56/><E72/><V44/><F44/><W107/><G107/><T61/><D98/><U42/><E46/><V125/><F125/><W130/><G130/><T73/><D73/><U86/><E86/><V110/><F110/><W78/><G78/><T65/><D79/><U134/><E134/><V38/><F38/><W68/><G68/><T25/><D77/><U3/><E69/><V29/><F29/><W133/><G133/><T57/><D28/><U131/><E131/><V31/><F31/><W6/><G6/><T24/><D103/><U82/><E3/><AGARI ba="0,1" hai="1,3,12,17,21,27,30,32,45,49,53,99,100,106" machi="3" ten="40,7700,0" yaku="1,1,52,1,53,1" doraHai="92" doraHaiUra="13" who="3" fromWho="1" sc="232,0,325,-77,239,0,194,87" /><INIT seed="3,1,0,5,5,115" ten="232,248,239,281" oya="3" hai0="56,38,3,74,47,92,20,35,12,106,86,4,99" hai1="90,80,124,59,123,76,113,48,72,5,65,75,82" hai2="15,120,1,32,117,79,60,107,34,101,98,126,64" hai3="23,111,71,57,121,114,118,29,88,33,134,11,45"/><W27/><G121/><T8/><D35/><U91/><E123/><V100/><F120/><W46/><G114/><T129/><D74/><U13/><E113/><V17/><F1/><W78/><G118/><T128/><D106/><U130/><E130/><N who="0" m="50281" /><D86/><U7/><E124/><V31/><F117/><W70/><G111/><T69/><D69/><U16/><E7/><V95/><F126/><W133/><G78/><T18/><D56/><U37/><E37/><V132/><F132/><N who="3" m="50795" /><G11/><T93/><D99/><U109/><E109/><V40/><F40/><AGARI ba="1,0" hai="3,4,8,12,18,20,38,40,47,92,93" m="50281" machi="40" ten="30,1000,0" yaku="19,1" doraHai="115" who="0" fromWho="2" sc="232,13,248,0,239,-13,281,0" /><INIT seed="4,0,0,4,3,16" ten="245,248,226,281" oya="0" hai0="41,106,9,87,27,68,54,56,1,69,88,109,123" hai1="39,38,127,36,59,24,26,125,29,94,116,133,45" hai2="18,126,71,65,117,34,2,85,96,33,52,79,112" hai3="119,75,22,122,78,19,42,108,25,98,21,60,43"/><T49/><D123/><U134/><E94/><V84/><F2/><W35/><G119/><T57/><D106/><U97/><E97/><V44/><F117/><W37/><G108/><T30/><D109/><U129/><E116/><V76/><F112/><W83/><G122/><T53/><D41/><U0/><E0/><V6/><F6/><W113/><G113/><T99/><D99/><U46/><E59/><V82/><F126/><N who="1" m="48137" /><E129/><V100/><F71/><W32/><G60/><T77/><D77/><U73/><E73/><V120/><F65/><W48/><G37/><T10/><D69/><U128/><E128/><V80/><F120/><W55/><G98/><T95/><D68/><U101/><E101/><V131/><F131/><W121/><G121/><T70/><D70/><U132/><E29/><V93/><F18/><W47/><REACH who="3" step="1"/><G22/><REACH who="3" ten="245,248,226,271" step="2"/><N who="0" m="15735" /><D1/><U67/><E67/><V114/><F114/><W15/><G15/><T107/><D107/><U20/><E20/><V4/><F4/><W135/><G135/><T61/><AGARI ba="0,1" hai="9,10,49,53,54,56,57,61,87,88,95" m="15735" machi="61" ten="30,6000,0" yaku="8,1,52,1,54,1" doraHai="16" who="0" fromWho="0" sc="245,70,248,-20,226,-20,271,-20" owari="315,41.0,228,-17.0,206,-29.0,251,5.0" /></mjloggm>