<mjloggm ver="2.3"><GO type="169" lobby="0"/><UN n0="%E3%83%96%E3%83%AB%E3%83%96%E3%83%AB%E3%83%8F%E3%83%BC%E3%83%84" n1="%E3%82%A6%E3%83%AB%E3%83%88%E3%83%A9%E7%AB%8B%E7%9B%B4" n2="%E3%82%88%E3%81%86%E3%81%B8%E3%83%BC%58" n3="%E6%A5%A0%E5%B9%B8%E6%9D%91" dan="18,17,16,18" rate="2256.06,2130.63,2051.65,2268.07" sx="M,M,M,F"/><TAIKYOKU oya="0"/><INIT seed="0,0,0,3,3,133" ten="250,250,250,250" oya="0" hai0="81,70,71,0,5,78,51,62,11,47,104,125,89" hai1="55,83,46,60,22,76,98,105,18,73,7,95,113" hai2="56,91,57,34,103,10,35,123,42,129,59,50,28" hai3="86,27,6,3,82,17,93,84,33,39,112,75,96"/><T94/><D104/><U68/><E113/><V38/><F123/><W23/><G112/><T29/><D29/><U1/><E105/><V21/><F38/><W108/><G108/><T79/><D79/><U87/><E73/><V97/><F91/><W67/><G39/><T64/><D70/><U25/><E1/><V53/><F42/><W88/><G67/><T2/><D2/><U132/><E7/><V69/><F69/><W8/><REACH who="3" step="1"/><G33/><REACH who="3" ten="250,250,250,240" step="2"/><T107/><D107/><U65/><E132/><V122/><F35/><W135/><G135/><T4/><D64/><U45/><REACH who="1" step="1"/><E55/><REACH who="1" ten="250,240,250,240" step="2"/><V77/><F53/><W130/><G130/><T13/><D0/><U44/><E44/><V19/><F129/><W92/><G92/><T61/><D47/><U58/><E58/><V117/><F59/><W128/><G128/><T20/><D94/><U24/><E24/><V127/><F57/><W100/><G100/><AGARI ba="0,2" hai="18,22,25,45,46,60,65,68,76,83,87,95,98,100" machi="100" ten="30,3900,0" yaku="1,1,7,1,53,1" doraHai="133" doraHaiUra="63" who="1" fromWho="3" sc="250,0,240,59,250,0,240,-39" /><INIT seed="1,0,0,1,4,51" ten="250,299,250,201" oya="1" hai0="68,36,77,67,103,74,94,116,25,130,80,131,97" hai1="33,120,17,52,124,11,61,45,108,85,38,132,50" hai2="31,44,72,58,20,114,122,92,101,41,121,135,95" hai3="49,29,71,43,111,9,2,8,91,129,118,39,125"/><U28/><E120/><V89/><F72/><W7/><G111/><T62/><D36/><U4/><E108/><V93/><F135/><W73/><G129/><N who="0" m="49163" /><D25/><U13/><E124/><V117/><F101/><W70/><G125/><T96/><D97/><U14/><E38/><V66/><F89/><W57/><G118/><AGARI ba="0,0" hai="62,67,68,74,77,80,94,96,103,116,118" m="49163" machi="118" ten="30,1000,0" yaku="19,1" doraHai="51" who="0" fromWho="3" sc="250,10,299,0,250,0,201,-10" /><INIT seed="2,0,0,3,0,116" ten="260,299,250,191" oya="2" hai0="39,60,12,41,86,81,40,20,121,114,85,3,105" hai1="52,55,134,57,69,72,53,103,24,34,28,66,83" hai2="111,46,90,115,22,42,117,23,30,45,37,65,113" hai3="96,26,104,9,132,8,79,67,129,102,0,94,16"/><V19/><F117/><W122/><G132/><T6/><D3/><U92/><E134/><V110/><F65/><W43/><G129/><T61/><D105/><U48/><E69/><V128/><F128/><W87/><G122/><T88/><D114/><U70/><E70/><V112/><F46/><W31/><G67/><T77/><D121/><U98/><REACH who="1" step="1"/><E66/><REACH who="1" ten="260,289,250,191" step="2"/><V74/><F112/><W76/><G8/><N who="0" m="4119" /><D39/><U49/><E49/><V35/><F113/><W21/><G43/><N who="0" m="16459" /><D20/><U99/><E99/><V95/><F115/><W107/><G9/><T54/><D54/><U73/><E73/><V25/><F74/><W82/><G21/><T1/><D1/><U47/><E47/><V7/><F23/><W127/><G0/><T68/><D68/><U126/><E126/><V32/><F32/><W120/><G127/><T13/><D13/><U84/><E84/><V29/><F35/><W131/><G87/><T50/><D50/><U59/><E59/><V109/><REACH who="2" step="1"/><F7/><REACH who="2" ten="260,289,240,191" step="2"/><W5/><G5/><T56/><D56/><U2/><E2/><V44/><F44/><W100/><G131/><T108/><D77/><AGARI ba="0,2" hai="24,28,34,48,52,53,55,57,72,77,83,92,98,103" machi="77" ten="40,5200,0" yaku="1,1,54,1,53,1" doraHai="116" doraHaiUra="27" who="1" fromWho="0" sc="260,-52,289,72,240,0,191,0" /><INIT seed="3,0,0,3,3,72" ten="208,361,240,191" oya="3" hai0="2,115,114,118,116,65,81,35,12,92,71,122,97" hai1="70,15,13,94,103,59,40,89,53,25,50,128,123" hai2="121,37,20,14,78,98,39,95,62,102,130,56,41" hai3="86,109,49,76,126,44,33,84,51,18,5,34,101"/><W19/><G126/><T75/><D2/><U57/><E70/><V82/><F130/><W43/><G109/><T63/><D35/><U28/><E123/><V8/><F20/><W105/><G5/><T127/><D127/><U24/><E103/><V125/><F41/><W90/><G51/><T46/><D12/><U4/><E40/><V104/><F104/><W131/><G131/><T96/><D96/><U87/><E128/><V10/><F121/><W100/><G34/><T64/><D64/><U80/><E94/><V1/><F1/><W3/><G33/><T45/><D122/><U47/><E25/><V31/><F31/><W61/><G3/><T134/><D134/><U16/><E4/><V117/><F117/><N who="0" m="45162" /><D81/><U99/><E99/><V6/><F10/><W11/><G61/><T77/><D77/><U133/><E13/><V113/><F113/><N who="0" m="43018" /><D75/><U17/><E133/><V27/><F27/><W69/><G105/><T55/><D55/><U83/><E83/><V7/><F7/><W26/><G26/><T42/><D42/><U79/><E79/><V32/><F32/><W107/><G107/><T21/><D21/><N who="1" m="15375" /><E15/><V73/><REACH who="2" step="1"/><F125/><REACH who="2" ten="208,361,230,191" step="2"/><W112/><G112/><T9/><D9/><U129/><E129/><V23/><F23/><W106/><G11/><T68/><D68/><U29/><E29/><V111/><F111/><W110/><G69/><T85/><D85/><U91/><E17/><V67/><AGARI ba="0,1" hai="6,8,14,37,39,56,62,67,73,78,82,95,98,102" machi="67" ten="20,5200,0" yaku="1,1,0,1,7,1,52,1,53,0" doraHai="72" doraHaiUra="22" who="2" fromWho="2" sc="208,-13,361,-13,230,62,191,-26" /><INIT seed="4,0,0,1,4,74" ten="195,348,292,165" oya="0" hai0="36,40,126,85,121,95,53,21,125,81,41,23,118" hai1="35,119,102,46,26,19,63,83,47,44,80,106,2" hai2="98,42,132,4,49,101,17,115,27,70,18,51,120" hai3="91,64,109,7,128,107,110,76,99,131,61,78,100"/><T134/><D121/><U48/><E2/><V86/><F70/><W30/><G7/><T111/><D118/><U62/><E106/><V33/><F86/><W8/><G8/><T65/><D134/><U71/><E71/><V34/><F98/><W43/><G43/><N who="0" m="16459" /><D36/><U88/><E35/><V127/><F101/><W31/><G31/><T52/><D65/><U66/><E102/><V92/><F42/><W75/><G30/><T77/><D111/><N who="3" m="42505" /><G75/><T13/><D95/><U38/><E38/><V56/><F92/><W22/><G22/><N who="0" m="8203" /><D13/><U79/><E66/><V14/><F14/><W124/><G61/><T130/><D130/><N who="3" m="49705" /><G64/><T3/><D3/><U16/><E63/><V112/><F4/><W20/><G20/><T32/><D32/><U54/><E62/><V12/><F12/><W96/><G124/><AGARI ba="0,0" hai="52,53,77,81,85,124,125,126" m="8203,16459" machi="124" ten="30,5800,0" yaku="18,1,52,1,54,1" doraHai="74" who="0" fromWho="3" sc="195,58,348,0,292,0,165,-58" /><INIT seed="4,1,0,0,0,13" ten="253,348,292,107" oya="0" hai0="37,115,58,57,7,74,84,121,60,67,124,24,32" hai1="135,96,130,68,95,66,4,122,44,86,18,78,134" hai2="88,118,106,133,104,1,72,59,39,3,14,123,90" hai3="9,113,30,110,53,112,102,55,17,61,97,75,16"/><T5/><D74/><U69/><E4/><V128/><F39/><W120/><G110/><T71/><D37/><U65/><E122/><V62/><F72/><W76/><G120/><T52/><D121/><U25/><E44/><V2/><F123/><W15/><G30/><T70/><D115/><N who="3" m="44105" /><G61/><T41/><D41/><U54/><E54/><N who="3" m="20490" /><G76/><T63/><D124/><U91/><E130/><V125/><F128/><W26/><G75/><T23/><D32/><U33/><E66/><V56/><F62/><W82/><G82/><T100/><D100/><U119/><E65/><V27/><F59/><W34/><G34/><T11/><D84/><U105/><E119/><V21/><F56/><W28/><G28/><T10/><D5/><U79/><E79/><V103/><F103/><W36/><G36/><T6/><D6/><U80/><E134/><V45/><F45/><W46/><G46/><T117/><D117/><U93/><E135/><V64/><F64/><W108/><G108/><T101/><D101/><U19/><E33/><V114/><F118/><W89/><G89/><T0/><D10/><U94/><E91/><V47/><F47/><W116/><G116/><T107/><D107/><U42/><E105/><V92/><F106/><N who="3" m="63823" /><G26/><T50/><D60/><U99/><E25/><V85/><F27/><W29/><G29/><AGARI ba="1,0" hai="0,7,11,23,24,29,50,52,57,58,63,67,70,71" machi="29" ten="30,2900,0" yaku="7,1,54,1" doraHai="13" who="0" fromWho="3" sc="253,32,348,0,292,0,107,-32" /><INIT seed="4,2,0,2,0,113" ten="285,348,292,75" oya="0" hai0="133,102,49,78,21,45,130,15,117,79,107,97,48" hai1="30,88,118,71,50,86,9,16,0,104,13,115,44" hai2="3,95,53,57,39,66,55,99,92,36,87,62,127" hai3="85,33,18,51,108,7,28,34,6,134,122,46,11"/><T4/><D117/><U27/><E104/><V31/><F3/><W32/><G85/><T10/><D133/><U72/><E71/><V61/><F31/><W125/><G51/><T91/><D130/><U35/><E72/><V96/><F87/><W68/><G46/><T84/><D21/><U63/><E0/><V54/><F127/><W60/><G60/><T23/><D23/><U100/><E100/><V67/><F55/><W94/><G68/><T69/><D69/><U106/><E106/><V111/><F111/><W132/><G94/><T126/><D126/><U1/><E1/><V101/><F57/><W98/><G98/><T58/><D58/><U8/><E118/><V22/><F22/><W105/><G105/><T17/><D4/><N who="3" m="1577" /><G125/><T29/><D29/><U43/><E63/><V128/><F128/><W5/><G108/><T83/><REACH who="0" step="1"/><D49/><REACH who="0" ten="275,348,292,75" step="2"/><U80/><REACH who="1" step="1"/><E8/><REACH who="1" ten="275,338,292,75" step="2"/><V119/><F119/><W77/><G132/><T26/><D26/><U40/><E40/><AGARI ba="2,2" hai="10,15,17,40,45,48,78,79,83,84,91,97,102,107" machi="40" ten="30,2900,0" yaku="1,1,7,1,53,0" doraHai="113" doraHaiUra="116" who="0" fromWho="1" sc="275,55,338,-35,292,0,75,0" /><INIT seed="4,3,0,3,5,115" ten="330,303,292,75" oya="0" hai0="6,55,105,117,114,9,0,106,124,3,101,49,120" hai1="7,13,127,108,61,121,26,30,5,15,53,32,59" hai2="97,64,110,95,104,87,33,92,107,112,19,60,79" hai3="128,90,99,29,91,88,75,129,63,118,69,47,71"/><T130/><D120/><U40/><E108/><V103/><F33/><W28/><G75/><T126/><D0/><U89/><E127/><N who="0" m="48681" /><D114/><U11/><E121/><V8/><F112/><W77/><G77/><T35/><D35/><U119/><E40/><V133/><F133/><W116/><G47/><N who="0" m="28095" /><D130/><N who="3" m="50281" /><G99/><N who="0" m="61631" /><D106/><U37/><E37/><V41/><F41/><W14/><G14/><T76/><D76/><U125/><E125/><V45/><F45/><W20/><G20/><T24/><D24/><U70/><E70/><N who="3" m="26634" /><G63/><T132/><D132/><U54/><E15/><V27/><F60/><W4/><G4/><T123/><D123/><U84/><E7/><V62/><F62/><W85/><G85/><T43/><D43/><U50/><E61/><V51/><F87/><W82/><G82/><T68/><D68/><U34/><E34/><V78/><F79/><W12/><G12/><T134/><D134/><U58/><E59/><V10/><F78/><W93/><G93/><T36/><D36/><U17/><E5/><V72/><F95/><W86/><G86/><T42/><D42/><U56/><E58/><V21/><F72/><W102/><G102/><T52/><D52/><U122/><E54/><V16/><F92/><W66/><G66/><T2/><D2/><U81/><REACH who="1" step="1"/><E122/><REACH who="1" ten="330,293,292,75" step="2"/><V38/><F38/><W67/><G67/><T46/><D46/><U113/><E113/><V48/><F64/><W25/><G25/><T94/><D6/><U74/><E74/><V22/><F27/><W131/><N who="3" m="50289" /><W135/><DORA hai="111" /><G135/><T31/><D3/><U23/><E23/><V44/><F21/><RYUUKYOKU ba="3,1" sc="330,-15,293,15,292,-15,75,15" hai1="11,13,17,26,30,32,50,53,56,81,84,89,119" hai3="28,29,88,90,91,116,118" /><INIT seed="5,4,1,3,3,77" ten="315,308,277,90" oya="1" hai0="10,12,33,81,42,122,52,54,83,129,0,112,84" hai1="69,128,31,39,97,23,53,123,120,34,38,100,62" hai2="50,51,99,58,116,82,80,127,107,131,134,17,65" hai3="86,111,40,79,43,44,29,85,113,20,45,98,106"/><U28/><E23/><V119/><F134/><W92/><G113/><T89/><D33/><U63/><E53/><N who="0" m="20585" /><D0/><U78/><E78/><V55/><F65/><W109/><G106/><T14/><D112/><U64/><E63/><V125/><F131/><W25/><G111/><T105/><D105/><N who="1" m="63631" /><E28/><V19/><F51/><W118/><G109/><T70/><D70/><U93/><E93/><V1/><F1/><W132/><G132/><T133/><D133/><U104/><E104/><V41/><F41/><W35/><G35/><T57/><D129/><U3/><E3/><V11/><F11/><W46/><G118/><T60/><D122/><N who="1" m="46635" /><E128/><V87/><F119/><W24/><G25/><AGARI ba="4,1" hai="25,31,34,38,39,62,64,69" m="46635,63631" machi="25" ten="30,2900,0" yaku="25,1,23,1" doraHai="77" who="1" fromWho="3" sc="315,0,308,51,277,0,90,-41" /><INIT seed="5,5,0,3,4,25" ten="315,359,277,49" oya="1" hai0="2,68,9,128,46,39,134,23,77,103,94,30,90" hai1="67,45,105,99,93,91,20,104,42,65,35,131,43" hai2="89,59,62,113,50,32,52,11,55,133,66,118,56" hai3="84,87,116,127,117,0,92,114,129,6,10,40,124"/><U82/><E35/><V72/><F118/><N who="3" m="45675" /><G40/><T61/><D134/><U33/><E33/><V29/><F133/><W112/><G92/><T95/><D128/><U28/><E131/><V47/><F72/><W37/><G84/><T120/><D120/><U123/><E105/><V80/><F113/><N who="3" m="43627" /><G87/><T44/><D2/><U36/><E104/><V71/><F80/><W49/><G49/><T130/><D9/><U26/><E123/><V18/><F89/><W53/><G53/><T22/><D39/><U86/><REACH who="1" step="1"/><E43/><REACH who="1" ten="315,349,277,49" step="2"/><V27/><F55/><W34/><G37/><T57/><D130/><U97/><E97/><V98/><F98/><W96/><G96/><T58/><D103/><AGARI ba="5,1" hai="20,26,28,36,42,45,65,67,82,86,91,93,99,103" machi="103" ten="30,5800,0" yaku="1,1,7,1,52,1,53,0" doraHai="25" doraHaiUra="119" who="1" fromWho="0" sc="315,-73,349,83,277,0,49,0" /><INIT seed="5,6,0,2,3,67" ten="242,432,277,49" oya="1" hai0="93,81,97,78,12,2,77,117,110,59,106,56,7" hai1="126,91,84,22,132,83,107,105,82,64,131,80,101" hai2="42,103,19,49,9,75,28,66,40,70,116,17,73" hai3="29,123,125,122,113,57,43,68,55,94,100,30,44"/><U46/><E22/><V14/><F116/><W35/><G125/><T39/><D110/><U129/><E46/><V60/><F28/><W76/><G113/><T31/><D2/><U48/><E48/><V21/><F103/><W65/><G76/><T16/><D39/><U24/><E24/><V47/><REACH who="2" step="1"/><F42/><REACH who="2" ten="242,432,267,49" step="2"/><W61/><G29/><T124/><D31/><U71/><E101/><V89/><F89/><W72/><G30/><T38/><D117/><U127/><E126/><V104/><F104/><W5/><G35/><T108/><D106/><U109/><E127/><V120/><F120/><W34/><G34/><T32/><D32/><U58/><E107/><V10/><F10/><W79/><G122/><T86/><D124/><U128/><E105/><V134/><F134/><W85/><G123/><T88/><D108/><U27/><E132/><V118/><F118/><W135/><G135/><T51/><D38/><U25/><E109/><V90/><F90/><W63/><G100/><T114/><D114/><U99/><E91/><V6/><F6/><W87/><G5/><T33/><D7/><U11/><E131/><V50/><F50/><W13/><G43/><T74/><D33/><U119/><E119/><V133/><F133/><W8/><G8/><N who="0" m="6151" /><D51/><U92/><E129/><V111/><F111/><W26/><G79/><N who="0" m="30219" /><D74/><U0/><E128/><V53/><F53/><W45/><G55/><T20/><D20/><U52/><E52/><V102/><F102/><AGARI ba="6,1" hai="56,59,81,86,88,93,97,102" m="30219,6151" machi="102" ten="30,3900,0" yaku="8,1,54,2" doraHai="67" who="0" fromWho="2" sc="242,67,432,0,267,-57,49,0" /><INIT seed="6,0,0,3,5,127" ten="309,432,210,49" oya="2" hai0="62,14,30,90,41,88,89,45,106,63,29,111,54" hai1="26,95,3,86,34,85,105,131,9,93,56,71,66" hai2="77,19,115,39,11,32,24,67,112,101,16,114,82" hai3="5,99,91,8,97,87,104,57,132,118,6,108,123"/><V75/><F39/><W100/><G132/><T22/><D106/><U128/><E71/><V102/><F67/><W50/><G123/><T36/><D111/><U119/><E105/><V48/><F48/><W124/><G124/><T43/><D36/><U113/><E119/><V121/><F121/><W116/><G108/><T18/><D45/><U92/><E113/><V59/><F59/><W1/><G99/><T73/><D73/><U20/><E34/><V25/><F11/><W103/><G103/><N who="2" m="39433" /><F25/><W31/><G5/><T37/><D37/><U133/><E133/><V13/><F13/><W109/><G109/><T135/><D135/><U52/><E66/><V78/><F77/><W27/><G57/><N who="0" m="35127" /><D63/><U65/><E65/><V21/><F32/><W23/><REACH who="3" step="1"/><G50/><REACH who="3" ten="309,432,210,39" step="2"/><T69/><D69/><U68/><E68/><V84/><F112/><W81/><AGARI ba="0,1" hai="1,6,8,23,27,31,81,87,91,97,100,104,116,118" machi="81" ten="20,5200,0" yaku="1,1,2,1,0,1,7,1,53,0" doraHai="127" doraHaiUra="60" who="3" fromWho="3" sc="309,-13,432,-13,210,-26,39,62" /><INIT seed="7,0,0,3,5,7" ten="296,419,184,101" oya="3" hai0="20,114,74,52,85,70,60,123,119,124,95,30,75" hai1="37,55,87,46,88,128,8,2,14,15,13,125,93" hai2="33,11,29,9,48,121,113,102,112,115,110,129,1" hai3="67,99,65,41,72,97,24,21,6,98,71,62,34"/><W25/><G72/><T127/><D119/><U68/><E68/><V101/><F110/><W78/><G78/><T82/><D123/><U111/><E111/><V49/><F121/><W79/><G79/><T47/><D95/><U106/><E106/><V89/><F129/><W36/><G65/><T83/><D83/><U126/><E128/><V42/><F89/><W63/><G63/><T12/><D114/><U94/><E94/><V92/><F1/><W76/><G76/><T10/><D20/><U118/><E118/><V17/><F17/><W43/><G36/><T28/><D28/><U19/><E2/><V53/><F42/><W27/><G34/><T35/><D30/><U81/><E93/><V90/><F29/><W120/><G120/><T133/><D35/><U44/><E44/><N who="2" m="27783" /><F49/><W122/><G122/><T54/><D70/><U32/><E32/><V50/><F50/><W105/><G105/><T59/><D47/><U40/><E55/><V16/><F16/><W73/><G73/><T61/><D54/><U69/><E69/><V130/><F130/><W57/><G71/><T45/><D74/><U80/><E80/><V38/><F38/><W107/><G107/><T117/><D82/><U134/><E87/><V86/><F33/><W23/><REACH who="3" step="1"/><G6/><REACH who="3" ten="296,419,184,91" step="2"/><N who="0" m="3159" /><D75/><U22/><E37/><V131/><F131/><W51/><G51/><T116/><D60/><U31/><E46/><V132/><F132/><W77/><G77/><T66/><D61/><U104/><E134/><V56/><F56/><W84/><G84/><T4/><D85/><N who="1" m="50223" /><E104/><V39/><F39/><W64/><G64/><RYUUKYOKU ba="0,1" sc="296,-15,419,-15,184,15,91,15" hai2="9,11,86,90,92,101,102,112,113,115" hai3="21,23,24,25,27,41,43,57,62,67,97,98,99" /><INIT seed="7,1,1,0,0,2" ten="281,404,199,106" oya="3" hai0="69,118,111,17,74,114,18,99,22,73,125,106,101" hai1="128,121,82,8,122,44,46,113,107,60,97,100,88" hai2="58,135,92,26,93,133,71,131,67,33,84,15,9" hai3="13,48,94,130,50,115,4,90,104,34,45,120,59"/><W55/><G130/><T23/><D69/><U109/><E60/><N who="2" m="38295" /><F71/><W3/><G115/><T80/><D80/><U43/><E46/><V72/><F72/><W119/><G119/><T126/><D111/><U134/><E8/><V127/><F84/><N who="3" m="52551" /><G104/><T87/><D87/><U39/><E109/><V29/><F131/><W65/><G120/><T112/><D118/><U102/><E102/><V132/><F127/><N who="0" m="48650" /><D22/><U32/><E32/><V117/><F117/><W24/><G3/><T28/><D28/><U75/><E128/><V68/><F68/><W129/><G34/><T20/><D20/><U62/><E75/><N who="0" m="28681" /><D18/><AGARI ba="1,1" hai="9,15,18,26,29,33,92,93,132,133,135" m="38295" machi="18" ten="30,1000,0" yaku="20,1" doraHai="2" who="2" fromWho="0" sc="281,-13,404,0,199,23,106,0" owari="268,7.0,404,50.0,222,-18.0,106,-39.0" /></mjloggm>