<mjloggm ver="2.3"><GO type="41" lobby="0"/><UN n0="%6A%72%35%32%73" n1="%E5%B0%B1%E6%B4%BB%E7%94%9F%40%E5%B7%9D%E6%9D%91%E8%BB%8D%E5%9B%A3" n2="%77%78%79%7A" n3="%6B%75%67%6B%75%66%79%6A" dan="13,15,15,14" rate="1808.90,1997.26,1991.89,1909.83" sx="M,M,M,M"/><TAIKYOKU oya="0"/><INIT seed="0,0,0,5,3,130" ten="250,250,250,250" oya="0" hai0="44,94,122,117,29,111,76,92,79,87,101,119,85" hai1="67,14,114,52,86,65,105,12,133,17,39,30,15" hai2="64,41,31,33,109,18,40,23,34,66,60,35,28" hai3="121,46,123,47,82,129,61,116,70,43,107,128,75"/><T97/><D29/><U22/><E39/><V81/><F109/><W37/><G107/><N who="0" m="63919" /><D44/><U96/><E114/><V9/><F81/><W57/><G75/><T108/><D122/><N who="3" m="46601" /><G82/><T83/><D119/><U56/><E30/><V6/><F31/><W45/><G116/><T80/><D117/><U2/><E2/><V11/><F64/><N who="3" m="38959" /><G70/><T8/><D8/><U51/><E67/><V131/><F131/><AGARI ba="0,0" hai="37,43,45,46,47,128,129,131" m="38959,46601" machi="131" ten="30,7700,0" yaku="19,1,13,1,34,2" doraHai="130" who="3" fromWho="2" sc="250,0,250,0,250,-77,250,77" /><INIT seed="1,0,0,5,2,77" ten="250,250,173,327" oya="1" hai0="33,27,86,103,56,88,95,20,30,65,111,21,37" hai1="83,61,127,70,119,9,90,113,130,101,24,75,50" hai2="42,114,6,107,25,69,109,4,80,118,123,19,97" hai3="57,91,79,66,105,32,67,60,106,89,5,121,108"/><U115/><E119/><V87/><F123/><W53/><G108/><T23/><D37/><U11/><E101/><V12/><F118/><W102/><G121/><T68/><D111/><U47/><E127/><V73/><F114/><W117/><G117/><T98/><D68/><U134/><E134/><V18/><F69/><W82/><G32/><T22/><D33/><U15/><E130/><V8/><F73/><W45/><G5/><T17/><D65/><U43/><E24/><V81/><F109/><W59/><G45/><T94/><REACH who="0" step="1"/><D56/><REACH who="0" ten="240,250,173,327" step="2"/><U2/><E70/><V64/><F64/><W104/><G67/><T13/><AGARI ba="0,1" hai="13,17,20,21,22,23,27,30,86,88,94,95,98,103" machi="13" ten="20,12000,2" yaku="1,1,2,1,0,1,7,1,8,1,54,1,53,0" doraHai="77" doraHaiUra="29" who="0" fromWho="0" sc="240,130,250,-60,173,-30,327,-30" /><INIT seed="2,0,0,5,0,87" ten="370,190,143,297" oya="2" hai0="23,11,99,1,0,65,42,39,40,29,101,95,113" hai1="76,13,64,86,46,58,51,31,93,94,119,124,68" hai2="81,73,134,50,91,36,128,98,71,80,10,59,27" hai3="66,104,15,72,75,126,17,5,7,25,63,96,121"/><V14/><F71/><W109/><G109/><T20/><D113/><U111/><E119/><V32/><F36/><W53/><G121/><T6/><D65/><U77/><E68/><V112/><F112/><W103/><G126/><T82/><D1/><U79/><E111/><V84/><F32/><W85/><G53/><T102/><D82/><U131/><E131/><V123/><F123/><W12/><G25/><T78/><D78/><U30/><E124/><V45/><F128/><W135/><G135/><T60/><D60/><U107/><E107/><V35/><F134/><W8/><G85/><T54/><D39/><U52/><E13/><V108/><F108/><W117/><G117/><T33/><D33/><U28/><E86/><V133/><F133/><W130/><G130/><T70/><D70/><U118/><E118/><V115/><F115/><W114/><G114/><T9/><D9/><U44/><E44/><V105/><F73/><W48/><G48/><T74/><D74/><U24/><E24/><V18/><F105/><W116/><G116/><T97/><D29/><U67/><E67/><V49/><F35/><W19/><G19/><T3/><D3/><U132/><E132/><V22/><F98/><W55/><G55/><T62/><D40/><U41/><REACH who="1" step="1"/><E64/><REACH who="1" ten="370,180,143,297" step="2"/><V106/><F106/><W38/><G66/><T83/><D0/><U110/><E110/><V26/><F80/><W2/><G104/><T100/><D83/><U4/><E4/><V127/><F127/><W37/><G7/><T57/><D6/><U88/><E88/><V47/><F27/><W90/><G90/><RYUUKYOKU ba="0,1" sc="370,-10,180,30,143,-10,297,-10" hai1="28,30,31,41,46,51,52,58,76,77,79,93,94" /><INIT seed="3,1,1,3,5,133" ten="360,210,133,287" oya="3" hai0="61,99,127,97,131,50,13,79,7,132,3,96,11" hai1="18,117,66,87,109,8,90,31,69,116,15,44,21" hai2="77,48,64,74,95,55,128,30,89,93,4,81,91" hai3="125,27,111,33,59,110,24,101,40,75,98,56,124"/><W42/><G75/><T68/><D132/><U115/><E115/><V29/><F128/><W134/><G134/><T129/><D79/><U14/><E109/><N who="3" m="41482" /><G33/><T32/><D32/><U70/><E44/><V54/><F64/><W36/><G36/><T9/><D50/><U76/><E76/><V121/><F4/><W19/><G19/><T72/><D72/><U58/><E58/><N who="3" m="22058" /><G27/><T60/><D68/><U78/><E78/><V37/><F37/><W17/><G17/><T16/><REACH who="0" step="1"/><D127/><REACH who="0" ten="350,210,133,287" step="2"/><N who="3" m="48713" /><G24/><T57/><D57/><U38/><E38/><V34/><F34/><W20/><G20/><T25/><D25/><U85/><E21/><V67/><F29/><W102/><G98/><T126/><D126/><U94/><E31/><V52/><F30/><W43/><AGARI ba="1,2" hai="40,42,43,101,102" m="48713,22058,41482" machi="43" ten="40,24000,3" yaku="28,2,14,1,10,1,18,1,52,3" doraHai="133" who="3" fromWho="3" sc="350,-81,210,-81,133,-81,287,263" /><INIT seed="3,2,0,2,5,84" ten="269,129,52,550" oya="3" hai0="21,92,98,48,32,66,130,132,22,45,67,77,74" hai1="117,109,15,116,49,131,125,50,69,70,96,25,6" hai2="20,95,16,37,80,56,62,64,106,52,93,97,13" hai3="14,83,91,112,35,123,120,29,68,134,85,24,57"/><W38/><G68/><N who="1" m="26218" /><E25/><V100/><F37/><W114/><G38/><T79/><D32/><U42/><E6/><V105/><F64/><W61/><G134/><T59/><D132/><U107/><E15/><V94/><F105/><W33/><G14/><T108/><D108/><U5/><E5/><V10/><F80/><W36/><G36/><T104/><D104/><U39/><E96/><V11/><AGARI ba="2,0" hai="10,11,13,16,20,52,56,62,93,94,95,97,100,106" machi="11" ten="30,4000,0" yaku="0,1,54,2" doraHai="84" who="2" fromWho="2" sc="269,-12,129,-12,52,46,550,-22" /><INIT seed="4,0,0,0,3,121" ten="257,117,98,528" oya="0" hai0="30,2,96,129,46,21,44,114,107,83,11,56,5" hai1="59,18,110,31,67,68,64,101,111,60,19,65,128" hai2="89,45,26,23,47,85,32,88,0,100,124,36,86" hai3="15,50,76,94,79,43,84,135,113,87,20,70,13"/><T127/><D129/><U4/><E128/><V63/><F32/><W130/><G70/><T117/><D117/><U1/><E101/><V29/><F0/><W38/><G38/><T16/><D127/><U119/><E119/><V132/><F124/><W39/><G39/><T73/><D114/><U6/><E31/><V62/><F100/><W8/><G130/><T77/><D30/><U40/><E40/><V33/><F132/><W91/><G135/><T99/><D56/><U55/><E68/><V105/><F105/><W34/><G34/><T66/><D66/><U9/><REACH who="1" step="1"/><E6/><REACH who="1" ten="257,107,98,528" step="2"/><V35/><F35/><W61/><G113/><T102/><REACH who="0" step="1"/><D99/><REACH who="0" ten="247,107,98,528" step="2"/><U133/><E133/><V42/><F33/><W14/><G43/><T95/><D95/><U81/><E81/><V71/><F71/><W122/><G94/><T12/><AGARI ba="0,2" hai="2,5,11,12,16,21,44,46,73,77,83,96,102,107" machi="12" ten="20,7800,0" yaku="1,1,0,1,7,1,54,1,53,0" doraHai="121" doraHaiUra="123" who="0" fromWho="0" sc="247,98,107,-26,98,-26,528,-26" /><INIT seed="4,1,0,1,2,44" ten="345,81,72,502" oya="0" hai0="0,1,127,67,62,76,86,90,39,66,116,7,2" hai1="95,54,98,12,29,36,126,26,18,14,51,41,80" hai2="31,6,59,17,23,5,82,105,47,34,134,42,129" hai3="37,60,15,57,8,40,24,96,106,88,122,27,112"/><T52/><D39/><U110/><E110/><V58/><F105/><W108/><G108/><T107/><D107/><U104/><E104/><V46/><F134/><W94/><G112/><T38/><D38/><U45/><E126/><V131/><F34/><W3/><G3/><T111/><D116/><U120/><E120/><V77/><F31/><W119/><G119/><T16/><D127/><U11/><E14/><N who="2" m="9655" /><F58/><W70/><G70/><T115/><D111/><U30/><E80/><V68/><F59/><W92/><G106/><T71/><D115/><U83/><E26/><V73/><F68/><W79/><G79/><T65/><D76/><U21/><E21/><V91/><F46/><W97/><G40/><T109/><D109/><U33/><E33/><V125/><F91/><N who="3" m="55327" /><G37/><T49/><D7/><U102/><E41/><V84/><F125/><W69/><G69/><T99/><D71/><U9/><E9/><V135/><F135/><W74/><G74/><T78/><D62/><U35/><E35/><V10/><F73/><W22/><G22/><T48/><D2/><U101/><E36/><V72/><F72/><W81/><G81/><N who="0" m="47415" /><D1/><U123/><E123/><V50/><F5/><N who="3" m="3471" /><G122/><T61/><D0/><U85/><E102/><V117/><F117/><W56/><G56/><N who="0" m="34951" /><D16/><U93/><E93/><AGARI ba="1,0" hai="48,49,65,66,67,90,93,99" m="34951,47415" machi="93" ten="30,11600,0" yaku="8,1,52,2,54,1" doraHai="44" who="0" fromWho="1" sc="345,119,81,-119,72,0,502,0" owari="464,26.0,-38,-54.0,72,-33.0,502,61.0" /></mjloggm>