<mjloggm ver="2.3"><GO type="41" lobby="0"/><UN n0="%E5%B0%8F%E8%B5%B0%E5%85%88%E8%BC%A9" n1="%E5%B0%B1%E6%B4%BB%E7%94%9F%40%E5%B7%9D%E6%9D%91%E8%BB%8D%E5%9B%A3" n2="%E3%82%8F%E3%82%89%E3%81%B3%E3%82%82%E3%81%A1" n3="%54%53%55%42%41%53%41" dan="15,16,14,15" rate="1999.11,2068.66,1969.43,2066.26" sx="F,M,M,M"/><TAIKYOKU oya="0"/><INIT seed="0,0,0,1,0,109" ten="250,250,250,250" oya="0" hai0="135,70,69,110,30,5,18,10,74,33,80,26,60" hai1="117,82,85,127,92,45,126,54,3,102,129,98,119" hai2="48,123,36,133,57,14,122,7,100,114,23,1,51" hai3="108,75,91,41,46,67,101,19,94,11,107,12,134"/><T40/><D135/><U38/><E3/><V81/><F1/><W96/><G134/><T130/><D130/><U103/><E38/><V13/><F36/><W42/><G108/><T28/><D110/><U24/><E24/><V34/><F34/><W95/><G75/><T43/><D28/><U90/><E45/><V76/><F133/><W116/><G116/><N who="1" m="44618" /><E54/><V118/><F118/><W32/><G32/><T16/><D74/><U111/><E111/><V124/><F123/><W78/><G78/><T106/><D106/><U128/><E103/><V132/><F132/><W17/><G107/><T79/><D69/><U84/><E84/><V61/><F122/><W113/><G113/><T71/><D71/><U47/><E47/><V65/><F114/><W63/><G17/><T77/><D77/><U55/><E55/><V68/><F68/><W121/><G121/><T58/><D70/><U88/><E102/><V73/><F100/><W62/><G67/><T89/><D89/><U35/><E35/><V21/><F7/><W104/><G104/><T4/><D4/><U97/><E97/><V72/><F72/><W9/><G9/><T15/><D80/><U64/><E64/><V37/><F37/><W131/><G131/><AGARI ba="0,0" hai="82,85,88,90,92,98,126,127,128,129,131" m="44618" machi="131" ten="30,7700,0" yaku="19,1,34,2,54,1" doraHai="109" who="1" fromWho="3" sc="250,0,250,77,250,0,250,-77" /><INIT seed="1,0,0,5,1,81" ten="250,327,250,173" oya="1" hai0="72,135,10,101,39,11,50,94,48,65,121,103,89" hai1="97,22,43,85,102,130,120,19,131,105,49,127,91" hai2="80,2,109,15,115,21,26,37,78,114,3,31,128" hai3="34,62,0,99,116,18,126,40,106,29,125,32,54"/><U1/><E120/><V56/><F37/><W82/><G40/><T119/><D119/><U113/><E1/><V41/><F41/><W12/><G82/><T134/><D39/><U70/><E70/><V20/><F56/><W79/><G79/><T93/><D72/><U90/><E113/><N who="2" m="43019" /><F128/><W83/><G83/><T63/><D63/><U17/><E127/><V58/><F58/><W84/><G54/><T36/><D36/><U86/><E43/><V44/><F44/><W87/><G62/><T111/><D65/><U27/><E49/><N who="0" m="19049" /><D111/><U66/><E66/><V51/><F51/><W88/><G0/><T118/><D118/><U132/><E132/><N who="0" m="50729" /><D121/><U67/><E67/><V14/><F109/><W60/><G60/><T7/><D7/><U46/><E46/><V117/><F117/><W57/><G57/><T33/><D33/><U61/><E61/><V42/><F42/><W96/><G116/><T24/><D24/><U16/><E91/><V68/><F68/><W133/><G133/><T59/><D59/><U52/><E52/><V6/><F80/><W23/><G29/><T76/><D76/><U71/><E71/><V112/><F78/><W74/><G74/><T95/><D89/><U77/><E77/><V64/><F64/><W8/><G32/><T98/><D98/><U45/><E45/><V69/><F69/><W107/><G34/><T5/><D5/><U129/><E90/><V124/><F124/><N who="3" m="47723" /><G99/><T75/><D75/><U30/><AGARI ba="0,0" hai="16,17,19,22,27,30,85,86,97,102,105,129,130,131" machi="30" ten="40,12000,1" yaku="0,1,19,1,52,2,54,1" doraHai="81" who="1" fromWho="1" sc="250,-40,327,120,250,-40,173,-40" /><INIT seed="1,1,0,1,0,70" ten="210,447,210,133" oya="1" hai0="119,131,39,55,76,4,115,81,99,126,77,25,84" hai1="3,44,27,69,123,63,57,128,30,96,91,28,48" hai2="29,85,52,98,133,71,50,102,124,90,86,34,72" hai3="23,36,75,117,73,100,79,111,54,80,93,51,134"/><U107/><E3/><V24/><F72/><W16/><G117/><T58/><D119/><U114/><E123/><V108/><F71/><W21/><G111/><T97/><D115/><U87/><E69/><V41/><F41/><W78/><G134/><T31/><D4/><U129/><E114/><V62/><F133/><W12/><G36/><T127/><D77/><U120/><E120/><V32/><F32/><W49/><G49/><T15/><D15/><U5/><E5/><V95/><F108/><W110/><G110/><T7/><D7/><U60/><E107/><V45/><F124/><N who="0" m="47658" /><D131/><N who="1" m="50251" /><E96/><V118/><F118/><W104/><G104/><T11/><D11/><U130/><E130/><V113/><F113/><W74/><G78/><T0/><D0/><U13/><E13/><V19/><F62/><N who="1" m="23593" /><E57/><V17/><REACH who="2" step="1"/><F85/><REACH who="2" ten="210,447,200,133" step="2"/><W67/><G74/><T135/><D135/><U53/><E27/><V35/><F35/><W82/><G75/><T109/><D109/><U101/><E101/><V66/><F66/><W38/><G67/><T26/><D25/><U122/><E122/><V65/><F65/><W10/><G73/><T112/><D112/><U46/><E87/><V6/><F6/><W92/><G100/><T61/><D99/><U89/><E53/><V64/><F64/><W8/><G54/><T68/><D97/><U105/><E105/><AGARI ba="1,1" hai="17,19,24,29,34,45,50,52,86,90,95,98,102,105" machi="105" ten="30,7700,0" yaku="1,1,7,1,54,1,53,1" doraHai="70" doraHaiUra="88" who="2" fromWho="1" sc="210,0,447,-80,200,90,133,0" /><INIT seed="2,0,0,5,2,72" ten="210,367,290,133" oya="2" hai0="126,37,9,79,135,120,25,23,68,105,16,26,75" hai1="43,112,50,121,38,12,93,127,89,39,124,98,30" hai2="125,5,55,54,76,32,49,77,61,6,122,52,131" hai3="33,3,22,84,73,86,95,97,46,53,101,94,111"/><V115/><F122/><W21/><G33/><T129/><D120/><U104/><E112/><V118/><F115/><W96/><G3/><T48/><D37/><U85/><E121/><V123/><F118/><W19/><G73/><T20/><D105/><U133/><E133/><V82/><F123/><W90/><G111/><T14/><D68/><U45/><E30/><V81/><F32/><W34/><G34/><T116/><D116/><U99/><E12/><V27/><F131/><W10/><G10/><T109/><D109/><U88/><E104/><V114/><F114/><W71/><G71/><T47/><D126/><N who="1" m="48171" /><E99/><V107/><F107/><W42/><G53/><N who="2" m="20585" /><F125/><W102/><G90/><T29/><D135/><U67/><E67/><V13/><F27/><W36/><REACH who="3" step="1"/><G22/><REACH who="3" ten="210,367,290,123" step="2"/><T74/><D129/><U100/><E100/><V106/><F106/><W119/><G119/><T59/><D75/><U56/><E56/><N who="2" m="32879" /><F61/><W35/><G35/><T40/><D59/><U64/><E64/><V17/><F5/><W69/><G69/><T132/><D132/><U91/><E91/><V8/><F6/><W66/><G66/><T113/><D113/><U24/><E89/><V87/><F82/><W134/><G134/><T63/><D63/><U0/><E0/><V57/><F57/><W31/><G31/><N who="0" m="17831" /><D74/><U117/><E117/><V1/><F1/><W15/><AGARI ba="0,1" hai="15,19,21,36,42,46,84,86,94,95,96,97,101,102" machi="15" ten="20,5200,0" yaku="1,1,0,1,7,1,9,1,53,0" doraHai="72" doraHaiUra="58" who="3" fromWho="3" sc="210,-13,367,-13,290,-26,123,62" /><INIT seed="3,0,0,3,4,88" ten="197,354,264,185" oya="3" hai0="4,56,91,25,62,5,59,119,32,50,19,126,15" hai1="70,17,27,104,45,116,31,99,106,85,117,0,53" hai2="123,21,112,51,39,94,54,77,129,115,57,67,7" hai3="46,121,44,96,38,42,108,28,13,133,11,80,128"/><W40/><G121/><T83/><D119/><N who="1" m="45643" /><E70/><V134/><F39/><W23/><G128/><T18/><D126/><U35/><E0/><V84/><F123/><W66/><G133/><T33/><D33/><U124/><E124/><V101/><F134/><W30/><G108/><T72/><D50/><N who="1" m="28879" /><E99/><V47/><F129/><W125/><G125/><T61/><D72/><U69/><E69/><V43/><F77/><W10/><G66/><T52/><D83/><U12/><E85/><V49/><F67/><W34/><G34/><T118/><D118/><U58/><E58/><V135/><F135/><W48/><G80/><T71/><D71/><U65/><E65/><V68/><F68/><W109/><G109/><T86/><D19/><U82/><E82/><V20/><F7/><W76/><G76/><T81/><D25/><U24/><E24/><V14/><F14/><W8/><G96/><T107/><D107/><U26/><E26/><V22/><REACH who="2" step="1"/><F84/><REACH who="2" ten="197,354,254,185" step="2"/><W92/><G13/><T36/><D36/><U110/><E110/><V111/><F111/><W130/><G130/><T1/><D1/><U87/><E87/><V102/><F102/><W29/><REACH who="3" step="1"/><G23/><AGARI ba="0,1" hai="12,17,23,27,31,35,104,106" m="28879,45643" machi="23" ten="30,1000,0" yaku="12,1" doraHai="88" who="1" fromWho="3" sc="197,0,354,20,254,0,185,-10" /><INIT seed="4,0,0,2,2,38" ten="197,374,254,175" oya="0" hai0="18,111,58,49,122,30,117,116,95,44,90,50,115" hai1="1,113,48,68,22,97,77,88,54,92,69,67,114" hai2="130,4,124,89,123,46,103,52,28,5,72,29,104" hai3="83,76,134,35,73,133,6,53,61,63,14,70,121"/><T47/><D122/><U17/><E1/><V57/><F123/><W118/><G35/><T27/><D115/><N who="1" m="44043" /><E77/><V86/><F72/><W101/><G121/><T129/><D129/><U75/><E75/><V102/><F104/><W40/><G118/><T37/><D37/><U85/><E67/><V24/><F130/><W65/><G101/><N who="2" m="38409" /><F124/><W108/><G108/><T128/><D128/><U93/><E93/><N who="2" m="54455" /><F46/><W100/><G100/><T66/><D111/><U20/><E97/><V15/><F24/><W106/><G106/><T109/><D109/><U71/><E17/><V41/><F41/><W112/><G112/><T79/><D79/><U2/><E2/><V10/><F5/><W21/><G40/><N who="0" m="24711" /><D117/><U96/><E96/><V82/><F82/><W78/><G78/><T80/><D116/><U110/><E110/><V126/><F126/><W94/><G94/><T81/><D30/><U120/><E120/><V74/><F74/><W34/><G34/><T19/><D58/><AGARI ba="0,0" hai="20,22,48,54,58,68,69,71,85,88,92" m="44043" machi="58" ten="40,5200,0" yaku="15,1,11,1,54,1" doraHai="38" who="1" fromWho="0" sc="197,-52,374,52,254,0,175,0" /><INIT seed="5,0,0,3,3,110" ten="145,426,254,175" oya="1" hai0="63,104,27,29,50,65,46,134,51,131,45,55,130" hai1="116,112,16,58,31,20,6,115,62,15,38,122,9" hai2="105,118,90,133,109,70,14,39,60,30,33,99,81" hai3="64,4,41,49,88,74,120,34,124,54,26,73,40"/><U22/><E38/><V80/><F39/><W43/><G120/><T61/><D104/><U91/><E122/><V5/><F118/><W100/><G124/><T53/><D29/><U84/><E116/><V19/><F133/><W78/><G78/><T117/><D117/><U83/><E31/><V86/><F109/><W95/><G100/><T59/><D27/><U32/><E32/><V67/><F5/><W106/><G106/><T132/><REACH who="0" step="1"/><D59/><REACH who="0" ten="135,426,254,175" step="2"/><U7/><E112/><V114/><F114/><W93/><G26/><T3/><D3/><U75/><E115/><V2/><F2/><W125/><G34/><T128/><D128/><U107/><E107/><V52/><F30/><W113/><G125/><T108/><D108/><U103/><E75/><V129/><F33/><W111/><G113/><T56/><D56/><U69/><E69/><V85/><F129/><W66/><G111/><T36/><D36/><U23/><REACH who="1" step="1"/><E103/><REACH who="1" ten="135,416,254,175" step="2"/><V21/><F105/><W96/><G74/><T11/><D11/><U28/><E28/><V127/><F127/><W24/><G73/><T97/><D97/><U44/><E44/><V35/><F99/><W18/><G96/><T10/><D10/><U119/><E119/><V92/><F35/><W48/><G24/><T72/><D72/><U0/><E0/><V82/><F70/><W101/><G101/><T123/><D123/><U77/><E77/><V126/><F126/><W76/><G76/><T87/><D87/><U12/><E12/><V1/><F1/><W25/><G25/><T79/><D79/><U135/><E135/><V37/><F85/><RYUUKYOKU ba="0,2" sc="135,15,416,15,254,-15,175,-15" hai0="45,46,50,51,53,55,61,63,65,130,131,132,134" hai1="6,7,9,15,16,20,22,23,58,62,83,84,91" /><INIT seed="5,1,2,0,2,58" ten="150,431,239,160" oya="1" hai0="88,53,47,5,18,116,34,108,12,20,132,65,130" hai1="102,91,95,25,106,38,56,109,92,66,24,69,81" hai2="93,51,120,57,45,22,54,94,52,13,26,63,27" hai3="96,42,104,126,78,84,17,101,14,87,119,72,10"/><U48/><E38/><V6/><F120/><W2/><G126/><T28/><D108/><U74/><E109/><V127/><F127/><W134/><G134/><T41/><D116/><U71/><E71/><V82/><F82/><W43/><G119/><T128/><D132/><U117/><E69/><V90/><F94/><W112/><G112/><T9/><D53/><U21/><E117/><V76/><F76/><W37/><G2/><T29/><D65/><U49/><E106/><V64/><F64/><W0/><G0/><T59/><D59/><U97/><E81/><V75/><F75/><W124/><G124/><T70/><D70/><U36/><E74/><V77/><F77/><W30/><G72/><T118/><D118/><U122/><E36/><V73/><F73/><W50/><G37/><T110/><D110/><U1/><E1/><V114/><F114/><W133/><G133/><T121/><D121/><U89/><E122/><V125/><F125/><W4/><G30/><T61/><D61/><N who="1" m="38183" /><E25/><V80/><F80/><N who="3" m="47127" /><G17/><T11/><D88/><N who="1" m="33867" /><E92/><V67/><F67/><W86/><G42/><T115/><D115/><U39/><E39/><V32/><F32/><W55/><G55/><T85/><D34/><U100/><E100/><V79/><F79/><W113/><G113/><T3/><D3/><U16/><AGARI ba="1,2" hai="16,21,24,48,49,95,97,102" m="33867,38183" machi="16" ten="30,11700,0" yaku="8,1,52,1,54,2" doraHai="58" who="1" fromWho="1" sc="150,-40,431,140,239,-40,160,-40" /><INIT seed="5,2,0,5,0,18" ten="110,571,199,120" oya="1" hai0="55,49,114,123,32,129,97,56,66,58,122,2,6" hai1="74,35,115,99,90,121,69,105,41,59,28,1,31" hai2="118,39,53,16,91,98,78,102,135,126,103,48,17" hai3="8,127,65,19,23,51,43,108,34,3,73,86,92"/><U9/><E69/><V26/><F118/><W83/><G108/><T62/><D32/><U70/><E74/><V107/><F39/><W44/><G34/><T52/><D6/><U106/><E70/><V61/><F135/><W40/><G127/><T110/><D2/><U100/><E115/><V68/><F126/><W4/><G73/><T76/><D76/><U132/><E106/><V27/><F107/><W81/><G65/><T57/><D97/><U111/><E121/><N who="0" m="46089" /><D110/><U50/><E111/><V14/><F68/><W85/><G40/><T24/><D24/><U71/><E71/><V13/><F61/><W77/><G92/><T101/><D101/><U54/><E132/><V29/><F78/><W7/><G3/><T96/><D96/><U131/><E131/><V94/><F29/><W33/><G8/><T25/><D25/><U104/><E104/><V22/><F102/><W79/><G33/><T112/><D129/><U5/><E35/><V37/><F37/><W38/><G38/><T63/><AGARI ba="2,0" hai="49,52,55,56,57,58,62,63,66,112,114" m="46089" machi="63" ten="30,7900,0" yaku="13,1,34,2,54,1" doraHai="18" who="0" fromWho="0" sc="110,85,571,-41,199,-22,120,-22" /><INIT seed="6,0,0,0,2,40" ten="195,530,177,98" oya="2" hai0="16,30,49,86,109,66,70,135,90,19,128,33,0" hai1="26,56,110,127,11,115,32,60,3,80,6,23,103" hai2="113,67,31,87,59,121,72,53,106,7,116,17,130" hai3="52,39,134,68,124,105,42,71,41,83,50,51,4"/><V91/><F116/><W123/><G105/><T100/><D109/><U111/><E32/><V21/><F121/><W76/><G4/><T55/><D0/><U69/><E69/><V29/><F106/><W75/><G75/><T85/><D100/><U112/><E103/><V15/><F72/><W99/><G83/><T88/><D128/><U104/><E104/><V122/><F122/><W24/><G76/><T94/><D135/><U25/><E127/><V93/><F130/><W35/><G24/><N who="1" m="9322" /><E23/><V27/><F113/><N who="1" m="43593" /><E80/><V102/><F102/><W101/><G99/><T132/><D132/><U61/><E61/><N who="2" m="36079" /><F93/><W47/><G101/><T13/><D30/><N who="2" m="11274" /><F67/><AGARI ba="0,0" hai="3,6,11,56,60,67,110,111" m="43593,9322" machi="67" ten="30,1000,0" yaku="15,1" doraHai="40" who="1" fromWho="2" sc="195,0,530,10,177,-10,98,0" /><INIT seed="7,0,0,4,0,26" ten="195,540,167,98" oya="3" hai0="40,50,77,103,1,6,30,3,5,2,93,66,8" hai1="10,96,95,117,54,17,110,114,55,116,0,108,78" hai2="71,81,33,109,64,13,70,82,14,107,7,84,68" hai3="32,74,58,9,111,134,92,67,128,126,11,89,12"/><W113/><G32/><T115/><D30/><U53/><E78/><V85/><F107/><W83/><G111/><T129/><D66/><U16/><E114/><V22/><F109/><N who="1" m="42089" /><E0/><V38/><F38/><W24/><G113/><T20/><D115/><U47/><E47/><V90/><F33/><W27/><G126/><T35/><D129/><U52/><E10/><V56/><F7/><W28/><G128/><T63/><D35/><U59/><E59/><V29/><F56/><W104/><G104/><T21/><D63/><U73/><E55/><V112/><F64/><W125/><G125/><T76/><D3/><U122/><E73/><V106/><F106/><W72/><G134/><T42/><D50/><U34/><E34/><V121/><F121/><W69/><G69/><T132/><D132/><U60/><E60/><V102/><F102/><W48/><G74/><T99/><D8/><U91/><E122/><V23/><F112/><W118/><G118/><AGARI ba="0,0" hai="16,17,52,53,54,91,95,96,116,117,118" m="42089" machi="118" ten="40,5200,0" yaku="12,1,54,2" doraHai="26" who="1" fromWho="3" sc="195,0,540,52,167,0,98,-52" owari="195,0.0,592,68.0,167,-23.0,46,-45.0" /></mjloggm>