<mjloggm ver="2.3"><GO type="97" lobby="0"/><UN n0="%E3%82%89%E3%82%8A%E3%81%8F%E3%81%BE" n1="%E5%B0%B1%E6%B4%BB%E7%94%9F%40%E5%B7%9D%E6%9D%91%E8%BB%8D%E5%9B%A3" n2="%E9%9B%B6%E5%BA%A6" n3="%72%69%2D%63%68%61%6E" dan="14,15,13,14" rate="1955.77,2022.81,1823.93,1902.16" sx="M,M,M,M"/><TAIKYOKU oya="0"/><INIT seed="0,0,0,2,1,25" ten="250,250,250,250" oya="0" hai0="112,79,91,13,28,131,56,121,22,84,63,115,45" hai1="116,109,49,16,14,51,102,2,5,1,94,18,64" hai2="103,119,39,30,96,100,70,98,67,32,9,71,48" hai3="82,76,11,60,8,117,21,15,52,120,133,29,127"/><T83/><D121/><U108/><E116/><V130/><F119/><W129/><G117/><T24/><D131/><U38/><E38/><V44/><F130/><W88/><G120/><T104/><D104/><U41/><E64/><V68/><F39/><W31/><G129/><T69/><D69/><U50/><E41/><V0/><F0/><N who="1" m="105" /><E102/><V126/><F126/><W87/><G76/><T19/><D45/><U55/><E94/><V40/><F9/><N who="3" m="3659" /><G127/><T43/><D43/><U59/><E5/><V110/><F110/><N who="1" m="42601" /><E18/><V72/><F72/><W27/><G133/><T17/><D79/><U107/><E107/><V57/><F57/><N who="3" m="34855" /><G15/><T134/><D134/><U23/><AGARI ba="0,0" hai="14,16,23,49,50,51,55,59" m="42601,105" machi="23" ten="30,2000,0" yaku="14,1,54,1" doraHai="25" who="1" fromWho="1" sc="250,-10,250,20,250,-5,250,-5" /><INIT seed="1,0,0,2,0,16" ten="240,270,245,245" oya="1" hai0="28,38,13,65,75,78,98,6,64,102,134,10,133" hai1="29,56,51,26,101,70,99,91,108,9,66,72,11" hai2="57,62,111,104,53,126,17,135,20,49,41,89,19" hai3="52,71,90,116,58,76,131,12,61,128,109,21,60"/><U119/><E72/><V125/><F111/><W35/><G35/><T25/><D38/><U5/><E119/><V14/><F135/><N who="0" m="51722" /><D78/><U106/><E108/><V93/><F104/><W55/><G109/><T112/><D75/><U85/><E70/><V73/><F73/><W129/><G116/><T88/><D88/><U87/><E87/><V120/><F120/><W24/><G76/><T22/><D112/><U105/><E105/><AGARI ba="0,0" hai="6,10,13,22,25,28,64,65,98,102,105" m="51722" machi="105" ten="30,2000,0" yaku="20,1,52,1" doraHai="16" who="0" fromWho="1" sc="240,20,270,-20,245,0,245,0" /><INIT seed="2,0,0,2,4,55" ten="260,250,245,245" oya="2" hai0="61,117,89,85,134,11,35,59,13,108,8,130,95" hai1="1,127,116,125,24,47,69,132,111,126,115,93,67" hai2="0,71,124,66,17,50,65,23,73,62,72,39,52" hai3="6,76,96,57,21,49,68,56,107,99,128,98,74"/><V45/><F0/><W16/><G68/><T104/><D108/><U37/><E1/><V129/><F129/><W3/><G128/><T36/><D36/><U91/><E111/><V79/><F124/><W14/><G107/><T101/><D35/><U88/><E116/><V75/><F66/><W28/><G28/><T42/><D42/><N who="1" m="22991" /><E115/><V9/><F9/><W82/><G6/><T20/><D134/><U15/><E132/><V22/><F22/><W80/><G3/><T113/><D113/><U90/><E15/><V51/><F51/><W105/><G105/><T48/><D48/><U114/><E114/><V83/><REACH who="2" step="1"/><F39/><REACH who="2" ten="260,250,235,245" step="2"/><W121/><G121/><T27/><D130/><U94/><E24/><AGARI ba="0,1" hai="17,23,24,45,50,52,62,65,71,72,73,75,79,83" machi="24" ten="30,11600,0" yaku="1,1,2,1,7,1,54,1,53,0" doraHai="55" doraHaiUra="29" who="2" fromWho="1" sc="260,0,250,-116,235,126,245,0" /><INIT seed="2,1,0,1,5,130" ten="260,134,361,245" oya="2" hai0="24,64,36,111,43,17,16,126,105,53,28,135,57" hai1="0,44,124,42,69,23,80,123,61,125,128,58,41" hai2="31,106,95,93,33,76,133,89,10,50,108,2,20" hai3="91,75,21,87,114,101,82,90,52,12,45,129,30"/><V29/><F133/><W7/><G75/><T32/><D105/><U51/><E0/><V59/><F106/><W22/><G129/><T67/><D111/><U132/><E23/><V3/><F108/><W39/><G114/><T11/><D126/><N who="1" m="48747" /><E80/><V92/><F76/><W34/><G34/><T70/><D135/><U115/><E115/><V71/><F71/><W8/><G101/><T63/><D11/><U79/><E79/><V110/><F110/><W62/><G39/><T9/><D9/><U15/><E15/><V99/><F33/><W40/><G40/><T72/><D72/><U88/><E88/><N who="3" m="33834" /><G30/><T47/><REACH who="0" step="1"/><D67/><REACH who="0" ten="250,134,361,245" step="2"/><N who="1" m="39351" /><E132/><V73/><F10/><W37/><G37/><T85/><D85/><U121/><E128/><V109/><F73/><W54/><G87/><T38/><D38/><U112/><E112/><V96/><F109/><W131/><G131/><T13/><D13/><U35/><E35/><V19/><F2/><W117/><G12/><T122/><D122/><N who="1" m="46603" /><E69/><V120/><F120/><W49/><G8/><T100/><D100/><U26/><E26/><V113/><F3/><W46/><G7/><T74/><D74/><U14/><E14/><V55/><F113/><W5/><G5/><T84/><D84/><U18/><E18/><V119/><F19/><W98/><G82/><T77/><D77/><U116/><E116/><V102/><F119/><W65/><G117/><T97/><D97/><U68/><E68/><V66/><F99/><W6/><G98/><T103/><D103/><U27/><E27/><V1/><F66/><W48/><G6/><T86/><D86/><RYUUKYOKU ba="1,1" sc="250,10,134,10,361,-30,245,10" hai0="16,17,24,28,32,36,43,47,53,57,63,64,70" hai1="41,42,44,51" hai3="21,22,45,46,48,49,52,54,62,65" /><INIT seed="3,2,1,1,0,57" ten="260,144,331,255" oya="3" hai0="125,89,119,4,128,42,70,109,93,62,41,10,99" hai1="72,61,101,20,78,106,13,31,2,127,100,112,50" hai2="96,91,64,23,102,3,55,16,122,92,115,33,8" hai3="53,121,15,103,12,48,95,40,118,47,63,124,37"/><W46/><G121/><T85/><D119/><U65/><E2/><V32/><F64/><W45/><G118/><T68/><D109/><U6/><E112/><V7/><F115/><W54/><G124/><T135/><D135/><U98/><E127/><V76/><F76/><W21/><G21/><T107/><D128/><U126/><E126/><V5/><F122/><W134/><G134/><T132/><D132/><U38/><E38/><V113/><F7/><W88/><G103/><T25/><D25/><U75/><E101/><V59/><F102/><W80/><G80/><T81/><D107/><U131/><E131/><V111/><F111/><W51/><G63/><T114/><D70/><U26/><E78/><V73/><F73/><W36/><G37/><T9/><D9/><U28/><E28/><V56/><F113/><W108/><G108/><T11/><D11/><U105/><E105/><V44/><F33/><W117/><G117/><T1/><D114/><U104/><E104/><V77/><F77/><W130/><G130/><T67/><REACH who="0" step="1"/><D125/><REACH who="0" ten="250,144,331,255" step="2"/><U94/><E106/><V82/><F8/><W43/><G40/><T116/><D116/><U129/><E129/><V87/><F3/><W52/><G54/><T30/><D30/><U90/><E100/><AGARI ba="2,2" hai="1,4,10,41,42,62,67,68,81,85,89,93,99,100" machi="100" ten="30,3900,0" yaku="1,1,7,1,52,1,53,0" doraHai="57" doraHaiUra="123" who="0" fromWho="1" sc="250,65,144,-45,331,0,255,0" owari="315,12.0,99,-40.0,331,42.0,255,-14.0" /></mjloggm>