<mjloggm ver="2.3"><GO type="41" lobby="0"/><UN n0="%E5%BE%A1%E5%9D%82%E7%90%B4%E7%BE%8E" n1="%44%4B%2D%39%35" n2="%E3%81%BF%E3%82%8A%EF%BC%8B" n3="%E5%B0%B1%E6%B4%BB%E7%94%9F%40%E5%B7%9D%E6%9D%91%E8%BB%8D%E5%9B%A3" dan="14,14,15,14" rate="1905.89,1940.62,1935.18,1974.41" sx="F,F,M,M"/><TAIKYOKU oya="0"/><INIT seed="0,0,0,2,3,78" ten="250,250,250,250" oya="0" hai0="121,30,119,52,6,134,38,95,1,15,103,34,68" hai1="42,74,17,47,72,3,117,39,20,73,4,93,77" hai2="83,99,124,123,55,24,98,33,13,11,132,23,115" hai3="135,129,25,27,101,7,57,111,32,106,58,82,89"/><T43/><D121/><U122/><E122/><V10/><F115/><W19/><G7/><T54/><D119/><U116/><E93/><V5/><F33/><W41/><G41/><T133/><D68/><U118/><E17/><V2/><F123/><W65/><G65/><T45/><D1/><U91/><E20/><V90/><F132/><N who="0" m="50794" /><D34/><U100/><E100/><V50/><F124/><W87/><G129/><T56/><D30/><U21/><E91/><V127/><F127/><W71/><G71/><T94/><D56/><U114/><E21/><V64/><F64/><W130/><G130/><T107/><D107/><U84/><E84/><N who="2" m="50463" /><F11/><W125/><G125/><T12/><D6/><U96/><E96/><V92/><F92/><N who="0" m="35370" /><D103/><U9/><REACH who="1" step="1"/><E114/><REACH who="1" ten="250,240,250,250" step="2"/><V44/><F2/><W85/><G101/><T51/><D38/><U126/><E126/><V63/><F98/><W109/><G135/><T35/><D35/><U36/><E36/><V40/><F99/><W112/><G112/><T60/><D60/><U76/><AGARI ba="0,1" hai="3,4,9,39,42,47,72,73,74,76,77,116,117,118" machi="76" ten="40,5200,0" yaku="1,1,0,1,53,1" doraHai="78" doraHaiUra="70" who="1" fromWho="1" sc="250,-26,240,62,250,-13,250,-13" /><INIT seed="1,0,0,2,1,83" ten="224,302,237,237" oya="1" hai0="74,5,114,104,130,19,101,119,11,118,44,21,99" hai1="53,65,15,122,3,97,127,25,120,17,113,75,76" hai2="96,117,100,55,54,134,90,45,132,91,82,10,72" hai3="133,80,131,37,48,14,40,18,23,111,58,36,87"/><U68/><E3/><V128/><F117/><W13/><G111/><T43/><D114/><U92/><E113/><V34/><F34/><W71/><G71/><T1/><D130/><U95/><E127/><V85/><F72/><W4/><G133/><N who="2" m="51305" /><F128/><W6/><G131/><T47/><D47/><U98/><E76/><N who="2" m="46279" /><F10/><W84/><G37/><T125/><D125/><U32/><E75/><V24/><F24/><W60/><G36/><T102/><D102/><U112/><E112/><V31/><F31/><W56/><G80/><T93/><D74/><U123/><E65/><V105/><F45/><N who="3" m="25639" /><G56/><T124/><D124/><U73/><E68/><V57/><F55/><N who="3" m="33887" /><G14/><T94/><D104/><U50/><E73/><V69/><F69/><W63/><G63/><AGARI ba="0,0" hai="54,57,63,90,91,96,100,105" m="46279,51305" machi="63" ten="30,2000,0" yaku="20,1,52,1" doraHai="83" who="2" fromWho="3" sc="224,0,302,0,237,20,237,-20" /><INIT seed="2,0,0,4,3,12" ten="224,302,257,217" oya="2" hai0="68,14,0,81,43,50,71,49,89,88,53,59,63" hai1="13,51,2,42,122,54,83,110,26,21,8,101,87" hai2="11,74,55,36,66,80,123,108,47,56,48,127,37" hai3="38,79,118,132,85,93,75,20,25,19,134,116,9"/><V30/><F30/><W128/><G38/><T84/><D0/><U15/><E122/><V62/><F11/><W69/><G69/><T131/><D131/><U58/><E110/><V18/><F123/><W6/><G75/><T109/><D109/><U73/><E101/><V126/><F108/><W22/><G79/><T106/><D106/><U40/><E73/><V31/><F31/><N who="3" m="17831" /><G93/><T135/><D135/><N who="3" m="51753" /><G85/><T121/><D121/><U1/><E13/><V32/><F32/><W10/><G128/><T103/><D103/><U78/><E2/><V4/><F4/><W114/><G114/><T95/><D43/><U104/><E1/><V115/><F115/><W3/><G10/><T35/><D35/><U100/><E100/><V77/><F18/><W7/><G6/><T70/><REACH who="0" step="1"/><D14/><AGARI ba="0,0" hai="3,7,9,14,19,22,116,118" m="51753,17831" machi="14" ten="30,7700,0" yaku="20,1,34,2,52,1" doraHai="12" who="3" fromWho="0" sc="224,-77,302,0,257,0,217,77" /><INIT seed="3,0,0,2,1,99" ten="147,302,257,294" oya="3" hai0="49,125,20,14,53,123,90,79,26,52,41,69,3" hai1="47,86,76,88,24,37,0,105,42,100,120,93,65" hai2="59,95,68,135,73,38,84,113,29,128,129,92,19" hai3="2,81,10,39,119,22,117,58,82,7,45,31,34"/><W60/><G34/><T101/><D123/><U30/><E0/><V1/><F73/><W17/><G31/><T63/><D3/><U18/><E120/><V13/><F68/><W36/><G82/><T32/><D32/><U80/><E18/><V91/><F113/><W96/><G81/><T11/><D125/><U64/><E24/><V108/><F38/><W98/><G98/><T110/><D110/><U112/><E30/><V109/><F135/><W48/><G39/><T118/><D118/><U8/><E8/><V103/><F59/><W44/><G36/><T131/><D131/><N who="2" m="50250" /><F29/><W40/><G96/><T23/><D79/><U134/><E134/><V57/><F57/><W111/><G45/><T115/><D115/><U43/><E43/><V116/><F116/><W74/><G74/><T33/><D33/><U83/><E83/><V12/><F1/><W62/><G62/><T61/><D69/><U54/><E54/><V21/><F13/><W114/><G114/><T67/><D101/><U72/><E112/><V77/><F77/><W133/><G133/><T15/><D41/><U5/><E5/><V107/><F107/><W9/><G9/><T35/><D35/><U46/><E46/><V102/><F95/><W25/><REACH who="3" step="1"/><G111/><AGARI ba="0,0" hai="12,19,21,84,91,92,102,103,108,109,111" m="50250" machi="111" ten="30,7700,0" yaku="14,1,19,1,52,2" doraHai="99" who="2" fromWho="3" sc="147,0,302,0,257,77,294,-77" /><INIT seed="4,0,0,0,3,104" ten="147,302,334,217" oya="0" hai0="32,26,91,16,90,15,76,56,95,66,77,129,75" hai1="116,126,117,33,102,42,57,25,93,11,9,49,113" hai2="14,135,46,7,74,1,30,3,132,54,101,94,121" hai3="99,134,100,13,44,133,64,106,86,28,48,68,2"/><T72/><D129/><U20/><E33/><V51/><F121/><W22/><G2/><T43/><D43/><U125/><E113/><V78/><F30/><W35/><G86/><T37/><D37/><U24/><E116/><V103/><F14/><W120/><G120/><T107/><D32/><U69/><E69/><V17/><F17/><W63/><G22/><T39/><D39/><U4/><E117/><V61/><F61/><W45/><G13/><T97/><D26/><U85/><E25/><V21/><F21/><W47/><G48/><T65/><D56/><U123/><E123/><V50/><F50/><W127/><G127/><T73/><D107/><U131/><E131/><V98/><F103/><W70/><REACH who="3" step="1"/><G68/><REACH who="3" ten="147,302,334,207" step="2"/><T92/><D15/><N who="1" m="5543" /><E125/><V119/><F119/><W82/><G82/><T31/><D31/><U62/><E126/><V79/><F1/><W8/><G8/><T55/><D16/><U124/><E11/><V88/><F3/><W89/><G89/><T83/><D55/><U19/><E124/><V12/><F12/><W84/><G84/><N who="0" m="50463" /><D66/><U29/><E19/><V52/><F54/><W10/><G10/><T27/><D65/><U36/><E36/><V118/><F118/><W5/><G5/><T18/><D18/><U115/><E29/><V6/><F6/><W96/><G96/><N who="0" m="57375" /><D27/><AGARI ba="0,1" hai="27,28,35,44,45,47,63,64,70,99,100,106,133,134" machi="27" ten="40,5200,0" yaku="1,1,25,2,53,0" doraHai="104" doraHaiUra="34" who="3" fromWho="0" sc="147,-52,302,0,334,0,207,62" /><INIT seed="5,0,0,5,1,19" ten="95,302,334,269" oya="1" hai0="130,30,116,112,94,100,24,17,34,42,23,65,29" hai1="10,37,126,131,75,82,110,84,22,81,16,40,89" hai2="123,98,13,99,124,83,0,4,55,36,113,92,62" hai3="2,43,38,118,25,64,122,41,60,120,111,53,33"/><U46/><E126/><V73/><F36/><W31/><G2/><T135/><D116/><U96/><E110/><V134/><F0/><W52/><G111/><T86/><D112/><U21/><E131/><V79/><F123/><W9/><G118/><T45/><D130/><U69/><E69/><V77/><F4/><W76/><G76/><T6/><D135/><U7/><E96/><V117/><F13/><W27/><G9/><T56/><D86/><U66/><E66/><V12/><F12/><W97/><G97/><T63/><D6/><U28/><E28/><V104/><F55/><W68/><G27/><T1/><D1/><N who="1" m="367" /><E16/><V114/><F62/><W5/><G5/><T129/><D129/><U58/><E58/><V59/><F59/><W72/><G72/><T78/><D78/><AGARI ba="0,0" hai="21,22,37,40,46,75,78,81,82,84,89" m="367" machi="78" ten="30,5800,0" yaku="25,1,52,2" doraHai="19" who="1" fromWho="0" sc="95,-58,302,58,334,0,269,0" /><INIT seed="5,1,0,4,0,121" ten="37,360,334,269" oya="1" hai0="70,82,4,126,107,27,66,73,24,45,71,131,39" hai1="120,135,25,64,76,3,36,61,132,80,50,106,104" hai2="30,103,21,26,129,52,32,119,9,88,37,14,40" hai3="63,49,55,87,46,127,20,41,68,23,8,19,83"/><U97/><E120/><V95/><F129/><W98/><G127/><T130/><D107/><U28/><E50/><V113/><F119/><W53/><G68/><T44/><D126/><U18/><E18/><V38/><F103/><W122/><G122/><T134/><D4/><U69/><E36/><V47/><F113/><W115/><G115/><T62/><D134/><U42/><E42/><V35/><F38/><W89/><G98/><T90/><D73/><U11/><E106/><V77/><F77/><W94/><G94/><T5/><D5/><U78/><E76/><V33/><F52/><N who="3" m="20043" /><G63/><T101/><D101/><U58/><E58/><V102/><F102/><W6/><G6/><T31/><D71/><U13/><E13/><AGARI ba="1,0" hai="8,13,19,20,23,41,46,49,83,87,89" m="20043" machi="13" ten="30,2000,0" yaku="8,1,54,1" doraHai="121" who="3" fromWho="1" sc="37,0,360,-23,334,0,269,23" /><INIT seed="6,0,0,4,1,20" ten="37,337,334,292" oya="2" hai0="14,31,91,12,80,42,34,7,54,132,94,89,79" hai1="47,87,22,26,74,126,85,1,78,83,15,123,0" hai2="37,30,120,52,92,135,119,44,36,96,55,63,32" hai3="16,18,72,116,81,39,106,134,9,49,105,6,113"/><V108/><F120/><W61/><G39/><T40/><D132/><U33/><E123/><V115/><F119/><W104/><G134/><T77/><D7/><U86/><E126/><V70/><F135/><W4/><G116/><T62/><D34/><U99/><E33/><V46/><F115/><W24/><G113/><T43/><D31/><U101/><E15/><V111/><F32/><W84/><G72/><T23/><D62/><U67/><E47/><N who="2" m="17963" /><F30/><W76/><G49/><T45/><D54/><N who="2" m="20522" /><F92/><W129/><G129/><T103/><D45/><U21/><E21/><V11/><F11/><W97/><G97/><T127/><D127/><U118/><E118/><V124/><F96/><W69/><G61/><T131/><D131/><U3/><E67/><N who="2" m="41343" /><F124/><W121/><G69/><T56/><D23/><U107/><E74/><V112/><F112/><W122/><G6/><T65/><D103/><U53/><E86/><V100/><F100/><W75/><G75/><T13/><D94/><U68/><E87/><V64/><F64/><W10/><G10/><T48/><D65/><U28/><E3/><V102/><F102/><W27/><G121/><T41/><D80/><U133/><E133/><V59/><F59/><W38/><G122/><T8/><D56/><U25/><E1/><V35/><F35/><W82/><G82/><T5/><N who="0" m="10752" /><DORA hai="93" /><T88/><D5/><U58/><E0/><V95/><F95/><W29/><G4/><T90/><N who="0" m="23040" /><DORA hai="2" /><T130/><D130/><U110/><E28/><V51/><F51/><W128/><G128/><T66/><D66/><U125/><E125/><RYUUKYOKU ba="0,0" sc="37,-10,337,-10,334,30,292,-10" hai2="36,37,108,111" /><INIT seed="6,1,0,0,4,48" ten="27,327,364,282" oya="2" hai0="97,118,17,90,41,126,75,130,1,61,88,105,129" hai1="71,91,121,117,109,16,51,37,85,50,31,13,33" hai2="12,22,42,25,123,128,34,107,15,67,10,113,9" hai3="83,49,122,60,5,27,0,92,74,76,32,116,114"/><V3/><F107/><W56/><G116/><T73/><D118/><U44/><E117/><V125/><F67/><W103/><G122/><T39/><D1/><U127/><E121/><V87/><F42/><W53/><G114/><T98/><D39/><U135/><E71/><V112/><F123/><W20/><G32/><T4/><D41/><U7/><E109/><V2/><F87/><W100/><G92/><T54/><D4/><U40/><E127/><V45/><F45/><W72/><G72/><N who="0" m="27723" /><D17/><U62/><E7/><N who="2" m="3135" /><F34/><W65/><G5/><T134/><D61/><U79/><E79/><V108/><F125/><W6/><G6/><T84/><D126/><U52/><E31/><N who="2" m="17847" /><F108/><W104/><G104/><T64/><D64/><U24/><E24/><V70/><F70/><W115/><G115/><N who="2" m="44105" /><F128/><N who="0" m="49258" /><D105/><U8/><E33/><V55/><F55/><W77/><G0/><T82/><D54/><U81/><E62/><V36/><F36/><W111/><G111/><T63/><D63/><U95/><E37/><V68/><F68/><W21/><G76/><T38/><D38/><U26/><E50/><V94/><F94/><W66/><G66/><T43/><D43/><U106/><E40/><V99/><F99/><N who="0" m="37898" /><D84/><U57/><E106/><V19/><AGARI ba="1,0" hai="2,3,10,15,19" m="44105,17847,3135" machi="19" ten="30,6000,0" yaku="15,1,34,2" doraHai="48" who="2" fromWho="2" sc="27,-21,327,-21,364,63,282,-21" /><INIT seed="6,2,0,0,4,7" ten="6,306,427,261" oya="2" hai0="12,106,31,114,81,1,17,127,32,72,0,28,5" hai1="73,27,29,130,13,49,103,105,42,38,11,108,43" hai2="18,30,16,95,121,52,77,89,25,120,2,65,117" hai3="83,45,111,46,6,109,118,74,78,64,112,63,33"/><V21/><F117/><W75/><G118/><T90/><D106/><U70/><E73/><V125/><F65/><W36/><G33/><T99/><D127/><U124/><E108/><V88/><F77/><W92/><G75/><T100/><D100/><U50/><E70/><V79/><F79/><W57/><G112/><T48/><D48/><U54/><E124/><V34/><F125/><W96/><G6/><T102/><D102/><U97/><E49/><V71/><F71/><W22/><G22/><T58/><D99/><U3/><E3/><N who="0" m="1097" /><D72/><U68/><E68/><V98/><F2/><W23/><G23/><N who="0" m="11687" /><D58/><U55/><E130/><V35/><F120/><W19/><G19/><T41/><D81/><U67/><E54/><V134/><F134/><W39/><G39/><T86/><D41/><U135/><E67/><V80/><F121/><W131/><G131/><T128/><D86/><U37/><E135/><V56/><F34/><W10/><G36/><T60/><D90/><U15/><E38/><V110/><F35/><W62/><G62/><T93/><D60/><U47/><E37/><V66/><F66/><W84/><G74/><T91/><D128/><U113/><E113/><V82/><F110/><W133/><G109/><T8/><D114/><U126/><E126/><V132/><F132/><W87/><G111/><T122/><D122/><U115/><E115/><V26/><F89/><N who="3" m="55311" /><G133/><T44/><D44/><N who="3" m="17001" /><G87/><N who="0" m="52479" /><D32/><U101/><E105/><V53/><F82/><W24/><G24/><T85/><D85/><U59/><E27/><V40/><F26/><W4/><G4/><T76/><D76/><RYUUKYOKU ba="2,0" sc="6,15,306,-15,427,-15,261,15" hai0="5,8,28,31" hai3="10,57,63,64,78,83,84" /><INIT seed="7,3,0,1,2,15" ten="21,291,412,276" oya="3" hai0="2,72,62,45,78,101,38,27,97,105,93,5,89" hai1="37,115,9,107,53,112,55,52,104,91,23,122,6" hai2="18,87,129,32,14,134,29,60,28,25,56,8,96" hai3="111,0,41,39,58,106,50,64,17,36,119,3,24"/><W94/><G106/><T19/><D62/><U76/><E37/><V12/><F134/><W31/><G119/><T128/><D128/><U82/><E23/><V54/><F129/><W77/><G111/><T102/><D27/><U40/><E91/><V109/><F109/><W75/><G75/><T49/><D49/><U118/><E40/><V51/><F29/><W70/><G70/><T110/><D110/><U30/><E30/><V125/><F125/><W20/><G77/><T33/><D89/><U34/><E34/><V47/><F14/><W95/><G39/><T16/><D33/><U69/><E69/><V11/><F96/><W44/><G0/><T116/><D116/><U108/><E122/><V85/><F11/><W80/><G3/><T83/><D93/><U131/><E108/><V48/><F48/><W81/><G31/><T1/><D1/><U7/><E7/><V63/><F63/><N who="3" m="38007" /><G36/><T103/><D105/><U126/><E131/><V74/><F74/><W46/><G46/><T100/><N who="0" m="26112" /><DORA hai="66" /><T123/><D123/><U120/><E120/><V43/><AGARI ba="3,0" hai="8,12,18,25,28,32,43,47,51,54,56,60,85,87" machi="43" ten="20,2700,0" yaku="0,1,7,1,52,1" doraHai="15,66" who="2" fromWho="2" sc="21,-10,291,-10,412,36,276,-16" owari="11,-49.0,281,8.0,448,55.0,260,-14.0" /></mjloggm>