<mjloggm ver="2.3"><GO type="97" lobby="0"/><UN n0="%73%65%69%74%79%6F%72%6F" n1="%E3%82%A8%E3%82%B3%E7%88%86%E5%BC%BE" n2="%E5%B0%B1%E6%B4%BB%E7%94%9F%40%E5%B7%9D%E6%9D%91%E8%BB%8D%E5%9B%A3" n3="%E3%83%90%E3%83%AB%E3%82%B6%E3%83%83%E3%82%AF" dan="14,14,14,14" rate="1910.57,1899.16,1935.99,1881.96" sx="M,M,M,M"/><TAIKYOKU oya="0"/><INIT seed="0,0,0,5,5,129" ten="250,250,250,250" oya="0" hai0="25,37,77,58,102,118,124,44,11,8,19,61,74" hai1="85,92,16,21,104,96,56,116,5,2,72,75,126" hai2="93,101,65,90,71,110,73,13,114,113,20,43,107" hai3="78,83,0,79,69,91,9,100,108,27,80,31,52"/><T54/><D118/><U120/><E116/><V127/><F73/><W86/><G69/><T40/><D102/><U32/><E32/><V135/><F43/><W123/><G123/><T3/><D124/><U26/><E120/><V55/><F127/><W81/><G0/><T64/><D3/><U22/><E126/><V117/><F117/><W88/><G9/><T1/><D1/><U115/><E115/><V42/><F42/><W98/><G27/><T87/><D74/><U14/><E104/><V63/><F110/><W50/><G31/><T47/><D25/><U109/><E109/><V35/><F35/><W97/><G108/><T33/><D33/><U128/><E128/><V122/><F122/><W38/><G38/><T36/><D19/><U18/><E85/><V106/><F55/><W6/><G6/><T103/><D103/><U82/><E82/><N who="3" m="31850" /><G52/><T51/><D77/><N who="3" m="29193" /><G50/><T99/><D37/><U125/><E125/><V10/><F20/><W57/><G57/><T94/><D87/><U17/><E56/><V60/><F60/><W131/><G131/><T133/><D8/><N who="1" m="4367" /><E2/><V134/><F113/><W68/><G68/><N who="0" m="41999" /><D11/><U12/><E72/><V30/><F30/><W24/><G24/><T132/><D44/><U95/><E75/><V130/><F130/><W7/><G7/><T41/><D41/><U39/><E39/><V112/><F114/><W34/><G34/><T121/><D121/><U76/><E17/><N who="2" m="8375" /><F112/><W67/><G67/><T29/><D29/><N who="1" m="17615" /><E12/><V119/><F119/><W48/><G48/><T111/><D111/><U84/><E18/><V46/><F71/><RYUUKYOKU ba="0,0" sc="250,30,250,-10,250,-10,250,-10" hai0="36,40,47,51,54,58,94,99,132,133" /><INIT seed="0,1,0,2,3,102" ten="280,240,240,240" oya="0" hai0="17,84,115,48,83,99,79,121,85,65,133,104,2" hai1="125,21,51,9,97,35,74,75,129,63,122,82,3" hai2="66,94,30,78,119,50,54,31,58,98,69,23,120" hai3="72,134,43,117,32,10,73,88,12,77,0,22,27"/><T61/><D121/><U118/><E122/><V113/><F119/><W29/><G117/><T127/><D115/><U123/><E123/><V16/><F113/><W52/><G134/><T53/><D2/><U124/><E118/><V20/><F120/><W67/><G67/><T8/><D133/><U76/><E129/><V108/><F108/><W45/><G77/><T14/><D127/><N who="1" m="48715" /><E35/><V105/><F78/><W103/><G103/><T107/><D99/><U28/><E63/><V87/><F23/><W1/><G1/><T60/><D85/><N who="1" m="48327" /><E51/><V109/><F109/><W135/><G135/><T106/><REACH who="0" step="1"/><D65/><REACH who="0" ten="270,240,240,240" step="2"/><U81/><E97/><V80/><F66/><W96/><G0/><T131/><D131/><U4/><E81/><V59/><F98/><W114/><G114/><T7/><D7/><U40/><E75/><V46/><F87/><W68/><G72/><T19/><D19/><U70/><E74/><V86/><F80/><W38/><G73/><T95/><D95/><U100/><E3/><V44/><F94/><W6/><G96/><T41/><D41/><U128/><E100/><V71/><F86/><W89/><G52/><T55/><D55/><U90/><E128/><V42/><F42/><W93/><G93/><T92/><D92/><U64/><E90/><V37/><F54/><W47/><G43/><T126/><D126/><U112/><E40/><V110/><F110/><W15/><G6/><T57/><AGARI ba="1,1" hai="8,14,17,48,53,57,60,61,79,83,84,104,106,107" machi="57" ten="30,18000,2" yaku="1,1,0,1,52,3,53,1" doraHai="102" doraHaiUra="11" who="0" fromWho="0" sc="270,193,240,-61,240,-61,240,-61" /><INIT seed="0,2,0,0,1,17" ten="463,179,179,179" oya="0" hai0="78,23,73,48,92,31,10,29,43,47,59,100,20" hai1="77,110,133,67,55,56,49,51,130,0,65,118,87" hai2="24,99,75,16,80,50,60,128,103,114,83,44,32" hai3="124,69,106,89,119,58,57,102,91,131,33,86,22"/><T120/><D120/><U98/><E0/><V101/><F114/><W18/><G33/><T42/><D73/><U36/><E118/><V4/><F128/><W109/><G119/><T72/><D72/><U132/><E110/><V68/><F4/><W61/><G109/><T6/><D78/><U14/><E130/><V13/><F75/><W88/><G131/><T93/><D59/><U116/><E116/><V135/><F135/><N who="1" m="51785" /><E36/><V27/><F68/><W34/><G34/><T64/><D64/><N who="1" m="24651" /><E98/><V63/><F32/><W7/><G7/><T84/><D43/><U5/><E77/><V113/><F113/><W71/><G124/><T104/><D104/><U122/><E87/><V129/><F129/><W35/><G35/><T3/><D92/><U15/><E122/><V112/><F112/><W82/><G106/><T107/><D107/><U1/><E51/><V8/><F80/><W19/><G102/><N who="2" m="38921" /><F83/><W126/><G126/><T38/><D38/><U90/><E90/><N who="3" m="34922" /><G69/><T115/><D115/><U79/><E79/><V108/><F99/><W21/><G71/><T105/><D105/><U12/><E1/><V111/><F111/><W117/><G117/><T97/><REACH who="0" step="1"/><D84/><REACH who="0" ten="453,179,179,179" step="2"/><U76/><E76/><V74/><F74/><W9/><G58/><T54/><D54/><U95/><E95/><V46/><F108/><W28/><G57/><T37/><D37/><U41/><E41/><N who="2" m="24847" /><F46/><W40/><G40/><T39/><D39/><U66/><E66/><V94/><F94/><W2/><G82/><T45/><D45/><U25/><E5/><V52/><F52/><W53/><G53/><RYUUKYOKU ba="2,1" sc="453,10,179,10,179,10,179,-30" hai0="3,6,10,20,23,29,31,42,47,48,93,97,100" hai1="12,14,15,25,49,55,56" hai2="8,13,16,24,27,60,63" /><INIT seed="0,3,1,3,5,112" ten="463,189,189,149" oya="0" hai0="88,103,4,58,35,77,115,96,49,45,20,27,108" hai1="95,47,87,79,76,6,97,51,71,101,22,0,134" hai2="59,132,114,57,54,105,117,2,81,86,128,92,53" hai3="46,16,99,28,116,70,125,110,94,37,120,126,85"/><T73/><D35/><U78/><E134/><V3/><F105/><W29/><G70/><T130/><D115/><U122/><E122/><V36/><F36/><W90/><G120/><T52/><D130/><U123/><E123/><V102/><F128/><W14/><G110/><T133/><D108/><U48/><E71/><V69/><F69/><W107/><G107/><T13/><D133/><U19/><E0/><V18/><F132/><W124/><G37/><T17/><D73/><U63/><E6/><V21/><F114/><W113/><G46/><T119/><D77/><U127/><E63/><V89/><F117/><W80/><G113/><T40/><D119/><U84/><E127/><V23/><F3/><W56/><G56/><T83/><D103/><U72/><E72/><V135/><F2/><W34/><G34/><T66/><D66/><U118/><E118/><V91/><F102/><W68/><G68/><T10/><D58/><N who="2" m="22026" /><F135/><W33/><G33/><T38/><D38/><U39/><E39/><V41/><F41/><W12/><G12/><T93/><D83/><U121/><E121/><V15/><F21/><N who="3" m="11415" /><G116/><T55/><AGARI ba="3,1" hai="4,10,13,17,20,27,40,45,49,52,55,88,93,96" machi="55" ten="30,11700,0" yaku="0,1,8,1,54,2" doraHai="112" who="0" fromWho="0" sc="463,136,189,-42,189,-42,149,-42" /><INIT seed="0,4,0,0,4,11" ten="599,147,147,107" oya="0" hai0="13,61,97,116,47,24,117,8,2,20,114,92,62" hai1="28,65,111,130,37,99,71,105,33,7,132,9,122" hai2="90,16,103,82,10,66,42,125,81,109,115,30,126" hai3="87,43,34,110,72,56,134,64,74,77,46,80,50"/><T48/><D2/><U6/><E122/><V17/><F115/><W63/><G34/><T88/><D114/><U18/><E130/><V91/><F42/><W25/><G134/><T54/><D117/><U127/><E111/><V70/><F109/><W12/><G110/><T52/><D116/><U112/><E132/><V120/><F103/><W35/><G35/><T93/><D54/><U60/><E18/><N who="2" m="7275" /><F30/><W95/><G25/><T39/><D39/><U123/><E7/><V55/><F10/><W124/><G124/><N who="2" m="47721" /><F120/><W68/><G12/><T27/><D20/><U101/><E127/><V23/><F23/><W94/><G74/><T128/><D128/><U102/><E102/><V40/><F40/><W4/><G4/><N who="0" m="3207" /><D92/><U59/><E123/><V78/><F55/><W84/><G72/><T49/><D49/><U86/><E37/><V113/><F113/><W107/><G107/><T118/><D118/><U73/><E112/><V5/><F5/><W53/><REACH who="3" step="1"/><G87/><REACH who="3" ten="599,147,147,97" step="2"/><T83/><D24/><N who="1" m="18567" /><E86/><N who="2" m="48439" /><F82/><W67/><G67/><T3/><D3/><N who="1" m="223" /><E73/><V98/><F98/><W108/><G108/><T129/><D27/><U135/><E135/><V22/><F22/><W133/><G133/><T44/><D129/><U96/><E96/><V104/><F104/><W1/><G1/><T106/><D106/><U38/><E105/><V14/><F14/><W45/><G45/><N who="0" m="27663" /><D83/><U131/><E131/><V36/><F36/><AGARI ba="4,1" hai="36,43,46,50,53,56,63,64,68,77,80,84,94,95" machi="36" ten="30,7700,0" yaku="1,1,7,1,24,2,53,0" doraHai="11" doraHaiUra="32" who="3" fromWho="2" sc="599,0,147,0,147,-89,97,99" /><INIT seed="1,0,0,4,3,122" ten="599,147,58,196" oya="1" hai0="97,108,81,124,88,93,30,119,42,115,25,58,66" hai1="90,76,133,14,134,35,4,34,78,129,8,48,12" hai2="72,63,132,74,130,6,16,36,51,56,98,15,49" hai3="55,69,67,99,9,0,28,79,116,125,86,62,104"/><U131/><E48/><V110/><F36/><W10/><G116/><T84/><D119/><U123/><E123/><V121/><F121/><W70/><G70/><T89/><D115/><U29/><E90/><V64/><F130/><N who="1" m="49673" /><E76/><V33/><F33/><N who="1" m="12297" /><E78/><V32/><F32/><W102/><G79/><T24/><D124/><U95/><E95/><V18/><F132/><N who="1" m="50793" /><E29/><V43/><F98/><W128/><G86/><T105/><D105/><U54/><E54/><V50/><F43/><W41/><G55/><T22/><D42/><U40/><E40/><V52/><F64/><W83/><G41/><T87/><D66/><U1/><AGARI ba="0,0" hai="1,4,8,12,14" m="50793,12297,49673" machi="1" ten="40,12000,1" yaku="19,1,20,1,34,2" doraHai="122" who="1" fromWho="1" sc="599,-40,147,120,58,-40,196,-40" /><INIT seed="1,1,0,0,1,100" ten="559,267,18,156" oya="1" hai0="77,42,45,75,56,20,121,19,76,71,57,132,61" hai1="80,7,127,44,10,72,58,60,83,115,49,2,4" hai2="27,22,124,55,0,112,91,17,66,65,89,135,39" hai3="28,11,88,104,117,129,120,113,86,93,94,78,126"/><U90/><E115/><V97/><F39/><W47/><G120/><T87/><D121/><U30/><E127/><V29/><F112/><W53/><G113/><T103/><D75/><U52/><E72/><V51/><F124/><W123/><G123/><T59/><D132/><U125/><E125/><V8/><F135/><W33/><G11/><T64/><D103/><U24/><E7/><V67/><F97/><W131/><G126/><T101/><D101/><U21/><E90/><V99/><F99/><W3/><G3/><T79/><D87/><U105/><E105/><V12/><REACH who="2" step="1"/><F0/><REACH who="2" ten="559,267,8,156" step="2"/><W31/><G129/><T5/><D5/><U50/><E50/><V32/><F32/><W134/><G33/><T73/><D73/><U130/><E130/><V37/><F37/><W6/><G131/><T15/><REACH who="0" step="1"/><D71/><REACH who="0" ten="549,267,8,156" step="2"/><U13/><E2/><V109/><F109/><W102/><G134/><T85/><D85/><U110/><REACH who="1" step="1"/><E110/><REACH who="1" ten="549,257,8,156" step="2"/><V34/><F34/><W74/><G74/><T106/><D106/><U111/><E111/><V133/><F133/><W26/><G104/><T82/><D82/><U81/><E81/><V95/><F95/><W41/><G94/><T43/><D43/><AGARI ba="1,3" hai="4,10,13,21,24,30,43,44,49,52,58,60,80,83" machi="43" ten="30,12000,1" yaku="1,1,7,1,8,1,54,1,53,1" doraHai="100" doraHaiUra="1" who="1" fromWho="0" sc="549,-123,257,153,8,0,156,0" /><INIT seed="1,2,0,4,0,90" ten="426,410,8,156" oya="1" hai0="107,104,13,88,37,127,89,96,133,83,131,3,132" hai1="46,54,36,100,124,8,80,42,69,67,47,7,51" hai2="99,10,103,24,106,123,78,65,105,50,76,74,14" hai3="77,49,29,135,122,59,12,70,87,11,98,56,18"/><U61/><E124/><V75/><F123/><W40/><G122/><T33/><D3/><U68/><E100/><V97/><F65/><W53/><G70/><N who="1" m="27242" /><E80/><V101/><F24/><W111/><G111/><T84/><D33/><U5/><E8/><V38/><F38/><W34/><G135/><N who="0" m="51787" /><D37/><N who="1" m="21839" /><E7/><V28/><F28/><W55/><G98/><N who="2" m="37385" /><F50/><W20/><G34/><T23/><D127/><U128/><E5/><V35/><F14/><W95/><G29/><T134/><D134/><U30/><E30/><V130/><F10/><W86/><G11/><T117/><D117/><U22/><E22/><V110/><F110/><W39/><G20/><T71/><D71/><N who="1" m="42479" /><E128/><V62/><F62/><W108/><G18/><N who="0" m="10703" /><D131/><U109/><E36/><V16/><F16/><W63/><G39/><T91/><D96/><U48/><E48/><V113/><F113/><W17/><G49/><T93/><D91/><U45/><E109/><V92/><F35/><W6/><G108/><T43/><D89/><U81/><E81/><V116/><F116/><W27/><G6/><T21/><D83/><U115/><E115/><V119/><F119/><W9/><G9/><T102/><D21/><U72/><E72/><N who="2" m="27691" /><F130/><W120/><G12/><T32/><D32/><U126/><E126/><V0/><F0/><W125/><G125/><T44/><D102/><N who="2" m="38922" /><F92/><W112/><G95/><T25/><D25/><U66/><E66/><V31/><F31/><W15/><G27/><T64/><D64/><U73/><E47/><V26/><F26/><W129/><G112/><T121/><D121/><U52/><E54/><N who="3" m="20490" /><G120/><T41/><D44/><RYUUKYOKU ba="2,0" sc="426,10,410,10,8,10,156,-30" hai0="41,43,84,88,93,104,107" hai1="45,51,52,73" hai2="76,78,105,106" /><INIT seed="1,3,0,4,5,121" ten="436,420,18,126" oya="1" hai0="44,105,48,126,21,131,128,130,61,0,18,22,78" hai1="67,96,122,23,116,68,118,135,83,6,25,104,37" hai2="76,111,47,70,10,53,8,100,62,32,36,112,5" hai3="91,92,33,45,13,40,73,60,99,55,66,17,63"/><U57/><E122/><V4/><F32/><W113/><G33/><T35/><D105/><U54/><E135/><V80/><F112/><W86/><G113/><T127/><D35/><U58/><E37/><V16/><F100/><W98/><G73/><T125/><D0/><U95/><E104/><V11/><F70/><W74/><G74/><T133/><D78/><U110/><E68/><V49/><F36/><W79/><G79/><T9/><D61/><U27/><E83/><V39/><F39/><W123/><G123/><T134/><D9/><U64/><E6/><V84/><F111/><W3/><G3/><T20/><D18/><U97/><E110/><V1/><F1/><W12/><G13/><T94/><D94/><U119/><E95/><V26/><REACH who="2" step="1"/><F62/><REACH who="2" ten="436,420,8,126" step="2"/><W14/><G60/><T87/><D87/><U89/><E119/><V24/><F24/><W72/><G63/><T106/><D106/><U56/><E116/><V2/><F2/><W81/><G98/><T38/><D38/><U132/><E118/><V43/><F43/><AGARI ba="3,1" hai="20,21,22,43,44,48,125,126,127,128,130,131,133,134" machi="43" ten="60,12000,2" yaku="30,2,29,2,18,1,19,1" doraHai="121" who="0" fromWho="2" sc="436,139,420,0,8,-129,126,0" owari="575,67.0,420,22.0,-121,-62.0,126,-27.0" /></mjloggm>