<mjloggm ver="2.3"><GO type="97" lobby="0"/><UN n0="%73%68%61%6B%65%70%70%70" n1="%6D%75%6B%65%6D%69%6E%67" n2="%E5%B0%B1%E6%B4%BB%E7%94%9F%40%E5%B7%9D%E6%9D%91%E8%BB%8D%E5%9B%A3" n3="%E3%82%8B%E3%82%93%28%6A%61%6D%29" dan="15,13,15,14" rate="1964.35,1914.81,1985.60,1912.88" sx="M,M,M,M"/><TAIKYOKU oya="0"/><INIT seed="0,0,0,4,5,63" ten="250,250,250,250" oya="0" hai0="96,91,61,69,98,74,127,24,59,111,9,92,4" hai1="70,105,123,88,51,45,58,124,90,85,112,110,106" hai2="42,73,135,52,17,75,95,56,33,130,37,119,128" hai3="94,55,14,93,82,89,65,19,1,118,87,115,132"/><T72/><D69/><U60/><E70/><V43/><F33/><W102/><G118/><T83/><D127/><U15/><E123/><V8/><F119/><W18/><G1/><T2/><D111/><U36/><E36/><V99/><F135/><W67/><G115/><T41/><D41/><N who="2" m="15370" /><F17/><N who="3" m="6155" /><G132/><T54/><D24/><U29/><E124/><V47/><F47/><W80/><G14/><T78/><REACH who="0" step="1"/><D96/><REACH who="0" ten="240,250,250,250" step="2"/><U108/><E112/><V53/><F99/><N who="3" m="59759" /><G55/><T20/><D20/><U121/><E110/><V11/><F53/><W131/><G131/><T22/><D22/><U31/><E108/><V71/><F52/><W84/><G80/><T133/><D133/><U109/><E109/><V79/><F71/><W117/><G117/><T125/><D125/><U34/><E34/><V25/><F130/><W38/><G38/><T30/><D30/><U32/><E32/><V48/><F128/><W97/><G97/><T101/><D101/><U120/><E31/><V40/><F37/><W44/><G82/><T21/><D21/><U57/><E29/><V23/><F40/><W114/><G114/><T62/><D62/><U27/><E27/><V113/><F23/><W39/><G39/><T103/><D103/><U35/><E35/><V134/><F113/><W100/><G100/><T122/><D122/><U3/><E121/><V50/><F134/><W12/><G94/><T6/><D6/><U26/><E120/><V81/><F25/><W104/><G104/><T49/><D49/><U107/><E26/><V10/><F50/><W7/><G7/><T13/><D13/><U28/><E15/><RYUUKYOKU ba="0,1" sc="240,30,250,-10,250,-10,250,-10" hai0="2,4,9,54,59,61,72,74,78,83,91,92,98" /><INIT seed="0,1,1,4,4,83" ten="270,240,240,240" oya="0" hai0="55,118,36,73,16,106,22,120,105,112,84,67,95" hai1="81,10,38,78,127,85,115,31,110,26,37,30,77" hai2="60,71,19,76,0,116,61,79,7,24,15,82,51" hai3="62,72,32,119,121,59,65,129,21,122,28,134,11"/><T80/><D120/><N who="3" m="46185" /><G119/><T109/><D118/><U69/><E69/><V9/><F116/><W6/><G129/><T97/><D112/><U20/><E110/><V132/><F132/><W92/><G134/><T103/><D109/><U104/><E104/><V99/><F99/><W100/><G72/><T111/><D111/><U56/><E115/><V58/><F71/><W40/><G40/><T123/><D123/><U126/><E77/><V130/><F130/><W18/><G100/><T66/><D36/><U135/><E135/><V101/><F101/><W89/><G32/><T74/><D106/><U29/><E10/><V114/><F114/><W2/><G28/><T12/><D55/><U49/><E38/><V13/><F24/><N who="3" m="14391" /><G92/><T52/><D52/><N who="1" m="31759" /><E37/><V33/><F33/><W42/><G42/><T44/><D44/><U50/><E50/><V57/><F0/><N who="3" m="455" /><G89/><N who="0" m="53671" /><D73/><U27/><E27/><V91/><F91/><W45/><G45/><T68/><D68/><U133/><E133/><V25/><F58/><W47/><G47/><T34/><D34/><U117/><E117/><V54/><F76/><AGARI ba="1,1" hai="12,16,22,66,67,74,76,80,97,103,105" m="53671" machi="76" ten="30,5800,0" yaku="24,1,52,1,54,1" doraHai="83" who="0" fromWho="2" sc="270,71,240,0,240,-61,240,0" /><INIT seed="0,2,0,0,4,135" ten="341,240,179,240" oya="0" hai0="67,84,81,85,20,79,97,128,15,78,52,42,98" hai1="28,49,43,53,1,89,80,122,134,132,92,2,45" hai2="58,54,10,47,104,29,96,32,40,64,7,11,69" hai3="37,26,94,48,57,88,112,125,86,95,116,70,34"/><T6/><D128/><U107/><E107/><V73/><F73/><W121/><G112/><T74/><D67/><U93/><E122/><V18/><F69/><W61/><G116/><T56/><D42/><U124/><E93/><V51/><F64/><W16/><G37/><T5/><D74/><U9/><E80/><V117/><F117/><W100/><G70/><T8/><D5/><U131/><E131/><V87/><F32/><W130/><G130/><T103/><D20/><U21/><E1/><V77/><F29/><W105/><G34/><T23/><D23/><U39/><E2/><V114/><F114/><W17/><G26/><T66/><D66/><U31/><E9/><V113/><F113/><W14/><G105/><T99/><D103/><U110/><E110/><V60/><F104/><W71/><G71/><T27/><D27/><N who="1" m="16495" /><E31/><V126/><F126/><W46/><G14/><T91/><D84/><N who="1" m="52263" /><E124/><V55/><F96/><N who="3" m="59415" /><G125/><T90/><D78/><U83/><E83/><N who="2" m="47599" /><F18/><W115/><G121/><T59/><D59/><U13/><E13/><N who="2" m="5343" /><F11/><W127/><G115/><T123/><D123/><U102/><E102/><V106/><F106/><W24/><G127/><T63/><AGARI ba="2,0" hai="6,8,15,52,56,63,79,81,85,90,91,97,98,99" machi="63" ten="30,6000,0" yaku="0,1,8,1,54,1" doraHai="135" who="0" fromWho="0" sc="341,66,240,-22,179,-22,240,-22" /><INIT seed="0,3,0,0,1,10" ten="407,218,157,218" oya="0" hai0="118,125,91,122,3,6,51,100,113,21,75,130,49" hai1="111,43,78,60,5,85,107,99,135,79,17,96,81" hai2="0,15,18,8,97,104,7,32,77,66,52,41,112" hai3="114,86,2,71,76,33,126,55,95,22,106,109,31"/><T82/><D122/><U70/><E111/><V117/><F112/><W44/><G2/><T57/><D118/><U35/><E35/><V62/><F117/><W128/><G71/><T94/><D113/><U120/><E120/><V37/><F32/><W46/><G106/><T45/><D100/><U26/><E5/><V47/><F77/><W63/><G22/><T110/><D110/><U69/><E135/><V101/><F52/><W68/><G55/><T87/><D125/><U119/><E119/><V29/><F29/><W93/><G31/><T134/><D134/><U72/><E72/><V103/><F103/><W108/><G126/><T40/><D130/><U36/><E107/><V133/><F133/><W131/><G128/><T56/><D21/><N who="1" m="13615" /><E70/><V74/><F74/><W127/><G68/><T24/><D24/><U132/><E69/><V54/><F54/><W88/><G33/><T27/><D27/><U83/><E36/><V89/><F89/><N who="3" m="53431" /><G131/><T129/><D129/><U115/><E132/><V1/><REACH who="2" step="1"/><F7/><REACH who="2" ten="407,218,147,218" step="2"/><W42/><G114/><T121/><D75/><U19/><E115/><V90/><F90/><W105/><G88/><T11/><D121/><U73/><E73/><V20/><F20/><W4/><G4/><T67/><D67/><U53/><E53/><V92/><F92/><W25/><G95/><T16/><D94/><U98/><E43/><V65/><F65/><W61/><G42/><T39/><D40/><U102/><E102/><V50/><F50/><W30/><G108/><T80/><D51/><U9/><E9/><V116/><F116/><W28/><G109/><RYUUKYOKU ba="3,1" sc="407,-10,218,-10,147,30,218,-10" hai2="0,1,8,15,18,37,41,47,62,66,97,101,104" /><INIT seed="1,4,1,1,4,35" ten="397,208,177,208" oya="1" hai0="20,95,126,96,58,123,124,54,5,21,31,97,66" hai1="90,3,85,45,57,37,65,107,106,17,15,46,19" hai2="49,53,110,59,11,2,77,29,84,13,38,82,7" hai3="26,101,87,78,80,135,79,122,52,47,68,109,111"/><U105/><E3/><V118/><F38/><W92/><G122/><T112/><D123/><U134/><E19/><V41/><F118/><W89/><G68/><T55/><D112/><U1/><E1/><V132/><F132/><W114/><G114/><T44/><D5/><U36/><E134/><V0/><F110/><N who="3" m="41995" /><G135/><T91/><D97/><U70/><E70/><V62/><REACH who="2" step="1"/><F29/><REACH who="2" ten="397,208,167,208" step="2"/><W10/><G10/><T40/><D31/><U16/><E37/><V115/><F115/><W69/><G69/><T99/><D126/><U121/><E36/><V4/><F4/><W100/><G26/><T30/><D124/><U117/><E121/><V88/><F88/><N who="3" m="51303" /><G101/><T128/><D30/><U94/><E117/><V116/><F116/><W28/><G28/><T9/><D91/><U27/><E27/><V71/><F71/><W93/><G100/><T51/><D128/><U48/><E17/><V12/><F12/><W133/><G133/><T98/><D95/><N who="3" m="36425" /><G89/><T39/><D39/><U56/><E16/><V24/><F24/><W81/><G81/><T127/><D127/><U83/><E83/><V64/><F64/><W75/><G75/><T67/><D66/><U120/><E15/><V103/><F103/><W60/><G79/><T76/><D76/><U108/><E108/><V131/><F131/><W63/><G78/><T72/><D72/><U33/><E120/><V23/><F23/><N who="0" m="8778" /><D9/><U34/><E34/><V86/><F86/><W113/><G113/><T61/><AGARI ba="4,2" hai="40,44,51,54,55,58,61,67,96,98,99" m="8778" machi="61" ten="30,1100,0" yaku="8,1" doraHai="35" who="0" fromWho="0" sc="397,43,208,-9,167,-7,208,-7" /><INIT seed="2,0,0,4,1,56" ten="440,199,160,201" oya="2" hai0="98,20,8,96,61,65,117,120,44,0,70,130,63" hai1="104,33,2,19,59,27,91,90,38,93,53,102,110" hai2="85,31,52,32,128,21,13,122,69,129,18,15,126" hai3="47,106,88,132,22,39,49,116,36,112,81,79,103"/><V5/><F122/><W121/><G121/><T37/><D120/><U83/><E38/><V78/><F69/><W87/><G116/><T14/><D117/><U82/><E33/><V60/><F126/><W11/><G132/><T125/><D125/><U99/><E2/><V4/><F32/><W30/><G112/><T108/><D108/><U101/><E110/><V114/><F31/><W26/><G79/><T67/><D130/><N who="2" m="50282" /><F114/><W113/><G113/><T43/><D0/><U51/><E104/><V73/><F73/><W75/><G75/><T95/><D20/><N who="1" m="13727" /><E90/><V80/><F15/><W24/><G24/><T74/><D95/><U115/><E115/><V23/><F23/><W77/><G77/><T123/><D74/><U109/><E109/><V48/><F60/><W107/><G11/><T62/><D123/><U58/><E58/><AGARI ba="0,0" hai="4,5,13,18,21,48,52,58,78,80,85" m="50282" machi="58" ten="30,2900,0" yaku="19,1,54,1" doraHai="56" who="2" fromWho="1" sc="440,0,199,-29,160,29,201,0" /><INIT seed="2,1,0,4,3,38" ten="440,170,189,201" oya="2" hai0="74,96,113,110,39,91,59,23,42,9,117,118,71" hai1="5,108,109,90,11,84,8,15,79,111,4,27,70" hai2="126,122,102,37,135,26,45,124,34,105,13,87,64" hai3="3,88,131,33,123,107,132,125,65,43,14,19,81"/><V120/><F64/><W30/><G123/><T1/><D113/><U119/><E70/><V58/><F135/><W68/><G3/><T115/><D115/><U114/><E79/><V31/><F58/><W106/><G132/><T55/><D71/><U101/><E114/><V56/><F56/><W97/><G43/><T16/><D74/><U103/><E119/><N who="0" m="45577" /><D110/><U52/><E27/><V78/><F13/><W94/><G131/><T62/><D1/><U80/><REACH who="1" step="1"/><E52/><REACH who="1" ten="440,160,189,201" step="2"/><V85/><F120/><W98/><G68/><T2/><D55/><U24/><E24/><V53/><F122/><W44/><G65/><T95/><D2/><AGARI ba="1,1" hai="2,4,5,8,11,15,80,84,90,101,103,108,109,111" machi="2" ten="40,2600,0" yaku="1,1,14,1,53,0" doraHai="38" doraHaiUra="49" who="1" fromWho="0" sc="440,-29,160,39,189,0,201,0" /><INIT seed="3,0,0,2,5,40" ten="411,199,189,201" oya="3" hai0="61,25,51,67,39,98,54,83,76,112,36,15,16" hai1="66,88,27,102,13,115,116,5,123,95,87,113,35" hai2="0,48,4,96,37,119,121,18,103,69,124,118,62" hai3="106,85,38,50,70,75,133,53,45,93,99,81,78"/><W29/><G133/><T49/><D112/><U21/><E35/><V7/><F37/><W46/><G70/><T63/><D25/><U80/><E123/><V22/><F121/><W10/><G29/><T114/><D114/><U17/><E116/><V125/><F48/><W101/><G10/><T107/><D107/><U24/><E115/><V84/><F84/><W1/><G1/><T65/><D98/><N who="1" m="59743" /><E113/><V73/><F73/><W130/><G130/><T128/><D128/><U90/><E66/><N who="2" m="41175" /><F0/><W109/><G109/><T14/><D54/><U120/><E120/><V104/><F118/><W33/><G33/><T44/><D83/><N who="1" m="49279" /><E5/><V79/><F79/><W68/><G68/><T64/><D76/><U6/><E6/><V58/><F58/><N who="3" m="33079" /><G38/><T108/><D39/><U129/><E129/><V20/><F20/><W32/><G32/><T74/><D36/><U135/><E135/><V132/><F132/><W94/><G94/><T131/><D74/><U117/><E117/><V82/><F82/><W72/><G75/><T77/><D131/><U71/><E71/><V9/><F9/><W60/><G60/><T12/><D108/><U86/><AGARI ba="0,0" hai="13,17,21,24,27,80,86,90" m="49279,59743" machi="86" ten="30,2000,0" yaku="8,1,54,1" doraHai="40" who="1" fromWho="1" sc="411,-5,199,20,189,-5,201,-10" owari="406,51.0,219,2.0,184,-32.0,191,-21.0" /></mjloggm>