<mjloggm ver="2.3"><GO type="169" lobby="0"/><UN n0="%E5%89%8D%E6%88%AF%33%30%E5%88%86" n1="%E3%83%91%E3%82%B7%E3%83%AA%EF%BC%A0%E5%B7%9D%E6%9D%91%E8%BB%8D%E5%9B%A3" n2="%E3%82%A6%E3%83%AB%E3%83%88%E3%83%A9%E7%AB%8B%E7%9B%B4" n3="%74%61%6E%61%4B%61" dan="18,16,16,16" rate="2245.31,2071.54,2133.33,2083.97" sx="M,M,M,M"/><TAIKYOKU oya="0"/><INIT seed="0,0,0,0,5,34" ten="250,250,250,250" oya="0" hai0="7,104,90,113,47,88,16,101,119,59,134,91,23" hai1="57,4,82,120,41,8,0,58,107,49,102,2,93" hai2="69,15,96,133,132,89,21,127,50,9,129,31,46" hai3="44,105,116,64,86,33,40,123,51,67,83,62,22"/><T17/><D119/><U29/><E120/><V128/><F69/><W55/><G116/><T80/><D113/><U135/><E107/><V95/><F21/><W54/><G33/><T24/><D134/><N who="2" m="51818" /><F31/><W1/><G105/><T35/><D35/><U130/><E135/><V65/><F65/><N who="3" m="25163" /><G1/><T26/><D7/><U28/><E130/><V74/><F74/><W77/><G123/><T115/><D115/><U13/><E82/><V76/><F76/><W12/><G62/><T92/><D104/><U87/><E29/><V10/><F9/><W63/><G63/><T27/><D59/><U5/><E28/><V122/><F122/><W85/><G85/><T108/><D108/><U39/><E39/><V126/><F10/><W103/><G103/><T71/><D71/><U36/><E36/><V94/><F15/><W14/><G14/><N who="0" m="9623" /><D17/><AGARI ba="0,0" hai="12,17,22,40,44,51,54,55,77,83,86" m="25163" machi="17" ten="30,1000,0" yaku="8,1" doraHai="34" who="3" fromWho="0" sc="250,-10,250,0,250,0,250,10" /><INIT seed="1,0,0,2,0,10" ten="240,250,250,260" oya="1" hai0="82,95,122,8,66,20,6,129,81,67,30,107,132" hai1="3,64,86,5,70,57,27,52,42,120,92,135,101" hai2="68,124,104,33,34,47,11,125,96,49,31,4,19" hai3="15,114,109,48,44,127,72,100,102,59,56,87,75"/><U40/><E120/><V46/><F68/><W25/><G114/><T32/><D107/><U93/><E135/><V28/><F96/><W79/><G109/><T134/><D32/><N who="2" m="12394" /><F104/><W36/><G127/><N who="2" m="48713" /><F19/><W90/><G36/><T108/><D108/><U85/><E70/><V2/><F47/><W24/><G79/><T78/><D129/><U83/><E64/><V45/><F46/><W35/><G75/><T71/><D71/><U98/><E92/><V1/><F2/><W73/><G73/><T117/><D117/><U111/><E111/><V16/><F16/><W38/><G72/><T17/><D30/><N who="2" m="11306" /><F45/><W51/><G38/><T89/><D122/><U133/><E3/><V119/><F49/><W21/><G35/><T14/><D81/><U128/><E83/><V110/><F110/><W43/><G100/><T22/><D22/><U29/><E101/><V91/><F91/><W50/><G102/><T63/><D82/><U7/><E98/><V77/><F77/><W26/><G43/><T76/><D78/><U103/><E103/><V53/><F53/><W106/><G44/><T65/><D76/><U121/><E52/><V12/><F1/><W113/><G106/><T115/><D132/><U37/><E42/><V62/><F62/><W23/><G113/><T131/><D115/><U99/><E40/><V9/><F9/><W130/><G130/><T0/><D131/><U39/><E128/><V61/><F61/><W18/><G23/><T94/><D134/><U116/><E133/><V123/><F123/><W60/><G60/><T55/><D89/><U97/><E121/><RYUUKYOKU ba="0,0" sc="240,10,250,-30,250,10,260,10" hai0="0,6,8,14,17,20,55,63,65,66,67,94,95" hai2="4,11,12,119" hai3="15,18,21,24,25,26,48,50,51,56,59,87,90" /><INIT seed="2,1,0,5,5,58" ten="250,220,260,270" oya="2" hai0="21,57,34,132,50,96,100,48,22,125,70,3,133" hai1="13,93,85,49,84,59,108,68,51,33,35,106,24" hai2="25,17,41,101,99,102,120,12,110,38,98,42,88" hai3="134,86,54,78,90,4,77,52,76,80,5,8,30"/><V79/><F120/><W89/><G134/><N who="0" m="51819" /><D70/><U63/><E106/><V62/><F110/><W127/><G127/><T126/><D34/><U32/><E108/><V129/><F79/><N who="3" m="30283" /><G30/><T67/><D3/><U116/><E116/><V119/><F119/><W60/><G8/><T124/><D48/><U104/><E104/><V43/><F38/><W83/><G83/><T117/><D117/><U118/><E118/><V121/><F121/><W115/><G115/><T69/><D69/><U44/><E24/><V123/><F123/><W66/><G66/><T47/><D57/><U26/><E68/><V15/><F129/><W53/><G60/><T71/><D67/><U27/><E13/><N who="2" m="5195" /><F62/><W74/><G74/><T45/><D71/><U29/><E32/><V65/><F65/><W61/><G61/><T130/><D130/><U87/><E44/><N who="0" m="16969" /><D50/><U31/><REACH who="1" step="1"/><E93/><AGARI ba="1,0" hai="21,22,93,96,100,124,125,126" m="16969,51819" machi="93" ten="40,2600,0" yaku="18,1,20,1" doraHai="58" who="0" fromWho="1" sc="250,29,220,-29,260,0,270,0" /><INIT seed="3,0,0,5,2,108" ten="279,191,260,270" oya="3" hai0="76,48,115,28,97,41,130,42,58,99,0,3,47" hai1="36,106,9,8,57,110,16,63,123,105,30,5,125" hai2="93,49,134,32,78,31,27,62,4,81,68,74,59" hai3="92,71,102,109,61,69,33,73,101,52,17,80,2"/><W55/><G2/><T88/><D28/><U131/><E123/><V7/><F134/><W21/><G33/><T1/><D76/><U126/><E36/><V15/><F93/><W46/><G109/><T35/><D35/><U82/><E110/><V96/><F96/><W24/><G73/><T128/><D58/><U43/><E43/><V91/><F91/><W114/><G114/><T20/><D42/><U12/><E131/><N who="0" m="50217" /><D20/><U23/><E82/><V13/><F49/><N who="3" m="28727" /><G71/><T40/><D41/><U122/><E122/><V11/><F68/><W19/><G69/><T118/><D118/><U90/><E90/><V89/><F89/><W6/><G6/><T132/><D132/><U14/><E30/><V85/><F74/><W60/><G80/><T112/><D97/><U34/><E34/><V133/><F133/><W98/><G102/><T79/><D79/><U37/><E37/><V119/><F119/><W56/><G61/><T84/><D99/><U67/><REACH who="1" step="1"/><E9/><REACH who="1" ten="279,181,260,270" step="2"/><V124/><F11/><W45/><G45/><T86/><D86/><U39/><E39/><V104/><F85/><W111/><G111/><T103/><D103/><U70/><E70/><V75/><F75/><W51/><G101/><T66/><D66/><U25/><E25/><V53/><F27/><W50/><G24/><T44/><D47/><U117/><E117/><V127/><F32/><W100/><G21/><T22/><D22/><U29/><E29/><V54/><F31/><W95/><G95/><AGARI ba="0,1" hai="0,1,3,40,44,48,84,88,95,112,115" m="50217" machi="95" ten="40,8000,1" yaku="19,1,52,2,54,1" doraHai="108" who="0" fromWho="3" sc="279,90,181,0,260,0,270,-80" /><INIT seed="4,0,0,4,1,82" ten="369,181,260,190" oya="0" hai0="55,46,83,28,89,116,40,123,54,128,106,29,90" hai1="98,131,35,99,31,5,103,18,77,121,107,117,88" hai2="52,19,122,0,96,4,1,49,30,125,12,6,76" hai3="68,47,94,56,112,3,92,102,41,84,124,45,118"/><T53/><D123/><U10/><E117/><V15/><F122/><W66/><G118/><T133/><D116/><U24/><E121/><V27/><F76/><W110/><G68/><T120/><D106/><U126/><E131/><V61/><F61/><W43/><G110/><T59/><D128/><U75/><E126/><V39/><F39/><W86/><G3/><N who="2" m="1097" /><F52/><N who="0" m="20074" /><D133/><U70/><E70/><V8/><F49/><W17/><G17/><T129/><D90/><U36/><E36/><V119/><F96/><N who="3" m="59655" /><G124/><T115/><D115/><U20/><E75/><V33/><F125/><W63/><G112/><T23/><D23/><U34/><E77/><V113/><F113/><W74/><G94/><T127/><D120/><U91/><E99/><V51/><F51/><W16/><G74/><T13/><D46/><N who="3" m="17417" /><G16/><T38/><D38/><U109/><E109/><V64/><F64/><W135/><G135/><T26/><D127/><U71/><E71/><V80/><F80/><W69/><G69/><T22/><D83/><U130/><E130/><V50/><F50/><W87/><AGARI ba="0,0" hai="41,43,56,63,66,84,86,87" m="17417,59655" machi="87" ten="30,7900,0" yaku="8,1,52,3" doraHai="82" who="3" fromWho="3" sc="369,-39,181,-20,260,-20,190,79" /><INIT seed="5,0,0,0,1,103" ten="330,161,240,269" oya="1" hai0="24,78,10,116,34,86,49,47,33,38,69,28,11" hai1="105,108,106,5,130,46,73,81,131,70,50,32,97" hai2="18,112,42,125,111,68,119,9,1,61,82,23,93" hai3="84,75,21,4,2,71,91,13,17,56,87,7,132"/><U135/><E70/><V12/><F119/><W20/><G71/><T60/><D38/><U128/><E32/><V53/><F111/><W134/><G75/><T88/><D33/><U55/><E108/><V79/><F125/><W126/><G126/><T41/><D78/><N who="1" m="44239" /><E135/><N who="3" m="51754" /><G2/><T64/><REACH who="0" step="1"/><D116/><REACH who="0" ten="320,161,240,269" step="2"/><U99/><E5/><V63/><F79/><W92/><G7/><T85/><D85/><U3/><E3/><V127/><F1/><W58/><G4/><T114/><D114/><U83/><E83/><AGARI ba="0,1" hai="10,11,24,28,34,41,47,49,60,64,69,83,86,88" machi="83" ten="30,7700,0" yaku="1,1,7,1,54,1,53,1" doraHai="103" doraHaiUra="43" who="0" fromWho="1" sc="320,87,161,-77,240,0,269,0" /><INIT seed="6,0,0,2,5,104" ten="407,84,240,269" oya="2" hai0="99,118,75,92,73,135,35,83,51,134,3,12,39" hai1="50,34,84,82,47,27,132,15,62,24,67,88,122" hai2="26,58,13,52,95,59,133,117,85,9,100,113,45" hai3="110,40,28,115,19,76,36,98,38,131,65,103,46"/><V7/><F117/><W63/><G110/><T74/><D39/><U71/><E132/><N who="0" m="50729" /><D3/><U49/><E122/><V48/><F133/><W120/><G120/><T66/><D35/><U91/><E34/><V18/><F113/><W29/><G131/><T78/><D118/><U43/><E91/><N who="2" m="53743" /><F100/><W127/><G127/><T119/><D119/><U94/><E94/><V107/><F107/><W31/><G115/><T1/><D1/><U93/><E93/><V2/><F2/><W53/><G76/><T80/><D66/><U6/><E6/><V69/><F69/><W37/><G19/><T25/><D25/><U14/><E14/><N who="2" m="5439" /><F26/><W79/><G79/><T30/><D30/><U87/><E87/><V60/><F60/><W108/><G53/><T129/><D129/><U116/><E116/><V121/><F121/><W102/><G102/><N who="0" m="60775" /><D12/><U90/><E90/><V22/><AGARI ba="0,0" hai="13,18,22,45,48,52,58,59" m="5439,53743" machi="22" ten="30,3000,0" yaku="8,1,54,1" doraHai="104" who="2" fromWho="2" sc="407,-10,84,-10,240,30,269,-10" /><INIT seed="6,1,0,3,2,96" ten="397,74,270,259" oya="2" hai0="58,29,116,94,59,53,84,90,63,89,24,103,106" hai1="65,93,79,74,135,73,126,45,13,105,33,109,46" hai2="120,25,38,68,27,50,129,82,34,102,23,49,48" hai3="5,40,100,122,30,132,127,42,61,123,119,44,114"/><V18/><F120/><W36/><G119/><T95/><D116/><U14/><E109/><V12/><F68/><W131/><G131/><T57/><D106/><U64/><E105/><V71/><F71/><W108/><G108/><T110/><D110/><U3/><E3/><V134/><F38/><W52/><G30/><T22/><D103/><U11/><E93/><V92/><F129/><W62/><G5/><T21/><D22/><U7/><E126/><V86/><F134/><W47/><G100/><T81/><REACH who="0" step="1"/><D81/><REACH who="0" ten="387,74,270,259" step="2"/><U99/><E33/><V118/><F118/><W67/><G127/><T1/><D1/><U98/><E135/><V75/><F34/><W104/><G104/><T112/><D112/><U101/><E11/><V17/><F82/><W72/><G114/><T125/><D125/><U39/><E39/><V55/><F102/><W83/><G83/><T10/><D10/><U77/><REACH who="1" step="1"/><E101/><REACH who="1" ten="387,64,270,259" step="2"/><V121/><F92/><W15/><G132/><T54/><D54/><U85/><E85/><AGARI ba="1,2" hai="21,24,29,53,57,58,59,63,84,85,89,90,94,95" machi="85" ten="30,7700,0" yaku="1,1,7,1,9,1,8,1,53,0" doraHai="96" doraHaiUra="117" who="0" fromWho="1" sc="387,100,64,-80,270,0,259,0" owari="487,59.0,-16,-52.0,270,7.0,259,-14.0" /></mjloggm>