<mjloggm ver="2.3"><GO type="41" lobby="0"/><UN n0="%E3%83%8F%E3%83%B3%E3%83%88%43" n1="%E5%B0%B1%E6%B4%BB%E7%94%9F%40%E5%B7%9D%E6%9D%91%E8%BB%8D%E5%9B%A3" n2="%E3%81%B7%E3%81%AA" n3="%E7%99%BD%E6%B2%B3%E3%81%84%E3%81%8A%E3%82%8A" dan="14,14,14,13" rate="1933.04,1953.62,1952.45,1905.25" sx="M,M,M,F"/><TAIKYOKU oya="0"/><INIT seed="0,0,0,0,0,58" ten="250,250,250,250" oya="0" hai0="41,10,79,123,90,35,81,77,26,135,111,105,11" hai1="48,125,1,109,116,6,16,78,85,19,68,34,40" hai2="9,84,0,76,106,101,133,4,24,112,114,28,121" hai3="55,102,36,70,33,110,107,46,113,129,73,72,120"/><T94/><D105/><U49/><E116/><V54/><F121/><W124/><RYUUKYOKU type="yao9" ba="0,0" sc="250,0,250,0,250,0,250,0" hai3="33,36,46,55,70,72,73,102,107,110,113,120,124,129" /><INIT seed="0,1,0,1,0,122" ten="250,250,250,250" oya="0" hai0="120,35,20,5,32,132,60,19,27,107,64,2,45" hai1="55,76,112,37,100,130,53,38,50,10,84,128,118" hai2="61,103,62,111,77,117,129,99,123,16,125,14,121" hai3="89,54,51,131,4,26,109,102,17,67,135,57,21"/><T25/><D107/><U92/><E118/><V104/><F117/><W75/><G109/><T79/><D120/><U52/><E112/><V8/><F129/><N who="1" m="49769" /><E76/><V15/><F125/><W83/><G131/><T11/><D132/><U48/><E10/><V33/><F33/><W106/><G135/><T110/><D79/><U1/><E1/><V58/><F111/><W86/><G75/><T56/><D110/><U124/><E124/><V113/><F113/><W98/><G67/><T47/><D35/><U12/><E12/><V78/><F62/><W133/><G4/><T95/><D32/><U31/><E31/><V108/><F108/><W6/><G6/><T87/><D27/><U90/><E100/><V93/><F104/><W43/><G133/><T69/><REACH who="0" step="1"/><D69/><REACH who="0" ten="240,250,250,250" step="2"/><U0/><E0/><V82/><F78/><W80/><G26/><T36/><D36/><AGARI ba="1,1" hai="36,37,38,48,50,52,53,55,84,90,92" m="49769" machi="36" ten="40,2600,0" yaku="19,1,54,1" doraHai="122" who="1" fromWho="0" sc="240,-29,250,39,250,0,250,0" /><INIT seed="1,0,0,3,3,79" ten="211,289,250,250" oya="1" hai0="33,5,10,30,27,52,126,17,39,94,28,131,76" hai1="60,75,81,103,109,127,112,48,49,83,32,8,110" hai2="102,20,89,43,51,122,7,121,65,92,25,53,36" hai3="116,19,61,57,114,73,62,77,95,78,97,74,12"/><U93/><E112/><V2/><F102/><W38/><G114/><T3/><D39/><U129/><E32/><V124/><F124/><W82/><G38/><T134/><D76/><U99/><E127/><V4/><F65/><W66/><G62/><T18/><D126/><U47/><E75/><V70/><F70/><W87/><G78/><T26/><D94/><U118/><E118/><V31/><F43/><W67/><G67/><T84/><D52/><N who="1" m="29727" /><E129/><V45/><F36/><W16/><G116/><T125/><D84/><U37/><E37/><V104/><F104/><W117/><G117/><T106/><D106/><U63/><E8/><V41/><F41/><W14/><G14/><T44/><D44/><U86/><E49/><V29/><F29/><W72/><REACH who="3" step="1"/><G12/><REACH who="3" ten="211,289,250,240" step="2"/><T98/><D125/><U101/><E63/><V64/><F64/><W6/><G6/><T111/><D131/><U15/><E60/><V91/><F2/><W90/><AGARI ba="0,1" hai="16,19,57,61,66,72,73,74,77,82,87,90,95,97" machi="90" ten="30,7900,0" yaku="1,1,0,1,52,1,54,1,53,0" doraHai="79" doraHaiUra="11" who="3" fromWho="3" sc="211,-20,289,-39,250,-20,240,89" /><INIT seed="2,0,0,0,3,101" ten="191,250,230,329" oya="2" hai0="14,108,8,114,40,87,46,89,71,64,34,134,2" hai1="82,97,24,79,45,6,43,41,53,84,98,1,122" hai2="91,28,128,5,31,23,124,22,65,90,57,49,78" hai3="30,118,99,135,7,35,105,81,76,129,29,58,3"/><V33/><F5/><W119/><G129/><T75/><D75/><U121/><E24/><V95/><F128/><W50/><G135/><T59/><D71/><U92/><E97/><V0/><F0/><W39/><G39/><T83/><D2/><U102/><E6/><V110/><F124/><W85/><G30/><T125/><D34/><U56/><E1/><V126/><F126/><W48/><G29/><T104/><D104/><U66/><E66/><V11/><F11/><W117/><G35/><T26/><D134/><U94/><E94/><V13/><F78/><W69/><G69/><T88/><D125/><U133/><E133/><V113/><F113/><W27/><G27/><T9/><D114/><U86/><E86/><V93/><F33/><W51/><G7/><T17/><D108/><U47/><E47/><V10/><F110/><W18/><G3/><T44/><D26/><U4/><E4/><V103/><F103/><W107/><G99/><T73/><D73/><U16/><E16/><V12/><F10/><W112/><G112/><T116/><D116/><U62/><REACH who="1" step="1"/><E45/><REACH who="1" ten="191,240,230,329" step="2"/><V67/><F57/><W15/><REACH who="3" step="1"/><G58/><REACH who="3" ten="191,240,230,319" step="2"/><T130/><D130/><U106/><E106/><V38/><REACH who="2" step="1"/><F38/><REACH who="2" ten="191,240,220,319" step="2"/><W52/><G52/><T77/><D40/><AGARI ba="0,3" hai="40,41,43,53,56,62,79,82,84,92,98,102,121,122" machi="40" ten="40,1300,0" yaku="1,1,53,0" doraHai="101" doraHaiUra="60" who="1" fromWho="0" sc="191,-13,240,43,220,0,319,0" /><INIT seed="3,0,0,1,1,18" ten="178,283,220,319" oya="3" hai0="48,109,44,57,60,26,88,23,82,49,94,63,124" hai1="36,97,51,12,52,128,78,7,3,111,24,131,123" hai2="43,96,90,110,32,116,105,31,68,118,69,0,129" hai3="103,55,1,8,56,6,67,130,114,86,134,13,122"/><W132/><G122/><T21/><D124/><U106/><E3/><V74/><F74/><W108/><G114/><T29/><D109/><U66/><E36/><V98/><F0/><W33/><G33/><T47/><D82/><U133/><E66/><V34/><F110/><W80/><G108/><T87/><D49/><U81/><E123/><V62/><F43/><W91/><G130/><N who="1" m="49706" /><E111/><V37/><F37/><W65/><G103/><T50/><D48/><U61/><E61/><N who="0" m="23625" /><D57/><N who="1" m="32927" /><E24/><V2/><F2/><W10/><G55/><T77/><D77/><U92/><E106/><V72/><F72/><W73/><G73/><T11/><D11/><N who="1" m="4223" /><E133/><N who="3" m="51306" /><G56/><T16/><D50/><U15/><E15/><AGARI ba="0,0" hai="15,16,21,23,26,29,44,47,87,88,94" m="23625" machi="15" ten="30,8000,1" yaku="8,1,52,2,54,2" doraHai="18" who="0" fromWho="1" sc="178,80,283,-80,220,0,319,0" /><INIT seed="4,0,0,5,2,71" ten="258,203,220,319" oya="0" hai0="10,39,48,78,61,133,84,45,55,118,25,104,40" hai1="79,70,99,106,135,74,32,92,42,47,126,11,44" hai2="53,36,33,115,2,129,96,117,27,38,113,134,124" hai3="85,49,121,69,14,87,57,23,66,67,31,30,80"/><T43/><D104/><U17/><E106/><V50/><F2/><W97/><G69/><T131/><D118/><U73/><E70/><V100/><F117/><W37/><G37/><T75/><D75/><U58/><E32/><V93/><F134/><W83/><G121/><T29/><D133/><U21/><E126/><V51/><F124/><W16/><G97/><T72/><D72/><U109/><E135/><V122/><F122/><W77/><G49/><T111/><D131/><U95/><E109/><V64/><F64/><N who="3" m="24619" /><G57/><T41/><D111/><U59/><E11/><V22/><F33/><W108/><G108/><T127/><D61/><U54/><E59/><V89/><F129/><W107/><G107/><T76/><D10/><U52/><E95/><V12/><F51/><W0/><G0/><T35/><D127/><U60/><E54/><V103/><F12/><W20/><G20/><T105/><D105/><U101/><E79/><AGARI ba="0,0" hai="14,16,23,30,31,77,79,80,83,85,87" m="24619" machi="79" ten="30,2000,0" yaku="8,1,54,1" doraHai="71" who="3" fromWho="1" sc="258,0,203,-20,220,0,319,20" /><INIT seed="5,0,0,4,0,133" ten="258,183,220,339" oya="1" hai0="49,109,56,123,62,111,0,33,36,114,126,113,69" hai1="14,117,35,107,28,73,38,27,120,59,43,110,30" hai2="112,105,61,122,21,91,121,8,87,64,93,18,79" hai3="102,25,131,2,124,100,31,6,76,41,44,97,57"/><U23/><E107/><V19/><F105/><W3/><G124/><T16/><D33/><U51/><E73/><V29/><F29/><W53/><G76/><T39/><D0/><U134/><E117/><V95/><F112/><N who="0" m="43114" /><D16/><N who="1" m="10647" /><E38/><N who="0" m="14377" /><D126/><U72/><E72/><V58/><F79/><W86/><G2/><T60/><D123/><U1/><E1/><V7/><F95/><W99/><G6/><T88/><D88/><U9/><E120/><V90/><F90/><W127/><G100/><T15/><D15/><U22/><E134/><V71/><F19/><W5/><G102/><T20/><D20/><U101/><E110/><N who="0" m="41993" /><D69/><U80/><E35/><V67/><F8/><W52/><G3/><T84/><D84/><U98/><E9/><V132/><F7/><W65/><G5/><T37/><D37/><U26/><E80/><V129/><F132/><W85/><G127/><T130/><D130/><U54/><E101/><V128/><F128/><W119/><G131/><T45/><D56/><U50/><E98/><V78/><F129/><W42/><G97/><T135/><D135/><U47/><E27/><V96/><F78/><W70/><G99/><T108/><N who="0" m="42001" /><T75/><DORA hai="17" /><D75/><U81/><E81/><V115/><F115/><W13/><G25/><T94/><D94/><U89/><E89/><V68/><F96/><W34/><G34/><T40/><AGARI ba="0,0" hai="40,45,49,60,62" m="42001,14377,43114" machi="40" ten="50,6400,0" yaku="15,1,34,2" doraHai="133,17" who="0" fromWho="0" sc="258,64,183,-32,220,-16,339,-16" /><INIT seed="6,0,0,2,5,21" ten="322,151,204,323" oya="2" hai0="4,62,42,90,87,14,7,61,89,92,101,71,124" hai1="18,127,113,82,69,55,50,43,25,110,75,31,58" hai2="67,8,93,121,45,17,78,108,74,5,53,39,77" hai3="79,128,111,34,35,135,80,85,0,60,96,46,86"/><V13/><F121/><W6/><G111/><T76/><D124/><U112/><E69/><V81/><F108/><W29/><G128/><T105/><D105/><U24/><E110/><V44/><F67/><W117/><G117/><T114/><D71/><U83/><E127/><V130/><F130/><W91/><G96/><N who="0" m="59527" /><D42/><U100/><E100/><V133/><F133/><W3/><G60/><N who="0" m="23147" /><D114/><N who="1" m="44139" /><E75/><V120/><F78/><W28/><G46/><T123/><D123/><U115/><N who="1" m="44147" /><U20/><DORA hai="125" /><E43/><V94/><F120/><W23/><G34/><AGARI ba="0,0" hai="18,20,24,25,31,34,50,55,58,82,83" m="44147" machi="34" ten="40,5200,0" yaku="15,1,52,2" doraHai="21,125" who="1" fromWho="3" sc="322,0,151,52,204,0,323,-52" /><INIT seed="7,0,0,4,3,12" ten="322,203,204,271" oya="3" hai0="59,3,85,73,82,127,13,31,111,66,62,125,8" hai1="83,37,32,95,104,88,105,81,39,58,45,38,0" hai2="80,1,75,61,51,89,70,56,92,63,94,87,57" hai3="109,123,135,18,102,22,21,67,52,120,2,133,76"/><W118/><G118/><T124/><D3/><U19/><E32/><V40/><F1/><W23/><G2/><T86/><D73/><U26/><E0/><V101/><F70/><W36/><G67/><T117/><D31/><U64/><E45/><V90/><F75/><W77/><G36/><T128/><D128/><U107/><E26/><V116/><F116/><W33/><G33/><T27/><D27/><U130/><E130/><V100/><F51/><W126/><G126/><T41/><D41/><U103/><E103/><V71/><F40/><W55/><G102/><T96/><D96/><U43/><E43/><V98/><F71/><W50/><G109/><T25/><D25/><U9/><E64/><V46/><F46/><N who="3" m="27735" /><G55/><T79/><D111/><U14/><REACH who="1" step="1"/><E58/><REACH who="1" ten="322,193,204,271" step="2"/><V11/><F80/><W78/><G120/><T113/><D117/><U106/><N who="1" m="26624" /><DORA hai="53" /><U110/><E110/><V115/><F115/><W17/><G123/><T16/><D113/><U15/><E15/><V28/><F28/><W47/><G47/><T132/><D127/><U49/><E49/><V97/><REACH who="2" step="1"/><F87/><AGARI ba="0,1" hai="9,14,19,37,38,39,81,83,87,88,95" m="26624" machi="87" ten="70,8000,1" yaku="1,1,52,1,54,1,53,1" doraHai="12,53" doraHaiUra="4,119" who="1" fromWho="2" sc="322,0,193,90,204,-80,271,0" owari="322,43.0,283,8.0,124,-38.0,271,-13.0" /></mjloggm>