<mjloggm ver="2.3"><GO type="225" lobby="0"/><UN n0="%E3%81%A4%E3%81%8B%E3%82%93%E3%81%BD%E3%81%8F%E3%82%93" n1="%E3%83%88%E3%83%88%E3%83%AA%E5%85%88%E7%94%9F%31%39%E6%AD%B3" n2="%73%61%72%61%6B" n3="%67%72%61%64%6C%69%6E%65" dan="16,18,16,16" rate="2094.75,2254.74,2084.72,2117.27" sx="M,F,M,M"/><TAIKYOKU oya="0"/><INIT seed="0,0,0,1,4,25" ten="250,250,250,250" oya="0" hai0="135,73,80,84,100,15,21,128,48,63,119,64,90" hai1="61,18,123,53,6,37,130,122,16,52,92,106,94" hai2="65,72,35,27,117,101,7,134,14,79,47,107,41" hai3="57,54,34,5,129,51,12,44,103,121,99,39,10"/><T56/><D119/><U11/><E106/><V42/><F14/><W127/><G129/><T55/><D128/><U58/><E130/><V22/><F22/><W112/><G127/><T49/><D73/><U114/><E114/><V113/><F113/><W77/><G112/><T96/><D135/><U93/><E37/><V26/><F26/><W59/><G121/><T66/><D48/><U75/><E75/><V89/><F89/><W110/><G110/><T3/><D3/><U4/><E53/><V85/><F85/><W71/><G71/><T8/><D21/><U120/><REACH who="1" step="1"/><E4/><REACH who="1" ten="250,240,250,250" step="2"/><V82/><F7/><W126/><G39/><T125/><D125/><U109/><E109/><V111/><F111/><W30/><G126/><T118/><D118/><U105/><E105/><V1/><F107/><W24/><REACH who="3" step="1"/><G77/><REACH who="3" ten="250,240,250,240" step="2"/><T13/><D66/><U115/><E115/><V62/><F65/><W81/><G81/><T29/><D64/><U28/><E28/><V50/><F82/><W95/><AGARI ba="0,2" hai="5,10,12,24,30,34,44,51,54,57,59,95,99,103" machi="95" ten="20,5200,0" yaku="1,1,0,1,7,1,52,1,53,0" doraHai="25" doraHaiUra="60" who="3" fromWho="3" sc="250,-26,240,-13,250,-13,240,72" /><INIT seed="1,0,0,5,2,86" ten="224,227,237,312" oya="1" hai0="120,38,133,105,72,2,31,78,41,12,125,11,100" hai1="15,113,43,121,47,108,19,90,14,96,48,91,84" hai2="70,109,85,127,92,21,4,116,97,10,26,132,122" hai3="71,98,62,59,60,37,24,61,7,5,0,55,99"/><U64/><E113/><V9/><F122/><W16/><G0/><T89/><D120/><U1/><E1/><V73/><F73/><W104/><G37/><T65/><D31/><U57/><E121/><V102/><F116/><W58/><G104/><T46/><D65/><U29/><E108/><V6/><F70/><W106/><G106/><T63/><D63/><N who="3" m="24137" /><G71/><T49/><D125/><U44/><E29/><N who="2" m="17615" /><F127/><W134/><G134/><T68/><D133/><U8/><E64/><V23/><F132/><W76/><G76/><T53/><D68/><U103/><E84/><V20/><F85/><W112/><G59/><T118/><D118/><U51/><E57/><V124/><F109/><W17/><G112/><T35/><D2/><U74/><E14/><N who="2" m="5415" /><F124/><W87/><G87/><T45/><D35/><U94/><E74/><V50/><F50/><W110/><G110/><T52/><D72/><U69/><E69/><V80/><F80/><W126/><G126/><T13/><D78/><U40/><AGARI ba="0,0" hai="8,15,19,40,43,44,47,48,51,90,91,94,96,103" machi="40" ten="20,18000,2" yaku="0,1,7,1,9,1,8,1,52,2" doraHai="86" who="1" fromWho="1" sc="224,-60,227,180,237,-60,312,-60" /><INIT seed="1,1,0,2,5,77" ten="164,407,177,252" oya="1" hai0="58,83,109,32,57,89,131,116,117,60,15,64,87" hai1="111,29,119,3,31,132,33,98,105,88,65,90,134" hai2="24,18,125,35,25,5,78,113,39,94,82,52,23" hai3="6,0,95,68,106,129,45,49,19,107,128,47,55"/><U110/><E119/><V135/><F39/><W70/><G19/><T99/><D32/><U112/><E112/><V72/><F135/><N who="1" m="51753" /><E3/><V43/><F43/><W97/><G45/><T122/><D122/><U1/><E1/><V20/><F35/><W108/><G108/><N who="1" m="41514" /><E65/><V84/><F5/><W26/><G26/><T80/><D109/><U17/><E17/><V44/><F125/><W63/><G63/><T10/><D131/><N who="3" m="50249" /><G6/><T120/><D120/><U16/><E16/><V124/><F124/><W102/><G0/><T118/><D99/><U127/><E127/><V9/><F113/><W4/><G4/><T73/><D57/><U67/><E67/><V12/><F24/><W34/><G34/><T114/><D114/><U61/><E61/><V103/><F25/><W2/><G2/><T37/><D118/><U14/><E14/><V126/><F126/><W36/><G70/><T101/><D117/><U100/><E33/><V69/><F69/><W56/><G68/><T62/><D116/><U133/><E133/><V76/><F20/><W123/><G123/><T85/><D62/><U46/><E46/><V21/><F21/><W53/><G47/><T91/><D15/><U96/><E96/><N who="2" m="59799" /><F23/><W42/><G97/><T79/><D10/><U30/><AGARI ba="1,0" hai="29,30,31,88,90,98,100,105" m="41514,51753" machi="30" ten="40,12000,1" yaku="20,1,14,1,10,1,54,1" doraHai="77" who="1" fromWho="1" sc="164,-41,407,123,177,-41,252,-41" /><INIT seed="1,2,0,2,3,2" ten="123,530,136,211" oya="1" hai0="93,60,44,11,96,47,121,20,89,78,88,104,29" hai1="77,55,57,34,133,41,128,9,115,25,122,105,32" hai2="46,110,24,48,120,58,22,73,108,28,42,102,35" hai3="71,54,90,124,23,68,119,76,39,97,116,56,114"/><U27/><E115/><V118/><F120/><W62/><G114/><T12/><D104/><U92/><E105/><V30/><F118/><N who="3" m="45099" /><G39/><T38/><D121/><U67/><E122/><V126/><F73/><W113/><G113/><T74/><D60/><U99/><E67/><V37/><F126/><W80/><G124/><T63/><D63/><U125/><E125/><V1/><F1/><W82/><G23/><T36/><D36/><U132/><E128/><V70/><F70/><N who="3" m="26667" /><G76/><T98/><D38/><U66/><E66/><V131/><F131/><W100/><G90/><T0/><D0/><U65/><E65/><V19/><F102/><W31/><G31/><T87/><D74/><U13/><E77/><V6/><F30/><W83/><G83/><N who="0" m="47607" /><D29/><U10/><E41/><V106/><F37/><W130/><G130/><T33/><D33/><U50/><E32/><V17/><F35/><W8/><G8/><T64/><D20/><U91/><E9/><V111/><F28/><W26/><G26/><T53/><D64/><U84/><E34/><V117/><F24/><W95/><AGARI ba="2,0" hai="54,56,62,80,82,95,97,100" m="26667,45099" machi="95" ten="30,1100,0" yaku="12,1" doraHai="2" who="3" fromWho="3" sc="123,-5,530,-7,136,-5,211,17" /><INIT seed="2,0,0,5,4,120" ten="118,523,131,228" oya="2" hai0="33,115,79,58,53,128,41,83,100,134,21,127,68" hai1="84,102,4,89,97,86,133,105,57,107,43,104,88" hai2="106,72,52,114,9,76,130,34,82,103,5,17,112" hai3="44,65,25,92,108,23,51,15,56,13,80,36,60"/><V1/><F130/><W16/><G108/><T8/><D68/><U85/><E43/><V69/><F69/><W27/><G36/><T117/><D33/><U55/><E4/><V124/><F124/><W119/><G119/><T30/><D127/><U96/><E133/><V67/><F67/><W99/><G80/><T126/><D115/><U129/><E129/><V22/><F34/><W62/><G62/><T46/><D126/><U45/><E45/><V11/><F11/><W77/><G77/><T118/><D128/><U20/><E20/><V98/><REACH who="2" step="1"/><F52/><REACH who="2" ten="118,523,121,228" step="2"/><N who="3" m="29799" /><G27/><AGARI ba="0,1" hai="1,5,9,17,22,27,72,76,82,98,103,106,112,114" machi="27" ten="30,2900,0" yaku="1,1,7,1,53,0" doraHai="120" doraHaiUra="70" who="2" fromWho="3" sc="118,0,523,0,121,39,228,-29" /><INIT seed="2,1,0,4,4,59" ten="118,523,160,199" oya="2" hai0="29,52,55,121,84,119,39,103,78,9,7,100,82" hai1="11,41,110,6,106,89,12,129,22,48,99,49,10" hai2="94,122,79,17,14,47,112,61,27,20,131,96,8" hai3="56,2,111,23,67,95,113,45,75,97,40,68,63"/><V19/><F122/><W115/><G2/><T116/><D39/><U62/><E129/><V60/><F112/><N who="3" m="43083" /><G75/><T36/><D36/><U71/><E110/><V107/><F107/><W31/><G111/><T15/><D121/><U109/><E109/><V102/><F131/><W18/><G31/><T58/><D29/><U25/><E41/><V114/><F114/><W13/><G95/><T30/><D30/><N who="1" m="17719" /><E71/><V34/><F34/><W126/><G97/><T57/><D57/><U64/><E106/><V43/><REACH who="2" step="1"/><F79/><REACH who="2" ten="118,523,150,199" step="2"/><W73/><G126/><T69/><D69/><U88/><E89/><V66/><F66/><W42/><G68/><T132/><D132/><U101/><E88/><V105/><F105/><W120/><G120/><T51/><REACH who="0" step="1"/><D55/><REACH who="0" ten="108,523,150,199" step="2"/><U53/><E53/><V28/><F28/><W127/><G67/><T117/><AGARI ba="1,2" hai="7,9,15,51,52,58,78,82,84,100,103,116,117,119" machi="117" ten="30,12000,2" yaku="1,1,2,1,0,1,12,1,54,1,53,1" doraHai="59" doraHaiUra="3" who="0" fromWho="0" sc="108,143,523,-31,150,-61,199,-31" /><INIT seed="3,0,0,1,5,103" ten="251,492,89,168" oya="3" hai0="62,5,66,115,60,64,85,109,41,114,51,100,123" hai1="71,78,1,8,44,7,106,113,74,58,116,128,26" hai2="130,36,18,102,101,32,81,104,6,111,20,33,65" hai3="121,9,69,34,25,61,72,56,10,99,134,52,88"/><W119/><G72/><T49/><D5/><U79/><E113/><N who="0" m="43017" /><D100/><U59/><E71/><V82/><F36/><W38/><G121/><T105/><D85/><U40/><E106/><V93/><F93/><N who="3" m="56743" /><G38/><T83/><D83/><N who="1" m="45527" /><E79/><V76/><F6/><W125/><G69/><N who="0" m="42119" /><D105/><U50/><E50/><N who="0" m="18953" /><D123/><U68/><E68/><V37/><F37/><W132/><G119/><T87/><D87/><U126/><E26/><V124/><F65/><W57/><G125/><T110/><D41/><U96/><E44/><V77/><F124/><W118/><G118/><T43/><D43/><U84/><E40/><V112/><F112/><W48/><G25/><T21/><D21/><U129/><E126/><V89/><F89/><W95/><G34/><T22/><D22/><U90/><E96/><V80/><F101/><W108/><G95/><T133/><D133/><N who="3" m="51305" /><G108/><T75/><D75/><U92/><E116/><V63/><F111/><W12/><G12/><T127/><D127/><U91/><E91/><V98/><F63/><W3/><G3/><T135/><D135/><U67/><E67/><AGARI ba="0,0" hai="9,10,48,52,56,57,61,67" m="51305,56743" machi="67" ten="30,5800,0" yaku="20,1,54,2" doraHai="103" who="3" fromWho="1" sc="251,0,492,-58,89,0,168,58" /><INIT seed="3,1,0,0,3,61" ten="251,434,89,226" oya="3" hai0="115,118,107,119,79,102,63,70,69,117,1,99,48" hai1="8,104,82,65,51,95,3,93,133,15,33,43,30" hai2="126,11,71,76,106,109,28,103,129,46,92,122,38" hai3="111,90,58,17,0,121,7,18,98,44,53,73,100"/><W26/><G73/><T64/><D1/><U29/><E104/><V85/><F71/><W88/><G121/><T27/><D79/><U34/><E3/><V40/><F28/><N who="1" m="10857" /><E34/><V96/><F122/><W120/><G120/><T57/><D27/><U125/><E33/><V31/><F31/><W22/><G44/><T54/><REACH who="0" step="1"/><D115/><REACH who="0" ten="241,434,89,226" step="2"/><U72/><E133/><V4/><F129/><W20/><G111/><T97/><D97/><U37/><E37/><V36/><F109/><W59/><G0/><T47/><AGARI ba="1,1" hai="47,48,54,57,63,64,69,70,99,102,107,117,118,119" machi="47" ten="30,7900,0" yaku="1,1,0,1,52,1,53,1" doraHai="61" doraHaiUra="94" who="0" fromWho="0" sc="241,92,434,-21,89,-21,226,-40" owari="333,13.0,413,51.0,68,-43.0,186,-21.0" /></mjloggm>