<mjloggm ver="2.3"><GO type="41" lobby="0"/><UN n0="%E7%94%B0%E6%9D%91%E5%90%9B" n1="%E3%83%88%E3%83%88%E3%83%AA%E5%85%88%E7%94%9F%31%39%E6%AD%B3" n2="%69%7A%69%7A%79%75%79%75" n3="%E9%9D%A2%E6%B8%85%E3%81%AE%E3%83%90%E3%83%93%E3%82%A3" dan="14,14,15,13" rate="1999.12,2047.34,1962.83,1833.39" sx="M,F,M,M"/><TAIKYOKU oya="0"/><INIT seed="0,0,0,2,1,48" ten="250,250,250,250" oya="0" hai0="33,79,21,60,63,127,11,64,0,39,69,37,124" hai1="78,125,132,59,5,12,134,67,8,85,65,83,10" hai2="20,52,76,44,112,57,113,18,23,96,28,32,107" hai3="68,50,94,36,118,51,72,74,16,129,116,115,15"/><T34/><D79/><U87/><E125/><N who="0" m="48201" /><D21/><U122/><E122/><V7/><F7/><W128/><G68/><T110/><D60/><U95/><E95/><V114/><F76/><W19/><G94/><T117/><D117/><U40/><E85/><V17/><F44/><W54/><G15/><T35/><D110/><U47/><E8/><V43/><F43/><W86/><G86/><T90/><D90/><U133/><REACH who="1" step="1"/><E59/><REACH who="1" ten="250,240,250,250" step="2"/><V98/><F107/><W3/><G115/><T41/><D41/><U9/><E9/><V92/><F92/><W102/><G102/><T22/><D22/><U24/><E24/><N who="2" m="16415" /><F113/><W14/><G3/><T26/><D26/><U120/><E120/><V25/><F114/><W77/><G14/><T46/><D46/><U1/><E1/><V123/><F112/><W101/><G101/><T71/><D71/><U56/><E56/><V82/><F123/><W29/><G77/><T97/><D97/><U75/><E75/><V81/><F32/><W58/><G58/><T61/><D0/><U6/><E6/><V30/><F98/><W13/><G13/><T55/><D11/><U111/><E111/><V135/><F96/><W88/><G88/><T42/><D42/><U49/><AGARI ba="0,1" hai="5,10,12,40,47,49,65,67,78,83,87,132,133,134" machi="49" ten="30,8000,1" yaku="1,1,0,1,25,2,20,1,53,0" doraHai="48" doraHaiUra="105" who="1" fromWho="1" sc="250,-40,240,90,250,-20,250,-20" /><INIT seed="1,0,0,5,1,41" ten="210,330,230,230" oya="1" hai0="87,133,78,49,82,1,52,25,31,60,89,8,14" hai1="131,20,105,115,12,107,2,108,81,15,43,7,101" hai2="51,30,96,134,18,77,55,100,90,74,95,34,99" hai3="42,122,109,121,70,85,6,127,66,19,39,3,27"/><U36/><E115/><V48/><F134/><W61/><G109/><T32/><D133/><U112/><E112/><V69/><F69/><W118/><G127/><T57/><D1/><U84/><E131/><V126/><F126/><W114/><G114/><T83/><D78/><U29/><E108/><V5/><F5/><W53/><G118/><T123/><D123/><U64/><E64/><V92/><F18/><W11/><G85/><T98/><D98/><U72/><E15/><V37/><F37/><W10/><G27/><T135/><D135/><U47/><E101/><V0/><F0/><W17/><G53/><T59/><D82/><U86/><E86/><V28/><F48/><W116/><G116/><T67/><D14/><U71/><E71/><V79/><F34/><W56/><G70/><T119/><D8/><N who="1" m="2167" /><E84/><V23/><F74/><W130/><G130/><T113/><D113/><U93/><E93/><V111/><F111/><W16/><REACH who="3" step="1"/><G11/><REACH who="3" ten="210,330,230,220" step="2"/><T63/><REACH who="0" step="1"/><D119/><REACH who="0" ten="200,330,230,220" step="2"/><U68/><E72/><V65/><F96/><W46/><AGARI ba="0,2" hai="3,6,10,16,17,19,39,42,46,56,61,66,121,122" machi="46" ten="30,12000,2" yaku="1,1,2,1,0,1,52,1,54,1,53,1" doraHai="41" doraHaiUra="54" who="3" fromWho="3" sc="200,-30,330,-60,230,-30,220,140" /><INIT seed="2,0,0,3,2,30" ten="170,270,200,360" oya="2" hai0="108,29,115,106,86,135,66,7,81,116,121,44,39" hai1="11,26,124,43,58,16,118,33,77,113,131,129,12" hai2="28,2,18,1,94,61,51,120,3,55,132,133,62" hai3="31,76,47,126,69,110,19,20,114,46,75,45,71"/><V35/><F120/><W107/><G107/><T130/><D66/><U72/><E113/><V90/><F18/><W74/><G114/><T53/><D7/><U48/><E118/><V56/><F28/><W14/><G126/><T82/><D53/><U122/><E124/><V0/><N who="2" m="0" /><DORA hai="109" /><V99/><REACH who="2" step="1"/><F35/><REACH who="2" ten="170,270,190,360" step="2"/><W36/><G31/><T49/><D121/><U105/><E33/><V15/><F15/><W89/><G19/><T64/><D29/><U9/><E26/><V8/><F8/><W68/><G14/><T17/><D115/><U96/><E122/><V22/><F22/><W73/><G20/><T59/><D17/><U4/><E9/><V95/><F95/><W93/><G110/><T37/><D108/><U123/><E123/><V24/><F24/><W92/><G36/><T91/><D37/><U32/><E32/><V38/><F38/><W34/><G34/><T87/><D39/><U10/><E10/><V21/><F21/><W104/><G104/><T42/><D106/><U41/><E16/><V128/><F128/><W70/><G93/><T54/><D130/><U103/><E131/><V102/><F102/><W5/><G92/><T98/><D116/><U117/><E129/><V127/><F127/><W60/><G5/><T111/><D111/><U50/><E117/><V101/><F101/><W67/><G89/><T125/><D125/><U57/><E4/><V13/><F13/><W40/><G40/><N who="1" m="15434" /><E12/><V85/><F85/><N who="0" m="32266" /><D42/><U83/><E11/><V88/><F88/><W119/><G119/><T65/><D91/><U134/><E105/><V63/><AGARI ba="0,1" hai="51,55,56,61,62,63,90,94,99,132,133" m="0" machi="63" ten="60,11700,0" yaku="1,1,5,1,0,1,53,0" doraHai="30,109" doraHaiUra="78,97" who="2" fromWho="2" sc="170,-39,270,-39,190,127,360,-39" /><INIT seed="2,1,0,0,5,97" ten="131,231,317,321" oya="2" hai0="131,0,102,103,128,5,69,41,79,132,108,55,25" hai1="135,73,129,64,98,50,116,57,24,65,133,18,122" hai2="56,9,121,15,70,45,30,21,126,59,23,81,1" hai3="4,76,117,89,110,124,16,10,104,85,111,127,114"/><V47/><F121/><W38/><G38/><T46/><D69/><U3/><E116/><V8/><F70/><W28/><G117/><T36/><D79/><U86/><E73/><V22/><F126/><N who="3" m="48171" /><G104/><T11/><D108/><N who="3" m="41513" /><G76/><T68/><D68/><U112/><E3/><V32/><F81/><N who="3" m="49327" /><G28/><T87/><D87/><U118/><E86/><V62/><F30/><W52/><G114/><T37/><D37/><U101/><E112/><V48/><F32/><W88/><G4/><T106/><D106/><U42/><E118/><V113/><F113/><W7/><G7/><T13/><D132/><U109/><E109/><V77/><F77/><W84/><G10/><N who="0" m="2343" /><D25/><U120/><E24/><V92/><F9/><W60/><G60/><T75/><D75/><U14/><E133/><V80/><F1/><W31/><G31/><T125/><D125/><U29/><E29/><V61/><F62/><W95/><G52/><T6/><D55/><N who="1" m="31991" /><E135/><V33/><F61/><W39/><G39/><T12/><D12/><U27/><E27/><V63/><F63/><W54/><G54/><T53/><D53/><U105/><E64/><V115/><F115/><W72/><G16/><T66/><D66/><U96/><E65/><V17/><F17/><W35/><G72/><T49/><D36/><U71/><E42/><V93/><F15/><W2/><G2/><T90/><D90/><U20/><E71/><V83/><F33/><AGARI ba="1,0" hai="33,35,84,88,95" m="49327,41513,48171" machi="33" ten="30,3900,0" yaku="18,1,14,1,54,1" doraHai="97" who="3" fromWho="2" sc="131,0,231,0,317,-42,321,42" /><INIT seed="3,0,0,1,2,49" ten="131,231,275,363" oya="3" hai0="87,94,65,125,28,52,17,8,58,120,133,2,46" hai1="86,92,109,7,93,129,12,85,115,16,44,81,128" hai2="80,33,83,131,22,14,97,77,122,36,100,54,6" hai3="103,135,62,73,5,107,10,96,104,59,71,105,30"/><W110/><G135/><T1/><D120/><U60/><E115/><V114/><F36/><W64/><G110/><T95/><D133/><U90/><E109/><V101/><F114/><W15/><G73/><T63/><D28/><U43/><E7/><V57/><F33/><W124/><G124/><T111/><D125/><U21/><E60/><V66/><F66/><W112/><G112/><T41/><D111/><U82/><E129/><V56/><F56/><W55/><REACH who="3" step="1"/><G30/><REACH who="3" ten="131,231,275,353" step="2"/><T45/><D1/><U40/><E128/><V118/><F131/><W19/><G19/><T88/><D2/><U121/><E121/><V78/><F122/><W130/><G130/><T18/><D8/><U69/><E69/><V20/><F118/><W26/><G26/><T32/><D32/><U35/><E35/><V72/><F72/><W51/><AGARI ba="0,1" hai="5,10,15,51,55,59,62,64,71,96,103,104,105,107" machi="51" ten="20,7800,0" yaku="1,1,0,1,7,1,52,1,53,0" doraHai="49" doraHaiUra="70" who="3" fromWho="3" sc="131,-26,231,-26,275,-26,353,88" /><INIT seed="3,1,0,5,5,32" ten="105,205,249,441" oya="3" hai0="104,55,5,36,51,7,27,31,67,19,103,11,135" hai1="29,22,114,91,76,16,26,115,46,84,102,68,79" hai2="85,126,41,2,69,74,122,125,129,80,15,10,110" hai3="4,17,131,94,49,133,71,124,34,82,106,132,92"/><W13/><G34/><T123/><D36/><U97/><E68/><V12/><F122/><W121/><G106/><T73/><D67/><U98/><E115/><V42/><F69/><W127/><G71/><T57/><D73/><U70/><E114/><V33/><F33/><W88/><G121/><T24/><D123/><U130/><E130/><V52/><F74/><W99/><G49/><T95/><D104/><U21/><E46/><V96/><F96/><N who="1" m="36969" /><E102/><V28/><F28/><W89/><G4/><N who="0" m="1611" /><D135/><N who="3" m="51785" /><G17/><T118/><D118/><U3/><E3/><V93/><F93/><N who="3" m="35947" /><G13/><N who="0" m="7615" /><D31/><U81/><E70/><V109/><F129/><W35/><G35/><T119/><D119/><U59/><E59/><V1/><F15/><AGARI ba="1,0" hai="15,16,21,22,26,29,76,79,81,84,91" m="36969" machi="15" ten="30,2000,0" yaku="8,1,54,1" doraHai="32" who="1" fromWho="2" sc="105,0,205,23,249,-23,441,0" /><INIT seed="4,0,0,2,1,42" ten="105,228,226,441" oya="0" hai0="1,92,110,118,90,34,71,121,56,36,97,85,122" hai1="66,67,73,47,23,57,25,63,107,91,128,69,117" hai2="50,11,103,17,111,32,126,55,82,22,45,31,100" hai3="123,44,93,53,87,75,129,77,60,27,37,13,59"/><T114/><D1/><U8/><E117/><V106/><F32/><W125/><G75/><T94/><D34/><U18/><E73/><V112/><F106/><W62/><G123/><T39/><D71/><U81/><E107/><V38/><F38/><W109/><G125/><T12/><D118/><U40/><E128/><V104/><F104/><W132/><G37/><T134/><D36/><U124/><E124/><V70/><F70/><W68/><G68/><T10/><D39/><U102/><E102/><V3/><F111/><W29/><G109/><T98/><D110/><U76/><E69/><V2/><F2/><W6/><G132/><T7/><D134/><U14/><E91/><V131/><F112/><W127/><G129/><T88/><D114/><U15/><E67/><V58/><F3/><W120/><G77/><T86/><REACH who="0" step="1"/><D56/><REACH who="0" ten="95,228,226,441" step="2"/><U52/><E57/><V89/><F126/><W130/><G59/><T115/><D115/><U21/><E14/><N who="2" m="7391" /><F131/><W48/><G13/><T105/><D105/><U96/><E15/><V79/><F58/><W16/><G130/><T35/><D35/><U28/><E63/><V33/><F33/><W95/><G62/><T78/><D78/><U4/><E76/><V84/><F79/><W49/><G60/><T64/><D64/><U119/><E66/><V99/><F45/><W133/><G44/><T83/><D83/><U51/><E81/><V135/><F82/><W5/><G133/><T9/><D9/><U43/><E119/><V74/><F135/><W61/><G61/><T108/><D108/><U65/><E47/><V116/><F116/><RYUUKYOKU ba="0,1" sc="95,30,228,-10,226,-10,441,-10" hai0="7,10,12,85,86,88,90,92,94,97,98,121,122" /><INIT seed="4,1,1,2,4,86" ten="125,218,216,431" oya="0" hai0="77,74,119,83,2,63,58,123,75,59,0,43,45" hai1="133,40,12,114,88,71,10,115,57,38,49,14,7" hai2="78,4,101,28,30,131,55,1,92,132,126,135,73" hai3="97,56,50,17,5,122,64,62,117,25,87,125,112"/><T24/><D119/><U65/><E133/><N who="2" m="51275" /><F55/><W95/><G125/><T32/><D123/><U80/><E71/><V107/><F107/><W26/><G112/><N who="1" m="43050" /><E38/><V91/><F101/><W134/><G117/><T29/><D75/><U41/><E14/><V52/><F126/><W105/><G105/><T81/><D81/><U35/><E35/><V39/><F39/><W103/><G122/><T20/><D20/><U129/><E129/><V109/><F4/><W66/><G5/><T3/><REACH who="0" step="1"/><D63/><REACH who="0" ten="115,218,216,431" step="2"/><N who="1" m="38127" /><E49/><AGARI ba="1,2" hai="0,2,3,24,29,32,43,45,49,58,59,74,77,83" machi="49" ten="40,3900,0" yaku="1,1,53,1" doraHai="86" doraHaiUra="106" who="0" fromWho="1" sc="115,62,218,-42,216,0,431,0" /><INIT seed="4,2,0,1,5,132" ten="177,176,216,431" oya="0" hai0="53,76,85,36,13,92,125,81,33,23,108,39,20" hai1="30,88,135,100,9,69,72,126,46,99,122,57,58" hai2="43,2,32,75,107,134,94,29,110,71,14,48,31" hai3="112,82,119,90,59,65,42,34,78,47,130,61,6"/><T86/><D33/><U105/><E122/><V121/><F94/><W44/><G34/><T45/><D125/><U106/><E135/><V97/><F48/><W74/><G119/><T104/><D104/><U27/><E105/><V66/><F97/><W28/><G28/><T51/><D108/><U11/><E72/><V18/><F66/><W15/><G112/><T5/><D5/><U56/><E69/><V120/><F43/><W123/><G130/><T101/><D86/><U21/><E126/><V111/><F31/><W131/><G131/><T124/><D124/><U16/><E46/><V118/><F29/><W54/><G123/><T133/><D133/><U60/><E60/><V115/><F18/><W25/><G25/><T62/><D62/><U114/><E114/><V102/><F14/><W89/><G65/><T50/><D101/><U17/><E88/><V1/><F102/><W63/><G47/><T67/><D67/><U77/><E77/><V10/><F10/><W68/><G68/><T96/><D50/><U117/><E117/><V55/><F55/><W41/><G63/><T40/><D13/><U70/><E70/><V35/><F111/><W19/><G6/><T127/><D127/><U38/><E38/><N who="0" m="14377" /><D40/><U26/><REACH who="1" step="1"/><E17/><REACH who="1" ten="177,166,216,431" step="2"/><V8/><F120/><W52/><G44/><T103/><D76/><U87/><E87/><V7/><F121/><W116/><G61/><T83/><D85/><U95/><E95/><V80/><F134/><W73/><G116/><T12/><D83/><U91/><E91/><V113/><F80/><W37/><G90/><T129/><D81/><RYUUKYOKU ba="2,1" sc="177,-10,166,30,216,-10,431,-10" hai1="9,11,16,21,26,27,30,56,57,58,99,100,106" /><INIT seed="5,3,1,4,5,29" ten="167,196,206,421" oya="1" hai0="128,32,11,85,34,118,104,17,74,87,63,86,3" hai1="58,57,113,39,6,42,19,99,122,51,45,119,109" hai2="43,23,40,12,62,7,24,123,69,105,103,94,49" hai3="67,66,46,59,33,38,15,101,107,41,2,70,132"/><U88/><E119/><V26/><F105/><W1/><G15/><T93/><D74/><U25/><E122/><V28/><F123/><W115/><G59/><T0/><D118/><U10/><E113/><V53/><F69/><W117/><G66/><T95/><D104/><U61/><E109/><V52/><F26/><W77/><G115/><T60/><D128/><U125/><E125/><V106/><F106/><W100/><G100/><T64/><D17/><U131/><E131/><V135/><F135/><W31/><G77/><T65/><D87/><U44/><E61/><V13/><F103/><W111/><G132/><T114/><D11/><U108/><E108/><V9/><F94/><W84/><G84/><T72/><D72/><U76/><E76/><V27/><F27/><W102/><G102/><T35/><D35/><U4/><E4/><V55/><F13/><W129/><G129/><T112/><AGARI ba="3,1" hai="0,3,32,34,60,63,64,65,85,86,93,95,112,114" machi="112" ten="25,8000,1" yaku="0,1,22,2,52,2" doraHai="29" who="0" fromWho="0" sc="167,99,196,-43,206,-23,421,-23" /><INIT seed="6,0,0,0,5,67" ten="266,153,183,398" oya="2" hai0="106,102,103,58,72,134,130,91,28,133,46,6,19" hai1="47,30,57,97,81,92,79,16,60,32,135,52,8" hai2="0,112,26,114,75,124,86,108,22,66,117,2,44" hai3="61,90,35,38,29,93,18,54,7,25,69,53,14"/><V63/><F117/><W84/><G38/><T62/><D72/><U98/><E135/><V89/><F75/><W15/><G7/><T107/><D6/><U23/><E8/><V94/><F44/><W45/><G45/><T77/><D77/><U118/><E118/><V51/><F51/><W36/><G36/><T11/><D28/><U41/><E30/><N who="2" m="17751" /><F108/><W12/><G18/><T13/><D130/><U95/><E32/><V50/><F50/><W132/><G132/><N who="0" m="50795" /><D91/><N who="1" m="55455" /><E47/><V122/><F124/><W88/><G90/><T110/><D46/><U125/><E125/><V39/><F39/><W73/><G73/><T121/><D121/><U115/><E115/><N who="2" m="44075" /><F122/><W48/><G48/><T127/><D127/><U40/><E81/><V37/><F37/><W119/><G119/><T99/><D110/><U129/><E129/><V116/><F116/><W70/><REACH who="3" step="1"/><G61/><REACH who="3" ten="266,153,183,388" step="2"/><T17/><D103/><N who="1" m="60895" /><E79/><V78/><F78/><W131/><G131/><T64/><D107/><U33/><E33/><V24/><F24/><AGARI ba="0,1" hai="16,23,24,40,41,52,57,60" m="60895,55455" machi="24" ten="30,7700,0" yaku="25,1,8,1,54,2" doraHai="67" who="1" fromWho="2" sc="266,0,153,87,183,-77,388,0" /><INIT seed="7,0,0,2,0,60" ten="266,240,106,388" oya="3" hai0="76,86,32,2,28,97,111,113,72,13,88,75,63" hai1="77,71,27,128,84,127,30,106,1,134,53,129,51" hai2="126,105,82,59,25,108,48,100,4,54,65,101,91" hai3="81,46,67,12,20,58,43,36,45,102,15,117,8"/><W50/><G117/><T115/><D2/><U37/><E1/><V38/><F38/><W132/><G132/><T133/><D133/><U104/><E134/><V73/><F108/><W68/><G102/><T47/><D111/><U31/><E37/><V55/><F73/><W26/><G81/><T62/><D13/><U96/><E127/><V107/><F105/><W120/><G120/><T9/><D9/><U40/><E40/><V5/><F107/><W74/><G74/><N who="0" m="28203" /><D76/><U42/><E42/><V49/><F126/><W131/><G131/><N who="1" m="50250" /><E96/><V99/><F99/><W83/><G83/><N who="0" m="49247" /><D97/><U121/><E121/><V119/><F82/><W94/><G43/><T23/><D32/><N who="1" m="20575" /><E84/><V61/><F25/><W112/><G26/><N who="0" m="16479" /><D47/><U3/><E31/><V135/><F91/><W14/><G46/><T114/><AGARI ba="0,0" hai="62,63,113,114,115" m="16479,49247,28203" machi="114" ten="40,5200,0" yaku="15,1,11,1,54,1" doraHai="60" who="0" fromWho="0" sc="266,52,240,-13,106,-13,388,-26" owari="318,12.0,227,-17.0,93,-41.0,362,46.0" /></mjloggm>