<mjloggm ver="2.3"><GO type="169" lobby="0"/><UN n0="%E3%81%97%E3%82%87%E3%81%BC%E3%82%93%EF%BD%8E" n1="%E5%B0%B1%E6%B4%BB%E7%94%9F%40%E5%B7%9D%E6%9D%91%E8%BB%8D%E5%9B%A3" n2="%E7%82%AD%40%E6%9D%8F%E6%9D%8F%E8%BB%8D%E5%9B%A3" n3="%76%69%62%72%61%74%65" dan="17,16,16,16" rate="2199.02,2048.29,2093.55,2070.87" sx="F,M,M,M"/><TAIKYOKU oya="0"/><INIT seed="0,0,0,4,1,45" ten="250,250,250,250" oya="0" hai0="33,64,19,120,48,91,110,128,123,67,93,40,59" hai1="66,47,77,37,24,97,57,86,11,82,21,113,38" hai2="87,6,105,101,133,36,111,134,41,126,122,92,121" hai3="125,96,44,104,0,22,95,115,17,102,55,61,90"/><T127/><D33/><U63/><E113/><V98/><F6/><W72/><G125/><T53/><D127/><U10/><E97/><V78/><F41/><W52/><G115/><T135/><D135/><N who="2" m="51722" /><F36/><W117/><G72/><T32/><D32/><U3/><E3/><V29/><F29/><W81/><G81/><T9/><D128/><U75/><E75/><V30/><F30/><W119/><G0/><T84/><D110/><U107/><E107/><V73/><F126/><W130/><G55/><T56/><D40/><U99/><E99/><V49/><F49/><W109/><G109/><T25/><D59/><U116/><E116/><V2/><F2/><W129/><G129/><T12/><REACH who="0" step="1"/><D25/><REACH who="0" ten="240,250,250,250" step="2"/><U108/><E108/><V16/><F111/><W71/><G130/><T74/><D74/><U35/><E35/><V14/><F73/><W114/><G114/><T42/><D42/><U106/><E38/><V65/><F122/><AGARI ba="0,1" hai="9,12,19,48,53,56,64,67,84,91,93,120,122,123" machi="122" ten="40,7700,0" yaku="1,1,52,1,53,1" doraHai="45" doraHaiUra="13" who="0" fromWho="2" sc="240,87,250,0,250,-77,250,0" /><INIT seed="0,1,0,3,3,38" ten="327,250,173,250" oya="0" hai0="129,1,59,18,83,30,51,15,97,41,108,21,49" hai1="5,127,29,40,9,93,68,20,35,109,37,19,78" hai2="123,26,33,114,118,48,65,126,95,98,55,14,119" hai3="60,92,122,62,115,107,134,24,79,54,39,128,36"/><T87/><D1/><U121/><E121/><V124/><F123/><W45/><G115/><T90/><D129/><U25/><E68/><V56/><F114/><W101/><G128/><T112/><D112/><U50/><E37/><V131/><F131/><W57/><G122/><T70/><D70/><U43/><E109/><V135/><F65/><W132/><G107/><T16/><D108/><U72/><E127/><N who="2" m="48683" /><F14/><W67/><G79/><T133/><D133/><N who="3" m="51305" /><G24/><T66/><D30/><U3/><E50/><V91/><F135/><W0/><G0/><T86/><D51/><U13/><REACH who="1" step="1"/><E93/><REACH who="1" ten="327,240,173,250" step="2"/><V85/><F118/><W89/><G36/><T99/><D49/><U28/><E28/><N who="2" m="19607" /><F119/><W22/><G39/><T88/><D59/><U27/><E27/><V113/><F113/><W110/><G57/><T44/><D44/><U42/><E42/><V102/><F102/><W100/><G45/><T116/><D41/><U12/><E12/><V32/><F32/><W6/><G100/><T31/><D116/><U84/><E84/><AGARI ba="1,1" hai="48,55,56,84,85,91,95,98" m="19607,48683" machi="84" ten="30,1000,0" yaku="18,1" doraHai="38" who="2" fromWho="1" sc="327,0,240,-13,173,23,250,0" /><INIT seed="1,0,0,3,4,6" ten="327,227,196,250" oya="1" hai0="31,88,69,103,16,2,29,36,128,3,15,100,92" hai1="26,52,40,7,110,95,79,10,63,127,4,71,124" hai2="77,98,62,56,121,91,35,80,68,46,111,49,38" hai3="104,44,75,53,66,109,48,61,108,19,51,37,96"/><U30/><E40/><V9/><F121/><W45/><G75/><T42/><D69/><U21/><E79/><V85/><F68/><N who="3" m="42063" /><G19/><T81/><D128/><U97/><E110/><N who="3" m="42602" /><G104/><T122/><D122/><U72/><E72/><V113/><F111/><W114/><G96/><T76/><D42/><U99/><E71/><V43/><F113/><W32/><G32/><T126/><D36/><U93/><E97/><V57/><F35/><W47/><G114/><T123/><D126/><N who="1" m="48171" /><E4/><V54/><F38/><W59/><G37/><T117/><D123/><U28/><E28/><V34/><F34/><W17/><G17/><T33/><D31/><U12/><E99/><V0/><F57/><AGARI ba="0,0" hai="7,10,12,21,26,30,52,57,63,93,95" m="48171" machi="57" ten="30,5800,0" yaku="18,1,52,1,54,1" doraHai="6" who="1" fromWho="2" sc="327,0,227,58,196,-58,250,0" /><INIT seed="1,1,0,4,4,92" ten="327,285,138,250" oya="1" hai0="54,111,45,8,31,88,55,94,60,59,116,99,130" hai1="2,9,53,19,50,62,51,47,26,123,32,7,103" hai2="132,69,80,105,29,73,134,35,38,126,30,82,68" hai3="107,6,127,91,52,13,120,41,108,22,106,40,46"/><U64/><E123/><V83/><F126/><W95/><G120/><T118/><D111/><U34/><E103/><V18/><F18/><N who="3" m="10575" /><G106/><T96/><D130/><U56/><E26/><V66/><F38/><W3/><G107/><T23/><D116/><U49/><E19/><V90/><F105/><W12/><G3/><T75/><D75/><U115/><E115/><V129/><F90/><W97/><G108/><T121/><D121/><U131/><E131/><V44/><F129/><W20/><G127/><T61/><D8/><U57/><REACH who="1" step="1"/><E51/><REACH who="1" ten="327,275,138,250" step="2"/><V122/><F122/><W85/><G6/><T119/><D119/><U72/><E72/><V14/><F35/><W93/><G12/><T70/><D118/><U86/><E86/><V71/><F73/><W67/><G20/><T21/><D21/><U28/><E28/><V74/><F74/><W109/><G109/><T65/><D23/><U78/><E78/><V4/><F30/><W63/><G85/><T89/><D31/><U104/><E104/><V117/><F29/><W25/><G25/><T76/><D76/><U128/><E128/><V113/><F117/><W87/><G87/><T10/><D10/><U81/><E81/><V0/><F113/><W124/><G124/><T11/><D11/><U114/><E114/><V39/><F39/><W112/><G112/><T133/><D89/><U101/><E101/><V33/><F82/><W102/><G102/><T37/><D88/><U27/><E27/><V77/><F83/><W1/><G91/><T17/><D37/><U36/><E36/><V5/><F80/><W110/><G110/><RYUUKYOKU ba="1,1" sc="327,-10,275,30,138,-10,250,-10" hai1="2,7,9,32,34,47,49,50,53,56,57,62,64" /><INIT seed="1,2,1,4,3,106" ten="317,305,128,240" oya="1" hai0="109,28,38,85,55,79,24,108,131,68,69,19,100" hai1="93,41,112,47,43,20,15,42,30,75,123,13,76" hai2="32,122,59,81,117,91,114,44,134,127,103,89,21" hai3="105,111,65,63,135,71,29,62,56,129,49,7,0"/><U31/><E123/><V57/><F117/><W50/><G105/><T84/><D38/><U5/><E112/><V25/><F32/><W80/><G129/><T125/><D131/><U40/><E93/><V87/><F122/><W66/><G135/><T2/><D2/><U70/><E70/><V53/><F134/><W26/><G111/><N who="0" m="42571" /><D125/><U113/><E113/><V17/><F127/><W22/><G7/><T37/><D37/><U107/><E107/><V78/><F114/><W126/><G0/><T34/><D100/><U118/><E118/><V115/><F115/><W128/><G128/><T86/><D79/><U58/><E58/><V33/><F33/><W64/><G126/><T4/><D4/><U6/><E6/><V92/><F103/><W61/><G80/><T27/><D55/><U39/><E5/><V82/><F44/><W88/><G71/><T23/><AGARI ba="2,1" hai="19,23,24,27,28,34,68,69,84,85,86" m="42571" machi="23" ten="40,1500,0" yaku="14,1" doraHai="106" who="0" fromWho="0" sc="317,31,305,-9,128,-6,240,-6" /><INIT seed="2,0,0,3,2,56" ten="348,296,122,234" oya="2" hai0="71,117,23,63,111,46,40,133,70,9,120,59,86" hai1="90,131,67,78,132,53,102,7,100,16,98,11,115" hai2="69,105,110,89,21,112,17,116,1,64,45,75,127" hai3="77,8,66,35,118,48,130,119,41,74,24,121,20"/><V109/><F116/><W99/><G121/><T29/><D120/><U54/><E115/><V62/><F112/><W18/><G130/><T122/><D122/><U39/><E131/><V12/><F105/><W57/><G35/><T61/><D117/><U82/><E39/><V44/><F1/><W76/><G99/><T79/><D111/><N who="2" m="42506" /><F127/><W81/><G77/><T96/><D96/><U125/><E132/><V51/><F75/><W68/><G68/><T37/><D133/><U26/><E125/><V52/><F89/><W126/><G126/><T101/><D101/><U28/><E67/><V25/><F44/><W135/><G135/><T134/><D134/><U113/><E90/><V6/><F6/><W84/><G74/><T10/><D79/><U2/><E113/><V80/><F80/><W14/><G118/><T108/><D108/><U36/><E102/><V129/><F129/><W92/><G119/><T3/><D3/><U97/><E97/><V72/><F72/><W123/><G123/><T103/><D86/><U83/><E83/><V32/><F32/><W27/><G92/><T47/><D103/><U50/><E82/><V4/><F4/><W38/><G38/><T15/><D47/><U42/><E78/><V34/><F34/><W5/><G5/><T60/><D46/><N who="1" m="25943" /><E98/><V88/><F88/><W87/><G87/><T22/><D37/><U49/><E100/><V43/><F43/><W73/><G73/><T104/><D40/><U91/><E91/><V107/><F107/><W128/><G41/><T65/><D104/><U0/><E7/><V106/><F106/><RYUUKYOKU ba="0,0" sc="348,-10,296,-10,122,30,234,-10" hai2="12,17,21,25,45,51,52,62,64,69" /><INIT seed="2,1,0,1,3,16" ten="338,286,152,224" oya="2" hai0="74,10,107,125,133,81,69,83,7,88,135,99,55" hai1="46,76,62,42,71,17,60,26,0,111,22,58,57" hai2="68,93,34,31,70,84,52,21,59,119,94,72,37" hai3="32,3,106,96,113,124,118,30,95,134,87,24,2"/><V29/><F72/><W110/><G118/><T47/><D69/><U33/><E111/><V19/><F119/><W122/><G110/><T85/><D125/><U120/><E0/><V39/><F34/><W130/><G122/><T1/><D107/><U40/><E120/><V43/><F39/><W102/><G124/><T105/><D105/><U28/><E76/><V56/><F56/><W121/><G121/><T5/><D99/><U112/><E71/><V36/><F70/><W61/><G113/><T92/><D7/><U115/><E46/><V14/><F68/><W104/><G130/><T109/><D109/><U20/><E33/><V41/><F37/><W91/><G106/><T13/><D1/><U27/><REACH who="1" step="1"/><E17/><REACH who="1" ten="338,276,152,224" step="2"/><V54/><F36/><W128/><G128/><T12/><D47/><U23/><E23/><V50/><F31/><AGARI ba="1,1" hai="20,22,26,27,28,31,40,42,57,58,60,62,112,115" machi="31" ten="25,8000,1" yaku="1,1,22,2,52,2,53,0" doraHai="16" doraHaiUra="131" who="1" fromWho="2" sc="338,0,276,93,152,-83,224,0" /><INIT seed="3,0,0,5,4,19" ten="338,369,69,224" oya="3" hai0="135,79,41,96,43,97,69,5,85,113,20,47,29" hai1="126,83,119,0,54,8,86,35,124,93,107,132,131" hai2="42,3,60,82,36,64,48,72,88,121,103,1,39" hai3="52,118,75,117,53,9,38,80,56,104,7,33,23"/><W28/><G28/><T110/><BYE who="3" /><D69/><UN n3="%76%69%62%72%61%74%65" /><U102/><E107/><V115/><F121/><W50/><G33/><T34/><D110/><U18/><E35/><V98/><F115/><W40/><G104/><T21/><D135/><U67/><E132/><V12/><F72/><W108/><G108/><T58/><D113/><U81/><E67/><V44/><F3/><N who="3" m="255" /><G53/><T22/><D5/><U76/><E83/><V95/><F1/><W90/><G90/><T91/><D79/><U46/><E119/><V87/><REACH who="2" step="1"/><F12/><REACH who="2" ten="338,369,59,224" step="2"/><W123/><G123/><T24/><D58/><AGARI ba="0,1" hai="36,39,42,44,48,58,60,64,82,87,88,95,98,103" machi="58" ten="30,8000,1" yaku="1,1,2,1,7,1,54,1,53,1" doraHai="19" doraHaiUra="78" who="2" fromWho="0" sc="338,-80,369,0,59,90,224,0" /><INIT seed="4,0,0,3,4,93" ten="258,369,149,224" oya="0" hai0="60,117,31,108,75,67,37,76,61,47,63,91,15" hai1="59,81,49,57,122,36,115,80,73,102,54,92,89" hai2="116,64,22,28,94,25,65,16,14,120,29,42,88" hai3="43,69,11,84,106,52,3,77,7,4,131,2,20"/><T0/><D117/><U51/><E122/><V103/><F120/><W32/><G32/><T127/><D0/><U19/><E36/><V74/><F116/><W125/><G69/><T105/><D105/><U10/><E73/><V5/><F74/><W119/><G43/><T83/><D127/><U128/><E102/><V110/><F110/><W58/><G119/><T44/><D108/><U129/><E115/><V45/><F103/><W100/><G131/><N who="1" m="50250" /><E19/><V101/><F101/><W134/><G134/><T114/><D114/><U70/><E70/><V62/><F62/><W18/><G125/><T41/><D31/><U46/><E10/><V121/><F121/><W21/><G21/><T95/><D15/><U97/><E59/><V99/><F5/><W34/><G34/><T6/><D44/><U85/><E85/><V109/><F109/><W39/><G39/><T111/><D6/><U71/><E71/><V68/><F68/><W72/><G72/><T118/><D118/><U87/><E87/><V113/><F113/><W79/><G84/><T124/><D124/><U135/><E135/><V50/><F29/><W86/><G86/><N who="0" m="52727" /><D111/><U130/><E130/><V26/><F26/><N who="3" m="14615" /><G4/><T12/><D12/><U40/><AGARI ba="0,0" hai="40,46,49,51,54,57,80,81,89,92,97" m="50250" machi="40" ten="30,2000,0" yaku="19,1,52,1" doraHai="93" who="1" fromWho="1" sc="258,-10,369,20,149,-5,224,-5" /><INIT seed="5,0,0,1,0,74" ten="248,389,144,219" oya="1" hai0="61,97,39,32,58,118,86,101,0,117,40,56,11" hai1="77,75,37,68,73,18,2,19,54,15,98,17,124" hai2="69,135,110,130,76,66,95,21,50,33,128,94,119" hai3="46,64,100,120,20,47,27,65,67,89,125,8,14"/><U122/><E2/><V106/><F119/><W123/><G125/><T59/><D32/><U52/><E68/><V36/><F36/><W3/><G3/><T48/><D39/><U109/><E37/><V12/><F33/><W45/><G100/><T85/><D61/><U26/><E122/><V10/><F110/><W60/><G120/><T23/><D117/><U5/><E109/><V108/><F108/><W127/><G127/><T42/><D118/><U31/><E98/><V25/><F106/><W30/><G123/><T22/><D48/><U62/><E62/><V51/><F135/><W115/><G115/><T107/><D22/><U80/><E73/><V104/><F104/><W78/><G89/><T83/><D23/><U9/><REACH who="1" step="1"/><E124/><REACH who="1" ten="248,379,144,219" step="2"/><V4/><F69/><W57/><G60/><T134/><D134/><U41/><E41/><V72/><F66/><W93/><G65/><T103/><D42/><U102/><E102/><V63/><F63/><W105/><G67/><T81/><D40/><U7/><E7/><V112/><F51/><W84/><G64/><T53/><D103/><U90/><E90/><V24/><F50/><W44/><G44/><T28/><D97/><U132/><E132/><V49/><F49/><W116/><G47/><T55/><D101/><U71/><E71/><V92/><F112/><W6/><G46/><T91/><D107/><U133/><E133/><V38/><F38/><W129/><G45/><T111/><D111/><U88/><E88/><V126/><F126/><W113/><G105/><T79/><D91/><U13/><E13/><V121/><F121/><RYUUKYOKU ba="0,1" sc="248,-10,379,30,144,-10,219,-10" hai1="5,9,15,17,18,19,26,31,52,54,75,77,80" /><INIT seed="5,1,1,4,2,112" ten="238,409,134,209" oya="1" hai0="71,81,130,128,103,68,18,12,113,34,94,60,36" hai1="110,37,51,85,45,46,106,114,27,76,118,29,82" hai2="100,32,20,95,109,14,43,119,40,16,74,65,108" hai3="73,11,87,135,49,127,116,120,133,58,123,0,70"/><U33/><E106/><V3/><F32/><W90/><G73/><T102/><D36/><U48/><E114/><V99/><F74/><W78/><G78/><T62/><D113/><U10/><E37/><V55/><F3/><W121/><G70/><N who="0" m="26667" /><D34/><U129/><E129/><N who="0" m="49769" /><D81/><U77/><E110/><V115/><F119/><W80/><G127/><T126/><D126/><U131/><E118/><V1/><F115/><W64/><G116/><T44/><D44/><U38/><E38/><V41/><F1/><W47/><G64/><T88/><D102/><U75/><E10/><V111/><F65/><W54/><REACH who="3" step="1"/><G58/><REACH who="3" ten="238,409,134,199" step="2"/><T104/><D104/><U35/><E131/><V5/><F109/><W86/><G86/><N who="0" m="52503" /><D103/><U4/><E77/><V63/><REACH who="2" step="1"/><F5/><AGARI ba="1,2" hai="0,5,11,47,49,54,80,87,90,120,121,123,133,135" machi="5" ten="50,1600,0" yaku="1,1,53,0" doraHai="112" doraHaiUra="30" who="3" fromWho="2" sc="238,0,409,0,134,-19,199,39" /><INIT seed="6,0,0,1,4,133" ten="238,409,115,238" oya="2" hai0="67,92,105,113,26,53,74,114,107,44,134,4,50" hai1="32,68,91,49,30,84,100,3,40,9,63,130,5" hai2="41,95,80,61,27,51,135,81,121,118,75,115,16" hai3="77,102,127,34,86,21,106,82,64,46,33,62,123"/><V8/><F121/><W15/><G123/><T126/><D126/><U54/><E130/><V108/><F118/><W10/><G127/><T19/><D74/><U66/><E40/><V55/><F135/><W13/><G46/><T101/><D134/><U73/><E73/><V52/><F115/><N who="0" m="44042" /><D4/><U69/><E100/><V7/><F108/><W96/><G21/><N who="0" m="13631" /><D67/><U111/><E111/><V88/><F75/><W37/><G15/><T48/><D48/><U11/><E11/><V117/><F117/><W79/><G79/><T22/><D22/><U128/><E128/><V45/><F7/><W28/><G28/><T70/><D70/><U132/><E132/><V65/><F65/><W87/><G87/><T109/><D109/><U120/><E120/><V2/><F2/><W98/><G98/><AGARI ba="0,0" hai="44,50,53,92,98,101,105,107" m="13631,44042" machi="98" ten="30,1000,0" yaku="15,1" doraHai="133" who="0" fromWho="3" sc="238,10,409,0,115,0,238,-10" /><INIT seed="7,0,0,3,5,8" ten="248,409,115,228" oya="3" hai0="120,29,128,86,81,92,24,33,108,116,114,32,57" hai1="13,90,30,45,38,125,88,12,10,60,35,27,70" hai2="50,25,63,99,34,51,49,31,47,87,48,18,79" hai3="61,115,107,69,132,5,78,96,17,55,52,80,62"/><W89/><G115/><T119/><D108/><U82/><E125/><V11/><N who="2" m="12288" /><DORA hai="64" /><V102/><F47/><W54/><G132/><T68/><D68/><U66/><E82/><V135/><F135/><W15/><G5/><T42/><D120/><U84/><E84/><V133/><F133/><W71/><G61/><T75/><D33/><U59/><E70/><V93/><F63/><W20/><G62/><T67/><D42/><U65/><E65/><V134/><F134/><W105/><G105/><T73/><D57/><U104/><E104/><V58/><F58/><W36/><G36/><T113/><D67/><U44/><E13/><V16/><REACH who="2" step="1"/><F11/><REACH who="2" ten="248,409,105,228" step="2"/><W91/><G91/><T3/><D116/><U14/><E44/><V6/><F6/><W37/><G37/><T106/><D119/><U101/><E45/><V46/><F46/><W4/><G4/><T109/><D113/><U94/><E10/><V0/><F0/><W131/><G131/><T103/><D3/><U23/><E60/><V26/><F26/><W95/><REACH who="3" step="1"/><G107/><REACH who="3" ten="248,409,105,218" step="2"/><T124/><D106/><U1/><E90/><V98/><F98/><W110/><G110/><T83/><D109/><U85/><E88/><V127/><F127/><W28/><G28/><T77/><D124/><U9/><E38/><V39/><F39/><W118/><G118/><T121/><D114/><U53/><E30/><V112/><F112/><W41/><G41/><T74/><D128/><U97/><E97/><V117/><F117/><W21/><G21/><T100/><D29/><U7/><E23/><V72/><F72/><AGARI ba="0,2" hai="15,17,20,52,54,55,69,71,72,78,80,89,95,96" machi="72" ten="40,12000,1" yaku="1,1,52,3,54,1,53,0" doraHai="8,64" doraHaiUra="129,126" who="3" fromWho="2" sc="248,0,409,0,105,-120,218,140" owari="248,-15.0,409,51.0,-15,-52.0,358,16.0" /></mjloggm>