<mjloggm ver="2.3"><GO type="97" lobby="0"/><UN n0="%E3%81%98%E3%81%BE%E3%81%AE%E3%82%8A" n1="%E7%A9%BA%EF%BC%A0%E9%A2%A8%E9%9B%85%E8%BB%8D%E5%9B%A3" n2="%E5%B0%B1%E6%B4%BB%E7%94%9F%40%E5%B7%9D%E6%9D%91%E8%BB%8D%E5%9B%A3" n3="%4D%61%73%61%6B%69%79%6F" dan="15,14,14,14" rate="1921.08,1940.35,1971.69,1927.74" sx="M,M,M,M"/><TAIKYOKU oya="0"/><INIT seed="0,0,0,0,1,114" ten="250,250,250,250" oya="0" hai0="88,64,46,96,51,87,24,21,39,116,106,5,103" hai1="115,56,73,126,101,11,107,29,118,74,99,60,10" hai2="82,48,18,34,127,17,129,42,92,27,38,66,44" hai3="9,20,41,33,109,67,130,108,85,36,63,14,25"/><T12/><D116/><U13/><E118/><V97/><F127/><W117/><G130/><T0/><D0/><U102/><E126/><V57/><F129/><W58/><G117/><T62/><D39/><U28/><E115/><V132/><F132/><W98/><G33/><T89/><D5/><U90/><E101/><V69/><F69/><W79/><G36/><T91/><D12/><U49/><E49/><V75/><F75/><W8/><G41/><T47/><D87/><U45/><E45/><V125/><F125/><W123/><G123/><T35/><D51/><U15/><E90/><V110/><F110/><W26/><G98/><T128/><D128/><U19/><E73/><V71/><F82/><N who="3" m="47327" /><G26/><T16/><REACH who="0" step="1"/><D35/><REACH who="0" ten="240,250,250,250" step="2"/><U120/><E74/><V4/><F4/><W31/><G14/><T122/><D122/><U76/><E120/><V93/><F34/><W55/><G109/><T7/><D7/><U84/><E84/><V54/><F48/><W112/><G108/><T100/><D100/><U1/><E1/><V2/><F38/><W104/><G112/><T53/><D53/><N who="1" m="33807" /><E15/><V135/><F54/><W68/><G55/><T52/><D52/><U22/><E11/><V95/><F2/><W32/><G32/><T77/><D77/><U70/><E10/><V80/><F66/><W133/><G8/><T59/><AGARI ba="0,1" hai="16,21,24,46,47,59,62,64,88,89,91,96,103,106" machi="59" ten="30,11700,0" yaku="1,1,0,1,54,2,53,0" doraHai="114" doraHaiUra="65" who="0" fromWho="0" sc="240,127,250,-39,250,-39,250,-39" /><INIT seed="0,1,0,4,5,23" ten="367,211,211,211" oya="0" hai0="116,55,83,21,81,33,13,101,29,37,133,48,105" hai1="74,130,22,103,93,104,131,121,110,11,108,35,42" hai2="111,10,24,117,61,82,85,41,49,134,15,87,9" hai3="129,57,64,102,112,107,59,12,19,113,71,56,92"/><T80/><D37/><U2/><E104/><V86/><F117/><W96/><G129/><N who="1" m="49162" /><E74/><V17/><F134/><W53/><G107/><T126/><D105/><U60/><E121/><V109/><F61/><W44/><G71/><T31/><D101/><U1/><E35/><V135/><F135/><W106/><G106/><T125/><D33/><U91/><E103/><V38/><F38/><W30/><G112/><T118/><D133/><U98/><E42/><V124/><F124/><N who="0" m="47722" /><D31/><U47/><E47/><N who="2" m="25839" /><F82/><W32/><G113/><T43/><D43/><U77/><E77/><V84/><N who="2" m="22016" /><DORA hai="14" /><V78/><F78/><W76/><G76/><T28/><D28/><U99/><E60/><V7/><F24/><W34/><G34/><T73/><D73/><U94/><E1/><V4/><F10/><W39/><G39/><T25/><D13/><U18/><E2/><V8/><F8/><W75/><G75/><T6/><D6/><U58/><E11/><V88/><F88/><W36/><G36/><T114/><D114/><U69/><E69/><V89/><F89/><W68/><G44/><AGARI ba="1,0" hai="21,25,29,44,48,55,80,81,83,116,118" m="47722" machi="44" ten="30,2900,0" yaku="18,1,52,1" doraHai="23,14" who="0" fromWho="3" sc="367,32,211,0,211,0,211,-32" /><INIT seed="0,2,0,2,3,72" ten="399,211,211,179" oya="0" hai0="71,48,120,85,113,19,90,46,35,40,104,22,49" hai1="79,86,25,109,17,102,23,111,7,87,122,74,69" hai2="63,32,56,20,98,77,108,5,2,93,123,121,10" hai3="68,133,33,47,135,134,12,84,129,30,126,21,107"/><T55/><D35/><U8/><E69/><V112/><F32/><W15/><G68/><T58/><D104/><U57/><E122/><V78/><F112/><W114/><G107/><T50/><D71/><U9/><E102/><V41/><F41/><W45/><G114/><T76/><D113/><U52/><E74/><V101/><F108/><N who="1" m="41545" /><E79/><V60/><F60/><W82/><G33/><T73/><D76/><U124/><E124/><V0/><F0/><W83/><G126/><T97/><D97/><U16/><E17/><V70/><F70/><W44/><G129/><T53/><D73/><U14/><E9/><V67/><REACH who="2" step="1"/><F20/><REACH who="2" ten="399,211,201,179" step="2"/><W99/><G99/><T128/><D128/><U92/><E92/><V116/><F116/><W103/><G103/><T106/><D106/><U24/><E24/><V75/><F75/><W31/><G21/><T62/><D120/><AGARI ba="2,1" hai="2,5,10,56,63,67,77,78,93,98,101,120,121,123" machi="120" ten="40,5200,0" yaku="1,1,52,2,53,0" doraHai="72" doraHaiUra="18" who="2" fromWho="0" sc="399,-58,211,0,201,68,179,0" /><INIT seed="1,0,0,4,5,52" ten="341,211,269,179" oya="1" hai0="23,113,49,17,124,132,87,54,20,84,16,39,31" hai1="38,32,75,122,101,114,105,57,61,98,28,128,111" hai2="133,121,112,96,102,29,35,90,135,129,37,120,76" hai3="134,62,106,68,42,12,48,69,99,10,15,119,43"/><U104/><E114/><V3/><F37/><W25/><G119/><T117/><D39/><U72/><E122/><N who="2" m="47211" /><F3/><W53/><G134/><N who="2" m="51209" /><F35/><W73/><BYE who="0" /><G73/><T30/><D30/><U46/><E128/><V19/><F29/><W80/><G106/><T92/><D92/><U103/><E111/><V83/><F19/><W116/><G116/><T26/><D26/><U91/><E91/><V2/><F2/><W14/><G99/><T79/><D79/><U71/><E71/><V63/><F63/><W130/><G130/><T64/><D64/><U65/><E28/><V88/><F112/><W13/><G25/><T107/><D107/><U56/><E32/><V82/><F129/><W100/><G100/><T94/><D94/><U55/><E103/><V109/><F109/><W9/><G62/><T59/><D59/><U22/><E105/><N who="2" m="63687" /><F83/><W21/><G80/><T58/><D58/><U67/><E22/><V125/><F125/><W18/><G68/><T70/><D70/><U34/><E34/><V8/><F8/><N who="3" m="3179" /><G69/><T131/><D131/><U4/><E67/><V123/><F123/><W66/><G66/><T36/><D36/><U41/><E4/><V50/><F50/><AGARI ba="0,0" hai="38,41,46,50,55,56,57,61,65,72,75,98,101,104" machi="50" ten="30,5800,0" yaku="7,1,52,2" doraHai="52" who="1" fromWho="2" sc="341,0,211,58,269,-58,179,0" /><INIT seed="1,1,0,5,2,100" ten="341,269,211,179" oya="1" hai0="128,28,92,21,59,87,29,39,109,130,73,7,55" hai1="66,26,74,45,52,30,113,27,24,69,75,6,65" hai2="34,89,88,33,37,61,25,93,76,120,94,103,118" hai3="126,58,134,50,70,2,32,42,84,17,131,98,22"/><U47/><E113/><V71/><F120/><W123/><G70/><T82/><D82/><U10/><E30/><V111/><F118/><W96/><G32/><T119/><D119/><U13/><E74/><V116/><F37/><W117/><G117/><T102/><D102/><U49/><E75/><V107/><F116/><W85/><G123/><T48/><D48/><N who="1" m="28687" /><E69/><V125/><F125/><W72/><G72/><T79/><D79/><U97/><E97/><N who="2" m="61935" /><F34/><W104/><G126/><T3/><D3/><U41/><AGARI ba="1,0" hai="6,10,13,24,26,27,41,47,49,65,66" m="28687" machi="41" ten="30,3000,0" yaku="8,1,54,1" doraHai="100" who="1" fromWho="1" sc="341,-11,269,33,211,-11,179,-11" /><INIT seed="1,2,0,3,0,1" ten="330,302,200,168" oya="1" hai0="49,122,67,76,54,126,33,51,14,53,85,131,70" hai1="30,61,92,4,36,43,9,104,48,132,11,37,95" hai2="44,135,26,13,28,0,34,3,55,124,8,108,15" hai3="120,109,21,77,115,68,20,72,96,12,89,99,111"/><U66/><E104/><V29/><F44/><W38/><G68/><T27/><D27/><U82/><E132/><V98/><F55/><W42/><G120/><T18/><D18/><U64/><E30/><N who="2" m="19799" /><F98/><W87/><G115/><T50/><D50/><U105/><E105/><V5/><F135/><W59/><G42/><T57/><D57/><U83/><E48/><V102/><F102/><W90/><G38/><T19/><D19/><U125/><E125/><V114/><F114/><W65/><G72/><T134/><D134/><U69/><E69/><V24/><F124/><W113/><G113/><T74/><D74/><U63/><E43/><V31/><F108/><N who="3" m="41547" /><G77/><T52/><D52/><U23/><E23/><N who="3" m="8778" /><G12/><N who="2" m="4681" /><F3/><W7/><G7/><AGARI ba="2,0" hai="4,7,9,11,36,37,61,63,64,66,82,83,92,95" machi="7" ten="25,9600,0" yaku="22,2,52,2" doraHai="1" who="1" fromWho="3" sc="330,0,302,102,200,0,168,-102" /><INIT seed="1,3,0,3,2,112" ten="330,404,200,66" oya="1" hai0="27,78,50,131,58,93,24,76,134,122,38,51,40" hai1="67,118,21,96,44,46,59,49,101,99,26,37,42" hai2="132,114,30,83,39,86,18,29,60,104,5,63,34" hai3="45,124,0,102,41,89,61,68,128,3,36,72,12"/><U82/><E118/><V57/><F39/><W94/><G128/><T17/><D17/><U109/><E109/><V4/><F104/><W52/><G124/><T127/><D127/><U8/><E8/><V108/><F108/><W1/><G72/><T2/><D2/><U85/><E37/><V10/><F132/><W123/><G123/><T125/><D125/><U113/><E46/><V56/><F114/><W135/><G135/><T13/><D13/><U90/><E113/><UN n0="%E3%81%98%E3%81%BE%E3%81%AE%E3%82%8A" /><V126/><F126/><W65/><G102/><T47/><D122/><U20/><E101/><V84/><F34/><W64/><G12/><T107/><D107/><U88/><E90/><V14/><F30/><W53/><REACH who="3" step="1"/><G65/><REACH who="3" ten="330,404,200,56" step="2"/><T130/><D134/><U73/><E73/><V81/><F5/><W97/><AGARI ba="3,1" hai="0,1,3,36,41,45,52,53,61,64,68,89,94,97" machi="97" ten="30,8000,1" yaku="1,1,2,1,0,1,54,1,53,1" doraHai="112" doraHaiUra="69" who="3" fromWho="3" sc="330,-23,404,-43,200,-23,56,99" /><INIT seed="2,0,0,3,3,45" ten="307,361,177,155" oya="2" hai0="76,42,98,57,49,54,20,117,133,19,14,5,74" hai1="94,40,10,3,128,62,92,96,65,24,83,125,16" hai2="114,68,55,21,1,60,46,99,34,120,51,115,82" hai3="67,80,7,102,29,50,66,63,61,123,95,38,23"/><V86/><F34/><W105/><G123/><T119/><D133/><U121/><E128/><V0/><F120/><W2/><G38/><T89/><D5/><U104/><E104/><V134/><F134/><W22/><G105/><T43/><D76/><U39/><E121/><V97/><F0/><W25/><G7/><T79/><D79/><U106/><E39/><V122/><F122/><W13/><G2/><T59/><D59/><N who="1" m="37087" /><E3/><V135/><F1/><W127/><G127/><T44/><D74/><U4/><E106/><V81/><F135/><W116/><G116/><N who="0" m="44619" /><D57/><U111/><E111/><V100/><F21/><W35/><G80/><T84/><D98/><U28/><E28/><V15/><F15/><W112/><G35/><T8/><D20/><N who="1" m="13319" /><E83/><AGARI ba="0,0" hai="8,14,19,42,43,44,49,54,83,84,89" m="44619" machi="83" ten="30,3900,0" yaku="25,1,12,1,52,1" doraHai="45" who="0" fromWho="1" sc="307,39,361,-39,177,0,155,0" /><INIT seed="3,0,0,3,5,98" ten="346,322,177,155" oya="3" hai0="1,4,57,25,50,90,65,40,64,112,18,45,49" hai1="77,76,101,17,87,108,133,44,51,70,84,113,105" hai2="0,92,62,15,71,10,43,118,79,36,99,54,41" hai3="81,129,27,94,67,13,19,8,29,55,20,35,102"/><W42/><G129/><T46/><D112/><U107/><E70/><V26/><F0/><W14/><G42/><N who="2" m="15881" /><F36/><W131/><G131/><T48/><D1/><U75/><E113/><V31/><F71/><W72/><G67/><T38/><D4/><U86/><E133/><V128/><F128/><W53/><G72/><T85/><D46/><U125/><E125/><V21/><F79/><N who="1" m="30281" /><E108/><V6/><F118/><W106/><G106/><T119/><D119/><U32/><E32/><V93/><F99/><N who="3" m="59767" /><G35/><T30/><D18/><U74/><E107/><V2/><F2/><W83/><G14/><T33/><REACH who="0" step="1"/><D57/><AGARI ba="0,0" hai="6,10,15,21,26,31,54,57,62,92,93" m="15881" machi="57" ten="30,1000,0" yaku="8,1" doraHai="98" who="2" fromWho="0" sc="346,-10,322,0,177,10,155,0" owari="336,43.0,322,12.0,187,-21.0,155,-34.0" /></mjloggm>