<mjloggm ver="2.3"><GO type="169" lobby="0"/><UN n0="%E3%82%A6%E3%83%AB%E3%83%88%E3%83%A9%E7%AB%8B%E7%9B%B4" n1="%4E%6E%31%33%34" n2="%E8%B1%86%E7%89%B9%EF%BC%A0%E6%B2%B3%E6%9D%91%E8%BB%8D%E5%9B%A3" n3="%E3%81%99%E3%81%9A%E3%82%81%E3%82%AF%E3%83%AC%E3%82%A4%E3%82%B8%E3%83%BC" dan="16,17,16,18" rate="2117.15,2143.01,2050.77,2241.37" sx="M,M,M,M"/><TAIKYOKU oya="0"/><INIT seed="0,0,0,3,4,118" ten="250,250,250,250" oya="0" hai0="83,18,1,71,87,27,132,23,129,31,21,60,34" hai1="72,75,92,121,105,33,41,134,12,84,119,9,66" hai2="0,109,59,108,123,28,79,53,56,81,64,98,85" hai3="30,62,40,78,103,135,124,95,113,16,90,69,3"/><T115/><D115/><U120/><E119/><V73/><F0/><W51/><G3/><T6/><D129/><U26/><E105/><V35/><F73/><W4/><G4/><T54/><D132/><U97/><E41/><V52/><F123/><W55/><G30/><T86/><D1/><U77/><E66/><V114/><F114/><W91/><G78/><T17/><D6/><U106/><E134/><V10/><F10/><W116/><G124/><T45/><D71/><U130/><E130/><V65/><F98/><W74/><G74/><T70/><D70/><U14/><E72/><V100/><F100/><W29/><G29/><T122/><D122/><N who="1" m="47211" /><E9/><V43/><F43/><W117/><G40/><T46/><D34/><U93/><E26/><V133/><F133/><W25/><G135/><T58/><D31/><U19/><E19/><V42/><F42/><W127/><G69/><T50/><D50/><U47/><E47/><V8/><F8/><W13/><G51/><T38/><D38/><U5/><E5/><V48/><F28/><W63/><G113/><T107/><D107/><U96/><E33/><V99/><F35/><W44/><G44/><N who="0" m="17003" /><D83/><N who="1" m="45503" /><E93/><V101/><F65/><W39/><G39/><T131/><D131/><U128/><E128/><V88/><F64/><W104/><G104/><T15/><AGARI ba="0,0" hai="15,17,18,21,23,27,54,58,60,86,87" m="17003" machi="15" ten="30,1500,0" yaku="8,1" doraHai="118" who="0" fromWho="0" sc="250,15,250,-5,250,-5,250,-5" /><INIT seed="0,1,0,3,1,37" ten="265,245,245,245" oya="0" hai0="32,133,43,10,118,48,5,86,80,62,59,45,94" hai1="78,15,70,89,16,27,132,61,125,93,107,72,87" hai2="38,8,119,117,81,35,99,3,112,30,106,75,128" hai3="28,1,7,63,4,44,84,79,25,42,115,33,58"/><T105/><D105/><U83/><E132/><V39/><F112/><W108/><G108/><T50/><D32/><U2/><E125/><V88/><F128/><W9/><G115/><T41/><D118/><N who="2" m="45066" /><F88/><W95/><G7/><T24/><D24/><U34/><E2/><V12/><F12/><W121/><G121/><T90/><D133/><U6/><E107/><V101/><F30/><W14/><G95/><T130/><D130/><U31/><E6/><N who="2" m="1119" /><F35/><W11/><G11/><T124/><D124/><U49/><E49/><N who="0" m="19049" /><D45/><U129/><E129/><V85/><F85/><W47/><G47/><T100/><D10/><U69/><REACH who="1" step="1"/><E61/><REACH who="1" ten="265,235,245,245" step="2"/><V67/><F106/><W65/><G1/><T66/><D5/><U126/><E126/><V23/><F38/><W122/><G122/><T54/><D66/><U36/><E36/><V131/><F67/><W52/><G65/><T22/><D22/><AGARI ba="1,1" hai="15,16,22,27,31,34,69,70,72,78,83,87,89,93" machi="22" ten="30,7700,0" yaku="1,1,7,1,54,1,53,1" doraHai="37" doraHaiUra="26" who="1" fromWho="0" sc="265,-80,235,90,245,0,245,0" /><INIT seed="1,0,0,3,2,41" ten="185,325,245,245" oya="1" hai0="28,54,108,111,84,78,60,4,2,128,130,47,80" hai1="112,43,37,8,16,53,116,126,97,48,51,101,107" hai2="57,104,122,135,12,79,70,22,98,33,38,86,46" hai3="93,117,24,69,63,134,19,40,115,32,29,113,13"/><U30/><E116/><V118/><F122/><W35/><G134/><T21/><D4/><U124/><E112/><V106/><F118/><W20/><G117/><T18/><D28/><U45/><E30/><V26/><F70/><W105/><G35/><T82/><D82/><U17/><E51/><V49/><F135/><W1/><G40/><T23/><D2/><U31/><E31/><V10/><F33/><W11/><G105/><T52/><D60/><U68/><E68/><V120/><F120/><W50/><G50/><N who="0" m="28767" /><D54/><U94/><E107/><V58/><F38/><W61/><G93/><T85/><D85/><U62/><E62/><N who="3" m="23562" /><G69/><T64/><D64/><U81/><E81/><N who="2" m="47423" /><F106/><W83/><G83/><T121/><D23/><U36/><E36/><V103/><F104/><W5/><AGARI ba="0,0" hai="1,5,11,13,19,20,24,29,32,113,115" m="23562" machi="5" ten="30,1100,0" yaku="24,1" doraHai="41" who="3" fromWho="3" sc="185,-3,325,-5,245,-3,245,11" /><INIT seed="2,0,0,5,5,51" ten="182,320,242,256" oya="2" hai0="28,25,74,48,123,104,96,15,47,108,106,109,76" hai1="32,9,73,45,75,88,2,80,129,3,133,128,30" hai2="118,41,111,1,46,126,95,99,68,35,16,27,49" hai3="105,112,5,53,22,65,98,29,84,0,42,83,69"/><V81/><F118/><W78/><G112/><T52/><D123/><U55/><E32/><V131/><F68/><W107/><G42/><T101/><D106/><U18/><E30/><V67/><F67/><W92/><G0/><N who="1" m="42" /><E133/><V19/><F1/><W134/><G5/><T100/><D100/><U122/><E122/><V110/><F126/><W7/><G7/><T36/><D36/><U94/><E9/><V135/><F135/><W130/><G130/><N who="1" m="50282" /><E80/><V114/><F114/><W37/><G37/><T61/><D15/><U115/><E18/><V56/><F131/><W34/><G34/><T13/><D13/><U97/><E115/><V17/><F81/><W85/><G22/><T89/><D89/><U113/><E113/><V14/><F14/><W11/><G29/><T93/><D93/><U103/><E103/><V102/><F35/><W6/><G11/><T90/><D90/><U60/><E60/><V8/><F8/><W38/><G6/><T120/><D120/><U63/><E63/><V43/><F27/><W33/><G33/><N who="0" m="20623" /><D61/><U77/><E77/><V124/><F124/><W62/><G105/><T10/><D10/><U54/><E45/><V44/><REACH who="2" step="1"/><F56/><REACH who="2" ten="182,320,232,256" step="2"/><W87/><G134/><T57/><D57/><U4/><E4/><V40/><F40/><W21/><G83/><T71/><D71/><U82/><E82/><V59/><F59/><W50/><G69/><T70/><D70/><U91/><E91/><V66/><F66/><W58/><G58/><T116/><D116/><U125/><E125/><V72/><F72/><AGARI ba="0,1" hai="54,55,72,73,75,88,94,97" m="50282,42" machi="72" ten="40,8000,1" yaku="19,1,52,2,54,1" doraHai="51" who="1" fromWho="2" sc="182,0,320,90,232,-80,256,0" /><INIT seed="3,0,0,2,5,73" ten="182,410,152,256" oya="3" hai0="59,0,68,40,118,93,28,81,88,89,87,17,133" hai1="110,108,55,94,20,3,69,25,111,135,91,99,47" hai2="57,15,120,14,62,121,119,124,41,105,60,31,64" hai3="22,1,26,83,38,129,76,50,117,5,84,12,101"/><W127/><G38/><T46/><D68/><U126/><E126/><V2/><F2/><W74/><G129/><T19/><D0/><U27/><E135/><V24/><F124/><W82/><G127/><T48/><D133/><U33/><E3/><V63/><F105/><W4/><G1/><T79/><D118/><U34/><E69/><V52/><F41/><W71/><G71/><T11/><D11/><U134/><E134/><V7/><F119/><W78/><G101/><T67/><D28/><N who="1" m="17447" /><E27/><V131/><F131/><W116/><G5/><T42/><D42/><U114/><E114/><V107/><F107/><W13/><G13/><T115/><D115/><U18/><E18/><N who="0" m="6665" /><D93/><U66/><E66/><V77/><F77/><W90/><G50/><AGARI ba="0,0" hai="33,34,47,50,55,91,94,99,108,110,111" m="17447" machi="50" ten="30,1000,0" yaku="14,1" doraHai="73" who="1" fromWho="3" sc="182,0,410,10,152,0,256,-10" /><INIT seed="4,0,0,3,4,55" ten="182,420,152,246" oya="0" hai0="135,56,133,25,96,39,120,6,128,66,13,21,94" hai1="130,45,42,117,59,3,79,29,11,106,47,104,40" hai2="93,88,22,37,102,19,91,70,85,63,53,23,67" hai3="62,43,26,18,2,5,72,54,28,69,80,119,58"/><T83/><D39/><U86/><E117/><V31/><F37/><W122/><G122/><T131/><D83/><U12/><E3/><V107/><F31/><W76/><G119/><T44/><D44/><U51/><E29/><V132/><F132/><N who="0" m="50762" /><D120/><U81/><E130/><N who="0" m="49705" /><D13/><U71/><E12/><V61/><F91/><W34/><G69/><T129/><D6/><U116/><E71/><V113/><F113/><W4/><G2/><T74/><D74/><U64/><E11/><V33/><F33/><W32/><G32/><T68/><D68/><U84/><E116/><V121/><F121/><W103/><G43/><T118/><D118/><U41/><E41/><V100/><F23/><W7/><G103/><T126/><N who="0" m="49713" /><T9/><DORA hai="35" /><D9/><U108/><E45/><V8/><F8/><W10/><G10/><T97/><D94/><U99/><E42/><V92/><F92/><W101/><G4/><T65/><D126/><U87/><E81/><V105/><F100/><W36/><G101/><T111/><D111/><U30/><E108/><V60/><F102/><W98/><G36/><T50/><D50/><U46/><E46/><V115/><F115/><W15/><G5/><T78/><D78/><U38/><E79/><V112/><F112/><W24/><G7/><T17/><D65/><U49/><E49/><V75/><F75/><W77/><G77/><T82/><D82/><U124/><E124/><V57/><REACH who="2" step="1"/><F60/><AGARI ba="0,0" hai="17,21,25,56,60,66,96,97" m="49713,50762" machi="60" ten="50,9600,0" yaku="20,1,19,1,52,1" doraHai="55,35" who="0" fromWho="2" sc="182,96,420,0,152,-96,246,0" /><INIT seed="4,1,0,0,3,95" ten="278,420,56,246" oya="0" hai0="38,108,77,0,80,13,12,34,30,32,91,97,92" hai1="60,132,15,72,11,67,83,82,10,133,117,54,33" hai2="76,3,41,100,9,49,52,39,111,98,36,105,56" hai3="25,101,7,1,46,8,75,43,94,113,114,16,78"/><T135/><D0/><U31/><E117/><V24/><F111/><W110/><G110/><T65/><D38/><U22/><E33/><V120/><F120/><W99/><G75/><T68/><D108/><U71/><E54/><V73/><F24/><W104/><G78/><T131/><D131/><U5/><E11/><V127/><F127/><W35/><G94/><T61/><D135/><N who="1" m="51787" /><E72/><V103/><F103/><W18/><G35/><T121/><D121/><U50/><E50/><V29/><F29/><W79/><G79/><T130/><D130/><U44/><E44/><V125/><F125/><W45/><G45/><T37/><D37/><U107/><E107/><V28/><F28/><W42/><G42/><T69/><D69/><U62/><E62/><V19/><F41/><W85/><G85/><T122/><D122/><U63/><E63/><V118/><F118/><W64/><G64/><T4/><D4/><U21/><E21/><V90/><F90/><W109/><G109/><T84/><REACH who="0" step="1"/><D32/><REACH who="0" ten="268,420,56,246" step="2"/><U23/><E71/><V26/><F3/><W129/><G129/><T86/><D86/><U27/><E5/><V2/><F2/><W128/><G128/><T123/><D123/><U6/><E6/><V93/><F39/><N who="3" m="21887" /><G7/><T20/><D20/><U55/><E23/><N who="2" m="13695" /><F36/><W53/><G1/><T59/><D59/><U47/><E22/><V70/><F70/><W51/><G8/><T89/><D89/><U106/><E10/><V119/><F9/><W40/><G18/><T115/><D115/><U126/><E126/><V112/><F112/><N who="3" m="43115" /><G16/><T124/><D124/><U66/><E47/><RYUUKYOKU ba="1,1" sc="268,30,420,-10,56,-10,246,-10" hai0="12,13,30,34,61,65,68,77,80,84,91,92,97" /><INIT seed="4,2,1,3,3,101" ten="298,410,46,236" oya="0" hai0="132,32,19,135,90,100,123,0,15,31,89,87,33" hai1="95,103,51,88,63,117,60,21,11,2,24,72,47" hai2="57,59,49,93,98,134,13,26,66,69,73,25,113" hai3="52,54,70,130,46,56,64,107,86,3,75,97,7"/><T76/><D0/><U9/><E117/><V43/><F73/><W22/><G75/><T61/><D123/><U36/><E36/><V1/><F1/><W14/><G70/><T118/><D118/><U68/><E72/><V112/><F134/><N who="0" m="51242" /><D100/><U5/><E68/><V79/><F79/><W116/><G3/><T40/><D40/><U41/><E103/><N who="2" m="60879" /><F13/><W129/><G86/><T125/><D125/><U62/><E5/><V110/><F110/><W91/><G91/><N who="0" m="34827" /><D61/><U126/><E126/><V67/><F69/><W109/><G109/><T34/><D31/><N who="1" m="17807" /><E2/><V37/><F37/><W35/><G129/><T127/><D127/><U38/><E38/><V74/><F74/><W119/><G130/><T120/><D120/><U78/><E78/><V71/><F71/><W111/><G111/><T17/><D15/><U58/><E58/><N who="2" m="22027" /><F26/><W20/><G14/><T122/><D122/><U104/><E62/><V99/><F25/><W6/><G119/><T115/><D115/><N who="2" m="44106" /><F99/><W39/><G97/><T50/><D50/><U114/><E114/><V77/><F77/><W83/><G39/><T96/><D96/><N who="1" m="57447" /><E63/><V124/><F124/><W18/><G116/><T80/><AGARI ba="2,1" hai="17,19,32,33,34,76,80,87" m="34827,51242" machi="80" ten="40,2100,0" yaku="20,1" doraHai="101" who="0" fromWho="0" sc="298,37,410,-9,46,-9,236,-9" /><INIT seed="4,3,0,3,3,95" ten="335,401,37,227" oya="0" hai0="18,128,98,24,109,35,7,100,8,28,84,119,3" hai1="45,126,121,23,93,56,14,132,74,19,30,125,46" hai2="40,69,12,122,64,115,87,63,9,67,43,68,133" hai3="61,85,120,59,123,131,31,81,127,53,13,54,70"/><T66/><D119/><U114/><E74/><V113/><F122/><W42/><G131/><T50/><D128/><U29/><E121/><N who="3" m="46666" /><G127/><N who="1" m="48650" /><E132/><V47/><F133/><W106/><G106/><T65/><D109/><U77/><E77/><V5/><F87/><W76/><G70/><T32/><D32/><U90/><E56/><V25/><F25/><W78/><G42/><T117/><D117/><U26/><E114/><V58/><F43/><W27/><G13/><T62/><D50/><U52/><E52/><V51/><REACH who="2" step="1"/><F58/><REACH who="2" ten="335,401,27,227" step="2"/><W116/><G116/><T15/><D84/><N who="1" m="52423" /><E30/><V75/><F75/><W73/><G73/><T110/><D110/><U20/><AGARI ba="3,1" hai="14,19,20,23,26,29,45,46" m="52423,48650" machi="20" ten="30,1100,0" yaku="18,1" doraHai="95" who="1" fromWho="1" sc="335,-8,401,30,27,-6,227,-6" /><INIT seed="5,0,0,4,3,99" ten="327,431,21,221" oya="1" hai0="64,52,48,119,125,50,71,31,47,38,126,87,92" hai1="112,93,95,27,80,121,63,69,14,100,32,51,117" hai2="9,7,19,56,3,33,44,30,110,82,55,39,24" hai3="81,103,42,120,67,79,12,29,45,98,96,4,76"/><U122/><E117/><V130/><F110/><W73/><G120/><T115/><D31/><U18/><E112/><V15/><F130/><W133/><G133/><T104/><D87/><U131/><E131/><V75/><F75/><W36/><G67/><T13/><D92/><U23/><E80/><V53/><F82/><W26/><G98/><T85/><D85/><U78/><E78/><V70/><F70/><W124/><G124/><N who="0" m="47723" /><D13/><U77/><E77/><V60/><F39/><W132/><G132/><T58/><D104/><U0/><E0/><V114/><F114/><W111/><G111/><T6/><D6/><U94/><E51/><V35/><F35/><W11/><G79/><T97/><D97/><U128/><E128/><V102/><F102/><W109/><G109/><T105/><D105/><U1/><E1/><V129/><F129/><W22/><G76/><T16/><D115/><U108/><E108/><V113/><F113/><W54/><G81/><T65/><D16/><N who="1" m="12775" /><E32/><V17/><F17/><W135/><G135/><T118/><D38/><U28/><E28/><V134/><F134/><W20/><G73/><T83/><D83/><U74/><E74/><V59/><F19/><W91/><G91/><T101/><D101/><U89/><E89/><V2/><F2/><W107/><G22/><T43/><D71/><U88/><E100/><V116/><F3/><W34/><G34/><T106/><D106/><U21/><E88/><V68/><F68/><W72/><G72/><T46/><D46/><U127/><E127/><V57/><F116/><AGARI ba="0,0" hai="43,47,48,50,52,58,64,65,116,118,119" m="47723" machi="116" ten="30,7700,0" yaku="18,1,34,2,54,1" doraHai="99" who="0" fromWho="2" sc="327,77,431,0,21,-77,221,0" owari="404,20.0,431,54.0,-56,-56.0,221,-18.0" /></mjloggm>