<mjloggm ver="2.3"><GO type="97" lobby="0"/><UN n0="%6D%6F%73%75%67%75%72%69" n1="%E7%B4%94%EF%BC%93%E9%BE%8D%E9%96%80" n2="%E7%A5%9E%E5%B2%A1" n3="%E5%B0%B1%E6%B4%BB%E7%94%9F%40%E5%B7%9D%E6%9D%91%E8%BB%8D%E5%9B%A3" dan="15,14,13,16" rate="2031.93,1908.02,1863.18,2053.30" sx="M,F,M,M"/><TAIKYOKU oya="0"/><INIT seed="0,0,0,3,0,61" ten="250,250,250,250" oya="0" hai0="80,133,14,102,86,78,44,72,59,120,71,94,35" hai1="77,96,83,116,117,104,88,119,129,85,21,87,103" hai2="89,39,92,25,114,51,115,54,15,118,112,121,58" hai3="3,109,30,79,62,28,108,48,63,38,98,32,99"/><T5/><D71/><U50/><E21/><V33/><F121/><W31/><G38/><T19/><D120/><U97/><E50/><V66/><F39/><W9/><G32/><T29/><D133/><U74/><E129/><V128/><F128/><W34/><G34/><T69/><D69/><U67/><E67/><V4/><F118/><W36/><G36/><T70/><D70/><U107/><E107/><V17/><F4/><N who="3" m="1183" /><G48/><T75/><D5/><U18/><E18/><V91/><F66/><W100/><G79/><T43/><D59/><U110/><E110/><N who="3" m="42602" /><G99/><T20/><D29/><N who="3" m="7425" /><W16/><DORA hai="37" /><G16/><T41/><D35/><U23/><E23/><V1/><F33/><W130/><G130/><T10/><D20/><U123/><E123/><V6/><F115/><W111/><N who="3" m="42610" /><W46/><DORA hai="7" /><G46/><T126/><D126/><U40/><E40/><V125/><F125/><W26/><G26/><T95/><D41/><U45/><E45/><V13/><F25/><W124/><G124/><T22/><D22/><U84/><REACH who="1" step="1"/><E97/><REACH who="1" ten="250,240,250,250" step="2"/><V11/><F51/><W81/><G81/><AGARI ba="0,1" hai="74,77,81,83,84,85,87,88,96,103,104,116,117,119" machi="81" ten="40,16000,3" yaku="1,1,2,1,34,3,54,1,53,4" doraHai="61,37,7" doraHaiUra="101,0,82" who="1" fromWho="3" sc="250,0,240,170,250,0,250,-160" /><INIT seed="1,0,0,0,4,65" ten="250,410,250,90" oya="1" hai0="113,87,48,52,60,73,108,45,42,125,106,92,134" hai1="100,32,80,78,117,47,107,8,14,50,90,84,69" hai2="116,38,33,129,110,81,77,118,57,46,23,72,120" hai3="105,12,35,43,27,11,61,82,53,62,7,37,29"/><U18/><E117/><V26/><F23/><W97/><G53/><T0/><D106/><U115/><E32/><V119/><F57/><W54/><G54/><T104/><D104/><U94/><E115/><V3/><F120/><W5/><G5/><T44/><D73/><U36/><E36/><V123/><F123/><W93/><G105/><T76/><D113/><U103/><E107/><V95/><F95/><W59/><G82/><T67/><D0/><U24/><E24/><V64/><F64/><W17/><G59/><T96/><D108/><U13/><E13/><V79/><F79/><W68/><G68/><T28/><D28/><U30/><E30/><N who="2" m="19671" /><F110/><W85/><G85/><T101/><D125/><U40/><REACH who="1" step="1"/><E69/><REACH who="1" ten="250,400,250,90" step="2"/><V86/><F3/><W127/><G127/><T4/><D134/><U9/><E9/><V70/><F70/><W126/><G126/><T135/><D135/><U89/><E89/><V128/><F119/><W6/><G6/><T19/><D4/><U63/><E63/><V112/><F112/><W15/><G37/><T58/><D19/><U56/><E56/><V75/><F38/><W20/><REACH who="3" step="1"/><G43/><REACH who="3" ten="250,400,250,80" step="2"/><T122/><D122/><U91/><E91/><AGARI ba="0,2" hai="7,11,12,15,17,20,27,29,35,61,62,91,93,97" machi="91" ten="30,3900,0" yaku="1,1,2,1,7,1,53,0" doraHai="65" doraHaiUra="130" who="3" fromWho="1" sc="250,0,400,-39,250,0,80,59" /><INIT seed="2,0,0,0,3,81" ten="250,361,250,139" oya="2" hai0="32,35,15,74,125,61,99,67,22,41,79,80,27" hai1="38,116,73,134,110,66,17,119,129,70,34,114,52" hai2="126,117,123,108,87,72,28,36,43,19,102,25,42" hai3="37,62,39,54,113,14,24,47,135,8,127,85,103"/><V69/><F123/><W118/><G118/><T59/><D125/><U68/><RYUUKYOKU type="yao9" ba="0,0" sc="250,0,361,0,250,0,139,0" hai1="17,34,38,52,66,68,70,73,110,114,116,119,129,134" /><INIT seed="2,1,0,4,4,89" ten="250,361,250,139" oya="2" hai0="121,130,91,28,124,120,104,80,32,30,37,85,132" hai1="40,65,111,56,0,21,107,61,57,66,103,11,127" hai2="45,48,73,74,49,98,41,9,6,26,3,126,131" hai3="96,29,129,23,70,7,122,62,95,84,60,8,101"/><V134/><F134/><W5/><G122/><T69/><D28/><U71/><E40/><V68/><F68/><W42/><G129/><T33/><D30/><U86/><E111/><V94/><F131/><W112/><G112/><T59/><D59/><U44/><E44/><V82/><F126/><W27/><G70/><T54/><D54/><U53/><E127/><V77/><F26/><W17/><G42/><T55/><D55/><U4/><E57/><V76/><F76/><W12/><G84/><T114/><D91/><U24/><E86/><V14/><F74/><W50/><G50/><T125/><D80/><U75/><E75/><V46/><F46/><W43/><G43/><T72/><D85/><U128/><E128/><V18/><F49/><W108/><REACH who="3" step="1"/><G108/><REACH who="3" ten="250,361,250,129" step="2"/><T64/><D121/><U79/><E71/><V99/><REACH who="2" step="1"/><F94/><REACH who="2" ten="250,361,240,129" step="2"/><W133/><G133/><T58/><D124/><U10/><E107/><V106/><F106/><W15/><G15/><T90/><D132/><U81/><E24/><V2/><F2/><W119/><G119/><T35/><D69/><U19/><E0/><V20/><AGARI ba="1,2" hai="3,6,9,14,18,20,41,45,48,73,77,82,98,99" machi="20" ten="20,3900,0" yaku="1,1,0,1,7,1,53,0" doraHai="89" doraHaiUra="67" who="2" fromWho="2" sc="250,-14,361,-14,240,62,129,-14" /><INIT seed="2,2,0,3,4,3" ten="236,347,302,115" oya="2" hai0="27,87,75,14,50,40,119,92,25,1,116,131,99" hai1="12,106,80,89,86,43,100,53,65,85,76,36,2" hai2="105,52,125,0,111,88,109,55,11,47,45,101,113" hai3="35,91,59,23,34,68,114,67,46,57,78,17,6"/><V110/><F113/><W73/><G114/><T124/><D75/><U64/><E2/><V104/><F125/><W61/><G73/><T126/><D1/><U95/><E36/><V112/><F112/><W103/><G78/><T58/><D131/><U19/><E43/><V135/><F135/><W22/><G103/><T72/><D72/><U10/><E106/><V62/><F55/><W4/><G35/><T115/><D87/><U77/><E77/><V24/><F24/><N who="0" m="9290" /><D14/><U98/><REACH who="1" step="1"/><E53/><REACH who="1" ten="236,337,302,115" step="2"/><V39/><F39/><W107/><G107/><T18/><D115/><U133/><E133/><V81/><F105/><W82/><G34/><T48/><D40/><U123/><E123/><V71/><F104/><W9/><G68/><T31/><D124/><U28/><E28/><V54/><F71/><W66/><G46/><T79/><D31/><U94/><AGARI ba="2,1" hai="10,12,19,64,65,76,80,85,86,89,94,95,98,100" machi="94" ten="20,8000,1" yaku="1,1,0,1,7,1,8,1,53,1" doraHai="3" doraHaiUra="13" who="1" fromWho="1" sc="236,-22,337,96,302,-42,115,-22" /><INIT seed="3,0,0,2,5,124" ten="214,433,260,93" oya="3" hai0="88,17,23,85,112,50,128,5,74,47,48,1,126" hai1="132,95,73,103,80,66,11,10,109,68,41,86,92" hai2="116,21,40,133,102,39,42,131,22,46,123,15,3" hai3="97,7,75,13,0,104,62,100,37,44,60,33,69"/><W54/><G13/><T130/><D74/><U6/><E109/><V18/><F3/><W4/><G54/><T107/><D107/><U56/><E68/><V12/><F116/><W51/><G51/><T91/><D126/><U30/><E73/><V43/><F123/><W96/><G96/><T79/><D79/><U70/><E70/><V90/><F133/><W45/><G45/><T24/><D112/><U127/><E127/><V67/><F67/><W27/><G7/><T2/><D50/><U87/><E132/><V129/><F102/><W36/><G62/><T89/><D85/><U65/><E87/><V25/><F90/><W122/><G122/><T119/><D119/><U84/><E84/><V117/><F117/><W83/><G4/><T120/><D120/><U8/><E6/><V59/><F59/><W134/><G0/><T14/><D14/><U77/><E103/><V31/><F12/><W57/><G57/><T99/><D99/><U72/><E72/><V115/><F115/><W76/><G134/><T105/><D105/><U58/><E41/><V28/><F28/><N who="3" m="19615" /><G44/><T106/><D106/><U71/><E30/><V94/><F94/><N who="1" m="35881" /><E71/><V63/><F63/><W55/><G55/><N who="0" m="30111" /><D5/><U135/><E135/><V113/><F113/><W101/><G101/><T110/><D110/><U118/><E118/><V20/><F20/><W125/><G125/><T93/><D93/><U114/><E114/><V61/><F61/><W81/><G81/><T29/><D29/><U108/><E108/><V78/><F78/><W32/><G32/><T98/><D98/><U64/><AGARI ba="0,0" hai="8,10,11,56,58,64,65,66,77,80,86" m="35881" machi="64" ten="40,2700,0" yaku="5,1,8,1" doraHai="124" who="1" fromWho="1" sc="214,-7,433,27,260,-7,93,-13" owari="207,-19.0,460,56.0,253,5.0,80,-42.0" /></mjloggm>