<mjloggm ver="2.3"><GO type="169" lobby="0"/><UN n0="%E7%8B%AC%E6%AD%A9" n1="%E3%82%A6%E3%83%AB%E3%83%88%E3%83%A9%E7%AB%8B%E7%9B%B4" n2="%62%65%65%73%6F%6E%6F" n3="%73%68%75%6E%37%32%39" dan="20,18,16,16" rate="2268.14,2231.73,2144.62,2102.76" sx="M,M,M,M"/><TAIKYOKU oya="0"/><INIT seed="0,0,0,3,2,122" ten="250,250,250,250" oya="0" hai0="9,68,46,36,64,41,127,105,95,54,104,114,51" hai1="42,109,77,130,32,133,28,124,57,83,12,62,97" hai2="43,89,73,31,119,135,39,47,116,10,22,13,50" hai3="1,117,44,86,63,21,35,3,108,5,26,70,134"/><T59/><D114/><U67/><E124/><V123/><F123/><W4/><G117/><N who="2" m="45129" /><F73/><W52/><G134/><T11/><D127/><U55/><E133/><V49/><F135/><W131/><G35/><T48/><D48/><U98/><E130/><V66/><F66/><W40/><G131/><T90/><D105/><U20/><E42/><V37/><F50/><W60/><G70/><T87/><REACH who="0" step="1"/><D104/><REACH who="0" ten="240,250,250,250" step="2"/><U19/><E98/><V8/><F49/><N who="3" m="28711" /><G40/><T71/><D71/><U99/><E97/><V93/><F39/><W45/><G45/><T85/><D85/><U92/><E99/><V132/><F132/><W38/><G38/><T101/><D101/><U120/><E120/><V15/><F47/><W0/><G86/><T96/><D96/><U58/><E58/><V24/><F43/><W2/><G63/><AGARI ba="0,1" hai="9,11,36,41,46,51,54,59,63,64,68,87,90,95" machi="63" ten="40,7700,0" yaku="1,1,24,2,53,0" doraHai="122" doraHaiUra="25" who="0" fromWho="3" sc="240,87,250,0,250,0,250,-77" /><INIT seed="0,1,0,0,5,4" ten="327,250,250,173" oya="0" hai0="61,128,95,132,35,108,16,63,27,83,86,46,69" hai1="67,31,42,43,51,121,87,102,11,118,107,73,103" hai2="25,21,92,79,130,57,37,58,127,120,77,109,124" hai3="100,38,2,1,10,112,72,14,56,24,62,32,122"/><T68/><D132/><U104/><E73/><V18/><F120/><W129/><G72/><T71/><D128/><U47/><E121/><V97/><F37/><W88/><G38/><T49/><D95/><U117/><E67/><V33/><F33/><W123/><G112/><T85/><D108/><U105/><E31/><V91/><F109/><W15/><G100/><T82/><D35/><U65/><E65/><V13/><F130/><W26/><G129/><T114/><D114/><U110/><E110/><V119/><F119/><W93/><G15/><T64/><D64/><U3/><E87/><V41/><F41/><W125/><G125/><N who="2" m="48201" /><F25/><W36/><G36/><T23/><D86/><U0/><E43/><V48/><F58/><W19/><G123/><T116/><D116/><U99/><E99/><V40/><F57/><W44/><G44/><AGARI ba="1,0" hai="13,18,21,40,44,48,77,79,91,92,97" m="48201" machi="44" ten="30,1000,0" yaku="18,1" doraHai="4" who="2" fromWho="3" sc="327,0,250,0,250,13,173,-13" /><INIT seed="1,0,0,3,2,87" ten="327,250,263,160" oya="1" hai0="130,55,54,60,112,133,73,117,59,127,77,22,85" hai1="93,17,15,102,37,134,74,36,68,118,31,132,24" hai2="114,12,80,51,79,123,5,83,72,25,131,98,76" hai3="107,122,13,69,47,125,92,61,28,32,26,94,119"/><U110/><E118/><V63/><F123/><W70/><G122/><T41/><D73/><U33/><E68/><V49/><F114/><W20/><G107/><T81/><D127/><U99/><E74/><V65/><F131/><W10/><G125/><T111/><D133/><U91/><E110/><V108/><F108/><W38/><G119/><T11/><D41/><U6/><E6/><V101/><F25/><W29/><G29/><T82/><D82/><U57/><E57/><V30/><F30/><W75/><G75/><T52/><D130/><U58/><E58/><V113/><F83/><W35/><G35/><T62/><D112/><U3/><E3/><V95/><F79/><W14/><G14/><T7/><D60/><U23/><REACH who="1" step="1"/><E102/><REACH who="1" ten="327,240,263,160" step="2"/><V104/><F113/><W16/><G70/><T27/><D111/><U56/><E56/><V115/><F115/><W46/><G69/><T53/><D117/><U48/><E48/><V67/><F51/><W78/><G61/><T105/><D62/><U126/><E126/><V18/><F49/><W84/><G38/><AGARI ba="0,1" hai="15,17,23,24,31,33,36,37,38,91,93,99,132,134" machi="38" ten="40,3900,0" yaku="1,1,52,1,53,0" doraHai="87" doraHaiUra="100" who="1" fromWho="3" sc="327,0,240,49,263,0,160,-39" /><INIT seed="1,1,0,4,4,96" ten="327,289,263,121" oya="1" hai0="11,90,5,30,56,88,84,125,120,52,73,133,116" hai1="21,45,74,16,39,72,9,95,33,64,124,126,131" hai2="105,18,62,26,4,123,63,118,22,108,127,0,106" hai3="71,38,89,41,59,15,75,130,69,54,58,113,87"/><U27/><E33/><V31/><F123/><W86/><G75/><T122/><D73/><U102/><E131/><V91/><F118/><W77/><G113/><T1/><D116/><U81/><E64/><V12/><F127/><N who="1" m="48681" /><E81/><V57/><F108/><W94/><G130/><T48/><D125/><U68/><E68/><V29/><F63/><W25/><G38/><T83/><D133/><U67/><E67/><V82/><F31/><W114/><G41/><T14/><D30/><U50/><E9/><N who="2" m="2183" /><F91/><W60/><G114/><T23/><D90/><U40/><E39/><V6/><F6/><W61/><G15/><T8/><REACH who="0" step="1"/><D23/><REACH who="0" ten="317,289,263,121" step="2"/><U3/><E3/><V24/><F22/><W115/><G115/><T100/><D100/><U134/><E134/><V85/><F29/><W43/><G43/><T20/><D20/><U28/><E28/><V101/><F101/><W36/><G36/><T104/><D104/><U44/><E44/><V119/><F106/><W35/><G35/><T32/><D32/><U112/><E112/><V65/><F105/><W121/><G121/><T92/><D92/><U34/><E34/><V110/><F119/><W76/><G25/><T19/><AGARI ba="1,1" hai="1,5,8,11,14,19,48,52,56,83,84,88,120,122" machi="19" ten="30,7900,0" yaku="1,1,0,1,54,2,53,0" doraHai="96" doraHaiUra="109" who="0" fromWho="0" sc="317,92,289,-40,263,-21,121,-21" /><INIT seed="2,0,0,2,5,56" ten="409,249,242,100" oya="2" hai0="132,62,101,23,45,85,40,83,109,115,38,22,125" hai1="94,113,61,12,4,36,6,53,80,24,33,107,102" hai2="114,67,29,55,66,64,32,30,71,13,134,58,100" hai3="79,103,108,0,5,98,126,96,69,93,121,51,34"/><V15/><F32/><W1/><G34/><T59/><D115/><U65/><E113/><V84/><F71/><W43/><G69/><T92/><D109/><U44/><E80/><V78/><F114/><W70/><G121/><T123/><D132/><U87/><E87/><V104/><F104/><W50/><G70/><T106/><D106/><U10/><E94/><V82/><F100/><W52/><G108/><T31/><D31/><N who="2" m="11786" /><F134/><W16/><G126/><T97/><D125/><U110/><E4/><V127/><F127/><W27/><G79/><T72/><D72/><U68/><E110/><V2/><F2/><W17/><G5/><T91/><D123/><U112/><E112/><V37/><F37/><W3/><G96/><T42/><D42/><U63/><E102/><V9/><F9/><W118/><G118/><T47/><D47/><U18/><E33/><V28/><N who="2" m="11794" /><V89/><DORA hai="21" /><F78/><W41/><G27/><T54/><AGARI ba="0,0" hai="22,23,38,40,45,54,59,62,83,85,91,92,97,101" machi="54" ten="20,2700,0" yaku="0,1,7,1,52,1" doraHai="56,21" who="0" fromWho="0" sc="409,27,249,-7,242,-13,100,-7" /><INIT seed="3,0,0,1,5,20" ten="436,242,229,93" oya="3" hai0="120,62,135,51,22,116,101,115,76,71,8,68,48" hai1="7,117,26,21,34,131,46,65,82,124,32,93,36" hai2="25,59,92,9,0,105,85,112,37,56,29,64,113" hai3="72,83,84,121,91,90,5,49,110,3,109,133,88"/><W74/><G121/><T35/><D35/><U87/><E124/><V107/><F37/><W69/><G69/><T122/><D22/><U40/><E131/><V103/><F105/><W41/><G3/><T52/><D8/><U54/><E117/><V102/><F107/><W75/><G5/><T44/><D76/><U129/><E129/><V106/><F106/><W6/><G6/><T53/><D101/><U70/><E93/><V130/><F130/><W98/><G41/><T15/><D15/><U94/><E94/><V27/><F0/><W118/><G49/><T10/><D10/><U77/><E54/><V28/><F64/><W17/><G118/><T1/><D1/><U96/><E96/><V38/><F92/><N who="3" m="56583" /><G17/><T2/><D2/><U126/><E126/><V78/><F38/><W47/><G47/><T12/><D12/><U60/><REACH who="1" step="1"/><E7/><REACH who="1" ten="436,232,229,93" step="2"/><V99/><F99/><W57/><G57/><N who="0" m="35111" /><D116/><U95/><E95/><V125/><F125/><W45/><G45/><T33/><D44/><U97/><E97/><V50/><F103/><W31/><G31/><AGARI ba="0,1" hai="21,26,31,32,34,36,40,46,60,65,70,77,82,87" machi="31" ten="30,3900,0" yaku="1,1,7,1,52,1,53,0" doraHai="20" doraHaiUra="123" who="1" fromWho="3" sc="436,0,232,49,229,0,93,-39" /><INIT seed="4,0,0,4,0,7" ten="436,281,229,54" oya="0" hai0="53,72,22,33,132,125,12,64,21,57,84,91,37" hai1="59,2,38,98,60,96,69,70,25,82,18,134,58" hai2="114,47,122,9,54,56,121,29,123,49,14,80,75" hai3="11,20,45,99,8,74,105,95,92,88,85,30,68"/><T4/><D33/><U52/><E38/><V73/><F114/><W124/><G68/><T89/><D72/><U62/><E134/><V130/><F130/><W133/><G124/><T113/><D113/><U100/><E2/><V79/><F29/><W126/><G126/><T97/><D64/><U110/><E110/><V104/><F104/><W55/><G74/><T63/><D37/><U24/><E82/><V111/><F111/><W23/><G105/><T78/><D132/><U117/><E117/><V112/><F112/><W34/><G34/><T127/><D78/><U26/><E18/><V15/><F75/><W118/><G118/><T27/><D91/><U106/><REACH who="1" step="1"/><E98/><REACH who="1" ten="436,271,229,54" step="2"/><V28/><F123/><W44/><G133/><T65/><D125/><U1/><E1/><V77/><F77/><W90/><G30/><T120/><D97/><U13/><E13/><V119/><F15/><W66/><G66/><AGARI ba="0,1" hai="24,25,26,52,58,59,60,62,66,69,70,96,100,106" machi="66" ten="40,2600,0" yaku="1,1,54,1,53,0" doraHai="7" doraHaiUra="10" who="1" fromWho="3" sc="436,0,271,36,229,0,54,-26" /><INIT seed="5,0,0,3,2,10" ten="436,307,229,28" oya="1" hai0="5,105,75,6,29,46,111,113,69,118,15,93,59" hai1="33,61,81,67,112,41,77,86,87,48,9,50,13" hai2="60,45,21,73,68,23,79,107,100,55,89,80,114" hai3="129,84,2,115,101,110,8,35,24,116,134,58,20"/><U85/><E112/><V108/><F108/><W51/><G101/><T64/><D105/><U98/><E33/><V122/><F122/><W103/><G103/><T74/><D29/><U27/><E27/><V14/><F114/><W25/><G58/><T7/><D69/><U43/><E98/><V92/><F100/><W11/><G51/><T71/><D71/><U127/><E127/><V16/><F107/><W65/><G84/><T124/><D113/><U66/><E50/><V34/><F34/><W78/><G65/><T42/><D118/><U30/><E30/><V31/><F31/><N who="3" m="19951" /><G78/><T106/><D111/><U38/><E38/><V22/><F68/><W125/><G115/><T19/><D124/><U4/><E43/><V102/><F102/><W95/><G95/><T128/><D93/><U83/><E61/><V126/><F126/><W133/><G125/><T28/><D128/><U49/><E49/><V94/><F94/><W104/><G104/><T91/><D106/><U99/><E99/><V121/><F121/><W76/><G76/><T56/><D91/><N who="1" m="51631" /><E87/><V90/><F90/><W52/><G52/><T82/><D28/><U32/><E32/><V135/><F45/><AGARI ba="0,0" hai="4,9,13,41,45,48,66,67,77,83,86" m="51631" machi="45" ten="30,5800,0" yaku="25,1,8,1,52,1" doraHai="10" who="1" fromWho="2" sc="436,0,307,58,229,-58,28,0" /><INIT seed="5,1,0,2,5,39" ten="436,365,171,28" oya="1" hai0="93,87,101,119,1,55,49,130,88,86,13,2,108" hai1="70,32,28,34,3,84,23,74,10,24,135,81,52" hai2="37,58,22,63,35,64,132,27,112,14,7,11,62" hai3="25,57,42,18,114,95,71,113,65,29,76,20,106"/><U102/><E70/><V73/><F73/><W43/><G106/><T0/><D119/><U111/><E135/><V69/><F132/><W100/><G71/><T117/><D117/><U47/><E111/><V89/><F112/><W92/><G76/><T122/><D108/><U45/><E102/><V126/><F126/><W85/><G92/><T131/><D122/><U61/><E74/><V54/><F37/><W38/><G38/><T72/><D72/><U51/><E61/><V67/><F35/><W80/><G80/><T97/><D13/><U66/><E66/><V96/><F69/><W107/><G107/><T8/><D8/><U115/><E115/><N who="3" m="44042" /><G18/><T133/><D133/><U40/><E10/><V134/><F134/><W53/><G65/><T46/><REACH who="0" step="1"/><D87/><REACH who="0" ten="426,365,171,28" step="2"/><U79/><REACH who="1" step="1"/><E3/><REACH who="1" ten="426,355,171,28" step="2"/><V5/><F67/><W94/><G85/><T82/><AGARI ba="1,2" hai="0,1,2,46,49,55,82,86,88,93,97,101,130,131" machi="82" ten="40,8000,1" yaku="1,1,2,1,0,1,54,1,53,0" doraHai="39" doraHaiUra="104" who="0" fromWho="0" sc="426,103,355,-41,171,-21,28,-21" /><INIT seed="6,0,0,0,3,39" ten="529,314,150,7" oya="2" hai0="133,92,101,38,120,9,60,22,52,16,97,40,70" hai1="129,78,83,67,98,4,103,115,75,0,46,69,2" hai2="73,21,51,10,94,49,64,12,30,125,18,28,44" hai3="45,109,86,88,8,5,42,48,1,135,84,59,7"/><V91/><F73/><W34/><G34/><T68/><D120/><U25/><E115/><V53/><F125/><W71/><G109/><T35/><D35/><U65/><E65/><V122/><F122/><W13/><G71/><T17/><D133/><U85/><E85/><V124/><F124/><W128/><G135/><T14/><D38/><U31/><E46/><V23/><F64/><W90/><G128/><T3/><D40/><U99/><E99/><V130/><F130/><W118/><G1/><T102/><D3/><U47/><E47/><V113/><F113/><W104/><G104/><T89/><D70/><U119/><E4/><V121/><F121/><W100/><G100/><T33/><D33/><U131/><E119/><V6/><F51/><W62/><G5/><T96/><D96/><U93/><E131/><V32/><F21/><W123/><G118/><T126/><D126/><U76/><E76/><V63/><F63/><W116/><G116/><T74/><D74/><U132/><E132/><V24/><F32/><W134/><G134/><T72/><D72/><U110/><E129/><V117/><F117/><W61/><G123/><T57/><D68/><U81/><E110/><V29/><F6/><W58/><G86/><AGARI ba="0,0" hai="10,12,18,23,24,28,29,30,44,49,53,86,91,94" machi="86" ten="30,2900,0" yaku="7,1,8,1" doraHai="39" who="2" fromWho="3" sc="529,0,314,0,150,29,7,-29" owari="529,63.0,314,11.0,179,-22.0,-22,-52.0" /></mjloggm>