<mjloggm ver="2.3"><GO type="169" lobby="0"/><UN n0="%E9%AC%BC%E5%8F%A3%E3%81%BE%E3%81%93%E3%81%A8" n1="%E3%82%A6%E3%83%AB%E3%83%88%E3%83%A9%E7%AB%8B%E7%9B%B4" n2="%E4%BC%8F%E8%99%8E" n3="%66%6F%6F%6C%5F%6B%65%79" dan="16,16,17,16" rate="2099.76,2139.38,2226.44,2100.62" sx="M,M,M,M"/><TAIKYOKU oya="0"/><INIT seed="0,0,0,3,2,10" ten="250,250,250,250" oya="0" hai0="102,84,112,92,134,18,115,85,93,97,110,65,75" hai1="53,72,100,106,99,56,15,38,43,33,71,91,83" hai2="4,44,5,113,63,133,28,90,70,68,1,128,8" hai3="126,20,117,16,9,116,23,32,82,76,49,59,69"/><T125/><D65/><U119/><E119/><V42/><F113/><N who="0" m="43594" /><D18/><U29/><E71/><V66/><F128/><W74/><G126/><T26/><D26/><U118/><E118/><V124/><F124/><W80/><G69/><T7/><D7/><U77/><E29/><V37/><F70/><W27/><G32/><T105/><D125/><U41/><E33/><V47/><F133/><W14/><G23/><T98/><D134/><U51/><E38/><V127/><F127/><W114/><G114/><T17/><D17/><U11/><REACH who="1" step="1"/><E91/><REACH who="1" ten="250,240,250,250" step="2"/><V64/><F28/><W129/><G129/><T36/><D36/><U21/><E21/><V55/><F37/><W101/><G117/><T61/><D110/><U86/><E86/><V87/><F68/><W95/><G116/><T94/><D75/><U62/><E62/><V57/><F87/><N who="0" m="33354" /><D61/><U121/><E121/><V120/><F120/><W30/><G74/><T19/><D19/><AGARI ba="0,1" hai="11,15,19,41,43,51,53,56,72,77,83,99,100,106" machi="19" ten="30,3900,0" yaku="1,1,7,1,52,1,53,0" doraHai="10" doraHaiUra="35" who="1" fromWho="0" sc="250,-39,240,49,250,0,250,0" /><INIT seed="1,0,0,2,2,49" ten="211,289,250,250" oya="1" hai0="100,14,91,62,104,102,37,21,85,89,77,118,78" hai1="88,68,69,120,82,39,119,7,19,98,34,38,20" hai2="35,86,23,30,84,117,105,50,74,5,51,110,16" hai3="54,57,128,92,73,11,103,45,67,95,12,17,99"/><U4/><E34/><V32/><F74/><W66/><G128/><T55/><D37/><U1/><E119/><V125/><F117/><W87/><G73/><T113/><D113/><U10/><E120/><V131/><F105/><W129/><G129/><T41/><D41/><U130/><E130/><V101/><F101/><N who="0" m="39018" /><D104/><U112/><E112/><V90/><F131/><W132/><G132/><T71/><D71/><U31/><E31/><V111/><F5/><W70/><G70/><T116/><D116/><U52/><E7/><V114/><F114/><W8/><G8/><T43/><D43/><U115/><E69/><V75/><F75/><W36/><G36/><T97/><D118/><U127/><E68/><V65/><F65/><W63/><REACH who="3" step="1"/><G45/><REACH who="3" ten="211,289,250,240" step="2"/><T122/><D122/><U80/><E39/><V47/><F47/><W83/><G83/><T53/><D62/><U3/><E38/><V81/><F81/><W9/><G9/><T25/><D14/><U64/><E82/><V59/><F111/><W60/><G60/><T42/><D42/><U72/><E80/><V6/><F110/><W121/><G121/><T58/><D58/><U109/><E72/><V106/><F59/><W0/><G0/><T28/><D78/><U79/><E79/><V2/><F2/><W18/><G18/><T33/><D77/><U94/><E1/><V93/><F6/><W76/><G76/><T108/><D108/><U24/><E109/><V135/><F16/><W61/><G61/><T29/><D29/><U133/><E3/><V26/><F30/><W48/><G48/><T44/><D28/><RYUUKYOKU ba="0,1" sc="211,-10,289,-10,250,-10,240,30" hai3="11,12,17,54,57,63,66,67,87,92,95,99,103" /><INIT seed="2,1,1,4,3,86" ten="201,279,240,270" oya="2" hai0="78,91,93,54,125,88,101,120,111,69,52,20,110" hai1="95,131,83,107,126,43,35,99,53,39,45,29,37" hai2="117,72,36,81,55,16,17,33,23,109,71,75,40" hai3="106,85,135,57,51,104,0,76,5,127,74,18,15"/><V87/><F117/><W11/><G127/><T94/><D69/><U108/><E126/><V14/><F33/><W31/><G135/><T44/><D78/><U32/><E131/><V77/><F71/><W118/><G118/><T100/><D120/><U38/><E108/><N who="0" m="41513" /><D20/><U92/><E83/><V63/><F109/><W129/><G74/><T4/><D4/><U27/><E35/><V73/><F40/><W10/><G129/><T119/><D119/><U3/><E3/><V105/><F36/><W25/><G76/><T21/><D21/><U30/><E29/><V98/><F55/><N who="0" m="21034" /><D44/><U46/><E53/><V114/><F63/><W66/><G51/><T6/><D6/><U82/><E45/><V8/><F114/><W1/><G57/><T132/><D132/><U58/><E58/><V22/><REACH who="2" step="1"/><F17/><REACH who="2" ten="201,279,230,270" step="2"/><W61/><G61/><T134/><D134/><U59/><E39/><V28/><F28/><W67/><G67/><T123/><D123/><U13/><E38/><V84/><F84/><W128/><G66/><T47/><D125/><U12/><E30/><V48/><F48/><W121/><G121/><T2/><D47/><U68/><E32/><V70/><F70/><W130/><G130/><T102/><D2/><U49/><E68/><V122/><F122/><W26/><G128/><T64/><D64/><U42/><E46/><V9/><F9/><N who="3" m="6511" /><G31/><T133/><D133/><U62/><E49/><V89/><F89/><AGARI ba="1,2" hai="88,89,91,93,94,100,101,102" m="21034,41513" machi="89" ten="40,16000,3" yaku="28,2,14,1,52,3,54,2" doraHai="86" who="0" fromWho="2" sc="201,183,279,0,230,-163,270,0" /><INIT seed="3,0,0,5,2,128" ten="384,279,67,270" oya="3" hai0="75,1,112,122,30,132,118,130,60,40,125,111,135" hai1="18,11,83,6,70,93,81,99,27,134,22,109,7" hai2="32,105,35,98,121,8,59,67,96,82,108,73,36" hai3="24,102,55,74,58,120,114,57,86,123,28,10,12"/><W15/><G74/><T71/><D40/><U97/><E109/><V14/><F36/><W54/><G102/><T42/><D42/><U80/><E70/><V56/><F121/><W17/><G114/><T61/><D61/><U52/><E134/><V79/><F108/><W4/><G120/><T68/><D60/><U127/><E127/><V129/><F129/><W45/><G123/><T51/><D51/><U91/><E99/><V89/><F98/><W106/><G106/><T31/><D31/><U23/><E11/><V44/><F44/><W94/><G28/><T110/><D30/><U107/><E107/><V34/><F67/><W103/><G24/><T66/><D66/><U87/><E23/><V33/><N who="2" m="8192" /><DORA hai="131" /><V113/><F113/><W100/><G86/><T53/><D53/><N who="3" m="19977" /><G45/><T116/><D130/><U38/><E38/><V26/><F26/><W5/><G103/><T115/><D122/><U85/><E52/><V41/><F41/><W62/><G62/><T92/><D92/><U76/><REACH who="1" step="1"/><E81/><REACH who="1" ten="384,269,67,270" step="2"/><V84/><F96/><N who="3" m="59415" /><G4/><T78/><D125/><U37/><E37/><V69/><F69/><W2/><G2/><T19/><D1/><U77/><AGARI ba="0,1" hai="6,7,18,22,27,76,77,80,83,85,87,91,93,97" machi="77" ten="20,8000,1" yaku="1,1,0,1,7,1,9,1,8,1,53,0" doraHai="128,131" doraHaiUra="46,126" who="1" fromWho="1" sc="384,-20,269,90,67,-20,270,-40" /><INIT seed="4,0,0,4,0,123" ten="364,359,47,230" oya="0" hai0="6,112,3,96,48,67,128,19,30,127,113,88,125" hai1="13,59,56,12,45,77,42,114,73,0,85,115,34" hai2="36,100,84,53,79,66,39,64,55,124,121,108,21" hai3="32,37,129,17,16,133,38,60,90,95,46,58,2"/><T72/><D72/><U71/><E73/><V4/><F100/><W111/><G32/><T7/><D30/><U75/><E75/><V81/><F121/><W62/><G2/><T49/><D67/><U131/><E0/><V119/><F119/><W78/><G78/><T44/><D19/><U57/><E71/><V10/><F124/><N who="0" m="47690" /><D128/><U107/><E107/><V35/><F35/><W97/><G62/><T61/><D61/><U14/><E34/><V1/><F108/><W104/><G104/><T93/><D48/><U126/><E126/><V80/><F39/><W51/><G111/><T101/><D101/><U24/><E24/><V109/><F36/><W18/><G133/><T27/><D27/><U22/><E22/><V86/><F109/><W98/><G129/><T122/><D122/><U76/><E85/><V9/><F21/><W89/><G38/><T118/><D118/><U105/><E105/><V8/><F4/><N who="0" m="1578" /><D3/><U20/><E20/><V70/><F1/><W132/><G132/><T106/><D106/><U74/><E74/><V47/><F70/><W31/><G31/><T29/><D29/><U69/><E131/><V116/><F116/><W43/><G37/><T110/><D110/><U28/><E69/><V65/><F47/><W11/><G11/><T52/><AGARI ba="0,0" hai="44,49,52,88,93,96,112,113" m="1578,47690" machi="52" ten="30,6000,0" yaku="18,1,54,2" doraHai="123" who="0" fromWho="0" sc="364,60,359,-20,47,-20,230,-20" /><INIT seed="4,1,0,0,3,47" ten="424,339,27,210" oya="0" hai0="78,60,41,54,5,13,27,20,64,131,93,29,8" hai1="75,107,15,58,1,7,35,72,98,26,52,45,61" hai2="59,17,6,101,128,81,92,102,83,84,104,91,103" hai3="71,116,28,40,112,106,132,135,50,48,130,118,43"/><T37/><D131/><U18/><E1/><V4/><F128/><W11/><G106/><T108/><D108/><U134/><E134/><N who="3" m="51242" /><G28/><T97/><D78/><U10/><E45/><V63/><F104/><W117/><G11/><T73/><D73/><U120/><E120/><V65/><REACH who="2" step="1"/><F17/><REACH who="2" ten="424,339,17,210" step="2"/><W38/><G130/><T113/><D113/><U82/><E18/><V14/><F14/><W105/><G105/><T34/><D13/><U74/><E107/><V56/><F56/><W114/><G71/><T36/><D5/><AGARI ba="1,1" hai="4,5,6,59,63,65,81,83,84,91,92,101,102,103" machi="5" ten="40,2600,0" yaku="1,1,8,1,53,0" doraHai="47" doraHaiUra="46" who="2" fromWho="0" sc="424,-29,339,0,17,39,210,0" /><INIT seed="5,0,0,1,0,53" ten="395,339,56,210" oya="1" hai0="12,62,71,129,99,3,13,116,92,72,31,115,33" hai1="134,36,35,48,50,43,55,47,59,127,122,20,126" hai2="94,96,74,90,73,18,83,79,19,58,88,128,75" hai3="133,119,46,114,16,105,112,81,2,44,4,103,6"/><U61/><E35/><V97/><F128/><W98/><G133/><T67/><D3/><U57/><E20/><V17/><F83/><W109/><G109/><T60/><D72/><U32/><E32/><V77/><F58/><W21/><G119/><T26/><D116/><U14/><E14/><V124/><F124/><N who="1" m="47657" /><E134/><V121/><F121/><W86/><G46/><T120/><D115/><N who="3" m="44073" /><G44/><T28/><D28/><U69/><E122/><V87/><F87/><W41/><G41/><T49/><D60/><N who="1" m="35903" /><E69/><V91/><REACH who="2" step="1"/><F94/><REACH who="2" ten="395,339,46,210" step="2"/><W64/><G64/><AGARI ba="0,1" hai="36,43,47,48,50,59,61,64" m="35903,47657" machi="64" ten="30,12000,1" yaku="18,1,34,2,52,2" doraHai="53" who="1" fromWho="3" sc="395,0,339,130,46,0,210,-120" /><INIT seed="5,1,0,0,3,62" ten="395,469,46,90" oya="1" hai0="88,35,50,77,90,79,37,64,2,70,69,102,73" hai1="91,93,115,32,27,106,129,3,22,26,95,76,71" hai2="87,116,67,66,127,25,14,4,89,51,21,119,58" hai3="60,98,99,120,111,8,105,10,41,103,100,101,38"/><U82/><E106/><V44/><F127/><W112/><G111/><T59/><D37/><U7/><E115/><V113/><F113/><W109/><G109/><T78/><D2/><U42/><E129/><V104/><F104/><W1/><G112/><T107/><D35/><U125/><E125/><V34/><F34/><W15/><G120/><T23/><D73/><U132/><E132/><V56/><F119/><W31/><G38/><T53/><D70/><U97/><E71/><V45/><F116/><W114/><G114/><T68/><D69/><U57/><E42/><V5/><F14/><W133/><G41/><T135/><D135/><U81/><E76/><V75/><F75/><W40/><G40/><T128/><D128/><U122/><E122/><V134/><F134/><W47/><G47/><N who="2" m="17993" /><F5/><W48/><G48/><T61/><REACH who="0" step="1"/><D23/><REACH who="0" ten="385,469,46,90" step="2"/><U86/><E32/><V92/><F4/><W46/><G1/><T20/><D20/><U108/><E22/><V24/><F25/><W11/><G133/><T43/><D43/><U16/><E7/><V65/><F51/><W85/><G105/><T94/><D94/><U117/><E3/><V13/><F13/><W9/><G31/><AGARI ba="1,1" hai="21,24,31,56,58,65,66,67,87,89,92" m="17993" machi="31" ten="30,7700,0" yaku="8,1,52,3" doraHai="62" who="2" fromWho="3" sc="385,0,469,0,46,90,90,-80" /><INIT seed="6,0,0,5,5,110" ten="385,469,136,10" oya="2" hai0="78,113,119,121,83,38,109,43,55,0,120,50,13" hai1="123,17,7,82,85,91,23,2,65,124,54,37,70" hai2="24,76,95,105,84,64,46,18,59,97,134,93,19" hai3="60,80,116,49,131,74,96,56,73,44,104,68,92"/><V81/><F134/><W32/><G131/><T130/><D0/><U26/><E37/><V9/><F105/><W103/><G116/><T101/><D13/><U48/><E124/><V34/><F46/><W27/><G68/><T14/><D14/><U30/><E123/><N who="0" m="47177" /><D101/><U35/><E65/><V45/><F45/><W106/><G32/><T89/><D89/><U42/><E70/><V3/><F34/><W125/><G125/><T133/><D83/><U132/><E42/><V135/><F135/><W1/><G1/><T99/><D99/><U25/><E132/><V63/><F24/><W10/><G10/><T36/><D78/><U90/><E7/><V62/><F62/><W33/><G33/><T88/><D88/><U66/><E66/><V79/><F79/><W15/><G15/><T98/><D98/><U69/><E2/><V51/><F51/><W100/><G27/><T47/><D133/><U12/><E69/><V112/><F95/><W114/><G114/><T71/><D71/><U117/><E91/><V5/><F112/><W8/><G8/><T126/><D126/><U61/><E12/><V128/><F128/><W108/><G108/><T6/><D6/><U77/><E77/><V57/><F19/><W129/><G129/><T86/><D113/><U31/><E17/><V107/><F18/><W41/><G80/><T39/><D130/><U53/><E117/><V87/><F107/><N who="3" m="41003" /><G103/><T58/><D119/><U52/><E61/><V16/><F16/><W4/><G4/><T29/><D109/><U67/><E67/><V72/><F5/><W94/><G94/><RYUUKYOKU ba="0,0" sc="385,-15,469,15,136,-15,10,15" hai1="23,25,26,30,31,35,48,52,53,54,82,85,90" hai3="41,44,49,56,60,73,74,92,96,100" /><INIT seed="7,1,0,4,1,40" ten="370,484,121,25" oya="3" hai0="75,35,78,31,9,124,12,93,96,85,16,131,110" hai1="105,61,100,127,81,98,53,10,55,34,79,102,130" hai2="135,91,99,41,120,82,125,66,24,80,13,132,8" hai3="84,122,32,117,118,43,49,69,59,54,65,70,44"/><W95/><G32/><T106/><D110/><U63/><E34/><V108/><F108/><W129/><G95/><T33/><D131/><U1/><E130/><V72/><F66/><W115/><G129/><T58/><D124/><U86/><E127/><V5/><F125/><W123/><G115/><T22/><D31/><U76/><E102/><V103/><F120/><N who="3" m="46123" /><G84/><T73/><D73/><U90/><E1/><V48/><F72/><W36/><G70/><T113/><D113/><U64/><E10/><V77/><F77/><W83/><G83/><T128/><D128/><U26/><E26/><V30/><F91/><W107/><G107/><T114/><D114/><U97/><E97/><V45/><F132/><W50/><G50/><T62/><D75/><U89/><E89/><V7/><F7/><W92/><G92/><T60/><D60/><AGARI ba="1,0" hai="36,43,44,49,54,59,60,65,69,117,118" m="46123" machi="60" ten="30,11600,0" yaku="24,1,34,2,52,1" doraHai="40" who="3" fromWho="0" sc="370,-119,484,0,121,0,25,119" /><INIT seed="7,2,0,4,0,10" ten="251,484,121,144" oya="3" hai0="73,1,109,59,30,62,71,50,72,113,18,97,80" hai1="45,44,106,14,95,39,19,81,22,131,54,68,94" hai2="66,83,55,89,121,115,120,104,2,37,78,43,42" hai3="118,112,122,8,64,96,91,49,15,105,76,124,4"/><W41/><G118/><T101/><D1/><U110/><E106/><V90/><F2/><W57/><G122/><N who="2" m="47209" /><F104/><W92/><G124/><T129/><D109/><U5/><E68/><V46/><F43/><W7/><G112/><T134/><D30/><U75/><E45/><V36/><F36/><W77/><G105/><T79/><D71/><U133/><E54/><V87/><F115/><W3/><G3/><T135/><D50/><U116/><E95/><V70/><F55/><W33/><G33/><T119/><D129/><U111/><E75/><V13/><F66/><W84/><G4/><T108/><D108/><U25/><E14/><V103/><F103/><W61/><REACH who="3" step="1"/><G96/><REACH who="3" ten="251,484,121,134" step="2"/><T125/><D113/><U47/><E116/><V86/><F70/><W98/><G98/><T16/><D119/><U65/><E110/><V40/><F40/><W93/><G93/><T85/><D125/><U58/><E94/><N who="2" m="54583" /><F13/><W123/><G123/><T17/><D97/><U60/><E111/><V20/><F20/><W69/><G69/><T132/><D101/><U29/><E22/><V9/><F9/><W0/><G0/><T67/><AGARI ba="2,1" hai="16,17,18,59,62,67,72,73,79,80,85,132,134,135" machi="67" ten="40,5200,0" yaku="0,1,20,1,54,1" doraHai="10" who="0" fromWho="0" sc="251,68,484,-15,121,-15,134,-28" owari="319,12.0,469,56.0,106,-29.0,106,-39.0" /></mjloggm>