<mjloggm ver="2.3"><GO type="97" lobby="0"/><UN n0="%6B%61%75%74%65%6E" n1="%E6%B3%89" n2="%E5%B0%B1%E6%B4%BB%E7%94%9F%40%E5%B7%9D%E6%9D%91%E8%BB%8D%E5%9B%A3" n3="%E6%9C%B4%E9%BE%8D%E5%AE%88" dan="14,14,15,15" rate="1934.57,1952.44,1995.38,1959.85" sx="M,M,M,M"/><TAIKYOKU oya="0"/><INIT seed="0,0,0,1,3,66" ten="250,250,250,250" oya="0" hai0="103,41,92,37,90,117,116,72,121,25,24,54,8" hai1="99,17,126,51,31,115,64,104,133,97,56,61,93" hai2="134,0,35,127,125,98,82,55,3,34,21,70,124" hai3="45,119,106,62,1,27,19,80,36,78,81,46,132"/><T109/><D72/><U95/><E104/><V68/><F134/><W86/><G119/><T23/><D121/><U4/><E133/><V10/><F21/><N who="3" m="13759" /><G1/><N who="2" m="585" /><F10/><W5/><G106/><T108/><D8/><U60/><E31/><V50/><F98/><N who="1" m="37385" /><E4/><V12/><F82/><N who="3" m="47447" /><G36/><T42/><D103/><U88/><E95/><V30/><F12/><W110/><G5/><T20/><D54/><N who="1" m="31839" /><E64/><V53/><F53/><W6/><G132/><T79/><D79/><U22/><E115/><V89/><F89/><W113/><G6/><T2/><D2/><U14/><E126/><V38/><F38/><W101/><G113/><T122/><D122/><U135/><E135/><V69/><F30/><W76/><G101/><T114/><D114/><U28/><E28/><V7/><F7/><W71/><G110/><N who="0" m="42603" /><D37/><U58/><E58/><AGARI ba="0,0" hai="34,35,50,55,58,68,69,70,124,125,127" m="585" machi="58" ten="40,8000,1" yaku="18,1,52,3" doraHai="66" who="2" fromWho="1" sc="250,0,250,-80,250,80,250,0" /><INIT seed="1,0,0,5,0,122" ten="250,170,330,250" oya="1" hai0="40,67,45,103,53,85,49,107,10,112,38,131,8" hai1="135,128,2,102,20,104,109,105,106,56,34,23,96" hai2="64,55,77,47,124,108,119,61,127,71,123,134,21" hai3="19,32,36,22,121,24,16,97,98,31,41,87,125"/><U48/><E34/><V75/><F108/><W60/><G121/><T29/><D112/><U42/><E2/><V111/><F111/><W59/><G125/><N who="2" m="48201" /><F123/><W46/><G87/><T17/><D131/><U3/><E109/><V129/><F129/><W70/><G70/><T62/><D29/><U78/><E78/><V81/><F134/><W7/><G7/><T113/><D113/><U132/><E128/><V12/><F119/><W35/><G35/><T94/><D107/><U68/><E68/><V0/><F0/><W93/><G32/><T6/><D17/><U115/><E3/><V50/><F12/><W15/><G15/><T120/><D120/><U72/><E72/><V28/><F21/><W63/><G97/><T76/><D76/><U39/><E115/><V117/><F117/><W14/><G14/><T37/><D37/><U11/><E11/><V95/><F95/><W58/><G58/><T84/><D103/><U69/><E69/><V52/><F28/><W126/><G126/><T116/><D116/><U66/><E39/><V74/><F74/><W65/><REACH who="3" step="1"/><G63/><REACH who="3" ten="250,170,330,240" step="2"/><T43/><D6/><U99/><E99/><V114/><F114/><W18/><G18/><T88/><D85/><U91/><E105/><V25/><F25/><W110/><G110/><T83/><D83/><U133/><E106/><V100/><F100/><AGARI ba="0,1" hai="16,19,22,24,31,36,41,46,59,60,65,93,98,100" machi="100" ten="30,8000,1" yaku="1,1,7,1,25,2,54,1,53,0" doraHai="122" doraHaiUra="5" who="3" fromWho="2" sc="250,0,170,0,330,-80,240,90" /><INIT seed="2,0,0,2,2,63" ten="250,170,250,330" oya="2" hai0="51,61,126,115,91,113,88,39,120,60,127,107,53" hai1="109,64,112,66,50,85,28,12,11,46,70,16,58" hai2="90,44,7,124,77,69,52,15,129,79,74,38,71" hai3="48,21,37,56,81,117,54,123,13,32,5,125,131"/><V130/><F124/><N who="0" m="47658" /><D107/><U23/><E112/><N who="0" m="43081" /><D120/><U104/><E104/><V10/><F90/><N who="0" m="34346" /><D39/><U43/><E109/><V67/><F38/><W84/><G37/><T99/><D99/><U105/><E105/><V24/><F24/><W135/><G123/><T8/><D8/><U2/><E70/><V49/><F74/><W86/><G125/><T75/><D75/><U55/><E85/><V98/><F98/><W89/><G84/><T35/><D35/><U22/><E2/><V119/><F119/><W14/><G32/><T17/><D17/><U87/><E87/><V34/><F34/><W121/><G121/><T72/><D72/><U76/><E76/><V42/><F42/><W26/><G86/><T18/><D18/><U122/><E122/><V103/><F103/><W47/><G5/><T62/><D51/><N who="1" m="27103" /><E11/><V94/><F94/><W102/><G48/><T106/><D106/><U40/><E40/><V68/><F79/><W3/><G117/><T111/><D53/><U1/><E1/><V20/><F77/><W101/><G54/><T78/><D78/><U36/><E36/><V114/><F114/><W110/><G3/><T33/><D33/><U73/><E73/><V27/><F27/><AGARI ba="0,0" hai="12,16,22,23,27,28,50,55,58,64,66" m="27103" machi="27" ten="30,7700,0" yaku="8,1,52,2,54,1" doraHai="63" who="1" fromWho="2" sc="250,0,170,77,250,-77,330,0" /><INIT seed="3,0,0,0,2,110" ten="250,247,173,330" oya="3" hai0="96,1,21,60,4,98,13,111,123,36,122,69,8" hai1="124,24,11,102,30,131,118,5,0,115,38,25,84" hai2="107,22,67,90,44,31,61,43,66,82,78,132,79" hai3="17,19,28,99,14,47,2,48,75,49,103,87,76"/><W94/><G75/><T16/><D111/><U27/><E38/><V86/><F107/><W50/><G2/><T56/><D36/><U114/><E118/><V126/><F132/><W29/><G47/><T105/><D69/><U88/><E102/><V129/><F126/><W121/><G121/><T83/><D83/><U109/><E109/><V74/><F129/><W65/><G65/><T9/><D21/><U125/><E131/><V80/><F31/><N who="3" m="11851" /><G14/><T32/><D32/><U39/><E39/><V59/><F22/><W70/><G70/><T7/><D7/><U93/><REACH who="1" step="1"/><E30/><REACH who="1" ten="250,237,173,330" step="2"/><V62/><F43/><W15/><G15/><T20/><D123/><U127/><AGARI ba="0,1" hai="0,5,11,24,25,27,84,88,93,114,115,124,125,127" machi="127" ten="40,12000,2" yaku="1,1,2,1,0,1,18,1,52,2,54,1,53,0" doraHai="110" doraHaiUra="73" who="1" fromWho="1" sc="250,-30,237,130,173,-30,330,-60" owari="220,-18.0,367,47.0,143,-36.0,270,7.0" /></mjloggm>