<mjloggm ver="2.3"><GO type="169" lobby="0"/><UN n0="%E3%82%B5%E3%83%B3%E3%83%9E%E9%81%93%E6%A5%BD%E4%BB%A3%E8%A1%A8" n1="%E7%82%B9%E8%8D%89%E7%8B%AC%E6%AD%A9" n2="%E3%81%86%E3%82%8B%E3%81%95%E3%81%84%E3%81%AF%E8%A4%92%E3%82%81%E8%A9%9E" n3="%E3%82%A6%E3%83%AB%E3%83%88%E3%83%A9%E7%AB%8B%E7%9B%B4" dan="17,16,16,17" rate="2210.52,2113.35,2103.24,2196.58" sx="M,F,M,M"/><TAIKYOKU oya="0"/><INIT seed="0,0,0,1,5,88" ten="250,250,250,250" oya="0" hai0="34,77,116,29,30,7,74,93,64,61,65,115,50" hai1="132,40,89,52,133,70,121,23,26,84,87,105,45" hai2="21,135,49,38,83,12,4,66,82,106,95,129,123" hai3="20,86,120,109,25,68,44,118,17,110,15,16,56"/><T107/><D107/><U103/><E121/><V37/><F106/><W9/><G68/><T48/><D116/><U1/><E1/><V114/><F38/><W53/><G118/><T99/><D115/><U22/><E70/><V54/><F37/><W125/><G125/><T42/><D34/><U72/><E72/><V62/><F123/><W134/><G134/><N who="1" m="51818" /><E105/><V31/><F129/><W127/><G127/><T35/><D35/><U32/><E103/><V101/><F62/><W57/><G120/><T51/><D7/><U41/><E32/><V18/><F66/><N who="0" m="25706" /><D74/><U6/><E6/><V13/><F31/><N who="0" m="11786" /><D77/><U60/><E23/><V112/><F135/><W79/><G79/><T111/><D61/><U63/><E63/><V36/><F36/><W71/><G71/><T122/><D122/><U14/><E14/><V80/><F4/><W78/><G110/><T113/><D113/><U43/><E60/><V102/><F13/><W131/><G109/><T119/><D119/><U92/><E22/><V58/><F114/><W90/><G78/><T117/><D117/><U128/><E26/><V75/><F75/><W59/><G131/><T5/><D5/><U104/><E104/><V10/><F21/><W2/><G2/><T33/><D33/><U96/><E128/><V27/><F27/><W69/><G69/><T100/><D111/><U0/><E0/><V130/><F130/><W124/><G124/><T8/><D8/><U39/><E39/><V3/><F3/><W94/><G59/><T19/><D19/><U91/><E91/><V97/><F112/><W108/><G108/><RYUUKYOKU ba="0,0" sc="250,0,250,0,250,0,250,0" hai0="42,48,50,51,93,99,100" hai1="40,41,43,45,52,84,87,89,92,96" hai2="10,12,18,49,54,58,80,82,83,95,97,101,102" hai3="9,15,16,17,20,25,44,53,56,57,86,90,94" /><INIT seed="0,1,0,2,5,91" ten="250,250,250,250" oya="0" hai0="127,102,14,45,104,65,89,36,16,50,92,46,103" hai1="83,135,38,90,3,126,109,24,125,37,58,67,87" hai2="32,99,13,76,81,43,41,123,57,48,4,63,29" hai3="39,112,66,107,118,128,17,64,49,2,113,75,132"/><T129/><D104/><U7/><E109/><V72/><F123/><W98/><G2/><T122/><D122/><U94/><E135/><V79/><F79/><W27/><G39/><T19/><D129/><U74/><E24/><V97/><F32/><W86/><G75/><T10/><D127/><N who="1" m="48651" /><E7/><V61/><F29/><W73/><G73/><T134/><D134/><U60/><E3/><V116/><F116/><W105/><G118/><T15/><D36/><U28/><E28/><V25/><F25/><W6/><G6/><T93/><D65/><U119/><E119/><V78/><F76/><AGARI ba="1,0" hai="37,38,58,60,67,74,76,83,87,90,94" m="48651" machi="76" ten="30,2000,0" yaku="18,1,52,1" doraHai="91" who="1" fromWho="2" sc="250,0,250,23,250,-23,250,0" /><INIT seed="1,0,0,3,4,8" ten="250,273,227,250" oya="1" hai0="5,7,40,90,84,59,56,91,31,51,28,1,47" hai1="93,128,48,0,99,130,23,92,43,46,120,35,4" hai2="17,95,122,119,126,113,73,2,32,66,125,54,45" hai3="63,77,68,131,115,58,11,57,72,30,133,74,18"/><U112/><E112/><V132/><F95/><W121/><G121/><T79/><D79/><U50/><E120/><V16/><F66/><W36/><G36/><T42/><D84/><U44/><E35/><V109/><F54/><W106/><G106/><T38/><D38/><U60/><E60/><V20/><F45/><W14/><G131/><N who="1" m="50218" /><E99/><V34/><F73/><W10/><G133/><T15/><D47/><U61/><E61/><V3/><F122/><W82/><G115/><T26/><D26/><U96/><E96/><V49/><F49/><W29/><G72/><T52/><D51/><U12/><E0/><V69/><F69/><W101/><G101/><T88/><D1/><U9/><E23/><V111/><F20/><W127/><G68/><T80/><D80/><U83/><E83/><V102/><F102/><W19/><G127/><T39/><D39/><U53/><AGARI ba="0,0" hai="4,9,12,43,44,46,48,50,53,92,93" m="50218" machi="53" ten="30,3000,0" yaku="19,1,52,1" doraHai="8" who="1" fromWho="1" sc="250,-10,273,30,227,-10,250,-10" /><INIT seed="1,1,0,0,4,97" ten="240,303,217,240" oya="1" hai0="128,87,86,66,130,125,131,7,16,27,21,51,56" hai1="126,67,41,22,46,13,47,94,106,113,135,19,59" hai2="36,111,98,101,28,5,1,60,33,88,116,63,117" hai3="39,14,92,74,83,77,108,2,35,73,70,20,103"/><U8/><E106/><V57/><F36/><W71/><G35/><T110/><D110/><U10/><E113/><V134/><F111/><W61/><G2/><T107/><D125/><U40/><E126/><V132/><F5/><W58/><G39/><T100/><D7/><U65/><E135/><N who="2" m="51755" /><F1/><W0/><G0/><T115/><D115/><U64/><E94/><N who="2" m="58583" /><F28/><W69/><G108/><T6/><D6/><U93/><E93/><V123/><F33/><W85/><G92/><T23/><D23/><U25/><E59/><V45/><F45/><W99/><G99/><N who="0" m="61855" /><D66/><U9/><REACH who="1" step="1"/><E25/><REACH who="1" ten="240,293,217,240" step="2"/><V102/><F123/><W49/><G58/><T109/><D109/><U78/><E78/><V105/><F57/><W76/><G77/><T81/><D81/><U18/><E18/><V38/><F117/><W32/><G76/><T42/><D56/><U43/><AGARI ba="1,1" hai="8,9,10,13,19,22,40,41,43,46,47,64,65,67" machi="43" ten="40,12000,1" yaku="1,1,0,1,29,2,8,1,53,0" doraHai="97" doraHaiUra="68" who="1" fromWho="1" sc="240,-41,293,133,217,-41,240,-41" /><INIT seed="1,2,0,3,4,44" ten="199,426,176,199" oya="1" hai0="66,42,18,79,63,71,34,93,57,55,91,61,68" hai1="46,45,116,0,84,37,23,14,80,69,83,81,58" hai2="22,54,19,127,125,88,103,26,60,49,92,82,17" hai3="95,77,90,89,74,130,3,135,16,25,40,2,85"/><U94/><E69/><V72/><F60/><W10/><G130/><T70/><D34/><U36/><E116/><V120/><F120/><W51/><G135/><T5/><D5/><U41/><E0/><V6/><F6/><W124/><G124/><T28/><D28/><U106/><E106/><V21/><F103/><W35/><G35/><T108/><D108/><U101/><E58/><V132/><F132/><W96/><G77/><T53/><D79/><U121/><E121/><V7/><F7/><W38/><G38/><T64/><D42/><U129/><E129/><V67/><F67/><W128/><G74/><T11/><D71/><U31/><E101/><V13/><F82/><W115/><G128/><T112/><D112/><U126/><E126/><V134/><F72/><W123/><G123/><T131/><D131/><U33/><E33/><V48/><F134/><W119/><G115/><T133/><D133/><U52/><E36/><V99/><REACH who="2" step="1"/><F49/><REACH who="2" ten="199,426,166,199" step="2"/><W76/><G51/><T15/><REACH who="0" step="1"/><D57/><AGARI ba="2,1" hai="13,17,19,21,22,26,48,54,57,88,92,99,125,127" machi="57" ten="40,8000,1" yaku="1,1,2,1,52,1,54,1,53,1" doraHai="44" doraHaiUra="47" who="2" fromWho="0" sc="199,-86,426,0,166,96,199,0" /><INIT seed="2,0,0,5,5,57" ten="113,426,262,199" oya="2" hai0="134,51,105,49,53,66,8,78,33,32,1,25,14" hai1="122,130,10,102,125,133,22,71,16,117,72,65,84" hai2="6,73,99,11,128,64,126,5,61,18,56,13,30" hai3="100,77,3,70,103,98,75,79,69,28,94,40,20"/><V35/><F73/><W110/><G3/><T38/><D38/><U47/><E117/><V95/><F128/><W59/><G40/><T29/><D1/><U42/><E72/><V109/><F126/><W80/><G110/><T52/><D105/><U7/><E125/><V123/><F123/><W68/><G79/><T118/><D134/><U0/><E130/><V87/><F109/><W115/><G115/><T107/><D107/><U93/><E133/><V58/><F87/><W127/><G127/><T62/><D78/><U50/><E122/><V129/><F129/><W76/><G76/><T19/><D118/><U27/><E65/><V121/><F121/><W24/><REACH who="3" step="1"/><G59/><REACH who="3" ten="113,426,262,189" step="2"/><T106/><D106/><U82/><E71/><V135/><F135/><W17/><G17/><T63/><D33/><U55/><E42/><V104/><F30/><W81/><G81/><T2/><D2/><U131/><E131/><V12/><F35/><W132/><G132/><T21/><D32/><U41/><E41/><V48/><F104/><W111/><G111/><T15/><D15/><U86/><E82/><V4/><F13/><W90/><AGARI ba="0,1" hai="20,24,28,68,69,70,75,77,80,90,94,98,100,103" machi="90" ten="30,2000,0" yaku="1,1,0,1,53,0" doraHai="57" doraHaiUra="101" who="3" fromWho="3" sc="113,-5,426,-5,262,-10,189,30" /><INIT seed="3,0,0,5,1,70" ten="108,421,252,219" oya="3" hai0="62,16,90,83,116,80,95,19,21,23,87,51,45" hai1="0,76,125,88,126,119,59,128,117,65,75,135,118" hai2="42,8,113,55,99,24,44,132,38,49,82,27,26" hai3="131,101,91,97,66,77,103,102,35,69,92,89,63"/><W114/><G114/><T71/><D71/><U96/><E128/><V115/><F132/><W68/><G131/><T30/><D30/><U36/><E0/><V41/><F41/><W106/><G69/><T58/><D21/><U79/><E135/><V81/><F8/><W120/><G120/><T52/><D116/><U98/><E36/><V22/><F22/><W34/><G77/><N who="1" m="29770" /><E75/><V105/><F81/><W129/><G129/><T130/><D130/><U1/><E1/><V46/><REACH who="2" step="1"/><F82/><REACH who="2" ten="108,421,242,219" step="2"/><N who="0" m="31274" /><D23/><U48/><E119/><V40/><F40/><AGARI ba="0,1" hai="16,19,40,45,51,52,58,62,87,90,95" m="31274" machi="40" ten="30,3900,0" yaku="8,1,54,2" doraHai="70" who="0" fromWho="2" sc="108,49,421,0,242,-39,219,0" /><INIT seed="4,0,0,4,5,66" ten="157,421,203,219" oya="0" hai0="70,40,112,0,73,99,91,121,80,131,89,8,120" hai1="90,94,95,101,76,11,61,35,123,49,115,28,106" hai2="87,75,118,71,81,117,19,67,44,13,72,27,24" hai3="29,6,125,23,107,15,26,16,69,105,129,77,45"/><T102/><D112/><U30/><E123/><V59/><F59/><W34/><G125/><T100/><D40/><U31/><E35/><V10/><F44/><W130/><G69/><T7/><D131/><N who="3" m="50185" /><G77/><T114/><D114/><U52/><E106/><V84/><F84/><W78/><G78/><T9/><D80/><U111/><E111/><V33/><F67/><W37/><G6/><T97/><D7/><U20/><E11/><V42/><F42/><AGARI ba="0,0" hai="15,16,23,26,29,34,37,42,45,105,107" m="50185" machi="42" ten="30,2000,0" yaku="19,1,54,1" doraHai="66" who="3" fromWho="2" sc="157,0,421,0,203,-20,219,20" /><INIT seed="5,0,0,3,0,4" ten="157,421,183,239" oya="1" hai0="29,49,94,3,44,77,53,41,62,128,110,2,87" hai1="21,17,125,68,97,79,73,80,66,43,95,36,135" hai2="38,60,71,111,15,45,24,132,104,1,30,28,64" hai3="74,93,67,12,10,35,115,102,14,56,9,121,108"/><U81/><E125/><V58/><F132/><W70/><G70/><T120/><D110/><U103/><E135/><V54/><F1/><W48/><G35/><T33/><D120/><U124/><E124/><V84/><F104/><W20/><G74/><T89/><D128/><U129/><E129/><V26/><F111/><W19/><G115/><T55/><D55/><U85/><E43/><V46/><F84/><W11/><G121/><T50/><D62/><U106/><E36/><V34/><F15/><N who="3" m="9343" /><G108/><T5/><D5/><U72/><E66/><V69/><F69/><W86/><G102/><T105/><D105/><U92/><E68/><V51/><REACH who="2" step="1"/><F38/><REACH who="2" ten="157,421,173,239" step="2"/><W98/><G86/><T114/><D114/><U65/><E85/><V126/><F126/><W91/><G48/><T96/><D87/><U109/><E109/><V119/><F119/><W13/><G13/><T61/><D77/><U82/><E79/><V90/><F90/><W116/><G116/><T25/><REACH who="0" step="1"/><D61/><AGARI ba="0,1" hai="9,10,11,12,14,56,61,67,91,93,98" m="9343" machi="61" ten="30,7700,0" yaku="8,1,52,3" doraHai="4" who="3" fromWho="0" sc="157,-77,421,0,173,0,239,87" /><INIT seed="6,0,0,4,5,21" ten="80,421,173,326" oya="2" hai0="7,9,119,35,55,88,14,27,28,47,102,91,38" hai1="132,76,64,100,131,90,121,17,43,44,56,2,10" hai2="39,114,111,71,104,129,84,45,134,94,135,93,53" hai3="30,54,25,78,85,67,60,57,97,105,41,13,18"/><V74/><F74/><W133/><G133/><T58/><D119/><U128/><E132/><N who="2" m="50731" /><F104/><W65/><G41/><T5/><D102/><U113/><E113/><V22/><F71/><W127/><G127/><T16/><D38/><U62/><E121/><V79/><F114/><W77/><G97/><T34/><D47/><U19/><E76/><V87/><F129/><N who="1" m="49737" /><E90/><V82/><F111/><W96/><G96/><T26/><D7/><N who="1" m="1399" /><E100/><V126/><F126/><W4/><G4/><T103/><D103/><U73/><E73/><V81/><F22/><N who="3" m="15671" /><G105/><T51/><D5/><U72/><E72/><V42/><F53/><W46/><G85/><T110/><D110/><U31/><E31/><AGARI ba="0,0" hai="9,14,16,26,27,28,31,34,35,51,55,58,88,91" machi="31" ten="40,8000,1" yaku="9,1,52,2,54,2" doraHai="21" who="0" fromWho="1" sc="80,80,421,-80,173,0,326,0" /><INIT seed="7,0,0,0,1,57" ten="160,341,173,326" oya="3" hai0="96,122,99,9,75,104,48,98,133,93,64,30,17" hai1="129,82,127,19,28,37,12,121,94,32,36,29,83" hai2="16,4,63,128,40,10,44,55,62,11,41,56,116" hai3="24,49,52,91,39,126,80,2,111,108,109,66,34"/><W89/><G126/><T53/><D122/><U65/><E127/><V69/><F116/><W18/><G39/><T113/><D75/><U45/><E129/><V84/><F128/><W67/><G2/><T105/><D133/><U31/><E121/><V74/><F74/><W59/><G80/><N who="1" m="30762" /><E32/><V134/><F134/><W77/><G77/><T120/><D120/><U85/><E37/><V107/><F107/><W25/><G25/><T135/><D135/><U70/><E70/><V38/><F84/><W76/><G76/><T100/><D113/><U7/><E36/><V5/><F41/><W13/><G24/><T106/><D30/><U103/><E65/><N who="3" m="24586" /><G34/><T20/><D64/><U47/><E7/><V60/><F69/><W87/><G87/><T124/><D9/><AGARI ba="0,0" hai="9,13,18,49,52,59,89,91,108,109,111" m="24586" machi="9" ten="30,2900,0" yaku="10,1,54,1" doraHai="57" who="3" fromWho="0" sc="160,-29,341,0,173,0,326,29" owari="131,-37.0,341,14.0,173,-23.0,355,46.0" /></mjloggm>