<mjloggm ver="2.3"><GO type="97" lobby="0"/><UN n0="%68%61%6E%69%74%61%6B%61" n1="%E5%B0%B1%E6%B4%BB%E7%94%9F%40%E5%B7%9D%E6%9D%91%E8%BB%8D%E5%9B%A3" n2="%EF%BC%88%E3%80%87%EF%BC%89%EF%BC%88%E2%98%86%EF%BC%89" n3="%E2%98%85%E9%9B%85%E2%98%85" dan="14,15,15,15" rate="1931.52,1955.77,2011.85,1996.45" sx="M,M,M,M"/><TAIKYOKU oya="0"/><INIT seed="0,0,0,3,2,82" ten="250,250,250,250" oya="0" hai0="66,84,74,13,60,45,83,4,41,106,39,104,25" hai1="33,46,89,80,69,117,63,42,62,44,127,29,26" hai2="11,116,129,87,17,8,125,65,14,53,101,114,6" hai3="37,18,118,23,52,31,27,34,102,96,105,1,109"/><T55/><D74/><U5/><E117/><V94/><F114/><W78/><G118/><T2/><D2/><U7/><E127/><V113/><F113/><W124/><G37/><T70/><D25/><U86/><E46/><V36/><F36/><W95/><G124/><T135/><D135/><U54/><E63/><V56/><F65/><W57/><G1/><T133/><D133/><U126/><E126/><V112/><F112/><W81/><G109/><T88/><REACH who="0" step="1"/><D55/><REACH who="0" ten="240,250,250,250" step="2"/><U115/><E115/><V103/><F125/><W98/><G34/><T49/><D49/><U58/><E69/><V16/><F116/><W0/><G0/><T38/><D38/><AGARI ba="0,1" hai="5,7,26,29,33,38,42,44,54,58,62,80,86,89" machi="38" ten="30,2000,0" yaku="7,1,52,1" doraHai="82" who="1" fromWho="0" sc="240,-20,250,30,250,0,250,0" /><INIT seed="1,0,0,3,0,91" ten="220,280,250,250" oya="1" hai0="41,110,88,119,106,15,108,109,60,78,93,85,84" hai1="114,89,94,77,7,42,27,59,55,131,64,2,103" hai2="54,30,107,33,102,3,47,74,71,72,48,124,13" hai3="63,31,134,121,35,126,81,117,115,26,62,111,22"/><U68/><E114/><V16/><F124/><W56/><G121/><T29/><D119/><U116/><E116/><V46/><F3/><W6/><G115/><T45/><D106/><U128/><E77/><V129/><F129/><N who="1" m="49737" /><E42/><V36/><F71/><W37/><G126/><T70/><D29/><U73/><E73/><V92/><F107/><W65/><G37/><T120/><D120/><U1/><E103/><V14/><F36/><W19/><G134/><T90/><D78/><U21/><E7/><V123/><F123/><W58/><G111/><T61/><D15/><U101/><E68/><V17/><F30/><W44/><G44/><T76/><D76/><U8/><E64/><V57/><F33/><W127/><G127/><T51/><REACH who="0" step="1"/><D70/><REACH who="0" ten="210,280,250,250" step="2"/><U104/><E104/><V34/><F34/><W40/><G117/><T118/><D118/><U125/><E125/><V95/><F72/><W82/><G40/><T32/><D32/><U4/><E2/><V97/><F74/><W11/><G35/><T39/><D39/><U113/><E113/><V132/><F132/><W112/><G31/><T79/><D79/><U96/><E8/><V43/><F43/><W133/><G133/><T52/><D52/><U25/><E4/><V5/><F5/><W80/><G112/><T99/><D99/><U38/><E1/><V100/><F13/><W12/><G65/><T105/><D105/><U49/><E38/><V87/><F14/><W10/><G10/><T86/><D86/><N who="1" m="52535" /><E21/><V67/><F67/><W9/><G9/><T20/><D20/><U135/><E135/><V66/><F66/><RYUUKYOKU ba="0,1" sc="210,10,280,10,250,-30,250,10" hai0="41,45,51,60,61,84,85,88,90,93,108,109,110" hai1="25,27,49,55,59,96,101" hai3="6,11,12,19,22,26,56,58,62,63,80,81,82" /><INIT seed="1,1,1,0,1,93" ten="220,290,220,260" oya="1" hai0="102,26,63,135,29,124,89,127,38,54,35,22,100" hai1="56,42,66,70,50,19,2,41,97,65,53,76,55" hai2="121,98,95,23,105,37,78,44,112,119,39,113,84" hai3="7,16,24,4,85,14,27,129,81,77,69,32,58"/><U5/><E5/><V20/><F121/><W52/><G69/><T101/><D135/><U86/><E2/><V1/><F1/><W11/><G129/><T80/><D38/><N who="2" m="14346" /><F105/><W49/><G32/><T21/><D63/><N who="1" m="36239" /><E70/><V87/><F78/><W114/><G114/><N who="2" m="44137" /><F44/><W132/><G132/><T103/><D54/><U73/><E73/><V18/><F119/><W116/><G116/><T120/><D120/><U111/><E111/><V104/><F104/><W131/><G131/><T34/><N who="0" m="26112" /><DORA hai="68" /><T0/><D0/><U13/><E97/><V83/><F83/><W99/><G99/><T51/><D51/><U10/><E86/><N who="2" m="32811" /><F18/><W108/><G108/><T71/><D71/><U107/><E107/><V12/><F12/><W125/><G125/><T117/><D117/><U62/><E76/><V79/><F79/><W8/><G4/><T106/><D106/><U96/><E96/><V30/><F30/><W128/><G128/><T17/><D80/><U6/><E19/><V75/><F75/><W48/><G48/><T130/><D89/><AGARI ba="1,1" hai="20,23,89,95,98" m="32811,44137,14346" machi="89" ten="30,8000,1" yaku="11,1,52,4" doraHai="93,68" who="2" fromWho="0" sc="220,-83,290,0,220,93,260,0" /><INIT seed="2,0,0,0,3,93" ten="137,290,313,260" oya="2" hai0="55,9,59,123,45,26,98,77,4,96,8,120,0" hai1="92,16,15,6,116,1,105,73,27,89,68,50,60" hai2="46,10,64,24,71,87,80,131,25,129,76,51,41" hai3="13,33,7,28,23,20,67,90,48,107,95,54,101"/><V35/><F35/><W103/><G107/><T44/><D77/><U94/><E105/><V88/><F64/><W21/><G67/><T66/><D66/><U99/><E116/><V83/><F71/><W82/><G82/><T61/><D26/><U29/><E73/><V112/><F112/><W91/><G33/><T78/><D78/><U47/><E1/><V111/><F10/><N who="3" m="4319" /><G28/><T12/><D120/><U72/><E72/><V113/><F113/><W132/><G132/><T40/><D123/><U49/><E6/><V106/><F106/><W75/><G75/><T126/><D126/><U86/><E60/><V31/><F111/><W3/><G3/><T53/><D53/><N who="1" m="29887" /><E68/><V52/><F41/><W97/><G103/><T14/><D0/><U69/><E50/><V5/><F5/><W32/><G32/><T36/><D44/><AGARI ba="0,0" hai="20,21,23,44,48,54,90,91,95,97,101" m="4319" machi="44" ten="30,2000,0" yaku="8,1,52,1" doraHai="93" who="3" fromWho="0" sc="137,-20,290,0,313,0,260,20" /><INIT seed="3,0,0,4,0,86" ten="117,290,313,280" oya="3" hai0="127,74,105,100,29,81,45,47,75,97,59,0,20" hai1="24,129,114,78,19,118,49,110,35,31,62,102,133" hai2="109,61,17,83,51,64,135,108,92,73,119,67,132" hai3="131,134,5,68,58,28,46,123,54,16,77,48,7"/><W130/><G123/><T40/><D0/><U18/><E114/><V12/><F119/><W22/><G28/><T115/><D127/><U84/><E118/><V1/><F1/><W76/><G68/><T126/><D126/><U104/><E129/><N who="3" m="49162" /><G134/><N who="2" m="51241" /><F92/><W15/><G46/><T113/><D59/><U66/><E110/><N who="2" m="42603" /><F51/><W87/><G87/><T69/><D69/><U3/><E3/><V32/><F32/><W106/><G106/><T52/><D29/><U112/><E112/><N who="0" m="43081" /><D20/><U36/><E49/><V53/><F83/><W91/><G91/><T72/><D40/><U33/><E33/><V13/><F73/><W103/><G103/><T80/><D45/><U41/><E41/><V63/><F53/><W56/><G56/><T44/><D44/><U60/><E36/><V21/><F13/><W39/><G39/><T27/><D27/><U2/><E2/><V6/><F6/><AGARI ba="0,0" hai="5,6,7,15,16,22,48,54,58,76,77" m="49162" machi="6" ten="30,2900,0" yaku="19,1,54,1" doraHai="86" who="3" fromWho="2" sc="117,0,290,0,313,-29,280,29" owari="117,-38.0,290,9.0,284,-12.0,309,41.0" /></mjloggm>