<mjloggm ver="2.3"><GO type="97" lobby="0"/><UN n0="%E5%A4%A9%E7%8B%90%E3%81%A1%E3%82%83%E3%82%93%E3%80%82" n1="%E3%83%8B%E3%82%B3%E5%8E%A8%EF%BC%A0%E5%B7%9D%E6%9D%91%E8%BB%8D%E5%9B%A3" n2="%E3%83%88%E3%83%88%E3%83%AA%E5%85%88%E7%94%9F%31%39%E6%AD%B3" n3="%75%70%74%6F%79%6F%75" dan="13,15,15,13" rate="1870.32,2009.11,2053.78,1871.40" sx="M,F,F,M"/><TAIKYOKU oya="0"/><INIT seed="0,0,0,5,3,69" ten="250,250,250,250" oya="0" hai0="93,26,96,98,80,111,88,90,53,2,115,106,102" hai1="127,33,56,46,97,104,50,54,116,119,40,51,107" hai2="16,105,67,73,70,39,112,109,100,17,62,28,133" hai3="59,15,61,3,8,130,74,75,18,48,110,52,108"/><T66/><D2/><U30/><E127/><V35/><F112/><W36/><G3/><T10/><D10/><U71/><E71/><V134/><F109/><N who="3" m="42091" /><G130/><T23/><D111/><U103/><E107/><V63/><F73/><N who="3" m="27659" /><G48/><T22/><D66/><U41/><E41/><V49/><F39/><AGARI ba="0,0" hai="8,15,18,36,39,52,59,61" m="27659,42091" machi="39" ten="30,7700,0" yaku="14,1,52,2,54,1" doraHai="69" who="3" fromWho="2" sc="250,0,250,0,250,-77,250,77" /><INIT seed="1,0,0,3,3,114" ten="250,250,173,327" oya="1" hai0="67,81,40,116,120,41,44,119,54,17,85,13,66" hai1="34,53,106,4,48,91,31,24,87,50,107,95,80" hai2="126,36,97,131,76,70,75,3,64,9,93,94,12" hai3="35,22,103,115,6,62,72,60,37,42,77,74,29"/><U132/><E132/><V47/><F131/><W43/><G35/><T134/><D134/><U52/><E4/><V71/><F126/><W122/><G6/><T101/><D101/><U112/><E112/><V90/><F64/><N who="0" m="24618" /><D120/><U65/><E65/><V39/><F3/><W1/><G1/><T102/><D102/><U113/><E113/><V15/><F76/><W25/><G103/><T30/><D30/><U133/><E133/><V111/><F75/><W28/><G77/><T78/><D116/><U129/><E129/><V117/><F90/><W123/><G22/><N who="0" m="11567" /><D119/><U84/><E50/><AGARI ba="0,0" hai="40,41,44,50,54,78,81,85" m="11567,24618" machi="50" ten="30,1000,0" yaku="8,1" doraHai="114" who="0" fromWho="1" sc="250,10,250,-10,173,0,327,0" /><INIT seed="2,0,0,5,1,15" ten="260,240,173,327" oya="2" hai0="93,87,133,109,101,82,21,42,23,41,132,96,47" hai1="94,34,57,110,28,7,78,107,31,43,6,90,35" hai2="126,22,92,114,38,103,10,121,63,88,12,17,71" hai3="75,13,61,89,18,20,55,118,130,128,60,59,2"/><V108/><F114/><W8/><G75/><T135/><D109/><U119/><E107/><V70/><F121/><W14/><G2/><T98/><D98/><U25/><E119/><V3/><F38/><W19/><G118/><T39/><REACH who="0" step="1"/><D42/><REACH who="0" ten="250,240,173,327" step="2"/><U80/><E110/><V117/><F108/><W112/><G112/><T79/><AGARI ba="0,1" hai="21,23,39,41,47,79,82,87,93,96,101,132,133,135" machi="79" ten="30,8000,1" yaku="1,1,2,1,0,1,20,1,53,1" doraHai="15" doraHaiUra="73" who="0" fromWho="0" sc="250,90,240,-20,173,-40,327,-20" /><INIT seed="3,0,0,3,4,91" ten="340,220,133,307" oya="3" hai0="28,10,58,84,4,77,26,34,14,119,102,113,45" hai1="115,112,30,116,117,79,104,19,31,120,85,100,38" hai2="0,23,32,46,89,13,121,64,73,52,99,81,61" hai3="40,114,127,1,5,22,96,25,134,132,33,42,101"/><W18/><G114/><T87/><D113/><N who="1" m="43595" /><E38/><V118/><F32/><W92/><G33/><T47/><D119/><N who="1" m="45643" /><E19/><V3/><F118/><W41/><G127/><T67/><D102/><U59/><E59/><V15/><F121/><W98/><G1/><T133/><D133/><N who="3" m="51305" /><G5/><T103/><D103/><U69/><E69/><V110/><F110/><W12/><G98/><T37/><D77/><U56/><E56/><V122/><F122/><W106/><G12/><T125/><D125/><U60/><E60/><V39/><F73/><W27/><G27/><T70/><D70/><U2/><E2/><V111/><F111/><W65/><G65/><T72/><D67/><U62/><E62/><V71/><F39/><W128/><G128/><T83/><D34/><U68/><E68/><V94/><F81/><W54/><G54/><T16/><D37/><U129/><E129/><V35/><F35/><W75/><G75/><T126/><D72/><U29/><E120/><V55/><F15/><W17/><G17/><T130/><D16/><U9/><E9/><V36/><F23/><W48/><G48/><T50/><D130/><U51/><E51/><V57/><F13/><W131/><G131/><T8/><D126/><U90/><E79/><V20/><F20/><W24/><G24/><T76/><D8/><U53/><E53/><V107/><F107/><AGARI ba="0,0" hai="18,22,25,40,41,42,92,96,101,106,107" m="51305" machi="107" ten="30,2900,0" yaku="20,1,52,1" doraHai="91" who="3" fromWho="2" sc="340,0,220,0,133,-29,307,29" /><INIT seed="3,1,0,5,1,34" ten="340,220,104,336" oya="3" hai0="85,55,59,101,35,125,119,47,58,128,2,18,118" hai1="106,36,69,96,100,122,9,23,27,38,126,130,51" hai2="124,10,43,99,8,33,103,28,97,52,67,72,71" hai3="54,75,91,13,114,30,62,120,132,14,115,135,110"/><W86/><G75/><T39/><D2/><U1/><E122/><V45/><F124/><W3/><G30/><T65/><D35/><U90/><E69/><V82/><F97/><W16/><G120/><T129/><D18/><U56/><E90/><V133/><F133/><N who="3" m="51275" /><G3/><T76/><D125/><U123/><E123/><V116/><F116/><N who="0" m="44586" /><D101/><U12/><E130/><N who="0" m="50281" /><D85/><U131/><E1/><V92/><F92/><N who="3" m="54391" /><G110/><T63/><D76/><U46/><E126/><V93/><F93/><W37/><G37/><T57/><D39/><U102/><E36/><V112/><F112/><N who="3" m="43051" /><G16/><T32/><D32/><U77/><E38/><V11/><F82/><W83/><G83/><T53/><D47/><U20/><E46/><V80/><F80/><W88/><G88/><T78/><D78/><U5/><E102/><V15/><F72/><W19/><G19/><T108/><D108/><U4/><E77/><V25/><F15/><W117/><G117/><T109/><D109/><U0/><E131/><V61/><F45/><W89/><G89/><T84/><D84/><U17/><E0/><V66/><F43/><W49/><G62/><T6/><D6/><U31/><E5/><V26/><F26/><W104/><G104/><T134/><D134/><U79/><E79/><V121/><F121/><W68/><G68/><AGARI ba="1,0" hai="53,55,57,58,59,63,65,68" m="50281,44586" machi="68" ten="40,5200,0" yaku="19,1,34,2" doraHai="34" who="0" fromWho="3" sc="340,55,220,0,104,0,336,-55" owari="395,50.0,220,-18.0,104,-40.0,281,8.0" /></mjloggm>