<mjloggm ver="2.3"><GO type="225" lobby="0"/><UN n0="%E4%BC%9D%E8%AA%AC%E3%81%AE%E3%81%B2%E3%82%88%E3%81%93" n1="%72%79%6F%E2%80%A6%31%35" n2="%E3%83%88%E3%83%88%E3%83%AA%E5%85%88%E7%94%9F%31%39%E6%AD%B3" n3="%E3%81%AE%E3%81%A1%E3%82%86%E3%82%93" dan="16,18,16,16" rate="2159.23,2173.06,2155.55,2075.36" sx="F,M,F,F"/><TAIKYOKU oya="0"/><INIT seed="0,0,0,0,5,18" ten="250,250,250,250" oya="0" hai0="9,36,6,97,4,14,15,32,131,11,109,8,28" hai1="124,120,45,127,89,26,105,110,41,10,42,111,88" hai2="51,48,87,23,43,90,83,0,12,81,16,99,47" hai3="98,64,74,92,80,95,71,91,60,22,40,59,94"/><T1/><D36/><U50/><E105/><V21/><F0/><W82/><G40/><T35/><D131/><U2/><E120/><V46/><F99/><N who="3" m="57759" /><G71/><T107/><D107/><U75/><E75/><V54/><F83/><N who="3" m="31787" /><G74/><T114/><D97/><U129/><E129/><V115/><F115/><W84/><G84/><T7/><D109/><N who="1" m="41483" /><E42/><V78/><F78/><W55/><G64/><T20/><D114/><U63/><E63/><V49/><F49/><W29/><G98/><T123/><D123/><U101/><E101/><V69/><F69/><W58/><G59/><T106/><D106/><U132/><E132/><V122/><F122/><W108/><G108/><T13/><D1/><U27/><E2/><V34/><F34/><W79/><G79/><T19/><D28/><U93/><E10/><AGARI ba="0,0" hai="10,12,16,21,23,43,46,47,48,51,54,81,87,90" machi="10" ten="30,12000,2" yaku="7,1,25,2,8,1,52,2,54,1" doraHai="18" who="2" fromWho="1" sc="250,0,250,-120,250,120,250,0" /><INIT seed="1,0,0,0,1,132" ten="250,130,370,250" oya="1" hai0="87,28,13,19,22,128,14,93,105,55,134,57,32" hai1="123,122,129,76,79,119,56,17,112,44,103,67,110" hai2="29,86,126,100,65,8,127,24,75,36,99,118,16" hai3="116,18,85,37,120,70,125,60,101,42,61,23,2"/><U50/><E119/><V109/><F118/><W52/><G120/><T20/><D105/><U130/><E112/><V62/><F75/><W30/><G2/><T35/><D134/><U6/><E6/><V97/><F36/><W92/><G116/><T21/><D128/><N who="1" m="49259" /><E103/><V133/><F133/><W26/><G37/><T59/><D59/><U102/><E102/><V49/><F109/><W121/><G42/><T107/><D107/><U15/><E110/><V7/><F49/><W108/><G121/><N who="1" m="46090" /><E56/><N who="2" m="37063" /><F86/><W83/><G108/><T73/><D73/><U72/><E67/><V51/><F51/><W31/><G70/><T10/><D32/><U77/><E72/><V45/><F45/><W115/><G115/><T131/><D35/><U12/><E17/><V89/><F89/><W4/><G4/><N who="0" m="3271" /><D131/><U96/><E96/><V135/><F135/><W69/><G69/><T106/><D106/><U90/><E90/><V84/><F84/><W41/><G18/><T88/><D28/><U34/><E34/><N who="2" m="20775" /><F16/><W58/><G30/><T33/><D33/><U25/><E25/><V80/><F100/><W94/><G101/><T74/><D74/><U38/><E38/><V91/><F91/><W39/><G39/><T1/><D1/><U9/><E9/><V64/><F64/><W66/><G66/><T82/><D82/><U46/><E46/><V27/><F27/><W47/><G26/><T124/><D19/><U81/><E81/><V0/><F80/><W40/><G83/><T68/><D14/><U54/><AGARI ba="0,0" hai="12,15,44,50,54,76,77,79" m="46090,49259" machi="54" ten="40,2100,0" yaku="19,1" doraHai="132" who="1" fromWho="1" sc="250,-7,130,21,370,-7,250,-7" /><INIT seed="1,1,0,3,5,60" ten="243,151,363,243" oya="1" hai0="75,92,110,84,27,59,23,52,65,49,44,125,17" hai1="89,118,115,81,4,16,68,76,74,37,130,91,72" hai2="30,100,20,96,41,42,101,90,0,31,85,46,134" hai3="112,9,53,34,121,7,126,106,25,33,73,10,2"/><U58/><E118/><V82/><F0/><W113/><G73/><T105/><D75/><U109/><E68/><V43/><F134/><W78/><G78/><T131/><D105/><U11/><E115/><V97/><F46/><W119/><G106/><T32/><D32/><U123/><E123/><V39/><F39/><W94/><G94/><T19/><D131/><U87/><E130/><V67/><F67/><W133/><G53/><T99/><D84/><U45/><E109/><V64/><F64/><W61/><G61/><N who="0" m="38079" /><D125/><U104/><E104/><V120/><F120/><W71/><G71/><T69/><D110/><U127/><E127/><V63/><F63/><W48/><G48/><T12/><D12/><U79/><E58/><V98/><F20/><W15/><G126/><T22/><D22/><U88/><E16/><V108/><F108/><W95/><G121/><T117/><D117/><U50/><E37/><V62/><F62/><W28/><G119/><T111/><D111/><U77/><E74/><V107/><F107/><W18/><G95/><T26/><D69/><U40/><REACH who="1" step="1"/><E72/><REACH who="1" ten="243,141,363,243" step="2"/><V55/><F30/><N who="3" m="19663" /><G133/><T5/><D19/><U80/><E80/><V14/><F31/><W24/><AGARI ba="1,1" hai="2,7,9,10,15,18,24,28,34,112,113" m="19663" machi="24" ten="30,2000,0" yaku="34,2" doraHai="60" who="3" fromWho="3" sc="243,-6,141,-11,363,-6,243,33" /><INIT seed="2,0,0,5,1,119" ten="237,130,357,276" oya="2" hai0="96,68,75,95,115,31,106,70,42,77,103,123,38" hai1="90,71,54,32,35,65,127,118,94,89,2,101,132" hai2="112,49,64,39,25,72,131,19,30,111,60,92,36" hai3="21,59,14,97,114,108,41,55,135,16,62,81,22"/><V51/><F112/><W53/><G135/><T29/><D29/><U9/><E118/><V66/><F72/><W40/><G114/><T74/><D115/><U17/><E132/><V110/><F131/><W129/><G129/><T86/><D31/><U57/><E127/><V102/><F19/><N who="3" m="10487" /><G108/><N who="2" m="41513" /><F92/><W104/><G104/><T27/><D27/><U91/><E54/><N who="3" m="20490" /><G97/><T11/><D11/><U37/><E65/><N who="2" m="25195" /><F60/><W61/><G81/><T79/><D38/><N who="2" m="14378" /><F102/><W63/><G59/><T44/><D75/><U117/><E57/><V7/><F7/><W83/><G83/><T93/><D74/><U121/><E101/><V76/><F76/><W133/><G133/><T122/><D77/><U6/><E117/><V126/><F126/><W99/><G99/><T52/><D79/><U84/><E94/><V33/><AGARI ba="0,0" hai="25,30,33,49,51" m="14378,25195,41513" machi="33" ten="40,3900,0" yaku="14,1,10,1" doraHai="119" who="2" fromWho="2" sc="237,-13,130,-13,357,39,276,-13" /><INIT seed="2,1,0,2,1,135" ten="224,117,396,263" oya="2" hai0="12,66,111,127,2,87,102,4,131,6,67,57,104" hai1="30,134,90,50,99,68,14,65,54,108,53,8,81" hai2="78,73,69,34,129,52,42,48,58,79,107,93,43" hai3="125,117,62,133,72,5,16,105,132,15,18,21,56"/><V46/><F107/><W41/><G117/><T126/><D2/><U115/><E115/><V60/><F34/><W83/><G105/><T124/><D111/><U112/><E112/><V32/><F32/><W20/><G5/><T49/><D131/><U96/><E108/><V100/><F129/><W25/><G41/><N who="2" m="15369" /><F69/><W94/><G94/><T70/><D70/><U13/><E134/><N who="3" m="51818" /><G83/><T23/><D87/><U9/><E30/><V22/><F73/><W71/><G71/><T92/><D92/><U91/><E68/><V88/><F22/><W26/><G72/><T128/><D128/><U1/><E1/><V33/><F100/><W76/><G76/><T113/><D113/><U116/><E116/><V0/><F33/><W63/><G26/><T101/><D23/><U45/><E81/><V75/><F75/><W37/><G37/><T120/><D120/><U123/><E123/><V44/><F44/><W36/><G36/><T89/><D89/><U59/><E45/><V98/><F0/><W3/><G3/><T95/><D95/><U51/><REACH who="1" step="1"/><E59/><REACH who="1" ten="224,107,396,263" step="2"/><V64/><AGARI ba="1,1" hai="46,48,52,58,60,64,78,79,88,93,98" m="15369" machi="64" ten="30,6000,0" yaku="8,1,54,2" doraHai="135" who="2" fromWho="2" sc="224,-21,107,-21,396,73,263,-21" /><INIT seed="2,2,0,4,3,102" ten="203,86,469,242" oya="2" hai0="19,111,33,12,93,7,39,57,1,105,16,38,60" hai1="56,35,36,8,74,69,79,32,114,124,135,112,104" hai2="78,113,46,108,13,73,61,0,6,30,118,64,63" hai3="127,85,51,44,133,67,130,49,90,54,26,23,117"/><V131/><F113/><W66/><G117/><T110/><D33/><U96/><E56/><V28/><F0/><W68/><G68/><T92/><D1/><U20/><E20/><V84/><F73/><W95/><G127/><T53/><D105/><U2/><E8/><V103/><F46/><W37/><G37/><T75/><D75/><U62/><E62/><V21/><F21/><W17/><G133/><T41/><D7/><U70/><E96/><V11/><F61/><W132/><G132/><T128/><D128/><U94/><E94/><N who="0" m="36457" /><D41/><U25/><E25/><V27/><F27/><W119/><G119/><T14/><D12/><U76/><E79/><V29/><F13/><W89/><G130/><T52/><D53/><U120/><E76/><V3/><F6/><W65/><G90/><T126/><D19/><U9/><E9/><V81/><F11/><W116/><G116/><T97/><D97/><U91/><E69/><V10/><F10/><W24/><G24/><T31/><D31/><U59/><E35/><V129/><F29/><W134/><G134/><T48/><D60/><U15/><E15/><V45/><F30/><W121/><G121/><T123/><D123/><U99/><E99/><V58/><F28/><W125/><G125/><T107/><D126/><U87/><E114/><V100/><F3/><W80/><G49/><T98/><D14/><U106/><E2/><V55/><F129/><W50/><G50/><T83/><D83/><AGARI ba="2,0" hai="17,23,26,44,51,54,65,66,67,80,83,85,89,95" machi="83" ten="40,1300,0" yaku="8,1" doraHai="102" who="3" fromWho="0" sc="203,-19,86,0,469,0,242,19" /><INIT seed="3,0,0,1,3,4" ten="184,86,469,261" oya="3" hai0="39,133,55,59,89,75,117,118,102,60,100,123,87" hai1="2,42,105,76,54,8,17,13,51,53,9,110,63" hai2="40,93,5,108,58,74,85,111,19,28,66,126,97" hai3="128,32,0,62,50,122,41,6,18,3,109,132,47"/><W77/><G122/><T101/><D123/><U56/><E105/><V129/><F74/><W48/><G32/><T99/><D39/><U91/><E110/><V125/><F129/><W61/><G109/><N who="2" m="42057" /><F40/><W22/><G128/><T44/><D75/><U72/><E42/><V38/><F38/><W23/><G132/><T57/><D133/><U80/><E2/><V73/><F73/><W116/><G116/><T79/><D44/><U119/><E119/><V14/><F5/><W78/><G6/><T65/><D79/><U81/><E81/><V88/><F28/><W34/><G41/><T11/><D11/><U15/><E91/><V82/><F58/><W7/><G7/><T33/><D33/><U94/><E94/><V70/><F66/><W26/><G34/><T29/><D29/><U107/><E107/><V27/><F27/><W37/><G37/><T36/><D36/><U12/><REACH who="1" step="1"/><E8/><REACH who="1" ten="184,76,469,261" step="2"/><N who="2" m="6599" /><F70/><W96/><G0/><T104/><D117/><U24/><E24/><V124/><F124/><W67/><G3/><T1/><D1/><U71/><E71/><V20/><F20/><W46/><G26/><T25/><D25/><U84/><E84/><V120/><F120/><W43/><G43/><T121/><D118/><U90/><E90/><AGARI ba="0,1" hai="82,85,88,90,93,97,125,126" m="6599,42057" machi="90" ten="30,3900,0" yaku="14,1,52,1,54,1" doraHai="4" who="2" fromWho="1" sc="184,0,76,-39,469,49,261,0" owari="184,-22.0,37,-46.0,518,62.0,261,6.0" /></mjloggm>