<mjloggm ver="2.3"><GO type="97" lobby="0"/><UN n0="%E3%81%BC%E3%81%B8%E3%83%BC%E3%82%80%53%4B%59" n1="%E5%B0%B1%E6%B4%BB%E7%94%9F%40%E5%B7%9D%E6%9D%91%E8%BB%8D%E5%9B%A3" n2="%E6%98%A5%E5%A5%88" n3="%E6%A3%AE%E4%B8%8B%E6%99%BA" dan="13,15,14,13" rate="1893.79,2051.08,1871.59,1851.50" sx="M,M,F,M"/><TAIKYOKU oya="0"/><INIT seed="0,0,0,2,5,25" ten="250,250,250,250" oya="0" hai0="117,108,82,7,36,125,64,65,58,35,80,1,95" hai1="92,9,87,2,20,81,71,79,59,123,45,56,48" hai2="22,76,93,120,4,51,3,119,99,10,100,26,0" hai3="114,24,31,61,106,46,72,37,16,89,112,101,52"/><T105/><D105/><U41/><E71/><V18/><F120/><W130/><G72/><T104/><D104/><U97/><E123/><V66/><F119/><W129/><G106/><T15/><D36/><U47/><E47/><V84/><F66/><W27/><G101/><T50/><D1/><U85/><E85/><V102/><F51/><N who="3" m="28791" /><G37/><T78/><D35/><U91/><E2/><V23/><F23/><N who="3" m="13415" /><G61/><T128/><D95/><U11/><E20/><V133/><F133/><W49/><G89/><T54/><D82/><U83/><E83/><V127/><F127/><W98/><G98/><T62/><D62/><U44/><E44/><V43/><F43/><W126/><G49/><T40/><D125/><U94/><E94/><V14/><F100/><W132/><G132/><T63/><D117/><U38/><E38/><V21/><F21/><W55/><G55/><N who="0" m="34271" /><D40/><U53/><E41/><V86/><F76/><W42/><G42/><T122/><D122/><U73/><E73/><V30/><REACH who="2" step="1"/><F0/><REACH who="2" ten="250,250,240,250" step="2"/><W75/><G126/><T77/><D78/><U113/><E113/><V107/><F107/><W28/><G75/><T124/><D124/><U6/><E79/><V110/><F110/><W74/><G74/><N who="0" m="43063" /><D108/><U32/><E32/><V96/><F96/><W88/><G88/><T8/><D64/><U19/><E91/><V29/><F29/><N who="3" m="11339" /><G27/><T131/><D65/><U118/><E97/><V103/><F103/><W57/><G57/><T109/><D109/><U134/><E118/><V121/><F121/><W70/><G70/><T17/><D7/><U34/><E134/><V13/><F13/><RYUUKYOKU ba="0,1" sc="250,10,250,-30,240,10,250,10" hai0="8,15,17,50,54,128,131" hai2="3,4,10,14,18,22,26,30,84,86,93,99,102" hai3="112,114,129,130" /><INIT seed="0,1,1,4,3,1" ten="260,220,250,260" oya="0" hai0="82,54,84,16,2,104,110,81,51,98,76,99,67" hai1="11,101,111,121,12,41,37,87,88,13,105,102,108" hai2="83,120,85,35,15,25,21,27,63,44,135,91,106" hai3="28,134,14,0,62,47,89,128,43,8,23,103,133"/><T107/><D67/><U4/><E121/><V78/><F106/><W17/><G128/><T58/><D2/><U79/><E79/><V115/><F120/><W38/><G103/><T7/><D110/><N who="1" m="42027" /><E105/><V26/><F115/><W29/><G62/><T109/><D109/><U52/><E13/><V74/><F135/><N who="3" m="51723" /><G89/><T56/><D7/><AGARI ba="1,1" hai="0,7,8,14,17,23,28,29,38,43,47" m="51723" machi="7" ten="30,2000,0" yaku="20,1,52,1" doraHai="1" who="3" fromWho="0" sc="260,-23,220,0,250,0,260,33" /><INIT seed="1,0,0,3,0,67" ten="237,220,250,293" oya="1" hai0="25,91,26,107,13,73,78,112,128,84,3,24,65" hai1="58,108,76,59,100,50,85,11,6,64,126,12,8" hai2="55,56,28,101,4,17,63,127,36,72,102,81,33" hai3="38,20,125,45,94,18,22,1,37,110,19,106,79"/><U14/><E126/><V42/><F127/><W62/><G106/><T2/><D107/><U133/><E133/><V40/><F4/><W115/><G115/><T41/><D112/><U118/><E118/><V132/><F132/><W61/><G1/><T71/><D41/><U43/><E108/><V52/><F55/><W116/><G116/><T27/><D128/><U113/><E100/><V48/><F36/><W32/><G32/><T66/><D73/><U130/><E130/><V49/><F33/><W88/><G79/><T57/><D78/><U135/><E135/><V68/><F68/><W53/><G53/><T111/><D111/><U105/><E64/><V0/><F0/><W86/><G110/><T77/><D77/><U15/><E105/><V10/><F28/><W121/><G121/><T117/><D71/><U89/><E76/><V70/><F70/><W54/><G38/><T124/><D66/><U46/><E113/><V119/><F119/><W74/><G74/><T123/><D123/><U60/><E60/><V97/><F72/><W35/><G35/><T82/><D124/><U104/><E104/><V7/><F81/><W5/><G125/><T99/><D117/><U34/><E34/><V96/><F7/><W16/><G5/><T98/><D3/><U93/><REACH who="1" step="1"/><E11/><REACH who="1" ten="237,210,250,293" step="2"/><V23/><F10/><W47/><G61/><T109/><D109/><U80/><E80/><V75/><F63/><W30/><G62/><T83/><D83/><U21/><E21/><V120/><F120/><W51/><G22/><T134/><D134/><U114/><E114/><V31/><F101/><RYUUKYOKU ba="0,1" sc="237,-10,210,30,250,-10,293,-10" hai1="6,8,12,14,15,43,46,50,58,59,85,89,93" /><INIT seed="1,1,1,2,3,111" ten="227,240,240,283" oya="1" hai0="69,29,119,117,89,35,121,37,93,126,135,20,44" hai1="123,27,2,11,1,14,134,104,7,65,86,125,106" hai2="34,43,46,24,82,120,48,42,128,87,84,70,63" hai3="124,75,49,71,112,39,91,103,130,102,12,122,26"/><U127/><E123/><V114/><F120/><W9/><G39/><T68/><D121/><U50/><E134/><V101/><F128/><W78/><G71/><T88/><D135/><U10/><E65/><V56/><F70/><W28/><G112/><T5/><D5/><U64/><E64/><V61/><F101/><W41/><G124/><N who="1" m="47690" /><E27/><V40/><F114/><W13/><G130/><T118/><D35/><U81/><E50/><V58/><F24/><W98/><G49/><T51/><D37/><U30/><E30/><V105/><F105/><N who="1" m="40553" /><E11/><V132/><F132/><W72/><G26/><T109/><D126/><U23/><E23/><V90/><F34/><W47/><G28/><T100/><D109/><U36/><E36/><V45/><F84/><W116/><G41/><T4/><D4/><U76/><AGARI ba="1,1" hai="1,2,7,10,14,76,81,86" m="40553,47690" machi="76" ten="30,1500,0" yaku="18,1" doraHai="111" who="1" fromWho="1" sc="227,-6,240,28,240,-6,283,-6" /><INIT seed="1,2,0,4,3,135" ten="221,268,234,277" oya="1" hai0="51,131,78,62,75,45,117,16,40,53,0,55,6" hai1="44,106,7,11,128,76,43,88,31,1,4,71,57" hai2="29,48,91,12,54,114,63,101,82,61,125,49,15" hai3="56,109,60,14,5,2,83,34,39,72,89,36,87"/><U86/><E71/><V19/><F114/><W74/><G2/><T79/><D117/><U80/><E106/><V68/><F68/><W110/><G34/><T100/><D131/><U27/><E128/><V102/><F125/><W85/><G85/><T81/><D79/><U123/><E123/><V70/><F70/><W41/><G5/><T134/><D134/><U67/><E4/><V26/><F82/><W130/><G14/><N who="2" m="5161" /><F91/><W119/><G119/><T115/><D115/><U8/><E8/><V124/><F124/><W47/><G39/><N who="0" m="21663" /><D16/><U127/><E127/><V94/><F29/><W46/><G46/><T35/><D62/><N who="2" m="23562" /><F94/><W28/><G28/><T118/><D118/><U103/><E103/><N who="2" m="39435" /><F54/><N who="3" m="33815" /><G130/><T38/><D38/><U104/><E104/><V126/><F126/><W93/><G93/><T52/><D35/><U92/><E67/><V32/><F32/><W98/><G98/><T58/><D100/><U3/><E57/><V95/><F95/><W97/><G97/><T20/><D20/><AGARI ba="2,0" hai="19,20,26,48,49" m="39435,23562,5161" machi="20" ten="30,1000,0" yaku="8,1" doraHai="135" who="2" fromWho="0" sc="221,-16,268,0,234,16,277,0" /><INIT seed="2,0,0,1,5,68" ten="205,268,250,277" oya="2" hai0="82,45,64,41,85,126,13,128,102,95,31,32,59" hai1="123,122,18,33,92,91,117,17,118,15,119,30,134" hai2="76,109,79,98,125,116,53,62,8,105,26,127,51" hai3="27,83,0,1,77,55,133,93,74,42,94,22,132"/><V97/><F116/><W39/><G55/><T72/><D72/><U58/><E134/><N who="3" m="51818" /><G42/><T5/><D32/><U100/><E100/><V35/><F109/><W61/><G61/><N who="0" m="37951" /><D31/><U108/><E108/><V106/><F62/><W29/><G39/><T28/><D28/><U47/><E33/><V46/><F8/><W71/><G71/><T84/><D128/><U87/><E30/><V86/><F86/><W12/><G12/><T23/><D126/><N who="2" m="48138" /><F26/><W7/><G7/><T36/><D36/><U25/><E25/><V20/><F20/><W6/><G6/><T14/><D41/><U88/><E47/><V99/><F35/><W90/><G94/><T11/><D45/><U66/><E91/><V124/><N who="2" m="48146" /><V96/><N who="2" m="24576" /><DORA hai="104" /><DORA hai="48" /><V80/><F80/><W56/><G90/><N who="0" m="51479" /><D95/><U40/><E40/><V135/><F135/><W60/><G93/><T89/><D89/><U67/><E58/><V19/><F19/><N who="1" m="7177" /><E15/><V112/><F112/><W103/><G103/><T63/><D102/><U113/><E113/><V129/><F129/><W38/><G56/><T110/><D110/><U73/><E73/><V75/><F75/><W107/><G74/><T21/><D85/><U50/><E50/><V34/><F34/><W44/><G38/><T49/><D49/><U131/><E131/><V37/><F37/><W24/><G60/><T65/><D63/><U78/><E78/><AGARI ba="0,0" hai="46,51,53,76,78,79,105,106" m="24576,48146" machi="78" ten="60,5800,0" yaku="18,1,52,1" doraHai="68,104,48" who="2" fromWho="1" sc="205,0,268,-58,250,58,277,0" /><INIT seed="2,1,0,4,2,35" ten="205,210,308,277" oya="2" hai0="29,28,48,67,30,135,31,9,56,90,74,22,4" hai1="109,40,95,62,116,34,134,71,52,118,75,120,17" hai2="130,86,65,21,2,113,10,100,111,79,41,119,91" hai3="127,126,105,104,53,39,89,0,85,92,18,110,133"/><V58/><F119/><W80/><G110/><T129/><D74/><U115/><E75/><V32/><F113/><W23/><G39/><T122/><D122/><U82/><E34/><V61/><F130/><W47/><G0/><T64/><D129/><U124/><E115/><V87/><F111/><W108/><G108/><T19/><D135/><U46/><E109/><V81/><F32/><W42/><G42/><T102/><D102/><U13/><E120/><V106/><F41/><W132/><G47/><T123/><D123/><U5/><E134/><N who="3" m="51818" /><G53/><T16/><D90/><U45/><E124/><N who="3" m="47658" /><G92/><T63/><D48/><U93/><E5/><V43/><F43/><W112/><G112/><T107/><D107/><U49/><E82/><V26/><F100/><W76/><G76/><T36/><D36/><U7/><E7/><V33/><F33/><W128/><G128/><T59/><D4/><U101/><E101/><V97/><F106/><W15/><AGARI ba="1,0" hai="15,18,23,80,85,89,104,105" m="47658,51818" machi="15" ten="30,2000,0" yaku="20,1,18,1" doraHai="35" who="3" fromWho="3" sc="205,-6,210,-6,308,-11,277,23" /><INIT seed="3,0,0,0,1,29" ten="199,204,297,300" oya="3" hai0="49,73,25,22,108,96,93,37,26,3,69,125,39" hai1="87,123,2,119,68,8,56,45,58,129,101,62,111" hai2="16,130,30,81,7,112,18,53,36,97,82,1,103" hai3="114,74,38,78,109,6,52,128,122,48,5,10,120"/><W124/><G114/><T102/><D3/><U12/><E123/><V133/><F112/><W115/><G115/><T14/><D69/><U31/><E2/><V32/><F36/><W40/><G124/><T20/><D125/><U75/><E75/><V80/><F133/><W59/><G128/><T35/><D73/><U66/><E111/><V47/><F130/><W76/><G6/><T113/><D113/><U28/><E129/><V117/><F117/><W72/><G72/><T126/><D126/><U41/><E119/><V131/><F131/><W34/><G34/><T121/><D121/><U100/><E87/><V9/><F47/><W134/><G134/><T13/><D108/><U43/><E58/><V17/><F53/><W63/><G109/><T4/><D49/><N who="1" m="26799" /><E43/><V57/><F57/><W92/><G38/><T64/><D64/><U94/><E68/><V99/><REACH who="2" step="1"/><F103/><REACH who="2" ten="199,204,287,300" step="2"/><W77/><G74/><T79/><D39/><U33/><E101/><V83/><N who="2" m="20480" /><DORA hai="107" /><V0/><F0/><N who="3" m="295" /><G120/><T85/><D37/><U118/><E100/><V61/><F61/><W60/><G122/><T67/><D67/><U24/><E118/><V54/><F54/><W46/><G60/><T106/><D79/><U127/><E127/><V95/><F95/><W86/><G92/><T44/><D44/><U88/><E94/><V91/><F91/><W89/><G89/><N who="0" m="53423" /><D35/><U90/><E90/><V71/><F71/><W23/><G86/><T105/><D105/><U27/><E88/><V84/><F84/><W21/><G63/><T110/><D110/><U50/><E50/><V70/><F70/><RYUUKYOKU ba="0,1" sc="199,-15,204,-15,287,15,300,15" hai2="1,7,9,16,17,18,30,32,97,99" hai3="21,23,40,46,48,52,59,76,77,78" owari="184,-32.0,189,-21.0,302,10.0,325,43.0" /></mjloggm>