<mjloggm ver="2.3"><GO type="169" lobby="0"/><UN n0="%E7%8B%AC%E6%AD%A9" n1="%E9%BA%BB%E7%94%9F%E9%9B%80%E5%AD%90" n2="%E3%83%A4%E3%82%AD%E3%83%B3" n3="%E3%82%A6%E3%83%AB%E3%83%88%E3%83%A9%E7%AB%8B%E7%9B%B4" dan="20,17,17,17" rate="2152.35,2133.25,2153.37,2132.26" sx="M,F,M,M"/><TAIKYOKU oya="0"/><INIT seed="0,0,0,3,1,108" ten="250,250,250,250" oya="0" hai0="69,45,35,126,79,54,87,28,50,31,135,3,23" hai1="61,94,53,124,13,59,67,71,90,62,105,17,47" hai2="134,4,57,49,64,125,29,116,27,41,106,82,46" hai3="52,128,60,21,112,18,9,78,36,0,42,33,26"/><T55/><D3/><U25/><E105/><V89/><F106/><W88/><G128/><T97/><D69/><U130/><E130/><V16/><F125/><W107/><G107/><T73/><D73/><U127/><E47/><V6/><F134/><W22/><G112/><T85/><D126/><U56/><E71/><V2/><F2/><W63/><G33/><T44/><D35/><U91/><E91/><V93/><F82/><W104/><G104/><T83/><D135/><U120/><E120/><V58/><F116/><W75/><G42/><T80/><D97/><U84/><REACH who="1" step="1"/><E25/><REACH who="1" ten="250,240,250,250" step="2"/><V39/><F46/><W30/><G88/><T40/><D23/><AGARI ba="0,1" hai="13,17,23,53,56,59,61,62,67,84,90,94,124,127" machi="23" ten="40,2600,0" yaku="1,1,2,1,53,0" doraHai="108" doraHaiUra="76" who="1" fromWho="0" sc="250,-26,240,36,250,0,250,0" /><INIT seed="1,0,0,3,4,99" ten="224,276,250,250" oya="1" hai0="115,20,80,79,57,7,106,25,33,125,81,18,83" hai1="130,94,127,16,71,34,87,65,4,114,86,121,56" hai2="32,22,67,95,117,48,49,3,132,55,63,43,134" hai3="59,93,1,26,112,116,50,103,31,68,126,9,72"/><U29/><E121/><V129/><F32/><W47/><G68/><T60/><D115/><U70/><E114/><V19/><F3/><W97/><G72/><T0/><D125/><U14/><E127/><V5/><F5/><W62/><G126/><T41/><D106/><U30/><E130/><V82/><F117/><W54/><G112/><T45/><D33/><U102/><E4/><V120/><F120/><W73/><G73/><T40/><D7/><U76/><E71/><V110/><F82/><W75/><G75/><T98/><D0/><U53/><E70/><V23/><F129/><W11/><G1/><T105/><D79/><U2/><E65/><V113/><F113/><W37/><G37/><T15/><D15/><U69/><E69/><V12/><F43/><W123/><G123/><T107/><D41/><U122/><E122/><V28/><F95/><W100/><G100/><T135/><D135/><U118/><E118/><V51/><F55/><W6/><G6/><T8/><D8/><N who="1" m="6215" /><E34/><V89/><F89/><W133/><G133/><N who="2" m="51305" /><F110/><W109/><G109/><T78/><D78/><U77/><E77/><V64/><F63/><W108/><G108/><T42/><D105/><U61/><E76/><V38/><F38/><W84/><G116/><T104/><D104/><U66/><E53/><V92/><F92/><W27/><G93/><T36/><D42/><U21/><E2/><V17/><F28/><N who="1" m="10857" /><E21/><N who="2" m="7691" /><F19/><W44/><G54/><N who="0" m="33847" /><D107/><U111/><E111/><V90/><F90/><W131/><G131/><T39/><D39/><U24/><E24/><V10/><AGARI ba="0,0" hai="10,12,17,48,49,51,64,67" m="7691,51305" machi="10" ten="40,1500,0" yaku="20,1" doraHai="99" who="2" fromWho="2" sc="224,-4,276,-7,250,15,250,-4" /><INIT seed="2,0,0,1,5,73" ten="220,269,265,246" oya="2" hai0="12,94,28,27,127,38,25,42,6,86,15,21,5" hai1="97,75,78,71,96,33,0,31,92,115,8,59,123" hai2="113,51,116,131,130,89,35,50,3,64,90,43,36" hai3="105,101,53,41,106,95,128,46,7,133,57,54,121"/><V58/><F3/><W79/><G121/><T81/><D127/><U20/><E71/><V48/><F35/><W69/><G69/><T23/><D94/><U83/><E115/><V85/><F113/><W76/><G106/><T108/><D42/><U52/><E33/><V87/><F116/><W1/><G105/><T99/><D99/><U39/><E39/><V63/><F43/><W125/><G1/><T2/><D38/><U109/><E109/><V37/><F36/><W117/><G117/><T114/><D114/><U24/><E123/><V118/><F37/><W66/><G7/><N who="0" m="2571" /><D108/><U30/><E97/><V45/><F45/><W26/><G128/><N who="2" m="49193" /><F118/><W119/><G119/><T32/><D2/><U60/><E0/><V55/><F64/><W19/><G125/><T82/><D82/><U47/><E47/><V129/><N who="2" m="49201" /><V104/><DORA hai="61" /><F104/><W49/><G133/><T111/><D111/><U17/><E8/><V65/><F55/><N who="3" m="21003" /><G66/><T13/><D81/><U11/><REACH who="1" step="1"/><E11/><REACH who="1" ten="220,259,265,246" step="2"/><V34/><F34/><W10/><G10/><T122/><D122/><U88/><AGARI ba="0,1" hai="17,20,24,30,31,52,59,60,75,78,83,88,92,96" machi="88" ten="20,16000,3" yaku="1,1,2,1,0,1,7,1,25,2,52,1,54,2,53,0" doraHai="73,61" doraHaiUra="120,132" who="1" fromWho="1" sc="220,-40,259,170,265,-80,246,-40" /><INIT seed="3,0,0,4,3,24" ten="180,429,185,206" oya="3" hai0="50,45,23,114,10,5,4,102,109,117,80,53,26" hai1="17,77,34,93,67,113,107,110,98,125,132,120,88" hai2="108,71,89,74,121,76,70,64,36,52,57,65,8" hai3="55,46,75,115,21,40,47,60,128,16,134,33,106"/><W13/><G115/><T41/><D117/><U126/><E113/><V27/><F36/><W127/><G127/><T14/><D114/><U101/><E120/><V43/><F43/><W44/><G128/><T9/><D109/><U31/><E110/><V85/><F108/><W131/><G131/><T12/><D102/><U48/><E132/><V96/><F74/><W58/><G134/><T20/><D80/><U83/><E67/><V59/><F121/><W6/><G106/><T56/><REACH who="0" step="1"/><D26/><REACH who="0" ten="170,429,185,206" step="2"/><N who="1" m="18807" /><E101/><V42/><F27/><W2/><G75/><T87/><D87/><U54/><E107/><V69/><F85/><W116/><G116/><T84/><D84/><U92/><E83/><V66/><F96/><W68/><G33/><T0/><D0/><U105/><E105/><V7/><F76/><W72/><G72/><T22/><D22/><U28/><E77/><V86/><F86/><W61/><G2/><T111/><D111/><U124/><E93/><V25/><F25/><W82/><G82/><T19/><D19/><U15/><E17/><V135/><F135/><W81/><G81/><T1/><D1/><U129/><E129/><V123/><F123/><W119/><G119/><T39/><AGARI ba="0,1" hai="4,5,9,10,12,14,20,23,39,41,45,50,53,56" machi="39" ten="20,5200,0" yaku="1,1,0,1,7,1,9,1,53,0" doraHai="24" doraHaiUra="104" who="0" fromWho="0" sc="170,62,429,-13,185,-13,206,-26" /><INIT seed="4,0,0,3,3,9" ten="232,416,172,180" oya="0" hai0="31,7,93,19,32,110,60,131,68,123,23,38,133" hai1="108,40,13,20,117,54,75,11,102,116,132,36,56" hai2="112,79,62,69,101,72,25,17,73,67,51,99,125" hai3="15,30,107,100,6,80,41,52,46,86,53,94,92"/><T90/><D38/><U24/><E75/><V105/><F112/><W114/><G107/><T4/><D123/><U27/><E108/><V95/><F125/><W44/><G30/><T28/><D110/><U84/><E132/><V124/><F124/><W61/><G114/><T34/><D133/><U103/><E40/><V39/><F39/><W134/><G134/><T64/><D131/><U71/><E71/><V96/><F79/><W81/><G41/><T119/><D119/><U109/><E36/><V18/><F51/><N who="3" m="28791" /><G100/><T82/><D82/><N who="3" m="31849" /><G86/><T50/><D50/><U66/><E84/><V129/><F129/><W5/><G5/><T55/><D31/><U118/><E66/><V88/><REACH who="2" step="1"/><F25/><REACH who="2" ten="232,416,162,180" step="2"/><W121/><G121/><T58/><D34/><U49/><E27/><V3/><F3/><W35/><G35/><T59/><D32/><U77/><E77/><V45/><F45/><W106/><G44/><T10/><D68/><U16/><REACH who="1" step="1"/><E109/><REACH who="1" ten="232,406,162,180" step="2"/><V85/><F85/><W21/><G61/><T104/><D60/><U33/><E33/><V1/><F1/><W87/><G87/><T22/><D64/><U83/><E83/><V43/><F43/><W47/><G53/><T65/><D65/><U127/><E127/><V122/><F122/><W78/><G78/><T0/><D55/><U57/><E57/><V120/><F120/><W14/><G47/><T12/><D58/><U26/><E26/><V89/><F89/><W29/><G29/><AGARI ba="0,2" hai="11,13,16,20,24,29,49,54,56,102,103,116,117,118" machi="29" ten="40,5200,0" yaku="1,1,52,1,54,1,53,0" doraHai="9" doraHaiUra="70" who="1" fromWho="3" sc="232,0,406,72,162,0,180,-52" /><INIT seed="5,0,0,4,4,117" ten="232,478,162,128" oya="1" hai0="53,112,55,14,15,30,60,67,24,78,12,129,21" hai1="79,119,68,34,10,50,105,98,58,122,99,0,85" hai2="123,93,94,47,113,91,108,96,40,25,33,23,61" hai3="5,97,1,64,26,131,38,127,84,75,74,89,9"/><U132/><E119/><V107/><F108/><W6/><G127/><T3/><D3/><U48/><E68/><V106/><F33/><W128/><G38/><T17/><D112/><U90/><E34/><V101/><F113/><W46/><G6/><T59/><D129/><N who="3" m="49737" /><G97/><T31/><D78/><U39/><E39/><V130/><F130/><W73/><G64/><T66/><D66/><U133/><E79/><V45/><F61/><W2/><G46/><T126/><D126/><U87/><E105/><V51/><F47/><W57/><G57/><T63/><REACH who="0" step="1"/><D53/><REACH who="0" ten="222,478,162,128" step="2"/><U43/><E0/><V83/><F107/><W95/><G1/><T135/><D135/><U42/><E132/><V100/><F106/><W120/><G26/><T8/><D8/><U116/><E133/><V16/><F123/><AGARI ba="0,1" hai="2,5,9,73,74,75,84,89,95,120,123" m="49737" machi="123" ten="40,5200,0" yaku="19,1,52,2" doraHai="117" who="3" fromWho="2" sc="222,0,478,0,162,-52,128,62" /><INIT seed="6,0,0,3,0,73" ten="222,478,110,190" oya="2" hai0="109,76,53,77,5,78,45,135,111,116,106,16,71" hai1="100,18,66,86,54,37,75,15,33,128,125,103,79" hai2="131,122,91,88,19,47,41,10,42,63,113,134,7" hai3="67,31,49,0,57,127,28,21,92,102,62,58,123"/><V2/><F122/><W56/><G0/><T93/><D106/><U124/><E75/><V118/><F118/><W27/><G123/><T74/><D71/><U4/><E128/><V119/><F119/><W87/><G127/><N who="1" m="48714" /><E4/><V48/><F131/><W132/><G132/><T84/><D116/><U133/><E133/><V43/><F134/><W51/><G31/><T70/><D70/><U64/><E37/><V68/><F113/><W39/><G39/><T72/><D5/><U40/><E40/><V126/><F126/><W107/><G107/><T11/><D135/><U129/><E54/><V30/><F30/><W50/><G87/><T114/><D114/><U17/><E33/><V115/><F115/><W14/><G14/><N who="0" m="7263" /><D72/><U110/><E18/><V83/><F19/><W121/><G121/><T112/><D74/><U99/><E110/><V24/><F24/><W26/><G26/><T82/><D112/><U60/><E99/><AGARI ba="0,0" hai="21,27,28,49,50,51,56,57,58,62,67,92,99,102" machi="99" ten="40,5200,0" yaku="25,2,8,1" doraHai="73" who="3" fromWho="1" sc="222,0,478,-52,110,0,190,52" /><INIT seed="7,0,0,4,2,81" ten="222,426,110,242" oya="3" hai0="97,43,92,17,7,108,120,40,74,55,52,111,2" hai1="9,58,80,84,4,85,134,71,23,32,48,62,114" hai2="95,116,126,113,36,65,107,8,30,110,44,130,118" hai3="131,50,98,33,68,12,73,24,88,122,109,11,64"/><W66/><G73/><T15/><D74/><U124/><E114/><V82/><F8/><W77/><G77/><T135/><D120/><U46/><E71/><V83/><F30/><W103/><G131/><T21/><D135/><U56/><E32/><V59/><F59/><W45/><G122/><T10/><D108/><U89/><E124/><V119/><F44/><W35/><G35/><T28/><D28/><U87/><E23/><V5/><F5/><N who="3" m="3183" /><G68/><T115/><D115/><U54/><E134/><V14/><F14/><W102/><G109/><T121/><D121/><U16/><E58/><V22/><F22/><W25/><G33/><T38/><D38/><U129/><E129/><V20/><F20/><W19/><G19/><T69/><D69/><U72/><E72/><V123/><F65/><N who="3" m="25195" /><G103/><T105/><D105/><U6/><E6/><V61/><F107/><W100/><G24/><N who="0" m="14383" /><D2/><U79/><E79/><V133/><F36/><W106/><G106/><T42/><D111/><U117/><E117/><V70/><F110/><W76/><G25/><T112/><D112/><U37/><E37/><V39/><F39/><W31/><G31/><T94/><D97/><U93/><E4/><V86/><F113/><W47/><G47/><T1/><D1/><U96/><E16/><V128/><F133/><W13/><G13/><T53/><AGARI ba="0,0" hai="7,10,15,40,42,43,52,53,55,92,94" m="14383" machi="53" ten="30,2000,0" yaku="8,1,54,1" doraHai="81" who="0" fromWho="0" sc="222,20,426,-5,110,-5,242,-10" owari="242,4.0,421,52.0,105,-39.0,232,-17.0" /></mjloggm>