<mjloggm ver="2.3"><GO type="169" lobby="0"/><UN n0="%E6%AD%A6%E5%89%87%E8%BC%9D%E6%B5%B7" n1="%E3%82%A6%E3%83%AB%E3%83%88%E3%83%A9%E7%AB%8B%E7%9B%B4" n2="%E2%91%A3%E3%82%BB%E3%83%B3%E3%83%81" n3="%E3%81%BE%E3%82%8B" dan="16,17,18,16" rate="2052.73,2128.65,2186.90,2066.38" sx="M,M,M,M"/><TAIKYOKU oya="0"/><INIT seed="0,0,0,1,5,108" ten="250,250,250,250" oya="0" hai0="132,135,32,100,62,51,82,113,31,130,105,133,128" hai1="46,89,67,95,1,123,60,98,90,58,85,49,45" hai2="84,61,34,134,19,116,36,66,53,38,12,93,24" hai3="86,7,117,63,28,20,50,83,73,120,92,97,39"/><T22/><D51/><U74/><E74/><V40/><F40/><W9/><G39/><T76/><D22/><U111/><E111/><V14/><F14/><W23/><G73/><N who="0" m="43279" /><D62/><U104/><E123/><V94/><F53/><W64/><G50/><T122/><D122/><U13/><E1/><V80/><F38/><W103/><G120/><T79/><D79/><U72/><E72/><V5/><F5/><W4/><G117/><T42/><D42/><U47/><E13/><V68/><F36/><W2/><G28/><T77/><D77/><U81/><E104/><V56/><F68/><W15/><G7/><T78/><D78/><U44/><E44/><V8/><F116/><W129/><G2/><T125/><D125/><U101/><E90/><V37/><F37/><W35/><G35/><T57/><D57/><U11/><E11/><V71/><F71/><W17/><G4/><T55/><D55/><AGARI ba="0,0" hai="45,46,47,49,55,58,60,67,81,85,89,95,98,101" machi="55" ten="30,2000,0" yaku="7,1,8,1" doraHai="108" who="1" fromWho="0" sc="250,-20,250,20,250,0,250,0" /><INIT seed="1,0,0,4,0,96" ten="230,270,250,250" oya="1" hai0="37,114,22,75,132,33,85,115,12,47,88,107,29" hai1="70,128,118,8,53,122,26,129,20,121,25,100,126" hai2="11,135,21,18,99,86,72,2,19,119,95,31,91" hai3="67,5,61,56,59,117,0,110,90,49,42,41,62"/><U15/><E70/><V57/><F72/><W120/><G0/><T82/><D75/><U6/><E53/><V50/><F119/><W127/><G5/><T68/><D68/><U1/><E118/><V28/><F135/><W80/><G117/><T131/><D33/><U92/><E92/><V105/><F2/><W66/><G120/><N who="1" m="46186" /><E100/><V44/><F57/><W3/><G3/><T124/><D107/><U78/><E78/><V48/><F11/><W116/><G116/><T60/><D132/><U104/><E104/><V14/><F18/><W46/><G127/><T111/><D124/><U130/><E126/><V112/><F112/><W93/><G80/><T16/><D29/><U45/><E45/><V103/><REACH who="2" step="1"/><F50/><REACH who="2" ten="230,270,240,250" step="2"/><W13/><G110/><T84/><D111/><U108/><E108/><V63/><F63/><W109/><G109/><T81/><D60/><U27/><E1/><V125/><F125/><W71/><G71/><T34/><D115/><U23/><AGARI ba="0,1" hai="6,8,15,20,23,25,26,27,128,129,130" m="46186" machi="23" ten="40,7800,0" yaku="19,1,34,2" doraHai="96" who="1" fromWho="1" sc="230,-26,270,88,240,-26,250,-26" /><INIT seed="1,1,0,5,2,129" ten="204,358,214,224" oya="1" hai0="60,120,45,128,22,24,0,91,8,35,114,103,116" hai1="121,47,4,53,30,86,43,66,15,58,18,131,112" hai2="74,92,104,49,132,69,41,96,115,46,89,1,118" hai3="37,65,14,93,51,77,97,36,67,101,73,59,25"/><U23/><E121/><V28/><F118/><W55/><G73/><T63/><D116/><U82/><E131/><V68/><F1/><W110/><G77/><T134/><D128/><U72/><E72/><V57/><F74/><W27/><G110/><T7/><D114/><U95/><E66/><N who="3" m="25098" /><G37/><T42/><D120/><U2/><E30/><V5/><F5/><W26/><G36/><T34/><D103/><U13/><E95/><V61/><F115/><W48/><G14/><T52/><D91/><U40/><E47/><V102/><F28/><W56/><G56/><T6/><D6/><U126/><E126/><V107/><F107/><W76/><G76/><T9/><D9/><N who="1" m="4263" /><E2/><V98/><F132/><W64/><G64/><AGARI ba="1,0" hai="41,46,49,57,61,64,68,69,89,92,96,98,102,104" machi="64" ten="30,1000,0" yaku="7,1" doraHai="129" who="2" fromWho="3" sc="204,0,358,0,214,13,224,-13" /><INIT seed="2,0,0,0,4,27" ten="204,358,227,211" oya="2" hai0="89,9,91,69,77,85,23,114,13,38,71,79,70" hai1="107,35,78,53,109,4,50,36,21,75,76,62,44" hai2="43,127,117,54,5,6,68,83,64,39,67,42,73" hai3="34,48,82,41,126,26,110,45,8,74,111,15,19"/><V49/><F73/><W134/><G126/><T20/><D38/><U112/><E35/><V55/><F117/><W2/><G134/><T124/><D114/><U99/><E36/><V65/><F127/><W113/><G113/><T47/><D124/><U87/><E109/><N who="3" m="41482" /><G2/><T1/><D1/><U88/><E4/><N who="2" m="1643" /><F68/><W25/><G34/><T120/><D120/><U60/><E107/><V58/><F39/><W28/><G28/><T96/><D96/><U10/><E10/><V72/><F72/><W121/><G121/><T3/><D3/><U16/><E75/><V40/><F83/><W59/><G59/><T84/><D47/><U102/><E112/><V125/><F125/><W130/><G130/><T131/><D9/><U17/><E17/><V31/><F55/><W128/><G128/><T101/><D101/><U123/><E123/><V61/><F61/><W81/><G82/><T30/><D131/><U95/><E62/><V0/><F0/><W122/><G122/><T105/><D105/><U108/><E60/><V52/><F54/><W92/><G92/><T57/><D71/><U100/><E108/><V129/><F129/><W132/><G132/><T86/><D86/><U133/><E133/><V90/><F90/><W118/><G118/><T29/><D13/><N who="1" m="9359" /><E87/><V80/><F80/><W63/><G63/><T56/><AGARI ba="0,0" hai="20,23,29,30,56,57,69,70,77,79,84,85,89,91" machi="56" ten="25,8000,1" yaku="0,1,22,2,52,2" doraHai="27" who="0" fromWho="0" sc="204,80,358,-20,227,-40,211,-20" /><INIT seed="3,0,0,0,4,31" ten="284,338,187,191" oya="3" hai0="66,122,97,75,17,83,53,96,13,54,128,64,77" hai1="9,72,117,81,102,90,115,79,25,121,92,71,100" hai2="43,89,57,34,127,46,101,23,94,110,5,134,118" hai3="120,63,15,55,113,44,51,30,88,85,60,82,39"/><W104/><G120/><T29/><D122/><U133/><E71/><V74/><F74/><W38/><G113/><T131/><D29/><U1/><E115/><V41/><F118/><W48/><G104/><T87/><D75/><U124/><E121/><V76/><F76/><W86/><G39/><T112/><D112/><U68/><E68/><V24/><F43/><N who="3" m="24607" /><G38/><T50/><D97/><U125/><E25/><V103/><F34/><W40/><G40/><T108/><D96/><N who="1" m="57367" /><E133/><V32/><F32/><W105/><G105/><T11/><D54/><U126/><E117/><V107/><F107/><W16/><G85/><T65/><REACH who="0" step="1"/><D108/><REACH who="0" ten="274,338,187,191" step="2"/><U4/><AGARI ba="0,1" hai="1,4,9,72,79,81,100,102,124,125,126" m="57367" machi="4" ten="40,1500,0" yaku="18,1" doraHai="31" who="1" fromWho="1" sc="274,-4,338,25,187,-4,191,-7" /><INIT seed="4,0,0,4,3,61" ten="270,363,183,184" oya="0" hai0="14,109,134,31,28,15,129,87,77,53,112,122,60" hai1="30,67,37,44,13,57,80,128,23,108,47,101,35" hai2="88,33,36,52,43,10,24,120,130,131,92,17,91" hai3="42,2,135,58,6,97,90,96,95,3,54,5,72"/><T115/><D122/><U85/><E37/><V78/><F120/><W51/><G72/><T102/><D102/><U26/><E128/><N who="2" m="49195" /><F78/><W93/><G135/><T89/><D129/><U121/><E108/><V98/><F43/><W70/><G70/><T16/><D134/><U12/><E101/><N who="2" m="60615" /><F36/><W73/><G73/><T105/><D105/><U107/><E107/><V29/><F52/><W40/><G3/><T123/><D77/><N who="1" m="46223" /><E35/><V82/><F82/><W84/><G84/><T56/><D123/><U64/><E57/><V9/><F17/><W132/><G132/><T113/><D109/><U48/><E121/><V21/><F33/><W116/><G116/><T118/><D118/><U104/><E47/><V62/><F62/><W110/><G110/><T20/><D14/><N who="1" m="5739" /><E104/><V86/><F86/><W22/><G22/><T66/><D53/><AGARI ba="0,0" hai="23,26,30,44,48,53,64,67" m="5739,46223" machi="53" ten="30,3900,0" yaku="8,1,52,2" doraHai="61" who="1" fromWho="0" sc="270,-39,363,39,183,0,184,0" /><INIT seed="5,0,0,5,1,110" ten="231,402,183,184" oya="1" hai0="53,61,126,73,95,135,74,36,104,128,92,80,87" hai1="102,99,44,130,119,64,65,72,132,12,34,52,131" hai2="120,76,67,105,115,121,124,60,7,0,98,43,10" hai3="116,39,109,48,41,103,127,2,16,113,58,11,114"/><U13/><E34/><V91/><F124/><W46/><G109/><T117/><D36/><U26/><E72/><N who="0" m="27753" /><D53/><U123/><E26/><V27/><F76/><W21/><G127/><T1/><D61/><U133/><E119/><V55/><F55/><W96/><G116/><T54/><D54/><U78/><E78/><V68/><F91/><W6/><G58/><T81/><D1/><U24/><E24/><V111/><F111/><W45/><G45/><T70/><D70/><U49/><E123/><V15/><F15/><N who="1" m="5705" /><E99/><V14/><F14/><W29/><G29/><T75/><D126/><U32/><E102/><N who="2" m="62679" /><F43/><W77/><G77/><T59/><D104/><U30/><E30/><V40/><F40/><W125/><G125/><T38/><D75/><U56/><E32/><V28/><F121/><W108/><G108/><T129/><D38/><U85/><E56/><V25/><F25/><N who="3" m="14503" /><G96/><T83/><D59/><U57/><E85/><V51/><F51/><W33/><G103/><T107/><D117/><U50/><E50/><V47/><F47/><W5/><G5/><T88/><D107/><U63/><E65/><V82/><F120/><W112/><G33/><T69/><D69/><U84/><E84/><V122/><F122/><W94/><G94/><N who="0" m="35883" /><D135/><AGARI ba="0,0" hai="44,49,52,57,63,64,130,131,132,133,135" m="5705" machi="135" ten="30,2900,0" yaku="20,1,54,1" doraHai="110" who="1" fromWho="0" sc="231,-29,402,29,183,0,184,0" /><INIT seed="5,1,0,2,0,11" ten="202,431,183,184" oya="1" hai0="72,10,133,93,39,16,115,83,106,120,85,108,77" hai1="78,69,9,86,74,127,79,12,125,49,60,101,45" hai2="36,118,135,27,82,88,55,34,97,44,56,63,1" hai3="113,64,89,35,28,48,41,6,128,58,130,116,114"/><U132/><E74/><V51/><F118/><W40/><G6/><T38/><D108/><U50/><E101/><V66/><F1/><W119/><G28/><T65/><D115/><N who="3" m="44041" /><G89/><T14/><D65/><N who="1" m="41127" /><E50/><V54/><F135/><W84/><G84/><T75/><D133/><U59/><E59/><V95/><F36/><W111/><G35/><T91/><D75/><U99/><E99/><V100/><F34/><W104/><G104/><T29/><D120/><U122/><E122/><V90/><F27/><W17/><G17/><T32/><REACH who="0" step="1"/><D106/><REACH who="0" ten="192,431,183,184" step="2"/><U61/><E132/><V25/><F25/><AGARI ba="1,1" hai="10,14,16,25,29,32,38,39,72,77,83,85,91,93" machi="25" ten="40,8000,1" yaku="1,1,2,1,52,1,54,1,53,0" doraHai="11" doraHaiUra="117" who="0" fromWho="2" sc="192,93,431,0,183,-83,184,0" /><INIT seed="6,0,0,4,1,98" ten="285,431,100,184" oya="2" hai0="135,69,116,51,32,129,52,92,59,62,123,6,26" hai1="41,61,87,31,9,83,131,24,109,119,72,39,93" hai2="22,21,3,2,43,50,125,113,44,16,10,33,30" hai3="118,120,122,25,99,103,133,106,115,75,84,110,64"/><V111/><F113/><W94/><G64/><T132/><D123/><N who="3" m="47145" /><G25/><T27/><D116/><U95/><E131/><V48/><F33/><W100/><G118/><T89/><D129/><U114/><E72/><V47/><F125/><W34/><G34/><T63/><D6/><U86/><E114/><V12/><F111/><W46/><G46/><T97/><D69/><U4/><E41/><V53/><REACH who="2" step="1"/><F30/><REACH who="2" ten="285,431,90,184" step="2"/><W0/><G115/><T124/><D124/><U19/><E31/><V70/><F70/><W90/><G110/><T13/><D32/><U58/><E109/><V130/><F130/><W42/><G0/><AGARI ba="0,1" hai="0,2,3,10,12,16,21,22,43,44,47,48,50,53" machi="0" ten="40,3900,0" yaku="1,1,54,1,53,0" doraHai="98" doraHaiUra="71" who="2" fromWho="3" sc="285,0,431,0,90,49,184,-39" /><INIT seed="6,1,0,4,1,72" ten="285,431,139,145" oya="2" hai0="68,77,116,3,49,18,17,99,28,54,25,30,83" hai1="95,50,37,46,14,86,38,33,111,7,84,10,92" hai2="118,2,66,134,102,93,80,117,53,112,76,119,73" hai3="6,44,35,94,100,71,47,12,13,22,109,4,64"/><V97/><F2/><W103/><G35/><T61/><D3/><U113/><E33/><V29/><F29/><W85/><G109/><T130/><D130/><U128/><E111/><V56/><F112/><W91/><G71/><T27/><D116/><U15/><E128/><V55/><REACH who="2" step="1"/><F134/><REACH who="2" ten="285,431,129,145" step="2"/><W5/><G64/><T48/><D30/><U31/><E31/><V101/><F101/><N who="3" m="38987" /><G22/><T45/><D28/><U63/><E113/><V57/><F57/><W82/><G82/><T114/><D114/><U52/><E10/><V124/><F124/><W0/><G0/><T96/><D83/><U126/><E126/><V42/><F42/><W16/><G16/><T75/><D18/><U121/><E7/><V89/><F89/><W23/><G23/><T36/><D17/><U26/><E121/><V11/><F11/><W125/><G125/><T108/><D68/><U88/><E88/><V67/><F67/><W133/><G133/><T9/><D9/><U41/><E41/><V24/><F24/><W131/><G131/><T20/><D27/><U59/><E26/><V81/><F81/><W32/><G32/><T79/><D25/><U115/><E115/><V105/><F105/><W122/><G122/><T74/><D20/><U127/><E127/><V70/><F70/><W123/><G123/><T1/><D1/><U19/><E19/><V43/><F43/><W60/><G13/><T39/><D108/><U69/><E69/><V87/><F87/><W62/><G12/><T110/><D110/><U98/><E15/><V120/><F120/><W107/><G107/><T106/><D106/><RYUUKYOKU ba="1,1" sc="285,-15,431,-15,129,15,145,15" hai2="53,55,56,66,73,76,80,93,97,102,117,118,119" hai3="4,5,6,44,47,60,62,85,91,94" /><INIT seed="6,2,1,1,3,87" ten="270,416,144,160" oya="2" hai0="41,9,55,47,34,52,90,21,31,35,59,83,109" hai1="74,92,132,106,49,79,117,3,130,15,0,127,18" hai2="39,128,70,22,30,68,13,44,2,78,95,69,25" hai3="29,58,10,48,80,61,60,27,114,76,46,19,64"/><V54/><F2/><W24/><G61/><T26/><D109/><U129/><E106/><V111/><F111/><W32/><G114/><T98/><D9/><U43/><E79/><V84/><F128/><W113/><G113/><T71/><D71/><U89/><E74/><V12/><F54/><W57/><G57/><T125/><D55/><U4/><E4/><V107/><F107/><W115/><G115/><T56/><D56/><U72/><E72/><V36/><F78/><W104/><G104/><T45/><D125/><U133/><E127/><V7/><F7/><W123/><G123/><T122/><D47/><N who="1" m="25855" /><E117/><V91/><REACH who="2" step="1"/><F44/><REACH who="2" ten="270,416,134,160" step="2"/><W81/><G76/><T120/><D45/><U99/><E3/><V131/><F131/><N who="1" m="50185" /><E0/><V77/><F77/><W112/><G112/><T86/><D52/><U75/><E75/><V126/><F126/><W5/><G5/><T33/><D122/><U20/><AGARI ba="2,2" hai="15,18,20,89,92,99,132,133" m="50185,25855" machi="20" ten="30,2000,0" yaku="19,1,52,1" doraHai="87" who="1" fromWho="1" sc="270,-7,416,46,134,-12,160,-7" /><INIT seed="7,0,0,3,3,83" ten="263,462,122,153" oya="3" hai0="23,29,120,37,68,16,17,123,5,87,55,15,53" hai1="25,98,4,133,122,41,95,109,35,14,62,60,9" hai2="82,135,132,65,96,110,56,36,45,61,32,134,48" hai3="52,103,131,63,115,80,73,71,92,50,79,44,108"/><W127/><G108/><T88/><D68/><U130/><E109/><V39/><F32/><W34/><G34/><T31/><D37/><N who="2" m="14410" /><F96/><W118/><G118/><T8/><D123/><U40/><E130/><V21/><F21/><W70/><G131/><T129/><D120/><U81/><E133/><N who="2" m="34051" /><V100/><DORA hai="94" /><F100/><W67/><G127/><T22/><D129/><U47/><E81/><V28/><F28/><W113/><REACH who="3" step="1"/><G71/><REACH who="3" ten="263,462,122,143" step="2"/><T6/><D31/><U106/><E35/><V126/><F110/><W38/><G38/><T51/><D29/><U54/><E122/><V10/><F10/><W24/><G24/><T42/><D8/><U128/><E25/><V66/><F126/><W58/><G58/><T78/><D23/><U107/><E128/><V85/><F56/><W75/><G75/><T89/><D22/><U104/><E9/><V102/><F102/><W74/><G74/><T19/><D19/><U27/><E27/><V117/><F117/><W119/><G119/><T26/><D16/><U20/><E20/><V97/><F97/><AGARI ba="0,1" hai="44,50,52,63,67,70,73,79,80,92,97,103,113,115" machi="97" ten="40,7700,0" yaku="1,1,52,1,54,1,53,0" doraHai="83,94" doraHaiUra="1,7" who="3" fromWho="2" sc="263,0,462,0,122,-77,143,87" /><INIT seed="7,1,0,0,1,131" ten="263,462,45,230" oya="3" hai0="27,91,25,31,93,63,61,53,13,36,38,26,82" hai1="121,127,83,111,81,80,124,15,22,95,90,65,60" hai2="120,72,14,62,73,67,47,37,133,102,12,30,128" hai3="135,71,118,8,117,104,107,101,55,58,119,2,103"/><W35/><G71/><T34/><D38/><U89/><E111/><V77/><F128/><W54/><G35/><T20/><D36/><U33/><E33/><V115/><F30/><W68/><G68/><T108/><D108/><U42/><E42/><V85/><F102/><N who="3" m="38923" /><G58/><N who="0" m="35023" /><D34/><U98/><E121/><V132/><F120/><W46/><G46/><T112/><D112/><U100/><E15/><V64/><F115/><W18/><G18/><T43/><D43/><U113/><E22/><V97/><F97/><W51/><G51/><T6/><D82/><U106/><E113/><V66/><F62/><W16/><G16/><T88/><D63/><U10/><E10/><V129/><F129/><W56/><G56/><T0/><D0/><U99/><REACH who="1" step="1"/><E90/><REACH who="1" ten="263,452,45,230" step="2"/><V125/><F125/><W74/><G8/><N who="0" m="4247" /><D88/><U24/><E24/><V57/><F57/><AGARI ba="1,1" hai="57,60,65,80,81,83,89,95,98,99,100,106,124,127" machi="57" ten="40,1300,0" yaku="1,1,53,0" doraHai="131" doraHaiUra="69" who="1" fromWho="2" sc="263,0,452,26,45,-16,230,0" owari="263,6.0,478,58.0,29,-47.0,230,-17.0" /></mjloggm>