<mjloggm ver="2.3"><GO type="97" lobby="0"/><UN n0="%E5%B0%B1%E6%B4%BB%E7%94%9F%40%E5%B7%9D%E6%9D%91%E8%BB%8D%E5%9B%A3" n1="%E3%81%A7%E3%81%97%E3%81%8A" n2="%E9%8A%80%E8%89%B2%E8%87%AA%E8%BB%A2%E8%BB%8A" n3="%E8%84%B3%E5%A4%A9%E7%BD%B0%E7%AC%A6" dan="15,14,16,14" rate="2058.25,1976.64,2017.66,1904.06" sx="M,F,M,M"/><TAIKYOKU oya="0"/><INIT seed="0,0,0,2,0,22" ten="250,250,250,250" oya="0" hai0="133,4,11,27,95,61,58,72,18,2,79,93,64" hai1="78,29,130,52,100,134,96,82,116,24,17,131,109" hai2="126,15,46,70,43,53,74,13,102,129,90,122,103" hai3="125,6,35,49,98,81,14,84,71,69,94,51,107"/><T32/><D133/><U33/><E116/><V40/><F70/><W66/><G107/><T110/><D110/><U77/><E109/><V30/><F74/><W5/><G35/><T85/><D72/><U86/><E134/><V23/><F122/><W80/><G125/><T99/><D99/><U57/><E17/><V28/><F129/><W55/><G66/><T19/><D19/><U41/><E41/><V56/><F126/><W117/><G117/><T132/><D132/><U12/><E12/><V108/><F108/><W76/><G80/><T124/><D124/><U37/><E37/><V21/><F56/><W10/><G5/><T92/><D79/><U88/><E130/><V97/><F97/><W118/><G51/><T123/><D123/><U119/><E119/><V121/><F121/><W68/><G68/><T113/><D113/><U8/><E8/><V26/><F46/><W16/><G6/><T25/><D32/><U47/><E47/><V91/><F53/><W50/><G50/><T111/><D111/><U38/><E38/><V65/><F65/><W0/><G0/><T89/><REACH who="0" step="1"/><D18/><REACH who="0" ten="240,250,250,250" step="2"/><U87/><E131/><V54/><REACH who="2" step="1"/><F54/><REACH who="2" ten="240,250,240,250" step="2"/><W31/><G118/><T105/><D105/><U7/><E87/><V67/><F67/><W9/><G98/><T42/><D42/><U101/><E96/><V48/><F48/><W120/><G49/><T73/><D73/><U59/><E52/><V63/><F63/><W135/><G55/><T83/><AGARI ba="0,2" hai="2,4,11,25,27,58,61,64,83,85,89,92,93,95" machi="83" ten="30,11700,0" yaku="1,1,0,1,52,2,53,0" doraHai="22" doraHaiUra="106" who="0" fromWho="0" sc="240,137,250,-39,240,-39,250,-39" /><INIT seed="0,1,0,4,4,103" ten="377,211,201,211" oya="0" hai0="129,89,106,94,109,68,40,91,111,52,69,55,5" hai1="46,66,34,122,120,60,102,59,85,44,73,93,50" hai2="126,61,78,16,51,12,14,104,127,99,90,128,54" hai3="8,113,96,105,77,3,130,18,72,13,9,39,0"/><T62/><D106/><U48/><E73/><V25/><F78/><W83/><G39/><T7/><D129/><U45/><E34/><V37/><F37/><W20/><G113/><T64/><D40/><U70/><E102/><N who="2" m="62559" /><F61/><W132/><G130/><T2/><D69/><U80/><E93/><V35/><F35/><W67/><G132/><T133/><D133/><U119/><E80/><V1/><F1/><W79/><G67/><T110/><D91/><U33/><E85/><V11/><F90/><W42/><G42/><T117/><D117/><U58/><E33/><V15/><F25/><W47/><G47/><N who="1" m="12034" /><U101/><DORA hai="22" /><E101/><V87/><F87/><W71/><G71/><T41/><D41/><U23/><E23/><V53/><F128/><W32/><G32/><T116/><D116/><U82/><E82/><V63/><F63/><W56/><G79/><T26/><D26/><U100/><E100/><V125/><F51/><N who="1" m="19497" /><E119/><V65/><F65/><W57/><G0/><T124/><D124/><U86/><E86/><V10/><F15/><W17/><G3/><T81/><D81/><U84/><E84/><V38/><F38/><W134/><G134/><T21/><D21/><U76/><E76/><V121/><F121/><AGARI ba="1,0" hai="58,59,60,66,70,120,121,122" m="19497,12034" machi="121" ten="40,2600,0" yaku="34,2" doraHai="103,22" who="1" fromWho="2" sc="377,0,211,29,201,-29,211,0" /><INIT seed="1,0,0,1,1,27" ten="377,240,172,211" oya="1" hai0="58,121,46,77,17,65,89,4,48,103,91,83,74" hai1="94,1,112,21,117,107,31,51,67,63,122,44,73" hai2="93,85,84,35,81,20,78,129,33,110,119,134,15" hai3="120,104,28,6,30,111,105,95,64,36,86,135,71"/><U56/><E117/><V32/><F119/><W70/><G120/><T113/><D113/><U96/><E122/><V127/><F110/><W38/><G111/><T7/><D121/><U47/><E112/><V66/><F129/><W123/><G123/><T82/><D103/><N who="1" m="60823" /><E107/><N who="3" m="41034" /><G6/><N who="0" m="2091" /><D74/><U24/><E73/><V126/><F134/><W116/><G135/><T61/><D17/><U41/><E1/><V25/><F15/><W124/><G95/><T109/><D109/><U54/><E44/><V88/><REACH who="2" step="1"/><F66/><AGARI ba="0,0" hai="21,24,31,41,47,51,54,56,63,66,67" m="60823" machi="66" ten="30,2900,0" yaku="8,1,52,1" doraHai="27" who="1" fromWho="2" sc="377,0,240,29,172,-29,211,0" /><INIT seed="1,1,0,2,4,34" ten="377,269,143,211" oya="1" hai0="86,85,14,93,91,66,1,56,47,120,107,16,89" hai1="96,123,0,43,15,126,69,78,124,81,71,74,94" hai2="115,100,37,45,49,118,55,63,70,51,110,132,19" hai3="5,98,64,27,4,135,92,21,97,119,60,42,80"/><U114/><E123/><V102/><F37/><W30/><G135/><T48/><D107/><U11/><E114/><V77/><F118/><W29/><G119/><T122/><D1/><U121/><E43/><V52/><F132/><W104/><G104/><T36/><D36/><U32/><E32/><V18/><F115/><W58/><G29/><T113/><D66/><U106/><E121/><N who="0" m="46697" /><D56/><U13/><E13/><V75/><F110/><W99/><G42/><N who="0" m="24695" /><D113/><U53/><E53/><V130/><F130/><W83/><G92/><T111/><D111/><U2/><E106/><V28/><F28/><W101/><G101/><N who="2" m="39017" /><F75/><W68/><G68/><T65/><D65/><U133/><E133/><V9/><F63/><W38/><G38/><T129/><D129/><U62/><E62/><V67/><F67/><W41/><G41/><T59/><D59/><U54/><E54/><V26/><F77/><W90/><G90/><N who="0" m="34315" /><D93/><U116/><E116/><V88/><F70/><N who="1" m="26633" /><E94/><V50/><F45/><W112/><G112/><T22/><AGARI ba="1,0" hai="14,16,22,85,86" m="34315,24695,46697" machi="22" ten="30,2000,0" yaku="13,1,54,1" doraHai="34" who="0" fromWho="0" sc="377,23,269,-11,143,-6,211,-6" /><INIT seed="2,0,0,1,3,23" ten="400,258,137,205" oya="2" hai0="80,5,32,11,81,112,3,4,60,72,132,94,2" hai1="93,1,8,67,62,133,57,69,73,58,131,91,87" hai2="103,117,64,128,24,124,78,126,83,41,90,56,125" hai3="70,17,14,127,13,19,9,86,33,96,129,88,48"/><V59/><F117/><W111/><G33/><T92/><D112/><U119/><E119/><V120/><F120/><W38/><G38/><T99/><D32/><U66/><E131/><V6/><F128/><W15/><G129/><T36/><D132/><U30/><E73/><V42/><F103/><W74/><G74/><T106/><D106/><U100/><E133/><V63/><F90/><W10/><G111/><T109/><D109/><U49/><E30/><V61/><F6/><W16/><G70/><T52/><D36/><U45/><E100/><V54/><F24/><W79/><G48/><T82/><D72/><AGARI ba="0,0" hai="41,42,54,56,59,61,63,64,72,78,83,124,125,126" machi="72" ten="40,2000,0" yaku="18,1" doraHai="23" who="2" fromWho="0" sc="400,-20,258,0,137,20,205,0" /><INIT seed="2,1,0,0,3,31" ten="380,258,157,205" oya="2" hai0="49,10,103,16,20,21,79,122,27,58,95,128,111" hai1="109,22,104,42,57,11,89,127,68,115,60,102,119" hai2="83,132,74,112,75,44,38,52,131,24,86,17,41" hai3="101,8,39,13,120,124,32,34,129,15,72,4,108"/><V40/><F112/><W23/><G72/><T51/><D111/><U46/><E115/><V33/><F41/><W80/><G80/><T67/><D122/><U5/><E119/><V26/><F132/><W99/><G39/><T2/><D128/><U98/><E68/><V66/><F131/><W12/><G129/><T126/><D79/><U105/><E109/><V121/><F121/><W110/><G99/><N who="0" m="59903" /><D126/><U96/><E127/><V87/><F66/><W76/><G76/><T114/><D2/><U6/><E22/><V61/><F87/><W59/><G59/><T90/><D114/><U130/><E130/><V123/><F123/><W3/><G101/><T113/><D113/><U93/><E105/><V92/><F92/><W88/><G120/><T7/><D90/><U134/><E11/><V71/><F71/><W45/><G88/><T65/><D7/><U69/><E69/><V118/><F118/><W70/><G70/><T47/><D10/><U73/><E73/><V9/><F75/><W54/><G54/><N who="0" m="32079" /><D21/><U25/><E25/><N who="2" m="9835" /><F33/><N who="3" m="12907" /><G45/><T43/><AGARI ba="1,0" hai="16,20,27,43,47,51,65,67" m="32079,59903" machi="43" ten="30,2000,0" yaku="8,1,54,1" doraHai="31" who="0" fromWho="0" sc="380,23,258,-6,157,-11,205,-6" /><INIT seed="3,0,0,4,0,4" ten="403,252,146,199" oya="3" hai0="71,2,77,135,129,23,66,117,105,12,69,106,89" hai1="56,19,81,121,35,22,108,53,128,24,84,124,49" hai2="25,0,79,40,1,88,55,57,29,14,92,42,38" hai3="94,9,28,18,122,120,59,75,97,65,58,103,90"/><W111/><G75/><T30/><D77/><U82/><E121/><V46/><F42/><W70/><G111/><T16/><D89/><U132/><E108/><V78/><F1/><W99/><G28/><T20/><D66/><U74/><E132/><V125/><F125/><W127/><G127/><T33/><D16/><U118/><E118/><V104/><F104/><W48/><G70/><T32/><D12/><U11/><E124/><V73/><F0/><W68/><G68/><T64/><D64/><U86/><E128/><V114/><F114/><W119/><G119/><T109/><D30/><U130/><E74/><V21/><F73/><W83/><G65/><T100/><D100/><U34/><E11/><V36/><F36/><W102/><G83/><T45/><D45/><U60/><E130/><V3/><F3/><W95/><G90/><T116/><D2/><U131/><E131/><V17/><F29/><W134/><G134/><T54/><D129/><U133/><E133/><V7/><F7/><W67/><G67/><T91/><D135/><U113/><E60/><V10/><F25/><W5/><G18/><T50/><D91/><U44/><E44/><V43/><F43/><W52/><G59/><T15/><D15/><AGARI ba="0,0" hai="5,9,15,48,52,58,94,95,97,99,102,103,120,122" machi="15" ten="30,11600,0" yaku="7,1,9,1,52,1,54,1" doraHai="4" who="3" fromWho="0" sc="403,-116,252,0,146,0,199,116" owari="287,9.0,252,-15.0,146,-35.0,315,41.0" /></mjloggm>