<mjloggm ver="2.3"><GO type="97" lobby="0"/><UN n0="%E7%AB%B9%E4%BA%95%E2%98%86%E4%B9%85" n1="%6D%69%70%70%6F" n2="%E5%B0%B1%E6%B4%BB%E7%94%9F%40%E5%B7%9D%E6%9D%91%E8%BB%8D%E5%9B%A3" n3="%63%6F%6E%75%6C%61" dan="14,14,14,14" rate="1911.71,1903.05,2003.02,1980.70" sx="F,M,M,M"/><TAIKYOKU oya="0"/><INIT seed="0,0,0,0,0,19" ten="250,250,250,250" oya="0" hai0="34,30,135,69,126,22,67,64,71,89,107,5,130" hai1="35,52,95,60,85,41,48,106,131,93,77,15,43" hai2="13,100,109,27,86,91,76,92,116,21,45,14,120" hai3="26,94,33,98,102,134,56,101,42,28,105,58,17"/><T11/><D107/><U18/><E106/><V29/><F120/><W104/><G42/><N who="1" m="15882" /><E35/><V119/><F109/><W59/><G134/><T128/><D34/><U55/><E60/><V50/><F76/><W68/><G68/><T84/><D69/><U24/><E24/><V31/><F31/><W110/><G110/><T88/><D135/><U87/><E131/><N who="0" m="50217" /><D126/><U36/><E36/><V121/><F100/><W2/><G2/><N who="0" m="439" /><D71/><U23/><E55/><N who="2" m="30159" /><F121/><W25/><REACH who="3" step="1"/><G102/><REACH who="3" ten="250,250,250,240" step="2"/><T62/><D62/><U78/><E77/><V47/><F119/><W96/><G96/><T129/><D129/><U124/><E124/><V133/><F133/><W51/><G51/><T112/><D112/><U0/><E0/><V6/><F116/><W113/><G113/><T90/><D84/><N who="1" m="32331" /><E78/><V122/><F122/><W115/><G115/><T44/><D44/><AGARI ba="0,1" hai="15,18,23,44,48,52,93,95" m="32331,15882" machi="44" ten="30,3900,0" yaku="8,1,52,1,54,1" doraHai="19" who="1" fromWho="0" sc="250,-39,250,49,250,0,240,0" /><INIT seed="1,0,0,5,4,129" ten="211,299,250,240" oya="1" hai0="53,1,116,64,121,35,98,57,135,17,127,22,70" hai1="48,51,67,56,65,58,47,114,62,119,128,15,95" hai2="134,49,36,5,124,88,122,76,71,33,77,16,96" hai3="131,94,30,52,20,26,66,32,109,90,78,69,125"/><U39/><E95/><N who="2" m="56423" /><F36/><W19/><G78/><T74/><D116/><U97/><E119/><V111/><F33/><W2/><G131/><T60/><D127/><U13/><E97/><V123/><F71/><W54/><G125/><T108/><D108/><U85/><E128/><V105/><F105/><W79/><G109/><T99/><D35/><U80/><E114/><V107/><F107/><W83/><G2/><T72/><D1/><U63/><E39/><V43/><F111/><W61/><G32/><T55/><D121/><U106/><E106/><V132/><F5/><W12/><G30/><T101/><D101/><U100/><E100/><V87/><F124/><W41/><G41/><T93/><D93/><U25/><E25/><V11/><F123/><W42/><G26/><T103/><D103/><U104/><E104/><V112/><F112/><W3/><G42/><T4/><D98/><U44/><E85/><V126/><F87/><W38/><G3/><T29/><D99/><U45/><E80/><V18/><F122/><W9/><G38/><T68/><D72/><U73/><E73/><V115/><F115/><W23/><G90/><T8/><D74/><U6/><E6/><V117/><F117/><W118/><G94/><T46/><D4/><U7/><E7/><V75/><F75/><N who="3" m="43519" /><G118/><T120/><D120/><U40/><E47/><N who="2" m="25855" /><F126/><W81/><G81/><T110/><D110/><U82/><E82/><V31/><F31/><W21/><G69/><T91/><D68/><U24/><E24/><V28/><F28/><W14/><G14/><T84/><D70/><U59/><E59/><RYUUKYOKU ba="0,0" sc="211,-15,299,15,250,-15,240,15" hai1="13,15,40,44,45,48,51,56,58,62,63,65,67" hai3="9,12,19,20,21,23,52,54,61,66" /><INIT seed="1,1,0,3,3,96" ten="196,314,235,255" oya="1" hai0="89,1,72,101,120,14,31,73,45,121,6,113,117" hai1="20,115,59,70,118,131,126,64,37,12,66,134,42" hai2="123,99,85,81,60,74,100,68,65,86,94,34,102" hai3="28,105,58,53,10,50,125,2,78,38,98,124,67"/><U88/><E118/><V32/><F123/><N who="0" m="47178" /><D117/><U112/><E115/><V91/><F74/><N who="0" m="28778" /><D113/><U47/><E112/><V8/><F102/><N who="3" m="62679" /><G78/><T69/><D1/><U95/><E134/><V62/><F62/><N who="3" m="38359" /><G28/><T27/><D69/><U52/><E131/><V56/><F68/><W36/><G10/><N who="0" m="4439" /><D45/><U107/><E107/><V111/><F111/><W116/><G2/><T92/><D101/><U76/><E126/><N who="3" m="48746" /><G116/><T87/><D27/><U13/><E76/><V3/><REACH who="2" step="1"/><F85/><REACH who="2" ten="196,314,225,255" step="2"/><W129/><G129/><T93/><D31/><U21/><E70/><V132/><F132/><W57/><AGARI ba="1,1" hai="36,38,50,53,57" m="48746,38359,62679" machi="57" ten="30,2000,0" yaku="18,1,52,1" doraHai="96" who="3" fromWho="3" sc="196,-6,314,-11,225,-6,255,33" /><INIT seed="2,0,0,3,0,91" ten="190,303,219,288" oya="2" hai0="10,133,109,78,1,67,32,111,14,26,36,117,33" hai1="105,122,27,126,127,34,125,44,53,86,108,132,38" hai2="121,47,30,17,73,31,82,103,130,71,52,115,61" hai3="113,81,88,84,40,118,51,77,22,80,37,7,58"/><V70/><F115/><W24/><G37/><T128/><D36/><U93/><E108/><N who="0" m="41545" /><D78/><U23/><E105/><V43/><F121/><W75/><G118/><T90/><D67/><U107/><E132/><V99/><F130/><W5/><G113/><T89/><D128/><U11/><E107/><V59/><F73/><W119/><G119/><T60/><D117/><U85/><E122/><V9/><F82/><W29/><G58/><T100/><D60/><U94/><E34/><V50/><F71/><W19/><REACH who="3" step="1"/><G29/><REACH who="3" ten="190,303,219,278" step="2"/><N who="0" m="19511" /><D133/><U63/><E11/><V92/><F70/><W79/><G79/><T0/><D100/><U87/><E38/><V18/><F18/><W56/><G56/><T96/><D90/><U110/><E110/><V104/><F104/><W48/><G48/><T39/><D39/><U74/><E74/><V106/><F106/><W41/><G41/><T97/><D33/><U102/><E102/><V28/><F17/><W64/><G64/><T112/><D112/><U12/><E12/><V124/><F124/><W62/><G62/><T45/><D45/><AGARI ba="0,1" hai="5,7,19,22,24,40,45,51,75,77,80,81,84,88" machi="45" ten="40,5200,0" yaku="1,1,54,1,53,1" doraHai="91" doraHaiUra="72" who="3" fromWho="0" sc="190,-52,303,0,219,0,278,62" /><INIT seed="3,0,0,0,4,3" ten="138,303,219,340" oya="3" hai0="67,66,84,73,52,19,128,125,20,47,92,55,18" hai1="9,33,109,62,69,51,87,76,59,82,56,122,64" hai2="135,119,124,61,85,38,78,40,79,121,30,133,15" hai3="131,11,48,118,91,127,45,46,89,57,34,54,96"/><W132/><G34/><T26/><D73/><U37/><E109/><V22/><F119/><W36/><G118/><T104/><D104/><U75/><E122/><V71/><F121/><W2/><G132/><N who="2" m="50761" /><F124/><W12/><G127/><T83/><D125/><U98/><E33/><V102/><F102/><W113/><G2/><T42/><D128/><U116/><E37/><V94/><F38/><W68/><G68/><T0/><D0/><U24/><E116/><V32/><F32/><W23/><G113/><T72/><D72/><U58/><E75/><V120/><F40/><W77/><G77/><T95/><D42/><U100/><E24/><N who="2" m="16663" /><F15/><W49/><G131/><T60/><D60/><U7/><E51/><V97/><F85/><W10/><G36/><T1/><D1/><U126/><E69/><V8/><F8/><N who="3" m="3115" /><G96/><T14/><D26/><U80/><E80/><V105/><F105/><W112/><G112/><T74/><D74/><U31/><E31/><V99/><F120/><W6/><G48/><T108/><D108/><U106/><REACH who="1" step="1"/><E126/><REACH who="1" ten="138,293,219,340" step="2"/><V29/><F29/><W25/><G49/><T129/><D129/><U130/><E130/><V39/><F39/><W63/><G46/><T103/><D47/><U41/><E41/><V5/><F71/><W86/><G45/><T93/><D103/><U107/><E107/><V114/><F61/><W65/><G63/><T50/><D50/><U134/><E134/><V81/><F114/><W123/><G123/><T27/><D83/><U111/><E111/><V90/><F81/><W43/><G43/><T35/><D35/><U101/><E101/><RYUUKYOKU ba="0,1" sc="138,-10,293,30,219,-10,340,-10" hai1="7,9,56,58,59,62,64,76,82,87,98,100,106" owari="128,-37.0,323,12.0,209,-19.0,340,44.0" /></mjloggm>