<mjloggm ver="2.3"><GO type="97" lobby="0"/><UN n0="%4D%49%40%34%32%38" n1="%E6%84%9B%E5%AE%95%E3%83%8D%E3%82%AD%E3%80%82" n2="%6A%61%6E%67%61" n3="%E3%83%88%E3%83%88%E3%83%AA%E5%85%88%E7%94%9F%31%39%E6%AD%B3" dan="15,15,14,13" rate="2039.96,2059.34,1905.54,1990.78" sx="M,M,M,F"/><TAIKYOKU oya="0"/><INIT seed="0,0,0,0,0,111" ten="250,250,250,250" oya="0" hai0="43,16,82,85,122,10,95,29,17,44,94,102,129" hai1="57,25,52,79,127,61,65,115,2,131,109,119,84" hai2="83,110,20,45,32,128,18,36,46,133,27,4,15" hai3="34,76,99,96,118,38,86,28,66,22,73,135,98"/><T91/><D122/><U78/><E2/><V106/><F106/><W105/><G118/><T5/><D129/><U13/><E119/><V24/><F110/><W77/><G38/><T75/><D29/><U6/><E109/><V70/><F128/><W30/><G34/><T67/><D67/><U104/><E104/><V112/><F70/><W56/><G73/><T0/><D102/><U125/><E131/><V116/><F36/><W120/><G105/><T3/><D3/><U48/><E25/><V130/><F130/><W42/><G42/><T19/><REACH who="0" step="1"/><D75/><REACH who="0" ten="240,250,250,250" step="2"/><U97/><E65/><V39/><F116/><W59/><G66/><T80/><D80/><U132/><E127/><V93/><F83/><W8/><G30/><T103/><D103/><U14/><E125/><V124/><F124/><W90/><G120/><T41/><D41/><U31/><E31/><V58/><F32/><W35/><G35/><T74/><D74/><U12/><E132/><V53/><F133/><W134/><G134/><T88/><D88/><U108/><E108/><V107/><F107/><W23/><G28/><T126/><D126/><U37/><E78/><V92/><F39/><AGARI ba="0,1" hai="0,5,10,16,17,19,39,43,44,82,85,91,94,95" machi="39" ten="40,3900,0" yaku="1,1,54,1,53,0" doraHai="111" doraHaiUra="72" who="0" fromWho="2" sc="240,49,250,0,250,-39,250,0" /><INIT seed="0,1,0,5,4,67" ten="289,250,211,250" oya="0" hai0="135,21,13,77,94,38,83,47,26,133,84,15,66" hai1="127,89,30,106,1,101,16,60,20,123,81,24,6" hai2="29,7,76,46,130,91,0,50,40,57,52,22,35" hai3="42,118,53,36,4,113,93,82,41,111,90,23,62"/><T103/><D66/><U124/><E123/><V74/><F130/><W37/><G113/><T70/><D70/><U10/><E106/><V56/><F35/><W5/><G118/><T108/><D108/><U132/><E132/><N who="0" m="50761" /><D38/><U25/><E101/><V95/><F76/><W121/><G111/><T51/><D94/><U64/><E89/><V80/><F7/><W117/><G117/><T75/><D103/><U68/><REACH who="1" step="1"/><E81/><REACH who="1" ten="289,240,211,250" step="2"/><V109/><F80/><W2/><G90/><T125/><D75/><U14/><E14/><V48/><F0/><W45/><G2/><T122/><D122/><U79/><E79/><V86/><F74/><W102/><G82/><T11/><D77/><U114/><E114/><V19/><F109/><W55/><G102/><T116/><D83/><U126/><E126/><V120/><F120/><W31/><G121/><T32/><D125/><U112/><E112/><V119/><F119/><W59/><G93/><T44/><D116/><U85/><E85/><V115/><F115/><W18/><G37/><T39/><D84/><U65/><E65/><V33/><F33/><AGARI ba="1,1" hai="1,6,10,16,20,24,25,30,33,60,64,68,124,127" machi="33" ten="40,5200,0" yaku="1,1,52,1,54,1,53,0" doraHai="67" doraHaiUra="98" who="1" fromWho="2" sc="289,0,240,65,211,-55,250,0" /><INIT seed="1,0,0,3,5,86" ten="289,305,156,250" oya="1" hai0="47,36,8,17,92,43,108,131,7,79,63,14,50" hai1="135,123,81,58,66,35,122,11,48,26,72,9,59" hai2="109,23,98,100,56,103,38,97,27,120,52,117,1" hai3="55,22,94,19,65,3,24,101,57,133,34,42,10"/><U18/><E135/><V71/><F109/><W29/><G133/><T129/><D108/><U54/><E18/><V118/><F71/><W82/><G65/><T104/><D104/><U77/><E66/><V88/><F1/><W21/><G42/><T130/><D79/><U105/><E105/><V112/><F38/><W125/><G125/><T37/><D63/><U0/><E59/><V49/><F120/><W113/><G113/><T44/><D44/><U127/><E127/><V78/><F78/><W68/><G68/><T87/><D7/><U67/><E67/><V107/><F112/><W116/><G116/><T134/><D134/><U89/><E89/><AGARI ba="0,0" hai="8,14,17,36,37,43,47,50,87,89,92,129,130,131" machi="89" ten="40,2600,0" yaku="19,1,52,1" doraHai="86" who="0" fromWho="1" sc="289,26,305,-26,156,0,250,0" /><INIT seed="2,0,0,3,1,120" ten="315,279,156,250" oya="2" hai0="114,21,78,77,75,127,54,5,24,39,64,76,29" hai1="41,44,87,26,56,68,134,23,30,93,110,130,91" hai2="37,14,112,103,96,88,12,46,53,128,123,106,15" hai3="3,10,85,86,71,62,115,111,131,97,82,100,126"/><V58/><F123/><W135/><G135/><T17/><D114/><U92/><E68/><V9/><F112/><W16/><G131/><T22/><D39/><U121/><E121/><V20/><F128/><W133/><G133/><T25/><D127/><U27/><E134/><V8/><F37/><W69/><G115/><T7/><D75/><U55/><E130/><V95/><F46/><W70/><G126/><T43/><D43/><U105/><E105/><V84/><REACH who="2" step="1"/><F20/><REACH who="2" ten="315,279,146,250" step="2"/><W49/><G71/><T80/><D22/><U33/><E44/><V99/><F99/><W129/><G70/><T0/><D21/><U59/><E23/><V1/><F1/><W89/><G3/><T73/><D0/><U81/><E33/><V31/><F31/><W45/><G129/><T38/><D38/><U2/><E2/><V66/><F66/><W50/><G45/><T107/><D64/><U19/><E30/><V79/><F79/><W36/><G36/><T60/><D29/><U52/><E41/><V42/><F42/><W124/><G124/><T51/><D77/><U32/><E32/><V74/><F74/><W4/><G69/><T40/><D78/><U61/><E55/><V63/><AGARI ba="0,1" hai="8,9,12,14,15,53,58,63,84,88,95,96,103,106" machi="63" ten="30,6000,0" yaku="1,1,0,1,54,1,53,0" doraHai="120" doraHaiUra="35" who="2" fromWho="2" sc="315,-20,279,-20,146,70,250,-20" /><INIT seed="2,1,0,4,2,92" ten="295,259,216,230" oya="2" hai0="48,40,102,20,39,83,135,121,1,11,85,64,77" hai1="32,103,111,66,82,117,8,99,56,63,12,17,95" hai2="76,38,127,119,120,0,80,79,47,35,68,19,107" hai3="22,93,46,94,89,131,42,116,106,60,134,44,108"/><V123/><F119/><W61/><G116/><T25/><D121/><U75/><E111/><V91/><F35/><W128/><G106/><T34/><D39/><U3/><E117/><V52/><F68/><W45/><G108/><T70/><D34/><U124/><E32/><V97/><F0/><W24/><G42/><T113/><D113/><U23/><E124/><V105/><F38/><W13/><G13/><T78/><D135/><U122/><E122/><V67/><F67/><W125/><G94/><T7/><D102/><U133/><E133/><V50/><F107/><W26/><G125/><T58/><D70/><U98/><E3/><V41/><F41/><W96/><G134/><T101/><D101/><U59/><E59/><V100/><F127/><W43/><G43/><T114/><D114/><U55/><E66/><V18/><F123/><W4/><G4/><T62/><D40/><U104/><E75/><V109/><F109/><W130/><REACH who="3" step="1"/><G26/><REACH who="3" ten="295,259,216,220" step="2"/><T90/><REACH who="0" step="1"/><D48/><REACH who="0" ten="285,259,216,220" step="2"/><U81/><REACH who="1" step="1"/><E8/><REACH who="1" ten="285,249,216,220" step="2"/><V31/><F120/><W129/><G129/><T112/><D112/><U15/><E15/><V115/><F115/><W69/><G69/><T14/><D14/><U16/><E16/><AGARI ba="1,3" hai="16,22,24,44,45,46,60,61,89,93,96,128,130,131" machi="16" ten="50,8000,1" yaku="1,1,19,1,52,1,54,1,53,0" doraHai="92" doraHaiUra="73" who="3" fromWho="1" sc="285,0,249,-83,216,0,220,113" /><AGARI ba="1,0" hai="1,7,11,16,20,25,58,62,64,77,78,83,85,90" machi="16" ten="30,8000,1" yaku="1,1,7,1,54,1,53,2" doraHai="92" doraHaiUra="73" who="0" fromWho="1" sc="285,80,166,-80,216,0,333,0" /><INIT seed="3,0,0,5,1,15" ten="365,86,216,333" oya="3" hai0="36,38,39,117,30,27,98,71,54,53,110,47,130" hai1="7,23,81,102,4,25,74,120,32,52,48,77,37" hai2="50,24,1,104,29,83,122,131,3,73,75,116,125" hai3="33,22,66,99,118,64,111,61,44,85,95,132,45"/><W129/><G118/><T56/><D117/><U97/><E120/><V68/><F50/><W2/><G33/><T6/><D71/><U31/><E32/><V59/><F59/><W107/><G2/><T69/><D69/><U11/><E37/><V35/><F3/><W101/><G129/><T60/><D130/><U134/><E11/><V41/><F24/><W16/><G132/><T20/><D110/><U10/><E10/><V18/><F18/><W123/><G123/><T72/><D72/><U115/><E115/><V62/><F62/><W28/><G111/><T96/><D6/><U88/><E134/><V119/><F41/><W94/><G28/><T67/><D53/><U121/><E121/><V0/><F29/><W92/><G85/><T80/><D80/><U42/><E42/><V106/><F83/><W40/><G61/><T49/><AGARI ba="0,0" hai="20,27,30,36,38,39,47,49,54,56,60,67,96,98" machi="49" ten="40,1500,0" yaku="0,1" doraHai="15" who="0" fromWho="0" sc="365,15,86,-4,216,-4,333,-7" owari="380,48.0,82,-42.0,212,-19.0,326,13.0" /></mjloggm>