<mjloggm ver="2.3"><GO type="169" lobby="0"/><UN n0="%E8%A5%BF%E5%9C%92%E5%AF%BA%E9%9D%96%E5%AD%90" n1="%E3%81%8A%E7%9F%A5%E3%82%89%E3%81%9B" n2="%E3%82%A6%E3%83%AB%E3%83%88%E3%83%A9%E7%AB%8B%E7%9B%B4" n3="%E3%83%8A%E3%82%AC%E3%83%A4%E3%83%9E" dan="18,16,17,16" rate="2182.39,2102.94,2181.06,2139.66" sx="F,M,M,M"/><TAIKYOKU oya="0"/><INIT seed="0,0,0,3,5,88" ten="250,250,250,250" oya="0" hai0="68,93,15,131,35,121,26,98,122,75,50,69,100" hai1="2,80,127,124,6,36,58,72,59,42,70,27,96" hai2="48,126,16,107,52,115,24,83,55,28,11,10,64" hai3="99,34,63,101,53,37,39,111,57,7,14,82,20"/><T118/><D118/><U92/><E70/><V44/><F115/><W84/><G34/><T97/><D75/><U86/><E72/><V95/><F107/><W128/><G111/><T130/><D15/><U33/><E2/><V106/><F106/><W3/><G3/><T61/><D50/><U66/><E6/><V21/><F126/><N who="1" m="48169" /><E66/><V135/><F135/><W17/><G7/><T49/><D49/><U22/><E33/><V1/><F64/><W120/><G128/><N who="0" m="49195" /><D97/><U85/><E42/><N who="2" m="24599" /><F83/><W104/><REACH who="3" step="1"/><G120/><REACH who="3" ten="250,250,250,240" step="2"/><T79/><D35/><U129/><E129/><V19/><F1/><W38/><G38/><T109/><D109/><U134/><E36/><V5/><F5/><W29/><G29/><T119/><D121/><U47/><E134/><V125/><F125/><W30/><G30/><T25/><D122/><U102/><E47/><V23/><F28/><W54/><G54/><T77/><D119/><U8/><E8/><V123/><F123/><W32/><G32/><T112/><D112/><U81/><E22/><V132/><F132/><W0/><G0/><T113/><D113/><U114/><E114/><V51/><F11/><W110/><G110/><T73/><D69/><U108/><E108/><V74/><F10/><W71/><G71/><T105/><D68/><U65/><E65/><V31/><F23/><W94/><G94/><T46/><D93/><U13/><E92/><V91/><F55/><W41/><G41/><T62/><D105/><U87/><E80/><V116/><F116/><W117/><G117/><T76/><D73/><U43/><E81/><V12/><F74/><RYUUKYOKU ba="0,1" sc="250,-10,250,-10,250,-10,240,30" hai3="14,17,20,37,39,53,57,63,82,84,99,101,104" /><INIT seed="1,1,1,4,3,60" ten="240,240,240,270" oya="1" hai0="30,135,98,53,4,23,45,46,0,107,25,27,77" hai1="35,11,54,87,24,19,2,70,108,26,116,52,15" hai2="69,18,37,8,28,51,22,82,96,44,123,1,61" hai3="64,36,55,76,32,120,105,101,124,72,91,122,39"/><U117/><E70/><V50/><F123/><W92/><G32/><T65/><D135/><U56/><E2/><V106/><F28/><W74/><G124/><T110/><D110/><U86/><E108/><V113/><F113/><W9/><G55/><T42/><D77/><U115/><E115/><V126/><F126/><W43/><G9/><T121/><D121/><U67/><E35/><V100/><F82/><N who="3" m="45319" /><G74/><T89/><D4/><U94/><E116/><V14/><F37/><N who="3" m="14411" /><G43/><T17/><D0/><U16/><E117/><V104/><F104/><W134/><G64/><T103/><D65/><U47/><E47/><V48/><F69/><W71/><G71/><T41/><D89/><N who="1" m="53559" /><E87/><V62/><F44/><W102/><G102/><T57/><D45/><U132/><E132/><V129/><F1/><W88/><G91/><T83/><D46/><U58/><E19/><V34/><F34/><W111/><G111/><T84/><D84/><U128/><E128/><V133/><F129/><W33/><G33/><T13/><D83/><U10/><E10/><V75/><F133/><W68/><G68/><T12/><D41/><U29/><E29/><V63/><F75/><W78/><G78/><T118/><D42/><U114/><E114/><V5/><F8/><W80/><G80/><T81/><D81/><U125/><E125/><V130/><F130/><W127/><G127/><T85/><D85/><U7/><E7/><V112/><F112/><W21/><G134/><T20/><D118/><U40/><E40/><V6/><AGARI ba="1,1" hai="5,6,14,18,22,48,50,51,61,62,63,96,100,106" machi="6" ten="40,1500,0" yaku="0,1" doraHai="60" who="2" fromWho="2" sc="240,-5,240,-8,240,28,270,-5" /><INIT seed="2,0,0,3,4,47" ten="235,232,268,265" oya="2" hai0="4,39,18,58,76,100,125,107,72,53,102,69,78" hai1="131,98,71,36,48,94,84,51,114,10,122,91,130" hai2="132,123,126,119,62,65,49,63,14,70,20,7,60" hai3="89,3,64,44,8,6,127,105,121,128,31,5,16"/><V67/><F123/><W41/><G121/><T112/><D69/><U110/><E114/><V88/><F119/><W61/><G105/><T34/><D112/><U30/><E122/><V104/><F104/><W109/><G31/><T93/><D39/><U118/><E118/><V59/><F126/><W15/><G127/><T96/><D34/><U108/><E36/><V106/><F106/><W54/><G109/><N who="1" m="42090" /><E71/><V50/><F132/><W13/><G3/><T23/><D125/><U19/><E30/><V77/><F77/><N who="0" m="29802" /><D72/><U87/><E87/><V129/><F129/><N who="1" m="49161" /><E84/><V25/><F88/><W32/><G32/><T115/><D107/><U29/><E29/><N who="2" m="17575" /><F70/><W38/><G128/><T134/><D134/><U73/><E73/><V74/><F74/><W26/><G89/><N who="0" m="55343" /><D4/><U55/><E55/><N who="2" m="32247" /><F7/><W68/><G5/><T45/><D115/><U90/><E90/><V43/><F14/><AGARI ba="0,0" hai="10,14,19,48,51,91,94,98" m="49161,42090" machi="14" ten="30,7700,0" yaku="14,1,19,1,52,2" doraHai="47" who="1" fromWho="2" sc="235,0,232,77,268,-77,265,0" /><INIT seed="3,0,0,3,1,30" ten="235,309,191,265" oya="3" hai0="2,41,79,120,109,55,31,107,104,5,69,135,20" hai1="12,97,4,19,92,39,64,11,34,44,65,58,91" hai2="62,85,27,124,37,113,127,70,61,132,103,76,123" hai3="105,17,54,125,115,106,89,56,121,100,16,119,134"/><W48/><G119/><T67/><D120/><U130/><E130/><V101/><F37/><W63/><G115/><T18/><D31/><U122/><E122/><V43/><F43/><W84/><G121/><T26/><D41/><U25/><E39/><V68/><F27/><W102/><G125/><N who="2" m="48201" /><F123/><W110/><G134/><T28/><D79/><U128/><E128/><V131/><F131/><W66/><G110/><T35/><D109/><U6/><E44/><V45/><F45/><W126/><G126/><T78/><D78/><U77/><E77/><V86/><F113/><W24/><G106/><T36/><D36/><U114/><E114/><V81/><F132/><W8/><G105/><T42/><D42/><U88/><E91/><V93/><F86/><W80/><G24/><T47/><D135/><U32/><E64/><N who="2" m="40975" /><F93/><W52/><G54/><T49/><D67/><AGARI ba="0,0" hai="62,67,70,76,81,85,101,103" m="40975,48201" machi="67" ten="30,1000,0" yaku="18,1" doraHai="30" who="2" fromWho="0" sc="235,-10,309,0,191,10,265,0" /><INIT seed="4,0,0,3,4,38" ten="225,309,201,265" oya="0" hai0="75,118,12,63,135,58,1,90,8,126,36,53,22" hai1="84,68,41,104,113,89,24,125,71,117,131,98,67" hai2="9,32,34,26,95,128,57,18,30,116,37,134,69" hai3="81,21,70,17,59,35,2,31,11,56,82,85,79"/><T105/><D118/><U46/><E117/><V133/><F116/><W86/><G70/><T93/><D105/><U110/><E110/><V132/><F69/><W39/><G39/><T60/><D75/><U96/><E67/><V61/><F37/><W121/><G121/><T99/><D36/><U33/><E98/><V14/><F95/><W100/><G100/><T44/><D126/><U78/><E78/><V20/><REACH who="2" step="1"/><F128/><REACH who="2" ten="225,309,191,265" step="2"/><W88/><G35/><T5/><D135/><U80/><E131/><V73/><F73/><W48/><G81/><T6/><D93/><U129/><E80/><V66/><AGARI ba="0,1" hai="9,14,18,20,26,30,32,34,57,61,66,132,133,134" machi="66" ten="30,4000,0" yaku="1,1,0,1,20,1,53,0" doraHai="38" doraHaiUra="112" who="2" fromWho="2" sc="225,-20,309,-10,191,50,265,-10" /><INIT seed="5,0,0,4,3,89" ten="205,299,241,255" oya="1" hai0="60,33,13,1,2,71,102,4,75,91,120,61,72" hai1="15,135,44,3,59,53,28,63,86,81,77,12,20" hai2="55,109,97,70,74,110,129,48,68,18,101,116,130" hai3="95,46,17,87,127,36,41,121,39,113,31,99,45"/><U37/><E3/><V111/><F74/><W19/><G121/><T40/><D33/><U79/><E135/><V38/><F18/><W65/><G113/><T32/><D32/><U7/><E7/><V98/><F38/><W25/><G127/><T66/><D102/><U58/><E77/><V90/><F90/><W49/><G87/><T54/><D40/><U122/><E122/><V123/><F123/><W14/><G65/><T11/><D120/><U22/><E37/><V29/><F29/><W16/><G14/><N who="1" m="5162" /><E28/><V73/><F73/><W0/><G0/><T24/><D1/><U62/><E44/><V124/><F116/><W92/><G99/><T107/><D107/><U76/><E76/><V117/><F98/><W108/><G108/><T88/><D24/><U5/><E5/><V9/><F9/><W21/><REACH who="3" step="1"/><G39/><REACH who="3" ten="205,299,241,245" step="2"/><T133/><D2/><U119/><E119/><V6/><F117/><W67/><G67/><AGARI ba="0,1" hai="20,22,53,58,59,62,63,67,79,81,86" m="5162" machi="67" ten="30,1500,0" yaku="8,1" doraHai="89" who="1" fromWho="3" sc="205,0,299,25,241,0,245,-15" /><INIT seed="5,1,0,2,2,27" ten="205,324,241,230" oya="1" hai0="96,91,129,98,132,78,89,51,111,135,16,82,128" hai1="30,80,134,110,57,1,113,104,35,68,90,0,23" hai2="116,102,56,37,95,4,53,85,62,19,107,55,115" hai3="66,25,70,64,133,106,103,74,93,88,48,112,99"/><U29/><E68/><V94/><F37/><W109/><G109/><T26/><D51/><U77/><E104/><V17/><F107/><W120/><G120/><T3/><D3/><N who="1" m="1099" /><E90/><N who="0" m="34313" /><D26/><N who="1" m="18903" /><E57/><N who="2" m="35119" /><F116/><W130/><G112/><T127/><D16/><N who="2" m="6218" /><F115/><W100/><G70/><T63/><D63/><U50/><E50/><N who="2" m="30839" /><F4/><W119/><G119/><T105/><D111/><U6/><E113/><V83/><F102/><W38/><G38/><T114/><D114/><U2/><E6/><V39/><F39/><W65/><G48/><T5/><D5/><U118/><E2/><V49/><F49/><W108/><G108/><T84/><D127/><U81/><E118/><V45/><F45/><W34/><G34/><T97/><D105/><U52/><E110/><V22/><F22/><W76/><G106/><T131/><AGARI ba="1,0" hai="78,82,84,96,97,98,128,129,131,132,135" m="34313" machi="131" ten="40,5200,0" yaku="19,1,34,2" doraHai="27" who="0" fromWho="0" sc="205,55,324,-27,241,-14,230,-14" /><INIT seed="6,0,0,2,2,56" ten="260,297,227,216" oya="2" hai0="64,14,31,53,90,91,22,44,114,35,45,66,120" hai1="8,97,77,32,7,82,12,17,61,54,129,96,69" hai2="34,106,71,79,123,68,112,102,122,48,130,109,36" hai3="55,101,83,67,15,28,3,115,57,93,18,41,104"/><V116/><RYUUKYOKU type="yao9" ba="0,0" sc="260,0,297,0,227,0,216,0" hai2="34,36,48,68,71,79,102,106,109,112,116,122,123,130" /><INIT seed="6,1,0,1,1,12" ten="260,297,227,216" oya="2" hai0="22,73,25,79,60,71,49,78,123,68,76,24,29" hai1="28,102,33,113,118,41,121,53,132,88,6,43,107" hai2="119,54,19,64,48,1,94,84,114,95,11,134,62" hai3="21,52,35,101,126,72,34,74,111,82,39,58,59"/><V116/><F134/><W87/><G111/><T120/><D73/><U15/><E118/><V106/><F106/><W32/><G39/><T92/><D49/><U5/><E107/><V14/><F114/><W38/><G38/><T30/><D92/><U4/><E102/><V45/><F1/><W104/><G126/><T26/><D60/><U80/><E33/><V117/><REACH who="2" step="1"/><F84/><REACH who="2" ten="260,297,217,216" step="2"/><W85/><G85/><T70/><REACH who="0" step="1"/><D22/><REACH who="0" ten="250,297,217,216" step="2"/><U20/><E20/><V31/><F31/><AGARI ba="1,2" hai="24,25,26,29,30,31,68,70,71,76,78,79,120,123" machi="31" ten="50,12000,2" yaku="1,1,2,1,29,2,28,2,53,0" doraHai="12" doraHaiUra="37" who="0" fromWho="2" sc="250,143,297,0,217,-123,216,0" /><INIT seed="7,0,0,4,0,79" ten="393,297,94,216" oya="3" hai0="17,0,5,48,56,59,30,50,6,7,74,112,44" hai1="115,102,46,21,60,11,120,63,66,70,26,128,8" hai2="43,28,121,53,51,25,116,31,80,96,95,110,49" hai3="123,19,42,54,38,16,27,85,2,122,69,75,52"/><W99/><G75/><T36/><D0/><U71/><E128/><V14/><F110/><W88/><G2/><T68/><D68/><U134/><E120/><V76/><F116/><W82/><G69/><T87/><D36/><U29/><E115/><V15/><F121/><W37/><G122/><T92/><D74/><U35/><E134/><V61/><F61/><W65/><G123/><T133/><D30/><U108/><E108/><V98/><F43/><W10/><G65/><T39/><D39/><U118/><E118/><V23/><F31/><W127/><G127/><T111/><D111/><U94/><E46/><V18/><F96/><W93/><G38/><T72/><D72/><U117/><E117/><V129/><F129/><W57/><G10/><T84/><D133/><U131/><E131/><V62/><F62/><W83/><G37/><T86/><D92/><U55/><E35/><V119/><F119/><W34/><G42/><N who="0" m="24599" /><D112/><U114/><E114/><V109/><F109/><W135/><G135/><T97/><D97/><U89/><E102/><V101/><F49/><N who="3" m="30863" /><G34/><T47/><D17/><N who="3" m="6729" /><G27/><T103/><D103/><U20/><E71/><V12/><F28/><W106/><G106/><T67/><D67/><U73/><E73/><V24/><F24/><W91/><G54/><AGARI ba="0,0" hai="5,6,7,47,50,54,56,59,84,86,87" m="24599" machi="54" ten="30,1000,0" yaku="8,1" doraHai="79" who="0" fromWho="3" sc="393,10,297,0,94,0,216,-10" owari="403,50.0,297,10.0,94,-41.0,206,-19.0" /></mjloggm>