<mjloggm ver="2.3"><GO type="97" lobby="0"/><UN n0="%E7%84%BC%E3%81%8D%E9%B3%A5%E5%88%9D%E5%BF%83%E8%80%85" n1="%41%54%4C%45" n2="%E5%B0%B1%E6%B4%BB%E7%94%9F%40%E5%B7%9D%E6%9D%91%E8%BB%8D%E5%9B%A3" n3="%74%6F%6D%6F%74%61%6E" dan="14,14,15,14" rate="1861.45,1965.49,2066.58,1943.40" sx="F,M,M,M"/><TAIKYOKU oya="0"/><INIT seed="0,0,0,3,2,83" ten="250,250,250,250" oya="0" hai0="47,7,66,123,8,98,55,37,5,125,0,110,46" hai1="70,12,99,77,112,21,75,109,108,1,14,72,120" hai2="65,101,57,116,89,6,48,121,135,131,87,9,67" hai3="58,59,24,39,124,30,128,91,63,84,114,118,53"/><T127/><D123/><U40/><E120/><V97/><F121/><W130/><G39/><T60/><D110/><N who="1" m="42603" /><E1/><V3/><F116/><W86/><G118/><T10/><D37/><U19/><E70/><V35/><F35/><W132/><G114/><T25/><D98/><U11/><E40/><V43/><F131/><N who="3" m="50219" /><G91/><T82/><D25/><U102/><E77/><V54/><F43/><W2/><G2/><N who="0" m="55" /><D82/><U28/><E28/><V64/><F135/><W78/><G78/><T92/><D55/><U52/><E52/><V41/><F41/><W129/><G132/><T106/><D92/><N who="1" m="58727" /><E112/><V103/><REACH who="2" step="1"/><F97/><REACH who="2" ten="250,250,240,250" step="2"/><W133/><G133/><T29/><D106/><U51/><E51/><V33/><F33/><N who="3" m="20679" /><G129/><T44/><D29/><U74/><E74/><V85/><F85/><N who="3" m="32875" /><G59/><T90/><D125/><AGARI ba="0,1" hai="53,58,63,124,125" m="32875,20679,50219" machi="125" ten="30,7700,0" yaku="19,1,52,3" doraHai="83" who="3" fromWho="0" sc="250,-77,250,0,240,0,250,87" /><INIT seed="1,0,0,1,1,10" ten="173,250,240,337" oya="1" hai0="62,57,66,49,56,98,120,32,85,29,68,42,102" hai1="4,106,94,76,16,55,30,103,71,36,51,109,53" hai2="105,17,100,122,69,101,11,112,129,107,125,27,83" hai3="3,113,93,89,7,47,60,97,74,38,77,119,128"/><U63/><E36/><V14/><F69/><W41/><G113/><T116/><D120/><U20/><E106/><V75/><F122/><W59/><G119/><T23/><D116/><U78/><E30/><V130/><F112/><W127/><G127/><T81/><D32/><U84/><E4/><V5/><F125/><W87/><G128/><N who="2" m="49257" /><F27/><W15/><G3/><T1/><D1/><U61/><E71/><V44/><F44/><W82/><G7/><T111/><D42/><U99/><E109/><V22/><F75/><W52/><REACH who="3" step="1"/><G15/><REACH who="3" ten="173,250,240,327" step="2"/><T34/><D111/><U79/><E84/><AGARI ba="0,1" hai="38,41,47,52,59,60,74,77,82,84,87,89,93,97" machi="84" ten="40,5200,0" yaku="1,1,2,1,54,1,53,0" doraHai="10" doraHaiUra="9" who="3" fromWho="1" sc="173,0,250,-52,240,0,327,62" /><INIT seed="2,0,0,0,3,74" ten="173,198,240,389" oya="2" hai0="91,34,22,18,119,6,86,117,134,47,120,45,77" hai1="43,44,39,84,70,31,49,40,99,125,28,54,106" hai2="76,27,124,17,5,130,7,52,92,61,90,26,56" hai3="110,79,55,2,127,21,88,58,32,83,128,123,15"/><V13/><F124/><W101/><G123/><T60/><D120/><U82/><E125/><V114/><F130/><W71/><G71/><T46/><D34/><U36/><E70/><V113/><F113/><W87/><G127/><T107/><D107/><U103/><E43/><V63/><F114/><W135/><G2/><T64/><D134/><U37/><REACH who="1" step="1"/><E40/><REACH who="1" ten="173,188,240,389" step="2"/><V50/><F7/><W62/><G135/><T24/><D6/><U122/><E122/><V116/><F116/><W67/><G128/><T35/><D35/><U129/><E129/><V121/><F121/><W14/><G32/><T66/><D77/><AGARI ba="0,1" hai="28,31,36,37,39,44,49,54,77,82,84,99,103,106" machi="77" ten="40,8000,1" yaku="1,1,52,1,53,2" doraHai="74" doraHaiUra="25" who="1" fromWho="0" sc="173,-80,188,90,240,0,389,0" /><INIT seed="3,0,0,2,5,66" ten="93,278,240,389" oya="3" hai0="2,49,113,20,25,4,64,107,102,100,67,94,95" hai1="14,1,19,82,75,81,85,0,58,50,31,112,97" hai2="120,16,124,36,80,45,18,114,99,70,46,54,22" hai3="15,5,119,121,39,115,30,123,93,86,17,132,21"/><W108/><G39/><T84/><D113/><U72/><E112/><V79/><F114/><W87/><G115/><T26/><D2/><U57/><E31/><V78/><F120/><W126/><G119/><T52/><D4/><U130/><E97/><V59/><F124/><W129/><G126/><T34/><D107/><U11/><E130/><V98/><F70/><W27/><G129/><T106/><D34/><U33/><E33/><V116/><F116/><W134/><G87/><T109/><D106/><U77/><E72/><V28/><F28/><W60/><G60/><T32/><D109/><U63/><E50/><V43/><F46/><W53/><G53/><T6/><D32/><U44/><E44/><V74/><F79/><W76/><G5/><T92/><D6/><U122/><E58/><V104/><F104/><W38/><G38/><T10/><D10/><U42/><E42/><V3/><F3/><W61/><G61/><T89/><D84/><U55/><E122/><V128/><F128/><W96/><G108/><T118/><D89/><AGARI ba="0,0" hai="0,1,11,14,19,55,57,63,75,77,81,82,85,89" machi="89" ten="30,1000,0" yaku="7,1" doraHai="66" who="1" fromWho="0" sc="93,-10,278,10,240,0,389,0" owari="83,-42.0,288,9.0,240,-16.0,389,49.0" /></mjloggm>