<mjloggm ver="2.3"><GO type="97" lobby="0"/><UN n0="%42%6C%69%6E%78" n1="%E5%B0%B1%E6%B4%BB%E7%94%9F%40%E5%B7%9D%E6%9D%91%E8%BB%8D%E5%9B%A3" n2="%4B%32%30%31%30" n3="%E3%82%AA%E3%83%81%E3%83%A3%E3%83%83%E3%82%AD%E3%83%BC" dan="14,15,14,13" rate="1935.38,2029.81,1969.76,1880.39" sx="M,M,M,M"/><TAIKYOKU oya="0"/><INIT seed="0,0,0,2,0,4" ten="250,250,250,250" oya="0" hai0="2,46,106,52,56,70,22,3,34,55,113,115,105" hai1="45,68,28,111,130,58,40,75,86,100,7,89,24" hai2="17,63,121,107,108,19,126,79,64,102,109,84,101" hai3="112,14,98,71,59,90,69,47,114,95,83,15,87"/><T57/><D70/><U97/><E75/><V21/><F121/><W61/><G71/><T13/><D46/><U74/><E74/><V133/><F126/><W53/><G69/><T54/><D22/><U65/><E68/><V49/><F133/><W72/><G114/><N who="0" m="43531" /><D13/><U125/><E111/><V88/><F79/><W132/><G132/><T10/><D10/><U135/><E130/><V62/><F49/><W103/><G112/><T8/><D8/><U32/><E7/><V94/><F64/><W26/><G26/><T41/><D41/><U5/><E5/><V93/><F107/><N who="0" m="40970" /><D34/><U38/><E125/><V44/><F44/><W91/><G72/><T39/><D39/><U48/><E135/><V67/><F67/><W66/><G103/><N who="2" m="39433" /><F94/><W78/><G78/><T96/><D96/><U128/><E128/><V9/><F109/><W20/><G20/><T99/><D99/><U122/><E122/><V11/><F108/><W27/><G27/><T123/><D123/><U0/><E0/><AGARI ba="0,0" hai="0,2,3,52,54,55,56,57" m="40970,43531" machi="0" ten="40,7700,0" yaku="28,2,54,1" doraHai="4" who="0" fromWho="1" sc="250,77,250,-77,250,0,250,0" /><INIT seed="0,1,0,2,0,43" ten="327,173,250,250" oya="0" hai0="120,67,129,124,73,77,3,9,22,32,41,38,94" hai1="123,135,47,95,134,84,132,128,66,13,8,69,6" hai2="79,76,30,115,85,106,60,113,27,4,112,5,15" hai3="96,126,75,50,0,71,28,52,97,78,130,74,56"/><T133/><D120/><U122/><E128/><V18/><F106/><W93/><G130/><T83/><D129/><U131/><E131/><V114/><N who="2" m="29184" /><DORA hai="107" /><V100/><F100/><W55/><G71/><T17/><D32/><U53/><E66/><V98/><F98/><W105/><G0/><T64/><D133/><U61/><E69/><V21/><F60/><W119/><G119/><T118/><D94/><U34/><E34/><V108/><F108/><W24/><G78/><T31/><D31/><U102/><E61/><V109/><F109/><W14/><G126/><T63/><D63/><U81/><E95/><V110/><F110/><W57/><G14/><N who="0" m="9527" /><D124/><U2/><E2/><V68/><F68/><W99/><G105/><T101/><D101/><U70/><E102/><V65/><F65/><W49/><REACH who="3" step="1"/><G93/><REACH who="3" ten="327,173,250,240" step="2"/><T121/><D118/><U125/><E125/><V91/><F79/><W87/><G87/><T12/><D121/><U20/><E70/><V45/><F76/><W29/><G29/><T23/><D3/><U33/><E33/><AGARI ba="1,1" hai="24,28,33,49,50,52,55,56,57,74,75,96,97,99" machi="33" ten="40,12000,2" yaku="1,1,9,1,52,2,54,1,53,2" doraHai="43,107" doraHaiUra="1,44" who="3" fromWho="1" sc="327,0,173,-123,250,0,240,133" /><INIT seed="1,0,0,3,3,72" ten="327,50,250,373" oya="1" hai0="109,4,127,54,12,114,46,41,62,87,110,116,11" hai1="79,45,134,96,67,34,69,27,2,83,133,68,100" hai2="18,15,63,30,75,82,20,24,56,36,126,124,135" hai3="9,80,58,103,40,125,5,106,86,71,8,64,97"/><U61/><E2/><V130/><F36/><W10/><G125/><T115/><D116/><U38/><E69/><V112/><F112/><W50/><G71/><T13/><D127/><U47/><E47/><V37/><F37/><W77/><G64/><T55/><D13/><U19/><E45/><V108/><F130/><W131/><G131/><T118/><D118/><U28/><E19/><V120/><F120/><W101/><G101/><T14/><D14/><U89/><E89/><V117/><F117/><W85/><G85/><T88/><D62/><U60/><E60/><V78/><F135/><W74/><G74/><T73/><D73/><U35/><E35/><V57/><F57/><W98/><G98/><T84/><D84/><U43/><E43/><V90/><F90/><W16/><G40/><T42/><D42/><U113/><E113/><V26/><F26/><W48/><G58/><T1/><D1/><U81/><E38/><V121/><F121/><W128/><G128/><T59/><D59/><U95/><REACH who="1" step="1"/><E83/><REACH who="1" ten="327,40,250,373" step="2"/><V53/><REACH who="2" step="1"/><F108/><REACH who="2" ten="327,40,240,373" step="2"/><N who="0" m="41578" /><D115/><U122/><E122/><V21/><AGARI ba="0,2" hai="15,18,20,21,24,30,53,56,63,75,78,82,124,126" machi="21" ten="30,7900,0" yaku="1,1,0,1,52,1,53,1" doraHai="72" doraHaiUra="25" who="2" fromWho="2" sc="327,-20,40,-39,240,99,373,-20" /><INIT seed="2,0,0,4,0,57" ten="307,1,339,353" oya="2" hai0="5,124,23,66,72,87,131,59,92,80,42,111,56" hai1="29,67,128,27,98,100,16,55,10,116,40,31,28" hai2="94,74,68,81,8,132,125,86,103,106,117,79,30" hai3="21,90,34,110,123,65,95,41,91,127,22,122,26"/><V43/><F68/><W114/><G34/><T1/><D72/><U120/><E116/><V51/><F117/><W96/><G41/><T78/><D111/><U101/><E120/><V25/><F125/><W88/><G110/><T60/><D124/><U63/><E128/><V84/><F132/><W102/><G127/><T14/><D131/><U46/><E55/><V37/><F37/><W53/><G114/><T17/><D42/><U36/><E10/><V32/><F8/><W113/><G113/><T4/><D1/><U109/><E109/><V3/><F3/><W7/><G7/><T118/><D118/><U83/><E83/><V134/><F134/><W70/><G70/><T115/><D115/><U35/><E100/><V2/><F2/><W9/><G9/><T108/><D108/><U19/><E28/><V50/><F43/><W97/><G65/><T15/><D15/><U129/><E31/><V54/><F51/><W48/><G97/><T105/><D105/><U13/><E13/><V119/><F106/><W61/><G61/><T58/><REACH who="0" step="1"/><D92/><REACH who="0" ten="297,1,339,353" step="2"/><U47/><E129/><V44/><F119/><W133/><G133/><T82/><D82/><U33/><E33/><V89/><REACH who="2" step="1"/><F103/><REACH who="2" ten="297,1,329,353" step="2"/><W126/><G126/><T18/><D18/><U104/><E46/><V99/><AGARI ba="0,2" hai="25,30,32,44,50,54,74,79,81,84,86,89,94,99" machi="99" ten="20,12000,1" yaku="1,1,2,1,0,1,7,1,53,1" doraHai="57" doraHaiUra="49" who="2" fromWho="2" sc="297,-40,1,-40,329,140,353,-40" owari="257,-14.0,-39,-54.0,469,57.0,313,11.0" /></mjloggm>